<mjloggm ver="2.3"><GO type="169"/><UN n0="%E8%B6%85%E4%BA%BA%EF%BC%AD" n1="%E3%81%93%E3%81%BE%E3%81%A3%E3%81%95%E3%82%93" n2="%EF%BC%88%E2%89%A7%E2%96%BD%E2%89%A6%EF%BC%89" n3="%E3%81%84%E3%81%A1%E3%81%8B%E3%82%8F%E2%99%AA" dan="17,16,18,17" rate="2122,2091,2261,2192" sx="M,M,M,M"/><TAIKYOKU oya="0"/><INIT seed="0,0,0,3,2,98" ten="250,250,250,250" oya="0" hai0="55,94,17,2,21,112,92,9,93,127,20,34,11" hai1="97,83,45,63,13,102,53,72,73,14,106,19,130" hai2="69,40,23,0,118,18,8,58,101,28,42,6,95" hai3="74,51,44,104,108,49,12,30,7,15,65,77,39"/><T64/><D34/><U80/><E130/><V67/><F69/><W56/><G108/><T135/><D112/><U134/><E13/><V123/><F123/><W128/><G104/><T36/><D36/><U89/><E134/><V124/><F124/><W110/><G128/><T66/><D135/><U114/><E114/><V43/><F118/><W16/><G110/><T68/><D127/><U88/><E83/><V26/><F18/><W60/><G30/><T54/><D68/><U37/><E37/><V103/><REACH who="2" step="1"/><F95/><REACH who="2" ten="250,250,240,250" step="2"/><W86/><G74/><T121/><D121/><U24/><E73/><V109/><F109/><W35/><G7/><T111/><D111/><U90/><E72/><V57/><F57/><W91/><G15/><T46/><D17/><U4/><E4/><V131/><F131/><W38/><G77/><T62/><D2/><U115/><E115/><V81/><F81/><W82/><G51/><T119/><D119/><U85/><E24/><V99/><F99/><W27/><G27/><T71/><D71/><U33/><E97/><V133/><F133/><W59/><G59/><T50/><D62/><AGARI ba="0,1" hai="0,6,8,23,26,28,40,42,43,58,62,67,101,103" machi="62" ten="40,5200,0" yaku="1,1,52,2,53,0" doraHai="98" doraHaiUra="70" who="2" fromWho="0" sc="250,-52,250,0,240,62,250,0" /><INIT seed="1,0,0,0,3,10" ten="198,250,302,250" oya="1" hai0="126,114,60,11,57,90,61,36,30,45,0,7,81" hai1="111,22,16,121,37,13,97,14,27,67,131,78,46" hai2="87,113,44,76,123,66,128,71,74,12,82,129,5" hai3="89,43,93,134,124,40,119,101,100,135,98,53,47"/><U86/><E121/><V48/><F113/><W56/><G119/><T122/><D114/><U83/><E131/><N who="2" m="50251" /><F123/><W120/><G120/><T35/><D122/><U33/><E33/><V127/><F127/><W34/><G34/><T19/><D126/><U17/><E17/><V58/><F71/><W62/><G124/><T2/><D2/><U8/><E8/><N who="2" m="4111" /><F66/><W108/><G108/><T117/><D117/><U31/><E31/><V88/><F58/><W94/><G40/><T1/><D1/><U77/><E67/><V80/><F48/><W23/><G23/><T116/><D116/><U104/><E111/><V21/><F44/><W63/><G63/><T54/><D19/><U59/><E59/><V115/><F115/><W106/><G94/><T55/><D30/><U130/><E130/><V91/><F21/><W118/><G118/><T72/><D35/><U75/><E46/><V109/><F109/><W49/><REACH who="3" step="1"/><G106/><REACH who="3" ten="198,250,302,240" step="2"/><T133/><D61/><U15/><E37/><V132/><F132/><AGARI ba="0,1" hai="43,47,49,53,56,62,89,93,98,100,101,132,134,135" machi="132" ten="40,5200,0" yaku="1,1,2,1,20,1,53,0" doraHai="10" doraHaiUra="107" who="3" fromWho="2" sc="198,0,250,0,302,-52,240,62" /><INIT seed="2,0,0,2,5,121" ten="198,250,250,302" oya="2" hai0="57,58,101,80,106,73,122,9,87,67,34,91,30" hai1="77,110,100,19,113,41,42,31,8,94,115,112,38" hai2="45,81,128,88,11,46,104,86,29,56,40,129,62" hai3="5,103,68,109,119,51,15,60,7,83,27,105,118"/><V43/><F104/><W49/><G83/><T47/><D122/><U17/><E31/><V71/><F71/><W54/><G103/><T6/><D73/><U65/><E77/><V2/><F29/><W44/><G105/><T125/><D125/><U32/><E32/><V116/><F116/><W130/><G27/><T23/><D34/><U21/><E65/><V82/><F82/><W95/><G130/><N who="2" m="50281" /><F11/><W98/><G60/><T33/><D67/><U24/><E38/><V108/><F2/><W134/><G68/><T22/><D33/><U123/><E123/><V50/><F108/><W18/><G109/><T124/><D124/><U79/><E79/><V28/><F28/><W97/><G134/><T35/><D35/><U85/><E110/><V52/><F45/><N who="3" m="27951" /><G118/><T63/><D47/><U133/><E133/><V93/><F81/><W114/><G95/><T20/><D30/><U53/><E115/><V0/><F0/><W14/><G119/><T89/><D89/><U117/><E117/><V69/><F69/><W25/><G114/><T39/><D39/><U131/><E131/><V76/><F76/><W1/><G1/><T90/><D90/><U16/><E113/><V13/><F13/><N who="3" m="4619" /><G25/><T74/><D74/><U107/><E112/><V78/><F78/><W10/><G10/><T72/><D72/><U127/><E8/><V84/><F84/><W55/><G18/><N who="1" m="7274" /><E85/><V126/><F126/><W66/><G5/><T99/><REACH who="0" step="1"/><D63/><REACH who="0" ten="188,250,250,302" step="2"/><U75/><E75/><V96/><F86/><W92/><G44/><T37/><D37/><U3/><E127/><V12/><F40/><RYUUKYOKU ba="0,1" sc="188,15,250,-15,250,15,302,-15" hai0="6,9,20,22,23,57,58,80,87,91,99,101,106" hai2="12,43,46,50,52,56,62,88,93,96" /><INIT seed="2,1,1,4,0,129" ten="203,235,265,287" oya="2" hai0="0,133,14,23,104,135,80,105,3,94,99,31,70" hai1="21,65,42,66,120,74,109,28,103,110,71,59,60" hai2="39,25,64,78,91,88,82,33,119,41,62,77,75" hai3="130,84,85,132,73,10,52,81,56,58,22,48,79"/><V19/><F119/><W114/><G132/><N who="0" m="50763" /><D70/><U34/><E34/><V46/><F77/><W30/><G114/><T9/><D80/><U45/><E74/><V32/><F19/><W106/><G106/><N who="0" m="41067" /><D23/><U47/><E103/><V15/><F15/><W127/><G127/><T121/><D31/><U125/><E21/><V40/><F40/><W13/><G58/><T55/><D55/><U90/><E28/><V96/><F25/><W51/><G51/><T108/><D108/><U12/><E12/><V43/><F43/><W101/><G130/><T124/><D121/><U116/><E120/><V27/><F27/><W118/><G101/><N who="0" m="60663" /><D124/><U98/><E125/><V69/><F32/><W93/><G22/><T122/><D122/><U5/><E71/><V111/><F33/><W6/><G30/><T102/><D102/><U50/><E110/><V76/><F111/><W26/><G26/><T37/><D37/><U83/><E109/><V126/><F126/><W112/><G112/><T63/><D63/><U18/><E60/><V100/><F78/><W16/><G118/><T54/><D54/><U72/><E116/><V53/><F53/><W29/><G29/><T61/><D61/><U89/><E83/><V38/><F39/><W8/><REACH who="3" step="1"/><G93/><AGARI ba="1,1" hai="38,41,46,62,64,69,75,76,82,88,91,93,96,100" machi="93" ten="30,2900,0" yaku="7,1,54,1" doraHai="129" who="2" fromWho="3" sc="203,0,235,0,265,42,287,-32" /><INIT seed="2,2,0,3,2,10" ten="203,235,307,255" oya="2" hai0="6,85,135,74,98,3,28,76,67,62,120,63,12" hai1="69,109,107,66,21,44,119,101,36,45,55,77,27" hai2="93,106,100,127,18,105,126,90,16,92,132,4,31" hai3="122,52,133,20,19,29,68,59,79,124,17,91,89"/><V84/><F31/><W72/><G68/><T42/><D120/><U26/><E119/><V25/><F132/><W129/><G122/><T40/><D3/><U23/><E109/><V47/><F47/><W83/><G133/><T7/><D74/><U60/><E45/><V64/><F64/><W33/><G124/><N who="2" m="47657" /><F4/><N who="0" m="1578" /><D28/><U96/><E77/><V49/><F49/><W35/><G17/><N who="2" m="6761" /><F25/><W115/><G115/><T13/><D98/><AGARI ba="2,0" hai="84,90,92,93,98,100,105,106" m="6761,47657" machi="98" ten="30,2900,0" yaku="18,1,54,1" doraHai="10" who="2" fromWho="0" sc="203,-35,235,0,307,35,255,0" /><INIT seed="2,3,0,0,1,9" ten="168,235,342,255" oya="2" hai0="129,12,77,89,46,115,74,40,42,80,5,51,4" hai1="92,87,24,112,102,6,36,15,1,63,97,56,93" hai2="59,96,32,113,28,91,55,125,19,98,34,21,117" hai3="124,50,119,26,75,106,126,110,10,81,18,111,22"/><V64/><F117/><W44/><G106/><T54/><D115/><U78/><E36/><V2/><F2/><W16/><G119/><T11/><D129/><U60/><E1/><V30/><F34/><W48/><G75/><T99/><REACH who="0" step="1"/><D5/><REACH who="0" ten="158,235,342,255" step="2"/><U88/><E112/><V68/><F113/><W85/><G110/><T7/><D7/><U65/><E78/><V135/><F135/><W20/><G111/><T101/><D101/><U132/><E132/><V49/><F125/><W86/><G10/><T104/><D104/><U17/><E6/><V71/><F71/><W73/><G126/><T41/><D41/><U122/><E122/><V29/><F68/><W14/><G124/><T79/><D79/><U13/><E63/><N who="2" m="38015" /><F91/><W130/><G130/><T118/><D118/><U120/><E120/><V38/><F38/><W127/><G127/><T84/><D84/><U90/><E90/><V69/><F69/><W133/><G133/><T131/><D131/><U83/><E93/><AGARI ba="3,1" hai="4,11,12,40,42,46,51,54,74,77,80,89,93,99" machi="93" ten="40,5200,0" yaku="1,1,52,1,53,1" doraHai="9" doraHaiUra="105" who="0" fromWho="1" sc="158,71,235,-61,342,0,255,0" /><INIT seed="3,0,0,4,3,1" ten="229,174,342,255" oya="3" hai0="113,61,85,104,59,64,13,14,96,66,91,10,99" hai1="63,134,133,120,121,58,80,98,88,79,37,56,52" hai2="100,46,29,110,111,49,126,23,35,122,84,106,76" hai3="55,25,30,68,74,7,82,54,118,5,108,101,129"/><W20/><G68/><T17/><D113/><U45/><E37/><V43/><F35/><W39/><G39/><T90/><D66/><U50/><E58/><V38/><F122/><W119/><G129/><T36/><D36/><U27/><E27/><N who="2" m="16639" /><F126/><W89/><G108/><N who="2" m="41513" /><F38/><W109/><G101/><T73/><D73/><U86/><E98/><N who="2" m="61719" /><F84/><N who="3" m="50327" /><G74/><T131/><D131/><U72/><E121/><V114/><F114/><W125/><G119/><T22/><D104/><U67/><REACH who="1" step="1"/><E120/><REACH who="1" ten="229,164,342,255" step="2"/><V33/><F33/><W57/><G109/><T65/><D65/><U70/><E70/><V4/><F76/><W81/><G118/><T28/><D91/><U75/><E75/><V97/><F97/><W41/><G125/><T26/><REACH who="0" step="1"/><D14/><REACH who="0" ten="219,164,342,255" step="2"/><U135/><E135/><V116/><F116/><W3/><G3/><T8/><D8/><U94/><AGARI ba="0,2" hai="45,50,52,56,63,67,72,79,80,86,88,94,133,134" machi="94" ten="30,8000,1" yaku="1,1,0,1,54,2,53,1" doraHai="1" doraHaiUra="60" who="1" fromWho="1" sc="219,-20,164,100,342,-20,255,-40" /><INIT seed="4,0,0,4,4,126" ten="199,264,322,215" oya="0" hai0="117,118,25,90,50,34,32,28,116,114,103,135,91" hai1="51,44,22,110,102,4,95,63,69,131,121,24,47" hai2="124,79,112,42,96,21,111,123,61,119,64,128,14" hai3="10,134,23,97,66,8,3,86,36,39,20,43,9"/><T33/><D103/><U70/><E110/><V120/><F79/><W13/><G134/><T82/><D135/><U35/><E35/><V88/><F42/><W1/><G66/><T130/><D114/><U40/><E121/><V60/><F111/><W54/><G97/><T58/><D130/><U53/><E4/><V68/><F128/><W87/><G43/><T92/><D82/><U31/><E131/><V105/><F124/><W107/><G13/><T52/><REACH who="0" step="1"/><D91/><REACH who="0" ten="189,264,322,215" step="2"/><U16/><E102/><V104/><F88/><W129/><G129/><T38/><D38/><U89/><E31/><V77/><F112/><W46/><G39/><T71/><D71/><U30/><E30/><V59/><F68/><W72/><G36/><T17/><D17/><U76/><E76/><V27/><F77/><W67/><G72/><T80/><D80/><U108/><E108/><V5/><F123/><W93/><G86/><AGARI ba="0,1" hai="25,28,32,33,34,50,52,58,86,90,92,116,117,118" machi="86" ten="40,3900,0" yaku="1,1,54,1,53,0" doraHai="126" doraHaiUra="0" who="0" fromWho="3" sc="189,49,264,0,322,0,215,-39" /><INIT seed="4,1,0,4,4,116" ten="238,264,322,176" oya="0" hai0="46,35,48,127,103,24,30,126,135,40,42,105,25" hai1="89,87,55,128,132,6,1,97,33,76,92,64,134" hai2="43,2,131,100,5,104,110,16,129,20,19,26,125" hai3="54,62,12,34,21,102,39,71,8,112,117,123,114"/><T75/><D75/><U52/><E33/><V72/><F72/><W28/><G102/><T7/><D135/><N who="1" m="51755" /><E128/><N who="2" m="49227" /><F43/><W10/><G39/><T108/><D108/><U96/><E64/><V70/><F70/><W9/><G117/><T119/><D119/><U82/><E6/><V109/><F125/><N who="0" m="47626" /><D7/><U56/><E1/><V95/><F104/><W106/><G106/><T86/><D25/><U41/><E41/><V69/><F69/><W94/><G94/><T81/><D42/><U53/><E56/><V85/><F85/><AGARI ba="1,0" hai="52,53,55,76,82,85,87,89,92,96,97" m="51755" machi="85" ten="30,2000,0" yaku="20,1,54,1" doraHai="116" who="1" fromWho="2" sc="238,0,264,23,322,-23,176,0" /><INIT seed="5,0,0,0,5,3" ten="238,287,299,176" oya="1" hai0="4,91,39,105,126,26,108,55,27,97,49,69,80" hai1="130,48,74,113,29,102,63,60,135,16,72,94,121" hai2="51,62,68,89,100,83,92,59,2,61,67,117,103" hai3="22,30,95,46,13,75,122,8,109,37,47,0,33"/><U21/><E121/><V35/><F35/><W70/><G75/><T25/><D39/><U40/><E29/><V42/><F2/><W86/><G70/><T128/><D69/><U12/><E74/><V90/><F117/><W99/><G122/><T78/><D108/><U64/><E72/><V107/><F107/><W127/><G0/><T23/><D128/><U57/><E63/><V52/><F83/><W82/><G33/><T73/><D126/><U38/><E38/><V77/><F77/><W17/><G37/><T110/><D110/><U7/><E130/><V45/><REACH who="2" step="1"/><F90/><REACH who="2" ten="238,287,289,176" step="2"/><W54/><G127/><T123/><D123/><U125/><E125/><V93/><F93/><W124/><G124/><T84/><D105/><U104/><E104/><V15/><F15/><W34/><G34/><T31/><D73/><U41/><E135/><V101/><F101/><W56/><G109/><T87/><D97/><AGARI ba="0,1" hai="42,45,51,52,59,61,62,67,68,89,92,97,100,103" machi="97" ten="30,3900,0" yaku="1,1,7,1,54,1,53,0" doraHai="3" doraHaiUra="71" who="2" fromWho="0" sc="238,-39,287,0,289,49,176,0" /><INIT seed="6,0,0,4,2,125" ten="199,287,338,176" oya="2" hai0="51,95,122,55,16,62,49,131,66,73,41,48,9" hai1="10,116,37,84,117,39,59,102,98,89,110,114,99" hai2="28,27,71,11,6,93,68,130,42,14,60,33,72" hai3="3,8,38,133,112,105,58,109,86,7,0,111,54"/><V43/><F72/><W2/><G105/><T22/><D73/><U101/><E10/><V57/><F71/><W127/><G38/><T40/><D9/><U46/><E59/><V132/><F68/><W79/><G127/><T82/><D122/><U90/><E46/><V123/><F132/><W77/><G133/><T53/><D82/><U107/><E39/><V92/><F123/><W63/><G112/><T20/><D20/><U128/><E37/><V21/><F33/><W124/><G124/><T12/><D131/><U18/><E18/><V103/><F130/><W80/><REACH who="3" step="1"/><G79/><REACH who="3" ten="199,287,338,166" step="2"/><T45/><D95/><U134/><E134/><V26/><F92/><W25/><G25/><T61/><D45/><U29/><E114/><V100/><F27/><W13/><AGARI ba="0,1" hai="0,2,3,7,8,13,54,58,63,77,80,86,109,111" machi="13" ten="30,2000,0" yaku="1,1,0,1,53,0" doraHai="125" doraHaiUra="70" who="3" fromWho="3" sc="199,-5,287,-5,338,-10,166,30" /><INIT seed="7,0,0,1,3,12" ten="194,282,328,196" oya="3" hai0="67,44,88,49,94,124,5,14,109,71,82,70,107" hai1="112,127,91,52,125,69,54,6,57,108,32,65,30" hai2="114,51,95,80,16,135,68,104,37,58,21,66,63" hai3="3,128,113,96,20,41,78,120,48,27,83,123,86"/><W0/><G128/><T62/><D107/><U2/><E6/><V134/><F104/><W122/><G113/><T89/><D109/><U35/><E2/><V92/><F37/><W36/><G96/><T33/><D33/><U90/><E30/><V24/><F80/><W42/><G36/><T116/><D116/><U25/><E25/><V7/><F7/><W130/><G130/><T9/><D124/><U106/><E106/><V10/><F10/><W31/><REACH who="3" step="1"/><G42/><REACH who="3" ten="194,282,328,186" step="2"/><T8/><D82/><U102/><E112/><V26/><F114/><W111/><G111/><T47/><D71/><U77/><E69/><V64/><F68/><W129/><G129/><T19/><D94/><U84/><E108/><V4/><F92/><W39/><G39/><T59/><D70/><U1/><E127/><V103/><F95/><W117/><G117/><T55/><REACH who="0" step="1"/><D47/><AGARI ba="0,1" hai="0,3,20,27,31,41,47,48,78,83,86,120,122,123" machi="47" ten="40,3900,0" yaku="1,1,53,1" doraHai="12" doraHaiUra="73" who="3" fromWho="0" sc="194,-39,282,0,328,0,186,49" /><INIT seed="7,1,0,0,2,66" ten="155,282,328,235" oya="3" hai0="54,14,100,71,23,22,78,128,19,104,89,109,18" hai1="103,59,77,67,118,11,29,20,87,43,130,85,114" hai2="10,81,63,74,126,84,129,112,9,124,37,95,42" hai3="3,135,39,106,28,21,122,60,73,17,132,2,107"/><W32/><G39/><T98/><D109/><U90/><E118/><V55/><F74/><W7/><G73/><T13/><D128/><U116/><E116/><V30/><F30/><W117/><G117/><T44/><D78/><U121/><E121/><V56/><F95/><W133/><G122/><T91/><REACH who="0" step="1"/><D71/><REACH who="0" ten="145,282,328,235" step="2"/><U61/><E130/><V36/><F129/><W47/><G7/><T25/><D25/><U64/><E77/><V45/><F126/><W115/><G115/><T99/><D99/><U123/><E114/><V31/><F124/><W76/><G76/><T96/><D96/><U41/><E123/><V111/><F111/><W131/><G131/><T12/><D12/><U92/><E87/><V6/><F84/><W101/><G2/><T110/><D110/><U97/><E85/><V1/><F1/><W27/><G3/><T5/><D5/><U68/><E97/><V125/><F6/><W57/><G101/><T8/><D8/><U26/><E103/><V82/><F9/><W108/><G108/><T75/><D75/><U93/><E11/><V83/><F10/><W35/><G35/><T72/><D72/><U102/><E102/><V105/><F125/><W33/><G33/><T86/><D86/><U70/><E70/><V79/><F79/><W15/><REACH who="3" step="1"/><G47/><REACH who="3" ten="145,282,328,225" step="2"/><T127/><D127/><U24/><E90/><V80/><F112/><W50/><G50/><AGARI ba="1,2" hai="13,14,18,19,22,23,44,50,54,89,91,98,100,104" machi="50" ten="40,5200,0" yaku="1,1,9,1,53,1" doraHai="66" doraHaiUra="49" who="0" fromWho="3" sc="145,75,282,0,328,0,225,-55" owari="220,-18.0,282,8.0,328,43.0,170,-33.0" /></mjloggm>