<mjloggm ver="2.3"><GO type="169"/><UN n0="%E3%80%93%E3%81%84%E3%81%A1%E3%81%AF%E3%82%89%E3%80%93" n1="%EF%BC%88%E2%89%A7%E2%96%BD%E2%89%A6%EF%BC%89" n2="%6B%69%63%6B%63%68%69" n3="%E3%81%97%E3%82%85%E3%81%86%E3%81%A1%E3%82%83%E3%82%93%E2%99%AA" dan="18,16,17,16" rate="2152,2079,2146,2060" sx="M,M,M,M"/><TAIKYOKU oya="0"/><INIT seed="0,0,0,2,5,54" ten="250,250,250,250" oya="0" hai0="29,90,105,70,103,51,89,94,93,77,43,57,61" hai1="107,115,135,15,68,52,13,48,73,92,67,132,24" hai2="37,117,59,120,64,83,102,81,30,3,46,41,126" hai3="129,84,12,7,128,44,76,42,39,80,66,17,122"/><T71/><D105/><U63/><E107/><V130/><F120/><W22/><G122/><T131/><D131/><U47/><E73/><V75/><F3/><W49/><G39/><T134/><D134/><N who="1" m="51243" /><E115/><V104/><F130/><W133/><G133/><T28/><D103/><U53/><E24/><V91/><F126/><W124/><G124/><T23/><D77/><U65/><E65/><V32/><F75/><W21/><G66/><T10/><D10/><U20/><E20/><V111/><F111/><W123/><G123/><T118/><D118/><U85/><E53/><V74/><F74/><W88/><G7/><T2/><D2/><U119/><E119/><V87/><F83/><W114/><G114/><T109/><D109/><U95/><E85/><V96/><F117/><W6/><G6/><T101/><D101/><U113/><E113/><V50/><F30/><W121/><G121/><T36/><D23/><U110/><E110/><V127/><F127/><W26/><REACH who="3" step="1"/><G76/><REACH who="3" ten="250,250,250,240" step="2"/><T38/><D38/><U9/><E15/><V11/><F37/><W0/><G0/><T27/><D36/><U5/><AGARI ba="0,1" hai="5,9,13,47,48,52,63,67,68,92,95" m="51243" machi="5" ten="30,2000,0" yaku="20,1,54,1" doraHai="54" who="1" fromWho="1" sc="250,-10,250,30,250,-5,240,-5" /><INIT seed="1,0,0,1,2,115" ten="240,280,245,235" oya="1" hai0="131,20,101,18,104,7,43,56,98,52,39,76,17" hai1="65,23,35,64,57,59,90,14,6,124,79,75,54" hai2="96,62,84,45,85,33,91,34,47,123,103,61,44" hai3="66,110,116,4,106,105,73,30,27,129,12,21,25"/><U127/><E35/><V87/><F123/><W13/><G73/><T82/><D131/><U74/><E90/><V16/><F91/><W48/><G129/><T99/><D7/><U133/><E133/><V71/><F71/><W134/><G134/><T100/><D43/><U113/><E113/><V40/><F40/><W80/><G80/><T119/><D39/><U125/><E79/><V42/><F42/><W83/><G83/><T41/><D41/><U78/><E78/><V114/><F114/><W108/><G48/><T28/><D119/><U97/><E97/><V132/><F132/><W49/><G49/><T72/><D28/><U0/><E0/><V63/><F16/><W120/><G120/><T130/><D20/><U94/><E94/><AGARI ba="0,0" hai="33,34,44,45,47,61,62,63,84,85,87,94,96,103" machi="94" ten="50,3200,0" yaku="29,2" doraHai="115" who="2" fromWho="1" sc="240,0,280,-32,245,32,235,0" /><INIT seed="2,0,0,0,2,86" ten="240,248,277,235" oya="2" hai0="25,129,132,6,59,5,70,8,122,52,64,112,108" hai1="76,110,31,21,82,2,116,54,93,37,29,88,48" hai2="124,47,1,3,58,79,53,135,134,114,94,4,57" hai3="34,63,27,67,33,109,42,71,72,7,125,45,121"/><V36/><F114/><W89/><G121/><T22/><D108/><U81/><E37/><V83/><F124/><W38/><G109/><T87/><D112/><U73/><E2/><V23/><F23/><W20/><G125/><T101/><D122/><U85/><E110/><V17/><F17/><W80/><G7/><T9/><D132/><N who="2" m="50730" /><F4/><W78/><REACH who="3" step="1"/><G89/><REACH who="3" ten="240,248,277,225" step="2"/><T90/><D6/><U39/><E116/><V56/><F3/><W28/><AGARI ba="0,1" hai="20,27,28,33,34,38,42,45,63,67,71,72,78,80" machi="28" ten="20,5200,0" yaku="1,1,2,1,0,1,7,1,53,0" doraHai="86" doraHaiUra="118" who="3" fromWho="3" sc="240,-13,248,-13,277,-26,225,62" /><INIT seed="3,0,0,4,0,25" ten="227,235,251,287" oya="3" hai0="58,89,82,14,11,38,55,116,65,22,114,112,21" hai1="62,60,119,23,63,102,6,51,61,53,108,54,84" hai2="37,48,18,104,12,117,130,31,57,87,98,72,73" hai3="106,35,5,26,125,132,85,39,30,19,66,126,128"/><W105/><G19/><T69/><D38/><U83/><E119/><V124/><F37/><W121/><G121/><T52/><D116/><U103/><E108/><V93/><F117/><W7/><G39/><T100/><D69/><U1/><N who="1" m="15360" /><DORA hai="8" /><U49/><E1/><V135/><F124/><N who="3" m="47723" /><G66/><T118/><D100/><N who="1" m="38443" /><E6/><N who="3" m="2058" /><G132/><T122/><D65/><U113/><E23/><V0/><F18/><W45/><G128/><T43/><D43/><U33/><E113/><V97/><F130/><W120/><G120/><T95/><D122/><U15/><E33/><V107/><F0/><W42/><G42/><T3/><D3/><U17/><E54/><V110/><F135/><W27/><G45/><T134/><D134/><U59/><E17/><V77/><F107/><N who="3" m="40971" /><G26/><T123/><D118/><U68/><E68/><V127/><F104/><W80/><G85/><T74/><D123/><U16/><E51/><V109/><F48/><W71/><G71/><T131/><D131/><U90/><E16/><V24/><F24/><W96/><G80/><T88/><D82/><U50/><E49/><V91/><F87/><W29/><G30/><T94/><D114/><U20/><E20/><V47/><F31/><W44/><G44/><T4/><D112/><U86/><E84/><V9/><F47/><W78/><G78/><T56/><D4/><U41/><E41/><V40/><F77/><W64/><G64/><T111/><D22/><U10/><E10/><V99/><F9/><W2/><G2/><T115/><D21/><U79/><E79/><V92/><F40/><W70/><G70/><T13/><D115/><RYUUKYOKU ba="0,0" sc="227,-15,235,15,251,-15,287,15" hai1="15,50,53,59,83,86,90" hai3="27,29,35,96" /><INIT seed="3,1,0,0,0,54" ten="212,250,236,302" oya="3" hai0="8,60,124,121,110,130,31,76,24,95,57,5,96" hai1="84,83,39,50,103,10,49,67,106,41,91,109,33" hai2="16,68,30,66,29,37,119,14,127,72,122,102,0" hai3="99,46,77,6,3,97,13,69,88,79,132,101,129"/><W56/><G3/><T92/><D110/><U40/><E33/><V44/><F0/><W62/><G132/><T2/><D121/><U74/><E74/><V15/><F72/><W80/><G129/><T135/><D135/><U94/><E109/><V107/><F122/><W100/><G69/><T114/><D130/><U59/><E106/><V113/><F113/><W116/><G46/><T27/><D114/><U64/><E39/><V65/><F119/><W12/><G116/><T111/><D111/><U93/><E10/><V21/><F127/><W48/><G48/><N who="1" m="18538" /><E67/><V128/><F128/><W17/><G6/><T118/><D124/><U125/><E125/><V43/><F66/><N who="3" m="39239" /><G12/><T117/><D76/><N who="3" m="29257" /><G80/><T71/><D71/><U9/><E9/><V47/><F47/><W75/><G75/><T53/><D95/><N who="1" m="36363" /><E103/><N who="3" m="39498" /><G88/><T123/><D123/><U51/><N who="1" m="18546" /><U20/><DORA hai="86" /><E20/><AGARI ba="1,0" hai="13,17,20,97,99" m="39498,29257,39239" machi="20" ten="30,2900,0" yaku="8,1,52,1" doraHai="54,86" who="3" fromWho="1" sc="212,0,250,-32,236,0,302,32" /><INIT seed="3,2,0,5,3,135" ten="212,218,236,334" oya="3" hai0="130,51,116,100,3,123,109,5,40,105,132,131,64" hai1="44,52,31,133,57,56,90,7,113,95,4,86,55" hai2="19,120,58,14,0,15,34,70,9,81,60,10,102" hai3="122,129,32,99,77,17,134,67,127,106,92,27,30"/><W85/><G122/><T108/><D105/><U73/><E73/><V115/><F70/><W43/><G134/><T48/><D100/><U22/><E44/><V82/><F0/><W96/><G43/><T118/><D5/><U16/><E31/><V110/><F115/><W89/><G129/><N who="0" m="49163" /><D3/><U12/><E113/><V1/><F1/><W79/><G99/><T42/><D132/><U8/><E133/><V28/><F110/><N who="0" m="42602" /><D64/><U2/><E2/><V53/><F120/><W33/><G33/><T74/><D74/><U111/><E111/><V117/><F117/><N who="0" m="45162" /><D123/><U47/><E47/><V45/><F102/><W49/><G67/><T93/><D93/><U104/><E104/><V11/><F45/><W114/><G106/><T29/><D29/><U72/><E72/><V98/><F28/><W97/><G30/><T54/><D54/><U68/><E68/><V37/><F34/><W23/><G32/><T50/><AGARI ba="2,0" hai="40,42,48,50,51" m="45162,42602,49163" machi="50" ten="40,12000,2" yaku="28,2,19,1,14,1,34,2" doraHai="135" who="0" fromWho="0" sc="212,126,218,-32,236,-32,334,-62" /><INIT seed="4,0,0,2,1,29" ten="338,186,204,272" oya="0" hai0="43,21,31,122,58,131,52,106,54,69,8,76,55" hai1="13,53,99,104,32,72,81,26,36,89,65,9,88" hai2="28,57,107,74,14,11,51,109,134,6,120,33,1" hai3="64,119,127,16,18,39,93,46,94,38,108,17,125"/><T7/><D69/><U101/><E36/><V135/><F107/><W82/><G119/><T67/><D122/><U4/><E65/><V84/><F74/><W25/><G108/><T87/><D106/><U20/><E32/><V80/><F120/><W117/><G117/><T42/><D131/><U90/><E53/><V3/><F109/><W116/><G116/><T114/><D114/><U61/><E61/><V71/><F71/><W83/><G64/><T112/><D112/><U37/><E37/><N who="3" m="13834" /><G25/><T15/><D67/><U130/><E130/><V111/><F111/><W95/><G46/><T24/><D58/><U75/><REACH who="1" step="1"/><E81/><AGARI ba="0,0" hai="16,17,18,81,82,83,93,94,95,125,127" m="13834" machi="81" ten="40,5200,0" yaku="28,2,54,1" doraHai="29" who="3" fromWho="1" sc="338,0,186,-52,204,0,272,52" /><AGARI ba="0,0" hai="7,8,15,21,24,31,42,43,52,54,55,76,81,87" machi="81" ten="40,3900,0" yaku="8,1,54,1" doraHai="29" who="0" fromWho="1" sc="338,39,134,-39,204,0,324,0" /><INIT seed="4,1,0,1,4,61" ten="377,95,204,324" oya="0" hai0="57,62,23,33,2,65,6,9,19,113,29,125,44" hai1="20,34,54,8,28,80,48,51,56,53,96,67,52" hai2="124,130,120,10,70,84,85,0,75,12,39,73,76" hai3="49,112,121,38,109,17,87,1,92,115,107,50,103"/><T108/><D113/><U43/><E34/><V32/><F32/><W128/><G38/><T79/><D108/><U66/><E43/><V16/><F39/><W110/><G1/><T91/><D125/><U135/><E135/><V46/><F120/><W7/><G7/><T102/><D79/><U106/><E80/><V24/><F124/><W72/><G72/><T116/><D116/><U89/><E8/><V18/><F0/><W11/><G121/><T88/><D102/><U82/><E106/><V45/><F70/><W119/><G119/><T69/><D69/><U129/><E129/><V71/><F71/><W104/><G11/><T27/><D44/><N who="1" m="27879" /><E54/><V3/><F3/><W13/><G92/><T101/><D101/><U58/><E58/><V83/><F130/><W133/><G128/><T105/><D105/><U131/><E131/><V36/><F36/><W111/><G103/><T35/><D35/><U98/><E82/><N who="2" m="47175" /><F75/><W97/><G133/><T21/><D21/><U117/><E117/><V126/><F73/><W42/><G107/><T78/><D78/><U118/><E118/><V14/><F24/><AGARI ba="1,0" hai="2,6,9,19,23,24,27,29,33,57,62,65,88,91" machi="24" ten="30,5800,0" yaku="7,1,52,1,54,1" doraHai="61" who="0" fromWho="2" sc="377,61,95,0,204,-61,324,0" /><INIT seed="4,2,0,2,0,133" ten="438,95,143,324" oya="0" hai0="22,60,10,83,32,126,121,0,18,42,125,17,89" hai1="130,101,15,33,120,124,43,47,135,105,87,81,52" hai2="79,86,7,63,118,99,111,122,9,41,16,116,72" hai3="48,119,74,8,92,69,39,46,91,71,34,73,132"/><T28/><D121/><U106/><E120/><V82/><F111/><W68/><G39/><T78/><D89/><U104/><E33/><V57/><F122/><W19/><G132/><T112/><D42/><U88/><E135/><V113/><F113/><W114/><G119/><N who="2" m="45609" /><F41/><W115/><G34/><T129/><D112/><N who="3" m="43049" /><G19/><T80/><D129/><U40/><E130/><V75/><F99/><N who="3" m="57759" /><G8/><T29/><D60/><U30/><E30/><V66/><F16/><W65/><G65/><T53/><D53/><AGARI ba="2,0" hai="46,48,53,68,69,71,73,74" m="57759,43049" machi="53" ten="40,1300,0" yaku="15,1" doraHai="133" who="3" fromWho="0" sc="438,-19,95,0,143,0,324,19" /><INIT seed="5,0,0,4,0,115" ten="419,95,143,343" oya="1" hai0="37,41,120,47,60,105,64,81,43,77,107,61,129" hai1="1,130,7,70,35,87,113,44,75,52,69,68,67" hai2="97,73,55,74,5,127,9,123,112,59,13,101,29" hai3="80,124,3,11,58,126,121,38,125,50,76,45,131"/><U119/><E75/><V4/><F123/><W65/><G121/><T98/><D120/><U31/><E113/><V116/><F116/><W128/><G3/><T28/><D129/><N who="3" m="49737" /><G11/><T36/><D28/><U12/><E130/><V94/><F112/><W34/><G34/><T84/><D61/><U8/><E119/><V24/><F127/><W109/><G109/><T53/><D53/><U0/><E67/><V20/><F5/><W2/><G2/><T22/><D22/><U135/><E135/><V89/><F101/><W39/><G80/><T114/><D114/><U92/><E35/><V118/><F118/><W108/><G76/><T82/><D98/><U132/><E132/><V14/><F14/><W111/><G108/><T96/><D96/><U48/><REACH who="1" step="1"/><E31/><REACH who="1" ten="419,85,143,343" step="2"/><V88/><F73/><W66/><G111/><T95/><D64/><N who="3" m="24681" /><G58/><T103/><D47/><U86/><E86/><V106/><F74/><W85/><G85/><T62/><D84/><U25/><E25/><V78/><F24/><W56/><G56/><T91/><D77/><U102/><E102/><V93/><F78/><W117/><G117/><T100/><D91/><AGARI ba="0,1" hai="0,1,7,8,12,44,48,52,68,69,70,87,91,92" machi="91" ten="40,7700,0" yaku="1,1,54,1,53,1" doraHai="115" doraHaiUra="10" who="1" fromWho="0" sc="419,-77,85,87,143,0,343,0" /><INIT seed="5,1,0,5,3,72" ten="342,172,143,343" oya="1" hai0="24,19,49,5,89,41,80,135,13,26,104,9,82" hai1="36,117,69,48,81,121,18,94,10,129,126,32,61" hai2="93,84,76,15,112,1,113,45,60,98,128,6,57" hai3="111,22,78,25,12,66,83,115,133,58,17,109,44"/><U31/><E121/><V67/><F1/><W59/><G133/><T101/><D135/><U130/><E117/><V3/><F3/><W56/><G115/><N who="2" m="44105" /><F128/><N who="1" m="49257" /><E126/><V46/><F6/><W16/><G44/><N who="0" m="25743" /><D104/><U68/><E36/><V40/><F15/><W131/><G131/><T27/><D101/><U23/><E10/><V53/><F67/><W50/><G50/><T108/><D108/><U120/><E120/><V97/><F45/><W85/><REACH who="3" step="1"/><G66/><REACH who="3" ten="342,172,143,333" step="2"/><T73/><D73/><U64/><E48/><V77/><F84/><W0/><G0/><T106/><D106/><U29/><E64/><V39/><F98/><W75/><G75/><T99/><D5/><U62/><E62/><V52/><F53/><W86/><G86/><T96/><D99/><U114/><E61/><V11/><F11/><AGARI ba="1,1" hai="11,12,16,17,22,25,56,58,59,78,83,85,109,111" machi="11" ten="40,5200,0" yaku="1,1,52,1,54,1,53,0" doraHai="72" doraHaiUra="119" who="3" fromWho="2" sc="342,0,172,0,143,-55,333,65" /><INIT seed="6,0,0,2,4,116" ten="342,172,88,398" oya="2" hai0="66,42,95,41,131,13,130,0,54,43,111,126,20" hai1="49,36,76,87,120,19,37,29,83,119,129,110,135" hai2="71,59,22,79,121,85,118,34,134,97,50,28,94" hai3="33,25,68,24,67,60,128,107,32,27,105,115,38"/><V92/><F71/><W124/><G38/><T56/><D0/><U127/><E119/><V21/><F118/><W104/><G128/><N who="0" m="49195" /><D20/><U99/><E129/><V106/><F106/><W72/><G72/><T74/><D13/><U48/><E36/><V40/><F34/><W9/><G124/><T103/><D74/><U69/><E37/><V91/><F121/><W53/><G115/><T3/><D3/><U125/><E120/><V80/><F134/><W35/><G9/><T26/><D26/><U122/><E122/><V86/><F28/><W46/><G46/><T109/><D95/><U101/><E135/><V17/><F17/><W7/><G53/><T117/><D103/><U82/><E69/><V51/><F51/><W114/><G114/><T39/><D117/><U8/><E29/><V112/><F112/><W88/><G88/><T113/><D113/><U10/><E19/><V30/><F30/><W11/><G11/><T58/><D126/><N who="1" m="48139" /><E10/><V132/><F132/><W44/><G44/><T73/><D73/><N who="1" m="43279" /><E8/><V89/><REACH who="2" step="1"/><F59/><REACH who="2" ten="342,172,78,398" step="2"/><W63/><G68/><T90/><D39/><U14/><E48/><V96/><F96/><W123/><G107/><T55/><D58/><U4/><E49/><V133/><F133/><W70/><G70/><T108/><D56/><U61/><E99/><V64/><F64/><W62/><G67/><T12/><D66/><U81/><E14/><V5/><F5/><W47/><G7/><T16/><D12/><U18/><E4/><V78/><F78/><W77/><G77/><T65/><D16/><U2/><E18/><V57/><F57/><RYUUKYOKU ba="0,1" sc="342,-10,172,-10,78,30,398,-10" hai2="21,22,40,50,79,80,85,86,89,91,92,94,97" /><INIT seed="6,1,1,2,0,107" ten="332,162,108,388" oya="2" hai0="103,71,96,19,94,61,9,59,47,24,132,34,44" hai1="131,30,100,0,121,115,125,89,64,128,65,120,111" hai2="56,91,85,43,93,70,15,67,21,81,101,69,57" hai3="92,7,52,23,122,75,110,8,49,99,102,78,62"/><V55/><F43/><W20/><G110/><T106/><D132/><U14/><E0/><V38/><F38/><W54/><G122/><N who="1" m="47210" /><E111/><V83/><F101/><W2/><G54/><T36/><D36/><U133/><E133/><V127/><F127/><W104/><G62/><T1/><D71/><U126/><E30/><V117/><F117/><W48/><G92/><T3/><D3/><U112/><E100/><V130/><F130/><N who="1" m="49705" /><E89/><V58/><F67/><N who="1" m="25673" /><E14/><V32/><F32/><W63/><G102/><T33/><D1/><U31/><E31/><V46/><F70/><W90/><G90/><T87/><D34/><U12/><E12/><V35/><F69/><W39/><G2/><T135/><D135/><U60/><E60/><V26/><F15/><W124/><G63/><T77/><D61/><U4/><E4/><V73/><F35/><W50/><G7/><T6/><D6/><U118/><E118/><V40/><F73/><W114/><G75/><T11/><D103/><U80/><E80/><V5/><F5/><W119/><G119/><T10/><D10/><U68/><E68/><V97/><F97/><W53/><G8/><T98/><D11/><U42/><E42/><V116/><F116/><W45/><G99/><T72/><D9/><U109/><E109/><V16/><REACH who="2" step="1"/><F40/><REACH who="2" ten="332,162,98,388" step="2"/><W28/><G124/><AGARI ba="1,2" hai="112,115,124,125,126" m="25673,49705,47210" machi="124" ten="40,12000,2" yaku="28,2,18,1,13,1,19,1,34,2" doraHai="107" who="1" fromWho="3" sc="332,0,162,143,98,0,388,-123" /><INIT seed="7,0,0,2,5,124" ten="332,305,98,265" oya="3" hai0="71,2,117,42,134,8,15,33,24,86,128,3,105" hai1="46,82,125,17,50,93,44,78,103,112,74,115,100" hai2="20,89,19,23,7,68,129,16,67,54,114,36,98" hai3="77,10,79,9,12,120,43,97,27,28,51,72,5"/><W116/><G116/><T45/><D105/><U13/><E125/><V108/><F36/><W132/><G120/><T83/><D71/><U109/><E109/><V40/><F108/><W52/><G43/><T99/><D117/><U64/><E64/><V14/><F114/><N who="1" m="43561" /><E93/><V56/><F40/><W61/><G61/><T48/><D134/><U35/><E35/><V81/><F7/><W91/><G132/><T41/><D41/><N who="1" m="24911" /><E44/><V84/><F68/><W107/><G72/><T106/><D128/><U31/><E31/><V38/><F38/><W37/><G37/><T32/><D32/><U11/><AGARI ba="0,0" hai="11,13,17,74,78,82,100,103" m="24911,43561" machi="11" ten="30,1100,0" yaku="15,1" doraHai="124" who="1" fromWho="1" sc="332,-3,305,11,98,-3,265,-5" owari="329,42.0,316,12.0,95,-40.0,260,-14.0" /></mjloggm>