<mjloggm ver="2.3"><GO type="225"/><UN n0="%E3%81%A9%E3%81%86%E3%81%9F%E3%81%AC%E3%81%8D%EF%BC%8D%EF%BC%91" n1="%EF%BC%88%E2%89%A7%E2%96%BD%E2%89%A6%EF%BC%89" n2="%E5%A4%A9%E7%A9%BA%E3%81%AE%E7%99%BD%E3%82%82%E3%82%93%E3%81%9F" n3="%E3%82%80%E3%83%BC%E3%82%80" dan="18,16,16,16" rate="2214,2079,2123,2042" sx="M,M,F,M"/><TAIKYOKU oya="0"/><INIT seed="0,0,0,4,0,108" ten="250,250,250,250" oya="0" hai0="111,109,16,62,102,20,73,92,128,38,112,101,4" hai1="80,53,121,71,56,107,25,83,49,61,11,21,123" hai2="39,133,45,59,40,75,36,97,34,98,90,2,96" hai3="126,22,95,85,15,47,93,26,9,134,43,41,105"/><T33/><D73/><U104/><E11/><V42/><F34/><W5/><G105/><T86/><D33/><U115/><E115/><V116/><F75/><W122/><G122/><T78/><D38/><U81/><E121/><V106/><F2/><W18/><G134/><T91/><D78/><U48/><E123/><V129/><F133/><W118/><G118/><T125/><D4/><U6/><E6/><V94/><F129/><W70/><G70/><T68/><D128/><U17/><REACH who="1" step="1"/><E49/><REACH who="1" ten="250,240,250,250" step="2"/><V8/><F8/><W32/><G5/><T1/><D112/><U60/><E60/><V87/><F116/><W110/><G9/><T13/><D1/><U14/><E14/><V103/><REACH who="2" step="1"/><F59/><REACH who="2" ten="250,240,240,250" step="2"/><W52/><G110/><N who="0" m="41995" /><D125/><U88/><E88/><V100/><F100/><W31/><G126/><T37/><D37/><U63/><E63/><V44/><AGARI ba="0,2" hai="36,39,40,42,44,45,87,90,94,96,97,98,103,106" machi="44" ten="30,4000,0" yaku="1,1,0,1,9,1,53,0" doraHai="108" doraHaiUra="51" who="2" fromWho="2" sc="250,-20,240,-10,240,60,250,-10" /><INIT seed="1,0,0,4,5,32" ten="230,230,300,240" oya="1" hai0="51,70,23,101,18,48,35,65,47,90,88,9,106" hai1="117,130,121,66,127,89,6,0,27,95,62,7,72" hai2="77,49,50,14,92,118,33,91,41,53,96,79,42" hai3="112,3,120,73,17,78,45,124,54,105,2,38,74"/><U20/><E72/><V60/><F33/><W69/><G54/><T85/><D35/><U67/><E121/><V128/><F118/><W115/><G17/><T56/><D70/><U132/><E117/><V82/><F128/><W87/><G87/><T80/><D106/><U113/><E113/><N who="3" m="43594" /><G120/><T134/><D134/><U125/><E132/><V40/><F14/><W103/><G69/><T122/><D122/><U93/><E130/><V98/><F98/><N who="3" m="61687" /><G124/><N who="1" m="47690" /><E62/><V12/><F12/><W63/><G63/><N who="0" m="38119" /><D101/><U21/><E89/><V59/><REACH who="2" step="1"/><F77/><REACH who="2" ten="230,230,290,240" step="2"/><W64/><G78/><T129/><D129/><U71/><E27/><V36/><F36/><W99/><G99/><T13/><D90/><U39/><E39/><V37/><F37/><W109/><G38/><T108/><D108/><U31/><E20/><V114/><F114/><W10/><G109/><T135/><D135/><U86/><E21/><V126/><F126/><W15/><G15/><T57/><D23/><U8/><E6/><V5/><F5/><W116/><G116/><T131/><D131/><U61/><E31/><V11/><F11/><W26/><G10/><T97/><D9/><U107/><E67/><V46/><F46/><W104/><G45/><T100/><D47/><U133/><E133/><V58/><F58/><W30/><G64/><T55/><D13/><U83/><E107/><V44/><F44/><W123/><G104/><N who="0" m="63503" /><D18/><U111/><E111/><V22/><F22/><W94/><G123/><T4/><D4/><U110/><E110/><V24/><F24/><W1/><G94/><T52/><D57/><U19/><E19/><RYUUKYOKU ba="0,1" sc="230,0,230,0,290,0,240,0" hai0="48,51,52,55,80,85,88" hai1="0,7,8,61,66,71,83,86,93,95" hai2="40,41,42,49,50,53,59,60,79,82,91,92,96" hai3="1,2,3,26,30,73,74" /><INIT seed="1,1,1,4,2,46" ten="230,230,290,240" oya="1" hai0="28,35,32,60,67,3,72,99,8,68,70,26,69" hai1="116,14,134,84,7,88,51,64,44,34,5,94,82" hai2="23,95,31,20,83,0,79,89,132,47,90,42,119" hai3="57,65,110,100,103,111,130,29,43,21,135,93,127"/><U117/><E34/><V87/><F119/><W102/><G43/><T123/><D123/><U113/><E113/><V76/><F0/><W59/><G135/><T27/><D72/><U54/><E134/><V107/><F107/><W66/><G130/><T131/><D131/><U56/><E117/><V124/><F124/><W36/><G36/><T86/><D86/><U22/><E116/><V53/><F132/><W39/><G39/><T40/><D40/><U91/><E22/><N who="2" m="8235" /><F42/><W17/><G29/><N who="0" m="19511" /><D99/><N who="1" m="57823" /><E14/><V58/><F47/><W101/><G127/><T133/><D133/><U6/><E64/><N who="3" m="24682" /><G93/><T48/><D48/><N who="1" m="30791" /><E5/><AGARI ba="1,1" hai="3,5,8,27,28,35,60,67,68,69,70" m="19511" machi="5" ten="30,2000,0" yaku="33,2" doraHai="46" who="0" fromWho="1" sc="230,33,230,-23,290,0,240,0" /><INIT seed="2,0,0,0,1,107" ten="263,207,290,240" oya="2" hai0="117,126,62,1,52,9,134,48,91,50,63,6,68" hai1="119,55,61,14,56,18,76,78,102,131,66,82,105" hai2="80,44,11,34,110,33,77,99,127,104,53,123,100" hai3="41,21,37,95,88,49,17,101,111,43,116,81,7"/><V70/><F123/><W29/><G116/><T20/><D126/><U3/><E119/><V114/><F114/><W132/><G37/><T103/><D117/><U32/><E131/><V83/><F70/><W92/><G81/><T84/><D103/><U93/><E3/><V8/><F127/><W94/><G132/><T0/><D0/><U46/><E32/><V112/><F112/><W38/><G38/><T5/><D5/><U36/><E105/><V122/><F122/><W97/><G7/><T25/><D50/><U45/><E36/><V69/><F69/><W42/><G111/><T74/><D74/><U4/><E4/><V89/><F110/><W57/><G29/><T47/><D68/><U135/><E135/><V54/><F53/><N who="3" m="31919" /><G101/><T65/><D65/><U27/><E27/><AGARI ba="0,0" hai="17,21,27,41,42,43,88,92,94,95,97" m="31919" machi="27" ten="30,2000,0" yaku="8,1,54,1" doraHai="107" who="3" fromWho="1" sc="263,0,207,-20,290,0,240,20" /><INIT seed="3,0,0,4,3,68" ten="263,187,290,260" oya="3" hai0="28,13,33,107,57,11,7,65,112,38,16,34,108" hai1="84,6,86,14,124,1,30,69,82,77,55,88,29" hai2="74,20,114,64,46,32,63,102,45,117,40,26,59" hai3="23,101,111,42,10,81,5,122,95,21,56,127,2"/><W125/><G122/><T121/><D107/><U80/><E124/><N who="3" m="47690" /><G81/><T41/><D121/><U54/><E1/><V44/><F114/><W27/><G111/><T132/><D108/><U135/><E69/><V106/><F117/><W119/><G119/><T91/><D132/><U87/><E87/><V128/><F74/><W116/><G116/><T93/><D28/><U50/><E135/><V94/><F32/><W123/><G123/><T48/><D112/><U83/><E83/><V37/><F106/><W4/><G4/><T98/><D7/><U43/><E55/><V126/><F128/><W53/><G42/><T75/><D75/><U39/><E39/><V79/><F79/><W35/><G95/><T22/><D11/><N who="1" m="4471" /><E54/><V104/><F104/><W66/><G66/><T72/><D72/><U105/><E105/><V19/><F126/><W92/><G92/><T78/><D78/><U133/><E133/><V47/><F94/><W24/><G101/><T76/><D76/><U129/><E129/><V113/><F102/><W96/><G96/><T18/><D18/><U70/><E70/><V90/><F113/><W36/><G36/><T100/><D100/><U97/><E97/><V103/><F103/><W73/><G73/><T62/><D38/><U52/><E43/><V51/><F90/><W115/><G115/><T49/><D41/><AGARI ba="0,0" hai="19,20,26,37,40,41,44,45,46,47,51,59,63,64" machi="41" ten="30,2000,0" yaku="7,1,52,1" doraHai="68" who="2" fromWho="0" sc="263,-20,187,0,290,20,260,0" owari="243,-16.0,187,-31.0,310,41.0,260,6.0" /></mjloggm>