<mjloggm ver="2.3"><GO type="41"/><UN n0="%E7%B5%B6%E6%9C%9B%E3%81%AB%E6%BA%80%E3%81%A1%E3%81%9F%E6%98%8E%E6%97%A5" n1="%EF%BC%88%E2%89%A7%E2%96%BD%E2%89%A6%EF%BC%89" n2="%E3%82%AA%E3%82%AB%E3%83%AB%E3%83%88" n3="%E5%9C%92%E8%8A%B1%E5%92%B2" dan="14,14,15,13" rate="1931,2051,1979,1852" sx="M,M,M,F"/><TAIKYOKU oya="0"/><INIT seed="0,0,0,5,3,66" ten="250,250,250,250" oya="0" hai0="85,89,98,30,19,99,55,52,8,71,102,96,121" hai1="103,117,82,24,28,68,31,128,92,17,133,123,62" hai2="32,5,63,83,122,108,40,16,49,64,13,69,129" hai3="34,132,29,38,72,10,97,59,65,25,90,70,86"/><T118/><D118/><U101/><E117/><V35/><F122/><W23/><G132/><T115/><D115/><U77/><E123/><V0/><F108/><W27/><G72/><T105/><D121/><U134/><E128/><V9/><F129/><W47/><G10/><T112/><D112/><U80/><E17/><V94/><F83/><W57/><G97/><T67/><D30/><U58/><E92/><V109/><F109/><W106/><G106/><T51/><D8/><U131/><E131/><V73/><F73/><W116/><G116/><T43/><D43/><U37/><E37/><V81/><F81/><W18/><G47/><T53/><D51/><U41/><E41/><V42/><F94/><W104/><G104/><T56/><D56/><U78/><E58/><V7/><F7/><W79/><G79/><T45/><D45/><U127/><E24/><V111/><F111/><W91/><G38/><T125/><D19/><U120/><E120/><V48/><F42/><W60/><REACH who="3" step="1"/><G90/><REACH who="3" step="2"/><T110/><D110/><U135/><E134/><V107/><F107/><W26/><G26/><T44/><D44/><U114/><E114/><V119/><F119/><W95/><AGARI ba="0,1" hai="18,23,25,27,29,34,57,59,60,65,70,86,91,95" machi="95" ten="20,5200,0" yaku="1,1,0,1,7,1,52,1,53,0" doraHai="66" doraHaiUra="75" who="3" fromWho="3" sc="250,-26,250,-13,250,-13,240,62" /><INIT seed="1,0,0,1,1,8" ten="224,237,237,302" oya="1" hai0="5,3,112,17,48,18,56,58,43,44,105,87,62" hai1="34,13,85,51,10,122,33,1,42,0,115,78,91" hai2="53,95,40,101,37,98,103,102,81,89,111,41,61" hai3="100,84,66,88,92,36,130,54,80,82,15,55,39"/><U65/><E122/><V4/><F111/><W70/><G130/><T14/><D105/><U104/><E104/><V27/><F4/><W16/><G36/><T124/><D124/><U108/><E115/><V129/><F129/><W7/><G7/><T90/><D112/><U59/><E0/><V120/><F120/><W28/><G39/><T134/><D134/><U128/><E1/><V109/><F109/><W76/><G28/><T74/><D74/><U96/><E108/><V30/><F37/><W94/><G82/><T50/><D50/><U118/><E118/><V12/><F81/><W68/><G100/><T32/><D32/><U83/><E128/><V64/><F53/><W86/><G94/><N who="0" m="54623" /><D3/><U31/><E31/><V20/><REACH who="2" step="1"/><F12/><REACH who="2" step="2"/><W79/><G55/><N who="0" m="34079" /><D58/><AGARI ba="0,1" hai="20,27,30,40,41,58,61,64,89,95,98,101,102,103" machi="58" ten="40,2600,0" yaku="1,1,8,1,53,0" doraHai="8" doraHaiUra="69" who="2" fromWho="0" sc="224,-26,237,0,227,36,302,0" /><INIT seed="2,0,0,0,5,13" ten="198,237,263,302" oya="2" hai0="3,7,33,21,56,67,131,82,62,45,135,69,97" hai1="123,90,38,58,78,6,8,16,76,118,31,12,24" hai2="42,75,5,52,54,87,22,59,101,4,18,113,40" hai3="32,80,86,134,71,132,120,11,89,84,60,72,117"/><V10/><F75/><W66/><G117/><T27/><D131/><U55/><E38/><V61/><F113/><W28/><G120/><T111/><D111/><U44/><E123/><V125/><F125/><W128/><G128/><T106/><D135/><U63/><E118/><V112/><F112/><W119/><G119/><T103/><D45/><U96/><E44/><V74/><F74/><W1/><G72/><T30/><D82/><U115/><E115/><V46/><F101/><W20/><G32/><T19/><D7/><N who="2" m="2634" /><F10/><W95/><G11/><T23/><D3/><U81/><E6/><V9/><F9/><W35/><G35/><T25/><D23/><N who="1" m="15775" /><E96/><V107/><F107/><W116/><G1/><T37/><REACH who="0" step="1"/><D56/><REACH who="0" step="2"/><U51/><E63/><V114/><F114/><W110/><G110/><T65/><D65/><U102/><E102/><V73/><F73/><W43/><G116/><T79/><D79/><U14/><E14/><N who="2" m="9559" /><F87/><AGARI ba="0,1" hai="8,12,16,51,55,58,76,78,81,87,90" m="15775" machi="87" ten="30,3900,0" yaku="8,1,52,1,54,1" doraHai="13" who="1" fromWho="2" sc="188,0,237,49,263,-39,302,0" /><INIT seed="3,0,0,0,0,59" ten="188,286,224,302" oya="3" hai0="106,49,124,17,54,77,126,26,96,12,72,13,55" hai1="52,113,5,116,60,130,29,66,111,34,67,11,110" hai2="115,30,95,94,46,135,28,133,131,69,9,120,37" hai3="129,14,33,36,82,79,125,103,74,61,83,84,98"/><W38/><G33/><T16/><D77/><U45/><E113/><V76/><F115/><W101/><G125/><N who="0" m="48235" /><D72/><U121/><E121/><V85/><F69/><W127/><G129/><T48/><D26/><N who="1" m="18743" /><E130/><V99/><F131/><W71/><G127/><T57/><D96/><U58/><E45/><V44/><F120/><W64/><G14/><N who="0" m="5739" /><D106/><U80/><E116/><V86/><F99/><W68/><G68/><T43/><D43/><U88/><E11/><V89/><F89/><W78/><REACH who="3" step="1"/><G101/><REACH who="3" step="2"/><T27/><D27/><U31/><E110/><V15/><F15/><W23/><G23/><T47/><AGARI ba="0,1" hai="16,17,47,48,49,54,55,57" m="5739,48235" machi="47" ten="30,2000,0" yaku="18,1,54,1" doraHai="59" who="0" fromWho="0" sc="188,30,286,-5,224,-5,292,-10" /><INIT seed="4,0,0,1,0,7" ten="218,281,219,282" oya="0" hai0="21,33,110,23,15,133,91,11,94,47,87,45,27" hai1="90,26,52,131,50,35,104,34,107,63,126,105,55" hai2="29,22,84,125,75,12,44,129,31,72,134,60,80" hai3="5,83,16,120,53,3,28,79,74,111,124,93,123"/><T36/><D133/><U73/><E131/><V78/><F134/><W68/><G111/><T66/><D110/><U89/><E73/><V9/><F129/><W14/><G68/><T127/><D127/><U57/><E126/><V8/><F125/><W82/><G124/><T132/><D132/><U119/><E119/><V56/><F75/><W118/><G118/><T92/><D66/><U54/><E54/><N who="2" m="33815" /><F72/><W98/><G28/><N who="2" m="10825" /><F44/><N who="0" m="16970" /><D33/><U109/><E109/><V59/><F59/><W38/><G38/><T30/><D36/><U61/><E26/><V86/><F86/><W0/><G83/><N who="0" m="49663" /><D23/><U43/><E43/><V130/><F130/><W112/><G112/><T97/><D97/><U37/><E37/><V101/><F101/><W39/><G53/><T13/><D13/><U100/><E100/><V64/><F64/><W62/><G62/><T106/><D106/><U20/><E20/><V51/><F51/><W116/><G39/><T128/><D128/><U24/><E50/><V69/><F69/><W32/><G32/><T113/><D113/><U25/><E107/><V121/><F121/><N who="3" m="46667" /><G5/><AGARI ba="0,0" hai="5,11,15,21,27,30,92,94" m="49663,16970" machi="5" ten="30,2900,0" yaku="8,1,52,1" doraHai="7" who="0" fromWho="3" sc="218,29,281,0,219,0,282,-29" /><INIT seed="4,1,0,5,3,45" ten="247,281,219,253" oya="0" hai0="102,71,126,40,110,21,106,118,124,129,60,32,2" hai1="23,53,101,22,63,116,10,24,66,103,79,51,82" hai2="67,5,76,49,37,20,70,96,114,86,54,17,50" hai3="55,83,47,48,119,52,27,3,29,87,113,122,16"/><T72/><RYUUKYOKU type="yao9" ba="1,0" sc="247,0,281,0,219,0,253,0" hai0="2,21,32,40,60,71,72,102,106,110,118,124,126,129" /><INIT seed="4,2,0,0,1,117" ten="247,281,219,253" oya="0" hai0="96,99,63,36,84,35,66,112,16,21,69,0,134" hai1="92,106,53,93,13,61,51,67,127,26,27,54,95" hai2="109,94,11,122,123,6,7,107,68,129,64,3,4" hai3="33,60,12,52,14,113,126,44,46,125,131,56,82"/><T87/><D35/><U23/><E106/><V55/><F107/><W49/><G33/><T37/><D0/><U101/><E127/><N who="3" m="48650" /><G82/><T135/><D112/><U104/><E104/><V10/><F109/><W38/><G113/><T1/><D1/><U132/><E132/><N who="0" m="50729" /><D84/><U85/><E101/><V115/><F115/><W19/><G19/><T72/><D72/><U74/><E74/><V78/><F129/><W39/><G131/><T121/><D87/><U41/><E85/><V70/><F78/><W47/><G12/><N who="0" m="9351" /><D121/><U89/><E89/><V120/><F64/><N who="3" m="38919" /><G14/><T28/><D28/><U108/><E13/><V48/><F94/><W50/><G50/><T114/><D114/><U32/><E51/><V119/><F119/><W20/><G20/><T29/><D29/><U15/><E23/><V18/><F18/><W77/><G77/><T17/><D17/><U102/><E93/><V116/><F116/><W75/><G75/><T83/><D83/><U124/><E92/><V80/><F80/><W24/><G24/><T45/><D45/><AGARI ba="2,0" hai="38,39,44,45,46,47,49,52" m="38919,48650" machi="45" ten="30,7700,0" yaku="18,1,34,2,54,1" doraHai="117" who="3" fromWho="0" sc="247,-83,281,0,219,0,253,83" /><INIT seed="5,0,0,1,5,91" ten="164,281,219,336" oya="1" hai0="134,125,123,0,80,51,77,15,98,113,115,104,79" hai1="128,97,66,118,53,22,9,2,76,39,101,84,93" hai2="108,13,117,21,111,132,42,116,54,11,121,62,119" hai3="48,126,6,83,8,89,78,24,109,55,20,59,46"/><U41/><E118/><V3/><F42/><W29/><G109/><N who="2" m="42057" /><F54/><W18/><G126/><T19/><D0/><U34/><E34/><V25/><F62/><W127/><G127/><T31/><D125/><U26/><E66/><V17/><F121/><W68/><G68/><T14/><D31/><U105/><E53/><V74/><F74/><W27/><G27/><T88/><D123/><U95/><E41/><V38/><F38/><W75/><G89/><T114/><D134/><U86/><E39/><V40/><F40/><W85/><G75/><T67/><D67/><U7/><E128/><V49/><F49/><W65/><G65/><T70/><D70/><U4/><E4/><N who="2" m="1439" /><F132/><W60/><G29/><T94/><D51/><U102/><E76/><N who="0" m="29257" /><D104/><U103/><E105/><V61/><F61/><W107/><G107/><T10/><D14/><AGARI ba="0,0" hai="13,14,17,21,25,116,117,119" m="1439,42057" machi="14" ten="40,2600,0" yaku="34,2" doraHai="91" who="2" fromWho="0" sc="164,-26,281,0,219,26,336,0" /><INIT seed="6,0,0,2,1,8" ten="138,281,245,336" oya="2" hai0="106,46,112,48,93,51,14,43,38,133,5,130,66" hai1="6,44,129,122,135,27,99,20,78,108,111,84,77" hai2="79,24,17,76,89,94,50,119,127,98,131,18,87" hai3="105,91,0,82,49,32,57,34,125,67,107,31,39"/><V117/><F131/><W83/><G39/><T55/><D106/><U71/><E71/><V64/><F127/><W110/><G110/><T54/><D130/><U35/><E35/><V13/><F64/><W1/><G125/><T2/><D2/><U30/><E129/><V126/><F126/><W33/><G31/><T28/><D28/><U86/><E122/><V52/><F119/><W19/><G19/><T7/><D112/><U53/><E135/><V113/><F113/><W69/><G69/><T62/><D133/><U25/><E6/><V60/><F60/><W16/><G16/><N who="2" m="6249" /><F117/><W41/><G67/><T3/><D3/><U29/><E99/><V100/><F24/><W11/><G0/><T101/><D101/><U104/><E104/><V109/><F109/><W70/><G70/><T65/><D93/><U72/><E25/><V12/><F79/><W81/><G91/><T9/><D5/><U120/><E77/><V10/><F10/><W114/><G114/><T58/><REACH who="0" step="1"/><D62/><REACH who="0" step="2"/><U45/><E111/><V134/><F134/><W42/><G105/><T88/><D88/><U85/><E108/><V123/><F123/><W92/><G92/><T37/><D37/><U75/><E120/><V116/><F116/><W26/><G107/><T115/><D115/><U56/><E30/><V61/><F61/><W121/><G121/><T97/><D97/><U128/><E128/><V103/><F103/><W74/><G26/><T96/><D96/><U102/><E102/><V124/><F124/><W23/><G1/><T132/><D132/><U40/><E27/><V73/><F100/><RYUUKYOKU ba="0,1" sc="128,30,281,-10,245,-10,336,-10" hai0="7,9,14,38,43,46,48,51,54,55,58,65,66" /><INIT seed="7,1,1,5,1,127" ten="158,271,235,326" oya="3" hai0="29,99,106,84,18,135,7,81,82,78,108,57,123" hai1="1,74,86,37,47,110,126,107,62,133,23,68,36" hai2="55,97,45,76,60,8,19,130,56,132,63,14,50" hai3="96,119,83,93,43,4,89,116,72,30,102,0,77"/><W113/><G113/><T122/><D29/><U51/><E74/><V24/><F132/><W59/><G30/><T98/><D7/><U117/><E117/><V17/><F130/><W40/><G43/><T53/><D108/><U124/><E1/><V27/><F76/><W109/><G109/><T120/><D18/><U79/><E107/><V91/><F63/><W65/><G40/><T121/><N who="0" m="31232" /><DORA hai="131" /><T115/><D115/><U35/><E35/><V73/><F73/><W114/><G114/><T33/><D33/><U2/><E2/><V44/><F44/><W28/><G28/><T22/><D22/><U118/><E23/><V92/><REACH who="2" step="1"/><F19/><REACH who="2" step="2"/><W41/><G116/><T42/><D42/><AGARI ba="1,2" hai="8,14,17,24,27,42,45,50,55,56,60,91,92,97" machi="42" ten="30,8000,1" yaku="1,1,2,1,7,1,8,1,53,1" doraHai="127,131" doraHaiUra="15,34" who="2" fromWho="0" sc="158,-83,271,0,225,103,326,0" owari="75,-42.0,271,-13.0,328,42.0,326,13.0" /></mjloggm>