<mjloggm ver="2.3"><GO type="169" lobby="0"/><UN n0="%EF%BC%88%E2%89%A7%E2%96%BD%E2%89%A6%EF%BC%89" n1="%E3%81%AD%E3%81%98%E3%81%BE%E3%81%8D%E9%B3%A5%E2%88%AE" n2="%E5%B0%8F%E7%94%B0%E6%89%89" n3="%E6%9D%B1%E5%8D%97" dan="17,16,16,17" rate="2186.16,2066.24,2102.61,2177.44" sx="M,M,M,M"/><TAIKYOKU oya="0"/><INIT seed="0,0,0,3,3,56" ten="250,250,250,250" oya="0" hai0="124,28,18,25,27,75,30,108,90,127,4,77,93" hai1="118,128,61,31,105,67,107,63,135,42,104,133,117" hai2="83,80,57,113,103,43,38,68,7,100,79,72,92" hai3="126,111,16,2,122,26,74,32,119,130,54,1,70"/><T12/><D77/><U9/><E31/><N who="0" m="11817" /><D75/><U8/><E42/><V52/><F68/><W129/><G54/><T123/><D123/><U59/><E128/><V102/><F113/><W132/><G26/><T53/><D53/><U110/><E110/><V6/><F43/><W0/><G0/><T81/><D81/><U71/><E71/><V86/><F38/><W19/><G19/><T62/><D62/><N who="1" m="23563" /><E59/><V106/><F106/><W95/><G16/><T58/><D58/><U109/><E67/><V73/><F92/><W66/><G95/><T112/><D108/><U40/><E40/><V134/><F134/><N who="1" m="51209" /><E109/><V24/><F24/><W49/><G2/><T96/><D112/><U121/><E121/><V22/><F73/><W36/><G66/><T114/><D114/><U3/><E3/><V97/><F72/><W55/><G55/><T125/><D4/><U87/><E87/><V60/><F97/><W84/><G84/><T33/><D33/><U89/><E89/><V98/><F98/><W115/><REACH who="3" step="1"/><G49/><REACH who="3" ten="250,250,250,240" step="2"/><T101/><D90/><U35/><E35/><V120/><F52/><W85/><G85/><T76/><D76/><U34/><E34/><V47/><F79/><W48/><G48/><T23/><AGARI ba="0,1" hai="12,18,23,25,27,93,96,101,124,125,127" m="11817" machi="23" ten="40,2100,0" yaku="18,1" doraHai="56" who="0" fromWho="0" sc="250,31,250,-7,250,-7,240,-7" /><INIT seed="0,1,0,1,4,3" ten="281,243,243,233" oya="0" hai0="129,99,23,92,91,113,15,86,114,98,74,7,42" hai1="32,6,2,118,134,84,40,119,100,131,72,55,93" hai2="77,73,67,53,124,43,108,28,13,21,61,62,126" hai3="46,57,66,38,94,107,54,34,27,36,48,76,25"/><T96/><D129/><U110/><E72/><V69/><F73/><W5/><G107/><T10/><D74/><U79/><E32/><V103/><F103/><W1/><G76/><T122/><D122/><U133/><E40/><V68/><F77/><W20/><G34/><T115/><D42/><U31/><E31/><V89/><F28/><W35/><G35/><T39/><D39/><U4/><E131/><V95/><F43/><W8/><G94/><T70/><D70/><U26/><E26/><V47/><F108/><W102/><G102/><T135/><D135/><N who="1" m="51723" /><E110/><V17/><F47/><W56/><G27/><T128/><D128/><U106/><E2/><V71/><F53/><W11/><G11/><T37/><D37/><U75/><E106/><V80/><F80/><W60/><REACH who="3" step="1"/><G46/><REACH who="3" ten="281,243,243,223" step="2"/><T58/><D23/><U81/><E100/><V82/><F82/><W22/><G22/><T16/><REACH who="0" step="1"/><D58/><REACH who="0" ten="271,243,243,223" step="2"/><U104/><E75/><V0/><F71/><W101/><G101/><T33/><D33/><U30/><E118/><V41/><F69/><W97/><G97/><T132/><D132/><U130/><E119/><V63/><F68/><W78/><G78/><T87/><D87/><U120/><E84/><V116/><F116/><W83/><G83/><T19/><AGARI ba="1,2" hai="7,10,15,16,19,86,91,92,96,98,99,113,114,115" machi="19" ten="40,12000,1" yaku="1,1,0,1,52,1,54,1,53,0" doraHai="3" doraHaiUra="52" who="0" fromWho="0" sc="271,143,243,-41,243,-41,223,-41" /><INIT seed="0,2,0,1,0,63" ten="414,202,202,182" oya="0" hai0="34,15,19,22,11,35,58,94,52,124,33,18,37" hai1="107,56,54,14,77,70,51,76,48,53,129,82,32" hai2="115,62,71,60,86,74,85,128,87,0,78,21,36" hai3="8,108,50,99,89,24,57,43,20,123,133,116,42"/><T134/><D37/><U26/><E107/><V6/><F36/><W13/><G116/><T117/><D117/><U100/><E70/><V92/><F115/><W122/><G133/><T49/><D134/><U111/><E100/><V65/><F128/><W41/><G108/><T83/><D124/><U126/><E111/><V9/><F74/><W27/><G27/><T109/><D109/><U120/><E120/><V67/><F21/><W93/><G57/><T90/><D83/><U10/><E129/><V112/><F112/><W104/><G104/><T12/><REACH who="0" step="1"/><D34/><REACH who="0" ten="404,202,202,182" step="2"/><U119/><E82/><V135/><F135/><W121/><G121/><T81/><D81/><U68/><E32/><V7/><F78/><W47/><G123/><T72/><D72/><U103/><E77/><V131/><F131/><W91/><G122/><T1/><D1/><U16/><E76/><V23/><F0/><W30/><REACH who="3" step="1"/><G91/><REACH who="3" ten="404,202,202,172" step="2"/><T40/><D40/><U61/><E119/><V132/><F132/><W4/><AGARI ba="2,2" hai="4,8,13,20,24,30,41,42,43,47,50,89,93,99" machi="4" ten="20,8000,1" yaku="1,1,2,1,0,1,7,1,8,1,53,0" doraHai="63" doraHaiUra="79" who="3" fromWho="3" sc="404,-42,202,-22,202,-22,172,106" /><INIT seed="1,0,0,3,3,5" ten="362,180,180,278" oya="1" hai0="117,49,0,93,73,133,32,119,81,109,18,20,51" hai1="2,78,21,95,85,131,111,7,116,45,134,98,38" hai2="86,99,118,127,87,27,121,22,29,123,130,102,47" hai3="124,35,100,56,28,52,103,88,10,110,19,58,74"/><U135/><E116/><V105/><F118/><W120/><G74/><T112/><D112/><U13/><E131/><V40/><F130/><W16/><G120/><T3/><D32/><U63/><E2/><V71/><F71/><W15/><G124/><T55/><D109/><U69/><E111/><V60/><F60/><W34/><G110/><T44/><D133/><N who="1" m="50699" /><E69/><V79/><F127/><W126/><G126/><T12/><D117/><U115/><E63/><V39/><REACH who="2" step="1"/><F79/><REACH who="2" ten="362,180,170,278" step="2"/><W43/><G43/><T68/><D68/><U92/><E78/><V107/><F107/><W53/><G53/><T57/><D119/><U97/><E115/><V62/><F62/><W48/><G52/><T46/><D55/><U84/><E38/><V67/><F67/><W77/><G77/><T72/><D51/><U70/><E70/><V26/><F26/><W128/><G48/><T14/><D49/><U129/><E129/><V66/><F66/><W11/><G128/><T61/><D61/><U23/><E45/><V50/><F50/><W37/><G37/><T9/><D46/><U94/><E98/><V30/><F30/><W106/><G28/><T25/><D44/><U132/><E97/><V122/><AGARI ba="0,1" hai="22,27,29,39,40,47,86,87,99,102,105,121,122,123" machi="122" ten="30,4000,0" yaku="1,1,0,1,53,1" doraHai="5" doraHaiUra="101" who="2" fromWho="2" sc="362,-10,180,-20,170,50,278,-10" /><INIT seed="2,0,0,3,5,37" ten="352,160,220,268" oya="2" hai0="15,59,40,43,44,83,102,28,84,6,116,27,54" hai1="112,24,67,29,78,121,39,22,46,90,2,111,125" hai2="118,97,88,66,25,75,95,68,0,65,126,70,114" hai3="48,57,105,8,131,1,128,49,76,50,7,17,124"/><V4/><F75/><W110/><G105/><T92/><D116/><U127/><E112/><V31/><F118/><W119/><G119/><T96/><D44/><U74/><E2/><V133/><F114/><W89/><G124/><N who="1" m="47690" /><E67/><V71/><F126/><W113/><G113/><T109/><D109/><U135/><E111/><V79/><F79/><W51/><G110/><T117/><D117/><U115/><E115/><V11/><REACH who="2" step="1"/><F133/><REACH who="2" ten="352,160,210,268" step="2"/><W72/><G76/><N who="0" m="46183" /><D28/><U42/><E135/><V85/><F85/><W53/><G72/><T98/><D98/><U32/><E121/><V12/><F12/><W61/><G131/><T134/><D134/><U34/><E78/><V100/><F100/><W21/><G128/><T93/><D27/><U23/><E74/><V16/><F16/><W122/><G122/><T129/><D129/><U20/><E90/><V3/><F3/><W87/><G87/><T41/><D102/><U58/><E32/><AGARI ba="0,1" hai="0,4,11,25,31,32,65,66,68,70,71,88,95,97" machi="32" ten="40,3900,0" yaku="1,1,54,1,53,0" doraHai="37" doraHaiUra="80" who="2" fromWho="1" sc="352,0,160,-39,210,49,268,0" /><INIT seed="2,1,0,3,4,128" ten="352,121,259,268" oya="2" hai0="51,68,36,88,63,100,44,1,109,13,39,113,75" hai1="43,105,58,9,8,20,5,117,76,30,59,62,56" hai2="11,34,120,70,111,127,46,21,114,77,25,33,87" hai3="134,2,130,69,55,125,24,82,71,131,65,132,93"/><V61/><F114/><W74/><G2/><T83/><D1/><U116/><E105/><V48/><F120/><W91/><G55/><T52/><D113/><U102/><E102/><V45/><F127/><W32/><G65/><T122/><D122/><U3/><E76/><V49/><F111/><W98/><G125/><T27/><D109/><U96/><E96/><V0/><F0/><W108/><G108/><T103/><D36/><U90/><E62/><V38/><F38/><W86/><G74/><T66/><D39/><U126/><E43/><V28/><F11/><W53/><G53/><T64/><D64/><U22/><E126/><V123/><F123/><W6/><G6/><T57/><D68/><N who="3" m="26185" /><G24/><T47/><D44/><U35/><E35/><V19/><F61/><W94/><G94/><T54/><D54/><U7/><E30/><V60/><F60/><W133/><G32/><T26/><D75/><U79/><E79/><AGARI ba="1,0" hai="79,82,86,91,93,98,130,131,132,133,134" m="26185" machi="79" ten="40,8000,1" yaku="20,1,52,3" doraHai="128" who="3" fromWho="1" sc="352,0,121,-83,259,0,268,83" /><INIT seed="3,0,0,0,1,73" ten="352,38,259,351" oya="3" hai0="22,104,115,51,41,46,102,10,72,53,98,79,121" hai1="47,64,95,128,18,105,34,133,110,7,62,118,63" hai2="127,37,65,16,114,25,32,42,82,24,106,84,117" hai3="40,17,49,107,33,52,90,26,91,55,125,36,67"/><W120/><G120/><T11/><D121/><U123/><E123/><V6/><F106/><W86/><G107/><T59/><D115/><U75/><E105/><V112/><F117/><W27/><G36/><T3/><D3/><U43/><E34/><V13/><F6/><W108/><G67/><T80/><REACH who="0" step="1"/><D22/><REACH who="0" ten="342,38,259,351" step="2"/><U81/><E118/><V48/><F32/><W78/><G33/><T99/><D99/><U0/><E0/><V66/><F114/><W35/><G35/><T19/><D19/><U23/><E18/><V77/><F112/><W130/><G130/><T101/><D101/><U31/><E23/><N who="2" m="11663" /><F127/><W124/><G17/><T111/><D111/><U71/><E128/><V45/><F37/><AGARI ba="0,1" hai="10,11,37,41,46,51,53,59,72,79,80,98,102,104" machi="37" ten="30,8000,1" yaku="1,1,7,1,52,1,53,2" doraHai="73" doraHaiUra="4" who="0" fromWho="2" sc="342,90,38,0,259,-80,351,0" /><INIT seed="4,0,0,3,3,65" ten="432,38,179,351" oya="0" hai0="17,62,127,84,23,63,21,69,7,22,109,124,37" hai1="12,33,64,104,122,117,36,27,105,24,71,123,132" hai2="103,111,95,28,61,110,128,59,52,74,102,48,116" hai3="53,96,97,113,72,30,16,106,5,121,68,60,40"/><T78/><D37/><U38/><E117/><V126/><F74/><W135/><G72/><T91/><D78/><U3/><E12/><V35/><F116/><W25/><G113/><T86/><D109/><U77/><E64/><V131/><F35/><W70/><G5/><T13/><D7/><U46/><E46/><V0/><F0/><W107/><G40/><T134/><D134/><U90/><E77/><V75/><F75/><W98/><G135/><T14/><D69/><U15/><E15/><N who="0" m="5641" /><D17/><U73/><E73/><V100/><F28/><W56/><G121/><T44/><D44/><U20/><E132/><V58/><F126/><N who="0" m="48170" /><D91/><U55/><E3/><V51/><F95/><W54/><G54/><T80/><D80/><U81/><E81/><V119/><F119/><W49/><G16/><T76/><D76/><U79/><E79/><V94/><F94/><W57/><G107/><T47/><D47/><U133/><E133/><V10/><F10/><W130/><G106/><T41/><D41/><U11/><E11/><V18/><F18/><W87/><G70/><T82/><D82/><U67/><E90/><V125/><F125/><W8/><G68/><T42/><D42/><U1/><E71/><V2/><F2/><W26/><G8/><T93/><D93/><U31/><E1/><V89/><F89/><W85/><G56/><T118/><D118/><U120/><E105/><V83/><F83/><W114/><G57/><T9/><D9/><U4/><E104/><V112/><F59/><W32/><G114/><T34/><D34/><U66/><E33/><V50/><F112/><RYUUKYOKU ba="0,0" sc="432,15,38,-15,179,15,351,-15" hai0="21,22,23,62,63,84,86" hai2="48,50,51,52,58,61,100,102,103,110,111,128,131" /><INIT seed="4,1,0,0,5,108" ten="447,23,194,336" oya="0" hai0="1,83,9,112,79,37,8,25,82,22,13,72,74" hai1="60,46,31,78,133,53,73,20,40,116,68,32,135" hai2="123,93,101,59,42,12,77,70,56,36,102,16,23" hai3="63,128,90,80,114,88,92,21,3,64,43,61,66"/><T84/><D112/><U89/><E116/><V105/><F105/><W129/><G3/><T95/><D37/><U41/><E32/><V30/><F70/><W104/><G104/><T50/><D1/><U58/><E68/><V69/><F69/><W54/><G21/><T27/><D50/><U2/><E2/><V120/><F77/><W87/><G43/><T26/><D95/><U76/><E89/><V130/><F130/><W132/><G54/><T48/><D48/><U5/><E5/><V11/><F36/><W103/><G103/><T94/><D94/><U115/><E73/><V28/><F42/><N who="1" m="16489" /><E46/><V71/><F71/><W134/><G92/><T119/><D119/><U124/><E124/><V75/><F75/><W49/><G49/><T29/><D8/><U117/><E117/><V45/><F45/><W125/><G80/><T122/><D122/><U110/><E110/><V55/><F93/><W39/><G39/><T17/><D74/><U44/><E44/><V121/><F59/><W0/><G0/><T14/><D14/><U57/><E57/><V118/><F118/><W65/><G65/><T107/><D107/><U131/><E131/><V18/><F101/><W113/><G87/><T33/><D33/><U86/><E86/><V85/><F85/><W96/><G96/><T97/><D97/><U19/><E78/><AGARI ba="1,0" hai="9,13,17,22,25,26,27,29,72,78,79,82,83,84" machi="78" ten="30,1500,0" yaku="7,1" doraHai="108" who="0" fromWho="1" sc="447,18,23,-18,194,0,336,0" /><INIT seed="4,2,0,0,1,75" ten="465,5,194,336" oya="0" hai0="83,66,112,118,74,117,51,59,31,4,53,86,127" hai1="42,64,98,104,121,94,61,19,39,78,119,99,92" hai2="133,84,113,110,16,81,76,27,60,22,17,1,46" hai3="7,21,3,135,9,122,114,116,79,26,13,82,56"/><T41/><D74/><U58/><E119/><V69/><F1/><W71/><G71/><T72/><D72/><U101/><E121/><V40/><F110/><W65/><G116/><T95/><D127/><U87/><E39/><V123/><F123/><W37/><G37/><T55/><D4/><U24/><E42/><V2/><F2/><W49/><G122/><T10/><D10/><U11/><E104/><V96/><F113/><W48/><G114/><T120/><D120/><U68/><E68/><V70/><F133/><W108/><G135/><T131/><D41/><U115/><E115/><V12/><F60/><N who="3" m="38023" /><G3/><T111/><D111/><U132/><E132/><V0/><F0/><W97/><G97/><T6/><D112/><U52/><E64/><V88/><F96/><W129/><G129/><T32/><D66/><U25/><E87/><V8/><REACH who="2" step="1"/><F88/><REACH who="2" ten="465,5,184,336" step="2"/><W34/><G108/><T126/><D118/><U107/><E107/><V109/><F109/><W45/><G34/><T85/><D32/><U62/><E62/><V54/><F54/><W102/><G102/><T38/><D53/><U43/><E43/><V5/><F5/><W47/><G48/><AGARI ba="2,1" hai="8,12,16,17,22,27,40,46,48,69,70,76,81,84" machi="48" ten="30,12000,2" yaku="1,1,7,1,52,1,54,1,53,2" doraHai="75" doraHaiUra="15" who="2" fromWho="3" sc="465,0,5,0,184,136,336,-126" /><INIT seed="5,0,0,0,2,117" ten="465,5,320,210" oya="1" hai0="108,85,80,2,42,102,9,0,15,81,65,88,18" hai1="35,13,58,123,121,8,22,75,122,78,56,53,76" hai2="72,23,7,131,90,51,113,24,98,95,40,69,4" hai3="135,128,59,86,54,45,96,103,6,126,97,118,27"/><U120/><N who="1" m="31232" /><DORA hai="79" /><U52/><E35/><V36/><F69/><W129/><G118/><T21/><D102/><U73/><E22/><V34/><F34/><W77/><G6/><T89/><D42/><U127/><E127/><V63/><F36/><W133/><G27/><T91/><D65/><U132/><E132/><N who="3" m="50762" /><G45/><T11/><D0/><U60/><E75/><V3/><F72/><W111/><G59/><T37/><D37/><U29/><E29/><V20/><F3/><W48/><G48/><T33/><D33/><U55/><E73/><V41/><F20/><W114/><G54/><T50/><D2/><U68/><E68/><V119/><F119/><W105/><G97/><T106/><D21/><U17/><E55/><V83/><F7/><W57/><G57/><T109/><D11/><U49/><AGARI ba="0,0" hai="8,13,17,49,52,53,56,58,60,76,78" m="31232" machi="49" ten="60,18000,2" yaku="0,1,52,4,54,1" doraHai="117,79" who="1" fromWho="1" sc="465,-60,5,180,320,-60,210,-60" /><INIT seed="5,1,0,0,4,132" ten="405,185,260,150" oya="1" hai0="106,32,44,20,10,119,135,116,15,129,53,33,46" hai1="41,51,39,34,26,48,121,127,61,43,54,128,118" hai2="124,88,29,99,64,18,7,4,101,84,35,37,104" hai3="74,75,59,85,86,73,28,90,25,123,58,91,131"/><U49/><E121/><V115/><F37/><W82/><G123/><T70/><D70/><U17/><E118/><V12/><F115/><W111/><G111/><T3/><D106/><U68/><E34/><V100/><F100/><W21/><REACH who="3" step="1"/><G131/><REACH who="3" ten="405,185,260,140" step="2"/><T0/><D129/><U79/><E128/><V108/><F108/><W27/><G27/><T50/><D119/><U30/><E26/><V87/><F35/><W80/><AGARI ba="1,1" hai="21,25,28,58,59,73,74,75,80,82,85,86,90,91" machi="80" ten="30,4000,0" yaku="1,1,0,1,9,1,53,0" doraHai="132" doraHaiUra="113" who="3" fromWho="3" sc="405,-11,185,-21,260,-11,140,53" /><INIT seed="6,0,0,5,1,42" ten="394,164,249,193" oya="2" hai0="94,123,38,32,31,119,24,66,2,67,19,121,62" hai1="127,112,106,11,109,27,45,105,88,50,118,63,83" hai2="108,131,47,98,120,124,4,46,9,129,53,48,54" hai3="133,93,44,40,102,71,1,92,132,39,49,35,7"/><V117/><F120/><W103/><G35/><T37/><D2/><U116/><E109/><V22/><F117/><W91/><G71/><T130/><D119/><U82/><E63/><V55/><F108/><W61/><G61/><T114/><D66/><U70/><E70/><V90/><F124/><W72/><G72/><T52/><D130/><N who="2" m="49674" /><F22/><W0/><G7/><T68/><D114/><U23/><E112/><V110/><F110/><W20/><G20/><T74/><D74/><U75/><E127/><V126/><F126/><W28/><G28/><T96/><D123/><U79/><E11/><V58/><F90/><W87/><G39/><T13/><D121/><U107/><E83/><V81/><F81/><W36/><G36/><T57/><D67/><U26/><E88/><V29/><F29/><W104/><G93/><T43/><D68/><U78/><E78/><V101/><F48/><W16/><G16/><T30/><D30/><U8/><E8/><V80/><F80/><W113/><G113/><T89/><D43/><U84/><E75/><V86/><F86/><W128/><G128/><T59/><D37/><U21/><E21/><V5/><F58/><W25/><G25/><T15/><D38/><U69/><E69/><V125/><F125/><W51/><G49/><T65/><D59/><U85/><E85/><V122/><F122/><W6/><G6/><N who="2" m="2665" /><F9/><W99/><REACH who="3" step="1"/><G103/><REACH who="3" ten="394,164,249,183" step="2"/><T115/><D115/><U14/><E116/><V10/><F10/><W76/><G76/><T134/><D31/><U18/><E118/><V3/><F3/><AGARI ba="0,1" hai="0,1,3,40,44,51,87,91,92,99,102,104,132,133" machi="3" ten="40,2600,0" yaku="1,1,52,1,53,0" doraHai="42" doraHaiUra="56" who="3" fromWho="2" sc="394,0,164,0,249,-26,183,36" /><INIT seed="7,0,0,2,1,2" ten="394,164,223,219" oya="3" hai0="55,29,69,114,87,58,116,10,41,28,52,96,73" hai1="99,94,129,1,19,95,98,124,6,88,104,17,25" hai2="79,53,9,27,42,68,13,75,40,43,3,122,110" hai3="103,127,51,125,14,97,37,133,54,112,128,132,107"/><W81/><G37/><T64/><D73/><U82/><E104/><V5/><F110/><W109/><G112/><T83/><D116/><U90/><E129/><V15/><F68/><W72/><G14/><T30/><D114/><U135/><E124/><N who="3" m="47690" /><G109/><T102/><D41/><U63/><E135/><N who="3" m="51786" /><G51/><T67/><D69/><U49/><E63/><V74/><F122/><W7/><G54/><N who="0" m="20523" /><D58/><U106/><E49/><V130/><F130/><W12/><G128/><T60/><D60/><U44/><E44/><V89/><F53/><W121/><G121/><T47/><D47/><U86/><E106/><V16/><F89/><W105/><G107/><T113/><D113/><U59/><E59/><V120/><F120/><W119/><G119/><T100/><D64/><U0/><E25/><V18/><F27/><W93/><G105/><T118/><D67/><U21/><E21/><V39/><F39/><W84/><G72/><T66/><D66/><U101/><REACH who="1" step="1"/><E0/><REACH who="1" ten="394,154,223,219" step="2"/><V77/><F3/><W31/><G31/><T70/><D29/><U126/><E126/><V34/><F34/><W56/><G56/><T57/><D57/><U61/><E61/><V23/><F75/><W78/><G12/><T65/><D30/><U91/><E91/><V46/><F74/><W8/><G8/><AGARI ba="0,1" hai="1,6,8,17,19,82,86,88,90,94,95,98,99,101" machi="8" ten="40,5200,0" yaku="1,1,52,1,54,1,53,0" doraHai="2" doraHaiUra="45" who="1" fromWho="3" sc="394,0,154,62,223,0,219,-52" owari="394,49.0,216,-18.0,223,2.0,167,-33.0" /></mjloggm>