<mjloggm ver="2.3"><GO type="41"/><UN n0="%45%EF%BC%A4%E3%81%8C%E6%B2%BB%E3%81%A3%E3%81%9F%E3%82%88" n1="%E3%82%A6%E3%83%AB%E3%83%88%E3%83%A9%E7%AB%8B%E7%9B%B4" n2="%56%61%6E%67%75%61%72%64" n3="%E3%81%B5%E3%81%A3%E3%81%8D" dan="13,15,13,14" rate="1857,2000,1833,1906" sx="M,M,M,M"/><TAIKYOKU oya="0"/><INIT seed="0,0,0,4,4,95" ten="250,250,250,250" oya="0" hai0="11,91,79,112,100,45,77,65,46,98,43,14,13" hai1="41,78,80,106,86,35,38,110,53,124,82,122,114" hai2="99,3,132,118,102,71,23,83,97,101,108,66,8" hai3="120,49,48,30,103,92,16,59,2,51,133,21,72"/><T129/><D112/><U10/><E35/><V4/><F108/><W61/><G72/><T94/><D65/><U107/><E41/><V116/><F132/><W36/><G2/><T115/><D115/><U7/><E38/><V70/><F83/><W85/><G36/><T74/><D129/><U64/><E122/><V40/><F40/><W135/><G120/><T119/><D119/><N who="2" m="45610" /><F23/><W58/><G30/><T34/><D34/><U56/><E64/><V50/><F50/><W39/><G39/><T47/><D74/><U27/><E124/><V42/><F42/><W117/><G117/><T73/><D73/><U130/><E130/><V55/><F55/><W15/><G61/><T9/><D43/><U76/><E27/><V96/><F66/><W54/><G59/><T31/><D31/><U12/><E110/><V131/><F131/><W32/><G32/><T89/><D100/><AGARI ba="0,0" hai="3,4,8,70,71,96,97,99,100,101,102" m="45610" machi="100" ten="30,7700,0" yaku="12,1,52,3" doraHai="95" who="2" fromWho="0" sc="250,-77,250,0,250,77,250,0" /><INIT seed="1,0,0,0,1,31" ten="173,250,327,250" oya="1" hai0="38,13,104,80,60,22,72,100,120,48,123,98,62" hai1="63,94,55,41,74,130,128,82,18,44,8,69,109" hai2="119,124,45,103,15,20,49,37,35,70,95,102,54" hai3="57,52,97,46,129,106,85,78,81,107,58,0,59"/><U110/><E82/><V50/><F119/><W111/><G0/><T53/><D38/><U84/><E74/><V101/><F70/><W5/><G5/><T6/><D72/><U89/><E18/><V112/><F37/><W67/><G129/><N who="1" m="49770" /><E8/><V83/><F35/><W114/><G114/><T19/><D80/><U76/><E76/><V73/><F73/><W133/><G133/><T135/><D6/><U27/><E27/><V32/><F83/><W117/><G117/><T113/><D113/><U105/><E105/><V91/><F32/><W115/><G115/><T25/><D135/><U12/><E12/><V96/><F112/><W92/><G67/><T10/><D123/><U9/><E9/><V77/><F77/><W21/><G111/><N who="1" m="42506" /><E69/><V2/><F2/><W75/><G75/><T7/><REACH who="0" step="1"/><D120/><REACH who="0" ten="163,250,327,250" step="2"/><U87/><E41/><V79/><F79/><W99/><G81/><T71/><D71/><U42/><E42/><V47/><F124/><W23/><G78/><T34/><D34/><U14/><E14/><V39/><F39/><W43/><G43/><T93/><D93/><U122/><E122/><V65/><F15/><W131/><G92/><T64/><D64/><U86/><E44/><AGARI ba="0,1" hai="7,10,13,19,22,25,44,48,53,60,62,98,100,104" machi="44" ten="30,7700,0" yaku="1,1,7,1,53,2" doraHai="31" doraHaiUra="56" who="0" fromWho="1" sc="163,87,250,-77,327,0,250,0" /><INIT seed="2,0,0,2,5,42" ten="250,173,327,250" oya="2" hai0="134,112,60,97,34,86,102,30,67,101,7,44,92" hai1="119,108,2,15,66,135,72,45,41,68,100,90,125" hai2="129,33,51,115,21,123,18,0,85,9,69,80,61" hai3="93,22,118,4,58,113,29,82,110,36,132,98,96"/><V127/><F123/><W120/><G120/><T56/><D112/><U50/><E2/><V89/><F115/><W95/><G118/><T39/><D39/><U64/><E119/><V74/><F33/><W131/><G113/><T37/><D7/><U130/><E72/><V133/><F74/><W28/><G36/><T25/><D134/><U79/><E79/><V114/><F114/><W81/><G132/><T11/><D11/><U75/><E75/><V78/><F78/><W14/><G131/><T26/><D26/><U117/><E117/><V128/><F51/><W8/><G110/><T121/><D121/><U103/><E135/><V47/><F47/><W16/><G58/><T73/><D73/><U35/><E35/><V91/><F89/><W27/><G29/><T76/><D102/><U43/><E125/><V5/><F127/><W57/><G57/><T1/><D1/><U88/><E108/><V77/><F133/><W106/><G106/><T48/><D37/><U24/><E24/><V20/><F77/><W55/><G55/><T126/><D126/><U3/><E3/><V53/><F53/><W31/><G31/><T99/><D99/><U54/><E130/><N who="2" m="50283" /><F18/><W46/><G46/><T6/><D6/><U17/><E103/><V10/><F10/><W59/><G59/><T40/><D76/><U52/><E100/><V38/><F38/><W12/><G96/><T71/><REACH who="0" step="1"/><D71/><REACH who="0" ten="240,173,327,250" step="2"/><U105/><E68/><V62/><F69/><W94/><G98/><T107/><D107/><U83/><E105/><V111/><F111/><W122/><G122/><T23/><D23/><AGARI ba="0,1" hai="0,5,9,20,21,23,61,62,80,85,91" m="50283" machi="23" ten="30,2900,0" yaku="6,1,19,1" doraHai="42" who="2" fromWho="0" sc="240,-29,173,0,327,39,250,0" /><AGARI ba="0,0" hai="4,8,12,14,16,22,23,27,28,81,82,93,94,95" machi="23" ten="40,5200,0" yaku="6,1,8,1,54,1" doraHai="42" who="3" fromWho="0" sc="211,-52,173,0,366,0,250,52" /><INIT seed="2,1,0,1,1,35" ten="159,173,366,302" oya="2" hai0="39,107,12,98,81,71,49,102,33,101,122,106,83" hai1="25,47,1,135,126,44,130,116,0,28,99,27,80" hai2="112,95,61,78,72,75,54,60,59,42,77,14,109" hai3="133,74,19,103,68,46,2,69,73,90,67,117,53"/><V32/><F32/><W70/><G117/><T92/><D71/><U128/><E99/><V8/><F112/><W65/><G103/><T55/><D39/><U40/><E80/><V62/><F42/><W118/><G118/><T94/><D33/><U18/><E116/><V79/><F109/><W85/><G133/><T97/><D12/><U66/><E66/><V63/><F95/><N who="0" m="36394" /><D55/><U104/><E104/><N who="0" m="39977" /><D49/><U16/><E135/><V114/><REACH who="2" step="1"/><F114/><REACH who="2" ten="159,173,356,302" step="2"/><W7/><G70/><T105/><D122/><U129/><E126/><V124/><F124/><W45/><G69/><T84/><D105/><U34/><E27/><V127/><F127/><W58/><G68/><T125/><D125/><U82/><E82/><N who="0" m="31241" /><D84/><U131/><E131/><V132/><F132/><W50/><G85/><T13/><D13/><U86/><E86/><V24/><F24/><W121/><G121/><T89/><D89/><U123/><E123/><V64/><F64/><W23/><G90/><T6/><D6/><AGARI ba="1,1" hai="6,8,14,54,59,60,61,62,63,72,75,77,78,79" machi="6" ten="40,2000,0" yaku="1,1,53,0" doraHai="35" doraHaiUra="100" who="2" fromWho="0" sc="159,-23,173,0,356,33,302,0" /><INIT seed="2,2,0,1,1,45" ten="136,173,389,302" oya="2" hai0="69,131,87,26,38,15,116,103,37,20,123,12,99" hai1="63,79,46,29,70,7,119,49,55,104,108,117,5" hai2="14,77,8,73,61,62,95,111,64,23,18,40,56" hai3="47,102,132,0,129,91,10,22,93,112,124,81,60"/><V90/><F40/><W35/><G35/><T98/><D123/><U71/><E104/><V13/><F77/><W89/><G112/><T75/><D69/><U101/><E101/><V48/><F73/><W86/><G102/><T34/><D75/><U113/><E29/><V118/><F118/><W85/><G132/><T54/><D34/><U74/><E79/><V32/><F32/><W43/><G129/><T58/><D116/><N who="1" m="44619" /><E7/><V53/><F111/><W114/><G124/><T36/><D131/><U130/><E5/><N who="2" m="3215" /><F64/><W44/><G114/><T57/><D87/><AGARI ba="2,0" hai="14,18,23,48,53,56,61,62,87,90,95" m="3215" machi="87" ten="30,5800,0" yaku="25,1,8,1,52,1" doraHai="45" who="2" fromWho="0" sc="136,-64,173,0,389,64,302,0" /><INIT seed="2,3,0,4,2,122" ten="72,173,453,302" oya="2" hai0="38,59,86,125,43,103,94,68,4,109,124,88,27" hai1="101,30,98,130,72,76,63,14,51,33,64,100,47" hai2="67,0,133,74,24,117,66,8,82,131,53,13,77" hai3="5,78,83,45,26,129,44,87,75,1,73,106,9"/><V35/><F117/><W132/><G106/><T112/><D68/><U89/><E130/><V61/><F131/><W3/><G129/><T55/><D38/><U62/><E76/><V10/><F0/><W91/><G132/><T79/><D4/><U84/><E72/><V57/><F133/><W126/><G126/><N who="0" m="48747" /><D43/><U52/><E30/><V39/><F39/><W135/><G135/><T128/><D128/><U104/><E33/><V115/><F115/><W108/><G108/><T48/><D112/><U85/><E100/><V18/><F35/><W97/><G97/><T41/><D41/><U37/><E37/><V70/><F24/><W29/><G3/><T123/><D123/><U99/><E63/><V119/><F119/><W50/><G91/><T15/><D79/><U90/><E14/><V118/><F118/><W23/><REACH who="3" step="1"/><G45/><REACH who="3" ten="72,173,453,292" step="2"/><T25/><D109/><U6/><E90/><V56/><F70/><W22/><G22/><T34/><D34/><U21/><E21/><V127/><F127/><W92/><G92/><T81/><D15/><U114/><E114/><V121/><F121/><W69/><G69/><T107/><D107/><U113/><E113/><V11/><F66/><W19/><G19/><T95/><D95/><N who="1" m="56687" /><E104/><V42/><F42/><AGARI ba="3,1" hai="1,5,9,23,26,29,42,44,50,73,75,78,83,87" machi="42" ten="30,2000,0" yaku="1,1,7,1,53,0" doraHai="122" doraHaiUra="96" who="3" fromWho="2" sc="72,0,173,0,453,-29,292,39" /><INIT seed="3,0,0,4,1,41" ten="72,173,424,331" oya="3" hai0="104,52,35,36,132,29,82,19,116,58,24,27,92" hai1="128,76,74,30,133,66,79,99,20,56,106,25,88" hai2="101,83,103,57,5,46,125,134,53,48,0,120,102" hai3="10,14,124,12,85,39,115,97,71,126,84,59,31"/><W43/><G71/><T121/><D116/><U96/><E128/><V122/><F5/><W34/><G115/><T123/><D104/><U72/><E133/><V4/><F134/><W81/><G12/><T91/><D36/><U109/><E109/><V33/><F33/><W62/><G97/><T108/><D108/><U21/><E106/><V3/><F4/><W6/><G34/><T87/><D132/><U32/><E32/><V55/><F125/><W111/><G31/><T75/><D75/><U86/><E74/><V80/><F55/><W112/><G112/><T69/><D69/><U100/><E72/><V49/><F57/><W1/><G1/><T22/><REACH who="0" step="1"/><D82/><REACH who="0" ten="62,173,424,331" step="2"/><U9/><E79/><V93/><F83/><W73/><G111/><T89/><D89/><U65/><E76/><V67/><F80/><W61/><G73/><T40/><D40/><U63/><E100/><V90/><F102/><W15/><G43/><T119/><D119/><U129/><E129/><V68/><F101/><W54/><G39/><T13/><D13/><U107/><E107/><V42/><F68/><W118/><G118/><T94/><D94/><U113/><E113/><V47/><F103/><W11/><G81/><T131/><D131/><U114/><E114/><V130/><F130/><W70/><G70/><T127/><D127/><U64/><E88/><V50/><F90/><W38/><G38/><T95/><D95/><U77/><E77/><V51/><F93/><W44/><G126/><T8/><D8/><U78/><E9/><V105/><F105/><W45/><G124/><T23/><D23/><RYUUKYOKU ba="0,1" sc="62,30,173,-10,424,-10,331,-10" hai0="19,22,24,27,29,35,52,58,87,91,92,121,123" /><INIT seed="4,1,1,0,3,93" ten="92,163,414,321" oya="0" hai0="38,70,96,11,71,60,105,75,28,57,129,117,130" hai1="1,84,128,12,77,132,88,48,87,119,134,37,7" hai2="103,112,36,102,121,59,124,72,82,81,55,31,76" hai3="54,40,39,110,14,83,22,9,52,74,34,13,19"/><T127/><D117/><U100/><E37/><V35/><F36/><W104/><G110/><T69/><D38/><U33/><E1/><V90/><F121/><W68/><G104/><T99/><D75/><U122/><E33/><V17/><F112/><W123/><G34/><T8/><D28/><U116/><E12/><V120/><F120/><W107/><G68/><T47/><D105/><U86/><E7/><V62/><F124/><W15/><G107/><T23/><D127/><U27/><E27/><V21/><F31/><W78/><G123/><T118/><D118/><N who="1" m="45099" /><E48/><V3/><F35/><W67/><G67/><T108/><D108/><U2/><E2/><V16/><F17/><W18/><REACH who="3" step="1"/><G13/><REACH who="3" ten="92,163,414,311" step="2"/><T92/><D92/><U25/><E122/><V53/><F3/><W32/><G32/><T26/><D47/><AGARI ba="1,2" hai="9,14,15,18,19,22,39,40,47,52,54,74,78,83" machi="47" ten="40,2600,0" yaku="1,1,54,1,53,0" doraHai="93" doraHaiUra="85" who="3" fromWho="0" sc="92,-29,163,0,414,0,311,49" /><INIT seed="5,0,0,2,3,125" ten="63,163,414,360" oya="1" hai0="102,17,133,45,92,33,69,65,101,30,99,73,81" hai1="6,61,123,112,5,19,38,79,94,23,110,107,104" hai2="91,68,115,98,32,47,75,132,44,3,82,31,108" hai3="20,27,83,41,72,97,0,128,49,134,118,13,105"/><U15/><E38/><V18/><F68/><W116/><G0/><T1/><D17/><U48/><E107/><V100/><F3/><W37/><G37/><T53/><D53/><U129/><E104/><V88/><F108/><W90/><G134/><T124/><D124/><U120/><E79/><V60/><F132/><W117/><G13/><T114/><D114/><U21/><E61/><V26/><F18/><W96/><G105/><T93/><D93/><U14/><E94/><V130/><F130/><W42/><G128/><T121/><D121/><N who="1" m="46667" /><E48/><V25/><F25/><W113/><G113/><T87/><D87/><U80/><E80/><V43/><F115/><W36/><G36/><T119/><D119/><U50/><E50/><V70/><F44/><N who="3" m="25743" /><G42/><T11/><D11/><N who="1" m="6623" /><E110/><V51/><F100/><W34/><G34/><T46/><D46/><U67/><E67/><V40/><F98/><W2/><G2/><T9/><D9/><N who="1" m="4527" /><E112/><V59/><F43/><W57/><G57/><T22/><D22/><N who="1" m="8203" /><E6/><V135/><F135/><W39/><G39/><T85/><D85/><U58/><E58/><V71/><F70/><W54/><G54/><T55/><D55/><U89/><E89/><V111/><F71/><W52/><G52/><T28/><D28/><U10/><E10/><V103/><F111/><W35/><G90/><T7/><D7/><U4/><E4/><V24/><F103/><W126/><G83/><T131/><D131/><AGARI ba="0,0" hai="129,131" m="8203,4527,6623,46667" machi="131" ten="30,11600,0" yaku="34,2,52,2" doraHai="125" who="1" fromWho="0" sc="63,-116,163,116,414,0,360,0" owari="-53,-55.0,279,-12.0,414,51.0,360,16.0" /></mjloggm>