<mjloggm ver="2.3"><GO type="41"/><UN n0="%E5%8F%8C%E9%BE%8D%E3%83%BB%E6%96%AC" n1="%E3%83%90%E3%83%AB%E3%82%B5%E3%82%B1%E3%83%B3%E3%82%BF" n2="%E3%82%A6%E3%83%AB%E3%83%88%E3%83%A9%E7%AB%8B%E7%9B%B4" n3="%E3%83%9F%E3%83%81%E3%83%A0%E3%83%8D" dan="13,13,15,14" rate="1957,1901,1965,1877" sx="M,M,M,M"/><TAIKYOKU oya="0"/><INIT seed="0,0,0,3,5,50" ten="250,250,250,250" oya="0" hai0="4,92,129,72,17,95,99,120,69,12,74,45,26" hai1="21,126,3,100,73,58,59,5,77,29,134,93,102" hai2="131,43,75,41,104,9,40,64,105,83,103,32,68" hai3="117,35,27,76,38,13,135,82,71,52,31,28,91"/><T84/><D120/><U70/><E70/><V96/><F131/><W63/><G38/><T114/><D114/><U48/><E73/><V112/><F112/><W33/><G117/><T90/><D69/><U119/><E77/><V1/><F105/><W108/><G108/><T22/><D129/><U122/><E119/><V128/><F128/><W88/><G135/><T127/><D127/><U111/><E126/><V109/><F109/><W23/><G13/><T65/><D65/><U44/><E122/><V11/><F11/><W62/><G71/><T97/><D84/><U98/><E134/><V89/><F89/><W8/><G8/><T67/><D67/><U79/><E79/><V107/><F107/><W54/><G35/><T24/><D45/><U57/><E3/><V60/><F83/><W116/><G116/><T87/><D87/><U2/><E2/><V113/><F113/><W49/><G33/><T130/><D130/><U124/><E5/><V10/><F75/><W125/><G125/><T123/><D123/><U34/><E34/><V115/><F115/><W25/><G49/><T42/><D42/><N who="1" m="24599" /><E124/><V66/><F1/><W14/><G14/><T20/><D4/><U80/><E80/><V55/><F32/><W133/><G133/><T86/><D86/><U36/><E36/><V30/><F30/><W106/><G106/><T18/><D12/><U81/><E81/><V0/><F0/><W56/><G76/><T110/><D110/><U16/><E29/><V19/><F104/><W7/><G7/><T118/><D118/><U37/><E111/><V15/><F68/><RYUUKYOKU ba="0,0" sc="250,30,250,-10,250,-10,250,-10" hai0="17,18,20,22,24,26,72,74,90,92,95,97,99" /><INIT seed="0,1,0,3,3,20" ten="280,240,240,240" oya="0" hai0="120,34,63,14,38,76,43,7,102,86,41,116,82" hai1="124,12,85,16,100,65,5,93,69,50,105,17,131" hai2="117,133,123,118,37,23,31,88,52,97,95,66,33" hai3="71,119,70,21,32,9,135,1,122,75,11,56,127"/><T128/><D120/><U55/><E105/><V108/><F33/><W89/><G75/><T54/><D116/><N who="2" m="44650" /><F37/><W130/><G119/><T26/><D38/><U53/><E69/><V30/><F123/><W121/><G32/><T19/><D128/><U51/><E131/><V72/><F72/><W98/><G130/><T2/><D2/><U10/><E65/><V64/><F133/><W3/><G56/><T81/><D102/><U110/><E124/><V18/><F108/><W28/><G98/><T58/><D34/><U46/><E110/><V4/><F4/><W91/><G21/><N who="0" m="13631" /><D81/><U78/><E100/><V99/><F99/><W57/><G57/><T74/><D74/><U15/><E15/><V60/><F64/><W107/><G28/><T6/><D6/><U114/><E114/><V79/><F79/><W96/><G96/><T115/><D115/><U113/><E113/><V125/><F66/><W49/><G49/><T132/><D132/><U84/><E84/><V112/><F112/><W90/><G135/><T101/><D101/><U94/><E94/><V73/><F73/><W42/><G42/><T104/><D104/><U13/><E13/><V45/><F125/><W36/><G36/><T77/><D76/><U134/><E134/><V48/><F60/><W111/><G111/><T8/><AGARI ba="1,0" hai="7,8,14,41,43,54,58,63,77,82,86" m="13631" machi="8" ten="30,3000,0" yaku="8,1,52,1" doraHai="20" who="0" fromWho="0" sc="280,33,240,-11,240,-11,240,-11" /><INIT seed="0,2,0,4,5,115" ten="313,229,229,229" oya="0" hai0="95,48,17,1,21,130,111,46,30,117,99,127,72" hai1="132,56,31,126,98,87,6,38,11,20,79,105,10" hai2="71,19,49,112,57,58,125,68,77,50,5,70,12" hai3="59,84,90,37,74,23,15,110,96,122,76,80,42"/><T94/><D72/><U22/><E38/><V7/><F112/><W106/><G110/><T104/><D1/><U27/><E105/><V2/><F77/><W103/><G122/><T29/><D130/><U97/><E11/><V63/><F2/><W116/><G116/><T64/><D127/><U91/><E79/><V108/><F108/><W8/><G23/><T39/><D117/><U83/><E126/><V113/><F113/><W60/><G42/><T101/><D111/><U67/><E20/><V16/><F125/><W85/><G37/><T88/><D64/><U33/><E33/><V14/><F71/><W41/><G41/><T54/><D39/><U102/><E132/><V35/><REACH who="2" step="1"/><F63/><REACH who="2" ten="313,229,219,229" step="2"/><W0/><G0/><T118/><D118/><U128/><E128/><V81/><F81/><W40/><G40/><T26/><REACH who="0" step="1"/><D104/><REACH who="0" ten="303,229,219,229" step="2"/><U129/><E129/><V28/><F28/><W100/><G100/><T107/><D107/><U65/><E102/><V32/><AGARI ba="2,2" hai="5,7,12,14,16,19,32,35,49,50,57,58,68,70" machi="32" ten="25,8000,1" yaku="1,1,0,1,22,2,54,1,53,0" doraHai="115" doraHaiUra="78" who="2" fromWho="2" sc="303,-42,229,-22,219,106,229,-22" /><INIT seed="1,0,0,4,5,126" ten="261,207,325,207" oya="1" hai0="98,74,10,53,60,11,30,73,109,101,61,28,99" hai1="22,124,97,91,37,90,44,49,107,104,39,33,6" hai2="71,58,23,128,120,106,47,18,9,25,80,20,75" hai3="55,3,81,122,82,133,131,111,24,66,67,21,103"/><U93/><E33/><V48/><F71/><W50/><G111/><T52/><REACH who="0" step="1"/><D101/><REACH who="0" ten="251,207,325,207" step="2"/><U1/><E124/><V115/><F115/><W59/><G122/><T41/><D41/><U72/><E72/><V35/><F120/><W26/><G103/><T83/><D83/><U134/><E134/><V29/><F106/><W94/><G133/><T79/><D79/><U113/><E113/><V125/><F125/><W31/><G131/><T88/><D88/><U7/><E107/><V27/><F80/><W96/><G3/><T123/><D123/><U46/><E104/><V77/><F77/><W4/><G82/><T78/><D78/><U64/><E1/><V36/><F75/><W119/><G81/><T84/><D84/><U86/><E64/><V129/><F129/><W12/><G119/><T8/><D8/><U127/><E127/><V135/><F128/><W16/><G66/><T43/><D43/><U62/><E86/><V2/><F135/><W112/><G67/><T118/><D118/><U85/><E85/><V38/><F9/><N who="3" m="4135" /><G112/><T5/><D5/><U32/><E93/><V110/><F2/><W121/><G121/><T0/><D0/><U15/><E91/><V57/><F57/><W117/><G117/><T14/><D14/><U116/><E90/><V34/><F58/><W68/><G68/><T56/><D56/><U100/><E15/><V45/><F45/><W13/><G31/><T108/><AGARI ba="0,1" hai="10,11,28,30,52,53,60,61,73,74,98,99,108,109" machi="108" ten="25,12000,2" yaku="21,2,0,1,22,2,54,1,53,0" doraHai="126" doraHaiUra="17" who="0" fromWho="0" sc="251,130,207,-60,325,-30,207,-30" /><INIT seed="2,0,0,0,1,20" ten="381,147,295,177" oya="2" hai0="104,67,47,63,132,114,43,117,66,120,2,85,68" hai1="74,83,131,35,128,95,101,118,61,109,73,36,91" hai2="102,134,121,6,70,18,11,81,112,93,71,54,113" hai3="82,122,34,58,72,21,38,57,64,98,15,48,116"/><V7/><F121/><W92/><G38/><T31/><D120/><U107/><E36/><V26/><F71/><W89/><G34/><T55/><D114/><U49/><E35/><V50/><F70/><W3/><G3/><T32/><D2/><U56/><E61/><V75/><F75/><W29/><G122/><T88/><D132/><U87/><E56/><V108/><F81/><W103/><G116/><T10/><D117/><U86/><E118/><V129/><F93/><W42/><G72/><T12/><D104/><U8/><E8/><V100/><F102/><W46/><G15/><T80/><D55/><U133/><E49/><V16/><F100/><W111/><G111/><T115/><D115/><N who="2" m="44106" /><F50/><W13/><G13/><T30/><D32/><U105/><E109/><V79/><F79/><W60/><G57/><T19/><REACH who="0" step="1"/><D67/><REACH who="0" ten="371,147,295,177" step="2"/><U39/><E133/><V65/><F54/><W90/><G82/><T130/><D130/><N who="1" m="49707" /><E107/><V62/><F65/><W126/><G126/><T23/><D23/><U94/><E105/><V14/><F129/><W106/><G106/><T124/><D124/><U4/><E101/><V41/><F41/><W5/><G5/><N who="2" m="1545" /><F62/><W119/><G119/><T78/><D78/><U0/><E0/><V22/><F108/><W125/><G125/><T110/><D110/><U84/><E73/><V97/><F97/><W76/><G76/><T45/><D45/><U24/><E74/><V44/><F44/><W17/><G17/><T96/><D96/><U53/><E53/><V33/><F33/><W135/><G135/><AGARI ba="0,1" hai="11,14,16,18,22,26,134,135" m="1545,44106" machi="135" ten="30,11600,0" yaku="34,2,52,1,54,1" doraHai="20" who="2" fromWho="3" sc="371,0,147,0,295,126,177,-116" /><INIT seed="2,1,0,0,1,57" ten="371,147,421,61" oya="2" hai0="31,25,35,62,110,20,22,126,5,6,115,73,91" hai1="92,114,11,40,4,106,105,80,30,56,76,78,116" hai2="8,63,24,53,129,19,77,119,130,18,135,122,121" hai3="72,124,74,26,9,132,66,70,85,100,23,125,27"/><V93/><F77/><W90/><G100/><T29/><D73/><U79/><E40/><V50/><F93/><W46/><G132/><T68/><D115/><U82/><E30/><V47/><F8/><W1/><G46/><T17/><D110/><U61/><E114/><V98/><F98/><W55/><G55/><T59/><D68/><U103/><E116/><V12/><F12/><W60/><G1/><T95/><D126/><U86/><E4/><V96/><F96/><W45/><G45/><T120/><D35/><U41/><E11/><V131/><F24/><W39/><G39/><T7/><D120/><N who="2" m="46186" /><F19/><W102/><G102/><T48/><D48/><U108/><E108/><V43/><F18/><W94/><G9/><T0/><D0/><U44/><E92/><V88/><F88/><W3/><G3/><T101/><D101/><U10/><E10/><V109/><F109/><W84/><G84/><N who="0" m="52711" /><D22/><U34/><E34/><V118/><F135/><W2/><G2/><T52/><AGARI ba="1,0" hai="5,6,7,17,20,25,29,31,52,59,62" m="52711" machi="52" ten="30,4000,0" yaku="8,1,52,1,54,1" doraHai="57" who="0" fromWho="0" sc="371,43,147,-11,421,-21,61,-11" /><INIT seed="3,0,0,2,0,129" ten="414,136,400,50" oya="3" hai0="89,121,36,8,39,112,81,93,94,13,115,20,3" hai1="7,74,52,58,35,29,41,92,70,69,99,26,25" hai2="42,108,133,118,54,124,119,75,78,28,63,15,21" hai3="123,79,134,71,46,90,106,83,64,50,122,66,1"/><W80/><G1/><T84/><D121/><U116/><E74/><V98/><F42/><W88/><G106/><T86/><D3/><U91/><E116/><V34/><F54/><W44/><G71/><T131/><D131/><U111/><E111/><V72/><F63/><W32/><G32/><T59/><D59/><U109/><E109/><V102/><F15/><W17/><G79/><T67/><D67/><U95/><E41/><V4/><F21/><W51/><REACH who="3" step="1"/><G17/><REACH who="3" ten="414,136,400,40" step="2"/><T40/><D115/><U96/><E7/><V62/><F4/><W12/><G12/><T9/><D112/><U2/><E2/><V47/><F78/><W110/><G110/><T76/><D76/><U30/><E30/><V77/><F28/><W130/><G130/><T38/><D13/><U49/><E25/><V100/><F34/><W127/><G127/><T135/><D9/><U24/><E24/><V6/><F124/><W22/><G22/><T125/><D8/><U16/><E16/><V128/><F6/><W104/><G104/><T23/><D23/><U57/><E58/><V60/><F128/><W33/><G33/><T126/><D20/><U103/><AGARI ba="0,1" hai="26,29,35,49,52,57,69,70,91,92,95,96,99,103" machi="103" ten="20,2700,0" yaku="0,1,7,1,54,1" doraHai="129" who="1" fromWho="1" sc="414,-7,136,37,400,-7,40,-13" /><INIT seed="4,0,0,1,3,3" ten="407,173,393,27" oya="0" hai0="124,108,1,14,72,68,5,21,67,52,4,103,48" hai1="73,131,88,101,129,56,95,126,59,74,86,112,38" hai2="111,99,134,10,128,66,0,19,31,71,100,27,79" hai3="70,116,76,42,2,54,118,58,53,41,83,94,122"/><T127/><D72/><N who="1" m="27755" /><E38/><V28/><F79/><W47/><G70/><T98/><D1/><U105/><E59/><V106/><F31/><W32/><G32/><T57/><D108/><U25/><E56/><V24/><F111/><W125/><G125/><N who="0" m="48203" /><D67/><U33/><E25/><V69/><F128/><N who="1" m="49225" /><E33/><V80/><F80/><W114/><G114/><T36/><D36/><U104/><E126/><V120/><F120/><W133/><G133/><T117/><D117/><U107/><E112/><V44/><F134/><W93/><G122/><T97/><D68/><U50/><E50/><V46/><F71/><W40/><G2/><T35/><D35/><U39/><E39/><V43/><F24/><W113/><G113/><T115/><D115/><U102/><AGARI ba="0,0" hai="86,88,95,101,102,104,105,107" m="49225,27755" machi="102" ten="40,8000,1" yaku="19,1,34,2,54,1" doraHai="3" who="1" fromWho="1" sc="407,-40,173,80,393,-20,27,-20" /><INIT seed="5,0,0,5,0,26" ten="367,253,373,7" oya="1" hai0="66,92,1,114,39,132,3,53,54,4,6,126,85" hai1="25,45,84,14,51,128,125,21,34,24,16,127,33" hai2="69,65,75,124,91,107,102,43,18,0,23,9,88" hai3="68,48,115,64,5,32,58,129,130,108,110,117,93"/><U87/><E128/><V95/><F69/><W105/><G32/><T78/><D39/><U38/><E38/><V52/><F65/><W50/><G105/><T101/><D66/><U119/><E119/><V82/><F43/><W99/><G5/><T15/><D114/><U73/><E73/><V12/><F107/><W123/><G115/><T133/><D126/><N who="1" m="48139" /><E24/><V100/><F124/><W35/><G35/><N who="1" m="13322" /><E25/><V55/><F75/><W40/><G123/><T49/><D15/><U109/><E109/><V116/><F116/><W2/><G2/><N who="0" m="523" /><D101/><N who="2" m="39018" /><F0/><W89/><G117/><T7/><D49/><N who="3" m="19049" /><G40/><T62/><D62/><U10/><E10/><V111/><F111/><N who="3" m="42539" /><G99/><T41/><D41/><AGARI ba="0,0" hai="14,16,21,41,45,51,84,87" m="13322,48139" machi="41" ten="30,2900,0" yaku="18,1,54,1" doraHai="26" who="1" fromWho="0" sc="367,-29,253,29,373,0,7,0" /><INIT seed="5,1,0,0,5,16" ten="338,282,373,7" oya="1" hai0="107,9,11,123,13,36,52,2,108,79,62,110,70" hai1="71,80,130,78,68,27,76,131,88,125,45,101,104" hai2="34,41,21,32,102,51,47,48,75,112,63,111,65" hai3="55,43,84,96,24,99,56,117,85,109,116,100,61"/><U120/><E120/><V17/><F75/><W1/><G1/><T29/><D36/><U64/><E45/><V126/><F111/><W35/><G109/><T94/><D107/><U77/><E125/><V103/><F126/><W59/><G43/><T30/><D123/><U3/><E3/><V114/><F34/><W91/><G56/><T38/><D38/><U83/><E64/><V72/><F32/><W86/><G91/><T82/><D2/><U33/><E71/><V113/><F72/><W0/><G0/><T8/><D13/><U46/><E46/><V5/><F5/><W69/><G69/><T50/><D94/><U54/><E68/><N who="2" m="42047" /><F51/><W74/><G74/><T127/><D127/><U119/><E54/><V53/><F53/><W90/><G90/><T133/><D133/><U87/><E119/><V66/><F66/><W25/><G35/><T115/><D115/><N who="2" m="29442" /><V122/><DORA hai="73" /><F122/><W106/><G99/><T10/><D70/><U89/><E27/><AGARI ba="1,0" hai="17,21,27,41,47,48,102,103" m="29442,42047" machi="27" ten="40,5200,0" yaku="15,1,11,1,52,1" doraHai="16,73" who="2" fromWho="1" sc="338,0,282,-55,373,55,7,0" /><INIT seed="6,0,0,2,0,133" ten="338,227,428,7" oya="2" hai0="74,124,105,118,93,24,103,41,88,59,35,54,83" hai1="40,11,28,7,26,127,17,53,75,57,82,45,128" hai2="4,20,79,18,122,3,51,47,129,135,109,114,36" hai3="66,39,14,91,78,86,89,126,21,68,132,104,77"/><V44/><F4/><W131/><G104/><T30/><D118/><U71/><E71/><V121/><F3/><W98/><G39/><T63/><D41/><U70/><E70/><V15/><F135/><W25/><G132/><T49/><D124/><U119/><E119/><V97/><F109/><W27/><G131/><T90/><D105/><U34/><E128/><V116/><F129/><W32/><G32/><T120/><D120/><U2/><E75/><V13/><F116/><W37/><G37/><T69/><D69/><U19/><E82/><V0/><F0/><W95/><G126/><T22/><D35/><U62/><REACH who="1" step="1"/><E127/><REACH who="1" ten="338,217,428,7" step="2"/><V125/><F125/><W94/><G68/><T29/><D83/><U9/><E9/><V64/><F114/><W113/><G113/><T10/><D10/><U85/><E85/><V107/><F121/><W55/><G66/><T6/><D74/><U16/><E16/><V72/><F64/><W33/><G33/><T56/><D30/><U5/><E5/><V42/><F122/><W99/><G86/><T50/><D6/><U67/><E67/><V8/><F8/><W38/><G38/><AGARI ba="0,1" hai="2,7,11,17,19,26,28,34,38,40,45,53,57,62" machi="38" ten="30,2000,0" yaku="1,1,7,1,53,0" doraHai="133" doraHaiUra="92" who="1" fromWho="3" sc="338,0,217,30,428,0,7,-20" owari="338,14.0,247,-15.0,428,52.0,-13,-51.0" /></mjloggm>