<mjloggm ver="2.3"><GO type="169"/><UN n0="%E3%81%AD%E3%81%98%E3%81%BE%E3%81%8D%E9%B3%A5%E2%88%AE" n1="%E6%AF%94%E5%98%89%E7%A7%80%E4%BB%81" n2="%E3%81%82%E3%81%A4%E3%81%82%E3%81%A4%E6%B9%AF%E8%B1%86%E8%85%90" n3="%EF%BC%88%E2%89%A7%E2%96%BD%E2%89%A6%EF%BC%89" dan="16,16,18,18" rate="2050,2126,2239,2144" sx="M,M,F,M"/><TAIKYOKU oya="0"/><INIT seed="0,0,0,0,5,63" ten="250,250,250,250" oya="0" hai0="76,21,128,130,93,95,73,18,120,57,20,51,25" hai1="71,17,15,127,28,11,53,19,69,72,96,46,97" hai2="103,100,39,49,114,132,126,10,55,107,98,108,86" hai3="85,41,0,9,3,134,47,82,60,109,23,22,2"/><T70/><D70/><U14/><E127/><V27/><F39/><W31/><G109/><T104/><D104/><U115/><E115/><V84/><F114/><W56/><G134/><T101/><D120/><U7/><E72/><V54/><F108/><W67/><G9/><T92/><D73/><U135/><E135/><V66/><F132/><W118/><G118/><T65/><D76/><U42/><E28/><V105/><F10/><W121/><G31/><T61/><D51/><U116/><E116/><V35/><F126/><W44/><G121/><T129/><REACH who="0" step="1"/><D21/><REACH who="0" ten="240,250,250,250" step="2"/><U113/><E113/><V68/><F49/><W83/><G23/><T8/><D8/><U45/><E11/><V79/><F79/><W80/><G22/><T38/><D38/><U91/><E71/><V43/><F107/><W26/><G26/><T52/><D52/><U6/><E69/><V50/><F50/><W24/><G24/><T111/><D111/><U131/><E53/><V117/><F55/><W90/><REACH who="3" step="1"/><G41/><REACH who="3" ten="240,250,250,240" step="2"/><T124/><D124/><U102/><E42/><V13/><F43/><W74/><G74/><T106/><D106/><U5/><E5/><V119/><F27/><W12/><G12/><T78/><D78/><U133/><E133/><V16/><F13/><W112/><G112/><T4/><D4/><U75/><E75/><V58/><F105/><W48/><G48/><T30/><D30/><U81/><E6/><V94/><F117/><W88/><G88/><T125/><D125/><U36/><E7/><V59/><F119/><W37/><G37/><T77/><D77/><U122/><E91/><RYUUKYOKU ba="0,2" sc="240,15,250,-15,250,-15,240,15" hai0="18,20,25,57,61,65,92,93,95,101,128,129,130" hai3="0,2,3,44,47,56,60,67,80,82,83,85,90" /><INIT seed="0,1,2,2,2,73" ten="255,235,235,255" oya="0" hai0="4,105,48,99,0,103,22,127,130,12,92,70,41" hai1="123,35,14,118,54,34,37,71,128,72,66,60,86" hai2="68,56,65,50,67,82,33,94,25,111,101,129,38" hai3="117,5,58,21,74,78,47,59,57,1,124,85,134"/><T110/><D70/><U52/><E123/><V100/><F38/><W32/><G117/><T30/><D0/><U61/><E118/><V51/><F68/><W76/><G32/><T115/><D115/><U96/><E37/><V16/><F111/><W63/><G74/><T79/><D110/><U26/><E72/><V107/><F107/><W108/><G108/><T102/><D130/><U15/><E96/><N who="2" m="59415" /><F33/><W24/><G134/><T104/><D127/><U29/><E128/><V20/><F129/><W46/><G124/><T10/><D103/><U45/><E35/><V53/><F101/><W89/><G63/><T83/><D41/><U126/><E126/><V77/><F51/><W75/><G75/><T3/><D3/><U135/><E135/><V19/><F19/><N who="3" m="12351" /><G5/><T91/><D102/><U40/><E86/><AGARI ba="1,2" hai="16,20,25,50,53,56,65,67,77,82,86" m="59415" machi="86" ten="30,3900,0" yaku="8,1,52,1,54,1" doraHai="73" who="2" fromWho="1" sc="255,0,235,-42,235,62,255,0" /><INIT seed="1,0,0,5,4,113" ten="255,193,297,255" oya="1" hai0="38,114,63,42,124,22,4,62,108,52,12,41,100" hai1="47,121,37,17,105,8,54,118,110,49,81,70,104" hai2="103,48,0,116,44,107,128,13,88,9,40,56,93" hai3="135,73,36,79,77,51,20,2,7,74,3,71,53"/><U64/><E121/><V101/><F0/><W1/><G7/><T80/><D114/><U82/><E37/><V120/><F120/><W98/><G71/><T134/><D108/><U126/><E110/><V23/><F128/><W86/><G36/><T45/><D42/><U102/><E126/><V133/><F133/><W90/><G135/><T85/><D134/><U72/><E64/><V30/><F107/><W24/><G98/><T123/><D123/><U132/><E70/><V89/><F116/><W10/><G10/><T11/><D124/><U97/><E132/><V18/><F56/><W83/><G74/><T129/><D129/><U76/><E82/><V31/><F89/><W111/><G111/><T68/><D100/><N who="2" m="38474" /><F9/><W21/><G73/><T59/><D22/><U94/><REACH who="1" step="1"/><E118/><REACH who="1" ten="255,183,297,255" step="2"/><V43/><F43/><W50/><G83/><T39/><D68/><U58/><E58/><V19/><F19/><W14/><G53/><T84/><D39/><U61/><E61/><V75/><F75/><W33/><G51/><T91/><D62/><U5/><E5/><V25/><F40/><W117/><G50/><T96/><D59/><U119/><E119/><V122/><F48/><W130/><G117/><T32/><D63/><U87/><E87/><N who="2" m="52383" /><F122/><W131/><G130/><T67/><D41/><U46/><E46/><V29/><F44/><W92/><G131/><T15/><D45/><U127/><E127/><V65/><F65/><W6/><G6/><T95/><D67/><U66/><E66/><V78/><F78/><W27/><G79/><N who="0" m="46111" /><D38/><U34/><E34/><V55/><F55/><RYUUKYOKU ba="0,1" sc="255,-15,183,15,297,15,255,-15" hai1="8,17,47,49,54,72,76,81,94,97,102,104,105" hai2="13,18,23,25,29,30,31" /><INIT seed="1,1,1,2,3,49" ten="240,198,312,240" oya="1" hai0="51,128,15,1,61,75,52,13,33,92,66,94,79" hai1="58,130,80,39,19,103,8,122,72,10,3,18,26" hai2="125,86,36,89,68,77,30,12,99,107,65,85,50" hai3="20,11,57,84,40,14,48,101,4,63,55,70,106"/><U62/><E122/><V69/><F36/><W35/><G35/><T119/><D1/><U41/><E130/><V29/><F77/><W5/><G106/><T124/><D33/><U127/><E103/><V121/><F121/><W100/><G4/><T83/><D119/><U28/><E127/><V7/><F107/><W110/><G110/><T97/><D124/><U111/><E111/><V38/><F38/><W113/><G113/><T46/><D128/><U22/><E39/><V98/><F12/><W133/><G133/><T82/><D82/><U9/><E41/><V37/><F37/><W114/><G114/><T117/><D117/><U134/><E3/><V21/><F7/><W53/><G40/><T132/><D132/><U109/><E109/><V73/><F73/><W104/><G104/><T93/><REACH who="0" step="1"/><D97/><REACH who="0" ten="230,198,312,240" step="2"/><U118/><E118/><V17/><F99/><W25/><G84/><T112/><D112/><U108/><E108/><V105/><F86/><W123/><G123/><T0/><D0/><U24/><E134/><V88/><F85/><W67/><REACH who="3" step="1"/><G53/><REACH who="3" ten="230,198,312,230" step="2"/><T56/><AGARI ba="1,3" hai="13,15,46,51,52,56,61,66,75,79,83,92,93,94" machi="56" ten="30,8000,1" yaku="1,1,0,1,52,1,54,1,53,1" doraHai="49" doraHaiUra="45" who="0" fromWho="0" sc="230,113,198,-41,312,-21,230,-21" /><INIT seed="2,0,0,3,3,128" ten="343,157,291,209" oya="2" hai0="99,69,70,94,41,81,120,30,37,36,9,129,35" hai1="86,108,87,50,45,32,33,20,114,16,68,78,105" hai2="75,14,51,1,12,132,71,46,40,60,22,47,133" hai3="100,85,134,117,31,65,109,95,7,115,126,18,43"/><V106/><F1/><W76/><G117/><T53/><D120/><U101/><E108/><V54/><F106/><W13/><G115/><T52/><D81/><U116/><E68/><V88/><F75/><W135/><G109/><T10/><D94/><U77/><E114/><V27/><F71/><W4/><G126/><T124/><D99/><U17/><E116/><V93/><F60/><W97/><G31/><T130/><D30/><U63/><E63/><V80/><F80/><N who="3" m="47239" /><G65/><T89/><D89/><U59/><E105/><V92/><F92/><W56/><G56/><T113/><D113/><U39/><E101/><V24/><F24/><W29/><G43/><T73/><D41/><U90/><E59/><V125/><F125/><W57/><G57/><T111/><D111/><U74/><E74/><V98/><F14/><W25/><G25/><T103/><D73/><U122/><E39/><V96/><F12/><W0/><G29/><T26/><D26/><U11/><E122/><V112/><F98/><W79/><G79/><T5/><D124/><U19/><E33/><V64/><F64/><W119/><G119/><T34/><D103/><U91/><E32/><V62/><F62/><W15/><G0/><T44/><D44/><U123/><E123/><V48/><REACH who="2" step="1"/><F112/><REACH who="2" ten="343,157,281,209" step="2"/><W118/><G118/><T21/><D70/><U127/><E127/><V8/><F8/><N who="3" m="6439" /><G15/><T107/><D107/><U72/><E72/><V84/><F84/><N who="1" m="32297" /><E11/><V42/><F42/><W121/><G121/><T3/><D10/><U82/><E82/><V110/><F110/><W102/><G102/><T28/><D9/><RYUUKYOKU ba="0,1" sc="343,-15,157,-15,281,15,209,15" hai2="22,27,40,46,47,48,51,54,88,93,96,132,133" hai3="4,7,95,97,100,134,135" /><INIT seed="2,1,1,3,5,12" ten="328,142,296,224" oya="2" hai0="59,109,121,0,76,78,132,44,7,8,118,92,77" hai1="27,82,11,47,61,99,97,105,119,129,108,72,1" hai2="125,85,98,17,68,9,18,14,100,63,116,66,62" hai3="65,128,38,106,88,25,87,83,39,103,114,6,74"/><V50/><F116/><W127/><G6/><T24/><D121/><U55/><E119/><V107/><F125/><W26/><G127/><T102/><D118/><U120/><E108/><V32/><F32/><W131/><G114/><T33/><D109/><U96/><E120/><V41/><F63/><W80/><G65/><T71/><D71/><U91/><E129/><N who="3" m="49738" /><G103/><T54/><D44/><U36/><E27/><N who="3" m="10250" /><G106/><T2/><D2/><U23/><E23/><V37/><F37/><N who="3" m="13835" /><G74/><T112/><D112/><U73/><E105/><V13/><F85/><W45/><G45/><T51/><D7/><U56/><E72/><V35/><F35/><W42/><G42/><T64/><D102/><U110/><E110/><V16/><REACH who="2" step="1"/><F9/><REACH who="2" ten="328,142,286,224" step="2"/><W3/><G3/><T130/><D8/><U134/><E11/><V46/><AGARI ba="1,2" hai="13,14,16,17,18,41,46,50,62,66,68,98,100,107" machi="46" ten="30,24000,3" yaku="1,1,2,1,0,1,52,3,54,1,53,1" doraHai="12" doraHaiUra="93" who="2" fromWho="2" sc="328,-81,142,-81,286,263,224,-81" /><INIT seed="2,2,0,5,1,98" ten="247,61,549,143" oya="2" hai0="83,71,60,95,69,132,120,0,59,62,39,82,100" hai1="34,116,7,55,12,91,22,8,58,101,102,53,111" hai2="68,16,54,79,85,3,11,50,56,75,28,84,41" hai3="135,1,36,81,114,13,90,30,123,23,103,24,74"/><V4/><F68/><W18/><G1/><T70/><D120/><U6/><E34/><V14/><F28/><W86/><G123/><T51/><D39/><U48/><E111/><V33/><F33/><W49/><G36/><T80/><D0/><U2/><E116/><V92/><F41/><W112/><G135/><T67/><D132/><U109/><E109/><V121/><F121/><W57/><G74/><T64/><D51/><U115/><E115/><V117/><F117/><W72/><G72/><T118/><D118/><U21/><E55/><V61/><F92/><W29/><G103/><N who="1" m="39434" /><E2/><V37/><F37/><W77/><G77/><T89/><D100/><U40/><E40/><V125/><F125/><W35/><G114/><T104/><D104/><U87/><E6/><V65/><F79/><W106/><G106/><T44/><D44/><U45/><E45/><V47/><F75/><W43/><G112/><T31/><D67/><U122/><E122/><V129/><F129/><W19/><G35/><T128/><D64/><U9/><E8/><AGARI ba="2,0" hai="3,4,8,11,14,16,47,50,54,56,61,65,84,85" machi="8" ten="30,2900,0" yaku="7,1,54,1" doraHai="98" who="2" fromWho="1" sc="247,0,61,-35,549,35,143,0" /><INIT seed="2,3,0,0,4,0" ten="247,26,584,143" oya="2" hai0="84,88,22,50,73,96,4,83,97,27,105,34,19" hai1="86,114,135,79,36,131,61,124,8,94,21,55,116" hai2="112,129,103,128,35,31,23,100,109,113,15,130,90" hai3="74,89,60,80,45,77,53,122,11,71,17,5,56"/><V2/><F2/><W20/><G122/><T14/><D73/><U42/><E116/><V51/><F109/><W117/><G117/><T121/><D121/><U99/><E114/><N who="2" m="44139" /><F35/><W65/><G89/><T33/><D33/><U123/><E123/><V76/><F76/><W106/><G106/><T57/><D105/><U104/><E104/><V101/><F90/><W48/><G20/><T120/><D120/><U134/><E131/><V63/><F51/><W66/><G17/><T62/><D50/><U49/><E124/><V47/><F47/><W24/><G24/><T32/><D32/><U118/><E118/><V78/><F78/><W43/><REACH who="3" step="1"/><G71/><REACH who="3" ten="247,26,584,133" step="2"/><T93/><D34/><U70/><E21/><V30/><F23/><W18/><G18/><T133/><D19/><U3/><E70/><V82/><F128/><W46/><G46/><T68/><D22/><U54/><E135/><V119/><F129/><W95/><G95/><T132/><D93/><U40/><E134/><V115/><F115/><W29/><G29/><T38/><D68/><U107/><E107/><V125/><F130/><W85/><G85/><T98/><D84/><U26/><E26/><V6/><F119/><W16/><G16/><T108/><D27/><U110/><E110/><V10/><F101/><W75/><G75/><T13/><D108/><U12/><E94/><V67/><F100/><W9/><G9/><T126/><D133/><U28/><E86/><V91/><F103/><W111/><G111/><T39/><D132/><U92/><E92/><V69/><F125/><W64/><G64/><T127/><D126/><RYUUKYOKU ba="3,1" sc="247,-15,26,-15,584,15,133,15" hai2="6,10,15,30,31,63,67,69,82,91" hai3="5,11,43,45,48,53,56,60,65,66,74,77,80" /><INIT seed="2,4,1,0,0,23" ten="232,11,599,148" oya="2" hai0="94,48,17,22,129,102,14,75,44,61,45,7,95" hai1="72,83,9,38,10,2,29,12,86,26,101,117,130" hai2="80,120,57,30,15,28,46,33,88,11,0,20,36" hai3="24,73,1,97,112,96,106,21,113,121,133,103,67"/><V65/><F33/><W40/><G121/><T27/><D75/><U63/><E117/><V89/><F0/><W34/><G133/><T114/><D114/><N who="3" m="44137" /><G73/><T100/><D129/><U131/><E38/><V41/><F120/><W119/><G119/><T98/><D61/><U134/><E72/><V3/><F3/><W4/><G34/><T35/><D48/><U53/><E134/><V55/><F65/><W58/><G40/><T54/><D54/><U68/><E101/><V19/><F80/><W90/><G67/><T56/><D56/><N who="1" m="35215" /><E68/><V37/><F37/><W74/><G58/><T91/><D102/><U125/><E2/><V13/><F30/><N who="3" m="17679" /><G74/><T5/><D35/><N who="1" m="20919" /><E12/><V51/><F28/><W118/><G118/><T71/><D71/><U109/><E109/><V92/><F92/><N who="3" m="56343" /><G1/><T124/><D45/><U52/><E52/><V111/><REACH who="2" step="1"/><F111/><REACH who="2" ten="232,11,589,148" step="2"/><W8/><G106/><T18/><D95/><U64/><E64/><V70/><F70/><W108/><G108/><T59/><D94/><U77/><E125/><V115/><F115/><W6/><G103/><T116/><D100/><U62/><E62/><V16/><AGARI ba="4,2" hai="11,13,15,16,19,20,36,41,46,51,55,57,88,89" machi="16" ten="20,12000,1" yaku="1,1,0,1,7,1,54,2,53,0" doraHai="23" doraHaiUra="32" who="2" fromWho="2" sc="232,-44,11,-44,589,152,148,-44" owari="188,-1.0,-33,-53.0,741,84.0,104,-30.0" /></mjloggm>