<mjloggm ver="2.3"><GO type="97"/><UN n0="%E8%91%B5%E6%9C%88" n1="%4E%6F%4E%61%6D%65%6D%6D" n2="%E3%81%86%E3%81%AA%E3%82%BB%E3%82%AF" n3="%EF%BC%88%E2%89%A7%E2%96%BD%E2%89%A6%EF%BC%89" dan="14,14,14,14" rate="1944,1955,1945,2032" sx="M,M,M,M"/><TAIKYOKU oya="0"/><INIT seed="0,0,0,5,2,82" ten="250,250,250,250" oya="0" hai0="85,106,41,102,81,3,12,43,17,104,44,42,84" hai1="49,68,125,16,70,63,77,58,26,123,124,121,76" hai2="13,103,113,5,87,79,91,69,22,15,133,97,55" hai3="132,23,74,66,34,95,18,59,6,128,51,19,8"/><T117/><D117/><U114/><E49/><V37/><F133/><W111/><G74/><T29/><D3/><U131/><E131/><V64/><F79/><N who="1" m="30281" /><E114/><V65/><F37/><W94/><G34/><T75/><D75/><U108/><E108/><V105/><F69/><N who="1" m="26729" /><E26/><V119/><F119/><W10/><G132/><T96/><D106/><U73/><E73/><V71/><F71/><W93/><G111/><T7/><D29/><U39/><E39/><V14/><F55/><N who="3" m="32255" /><G128/><T21/><D44/><U134/><E134/><V115/><F22/><W30/><G66/><T9/><REACH who="0" step="1"/><D81/><REACH who="0" step="2"/><U28/><E28/><V99/><F115/><W27/><G6/><T36/><D36/><U67/><E16/><AGARI ba="0,1" hai="8,10,16,18,19,23,27,30,93,94,95" m="32255" machi="16" ten="30,2000,0" yaku="8,1,54,1" doraHai="82" who="3" fromWho="1" sc="240,0,250,-20,250,0,250,30" /><INIT seed="1,0,0,1,5,65" ten="240,230,250,280" oya="1" hai0="90,134,5,55,2,31,82,77,115,35,62,51,60" hai1="84,106,71,57,59,100,50,83,64,105,110,124,61" hai2="93,97,74,58,109,15,0,132,73,19,135,75,7" hai3="42,30,86,118,121,131,39,11,1,91,3,25,127"/><U126/><E110/><V103/><F109/><W41/><G121/><T20/><D115/><U53/><E57/><V8/><REACH who="2" step="1"/><F58/><REACH who="2" step="2"/><W78/><G118/><T22/><D134/><U37/><E37/><V52/><F52/><W108/><G39/><T122/><D122/><U54/><E54/><V32/><F32/><W69/><G108/><T119/><D119/><U95/><E106/><V13/><F13/><W44/><G1/><T96/><D35/><U111/><E105/><V40/><F40/><W34/><G42/><T85/><D2/><U80/><E111/><V99/><F99/><W56/><G3/><T43/><D43/><U4/><E4/><V36/><F36/><W17/><G56/><T27/><D96/><U98/><REACH who="1" step="1"/><E84/><REACH who="1" step="2"/><V89/><F89/><W123/><G91/><T10/><D5/><U128/><E128/><V68/><F68/><W63/><G69/><T104/><D104/><U81/><AGARI ba="0,2" hai="50,53,59,61,64,71,80,81,83,95,98,100,124,126" machi="81" ten="30,6000,0" yaku="1,1,0,1,52,1,53,0" doraHai="65" doraHaiUra="24" who="1" fromWho="1" sc="240,-20,220,80,240,-20,280,-20" /><INIT seed="1,1,0,4,1,127" ten="220,300,220,260" oya="1" hai0="1,60,114,13,12,51,117,8,93,66,125,16,95" hai1="81,101,100,56,85,89,109,42,76,70,74,135,31" hai2="88,36,49,78,34,21,59,29,48,24,58,110,112" hai3="105,65,5,41,106,30,94,64,126,47,77,63,28"/><U111/><E70/><V118/><F118/><W62/><G126/><T84/><D117/><U119/><E119/><V7/><F36/><W14/><G77/><T19/><D125/><U128/><E31/><V90/><F110/><N who="1" m="41993" /><E42/><V9/><F112/><W40/><G47/><T103/><D114/><U134/><E56/><N who="2" m="21547" /><F34/><W20/><G94/><T32/><D32/><U120/><E128/><V37/><F78/><W123/><G20/><T53/><D1/><U69/><E69/><V46/><F37/><W96/><G5/><T75/><D75/><U86/><E120/><V92/><F46/><W115/><G115/><T4/><D4/><U130/><E130/><V68/><F68/><W23/><G23/><T131/><D131/><U116/><E116/><V33/><F33/><W82/><G123/><T6/><D6/><U0/><E0/><V67/><F67/><W44/><G65/><T50/><D60/><U25/><E25/><V83/><F7/><W73/><G64/><T133/><D66/><U87/><E89/><N who="2" m="34411" /><F9/><W26/><G63/><T104/><D104/><U3/><E3/><V27/><F27/><W107/><G26/><T129/><D129/><U122/><E122/><V102/><F83/><W22/><G82/><T113/><D113/><U99/><E99/><AGARI ba="1,0" hai="21,24,29,48,49,92,99,102" m="34411,21547" machi="99" ten="30,2000,0" yaku="8,1,54,1" doraHai="127" who="2" fromWho="1" sc="220,0,300,-23,220,23,260,0" /><INIT seed="2,0,0,3,4,17" ten="220,277,243,260" oya="2" hai0="33,89,7,35,126,115,24,70,99,79,66,114,123" hai1="61,97,60,124,49,84,14,31,54,87,69,105,20" hai2="125,16,133,106,74,83,18,101,11,55,76,51,90" hai3="94,132,113,22,73,64,128,68,34,47,13,104,107"/><V43/><F125/><W80/><G34/><T4/><D126/><U53/><E124/><V109/><F133/><W111/><G132/><T102/><D123/><U85/><E69/><V118/><F118/><W62/><G128/><T8/><D79/><U77/><E105/><V112/><F112/><W59/><G113/><T82/><D7/><U121/><E121/><V26/><F109/><W135/><G135/><T103/><D103/><U81/><E97/><V91/><F43/><W110/><G47/><T93/><D114/><U98/><E98/><V9/><F101/><W71/><G94/><T37/><D37/><U127/><E127/><V45/><F106/><N who="3" m="40491" /><G80/><T12/><D24/><N who="1" m="16775" /><E14/><V39/><F39/><W41/><G73/><T119/><D119/><U50/><E50/><V56/><F56/><W92/><G68/><T131/><D131/><U19/><E19/><N who="2" m="7211" /><F26/><W0/><G71/><T63/><D115/><U6/><E6/><V15/><F74/><W32/><G0/><T117/><D117/><U130/><E130/><V1/><F1/><W29/><G111/><T44/><D44/><N who="1" m="27815" /><E60/><V88/><F15/><W57/><G13/><T30/><D30/><U36/><E36/><V67/><F45/><W86/><G110/><T21/><D35/><U122/><E122/><V65/><F51/><W96/><G32/><T78/><D33/><U25/><E25/><V52/><F9/><W40/><G29/><T134/><D134/><U23/><E61/><V3/><F11/><W100/><G62/><T48/><D48/><U129/><E129/><V38/><F3/><W95/><G96/><RYUUKYOKU ba="0,0" sc="220,0,277,0,243,0,260,0" /><INIT seed="3,1,0,2,4,43" ten="220,277,243,260" oya="3" hai0="36,18,109,65,92,117,130,71,101,15,5,14,82" hai1="112,72,80,100,42,56,110,104,23,124,94,29,45" hai2="68,85,47,111,7,73,81,38,79,61,102,118,9" hai3="20,69,30,6,40,27,70,49,24,28,21,31,62"/><W37/><G37/><T89/><D117/><U114/><E112/><V99/><F118/><W122/><G122/><T22/><D36/><U126/><E104/><V50/><F38/><W134/><G134/><T26/><D130/><U105/><E105/><V10/><F111/><W78/><G6/><T77/><D109/><U2/><E2/><V54/><F73/><W129/><G129/><T46/><D101/><U97/><E114/><V4/><F4/><W67/><G78/><T113/><D113/><U87/><E72/><V103/><F9/><W48/><G31/><T106/><D106/><U52/><E110/><V84/><F84/><W25/><G25/><T59/><D71/><U3/><E3/><V19/><F19/><W133/><G133/><T88/><D89/><U123/><E123/><V119/><F119/><W55/><G70/><T33/><D33/><U96/><E94/><V51/><F51/><W125/><G125/><N who="1" m="48234" /><E100/><V17/><F17/><W16/><G40/><T107/><D107/><U95/><E95/><N who="2" m="58751" /><F68/><W74/><G74/><T44/><D77/><N who="1" m="46479" /><E23/><V128/><F103/><W34/><G55/><T11/><D82/><U64/><E64/><V53/><F128/><W76/><G76/><T39/><D39/><N who="1" m="21727" /><E29/><V86/><F10/><W41/><G30/><T135/><D135/><U32/><E32/><V66/><F7/><W98/><G34/><T75/><D75/><U115/><E115/><V93/><F66/><W13/><G28/><T60/><D26/><U116/><E116/><V127/><F127/><W120/><G24/><T121/><D121/><U90/><E90/><RYUUKYOKU ba="1,0" sc="220,15,277,15,243,-15,260,-15" hai0="5,11,14,15,18,22,44,46,59,60,65,88,92" hai1="52,56,96,97" /><INIT seed="4,2,0,2,3,42" ten="235,292,228,245" oya="0" hai0="71,22,134,73,119,25,78,21,52,81,45,23,41" hai1="39,88,16,122,62,107,51,44,85,133,7,91,53" hai2="105,95,104,86,37,106,94,48,1,28,9,135,49" hai3="121,118,90,11,50,6,74,89,43,129,0,84,93"/><T12/><D119/><U15/><E107/><V100/><F37/><W61/><G118/><T17/><D134/><U130/><E133/><V80/><F135/><W69/><G74/><T2/><D2/><U131/><E122/><V36/><F36/><W47/><G121/><T60/><D25/><U103/><E103/><V40/><F28/><W14/><G129/><N who="1" m="49162" /><E7/><V59/><F48/><W8/><G89/><N who="1" m="34378" /><E85/><V10/><F1/><W124/><G124/><T56/><REACH who="0" step="1"/><D71/><REACH who="0" step="2"/><U70/><E70/><V34/><F34/><W113/><G69/><T65/><D65/><U76/><E39/><AGARI ba="2,1" hai="12,17,21,22,23,39,41,45,52,56,60,73,78,81" machi="39" ten="30,11600,0" yaku="1,1,7,1,52,1,54,1,53,0" doraHai="42" doraHaiUra="102" who="0" fromWho="1" sc="225,132,292,-122,228,0,245,0" owari="357,45,170,-33,228,-17,245,5" /></mjloggm>