<mjloggm ver="2.3"><GO type="43"/><UN n0="%6D%61%6E%62%6F%77" n1="%EF%BC%88%E2%89%A7%E2%96%BD%E2%89%A6%EF%BC%89" n2="%E3%81%88%E3%82%8C%E3%82%81%E3%82%93%E3%81%A8" n3="%E5%BC%B7%E3%81%8F%E3%81%AA%E3%81%84%E3%81%8A" dan="15,15,14,17" rate="2004,1998,1906,2031" sx="M,M,M,M"/><TAIKYOKU oya="0"/><INIT seed="0,0,0,1,2,26" ten="250,250,250,250" oya="0" hai0="75,4,101,120,5,107,79,94,11,16,99,28,73" hai1="86,130,52,87,25,84,7,23,98,44,15,46,72" hai2="134,108,77,38,131,109,100,43,90,31,2,96,78" hai3="114,37,40,121,1,17,10,80,12,51,21,32,53"/><T122/><D5/><U103/><E72/><V58/><F58/><W81/><G114/><T27/><D16/><U54/><E130/><V127/><F90/><W105/><G105/><T63/><D63/><U69/><E69/><V95/><F2/><W82/><G32/><T59/><D59/><U30/><E7/><V70/><F70/><W42/><G37/><T91/><D75/><U125/><E125/><V128/><F43/><W9/><G121/><T29/><D79/><U112/><E112/><V124/><F38/><W113/><G113/><T35/><D29/><U64/><E64/><V41/><F41/><N who="3" m="15979" /><G1/><T60/><D60/><U33/><E33/><V56/><F56/><AGARI ba="0,0" hai="9,10,12,17,21,51,53,56,80,81,82" m="15979" machi="56" ten="30,1000,0" yaku="8,1" doraHai="26" who="3" fromWho="2" sc="250,0,250,0,250,-10,250,10" /><INIT seed="1,0,0,3,0,81" ten="250,250,240,260" oya="1" hai0="8,116,14,124,130,37,111,20,108,48,50,58,134" hai1="94,11,84,91,28,0,78,43,72,114,102,32,66" hai2="104,93,86,79,70,115,97,4,55,16,109,69,30" hai3="88,125,122,36,10,51,23,67,64,5,39,121,29"/><U19/><E114/><V135/><F16/><W38/><G125/><T13/><D124/><U71/><E43/><V75/><F109/><W83/><G51/><T7/><D116/><U131/><E131/><V113/><F135/><W46/><G46/><T110/><D37/><U101/><E72/><V76/><F30/><W98/><G64/><T12/><D130/><U52/><E78/><V60/><F4/><W61/><G23/><T127/><D127/><U17/><E32/><V15/><F15/><W120/><G29/><T105/><D105/><U80/><E28/><V18/><F18/><W47/><G47/><T54/><D134/><U123/><E123/><V74/><F55/><W117/><G117/><T92/><D20/><U126/><E126/><V34/><F60/><W22/><G22/><T112/><D112/><N who="2" m="43082" /><F34/><W42/><G42/><T44/><REACH who="0" step="1"/><D92/><REACH who="0" ten="240,250,240,260" step="2"/><U65/><E94/><V1/><F104/><W24/><G121/><T26/><D26/><U9/><E9/><V31/><F75/><W77/><G10/><T90/><D90/><U27/><E91/><V35/><F74/><W45/><G120/><T96/><D96/><U63/><E11/><V25/><F86/><W107/><G122/><T99/><D99/><U119/><E84/><V89/><F76/><W33/><G77/><T82/><D82/><U95/><E80/><V133/><F79/><W57/><G107/><T59/><D59/><U49/><E119/><V6/><F133/><W73/><G73/><T3/><D3/><U68/><E0/><V118/><F118/><W53/><G83/><T132/><D132/><RYUUKYOKU ba="0,1" sc="240,15,250,-15,240,15,260,-15" hai0="7,8,12,13,14,44,48,50,54,58,108,110,111" hai2="1,6,25,31,35,69,70,89,93,97" /><INIT seed="2,1,1,0,3,20" ten="255,235,255,245" oya="2" hai0="67,34,24,6,56,23,26,90,2,22,93,121,120" hai1="103,135,5,130,3,126,106,16,30,7,40,9,112" hai2="78,47,38,18,0,128,65,59,108,107,129,100,91" hai3="35,87,33,77,57,62,85,101,45,39,109,105,88"/><V79/><F0/><W15/><G109/><T37/><D37/><U43/><E112/><V134/><F134/><W96/><G77/><T64/><D34/><U114/><E135/><V118/><F118/><W89/><G15/><T12/><D2/><U41/><E130/><N who="2" m="50283" /><F108/><W51/><G39/><T131/><D131/><U132/><E132/><V54/><F100/><W113/><G113/><T125/><D125/><U80/><E126/><V53/><F107/><W27/><G88/><T133/><D133/><U52/><E114/><V95/><F18/><W123/><G123/><T75/><D75/><U70/><E70/><V8/><F8/><W32/><G89/><T83/><D83/><U124/><E124/><V84/><F65/><N who="0" m="25162" /><D56/><U92/><E106/><V110/><F110/><W25/><G85/><N who="0" m="52431" /><D121/><U63/><E3/><V94/><F94/><W36/><G87/><T58/><D58/><U14/><E92/><V98/><F59/><W116/><G116/><T69/><D120/><U115/><E115/><V111/><F111/><W86/><G86/><T19/><D69/><U31/><E80/><N who="2" m="47127" /><F79/><W76/><G76/><T99/><D99/><U60/><E103/><V119/><F119/><W46/><G46/><T61/><D61/><U55/><E63/><V74/><F74/><W71/><G71/><T13/><D6/><N who="1" m="2059" /><E60/><V72/><F72/><W11/><G62/><T28/><AGARI ba="1,1" hai="12,13,19,22,23,24,26,28" m="52431,25162" machi="28" ten="30,4000,0" yaku="8,1,52,2" doraHai="20" who="0" fromWho="0" sc="255,53,235,-11,255,-21,245,-11" /><INIT seed="3,0,0,2,0,2" ten="308,224,234,234" oya="3" hai0="7,133,65,39,115,48,40,70,15,87,113,31,11" hai1="6,29,44,66,23,96,68,56,28,4,82,75,43" hai2="128,83,47,58,129,12,25,45,114,0,38,27,76" hai3="64,126,53,94,20,84,9,111,73,54,36,77,102"/><W107/><G36/><T18/><D39/><U10/><E68/><V120/><F114/><W1/><G64/><T127/><D31/><U118/><E118/><V78/><F120/><W51/><G126/><T104/><D104/><U3/><E96/><V34/><F58/><W98/><G111/><T19/><D127/><U46/><E6/><V97/><F78/><W135/><G135/><T72/><D72/><U14/><E3/><V131/><F97/><W89/><G20/><T122/><D122/><U35/><E35/><V67/><F67/><W80/><G51/><T57/><D87/><U17/><E75/><V119/><F119/><W108/><G108/><T125/><D125/><U93/><E82/><V42/><F47/><N who="1" m="17961" /><E93/><V109/><F109/><W74/><REACH who="3" step="1"/><G73/><REACH who="3" ten="308,224,234,224" step="2"/><T41/><D133/><U123/><E123/><V92/><F128/><W55/><G55/><N who="0" m="31975" /><D65/><U103/><E43/><N who="0" m="16457" /><D70/><U79/><E66/><V24/><F34/><W116/><G116/><T88/><D88/><U117/><E117/><V30/><F30/><W106/><G106/><T50/><D50/><U112/><E29/><V60/><F129/><W95/><G95/><T21/><D21/><U91/><E28/><V63/><F92/><W13/><G13/><T22/><D22/><U134/><E23/><V26/><F12/><W124/><G124/><T99/><D99/><U86/><E14/><V130/><F131/><W71/><G71/><T85/><D85/><U100/><E86/><N who="2" m="48487" /><F130/><W59/><G59/><T32/><D32/><U110/><E110/><V81/><F0/><W62/><G62/><T69/><D69/><RYUUKYOKU ba="0,1" sc="308,15,224,-15,234,-15,224,15" hai0="7,11,15,18,19,113,115" hai3="1,9,53,54,74,77,80,84,89,94,98,102,107" /><INIT seed="3,1,1,2,4,89" ten="323,209,219,239" oya="3" hai0="46,109,55,58,27,98,1,25,13,15,29,94,73" hai1="117,23,79,99,9,59,105,64,87,41,107,71,124" hai2="54,120,119,60,131,132,108,48,91,14,100,17,66" hai3="121,4,65,43,85,10,39,12,45,30,18,51,69"/><W28/><G121/><T130/><D73/><U104/><E71/><V111/><F119/><W97/><G97/><T35/><D1/><U88/><E117/><V32/><F120/><W80/><G39/><T129/><D46/><U62/><E124/><V31/><F132/><W118/><G118/><T95/><D98/><U33/><E33/><V57/><F131/><N who="0" m="50186" /><D27/><U134/><E134/><V21/><F91/><W5/><G69/><T19/><D109/><U135/><E135/><V0/><F100/><W116/><G65/><T102/><D102/><U8/><E41/><V74/><F74/><W49/><G116/><T22/><D13/><U63/><E63/><AGARI ba="1,1" hai="15,19,22,25,29,35,55,58,63,94,95" m="50186" machi="63" ten="30,3900,0" yaku="19,1,52,2" doraHai="89" who="0" fromWho="1" sc="323,52,209,-42,219,0,239,0" /><INIT seed="4,0,0,5,3,27" ten="375,167,219,239" oya="0" hai0="64,21,69,75,110,95,100,81,129,12,113,124,107" hai1="65,42,46,26,48,135,54,29,25,60,94,105,28" hai2="83,90,0,101,104,33,51,35,62,6,39,93,99" hai3="133,91,41,134,125,84,59,130,30,108,36,98,22"/><T79/><D110/><U115/><E105/><V61/><F39/><W92/><G108/><T116/><D116/><U55/><E135/><N who="3" m="51722" /><G125/><T86/><D124/><U96/><E115/><V68/><F51/><W4/><G4/><T119/><D113/><U49/><E25/><V70/><F61/><W20/><G130/><T15/><D119/><U112/><E112/><V111/><F70/><W120/><G120/><T132/><D132/><U103/><E48/><V118/><F118/><W56/><G98/><T127/><D129/><U37/><E37/><V50/><F50/><W18/><G22/><T11/><D127/><U3/><E3/><V74/><F6/><W9/><G9/><T80/><D107/><U1/><E1/><V77/><F0/><W106/><G106/><T7/><D64/><U67/><E67/><V47/><F47/><N who="3" m="23975" /><G30/><N who="1" m="11882" /><E26/><AGARI ba="0,0" hai="18,20,26,56,59,84,91,92" m="23975,51722" machi="26" ten="30,1000,0" yaku="20,1" doraHai="27" who="3" fromWho="1" sc="375,0,167,-10,219,0,239,10" /><INIT seed="5,0,0,3,4,83" ten="375,157,219,249" oya="1" hai0="52,55,78,6,111,54,107,1,87,98,34,73,100" hai1="28,4,65,129,0,62,71,81,30,23,68,57,56" hai2="3,15,8,51,88,79,25,60,59,80,120,102,37" hai3="61,16,70,13,67,45,116,36,27,99,43,19,128"/><U32/><E129/><V113/><F120/><W41/><G128/><T69/><D34/><U18/><E32/><V11/><F37/><W119/><G43/><T31/><D31/><U95/><E0/><V131/><F131/><W5/><G99/><T104/><D69/><U86/><E4/><V38/><F38/><W123/><G123/><T42/><D42/><U101/><E68/><V48/><F88/><W112/><G112/><T26/><D26/><N who="1" m="14711" /><E71/><V53/><F102/><W12/><G27/><T29/><D29/><N who="1" m="11371" /><E57/><V126/><F3/><W124/><G5/><T35/><D35/><U84/><E86/><V106/><F25/><W127/><G12/><T133/><D73/><U122/><E122/><V90/><F106/><W40/><G40/><T134/><D107/><U91/><E101/><V97/><F11/><N who="3" m="6207" /><G19/><T17/><D17/><U75/><E75/><V64/><F59/><W74/><G74/><T72/><D72/><U63/><E63/><V89/><F60/><W58/><G70/><T92/><D6/><U108/><E108/><V103/><F8/><W21/><G21/><T114/><D111/><U9/><E9/><V14/><F103/><W50/><G36/><T135/><D1/><U118/><E118/><AGARI ba="0,0" hai="41,45,50,58,61,67,116,118,119,124,127" m="6207" machi="118" ten="30,1000,0" yaku="12,1" doraHai="83" who="3" fromWho="1" sc="375,0,157,-10,219,0,249,10" /><INIT seed="6,0,0,3,0,90" ten="375,147,219,259" oya="2" hai0="3,70,108,10,117,67,16,135,82,33,54,58,65" hai1="37,99,131,7,25,40,52,111,74,30,86,59,13" hai2="14,96,23,17,85,119,73,42,15,31,92,106,36" hai3="0,121,75,57,126,128,29,123,120,68,9,127,45"/><V5/><F119/><W89/><G68/><T122/><D117/><U56/><E131/><V94/><F73/><W87/><G75/><T6/><D33/><U50/><E111/><V55/><F42/><W118/><G118/><T104/><D108/><U71/><E74/><V41/><F41/><W60/><G29/><T46/><D104/><U124/><E71/><V39/><F39/><W129/><G45/><T133/><D46/><U26/><E124/><N who="3" m="47658" /><G9/><T66/><D122/><U78/><E37/><V53/><F36/><W80/><G0/><T20/><D82/><U47/><E99/><V83/><F31/><W100/><G100/><T11/><D70/><U2/><E2/><V28/><F28/><W4/><G4/><T34/><D34/><U51/><E56/><V27/><F5/><W81/><G81/><T32/><D32/><U49/><E49/><V48/><F55/><AGARI ba="0,0" hai="55,57,60,80,87,89,120,121,123,128,129" m="47658" machi="55" ten="40,1300,0" yaku="18,1" doraHai="90" who="3" fromWho="2" sc="375,0,147,0,219,-13,259,13" /><INIT seed="7,0,0,5,3,121" ten="375,147,206,272" oya="3" hai0="53,113,61,125,92,122,43,91,14,80,48,11,127" hai1="72,115,13,77,63,117,10,78,51,21,114,81,65" hai2="28,20,70,0,42,90,50,112,29,67,31,26,102" hai3="123,66,55,83,106,93,97,130,87,94,6,27,25"/><W85/><G106/><T15/><D122/><U54/><E117/><V98/><F0/><W30/><G123/><T103/><D43/><U56/><E77/><V22/><F90/><W71/><G130/><T96/><D61/><U88/><E88/><V69/><F70/><W23/><G6/><T82/><D15/><U39/><E39/><V75/><F75/><W35/><G71/><T108/><D113/><U76/><E76/><V7/><F7/><W8/><G66/><T57/><D91/><U86/><E21/><V4/><F4/><W119/><G8/><T107/><D107/><U84/><E115/><V19/><F67/><W45/><G93/><T110/><D82/><U116/><E116/><V49/><F69/><W59/><G45/><T16/><REACH who="0" step="1"/><D80/><REACH who="0" ten="365,147,206,272" step="2"/><U47/><REACH who="1" step="1"/><E114/><REACH who="1" ten="365,137,206,272" step="2"/><V62/><F112/><W133/><G119/><T1/><D1/><U109/><E109/><AGARI ba="0,2" hai="11,14,16,48,53,57,92,96,103,108,109,110,125,127" machi="109" ten="40,8000,1" yaku="1,1,52,3,53,0" doraHai="121" doraHaiUra="41" who="0" fromWho="1" sc="365,100,137,-80,206,0,272,0" owari="465,56.0,57,-44.0,206,-19.0,272,7.0" /></mjloggm>