<mjloggm ver="2.3"><GO type="169" lobby="0"/><UN n0="%E3%81%98%E3%82%83%E3%82%80%E2%99%AD" n1="%E6%B0%97%E6%A5%BD%E3%81%AB%E6%89%93%E3%81%A4" n2="%47%61%4B%75" n3="%EF%BC%88%E2%89%A7%E2%96%BD%E2%89%A6%EF%BC%89" dan="16,16,16,17" rate="2056.43,2160.39,2102.06,2149.32" sx="M,M,M,M"/><TAIKYOKU oya="0"/><INIT seed="0,0,0,3,5,47" ten="250,250,250,250" oya="0" hai0="104,30,23,1,0,28,65,10,40,11,12,91,82" hai1="68,97,98,22,86,63,115,44,95,134,17,129,54" hai2="116,69,122,43,111,107,21,58,37,7,87,106,25" hai3="94,89,132,51,93,84,133,103,50,38,123,67,128"/><T19/><D104/><U109/><E109/><V16/><F122/><W78/><G38/><T55/><D65/><U3/><E134/><N who="3" m="51818" /><G123/><T59/><D40/><U64/><E129/><V102/><F69/><W20/><G128/><T81/><D0/><U130/><E130/><V5/><F111/><W2/><G2/><T18/><D1/><U74/><E3/><V96/><F116/><W113/><G113/><T45/><D45/><U34/><E115/><V61/><F106/><W62/><G78/><T29/><D91/><U46/><E74/><V31/><F43/><W42/><G42/><T15/><REACH who="0" step="1"/><D23/><REACH who="0" ten="240,250,250,250" step="2"/><U57/><E44/><V99/><F37/><W79/><G20/><T92/><D92/><U117/><E46/><V110/><F110/><W135/><G135/><T108/><D108/><U80/><E95/><V121/><F121/><W13/><G79/><T8/><D8/><U35/><E117/><V52/><F31/><W4/><G94/><T36/><D36/><U73/><E22/><V90/><F99/><W71/><G103/><T53/><D53/><U75/><E98/><V72/><F72/><W70/><G71/><T127/><D127/><U119/><E97/><V24/><F24/><W66/><G67/><T120/><D120/><U101/><E101/><V83/><AGARI ba="0,1" hai="5,7,16,21,25,52,58,61,83,87,90,96,102,107" machi="83" ten="20,5200,0" yaku="0,1,7,1,54,2" doraHai="47" who="2" fromWho="2" sc="240,-26,250,-13,250,62,250,-13" /><INIT seed="1,0,0,5,5,30" ten="214,237,312,237" oya="1" hai0="118,114,14,10,75,130,119,127,88,23,48,96,22" hai1="25,105,17,0,32,29,7,108,47,33,36,133,49" hai2="64,18,89,99,3,24,56,102,42,101,124,21,53" hai3="41,54,78,16,113,125,51,5,93,34,72,60,129"/><U20/><E133/><V112/><F3/><W106/><G106/><T44/><D114/><U131/><E131/><V55/><F112/><W83/><G113/><T81/><D130/><U123/><E123/><V28/><F124/><W82/><G129/><T71/><D71/><U110/><E105/><V8/><F42/><W80/><G125/><T122/><D122/><U79/><E36/><V40/><F40/><W61/><G5/><T87/><D127/><U63/><E79/><V65/><F53/><W117/><G117/><T11/><D75/><U2/><E63/><V46/><F46/><W57/><G34/><N who="1" m="13418" /><E49/><V13/><F89/><W94/><G78/><T77/><D77/><U68/><E47/><V121/><F121/><W120/><G120/><T67/><D67/><N who="2" m="25674" /><F99/><W62/><G72/><T95/><D118/><U116/><E68/><V91/><F91/><W45/><REACH who="3" step="1"/><G16/><REACH who="3" ten="214,237,312,227" step="2"/><T109/><D119/><U104/><E104/><V59/><F59/><W58/><G58/><T97/><D44/><U69/><E116/><V26/><F26/><W4/><G4/><T70/><D70/><U100/><E69/><V38/><F38/><AGARI ba="0,1" hai="38,41,45,51,54,57,60,61,62,80,82,83,93,94" machi="38" ten="40,1300,0" yaku="1,1,53,0" doraHai="30" doraHaiUra="74" who="3" fromWho="2" sc="214,0,237,0,312,-13,227,23" /><INIT seed="2,0,0,0,0,36" ten="214,237,299,250" oya="2" hai0="50,13,55,100,53,10,89,68,32,51,86,85,112" hai1="29,122,103,106,90,16,26,27,52,18,42,94,107" hai2="17,78,93,83,91,126,4,124,57,125,2,84,46" hai3="39,110,76,118,19,75,61,70,72,128,21,11,20"/><V31/><F31/><W56/><G118/><T132/><D112/><U66/><E122/><V60/><F4/><W24/><G70/><T8/><D68/><U97/><E66/><V25/><F2/><W135/><G135/><T98/><D32/><U40/><E52/><N who="0" m="20041" /><D100/><U7/><E7/><V127/><N who="2" m="32256" /><DORA hai="99" /><V3/><F3/><W47/><G76/><T49/><D132/><U92/><E97/><V96/><F46/><W9/><G20/><T48/><D10/><U131/><E29/><V28/><F17/><W43/><G11/><T38/><D38/><U111/><E90/><V130/><F130/><W5/><G128/><T120/><D120/><U44/><E131/><V115/><F115/><W123/><G123/><T35/><D35/><U109/><REACH who="1" step="1"/><E44/><REACH who="1" ten="214,227,299,250" step="2"/><V15/><F15/><W12/><G110/><T129/><D129/><U114/><E114/><V119/><F119/><W63/><G63/><T82/><D98/><U117/><E117/><V74/><F60/><W1/><G1/><T134/><D89/><U34/><E34/><N who="2" m="20751" /><F57/><W80/><G56/><T30/><D30/><U59/><E59/><V116/><F116/><W6/><G61/><T102/><D134/><U79/><E79/><V62/><F62/><W71/><G71/><T45/><D45/><U133/><E133/><V54/><F54/><W37/><G37/><T23/><D8/><U33/><E33/><V69/><F69/><W108/><G6/><T73/><D23/><U67/><E67/><V41/><F96/><W104/><G5/><T64/><D64/><U121/><E121/><V87/><F74/><RYUUKYOKU ba="0,1" sc="214,-15,227,15,299,15,250,-15" hai1="16,18,26,27,40,42,92,94,103,106,107,109,111" hai2="41,78,83,84,87,91,93" /><INIT seed="2,1,1,0,4,42" ten="199,242,314,235" oya="2" hai0="19,82,34,129,125,119,55,98,76,5,80,67,2" hai1="93,130,25,49,45,4,54,58,101,87,46,89,69" hai2="35,77,113,38,30,68,109,23,72,62,60,112,117" hai3="128,6,124,11,53,88,43,9,37,108,13,65,86"/><V96/><F117/><W116/><G116/><T52/><D119/><U114/><E114/><V91/><F35/><W41/><G128/><T73/><D129/><U123/><E130/><V115/><F38/><W97/><G124/><T102/><D34/><U74/><E123/><V85/><F72/><W103/><G108/><T134/><D125/><U90/><E74/><V111/><F77/><W94/><G65/><T71/><D82/><U78/><E69/><V21/><F96/><W16/><G53/><T132/><D67/><U40/><E4/><V126/><F126/><W70/><G70/><T107/><D71/><U22/><E78/><V131/><F131/><W106/><REACH who="3" step="1"/><G37/><REACH who="3" ten="199,242,314,225" step="2"/><T121/><D121/><U14/><E14/><AGARI ba="1,2" hai="6,9,11,13,14,16,41,43,86,88,94,97,103,106" machi="14" ten="30,12000,2" yaku="1,1,2,1,7,1,54,2,53,1" doraHai="42" doraHaiUra="1" who="3" fromWho="1" sc="199,0,242,-123,314,0,225,143" /><INIT seed="3,0,0,3,2,14" ten="199,119,314,368" oya="3" hai0="131,33,92,7,66,132,75,98,45,40,113,76,29" hai1="64,84,83,51,59,125,38,116,133,94,22,67,47" hai2="9,37,26,18,78,46,55,106,32,2,69,61,80" hai3="128,10,109,56,114,34,65,42,72,30,100,50,39"/><W97/><G114/><T111/><D113/><U112/><E112/><V120/><F106/><W3/><G72/><T53/><D111/><U35/><E125/><V16/><F120/><W134/><G39/><T119/><D119/><U81/><E116/><V41/><F32/><W85/><G34/><T105/><D105/><U13/><E35/><V129/><F129/><W89/><G30/><T23/><D132/><U107/><E107/><V130/><F130/><W25/><G25/><T8/><D66/><U110/><E110/><V104/><F104/><W60/><G109/><T86/><D75/><U12/><E133/><V71/><F26/><W1/><G10/><T73/><D73/><U28/><E38/><V57/><F69/><W96/><G134/><T90/><D53/><U127/><E127/><V117/><F71/><W44/><G97/><T77/><D33/><U5/><E94/><V118/><F118/><W121/><G121/><T36/><D98/><U63/><E67/><V101/><F101/><W68/><G68/><T93/><D93/><U135/><E135/><V122/><F122/><W19/><G128/><T108/><D108/><U82/><E84/><V124/><F124/><W91/><G85/><T43/><D131/><U95/><E95/><V15/><F117/><W99/><G100/><T17/><D29/><U21/><E28/><V70/><F70/><W79/><G99/><T88/><D86/><U11/><REACH who="1" step="1"/><E13/><REACH who="1" ten="199,109,314,368" step="2"/><V126/><F126/><W27/><G65/><T87/><D87/><U0/><E0/><V31/><F31/><W52/><G1/><T103/><D92/><RYUUKYOKU ba="0,1" sc="199,-10,109,30,314,-10,368,-10" hai1="5,11,12,21,22,47,51,59,63,64,81,82,83" /><INIT seed="4,1,1,3,0,39" ten="189,139,304,358" oya="0" hai0="126,7,25,88,27,107,102,28,73,18,26,17,125" hai1="87,71,35,131,97,72,42,94,52,135,62,115,60" hai2="85,30,132,47,74,46,12,51,58,6,59,105,124" hai3="95,5,93,33,129,114,2,91,116,117,113,21,15"/><T75/><D7/><U130/><E72/><N who="0" m="27721" /><D107/><U10/><E35/><V40/><F74/><W29/><G129/><N who="1" m="49162" /><E135/><V81/><F105/><W20/><G2/><T64/><D102/><N who="1" m="60727" /><E10/><N who="2" m="4183" /><F132/><W63/><G33/><N who="0" m="20623" /><D64/><N who="1" m="41351" /><E87/><V80/><F124/><N who="0" m="47722" /><D88/><U36/><E115/><V34/><F34/><W128/><G114/><T83/><D83/><U92/><E92/><V89/><F30/><W78/><G95/><T69/><D69/><U104/><E104/><V56/><F47/><W127/><G127/><T76/><D76/><U1/><E1/><V50/><F81/><W133/><G78/><T120/><D120/><U14/><E14/><V45/><F59/><W100/><G133/><T19/><AGARI ba="1,1" hai="17,18,19,26,27" m="47722,20623,27721" machi="19" ten="40,2100,0" yaku="18,1" doraHai="39" who="0" fromWho="0" sc="189,34,139,-8,304,-8,358,-8" /><INIT seed="4,2,0,0,3,111" ten="223,131,296,350" oya="0" hai0="120,135,15,55,17,33,100,43,119,109,91,123,6" hai1="5,44,128,53,93,60,58,110,115,7,87,129,84" hai2="106,102,76,46,103,56,131,83,14,81,104,11,75" hai3="25,32,127,52,42,61,92,97,9,29,30,49,4"/><T51/><D119/><U36/><E110/><V19/><F131/><N who="1" m="50249" /><E36/><V74/><F46/><N who="3" m="25815" /><G32/><T117/><D117/><U69/><E69/><V113/><F113/><W66/><G66/><T2/><D109/><U121/><E121/><V73/><F56/><N who="3" m="34951" /><G25/><T0/><D33/><U133/><E133/><V80/><REACH who="2" step="1"/><F76/><REACH who="2" ten="223,131,286,350" step="2"/><W94/><G127/><T122/><D135/><U78/><E44/><V77/><F77/><W45/><G45/><T27/><D120/><U10/><E115/><V99/><F99/><W72/><G97/><T107/><D122/><U38/><E38/><V70/><F70/><W57/><G57/><T82/><D123/><U118/><E118/><V1/><F1/><W130/><G130/><T71/><D0/><U89/><E10/><V62/><F62/><W67/><G67/><T86/><D71/><U35/><E35/><V16/><F16/><W41/><G9/><T95/><D2/><U21/><E21/><V79/><F79/><W39/><G39/><T64/><D64/><U125/><E125/><V114/><F114/><W54/><G4/><T12/><D6/><U85/><E78/><V13/><F13/><W134/><G134/><T59/><D12/><U63/><E60/><V65/><F65/><W108/><G108/><T96/><D27/><U20/><E20/><V68/><F68/><W28/><G28/><T23/><REACH who="0" step="1"/><D43/><REACH who="0" ten="213,131,286,350" step="2"/><U31/><E31/><V26/><F26/><W40/><G29/><T34/><D34/><U112/><E112/><V88/><F88/><W48/><G30/><T50/><D50/><U3/><E3/><V101/><AGARI ba="2,2" hai="11,14,19,73,74,75,80,81,83,101,102,103,104,106" machi="101" ten="40,8000,1" yaku="1,1,5,1,0,1,29,2,53,0" doraHai="111" doraHaiUra="116" who="2" fromWho="2" sc="213,-42,131,-22,286,106,350,-22" /><INIT seed="5,0,0,2,2,48" ten="171,109,392,328" oya="1" hai0="51,53,86,71,72,55,39,47,101,85,89,95,29" hai1="40,46,80,121,98,125,64,135,99,108,8,104,19" hai2="73,43,87,82,117,102,26,68,44,33,79,91,94" hai3="37,50,27,54,83,18,45,52,88,25,24,13,11"/><U38/><E121/><V57/><F117/><W62/><G37/><T130/><D72/><U126/><E135/><V20/><F68/><W21/><G62/><T133/><D133/><U69/><E108/><V14/><F33/><W106/><G106/><T34/><D71/><U28/><E28/><V23/><F14/><W10/><G54/><N who="0" m="30079" /><D39/><U41/><E41/><V2/><F2/><W15/><G15/><T120/><D34/><U5/><E19/><V111/><F111/><W74/><G74/><T97/><D120/><U59/><E80/><V92/><F57/><W60/><G60/><T16/><D29/><U17/><E17/><V78/><F73/><W32/><G32/><T66/><D66/><U22/><E69/><V110/><F110/><W129/><G129/><T114/><D114/><U67/><E67/><V7/><F7/><W61/><G61/><T70/><D70/><U100/><E64/><V122/><F122/><W49/><G49/><T119/><D119/><U84/><E59/><V1/><F1/><W113/><G113/><T12/><D130/><U4/><E22/><V9/><F9/><W112/><G112/><T90/><D101/><N who="1" m="62519" /><E8/><V77/><F20/><W63/><G63/><T118/><D118/><U81/><E5/><V6/><F6/><W30/><G30/><T35/><D35/><U107/><E4/><V65/><F65/><W3/><G3/><T131/><D131/><U109/><E109/><V105/><F23/><W96/><G83/><N who="0" m="49343" /><D97/><U124/><E126/><V36/><F26/><W76/><G76/><T132/><D132/><U116/><E116/><RYUUKYOKU ba="0,0" sc="171,0,109,0,392,0,328,0" hai0="12,16,53,55,86,90,95" hai1="38,40,46,81,84,99,100,107,124,125" hai2="36,43,44,77,78,79,82,87,91,92,94,102,105" hai3="10,11,13,18,21,24,25,27,45,50,52,88,96" /><INIT seed="5,1,0,3,3,33" ten="171,109,392,328" oya="1" hai0="8,14,2,23,28,1,44,52,130,25,71,6,12" hai1="82,108,21,27,66,104,55,103,67,26,98,34,46" hai2="20,89,53,110,42,5,45,115,50,80,19,92,133" hai3="15,49,76,16,128,100,122,127,78,40,131,113,58"/><U93/><E108/><V35/><F110/><W107/><G122/><T63/><D71/><U64/><E82/><V38/><F35/><W118/><G118/><T84/><D130/><N who="3" m="49705" /><G113/><T109/><D109/><U114/><E114/><V123/><F115/><W124/><G100/><T102/><D102/><U94/><E34/><V24/><F133/><W126/><G107/><T112/><D112/><U13/><E13/><V119/><F123/><W73/><G73/><T83/><D12/><U129/><E129/><V61/><F119/><W91/><G91/><T37/><D37/><U74/><E74/><V43/><F80/><W10/><G58/><T95/><D95/><U70/><E70/><V79/><F79/><W72/><G72/><T36/><D36/><U120/><E120/><V3/><F3/><W69/><G69/><T90/><REACH who="0" step="1"/><D63/><REACH who="0" ten="161,109,392,328" step="2"/><U134/><E134/><V97/><F38/><W85/><G85/><T68/><D68/><U18/><REACH who="1" step="1"/><E27/><REACH who="1" ten="161,99,392,328" step="2"/><V54/><F5/><W48/><G126/><T31/><D31/><U111/><E111/><V59/><AGARI ba="1,2" hai="19,20,24,42,43,45,50,53,54,59,61,89,92,97" machi="59" ten="30,7900,0" yaku="0,1,25,2,8,1" doraHai="33" who="2" fromWho="2" sc="161,-21,99,-40,392,102,328,-21" /><INIT seed="6,0,0,0,1,95" ten="140,59,494,307" oya="2" hai0="83,125,57,37,112,38,134,94,52,47,5,35,43" hai1="81,31,27,118,75,113,64,44,14,32,24,55,135" hai2="106,121,99,69,86,100,73,16,91,89,85,79,48" hai3="97,130,133,41,78,88,6,21,54,122,39,34,109"/><V82/><F69/><W33/><G122/><T25/><D112/><U117/><E113/><V107/><F48/><W124/><G109/><T19/><D5/><U53/><E135/><V50/><F50/><W129/><G133/><T18/><D134/><U70/><E14/><V116/><F16/><W2/><G124/><T102/><D38/><U127/><E127/><V101/><F121/><W22/><G78/><T1/><D1/><U80/><E70/><V126/><F126/><W15/><G54/><T84/><D35/><N who="3" m="13321" /><G2/><T96/><D25/><U90/><E64/><V49/><F49/><W77/><G77/><T10/><D10/><U23/><E44/><V105/><F116/><W63/><G63/><T93/><D93/><U114/><E114/><V30/><F30/><W3/><G3/><T111/><D111/><U115/><E115/><V0/><F0/><W36/><G6/><T59/><D59/><U42/><E42/><V71/><F71/><W68/><G68/><T131/><D125/><U67/><E67/><V12/><F12/><W46/><G36/><T28/><D28/><N who="1" m="17439" /><E117/><V40/><F40/><W7/><G7/><T103/><D37/><U74/><E118/><V98/><F106/><W128/><G15/><T17/><D43/><U4/><E4/><V65/><F65/><W29/><G29/><T108/><D108/><U20/><E32/><V72/><F79/><W56/><G56/><T119/><D119/><U11/><E31/><V51/><F51/><W58/><G58/><T13/><D57/><U8/><E27/><V61/><F61/><W62/><G62/><RYUUKYOKU ba="0,0" sc="140,-15,59,-15,494,15,307,15" hai2="72,73,82,85,86,89,91,98,99,100,101,105,107" hai3="21,22,39,41,46,88,97,128,129,130" /><INIT seed="6,1,0,2,5,89" ten="125,44,509,322" oya="2" hai0="128,90,88,117,109,4,82,87,5,3,67,113,51" hai1="76,103,49,119,101,72,92,132,62,121,40,35,23" hai2="64,15,53,59,26,46,135,45,91,77,16,71,65" hai3="134,122,9,118,44,126,28,69,123,54,66,11,14"/><V93/><F135/><W19/><G118/><T30/><D109/><U106/><E119/><V96/><F77/><W61/><G134/><T24/><D117/><U31/><E132/><V60/><F26/><W74/><G126/><T133/><D133/><U80/><E121/><V78/><F78/><W18/><G74/><T98/><D113/><U57/><E35/><V95/><F95/><W79/><G79/><T8/><D67/><N who="2" m="25674" /><F71/><W104/><G104/><T131/><D51/><U85/><E72/><V83/><F83/><W116/><G116/><T2/><D5/><U63/><E106/><V81/><F81/><W43/><G28/><T37/><D37/><U110/><E110/><V38/><F38/><W6/><G54/><T29/><D2/><U112/><E112/><V55/><F55/><W125/><G125/><T70/><D70/><U114/><E114/><V13/><F13/><W21/><G122/><T115/><D115/><U25/><E103/><V56/><F56/><W58/><G123/><T107/><D107/><U94/><E57/><V102/><F102/><W41/><G69/><T52/><D52/><U120/><E120/><V130/><F130/><N who="0" m="49706" /><D24/><U50/><E94/><AGARI ba="1,0" hai="3,4,8,29,30,82,87,88,90,94,98" m="49706" machi="94" ten="30,3900,0" yaku="19,1,52,1,54,1" doraHai="89" who="0" fromWho="1" sc="125,42,44,-42,509,0,322,0" /><INIT seed="7,0,0,1,1,106" ten="167,2,509,322" oya="3" hai0="53,100,104,50,105,119,109,116,25,95,4,102,10" hai1="131,33,128,18,108,83,66,114,57,35,127,40,3" hai2="123,85,28,51,126,59,135,20,14,21,78,11,65" hai3="49,2,52,80,124,36,26,72,117,22,42,43,27"/><W41/><G2/><T97/><D109/><U16/><E57/><V132/><F126/><W32/><G117/><T125/><D125/><U45/><E66/><V121/><F85/><W8/><G124/><T67/><D67/><U120/><E83/><V6/><F78/><W122/><G122/><N who="2" m="46601" /><F28/><W34/><G36/><T115/><D115/><U113/><E120/><V94/><F94/><W86/><G8/><T7/><D25/><U89/><E127/><V63/><F51/><W70/><G70/><T87/><D87/><U61/><E61/><V98/><F98/><W71/><G71/><T74/><D10/><U110/><E45/><V133/><AGARI ba="0,0" hai="6,11,14,20,21,59,63,65,132,133,135" m="46601" machi="133" ten="40,2700,0" yaku="20,1,13,1" doraHai="106" who="2" fromWho="2" sc="167,-7,2,-7,509,27,322,-13" owari="160,-24.0,-5,-51.0,536,64.0,309,11.0" /></mjloggm>