<mjloggm ver="2.3"><GO type="97"/><UN n0="%4F%5A%E3%81%AE%E9%AD%94%E6%B3%95%E4%BD%BF%E3%81%84" n1="%E3%81%94%E3%82%8D%E3%81%AB%E3%82%83%E3%83%BC" n2="%6D%6F%6F%6E%38" n3="%EF%BC%88%E2%89%A7%E2%96%BD%E2%89%A6%EF%BC%89" dan="16,15,14,15" rate="1933,2005,1914,2025" sx="F,M,M,M"/><TAIKYOKU oya="0"/><INIT seed="0,0,0,0,3,91" ten="250,250,250,250" oya="0" hai0="102,87,96,111,7,85,33,72,104,119,15,48,30" hai1="134,9,74,42,47,69,11,58,23,19,21,68,53" hai2="88,130,12,27,59,0,1,46,80,120,28,52,71" hai3="101,132,55,60,107,86,126,75,32,17,100,77,16"/><T40/><D119/><U22/><E74/><V90/><F71/><W123/><G75/><T3/><D72/><U128/><E134/><V10/><F120/><W34/><G123/><T4/><D3/><U44/><E128/><V121/><F130/><W135/><G126/><T133/><D133/><N who="3" m="51273" /><G77/><T67/><D67/><U18/><E68/><V105/><F121/><W92/><G107/><T112/><D112/><U25/><E69/><V63/><F105/><W78/><G78/><T37/><D37/><U125/><E22/><V45/><F1/><W50/><G60/><T70/><D70/><U110/><E110/><V76/><F0/><W108/><G108/><T82/><D111/><U64/><E64/><V26/><F76/><W39/><G39/><T6/><D85/><U41/><E125/><V65/><F65/><W131/><G131/><T124/><D124/><U122/><E122/><V109/><F109/><W93/><G86/><T57/><D33/><N who="3" m="12905" /><G101/><T79/><D30/><U43/><E44/><N who="2" m="17003" /><F80/><W56/><G100/><T14/><REACH who="0" step="1"/><D40/><REACH who="0" ten="240,250,250,250" step="2"/><U115/><E115/><V20/><F27/><W62/><G62/><T36/><D36/><U54/><E54/><AGARI ba="0,1" hai="4,6,7,14,15,48,54,57,79,82,87,96,102,104" machi="54" ten="40,2000,0" yaku="1,1,53,0" doraHai="91" doraHaiUra="38" who="0" fromWho="1" sc="240,30,250,-20,250,0,250,0" /><INIT seed="0,1,0,0,4,30" ten="270,230,250,250" oya="0" hai0="2,87,25,130,55,45,110,94,124,91,119,118,17" hai1="51,44,117,64,115,85,13,8,96,74,5,4,114" hai2="86,90,123,77,19,20,125,106,132,6,135,62,0" hai3="81,1,97,108,58,122,101,60,128,3,65,82,71"/><T35/><D2/><U79/><E117/><V53/><F106/><W105/><G128/><T36/><D130/><U40/><E74/><V12/><F123/><W116/><G116/><T129/><D129/><U75/><E75/><V39/><F39/><W103/><G122/><T41/><D124/><U18/><E64/><V131/><F125/><W49/><G108/><T9/><D110/><U93/><E85/><V126/><F126/><W38/><G38/><T111/><D111/><U109/><E79/><V70/><F77/><W73/><G103/><T37/><D37/><U28/><E28/><V46/><F131/><W11/><G73/><T16/><D55/><U98/><E98/><V50/><F6/><W63/><G49/><T83/><D83/><U57/><E57/><V59/><F0/><W113/><G113/><N who="1" m="43018" /><E109/><V34/><F34/><W68/><G68/><T21/><REACH who="0" step="1"/><D35/><REACH who="0" ten="260,230,250,250" step="2"/><U7/><E7/><V15/><F70/><W121/><G121/><T102/><D102/><AGARI ba="1,1" hai="4,5,8,13,18,40,44,51,93,96,102" m="43018" machi="102" ten="30,1000,0" yaku="11,1" doraHai="30" who="1" fromWho="0" sc="260,-13,230,23,250,0,250,0" /><INIT seed="1,0,0,4,1,30" ten="247,253,250,250" oya="1" hai0="31,64,115,99,113,78,95,41,53,90,106,13,10" hai1="36,76,0,111,3,133,40,88,105,43,132,37,42" hai2="122,80,27,72,84,49,75,125,103,61,29,62,94" hai3="118,131,69,71,1,57,92,130,59,65,70,48,126"/><U112/><E105/><V15/><F122/><W68/><G1/><T129/><D106/><U108/><E76/><V100/><F125/><W135/><G92/><T50/><D64/><U89/><E42/><V22/><F75/><W39/><G118/><T21/><D41/><U73/><REACH who="1" step="1"/><E73/><REACH who="1" ten="247,243,250,250" step="2"/><V85/><F72/><W26/><G126/><T19/><D78/><U83/><E83/><V109/><F109/><W91/><G130/><T114/><D129/><U52/><E52/><V33/><F49/><W134/><G48/><T16/><D53/><U54/><E54/><V101/><F33/><W104/><G104/><T4/><D50/><U20/><E20/><V119/><F119/><W79/><G79/><T14/><D113/><AGARI ba="0,1" hai="0,3,36,37,40,43,88,89,108,111,112,113,132,133" machi="113" ten="25,9600,0" yaku="1,1,22,2,54,1,53,0" doraHai="30" doraHaiUra="74" who="1" fromWho="0" sc="247,-96,243,106,250,0,250,0" /><INIT seed="1,1,0,3,2,66" ten="151,349,250,250" oya="1" hai0="59,126,16,39,118,2,123,15,25,22,69,32,45" hai1="92,110,120,75,54,132,41,29,114,71,3,36,0" hai2="42,113,117,89,9,129,84,135,47,100,70,34,11" hai3="8,85,44,77,53,127,86,1,98,76,50,108,57"/><U48/><E29/><V28/><F117/><W24/><G108/><T10/><D118/><U4/><E4/><V31/><F129/><W93/><G127/><T7/><D126/><U64/><E120/><V61/><F135/><W26/><G1/><T109/><D123/><U43/><E75/><V5/><F113/><W88/><G8/><T106/><D106/><U115/><E132/><V87/><F34/><W95/><G44/><T19/><D109/><U23/><E23/><V96/><F70/><W12/><G12/><T133/><D133/><U33/><E33/><V119/><F61/><W60/><G50/><T67/><D59/><U55/><E92/><V105/><F119/><W49/><G49/><T99/><D99/><U18/><E18/><V65/><F65/><W38/><G38/><T128/><D128/><U122/><E122/><V116/><F116/><W111/><G111/><T124/><D124/><U131/><E110/><V52/><F87/><N who="3" m="33291" /><G95/><T121/><D121/><U104/><E104/><V112/><F112/><W62/><G62/><N who="0" m="40183" /><D19/><U30/><E30/><V79/><F79/><AGARI ba="1,0" hai="24,26,53,57,60,76,77,79,88,93,98" m="33291" machi="79" ten="30,2000,0" yaku="8,1,54,1" doraHai="66" who="3" fromWho="2" sc="151,0,349,0,250,-23,250,23" /><INIT seed="2,0,0,3,2,84" ten="151,349,227,273" oya="2" hai0="28,60,65,98,134,105,45,73,8,103,30,49,9" hai1="22,52,118,124,83,93,70,115,102,129,81,38,91" hai2="120,47,39,92,119,27,33,113,99,131,1,61,109" hai3="68,127,2,25,114,13,6,23,89,77,59,32,46"/><V122/><F1/><W101/><G68/><T55/><D134/><U130/><E118/><V29/><F113/><W14/><G114/><T10/><D73/><U112/><E38/><V36/><F119/><W132/><G132/><T26/><D30/><U37/><E37/><V79/><F131/><N who="1" m="50185" /><E70/><V110/><F109/><W41/><G32/><T87/><D87/><U48/><E22/><V4/><F79/><W63/><G77/><T96/><D96/><N who="1" m="57407" /><E102/><V54/><F4/><W86/><G101/><T107/><D107/><U35/><E35/><V67/><F110/><W64/><G2/><T66/><REACH who="0" step="1"/><D60/><REACH who="0" ten="141,349,227,273" step="2"/><U75/><E124/><V57/><F120/><W78/><G127/><T50/><D50/><U19/><E75/><V82/><F122/><W95/><G86/><T34/><AGARI ba="0,1" hai="8,9,10,26,28,34,45,49,55,65,66,98,103,105" machi="34" ten="30,2000,0" yaku="1,1,0,1,53,0" doraHai="84" doraHaiUra="125" who="0" fromWho="0" sc="141,30,349,-5,227,-10,273,-5" /><INIT seed="3,0,0,5,2,85" ten="171,344,217,268" oya="3" hai0="64,61,83,44,74,60,97,56,107,57,27,131,117" hai1="17,55,91,89,128,126,23,114,53,41,1,33,7" hai2="25,62,116,73,119,88,115,102,127,106,6,29,93" hai3="96,84,28,112,47,16,22,37,110,105,39,8,30"/><W14/><G112/><T120/><D120/><U20/><E33/><V4/><F115/><W121/><G121/><T9/><D117/><U10/><E114/><V26/><F73/><W130/><G130/><T15/><D131/><U95/><E128/><V32/><F127/><W69/><G69/><T45/><D27/><U24/><E41/><V5/><F26/><W35/><G35/><T101/><D83/><U63/><E126/><V68/><F106/><W31/><G110/><T18/><REACH who="0" step="1"/><D74/><REACH who="0" ten="161,344,217,268" step="2"/><U19/><E24/><V51/><F102/><W133/><G31/><T66/><AGARI ba="0,1" hai="9,15,18,44,45,56,57,60,61,64,66,97,101,107" machi="66" ten="20,8000,1" yaku="1,1,2,1,0,1,7,1,9,1,53,0" doraHai="85" doraHaiUra="113" who="0" fromWho="0" sc="161,90,344,-20,217,-20,268,-40" owari="251,5.0,324,42.0,197,-30.0,228,-17.0" /></mjloggm>