<mjloggm ver="2.3"><GO type="169" lobby="0"/><UN n0="%E3%83%88%E3%83%AC%E3%83%8F%E3%83%AD%E3%83%BC%E3%82%B9" n1="%E3%83%81%E3%83%BC%E3%82%BF%E3%83%BC" n2="%EF%BC%88%E2%89%A7%E2%96%BD%E2%89%A6%EF%BC%89" n3="%6E%61%69%74%61" dan="16,16,18,16" rate="2054.94,2144.86,2251.57,2130.97" sx="M,M,M,M"/><TAIKYOKU oya="0"/><INIT seed="0,0,0,5,1,115" ten="250,250,250,250" oya="0" hai0="43,34,50,131,108,91,12,74,120,63,127,67,112" hai1="4,6,39,118,72,100,90,54,93,47,14,103,75" hai2="66,116,20,88,133,89,68,1,71,36,33,126,95" hai3="122,65,26,106,51,105,42,84,76,40,0,80,111"/><T109/><D112/><U24/><E24/><V81/><F33/><W104/><G111/><N who="0" m="42571" /><D120/><U28/><E28/><V78/><F1/><W30/><G0/><T73/><D34/><U129/><E129/><V45/><F133/><W101/><G122/><T13/><D131/><U64/><E64/><V123/><F123/><W92/><G65/><T98/><D127/><U22/><E72/><N who="0" m="27753" /><D50/><U19/><E75/><V35/><F126/><W29/><G51/><T97/><D43/><U60/><E118/><V69/><F35/><W44/><G42/><T55/><D55/><U32/><E32/><V62/><F116/><W2/><G2/><T18/><D91/><U17/><E17/><V119/><F119/><W117/><G117/><T114/><D114/><U79/><E79/><V85/><F89/><W31/><G40/><T124/><D124/><U10/><E39/><V49/><F36/><W7/><G7/><T59/><D12/><N who="1" m="5207" /><E4/><V8/><F78/><W125/><G125/><T87/><D87/><N who="1" m="52447" /><E47/><V110/><F45/><W23/><G44/><T56/><D56/><AGARI ba="0,0" hai="14,19,22,54,56,60,100,103" m="52447,5207" machi="56" ten="30,1000,0" yaku="8,1" doraHai="115" who="1" fromWho="0" sc="250,-10,250,10,250,0,250,0" /><INIT seed="1,0,0,5,4,18" ten="240,260,250,250" oya="1" hai0="1,77,64,130,81,119,116,104,79,71,96,66,93" hai1="58,5,124,48,10,24,38,115,92,54,11,135,56" hai2="91,19,114,23,31,97,2,95,78,84,75,106,60" hai3="103,16,41,108,131,76,110,69,42,27,46,51,12"/><U68/><E68/><V122/><F122/><W134/><G69/><T55/><D1/><U15/><E38/><V14/><F2/><W88/><G134/><T17/><D104/><U101/><E115/><V128/><F114/><W113/><G113/><T74/><D130/><U83/><E135/><V132/><F132/><W29/><G131/><T21/><D77/><U125/><E83/><V34/><F128/><W52/><G76/><T8/><D8/><U20/><E11/><V121/><F121/><W25/><G103/><T127/><D127/><U30/><REACH who="1" step="1"/><E56/><REACH who="1" ten="240,250,250,250" step="2"/><V86/><F75/><W80/><G110/><T40/><D71/><U63/><E63/><V59/><F59/><W61/><G108/><T100/><D119/><U112/><E112/><V13/><F60/><W118/><G118/><T9/><D116/><U72/><E72/><V90/><F78/><W70/><G70/><T94/><D9/><U35/><E35/><V44/><F34/><W117/><G117/><T73/><D66/><U53/><E53/><V22/><F22/><N who="3" m="15543" /><G61/><T99/><D64/><U7/><E7/><V98/><F23/><N who="3" m="11655" /><G27/><T120/><D81/><U123/><E123/><V6/><F6/><W107/><G107/><T65/><D120/><U102/><E102/><V87/><F106/><W39/><G39/><T109/><D109/><U57/><E57/><V126/><F95/><W133/><G133/><T26/><D65/><U3/><E3/><V111/><F111/><W0/><G0/><T4/><D4/><U43/><E43/><N who="3" m="16394" /><G80/><T49/><D40/><U37/><E37/><V82/><F82/><RYUUKYOKU ba="0,1" sc="240,-15,250,15,250,-15,250,15" hai1="5,10,15,20,24,30,48,54,58,92,101,124,125" hai3="46,51,52,88" /><INIT seed="1,1,1,4,3,66" ten="225,265,235,265" oya="1" hai0="116,118,9,119,111,23,32,82,15,83,42,75,48" hai1="22,2,13,86,101,27,26,132,89,123,127,38,43" hai2="100,128,117,24,67,49,94,109,125,103,14,33,10" hai3="18,19,6,29,78,60,58,40,35,74,106,21,46"/><U81/><E2/><V34/><F117/><W124/><G124/><T107/><D32/><U39/><E123/><V20/><F125/><W44/><G106/><T64/><D107/><U65/><E127/><V61/><F128/><W97/><G35/><T25/><D111/><U95/><E132/><V53/><F109/><W45/><G6/><T122/><D122/><U55/><E43/><V115/><F115/><W31/><G97/><T62/><D75/><U96/><E27/><V79/><F79/><W16/><G40/><T130/><D130/><U28/><E13/><V93/><F34/><W121/><G121/><T114/><D114/><U131/><E131/><V8/><F33/><W80/><REACH who="3" step="1"/><G21/><REACH who="3" ten="225,265,235,255" step="2"/><T57/><D42/><U99/><E99/><V90/><F20/><W52/><AGARI ba="1,2" hai="16,18,19,29,31,44,45,46,52,58,60,74,78,80" machi="52" ten="30,8000,1" yaku="1,1,2,1,0,1,54,2,53,0" doraHai="66" doraHaiUra="84" who="3" fromWho="3" sc="225,-21,265,-41,235,-21,255,103" /><INIT seed="2,0,0,0,5,21" ten="204,224,214,358" oya="2" hai0="126,118,16,53,35,49,92,73,94,18,22,112,119" hai1="1,63,55,83,46,80,19,127,61,57,120,17,6" hai2="31,122,124,26,8,95,108,43,0,84,28,74,34" hai3="88,98,69,76,27,25,54,11,109,40,67,111,116"/><V134/><F122/><W77/><G116/><N who="0" m="44587" /><D73/><U65/><E120/><V105/><F105/><W78/><G40/><T115/><D35/><U9/><E127/><V131/><F74/><W24/><G11/><T104/><D104/><U42/><E80/><V60/><F124/><W117/><G117/><T14/><D18/><U130/><E83/><V38/><F31/><W37/><G37/><T106/><D106/><U52/><E130/><V62/><F131/><W91/><G54/><T50/><D126/><U86/><E86/><V133/><F108/><N who="3" m="41547" /><G98/><T47/><D50/><U48/><REACH who="1" step="1"/><E55/><REACH who="1" ten="204,214,214,358" step="2"/><V99/><F84/><W81/><G81/><T135/><D135/><U51/><E51/><V29/><F134/><W82/><G82/><T23/><D115/><U44/><E44/><V72/><F133/><W12/><G12/><N who="0" m="9479" /><D112/><U90/><E90/><N who="3" m="34346" /><G67/><T71/><D71/><AGARI ba="0,1" hai="1,6,9,17,19,42,46,48,52,57,61,63,65,71" machi="71" ten="30,3900,0" yaku="1,1,7,1,54,1,53,0" doraHai="21" doraHaiUra="125" who="1" fromWho="0" sc="204,-39,214,49,214,0,358,0" /><AGARI ba="0,0" hai="24,25,27,69,71,76,77,78" m="34346,41547" machi="71" ten="40,12000,2" yaku="28,2,14,1,52,3,54,1" doraHai="21" who="3" fromWho="0" sc="165,-120,263,0,214,0,358,120" /><INIT seed="3,0,0,5,4,57" ten="45,263,214,478" oya="3" hai0="54,113,69,99,15,14,77,95,2,91,103,12,23" hai1="47,122,104,22,60,3,97,63,101,30,79,127,128" hai2="42,135,46,119,89,45,72,18,26,71,19,73,70" hai3="109,38,74,65,115,28,16,7,56,35,49,132,64"/><W116/><G115/><T82/><D69/><U93/><E122/><V112/><F119/><W48/><G116/><T31/><D2/><U44/><E3/><V94/><F112/><W81/><G38/><T33/><D33/><U123/><E123/><V66/><F135/><W124/><G7/><T120/><D120/><U61/><E104/><V11/><F72/><W75/><G132/><T32/><D32/><U100/><E128/><V85/><F73/><W34/><G28/><T17/><D31/><U106/><E79/><V121/><F121/><W21/><G56/><T40/><D113/><U92/><E127/><V102/><F102/><W10/><G10/><T4/><D4/><U39/><E39/><V84/><F46/><W87/><G21/><T98/><D40/><U1/><E1/><V59/><F85/><W90/><G87/><T58/><D82/><U43/><E43/><V52/><F66/><W55/><G81/><T36/><D36/><U130/><E130/><V78/><F19/><W114/><G16/><T83/><D83/><U20/><E106/><V125/><F78/><W0/><G114/><T68/><D68/><U129/><E129/><V76/><F76/><W134/><G134/><T86/><D77/><U51/><E51/><N who="2" m="27063" /><F125/><W96/><G124/><T9/><D9/><U110/><E110/><V41/><F41/><W107/><G109/><T133/><D133/><U118/><E118/><V8/><F71/><W80/><G80/><T37/><D37/><U5/><E5/><V88/><F70/><W50/><G0/><T29/><D103/><U24/><E20/><RYUUKYOKU ba="0,0" sc="45,-10,263,30,214,-10,478,-10" hai1="22,24,30,44,47,60,61,63,92,93,97,100,101" /><INIT seed="4,1,0,1,5,130" ten="35,293,204,468" oya="0" hai0="111,104,77,11,134,119,27,70,102,42,17,99,62" hai1="106,31,115,24,69,66,2,82,37,12,46,132,45" hai2="39,81,64,4,121,41,19,131,44,93,52,28,8" hai3="71,122,98,30,7,127,47,53,14,68,59,105,94"/><T89/><D119/><U88/><E2/><V116/><F116/><W118/><G118/><T32/><D42/><U83/><E106/><V74/><F131/><W48/><G105/><T103/><D103/><U133/><E115/><V117/><F117/><W38/><G30/><T15/><D111/><U40/><E12/><V91/><F121/><W113/><G122/><T25/><D77/><U10/><E10/><V79/><F64/><W125/><G113/><T60/><D89/><U3/><E3/><V36/><F28/><W54/><G14/><T63/><D70/><U65/><E45/><V22/><F52/><N who="3" m="29727" /><G7/><T16/><D32/><U55/><E55/><N who="3" m="21002" /><G98/><T90/><D90/><U56/><E56/><V35/><F35/><W18/><G18/><T87/><D87/><N who="1" m="50295" /><E83/><V100/><F81/><W108/><G94/><T92/><D104/><U58/><E58/><V112/><F93/><W124/><G108/><T9/><D134/><N who="1" m="51819" /><E69/><N who="3" m="26698" /><G59/><T78/><D78/><U96/><E96/><V95/><F79/><W114/><G114/><T49/><D49/><U57/><E57/><V109/><F112/><W120/><G120/><T72/><REACH who="0" step="1"/><D72/><REACH who="0" ten="25,293,204,468" step="2"/><U135/><N who="1" m="51827" /><U13/><DORA hai="43" /><E13/><AGARI ba="1,1" hai="9,11,13,15,16,17,25,27,60,62,63,92,99,102" machi="13" ten="40,18000,2" yaku="1,1,9,1,8,1,54,1,53,2" doraHai="130,43" doraHaiUra="61,21" who="0" fromWho="1" sc="25,193,293,-183,204,0,468,0" /><INIT seed="4,2,0,2,1,105" ten="218,110,204,468" oya="0" hai0="92,58,116,21,50,108,16,42,60,86,95,54,19" hai1="66,76,126,123,93,115,24,118,120,11,112,133,111" hai2="100,89,101,49,127,98,68,10,5,34,57,99,32" hai3="72,75,96,8,82,106,44,117,74,25,78,22,84"/><T61/><D116/><U14/><E76/><V29/><F68/><W103/><G117/><T91/><D108/><U131/><E66/><V51/><F127/><W1/><G44/><T59/><D42/><U62/><E62/><V85/><F29/><W43/><G43/><T4/><D4/><U39/><E39/><V37/><F37/><W80/><G8/><T7/><D7/><U88/><E118/><V121/><F121/><W27/><G1/><T128/><D128/><U129/><E111/><V122/><F122/><W26/><REACH who="3" step="1"/><G22/><REACH who="3" ten="218,110,204,458" step="2"/><T67/><D21/><U135/><E126/><V70/><F10/><W65/><G65/><T48/><D95/><U71/><E71/><V125/><F70/><W63/><G63/><T102/><D102/><U77/><E77/><AGARI ba="2,1" hai="25,26,27,72,74,75,77,78,80,82,84,96,103,106" machi="77" ten="40,8000,1" yaku="1,1,52,3,53,0" doraHai="105" doraHaiUra="35" who="3" fromWho="1" sc="218,0,110,-86,204,0,458,96" /><INIT seed="5,0,0,2,2,126" ten="218,24,204,554" oya="1" hai0="77,111,97,60,120,20,10,63,124,134,128,76,51" hai1="83,29,81,125,46,52,55,108,42,131,13,74,71" hai2="122,90,9,43,14,53,95,31,113,119,87,35,101" hai3="110,96,23,100,41,91,118,79,88,94,121,109,117"/><U73/><E71/><V19/><F119/><N who="3" m="45579" /><G121/><T22/><D120/><U27/><E125/><V98/><F122/><W78/><G23/><T61/><D124/><U133/><E133/><V44/><F113/><W103/><G41/><T66/><D111/><N who="3" m="42505" /><G91/><T1/><D134/><U28/><E108/><V4/><F35/><W16/><G16/><T38/><D38/><U40/><E13/><V114/><F31/><W17/><G17/><T45/><D22/><U72/><E27/><V106/><F114/><W112/><G112/><T50/><D20/><U32/><E46/><V86/><F53/><N who="1" m="20553" /><E32/><V0/><F87/><W36/><G36/><T92/><D77/><AGARI ba="0,0" hai="77,78,79,88,94,96,100,103" m="42505,45579" machi="77" ten="30,7700,0" yaku="12,1,34,2,54,1" doraHai="126" who="3" fromWho="0" sc="218,-77,24,0,204,0,554,77" /><INIT seed="6,0,0,4,3,63" ten="141,24,204,631" oya="2" hai0="15,134,98,74,73,129,62,11,94,135,75,39,131" hai1="76,93,64,105,110,95,3,60,86,120,24,116,108" hai2="53,33,46,52,2,90,65,25,22,37,102,55,23" hai3="101,124,89,26,100,79,40,88,127,87,56,44,118"/><V12/><F2/><W59/><G26/><T36/><D62/><U19/><E105/><V43/><F102/><N who="3" m="39531" /><G79/><T128/><D98/><U66/><E3/><V77/><F77/><W126/><G118/><T121/><D94/><U58/><E116/><V71/><F33/><W117/><G117/><T57/><D57/><N who="3" m="22089" /><G87/><T6/><REACH who="0" step="1"/><D121/><REACH who="0" ten="131,24,204,631" step="2"/><U35/><E120/><V78/><F71/><W82/><G82/><T107/><D107/><U72/><E72/><V68/><F68/><W99/><G99/><T80/><D80/><N who="1" m="47367" /><E110/><V32/><F46/><W84/><G84/><T14/><D14/><U28/><E108/><V111/><F12/><W48/><AGARI ba="0,1" hai="40,44,48,88,89,124,126,127" m="22089,39531" machi="48" ten="40,2700,0" yaku="18,1,54,1" doraHai="63" who="3" fromWho="3" sc="131,-7,24,-7,204,-13,631,37" /><INIT seed="7,0,0,2,0,126" ten="124,17,191,668" oya="3" hai0="122,102,27,9,84,134,110,127,49,86,117,79,36" hai1="47,14,30,17,34,95,103,15,78,128,104,54,88" hai2="73,8,32,31,56,129,38,50,41,21,80,91,100" hai3="118,25,39,124,81,116,4,20,11,85,28,63,26"/><W37/><G63/><T76/><D36/><U106/><E78/><V42/><F32/><W71/><G71/><T68/><D122/><U59/><E47/><V40/><F38/><W96/><G124/><T109/><D68/><U93/><E15/><V115/><F100/><W113/><G113/><T62/><D62/><U53/><E53/><N who="2" m="31799" /><F73/><W90/><G39/><T66/><D66/><U67/><E67/><V120/><F120/><W29/><G37/><T111/><D102/><U123/><E123/><V119/><F119/><W131/><G131/><T65/><D65/><U112/><E112/><V99/><F129/><W57/><G57/><T52/><D127/><U16/><E128/><V107/><F107/><W51/><G51/><T45/><D117/><U6/><E6/><V82/><F8/><W13/><G96/><T60/><D60/><U24/><E103/><V94/><F115/><W132/><G132/><T125/><D125/><U2/><E95/><V64/><F64/><W130/><G130/><T3/><D134/><U133/><E2/><V101/><F101/><W75/><G75/><T89/><D27/><AGARI ba="0,0" hai="21,27,31,40,41,42,80,82,91,94,99" m="31799" machi="27" ten="30,1000,0" yaku="8,1" doraHai="126" who="2" fromWho="0" sc="124,-10,17,0,191,10,668,0" owari="114,-29.0,17,-48.0,201,0.0,668,77.0" /></mjloggm>