<mjloggm ver="2.3"><GO type="41"/><UN n0="%E3%83%A9%E3%83%B3%E3%83%9C%E3%83%AB%E3%82%AE%E3%83%BC%E3%83%8B" n1="%E9%8C%A6%E8%9B%87" n2="%EF%BC%88%E2%89%A7%E2%96%BD%E2%89%A6%EF%BC%89" n3="%6D%69%6E%74%69%61" dan="14,14,13,13" rate="1956,1905,2029,1826" sx="M,M,M,M"/><TAIKYOKU oya="0"/><INIT seed="0,0,0,2,4,4" ten="250,250,250,250" oya="0" hai0="63,3,47,56,19,109,122,77,124,92,69,90,114" hai1="52,24,42,14,118,49,45,105,78,125,93,65,34" hai2="40,121,123,22,50,23,96,107,86,59,60,89,2" hai3="91,7,130,62,128,55,33,20,11,112,87,119,115"/><T16/><D114/><U72/><E105/><V12/><F2/><W61/><G33/><T71/><D124/><U6/><E118/><V106/><F123/><W85/><G7/><T1/><D122/><U13/><E125/><V110/><F121/><W117/><G20/><N who="2" m="7721" /><F107/><W35/><G35/><T79/><D47/><U120/><E65/><V99/><F106/><W58/><G91/><T48/><D48/><U98/><E72/><V101/><F110/><W37/><G58/><T9/><D109/><U81/><E34/><V97/><F101/><W18/><G18/><T21/><D21/><U83/><E24/><V57/><F12/><W80/><G55/><T94/><D56/><U32/><E32/><V36/><F36/><W28/><G80/><T66/><D90/><U132/><E132/><V116/><F116/><W0/><G37/><T103/><D63/><U113/><E120/><V54/><F40/><W84/><G84/><T74/><D103/><U95/><E113/><V31/><F31/><W133/><G133/><T76/><D76/><U51/><E78/><V64/><F99/><W67/><G67/><T41/><D41/><U15/><E6/><V5/><F5/><W131/><G131/><T17/><D17/><U104/><E104/><V82/><AGARI ba="0,0" hai="50,54,57,59,60,64,82,86,89,96,97" m="7721" machi="82" ten="30,1100,0" yaku="8,1" doraHai="4" who="2" fromWho="2" sc="250,-5,250,-3,250,11,250,-3" /><INIT seed="1,0,0,5,2,132" ten="245,247,261,247" oya="1" hai0="0,63,113,85,30,67,120,20,51,4,43,104,96" hai1="8,94,29,46,117,31,127,23,64,56,60,33,101" hai2="114,6,82,36,77,68,75,1,2,61,106,97,121" hai3="110,89,95,49,99,35,42,112,81,22,91,123,86"/><U66/><E117/><V21/><F121/><W41/><G123/><T45/><D113/><U129/><E129/><V10/><F114/><W7/><G112/><T12/><D120/><U52/><E33/><V25/><F36/><W70/><G70/><T71/><D0/><U111/><E8/><V134/><F134/><W32/><G42/><T40/><D85/><U15/><E111/><V130/><F130/><W53/><G41/><T124/><D40/><U87/><E46/><V115/><F115/><W47/><G110/><T80/><D80/><U55/><E127/><V58/><F68/><W13/><G7/><T74/><D74/><U102/><E66/><V69/><F69/><W24/><REACH who="3" step="1"/><G13/><REACH who="3" step="2"/><T98/><D4/><U100/><E15/><V11/><F1/><W62/><G62/><T109/><D12/><U73/><E73/><V131/><F131/><W90/><G90/><T125/><D109/><U116/><E116/><V54/><F2/><W105/><G105/><T28/><D104/><U17/><E31/><AGARI ba="0,1" hai="22,24,31,32,35,47,49,53,81,86,89,91,95,99" machi="31" ten="30,2000,0" yaku="1,1,7,1,53,0" doraHai="132" doraHaiUra="119" who="3" fromWho="1" sc="245,0,247,-20,261,0,237,30" /><INIT seed="2,0,0,3,3,110" ten="245,227,261,267" oya="2" hai0="118,111,77,128,53,64,6,52,9,30,65,115,0" hai1="97,54,63,19,1,39,82,47,79,11,127,132,45" hai2="84,2,74,12,105,89,90,28,87,72,57,51,93" hai3="107,5,106,46,17,116,40,31,3,86,126,88,69"/><V109/><F2/><W95/><G69/><T25/><D128/><U125/><E132/><V43/><F109/><W56/><G116/><T41/><D118/><U91/><E39/><V62/><F105/><W108/><G108/><T32/><D111/><U34/><E34/><V37/><F37/><W100/><G31/><T8/><D41/><U130/><E130/><V119/><F119/><W7/><G126/><N who="1" m="48138" /><E97/><V50/><F28/><W73/><G73/><T80/><D9/><U71/><E91/><V124/><F124/><W102/><G107/><T29/><D29/><U78/><E71/><V83/><F12/><W42/><G42/><T10/><D10/><U26/><E78/><V68/><F68/><W81/><G106/><T123/><D123/><U16/><E26/><V99/><F99/><W15/><G3/><T58/><D53/><U67/><E67/><V49/><REACH who="2" step="1"/><F43/><REACH who="2" step="2"/><W94/><G40/><T33/><D33/><U48/><E1/><V61/><F61/><W76/><G15/><T113/><D115/><U4/><E63/><V129/><F129/><W112/><G112/><T117/><D113/><U121/><E121/><V92/><F92/><W131/><G95/><T134/><D117/><U44/><E4/><V96/><F96/><W60/><G5/><T13/><D0/><U104/><E104/><V38/><F38/><W23/><G7/><T98/><D98/><U55/><E11/><V114/><F114/><W135/><G131/><T133/><D133/><U59/><E54/><AGARI ba="0,1" hai="49,50,51,54,57,62,72,74,83,84,87,89,90,93" machi="54" ten="40,2000,0" yaku="1,1,53,0" doraHai="110" doraHaiUra="22" who="2" fromWho="1" sc="245,0,227,-20,251,30,267,0" /><INIT seed="2,1,0,2,1,107" ten="245,207,281,267" oya="2" hai0="5,93,35,126,16,38,113,122,94,129,32,74,109" hai1="89,67,2,103,42,130,3,96,79,99,102,59,108" hai2="106,34,101,27,97,40,9,18,80,30,123,117,91" hai3="114,31,104,115,135,10,95,63,19,134,118,131,49"/><V37/><F123/><W44/><G104/><T116/><RYUUKYOKU type="yao9" ba="1,0" sc="245,0,207,0,281,0,267,0" hai0="5,16,32,35,38,74,93,94,109,113,116,122,126,129" /><INIT seed="2,2,0,0,5,84" ten="245,207,281,267" oya="2" hai0="58,24,26,47,51,8,87,2,43,103,107,90,129" hai1="114,118,40,111,57,108,66,63,82,6,35,46,68" hai2="38,124,62,106,41,13,123,49,48,14,22,127,36" hai3="9,88,55,75,7,104,60,39,25,78,93,52,100"/><V53/><F106/><W11/><G39/><N who="2" m="14889" /><F22/><W29/><G104/><T133/><D133/><U3/><E35/><V77/><F77/><W12/><G100/><T83/><D129/><U109/><E82/><V95/><F95/><W4/><G78/><T86/><D103/><U21/><E21/><V122/><F13/><W105/><G105/><T81/><D107/><U23/><E23/><V117/><F14/><W70/><G75/><T85/><D58/><U89/><E89/><V128/><F128/><W18/><G70/><T56/><D56/><U94/><E94/><V64/><F41/><W71/><G71/><T102/><D85/><U112/><E6/><N who="3" m="2090" /><G25/><T76/><D102/><U99/><E99/><V74/><F74/><W20/><G29/><T119/><D119/><U30/><E30/><V37/><N who="2" m="14897" /><V101/><DORA hai="110" /><F101/><W0/><G0/><T54/><D43/><U132/><E3/><V67/><F117/><W80/><G80/><T19/><D2/><U79/><E79/><V61/><F64/><W1/><G1/><T72/><D72/><U120/><E120/><N who="2" m="46123" /><F67/><W31/><G31/><T65/><D65/><U45/><E40/><V59/><F48/><W5/><G60/><AGARI ba="2,0" hai="49,53,59,60,61,62,124,127" m="46123,14897" machi="60" ten="50,4800,0" yaku="34,2" doraHai="84,110" who="2" fromWho="3" sc="245,0,207,0,281,54,267,-54" /><INIT seed="2,3,0,5,0,134" ten="245,207,335,213" oya="2" hai0="33,21,16,4,129,55,36,88,97,11,70,111,48" hai1="5,103,64,13,3,29,133,62,78,50,53,19,135" hai2="6,83,56,67,58,57,94,123,118,2,0,98,91" hai3="127,104,80,105,47,115,100,68,69,12,106,116,124"/><V60/><F123/><W110/><G116/><T79/><D111/><U18/><E103/><V120/><F120/><W76/><G110/><T49/><D129/><U77/><E29/><V102/><F118/><W35/><G35/><T84/><D36/><U43/><E43/><V109/><F109/><W30/><G30/><T1/><D33/><U39/><E39/><V93/><F83/><W63/><G115/><T107/><D70/><U17/><E3/><V85/><REACH who="2" step="1"/><F6/><REACH who="2" step="2"/><W65/><G69/><AGARI ba="3,1" hai="0,2,56,57,58,60,67,69,85,91,93,94,98,102" machi="69" ten="40,3900,0" yaku="1,1,2,1,53,0" doraHai="134" doraHaiUra="71" who="2" fromWho="3" sc="245,0,207,0,325,58,213,-48" /><INIT seed="2,4,0,5,0,98" ten="245,207,383,165" oya="2" hai0="59,70,118,132,123,91,7,52,46,77,107,8,76" hai1="31,37,33,92,126,14,25,115,120,44,134,21,85" hai2="106,17,55,117,2,24,34,10,67,47,6,100,96" hai3="4,18,12,89,80,13,38,88,20,135,110,63,15"/><V84/><F117/><W104/><G104/><T57/><D123/><U101/><E115/><V39/><F67/><W48/><G38/><T86/><D132/><U131/><E134/><V56/><F84/><W105/><G105/><T128/><D70/><U124/><E37/><V71/><F71/><W69/><G135/><T108/><D108/><U1/><E1/><V27/><F34/><W35/><G35/><T102/><D128/><U93/><E44/><V112/><F112/><W87/><G110/><T36/><D118/><U114/><E114/><V65/><F65/><W72/><G72/><T32/><D32/><U29/><E14/><V51/><REACH who="2" step="1"/><F17/><REACH who="2" step="2"/><W50/><G69/><T11/><D36/><U119/><E119/><V45/><F45/><W81/><G4/><T9/><D46/><U23/><E33/><V94/><F94/><W58/><G81/><T61/><D59/><U95/><E85/><V30/><F30/><W3/><G3/><T26/><D7/><U78/><E120/><V97/><F97/><W113/><G113/><T111/><D111/><U109/><E109/><V40/><AGARI ba="4,1" hai="2,6,10,24,27,39,40,47,51,55,56,96,100,106" machi="40" ten="30,11700,0" yaku="1,1,0,1,52,1,53,1" doraHai="98" doraHaiUra="5" who="2" fromWho="2" sc="245,-43,207,-43,373,139,165,-43" /><INIT seed="2,5,0,0,1,81" ten="202,164,512,122" oya="2" hai0="12,66,72,104,119,45,116,61,60,93,28,84,15" hai1="55,64,2,125,111,10,50,131,40,52,89,57,39" hai2="118,135,79,103,0,68,77,5,34,91,108,96,36" hai3="80,19,31,129,18,7,94,114,24,127,83,41,14"/><V71/><F5/><W54/><G114/><T46/><D72/><U69/><E2/><V53/><F53/><W107/><G107/><T115/><D104/><U22/><E10/><V37/><F0/><W56/><G41/><T26/><D115/><U123/><E22/><V3/><F3/><W21/><G7/><T124/><D124/><U51/><E89/><V130/><F34/><W27/><G127/><T87/><D93/><U75/><E75/><V86/><F96/><W32/><G129/><T65/><D26/><U62/><E125/><V29/><F29/><AGARI ba="5,0" hai="12,15,28,29,45,46,60,61,65,66,84,87,116,119" machi="29" ten="25,6400,0" yaku="22,2,52,2" doraHai="81" who="0" fromWho="2" sc="202,79,164,0,512,-79,122,0" /><INIT seed="3,0,0,4,0,115" ten="281,164,433,122" oya="3" hai0="89,128,0,49,60,45,120,56,112,63,58,64,29" hai1="14,114,90,11,53,22,103,106,27,131,87,46,19" hai2="130,36,116,17,118,124,1,55,4,20,107,81,95" hai3="91,100,54,92,119,85,9,86,2,32,51,125,94"/><W37/><G119/><N who="2" m="45609" /><F107/><W43/><G32/><T111/><D0/><U59/><E114/><V110/><F36/><W40/><G37/><T34/><D112/><U78/><E131/><V39/><F39/><W68/><G68/><T84/><D128/><U57/><E106/><V65/><F65/><W132/><G132/><T25/><D111/><U126/><E103/><V38/><F38/><W117/><G117/><T8/><D8/><U21/><E126/><V133/><F55/><W15/><G125/><T24/><D24/><U71/><E71/><V61/><F61/><W80/><G2/><T74/><D74/><U48/><E21/><V121/><F121/><W7/><G100/><T31/><D31/><U13/><E14/><N who="2" m="9271" /><F95/><W108/><G108/><T129/><D129/><U66/><E78/><V41/><F41/><W62/><G62/><T42/><D120/><U3/><E3/><V73/><F81/><W67/><G67/><T102/><D102/><U5/><REACH who="1" step="1"/><E66/><REACH who="1" step="2"/><V28/><F124/><W16/><G7/><T134/><D64/><U98/><E98/><V109/><F130/><W35/><G35/><T26/><D34/><U12/><E12/><V93/><F110/><W33/><G33/><T18/><D26/><U123/><E123/><V82/><F109/><W77/><REACH who="3" step="1"/><G94/><AGARI ba="0,1" hai="5,11,13,19,22,27,46,48,53,57,59,87,90,94" machi="94" ten="30,8000,1" yaku="1,1,7,1,8,1,53,2" doraHai="115" doraHaiUra="52" who="1" fromWho="3" sc="281,0,154,90,433,0,122,-80" /><INIT seed="4,0,0,4,1,73" ten="281,244,433,42" oya="0" hai0="103,17,63,25,46,134,126,2,91,6,106,69,66" hai1="84,117,130,107,13,42,44,11,50,61,43,14,62" hai2="95,71,12,70,129,93,10,51,21,52,124,8,0" hai3="79,3,87,40,49,105,123,55,26,41,35,19,1"/><T89/><D134/><U97/><E117/><V59/><F129/><W65/><G105/><T86/><D126/><U131/><E107/><V32/><F32/><W135/><G135/><T132/><D132/><U128/><E97/><V90/><F124/><W60/><G123/><T96/><D86/><U39/><E84/><N who="2" m="52423" /><F0/><W74/><G74/><T101/><D101/><U104/><E104/><V33/><F33/><W116/><G116/><T67/><D67/><U127/><E127/><V34/><F34/><W68/><G3/><T22/><D6/><U118/><E118/><V120/><F120/><W37/><G1/><T102/><D2/><U72/><E72/><V80/><F80/><W75/><G75/><T24/><D46/><N who="1" m="23903" /><E14/><V53/><F95/><W64/><G64/><T133/><D133/><U115/><E115/><V28/><F28/><W36/><G36/><T20/><REACH who="0" step="1"/><D103/><REACH who="0" step="2"/><U15/><E11/><V45/><F71/><W54/><G37/><T27/><D27/><U7/><E7/><V88/><F70/><W57/><G68/><T23/><D23/><U48/><E13/><V56/><F21/><W85/><G26/><T38/><D38/><N who="1" m="21623" /><E15/><V92/><F12/><W98/><G35/><T83/><D83/><U4/><E4/><V100/><F100/><W76/><G87/><T111/><D111/><U119/><E119/><V113/><F113/><W58/><G85/><T121/><D121/><U99/><E99/><N who="2" m="57735" /><F45/><W114/><G114/><T110/><D110/><U109/><E109/><V77/><F8/><W47/><G47/><T5/><D5/><U112/><E112/><RYUUKYOKU ba="0,1" sc="271,15,244,15,433,-15,42,-15" hai0="17,20,22,24,25,63,66,69,89,91,96,102,106" hai1="48,50,61,62,128,130,131" /><INIT seed="4,1,1,1,0,128" ten="286,259,418,27" oya="0" hai0="122,78,132,57,94,23,107,125,109,75,48,18,106" hai1="84,130,20,0,117,131,88,29,116,30,46,123,8" hai2="47,61,68,4,39,83,124,5,17,64,98,82,92" hai3="120,85,33,118,62,104,112,126,22,70,1,115,50"/><T86/><D122/><U16/><E123/><V2/><F124/><W12/><G120/><T7/><D125/><U51/><E0/><V13/><F2/><W90/><G126/><T36/><D36/><U81/><E8/><V59/><F68/><W93/><G1/><T41/><D7/><N who="2" m="2634" /><F47/><W19/><G33/><T69/><D69/><U15/><E30/><V99/><F39/><W31/><G31/><T9/><D9/><U114/><E29/><V21/><F99/><W24/><G24/><T105/><D75/><U113/><E51/><V87/><F87/><W96/><G118/><N who="1" m="45674" /><E46/><V56/><F59/><W11/><G11/><T71/><D71/><U66/><E66/><V133/><F133/><W127/><G127/><T97/><D132/><U49/><E49/><V135/><F135/><W77/><G70/><T54/><D41/><U44/><E44/><V108/><F108/><W119/><G119/><T102/><D109/><U28/><E28/><V10/><F10/><W67/><G62/><T53/><D53/><U3/><E3/><V58/><F58/><W45/><G67/><T129/><D129/><AGARI ba="1,1" hai="15,16,20,81,84,88,113,114,129,130,131" m="45674" machi="129" ten="40,5200,0" yaku="19,1,54,2" doraHai="128" who="1" fromWho="0" sc="286,-55,259,65,418,0,27,0" /><INIT seed="5,0,0,4,1,48" ten="231,324,418,27" oya="1" hai0="28,66,118,33,89,114,61,93,124,133,87,135,125" hai1="77,76,50,46,58,127,112,100,40,67,79,15,55" hai2="97,22,13,59,25,70,119,73,16,126,38,53,42" hai3="14,20,4,85,30,11,34,8,106,3,47,0,109"/><U80/><E112/><V62/><F119/><W96/><G109/><T41/><D28/><U57/><E127/><N who="0" m="48713" /><D33/><U78/><E100/><V44/><F126/><W99/><G47/><T54/><D41/><U72/><E15/><V130/><F73/><W17/><G85/><T64/><D118/><U103/><E103/><V122/><F122/><W36/><G99/><T105/><D105/><U120/><E120/><V51/><F130/><W98/><G96/><T115/><D64/><U83/><N who="1" m="19968" /><DORA hai="86" /><U6/><E6/><V104/><F97/><W12/><G98/><T37/><D37/><U132/><E72/><V92/><F92/><W45/><G45/><T117/><D117/><U2/><E2/><V90/><F104/><W129/><G36/><T123/><D54/><U18/><E18/><V35/><F90/><W9/><G129/><T52/><D66/><U107/><E132/><N who="0" m="50761" /><D123/><U116/><E116/><V102/><F102/><W29/><G106/><T134/><N who="0" m="50769" /><T19/><DORA hai="1" /><D19/><U23/><E23/><V113/><F35/><W121/><G121/><T88/><D89/><U101/><E107/><V131/><F22/><W39/><G39/><T75/><D75/><U56/><E101/><V24/><F38/><W84/><G84/><T82/><D82/><N who="1" m="31275" /><E67/><V68/><F131/><W49/><G49/><AGARI ba="0,0" hai="40,46,49,50,55,56,57,58" m="31275,19968" machi="49" ten="40,3900,0" yaku="8,1,52,1" doraHai="48,86,1" who="1" fromWho="3" sc="231,0,324,39,418,0,27,-39" owari="231,-17,363,16,418,52,-12,-51" /></mjloggm>