<mjloggm ver="2.3"><GO type="169" lobby="0"/><UN n0="%E3%81%BE%E3%82%86%E3%81%BE%E3%82%86%37%37" n1="%EF%BC%88%E2%89%A7%E2%96%BD%E2%89%A6%EF%BC%89" n2="%E5%A4%A9%E8%A1%A3%E7%84%A1%E7%B8%AB%E3%82%88%E3%81%A4%E3%81%B0" n3="%EF%BC%A6%EF%BC%B8%E9%9B%80%E5%A3%AB" dan="17,18,16,17" rate="2142.40,2191.20,2083.52,2152.33" sx="F,M,M,M"/><TAIKYOKU oya="0"/><INIT seed="0,0,0,0,1,3" ten="250,250,250,250" oya="0" hai0="86,75,8,126,125,37,106,69,17,59,56,33,96" hai1="101,117,99,45,5,9,132,116,65,54,24,135,108" hai2="36,79,30,82,134,46,73,51,25,53,11,95,22" hai3="120,35,109,131,61,83,105,84,103,1,85,40,72"/><T71/><D75/><U31/><E65/><V0/><F134/><N who="1" m="51241" /><E45/><V110/><F110/><W91/><G109/><T81/><D33/><N who="1" m="20711" /><E54/><V77/><F77/><W12/><G1/><T104/><D37/><U49/><E49/><V57/><F95/><W70/><G35/><T115/><D115/><U121/><E108/><V55/><F57/><W7/><G40/><T88/><D59/><U64/><E64/><V21/><F21/><W39/><G39/><T100/><D106/><N who="1" m="63807" /><E121/><V74/><F74/><W44/><G72/><T98/><D98/><U58/><E58/><V78/><F78/><W42/><G44/><T118/><D118/><U16/><E16/><V129/><F129/><W67/><G131/><T20/><D8/><U94/><E94/><V13/><F36/><W38/><G38/><T10/><D56/><U92/><E92/><V93/><F93/><W6/><G67/><T127/><REACH who="0" step="1"/><D10/><REACH who="0" ten="240,250,250,250" step="2"/><U27/><E27/><AGARI ba="0,1" hai="17,20,27,69,71,81,86,88,96,100,104,125,126,127" machi="27" ten="40,12000,1" yaku="1,1,2,1,18,1,54,1,53,0" doraHai="3" doraHaiUra="113" who="0" fromWho="1" sc="240,130,250,-120,250,0,250,0" /><INIT seed="0,1,0,0,2,107" ten="370,130,250,250" oya="0" hai0="102,127,67,133,45,100,10,90,13,103,129,97,8" hai1="62,110,40,112,130,6,34,85,68,28,134,59,69" hai2="57,0,78,16,36,38,9,56,111,32,79,41,64" hai3="123,105,108,54,60,131,14,35,63,20,44,71,115"/><T23/><D133/><U104/><E134/><V82/><F32/><W49/><G35/><T81/><D127/><U31/><E130/><V84/><F111/><W43/><G108/><T124/><D124/><U7/><E110/><V121/><F121/><W51/><G105/><T77/><D129/><U94/><E104/><V113/><F113/><W87/><G115/><T114/><D67/><U92/><E112/><V117/><F117/><W26/><G123/><T17/><D114/><U74/><E34/><V39/><F41/><W96/><G71/><T22/><D45/><U3/><E3/><V55/><F0/><W135/><G96/><T91/><D22/><U27/><E40/><V4/><F4/><W48/><G135/><T11/><REACH who="0" step="1"/><D97/><REACH who="0" ten="360,130,250,250" step="2"/><U70/><E70/><V19/><F64/><W119/><G44/><T15/><D15/><U122/><E122/><V2/><F57/><W58/><G14/><T86/><AGARI ba="1,1" hai="8,10,11,13,17,23,77,81,86,90,91,100,102,103" machi="86" ten="30,6000,0" yaku="1,1,0,1,8,1,53,0" doraHai="107" doraHaiUra="128" who="0" fromWho="0" sc="360,73,130,-21,250,-21,250,-21" /><INIT seed="0,2,0,5,1,19" ten="433,109,229,229" oya="0" hai0="108,11,7,26,61,14,10,52,126,128,40,123,17" hai1="113,84,68,6,114,2,76,44,111,41,30,116,66" hai2="31,46,72,54,34,102,57,93,45,3,95,88,59" hai3="36,99,53,65,15,119,1,83,132,104,58,62,39"/><T98/><D123/><U37/><E116/><V38/><F72/><W133/><G1/><T48/><D126/><U63/><E111/><V117/><F3/><W86/><G119/><T121/><D121/><U96/><E96/><V64/><F117/><W12/><G104/><T50/><D128/><U97/><E97/><V80/><F38/><N who="3" m="14379" /><G53/><T73/><D73/><U42/><E42/><V55/><F64/><W82/><G99/><T106/><D108/><U60/><E60/><V103/><F80/><N who="3" m="30763" /><G86/><T77/><D77/><U130/><E130/><V29/><REACH who="2" step="1"/><F34/><REACH who="2" ten="433,109,219,229" step="2"/><W20/><G65/><T8/><D7/><U18/><E76/><V78/><F78/><W134/><G134/><T32/><D32/><U125/><E125/><V28/><F28/><W131/><G131/><T110/><D110/><U47/><E30/><V112/><F112/><W124/><G124/><T70/><D17/><U91/><E18/><V5/><F5/><W135/><G135/><T92/><D70/><U35/><E35/><V22/><F22/><W27/><G20/><T100/><D10/><U43/><E6/><V21/><F21/><W105/><G133/><T81/><D8/><U16/><E2/><V122/><F122/><W71/><G71/><T69/><D69/><U85/><E16/><V4/><F4/><W120/><G120/><T67/><D67/><U115/><REACH who="1" step="1"/><E91/><AGARI ba="2,1" hai="29,31,45,46,54,55,57,59,88,91,93,95,102,103" machi="91" ten="25,8000,1" yaku="1,1,22,2,8,1,54,1,53,0" doraHai="19" doraHaiUra="23" who="2" fromWho="1" sc="433,0,109,-86,219,96,229,0" /><INIT seed="1,0,0,4,0,88" ten="433,23,315,229" oya="1" hai0="43,121,42,83,32,100,69,47,98,131,78,3,30" hai1="60,84,112,128,74,101,15,68,27,119,110,51,92" hai2="4,45,8,52,6,16,53,122,72,21,90,63,66" hai3="95,76,103,89,79,41,40,108,35,70,115,65,118"/><U113/><E119/><V132/><F122/><W55/><G115/><T104/><D121/><U106/><E74/><V85/><F72/><W99/><G35/><T114/><D131/><U59/><E128/><V50/><F53/><W129/><G129/><T58/><D114/><U28/><E106/><V9/><F9/><W13/><G70/><T126/><D69/><U111/><E68/><V12/><F21/><W14/><G65/><T29/><D3/><U54/><E15/><V96/><F96/><W2/><G2/><T25/><D126/><U44/><E84/><V17/><F17/><W61/><G14/><T73/><D47/><U133/><E133/><V109/><F132/><W130/><G13/><T7/><D7/><U38/><E38/><V81/><F109/><N who="1" m="41481" /><E101/><V80/><F81/><W24/><G118/><T105/><D105/><U33/><E92/><V1/><F1/><W31/><G103/><T34/><D58/><AGARI ba="0,0" hai="4,6,8,12,16,45,50,52,58,63,66,80,85,90" machi="58" ten="30,12000,2" yaku="7,1,25,2,8,1,54,2" doraHai="88" who="2" fromWho="0" sc="433,-120,23,0,315,120,229,0" /><INIT seed="2,0,0,5,3,118" ten="313,23,435,229" oya="2" hai0="22,4,5,23,55,36,30,73,70,6,59,81,24" hai1="117,15,49,107,86,97,122,121,57,64,130,69,129" hai2="28,20,39,75,93,58,32,133,113,123,112,103,34" hai3="132,76,37,14,102,126,52,92,104,16,90,50,21"/><V128/><F39/><W44/><G126/><T91/><D70/><U61/><E117/><V94/><F75/><W11/><G132/><T45/><D36/><U74/><E74/><V56/><F128/><N who="1" m="49257" /><E86/><V9/><F9/><W116/><G116/><T3/><D3/><U135/><E135/><V98/><F133/><W19/><G37/><T82/><D45/><U110/><E110/><V27/><F123/><W96/><G76/><T80/><D73/><U115/><E115/><V66/><F58/><W84/><REACH who="3" step="1"/><G21/><REACH who="3" ten="313,23,435,219" step="2"/><T77/><D77/><U48/><E15/><V8/><F113/><W41/><G41/><T40/><D40/><U62/><E107/><V10/><F112/><W65/><G65/><T108/><D108/><U125/><E125/><V88/><F34/><W134/><G134/><T89/><REACH who="0" step="1"/><D22/><REACH who="0" ten="303,23,435,219" step="2"/><U72/><E72/><V114/><F114/><W83/><G83/><T101/><D101/><U100/><E100/><V105/><F32/><W38/><G38/><T54/><D54/><N who="1" m="33975" /><E97/><N who="2" m="57511" /><F105/><W87/><G87/><T79/><D79/><U18/><E18/><AGARI ba="0,2" hai="11,14,16,18,19,44,50,52,84,90,92,96,102,104" machi="18" ten="30,7700,0" yaku="1,1,7,1,54,2,53,0" doraHai="118" doraHaiUra="31" who="3" fromWho="1" sc="303,0,23,-77,435,0,219,97" owari="303,-10.0,-54,-55.0,435,53.0,316,12.0" /></mjloggm>