<mjloggm ver="2.3"><GO type="97"/><UN n0="%EF%BC%88%E2%89%A7%E2%96%BD%E2%89%A6%EF%BC%89" n1="%E3%82%8F%E3%81%95" n2="%E6%84%9B%E9%AF%89" n3="%E3%81%B5%E3%81%98%E9%80%9A" dan="15,13,15,15" rate="1960,1819,1939,1950" sx="M,M,F,M"/><TAIKYOKU oya="0"/><INIT seed="0,0,0,2,2,71" ten="250,250,250,250" oya="0" hai0="113,92,134,99,25,53,107,22,60,7,89,110,36" hai1="6,70,14,130,128,48,42,100,29,74,73,52,2" hai2="11,82,105,83,23,133,30,94,24,123,90,124,119" hai3="45,86,3,101,109,132,15,18,55,27,120,91,40"/><T95/><D113/><U59/><E2/><V19/><F123/><W63/><G3/><T54/><D107/><U8/><E70/><V32/><F105/><W13/><G120/><T1/><D134/><U75/><E100/><V122/><F124/><W0/><G0/><T98/><D110/><U17/><E29/><V61/><F122/><W37/><G132/><T115/><D115/><U65/><E65/><V97/><F133/><W57/><G109/><T81/><D81/><U68/><E68/><V51/><F119/><W35/><G101/><T49/><D60/><U76/><E42/><V47/><F61/><W93/><REACH who="3" step="1"/><G18/><REACH who="3" ten="250,250,250,240" step="2"/><T106/><D1/><U50/><E17/><V104/><F104/><W116/><G116/><T5/><D106/><U112/><E112/><V129/><F129/><N who="1" m="49769" /><E76/><V38/><F38/><W117/><G117/><T67/><D36/><U20/><E20/><V41/><F11/><W64/><G64/><T12/><D67/><U131/><E131/><V111/><REACH who="2" step="1"/><F111/><REACH who="2" ten="250,250,240,240" step="2"/><W77/><G77/><T31/><D49/><AGARI ba="0,2" hai="6,8,14,48,49,50,52,59,73,74,75" m="49769" machi="49" ten="40,2600,0" yaku="19,1,54,1" doraHai="71" who="1" fromWho="0" sc="250,-26,250,46,240,0,240,0" /><INIT seed="1,0,0,5,5,8" ten="224,296,240,240" oya="1" hai0="76,108,87,120,61,109,126,110,14,95,3,43,17" hai1="74,62,69,103,133,134,1,65,12,55,96,124,29" hai2="78,118,34,93,71,86,30,75,127,36,19,131,123" hai3="18,111,119,92,16,7,51,60,6,39,105,40,56"/><U125/><E74/><V63/><F118/><W116/><G105/><T9/><D120/><U31/><E1/><V47/><F123/><W106/><G106/><T70/><D126/><N who="1" m="48747" /><E55/><V132/><F127/><W68/><G68/><T44/><D3/><U50/><E50/><V72/><F131/><W15/><G39/><T52/><D76/><U130/><E12/><V114/><F132/><N who="1" m="50793" /><E31/><V58/><F114/><W102/><G111/><T66/><D52/><U99/><E29/><V83/><F93/><W49/><G18/><T4/><D4/><U23/><E23/><V80/><F72/><W67/><G7/><T21/><D21/><U100/><E130/><V42/><F71/><W89/><G6/><T46/><REACH who="0" step="1"/><D43/><REACH who="0" ten="214,296,240,240" step="2"/><U41/><E41/><V11/><F11/><N who="3" m="6271" /><G40/><T24/><D24/><U37/><E37/><V113/><F113/><W128/><G128/><T38/><D38/><U33/><E33/><V57/><F34/><W73/><G73/><T45/><D45/><U94/><E99/><V84/><F75/><W104/><G116/><T112/><D112/><U13/><E13/><V82/><F30/><W20/><G119/><T135/><D135/><U97/><E97/><V85/><F19/><W25/><G20/><T88/><AGARI ba="0,1" hai="9,14,17,44,46,61,66,70,87,88,95,108,109,110" machi="88" ten="40,8000,1" yaku="1,1,0,1,14,1,52,1,54,1,53,0" doraHai="8" doraHaiUra="26" who="0" fromWho="0" sc="214,90,296,-40,240,-20,240,-20" /><INIT seed="2,0,0,5,3,23" ten="304,256,220,220" oya="2" hai0="45,6,30,117,112,54,106,88,103,134,37,114,107" hai1="8,82,41,42,86,70,116,123,113,29,135,47,16" hai2="94,57,73,65,102,133,93,68,40,127,98,13,115" hai3="85,36,108,84,5,75,109,35,131,95,33,56,55"/><V61/><F115/><W81/><G36/><T74/><D74/><U10/><E116/><V11/><F73/><W72/><G131/><T132/><D117/><U119/><E113/><V53/><F133/><N who="0" m="51306" /><D30/><U38/><E135/><V34/><F127/><W46/><G46/><T126/><D126/><U67/><E119/><V78/><F34/><N who="3" m="12811" /><G5/><T62/><D6/><U52/><E29/><V105/><F78/><W92/><G55/><T87/><D37/><U120/><E42/><V89/><F40/><W7/><G56/><N who="0" m="35095" /><D45/><U110/><E110/><N who="3" m="42602" /><G7/><T79/><D79/><U43/><E43/><V59/><F105/><N who="0" m="39946" /><D103/><U66/><E52/><V19/><F53/><W77/><G72/><T26/><D26/><U22/><E70/><V69/><F69/><W125/><G125/><T14/><D14/><U90/><E10/><V121/><F121/><N who="1" m="46665" /><E8/><V20/><F11/><W15/><G15/><AGARI ba="0,0" hai="15,16,22,38,41,47,66,67,82,86,90" m="46665" machi="15" ten="30,2000,0" yaku="13,1,54,1" doraHai="23" who="1" fromWho="3" sc="304,0,256,20,220,0,220,-20" /><INIT seed="3,0,0,3,3,124" ten="304,276,220,200" oya="3" hai0="45,18,76,59,73,34,8,74,61,88,6,89,122" hai1="100,23,78,112,27,109,129,114,15,36,75,56,39" hai2="107,126,113,63,51,53,54,85,52,104,125,47,26" hai3="105,97,70,32,101,48,22,12,21,65,0,118,87"/><W120/><G120/><T67/><D122/><U62/><E75/><V25/><F113/><W108/><G118/><T96/><D34/><U98/><E78/><V14/><F14/><W132/><G0/><T135/><D135/><U86/><E109/><V111/><F111/><W31/><G132/><T2/><D96/><U130/><E86/><V10/><F10/><W19/><G108/><T55/><D18/><U16/><E39/><V82/><F63/><N who="3" m="40255" /><G48/><T115/><D115/><U4/><E36/><V123/><F123/><W30/><G30/><T93/><D93/><N who="1" m="58447" /><E4/><V35/><F35/><W99/><G99/><T38/><D73/><U50/><E50/><V64/><F64/><W37/><G37/><T41/><D67/><N who="1" m="39367" /><E15/><V9/><F9/><N who="3" m="6543" /><G87/><T84/><D84/><U91/><E91/><N who="2" m="51639" /><F26/><AGARI ba="0,0" hai="21,22,26,31,32,97,101,105" m="6543,40255" machi="26" ten="30,1500,0" yaku="25,1" doraHai="124" who="3" fromWho="2" sc="304,0,276,0,220,-15,200,15" /><INIT seed="3,1,0,3,2,80" ten="304,276,205,215" oya="3" hai0="121,72,35,39,118,53,55,99,4,106,11,56,105" hai1="38,83,0,91,70,9,15,120,45,54,77,86,61" hai2="49,102,98,116,3,1,128,132,43,95,93,88,10" hai3="48,64,68,111,117,8,100,52,73,30,109,75,82"/><W69/><G117/><T127/><D121/><U23/><E120/><V74/><F116/><W84/><G100/><T12/><D118/><U112/><E112/><V119/><F74/><N who="3" m="28171" /><G30/><T22/><D35/><U57/><E0/><V31/><F119/><W2/><G64/><T26/><D72/><U89/><E23/><V41/><F132/><W32/><G32/><T6/><D39/><U90/><E70/><V25/><F128/><W40/><G40/><N who="2" m="15433" /><F3/><W97/><G97/><T29/><D127/><U51/><E38/><V62/><F1/><W96/><G96/><T94/><D4/><U24/><E24/><V27/><F10/><W67/><G67/><T101/><D55/><U63/><E57/><V28/><F62/><AGARI ba="1,0" hai="6,11,12,22,26,29,53,56,62,94,99,101,105,106" machi="62" ten="30,1000,0" yaku="7,1" doraHai="80" who="0" fromWho="2" sc="304,13,276,0,205,-13,215,0" owari="317,41.0,276,8.0,192,-31.0,215,-18.0" /></mjloggm>