<mjloggm ver="2.3"><GO type="11"/><UN n0="%4A%61%63%6B%44" n1="%73%68%69%6D%69%39%74%61" n2="%E3%82%B1%E3%83%AD%E3%83%AD%E5%A4%A7%E5%B0%86" n3="%EF%BC%88%E2%89%A7%E2%96%BD%E2%89%A6%EF%BC%89" dan="0,2,6,3" rate="1500,1352,1563,1554" sx="F,M,M,M"/><TAIKYOKU oya="0"/><INIT seed="0,0,0,5,2,32" ten="250,250,250,250" oya="0" hai0="97,48,95,23,17,105,110,15,131,99,102,29,56" hai1="62,93,77,82,129,107,42,65,61,30,120,114,6" hai2="101,64,81,18,71,130,84,104,128,126,5,10,9" hai3="72,8,127,19,50,35,132,83,55,51,60,59,45"/><T74/><D29/><U27/><E120/><V25/><F126/><W103/><G35/><T96/><D74/><U116/><E116/><V98/><F71/><W108/><G127/><T70/><D70/><U52/><E107/><V34/><F64/><W94/><G132/><T69/><D69/><U122/><E122/><V100/><F100/><W75/><G108/><T1/><D1/><U106/><E106/><V44/><F44/><W134/><G134/><T112/><D112/><U67/><E129/><N who="2" m="49771" /><F34/><W41/><G83/><T39/><D131/><U14/><E114/><V4/><F25/><W68/><G68/><T135/><D39/><U53/><E42/><V58/><F58/><W78/><G78/><T111/><D135/><U80/><E93/><V57/><F57/><W113/><G113/><T38/><D38/><U40/><E40/><V31/><F31/><W123/><G123/><T36/><D36/><U20/><E6/><V109/><F109/><N who="0" m="41482" /><D105/><U63/><E14/><V92/><F18/><W22/><G8/><N who="2" m="3177" /><F104/><W13/><REACH who="3" step="1"/><G50/><REACH who="3" step="2"/><T121/><D121/><U49/><E49/><V85/><F85/><W11/><G11/><T76/><D76/><AGARI ba="0,1" hai="4,5,76,81,84,92,98,101" m="3177,49771" machi="76" ten="30,1000,0" yaku="19,1" doraHai="32" who="2" fromWho="0" sc="250,-10,250,0,250,20,240,0" /><INIT seed="1,0,0,2,5,135" ten="240,250,270,240" oya="1" hai0="121,95,116,47,132,10,52,127,57,97,48,71,87" hai1="131,20,49,103,80,40,59,82,38,28,119,125,18" hai2="91,31,17,68,115,101,93,100,35,41,54,77,6" hai3="56,123,42,33,58,84,15,64,24,22,122,60,134"/><U73/><E119/><V112/><F68/><W32/><G134/><T39/><D10/><U44/><E103/><V37/><F77/><W63/><G42/><N who="0" m="23007" /><D116/><U102/><E102/><V106/><F106/><W105/><G105/><T133/><D87/><U74/><E28/><V45/><F35/><W26/><G15/><T85/><D85/><U34/><E34/><V108/><F31/><W129/><G129/><T86/><D86/><U124/><E131/><V104/><F104/><W128/><G128/><T66/><D95/><U107/><E107/><V19/><F6/><W98/><G98/><T78/><D78/><U76/><E76/><V118/><F108/><W23/><G84/><T120/><D97/><U83/><E59/><V96/><F118/><W72/><REACH who="3" step="1"/><G64/><REACH who="3" step="2"/><T61/><D127/><N who="1" m="48715" /><E38/><V13/><F13/><AGARI ba="0,1" hai="13,18,20,40,44,49,73,74,80,82,83" m="48715" machi="13" ten="30,11600,0" yaku="18,1,52,3" doraHai="135" who="1" fromWho="2" sc="240,0,250,126,270,-116,230,0" /><INIT seed="1,1,0,1,4,102" ten="240,376,154,230" oya="1" hai0="111,135,79,48,86,127,124,131,91,61,51,73,129" hai1="40,58,114,60,107,24,1,29,35,108,120,77,43" hai2="46,126,104,36,78,20,54,16,17,26,22,19,117" hai3="11,133,130,63,106,8,75,71,15,50,134,103,113"/><U21/><E114/><V44/><F117/><W13/><G113/><T31/><D31/><U89/><E120/><V109/><F109/><W27/><G75/><T42/><D42/><U70/><E70/><V110/><F110/><W45/><G130/><N who="0" m="49675" /><D111/><U90/><E108/><V34/><F126/><N who="0" m="48170" /><D61/><U74/><E1/><V84/><F104/><W39/><G39/><T69/><D69/><U88/><E35/><V116/><F116/><W9/><G27/><T92/><D79/><U72/><E107/><V30/><F36/><W115/><G115/><T97/><D73/><U49/><E74/><V2/><F2/><W41/><G63/><T57/><D57/><U6/><E6/><V67/><F67/><W119/><G71/><T10/><D10/><U62/><E72/><V56/><F78/><W80/><G119/><T47/><D47/><U105/><E105/><V93/><F84/><W81/><G15/><T18/><D18/><U128/><E128/><V101/><F101/><W12/><G12/><T95/><D97/><U33/><E33/><V28/><F93/><N who="0" m="35914" /><D91/><N who="1" m="23299" /><U85/><DORA hai="38" /><E85/><V125/><F125/><W98/><REACH who="3" step="1"/><G13/><REACH who="3" step="2"/><T94/><N who="0" m="35922" /><T66/><DORA hai="3" /><D66/><U118/><E118/><V76/><F34/><W53/><G53/><T121/><D86/><U0/><E0/><V7/><F7/><W64/><G64/><T4/><D4/><U123/><E123/><V122/><F122/><W59/><G59/><T52/><D52/><N who="1" m="32015" /><E77/><V68/><F76/><W82/><AGARI ba="1,1" hai="8,9,11,41,45,50,80,81,82,98,103,106,133,134" machi="82" ten="40,8000,1" yaku="1,1,0,1,52,2,53,1" doraHai="102,38,3" doraHaiUra="112,65,99" who="3" fromWho="3" sc="240,-21,376,-41,154,-21,220,93" /><INIT seed="2,0,0,3,5,23" ten="219,335,133,313" oya="2" hai0="58,85,104,33,97,61,124,117,116,45,24,103,57" hai1="87,32,129,37,29,12,50,98,80,46,56,42,52" hai2="113,119,31,4,14,88,48,21,120,64,132,19,134" hai3="38,2,49,106,34,6,1,72,93,62,126,20,123"/><V47/><F113/><W77/><G123/><T70/><D45/><U71/><E129/><V115/><F115/><W35/><G106/><T96/><D85/><U90/><E12/><V112/><F112/><W100/><G126/><T74/><D74/><U0/><E0/><V121/><F119/><N who="0" m="45642" /><D124/><U25/><E98/><N who="0" m="37993" /><D104/><U10/><E10/><V101/><F101/><W54/><G38/><T75/><D75/><U27/><E32/><V13/><F88/><W36/><G36/><T102/><D70/><U15/><E15/><V59/><F64/><W60/><G1/><T3/><D3/><U30/><REACH who="1" step="1"/><E71/><REACH who="1" step="2"/><V92/><F14/><W66/><G2/><T82/><D61/><U51/><E51/><V105/><F59/><N who="0" m="22538" /><D82/><U28/><AGARI ba="0,1" hai="25,27,28,29,30,37,42,46,50,52,56,80,87,90" machi="28" ten="30,7900,0" yaku="1,1,0,1,52,2,53,0" doraHai="23" doraHaiUra="95" who="1" fromWho="1" sc="219,-20,325,89,133,-39,313,-20" /><INIT seed="3,0,0,5,3,63" ten="199,414,94,293" oya="3" hai0="81,114,129,32,120,92,97,58,83,132,105,134,50" hai1="93,135,56,34,65,100,82,113,31,6,90,76,51" hai2="62,52,124,96,25,24,112,133,49,26,1,3,39" hai3="29,40,88,118,110,72,74,2,43,101,109,19,18"/><W36/><G2/><T41/><D32/><U75/><E113/><V38/><F112/><W91/><G118/><T104/><D41/><N who="3" m="15945" /><G29/><T71/><D50/><U86/><E6/><V10/><F133/><N who="0" m="51306" /><D58/><U11/><E135/><V27/><F124/><W12/><G101/><N who="0" m="60583" /><D71/><U22/><E34/><V89/><F25/><W85/><G36/><T48/><D48/><U7/><E51/><V47/><F10/><N who="3" m="6423" /><G19/><T126/><D114/><U0/><E100/><V68/><F68/><W121/><G121/><T53/><D53/><U70/><E70/><V79/><F79/><W111/><G91/><T122/><D126/><U45/><E45/><V128/><F128/><W54/><G54/><T117/><D117/><U60/><REACH who="1" step="1"/><E22/><REACH who="1" step="2"/><V123/><F123/><N who="0" m="47146" /><D129/><U119/><E119/><V125/><F125/><W16/><G16/><T17/><D17/><U61/><E61/><V66/><F39/><W20/><G20/><T46/><D46/><U99/><E99/><V80/><F38/><W69/><G69/><T103/><D103/><U4/><E4/><V116/><F116/><W127/><G127/><T95/><D95/><AGARI ba="0,1" hai="72,74,85,88,95,109,110,111" m="6423,15945" machi="95" ten="30,2900,0" yaku="14,1,10,1" doraHai="63" who="3" fromWho="0" sc="199,-29,404,0,94,0,293,39" /><INIT seed="3,1,0,4,5,19" ten="170,404,94,332" oya="3" hai0="132,42,129,80,45,69,12,14,57,100,11,103,13" hai1="83,63,102,10,1,68,18,48,47,96,133,121,4" hai2="109,28,27,53,6,22,44,16,76,113,118,108,92" hai3="67,9,20,5,90,29,60,41,7,21,46,36,54"/><W51/><G90/><T40/><D11/><U25/><E121/><V56/><F118/><W94/><G94/><T93/><D69/><U87/><E133/><V34/><F113/><W81/><G81/><T97/><D57/><U82/><E68/><V31/><F76/><W120/><G120/><T107/><D45/><U64/><E64/><V30/><F92/><W65/><G29/><T59/><D59/><U71/><E71/><V32/><F44/><W77/><G77/><T70/><D70/><U3/><E63/><V61/><REACH who="2" step="1"/><F6/><REACH who="2" step="2"/><W73/><G5/><T89/><D80/><U119/><E119/><V127/><F127/><W122/><G122/><T135/><D129/><U50/><E83/><V39/><F39/><W111/><G73/><T112/><D107/><U130/><E130/><V116/><F116/><W74/><G74/><T0/><D0/><U88/><E3/><V91/><F91/><W110/><G60/><T37/><D37/><U8/><E47/><V58/><F58/><N who="3" m="33119" /><G65/><T62/><D112/><U104/><E10/><V95/><F95/><W72/><G67/><T123/><D62/><U33/><REACH who="1" step="1"/><E33/><AGARI ba="1,1" hai="16,22,27,28,30,31,32,33,34,53,56,61,108,109" machi="33" ten="40,2600,0" yaku="1,1,52,1,53,0" doraHai="19" doraHaiUra="43" who="2" fromWho="1" sc="170,0,404,-29,84,39,332,0" /><INIT seed="4,0,0,4,2,91" ten="170,375,123,332" oya="0" hai0="46,93,118,113,125,134,35,88,100,96,70,20,107" hai1="74,116,119,82,120,131,102,122,54,97,17,11,44" hai2="25,13,60,89,108,124,56,135,34,87,16,59,133" hai3="29,51,33,10,99,32,67,81,28,73,71,84,47"/><T12/><D46/><U94/><E54/><V7/><F108/><W31/><G73/><T43/><D43/><U130/><E44/><V3/><F124/><W75/><G75/><T117/><D70/><U65/><E65/><V0/><F7/><W86/><G99/><N who="0" m="57767" /><D35/><U69/><E69/><V55/><F34/><W80/><G10/><T61/><D61/><U90/><E17/><V18/><F25/><W57/><G71/><T126/><D20/><U2/><E11/><V112/><F112/><W123/><G123/><N who="1" m="47146" /><E2/><V40/><F18/><W83/><G33/><T106/><D12/><U128/><E90/><V132/><F40/><N who="3" m="25063" /><G32/><T26/><D26/><U110/><E110/><V15/><F59/><W129/><G129/><N who="1" m="33026" /><U63/><DORA hai="36" /><E63/><AGARI ba="0,0" hai="28,29,31,57,63,67,80,81,83,84,86" m="25063" machi="63" ten="30,2000,0" yaku="8,1,52,1" doraHai="91,36" who="3" fromWho="1" sc="170,0,375,-20,123,0,332,20" /><INIT seed="5,0,0,3,0,31" ten="170,355,123,352" oya="1" hai0="76,93,124,59,48,113,83,4,131,41,60,1,104" hai1="74,38,56,92,29,94,72,109,21,11,53,128,19" hai2="126,120,44,6,69,78,28,134,22,121,33,102,26" hai3="89,90,87,86,119,51,84,61,122,0,85,37,25"/><U79/><E38/><V123/><F69/><W71/><G122/><T88/><D41/><U112/><E112/><V36/><F36/><W13/><G119/><T52/><D104/><U65/><E74/><V27/><F78/><W77/><G37/><T42/><D113/><U133/><E72/><V39/><F39/><W3/><G77/><T98/><D1/><U75/><E75/><V107/><F107/><W24/><G0/><T101/><D4/><U57/><E133/><V118/><F102/><W43/><G3/><T68/><D124/><U127/><E127/><V67/><F67/><W62/><G13/><T10/><D10/><U46/><E79/><V100/><F100/><W82/><G89/><T34/><D34/><U70/><E70/><V2/><F44/><N who="3" m="26015" /><G71/><T135/><D131/><U80/><E128/><V63/><F63/><AGARI ba="0,0" hai="24,25,61,62,63,82,84,85,86,87,90" m="26015" machi="63" ten="30,1000,0" yaku="8,1" doraHai="31" who="3" fromWho="2" sc="170,0,355,0,123,-10,352,10" /><INIT seed="6,0,0,0,4,54" ten="170,355,113,362" oya="2" hai0="81,68,80,76,130,13,20,30,70,36,11,128,104" hai1="120,121,118,42,98,34,122,69,75,84,41,117,127" hai2="14,66,125,62,8,64,12,4,21,25,39,109,29" hai3="23,88,59,96,89,10,79,40,52,46,73,33,71"/><V111/><F39/><W47/><G33/><T77/><D30/><U61/><E34/><V9/><F62/><W5/><G71/><N who="0" m="27179" /><D36/><U78/><E75/><V51/><F125/><W100/><G23/><T112/><D104/><U90/><E78/><N who="0" m="30313" /><D112/><U91/><E127/><V57/><F51/><W115/><G79/><T19/><D20/><U55/><E98/><V6/><REACH who="2" step="1"/><F57/><REACH who="2" step="2"/><W86/><G73/><T92/><D92/><U114/><E69/><V38/><F38/><W105/><G59/><T108/><D108/><AGARI ba="0,1" hai="4,6,8,9,12,14,21,25,29,64,66,108,109,111" machi="108" ten="40,7700,0" yaku="1,1,9,1,10,1,53,0" doraHai="54" doraHaiUra="131" who="2" fromWho="0" sc="170,-77,355,0,103,87,362,0" /><INIT seed="6,1,0,4,5,106" ten="93,355,190,362" oya="2" hai0="59,64,101,7,112,122,119,56,51,43,127,70,133" hai1="48,113,90,86,34,103,108,50,11,107,85,42,135" hai2="0,28,63,22,131,89,94,123,46,80,130,23,32" hai3="114,6,1,79,67,31,132,87,93,128,77,52,100"/><V126/><F0/><W73/><G73/><T47/><D7/><U116/><E116/><V105/><F123/><W124/><G124/><T37/><D101/><U54/><E108/><V66/><F105/><W25/><G132/><T12/><D12/><U33/><E135/><V91/><F126/><W20/><G128/><N who="2" m="49193" /><F46/><W62/><G114/><T45/><D122/><U75/><E75/><V115/><F115/><W118/><G118/><T68/><D112/><U39/><E39/><V18/><F32/><W3/><G52/><N who="0" m="31775" /><D119/><U53/><E113/><V81/><F89/><W98/><G6/><T99/><D99/><U72/><E72/><V2/><F2/><N who="3" m="523" /><G87/><T78/><D78/><U26/><E11/><V55/><F28/><W65/><G65/><T58/><D127/><U19/><E107/><V117/><F55/><W10/><G10/><T4/><D4/><U38/><E103/><V36/><F36/><W74/><G74/><T95/><D95/><U76/><E38/><V16/><F117/><W88/><G88/><T82/><D82/><N who="2" m="31850" /><F94/><W21/><G21/><N who="2" m="7689" /><F91/><W13/><G13/><T60/><D133/><U29/><E34/><V5/><F5/><W24/><G24/><T92/><D92/><N who="1" m="54351" /><E19/><V40/><F40/><W111/><G111/><T69/><D37/><U97/><E97/><V61/><F66/><W9/><G9/><T110/><D110/><U83/><E42/><V30/><F30/><W71/><G67/><T15/><D15/><U35/><E35/><V125/><F125/><W129/><G129/><T134/><D134/><U57/><E54/><V14/><F14/><RYUUKYOKU ba="1,0" sc="93,-30,355,10,190,10,362,10" hai1="26,29,33,48,50,53,57,76,83,86" hai2="16,18,61,63" hai3="20,25,31,62,71,77,79,93,98,100" /><INIT seed="6,2,0,0,2,4" ten="63,365,200,372" oya="2" hai0="128,66,132,76,16,28,9,57,13,119,44,12,40" hai1="77,103,6,101,24,31,39,52,81,96,23,11,59" hai2="63,61,48,35,94,33,69,53,14,67,37,82,54" hai3="88,108,68,47,56,123,78,133,75,105,64,5,38"/><V135/><F37/><W36/><G105/><T60/><D76/><U120/><E39/><V70/><F135/><W3/><G123/><T117/><D128/><U89/><E120/><V113/><F113/><W125/><G108/><T43/><D28/><U65/><E65/><V92/><F82/><N who="3" m="45407" /><G133/><T129/><D44/><U112/><E112/><V32/><F14/><N who="0" m="5738" /><D129/><U18/><E31/><V55/><F48/><W111/><G111/><T19/><D132/><U99/><E89/><V42/><F42/><N who="0" m="15914" /><D9/><U102/><E11/><V130/><F130/><W2/><G47/><T72/><D72/><U49/><REACH who="1" step="1"/><E6/><REACH who="1" step="2"/><V74/><F74/><AGARI ba="2,1" hai="18,23,24,49,52,59,74,77,81,96,99,101,102,103" machi="74" ten="40,2600,0" yaku="1,1,2,1,53,0" doraHai="4" doraHaiUra="131" who="1" fromWho="2" sc="63,0,355,42,200,-32,372,0" /><INIT seed="7,0,0,4,2,81" ten="63,397,168,372" oya="3" hai0="135,106,120,44,82,103,5,63,19,77,104,99,116" hai1="64,108,107,17,22,9,130,3,1,26,71,41,4" hai2="34,52,73,87,133,68,69,100,21,47,27,80,60" hai3="48,57,113,132,70,90,53,29,124,56,118,117,85"/><W33/><G70/><T92/><D5/><U66/><E108/><V6/><F34/><W65/><G132/><T13/><D19/><U11/><E107/><N who="0" m="41001" /><D63/><U36/><E130/><V55/><F133/><W40/><G124/><T42/><D13/><U43/><E71/><V32/><F73/><W31/><G113/><T59/><D59/><U20/><E20/><V111/><F111/><W110/><G110/><T112/><D42/><U128/><E128/><V88/><F32/><W76/><G118/><T109/><D44/><U75/><E75/><V15/><F100/><W122/><G117/><T126/><D120/><U25/><E25/><V14/><F69/><W38/><G122/><T134/><D109/><U39/><E43/><V51/><F68/><W102/><G33/><T35/><D35/><U78/><E78/><V23/><F21/><W105/><G76/><T114/><D116/><U94/><E94/><V50/><F60/><N who="3" m="38031" /><G105/><T123/><D123/><U98/><E98/><V24/><F6/><W12/><G102/><T0/><D0/><U67/><REACH who="1" step="1"/><E41/><REACH who="1" step="2"/><V91/><F24/><W93/><G12/><T95/><D77/><U28/><E28/><N who="3" m="10826" /><G40/><T84/><D99/><U45/><E45/><V86/><F14/><W8/><G38/><T18/><D18/><U129/><E129/><V58/><F15/><W7/><G7/><AGARI ba="0,1" hai="1,3,4,7,9,11,17,22,26,36,39,64,66,67" machi="7" ten="40,2600,0" yaku="1,1,9,1,53,0" doraHai="81" doraHaiUra="37" who="1" fromWho="3" sc="63,0,387,36,168,0,372,-26" owari="63,-44,423,52,168,-23,346,15" /></mjloggm>