<mjloggm ver="2.3"><GO type="169" lobby="0"/><UN n0="%E6%B0%97%E6%A5%BD%E3%81%AB%E6%89%93%E3%81%A4" n1="%E3%83%95%E3%83%AA%E3%83%86%E3%83%B3" n2="%E9%B3%B3%E6%8B%B3" n3="%EF%BC%88%E2%89%A7%E2%96%BD%E2%89%A6%EF%BC%89" dan="16,16,16,17" rate="2147.73,2076.59,2082.55,2140.79" sx="M,M,M,M"/><TAIKYOKU oya="0"/><INIT seed="0,0,0,3,4,113" ten="250,250,250,250" oya="0" hai0="124,133,23,26,63,84,95,25,80,97,104,129,59" hai1="0,65,69,13,116,130,128,114,85,52,55,1,107" hai2="45,28,120,33,94,115,12,37,73,44,90,4,50" hai3="31,126,125,32,56,79,87,83,14,9,96,66,16"/><T35/><D124/><U89/><E107/><V70/><F120/><W30/><G96/><T108/><D133/><U8/><E114/><V2/><F115/><W57/><G32/><T81/><D129/><N who="1" m="49771" /><E65/><V117/><F70/><W101/><G101/><N who="0" m="60607" /><D104/><U110/><E69/><V3/><F73/><W77/><G77/><T92/><D35/><U121/><E121/><V46/><F37/><W111/><G111/><T103/><D108/><U21/><E21/><V93/><F93/><W102/><G102/><T39/><D39/><U118/><E110/><V29/><F50/><W41/><G41/><T43/><D43/><U135/><E135/><V127/><F127/><N who="3" m="48651" /><G66/><N who="0" m="39295" /><D26/><U18/><E55/><V67/><F67/><W105/><G105/><T20/><D23/><U15/><E52/><V100/><F100/><W11/><G11/><T5/><D5/><U88/><E15/><V49/><F33/><W40/><G40/><T22/><D22/><U131/><E131/><V58/><F12/><W47/><G47/><T61/><D61/><U86/><E0/><V68/><F68/><W74/><G74/><T38/><D38/><U119/><E1/><V34/><F34/><W17/><G17/><N who="0" m="12431" /><D103/><U72/><E72/><V64/><F3/><W122/><G122/><T91/><AGARI ba="0,0" hai="80,81,84,91,92" m="12431,39295,60607" machi="91" ten="30,1500,0" yaku="8,1" doraHai="113" who="0" fromWho="0" sc="250,15,250,-5,250,-5,250,-5" /><INIT seed="0,1,0,0,4,111" ten="265,245,245,245" oya="0" hai0="65,43,72,104,119,33,106,51,86,118,75,97,50" hai1="2,28,13,61,98,122,120,131,82,101,123,17,30" hai2="130,20,64,89,84,26,15,7,56,11,32,41,115" hai3="46,107,22,12,127,110,42,135,55,10,44,121,53"/><T80/><D33/><U34/><E2/><V25/><F130/><W52/><G107/><T39/><D65/><U23/><E131/><V102/><F32/><W5/><G110/><T38/><D86/><U114/><E82/><V105/><F26/><W93/><G127/><T87/><D87/><U49/><E49/><V133/><F133/><W1/><G135/><T21/><D80/><U85/><E85/><V59/><F102/><W134/><G134/><T68/><D21/><U95/><E34/><V47/><F105/><W18/><G121/><T71/><REACH who="0" step="1"/><D43/><REACH who="0" ten="255,245,245,245" step="2"/><U103/><E30/><V129/><F64/><W63/><G42/><T74/><D74/><U66/><E28/><V117/><F129/><W109/><G109/><T77/><D77/><U112/><REACH who="1" step="1"/><E101/><REACH who="1" ten="255,235,245,245" step="2"/><V73/><F84/><W3/><G44/><T48/><D48/><U60/><E60/><V70/><F47/><W124/><G46/><T116/><D116/><U125/><E125/><V36/><F41/><W113/><G124/><T45/><D45/><U100/><E100/><V6/><F117/><W99/><G63/><T40/><D40/><U88/><E88/><V8/><F89/><W76/><G76/><T108/><D108/><U4/><E4/><V81/><F7/><W35/><G35/><T24/><D24/><U128/><E128/><V92/><F6/><W37/><G1/><T132/><D132/><U27/><E27/><V9/><F25/><W62/><G62/><T54/><D54/><U0/><E0/><V14/><F81/><W67/><G3/><T79/><D79/><U19/><E19/><RYUUKYOKU ba="1,2" sc="255,15,235,15,245,-15,245,-15" hai0="38,39,50,51,68,71,72,75,97,104,106,118,119" hai1="13,17,23,61,66,95,98,103,112,114,120,122,123" /><INIT seed="0,2,2,3,5,113" ten="270,250,230,230" oya="0" hai0="109,95,87,48,133,121,69,118,52,73,37,22,2" hai1="85,96,10,57,79,127,126,88,84,36,5,11,53" hai2="101,39,111,98,68,100,104,67,32,55,129,94,80" hai3="1,86,54,49,103,108,78,46,31,112,110,134,120"/><T45/><D121/><U107/><E36/><V128/><F111/><N who="3" m="42539" /><G112/><T130/><D109/><U72/><E72/><V90/><F39/><W29/><G1/><T105/><D133/><U27/><E27/><V116/><F116/><W13/><G134/><T124/><D124/><N who="1" m="47659" /><E79/><V106/><F32/><W119/><G120/><T114/><D114/><U26/><E26/><V93/><F55/><W43/><G103/><N who="2" m="39497" /><F67/><W12/><G54/><T65/><D65/><U66/><E66/><V123/><F68/><W3/><G3/><T7/><D69/><U16/><E107/><N who="2" m="41003" /><F123/><W82/><G119/><T59/><D105/><U17/><E96/><V19/><F19/><N who="1" m="7241" /><E5/><V81/><F94/><W92/><G92/><T56/><D95/><N who="1" m="54663" /><E85/><V60/><F60/><AGARI ba="2,2" hai="10,11,53,57,60" m="54663,7241,47659" machi="60" ten="30,3900,0" yaku="18,1,54,2" doraHai="113" who="1" fromWho="2" sc="270,0,250,65,230,-45,230,0" /><INIT seed="1,0,0,1,2,82" ten="270,315,185,230" oya="1" hai0="32,2,65,106,74,117,115,48,81,37,105,116,134" hai1="113,49,42,87,127,97,7,5,83,19,73,26,8" hai2="23,102,9,71,90,14,72,63,3,64,124,43,69" hai3="130,121,98,68,107,93,12,51,85,70,79,66,118"/><U39/><E113/><V77/><F124/><W88/><G121/><T15/><D115/><U59/><E73/><V40/><F71/><W54/><G130/><T13/><D37/><U120/><E120/><V21/><F102/><W96/><G118/><T128/><D2/><U103/><E39/><V112/><F112/><W10/><G66/><T109/><D128/><U46/><E59/><V20/><F3/><W131/><G131/><T94/><D32/><U31/><E127/><V28/><F28/><W129/><G129/><T104/><D109/><U57/><E57/><V110/><F110/><W60/><G60/><T25/><D134/><U22/><E31/><V36/><F36/><W89/><G79/><T132/><D132/><U126/><E8/><V75/><F77/><W100/><G89/><T61/><D116/><U18/><E18/><V76/><F76/><W29/><G98/><T34/><D117/><U33/><E33/><V17/><F72/><W123/><G29/><T6/><D74/><U24/><E24/><V84/><REACH who="2" step="1"/><F75/><REACH who="2" ten="270,315,175,230" step="2"/><W125/><G125/><T41/><D104/><U78/><E126/><V55/><F55/><W0/><G0/><T101/><D105/><AGARI ba="0,1" hai="5,7,19,22,26,42,46,49,78,83,87,97,103,105" machi="105" ten="30,2900,0" yaku="7,1,52,1" doraHai="82" who="1" fromWho="0" sc="270,-29,315,39,175,0,230,0" /><INIT seed="1,1,0,5,1,12" ten="241,354,175,230" oya="1" hai0="67,30,91,53,10,16,95,37,35,22,51,20,58" hai1="59,50,26,81,98,127,42,33,34,80,6,78,73" hai2="92,62,5,119,52,43,101,122,108,17,0,123,128" hai3="27,69,44,28,25,117,114,57,116,93,112,19,15"/><U118/><E118/><N who="3" m="45674" /><G69/><T94/><D37/><U2/><E127/><V103/><F108/><W77/><G77/><T38/><D38/><U45/><E81/><V130/><F119/><W87/><G44/><T60/><D35/><U121/><E121/><N who="2" m="46091" /><F43/><W47/><G47/><N who="0" m="27903" /><D30/><U104/><E59/><N who="2" m="35175" /><F5/><W40/><G40/><T89/><D95/><U83/><E83/><V65/><F0/><W66/><G66/><T68/><D68/><U124/><E124/><V86/><F65/><W106/><G57/><T7/><D7/><U32/><E6/><V14/><F86/><W134/><G106/><T13/><D89/><U46/><E2/><V120/><F92/><W133/><G93/><T71/><D71/><U29/><E46/><V109/><F109/><W107/><G87/><AGARI ba="1,0" hai="10,13,16,20,22,58,60,67,87,91,94" m="27903" machi="87" ten="30,3900,0" yaku="8,1,52,1,54,1" doraHai="12" who="0" fromWho="3" sc="241,42,354,0,175,0,230,-42" /><INIT seed="2,0,0,1,3,133" ten="283,354,175,188" oya="2" hai0="125,103,31,46,47,97,51,12,13,52,43,111,69" hai1="70,7,67,99,14,123,120,96,124,88,39,66,30" hai2="98,50,61,107,18,130,93,22,110,135,11,62,27" hai3="109,60,106,45,118,23,112,115,76,55,53,54,108"/><V132/><F107/><W89/><G106/><T128/><D111/><N who="3" m="42569" /><G76/><T40/><D128/><U126/><E39/><V119/><F110/><W86/><G23/><T42/><D69/><U92/><E30/><V34/><F119/><W101/><G101/><T131/><D131/><U6/><E70/><V29/><F130/><W38/><G118/><T16/><D31/><U9/><E6/><V84/><F84/><W24/><G24/><T20/><D125/><N who="1" m="48235" /><E96/><V94/><F11/><W90/><G60/><T15/><REACH who="0" step="1"/><D47/><REACH who="0" ten="273,354,175,188" step="2"/><U0/><E0/><V100/><F135/><W59/><G45/><T37/><D37/><U102/><E102/><V122/><F132/><W83/><G38/><T26/><D26/><U17/><E7/><V64/><F122/><AGARI ba="0,1" hai="9,14,17,66,67,88,92,99,120,122,123" m="48235" machi="122" ten="30,12000,2" yaku="13,1,18,1,52,3,54,1" doraHai="133" who="1" fromWho="2" sc="273,0,354,130,175,-120,188,0" /><INIT seed="3,0,0,1,5,31" ten="273,484,55,188" oya="3" hai0="134,117,59,120,51,82,68,17,14,85,30,95,18" hai1="29,49,133,76,23,21,74,90,129,40,128,65,88" hai2="36,10,96,6,91,53,108,32,19,77,106,131,50" hai3="114,97,38,132,98,35,73,61,115,5,20,28,100"/><W92/><G73/><T123/><D120/><U37/><E37/><V119/><F36/><W104/><G38/><T24/><D123/><U94/><E65/><V79/><F108/><W105/><G132/><T33/><D134/><U1/><E1/><V27/><F119/><W102/><G5/><T84/><D68/><U111/><E111/><V2/><F131/><N who="1" m="50249" /><E29/><V93/><F106/><W39/><G39/><T101/><D117/><U78/><E90/><V46/><F32/><W41/><G41/><T103/><D95/><U109/><E74/><V99/><F99/><W11/><G11/><T7/><D7/><U125/><E125/><V62/><F27/><W57/><G20/><N who="1" m="7754" /><E109/><V122/><F122/><W47/><G92/><T112/><D30/><U25/><E25/><V16/><REACH who="2" step="1"/><F62/><REACH who="2" ten="273,484,45,188" step="2"/><W52/><G52/><T58/><D24/><U55/><E133/><V69/><F69/><W127/><G61/><T135/><D135/><U107/><E107/><V48/><F48/><W118/><G118/><T12/><D51/><U42/><E40/><V71/><F71/><W126/><G105/><T3/><D33/><U66/><E42/><V63/><F63/><W89/><G104/><T116/><D116/><U87/><E66/><V22/><F22/><W124/><G35/><T43/><D43/><U75/><E49/><V113/><F113/><W130/><G115/><T26/><D112/><U121/><E55/><V44/><F44/><W54/><G114/><T60/><D60/><U64/><E121/><V80/><F80/><W67/><G130/><T72/><D26/><U45/><E64/><RYUUKYOKU ba="0,1" sc="273,-10,484,-10,45,30,188,-10" hai2="2,6,10,16,19,46,50,53,77,79,91,93,96" /><INIT seed="4,1,1,2,0,25" ten="263,474,75,178" oya="0" hai0="3,34,82,80,116,33,14,0,67,55,61,94,75" hai1="87,115,85,21,99,63,2,83,98,102,81,105,23" hai2="43,26,40,28,106,10,17,16,134,120,122,19,112" hai3="58,9,96,51,104,52,133,46,100,124,97,36,38"/><T123/><D123/><U121/><E2/><N who="0" m="553" /><D82/><U39/><E39/><V119/><F106/><W90/><G133/><T78/><D55/><U44/><E44/><V118/><F134/><W47/><G124/><T77/><D14/><U127/><E127/><V32/><F43/><W73/><G73/><T92/><D92/><U59/><E121/><N who="2" m="46699" /><F40/><W15/><G46/><T12/><D94/><U37/><E37/><V135/><F135/><W71/><G71/><N who="0" m="42479" /><D12/><U64/><E87/><V11/><F112/><W103/><G90/><T68/><D78/><U108/><E115/><V114/><F114/><W74/><G74/><T62/><D116/><AGARI ba="1,1" hai="10,11,16,17,19,26,28,32,116,118,119" m="46699" machi="116" ten="40,8000,1" yaku="12,1,34,2,52,1,54,1" doraHai="25" who="2" fromWho="0" sc="263,-83,474,0,75,93,178,0" /><INIT seed="5,0,0,1,3,4" ten="180,474,168,178" oya="1" hai0="82,125,24,60,69,120,43,96,7,111,17,74,83" hai1="107,110,132,135,93,106,121,122,114,75,18,54,20" hai2="57,71,76,5,133,67,131,36,27,66,34,129,13" hai3="14,47,81,117,108,39,56,0,44,91,31,78,99"/><U15/><E75/><V104/><F36/><W103/><G0/><T112/><D111/><U101/><E110/><V87/><F71/><W23/><G108/><T30/><D112/><U102/><E114/><V10/><F104/><N who="1" m="39977" /><E54/><V64/><F133/><N who="1" m="51273" /><E93/><V128/><F57/><W46/><G56/><T124/><D120/><AGARI ba="0,0" hai="15,18,20,101,102,120,121,122" m="51273,39977" machi="120" ten="40,2000,0" yaku="20,1" doraHai="4" who="1" fromWho="0" sc="180,-20,474,20,168,0,178,0" /><INIT seed="5,1,0,2,0,40" ten="160,494,168,178" oya="1" hai0="107,66,30,27,67,51,89,11,132,102,122,37,116" hai1="25,47,130,2,60,100,1,110,33,13,43,9,23" hai2="17,10,14,65,73,94,41,68,16,113,7,24,64" hai3="39,58,120,131,84,127,55,71,87,103,0,3,99"/><U97/><E33/><V31/><F73/><W22/><G120/><T82/><D116/><U72/><E72/><V115/><F94/><W76/><G71/><T36/><D122/><U6/><E60/><V44/><F65/><W119/><G119/><T74/><D132/><U21/><E130/><V112/><F64/><W106/><G39/><T32/><D11/><U124/><E124/><V86/><F86/><W15/><G127/><T128/><D128/><U50/><E110/><V8/><F8/><W56/><G56/><T79/><D67/><U62/><E62/><V49/><F68/><W104/><G104/><T4/><D4/><U108/><E23/><AGARI ba="1,0" hai="7,10,14,16,17,23,24,31,41,44,49,112,113,115" machi="23" ten="40,8000,1" yaku="15,1,11,1,52,1,54,1" doraHai="40" who="2" fromWho="1" sc="160,0,494,-83,168,83,178,0" /><INIT seed="6,0,0,2,2,59" ten="160,411,251,178" oya="2" hai0="98,67,117,45,25,79,75,73,2,16,70,58,29" hai1="80,21,11,14,107,53,63,51,108,111,112,48,127" hai2="61,6,99,15,3,103,116,0,129,86,91,104,118" hai3="115,26,123,68,77,114,106,7,121,43,102,8,46"/><V47/><F129/><W124/><G124/><T110/><D110/><U128/><E107/><V60/><F47/><W39/><G26/><T33/><D117/><U12/><E51/><V42/><F42/><W54/><G77/><T31/><D2/><U81/><E21/><V41/><F41/><W34/><G34/><T89/><D70/><U30/><E30/><V49/><F49/><W109/><G109/><T32/><D45/><U96/><E96/><V82/><F116/><W120/><G54/><T56/><D79/><U10/><E128/><V5/><F118/><W40/><G40/><T94/><D16/><U133/><E48/><V78/><F15/><W83/><G83/><T37/><D37/><U113/><E127/><V27/><F27/><W38/><G68/><T126/><D126/><U101/><E101/><V125/><F125/><W13/><G39/><T66/><D58/><U9/><E9/><V134/><F134/><W72/><G72/><T23/><D67/><U74/><E74/><V97/><F3/><W93/><G106/><T65/><D65/><U92/><E133/><V119/><F119/><W100/><REACH who="3" step="1"/><G93/><REACH who="3" ten="160,411,251,168" step="2"/><T1/><D73/><U24/><E92/><V122/><F104/><W84/><G84/><T131/><D75/><U85/><E24/><V18/><F86/><W87/><G87/><T4/><D131/><U36/><E85/><V35/><F78/><W71/><G71/><T88/><D33/><U105/><E105/><V22/><F35/><W132/><G132/><T44/><D32/><U62/><E36/><V64/><F82/><W55/><G55/><AGARI ba="0,1" hai="10,11,12,14,53,55,62,63,80,81,108,111,112,113" machi="55" ten="25,8000,1" yaku="6,1,22,2,52,2" doraHai="59" who="1" fromWho="3" sc="160,0,411,90,251,0,168,-80" /><INIT seed="7,0,0,2,5,15" ten="160,501,251,88" oya="3" hai0="113,36,72,33,117,52,9,32,79,5,25,67,104" hai1="53,75,110,94,41,93,103,88,129,21,133,127,101" hai2="95,73,48,109,126,92,38,30,80,130,39,18,20" hai3="61,17,87,22,60,35,23,47,28,128,12,134,98"/><W82/><G128/><T64/><D117/><U43/><E75/><V90/><F109/><W37/><G134/><T8/><D113/><U119/><E110/><V71/><F126/><W19/><G35/><T68/><D104/><U86/><E127/><V118/><F71/><W100/><G28/><T49/><D36/><U85/><E119/><V84/><F30/><W50/><G37/><T59/><D25/><U44/><E21/><V76/><F130/><W106/><G82/><T57/><D68/><U11/><E88/><V83/><F83/><W124/><G87/><T114/><D114/><U42/><E53/><V89/><F48/><W55/><G124/><T2/><D9/><U108/><E11/><V7/><F7/><W91/><G91/><T121/><D121/><U62/><E86/><V10/><F10/><W46/><G47/><T14/><D2/><U58/><E44/><V111/><F111/><W51/><G51/><T122/><D122/><U0/><E85/><V34/><F34/><W26/><AGARI ba="0,0" hai="12,17,19,22,23,26,46,50,55,60,61,98,100,106" machi="26" ten="20,7800,0" yaku="0,1,7,1,52,2" doraHai="15" who="3" fromWho="3" sc="160,-26,501,-26,251,-26,88,78" /><INIT seed="7,1,0,0,2,88" ten="134,475,225,166" oya="3" hai0="6,94,61,105,104,64,120,17,132,1,44,110,55" hai1="51,59,82,74,96,124,35,134,81,68,108,117,48" hai2="102,54,85,58,121,21,24,84,125,101,31,36,45" hai3="22,87,3,56,5,114,66,118,77,41,50,34,11"/><W4/><G34/><T109/><D120/><U14/><E68/><V69/><F69/><W106/><G106/><T32/><D132/><U2/><E2/><V128/><F121/><W73/><G73/><T0/><D32/><U53/><E96/><V80/><F125/><W60/><G118/><T20/><D104/><U23/><E14/><V127/><F127/><W29/><G114/><T76/><D105/><U63/><E23/><V90/><F128/><W52/><G41/><T30/><D30/><U8/><E51/><N who="2" m="29039" /><F36/><W107/><G107/><T57/><D76/><U72/><E53/><V47/><F47/><W9/><G22/><T99/><D44/><U112/><E81/><N who="2" m="49423" /><F58/><W62/><G3/><N who="0" m="1099" /><D6/><U42/><E48/><V67/><F67/><W119/><G66/><T89/><D64/><U7/><E8/><V75/><F75/><W79/><G5/><T25/><AGARI ba="1,0" hai="17,20,25,55,57,61,89,94,99,109,110" m="1099" machi="25" ten="30,2000,0" yaku="25,1,52,1" doraHai="88" who="0" fromWho="0" sc="134,23,475,-6,225,-6,166,-11" owari="157,-24.0,469,56.0,219,2.0,155,-34.0" /></mjloggm>