<mjloggm ver="2.3"><GO type="97"/><UN n0="%E3%82%A6%E3%83%AB%E3%83%88%E3%83%A9%E7%AB%8B%E7%9B%B4" n1="%E3%83%8A%E3%82%BF%E3%83%BC%E3%83%AA%E3%83%A3" n2="%61%61%61%73" n3="%64%69%6D%75" dan="15,15,15,15" rate="1959,1981,1962,2039" sx="M,F,M,M"/><TAIKYOKU oya="0"/><INIT seed="0,0,0,0,5,6" ten="250,250,250,250" oya="0" hai0="135,118,0,58,33,46,38,93,99,12,70,1,62" hai1="87,82,49,95,8,113,103,44,56,104,68,25,63" hai2="50,22,130,36,119,88,112,67,109,40,65,5,7" hai3="4,16,122,80,17,3,126,97,90,96,34,100,11"/><T79/><D33/><U125/><E113/><V35/><F109/><W32/><G126/><T66/><D118/><U117/><E125/><V85/><F35/><W124/><G124/><T48/><D135/><U75/><E104/><V133/><F119/><W94/><G122/><T15/><D1/><U131/><E75/><V84/><F112/><W110/><G110/><T73/><D0/><U102/><E68/><V52/><F84/><W18/><REACH who="3" step="1"/><G80/><REACH who="3" ten="250,250,250,240" step="2"/><T101/><D73/><U121/><E82/><V55/><F133/><W83/><G83/><T20/><D79/><U129/><E121/><V120/><F120/><W60/><G60/><T45/><D38/><U43/><E63/><V105/><F36/><W61/><G61/><T39/><D39/><U19/><E117/><V107/><F130/><W59/><G59/><T116/><D116/><U123/><E56/><V21/><F67/><W23/><G23/><T27/><D70/><U31/><E123/><V30/><F65/><W81/><G81/><T111/><D111/><U13/><E131/><V98/><F21/><W74/><G74/><T91/><D46/><U108/><E108/><V76/><F22/><W57/><G57/><T42/><REACH who="0" step="1"/><D91/><REACH who="0" ten="240,250,250,240" step="2"/><N who="1" m="53759" /><E129/><V41/><F76/><W24/><G24/><T77/><D77/><U2/><E2/><V10/><F88/><W134/><G134/><T9/><D9/><U115/><E115/><V86/><F10/><W37/><G37/><T114/><D114/><U127/><E127/><V47/><F47/><W92/><AGARI ba="0,2" hai="3,4,11,16,17,18,32,34,90,92,94,96,97,100" machi="92" ten="30,12000,2" yaku="1,1,0,1,52,1,54,1,53,2" doraHai="6" doraHaiUra="89" who="3" fromWho="3" sc="240,-60,250,-30,250,-30,240,140" /><INIT seed="1,0,0,5,4,132" ten="180,220,220,380" oya="1" hai0="28,46,61,106,87,57,73,11,23,67,37,123,117" hai1="3,38,85,109,41,66,10,79,63,22,14,72,48" hai2="52,21,53,96,9,47,0,77,34,116,108,56,39" hai3="68,80,55,64,32,26,98,78,70,81,2,5,18"/><U112/><E112/><V125/><F108/><W60/><G70/><T93/><D73/><U129/><E129/><V107/><F116/><W42/><G42/><T33/><D117/><U69/><E3/><V94/><F107/><W91/><G5/><T100/><D123/><U17/><E72/><V12/><F77/><W97/><G2/><T8/><D33/><U30/><E109/><V75/><F53/><W31/><G18/><T29/><D106/><U119/><E119/><V110/><F34/><W43/><G43/><T82/><D37/><U25/><E38/><V118/><F110/><W104/><G97/><T65/><D46/><U83/><E41/><V35/><F47/><W131/><G131/><T126/><D67/><U114/><E48/><V134/><F35/><W90/><G55/><T99/><D29/><U124/><REACH who="1" step="1"/><E114/><REACH who="1" ten="180,210,220,380" step="2"/><V4/><F39/><W24/><G24/><T40/><D40/><U15/><E15/><V16/><F118/><W128/><G128/><T130/><D130/><U49/><E49/><V20/><F75/><W105/><G26/><T113/><D113/><U133/><E133/><V1/><F134/><W135/><G135/><T7/><D7/><U44/><E44/><V45/><F45/><W101/><G60/><T89/><D126/><AGARI ba="0,1" hai="10,14,17,22,25,30,63,66,69,79,83,85,124,126" machi="126" ten="40,7700,0" yaku="1,1,52,2,53,0" doraHai="132" doraHaiUra="50" who="1" fromWho="0" sc="180,-77,210,87,220,0,380,0" /><INIT seed="1,1,0,4,1,105" ten="103,297,220,380" oya="1" hai0="114,112,122,70,74,36,103,14,57,83,96,91,0" hai1="50,125,64,6,43,23,4,129,99,73,77,131,55" hai2="45,133,42,72,78,17,80,79,67,31,115,135,1" hai3="127,104,95,102,117,25,63,51,22,32,37,46,71"/><U29/><E125/><V12/><F79/><W53/><G127/><T2/><D57/><N who="1" m="33015" /><E43/><V93/><F1/><W108/><G108/><T126/><D14/><U111/><E99/><V110/><F31/><W130/><G130/><N who="1" m="49674" /><E64/><V26/><F110/><W61/><G37/><T121/><D91/><U113/><E113/><V76/><F78/><W60/><G117/><T47/><D47/><U116/><E116/><V86/><F26/><W56/><G32/><T75/><D83/><N who="1" m="45487" /><E111/><V49/><F67/><N who="3" m="39303" /><G71/><T101/><D126/><U97/><E97/><V123/><F115/><N who="0" m="44074" /><D70/><U13/><E29/><V59/><F123/><N who="0" m="47114" /><D36/><U62/><E62/><V98/><F72/><N who="0" m="27690" /><D96/><U7/><E7/><V90/><REACH who="2" step="1"/><F59/><REACH who="2" ten="103,297,210,380" step="2"/><W92/><G46/><T28/><D28/><U109/><E109/><V134/><F134/><W41/><G61/><T40/><D40/><U128/><E128/><V16/><F16/><AGARI ba="1,1" hai="4,6,13,16,23" m="45487,49674,33015" machi="16" ten="30,5800,0" yaku="19,1,52,1,54,1" doraHai="105" who="1" fromWho="2" sc="103,0,297,71,210,-61,380,0" /><INIT seed="1,2,0,3,1,65" ten="103,368,149,380" oya="1" hai0="125,113,82,40,50,92,1,27,77,16,133,128,47" hai1="10,22,119,110,88,37,54,4,89,51,117,99,124" hai2="9,8,12,106,73,2,86,58,17,13,123,132,39" hai3="84,100,0,24,68,66,33,135,61,55,59,130,56"/><U116/><E124/><V21/><F73/><W109/><G0/><T101/><D113/><U20/><E37/><V35/><F39/><W105/><G109/><T114/><D114/><U15/><E110/><V48/><F106/><W63/><G135/><T31/><D133/><U26/><E99/><V62/><F132/><W3/><G3/><T76/><D1/><U134/><E134/><V43/><F123/><W70/><G130/><T74/><D128/><U126/><E126/><V118/><F86/><W98/><REACH who="3" step="1"/><G84/><REACH who="3" ten="103,368,149,370" step="2"/><T112/><D125/><U23/><REACH who="1" step="1"/><E26/><REACH who="1" ten="103,358,149,370" step="2"/><V38/><F118/><W71/><G71/><T87/><D112/><U34/><E34/><V25/><F35/><W75/><G75/><T121/><D121/><U11/><E11/><V49/><F9/><W97/><G97/><T36/><D74/><U72/><E72/><V79/><F8/><W41/><G41/><T28/><D36/><U85/><E85/><V69/><F38/><W53/><G53/><T46/><D77/><U18/><E18/><V60/><F79/><W115/><G115/><T108/><D108/><U94/><E94/><V131/><F131/><W52/><G52/><T6/><D16/><U81/><E81/><V19/><F43/><W103/><G103/><T107/><D27/><U127/><E127/><V83/><F25/><W120/><G120/><T42/><D107/><U96/><E96/><V93/><F19/><W14/><G14/><T57/><D92/><U5/><E5/><V129/><F93/><W102/><G102/><T29/><D101/><U95/><E95/><V64/><F129/><RYUUKYOKU ba="2,2" sc="103,-15,358,15,149,-15,370,15" hai1="4,10,15,20,22,23,51,54,88,89,116,117,119" hai3="24,33,55,56,59,61,63,66,68,70,98,100,105" /><INIT seed="1,3,2,0,5,85" ten="88,373,134,385" oya="1" hai0="97,11,42,34,87,38,27,32,92,18,76,21,62" hai1="113,106,17,65,31,35,127,130,63,128,53,59,78" hai2="40,105,83,116,20,98,108,66,133,102,64,10,1" hai3="6,16,89,99,50,84,14,7,2,48,15,0,51"/><U79/><E113/><V44/><F116/><W107/><G99/><T41/><D34/><U112/><E112/><V124/><F108/><W70/><G70/><T93/><D32/><U49/><E106/><V19/><F133/><W57/><G107/><T94/><D38/><U135/><E127/><V125/><F20/><N who="3" m="11287" /><G2/><T91/><D62/><U5/><E5/><N who="3" m="1546" /><G15/><T45/><D11/><U110/><E17/><V12/><F1/><W111/><G0/><T121/><D121/><U33/><E135/><V9/><F9/><W3/><G3/><T77/><D77/><N who="1" m="29195" /><E31/><V95/><F105/><W69/><G69/><T43/><D45/><N who="1" m="27823" /><E110/><V118/><F118/><W60/><G111/><T72/><D72/><U30/><E30/><V74/><F125/><W46/><G46/><T71/><D71/><U58/><E58/><V22/><F124/><W129/><G129/><AGARI ba="3,2" hai="33,35,59,63,65,128,129,130" m="27823,29195" machi="129" ten="30,1500,0" yaku="19,1" doraHai="85" who="1" fromWho="3" sc="88,0,373,44,134,0,385,-24" /><INIT seed="1,4,0,5,0,103" ten="88,417,134,361" oya="1" hai0="80,101,133,107,24,33,54,105,106,15,44,128,84" hai1="110,65,47,68,99,131,127,81,126,113,19,64,43" hai2="41,130,69,38,60,34,37,132,4,14,51,61,89" hai3="119,58,42,97,9,46,53,52,76,96,57,31,29"/><U35/><E113/><V122/><F34/><W112/><G112/><T21/><D33/><U12/><E35/><V120/><F4/><W104/><G76/><T28/><D128/><U98/><E131/><V18/><F130/><W72/><G72/><T27/><D133/><U135/><E135/><V87/><F132/><W129/><G129/><T20/><D15/><U8/><E81/><V91/><F91/><W82/><G82/><T39/><D101/><U17/><E17/><V115/><F115/><W32/><G9/><T7/><D7/><U25/><E25/><V16/><F18/><W13/><G13/><T109/><D109/><U45/><E47/><V125/><F125/><W95/><G32/><T88/><D39/><U3/><E3/><V10/><F69/><W11/><G11/><T62/><D44/><U83/><E83/><V75/><F75/><W121/><G121/><T71/><D71/><U116/><E68/><V79/><F79/><W90/><G31/><T111/><D111/><U73/><E73/><V70/><F70/><W55/><G29/><T123/><D123/><U77/><E77/><V74/><F74/><W108/><G108/><T40/><D40/><U23/><E110/><V94/><F122/><W93/><G104/><T0/><D0/><U78/><E78/><V56/><F120/><W5/><G5/><T22/><REACH who="0" step="1"/><D28/><REACH who="0" ten="78,417,134,361" step="2"/><U63/><E127/><V50/><F41/><W102/><REACH who="3" step="1"/><G119/><REACH who="3" ten="78,417,134,351" step="2"/><T92/><D92/><U134/><E116/><V100/><F94/><W30/><G30/><T59/><AGARI ba="4,2" hai="20,21,22,24,27,54,59,62,80,84,88,105,106,107" machi="59" ten="40,12000,2" yaku="1,1,0,1,52,3,54,1,53,0" doraHai="103" doraHaiUra="117" who="0" fromWho="0" sc="78,152,417,-64,134,-34,351,-34" /><INIT seed="2,0,0,4,1,55" ten="230,353,100,317" oya="2" hai0="119,34,2,133,27,81,111,25,75,82,37,31,80" hai1="118,83,60,108,57,122,104,50,30,11,120,126,125" hai2="13,20,76,99,49,54,92,69,0,97,62,102,64" hai3="12,40,72,74,109,4,32,79,87,53,21,90,6"/><V88/><F0/><W114/><G32/><T28/><D37/><U132/><E108/><V71/><F76/><W130/><G109/><T17/><D111/><U9/><E118/><V35/><F35/><W23/><G114/><T8/><D119/><U47/><E104/><V124/><F124/><N who="1" m="47721" /><E30/><V112/><F112/><W134/><G130/><T52/><D133/><U116/><E83/><V135/><F135/><W36/><G134/><T45/><D75/><U58/><E60/><V100/><F13/><W107/><G107/><T10/><D2/><U19/><E116/><V5/><F5/><W1/><G4/><T95/><D95/><U61/><E61/><V113/><F113/><W15/><G6/><T39/><D39/><U77/><E77/><V106/><F20/><W70/><G79/><T56/><D45/><U117/><E117/><V22/><F22/><W115/><G21/><T44/><D44/><U101/><E101/><V65/><F65/><W105/><G23/><T66/><D66/><U14/><E11/><V7/><F7/><W42/><G1/><T68/><D68/><U43/><E132/><V63/><F63/><W51/><G70/><T18/><D34/><U127/><E127/><V48/><F48/><W131/><G115/><T67/><D67/><U96/><E96/><V29/><F29/><N who="0" m="11338" /><D10/><U41/><E41/><V3/><F3/><W26/><G42/><T59/><D8/><U24/><E24/><N who="0" m="9289" /><D52/><U78/><E43/><V85/><F69/><W73/><G40/><T89/><D89/><U129/><E9/><V94/><F54/><W98/><G72/><RYUUKYOKU ba="0,0" sc="230,15,353,-15,100,15,317,-15" hai0="17,18,56,59,80,81,82" hai2="49,62,64,71,85,88,92,94,97,99,100,102,106" /><INIT seed="2,1,0,2,1,128" ten="245,338,115,302" oya="2" hai0="99,121,74,71,31,8,88,134,72,48,17,82,46" hai1="4,105,73,57,40,3,133,119,26,117,6,70,35" hai2="16,96,19,98,20,53,1,63,54,76,64,120,13" hai3="106,116,80,66,29,89,50,18,62,95,14,75,15"/><V84/><F120/><W125/><G106/><T68/><D121/><U22/><E57/><V90/><F1/><W2/><G116/><T131/><D31/><U7/><E40/><V59/><F76/><W56/><G2/><T83/><D131/><U135/><E105/><V41/><F41/><W127/><G29/><T91/><D8/><U28/><E70/><V37/><F37/><W94/><G50/><T24/><D24/><N who="1" m="18823" /><E73/><V102/><F19/><W103/><G103/><T23/><D48/><U12/><E12/><N who="3" m="4650" /><G18/><T123/><D17/><N who="1" m="12623" /><E3/><V38/><F38/><W67/><G67/><T69/><D69/><U122/><E122/><V60/><F102/><W86/><G75/><T55/><D123/><U78/><E78/><V21/><F21/><W47/><G47/><T132/><D23/><U87/><E87/><V33/><F33/><W25/><G25/><T118/><D46/><U30/><E30/><V65/><F65/><W126/><AGARI ba="1,0" hai="56,62,66,80,86,89,94,95,125,126,127" m="4650" machi="126" ten="40,1500,0" yaku="18,1" doraHai="128" who="3" fromWho="3" sc="245,-5,338,-5,115,-8,302,18" /><INIT seed="3,0,0,4,1,107" ten="240,333,107,320" oya="3" hai0="47,115,69,51,100,22,99,57,84,20,105,74,127" hai1="33,35,49,135,16,103,121,34,32,68,89,65,45" hai2="134,88,5,131,128,25,120,102,18,2,75,50,85" hai3="67,119,41,72,86,12,101,113,123,46,78,83,92"/><W70/><G123/><T26/><D69/><U61/><E35/><V132/><F25/><W37/><G119/><T62/><D115/><U3/><E121/><V94/><F18/><W14/><G113/><T52/><D127/><U91/><E3/><V66/><F66/><W31/><G31/><T42/><D84/><U64/><E64/><V77/><F50/><W129/><G129/><N who="2" m="49737" /><F5/><W56/><G70/><T59/><D59/><U53/><E103/><V79/><F2/><W23/><G23/><T71/><D71/><U17/><E135/><N who="2" m="51755" /><F120/><W98/><REACH who="3" step="1"/><G86/><REACH who="3" ten="240,333,107,310" step="2"/><T118/><D118/><U87/><E87/><V116/><F116/><W48/><G48/><T19/><D22/><U117/><E117/><V95/><F102/><W80/><G80/><T124/><REACH who="0" step="1"/><D124/><REACH who="0" ten="230,333,107,310" step="2"/><U55/><E34/><V130/><N who="2" m="49745" /><V13/><DORA hai="96" /><F13/><W44/><G44/><T29/><D29/><U111/><E33/><V133/><N who="2" m="51763" /><V10/><DORA hai="0" /><F10/><W108/><G108/><T60/><D60/><AGARI ba="0,2" hai="12,14,37,41,46,56,60,67,72,78,83,92,98,101" machi="60" ten="40,12000,1" yaku="1,1,52,2,53,2" doraHai="107,96,0" doraHaiUra="1,43,54" who="3" fromWho="0" sc="230,-120,333,0,107,0,310,140" owari="110,-29.0,333,13.0,107,-39.0,450,55.0" /></mjloggm>