<mjloggm ver="2.3"><GO type="41"/><UN n0="%E3%82%A6%E3%83%AB%E3%83%88%E3%83%A9%E7%AB%8B%E7%9B%B4" n1="%E3%81%8B%E3%81%9A%E3%81%97%E3%83%9C%E3%83%B3%E3%83%90%E3%83%BC" n2="%61%73%30%37%36%30%33%69" n3="%67%65%72%72%61%72%64" dan="14,13,13,13" rate="1967,1945,1902,1850" sx="M,M,M,M"/><TAIKYOKU oya="0"/><INIT seed="0,0,0,1,4,78" ten="250,250,250,250" oya="0" hai0="58,102,120,45,43,9,1,76,128,125,81,126,109" hai1="96,16,64,67,0,90,7,84,44,46,19,82,34" hai2="108,86,8,121,114,2,24,3,22,69,83,116,6" hai3="36,52,107,37,53,12,74,89,51,85,132,135,101"/><T80/><D120/><U130/><E34/><V104/><F121/><W14/><G74/><T115/><D115/><U105/><E130/><V61/><F114/><W117/><G101/><T110/><D102/><U98/><E0/><V26/><F104/><W60/><G60/><T18/><D128/><U119/><E119/><V106/><F106/><W5/><G107/><T39/><D58/><U49/><E7/><V21/><F116/><W63/><G63/><T70/><D70/><U23/><E105/><V71/><F3/><W122/><G122/><T88/><D88/><N who="1" m="51223" /><E19/><V111/><F61/><W97/><G97/><N who="1" m="37482" /><E90/><V112/><F112/><W10/><G14/><T40/><D40/><N who="1" m="24711" /><E46/><V27/><F71/><W113/><G113/><T91/><D91/><U77/><E77/><N who="2" m="46447" /><F69/><W13/><G13/><AGARI ba="0,0" hai="13,16,23,64,67" m="24711,37482,51223" machi="13" ten="30,7700,0" yaku="8,1,52,1,54,2" doraHai="78" who="1" fromWho="3" sc="250,0,250,77,250,0,250,-77" /><INIT seed="1,0,0,1,2,26" ten="250,327,250,173" oya="1" hai0="68,134,48,7,92,30,34,69,31,13,33,53,43" hai1="10,95,55,88,132,101,116,61,63,4,135,38,20" hai2="118,90,123,96,65,6,83,84,58,130,12,99,59" hai3="73,82,21,114,97,128,22,79,110,44,80,0,45"/><U27/><E38/><V50/><F118/><W81/><G0/><T74/><D74/><U113/><E113/><V87/><F123/><W111/><G114/><T35/><D43/><U121/><E121/><V47/><F130/><W76/><G128/><T37/><D37/><U109/><E116/><V85/><F59/><W17/><G97/><N who="2" m="37449" /><F58/><W9/><G9/><T102/><D102/><U103/><E109/><N who="3" m="41482" /><G73/><T131/><D92/><U70/><E61/><V5/><F65/><W8/><G8/><T3/><D131/><U23/><E23/><N who="3" m="8714" /><G17/><T115/><D115/><U127/><E127/><V89/><F85/><W94/><G94/><T71/><D3/><N who="1" m="287" /><E55/><N who="2" m="30175" /><F12/><W16/><G16/><T108/><D13/><U15/><E15/><V39/><F39/><W78/><AGARI ba="0,0" hai="44,45,76,78,79,80,81,82" m="8714,41482" machi="78" ten="40,5200,0" yaku="28,2,14,1" doraHai="26" who="3" fromWho="3" sc="250,-13,327,-26,250,-13,173,52" /><INIT seed="2,0,0,4,3,39" ten="237,301,237,225" oya="2" hai0="60,109,47,33,9,54,106,51,99,104,4,76,127" hai1="3,30,46,92,19,95,98,114,6,31,87,115,113" hai2="86,112,120,45,38,32,43,58,18,121,133,24,131" hai3="25,50,8,23,41,124,26,128,88,122,103,129,130"/><V85/><F112/><W42/><G122/><T59/><D33/><U135/><E135/><V69/><F133/><W107/><G124/><T97/><D127/><U35/><E19/><V63/><F69/><W10/><G25/><T17/><D17/><U89/><E46/><V111/><F111/><W90/><G50/><T5/><D109/><U101/><REACH who="1" step="1"/><E35/><REACH who="1" ten="237,291,237,225" step="2"/><V67/><F131/><W119/><G119/><T64/><D104/><U11/><AGARI ba="0,1" hai="3,6,11,30,31,87,89,92,95,98,101,113,114,115" machi="11" ten="40,5200,0" yaku="1,1,2,1,0,1,53,0" doraHai="39" doraHaiUra="126" who="1" fromWho="1" sc="237,-13,291,62,237,-26,225,-13" /><INIT seed="3,0,0,3,3,31" ten="224,353,211,212" oya="3" hai0="68,125,54,29,133,38,43,66,22,131,24,2,105" hai1="96,121,100,87,11,4,69,111,113,26,49,64,3" hai2="110,109,108,35,6,42,90,92,52,57,115,12,62" hai3="58,82,47,102,7,59,53,122,127,107,17,1,91"/><W41/><G122/><T77/><D105/><U94/><E121/><V18/><F115/><W44/><G127/><T120/><D120/><U20/><E111/><V51/><F6/><W76/><G91/><T21/><D125/><U119/><E113/><V67/><F42/><W74/><G17/><T132/><D2/><U9/><E119/><V60/><F35/><W84/><G47/><N who="0" m="24055" /><D77/><U114/><E114/><V86/><REACH who="2" step="1"/><F67/><REACH who="2" ten="224,353,201,212" step="2"/><W30/><G30/><T46/><D29/><U36/><E64/><V78/><F78/><W88/><G7/><T97/><D66/><U63/><E4/><V39/><F39/><W129/><G1/><T48/><D68/><U117/><E36/><V103/><F103/><W72/><G129/><T37/><D37/><U14/><E3/><V32/><F32/><W34/><G34/><T85/><D131/><U95/><E69/><V98/><F98/><N who="3" m="61911" /><G74/><T50/><D97/><U135/><E96/><V118/><F118/><W40/><G41/><T65/><D65/><U123/><E100/><V93/><F93/><N who="3" m="54407" /><G40/><T61/><D85/><U81/><E123/><V28/><F28/><W71/><G71/><T124/><D124/><U13/><E117/><V8/><AGARI ba="0,1" hai="8,12,18,51,52,57,60,62,86,90,92,108,109,110" machi="8" ten="30,7900,0" yaku="1,1,0,1,14,1,54,1,53,0" doraHai="31" doraHaiUra="19" who="2" fromWho="2" sc="224,-20,353,-20,201,89,212,-39" /><INIT seed="4,0,0,2,0,78" ten="204,333,290,173" oya="0" hai0="82,35,41,95,44,122,1,48,99,84,37,80,53" hai1="126,96,5,117,19,119,127,101,98,28,112,121,60" hai2="128,40,67,0,58,46,56,116,107,3,20,92,68" hai3="32,85,73,29,103,42,16,34,134,125,90,59,110"/><T118/><D1/><U12/><E121/><V108/><F107/><W114/><G73/><T22/><D35/><U33/><E112/><V109/><F0/><W123/><G123/><T11/><D122/><U7/><E60/><N who="2" m="40039" /><F3/><W66/><G114/><T106/><D118/><U77/><E77/><V4/><F4/><W55/><G66/><T69/><D69/><U13/><E98/><V54/><F20/><W74/><G74/><T39/><D11/><U65/><E65/><V30/><F30/><W132/><G103/><T43/><D106/><U17/><E28/><V51/><F92/><W10/><G42/><T25/><D39/><U76/><E76/><V91/><F91/><W135/><G29/><N who="0" m="17591" /><D37/><U38/><E38/><N who="2" m="21783" /><F116/><W14/><G125/><T111/><D111/><N who="2" m="42570" /><F58/><W57/><G57/><T50/><D84/><U72/><E72/><V120/><F120/><W83/><REACH who="3" step="1"/><G110/><REACH who="3" ten="204,333,290,163" step="2"/><T71/><D71/><U2/><E126/><V47/><F47/><W89/><G89/><N who="0" m="55791" /><D43/><U9/><E127/><V104/><F104/><W87/><G87/><T31/><D31/><U105/><E105/><V24/><F56/><AGARI ba="0,1" hai="41,44,48,50,53,56,80,82" m="55791,17591" machi="56" ten="30,5800,0" yaku="8,1,52,2" doraHai="78" who="0" fromWho="2" sc="204,68,333,0,290,-58,163,0" /><INIT seed="4,1,0,2,5,50" ten="272,333,232,163" oya="0" hai0="42,65,39,16,114,73,67,2,87,44,36,37,95" hai1="84,63,88,83,29,17,111,72,12,108,4,59,38" hai2="71,66,6,96,55,131,13,94,3,46,45,21,90" hai3="22,118,100,27,122,19,135,101,134,97,110,70,92"/><T30/><D73/><U91/><E38/><V78/><F3/><W33/><G70/><T48/><D2/><U86/><E72/><V133/><F131/><W80/><G118/><T130/><D30/><U109/><E29/><V18/><F133/><W116/><G33/><T58/><D130/><U15/><E4/><V69/><F78/><W129/><G116/><T98/><D87/><U24/><E24/><V20/><F6/><W121/><G129/><T1/><D1/><U10/><E15/><V34/><F34/><W103/><G80/><T56/><D95/><U28/><E28/><V51/><F69/><W60/><G60/><T75/><D98/><U107/><E107/><V68/><F68/><W5/><G110/><T35/><D35/><U43/><E43/><V93/><F21/><W40/><G40/><T25/><D75/><U62/><REACH who="1" step="1"/><E59/><REACH who="1" ten="272,323,232,163" step="2"/><N who="0" m="22569" /><D25/><U57/><E57/><N who="2" m="33023" /><F71/><W7/><G7/><T102/><D16/><U81/><AGARI ba="1,1" hai="10,12,17,62,63,81,83,84,86,88,91,108,109,111" machi="81" ten="30,12000,2" yaku="1,1,0,1,9,1,54,1,53,2" doraHai="50" doraHaiUra="76" who="1" fromWho="1" sc="272,-61,323,133,232,-31,163,-31" /><INIT seed="5,0,0,1,5,67" ten="211,456,201,132" oya="1" hai0="58,76,115,54,18,71,57,82,96,102,62,105,23" hai1="1,44,61,81,7,51,123,65,48,64,4,38,0" hai2="88,60,116,33,132,95,112,46,79,10,52,15,135" hai3="80,28,20,3,2,104,68,75,32,118,84,37,90"/><U31/><E123/><V27/><F116/><W114/><G104/><T53/><D115/><U34/><E38/><V129/><F112/><W22/><G37/><T30/><D30/><U50/><E81/><V8/><F79/><W125/><G114/><T39/><D39/><U87/><E87/><V6/><F10/><W25/><G125/><T26/><D58/><U122/><E122/><V69/><F33/><W66/><G75/><T77/><D54/><U42/><E31/><V101/><F27/><W120/><G118/><T78/><REACH who="0" step="1"/><D71/><REACH who="0" ten="201,456,201,132" step="2"/><U29/><E29/><V128/><F69/><W127/><G120/><T41/><D41/><U91/><E42/><V85/><F46/><W103/><G127/><T133/><D133/><U45/><E45/><V97/><F52/><W49/><G49/><T126/><D126/><U89/><E44/><V19/><F60/><W17/><G66/><T55/><D55/><U40/><E61/><V110/><F135/><W106/><G68/><T5/><D5/><U12/><E40/><V113/><F132/><W117/><G117/><T131/><D131/><U121/><E121/><V86/><F113/><W94/><G32/><T43/><D43/><U35/><E51/><V92/><F6/><W11/><G28/><T56/><D56/><U13/><AGARI ba="0,1" hai="0,1,4,7,12,13,34,35,48,50,64,65,89,91" machi="13" ten="25,4800,0" yaku="0,1,22,2" doraHai="67" who="1" fromWho="1" sc="201,-16,456,58,201,-16,132,-16" /><INIT seed="5,1,0,4,5,3" ten="185,514,185,116" oya="1" hai0="86,107,77,119,117,59,120,64,72,47,90,34,25" hai1="50,70,66,36,115,103,42,13,27,112,58,95,79" hai2="53,98,44,29,43,60,65,102,130,123,45,71,1" hai3="35,134,63,54,133,84,0,4,114,105,104,109,56"/><U8/><E79/><V121/><F130/><W49/><G35/><T40/><D107/><U22/><E70/><V76/><F76/><W17/><G109/><T132/><D120/><U96/><E42/><V10/><F29/><W135/><G114/><T55/><D64/><U51/><E36/><V33/><F33/><W94/><G17/><T106/><D106/><U32/><E32/><V131/><F131/><W24/><G24/><T99/><D99/><U93/><E93/><V74/><F74/><W125/><G125/><T30/><D77/><U122/><E122/><V62/><F62/><W101/><G63/><T7/><D72/><U113/><E58/><V15/><F53/><W6/><G0/><T69/><D69/><U52/><E66/><V80/><F45/><W78/><G104/><T83/><D132/><U126/><E126/><V41/><F41/><W18/><G18/><T108/><D108/><U75/><E75/><V61/><F61/><W12/><G12/><T92/><D92/><U48/><E22/><V31/><F121/><W23/><G23/><T110/><D110/><U124/><E27/><V111/><F123/><W118/><G118/><T2/><D55/><U97/><E97/><V129/><F111/><W88/><G78/><T81/><D59/><U116/><E116/><V39/><F129/><W82/><G105/><T38/><D83/><U73/><E73/><V100/><F80/><W16/><G16/><T68/><D68/><U128/><E128/><V85/><F31/><W91/><G101/><T5/><D2/><U89/><E124/><V19/><F1/><RYUUKYOKU ba="1,0" sc="185,15,514,-15,185,-15,116,15" hai0="5,7,25,30,34,38,40,47,81,86,90,117,119" hai3="4,6,49,54,56,82,84,88,91,94,133,134,135" /><INIT seed="6,2,0,0,5,18" ten="200,499,170,131" oya="2" hai0="134,1,27,38,67,33,64,87,98,36,50,125,44" hai1="105,123,113,89,88,58,15,81,106,45,82,23,93" hai2="103,65,14,63,9,59,30,75,35,129,69,110,118" hai3="8,84,68,40,133,109,62,24,132,127,126,95,112"/><V39/><F118/><W76/><G40/><T13/><D1/><U48/><E58/><V72/><F110/><W130/><G109/><T10/><D38/><U11/><E113/><V86/><F39/><W25/><G68/><T54/><D36/><U91/><E123/><V53/><F129/><W42/><G42/><T32/><D32/><U4/><E93/><V99/><F86/><W124/><G62/><T52/><D125/><U114/><E114/><V21/><F35/><W55/><G55/><T34/><D34/><U73/><E73/><V2/><F2/><W60/><G60/><T90/><D134/><N who="3" m="51817" /><G112/><T43/><D98/><U107/><REACH who="1" step="1"/><E23/><REACH who="1" ten="200,489,170,131" step="2"/><V6/><F21/><W46/><G95/><T17/><D64/><U115/><E115/><V117/><F117/><W74/><G74/><T121/><D67/><U122/><E122/><V12/><F30/><W66/><G66/><T96/><D121/><U41/><AGARI ba="2,1" hai="4,11,15,41,45,48,81,82,88,89,91,105,106,107" machi="41" ten="40,5200,0" yaku="1,1,0,1,54,1,53,0" doraHai="18" doraHaiUra="70" who="1" fromWho="1" sc="200,-15,489,68,170,-28,131,-15" /><INIT seed="7,0,0,3,2,112" ten="185,557,142,116" oya="3" hai0="91,97,1,60,45,109,50,62,63,17,2,42,23" hai1="119,89,54,35,9,110,94,46,122,99,72,14,79" hai2="92,88,41,12,3,95,128,39,84,132,58,87,27" hai3="56,102,25,55,85,7,80,74,108,129,134,34,57"/><W10/><G74/><T40/><D109/><U82/><E122/><V37/><F3/><W101/><G108/><T15/><D2/><U29/><E110/><V36/><F27/><W0/><G134/><T113/><D1/><U44/><E29/><V105/><F105/><W71/><G71/><T33/><D33/><U75/><E35/><V118/><F132/><W61/><G129/><T116/><D116/><U51/><E119/><V22/><F128/><W106/><G106/><T131/><D131/><U73/><REACH who="1" step="1"/><E46/><REACH who="1" ten="185,547,142,116" step="2"/><V13/><F118/><W70/><G70/><T19/><D113/><U26/><E26/><V30/><F58/><W52/><G25/><T93/><D42/><U115/><E115/><V47/><F30/><W123/><G34/><T4/><D4/><AGARI ba="0,1" hai="4,9,14,44,51,54,72,73,75,79,82,89,94,99" machi="4" ten="30,2000,0" yaku="1,1,7,1,53,0" doraHai="112" doraHaiUra="66" who="1" fromWho="0" sc="185,-20,547,30,142,0,116,0" owari="165,-3.0,577,67.0,142,-26.0,116,-38.0" /></mjloggm>