<mjloggm ver="2.3"><GO type="41"/><UN n0="%E9%9B%80%E8%8D%98%E3%81%A8%E5%B9%B3%E5%92%8C" n1="%48%49%52%4F%33%32%36" n2="%EF%BC%88%E2%89%A7%E2%96%BD%E2%89%A6%EF%BC%89" n3="%E5%BC%98%E5%89%8D%E3%81%AE%E3%81%8A%E3%82%82%E3%81%91" dan="14,15,15,15" rate="1896,1922,2024,1999" sx="M,M,M,M"/><TAIKYOKU oya="0"/><INIT seed="0,0,0,2,3,17" ten="250,250,250,250" oya="0" hai0="122,25,130,32,70,78,89,93,62,126,55,16,0" hai1="105,43,68,33,75,117,26,20,10,69,87,59,35" hai2="101,100,65,5,79,46,31,19,64,106,129,12,107" hai3="113,29,114,128,112,82,45,76,71,66,40,11,6"/><T110/><D122/><U56/><E75/><V77/><F129/><W13/><G128/><T86/><D130/><U92/><E117/><V94/><F5/><W81/><G29/><T42/><D0/><U73/><E105/><V132/><F132/><W24/><G24/><T2/><D2/><U3/><E73/><V54/><F31/><W22/><G22/><N who="0" m="13511" /><D32/><U133/><E68/><V104/><F46/><W91/><G91/><T95/><D70/><U14/><E69/><V61/><F54/><W8/><G11/><T36/><D36/><U7/><E133/><V18/><F94/><W57/><G71/><T9/><D126/><U44/><E35/><V30/><F30/><W120/><G120/><T90/><D42/><U135/><E135/><V41/><F41/><W23/><G23/><T52/><D110/><U4/><E4/><V80/><F107/><W127/><G127/><T49/><D78/><U60/><E33/><V97/><F77/><W58/><G112/><T118/><D118/><U111/><E3/><V98/><F61/><W108/><G108/><T109/><D9/><U99/><E111/><V115/><F115/><W38/><G113/><T27/><D27/><U37/><E87/><V84/><REACH who="2" step="1"/><F19/><REACH who="2" ten="250,250,240,250" step="2"/><W39/><G114/><T123/><D109/><U53/><E37/><V50/><F50/><W119/><G39/><T67/><D123/><U102/><E43/><V34/><F34/><W1/><G119/><T63/><D49/><N who="1" m="28839" /><E60/><N who="0" m="23081" /><D67/><U134/><E134/><V15/><F15/><W85/><G66/><T83/><D95/><U51/><E51/><V131/><F131/><RYUUKYOKU ba="0,1" sc="250,10,250,10,240,10,250,-30" hai0="52,55,83,86,89,90,93" hai1="7,10,14,20,26,56,59,92,99,102" hai2="12,18,64,65,79,80,84,97,98,100,101,104,106" /><INIT seed="0,1,1,0,0,78" ten="260,260,250,220" oya="0" hai0="55,2,134,101,4,39,13,132,63,94,75,84,121" hai1="1,128,114,48,130,80,87,77,5,104,26,70,58" hai2="10,117,34,28,6,33,60,66,122,7,113,131,85" hai3="21,103,47,31,99,24,125,8,53,11,57,49,86"/><T64/><D2/><U3/><E70/><V74/><F122/><W46/><G125/><T45/><D75/><U120/><E120/><V115/><F74/><W88/><G46/><T50/><D121/><U73/><E104/><V25/><F117/><W109/><G109/><T76/><D39/><U59/><E114/><V18/><F131/><W93/><REACH who="3" step="1"/><G47/><REACH who="3" ten="260,260,250,210" step="2"/><T43/><D45/><U38/><E38/><V54/><F115/><W100/><G100/><T124/><D101/><U72/><E72/><V19/><F113/><W83/><AGARI ba="1,2" hai="8,11,21,24,31,49,53,57,83,86,88,93,99,103" machi="83" ten="20,12000,2" yaku="1,1,0,1,7,1,8,1,52,1,54,1,53,0" doraHai="78" doraHaiUra="112" who="3" fromWho="3" sc="260,-61,260,-31,250,-31,210,143" /><INIT seed="1,0,0,0,1,97" ten="199,229,219,353" oya="1" hai0="89,77,61,12,36,95,125,17,115,69,7,133,124" hai1="50,96,3,106,8,31,11,83,63,16,49,59,44" hai2="75,33,2,40,110,19,131,86,46,24,32,134,88" hai3="100,122,71,78,66,130,82,92,41,43,53,109,117"/><U116/><E116/><V132/><F75/><W27/><G117/><T6/><D36/><U47/><E31/><V113/><F2/><W121/><G109/><T73/><D115/><U1/><E83/><V9/><F110/><W65/><G130/><T114/><D114/><U103/><E49/><N who="2" m="26823" /><F113/><W101/><G27/><T120/><D133/><N who="2" m="51306" /><F131/><W128/><G128/><T90/><D120/><U91/><E47/><V93/><F9/><W25/><G25/><T20/><D73/><U35/><E35/><V74/><F74/><W30/><G30/><T58/><D77/><U62/><E1/><V52/><F52/><W23/><G23/><AGARI ba="0,0" hai="19,23,24,32,33,86,88,93" m="51306,26823" machi="23" ten="30,2000,0" yaku="20,1,54,1" doraHai="97" who="2" fromWho="3" sc="199,0,229,0,219,20,353,-20" /><INIT seed="2,0,0,4,4,68" ten="199,229,239,333" oya="2" hai0="65,88,123,74,11,114,116,131,85,132,6,45,61" hai1="115,100,77,96,107,36,105,95,104,97,91,23,71" hai2="93,18,112,48,84,16,55,31,51,1,49,117,80" hai3="128,69,4,8,109,5,10,14,98,102,12,41,2"/><V19/><F117/><W58/><G69/><T39/><D114/><U13/><E71/><V118/><F1/><W73/><G73/><T87/><D123/><U72/><E23/><V81/><F112/><W129/><G109/><T66/><D116/><U40/><E13/><V99/><F118/><W92/><G58/><T52/><D85/><N who="1" m="52719" /><E40/><V9/><F31/><W122/><G122/><T35/><D35/><U37/><E115/><V64/><F64/><W67/><G67/><T44/><D74/><U46/><E46/><N who="2" m="28055" /><F9/><W133/><G133/><T50/><D132/><U94/><E37/><V25/><F25/><W22/><G41/><T29/><D29/><U135/><E36/><V110/><F110/><W101/><G101/><T59/><D131/><N who="3" m="50249" /><G22/><T57/><D39/><U38/><E38/><V70/><F70/><W78/><G78/><T17/><D66/><U79/><E135/><V47/><F84/><W43/><G43/><T89/><D89/><N who="1" m="55375" /><E79/><V0/><F0/><AGARI ba="0,0" hai="0,2,4,5,8,10,12,14,92,98,102" m="50249" machi="0" ten="30,1000,0" yaku="19,1" doraHai="68" who="3" fromWho="2" sc="199,0,229,0,239,-10,333,10" /><INIT seed="3,0,0,3,5,17" ten="199,229,229,343" oya="3" hai0="24,61,31,135,130,119,30,90,134,88,41,80,118" hai1="99,26,25,37,76,32,107,111,86,125,22,10,67" hai2="65,100,73,3,0,106,7,47,103,35,39,132,60" hai3="13,122,121,105,34,109,36,123,115,131,117,1,79"/><W50/><RYUUKYOKU type="yao9" ba="0,0" sc="199,0,229,0,229,0,343,0" hai3="1,13,34,36,50,79,105,109,115,117,121,122,123,131" /><INIT seed="3,1,0,0,2,42" ten="199,229,229,343" oya="3" hai0="20,100,17,14,62,9,106,37,91,88,48,128,1" hai1="115,57,74,19,29,43,32,121,127,69,93,135,122" hai2="131,26,134,75,16,90,27,113,105,99,117,95,47" hai3="85,118,124,0,102,78,80,92,22,82,130,33,59"/><W94/><G118/><T3/><D37/><U31/><E115/><V111/><F117/><W12/><G33/><T52/><D128/><U110/><E69/><V133/><F113/><W73/><G0/><T84/><D62/><U23/><E74/><V58/><F131/><W112/><G112/><T77/><D77/><U70/><E70/><V10/><F111/><W25/><G130/><T76/><D76/><U60/><E110/><V101/><F75/><W83/><G124/><T30/><D106/><U55/><E127/><V49/><F58/><W2/><G2/><T24/><D100/><U68/><E68/><V28/><F10/><W66/><G12/><T45/><REACH who="0" step="1"/><D91/><REACH who="0" ten="189,229,229,343" step="2"/><U114/><E114/><V87/><F134/><W38/><G38/><T125/><D125/><U72/><E135/><V81/><F133/><W109/><G109/><T53/><D53/><U21/><E72/><V123/><F105/><W67/><G102/><T108/><D108/><U56/><E121/><V18/><F123/><W98/><G78/><T51/><D51/><U104/><E122/><V103/><F103/><W97/><G73/><T86/><D86/><U50/><E104/><V7/><F101/><W46/><G85/><T34/><D34/><U129/><E32/><N who="2" m="20503" /><F90/><W4/><G67/><T89/><D89/><U15/><E129/><V39/><F87/><W5/><G66/><T116/><D116/><U126/><E126/><V8/><F39/><W71/><G71/><T63/><D63/><U6/><E60/><V132/><F132/><W119/><G119/><T65/><D65/><U107/><E107/><RYUUKYOKU ba="1,1" sc="189,30,229,-10,229,-10,343,-10" hai0="1,3,9,14,17,20,24,30,45,48,52,84,88" /><INIT seed="4,2,1,5,0,122" ten="219,219,219,333" oya="0" hai0="77,67,45,68,63,6,91,111,94,47,23,124,53" hai1="24,133,117,85,27,96,52,50,15,42,48,110,31" hai2="114,69,82,79,38,25,93,116,108,95,65,131,8" hai3="62,135,76,66,118,89,103,100,49,56,107,0,41"/><T16/><D124/><U9/><E110/><V88/><F38/><W19/><G0/><T112/><D112/><U104/><E117/><V2/><F114/><W127/><G118/><T21/><D77/><U33/><E31/><V14/><F116/><W106/><G127/><T36/><D6/><U4/><E33/><V74/><F108/><W81/><G135/><T64/><D111/><U70/><E70/><V46/><F131/><W119/><G119/><T60/><D23/><U132/><E42/><V90/><F2/><W13/><G89/><T3/><D3/><U37/><E48/><V61/><F46/><N who="0" m="17418" /><D36/><U99/><E37/><V44/><F44/><N who="3" m="25743" /><G106/><T7/><D7/><U30/><E85/><V71/><F71/><W51/><G51/><T123/><D123/><U40/><E40/><V129/><F129/><W125/><G107/><T98/><D68/><U58/><E104/><V54/><F54/><W78/><G125/><T28/><D28/><U120/><E120/><V35/><F35/><W109/><G109/><T86/><D86/><U134/><E30/><V101/><F25/><AGARI ba="2,1" hai="4,9,15,24,25,27,50,52,58,96,99,132,133,134" machi="25" ten="40,2600,0" yaku="20,1,54,1" doraHai="122" who="1" fromWho="2" sc="219,0,219,42,219,-32,333,0" /><INIT seed="5,0,0,5,0,66" ten="219,261,187,333" oya="1" hai0="132,63,127,108,28,27,48,18,14,31,126,46,85" hai1="88,1,80,96,19,92,86,62,107,93,78,98,129" hai2="43,42,76,4,17,59,134,40,12,130,60,99,110" hai3="44,39,5,120,133,16,109,67,6,77,116,82,41"/><U57/><E1/><V38/><F130/><W10/><G109/><T0/><D108/><U72/><E129/><V121/><F110/><W128/><G128/><T81/><D63/><U29/><E29/><V69/><F121/><W34/><G120/><T51/><D0/><U71/><E71/><V64/><F134/><W47/><G133/><T87/><D132/><U103/><E19/><V135/><F135/><W20/><G34/><T89/><D85/><N who="1" m="52239" /><E57/><V65/><F76/><W74/><G47/><T91/><D91/><N who="1" m="55359" /><E62/><V84/><F84/><AGARI ba="0,0" hai="72,78,80,84,86,98,103,107" m="55359,52239" machi="84" ten="30,18000,2" yaku="24,1,35,5,54,1" doraHai="66" who="1" fromWho="2" sc="219,0,261,180,187,-180,333,0" /><INIT seed="5,1,0,1,2,9" ten="219,441,7,333" oya="1" hai0="12,17,3,111,116,110,134,33,82,84,95,72,101" hai1="1,85,10,34,22,14,86,15,19,125,25,129,52" hai2="48,43,28,108,128,87,41,102,56,32,13,26,0" hai3="124,100,31,60,88,132,78,24,50,99,74,44,94"/><U90/><E125/><V118/><F0/><W18/><G124/><T93/><D3/><U81/><E129/><V45/><F108/><W35/><G132/><T96/><D33/><U121/><E121/><V127/><F118/><W76/><G60/><T30/><D116/><U54/><E34/><V8/><F127/><W68/><G68/><T38/><D30/><U62/><E62/><V103/><F128/><W83/><G18/><T114/><D38/><U27/><E1/><V64/><F41/><W71/><G71/><T97/><D72/><U67/><E67/><V70/><F70/><W7/><G7/><T29/><D29/><U112/><E112/><V107/><F107/><W91/><REACH who="3" step="1"/><G78/><REACH who="3" ten="219,441,7,323" step="2"/><T115/><D134/><U59/><E27/><V6/><F87/><W53/><AGARI ba="1,1" hai="24,31,35,44,50,53,74,76,83,88,91,94,99,100" machi="53" ten="20,8000,1" yaku="1,1,2,1,0,1,7,1,54,1,53,0" doraHai="9" doraHaiUra="131" who="3" fromWho="3" sc="219,-21,441,-41,7,-21,323,93" owari="198,-20.0,400,20.0,-14,-51.0,416,51.0" /></mjloggm>