<mjloggm ver="2.3"><GO type="169" lobby="0"/><UN n0="%EF%BC%88%E2%89%A7%E2%96%BD%E2%89%A6%EF%BC%89" n1="%E3%81%B9%E3%81%A3%E3%81%93%E3%83%BC%E2%99%AA" n2="%E6%B0%97%E6%A5%BD%E3%81%AB%E6%89%93%E3%81%A4" n3="%EF%BC%BC%28%EF%BC%BE%6F%EF%BC%BE%29%EF%BC%8F%E2%98%85" dan="17,17,16,17" rate="2123.58,2157.76,2138.74,2118.62" sx="M,F,M,M"/><TAIKYOKU oya="0"/><INIT seed="0,0,0,3,4,117" ten="250,250,250,250" oya="0" hai0="56,106,40,105,0,122,68,17,59,24,5,47,7" hai1="23,78,65,38,46,76,100,37,121,98,97,32,120" hai2="18,99,45,8,115,72,14,42,34,90,50,109,60" hai3="81,131,102,130,127,89,52,57,132,126,93,84,113"/><T53/><D68/><U13/><E32/><V35/><F115/><W2/><G2/><T124/><D124/><N who="3" m="47657" /><G113/><T108/><D108/><U91/><E65/><V74/><F109/><W27/><G27/><T69/><D69/><U82/><E91/><V128/><F128/><N who="3" m="49195" /><G102/><T20/><D0/><U49/><E13/><V70/><F34/><W95/><G132/><T96/><D24/><U63/><E100/><V67/><REACH who="2" step="1"/><F35/><REACH who="2" ten="250,250,240,250" step="2"/><W83/><G83/><T88/><D105/><U48/><E82/><V87/><F87/><W116/><G116/><T129/><D106/><U119/><E119/><V1/><F1/><W103/><G103/><T43/><D129/><U64/><E76/><V85/><F85/><W29/><G29/><T3/><D3/><U44/><E78/><V39/><F39/><W54/><G54/><T79/><D53/><U71/><E97/><V101/><F101/><W134/><G134/><T118/><D79/><U30/><E98/><V15/><F15/><W10/><G10/><T26/><D96/><U51/><E37/><V61/><F61/><AGARI ba="0,1" hai="52,57,61,81,84,89,93,95" m="49195,47657" machi="61" ten="30,3900,0" yaku="18,1,19,1,54,1" doraHai="117" who="3" fromWho="2" sc="250,0,250,0,240,-39,250,49" /><INIT seed="1,0,0,4,3,0" ten="250,250,201,299" oya="1" hai0="31,127,71,1,50,26,116,74,105,53,84,78,24" hai1="35,130,120,60,75,11,17,6,10,129,8,14,93" hai2="28,16,15,45,49,7,13,108,65,96,104,38,36" hai3="119,62,125,76,92,89,101,25,56,99,5,128,90"/><U107/><E107/><V98/><F108/><W61/><G119/><T33/><D105/><U4/><E75/><V103/><F28/><W64/><G125/><T131/><D71/><U86/><E120/><V9/><F65/><W135/><G135/><T46/><D116/><U67/><E35/><V91/><F96/><W126/><G126/><T52/><D127/><U121/><E121/><V132/><F132/><W40/><G128/><N who="1" m="49258" /><E93/><V82/><F91/><W12/><G40/><T44/><D74/><U85/><E85/><V112/><F82/><W48/><G48/><T87/><D131/><U47/><E47/><V114/><F114/><W58/><G76/><T21/><D1/><U57/><E86/><V32/><F32/><W133/><G25/><T63/><D78/><U37/><E37/><V94/><F104/><W117/><G117/><T68/><D44/><U134/><E134/><V54/><REACH who="2" step="1"/><F112/><REACH who="2" ten="250,250,191,299" step="2"/><W113/><G113/><T100/><D33/><U97/><E97/><V110/><F110/><W83/><G83/><T23/><D100/><U29/><E29/><V22/><AGARI ba="0,1" hai="7,9,13,15,16,22,36,38,45,49,54,94,98,103" machi="22" ten="20,8000,1" yaku="1,1,0,1,7,1,52,1,54,1,53,0" doraHai="0" doraHaiUra="27" who="2" fromWho="2" sc="250,-20,250,-40,191,90,299,-20" /><INIT seed="2,0,0,4,5,41" ten="230,210,281,279" oya="2" hai0="47,29,65,117,84,30,101,32,123,55,98,49,114" hai1="52,2,22,58,0,27,44,51,40,109,70,115,71" hai2="113,69,48,82,13,130,132,42,60,77,104,20,72" hai3="133,126,57,135,94,53,35,25,112,15,120,89,121"/><V124/><F113/><W31/><G112/><T56/><D123/><U105/><E115/><V36/><F124/><W88/><G126/><T18/><D114/><U90/><E105/><V33/><F132/><N who="3" m="50763" /><G15/><T83/><D117/><U95/><E109/><V127/><F127/><W86/><G89/><T12/><D32/><U11/><E11/><V128/><F33/><W74/><G74/><T54/><D65/><U87/><E0/><V78/><F78/><W134/><N who="3" m="50771" /><W38/><DORA hai="131" /><G38/><T103/><D103/><U1/><E1/><V85/><F36/><W111/><G111/><T26/><D101/><U19/><REACH who="1" step="1"/><E2/><REACH who="1" ten="230,200,281,279" step="2"/><V34/><F128/><W66/><G66/><T3/><D3/><U61/><AGARI ba="0,1" hai="19,22,27,40,44,51,52,58,61,70,71,87,90,95" machi="61" ten="20,12000,2" yaku="1,1,2,1,0,1,7,1,52,1,54,1,53,0" doraHai="41,131" doraHaiUra="116,24" who="1" fromWho="1" sc="230,-30,200,130,281,-60,279,-30" /><INIT seed="3,0,0,1,0,44" ten="200,330,221,249" oya="3" hai0="22,108,103,1,132,46,87,51,48,41,11,116,97" hai1="135,60,106,74,2,23,52,47,64,111,29,13,49" hai2="38,59,134,42,122,3,128,112,68,81,131,129,89" hai3="124,118,25,5,101,20,98,71,119,28,114,90,18"/><W72/><G114/><T57/><D116/><U61/><E74/><V109/><F112/><W63/><G72/><T65/><D108/><U88/><E2/><V99/><F109/><W32/><G124/><T86/><D132/><U107/><E111/><V4/><F134/><W9/><G90/><T130/><D130/><U43/><E135/><V83/><F68/><W133/><G133/><T96/><D1/><U94/><E60/><V79/><F122/><W56/><G71/><T58/><D11/><U92/><E92/><N who="2" m="56719" /><F79/><W54/><G9/><T123/><D123/><U121/><E121/><V113/><F113/><W100/><G5/><T127/><D127/><U15/><E106/><V67/><F3/><W24/><REACH who="3" step="1"/><G100/><REACH who="3" ten="200,330,221,239" step="2"/><T21/><D103/><U7/><E7/><V78/><F4/><W77/><G77/><T82/><D82/><U27/><E107/><AGARI ba="0,1" hai="18,20,24,25,28,32,54,56,63,98,101,107,118,119" machi="107" ten="30,2900,0" yaku="1,1,7,1,53,0" doraHai="44" doraHaiUra="76" who="3" fromWho="1" sc="200,0,330,-29,221,0,239,39" /><INIT seed="3,1,0,2,3,72" ten="200,301,221,278" oya="3" hai0="50,33,28,102,46,8,3,39,103,82,108,25,40" hai1="135,101,112,120,32,29,62,1,17,36,75,95,71" hai2="83,134,111,9,126,63,31,53,16,0,132,5,49" hai3="133,26,99,123,88,77,27,93,4,52,116,12,131"/><W92/><G116/><T91/><D108/><U44/><E112/><V18/><F111/><W128/><G123/><T117/><D117/><U24/><E1/><V43/><F126/><W73/><G133/><N who="2" m="51305" /><F31/><W14/><G92/><T107/><D107/><U23/><E135/><V11/><F11/><N who="3" m="4199" /><G14/><T54/><D91/><U109/><E75/><V80/><F43/><W129/><G52/><T6/><REACH who="0" step="1"/><D82/><AGARI ba="1,0" hai="26,27,73,77,82,88,93,99,128,129,131" m="4199" machi="82" ten="30,5800,0" yaku="19,1,52,1,54,1" doraHai="72" who="3" fromWho="0" sc="200,-61,301,0,221,0,278,61" /><INIT seed="3,2,0,2,5,3" ten="139,301,221,339" oya="3" hai0="28,64,85,134,51,35,97,66,8,116,45,121,44" hai1="70,21,29,96,119,50,91,133,0,80,67,10,26" hai2="42,54,34,48,76,104,98,27,37,39,124,132,43" hai3="79,93,58,56,129,92,36,117,111,125,53,32,19"/><W120/><G120/><T135/><D121/><U38/><E38/><V81/><F124/><W52/><G117/><T73/><D73/><U88/><E133/><N who="0" m="50697" /><D116/><U105/><E119/><V5/><F132/><W122/><G122/><T110/><D85/><U100/><E80/><V123/><F123/><W2/><G2/><T103/><D110/><U61/><E50/><V33/><F48/><W17/><G32/><T49/><D28/><U126/><E126/><V89/><F81/><W24/><G125/><T40/><D35/><N who="1" m="20919" /><E0/><V47/><F76/><W83/><G36/><T99/><D8/><U63/><E63/><V41/><F39/><W106/><G106/><N who="0" m="63855" /><D99/><U84/><E84/><V55/><F98/><W102/><G111/><T87/><D87/><U131/><E131/><V20/><F37/><W11/><G11/><T30/><D30/><U57/><E10/><V86/><F86/><N who="3" m="48511" /><G129/><T14/><D14/><U23/><E57/><N who="3" m="22122" /><G102/><T69/><D69/><U16/><E23/><V22/><F20/><N who="3" m="13327" /><G19/><T62/><D62/><U108/><E108/><V7/><F33/><W82/><G82/><T25/><D25/><AGARI ba="2,0" hai="16,21,25,61,67,70,88,91,96,100,105" m="20919" machi="25" ten="30,3900,0" yaku="25,1,54,2" doraHai="3" who="1" fromWho="0" sc="139,-45,301,45,221,0,339,0" /><INIT seed="4,0,0,2,2,42" ten="94,346,221,339" oya="0" hai0="82,31,104,27,51,128,15,102,98,50,94,56,37" hai1="48,12,90,135,24,64,116,76,88,85,18,13,124" hai2="100,115,109,52,21,75,86,107,32,53,113,40,96" hai3="70,61,10,125,81,11,65,62,25,39,131,97,3"/><T123/><D123/><U80/><E116/><V77/><F109/><W78/><G39/><T9/><D128/><U105/><E105/><V91/><F32/><W30/><G131/><T2/><D2/><U35/><E124/><V134/><F134/><W19/><G125/><T110/><D37/><U23/><E135/><V8/><F8/><W120/><G120/><T66/><D110/><U45/><E64/><V0/><F0/><W79/><G19/><T133/><D133/><U17/><E35/><V38/><F21/><W22/><G3/><T132/><D132/><U59/><E59/><V14/><F14/><N who="1" m="5737" /><E18/><V118/><F118/><W119/><G119/><T28/><D104/><U34/><E34/><V63/><F75/><W129/><G129/><T20/><D82/><U112/><E112/><N who="2" m="43083" /><F63/><W103/><G62/><N who="0" m="38215" /><D31/><U58/><E58/><V49/><F38/><W93/><G79/><T89/><D89/><U74/><E74/><AGARI ba="0,0" hai="10,11,22,25,30,61,65,70,74,78,81,93,97,103" machi="74" ten="30,1000,0" yaku="7,1" doraHai="42" who="3" fromWho="1" sc="94,0,346,-10,221,0,339,10" /><INIT seed="5,0,0,2,1,30" ten="94,336,221,349" oya="1" hai0="3,71,23,38,117,8,122,2,0,58,101,25,24" hai1="121,135,124,49,70,48,54,133,86,1,47,112,5" hai2="14,83,120,118,131,66,127,90,52,78,103,50,28" hai3="89,46,99,31,115,44,125,119,100,57,108,59,6"/><U51/><E121/><V9/><F120/><W55/><G119/><T82/><D122/><U16/><E70/><V104/><F118/><W73/><G73/><T56/><D117/><U107/><E107/><V60/><F127/><W21/><G108/><T53/><D71/><U129/><E124/><V94/><F131/><W63/><G125/><T92/><D38/><U130/><E112/><V32/><F104/><W84/><G115/><T42/><D42/><U116/><E116/><V105/><F105/><W64/><G6/><T35/><D82/><U20/><E1/><V80/><F103/><W111/><G111/><T68/><D68/><U109/><E86/><V95/><F28/><W61/><G99/><T81/><D81/><U126/><E5/><V93/><F32/><W98/><G98/><T39/><D39/><U76/><E76/><V13/><F90/><W11/><G11/><T123/><D123/><U87/><E87/><N who="2" m="48535" /><F83/><N who="3" m="49311" /><G100/><T34/><D8/><U62/><E109/><V77/><F77/><W36/><G36/><T75/><D75/><U114/><E114/><V37/><F37/><W79/><G79/><T72/><D72/><U43/><E126/><V128/><F128/><N who="1" m="49257" /><E133/><V12/><F9/><W7/><G7/><T40/><D101/><U18/><E135/><V102/><F102/><W10/><G10/><T19/><D92/><U97/><E97/><V22/><F95/><W27/><AGARI ba="0,0" hai="21,27,31,44,46,55,57,59,61,63,64" m="49311" machi="27" ten="30,1100,0" yaku="8,1" doraHai="30" who="3" fromWho="3" sc="94,-3,336,-5,221,-3,349,11" /><INIT seed="6,0,0,1,3,45" ten="91,331,218,360" oya="2" hai0="6,77,27,13,111,64,56,23,32,125,14,33,97" hai1="118,2,109,130,135,58,57,133,81,15,121,93,54" hai2="79,48,72,43,91,84,4,21,30,126,134,105,131" hai3="83,61,34,50,3,7,107,49,132,63,39,62,87"/><V101/><F126/><W96/><G39/><T94/><D111/><U55/><E2/><V41/><F134/><N who="1" m="51209" /><E118/><V40/><F131/><W115/><G132/><T122/><D122/><U46/><E109/><V67/><F67/><W37/><G37/><T128/><D128/><U86/><E93/><V129/><F129/><W124/><G34/><T31/><D125/><U127/><E127/><V51/><F4/><W106/><G124/><T102/><D77/><N who="1" m="46383" /><E121/><V16/><F72/><W70/><G70/><T78/><D78/><U110/><E110/><V19/><F79/><W123/><G123/><T65/><D65/><U92/><E92/><N who="2" m="54375" /><F101/><W42/><G42/><N who="2" m="10753" /><V112/><DORA hai="80" /><F105/><W88/><G115/><T66/><D66/><U12/><E130/><V1/><F1/><W47/><G47/><T60/><REACH who="0" step="1"/><D6/><REACH who="0" ten="81,331,218,360" step="2"/><U24/><E46/><V89/><F112/><W73/><G7/><T10/><D10/><U8/><E8/><V22/><F89/><W36/><G88/><T11/><D11/><U76/><E76/><V82/><F82/><W117/><G83/><T104/><D104/><U35/><E58/><V103/><F103/><W119/><G107/><T71/><D71/><U75/><E57/><V90/><F90/><W116/><G106/><T95/><D95/><U53/><E75/><V17/><F30/><AGARI ba="0,1" hai="12,15,24,30,35,53,54,55" m="46383,51209" machi="30" ten="30,2000,0" yaku="20,1,52,1" doraHai="45,80" who="1" fromWho="2" sc="81,0,331,30,218,-20,360,0" /><INIT seed="7,0,0,3,3,125" ten="81,361,198,360" oya="3" hai0="104,113,129,120,59,77,124,127,17,60,25,68,3" hai1="107,123,105,28,86,94,13,126,48,45,89,133,135" hai2="122,20,102,53,0,70,115,93,14,36,100,121,63" hai3="42,39,79,98,32,61,1,101,96,50,52,106,119"/><W75/><G119/><T18/><D104/><U2/><E2/><V44/><F0/><W66/><G1/><T29/><D77/><U110/><E110/><V99/><F115/><W31/><G96/><T81/><D81/><U34/><E123/><N who="2" m="47115" /><F102/><W38/><G42/><T54/><D113/><U131/><E131/><V116/><F116/><W55/><G79/><T73/><D73/><U71/><E71/><V91/><F100/><W23/><G23/><T69/><D120/><U4/><E126/><V5/><F5/><W103/><G103/><T47/><D3/><U22/><E34/><V21/><F14/><W84/><G84/><T118/><D118/><U90/><E90/><V49/><F36/><N who="3" m="13867" /><G75/><T111/><D129/><U132/><E4/><V24/><F24/><N who="3" m="18535" /><G50/><T117/><D117/><U43/><E13/><V88/><F91/><W87/><G87/><T16/><D111/><U82/><E94/><V67/><AGARI ba="0,0" hai="20,21,44,49,53,63,67,70,88,93,99" m="47115" machi="67" ten="30,2000,0" yaku="13,1,54,1" doraHai="125" who="2" fromWho="2" sc="81,-5,361,-5,198,20,360,-10" owari="76,-42.0,356,45.0,218,-18.0,350,15.0" /></mjloggm>