<mjloggm ver="2.3"><GO type="169" lobby="0"/><UN n0="%E3%82%88%E3%81%8A%E3%81%96%E3%82%93" n1="%EF%BC%88%E2%89%A7%E2%96%BD%E2%89%A6%EF%BC%89" n2="%E3%82%AF%E3%83%AC%E3%82%A2" n3="%40%64%6F%63%6F%6D%6F" dan="16,17,16,16" rate="2049.84,2173.92,2088.10,2101.82" sx="M,M,M,M"/><TAIKYOKU oya="0"/><INIT seed="0,0,0,0,3,132" ten="250,250,250,250" oya="0" hai0="81,80,32,95,18,113,22,45,98,102,8,120,124" hai1="23,27,67,90,65,91,0,21,53,9,55,47,24" hai2="126,123,31,7,6,121,108,103,30,33,96,70,131" hai3="99,109,52,85,66,111,60,5,54,88,107,73,16"/><T92/><D120/><U59/><E0/><V130/><F70/><W40/><G73/><T58/><D113/><U105/><E105/><V2/><F108/><N who="3" m="41547" /><G5/><T77/><D32/><U26/><E9/><V63/><F63/><W34/><G40/><T94/><D8/><U43/><E43/><V79/><F79/><W51/><G51/><T29/><D29/><U101/><E59/><V36/><F36/><W56/><G34/><T57/><D45/><U133/><E101/><V17/><F17/><W19/><G99/><T112/><D112/><U72/><E72/><V117/><F117/><W50/><G107/><T35/><D35/><U125/><E133/><V42/><F42/><W25/><G25/><T37/><D37/><U10/><E26/><V12/><F12/><W62/><G62/><T76/><D76/><U69/><E69/><V75/><F75/><W118/><G54/><T119/><D119/><U129/><E10/><V68/><F68/><N who="3" m="42055" /><G118/><T89/><D58/><U71/><E71/><V41/><F41/><W128/><G128/><T1/><D1/><U15/><E129/><V49/><F49/><W114/><G114/><T11/><D57/><U87/><E47/><V86/><F33/><W78/><G78/><T106/><D77/><U97/><E15/><V14/><F14/><W48/><G48/><T13/><D106/><U104/><E104/><V110/><F110/><W38/><G38/><T122/><D98/><U135/><E135/><V83/><F96/><W4/><G4/><T39/><D13/><U115/><E115/><V64/><F7/><W61/><G50/><RYUUKYOKU ba="0,0" sc="250,-10,250,-10,250,-10,250,30" hai3="16,19,52,56,61,85,88" /><INIT seed="1,1,0,2,3,78" ten="240,240,240,280" oya="1" hai0="88,62,74,95,68,56,17,92,10,100,83,130,133" hai1="60,123,15,0,51,39,13,55,45,28,112,11,110" hai2="5,54,53,79,75,77,31,2,105,103,108,6,97" hai3="38,42,94,26,106,59,61,1,98,102,34,32,122"/><U18/><E123/><V33/><F108/><W40/><G122/><T132/><D68/><U87/><E112/><V73/><F31/><W90/><G1/><T99/><D130/><U67/><E110/><V72/><F33/><W22/><G38/><T114/><D114/><U16/><E0/><V127/><F127/><W69/><G69/><T23/><D10/><U57/><E28/><V119/><F119/><W84/><G34/><T25/><D74/><U134/><E134/><V49/><F2/><W30/><G32/><T115/><D115/><U46/><E87/><V7/><REACH who="2" step="1"/><F54/><AGARI ba="1,0" hai="22,26,30,40,42,54,59,61,84,90,94,98,102,106" machi="54" ten="30,1000,0" yaku="7,1" doraHai="78" who="3" fromWho="2" sc="240,0,240,0,240,-13,280,13" /><INIT seed="2,0,0,3,1,89" ten="240,240,227,293" oya="2" hai0="13,110,126,6,135,15,77,2,26,108,111,70,46" hai1="55,125,11,117,79,27,12,118,17,20,73,9,82" hai2="74,115,44,10,23,32,48,96,43,127,93,62,78" hai3="4,75,38,104,16,45,56,39,8,103,51,76,124"/><V34/><F115/><W24/><G124/><T121/><D121/><U81/><E125/><V25/><F127/><W113/><G113/><T107/><D126/><U85/><E9/><V22/><F10/><W7/><G56/><T99/><D70/><U100/><E100/><V66/><F22/><W64/><G64/><T3/><D135/><U120/><E55/><V29/><F78/><W90/><G90/><T91/><D77/><U50/><E50/><V59/><REACH who="2" step="1"/><F74/><REACH who="2" ten="240,240,217,293" step="2"/><W106/><G76/><T40/><D108/><U30/><E120/><V54/><F54/><W129/><G8/><T58/><D110/><U132/><E132/><V97/><F97/><W116/><G75/><T83/><D111/><U0/><E0/><V123/><F123/><W105/><G116/><T68/><D99/><U92/><E118/><V37/><F37/><W47/><G39/><T57/><D3/><U63/><E117/><V35/><F35/><W28/><G38/><T21/><D2/><U133/><E133/><V109/><F109/><W95/><G105/><T5/><D107/><U119/><E119/><V94/><F94/><W114/><G95/><T87/><D21/><U131/><E92/><V42/><F42/><W53/><G106/><T128/><D83/><U61/><E81/><V49/><F49/><W84/><G53/><T31/><D40/><U33/><E33/><V72/><F72/><W130/><G51/><T36/><D36/><U134/><E134/><V67/><F67/><W14/><G104/><T80/><D80/><U69/><E73/><V1/><F1/><W102/><G114/><RYUUKYOKU ba="0,1" sc="240,-10,240,-10,217,30,293,-10" hai2="23,25,29,32,34,43,44,48,59,62,66,93,96" /><INIT seed="2,1,1,1,0,93" ten="230,230,247,283" oya="2" hai0="85,14,33,113,127,125,107,122,118,28,46,103,51" hai1="12,53,124,24,132,3,63,56,45,8,25,82,70" hai2="67,98,119,30,7,36,60,91,44,6,66,94,112" hai3="43,15,48,27,65,109,23,42,1,92,102,80,79"/><V108/><F119/><W21/><G109/><T133/><D122/><U134/><E3/><V89/><F112/><W105/><G105/><T9/><D113/><U115/><E115/><V101/><F108/><W128/><G1/><T135/><D118/><U90/><E70/><V106/><F30/><W74/><G128/><T110/><D110/><U131/><E131/><V49/><F36/><W121/><G121/><T71/><D71/><U54/><E124/><V99/><F89/><W11/><G65/><T68/><D68/><U32/><E32/><V22/><F22/><W126/><G126/><N who="0" m="48139" /><D28/><U29/><E29/><V72/><F72/><W81/><G80/><T120/><D33/><U114/><E114/><V37/><F37/><W13/><G15/><T69/><D69/><U87/><E132/><V64/><REACH who="2" step="1"/><F60/><REACH who="2" ten="230,230,237,283" step="2"/><W34/><G23/><T2/><D120/><U10/><E134/><V73/><F73/><W84/><G34/><T57/><D133/><U38/><E38/><V4/><F4/><N who="3" m="3303" /><G74/><T61/><D135/><U130/><E130/><V96/><F96/><N who="3" m="59655" /><G48/><T83/><D51/><N who="1" m="28911" /><E8/><V58/><F58/><W97/><G97/><T88/><D9/><U41/><E10/><V100/><F100/><W86/><G84/><T104/><D103/><U19/><E87/><V16/><F16/><AGARI ba="1,2" hai="16,21,27,42,43,79,81,86" m="59655,3303" machi="16" ten="30,3900,0" yaku="8,1,52,1,54,1" doraHai="93" who="3" fromWho="2" sc="230,0,230,0,237,-42,283,62" /><INIT seed="3,0,0,3,5,7" ten="230,230,195,345" oya="3" hai0="72,64,82,63,12,39,29,121,122,73,128,25,130" hai1="108,17,54,6,8,84,88,1,87,89,52,113,68" hai2="33,78,24,36,57,28,79,81,9,58,116,4,110" hai3="30,21,14,100,127,34,124,129,95,38,13,69,85"/><W56/><G69/><T27/><D39/><U101/><E68/><V74/><F116/><W107/><G107/><T55/><D55/><U44/><E113/><V98/><F110/><W91/><G34/><T62/><D12/><N who="1" m="5143" /><E108/><V66/><F78/><W3/><G3/><T126/><D82/><N who="1" m="49175" /><E1/><V92/><F66/><W0/><G129/><T61/><D126/><U93/><E44/><V132/><F132/><W99/><G0/><T37/><D37/><U31/><E31/><V65/><F65/><W50/><G38/><T45/><D64/><U46/><E46/><V19/><F36/><W32/><G32/><T114/><D45/><U35/><E35/><V104/><F104/><W53/><G127/><T97/><D97/><N who="1" m="59567" /><E17/><V41/><F19/><W133/><G124/><T49/><D114/><U48/><E48/><V105/><F105/><W51/><G51/><T131/><D49/><U109/><E109/><V103/><REACH who="2" step="1"/><F41/><REACH who="2" ten="230,230,185,345" step="2"/><W16/><G133/><T90/><D29/><U42/><E42/><V102/><F102/><W11/><G30/><T135/><D135/><U2/><E2/><AGARI ba="0,1" hai="2,4,9,24,28,33,57,58,74,79,81,92,98,103" machi="2" ten="30,7700,0" yaku="1,1,7,1,52,1,53,1" doraHai="7" doraHaiUra="106" who="2" fromWho="1" sc="230,0,230,-77,185,87,345,0" /><INIT seed="4,0,0,0,1,98" ten="230,153,272,345" oya="0" hai0="113,3,23,24,70,19,109,103,12,4,95,53,65" hai1="8,48,46,85,59,105,30,81,10,124,117,37,51" hai2="54,132,97,87,100,32,41,84,17,33,116,99,121" hai3="78,34,76,123,92,129,18,128,127,75,28,71,25"/><T94/><D109/><U38/><E105/><V26/><F121/><W125/><G123/><T88/><D113/><U91/><E117/><V104/><F116/><W1/><G1/><T47/><D3/><U130/><E124/><V122/><F122/><W39/><G39/><T89/><D70/><U43/><E130/><N who="3" m="50282" /><G71/><T21/><D65/><U67/><E30/><V63/><F132/><W27/><G92/><T50/><D94/><U58/><E38/><V44/><F97/><W11/><G75/><T57/><D47/><U83/><E37/><V61/><F33/><W56/><G56/><T72/><D72/><U79/><E59/><V68/><F54/><W9/><G76/><T86/><D4/><U14/><E14/><V64/><F63/><W80/><G78/><T49/><D89/><U16/><E16/><V29/><REACH who="2" step="1"/><F17/><REACH who="2" ten="230,153,262,345" step="2"/><W60/><G60/><N who="0" m="35887" /><D103/><U101/><E101/><V90/><F90/><W62/><G62/><T126/><D126/><U6/><E67/><V15/><F15/><W40/><G127/><T112/><D112/><U20/><E91/><V106/><F106/><W82/><G125/><T114/><D114/><U110/><E110/><V36/><AGARI ba="0,1" hai="26,29,32,36,41,44,61,64,68,84,87,99,100,104" machi="36" ten="20,12000,2" yaku="1,1,0,1,7,1,25,2,52,1,53,0" doraHai="98" doraHaiUra="135" who="2" fromWho="2" sc="230,-60,153,-30,262,130,345,-30" /><INIT seed="5,0,0,1,2,124" ten="170,123,392,315" oya="1" hai0="22,82,33,1,101,49,85,72,66,27,19,58,9" hai1="102,71,80,122,110,61,78,107,47,97,94,130,117" hai2="104,120,42,3,132,65,45,63,53,51,95,41,0" hai3="77,44,81,11,121,103,68,100,35,135,23,14,76"/><U125/><E122/><V26/><F104/><W29/><G121/><T96/><D72/><U36/><E117/><V87/><F132/><W93/><G35/><T40/><D33/><U17/><E125/><V16/><F120/><W105/><G68/><T126/><D126/><U50/><E110/><V30/><F3/><W59/><G105/><T32/><D32/><U52/><E36/><V38/><F0/><W13/><G135/><T131/><D1/><U64/><E17/><V39/><F42/><W123/><G44/><T48/><D9/><U43/><E130/><V106/><F106/><W119/><G76/><T112/><D112/><U98/><E43/><V89/><F16/><W34/><G34/><T2/><D2/><U133/><E133/><V46/><F26/><W75/><G75/><T86/><D86/><U54/><E54/><V99/><F30/><W73/><G73/><T6/><D6/><U25/><E25/><V108/><F108/><W7/><G29/><T10/><D10/><U92/><REACH who="1" step="1"/><E98/><REACH who="1" ten="170,113,392,315" step="2"/><V134/><F134/><W37/><G37/><T20/><D40/><U57/><E57/><V88/><F45/><W18/><G59/><T109/><D109/><U31/><E31/><V91/><F46/><W115/><G119/><T5/><D5/><U69/><E69/><V21/><F41/><W127/><G123/><T28/><D131/><U114/><E114/><V74/><F39/><W129/><G129/><T55/><D28/><U12/><E12/><V116/><F38/><W56/><G115/><T118/><D118/><U4/><E4/><V67/><F116/><RYUUKYOKU ba="0,1" sc="170,-10,113,30,392,-10,315,-10" hai1="47,50,52,61,64,71,78,80,92,94,97,102,107" /><INIT seed="5,1,1,5,0,112" ten="160,143,382,305" oya="1" hai0="90,21,63,134,12,28,79,40,47,65,116,80,62" hai1="99,81,13,50,86,113,111,33,127,7,87,108,125" hai2="73,49,67,70,106,92,98,39,8,24,41,1,75" hai3="42,53,82,15,59,78,44,129,133,95,114,56,94"/><U97/><E33/><V3/><F49/><W76/><G114/><T5/><D134/><U43/><E113/><V57/><F57/><W26/><G133/><T93/><D63/><U89/><E7/><V117/><F24/><W61/><G129/><T96/><D28/><U23/><E23/><V64/><F92/><W110/><G110/><N who="1" m="42026" /><E13/><V118/><F41/><W105/><G59/><T2/><D2/><U130/><E43/><V14/><F39/><W25/><G105/><T34/><D34/><U29/><E29/><V10/><F98/><N who="1" m="37385" /><E50/><V122/><F14/><W128/><G128/><T37/><D21/><U83/><E130/><V31/><F31/><W120/><G15/><T71/><D12/><U16/><E16/><V115/><F115/><W101/><G25/><T66/><D66/><U124/><E89/><V132/><F132/><W126/><G26/><T88/><D5/><U20/><E20/><V109/><F109/><W30/><G42/><T100/><REACH who="0" step="1"/><D116/><REACH who="0" ten="150,143,382,305" step="2"/><U54/><E54/><V11/><F117/><W48/><G53/><T123/><D123/><U84/><AGARI ba="1,2" hai="81,83,84,86,87,124,125,127" m="37385,42026" machi="84" ten="40,18000,2" yaku="28,2,18,1,10,1,34,2" doraHai="112" who="1" fromWho="1" sc="150,-61,143,203,382,-61,305,-61" /><INIT seed="5,2,0,1,3,11" ten="89,346,321,244" oya="1" hai0="103,23,16,8,53,63,109,127,120,22,60,57,85" hai1="96,131,81,37,58,62,86,114,20,83,29,77,129" hai2="97,113,84,39,123,17,72,5,66,46,18,71,95" hai3="19,1,79,65,48,43,64,55,73,89,12,24,0"/><U32/><E37/><V87/><F123/><W121/><G121/><T80/><D120/><U3/><E32/><V31/><F72/><W40/><G24/><T36/><D36/><U35/><E35/><V110/><F110/><W44/><G0/><T82/><D109/><U6/><E114/><V128/><F113/><W13/><G1/><T30/><D127/><U90/><E3/><V51/><F128/><N who="1" m="49225" /><E6/><V102/><F5/><W50/><G79/><T52/><D103/><U74/><E96/><V56/><F71/><W99/><G73/><T75/><D75/><U116/><E116/><V105/><F105/><W118/><G118/><T25/><D8/><U67/><E20/><V10/><F31/><AGARI ba="2,0" hai="29,31,58,62,67,74,77,81,83,86,90" m="49225" machi="31" ten="30,1500,0" yaku="19,1" doraHai="11" who="1" fromWho="2" sc="89,0,346,21,321,-21,244,0" /><INIT seed="5,3,0,4,3,18" ten="89,367,300,244" oya="1" hai0="24,36,68,120,38,28,37,86,85,88,51,27,71" hai1="45,17,97,11,69,52,118,122,3,98,34,128,64" hai2="56,112,80,22,41,19,110,21,67,87,54,109,55" hai3="20,79,116,114,32,125,96,81,106,104,84,46,40"/><U14/><E122/><V89/><F112/><W90/><G32/><T47/><D120/><U77/><E118/><V105/><F105/><W124/><G116/><T10/><D10/><U31/><E128/><V126/><F126/><N who="3" m="48747" /><G114/><T63/><D86/><U26/><E77/><V70/><F41/><W49/><G20/><T62/><D62/><U2/><E64/><V13/><F54/><W53/><G40/><T25/><D28/><U43/><E69/><V92/><F80/><N who="3" m="49415" /><G96/><T94/><REACH who="0" step="1"/><D63/><REACH who="0" ten="79,367,300,244" step="2"/><U113/><E113/><V130/><F130/><W129/><G129/><T73/><D73/><AGARI ba="3,1" hai="46,49,53,73,79,81,104,106" m="49415,48747" machi="73" ten="30,1000,0" yaku="18,1" doraHai="18" who="3" fromWho="0" sc="79,-19,367,0,300,0,244,29" /><INIT seed="6,0,0,0,2,5" ten="60,367,300,273" oya="2" hai0="52,15,60,70,50,66,115,39,100,72,80,122,30" hai1="44,106,84,90,21,19,23,24,58,55,63,83,67" hai2="22,6,8,61,97,27,40,2,123,54,43,18,82" hai3="94,46,32,99,133,96,37,105,124,9,26,17,86"/><V113/><F123/><W33/><G105/><T107/><D122/><U108/><E108/><V13/><F113/><W4/><G124/><T3/><D3/><U85/><E106/><V135/><F135/><W126/><G126/><T81/><D115/><U25/><E84/><V121/><F121/><W35/><G133/><T79/><D39/><U0/><E0/><V131/><F131/><W76/><G17/><T68/><D68/><U49/><E23/><V75/><F97/><W11/><G26/><AGARI ba="0,0" hai="19,21,24,25,26,44,49,55,58,63,67,83,85,90" machi="26" ten="30,2000,0" yaku="7,1,8,1" doraHai="5" who="1" fromWho="3" sc="60,0,367,20,300,0,273,-20" /><INIT seed="7,0,0,1,3,4" ten="60,387,300,253" oya="3" hai0="84,133,130,48,34,77,20,40,31,71,53,10,119" hai1="81,90,0,123,37,82,106,94,39,29,17,99,79" hai2="135,126,70,23,35,67,92,22,108,96,52,91,83" hai3="86,101,121,1,100,41,134,7,87,63,56,58,18"/><W66/><G121/><T78/><D20/><U97/><E123/><V3/><F108/><W131/><G41/><T120/><D84/><U21/><E0/><V14/><F35/><W44/><G44/><T19/><D19/><U93/><E106/><V72/><F3/><W75/><G75/><T88/><D40/><U68/><E68/><V114/><F114/><W85/><G131/><T26/><D88/><N who="1" m="55463" /><E37/><V15/><F126/><W115/><G115/><T69/><D78/><U102/><E39/><V105/><F135/><W127/><G127/><T107/><D77/><U38/><E38/><V112/><F112/><W54/><G134/><T2/><D48/><U25/><E102/><V118/><F118/><W74/><G74/><T8/><D53/><U122/><E122/><V129/><F129/><W60/><REACH who="3" step="1"/><G18/><REACH who="3" ten="60,387,300,243" step="2"/><T51/><D51/><U57/><E17/><V28/><F72/><W46/><G46/><T59/><D120/><U30/><E30/><V76/><F28/><W111/><G111/><T47/><D31/><U36/><E36/><V61/><F105/><W32/><G32/><T42/><D107/><U109/><E109/><V124/><F124/><W11/><AGARI ba="0,1" hai="1,7,11,54,56,58,60,63,66,85,86,87,100,101" machi="11" ten="30,12000,1" yaku="1,1,0,1,52,1,53,2" doraHai="4" doraHaiUra="98" who="3" fromWho="3" sc="60,-40,387,-40,300,-40,243,130" owari="20,-48.0,347,15.0,260,-14.0,373,47.0" /></mjloggm>