<mjloggm ver="2.3"><GO type="169"/><UN n0="%EF%BC%88%E2%89%A7%E2%96%BD%E2%89%A6%EF%BC%89" n1="%E3%81%A7%E3%81%93%E3%81%98" n2="%65%69%63%68%69%72%6F" n3="%E3%81%8A%EF%BC%81%E3%81%AA%E3%81%AB%EF%BD%9E%EF%BC%9F" dan="18,16,16,16" rate="2231,2147,2037,2139" sx="M,M,M,M"/><TAIKYOKU oya="0"/><INIT seed="0,0,0,1,4,64" ten="250,250,250,250" oya="0" hai0="69,88,72,77,103,42,84,17,26,104,14,13,109" hai1="7,2,122,106,94,116,53,100,10,114,83,40,124" hai2="107,74,6,39,86,23,85,127,48,61,68,96,56" hai3="52,30,121,21,115,41,95,24,134,76,119,49,1"/><T120/><D120/><U60/><E122/><V90/><F39/><W36/><G121/><T8/><D42/><U97/><E116/><V33/><F74/><W43/><G119/><T31/><D109/><U22/><E124/><V58/><F33/><W108/><G115/><T35/><D72/><U102/><E114/><V92/><F127/><W66/><G1/><T82/><D69/><U98/><E40/><V20/><F6/><W99/><G134/><T46/><D46/><U18/><E83/><V117/><F117/><W16/><G66/><T129/><D129/><U89/><E60/><V123/><F85/><W75/><G36/><T70/><D70/><U4/><E4/><V37/><F37/><W12/><G76/><T78/><REACH who="0" step="1"/><D13/><REACH who="0" ten="240,250,250,250" step="2"/><U15/><REACH who="1" step="1"/><E53/><REACH who="1" ten="240,240,250,250" step="2"/><N who="2" m="31783" /><F123/><W3/><G108/><T132/><D132/><U57/><E57/><V111/><F58/><N who="3" m="33039" /><G75/><T112/><D112/><U59/><E59/><V80/><F111/><W65/><G65/><T128/><D128/><U91/><AGARI ba="0,2" hai="2,7,10,15,18,22,89,91,94,97,98,100,102,106" machi="91" ten="30,2000,0" yaku="1,1,0,1,53,0" doraHai="64" doraHaiUra="47" who="1" fromWho="1" sc="240,-10,240,40,250,-5,250,-5" /><INIT seed="1,0,0,3,5,108" ten="230,280,245,245" oya="1" hai0="89,97,114,42,72,20,22,107,46,117,59,65,70" hai1="34,44,35,41,121,8,39,45,75,81,23,43,54" hai2="105,84,129,79,73,0,101,53,21,30,11,52,63" hai3="6,131,33,95,10,120,104,111,27,99,58,55,92"/><U48/><E121/><V83/><F129/><W51/><G120/><T49/><D72/><U96/><E96/><V100/><F84/><W69/><G111/><T16/><D117/><U37/><E23/><V74/><F74/><W7/><G69/><T12/><D70/><U47/><E8/><V133/><F133/><W24/><G131/><T130/><D130/><U116/><REACH who="1" step="1"/><E116/><REACH who="1" ten="230,270,245,245" step="2"/><V26/><F11/><W64/><G33/><T82/><D22/><U29/><E29/><V9/><F9/><W124/><G10/><T57/><D97/><U28/><E28/><V14/><F26/><W113/><G99/><T15/><D20/><U123/><E123/><V31/><F31/><W87/><G27/><T13/><D13/><U128/><E128/><V126/><F30/><W50/><G24/><T98/><D12/><U25/><E25/><V78/><F14/><W134/><G7/><T17/><D15/><U5/><E5/><V85/><F21/><W4/><G6/><T67/><D98/><U110/><E110/><V62/><F0/><W77/><G4/><T125/><D17/><U103/><E103/><V127/><F100/><W106/><G106/><T38/><D16/><U60/><E60/><V86/><F101/><W102/><G104/><T71/><D107/><U109/><E109/><V40/><F105/><W18/><G102/><T118/><D118/><U91/><E91/><V3/><F3/><W115/><G18/><T88/><D89/><U132/><E132/><V32/><F62/><W112/><G134/><T80/><D88/><U90/><E90/><V66/><F63/><RYUUKYOKU ba="0,1" sc="230,-10,270,30,245,-10,245,-10" hai1="34,35,37,39,41,43,44,45,47,48,54,75,81" /><INIT seed="1,1,1,4,3,66" ten="220,300,235,235" oya="1" hai0="57,46,6,37,1,30,99,29,41,128,76,102,54" hai1="109,45,49,35,32,129,88,31,36,105,97,126,111" hai2="116,22,23,106,107,85,130,7,14,72,0,48,84" hai3="73,17,61,3,114,26,79,42,110,70,134,55,120"/><U34/><E36/><V100/><F72/><W118/><G120/><T71/><D128/><U77/><E129/><V131/><F116/><W82/><G114/><T90/><D90/><U9/><E126/><V124/><F0/><W15/><G118/><T87/><D87/><U27/><E77/><V83/><F124/><W8/><G134/><T98/><D76/><U59/><E59/><V78/><F48/><W21/><G42/><T33/><D71/><U80/><E9/><V13/><F78/><W43/><G43/><T89/><D89/><U28/><E105/><V67/><F67/><W58/><G110/><N who="1" m="41994" /><E27/><V127/><F127/><W122/><G122/><T40/><D37/><U74/><E74/><V104/><F104/><W135/><G135/><T16/><D57/><U44/><E44/><V4/><F100/><W123/><G123/><T133/><D46/><U39/><E39/><V25/><F25/><W12/><G70/><T68/><D68/><U132/><E132/><V91/><F91/><W51/><G3/><T52/><D1/><U112/><E112/><V10/><F10/><W53/><G8/><T63/><D102/><U86/><E97/><V103/><F103/><W11/><G11/><T2/><D99/><U113/><E113/><V65/><F65/><W115/><G115/><T96/><D98/><U56/><E56/><AGARI ba="1,1" hai="12,15,17,21,26,51,53,55,56,58,61,73,79,82" machi="56" ten="30,1000,0" yaku="7,1" doraHai="66" who="3" fromWho="1" sc="220,0,300,-13,235,0,235,23" /><INIT seed="2,0,0,5,5,56" ten="220,287,235,258" oya="2" hai0="26,127,70,128,113,122,14,123,98,85,2,126,46" hai1="15,66,101,49,130,47,124,28,86,88,37,135,111" hai2="131,50,4,44,91,40,55,100,103,115,89,78,5" hai3="36,9,116,62,6,0,107,72,87,7,82,93,23"/><V25/><F115/><W95/><G107/><T53/><D2/><U52/><E111/><V31/><F131/><W16/><G116/><T8/><D98/><U74/><E74/><V63/><F78/><W117/><G72/><T112/><D85/><U118/><E118/><V105/><F105/><W12/><G36/><T119/><D119/><U104/><E130/><V42/><F42/><W99/><G117/><T27/><D70/><U35/><E37/><V77/><F77/><W41/><G41/><T33/><D53/><U109/><E109/><V32/><F100/><W125/><G7/><N who="0" m="3359" /><D46/><U3/><E3/><V64/><F103/><W133/><G133/><T34/><D128/><U11/><E135/><V43/><F43/><W39/><G39/><T22/><D27/><U68/><E124/><N who="0" m="47657" /><D113/><U48/><E48/><V19/><F19/><W132/><G125/><T10/><D10/><U80/><E101/><V134/><F134/><W94/><G132/><T120/><D112/><U75/><E75/><V60/><F40/><W59/><G99/><T110/><D110/><U92/><E104/><V13/><F5/><W1/><G1/><T17/><AGARI ba="0,0" hai="17,22,26,33,34,120,122,123" m="47657,3359" machi="17" ten="40,5200,0" yaku="18,1,34,2" doraHai="56" who="0" fromWho="0" sc="220,52,287,-13,235,-26,258,-13" /><INIT seed="3,0,0,2,2,1" ten="272,274,209,245" oya="3" hai0="84,65,4,29,25,125,114,81,112,102,74,37,77" hai1="60,32,0,88,116,35,62,53,6,42,94,17,95" hai2="124,46,45,50,21,39,89,90,34,113,123,129,5" hai3="12,19,132,58,105,44,131,85,106,93,27,128,120"/><W92/><G120/><T99/><D37/><U47/><E116/><V110/><F34/><W133/><G27/><T101/><D65/><U111/><E111/><V36/><F110/><W56/><G44/><T104/><D125/><U97/><E17/><V59/><F113/><N who="0" m="43626" /><D102/><U49/><E94/><N who="3" m="36458" /><G85/><T127/><D127/><U134/><E134/><N who="3" m="51818" /><G19/><T54/><D54/><U23/><E23/><V75/><F75/><W15/><G56/><T70/><D70/><U55/><E55/><V122/><F59/><W30/><G30/><T100/><D100/><U108/><E108/><V130/><F124/><W79/><G79/><T7/><D84/><U40/><E40/><V20/><F50/><W63/><G63/><T8/><D8/><U13/><E42/><V3/><F3/><W9/><G9/><T86/><D86/><U71/><E0/><V61/><F61/><W24/><G24/><T98/><D99/><U80/><E71/><V16/><F16/><W67/><G58/><T11/><D11/><N who="1" m="4343" /><E32/><AGARI ba="0,0" hai="4,7,25,29,32,74,77,81,98,101,104" m="43626" machi="32" ten="30,3900,0" yaku="11,1,52,2" doraHai="1" who="0" fromWho="1" sc="272,39,274,-39,209,0,245,0" /><INIT seed="4,0,0,4,3,48" ten="311,235,209,245" oya="0" hai0="116,82,41,39,111,78,91,97,127,37,64,14,110" hai1="123,61,118,131,85,53,32,120,77,130,80,45,55" hai2="33,29,22,69,35,128,16,21,1,26,23,43,46" hai3="129,117,74,67,25,68,109,0,125,126,76,15,93"/><T44/><D116/><U89/><E32/><V50/><F69/><W66/><G117/><T87/><D127/><U102/><E118/><V92/><F128/><N who="1" m="49193" /><E102/><V19/><F1/><W34/><G0/><T107/><D64/><U12/><E12/><V104/><F104/><W135/><G109/><N who="0" m="41483" /><D14/><U47/><E77/><V90/><REACH who="2" step="1"/><F33/><REACH who="2" ten="311,235,199,245" step="2"/><W71/><G71/><T3/><D3/><U88/><E120/><V5/><F5/><W113/><G129/><T103/><D39/><U134/><E123/><V2/><F2/><W84/><G68/><T124/><D124/><U101/><E134/><V65/><F65/><W81/><G135/><T18/><D37/><U40/><E101/><V36/><F36/><W38/><G38/><T54/><D103/><U122/><E122/><V112/><F112/><W13/><G113/><T63/><D107/><U119/><E119/><V83/><F83/><W94/><G125/><T108/><D82/><U28/><E80/><V7/><F7/><W52/><G126/><T8/><D108/><U58/><E28/><V9/><F9/><W98/><G67/><T24/><D8/><U20/><E20/><V42/><F42/><W56/><G66/><T59/><D41/><U49/><E85/><AGARI ba="0,1" hai="16,19,21,22,23,26,29,35,43,46,50,85,90,92" machi="85" ten="40,2600,0" yaku="1,1,54,1,53,0" doraHai="48" doraHaiUra="75" who="2" fromWho="1" sc="311,0,235,-26,199,36,245,0" /><INIT seed="5,0,0,1,3,39" ten="311,209,235,245" oya="1" hai0="84,11,125,76,63,59,97,22,49,65,119,67,77" hai1="127,118,3,23,131,19,122,56,90,26,37,124,25" hai2="10,75,96,120,44,48,17,62,53,21,68,31,13" hai3="6,5,113,95,81,28,87,106,55,108,29,86,41"/><U115/><E37/><V112/><F75/><W43/><G106/><T85/><D125/><N who="1" m="48203" /><E118/><V70/><F120/><W18/><G108/><T34/><D34/><U107/><E122/><V110/><F110/><W69/><G69/><T130/><D119/><U58/><E107/><V94/><F112/><W50/><G113/><T66/><D130/><U129/><E115/><V79/><F79/><N who="0" m="30282" /><D11/><U104/><E104/><V117/><F117/><W64/><G64/><N who="0" m="39039" /><D97/><U24/><E3/><V99/><F99/><W4/><G18/><T51/><D22/><U100/><E90/><V36/><F36/><W14/><G14/><T32/><D32/><U45/><E100/><V40/><F31/><N who="3" m="11851" /><G95/><T128/><D128/><N who="1" m="49227" /><E45/><V35/><F35/><W102/><G102/><T116/><D116/><U38/><E38/><V89/><REACH who="2" step="1"/><F10/><REACH who="2" ten="311,209,225,245" step="2"/><W27/><G86/><AGARI ba="0,1" hai="49,51,65,66,67,84,85,86" m="39039,30282" machi="86" ten="30,1000,0" yaku="8,1" doraHai="39" who="0" fromWho="3" sc="311,20,209,0,225,0,245,-10" /><INIT seed="6,0,0,2,5,0" ten="331,209,225,235" oya="2" hai0="95,62,78,102,135,77,94,23,100,58,101,96,6" hai1="46,35,55,86,39,5,32,127,16,133,117,115,8" hai2="48,93,128,89,82,75,63,69,114,22,15,9,83" hai3="110,108,67,88,125,64,11,106,119,45,99,20,81"/><V2/><F128/><W17/><G119/><T4/><D135/><U50/><E117/><V56/><F114/><W7/><G125/><T132/><D132/><U14/><E133/><V103/><F103/><N who="0" m="39498" /><D23/><U97/><E115/><V120/><F120/><W121/><G121/><T104/><D95/><U71/><E71/><V124/><F124/><W112/><G112/><T49/><D49/><U85/><E127/><V28/><F75/><W36/><G106/><T42/><D42/><U59/><E97/><V92/><F48/><W43/><G108/><T66/><D104/><U24/><E39/><V44/><F44/><W113/><G110/><T105/><D105/><U61/><E32/><V33/><F33/><W91/><G113/><T51/><D51/><U84/><E35/><V76/><F69/><W126/><G126/><T37/><D37/><U34/><E34/><V21/><F2/><W30/><G30/><T40/><D40/><N who="1" m="24903" /><E24/><N who="2" m="16399" /><F22/><W27/><G91/><T13/><D13/><U54/><E54/><N who="2" m="34199" /><F76/><AGARI ba="0,0" hai="4,6,58,62,66,76,77,78,94,96,102" m="39498" machi="76" ten="30,3900,0" yaku="8,1,52,2" doraHai="0" who="0" fromWho="2" sc="331,39,209,0,225,-39,235,0" /><INIT seed="7,0,0,0,5,127" ten="370,209,186,235" oya="3" hai0="52,57,79,94,15,80,73,75,78,130,31,26,11" hai1="45,134,64,63,37,120,89,126,133,30,81,71,105" hai2="2,58,128,125,23,20,100,91,48,59,112,62,76" hai3="113,39,132,97,5,108,69,13,50,7,61,129,67"/><W10/><G108/><T85/><D130/><U46/><E126/><V24/><F125/><W21/><G39/><T92/><D79/><U33/><E120/><V41/><F112/><W36/><G129/><T110/><D75/><U72/><E105/><V104/><F128/><W123/><G36/><T106/><D106/><U101/><E101/><V98/><F2/><W119/><G119/><T122/><D73/><U4/><E4/><V38/><F38/><W111/><G123/><T44/><D44/><U27/><E89/><V86/><F76/><W19/><G111/><T43/><D43/><N who="1" m="22767" /><E46/><V82/><F41/><W114/><G132/><T18/><D122/><U116/><E116/><V32/><F48/><W9/><G97/><T117/><D117/><U95/><E95/><V54/><REACH who="2" step="1"/><F59/><REACH who="2" ten="370,209,176,235" step="2"/><W115/><G50/><T90/><D78/><AGARI ba="0,1" hai="27,30,33,63,64,71,72,78,81,133,134" m="22767" machi="78" ten="30,1000,0" yaku="23,1" doraHai="127" who="1" fromWho="0" sc="370,-10,209,20,176,0,235,0" owari="360,45.0,229,-17.0,176,-32.0,235,4.0" /></mjloggm>