<mjloggm ver="2.3"><GO type="41"/><UN n0="%E3%83%9C%E3%83%96%73%69%6C%76%69%61" n1="%EF%BC%88%E2%89%A7%E2%96%BD%E2%89%A6%EF%BC%89" n2="%E7%B5%B6%E6%9C%9B%E3%81%AB%E6%BA%80%E3%81%A1%E3%81%9F%E6%98%8E%E6%97%A5" n3="%E5%A4%A9%E5%9F%8E%E5%B0%8F%E6%AC%A1%E9%83%8E" dan="14,15,15,15" rate="1967,2008,1999,1976" sx="M,M,M,M"/><TAIKYOKU oya="0"/><INIT seed="0,0,0,1,2,35" ten="250,250,250,250" oya="0" hai0="49,42,0,46,64,102,78,96,8,92,66,129,37" hai1="60,79,130,76,115,21,15,6,106,50,87,113,103" hai2="30,28,107,39,26,72,125,132,131,99,51,82,105" hai3="83,43,44,80,70,36,3,53,52,100,54,101,58"/><T116/><D116/><U95/><E130/><V114/><F114/><N who="1" m="43529" /><E106/><V123/><F39/><W34/><G34/><T134/><D129/><U65/><E50/><V67/><F131/><W10/><G70/><T135/><D78/><U91/><E103/><V111/><F111/><W27/><G27/><T97/><D37/><U74/><E74/><V94/><F125/><W61/><G100/><T45/><D46/><U33/><E33/><V90/><F90/><W126/><G126/><T86/><D86/><U18/><E6/><V4/><F94/><W17/><G101/><T7/><REACH who="0" step="1"/><D97/><REACH who="0" ten="240,250,250,250" step="2"/><U32/><E79/><V62/><F99/><W71/><G36/><T133/><AGARI ba="0,1" hai="0,7,8,42,45,49,64,66,92,96,102,133,134,135" machi="133" ten="30,12000,1" yaku="1,1,2,1,0,1,20,1,52,1,53,0" doraHai="35" doraHaiUra="11" who="0" fromWho="0" sc="240,130,250,-40,250,-40,250,-40" /><INIT seed="0,1,0,5,4,77" ten="370,210,210,210" oya="0" hai0="56,22,120,119,9,99,19,83,81,11,92,3,74" hai1="127,105,128,67,55,53,46,27,41,131,16,84,107" hai2="52,47,116,35,112,6,44,98,109,65,104,100,24" hai3="68,33,7,15,72,134,54,31,23,86,38,97,88"/><T110/><D120/><U8/><E127/><V62/><F112/><W18/><G72/><T5/><D119/><U95/><E67/><V90/><F116/><W49/><G38/><T30/><D74/><U91/><E105/><V59/><F109/><W71/><G134/><T124/><D124/><U101/><E101/><V117/><F117/><W25/><G97/><T40/><D110/><U2/><E107/><V132/><F132/><W0/><G7/><T85/><D85/><U122/><E122/><V45/><F6/><W80/><REACH who="3" step="1"/><G0/><REACH who="3" ten="370,210,210,200" step="2"/><T106/><D3/><U126/><E126/><V20/><F35/><W58/><AGARI ba="1,1" hai="15,18,23,25,31,33,49,54,58,68,71,80,86,88" machi="58" ten="20,12000,2" yaku="1,1,2,1,0,1,7,1,52,1,54,1,53,0" doraHai="77" doraHaiUra="60" who="3" fromWho="3" sc="370,-61,210,-31,210,-31,200,133" /><INIT seed="1,0,0,4,3,3" ten="309,179,179,333" oya="1" hai0="59,130,23,135,16,111,17,123,84,83,124,80,30" hai1="67,5,108,36,47,58,34,116,62,15,107,97,81" hai2="7,73,129,25,115,117,13,39,14,82,114,19,64" hai3="133,104,89,96,69,70,100,40,20,55,28,37,6"/><U31/><E116/><V94/><F39/><W98/><G133/><T8/><D135/><U95/><E107/><V4/><F117/><W52/><G37/><T61/><D123/><U119/><E119/><V99/><F129/><W35/><G40/><T32/><D130/><U26/><E108/><V71/><F64/><W109/><G109/><T38/><D38/><U121/><E121/><V134/><F71/><W86/><G35/><T77/><D32/><U113/><E113/><N who="2" m="43019" /><F134/><W68/><G96/><T11/><D111/><U29/><E29/><V46/><F46/><W112/><G112/><T12/><D30/><U41/><E81/><V132/><F132/><W101/><G101/><T9/><D124/><U42/><E42/><V93/><F25/><W49/><G28/><T102/><D102/><U92/><REACH who="1" step="1"/><E97/><REACH who="1" ten="309,169,179,333" step="2"/><V51/><F99/><W125/><G98/><T87/><D80/><U120/><E120/><V2/><F82/><W66/><G104/><T57/><D84/><U45/><E45/><V22/><F73/><W60/><G86/><T131/><D131/><U56/><E56/><V75/><F75/><W79/><G69/><T122/><D59/><U43/><E43/><V53/><F94/><W128/><G68/><T110/><D110/><U78/><E78/><V54/><F93/><W48/><G79/><T88/><D77/><U44/><E44/><V65/><F65/><W76/><G76/><T106/><D106/><U105/><E105/><V90/><F90/><W85/><G89/><T18/><D122/><U1/><E1/><V24/><F2/><W91/><G91/><RYUUKYOKU ba="0,1" sc="309,15,169,15,179,-15,333,-15" hai0="8,9,11,12,16,17,18,23,57,61,83,87,88" hai1="5,15,26,31,34,36,41,47,58,62,67,92,95" /><INIT seed="1,1,1,2,0,127" ten="324,184,164,318" oya="1" hai0="132,110,69,121,98,3,50,25,2,38,106,42,108" hai1="111,47,19,53,35,29,16,52,49,84,74,46,7" hai2="86,33,105,15,125,4,48,56,32,39,67,61,114" hai3="24,109,36,60,113,116,135,51,130,128,27,41,11"/><U129/><E74/><V89/><F125/><W22/><G113/><T124/><D124/><U31/><E111/><V68/><F39/><W88/><G36/><T91/><D50/><N who="1" m="28759" /><E35/><V18/><F105/><W8/><G109/><T120/><D69/><U83/><E7/><V87/><F4/><W63/><G135/><T0/><D25/><N who="3" m="9801" /><G22/><T96/><D91/><N who="1" m="51615" /><E129/><N who="3" m="49770" /><G116/><T133/><D42/><U76/><E76/><V107/><F114/><W101/><G101/><T117/><D38/><U75/><E75/><V97/><F33/><W94/><G51/><T70/><D70/><U81/><E81/><V57/><F32/><W99/><G41/><T6/><D6/><U66/><E66/><V1/><F48/><W62/><AGARI ba="1,1" hai="8,11,60,62,63,88,94,99" m="49770,9801" machi="62" ten="40,8000,1" yaku="19,1,52,3,54,1" doraHai="127" who="3" fromWho="3" sc="324,-21,184,-41,164,-21,318,93" /><INIT seed="2,0,0,0,5,126" ten="303,143,143,411" oya="2" hai0="131,45,41,15,97,29,121,63,128,119,69,86,77" hai1="8,64,99,22,110,92,117,47,36,20,125,18,123" hai2="70,12,88,19,55,135,49,34,35,9,80,90,62" hai3="39,32,78,1,116,2,91,66,24,93,30,46,81"/><V98/><F135/><W25/><G116/><T10/><D121/><U111/><E123/><V106/><F70/><W40/><G66/><T71/><D119/><U44/><E117/><V23/><F62/><W132/><G132/><T107/><D29/><U7/><E125/><V112/><F112/><W54/><G54/><T58/><D97/><U108/><E64/><V57/><F23/><N who="1" m="8745" /><E18/><V50/><F50/><W102/><G102/><T61/><D107/><U109/><N who="1" m="27648" /><DORA hai="83" /><U76/><E76/><V127/><F127/><W94/><G24/><T42/><D63/><U103/><E36/><V79/><F106/><W85/><REACH who="3" step="1"/><G94/><REACH who="3" ten="303,143,143,401" step="2"/><T129/><D42/><U13/><AGARI ba="0,1" hai="7,8,13,44,47,92,99,103" m="27648,8745" machi="13" ten="60,2000,0" yaku="14,1" doraHai="126,83" who="1" fromWho="1" sc="303,-5,143,30,143,-10,401,-5" /><INIT seed="3,0,0,0,0,39" ten="298,173,133,396" oya="3" hai0="116,87,70,130,13,74,28,125,31,69,76,131,29" hai1="73,79,50,99,95,107,104,44,18,123,25,43,90" hai2="94,14,64,61,118,63,11,92,68,59,113,81,7" hai3="133,37,103,117,57,129,52,41,65,72,6,33,80"/><W121/><G117/><T3/><D116/><U36/><E123/><V24/><F118/><W132/><G121/><T91/><D3/><U96/><E36/><V26/><F113/><W20/><G33/><T88/><D125/><U19/><E99/><V98/><F81/><W17/><G6/><T75/><D13/><U67/><E67/><V126/><F126/><W9/><G9/><T128/><D76/><U35/><E35/><V21/><F21/><W110/><G103/><T15/><D15/><U97/><E97/><V53/><REACH who="2" step="1"/><F92/><REACH who="2" ten="298,173,123,396" step="2"/><W66/><G80/><T27/><D87/><U4/><E107/><V5/><F5/><W54/><G20/><T60/><D27/><U105/><E104/><V134/><F134/><W101/><G133/><T78/><D78/><U2/><E105/><V135/><F135/><W56/><G132/><T124/><D124/><U71/><E4/><V58/><F58/><W122/><G56/><T8/><D8/><U119/><E95/><V62/><F62/><W114/><G57/><T100/><D60/><U45/><E119/><V1/><F1/><W47/><G114/><T38/><D38/><U77/><E2/><V42/><F42/><W89/><G41/><T84/><D84/><U32/><E43/><V49/><F49/><W46/><G37/><T102/><D70/><U82/><E50/><V86/><F86/><W10/><G10/><T40/><D69/><U83/><E71/><V112/><F112/><W120/><G122/><T127/><D40/><U23/><E82/><V108/><F108/><W30/><G110/><T34/><D127/><RYUUKYOKU ba="0,1" sc="298,-10,173,-10,123,30,396,-10" hai2="7,11,14,24,26,53,59,61,63,64,68,94,98" /><INIT seed="4,1,1,0,3,30" ten="288,163,153,386" oya="0" hai0="23,133,98,1,99,29,55,89,124,18,11,39,13" hai1="42,37,57,64,116,68,32,110,21,120,112,53,77" hai2="63,132,52,93,106,90,127,75,95,81,44,65,15" hai3="8,28,73,84,3,66,49,6,71,43,31,88,33"/><T62/><D39/><U70/><E77/><V103/><F127/><W97/><G73/><T0/><D124/><U36/><E32/><V47/><F132/><W22/><G33/><T60/><D133/><U108/><E21/><V91/><F106/><W114/><G114/><T92/><D1/><U46/><E116/><V74/><F103/><W83/><G97/><T10/><D0/><U134/><E134/><V125/><F125/><W9/><G9/><T34/><D34/><U104/><E104/><V130/><F130/><W41/><G49/><T118/><D118/><U122/><E112/><V123/><F123/><N who="1" m="47145" /><E37/><V102/><F102/><W67/><G31/><T24/><D10/><U14/><E14/><V101/><F101/><W38/><G71/><N who="1" m="27178" /><E64/><V12/><F65/><W135/><G135/><T2/><D2/><U59/><E59/><V56/><F74/><W40/><G38/><T82/><D82/><U76/><E76/><V119/><F81/><W17/><REACH who="3" step="1"/><G28/><REACH who="3" ten="288,163,153,376" step="2"/><T80/><D99/><U48/><AGARI ba="1,2" hai="36,42,46,48,53,57,108,110" m="27178,47145" machi="48" ten="30,2000,0" yaku="34,2" doraHai="30" who="1" fromWho="1" sc="288,-11,163,43,153,-6,376,-6" /><INIT seed="5,0,0,1,1,121" ten="277,206,147,370" oya="1" hai0="8,126,35,62,97,31,117,9,44,94,32,118,133" hai1="84,58,115,100,57,1,103,46,26,52,13,11,114" hai2="47,20,14,19,87,95,64,40,82,43,39,7,37" hai3="123,18,116,42,63,72,22,113,110,17,75,0,99"/><U16/><E1/><V90/><F64/><W81/><G123/><T80/><D35/><U2/><E2/><V27/><F37/><W119/><G0/><T33/><D33/><U102/><E84/><V53/><F7/><W12/><G113/><N who="1" m="43018" /><E26/><V50/><F39/><W65/><G42/><T68/><D32/><U105/><E105/><V70/><F70/><N who="3" m="42303" /><G81/><T10/><D31/><U21/><E21/><V49/><F49/><AGARI ba="0,0" hai="11,13,16,46,49,52,57,58,100,102,103" m="43018" machi="49" ten="30,5800,0" yaku="15,1,54,2" doraHai="121" who="1" fromWho="2" sc="277,0,206,58,147,-58,370,0" /><INIT seed="5,1,0,5,5,83" ten="277,264,89,370" oya="1" hai0="112,36,65,58,55,115,73,27,85,26,50,129,76" hai1="127,53,104,47,48,103,66,110,21,81,25,69,109" hai2="19,88,37,39,132,91,44,94,42,22,17,1,77" hai3="89,15,124,80,93,20,63,18,6,113,87,107,118"/><U40/><E127/><V68/><F68/><W28/><G107/><T7/><D73/><U29/><E53/><V24/><F1/><W0/><G124/><T92/><D36/><U125/><E125/><V32/><F132/><W51/><G113/><N who="0" m="43595" /><D7/><U30/><E30/><V2/><F2/><W79/><G118/><T117/><D117/><U5/><E5/><V56/><F32/><W3/><G28/><T45/><D129/><U70/><E81/><V13/><F77/><W57/><G51/><T4/><D4/><U100/><E70/><V8/><F56/><W38/><G38/><T86/><D76/><U120/><E120/><V33/><F33/><W84/><G6/><T62/><D92/><U96/><REACH who="1" step="1"/><E100/><REACH who="1" ten="277,254,89,370" step="2"/><V23/><F37/><W10/><REACH who="3" step="1"/><G10/><REACH who="3" ten="277,254,89,360" step="2"/><T90/><D90/><U119/><E119/><V59/><F8/><W134/><G134/><T54/><D65/><AGARI ba="1,2" hai="0,3,15,18,20,57,63,65,79,80,84,87,89,93" machi="65" ten="30,7700,0" yaku="1,1,7,1,52,2,53,0" doraHai="83" doraHaiUra="126" who="3" fromWho="0" sc="277,-80,254,0,89,0,360,100" /><INIT seed="6,0,0,5,0,116" ten="197,254,89,460" oya="2" hai0="53,70,122,74,28,113,21,72,3,34,1,30,119" hai1="111,89,11,128,17,86,129,43,73,61,10,120,112" hai2="132,107,81,67,135,23,66,13,71,40,60,64,4" hai3="83,59,12,35,49,85,19,26,124,82,90,7,48"/><V2/><F107/><W51/><G124/><T36/><D36/><U94/><E111/><V22/><F40/><W31/><G7/><T0/><D70/><U55/><E73/><V68/><F81/><W65/><G65/><N who="2" m="25193" /><F2/><W78/><G59/><T99/><D99/><U69/><E43/><V103/><F103/><W126/><G126/><T95/><D95/><U117/><E117/><V50/><F50/><W133/><G133/><N who="2" m="51273" /><F71/><W127/><G127/><T91/><D91/><U42/><E69/><V87/><F87/><W9/><G51/><T8/><D113/><U98/><E42/><V84/><F84/><AGARI ba="0,0" hai="9,12,19,26,31,35,48,49,78,82,83,84,85,90" machi="84" ten="30,1000,0" yaku="7,1" doraHai="116" who="3" fromWho="2" sc="197,0,254,0,89,-10,460,10" /><INIT seed="7,0,0,1,1,83" ten="197,254,79,470" oya="3" hai0="122,7,87,90,112,105,95,30,98,71,130,4,21" hai1="51,133,121,37,5,74,114,75,39,19,46,15,43" hai2="25,76,0,48,119,31,73,94,101,93,132,126,97" hai3="109,34,63,120,2,103,107,57,40,54,56,59,115"/><W131/><G34/><T123/><D71/><U13/><E121/><V8/><F119/><W45/><G103/><N who="0" m="62711" /><D30/><U91/><E75/><V22/><F126/><W100/><G100/><T67/><D67/><U61/><E74/><V86/><F132/><W78/><G107/><T47/><D47/><U62/><E133/><V69/><F69/><W68/><G78/><T66/><D66/><U127/><E127/><V33/><F73/><W29/><G29/><T102/><D21/><U106/><E106/><V18/><F48/><N who="3" m="26663" /><G2/><T42/><D42/><U53/><E39/><V26/><F94/><W14/><G14/><T118/><D7/><U92/><E5/><V111/><F111/><W6/><G6/><T113/><D4/><U110/><E110/><V16/><F0/><W1/><G1/><T60/><D60/><U116/><E15/><V84/><REACH who="2" step="1"/><F76/><REACH who="2" ten="197,254,69,470" step="2"/><W128/><G109/><T12/><D118/><U77/><E116/><V24/><F24/><W11/><G11/><T117/><D117/><U134/><E77/><V80/><F80/><W38/><G38/><T81/><D12/><AGARI ba="0,1" hai="8,12,16,18,22,25,26,31,33,84,86,93,97,101" machi="12" ten="40,8000,1" yaku="1,1,52,2,54,1,53,0" doraHai="83" doraHaiUra="49" who="2" fromWho="0" sc="197,-80,254,0,69,90,470,0" owari="117,-38.0,254,5.0,159,-24.0,470,57.0" /></mjloggm>