<mjloggm ver="2.3"><GO type="9"/><UN n0="%6D%6F%61%69%76%69%65%77" n1="%6B%65%76%69%6E%30%30%30" n2="%EF%BC%88%E2%89%A7%E2%96%BD%E2%89%A6%EF%BC%89" n3="%73%74%38%36%35%33%30" dan="0,0,8,3" rate="1500,1500,1728,1609" sx="M,M,M,M"/><TAIKYOKU oya="0"/><INIT seed="0,0,0,0,5,97" ten="250,250,250,250" oya="0" hai0="70,114,0,130,96,29,59,27,133,113,77,95,90" hai1="78,101,127,123,31,56,86,117,88,20,108,25,67" hai2="121,72,107,87,102,100,36,135,9,5,11,8,63" hai3="65,120,85,19,16,129,93,6,54,111,33,32,119"/><T62/><D70/><U68/><E117/><V38/><F121/><W131/><G111/><T64/><D0/><U35/><E123/><V82/><F135/><W109/><G109/><T73/><D133/><U71/><E127/><V49/><F72/><W40/><G119/><T80/><REACH who="0" step="1"/><D130/><REACH who="0" step="2"/><U89/><E108/><V43/><F5/><W55/><G120/><T44/><D44/><U76/><E101/><N who="2" m="39019" /><F107/><W94/><G131/><T10/><D10/><U75/><E75/><V58/><F38/><W50/><G129/><T13/><D13/><U48/><E67/><N who="2" m="39415" /><F36/><W61/><G65/><T37/><D37/><U21/><E35/><AGARI ba="0,1" hai="27,29,35,59,62,64,73,77,80,90,95,96,113,114" machi="35" ten="30,2900,0" yaku="1,1,7,1,53,0" doraHai="97" doraHaiUra="42" who="0" fromWho="1" sc="240,39,250,-29,250,0,250,0" /><INIT seed="0,1,0,3,1,97" ten="279,221,250,250" oya="0" hai0="85,52,62,25,117,18,11,26,127,39,32,99,101" hai1="4,45,27,125,31,49,48,120,90,34,133,67,80" hai2="135,53,19,114,61,22,16,115,129,81,68,70,24" hai3="9,8,40,73,1,54,5,15,126,14,95,2,134"/><T21/><D39/><U66/><E120/><V28/><F135/><W98/><G73/><T35/><D117/><U17/><E125/><V123/><F123/><W69/><G134/><T116/><D116/><U29/><E133/><V41/><F129/><W86/><G69/><T30/><D127/><U107/><E107/><V119/><F119/><W102/><G126/><T74/><D74/><U10/><E31/><V78/><F115/><W75/><G75/><T91/><D35/><U121/><E121/><V51/><F114/><W71/><G71/><T94/><D11/><U111/><E111/><V60/><F70/><W84/><G40/><T82/><D62/><N who="2" m="24170" /><F41/><W38/><G38/><T59/><D59/><U96/><E96/><V77/><BYE who="1" /><F68/><W112/><G112/><T57/><D57/><U113/><E113/><V105/><F105/><UN n1="%6B%65%76%69%6E%30%30%30" /><W0/><G54/><T50/><REACH who="0" step="1"/><D50/><REACH who="0" step="2"/><U128/><E49/><V87/><F78/><W7/><AGARI ba="1,1" hai="0,1,2,5,7,8,9,14,15,84,86,95,98,102" machi="7" ten="30,4000,0" yaku="0,1,9,1,52,1" doraHai="97" who="3" fromWho="3" sc="269,-21,221,-11,250,-11,250,53" /><INIT seed="1,0,0,4,5,46" ten="248,210,239,303" oya="1" hai0="18,0,103,101,20,37,78,23,1,119,6,48,72" hai1="58,93,135,94,79,116,90,42,39,83,63,22,124" hai2="67,65,81,8,47,128,38,50,131,114,91,60,107" hai3="112,121,4,49,80,26,89,19,115,15,45,10,125"/><U122/><E122/><V133/><F107/><W98/><G125/><T108/><D37/><U33/><E116/><V61/><F8/><W111/><G111/><T100/><D119/><U109/><E124/><V126/><F126/><W13/><G121/><T16/><D72/><U31/><E135/><V68/><F133/><W54/><G26/><T59/><D78/><U117/><E109/><V120/><F120/><W104/><G104/><T106/><D106/><U51/><E117/><V127/><F127/><W14/><G98/><T43/><D108/><U102/><E33/><V110/><F110/><W11/><G89/><T56/><D6/><U21/><E39/><V69/><F114/><W118/><G80/><T28/><D28/><U52/><E31/><V3/><F3/><N who="0" m="1098" /><D43/><U113/><E113/><V82/><F38/><W96/><G118/><T73/><D73/><U77/><E77/><V35/><F35/><W134/><G134/><T12/><D12/><U27/><E27/><V74/><F74/><W130/><G112/><T55/><D55/><U129/><E129/><N who="2" m="49739" /><F91/><W17/><G130/><T24/><D24/><U132/><E132/><V2/><F2/><W40/><G96/><T87/><D87/><U85/><E42/><AGARI ba="0,0" hai="42,47,50,60,61,65,67,68,69,81,82" m="49739" machi="42" ten="30,2000,0" yaku="19,1,52,1" doraHai="46" who="2" fromWho="1" sc="248,0,210,-20,239,20,303,0" /><INIT seed="2,0,0,0,0,28" ten="248,190,259,303" oya="2" hai0="50,72,22,16,75,14,93,54,40,89,111,98,76" hai1="113,126,10,21,58,134,56,85,8,94,44,74,78" hai2="7,121,108,51,33,135,130,18,102,37,27,0,59" hai3="26,68,3,101,46,34,48,115,127,42,31,57,24"/><V110/><F37/><W133/><G133/><T87/><D72/><U20/><E113/><V105/><F121/><W4/><G127/><T119/><D111/><N who="2" m="42538" /><F135/><W25/><G115/><T73/><D119/><U120/><E134/><V129/><F105/><W5/><G68/><T15/><D75/><U19/><E126/><V60/><F102/><W114/><G101/><T39/><D76/><U11/><E120/><V41/><F51/><W122/><G122/><T92/><D73/><U52/><E74/><V17/><F41/><W53/><G114/><T63/><D39/><U67/><E67/><BYE who="1" /><N who="2" m="39327" /><F0/><W118/><G118/><T112/><D40/><UN n1="%6B%65%76%69%6E%30%30%30" /><U65/><E78/><V88/><F88/><W131/><G131/><N who="2" m="50185" /><F7/><W13/><G3/><T81/><D63/><U80/><E94/><V49/><F49/><W45/><G45/><T107/><D107/><U96/><E96/><V62/><F62/><W61/><G13/><T97/><D112/><U100/><E100/><V47/><F47/><W38/><G4/><T90/><D14/><U55/><E65/><V30/><AGARI ba="0,0" hai="17,18,27,30,33" m="50185,39327,42538" machi="30" ten="40,12000,1" yaku="14,1,10,1,19,1,52,1" doraHai="28" who="2" fromWho="2" sc="248,-40,190,-40,259,120,303,-40" /><INIT seed="2,1,0,1,2,8" ten="208,150,379,263" oya="2" hai0="50,22,4,1,35,78,121,82,95,12,81,25,124" hai1="3,93,119,40,100,26,71,48,125,42,112,79,39" hai2="134,110,83,51,122,89,114,59,74,52,101,97,24" hai3="49,17,0,47,23,98,131,84,37,133,65,108,63"/><V58/><F122/><W9/><G133/><T72/><D121/><U126/><E119/><V14/><F114/><W18/><G131/><T56/><D35/><U60/><E112/><V75/><F134/><W46/><G108/><T53/><D1/><U30/><E3/><V118/><F118/><W73/><G37/><T135/><D135/><U15/><E79/><V115/><F115/><W77/><G73/><T127/><D82/><U2/><E2/><V45/><F110/><W66/><G98/><T62/><D127/><N who="1" m="48651" /><E39/><V54/><F24/><W94/><G0/><T113/><D113/><U64/><E15/><V27/><F27/><W69/><G65/><T21/><D124/><U99/><E48/><V86/><F14/><W120/><G120/><T6/><D95/><U44/><E44/><V34/><F34/><AGARI ba="1,0" hai="26,30,34,40,42,60,64,71,93,99,100" m="48651" machi="34" ten="30,1000,0" yaku="18,1" doraHai="8" who="1" fromWho="2" sc="208,0,150,13,379,-13,263,0" /><INIT seed="3,0,0,0,3,71" ten="208,163,366,263" oya="3" hai0="53,47,89,45,26,42,4,105,123,33,5,13,1" hai1="85,122,11,23,108,133,121,124,83,117,19,80,131" hai2="0,58,56,128,95,21,81,88,32,37,134,22,49" hai3="54,59,60,8,50,62,44,2,106,55,109,35,112"/><W67/><G106/><T116/><D105/><U84/><E11/><V91/><F32/><W30/><G112/><T7/><D123/><U17/><E23/><V24/><F0/><W66/><G35/><T98/><D1/><U36/><E36/><V38/><F134/><W94/><G30/><T77/><D116/><U29/><E29/><V132/><F132/><W12/><G2/><T104/><D77/><U82/><E133/><V41/><F128/><W39/><G109/><T27/><D33/><U107/><E107/><V130/><F130/><W18/><G94/><N who="0" m="56655" /><D104/><U110/><E124/><V51/><F81/><W43/><REACH who="3" step="1"/><G62/><REACH who="3" step="2"/><T46/><D13/><U92/><E131/><V48/><F24/><N who="0" m="9258" /><D53/><U3/><E3/><V76/><F41/><AGARI ba="0,1" hai="4,5,7,41,42,45,46,47" m="9258,56655" machi="41" ten="40,1300,0" yaku="8,1" doraHai="71" who="0" fromWho="2" sc="208,23,163,0,366,-13,253,0" /><INIT seed="4,0,0,5,4,128" ten="231,163,353,253" oya="0" hai0="115,93,28,132,61,42,108,127,52,65,10,2,8" hai1="98,68,88,113,131,97,45,90,75,116,40,30,84" hai2="9,24,89,134,19,120,78,82,1,16,76,29,74" hai3="15,125,77,18,44,66,56,67,117,17,6,11,99"/><T133/><D42/><U105/><E30/><V107/><F107/><W72/><G125/><T69/><D115/><U106/><E68/><V43/><F120/><W58/><G117/><T119/><D119/><U50/><E116/><V36/><F78/><W14/><G72/><T57/><D28/><U54/><E113/><V63/><F63/><W13/><G77/><T129/><D108/><U12/><E131/><V5/><F89/><W53/><G99/><T60/><D129/><U86/><E75/><V112/><F112/><W3/><G44/><T31/><D31/><U130/><E130/><V111/><F111/><W79/><G79/><T71/><D71/><U135/><E40/><V4/><F4/><W123/><G123/><T95/><D2/><U55/><E45/><N who="2" m="23783" /><F134/><N who="0" m="51818" /><D127/><U85/><E135/><V38/><F38/><W64/><G53/><T73/><D73/><U25/><E25/><V22/><AGARI ba="0,0" hai="1,5,9,16,19,22,24,29,74,76,82" m="23783" machi="22" ten="30,2000,0" yaku="25,1,54,1" doraHai="128" who="2" fromWho="2" sc="231,-10,163,-5,353,20,253,-5" /><INIT seed="5,0,0,0,0,1" ten="221,158,373,248" oya="1" hai0="33,69,115,75,92,28,126,74,79,96,57,15,59" hai1="56,55,118,38,23,72,133,101,62,64,103,119,125" hai2="76,22,34,117,5,129,95,24,39,37,51,44,7" hai3="60,10,122,89,48,91,19,112,106,50,11,73,66"/><U54/><E23/><V4/><F117/><N who="1" m="44553" /><E72/><V25/><F129/><W109/><G73/><T97/><D69/><U132/><E103/><V108/><F108/><W13/><G122/><T46/><D74/><U135/><E101/><V71/><F71/><W78/><G112/><T12/><D115/><U68/><E38/><V6/><F76/><W27/><G109/><T63/><D126/><U113/><E113/><V16/><F95/><W35/><G106/><T130/><D75/><U30/><E30/><V49/><F4/><W114/><G114/><T2/><D79/><U107/><E107/><V29/><REACH who="2" step="1"/><F51/><REACH who="2" step="2"/><W93/><G78/><T121/><D2/><U104/><E104/><V77/><F77/><W131/><G131/><T18/><D130/><U120/><E120/><V42/><AGARI ba="0,1" hai="5,6,7,16,22,24,25,29,34,37,39,42,44,49" machi="42" ten="30,12000,2" yaku="1,1,0,1,52,3,54,1,53,0" doraHai="1" doraHaiUra="61" who="2" fromWho="2" sc="221,-30,158,-60,363,130,248,-30" /><INIT seed="6,0,0,3,5,91" ten="191,98,493,218" oya="2" hai0="101,72,97,68,103,80,107,92,36,15,104,37,74" hai1="9,56,99,53,14,64,13,57,114,27,106,105,42" hai2="65,66,3,58,83,47,128,55,28,98,4,17,18" hai3="1,8,11,63,46,12,134,75,10,23,93,39,112"/><V102/><F128/><W62/><G112/><T79/><D68/><U43/><E114/><V120/><F120/><W70/><G75/><N who="0" m="28715" /><D15/><U0/><E0/><V33/><F3/><W41/><G134/><T81/><D37/><U126/><E126/><V6/><F33/><W5/><G70/><T20/><D20/><U130/><E130/><V131/><F28/><W127/><G127/><T119/><D36/><U60/><E106/><N who="0" m="40489" /><D119/><U45/><E105/><V116/><F18/><W32/><G32/><T82/><D103/><U21/><E99/><V133/><F98/><W121/><G121/><T48/><D48/><U26/><E26/><V59/><F102/><W30/><G1/><T38/><D38/><U135/><E135/><V124/><F133/><W22/><G5/><T76/><AGARI ba="0,0" hai="76,79,80,81,82,92,97,101" m="40489,28715" machi="76" ten="40,12000,2" yaku="35,5,52,1" doraHai="91" who="0" fromWho="0" sc="191,120,98,-30,493,-60,218,-30" /><INIT seed="7,0,0,0,4,100" ten="311,68,433,188" oya="3" hai0="111,57,63,96,49,17,35,9,46,88,67,91,66" hai1="54,124,107,13,77,110,24,45,116,106,90,117,78" hai2="26,108,18,43,83,80,99,30,56,72,34,27,93" hai3="129,75,53,62,105,2,64,29,55,65,101,61,81"/><W95/><G2/><T76/><D35/><U133/><E24/><V94/><F108/><W47/><G75/><T58/><D111/><U51/><E13/><V123/><F123/><W114/><G114/><T130/><D76/><U3/><E3/><V39/><F39/><W12/><G129/><T87/><D130/><U4/><E4/><V42/><F72/><W59/><G105/><T31/><D31/><U60/><E90/><V103/><F34/><W132/><G81/><T25/><D96/><U118/><E110/><V85/><F30/><W44/><G132/><T104/><D104/><N who="1" m="39979" /><E133/><V119/><F119/><W52/><G12/><N who="0" m="7311" /><D25/><U115/><E115/><V22/><F27/><W5/><G5/><T74/><D74/><U38/><E124/><V120/><F120/><W135/><G135/><T82/><D57/><N who="1" m="34871" /><E38/><V73/><F26/><W128/><G128/><T69/><D69/><U41/><AGARI ba="0,0" hai="41,45,51,77,78,116,117,118" m="34871,39979" machi="41" ten="40,8000,1" yaku="12,1,52,3" doraHai="100" who="1" fromWho="1" sc="311,-20,68,80,433,-20,188,-40" owari="291,9,148,-25,413,51,148,-35" /></mjloggm>