<mjloggm ver="2.3"><GO type="169"/><UN n0="%E5%A4%A9%E6%B5%B7%E9%9B%AA%E8%8F%9C" n1="%E6%9D%B1%E5%8D%97" n2="%2E%37%7A" n3="%EF%BC%88%E2%89%A7%E2%96%BD%E2%89%A6%EF%BC%89" dan="16,17,16,18" rate="2055,2182,2064,2220" sx="F,M,M,M"/><TAIKYOKU oya="0"/><INIT seed="0,0,0,4,3,9" ten="250,250,250,250" oya="0" hai0="27,75,77,135,130,32,103,44,47,22,2,45,26" hai1="34,125,49,21,96,55,74,132,93,113,92,53,17" hai2="122,39,84,10,71,110,66,7,83,81,116,85,65" hai3="102,90,63,1,70,76,123,51,107,14,106,46,15"/><T115/><D115/><U69/><E34/><V48/><F39/><W24/><G1/><T117/><D117/><U121/><E121/><V62/><F116/><W67/><G123/><T25/><D32/><U42/><E74/><V31/><F110/><W78/><G90/><T0/><D135/><U128/><E69/><V131/><F131/><W88/><G107/><T64/><D130/><U36/><E132/><V54/><F31/><W30/><G88/><T11/><D103/><U72/><E72/><V108/><F66/><W129/><G129/><T52/><D64/><U133/><E36/><V100/><F100/><W80/><G76/><T41/><D41/><U4/><E42/><V124/><F108/><W13/><G102/><T95/><D95/><U119/><E93/><V120/><F124/><W35/><G106/><T60/><D22/><U101/><E21/><V105/><F105/><W91/><G91/><T12/><D75/><U127/><E92/><V89/><F84/><W18/><G78/><T50/><D77/><U134/><E113/><V82/><F120/><W111/><G111/><T59/><REACH who="0" step="1"/><D60/><REACH who="0" ten="240,250,250,250" step="2"/><U73/><E119/><V29/><F122/><W109/><G109/><T28/><D28/><U43/><E134/><V6/><F29/><W97/><G80/><T86/><D86/><U20/><E133/><V57/><REACH who="2" step="1"/><F7/><AGARI ba="0,1" hai="0,2,7,11,12,25,26,27,44,45,47,50,52,59" machi="7" ten="40,7700,0" yaku="1,1,52,1,54,1,53,0" doraHai="9" doraHaiUra="79" who="0" fromWho="2" sc="240,87,250,0,250,-77,250,0" /><INIT seed="0,1,0,1,0,42" ten="327,250,173,250" oya="0" hai0="118,50,13,82,34,57,83,133,131,19,17,39,2" hai1="81,77,16,31,38,98,92,135,37,88,117,43,102" hai2="100,126,48,12,15,65,97,74,66,84,78,128,62" hai3="58,53,49,0,22,11,94,18,30,32,36,108,96"/><T68/><D118/><U55/><E117/><V35/><F35/><W40/><G108/><T52/><D131/><U7/><E135/><V41/><F74/><W26/><G36/><T23/><D133/><U79/><E31/><V69/><F128/><W85/><G40/><T9/><D34/><U51/><E7/><V114/><F114/><W46/><G85/><T60/><D39/><U24/><E43/><V25/><F66/><W71/><G71/><T47/><D68/><U70/><E70/><V125/><F25/><W113/><G113/><T20/><D2/><U119/><E119/><V95/><F78/><W28/><G32/><T80/><D17/><U6/><E6/><V134/><F134/><W90/><G0/><T14/><REACH who="0" step="1"/><D13/><REACH who="0" ten="317,250,173,250" step="2"/><U63/><E38/><V105/><F15/><N who="3" m="7551" /><G28/><T121/><D121/><U5/><E37/><V56/><F12/><W123/><G123/><T64/><AGARI ba="1,1" hai="9,14,19,20,23,47,50,52,57,60,64,80,82,83" machi="64" ten="30,12000,1" yaku="1,1,0,1,8,1,52,1,54,1,53,0" doraHai="42" doraHaiUra="106" who="0" fromWho="0" sc="317,133,250,-41,173,-41,250,-41" /><INIT seed="0,2,0,2,1,13" ten="450,209,132,209" oya="0" hai0="19,73,2,114,57,94,14,5,3,91,43,36,23" hai1="18,107,87,51,98,109,8,27,39,74,44,32,11" hai2="82,63,123,132,61,97,81,16,108,20,83,47,72" hai3="120,24,67,134,128,66,80,129,31,59,48,99,65"/><T71/><D71/><U77/><E74/><V69/><F123/><W100/><G80/><N who="2" m="30825" /><F69/><W28/><G134/><T7/><D73/><U58/><E39/><V35/><F35/><W34/><G120/><T9/><D114/><U127/><E32/><V49/><F72/><W46/><G31/><T21/><D36/><U68/><E107/><V118/><F132/><W25/><G25/><T15/><D43/><U40/><E77/><V116/><F108/><W125/><G59/><T88/><D57/><U64/><E87/><V55/><F97/><W37/><G37/><T90/><D23/><N who="1" m="13815" /><E109/><V110/><F110/><W85/><G85/><T131/><D131/><U6/><E6/><V78/><F78/><W12/><G128/><T60/><D60/><U117/><E117/><N who="2" m="45163" /><F83/><W95/><G129/><T126/><D126/><U45/><E127/><V101/><F101/><W1/><G125/><T56/><D56/><U0/><E0/><V86/><F86/><W92/><G1/><T115/><D115/><U135/><E98/><V103/><F103/><W33/><G33/><T22/><D3/><U76/><E76/><V96/><F96/><W93/><G99/><T84/><D5/><U62/><E135/><V124/><F124/><W52/><REACH who="3" step="1"/><G100/><REACH who="3" ten="450,209,132,199" step="2"/><T105/><D105/><U30/><E68/><V111/><F111/><W102/><G102/><T4/><D84/><U89/><E30/><V104/><F104/><W121/><G121/><T42/><D2/><U122/><E122/><V10/><F10/><N who="1" m="3625" /><E89/><N who="0" m="34409" /><D4/><U75/><E75/><V26/><AGARI ba="2,1" hai="16,20,26,47,49,55,61,63" m="45163,30825" machi="26" ten="30,4000,0" yaku="12,1,52,1,54,1" doraHai="13" who="2" fromWho="2" sc="450,-22,209,-12,132,56,199,-12" /><INIT seed="1,0,0,0,3,33" ten="428,197,188,187" oya="1" hai0="54,111,91,126,106,41,101,129,116,12,45,82,7" hai1="39,130,25,70,87,93,135,115,27,80,84,114,6" hai2="134,69,86,26,131,57,119,127,97,117,83,49,73" hai3="67,108,17,124,59,38,71,35,79,120,76,68,2"/><U32/><E70/><V66/><F73/><W16/><G38/><T24/><D116/><U81/><E39/><V132/><F131/><W74/><G35/><T94/><D111/><U102/><E32/><V72/><F72/><W105/><G105/><T0/><D0/><U107/><E6/><V95/><F69/><W133/><G74/><T42/><D106/><U56/><E107/><V11/><F127/><W88/><G67/><T98/><D126/><U1/><E56/><V128/><F128/><W92/><G59/><T89/><D24/><U100/><E130/><V29/><F11/><W110/><G124/><T9/><D129/><U36/><E36/><V18/><F18/><W8/><G120/><T15/><D15/><U63/><E93/><V19/><F19/><W4/><G133/><N who="2" m="51305" /><F86/><N who="3" m="52247" /><G71/><T109/><D109/><N who="3" m="42089" /><G68/><T51/><D82/><U61/><E135/><V20/><F83/><W65/><G65/><T112/><D112/><U118/><E118/><V125/><F125/><W96/><G96/><T55/><D55/><U103/><E103/><N who="2" m="60863" /><F49/><W48/><G48/><T43/><AGARI ba="0,0" hai="7,9,12,41,42,43,45,51,54,89,91,94,98,101" machi="43" ten="30,2000,0" yaku="0,1,8,1" doraHai="33" who="0" fromWho="0" sc="428,20,197,-10,188,-5,187,-5" /><INIT seed="2,0,0,1,5,24" ten="448,187,183,182" oya="2" hai0="45,11,80,35,83,118,41,56,57,22,12,9,61" hai1="67,84,36,112,85,30,110,23,128,55,42,92,101" hai2="29,39,132,51,21,53,79,99,32,108,4,2,3" hai3="88,113,76,107,69,47,13,95,75,123,130,100,120"/><V14/><F39/><W97/><G69/><T62/><D35/><U6/><E112/><V48/><F32/><W90/><G47/><T31/><D118/><U127/><E6/><V19/><F132/><W33/><G33/><T104/><D104/><U43/><E55/><V15/><F108/><W40/><G40/><T131/><D131/><U89/><E128/><V86/><F99/><N who="3" m="61855" /><G13/><T135/><D135/><U117/><E117/><V129/><F129/><W121/><G130/><T74/><D74/><U114/><E114/><V109/><F109/><W116/><G116/><T38/><D57/><U5/><E5/><V60/><F3/><W78/><G113/><T18/><D62/><U133/><E67/><V124/><F2/><W93/><G75/><T68/><D68/><U46/><E42/><V64/><F124/><W65/><G65/><T91/><D91/><U0/><E0/><V98/><F29/><W27/><G27/><T20/><D11/><U126/><E110/><V103/><F60/><W54/><G54/><T63/><D63/><U58/><E133/><V73/><F73/><W72/><G72/><T77/><D31/><U7/><E127/><V44/><F64/><W59/><G59/><T105/><D56/><U96/><E58/><V87/><F44/><W111/><G111/><T26/><D61/><U66/><E66/><V37/><F53/><W10/><G10/><T122/><D41/><U25/><E126/><V50/><F37/><W94/><G94/><T119/><D119/><U52/><E52/><V16/><F4/><W106/><G106/><T82/><D38/><RYUUKYOKU ba="0,0" sc="448,-10,187,-10,183,-10,182,30" hai3="76,78,88,90,93,95,97,120,121,123" /><INIT seed="3,1,0,4,5,61" ten="438,177,173,212" oya="3" hai0="68,34,36,51,111,74,114,40,119,37,43,58,47" hai1="132,71,70,117,3,133,32,101,127,124,103,18,55" hai2="72,56,90,33,11,134,52,131,73,65,9,45,113" hai3="112,128,95,28,41,116,86,77,115,67,62,7,16"/><W50/><G116/><T22/><D74/><U129/><E3/><V31/><F113/><W5/><G128/><T27/><D34/><U121/><E32/><V12/><F131/><W120/><G28/><T110/><D119/><U125/><E117/><V98/><F33/><W49/><G120/><T130/><D130/><U39/><E129/><V13/><F31/><W21/><G115/><T91/><D68/><N who="1" m="26155" /><E121/><V85/><F98/><W26/><G112/><T89/><D114/><U25/><E55/><V57/><F134/><N who="1" m="51817" /><E39/><V35/><F35/><W92/><G77/><T17/><D36/><U123/><E123/><V83/><F45/><N who="3" m="25775" /><G50/><T8/><D8/><N who="2" m="3146" /><F73/><W88/><G92/><T78/><D78/><U135/><E135/><V82/><F83/><W6/><G6/><T48/><D37/><U79/><E79/><V118/><F72/><W46/><G46/><T24/><D47/><U106/><E106/><V75/><F75/><W97/><G97/><T14/><D43/><U84/><E84/><V20/><F118/><W59/><AGARI ba="1,0" hai="5,7,16,21,26,59,62,67,86,88,95" m="25775" machi="59" ten="30,11700,0" yaku="8,1,52,1,54,2" doraHai="61" who="3" fromWho="3" sc="438,-40,177,-40,173,-40,212,120" /><INIT seed="3,2,0,0,4,59" ten="398,137,133,332" oya="3" hai0="94,24,73,26,97,107,8,100,52,10,131,118,112" hai1="1,36,70,111,132,84,74,90,104,30,46,66,101" hai2="71,48,89,109,124,76,60,86,121,135,102,63,54" hai3="43,88,37,41,92,115,22,38,125,4,79,15,2"/><W126/><G2/><T39/><D118/><U113/><E90/><V23/><F109/><W129/><G79/><T122/><D122/><U123/><E84/><V28/><F71/><W31/><G115/><T114/><D73/><U49/><E49/><V58/><F121/><W91/><G129/><T99/><D39/><N who="3" m="14857" /><G31/><T75/><D75/><U51/><E51/><V53/><F124/><N who="3" m="47723" /><G91/><T64/><D64/><U62/><E123/><V21/><F135/><W17/><G4/><T27/><D131/><U19/><E132/><V69/><F69/><W134/><G134/><T81/><D81/><U50/><E1/><V116/><F116/><W32/><G32/><T128/><D128/><U130/><E130/><V110/><F110/><W72/><G72/><T103/><D52/><U44/><E74/><V35/><F102/><W6/><G6/><T42/><D42/><U67/><E101/><V20/><F76/><W33/><G33/><T120/><D120/><U96/><E30/><V5/><F5/><W18/><G17/><T119/><D119/><U7/><E19/><V77/><F77/><W85/><AGARI ba="2,0" hai="15,18,22,41,43,85,88,92" m="47723,14857" machi="85" ten="30,3000,0" yaku="18,1,54,1" doraHai="59" who="3" fromWho="3" sc="398,-12,137,-12,133,-12,332,36" /><INIT seed="3,3,0,1,1,25" ten="386,125,121,368" oya="3" hai0="68,63,44,4,19,96,48,0,50,79,135,24,102" hai1="132,95,34,107,103,8,121,6,39,53,111,72,116" hai2="82,73,13,71,109,65,113,64,58,17,93,78,59" hai3="134,94,115,127,9,99,114,23,131,56,31,110,112"/><W16/><G134/><T15/><D0/><U66/><E53/><V7/><F113/><W105/><G105/><T129/><D135/><U77/><E95/><V98/><F7/><W74/><G74/><T76/><D129/><U40/><E66/><V89/><F109/><W97/><G131/><T45/><D4/><U55/><E55/><V75/><F75/><W49/><G110/><T22/><D68/><U36/><E36/><V29/><F29/><W11/><G127/><T85/><D63/><U3/><E103/><V88/><F71/><W125/><G125/><T67/><D67/><U101/><E101/><V20/><F65/><W21/><G49/><N who="0" m="19051" /><D85/><U83/><E111/><V60/><REACH who="2" step="1"/><F58/><REACH who="2" ten="386,125,111,368" step="2"/><W130/><G130/><T32/><D32/><U42/><E132/><V123/><F123/><W57/><G57/><T108/><D108/><U30/><E121/><V10/><F10/><W26/><G56/><T38/><D45/><U51/><E34/><V126/><F126/><W2/><G2/><T104/><D44/><U106/><E3/><V133/><F133/><W61/><G9/><T84/><D19/><U124/><E124/><V117/><F117/><W5/><G11/><T118/><D118/><U122/><E8/><V52/><F52/><W27/><G5/><T91/><D22/><U86/><E6/><V47/><F47/><W62/><REACH who="3" step="1"/><G99/><REACH who="3" ten="386,125,111,358" step="2"/><T87/><D96/><U37/><E122/><V18/><F18/><W120/><G120/><T12/><D104/><U81/><E107/><V119/><F119/><W1/><G1/><T41/><D87/><U28/><E106/><RYUUKYOKU ba="3,2" sc="386,-15,125,-15,111,15,358,15" hai2="13,17,20,59,60,64,73,78,82,88,89,93,98" hai3="16,21,23,26,27,31,61,62,94,97,112,114,115" /><INIT seed="3,4,2,5,5,55" ten="371,110,126,373" oya="3" hai0="20,53,17,99,109,80,29,83,97,31,37,36,79" hai1="112,8,96,81,50,134,10,108,85,106,82,19,39" hai2="77,21,98,94,100,132,1,64,47,23,131,59,91" hai3="116,43,76,35,88,46,63,103,86,125,127,49,89"/><W0/><G116/><T61/><D61/><U9/><E39/><V44/><F1/><W133/><G0/><T4/><D109/><U113/><E108/><V57/><F132/><W56/><G35/><T118/><D118/><U40/><E134/><V65/><F131/><W71/><G133/><T54/><D4/><U38/><E38/><V42/><F77/><W117/><G117/><T58/><D37/><U12/><E82/><N who="0" m="31273" /><D36/><U111/><E111/><V119/><F119/><W126/><G71/><T67/><D67/><N who="2" m="25674" /><F100/><W22/><G103/><T66/><D66/><U24/><E106/><V129/><F129/><W105/><G105/><T52/><D58/><N who="2" m="22026" /><F42/><W130/><G130/><T73/><D79/><U2/><E2/><V26/><F23/><W87/><G22/><T14/><D73/><U121/><E112/><V102/><F102/><W70/><G70/><T5/><D5/><U11/><E113/><V7/><F7/><W72/><G72/><T75/><D75/><U107/><E107/><V32/><F32/><W123/><G76/><T51/><D51/><U135/><E50/><V69/><F69/><W128/><G128/><T120/><D120/><U68/><E121/><V3/><F3/><W16/><G123/><T15/><D15/><U92/><E68/><V25/><F25/><W101/><G101/><T95/><D54/><U27/><E40/><V122/><F122/><W110/><G110/><T28/><D53/><U74/><E74/><V45/><F45/><W62/><G46/><T124/><D52/><U34/><E135/><V104/><F104/><W114/><G43/><RYUUKYOKU ba="4,2" sc="371,-10,110,-10,126,30,373,-10" hai2="21,26,44,47,91,94,98" /><INIT seed="4,5,2,3,2,40" ten="361,100,156,363" oya="0" hai0="28,26,24,118,42,78,41,55,92,121,44,130,62" hai1="113,0,10,61,30,111,107,39,105,4,14,25,133" hai2="122,84,116,127,69,100,12,103,80,43,96,109,74" hai3="117,115,50,23,120,20,79,104,5,108,75,33,13"/><T110/><D121/><U67/><E111/><V91/><F69/><W68/><G33/><T51/><D110/><U60/><E133/><V47/><F109/><W18/><G68/><T123/><D123/><U59/><E113/><V134/><F122/><W71/><G71/><T9/><D118/><U98/><E39/><V56/><F116/><W63/><G104/><T22/><D130/><U15/><E61/><V89/><F74/><W112/><G63/><T101/><D78/><U2/><E14/><V45/><F134/><W97/><G97/><N who="0" m="59559" /><D24/><U65/><E65/><V8/><F43/><N who="0" m="16394" /><D62/><U7/><E7/><N who="2" m="3103" /><F56/><W35/><G120/><T53/><D53/><U46/><E107/><V85/><F127/><W3/><G117/><T49/><D9/><U106/><E106/><V102/><F96/><W126/><G126/><T73/><D73/><U128/><E128/><V119/><F119/><W29/><G108/><T81/><D51/><U132/><E132/><V1/><F1/><W94/><G50/><T77/><D77/><U17/><E98/><V31/><F31/><W57/><G79/><T83/><AGARI ba="5,2" hai="22,26,28,44,49,55,81,83" m="16394,59559" machi="83" ten="30,3000,0" yaku="8,1,52,1" doraHai="40" who="0" fromWho="0" sc="361,65,100,-15,156,-15,363,-15" /><INIT seed="4,6,0,2,5,59" ten="426,85,141,348" oya="0" hai0="101,96,43,82,130,110,100,15,97,75,87,13,11" hai1="128,9,46,85,52,91,1,134,111,44,73,61,60" hai2="25,135,83,119,132,88,29,14,34,105,106,122,129" hai3="102,127,58,31,39,115,57,49,47,45,54,112,65"/><T21/><D75/><U79/><E111/><V77/><F122/><W18/><G31/><T98/><D110/><U53/><E73/><V67/><F67/><W56/><G102/><N who="0" m="39531" /><D130/><U8/><E79/><V125/><F129/><W48/><G127/><T80/><D43/><U104/><E104/><V72/><F125/><W35/><G35/><T4/><D87/><U92/><E134/><N who="2" m="51243" /><F119/><W22/><G39/><T123/><D123/><U12/><E1/><V3/><F3/><W62/><G18/><AGARI ba="6,0" hai="4,11,13,15,18,21,80,82,96,97,98" m="39531" machi="18" ten="30,1500,0" yaku="8,1" doraHai="59" who="0" fromWho="3" sc="426,33,85,0,141,0,348,-33" /><INIT seed="4,7,0,2,3,44" ten="459,85,141,315" oya="0" hai0="104,14,117,96,108,123,92,65,47,1,66,113,83" hai1="43,129,88,70,38,26,62,94,9,95,27,32,52" hai2="28,109,93,61,130,134,115,84,12,75,120,58,114" hai3="105,67,2,119,98,15,5,40,17,56,89,51,53"/><T0/><D117/><U3/><E129/><V64/><F120/><W6/><G119/><T122/><D104/><U57/><E70/><V18/><F109/><W21/><G2/><T126/><D108/><U76/><E76/><V81/><F28/><W133/><G133/><T111/><D111/><U41/><E38/><V90/><F130/><W11/><G105/><T20/><D126/><U77/><E77/><V31/><F31/><W74/><G74/><T78/><D113/><N who="2" m="43018" /><F134/><W8/><G67/><T23/><D47/><U68/><E68/><V13/><F18/><W35/><G35/><T91/><D1/><U10/><E32/><V59/><F59/><W80/><G40/><N who="1" m="15434" /><E94/><V46/><F46/><W69/><G69/><T127/><D0/><U72/><E72/><V63/><F63/><W132/><G132/><T50/><D127/><U79/><E79/><AGARI ba="7,0" hai="12,13,58,61,64,75,79,81,84,90,93" m="43018" machi="79" ten="30,1000,0" yaku="15,1" doraHai="44" who="2" fromWho="1" sc="459,0,85,-31,141,31,315,0" /><INIT seed="5,0,0,3,4,114" ten="459,54,172,315" oya="1" hai0="33,112,24,22,17,131,0,82,70,86,13,50,49" hai1="61,123,2,46,6,34,32,26,79,4,120,65,71" hai2="39,51,129,8,134,93,105,88,35,37,115,98,73" hai3="102,97,54,66,48,127,128,121,119,36,100,126,58"/><U23/><E79/><V108/><F108/><W7/><G121/><T113/><D70/><U133/><E133/><V3/><F134/><W89/><G36/><T78/><D0/><U43/><E6/><V44/><F73/><W68/><G128/><T107/><D107/><U28/><E23/><V67/><F115/><N who="0" m="44106" /><D131/><U47/><E47/><V5/><F35/><W85/><G7/><T109/><D109/><U103/><E34/><V110/><F110/><W90/><G119/><T76/><D76/><U57/><E57/><V10/><F129/><W21/><G21/><T20/><D33/><U30/><E30/><AGARI ba="0,0" hai="13,17,20,22,24,30,49,50,78,82,86" m="44106" machi="30" ten="30,1000,0" yaku="15,1" doraHai="114" who="0" fromWho="1" sc="459,10,54,-10,172,0,315,0" /><INIT seed="6,0,0,5,4,83" ten="469,44,172,315" oya="2" hai0="135,120,65,67,98,104,92,132,76,7,119,12,107" hai1="37,39,4,62,22,109,108,44,14,122,126,5,13" hai2="71,16,42,33,21,11,53,127,103,1,52,90,41" hai3="34,60,19,50,26,110,84,87,29,75,30,116,61"/><V66/><F33/><W128/><G75/><T2/><D2/><U23/><E62/><N who="3" m="24170" /><G34/><T80/><D120/><U69/><E44/><V35/><F35/><W95/><G110/><T74/><D119/><U72/><E72/><V117/><F103/><W106/><G106/><T54/><D54/><U131/><E69/><V28/><F28/><N who="3" m="10859" /><G128/><T20/><D107/><U102/><E102/><V112/><F90/><W8/><G116/><T56/><D56/><U118/><E118/><V58/><F58/><W124/><G124/><T48/><D48/><U9/><E126/><V64/><F127/><W59/><G95/><T46/><D46/><U73/><E73/><V79/><F71/><W15/><G26/><T18/><D7/><U105/><E105/><V97/><F117/><W0/><G0/><T94/><D94/><U51/><E51/><V115/><F1/><W57/><G50/><T77/><D104/><U111/><E131/><V133/><F53/><W125/><G125/><T45/><D45/><U114/><E122/><V134/><F52/><W85/><AGARI ba="0,0" hai="8,15,19,57,59,84,85,87" m="10859,24170" machi="85" ten="30,7900,0" yaku="8,1,52,3" doraHai="83" who="3" fromWho="3" sc="469,-20,44,-20,172,-39,315,79" /><INIT seed="7,0,0,3,0,11" ten="449,24,133,394" oya="3" hai0="96,92,115,75,0,27,12,95,93,69,19,24,131" hai1="70,134,32,80,106,99,38,53,41,97,109,111,121" hai2="126,87,47,20,125,132,64,59,1,44,33,23,78" hai3="17,31,49,18,84,105,56,43,128,36,65,63,50"/><W26/><G105/><T67/><D75/><U117/><E53/><V48/><F33/><W6/><G128/><T15/><D0/><U29/><E97/><V68/><F1/><W61/><G6/><T104/><D131/><U54/><E54/><V94/><F68/><W3/><G3/><T35/><D115/><U52/><E52/><N who="2" m="29727" /><F44/><N who="3" m="25759" /><G36/><T120/><D120/><U46/><E121/><V103/><F132/><W2/><G2/><T110/><D110/><U10/><E134/><V13/><F103/><W51/><G63/><T135/><D135/><U4/><E70/><V82/><F94/><N who="0" m="36458" /><D35/><U98/><E117/><V81/><F82/><W72/><G72/><T133/><D104/><U88/><E99/><V40/><F40/><W102/><G102/><N who="0" m="60703" /><D69/><U108/><E98/><V7/><F125/><W60/><G60/><T58/><D133/><U113/><E106/><V77/><F78/><W118/><G118/><T85/><D85/><U86/><E113/><V79/><F77/><W21/><G84/><T55/><D67/><U74/><E74/><V9/><F126/><W89/><G89/><T45/><D45/><U83/><E83/><V16/><F7/><W119/><G119/><T116/><D116/><U71/><E71/><V100/><F100/><W34/><G34/><T76/><D76/><U123/><E123/><V37/><F37/><W14/><G31/><T114/><D114/><U73/><E73/><V124/><F124/><W130/><G130/><T107/><D107/><U42/><E42/><V30/><F30/><W22/><AGARI ba="0,0" hai="14,17,18,21,22,26,50,51,56,61,65" m="25759" machi="22" ten="30,3000,0" yaku="8,1,52,1" doraHai="11" who="3" fromWho="3" sc="449,-10,24,-10,133,-10,394,30" /><INIT seed="7,1,0,3,0,106" ten="439,14,123,424" oya="3" hai0="47,75,132,24,27,85,4,67,129,117,46,59,83" hai1="121,25,12,54,128,98,55,118,32,2,133,107,29" hai2="48,114,19,89,86,13,56,71,84,69,51,111,49" hai3="115,30,36,3,127,16,37,66,50,41,33,1,42"/><W43/><G1/><T15/><D117/><U110/><E55/><N who="2" m="31871" /><F114/><W26/><G3/><T116/><D75/><U72/><E54/><V94/><F111/><W64/><G115/><T78/><D116/><U21/><E98/><V103/><F103/><W9/><G127/><T20/><D132/><U61/><E61/><V7/><F7/><W62/><G50/><N who="2" m="19561" /><F84/><W93/><G93/><T6/><D129/><U39/><E12/><V91/><F91/><W8/><G64/><T58/><D24/><U73/><E21/><AGARI ba="1,0" hai="13,19,21,69,71,86,89,94" m="19561,31871" machi="21" ten="30,1000,0" yaku="25,1" doraHai="106" who="2" fromWho="1" sc="439,0,14,-13,123,13,424,0" owari="439,54.0,1,-50.0,136,-26.0,424,22.0" /></mjloggm>