<mjloggm ver="2.3"><GO type="41"/><UN n0="%67%65%62%6F" n1="%E3%82%B4%E3%83%B3%E3%82%B3" n2="%E6%97%A5" n3="%EF%BC%88%E2%89%A7%E2%96%BD%E2%89%A6%EF%BC%89" dan="14,15,15,15" rate="1838,2012,2053,2009" sx="F,M,M,M"/><TAIKYOKU oya="0"/><INIT seed="0,0,0,0,3,10" ten="250,250,250,250" oya="0" hai0="44,13,129,6,94,69,19,120,35,74,52,2,24" hai1="29,117,107,73,118,60,22,63,88,4,134,82,33" hai2="106,87,78,115,8,12,81,28,79,104,58,15,5" hai3="56,54,18,76,110,75,43,83,46,95,40,61,121"/><T41/><D120/><U133/><E4/><V114/><F28/><W65/><G121/><T96/><D69/><U97/><E33/><V50/><F104/><W3/><G110/><T57/><D74/><U132/><E73/><V27/><F106/><W131/><G131/><T39/><D129/><U34/><E34/><V9/><F27/><W71/><G3/><T84/><D84/><U90/><E107/><V99/><F99/><W111/><G111/><T92/><D6/><U37/><E37/><V36/><F36/><W0/><G0/><T70/><D2/><U55/><E55/><N who="2" m="32119" /><F114/><W21/><G95/><T86/><D70/><U42/><E42/><V116/><F116/><N who="1" m="44649" /><E90/><N who="2" m="51567" /><F115/><W122/><G46/><T53/><D86/><N who="1" m="50263" /><E97/><V123/><F123/><W23/><G122/><T25/><D35/><U125/><E125/><V72/><F72/><W109/><G109/><T67/><D67/><U100/><E100/><V130/><F130/><W102/><G102/><N who="0" m="60679" /><D94/><U26/><AGARI ba="0,0" hai="22,26,29,60,63,132,133,134" m="50263,44649" machi="26" ten="40,2700,0" yaku="20,1,54,1" doraHai="10" who="1" fromWho="1" sc="250,-13,250,27,250,-7,250,-7" /><INIT seed="1,0,0,1,0,98" ten="237,277,243,243" oya="1" hai0="95,29,94,81,50,73,31,128,107,45,124,90,93" hai1="39,47,108,21,100,24,85,44,91,116,82,43,111" hai2="69,115,32,20,58,57,16,9,134,14,1,80,118" hai3="35,131,65,122,8,52,51,99,4,25,19,86,106"/><U2/><E2/><V18/><F118/><W23/><G122/><T62/><D107/><U17/><E116/><V68/><F32/><W75/><G75/><T64/><D124/><U112/><E112/><V110/><F115/><W63/><G131/><T78/><D128/><U22/><E47/><V41/><F134/><W6/><G35/><T72/><D72/><U129/><E129/><V54/><F110/><N who="1" m="42025" /><E22/><V123/><F41/><W83/><G8/><T97/><D29/><U13/><E24/><V5/><F123/><W38/><G38/><T135/><D31/><U120/><E120/><V121/><F121/><W74/><G74/><T76/><D76/><U15/><E15/><V117/><F117/><W48/><G48/><T101/><D90/><U0/><E0/><V46/><F80/><W56/><G99/><T67/><D135/><U105/><E105/><V109/><F109/><W49/><G106/><T89/><D89/><U28/><E28/><V61/><F46/><N who="3" m="27703" /><G51/><T126/><D126/><U34/><E34/><V37/><F37/><W40/><G40/><T26/><D26/><U84/><E84/><V70/><F57/><W12/><G25/><T7/><D7/><U92/><E82/><V3/><F3/><W133/><G133/><T53/><REACH who="0" step="1"/><D67/><REACH who="0" ten="227,277,243,243" step="2"/><U127/><E127/><V130/><F130/><W33/><G33/><T88/><D88/><AGARI ba="0,1" hai="4,6,12,19,23,56,63,65,83,86,88" m="27703" machi="88" ten="30,3900,0" yaku="8,1,54,2" doraHai="98" who="3" fromWho="0" sc="227,-39,277,0,243,0,243,49" /><INIT seed="2,0,0,4,1,74" ten="188,277,243,292" oya="2" hai0="26,22,114,112,92,135,38,68,85,48,34,24,78" hai1="8,41,19,53,87,72,121,82,71,37,42,94,4" hai2="123,20,2,97,95,61,104,105,110,118,102,103,35" hai3="46,16,79,88,5,1,70,45,54,91,132,106,40"/><V36/><F35/><W99/><G70/><T84/><D38/><U57/><E71/><V49/><F36/><W59/><G132/><T15/><D68/><U128/><E128/><V43/><F118/><W124/><G124/><T52/><D135/><U80/><E19/><V117/><F117/><W47/><G40/><T133/><D133/><U0/><E121/><V98/><F2/><W113/><G113/><T31/><D15/><U90/><E80/><V76/><F123/><W29/><G29/><T67/><D67/><U58/><E42/><V55/><F110/><W62/><G79/><T93/><D85/><U83/><E53/><V3/><F3/><W33/><G33/><T86/><D86/><U10/><E10/><V50/><F76/><W108/><G108/><T89/><D93/><U109/><E83/><V122/><F122/><W65/><G65/><T63/><D63/><U51/><E51/><V14/><F43/><W111/><G111/><T60/><D60/><U81/><E81/><V17/><F95/><W115/><G115/><T64/><D64/><U44/><REACH who="1" step="1"/><E109/><REACH who="1" ten="188,267,243,292" step="2"/><V130/><F130/><W13/><G5/><T9/><D9/><U77/><AGARI ba="0,1" hai="0,4,8,37,41,44,57,58,72,77,82,87,90,94" machi="77" ten="30,12000,2" yaku="1,1,2,1,0,1,25,2,52,1,53,0" doraHai="74" doraHaiUra="127" who="1" fromWho="1" sc="188,-30,267,130,243,-60,292,-30" /><INIT seed="3,0,0,3,4,9" ten="158,397,183,262" oya="3" hai0="75,55,12,115,78,40,102,134,82,37,69,28,107" hai1="54,31,7,77,94,109,3,88,41,17,51,101,93" hai2="113,48,99,25,92,116,63,112,38,100,13,120,30" hai3="122,62,114,126,130,117,103,71,52,22,72,65,81"/><W47/><G122/><T111/><D134/><U2/><E31/><V84/><F38/><W90/><G117/><T96/><D111/><U106/><E109/><V23/><F116/><W66/><G114/><T110/><D110/><U50/><E77/><V74/><F74/><W57/><G130/><T123/><D123/><U105/><E41/><V19/><F120/><W124/><G103/><T70/><D115/><U80/><E7/><V43/><F84/><N who="3" m="50447" /><G72/><T125/><D125/><N who="3" m="48233" /><G71/><T64/><D12/><U0/><E80/><V118/><F118/><W119/><G119/><T128/><D55/><U21/><E51/><V11/><REACH who="2" step="1"/><F63/><REACH who="2" ten="158,397,173,262" step="2"/><W33/><G33/><T15/><D128/><U73/><E73/><V46/><AGARI ba="0,1" hai="11,13,19,23,25,30,43,46,48,92,99,100,112,113" machi="46" ten="30,7900,0" yaku="1,1,2,1,0,1,52,1,53,0" doraHai="9" doraHaiUra="58" who="2" fromWho="2" sc="158,-20,397,-20,173,89,262,-39" /><INIT seed="4,0,0,3,2,129" ten="138,377,262,223" oya="0" hai0="23,107,70,72,39,38,67,120,78,118,117,45,14" hai1="125,33,134,37,29,43,95,7,55,16,122,86,25" hai2="27,87,126,88,65,34,12,57,135,112,83,89,105" hai3="75,52,40,47,119,133,13,44,28,100,63,81,35"/><T116/><D14/><U2/><E122/><V90/><F105/><W58/><G119/><T76/><D23/><U50/><E125/><V93/><F126/><W49/><G133/><T42/><D76/><U68/><E68/><V77/><F112/><W114/><G114/><T79/><D79/><U99/><E37/><V82/><F135/><W128/><G128/><T96/><D120/><U71/><E71/><V36/><F36/><W11/><G100/><N who="0" m="62855" /><D39/><U48/><E134/><V123/><F123/><W9/><G75/><T124/><D124/><U69/><E69/><V113/><F113/><W0/><G0/><T104/><D104/><U8/><E86/><V19/><F82/><W21/><G81/><N who="0" m="45255" /><D118/><U26/><E43/><V32/><F27/><W3/><G3/><T1/><D1/><U74/><E74/><V132/><F132/><W24/><REACH who="3" step="1"/><G44/><REACH who="3" ten="138,377,262,213" step="2"/><T59/><D59/><U56/><E2/><V62/><REACH who="2" step="1"/><F93/><REACH who="2" ten="138,377,252,213" step="2"/><W64/><G64/><T127/><D127/><U80/><E95/><V94/><F94/><W97/><G97/><T41/><D41/><U18/><E99/><V111/><F111/><W6/><G6/><T92/><D92/><U131/><E131/><V31/><F31/><W66/><G66/><T85/><D85/><U51/><E80/><V110/><F110/><W60/><G60/><AGARI ba="0,2" hai="38,42,45,60,67,70,116,117" m="45255,62855" machi="60" ten="30,1500,0" yaku="23,1" doraHai="129" who="0" fromWho="3" sc="138,35,377,0,252,0,213,-15" /><INIT seed="4,1,0,3,3,20" ten="173,377,252,198" oya="0" hai0="121,2,9,104,4,67,127,110,77,124,6,59,109" hai1="57,74,68,53,114,63,13,119,86,23,79,98,82" hai2="62,115,50,15,116,134,24,80,51,43,10,94,21" hai3="37,84,41,31,92,14,55,60,117,18,95,113,122"/><T133/><D121/><U100/><E119/><V75/><F115/><W33/><G117/><T46/><D6/><U0/><E114/><V73/><F116/><W89/><G122/><T44/><D77/><U69/><E0/><V108/><F108/><N who="0" m="41578" /><D104/><U47/><E47/><N who="0" m="17961" /><D133/><U101/><E101/><V85/><F43/><W107/><G107/><T120/><D120/><U52/><E53/><V56/><F94/><W3/><G3/><T5/><D5/><U78/><E78/><N who="2" m="46231" /><F73/><W22/><G113/><T45/><N who="0" m="17969" /><T90/><DORA hai="39" /><D90/><U131/><E131/><V54/><F75/><W42/><G37/><T17/><D17/><U135/><E135/><V118/><F118/><W99/><G31/><T88/><D88/><U112/><E112/><V97/><F134/><W129/><G33/><T40/><D40/><N who="3" m="15465" /><G129/><T83/><D83/><U16/><E74/><V58/><F97/><W7/><G7/><T61/><AGARI ba="1,0" hai="2,4,9,59,61,67,124,127" m="17969,41578" machi="61" ten="40,2100,0" yaku="10,1" doraHai="20,39" who="0" fromWho="0" sc="173,24,377,-8,252,-8,198,-8" /><INIT seed="4,2,0,4,3,21" ten="197,369,244,190" oya="0" hai0="39,18,107,0,93,10,48,9,7,89,38,6,70" hai1="131,99,82,127,80,52,91,85,34,46,22,100,102" hai2="3,111,4,65,8,132,129,49,67,69,108,133,5" hai3="115,126,77,15,64,92,119,76,79,44,59,28,62"/><T23/><D107/><U130/><E34/><V13/><F69/><W112/><G119/><T27/><D70/><U60/><E82/><V118/><F49/><W57/><G126/><T98/><REACH who="0" step="1"/><D48/><REACH who="0" ten="187,369,244,190" step="2"/><N who="1" m="28695" /><E127/><V104/><F104/><W16/><G115/><T78/><D78/><U20/><E60/><V47/><F118/><W54/><G112/><T125/><D125/><U88/><E91/><V103/><F103/><W96/><G44/><T63/><D63/><U30/><E102/><V74/><F47/><W84/><G76/><T24/><D24/><U29/><E29/><V105/><F105/><W1/><G28/><T122/><D122/><U2/><E30/><V97/><F108/><W87/><G79/><T35/><D35/><U124/><E124/><V11/><F111/><W53/><G77/><T83/><D83/><U120/><E120/><V43/><F74/><W41/><G62/><T86/><D86/><U33/><E33/><V14/><F97/><W116/><G87/><T56/><D56/><U101/><E101/><V42/><F3/><AGARI ba="2,1" hai="0,3,6,7,9,10,18,23,27,38,39,89,93,98" machi="3" ten="30,12000,1" yaku="1,1,7,1,9,1,52,1,53,1" doraHai="21" doraHaiUra="12" who="0" fromWho="2" sc="187,136,369,0,244,-126,190,0" /><INIT seed="4,3,0,1,4,77" ten="323,369,118,190" oya="0" hai0="65,101,63,95,109,81,123,116,16,119,23,20,125" hai1="42,84,75,89,0,86,82,15,57,37,93,68,41" hai2="56,33,111,39,3,49,107,47,105,87,13,69,54" hai3="25,133,6,14,64,26,118,128,74,124,29,121,27"/><T135/><D123/><U35/><E0/><V102/><F3/><W46/><G74/><T83/><D109/><U71/><E35/><V67/><F33/><W11/><G118/><T92/><D125/><U9/><E75/><V112/><F111/><W115/><G121/><T50/><D135/><U40/><E37/><V103/><F112/><W134/><G115/><T122/><D122/><U32/><E32/><V24/><F24/><N who="3" m="9323" /><G46/><T12/><D119/><U117/><E57/><V52/><F13/><W59/><G59/><N who="0" m="37119" /><D116/><U99/><E86/><V130/><F130/><W114/><G64/><T60/><D60/><U108/><E108/><V78/><F67/><W61/><G61/><T96/><D50/><U62/><E62/><V10/><F69/><W21/><G114/><T127/><D127/><U55/><E55/><V110/><F10/><W91/><G124/><T113/><D113/><U17/><REACH who="1" step="1"/><E117/><REACH who="1" ten="323,359,118,190" step="2"/><V80/><F110/><W53/><G53/><T129/><D129/><U19/><E19/><V94/><F54/><W44/><G128/><T66/><D66/><U126/><E126/><V5/><F5/><W98/><G134/><T28/><D95/><U31/><E31/><V106/><REACH who="2" step="1"/><F94/><REACH who="2" ten="323,359,108,190" step="2"/><N who="3" m="56671" /><G133/><T45/><D45/><U131/><E131/><V58/><F58/><W1/><G44/><T90/><D101/><AGARI ba="3,2" hai="9,15,17,40,41,42,68,71,82,84,89,93,99,101" machi="101" ten="40,2600,0" yaku="1,1,52,1,53,0" doraHai="77" doraHaiUra="2" who="1" fromWho="0" sc="323,-35,359,55,108,0,190,0" /><INIT seed="5,0,0,5,3,105" ten="288,414,108,190" oya="1" hai0="96,23,126,129,40,124,92,62,91,109,116,41,60" hai1="74,50,48,25,73,15,106,95,113,14,26,121,104" hai2="100,65,133,21,66,35,76,71,44,34,135,53,12" hai3="110,29,56,20,75,24,125,43,33,30,70,85,46"/><U47/><E121/><V82/><F100/><W6/><G110/><T80/><D116/><U57/><E95/><V69/><F44/><W123/><G123/><T130/><D109/><U59/><E47/><V107/><F107/><W88/><G70/><T39/><D80/><U5/><E113/><V131/><F53/><W3/><G125/><N who="0" m="48235" /><D23/><U52/><E5/><V2/><F2/><W83/><G56/><T1/><D1/><U108/><E108/><V84/><F131/><N who="0" m="50186" /><D39/><U98/><E98/><V51/><F71/><W72/><G3/><T45/><D45/><U42/><E52/><V19/><F51/><W49/><REACH who="3" step="1"/><G6/><REACH who="3" ten="288,414,108,180" step="2"/><T128/><D128/><U22/><E22/><V64/><REACH who="2" step="1"/><F69/><REACH who="2" ten="288,414,98,180" step="2"/><W102/><G102/><T77/><D40/><AGARI ba="0,2" hai="14,15,25,26,40,42,48,50,57,59,73,74,104,106" machi="40" ten="25,9600,0" yaku="22,2,52,2" doraHai="105" who="1" fromWho="0" sc="288,-96,414,116,98,0,180,0" /><INIT seed="5,1,0,4,4,34" ten="192,530,98,180" oya="1" hai0="19,87,128,29,26,9,109,129,39,134,64,118,59" hai1="79,43,17,62,45,70,130,33,14,30,37,35,66" hai2="54,6,23,116,72,8,96,47,57,40,51,71,20" hai3="104,2,106,56,83,114,103,85,121,125,123,89,52"/><U18/><E130/><N who="0" m="50281" /><D39/><U24/><E79/><V110/><F110/><W126/><G2/><T22/><D109/><U115/><E115/><V49/><F116/><W28/><G28/><T113/><D118/><U50/><E35/><V95/><F71/><W4/><G4/><T91/><D113/><U100/><E100/><V7/><F72/><W46/><G46/><T25/><D134/><U90/><E90/><V94/><F6/><W31/><G31/><T93/><D9/><U119/><E119/><V76/><F76/><W75/><G114/><T36/><D36/><U32/><E32/><V0/><REACH who="2" step="1"/><F95/><REACH who="2" ten="192,530,88,180" step="2"/><W122/><G75/><T77/><D77/><U78/><E78/><V108/><F108/><W97/><REACH who="3" step="1"/><G104/><REACH who="3" ten="192,530,88,170" step="2"/><T38/><D38/><U68/><E37/><V48/><F48/><AGARI ba="1,2" hai="48,52,56,83,85,89,97,103,106,121,122,123,125,126" machi="48" ten="40,8000,1" yaku="1,1,2,1,54,1,53,2" doraHai="34" doraHaiUra="132" who="3" fromWho="2" sc="192,0,530,0,88,-83,170,103" /><INIT seed="6,0,0,2,1,130" ten="192,530,5,273" oya="2" hai0="65,13,108,105,123,131,69,52,134,126,17,106,54" hai1="82,10,4,5,85,91,76,64,72,90,75,61,93" hai2="81,92,68,3,25,47,114,78,117,127,28,16,62" hai3="80,8,26,74,11,24,103,23,7,42,21,111,34"/><V120/><F117/><W43/><G111/><T110/><D123/><U51/><E51/><V86/><F120/><W89/><G34/><T48/><D131/><U36/><E36/><V63/><F3/><W0/><G103/><T70/><D126/><U9/><E90/><V109/><F68/><W6/><G74/><T115/><D115/><U27/><E27/><V37/><F127/><W129/><G129/><T102/><D102/><U125/><E125/><V1/><F1/><W29/><G89/><T50/><D13/><U57/><REACH who="1" step="1"/><E75/><REACH who="1" ten="192,520,5,273" step="2"/><V58/><F114/><W96/><G26/><T59/><D48/><U84/><E84/><N who="2" m="48183" /><F109/><W101/><G24/><T32/><D50/><U119/><E119/><V124/><F124/><W19/><G101/><T100/><D100/><U46/><E46/><V44/><F28/><W128/><G29/><T88/><D88/><U31/><E31/><V38/><F38/><W87/><G128/><T135/><D108/><U97/><E97/><V116/><F116/><W49/><G96/><T33/><D110/><U113/><E113/><V53/><F37/><W66/><G49/><T122/><D122/><U79/><E79/><V94/><F62/><W121/><G121/><T67/><D59/><U14/><E14/><V20/><F86/><W118/><G87/><T30/><D30/><U35/><E35/><V12/><F25/><W2/><G118/><T98/><D98/><U18/><E18/><AGARI ba="0,1" hai="17,18,32,33,52,54,65,67,69,70,105,106,134,135" machi="18" ten="25,8000,1" yaku="22,2,52,2,54,1" doraHai="130" who="0" fromWho="1" sc="192,90,520,-80,5,0,273,0" /><INIT seed="7,0,0,2,2,92" ten="282,440,5,273" oya="3" hai0="104,15,71,120,64,76,68,44,8,48,59,24,52" hai1="127,0,30,134,97,43,80,101,60,132,11,35,90" hai2="58,57,81,36,40,7,56,117,33,41,112,70,65" hai3="118,87,77,85,98,108,45,47,14,6,13,99,122"/><W107/><G122/><T25/><D104/><U32/><E43/><V129/><F33/><W105/><G118/><T115/><D120/><U126/><E30/><V135/><F7/><W18/><G108/><T66/><D115/><U9/><E60/><V53/><F81/><N who="3" m="47279" /><G107/><T119/><D119/><U131/><E80/><V1/><F1/><W94/><G105/><T78/><D71/><U28/><E90/><V72/><F117/><W84/><G6/><N who="0" m="3479" /><D68/><U46/><E46/><N who="3" m="17418" /><G13/><T89/><D89/><U109/><E109/><V86/><F72/><W16/><G18/><T61/><D66/><U130/><E28/><V63/><F36/><W50/><G50/><T73/><D73/><U22/><E97/><N who="3" m="36874" /><G94/><T128/><D48/><U121/><E101/><V26/><F112/><W17/><G17/><T106/><D106/><U31/><E31/><V69/><F69/><W51/><G51/><T62/><D61/><U74/><E74/><V29/><F53/><W49/><G49/><T21/><D62/><U116/><E116/><V2/><F2/><W102/><G102/><T34/><D52/><U75/><E75/><V23/><F86/><W88/><G88/><T37/><D37/><U55/><E0/><V12/><F12/><W27/><G27/><T67/><D25/><U95/><E121/><V38/><F38/><W123/><G123/><T4/><D24/><U111/><E95/><V83/><F83/><W79/><G79/><T96/><D76/><U100/><E111/><V114/><F114/><W5/><G5/><T110/><D78/><U103/><E55/><V20/><F26/><RYUUKYOKU ba="0,0" sc="282,-15,440,15,5,-15,273,15" hai1="9,11,22,32,35,100,103,126,127,130,131,132,134" hai3="14,16,84,87" owari="267,-13.0,455,55.0,-10,-51.0,288,9.0" /></mjloggm>