<mjloggm ver="2.3"><GO type="41"/><UN n0="%4C%75%6D%61%72%74" n1="%EF%BC%88%E2%89%A7%E2%96%BD%E2%89%A6%EF%BC%89" n2="%74%2E%6D%69%6B%65" n3="%4D%69%6C%65%73" dan="13,15,15,15" rate="1834,2011,1978,2020" sx="M,M,M,F"/><TAIKYOKU oya="0"/><INIT seed="0,0,0,2,1,64" ten="250,250,250,250" oya="0" hai0="60,5,70,32,7,76,86,73,9,19,40,54,119" hai1="135,122,68,58,3,106,87,20,56,39,98,43,6" hai2="95,71,88,85,102,97,21,51,77,112,26,17,38" hai3="8,104,101,78,129,35,114,62,25,84,116,121,92"/><T132/><D73/><U65/><E122/><V61/><F38/><W107/><G114/><T48/><D119/><U34/><E34/><V94/><F112/><W118/><G35/><T126/><D32/><U100/><E135/><V93/><F77/><W12/><G25/><T29/><D132/><U22/><E39/><V69/><F61/><W13/><G62/><T128/><D29/><U27/><E43/><V120/><F120/><W115/><G13/><T110/><D126/><U23/><E87/><V134/><F134/><W113/><G12/><T30/><D30/><U11/><REACH who="1" step="1"/><E27/><REACH who="1" ten="250,240,250,250" step="2"/><V18/><F17/><W47/><G121/><T41/><D19/><U80/><E80/><V28/><F28/><W123/><G123/><T10/><D41/><U109/><E109/><V74/><F74/><W66/><G115/><T130/><D110/><U53/><E53/><V50/><REACH who="2" step="1"/><F95/><REACH who="2" ten="250,240,240,250" step="2"/><W105/><G113/><T45/><D128/><U2/><E2/><V15/><F15/><W16/><G129/><T24/><D130/><U75/><E75/><V14/><F14/><W79/><G92/><T52/><D24/><U83/><E83/><V108/><F108/><W117/><G117/><T127/><D127/><U99/><E99/><V4/><F4/><W33/><G118/><T125/><D125/><U36/><E36/><V44/><F44/><W82/><G47/><T49/><D7/><U90/><E90/><V42/><F42/><W131/><G116/><T1/><D40/><U31/><E31/><V67/><F67/><W81/><G66/><T72/><D72/><U103/><E103/><RYUUKYOKU ba="0,2" sc="250,-15,240,15,240,15,250,-15" hai1="3,6,11,20,22,23,56,58,65,68,98,100,106" hai2="18,21,26,50,51,69,71,85,88,93,94,97,102" /><INIT seed="1,1,2,3,1,126" ten="235,255,255,235" oya="1" hai0="10,30,32,54,65,41,64,40,130,131,7,35,79" hai1="113,23,52,44,93,123,20,77,74,62,63,106,57" hai2="25,58,88,27,92,37,67,132,112,13,125,45,70" hai3="117,26,15,109,103,80,76,48,101,121,89,8,4"/><U47/><E123/><V78/><F125/><W96/><G121/><T110/><D79/><U21/><E106/><V16/><F70/><W0/><G109/><T43/><D110/><U46/><E113/><V95/><F78/><W19/><G117/><T53/><D30/><U94/><REACH who="1" step="1"/><E63/><REACH who="1" ten="235,245,255,235" step="2"/><N who="2" m="38391" /><F112/><W39/><G39/><T129/><D65/><U97/><E97/><N who="2" m="57479" /><F37/><W22/><G0/><N who="0" m="359" /><D64/><U120/><E120/><V99/><F132/><W36/><G36/><T11/><D11/><U60/><E60/><V85/><F45/><W102/><G48/><T98/><D54/><U59/><E59/><V12/><F99/><W72/><REACH who="3" step="1"/><G89/><REACH who="3" ten="235,245,255,225" step="2"/><T134/><D134/><U115/><E115/><V111/><F111/><W61/><G61/><T100/><D131/><U135/><E135/><V83/><F95/><AGARI ba="1,4" hai="4,8,15,19,22,26,72,76,80,95,96,101,102,103" machi="95" ten="30,2000,0" yaku="1,1,7,1,53,0" doraHai="126" doraHaiUra="51" who="3" fromWho="2" sc="235,0,245,0,255,-23,225,63" /><INIT seed="2,0,0,5,1,91" ten="235,245,232,288" oya="2" hai0="64,11,95,55,0,102,41,35,50,99,32,36,83" hai1="132,51,43,69,60,104,72,111,19,108,27,101,130" hai2="31,2,85,3,4,14,5,110,97,54,45,59,24" hai3="75,13,123,107,103,16,98,114,37,82,113,93,118"/><V47/><F85/><W42/><G123/><T74/><D64/><N who="1" m="41095" /><E72/><V57/><F14/><W38/><G118/><T22/><D36/><U18/><E130/><V61/><F97/><W56/><G42/><T135/><D135/><U25/><E132/><V58/><F110/><N who="1" m="42025" /><E104/><V6/><F24/><N who="1" m="9289" /><E101/><V84/><F31/><W122/><G122/><T88/><D41/><U44/><AGARI ba="0,0" hai="18,19,43,44,51" m="9289,42025,41095" machi="44" ten="30,1100,0" yaku="14,1" doraHai="91" who="1" fromWho="1" sc="235,-3,245,11,232,-5,288,-3" /><INIT seed="3,0,0,0,4,29" ten="232,256,227,285" oya="3" hai0="56,33,94,4,11,93,70,71,49,13,115,121,28" hai1="69,23,65,14,52,88,81,125,135,104,21,10,42" hai2="30,1,90,22,58,122,60,38,55,3,8,34,75" hai3="59,31,89,68,118,25,134,12,45,113,124,0,109"/><W64/><G118/><T84/><D121/><U41/><E104/><V102/><F38/><W82/><G0/><T99/><D115/><U98/><E135/><V123/><F75/><W103/><G113/><T133/><D133/><U132/><E132/><V2/><F102/><W37/><G134/><T107/><D107/><U74/><E125/><V129/><F22/><N who="1" m="8201" /><E74/><V72/><F72/><W83/><G68/><T15/><D15/><U77/><E69/><V6/><F90/><W24/><G37/><T35/><D28/><U48/><E65/><V73/><F73/><W110/><G124/><T18/><D71/><U108/><E77/><V67/><F67/><W78/><G103/><T50/><D70/><U43/><E108/><N who="3" m="41578" /><G12/><T46/><D56/><N who="1" m="32775" /><E98/><V16/><F129/><W5/><G5/><T127/><D127/><U17/><E41/><V62/><F60/><N who="3" m="37919" /><G45/><T85/><D4/><U53/><E53/><V91/><F91/><W114/><G114/><T106/><D106/><U80/><E80/><N who="3" m="30762" /><G89/><T97/><D46/><U96/><E81/><V117/><F117/><W126/><G126/><T47/><D47/><U40/><E88/><V19/><F3/><W20/><G25/><T119/><D119/><U100/><E96/><V76/><F1/><W57/><G57/><T131/><D99/><U32/><E100/><V36/><F76/><AGARI ba="0,0" hai="20,24,31,76,78" m="30762,37919,41578" machi="76" ten="30,2900,0" yaku="14,1,10,1" doraHai="29" who="3" fromWho="2" sc="232,0,256,0,227,-29,285,29" /><INIT seed="3,1,0,3,2,56" ten="232,256,198,314" oya="3" hai0="117,39,36,17,114,83,57,121,16,99,103,8,84" hai1="20,124,120,77,19,0,106,6,43,71,123,134,2" hai2="66,78,86,33,101,104,24,91,74,105,21,73,72" hai3="131,64,41,53,62,29,26,32,52,10,60,75,38"/><W49/><G75/><T1/><D117/><U14/><E106/><V95/><F33/><W35/><G32/><T28/><D121/><N who="1" m="46667" /><E71/><V31/><F105/><W12/><G131/><T70/><D70/><U81/><E43/><V113/><F113/><W7/><G38/><T34/><D114/><U61/><E61/><V27/><F27/><W50/><G41/><T46/><D39/><U15/><E81/><V122/><F122/><W125/><G125/><T85/><D36/><U55/><E55/><V133/><F133/><W45/><G64/><T47/><D57/><AGARI ba="1,0" hai="7,10,12,26,29,35,45,49,50,52,53,57,60,62" machi="57" ten="30,11600,0" yaku="7,1,52,2,54,1" doraHai="56" who="3" fromWho="0" sc="232,-119,256,0,198,0,314,119" /><INIT seed="3,2,0,5,2,56" ten="113,256,198,433" oya="3" hai0="112,57,28,89,71,7,0,63,69,86,1,62,44" hai1="130,12,121,132,24,22,127,102,43,87,25,59,41" hai2="74,29,65,97,119,79,82,68,11,129,37,15,116" hai3="47,49,125,53,105,67,10,77,54,117,107,27,8"/><W92/><G117/><T9/><D28/><U114/><E121/><V21/><F37/><W58/><G125/><T84/><D112/><U39/><E114/><V118/><F129/><W31/><G67/><T106/><D106/><U48/><E39/><V5/><F97/><W45/><G77/><T18/><D1/><U36/><E36/><V101/><F101/><W14/><G92/><T104/><D104/><U115/><E115/><V98/><F98/><W17/><G10/><T70/><D86/><U126/><E102/><V30/><REACH who="2" step="1"/><F21/><REACH who="2" ten="113,256,188,433" step="2"/><W123/><G123/><T50/><D18/><U35/><E126/><V96/><F96/><W134/><G134/><T38/><D38/><U3/><E127/><V122/><F122/><W95/><G107/><T135/><D135/><U91/><E22/><V80/><F80/><W13/><G105/><T73/><D73/><U40/><E132/><V19/><F19/><W133/><G133/><T64/><D84/><U76/><E87/><V99/><F99/><W81/><G95/><T46/><D89/><U4/><E130/><V60/><AGARI ba="2,1" hai="5,11,15,29,30,60,65,68,74,79,82,116,118,119" machi="60" ten="40,8000,1" yaku="1,1,0,1,52,1,53,1" doraHai="56" doraHaiUra="78" who="2" fromWho="2" sc="113,-22,256,-22,188,96,433,-42" /><INIT seed="4,0,0,1,0,42" ten="91,234,284,391" oya="0" hai0="11,15,123,45,6,37,80,113,115,114,92,63,101" hai1="106,26,122,32,39,127,14,19,105,66,0,131,118" hai2="4,107,73,128,29,134,116,86,2,96,109,18,133" hai3="76,119,24,52,103,108,1,98,31,112,34,70,56"/><T79/><D123/><U21/><E39/><V74/><F109/><W16/><G108/><T110/><D110/><U64/><E122/><V59/><F18/><W125/><G70/><T51/><D37/><U130/><E118/><V17/><F17/><W30/><G119/><T62/><D101/><U55/><E127/><V50/><F29/><W40/><G1/><T95/><D63/><U85/><E0/><V132/><F86/><W5/><G5/><T100/><D62/><U23/><E32/><V90/><F116/><W46/><G125/><T48/><D100/><U60/><E55/><V25/><F25/><W8/><G76/><T58/><D58/><N who="1" m="36887" /><E85/><V65/><F65/><W75/><G112/><N who="0" m="28675" /><T44/><DORA hai="53" /><D51/><U126/><E66/><V129/><F4/><W7/><G75/><N who="0" m="43135" /><D48/><U87/><E126/><V78/><F2/><W28/><G34/><T91/><D95/><U117/><E117/><V10/><F10/><W72/><G72/><T22/><D22/><U99/><E23/><V47/><F73/><W35/><G35/><T83/><D83/><U67/><E67/><V111/><F111/><W81/><G81/><T9/><D9/><N who="1" m="6607" /><E106/><V88/><F107/><W13/><G103/><T121/><D121/><U54/><E105/><V84/><F74/><W36/><G98/><AGARI ba="0,0" hai="6,11,15,44,45,91,92,98" m="43135,28675" machi="98" ten="40,7700,0" yaku="15,1,52,2" doraHai="42,53" who="0" fromWho="3" sc="91,77,234,0,284,0,391,-77" /><INIT seed="4,1,0,0,4,128" ten="168,234,284,314" oya="0" hai0="25,16,103,100,6,27,31,68,23,110,55,11,125" hai1="126,58,106,130,34,83,134,50,124,57,53,90,93" hai2="91,5,63,105,20,21,127,89,28,131,117,115,15" hai3="17,33,114,79,44,59,43,64,94,26,70,46,76"/><T65/><D125/><N who="1" m="48235" /><E106/><V4/><F105/><W48/><G70/><T75/><D75/><U71/><E71/><V129/><F127/><W39/><G114/><T80/><D80/><U74/><E34/><V73/><F73/><W13/><G33/><T99/><D55/><U82/><E130/><N who="2" m="49675" /><F63/><N who="3" m="38015" /><G39/><T86/><D86/><N who="1" m="52439" /><E74/><V66/><F66/><W0/><G0/><T107/><D103/><U14/><E14/><V38/><F38/><W45/><G26/><T111/><D65/><U92/><E92/><V47/><F47/><N who="3" m="17995" /><G94/><T96/><D96/><U42/><E42/><V112/><F117/><W52/><G43/><T54/><D68/><U41/><E41/><V101/><F101/><W1/><G1/><N who="0" m="463" /><D54/><U8/><E57/><V51/><F51/><W37/><G37/><T12/><D31/><U3/><E3/><V108/><F91/><W118/><G118/><T2/><D2/><U132/><E8/><AGARI ba="1,0" hai="8,13,17,46,48,52,76,79" m="17995,38015" machi="8" ten="30,2000,0" yaku="8,1,54,1" doraHai="128" who="3" fromWho="1" sc="168,0,234,-23,284,0,314,23" /><INIT seed="5,0,0,4,0,70" ten="168,211,284,337" oya="1" hai0="41,21,76,112,33,134,107,81,7,120,110,91,50" hai1="32,22,5,53,127,4,31,56,65,109,94,55,16" hai2="17,100,59,18,20,92,98,8,10,9,63,80,64" hai3="123,19,12,72,125,11,119,126,99,111,104,86,47"/><U124/><E109/><V66/><F80/><W83/><G111/><T44/><D110/><U46/><E32/><V132/><F132/><W34/><G123/><T29/><D134/><U77/><E31/><V14/><REACH who="2" step="1"/><F66/><REACH who="2" ten="168,211,274,337" step="2"/><W62/><G72/><T3/><D120/><U79/><E65/><V23/><F23/><W28/><G34/><T133/><D133/><U131/><E124/><V37/><F37/><W68/><G126/><T89/><D112/><U130/><E127/><V95/><F95/><W88/><G125/><T108/><D108/><U1/><E94/><V135/><F135/><W2/><G104/><T51/><D33/><U128/><E1/><V129/><F129/><W61/><G2/><T78/><D107/><U6/><E46/><V85/><F85/><W114/><G114/><T82/><D3/><U115/><E115/><V74/><F74/><W27/><G47/><T97/><D44/><U26/><REACH who="1" step="1"/><E55/><REACH who="1" ten="168,201,274,337" step="2"/><V24/><AGARI ba="0,2" hai="8,9,10,14,17,18,20,24,59,63,64,92,98,100" machi="24" ten="20,5200,0" yaku="1,1,0,1,7,1,8,1,53,0" doraHai="70" doraHaiUra="71" who="2" fromWho="2" sc="168,-13,201,-26,274,72,337,-13" /><INIT seed="6,0,0,1,1,45" ten="155,175,346,324" oya="2" hai0="56,11,64,51,57,12,72,75,129,79,19,8,5" hai1="108,69,48,18,106,98,78,7,52,128,37,54,70" hai2="73,25,46,31,28,110,47,53,32,22,41,21,81" hai3="30,122,71,101,67,103,102,126,127,42,88,90,59"/><V89/><F110/><W91/><G122/><T16/><D79/><U44/><E108/><V61/><F73/><W83/><G71/><T20/><D129/><U116/><E116/><V100/><F100/><W119/><G42/><T92/><D92/><U24/><E37/><V120/><F120/><W97/><G30/><T40/><D64/><U43/><E128/><V1/><F1/><W131/><G131/><T80/><D80/><U76/><E7/><V14/><F32/><W99/><G67/><T115/><D115/><U62/><E106/><V135/><F135/><W77/><G59/><T58/><D40/><U107/><E107/><V60/><F47/><W35/><G35/><T94/><D94/><U2/><E2/><V66/><F53/><N who="1" m="20585" /><E69/><V95/><F81/><W27/><G27/><T26/><REACH who="0" step="1"/><D51/><REACH who="0" ten="145,175,346,324" step="2"/><U112/><E112/><V124/><F66/><W113/><G113/><T33/><D33/><U85/><E70/><V133/><F133/><W96/><G119/><T86/><D86/><AGARI ba="0,1" hai="77,83,86,88,90,91,96,97,99,101,102,103,126,127" machi="86" ten="50,12000,2" yaku="29,2,34,3,54,1" doraHai="45" who="3" fromWho="0" sc="145,-120,175,0,346,0,324,130" /><INIT seed="7,0,0,2,4,104" ten="25,175,346,454" oya="3" hai0="78,100,53,47,134,37,119,20,120,64,83,58,107" hai1="81,75,80,79,59,90,16,132,89,126,56,69,33" hai2="76,62,27,88,128,35,111,36,82,73,131,127,19" hai3="114,15,11,41,9,24,125,8,101,135,94,122,7"/><W99/><G122/><T55/><D120/><U52/><E33/><V91/><F36/><W40/><G114/><T110/><D110/><U106/><E106/><V32/><F111/><W1/><G125/><T71/><D119/><U61/><E126/><V93/><F62/><W65/><G135/><T21/><D134/><U12/><E132/><V103/><F19/><W109/><G109/><T86/><D71/><U31/><E31/><V118/><F27/><W60/><G24/><T26/><D64/><U49/><E69/><V13/><F13/><W45/><G1/><T130/><D130/><N who="2" m="49706" /><F127/><W116/><G116/><T97/><D21/><U87/><E90/><N who="2" m="34347" /><F118/><W44/><G41/><T29/><D37/><U28/><E28/><V50/><F50/><N who="3" m="26887" /><G45/><T105/><D47/><U51/><E59/><AGARI ba="0,0" hai="7,8,9,11,15,59,60,65,94,99,101" m="26887" machi="59" ten="30,1500,0" yaku="8,1" doraHai="104" who="3" fromWho="1" sc="25,0,175,-15,346,0,454,15" owari="25,-47.0,160,-24.0,346,15.0,469,56.0" /></mjloggm>