<mjloggm ver="2.3"><GO type="169"/><UN n0="%E9%80%A2%E9%AD%94%E3%81%8C%E6%99%82" n1="%EF%BC%88%E2%89%A7%E2%96%BD%E2%89%A6%EF%BC%89" n2="%69%6D%6D%6F%72%61%6C" n3="%6D%61%63%6A%72" dan="16,17,16,16" rate="2080,2218,2048,2085" sx="M,M,F,F"/><TAIKYOKU oya="0"/><INIT seed="0,0,0,0,2,131" ten="250,250,250,250" oya="0" hai0="43,47,112,69,37,72,55,21,118,124,96,101,49" hai1="95,39,16,52,85,65,71,97,22,9,24,122,93" hai2="115,91,135,53,99,56,36,41,19,51,6,31,84" hai3="110,57,77,61,63,34,114,75,103,94,50,111,90"/><T68/><D72/><U108/><E39/><V46/><F115/><W78/><G34/><T4/><D112/><U18/><E122/><V82/><F6/><W86/><G114/><T12/><D118/><U117/><E108/><N who="3" m="41514" /><G103/><T20/><D124/><U35/><E35/><V30/><F135/><W121/><G121/><T74/><D74/><U17/><E117/><V105/><F105/><W28/><G28/><T29/><D21/><U1/><E71/><V0/><F0/><W125/><G125/><T89/><D89/><N who="1" m="53423" /><E65/><V64/><F99/><W40/><G75/><T130/><D130/><U5/><E1/><V73/><F73/><W123/><G123/><T14/><D12/><N who="1" m="5167" /><E52/><V8/><F8/><W7/><G7/><T15/><D15/><U60/><E60/><N who="3" m="23114" /><G57/><T54/><D4/><U106/><E106/><V62/><REACH who="2" step="1"/><F19/><REACH who="2" ten="250,250,240,250" step="2"/><W127/><G127/><T58/><D96/><U80/><E18/><V113/><F113/><W133/><G133/><T81/><D69/><AGARI ba="0,1" hai="30,31,36,41,46,51,53,56,62,64,69,82,84,91" machi="69" ten="30,7700,0" yaku="1,1,7,1,24,2,53,0" doraHai="131" doraHaiUra="107" who="2" fromWho="0" sc="250,-77,250,0,240,87,250,0" /><INIT seed="1,0,0,3,5,115" ten="173,250,327,250" oya="1" hai0="95,39,69,108,27,52,90,10,24,135,83,74,16" hai1="43,57,81,37,75,77,67,93,19,119,131,111,63" hai2="128,61,47,59,44,112,101,5,92,120,45,89,105" hai3="87,121,54,25,68,46,98,23,15,96,102,51,106"/><U9/><E131/><V50/><F120/><W109/><G121/><T122/><D69/><U78/><E78/><V7/><F128/><W118/><G68/><T31/><D39/><U88/><E111/><V14/><F112/><W132/><G132/><T56/><D108/><U76/><E76/><V11/><F105/><W53/><G109/><T32/><D122/><U8/><E119/><V97/><F101/><W107/><G15/><T110/><D110/><U73/><E73/><V103/><F103/><W38/><G38/><T124/><D124/><U20/><E43/><V29/><F29/><W40/><G98/><T2/><D135/><U116/><E116/><V18/><REACH who="2" step="1"/><F50/><REACH who="2" ten="173,250,317,250" step="2"/><W33/><G106/><T133/><D133/><U35/><E37/><V70/><F70/><W28/><G102/><T36/><D36/><U62/><E35/><V99/><F99/><W65/><G96/><T1/><D74/><U26/><REACH who="1" step="1"/><E63/><REACH who="1" ten="173,240,317,250" step="2"/><V80/><F80/><W22/><G33/><T42/><D83/><U130/><E130/><V125/><F125/><W41/><G118/><T4/><D32/><U71/><E71/><V3/><F3/><W58/><G51/><T13/><D1/><U49/><E49/><V129/><F129/><W104/><G41/><T82/><D42/><U123/><E123/><V94/><F94/><W17/><G40/><T55/><D82/><U12/><E12/><V127/><F127/><W30/><G104/><T84/><D2/><U91/><E91/><V79/><F79/><W114/><G107/><T64/><D90/><U134/><E134/><V0/><F0/><RYUUKYOKU ba="0,2" sc="173,-15,240,15,317,15,250,-15" hai1="8,9,19,20,26,57,62,67,75,77,81,88,93" hai2="5,7,11,14,18,44,45,47,59,61,89,92,97" /><INIT seed="1,1,2,5,0,27" ten="158,255,332,235" oya="1" hai0="39,20,101,80,103,5,117,69,110,79,73,45,93" hai1="43,2,109,64,10,55,51,52,131,107,22,28,31" hai2="66,7,36,49,42,104,72,89,38,113,102,95,59" hai3="40,115,124,50,122,112,18,65,0,25,11,17,48"/><U90/><E107/><V29/><F72/><W119/><G122/><T61/><D117/><U94/><E131/><V106/><F7/><W56/><G124/><T99/><D110/><U75/><E75/><V77/><F77/><W108/><G108/><T32/><D32/><U121/><E121/><V46/><F102/><W63/><G119/><T135/><D135/><U74/><E74/><V6/><F6/><W98/><G0/><T82/><D5/><U26/><E109/><V92/><F92/><W47/><G11/><T123/><D123/><U4/><E64/><V86/><F113/><W118/><G118/><T84/><D20/><U1/><E1/><V33/><F38/><W44/><G98/><T71/><D61/><U114/><E114/><V87/><F87/><W16/><REACH who="3" step="1"/><G25/><REACH who="3" ten="158,255,332,225" step="2"/><T129/><D129/><U91/><E91/><V134/><F89/><W111/><G111/><T81/><D103/><U37/><E37/><V3/><F36/><W35/><G35/><T60/><D39/><U34/><E34/><V125/><F33/><W88/><G88/><T78/><D101/><U127/><E127/><V130/><F125/><W30/><G30/><T68/><D99/><U67/><E31/><V13/><F29/><W57/><G57/><T70/><D68/><U76/><E76/><V54/><F3/><W9/><G9/><T14/><D70/><U19/><E28/><V126/><F126/><W12/><G12/><T100/><D71/><U85/><REACH who="1" step="1"/><E67/><REACH who="1" ten="158,245,332,225" step="2"/><V24/><F66/><W58/><G58/><T21/><D78/><U128/><E128/><V62/><F130/><RYUUKYOKU ba="1,4" sc="158,-15,245,15,332,-15,225,15" hai1="2,4,10,19,22,26,43,51,52,55,85,90,94" hai3="16,17,18,40,44,47,48,50,56,63,65,112,115" /><INIT seed="1,2,4,5,5,26" ten="143,260,317,240" oya="1" hai0="7,61,35,130,125,3,33,109,113,105,89,68,91" hai1="119,127,116,114,43,21,134,110,103,106,62,121,132" hai2="60,49,66,19,67,56,82,74,75,28,108,15,95" hai3="65,31,100,93,8,17,12,6,88,16,58,5,24"/><U53/><E114/><V94/><F108/><W124/><G100/><T1/><D113/><U104/><E121/><V78/><F75/><W80/><G80/><T52/><D109/><U122/><E122/><V120/><F67/><W9/><G124/><T102/><D125/><U37/><E110/><V131/><F131/><W111/><G111/><T72/><D72/><U13/><E127/><V39/><F39/><W27/><G58/><T4/><D102/><U76/><E76/><V123/><F95/><W34/><G24/><T133/><D61/><U96/><E104/><V0/><F0/><W85/><G65/><T71/><D105/><U101/><E101/><V29/><F123/><W87/><G87/><T115/><D115/><U47/><E53/><V90/><F49/><W48/><G48/><T32/><D32/><U55/><E55/><V36/><F36/><W63/><G63/><T107/><D107/><U92/><E62/><V128/><F128/><W51/><G51/><T73/><D73/><U81/><E81/><V129/><F129/><W126/><G126/><T14/><D130/><U11/><E21/><V84/><F120/><W18/><G6/><T2/><D2/><AGARI ba="2,4" hai="2,5,8,9,12,16,17,18,27,31,34,85,88,93" machi="2" ten="30,7700,0" yaku="7,1,52,1,54,2" doraHai="26" who="3" fromWho="0" sc="143,-83,260,0,317,0,240,123" /><INIT seed="2,0,0,5,4,57" ten="60,260,317,363" oya="2" hai0="43,135,73,76,99,91,52,83,116,3,127,64,105" hai1="9,115,75,2,84,65,4,130,92,134,102,44,21" hai2="68,35,100,53,22,56,121,49,79,59,125,39,120" hai3="13,124,69,58,33,78,26,101,17,117,118,63,111"/><V106/><F35/><W42/><G69/><T24/><D3/><U113/><E75/><V55/><F79/><W86/><G111/><T28/><D116/><U54/><E134/><V6/><F6/><W29/><G42/><T36/><D135/><U114/><E130/><V131/><F106/><W37/><G37/><T10/><D127/><U126/><E126/><V109/><F100/><W72/><G101/><T128/><D128/><U41/><E65/><V8/><F8/><W27/><G27/><T70/><D10/><U119/><E119/><V67/><F131/><W80/><G72/><T66/><D66/><U112/><E112/><V1/><F1/><W5/><G5/><T97/><D97/><U81/><E21/><V82/><F82/><W47/><G47/><T60/><D105/><U103/><E54/><V94/><F22/><W110/><G110/><T16/><D99/><U46/><E92/><V34/><F34/><W15/><G15/><T104/><D104/><U18/><E18/><V74/><F94/><W123/><G123/><N who="2" m="47177" /><F74/><W85/><G85/><T133/><D133/><U23/><E46/><N who="2" m="27831" /><F125/><W62/><G124/><T31/><D91/><N who="1" m="51599" /><E23/><V93/><F93/><W107/><G107/><T51/><D16/><U48/><E103/><V50/><F109/><W96/><G96/><T45/><REACH who="0" step="1"/><D24/><REACH who="0" ten="50,260,317,363" step="2"/><U122/><E122/><V12/><F67/><N who="3" m="39383" /><G17/><T20/><D20/><U25/><E25/><V77/><F12/><W40/><G13/><T32/><D32/><U0/><E0/><V108/><F108/><W95/><G117/><T98/><D98/><U129/><E129/><RYUUKYOKU ba="0,1" sc="50,15,260,15,317,-15,363,-15" hai0="28,31,36,43,45,51,52,60,64,70,73,76,83" hai1="2,4,9,41,44,48,102,113,114,115" /><INIT seed="3,1,1,0,5,32" ten="65,275,302,348" oya="3" hai0="102,45,80,82,26,134,47,71,17,43,44,110,5" hai1="87,116,104,18,124,66,112,96,99,117,93,28,72" hai2="90,89,64,105,133,8,57,92,27,39,129,86,126" hai3="119,49,58,38,75,19,121,65,25,62,1,108,127"/><W70/><G75/><T63/><D110/><U48/><E72/><V78/><F39/><W31/><G119/><N who="1" m="45642" /><E28/><V9/><F105/><W14/><G38/><T113/><D113/><U125/><E66/><V130/><F78/><W79/><G79/><T41/><D134/><U67/><E67/><V11/><F133/><W10/><G121/><T34/><D71/><U13/><E48/><V52/><F64/><W100/><G100/><T83/><D63/><U132/><E132/><V15/><F27/><W120/><G127/><N who="1" m="48714" /><E112/><V6/><F90/><W84/><G108/><T16/><D102/><N who="1" m="62559" /><E18/><V135/><F135/><W69/><G120/><T0/><D34/><U56/><E56/><V68/><F126/><W33/><G49/><T73/><D73/><U118/><E13/><V111/><F111/><W122/><G122/><T123/><D123/><U36/><E36/><V91/><F68/><W22/><REACH who="3" step="1"/><G84/><REACH who="3" ten="65,275,302,338" step="2"/><T30/><D30/><U103/><E118/><V128/><F91/><W3/><G3/><T53/><D53/><U106/><E87/><V107/><F107/><AGARI ba="1,2" hai="93,96,103,106,107" m="62559,48714,45642" machi="107" ten="30,7700,0" yaku="12,1,18,1,34,2" doraHai="32" who="1" fromWho="2" sc="65,0,275,100,302,-80,338,0" /><INIT seed="4,0,0,3,0,110" ten="65,375,222,338" oya="0" hai0="66,123,100,19,88,24,33,53,99,84,60,34,97" hai1="73,113,57,70,68,69,30,38,77,25,62,22,104" hai2="124,109,32,92,1,42,52,128,12,48,55,87,83" hai3="15,8,36,47,120,76,63,94,18,112,107,26,131"/><T67/><D123/><U118/><E38/><V28/><F1/><W71/><G107/><T20/><D67/><U75/><E104/><V58/><F109/><W105/><G105/><T27/><D27/><U78/><E118/><V133/><F133/><W17/><G131/><T54/><D34/><U89/><E89/><V35/><F128/><W130/><G130/><T56/><D99/><U11/><E11/><V95/><F42/><W81/><G94/><T37/><D37/><U14/><E14/><V98/><F124/><W50/><G36/><T102/><D33/><U65/><E113/><V43/><F43/><W41/><G112/><T108/><D108/><U119/><E119/><V114/><F114/><W45/><G45/><T13/><D13/><U115/><E115/><V132/><F132/><W122/><G63/><T9/><D9/><U21/><E21/><V117/><F12/><W40/><G40/><T126/><D126/><U51/><E51/><V129/><F129/><W31/><G71/><T29/><D19/><U7/><E7/><V0/><F0/><W49/><G49/><T125/><D125/><U10/><E10/><V2/><F2/><W4/><G120/><T3/><D3/><U106/><E106/><V103/><F95/><W93/><G93/><N who="0" m="58415" /><D102/><U72/><AGARI ba="0,0" hai="22,25,30,57,62,65,68,69,70,72,73,75,77,78" machi="72" ten="40,1500,0" yaku="0,1" doraHai="110" who="1" fromWho="1" sc="65,-7,375,15,222,-4,338,-4" /><INIT seed="5,0,0,3,5,113" ten="58,390,218,334" oya="1" hai0="17,100,8,131,78,66,80,104,77,15,119,41,21" hai1="93,25,70,34,91,76,19,13,26,62,12,24,32" hai2="127,118,112,31,116,122,85,18,90,75,27,95,129" hai3="110,57,123,126,44,33,81,28,106,1,60,0,125"/><U37/><E37/><V86/><F122/><W52/><G106/><T73/><D78/><U6/><E76/><V109/><F109/><W88/><G110/><T35/><D35/><U135/><E135/><V64/><F64/><W111/><G123/><T83/><D83/><U48/><E70/><V114/><F75/><W115/><G111/><T5/><D131/><U65/><E65/><V63/><F63/><W38/><G115/><N who="2" m="44073" /><F129/><W101/><G101/><T89/><D66/><U56/><E62/><V3/><F3/><W54/><G28/><T103/><D89/><U22/><E34/><N who="2" m="20863" /><F127/><N who="3" m="48651" /><G33/><T69/><D69/><U124/><E32/><V71/><F71/><W4/><G4/><T108/><D108/><U98/><E124/><V23/><F86/><N who="3" m="50255" /><G38/><T16/><D17/><U14/><E6/><V117/><F117/><W128/><G128/><T53/><D41/><U105/><E105/><V40/><F40/><W43/><G43/><T87/><D73/><U96/><E96/><V45/><F45/><W72/><G72/><T47/><D104/><U9/><E98/><V94/><F95/><W79/><G79/><T46/><D46/><U49/><E93/><V58/><F58/><W82/><G82/><T132/><D132/><U11/><E56/><V130/><F130/><W2/><G2/><T97/><D97/><U20/><E49/><AGARI ba="0,0" hai="0,1,44,49,52,54,57,60" m="50255,48651" machi="49" ten="30,3900,0" yaku="18,1,54,2" doraHai="113" who="3" fromWho="1" sc="58,0,390,-39,218,0,334,39" /><INIT seed="6,0,0,0,1,67" ten="58,351,218,373" oya="2" hai0="0,121,134,22,123,57,80,100,56,59,96,125,124" hai1="112,20,135,53,28,66,39,8,94,118,18,71,91" hai2="111,1,38,95,58,82,104,105,74,116,106,55,31" hai3="84,34,4,30,10,6,11,51,21,101,43,52,29"/><V41/><F116/><W23/><G101/><T79/><D0/><U3/><E39/><V24/><F1/><W36/><G36/><T76/><D22/><N who="3" m="8201" /><G43/><T110/><D110/><U32/><E32/><V62/><F111/><W2/><G34/><T133/><D80/><U25/><E118/><V130/><F130/><W61/><G61/><T64/><D100/><U42/><E42/><V54/><F24/><W119/><G2/><T40/><D40/><U47/><E3/><V33/><F31/><N who="3" m="11787" /><G119/><T93/><D93/><U9/><E28/><V69/><F33/><W88/><G10/><T97/><D64/><U99/><E66/><V48/><F95/><N who="3" m="54663" /><G11/><T81/><D81/><U19/><E8/><V103/><F82/><W35/><G35/><T108/><D108/><U132/><E9/><V92/><F74/><W107/><G107/><T15/><D15/><U68/><E18/><V120/><F120/><N who="0" m="46154" /><D97/><U37/><E37/><V46/><F92/><W27/><G27/><T126/><D96/><U115/><E53/><V75/><F75/><W16/><G16/><T7/><D7/><U114/><E47/><AGARI ba="0,0" hai="4,6,47,51,52" m="54663,11787,8201" machi="47" ten="30,3900,0" yaku="8,1,54,2" doraHai="67" who="3" fromWho="1" sc="58,0,351,-39,218,0,373,39" /><INIT seed="7,0,0,5,3,48" ten="58,312,218,412" oya="3" hai0="33,90,64,88,39,15,20,10,11,47,74,41,22" hai1="50,24,40,107,89,102,94,63,46,49,109,84,54" hai2="66,119,28,6,52,19,43,0,12,4,30,55,123" hai3="23,132,29,111,32,104,21,62,131,25,13,81,85"/><W122/><G104/><T96/><D33/><U45/><E109/><V76/><F119/><W129/><G122/><T71/><D74/><U61/><E107/><V128/><F123/><W79/><G132/><T16/><D11/><U59/><E102/><V37/><F128/><N who="3" m="49227" /><G111/><T58/><D71/><U5/><E5/><N who="2" m="2155" /><F37/><W93/><G62/><T1/><D1/><U34/><E34/><V8/><F0/><W83/><G93/><T60/><D90/><U99/><E84/><V26/><F43/><W133/><G133/><T116/><D116/><U80/><E80/><V65/><F76/><N who="3" m="46247" /><G13/><T42/><D42/><U38/><REACH who="1" step="1"/><E24/><REACH who="1" ten="58,302,218,412" step="2"/><V105/><F105/><W130/><G130/><T115/><D96/><U97/><E97/><V57/><F26/><W87/><AGARI ba="0,1" hai="21,23,25,29,32,79,83,87" m="46247,49227" machi="87" ten="30,1500,0" yaku="19,1" doraHai="48" who="3" fromWho="3" sc="58,-5,302,-5,218,-5,412,25" owari="53,-45.0,297,10.0,213,-19.0,437,54.0" /></mjloggm>