<mjloggm ver="2.3"><GO type="41"/><UN n0="%E8%8A%A5%E5%B7%9D%E6%B3%A5%E4%B9%83%E4%BB%8B" n1="%61%79%75%6D%69%78%E2%99%AA" n2="%E3%82%A6%E3%83%AB%E3%83%88%E3%83%A9%E7%AB%8B%E7%9B%B4" n3="%E7%89%B9%E4%B8%8A%E3%81%B8%E3%81%AE%E9%81%93" dan="13,13,15,14" rate="1914,1881,1993,2050" sx="M,M,M,M"/><TAIKYOKU oya="0"/><INIT seed="0,0,0,5,5,107" ten="250,250,250,250" oya="0" hai0="134,131,47,83,60,12,18,17,88,126,59,99,125" hai1="30,117,2,87,20,31,113,77,76,39,32,132,135" hai2="109,28,57,68,13,9,48,25,5,90,24,67,7" hai3="21,64,11,108,45,93,54,133,130,27,103,120,72"/><T95/><D134/><U111/><E39/><V40/><F68/><W116/><G116/><T61/><D131/><U35/><E2/><V75/><F25/><W6/><G130/><T0/><D0/><U42/><E42/><V34/><F5/><W43/><G133/><T124/><D47/><U14/><E87/><V128/><F128/><W106/><G120/><T26/><D26/><U19/><E113/><V16/><F109/><W127/><G106/><T114/><D114/><U62/><E117/><V36/><F36/><W80/><G108/><T1/><D1/><U70/><E111/><V66/><F75/><W102/><G64/><T44/><D44/><U37/><E37/><V82/><F82/><W50/><G127/><T69/><D69/><U3/><E3/><N who="2" m="255" /><F90/><W15/><G43/><T65/><D61/><U23/><E70/><V53/><F40/><W51/><G51/><T58/><D58/><U41/><E41/><V56/><F56/><W110/><G110/><T121/><D121/><U63/><E14/><V29/><F29/><W74/><G80/><T22/><D83/><U115/><E115/><V84/><F84/><W33/><G33/><T55/><REACH who="0" step="1"/><D18/><AGARI ba="0,0" hai="18,19,20,23,30,31,32,35,62,63,76,77,132,135" machi="18" ten="25,1600,0" yaku="22,2" doraHai="107" who="1" fromWho="0" sc="250,-16,250,16,250,0,250,0" /><INIT seed="1,0,0,4,1,38" ten="234,266,250,250" oya="1" hai0="67,105,121,10,60,22,112,104,8,44,47,11,128" hai1="28,86,126,30,85,131,17,75,26,52,25,68,46" hai2="135,114,132,43,133,116,82,65,95,61,113,119,50" hai3="71,127,51,91,21,74,88,54,23,2,48,102,49"/><U103/><E75/><V66/><F95/><W40/><G74/><T31/><D112/><N who="2" m="43114" /><F82/><W41/><G71/><T87/><D128/><U56/><E68/><N who="2" m="42031" /><F66/><W33/><G2/><T120/><D87/><U124/><E131/><V1/><F1/><W89/><G33/><T93/><D93/><U80/><E103/><V34/><F34/><W123/><G123/><N who="0" m="47179" /><D22/><N who="3" m="8201" /><G127/><T70/><D31/><U108/><E108/><V110/><F110/><W72/><G72/><T53/><D53/><U122/><E122/><V134/><F134/><W39/><G39/><T15/><D15/><U6/><E6/><V99/><F99/><W101/><G54/><T92/><D92/><U55/><E80/><V4/><F4/><W59/><G59/><T125/><D125/><U79/><E56/><V76/><F76/><W18/><G18/><T45/><AGARI ba="0,0" hai="8,10,11,44,45,47,60,67,70,104,105" m="47179" machi="45" ten="40,1500,0" yaku="13,1" doraHai="38" who="0" fromWho="0" sc="234,15,266,-7,250,-4,250,-4" /><INIT seed="2,0,0,1,2,98" ten="249,259,246,246" oya="2" hai0="19,97,46,23,57,50,99,59,69,73,76,102,133" hai1="3,85,108,86,130,28,63,55,92,75,81,128,39" hai2="37,110,4,22,96,8,66,24,74,80,107,12,68" hai3="60,131,129,48,116,109,11,0,31,25,44,5,135"/><V127/><F37/><W14/><G116/><T119/><D69/><U20/><E39/><V53/><F127/><W106/><G106/><T17/><D133/><U21/><E3/><V64/><F110/><W45/><G109/><T33/><D33/><U1/><E1/><V114/><F114/><W13/><G135/><T26/><D119/><U34/><E34/><V18/><F68/><W104/><G104/><T71/><D71/><U32/><E32/><V120/><F120/><W70/><G31/><T6/><D6/><U67/><E108/><V121/><F121/><W115/><G25/><T29/><D97/><U15/><E75/><V111/><F111/><W91/><G115/><T87/><D73/><U82/><E28/><V36/><F36/><W122/><G122/><T134/><D134/><U38/><E38/><V124/><F124/><W113/><G113/><T56/><D76/><U77/><E92/><V2/><F2/><W101/><G70/><T126/><D87/><U93/><E93/><V9/><F9/><W89/><G0/><T100/><D126/><U65/><E63/><V61/><F80/><W43/><G5/><T51/><D99/><U35/><E35/><V123/><F74/><W94/><G11/><T42/><D51/><U16/><E55/><V78/><F78/><W84/><G48/><T118/><D118/><U132/><E132/><V62/><F123/><W40/><G60/><N who="2" m="23145" /><F53/><W112/><G112/><T49/><D49/><U27/><E27/><V125/><F125/><W41/><G84/><T79/><D79/><N who="1" m="46271" /><E21/><V105/><F105/><W83/><G83/><RYUUKYOKU ba="0,0" sc="249,10,259,10,246,10,246,-30" hai0="17,19,23,26,29,42,46,50,56,57,59,100,102" hai1="15,16,20,65,67,77,82,86,128,130" hai2="4,8,12,18,22,24,64,66,96,107" /><INIT seed="2,1,0,3,2,67" ten="259,269,256,216" oya="2" hai0="120,128,105,113,25,49,35,100,96,48,78,115,1" hai1="29,34,84,99,53,60,41,91,42,81,59,83,12" hai2="98,119,134,87,126,130,4,124,68,64,20,102,89" hai3="69,38,95,46,123,109,13,47,14,17,19,122,57"/><V44/><F119/><W51/><G109/><T131/><D1/><U70/><E34/><V73/><F73/><W90/><G69/><T92/><D120/><U62/><E29/><V30/><F4/><W3/><G3/><T36/><D36/><U107/><E81/><V80/><F44/><W31/><G31/><T65/><D65/><U85/><E84/><V133/><F64/><W58/><G38/><T72/><D25/><U112/><E112/><N who="0" m="43081" /><D35/><U7/><E99/><V15/><F68/><W121/><G51/><T52/><D49/><U86/><E107/><N who="2" m="63959" /><F15/><N who="3" m="5643" /><G90/><T10/><D10/><U110/><E110/><V118/><F118/><W75/><G75/><T2/><D2/><U111/><E111/><V66/><F66/><W23/><G95/><T129/><D78/><U132/><E70/><V97/><F20/><W108/><G23/><T125/><D72/><U18/><E7/><V71/><F71/><W27/><G27/><T117/><D117/><U74/><E74/><V63/><F30/><W40/><G40/><T88/><D125/><N who="2" m="48234" /><F63/><W43/><G108/><T135/><D105/><U127/><E60/><V9/><F9/><W50/><G47/><N who="0" m="27679" /><D100/><U93/><E127/><V8/><F8/><W77/><G58/><T33/><D33/><U116/><E116/><V82/><F82/><W54/><G57/><T28/><D28/><U104/><E104/><V79/><F130/><W45/><G123/><T39/><D39/><U61/><E61/><V101/><F79/><W21/><G122/><T56/><D56/><U26/><E59/><V106/><AGARI ba="1,0" hai="80,87,89,97,101,106,133,134" m="48234,63959" machi="106" ten="30,6000,0" yaku="18,1,34,2" doraHai="67" who="2" fromWho="2" sc="259,-21,269,-21,256,63,216,-21" /><INIT seed="2,2,0,4,4,102" ten="238,248,319,195" oya="2" hai0="23,80,104,30,98,97,117,54,69,107,38,111,14" hai1="86,84,83,91,59,28,131,100,79,78,4,85,94" hai2="52,95,62,50,49,129,128,75,130,48,89,39,122" hai3="36,70,19,66,24,40,7,112,44,32,6,114,9"/><V21/><F75/><W88/><G7/><T106/><D69/><U81/><E4/><V27/><F39/><W1/><G19/><T90/><D38/><U63/><E28/><V125/><F122/><W113/><G88/><T35/><D35/><U133/><E133/><V25/><F125/><W101/><G101/><T108/><D117/><U87/><E59/><N who="2" m="35175" /><F21/><W2/><G2/><T134/><D134/><U64/><E63/><V99/><AGARI ba="2,0" hai="25,27,48,49,50,89,95,99,128,129,130" m="35175" machi="99" ten="40,3900,0" yaku="19,1,54,1" doraHai="102" who="2" fromWho="2" sc="238,-15,248,-15,319,45,195,-15" /><INIT seed="2,3,0,2,4,28" ten="223,233,364,180" oya="2" hai0="84,4,10,122,21,79,99,133,129,81,14,66,11" hai1="106,37,104,80,74,72,5,92,36,13,77,25,113" hai2="130,9,24,52,76,124,78,39,55,31,107,127,44" hai3="101,61,132,88,34,112,89,126,110,40,54,118,6"/><V100/><F100/><W12/><G118/><T32/><D133/><U67/><E67/><V42/><F107/><W56/><G132/><T8/><D129/><U20/><E113/><V64/><F64/><W125/><G112/><T82/><D122/><U119/><E119/><V93/><F93/><W0/><G0/><T135/><D135/><U1/><E92/><V47/><F9/><N who="3" m="4151" /><G34/><T75/><D32/><U128/><E13/><V45/><F39/><W123/><G123/><T69/><D21/><U83/><E128/><V62/><F42/><W38/><G101/><T60/><REACH who="0" step="1"/><D99/><REACH who="0" ten="213,233,364,180" step="2"/><U108/><E20/><V117/><F130/><W53/><G110/><T90/><AGARI ba="3,1" hai="4,8,10,11,14,60,66,69,75,79,81,82,84,90" machi="90" ten="20,8000,1" yaku="1,1,2,1,0,1,7,1,53,1" doraHai="28" doraHaiUra="57" who="0" fromWho="0" sc="213,99,233,-23,364,-43,180,-23" /><INIT seed="3,0,0,3,5,28" ten="312,210,321,157" oya="3" hai0="57,102,50,33,54,32,128,91,92,122,134,110,27" hai1="20,13,121,129,38,1,65,130,61,73,77,10,79" hai2="8,111,81,34,118,25,4,86,14,51,120,30,11" hai3="15,70,41,127,125,135,133,100,48,39,68,29,67"/><W45/><G100/><T101/><D122/><U84/><E121/><V108/><F120/><W97/><G97/><T63/><D134/><N who="3" m="51209" /><G29/><T7/><D128/><U58/><E38/><V31/><F118/><W64/><G39/><T19/><D110/><N who="2" m="42026" /><F86/><W94/><G94/><T124/><D124/><N who="3" m="47689" /><G15/><T104/><D7/><U12/><E1/><N who="2" m="15" /><F51/><W88/><G88/><T52/><D102/><U18/><E73/><V123/><F81/><W66/><AGARI ba="0,0" hai="41,45,48,64,66,67,68,70" m="47689,51209" machi="66" ten="40,12000,1" yaku="20,1,18,1,34,2" doraHai="28" who="3" fromWho="3" sc="312,-40,210,-40,321,-40,157,120" /><INIT seed="3,1,0,2,5,18" ten="272,170,281,277" oya="3" hai0="127,54,71,80,113,124,86,95,7,12,14,20,68" hai1="85,47,118,112,51,98,121,23,8,83,41,5,90" hai2="39,131,107,73,34,36,97,37,10,50,129,42,6" hai3="117,67,66,130,49,123,132,74,104,3,79,30,77"/><W92/><G123/><T33/><D33/><U60/><E121/><V133/><F34/><W27/><G104/><T56/><D113/><U106/><E118/><V114/><F73/><W100/><G117/><T52/><D95/><U35/><E112/><V25/><F25/><W1/><G132/><T2/><D2/><U11/><E35/><V64/><F64/><W22/><G130/><N who="2" m="49673" /><F114/><W89/><G100/><T24/><D7/><U9/><E106/><V99/><F107/><W69/><G49/><T81/><D86/><U31/><E98/><N who="2" m="37387" /><F133/><W119/><G119/><T15/><D24/><U45/><E45/><N who="2" m="23751" /><F50/><W125/><G92/><T105/><D105/><U38/><E38/><V122/><F122/><W111/><G74/><T32/><D32/><U82/><E60/><V135/><F135/><W40/><G3/><AGARI ba="1,0" hai="3,6,10,37,39" m="23751,37387,49673" machi="3" ten="30,1000,0" yaku="19,1" doraHai="18" who="2" fromWho="3" sc="272,0,170,0,281,13,277,-13" /><INIT seed="4,0,0,4,5,37" ten="272,170,294,264" oya="0" hai0="128,104,20,130,86,12,1,69,44,49,82,127,56" hai1="129,33,116,119,39,67,88,68,41,28,46,135,90" hai2="115,100,113,97,125,95,0,27,80,117,34,16,21" hai3="14,18,8,72,121,83,5,7,112,77,98,81,91"/><T63/><D104/><U59/><E28/><V76/><F0/><W13/><G121/><T58/><D1/><U32/><E33/><V126/><F34/><W114/><G98/><T31/><D127/><U87/><E32/><V64/><F64/><W36/><G36/><T109/><D109/><U10/><E135/><V108/><F108/><W9/><G18/><N who="0" m="10311" /><D69/><U84/><E129/><N who="0" m="49769" /><D31/><U57/><E10/><V38/><F38/><W105/><G105/><T40/><D63/><U6/><E6/><V94/><F94/><W134/><G134/><T30/><D30/><U65/><E68/><V25/><F117/><W99/><G99/><T45/><D45/><U42/><E39/><V2/><F2/><W103/><G103/><T52/><D52/><U85/><E87/><AGARI ba="0,0" hai="5,7,8,9,13,14,72,77,81,83,87,91,112,114" machi="87" ten="40,1300,0" yaku="9,1" doraHai="37" who="3" fromWho="1" sc="272,0,170,-13,294,0,264,13" /><INIT seed="5,0,0,1,3,88" ten="272,157,294,277" oya="1" hai0="20,43,42,8,26,94,19,14,98,0,112,27,133" hai1="21,100,59,128,45,83,64,111,134,25,77,114,122" hai2="74,56,69,101,10,34,103,109,104,73,57,68,67" hai3="54,66,46,115,15,18,95,39,63,38,60,93,86"/><U61/><E122/><V5/><F67/><W47/><G39/><T87/><D133/><U113/><E134/><V118/><F10/><W58/><G115/><T6/><D112/><U120/><E120/><V106/><F5/><W30/><G30/><T81/><D27/><U127/><E111/><V51/><F51/><W119/><G119/><T44/><D44/><U29/><E128/><V90/><F90/><W89/><G38/><T33/><D33/><U9/><E127/><V52/><F52/><W32/><G32/><T129/><D129/><U126/><E126/><V99/><F99/><W75/><G75/><T84/><D0/><U49/><E9/><V3/><F34/><W35/><G35/><T4/><D4/><U53/><REACH who="1" step="1"/><E100/><REACH who="1" ten="272,147,294,277" step="2"/><V123/><F123/><W55/><G46/><T13/><D8/><U16/><E16/><V135/><F135/><W105/><G47/><T85/><D6/><U2/><E2/><V28/><F3/><W1/><G1/><T76/><D43/><U36/><E36/><V131/><F131/><W78/><G18/><T31/><D42/><U48/><E48/><V117/><F28/><W108/><G108/><AGARI ba="0,1" hai="56,57,68,69,73,74,101,103,104,106,108,109,117,118" machi="108" ten="25,1600,0" yaku="22,2" doraHai="88" who="2" fromWho="3" sc="272,0,147,0,294,26,277,-16" /><INIT seed="6,0,0,4,0,28" ten="272,147,320,261" oya="2" hai0="20,80,25,64,55,85,40,54,19,102,29,51,0" hai1="112,73,30,26,48,94,46,134,105,93,98,36,44" hai2="90,6,31,99,97,133,116,82,81,22,15,7,61" hai3="37,84,126,21,127,135,79,129,125,62,88,77,132"/><V68/><F116/><W58/><G37/><T24/><D0/><U108/><E108/><V101/><F133/><N who="3" m="51275" /><G21/><T66/><D102/><U5/><E73/><V130/><F130/><W96/><G96/><T56/><D40/><U63/><E112/><V1/><F1/><W38/><G38/><T109/><D109/><U71/><E134/><V118/><F118/><W83/><G129/><T45/><D25/><U128/><E128/><V110/><F110/><W4/><G4/><T74/><D74/><U70/><E5/><V120/><F120/><W119/><G119/><T91/><REACH who="0" step="1"/><D19/><REACH who="0" ten="262,147,320,261" step="2"/><U3/><E36/><V117/><F101/><W111/><G111/><T60/><AGARI ba="0,1" hai="20,24,29,45,51,54,55,56,60,64,66,80,85,91" machi="60" ten="20,12000,2" yaku="1,1,2,1,0,1,7,1,8,1,53,1" doraHai="28" doraHaiUra="78" who="0" fromWho="0" sc="262,130,147,-30,320,-60,261,-30" /><INIT seed="7,0,0,0,0,66" ten="392,117,260,231" oya="3" hai0="112,108,16,13,12,99,101,23,3,86,8,74,37" hai1="42,106,113,50,76,63,132,96,104,80,26,102,27" hai2="1,14,73,15,43,0,39,52,122,123,62,119,34" hai3="118,46,38,95,22,45,59,126,85,97,65,88,71"/><W83/><G118/><T67/><D37/><U25/><E132/><V120/><F43/><W47/><G126/><T35/><D74/><U111/><E113/><V84/><F39/><W125/><G125/><T110/><D108/><U29/><E111/><V5/><F73/><W54/><G38/><T70/><D35/><U28/><E42/><V87/><F34/><W7/><G7/><T9/><D70/><U114/><E114/><V131/><F119/><W109/><G109/><T55/><D67/><U107/><E50/><V33/><F33/><W53/><G71/><T127/><D3/><N who="2" m="1098" /><F5/><W20/><G65/><T79/><D13/><N who="2" m="4618" /><F131/><W98/><G98/><T30/><D30/><U36/><E36/><V100/><F100/><W19/><G19/><T78/><D16/><U41/><E41/><V6/><F6/><W121/><G121/><N who="2" m="30977" /><V115/><DORA hai="11" /><F115/><W117/><G54/><T18/><D112/><U44/><E44/><V89/><F89/><N who="3" m="55535" /><G117/><T21/><D101/><U90/><E90/><V60/><F52/><W82/><G83/><T4/><D55/><U17/><E17/><V81/><F81/><W24/><G24/><T10/><D18/><U48/><E48/><AGARI ba="0,0" hai="20,22,45,46,47,48,53,59,82,85,88" m="55535" machi="48" ten="30,2900,0" yaku="8,1,54,1" doraHai="66,11" who="3" fromWho="1" sc="392,0,117,-29,260,0,231,29" /><INIT seed="7,1,0,5,1,56" ten="392,88,260,260" oya="3" hai0="7,117,11,0,53,126,21,78,16,121,82,54,134" hai1="83,81,9,67,101,93,29,127,110,37,125,35,10" hai2="57,102,130,80,14,60,30,66,31,92,95,112,22" hai3="33,19,48,68,2,44,104,132,24,96,133,64,131"/><W55/><G2/><T85/><D121/><U115/><E67/><V72/><F72/><W105/><G131/><T119/><D134/><N who="3" m="51817" /><G96/><T58/><D126/><U120/><E37/><V111/><F111/><W70/><G33/><T47/><D47/><U15/><E15/><V18/><F130/><W97/><G97/><T27/><D54/><U25/><E120/><V12/><F112/><W109/><G109/><T23/><D23/><U100/><E115/><V79/><F102/><W98/><G98/><T62/><AGARI ba="1,0" hai="0,7,11,16,21,27,53,58,62,78,82,85,117,119" machi="62" ten="20,5200,0" yaku="0,1,7,1,52,1,54,1" doraHai="56" who="0" fromWho="0" sc="392,55,88,-14,260,-14,260,-27" owari="447,55.0,74,-43.0,246,5.0,233,-17.0" /></mjloggm>