<mjloggm ver="2.3"><GO type="41"/><UN n0="%E3%81%BF%E3%81%BF%E3%81%AE%E3%81%93" n1="%E3%81%8D%E3%82%85%E3%81%86%E3%81%99" n2="%EF%BC%88%E2%89%A7%E2%96%BD%E2%89%A6%EF%BC%89" n3="%75%74%69%64%61" dan="16,14,14,13" rate="2024,1907,2042,1887" sx="M,F,M,M"/><TAIKYOKU oya="0"/><INIT seed="0,0,0,1,4,127" ten="250,250,250,250" oya="0" hai0="32,107,118,81,37,97,0,108,130,60,84,112,57" hai1="114,25,4,111,14,50,101,9,75,103,105,5,7" hai2="124,110,59,53,86,133,72,67,106,2,6,65,131" hai3="79,100,102,89,128,48,92,44,113,78,76,129,51"/><T30/><D118/><U11/><E75/><V104/><F72/><W125/><G113/><T22/><D112/><U26/><E114/><V87/><F124/><W95/><G125/><T83/><D37/><U117/><E105/><V16/><F110/><W64/><G64/><T41/><D0/><U77/><E117/><V88/><F133/><W34/><G34/><T99/><D41/><U20/><E111/><V47/><F2/><W115/><G115/><T73/><D32/><U24/><E77/><V1/><F47/><W80/><G44/><T93/><D108/><U35/><E35/><V38/><F38/><W3/><G3/><T43/><D43/><U120/><E120/><V58/><F86/><N who="3" m="50375" /><G51/><T40/><D40/><U90/><E90/><V15/><F6/><W68/><G68/><T45/><D45/><U42/><E42/><V52/><F1/><W116/><G48/><T55/><D107/><U123/><E50/><N who="2" m="30999" /><F104/><W91/><G116/><T94/><D73/><U61/><E61/><N who="2" m="36079" /><F106/><W31/><G31/><T33/><D33/><U17/><E123/><V49/><F49/><W28/><G28/><T135/><D30/><U85/><E85/><V70/><F70/><W21/><G21/><T69/><D22/><N who="1" m="11575" /><E103/><N who="3" m="39466" /><G95/><T82/><D93/><U119/><E101/><V10/><F131/><W12/><G12/><T19/><D130/><N who="3" m="50281" /><G76/><T54/><D69/><U109/><E119/><V96/><F65/><W74/><G74/><T13/><D94/><U29/><E109/><V122/><F67/><W46/><G46/><T39/><D13/><U71/><E71/><V132/><F15/><RYUUKYOKU ba="0,0" sc="250,-15,250,15,250,-15,250,15" hai1="4,5,7,9,11,20,24,25,26,29" hai3="78,79,91,92" /><INIT seed="1,1,0,4,1,114" ten="235,265,235,265" oya="1" hai0="123,130,19,88,106,35,102,22,86,75,115,78,112" hai1="45,59,83,97,109,98,42,51,113,125,13,32,116" hai2="110,9,58,70,64,8,67,44,17,93,4,66,54" hai3="120,41,103,62,132,49,133,26,134,1,0,6,16"/><U65/><E125/><V23/><F110/><W119/><G120/><T68/><D35/><U25/><E113/><N who="0" m="43593" /><D68/><U96/><E116/><V27/><F70/><W118/><G62/><T122/><D19/><U5/><E109/><V126/><F126/><W129/><G129/><T37/><D22/><U55/><E32/><V14/><F93/><W84/><G103/><T81/><D37/><U85/><E25/><V117/><F117/><N who="3" m="44555" /><G84/><T7/><D7/><U60/><E65/><V15/><F44/><N who="3" m="25743" /><G6/><T38/><D38/><U89/><E98/><V18/><REACH who="2" step="1"/><F67/><REACH who="2" step="2"/><W50/><G50/><AGARI ba="1,1" hai="4,8,9,14,15,17,18,23,27,50,54,58,64,66" machi="50" ten="30,12000,2" yaku="1,1,2,1,7,1,8,1,53,2" doraHai="114" doraHaiUra="63" who="2" fromWho="3" sc="235,0,265,0,225,133,265,-123" /><INIT seed="2,0,0,0,1,84" ten="235,265,358,142" oya="2" hai0="73,46,96,3,111,102,112,121,125,28,17,109,134" hai1="113,38,133,43,19,45,27,32,21,104,2,100,20" hai2="83,50,57,71,93,8,49,103,51,130,52,74,65" hai3="127,14,114,18,80,108,120,107,86,62,26,1,116"/><V47/><F130/><W95/><G107/><T128/><D121/><U126/><E113/><V99/><F71/><W75/><G75/><T63/><D112/><U42/><E42/><V35/><F35/><W22/><G114/><T59/><D3/><U88/><E2/><V15/><F74/><W9/><G1/><T132/><D73/><U31/><E104/><V85/><F65/><W13/><G120/><T12/><D28/><U37/><E100/><V7/><REACH who="2" step="1"/><F57/><REACH who="2" step="2"/><W64/><G116/><T11/><D128/><U68/><E68/><V89/><AGARI ba="0,1" hai="7,8,15,47,49,50,51,52,83,85,89,93,99,103" machi="89" ten="20,18000,2" yaku="1,1,2,1,0,1,7,1,8,1,52,1,54,1,53,0" doraHai="84" doraHaiUra="70" who="2" fromWho="2" sc="235,-60,265,-60,348,190,142,-60" /><INIT seed="2,1,0,1,3,82" ten="175,205,538,82" oya="2" hai0="28,103,18,49,127,14,61,88,44,52,89,99,104" hai1="84,64,21,10,120,124,101,65,122,40,110,62,35" hai2="24,16,95,134,38,117,93,133,22,54,126,80,109" hai3="55,30,130,42,85,111,4,102,60,26,106,78,5"/><V91/><F38/><W53/><G111/><T114/><D127/><U31/><E35/><V67/><F67/><W90/><G130/><T92/><D114/><U45/><E101/><V17/><F126/><W83/><G42/><T56/><D28/><U12/><E124/><V74/><F117/><W69/><G55/><T19/><D104/><U32/><E110/><V3/><F3/><W79/><G79/><T105/><D105/><U98/><E32/><V46/><F109/><W47/><G90/><T51/><D51/><U43/><E98/><V20/><F74/><W15/><G47/><T39/><D39/><U97/><E97/><V25/><F80/><W107/><G107/><T33/><D33/><U37/><E43/><V108/><F108/><W72/><G72/><T13/><D13/><U50/><E31/><V71/><F71/><W128/><G30/><T119/><D119/><U29/><E21/><V115/><F115/><W77/><G26/><T41/><D19/><U86/><E29/><V70/><F70/><W87/><G69/><T7/><D7/><N who="1" m="3167" /><E37/><V131/><F131/><W58/><G128/><T129/><D129/><U96/><E96/><V125/><F125/><W59/><G106/><T100/><D100/><U116/><E116/><V23/><F23/><AGARI ba="1,0" hai="14,18,23,41,44,49,52,56,61,88,89,92,99,103" machi="23" ten="30,7700,0" yaku="7,1,8,1,54,2" doraHai="82" who="0" fromWho="2" sc="175,80,205,0,538,-80,82,0" /><INIT seed="3,0,0,4,0,104" ten="255,205,458,82" oya="3" hai0="53,54,57,7,63,44,80,61,119,38,20,108,33" hai1="2,12,85,107,28,126,51,133,9,52,59,131,17" hai2="118,130,128,125,14,32,58,37,8,26,68,97,76" hai3="62,36,42,72,25,129,3,15,82,113,6,70,67"/><W45/><G113/><T35/><D119/><U132/><E107/><V47/><F68/><W39/><G129/><N who="2" m="49769" /><F118/><W74/><G15/><T13/><D35/><U115/><E131/><V88/><F125/><W120/><G120/><T92/><D33/><U99/><E115/><V10/><F76/><N who="3" m="44295" /><G25/><T123/><D123/><U79/><E126/><V16/><F58/><W56/><G56/><T91/><D108/><U101/><E2/><V19/><F32/><W43/><G43/><T27/><D80/><U110/><E110/><V49/><F37/><N who="3" m="21711" /><G74/><T106/><D106/><U93/><E28/><V111/><F111/><W89/><G89/><T71/><D71/><U11/><E11/><AGARI ba="0,0" hai="3,6,11,36,39,62,67,70" m="21711,44295" machi="11" ten="30,11600,0" yaku="25,1,33,2,52,1" doraHai="104" who="3" fromWho="1" sc="255,0,205,-116,458,0,82,116" /><INIT seed="3,1,0,2,0,100" ten="255,89,458,198" oya="3" hai0="87,67,97,123,56,57,16,0,50,119,54,131,47" hai1="35,22,19,95,85,117,4,92,61,127,10,74,112" hai2="76,104,109,99,130,37,66,79,40,34,55,75,129" hai3="1,33,20,36,82,60,96,68,90,38,12,27,48"/><W46/><G1/><T18/><D123/><U6/><E74/><V14/><F34/><W108/><G108/><T113/><D119/><U25/><E117/><V93/><F109/><W88/><G33/><T7/><D131/><N who="2" m="50186" /><F75/><W103/><G38/><T89/><D113/><U31/><E112/><V64/><F55/><N who="3" m="30103" /><G36/><T28/><D28/><U84/><E127/><V42/><F14/><W63/><G68/><T101/><D0/><U122/><E61/><N who="3" m="23626" /><G12/><T53/><D7/><U91/><E122/><V83/><F37/><W23/><G82/><T135/><D135/><U120/><E120/><V98/><F83/><W41/><G41/><T77/><D67/><U116/><E116/><V8/><F66/><W5/><G5/><T43/><D77/><U132/><E132/><V30/><F64/><W134/><G134/><T121/><D121/><U26/><E10/><V71/><F8/><W3/><G3/><T111/><D111/><U52/><E52/><V13/><F76/><W69/><G69/><T78/><D78/><U110/><REACH who="1" step="1"/><E110/><REACH who="1" step="2"/><V51/><F42/><W39/><G27/><T86/><D43/><U124/><E124/><V9/><F40/><W73/><G39/><T15/><D54/><U2/><E2/><V128/><F128/><W24/><G24/><T32/><D53/><U126/><E126/><V29/><F71/><W62/><G62/><T44/><D15/><U80/><E80/><V49/><F13/><W70/><G70/><T21/><D32/><U118/><E118/><V72/><F72/><W115/><G73/><T17/><D50/><U125/><E125/><RYUUKYOKU ba="1,1" sc="255,-10,79,30,458,-10,198,-10" hai1="4,6,19,22,25,26,31,35,84,85,91,92,95" /><INIT seed="4,2,1,4,4,0" ten="245,109,448,188" oya="0" hai0="62,89,113,30,20,116,88,39,115,58,72,128,53" hai1="2,75,87,42,70,78,133,41,122,66,106,55,77" hai2="36,76,127,132,34,50,129,82,46,114,28,68,63" hai3="61,5,96,19,121,3,124,59,56,98,93,91,134"/><T110/><D116/><U54/><E106/><V99/><F36/><W73/><G73/><T90/><D39/><U38/><E122/><V21/><F34/><W52/><G121/><T43/><D72/><U85/><E133/><V15/><F132/><W48/><G134/><T103/><D103/><U12/><E38/><V57/><F129/><W123/><G123/><T27/><D128/><U32/><E32/><V105/><F68/><W86/><G124/><T102/><D43/><U60/><E2/><V111/><F111/><W47/><G59/><T108/><REACH who="0" step="1"/><D102/><REACH who="0" step="2"/><U7/><E75/><V119/><F119/><W16/><G3/><T45/><D45/><U26/><E42/><V84/><F46/><W109/><G109/><AGARI ba="2,2" hai="20,27,30,53,58,62,88,89,90,108,109,110,113,115" machi="109" ten="40,7700,0" yaku="1,1,10,1,54,1,53,0" doraHai="0" doraHaiUra="92" who="0" fromWho="3" sc="235,103,109,0,448,0,188,-83" /><INIT seed="4,3,0,2,0,45" ten="338,109,448,105" oya="0" hai0="58,80,40,9,42,15,22,17,69,75,131,2,65" hai1="7,36,129,23,62,66,121,10,44,120,111,1,132" hai2="61,124,105,53,18,90,0,34,113,99,6,43,116" hai3="103,106,39,14,91,50,92,133,59,57,32,56,24"/><T130/><D69/><U81/><E111/><V89/><F18/><W118/><G39/><T30/><D75/><U70/><E132/><V104/><F43/><W87/><G133/><T76/><D76/><U126/><E129/><N who="0" m="49161" /><D80/><U11/><E126/><V38/><F38/><W78/><G118/><T108/><D108/><U51/><E11/><V115/><F99/><N who="3" m="59879" /><G106/><T102/><D102/><U27/><E36/><V135/><F53/><N who="3" m="31799" /><G32/><T97/><D97/><U123/><E81/><V85/><F6/><W109/><G109/><T125/><D125/><U77/><E77/><V37/><F85/><W47/><G78/><T46/><D46/><U13/><E1/><V63/><F116/><W98/><G98/><T88/><D2/><U21/><REACH who="1" step="1"/><E27/><REACH who="1" step="2"/><V60/><F0/><W64/><G24/><T19/><D9/><U26/><E26/><V100/><F124/><W3/><G3/><T28/><D15/><U54/><AGARI ba="3,1" hai="7,10,13,21,23,44,51,54,62,66,70,120,121,123" machi="54" ten="30,12000,2" yaku="1,1,0,1,52,1,53,3" doraHai="45" doraHaiUra="119" who="1" fromWho="1" sc="338,-63,99,139,448,-33,105,-33" /><INIT seed="5,0,0,5,2,71" ten="275,238,415,72" oya="1" hai0="16,103,31,9,69,77,91,84,30,33,133,47,63" hai1="95,36,42,93,14,78,49,106,131,12,21,24,125" hai2="68,92,115,100,26,94,111,123,114,19,132,22,99" hai3="48,120,41,86,87,79,67,4,18,102,117,89,6"/><U29/><E106/><N who="2" m="63775" /><F123/><W70/><G120/><T53/><D103/><U83/><E131/><V0/><F111/><W85/><G117/><T5/><D133/><U101/><E125/><V43/><F132/><W118/><G102/><T75/><D77/><U52/><E36/><V50/><F0/><W28/><G28/><T134/><D75/><U59/><E42/><V97/><F68/><W37/><G79/><T35/><D134/><U90/><E101/><V72/><F72/><W76/><G76/><T122/><D122/><U57/><E57/><V96/><F43/><W23/><G37/><T74/><D74/><U81/><E81/><V17/><F50/><W126/><G126/><T112/><D112/><N who="2" m="43050" /><F17/><W45/><G118/><T1/><D16/><U27/><E27/><V44/><F44/><W108/><G108/><T61/><D47/><U7/><E7/><N who="3" m="2602" /><G70/><T56/><D5/><U124/><E124/><V39/><F39/><W40/><G67/><T46/><D69/><U116/><E116/><V135/><F135/><W54/><G89/><T55/><D91/><U2/><E2/><V113/><F113/><W8/><G8/><T107/><D9/><U119/><E119/><V80/><F80/><W104/><G104/><T10/><D107/><U65/><E65/><V109/><F109/><W98/><G98/><AGARI ba="0,0" hai="19,22,26,92,94,96,97,98" m="43050,63775" machi="98" ten="30,2000,0" yaku="15,1,11,1" doraHai="71" who="2" fromWho="3" sc="275,0,238,0,415,20,72,-20" /><INIT seed="6,0,0,5,4,117" ten="275,238,435,52" oya="2" hai0="67,29,77,30,14,50,11,89,90,58,95,2,38" hai1="131,133,20,34,82,130,85,52,53,61,84,108,75" hai2="62,45,42,33,103,32,44,26,49,113,23,105,17" hai3="124,27,135,116,35,132,31,43,100,101,92,110,98"/><V16/><F113/><W60/><G110/><T99/><D38/><U24/><E34/><V3/><F3/><W54/><G116/><T128/><D2/><U119/><E108/><V107/><F62/><W1/><G1/><T134/><D134/><N who="3" m="51241" /><G124/><T21/><D77/><U127/><E119/><V56/><F56/><N who="3" m="34839" /><G43/><T79/><D79/><U68/><E133/><V87/><F87/><W4/><G4/><T0/><D0/><U7/><E7/><V48/><F103/><AGARI ba="0,0" hai="27,31,35,92,98,100,101,103" m="34839,51241" machi="103" ten="30,1000,0" yaku="20,1" doraHai="117" who="3" fromWho="2" sc="275,0,238,0,435,-10,52,10" /><INIT seed="7,0,0,4,3,118" ten="275,238,425,62" oya="3" hai0="33,25,44,74,76,103,20,32,101,5,9,31,40" hai1="80,78,64,47,1,4,61,7,123,34,72,46,86" hai2="128,75,59,109,8,6,116,130,67,51,107,39,41" hai3="21,53,60,12,117,36,87,131,122,125,30,24,81"/><W135/><G117/><T114/><D114/><U102/><E123/><V13/><F75/><W90/><G125/><T2/><D101/><U121/><E121/><V126/><F107/><W99/><G131/><T133/><D103/><U82/><E102/><V48/><F116/><W112/><G135/><T89/><D89/><U10/><E7/><V37/><F109/><W134/><G134/><T29/><D29/><U58/><REACH who="1" step="1"/><E34/><REACH who="1" step="2"/><V45/><F130/><W35/><G122/><T127/><D133/><U28/><E28/><V3/><F128/><W92/><G112/><T57/><D127/><U63/><E63/><V69/><F126/><W19/><G36/><N who="0" m="21511" /><D57/><U120/><E120/><V66/><F3/><W119/><G119/><T62/><D62/><U70/><E70/><V132/><F69/><W79/><G60/><T38/><D38/><U42/><E42/><V54/><F132/><W106/><REACH who="3" step="1"/><G53/><REACH who="3" step="2"/><T14/><D32/><U105/><E105/><AGARI ba="0,2" hai="12,19,21,24,30,35,79,81,87,90,92,99,105,106" machi="105" ten="40,7700,0" yaku="1,1,2,1,53,1" doraHai="118" doraHaiUra="83" who="3" fromWho="1" sc="275,0,228,-77,425,0,52,97" /><INIT seed="7,1,0,2,5,29" ten="275,151,425,149" oya="3" hai0="53,45,131,6,101,79,105,21,94,89,15,12,14" hai1="125,59,71,25,100,83,109,41,65,44,32,118,55" hai2="39,69,1,77,120,17,34,74,108,47,132,124,88" hai3="111,2,49,76,135,9,52,72,0,42,78,81,130"/><W16/><G130/><T30/><D79/><U3/><E109/><V134/><RYUUKYOKU type="yao9" ba="1,0" sc="275,0,151,0,425,0,149,0" hai2="1,17,34,39,47,69,74,77,88,108,120,124,132,134" /><INIT seed="7,2,0,1,5,123" ten="275,151,425,149" oya="3" hai0="70,83,5,12,112,86,71,19,69,45,101,41,133" hai1="47,28,40,80,118,48,3,119,11,17,82,77,97" hai2="13,108,113,10,93,16,74,65,73,29,72,75,109" hai3="38,55,15,26,8,31,62,52,91,2,135,44,99"/><W50/><G2/><T66/><D133/><U51/><E28/><V131/><F72/><W95/><G135/><T114/><D101/><U79/><E97/><V134/><F134/><W59/><G38/><T58/><D5/><U121/><E121/><V107/><F107/><W42/><G31/><T111/><D111/><U56/><E3/><V63/><F131/><W14/><G26/><T22/><D58/><U21/><E11/><V20/><F113/><N who="0" m="43626" /><D66/><U57/><E51/><V120/><F120/><W67/><REACH who="3" step="1"/><G15/><REACH who="3" step="2"/><T100/><D100/><U43/><E119/><V102/><F13/><W89/><G89/><N who="0" m="51423" /><D71/><U9/><E118/><V6/><F102/><W88/><G88/><T0/><D0/><U46/><E79/><V35/><F29/><W23/><G23/><T39/><AGARI ba="2,1" hai="12,19,22,39,41,45,69,70" m="51423,43626" machi="39" ten="30,2000,0" yaku="15,1,11,1" doraHai="123" who="0" fromWho="0" sc="275,36,151,-7,425,-7,139,-12" owari="311,11.0,144,-26.0,418,52.0,127,-37.0" /></mjloggm>