<mjloggm ver="2.3"><GO type="41"/><UN n0="%E3%81%8B%E3%81%96%E3%81%B0%E3%81%AA" n1="%E9%9B%84%E5%A4%AA" n2="%EF%BC%88%E2%89%A7%E2%96%BD%E2%89%A6%EF%BC%89" n3="%E3%82%A2%E3%83%AA%E3%83%BC%E3%83%8A" dan="14,13,15,14" rate="1933,1870,2028,1881" sx="M,M,M,F"/><TAIKYOKU oya="0"/><INIT seed="0,0,0,2,4,77" ten="250,250,250,250" oya="0" hai0="66,45,86,14,71,38,48,49,59,5,23,73,112" hai1="78,65,80,31,95,118,2,127,133,108,61,52,120" hai2="103,53,56,28,90,88,121,41,91,40,79,64,35" hai3="1,131,24,54,12,43,8,122,60,15,17,67,0"/><T4/><D73/><U117/><E120/><V27/><F121/><W75/><G122/><T57/><D112/><U113/><E2/><V94/><F64/><W3/><G131/><T62/><D38/><U134/><E113/><V124/><F124/><W92/><G75/><T96/><D71/><U46/><E127/><V21/><F35/><W81/><G43/><T105/><D105/><U32/><E108/><V97/><REACH who="2" step="1"/><F79/><REACH who="2" ten="250,250,240,250" step="2"/><W102/><G67/><T107/><D66/><U85/><E32/><V126/><F126/><W83/><G24/><T104/><D107/><U74/><E78/><V9/><F9/><W13/><G8/><T82/><D104/><U20/><E65/><V72/><F72/><W106/><G106/><T69/><D23/><U50/><E20/><V76/><F76/><W11/><G11/><T30/><D69/><U130/><E74/><V51/><AGARI ba="0,1" hai="21,27,28,40,41,51,53,56,88,90,91,94,97,103" machi="51" ten="30,7900,0" yaku="1,1,0,1,8,1,54,1,53,0" doraHai="77" doraHaiUra="116" who="2" fromWho="2" sc="250,-39,250,-20,240,89,250,-20" /><INIT seed="1,0,0,0,5,103" ten="211,230,329,230" oya="1" hai0="2,75,39,82,14,86,53,35,127,29,110,30,128" hai1="59,100,88,60,62,61,115,120,27,24,31,34,6" hai2="81,134,25,91,9,50,22,21,131,56,15,133,4" hai3="97,37,80,5,63,47,123,13,101,125,113,33,10"/><U44/><E120/><V121/><F121/><W104/><G33/><T17/><D110/><U8/><E115/><V112/><F112/><W118/><G123/><T89/><D2/><U40/><E100/><V32/><F131/><W132/><G113/><T116/><D75/><U69/><E69/><V57/><F32/><W79/><G125/><T78/><D127/><U38/><E27/><V99/><F50/><W46/><G132/><N who="2" m="50793" /><F22/><W124/><G124/><T119/><D128/><U114/><E114/><V28/><F81/><W71/><G118/><T45/><D35/><U3/><REACH who="1" step="1"/><E88/><REACH who="1" ten="211,220,329,230" step="2"/><V26/><F25/><W1/><G71/><T98/><D116/><U126/><E126/><V102/><F91/><W84/><G1/><T108/><D89/><U109/><E109/><V73/><F73/><W130/><G130/><T77/><D108/><U96/><E96/><V18/><F28/><W52/><REACH who="3" step="1"/><G37/><REACH who="3" ten="211,220,329,220" step="2"/><T55/><D39/><U16/><E16/><V68/><F68/><W66/><G66/><AGARI ba="0,2" hai="3,6,8,24,31,34,38,40,44,59,60,61,62,66" machi="66" ten="30,5800,0" yaku="1,1,7,1,53,1" doraHai="103" doraHaiUra="23" who="1" fromWho="3" sc="211,0,220,78,329,0,220,-58" /><INIT seed="1,1,0,2,3,109" ten="211,298,329,162" oya="1" hai0="76,35,8,94,92,126,10,75,115,121,118,120,106" hai1="83,134,105,2,14,93,117,18,59,6,114,128,110" hai2="96,87,26,70,79,57,100,111,32,66,54,16,125" hai3="11,91,1,15,81,37,107,4,123,46,0,39,41"/><U103/><E59/><V5/><F111/><W21/><G107/><T56/><D118/><U132/><E6/><V85/><F125/><W44/><G123/><N who="0" m="47179" /><D126/><U112/><E14/><V51/><F5/><W45/><G21/><T61/><D106/><U9/><E18/><V88/><F79/><W62/><G62/><T24/><D76/><U50/><E50/><V95/><F32/><W99/><G46/><T80/><D75/><U74/><E110/><V108/><F108/><W102/><G102/><T38/><D80/><U42/><E42/><V101/><F70/><W3/><G39/><T23/><D38/><U86/><E9/><V133/><F133/><N who="1" m="51305" /><E2/><V104/><F66/><W22/><G45/><T82/><D35/><U53/><E53/><V29/><F29/><W28/><G28/><T27/><D24/><U129/><E74/><V17/><F17/><W25/><G25/><T31/><D10/><U78/><E105/><V34/><F34/><W52/><G22/><T72/><D8/><U113/><E117/><V49/><F49/><W90/><G0/><T13/><D13/><U63/><E63/><V77/><F104/><W73/><G3/><T19/><D19/><U30/><E30/><V130/><F26/><W119/><G1/><T69/><D69/><U71/><E71/><V135/><F16/><W89/><G119/><T36/><D36/><U122/><E122/><V48/><F135/><W97/><G73/><T65/><D72/><U43/><E43/><V67/><F51/><N who="3" m="28775" /><G81/><T68/><D82/><U55/><E55/><V47/><F54/><W116/><G116/><RYUUKYOKU ba="1,0" sc="211,-15,298,15,329,-15,162,15" hai1="78,83,86,93,103,112,113,114,128,129" hai3="4,11,15,37,41,89,90,91,97,99" /><INIT seed="1,2,0,5,1,93" ten="196,313,314,177" oya="1" hai0="20,43,39,78,97,121,15,113,83,89,30,68,60" hai1="77,123,106,84,38,108,29,92,73,51,16,11,13" hai2="103,22,48,134,23,129,101,69,18,109,59,117,56" hai3="14,19,91,115,85,62,119,21,98,47,100,63,102"/><U74/><E123/><V126/><F69/><W132/><G119/><T94/><D121/><U61/><E38/><V24/><F109/><W114/><G132/><T111/><D111/><U107/><E108/><V82/><F117/><W53/><G114/><T31/><D113/><U1/><E1/><V0/><F0/><W64/><G115/><T79/><D43/><U54/><E29/><N who="2" m="17559" /><F134/><W42/><G53/><T128/><D128/><U36/><E36/><V10/><F129/><W72/><G72/><T70/><D39/><U118/><E118/><V124/><F10/><W67/><G62/><T65/><D68/><U9/><E9/><V76/><F48/><W55/><G55/><T8/><D20/><U34/><E34/><V112/><F112/><W17/><G17/><T40/><D79/><U110/><E110/><V49/><F49/><N who="3" m="26871" /><G63/><T35/><D40/><U130/><E61/><V5/><F5/><W96/><G102/><N who="2" m="38921" /><F126/><W88/><G100/><T28/><D35/><U127/><E127/><V4/><F4/><W80/><G91/><T116/><D116/><U104/><E130/><V44/><F44/><W7/><G7/><T3/><D3/><U105/><E105/><V6/><F6/><W86/><G86/><T99/><D99/><AGARI ba="2,0" hai="14,19,21,64,67,80,85,88,96,98,99" m="26871" machi="99" ten="30,8000,1" yaku="8,1,52,3,54,1" doraHai="93" who="3" fromWho="0" sc="196,-86,313,0,314,0,177,86" /><INIT seed="2,0,0,0,1,65" ten="110,313,314,263" oya="2" hai0="102,0,133,82,16,41,38,85,10,122,80,51,103" hai1="107,68,59,127,77,76,22,62,37,84,97,110,101" hai2="12,66,11,70,61,114,43,126,81,135,93,69,73" hai3="52,87,92,117,9,120,64,78,95,13,56,44,106"/><V86/><F114/><W8/><G106/><T75/><D122/><U48/><E37/><V42/><F126/><W89/><G120/><T45/><D133/><U55/><E127/><V67/><F135/><W7/><G117/><T25/><D75/><U112/><E110/><V124/><F73/><W125/><G125/><T40/><D38/><U134/><E134/><V132/><F132/><W5/><G64/><T39/><D39/><U19/><E112/><V50/><F124/><W63/><G78/><T83/><D85/><U104/><E104/><V21/><F93/><W27/><G27/><T72/><D72/><U128/><E128/><V29/><F50/><W34/><G34/><T3/><D40/><U115/><E115/><V1/><F1/><W20/><G44/><T60/><D60/><U24/><REACH who="1" step="1"/><E84/><REACH who="1" ten="110,303,314,263" step="2"/><V46/><F86/><W79/><G79/><T6/><REACH who="0" step="1"/><D0/><REACH who="0" ten="100,303,314,263" step="2"/><U49/><E49/><V94/><F69/><W116/><G116/><T129/><D129/><U57/><E57/><V54/><F70/><W28/><G56/><T99/><D99/><U71/><E71/><V32/><F61/><W108/><G108/><T74/><D74/><U14/><E14/><V31/><F12/><W23/><G13/><T91/><D91/><U123/><E123/><V15/><F15/><W35/><G89/><T111/><D111/><U47/><E47/><V130/><F46/><W131/><G131/><T36/><D36/><U96/><E96/><V17/><F130/><W26/><G87/><T105/><D105/><U98/><E98/><V53/><F94/><W33/><G95/><RYUUKYOKU ba="0,2" sc="100,15,303,15,314,-15,263,-15" hai0="3,6,10,16,25,41,45,51,80,82,83,102,103" hai1="19,22,24,48,55,59,62,68,76,77,97,101,107" /><INIT seed="3,1,2,1,1,38" ten="115,318,299,248" oya="3" hai0="29,5,32,122,98,91,22,55,87,81,18,15,123" hai1="58,127,46,80,84,44,9,121,42,59,4,12,111" hai2="101,31,40,28,89,70,97,21,83,45,113,79,117" hai3="1,95,17,112,2,132,115,77,13,71,48,39,63"/><W65/><G39/><T51/><D5/><U27/><E121/><V118/><F113/><W57/><G132/><T124/><D124/><U108/><E127/><V130/><F70/><W76/><G115/><T92/><D29/><U36/><E27/><V66/><F66/><W56/><G112/><T74/><D32/><U11/><E11/><V106/><F130/><W107/><G107/><T25/><D25/><U102/><E102/><V73/><F21/><W34/><G34/><T86/><D74/><U43/><E111/><V52/><F52/><W75/><G75/><T20/><D20/><U125/><E108/><V33/><F89/><W88/><G2/><T26/><D26/><U24/><E24/><N who="2" m="18567" /><F31/><W10/><G1/><T82/><D82/><U41/><E125/><V126/><F126/><W30/><G30/><T50/><D50/><U53/><E36/><V116/><F116/><W3/><G3/><T16/><D18/><U60/><REACH who="1" step="1"/><E58/><REACH who="1" ten="115,308,299,248" step="2"/><V110/><F110/><W47/><G71/><T72/><D72/><U90/><AGARI ba="1,3" hai="4,9,12,41,42,43,44,46,53,59,60,80,84,90" machi="90" ten="30,12000,2" yaku="1,1,2,1,0,1,8,1,52,3,53,0" doraHai="38" doraHaiUra="93" who="1" fromWho="1" sc="115,-31,308,153,299,-31,248,-61" /><INIT seed="4,0,0,1,5,127" ten="84,461,268,187" oya="0" hai0="67,36,97,57,122,72,16,119,123,99,4,43,112" hai1="55,78,38,117,110,113,37,65,2,53,11,114,12" hai2="102,87,104,58,40,70,126,41,109,39,8,105,15" hai3="30,48,135,133,64,101,129,118,88,49,33,115,71"/><T130/><D119/><U68/><E2/><V69/><F109/><W7/><G118/><T90/><D72/><U3/><E3/><V24/><F126/><W14/><G115/><T13/><D4/><U134/><E117/><V9/><F39/><W23/><G129/><T59/><D112/><N who="1" m="43115" /><E78/><V116/><F116/><W95/><G101/><T106/><D43/><U100/><E100/><V45/><F102/><W54/><G33/><T124/><D124/><U132/><E110/><V93/><F24/><W18/><G30/><T128/><D36/><N who="1" m="13931" /><E12/><V21/><F15/><W27/><G64/><T120/><D67/><U1/><E11/><V86/><F45/><W82/><G71/><T79/><D79/><U107/><E107/><V89/><F89/><W29/><G82/><T34/><D34/><U19/><E19/><V32/><F32/><W47/><G7/><T74/><D74/><U28/><E28/><V63/><F93/><W60/><G14/><T10/><D90/><U44/><E1/><V81/><F81/><W46/><G29/><T51/><D106/><U62/><E44/><V92/><F92/><W91/><G91/><T108/><D108/><U76/><E76/><V83/><F83/><W26/><G26/><T31/><D31/><U25/><E25/><V80/><F80/><W6/><G6/><T0/><D0/><U121/><E121/><V52/><F21/><W66/><G23/><T77/><D77/><U17/><E17/><V22/><F22/><W131/><G18/><T35/><D35/><U50/><E50/><N who="3" m="19562" /><G27/><T94/><D120/><U73/><E73/><RYUUKYOKU ba="0,0" sc="84,-10,461,30,268,-10,187,-10" hai1="53,55,62,65,68,132,134" /><INIT seed="5,1,0,2,5,81" ten="74,491,258,177" oya="1" hai0="106,32,22,37,25,127,121,135,17,52,71,3,20" hai1="67,10,75,59,105,116,48,76,115,107,114,12,125" hai2="50,4,70,41,85,64,13,18,29,130,118,19,134" hai3="132,73,58,38,117,61,46,16,110,133,45,65,90"/><U21/><E116/><V72/><F72/><W5/><G117/><T63/><D127/><U33/><E33/><V9/><F118/><W131/><G110/><T129/><D135/><N who="3" m="51785" /><G73/><T88/><D121/><U112/><E125/><V96/><F134/><W122/><G122/><T111/><D129/><U43/><E21/><V109/><F109/><W53/><G131/><T97/><D111/><U84/><E75/><V7/><F130/><W62/><G5/><T113/><D3/><U93/><E67/><V28/><F96/><W95/><G38/><T44/><D113/><U39/><E39/><V102/><F102/><W83/><G83/><T55/><D32/><U128/><E128/><V57/><F70/><N who="3" m="42287" /><G16/><N who="2" m="6185" /><F4/><W66/><G66/><T78/><D78/><U60/><E43/><V124/><F124/><W103/><G103/><T100/><D20/><U123/><E123/><V1/><F1/><W40/><G40/><T51/><D37/><U92/><E48/><V104/><F41/><W77/><G77/><T24/><D71/><U23/><E23/><V11/><F9/><W34/><G34/><T86/><D63/><U30/><E30/><V99/><F64/><W69/><G69/><T36/><D36/><U49/><E49/><V14/><F50/><W98/><AGARI ba="1,0" hai="45,46,53,58,62,90,95,98" m="42287,51785" machi="98" ten="30,1100,0" yaku="20,1" doraHai="81" who="3" fromWho="3" sc="74,-4,491,-6,258,-4,177,14" /><INIT seed="6,0,0,2,0,99" ten="70,485,254,191" oya="2" hai0="41,95,26,81,5,10,93,106,74,25,12,73,103" hai1="71,135,32,23,54,56,128,122,53,22,9,42,47" hai2="114,15,90,55,20,14,29,11,34,113,49,124,123" hai3="72,61,21,60,102,101,134,111,120,94,75,105,48"/><V97/><F34/><W59/><G120/><T117/><D117/><U96/><E122/><V0/><F123/><W84/><G111/><T89/><D41/><U68/><E32/><V65/><F65/><W45/><G134/><T66/><D66/><U115/><E115/><N who="2" m="44043" /><F124/><W92/><G105/><T58/><D106/><U36/><E9/><V112/><F112/><W108/><G108/><T126/><D126/><U80/><E135/><V19/><F0/><W37/><G37/><T8/><D58/><U57/><E80/><V70/><F70/><W52/><G21/><T98/><D8/><U13/><E13/><N who="2" m="9327" /><F29/><W18/><G18/><T62/><D62/><N who="3" m="24169" /><G72/><T107/><D93/><N who="3" m="35945" /><G75/><T50/><D50/><U127/><E36/><V28/><F28/><W67/><G84/><N who="0" m="52647" /><D73/><U64/><E64/><V91/><F97/><W4/><G4/><T46/><D46/><U63/><E47/><N who="2" m="28095" /><F15/><W82/><G82/><T2/><D2/><U119/><E127/><V40/><F40/><N who="3" m="24615" /><G67/><T43/><D43/><U110/><E110/><V109/><F109/><W7/><G7/><AGARI ba="0,0" hai="7,11,14,90,91" m="28095,9327,44043" machi="7" ten="30,1500,0" yaku="15,1" doraHai="99" who="2" fromWho="3" sc="70,0,485,0,254,15,191,-15" /><INIT seed="6,1,0,5,2,58" ten="70,485,269,176" oya="2" hai0="133,25,70,27,20,49,108,67,94,126,134,8,71" hai1="84,100,112,87,77,110,0,30,15,41,24,122,28" hai2="123,53,32,124,105,45,10,66,81,74,135,103,14" hai3="12,101,107,18,62,86,48,102,21,3,42,34,50"/><V29/><F123/><W93/><G3/><T120/><D120/><U76/><E0/><V5/><F135/><N who="0" m="51722" /><D108/><U92/><E110/><V46/><F124/><W7/><G34/><T59/><D126/><U65/><E122/><V118/><F118/><W79/><G107/><T68/><D94/><U89/><E112/><V13/><F32/><W57/><G7/><T95/><D95/><U111/><E111/><V16/><F29/><W37/><G37/><T19/><D8/><U52/><E41/><V73/><F66/><W96/><G102/><T26/><D49/><U23/><E100/><V36/><F36/><W63/><G42/><T35/><D35/><U99/><E30/><V127/><F127/><W47/><G47/><T132/><N who="0" m="51730" /><T69/><N who="0" m="17408" /><DORA hai="116" /><DORA hai="17" /><T114/><D114/><U83/><E65/><V1/><F81/><N who="3" m="47423" /><G57/><T60/><AGARI ba="1,0" hai="19,20,25,26,27,59,60,67" m="17408,51730" machi="60" ten="80,8000,1" yaku="20,1,52,2" doraHai="58,116,17" who="0" fromWho="0" sc="70,83,485,-21,269,-41,176,-21" /><INIT seed="7,0,0,5,3,22" ten="153,464,228,155" oya="3" hai0="25,74,11,64,4,125,28,68,48,18,97,26,110" hai1="36,75,52,67,6,111,10,130,79,114,104,45,124" hai2="81,63,2,60,21,59,72,9,89,117,112,33,101" hai3="76,118,71,107,46,108,40,47,51,83,23,106,24"/><W115/><G118/><T8/><D74/><U132/><E67/><V96/><F33/><W86/><G71/><T7/><D110/><U34/><E52/><V100/><F117/><W69/><G69/><T91/><D125/><U78/><E45/><V30/><F112/><W37/><G108/><T12/><D48/><U0/><E10/><N who="0" m="3625" /><D64/><U16/><E16/><V119/><F119/><W43/><REACH who="3" step="1"/><G115/><REACH who="3" ten="153,464,228,145" step="2"/><T44/><D68/><U85/><E114/><V39/><F2/><W27/><G27/><T90/><D28/><AGARI ba="0,1" hai="23,24,28,37,40,43,46,47,51,76,83,86,106,107" machi="28" ten="30,5800,0" yaku="1,1,7,1,52,1,53,0" doraHai="22" doraHaiUra="134" who="3" fromWho="0" sc="153,-58,464,0,228,0,145,68" /><INIT seed="7,1,0,5,3,82" ten="95,464,228,213" oya="3" hai0="103,4,45,34,38,58,35,18,33,97,67,52,106" hai1="61,27,95,7,123,21,101,110,31,125,121,72,69" hai2="59,85,71,108,64,3,24,105,119,92,84,55,88" hai3="10,83,36,6,9,47,86,11,43,17,22,49,126"/><W131/><G126/><T68/><D4/><U20/><E125/><V75/><F3/><W16/><G131/><T54/><D68/><U81/><E110/><V118/><F108/><W2/><G36/><T53/><D67/><U94/><E7/><V79/><F105/><W73/><G73/><T60/><REACH who="0" step="1"/><D18/><REACH who="0" ten="85,464,228,213" step="2"/><U130/><E69/><V132/><F71/><W37/><G17/><T77/><D77/><U63/><E31/><V23/><F64/><W26/><G37/><T99/><D99/><U129/><E27/><V5/><F79/><AGARI ba="1,1" hai="2,6,9,10,11,16,22,26,43,47,49,79,83,86" machi="79" ten="30,5800,0" yaku="7,1,52,1,54,1" doraHai="82" who="3" fromWho="2" sc="85,0,464,0,228,-61,213,71" /><INIT seed="7,2,0,4,3,92" ten="85,464,167,284" oya="3" hai0="43,75,68,62,93,7,108,79,83,76,135,132,88" hai1="35,111,97,30,51,45,16,112,134,122,123,3,127" hai2="36,129,41,61,59,84,40,90,12,65,107,23,57" hai3="10,102,131,48,105,39,5,80,53,116,34,82,66"/><W103/><G34/><T118/><D118/><U49/><E112/><V9/><F107/><W101/><G39/><T72/><D108/><U1/><E111/><V60/><F129/><W109/><G116/><T70/><D43/><U27/><E127/><V85/><F23/><W22/><G109/><T6/><D93/><U26/><E134/><V42/><F36/><W130/><G105/><T67/><D88/><U58/><E1/><V54/><REACH who="2" step="1"/><F90/><REACH who="2" ten="85,464,157,284" step="2"/><W15/><G66/><T24/><D24/><U25/><E35/><V87/><F87/><W71/><G22/><T120/><D120/><U114/><E114/><V117/><F117/><W128/><REACH who="3" step="1"/><G71/><REACH who="3" ten="85,464,157,274" step="2"/><T81/><REACH who="0" step="1"/><D67/><REACH who="0" ten="75,464,157,274" step="2"/><U78/><E122/><V124/><F124/><W19/><G19/><AGARI ba="2,3" hai="9,12,19,40,41,42,54,57,59,60,61,65,84,85" machi="19" ten="40,2600,0" yaku="1,1,8,1,53,0" doraHai="92" doraHaiUra="47" who="2" fromWho="3" sc="75,0,464,0,157,62,274,-32" owari="75,-42.0,464,56.0,219,-18.0,242,4.0" /></mjloggm>