<mjloggm ver="2.3"><GO type="169" lobby="0"/><UN n0="%EF%BC%88%E2%89%A7%E2%96%BD%E2%89%A6%EF%BC%89" n1="%73%70%6F%69%6C%65%64" n2="%E3%81%A1%E3%81%8F%E3%81%8D" n3="%E3%82%AA%E3%82%BA%E3%82%B0%E3%83%AB%E3%83%BC%E3%83%97" dan="17,17,18,16" rate="2141,2176,2183,2158" sx="M,M,M,M"/><TAIKYOKU oya="0"/><INIT seed="0,0,0,4,0,76" ten="250,250,250,250" oya="0" hai0="81,106,75,129,77,39,26,74,102,105,42,131,114" hai1="4,55,46,29,90,96,6,130,122,61,118,8,21" hai2="71,3,56,49,59,32,13,119,95,103,83,62,116" hai3="16,0,51,125,115,97,94,44,68,79,23,73,2"/><T43/><D114/><U87/><E122/><V11/><F32/><W93/><G68/><T121/><D121/><U113/><E118/><V53/><F3/><W91/><G115/><T82/><D26/><U70/><E130/><N who="0" m="49673" /><D39/><U134/><E134/><V133/><F71/><W101/><G125/><T109/><D109/><U45/><E113/><V120/><F133/><W10/><G10/><T63/><D63/><U127/><E127/><V65/><F120/><W58/><G58/><T38/><D38/><U52/><E96/><V41/><F41/><N who="0" m="15370" /><D102/><U35/><E35/><V88/><F103/><W85/><G73/><N who="0" m="27659" /><D77/><U18/><E29/><V34/><F34/><W72/><G79/><T27/><D27/><U84/><E61/><V22/><F119/><W14/><REACH who="3" step="1"/><G72/><REACH who="3" ten="250,250,250,240" step="2"/><T28/><D28/><U110/><E70/><V25/><F116/><W107/><G107/><AGARI ba="0,1" hai="81,82,105,106,107" m="27659,15370,49673" machi="107" ten="40,12000,1" yaku="28,2,19,1,52,2" doraHai="76" who="0" fromWho="3" sc="250,130,250,0,250,0,240,-120" /><INIT seed="0,1,0,0,3,64" ten="380,250,250,120" oya="0" hai0="108,53,20,67,96,75,31,125,17,62,126,9,83" hai1="36,82,16,57,98,51,49,122,44,46,133,85,59" hai2="81,8,99,5,105,13,25,118,26,132,38,71,100" hai3="21,30,119,129,79,48,121,86,107,45,127,124,106"/><T29/><D9/><U47/><E122/><V73/><F38/><W12/><G121/><T2/><D2/><U131/><E36/><V74/><F71/><W4/><G119/><T22/><D53/><U112/><E112/><V110/><F118/><W134/><G134/><T27/><D96/><U88/><E133/><V93/><F132/><W18/><G129/><T84/><D75/><U114/><E114/><V87/><F110/><W135/><G135/><T52/><D108/><U3/><E3/><V128/><F128/><W32/><G4/><T101/><D101/><U28/><E28/><V15/><F15/><W80/><G32/><T77/><D52/><U39/><E39/><V94/><F94/><W6/><G30/><T65/><D65/><U1/><E1/><V10/><F10/><W76/><G76/><T63/><D63/><U95/><E131/><V104/><F74/><W56/><G56/><N who="0" m="37319" /><D22/><U69/><E69/><V120/><F120/><W91/><G6/><T14/><D14/><U70/><E70/><V117/><F117/><W40/><REACH who="3" step="1"/><G79/><REACH who="3" ten="380,250,250,110" step="2"/><T42/><D29/><U23/><E59/><V109/><F5/><W19/><G19/><T97/><D31/><U55/><E57/><V66/><F109/><W103/><G103/><T123/><D123/><U92/><E55/><V115/><F66/><W58/><G58/><T50/><D77/><N who="1" m="46287" /><E95/><V0/><F93/><W111/><G111/><T54/><D54/><U7/><E7/><V41/><F0/><W35/><G35/><T89/><D17/><U37/><E92/><V33/><F33/><W78/><G78/><RYUUKYOKU ba="1,1" sc="380,-10,250,-10,250,-10,110,30" hai3="12,18,21,40,45,48,80,86,91,106,107,124,127" /><INIT seed="1,2,1,2,3,45" ten="370,240,240,140" oya="1" hai0="101,34,29,35,89,23,7,113,64,80,28,46,99" hai1="119,47,55,17,129,44,121,124,82,109,73,111,61" hai2="123,51,50,33,96,27,53,95,54,6,52,118,21" hai3="114,84,77,15,4,71,130,67,104,131,135,110,88"/><U16/><E121/><V75/><F118/><W19/><G4/><T12/><D113/><U103/><E119/><V11/><F75/><W125/><G104/><T66/><D35/><U43/><E103/><V76/><F33/><W98/><G114/><T87/><D34/><U14/><E129/><N who="3" m="49162" /><G77/><T26/><D28/><U49/><E124/><V63/><F76/><W108/><G98/><T59/><D59/><N who="1" m="35071" /><E73/><V68/><F123/><W25/><G25/><T133/><D133/><U22/><E82/><V94/><F68/><W20/><G135/><T92/><D46/><N who="1" m="25823" /><E17/><N who="2" m="12719" /><F63/><N who="3" m="40447" /><G125/><T40/><D40/><U0/><E0/><V115/><F115/><W112/><G112/><T78/><D78/><U85/><E85/><V37/><F37/><W86/><G86/><T56/><D56/><U39/><E39/><V60/><F60/><W36/><G36/><T134/><D134/><U106/><E106/><V10/><F95/><AGARI ba="2,1" hai="15,19,20,84,88,95,108,110" m="40447,49162" machi="95" ten="30,2000,0" yaku="19,1,54,1" doraHai="45" who="3" fromWho="2" sc="370,0,240,0,240,-26,140,36" /><INIT seed="2,0,0,3,4,44" ten="370,240,214,176" oya="2" hai0="5,122,58,52,15,6,82,66,79,45,89,91,13" hai1="119,1,18,131,65,55,94,8,87,134,104,21,102" hai2="133,101,57,125,103,3,67,116,61,74,60,31,81" hai3="38,24,47,107,73,96,130,120,53,105,17,11,106"/><V43/><F116/><W37/><G120/><T12/><D122/><U129/><E119/><V128/><F3/><W117/><G73/><T93/><D66/><U97/><E65/><V90/><F128/><W39/><G130/><T98/><D45/><U30/><E30/><V40/><F133/><W121/><G121/><T29/><D91/><U56/><E134/><V48/><F125/><W22/><G117/><T25/><D25/><U76/><E8/><V36/><F36/><W10/><REACH who="3" step="1"/><G96/><REACH who="3" ten="370,240,214,166" step="2"/><T51/><REACH who="0" step="1"/><D29/><REACH who="0" ten="360,240,214,166" step="2"/><U112/><E131/><V72/><F31/><W26/><G26/><T14/><N who="0" m="3072" /><DORA hai="68" /><T4/><D4/><U62/><E129/><V64/><F67/><W9/><G9/><T85/><AGARI ba="0,2" hai="5,6,51,52,58,79,82,85,89,93,98" m="3072" machi="85" ten="40,12000,2" yaku="1,1,0,1,8,1,52,1,54,1,53,2" doraHai="44,68" doraHaiUra="75,78" who="0" fromWho="0" sc="360,140,240,-30,214,-60,166,-30" /><INIT seed="3,0,0,1,0,106" ten="500,210,154,136" oya="3" hai0="87,101,74,114,99,66,1,19,127,45,102,88,55" hai1="58,98,39,27,36,33,10,43,111,60,84,44,108" hai2="132,65,91,64,119,34,0,62,35,16,115,126,26" hai3="117,90,100,47,133,107,124,22,32,86,70,68,80"/><W112/><G117/><T30/><D1/><U93/><E84/><V57/><F119/><W95/><G32/><T116/><D116/><U97/><E36/><V103/><F115/><W37/><G112/><T50/><D114/><U8/><E27/><V128/><F0/><W110/><G107/><T123/><D123/><U78/><E78/><V83/><F103/><W67/><G124/><T54/><D127/><U7/><E33/><V59/><F126/><W72/><G133/><T51/><D74/><U52/><E10/><V42/><F42/><W109/><G67/><T25/><D19/><U77/><E77/><V82/><F132/><W40/><G22/><N who="0" m="15671" /><D99/><U5/><E5/><V4/><F4/><W12/><G12/><T113/><D66/><U71/><E71/><V48/><F128/><W94/><G100/><T31/><D31/><U20/><E20/><N who="2" m="13575" /><F34/><W131/><G131/><T135/><D135/><U49/><E39/><V3/><F3/><W89/><G72/><T125/><D113/><U120/><E120/><V11/><F35/><W105/><G105/><T46/><D125/><U38/><E38/><V53/><F11/><W18/><G18/><T14/><D14/><N who="1" m="5407" /><E98/><V96/><F65/><W118/><G118/><T92/><AGARI ba="0,0" hai="45,46,50,51,54,55,87,88,92,101,102" m="15671" machi="92" ten="30,2000,0" yaku="8,1,54,1" doraHai="106" who="0" fromWho="0" sc="500,20,210,-5,154,-5,136,-10" /><INIT seed="4,0,0,1,1,129" ten="520,205,149,126" oya="0" hai0="35,69,54,97,8,127,38,61,100,87,88,10,99" hai1="18,17,45,134,51,71,72,52,31,6,15,65,86" hai2="114,62,76,84,5,0,42,135,123,29,12,115,116" hai3="66,110,41,101,2,60,47,103,26,112,78,126,19"/><T89/><D38/><U43/><E72/><V77/><F123/><W16/><G110/><T104/><D127/><U4/><E31/><V95/><F116/><W50/><G126/><T33/><D33/><U37/><E134/><V79/><F0/><W27/><G2/><T28/><D97/><U94/><E65/><V63/><F29/><W118/><G118/><T13/><D13/><U53/><E71/><V32/><F32/><W80/><G112/><N who="2" m="43049" /><F42/><W125/><G125/><T23/><D23/><N who="1" m="11711" /><E18/><V81/><F95/><W96/><G27/><N who="0" m="18847" /><D54/><N who="1" m="21099" /><E37/><V98/><F98/><W11/><G26/><T91/><D87/><U9/><E9/><N who="2" m="4143" /><F135/><W34/><G11/><T36/><D36/><U113/><E113/><V92/><F92/><W133/><G34/><T14/><D14/><U68/><E68/><V108/><F108/><W73/><G133/><T117/><D117/><U83/><E94/><V30/><F30/><W111/><G103/><T1/><D1/><U25/><E25/><V39/><F39/><W58/><REACH who="3" step="1"/><G111/><REACH who="3" ten="520,205,149,116" step="2"/><T90/><D8/><U20/><E20/><V119/><F119/><W128/><G128/><T122/><D10/><U55/><E43/><V48/><F63/><W57/><G57/><T124/><D61/><U82/><E6/><V3/><F62/><W120/><G120/><T49/><D122/><U102/><E4/><V131/><F3/><W109/><G109/><T64/><D69/><U56/><E102/><V75/><F131/><W21/><G21/><T93/><D100/><U85/><E56/><V74/><F48/><W70/><G70/><T40/><D124/><RYUUKYOKU ba="0,1" sc="520,-30,205,10,149,10,116,10" hai1="45,51,55,82,83,85,86" hai2="74,75,76,77,79,81,84" hai3="16,19,41,47,50,58,60,66,73,78,80,96,101" /><INIT seed="5,1,1,3,2,119" ten="490,215,159,126" oya="1" hai0="25,109,2,18,47,92,83,95,16,129,72,68,130" hai1="61,69,108,41,99,5,37,132,67,80,71,118,9" hai2="53,11,110,135,42,125,22,94,63,89,86,70,93" hai3="30,114,62,103,127,3,45,44,20,115,73,19,57"/><U91/><E118/><V58/><F110/><W120/><G73/><T54/><D68/><U106/><E108/><V0/><F135/><W111/><G3/><T134/><D2/><U8/><E71/><V29/><F125/><W107/><G111/><T46/><D134/><U124/><E132/><V33/><F33/><W12/><G127/><T77/><D109/><U43/><E124/><V15/><F42/><W51/><G30/><T7/><D7/><U131/><E131/><N who="0" m="50185" /><D25/><U28/><E28/><V126/><F126/><W26/><G107/><T98/><D95/><U78/><E9/><V102/><F70/><W38/><G103/><N who="0" m="60871" /><D54/><U21/><E21/><V1/><F22/><W65/><G26/><T121/><D121/><U48/><E37/><V96/><F29/><W116/><G116/><T85/><D72/><U75/><E48/><V81/><F94/><W79/><G79/><T32/><D32/><U64/><E64/><V100/><F102/><W10/><G38/><T23/><D23/><U87/><E106/><V66/><F66/><W128/><G20/><T4/><D4/><AGARI ba="1,1" hai="0,1,4,11,15,53,58,63,81,86,89,93,96,100" machi="4" ten="30,1000,0" yaku="7,1" doraHai="119" who="2" fromWho="0" sc="490,-13,215,0,159,23,126,0" /><INIT seed="6,0,0,1,0,9" ten="477,215,182,126" oya="2" hai0="24,5,121,89,101,70,127,102,28,77,35,3,1" hai1="40,18,74,97,46,75,10,13,117,119,135,52,80" hai2="111,29,100,85,83,14,98,128,82,94,124,42,99" hai3="57,54,26,50,36,131,47,34,104,96,48,64,132"/><V30/><F128/><W56/><G132/><T8/><D1/><U120/><E135/><V51/><F124/><W59/><G131/><T60/><D121/><U45/><E120/><V31/><F111/><W66/><G34/><T37/><D127/><U126/><E126/><V79/><F83/><W27/><G96/><T73/><D89/><U25/><E97/><V38/><F38/><W130/><G104/><T116/><D116/><U33/><E46/><N who="2" m="26071" /><F99/><W22/><G130/><T72/><D72/><U78/><E75/><V65/><F65/><N who="3" m="25195" /><G22/><T91/><D70/><U71/><E71/><V53/><F53/><N who="3" m="31799" /><G26/><T133/><D133/><U88/><E33/><V16/><F31/><W11/><G27/><T86/><D37/><U76/><E25/><V19/><F19/><W123/><G11/><AGARI ba="0,0" hai="11,14,16,29,30,79,82,85,94,98,100" m="26071" machi="11" ten="30,5800,0" yaku="8,1,52,1,54,1" doraHai="9" who="2" fromWho="3" sc="477,0,215,0,182,58,126,-58" /><INIT seed="6,1,0,4,4,40" ten="477,215,240,68" oya="2" hai0="18,98,4,64,44,118,74,129,13,71,92,42,68" hai1="96,107,43,106,1,84,62,55,90,51,35,108,119" hai2="15,112,33,72,127,132,101,34,49,109,76,48,121" hai3="47,115,89,39,124,81,131,114,61,21,45,135,117"/><V79/><F121/><W94/><G81/><T52/><D74/><U31/><E1/><V116/><F116/><W63/><G117/><T37/><D118/><U122/><E119/><V54/><F101/><W97/><G39/><T29/><D129/><U130/><E122/><V105/><F105/><W134/><G21/><T125/><D125/><U110/><E43/><V11/><F127/><W2/><G2/><T73/><D73/><U128/><E62/><N who="3" m="23562" /><G131/><N who="1" m="50218" /><E31/><V57/><F109/><N who="1" m="42089" /><E35/><V102/><F102/><W82/><G82/><T78/><D13/><U95/><E96/><V27/><F72/><W5/><G5/><T26/><D4/><U7/><E7/><V103/><F103/><W32/><G32/><T100/><D100/><U20/><E20/><V65/><F65/><W88/><G89/><T56/><D64/><U36/><E36/><V123/><F123/><W85/><G97/><T24/><D42/><U86/><E86/><V80/><F33/><W87/><G87/><T126/><D98/><U67/><E67/><V53/><F34/><W8/><G8/><T38/><D38/><U28/><E28/><V120/><F120/><W9/><G9/><T91/><D29/><U99/><E99/><V22/><F11/><W23/><G23/><T6/><D37/><U75/><E75/><V50/><F22/><W16/><G16/><T19/><D18/><U10/><E10/><V30/><F30/><W25/><G25/><T93/><D24/><U83/><E83/><V66/><F27/><W58/><G124/><T69/><D19/><U46/><AGARI ba="1,0" hai="46,51,55,84,90,95,106,107" m="42089,50218" machi="46" ten="30,2000,0" yaku="19,1,52,1" doraHai="40" who="1" fromWho="1" sc="477,-6,215,23,240,-11,68,-6" /><INIT seed="7,0,0,2,0,110" ten="471,238,229,62" oya="3" hai0="106,41,26,6,3,87,71,70,90,129,16,78,48" hai1="55,53,50,44,9,98,69,81,11,58,97,117,79" hai2="14,75,39,57,54,31,94,68,109,125,46,7,111" hai3="132,89,105,17,120,0,21,128,43,124,72,38,114"/><W115/><RYUUKYOKU type="yao9" ba="0,0" sc="471,0,238,0,229,0,62,0" hai3="0,17,21,38,43,72,89,105,114,115,120,124,128,132" /><INIT seed="7,1,0,5,3,75" ten="471,238,229,62" oya="3" hai0="135,38,70,121,67,78,123,93,12,25,102,126,127" hai1="8,58,48,56,97,2,22,23,90,46,63,89,82" hai2="42,117,87,41,92,9,14,69,68,17,26,43,21" hai3="125,134,74,55,72,100,129,88,113,4,15,79,11"/><W132/><G113/><T24/><D38/><U95/><E2/><V52/><F117/><W112/><G100/><T32/><D135/><N who="3" m="51753" /><G74/><T62/><D12/><U86/><E8/><V1/><F1/><W130/><G55/><T61/><D61/><U81/><E81/><V111/><F111/><W44/><G44/><T29/><D24/><U20/><E63/><V91/><REACH who="2" step="1"/><F52/><AGARI ba="1,0" hai="20,22,23,46,48,52,56,58,82,86,89,90,95,97" machi="52" ten="40,2600,0" yaku="8,1,54,1" doraHai="75" who="1" fromWho="2" sc="471,0,238,29,229,-29,62,0" owari="471,57.0,267,7.0,200,-20.0,62,-44.0" /></mjloggm>