<mjloggm ver="2.3"><GO type="97"/><UN n0="%75%69%69%70%67" n1="%E3%82%A2%E3%83%AB%E3%82%B7%E3%83%A3%E3%83%93%E3%83%B3" n2="%EF%BC%88%E2%89%A7%E2%96%BD%E2%89%A6%EF%BC%89" n3="%E3%83%8D%E3%82%AA%E3%83%A9%E3%83%B4%E3%82%A3%E3%83%B3" dan="14,14,15,13" rate="1818,1934,1982,1838" sx="M,M,M,M"/><TAIKYOKU oya="0"/><INIT seed="0,0,0,5,4,1" ten="250,250,250,250" oya="0" hai0="58,118,86,19,109,80,9,66,62,105,76,72,23" hai1="63,94,11,45,13,133,31,119,81,131,123,55,21" hai2="98,0,101,43,70,129,61,93,39,56,130,16,87" hai3="107,106,17,103,33,102,85,28,110,44,127,71,26"/><T47/><D118/><U88/><E119/><V124/><F0/><W114/><G114/><T51/><D105/><U32/><E123/><V112/><F112/><W120/><G127/><T20/><D109/><U6/><E133/><V46/><F124/><W15/><G120/><T54/><D72/><U68/><E131/><V64/><F87/><W99/><G110/><T135/><D135/><U77/><E32/><V59/><REACH who="2" step="1"/><F16/><REACH who="2" ten="250,250,240,250" step="2"/><W90/><G71/><T29/><D29/><U52/><E68/><V42/><F42/><W73/><G73/><T84/><D84/><N who="1" m="48175" /><E31/><V50/><F50/><W69/><G69/><T57/><D57/><AGARI ba="0,1" hai="39,43,46,56,57,59,61,64,70,93,98,101,129,130" machi="57" ten="40,1300,0" yaku="1,1,53,0" doraHai="1" doraHaiUra="4" who="2" fromWho="0" sc="250,-13,250,0,240,23,250,0" /><INIT seed="1,0,0,4,3,86" ten="237,250,263,250" oya="1" hai0="46,49,6,72,35,81,75,135,118,121,45,53,130" hai1="120,55,57,67,64,23,115,87,74,62,100,102,0" hai2="1,2,26,103,17,9,42,97,19,128,124,3,76" hai3="123,7,116,63,52,129,105,70,32,126,38,40,89"/><U92/><E120/><V10/><F124/><W73/><RYUUKYOKU type="yao9" ba="0,0" sc="237,0,250,0,263,0,250,0" hai3="7,32,38,40,52,63,70,73,89,105,116,123,126,129" /><INIT seed="1,1,0,1,2,102" ten="237,250,263,250" oya="1" hai0="117,106,131,56,10,20,97,107,9,8,35,30,83" hai1="119,135,89,92,42,3,124,43,114,115,2,11,44" hai2="37,65,77,61,40,113,52,64,126,18,0,22,99" hai3="70,112,116,51,13,111,27,125,105,122,73,48,88"/><U68/><E119/><V128/><F0/><W127/><G116/><T6/><D117/><U130/><E68/><V19/><F113/><W57/><G112/><T85/><D131/><U36/><E135/><V53/><F128/><W67/><G122/><T103/><D35/><U100/><E130/><V110/><F77/><W109/><G73/><T58/><D6/><U90/><E124/><N who="3" m="47690" /><G70/><T91/><D30/><U12/><E100/><V75/><F75/><W104/><G27/><T23/><D23/><U47/><E12/><V121/><F126/><W28/><G28/><T84/><D20/><U96/><E90/><V46/><F121/><W54/><G13/><T59/><REACH who="0" step="1"/><D85/><REACH who="0" ten="227,250,263,250" step="2"/><U79/><E11/><V66/><F22/><W120/><G120/><T15/><D15/><U118/><E118/><V133/><F18/><W76/><G76/><T71/><D71/><U16/><E79/><V129/><F19/><W14/><G14/><T7/><D7/><U1/><REACH who="1" step="1"/><E16/><REACH who="1" ten="227,240,263,250" step="2"/><V26/><F129/><W78/><G78/><T5/><D5/><U62/><E62/><V21/><F61/><W17/><G17/><T38/><D38/><AGARI ba="1,2" hai="1,2,3,36,38,42,43,44,47,89,92,96,114,115" machi="38" ten="40,12000,1" yaku="1,1,9,1,53,2" doraHai="102" doraHaiUra="39" who="1" fromWho="0" sc="227,-123,240,143,263,0,250,0" /><INIT seed="1,2,0,3,2,42" ten="104,383,263,250" oya="1" hai0="35,69,116,9,127,3,98,129,125,109,64,120,117" hai1="66,16,10,87,5,119,121,20,104,107,118,133,57" hai2="71,131,95,56,62,114,22,81,58,60,36,115,55" hai3="52,75,106,79,50,0,113,102,41,105,26,94,45"/><U30/><E121/><V111/><F111/><W68/><G113/><N who="2" m="43017" /><F131/><W92/><G0/><T80/><D109/><U17/><E133/><V54/><F81/><W11/><G68/><T37/><D129/><U63/><E30/><V100/><F22/><W38/><G106/><T29/><D120/><U18/><E20/><V31/><F31/><W27/><G105/><T73/><D98/><U124/><E124/><N who="0" m="47689" /><D37/><U24/><E24/><V6/><F6/><W128/><G128/><T2/><D64/><U33/><E33/><V72/><F72/><W70/><G70/><T82/><D69/><U99/><E87/><V48/><F36/><W14/><G94/><T84/><D84/><U126/><E126/><V59/><F95/><W89/><G102/><T46/><D46/><U88/><E107/><V96/><F96/><W97/><G79/><N who="0" m="44143" /><D82/><U19/><N who="1" m="4096" /><DORA hai="130" /><U40/><E40/><V108/><F108/><W15/><G75/><T103/><D103/><U32/><E32/><V43/><F100/><W1/><G1/><N who="0" m="11" /><D9/><U12/><REACH who="1" step="1"/><E88/><REACH who="1" ten="104,373,263,250" step="2"/><V134/><F43/><W112/><G112/><T28/><D28/><U25/><E25/><AGARI ba="2,1" hai="25,29,35,116,117" m="11,44143,47689" machi="25" ten="30,2000,0" yaku="18,1,23,1" doraHai="42,130" who="0" fromWho="1" sc="104,36,373,-26,263,0,250,0" /><INIT seed="2,0,0,0,4,83" ten="140,347,263,250" oya="2" hai0="40,37,8,75,48,13,34,80,49,67,84,88,4" hai1="55,134,104,71,66,100,15,35,53,51,64,79,99" hai2="31,94,73,23,106,42,3,105,12,10,118,30,103" hai3="92,47,16,96,111,9,62,58,33,72,28,101,81"/><V128/><F118/><W7/><G111/><T6/><D34/><U46/><E134/><V124/><F73/><W93/><G33/><T98/><D67/><U26/><E79/><V78/><F78/><W69/><G28/><T127/><D127/><U59/><E71/><V87/><F124/><W61/><G69/><T97/><D37/><U123/><E123/><V60/><F128/><W27/><G72/><T0/><D0/><U68/><E68/><V50/><F3/><W125/><G125/><T77/><D4/><U131/><E131/><V29/><F23/><W14/><G81/><T91/><D40/><U19/><E26/><V107/><F60/><W65/><G62/><T17/><D17/><U5/><E35/><V126/><F126/><W63/><G63/><T116/><D116/><U70/><E5/><V32/><F32/><W21/><REACH who="3" step="1"/><G47/><REACH who="3" ten="140,347,263,240" step="2"/><T43/><D75/><U38/><E70/><V119/><F119/><W74/><G74/><T114/><D114/><U36/><E66/><V122/><F122/><W20/><G20/><T39/><D39/><U52/><E64/><V108/><F108/><W54/><G54/><T24/><D43/><U82/><E82/><V22/><F22/><W130/><G130/><T45/><D45/><U121/><E121/><V41/><F41/><W102/><G102/><T25/><D49/><N who="1" m="31151" /><E55/><V18/><F42/><W1/><G1/><T110/><D48/><U112/><E52/><V90/><REACH who="2" step="1"/><F50/><REACH who="2" ten="140,347,253,240" step="2"/><W129/><G129/><T57/><D110/><U85/><E51/><V56/><F56/><W115/><G115/><T11/><D57/><RYUUKYOKU ba="0,2" sc="140,-15,347,-15,253,15,240,15" hai2="10,12,18,29,30,31,87,90,94,103,105,106,107" hai3="7,9,14,16,21,27,58,61,65,92,93,96,101" /><INIT seed="2,1,2,3,2,25" ten="125,332,268,255" oya="2" hai0="72,5,47,96,123,102,9,43,33,85,130,51,132" hai1="121,107,21,129,48,80,126,114,40,42,87,12,4" hai2="37,15,122,32,18,127,83,101,49,92,56,20,131" hai3="128,82,106,3,69,54,28,0,84,44,103,62,112"/><V66/><F122/><W118/><G118/><T27/><D123/><U26/><E121/><V67/><F37/><W68/><G128/><T45/><D72/><U125/><E129/><V29/><F131/><W117/><G117/><T17/><D130/><U93/><E114/><V86/><F127/><N who="1" m="48649" /><E107/><V38/><F38/><W70/><G112/><T30/><D85/><U14/><E93/><V55/><F101/><W110/><G110/><T8/><D8/><N who="1" m="4103" /><E14/><V16/><F18/><W95/><G106/><T120/><D120/><U109/><E48/><V50/><F50/><W104/><G104/><T133/><D45/><U64/><E64/><V119/><F119/><W75/><G75/><T108/><D108/><U90/><E109/><V57/><F57/><W60/><G3/><T74/><D74/><U71/><E71/><V19/><F19/><AGARI ba="1,2" hai="19,21,26,40,42,80,87,90" m="4103,48649" machi="19" ten="30,1000,0" yaku="18,1" doraHai="25" who="1" fromWho="2" sc="125,0,332,33,268,-13,255,0" /><INIT seed="3,0,0,5,1,133" ten="125,365,255,255" oya="3" hai0="99,69,107,78,104,35,93,130,128,42,48,20,121" hai1="89,105,39,83,62,1,68,19,109,33,22,44,46" hai2="28,31,118,112,132,120,77,125,40,24,82,54,30" hai3="26,50,108,126,4,87,7,106,100,55,124,70,97"/><W75/><G70/><T131/><D69/><U101/><E33/><V2/><F112/><W72/><G87/><T91/><D35/><U17/><E1/><V122/><F132/><W119/><G119/><T5/><D5/><U29/><E109/><V53/><F118/><W94/><G108/><T85/><D20/><U67/><E29/><N who="2" m="11371" /><F2/><W51/><G26/><T37/><D37/><U34/><E34/><N who="2" m="20839" /><F40/><W10/><G106/><T61/><D61/><U116/><E116/><V88/><F88/><W12/><G7/><T129/><D42/><U63/><E19/><V102/><F102/><W64/><G64/><T11/><D11/><U49/><E39/><V21/><F21/><W79/><G79/><T56/><D48/><U96/><E22/><V41/><F41/><W80/><G80/><N who="0" m="47255" /><D56/><U13/><E67/><V47/><F47/><W43/><G43/><T58/><N who="0" m="33280" /><DORA hai="98" /><T59/><D58/><U57/><E57/><V95/><F95/><W8/><G8/><T123/><D59/><U71/><E71/><V74/><F125/><N who="3" m="48235" /><G51/><T0/><D0/><U115/><E44/><AGARI ba="0,0" hai="4,10,12,44,50,55,72,75,94,97,100" m="48235" machi="44" ten="30,12000,1" yaku="18,1,52,4" doraHai="133,98" who="3" fromWho="1" sc="125,0,365,-120,255,0,255,120" owari="125,-37.0,245,-15.0,255,6.0,375,46.0" /></mjloggm>