<mjloggm ver="2.3"><GO type="169" lobby="0"/><UN n0="%EF%BC%88%E2%89%A7%E2%96%BD%E2%89%A6%EF%BC%89" n1="%E3%81%B2%E3%81%BD%E3%81%8D%E3%82%88%E3%81%97" n2="%73%70%6F%69%6C%65%64" n3="%E5%B0%91%E5%B9%B4%E7%AA%81%E6%92%83%E5%9B%A3" dan="17,18,17,16" rate="2149,2179,2187,2041" sx="M,M,M,M"/><TAIKYOKU oya="0"/><INIT seed="0,0,0,3,2,69" ten="250,250,250,250" oya="0" hai0="16,112,97,8,115,122,37,50,70,117,84,85,7" hai1="119,43,96,57,105,49,124,24,118,134,83,108,52" hai2="26,59,114,56,23,54,18,120,22,93,48,121,35" hai3="10,34,74,40,92,17,44,103,31,106,41,65,28"/><T4/><D122/><U129/><E108/><V87/><F35/><W61/><G106/><T127/><D117/><U107/><E124/><V11/><F114/><W36/><G74/><T58/><D127/><U101/><E134/><V12/><F59/><W110/><G110/><T116/><D116/><U3/><E129/><V9/><F120/><W15/><G34/><T20/><D70/><U72/><E107/><V111/><F111/><W39/><G92/><T0/><D4/><U102/><E101/><V51/><F51/><W19/><G19/><T42/><D97/><U5/><E24/><V125/><F125/><W99/><G99/><T86/><D58/><U66/><E66/><V6/><F6/><W33/><G103/><T2/><D50/><U21/><E21/><V32/><F32/><W29/><G33/><T89/><D89/><U79/><REACH who="1" step="1"/><E43/><REACH who="1" ten="250,240,250,250" step="2"/><V47/><F121/><W27/><G27/><T123/><D123/><U135/><E135/><V94/><F23/><W88/><G41/><T67/><D67/><U98/><E98/><V132/><F132/><W55/><G55/><T1/><D112/><U30/><E30/><V128/><F128/><W53/><G53/><T60/><D115/><U13/><E13/><V90/><F26/><W133/><G133/><T62/><D1/><U109/><E109/><V64/><F64/><W71/><REACH who="3" step="1"/><G88/><REACH who="3" ten="250,240,250,240" step="2"/><T77/><D42/><U63/><E63/><V130/><F130/><W113/><G113/><T45/><D62/><U46/><E46/><V82/><F47/><W80/><G80/><N who="0" m="47119" /><D60/><U126/><E126/><V25/><F25/><RYUUKYOKU ba="0,2" sc="250,-30,240,10,250,10,240,10" hai1="3,5,49,52,57,72,79,83,96,102,105,118,119" hai2="9,11,12,18,22,48,54,56,82,87,90,93,94" hai3="10,15,17,28,29,31,36,39,40,44,61,65,71" /><INIT seed="1,1,2,3,5,30" ten="220,250,260,250" oya="1" hai0="99,40,111,80,24,67,19,131,41,46,100,90,53" hai1="108,57,52,0,77,115,62,97,23,5,66,49,36" hai2="124,118,21,31,127,27,45,110,10,55,92,42,129" hai3="130,105,20,61,125,28,68,88,89,120,9,51,15"/><U126/><E115/><V123/><F118/><W35/><G120/><T56/><D111/><U84/><E36/><V37/><F123/><W102/><G125/><T6/><D131/><U86/><E126/><V74/><F74/><W128/><G20/><N who="0" m="13343" /><D6/><U16/><E108/><V94/><F129/><N who="3" m="49771" /><G51/><N who="0" m="28919" /><D100/><U14/><E77/><V38/><F38/><W109/><G109/><T112/><D112/><U83/><E83/><V87/><F110/><W4/><G61/><N who="0" m="38311" /><D99/><U91/><E5/><V76/><F124/><W32/><G68/><T64/><D64/><U133/><E133/><V58/><F127/><W132/><G132/><T50/><D50/><U114/><E0/><V117/><F117/><W72/><G72/><T96/><D96/><U85/><E114/><V7/><F76/><W22/><G105/><T103/><D103/><U18/><E18/><V119/><F87/><AGARI ba="1,2" hai="40,41,80,87,90" m="38311,28919,13343" machi="87" ten="30,1000,0" yaku="8,1" doraHai="30" who="0" fromWho="2" sc="220,33,250,0,260,-13,250,0" /><INIT seed="2,0,0,2,3,9" ten="253,250,247,250" oya="2" hai0="87,126,33,116,110,26,48,90,120,77,50,111,47" hai1="19,51,73,69,75,36,30,11,118,122,4,7,40" hai2="117,107,130,71,63,61,76,78,114,45,125,58,99" hai3="59,23,2,66,5,49,12,15,52,55,93,134,41"/><V102/><F117/><W54/><G134/><T98/><D120/><U85/><E36/><V24/><F114/><W70/><G2/><T6/><D116/><U21/><E122/><V17/><F130/><W86/><G70/><T18/><D126/><U105/><E105/><V8/><F125/><W13/><G5/><T92/><D6/><U121/><E69/><V62/><F71/><W123/><G123/><T97/><D33/><U81/><E30/><V22/><F58/><W131/><G131/><T89/><D77/><U67/><E67/><V109/><F109/><N who="0" m="41482" /><D89/><U3/><E7/><V10/><F45/><N who="3" m="25775" /><G23/><N who="0" m="13687" /><D50/><U31/><E118/><V83/><REACH who="2" step="1"/><F78/><REACH who="2" ten="253,250,237,250" step="2"/><W44/><G44/><T127/><D127/><U119/><E119/><V16/><F16/><W95/><G86/><AGARI ba="0,1" hai="8,10,17,22,24,61,62,63,76,83,86,99,102,107" machi="86" ten="40,2000,0" yaku="1,1,53,0" doraHai="9" doraHaiUra="53" who="2" fromWho="3" sc="253,0,250,0,237,30,250,-20" /><INIT seed="2,1,0,0,5,40" ten="253,250,267,230" oya="2" hai0="44,70,118,130,117,27,51,82,55,89,98,101,132" hai1="21,90,74,99,79,24,75,59,54,43,39,4,125" hai2="81,97,134,67,18,108,72,94,114,109,105,22,121" hai3="85,127,116,95,110,61,124,113,8,87,19,31,107"/><V86/><F67/><W2/><G107/><T103/><D70/><U20/><E125/><N who="3" m="48202" /><G116/><N who="0" m="44651" /><D132/><U52/><E4/><V37/><F37/><W119/><G119/><T128/><D27/><U33/><E33/><V25/><F121/><W120/><G120/><T115/><D115/><U34/><E34/><V46/><F114/><W76/><G113/><T123/><D123/><U135/><E54/><V0/><F0/><W131/><G131/><N who="0" m="50219" /><D82/><U112/><E112/><V6/><F6/><N who="3" m="1111" /><G31/><T32/><D32/><U88/><E79/><V26/><F134/><W91/><G110/><T133/><D133/><U126/><E126/><V11/><F109/><W122/><G122/><T35/><D35/><U84/><E74/><V69/><F72/><W56/><G19/><T96/><D89/><U17/><E90/><V9/><F108/><W111/><G111/><T41/><D41/><U50/><E135/><V62/><F18/><W83/><G61/><T66/><D66/><U58/><E75/><V102/><F62/><W80/><G56/><T13/><D13/><U29/><E59/><V68/><F69/><W14/><G14/><T12/><D12/><N who="1" m="9255" /><E43/><V45/><F68/><W104/><G104/><T15/><D15/><U57/><E57/><V1/><F105/><W16/><G16/><T42/><D42/><U106/><E106/><V100/><F1/><W93/><AGARI ba="1,0" hai="76,80,83,85,87,91,93,95" m="1111,48202" machi="93" ten="30,1100,0" yaku="18,1" doraHai="40" who="3" fromWho="3" sc="253,-4,250,-4,267,-6,230,14" /><INIT seed="3,0,0,0,3,49" ten="249,246,261,244" oya="3" hai0="99,134,28,17,60,124,30,117,7,42,97,53,114" hai1="6,46,125,126,104,10,1,70,110,24,9,76,11" hai2="48,57,15,27,84,95,82,61,123,98,122,78,92" hai3="55,128,26,93,120,89,29,4,133,38,103,21,88"/><W87/><G120/><N who="2" m="46121" /><F15/><W12/><G38/><T8/><D117/><U59/><E70/><V66/><F98/><N who="3" m="59855" /><G133/><T115/><D42/><U100/><E76/><V119/><F119/><W3/><G3/><N who="0" m="127" /><D17/><U19/><E100/><V81/><F81/><W18/><G128/><T79/><D79/><U44/><E104/><V37/><F37/><W129/><G129/><T63/><D63/><U25/><E46/><V14/><F14/><W62/><G4/><T131/><D131/><U41/><E59/><N who="2" m="37183" /><F27/><W105/><G105/><T118/><D118/><U0/><E44/><V91/><F78/><W77/><G77/><T39/><D39/><U20/><E41/><V127/><F127/><N who="1" m="48649" /><E110/><V36/><F36/><W132/><G132/><T130/><D130/><U40/><E40/><V108/><F108/><W135/><G135/><T50/><D124/><U113/><E113/><V2/><F2/><N who="1" m="1129" /><E25/><V109/><F109/><W72/><G72/><T13/><D134/><U16/><E6/><V94/><F82/><W74/><G74/><T52/><D115/><U22/><E22/><V90/><F90/><N who="3" m="34923" /><G87/><T35/><D114/><U45/><E45/><V96/><F84/><W67/><G67/><T47/><D35/><U71/><E71/><V58/><F91/><W80/><G80/><T56/><D13/><AGARI ba="0,0" hai="9,10,11,13,16,19,20,24" m="1129,48649" machi="13" ten="30,7700,0" yaku="18,1,34,2,54,1" doraHai="49" who="1" fromWho="0" sc="249,-77,246,77,261,0,244,0" /><INIT seed="4,0,0,1,4,47" ten="172,323,261,244" oya="0" hai0="45,95,82,51,72,59,60,66,9,6,123,29,104" hai1="94,28,22,16,37,84,52,78,58,54,65,26,5" hai2="93,55,135,119,64,21,19,46,33,7,108,112,12" hai3="18,118,42,61,96,62,67,17,105,88,115,134,15"/><T127/><D123/><U80/><E37/><V1/><F108/><W25/><G118/><T128/><D104/><U122/><E122/><V98/><F64/><W109/><G109/><T14/><D128/><U69/><E5/><V10/><F135/><W43/><G134/><T71/><D127/><U11/><E69/><V116/><F112/><W53/><G115/><T30/><D71/><U24/><E11/><V56/><F46/><W36/><G36/><T85/><D95/><U77/><E77/><V92/><F33/><W81/><G105/><T79/><D72/><U83/><E83/><V132/><F132/><W90/><G53/><AGARI ba="0,0" hai="6,9,14,29,30,45,51,53,59,60,66,79,82,85" machi="53" ten="30,5800,0" yaku="7,1,8,1,52,1" doraHai="47" who="0" fromWho="3" sc="172,58,323,0,261,0,244,-58" /><INIT seed="4,1,0,1,0,2" ten="230,323,261,186" oya="0" hai0="71,32,13,1,129,56,78,61,116,49,62,127,47" hai1="0,120,108,18,115,135,6,7,64,107,91,121,123" hai2="48,96,68,70,124,132,69,113,89,33,130,72,37" hai3="112,133,90,4,73,86,85,17,102,128,12,31,97"/><T80/><D1/><U117/><E107/><V75/><F37/><W44/><G73/><T5/><D32/><U87/><E117/><V36/><F36/><W24/><G112/><T63/><D116/><U95/><E108/><V45/><F33/><W81/><G128/><T22/><D71/><U8/><E135/><V55/><F130/><W59/><G133/><T100/><D100/><U19/><E115/><V60/><F132/><W14/><G44/><T54/><D127/><U15/><E64/><V104/><F113/><W76/><G59/><T39/><D39/><U88/><E0/><V101/><F124/><W3/><G3/><T28/><D129/><U11/><E11/><V20/><F89/><W94/><G17/><N who="0" m="10543" /><D28/><U99/><REACH who="1" step="1"/><E19/><REACH who="1" ten="230,313,261,186" step="2"/><V79/><F104/><W25/><G4/><T103/><D5/><U109/><E109/><V42/><F69/><W67/><G67/><N who="0" m="39335" /><D103/><U52/><E52/><V16/><F101/><W77/><G77/><T122/><D122/><U83/><AGARI ba="1,1" hai="6,7,8,15,18,83,87,88,91,95,99,120,121,123" machi="83" ten="30,8000,1" yaku="1,1,0,1,52,2,54,1,53,0" doraHai="2" doraHaiUra="34" who="1" fromWho="1" sc="230,-41,313,93,261,-21,186,-21" /><INIT seed="5,0,0,4,5,109" ten="189,406,240,165" oya="1" hai0="34,76,68,88,3,46,130,77,26,124,128,116,15" hai1="30,37,40,14,54,101,66,82,83,127,35,92,57" hai2="122,11,58,65,98,134,0,102,63,59,44,62,25" hai3="51,91,80,113,31,42,106,81,132,43,48,70,103"/><U84/><E127/><V38/><F122/><W50/><G70/><T49/><D3/><U16/><E66/><V10/><F134/><W104/><G132/><T97/><D68/><U105/><E105/><V4/><F11/><W60/><G31/><N who="0" m="19831" /><D15/><U114/><E114/><V79/><F79/><W2/><G2/><T27/><D27/><U6/><E6/><V126/><F126/><W123/><G123/><T72/><D72/><U93/><E40/><V120/><F120/><W94/><G113/><T12/><D12/><U45/><E45/><V75/><F75/><W121/><G121/><T32/><D32/><U85/><E37/><V69/><F25/><W8/><G8/><T131/><D116/><U90/><E101/><V1/><F1/><W9/><G9/><T7/><D7/><U133/><E30/><V107/><F63/><W86/><G60/><T33/><D33/><U111/><E35/><V61/><F62/><W119/><G119/><T53/><D124/><U135/><E111/><V13/><F13/><W19/><G19/><T22/><D22/><N who="1" m="11543" /><E135/><V115/><F59/><W41/><REACH who="3" step="1"/><G103/><REACH who="3" ten="189,406,240,155" step="2"/><T73/><D73/><U74/><E133/><V95/><F69/><W17/><G17/><T23/><D23/><U129/><E74/><V125/><F125/><W78/><G78/><T96/><D88/><N who="1" m="53263" /><E129/><V71/><F71/><W117/><G117/><T112/><D112/><U39/><E39/><V100/><F115/><W24/><G24/><T5/><D5/><U29/><E29/><V52/><F38/><W118/><G118/><T20/><D20/><U56/><E90/><RYUUKYOKU ba="0,1" sc="189,15,406,-15,240,-15,155,15" hai0="46,49,53,76,77,96,97,128,130,131" hai3="41,42,43,48,50,51,80,81,86,91,94,104,106" /><INIT seed="6,1,1,0,4,91" ten="204,391,225,170" oya="2" hai0="15,77,71,122,108,128,132,10,100,130,131,70,118" hai1="24,85,20,72,59,134,105,123,44,82,63,50,67" hai2="54,84,58,60,23,45,31,95,35,40,106,19,25" hai3="97,116,53,86,117,29,6,83,121,30,7,14,16"/><V33/><F106/><W89/><G121/><T75/><D108/><U81/><E134/><V39/><REACH who="2" step="1"/><F31/><REACH who="2" ten="204,391,215,170" step="2"/><W68/><G29/><T52/><D122/><U110/><E105/><V103/><F103/><W34/><G30/><T76/><D100/><U32/><E123/><V57/><F57/><W3/><G117/><T107/><D118/><U127/><E59/><V87/><F87/><W65/><G116/><T74/><D107/><U98/><E85/><V115/><F115/><W21/><G86/><T27/><D132/><U109/><E109/><V92/><F92/><W5/><G97/><T62/><D75/><U64/><E98/><V104/><F104/><W38/><G68/><T96/><D96/><U42/><E110/><V46/><F46/><W78/><G83/><T88/><D74/><U48/><E72/><V119/><F119/><W11/><G78/><T1/><D76/><U37/><E82/><V8/><F8/><W4/><G11/><T28/><D77/><U113/><E81/><V47/><F47/><W26/><G3/><T17/><D1/><U124/><E113/><V36/><F36/><W49/><G38/><T73/><D73/><U43/><E37/><V22/><F22/><W112/><G21/><N who="0" m="15471" /><D88/><AGARI ba="1,2" hai="19,23,25,33,35,39,40,45,54,58,60,84,88,95" machi="88" ten="40,7700,0" yaku="1,1,52,1,54,1,53,0" doraHai="91" doraHaiUra="102" who="2" fromWho="0" sc="204,-80,391,0,215,100,170,0" /><INIT seed="6,2,0,4,3,65" ten="124,391,315,170" oya="2" hai0="72,41,71,23,36,76,135,90,130,63,19,12,43" hai1="61,114,52,80,16,79,33,15,91,66,116,60,78" hai2="133,24,47,84,21,0,124,40,109,14,85,32,102" hai3="94,20,83,68,122,50,42,126,46,106,31,39,22"/><V2/><F32/><W8/><G106/><T121/><D121/><U104/><E104/><V9/><F102/><W59/><G122/><T120/><D120/><U62/><E33/><V56/><F133/><W86/><G126/><T117/><D117/><U123/><E114/><V93/><F124/><W1/><G94/><T6/><D135/><U99/><E116/><V100/><F56/><W101/><G101/><T103/><D103/><U18/><E18/><V4/><F85/><W49/><G39/><T97/><D130/><U7/><E7/><V125/><F125/><W74/><G74/><T95/><D36/><U112/><E112/><V128/><F128/><W11/><G68/><T118/><D118/><U134/><E66/><V110/><F2/><W67/><G1/><T132/><D132/><U111/><E111/><V64/><F0/><W54/><G67/><T44/><D44/><U51/><E134/><V48/><F64/><W57/><G57/><T113/><D113/><U82/><E82/><V119/><F119/><W107/><G107/><T53/><D71/><U26/><E26/><V108/><F100/><W87/><G87/><T27/><D72/><U81/><E81/><V29/><F84/><W131/><G131/><T73/><D73/><U10/><E80/><V17/><REACH who="2" step="1"/><F93/><REACH who="2" ten="124,391,305,170" step="2"/><W3/><G3/><T58/><REACH who="0" step="1"/><D76/><REACH who="0" ten="114,391,305,170" step="2"/><U77/><E123/><V127/><F127/><W34/><G83/><T88/><D88/><U129/><E129/><V70/><F70/><W96/><G86/><T115/><D115/><U38/><E78/><V98/><F98/><W69/><G96/><RYUUKYOKU ba="2,2" sc="114,15,391,-15,305,15,170,-15" hai0="6,12,19,23,27,41,43,53,58,63,90,95,97" hai2="4,9,14,17,21,24,29,40,47,48,108,109,110" /><INIT seed="6,3,2,1,5,60" ten="129,376,320,155" oya="2" hai0="80,79,61,17,14,131,28,134,18,67,3,74,100" hai1="73,8,84,121,109,29,99,89,132,111,91,81,75" hai2="20,24,105,39,83,120,50,114,122,30,86,87,7" hai3="59,6,44,52,76,95,106,32,110,22,126,82,133"/><V107/><F39/><W128/><G110/><T54/><D3/><U112/><E29/><V93/><F7/><W1/><G106/><T4/><D134/><U113/><E8/><V12/><F107/><W41/><G32/><T27/><D131/><U64/><E64/><V25/><F105/><W68/><G68/><T123/><D123/><U115/><E132/><V43/><F114/><W98/><G133/><T38/><D38/><U45/><E45/><N who="2" m="25919" /><F120/><W0/><G128/><T10/><D54/><U127/><E121/><V62/><F62/><W21/><G126/><T19/><D100/><U63/><E63/><V56/><F56/><W40/><G6/><T53/><D53/><U104/><E127/><V16/><F30/><W34/><G34/><T90/><D90/><U101/><E91/><N who="2" m="53495" /><F122/><W35/><G35/><T15/><D15/><U58/><E58/><V77/><AGARI ba="3,2" hai="12,16,20,24,25,77,83,87" m="53495,25919" machi="77" ten="30,3000,0" yaku="8,1,54,1" doraHai="60" who="2" fromWho="2" sc="129,-13,376,-13,320,59,155,-13" /><INIT seed="6,4,0,2,1,71" ten="116,363,379,142" oya="2" hai0="1,75,39,102,130,40,6,83,79,52,87,62,53" hai1="134,78,132,72,123,108,122,24,115,126,125,104,73" hai2="51,111,20,110,67,89,54,98,5,27,23,18,30" hai3="33,120,2,15,99,0,55,81,84,77,109,26,92"/><V28/><F67/><W60/><G109/><N who="2" m="41481" /><F5/><W8/><G120/><N who="1" m="46122" /><E108/><V44/><F23/><W7/><G33/><T128/><D102/><U129/><E24/><V25/><F25/><W58/><REACH who="3" step="1"/><G26/><REACH who="3" ten="116,363,379,132" step="2"/><T63/><D87/><U43/><E73/><V100/><F89/><AGARI ba="4,1" hai="0,2,7,8,15,55,58,60,77,81,84,89,92,99" machi="89" ten="30,3900,0" yaku="1,1,2,1,7,1,53,0" doraHai="71" doraHaiUra="42" who="3" fromWho="2" sc="116,0,363,0,379,-51,132,61" /><INIT seed="7,0,0,2,2,54" ten="116,363,328,193" oya="3" hai0="16,27,82,46,57,99,44,1,24,49,126,90,17" hai1="25,110,18,116,50,22,53,117,92,26,39,12,76" hai2="120,30,78,13,132,118,20,104,101,0,19,86,40" hai3="73,11,130,111,32,115,28,89,10,68,42,106,79"/><W122/><G68/><T51/><D1/><U14/><E39/><V2/><F118/><N who="1" m="45673" /><E110/><V105/><F40/><W96/><G122/><T100/><D126/><U23/><E76/><V34/><F120/><W108/><G42/><T52/><D100/><U21/><E92/><V62/><F132/><W61/><G61/><T74/><D74/><U8/><E14/><V43/><F43/><W15/><G115/><T7/><D7/><U6/><E18/><N who="0" m="7273" /><D99/><U107/><E107/><V88/><F78/><W134/><G134/><T128/><D128/><U45/><AGARI ba="0,0" hai="6,8,12,21,22,23,25,26,45,50,53" m="45673" machi="45" ten="30,1100,0" yaku="12,1" doraHai="54" who="1" fromWho="1" sc="116,-3,363,11,328,-3,193,-5" owari="113,-39.0,374,47.0,325,13.0,188,-21.0" /></mjloggm>