<mjloggm ver="2.3"><GO type="41"/><UN n0="%42%42%50" n1="%E3%82%A6%E3%83%AB%E3%83%88%E3%83%A9%E7%AB%8B%E7%9B%B4" n2="%50%72%6F%66%2E%47%33" n3="%E3%81%82%E3%81%A4%E3%81%82%E3%81%A4%E6%B9%AF%E8%B1%86%E8%85%90" dan="13,15,15,15" rate="1812,1998,2011,2125" sx="M,M,M,F"/><TAIKYOKU oya="0"/><INIT seed="0,0,0,4,0,42" ten="250,250,250,250" oya="0" hai0="120,74,123,132,12,22,9,85,127,83,3,72,118" hai1="20,122,48,76,26,124,39,10,61,64,79,82,57" hai2="50,60,68,78,94,88,40,116,25,33,105,87,6" hai3="8,70,14,131,15,101,52,29,45,96,67,80,46"/><T4/><D118/><U55/><E39/><V24/><F116/><W54/><G29/><T91/><D132/><U135/><E122/><V28/><F105/><W106/><G70/><T110/><D127/><U0/><E124/><V113/><F113/><W41/><G67/><T93/><D110/><U112/><E112/><V92/><F78/><W23/><G131/><T30/><D30/><U73/><E135/><V43/><F6/><W66/><G66/><T18/><REACH who="0" step="1"/><D83/><REACH who="0" ten="240,250,250,250" step="2"/><U121/><E121/><AGARI ba="0,1" hai="3,4,9,12,18,22,72,74,85,91,93,120,121,123" machi="121" ten="40,3900,0" yaku="1,1,2,1,53,0" doraHai="42" doraHaiUra="38" who="0" fromWho="1" sc="240,49,250,-39,250,0,250,0" /><INIT seed="0,1,0,4,1,76" ten="289,211,250,250" oya="0" hai0="73,113,51,14,92,131,53,87,68,37,115,79,85" hai1="19,22,5,107,49,31,123,100,135,78,17,63,57" hai2="129,116,4,134,127,24,106,65,128,125,44,120,77" hai3="80,69,89,101,81,70,11,35,118,102,97,98,16"/><T60/><D37/><U86/><E123/><V32/><F77/><W20/><G35/><T0/><D73/><U94/><E107/><V41/><F65/><W7/><G118/><T27/><D0/><U30/><E5/><V109/><F4/><W23/><G7/><T61/><D131/><N who="2" m="50250" /><F106/><W36/><G36/><T47/><D87/><U110/><E110/><V83/><F83/><N who="3" m="31819" /><G70/><T99/><D27/><U21/><E49/><N who="2" m="26767" /><F109/><W46/><G69/><T8/><D79/><U103/><E78/><V25/><F116/><W104/><G104/><T67/><D85/><U26/><E86/><V75/><F75/><W29/><G46/><T132/><D61/><U91/><E94/><V114/><F114/><W84/><G29/><T40/><D40/><U2/><E31/><N who="2" m="19559" /><F25/><N who="3" m="14471" /><G11/><T124/><D8/><U42/><E30/><V93/><F93/><N who="3" m="54439" /><G23/><T133/><D113/><U66/><E21/><V119/><F119/><W64/><G64/><T88/><D115/><U62/><E22/><V105/><F105/><W28/><G28/><T126/><D14/><U1/><E66/><V90/><F120/><W52/><G52/><T71/><D68/><U95/><E1/><V96/><F90/><W111/><G111/><T59/><D71/><U15/><E91/><V3/><F3/><W34/><G34/><T9/><D9/><U48/><E2/><V55/><F55/><W130/><G130/><T58/><D59/><U56/><E56/><V13/><F13/><W112/><G112/><T121/><D121/><U50/><E15/><V117/><F117/><W39/><G39/><T54/><D54/><RYUUKYOKU ba="1,0" sc="289,15,211,-15,250,-15,250,15" hai0="47,51,53,58,60,67,88,92,99,124,126,132,133" hai3="97,98,101,102" /><INIT seed="0,2,0,4,5,57" ten="304,196,235,265" oya="0" hai0="133,94,16,11,77,37,46,31,6,50,132,108,112" hai1="89,102,135,28,105,52,0,103,60,95,79,122,100" hai2="120,34,14,13,65,76,74,113,26,125,20,78,40" hai3="73,110,68,8,4,71,101,42,25,5,48,111,129"/><T70/><D37/><U104/><E0/><V49/><F113/><W3/><G73/><T69/><D112/><U30/><E122/><V56/><F120/><W66/><G129/><T44/><D108/><U107/><E135/><N who="0" m="51785" /><D31/><U83/><E30/><V27/><F125/><W55/><G42/><N who="0" m="24855" /><D77/><N who="2" m="29802" /><F74/><W72/><G72/><T21/><D46/><U67/><E28/><V86/><F34/><W124/><G124/><T109/><D109/><U123/><E123/><V12/><F20/><W59/><G110/><T7/><D94/><U39/><E39/><V96/><F96/><W80/><G111/><T130/><D130/><U54/><E83/><V88/><F40/><W41/><G80/><T2/><D6/><U58/><REACH who="1" step="1"/><E79/><REACH who="1" ten="304,186,235,265" step="2"/><V38/><F38/><W119/><G3/><T36/><D36/><U19/><E19/><V126/><F126/><W90/><G4/><T81/><D81/><U23/><E23/><V51/><F49/><W35/><G48/><T53/><D53/><U18/><E18/><V98/><F51/><W87/><G55/><T64/><D64/><U127/><E127/><V134/><F134/><W15/><G66/><T45/><D45/><U17/><E17/><V114/><F114/><W115/><G5/><T117/><D117/><U1/><E1/><V91/><F65/><W116/><G115/><T9/><D11/><U22/><E22/><V118/><F118/><W131/><G8/><T33/><D33/><U62/><E62/><V75/><F75/><W85/><G119/><T32/><D32/><U128/><E128/><V43/><F86/><AGARI ba="2,1" hai="52,54,58,60,67,86,89,95,100,102,103,104,105,107" machi="86" ten="50,6400,0" yaku="1,1,52,1,54,1,53,0" doraHai="57" doraHaiUra="29" who="1" fromWho="2" sc="304,0,186,80,235,-70,265,0" /><INIT seed="1,0,0,4,3,129" ten="304,266,165,265" oya="1" hai0="83,120,4,74,77,75,78,104,73,127,3,87,53" hai1="85,44,92,68,23,36,122,12,54,80,118,35,5" hai2="123,64,76,66,7,115,65,94,113,107,45,82,27" hai3="95,106,125,16,110,130,81,93,57,108,37,119,97"/><U58/><E35/><V38/><F107/><W43/><G130/><T126/><D104/><U56/><E68/><V105/><F105/><W9/><G125/><N who="0" m="47627" /><D3/><U1/><E118/><V99/><F123/><W128/><G128/><T79/><D4/><U51/><E122/><V25/><F7/><W69/><G69/><T63/><D120/><U135/><E36/><V59/><F59/><AGARI ba="0,0" hai="53,59,63,73,74,75,77,78,79,83,87" m="47627" machi="59" ten="40,1300,0" yaku="18,1" doraHai="129" who="0" fromWho="2" sc="304,13,266,0,165,-13,265,0" /><INIT seed="2,0,0,1,3,79" ten="317,266,152,265" oya="2" hai0="123,104,9,131,46,117,74,86,8,132,47,21,43" hai1="56,96,105,130,112,135,18,88,2,116,109,19,70" hai2="122,13,125,25,24,5,51,126,107,10,50,29,100" hai3="38,49,6,115,94,41,127,30,108,68,81,92,55"/><V52/><F122/><W27/><G68/><T63/><D74/><U76/><E18/><V120/><F120/><W114/><G108/><T17/><D123/><U118/><E19/><V54/><F107/><W103/><G6/><T65/><D132/><U26/><E56/><N who="2" m="32791" /><F100/><W57/><G127/><N who="2" m="48649" /><F29/><W102/><G41/><T78/><D131/><U124/><E26/><V111/><F111/><W87/><G38/><T98/><D117/><U3/><E76/><V106/><F106/><W97/><G94/><T95/><D104/><U66/><E88/><V1/><F1/><W85/><G103/><N who="0" m="60895" /><D86/><U58/><E3/><V62/><F62/><W33/><REACH who="3" step="1"/><G87/><REACH who="3" ten="317,266,152,255" step="2"/><T121/><D43/><U67/><E109/><V119/><F119/><W101/><G101/><T90/><D121/><U129/><E124/><V36/><F36/><W15/><G15/><T48/><D48/><U99/><E2/><V73/><F73/><W42/><G42/><T28/><D63/><U59/><E105/><V32/><F32/><W72/><G72/><T82/><D82/><U40/><E40/><V61/><F61/><W64/><G64/><T12/><D65/><U37/><E37/><V69/><F69/><W71/><G71/><T7/><D7/><U89/><E70/><V23/><F23/><W128/><G128/><T53/><D21/><U45/><E129/><V11/><F11/><W80/><G80/><T133/><D9/><U93/><E130/><V16/><F5/><W31/><G31/><T75/><D28/><U14/><E118/><V91/><F91/><AGARI ba="0,1" hai="27,30,33,49,55,57,81,85,91,92,97,102,114,115" machi="91" ten="40,2600,0" yaku="1,1,52,1,53,0" doraHai="79" doraHaiUra="134" who="3" fromWho="2" sc="317,0,266,0,152,-26,255,36" /><INIT seed="3,0,0,5,4,45" ten="317,266,126,291" oya="3" hai0="40,98,125,99,84,38,31,39,86,89,22,23,135" hai1="26,90,34,108,115,61,118,109,28,93,74,111,133" hai2="32,29,130,35,112,51,77,33,92,36,43,134,76" hai3="69,79,8,30,122,103,20,116,83,0,11,70,5"/><W18/><G116/><T132/><D40/><U127/><E74/><V128/><F112/><W15/><G122/><T4/><D4/><U48/><E115/><V46/><F134/><N who="0" m="51242" /><D31/><U110/><N who="1" m="28160" /><DORA hai="129" /><U21/><E133/><V17/><F17/><W10/><G103/><T16/><D125/><U37/><E37/><N who="0" m="13833" /><D22/><U44/><E127/><V106/><F106/><W25/><REACH who="3" step="1"/><G10/><REACH who="3" ten="317,266,126,281" step="2"/><T114/><D114/><U80/><E118/><V42/><F29/><W14/><G14/><N who="0" m="9623" /><D86/><AGARI ba="0,1" hai="0,5,8,11,15,18,20,25,30,69,70,79,83,86" machi="86" ten="30,5800,0" yaku="1,1,7,1,53,1" doraHai="45,129" doraHaiUra="13,88" who="3" fromWho="0" sc="317,-58,266,0,126,0,281,68" /><INIT seed="3,1,0,2,5,66" ten="259,266,126,349" oya="3" hai0="77,82,0,61,60,86,91,75,5,105,57,30,47" hai1="59,99,56,24,46,48,79,116,115,90,76,98,13" hai2="94,15,8,31,49,42,3,33,103,111,110,96,120" hai3="67,21,81,9,114,52,27,69,119,121,88,123,17"/><W65/><G119/><T108/><D105/><U45/><E115/><V18/><F120/><W127/><G114/><T131/><D108/><N who="2" m="41514" /><F3/><W29/><G127/><T39/><D131/><U100/><E116/><V40/><F49/><W97/><G67/><T34/><D34/><U87/><E24/><AGARI ba="1,0" hai="8,15,18,24,31,33,40,42,94,96,103" m="41514" machi="24" ten="30,1000,0" yaku="14,1" doraHai="66" who="2" fromWho="1" sc="259,0,266,-13,126,13,349,0" /><INIT seed="4,0,0,3,4,99" ten="259,253,139,349" oya="0" hai0="91,84,50,79,68,3,72,75,0,8,17,86,21" hai1="104,80,37,12,9,6,135,34,48,105,52,39,87" hai2="131,32,106,128,89,123,33,114,94,15,19,88,24" hai3="10,85,53,101,38,132,90,31,65,29,18,113,22"/><T77/><D68/><U100/><E34/><V76/><F123/><W118/><G118/><T45/><D79/><U70/><E70/><V95/><F106/><W93/><G38/><T82/><D3/><U115/><E105/><V130/><F76/><W67/><G113/><T49/><D0/><U73/><E73/><V14/><F114/><W117/><G117/><T96/><D8/><U20/><E115/><V16/><F130/><W69/><G69/><T92/><D75/><U30/><E39/><V40/><F40/><W13/><G53/><T44/><D50/><U43/><E43/><V1/><F1/><W83/><G132/><T61/><D61/><U133/><E37/><V54/><F54/><W66/><REACH who="3" step="1"/><G10/><REACH who="3" ten="259,253,139,339" step="2"/><T60/><D72/><U26/><E135/><V11/><F11/><W25/><G25/><AGARI ba="0,1" hai="14,15,16,19,24,25,32,33,88,89,94,95,128,131" machi="25" ten="25,6400,0" yaku="22,2,54,2" doraHai="99" who="2" fromWho="3" sc="259,0,253,0,139,74,339,-64" /><INIT seed="5,0,0,3,0,57" ten="259,253,213,275" oya="1" hai0="105,5,51,32,98,126,53,20,50,78,65,86,52" hai1="29,27,132,49,101,45,84,75,80,0,107,74,61" hai2="121,44,125,99,24,123,92,42,79,18,131,90,77" hai3="135,104,103,128,4,41,109,28,130,119,112,87,93"/><U47/><E0/><V10/><F131/><W26/><G41/><T69/><D32/><U8/><E132/><V58/><F125/><W66/><G109/><T3/><D126/><U67/><E8/><V35/><F58/><W36/><G36/><T23/><D69/><U56/><E107/><V40/><F40/><W108/><G108/><T85/><D65/><U17/><E101/><V21/><F35/><W94/><G135/><T64/><D64/><U72/><E17/><V97/><F97/><N who="3" m="61551" /><G112/><T54/><D3/><U88/><REACH who="1" step="1"/><E49/><REACH who="1" ten="259,243,213,275" step="2"/><V37/><F123/><W43/><G128/><T96/><D105/><U1/><E1/><V117/><F121/><W63/><G130/><T89/><D51/><U9/><E9/><V120/><F117/><W68/><G119/><T13/><D50/><U7/><E7/><V82/><F120/><W71/><G4/><T127/><D5/><U115/><E115/><V129/><F10/><W22/><G28/><T106/><D106/><U14/><E14/><V16/><F129/><W30/><G30/><T12/><D13/><U81/><E81/><V111/><F111/><W73/><G26/><T116/><D12/><U25/><E25/><V19/><REACH who="2" step="1"/><F82/><REACH who="2" ten="259,243,203,275" step="2"/><W102/><G102/><T134/><D134/><U46/><E46/><V62/><F62/><W70/><G63/><T114/><D114/><U33/><AGARI ba="0,2" hai="27,29,33,45,47,56,61,67,72,74,75,80,84,88" machi="33" ten="30,12000,1" yaku="1,1,0,1,52,1,54,1,53,1" doraHai="57" doraHaiUra="55" who="1" fromWho="1" sc="259,-40,243,140,203,-40,275,-40" /><INIT seed="5,1,0,1,4,40" ten="219,383,163,235" oya="1" hai0="102,116,112,33,135,73,84,83,109,85,14,29,108" hai1="11,100,77,106,31,44,19,38,123,4,126,130,90" hai2="0,67,71,35,39,111,30,1,6,99,15,133,9" hai3="10,36,132,64,17,48,114,55,25,34,42,93,57"/><U5/><E123/><V46/><F111/><W66/><G114/><T62/><D73/><U61/><E5/><V3/><F99/><W51/><G132/><T32/><D116/><U125/><E100/><V89/><F89/><W97/><G36/><T92/><D135/><U59/><E106/><V78/><F78/><W119/><G34/><T37/><D112/><U88/><E31/><V110/><F110/><W86/><G86/><T75/><D75/><U28/><E28/><V94/><F94/><W76/><G76/><T45/><D14/><U47/><E19/><V107/><F133/><W70/><G70/><T2/><D2/><N who="2" m="1130" /><F15/><N who="3" m="7415" /><G25/><T18/><D18/><U52/><E77/><V49/><F49/><W69/><G69/><T124/><D124/><N who="1" m="47723" /><E38/><V24/><F107/><W58/><G119/><T104/><D104/><U20/><E20/><V53/><F53/><N who="3" m="31911" /><G42/><T87/><D83/><U134/><E134/><V131/><F131/><W27/><G27/><T56/><D102/><AGARI ba="1,0" hai="51,55,58,64,66,93,97,102" m="31911,7415" machi="102" ten="30,1000,0" yaku="8,1" doraHai="40" who="3" fromWho="0" sc="219,-13,383,0,163,0,235,13" /><INIT seed="6,0,0,0,1,56" ten="206,383,163,248" oya="2" hai0="20,82,113,81,40,67,72,57,5,100,95,96,26" hai1="135,128,90,14,12,107,91,116,102,108,134,87,80" hai2="22,21,24,8,55,85,132,88,106,58,27,66,105" hai3="31,37,15,44,59,43,75,60,117,125,129,64,124"/><V61/><F132/><N who="1" m="50729" /><E128/><V112/><F112/><W76/><G117/><T47/><D113/><U1/><E1/><V51/><F8/><W83/><G129/><T97/><D72/><U104/><E108/><V98/><F98/><W73/><G31/><T29/><D5/><U63/><E116/><V79/><F79/><W99/><G73/><T4/><D4/><U109/><E109/><V2/><F2/><W115/><G115/><T133/><D133/><U50/><E50/><V17/><F22/><W121/><G121/><T101/><D67/><U53/><E53/><V94/><REACH who="2" step="1"/><F27/><REACH who="2" ten="206,383,153,248" step="2"/><W69/><G99/><T70/><D97/><U119/><E119/><V86/><F86/><W77/><G76/><T123/><D96/><U62/><E91/><V78/><F78/><W9/><G9/><T16/><D26/><U65/><E90/><V3/><F3/><W39/><G77/><T122/><D20/><U38/><E87/><V126/><F126/><W45/><G75/><T131/><D131/><U111/><E111/><V118/><F118/><W114/><G124/><T32/><D123/><U11/><E11/><V7/><F7/><W30/><G125/><T33/><D122/><U49/><E14/><V35/><F35/><W110/><G15/><T18/><D33/><U120/><E12/><V52/><F52/><W28/><G110/><T92/><D32/><U13/><E13/><V6/><F6/><W10/><G10/><T127/><D127/><U41/><E120/><V19/><F19/><W0/><G0/><T93/><D18/><U48/><E107/><V54/><F54/><RYUUKYOKU ba="0,1" sc="206,-10,383,-10,153,30,248,-10" hai2="17,21,24,51,55,58,61,66,85,88,94,105,106" /><INIT seed="6,1,1,4,0,88" ten="196,373,183,238" oya="2" hai0="25,124,21,91,118,111,45,129,12,51,95,126,3" hai1="77,55,42,90,16,15,76,92,58,46,35,132,120" hai2="78,89,28,121,36,133,65,33,97,60,69,52,34" hai3="43,131,107,71,70,102,82,123,40,122,2,86,115"/><V7/><F121/><W62/><G2/><T22/><D3/><U48/><E35/><V73/><F133/><W23/><G102/><T116/><D111/><U108/><E108/><V80/><F36/><W38/><G107/><T96/><D129/><U85/><E132/><V1/><F28/><W6/><G6/><T105/><D12/><U66/><E66/><V53/><F1/><W44/><G43/><N who="0" m="25023" /><D105/><U26/><E26/><V81/><F7/><W20/><G131/><T83/><D83/><U119/><E119/><N who="0" m="45609" /><D22/><N who="1" m="11551" /><E120/><V75/><F75/><W32/><G32/><T74/><D74/><U61/><AGARI ba="1,1" hai="42,46,48,55,58,61,76,77,85,90,92" m="11551" machi="61" ten="30,4000,0" yaku="8,1,52,1,54,1" doraHai="88" who="1" fromWho="1" sc="196,-11,373,53,183,-21,238,-11" /><INIT seed="7,0,0,3,2,94" ten="185,426,162,227" oya="3" hai0="86,72,63,90,128,106,40,41,36,64,55,35,11" hai1="129,81,49,79,65,87,105,123,34,20,6,69,103" hai2="80,68,4,33,108,77,122,67,5,43,12,50,126" hai3="3,110,101,133,76,132,124,127,48,100,8,121,56"/><W37/><G3/><T71/><D72/><U29/><E20/><V118/><F108/><W39/><G8/><T135/><D35/><U88/><E49/><V59/><F118/><W9/><G9/><T46/><D106/><U73/><E6/><V112/><F68/><W125/><G76/><T13/><D135/><N who="3" m="51785" /><G121/><T14/><D128/><U27/><E129/><V98/><F122/><W57/><G48/><T93/><D41/><U99/><E123/><V74/><F126/><W0/><G0/><T113/><D113/><U7/><E7/><V75/><F112/><W62/><G110/><T51/><REACH who="0" step="1"/><D11/><REACH who="0" ten="175,426,162,227" step="2"/><U44/><E44/><AGARI ba="0,1" hai="13,14,36,40,44,46,51,55,63,64,71,86,90,93" machi="44" ten="30,3900,0" yaku="1,1,2,1,7,1,53,0" doraHai="94" doraHaiUra="30" who="0" fromWho="1" sc="175,49,426,-39,162,0,227,0" owari="224,-18.0,387,49.0,162,-34.0,227,3.0" /></mjloggm>