<mjloggm ver="2.3"><GO type="169"/><UN n0="%32%2D%31%30" n1="%E8%99%8E%E5%85%90%E6%9C%97" n2="%E3%81%97%E3%82%85%E3%81%86%E3%81%A1%E3%82%83%E3%82%93%E2%99%AA" n3="%EF%BC%88%E2%89%A7%E2%96%BD%E2%89%A6%EF%BC%89" dan="16,17,16,16" rate="2037,2162,2075,2104" sx="M,M,M,M"/><TAIKYOKU oya="0"/><INIT seed="0,0,0,4,4,34" ten="250,250,250,250" oya="0" hai0="91,126,38,84,110,42,71,98,40,54,87,66,60" hai1="132,21,36,101,125,115,111,113,121,57,68,10,22" hai2="46,15,99,18,131,86,31,32,24,96,117,19,26" hai3="47,69,0,108,7,97,33,49,94,129,118,78,93"/><T72/><D72/><U103/><E121/><V48/><F117/><W25/><G118/><T123/><D123/><U62/><E68/><V112/><F112/><N who="1" m="43081" /><E111/><V35/><F131/><W45/><G69/><T17/><D110/><U130/><E130/><V70/><F70/><W104/><G129/><T122/><D122/><U1/><E132/><V63/><F63/><W88/><G108/><T107/><D126/><U133/><E36/><V135/><F135/><W120/><G120/><T56/><D17/><U81/><E81/><V16/><F15/><W58/><G104/><T74/><D74/><U119/><E119/><V109/><F109/><W9/><G78/><T90/><D40/><U6/><E125/><V52/><F86/><W67/><G94/><T43/><D43/><U65/><E133/><V134/><F134/><W55/><REACH who="3" step="1"/><G67/><REACH who="3" ten="250,250,250,240" step="2"/><T59/><D66/><U11/><E11/><V114/><F114/><W28/><AGARI ba="0,1" hai="0,7,9,25,28,33,45,47,49,55,58,88,93,97" machi="28" ten="30,8000,1" yaku="1,1,2,1,0,1,52,1,54,1,53,0" doraHai="34" doraHaiUra="80" who="3" fromWho="3" sc="250,-40,250,-20,250,-20,240,90" /><INIT seed="1,0,0,4,5,124" ten="210,230,230,330" oya="1" hai0="32,132,18,50,83,109,125,45,47,8,71,63,7" hai1="4,2,77,120,127,48,21,42,133,88,17,113,115" hai2="26,61,5,122,31,30,64,101,67,20,93,16,119" hai3="118,130,86,128,135,129,85,14,134,25,46,94,117"/><U89/><E120/><V0/><F122/><W43/><G14/><T11/><D32/><U40/><E127/><V70/><F119/><N who="3" m="45579" /><G25/><T12/><D125/><U29/><E77/><V23/><F67/><W103/><G103/><T59/><D71/><U106/><E106/><V107/><F93/><W123/><G123/><T6/><D109/><U65/><E65/><V44/><F44/><W90/><G86/><T97/><D132/><U80/><E29/><V76/><F76/><W91/><G91/><T104/><D83/><U52/><E133/><V28/><F0/><W66/><G66/><T102/><D18/><U98/><E115/><V75/><F75/><W56/><G56/><T60/><D50/><AGARI ba="0,0" hai="43,46,50,85,90,94,128,129,130,134,135" m="45579" machi="50" ten="40,8000,1" yaku="19,1,12,1,52,3" doraHai="124" who="3" fromWho="0" sc="210,-80,230,0,230,0,330,80" /><INIT seed="2,0,0,3,3,12" ten="130,230,230,410" oya="2" hai0="0,120,9,5,129,117,13,97,54,58,8,100,27" hai1="40,25,34,110,42,70,119,19,35,73,95,132,123" hai2="131,26,103,17,29,104,1,6,4,101,115,71,66" hai3="30,99,76,59,41,116,50,126,18,135,93,111,23"/><V64/><F115/><W127/><G116/><T21/><D120/><U113/><E119/><V118/><F118/><W43/><G135/><T88/><D117/><U39/><E113/><V77/><F77/><W84/><G30/><T108/><D108/><U107/><E107/><V79/><F79/><W62/><G111/><T7/><D129/><U92/><E110/><V14/><F131/><W37/><G37/><T68/><D68/><U130/><E130/><V96/><F103/><N who="3" m="60911" /><G50/><T15/><D0/><U10/><E70/><V122/><F122/><W36/><G36/><T109/><D109/><U32/><E73/><V28/><F28/><W124/><G84/><T91/><D100/><U49/><E123/><V67/><F71/><W33/><G33/><T81/><D81/><U85/><E132/><V78/><F78/><W102/><G102/><T20/><D97/><U16/><E39/><V133/><F1/><W83/><G83/><T31/><REACH who="0" step="1"/><D21/><REACH who="0" ten="120,230,230,410" step="2"/><U75/><E35/><V65/><F133/><W3/><G3/><T82/><D82/><U63/><E34/><V55/><F96/><W61/><G76/><T46/><D46/><U80/><E32/><V74/><F101/><W57/><G59/><T52/><D52/><U125/><E80/><V94/><F74/><W60/><G57/><T105/><D105/><U72/><E75/><V45/><F104/><W51/><G126/><T87/><D87/><U22/><E85/><V128/><F128/><W114/><G127/><T11/><D11/><U90/><E10/><V89/><F55/><W86/><G124/><T38/><D38/><RYUUKYOKU ba="0,1" sc="120,30,230,-10,230,-10,410,-10" hai0="5,7,8,9,13,15,20,27,31,54,58,88,91" /><INIT seed="3,1,1,1,5,21" ten="150,220,220,400" oya="3" hai0="49,88,63,131,135,76,14,82,69,24,105,126,99" hai1="38,110,107,71,108,33,80,85,10,45,40,60,43" hai2="90,56,0,55,119,59,53,102,23,117,75,66,54" hai3="65,31,123,86,70,112,91,50,44,97,16,114,93"/><W92/><G123/><T96/><D131/><U124/><E107/><V12/><F75/><W118/><G118/><T72/><D135/><U89/><E124/><V134/><F134/><W94/><G31/><T120/><D120/><U15/><E40/><V26/><F0/><W52/><G16/><T22/><D126/><U133/><E133/><V48/><F102/><W51/><G51/><T101/><D14/><U6/><REACH who="1" step="1"/><E33/><REACH who="1" ten="150,210,220,400" step="2"/><V32/><F32/><W62/><REACH who="3" step="1"/><G93/><REACH who="3" ten="150,210,220,390" step="2"/><T28/><D105/><U57/><E57/><V98/><F59/><W42/><G42/><T64/><D69/><U87/><E87/><V125/><F125/><W67/><G67/><AGARI ba="1,3" hai="6,10,15,38,43,45,60,67,71,80,85,89,108,110" machi="67" ten="40,1300,0" yaku="1,1,53,0" doraHai="21" doraHaiUra="47" who="1" fromWho="3" sc="150,0,210,46,220,0,390,-16" /><INIT seed="4,0,0,2,1,44" ten="150,256,220,374" oya="0" hai0="2,107,59,25,131,53,5,56,14,3,123,12,112" hai1="9,111,90,102,69,71,103,94,33,0,77,21,64" hai2="48,28,43,80,135,62,119,23,51,93,87,133,1" hai3="24,20,92,40,37,16,120,82,116,104,45,125,97"/><T70/><D123/><U109/><E33/><V31/><F1/><W86/><G116/><T129/><D70/><U117/><E117/><V130/><F119/><W72/><G125/><T121/><D121/><U36/><E36/><V41/><F130/><N who="0" m="49674" /><D107/><U108/><E77/><V99/><F62/><W132/><G132/><N who="2" m="50761" /><F43/><W126/><G126/><T4/><D112/><U67/><E21/><V30/><F41/><W79/><G104/><T91/><D25/><U11/><E0/><N who="0" m="41" /><D91/><U17/><E90/><N who="2" m="51559" /><F23/><W7/><G120/><T18/><D18/><U115/><E115/><V101/><AGARI ba="0,0" hai="28,30,31,48,51,93,99,101" m="51559,50761" machi="101" ten="30,4000,0" yaku="20,1,52,2" doraHai="44" who="2" fromWho="2" sc="150,-20,256,-10,220,40,374,-10" /><INIT seed="5,0,0,3,4,16" ten="130,246,260,364" oya="1" hai0="15,13,117,86,19,32,102,31,73,89,79,68,42" hai1="87,98,34,134,127,101,54,103,7,126,20,43,14" hai2="80,10,118,108,67,94,33,47,52,113,70,58,93" hai3="90,2,62,28,131,6,3,128,95,133,0,91,24"/><U85/><E34/><V26/><F108/><W105/><G105/><T72/><D117/><U65/><E65/><V57/><F118/><W45/><G133/><T41/><D68/><U25/><E43/><V17/><F70/><W49/><G62/><T129/><D102/><U27/><E54/><V51/><F113/><W63/><G6/><T48/><D129/><N who="3" m="49737" /><G63/><T97/><D97/><U125/><E134/><V81/><F33/><N who="3" m="20615" /><G95/><N who="2" m="36361" /><F67/><W104/><G104/><T121/><D121/><U64/><E64/><V110/><F110/><W35/><G35/><T5/><D5/><U37/><E37/><V71/><F71/><W56/><G56/><N who="2" m="21609" /><F10/><W99/><G99/><T92/><D32/><U40/><E98/><V119/><F119/><W46/><G46/><T100/><D100/><N who="1" m="38475" /><E40/><AGARI ba="0,0" hai="0,2,3,40,45,49,90,91" m="20615,49737" machi="40" ten="40,1300,0" yaku="19,1" doraHai="16" who="3" fromWho="1" sc="130,0,246,-13,260,0,364,13" /><INIT seed="6,0,0,2,1,127" ten="130,233,260,377" oya="2" hai0="24,43,135,119,65,107,9,35,113,115,33,48,62" hai1="83,77,47,2,122,126,110,75,117,76,37,28,79" hai2="29,7,56,69,72,49,25,92,23,41,58,134,99" hai3="123,11,88,27,19,108,74,53,13,96,0,36,111"/><V42/><F69/><W86/><G74/><T68/><D107/><U91/><E110/><V103/><F72/><W18/><G36/><T16/><D135/><U118/><E28/><V30/><F134/><W105/><G0/><T112/><D119/><U80/><E2/><V38/><F38/><W132/><G123/><T121/><D121/><U116/><E122/><V61/><F7/><W6/><G132/><T31/><D35/><U3/><E3/><V97/><F97/><W124/><G124/><T10/><D43/><U70/><E70/><V26/><F49/><W82/><G111/><T8/><REACH who="0" step="1"/><D48/><REACH who="0" ten="120,233,260,377" step="2"/><U60/><E126/><V131/><F131/><W95/><G105/><T133/><D133/><U78/><E116/><V21/><REACH who="2" step="1"/><F58/><REACH who="2" ten="120,233,250,377" step="2"/><W81/><G108/><T71/><D71/><U40/><E118/><V14/><F14/><AGARI ba="0,2" hai="8,9,10,14,16,24,31,33,62,65,68,112,113,115" machi="14" ten="40,5200,0" yaku="1,1,15,1,54,1,53,0" doraHai="127" doraHaiUra="87" who="0" fromWho="2" sc="120,72,233,0,250,-52,377,0" /><INIT seed="7,0,0,1,3,90" ten="192,233,198,377" oya="3" hai0="31,119,67,32,108,8,81,18,86,96,43,9,106" hai1="122,97,30,45,10,2,59,20,98,23,24,129,130" hai2="22,40,50,135,11,93,116,3,28,15,1,70,26" hai3="78,46,133,69,29,62,105,91,38,16,60,102,5"/><W48/><G5/><T101/><D108/><U49/><E122/><V58/><F116/><W80/><G16/><T19/><D119/><U27/><E59/><V124/><F70/><W42/><G91/><T111/><D111/><U34/><E10/><V66/><F135/><W33/><G38/><T55/><D43/><U79/><E79/><V109/><F109/><W118/><G78/><T74/><D74/><U115/><E2/><V75/><F75/><W131/><G33/><T36/><D36/><U92/><E115/><V56/><F124/><W21/><G69/><T37/><D37/><U132/><E132/><V61/><F93/><W54/><G105/><T134/><D134/><U84/><E34/><V99/><F99/><W87/><G118/><T88/><D67/><U4/><E4/><V77/><F77/><W82/><G21/><T51/><D9/><U85/><E130/><V0/><F0/><W25/><G60/><T73/><D8/><U83/><E129/><V120/><F120/><W94/><G62/><T41/><D41/><U113/><E113/><V53/><F40/><W13/><G42/><T110/><D110/><U126/><E126/><V7/><AGARI ba="0,0" hai="1,3,7,11,15,22,26,28,50,53,56,58,61,66" machi="7" ten="20,1500,0" yaku="0,1,7,1" doraHai="90" who="2" fromWho="2" sc="192,-4,233,-4,198,15,377,-7" owari="188,-31.0,229,3.0,213,-19.0,370,47.0" /></mjloggm>