<mjloggm ver="2.3"><GO type="169" lobby="0"/><UN n0="%E8%B6%85%E3%83%92%E3%83%A2%E3%83%AA%E3%83%AD" n1="%6D%65%24%6F" n2="%EF%BC%88%E2%89%A7%E2%96%BD%E2%89%A6%EF%BC%89" n3="%47%61%4B%75" dan="17,16,18,16" rate="2178.19,2092.60,2138.87,2072.18" sx="F,M,F,M"/><TAIKYOKU oya="0"/><INIT seed="0,0,0,0,4,6" ten="250,250,250,250" oya="0" hai0="78,7,109,30,110,115,132,117,103,113,19,40,28" hai1="95,106,54,26,22,89,15,120,23,134,51,13,72" hai2="50,35,46,31,38,119,27,98,60,83,0,43,17" hai3="52,57,76,41,2,71,81,93,130,55,10,12,63"/><T82/><D103/><U9/><E106/><V18/><F119/><W96/><G96/><T66/><D66/><U34/><E72/><V135/><F135/><W48/><G48/><T70/><D70/><U62/><E120/><V100/><F0/><W94/><G94/><T77/><D40/><U90/><E134/><V33/><F83/><W91/><G91/><T87/><D132/><U74/><E74/><V21/><F38/><W123/><G123/><T84/><D7/><U75/><E75/><V86/><F86/><W1/><G1/><T88/><D19/><U67/><E15/><V102/><F102/><W127/><G127/><T128/><D128/><U42/><E42/><V114/><F114/><N who="0" m="43530" /><D117/><U25/><E34/><V37/><F37/><W108/><G108/><N who="0" m="41579" /><D78/><U49/><E54/><V69/><F69/><W61/><G61/><T58/><D58/><U4/><E67/><V53/><F18/><W129/><G129/><T20/><D20/><U39/><E62/><V107/><F17/><W47/><G47/><T36/><D36/><U101/><E39/><V92/><F107/><W111/><G111/><T59/><D59/><U56/><E56/><N who="2" m="34831" /><F35/><W73/><G73/><T45/><D45/><U16/><E101/><N who="2" m="60615" /><F33/><W124/><G124/><T97/><D97/><N who="1" m="57583" /><E90/><V105/><F105/><W44/><G44/><T64/><D64/><U24/><E4/><V85/><F100/><W112/><G112/><T14/><D14/><U116/><E116/><V126/><F126/><W11/><G11/><T122/><D122/><U5/><E5/><V32/><F32/><W29/><G29/><RYUUKYOKU ba="0,0" sc="250,10,250,10,250,10,250,-30" hai0="28,30,77,82,84,87,88" hai1="9,13,16,22,23,24,25,26,49,51" hai2="21,27,31,43,46,50,85" /><INIT seed="0,1,0,5,2,78" ten="260,260,260,220" oya="0" hai0="32,21,17,114,37,52,22,74,33,14,56,4,98" hai1="42,41,0,109,69,26,97,101,49,126,90,133,59" hai2="40,25,107,72,99,94,8,7,19,104,76,3,79" hai3="120,100,28,112,134,11,48,9,18,5,20,68,128"/><T39/><D114/><U67/><E0/><V103/><F40/><W12/><G12/><T132/><D132/><U64/><E133/><V34/><F19/><W50/><G50/><T47/><D4/><U92/><E126/><V111/><F111/><W65/><G65/><T2/><D2/><U122/><E122/><V54/><F54/><W63/><G63/><T70/><D70/><U116/><E116/><V82/><REACH who="2" step="1"/><F79/><REACH who="2" ten="260,260,250,220" step="2"/><W1/><G1/><T118/><D52/><U80/><E109/><V6/><F6/><W51/><G51/><T88/><D17/><U131/><E42/><V10/><F10/><W135/><G135/><T115/><D39/><U24/><E41/><V53/><F53/><W125/><G125/><T117/><D37/><U108/><E108/><V129/><F129/><W95/><G95/><T81/><D117/><U102/><E131/><V66/><F66/><W55/><G55/><T43/><D118/><U91/><E67/><V86/><F86/><W93/><G93/><T61/><D43/><U75/><E64/><V15/><F15/><W23/><G23/><T44/><D21/><U57/><E49/><V85/><F85/><W46/><G46/><T87/><D22/><U35/><E92/><V106/><F106/><W77/><G77/><T113/><D14/><U105/><E105/><V124/><F124/><W110/><G110/><T36/><D36/><U73/><E69/><V119/><F119/><W89/><G89/><T16/><D47/><U31/><E91/><V123/><F123/><W83/><G83/><T30/><D44/><U60/><E80/><RYUUKYOKU ba="1,1" sc="260,-10,260,-10,250,30,220,-10" hai2="3,7,8,25,34,72,76,82,94,99,103,104,107" /><INIT seed="1,2,1,5,2,10" ten="250,250,280,210" oya="1" hai0="1,116,104,83,11,8,135,43,41,70,117,71,88" hai1="72,93,49,37,81,86,102,56,20,99,25,95,13" hai2="12,129,24,46,4,36,31,118,33,44,66,39,14" hai3="52,59,96,132,68,42,21,18,130,134,65,63,26"/><U6/><E37/><V2/><F118/><W119/><G119/><T128/><D104/><U133/><E72/><V101/><F66/><W103/><G130/><T69/><D135/><U125/><E133/><V127/><F101/><W60/><REACH who="3" step="1"/><G42/><REACH who="3" ten="250,250,280,200" step="2"/><T23/><D128/><U114/><E114/><V121/><F129/><W34/><G34/><T53/><D43/><U82/><E125/><V113/><F127/><W3/><G3/><T54/><D41/><U122/><E122/><V27/><F121/><W0/><G0/><T62/><D1/><U92/><E81/><V115/><F2/><W112/><G112/><T75/><D83/><U120/><E120/><V19/><F33/><W38/><G38/><T64/><D116/><U29/><E49/><V87/><F36/><W123/><G123/><T32/><D117/><U109/><E109/><V40/><F113/><W74/><G74/><T73/><D32/><U48/><E48/><V47/><F115/><W126/><G126/><T7/><D73/><U57/><E102/><V85/><F39/><W106/><AGARI ba="2,2" hai="18,21,26,52,59,60,63,65,68,96,103,106,132,134" machi="106" ten="30,7900,0" yaku="1,1,0,1,54,1,53,1" doraHai="10" doraHaiUra="55" who="3" fromWho="3" sc="250,-22,250,-41,280,-22,200,105" /><INIT seed="2,0,0,4,2,20" ten="228,209,258,305" oya="2" hai0="50,86,1,121,10,35,83,69,70,49,135,39,47" hai1="117,108,80,29,104,103,59,27,127,23,90,38,76" hai2="64,45,116,98,105,134,92,24,107,81,11,87,52" hai3="53,112,120,13,123,97,88,78,99,12,101,3,9"/><V79/><F116/><W95/><G3/><T93/><D35/><U94/><E117/><V129/><F129/><W133/><G133/><T34/><D34/><U63/><E38/><V111/><F134/><W0/><G0/><T85/><D39/><U51/><E127/><V43/><F111/><W42/><G78/><T37/><D37/><U7/><E108/><V31/><F64/><W60/><G42/><T26/><D135/><U62/><E7/><V4/><F43/><W125/><G125/><T106/><D1/><U65/><E51/><V102/><F45/><W14/><G9/><T122/><D10/><U55/><E104/><V44/><F52/><W32/><G32/><T82/><D93/><U100/><E94/><V15/><REACH who="2" step="1"/><F44/><REACH who="2" ten="228,209,248,305" step="2"/><W21/><G120/><T110/><D47/><U18/><E55/><V113/><F113/><W128/><G123/><T68/><D110/><U57/><E57/><V67/><F67/><W33/><G112/><T132/><D132/><U96/><E62/><V119/><F119/><W28/><G128/><T77/><D70/><U8/><E59/><V41/><F41/><W130/><G130/><T19/><D69/><U72/><E63/><V56/><F56/><W17/><G60/><T74/><D68/><U5/><E65/><V25/><F25/><N who="3" m="18575" /><G53/><T109/><D109/><U89/><E27/><V16/><F16/><W66/><G66/><T6/><D121/><U115/><E18/><V2/><F2/><W22/><G17/><T71/><D122/><U91/><E115/><V84/><F84/><W48/><G48/><T61/><D50/><RYUUKYOKU ba="0,1" sc="228,-15,209,-15,248,15,305,15" hai2="4,11,15,24,31,79,81,87,92,98,102,105,107" hai3="12,13,14,21,22,88,95,97,99,101" /><INIT seed="2,1,1,2,3,91" ten="213,194,263,320" oya="2" hai0="46,89,105,129,47,61,72,123,132,66,79,52,43" hai1="94,14,107,9,12,93,16,119,27,30,92,71,24" hai2="44,133,4,57,62,125,98,75,28,114,0,15,74" hai3="85,22,96,109,104,130,48,99,115,32,82,111,77"/><V26/><F0/><W112/><G32/><T45/><D105/><U81/><E107/><V31/><F114/><N who="3" m="43563" /><G22/><T101/><D101/><U51/><E71/><V135/><F125/><W34/><G34/><T73/><D123/><U70/><E70/><V131/><F131/><W35/><G35/><T63/><D132/><N who="2" m="50762" /><F98/><N who="3" m="37419" /><G48/><T124/><D43/><U1/><E1/><V23/><F44/><W3/><G3/><T19/><D47/><U110/><E119/><V20/><F4/><W13/><G13/><T126/><D129/><U25/><E110/><N who="3" m="41994" /><G104/><T41/><D41/><U11/><E51/><V128/><F128/><AGARI ba="1,1" hai="77,82,85,128,130" m="41994,37419,43563" machi="128" ten="40,8000,1" yaku="11,1,14,1,34,2" doraHai="91" who="3" fromWho="2" sc="213,0,194,0,263,-83,320,93" /><INIT seed="3,0,0,3,2,102" ten="213,194,180,413" oya="3" hai0="63,15,68,20,29,83,46,12,75,120,135,99,128" hai1="56,61,118,100,117,4,82,113,31,58,47,92,114" hai2="41,45,90,33,112,54,2,59,101,27,107,134,48" hai3="127,81,38,84,16,57,0,21,89,133,116,106,124"/><W96/><G116/><N who="1" m="44650" /><E4/><V3/><F112/><N who="1" m="43113" /><E31/><V24/><F134/><W42/><G0/><T28/><D29/><U131/><E82/><V35/><F35/><W51/><G133/><T62/><D83/><U66/><E100/><V91/><F2/><W36/><G42/><T132/><D28/><U73/><E73/><V9/><F33/><W126/><G51/><T78/><D75/><U39/><E92/><V17/><F3/><W98/><G57/><T79/><D79/><U18/><E18/><V49/><F9/><W11/><G11/><T129/><D78/><U30/><E30/><V103/><F103/><N who="3" m="62823" /><G98/><T74/><D74/><U70/><E131/><V60/><F17/><W108/><G108/><T105/><D128/><U55/><E39/><V25/><F101/><W34/><G34/><T50/><D129/><U87/><E87/><V111/><F111/><W94/><G81/><T65/><D99/><U5/><E5/><V1/><F1/><W121/><G121/><T123/><D123/><U13/><E13/><AGARI ba="0,0" hai="13,16,21,36,38,84,89,94,124,126,127" m="62823" machi="13" ten="30,5800,0" yaku="18,1,52,1,54,1" doraHai="102" who="3" fromWho="1" sc="213,0,194,-58,180,0,413,58" /><INIT seed="3,1,0,2,5,15" ten="213,136,180,471" oya="3" hai0="129,4,107,3,49,35,79,70,90,80,95,84,18" hai1="92,19,119,8,42,134,86,2,55,53,62,103,59" hai2="26,117,1,94,68,88,13,34,37,0,7,99,115" hai3="54,17,58,51,71,123,78,93,27,127,87,9,104"/><W122/><G104/><T43/><D129/><U48/><E134/><V106/><F117/><W74/><G74/><T36/><D35/><U38/><E119/><V50/><F115/><W118/><G118/><T128/><D70/><U82/><E38/><V124/><F37/><W66/><G127/><T67/><D67/><U110/><E42/><V46/><F68/><W125/><G125/><T30/><D30/><U135/><E135/><V24/><F124/><W22/><G9/><T75/><D49/><U120/><E120/><V56/><F106/><W65/><G65/><T96/><D128/><U81/><E110/><V61/><F1/><W32/><G32/><T64/><D64/><U126/><E126/><V112/><F0/><W111/><G111/><T116/><D116/><U113/><E113/><V109/><F34/><W20/><G66/><T33/><D33/><U14/><E2/><V39/><F39/><W12/><G71/><T132/><D132/><U85/><E103/><V98/><F98/><W102/><G102/><T40/><D36/><U131/><E131/><V100/><F100/><W72/><G72/><T83/><D107/><U29/><E29/><V28/><F28/><W5/><G5/><T16/><D4/><U11/><E11/><N who="2" m="4351" /><F112/><W45/><G122/><T97/><D3/><U41/><E41/><N who="2" m="24911" /><F109/><W108/><G123/><T25/><D40/><U77/><E92/><V69/><F69/><W23/><G108/><T31/><D43/><U6/><E6/><V52/><AGARI ba="1,0" hai="24,26,52,56,61,88,94,99" m="24911,4351" machi="52" ten="30,4000,0" yaku="8,1,54,2" doraHai="15" who="2" fromWho="2" sc="213,-11,136,-11,180,43,471,-21" /><INIT seed="4,0,0,3,5,134" ten="202,125,223,450" oya="0" hai0="2,68,30,43,53,39,82,5,23,131,63,120,84" hai1="108,121,77,72,129,127,36,101,4,12,105,79,78" hai2="18,106,119,70,132,126,133,21,69,124,95,104,98" hai3="114,20,107,87,85,17,81,83,27,50,58,86,103"/><T111/><D120/><U61/><E121/><V75/><F75/><W33/><G114/><T7/><D131/><U9/><E108/><V3/><F3/><W90/><G33/><T42/><D111/><U6/><E36/><V28/><F28/><W67/><G107/><N who="2" m="41001" /><F119/><W94/><G103/><T44/><D2/><U1/><E129/><V117/><F117/><W99/><G67/><T74/><D74/><U14/><E72/><V57/><F57/><W76/><G83/><T34/><D34/><U91/><E105/><V22/><F95/><W40/><G40/><N who="0" m="15403" /><D68/><N who="2" m="26218" /><F98/><W16/><G17/><T60/><D39/><U38/><E38/><V54/><F54/><AGARI ba="0,0" hai="16,20,27,50,54,58,76,81,85,86,87,90,94,99" machi="54" ten="40,2600,0" yaku="8,1,54,1" doraHai="134" who="3" fromWho="2" sc="202,0,125,0,223,-26,450,26" /><INIT seed="5,0,0,4,2,100" ten="202,125,197,476" oya="1" hai0="111,22,107,123,124,106,38,75,118,58,121,60,97" hai1="42,113,44,5,54,76,63,52,0,84,19,88,129" hai2="103,74,36,109,79,94,116,92,83,25,51,56,95" hai3="135,82,89,26,98,101,35,119,41,40,126,91,24"/><U11/><E129/><V132/><F36/><W1/><G1/><T105/><D111/><U18/><E113/><V125/><F109/><W120/><G120/><N who="0" m="46155" /><D124/><U134/><E134/><V8/><F116/><W21/><G35/><T72/><D38/><U65/><E76/><V68/><F68/><W37/><G24/><T32/><D32/><U73/><E73/><N who="0" m="28233" /><D118/><U30/><E30/><V80/><F125/><W20/><G20/><T81/><D81/><U48/><E18/><V49/><F83/><W62/><G62/><T43/><D43/><U29/><E19/><V61/><F132/><W70/><G91/><T12/><D22/><U90/><E29/><V69/><F25/><W6/><G70/><T2/><D2/><U23/><E23/><V59/><F69/><W47/><G40/><T133/><D12/><U33/><E33/><V7/><F103/><W16/><G101/><N who="0" m="62639" /><D133/><U15/><E0/><V110/><F110/><W10/><G41/><T50/><D50/><U102/><E102/><V96/><F51/><W53/><G37/><T127/><D127/><U34/><E34/><V112/><F49/><W55/><G126/><T45/><D45/><U86/><E86/><V14/><F14/><W17/><G47/><T122/><D122/><U71/><REACH who="1" step="1"/><E90/><REACH who="1" ten="202,115,197,476" step="2"/><N who="2" m="55319" /><F74/><W131/><G89/><T64/><AGARI ba="0,1" hai="58,60,64,106,107" m="62639,28233,46155" machi="64" ten="30,7900,0" yaku="13,1,52,3" doraHai="100" who="0" fromWho="0" sc="202,89,115,-39,197,-20,476,-20" /><INIT seed="6,0,0,1,3,64" ten="291,76,177,456" oya="2" hai0="68,36,80,51,42,22,58,18,90,84,132,121,89" hai1="122,124,14,55,29,63,127,17,117,50,19,15,12" hai2="49,33,66,82,110,45,6,135,26,47,34,30,91" hai3="113,118,16,43,53,52,92,40,62,67,126,94,20"/><V72/><F135/><W87/><G118/><T133/><D121/><U115/><E117/><V7/><F110/><W83/><G126/><T131/><D131/><U99/><E122/><V114/><F114/><W2/><G2/><T85/><D36/><U74/><E74/><V105/><F34/><W134/><G134/><T81/><D68/><U44/><E115/><V46/><F105/><W88/><G113/><T54/><REACH who="0" step="1"/><D42/><REACH who="0" ten="281,76,177,456" step="2"/><U69/><E29/><V107/><F30/><W5/><G43/><T28/><D28/><U96/><E96/><V48/><F33/><W101/><G40/><T102/><D102/><U25/><E99/><V109/><F109/><W9/><G101/><T77/><D77/><U27/><E27/><AGARI ba="0,1" hai="18,22,27,51,54,58,80,81,84,85,89,90,132,133" machi="27" ten="40,2600,0" yaku="1,1,9,1,53,0" doraHai="64" doraHaiUra="56" who="0" fromWho="1" sc="281,36,76,-26,177,0,456,0" /><INIT seed="7,0,0,3,2,41" ten="317,50,177,456" oya="3" hai0="131,8,96,98,67,88,71,87,99,66,13,33,11" hai1="114,45,17,69,133,51,129,32,111,101,122,26,80" hai2="86,117,1,105,25,126,50,106,46,61,19,21,76" hai3="123,53,44,29,84,94,7,68,85,130,52,5,38"/><W110/><G68/><T12/><D33/><U107/><E17/><V83/><F1/><W54/><G123/><T73/><D73/><U135/><E26/><V104/><F126/><W43/><G130/><T63/><D131/><U108/><E80/><V103/><F117/><W0/><G29/><T30/><D30/><U9/><E9/><V132/><F132/><W27/><G27/><T55/><D67/><U59/><E101/><V119/><F119/><W28/><G28/><T82/><D11/><U74/><E59/><V40/><F61/><W2/><G110/><T128/><D128/><U36/><E51/><V60/><F60/><W31/><G31/><T112/><D112/><U93/><E45/><V81/><F103/><W20/><G20/><T18/><D13/><U97/><E93/><V100/><F100/><W109/><G2/><T47/><REACH who="0" step="1"/><D99/><REACH who="0" ten="307,50,177,456" step="2"/><U16/><E97/><V115/><F115/><W37/><G109/><T39/><D39/><U65/><E65/><V64/><F64/><W70/><G38/><T102/><D102/><U15/><E15/><V34/><F34/><W14/><G14/><T10/><D10/><U118/><E16/><V120/><F120/><W113/><G37/><T75/><D75/><U78/><E111/><V57/><F21/><W127/><G113/><T23/><D23/><U92/><E78/><V58/><F19/><W62/><G0/><T91/><D91/><U48/><E92/><V124/><F76/><W56/><G94/><T22/><D22/><U134/><E134/><V95/><F95/><W49/><G127/><T4/><D4/><RYUUKYOKU ba="0,1" sc="307,30,50,-10,177,-10,456,-10" hai0="8,12,18,47,55,63,66,71,82,87,88,96,98" owari="337,14.0,40,-46.0,167,-23.0,456,55.0" /></mjloggm>