<mjloggm ver="2.3"><GO type="137"/><UN n0="%72%65%73%69%64%75%65" n1="%E3%82%B1%E3%83%B3%E3%83%82%EF%BC%A0%E7%A5%9E%E3%81%AE%E5%9B%BD" n2="%EF%BC%88%E2%89%A7%E2%96%BD%E2%89%A6%EF%BC%89" n3="%E3%81%90%E3%81%A3%E3%81%95%E3%82%93" dan="13,11,12,13" rate="1676,1712,2009,1753" sx="M,M,M,M"/><TAIKYOKU oya="0"/><INIT seed="0,0,0,0,0,6" ten="250,250,250,250" oya="0" hai0="5,109,29,100,46,69,18,104,95,122,92,81,12" hai1="58,93,131,7,114,124,42,66,0,130,115,91,32" hai2="126,11,10,103,38,99,94,60,53,59,75,24,37" hai3="97,96,67,13,54,132,50,14,27,86,71,116,68"/><T1/><D122/><U33/><E42/><V128/><F75/><W79/><G116/><T76/><D69/><U62/><E91/><V43/><F128/><N who="1" m="49193" /><E93/><V119/><F119/><W23/><G132/><T73/><D29/><U39/><E124/><V34/><F126/><W110/><G110/><T82/><D82/><U36/><E58/><V22/><F34/><N who="1" m="13417" /><E62/><V105/><F105/><W112/><G112/><N who="1" m="43050" /><E66/><V113/><F113/><W84/><G71/><T8/><D109/><U120/><E120/><V64/><F53/><W48/><G68/><T129/><D129/><U135/><E135/><V83/><F83/><N who="3" m="47231" /><G67/><T88/><D46/><U107/><E107/><V49/><F38/><N who="1" m="14377" /><E7/><V78/><F37/><W133/><G133/><T90/><D95/><U3/><AGARI ba="0,0" hai="0,3" m="14377,43050,13417,49193" machi="3" ten="40,12000,2" yaku="28,2,19,1,11,1,31,2" doraHai="6" who="1" fromWho="1" sc="250,-60,250,120,250,-30,250,-30" /><INIT seed="1,0,0,5,0,132" ten="190,370,220,220" oya="1" hai0="65,105,62,63,125,134,69,122,55,60,42,116,108" hai1="59,33,25,107,101,57,20,76,53,96,61,90,73" hai2="135,103,124,38,110,71,12,81,50,44,14,78,91" hai3="80,21,89,94,27,121,39,79,40,34,31,58,35"/><U67/><E33/><V99/><F135/><W86/><G121/><T98/><D116/><U54/><E67/><V5/><F71/><W126/><G126/><T56/><D98/><U92/><E73/><V26/><F110/><W3/><G3/><T48/><D105/><U77/><E107/><V104/><F38/><W8/><G40/><T85/><D85/><U83/><E83/><V49/><F124/><W82/><G39/><T7/><D7/><U88/><E90/><V11/><F26/><W120/><G120/><T123/><D134/><U36/><E36/><V10/><F91/><W111/><G111/><T127/><D108/><U30/><E101/><V75/><REACH who="2" step="1"/><F44/><REACH who="2" step="2"/><W29/><G29/><T129/><D122/><U18/><REACH who="1" step="1"/><E30/><REACH who="1" step="2"/><V106/><F106/><W133/><G133/><T46/><D123/><U47/><E47/><V131/><F131/><W9/><G82/><T114/><D129/><U41/><E41/><V100/><F100/><W52/><G35/><T74/><D74/><U13/><E13/><V22/><F22/><W15/><G34/><T117/><D117/><U4/><E4/><AGARI ba="0,2" hai="4,5,10,11,12,14,49,50,75,78,81,99,103,104" machi="4" ten="30,3900,0" yaku="1,1,7,1,9,1,53,0" doraHai="132" doraHaiUra="70" who="2" fromWho="1" sc="190,0,360,-39,210,59,220,0" /><INIT seed="2,0,0,4,4,122" ten="190,321,269,220" oya="2" hai0="18,20,23,50,30,69,40,93,108,129,15,74,63" hai1="44,79,133,64,19,5,71,87,37,73,126,105,102" hai2="83,101,100,96,2,13,28,59,80,127,8,14,26" hai3="109,120,103,88,134,46,131,1,107,112,11,53,76"/><V118/><F118/><W47/><G120/><T52/><D74/><U89/><E133/><V45/><F127/><W6/><G112/><T81/><D129/><U75/><E126/><V4/><F45/><W106/><G134/><T90/><D81/><U41/><E19/><V22/><F59/><W61/><G131/><T43/><D69/><U57/><E57/><V51/><F51/><W97/><G76/><T38/><D38/><U70/><E75/><V67/><F67/><W84/><G107/><T34/><D34/><U35/><E35/><V85/><F101/><W33/><G33/><T39/><D63/><U24/><E24/><V54/><F54/><W115/><G115/><T111/><D39/><U36/><E36/><V130/><F130/><W9/><G9/><T119/><D119/><U98/><E64/><V117/><F117/><W42/><G42/><T60/><D60/><U128/><E128/><V66/><F66/><W124/><G124/><T32/><D32/><U3/><E87/><V49/><F49/><W116/><G116/><T121/><D121/><U104/><E89/><V113/><F113/><W56/><REACH who="3" step="1"/><G109/><REACH who="3" step="2"/><N who="0" m="42059" /><D30/><U110/><E105/><V31/><F31/><W68/><G68/><T10/><D23/><U135/><E110/><V58/><F28/><W82/><AGARI ba="0,1" hai="1,6,11,46,47,53,56,61,82,84,88,97,103,106" machi="82" ten="20,5200,0" yaku="1,1,0,1,7,1,54,1,53,0" doraHai="122" doraHaiUra="29" who="3" fromWho="3" sc="190,-13,321,-13,269,-26,210,62" /><INIT seed="3,0,0,3,2,69" ten="177,308,243,272" oya="3" hai0="32,129,73,113,37,57,91,122,51,102,16,81,130" hai1="50,118,23,116,11,125,63,133,89,27,87,45,33" hai2="82,126,49,25,61,86,99,19,35,115,108,36,43" hai3="132,109,72,106,60,31,22,44,92,62,110,80,101"/><W75/><G132/><T38/><D32/><U83/><E133/><V97/><F115/><W55/><G106/><T7/><D122/><U88/><E33/><V100/><F126/><W24/><G80/><T93/><D7/><U95/><E125/><V5/><F108/><N who="3" m="41579" /><G75/><T41/><D102/><U58/><E116/><V20/><F35/><W74/><G74/><T120/><D120/><U40/><E118/><V0/><F49/><N who="3" m="29095" /><G72/><T98/><D113/><U68/><E68/><V127/><F127/><W128/><G128/><N who="0" m="49259" /><D73/><U117/><E117/><V30/><F61/><W14/><G14/><T34/><D34/><U2/><E2/><V84/><F100/><W77/><G77/><T85/><D57/><U64/><E11/><V3/><F86/><W121/><G121/><T8/><D81/><U39/><E39/><N who="0" m="14857" /><D85/><U96/><E23/><V52/><F20/><W54/><G54/><T90/><D90/><U94/><E27/><V15/><F25/><W70/><G70/><T48/><D41/><U13/><E13/><AGARI ba="0,0" hai="8,13,16,48,51,91,93,98" m="14857,49259" machi="13" ten="30,8000,1" yaku="19,1,52,3,54,1" doraHai="69" who="0" fromWho="1" sc="177,80,308,-80,243,0,272,0" /><INIT seed="4,0,0,2,4,55" ten="257,228,243,272" oya="0" hai0="57,67,130,59,75,15,24,56,16,20,129,94,82" hai1="114,53,63,23,90,50,122,3,22,17,52,41,21" hai2="2,18,25,81,73,69,110,132,0,44,128,64,98" hai3="49,105,97,65,40,39,79,48,78,47,68,32,119"/><T120/><D120/><U58/><E3/><V61/><F110/><W125/><G119/><T27/><D94/><U31/><E122/><V91/><F132/><W45/><G32/><T54/><D67/><U74/><E74/><V99/><F128/><N who="0" m="49258" /><D54/><U42/><E114/><V101/><F44/><W62/><G125/><T33/><D33/><U92/><E31/><V7/><F7/><W1/><G1/><T111/><D111/><U51/><E42/><V106/><F99/><W43/><G39/><T83/><D75/><U72/><E72/><V4/><F4/><W127/><G127/><T30/><D27/><U89/><E41/><V115/><F115/><W71/><G71/><T109/><D109/><U6/><E6/><V9/><F25/><W84/><G84/><T70/><D70/><U107/><E107/><V87/><REACH who="2" step="1"/><F73/><REACH who="2" step="2"/><W36/><G36/><T131/><N who="0" m="49266" /><T121/><DORA hai="96" /><D121/><U123/><E123/><V88/><F88/><W113/><G113/><T13/><D30/><U37/><E90/><V77/><F77/><W38/><G38/><T117/><D117/><U134/><E134/><V28/><F28/><W11/><G79/><T10/><D10/><U108/><E108/><V93/><F93/><W12/><G78/><T26/><D26/><N who="1" m="14639" /><E37/><V112/><F112/><W35/><G11/><T14/><AGARI ba="0,1" hai="13,14,15,16,20,24,56,57,59,82,83" m="49266" machi="14" ten="50,12000,1" yaku="19,1,52,3,54,1" doraHai="55,96" who="0" fromWho="0" sc="257,130,228,-40,233,-40,272,-40" /><INIT seed="4,1,0,3,2,25" ten="387,188,193,232" oya="0" hai0="86,16,37,123,57,3,9,107,43,58,128,91,28" hai1="13,26,87,90,70,64,72,130,54,41,89,21,53" hai2="47,100,124,133,98,65,92,97,93,59,0,24,27" hai3="18,111,103,120,36,134,85,22,23,119,110,34,51"/><T69/><D107/><U99/><E72/><V66/><F133/><W45/><G119/><T33/><D69/><U102/><E41/><V112/><F0/><W78/><G36/><T46/><D123/><U108/><E130/><V1/><F1/><W126/><G34/><T117/><D117/><U20/><E108/><V17/><F124/><W4/><G126/><T39/><D39/><U115/><E115/><V15/><F112/><W6/><G134/><T88/><D91/><U71/><E70/><V122/><F122/><W61/><G120/><T50/><D37/><U84/><E71/><V31/><F47/><W55/><G103/><T81/><D128/><U67/><E102/><V7/><F7/><W125/><G125/><T82/><D81/><U30/><E99/><V52/><F17/><W32/><G32/><T121/><D121/><U48/><E13/><V129/><F15/><N who="3" m="9567" /><G23/><T68/><D68/><U40/><E40/><V118/><F118/><W63/><G110/><T60/><D3/><U38/><E38/><V49/><F129/><W95/><G111/><T75/><D75/><U127/><E127/><V29/><F24/><W80/><G95/><T76/><D76/><U96/><E96/><V19/><F19/><W74/><G74/><T62/><D62/><AGARI ba="1,0" hai="4,6,45,51,55,61,62,63,78,80,85" m="9567" machi="62" ten="30,1000,0" yaku="8,1" doraHai="25" who="3" fromWho="0" sc="387,-13,188,0,193,0,232,13" /><INIT seed="5,0,0,4,4,47" ten="374,188,193,245" oya="1" hai0="122,12,36,80,96,93,115,37,70,64,111,58,92" hai1="49,69,57,7,79,29,48,118,127,90,61,101,43" hai2="107,112,32,4,52,20,10,86,77,55,18,99,5" hai3="25,17,35,39,28,129,46,45,105,44,60,66,23"/><U0/><E118/><V121/><F121/><W2/><G105/><T134/><D111/><U87/><E101/><V75/><F75/><W59/><G2/><T98/><D122/><U124/><E79/><V31/><F112/><W24/><G129/><T13/><D70/><U9/><E69/><V40/><F40/><W97/><G39/><T108/><D108/><U72/><E72/><V82/><F107/><W102/><REACH who="3" step="1"/><G46/><REACH who="3" step="2"/><T22/><D115/><U54/><E43/><V63/><F99/><W27/><G27/><T68/><D134/><U91/><E29/><V114/><F114/><W33/><G33/><T109/><D109/><U50/><REACH who="1" step="1"/><E87/><REACH who="1" step="2"/><V100/><F31/><W21/><G21/><T116/><D116/><U83/><E83/><V119/><F82/><W30/><G30/><T8/><D80/><U62/><E62/><V16/><F63/><W125/><G125/><AGARI ba="0,2" hai="0,7,9,48,49,50,54,57,61,90,91,124,125,127" machi="125" ten="40,12000,1" yaku="1,1,18,1,52,3,53,0" doraHai="47" doraHaiUra="65" who="1" fromWho="3" sc="374,0,178,140,193,0,235,-120" /><INIT seed="5,1,0,2,5,75" ten="374,318,193,115" oya="1" hai0="105,73,70,81,19,64,132,61,88,60,9,86,63" hai1="0,4,30,100,116,16,62,91,133,90,22,128,127" hai2="134,49,25,66,117,101,118,78,85,24,40,83,111" hai3="112,109,6,89,69,92,2,115,14,38,1,52,44"/><U96/><E116/><V45/><F111/><W119/><G119/><T130/><D105/><U11/><E128/><V82/><F134/><W122/><G122/><T110/><D110/><U74/><E133/><V103/><F118/><W51/><G109/><T47/><D132/><U104/><E74/><V67/><F117/><W113/><G38/><T56/><D130/><U36/><E36/><V21/><F83/><W23/><G69/><T80/><D80/><U17/><E127/><V135/><F135/><W58/><G58/><T15/><D70/><U79/><E62/><V123/><F123/><W98/><REACH who="3" step="1"/><G23/><REACH who="3" step="2"/><T84/><D73/><U93/><E91/><V55/><F21/><W126/><G126/><T32/><D32/><U97/><E79/><V120/><F120/><W31/><G31/><T13/><D13/><U129/><REACH who="1" step="1"/><E129/><REACH who="1" step="2"/><V42/><F78/><W106/><G106/><T26/><D64/><U108/><E108/><V77/><F67/><W43/><G43/><T94/><D63/><U50/><E50/><V124/><F66/><W8/><AGARI ba="1,2" hai="1,2,6,8,14,44,51,52,89,92,98,112,113,115" machi="8" ten="40,8000,1" yaku="1,1,0,1,15,1,54,1,53,0" doraHai="75" doraHaiUra="107" who="3" fromWho="3" sc="374,-21,308,-41,193,-21,105,103" /><INIT seed="6,0,0,1,1,62" ten="353,267,172,208" oya="2" hai0="125,110,86,80,45,87,126,83,54,134,124,22,77" hai1="88,120,69,61,17,29,39,123,5,109,63,68,122" hai2="48,102,19,67,108,106,131,25,55,103,133,127,65" hai3="72,71,58,115,105,0,28,38,34,117,56,132,130"/><V7/><F133/><W1/><G58/><T8/><D8/><U73/><E73/><V91/><F131/><W111/><G56/><T33/><D33/><U24/><E5/><V3/><F127/><N who="0" m="48714" /><D22/><U50/><E17/><V93/><F108/><W6/><G6/><T10/><D10/><U89/><E50/><V107/><F107/><W42/><G42/><T18/><D18/><U128/><E24/><V96/><F3/><W59/><G59/><T41/><N who="0" m="48722" /><T97/><DORA hai="46" /><D54/><U135/><E29/><V30/><F7/><W92/><G92/><T37/><D97/><U14/><E14/><V66/><F19/><W13/><G13/><T116/><D110/><U79/><E79/><V113/><F113/><W15/><G15/><T11/><D11/><U98/><E98/><V26/><F106/><W76/><G76/><N who="0" m="46343" /><D134/><U101/><E101/><N who="2" m="38411" /><F30/><W78/><G78/><T32/><D32/><U2/><E2/><V40/><F40/><W90/><G28/><T52/><D52/><U31/><E31/><V49/><F49/><W12/><G132/><T99/><D99/><U118/><E135/><V81/><F81/><W74/><G111/><T85/><D85/><U64/><E109/><V53/><F53/><W129/><G129/><T95/><D95/><U84/><E128/><V112/><F112/><W23/><G130/><T51/><D116/><U82/><E39/><AGARI ba="0,0" hai="37,39,41,45,51,77,83,87" m="46343,48722" machi="39" ten="40,2600,0" yaku="18,1,52,1" doraHai="62,46" who="0" fromWho="1" sc="353,26,267,-26,172,0,208,0" /><INIT seed="7,0,0,2,2,103" ten="379,241,172,208" oya="3" hai0="105,45,50,70,119,62,31,117,118,131,47,2,99" hai1="84,80,94,11,24,40,106,122,78,115,25,29,61" hai2="39,48,57,20,38,12,6,97,26,71,77,51,107" hai3="126,14,59,36,79,114,133,127,63,7,55,58,128"/><W56/><G114/><T132/><D2/><U34/><E115/><V52/><F71/><W75/><G36/><T82/><D82/><U53/><E40/><V10/><F77/><W109/><G109/><T129/><D132/><U60/><E122/><V125/><F125/><N who="3" m="47627" /><G133/><T102/><D31/><U37/><E37/><V54/><F97/><W33/><G33/><T96/><D96/><U27/><E11/><V104/><F39/><W68/><G128/><N who="0" m="49227" /><D50/><U123/><E123/><V44/><F38/><W17/><G7/><T65/><AGARI ba="0,0" hai="45,47,62,65,70,99,102,105,117,118,119" m="49227" machi="65" ten="40,2700,0" yaku="19,1,52,1" doraHai="103" who="0" fromWho="0" sc="379,27,241,-7,172,-7,208,-13" owari="406,50,234,3,165,-33,195,-20" /></mjloggm>