<mjloggm ver="2.3"><GO type="97"/><UN n0="%E3%82%A8%E3%83%B3%E3%82%B8" n1="%6B%61%75" n2="%E5%AE%8C%E5%85%A8%E5%85%88%E3%83%85%E3%83%A2" n3="%EF%BC%88%E2%89%A7%E2%96%BD%E2%89%A6%EF%BC%89" dan="13,14,14,15" rate="1839,1885,1873,1967" sx="M,M,M,M"/><TAIKYOKU oya="0"/><INIT seed="0,0,0,5,5,12" ten="250,250,250,250" oya="0" hai0="10,120,41,90,106,4,70,76,60,128,50,63,77" hai1="118,85,59,68,108,40,123,67,117,110,69,9,55" hai2="75,125,42,87,61,33,5,99,27,34,38,92,11" hai3="80,23,57,72,89,112,129,122,127,52,134,36,83"/><T79/><D120/><U115/><E85/><V3/><F125/><W71/><G112/><T88/><D106/><U20/><E9/><V73/><F87/><W131/><G71/><T13/><D70/><N who="1" m="27243" /><E20/><V113/><F113/><W28/><G127/><T96/><D96/><U21/><E21/><V109/><F109/><N who="1" m="42089" /><E115/><V16/><F34/><W14/><G36/><T49/><D128/><N who="3" m="49225" /><G122/><T116/><D116/><U37/><E123/><V19/><F61/><N who="0" m="23626" /><D41/><U8/><E8/><V54/><F54/><W135/><G72/><T62/><N who="0" m="23634" /><T132/><DORA hai="133" /><D132/><N who="3" m="50729" /><G89/><AGARI ba="0,0" hai="4,10,13,49,50,76,77,79,88,89,90" m="23634" machi="89" ten="40,3900,0" yaku="8,1,54,1" doraHai="12,133" who="0" fromWho="3" sc="250,39,250,0,250,0,250,-39" /><INIT seed="0,1,0,1,3,104" ten="289,250,250,211" oya="0" hai0="125,21,112,66,67,28,73,88,59,1,115,25,68" hai1="97,106,33,96,24,76,11,81,120,133,102,18,89" hai2="51,6,119,114,79,78,86,77,110,52,2,124,55" hai3="116,29,60,40,22,135,20,70,41,8,90,130,12"/><T54/><D73/><U69/><E120/><V43/><F114/><W16/><G116/><T92/><D1/><U131/><E131/><V15/><F119/><W91/><G130/><T0/><D0/><U132/><E69/><V98/><F2/><W84/><G135/><N who="1" m="51786" /><E11/><N who="2" m="4599" /><F124/><W87/><G70/><T61/><D67/><U4/><E4/><V34/><F34/><W42/><G60/><T63/><D125/><U82/><E18/><V83/><F110/><W39/><G39/><T75/><REACH who="0" step="1"/><D75/><REACH who="0" ten="279,250,250,211" step="2"/><N who="1" m="43167" /><E33/><V117/><F117/><W109/><G109/><T127/><D127/><U47/><E24/><V72/><F72/><W62/><G29/><T118/><D118/><U14/><E14/><V48/><F98/><AGARI ba="1,1" hai="21,25,28,54,59,61,63,66,68,88,92,98,112,115" machi="98" ten="30,5800,0" yaku="1,1,7,1,54,1,53,0" doraHai="104" doraHaiUra="113" who="0" fromWho="2" sc="279,71,250,0,250,-61,211,0" /><INIT seed="0,2,0,5,4,28" ten="350,250,189,211" oya="0" hai0="58,80,127,121,126,129,18,31,45,27,66,122,21" hai1="123,20,119,125,37,11,96,110,83,117,42,41,97" hai2="75,105,26,7,69,39,93,64,76,33,114,65,112" hai3="62,95,116,81,86,4,43,134,6,55,84,59,29"/><T30/><D129/><U100/><E123/><V132/><F132/><W118/><G134/><T133/><D133/><U124/><E37/><V36/><F7/><W60/><G43/><T99/><D99/><N who="1" m="37963" /><E11/><V72/><F93/><W32/><G95/><T38/><D38/><N who="2" m="14378" /><F105/><W79/><G86/><T13/><D80/><U5/><E5/><V16/><F64/><W22/><G22/><N who="0" m="11599" /><D45/><U131/><E20/><V92/><F92/><W102/><G102/><T78/><D78/><U48/><E131/><V109/><F16/><W87/><G87/><T24/><D66/><U40/><E48/><V14/><F14/><W103/><G103/><T52/><D52/><U3/><E100/><V35/><F26/><W12/><G118/><N who="1" m="45066" /><E83/><N who="2" m="45447" /><F109/><W46/><G116/><T63/><D63/><U0/><E110/><V111/><F75/><W94/><G94/><T10/><D58/><U8/><E8/><V89/><F89/><W56/><G59/><T106/><D106/><U108/><E108/><V67/><F67/><W101/><G101/><T128/><D10/><U25/><E25/><V57/><F57/><W74/><G56/><T98/><D98/><U135/><E135/><V15/><F15/><W120/><G12/><T9/><D9/><U91/><E91/><V73/><F73/><W115/><G74/><T19/><D128/><U61/><E61/><N who="2" m="40111" /><F111/><W44/><G62/><T51/><D51/><U49/><E49/><V68/><F68/><W34/><G60/><T47/><D27/><U71/><E71/><V82/><F82/><W53/><G81/><T1/><D24/><U113/><E113/><AGARI ba="2,0" hai="33,35,112,113,114" m="40111,45447,14378" machi="113" ten="30,7700,0" yaku="6,1,23,1,52,2" doraHai="28" who="2" fromWho="1" sc="350,0,250,-83,189,83,211,0" /><INIT seed="1,0,0,4,3,74" ten="350,167,272,211" oya="1" hai0="68,36,93,22,50,30,31,109,128,103,67,106,35" hai1="80,5,4,124,23,65,94,83,27,24,82,62,8" hai2="48,7,119,97,53,126,39,43,49,26,99,29,28" hai3="102,108,85,44,114,107,57,0,92,96,77,60,33"/><U6/><E124/><V134/><F119/><W131/><G114/><T91/><D128/><U58/><E8/><V38/><F126/><W46/><G131/><T56/><D109/><U100/><E24/><V16/><F134/><W127/><G127/><T13/><D36/><U81/><N who="1" m="20992" /><DORA hai="75" /><U15/><E15/><V116/><F116/><W37/><G108/><T9/><D50/><U118/><E118/><V112/><F112/><W17/><G0/><T129/><D129/><U72/><E72/><V19/><F7/><W98/><G33/><T110/><D110/><U66/><E66/><V10/><F10/><W70/><G70/><T87/><D56/><U125/><E125/><V84/><F84/><W59/><G37/><T21/><D31/><U76/><E100/><V133/><F133/><W20/><G85/><T117/><D117/><U135/><E135/><V40/><F26/><W120/><G120/><T71/><D71/><U130/><E130/><V45/><F45/><W11/><G11/><T52/><D9/><U78/><REACH who="1" step="1"/><E94/><REACH who="1" ten="350,157,272,211" step="2"/><V90/><F90/><W79/><G20/><T25/><D13/><U132/><E132/><V95/><F95/><W105/><G92/><T14/><D14/><U113/><E113/><V121/><F121/><W32/><G102/><T18/><D103/><U42/><E42/><V54/><AGARI ba="0,1" hai="16,19,28,29,38,39,40,43,48,49,53,54,97,99" machi="54" ten="25,6400,0" yaku="0,1,22,2,54,1" doraHai="74,75" who="2" fromWho="2" sc="350,-16,157,-32,272,74,211,-16" /><INIT seed="2,0,0,5,0,96" ten="334,125,346,195" oya="2" hai0="42,120,51,61,5,68,65,75,113,58,72,66,133" hai1="43,105,103,93,85,57,6,87,106,131,28,31,124" hai2="0,104,134,126,82,45,107,4,19,73,76,35,37" hai3="116,91,84,80,14,15,49,53,36,11,74,69,59"/><V34/><F134/><W128/><G116/><T1/><D120/><U26/><E43/><N who="2" m="22767" /><F19/><W97/><G36/><T98/><D113/><U115/><E6/><V38/><F38/><W125/><G69/><T94/><D133/><U101/><E57/><V83/><F83/><W112/><G112/><T64/><D1/><U18/><E115/><V52/><F52/><W24/><G128/><T122/><D5/><U77/><E18/><V48/><F48/><W118/><G118/><T117/><D117/><U99/><E131/><V79/><F79/><W17/><G15/><T46/><D122/><U16/><E16/><V33/><F126/><W2/><G125/><T108/><D108/><U114/><E114/><V32/><N who="2" m="8704" /><DORA hai="110" /><V100/><F100/><W60/><G17/><T8/><D8/><AGARI ba="0,0" hai="0,4,8,73,76,82,104,107" m="8704,22767" machi="8" ten="60,11600,0" yaku="25,1,33,2" doraHai="96,110" who="2" fromWho="0" sc="334,-116,125,0,346,116,195,0" /><INIT seed="2,1,0,1,0,117" ten="218,125,462,195" oya="2" hai0="67,127,122,99,3,66,65,11,114,14,15,107,25" hai1="29,35,123,34,128,69,84,40,49,124,41,104,112" hai2="43,74,59,30,91,93,13,21,90,108,56,51,126" hai3="70,24,38,92,28,111,61,102,85,89,47,81,10"/><V60/><F126/><W115/><G111/><T131/><D131/><U79/><E112/><V118/><F118/><W0/><G115/><T88/><D127/><U45/><E124/><V103/><F74/><W12/><G0/><T31/><D114/><U86/><E128/><V116/><F116/><W22/><G70/><T53/><D3/><U97/><E41/><V72/><F72/><W58/><G38/><T9/><D107/><U19/><E79/><V26/><F108/><W1/><G1/><T100/><D100/><U113/><E113/><V8/><F43/><W71/><G71/><T18/><D122/><U64/><E19/><V6/><F51/><W96/><G47/><T95/><D53/><U87/><E123/><V132/><F132/><W27/><G27/><T134/><D134/><U125/><E125/><V42/><F42/><W106/><G106/><T98/><D67/><U16/><E29/><V63/><F56/><W32/><G32/><T68/><D68/><U4/><E4/><V57/><F57/><W37/><G37/><T109/><D99/><U78/><E78/><V39/><F39/><W17/><G58/><T52/><D52/><U23/><E104/><V135/><F135/><W54/><G54/><T5/><D109/><U133/><E133/><V77/><F77/><W80/><REACH who="3" step="1"/><G81/><REACH who="3" ten="218,125,462,185" step="2"/><T33/><AGARI ba="1,1" hai="5,9,11,14,15,18,25,31,33,65,66,88,95,98" machi="33" ten="20,2700,0" yaku="0,1,7,1,54,1" doraHai="117" who="0" fromWho="0" sc="218,40,125,-8,462,-14,185,-8" /><INIT seed="3,0,0,2,5,79" ten="258,117,448,177" oya="3" hai0="134,71,75,113,95,42,123,13,120,1,10,51,86" hai1="59,32,124,3,33,18,104,37,132,85,61,121,11" hai2="130,93,112,92,72,60,5,135,16,131,122,15,23" hai3="89,62,45,4,126,116,21,49,109,94,133,48,64"/><W57/><G116/><T6/><D71/><U118/><E118/><V22/><F72/><W27/><G133/><T111/><D75/><U83/><E132/><V40/><F112/><W0/><G126/><T66/><D134/><U58/><E124/><V7/><F135/><W39/><G109/><T41/><D113/><U28/><E37/><V87/><F122/><W20/><G39/><T19/><D66/><U46/><E46/><V88/><F40/><W35/><G35/><T106/><D106/><U76/><E59/><V74/><F74/><W68/><G68/><T17/><D111/><U70/><E70/><V69/><F69/><W96/><G48/><T128/><D128/><N who="2" m="49194" /><F60/><W9/><G27/><T77/><D1/><U97/><E28/><V56/><F56/><W100/><G100/><T119/><D119/><U67/><E121/><V110/><F110/><W52/><AGARI ba="0,0" hai="0,4,9,20,21,45,49,52,57,62,64,89,94,96" machi="52" ten="20,3900,0" yaku="0,1,7,1,54,1" doraHai="79" who="3" fromWho="3" sc="258,-13,117,-13,448,-13,177,39" /><INIT seed="3,1,0,4,3,23" ten="245,104,435,216" oya="3" hai0="129,26,108,14,35,89,75,39,21,113,27,109,120" hai1="36,117,131,31,12,90,5,66,74,43,111,134,91" hai2="49,65,4,52,30,51,98,47,62,50,59,60,58" hai3="85,124,104,78,32,77,72,101,112,69,17,84,73"/><W94/><G32/><T2/><D39/><U67/><E74/><N who="3" m="28778" /><G17/><N who="0" m="10423" /><D75/><U118/><E12/><V122/><F122/><W55/><G55/><T6/><D89/><U86/><E86/><N who="3" m="33386" /><G69/><T92/><D92/><U87/><E87/><V61/><F4/><W15/><G15/><T20/><D120/><U133/><E5/><V114/><F114/><W3/><G3/><T106/><D106/><U71/><E71/><N who="2" m="42407" /><F98/><N who="3" m="61495" /><G112/><T81/><D81/><U116/><E43/><N who="2" m="24831" /><F30/><W48/><G48/><T9/><D113/><U80/><E36/><V100/><F100/><W33/><G33/><T83/><D83/><U40/><E80/><V24/><F24/><N who="0" m="9258" /><D129/><U46/><E40/><V28/><F28/><W132/><G77/><T99/><D99/><U79/><E31/><V95/><F95/><W19/><G78/><T119/><D35/><U127/><E79/><V54/><AGARI ba="1,0" hai="50,51,52,54,58,59,61,62" m="24831,42407" machi="54" ten="30,12000,2" yaku="35,5,54,1" doraHai="23" who="2" fromWho="2" sc="245,-31,104,-31,435,123,216,-61" owari="214,1.0,73,-43.0,558,66.0,155,-24.0" /></mjloggm>