<mjloggm ver="2.3"><GO type="97"/><UN n0="%EF%BC%88%E2%89%A7%E2%96%BD%E2%89%A6%EF%BC%89" n1="%E3%81%A8%E3%81%84%E3%81%A4%E7%8E%8B%E5%AD%90" n2="%E3%81%AD%E3%82%8A%E3%82%B4%E3%83%9E" n3="%E2%98%86%E8%8C%82%E9%87%8E%E2%98%86" dan="13,14,15,15" rate="2008,1884,1878,1984" sx="M,M,M,F"/><TAIKYOKU oya="0"/><INIT seed="0,0,0,3,3,71" ten="250,250,250,250" oya="0" hai0="47,22,78,51,29,101,9,96,20,2,84,134,93" hai1="126,30,12,43,66,100,123,106,25,113,24,5,23" hai2="91,104,16,46,36,92,37,65,21,76,8,111,62" hai3="50,125,7,11,6,17,67,39,33,19,102,4,103"/><T116/><D116/><U132/><E123/><V35/><F35/><W40/><G33/><T98/><D134/><U15/><E132/><V117/><F117/><W108/><G108/><T3/><D29/><U129/><E113/><V107/><F111/><W112/><G112/><T122/><D122/><U88/><E106/><V94/><F76/><W72/><G72/><T41/><D2/><U61/><E100/><V34/><F34/><W121/><G121/><T70/><D70/><U38/><E129/><V79/><F79/><W133/><G133/><T68/><D68/><U109/><E109/><V80/><F80/><W73/><G73/><T13/><D98/><U120/><E120/><V124/><F124/><W115/><G115/><T32/><D3/><U130/><E126/><V83/><F83/><W56/><G125/><T58/><D58/><U60/><E130/><V54/><F104/><W77/><G77/><T55/><D55/><U85/><E5/><V14/><F107/><W95/><G67/><T53/><D53/><U69/><E61/><V44/><F44/><W75/><G56/><T86/><D32/><U81/><REACH who="1" step="1"/><E25/><REACH who="1" step="2"/><V97/><F92/><W63/><G95/><T28/><D93/><U105/><E105/><V1/><F65/><W99/><G7/><N who="0" m="3263" /><D101/><U110/><E110/><V64/><F64/><W31/><G103/><T128/><D128/><U114/><E114/><V90/><F62/><W135/><G102/><T27/><D27/><U89/><E89/><V49/><REACH who="2" step="1"/><F91/><REACH who="2" step="2"/><W131/><G135/><T52/><D78/><U59/><E59/><V57/><F57/><RYUUKYOKU ba="0,2" sc="250,-15,240,15,240,15,250,-15" hai1="12,15,23,24,30,38,43,60,66,69,81,85,88" hai2="1,8,14,16,21,36,37,46,49,54,90,94,97" /><INIT seed="1,1,2,3,4,5" ten="235,255,255,235" oya="1" hai0="31,78,44,82,105,93,113,118,30,106,55,40,50" hai1="38,20,96,37,56,85,2,116,18,131,29,72,115" hai2="97,61,84,125,42,1,74,45,9,35,57,130,19" hai3="28,83,54,135,79,110,39,52,88,109,73,23,3"/><U117/><E131/><V86/><F74/><W24/><G135/><T102/><D113/><U22/><E115/><V123/><F123/><W132/><G132/><T101/><D118/><U14/><E72/><V94/><F130/><W133/><G133/><T12/><D106/><U48/><E2/><V107/><F35/><W33/><G3/><T129/><D129/><U64/><E96/><V81/><F107/><W77/><G39/><T80/><D105/><U17/><E29/><N who="0" m="10761" /><D78/><U108/><E108/><N who="3" m="41578" /><G79/><T11/><D40/><U59/><E38/><V16/><F125/><W122/><G122/><T66/><D66/><U69/><E37/><V89/><F84/><N who="3" m="50207" /><G33/><T7/><D93/><U98/><E98/><V6/><F45/><W13/><G13/><T63/><D63/><U36/><E36/><V65/><REACH who="2" step="1"/><F42/><REACH who="2" step="2"/><W62/><G62/><T92/><D92/><U114/><E117/><V91/><AGARI ba="1,3" hai="1,6,9,16,19,57,61,65,81,86,89,91,94,97" machi="91" ten="20,12000,2" yaku="1,1,2,1,0,1,7,1,52,1,54,1,53,1" doraHai="5" doraHaiUra="0" who="2" fromWho="2" sc="235,-31,255,-61,245,153,235,-31" /><INIT seed="2,0,0,4,3,5" ten="204,194,398,204" oya="2" hai0="55,66,50,54,91,89,135,112,39,32,106,120,15" hai1="94,38,67,12,86,73,1,125,87,132,28,4,122" hai2="110,17,43,0,24,45,47,113,81,58,30,88,95" hai3="101,79,59,16,34,99,126,96,83,133,128,61,123"/><V100/><F113/><W11/><G123/><T85/><D120/><U51/><E122/><V74/><F0/><W118/><G118/><T53/><D112/><U68/><E73/><V115/><F115/><W102/><G128/><T116/><D106/><U111/><E38/><V13/><F110/><W62/><G133/><T65/><D32/><U117/><E132/><V23/><F100/><N who="3" m="38507" /><G126/><T77/><D116/><U41/><E125/><V124/><F124/><W21/><G34/><T14/><D135/><U105/><E105/><V37/><F47/><W131/><G131/><T10/><D39/><U130/><E111/><V114/><F114/><W98/><G59/><T49/><D77/><U29/><E1/><V20/><F58/><W8/><G79/><T108/><D108/><U33/><E117/><V80/><F74/><W3/><G83/><N who="0" m="49343" /><D15/><U76/><E33/><V40/><F43/><W93/><G3/><T72/><D91/><U44/><E68/><V103/><F103/><W6/><G6/><N who="0" m="3415" /><D72/><U78/><E130/><V90/><F90/><W70/><G70/><T75/><D75/><U127/><E127/><V27/><F24/><N who="3" m="14375" /><G93/><T2/><D2/><U71/><E71/><V42/><F40/><W35/><G35/><T121/><D121/><U18/><E78/><V9/><F23/><W31/><G31/><T129/><D129/><U64/><E76/><V92/><F92/><W134/><G134/><T63/><D63/><AGARI ba="0,0" hai="8,11,61,62,63,96,98,99" m="14375,38507" machi="63" ten="30,7700,0" yaku="8,1,52,2,54,1" doraHai="5" who="3" fromWho="0" sc="204,-77,194,0,398,0,204,77" /><INIT seed="3,0,0,3,2,41" ten="127,194,398,281" oya="3" hai0="29,85,122,32,31,96,113,20,2,4,70,9,107" hai1="83,22,38,10,25,19,105,129,100,112,74,124,78" hai2="127,43,44,54,15,23,64,110,57,81,133,11,108" hai3="101,24,67,61,63,49,50,125,80,121,65,126,123"/><W92/><G24/><N who="0" m="18471" /><D85/><U119/><E112/><V51/><F133/><W115/><G101/><T26/><D96/><U75/><E129/><V52/><F127/><N who="3" m="48651" /><G92/><T91/><D91/><U116/><E124/><V102/><F102/><W93/><G93/><T47/><D47/><U71/><E71/><V16/><F81/><W117/><G80/><T79/><D79/><U132/><E132/><V72/><F72/><W5/><G117/><T53/><D53/><U98/><E38/><V48/><F64/><N who="3" m="24651" /><G5/><N who="0" m="1207" /><D70/><U34/><E34/><V118/><F118/><N who="1" m="45097" /><E10/><V58/><F11/><W62/><G115/><T89/><D89/><U46/><E74/><V86/><F86/><W60/><G60/><T73/><D107/><U6/><E6/><V28/><REACH who="2" step="1"/><F28/><REACH who="2" step="2"/><W17/><G17/><T134/><D73/><U0/><E0/><V82/><F82/><W42/><G42/><T55/><D134/><U76/><E76/><V120/><F120/><AGARI ba="0,1" hai="49,50,61,62,63,120,121,123" m="24651,48651" machi="120" ten="40,12000,1" yaku="28,2,18,1,34,2" doraHai="41" who="3" fromWho="2" sc="127,0,194,0,388,-120,281,130" owari="127,-37,194,-21,268,7,411,51" /></mjloggm>