<mjloggm ver="2.3"><GO type="41"/><UN n0="%E3%81%9F%E3%81%91%E3%81%97%E3%81%9F%E3%81%AF%E5%BC%9F%E5%AD%90" n1="%42%65%61%72%75%73%68" n2="%EF%BC%88%E2%89%A7%E2%96%BD%E2%89%A6%EF%BC%89" n3="%E3%82%AB%E3%83%84%E4%B8%BC%E3%81%86%E3%81%BE%E3%81%81" dan="15,13,15,14" rate="1981,1854,2068,1882" sx="M,M,M,F"/><TAIKYOKU oya="0"/><INIT seed="0,0,0,5,2,129" ten="250,250,250,250" oya="0" hai0="67,62,81,82,65,77,5,13,128,36,55,58,122" hai1="92,15,69,42,48,7,23,86,39,102,135,54,95" hai2="26,3,47,60,16,109,73,80,115,83,111,110,32" hai3="59,46,104,99,85,94,108,64,93,98,18,27,103"/><T9/><D122/><U45/><E135/><V72/><F115/><W4/><G108/><T124/><D36/><U66/><E69/><V84/><F3/><W49/><G4/><T117/><D117/><U101/><E66/><V114/><F114/><W90/><G64/><T70/><D128/><U52/><E95/><V121/><F121/><W96/><G59/><T53/><D124/><U76/><E54/><V130/><F130/><W68/><G68/><T79/><D53/><U123/><E123/><V125/><F125/><W107/><G104/><T89/><D89/><U119/><E119/><V113/><F113/><W17/><G107/><T118/><D118/><U56/><E92/><V11/><F60/><W37/><G37/><T30/><D30/><U87/><E87/><V106/><F106/><W100/><G98/><T88/><D70/><U63/><E39/><V34/><F47/><W91/><G85/><N who="0" m="50231" /><D81/><N who="2" m="31306" /><F84/><W31/><G17/><T50/><D62/><U8/><E86/><V21/><F11/><W120/><G120/><T24/><D24/><U41/><E76/><AGARI ba="0,0" hai="5,9,13,50,55,58,65,67,76,77,79" m="50231" machi="76" ten="30,2900,0" yaku="8,1,54,1" doraHai="129" who="0" fromWho="1" sc="250,29,250,-29,250,0,250,0" /><INIT seed="0,1,0,1,2,128" ten="279,221,250,250" oya="0" hai0="130,15,99,40,78,133,61,70,113,46,87,27,58" hai1="112,82,48,0,63,72,1,104,94,102,38,62,110" hai2="32,19,5,2,42,34,115,107,23,127,125,6,119" hai3="134,69,28,124,20,21,54,7,89,96,56,53,37"/><T60/><D113/><U109/><E112/><V36/><F107/><W85/><G37/><T50/><D130/><U18/><E38/><V86/><F115/><W39/><G69/><T122/><D122/><U83/><E104/><V67/><F67/><W65/><G124/><N who="2" m="47689" /><F86/><W9/><G39/><T49/><D133/><U66/><E72/><V100/><F100/><W84/><G134/><T4/><D99/><N who="1" m="59767" /><E48/><V71/><F71/><W129/><G129/><T17/><D70/><N who="1" m="42327" /><E63/><V44/><F119/><W114/><G114/><T132/><D132/><U22/><E1/><V73/><F73/><W116/><G116/><T131/><D131/><U47/><E47/><V75/><F75/><W43/><G43/><T57/><D27/><N who="1" m="14807" /><E0/><V126/><N who="2" m="47697" /><V121/><DORA hai="3" /><F121/><W55/><G65/><T77/><D50/><U24/><E24/><N who="2" m="14463" /><F2/><W101/><G101/><T135/><D135/><U95/><E95/><V45/><F45/><W33/><G33/><AGARI ba="1,0" hai="5,6,32,33,34,36,42,44" m="14463,47697" machi="33" ten="40,5200,0" yaku="18,1,52,2" doraHai="128,3" who="2" fromWho="3" sc="279,0,221,0,250,55,250,-55" /><INIT seed="1,0,0,5,1,2" ten="279,221,305,195" oya="1" hai0="118,128,5,65,18,32,82,17,110,35,12,90,81" hai1="25,68,125,24,134,13,123,98,64,16,41,4,79" hai2="124,106,70,130,30,119,29,63,104,43,105,135,56" hai3="93,97,127,20,102,71,58,94,8,7,95,133,72"/><U9/><E123/><V59/><F119/><W3/><G72/><T113/><D118/><U49/><E134/><V89/><F135/><W116/><G71/><T91/><D113/><U33/><E125/><V121/><F121/><W100/><G133/><T19/><D128/><U39/><E79/><V129/><F124/><W44/><G127/><T103/><D103/><U73/><E73/><V60/><F89/><W28/><G116/><T126/><D126/><U96/><E39/><V42/><F70/><W109/><G109/><T23/><D110/><U10/><E33/><V45/><F105/><W112/><G112/><T78/><D65/><U115/><E115/><V54/><F54/><W11/><G44/><AGARI ba="0,0" hai="29,30,42,43,44,45,56,59,60,63,104,106,129,130" machi="44" ten="25,1600,0" yaku="22,2" doraHai="2" who="2" fromWho="3" sc="279,0,221,0,305,16,195,-16" /><INIT seed="2,0,0,2,3,98" ten="279,221,321,179" oya="2" hai0="80,78,11,110,5,52,6,20,47,31,25,72,91" hai1="128,93,3,7,116,101,79,29,118,17,2,51,41" hai2="104,0,62,63,75,66,120,50,33,22,85,127,38" hai3="18,24,107,36,64,114,4,68,23,10,115,67,15"/><V12/><F120/><W21/><G107/><T54/><D110/><U129/><E29/><V87/><F104/><W96/><G36/><T111/><D111/><U61/><E79/><V43/><F75/><W27/><G68/><T77/><D6/><U59/><E7/><V94/><F0/><N who="1" m="41" /><E17/><N who="2" m="10535" /><F33/><W122/><G96/><T132/><D132/><U56/><E41/><V81/><F38/><W106/><G106/><T8/><D77/><U99/><E51/><V9/><F9/><W70/><G70/><T134/><D134/><U58/><E61/><V37/><F37/><W130/><G122/><T109/><D109/><U55/><E55/><V84/><F127/><W86/><G67/><T90/><D11/><U117/><E59/><N who="2" m="37215" /><F94/><W133/><G133/><T53/><REACH who="0" step="1"/><D47/><REACH who="0" step="2"/><U103/><E99/><V123/><F123/><W39/><G4/><T74/><D74/><U42/><E42/><V82/><F63/><W40/><G10/><T57/><D57/><N who="1" m="22123" /><E93/><V89/><F81/><W131/><G40/><T16/><D16/><U100/><AGARI ba="0,1" hai="100,101,103,116,117,118,128,129" m="22123,41" machi="100" ten="50,8000,1" yaku="28,2,52,3" doraHai="98" who="1" fromWho="1" sc="269,-20,221,90,321,-40,179,-20" /><INIT seed="3,0,0,4,2,113" ten="249,311,281,159" oya="3" hai0="27,13,124,88,62,4,0,31,125,18,48,108,115" hai1="82,100,105,35,32,23,43,55,9,116,59,106,111" hai2="70,118,5,133,74,102,47,39,20,14,50,103,104" hai3="101,46,112,122,126,97,73,128,69,12,132,117,77"/><W68/><G112/><T30/><D115/><U15/><E43/><V57/><F70/><W26/><G46/><T123/><D123/><U89/><E111/><V86/><F74/><W120/><G26/><T63/><D108/><U93/><E116/><V28/><F118/><W79/><G79/><T29/><D48/><U109/><E109/><V119/><F119/><W17/><G117/><T135/><D135/><U11/><E82/><V94/><F104/><W60/><G132/><T127/><D27/><U44/><E35/><V107/><F107/><W53/><G126/><T83/><D4/><U64/><E32/><V49/><F39/><W10/><G128/><T42/><D42/><U134/><E134/><V36/><F36/><W38/><G38/><T54/><D54/><U65/><E106/><V72/><F72/><W19/><G73/><T24/><D24/><U80/><E44/><V75/><F47/><W81/><G77/><T121/><D0/><U71/><E71/><V21/><F75/><W85/><G120/><T84/><REACH who="0" step="1"/><D121/><REACH who="0" step="2"/><U37/><E37/><V92/><F133/><W1/><G122/><T66/><D66/><U52/><E65/><V96/><F49/><W91/><G1/><T7/><D7/><U114/><E64/><V40/><F50/><W41/><G53/><T130/><D130/><U95/><E114/><V131/><F5/><N who="3" m="3151" /><G41/><T2/><D2/><U33/><E15/><V16/><F40/><W58/><G69/><T76/><D76/><U51/><E51/><V25/><F131/><W78/><G68/><T98/><D98/><U99/><E99/><RYUUKYOKU ba="0,1" sc="239,30,311,-10,281,-10,159,-10" hai0="13,18,29,30,31,62,63,83,84,88,124,125,127" /><INIT seed="4,1,1,1,4,65" ten="269,301,271,149" oya="0" hai0="51,66,120,7,90,86,61,34,121,98,96,6,40" hai1="105,50,13,116,52,117,132,127,107,112,67,57,39" hai2="56,68,12,126,78,77,5,33,82,115,125,58,76" hai3="124,91,16,130,30,44,101,134,131,27,95,23,4"/><T94/><D34/><U71/><E132/><V10/><F115/><W111/><G111/><T118/><D118/><U119/><E112/><V74/><F33/><W53/><G4/><T0/><D121/><U85/><E127/><N who="2" m="48651" /><F68/><W93/><G124/><T42/><D120/><U28/><E39/><V1/><F1/><W84/><G30/><T108/><D108/><U19/><E28/><V21/><F21/><W69/><G69/><T109/><D109/><U46/><E85/><V35/><F35/><W24/><G134/><T25/><D25/><U8/><REACH who="1" step="1"/><E71/><REACH who="1" step="2"/><V62/><F58/><W110/><G110/><T88/><D98/><U72/><E72/><V3/><F3/><W92/><G130/><T45/><D0/><U122/><E122/><V135/><F135/><W18/><G131/><T38/><D38/><U79/><E79/><V14/><F14/><W99/><G24/><T104/><D104/><U106/><E106/><V128/><F128/><W11/><G11/><T89/><D86/><U48/><E48/><V43/><F74/><W113/><G113/><T81/><D81/><U70/><E70/><V73/><F82/><N who="3" m="49559" /><G18/><T63/><D96/><U80/><E80/><V36/><F73/><W60/><G60/><AGARI ba="1,2" hai="8,13,19,46,50,52,57,60,67,105,107,116,117,119" machi="60" ten="40,2600,0" yaku="1,1,54,1,53,0" doraHai="65" doraHaiUra="64" who="1" fromWho="3" sc="269,0,291,49,271,0,149,-29" /><INIT seed="5,0,0,5,0,56" ten="269,340,271,120" oya="1" hai0="38,102,49,95,133,62,26,9,10,129,45,85,128" hai1="1,33,50,36,0,5,83,131,80,105,72,104,12" hai2="4,15,106,89,55,119,28,47,32,41,17,75,16" hai3="99,109,71,68,58,21,120,13,59,135,82,117,3"/><U8/><E33/><V46/><F119/><W107/><G120/><T91/><D38/><U44/><E36/><V66/><F75/><W77/><G117/><T48/><D133/><U132/><E131/><N who="0" m="50249" /><D26/><U60/><E132/><V69/><F106/><W7/><G109/><T11/><D102/><U90/><E83/><V94/><F55/><W63/><G135/><T20/><D20/><U110/><E110/><V97/><F4/><W100/><G3/><T35/><D35/><U76/><E90/><V65/><F17/><W24/><G58/><T124/><D124/><U67/><E105/><V126/><F126/><W2/><G2/><T78/><D78/><U87/><E104/><V54/><F54/><W43/><G43/><N who="0" m="24639" /><D49/><U111/><E111/><V73/><F73/><W84/><G7/><T6/><D6/><U127/><E127/><V64/><F69/><W23/><G13/><T70/><D9/><U113/><E113/><V93/><F41/><W108/><G108/><T31/><D31/><U27/><E27/><V37/><F37/><W88/><G77/><T51/><D51/><U130/><E72/><V34/><F34/><W92/><G107/><T125/><D125/><U74/><E74/><V86/><F32/><W29/><REACH who="3" step="1"/><G21/><REACH who="3" step="2"/><T39/><D10/><U19/><E130/><V116/><F116/><W123/><G123/><T30/><D11/><U96/><E5/><V61/><F15/><W115/><G115/><T98/><D39/><U134/><E134/><V25/><F47/><W57/><G57/><T101/><D70/><U18/><E0/><V122/><F46/><RYUUKYOKU ba="0,1" sc="269,-10,340,-10,271,-10,110,30" hai3="23,24,29,59,63,68,71,82,84,88,92,99,100" /><INIT seed="6,1,1,5,4,97" ten="259,330,261,140" oya="2" hai0="119,62,11,32,84,82,0,130,78,63,22,13,23" hai1="26,16,67,73,61,74,64,21,56,102,51,60,112" hai2="71,103,70,65,15,94,9,80,28,39,110,132,2" hai3="53,92,50,120,133,111,86,55,100,6,44,3,27"/><V107/><F39/><W113/><G120/><T118/><D32/><U129/><E112/><V1/><F107/><W36/><G111/><T101/><D130/><U114/><E129/><V5/><F110/><W117/><G117/><N who="0" m="44555" /><D0/><U54/><E114/><V95/><F132/><W25/><G113/><T109/><D109/><U85/><E85/><V106/><F106/><W49/><G133/><T8/><D8/><U38/><E38/><V83/><F28/><W79/><G36/><T89/><D89/><U134/><E134/><V24/><F24/><W46/><G3/><T77/><D77/><U105/><E74/><V45/><F45/><W121/><G121/><T125/><D125/><U10/><E73/><V87/><F80/><W96/><G6/><N who="0" m="3319" /><D101/><U128/><E128/><V68/><F65/><W18/><G18/><T52/><D63/><U29/><E105/><V7/><F7/><W19/><G19/><T122/><D122/><U72/><E72/><V30/><F30/><W116/><G116/><T59/><AGARI ba="1,1" hai="22,23,52,59,62,78,82,84" m="3319,44555" machi="59" ten="30,2000,0" yaku="12,1,54,1" doraHai="97" who="0" fromWho="0" sc="259,33,330,-6,261,-11,140,-6" /><INIT seed="7,0,0,2,2,111" ten="292,324,250,134" oya="3" hai0="38,45,14,74,36,37,16,133,43,55,93,86,66" hai1="114,7,49,72,92,3,98,56,44,60,82,12,120" hai2="53,10,119,105,95,64,99,112,113,59,134,128,52" hai3="13,33,75,68,76,4,88,73,104,29,57,79,81"/><W84/><G68/><T54/><D74/><U85/><E114/><N who="2" m="44139" /><F119/><W39/><G104/><T63/><D133/><U124/><E120/><V130/><F134/><W41/><G39/><T135/><D135/><U48/><E72/><V80/><F105/><W27/><G41/><T78/><D55/><N who="2" m="21066" /><F80/><W122/><G122/><T77/><D54/><N who="1" m="33815" /><E3/><V9/><F59/><W0/><G0/><T58/><D78/><N who="1" m="46295" /><E124/><V96/><F64/><W62/><G73/><T26/><D26/><U65/><E65/><V2/><F96/><W51/><G51/><T101/><D77/><U110/><E110/><V42/><F42/><W25/><G75/><T67/><D67/><U90/><E44/><V32/><F32/><W20/><G33/><T6/><D6/><U132/><E132/><V91/><F2/><W31/><G31/><T127/><D127/><U94/><E94/><V83/><F83/><W97/><G97/><T24/><D24/><U15/><E7/><V118/><F118/><W125/><G125/><T21/><REACH who="0" step="1"/><D101/><REACH who="0" step="2"/><U89/><E89/><AGARI ba="0,1" hai="14,16,21,36,37,38,43,45,58,63,66,86,89,93" machi="89" ten="40,12000,2" yaku="1,1,2,1,54,1,53,3" doraHai="111" doraHaiUra="71" who="0" fromWho="1" sc="282,130,324,-120,250,0,134,0" owari="412,52.0,204,-20.0,250,5.0,134,-37.0" /></mjloggm>