<mjloggm ver="2.3"><GO type="41"/><UN n0="%EF%BC%88%E2%89%A7%E2%96%BD%E2%89%A6%EF%BC%89" n1="%E3%82%82%E3%81%8D%E3%82%85%E3%82%92%E5%BC%84%E3%82%8B%E8%80%85" n2="%E3%83%94%E3%82%B1" n3="%E3%81%A1%E3%82%85%E3%82%8A%E3%81%A1%E3%82%85%E3%81%82" dan="15,13,16,15" rate="2016,1850,2030,1924" sx="M,M,M,F"/><TAIKYOKU oya="0"/><INIT seed="0,0,0,3,4,82" ten="250,250,250,250" oya="0" hai0="79,135,54,103,89,65,93,98,25,70,123,10,120" hai1="42,17,43,59,61,5,101,40,20,34,48,28,15" hai2="94,116,128,7,2,133,0,113,44,47,38,32,71" hai3="72,37,69,67,13,21,66,126,127,41,36,122,31"/><T4/><D135/><U91/><E101/><V131/><F113/><W22/><G72/><T118/><D118/><U121/><E121/><V53/><F71/><W50/><G122/><T35/><D79/><U57/><E34/><V30/><F133/><W114/><G114/><T81/><D54/><U11/><E28/><V68/><F68/><W45/><G69/><T86/><D35/><U129/><E129/><V87/><F38/><W52/><G31/><T73/><D73/><U130/><E130/><N who="2" m="49707" /><F7/><W46/><G13/><T23/><D65/><N who="3" m="24585" /><G22/><T92/><D70/><U75/><E75/><V33/><F116/><W18/><G18/><T49/><D49/><U97/><E48/><N who="2" m="28807" /><F47/><W96/><G96/><T12/><REACH who="0" step="1"/><D81/><REACH who="0" ten="240,250,250,250" step="2"/><U60/><E61/><V74/><F74/><W85/><G126/><T110/><D110/><U39/><E60/><V55/><F55/><W64/><G127/><T63/><D63/><U117/><E39/><V84/><F33/><W112/><G112/><T104/><D104/><U105/><E117/><V76/><F76/><W134/><G134/><T95/><D95/><N who="1" m="56575" /><E105/><V14/><F94/><W83/><G37/><T9/><D9/><U107/><E107/><V56/><F32/><W100/><G36/><T62/><D62/><U119/><E119/><V58/><F58/><W125/><G125/><T88/><D88/><U115/><E115/><V111/><F56/><W77/><G50/><T6/><D6/><U29/><E5/><V26/><F111/><W8/><G52/><T27/><D27/><AGARI ba="0,1" hai="11,15,17,20,27,29,40,42,43,57,59" m="56575" machi="27" ten="30,1000,0" yaku="8,1" doraHai="82" who="1" fromWho="0" sc="240,-10,250,20,250,0,250,0" /><INIT seed="1,0,0,3,0,36" ten="230,270,250,250" oya="1" hai0="118,82,89,116,125,64,7,108,73,44,0,128,102" hai1="127,23,105,31,80,30,61,67,119,3,86,65,49" hai2="124,95,107,77,19,92,16,134,104,46,120,12,115" hai3="5,47,94,76,22,54,85,10,59,83,53,75,52"/><U69/><E3/><V55/><F120/><W117/><G117/><T106/><D64/><U50/><E105/><V103/><F134/><W1/><G22/><T8/><D128/><U51/><E119/><V11/><F124/><W74/><G59/><T56/><D125/><U130/><E127/><V84/><F115/><W111/><G111/><T68/><D108/><U40/><E130/><V109/><F109/><W71/><G71/><T57/><D57/><N who="1" m="37039" /><E67/><V43/><F55/><W35/><G35/><T62/><D56/><U60/><E69/><V114/><F114/><W42/><REACH who="3" step="1"/><G94/><REACH who="3" ten="230,270,250,240" step="2"/><T24/><D68/><U99/><E60/><V15/><F95/><W45/><G45/><T91/><D44/><N who="1" m="25735" /><E31/><V6/><F107/><W39/><AGARI ba="0,1" hai="1,5,10,39,42,47,52,53,54,74,75,76,83,85" machi="39" ten="30,7900,0" yaku="1,1,0,1,52,1,54,1,53,0" doraHai="36" doraHaiUra="14" who="3" fromWho="3" sc="230,-20,270,-39,250,-20,240,89" /><INIT seed="2,0,0,2,4,27" ten="210,231,230,329" oya="2" hai0="123,51,43,13,52,109,114,30,131,55,125,98,33" hai1="8,73,61,3,95,16,103,40,86,104,78,126,92" hai2="20,14,71,90,72,75,79,129,62,22,11,63,56" hai3="88,31,21,77,38,105,60,24,115,135,47,113,70"/><V65/><F129/><W111/><G111/><T81/><D123/><U99/><E126/><V17/><F90/><W18/><G105/><T0/><D114/><N who="3" m="43529" /><G135/><T76/><D0/><U83/><E40/><V116/><F116/><W91/><G77/><T44/><D125/><U117/><E117/><V53/><F79/><W49/><G38/><T57/><D131/><U50/><E50/><V39/><REACH who="2" step="1"/><F39/><REACH who="2" ten="210,231,220,329" step="2"/><W82/><G82/><T128/><D128/><U93/><E73/><AGARI ba="0,1" hai="11,14,17,20,22,53,56,62,63,65,71,72,73,75" machi="73" ten="40,7700,0" yaku="1,1,2,1,53,1" doraHai="27" doraHaiUra="54" who="2" fromWho="1" sc="210,0,231,-77,220,87,329,0" /><INIT seed="2,1,0,4,5,73" ten="210,154,307,329" oya="2" hai0="18,131,76,107,62,57,118,29,93,23,70,67,119" hai1="116,110,125,83,49,96,114,126,0,27,2,128,80" hai2="124,47,85,122,10,88,58,32,50,54,15,30,4" hai3="99,55,52,133,64,115,1,134,38,37,41,28,31"/><V132/><F122/><W108/><G1/><T129/><D107/><U92/><E116/><N who="0" m="44585" /><D29/><N who="3" m="11337" /><G108/><T60/><D93/><U78/><E110/><V117/><F117/><W74/><G74/><T51/><D76/><U35/><E114/><V112/><F112/><W59/><G115/><T53/><D18/><U100/><E128/><N who="0" m="49225" /><D23/><U97/><E49/><AGARI ba="1,0" hai="49,51,53,57,60,62,67,70" m="49225,44585" machi="49" ten="30,7700,0" yaku="12,1,19,1,34,2" doraHai="73" who="0" fromWho="1" sc="210,80,154,-80,307,0,329,0" /><INIT seed="3,0,0,1,2,93" ten="290,74,307,329" oya="3" hai0="24,105,33,98,47,123,59,32,9,132,11,86,31" hai1="100,63,20,48,115,29,129,74,17,80,113,81,69" hai2="14,135,36,117,122,96,26,91,56,19,133,40,77" hai3="43,45,38,85,46,34,82,88,12,16,58,128,42"/><W28/><G128/><T84/><D123/><U44/><E129/><V52/><F117/><W90/><G34/><T53/><D132/><N who="2" m="50762" /><F122/><W107/><G107/><T8/><D33/><U83/><E29/><V23/><F77/><W94/><G28/><T3/><D3/><U55/><E74/><V18/><F40/><W116/><G116/><T68/><D68/><U27/><REACH who="1" step="1"/><E100/><REACH who="1" ten="290,64,307,329" step="2"/><V102/><F102/><W60/><G38/><T6/><D31/><U76/><E76/><V106/><F36/><W109/><G109/><T37/><D32/><U1/><E1/><V5/><F106/><W72/><G72/><T95/><D105/><U89/><E89/><V121/><F121/><W78/><G90/><T10/><D6/><U70/><E70/><V92/><F5/><W57/><G43/><T7/><D7/><U67/><AGARI ba="0,1" hai="17,20,27,44,48,55,63,67,69,80,81,83,113,115" machi="67" ten="30,8000,1" yaku="1,1,0,1,53,3" doraHai="93" doraHaiUra="79" who="1" fromWho="1" sc="290,-20,64,90,307,-20,329,-40" /><INIT seed="4,0,0,3,4,100" ten="270,154,287,289" oya="0" hai0="65,47,62,48,16,96,97,69,130,25,51,106,72" hai1="70,3,131,71,24,11,74,77,105,81,26,29,58" hai2="4,91,34,30,0,18,116,98,93,27,83,12,32" hai3="49,118,92,129,99,66,82,111,44,10,33,126,84"/><T28/><D130/><U94/><E131/><V14/><F116/><W15/><G129/><T108/><D72/><U31/><E94/><V125/><F125/><W128/><G128/><T133/><D133/><U101/><E58/><V43/><F32/><W73/><G118/><T55/><D108/><U112/><E26/><V79/><F43/><W8/><G126/><T80/><D80/><U7/><E29/><V38/><F38/><W19/><G111/><T135/><D135/><U109/><E112/><V78/><F14/><W5/><G73/><T75/><D75/><U23/><E109/><V41/><F41/><W87/><G33/><T114/><D114/><U110/><E110/><V45/><F45/><W59/><G66/><T119/><D119/><U89/><E89/><V103/><F91/><W115/><G59/><T2/><D2/><U46/><E46/><V9/><REACH who="2" step="1"/><F83/><REACH who="2" ten="270,154,277,289" step="2"/><W107/><G115/><T1/><D47/><U85/><REACH who="1" step="1"/><E85/><REACH who="1" ten="270,144,277,289" step="2"/><V63/><F63/><W104/><G84/><T37/><D62/><U124/><E124/><V61/><F61/><W36/><G87/><T50/><D37/><U52/><E52/><V90/><F90/><W17/><G36/><T120/><D55/><U123/><E123/><V67/><F67/><W21/><G44/><T35/><D120/><U68/><E68/><V113/><F113/><W60/><G60/><T132/><D65/><U134/><E134/><V57/><F57/><W13/><G82/><T102/><D132/><U42/><E42/><V76/><F76/><W53/><G53/><T56/><D69/><U6/><E6/><RYUUKYOKU ba="0,2" sc="270,-15,144,15,277,15,289,-15" hai1="3,7,11,23,24,31,70,71,74,77,81,101,105" hai2="0,4,9,12,18,27,30,34,78,79,93,98,103" /><INIT seed="5,1,2,5,2,15" ten="255,159,292,274" oya="1" hai0="75,120,48,80,18,17,74,37,6,23,16,101,20" hai1="11,98,111,117,1,51,72,29,112,69,99,105,88" hai2="30,8,35,130,89,63,61,115,127,60,124,93,5" hai3="84,121,78,28,125,83,55,14,87,39,65,38,56"/><U96/><E117/><V70/><F70/><W133/><G121/><T77/><D120/><U79/><E69/><V91/><F130/><W59/><G133/><T21/><D37/><U33/><E33/><V32/><F115/><W132/><G132/><T40/><D6/><U129/><E29/><V90/><F93/><W119/><G125/><N who="2" m="48201" /><F30/><W108/><G119/><T57/><D101/><U100/><E129/><V94/><F94/><W76/><G108/><T71/><D71/><U114/><E111/><V50/><F50/><W2/><G2/><AGARI ba="1,2" hai="2,5,8,32,35,60,61,63,89,90,91" m="48201" machi="2" ten="40,1300,0" yaku="18,1" doraHai="15" who="2" fromWho="3" sc="255,0,159,0,292,36,274,-16" /><INIT seed="6,0,0,1,2,91" ten="255,159,328,258" oya="2" hai0="25,53,114,108,11,123,43,65,24,13,26,83,28" hai1="5,48,20,115,42,134,132,10,120,19,12,109,50" hai2="40,32,76,99,3,61,68,16,121,44,119,18,58" hai3="124,85,31,110,112,1,29,104,39,113,73,7,52"/><V80/><F119/><W84/><G110/><T6/><D123/><U4/><E120/><V94/><F68/><W122/><G122/><T82/><D108/><U116/><E109/><V72/><F32/><W130/><G73/><T92/><D114/><N who="3" m="44137" /><G104/><T49/><D28/><N who="3" m="10825" /><G39/><T75/><D75/><U56/><E115/><V107/><F107/><W21/><G130/><T27/><D43/><U129/><E129/><V128/><F121/><W71/><G71/><T125/><D125/><U51/><E116/><V70/><F70/><W17/><G124/><T95/><D65/><U54/><E5/><V67/><F128/><W36/><G36/><T45/><N who="0" m="6144" /><DORA hai="88" /><T101/><D101/><U89/><E42/><V102/><REACH who="2" step="1"/><F3/><REACH who="2" ten="255,159,318,258" step="2"/><W90/><G1/><T74/><D74/><U62/><E132/><V86/><F86/><W15/><G85/><T57/><D57/><U69/><E134/><V81/><F81/><AGARI ba="0,1" hai="6,11,13,45,49,53,81,82,83,92,95" m="6144" machi="81" ten="50,8000,1" yaku="8,1,52,4" doraHai="91,88" who="0" fromWho="2" sc="255,90,159,0,318,-80,258,0" /><INIT seed="7,0,0,0,2,12" ten="345,159,238,258" oya="3" hai0="131,125,120,45,91,130,37,118,115,38,53,77,89" hai1="30,84,63,78,59,82,21,119,66,29,128,105,24" hai2="61,100,52,8,47,109,69,122,28,102,96,97,27" hai3="2,18,127,13,14,20,39,51,134,9,57,73,72"/><W117/><G117/><T75/><D118/><U58/><E128/><N who="0" m="49193" /><D120/><U103/><E119/><V48/><F109/><W111/><G111/><T116/><D116/><U35/><E35/><V99/><F122/><W56/><G39/><N who="0" m="14859" /><D125/><U74/><E74/><V7/><F69/><W16/><G127/><T76/><D115/><U40/><E105/><V34/><REACH who="2" step="1"/><F61/><REACH who="2" ten="345,159,228,258" step="2"/><W3/><G134/><T135/><D135/><U62/><E103/><V114/><F114/><W67/><G51/><N who="0" m="28911" /><D75/><U42/><REACH who="1" step="1"/><E30/><REACH who="1" ten="345,149,228,258" step="2"/><V85/><F85/><W108/><G108/><T17/><D76/><U25/><E25/><V107/><F107/><W94/><G73/><T26/><D77/><U11/><E11/><V124/><F124/><W55/><G72/><T15/><D26/><U121/><E121/><V4/><F4/><W106/><G106/><T83/><D83/><U123/><E123/><V36/><F36/><W23/><G9/><AGARI ba="0,2" hai="9,15,17,89,91" m="28911,14859,49193" machi="9" ten="30,2000,0" yaku="19,1,52,1" doraHai="12" who="0" fromWho="3" sc="345,40,149,0,228,0,258,-20" owari="385,48.0,149,-35.0,228,-17.0,238,4.0" /></mjloggm>