<mjloggm ver="2.3"><GO type="41"/><UN n0="%EF%BC%88%E2%89%A7%E2%96%BD%E2%89%A6%EF%BC%89" n1="%5A%4F%4F%48" n2="%4B%55%52%4F%44%41%49%2E" n3="%E3%81%84%E3%81%AE%E3%81%BE%E3%81%A3%E3%81%8F" dan="15,13,13,14" rate="1998,1869,1864,1944" sx="F,M,M,M"/><TAIKYOKU oya="0"/><INIT seed="0,0,0,0,2,49" ten="250,250,250,250" oya="0" hai0="69,114,117,52,101,131,63,95,125,13,78,32,59" hai1="80,94,72,79,73,55,27,90,77,23,17,36,40" hai2="65,19,45,134,9,130,115,121,44,99,132,62,133" hai3="33,26,2,38,29,97,109,41,56,70,105,124,71"/><T8/><D114/><U98/><E40/><V11/><F99/><W118/><G118/><T89/><D117/><U102/><E36/><V86/><F86/><W106/><G124/><T24/><D125/><U66/><E66/><V20/><F121/><W110/><G2/><T127/><D127/><U112/><E112/><V61/><F115/><W119/><G119/><T85/><D131/><U1/><E1/><V37/><F130/><W103/><G106/><T116/><D116/><U96/><E55/><V6/><F6/><W75/><G75/><T81/><D69/><U82/><REACH who="1" step="1"/><E102/><REACH who="1" ten="250,240,250,250" step="2"/><V51/><F37/><W22/><G41/><T76/><D101/><U88/><E88/><V53/><F65/><W34/><G38/><T64/><D64/><U135/><E135/><V14/><F45/><W54/><G70/><T42/><D42/><U108/><E108/><N who="3" m="41578" /><G71/><T91/><D91/><U107/><E107/><V74/><F74/><W18/><G29/><T50/><D78/><U35/><E35/><V21/><F21/><W3/><G3/><T58/><D32/><U122/><E122/><V10/><AGARI ba="0,1" hai="9,10,11,14,19,20,44,51,53,61,62,132,133,134" machi="10" ten="40,5200,0" yaku="0,1,20,1,52,1" doraHai="49" who="2" fromWho="2" sc="250,-26,240,-13,250,62,250,-13" /><INIT seed="1,0,0,3,1,14" ten="224,227,312,237" oya="1" hai0="100,133,71,13,112,10,30,28,54,33,106,120,32" hai1="93,48,103,113,89,49,104,60,62,40,135,15,12" hai2="128,31,129,125,44,121,96,115,22,34,24,85,131" hai3="59,127,98,55,50,51,88,5,65,9,16,110,77"/><U75/><E75/><V69/><F69/><W6/><G65/><T25/><D112/><U64/><E113/><V90/><F121/><W36/><G36/><T1/><D120/><U86/><E135/><V117/><F117/><W101/><G127/><T35/><D71/><U80/><E104/><V108/><F125/><W41/><G77/><T29/><D133/><U56/><E62/><V74/><F115/><W76/><G76/><T130/><D130/><U119/><E119/><V95/><F74/><W42/><G51/><N who="1" m="19530" /><E40/><N who="3" m="15466" /><G110/><T46/><D46/><U58/><E58/><V18/><F44/><W134/><G101/><T61/><D61/><U68/><E68/><V0/><F0/><W122/><G122/><T83/><D83/><U81/><E81/><V66/><F66/><W21/><G9/><T27/><D54/><U105/><E105/><V7/><F7/><W78/><G78/><T73/><D73/><U39/><E39/><V84/><F108/><W57/><G57/><T94/><D106/><U23/><E23/><V52/><F52/><W45/><G45/><T4/><D94/><U19/><E19/><V79/><F79/><W109/><G109/><T124/><D124/><U11/><E11/><V118/><F118/><W111/><G111/><T116/><D116/><U47/><E47/><V3/><F3/><W126/><G126/><T8/><D100/><U123/><E123/><V70/><F70/><W26/><G134/><T114/><D114/><U107/><E107/><V87/><F34/><W2/><G2/><T97/><D1/><U38/><E38/><V63/><F63/><RYUUKYOKU ba="0,0" sc="224,-30,227,10,312,10,237,10" hai1="12,15,56,60,64,80,86,89,93,103" hai2="18,22,24,31,84,85,87,90,95,96,128,129,131" hai3="5,6,16,21,26,50,55,59,88,98" /><INIT seed="1,1,0,5,5,81" ten="194,237,322,247" oya="1" hai0="0,56,90,48,98,60,131,80,127,32,118,26,50" hai1="84,25,31,33,103,21,2,15,55,51,62,16,124" hai2="76,87,126,52,78,79,133,54,122,130,22,101,120" hai3="67,3,1,125,8,35,38,93,61,115,7,88,121"/><U37/><E37/><V13/><F101/><W72/><G121/><T112/><D118/><U109/><E124/><V114/><F22/><W46/><G125/><T28/><D0/><U45/><E109/><V20/><F20/><W19/><G35/><T94/><D127/><U91/><E103/><V99/><F126/><W14/><G115/><T82/><D131/><U49/><E62/><V63/><F99/><W66/><G72/><T74/><D112/><U40/><E2/><V44/><F13/><W5/><G66/><T70/><D70/><U110/><E110/><V113/><F78/><W111/><G111/><T12/><D12/><U85/><E91/><V116/><F44/><AGARI ba="1,0" hai="15,16,21,25,31,33,40,44,45,49,51,55,84,85" machi="44" ten="30,11600,0" yaku="7,1,52,2,54,1" doraHai="81" who="1" fromWho="2" sc="194,0,237,119,322,-119,247,0" /><INIT seed="1,2,0,3,3,29" ten="194,356,203,247" oya="1" hai0="9,13,87,111,109,106,67,5,90,66,98,80,52" hai1="30,16,74,31,61,86,58,125,28,123,48,64,26" hai2="19,77,40,121,43,88,42,124,6,104,89,65,53" hai3="0,135,75,100,102,118,126,112,49,50,55,60,10"/><U21/><E123/><V54/><F104/><W92/><G75/><T134/><D134/><U2/><E74/><V33/><F33/><W59/><G112/><T37/><D37/><U3/><E125/><V79/><F121/><W45/><G126/><T133/><D133/><U105/><E105/><V82/><F124/><W4/><G135/><T78/><D52/><N who="2" m="20074" /><F19/><W25/><G118/><T119/><D119/><U122/><E122/><V103/><F82/><W96/><G102/><N who="0" m="62807" /><D78/><N who="2" m="29706" /><F65/><W47/><G50/><T18/><D18/><U128/><E128/><V120/><F120/><W62/><REACH who="3" step="1"/><G25/><REACH who="3" ten="194,356,203,237" step="2"/><T99/><D111/><U39/><E48/><V1/><F103/><W107/><G107/><T129/><D109/><U57/><E39/><V132/><F132/><W51/><G51/><T38/><D129/><U131/><E131/><V24/><F24/><W7/><G7/><T44/><D38/><U84/><E61/><AGARI ba="2,1" hai="0,4,10,45,47,49,55,59,60,61,62,92,96,100" machi="61" ten="40,1300,0" yaku="1,1,53,0" doraHai="29" doraHaiUra="127" who="3" fromWho="1" sc="194,0,356,-19,203,0,237,29" /><INIT seed="2,0,0,0,5,126" ten="194,337,203,266" oya="2" hai0="98,133,64,42,109,21,45,76,125,53,46,73,57" hai1="96,121,17,30,16,122,85,15,14,131,7,10,54" hai2="9,40,19,94,101,52,43,130,88,128,83,115,114" hai3="78,65,36,86,132,116,113,35,61,27,80,112,33"/><V38/><F9/><W77/><G36/><N who="0" m="21703" /><D21/><U22/><E96/><V68/><F19/><W123/><G116/><T95/><D95/><U1/><E85/><V18/><F18/><W24/><G123/><N who="1" m="47114" /><E54/><V41/><F68/><W100/><G100/><T32/><D32/><U28/><E131/><N who="2" m="50219" /><F38/><W39/><G39/><T37/><D98/><U8/><AGARI ba="0,0" hai="1,7,8,10,14,15,16,17,22,28,30" m="47114" machi="8" ten="30,7900,0" yaku="13,1,34,2,54,1" doraHai="126" who="1" fromWho="1" sc="194,-20,337,79,203,-39,266,-20" /><INIT seed="3,0,0,2,0,102" ten="174,416,164,246" oya="3" hai0="81,41,63,73,59,42,25,99,92,127,14,54,45" hai1="70,114,115,77,1,22,79,9,19,98,126,83,124" hai2="88,112,49,132,80,130,134,33,120,93,119,74,53" hai3="16,10,125,78,32,50,21,68,31,117,111,55,13"/><W38/><G38/><T122/><D127/><N who="1" m="48683" /><E70/><V28/><F33/><W123/><G68/><T29/><D122/><U51/><E51/><V107/><F28/><W12/><G125/><T71/><D71/><U87/><E1/><V105/><F53/><W52/><G117/><T48/><D14/><N who="1" m="9591" /><E9/><V46/><F49/><W86/><G123/><T100/><D73/><U56/><E56/><V36/><F46/><W90/><G78/><T35/><REACH who="0" step="1"/><D81/><REACH who="0" ten="164,416,164,246" step="2"/><U57/><E114/><V76/><F36/><W8/><G111/><T65/><AGARI ba="0,1" hai="25,29,35,41,42,45,48,54,59,63,65,92,99,100" machi="65" ten="20,5200,0" yaku="1,1,2,1,0,1,7,1,53,0" doraHai="102" doraHaiUra="18" who="0" fromWho="0" sc="164,62,416,-13,164,-13,246,-26" /><INIT seed="4,0,0,3,4,45" ten="226,403,151,220" oya="0" hai0="70,61,97,98,36,33,29,94,53,81,44,32,74" hai1="129,117,82,4,66,80,54,108,92,5,109,122,1" hai2="65,51,31,128,87,113,67,123,79,17,39,126,55" hai3="133,15,9,25,100,104,107,89,63,105,131,130,116"/><T0/><D0/><U88/><E117/><V16/><F39/><W38/><G116/><T11/><D11/><U135/><E122/><V34/><F123/><W71/><G38/><T41/><D29/><U12/><E1/><V35/><F128/><W19/><G133/><T125/><D125/><U75/><E135/><V40/><F126/><W27/><G100/><T46/><D70/><U106/><E106/><V18/><F113/><W69/><G69/><T6/><D6/><U49/><E129/><N who="3" m="49162" /><G71/><T64/><D64/><U121/><E66/><V28/><F40/><W56/><G89/><T103/><D98/><U102/><E102/><V85/><F55/><AGARI ba="0,0" hai="9,15,19,25,27,55,56,63,104,105,107" m="49162" machi="55" ten="40,1300,0" yaku="19,1" doraHai="45" who="3" fromWho="2" sc="226,0,403,0,151,-13,220,13" /><INIT seed="5,0,0,1,3,9" ten="226,403,138,233" oya="1" hai0="58,75,109,65,124,3,110,44,71,5,12,118,119" hai1="70,130,62,30,80,120,73,88,94,97,22,50,127" hai2="54,103,126,79,125,16,134,19,72,39,10,48,55" hai3="41,15,128,77,114,89,53,51,92,105,104,20,121"/><U69/><E120/><V46/><F103/><W111/><G121/><T14/><D75/><U34/><E34/><V0/><F134/><W60/><G111/><N who="0" m="42507" /><D71/><U122/><E122/><V27/><F27/><W87/><G128/><T100/><D100/><U67/><E130/><V91/><F91/><W43/><G114/><T93/><D93/><U59/><E127/><N who="2" m="48651" /><F39/><W7/><G60/><T33/><D58/><U68/><E50/><N who="2" m="29015" /><F79/><W82/><G104/><T66/><D66/><U13/><E30/><V6/><F72/><W47/><G105/><T113/><D65/><U83/><E73/><V28/><F28/><W99/><G7/><T86/><D113/><U132/><REACH who="1" step="1"/><E132/><REACH who="1" ten="226,393,138,233" step="2"/><V36/><F36/><W112/><G112/><T45/><D33/><U1/><E1/><V31/><F31/><W85/><G51/><T8/><D3/><U84/><E84/><V11/><F11/><W95/><G87/><T61/><D86/><U107/><E107/><V35/><F35/><W24/><G85/><T49/><D8/><U40/><E40/><V2/><F2/><W21/><G43/><T106/><D124/><U101/><E101/><V90/><F90/><W117/><G41/><T102/><D106/><U32/><E32/><V74/><F74/><W116/><G116/><T64/><D102/><U17/><AGARI ba="0,1" hai="13,17,22,59,62,67,68,69,70,80,83,88,94,97" machi="17" ten="40,12000,1" yaku="1,1,0,1,52,1,54,1,53,0" doraHai="9" doraHaiUra="123" who="1" fromWho="1" sc="226,-40,393,130,138,-40,233,-40" /><INIT seed="5,1,0,3,2,73" ten="186,523,98,193" oya="1" hai0="16,87,110,45,82,68,37,60,9,29,93,6,12" hai1="7,36,128,50,39,116,55,77,130,46,11,64,32" hai2="53,23,15,21,41,84,57,101,132,126,44,91,92" hai3="123,94,90,134,48,107,78,52,59,104,122,103,58"/><U95/><E32/><V66/><F132/><W115/><G134/><T35/><D110/><U97/><E116/><V10/><F126/><W111/><G111/><T102/><D68/><U121/><E77/><V74/><F74/><W89/><G103/><T3/><D3/><U120/><E64/><V113/><F66/><W124/><G124/><T98/><D60/><U63/><E63/><V42/><F113/><W27/><G115/><T22/><D37/><U79/><E79/><V118/><F118/><W108/><G108/><T67/><D67/><U106/><E106/><V18/><F101/><W54/><G27/><N who="0" m="16631" /><D45/><U5/><E7/><V61/><F42/><W112/><G112/><T17/><D35/><U105/><E105/><V83/><REACH who="2" step="1"/><F92/><REACH who="2" ten="186,523,88,193" step="2"/><W19/><G107/><T8/><D102/><U25/><E95/><V99/><F99/><W2/><G104/><T135/><D93/><U133/><E97/><V100/><F100/><W51/><G94/><T119/><D98/><U26/><E133/><V125/><F125/><W20/><G123/><T62/><D119/><U0/><E120/><V76/><F76/><W31/><G78/><T88/><D135/><U71/><E121/><V14/><F14/><W43/><G43/><T24/><D82/><U47/><E128/><V81/><F81/><W80/><G122/><T13/><D12/><U72/><E130/><V70/><F70/><W129/><G129/><T38/><D13/><U96/><E71/><V1/><F1/><W86/><G2/><T117/><D117/><U40/><E0/><V34/><F34/><W28/><G89/><RYUUKYOKU ba="1,1" sc="186,-15,523,-15,88,15,193,15" hai2="10,15,18,21,23,41,44,53,57,61,83,84,91" hai3="19,20,28,31,48,51,52,54,58,59,80,86,90" /><INIT seed="6,2,1,5,3,130" ten="171,508,103,208" oya="2" hai0="88,123,109,4,126,1,64,81,32,17,41,26,48" hai1="125,128,103,95,85,12,42,22,72,37,60,106,115" hai2="10,110,54,52,47,46,122,127,25,14,134,118,6" hai3="9,36,78,49,57,67,24,90,73,62,53,18,69"/><V129/><F122/><W119/><G119/><T55/><D123/><U116/><E115/><V131/><F118/><W89/><G73/><T77/><D109/><U35/><E35/><V91/><F91/><W50/><G78/><T124/><D64/><U43/><E116/><V66/><F66/><W79/><G79/><T100/><D100/><U0/><E0/><V27/><F110/><W58/><G36/><T70/><D70/><U99/><E128/><N who="2" m="49227" /><F127/><N who="0" m="48682" /><D41/><U117/><E72/><V13/><F134/><W31/><G69/><T5/><D1/><U86/><E117/><V16/><F13/><W63/><G31/><N who="0" m="19575" /><D17/><N who="1" m="10535" /><E106/><V59/><F59/><W82/><G9/><T96/><D77/><U15/><E37/><V98/><F54/><W102/><G102/><T113/><D113/><U112/><E112/><V19/><F98/><W29/><G18/><N who="2" m="6697" /><F46/><W105/><G105/><T28/><D96/><U65/><E15/><V33/><F33/><W23/><G82/><T38/><D38/><U39/><E39/><V74/><F74/><W71/><G49/><AGARI ba="2,1" hai="6,10,14,25,27,47,49,52" m="6697,49227" machi="49" ten="30,5800,0" yaku="19,1,54,2" doraHai="130" who="2" fromWho="3" sc="171,0,508,0,103,74,208,-64" /><INIT seed="6,3,0,3,1,29" ten="171,508,177,144" oya="2" hai0="50,43,70,31,26,49,95,52,98,105,75,76,5" hai1="101,13,115,20,65,130,30,2,89,119,8,123,135" hai2="39,23,24,35,28,63,91,73,124,0,121,86,46" hai3="116,60,38,10,84,45,74,54,102,3,62,128,87"/><V82/><F121/><W117/><G128/><T108/><D108/><U6/><E65/><V133/><F23/><W88/><G102/><T56/><D105/><U1/><E101/><V83/><F63/><W68/><G74/><T109/><D70/><U42/><E42/><N who="2" m="22879" /><F91/><W25/><G84/><T106/><D106/><U99/><E99/><V61/><F86/><W71/><G71/><T93/><D109/><U15/><E89/><V90/><F90/><W32/><G68/><T94/><D5/><U17/><E119/><V118/><F83/><W7/><G62/><T40/><D98/><U27/><E123/><V132/><F61/><W127/><G127/><T16/><D50/><U104/><E104/><V36/><F36/><W126/><G126/><T92/><D92/><U33/><E135/><N who="2" m="51787" /><F124/><W134/><G134/><T11/><D76/><U122/><E122/><V80/><F82/><W77/><G77/><T58/><D75/><U37/><E37/><V22/><F22/><W44/><G44/><T4/><D56/><U120/><E120/><V131/><F0/><N who="1" m="105" /><E130/><V97/><F97/><W78/><G78/><T112/><D94/><U12/><E115/><V96/><F96/><W113/><G113/><T21/><D112/><U14/><AGARI ba="3,0" hai="6,8,12,13,14,15,17,20,27,30,33" m="105" machi="14" ten="30,12000,2" yaku="35,5,52,1" doraHai="29" who="1" fromWho="1" sc="171,-33,508,129,177,-63,144,-33" /><INIT seed="7,0,0,5,0,59" ten="138,637,114,111" oya="3" hai0="45,76,14,26,54,10,63,55,56,68,29,119,106" hai1="84,88,20,36,107,89,17,82,77,40,19,65,5" hai2="95,86,123,121,117,53,125,85,11,6,52,61,124" hai3="57,32,3,31,105,69,98,130,0,7,13,96,116"/><W51/><G69/><T23/><D106/><U102/><E5/><V2/><F117/><W113/><G116/><T115/><D119/><U60/><E107/><V92/><F11/><W44/><G32/><T81/><D68/><U94/><E36/><V75/><F6/><W21/><G130/><T111/><D115/><U70/><E40/><V9/><F9/><W72/><G72/><T93/><D93/><N who="2" m="35914" /><F75/><W42/><G113/><T38/><D111/><U41/><E41/><V58/><F2/><W28/><G3/><T39/><D45/><U8/><E8/><V128/><F53/><W126/><G0/><T64/><D38/><U24/><REACH who="1" step="1"/><E17/><REACH who="1" ten="138,627,114,111" step="2"/><V91/><F128/><W79/><G7/><T47/><D39/><U114/><E114/><V15/><F15/><W134/><G105/><T109/><D14/><U66/><E66/><V99/><F99/><AGARI ba="0,1" hai="19,20,24,60,65,70,77,82,84,88,89,94,99,102" machi="99" ten="40,5200,0" yaku="1,1,52,1,54,1,53,0" doraHai="59" doraHaiUra="100" who="1" fromWho="2" sc="138,0,627,62,114,-52,111,0" owari="138,-6.0,689,79.0,62,-44.0,111,-29.0" /></mjloggm>