<mjloggm ver="2.3"><GO type="41" lobby="0"/><UN n0="%E3%82%A6%E3%83%AB%E3%83%88%E3%83%A9%E7%AB%8B%E7%9B%B4" n1="%E7%99%BD%E9%BA%BA" n2="%E9%AB%98%E5%8E%9F%E4%B8%87%E8%91%89" n3="%E6%96%AC%E5%88%80%E7%AB%B9%E5%85%89" dan="16,13,15,13" rate="2051.61,1864.19,2061.44,1867.98" sx="M,M,F,M"/><TAIKYOKU oya="0"/><INIT seed="0,0,0,3,1,134" ten="250,250,250,250" oya="0" hai0="29,103,123,66,116,118,61,102,71,65,54,41,98" hai1="64,95,79,122,21,24,11,99,112,114,75,5,42" hai2="127,106,33,81,34,129,51,56,55,22,119,53,76" hai3="1,131,87,7,86,121,52,18,35,31,59,128,70"/><T15/><D123/><U109/><E122/><V130/><F106/><W60/><G121/><T10/><D102/><U17/><E75/><V117/><F22/><W2/><G70/><T88/><D65/><U62/><E79/><V13/><F13/><W72/><G72/><T37/><D41/><U4/><E42/><V85/><F55/><W111/><G111/><T125/><D37/><U83/><E83/><V113/><F113/><W105/><G105/><T32/><D54/><U84/><E84/><N who="3" m="32298" /><G31/><T47/><D47/><U89/><E109/><V133/><F133/><W82/><G35/><T73/><D73/><U45/><E45/><V46/><F46/><W28/><G28/><T90/><D116/><N who="2" m="44618" /><F127/><W78/><G18/><T6/><D125/><U58/><REACH who="1" step="1"/><E11/><REACH who="1" ten="250,240,250,250" step="2"/><V67/><F67/><W27/><G82/><T38/><D118/><U43/><E43/><V39/><F39/><W110/><G78/><T48/><D38/><U0/><E0/><V14/><F85/><W132/><G132/><T40/><D40/><U100/><E100/><V124/><F81/><W77/><G77/><T49/><D90/><U97/><E97/><V9/><F76/><W25/><G110/><T44/><D88/><U8/><E8/><V101/><F101/><W23/><G1/><T26/><REACH who="0" step="1"/><D44/><REACH who="0" ten="240,240,250,250" step="2"/><U3/><E3/><V80/><F80/><W30/><G2/><T94/><AGARI ba="0,2" hai="6,10,15,26,29,32,48,49,61,66,71,94,98,103" machi="94" ten="20,7800,0" yaku="1,1,2,1,0,1,7,1,53,0" doraHai="134" doraHaiUra="36" who="0" fromWho="0" sc="240,98,240,-26,250,-26,250,-26" /><INIT seed="0,1,0,5,2,6" ten="338,214,224,224" oya="0" hai0="57,89,127,99,32,60,62,41,11,72,28,8,47" hai1="117,33,63,75,2,14,69,81,0,101,102,74,76" hai2="113,92,116,40,95,86,128,29,58,16,71,44,23" hai3="135,39,82,66,22,64,119,9,98,24,52,87,5"/><T85/><D72/><N who="1" m="43143" /><E14/><V112/><F71/><W109/><G39/><T15/><D60/><U20/><E20/><V131/><F29/><W36/><G36/><T13/><D99/><U21/><E21/><V122/><F122/><W132/><G119/><T19/><D28/><U65/><E102/><V78/><F58/><W48/><G98/><T104/><D32/><U103/><E103/><V100/><F116/><W124/><G124/><T133/><D104/><U34/><E101/><V88/><F78/><W73/><G73/><N who="1" m="27658" /><E117/><V1/><F1/><AGARI ba="1,0" hai="0,1,2,33,34,63,65,69" m="27658,43143" machi="1" ten="30,2000,0" yaku="33,2" doraHai="6" who="1" fromWho="2" sc="338,0,214,23,224,-23,224,0" /><INIT seed="1,0,0,5,2,30" ten="338,237,201,224" oya="1" hai0="135,79,133,70,50,81,118,22,124,54,73,89,66" hai1="16,19,27,112,21,12,46,131,67,0,15,48,69" hai2="75,68,96,59,77,82,78,10,28,5,41,43,94" hai3="92,84,121,24,25,72,60,113,123,56,80,55,108"/><U74/><E74/><V71/><F77/><W97/><G113/><T120/><D118/><U62/><E0/><V129/><F129/><W37/><G37/><T128/><D66/><U130/><E112/><V111/><F111/><W99/><G108/><T127/><D70/><U49/><E49/><V44/><F59/><W90/><G72/><T122/><D22/><U33/><E33/><V7/><F7/><W57/><G99/><T116/><D116/><U40/><E19/><V34/><F43/><W13/><G13/><T2/><D2/><U87/><REACH who="1" step="1"/><E87/><REACH who="1" ten="338,227,201,224" step="2"/><V114/><F114/><W88/><G123/><T102/><D122/><U29/><E29/><V93/><F28/><W1/><G1/><T20/><D120/><U18/><E18/><V26/><F34/><W52/><G121/><T4/><D73/><U38/><E38/><V42/><F75/><W107/><G107/><T110/><D50/><AGARI ba="0,1" hai="24,25,50,52,55,56,57,60,80,84,88,90,92,97" machi="50" ten="30,7700,0" yaku="7,1,8,1,54,2" doraHai="30" who="3" fromWho="0" sc="338,-77,227,0,201,0,224,87" /><INIT seed="2,0,0,0,2,11" ten="261,227,201,311" oya="2" hai0="98,38,24,107,125,41,30,88,79,85,109,105,101" hai1="128,39,54,132,55,124,84,9,15,13,70,122,94" hai2="56,47,10,95,59,50,123,83,8,44,36,34,65" hai3="60,86,21,104,130,89,26,77,69,134,96,2,57"/><V45/><F34/><W18/><G69/><T127/><D109/><U108/><E70/><V110/><F123/><W43/><G134/><T119/><D119/><U103/><E39/><V126/><F36/><W68/><G68/><T35/><D105/><U90/><E122/><V17/><F126/><W46/><G130/><T81/><D41/><U5/><E128/><V78/><F95/><W6/><G2/><T28/><D38/><U112/><E112/><V75/><F110/><W62/><G6/><T52/><D30/><U4/><E132/><V20/><F59/><W61/><G77/><T73/><REACH who="0" step="1"/><D52/><REACH who="0" ten="251,227,201,311" step="2"/><U66/><E108/><V32/><F32/><W1/><G1/><T91/><D91/><U33/><E33/><V121/><F121/><W12/><G104/><T51/><D51/><U37/><E37/><V111/><F111/><W58/><G96/><T117/><D117/><U19/><E103/><V16/><F50/><N who="3" m="26975" /><G26/><T133/><D133/><U80/><E66/><V102/><F102/><W14/><G89/><T23/><D23/><N who="1" m="11759" /><E4/><V100/><F100/><W82/><G82/><AGARI ba="0,1" hai="24,28,35,73,79,81,82,85,88,98,101,107,125,127" machi="82" ten="40,2600,0" yaku="1,1,54,1,53,0" doraHai="11" doraHaiUra="42" who="0" fromWho="3" sc="251,36,227,0,201,0,311,-26" /><INIT seed="3,0,0,1,2,53" ten="287,227,201,285" oya="3" hai0="87,56,86,58,69,75,61,119,98,14,63,113,133" hai1="112,5,131,26,52,125,45,82,103,13,135,94,29" hai2="4,97,46,134,74,62,130,88,101,30,104,28,81" hai3="6,38,99,102,44,117,36,128,85,95,70,31,32"/><W123/><G128/><T72/><D69/><U71/><E71/><V54/><F130/><W20/><G123/><T111/><D119/><U67/><E131/><V100/><F4/><W19/><G117/><T93/><D113/><U55/><E112/><V47/><F101/><W9/><G70/><T51/><D51/><U66/><E125/><V124/><F124/><W80/><G31/><T96/><D14/><U110/><E110/><V115/><F115/><W90/><G32/><T41/><D41/><U76/><E135/><V116/><F134/><W18/><G44/><T16/><D133/><U1/><E1/><V132/><F132/><W122/><G122/><T0/><D93/><U83/><E45/><V7/><F7/><W11/><G11/><T77/><D77/><U129/><E129/><V60/><F116/><W78/><G19/><T33/><D16/><U92/><E5/><V40/><F47/><W84/><G9/><T37/><D33/><U50/><E13/><V25/><F30/><W57/><G6/><T91/><D91/><U27/><E50/><N who="2" m="29015" /><F40/><W3/><G3/><T107/><D0/><U127/><E127/><V35/><F74/><W121/><G121/><T114/><D114/><U34/><E34/><V120/><F120/><W15/><G102/><T79/><D37/><U64/><E103/><V12/><F12/><W106/><G106/><T109/><D79/><U65/><N who="1" m="16896" /><DORA hai="89" /><U8/><E8/><V21/><F35/><W22/><G22/><T105/><AGARI ba="0,0" hai="56,58,61,63,72,75,86,87,96,98,105,107,109,111" machi="105" ten="25,8000,1" yaku="0,1,22,2,52,2" doraHai="53,89" who="0" fromWho="0" sc="287,80,227,-20,201,-20,285,-40" /><INIT seed="4,0,0,4,3,51" ten="367,207,181,245" oya="0" hai0="121,64,37,10,84,31,12,13,126,107,28,6,96" hai1="133,82,34,100,68,61,132,44,30,66,27,58,135" hai2="94,117,59,78,89,98,43,108,1,69,0,115,23" hai3="46,7,16,53,4,91,134,3,87,22,125,39,122"/><T67/><D37/><U112/><E100/><V90/><F69/><W120/><G39/><T92/><D121/><N who="3" m="46697" /><G125/><T79/><D107/><U97/><E44/><V63/><F108/><W50/><G3/><T129/><D126/><U83/><E97/><V106/><F106/><W124/><G124/><T65/><D129/><U2/><E2/><V102/><F43/><W74/><G74/><T17/><D84/><U109/><E109/><V40/><F40/><W55/><G134/><T103/><REACH who="0" step="1"/><D79/><REACH who="0" ten="357,207,181,245" step="2"/><U118/><E118/><V88/><F78/><W75/><G75/><T101/><D101/><U80/><REACH who="1" step="1"/><E112/><REACH who="1" ten="357,197,181,245" step="2"/><V8/><F115/><W49/><G87/><T18/><D18/><U130/><E130/><V32/><F117/><W11/><G11/><AGARI ba="0,2" hai="6,10,11,12,13,17,28,31,64,65,67,92,96,103" machi="11" ten="40,3900,0" yaku="1,1,8,1,53,0" doraHai="51" doraHaiUra="119" who="0" fromWho="3" sc="357,59,197,0,181,0,245,-39" /><INIT seed="4,1,0,2,3,110" ten="416,197,181,206" oya="0" hai0="94,8,73,120,109,58,49,89,78,127,31,9,81" hai1="24,47,93,128,4,96,95,130,115,22,64,38,114" hai2="91,39,76,7,86,42,1,116,72,68,27,67,21" hai3="41,84,104,105,3,85,132,14,99,0,135,133,61"/><T118/><D120/><U54/><E4/><V77/><F116/><W129/><G41/><T46/><D118/><U59/><E64/><V33/><F33/><W12/><G61/><T52/><D109/><U26/><E47/><V79/><F67/><W28/><G28/><T43/><D31/><U20/><E38/><V121/><F68/><W32/><G32/><T107/><D107/><N who="3" m="41033" /><G99/><T60/><REACH who="0" step="1"/><D127/><REACH who="0" ten="406,197,181,206" step="2"/><U71/><E96/><AGARI ba="1,1" hai="8,9,43,46,49,52,58,60,73,78,81,89,94,96" machi="96" ten="30,11600,0" yaku="1,1,2,1,7,1,54,1,53,0" doraHai="110" doraHaiUra="108" who="0" fromWho="1" sc="406,129,197,-119,181,0,206,0" /><INIT seed="4,2,0,4,3,32" ten="535,78,181,206" oya="0" hai0="34,116,9,33,1,6,66,90,114,76,135,110,43" hai1="97,61,47,12,53,104,100,105,11,118,2,98,134" hai2="83,75,24,111,126,117,108,40,25,79,10,74,122" hai3="16,21,55,22,46,5,13,87,56,49,65,67,64"/><T89/><D116/><U115/><E118/><V129/><F117/><W91/><G5/><T85/><D110/><U131/><E131/><V28/><F122/><W52/><G55/><T29/><D135/><U93/><E134/><V119/><F119/><W62/><G22/><T130/><D130/><U71/><E71/><V120/><F120/><W99/><G99/><T57/><D114/><U23/><E23/><V68/><F68/><W3/><G3/><T132/><D132/><U31/><E31/><V15/><F129/><W73/><G73/><T45/><D76/><U107/><E115/><V50/><F25/><W103/><G103/><T106/><D106/><U60/><E60/><V109/><F126/><W58/><REACH who="3" step="1"/><G46/><REACH who="3" ten="535,78,181,196" step="2"/><T102/><D102/><U44/><E2/><V127/><F127/><W59/><G59/><T86/><D57/><U95/><E61/><V48/><F75/><W96/><G96/><T133/><D133/><U27/><E27/><V0/><F0/><W8/><G8/><T20/><D66/><U18/><REACH who="1" step="1"/><E53/><REACH who="1" ten="535,68,181,196" step="2"/><V81/><F111/><W112/><G112/><T101/><D20/><U4/><E4/><V35/><F109/><W17/><G17/><T63/><D63/><U41/><E41/><V124/><F40/><W88/><G88/><AGARI ba="2,2" hai="11,12,18,44,47,88,93,95,97,98,100,104,105,107" machi="88" ten="40,2600,0" yaku="1,1,54,1,53,0" doraHai="32" doraHaiUra="51" who="1" fromWho="3" sc="535,0,68,52,181,0,196,-32" /><INIT seed="5,0,0,5,5,86" ten="535,120,181,164" oya="1" hai0="61,58,13,25,123,38,125,129,133,65,20,80,90" hai1="88,114,94,19,29,71,100,112,47,60,81,115,3" hai2="49,113,6,68,110,45,41,34,101,67,18,22,8" hai3="30,89,10,96,55,127,70,64,59,32,24,83,15"/><U44/><E3/><V42/><F34/><W128/><G127/><T26/><D38/><U84/><E29/><V21/><F110/><W17/><G128/><T28/><D125/><U102/><E71/><V57/><F68/><W109/><G109/><T121/><D129/><U7/><E7/><V0/><F101/><N who="1" m="39017" /><E60/><V95/><F42/><W46/><G70/><T56/><D26/><U93/><E19/><V36/><F21/><W98/><G64/><T2/><D2/><U126/><E126/><V130/><F130/><W73/><G73/><T4/><D4/><U104/><E104/><V35/><F35/><W37/><G37/><T43/><D43/><U105/><E105/><V78/><F36/><W117/><G117/><T77/><D13/><U122/><E122/><V92/><F78/><W11/><G11/><T54/><D121/><U134/><E134/><V62/><F113/><N who="1" m="28929" /><U16/><DORA hai="48" /><E16/><V5/><REACH who="2" step="1"/><F6/><REACH who="2" ten="535,120,171,164" step="2"/><W99/><G46/><AGARI ba="0,1" hai="44,46,47,81,84,88,93,94" m="28929,39017" machi="46" ten="40,7700,0" yaku="15,1,52,1,54,1" doraHai="86,48" who="1" fromWho="3" sc="535,0,120,87,171,0,164,-77" /><INIT seed="5,1,0,0,0,11" ten="535,207,171,87" oya="1" hai0="83,1,90,13,77,130,81,41,85,79,57,67,52" hai1="71,75,68,47,76,70,110,7,10,5,9,72,53" hai2="18,12,74,114,84,36,32,132,124,126,23,107,38" hai3="78,31,44,16,51,29,48,4,63,82,64,106,129"/><U61/><E110/><V118/><F74/><W54/><G129/><T89/><D1/><U46/><E76/><V100/><F32/><W96/><G4/><N who="1" m="1610" /><E53/><V127/><F118/><W6/><G6/><T65/><D41/><U104/><E61/><V62/><F62/><W0/><G0/><T113/><D130/><U8/><E104/><V15/><F84/><W25/><G51/><T24/><D24/><U50/><E50/><V122/><F122/><W21/><G96/><T28/><D28/><U102/><E102/><V94/><F107/><W117/><G106/><T125/><D65/><U45/><AGARI ba="1,0" hai="8,9,10,45,46,47,68,70,71,72,75" m="1610" machi="45" ten="40,12000,1" yaku="29,2,28,2" doraHai="11" who="1" fromWho="1" sc="535,-41,207,123,171,-41,87,-41" /><INIT seed="5,2,0,3,2,78" ten="494,330,130,46" oya="1" hai0="42,86,19,118,44,122,131,95,28,89,18,39,34" hai1="30,64,87,26,29,11,100,24,10,72,108,49,60" hai2="40,46,45,62,129,106,20,74,107,123,14,56,101" hai3="93,17,76,99,128,53,110,5,15,98,66,135,77"/><U38/><E72/><V9/><F123/><W35/><G135/><T31/><D118/><U68/><E38/><V6/><F74/><W124/><G128/><T132/><D131/><U102/><E108/><V7/><F129/><W41/><G124/><T116/><D116/><U120/><E120/><V126/><F126/><W27/><G110/><T23/><D122/><U84/><E49/><V105/><F46/><W104/><G104/><T121/><D121/><U90/><E90/><V3/><F20/><W65/><G41/><T125/><D125/><U4/><E4/><V43/><F101/><W75/><G5/><T119/><D119/><U61/><E64/><V117/><F40/><W115/><G115/><T59/><D34/><U1/><REACH who="1" step="1"/><E68/><REACH who="1" ten="494,320,130,46" step="2"/><V112/><F7/><W70/><G70/><T22/><D132/><U82/><E82/><V47/><F117/><W109/><G109/><T71/><D71/><U133/><E133/><V16/><F112/><W127/><G127/><T92/><D39/><U52/><E52/><V33/><F6/><W36/><G53/><T81/><D42/><U69/><E69/><V55/><F43/><W2/><G66/><T48/><D81/><U25/><E25/><V88/><F3/><AGARI ba="2,1" hai="1,3,10,11,24,26,29,30,60,61,84,87,100,102" machi="3" ten="25,4800,0" yaku="1,1,22,2,53,0" doraHai="78" doraHaiUra="8" who="1" fromWho="2" sc="494,0,320,64,130,-54,46,0" /><INIT seed="5,3,0,0,5,134" ten="494,384,76,46" oya="1" hai0="49,130,60,92,7,128,11,58,27,40,115,53,129" hai1="80,50,4,118,47,26,119,116,33,9,59,54,122" hai2="24,75,29,108,124,43,70,30,98,44,73,84,86" hai3="31,14,126,101,41,72,97,36,65,25,62,94,103"/><U52/><E122/><V133/><F70/><W74/><G103/><T114/><D27/><U34/><E26/><V117/><F117/><W95/><G95/><T76/><D76/><U57/><E80/><V131/><F108/><W109/><G14/><T99/><D40/><U71/><E47/><V15/><F133/><W17/><G17/><T20/><D49/><U106/><E71/><V63/><F63/><W121/><G121/><T93/><D20/><U107/><E107/><V105/><F15/><W28/><G28/><T38/><D38/><U135/><E106/><V0/><F0/><W16/><G16/><T21/><D21/><U102/><E102/><V46/><F43/><W67/><G67/><T45/><D45/><U56/><E135/><V19/><F24/><W91/><G91/><N who="0" m="55711" /><D93/><U78/><E78/><V104/><F98/><W96/><G96/><T89/><D89/><U13/><REACH who="1" step="1"/><E50/><REACH who="1" ten="494,374,76,46" step="2"/><V90/><F105/><W3/><G101/><T79/><D79/><U68/><E68/><V10/><F104/><W12/><G36/><T22/><D22/><U69/><E69/><V88/><F10/><W64/><G72/><T100/><D100/><U112/><E112/><V61/><F75/><W39/><G74/><T55/><D115/><U1/><E1/><V85/><F73/><W111/><G39/><T66/><D114/><U42/><E42/><V18/><F44/><W5/><G41/><T8/><D8/><U87/><E87/><V125/><F46/><W132/><G3/><AGARI ba="3,1" hai="3,7,11,53,55,58,60,66,128,129,130" m="55711" machi="3" ten="30,1000,0" yaku="19,1" doraHai="134" who="0" fromWho="3" sc="494,29,374,0,76,0,46,-19" /><INIT seed="6,0,0,2,3,45" ten="523,374,76,27" oya="2" hai0="102,20,95,73,110,118,56,49,19,64,53,33,14" hai1="132,41,71,40,126,60,134,89,63,27,7,2,30" hai2="111,31,125,84,43,120,57,88,117,82,55,69,74" hai3="32,26,78,127,58,1,105,72,92,119,36,62,96"/><V18/><F69/><W16/><G119/><T76/><D33/><U90/><E2/><V47/><F117/><W116/><G127/><T34/><D34/><U10/><E7/><V51/><F125/><W5/><G116/><T25/><D110/><U9/><E126/><V113/><F74/><W106/><G36/><T21/><D118/><U91/><E71/><V13/><F120/><W129/><G129/><T130/><D130/><U4/><E4/><V135/><F135/><N who="1" m="51753" /><E30/><V38/><F31/><W87/><G72/><T65/><D76/><U104/><E27/><V44/><F113/><W0/><G32/><T54/><D73/><U28/><E28/><V124/><F124/><W133/><G133/><T85/><D21/><U39/><E104/><V109/><REACH who="2" step="1"/><F57/><REACH who="2" ten="523,374,66,27" step="2"/><W52/><G106/><T68/><D68/><U66/><E39/><V101/><F101/><W46/><G105/><T48/><D102/><U121/><E121/><V75/><F75/><W128/><G128/><T35/><D56/><U23/><E23/><AGARI ba="0,1" hai="13,18,23,38,43,44,47,51,55,82,84,88,109,111" machi="23" ten="40,12000,1" yaku="1,1,52,1,54,1,53,1" doraHai="45" doraHaiUra="81" who="2" fromWho="1" sc="523,0,374,-120,66,130,27,0" /><INIT seed="6,1,0,2,5,64" ten="523,254,196,27" oya="2" hai0="93,34,31,76,27,46,119,60,81,77,63,39,41" hai1="130,98,83,82,84,59,123,53,14,65,37,10,19" hai2="104,121,128,29,55,95,107,111,102,125,109,2,38" hai3="3,69,113,33,108,117,51,57,134,36,89,20,88"/><V45/><F2/><W49/><G33/><T73/><D119/><U91/><E37/><V135/><F121/><W120/><G36/><T54/><D54/><U1/><E1/><V78/><F78/><W32/><G32/><T74/><D93/><U131/><E123/><V18/><F29/><W43/><G3/><T50/><D50/><U96/><E65/><V13/><F38/><W7/><G120/><T23/><D23/><U106/><E82/><AGARI ba="1,0" hai="27,31,34,39,41,46,60,63,73,74,76,77,81,82" machi="82" ten="40,1300,0" yaku="9,1" doraHai="64" who="0" fromWho="1" sc="523,16,254,-16,196,0,27,0" /><INIT seed="7,0,0,1,5,21" ten="539,238,196,27" oya="3" hai0="24,111,84,15,57,38,66,6,129,124,135,88,28" hai1="19,61,37,89,59,13,123,17,63,109,40,78,22" hai2="62,73,113,106,18,91,5,100,45,127,60,121,95" hai3="14,0,54,117,101,23,125,46,81,134,128,52,86"/><W102/><G117/><T74/><D38/><U133/><E37/><V75/><F121/><W9/><G128/><T107/><D107/><U99/><E40/><V39/><F113/><W35/><G134/><T93/><D74/><U82/><E133/><V119/><F119/><W49/><G125/><T65/><D124/><U126/><E126/><V108/><F127/><W72/><G72/><T90/><D135/><U76/><E109/><V48/><F108/><W12/><G35/><T83/><D111/><U8/><E123/><V114/><F114/><W25/><G0/><T47/><D47/><U43/><E43/><V7/><F39/><W122/><G122/><T77/><D77/><U130/><E130/><V36/><F36/><W16/><G54/><T3/><D3/><U53/><E63/><V1/><F1/><W87/><G14/><T56/><D129/><U51/><E51/><V98/><F75/><W30/><G87/><T70/><D70/><U34/><E34/><V27/><F73/><W31/><REACH who="3" step="1"/><G30/><REACH who="3" ten="539,238,196,17" step="2"/><T92/><D15/><U67/><E67/><V131/><F131/><W55/><G55/><T4/><D28/><U11/><E53/><V85/><F7/><W71/><G71/><T33/><D33/><U116/><E116/><V112/><F5/><W96/><G96/><T42/><D84/><U118/><E99/><V104/><F112/><W50/><G50/><T132/><D132/><U10/><E118/><V2/><F2/><W69/><G69/><T97/><D97/><U44/><E13/><V58/><F98/><W110/><G110/><T68/><D68/><RYUUKYOKU ba="0,1" sc="539,-10,238,-10,196,-10,17,30" hai3="9,12,16,23,25,31,46,49,52,81,86,101,102" /><INIT seed="7,1,1,5,4,100" ten="529,228,186,47" oya="3" hai0="118,104,85,79,78,33,116,25,49,112,23,86,91" hai1="117,123,80,101,94,102,57,81,75,124,93,95,55" hai2="30,39,126,113,20,74,21,50,19,31,15,65,22" hai3="4,87,11,42,9,69,83,3,18,48,58,44,12"/><W56/><REACH who="3" step="1"/><G69/><REACH who="3" ten="529,228,186,37" step="2"/><T38/><D116/><U61/><E117/><V125/><F113/><W16/><G16/><T0/><D118/><U6/><E6/><V130/><F130/><W111/><G111/><T106/><D112/><U120/><E124/><V52/><F126/><W119/><G119/><T26/><D33/><U54/><E75/><V35/><F74/><W1/><G1/><T88/><D0/><U46/><E123/><V99/><F125/><W67/><G67/><T68/><D68/><U14/><E120/><V132/><F65/><W92/><G92/><T51/><D23/><U76/><E95/><V72/><F72/><W122/><G122/><T90/><D85/><U135/><E94/><V103/><F35/><W62/><G62/><T134/><D86/><U36/><E93/><N who="2" m="58863" /><F22/><W70/><G70/><T98/><D98/><U32/><E32/><V60/><F21/><W133/><G133/><T29/><D134/><U2/><E135/><V34/><F34/><W5/><G5/><T10/><D29/><N who="2" m="10762" /><F132/><W66/><G66/><T59/><D10/><U64/><E64/><V82/><F82/><W53/><G53/><T109/><D109/><U131/><E81/><V27/><F60/><W28/><G28/><T47/><D59/><U114/><E80/><V129/><F129/><W8/><G8/><T45/><D45/><U107/><E46/><N who="2" m="27735" /><F39/><W43/><G43/><T110/><D47/><U84/><E36/><V77/><F77/><AGARI ba="1,2" hai="3,4,9,11,12,18,42,44,48,56,58,77,83,87" machi="77" ten="30,5800,0" yaku="21,2,7,1,53,0" doraHai="100" doraHaiUra="105" who="3" fromWho="2" sc="529,0,228,0,186,-61,37,81" /><INIT seed="7,2,0,4,5,127" ten="529,228,125,118" oya="3" hai0="89,53,112,78,39,50,19,71,79,13,43,123,68" hai1="62,63,48,96,77,102,85,86,27,92,72,106,49" hai2="107,61,74,131,32,0,51,3,121,108,100,35,65" hai3="52,14,115,11,64,76,130,135,117,128,116,1,103"/><W29/><G1/><T46/><D123/><U69/><E72/><V23/><F51/><W81/><G64/><T34/><D34/><N who="2" m="12842" /><F23/><W12/><G29/><T30/><D30/><U66/><E62/><V134/><F108/><W124/><G135/><T94/><D112/><U82/><E27/><V37/><F134/><W98/><G124/><T113/><D113/><U75/><E86/><V125/><F125/><W56/><G115/><T118/><D118/><N who="3" m="45673" /><G11/><T41/><D71/><U31/><E31/><V95/><F95/><N who="3" m="58847" /><G81/><T110/><D68/><U101/><E101/><V80/><F121/><W132/><G76/><N who="0" m="29227" /><D110/><U17/><E17/><V9/><F9/><W42/><G42/><T60/><D39/><U67/><E67/><V70/><F37/><W73/><G73/><T6/><D6/><U21/><E21/><V25/><F131/><N who="3" m="50219" /><G132/><T88/><D43/><U99/><E99/><N who="2" m="61855" /><F80/><W111/><G111/><T15/><D41/><U24/><E24/><V5/><F74/><W104/><G104/><T129/><D129/><U26/><E26/><V133/><F133/><W57/><G57/><T2/><D2/><N who="2" m="554" /><F25/><W120/><G120/><T16/><D15/><U7/><E7/><V40/><F5/><W55/><G55/><T54/><D13/><U122/><E122/><V8/><F8/><W59/><G59/><N who="0" m="34927" /><D94/><U18/><E18/><AGARI ba="2,0" hai="16,18,19,46,50,54,88,89" m="34927,29227" machi="18" ten="30,3900,0" yaku="8,1,54,2" doraHai="127" who="0" fromWho="1" sc="529,45,228,-45,125,0,118,0" owari="574,67.0,183,-2.0,125,-27.0,118,-38.0" /></mjloggm>