<mjloggm ver="2.3"><GO type="41"/><UN n0="%6B%61%33%6B%61%33%38%39" n1="%4B%61%6E%6A%69" n2="%E3%82%82%E3%81%A3%E3%81%97%E3%83%BC" n3="%E3%82%A6%E3%83%AB%E3%83%88%E3%83%A9%E7%AB%8B%E7%9B%B4" dan="15,13,13,15" rate="1935,1834,1847,2007" sx="M,M,M,M"/><TAIKYOKU oya="0"/><INIT seed="0,0,0,5,3,36" ten="250,250,250,250" oya="0" hai0="77,125,113,101,92,6,62,63,119,47,15,18,85" hai1="23,19,27,37,75,109,105,100,32,24,117,107,48" hai2="64,57,28,80,102,115,39,10,91,131,5,94,16" hai3="95,90,55,122,108,51,58,134,110,82,69,133,13"/><T116/><D113/><U78/><E37/><V52/><F115/><W54/><G82/><T132/><D125/><U29/><E117/><V73/><F28/><W45/><G13/><T83/><D132/><N who="3" m="50793" /><G90/><T98/><D119/><U56/><E109/><N who="3" m="42090" /><G95/><T46/><D116/><U38/><E38/><V126/><F126/><W7/><G7/><T60/><D6/><U65/><E100/><V129/><F73/><W14/><G14/><T40/><D47/><U72/><E75/><V59/><F39/><W12/><G12/><T8/><D63/><U104/><E72/><V112/><F112/><W79/><G79/><T70/><D70/><U35/><E78/><V71/><F71/><W81/><G81/><T41/><D46/><U123/><E35/><V50/><F80/><W118/><G69/><T17/><D17/><U34/><E34/><V106/><F106/><W67/><G118/><T30/><D30/><U21/><E32/><V26/><F102/><W120/><G67/><T88/><D62/><AGARI ba="0,0" hai="45,51,54,55,58,62,120,122" m="42090,50793" machi="62" ten="30,7700,0" yaku="20,1,14,1,34,2" doraHai="36" who="3" fromWho="0" sc="250,-77,250,0,250,0,250,77" /><INIT seed="1,0,0,2,1,130" ten="173,250,250,327" oya="1" hai0="81,124,97,108,41,99,114,116,125,66,5,112,33" hai1="115,68,55,35,51,25,120,131,127,30,36,58,63" hai2="101,64,34,95,16,3,42,93,54,65,100,20,28" hai3="78,56,43,59,133,18,96,86,71,29,109,70,0"/><U85/><E131/><V37/><F3/><W57/><G0/><T76/><D33/><U84/><E120/><V9/><F37/><W27/><G109/><T47/><D66/><U89/><E115/><N who="0" m="44073" /><D5/><U46/><E127/><N who="0" m="48713" /><D47/><U44/><E44/><V11/><F42/><W105/><G43/><T77/><D41/><N who="1" m="22823" /><E89/><V38/><F38/><W91/><G78/><N who="0" m="30315" /><D108/><U106/><E106/><V1/><F1/><W53/><G18/><T80/><D116/><U121/><E121/><V45/><F34/><W24/><G24/><T4/><D4/><U110/><E110/><V126/><F126/><W111/><G111/><T92/><D92/><U102/><E102/><V21/><F28/><W123/><G29/><T60/><D60/><U14/><E14/><V122/><F122/><W87/><G27/><T17/><D17/><U119/><E119/><V67/><F45/><W10/><G123/><T8/><D8/><N who="2" m="3146" /><F54/><W135/><G10/><T132/><D132/><N who="3" m="50761" /><G53/><T19/><D19/><U79/><E79/><V48/><F16/><W82/><G59/><T104/><D104/><U7/><E7/><V40/><F40/><W15/><G57/><T52/><D52/><U62/><E63/><V103/><F48/><W72/><G56/><T69/><D69/><U83/><E83/><AGARI ba="0,0" hai="80,81,83,97,99" m="30315,48713,44073" machi="83" ten="40,8000,1" yaku="28,2,18,1,34,2" doraHai="130" who="0" fromWho="1" sc="173,80,250,-80,250,0,327,0" /><INIT seed="2,0,0,5,1,65" ten="253,170,250,327" oya="2" hai0="116,55,45,21,9,18,107,119,123,104,38,112,10" hai1="58,17,15,84,13,118,61,20,111,109,47,99,100" hai2="44,37,76,1,14,125,24,75,52,53,133,67,35" hai3="110,127,8,66,103,6,42,16,91,90,25,96,117"/><V28/><F1/><W72/><G117/><N who="0" m="45131" /><D112/><U126/><E118/><V43/><F133/><W49/><G72/><T95/><D123/><U77/><E126/><V92/><F125/><W64/><G127/><T29/><D29/><U97/><E47/><V106/><F106/><N who="0" m="40490" /><D95/><U50/><E50/><V0/><F0/><W73/><G73/><T108/><D108/><N who="1" m="41547" /><E77/><V132/><F132/><W26/><G110/><T81/><D81/><U19/><E84/><V31/><F31/><W135/><G135/><T122/><D122/><U80/><E80/><V69/><F92/><N who="3" m="58759" /><G6/><T56/><D45/><U70/><E70/><V12/><F76/><W40/><G66/><T33/><D33/><U32/><E32/><V36/><F75/><W78/><G64/><T114/><D114/><U88/><E100/><V105/><F105/><W4/><G78/><T30/><D30/><U86/><E19/><V2/><F2/><W102/><G102/><T101/><D101/><U134/><E15/><V59/><F36/><W68/><G68/><T27/><D38/><U93/><E134/><V57/><F69/><W5/><G42/><T23/><D23/><U71/><E71/><V121/><F121/><W89/><G40/><T83/><D83/><U79/><E79/><V41/><F41/><W124/><G124/><T34/><D34/><U130/><E130/><V131/><F131/><W128/><G128/><T94/><D94/><U7/><E7/><N who="3" m="2634" /><G49/><AGARI ba="0,0" hai="9,10,18,21,27,49,55,56" m="40490,45131" machi="49" ten="30,1000,0" yaku="12,1" doraHai="65" who="0" fromWho="3" sc="253,10,170,0,250,0,327,-10" /><INIT seed="3,0,0,0,0,8" ten="263,170,250,317" oya="3" hai0="39,49,133,112,94,96,71,129,131,59,5,130,48" hai1="21,72,134,35,11,12,60,9,122,56,109,46,51" hai2="88,75,125,43,100,27,104,53,86,121,79,36,105" hai3="32,25,135,58,102,124,120,55,52,1,24,106,77"/><W26/><G120/><T97/><D39/><U38/><E72/><V47/><F121/><W92/><G106/><T68/><D5/><U6/><E122/><V132/><F125/><W40/><G32/><T29/><D29/><U111/><E35/><V123/><F123/><W117/><G1/><T17/><D17/><U13/><E38/><V22/><F132/><W61/><G117/><T57/><D133/><U128/><E134/><V80/><F53/><W101/><G124/><T28/><D28/><U4/><E21/><V118/><F118/><W116/><G116/><T31/><D31/><U89/><E89/><V82/><REACH who="2" step="1"/><F100/><REACH who="2" step="2"/><W85/><G135/><T19/><D112/><U20/><E128/><V41/><F41/><W62/><G40/><T64/><D130/><U113/><E113/><V99/><F99/><N who="3" m="59623" /><G102/><T30/><D129/><U108/><E20/><V10/><F10/><W126/><G126/><T114/><D114/><U2/><E2/><V45/><F45/><W66/><G62/><T23/><D131/><U115/><E115/><V119/><F119/><W16/><G55/><T110/><D97/><U78/><E78/><V84/><F84/><W98/><G98/><T33/><D96/><U93/><E93/><V18/><AGARI ba="0,1" hai="18,22,27,36,43,47,75,79,80,82,86,88,104,105" machi="18" ten="20,8000,1" yaku="1,1,0,1,7,1,54,1,53,1" doraHai="8" doraHaiUra="83" who="2" fromWho="2" sc="263,-20,170,-20,240,90,317,-40" /><INIT seed="4,0,0,0,3,32" ten="243,150,330,277" oya="0" hai0="23,135,35,46,0,11,44,79,50,56,124,84,9" hai1="111,83,4,109,16,25,63,19,91,131,112,13,73" hai2="114,33,52,110,95,24,26,88,28,43,67,102,74" hai3="27,71,15,126,82,42,96,132,130,2,55,66,10"/><T14/><D35/><U100/><E112/><V34/><F110/><W128/><G66/><T122/><D122/><U113/><E113/><V104/><F74/><W51/><G71/><T1/><D135/><U123/><E123/><V49/><F43/><W98/><G42/><T72/><D124/><U81/><E131/><N who="3" m="50218" /><G126/><T64/><D72/><U61/><E100/><V39/><F114/><W45/><G132/><T7/><D44/><U117/><E73/><V121/><F39/><W119/><G119/><T57/><D23/><U38/><E38/><V129/><F129/><W69/><G69/><T90/><D56/><U36/><E36/><V106/><F121/><W92/><G82/><T103/><D103/><U105/><E13/><V120/><F67/><W18/><G27/><T86/><D86/><U53/><E25/><V29/><F102/><N who="3" m="60679" /><G98/><T21/><D21/><U101/><E101/><V17/><F17/><W80/><G80/><T3/><D79/><U78/><E78/><V47/><F120/><W60/><G60/><T116/><D116/><U94/><E117/><V99/><AGARI ba="0,0" hai="24,26,28,29,33,34,47,49,52,88,95,99,104,106" machi="99" ten="20,8000,1" yaku="0,1,7,1,9,1,54,2" doraHai="32" who="2" fromWho="2" sc="243,-40,150,-20,330,80,277,-20" /><INIT seed="5,0,0,3,2,108" ten="203,130,410,257" oya="1" hai0="49,123,130,40,77,120,50,76,23,28,68,88,37" hai1="55,14,43,66,65,7,115,122,75,64,97,25,114" hai2="32,100,53,18,125,19,42,90,132,121,30,24,34" hai3="16,94,92,96,91,78,61,39,0,70,45,101,1"/><U11/><E75/><V33/><F121/><N who="0" m="46666" /><D68/><U79/><E122/><V81/><F42/><W31/><G31/><T59/><D130/><U85/><E43/><V62/><F100/><W116/><G116/><T5/><D5/><U69/><E69/><V129/><F129/><W80/><G45/><N who="0" m="25767" /><D37/><U111/><E111/><V124/><F132/><W74/><G61/><T41/><D41/><U72/><E72/><V71/><F71/><W106/><G70/><T131/><D131/><U4/><E97/><V6/><F6/><W26/><G39/><T36/><D36/><U20/><E55/><V2/><F2/><W82/><G1/><T133/><D133/><U118/><E118/><V51/><F62/><W104/><G0/><T46/><D46/><U21/><E4/><V57/><F34/><W102/><G16/><T117/><D117/><U47/><E47/><V98/><F33/><W87/><G26/><N who="0" m="16479" /><D88/><U84/><E21/><V112/><F32/><W93/><G106/><T63/><D50/><U109/><E109/><V29/><F51/><W67/><G67/><AGARI ba="0,0" hai="59,63,67,76,77" m="16479,25767,46666" machi="67" ten="30,1000,0" yaku="13,1" doraHai="108" who="0" fromWho="3" sc="203,10,130,0,410,0,257,-10" /><INIT seed="6,0,0,4,0,61" ten="213,130,410,247" oya="2" hai0="134,21,23,100,39,106,97,135,30,121,33,9,49" hai1="92,77,5,3,85,109,15,131,99,94,41,40,67" hai2="95,81,62,65,8,46,55,72,102,115,13,35,132" hai3="58,28,107,93,103,27,57,111,4,108,129,25,18"/><V34/><F132/><N who="0" m="50730" /><D121/><U98/><E3/><V73/><F115/><W89/><G129/><T22/><D39/><U51/><E131/><V117/><F117/><W68/><G68/><T1/><D49/><U125/><E125/><V118/><F118/><W37/><G37/><T112/><D112/><U66/><E109/><V123/><F123/><W104/><G4/><N who="0" m="1167" /><D33/><U91/><E5/><V88/><F35/><W101/><G18/><T110/><D110/><U63/><E63/><V17/><F34/><W6/><G93/><T7/><D7/><U124/><E124/><V45/><F102/><W38/><G6/><T26/><AGARI ba="0,0" hai="21,22,23,26,30,97,100,106" m="1167,50730" machi="26" ten="30,1100,0" yaku="20,1" doraHai="61" who="0" fromWho="0" sc="213,11,130,-3,410,-5,247,-3" /><INIT seed="7,0,0,4,1,91" ten="224,127,405,244" oya="3" hai0="23,110,83,57,8,101,71,54,119,39,86,92,56" hai1="32,77,40,35,67,44,5,53,68,133,123,99,21" hai2="61,48,106,87,79,52,114,15,63,124,19,16,65" hai3="20,128,12,37,112,74,22,2,66,69,102,95,134"/><W4/><G74/><T47/><D119/><U108/><E123/><V9/><F106/><W90/><G37/><T28/><D71/><U121/><E121/><V7/><F114/><W81/><G112/><T85/><D110/><U42/><E35/><V31/><F31/><W36/><G36/><T111/><D111/><U103/><E32/><V100/><F100/><W30/><G2/><T80/><D39/><U127/><E108/><V115/><F115/><W126/><G69/><T18/><D8/><U96/><E127/><V6/><F124/><W89/><G126/><T51/><D28/><U75/><E75/><V55/><F6/><W107/><G107/><T45/><D45/><U10/><E133/><V73/><F73/><W29/><G134/><T135/><D135/><U41/><E68/><V50/><F79/><W82/><G128/><T93/><D101/><U84/><E67/><V88/><F65/><W105/><G66/><T17/><D47/><U70/><E70/><V14/><F7/><W113/><G105/><T60/><D23/><N who="3" m="8745" /><G113/><T116/><D116/><U130/><E130/><V120/><F120/><W13/><G102/><T58/><D58/><U0/><E21/><V25/><F9/><N who="3" m="4135" /><G13/><T125/><D125/><U62/><E84/><V33/><F87/><N who="3" m="50415" /><G82/><T132/><D132/><U98/><E77/><V78/><F78/><W72/><G72/><T118/><D118/><U59/><E44/><V129/><F129/><W46/><G46/><T104/><D104/><U38/><E38/><V1/><F1/><W97/><AGARI ba="0,0" hai="29,30,90,95,97" m="50415,4135,8745" machi="97" ten="30,3000,0" yaku="8,1,52,1" doraHai="91" who="3" fromWho="3" sc="224,-10,127,-10,405,-10,244,30" /><INIT seed="7,1,0,0,4,11" ten="214,117,395,274" oya="3" hai0="88,76,91,63,85,38,78,7,46,4,24,2,105" hai1="58,75,135,86,132,126,42,56,40,31,5,52,102" hai2="114,0,116,79,49,35,68,17,134,41,6,34,101" hai3="27,104,120,62,10,13,80,8,72,118,16,117,37"/><W22/><G120/><T15/><D105/><U131/><E75/><V96/><F116/><W97/><G37/><T87/><D2/><U64/><E102/><V48/><F68/><W73/><G73/><T83/><D38/><U43/><E31/><V115/><F134/><N who="1" m="51241" /><E5/><N who="0" m="2121" /><D24/><U100/><E100/><V65/><F65/><W57/><G104/><T23/><D63/><N who="1" m="37991" /><E86/><V123/><F123/><W12/><G117/><T1/><D1/><U19/><E19/><V124/><F124/><W28/><G118/><T90/><D46/><U47/><E126/><V55/><F0/><W98/><G72/><T51/><D51/><N who="1" m="31007" /><E131/><V60/><F6/><N who="3" m="3095" /><G80/><N who="0" m="49191" /><D78/><U127/><E127/><V14/><F79/><W129/><G129/><T106/><D106/><U82/><E82/><V50/><F35/><W121/><G121/><T32/><D32/><U53/><E53/><AGARI ba="1,0" hai="10,13,16,22,27,28,53,57,62,97,98" m="3095" machi="53" ten="30,11600,0" yaku="8,1,52,2,54,1" doraHai="11" who="3" fromWho="1" sc="214,0,117,-119,395,0,274,119" owari="214,-19,-2,-50,395,50,393,19" /></mjloggm>