<mjloggm ver="2.3"><GO type="169" lobby="0"/><UN n0="%E3%82%8A%E3%81%A8%E3%82%8B%E3%80%82%E3%80%82" n1="%56%65%6E%75%73%53%61%79" n2="%50%72%6F%66%2E%47%33" n3="%EF%BC%88%E2%89%A7%E2%96%BD%E2%89%A6%EF%BC%89" dan="16,18,16,17" rate="2078,2151,2049,2126" sx="M,M,M,M"/><TAIKYOKU oya="0"/><INIT seed="0,0,0,4,5,72" ten="250,250,250,250" oya="0" hai0="70,33,61,30,107,31,81,130,50,19,11,106,62" hai1="56,71,132,32,27,20,12,108,1,125,5,118,64" hai2="114,103,24,4,116,46,78,41,89,43,134,39,87" hai3="115,57,23,133,13,88,51,52,84,29,14,128,79"/><T6/><D130/><U86/><E71/><V3/><F114/><W95/><G115/><T35/><D19/><N who="1" m="10343" /><E64/><V17/><F116/><W102/><G133/><T100/><D50/><U109/><E56/><V101/><F134/><W126/><G126/><T113/><D113/><U104/><E104/><V7/><F3/><W121/><G121/><T127/><D127/><U135/><E86/><V68/><F68/><W38/><G38/><T131/><D131/><U99/><E99/><V76/><F24/><N who="3" m="16543" /><G128/><T9/><D70/><U54/><E54/><V119/><F17/><W49/><G102/><N who="2" m="38921" /><F46/><W2/><G2/><T111/><D100/><U22/><E125/><V85/><F39/><W42/><G79/><N who="2" m="30249" /><F119/><W67/><G67/><T105/><D105/><U34/><E118/><V92/><F87/><W15/><G42/><AGARI ba="0,0" hai="4,7,41,42,43,85,89,92" m="30249,38921" machi="42" ten="30,7700,0" yaku="8,1,52,3" doraHai="72" who="2" fromWho="3" sc="250,0,250,0,250,77,250,-77" /><INIT seed="1,0,0,1,4,107" ten="250,250,327,173" oya="1" hai0="8,81,125,10,21,4,73,25,38,5,15,79,33" hai1="69,93,35,30,6,108,84,112,123,1,121,127,36" hai2="18,99,12,43,17,34,41,40,37,56,46,90,32" hai3="48,2,78,9,53,113,63,100,119,88,68,51,102"/><U129/><RYUUKYOKU type="yao9" ba="0,0" sc="250,0,250,0,327,0,173,0" hai1="1,6,30,35,36,69,84,93,108,112,121,123,127,129" /><INIT seed="1,1,0,5,4,123" ten="250,250,327,173" oya="1" hai0="37,1,58,52,61,2,112,63,78,20,65,86,106" hai1="6,3,104,85,134,19,129,122,31,75,90,49,8" hai2="24,110,74,111,116,84,13,39,30,72,71,118,80" hai3="68,21,44,124,131,101,15,88,17,83,56,34,28"/><U36/><E36/><V126/><F126/><W98/><G68/><T5/><D37/><U73/><E122/><V42/><F71/><W114/><G114/><T99/><D112/><U119/><E104/><V46/><F13/><W51/><G131/><T89/><D78/><U113/><E119/><N who="2" m="45611" /><F84/><W7/><G124/><T12/><D106/><U120/><E134/><V102/><F102/><W81/><G7/><T121/><D99/><U93/><E129/><V48/><F48/><W62/><G34/><T76/><D76/><U82/><E120/><V59/><F59/><W108/><G28/><T66/><D66/><U109/><E31/><V33/><F80/><W35/><G35/><T70/><D121/><U18/><E113/><V22/><F22/><W43/><G88/><T133/><D133/><U50/><E82/><V41/><F41/><W128/><G128/><T55/><D55/><U60/><E50/><V127/><F127/><W14/><G14/><T38/><D38/><U103/><E49/><V45/><F45/><W132/><G132/><T16/><REACH who="0" step="1"/><D5/><REACH who="0" ten="240,250,327,173" step="2"/><U130/><E130/><V96/><F96/><W4/><G4/><T100/><D100/><U135/><E103/><V23/><F23/><W54/><G98/><T92/><AGARI ba="1,1" hai="1,2,12,16,20,52,58,61,63,65,70,86,89,92" machi="92" ten="20,8000,1" yaku="1,1,0,1,7,1,54,2,53,0" doraHai="123" doraHaiUra="125" who="0" fromWho="0" sc="240,93,250,-41,327,-21,173,-21" /><INIT seed="2,0,0,4,4,99" ten="333,209,306,152" oya="2" hai0="15,32,42,37,135,10,86,134,97,78,91,6,52" hai1="35,81,13,1,119,33,77,19,102,57,27,39,70" hai2="125,51,5,130,115,44,85,48,100,94,36,84,96" hai3="23,90,64,50,9,83,122,132,117,79,87,113,30"/><V69/><F115/><W89/><G122/><T107/><D32/><U18/><E70/><V0/><F125/><W124/><G117/><T62/><D78/><U11/><E39/><V82/><F130/><W116/><G116/><T120/><D120/><U65/><E1/><V126/><F126/><W112/><G124/><T95/><D37/><U45/><E119/><V76/><F69/><W25/><G132/><N who="0" m="50731" /><D42/><U114/><E114/><N who="3" m="44138" /><G64/><T104/><D86/><U80/><E35/><V98/><F98/><W111/><G111/><T4/><D4/><U53/><E33/><V54/><F36/><W68/><G68/><T60/><D52/><U118/><E65/><V101/><F51/><W128/><G128/><T127/><D127/><U67/><E67/><V7/><F0/><W103/><G9/><T31/><D31/><U133/><E118/><V121/><F121/><W12/><G12/><T88/><D91/><N who="3" m="34825" /><G50/><T24/><D24/><U105/><E27/><V73/><REACH who="2" step="1"/><F100/><AGARI ba="0,0" hai="23,25,30,79,83,87,100,103" m="34825,44138" machi="100" ten="30,3900,0" yaku="11,1,52,2" doraHai="99" who="3" fromWho="2" sc="333,0,209,0,306,-39,152,39" /><INIT seed="3,0,0,4,2,76" ten="333,209,267,191" oya="3" hai0="70,108,15,85,125,112,113,107,105,110,68,90,19" hai1="95,54,21,120,87,39,72,26,83,119,67,6,35" hai2="40,79,74,103,61,91,118,81,10,43,2,20,37" hai3="100,3,109,63,86,82,42,135,16,25,4,8,122"/><W129/><G122/><T24/><D24/><U22/><E120/><V57/><F118/><W65/><G135/><T71/><D125/><U99/><E72/><V14/><F103/><W60/><G129/><T78/><D78/><U45/><E119/><V97/><F37/><W73/><G73/><T133/><D133/><U11/><E67/><V69/><F69/><W31/><G109/><N who="0" m="42091" /><D15/><N who="1" m="5623" /><E39/><V132/><F132/><W48/><G100/><T94/><D19/><U93/><E35/><V59/><F20/><N who="1" m="7785" /><E26/><V104/><F2/><W18/><G25/><T126/><D126/><U101/><E99/><V1/><F1/><W75/><G75/><T124/><D124/><U23/><N who="1" m="7793" /><U28/><DORA hai="7" /><E28/><V77/><F104/><AGARI ba="0,0" hai="68,70,71,85,90,94,104,105,107,112,113" m="42091" machi="104" ten="40,1300,0" yaku="14,1" doraHai="76,7" who="0" fromWho="2" sc="333,13,209,0,267,-13,191,0" /><INIT seed="4,0,0,1,5,120" ten="346,209,254,191" oya="0" hai0="18,99,49,24,108,8,121,74,128,95,92,80,33" hai1="31,53,30,3,109,122,39,75,119,129,36,107,91" hai2="29,23,77,7,28,15,125,73,102,88,0,60,70" hai3="44,78,93,69,10,65,54,4,22,2,72,16,59"/><T82/><D121/><U50/><E122/><V57/><F70/><W89/><G44/><T62/><D128/><U51/><E119/><V84/><F0/><W96/><G69/><T12/><D95/><U110/><E53/><V124/><F102/><W100/><G72/><T41/><D62/><U85/><E85/><V111/><F77/><W61/><G78/><T63/><D63/><U66/><E91/><V52/><F111/><N who="1" m="42505" /><E3/><V118/><F73/><W67/><REACH who="3" step="1"/><G100/><REACH who="3" ten="346,209,254,181" step="2"/><T42/><D74/><U6/><E75/><V47/><F118/><W104/><G104/><T126/><D108/><U94/><E107/><V101/><F47/><W11/><G11/><T86/><D8/><U25/><E129/><V114/><F101/><W105/><G105/><T68/><D68/><U19/><E39/><V87/><F114/><W83/><G83/><T58/><D82/><U20/><E36/><V81/><F81/><W13/><AGARI ba="0,1" hai="2,4,10,13,16,22,54,59,61,65,67,89,93,96" machi="13" ten="20,8000,1" yaku="1,1,0,1,7,1,54,1,53,1" doraHai="120" doraHaiUra="34" who="3" fromWho="3" sc="346,-40,209,-20,254,-20,181,90" /><INIT seed="5,0,0,0,3,109" ten="306,189,234,271" oya="1" hai0="80,33,72,43,119,6,49,67,62,82,133,105,70" hai1="112,74,84,15,52,12,63,32,78,50,22,27,35" hai2="127,17,21,117,85,132,100,5,126,60,61,39,115" hai3="103,48,36,57,28,8,104,94,124,55,120,106,96"/><U68/><E74/><V121/><F121/><W130/><G120/><T66/><D119/><U129/><E129/><V99/><F117/><W90/><G130/><T59/><D105/><U131/><E131/><V19/><F39/><W23/><G124/><N who="2" m="47657" /><F132/><W11/><G36/><T37/><D33/><U118/><E118/><V92/><F115/><W116/><G116/><T1/><D133/><U4/><E112/><V16/><F5/><W102/><G106/><T34/><D34/><U24/><E35/><V46/><F46/><W47/><G47/><T89/><D89/><U51/><E32/><V7/><F7/><W9/><REACH who="3" step="1"/><G104/><REACH who="3" ten="306,189,234,261" step="2"/><T135/><D37/><U30/><E4/><V0/><F0/><W29/><G29/><T18/><D1/><U53/><E68/><V45/><F45/><W91/><G91/><T2/><D2/><U128/><E128/><V87/><F17/><W14/><G14/><N who="1" m="5162" /><E27/><AGARI ba="0,1" hai="8,9,11,23,27,28,48,55,57,90,94,96,102,103" machi="27" ten="40,2600,0" yaku="1,1,8,1,53,0" doraHai="109" doraHaiUra="113" who="3" fromWho="1" sc="306,0,189,-26,234,0,261,36" /><INIT seed="6,0,0,3,4,126" ten="306,163,234,297" oya="2" hai0="113,23,34,25,67,50,78,121,130,104,37,89,60" hai1="65,29,39,68,0,102,55,52,118,66,87,2,77" hai2="70,53,32,19,122,106,4,71,54,112,85,59,36" hai3="6,13,92,14,86,12,57,100,43,44,91,41,128"/><V61/><F122/><W56/><G128/><T134/><D130/><U109/><E109/><V114/><F32/><W99/><G6/><T58/><D37/><U63/><E39/><V132/><F106/><W101/><G101/><T26/><D121/><U64/><E118/><V129/><F129/><W103/><G103/><T76/><D104/><U20/><E102/><V79/><F132/><W117/><G117/><T24/><D34/><U35/><E35/><V42/><F4/><W17/><G17/><T22/><D134/><U16/><E29/><V28/><F28/><W11/><G11/><T119/><D119/><U115/><E115/><N who="2" m="44075" /><F19/><W46/><G46/><T97/><D113/><U88/><E77/><N who="0" m="29801" /><D50/><U95/><E68/><N who="2" m="26155" /><F85/><W94/><REACH who="3" step="1"/><G43/><REACH who="3" ten="306,163,234,287" step="2"/><T125/><D125/><U18/><E18/><V80/><F42/><W81/><G81/><T84/><D97/><U62/><E2/><V98/><F80/><AGARI ba="0,1" hai="22,23,24,25,26,58,60,67,80,84,89" m="29801" machi="80" ten="30,1000,0" yaku="8,1" doraHai="126" who="0" fromWho="2" sc="306,20,163,0,234,-10,287,0" /><INIT seed="7,0,0,5,1,33" ten="326,163,224,287" oya="3" hai0="75,70,72,90,27,10,18,115,94,103,55,129,62" hai1="123,2,21,81,63,58,126,74,127,0,12,15,109" hai2="101,65,134,5,28,49,114,128,71,32,130,102,42" hai3="40,34,37,107,52,120,47,44,121,104,125,3,117"/><W112/><G34/><T1/><D103/><U9/><E109/><V6/><F114/><W133/><G117/><T22/><D115/><U50/><E50/><V110/><F110/><W60/><G112/><T30/><D129/><N who="2" m="49770" /><F134/><W95/><G3/><N who="1" m="1066" /><E123/><V38/><F38/><W77/><G77/><T93/><D93/><U131/><E131/><V64/><F28/><W43/><G121/><T16/><D18/><N who="1" m="10463" /><E74/><V8/><F32/><W122/><G120/><T88/><D90/><U51/><E51/><V82/><F82/><W59/><G122/><T98/><D30/><U68/><E68/><V4/><F8/><W11/><G11/><T24/><D24/><U91/><E81/><V99/><F71/><W97/><G107/><T14/><D70/><U29/><E58/><V36/><F36/><W41/><G37/><T85/><D75/><U39/><E39/><V105/><F102/><W79/><G59/><T116/><D72/><U35/><E91/><V108/><F108/><W61/><G44/><AGARI ba="0,0" hai="4,5,6,42,44,49,64,65,99,101,105" m="49770" machi="44" ten="30,1000,0" yaku="19,1" doraHai="33" who="2" fromWho="3" sc="326,0,163,0,224,10,287,-10" owari="326,43.0,163,-34.0,234,-17.0,277,8.0" /></mjloggm>