<mjloggm ver="2.3"><GO type="41"/><UN n0="%6D%61%73%6B%61%72%61%73" n1="%73%61%72%61%6B" n2="%E3%82%A6%E3%83%AB%E3%83%88%E3%83%A9%E7%AB%8B%E7%9B%B4" n3="%6E%79%61%2D%6E%5F" dan="15,14,15,13" rate="2014,1911,1987,1927" sx="M,M,M,M"/><TAIKYOKU oya="0"/><INIT seed="0,0,0,5,1,34" ten="250,250,250,250" oya="0" hai0="126,56,24,89,50,14,110,72,124,117,20,104,0" hai1="88,46,64,45,96,108,61,90,116,63,92,58,97" hai2="125,73,8,1,70,2,9,31,134,123,65,129,60" hai3="41,66,38,121,109,19,51,115,107,84,118,71,7"/><T101/><D117/><U120/><E108/><V15/><F123/><W40/><G118/><T57/><D72/><U47/><E120/><V103/><F73/><W74/><G121/><T42/><D110/><U83/><E116/><V77/><F77/><W133/><G109/><T130/><D130/><U128/><E128/><V69/><F129/><W82/><G115/><T100/><D89/><U80/><E63/><V68/><F125/><N who="0" m="48234" /><D14/><U81/><REACH who="1" step="1"/><E92/><REACH who="1" ten="250,240,250,250" step="2"/><V28/><F60/><W6/><G107/><T102/><D104/><U95/><E95/><V39/><F65/><W13/><G66/><T119/><D119/><U48/><E48/><V35/><F39/><W55/><G38/><T30/><D0/><U59/><E59/><V105/><F105/><W78/><G71/><T79/><D79/><U17/><E17/><V23/><F68/><W122/><G122/><T132/><D132/><U36/><E36/><V91/><F70/><W99/><G133/><T114/><D114/><U37/><E37/><V106/><F69/><W131/><G131/><T29/><D30/><U98/><AGARI ba="0,1" hai="45,46,47,58,61,64,80,81,83,88,90,96,97,98" machi="98" ten="40,12000,2" yaku="1,1,0,1,29,2,8,1,54,1,53,1" doraHai="34" doraHaiUra="52" who="1" fromWho="1" sc="250,-60,240,130,250,-30,250,-30" /><INIT seed="1,0,0,0,5,79" ten="190,370,220,220" oya="1" hai0="63,95,127,104,115,23,120,54,26,116,94,84,102" hai1="2,133,100,99,93,1,89,61,42,30,131,124,45" hai2="113,36,15,101,76,57,75,105,7,86,27,62,44" hai3="35,56,3,22,8,31,87,6,11,47,33,51,34"/><U9/><E133/><V4/><F75/><W24/><G56/><T39/><D115/><U122/><E122/><V64/><F113/><W126/><G87/><T32/><D116/><U21/><E131/><V70/><F15/><W88/><G88/><T132/><D32/><N who="3" m="12393" /><G51/><T18/><D39/><U53/><E124/><V81/><F27/><N who="3" m="18943" /><G47/><T19/><D132/><U114/><E114/><V73/><F57/><W28/><G126/><T134/><D127/><U49/><E9/><AGARI ba="0,0" hai="3,6,8,9,11,22,24,28" m="18943,12393" machi="9" ten="30,8000,1" yaku="35,5" doraHai="79" who="3" fromWho="1" sc="190,0,370,-80,220,0,220,80" /><INIT seed="2,0,0,0,2,20" ten="190,290,220,300" oya="2" hai0="131,4,30,111,2,31,32,128,132,38,36,56,13" hai1="99,3,76,72,103,78,66,97,24,71,104,88,27" hai2="83,52,126,23,28,77,14,135,19,35,26,107,86" hai3="117,122,109,73,120,59,129,65,1,63,95,127,25"/><V9/><F107/><W92/><G73/><T115/><D115/><U46/><E3/><V70/><F70/><W125/><G1/><T15/><D111/><U40/><E66/><V16/><F126/><N who="3" m="48139" /><G117/><T89/><D56/><U81/><E71/><V123/><F123/><N who="3" m="47147" /><G109/><T54/><D54/><U79/><E72/><V22/><F135/><W48/><G129/><N who="0" m="49739" /><D132/><U62/><E62/><V105/><F105/><W87/><G25/><N who="0" m="18511" /><D31/><U68/><E68/><V37/><F37/><N who="0" m="14442" /><D89/><U61/><E61/><V11/><REACH who="2" step="1"/><F52/><REACH who="2" ten="190,290,210,300" step="2"/><N who="3" m="32135" /><G87/><T51/><D51/><U110/><E110/><V43/><F43/><W10/><G10/><AGARI ba="0,1" hai="2,4,10,13,15" m="14442,18511,49739" machi="10" ten="30,2000,0" yaku="19,1,52,1" doraHai="20" who="0" fromWho="3" sc="190,30,290,0,210,0,300,-20" /><INIT seed="3,0,0,3,1,82" ten="220,290,210,280" oya="3" hai0="89,133,103,24,105,115,58,124,4,134,67,23,112" hai1="111,49,69,28,100,79,77,91,96,57,71,92,37" hai2="60,54,116,0,97,16,101,107,5,73,51,13,64" hai3="106,10,120,9,27,128,44,104,132,83,85,3,56"/><W59/><G120/><T42/><D4/><U93/><E37/><V66/><F73/><W12/><G132/><N who="0" m="50795" /><D42/><U98/><E28/><V52/><F116/><W41/><G128/><T117/><D117/><U30/><E30/><V25/><F5/><W36/><G3/><T34/><D34/><U78/><E71/><V74/><F74/><W129/><G129/><T32/><D32/><U80/><E49/><V43/><F0/><W65/><G27/><T62/><D89/><U72/><E57/><V68/><F64/><W114/><G114/><N who="0" m="43563" /><D124/><U63/><E63/><V84/><F25/><W81/><G83/><T76/><D76/><N who="1" m="44039" /><E69/><V126/><F126/><W46/><G44/><T123/><D123/><U122/><E122/><V48/><F43/><W118/><G118/><T86/><D86/><U75/><E111/><V61/><F84/><W14/><G65/><T11/><D11/><U127/><E127/><V131/><F131/><W109/><G109/><T20/><D24/><U35/><E35/><V18/><F54/><W31/><G31/><T70/><D70/><U15/><E15/><V29/><F29/><W47/><G14/><T22/><D22/><U125/><E125/><V113/><F113/><W55/><G9/><T95/><D105/><U45/><E75/><V135/><F135/><W119/><G119/><T121/><D121/><U130/><E130/><V50/><REACH who="2" step="1"/><F13/><REACH who="2" ten="220,290,200,280" step="2"/><W88/><G12/><T2/><D2/><U87/><E45/><V8/><F8/><W99/><G10/><T1/><D1/><U6/><E6/><V40/><F40/><W102/><G47/><RYUUKYOKU ba="0,1" sc="220,10,290,10,200,10,280,-30" hai0="20,23,58,62,67,95,103" hai1="77,78,79,87,91,92,93,96,98,100" hai2="16,18,48,50,51,52,60,61,66,68,97,101,107" /><INIT seed="4,1,1,2,4,35" ten="230,300,210,250" oya="0" hai0="134,8,12,87,71,30,67,114,1,113,121,17,42" hai1="131,41,98,77,63,45,7,5,86,126,93,84,3" hai2="31,99,132,18,107,78,34,21,60,119,9,95,47" hai3="65,109,66,2,33,50,108,89,111,43,103,38,80"/><T24/><D121/><U125/><E131/><V44/><F107/><W10/><G33/><N who="0" m="20679" /><D134/><U123/><E123/><V56/><F132/><W82/><G38/><T96/><D42/><U69/><E69/><V29/><F78/><W72/><G103/><T118/><D118/><U26/><E26/><N who="2" m="14647" /><F9/><W110/><G108/><T48/><D48/><U23/><E23/><V81/><F81/><W79/><G50/><T91/><D96/><U36/><E63/><V4/><F4/><W135/><G43/><T117/><D117/><U62/><E62/><V100/><F34/><W55/><G135/><T76/><D76/><U39/><E39/><V11/><F11/><W104/><G55/><T54/><D54/><U83/><E86/><V40/><F119/><W85/><REACH who="3" step="1"/><G104/><REACH who="3" ten="230,300,210,240" step="2"/><T13/><D67/><U94/><E36/><V129/><F40/><W101/><G101/><T116/><D116/><U133/><E41/><V53/><F129/><W52/><G52/><T0/><D71/><U106/><E106/><V51/><F51/><W28/><G28/><AGARI ba="1,2" hai="28,29,31,44,47,53,56,60,95,99,100" m="14647" machi="28" ten="30,1000,0" yaku="8,1" doraHai="35" who="2" fromWho="3" sc="230,0,300,0,210,33,240,-13" /><INIT seed="5,0,0,5,3,101" ten="230,300,243,227" oya="1" hai0="22,28,20,12,90,97,130,29,4,119,55,132,26" hai1="111,53,71,81,27,38,84,89,83,3,92,122,100" hai2="1,30,17,134,95,113,15,16,112,88,135,51,10" hai3="14,123,25,102,117,33,19,66,41,104,39,56,47"/><U59/><E71/><V58/><F1/><W40/><G123/><T35/><D119/><U42/><E122/><V11/><F30/><W120/><G117/><T129/><D55/><U50/><E3/><V34/><F34/><W45/><G120/><T44/><D44/><U125/><E111/><V13/><F51/><W105/><G102/><T49/><D49/><U80/><E125/><V73/><F58/><W93/><G93/><T57/><D57/><U2/><E2/><V115/><F73/><W32/><G66/><T6/><D90/><U36/><E27/><V61/><F61/><W63/><G63/><T7/><D97/><AGARI ba="0,0" hai="10,11,13,15,16,17,88,95,97,112,113,115,134,135" machi="97" ten="40,8000,1" yaku="9,1,15,1,11,1,54,2" doraHai="101" who="2" fromWho="0" sc="230,-80,300,0,243,80,227,0" /><INIT seed="6,0,0,0,3,115" ten="150,300,323,227" oya="2" hai0="95,12,10,21,40,117,68,59,81,38,112,94,86" hai1="49,20,37,73,46,111,23,88,54,91,30,110,126" hai2="28,31,109,76,29,135,45,58,24,132,116,108,80" hai3="34,79,13,129,133,77,41,70,71,19,85,1,75"/><V5/><F116/><W98/><G1/><T82/><D112/><U120/><E126/><V113/><F113/><W26/><G34/><T57/><D68/><U60/><E73/><V92/><F5/><W104/><G26/><T18/><D38/><U119/><E120/><V84/><F45/><W17/><G129/><T7/><D40/><U74/><E74/><V36/><F36/><W66/><G133/><N who="2" m="51273" /><F58/><W44/><G75/><T89/><D117/><U48/><E119/><V6/><F6/><W125/><G125/><T97/><D94/><U124/><E124/><V14/><F14/><W3/><G3/><T102/><REACH who="0" step="1"/><D82/><REACH who="0" ten="140,300,323,227" step="2"/><U87/><E37/><V99/><F92/><W15/><G70/><T123/><D123/><U32/><E111/><N who="2" m="42571" /><F99/><W42/><G71/><T55/><D55/><U134/><E54/><V35/><AGARI ba="0,1" hai="24,28,29,31,35,76,80,84" m="42571,51273" machi="35" ten="30,3000,0" yaku="20,1,10,1" doraHai="115" who="2" fromWho="2" sc="140,-10,300,-10,323,40,227,-10" /><INIT seed="6,1,0,4,1,105" ten="130,290,363,217" oya="2" hai0="118,125,123,80,93,64,42,84,44,27,59,114,47" hai1="35,52,77,104,0,40,121,17,28,112,1,6,124" hai2="117,102,133,82,31,96,5,12,89,66,63,38,48" hai3="101,94,41,67,33,85,24,57,69,13,15,65,22"/><V53/><F38/><W14/><G33/><T129/><D27/><U75/><E104/><V68/><F117/><W70/><G41/><T73/><D93/><U83/><E112/><V61/><F61/><W36/><G36/><T62/><D84/><U54/><E124/><V113/><F113/><W3/><G3/><T99/><D99/><U95/><E121/><V119/><F119/><W58/><G70/><T106/><D106/><U76/><E40/><V30/><F133/><W18/><G69/><T127/><D114/><U81/><E35/><V116/><F116/><W32/><G32/><T43/><D118/><U55/><E28/><V109/><F109/><W72/><G72/><T50/><D123/><U92/><E17/><V7/><F30/><W26/><G24/><T97/><D97/><U130/><E130/><V79/><F31/><W19/><G101/><T103/><D103/><U4/><E55/><V128/><F12/><W107/><G107/><T74/><D80/><U16/><E16/><N who="3" m="6186" /><G94/><T71/><D129/><U21/><E21/><V132/><F102/><W11/><G85/><T134/><D134/><U111/><E111/><V37/><F37/><W45/><G45/><T23/><D23/><U34/><E34/><V20/><F20/><W88/><G11/><T86/><D86/><U135/><E135/><V10/><F132/><W100/><G100/><T49/><REACH who="0" step="1"/><D71/><REACH who="0" ten="120,290,363,217" step="2"/><U108/><E108/><V90/><F128/><W29/><G22/><T39/><D39/><U91/><E91/><V126/><F90/><W131/><G88/><T60/><D60/><U51/><E51/><RYUUKYOKU ba="1,1" sc="120,15,290,15,363,-15,217,-15" hai0="42,43,44,47,49,50,59,62,64,73,74,125,127" hai1="0,1,4,6,52,54,75,76,77,81,83,92,95" /><INIT seed="7,2,1,4,1,75" ten="135,305,348,202" oya="3" hai0="114,41,33,9,26,73,44,134,110,122,38,131,50" hai1="121,112,53,19,27,28,96,2,48,4,24,13,55" hai2="83,60,115,117,76,87,49,79,12,58,31,113,34" hai3="101,43,69,51,98,77,21,68,32,47,89,22,10"/><W84/><G32/><T127/><RYUUKYOKU type="yao9" ba="2,1" sc="135,0,305,0,348,0,202,0" hai0="9,26,33,38,41,44,50,73,110,114,122,127,131,134" /><INIT seed="7,3,1,3,2,39" ten="135,305,348,202" oya="3" hai0="24,25,6,9,119,57,127,54,29,53,110,61,60" hai1="76,17,131,120,58,38,103,108,35,12,72,101,126" hai2="14,1,48,114,95,51,3,91,50,83,88,27,45" hai3="42,70,87,79,124,116,65,36,26,96,107,92,28"/><W20/><G116/><T37/><D119/><U115/><E120/><V46/><F3/><W75/><G124/><T111/><D127/><U67/><E108/><V133/><F1/><W104/><G70/><T93/><D37/><U11/><E126/><V13/><F133/><W49/><G65/><T41/><D93/><U66/><E115/><V4/><F114/><W22/><G36/><T59/><D25/><U55/><E131/><V44/><F27/><W98/><G75/><T94/><D94/><U117/><E117/><V21/><F21/><W64/><G64/><T105/><D105/><U40/><E35/><V2/><F2/><W125/><G125/><T128/><D41/><U7/><E67/><V135/><F135/><W121/><G121/><T56/><D56/><U112/><E112/><V113/><F113/><W85/><G22/><T47/><D47/><U89/><E66/><V62/><F62/><W8/><G8/><T16/><D128/><U134/><E134/><V5/><F83/><N who="3" m="47359" /><G107/><T77/><D77/><U86/><E72/><V130/><F130/><W23/><G104/><T84/><D84/><U73/><E76/><V68/><F68/><W109/><G20/><T18/><D111/><U129/><E73/><V63/><F63/><W69/><G69/><T90/><D90/><U132/><E129/><V102/><F102/><W78/><G109/><T34/><REACH who="0" step="1"/><D110/><REACH who="0" ten="125,305,348,202" step="2"/><U52/><E132/><V80/><F91/><N who="3" m="53375" /><G78/><T30/><D30/><U71/><E71/><V106/><F106/><W32/><G32/><T0/><AGARI ba="3,2" hai="0,6,9,16,18,24,29,34,53,54,57,59,60,61" machi="0" ten="20,8000,1" yaku="1,1,0,1,7,1,9,1,54,1,53,0" doraHai="39" doraHaiUra="10" who="0" fromWho="0" sc="125,109,305,-23,348,-23,202,-43" owari="234,-17.0,282,8.0,325,43.0,159,-34.0" /></mjloggm>