<mjloggm ver="2.3"><GO type="169"/><UN n0="%E6%A3%92%E8%A7%92" n1="%E3%82%BC%E3%83%B3%E3%83%84%E3%83%83%E3%83%91" n2="%E3%82%86%E3%82%86" n3="%EF%BC%88%E2%89%A7%E2%96%BD%E2%89%A6%EF%BC%89" dan="16,16,16,18" rate="2070,2145,2043,2217" sx="M,M,M,M"/><TAIKYOKU oya="0"/><INIT seed="0,0,0,5,5,115" ten="250,250,250,250" oya="0" hai0="90,62,50,40,113,5,83,74,132,46,97,59,39" hai1="68,114,121,1,107,105,29,26,65,57,15,6,25" hai2="84,122,52,41,135,24,131,20,109,75,58,93,119" hai3="126,100,28,36,33,37,120,111,12,64,127,86,94"/><T98/><D113/><U77/><E57/><V27/><F122/><W23/><G33/><T124/><D124/><U128/><E15/><V116/><F75/><W134/><G64/><T110/><D132/><U60/><E26/><V118/><F135/><W78/><G134/><T69/><D110/><U2/><E114/><V35/><F109/><W47/><G47/><T30/><D30/><U102/><E121/><V3/><F131/><W108/><G108/><T14/><D14/><U31/><E31/><V32/><F3/><W81/><G120/><T34/><D34/><U99/><E128/><V88/><F41/><W104/><G104/><T71/><D5/><U73/><E107/><V125/><F125/><W76/><G76/><T80/><D69/><U8/><E77/><V95/><F95/><W106/><G106/><T53/><D74/><U133/><E133/><V22/><F27/><N who="3" m="16511" /><G12/><T11/><D11/><U130/><E130/><V66/><F66/><W92/><G92/><N who="0" m="56471" /><D98/><U49/><E49/><N who="2" m="30991" /><F20/><W70/><G70/><T103/><D103/><U117/><E73/><V42/><F42/><W96/><G111/><T7/><D7/><U61/><E61/><V48/><F48/><W9/><G9/><T54/><D54/><U112/><E112/><V51/><F51/><W87/><G87/><T55/><D55/><U45/><E45/><V18/><AGARI ba="0,0" hai="18,22,24,32,35,84,88,93,116,118,119" m="30991" machi="18" ten="30,12000,2" yaku="12,1,52,3,54,2" doraHai="115" who="2" fromWho="2" sc="250,-60,250,-30,250,120,250,-30" /><INIT seed="1,0,0,0,3,122" ten="190,220,370,220" oya="1" hai0="49,29,22,23,1,10,40,106,9,18,41,94,110" hai1="25,99,72,63,59,21,2,102,42,130,129,62,71" hai2="82,31,64,38,114,68,30,83,126,43,88,47,123" hai3="84,8,3,4,15,20,111,27,66,24,14,57,120"/><U101/><E72/><V50/><F123/><W87/><G120/><T6/><D106/><U135/><E2/><V91/><F126/><W61/><G111/><T5/><D94/><U134/><E42/><V13/><F114/><W128/><G128/><N who="1" m="49258" /><E71/><V69/><F69/><W89/><G84/><T92/><D92/><N who="1" m="58599" /><E102/><V32/><F32/><W131/><G131/><T97/><D97/><U67/><E63/><V51/><F68/><W100/><G100/><T34/><D49/><U77/><E77/><V76/><F64/><W16/><REACH who="3" step="1"/><G3/><REACH who="3" ten="190,220,370,210" step="2"/><N who="0" m="191" /><D40/><U39/><E39/><V70/><F38/><W53/><G53/><T33/><D41/><U108/><E108/><V78/><F43/><W28/><G28/><AGARI ba="0,1" hai="21,25,28,59,62,67,134,135" m="58599,49258" machi="28" ten="30,2900,0" yaku="25,1,19,1" doraHai="122" who="1" fromWho="3" sc="190,0,220,39,370,0,210,-29" /><INIT seed="1,1,0,3,1,51" ten="190,259,370,181" oya="1" hai0="114,50,67,111,2,44,91,10,47,80,16,104,27" hai1="21,127,45,15,53,116,113,70,117,66,3,112,64" hai2="29,1,22,8,75,4,39,85,115,132,61,6,31" hai3="78,105,41,0,129,19,24,63,77,55,99,131,18"/><U93/><E15/><V97/><F75/><W128/><G0/><T42/><D104/><U14/><E14/><V28/><F39/><W43/><G105/><T46/><D114/><N who="1" m="44139" /><E21/><V81/><F115/><W100/><G99/><T83/><D2/><U25/><E25/><V48/><F97/><W130/><G100/><T7/><D67/><N who="1" m="25643" /><E93/><V33/><F33/><W23/><N who="3" m="32768" /><DORA hai="30" /><W109/><G19/><T96/><D7/><U119/><E3/><V56/><F6/><W120/><G120/><T121/><D121/><U60/><E127/><V57/><F22/><W32/><G32/><T36/><D36/><U101/><E101/><V133/><F81/><W123/><G123/><T108/><D80/><U11/><E11/><V82/><F82/><W59/><REACH who="3" step="1"/><G109/><REACH who="3" ten="190,259,370,171" step="2"/><T84/><D96/><U34/><E34/><V62/><F1/><W20/><G20/><N who="0" m="13703" /><D10/><U54/><E45/><V17/><F8/><W107/><G107/><T52/><D46/><U58/><E70/><V102/><F102/><W106/><G106/><T74/><D44/><U37/><E37/><V26/><F17/><W89/><G89/><T68/><D68/><U12/><E12/><V122/><F122/><W79/><AGARI ba="1,1" hai="18,23,24,41,43,55,59,63,77,78,79" m="32768" machi="79" ten="60,8000,1" yaku="1,1,0,1,19,1,52,1,53,1" doraHai="51,30" doraHaiUra="49,92" who="3" fromWho="3" sc="190,-21,259,-41,370,-21,171,93" /><INIT seed="2,0,0,2,2,12" ten="169,218,349,264" oya="2" hai0="42,67,15,98,133,112,116,115,71,16,8,31,55" hai1="95,79,37,127,78,94,17,66,5,26,35,53,87" hai2="62,57,39,89,32,11,56,88,130,73,117,119,90" hai3="58,124,134,21,72,123,14,80,132,59,61,25,110"/><V69/><F39/><W9/><G123/><T97/><D116/><U2/><E37/><V135/><F130/><W68/><G68/><T102/><D133/><U4/><E127/><V33/><F135/><N who="3" m="51755" /><G110/><T70/><D42/><U129/><E129/><V29/><F73/><W65/><G80/><T109/><D109/><U38/><E38/><V106/><F106/><W24/><G72/><T113/><D31/><U82/><E79/><V22/><F11/><W111/><G111/><T47/><D67/><U104/><E104/><V13/><F69/><N who="3" m="42159" /><G124/><T36/><D98/><U60/><E53/><V27/><F57/><N who="3" m="21515" /><G21/><T46/><D46/><U101/><E35/><V40/><F40/><W23/><G23/><T126/><D126/><U75/><E75/><V96/><F96/><W86/><G86/><T6/><D36/><U121/><E121/><V50/><F50/><W118/><G118/><T131/><D131/><U74/><E74/><V63/><F63/><W99/><G99/><T45/><D70/><U125/><E125/><V128/><F128/><W103/><G103/><T49/><D71/><U19/><E101/><V64/><REACH who="2" step="1"/><F33/><REACH who="2" ten="169,218,339,264" step="2"/><W20/><G20/><T7/><REACH who="0" step="1"/><D47/><REACH who="0" ten="159,218,339,264" step="2"/><U100/><E60/><V0/><F0/><W108/><G108/><T43/><D43/><U54/><E2/><V30/><F30/><W81/><G25/><T18/><D18/><AGARI ba="0,2" hai="13,18,22,27,29,32,56,62,64,88,89,90,117,119" machi="18" ten="40,7700,0" yaku="1,1,52,1,54,1,53,0" doraHai="12" doraHaiUra="105" who="2" fromWho="0" sc="159,-77,218,0,339,97,264,0" /><INIT seed="2,1,0,5,3,72" ten="82,218,436,264" oya="2" hai0="18,113,125,90,133,93,6,25,48,81,58,123,118" hai1="95,127,99,5,111,39,98,80,116,77,91,68,96" hai2="9,47,29,109,85,43,12,31,13,28,75,66,83" hai3="7,122,38,67,106,15,105,19,71,14,86,100,115"/><V135/><F75/><W119/><G38/><T49/><D123/><U50/><E39/><V94/><F135/><W117/><G71/><T56/><D113/><U11/><E68/><V78/><F109/><W44/><G67/><T65/><D133/><U70/><E70/><V41/><F66/><W22/><G44/><T124/><D118/><U74/><E116/><V46/><F94/><W97/><G106/><T92/><D6/><U10/><E111/><V23/><F23/><W114/><G122/><T16/><D81/><U24/><E127/><V52/><F46/><W108/><G108/><T60/><D65/><U42/><E24/><V30/><F30/><W69/><G69/><T59/><D25/><U3/><E50/><N who="0" m="19561" /><D60/><U107/><E42/><N who="2" m="15883" /><F9/><N who="3" m="4415" /><G86/><N who="0" m="52311" /><D93/><U134/><E134/><V102/><F102/><W53/><G53/><T1/><D1/><U45/><E45/><V82/><F82/><W26/><G26/><T129/><D129/><U2/><REACH who="1" step="1"/><E107/><REACH who="1" ten="82,208,436,264" step="2"/><V128/><F128/><W84/><G119/><T63/><D63/><U61/><E61/><V120/><F120/><W34/><G117/><T132/><D132/><U54/><E54/><V103/><F47/><W0/><G115/><T4/><D125/><U89/><E89/><V101/><F52/><W51/><G114/><T88/><D88/><U130/><E130/><V104/><F104/><W27/><G51/><T40/><D40/><U64/><E64/><V33/><F33/><W87/><G34/><T8/><D124/><U126/><E126/><V110/><F110/><W131/><G131/><T20/><D59/><U79/><E79/><RYUUKYOKU ba="1,1" sc="82,-15,208,15,436,15,264,-15" hai1="2,3,5,10,11,74,77,80,91,95,96,98,99" hai2="12,13,28,29,31,78,83,85,101,103" /><INIT seed="2,2,1,5,4,103" ten="67,223,451,249" oya="2" hai0="88,107,11,87,56,128,33,62,0,44,125,2,91" hai1="31,3,101,73,8,96,60,7,124,12,85,28,22" hai2="57,133,53,84,14,99,80,110,42,64,116,15,59" hai3="48,4,43,1,50,18,100,54,36,69,127,45,70"/><V32/><F116/><W19/><G127/><T30/><D125/><U24/><E124/><V82/><F133/><W52/><G100/><T102/><D128/><U134/><E73/><V129/><F129/><W131/><G131/><T65/><D44/><U95/><E134/><V66/><F32/><W93/><G93/><T67/><D67/><U39/><E39/><V51/><F110/><W5/><G36/><T118/><D118/><U9/><E31/><V92/><F42/><W108/><G43/><T55/><D55/><U77/><E77/><V63/><F66/><W72/><G72/><T123/><D123/><U97/><E60/><V29/><F29/><W71/><G108/><T35/><D91/><U83/><E83/><V37/><F37/><W122/><G122/><T86/><D86/><U27/><E27/><V111/><F111/><W130/><G130/><T76/><D76/><U106/><E85/><V105/><F105/><W75/><G75/><T25/><D11/><U58/><E58/><V115/><F115/><W119/><G119/><T41/><D41/><U109/><E109/><V135/><F135/><W34/><G34/><T26/><D26/><U20/><E20/><V114/><F114/><W17/><REACH who="3" step="1"/><G1/><REACH who="3" ten="67,223,451,239" step="2"/><T13/><D35/><U104/><REACH who="1" step="1"/><E97/><REACH who="1" ten="67,213,451,239" step="2"/><V132/><F132/><W40/><G40/><T94/><D33/><U117/><E117/><V79/><F82/><W68/><N who="3" m="17408" /><DORA hai="38" /><W49/><G49/><T78/><D62/><U16/><AGARI ba="2,3" hai="3,7,8,9,12,16,22,24,28,95,96,101,104,106" machi="16" ten="20,12000,2" yaku="1,1,0,1,7,1,52,2,54,1,53,1" doraHai="103,38" doraHaiUra="74,98" who="1" fromWho="1" sc="67,-32,213,156,451,-62,239,-32" /><INIT seed="3,0,0,4,4,2" ten="35,369,389,207" oya="3" hai0="82,35,104,80,68,41,66,67,126,65,91,129,72" hai1="86,110,71,125,17,14,32,78,108,115,23,128,38" hai2="12,77,5,88,24,33,50,16,90,111,59,96,97" hai3="42,6,76,18,118,34,0,10,27,7,64,46,127"/><W19/><G118/><T93/><D35/><U98/><E38/><V135/><F135/><W40/><G127/><T15/><D104/><U102/><E71/><V131/><F131/><W20/><G34/><T95/><D129/><U83/><E32/><V74/><F111/><W105/><G105/><T112/><D68/><U107/><E128/><V58/><F74/><W56/><G76/><T51/><D126/><U4/><E125/><V25/><F77/><W37/><G42/><T117/><D117/><U1/><REACH who="1" step="1"/><E115/><REACH who="1" ten="35,359,389,207" step="2"/><V113/><F113/><W29/><REACH who="3" step="1"/><G7/><REACH who="3" ten="35,359,389,197" step="2"/><T36/><D112/><U101/><E101/><V100/><F5/><W55/><G55/><T85/><D41/><U124/><E124/><V114/><F114/><W79/><G79/><T132/><D36/><U8/><AGARI ba="0,2" hai="1,4,8,14,17,23,78,83,86,98,102,107,108,110" machi="8" ten="30,4000,0" yaku="1,1,0,1,52,1,53,0" doraHai="2" doraHaiUra="49" who="1" fromWho="1" sc="35,-10,359,60,389,-10,197,-20" /><INIT seed="4,0,0,1,0,0" ten="25,419,379,177" oya="0" hai0="95,50,134,33,113,8,76,119,7,126,31,49,6" hai1="36,51,39,83,115,21,18,74,41,40,14,20,103" hai2="80,65,73,24,70,27,88,112,5,28,3,22,30" hai3="26,101,57,84,45,52,107,114,55,82,97,106,85"/><T46/><D119/><U67/><E103/><V10/><F112/><W4/><G114/><T19/><D113/><U125/><E115/><V91/><F65/><W42/><G107/><T17/><D134/><U32/><E32/><V53/><F70/><W128/><G128/><T63/><D126/><U98/><E98/><V90/><F53/><W47/><G26/><T38/><D38/><U64/><E51/><V66/><F66/><W99/><G99/><T43/><D63/><U59/><E59/><V37/><F37/><W23/><G23/><T69/><D69/><U100/><E100/><V132/><F132/><W77/><G42/><T102/><D76/><U56/><E56/><V68/><F68/><W86/><G4/><N who="0" m="1579" /><D33/><U89/><E36/><V104/><F104/><W93/><G106/><T96/><D31/><U35/><E35/><V120/><F120/><W81/><G55/><N who="0" m="30135" /><D8/><U79/><E79/><V133/><F133/><W105/><G105/><T78/><D78/><U135/><E39/><V29/><F73/><W61/><G77/><T58/><D58/><U48/><E74/><V75/><F75/><W15/><G15/><T34/><D34/><U54/><E14/><V72/><F72/><W110/><G110/><T60/><D60/><U2/><E135/><V127/><F127/><W11/><G11/><T1/><D1/><U116/><E2/><V121/><F121/><W124/><G124/><T12/><D12/><U44/><E125/><V13/><F3/><W130/><G130/><T117/><D117/><U92/><E116/><V94/><F28/><W25/><G25/><RYUUKYOKU ba="0,0" sc="25,15,419,-15,379,-15,177,15" hai0="17,19,43,50,95,96,102" hai3="45,47,52,57,61,81,82,84,85,86,93,97,101" /><INIT seed="4,1,0,1,4,90" ten="40,404,364,192" oya="0" hai0="130,53,106,95,116,123,26,42,86,52,4,62,50" hai1="65,45,117,63,44,67,58,39,84,103,25,18,19" hai2="11,115,71,23,56,101,14,28,60,69,97,68,10" hai3="82,59,92,37,51,85,81,64,110,5,75,109,126"/><T113/><D106/><U96/><E117/><V0/><F0/><W17/><G37/><T111/><D116/><U107/><E67/><V43/><F43/><W122/><G122/><T21/><D123/><U98/><E39/><V102/><F115/><W16/><G126/><T93/><D113/><U108/><E108/><N who="3" m="41578" /><G5/><T124/><D111/><U88/><E98/><V34/><F34/><W31/><G31/><N who="0" m="17871" /><D124/><U41/><E25/><V87/><F87/><W120/><G120/><T131/><D4/><U125/><E125/><V1/><F1/><W118/><G118/><T6/><D6/><U74/><E74/><V133/><F133/><W2/><G2/><T24/><D24/><U12/><E41/><V77/><F28/><W104/><G104/><T7/><D7/><U32/><E32/><V66/><F77/><N who="3" m="44223" /><G64/><T94/><D86/><U20/><REACH who="1" step="1"/><E19/><REACH who="1" ten="40,394,364,192" step="2"/><V80/><F97/><W128/><G17/><T15/><D15/><U30/><E30/><V76/><F14/><W49/><G16/><T78/><D78/><U38/><E38/><V33/><F33/><W40/><G40/><T89/><D42/><U83/><AGARI ba="1,1" hai="12,18,20,44,45,58,63,65,83,84,88,96,103,107" machi="83" ten="20,8000,1" yaku="1,1,0,1,7,1,54,1,53,1" doraHai="90" doraHaiUra="54" who="1" fromWho="1" sc="40,-41,394,93,364,-21,192,-21" owari="-1,-50.0,487,59.0,343,14.0,171,-23.0" /></mjloggm>