<mjloggm ver="2.3"><GO type="169"/><UN n0="%E7%8B%AC%E6%AD%A9" n1="%E7%B4%85%E9%89%84%E5%A7%AB" n2="%43%2D%E3%83%93%E3%83%83%E3%82%AF" n3="%EF%BC%88%E2%89%A7%E2%96%BD%E2%89%A6%EF%BC%89" dan="17,17,16,18" rate="2126,2153,2085,2170" sx="M,F,M,M"/><TAIKYOKU oya="0"/><INIT seed="0,0,0,5,2,86" ten="250,250,250,250" oya="0" hai0="112,106,9,102,43,34,53,115,113,116,8,80,38" hai1="129,128,111,122,75,126,2,76,97,47,127,17,82" hai2="37,24,134,3,107,10,96,0,32,22,131,65,51" hai3="64,72,135,73,63,19,28,45,93,60,13,78,6"/><T11/><D34/><U101/><E2/><V99/><F37/><W104/><G135/><T4/><D116/><U118/><E47/><V57/><F32/><W15/><G104/><T90/><D43/><U89/><E17/><V100/><F134/><W117/><G117/><T130/><D38/><U14/><E14/><V84/><F131/><N who="1" m="50249" /><E118/><V58/><F58/><W109/><G109/><T110/><D130/><U133/><E111/><V132/><F132/><W25/><G78/><T91/><D110/><U5/><E5/><V40/><F99/><W39/><G6/><T124/><D4/><U27/><E27/><V61/><F10/><W105/><G105/><T120/><D120/><U67/><E67/><V41/><F84/><W92/><G39/><T79/><D53/><U62/><E62/><V54/><F3/><W36/><G36/><T94/><D106/><N who="1" m="63791" /><E133/><V16/><F0/><W20/><G45/><T81/><D124/><N who="1" m="47659" /><E89/><V26/><F24/><W23/><G13/><T66/><D66/><U7/><E7/><V83/><F41/><W59/><G63/><T48/><D48/><U88/><E88/><V50/><F40/><W35/><G35/><T52/><D52/><U119/><E119/><V69/><F51/><W30/><G30/><T87/><D90/><U46/><E46/><V103/><F50/><W42/><G42/><T55/><D55/><U29/><E29/><V108/><F108/><W77/><G77/><T121/><D9/><U95/><E95/><N who="3" m="36426" /><G64/><T56/><D8/><U71/><E122/><V70/><F65/><N who="3" m="39071" /><G20/><T21/><D121/><U49/><E49/><RYUUKYOKU ba="0,0" sc="250,-15,250,15,250,-15,250,15" hai1="71,75,76,82" hai3="15,19,23,25,28,72,73" /><INIT seed="1,1,0,0,3,71" ten="235,265,235,265" oya="1" hai0="0,31,45,76,9,120,89,132,84,92,125,107,86" hai1="14,81,38,13,36,56,47,118,100,74,19,51,101" hai2="52,98,103,111,42,1,90,80,122,43,40,63,70" hai3="130,8,10,18,11,131,39,99,49,135,27,2,58"/><U95/><E118/><V83/><F122/><W97/><G135/><T121/><D132/><U50/><E95/><N who="2" m="58847" /><F1/><W94/><G2/><T91/><D31/><U124/><E124/><V22/><F70/><W119/><G119/><T30/><D30/><U55/><E13/><V123/><F123/><N who="0" m="47178" /><D107/><U68/><E68/><V104/><F104/><W46/><G58/><T37/><D76/><U126/><E126/><V67/><F67/><W23/><G39/><T59/><D59/><U69/><E69/><V20/><F111/><W117/><G117/><T21/><D21/><N who="2" m="8298" /><F90/><W62/><G62/><T73/><D73/><U33/><E33/><V35/><F35/><W102/><REACH who="3" step="1"/><G99/><REACH who="3" ten="235,265,235,255" step="2"/><T66/><D125/><U25/><E56/><AGARI ba="1,1" hai="40,42,43,52,56,63,80,83" m="8298,58847" machi="56" ten="30,2000,0" yaku="8,1,54,1" doraHai="71" who="2" fromWho="1" sc="235,0,265,-23,235,33,255,0" /><INIT seed="2,0,0,3,4,9" ten="235,242,268,255" oya="2" hai0="34,130,27,36,28,18,116,81,56,102,110,10,89" hai1="62,60,122,2,126,105,50,13,17,1,85,49,78" hai2="108,48,117,107,103,127,58,30,26,92,19,51,119" hai3="29,55,94,87,39,132,121,40,72,43,0,73,68"/><V20/><F107/><W134/><G0/><T21/><D36/><U24/><E105/><V118/><F127/><W124/><G68/><T135/><D116/><U61/><E126/><V15/><F58/><W65/><G121/><T100/><D110/><U52/><E122/><V128/><F128/><W71/><G124/><T76/><D135/><N who="3" m="51753" /><G55/><T91/><D130/><U133/><E133/><V63/><F63/><N who="3" m="40383" /><G29/><T6/><D56/><U37/><E37/><V77/><F77/><W86/><G94/><T80/><D102/><U57/><E24/><V75/><F75/><N who="3" m="28747" /><G39/><T54/><D100/><U33/><E33/><V8/><REACH who="2" step="1"/><F108/><REACH who="2" ten="235,242,258,255" step="2"/><W14/><G40/><T67/><D76/><U74/><E74/><V84/><F84/><W125/><G43/><T90/><D67/><U88/><E78/><V120/><F120/><W82/><G125/><T113/><D54/><U111/><E111/><V104/><F104/><W31/><G86/><T12/><REACH who="0" step="1"/><D113/><REACH who="0" ten="225,242,258,255" step="2"/><U3/><E52/><V47/><F47/><W7/><G87/><T114/><D114/><U83/><REACH who="1" step="1"/><E57/><REACH who="1" ten="225,232,258,255" step="2"/><V69/><F69/><W59/><G59/><T79/><D79/><U66/><E66/><V109/><F109/><W45/><G45/><T112/><D112/><U46/><E46/><V95/><F95/><W123/><G123/><T4/><D4/><U25/><E25/><AGARI ba="0,3" hai="6,10,12,18,21,25,27,28,34,80,81,89,90,91" machi="25" ten="40,2600,0" yaku="1,1,52,1,53,0" doraHai="9" doraHaiUra="53" who="0" fromWho="1" sc="225,56,232,-26,258,0,255,0" /><BYE who="0" /><INIT seed="3,0,0,0,4,74" ten="281,206,258,255" oya="3" hai0="54,78,100,43,41,73,80,67,48,89,1,88,76" hai1="2,103,36,26,39,72,109,34,5,81,93,56,40" hai2="65,128,33,30,52,18,121,118,51,120,124,20,55" hai3="63,59,98,132,47,87,130,7,85,108,68,96,6"/><W110/><G68/><UN n0="%E7%8B%AC%E6%AD%A9" /><T134/><D134/><U84/><E109/><N who="3" m="42090" /><G132/><T46/><D1/><U95/><E72/><V8/><F118/><W45/><G130/><T38/><D76/><U101/><E5/><N who="3" m="1546" /><G59/><T27/><D67/><U71/><E2/><V29/><F65/><W75/><G63/><T69/><D69/><U23/><E34/><V17/><F128/><W58/><G58/><T115/><D115/><U60/><E71/><V91/><F51/><W129/><G75/><T14/><D100/><U117/><E117/><V127/><F91/><W35/><G35/><T97/><D97/><N who="3" m="37481" /><G129/><T19/><D27/><U114/><E114/><V131/><F131/><W107/><G107/><T11/><REACH who="0" step="1"/><D43/><REACH who="0" ten="271,206,258,255" step="2"/><U0/><E40/><V22/><F33/><W82/><G87/><T105/><D105/><U66/><E0/><V24/><F24/><W77/><AGARI ba="0,1" hai="45,47,77,82,85" m="37481,1546,42090" machi="77" ten="30,6000,0" yaku="14,1,10,1,52,1" doraHai="74" who="3" fromWho="3" sc="271,-20,206,-20,258,-20,255,70" /><INIT seed="3,1,0,2,1,116" ten="251,186,238,325" oya="3" hai0="114,43,82,69,31,52,115,125,126,51,95,79,13" hai1="26,112,61,100,58,68,57,132,16,77,89,134,6" hai2="74,56,106,93,4,27,78,48,97,64,85,44,71" hai3="0,49,33,46,11,102,91,28,54,63,108,75,22"/><W88/><G75/><T127/><D69/><U1/><E112/><N who="0" m="43049" /><D31/><U111/><E111/><V120/><F71/><W101/><G33/><T118/><D95/><U17/><E100/><N who="3" m="38506" /><G0/><T119/><D43/><U122/><E77/><V10/><F106/><W73/><G73/><N who="0" m="43375" /><D13/><U96/><E6/><V37/><F37/><W38/><G38/><T36/><D36/><U121/><E1/><V15/><F74/><W59/><G108/><T53/><D53/><U25/><E68/><V94/><F27/><N who="1" m="10249" /><E89/><N who="3" m="34378" /><G28/><T19/><D19/><N who="1" m="7243" /><E96/><V7/><F4/><W135/><G11/><T133/><D133/><N who="1" m="51307" /><E58/><AGARI ba="1,0" hai="51,52,58,118,119,125,126,127" m="43375,43049" machi="58" ten="40,5200,0" yaku="18,1,11,1,54,1" doraHai="116" who="0" fromWho="1" sc="251,55,186,-55,238,0,325,0" /><INIT seed="4,0,0,4,5,2" ten="306,131,238,325" oya="0" hai0="15,128,30,19,8,107,38,53,131,108,68,62,59" hai1="21,130,54,119,24,70,13,92,75,63,103,60,5" hai2="78,37,124,93,11,55,116,90,1,17,20,39,106" hai3="87,120,76,50,104,67,0,81,7,134,34,100,48"/><T14/><D107/><U56/><E75/><V74/><F106/><W71/><G34/><T111/><D38/><U96/><E119/><V18/><F116/><W22/><G120/><T10/><D68/><U23/><E130/><V26/><F124/><W33/><G33/><T83/><D30/><U125/><E125/><V41/><F55/><W98/><G134/><T29/><D29/><U46/><E46/><V89/><F41/><W127/><G22/><T88/><D83/><U82/><E82/><V9/><F9/><W110/><G110/><N who="0" m="42027" /><D88/><U35/><E35/><V91/><F93/><W25/><G25/><T80/><D80/><U121/><E121/><V114/><F114/><W58/><G71/><T113/><D113/><U47/><E47/><V43/><F43/><W66/><G127/><T79/><D79/><U133/><E133/><V32/><F32/><W99/><G99/><T61/><D61/><U49/><E70/><V52/><F78/><W69/><G69/><T105/><D105/><U73/><E73/><V126/><F74/><W95/><G104/><T31/><D31/><U42/><E42/><V132/><F132/><W118/><G118/><T36/><D36/><U112/><E112/><V117/><F117/><W28/><G28/><T40/><D40/><U16/><REACH who="1" step="1"/><E23/><REACH who="1" ten="306,121,238,325" step="2"/><N who="2" m="13687" /><F126/><W3/><G81/><T97/><D97/><U64/><E64/><V57/><F20/><W6/><G67/><T102/><D102/><U123/><E123/><V51/><F39/><W27/><G66/><T109/><D109/><U135/><E135/><V45/><F37/><W115/><G100/><RYUUKYOKU ba="0,1" sc="306,15,121,15,238,-15,325,-15" hai0="8,10,14,15,19,53,59,62,128,131" hai1="5,13,16,21,24,49,54,56,60,63,92,96,103" /><INIT seed="4,1,1,2,5,78" ten="321,136,223,310" oya="0" hai0="86,110,93,73,21,129,64,133,104,105,80,33,25" hai1="123,2,39,28,11,128,77,56,55,94,118,51,0" hai2="17,71,72,29,70,126,102,89,117,47,132,115,68" hai3="60,81,113,83,7,4,14,32,18,79,108,103,125"/><T16/><D73/><U69/><E118/><V75/><F115/><W37/><G108/><T49/><D110/><U13/><E69/><V54/><F102/><W59/><G37/><T65/><D33/><U27/><E123/><V120/><F120/><W84/><G32/><T22/><D129/><U92/><E39/><V46/><F29/><W1/><G113/><T98/><D133/><U114/><E128/><V122/><F122/><W19/><G125/><T66/><D22/><U88/><E77/><V61/><F126/><W124/><G124/><T67/><D67/><U100/><E100/><V8/><F132/><W23/><G1/><T30/><D49/><U3/><E114/><V5/><F17/><W53/><G103/><N who="0" m="60879" /><D104/><U91/><E94/><V48/><F117/><W20/><REACH who="3" step="1"/><G83/><REACH who="3" ten="321,136,223,300" step="2"/><T74/><D105/><U127/><E127/><V111/><F111/><W10/><G10/><T62/><D74/><U121/><E121/><V63/><F72/><W34/><G34/><T12/><D12/><AGARI ba="1,2" hai="4,7,12,14,18,19,20,23,53,59,60,79,81,84" machi="12" ten="30,8000,1" yaku="1,1,7,1,9,1,8,1,52,1,53,0" doraHai="78" doraHaiUra="42" who="3" fromWho="0" sc="321,-83,136,0,223,0,300,103" /><INIT seed="5,0,0,2,3,25" ten="238,136,223,403" oya="1" hai0="94,93,126,117,41,102,59,75,51,31,109,30,40" hai1="76,60,42,111,80,129,131,21,115,52,101,68,66" hai2="74,107,99,88,65,123,9,57,98,35,62,0,14" hai3="110,82,85,81,89,61,83,46,78,128,23,63,132"/><U79/><E42/><N who="0" m="16489" /><D75/><U45/><E111/><V22/><F123/><W113/><G110/><T53/><D109/><U38/><E38/><V5/><F35/><W86/><G128/><N who="1" m="49226" /><E101/><V133/><F74/><W24/><G132/><T72/><D72/><U10/><E10/><V48/><F133/><W130/><G130/><T121/><D126/><U8/><E8/><V44/><F107/><W92/><G113/><T69/><D69/><U95/><E115/><V87/><F22/><W19/><G46/><T16/><D117/><U37/><E37/><V100/><F100/><W55/><G63/><T120/><D102/><U32/><E32/><V134/><F0/><W39/><G39/><T67/><D67/><U7/><E7/><V6/><F5/><W114/><G114/><T118/><D118/><U105/><E105/><V119/><F134/><W56/><AGARI ba="0,0" hai="19,23,24,55,56,61,78,81,82,83,85,86,89,92" machi="56" ten="30,2000,0" yaku="0,1,8,1" doraHai="25" who="3" fromWho="3" sc="238,-5,136,-10,223,-5,403,20" /><INIT seed="6,0,0,2,1,63" ten="233,126,218,423" oya="2" hai0="93,43,129,19,46,105,40,26,52,91,111,110,33" hai1="99,95,22,51,10,89,2,36,17,7,132,61,29" hai2="53,6,60,37,100,104,119,66,48,5,9,87,74" hai3="71,68,24,1,135,134,3,31,47,133,45,83,50"/><V73/><F119/><W84/><G68/><T14/><D105/><U115/><E36/><V94/><F37/><W131/><G71/><T18/><D129/><U102/><E132/><V127/><F104/><W67/><G67/><T112/><D112/><U23/><E115/><V41/><F41/><N who="3" m="24879" /><G47/><T77/><D77/><U98/><E51/><V62/><F62/><W35/><G131/><T8/><D110/><U58/><E29/><V27/><F127/><W79/><AGARI ba="0,0" hai="1,3,24,31,35,79,83,84,133,134,135" m="24879" machi="79" ten="30,1100,0" yaku="20,1" doraHai="63" who="3" fromWho="3" sc="233,-3,126,-3,218,-5,423,11" /><INIT seed="7,0,0,1,2,91" ten="230,123,213,434" oya="3" hai0="95,24,116,117,94,128,20,89,17,134,41,72,104" hai1="125,4,10,113,8,111,13,29,65,23,126,63,67" hai2="60,31,16,100,15,21,135,79,26,28,98,52,3" hai3="107,50,58,110,122,83,78,25,68,48,43,101,70"/><W37/><G58/><T86/><D72/><U64/><E111/><V47/><F3/><W96/><G48/><T62/><D104/><U130/><E130/><V6/><F135/><W42/><G83/><T109/><D109/><U124/><E113/><V131/><F131/><W121/><G96/><T27/><D134/><U103/><E29/><V46/><F79/><W132/><G43/><T49/><D128/><U34/><E34/><V90/><F6/><W53/><G101/><T59/><D27/><U93/><E23/><N who="2" m="11679" /><F100/><W56/><G53/><N who="0" m="34159" /><D116/><U112/><E112/><V14/><F14/><W2/><G2/><T22/><D22/><U35/><E35/><V74/><F74/><W76/><G25/><T9/><D9/><U19/><E63/><V66/><F66/><W87/><G107/><T12/><D24/><U54/><E54/><V45/><F31/><W114/><G114/><T80/><D117/><U57/><E57/><N who="2" m="34855" /><F98/><W7/><G7/><T120/><D120/><U69/><E69/><V55/><F90/><W82/><G122/><T73/><D73/><U105/><E105/><V92/><F92/><W11/><G121/><T127/><D127/><U36/><E36/><V75/><F75/><W77/><G37/><T88/><D89/><U129/><E129/><V38/><F38/><W39/><G39/><T51/><D51/><AGARI ba="0,0" hai="21,26,28,45,46,47,51,55" m="34855,11679" machi="51" ten="30,3900,0" yaku="8,1,54,2" doraHai="91" who="2" fromWho="0" sc="230,-39,123,0,213,39,434,0" owari="191,-21.0,123,-38.0,252,5.0,434,54.0" /></mjloggm>