<mjloggm ver="2.3"><GO type="41"/><UN n0="%6E%61%6E%61%35%35%33%38" n1="%E3%82%A2%E3%83%95%E3%83%AD%E3%82%B5%E3%83%A0%E3%83%A9%E3%82%A4" n2="%61%5F%6B%31" n3="%EF%BC%88%E2%89%A7%E2%96%BD%E2%89%A6%EF%BC%89" dan="13,15,13,15" rate="1875,1968,1962,2051" sx="F,M,M,M"/><TAIKYOKU oya="0"/><INIT seed="0,0,0,0,0,16" ten="250,250,250,250" oya="0" hai0="37,76,22,13,52,57,104,70,79,135,35,133,9" hai1="88,40,91,2,48,81,69,87,89,25,117,20,80" hai2="61,127,77,101,51,46,26,93,29,116,108,114,49" hai3="55,44,32,39,126,12,0,3,110,90,120,78,58"/><T64/><D104/><U19/><E2/><V115/><F114/><W105/><G32/><T124/><D37/><U65/><E117/><V53/><F115/><W23/><G105/><T111/><D35/><U50/><E69/><V122/><F122/><W97/><G120/><T18/><D124/><U27/><E65/><V59/><F116/><W74/><G126/><T56/><D111/><U92/><E40/><V94/><F127/><W30/><G110/><T123/><D70/><U86/><E27/><V98/><F108/><W6/><G6/><T129/><D129/><U28/><E28/><V17/><F77/><N who="0" m="29770" /><D9/><U113/><E113/><V96/><F17/><W103/><G103/><T5/><D5/><U34/><E34/><V63/><F51/><W82/><G39/><T100/><D100/><U83/><E83/><V131/><F131/><W73/><G73/><T1/><D1/><U118/><E118/><V24/><F29/><W11/><G11/><T8/><D8/><U95/><E92/><V54/><REACH who="2" step="1"/><F63/><REACH who="2" step="2"/><W7/><G30/><T121/><D64/><U132/><REACH who="1" step="1"/><E132/><REACH who="1" step="2"/><N who="0" m="50761" /><D57/><U130/><E130/><V36/><F36/><W107/><G58/><T134/><N who="0" m="50769" /><T119/><DORA hai="60" /><D119/><U102/><E102/><AGARI ba="0,2" hai="24,26,46,49,53,54,59,61,93,94,96,98,101,102" machi="102" ten="30,7700,0" yaku="1,1,7,1,9,1,8,1,53,0" doraHai="16,60" doraHaiUra="66,31" who="2" fromWho="1" sc="250,0,240,-77,240,97,250,0" /><INIT seed="1,0,0,4,4,63" ten="250,163,337,250" oya="1" hai0="30,68,36,107,1,116,99,66,53,23,91,10,49" hai1="26,83,92,50,102,52,135,127,131,59,44,119,3" hai2="43,125,89,72,74,114,42,70,9,85,14,24,20" hai3="129,16,45,19,15,29,113,108,27,35,21,78,48"/><U61/><E119/><V121/><F121/><W132/><G113/><T5/><D116/><U123/><E3/><V67/><F114/><W75/><G132/><T128/><D128/><U0/><E135/><V11/><F125/><W46/><G129/><T25/><D36/><U51/><E0/><V134/><F134/><W69/><G69/><T126/><D126/><U65/><E131/><V17/><F9/><W71/><G71/><T54/><D68/><U98/><E127/><V57/><F70/><W56/><G108/><T84/><D66/><U60/><E123/><V79/><F79/><W33/><G33/><T13/><D1/><U8/><E26/><V109/><F109/><W120/><G120/><T18/><D107/><U112/><E112/><V58/><F74/><W38/><G38/><T104/><D104/><U62/><E8/><V90/><F72/><W47/><G19/><T122/><D99/><U115/><E115/><V37/><F37/><W86/><G75/><T6/><D54/><N who="1" m="30023" /><E83/><V31/><F90/><W41/><REACH who="3" step="1"/><G56/><AGARI ba="0,0" hai="51,52,56,59,60,61,62,65,92,98,102" m="30023" machi="56" ten="30,5800,0" yaku="8,1,52,1,54,1" doraHai="63" who="1" fromWho="3" sc="250,0,163,58,337,0,250,-58" /><INIT seed="1,1,0,1,5,63" ten="250,221,337,192" oya="1" hai0="61,73,107,48,27,31,32,69,45,57,56,122,81" hai1="17,12,135,30,22,18,19,13,91,119,95,109,113" hai2="43,15,4,128,77,88,130,11,3,78,26,29,2" hai3="39,8,10,90,85,86,36,72,112,40,6,16,120"/><U124/><E119/><V66/><F43/><W44/><G120/><T129/><D129/><N who="2" m="49770" /><F77/><W68/><G112/><T34/><D122/><U84/><E113/><V76/><F78/><W97/><G72/><T70/><D73/><U33/><E135/><V106/><F106/><W0/><G39/><T35/><D81/><U132/><E132/><V104/><F104/><W47/><G47/><T24/><D107/><U92/><E124/><V67/><F76/><W100/><G68/><T62/><D70/><U98/><E33/><N who="2" m="20663" /><F88/><W52/><G90/><T5/><D69/><U20/><E109/><V82/><F82/><W59/><G10/><T38/><D5/><U46/><E46/><V108/><F108/><W71/><G16/><N who="1" m="6250" /><E30/><V105/><F105/><W110/><G71/><T96/><D96/><U133/><E133/><V118/><F118/><W37/><G37/><T75/><D75/><U111/><N who="1" m="6258" /><U64/><DORA hai="9" /><E111/><V41/><F41/><W127/><G110/><T79/><D79/><U117/><E117/><V125/><F125/><W28/><G127/><T103/><D103/><U121/><E121/><V116/><F116/><W115/><G28/><T25/><D38/><U65/><E95/><V83/><F83/><W58/><G115/><T23/><D45/><U134/><E98/><V53/><F53/><W94/><REACH who="3" step="1"/><G59/><REACH who="3" step="2"/><T101/><D101/><U21/><E134/><V7/><F7/><W51/><AGARI ba="1,1" hai="0,6,8,36,40,44,51,52,58,85,86,94,97,100" machi="51" ten="20,16000,3" yaku="1,1,2,1,0,1,7,1,54,1,53,3" doraHai="63,9" doraHaiUra="89,80" who="3" fromWho="3" sc="250,-41,221,-81,337,-41,182,173" /><INIT seed="2,0,0,0,0,117" ten="209,140,296,355" oya="2" hai0="83,125,69,17,8,85,132,43,92,31,4,57,116" hai1="24,95,130,94,13,109,28,101,99,127,90,36,29" hai2="11,97,105,22,16,7,66,119,68,48,50,32,103" hai3="88,89,1,40,128,46,113,3,104,52,123,51,135"/><V63/><F119/><W18/><G123/><T37/><D116/><U98/><E36/><V55/><F32/><W39/><G104/><T120/><D120/><U42/><E130/><V65/><F65/><W25/><G128/><T96/><D125/><U9/><E42/><V82/><F82/><W58/><G113/><T60/><D132/><U6/><E127/><V106/><F106/><W47/><G135/><T53/><D69/><U70/><E70/><V49/><F11/><W10/><G46/><T110/><D110/><U72/><E72/><V33/><F33/><W112/><G112/><T20/><D31/><U80/><E80/><V78/><F78/><W19/><G25/><T5/><D37/><U93/><E93/><V62/><F7/><W126/><G126/><T21/><D43/><U121/><E109/><V38/><F63/><W124/><G124/><T59/><D59/><U86/><E86/><V34/><F34/><W74/><G74/><T64/><D64/><U71/><E71/><V26/><REACH who="2" step="1"/><F38/><REACH who="2" step="2"/><W14/><REACH who="3" step="1"/><G19/><REACH who="3" step="2"/><T91/><D8/><U73/><E121/><V122/><F122/><W115/><G115/><T41/><D21/><U0/><E73/><V15/><F15/><W75/><G75/><T87/><D5/><U35/><E0/><AGARI ba="0,2" hai="0,1,3,10,14,18,39,40,47,51,52,58,88,89" machi="0" ten="40,5200,0" yaku="1,1,54,2,53,0" doraHai="117" doraHaiUra="30" who="3" fromWho="1" sc="209,0,140,-52,286,0,345,72" /><INIT seed="3,0,0,0,5,71" ten="209,88,286,417" oya="3" hai0="41,9,39,16,101,38,32,54,53,127,122,79,133" hai1="49,48,78,84,108,117,99,52,10,102,17,46,124" hai2="55,25,100,31,26,37,80,8,98,51,68,76,44" hai3="34,1,96,36,120,42,47,118,106,62,134,33,113"/><W88/><G120/><T22/><D122/><U128/><E108/><V121/><F121/><W12/><G118/><T2/><D127/><U116/><E117/><V93/><F68/><W81/><G113/><T89/><D133/><U104/><E124/><V130/><F130/><W103/><G134/><T58/><D32/><U7/><E128/><V69/><F69/><W91/><G1/><T115/><D115/><U123/><E116/><V57/><F8/><W129/><G129/><T66/><D79/><U64/><E123/><V94/><F26/><W6/><G81/><T114/><D101/><U24/><E64/><V59/><F93/><W85/><G62/><T126/><D114/><U132/><E132/><V3/><F3/><W23/><G91/><T4/><D126/><U135/><E135/><V30/><F30/><W50/><G50/><T56/><D89/><U35/><E35/><V112/><F112/><W74/><G74/><T15/><D41/><U131/><E131/><V70/><F70/><W95/><REACH who="3" step="1"/><G23/><REACH who="3" step="2"/><T87/><D66/><U125/><E125/><V21/><F37/><W109/><G109/><T43/><D43/><U111/><E49/><V40/><F40/><W14/><G14/><T83/><D54/><U105/><E111/><V90/><F90/><W19/><G19/><T28/><D28/><U77/><E17/><V107/><F21/><W20/><G20/><T110/><D110/><U13/><E24/><V18/><F31/><W97/><G97/><T5/><D5/><U75/><E75/><V45/><F18/><W92/><G92/><T72/><D72/><RYUUKYOKU ba="0,1" sc="209,-10,88,-10,286,-10,407,30" hai3="6,12,33,34,36,42,47,85,88,95,96,103,106" /><INIT seed="3,1,1,5,5,126" ten="199,78,276,437" oya="3" hai0="80,97,26,15,95,133,87,84,5,7,27,46,104" hai1="56,106,59,96,29,25,6,68,122,73,62,57,49" hai2="83,43,109,125,3,8,123,42,65,107,16,72,121" hai3="14,82,78,22,130,54,66,69,23,45,131,0,30"/><W63/><G0/><T11/><D133/><U1/><E122/><N who="2" m="46603" /><F107/><W41/><G54/><T101/><D5/><U119/><E73/><V105/><F105/><W50/><G30/><T53/><D104/><U91/><E119/><V64/><F125/><W85/><G14/><T28/><D28/><U60/><E6/><V44/><F109/><W47/><G47/><T135/><D135/><U71/><E1/><V127/><F127/><W99/><G99/><T90/><D87/><U2/><E2/><V86/><F72/><W24/><G24/><T98/><D98/><U70/><E91/><V58/><F3/><W102/><G102/><T92/><D92/><U74/><E74/><V35/><F35/><W75/><G75/><T9/><D9/><U81/><E81/><V67/><F58/><W51/><G51/><AGARI ba="1,1" hai="7,11,15,26,27,46,51,53,80,84,90,95,97,101" machi="51" ten="40,1300,0" yaku="8,1" doraHai="126" who="0" fromWho="3" sc="199,26,78,0,276,0,437,-16" /><INIT seed="4,0,0,1,5,42" ten="225,78,276,421" oya="0" hai0="19,96,78,69,113,98,73,115,103,89,52,110,116" hai1="108,81,71,44,38,114,135,87,37,8,101,80,10" hai2="59,58,39,16,21,50,32,46,5,27,130,126,25" hai3="105,54,129,20,93,67,36,26,117,9,62,131,66"/><T90/><D69/><U102/><E108/><V48/><F126/><W125/><G105/><N who="0" m="63719" /><D110/><U106/><E71/><V64/><F130/><N who="3" m="49675" /><G36/><T14/><D116/><U31/><E31/><V88/><F39/><W23/><G117/><T82/><D98/><U60/><E60/><V65/><F5/><W128/><G128/><T28/><D52/><U122/><E122/><V132/><F132/><W119/><G119/><T51/><D51/><U15/><E135/><V92/><F32/><W74/><G74/><N who="0" m="43351" /><D28/><U33/><E33/><V91/><F91/><N who="0" m="34826" /><D19/><U22/><E106/><V111/><F111/><W34/><G20/><T86/><D14/><U107/><E107/><V127/><F27/><W17/><G23/><T47/><D47/><U13/><E22/><V83/><F127/><W118/><G125/><T77/><D73/><U109/><E109/><V79/><F50/><W2/><G17/><T45/><D45/><U68/><E68/><V18/><F18/><W29/><G29/><T100/><D100/><U99/><E44/><V85/><F59/><W112/><G26/><T95/><D95/><U57/><E57/><V72/><REACH who="2" step="1"/><F58/><REACH who="2" step="2"/><N who="3" m="35159" /><G34/><T12/><D12/><U53/><E37/><V63/><F63/><W30/><G30/><T4/><D4/><U35/><E38/><V104/><F104/><W120/><G118/><T0/><D0/><U133/><E35/><V94/><F94/><W24/><G93/><T56/><D56/><U134/><E15/><V97/><F97/><W123/><G2/><T3/><D3/><U41/><E13/><V55/><AGARI ba="0,1" hai="16,21,25,46,48,55,64,65,72,79,83,85,88,92" machi="55" ten="20,12000,2" yaku="1,1,0,1,7,1,52,1,54,2,53,1" doraHai="42" doraHaiUra="84" who="2" fromWho="2" sc="225,-60,78,-30,266,130,421,-30" /><INIT seed="5,0,0,4,4,64" ten="165,48,396,391" oya="1" hai0="13,27,59,29,91,43,129,36,60,76,133,9,58" hai1="53,96,84,109,1,123,99,65,131,46,95,40,39" hai2="110,66,21,54,87,3,135,122,108,15,67,111,0" hai3="72,90,75,118,22,25,63,113,104,107,98,61,50"/><U47/><E123/><V103/><F122/><W120/><G120/><T2/><D2/><U74/><E1/><V124/><F3/><W105/><G118/><T134/><D129/><U17/><E74/><V100/><F0/><W88/><G113/><T41/><D76/><U82/><E131/><V94/><F54/><W57/><G50/><T68/><D36/><U89/><E109/><V85/><F15/><W69/><G69/><T115/><D115/><U93/><E65/><V19/><F19/><N who="3" m="12511" /><G90/><T34/><D59/><U77/><E53/><V35/><F21/><W10/><G10/><T116/><D68/><U48/><E47/><V86/><F35/><W117/><G63/><T16/><D91/><U30/><E30/><V126/><F135/><N who="0" m="51722" /><D116/><U78/><E17/><V92/><F67/><AGARI ba="0,0" hai="9,13,16,27,29,34,41,43,58,60,67" m="51722" machi="67" ten="30,2000,0" yaku="20,1,54,1" doraHai="64" who="0" fromWho="2" sc="165,20,48,0,396,-20,391,0" /><INIT seed="6,0,0,1,1,90" ten="185,48,376,391" oya="2" hai0="0,116,56,33,134,92,110,72,71,106,89,63,45" hai1="27,25,133,26,107,32,83,76,77,126,94,82,96" hai2="70,115,93,1,117,23,122,14,34,84,67,87,91" hai3="102,35,66,48,8,74,15,78,37,49,39,119,42"/><V128/><F122/><W51/><G119/><T55/><D110/><U12/><E133/><V113/><F117/><W111/><G111/><T24/><D116/><U73/><E107/><V123/><F123/><W41/><G35/><T124/><D134/><U80/><E126/><V79/><F34/><W129/><G129/><T22/><D124/><U60/><E60/><N who="2" m="40295" /><F1/><W10/><G66/><T65/><D106/><U30/><E12/><V127/><F127/><W97/><G74/><T109/><D109/><U105/><E105/><V50/><F50/><W46/><G78/><T11/><D33/><U108/><E108/><V69/><F69/><W19/><G8/><T43/><D72/><U18/><E18/><N who="2" m="10711" /><F128/><W68/><G68/><T64/><D71/><U103/><REACH who="1" step="1"/><E82/><REACH who="1" step="2"/><V29/><F29/><W99/><G19/><T53/><D0/><U6/><E6/><V3/><F3/><W61/><G15/><T59/><D11/><U5/><E5/><V7/><F7/><W20/><G10/><T57/><D43/><U40/><E40/><V118/><F118/><W47/><G42/><T86/><D45/><U21/><E21/><V81/><F115/><W58/><G20/><T120/><D120/><U2/><E2/><V36/><F113/><W52/><G41/><T16/><D63/><U88/><E88/><V135/><F135/><W75/><G46/><T17/><D65/><U54/><E54/><N who="0" m="20489" /><D64/><U98/><E98/><V13/><F13/><W101/><G47/><T121/><D121/><U28/><E28/><AGARI ba="0,1" hai="16,17,22,24,28,56,57,59,86,89,92" m="20489" machi="28" ten="30,3900,0" yaku="8,1,52,1,54,1" doraHai="90" who="0" fromWho="1" sc="185,49,38,-39,376,0,391,0" owari="234,-17.0,-1,-50.0,376,18.0,391,49.0" /></mjloggm>