<mjloggm ver="2.3"><GO type="41"/><UN n0="%E9%A2%A8%E8%BB%8A%E3%81%AE%E7%B5%B5%E7%90%86%E5%AD%90" n1="%EF%BC%88%E2%89%A7%E2%96%BD%E2%89%A6%EF%BC%89" n2="%E3%83%89%E3%83%AA%E3%83%BC%E3%83%A0%E3%83%A9%E3%82%A4%E3%83%80%E3%83%BC" n3="%E3%81%99%E3%81%A8%E3%82%8D%E3%83%BC" dan="15,14,14,15" rate="2064,2049,1830,1934" sx="F,M,M,M"/><TAIKYOKU oya="0"/><INIT seed="0,0,0,2,5,7" ten="250,250,250,250" oya="0" hai0="31,92,37,14,10,118,81,0,121,61,27,109,127" hai1="49,29,51,102,9,97,70,71,36,11,86,45,20" hai2="23,21,73,95,90,126,53,87,2,133,64,60,16" hai3="113,116,3,99,24,110,33,72,38,134,57,131,76"/><T25/><D37/><U100/><E36/><V58/><F126/><W19/><RYUUKYOKU type="yao9" ba="0,0" sc="250,0,250,0,250,0,250,0" hai3="3,19,24,33,38,57,72,76,99,110,113,116,131,134" /><INIT seed="0,1,0,0,2,2" ten="250,250,250,250" oya="0" hai0="86,132,24,121,49,57,81,41,12,109,52,13,113" hai1="67,127,123,122,35,51,30,104,73,21,130,103,102" hai2="71,92,134,22,101,25,14,40,112,126,0,20,19" hai3="78,55,3,44,87,4,108,27,46,63,115,133,93"/><T65/><D113/><U98/><E130/><V5/><F71/><W74/><G115/><T72/><D72/><U66/><E127/><V45/><F112/><W28/><G74/><T118/><D118/><U9/><E73/><V79/><F126/><W69/><G108/><T39/><D121/><U70/><E102/><V110/><F110/><W131/><G131/><T85/><D109/><U84/><E21/><V91/><F79/><W68/><G68/><T111/><D132/><U119/><E119/><V36/><F134/><W82/><G133/><T106/><D106/><U11/><E51/><V96/><F0/><W116/><G116/><T62/><D24/><N who="1" m="18887" /><E84/><V53/><F53/><W80/><G80/><T117/><D117/><U100/><E67/><V50/><F36/><W37/><G37/><T97/><D97/><U17/><E103/><V99/><F101/><W7/><G93/><T10/><D111/><U15/><E9/><V18/><F99/><W60/><G69/><N who="0" m="42167" /><D81/><U114/><E114/><V38/><F38/><W32/><G3/><T58/><D58/><U8/><E8/><V61/><F61/><AGARI ba="1,0" hai="11,15,17,61,66,70,98,100,104,122,123" m="18887" machi="61" ten="30,1000,0" yaku="25,1" doraHai="2" who="1" fromWho="2" sc="250,0,250,13,250,-13,250,0" /><INIT seed="1,0,0,2,0,132" ten="250,263,237,250" oya="1" hai0="32,77,26,81,85,74,5,105,83,113,80,104,54" hai1="99,97,50,33,52,17,130,126,78,14,58,20,24" hai2="0,117,28,93,129,44,119,41,73,79,116,98,19" hai3="60,10,15,131,102,40,4,135,112,100,92,12,76"/><U21/><E130/><V59/><F129/><W47/><G131/><T43/><D113/><U69/><E69/><V107/><F107/><W106/><G112/><T115/><D115/><U61/><E33/><V27/><F0/><W37/><G135/><T90/><D43/><U66/><E78/><V91/><F59/><W30/><G106/><T1/><D1/><U57/><REACH who="1" step="1"/><E126/><REACH who="1" step="2"/><V56/><F79/><W7/><G76/><T114/><D114/><U36/><E36/><V65/><F73/><W111/><G37/><T13/><D77/><U118/><E118/><V29/><F119/><W2/><G2/><T18/><D74/><U109/><E109/><V16/><F117/><W34/><G111/><T31/><D32/><U23/><E23/><V124/><F116/><W39/><G34/><T42/><D105/><U120/><E120/><V95/><F124/><W46/><G39/><T11/><D104/><U9/><E9/><V62/><F28/><AGARI ba="0,1" hai="14,17,20,21,24,28,50,52,57,58,61,66,97,99" machi="28" ten="30,11600,0" yaku="1,1,7,1,8,1,54,1,53,0" doraHai="132" doraHaiUra="6" who="1" fromWho="2" sc="250,0,253,126,237,-116,250,0" /><INIT seed="1,1,0,3,0,35" ten="250,379,121,250" oya="1" hai0="55,62,6,18,10,15,42,49,67,54,129,101,88" hai1="130,126,119,98,51,27,44,17,133,108,91,38,107" hai2="5,9,94,21,16,99,89,135,56,23,93,64,33" hai3="14,87,127,79,78,95,60,72,110,36,24,2,22"/><U73/><E119/><V75/><F135/><W46/><G72/><T128/><D101/><U48/><E73/><V52/><F75/><W70/><G14/><T25/><D42/><U114/><E38/><V77/><F33/><W90/><G110/><T65/><D129/><U121/><E121/><V118/><F118/><W29/><G127/><T19/><D128/><U102/><E130/><V122/><F122/><W41/><G70/><T8/><D25/><U43/><E114/><V120/><F120/><W20/><G20/><T63/><D49/><U47/><E126/><V53/><F77/><W123/><G123/><T11/><D6/><U112/><E112/><V45/><F93/><W3/><REACH who="3" step="1"/><G60/><REACH who="3" step="2"/><T105/><D15/><U124/><E108/><V83/><F23/><W68/><G68/><T96/><D62/><U58/><E133/><V111/><F111/><W57/><G57/><T4/><D63/><U28/><E124/><V0/><F83/><W69/><G69/><T61/><D61/><U30/><E58/><V13/><F64/><W85/><G85/><T40/><D67/><U106/><E44/><V86/><F56/><W84/><G84/><T82/><D65/><U31/><E47/><V39/><REACH who="2" step="1"/><F86/><REACH who="2" step="2"/><W74/><G74/><T71/><D82/><U113/><E113/><V92/><F92/><W12/><G12/><T132/><D71/><U1/><E107/><V117/><F117/><W97/><G97/><T125/><D96/><U26/><E98/><V131/><F131/><W59/><G59/><T32/><D105/><U134/><E106/><V66/><F66/><RYUUKYOKU ba="1,2" sc="250,-15,379,-15,111,15,240,15" hai2="0,5,9,13,16,21,39,45,52,53,89,94,99" hai3="2,3,22,24,29,36,41,46,78,79,87,90,95" /><INIT seed="2,2,2,1,1,103" ten="235,364,126,255" oya="2" hai0="134,40,14,58,126,29,11,34,31,75,81,41,70" hai1="44,122,21,99,59,72,90,61,5,128,100,55,32" hai2="85,106,22,133,93,125,42,79,63,105,74,69,113" hai3="37,38,56,46,4,68,135,48,45,26,91,0,10"/><V50/><F113/><W15/><G135/><T76/><D70/><U110/><E32/><V84/><F133/><W94/><G68/><T12/><D134/><U80/><E122/><V98/><F125/><W23/><G0/><T131/><D131/><U77/><E5/><V115/><F115/><W124/><G124/><T121/><D121/><U6/><E6/><V18/><F74/><W13/><G38/><T19/><D126/><U119/><E119/><V78/><F69/><W89/><G37/><T17/><D34/><U127/><E127/><V73/><F73/><W66/><G89/><T102/><D102/><U7/><E7/><V35/><F35/><W71/><G71/><T43/><REACH who="0" step="1"/><D58/><REACH who="0" step="2"/><U132/><E59/><V51/><F42/><W16/><G66/><T54/><D54/><U86/><E55/><V97/><F63/><W117/><G117/><T108/><D108/><U33/><E61/><V123/><F123/><W53/><REACH who="3" step="1"/><G26/><REACH who="3" step="2"/><T1/><D1/><U88/><E132/><V114/><F114/><W101/><G101/><T49/><D49/><U96/><E100/><V9/><F9/><AGARI ba="2,4" hai="9,11,12,14,17,19,29,31,40,41,43,75,76,81" machi="9" ten="40,2600,0" yaku="1,1,9,1,53,0" doraHai="103" doraHaiUra="118" who="0" fromWho="2" sc="225,72,364,0,126,-32,245,0" /><INIT seed="3,0,0,4,5,74" ten="297,364,94,245" oya="3" hai0="93,128,45,107,15,13,94,26,0,130,97,28,60" hai1="40,25,35,111,7,12,31,119,125,34,49,68,17" hai2="52,64,42,104,62,39,24,44,76,16,6,9,4" hai3="90,46,108,117,122,86,69,88,129,87,135,85,66"/><W83/><G122/><T21/><D0/><U19/><E68/><V103/><F104/><W18/><G117/><T124/><D124/><U133/><E40/><V20/><F103/><W115/><G115/><T89/><D107/><U33/><E49/><V41/><F41/><W3/><G3/><T37/><D37/><U70/><E70/><V43/><F43/><W54/><G69/><T47/><D130/><U116/><E125/><V38/><F38/><W100/><G66/><T134/><D134/><U53/><E53/><V67/><F76/><N who="3" m="46311" /><G129/><T112/><D112/><U110/><E133/><V95/><F95/><N who="3" m="54679" /><G135/><T65/><D128/><U14/><E7/><V114/><F114/><W58/><G108/><N who="1" m="41514" /><E119/><V109/><F109/><W91/><G100/><T126/><D126/><U2/><E2/><V131/><F131/><W10/><G46/><N who="0" m="17419" /><D94/><U63/><E116/><V48/><F62/><N who="3" m="36183" /><G87/><T8/><D60/><U61/><E61/><V82/><F82/><W78/><G78/><T105/><D65/><U72/><E63/><V127/><F127/><W123/><G123/><T32/><D105/><U27/><E72/><V106/><F106/><W77/><G77/><T75/><D75/><U29/><E35/><V73/><F73/><W50/><G50/><T120/><D120/><U11/><E34/><V92/><F92/><W55/><G55/><T121/><D121/><U51/><E51/><V79/><F79/><W71/><G71/><T5/><D32/><U118/><E118/><V30/><F30/><N who="1" m="11273" /><E33/><V57/><F6/><W101/><G101/><T99/><D99/><U1/><E1/><AGARI ba="0,0" hai="1,4,9,16,20,24,39,42,44,48,52,57,64,67" machi="1" ten="30,7700,0" yaku="6,1,7,1,54,2" doraHai="74" who="2" fromWho="1" sc="297,0,364,-77,94,77,245,0" /><INIT seed="4,0,0,0,3,94" ten="297,287,171,245" oya="0" hai0="60,131,0,134,101,89,8,66,57,100,4,75,123" hai1="10,126,55,48,15,29,23,102,43,22,135,58,11" hai2="128,13,40,63,72,1,41,6,107,38,86,27,67" hai3="3,117,53,110,98,105,61,127,59,71,26,39,83"/><T7/><D75/><U92/><E135/><V2/><F107/><W18/><G110/><T79/><D79/><U54/><E126/><V73/><F128/><W33/><G117/><T124/><D123/><U88/><E102/><V16/><F38/><W93/><G39/><T74/><D74/><U50/><E43/><V14/><F73/><W115/><G3/><T25/><D134/><U91/><E29/><V121/><F121/><W97/><G83/><T85/><D124/><U45/><E91/><V51/><F72/><W28/><G127/><T34/><D131/><U87/><REACH who="1" step="1"/><E10/><REACH who="1" step="2"/><V112/><F112/><W31/><G115/><T35/><D101/><U99/><E99/><V42/><F86/><W46/><G33/><T113/><D100/><U19/><AGARI ba="0,1" hai="11,15,19,22,23,45,48,50,54,55,58,87,88,92" machi="19" ten="20,8000,1" yaku="1,1,0,1,7,1,8,1,54,1,53,0" doraHai="94" doraHaiUra="96" who="1" fromWho="1" sc="297,-40,277,90,171,-20,245,-20" /><INIT seed="5,0,0,5,3,35" ten="257,367,151,225" oya="1" hai0="20,7,71,96,48,75,85,65,103,36,9,80,131" hai1="125,130,134,22,108,98,135,50,34,94,105,41,102" hai2="124,30,84,38,28,122,23,87,25,52,2,133,42" hai3="112,95,123,4,57,86,53,111,81,8,101,12,59"/><U90/><E34/><V40/><F122/><W1/><G111/><T17/><D36/><U69/><E69/><V74/><F74/><W32/><G123/><T43/><D75/><U127/><E108/><V49/><F124/><N who="1" m="47689" /><E22/><V24/><F133/><N who="1" m="50697" /><E50/><V132/><F132/><W115/><G32/><T58/><D131/><U60/><E60/><V128/><F128/><W104/><G104/><T39/><D39/><U19/><E19/><V11/><F38/><W92/><G12/><T64/><D71/><U107/><E41/><V44/><F42/><W109/><G109/><T62/><D48/><U15/><E15/><V120/><F40/><W0/><G59/><T73/><D43/><U21/><E21/><V47/><F120/><W114/><G101/><T119/><D64/><U54/><E54/><V29/><F47/><W118/><G118/><T110/><D119/><U121/><E121/><V97/><F97/><W16/><G16/><T72/><D9/><U83/><E130/><V67/><F67/><W37/><G37/><T88/><D7/><U116/><E116/><V14/><F14/><N who="3" m="5383" /><G53/><T6/><D6/><U26/><E26/><N who="2" m="10347" /><F23/><W78/><G57/><T13/><REACH who="0" step="1"/><D110/><REACH who="0" step="2"/><U93/><E107/><AGARI ba="0,1" hai="13,17,20,58,62,65,72,73,80,85,88,96,103,107" machi="107" ten="30,7700,0" yaku="1,1,2,1,7,1,54,1,53,0" doraHai="35" doraHaiUra="113" who="0" fromWho="1" sc="247,87,367,-77,151,0,225,0" /><INIT seed="6,0,0,3,2,83" ten="334,290,151,225" oya="2" hai0="96,98,17,131,65,78,116,37,49,61,75,120,81" hai1="82,52,93,47,74,133,124,31,42,38,94,36,122" hai2="89,108,66,56,126,86,41,0,104,99,10,101,46" hai3="22,107,109,85,87,73,15,91,60,114,90,28,19"/><V95/><F108/><W129/><G109/><T39/><D120/><U45/><E122/><V76/><F126/><W3/><G3/><T103/><D131/><U26/><E124/><V53/><F66/><W70/><G73/><T57/><D116/><U16/><E133/><V113/><F113/><W97/><G129/><T64/><D64/><U132/><E132/><V63/><F0/><W110/><G110/><T128/><D128/><U71/><E71/><V67/><F10/><W44/><G114/><T7/><D7/><U18/><E74/><V34/><F34/><W59/><G70/><T27/><D98/><U80/><E31/><V125/><F125/><W48/><G28/><T20/><REACH who="0" step="1"/><D49/><REACH who="0" step="2"/><U123/><E123/><V14/><F67/><N who="3" m="39327" /><G107/><AGARI ba="0,1" hai="17,20,27,37,39,57,61,65,75,78,81,96,103,107" machi="107" ten="30,3900,0" yaku="1,1,7,1,53,1" doraHai="83" doraHaiUra="55" who="0" fromWho="3" sc="324,49,290,0,151,0,225,-39" /><INIT seed="7,0,0,0,3,72" ten="373,290,151,186" oya="3" hai0="62,48,45,13,68,123,40,39,83,113,99,118,78" hai1="90,19,125,67,101,24,91,114,124,111,74,122,7" hai2="82,93,100,49,1,47,132,4,65,23,104,109,3" hai3="25,43,108,8,2,77,84,50,102,86,96,9,51"/><W21/><G108/><T98/><D123/><U60/><E122/><V10/><F109/><W33/><G33/><T52/><D118/><U117/><E111/><V41/><F132/><W58/><G2/><T76/><D113/><U0/><E117/><V80/><F65/><W127/><G127/><T37/><D37/><U97/><E114/><V27/><F104/><W73/><G73/><T128/><D128/><U115/><E115/><V64/><F64/><W32/><G32/><T20/><D68/><U107/><E74/><V129/><F129/><W53/><G43/><T121/><D83/><U70/><E0/><V30/><F100/><W89/><G50/><T44/><D121/><U105/><E105/><V18/><F93/><N who="3" m="56367" /><G102/><T106/><D106/><U71/><E7/><V110/><F110/><W103/><G103/><T133/><D133/><U22/><REACH who="1" step="1"/><E71/><REACH who="1" step="2"/><V56/><F56/><W130/><G130/><T36/><D45/><U112/><E112/><V26/><REACH who="2" step="1"/><F3/><REACH who="2" step="2"/><W81/><G86/><T29/><D44/><U42/><E42/><V135/><F135/><W55/><G55/><T46/><D52/><U95/><E95/><V92/><F92/><W31/><AGARI ba="0,2" hai="8,9,21,25,31,51,53,58,77,81,84" m="56367" machi="31" ten="30,3000,0" yaku="8,1,52,1" doraHai="72" who="3" fromWho="3" sc="373,-10,280,-10,141,-10,186,50" /><INIT seed="7,1,0,1,4,43" ten="363,270,131,236" oya="3" hai0="3,103,65,100,126,105,127,119,52,84,23,1,56" hai1="102,9,108,51,95,94,46,32,104,14,77,55,66" hai2="73,10,91,132,83,116,25,134,111,131,128,135,107" hai3="93,78,16,67,59,5,7,15,123,85,62,44,99"/><W80/><G123/><T35/><D35/><U6/><E108/><V115/><F25/><W124/><G124/><T64/><D119/><U54/><E32/><V48/><F10/><W88/><G44/><T20/><D84/><U122/><E122/><V39/><F39/><W113/><G113/><T2/><D52/><N who="1" m="29815" /><E104/><V45/><F116/><W114/><G114/><T13/><D13/><U69/><E69/><V11/><F115/><W47/><G47/><T61/><D65/><U50/><E66/><V86/><F11/><AGARI ba="1,0" hai="5,7,11,15,16,59,62,67,78,80,85,88,93,99" machi="11" ten="30,11600,0" yaku="7,1,8,1,54,2" doraHai="43" who="3" fromWho="2" sc="363,0,270,0,131,-119,236,119" /><INIT seed="7,2,0,3,4,31" ten="363,270,12,355" oya="3" hai0="27,22,130,96,85,127,26,51,1,7,16,92,86" hai1="48,32,89,79,58,134,115,35,14,69,66,75,103" hai2="72,62,135,78,6,102,118,125,15,70,53,94,30" hai3="3,128,108,88,63,60,2,50,18,47,11,38,68"/><W81/><G38/><T110/><D110/><U40/><E103/><V24/><F15/><N who="3" m="7551" /><G68/><T126/><D130/><U21/><E134/><V91/><F24/><W54/><G128/><T36/><D36/><U67/><E115/><V73/><F30/><W28/><G28/><T97/><D1/><N who="3" m="9" /><G108/><T114/><D114/><U64/><E69/><V99/><F6/><W104/><G104/><T77/><D7/><U124/><E124/><N who="0" m="47657" /><D77/><U132/><E132/><V41/><F41/><W13/><G13/><T129/><D129/><U29/><E89/><V82/><F53/><W113/><G113/><T42/><D27/><U76/><E75/><V23/><F23/><W131/><G131/><T87/><D92/><U121/><E121/><V93/><F62/><W5/><G5/><T37/><D37/><U55/><E40/><V133/><F70/><W107/><G107/><T44/><AGARI ba="2,0" hai="16,22,26,42,44,51,85,86,87,96,97" m="47657" machi="44" ten="40,2700,0" yaku="18,1,54,1" doraHai="31" who="0" fromWho="0" sc="363,33,270,-9,12,-9,355,-15" owari="396,50.0,261,-14.0,3,-50.0,340,14.0" /></mjloggm>