<mjloggm ver="2.3"><GO type="43"/><UN n0="%6D%69%78%69%E5%B0%82%E7%94%A8%49%44" n1="%E5%84%AA%E5%B8%8C%E3%81%AE%E5%BC%9F%E5%AD%90" n2="%EF%BC%88%E2%89%A7%E2%96%BD%E2%89%A6%EF%BC%89" n3="%4E%61%4E%6F%4E%65" dan="13,13,15,14" rate="1852,1915,2001,1905" sx="M,F,F,M"/><TAIKYOKU oya="0"/><INIT seed="0,0,0,2,3,86" ten="250,250,250,250" oya="0" hai0="25,29,61,22,12,51,34,72,40,5,78,60,74" hai1="32,59,43,92,105,36,83,134,102,18,55,124,48" hai2="97,73,39,71,47,84,64,88,76,81,91,6,129" hai3="23,31,53,116,50,120,38,90,69,24,44,1,121"/><T123/><D123/><N who="3" m="47177" /><G116/><T80/><D74/><U15/><E105/><V95/><F129/><W67/><G1/><T3/><D40/><U33/><E134/><V100/><F6/><W122/><G38/><T21/><D51/><U30/><E124/><V65/><F71/><W126/><G126/><T41/><D41/><U127/><E127/><V7/><F7/><W17/><G122/><T42/><D42/><U111/><E111/><V16/><F39/><W110/><G110/><T101/><D101/><U2/><E2/><V56/><F47/><W77/><G77/><T45/><D45/><U94/><E83/><V117/><F117/><W130/><G130/><T133/><D22/><U113/><E113/><V93/><F56/><W57/><G69/><T68/><D68/><U35/><E30/><V10/><REACH who="2" step="1"/><F100/><REACH who="2" ten="250,250,240,250" step="2"/><W118/><G118/><T54/><D133/><U108/><E108/><V49/><F49/><W135/><G135/><T70/><D70/><U109/><E109/><V8/><F8/><W115/><G115/><T79/><D5/><U119/><E119/><V125/><F125/><W75/><G44/><T11/><D11/><U58/><E58/><V99/><F99/><W87/><G57/><T104/><D3/><U14/><E102/><V128/><F128/><W46/><G46/><T112/><D112/><U131/><E36/><V37/><F37/><W52/><G50/><T85/><D61/><U132/><E48/><V107/><F107/><W106/><G106/><T9/><D9/><U96/><E132/><V82/><F82/><W66/><G31/><N who="0" m="19823" /><D104/><U114/><E131/><RYUUKYOKU ba="0,1" sc="250,-10,250,-10,240,30,250,-10" hai2="10,16,64,65,73,76,81,84,88,91,93,95,97" /><INIT seed="1,1,1,2,5,56" ten="240,240,270,240" oya="1" hai0="16,2,22,103,132,23,99,118,42,12,106,79,48" hai1="87,109,85,24,98,111,120,52,65,101,3,43,51" hai2="62,31,114,45,84,64,108,69,46,59,54,72,131" hai3="47,95,26,17,55,80,63,90,38,94,127,78,135"/><U116/><E3/><V34/><F72/><W27/><G127/><T57/><D118/><U30/><E116/><V10/><F114/><W130/><G135/><T39/><D132/><U41/><E65/><V18/><F131/><W88/><G130/><T53/><D2/><U76/><E120/><V20/><F108/><N who="1" m="41545" /><E76/><V89/><F10/><W29/><G38/><T32/><D32/><N who="1" m="20551" /><E85/><V121/><F121/><W40/><G40/><N who="1" m="15434" /><E87/><V36/><F36/><W104/><G104/><T126/><D126/><U7/><E7/><V74/><F74/><W4/><G4/><T13/><D79/><U92/><E52/><V68/><F34/><W134/><G134/><T15/><D42/><U11/><E51/><V123/><F123/><W25/><G78/><T128/><D39/><U107/><E11/><V21/><F31/><W125/><G29/><T129/><D129/><U110/><N who="1" m="41553" /><U124/><DORA hai="37" /><E124/><V1/><F1/><W5/><G55/><T61/><D128/><U96/><E96/><V86/><F54/><W9/><G125/><T100/><D100/><U83/><E83/><V119/><F86/><W14/><G80/><T49/><D49/><U91/><E91/><V35/><F89/><W33/><G33/><T70/><D48/><U8/><E8/><V113/><F35/><W81/><G81/><T102/><D102/><U58/><E58/><V44/><F84/><W112/><G5/><T66/><D70/><N who="2" m="27242" /><F59/><W122/><G90/><T71/><D71/><U82/><E82/><V50/><F119/><W97/><G122/><T73/><D53/><U115/><E115/><RYUUKYOKU ba="1,1" sc="240,-10,240,30,270,-10,240,-10" hai1="92,98,101,107" /><INIT seed="1,2,1,2,0,115" ten="230,270,260,230" oya="1" hai0="104,26,97,30,12,25,102,103,59,112,68,9,87" hai1="111,135,42,119,125,92,127,18,5,47,39,123,56" hai2="23,120,14,130,31,41,83,96,116,32,106,35,60" hai3="53,13,24,65,45,82,61,3,126,124,4,81,19"/><U1/><E1/><V71/><F120/><W122/><G122/><T28/><D112/><U67/><E5/><V0/><F0/><W75/><G3/><T16/><D68/><U55/><E123/><V58/><F130/><W94/><G4/><T10/><D10/><U62/><E18/><V105/><F71/><N who="3" m="42415" /><G75/><T99/><D59/><N who="1" m="37343" /><E92/><V101/><F105/><W66/><G66/><T69/><D69/><U20/><E20/><V2/><F2/><W44/><G24/><T86/><D26/><U6/><E6/><V73/><F41/><W78/><G94/><T132/><D132/><U70/><E70/><V22/><F22/><N who="3" m="11631" /><G78/><T33/><D28/><U90/><E90/><V108/><F31/><W43/><G53/><T118/><D118/><U84/><E84/><V89/><F116/><W110/><G110/><T109/><REACH who="0" step="1"/><D109/><REACH who="0" ten="220,270,260,230" step="2"/><U27/><E111/><V54/><F108/><W38/><G45/><T131/><D131/><U51/><E27/><V91/><F35/><W129/><G129/><T100/><D100/><U48/><E119/><V7/><F32/><W15/><G15/><T64/><D64/><U117/><E117/><V40/><F14/><W88/><G88/><T134/><D134/><U36/><E135/><V128/><F89/><W8/><G8/><T29/><D29/><U63/><E63/><V114/><F128/><W17/><G17/><T80/><D80/><U95/><E95/><AGARI ba="2,2" hai="9,12,16,25,30,33,86,87,95,97,99,102,103,104" machi="95" ten="30,2000,0" yaku="1,1,7,1,53,0" doraHai="115" doraHaiUra="46" who="0" fromWho="1" sc="220,46,270,-26,260,0,230,0" /><INIT seed="2,0,0,2,1,124" ten="266,244,260,230" oya="2" hai0="6,81,130,42,94,92,113,83,57,48,76,129,135" hai1="38,80,56,105,75,32,103,69,82,97,9,104,49" hai2="109,108,35,55,93,19,79,46,53,26,99,40,34" hai3="102,68,47,54,132,107,21,125,88,66,27,123,3"/><V84/><F79/><W100/><G125/><T86/><D113/><U29/><E38/><V52/><F84/><W131/><G123/><T111/><D111/><N who="2" m="42570" /><F19/><W98/><G3/><T45/><D135/><U24/><E75/><V101/><F26/><W78/><G132/><T7/><D83/><U36/><E36/><AGARI ba="0,0" hai="34,35,36,40,46,52,53,55,93,99,101" m="42570" machi="36" ten="30,2900,0" yaku="14,1,10,1" doraHai="124" who="2" fromWho="1" sc="266,0,244,-29,260,29,230,0" /><INIT seed="2,1,0,3,2,118" ten="266,215,289,230" oya="2" hai0="18,59,74,57,125,84,126,8,92,53,78,96,134" hai1="40,105,2,88,62,100,127,1,91,4,73,114,51" hai2="45,102,20,3,89,48,68,75,94,64,123,104,47" hai3="44,129,82,36,61,26,106,66,12,121,32,25,30"/><V23/><F3/><W128/><G106/><T33/><D33/><U116/><E62/><V21/><F75/><W13/><G121/><T6/><D74/><U112/><E51/><V67/><F123/><W15/><G82/><N who="0" m="47191" /><D134/><U72/><E40/><V113/><F113/><W42/><REACH who="3" step="1"/><G26/><REACH who="3" ten="266,215,289,220" step="2"/><T29/><D126/><U87/><E105/><V131/><F104/><W38/><G38/><T17/><D125/><U122/><E127/><V70/><F94/><W31/><G31/><T135/><D92/><U120/><E116/><V19/><F131/><W35/><G35/><T39/><D29/><U132/><E132/><V9/><F70/><AGARI ba="1,1" hai="12,13,15,25,30,32,36,42,44,61,66,70,128,129" machi="70" ten="40,1300,0" yaku="1,1,53,0" doraHai="118" doraHaiUra="99" who="3" fromWho="2" sc="266,0,215,0,289,-16,220,26" /><INIT seed="3,0,0,5,5,9" ten="266,215,273,246" oya="3" hai0="27,33,6,61,80,83,94,37,104,43,72,28,18" hai1="98,8,133,89,35,109,0,91,38,95,71,122,36" hai2="44,87,114,68,96,56,62,23,81,106,76,127,126" hai3="45,46,19,88,115,103,92,2,47,73,82,93,55"/><W34/><G115/><T97/><D104/><U116/><E122/><V121/><F114/><W120/><G120/><T107/><D107/><U12/><E0/><V78/><F121/><W86/><G2/><T99/><D99/><U17/><E35/><V53/><F68/><W130/><G34/><T32/><D32/><U30/><E30/><V21/><F76/><W50/><G73/><T117/><D117/><U129/><E71/><V124/><REACH who="2" step="1"/><F44/><REACH who="2" ten="266,215,263,246" step="2"/><W90/><G47/><T48/><D72/><U102/><E116/><V58/><F58/><W54/><G46/><T134/><D37/><U77/><E77/><V110/><F110/><W25/><G45/><T10/><D43/><U24/><E109/><V41/><F41/><W51/><G130/><T64/><D134/><U74/><E129/><V123/><F123/><W4/><G51/><T57/><D48/><U111/><E74/><V22/><F22/><W5/><G50/><T69/><D69/><U75/><E75/><V7/><F7/><W15/><G5/><T67/><D6/><U29/><E133/><V70/><F70/><W40/><G4/><T60/><D57/><U112/><E111/><V84/><F84/><W118/><G40/><T101/><D33/><U132/><E132/><V85/><F85/><W13/><G86/><T100/><D67/><U49/><E112/><V59/><F59/><W131/><G131/><T63/><D64/><U3/><E49/><V39/><F39/><W125/><G118/><T113/><D113/><U16/><E38/><V26/><F26/><W105/><G25/><T108/><D108/><RYUUKYOKU ba="0,1" sc="266,-10,215,-10,263,30,246,-10" hai2="21,23,53,56,62,78,81,87,96,106,124,126,127" /><INIT seed="4,1,1,1,3,32" ten="256,205,293,236" oya="0" hai0="54,18,114,115,112,17,1,42,10,39,77,117,36" hai1="37,80,116,8,100,110,3,107,57,40,84,83,41" hai2="105,21,45,97,26,29,53,70,82,92,123,25,2" hai3="73,86,104,134,132,43,122,106,94,51,15,74,126"/><T121/><D121/><U59/><E110/><V93/><F70/><W33/><G33/><T62/><D117/><U102/><E116/><V78/><F123/><W90/><G15/><T103/><D103/><U118/><E118/><V68/><F68/><W128/><G51/><T12/><D42/><U95/><E107/><N who="3" m="41002" /><G43/><T22/><D77/><U98/><E102/><N who="2" m="60719" /><F105/><W99/><G122/><T119/><D119/><U120/><E120/><V60/><F92/><N who="3" m="54359" /><G126/><T113/><N who="0" m="29184" /><DORA hai="89" /><T52/><D1/><U75/><E75/><N who="3" m="28682" /><G128/><T124/><D124/><U69/><E69/><V65/><F2/><W71/><G71/><T28/><D28/><U16/><E3/><V88/><F65/><W14/><G14/><N who="0" m="9527" /><D62/><U48/><E41/><V24/><F60/><W35/><G35/><T46/><D46/><U9/><E40/><V135/><F45/><W50/><G50/><T4/><D4/><U87/><E48/><V127/><F127/><W101/><AGARI ba="1,1" hai="94,99,101,132,134" m="28682,54359,41002" machi="101" ten="40,8000,1" yaku="34,2,52,2" doraHai="32,89" who="3" fromWho="3" sc="256,-41,205,-21,293,-21,236,93" /><INIT seed="5,0,0,5,0,91" ten="215,184,272,329" oya="1" hai0="69,108,63,130,107,65,83,48,87,49,109,24,89" hai1="114,97,120,29,110,119,71,121,47,32,46,79,68" hai2="86,118,51,19,117,16,13,27,23,52,122,31,66" hai3="135,84,7,25,82,126,60,57,129,21,103,6,88"/><U55/><E79/><V40/><F122/><N who="1" m="47209" /><E97/><V8/><F66/><W37/><G37/><T67/><D67/><U104/><E104/><V94/><F40/><W38/><G38/><T17/><D130/><U58/><E29/><V93/><F86/><W61/><G129/><T9/><D107/><U18/><E18/><V45/><REACH who="2" step="1"/><F19/><REACH who="2" ten="215,184,262,329" step="2"/><W72/><G84/><T75/><D75/><U41/><E110/><V116/><AGARI ba="0,1" hai="8,13,16,23,27,31,45,51,52,93,94,116,117,118" machi="116" ten="30,16000,3" yaku="1,1,2,1,0,1,52,2,53,3" doraHai="91" doraHaiUra="112" who="2" fromWho="2" sc="215,-40,184,-80,262,170,329,-40" /><INIT seed="6,0,0,4,1,113" ten="175,104,432,289" oya="2" hai0="56,28,103,93,30,81,62,6,82,67,61,24,52" hai1="97,128,50,116,21,135,98,134,41,47,70,44,66" hai2="12,121,102,37,80,60,85,26,48,75,69,125,77" hai3="104,58,4,111,96,40,27,119,3,19,84,73,1"/><V2/><F2/><W127/><G111/><T5/><D28/><U123/><E21/><V31/><F121/><W42/><G119/><T74/><D81/><U7/><E7/><V89/><F37/><W109/><G109/><T110/><D110/><U130/><E97/><V72/><F125/><W11/><G127/><T107/><D82/><U86/><E86/><V39/><F39/><W55/><G73/><T51/><D74/><U88/><E88/><V25/><F102/><W10/><G84/><T17/><D17/><U131/><E98/><V15/><F48/><W22/><G10/><T33/><D93/><U71/><E123/><V120/><F120/><W117/><G3/><T112/><D112/><U54/><E116/><V36/><F36/><W29/><G117/><T35/><D35/><U79/><E79/><V49/><F49/><W53/><G29/><T95/><D95/><U106/><E106/><V108/><F25/><W64/><G64/><T20/><D61/><U65/><E41/><V118/><F118/><W122/><G122/><T38/><D38/><U92/><E92/><V76/><F108/><W46/><G46/><N who="1" m="17450" /><E54/><V91/><F75/><W43/><REACH who="3" step="1"/><G58/><REACH who="3" ten="175,104,432,279" step="2"/><T34/><D30/><U105/><E105/><V132/><F72/><W133/><G133/><N who="1" m="50698" /><E50/><V0/><F132/><W126/><G126/><T18/><D51/><U23/><E23/><V129/><F85/><W8/><G8/><T115/><D20/><U101/><E101/><AGARI ba="0,1" hai="1,4,11,19,22,27,40,42,43,53,55,96,101,104" machi="101" ten="40,2600,0" yaku="1,1,53,1" doraHai="113" doraHaiUra="14" who="3" fromWho="1" sc="175,0,104,-26,432,0,279,36" /><INIT seed="7,0,0,0,3,18" ten="175,78,432,315" oya="3" hai0="108,131,21,100,5,13,94,20,16,44,3,116,48" hai1="96,14,72,66,45,115,74,60,130,49,90,129,58" hai2="32,53,109,51,76,1,41,70,89,34,23,62,87" hai3="120,84,85,83,12,79,105,61,52,22,95,103,43"/><W88/><G43/><T33/><D108/><U15/><E115/><V73/><F1/><W112/><G52/><T77/><D131/><U11/><E96/><V132/><F109/><W114/><G22/><T134/><D77/><U19/><E90/><V0/><F0/><W71/><G12/><T123/><D116/><U56/><E56/><V67/><F41/><W35/><G61/><T104/><D104/><U119/><E119/><V98/><F34/><W135/><G35/><T68/><D68/><U133/><E133/><V8/><F32/><W118/><G71/><T27/><D94/><U80/><E80/><V102/><F132/><W36/><G36/><T117/><D100/><U111/><E111/><V40/><F8/><W92/><G118/><T39/><D48/><U24/><E24/><V55/><F40/><W78/><G135/><T30/><D44/><U127/><E127/><V93/><F51/><W121/><G105/><T29/><D39/><U10/><E130/><V26/><F26/><W106/><G106/><T42/><D42/><U50/><E129/><V37/><F37/><W86/><G79/><T75/><D75/><U2/><E2/><V91/><F23/><W110/><G110/><T107/><D107/><U59/><E59/><V38/><F38/><W25/><G25/><N who="0" m="18607" /><D134/><U28/><E28/><V126/><F76/><W113/><REACH who="3" step="1"/><G103/><REACH who="3" ten="175,78,432,305" step="2"/><T128/><D128/><U99/><E50/><V124/><F102/><W82/><G82/><T65/><D117/><U64/><E49/><V101/><F67/><W81/><G81/><T6/><D65/><N who="1" m="39063" /><E72/><V17/><F73/><RYUUKYOKU ba="0,1" sc="175,-10,78,-10,432,-10,305,30" hai3="78,83,84,85,86,88,92,95,112,113,114,120,121" /><INIT seed="7,1,1,5,0,130" ten="165,68,422,335" oya="3" hai0="86,72,105,51,79,93,90,68,25,120,99,96,66" hai1="62,103,87,101,117,121,2,33,113,91,3,65,76" hai2="10,95,9,74,92,58,104,106,36,102,38,70,40" hai3="28,97,73,21,0,118,52,108,71,27,98,48,85"/><W125/><G118/><T19/><D68/><U57/><E121/><V43/><F70/><W26/><G73/><T135/><D66/><U128/><E128/><V78/><F58/><W77/><G0/><T7/><D51/><U50/><E117/><V115/><F74/><W37/><G37/><T81/><D19/><U64/><E113/><V60/><F60/><W119/><G119/><T4/><D25/><U53/><E33/><V49/><F49/><W46/><G71/><T6/><D6/><U132/><E76/><V123/><F78/><W39/><G39/><T32/><D4/><U16/><E16/><V35/><F35/><W80/><G125/><T109/><D7/><U67/><E2/><V107/><F107/><W47/><G108/><T131/><D32/><U94/><E3/><V8/><F8/><W55/><G27/><T63/><D131/><U45/><REACH who="1" step="1"/><E132/><REACH who="1" ten="165,58,422,335" step="2"/><V11/><F123/><W100/><REACH who="3" step="1"/><G100/><AGARI ba="1,2" hai="45,50,53,57,62,64,65,67,87,91,94,100,101,103" machi="100" ten="40,5200,0" yaku="1,1,2,1,8,1,53,0" doraHai="130" doraHaiUra="126" who="1" fromWho="3" sc="165,0,58,75,422,0,335,-55" owari="165,-23.0,133,-37.0,422,52.0,280,8.0" /></mjloggm>