<mjloggm ver="2.3"><GO type="41"/><UN n0="%E3%82%A6%E3%83%AB%E3%83%88%E3%83%A9%E7%AB%8B%E7%9B%B4" n1="%72%65%64%6D%61%67%69%63" n2="%73%74%72%61%6D%61%2D" n3="%79%75%68%73%68%69" dan="15,13,14,14" rate="2016,1902,1962,1884" sx="M,M,M,M"/><TAIKYOKU oya="0"/><INIT seed="0,0,0,0,0,93" ten="250,250,250,250" oya="0" hai0="45,71,97,39,72,100,31,79,68,91,17,23,102" hai1="134,122,34,106,2,62,129,11,30,24,59,15,13" hai2="82,35,132,0,99,117,84,81,92,56,124,110,36" hai3="52,42,127,112,123,20,103,16,58,33,12,69,107"/><T43/><D31/><U114/><E122/><V135/><F117/><W44/><G69/><T109/><D100/><U9/><E129/><V60/><F36/><W37/><G112/><T63/><D109/><U130/><E134/><V4/><F35/><W27/><G127/><T75/><D91/><U54/><E130/><V94/><F4/><W32/><G123/><T29/><D29/><U70/><E114/><V108/><F0/><W115/><G115/><T55/><D79/><U90/><E106/><V40/><F60/><W46/><G46/><T66/><D68/><U41/><E41/><V95/><F40/><W96/><G27/><T7/><D7/><U87/><E70/><V1/><F56/><W21/><G20/><T104/><REACH who="0" step="1"/><D55/><REACH who="0" ten="240,250,250,250" step="2"/><U49/><E2/><V51/><F1/><W131/><G131/><T26/><AGARI ba="0,1" hai="17,23,26,39,43,45,63,66,71,72,75,97,102,104" machi="26" ten="20,12000,1" yaku="1,1,2,1,0,1,7,1,52,1,53,0" doraHai="93" doraHaiUra="47" who="0" fromWho="0" sc="240,130,250,-40,250,-40,250,-40" /><INIT seed="0,1,0,5,4,91" ten="370,210,210,210" oya="0" hai0="81,89,124,125,32,53,102,117,73,57,101,127,95" hai1="84,133,51,4,79,21,86,1,2,26,52,90,75" hai2="19,78,50,29,110,77,14,0,37,80,88,131,126" hai3="8,30,112,43,25,31,107,128,93,20,105,62,120"/><T27/><D27/><U108/><E75/><V113/><F113/><W111/><G112/><T34/><D34/><U12/><E133/><V10/><F37/><W17/><G111/><T82/><D32/><U96/><E108/><V55/><F110/><W5/><G128/><T72/><D53/><U109/><E109/><V49/><F131/><W68/><G43/><T47/><D57/><U116/><E116/><V61/><F0/><W121/><G93/><T7/><D47/><U48/><E2/><V135/><F135/><W46/><G46/><T115/><D7/><U134/><E79/><V56/><F126/><W11/><G68/><T118/><D115/><U132/><E1/><V63/><F29/><N who="3" m="10763" /><G62/><T9/><D9/><N who="3" m="3657" /><G5/><T104/><D104/><U92/><E4/><V70/><F70/><W54/><G54/><T35/><D35/><U69/><E69/><V94/><F63/><W45/><G45/><T38/><D38/><U28/><E12/><V83/><F77/><W42/><G42/><T16/><D73/><U23/><E51/><N who="2" m="19467" /><F78/><W100/><G107/><T15/><D72/><U67/><E67/><V129/><F129/><W40/><G40/><T58/><D58/><U76/><E134/><V71/><F71/><W33/><G33/><T122/><D127/><U98/><E132/><V106/><F106/><W22/><G105/><T119/><D124/><U85/><E76/><V65/><F65/><W6/><G6/><T74/><D125/><U97/><E21/><V39/><F39/><W130/><G22/><T60/><D119/><U114/><E114/><V3/><F3/><RYUUKYOKU ba="1,0" sc="370,-15,210,15,210,15,210,-15" hai1="23,26,28,48,52,84,85,86,90,92,96,97,98" hai2="10,14,19,55,56,61,80,83,88,94" /><INIT seed="1,2,0,1,0,135" ten="355,225,225,195" oya="1" hai0="43,7,118,104,109,30,134,66,112,59,26,84,99" hai1="49,10,40,44,17,36,63,20,4,34,39,94,82" hai2="105,130,110,35,65,37,120,100,48,128,19,132,2" hai3="108,50,68,0,73,127,125,71,123,75,129,14,61"/><U78/><E34/><V70/><F19/><W107/><G0/><T27/><D118/><U58/><E94/><V79/><F79/><W25/><G107/><T122/><D99/><U81/><E17/><V76/><F76/><W111/><G123/><T6/><D104/><U8/><E20/><V101/><F101/><W56/><G129/><T102/><D102/><U45/><E81/><V116/><F100/><W55/><G25/><T67/><D122/><U103/><E103/><V72/><F65/><N who="3" m="39079" /><G14/><T51/><D30/><U93/><E93/><V21/><F21/><W1/><G1/><T92/><D92/><U28/><E28/><V5/><F5/><W42/><G42/><T133/><D84/><U46/><E46/><V113/><F48/><W119/><G119/><T77/><D6/><U41/><E4/><V32/><F130/><W53/><G75/><T115/><D7/><U69/><E49/><V23/><F23/><W31/><G73/><T131/><D51/><U12/><E69/><N who="3" m="26698" /><G31/><T90/><D26/><U96/><E96/><V64/><F64/><W9/><G9/><T86/><D27/><U80/><E80/><V60/><F60/><W62/><G62/><T124/><D134/><U13/><E12/><V97/><F97/><W54/><G50/><T52/><D131/><U24/><E24/><V22/><F22/><W126/><AGARI ba="2,0" hai="53,54,55,108,111,125,126,127" m="26698,39079" machi="126" ten="40,12000,2" yaku="18,1,34,2,52,3" doraHai="135" who="3" fromWho="3" sc="355,-32,225,-62,225,-32,195,126" /><INIT seed="2,0,0,4,2,114" ten="323,163,193,321" oya="2" hai0="73,65,57,115,26,132,64,9,48,28,127,86,41" hai1="70,20,71,90,97,34,111,130,133,69,17,78,7" hai2="109,4,83,106,59,32,77,42,52,121,46,93,14" hai3="94,131,61,81,12,36,0,55,126,100,67,91,62"/><V19/><F121/><W80/><G0/><T101/><D73/><U47/><E34/><V76/><F106/><W3/><G3/><T1/><D115/><U124/><E7/><V135/><F32/><W72/><G36/><T30/><D127/><U50/><E124/><V92/><F4/><W107/><G126/><T11/><D132/><U123/><E133/><V35/><F35/><W8/><G107/><T85/><D1/><U87/><E123/><V18/><F135/><W89/><G100/><T37/><D37/><U15/><E130/><V23/><F109/><W117/><G131/><T116/><D101/><U134/><E111/><V68/><F68/><W38/><G38/><T10/><D26/><U25/><E97/><V39/><F77/><W99/><G72/><T102/><D102/><U29/><E78/><V58/><F58/><W95/><G55/><T79/><D79/><U2/><E2/><V31/><F31/><W51/><G51/><T84/><D57/><U128/><E128/><V113/><F19/><W54/><G54/><T56/><D56/><U63/><E134/><V33/><F33/><W122/><G122/><T129/><D129/><U82/><E63/><V49/><F113/><W66/><G62/><T119/><D48/><U125/><E125/><V112/><REACH who="2" step="1"/><F112/><REACH who="2" ten="323,163,183,321" step="2"/><W16/><G16/><T6/><D6/><U24/><REACH who="1" step="1"/><E29/><REACH who="1" ten="323,153,183,321" step="2"/><V53/><F53/><AGARI ba="0,2" hai="15,17,20,24,25,47,50,53,69,70,71,82,87,90" machi="53" ten="40,2600,0" yaku="1,1,2,1,53,0" doraHai="114" doraHaiUra="108" who="1" fromWho="2" sc="323,0,153,46,183,-26,321,0" /><INIT seed="3,0,0,5,5,106" ten="323,199,157,321" oya="3" hai0="65,105,72,80,112,63,121,50,11,76,20,103,86" hai1="114,132,64,88,19,17,81,82,25,34,68,58,26" hai2="97,47,120,5,117,122,94,12,10,79,36,92,85" hai3="125,134,35,27,118,57,48,16,107,101,93,60,133"/><W111/><G118/><T49/><D121/><U123/><E123/><N who="2" m="47147" /><F36/><W38/><G38/><T0/><D112/><U116/><E114/><V87/><F47/><W74/><G107/><T109/><D109/><U22/><E116/><V78/><F12/><W89/><G101/><T100/><D100/><U67/><E68/><V42/><F10/><W69/><G111/><T102/><D102/><U3/><E3/><V59/><F59/><W43/><G69/><T126/><D126/><U75/><E132/><N who="3" m="50794" /><G125/><T14/><D0/><U115/><E115/><V53/><F53/><N who="3" m="33839" /><G48/><T52/><D103/><U91/><E58/><V84/><F42/><W32/><G43/><T135/><D105/><U66/><E34/><V24/><F5/><W44/><G44/><T104/><D104/><U13/><E75/><V41/><F41/><W127/><G74/><T23/><D135/><U90/><E13/><V129/><F24/><N who="1" m="9321" /><E22/><N who="0" m="8233" /><D72/><U99/><E99/><V4/><F4/><W7/><G7/><N who="0" m="3455" /><D65/><U37/><E37/><V119/><F129/><W39/><G127/><T95/><D63/><U77/><E77/><N who="2" m="29195" /><F97/><N who="3" m="57519" /><G39/><T28/><D49/><U55/><E55/><V40/><F40/><W9/><G27/><T15/><D50/><U128/><E128/><V29/><F29/><W33/><G9/><T131/><D131/><U54/><E54/><V30/><F30/><W6/><G6/><T70/><D52/><U2/><E2/><V56/><F56/><W130/><G130/><T18/><D70/><U83/><AGARI ba="0,0" hai="17,19,64,66,67,81,82,83,88,90,91" m="9321" machi="83" ten="40,12000,2" yaku="29,2,28,2,8,1,54,1" doraHai="106" who="1" fromWho="1" sc="323,-30,199,120,157,-30,321,-60" /><INIT seed="4,0,0,2,4,47" ten="293,319,127,261" oya="0" hai0="58,40,94,22,133,120,113,51,79,112,55,85,25" hai1="110,44,56,129,37,33,19,71,98,53,93,20,123" hai2="83,41,49,13,106,48,124,96,78,26,114,102,116" hai3="86,60,1,36,101,95,5,115,127,84,17,59,12"/><T128/><D120/><U35/><E123/><V46/><F116/><W74/><G74/><T15/><D128/><U23/><E110/><V65/><F65/><W24/><G36/><T126/><D126/><U6/><E129/><V104/><F124/><W7/><G127/><T57/><D133/><U2/><E71/><V3/><F3/><W132/><G132/><T34/><D34/><U69/><E69/><V73/><F114/><N who="0" m="44138" /><D40/><U16/><E6/><V81/><F81/><W66/><G24/><T0/><D0/><U32/><E2/><V130/><F130/><W68/><G68/><T11/><D58/><U90/><E44/><V109/><F109/><W97/><G115/><T8/><D15/><U111/><E37/><V54/><F26/><W82/><G1/><T77/><D77/><U50/><E111/><V4/><F4/><W99/><G99/><T117/><D117/><U135/><E135/><V122/><F13/><W72/><G72/><T31/><D79/><U91/><REACH who="1" step="1"/><E90/><AGARI ba="0,0" hai="8,11,22,25,31,51,55,57,85,90,94" m="44138" machi="90" ten="30,2900,0" yaku="15,1,52,1" doraHai="47" who="0" fromWho="1" sc="293,29,319,-29,127,0,261,0" /><INIT seed="4,1,0,2,3,109" ten="322,290,127,261" oya="0" hai0="99,4,82,10,48,22,28,7,123,74,78,84,17" hai1="29,129,12,101,110,63,106,83,134,100,37,27,113" hai2="128,96,117,118,131,11,79,107,0,25,8,69,135" hai3="126,6,125,119,20,50,49,60,38,114,112,68,75"/><T72/><D28/><U5/><E110/><V77/><F69/><W3/><G75/><T66/><D123/><U53/><E37/><V13/><F135/><W108/><G108/><T41/><D66/><U81/><E134/><V35/><F107/><W64/><G3/><T116/><D116/><N who="2" m="44650" /><F96/><W95/><G6/><T71/><D71/><U47/><E5/><N who="2" m="1063" /><F77/><W40/><G20/><T34/><D4/><U46/><E106/><V127/><F79/><W59/><G119/><T90/><D34/><U93/><E12/><V62/><F62/><N who="3" m="39959" /><G95/><T87/><D99/><U133/><E63/><V56/><F56/><W80/><G80/><T26/><D87/><U55/><E93/><V24/><F127/><N who="3" m="48651" /><G49/><T19/><D74/><U52/><E133/><V111/><F111/><W120/><G50/><T57/><D72/><U97/><E97/><V73/><F73/><W32/><G120/><T21/><D90/><U67/><E67/><V58/><F58/><W121/><G121/><T91/><D91/><U86/><E86/><V44/><F44/><N who="3" m="23575" /><G32/><T9/><D7/><U88/><E100/><V23/><F35/><W92/><G92/><T16/><D57/><U76/><E101/><V51/><F51/><W18/><G18/><N who="0" m="7275" /><D22/><U115/><E88/><V94/><F94/><W124/><N who="3" m="48659" /><W103/><DORA hai="61" /><G103/><T15/><D15/><U102/><E102/><V89/><F89/><W132/><G132/><T65/><D48/><U1/><E76/><V85/><F85/><W42/><G42/><T70/><D41/><U31/><E1/><V130/><F23/><W98/><G98/><RYUUKYOKU ba="1,0" sc="322,10,290,-30,127,10,261,10" hai0="9,10,19,21,26,65,70,78,82,84" hai2="11,13,24,25,128,130,131" hai3="59,60,112,114" /><INIT seed="4,2,0,0,2,127" ten="332,260,137,271" oya="0" hai0="48,62,70,87,122,38,22,39,50,80,42,18,78" hai1="37,83,13,17,76,74,47,27,14,21,123,64,45" hai2="110,41,107,34,1,43,4,67,60,73,25,65,33" hai3="130,112,51,58,131,20,84,128,113,106,57,77,98"/><T55/><D122/><U46/><E37/><V59/><F73/><W105/><G20/><T63/><D87/><U19/><E123/><V97/><F110/><W29/><G29/><T120/><D80/><U109/><E109/><V118/><F118/><W44/><G77/><T92/><D92/><U7/><E7/><V108/><F108/><W86/><G86/><T69/><D78/><U100/><E100/><V32/><F67/><W12/><G12/><T40/><D18/><U95/><E95/><V91/><F25/><W16/><G16/><T82/><D22/><U54/><E64/><V96/><F107/><N who="3" m="40971" /><G98/><T81/><D120/><U52/><REACH who="1" step="1"/><E27/><REACH who="1" ten="332,250,137,271" step="2"/><V79/><F4/><W3/><G3/><T94/><D94/><U90/><E90/><V134/><F1/><W129/><G128/><T30/><D81/><U93/><E93/><V89/><F79/><W53/><G84/><T111/><D82/><U101/><E101/><V124/><F124/><W103/><G103/><T23/><D111/><U36/><E36/><V88/><REACH who="2" step="1"/><F134/><REACH who="2" ten="332,250,127,271" step="2"/><W99/><G99/><AGARI ba="2,2" hai="32,33,34,41,43,59,60,65,88,89,91,96,97,99" machi="99" ten="50,6400,0" yaku="1,1,2,1,54,1,53,0" doraHai="127" doraHaiUra="8" who="2" fromWho="3" sc="332,0,250,0,127,90,271,-70" /><INIT seed="5,0,0,4,2,28" ten="332,250,217,201" oya="1" hai0="6,132,65,11,128,133,35,24,134,121,87,1,108" hai1="46,97,55,127,21,95,49,2,112,117,131,63,16" hai2="5,59,26,30,79,45,64,69,119,58,14,44,106" hai3="103,114,47,67,113,105,61,29,115,130,68,37,7"/><U40/><E2/><V77/><F106/><W92/><G105/><T100/><D100/><U80/><E117/><V102/><F102/><W83/><G130/><T18/><D65/><U41/><E112/><V25/><F119/><W27/><G7/><T124/><D128/><U91/><E127/><V98/><F98/><N who="3" m="59847" /><G83/><T111/><D87/><U70/><E131/><V62/><F5/><W60/><G60/><T50/><D50/><U48/><E70/><V3/><F3/><W39/><G47/><T125/><D121/><U52/><E63/><V51/><F14/><W73/><G73/><T15/><D124/><U122/><E80/><V57/><F44/><W8/><G8/><N who="0" m="2127" /><D125/><U12/><E122/><V81/><F81/><W42/><G42/><T89/><D89/><U31/><E31/><AGARI ba="0,0" hai="11,15,18,24,31,35,108,111,132,133,134" m="2127" machi="31" ten="30,7700,0" yaku="20,1,34,2,52,1" doraHai="28" who="0" fromWho="1" sc="332,77,250,-77,217,0,201,0" /><INIT seed="6,0,0,5,3,4" ten="409,173,217,201" oya="2" hai0="135,97,10,43,105,59,88,91,69,92,65,2,7" hai1="126,31,66,60,3,40,1,22,34,131,37,63,93" hai2="81,62,123,30,77,21,33,41,16,80,124,112,68" hai3="79,51,56,96,128,6,132,127,87,12,9,8,78"/><V120/><F41/><W108/><G108/><T121/><D69/><U130/><E63/><V57/><F112/><W64/><G127/><T28/><D105/><U104/><E22/><V54/><F68/><W95/><G128/><T50/><D121/><U39/><E93/><V13/><F124/><W47/><G132/><T94/><D135/><U134/><E126/><V125/><F125/><W44/><G64/><T119/><D119/><U111/><E134/><V38/><F38/><W42/><G56/><T70/><D70/><U32/><E60/><V71/><F71/><W5/><G47/><T55/><D28/><U110/><E66/><V58/><F58/><W86/><G79/><T19/><D65/><U83/><E83/><V103/><F103/><W133/><G133/><T118/><D118/><U46/><E104/><V20/><F33/><W117/><G117/><T76/><D76/><U75/><E31/><V115/><F115/><W27/><G27/><T11/><D43/><U23/><E23/><V36/><F36/><W107/><G107/><T17/><D11/><U0/><E46/><V73/><REACH who="2" step="1"/><F81/><REACH who="2" ten="409,173,207,201" step="2"/><W53/><G42/><T29/><D29/><U14/><E40/><V84/><F84/><AGARI ba="0,1" hai="2,7,10,17,19,50,55,59,84,88,91,92,94,97" machi="84" ten="30,3900,0" yaku="7,1,52,1,54,1" doraHai="4" who="0" fromWho="2" sc="409,49,173,0,207,-39,201,0" /><INIT seed="7,0,0,4,4,135" ten="458,173,168,201" oya="3" hai0="120,72,131,53,19,28,96,54,36,119,111,10,48" hai1="88,18,27,118,44,50,107,33,6,69,43,57,0" hai2="98,93,86,91,79,22,114,112,15,55,26,128,61" hai3="5,77,7,58,113,37,20,92,110,75,108,115,47"/><W59/><G75/><T101/><D36/><U78/><E107/><V60/><F128/><W14/><G77/><T41/><D111/><N who="3" m="42537" /><G92/><T8/><D120/><U80/><E69/><V105/><F15/><W85/><G85/><T25/><D119/><U45/><E6/><N who="3" m="2058" /><G14/><T68/><D72/><U65/><E0/><V16/><F55/><W95/><G95/><T82/><D82/><U46/><E118/><V109/><F109/><W100/><G20/><T32/><D54/><U87/><E78/><V51/><F51/><W125/><G100/><T127/><D53/><U39/><E33/><V84/><F105/><W34/><G34/><T74/><D48/><U17/><E39/><V67/><F79/><W81/><G81/><T122/><D74/><U29/><E29/><V4/><F4/><W11/><G11/><T129/><D122/><U102/><E102/><V130/><F130/><W23/><G23/><T89/><D101/><U103/><E103/><V134/><F134/><W76/><G76/><T90/><D131/><U124/><E43/><V9/><F9/><W73/><G73/><T133/><D41/><U38/><E38/><V40/><F40/><W94/><G37/><T117/><D10/><U63/><E50/><V123/><F123/><W12/><G12/><T71/><D129/><U64/><E65/><V2/><F2/><W99/><G113/><N who="2" m="43625" /><F67/><W121/><G115/><T30/><D133/><U3/><E3/><V66/><F66/><W106/><G121/><T56/><D8/><U13/><E13/><V126/><F126/><W21/><G125/><T24/><D32/><RYUUKYOKU ba="0,0" sc="458,-10,173,-10,168,30,201,-10" hai2="16,22,26,60,61,84,86,91,93,98" owari="448,55.0,163,-34.0,198,0.0,191,-21.0" /></mjloggm>