<mjloggm ver="2.3"><GO type="169"/><UN n0="%68%69%67%68%31%35%31%35" n1="%EF%BC%88%E2%89%A7%E2%96%BD%E2%89%A6%EF%BC%89" n2="%E3%83%95%E3%83%AA%E3%83%86%E3%83%B3%E5%8D%98%E9%A8%8E" n3="%EF%BC%88%EF%BC%8A%EF%BC%9E%EF%BC%9C%EF%BC%89" dan="16,18,16,18" rate="2046,2174,2154,2188" sx="M,M,M,F"/><TAIKYOKU oya="0"/><INIT seed="0,0,0,3,0,46" ten="250,250,250,250" oya="0" hai0="124,111,97,44,76,67,71,131,6,19,37,100,17" hai1="127,84,33,5,61,110,73,18,51,36,63,101,27" hai2="83,15,132,91,30,108,3,74,16,125,85,59,81" hai3="112,96,121,28,29,60,69,89,75,90,114,78,55"/><T50/><D131/><U107/><E36/><V119/><F119/><W65/><G121/><T1/><D124/><U77/><E73/><V99/><F3/><W64/><G78/><T25/><D37/><U70/><E70/><V123/><F123/><W22/><G75/><T88/><D76/><U117/><E117/><V105/><F30/><W7/><G7/><T87/><D111/><U49/><E127/><V57/><F125/><W8/><G8/><T133/><D133/><U52/><E110/><V35/><F35/><W82/><G55/><T66/><D1/><U128/><E128/><V14/><F132/><W113/><G22/><N who="0" m="13519" /><D71/><U12/><E107/><V68/><F68/><W80/><G69/><T10/><D6/><U2/><E2/><V40/><F40/><W106/><G113/><T102/><D19/><U43/><E33/><V98/><F108/><W41/><G41/><N who="0" m="24847" /><D10/><N who="1" m="4175" /><E18/><V134/><F134/><W21/><G21/><T94/><D102/><U53/><E101/><V9/><F105/><W0/><G0/><T20/><D20/><U23/><E23/><V24/><F24/><W54/><G106/><T118/><D118/><U120/><E27/><V103/><F103/><W135/><G135/><T122/><D122/><U116/><E120/><V129/><F129/><W4/><G4/><T79/><D79/><U42/><E116/><V31/><F15/><W11/><G11/><T130/><D130/><U93/><E77/><N who="2" m="44215" /><F31/><W62/><G54/><N who="1" m="21098" /><E42/><V48/><F59/><W45/><G45/><T92/><AGARI ba="0,0" hai="66,67,87,88,92,94,97,100" m="24847,13519" machi="92" ten="30,6000,0" yaku="8,1,52,1,54,1" doraHai="46" who="0" fromWho="0" sc="250,60,250,-20,250,-20,250,-20" /><INIT seed="0,1,0,1,2,59" ten="310,230,230,230" oya="0" hai0="58,25,114,81,92,15,37,117,8,21,95,104,62" hai1="42,69,120,111,24,0,16,4,135,60,64,86,76" hai2="13,66,49,35,125,79,121,133,5,39,36,2,20" hai3="103,40,67,87,51,124,34,107,53,73,65,3,97"/><T30/><D114/><U7/><E120/><V88/><F35/><W6/><G73/><T109/><D117/><U83/><E135/><V56/><F133/><W126/><G34/><T85/><D104/><U52/><E111/><V106/><F106/><W26/><G40/><T54/><D37/><U18/><E42/><V110/><F121/><W10/><G26/><T100/><D100/><U12/><E0/><V22/><F79/><W105/><G87/><T1/><D1/><U71/><E71/><V118/><F118/><W129/><G107/><T93/><D109/><U108/><E108/><V84/><F110/><W9/><G9/><T31/><D31/><U99/><E99/><V123/><F123/><W44/><REACH who="3" step="1"/><G129/><REACH who="3" ten="310,230,230,220" step="2"/><T98/><D98/><U94/><E94/><V46/><F39/><W27/><G27/><T77/><REACH who="0" step="1"/><D95/><REACH who="0" ten="300,230,230,220" step="2"/><U90/><E83/><V134/><F36/><W48/><G48/><T63/><D63/><U122/><E60/><V47/><F49/><W70/><G70/><T101/><D101/><U17/><E69/><V41/><F134/><W132/><G132/><T131/><D131/><U127/><E122/><V28/><F28/><W102/><G102/><T55/><D55/><U32/><E52/><V50/><F50/><W128/><G128/><T23/><D23/><U14/><E32/><V61/><F22/><W57/><G57/><T33/><D33/><U113/><E113/><V91/><F20/><W45/><G45/><T112/><D112/><U89/><E64/><AGARI ba="1,2" hai="3,6,10,44,51,53,64,65,67,97,103,105,124,126" machi="64" ten="40,1300,0" yaku="1,1,53,0" doraHai="59" doraHaiUra="115" who="3" fromWho="1" sc="300,0,230,-16,230,0,220,36" /><INIT seed="1,0,0,1,0,47" ten="300,214,230,256" oya="1" hai0="14,50,10,18,117,40,35,61,48,74,100,73,71" hai1="2,53,31,26,96,111,57,125,30,55,78,15,101" hai2="16,115,112,106,99,9,38,72,25,98,46,45,49" hai3="54,108,32,17,90,34,131,86,75,81,110,42,85"/><U105/><E2/><V5/><F72/><W109/><G75/><T104/><D117/><U3/><E3/><V79/><F79/><W135/><G42/><T133/><D35/><U118/><E118/><V103/><F98/><W121/><G121/><T7/><D133/><U119/><E119/><V107/><F107/><W68/><G135/><T37/><D73/><U11/><E125/><V20/><F38/><W77/><G131/><T22/><D74/><U88/><E78/><V36/><F36/><W29/><G68/><T127/><D127/><U0/><E0/><V52/><F46/><W43/><G43/><T102/><D37/><U58/><E111/><V59/><F59/><W27/><G17/><T84/><D40/><U33/><E30/><V8/><F5/><W4/><G4/><T94/><D104/><U116/><E116/><V120/><F120/><W1/><G1/><T56/><D71/><U60/><E88/><V87/><F87/><W95/><G54/><N who="0" m="33943" /><D84/><U28/><E28/><V41/><F41/><W51/><G34/><T13/><D94/><U39/><E39/><V76/><F76/><W91/><G77/><T130/><D130/><U66/><REACH who="1" step="1"/><E58/><REACH who="1" ten="300,204,230,256" step="2"/><V93/><REACH who="2" step="1"/><F106/><REACH who="2" ten="300,204,220,256" step="2"/><W65/><G109/><T114/><D114/><AGARI ba="0,2" hai="8,9,16,20,25,45,49,52,93,99,103,112,114,115" machi="114" ten="40,12000,2" yaku="1,1,2,1,11,1,52,1,54,2,53,0" doraHai="47" doraHaiUra="63" who="2" fromWho="0" sc="300,-120,204,0,220,140,256,0" /><INIT seed="2,0,0,3,5,113" ten="180,204,360,256" oya="2" hai0="77,2,70,48,14,36,119,49,130,59,116,84,91" hai1="19,45,60,68,42,6,72,21,97,123,118,104,99" hai2="9,80,87,73,13,135,44,12,22,121,50,3,51" hai3="78,64,133,47,98,52,15,20,131,66,86,34,67"/><V28/><F121/><W127/><G34/><T101/><D70/><U4/><E123/><V106/><F106/><W105/><G127/><T114/><D114/><U41/><E72/><V1/><F73/><W108/><G108/><T83/><D2/><U107/><E118/><N who="0" m="45097" /><D36/><U61/><E68/><V31/><F135/><W74/><G133/><T89/><D130/><U5/><E107/><V110/><F110/><W56/><G74/><N who="0" m="43447" /><D101/><U10/><E10/><V75/><F75/><W93/><G105/><T11/><D59/><U88/><E104/><V33/><F33/><W112/><G131/><T39/><D39/><U120/><E120/><V92/><F1/><W40/><G112/><T71/><D71/><U30/><E88/><N who="0" m="33865" /><D84/><U8/><E99/><V57/><F87/><W81/><G98/><T124/><D124/><U55/><E97/><V69/><F57/><W32/><G93/><T82/><D82/><U24/><E61/><V129/><F92/><W117/><G117/><T132/><D132/><U100/><E100/><V35/><F80/><W90/><G90/><T85/><D85/><U38/><E38/><V109/><F69/><W111/><G111/><T18/><AGARI ba="0,0" hai="11,14,18,48,49" m="33865,43447,45097" machi="18" ten="30,8000,1" yaku="12,1,52,3,54,1" doraHai="113" who="0" fromWho="0" sc="180,80,204,-20,360,-40,256,-20" /><INIT seed="3,0,0,4,2,86" ten="260,184,320,236" oya="3" hai0="20,64,7,60,92,22,67,70,78,9,91,87,97" hai1="19,104,57,65,28,102,110,54,37,63,114,121,45" hai2="95,94,73,76,132,13,41,46,122,15,43,53,96" hai3="98,61,81,35,74,79,123,49,125,10,113,134,5"/><W103/><G35/><T56/><D67/><U109/><E114/><V23/><F122/><W6/><G113/><T40/><D40/><N who="1" m="22671" /><E28/><V107/><F107/><W12/><G123/><T62/><D78/><U127/><E19/><V55/><F132/><W75/><G134/><T93/><D62/><N who="1" m="36151" /><E102/><V133/><F133/><W2/><G61/><T24/><D70/><N who="1" m="42303" /><E104/><V3/><F3/><W51/><G74/><T66/><D66/><U88/><E88/><V33/><F33/><W16/><G5/><T100/><REACH who="0" step="1"/><D24/><REACH who="0" ten="250,184,320,236" step="2"/><U82/><E121/><V21/><F76/><W77/><G77/><T42/><D42/><U72/><E72/><V135/><F73/><W118/><G118/><T99/><D99/><U34/><E110/><V69/><F69/><W31/><G98/><T8/><D8/><U50/><E109/><V111/><F111/><W27/><G103/><T115/><D115/><U120/><E120/><V89/><F135/><W116/><G116/><T14/><AGARI ba="0,1" hai="7,9,14,20,22,56,60,64,87,91,92,93,97,100" machi="14" ten="20,12000,2" yaku="1,1,0,1,7,1,8,1,52,1,53,1" doraHai="86" doraHaiUra="4" who="0" fromWho="0" sc="250,130,184,-30,320,-30,236,-60" /><INIT seed="4,0,0,4,5,117" ten="380,154,290,176" oya="0" hai0="22,15,2,105,76,90,129,109,39,101,26,106,42" hai1="60,36,6,131,31,97,119,93,58,30,115,111,95" hai2="4,25,23,79,41,54,75,21,48,27,92,74,55" hai3="3,72,78,125,34,84,47,123,40,130,128,12,82"/><T120/><D2/><U83/><E119/><V18/><F4/><W44/><G125/><T16/><D129/><U121/><E36/><V134/><F134/><W71/><G71/><T52/><D120/><U70/><E70/><V62/><F79/><W19/><G34/><T88/><D76/><U69/><E131/><N who="3" m="50218" /><G3/><T24/><D109/><U14/><E69/><V51/><F92/><W29/><G29/><T133/><D133/><U50/><E111/><V135/><F135/><W8/><G123/><T10/><D39/><U63/><E121/><V9/><F9/><W114/><G114/><T59/><D42/><U85/><E115/><V118/><F62/><W73/><G44/><T98/><D106/><U99/><E50/><AGARI ba="0,0" hai="8,12,19,40,47,50,72,73,78,82,84" m="50218" machi="50" ten="30,1000,0" yaku="19,1" doraHai="117" who="3" fromWho="1" sc="380,0,154,-10,290,0,176,10" /><INIT seed="5,0,0,0,3,135" ten="380,144,290,186" oya="1" hai0="130,113,97,72,89,32,90,110,62,105,117,15,109" hai1="26,87,34,79,104,122,45,6,64,28,12,3,132" hai2="70,131,106,58,88,67,128,57,2,86,51,49,93" hai3="36,115,21,74,108,101,27,4,77,54,20,29,8"/><U69/><E122/><V68/><F2/><W116/><G36/><T30/><D117/><U85/><E132/><V78/><F106/><W84/><G74/><T40/><D113/><U100/><E12/><V55/><F78/><W123/><G108/><T33/><D72/><U119/><E119/><V134/><F134/><W25/><G116/><T22/><D130/><N who="2" m="49706" /><F51/><W121/><G101/><T65/><D40/><U107/><E45/><V133/><F133/><W31/><G54/><T63/><D15/><U14/><E14/><V37/><F37/><W129/><G129/><T94/><D105/><U96/><E79/><V114/><F114/><W1/><G115/><T112/><D112/><U111/><E107/><V23/><F23/><W73/><REACH who="3" step="1"/><G84/><REACH who="3" ten="380,144,290,176" step="2"/><T5/><D109/><U75/><E111/><V44/><F67/><W17/><G17/><T59/><D65/><U120/><E120/><V66/><F66/><W47/><G47/><T7/><D110/><U50/><E75/><V102/><F102/><W60/><G60/><T81/><D63/><N who="1" m="40095" /><E50/><V80/><F70/><W10/><G10/><AGARI ba="0,1" hai="3,6,10,26,28,34,85,87,96,100,104" m="40095" machi="10" ten="30,1500,0" yaku="25,1" doraHai="135" who="1" fromWho="3" sc="380,0,144,25,290,0,176,-15" /><INIT seed="5,1,0,3,5,119" ten="380,169,290,161" oya="1" hai0="22,49,101,135,44,123,30,32,99,7,77,116,31" hai1="134,115,125,69,100,126,18,59,70,88,83,75,52" hai2="103,23,19,72,45,98,43,120,55,27,3,124,57" hai3="84,108,36,131,48,109,62,60,76,33,128,80,113"/><U38/><E38/><V6/><F72/><W85/><G33/><T117/><D135/><U82/><E134/><V50/><F124/><N who="1" m="47721" /><E115/><V110/><F110/><N who="3" m="42603" /><G48/><T121/><D32/><U1/><E1/><V14/><F3/><W24/><G24/><N who="0" m="16663" /><D31/><U97/><E18/><V37/><F120/><N who="0" m="46154" /><D77/><N who="1" m="44351" /><E83/><V4/><F27/><W129/><G36/><T8/><D8/><U56/><E56/><V73/><F73/><N who="3" m="43023" /><G113/><T0/><D7/><U65/><E65/><V61/><F37/><W63/><AGARI ba="1,0" hai="60,62,63,84,85,128,129,131" m="43023,42603" machi="63" ten="40,1500,0" yaku="19,1" doraHai="119" who="3" fromWho="3" sc="380,-5,169,-8,290,-5,161,18" /><INIT seed="6,0,0,5,4,82" ten="375,161,285,179" oya="2" hai0="105,104,41,102,60,126,18,100,59,20,32,27,91" hai1="110,17,73,49,10,121,34,83,98,24,64,86,2" hai2="35,109,6,125,40,36,88,115,48,22,57,67,14" hai3="68,76,81,45,99,134,113,118,111,92,47,4,31"/><V119/><F119/><W1/><G68/><T124/><D32/><U44/><E110/><V70/><F35/><W93/><G118/><T75/><D75/><U80/><E73/><V120/><F120/><W84/><G111/><T107/><D41/><U96/><E121/><V15/><F109/><W52/><G134/><T77/><D77/><N who="1" m="46351" /><E34/><V78/><F78/><W135/><G135/><T85/><D59/><U122/><E122/><V112/><F125/><N who="0" m="48234" /><D60/><U61/><E2/><V101/><F101/><W65/><G65/><T42/><D42/><N who="1" m="24727" /><E83/><AGARI ba="0,0" hai="18,20,27,83,85,91,100,102,104,105,107" m="48234" machi="83" ten="40,2600,0" yaku="18,1,52,1" doraHai="82" who="0" fromWho="1" sc="375,26,161,-26,285,0,179,0" /><INIT seed="7,0,0,3,0,115" ten="401,135,285,179" oya="3" hai0="20,95,36,106,37,133,78,7,85,84,3,99,71" hai1="48,132,49,25,83,14,121,80,18,47,102,55,117" hai2="23,116,135,96,113,38,30,1,35,130,73,110,21" hai3="57,72,111,67,29,59,97,56,101,98,11,88,64"/><W53/><G72/><T60/><D106/><U79/><E121/><V89/><RYUUKYOKU type="yao9" ba="0,0" sc="401,0,135,0,285,0,179,0" hai2="1,21,23,30,35,38,73,89,96,110,113,116,130,135" /><INIT seed="7,1,0,1,3,8" ten="401,135,285,179" oya="3" hai0="133,103,125,15,3,88,120,96,106,95,81,12,127" hai1="101,115,37,86,116,94,75,60,41,65,5,132,49" hai2="92,85,108,7,19,130,26,68,17,83,97,118,2" hai3="93,56,59,44,32,99,18,64,112,40,63,13,16"/><W124/><G32/><T71/><D120/><U6/><E132/><V66/><F108/><W39/><G124/><N who="0" m="47691" /><D133/><U30/><E116/><V111/><F111/><W98/><G112/><T72/><D3/><U123/><E115/><V107/><F107/><W57/><G18/><T126/><D71/><U105/><E123/><V45/><F130/><W33/><G33/><T102/><D126/><U73/><E37/><V23/><F118/><W0/><G0/><T62/><D62/><U114/><E114/><V31/><F66/><W61/><G61/><T135/><D135/><U91/><E30/><V47/><F68/><W131/><G131/><T100/><D106/><U20/><E20/><V89/><F7/><W76/><G76/><AGARI ba="1,0" hai="12,15,72,76,81,88,95,96,100,102,103" m="47691" machi="76" ten="30,7700,0" yaku="18,1,52,2,54,1" doraHai="8" who="0" fromWho="3" sc="401,80,135,0,285,0,179,-80" owari="481,57.0,135,-26.0,285,9.0,99,-40.0" /></mjloggm>