<mjloggm ver="2.3"><GO type="169" lobby="0"/><UN n0="%E9%B3%B3%E6%8B%B3" n1="%E3%81%A4%E3%81%B0%E3%81%8D%E3%81%A1%30%33" n2="%53%50%49%43%41%40%58" n3="%EF%BC%88%E2%89%A7%E2%96%BD%E2%89%A6%EF%BC%89" dan="16,17,17,18" rate="2082.25,2171.38,2150.51,2199.31" sx="M,M,M,M"/><TAIKYOKU oya="0"/><INIT seed="0,0,0,3,2,38" ten="250,250,250,250" oya="0" hai0="63,46,111,48,4,24,121,23,47,125,120,61,57" hai1="54,123,105,39,10,117,0,129,99,131,59,75,72" hai2="119,90,127,112,130,44,64,132,73,26,133,80,9" hai3="58,36,82,96,87,126,77,78,71,134,34,109,135"/><T67/><D125/><U30/><E30/><V83/><F127/><W53/><G126/><T41/><D4/><N who="1" m="1287" /><E39/><V93/><F112/><W62/><G34/><T32/><D32/><U7/><E7/><V20/><F130/><N who="1" m="49673" /><E123/><V69/><F9/><W19/><G109/><T74/><D74/><U56/><E117/><V79/><F80/><W124/><G124/><T60/><D111/><U91/><E56/><V101/><F44/><W8/><G36/><N who="0" m="21799" /><D23/><U13/><E13/><V31/><F119/><W70/><G71/><N who="0" m="42471" /><D24/><U27/><E27/><V66/><F101/><W14/><G70/><T40/><D63/><N who="1" m="36343" /><E91/><V86/><REACH who="2" step="1"/><F69/><REACH who="2" ten="250,250,240,250" step="2"/><W89/><G8/><T95/><D95/><U114/><E114/><V84/><F84/><W81/><G87/><T51/><D51/><U21/><E72/><V98/><F98/><W68/><G96/><T107/><D107/><U76/><E75/><V104/><F104/><W22/><G68/><T6/><D6/><U2/><E99/><V128/><F128/><W94/><G82/><T15/><D15/><U11/><E105/><V108/><F108/><W35/><G81/><T37/><D37/><U118/><E118/><V42/><F42/><W115/><G115/><T113/><D113/><U3/><E3/><V50/><F50/><W43/><G94/><T52/><AGARI ba="0,1" hai="40,47,48,52,57,61,120,121" m="42471,21799" machi="52" ten="30,12000,1" yaku="34,2,52,2,54,1" doraHai="38" who="0" fromWho="0" sc="250,130,250,-40,240,-40,250,-40" /><INIT seed="0,1,0,0,2,120" ten="380,210,200,210" oya="0" hai0="61,72,98,37,84,119,117,33,15,21,105,47,29" hai1="69,124,127,3,121,82,80,71,90,8,104,59,83" hai2="100,70,126,46,68,97,51,95,66,86,89,107,32" hai3="42,125,2,58,30,113,88,57,34,128,4,122,48"/><T81/><D72/><U36/><E36/><V64/><F32/><W85/><G113/><T26/><D119/><U35/><E35/><V49/><F126/><N who="1" m="48169" /><E104/><V10/><F10/><W54/><G125/><T129/><D117/><U130/><E121/><V1/><F1/><W45/><G122/><T12/><D129/><U73/><E73/><V9/><F9/><W114/><G114/><T53/><D33/><U131/><E59/><V96/><F51/><W63/><G128/><N who="1" m="49194" /><E90/><V18/><F18/><W99/><G57/><T28/><D28/><U101/><E101/><V16/><F16/><W92/><G30/><T112/><D112/><U60/><E60/><V40/><REACH who="2" step="1"/><F96/><REACH who="2" ten="380,210,190,210" step="2"/><W75/><G34/><N who="0" m="20791" /><D98/><U118/><E118/><V0/><F0/><W106/><G2/><T22/><D37/><U38/><E38/><V135/><F135/><W102/><G4/><AGARI ba="1,1" hai="3,4,8,69,71,80,82,83" m="49194,48169" machi="4" ten="40,2600,0" yaku="18,1,19,1" doraHai="120" who="1" fromWho="3" sc="380,0,210,39,190,0,210,-29" /><INIT seed="1,0,0,2,1,11" ten="380,249,190,181" oya="1" hai0="101,116,123,83,5,20,60,79,134,69,18,75,113" hai1="16,27,3,104,97,102,89,112,51,56,54,36,100" hai2="95,88,127,117,12,9,26,38,30,28,33,10,126" hai3="70,34,35,128,57,48,98,52,82,63,76,96,133"/><U84/><E36/><V90/><F38/><W40/><G133/><T71/><D116/><U66/><E3/><V110/><F117/><W74/><G128/><T121/><D134/><U46/><E112/><V43/><F43/><W87/><G74/><T21/><D113/><U24/><E102/><V62/><F110/><W61/><G70/><T93/><D5/><U22/><E66/><V8/><F30/><W109/><G109/><T67/><D69/><U23/><E46/><V29/><F28/><W44/><REACH who="3" step="1"/><G63/><REACH who="3" ten="380,249,190,171" step="2"/><T37/><D121/><U39/><E39/><V32/><F62/><W15/><G15/><T125/><D37/><U50/><E50/><V17/><F33/><AGARI ba="0,1" hai="33,34,35,40,44,48,52,57,61,76,82,87,96,98" machi="33" ten="40,2600,0" yaku="1,1,54,1,53,0" doraHai="11" doraHaiUra="91" who="3" fromWho="2" sc="380,0,249,0,190,-26,171,36" /><INIT seed="2,0,0,3,2,109" ten="380,249,164,207" oya="2" hai0="84,2,71,130,119,3,41,48,125,23,8,27,54" hai1="39,78,105,88,13,16,36,51,102,68,40,70,90" hai2="85,99,111,120,42,76,6,72,52,12,73,0,57" hai3="74,11,65,58,79,60,94,116,22,24,1,66,87"/><V129/><F120/><W124/><G116/><T34/><D119/><U106/><E78/><V134/><F0/><W82/><G124/><T44/><D125/><U19/><E51/><V55/><F129/><W114/><G114/><T33/><D130/><U9/><E102/><V100/><F42/><W28/><G1/><T59/><D71/><U64/><E64/><V43/><F43/><W107/><G107/><T10/><D33/><U86/><E40/><V89/><F76/><W91/><REACH who="3" step="1"/><G11/><REACH who="3" ten="380,249,164,197" step="2"/><T110/><D110/><U49/><E9/><V31/><F111/><W56/><G56/><T25/><D3/><U135/><E106/><V38/><F57/><W80/><G80/><T67/><D2/><U132/><E105/><V20/><F134/><W93/><G93/><T117/><D117/><U95/><E95/><N who="2" m="58495" /><F72/><W101/><G101/><T69/><D8/><U37/><E135/><V18/><F73/><W63/><G63/><T96/><D10/><U53/><E132/><V45/><F45/><W75/><G75/><T108/><D44/><N who="1" m="27815" /><E70/><V30/><F6/><W126/><G126/><T115/><D59/><U26/><E68/><V29/><F38/><W112/><G112/><T92/><D69/><U97/><E39/><V5/><F5/><W7/><G7/><T21/><D115/><U118/><E118/><V98/><F98/><W131/><G131/><T77/><D96/><U113/><E113/><V17/><F17/><N who="1" m="6729" /><E97/><V4/><F4/><W61/><G61/><T35/><D108/><U47/><E47/><V133/><F133/><W81/><G81/><AGARI ba="0,1" hai="12,18,20,29,30,31,52,55,81,85,89" m="58495" machi="81" ten="30,2900,0" yaku="8,1,54,1" doraHai="109" who="2" fromWho="3" sc="380,0,249,0,164,39,197,-29" /><INIT seed="2,1,0,1,1,131" ten="380,249,203,168" oya="2" hai0="6,65,13,126,121,11,82,91,133,124,125,100,49" hai1="8,123,42,1,40,113,96,86,47,94,66,134,50" hai2="22,77,44,41,24,85,43,74,88,21,103,34,116" hai3="118,63,92,30,75,46,2,3,10,7,73,25,97"/><V53/><F116/><W17/><G118/><T20/><D121/><U127/><E113/><V80/><F103/><W87/><G2/><T33/><D33/><U106/><E106/><V108/><F108/><W32/><G87/><N who="0" m="50679" /><D100/><U112/><E112/><V83/><F34/><W98/><G98/><T110/><D110/><U15/><E1/><V132/><F132/><W119/><G119/><T107/><D107/><U90/><E134/><V29/><REACH who="2" step="1"/><F22/><REACH who="2" ten="380,249,193,168" step="2"/><W23/><G63/><T16/><D133/><U130/><E130/><V45/><F45/><W64/><G46/><T28/><D28/><U135/><E135/><V19/><F19/><W105/><G105/><T95/><D20/><U84/><E123/><V68/><F68/><W67/><G32/><T60/><D16/><U9/><E47/><V48/><AGARI ba="1,1" hai="21,24,29,41,43,44,48,53,74,77,80,83,85,88" machi="48" ten="30,12000,1" yaku="1,1,0,1,54,1,53,2" doraHai="131" doraHaiUra="79" who="2" fromWho="2" sc="380,-41,249,-41,193,133,168,-41" /><INIT seed="2,2,0,5,2,53" ten="339,208,326,127" oya="2" hai0="20,124,76,133,26,40,65,98,75,56,74,130,27" hai1="38,2,102,41,99,60,129,4,45,86,3,92,0" hai2="11,110,62,79,84,88,67,55,50,100,5,10,13" hai3="106,35,108,122,107,48,123,6,89,87,93,104,112"/><V22/><F110/><W64/><G35/><T126/><D130/><U36/><E129/><V70/><F100/><W95/><G108/><T82/><D75/><U115/><E115/><V73/><F73/><W111/><G111/><T80/><D80/><U119/><E119/><V66/><F79/><W83/><G6/><T91/><D40/><U24/><E4/><V7/><F22/><W101/><G64/><T42/><D42/><U109/><E109/><V105/><F105/><W69/><G69/><T15/><D15/><U34/><E86/><V118/><F118/><W57/><G112/><T46/><D46/><U114/><E114/><V1/><F62/><W117/><G117/><T94/><D133/><U128/><E128/><V19/><F70/><W134/><G134/><T31/><D26/><U16/><E60/><V103/><F103/><W47/><G101/><T135/><D135/><U32/><REACH who="1" step="1"/><E38/><REACH who="1" ten="339,198,326,127" step="2"/><V28/><F7/><W85/><G85/><T58/><D65/><U125/><E125/><AGARI ba="2,1" hai="20,27,31,56,58,74,76,82,91,94,98,124,125,126" machi="125" ten="40,5200,0" yaku="18,1,52,2" doraHai="53" who="0" fromWho="1" sc="339,68,198,-58,326,0,127,0" /><INIT seed="3,0,0,3,2,71" ten="407,140,326,127" oya="3" hai0="48,61,49,73,47,92,21,50,2,90,17,132,96" hai1="121,114,54,130,111,64,60,34,84,7,91,85,123" hai2="11,42,75,125,46,31,127,59,6,120,129,113,8" hai3="108,82,83,78,79,110,33,124,5,4,107,103,25"/><W112/><G112/><T72/><D2/><U3/><E34/><V87/><F113/><W88/><G124/><T118/><D118/><U22/><E114/><V69/><F69/><W10/><G103/><T100/><D132/><U135/><E135/><V131/><F75/><N who="3" m="43359" /><G107/><T119/><D119/><U99/><E7/><V24/><F59/><W32/><G5/><T94/><D61/><U36/><E3/><N who="2" m="95" /><F87/><N who="3" m="50303" /><G25/><N who="0" m="14511" /><D72/><U122/><E122/><V45/><F11/><W65/><G65/><T66/><D73/><U134/><E64/><V27/><F120/><W19/><G19/><T97/><D66/><U41/><E134/><V117/><F117/><W30/><G30/><T77/><D77/><U18/><E18/><V43/><F46/><AGARI ba="0,0" hai="46,47,48,49,50,90,92,94,96,97,100" m="14511" machi="46" ten="30,1000,0" yaku="8,1" doraHai="71" who="0" fromWho="2" sc="407,10,140,0,326,-10,127,0" /><INIT seed="4,0,0,3,1,93" ten="417,140,316,127" oya="0" hai0="46,35,0,91,52,83,8,15,53,3,19,116,62" hai1="31,94,69,50,68,27,22,75,43,122,89,105,108" hai2="56,106,81,6,54,127,98,90,131,82,74,65,76" hai3="23,117,21,80,64,102,123,58,25,63,20,40,11"/><T60/><D116/><U32/><E122/><V126/><F131/><W24/><G123/><T87/><D35/><U16/><E75/><V12/><F65/><W95/><G117/><T29/><D29/><U44/><E105/><V37/><F37/><W28/><G40/><T55/><REACH who="0" step="1"/><D46/><REACH who="0" ten="407,140,316,127" step="2"/><U18/><E108/><V104/><F126/><W7/><G25/><T125/><D125/><U112/><E112/><V70/><F127/><W14/><REACH who="3" step="1"/><G80/><REACH who="3" ten="407,140,316,117" step="2"/><T77/><D77/><U71/><REACH who="1" step="1"/><E32/><REACH who="1" ten="407,130,316,117" step="2"/><V51/><F76/><W128/><G128/><T17/><D17/><U33/><E33/><V115/><F115/><W88/><G88/><T100/><D100/><U42/><E42/><V130/><F90/><W1/><G1/><AGARI ba="0,3" hai="0,1,3,8,15,19,52,53,55,60,62,83,87,91" machi="1" ten="40,3900,0" yaku="1,1,54,1,53,0" doraHai="93" doraHaiUra="99" who="0" fromWho="3" sc="407,69,130,0,316,0,117,-39" /><INIT seed="4,1,0,4,1,122" ten="476,130,316,78" oya="0" hai0="19,124,110,60,89,71,38,75,76,9,134,127,24" hai1="79,87,107,58,6,39,28,21,27,40,84,91,45" hai2="70,18,48,7,61,66,116,4,53,100,88,72,86" hai3="63,44,57,106,54,133,11,123,108,77,47,31,29"/><T46/><D134/><U15/><E107/><V112/><F72/><W8/><G106/><T55/><D89/><U121/><E121/><V52/><F112/><W130/><G130/><T118/><D118/><U85/><E79/><V83/><F116/><W32/><G108/><T33/><D110/><U17/><E6/><V102/><F53/><W120/><G133/><T81/><D19/><U43/><E43/><V99/><F18/><W90/><G77/><T36/><D36/><U95/><REACH who="1" step="1"/><E58/><REACH who="1" ten="476,120,316,78" step="2"/><V94/><REACH who="2" step="1"/><F102/><REACH who="2" ten="476,120,306,78" step="2"/><W114/><G123/><T111/><D111/><U115/><E115/><V13/><F13/><W129/><G120/><T14/><D14/><U98/><E98/><V65/><F65/><W41/><G114/><T23/><D124/><U125/><E125/><V50/><F50/><W37/><G41/><T59/><D127/><U49/><E49/><V64/><F64/><W101/><G101/><T104/><D38/><U25/><E25/><V16/><F16/><W128/><G37/><T109/><D24/><U113/><E113/><V35/><F35/><AGARI ba="1,2" hai="15,17,21,27,28,35,39,40,45,84,85,87,91,95" machi="35" ten="30,3900,0" yaku="1,1,7,1,53,1" doraHai="122" doraHaiUra="42" who="1" fromWho="2" sc="476,0,120,62,306,-42,78,0" /><INIT seed="5,0,0,1,2,93" ten="476,182,264,78" oya="1" hai0="75,42,120,1,4,109,52,3,69,40,57,48,116" hai1="81,51,55,41,49,98,9,110,102,58,73,63,60" hai2="94,79,33,129,124,127,36,80,88,50,122,99,53" hai3="106,96,22,7,16,105,121,118,135,20,17,19,26"/><U97/><E110/><V32/><F36/><W21/><G121/><T112/><D109/><U65/><E73/><N who="2" m="43119" /><F122/><W101/><G135/><T83/><D69/><U34/><E34/><V38/><F38/><W44/><G118/><T24/><D116/><U0/><E102/><V86/><F129/><W46/><G106/><T71/><D71/><U103/><E103/><V39/><F39/><W123/><G123/><T66/><D66/><U61/><E81/><V134/><F134/><W64/><G7/><T77/><D120/><U56/><E0/><V119/><F119/><W84/><G64/><T128/><D112/><U45/><E9/><V131/><F131/><W111/><G111/><T117/><D128/><U30/><E30/><V12/><F12/><W54/><G26/><T82/><D82/><U107/><E107/><V28/><F28/><W89/><REACH who="3" step="1"/><G54/><REACH who="3" ten="476,182,264,68" step="2"/><T59/><D117/><U130/><E130/><V11/><F53/><W87/><G87/><T76/><D52/><N who="1" m="31775" /><E65/><V29/><F33/><W113/><G113/><T2/><D75/><U23/><E23/><V31/><F32/><W133/><G133/><T91/><D4/><U8/><E8/><V14/><F11/><W37/><G37/><T15/><D1/><U62/><AGARI ba="0,1" hai="41,45,49,55,58,60,61,62,63,97,98" m="31775" machi="62" ten="30,11700,0" yaku="8,1,52,2,54,1" doraHai="93" who="1" fromWho="1" sc="476,-39,182,127,264,-39,68,-39" /><INIT seed="5,1,0,3,2,111" ten="437,309,225,29" oya="1" hai0="80,105,85,90,86,9,28,52,60,95,123,64,43" hai1="21,20,18,74,45,34,3,50,30,78,65,107,91" hai2="62,44,0,114,38,110,94,51,16,127,13,73,134" hai3="57,40,58,122,47,37,24,118,135,71,108,87,100"/><U88/><E107/><V48/><F110/><W33/><G108/><T55/><D105/><U99/><E3/><V82/><F0/><W115/><G122/><T116/><D123/><U56/><E74/><V42/><F127/><W31/><G118/><T126/><D116/><U17/><E78/><V129/><F134/><W130/><G135/><T83/><D126/><U124/><E124/><V84/><F129/><W69/><G130/><T19/><D43/><U14/><E34/><V5/><F5/><W66/><G100/><T36/><D36/><U32/><E32/><V23/><F73/><W106/><G106/><T75/><D28/><U53/><E30/><V46/><F94/><W102/><G102/><T68/><D95/><U103/><E65/><V72/><F72/><W4/><G4/><T63/><D75/><U104/><REACH who="1" step="1"/><E45/><REACH who="1" ten="437,299,225,29" step="2"/><V97/><F46/><W93/><G115/><T12/><D63/><U120/><E120/><V35/><F35/><W117/><G117/><T128/><D128/><U26/><AGARI ba="1,1" hai="14,17,18,20,21,26,50,53,56,88,91,99,103,104" machi="26" ten="20,7800,0" yaku="1,1,0,1,7,1,54,1,53,0" doraHai="111" doraHaiUra="7" who="1" fromWho="1" sc="437,-27,299,91,225,-27,29,-27" /><INIT seed="5,2,0,2,2,119" ten="410,390,198,2" oya="1" hai0="67,129,106,104,49,97,17,23,83,127,131,77,94" hai1="66,135,34,118,130,64,124,29,69,20,18,39,72" hai2="27,7,19,0,28,86,107,95,115,70,112,52,82" hai3="81,113,30,63,3,47,31,51,74,46,21,102,96"/><U100/><E118/><V73/><F107/><W26/><G3/><T99/><D67/><U126/><E72/><V45/><F70/><W41/><G113/><N who="2" m="43593" /><F73/><W84/><G74/><N who="0" m="43447" /><D49/><U35/><E39/><V125/><F125/><N who="1" m="48233" /><E29/><V8/><F95/><N who="3" m="58655" /><G63/><T5/><D127/><U32/><E69/><V15/><F45/><N who="3" m="26031" /><G31/><T50/><D50/><U108/><E108/><V68/><F68/><W14/><G14/><N who="0" m="9655" /><D5/><U38/><E38/><V10/><F52/><W111/><G111/><T80/><D80/><U87/><E130/><N who="0" m="49673" /><D99/><U60/><E135/><V133/><F133/><W109/><G109/><T59/><D59/><N who="1" m="36895" /><E66/><V9/><F86/><W76/><AGARI ba="2,0" hai="21,26,30,46,47,76,81,84" m="26031,58655" machi="76" ten="30,1100,0" yaku="8,1" doraHai="119" who="3" fromWho="3" sc="410,-5,390,-7,198,-5,2,17" /><INIT seed="6,0,0,3,5,34" ten="405,383,193,19" oya="2" hai0="82,101,42,63,67,85,45,48,59,95,31,65,121" hai1="96,24,100,80,117,23,77,113,35,44,0,127,97" hai2="104,49,124,38,110,87,115,29,15,26,132,8,32" hai3="120,20,11,90,10,25,40,83,28,109,122,78,107"/><V47/><F104/><W98/><G109/><T6/><D121/><U2/><E35/><V79/><F110/><W102/><G40/><T4/><D31/><U37/><E117/><V33/><F115/><W54/><G54/><T84/><D67/><U130/><E113/><V69/><F69/><W112/><G112/><T60/><D60/><U5/><E130/><V27/><F38/><W53/><G53/><T119/><D119/><U125/><E5/><V133/><F124/><N who="1" m="47689" /><E44/><V114/><F114/><W94/><G120/><T71/><D71/><U46/><E46/><V43/><F27/><W128/><G128/><T66/><D66/><U111/><E37/><V72/><F72/><W105/><G105/><T30/><D30/><N who="1" m="17695" /><E111/><V18/><F33/><W103/><G122/><T50/><D50/><U86/><E97/><V56/><F56/><W13/><G107/><AGARI ba="0,0" hai="0,2,77,80,86,96,100,107" m="17695,47689" machi="107" ten="30,3900,0" yaku="18,1,52,2" doraHai="34" who="1" fromWho="3" sc="405,0,383,39,193,0,19,-39" owari="405,21.0,422,52.0,193,-21.0,-20,-52.0" /></mjloggm>