<mjloggm ver="2.3"><GO type="169" lobby="0"/><UN n0="%E6%9C%A7%E5%A4%8F%E6%9C%88" n1="%E3%83%A1%E3%83%81%E3%83%AB%E3%82%B0%E3%83%AA%E3%83%BC%E3%83%B3" n2="%EF%BC%88%E2%89%A7%E2%96%BD%E2%89%A6%EF%BC%89" n3="%E9%9D%9E%E5%8A%B9%E7%8E%87%E6%89%93%E6%B3%95" dan="19,16,17,16" rate="2246.48,2005.47,2135.77,2116.49" sx="F,M,M,M"/><TAIKYOKU oya="0"/><INIT seed="0,0,0,0,2,58" ten="250,250,250,250" oya="0" hai0="23,50,4,56,92,21,35,48,98,82,22,39,131" hai1="63,6,65,0,74,7,61,120,69,25,116,124,70" hai2="68,94,17,77,81,118,51,91,16,101,29,105,114" hai3="135,31,79,133,64,14,78,132,42,106,130,45,109"/><T66/><D39/><U123/><E74/><V89/><F118/><W30/><G106/><T71/><D35/><U41/><E116/><V72/><F114/><W46/><G109/><T13/><D131/><U3/><E25/><V24/><F68/><W112/><G112/><T99/><D82/><U110/><E41/><V9/><F51/><N who="0" m="19498" /><D71/><U27/><E27/><V62/><F62/><W84/><G130/><T32/><D32/><U104/><E104/><V111/><F111/><W128/><G128/><T34/><D34/><U10/><E110/><V53/><F53/><W134/><G134/><T97/><D56/><U80/><E80/><V40/><F40/><W88/><G64/><T20/><D66/><U11/><REACH who="1" step="1"/><E65/><REACH who="1" ten="250,240,250,250" step="2"/><V19/><F105/><W28/><G42/><T75/><D75/><U37/><E37/><V117/><F117/><W52/><G52/><T18/><D4/><U121/><E121/><V122/><F122/><W93/><REACH who="3" step="1"/><G14/><REACH who="3" ten="250,240,250,240" step="2"/><T100/><AGARI ba="0,2" hai="13,18,20,21,22,23,92,97,98,99,100" m="19498" machi="100" ten="30,1500,0" yaku="8,1" doraHai="58" who="0" fromWho="0" sc="250,35,240,-5,250,-5,240,-5" /><INIT seed="0,1,0,5,2,132" ten="285,235,245,235" oya="0" hai0="32,110,21,54,81,43,29,77,120,64,86,50,3" hai1="26,53,39,101,89,30,15,25,91,121,46,62,100" hai2="108,99,111,88,106,109,34,72,85,107,17,83,38" hai3="33,45,125,129,2,41,135,8,44,47,0,18,9"/><T57/><D120/><U16/><E121/><V96/><F34/><W22/><G33/><T11/><D32/><U95/><E39/><V59/><F38/><W103/><G135/><T61/><D110/><U119/><E119/><V49/><F17/><W131/><G41/><T28/><D43/><U48/><E62/><V31/><F31/><W36/><G36/><T92/><D21/><N who="1" m="15695" /><E25/><V4/><F4/><W105/><G103/><N who="1" m="39498" /><E95/><N who="2" m="54671" /><F59/><W42/><G42/><T65/><D92/><U116/><E116/><V112/><F49/><W23/><G105/><N who="2" m="39945" /><F112/><W93/><G93/><T74/><D65/><U5/><E5/><V102/><F102/><W58/><G58/><T56/><D3/><U68/><E68/><V122/><F122/><W7/><G7/><T20/><D11/><AGARI ba="1,0" hai="11,15,16,46,48,53,89,91" m="39498,15695" machi="11" ten="30,2000,0" yaku="8,1,54,1" doraHai="132" who="1" fromWho="0" sc="285,-23,235,23,245,0,235,0" /><INIT seed="1,0,0,3,0,123" ten="262,258,245,235" oya="1" hai0="124,64,129,36,90,21,47,44,83,60,54,130,32" hai1="18,58,128,55,72,35,131,66,86,59,15,78,115" hai2="109,71,46,26,77,70,20,22,48,7,27,134,135" hai3="98,41,38,9,76,19,25,12,105,61,63,120,111"/><U121/><E121/><V65/><F77/><W119/><G120/><T112/><D32/><U23/><E115/><V28/><F7/><W43/><G76/><T87/><D112/><U101/><E35/><V39/><F39/><W126/><G126/><T93/><D124/><U117/><E117/><V103/><F103/><W53/><G105/><T96/><D21/><U116/><E116/><V4/><F4/><W14/><G25/><T40/><D47/><U51/><E72/><V75/><F75/><W95/><G38/><T107/><D54/><U88/><E78/><V0/><F0/><W108/><G14/><T85/><D107/><U30/><E30/><V3/><F3/><W52/><G119/><T62/><D87/><U45/><E101/><V37/><F37/><W13/><G13/><T80/><D62/><N who="3" m="23561" /><G43/><T24/><D24/><U89/><E66/><V57/><F65/><W11/><G41/><T100/><REACH who="0" step="1"/><D83/><REACH who="0" ten="252,258,245,235" step="2"/><U102/><E86/><V42/><F27/><W91/><G9/><T16/><D16/><U106/><E106/><V2/><F26/><W84/><G84/><T56/><AGARI ba="0,1" hai="36,40,44,56,60,64,80,85,90,93,96,100,129,130" machi="56" ten="30,2000,0" yaku="1,1,0,1,53,0" doraHai="123" doraHaiUra="122" who="0" fromWho="0" sc="252,30,258,-10,245,-5,235,-5" /><INIT seed="2,0,0,1,4,1" ten="282,248,240,230" oya="2" hai0="104,120,125,36,75,123,95,114,91,62,57,49,80" hai1="111,17,55,33,27,65,109,85,43,20,119,29,21" hai2="73,9,77,6,99,42,40,92,45,124,108,88,64" hai3="23,16,133,54,38,81,127,71,87,83,28,19,102"/><V68/><F124/><W50/><G71/><T82/><D36/><U35/><E119/><V13/><F108/><N who="1" m="41545" /><E43/><V96/><F96/><W94/><G38/><T44/><D104/><U135/><E65/><V34/><F34/><W31/><G133/><T10/><D114/><U3/><E135/><V110/><F110/><W30/><G19/><T53/><D125/><U59/><E3/><V79/><F73/><W14/><G127/><T58/><D58/><U37/><E85/><V70/><F42/><W97/><REACH who="3" step="1"/><G87/><REACH who="3" ten="282,248,240,220" step="2"/><T4/><D75/><U24/><E37/><V46/><F70/><W66/><G66/><T115/><D115/><U26/><E26/><V52/><F68/><W63/><G63/><AGARI ba="0,1" hai="17,20,21,24,27,29,33,35,55,59,63" m="41545" machi="63" ten="30,1000,0" yaku="14,1" doraHai="1" who="1" fromWho="3" sc="282,0,248,20,240,0,220,-10" /><INIT seed="3,0,0,2,0,27" ten="282,268,240,210" oya="3" hai0="123,45,108,94,48,40,119,19,115,75,23,121,60" hai1="78,67,12,8,120,126,62,99,96,69,81,53,0" hai2="24,83,79,33,39,35,89,5,73,4,97,132,30" hai3="32,10,113,13,87,17,42,9,135,129,7,88,47"/><W38/><G113/><T77/><D119/><U65/><E120/><V18/><F132/><W34/><G135/><T105/><D105/><U22/><E126/><V133/><F133/><W29/><G129/><T114/><D108/><U130/><E130/><V86/><F39/><W117/><G117/><T2/><D2/><U116/><E116/><V92/><F35/><W68/><G68/><T26/><D94/><U112/><E112/><N who="0" m="43049" /><D60/><U128/><E128/><V98/><F98/><W46/><G46/><T124/><D124/><U93/><E0/><V110/><F110/><W76/><G76/><T11/><D11/><U107/><E107/><V70/><F70/><W6/><G17/><T61/><D61/><U21/><E67/><V101/><REACH who="2" step="1"/><F18/><REACH who="2" ten="282,268,230,210" step="2"/><W36/><G36/><T118/><D118/><U106/><E69/><V109/><F109/><W100/><G100/><T52/><D123/><U55/><E99/><V25/><F25/><W125/><G125/><T31/><D121/><U71/><E96/><V66/><F66/><W131/><G131/><T122/><D122/><U50/><E71/><V82/><AGARI ba="0,1" hai="4,5,24,30,33,73,79,82,83,86,89,92,97,101" machi="82" ten="20,8000,1" yaku="1,1,0,1,7,1,52,1,53,1" doraHai="27" doraHaiUra="72" who="2" fromWho="2" sc="282,-20,268,-20,230,90,210,-40" /><INIT seed="4,0,0,5,1,3" ten="262,248,320,170" oya="0" hai0="105,117,23,75,134,57,27,43,54,20,130,123,103" hai1="61,63,71,110,35,102,11,42,100,50,93,112,14" hai2="76,65,9,67,30,120,109,126,125,87,69,10,113" hai3="37,2,86,92,52,51,104,85,116,108,53,101,132"/><T127/><D117/><U68/><E110/><V79/><F120/><W8/><G37/><T48/><D123/><U0/><E35/><V19/><F109/><W95/><G116/><T6/><D75/><U62/><E0/><V73/><F113/><W38/><G38/><T133/><D127/><N who="2" m="48650" /><F30/><W111/><G104/><T13/><D130/><U5/><E112/><V84/><F73/><W40/><G40/><T4/><D43/><U74/><E74/><V77/><F19/><W118/><G118/><T39/><D39/><U22/><E22/><N who="0" m="8233" /><D13/><U121/><E121/><V18/><F18/><W99/><G132/><N who="0" m="50795" /><D27/><U80/><E14/><V12/><F69/><W49/><G2/><T64/><D64/><N who="2" m="24650" /><F12/><W128/><G128/><T55/><D54/><U129/><E71/><V72/><F72/><W91/><G8/><AGARI ba="0,0" hai="8,9,10,76,77,79,84,87" m="24650,48650" machi="8" ten="40,5200,0" yaku="28,2,18,1" doraHai="3" who="2" fromWho="3" sc="262,0,248,0,320,52,170,-52" /><INIT seed="5,0,0,5,3,114" ten="262,248,372,118" oya="1" hai0="75,35,22,29,130,51,18,72,47,42,52,30,34" hai1="6,49,71,32,108,79,86,111,23,127,85,56,64" hai2="63,50,14,74,3,21,68,84,7,124,78,44,131" hai3="36,58,53,103,104,87,92,100,110,99,66,67,118"/><U28/><E32/><V129/><F74/><W2/><G2/><T48/><D130/><N who="2" m="49674" /><F3/><W17/><G36/><T43/><D22/><U115/><E115/><V80/><F124/><W5/><G110/><N who="1" m="42026" /><E127/><V41/><F21/><W27/><G5/><T25/><D18/><U4/><E71/><V96/><F96/><W89/><G103/><T38/><D38/><U95/><E79/><V70/><F63/><W91/><G118/><T109/><D109/><U0/><E0/><V45/><F44/><W15/><G27/><T106/><D106/><U117/><E117/><V20/><F20/><W113/><G91/><T39/><D39/><U81/><E23/><V82/><F82/><W12/><G12/><T59/><REACH who="0" step="1"/><D43/><REACH who="0" ten="252,248,372,118" step="2"/><U24/><E4/><V37/><F37/><W120/><G113/><T105/><D105/><U107/><E6/><V121/><F121/><W9/><REACH who="3" step="1"/><G120/><REACH who="3" ten="252,248,372,108" step="2"/><T1/><D1/><U76/><E107/><V90/><F7/><W55/><G55/><T88/><D88/><U134/><E76/><V119/><F78/><W57/><G57/><T69/><D69/><U112/><E56/><V46/><F70/><W8/><G8/><T126/><D126/><U123/><E123/><V19/><F68/><W93/><G93/><T40/><D40/><U33/><E95/><V132/><F41/><W83/><G83/><T102/><D102/><U10/><E81/><V98/><F80/><W94/><G94/><T54/><D54/><U62/><E112/><V116/><F90/><W77/><G77/><T16/><D16/><U13/><E10/><V101/><F19/><RYUUKYOKU ba="0,2" sc="252,15,248,-15,372,-15,108,15" hai0="25,29,30,34,35,42,47,48,51,52,59,72,75" hai3="9,15,17,53,58,66,67,87,89,92,99,100,104" /><INIT seed="6,1,2,0,1,0" ten="267,233,357,123" oya="2" hai0="82,115,31,10,4,29,77,106,118,14,88,12,54" hai1="42,41,123,32,116,62,101,44,35,108,19,16,3" hai2="90,34,51,127,135,79,69,122,133,70,60,73,72" hai3="15,61,131,46,91,86,43,21,100,89,83,1,22"/><V27/><F90/><W39/><G1/><T94/><D106/><U68/><E108/><V87/><F122/><W57/><G131/><T104/><D104/><U26/><E116/><V84/><F51/><W13/><G100/><T121/><D121/><U109/><E109/><V97/><F97/><W17/><G89/><T74/><D118/><U124/><E123/><V25/><F127/><W80/><G80/><T63/><D115/><U99/><E3/><V110/><F110/><W107/><G107/><T85/><REACH who="0" step="1"/><D14/><REACH who="0" ten="257,233,357,123" step="2"/><U49/><E124/><V7/><F135/><W81/><G81/><T125/><D125/><U8/><E26/><V66/><F27/><W126/><G126/><T134/><D134/><U5/><E101/><V23/><F25/><W132/><G132/><T18/><D18/><U128/><E16/><V120/><F120/><W102/><G102/><T129/><D129/><U59/><E19/><V45/><F133/><W53/><REACH who="3" step="1"/><G15/><REACH who="3" ten="257,233,357,113" step="2"/><T67/><D67/><U113/><E128/><V47/><F66/><W28/><G28/><T95/><D95/><U75/><E113/><V98/><F79/><W56/><G56/><AGARI ba="1,4" hai="4,10,12,29,31,54,56,63,74,77,82,85,88,94" machi="56" ten="40,5200,0" yaku="1,1,52,1,54,1,53,0" doraHai="0" doraHaiUra="117" who="0" fromWho="3" sc="257,95,233,0,357,0,113,-55" /><INIT seed="7,0,0,5,2,92" ten="352,233,357,58" oya="3" hai0="67,53,37,90,56,70,1,47,113,19,18,124,71" hai1="30,133,24,80,121,75,38,39,101,109,112,98,11" hai2="81,123,51,87,119,132,127,82,49,110,74,97,102" hai3="9,88,40,58,28,12,33,100,76,22,95,36,21"/><W20/><G76/><T91/><D1/><U46/><E109/><V41/><F110/><W118/><G118/><T4/><D4/><U89/><E121/><V106/><F119/><W57/><G100/><T26/><D71/><U93/><E112/><V78/><F123/><W23/><G36/><T105/><D105/><U115/><E115/><V69/><F69/><W16/><G40/><N who="0" m="22927" /><D113/><U99/><E133/><V125/><F132/><W60/><N who="3" m="5632" /><DORA hai="29" /><W84/><REACH who="3" step="1"/><G60/><REACH who="3" ten="352,233,357,48" step="2"/><T25/><D91/><U34/><E38/><V77/><F41/><W32/><G32/><T42/><D90/><U85/><E39/><V126/><AGARI ba="0,1" hai="49,51,74,77,78,81,82,87,97,102,106,125,126,127" machi="126" ten="30,4000,0" yaku="0,1,18,1,52,1" doraHai="92,29" who="2" fromWho="2" sc="352,-10,233,-10,357,50,48,-20" owari="342,14.0,223,-18.0,407,51.0,28,-47.0" /></mjloggm>