<mjloggm ver="2.3"><GO type="41"/><UN n0="%EF%BC%88%E2%89%A7%E2%96%BD%E2%89%A6%EF%BC%89" n1="%51%75%65%65%6E" n2="%E3%81%94%E3%81%8F%E3%81%86" n3="%64%65%72%69%6D%6F" dan="15,15,13,14" rate="2004,2079,1849,1940" sx="M,M,M,M"/><TAIKYOKU oya="0"/><INIT seed="0,0,0,4,4,61" ten="250,250,250,250" oya="0" hai0="43,110,56,91,108,74,64,76,116,98,134,113,28" hai1="21,131,35,2,71,107,4,55,125,78,87,41,104" hai2="59,23,105,100,16,5,31,112,120,10,68,124,130" hai3="50,97,73,89,66,92,115,6,25,58,18,46,44"/><T128/><D116/><U7/><E35/><V83/><F120/><W29/><G115/><T26/><D113/><U27/><E71/><V53/><F112/><W135/><G73/><T65/><D43/><U80/><E41/><V39/><F39/><W122/><G122/><T114/><D114/><U99/><E131/><V13/><F130/><W37/><G6/><T48/><D128/><U126/><E2/><V82/><F68/><W38/><G135/><T123/><D123/><U9/><E55/><V54/><F124/><N who="1" m="47721" /><E9/><V72/><F31/><W129/><G129/><T51/><D134/><U63/><E63/><V20/><F20/><W81/><G44/><T60/><D74/><U8/><E8/><V45/><F45/><W79/><G18/><T14/><D76/><U96/><E4/><V62/><F54/><W103/><G38/><T88/><D14/><U102/><E7/><V40/><F40/><W0/><G37/><T119/><D119/><U42/><E42/><V75/><F72/><W93/><G0/><T121/><D65/><U117/><E117/><V3/><REACH who="2" step="1"/><F75/><REACH who="2" ten="250,250,240,250" step="2"/><W17/><G29/><T118/><D121/><U49/><E21/><V94/><F94/><W1/><G93/><N who="0" m="56615" /><D118/><U84/><E107/><V106/><F106/><W32/><G32/><N who="0" m="20503" /><D91/><U70/><E104/><V86/><F86/><W67/><G89/><T69/><D69/><U33/><E87/><V22/><F22/><W11/><G103/><T47/><D47/><U52/><E70/><V133/><F133/><W77/><G46/><T34/><D34/><U109/><E33/><V90/><F90/><RYUUKYOKU ba="0,1" sc="250,15,250,-15,240,15,250,-15" hai0="48,51,56,60,64,108,110" hai2="3,5,10,13,16,23,53,59,62,82,83,100,105" /><INIT seed="0,1,1,5,4,22" ten="265,235,255,235" oya="0" hai0="5,130,76,111,121,4,17,113,42,126,90,31,47" hai1="70,12,109,60,63,99,14,98,3,74,53,49,21" hai2="27,112,82,15,91,69,114,45,48,87,89,16,2" hai3="135,46,20,32,39,0,93,96,129,9,29,25,81"/><T104/><D113/><U119/><E3/><V62/><F2/><W123/><G123/><T94/><D104/><U118/><E74/><V132/><F132/><W38/><G135/><T41/><D121/><U79/><E79/><V103/><F103/><W35/><G129/><T34/><D130/><U18/><E109/><V134/><F134/><W115/><G115/><T128/><D128/><U66/><E60/><V24/><F112/><W33/><G46/><T36/><D126/><U26/><E119/><V80/><F114/><W61/><G61/><T83/><D42/><U11/><E118/><V92/><F69/><W101/><REACH who="3" step="1"/><G81/><REACH who="3" ten="265,235,255,225" step="2"/><N who="2" m="31337" /><F62/><W85/><G85/><T68/><D47/><U117/><E117/><V67/><F67/><W124/><G124/><T56/><D83/><U88/><E63/><V86/><F86/><W10/><G10/><T37/><D76/><U105/><E66/><V75/><F75/><W125/><G125/><T131/><D131/><U127/><E127/><V57/><F57/><W84/><G84/><T55/><D56/><N who="1" m="32815" /><E11/><N who="2" m="6271" /><F89/><W116/><G116/><T51/><D90/><U100/><E70/><V120/><F120/><W108/><G108/><T78/><D78/><U19/><E88/><V13/><F13/><W133/><G133/><T73/><D73/><U59/><E59/><V110/><F110/><W7/><AGARI ba="1,2" hai="0,7,9,20,25,29,32,33,35,38,39,93,96,101" machi="7" ten="40,5200,0" yaku="1,1,0,1,52,1,53,0" doraHai="22" doraHaiUra="58" who="3" fromWho="3" sc="265,-27,235,-14,255,-14,225,75" /><INIT seed="1,0,0,5,4,5" ten="238,221,241,300" oya="1" hai0="11,37,63,76,28,14,89,52,109,116,114,41,120" hai1="103,64,107,13,58,18,15,91,23,62,72,122,1" hai2="95,43,7,4,51,70,123,126,0,16,125,124,21" hai3="112,42,117,118,22,32,127,96,131,38,78,66,27"/><U121/><E72/><V9/><F123/><W6/><G112/><T36/><D114/><U45/><E1/><V104/><F104/><W110/><G32/><T20/><D116/><U119/><E119/><N who="3" m="45578" /><G78/><T82/><D120/><U44/><E13/><N who="2" m="9359" /><F70/><W80/><G80/><T133/><D41/><U46/><REACH who="1" step="1"/><E91/><REACH who="1" ten="238,211,241,300" step="2"/><V99/><F0/><W98/><G131/><T30/><D89/><U79/><E79/><V84/><F126/><W128/><G127/><T108/><D76/><U69/><E69/><V49/><F125/><W33/><G128/><T135/><D14/><U57/><E57/><V24/><F124/><W73/><G73/><T12/><D12/><U31/><E31/><V74/><F74/><W59/><G59/><T88/><D30/><U71/><E71/><V47/><F24/><W132/><G27/><T50/><D28/><U17/><E17/><V35/><F7/><W106/><G6/><T8/><D88/><U94/><E94/><V86/><F4/><W115/><G115/><T97/><D82/><U83/><E83/><V10/><F35/><W102/><G33/><T75/><D75/><U34/><E34/><V87/><F51/><W29/><G29/><T85/><D50/><U81/><E81/><V3/><F3/><W93/><G93/><T55/><D37/><U77/><E77/><V68/><F68/><W56/><G38/><T130/><D36/><U101/><E101/><AGARI ba="0,1" hai="9,10,43,47,49,84,86,87,95,99,101" m="9359" machi="101" ten="30,7700,0" yaku="8,1,52,2,54,1" doraHai="5" who="2" fromWho="1" sc="238,0,211,-77,241,87,300,0" /><INIT seed="2,0,0,4,1,119" ten="238,134,328,300" oya="2" hai0="64,97,76,109,39,38,3,69,2,6,65,99,134" hai1="133,15,34,42,10,82,135,88,75,71,129,61,8" hai2="37,62,54,24,96,19,83,13,11,21,85,47,126" hai3="43,130,16,12,72,55,87,118,66,57,111,35,73"/><V53/><F126/><W95/><G118/><T32/><D76/><U9/><E34/><V70/><F96/><W93/><G35/><T0/><D6/><U92/><E129/><V125/><F125/><W20/><G130/><T50/><D32/><U122/><E42/><V1/><F1/><W107/><G107/><T104/><D109/><U77/><E15/><V105/><F105/><W74/><G111/><T67/><D69/><U56/><E71/><V17/><F37/><N who="0" m="13834" /><D50/><U121/><E135/><V33/><F33/><W91/><G43/><T112/><D104/><U106/><E106/><V98/><F98/><N who="0" m="37386" /><D112/><U117/><E117/><V45/><F54/><W86/><G66/><T94/><D94/><U123/><E133/><AGARI ba="0,0" hai="0,2,3,64,65,67,133,134" m="37386,13834" machi="133" ten="50,3200,0" yaku="28,2" doraHai="119" who="0" fromWho="1" sc="238,32,134,-32,328,0,300,0" /><INIT seed="3,0,0,4,4,108" ten="270,102,328,300" oya="3" hai0="11,73,127,1,6,88,51,135,54,113,105,48,112" hai1="50,16,125,70,100,41,117,10,128,106,124,111,116" hai2="14,8,133,69,86,55,43,120,30,66,101,93,114" hai3="44,0,56,134,110,20,130,87,72,15,34,39,95"/><W2/><G34/><T92/><D73/><U71/><E111/><V89/><F120/><W17/><G110/><T118/><D118/><N who="1" m="45675" /><E128/><V65/><F43/><W5/><G72/><T121/><D121/><U98/><E50/><V102/><F133/><W82/><G134/><T132/><D105/><U42/><E41/><V32/><F32/><W33/><G33/><T83/><D83/><U25/><E42/><V103/><F30/><W47/><G130/><T122/><D122/><U90/><E90/><V74/><F74/><W4/><G39/><T109/><D109/><U81/><E81/><V31/><F31/><W68/><G68/><T63/><D127/><N who="1" m="48715" /><E10/><V129/><F129/><W85/><G95/><T24/><D135/><U52/><E52/><V107/><F55/><W75/><G75/><T104/><D132/><U76/><E76/><V60/><F107/><W19/><G82/><T59/><D104/><U97/><E97/><V46/><F46/><W21/><REACH who="3" step="1"/><G56/><REACH who="3" ten="270,102,328,290" step="2"/><T58/><D58/><U9/><E9/><V29/><F69/><W77/><G77/><T91/><D92/><U96/><E96/><V36/><F8/><W115/><G115/><N who="0" m="44107" /><D91/><U99/><E99/><V45/><F114/><W40/><G40/><T126/><D88/><U131/><E131/><V3/><F89/><W64/><G64/><T80/><D126/><U35/><E35/><V7/><F66/><W23/><G23/><AGARI ba="0,1" hai="16,23,25,70,71,98,100,106" m="48715,45675" machi="23" ten="30,3900,0" yaku="12,1,18,1,54,1" doraHai="108" who="1" fromWho="3" sc="270,0,102,49,328,0,290,-39" /><INIT seed="4,0,0,4,2,67" ten="270,151,328,251" oya="0" hai0="60,106,82,65,107,84,66,111,13,5,89,86,133" hai1="113,117,34,95,9,35,24,18,37,104,6,81,25" hai2="120,7,102,56,45,8,51,123,11,110,121,58,40" hai3="105,19,125,90,26,130,17,70,16,101,92,57,75"/><T12/><D133/><U78/><E104/><V96/><F110/><W119/><G119/><T62/><D89/><U22/><E37/><V39/><F39/><W115/><G75/><T54/><D54/><U72/><E117/><V71/><F71/><W63/><G130/><T114/><D82/><U135/><E135/><V131/><F131/><W97/><G125/><T42/><D42/><U28/><E95/><V52/><F40/><W74/><G74/><T61/><D61/><U33/><REACH who="1" step="1"/><E113/><REACH who="1" ten="270,141,328,251" step="2"/><V43/><F43/><W69/><G115/><T124/><D114/><U116/><E116/><V85/><F123/><W64/><REACH who="3" step="1"/><G26/><REACH who="3" ten="270,141,328,241" step="2"/><T1/><D111/><U29/><E29/><V109/><F121/><W55/><G55/><T99/><D124/><U21/><E21/><V80/><F52/><W31/><G31/><T118/><D118/><U122/><E122/><V108/><F109/><W112/><G112/><T93/><D66/><U30/><E30/><V49/><F108/><W38/><G38/><T73/><D65/><U100/><E100/><V53/><F102/><W59/><G59/><T32/><D32/><U103/><E103/><V2/><F56/><W126/><G126/><T3/><D106/><U87/><E87/><AGARI ba="0,2" hai="16,17,19,57,63,64,69,70,87,90,92,97,101,105" machi="87" ten="40,8000,1" yaku="1,1,52,2,54,1,53,0" doraHai="67" doraHaiUra="48" who="3" fromWho="1" sc="270,0,141,-80,328,0,241,100" /><INIT seed="5,0,0,2,2,111" ten="270,61,328,341" oya="1" hai0="27,105,67,91,25,8,112,31,17,1,15,103,45" hai1="10,132,7,123,23,102,93,108,46,0,134,32,59" hai2="94,70,84,124,113,110,131,120,19,53,29,42,122" hai3="86,118,119,43,4,100,115,97,18,28,16,61,9"/><U13/><E123/><V107/><F110/><W71/><G28/><T52/><D1/><U26/><E46/><V63/><F107/><W76/><G43/><T39/><D67/><U38/><E38/><V133/><F29/><W114/><G71/><T40/><D112/><N who="3" m="43049" /><G61/><T24/><D91/><U6/><E108/><V78/><F113/><W135/><G135/><N who="1" m="51754" /><E59/><V92/><F133/><W65/><G65/><T2/><D2/><U73/><E93/><V85/><F70/><W5/><G86/><T95/><D105/><U48/><E102/><V33/><F63/><W88/><G88/><T56/><D95/><U79/><E79/><V75/><F78/><W62/><G62/><T44/><D103/><U80/><E73/><V98/><F75/><W87/><G87/><T77/><D77/><U37/><E80/><V129/><F94/><N who="3" m="58423" /><G76/><T83/><D83/><U126/><E48/><V30/><F30/><W34/><G34/><T66/><D66/><U101/><E101/><V50/><F33/><W49/><G49/><T125/><D31/><N who="1" m="19575" /><E37/><V90/><F50/><W89/><G89/><T96/><D39/><U41/><E41/><V60/><F42/><W104/><G104/><T14/><D40/><U47/><E47/><N who="0" m="17993" /><D96/><U117/><E126/><V20/><F124/><W22/><G9/><T36/><D125/><U109/><E109/><V106/><F106/><W68/><G68/><T11/><D36/><U128/><E128/><V51/><F129/><W57/><G57/><T99/><D99/><U121/><E121/><V74/><F122/><W64/><G64/><T72/><D72/><RYUUKYOKU ba="0,0" sc="270,0,61,0,328,0,341,0" /><INIT seed="6,1,0,4,2,91" ten="270,61,328,341" oya="2" hai0="103,120,25,133,47,14,97,2,122,62,87,126,64" hai1="102,84,128,10,22,32,101,12,61,3,69,8,57" hai2="66,118,49,100,5,95,89,35,44,85,20,59,117" hai3="76,33,37,60,113,13,70,94,77,34,11,17,18"/><V79/><F35/><W130/><G37/><T6/><D2/><U36/><E36/><V42/><F100/><W56/><G70/><T26/><D126/><U110/><E69/><V111/><F111/><W92/><G130/><T81/><D133/><U30/><E110/><V53/><F66/><W105/><G105/><T115/><D115/><U7/><E128/><V45/><F5/><W16/><G113/><T65/><D122/><U86/><E32/><V29/><F79/><N who="3" m="30283" /><G34/><T96/><D120/><U50/><E50/><V119/><REACH who="2" step="1"/><F42/><REACH who="2" ten="270,61,318,341" step="2"/><W48/><G33/><T82/><D6/><U109/><E109/><V131/><F131/><W88/><G48/><T19/><D103/><U67/><E3/><V68/><F68/><W127/><G127/><T108/><D108/><U41/><E41/><V21/><F21/><W104/><G104/><T55/><D55/><U80/><E10/><V107/><F107/><W74/><G74/><T123/><D123/><U52/><E67/><V121/><F121/><W39/><G39/><T38/><D38/><U46/><E46/><V134/><F134/><W58/><G58/><T93/><D47/><U114/><E114/><V90/><F90/><W24/><G88/><N who="0" m="53407" /><D65/><U78/><REACH who="1" step="1"/><E86/><REACH who="1" ten="270,51,318,341" step="2"/><V75/><F75/><W15/><G56/><T9/><D64/><U99/><E99/><V135/><F135/><W31/><G60/><T63/><D97/><U40/><E40/><V129/><F129/><W106/><G106/><T54/><D96/><U27/><AGARI ba="1,2" hai="7,8,12,22,27,30,52,57,61,78,80,84,101,102" machi="27" ten="30,8000,1" yaku="1,1,0,1,8,1,54,1,53,1" doraHai="91" doraHaiUra="73" who="1" fromWho="1" sc="270,-21,51,103,318,-41,341,-21" /><INIT seed="7,0,0,1,4,5" ten="249,154,277,320" oya="3" hai0="66,35,63,122,126,61,0,2,124,64,127,29,57" hai1="73,121,104,1,14,17,58,80,68,78,71,15,44" hai2="102,6,110,33,115,108,88,28,84,95,45,9,133" hai3="83,23,134,81,53,18,48,120,65,116,7,125,70"/><W32/><G120/><T123/><D29/><U72/><E1/><N who="0" m="617" /><D35/><U105/><E121/><N who="0" m="46089" /><D57/><U98/><E44/><V13/><F133/><W60/><G116/><T52/><D52/><U107/><E73/><V31/><F115/><W43/><G32/><T47/><D47/><U41/><E41/><V77/><F77/><W38/><G134/><T74/><D74/><U69/><E98/><V16/><F6/><W20/><G125/><T30/><D30/><U34/><E58/><V51/><F102/><W46/><G7/><T109/><D109/><U96/><E34/><V99/><F99/><W119/><G119/><T22/><D22/><U113/><E96/><V25/><REACH who="2" step="1"/><F31/><REACH who="2" ten="249,154,267,320" step="2"/><W118/><G118/><T111/><D111/><U130/><E130/><V12/><F12/><W132/><G132/><T97/><D97/><U67/><E113/><V87/><F87/><W86/><G86/><T54/><D54/><AGARI ba="0,1" hai="9,13,16,25,28,33,45,51,54,84,88,95,108,110" machi="54" ten="30,8000,1" yaku="1,1,7,1,52,1,54,2,53,0" doraHai="5" doraHaiUra="3" who="2" fromWho="0" sc="249,-80,154,0,267,90,320,0" owari="169,-23.0,154,-35.0,357,46.0,320,12.0" /></mjloggm>