<mjloggm ver="2.3"><GO type="169"/><UN n0="%6C%69%67%68%74%39%39" n1="%EF%BC%88%E2%89%A7%E2%96%BD%E2%89%A6%EF%BC%89" n2="%E5%AF%9B%E3%83%94%E3%82%A8%E3%83%AD" n3="%52%65%4D%61%72%69%6D%6F" dan="16,16,16,17" rate="2111,2106,2095,2042" sx="M,M,M,M"/><TAIKYOKU oya="0"/><INIT seed="0,0,0,2,0,2" ten="250,250,250,250" oya="0" hai0="82,121,51,52,0,22,106,19,129,85,42,90,109" hai1="5,88,43,13,80,107,95,124,72,75,6,98,55" hai2="10,120,23,64,56,61,118,21,41,65,27,122,134" hai3="53,103,26,32,46,73,97,101,83,100,110,68,31"/><T84/><D121/><U44/><E124/><V105/><F105/><W123/><G110/><T30/><D106/><U104/><E55/><V69/><F41/><W119/><G119/><T48/><D30/><U49/><E72/><V112/><F112/><W94/><G123/><T54/><D109/><U47/><E47/><V125/><F125/><W67/><G67/><T1/><D129/><U74/><E74/><V130/><F134/><W4/><G68/><T77/><D0/><U58/><E58/><V59/><F69/><W25/><G25/><T96/><D96/><U3/><E3/><V99/><F99/><W127/><G127/><T128/><D1/><U79/><REACH who="1" step="1"/><E5/><REACH who="1" ten="250,240,250,250" step="2"/><V29/><F59/><W12/><G53/><N who="0" m="20587" /><D42/><U116/><E116/><V9/><F118/><W38/><G46/><T20/><D128/><U14/><E14/><V93/><F130/><W66/><G73/><T111/><D111/><U16/><E16/><V17/><F17/><W108/><G108/><T24/><D22/><U71/><E71/><V62/><F21/><W132/><G4/><T135/><D135/><U37/><E37/><V36/><F36/><W133/><G38/><T63/><D63/><U45/><E45/><V50/><F120/><W117/><G117/><T11/><D11/><AGARI ba="0,1" hai="6,11,13,43,44,49,75,79,80,88,95,98,104,107" machi="11" ten="40,5200,0" yaku="1,1,52,1,54,1,53,0" doraHai="2" doraHaiUra="35" who="1" fromWho="0" sc="250,-52,240,62,250,0,250,0" /><INIT seed="1,0,0,1,2,124" ten="198,302,250,250" oya="1" hai0="66,30,95,108,103,130,113,92,60,54,9,31,15" hai1="50,3,19,86,44,114,6,4,59,115,109,0,37" hai2="112,119,127,90,98,63,118,42,111,48,29,57,34" hai3="116,62,75,55,133,128,5,18,14,106,8,96,71"/><U107/><E107/><V20/><F34/><W56/><G133/><T99/><D113/><U26/><E37/><V84/><F98/><W80/><G116/><T65/><D108/><U77/><E59/><V134/><F111/><W74/><G71/><T101/><D130/><U89/><E77/><V45/><F134/><W40/><G40/><T53/><D66/><U51/><E109/><V79/><F79/><W78/><G128/><T2/><D2/><U38/><E38/><V47/><F127/><W43/><G43/><T105/><D105/><U121/><E89/><V135/><F135/><W122/><G122/><T76/><D76/><U82/><E82/><V32/><F32/><W52/><G74/><T104/><D104/><U68/><E68/><V33/><F33/><W1/><G96/><N who="0" m="59807" /><D65/><U11/><E86/><V49/><F84/><W35/><G106/><T126/><D126/><U102/><E102/><V58/><F90/><W39/><G35/><T120/><D120/><U17/><E121/><V73/><F73/><W13/><G39/><T85/><D85/><U64/><E64/><V87/><F87/><W21/><G1/><T70/><D70/><U123/><E123/><V27/><F112/><W125/><G125/><T67/><D67/><AGARI ba="0,0" hai="5,8,13,14,18,21,52,55,56,62,67,75,78,80" machi="67" ten="30,2000,0" yaku="7,1,54,1" doraHai="124" who="3" fromWho="0" sc="198,-20,302,0,250,0,250,20" /><INIT seed="2,0,0,1,1,105" ten="178,302,250,270" oya="2" hai0="44,77,54,76,89,129,56,117,85,112,124,37,73" hai1="26,12,4,108,100,104,97,14,3,62,9,75,19" hai2="120,115,99,106,7,72,0,46,61,20,66,114,95" hai3="111,50,6,11,80,68,34,55,91,2,13,41,64"/><V113/><F120/><W23/><G111/><T128/><D112/><U87/><E108/><V28/><F106/><W39/><G34/><T51/><D124/><U103/><E103/><V63/><F46/><W38/><G41/><T25/><D117/><U107/><E107/><V53/><F53/><W122/><G122/><T33/><D37/><U135/><E135/><V57/><F63/><W83/><G64/><T27/><D77/><U59/><E87/><V121/><F121/><W101/><G101/><T32/><D32/><U116/><E116/><V24/><F7/><W17/><G68/><T119/><D119/><U84/><E84/><V134/><F0/><W98/><G80/><N who="0" m="45071" /><D33/><U58/><E58/><V36/><F36/><W65/><G65/><T70/><D56/><U21/><REACH who="1" step="1"/><E75/><REACH who="1" ten="178,292,250,270" step="2"/><V90/><F72/><W132/><G132/><T96/><D70/><U29/><E29/><V45/><F134/><W15/><G83/><T123/><D123/><U69/><E69/><V102/><F102/><W49/><G98/><T52/><D96/><U1/><E1/><V94/><F45/><W18/><G2/><T8/><D85/><U126/><E126/><V31/><F31/><W42/><G91/><T110/><D89/><U125/><E125/><V92/><AGARI ba="0,1" hai="20,24,28,57,61,66,90,92,94,95,99,113,114,115" machi="92" ten="40,2100,0" yaku="0,1" doraHai="105" who="2" fromWho="2" sc="178,-7,292,-7,250,31,270,-7" /><INIT seed="2,1,0,3,1,65" ten="171,285,281,263" oya="2" hai0="27,83,77,40,78,6,128,45,9,101,39,38,91" hai1="26,95,4,54,3,111,82,57,35,48,122,125,66" hai2="50,31,99,97,51,89,34,42,94,107,80,33,135" hai3="92,117,17,10,36,120,118,64,100,52,21,23,37"/><V74/><F135/><W62/><G120/><T115/><D128/><U85/><E122/><V102/><F31/><W90/><G100/><T76/><D115/><U8/><E125/><V19/><F19/><W132/><G132/><T68/><D101/><U53/><E111/><V113/><F113/><W55/><G37/><T106/><D106/><U93/><E66/><V56/><F51/><W112/><G36/><T84/><D38/><U79/><E35/><V124/><F124/><W71/><G112/><T127/><D27/><U47/><REACH who="1" step="1"/><E26/><REACH who="1" ten="171,275,281,263" step="2"/><V29/><F33/><W63/><G118/><T87/><D127/><U73/><E73/><V46/><F74/><W81/><G117/><T126/><D126/><U104/><E104/><V110/><F107/><W41/><G64/><T131/><D131/><U59/><E59/><V88/><F56/><W86/><G41/><T134/><D134/><U116/><E116/><V108/><F34/><W121/><G121/><T32/><D32/><U75/><E75/><V22/><F108/><W67/><G55/><T98/><D98/><U24/><E24/><N who="2" m="16535" /><F110/><W69/><G52/><T18/><D87/><U129/><E129/><V16/><F99/><W103/><G86/><T49/><D84/><U123/><E123/><V109/><F109/><W15/><G81/><T13/><D83/><U2/><E2/><V28/><F80/><W60/><G67/><T96/><D96/><U72/><E72/><V12/><F28/><W44/><G44/><T130/><D45/><U0/><E0/><V7/><F97/><N who="3" m="57495" /><G103/><T14/><D130/><U20/><E20/><AGARI ba="1,1" hai="10,15,17,20,21,23,60,62,63,69,71" m="57495" machi="20" ten="30,3900,0" yaku="6,1,52,2" doraHai="65" who="3" fromWho="1" sc="171,0,275,-42,281,0,263,52" /><INIT seed="3,0,0,5,1,116" ten="171,233,281,315" oya="3" hai0="43,98,85,118,31,41,117,37,120,23,73,55,4" hai1="112,50,107,61,5,87,77,67,72,2,26,95,69" hai2="33,91,15,84,3,74,48,128,21,60,100,134,133" hai3="49,10,70,24,1,109,44,106,82,13,28,121,46"/><W131/><G106/><T35/><D73/><U39/><E107/><V75/><F3/><W40/><G70/><T64/><D35/><U78/><E112/><V99/><F33/><W93/><G131/><T58/><D64/><U111/><E111/><V38/><F38/><W17/><G109/><T135/><D4/><U12/><E39/><V89/><F128/><W32/><G82/><T88/><D98/><U83/><E2/><V0/><F0/><W19/><G121/><T76/><D76/><U108/><E108/><V68/><F48/><W42/><G1/><T66/><D66/><U14/><E5/><V22/><F91/><W27/><G93/><T104/><D104/><U102/><E77/><V16/><F22/><W90/><G90/><T57/><D57/><U127/><E127/><V126/><F126/><W94/><G94/><T103/><D103/><U125/><E125/><V20/><F20/><W92/><G92/><N who="0" m="54287" /><D117/><U71/><E71/><V53/><F68/><W62/><G62/><N who="0" m="36191" /><D118/><U47/><E72/><V65/><F75/><W34/><G34/><T18/><D120/><U130/><E130/><V124/><F74/><W45/><G40/><T9/><D37/><U129/><E129/><V52/><F124/><W54/><G42/><T59/><D59/><U56/><E69/><N who="2" m="42151" /><F99/><W7/><G7/><T81/><D81/><U8/><E61/><V119/><F100/><W122/><G122/><T123/><D123/><U25/><E102/><V30/><F119/><W79/><G79/><T80/><D80/><U36/><E83/><N who="2" m="49311" /><F30/><W51/><G54/><T115/><D31/><RYUUKYOKU ba="0,0" sc="171,-15,233,-15,281,15,315,15" hai2="15,16,21,52,53,133,134" hai3="10,13,17,19,24,27,28,32,44,45,46,49,51" /><INIT seed="3,1,0,3,1,131" ten="156,218,296,330" oya="3" hai0="43,98,59,135,67,14,99,22,56,13,117,44,79" hai1="76,17,109,29,52,64,128,62,60,101,118,127,61" hai2="88,18,46,105,112,48,15,40,26,27,83,124,126" hai3="3,111,49,119,80,0,77,2,23,21,121,24,4"/><W89/><G119/><T5/><D117/><U96/><E118/><V74/><F105/><W122/><G89/><T28/><D79/><U69/><E128/><V110/><F112/><W71/><G71/><T63/><D59/><U31/><E127/><N who="2" m="48683" /><F110/><W104/><G104/><T132/><D14/><U106/><E109/><V51/><F51/><W82/><G111/><T81/><D81/><U16/><E76/><N who="2" m="44439" /><F88/><W130/><G130/><T97/><D28/><U85/><E85/><V19/><F19/><W1/><G49/><T72/><D72/><U47/><E29/><V12/><F12/><W113/><G113/><T42/><D42/><U37/><E31/><V78/><F78/><W11/><G82/><T66/><D66/><U103/><E103/><V86/><F86/><W50/><G50/><T93/><D93/><U8/><E8/><AGARI ba="1,0" hai="8,15,18,26,27,40,46,48" m="44439,48683" machi="8" ten="30,1000,0" yaku="18,1" doraHai="131" who="2" fromWho="1" sc="156,0,218,-13,296,13,330,0" /><INIT seed="4,0,0,0,0,2" ten="156,205,309,330" oya="0" hai0="133,48,93,70,47,111,88,74,45,24,4,32,80" hai1="51,14,66,19,60,94,65,25,59,67,121,128,97" hai2="78,87,71,123,29,119,120,13,79,77,116,86,126" hai3="44,92,40,34,115,58,5,95,17,103,105,106,35"/><T11/><D133/><U76/><E121/><N who="2" m="46667" /><F29/><W131/><G115/><T9/><D70/><U20/><E128/><V68/><F13/><W28/><G131/><T107/><D107/><U50/><E76/><V102/><F102/><W31/><G17/><T49/><D111/><U113/><E113/><V81/><F126/><W101/><G58/><T91/><D32/><U122/><E122/><V100/><F100/><W135/><G40/><N who="0" m="24615" /><D74/><U64/><REACH who="1" step="1"/><E25/><REACH who="1" ten="156,195,309,330" step="2"/><V41/><F79/><W42/><G135/><T39/><D24/><U112/><E112/><V18/><F78/><W132/><G132/><T30/><D39/><U129/><E129/><V62/><F77/><W82/><G106/><T110/><D110/><U124/><E124/><V16/><F116/><W15/><G105/><T69/><D69/><U54/><E54/><V83/><F71/><W134/><G134/><T3/><D80/><U127/><E127/><V27/><F81/><W73/><G82/><T130/><D130/><U33/><E33/><V114/><F68/><W96/><G35/><T98/><D91/><AGARI ba="0,1" hai="14,19,20,50,51,59,60,64,65,66,67,91,94,97" machi="91" ten="40,2600,0" yaku="1,1,8,1,53,0" doraHai="2" doraHaiUra="26" who="1" fromWho="0" sc="156,-26,195,36,309,0,330,0" /><INIT seed="5,0,0,2,0,126" ten="130,231,309,330" oya="1" hai0="31,109,91,134,23,75,98,85,32,65,113,72,9" hai1="97,18,19,27,63,71,93,58,110,129,14,60,45" hai2="78,53,122,25,10,121,62,33,87,68,35,5,135" hai3="24,103,115,77,39,104,43,132,6,100,105,101,42"/><U12/><E110/><V79/><F79/><W125/><G115/><T50/><D109/><U54/><E129/><V57/><F68/><W28/><G125/><T34/><D113/><U66/><E45/><V76/><F76/><W84/><G132/><T124/><D124/><U108/><E108/><V41/><F41/><W69/><G69/><T133/><D65/><U8/><E27/><V3/><F135/><W120/><G120/><T107/><D9/><U40/><E40/><V46/><F46/><W51/><G6/><T1/><D1/><U2/><E2/><V119/><F119/><W86/><G39/><T37/><D37/><U26/><E26/><V55/><F55/><W130/><G130/><T44/><D134/><U117/><E117/><V64/><F64/><W74/><G74/><T11/><D133/><U131/><E131/><V88/><F78/><W70/><G70/><T22/><D11/><U94/><REACH who="1" step="1"/><E97/><REACH who="1" ten="130,221,309,330" step="2"/><V61/><F25/><W128/><G128/><T81/><D98/><U0/><E0/><V96/><F96/><W95/><G42/><T47/><D44/><U29/><E29/><V67/><F121/><W82/><G24/><T4/><D31/><U123/><E123/><V92/><F122/><W30/><G28/><T127/><D127/><U114/><E114/><V20/><F3/><W89/><G30/><T99/><D99/><U49/><E49/><V16/><F62/><W83/><G43/><T90/><D50/><U21/><AGARI ba="0,1" hai="8,12,14,18,19,21,54,58,60,63,66,71,93,94" machi="21" ten="20,3900,0" yaku="1,1,0,1,7,1,53,0" doraHai="126" doraHaiUra="106" who="1" fromWho="1" sc="130,-13,221,49,309,-13,330,-13" /><INIT seed="5,1,0,4,0,103" ten="117,270,296,317" oya="1" hai0="15,53,83,88,115,66,42,48,73,51,105,22,85" hai1="99,114,9,109,38,106,126,94,47,68,65,132,36" hai2="21,127,81,31,120,57,18,121,64,113,34,93,75" hai3="10,0,72,79,90,128,11,32,122,117,102,26,101"/><U111/><E114/><V69/><F113/><W13/><G122/><T61/><D115/><U20/><E126/><V5/><F69/><W130/><G117/><T24/><D73/><U84/><E132/><V80/><F5/><W62/><G79/><T54/><D15/><U100/><E20/><V39/><F39/><W25/><G72/><T112/><D112/><U49/><E9/><V129/><F31/><W14/><G62/><T28/><D105/><U76/><E65/><V59/><F34/><W97/><G90/><T131/><D131/><U119/><E68/><V29/><F29/><W74/><G74/><T98/><D98/><U124/><E119/><V107/><F64/><W19/><G0/><T6/><D6/><U67/><E67/><V17/><F21/><W87/><G87/><T46/><REACH who="0" step="1"/><D51/><REACH who="0" ten="107,270,296,317" step="2"/><U45/><E49/><V96/><F96/><W123/><G97/><T116/><D116/><U8/><E106/><V55/><F107/><W86/><G86/><T60/><D60/><U50/><E50/><V135/><F75/><W33/><G130/><T41/><D41/><U133/><E36/><V82/><F129/><W77/><G128/><T125/><D125/><U63/><E124/><V7/><F127/><W30/><G26/><T95/><D95/><U27/><E63/><V40/><F93/><W52/><G25/><T1/><D1/><U2/><E27/><V118/><F118/><W110/><G14/><T71/><AGARI ba="1,1" hai="22,24,28,42,46,48,53,54,61,66,71,83,85,88" machi="71" ten="20,8000,1" yaku="1,1,0,1,7,1,54,1,53,1" doraHai="103" doraHaiUra="78" who="0" fromWho="0" sc="107,93,270,-41,296,-21,317,-21" /><INIT seed="6,0,0,3,4,98" ten="200,229,275,296" oya="2" hai0="132,85,114,78,0,61,117,119,108,90,30,94,73" hai1="91,36,115,124,120,47,79,64,122,118,66,96,4" hai2="103,131,135,21,19,43,71,128,51,83,2,25,93" hai3="55,113,123,10,49,32,5,59,72,23,52,129,69"/><V87/><F71/><W18/><G123/><N who="1" m="47146" /><E118/><N who="0" m="45065" /><D0/><U130/><E130/><N who="2" m="49707" /><F2/><W50/><G129/><T6/><D6/><U86/><E124/><V112/><F112/><W105/><G69/><T16/><D30/><U48/><E36/><V29/><F135/><W84/><G72/><T37/><D37/><U7/><E79/><N who="2" m="46591" /><F43/><W28/><G32/><T63/><D132/><U33/><E33/><V45/><F45/><W3/><G28/><T44/><D44/><U58/><E115/><V35/><F51/><W134/><G113/><T104/><D114/><U11/><E58/><V41/><F41/><W70/><G134/><T8/><D108/><U56/><E56/><V67/><F67/><W74/><G70/><T126/><D126/><U89/><E64/><V38/><F38/><W76/><G74/><T107/><D73/><U125/><E125/><V1/><F1/><W54/><G49/><T100/><D78/><U26/><E66/><V97/><F35/><W15/><G50/><T42/><D42/><U75/><E48/><V40/><F40/><W14/><G59/><T116/><N who="0" m="45073" /><T46/><DORA hai="101" /><D46/><U110/><E47/><V109/><F109/><W102/><G3/><T24/><D24/><U53/><E26/><V9/><F29/><W17/><G55/><T27/><D27/><U22/><E110/><V82/><F9/><W20/><G54/><T13/><D107/><U57/><E53/><V121/><F121/><W65/><G52/><T62/><D62/><U68/><E68/><V111/><F111/><W77/><G65/><T127/><D127/><U95/><E57/><RYUUKYOKU ba="0,0" sc="200,15,229,-15,275,15,296,-15" hai0="8,13,16,61,63,85,90,94,100,104" hai2="19,21,25,82,93,97,103" /><INIT seed="6,1,0,3,1,14" ten="215,214,290,281" oya="2" hai0="32,106,12,49,10,119,45,1,31,7,90,87,83" hai1="69,56,20,16,8,61,59,105,79,72,86,93,25" hai2="113,52,110,18,55,47,120,85,13,107,62,58,37" hai3="48,111,39,57,112,66,29,23,65,2,64,108,44"/><V11/><F107/><W4/><G2/><T81/><D119/><U67/><E105/><V28/><F28/><W71/><G4/><T131/><D131/><U133/><E133/><V135/><F135/><W115/><G23/><T50/><D106/><U36/><E36/><V43/><F120/><W123/><G29/><T54/><D1/><U117/><E117/><V40/><F113/><N who="3" m="43595" /><G123/><T26/><REACH who="0" step="1"/><D50/><REACH who="0" ten="205,214,290,281" step="2"/><U17/><E72/><V103/><F110/><W53/><G71/><T98/><D98/><U116/><E116/><V114/><F114/><W127/><G127/><T78/><D78/><U118/><E118/><V42/><F37/><W89/><G89/><T9/><D9/><U84/><E79/><V91/><F103/><W132/><G132/><T88/><D88/><N who="1" m="53383" /><E69/><V104/><F104/><W60/><G39/><T19/><D19/><N who="1" m="12447" /><E8/><V68/><F68/><W70/><G70/><T35/><D35/><U109/><E109/><AGARI ba="1,1" hai="44,48,53,57,60,64,65,66,108,109,111" m="43595" machi="109" ten="30,7700,0" yaku="15,1,11,1,34,2" doraHai="14" who="3" fromWho="1" sc="205,0,214,-80,290,0,281,90" /><INIT seed="7,0,0,4,0,135" ten="205,134,290,371" oya="3" hai0="23,120,94,26,54,64,57,93,112,28,49,55,130" hai1="110,9,74,63,33,80,17,22,71,41,101,91,65" hai2="108,73,83,104,3,117,5,99,134,103,12,89,131" hai3="66,4,98,0,116,29,10,59,53,45,87,37,129"/><W123/><G116/><T115/><D120/><U126/><E110/><V128/><F108/><W38/><G123/><T78/><D64/><U121/><E121/><V86/><F3/><W95/><G129/><T43/><D43/><U125/><E33/><V18/><F5/><W50/><G29/><T31/><D130/><U107/><E41/><V109/><F109/><W132/><G132/><T46/><D78/><U42/><E42/><V113/><F117/><W92/><G87/><T21/><D115/><U102/><E9/><V127/><F134/><W70/><G70/><T85/><D85/><N who="1" m="50599" /><E74/><V106/><F73/><W48/><G92/><T100/><D112/><U36/><E36/><V77/><F113/><W81/><G81/><T90/><D100/><U32/><E32/><V84/><F12/><W133/><G133/><T30/><D90/><U6/><E6/><V96/><F18/><W8/><G8/><T61/><D21/><U20/><E107/><V13/><F106/><W111/><G111/><T27/><D27/><N who="1" m="14735" /><E22/><V119/><F104/><W7/><G7/><T105/><D105/><U82/><E82/><V24/><F83/><W67/><G38/><T62/><D23/><U16/><E16/><V11/><F11/><W2/><G37/><T114/><D114/><U56/><E71/><V52/><F131/><W1/><G0/><T35/><D35/><U79/><E79/><V68/><F77/><W88/><G1/><T14/><D30/><U25/><E25/><V97/><F24/><W44/><G2/><T124/><D26/><U58/><E58/><V51/><F128/><RYUUKYOKU ba="0,0" sc="205,-10,134,30,290,-10,371,-10" hai1="56,63,65,101,102,125,126" owari="195,-20.0,164,-34.0,280,8.0,361,46.0" /></mjloggm>