<mjloggm ver="2.3"><GO type="97"/><UN n0="%EF%BC%88%E2%89%A7%E2%96%BD%E2%89%A6%EF%BC%89" n1="%E7%A9%BA%E6%B0%97%E3%81%9F%E3%81%8B%E3%81%97" n2="%68%61%62%61%68%61%62%61" n3="%E3%82%8C%E3%81%8A%E3%81%97%E3%82%87%E3%81%86" dan="15,14,14,14" rate="1982,1896,1876,1931" sx="M,M,M,M"/><TAIKYOKU oya="0"/><INIT seed="0,0,0,1,5,53" ten="250,250,250,250" oya="0" hai0="81,26,39,122,36,118,23,5,132,80,51,88,86" hai1="67,40,108,102,27,123,31,120,93,13,129,12,42" hai2="85,83,30,84,61,72,104,38,11,54,75,116,78" hai3="101,8,55,3,105,47,124,64,6,24,70,127,56"/><T115/><D122/><U107/><E107/><V92/><F104/><W41/><G24/><T117/><D115/><U2/><E2/><V10/><F38/><W9/><G101/><T126/><D126/><U35/><E108/><V62/><F116/><W110/><G110/><T17/><D132/><U130/><E67/><V68/><F30/><W87/><G87/><T19/><D5/><U50/><E123/><V133/><F133/><W60/><G105/><T18/><D39/><U91/><E102/><V90/><F68/><W74/><G74/><T66/><D36/><U46/><E42/><V22/><F62/><W98/><G98/><T121/><D121/><U0/><E0/><V134/><F134/><W34/><G34/><T37/><D37/><U44/><E46/><V111/><F111/><W82/><G82/><T99/><D66/><U97/><REACH who="1" step="1"/><E120/><REACH who="1" ten="250,240,250,250" step="2"/><V135/><F135/><W1/><G47/><T65/><D65/><U57/><E57/><N who="2" m="34999" /><F72/><W32/><G41/><T125/><D125/><U73/><E73/><V59/><F75/><W69/><G127/><T45/><D118/><U103/><E103/><V49/><F22/><W119/><G124/><T106/><D117/><U43/><E43/><V33/><F33/><W58/><G119/><T79/><D106/><U21/><E21/><V29/><F29/><W131/><G32/><T112/><D112/><U25/><E25/><V128/><F128/><AGARI ba="0,1" hai="12,13,27,31,35,40,44,50,91,93,97,128,129,130" machi="128" ten="40,2600,0" yaku="1,1,19,1,53,0" doraHai="53" doraHaiUra="48" who="1" fromWho="2" sc="250,0,240,36,250,-26,250,0" /><INIT seed="1,0,0,0,0,127" ten="250,276,224,250" oya="1" hai0="44,46,81,91,64,115,57,133,5,56,126,105,1" hai1="30,104,80,109,77,7,94,90,16,60,74,17,61" hai2="52,2,112,129,117,86,96,76,32,88,71,114,43" hai3="63,8,95,69,59,100,19,122,84,24,92,102,85"/><U123/><E104/><V50/><F2/><W72/><G69/><T116/><D105/><U75/><E123/><V53/><F32/><W12/><G72/><T119/><D115/><N who="2" m="44074" /><F71/><W39/><G39/><T42/><D126/><U73/><E7/><V9/><F117/><W31/><G122/><T55/><D1/><U113/><E113/><V121/><F121/><W25/><G25/><T20/><D5/><U4/><E4/><V18/><F76/><W78/><G78/><T79/><D119/><U134/><E30/><V40/><F96/><W0/><G0/><T22/><D116/><U29/><E29/><V103/><F103/><W41/><G41/><T15/><D79/><U47/><E134/><V26/><F53/><W13/><G13/><T68/><D68/><U135/><E135/><V65/><F65/><W37/><G37/><T110/><D64/><U36/><E109/><V10/><F10/><W54/><G95/><T89/><D110/><U62/><E36/><V132/><F132/><W124/><G124/><T21/><D133/><U87/><REACH who="1" step="1"/><E47/><REACH who="1" ten="250,266,224,250" step="2"/><N who="2" m="27743" /><F129/><W49/><G31/><T66/><D44/><U106/><E106/><V48/><F48/><W128/><G49/><N who="0" m="30831" /><D46/><U130/><E130/><V97/><F97/><AGARI ba="0,1" hai="16,17,60,61,62,73,74,75,77,80,87,90,94,97" machi="97" ten="50,4800,0" yaku="1,1,54,1,53,0" doraHai="127" doraHaiUra="23" who="1" fromWho="2" sc="250,0,266,58,224,-48,250,0" /><INIT seed="1,1,0,5,4,49" ten="250,324,176,250" oya="1" hai0="7,64,117,19,4,77,55,58,131,95,34,88,75" hai1="118,87,115,106,85,102,9,104,127,40,37,8,73" hai2="63,100,122,111,82,13,12,18,6,36,132,123,38" hai3="42,54,24,3,98,14,32,15,103,62,10,50,33"/><U120/><E73/><V1/><F1/><W51/><G3/><T25/><D117/><U70/><E118/><V81/><F63/><W93/><G42/><T57/><D131/><U69/><E120/><V89/><F100/><W99/><G24/><T39/><D39/><U83/><E40/><V30/><F30/><W76/><G76/><T113/><D113/><U129/><E37/><V60/><F60/><W45/><G62/><N who="0" m="37975" /><D75/><U78/><E115/><V112/><F6/><N who="0" m="2090" /><D77/><U71/><E129/><V5/><F5/><W116/><G116/><T2/><D2/><U17/><E87/><V35/><F112/><W27/><G27/><T92/><D34/><U53/><E127/><V26/><F26/><W126/><G126/><T121/><D121/><U41/><E41/><V80/><F81/><W22/><G33/><T107/><D107/><U59/><E102/><V65/><F35/><W66/><G32/><T128/><D128/><U74/><E74/><V43/><F43/><W29/><G29/><T31/><D31/><U61/><REACH who="1" step="1"/><E8/><REACH who="1" ten="250,314,176,250" step="2"/><V84/><F84/><W48/><G10/><T135/><D135/><U23/><E23/><V44/><F122/><W86/><G22/><N who="0" m="13535" /><D88/><U119/><E119/><V20/><F89/><W134/><G103/><T67/><D67/><U101/><E101/><V28/><F20/><W52/><G66/><T0/><D95/><U94/><E94/><V97/><F65/><W125/><G125/><T21/><D92/><U124/><E124/><V133/><F123/><W72/><G93/><T47/><D0/><U79/><E79/><V96/><F132/><RYUUKYOKU ba="1,1" sc="250,-10,314,30,176,-10,250,-10" hai1="9,17,53,59,61,69,70,71,78,83,85,104,106" /><INIT seed="1,2,1,4,4,108" ten="240,344,166,240" oya="1" hai0="97,50,98,78,110,48,92,7,40,33,130,15,23" hai1="45,107,68,72,30,88,17,126,43,35,14,104,46" hai2="84,133,42,58,123,21,76,122,54,120,129,66,19" hai3="44,3,128,39,125,6,86,127,52,95,5,60,62"/><U113/><E68/><V12/><F42/><W61/><G128/><T103/><D33/><U94/><E72/><V106/><F66/><W28/><G28/><T47/><D130/><U16/><E126/><N who="3" m="48138" /><G39/><T9/><D110/><U93/><E30/><V91/><F76/><W13/><G3/><T117/><D117/><U83/><E35/><V26/><F106/><W55/><G13/><T134/><D134/><U11/><E113/><V24/><F133/><W1/><G1/><T79/><D50/><U25/><E107/><V131/><F129/><W57/><G44/><N who="1" m="17002" /><E104/><V53/><F131/><W70/><G70/><T36/><D36/><U67/><E67/><V119/><F119/><W34/><G34/><T87/><D87/><N who="1" m="50303" /><E43/><V18/><F18/><W27/><G27/><T118/><D118/><U22/><AGARI ba="2,1" hai="11,14,16,17,22,25,93,94" m="50303,17002" machi="22" ten="30,6000,0" yaku="8,1,54,2" doraHai="108" who="1" fromWho="1" sc="240,-22,344,76,166,-22,240,-22" /><INIT seed="1,3,0,1,4,131" ten="218,420,144,218" oya="1" hai0="93,92,5,46,58,33,19,79,40,119,37,109,111" hai1="125,72,60,63,31,69,61,17,43,90,51,13,133" hai2="91,95,36,48,77,99,74,24,71,130,55,67,68" hai3="23,4,41,123,26,0,104,2,118,20,128,62,3"/><U29/><E72/><V12/><F36/><W28/><G104/><T49/><D119/><U101/><E69/><V34/><F130/><W103/><G103/><T35/><D5/><U126/><E101/><V88/><F67/><W132/><G128/><T45/><D79/><U97/><E133/><V10/><F77/><W117/><G62/><T96/><D58/><U112/><E112/><V120/><F74/><W18/><G41/><N who="0" m="24783" /><D92/><N who="1" m="56471" /><E43/><V84/><F120/><W114/><G114/><T94/><D94/><U21/><E51/><V66/><F66/><W73/><G73/><T89/><D19/><U127/><AGARI ba="3,0" hai="13,17,21,29,31,60,61,63,125,126,127" m="56471" machi="127" ten="40,2100,0" yaku="18,1" doraHai="131" who="1" fromWho="1" sc="218,-10,420,30,144,-10,218,-10" /><INIT seed="1,4,0,2,1,83" ten="208,450,134,208" oya="1" hai0="23,48,65,132,51,118,64,102,13,112,82,17,119" hai1="49,77,27,43,16,44,107,86,60,78,37,21,59" hai2="52,80,104,111,89,110,108,99,101,63,5,47,126" hai3="70,96,18,71,74,67,46,105,125,87,91,98,72"/><U66/><E107/><V106/><F126/><W69/><G125/><T11/><D112/><U42/><E42/><V57/><F5/><W41/><G67/><N who="0" m="25675" /><D119/><U95/><E37/><V40/><F104/><W33/><G33/><T36/><D118/><U25/><E27/><V134/><F134/><W133/><G133/><T131/><D36/><U14/><E25/><V61/><F61/><W38/><G18/><N who="0" m="8511" /><D131/><U1/><E1/><V116/><F116/><W24/><G24/><N who="0" m="14447" /><D102/><U75/><E75/><V28/><F28/><W90/><G105/><T35/><D35/><U124/><E124/><V79/><F89/><AGARI ba="4,0" hai="14,16,21,43,44,49,59,60,66,77,78,86,89,95" machi="89" ten="40,7700,0" yaku="8,1,52,1,54,1" doraHai="83" who="1" fromWho="2" sc="208,0,450,89,134,-89,208,0" /><INIT seed="1,5,0,3,5,81" ten="208,539,45,208" oya="1" hai0="40,83,51,128,109,12,112,127,123,29,25,41,107" hai1="89,88,78,121,110,66,105,39,31,20,0,11,101" hai2="18,104,58,118,1,74,131,132,135,97,7,57,119" hai3="5,65,99,14,53,28,106,38,114,13,87,4,3"/><U52/><E121/><V60/><F74/><W54/><G114/><T50/><D107/><U98/><E39/><V64/><F7/><W33/><G38/><T61/><D12/><U92/><E66/><V113/><F1/><W82/><G3/><T75/><D75/><U115/><E78/><V21/><F113/><W68/><G4/><T62/><D83/><U8/><E115/><V6/><F6/><W15/><G5/><T91/><D91/><N who="1" m="34891" /><E105/><V103/><F58/><W19/><G19/><T70/><D70/><U117/><E117/><V116/><REACH who="2" step="1"/><F131/><REACH who="2" ten="208,539,35,208" step="2"/><W111/><G68/><T67/><D128/><U56/><E0/><V80/><F80/><W122/><G122/><T59/><D123/><U125/><E125/><V22/><F22/><W46/><G82/><T26/><D127/><U102/><E110/><V69/><F69/><W126/><G111/><T17/><D109/><U90/><E20/><V30/><F30/><W36/><G126/><T49/><D112/><U37/><E31/><V9/><F9/><N who="1" m="3657" /><E37/><V100/><F100/><W71/><G28/><T34/><D29/><U45/><E45/><V23/><F23/><W16/><G46/><T86/><D59/><U32/><E32/><V55/><F55/><W93/><G33/><T77/><D34/><U24/><E24/><AGARI ba="5,1" hai="18,21,24,57,60,64,97,103,104,116,118,119,132,135" machi="24" ten="40,1300,0" yaku="1,1,53,0" doraHai="81" doraHaiUra="108" who="2" fromWho="1" sc="208,0,539,-28,35,38,208,0" /><INIT seed="2,0,0,4,2,68" ten="208,511,73,208" oya="2" hai0="63,31,26,111,50,1,131,123,115,23,85,9,65" hai1="74,125,21,15,12,126,11,44,54,109,101,40,18" hai2="0,124,39,76,14,73,77,16,93,87,17,52,119" hai3="116,51,70,114,67,57,113,64,107,128,46,49,90"/><V37/><F0/><W98/><G116/><T108/><D123/><U62/><E74/><V88/><F119/><W134/><G128/><T55/><D115/><N who="3" m="44041" /><G134/><T100/><D131/><U24/><E109/><N who="0" m="42057" /><D100/><U43/><E101/><V132/><F132/><W103/><G90/><T95/><D9/><U35/><E35/><V48/><F124/><N who="1" m="47721" /><E62/><V82/><F76/><W28/><G28/><T33/><D33/><U91/><E91/><V25/><F25/><W13/><G13/><N who="1" m="5194" /><E11/><V110/><F110/><W104/><G104/><T130/><D1/><U2/><E2/><V75/><F75/><W135/><G135/><T99/><D130/><U72/><E72/><V129/><F129/><W120/><G120/><T83/><D83/><U66/><E66/><V5/><F5/><W118/><G118/><T121/><D121/><U133/><E133/><V58/><REACH who="2" step="1"/><F17/><REACH who="2" ten="208,511,63,208" step="2"/><W92/><G107/><T61/><D26/><U47/><E18/><V29/><F29/><W27/><G27/><T36/><D31/><U105/><E24/><V30/><F30/><W127/><G127/><T81/><D23/><AGARI ba="0,1" hai="14,16,23,37,39,48,52,58,73,77,82,87,88,93" machi="23" ten="30,36000,4" yaku="1,1,7,1,25,2,52,2,54,3,53,2" doraHai="68" doraHaiUra="71" who="2" fromWho="0" sc="208,-360,511,0,63,370,208,0" owari="-152,-65.0,511,61.0,433,23.0,208,-19.0" /></mjloggm>