<mjloggm ver="2.3"><GO type="41"/><UN n0="%E3%81%A1%E3%81%8F%E3%81%B3%E3%81%A3%E5%A8%98%E3%81%A1%E3%82%83%E3%82%93" n1="%E3%83%91%E3%82%B1%E6%B0%8F" n2="%E3%82%A6%E3%83%AB%E3%83%88%E3%83%A9%E7%AB%8B%E7%9B%B4" n3="%E9%BB%92%E8%98%AD" dan="13,15,15,13" rate="1955,1946,1985,1860" sx="M,M,M,F"/><TAIKYOKU oya="0"/><INIT seed="0,0,0,1,3,5" ten="250,250,250,250" oya="0" hai0="48,30,23,13,2,20,99,10,129,54,119,65,131" hai1="21,6,86,133,114,110,91,118,38,26,88,22,58" hai2="19,39,94,127,92,101,85,34,53,14,83,98,16" hai3="67,89,68,43,121,55,62,56,60,76,79,72,37"/><T100/><D65/><U103/><E118/><V57/><F39/><W24/><G121/><T33/><D100/><U44/><E110/><V109/><F34/><W41/><G72/><T111/><D99/><U18/><E133/><V78/><F109/><W46/><G41/><T66/><D66/><U27/><E114/><V75/><F127/><W132/><G132/><T81/><D81/><U31/><E103/><V29/><F29/><W64/><G64/><T130/><D111/><U122/><E122/><V107/><F19/><W128/><G128/><T61/><D61/><U47/><E6/><V84/><F107/><W123/><G123/><T87/><D87/><U115/><E115/><V74/><F92/><W17/><G89/><T117/><D48/><U105/><E105/><V134/><F75/><W3/><G3/><T126/><D54/><U116/><E116/><N who="0" m="44617" /><D2/><U125/><E125/><V104/><F104/><W102/><G102/><T12/><D12/><U63/><E38/><V36/><F36/><W96/><G96/><T112/><D126/><U80/><E91/><V52/><F134/><W59/><G56/><T124/><D112/><U93/><E80/><V77/><F77/><W0/><G0/><T40/><D40/><U35/><E35/><V50/><F53/><AGARI ba="0,0" hai="18,21,22,26,27,31,44,47,53,58,63,86,88,93" machi="53" ten="30,3900,0" yaku="7,1,8,1,54,1" doraHai="5" who="1" fromWho="2" sc="250,0,250,39,250,-39,250,0" /><INIT seed="1,0,0,5,1,33" ten="250,289,211,250" oya="1" hai0="114,125,17,73,6,120,109,25,116,39,7,101,14" hai1="34,24,26,82,53,62,42,18,9,108,130,122,85" hai2="8,113,22,19,3,59,46,134,128,126,97,95,12" hai3="16,106,30,28,74,98,111,49,91,15,92,43,23"/><U11/><E122/><V66/><F113/><W110/><G74/><T127/><D39/><U69/><E42/><V10/><F126/><W32/><G32/><T94/><D73/><U79/><E130/><V78/><F128/><W133/><G133/><T40/><D40/><U48/><E108/><N who="3" m="41514" /><G106/><T99/><D116/><U103/><E103/><V112/><F112/><W117/><G117/><T71/><D71/><U31/><E69/><V123/><F123/><W131/><G131/><T135/><D114/><U54/><E62/><V0/><F134/><W67/><G67/><T35/><D135/><U36/><E36/><V37/><F78/><W75/><G75/><T105/><D120/><U118/><E118/><V60/><F46/><AGARI ba="0,0" hai="15,16,23,28,30,43,46,49,91,92,98" m="41514" machi="46" ten="30,2000,0" yaku="14,1,54,1" doraHai="33" who="3" fromWho="2" sc="250,0,289,0,211,-20,250,20" /><INIT seed="2,0,0,5,5,101" ten="250,289,191,270" oya="2" hai0="98,35,44,69,114,57,46,103,8,84,3,113,63" hai1="23,47,54,92,32,61,75,134,86,22,72,12,41" hai2="74,88,64,4,77,76,111,33,108,107,85,81,14" hai3="16,20,90,119,56,68,21,10,115,131,127,42,43"/><V95/><F33/><W82/><G119/><T26/><D46/><U133/><E32/><V30/><F30/><W73/><G68/><T132/><D132/><N who="1" m="50795" /><E61/><V87/><F64/><W36/><G131/><T67/><D44/><U80/><E54/><V129/><F14/><W91/><G127/><T34/><D34/><U110/><E110/><N who="2" m="42027" /><F4/><W24/><G115/><T25/><D25/><U17/><E22/><V99/><F129/><W7/><G43/><T27/><D27/><U128/><E128/><V45/><F45/><W122/><G122/><T118/><D57/><U106/><E92/><V40/><F40/><W2/><G56/><T123/><D84/><N who="2" m="32330" /><F77/><W79/><REACH who="3" step="1"/><G21/><REACH who="3" ten="250,289,191,260" step="2"/><T1/><D123/><U94/><E41/><V78/><F78/><W52/><G52/><T93/><D118/><U50/><E23/><V104/><AGARI ba="0,1" hai="74,76,81,88,95,99,104,107" m="32330,42027" machi="104" ten="30,18000,2" yaku="14,1,10,1,34,2,52,2,54,1" doraHai="101" who="2" fromWho="2" sc="250,-60,289,-60,191,190,260,-60" /><INIT seed="2,1,0,0,0,121" ten="190,229,381,200" oya="2" hai0="51,105,34,94,36,0,70,4,89,91,90,29,133" hai1="49,76,103,119,7,20,86,104,38,116,15,22,25" hai2="115,32,130,5,18,48,39,134,126,19,75,69,17" hai3="72,57,108,3,6,16,64,101,95,124,31,62,14"/><V30/><F39/><W131/><G72/><T97/><D70/><U63/><E38/><V88/><F69/><W40/><G40/><T65/><D36/><U61/><E104/><V132/><F75/><W24/><G131/><T27/><D65/><U66/><E103/><V74/><F74/><W114/><G124/><T80/><D105/><U102/><E102/><V46/><F115/><W33/><G114/><T87/><D133/><N who="2" m="51306" /><F5/><W77/><G77/><T12/><D0/><U10/><E49/><V59/><F59/><W1/><G108/><T9/><REACH who="0" step="1"/><D51/><REACH who="0" ten="180,229,381,200" step="2"/><U23/><E119/><V13/><F48/><W47/><G3/><T127/><D127/><U78/><E116/><V82/><F126/><W135/><G135/><T98/><D98/><U100/><E61/><V28/><F130/><W37/><G1/><T55/><D55/><U54/><E54/><V21/><F46/><W68/><G37/><T58/><D58/><U60/><E60/><V93/><F82/><W71/><G47/><T117/><D117/><U113/><E63/><V129/><F129/><W99/><G6/><T79/><AGARI ba="1,1" hai="4,9,12,27,29,34,79,80,87,89,90,91,94,97" machi="79" ten="20,12000,2" yaku="1,1,0,1,7,1,53,3" doraHai="121" doraHaiUra="84" who="0" fromWho="0" sc="180,133,229,-31,381,-61,200,-31" /><INIT seed="3,0,0,5,4,13" ten="313,198,320,169" oya="3" hai0="20,1,96,102,39,11,43,74,82,61,70,12,111" hai1="8,131,35,40,15,113,109,68,58,128,44,112,94" hai2="110,106,4,90,17,116,130,31,77,78,60,86,6" hai3="64,104,57,18,126,54,81,22,59,30,75,97,99"/><W114/><G114/><T100/><D1/><U132/><E35/><V129/><F106/><W16/><G126/><T108/><D102/><U69/><E94/><V29/><F116/><W63/><G75/><T71/><D43/><U124/><E124/><V98/><F98/><W67/><G81/><T118/><D39/><N who="1" m="21535" /><E15/><V103/><F103/><W122/><G122/><T33/><D118/><U5/><E5/><V55/><F110/><W2/><G2/><T85/><D33/><U125/><E8/><V66/><F55/><W84/><G84/><T105/><D74/><U95/><E95/><V52/><F52/><N who="3" m="34215" /><G104/><T88/><D20/><U92/><E92/><V38/><F86/><W83/><G83/><T21/><D21/><U134/><E125/><V46/><F77/><W28/><G99/><T79/><D79/><U101/><E101/><V123/><F78/><W119/><G97/><T53/><D53/><U9/><E9/><V62/><F123/><W19/><G22/><T135/><D61/><U0/><E0/><V47/><F90/><W27/><G27/><T25/><D25/><U65/><E109/><N who="0" m="42057" /><D135/><N who="1" m="51755" /><E58/><V45/><F6/><AGARI ba="0,0" hai="6,11,12,70,71,82,85,88,96,100,105" m="42057" machi="6" ten="30,2000,0" yaku="14,1,54,1" doraHai="13" who="0" fromWho="2" sc="313,20,198,0,320,-20,169,0" /><INIT seed="4,0,0,0,3,2" ten="333,198,300,169" oya="0" hai0="6,107,45,38,133,77,0,12,66,103,129,8,31" hai1="71,26,108,20,73,131,14,104,75,48,52,92,122" hai2="1,69,117,126,59,19,112,78,15,22,121,120,130" hai3="18,34,88,30,54,51,135,63,21,84,95,57,101"/><T43/><D133/><U76/><E108/><V86/><F69/><W49/><G135/><T37/><D129/><U46/><E122/><V35/><F86/><W70/><G70/><T24/><D12/><U50/><E104/><V55/><F78/><W27/><REACH who="3" step="1"/><G101/><REACH who="3" ten="333,198,300,159" step="2"/><T39/><D66/><U60/><E71/><V114/><F120/><W56/><G56/><T33/><REACH who="0" step="1"/><D77/><REACH who="0" ten="323,198,300,159" step="2"/><U110/><E110/><V64/><F121/><W111/><G111/><T116/><D116/><U41/><E131/><V4/><F64/><W32/><G32/><T82/><D82/><U94/><E76/><V44/><F35/><W105/><G105/><T68/><D68/><U36/><E92/><V115/><F117/><W23/><G23/><T58/><D58/><U40/><E94/><V10/><F130/><W102/><G102/><T99/><AGARI ba="0,2" hai="0,6,8,24,31,33,37,38,39,43,45,99,103,107" machi="99" ten="30,18000,2" yaku="1,1,0,1,33,3,52,1,53,0" doraHai="2" doraHaiUra="134" who="0" fromWho="0" sc="323,200,198,-60,300,-60,159,-60" /><INIT seed="4,1,0,3,2,101" ten="523,138,240,99" oya="0" hai0="118,30,36,16,28,107,97,127,95,18,0,21,96" hai1="31,133,74,54,124,20,110,1,57,86,45,84,26" hai2="114,90,121,59,25,39,78,34,132,75,119,10,117" hai3="37,68,116,130,7,72,131,129,134,113,63,120,77"/><T66/><D0/><U79/><E110/><V89/><F10/><W70/><G37/><T122/><D36/><U82/><E1/><V22/><F34/><W58/><G7/><T73/><D73/><U52/><E124/><V61/><F39/><W35/><G77/><T38/><D38/><U41/><E133/><V2/><F2/><W126/><G35/><T64/><D122/><U103/><E54/><V112/><F121/><W88/><G72/><T14/><D118/><N who="2" m="45066" /><F132/><W104/><G104/><T43/><D43/><U17/><E103/><V109/><F109/><W12/><G116/><T71/><D127/><U55/><E55/><V8/><F8/><W81/><G120/><T23/><D107/><U67/><E67/><N who="0" m="25641" /><D71/><U32/><E41/><V24/><F75/><W105/><G105/><T111/><D111/><U135/><E135/><V56/><F78/><W33/><G134/><T48/><D48/><U87/><E45/><V85/><F61/><W9/><G33/><T29/><D95/><U62/><REACH who="1" step="1"/><E74/><REACH who="1" ten="523,128,240,99" step="2"/><V3/><F3/><W80/><G126/><T83/><D83/><U115/><E115/><V5/><F114/><W27/><G113/><T49/><D49/><U47/><E47/><V102/><F112/><W128/><G129/><T99/><D14/><AGARI ba="1,1" hai="14,17,20,26,31,32,52,57,62,79,82,84,86,87" machi="14" ten="30,7700,0" yaku="1,1,7,1,54,1,53,1" doraHai="101" doraHaiUra="11" who="1" fromWho="0" sc="523,-80,128,90,240,0,99,0" /><INIT seed="5,0,0,4,0,129" ten="443,218,240,99" oya="1" hai0="85,91,34,113,0,60,112,135,20,79,116,23,108" hai1="45,29,5,58,9,84,114,90,65,13,24,15,132" hai2="71,50,30,64,33,28,12,131,107,39,75,86,127" hai3="51,99,95,118,109,59,123,54,47,48,125,14,55"/><U80/><E114/><V98/><F30/><W117/><G109/><T57/><D0/><U70/><E70/><V110/><F86/><W40/><G123/><T74/><D34/><U77/><E132/><V81/><F50/><W100/><G125/><T96/><D116/><U19/><E45/><V36/><F12/><W37/><REACH who="3" step="1"/><G14/><REACH who="3" ten="443,218,240,89" step="2"/><T72/><D108/><U21/><E65/><V104/><F127/><W7/><G7/><T52/><D112/><U6/><E13/><V16/><F110/><W35/><G35/><T119/><D113/><U92/><REACH who="1" step="1"/><E58/><AGARI ba="0,1" hai="37,40,47,48,51,54,55,58,59,95,99,100,117,118" machi="58" ten="40,5200,0" yaku="1,1,9,1,53,1" doraHai="129" doraHaiUra="68" who="3" fromWho="1" sc="443,0,218,-52,240,0,89,62" /><INIT seed="6,0,0,0,0,71" ten="443,166,240,151" oya="2" hai0="22,111,91,67,113,40,133,118,1,109,129,18,81" hai1="114,72,76,60,120,33,130,36,6,54,87,61,63" hai2="28,58,134,90,5,101,26,51,12,70,78,119,131" hai3="16,21,45,85,46,124,31,92,0,110,95,47,15"/><V43/><F70/><W98/><G110/><T132/><D67/><U83/><E33/><V128/><F119/><W126/><G0/><T24/><D40/><U125/><E114/><V65/><F101/><W13/><G124/><T104/><D104/><U108/><E108/><N who="0" m="41545" /><D81/><U29/><E125/><V97/><F78/><W106/><G126/><T82/><D91/><U59/><E29/><V66/><F66/><W52/><G106/><T37/><D82/><U89/><E120/><V44/><F12/><W117/><G117/><T99/><D99/><U49/><E130/><N who="2" m="49707" /><F5/><W53/><G31/><T107/><D107/><U25/><E25/><V77/><F77/><W11/><G85/><T105/><D105/><U23/><E23/><N who="2" m="15455" /><F58/><W88/><REACH who="3" step="1"/><G92/><REACH who="3" ten="443,166,240,141" step="2"/><T80/><D1/><U69/><E6/><AGARI ba="0,1" hai="6,11,13,15,16,21,45,46,47,52,53,88,95,98" machi="6" ten="40,12000,2" yaku="1,1,2,1,8,1,54,3,53,0" doraHai="71" doraHaiUra="32" who="3" fromWho="1" sc="443,0,166,-120,240,0,141,130" /><INIT seed="7,0,0,0,0,92" ten="443,46,240,271" oya="3" hai0="96,39,32,87,26,56,9,35,72,103,105,60,115" hai1="63,113,59,37,86,22,107,28,45,93,23,0,108" hai2="80,102,88,94,134,121,104,83,112,120,41,13,100" hai3="33,85,127,7,90,1,91,76,54,31,50,95,122"/><W19/><G122/><N who="2" m="47209" /><F112/><W46/><G76/><T132/><D39/><U129/><E86/><N who="2" m="52503" /><F41/><W89/><G127/><T34/><D72/><U38/><E93/><V114/><F114/><W65/><G65/><T40/><D115/><U52/><E28/><V116/><F116/><W25/><G7/><T10/><D40/><U128/><E107/><V98/><F134/><W106/><G1/><T58/><D132/><U119/><E0/><V5/><F100/><W71/><G71/><T124/><D124/><U109/><E22/><V131/><F131/><W74/><G106/><T36/><D36/><U130/><E23/><V61/><F61/><W14/><G74/><T44/><D44/><U125/><E113/><V53/><F53/><W47/><G46/><T79/><D26/><U27/><E27/><V8/><AGARI ba="0,0" hai="5,8,13,80,83,98,102,104" m="52503,47209" machi="8" ten="30,4000,0" yaku="13,1,52,1,54,1" doraHai="92" who="2" fromWho="2" sc="443,-10,46,-10,240,40,271,-20" owari="433,53.0,36,-46.0,280,8.0,251,-15.0" /></mjloggm>