<mjloggm ver="2.3"><GO type="225"/><UN n0="%E6%A1%9C%E8%8A%B1%E9%96%83%E3%80%85" n1="%E3%81%99%E3%81%AA%E3%81%8F%E3%81%98%E3%82%89" n2="%EF%BC%88%E2%89%A7%E2%96%BD%E2%89%A6%EF%BC%89" n3="%E3%82%A2%E3%83%AD%E3%82%A8%E3%82%AF%E3%83%B3" dan="17,16,17,16" rate="2125,2083,2106,2144" sx="M,M,M,M"/><TAIKYOKU oya="0"/><INIT seed="0,0,0,5,3,122" ten="250,250,250,250" oya="0" hai0="125,7,126,64,108,67,93,77,68,28,78,57,59" hai1="25,43,127,107,94,21,121,92,66,37,4,1,20" hai2="106,134,41,16,29,32,36,52,55,74,18,88,96" hai3="60,117,13,40,72,104,73,80,38,48,102,15,12"/><T85/><D7/><U89/><E121/><V132/><F74/><W81/><G117/><T5/><D5/><U131/><E107/><V42/><F32/><W123/><G38/><T79/><D28/><U111/><E127/><N who="0" m="48649" /><D68/><U24/><E131/><V30/><F106/><W95/><G123/><T109/><D93/><U49/><E37/><V34/><F34/><W110/><G104/><T135/><D85/><U9/><E66/><N who="0" m="25129" /><D135/><U70/><E70/><V61/><F134/><W91/><G73/><T83/><D83/><U47/><E94/><N who="2" m="56391" /><F132/><W69/><G72/><T3/><D3/><U10/><E92/><V86/><F86/><W8/><G80/><T22/><D22/><U39/><E4/><V133/><F133/><W0/><G81/><T44/><D44/><U99/><E1/><V17/><F36/><W118/><G0/><T27/><D27/><U82/><E39/><V114/><F30/><W113/><G69/><T54/><D57/><U63/><E82/><V53/><F29/><W105/><G95/><T84/><D84/><U124/><E124/><V46/><F46/><W2/><G105/><T45/><D45/><U130/><E47/><V103/><F103/><W26/><G102/><T50/><AGARI ba="0,0" hai="50,54,59,77,78,79,108,109" m="25129,48649" machi="50" ten="40,7800,0" yaku="18,1,52,2" doraHai="122" who="0" fromWho="0" sc="250,78,250,-26,250,-26,250,-26" /><INIT seed="0,1,0,1,5,89" ten="328,224,224,224" oya="0" hai0="81,93,67,131,6,24,34,57,62,45,16,130,47" hai1="78,91,94,40,77,65,28,46,79,83,9,20,70" hai2="116,124,134,2,112,103,53,82,72,11,74,30,71" hai3="85,108,101,75,14,68,107,98,5,86,66,44,99"/><T123/><D123/><U0/><E83/><V59/><F71/><W73/><G44/><T29/><D6/><U87/><E70/><V118/><F112/><W50/><G50/><T42/><D81/><U1/><E65/><V12/><F2/><W64/><G68/><T51/><D47/><U133/><E133/><V56/><F134/><W52/><G52/><T13/><REACH who="0" step="1"/><D93/><REACH who="0" ten="318,224,224,224" step="2"/><U84/><E46/><V55/><F82/><W21/><G107/><T7/><D7/><U38/><E94/><V113/><F113/><W90/><G5/><T92/><D92/><U4/><E4/><V36/><F116/><W135/><G135/><T33/><D33/><U26/><E0/><V104/><F118/><W114/><G114/><T69/><D69/><U115/><E115/><V18/><F104/><W96/><G108/><T110/><D110/><U105/><E105/><V48/><F59/><W17/><G101/><T35/><D35/><U106/><E106/><V58/><F56/><W128/><G128/><T120/><D120/><U80/><E1/><V23/><F103/><W61/><G98/><T8/><AGARI ba="1,1" hai="8,13,16,24,29,34,42,45,51,57,62,67,130,131" machi="8" ten="30,12000,1" yaku="1,1,0,1,54,1,53,2" doraHai="89" doraHaiUra="125" who="0" fromWho="0" sc="318,133,224,-41,224,-41,224,-41" /><INIT seed="0,2,0,3,5,68" ten="451,183,183,183" oya="0" hai0="112,96,23,123,109,36,1,79,102,54,58,53,120" hai1="4,25,14,82,51,6,42,135,30,114,41,117,18" hai2="37,50,77,9,38,84,24,100,45,52,93,26,73" hai3="72,111,91,61,116,0,64,32,86,113,19,48,8"/><T74/><D112/><U34/><E114/><V108/><F108/><W95/><G113/><T131/><D1/><U122/><E117/><V35/><F73/><W126/><G111/><T118/><D118/><U94/><E122/><V75/><F75/><W124/><G116/><T130/><D109/><U127/><E127/><N who="3" m="48682" /><G72/><T107/><D23/><U27/><E135/><V39/><F35/><W129/><G32/><T13/><D13/><U57/><E27/><V78/><F9/><W47/><G129/><N who="0" m="49163" /><D36/><U66/><E82/><V101/><F101/><W59/><G19/><T33/><D33/><U63/><E94/><V85/><F85/><W62/><G62/><N who="0" m="36175" /><D54/><U29/><E29/><V83/><REACH who="2" step="1"/><F77/><REACH who="2" ten="451,183,173,183" step="2"/><W11/><G0/><T44/><D74/><U128/><E128/><V56/><F56/><W105/><G105/><T70/><D79/><U125/><E125/><V16/><F16/><W49/><G47/><T3/><D44/><U134/><E18/><V21/><F21/><W104/><G104/><T106/><D106/><U80/><E34/><V121/><F121/><W97/><G86/><T7/><D107/><U71/><E57/><V89/><F89/><W17/><G17/><T43/><D123/><U69/><E69/><V90/><F90/><W5/><G5/><T15/><D7/><U132/><E4/><V46/><F46/><W119/><G119/><T31/><D120/><U65/><E6/><V22/><F22/><W60/><G11/><T92/><D102/><U88/><E88/><V76/><F76/><W55/><G8/><T2/><D70/><AGARI ba="2,1" hai="48,49,55,59,60,61,64,70,91,95,97" m="48682" machi="70" ten="30,1000,0" yaku="18,1" doraHai="68" who="3" fromWho="0" sc="451,-16,183,0,173,0,183,26" /><INIT seed="1,0,0,3,4,101" ten="435,183,173,209" oya="1" hai0="91,75,87,85,27,132,97,57,86,30,66,82,120" hai1="134,122,115,11,7,9,126,100,46,62,17,70,49" hai2="13,78,52,117,2,21,0,110,84,81,93,67,69" hai3="22,71,121,28,118,89,77,73,98,64,94,51,44"/><U56/><E70/><V33/><F117/><W1/><G121/><T116/><D116/><U133/><E122/><V96/><F33/><W4/><G118/><T83/><D120/><U43/><E115/><V42/><F110/><W15/><G73/><T102/><D132/><N who="1" m="50795" /><E126/><V38/><F69/><W18/><G77/><T14/><D75/><U50/><E100/><V127/><F127/><W41/><G28/><T24/><D14/><N who="1" m="7391" /><E43/><V16/><F67/><W47/><G71/><T68/><D68/><U37/><E46/><V129/><F129/><W109/><G64/><T20/><D24/><U36/><E36/><V103/><REACH who="2" step="1"/><F52/><REACH who="2" ten="435,183,163,209" step="2"/><W99/><G109/><T55/><D66/><N who="1" m="39239" /><E37/><V80/><F80/><W76/><G47/><AGARI ba="0,1" hai="0,2,13,16,21,38,42,47,78,81,84,93,96,103" machi="47" ten="40,2600,0" yaku="1,1,54,1,53,0" doraHai="101" doraHaiUra="23" who="2" fromWho="3" sc="435,0,183,0,163,36,209,-26" /><INIT seed="2,0,0,1,2,110" ten="435,183,199,183" oya="2" hai0="118,62,103,106,64,43,78,73,51,12,133,38,40" hai1="26,35,79,3,47,42,59,0,19,53,55,117,31" hai2="85,5,68,10,127,52,4,130,11,18,8,13,121" hai3="131,28,102,94,37,36,111,15,75,90,24,17,92"/><V119/><F121/><W89/><G75/><T1/><D1/><U60/><E117/><V14/><F68/><W22/><G111/><T126/><D38/><U67/><E79/><V76/><F119/><W112/><G131/><T16/><D118/><U86/><E86/><V30/><F130/><W6/><G6/><T66/><D126/><U123/><E123/><V20/><F127/><W80/><G80/><T135/><D103/><U45/><E19/><V101/><F101/><W54/><G54/><T29/><D106/><U134/><E134/><V48/><F30/><W63/><G63/><T113/><D29/><U82/><E82/><N who="2" m="47303" /><F13/><W33/><G102/><T108/><D108/><U7/><E47/><AGARI ba="0,0" hai="4,5,8,10,11,14,18,20,47,48,52" m="47303" machi="47" ten="30,2900,0" yaku="8,1,54,1" doraHai="110" who="2" fromWho="1" sc="435,0,183,-29,199,29,183,0" /><INIT seed="2,1,0,2,5,69" ten="435,154,228,183" oya="2" hai0="131,84,130,122,132,24,98,101,48,123,109,36,73" hai1="42,55,59,15,103,66,49,53,134,126,90,20,60" hai2="61,31,12,74,62,79,82,104,92,116,4,17,129" hai3="67,22,26,128,119,9,64,63,27,83,23,114,6"/><V113/><F116/><W95/><G128/><N who="0" m="49195" /><D36/><U94/><E126/><V7/><F104/><W18/><G114/><T77/><D73/><U8/><E134/><V19/><F113/><W76/><G119/><T118/><D118/><U71/><E103/><V47/><F129/><W133/><G133/><T124/><D132/><U112/><E112/><V3/><F3/><W50/><G95/><T33/><D109/><U54/><E20/><V115/><F115/><W105/><G50/><T14/><D14/><U88/><E42/><V39/><F31/><W68/><G105/><N who="0" m="63671" /><D48/><U111/><E111/><V10/><F92/><W135/><G135/><T30/><D124/><U96/><REACH who="1" step="1"/><E90/><REACH who="1" ten="435,144,228,183" step="2"/><V57/><F10/><W107/><G23/><T78/><D78/><U21/><E21/><V102/><F79/><W37/><G22/><T32/><D32/><U25/><E25/><V34/><F102/><W38/><G27/><T43/><D43/><U13/><E13/><V99/><F12/><W91/><G26/><T72/><D77/><U45/><E45/><V125/><F47/><W80/><G91/><T120/><D33/><U106/><E106/><V97/><F34/><W5/><G107/><T51/><D123/><U46/><E46/><V93/><F125/><W29/><G76/><T108/><D122/><U121/><E121/><V75/><F75/><W86/><G9/><T41/><D120/><U87/><E87/><V81/><F74/><W52/><G86/><T11/><D84/><U127/><E127/><V2/><F2/><W70/><G29/><T16/><D72/><U58/><E58/><RYUUKYOKU ba="1,1" sc="435,-10,144,30,228,-10,183,-10" hai1="8,15,49,53,54,55,59,60,66,71,88,94,96" /><INIT seed="3,2,1,2,5,77" ten="425,174,218,173" oya="3" hai0="41,78,90,5,9,53,132,45,34,99,111,46,110" hai1="96,14,98,15,17,60,124,129,3,0,37,70,51" hai2="16,50,84,63,22,30,29,113,48,40,122,103,100" hai3="62,125,57,32,119,44,95,72,80,123,92,31,126"/><W27/><G123/><T65/><D34/><U91/><E37/><V118/><F113/><W108/><G44/><T128/><D78/><U82/><E15/><V43/><F118/><W87/><G119/><T127/><D65/><U4/><E124/><N who="3" m="47722" /><G72/><T12/><D127/><U121/><E121/><V8/><F122/><W69/><G69/><T66/><D66/><U131/><E51/><N who="2" m="19499" /><F8/><W67/><G108/><T133/><D53/><U10/><E0/><V115/><F63/><W64/><G64/><T21/><D128/><N who="1" m="49227" /><E60/><V71/><F71/><W73/><G73/><T20/><D21/><N who="1" m="11447" /><E70/><V26/><F115/><W19/><G19/><T75/><D20/><U7/><E4/><V33/><F43/><W52/><G67/><T89/><D75/><U68/><E68/><V93/><F40/><W117/><G117/><T49/><D46/><U134/><E134/><V81/><F33/><W102/><G102/><T58/><D132/><U18/><E18/><V39/><F39/><W94/><G94/><T97/><D133/><U101/><E101/><N who="2" m="38987" /><F93/><W120/><G120/><T116/><D116/><U106/><E106/><V55/><F55/><W76/><AGARI ba="2,1" hai="27,31,32,52,57,62,76,80,87,92,95" m="47722" machi="76" ten="30,6000,0" yaku="18,1,52,1,54,1" doraHai="77" who="3" fromWho="3" sc="425,-22,174,-22,218,-22,173,76" /><INIT seed="3,3,0,1,2,108" ten="403,152,196,249" oya="3" hai0="69,70,98,112,97,42,26,10,82,33,125,27,71" hai1="16,86,46,59,120,45,39,6,11,14,15,43,89" hai2="106,3,57,28,31,50,102,17,114,79,116,103,58" hai3="2,63,55,64,48,9,119,90,111,40,47,104,32"/><W122/><G119/><T54/><D42/><U110/><E110/><V83/><F3/><W41/><G111/><T99/><D125/><U72/><E120/><V18/><F116/><W66/><G32/><T117/><D117/><U29/><E72/><V126/><F126/><W34/><G34/><T23/><D112/><U19/><E29/><N who="2" m="11339" /><F114/><W92/><G104/><T91/><D33/><U121/><E121/><V51/><F106/><W24/><G122/><T7/><D54/><U73/><E73/><V61/><F79/><W20/><G9/><T87/><REACH who="0" step="1"/><D23/><REACH who="0" ten="393,152,196,249" step="2"/><U85/><E59/><V80/><F58/><N who="3" m="36983" /><G66/><T100/><D100/><U123/><E123/><V76/><F103/><W101/><G101/><T62/><D62/><U30/><E30/><V44/><F102/><W105/><G105/><T56/><D56/><U68/><E68/><V95/><F57/><W81/><G2/><AGARI ba="3,1" hai="2,7,10,26,27,69,70,71,82,87,91,97,98,99" machi="2" ten="50,8000,1" yaku="1,1,53,3" doraHai="108" doraHaiUra="93" who="0" fromWho="3" sc="393,99,152,0,196,0,249,-89" owari="492,59.0,152,-35.0,196,0.0,160,-24.0" /></mjloggm>