<mjloggm ver="2.3"><GO type="169" lobby="0"/><UN n0="%E5%A4%AA%E3%81%8F%E3%81%AA%E3%81%84%E3%81%8A" n1="%E3%83%95%E3%82%A7%E3%83%BC%E3%83%AA%E3%81%9F%E3%82%93" n2="%E3%81%B3%E3%82%8A%E3%81%B3%E3%82%8A%E2%98%86%E3%83%93%E3%83%AA%E3%83%BC" n3="%EF%BC%88%E2%89%A7%E2%96%BD%E2%89%A6%EF%BC%89" dan="18,16,18,18" rate="2184.83,2028.40,2217.54,2137.35" sx="F,M,M,M"/><TAIKYOKU oya="0"/><INIT seed="0,0,0,0,4,105" ten="250,250,250,250" oya="0" hai0="55,112,44,2,27,45,11,76,88,22,80,38,4" hai1="57,81,97,42,100,83,125,30,26,35,59,135,20" hai2="126,79,127,132,117,39,1,92,123,107,18,118,52" hai3="5,111,64,31,134,93,40,36,69,12,13,96,102"/><T71/><D112/><U15/><E135/><V131/><F123/><W67/><G134/><T23/><D71/><U73/><E125/><N who="2" m="47627" /><F132/><W95/><G111/><T74/><D27/><U56/><E42/><V29/><F107/><W41/><G36/><T89/><D45/><U34/><E15/><N who="3" m="5706" /><G69/><T6/><D6/><U106/><REACH who="1" step="1"/><E83/><REACH who="1" ten="250,240,250,250" step="2"/><V130/><F1/><W48/><G41/><N who="0" m="22583" /><D55/><U28/><E28/><V108/><F29/><W72/><G31/><T62/><D62/><U94/><E94/><V37/><F92/><W84/><G95/><T104/><D104/><U87/><E87/><V17/><F108/><W66/><G84/><T46/><D46/><U78/><AGARI ba="0,1" hai="20,26,30,34,35,56,57,59,73,78,81,97,100,106" machi="78" ten="30,7900,0" yaku="1,1,0,1,52,1,53,1" doraHai="105" doraHaiUra="98" who="1" fromWho="1" sc="250,-39,240,89,250,-20,250,-20" /><INIT seed="1,0,0,1,1,110" ten="211,329,230,230" oya="1" hai0="17,108,98,38,58,130,35,99,112,84,71,65,26" hai1="82,102,3,22,53,105,104,103,18,7,1,129,89" hai2="123,91,45,119,134,116,47,92,126,15,5,75,20" hai3="87,6,120,78,107,106,125,67,81,66,101,46,115"/><U88/><E129/><V51/><F123/><W79/><G120/><T63/><D38/><U69/><E69/><V34/><F75/><W23/><G125/><T117/><D117/><U111/><E111/><V128/><F34/><W57/><G6/><T124/><D108/><U59/><E7/><V114/><F126/><W0/><G0/><T97/><D124/><U68/><E68/><V36/><F36/><W95/><G78/><T41/><D130/><U100/><E1/><V31/><F128/><W44/><G107/><T132/><D132/><U29/><E29/><V12/><F134/><W37/><G106/><T16/><D41/><U2/><E2/><V61/><F119/><W113/><G37/><T27/><D112/><U25/><E3/><V77/><F116/><W74/><G74/><T24/><D35/><U49/><REACH who="1" step="1"/><E89/><REACH who="1" ten="211,319,230,230" step="2"/><V33/><F91/><W122/><G122/><T135/><D135/><U8/><E8/><V54/><F31/><W39/><G113/><T80/><REACH who="0" step="1"/><D71/><REACH who="0" ten="201,319,230,230" step="2"/><U10/><E10/><N who="2" m="4175" /><F114/><W62/><G115/><T30/><D30/><U52/><E52/><V4/><F54/><W86/><G67/><T13/><D13/><U43/><E43/><V55/><F15/><W60/><G66/><T28/><D28/><U73/><E73/><V32/><F55/><W40/><G40/><T56/><D56/><U83/><E83/><V93/><F47/><W70/><G46/><T76/><AGARI ba="0,2" hai="16,17,24,26,27,58,63,65,76,80,84,97,98,99" machi="76" ten="30,8000,1" yaku="1,1,0,1,8,1,54,1,53,1" doraHai="110" doraHaiUra="72" who="0" fromWho="0" sc="201,100,319,-40,230,-20,230,-20" /><INIT seed="2,0,0,0,0,58" ten="301,279,210,210" oya="2" hai0="31,41,132,62,116,44,66,35,99,20,115,69,108" hai1="2,51,3,42,12,86,74,135,100,131,89,53,56" hai2="43,90,111,96,129,76,64,25,61,102,54,30,5" hai3="33,133,15,113,93,98,71,117,60,114,45,48,22"/><V13/><F129/><W72/><G33/><T77/><D115/><N who="3" m="44041" /><G72/><T11/><D108/><U122/><E74/><V101/><F111/><W9/><G22/><T123/><D123/><U38/><E131/><V88/><F76/><W24/><G24/><T80/><D132/><U84/><E122/><V4/><F43/><N who="3" m="24639" /><G133/><T16/><D116/><U14/><E135/><V46/><F102/><N who="3" m="60751" /><G117/><T17/><D35/><U103/><E42/><V21/><F13/><W105/><G105/><T85/><D11/><U75/><E75/><V78/><F78/><W36/><G36/><T50/><REACH who="0" step="1"/><D99/><REACH who="0" ten="291,279,210,210" step="2"/><U6/><E2/><V107/><F96/><W128/><G128/><T82/><D82/><U67/><E3/><V1/><F1/><W39/><G39/><T104/><D104/><U126/><E38/><V55/><F107/><W65/><G9/><T18/><D18/><U47/><E6/><V32/><F32/><W23/><G23/><T10/><D10/><U34/><E34/><V124/><F4/><W121/><G121/><T79/><D79/><U118/><E118/><V94/><F5/><W81/><G81/><T106/><D106/><U52/><E14/><AGARI ba="0,1" hai="14,15,60,65,71" m="60751,24639,44041" machi="14" ten="30,2000,0" yaku="11,1,52,1" doraHai="58" who="3" fromWho="1" sc="291,0,279,-20,210,0,210,30" /><INIT seed="3,0,0,5,3,84" ten="291,259,210,240" oya="3" hai0="47,105,71,117,29,41,10,1,25,79,76,31,57" hai1="109,27,124,43,45,52,6,54,60,14,15,56,46" hai2="115,28,53,23,22,55,4,61,110,64,59,65,17" hai3="102,129,85,20,0,91,87,9,120,73,77,133,118"/><W83/><G120/><T36/><D117/><U37/><E109/><V127/><F115/><W62/><G118/><T116/><D71/><U21/><E124/><V35/><F35/><W49/><G129/><T2/><D116/><U90/><E6/><V108/><F127/><W128/><G128/><T94/><D105/><U5/><E5/><V80/><F4/><W12/><G0/><T11/><D57/><U58/><E45/><V19/><F28/><W26/><G102/><T123/><D123/><U30/><REACH who="1" step="1"/><E90/><REACH who="1" ten="291,249,210,240" step="2"/><V126/><F126/><W101/><G91/><T132/><D47/><U72/><E72/><V63/><F59/><W38/><G101/><T131/><D131/><U135/><E135/><V67/><F110/><W42/><G133/><T13/><D132/><U103/><E103/><V122/><F108/><W33/><G77/><T93/><D76/><U106/><E106/><V75/><F75/><W107/><G73/><T3/><D79/><U68/><E68/><V99/><F122/><W125/><G107/><T16/><D2/><U111/><E111/><V78/><F78/><W48/><G125/><T50/><D3/><U134/><E134/><V98/><F80/><W96/><G83/><T95/><D1/><U66/><E66/><V88/><F67/><W69/><G69/><T34/><D95/><U100/><E100/><V119/><F119/><W51/><G42/><T104/><D41/><U32/><E32/><V121/><F121/><W70/><G33/><T44/><D34/><U92/><E92/><V74/><F74/><W7/><G70/><T18/><D104/><RYUUKYOKU ba="0,1" sc="291,-15,249,15,210,15,240,-15" hai1="14,15,21,27,30,37,43,46,52,54,56,58,60" hai2="17,19,22,23,53,55,61,63,64,65,88,98,99" /><INIT seed="4,1,1,1,4,68" ten="276,264,225,225" oya="0" hai0="64,94,106,96,114,92,130,3,22,32,40,0,98" hai1="24,90,45,133,99,124,4,71,47,67,91,46,84" hai2="41,135,121,122,132,23,72,29,77,25,39,8,2" hai3="89,112,104,20,105,86,69,11,33,61,38,56,17"/><T73/><D32/><U43/><E124/><V131/><F131/><W55/><G33/><T110/><D73/><U65/><E133/><N who="2" m="51275" /><F77/><W102/><G112/><T108/><D106/><U88/><E43/><V95/><F72/><W21/><G69/><T16/><D114/><U79/><E71/><V111/><F111/><N who="0" m="42538" /><D64/><N who="1" m="24651" /><E4/><N who="2" m="1047" /><F95/><N who="0" m="36394" /><D40/><U35/><E35/><V100/><F100/><W50/><G102/><T36/><D36/><U119/><E119/><V5/><F5/><W9/><G38/><T53/><D53/><U125/><E125/><V31/><F31/><W115/><G115/><T34/><D34/><U62/><E24/><V37/><F37/><W15/><G105/><T120/><D130/><U70/><E70/><V81/><F81/><N who="3" m="49359" /><G104/><T123/><D3/><U54/><E79/><V26/><F26/><W134/><G134/><T52/><D52/><U116/><E116/><V85/><F85/><W97/><G97/><N who="0" m="37483" /><D0/><U75/><E75/><V83/><F83/><W30/><G50/><T101/><D101/><U6/><E99/><V80/><F80/><W12/><G30/><T78/><D78/><U18/><E84/><V128/><F128/><W82/><G82/><T127/><D127/><U59/><E6/><AGARI ba="1,1" hai="6,9,11,12,15,17,20,21,55,56,61" m="49359" machi="6" ten="30,1000,0" yaku="8,1" doraHai="68" who="3" fromWho="1" sc="276,0,264,-13,225,0,225,23" /><INIT seed="5,0,0,0,2,122" ten="276,251,225,248" oya="1" hai0="102,25,105,86,78,96,123,30,130,0,40,90,107" hai1="21,131,11,10,70,51,67,119,127,28,4,79,17" hai2="44,64,43,125,135,32,76,38,77,53,62,95,34" hai3="68,88,87,16,59,110,42,118,104,132,36,20,57"/><U111/><E119/><V94/><F125/><W23/><G68/><T72/><D0/><U120/><E127/><V54/><F135/><W124/><G104/><N who="0" m="63559" /><D40/><U69/><E120/><V61/><F43/><W100/><G100/><T15/><D15/><U33/><E79/><V56/><F56/><W84/><G118/><T48/><D48/><U101/><E101/><V63/><F63/><W14/><G124/><T75/><D123/><U19/><E51/><V99/><F99/><W116/><G116/><T2/><D2/><U1/><E67/><V52/><F54/><W46/><G132/><T8/><D8/><U128/><E69/><V24/><F24/><W31/><G84/><T50/><D50/><U3/><E70/><V114/><F114/><W27/><REACH who="3" step="1"/><G110/><REACH who="3" ten="276,251,225,238" step="2"/><T106/><D106/><U117/><E117/><V49/><F49/><W103/><G103/><T47/><D86/><U81/><E111/><V92/><F62/><W41/><G41/><T18/><D107/><U6/><E81/><AGARI ba="0,1" hai="14,16,20,23,27,31,36,42,46,57,59,81,87,88" machi="81" ten="30,7700,0" yaku="1,1,7,1,54,2,53,0" doraHai="122" doraHaiUra="98" who="3" fromWho="1" sc="276,0,251,-77,225,0,238,87" /><INIT seed="6,0,0,0,2,81" ten="276,174,225,325" oya="2" hai0="54,86,115,15,42,93,44,11,49,76,69,113,48" hai1="114,129,95,33,20,16,27,94,39,75,36,1,46" hai2="45,24,110,67,97,35,122,112,6,62,103,119,47" hai3="74,59,56,0,9,65,68,4,64,96,5,28,130"/><V124/><F119/><W41/><G74/><T127/><D69/><U125/><E125/><V131/><F122/><W78/><G78/><T10/><D127/><U92/><E129/><V23/><F124/><W108/><G108/><T53/><D42/><U66/><E114/><N who="0" m="43529" /><D15/><U12/><E75/><V117/><F117/><W99/><G28/><T30/><D30/><U102/><E66/><V101/><F35/><W57/><G130/><T58/><D76/><U50/><E1/><V19/><F131/><W132/><G41/><T135/><D135/><U105/><E33/><V43/><F112/><W79/><G79/><T120/><D120/><U73/><E73/><V123/><F123/><W98/><G132/><T133/><D133/><U52/><REACH who="1" step="1"/><E27/><REACH who="1" ten="276,164,225,325" step="2"/><V63/><F67/><W14/><G68/><T83/><D83/><U109/><E109/><V34/><F24/><W72/><G72/><T85/><D93/><U40/><E40/><V61/><F43/><W82/><G82/><T111/><D111/><U21/><E21/><V22/><F22/><W134/><G134/><T126/><D126/><U32/><E32/><V71/><F34/><W29/><G0/><T8/><AGARI ba="0,1" hai="8,10,11,44,48,49,53,54,58,85,86" m="43529" machi="8" ten="30,4000,0" yaku="15,1,52,2" doraHai="81" who="0" fromWho="0" sc="276,50,164,-10,225,-20,325,-10" /><INIT seed="7,0,0,5,5,78" ten="326,154,205,315" oya="3" hai0="99,71,102,113,135,57,126,4,94,12,115,59,62" hai1="76,128,93,65,44,77,87,42,49,97,108,122,56" hai2="26,20,68,48,104,23,82,134,111,19,91,37,39" hai3="64,9,70,25,32,10,22,54,84,131,75,89,16"/><W118/><G75/><T85/><D135/><U52/><E122/><V98/><F111/><W129/><G118/><T8/><D126/><U47/><E108/><V30/><F68/><W114/><G114/><N who="0" m="43531" /><D85/><U132/><E128/><N who="3" m="49226" /><G32/><T119/><D119/><U35/><E132/><V36/><F104/><W6/><G54/><T66/><AGARI ba="0,0" hai="4,8,12,57,59,62,66,71,94,99,102" m="43531" machi="66" ten="30,2000,0" yaku="15,1,11,1" doraHai="78" who="0" fromWho="0" sc="326,20,154,-5,205,-5,315,-10" owari="346,44.0,149,-35.0,200,-20.0,305,11.0" /></mjloggm>