<mjloggm ver="2.3"><GO type="169" lobby="0"/><UN n0="%EF%BC%88%E2%89%A7%E2%96%BD%E2%89%A6%EF%BC%89" n1="%E9%80%9A%E5%B8%B8%E3%81%AE%EF%BC%93%E5%80%8D" n2="%E3%81%A8%E3%83%BC%E3%82%84%E3%82%93" n3="%E6%AF%94%E5%98%89%E7%A7%80%E4%BB%81" dan="18,16,16,16" rate="2144.70,2031.14,2120.39,2181.09" sx="F,M,M,M"/><TAIKYOKU oya="0"/><INIT seed="0,0,0,3,2,7" ten="250,250,250,250" oya="0" hai0="58,9,100,5,33,53,133,84,88,72,109,19,83" hai1="40,76,118,61,93,73,108,22,21,123,18,128,112" hai2="134,46,126,115,67,132,4,42,1,48,103,27,64" hai3="51,43,131,55,25,113,52,68,75,92,15,125,80"/><T81/><D33/><U116/><E123/><V96/><F115/><W2/><G2/><T23/><D133/><U65/><E112/><V32/><F126/><W127/><G68/><T91/><D100/><U60/><E108/><V29/><F4/><W35/><G113/><T77/><D109/><U45/><E128/><V26/><F27/><W59/><G131/><T98/><D98/><U120/><E120/><V36/><F1/><W31/><G43/><T135/><D135/><N who="2" m="51754" /><F36/><W12/><G92/><AGARI ba="0,0" hai="26,29,32,42,46,48,64,67,92,96,103" m="51754" machi="92" ten="30,1000,0" yaku="20,1" doraHai="7" who="2" fromWho="3" sc="250,0,250,0,250,10,250,-10" /><INIT seed="1,0,0,4,3,21" ten="250,250,260,240" oya="1" hai0="6,63,17,67,0,51,85,96,122,66,73,70,29" hai1="105,125,82,42,77,120,32,115,132,92,11,129,101" hai2="16,124,64,46,88,12,78,47,106,37,55,28,57" hai3="24,135,118,99,52,15,102,119,111,110,94,33,107"/><U109/><E115/><V97/><F124/><W14/><G135/><T19/><D73/><U69/><E120/><V27/><F78/><W20/><G33/><T53/><D67/><U50/><E69/><V98/><F64/><W121/><G107/><T81/><D122/><U13/><E105/><V18/><F18/><N who="3" m="12311" /><G121/><T117/><D117/><N who="3" m="44553" /><G52/><T83/><D53/><U89/><E42/><V116/><F116/><W76/><G76/><T59/><D70/><U95/><E77/><V126/><F126/><W60/><G60/><T112/><D112/><U134/><E125/><V86/><F106/><W65/><G65/><T44/><D44/><U71/><E32/><V4/><F4/><W104/><G104/><T3/><D3/><U90/><E132/><V127/><F47/><W35/><G35/><T54/><D0/><U7/><E134/><V26/><F46/><W93/><G93/><T62/><D6/><U25/><E92/><N who="2" m="54295" /><F37/><W30/><G30/><T40/><D29/><U79/><E7/><V100/><F28/><W91/><G102/><T74/><D66/><U31/><E101/><V108/><F127/><W10/><G10/><T9/><D9/><U34/><E11/><N who="2" m="6175" /><F100/><W43/><G43/><T75/><D40/><U49/><E79/><V68/><F68/><W72/><G72/><T38/><D75/><U103/><E103/><V22/><F22/><W130/><G130/><T2/><D74/><U48/><E129/><V133/><F133/><W36/><G36/><T23/><D38/><U45/><E71/><V56/><F55/><W84/><G99/><T39/><D39/><RYUUKYOKU ba="0,0" sc="250,-10,250,-10,260,-10,240,30" hai3="14,15,84,91,94,110,111" /><INIT seed="2,1,0,3,0,130" ten="240,240,250,270" oya="2" hai0="27,126,26,102,63,42,79,73,135,111,132,22,25" hai1="108,65,55,52,35,69,84,11,129,6,74,20,83" hai2="19,64,72,123,1,113,16,4,76,9,5,50,116" hai3="107,119,44,120,28,96,31,46,33,98,101,105,88"/><V104/><F116/><W97/><G120/><T54/><D42/><U37/><E35/><V14/><F104/><N who="3" m="40011" /><G101/><T21/><D102/><U36/><E129/><V29/><F123/><W56/><G56/><N who="0" m="35223" /><D111/><U62/><E108/><V68/><F29/><N who="3" m="11339" /><G33/><T128/><D128/><U15/><E74/><V40/><F76/><W87/><G119/><T0/><D0/><U112/><E112/><V49/><F72/><W70/><G70/><T86/><D73/><U7/><E7/><V103/><F103/><W61/><G61/><T66/><D66/><U106/><E106/><V58/><F113/><W59/><G59/><T24/><D24/><U3/><E36/><V78/><F78/><W10/><G10/><T93/><D79/><U34/><E37/><V94/><F68/><W92/><G87/><T77/><D77/><U121/><E34/><V100/><F64/><W110/><G110/><T81/><D86/><U23/><E121/><V53/><F49/><W8/><G8/><T45/><D22/><U85/><E83/><V17/><F5/><W12/><G12/><T47/><D81/><U48/><E23/><V32/><F32/><W75/><G75/><T18/><D26/><U117/><E117/><V80/><F80/><W2/><G2/><T124/><D27/><U38/><E38/><V39/><F39/><W114/><G114/><T82/><D82/><U95/><E3/><V118/><F118/><W91/><G92/><T89/><D45/><AGARI ba="1,0" hai="44,45,46,88,91,96,97,98" m="11339,40011" machi="45" ten="40,5200,0" yaku="28,2,54,1" doraHai="130" who="3" fromWho="0" sc="240,-55,240,0,250,0,270,55" /><INIT seed="3,0,0,5,5,119" ten="185,240,250,325" oya="3" hai0="45,63,58,36,96,77,75,133,128,44,55,69,25" hai1="85,102,56,51,120,5,21,117,48,107,34,53,105" hai2="93,98,67,87,125,23,32,76,80,30,111,64,22" hai3="16,74,113,94,65,106,91,4,66,3,86,35,84"/><W2/><G106/><T115/><D115/><U37/><E34/><V1/><F1/><W6/><G35/><T132/><D96/><U92/><E37/><V82/><F111/><W99/><G74/><T81/><D128/><U70/><E70/><V54/><F32/><W124/><G113/><T97/><D97/><U90/><E117/><V50/><F82/><W114/><G114/><T17/><D69/><U29/><E102/><V103/><F125/><W126/><G16/><T13/><D25/><U10/><E51/><V0/><F0/><W7/><G3/><T78/><D78/><U11/><E105/><V9/><F9/><W116/><G2/><T33/><D33/><U89/><E107/><V101/><F103/><W18/><G18/><T27/><D27/><U122/><E90/><V83/><F80/><W26/><G26/><T12/><D12/><U8/><E29/><V135/><F30/><W52/><G116/><T28/><D28/><U100/><E5/><V39/><F39/><W129/><G129/><T109/><D109/><U60/><E100/><V110/><F110/><W95/><G52/><T130/><D130/><U121/><REACH who="1" step="1"/><E60/><REACH who="1" ten="185,230,250,325" step="2"/><V42/><F101/><N who="3" m="60663" /><G126/><T40/><REACH who="0" step="1"/><D44/><REACH who="0" ten="175,230,250,325" step="2"/><U134/><E134/><V62/><F135/><W118/><G124/><T123/><D123/><U20/><AGARI ba="0,2" hai="8,10,11,20,21,48,53,56,85,89,92,120,121,122" machi="20" ten="40,8000,1" yaku="1,1,0,1,52,3,53,0" doraHai="119" doraHaiUra="24" who="1" fromWho="1" sc="175,-20,230,100,250,-20,325,-40" /><INIT seed="4,0,0,5,2,34" ten="155,330,230,285" oya="0" hai0="133,112,92,111,60,128,7,114,17,130,33,65,42" hai1="13,15,80,3,57,71,22,28,4,49,56,73,134" hai2="95,74,96,62,41,115,125,97,91,44,124,100,99" hai3="30,132,12,89,83,118,61,18,27,126,24,135,102"/><T78/><D33/><U32/><E71/><V70/><F74/><W98/><G118/><T36/><D78/><U19/><E134/><N who="3" m="51242" /><G126/><N who="2" m="48745" /><F115/><N who="0" m="44074" /><D133/><U108/><E108/><V104/><F62/><W29/><G61/><T53/><D7/><U39/><E39/><N who="2" m="21567" /><F97/><W38/><G38/><T105/><D111/><U59/><E15/><V31/><F31/><N who="3" m="11787" /><G89/><T84/><D65/><U123/><E123/><V121/><F70/><W64/><G83/><T79/><D105/><U40/><E73/><V23/><F23/><N who="3" m="11719" /><G64/><T0/><D79/><U117/><E80/><V119/><F119/><W9/><G9/><T120/><D92/><AGARI ba="0,0" hai="24,27,92,98,102" m="11719,11787,51242" machi="92" ten="30,1000,0" yaku="20,1" doraHai="34" who="3" fromWho="0" sc="155,-10,330,0,230,0,285,10" /><INIT seed="5,0,0,1,1,23" ten="145,330,230,295" oya="1" hai0="104,33,12,69,70,13,2,75,81,59,103,62,42" hai1="55,130,53,73,39,6,122,101,11,51,124,97,118" hai2="116,25,16,71,21,94,18,27,135,133,114,107,28" hai3="79,89,64,88,110,127,99,100,90,1,3,40,9"/><U45/><E118/><V112/><F107/><W65/><G110/><T134/><D2/><U29/><E122/><V82/><F71/><W76/><G40/><T106/><D33/><U61/><E73/><V38/><F38/><W54/><G54/><T22/><D134/><N who="2" m="51210" /><F116/><W14/><G127/><T98/><D42/><U4/><E124/><V68/><F68/><W48/><G48/><T63/><D106/><U131/><E39/><V44/><F44/><W8/><G3/><T32/><D32/><U10/><E61/><V95/><F82/><W56/><G1/><T30/><D70/><U57/><E57/><V36/><F36/><W80/><G56/><T72/><D69/><U15/><E55/><V111/><F18/><W31/><G31/><T129/><D63/><U7/><E29/><V83/><F83/><W77/><G80/><T84/><D75/><U87/><E87/><V85/><F85/><W120/><G120/><T121/><D72/><U123/><E123/><V0/><F0/><W132/><G132/><T20/><D121/><U92/><REACH who="1" step="1"/><E10/><REACH who="1" ten="145,320,230,295" step="2"/><V47/><F47/><W43/><G9/><T74/><D74/><U35/><E35/><N who="2" m="20879" /><F111/><W86/><G86/><T115/><D84/><U46/><E46/><V50/><F50/><W78/><G43/><T19/><D30/><U91/><E91/><V52/><F52/><W34/><G79/><T26/><D81/><U117/><E117/><V67/><F67/><W119/><G119/><T126/><D126/><U128/><AGARI ba="0,1" hai="4,6,7,11,15,45,51,53,92,97,101,128,130,131" machi="128" ten="30,6000,0" yaku="1,1,0,1,19,1,53,0" doraHai="23" doraHaiUra="60" who="1" fromWho="1" sc="145,-20,320,70,230,-20,295,-20" /><INIT seed="5,1,0,0,1,125" ten="125,390,210,275" oya="1" hai0="5,69,79,14,0,107,11,8,55,42,19,121,73" hai1="134,23,106,45,10,54,92,26,133,114,112,97,59" hai2="67,21,25,105,51,16,94,104,111,77,34,85,123" hai3="63,116,39,68,56,24,120,3,2,38,75,4,122"/><U109/><E106/><V110/><F123/><W57/><G75/><T99/><D121/><U29/><E45/><V130/><F67/><W74/><G74/><T113/><D113/><N who="1" m="43627" /><E10/><V44/><F34/><W13/><G116/><T65/><D42/><U80/><E80/><V6/><F6/><W72/><G72/><T27/><D55/><U83/><E83/><V86/><F104/><W33/><G68/><T98/><D107/><U7/><E7/><V60/><F105/><W81/><G81/><T95/><D79/><U48/><E109/><V15/><F60/><W12/><G24/><T93/><D73/><U64/><E64/><V35/><F77/><W71/><G71/><T66/><D27/><U100/><AGARI ba="1,0" hai="23,26,29,48,54,59,92,97,100,133,134" m="43627" machi="100" ten="30,1500,0" yaku="15,1" doraHai="125" who="1" fromWho="1" sc="125,-6,390,18,210,-6,275,-6" /><INIT seed="5,2,0,4,2,17" ten="119,408,204,269" oya="1" hai0="30,106,67,84,39,43,128,103,94,49,110,5,68" hai1="96,23,90,56,74,108,38,124,82,88,55,102,40" hai2="80,24,3,113,112,89,13,4,79,8,52,130,14" hai3="66,107,26,121,69,29,131,64,120,61,99,58,111"/><U51/><E124/><V20/><F89/><W59/><G111/><T7/><D110/><U122/><E108/><V83/><F130/><W46/><G131/><T98/><D128/><U129/><E129/><V115/><F83/><W25/><G46/><T22/><D39/><U34/><E34/><V19/><REACH who="2" step="1"/><F52/><REACH who="2" ten="119,408,194,269" step="2"/><W16/><G121/><T127/><D127/><U119/><E90/><V77/><F77/><W32/><G120/><T125/><D125/><U65/><E88/><V18/><F18/><W50/><G66/><T2/><D67/><U42/><E55/><V54/><F54/><W21/><G50/><T76/><D76/><U109/><E51/><V114/><N who="2" m="28672" /><DORA hai="73" /><V45/><F45/><W62/><G62/><T135/><D49/><U36/><E82/><V85/><AGARI ba="2,1" hai="3,4,8,13,14,19,20,24,79,80,85" m="28672" machi="85" ten="60,12000,2" yaku="1,1,0,1,15,1,11,1,52,2,53,0" doraHai="17,73" doraHaiUra="41,93" who="2" fromWho="2" sc="119,-32,408,-62,194,136,269,-32" /><INIT seed="6,0,0,0,2,82" ten="87,346,330,237" oya="2" hai0="125,31,124,30,67,77,110,1,85,61,40,3,23" hai1="13,98,120,10,123,92,114,122,97,14,16,132,65" hai2="37,79,52,50,83,108,53,21,59,105,4,55,87" hai3="121,15,80,117,72,43,33,22,119,100,88,11,35"/><V75/><F105/><W7/><G121/><T12/><D40/><U130/><E114/><V29/><F37/><W96/><G43/><T70/><D110/><U133/><E130/><V27/><F108/><W69/><G69/><T19/><D31/><U41/><E41/><V51/><F4/><W24/><G72/><T5/><D30/><U106/><E65/><V66/><F75/><W86/><G35/><T39/><D39/><U91/><E14/><V47/><F66/><W54/><G54/><AGARI ba="0,0" hai="21,27,29,47,50,51,52,53,54,55,59,79,83,87" machi="54" ten="30,11600,0" yaku="7,1,8,1,52,1,54,1" doraHai="82" who="2" fromWho="3" sc="87,0,346,0,330,116,237,-116" /><INIT seed="6,1,0,4,4,91" ten="87,346,446,121" oya="2" hai0="85,70,90,36,41,103,82,111,135,112,115,89,53" hai1="12,52,73,105,66,33,110,11,3,101,128,18,42" hai2="22,17,123,10,56,80,67,13,28,120,81,58,74" hai3="38,116,62,39,23,37,98,26,43,134,54,124,60"/><V44/><F120/><W9/><G116/><T48/><D70/><U34/><E110/><V6/><F28/><W130/><G130/><T114/><D111/><U32/><E73/><V2/><F123/><W55/><G134/><T5/><D135/><U19/><E128/><V94/><F44/><W76/><G43/><T88/><D103/><U125/><E66/><V102/><F74/><W21/><G124/><T57/><REACH who="0" step="1"/><D5/><REACH who="0" ten="77,346,446,121" step="2"/><U59/><E101/><V0/><F102/><W106/><G106/><T69/><D69/><U24/><E105/><V92/><F2/><W27/><G76/><T20/><D20/><N who="3" m="7753" /><G9/><T45/><AGARI ba="1,1" hai="36,41,45,48,53,57,82,85,88,89,90,112,114,115" machi="45" ten="40,8000,1" yaku="1,1,0,1,15,1,54,1,53,1" doraHai="91" doraHaiUra="49" who="0" fromWho="0" sc="77,93,346,-21,446,-41,121,-21" /><INIT seed="7,0,0,3,2,33" ten="170,325,405,100" oya="3" hai0="130,52,127,36,94,7,131,86,114,40,50,125,11" hai1="67,18,53,77,92,122,71,34,9,26,25,20,79" hai2="65,2,58,97,84,69,106,35,115,104,4,8,6" hai3="43,13,22,66,111,120,105,10,37,30,88,21,102"/><W49/><G120/><T112/><D36/><U48/><E122/><V17/><F35/><W98/><G37/><T101/><D40/><U31/><E71/><V47/><F69/><W109/><G66/><T89/><D101/><U1/><E67/><V57/><F115/><N who="0" m="44074" /><D11/><U118/><E118/><V74/><F74/><W63/><G63/><T19/><D19/><U72/><E72/><V113/><F6/><W56/><G88/><T124/><D7/><U85/><E9/><V41/><F84/><W46/><G56/><AGARI ba="0,0" hai="50,52,56,86,89,94,124,125,127,130,131" m="44074" machi="56" ten="40,8000,1" yaku="18,1,15,1,11,1,54,1" doraHai="33" who="0" fromWho="3" sc="170,80,325,0,405,0,100,-80" owari="250,-15.0,325,13.0,405,50.0,20,-48.0" /></mjloggm>