<mjloggm ver="2.3"><GO type="169" lobby="0"/><UN n0="%E6%B0%91%E8%8A%B8" n1="%E9%9B%80%E3%82%AD%E3%83%AB%EF%BC%B9%EF%BC%AF%EF%BC%B5" n2="%E9%9D%9E%E5%8A%B9%E7%8E%87%E6%89%93%E6%B3%95" n3="%EF%BC%88%E2%89%A7%E2%96%BD%E2%89%A6%EF%BC%89" dan="17,16,16,18" rate="2143.09,2034.72,2126.71,2194.87" sx="M,M,M,M"/><TAIKYOKU oya="0"/><INIT seed="0,0,0,4,4,38" ten="250,250,250,250" oya="0" hai0="101,126,8,18,100,41,59,123,111,109,119,92,63" hai1="14,0,30,96,22,39,28,108,66,131,15,79,34" hai2="51,2,121,35,106,128,118,13,90,69,46,19,116" hai3="12,83,43,11,29,33,20,37,124,9,80,82,81"/><T113/><D113/><U17/><E66/><V72/><F121/><W68/><G68/><T114/><D114/><U67/><E79/><V55/><F2/><W74/><G124/><T56/><D123/><U127/><E67/><V97/><F35/><W77/><G33/><T71/><D119/><N who="2" m="45610" /><F72/><W78/><G78/><T32/><D32/><U94/><E39/><V62/><F128/><W25/><REACH who="3" step="1"/><G12/><REACH who="3" ten="250,250,250,240" step="2"/><T99/><D71/><U44/><E15/><V104/><F69/><W102/><G102/><T7/><D126/><U48/><E127/><V24/><F24/><W54/><G54/><T40/><D100/><U73/><E34/><V87/><F97/><W120/><G120/><T49/><D109/><U1/><E108/><V42/><F55/><W125/><G125/><T84/><D111/><U5/><E96/><V3/><F3/><W23/><G23/><T134/><D99/><U57/><E22/><N who="2" m="11631" /><F62/><W61/><G61/><T115/><D63/><U130/><E0/><V26/><F26/><W45/><AGARI ba="0,1" hai="9,11,20,25,29,37,43,45,74,77,80,81,82,83" machi="45" ten="30,4000,0" yaku="1,1,0,1,52,1,53,0" doraHai="38" doraHaiUra="89" who="3" fromWho="3" sc="250,-20,250,-10,250,-10,240,50" /><INIT seed="1,0,0,0,5,29" ten="230,240,240,290" oya="1" hai0="83,41,106,118,100,20,126,68,129,122,44,133,111" hai1="47,28,35,53,71,124,110,85,56,105,58,6,72" hai2="127,102,70,134,81,88,45,33,64,74,49,30,96" hai3="112,8,17,107,37,121,59,31,78,38,91,75,60"/><U27/><E72/><V69/><F127/><W67/><G107/><T66/><D118/><U120/><E105/><V104/><F134/><W114/><G121/><T11/><D20/><U80/><E120/><V12/><F64/><W15/><G31/><T16/><D122/><U36/><E71/><V103/><F103/><W19/><G91/><T79/><D68/><U130/><E124/><V51/><F51/><W0/><G0/><T32/><D66/><U115/><E115/><V117/><F117/><W23/><G114/><T25/><D126/><U13/><E130/><V125/><F125/><W135/><G135/><T87/><D133/><U82/><E110/><V116/><F116/><W123/><G123/><T76/><D129/><U43/><E80/><V39/><F39/><W54/><G112/><T5/><D111/><U40/><E40/><V18/><F33/><W89/><G89/><T42/><D76/><U3/><E3/><V2/><F30/><W128/><G128/><T24/><D32/><U63/><E56/><V99/><F2/><W1/><G1/><T101/><D106/><U14/><REACH who="1" step="1"/><E6/><REACH who="1" ten="230,230,240,290" step="2"/><V92/><F74/><W61/><G75/><T109/><D109/><U52/><E52/><V113/><F81/><W90/><G54/><T84/><D83/><U93/><E93/><V131/><F131/><W22/><G59/><T94/><D94/><U62/><E62/><V21/><F113/><W10/><G61/><T26/><D41/><AGARI ba="0,1" hai="12,18,21,41,45,49,69,70,88,92,96,99,102,104" machi="41" ten="30,2000,0" yaku="7,1,54,1" doraHai="29" who="2" fromWho="0" sc="230,-20,230,0,240,30,290,0" /><INIT seed="2,0,0,4,3,68" ten="210,230,270,290" oya="2" hai0="35,103,60,1,69,113,82,58,31,129,100,45,74" hai1="132,50,23,8,16,15,73,107,85,116,115,6,20" hai2="4,119,92,101,117,124,42,95,134,72,49,108,7" hai3="5,96,131,89,127,65,133,24,40,67,39,112,10"/><V21/><F72/><W3/><G131/><T64/><D113/><U80/><E73/><V88/><F119/><W79/><G112/><T128/><D1/><U17/><E107/><V126/><F117/><W84/><G133/><T28/><D69/><U105/><E115/><V57/><F134/><W76/><G127/><N who="2" m="48681" /><F108/><W48/><G96/><T66/><D66/><U91/><E105/><V111/><F111/><W54/><G24/><N who="0" m="18823" /><D31/><U52/><E116/><V121/><F121/><W9/><G9/><T55/><D74/><U30/><E132/><V62/><F21/><N who="1" m="8265" /><E30/><V37/><F49/><W14/><G3/><T109/><D109/><U78/><E78/><N who="3" m="29738" /><G40/><T118/><D118/><U86/><E86/><N who="2" m="52247" /><F95/><N who="3" m="54695" /><G39/><T13/><D129/><U123/><E123/><V41/><F101/><W46/><AGARI ba="0,0" hai="5,10,14,46,48,54,65,67" m="54695,29738" machi="46" ten="30,1100,0" yaku="8,1" doraHai="68" who="3" fromWho="3" sc="210,-3,230,-3,270,-5,290,11" /><INIT seed="3,0,0,5,4,54" ten="207,227,265,301" oya="3" hai0="2,33,76,15,64,106,31,58,22,45,119,13,57" hai1="110,16,12,132,87,18,43,68,8,20,55,25,121" hai2="5,44,21,46,65,108,77,74,91,117,114,82,92" hai3="125,50,69,120,9,42,67,83,93,135,71,104,61"/><W97/><G120/><T131/><D119/><U130/><E121/><V27/><F117/><W40/><G104/><T94/><D106/><U11/><E68/><V100/><F114/><W115/><G115/><T85/><D2/><U7/><E43/><V6/><F100/><W59/><G135/><T30/><D33/><U28/><E110/><V4/><F65/><W37/><G37/><T128/><D45/><U63/><E132/><V123/><F108/><W0/><G125/><T52/><D64/><U66/><E66/><V47/><F123/><W29/><G29/><T133/><D133/><U23/><E130/><N who="0" m="49705" /><D57/><N who="1" m="35263" /><E87/><V127/><F127/><W105/><G105/><T72/><D72/><U39/><E39/><V134/><F134/><W124/><G124/><T86/><D86/><U81/><E81/><V107/><F107/><W3/><G71/><T103/><D76/><U98/><E98/><V129/><F129/><W1/><G83/><T118/><D118/><U88/><E7/><V73/><F73/><W89/><G69/><T111/><D111/><U79/><E79/><V48/><F92/><W38/><G38/><T109/><D109/><U99/><E20/><V35/><F35/><W14/><REACH who="3" step="1"/><G50/><REACH who="3" ten="207,227,265,291" step="2"/><T126/><D126/><U84/><E84/><N who="2" m="50583" /><F48/><W122/><G122/><T32/><D85/><U60/><E60/><V112/><F112/><W24/><G24/><T62/><D62/><U75/><E75/><V113/><F113/><W80/><G80/><T116/><D116/><U95/><E25/><V78/><F74/><W10/><G10/><T56/><D94/><U41/><E8/><RYUUKYOKU ba="0,1" sc="207,-15,227,-15,265,15,291,15" hai2="4,5,6,21,27,44,46,47,77,78" hai3="0,1,3,9,14,40,42,59,61,67,89,93,97" /><INIT seed="3,1,1,5,4,56" ten="192,212,280,306" oya="3" hai0="16,123,3,125,91,59,73,80,112,40,132,129,72" hai1="115,21,105,48,67,131,10,100,46,64,119,120,95" hai2="114,68,28,74,109,15,117,69,24,128,14,22,55" hai3="108,79,9,77,58,4,81,86,52,36,25,82,18"/><W2/><G36/><T111/><D3/><U99/><E120/><V94/><F74/><W61/><G108/><T49/><D123/><U34/><E115/><V19/><F114/><W42/><G42/><T35/><D112/><U17/><E34/><V90/><F117/><W32/><G32/><T130/><D35/><U44/><E131/><N who="0" m="50185" /><D111/><U41/><E119/><V50/><F109/><W118/><G118/><T0/><D0/><U78/><E105/><V5/><F5/><W13/><G25/><T12/><D125/><U135/><E135/><V7/><F7/><W124/><G124/><T62/><D132/><U43/><E10/><V96/><F15/><W103/><G103/><T70/><D70/><U39/><REACH who="1" step="1"/><E78/><REACH who="1" ten="192,202,280,306" step="2"/><V101/><F128/><W26/><G2/><T88/><D40/><U1/><E1/><V51/><F69/><W106/><G106/><T116/><D116/><U126/><E126/><V31/><F68/><W23/><G82/><T65/><D49/><U47/><E47/><V113/><F113/><W107/><G107/><T133/><D133/><U54/><E54/><V66/><F51/><W84/><G79/><N who="0" m="44135" /><D73/><AGARI ba="1,2" hai="4,9,13,18,23,26,52,58,61,73,77,81,84,86" machi="73" ten="30,5800,0" yaku="7,1,52,1,54,1" doraHai="56" who="3" fromWho="0" sc="192,-61,202,0,280,0,306,81" /><INIT seed="3,2,0,4,3,118" ten="131,202,280,387" oya="3" hai0="7,122,132,22,25,29,68,124,127,50,37,75,128" hai1="131,57,30,21,88,43,107,72,38,97,44,48,61" hai2="12,110,69,102,134,76,108,114,130,31,111,67,59" hai3="84,1,66,92,80,3,94,113,41,65,90,106,89"/><W116/><G116/><T101/><D37/><U135/><E72/><V83/><F114/><W71/><G106/><T8/><D75/><U15/><E135/><V46/><F134/><W35/><G35/><T95/><D132/><U6/><E131/><V28/><F130/><W99/><G113/><T60/><D128/><U42/><E107/><V45/><F69/><W103/><G41/><T55/><D68/><U105/><E105/><V2/><F102/><W93/><G93/><T23/><D60/><U74/><E74/><N who="2" m="43415" /><F2/><W52/><G71/><T120/><D95/><N who="1" m="56551" /><E38/><V117/><F117/><W77/><G103/><T58/><D22/><U121/><E121/><V32/><F12/><W125/><G1/><N who="0" m="111" /><D101/><U79/><E79/><V115/><F115/><W85/><G3/><T62/><D62/><U14/><E6/><V129/><F129/><W26/><G26/><T18/><D29/><N who="2" m="11338" /><F32/><W123/><G77/><T81/><D81/><U112/><E112/><V126/><F108/><W54/><G80/><T63/><D63/><U34/><E34/><V119/><F119/><W39/><G39/><T36/><D36/><U53/><E42/><V0/><F110/><W5/><G5/><T49/><D49/><U11/><E11/><V100/><F111/><W16/><G99/><T73/><D73/><U82/><E82/><V10/><F0/><W87/><G87/><T33/><D33/><U91/><E91/><V19/><F10/><W56/><G90/><T133/><D133/><U13/><E30/><V4/><F100/><W51/><G89/><T109/><D109/><U78/><E78/><RYUUKYOKU ba="2,0" sc="131,15,202,15,280,-15,387,-15" hai0="18,23,25,50,55,58,120,122,124,127" hai1="13,14,15,21,43,44,48,53,57,61" /><INIT seed="4,3,0,3,1,7" ten="146,217,265,372" oya="0" hai0="77,40,115,69,108,98,89,73,65,117,1,118,92" hai1="134,112,103,5,38,122,113,68,121,67,130,46,18" hai2="45,91,82,111,31,8,43,101,97,56,124,100,94" hai3="125,84,81,78,66,37,104,88,95,21,55,26,83"/><T123/><D40/><N who="1" m="22807" /><E103/><V120/><F120/><N who="1" m="46185" /><E5/><V64/><F111/><W132/><G37/><T102/><D123/><U24/><E24/><V25/><F124/><W58/><G104/><N who="0" m="63575" /><D1/><U79/><E79/><V29/><F8/><W2/><G2/><T0/><D0/><U49/><E18/><V110/><F110/><W133/><G66/><T10/><D108/><U129/><E134/><N who="3" m="51818" /><G125/><T35/><D35/><U126/><E49/><N who="2" m="26815" /><F25/><W9/><G9/><T63/><D10/><U74/><E74/><V16/><F16/><N who="3" m="12583" /><G78/><T105/><D77/><U13/><E13/><V51/><F31/><W28/><G28/><T3/><D3/><U53/><E53/><V72/><F29/><W75/><G75/><T17/><D73/><U119/><E119/><V11/><F72/><W48/><AGARI ba="3,0" hai="48,55,58,81,83,84,88,95" m="12583,51818" machi="48" ten="30,4000,0" yaku="20,1,54,2" doraHai="7" who="3" fromWho="3" sc="146,-23,217,-13,265,-13,372,49" /><INIT seed="5,0,0,4,3,78" ten="123,204,252,421" oya="1" hai0="77,106,23,19,53,8,112,87,36,67,25,93,64" hai1="60,109,103,98,88,79,12,48,107,73,51,101,40" hai2="37,134,11,15,119,31,16,74,133,35,26,111,71" hai3="66,42,43,38,86,5,114,56,135,96,94,95,128"/><U32/><E32/><V4/><F71/><W20/><G38/><T126/><D106/><U90/><E103/><V120/><F37/><W62/><G5/><T55/><D36/><U84/><E109/><V104/><F74/><W118/><G135/><N who="2" m="51721" /><F104/><W91/><G118/><T108/><D108/><U102/><E102/><V121/><F111/><W89/><G128/><T100/><D112/><U14/><E60/><V47/><F47/><W65/><G114/><T21/><D126/><U70/><E70/><V97/><F97/><W27/><G66/><N who="0" m="25131" /><D8/><U82/><E90/><V58/><F58/><W85/><G96/><N who="0" m="59407" /><D21/><U44/><REACH who="1" step="1"/><E51/><REACH who="1" ten="123,194,252,421" step="2"/><V45/><F119/><W10/><G91/><T63/><D63/><U68/><E68/><V59/><F120/><W132/><G89/><T46/><D46/><U52/><E52/><V124/><F45/><W122/><G62/><T76/><D76/><U83/><AGARI ba="0,1" hai="12,14,40,44,48,73,79,82,83,84,88,98,101,107" machi="83" ten="20,18000,2" yaku="1,1,0,1,7,1,52,2,54,1,53,0" doraHai="78" doraHaiUra="0" who="1" fromWho="1" sc="123,-60,194,190,252,-60,421,-60" /><INIT seed="5,1,0,4,5,54" ten="63,384,192,361" oya="1" hai0="80,10,127,110,90,119,105,100,84,18,28,71,47" hai1="117,29,12,70,99,37,6,5,21,30,128,112,88" hai2="45,38,58,111,98,14,76,17,118,52,122,101,20" hai3="85,79,26,35,62,75,81,31,130,74,131,64,78"/><U67/><E37/><V83/><F118/><W124/><G124/><T89/><D110/><U120/><E117/><V104/><F122/><W69/><REACH who="3" step="1"/><G79/><REACH who="3" ten="63,384,192,351" step="2"/><T19/><D127/><U63/><E120/><V106/><F111/><W27/><G27/><T87/><D119/><U13/><E112/><V59/><F104/><W2/><G2/><T95/><D105/><U39/><E128/><AGARI ba="1,1" hai="26,31,35,62,64,69,74,75,78,81,85,128,130,131" machi="128" ten="40,2600,0" yaku="1,1,19,1,53,0" doraHai="54" doraHaiUra="134" who="3" fromWho="1" sc="63,0,384,-29,192,0,351,39" /><INIT seed="6,0,0,5,4,124" ten="63,355,192,390" oya="2" hai0="60,28,110,98,75,121,76,128,53,134,92,4,14" hai1="68,31,17,18,119,133,19,107,46,61,55,23,81" hai2="3,56,1,25,54,66,95,48,131,7,85,26,34" hai3="12,99,59,9,24,65,63,21,93,5,11,38,125"/><V35/><F66/><W58/><G38/><T43/><D110/><U13/><E107/><V104/><F104/><W122/><G122/><T72/><D121/><U71/><E119/><V8/><F3/><W20/><G125/><T39/><D28/><U83/><E133/><V88/><REACH who="2" step="1"/><F131/><REACH who="2" ten="63,355,182,390" step="2"/><W27/><G11/><T89/><D134/><U15/><E71/><V10/><F10/><W16/><G59/><T126/><D126/><U22/><E68/><V108/><F108/><W2/><G21/><T80/><D128/><U29/><E46/><V47/><F47/><W37/><G37/><T113/><D113/><U67/><E67/><V40/><F40/><W112/><G112/><T45/><D4/><U6/><E6/><V73/><F73/><W120/><G120/><T33/><D33/><AGARI ba="0,1" hai="1,7,8,25,26,33,34,35,48,54,56,85,88,95" machi="33" ten="40,3900,0" yaku="1,1,54,1,53,0" doraHai="124" doraHaiUra="109" who="2" fromWho="0" sc="63,-39,355,0,182,49,390,0" /><INIT seed="6,1,0,4,2,65" ten="24,355,231,390" oya="2" hai0="102,85,125,9,38,96,56,58,82,6,117,37,40" hai1="99,46,25,111,59,32,24,12,19,76,22,18,126" hai2="42,7,133,89,73,81,0,75,134,97,122,95,77" hai3="11,71,107,131,3,34,53,120,28,91,103,15,104"/><V13/><F0/><W123/><G131/><T84/><D125/><U51/><E111/><V70/><F42/><W90/><G90/><T17/><D117/><U61/><E126/><V129/><F7/><N who="3" m="1535" /><G15/><T47/><D37/><U50/><E99/><V57/><F13/><W80/><G53/><T118/><D118/><U39/><E32/><V130/><F57/><W21/><G21/><T132/><D132/><N who="2" m="50794" /><F70/><W30/><G30/><T127/><D127/><U128/><E128/><N who="2" m="49259" /><F122/><W67/><G71/><T26/><D56/><U92/><E39/><V74/><AGARI ba="1,0" hai="73,74,75,77,81,89,95,97" m="49259,50794" machi="74" ten="40,12000,1" yaku="20,1,19,1,34,2" doraHai="65" who="2" fromWho="2" sc="24,-41,355,-41,231,123,390,-41" owari="-17,-52.0,314,-9.0,354,46.0,349,15.0" /></mjloggm>