<mjloggm ver="2.3"><GO type="41"/><UN n0="%73%77%61%6E%62%6F%61%74" n1="%63%6F%6D%6D%6F%6E%73" n2="%E3%82%A6%E3%83%AB%E3%83%88%E3%83%A9%E7%AB%8B%E7%9B%B4" n3="%E3%83%94%E3%82%B1" dan="14,13,15,15" rate="1909,1879,2020,1952" sx="M,M,M,M"/><TAIKYOKU oya="0"/><INIT seed="0,0,0,4,2,20" ten="250,250,250,250" oya="0" hai0="114,47,95,110,49,37,93,55,6,92,128,45,102" hai1="109,52,42,78,80,5,44,53,46,105,11,98,103" hai2="66,83,22,84,40,133,111,16,131,28,134,59,50" hai3="57,25,71,33,4,17,69,82,12,132,115,67,135"/><T23/><D114/><U76/><E109/><V32/><F111/><W121/><G115/><T18/><D110/><U10/><E10/><V74/><F74/><W30/><G82/><T86/><D6/><U34/><E34/><V99/><F131/><W126/><G126/><T54/><D128/><U38/><E46/><V94/><F28/><W13/><G121/><T104/><D104/><U35/><E35/><V62/><F32/><W68/><G4/><T112/><D112/><U31/><E31/><V61/><F61/><W101/><G101/><T7/><D7/><U123/><E123/><V124/><F124/><W75/><G75/><T48/><D37/><U120/><E120/><V24/><F50/><W73/><G73/><T91/><REACH who="0" step="1"/><D102/><REACH who="0" ten="240,250,250,250" step="2"/><U96/><E103/><V56/><F134/><W100/><G100/><T27/><AGARI ba="0,1" hai="18,23,27,45,47,48,49,54,55,86,91,92,93,95" machi="27" ten="20,18000,2" yaku="1,1,2,1,0,1,7,1,9,1,8,1,52,1,53,0" doraHai="20" doraHaiUra="113" who="0" fromWho="0" sc="240,190,250,-60,250,-60,250,-60" /><INIT seed="0,1,0,5,1,19" ten="430,190,190,190" oya="0" hai0="103,65,110,44,14,64,56,92,99,102,17,1,73" hai1="95,22,13,135,55,60,129,82,115,117,77,25,18" hai2="51,63,37,79,89,97,100,93,3,120,58,107,35" hai3="36,23,48,84,7,128,69,71,52,72,66,32,39"/><T116/><D1/><U126/><E117/><V8/><F37/><W54/><G32/><T90/><D73/><U108/><E108/><V127/><F35/><W70/><G72/><T27/><D116/><U62/><E126/><V9/><F127/><W42/><G7/><T46/><D110/><U24/><E129/><V104/><F120/><W134/><G84/><T111/><D111/><U74/><E135/><V94/><F79/><W12/><G134/><T105/><D27/><U119/><E119/><V112/><F112/><W21/><G12/><T61/><D64/><U83/><E115/><V131/><F131/><W113/><G113/><T67/><D67/><U5/><E83/><V53/><F107/><W121/><G128/><T101/><REACH who="0" step="1"/><D105/><REACH who="0" ten="420,190,190,190" step="2"/><U86/><E74/><V80/><F3/><W28/><G66/><T45/><D45/><U49/><E25/><V114/><F104/><W133/><G133/><T59/><D59/><N who="1" m="33263" /><E95/><V122/><F114/><W96/><G121/><T68/><D68/><U29/><E5/><V123/><F123/><W34/><G71/><T57/><D57/><U11/><AGARI ba="1,1" hai="11,13,18,22,24,29,60,62,77,82,86" m="33263" machi="11" ten="30,2000,0" yaku="8,1,52,1" doraHai="19" who="1" fromWho="1" sc="420,-11,190,33,190,-6,190,-6" /><INIT seed="1,0,0,1,2,126" ten="409,223,184,184" oya="1" hai0="98,38,64,119,95,53,6,62,124,12,88,45,128" hai1="77,39,76,3,7,21,130,32,71,14,43,72,110" hai2="57,116,81,120,47,101,29,36,41,113,4,0,87" hai3="60,92,104,28,19,91,67,125,129,131,20,61,89"/><U93/><E130/><N who="3" m="49674" /><G104/><T100/><D124/><U55/><E72/><V22/><F120/><W102/><G125/><T122/><D119/><U105/><E32/><V97/><F116/><W133/><G133/><T13/><D122/><U63/><E105/><V33/><F33/><W79/><G79/><T107/><D128/><U65/><E110/><V8/><F113/><W51/><G51/><T66/><D66/><U73/><E73/><V69/><F69/><N who="3" m="42215" /><G61/><T23/><D6/><U84/><E3/><V5/><F57/><W135/><G135/><T40/><D53/><U27/><E39/><V9/><F47/><W25/><G28/><T121/><D121/><U123/><E43/><V48/><F41/><W17/><G17/><T109/><D109/><U78/><E123/><V15/><F48/><W103/><G91/><T44/><D44/><U34/><E34/><V111/><F36/><W74/><G74/><T132/><D132/><U46/><E7/><V115/><F115/><W24/><G25/><T54/><D54/><U70/><E70/><V37/><F37/><W30/><G30/><T118/><D118/><U18/><E27/><V49/><F49/><W114/><G114/><T31/><D31/><U134/><E134/><V85/><F111/><W96/><AGARI ba="0,0" hai="19,20,24,89,92,96,102,103" m="42215,49674" machi="96" ten="30,7900,0" yaku="19,1,52,3" doraHai="126" who="3" fromWho="3" sc="409,-20,223,-39,184,-20,184,79" /><INIT seed="2,0,0,5,1,73" ten="389,184,164,263" oya="2" hai0="44,78,37,95,54,128,39,115,86,96,101,52,84" hai1="34,4,114,132,119,70,92,55,67,23,74,81,7" hai2="120,59,64,75,85,62,5,41,19,71,16,29,3" hai3="42,123,25,91,8,17,94,15,125,130,18,10,112"/><V133/><F75/><W129/><G123/><T6/><D115/><U14/><E34/><V93/><F120/><W1/><G112/><T135/><D128/><N who="3" m="49257" /><G125/><T60/><D135/><U12/><E132/><V47/><F133/><W2/><G42/><T35/><D35/><U58/><E114/><V76/><F29/><W53/><G53/><T100/><D6/><U50/><E119/><V0/><F0/><W111/><G111/><T27/><D27/><U69/><E69/><V127/><F127/><W65/><G65/><T83/><D101/><U51/><E70/><V102/><F3/><W113/><G113/><T98/><D98/><U97/><E67/><V28/><F28/><W68/><G68/><T22/><D22/><U57/><E74/><V49/><F5/><N who="1" m="2121" /><E81/><N who="2" m="47271" /><F71/><W88/><G91/><T108/><D108/><U110/><E110/><V11/><F11/><W21/><G10/><T43/><D39/><U131/><E131/><V61/><F61/><W63/><G63/><T66/><D86/><AGARI ba="0,0" hai="1,2,8,15,17,18,21,25,86,88,94" m="49257" machi="86" ten="30,2000,0" yaku="19,1,54,1" doraHai="73" who="3" fromWho="0" sc="389,-20,184,0,164,0,263,20" /><INIT seed="3,0,0,1,3,25" ten="369,184,164,283" oya="3" hai0="97,106,46,79,5,55,52,19,78,40,114,27,8" hai1="24,99,64,112,23,130,89,96,16,115,116,113,3" hai2="62,123,28,77,101,68,75,135,1,69,92,12,2" hai3="132,67,82,109,4,104,98,56,31,129,131,45,60"/><W121/><G121/><T42/><D42/><U47/><E130/><N who="3" m="49674" /><G132/><T41/><D41/><U61/><E116/><V21/><F135/><W32/><G4/><T83/><D79/><U22/><E3/><V125/><F77/><W53/><G82/><T117/><D117/><U103/><E89/><V30/><F75/><W18/><G18/><T34/><D114/><U10/><E10/><V54/><F123/><W122/><G122/><T6/><D6/><U93/><E96/><V108/><F2/><W9/><G9/><T110/><D97/><U80/><E80/><V120/><F1/><W59/><G45/><T63/><D106/><U81/><E81/><V38/><F38/><W88/><G109/><T76/><D110/><U15/><E47/><V70/><F108/><W14/><G14/><T51/><D76/><U87/><E87/><V111/><F111/><W85/><G104/><T35/><D35/><U134/><E134/><V37/><F37/><W124/><G124/><T100/><D100/><U71/><REACH who="1" step="1"/><E115/><REACH who="1" ten="369,174,164,283" step="2"/><V29/><F120/><W48/><G98/><T94/><D83/><U20/><E20/><V33/><F33/><W102/><G85/><T126/><D78/><U58/><E58/><V133/><F133/><W90/><G102/><T72/><D72/><U0/><E0/><V86/><F101/><W84/><G84/><T91/><D8/><U119/><E119/><V74/><F74/><W105/><G105/><T118/><D118/><U107/><E107/><V26/><F86/><W17/><G90/><T11/><D91/><U7/><E7/><V36/><F21/><RYUUKYOKU ba="0,1" sc="369,-10,174,30,164,-10,283,-10" hai1="15,16,22,23,24,61,64,71,93,99,103,112,113" /><INIT seed="4,1,1,2,2,33" ten="359,204,154,273" oya="0" hai0="1,32,17,29,21,81,16,100,58,76,122,44,92" hai1="46,88,97,6,41,66,89,54,114,119,74,124,11" hai2="126,37,31,118,47,80,14,42,134,19,96,52,63" hai3="117,20,51,3,77,113,108,23,128,84,129,93,83"/><T57/><D122/><U120/><E120/><V22/><F118/><W27/><G117/><T78/><D32/><U9/><E119/><V110/><F110/><W112/><G108/><T103/><D29/><U35/><E35/><V73/><F126/><W105/><G105/><T102/><D44/><U2/><E124/><V86/><F73/><W50/><G93/><T82/><D1/><U133/><E74/><V90/><F134/><W125/><G125/><T91/><D21/><N who="3" m="8265" /><G27/><T130/><D58/><U39/><E133/><V5/><F31/><W115/><G3/><T67/><D67/><U0/><E114/><V45/><F5/><W75/><G75/><T13/><D57/><U123/><E123/><V56/><F47/><W36/><G36/><T116/><D13/><U94/><E66/><V127/><F127/><W26/><G26/><T95/><D116/><U12/><E9/><V59/><F59/><W24/><G24/><T99/><D17/><U107/><E107/><V61/><REACH who="2" step="1"/><F96/><REACH who="2" ten="359,204,144,273" step="2"/><W121/><G121/><T15/><D15/><U34/><E34/><V7/><F7/><W87/><G87/><N who="0" m="48551" /><D16/><U132/><E132/><V53/><F53/><W43/><G43/><T104/><D130/><AGARI ba="1,2" hai="50,51,77,83,84,112,113,115,128,129,130" m="8265" machi="130" ten="40,2600,0" yaku="15,1,19,1" doraHai="33" who="3" fromWho="0" sc="359,-29,204,0,144,0,273,49" /><INIT seed="5,0,0,4,2,94" ten="330,204,144,322" oya="1" hai0="18,41,11,10,25,81,63,83,17,51,26,76,57" hai1="61,48,71,123,64,110,12,108,44,6,47,97,128" hai2="62,77,1,40,113,67,101,56,73,84,69,50,15" hai3="2,53,95,7,52,16,55,42,115,129,58,43,106"/><U126/><E6/><V90/><F1/><W89/><G106/><T122/><D122/><U30/><E30/><V87/><F73/><W32/><G32/><T36/><D36/><U107/><E12/><V119/><F119/><W3/><G129/><T59/><D41/><N who="1" m="24591" /><E107/><V86/><F86/><W60/><G115/><T80/><D51/><U38/><E97/><V39/><F113/><W54/><G3/><T19/><D76/><U14/><E14/><V131/><F131/><W111/><G111/><N who="1" m="42538" /><E128/><V91/><F77/><W70/><G70/><T124/><D63/><U49/><E126/><V79/><F79/><W46/><G46/><T20/><D124/><U100/><E100/><V75/><F101/><W29/><G29/><T102/><D102/><U4/><E4/><V92/><F15/><W109/><G109/><T27/><REACH who="0" step="1"/><D20/><REACH who="0" ten="320,204,144,322" step="2"/><U127/><E127/><V103/><F103/><W74/><G74/><T121/><D121/><U37/><E123/><V35/><F75/><W118/><G89/><T68/><D68/><U117/><E117/><V96/><F35/><W125/><G125/><T104/><D104/><U114/><E114/><V23/><F23/><W5/><G118/><T132/><D132/><U130/><E130/><V105/><F105/><W78/><G78/><T65/><D65/><U28/><E28/><V99/><F39/><W45/><G7/><T34/><D34/><U33/><E33/><V85/><F91/><W112/><G112/><T8/><AGARI ba="0,1" hai="8,10,11,17,18,19,25,26,27,57,59,80,81,83" machi="8" ten="40,32000,5" yakuman="40" doraHai="94" doraHaiUra="13" who="0" fromWho="0" sc="320,330,204,-160,144,-80,322,-80" /><INIT seed="6,0,0,5,2,88" ten="650,44,64,242" oya="2" hai0="43,113,104,11,74,14,17,44,93,89,98,26,108" hai1="94,34,103,115,96,127,132,126,84,99,39,66,33" hai2="2,78,10,3,131,46,79,77,55,12,28,85,51" hai3="32,9,71,87,5,100,114,38,124,52,62,48,50"/><V121/><F131/><W117/><G32/><T107/><D74/><U21/><E39/><V18/><F121/><W67/><G38/><T58/><D108/><U25/><E66/><V61/><F28/><W92/><G117/><T134/><D134/><U47/><E132/><V64/><F3/><W72/><G72/><T70/><D70/><U7/><E7/><V6/><F2/><W68/><G68/><T20/><D58/><U60/><E115/><V13/><F85/><W8/><G124/><N who="1" m="47658" /><E84/><V80/><F80/><W86/><G50/><T56/><D56/><U36/><E60/><V31/><F31/><W27/><G27/><T75/><D75/><U0/><E0/><V83/><F83/><W135/><G114/><T125/><D113/><U119/><E119/><V91/><F91/><W106/><G106/><T1/><D1/><U19/><E99/><V63/><REACH who="2" step="1"/><F64/><REACH who="2" ten="650,44,54,242" step="2"/><W42/><G87/><T4/><D125/><U69/><E69/><V76/><N who="2" m="19968" /><DORA hai="22" /><V128/><F128/><W37/><G86/><T112/><D112/><U122/><E122/><V40/><F40/><AGARI ba="0,1" hai="19,21,25,33,34,36,40,47,94,96,103" m="47658" machi="40" ten="30,3900,0" yaku="18,1,52,2" doraHai="88,22" who="1" fromWho="2" sc="650,0,44,49,54,-39,242,0" /><INIT seed="7,0,0,4,5,112" ten="650,93,15,242" oya="3" hai0="33,80,31,126,51,13,12,30,78,54,69,118,34" hai1="133,121,57,5,49,27,66,64,23,72,67,1,35" hai2="46,82,105,29,124,4,60,102,131,38,24,130,19" hai3="21,53,56,50,20,75,95,2,22,91,16,61,74"/><W48/><G2/><T76/><D69/><U7/><E121/><V109/><F102/><W81/><G81/><T68/><D68/><U111/><E72/><V101/><F101/><W25/><G75/><T119/><D80/><U115/><E35/><V43/><F105/><W37/><G37/><T127/><D51/><N who="3" m="19497" /><G74/><T28/><D28/><N who="1" m="17535" /><E115/><V125/><F82/><W15/><G15/><T77/><D77/><U103/><E111/><V83/><F83/><W63/><G63/><T14/><D14/><U39/><E39/><V58/><F19/><W100/><G100/><T41/><D54/><N who="1" m="31951" /><E133/><V113/><F4/><N who="1" m="1609" /><E1/><V6/><F6/><W98/><AGARI ba="0,0" hai="16,20,21,22,25,53,56,61,91,95,98" m="19497" machi="98" ten="30,6000,0" yaku="25,1,8,1,54,1" doraHai="112" who="3" fromWho="3" sc="650,-20,93,-20,15,-20,242,60" owari="630,74.0,73,-33.0,-5,-51.0,302,10.0" /></mjloggm>