<mjloggm ver="2.3"><GO type="41"/><UN n0="%E3%82%A6%E3%83%AB%E3%83%88%E3%83%A9%E7%AB%8B%E7%9B%B4" n1="%E3%82%AF%E3%82%B9%E3%83%8E%E3%82%AD" n2="%50%2E%48%61%73%73%69" n3="%6E%61%63%6B%79%31%31%31" dan="15,13,14,14" rate="1968,1847,1923,1864" sx="M,M,M,M"/><TAIKYOKU oya="0"/><INIT seed="0,0,0,1,0,133" ten="250,250,250,250" oya="0" hai0="34,7,105,74,61,70,115,121,5,90,76,125,49" hai1="65,60,66,69,30,98,13,8,72,134,26,10,77" hai2="91,108,109,126,68,62,95,11,57,54,27,25,82" hai3="107,118,46,103,39,119,2,38,9,94,111,22,3"/><T112/><D90/><U42/><E134/><V24/><F68/><W83/><G107/><T32/><D49/><U52/><E42/><V59/><F82/><W131/><G131/><T100/><D121/><U78/><E66/><V113/><F11/><W55/><G111/><N who="2" m="42569" /><F113/><W36/><G22/><T40/><D40/><U123/><E98/><N who="2" m="57727" /><F57/><W102/><G83/><N who="0" m="45463" /><D7/><U124/><E124/><AGARI ba="0,0" hai="24,25,27,54,59,62,124,126" m="57727,42569" machi="124" ten="40,5200,0" yaku="14,1,52,2" doraHai="133" who="2" fromWho="1" sc="250,0,250,-52,250,52,250,0" /><INIT seed="1,0,0,1,2,42" ten="250,198,302,250" oya="1" hai0="39,96,28,94,82,66,87,17,71,55,132,95,78" hai1="22,104,1,29,0,69,54,108,84,6,10,81,77" hai2="57,48,36,2,79,105,26,67,61,118,27,123,44" hai3="83,113,7,58,115,75,47,46,62,74,112,124,133"/><U65/><E104/><V114/><F2/><W122/><G7/><T63/><D132/><U121/><E121/><V16/><F105/><W73/><G122/><T127/><D127/><U129/><E0/><V38/><F114/><W13/><G13/><T52/><D39/><U68/><E129/><V103/><F118/><W14/><G14/><T93/><D28/><U51/><E65/><V131/><F103/><W126/><G133/><T35/><D35/><U25/><REACH who="1" step="1"/><E108/><REACH who="1" ten="250,188,302,250" step="2"/><V116/><F131/><W91/><G91/><T60/><D96/><U3/><E3/><V19/><F123/><W5/><G5/><T90/><D90/><U20/><E20/><V34/><F34/><W134/><G134/><T76/><D76/><U9/><E9/><V40/><F79/><W72/><G83/><T120/><D120/><U64/><E64/><V12/><F116/><W109/><G109/><T85/><D82/><U102/><E102/><V53/><F19/><W88/><G88/><T41/><D78/><U110/><E110/><V4/><F4/><W106/><G106/><T101/><D66/><U111/><E111/><V33/><F33/><W8/><G8/><T92/><D101/><U50/><E50/><V89/><F89/><W15/><G15/><T125/><D17/><U56/><AGARI ba="0,1" hai="1,6,10,22,25,29,51,54,56,68,69,77,81,84" machi="56" ten="20,3900,0" yaku="1,1,0,1,7,1,53,0" doraHai="42" doraHaiUra="107" who="1" fromWho="1" sc="250,-13,188,49,302,-13,250,-13" /><INIT seed="1,1,0,4,2,131" ten="237,237,289,237" oya="1" hai0="107,110,77,9,45,128,4,36,61,24,123,5,19" hai1="105,70,20,47,104,18,15,135,116,86,80,16,44" hai2="29,79,60,28,111,64,41,89,11,42,0,32,71" hai3="103,97,35,62,63,51,13,26,68,115,98,117,67"/><U50/><E70/><V99/><F111/><W46/><G115/><T106/><D61/><U81/><E116/><V83/><F32/><W21/><G117/><T34/><D5/><U65/><E65/><V3/><F41/><W17/><G63/><T129/><D110/><U73/><E135/><V66/><F64/><W126/><G126/><T96/><D19/><U84/><E73/><V59/><F71/><W23/><G35/><T40/><D123/><U112/><E112/><V114/><F42/><W14/><G14/><T10/><D10/><U121/><E121/><V132/><F132/><W90/><G90/><T25/><D25/><U125/><E125/><V33/><F33/><W119/><G119/><T58/><D58/><U130/><E130/><V120/><F0/><W74/><G74/><T2/><D77/><U87/><E18/><V1/><F1/><W56/><G68/><T75/><D75/><U92/><E47/><V127/><F127/><W69/><G69/><T53/><D53/><U8/><E92/><V49/><F120/><W133/><G103/><N who="0" m="62823" /><D107/><U54/><REACH who="1" step="1"/><E8/><REACH who="1" ten="237,227,289,237" step="2"/><V31/><F11/><W6/><G133/><T38/><D38/><U48/><E48/><V124/><F49/><W52/><G6/><T43/><D43/><U76/><E76/><V85/><F124/><W118/><G118/><T94/><D94/><U134/><E134/><V102/><F114/><W22/><G22/><T108/><D108/><U27/><E27/><V37/><F79/><W12/><G12/><T57/><D57/><U39/><E39/><V113/><F37/><W30/><AGARI ba="1,1" hai="13,17,21,23,26,30,46,51,52,56,62,67,97,98" machi="30" ten="20,8000,1" yaku="5,1,0,1,7,1,8,1,54,1" doraHai="131" who="3" fromWho="3" sc="237,-21,227,-41,289,-21,237,93" /><INIT seed="2,0,0,5,2,54" ten="216,186,268,330" oya="2" hai0="62,133,135,28,19,122,113,102,18,99,55,106,70" hai1="45,98,71,108,42,85,66,61,75,94,69,52,105" hai2="126,100,65,24,49,38,17,51,12,8,1,104,44" hai3="79,43,60,111,10,58,124,95,87,77,134,23,9"/><V107/><F126/><W89/><G124/><T125/><D125/><U53/><E75/><V64/><F1/><W48/><G134/><N who="0" m="51211" /><D113/><U63/><E105/><V39/><F100/><W31/><G111/><T35/><D122/><U81/><E108/><V93/><F107/><W96/><G77/><T120/><D120/><U16/><E63/><V112/><F104/><W116/><G116/><T59/><D70/><U86/><E69/><V84/><F112/><W83/><G43/><T3/><D3/><U6/><E6/><V33/><F49/><W103/><G48/><T29/><D35/><U15/><E42/><V32/><F38/><W90/><G90/><T121/><D121/><U13/><E13/><V123/><F39/><W119/><G119/><T14/><D19/><U2/><E2/><V97/><F33/><W4/><G4/><T74/><D74/><U47/><E47/><V7/><F32/><W27/><G79/><T115/><D115/><U5/><E5/><V41/><F97/><W117/><G117/><T78/><D78/><U68/><E68/><V21/><F123/><W26/><G26/><T109/><D109/><U128/><E128/><V80/><F93/><W91/><G91/><AGARI ba="0,0" hai="7,8,12,17,21,24,41,44,51,64,65,80,84,91" machi="91" ten="30,2900,0" yaku="7,1,8,1" doraHai="54" who="2" fromWho="3" sc="216,0,186,0,268,29,330,-29" /><INIT seed="2,1,0,0,4,37" ten="216,186,297,301" oya="2" hai0="75,60,109,121,123,85,58,110,54,70,66,19,69" hai1="119,15,4,41,53,16,25,14,78,115,29,24,46" hai2="128,21,98,2,1,111,33,49,105,18,10,64,0" hai3="133,106,6,79,108,39,48,63,107,116,117,104,56"/><V44/><F33/><W7/><G39/><T92/><D19/><U8/><E119/><N who="3" m="45642" /><G79/><T84/><D75/><U31/><E53/><V62/><F128/><W27/><G27/><T40/><D92/><U11/><E78/><V30/><F30/><W81/><G48/><N who="0" m="31047" /><D84/><U22/><E115/><V130/><F130/><W51/><G51/><T112/><D85/><U83/><E83/><V52/><F111/><N who="0" m="42506" /><D112/><U5/><REACH who="1" step="1"/><E25/><REACH who="1" ten="216,176,297,301" step="2"/><V122/><F122/><W68/><G81/><T131/><D131/><U97/><E97/><V118/><F118/><W93/><G108/><T23/><D70/><U124/><E124/><V127/><F127/><W38/><G68/><T76/><D76/><U47/><E47/><V125/><F125/><W42/><G93/><T36/><D23/><U94/><E94/><V43/><F98/><W132/><G104/><T34/><D34/><U126/><E126/><V120/><F105/><W26/><G106/><T95/><D95/><U103/><E103/><V71/><F120/><W9/><G107/><T55/><D55/><U35/><E35/><V28/><F28/><W74/><G26/><T59/><D69/><U61/><E61/><V13/><REACH who="2" step="1"/><F52/><REACH who="2" ten="216,176,287,301" step="2"/><W86/><G63/><T89/><D121/><U17/><E17/><V100/><F100/><W113/><G113/><T102/><D102/><U87/><E87/><V82/><F82/><W101/><G86/><T65/><D123/><U50/><AGARI ba="1,2" hai="4,5,8,11,14,15,16,22,24,29,31,41,46,50" machi="50" ten="20,12000,2" yaku="1,1,0,1,7,1,9,1,8,1,52,1,54,1,53,0" doraHai="37" doraHaiUra="57" who="1" fromWho="1" sc="216,-31,176,143,287,-61,301,-31" /><INIT seed="3,0,0,1,5,132" ten="185,319,226,270" oya="3" hai0="110,30,73,10,66,109,98,99,26,28,18,127,77" hai1="114,58,97,112,100,4,46,37,125,9,25,0,40" hai2="51,121,55,103,90,27,1,41,135,21,49,102,53" hai3="42,32,61,6,117,16,133,93,130,3,44,13,104"/><W39/><G104/><T8/><D77/><U57/><E125/><V80/><F1/><W120/><G117/><T47/><D66/><U84/><E84/><V2/><F2/><W7/><G120/><T118/><D47/><U123/><E123/><V11/><F135/><W35/><G133/><T5/><D73/><U17/><E57/><V82/><F41/><W43/><G3/><T15/><D99/><U29/><E58/><V38/><F38/><W128/><G61/><T64/><D98/><U119/><E119/><V67/><F11/><W95/><G44/><T134/><D64/><U50/><E50/><V107/><F67/><W89/><G89/><T94/><D94/><U72/><E72/><V60/><F60/><W52/><G13/><N who="0" m="5263" /><D134/><U129/><E129/><V63/><F63/><W91/><G91/><T48/><D48/><N who="2" m="18506" /><F107/><W105/><G105/><T24/><D118/><U87/><E40/><V14/><F14/><W68/><G68/><T113/><D113/><U69/><E112/><V34/><F34/><W78/><G78/><T122/><D122/><U115/><E37/><V19/><F90/><W108/><G39/><T79/><D79/><U75/><E114/><V92/><F121/><W96/><G96/><T88/><D88/><U116/><E116/><V85/><F92/><W81/><G81/><N who="2" m="31337" /><F85/><W56/><G35/><N who="0" m="20871" /><D127/><U23/><E87/><V31/><F103/><W101/><G32/><AGARI ba="0,0" hai="10,15,18,26,30,32,109,110" m="20871,5263" machi="32" ten="30,2000,0" yaku="34,2" doraHai="132" who="0" fromWho="3" sc="185,20,319,0,226,0,270,-20" /><INIT seed="4,0,0,0,5,102" ten="205,319,226,250" oya="0" hai0="41,64,93,77,104,94,116,52,44,65,6,109,76" hai1="55,7,105,78,61,20,43,27,129,28,69,89,0" hai2="57,14,3,120,22,59,119,90,18,87,13,99,58" hai3="74,84,29,17,12,39,40,112,80,83,124,117,106"/><T50/><D116/><U79/><E43/><V133/><F3/><W47/><G117/><T19/><D109/><U131/><E89/><V134/><F120/><W15/><G112/><T30/><D104/><U66/><E105/><V23/><F99/><W60/><G29/><T96/><D30/><U54/><E0/><V122/><F122/><W92/><G124/><T25/><D6/><U49/><E7/><V4/><F119/><W111/><G111/><T10/><D41/><U128/><REACH who="1" step="1"/><E55/><REACH who="1" ten="205,309,226,250" step="2"/><V115/><F4/><W81/><G106/><T75/><D75/><U67/><E67/><N who="0" m="25673" /><D93/><U97/><E97/><V68/><F68/><W16/><G74/><T53/><D53/><U118/><E118/><V72/><F72/><W5/><G92/><T130/><D130/><U123/><E123/><V121/><F121/><W86/><G5/><T35/><D35/><U9/><E9/><V63/><F63/><W42/><G60/><T98/><D98/><U101/><E101/><V135/><F115/><W36/><G81/><T113/><D113/><U37/><E37/><V71/><F71/><W95/><G95/><T1/><D1/><U11/><E11/><V56/><N who="2" m="14848" /><DORA hai="126" /><V38/><F38/><W100/><G100/><N who="0" m="60439" /><D10/><U24/><E24/><V110/><F110/><W45/><AGARI ba="0,1" hai="12,15,16,17,36,39,40,42,45,47,80,83,84,86" machi="45" ten="25,6400,0" yaku="0,1,22,2,54,1" doraHai="102,126" who="3" fromWho="3" sc="205,-32,309,-16,226,-16,250,74" /><INIT seed="5,0,0,0,1,112" ten="173,293,210,324" oya="1" hai0="11,27,80,33,135,100,60,134,84,87,20,130,104" hai1="53,21,56,77,110,117,24,118,17,90,99,88,91" hai2="69,0,22,1,95,12,114,128,31,109,127,103,78" hai3="66,9,75,105,48,79,43,55,30,76,35,54,81"/><U44/><E77/><V41/><F69/><W131/><G105/><T25/><D100/><U133/><E44/><V113/><F109/><W82/><G131/><T92/><D104/><U63/><E110/><V129/><F78/><W28/><G66/><T89/><D130/><N who="2" m="50282" /><F41/><W94/><G94/><T61/><D11/><U71/><E71/><V70/><F70/><W86/><G9/><T50/><D50/><U121/><E121/><V57/><F57/><W72/><G86/><T15/><D15/><U34/><E34/><V7/><F103/><W65/><G65/><T68/><D33/><U98/><REACH who="1" step="1"/><E133/><REACH who="1" ten="173,283,210,324" step="2"/><V45/><F45/><W16/><G35/><T40/><D68/><U8/><E8/><N who="2" m="4127" /><F95/><W3/><G76/><N who="0" m="46087" /><D40/><U108/><E108/><V120/><F120/><W102/><G79/><T74/><D74/><U46/><E46/><V38/><F38/><W93/><G75/><T123/><D123/><U132/><E132/><N who="0" m="50729" /><D20/><U125/><E125/><V101/><F127/><W47/><G72/><T37/><D37/><U18/><E18/><V36/><F36/><W73/><G16/><T67/><D67/><U10/><E10/><V83/><F101/><W107/><G102/><T124/><D124/><U58/><E58/><V6/><F6/><W32/><G73/><T5/><D5/><U115/><E115/><N who="2" m="44043" /><F83/><W19/><G82/><T23/><D23/><U62/><E62/><AGARI ba="0,1" hai="25,27,60,61,62,87,89,92" m="50729,46087" machi="62" ten="30,1000,0" yaku="20,1" doraHai="112" who="0" fromWho="1" sc="173,20,283,-10,210,0,324,0" /><INIT seed="6,0,0,1,4,87" ten="193,273,210,324" oya="2" hai0="2,58,7,135,53,100,17,9,3,59,11,126,113" hai1="28,62,90,60,102,133,64,33,23,108,4,22,29" hai2="99,73,80,103,117,131,127,0,31,30,46,6,75" hai3="71,36,21,122,48,134,40,74,20,112,57,121,8"/><V66/><F117/><W115/><G74/><T97/><D126/><U116/><E102/><V130/><F127/><W101/><G101/><T72/><D72/><U37/><E116/><V110/><F66/><W114/><G71/><T76/><D76/><U65/><E37/><V129/><F110/><W123/><G36/><T25/><D135/><U1/><E108/><V84/><F46/><W81/><G81/><T69/><D69/><U54/><E133/><V79/><F6/><W82/><G82/><T32/><D113/><U68/><E54/><V78/><F0/><W16/><G134/><T52/><D58/><U41/><E41/><V44/><F44/><N who="3" m="25607" /><G57/><T12/><D2/><U98/><E29/><N who="2" m="10763" /><F78/><W118/><G118/><T93/><D25/><U128/><E128/><N who="2" m="32771" /><V95/><AGARI ba="0,0" hai="73,75,79,80,84,95,99,103" m="32771,10763" machi="95" ten="40,3900,0" yaku="4,1,19,1" doraHai="87" who="2" fromWho="2" sc="193,-13,273,-13,210,39,324,-13" /><INIT seed="6,1,0,3,0,39" ten="180,260,249,311" oya="2" hai0="49,88,42,131,110,82,22,99,52,96,61,121,14" hai1="4,118,132,68,27,76,72,129,74,36,86,41,59" hai2="40,100,94,83,44,26,109,91,2,75,119,103,104" hai3="65,12,28,1,20,5,34,125,106,78,107,71,54"/><V38/><F119/><W50/><G125/><T0/><D0/><U81/><E68/><V43/><F109/><W57/><G78/><T3/><D3/><U89/><E118/><V79/><F104/><W9/><G71/><T101/><D110/><U134/><E129/><V56/><F56/><W113/><G65/><T8/><D121/><U21/><E4/><V62/><F62/><W133/><G113/><T6/><D131/><U111/><E111/><V46/><F26/><N who="3" m="18711" /><G133/><N who="1" m="51306" /><E59/><V135/><F2/><W11/><G11/><T64/><D22/><U30/><E89/><V37/><F135/><W120/><G120/><T84/><D101/><U45/><AGARI ba="1,0" hai="21,27,30,36,41,45,72,74,76,81,86" m="51306" machi="45" ten="30,2000,0" yaku="20,1,52,1" doraHai="39" who="1" fromWho="1" sc="180,-6,260,23,249,-11,311,-6" /><INIT seed="7,0,0,5,1,57" ten="174,283,238,305" oya="3" hai0="105,73,24,67,45,62,7,102,115,97,1,41,119" hai1="12,54,89,51,28,36,123,135,0,133,131,32,128" hai2="63,114,98,34,55,75,117,66,85,3,104,134,25" hai3="86,20,70,60,130,118,99,42,17,81,68,116,71"/><W39/><G99/><T56/><D119/><U107/><E107/><V40/><F3/><W4/><G4/><T33/><D115/><U127/><E36/><V106/><F40/><W95/><G130/><N who="1" m="49706" /><E0/><V112/><F75/><W27/><G95/><T58/><D73/><U88/><E123/><V11/><F11/><W132/><G132/><N who="1" m="50762" /><E12/><V16/><F55/><W43/><G60/><T29/><D1/><U96/><E96/><V26/><F117/><W92/><G92/><T79/><D7/><U91/><E127/><V14/><F85/><W103/><G103/><T83/><D83/><U100/><E100/><N who="2" m="62487" /><F106/><W5/><G5/><T101/><D101/><U65/><E65/><V120/><F120/><W110/><G110/><T84/><D84/><U72/><E72/><V48/><F134/><W78/><REACH who="3" step="1"/><G43/><REACH who="3" ten="174,283,238,295" step="2"/><T44/><D79/><U49/><E54/><V111/><F111/><W108/><G108/><T77/><D77/><U52/><E52/><V35/><F114/><W15/><G15/><T23/><D41/><U18/><E18/><V8/><F112/><W90/><G90/><T121/><D121/><U124/><E124/><V109/><F109/><W87/><G87/><T53/><D33/><U76/><E76/><V93/><F34/><W6/><G6/><T47/><D44/><AGARI ba="0,1" hai="17,20,27,39,42,44,68,70,71,78,81,86,116,118" machi="44" ten="40,3900,0" yaku="1,1,53,1" doraHai="57" doraHaiUra="74" who="3" fromWho="0" sc="174,-39,283,0,238,0,295,49" owari="135,-36.0,283,8.0,238,-16.0,344,44.0" /></mjloggm>