<mjloggm ver="2.3"><GO type="41"/><UN n0="%E3%82%A6%E3%83%AB%E3%83%88%E3%83%A9%E7%AB%8B%E7%9B%B4" n1="%E3%82%A2%E3%82%A4%E3%82%B9%E3%83%9F%E3%83%B3%E3%83%88%35%35" n2="%48%49%53%41" n3="%28%E3%81%BE%EF%BC%BE%CF%89%EF%BC%BE%E3%8C%94%29%E3%82%93" dan="15,14,14,13" rate="1974,1955,1946,2001" sx="M,F,F,F"/><TAIKYOKU oya="0"/><INIT seed="0,0,0,0,1,49" ten="250,250,250,250" oya="0" hai0="96,95,11,51,43,115,54,19,116,6,74,114,60" hai1="29,67,134,66,99,106,85,89,94,8,26,39,79" hai2="48,25,52,109,107,97,126,42,31,46,13,37,12" hai3="58,84,77,105,81,69,88,73,117,119,41,10,132"/><T110/><D74/><U22/><E39/><V50/><F109/><W102/><G69/><T78/><D116/><U111/><E111/><V90/><F126/><W68/><G68/><T15/><D110/><U20/><E134/><V75/><F75/><W103/><G41/><T55/><D78/><U38/><E38/><V36/><F107/><W62/><G132/><T100/><D43/><U59/><E106/><V104/><F104/><W7/><G103/><T34/><D34/><U1/><E1/><V124/><F124/><W45/><G45/><T120/><D120/><U133/><E133/><V16/><F90/><W23/><G23/><T118/><D118/><U71/><E71/><V121/><F97/><W125/><G125/><T112/><D51/><U113/><E113/><V98/><F98/><W63/><G102/><T130/><D130/><U82/><E8/><V27/><F121/><W128/><G105/><T122/><D122/><U4/><E4/><V17/><F17/><W83/><G128/><T30/><D30/><U64/><E22/><V70/><F70/><W9/><G63/><AGARI ba="0,0" hai="20,26,29,59,63,64,66,67,79,82,85,89,94,99" machi="63" ten="40,1300,0" yaku="8,1" doraHai="49" who="1" fromWho="3" sc="250,0,250,13,250,0,250,-13" /><INIT seed="1,0,0,2,5,41" ten="250,263,250,237" oya="1" hai0="74,133,83,1,43,77,37,132,34,24,129,67,69" hai1="100,49,27,58,84,9,94,106,51,16,3,7,5" hai2="92,134,39,98,95,19,25,29,31,66,86,18,61" hai3="130,131,102,28,126,90,4,85,71,0,115,8,101"/><U48/><E106/><V35/><F39/><W65/><G115/><T127/><D67/><U105/><E105/><V89/><F134/><W82/><G126/><T68/><D24/><U59/><E7/><V6/><F6/><W56/><G71/><T50/><D50/><U112/><E112/><V33/><F29/><W23/><G28/><T87/><D87/><U123/><E123/><V30/><F30/><W40/><G23/><T116/><D83/><U63/><E100/><V76/><F76/><W80/><G80/><T128/><D43/><U38/><E38/><V45/><F45/><W107/><G40/><T124/><D77/><U81/><E94/><V96/><F35/><W44/><G44/><T62/><D62/><U52/><E27/><V113/><F113/><W118/><G118/><T12/><D12/><N who="1" m="7183" /><E5/><V125/><F125/><N who="0" m="48202" /><D116/><U78/><E3/><V109/><F109/><W103/><G107/><T53/><D37/><U15/><E15/><V88/><REACH who="2" step="1"/><F98/><REACH who="2" ten="250,263,240,237" step="2"/><W17/><G17/><T122/><D34/><U20/><E20/><V22/><F22/><W46/><G4/><T104/><D122/><U121/><E121/><V11/><F11/><W120/><G8/><T57/><D1/><U110/><E110/><V99/><F99/><W91/><G120/><T135/><D74/><U14/><E14/><V47/><F47/><W42/><G0/><T55/><D104/><U2/><E2/><V32/><F32/><W73/><G73/><T93/><D93/><U36/><E36/><V70/><AGARI ba="0,1" hai="18,19,25,31,33,61,66,70,86,88,89,92,95,96" machi="70" ten="20,8000,1" yaku="1,1,0,1,7,1,54,1,53,1" doraHai="41" doraHaiUra="21" who="2" fromWho="2" sc="250,-20,263,-40,240,90,237,-20" /><INIT seed="2,0,0,4,3,106" ten="230,223,330,217" oya="2" hai0="121,67,54,3,78,29,7,27,37,32,10,49,122" hai1="100,23,65,77,98,133,125,38,96,131,19,33,45" hai2="79,8,76,66,4,115,40,71,102,117,119,97,63" hai3="16,89,41,31,1,92,105,99,47,44,42,13,129"/><V2/><F115/><W25/><G1/><T85/><D67/><U104/><E33/><V48/><F48/><W84/><G129/><T107/><D107/><U46/><E131/><V28/><F40/><W52/><G105/><T61/><D61/><U120/><E133/><V87/><F28/><W123/><G99/><T81/><REACH who="0" step="1"/><D37/><REACH who="0" ten="220,223,330,217" step="2"/><U17/><E38/><V20/><F63/><W70/><G123/><T109/><D109/><U118/><E118/><V114/><F66/><W101/><G70/><T110/><D110/><U132/><E120/><V22/><F71/><W34/><G101/><T51/><D51/><U82/><E132/><V36/><F36/><W35/><G35/><T50/><D50/><U55/><E125/><V113/><F117/><W130/><G130/><T83/><D83/><U64/><E98/><V88/><F97/><W6/><G34/><T21/><D21/><U12/><E17/><V124/><F102/><W53/><G44/><AGARI ba="0,1" hai="3,7,10,27,29,32,44,49,54,78,81,85,121,122" machi="44" ten="30,2000,0" yaku="1,1,7,1,53,0" doraHai="106" doraHaiUra="95" who="0" fromWho="3" sc="220,30,223,0,330,0,217,-20" /><INIT seed="3,0,0,3,1,27" ten="250,223,330,197" oya="3" hai0="104,41,26,87,81,93,66,25,4,60,84,102,55" hai1="80,13,29,82,115,124,99,86,75,126,44,111,134" hai2="96,2,38,5,21,34,35,10,100,108,74,85,67" hai3="89,72,56,62,39,54,106,15,42,52,69,46,76"/><W18/><G106/><T63/><D104/><U109/><E44/><V114/><F74/><W123/><G123/><T23/><D41/><U14/><E115/><V131/><F114/><W48/><G72/><T6/><D25/><U53/><E53/><V19/><F38/><W36/><G76/><T90/><D55/><U31/><E75/><V92/><F108/><N who="1" m="41545" /><E99/><V91/><F131/><W107/><G107/><T125/><D125/><N who="1" m="48235" /><E134/><V12/><REACH who="2" step="1"/><F67/><REACH who="2" ten="250,223,320,197" step="2"/><N who="3" m="41207" /><G39/><T11/><D66/><U79/><E82/><AGARI ba="0,1" hai="2,5,10,12,19,21,34,35,82,85,91,92,96,100" machi="82" ten="30,2000,0" yaku="1,1,7,1,53,0" doraHai="27" doraHaiUra="64" who="2" fromWho="1" sc="250,0,223,-20,320,30,197,0" /><INIT seed="4,0,0,2,5,117" ten="250,203,350,197" oya="0" hai0="94,7,22,131,24,76,91,90,30,36,126,55,99" hai1="4,18,26,6,70,44,49,39,88,93,89,31,57" hai2="13,123,63,35,113,38,45,134,51,12,69,67,52" hai3="111,3,14,97,61,128,2,109,103,71,105,58,41"/><T72/><D36/><U23/><E70/><V75/><F123/><W21/><G71/><T119/><D119/><U82/><E39/><V118/><F75/><W85/><G41/><T10/><D126/><U110/><E110/><V48/><F35/><W114/><G114/><T115/><D115/><U66/><E82/><V107/><F107/><W42/><G42/><T120/><D131/><U124/><E124/><V65/><F113/><W19/><G128/><T112/><D112/><U84/><E31/><V50/><F118/><W125/><G125/><T17/><D72/><U74/><E89/><V29/><F29/><W86/><G111/><T129/><D129/><U122/><E74/><V5/><F134/><W87/><REACH who="3" step="1"/><G109/><REACH who="3" ten="250,203,350,187" step="2"/><T1/><D76/><U56/><E122/><V37/><F69/><W25/><G25/><T46/><D120/><U133/><E133/><V83/><F38/><W77/><G77/><T135/><D135/><U47/><E47/><V96/><F45/><W100/><G100/><T127/><D127/><U116/><E116/><V32/><F37/><W27/><G27/><T92/><D46/><U43/><REACH who="1" step="1"/><E56/><REACH who="1" ten="250,193,350,187" step="2"/><V132/><F132/><W79/><G79/><T15/><D30/><U102/><E102/><V98/><F83/><W108/><G108/><T121/><D121/><U106/><E106/><V20/><F32/><W78/><G78/><T101/><D101/><U80/><E80/><V68/><F68/><W73/><G73/><T81/><D81/><U16/><E16/><V28/><F28/><W95/><G95/><T59/><D92/><U33/><E33/><RYUUKYOKU ba="0,2" sc="250,-15,193,15,350,-15,187,15" hai1="4,6,18,23,26,43,44,49,57,66,84,88,93" hai3="2,3,14,19,21,58,61,85,86,87,97,103,105" /><INIT seed="5,1,2,5,0,37" ten="235,208,335,202" oya="1" hai0="20,104,35,93,107,83,59,114,108,128,51,117,89" hai1="34,28,122,2,18,100,112,99,47,21,5,106,124" hai2="26,120,125,131,43,24,42,115,29,46,132,33,105" hai3="81,74,86,118,58,98,36,49,110,127,10,9,7"/><U66/><E122/><V68/><F120/><W121/><G121/><T134/><D35/><U53/><E112/><V56/><F105/><W101/><G110/><T71/><D71/><U135/><E135/><V85/><F68/><W116/><G74/><T96/><D108/><U95/><E124/><V60/><F115/><W76/><G36/><T92/><D117/><N who="3" m="45161" /><G127/><T6/><D114/><U91/><E66/><V65/><F125/><W64/><G7/><T61/><D134/><U103/><E28/><V17/><F132/><W69/><G69/><T8/><D128/><U126/><E34/><V75/><F75/><W70/><G70/><T67/><D83/><U62/><E126/><V123/><F123/><W30/><G30/><T57/><D20/><U102/><E5/><V3/><F3/><W129/><G129/><T82/><D82/><U54/><E2/><V90/><F46/><W27/><G27/><T52/><REACH who="0" step="1"/><D93/><REACH who="0" ten="225,208,335,202" step="2"/><U48/><E106/><V23/><F131/><W11/><G11/><T97/><D97/><U14/><REACH who="1" step="1"/><E62/><REACH who="1" ten="225,198,335,202" step="2"/><V133/><F133/><W25/><G9/><T22/><D22/><U4/><E4/><V130/><F130/><W78/><G10/><T113/><D113/><U31/><E31/><V63/><F63/><W87/><G76/><T50/><D50/><U88/><E88/><V84/><F33/><W39/><G78/><T79/><D79/><U19/><E19/><V94/><F17/><W80/><G49/><T44/><D44/><U73/><E73/><V109/><F29/><W0/><G0/><AGARI ba="1,4" hai="0,6,8,51,52,57,59,61,67,89,92,96,104,107" machi="0" ten="30,3900,0" yaku="1,1,7,1,54,1,53,0" doraHai="37" doraHaiUra="15" who="0" fromWho="3" sc="225,82,198,0,335,0,202,-42" /><INIT seed="6,0,0,0,2,50" ten="307,198,335,160" oya="2" hai0="25,11,12,112,33,87,132,128,113,8,107,95,58" hai1="131,53,26,73,10,16,48,83,77,71,64,86,9" hai2="24,99,2,97,118,56,59,15,80,121,47,23,88" hai3="102,61,104,75,89,109,18,122,67,101,6,125,0"/><V92/><F121/><W3/><G122/><T31/><D107/><U39/><E39/><V100/><F118/><W134/><G109/><T114/><D95/><U43/><E43/><V115/><F2/><W14/><G75/><T57/><D87/><U69/><E131/><V123/><F123/><W13/><G89/><T36/><D36/><U65/><E73/><V27/><F115/><W116/><G116/><T127/><D57/><N who="1" m="32935" /><E69/><V32/><F32/><W119/><G119/><T5/><D58/><N who="2" m="22058" /><F47/><W93/><G104/><T38/><D38/><U130/><E130/><V4/><F4/><W110/><G110/><T52/><D128/><U30/><E71/><V81/><F15/><W96/><G6/><T133/><D52/><U45/><E45/><V19/><F27/><W120/><G120/><T60/><D60/><U63/><E63/><V135/><F135/><N who="0" m="51786" /><D11/><N who="1" m="4107" /><E30/><V94/><AGARI ba="0,0" hai="19,23,24,80,81,88,92,94,97,99,100" m="22058" machi="94" ten="30,3000,0" yaku="8,1,54,1" doraHai="50" who="2" fromWho="2" sc="307,-10,198,-10,335,30,160,-10" /><INIT seed="6,1,0,2,2,8" ten="297,188,365,150" oya="2" hai0="67,68,92,114,105,34,125,60,78,6,72,101,131" hai1="134,12,27,108,57,71,55,79,133,75,103,116,65" hai2="121,3,52,21,119,46,22,86,124,39,73,28,9" hai3="111,115,95,15,89,77,106,24,87,20,25,36,31"/><V7/><F121/><W61/><G111/><T19/><D19/><U83/><E116/><V0/><F73/><W5/><G36/><T33/><D92/><U76/><E108/><V29/><F124/><W130/><G106/><T123/><D123/><U69/><E79/><V97/><F0/><W110/><G110/><T84/><D84/><U4/><E103/><V93/><F86/><W74/><G130/><T88/><D88/><U126/><E126/><V59/><F119/><W135/><G135/><T85/><D85/><U120/><E120/><V70/><F70/><W40/><G40/><T104/><D125/><U99/><E99/><V90/><F46/><W14/><G115/><T10/><D114/><U112/><E112/><V82/><F39/><W48/><G48/><T129/><D104/><U54/><E27/><V62/><REACH who="2" step="1"/><F82/><REACH who="2" ten="297,188,355,150" step="2"/><W26/><G74/><T42/><D131/><U128/><E83/><V107/><F107/><W16/><G77/><T30/><D129/><U1/><E128/><V100/><F100/><W56/><G31/><AGARI ba="1,1" hai="3,7,9,21,22,28,29,31,52,59,62,90,93,97" machi="31" ten="40,3900,0" yaku="1,1,54,1,53,0" doraHai="8" doraHaiUra="64" who="2" fromWho="3" sc="297,0,188,0,355,52,150,-42" /><INIT seed="6,2,0,2,2,2" ten="297,188,407,108" oya="2" hai0="17,125,27,134,61,90,98,51,117,129,78,130,35" hai1="58,124,56,28,84,65,21,38,52,97,7,24,72" hai2="25,132,131,92,63,66,119,50,75,70,94,64,101" hai3="88,95,108,15,93,77,39,44,12,3,16,128,69"/><V32/><F119/><W83/><G108/><T20/><D117/><U74/><E38/><V48/><F75/><W87/><G3/><T19/><D78/><U18/><E124/><V55/><F66/><W13/><G69/><T126/><D61/><U68/><E68/><V41/><F132/><W91/><G128/><N who="0" m="49259" /><D51/><U110/><E110/><V133/><F131/><W42/><G77/><T31/><D98/><U103/><E74/><V23/><F133/><W40/><G40/><T53/><D90/><U89/><E72/><V118/><F118/><W22/><REACH who="3" step="1"/><G83/><REACH who="3" ten="297,188,407,98" step="2"/><T102/><D134/><U59/><E65/><V99/><F64/><W115/><G115/><T30/><D53/><U122/><E122/><V76/><F55/><W109/><G109/><T43/><D43/><U67/><E67/><V100/><F70/><W113/><G113/><T116/><D116/><U85/><E52/><V1/><F41/><W106/><G106/><T57/><D102/><U4/><E28/><V60/><F1/><W105/><G105/><T121/><D121/><U120/><E120/><V47/><F100/><W81/><G81/><T104/><D104/><U11/><E103/><V80/><F101/><W0/><G0/><T71/><D71/><U10/><E10/><V36/><F80/><W111/><G111/><T79/><D79/><U127/><E127/><V112/><F112/><W26/><G26/><N who="0" m="18903" /><D126/><U49/><E11/><V8/><F8/><W135/><G135/><T6/><D125/><U73/><E73/><V82/><F82/><W96/><AGARI ba="2,1" hai="12,13,15,16,22,39,42,44,87,88,91,93,95,96" machi="96" ten="20,8000,1" yaku="1,1,0,1,7,1,54,2,53,0" doraHai="2" doraHaiUra="5" who="3" fromWho="3" sc="297,-22,188,-22,407,-42,98,96" /><INIT seed="7,0,0,1,4,124" ten="275,166,365,194" oya="3" hai0="55,79,33,48,120,117,69,37,121,112,85,90,83" hai1="67,6,105,75,65,86,95,131,74,21,109,52,89" hai2="134,126,118,27,43,12,39,97,91,76,82,77,23" hai3="70,17,49,133,24,13,34,20,80,7,38,29,130"/><W61/><G38/><T1/><D1/><U46/><E109/><V78/><F118/><W135/><G80/><T42/><D33/><U106/><E6/><V96/><F126/><W9/><G49/><T125/><D125/><U8/><E8/><V122/><F134/><N who="3" m="51211" /><G130/><T53/><D117/><U102/><E21/><V19/><F39/><W132/><G132/><T113/><D79/><U14/><E14/><V35/><F35/><W5/><G34/><T2/><D2/><U64/><E105/><V123/><F43/><W50/><G50/><T57/><D69/><U128/><E102/><V103/><F103/><W25/><G61/><T40/><D90/><U108/><E106/><V101/><F27/><N who="3" m="14735" /><G70/><T114/><D83/><U111/><E111/><V92/><F97/><W32/><G24/><T30/><D85/><U11/><E108/><V22/><F23/><W15/><G7/><T116/><D116/><U62/><E11/><V36/><F36/><W127/><G127/><T81/><D81/><U99/><E99/><V98/><F96/><W119/><G119/><T100/><D100/><U63/><E63/><V56/><F56/><W66/><G66/><T26/><D55/><U104/><E104/><V18/><F19/><W71/><G71/><T51/><D51/><N who="1" m="28791" /><E62/><V93/><F92/><W31/><G13/><T45/><D40/><U4/><E4/><V60/><F60/><W94/><G31/><T115/><N who="0" m="29184" /><DORA hai="110" /><T3/><D3/><U41/><E41/><V73/><F82/><W54/><G54/><T44/><D44/><U129/><AGARI ba="0,0" hai="64,65,67,74,75,86,89,95,128,129,131" m="28791" machi="129" ten="40,8000,1" yaku="19,1,52,3,54,1" doraHai="124,110" who="1" fromWho="1" sc="275,-20,166,80,365,-20,194,-40" owari="255,6.0,246,-15.0,345,44.0,154,-35.0" /></mjloggm>