<mjloggm ver="2.3"><GO type="41"/><UN n0="%E5%85%AB%E5%8D%81%E6%97%A5%E9%96%93%E4%B8%96%E7%95%8C%E4%B8%80%E5%91%A8" n1="%6E%61%67%61%79%61%6E%3F" n2="%EF%BC%88%E2%89%A7%E2%96%BD%E2%89%A6%EF%BC%89" n3="%E3%83%A8%E3%82%B0%E3%83%AB%E3%83%86%E3%82%A3" dan="13,14,15,14" rate="1865,1911,2041,1877" sx="M,M,M,M"/><TAIKYOKU oya="0"/><INIT seed="0,0,0,1,5,126" ten="250,250,250,250" oya="0" hai0="42,132,63,45,95,92,120,134,23,71,30,82,73" hai1="27,48,13,41,37,70,21,83,26,40,52,62,102" hai2="131,75,33,103,11,14,74,20,36,56,105,89,67" hai3="124,8,12,80,25,32,16,77,55,6,3,59,96"/><T90/><D120/><U121/><E121/><V123/><F33/><W64/><G124/><T17/><D30/><U22/><E102/><V39/><F123/><W88/><G64/><T114/><D114/><U108/><E108/><V46/><F20/><W106/><G106/><T115/><D115/><U50/><E70/><V113/><F113/><W99/><G88/><T5/><D5/><U87/><E37/><V125/><F125/><W10/><G32/><T49/><D92/><U86/><E13/><V61/><F89/><W84/><G25/><N who="1" m="9226" /><E62/><AGARI ba="0,0" hai="3,6,8,10,12,16,55,59,62,77,80,84,96,99" machi="62" ten="30,2000,0" yaku="7,1,54,1" doraHai="126" who="3" fromWho="1" sc="250,0,250,-20,250,0,250,20" /><INIT seed="1,0,0,3,5,124" ten="250,230,250,270" oya="1" hai0="44,66,69,111,96,8,78,106,45,60,55,71,70" hai1="2,39,129,126,63,35,134,16,109,15,103,28,98" hai2="20,40,131,112,10,23,59,32,120,46,29,24,92" hai3="86,102,25,99,116,3,47,122,130,41,36,5,4"/><U74/><E39/><V108/><F120/><W51/><G122/><T12/><D78/><U119/><E119/><V93/><F108/><W104/><G116/><T85/><D111/><U73/><E109/><V101/><F112/><W94/><G130/><T121/><D121/><U95/><E126/><V6/><F59/><W91/><G3/><T117/><D117/><U118/><E118/><V113/><F113/><W87/><G86/><T75/><D75/><U110/><E110/><V43/><F131/><W22/><G36/><T128/><D128/><U132/><E2/><V68/><F68/><W54/><G41/><T77/><D106/><U64/><E28/><AGARI ba="0,0" hai="4,5,22,25,28,47,51,54,87,91,94,99,102,104" machi="28" ten="30,1000,0" yaku="7,1" doraHai="124" who="3" fromWho="1" sc="250,0,230,-10,250,0,270,10" /><INIT seed="2,0,0,5,5,4" ten="250,220,250,280" oya="2" hai0="18,8,124,58,87,6,73,93,126,118,68,135,134" hai1="39,107,26,125,98,77,88,133,28,80,14,20,46" hai2="82,115,10,75,32,69,71,111,43,22,52,91,76" hai3="103,55,37,121,11,122,90,72,86,81,74,60,104"/><V62/><F32/><W59/><G37/><T53/><D73/><U19/><E125/><N who="0" m="48233" /><D68/><U117/><E117/><V131/><F115/><W64/><G74/><T101/><D118/><U94/><E133/><V48/><F131/><W65/><G65/><T34/><D34/><U13/><E107/><V40/><F111/><W29/><G29/><T16/><D101/><U89/><E13/><V66/><F71/><W27/><G27/><T42/><D42/><U61/><E61/><V85/><F22/><W31/><G31/><T99/><D87/><U110/><E110/><V132/><F10/><W96/><G72/><T105/><D105/><U129/><E129/><V3/><F3/><W114/><G114/><T102/><D58/><U25/><E25/><V45/><REACH who="2" step="1"/><F132/><REACH who="2" step="2"/><N who="0" m="50730" /><D53/><U35/><E39/><V36/><F36/><W83/><G55/><T54/><D54/><U112/><E112/><V17/><F17/><W5/><G122/><T116/><D116/><U108/><E108/><V23/><F23/><W70/><G121/><T7/><D7/><U97/><E46/><V95/><AGARI ba="0,1" hai="40,43,45,48,52,62,66,69,75,76,82,85,91,95" machi="95" ten="20,12000,1" yaku="1,1,0,1,7,1,54,1,53,1" doraHai="4" doraHaiUra="78" who="2" fromWho="2" sc="250,-40,220,-40,240,130,280,-40" /><INIT seed="2,1,0,2,0,51" ten="210,180,370,240" oya="2" hai0="68,88,130,86,94,100,102,105,11,87,82,115,79" hai1="110,49,109,6,47,42,58,27,59,118,15,129,134" hai2="70,55,84,98,5,13,19,124,57,116,127,56,60" hai3="23,93,48,17,40,128,7,106,43,95,35,21,32"/><V61/><F70/><W1/><G106/><T69/><D68/><U64/><E118/><V54/><F116/><W103/><G128/><T2/><D2/><U25/><E129/><V33/><F33/><W117/><G117/><T83/><D69/><U62/><E134/><V81/><F98/><W0/><G17/><T10/><D130/><U119/><E119/><V99/><F99/><W85/><G85/><T46/><D115/><U45/><E45/><V80/><F5/><W16/><G16/><T30/><D30/><U24/><E58/><V3/><F3/><W112/><G48/><T34/><D34/><U73/><E73/><V37/><F37/><W72/><G112/><T125/><D46/><U4/><REACH who="1" step="1"/><E15/><REACH who="1" step="2"/><V39/><F39/><W18/><G72/><T76/><D125/><N who="2" m="48202" /><F84/><W101/><G18/><T75/><D10/><AGARI ba="1,1" hai="10,13,19,54,55,56,57,60,61,80,81" m="48202" machi="10" ten="30,5800,0" yaku="18,1,52,2" doraHai="51" who="2" fromWho="0" sc="210,-61,170,0,370,71,240,0" /><INIT seed="2,2,0,4,5,105" ten="149,170,441,240" oya="2" hai0="102,97,79,71,21,13,108,40,67,87,81,83,130" hai1="100,45,132,0,75,66,60,31,114,48,109,125,34" hai2="27,99,4,117,63,103,54,62,12,119,14,28,26" hai3="38,131,98,72,68,82,111,59,64,95,90,86,33"/><V56/><F63/><W37/><G68/><T133/><D108/><U32/><E114/><V22/><F4/><W128/><G111/><T58/><D71/><U135/><E109/><V43/><F43/><W129/><G33/><T121/><D121/><U53/><E0/><V113/><F113/><W17/><G17/><T29/><D133/><U44/><E44/><V61/><F61/><W65/><G65/><T35/><D35/><U6/><E6/><V96/><F96/><W94/><G94/><N who="0" m="58679" /><D40/><U93/><E125/><V120/><F120/><W41/><G64/><T20/><D130/><U77/><E93/><V9/><F9/><W88/><G59/><T51/><D81/><N who="1" m="45247" /><E100/><V112/><F112/><W1/><G1/><T49/><D67/><U107/><E107/><V42/><F42/><W92/><G41/><T30/><D58/><U126/><E126/><V73/><F119/><W80/><G80/><T89/><D79/><AGARI ba="2,0" hai="37,38,72,79,82,86,88,90,92,95,98,128,129,131" machi="79" ten="40,5200,0" yaku="19,1,52,1,54,1" doraHai="105" who="3" fromWho="0" sc="149,-58,170,0,441,0,240,58" /><INIT seed="3,0,0,4,0,102" ten="91,170,441,298" oya="3" hai0="9,29,32,12,47,77,50,41,73,91,115,70,20" hai1="54,72,108,94,113,104,69,3,61,34,43,84,16" hai2="99,24,126,114,35,97,68,71,64,8,15,6,86" hai3="0,118,129,131,116,26,27,106,57,132,103,44,122"/><W130/><G0/><T33/><D70/><U83/><E3/><V66/><F114/><W60/><G44/><T121/><D121/><U51/><E34/><V75/><F75/><W92/><G122/><T101/><D115/><U21/><E104/><V23/><F126/><W120/><G120/><T31/><D73/><U25/><E113/><V133/><F133/><W117/><G92/><T119/><D77/><U38/><E72/><V93/><F35/><W2/><G132/><T14/><D119/><U18/><E38/><V36/><F36/><W74/><G74/><T56/><D101/><U37/><E37/><V96/><F68/><W55/><REACH who="3" step="1"/><G2/><REACH who="3" step="2"/><T1/><D1/><U5/><E94/><V48/><F93/><W42/><G42/><T13/><D91/><U80/><E43/><V85/><F86/><W109/><G109/><T87/><D87/><U59/><E84/><V98/><F85/><W10/><G10/><T22/><D56/><U123/><E108/><V128/><F71/><W19/><G19/><N who="0" m="8591" /><D47/><U81/><E123/><V63/><F8/><W90/><G90/><T125/><D41/><U49/><E69/><V78/><F78/><W111/><G111/><T46/><D46/><U110/><E110/><V52/><F99/><AGARI ba="0,1" hai="26,27,55,57,60,99,103,106,116,117,118,129,130,131" machi="99" ten="50,9600,0" yaku="1,1,19,1,52,1,53,0" doraHai="102" doraHaiUra="76" who="3" fromWho="2" sc="91,0,170,0,441,-96,288,106" /><INIT seed="3,1,0,1,2,51" ten="91,170,345,394" oya="3" hai0="46,44,52,76,42,16,117,125,23,24,79,72,34" hai1="89,95,86,1,94,61,130,54,57,43,14,50,115" hai2="68,102,15,129,40,85,9,120,106,92,35,63,22" hai3="126,97,74,11,123,124,28,18,29,59,84,127,78"/><W32/><G123/><T133/><D117/><U21/><E1/><V114/><F35/><W107/><G74/><T65/><D133/><U119/><E115/><V60/><F114/><W4/><G18/><T110/><D110/><U112/><E112/><V88/><F120/><W62/><G32/><T2/><D2/><U104/><E104/><V37/><F129/><W17/><G17/><T116/><D116/><U99/><E130/><V101/><F22/><W82/><G107/><T113/><D113/><U30/><E119/><V91/><F106/><W49/><G97/><T75/><D65/><U67/><E43/><V132/><F132/><W87/><G84/><T128/><D128/><U105/><E105/><V58/><F68/><W77/><G77/><N who="0" m="29771" /><D34/><U81/><E95/><N who="2" m="54671" /><F40/><W111/><G49/><N who="0" m="26775" /><D75/><U25/><E14/><V118/><F37/><W122/><G122/><T38/><D125/><U20/><E20/><V70/><F70/><W36/><G36/><T48/><D72/><U7/><E7/><N who="2" m="3519" /><F118/><W100/><G111/><T31/><D38/><U109/><E109/><V26/><F26/><W96/><G11/><T55/><D55/><U83/><REACH who="1" step="1"/><E99/><REACH who="1" step="2"/><N who="2" m="57759" /><F63/><W103/><G96/><T53/><D53/><AGARI ba="1,1" hai="53,58,60,101,102" m="57759,3519,54671" machi="53" ten="30,3900,0" yaku="8,1,52,1,54,1" doraHai="51" who="2" fromWho="0" sc="91,-42,160,0,345,52,394,0" /><INIT seed="4,0,0,2,5,110" ten="49,160,397,394" oya="0" hai0="91,32,114,23,52,39,59,20,103,38,107,101,79" hai1="58,131,46,56,108,12,74,119,96,44,128,115,27" hai2="73,124,25,87,123,9,55,41,54,47,77,13,104" hai3="68,129,92,30,85,7,53,1,18,127,29,10,14"/><T51/><D32/><U122/><E74/><V135/><F123/><W99/><G129/><N who="1" m="49738" /><E122/><V82/><F135/><W63/><G127/><T109/><D79/><U125/><E108/><V6/><F124/><W42/><G42/><T62/><D109/><U111/><E111/><V105/><F73/><W76/><G68/><T80/><D107/><U95/><E125/><V67/><F67/><W102/><G1/><T75/><D39/><U81/><E81/><V132/><F132/><W26/><G7/><T0/><D0/><U33/><E119/><V17/><F105/><W118/><G118/><T48/><D38/><U72/><E72/><V78/><F78/><W40/><G40/><T66/><D75/><U24/><E12/><V89/><F104/><W57/><G26/><N who="1" m="9770" /><E33/><V35/><F35/><W100/><G100/><N who="0" m="38475" /><D114/><U4/><E4/><V60/><F6/><W83/><AGARI ba="0,0" hai="10,14,18,29,30,53,57,63,76,83,85,92,99,102" machi="83" ten="30,2000,0" yaku="0,1,8,1" doraHai="110" who="3" fromWho="3" sc="49,-10,160,-5,397,-5,394,20" /><INIT seed="5,0,0,2,1,44" ten="39,155,392,414" oya="1" hai0="99,130,68,30,58,101,93,117,134,86,133,32,102" hai1="108,20,77,31,120,66,104,105,125,124,4,63,40" hai2="26,98,112,118,9,61,88,132,128,46,7,12,23" hai3="49,60,38,116,39,122,0,62,1,55,107,47,127"/><U22/><E120/><V29/><F118/><W25/><G122/><T34/><D68/><U121/><E121/><V17/><F132/><W90/><G116/><T21/><D117/><U87/><E4/><V69/><F128/><W131/><G131/><T48/><D130/><U19/><E40/><V18/><F112/><W16/><G107/><T51/><D102/><U41/><E41/><V100/><F46/><W67/><G127/><N who="1" m="48714" /><E31/><V74/><F74/><W37/><G62/><T114/><D114/><U79/><E108/><V71/><F88/><W42/><G90/><T83/><D34/><U135/><E135/><N who="0" m="51721" /><D58/><N who="1" m="37239" /><E22/><V80/><F80/><W11/><G42/><T14/><D32/><U33/><E33/><V84/><F84/><W53/><G55/><T36/><D36/><U92/><E92/><V50/><F71/><W91/><G91/><N who="0" m="51679" /><D30/><U70/><E70/><V96/><F69/><W119/><G119/><T2/><D2/><U85/><E85/><V95/><F98/><W103/><G103/><T43/><D43/><U27/><E87/><V106/><F106/><AGARI ba="0,0" hai="19,20,27,77,79,104,105,106" m="37239,48714" machi="106" ten="30,1500,0" yaku="18,1" doraHai="44" who="1" fromWho="2" sc="39,0,155,15,392,-15,414,0" /><INIT seed="5,1,0,2,5,0" ten="39,170,377,414" oya="1" hai0="69,64,84,90,98,52,24,12,60,31,117,47,61" hai1="42,74,22,35,32,102,124,66,87,113,101,85,17" hai2="128,96,18,114,67,123,133,43,80,62,126,68,23" hai3="127,75,37,56,57,26,2,25,121,19,122,92,129"/><U36/><E74/><V104/><F123/><W29/><G37/><T77/><D117/><U59/><E36/><V82/><F82/><W44/><G75/><T110/><D110/><U72/><E72/><V16/><F133/><W13/><G2/><T28/><D77/><U99/><E42/><V107/><F128/><W115/><G129/><T33/><D31/><U27/><E113/><V49/><F114/><W76/><G115/><T134/><D134/><U88/><E124/><V86/><F126/><W70/><G127/><T91/><D12/><U5/><E5/><V58/><F96/><W71/><G92/><T63/><D90/><U9/><E9/><V112/><F112/><W6/><G44/><T48/><D84/><N who="1" m="32331" /><E32/><V130/><F130/><W103/><G19/><T116/><D116/><U89/><E35/><V4/><F4/><W106/><G6/><T120/><D120/><U108/><E108/><V79/><F18/><W135/><G135/><T20/><D20/><U73/><E73/><V109/><F109/><W21/><G21/><T51/><D48/><U14/><E14/><V30/><F30/><W38/><G13/><T15/><D15/><U45/><E45/><V3/><F3/><W41/><G38/><T54/><D54/><U11/><E11/><V81/><F80/><W132/><G132/><T39/><D39/><U34/><E34/><V118/><F118/><W93/><G29/><T53/><D53/><U94/><E102/><V46/><REACH who="2" step="1"/><F68/><REACH who="2" step="2"/><W131/><G71/><T95/><AGARI ba="1,1" hai="24,28,33,47,51,52,60,61,63,64,69,91,95,98" machi="95" ten="30,2000,0" yaku="0,1,54,1" doraHai="0" who="0" fromWho="0" sc="39,33,170,-11,367,-6,414,-6" /><INIT seed="6,0,0,5,5,82" ten="72,159,361,408" oya="2" hai0="135,5,11,24,20,23,101,129,63,22,25,108,72" hai1="132,32,87,43,83,1,126,68,79,12,96,114,94" hai2="133,49,112,40,14,95,78,130,48,38,28,0,29" hai3="15,41,90,18,66,57,27,46,33,134,99,64,4"/><V16/><F0/><W7/><G33/><T121/><D72/><U10/><E1/><V107/><F107/><W59/><G134/><T70/><D101/><U81/><E68/><V80/><F133/><W125/><G27/><T92/><D135/><U44/><E132/><V131/><F112/><W93/><G125/><T89/><D121/><U110/><E110/><V55/><F95/><W45/><G41/><T123/><D123/><U30/><E114/><V13/><F38/><W69/><G69/><T71/><D108/><U128/><E128/><N who="2" m="49195" /><F40/><W36/><G36/><T6/><D129/><U60/><E60/><V61/><F61/><W105/><G105/><T37/><D37/><U117/><E83/><V34/><F34/><W74/><G74/><T111/><D111/><U88/><E117/><V113/><F113/><W102/><G102/><T54/><D71/><U75/><E32/><V65/><F65/><N who="3" m="25195" /><G59/><T9/><D70/><U51/><E30/><N who="2" m="11883" /><F55/><W85/><G57/><T67/><D67/><U42/><E42/><V2/><F2/><W100/><G4/><N who="0" m="1643" /><D54/><U84/><E126/><V86/><F13/><W103/><G7/><AGARI ba="0,0" hai="7,10,12,43,44,51,75,79,81,84,87,88,94,96" machi="7" ten="30,7700,0" yaku="7,1,52,2,54,1" doraHai="82" who="1" fromWho="3" sc="72,0,159,77,361,0,408,-77" /><INIT seed="7,0,0,3,0,30" ten="72,236,361,331" oya="3" hai0="81,120,69,99,76,57,105,47,42,102,55,22,9" hai1="106,70,53,78,19,4,94,128,37,39,28,0,109" hai2="66,21,119,97,46,48,60,63,115,5,50,82,51" hai3="100,58,43,16,12,95,79,36,80,67,10,114,73"/><W127/><G127/><T38/><D120/><U87/><E106/><V135/><F119/><W122/><G114/><T124/><D124/><U13/><E70/><V90/><F135/><W89/><G122/><T75/><D22/><U2/><E109/><V3/><F115/><W61/><G100/><T25/><D55/><U20/><E128/><V92/><F3/><W110/><G110/><T107/><D57/><U113/><E113/><V35/><F35/><W88/><REACH who="3" step="1"/><G95/><REACH who="3" step="2"/><T112/><D112/><U24/><E94/><V93/><F92/><W34/><G34/><T26/><D26/><U54/><E0/><V65/><F93/><W27/><G27/><T1/><D25/><U44/><E87/><V33/><F33/><W103/><G103/><T72/><D107/><U108/><E108/><V104/><F104/><W134/><G134/><T96/><D96/><U68/><E24/><V15/><F97/><W18/><G18/><T52/><D52/><U116/><E19/><V131/><F131/><W41/><G41/><T83/><D83/><U32/><E54/><V86/><F82/><W77/><G77/><T14/><D14/><U133/><E133/><V7/><F15/><W111/><G111/><T31/><D31/><U91/><E53/><V84/><F5/><W23/><G23/><T129/><D129/><U125/><E20/><V123/><F21/><W132/><G132/><T126/><D126/><U6/><E32/><V121/><F7/><W56/><G56/><T118/><D118/><U117/><E117/><V45/><F123/><W59/><G59/><T101/><D101/><RYUUKYOKU ba="0,1" sc="72,-10,236,-10,361,-10,321,30" hai3="10,12,16,36,43,58,61,67,73,79,80,88,89" /><INIT seed="7,1,1,3,2,91" ten="62,226,351,351" oya="3" hai0="16,87,117,113,108,50,48,78,63,103,68,45,122" hai1="130,62,79,28,11,94,73,43,85,115,46,31,123" hai2="114,33,128,89,54,102,5,90,53,10,44,37,18" hai3="34,64,97,111,99,12,32,135,35,121,20,36,92"/><W30/><G121/><T76/><D122/><U38/><E123/><V105/><F33/><W132/><G111/><T21/><D108/><U42/><E42/><V25/><F128/><W120/><G120/><T52/><D117/><U49/><E115/><V83/><F114/><W60/><G36/><T6/><D113/><U47/><E130/><V70/><F70/><W101/><G97/><T125/><D125/><U39/><E39/><V95/><F105/><W2/><G2/><T106/><D6/><U23/><E62/><V72/><F72/><W24/><G12/><T15/><D106/><U98/><E47/><V88/><F83/><W57/><AGARI ba="1,1" hai="20,24,30,32,34,35,57,60,64,92,99,101,132,135" machi="57" ten="40,12000,1" yaku="0,1,25,2,52,1" doraHai="91" who="3" fromWho="3" sc="62,-41,226,-41,351,-41,351,133" owari="21,-48.0,185,-21.0,310,11.0,484,58.0" /></mjloggm>