<mjloggm ver="2.3"><GO type="41"/><UN n0="%6B%6F%6E%73%6F%6E" n1="%EF%BC%88%E2%89%A7%E2%96%BD%E2%89%A6%EF%BC%89" n2="%E3%81%8F%E3%81%BE%E3%81%A3%E3%82%8A%E3%82%89" n3="%E3%81%AB%E3%81%8E%E3%82%8A%E3%81%BF%E3%81%AA%E3%82%89%E3%81%84" dan="14,13,13,13" rate="1876,2008,2006,1841" sx="M,M,M,M"/><TAIKYOKU oya="0"/><INIT seed="0,0,0,1,0,109" ten="250,250,250,250" oya="0" hai0="42,32,91,61,135,107,38,19,75,111,60,45,83" hai1="37,128,87,11,90,48,100,70,72,64,121,120,65" hai2="1,41,76,2,104,24,53,7,3,84,12,97,34" hai3="94,110,134,125,122,114,62,58,80,52,16,49,46"/><T117/><D117/><U86/><E72/><V105/><F53/><W89/><G110/><T26/><D111/><U123/><E37/><V20/><F34/><W54/><G125/><T35/><D107/><U78/><E128/><V33/><F33/><W28/><G134/><T99/><D135/><U101/><E78/><V69/><F69/><W56/><G46/><T133/><D133/><U106/><E106/><V95/><F41/><W129/><G129/><T115/><D115/><U98/><E98/><V74/><F74/><W5/><G122/><T124/><D124/><U47/><E11/><V30/><F12/><W131/><G131/><T126/><D126/><U15/><E15/><V81/><REACH who="2" step="1"/><F7/><REACH who="2" step="2"/><W132/><G132/><T9/><D35/><U17/><E70/><V92/><F92/><W79/><G5/><T118/><D118/><U73/><E123/><V43/><F43/><W68/><G68/><T71/><D71/><U67/><E121/><V51/><F51/><W77/><G49/><T85/><D32/><U29/><E120/><V39/><F39/><W21/><G54/><T6/><D75/><U44/><E48/><V119/><F119/><W127/><G127/><T96/><D61/><U130/><E130/><V108/><F108/><W14/><G62/><T59/><D60/><U116/><E73/><V13/><F13/><W93/><G14/><T40/><D40/><U102/><E116/><V50/><F50/><W23/><G93/><T18/><D59/><U82/><E47/><V103/><AGARI ba="0,1" hai="1,2,3,20,24,30,76,81,84,95,97,103,104,105" machi="103" ten="30,2000,0" yaku="1,1,0,1,53,0" doraHai="109" doraHaiUra="66" who="2" fromWho="2" sc="250,-10,250,-5,240,30,250,-5" /><INIT seed="1,0,0,2,1,78" ten="240,245,270,245" oya="1" hai0="113,57,37,90,35,20,4,40,1,70,55,107,98" hai1="66,135,104,94,50,83,30,95,93,45,54,128,100" hai2="71,14,64,101,91,130,42,24,85,121,133,27,77" hai3="49,26,110,67,69,120,86,99,112,25,122,7,33"/><U60/><E135/><V9/><F121/><W8/><G112/><T97/><D113/><U114/><E114/><V59/><F71/><W125/><G125/><T39/><D35/><U17/><E128/><V6/><F130/><W75/><G75/><T21/><D70/><U134/><E134/><V10/><F101/><W36/><G36/><T129/><D129/><U5/><E5/><V16/><F42/><W63/><G110/><T119/><D119/><U92/><E30/><V68/><F68/><W88/><G49/><N who="0" m="30959" /><D1/><U58/><E17/><V89/><F133/><W80/><G99/><N who="0" m="37899" /><D39/><U3/><E3/><V15/><F77/><W132/><G132/><T62/><D107/><U12/><E104/><V127/><F89/><W115/><G115/><T43/><D37/><U0/><E0/><V102/><F102/><W38/><G38/><T79/><D79/><U65/><E100/><V47/><F47/><W22/><G33/><T87/><D4/><U52/><N who="1" m="24064" /><DORA hai="109" /><U82/><E12/><V19/><F6/><W32/><G32/><T31/><D62/><U28/><E28/><V53/><F64/><AGARI ba="0,0" hai="45,50,52,54,58,60,64,65,66,82,83" m="24064" machi="64" ten="50,12000,1" yaku="8,1,52,2,54,1" doraHai="78,109" who="1" fromWho="2" sc="240,0,245,120,270,-120,245,0" /><INIT seed="1,1,0,4,1,106" ten="240,365,150,245" oya="1" hai0="86,72,25,107,41,122,104,3,96,82,28,7,4" hai1="31,54,103,76,17,133,101,78,100,91,56,5,75" hai2="20,35,30,47,23,59,12,135,80,50,49,105,6" hai3="46,64,109,88,55,128,63,58,38,10,71,39,111"/><U19/><E133/><V53/><F105/><W67/><G10/><T2/><D122/><U73/><E31/><V99/><F135/><W93/><G128/><T89/><D41/><U87/><E5/><V121/><F121/><W24/><G24/><T90/><D96/><U15/><E78/><V129/><F129/><W118/><G118/><T124/><D124/><U94/><E76/><V40/><F80/><W0/><G0/><T9/><D104/><U125/><E125/><V74/><F74/><W68/><G46/><T1/><D107/><U116/><E116/><V110/><F110/><N who="3" m="41995" /><G67/><T131/><D131/><U45/><E45/><V69/><F69/><N who="3" m="42143" /><G93/><T34/><D72/><U97/><E97/><V8/><F35/><W95/><G88/><T18/><D90/><U51/><REACH who="1" step="1"/><E19/><REACH who="1" step="2"/><V37/><F99/><W127/><G127/><T33/><REACH who="0" step="1"/><D34/><REACH who="0" step="2"/><U48/><E48/><V32/><F50/><W113/><G113/><T27/><D27/><U57/><E57/><V123/><F123/><W134/><G134/><T70/><D70/><U36/><E36/><V117/><F117/><W79/><G71/><T42/><D42/><U115/><E115/><V61/><F37/><W21/><G68/><T126/><D126/><U77/><E77/><V44/><F44/><W65/><G58/><T81/><D81/><U16/><E16/><V85/><F32/><W13/><G79/><T29/><D29/><U108/><E108/><V60/><F30/><W119/><G39/><T22/><D22/><AGARI ba="1,2" hai="15,17,22,51,54,56,73,75,87,91,94,100,101,103" machi="22" ten="40,12000,1" yaku="1,1,25,2,52,2,53,0" doraHai="106" doraHaiUra="132" who="1" fromWho="0" sc="230,-123,355,143,150,0,245,0" /><INIT seed="1,2,0,3,1,16" ten="107,498,150,245" oya="1" hai0="28,27,20,83,29,116,4,36,73,60,81,19,63" hai1="102,95,71,47,18,48,42,120,14,99,82,6,33" hai2="31,132,2,56,58,11,127,91,55,9,22,59,129" hai3="123,61,115,30,57,87,114,106,130,40,37,121,50"/><U124/><E120/><V0/><F127/><W135/><G106/><T12/><D116/><U5/><E124/><V53/><F129/><W100/><G100/><T15/><D36/><U119/><E119/><V13/><F132/><W126/><G126/><T93/><D73/><U72/><E33/><V17/><F31/><W8/><G135/><T111/><D111/><U108/><E108/><V107/><F107/><W39/><G130/><T44/><D44/><U110/><E110/><V113/><F113/><W45/><G8/><T109/><D109/><U128/><E128/><V118/><F118/><W51/><G51/><T66/><D93/><U54/><E71/><V26/><F91/><W90/><G30/><T25/><D63/><U86/><E42/><V38/><F38/><W117/><G117/><T41/><D41/><U122/><E72/><V85/><F85/><W69/><G69/><T125/><D125/><U84/><E122/><V88/><F0/><W76/><G123/><T24/><D4/><N who="1" m="1643" /><E82/><V103/><F2/><W70/><G121/><T43/><D43/><U133/><E133/><V89/><F103/><W74/><G74/><T7/><D7/><U1/><E1/><V80/><F80/><W62/><G115/><T32/><D12/><U23/><AGARI ba="2,0" hai="14,18,23,47,48,54,84,86,95,99,102" m="1643" machi="23" ten="30,3000,0" yaku="8,1,52,1" doraHai="16" who="1" fromWho="1" sc="107,-12,498,36,150,-12,245,-12" /><INIT seed="1,3,0,4,0,11" ten="95,534,138,233" oya="1" hai0="80,79,60,114,56,27,10,68,67,52,23,48,86" hai1="51,76,133,115,21,36,98,32,29,43,16,73,50" hai2="91,14,103,125,105,3,89,8,33,131,63,84,116" hai3="12,4,85,92,15,111,9,7,126,78,57,82,87"/><U120/><E120/><V55/><F116/><W46/><G111/><T5/><D114/><U124/><E115/><V74/><F74/><W69/><G69/><T88/><D27/><U19/><E133/><V1/><F33/><W44/><G126/><T97/><D23/><U34/><E124/><V58/><F125/><W35/><G35/><T129/><D129/><U38/><E21/><V75/><F75/><W13/><G57/><T106/><D106/><U117/><E117/><V61/><F131/><W130/><G130/><T96/><REACH who="0" step="1"/><D79/><REACH who="0" step="2"/><U54/><E34/><V135/><F105/><W41/><G41/><T0/><AGARI ba="3,1" hai="0,5,10,48,52,56,60,67,68,80,86,88,96,97" machi="0" ten="20,12000,2" yaku="1,1,2,1,0,1,7,1,54,2,53,0" doraHai="11" doraHaiUra="22" who="0" fromWho="0" sc="85,139,534,-63,138,-33,233,-33" /><INIT seed="2,0,0,0,3,43" ten="224,471,105,200" oya="2" hai0="51,96,112,86,124,59,55,101,16,62,119,103,27" hai1="66,3,44,94,131,13,79,2,70,58,76,84,26" hai2="111,92,121,123,80,10,12,63,34,48,52,106,99" hai3="38,71,35,6,122,53,89,133,17,129,54,28,113"/><V23/><F34/><W75/><G122/><T40/><D112/><U24/><E131/><V25/><F106/><W30/><G129/><T0/><D0/><U93/><E70/><V98/><F80/><W4/><G113/><T83/><D119/><U9/><E66/><V91/><F63/><W110/><G75/><T32/><D124/><U128/><E128/><V41/><F41/><W50/><G38/><T39/><D39/><U18/><E58/><V33/><F33/><W14/><G71/><T31/><D96/><U36/><E36/><V97/><F111/><W105/><G105/><T42/><D42/><U61/><E61/><V20/><F123/><W1/><G1/><T56/><D40/><U118/><E118/><V77/><F77/><W135/><G110/><T19/><D101/><U87/><E18/><N who="2" m="8471" /><F121/><W49/><G35/><T72/><D103/><U60/><E60/><V67/><F67/><W90/><G17/><T46/><D72/><U78/><E78/><V21/><F25/><W8/><G8/><T22/><D32/><U29/><E9/><V109/><F109/><W126/><REACH who="3" step="1"/><G14/><REACH who="3" step="2"/><T88/><REACH who="0" step="1"/><D56/><AGARI ba="0,1" hai="20,21,23,48,52,56,91,92,97,98,99" m="8471" machi="56" ten="30,2900,0" yaku="8,1,54,1" doraHai="43" who="2" fromWho="0" sc="224,-29,471,0,105,39,190,0" /><INIT seed="2,1,0,5,4,33" ten="195,471,144,190" oya="2" hai0="135,73,109,22,55,53,61,1,72,119,122,80,85" hai1="132,99,84,126,68,118,56,58,112,27,26,110,0" hai2="117,125,113,101,24,124,20,78,130,82,52,3,21" hai3="19,90,106,13,129,115,57,17,64,83,59,107,40"/><V44/><F117/><W10/><G129/><T63/><D122/><U60/><E118/><V74/><F113/><W4/><G115/><T38/><D119/><U87/><E112/><V37/><F130/><W89/><G40/><T7/><D38/><U120/><E120/><V100/><F3/><W95/><G83/><T62/><D135/><U79/><E132/><V123/><F123/><W14/><G4/><T18/><D109/><U30/><E110/><V108/><F108/><W12/><G12/><T36/><D36/><U88/><E126/><N who="2" m="48747" /><F20/><W114/><G114/><T133/><D133/><U31/><E68/><V43/><F52/><W76/><G76/><T128/><D128/><U75/><E75/><V71/><F71/><W39/><G39/><T111/><D111/><U46/><E79/><V92/><F92/><W49/><G64/><T94/><D94/><U102/><E60/><V16/><AGARI ba="1,0" hai="16,21,24,37,43,44,74,78,82,100,101" m="48747" machi="16" ten="30,3000,0" yaku="18,1,54,1" doraHai="33" who="2" fromWho="2" sc="195,-11,471,-11,144,33,190,-11" /><INIT seed="2,2,0,5,0,32" ten="184,460,177,179" oya="2" hai0="52,33,3,118,126,106,36,135,95,92,63,72,5" hai1="53,9,31,73,121,18,26,21,14,130,74,128,78" hai2="35,20,22,64,102,116,68,100,30,34,54,107,48" hai3="49,93,70,127,69,85,38,60,71,47,51,110,17"/><V80/><F116/><W6/><G110/><T75/><D118/><U16/><E121/><V41/><F41/><W15/><G127/><T77/><D126/><U44/><E78/><V79/><F64/><W90/><G38/><T50/><D106/><U0/><E0/><V55/><F68/><W112/><G6/><T24/><D135/><U94/><E94/><V27/><F107/><W29/><G29/><T86/><D36/><U89/><E89/><V42/><F42/><W103/><G103/><T58/><D75/><U115/><E115/><V8/><F8/><W132/><G132/><T28/><D72/><U2/><E2/><V67/><F67/><W114/><G60/><T120/><D120/><U45/><E45/><V109/><F109/><W7/><G7/><T61/><D95/><U11/><E11/><V125/><F125/><W91/><G91/><T19/><D19/><U76/><E18/><V40/><F40/><W43/><REACH who="3" step="1"/><G51/><REACH who="3" step="2"/><T105/><D105/><U62/><E62/><V97/><F48/><W82/><G82/><T12/><D63/><U104/><E31/><V83/><F30/><W123/><G123/><T81/><D61/><U108/><E108/><V25/><F79/><W87/><G87/><T98/><D5/><U39/><E76/><V134/><F134/><W101/><G101/><T99/><D99/><AGARI ba="2,1" hai="20,22,25,27,34,35,54,55,80,83,97,99,100,102" machi="99" ten="25,2400,0" yaku="22,2" doraHai="32" who="2" fromWho="0" sc="184,-30,460,0,177,40,169,0" /><INIT seed="2,3,0,3,0,93" ten="154,460,217,169" oya="2" hai0="3,5,68,121,22,115,15,89,29,65,111,97,45" hai1="60,90,41,82,30,12,37,39,10,116,86,124,32" hai2="11,58,50,103,87,51,21,35,106,72,67,46,59" hai3="76,69,36,120,40,27,79,134,54,92,75,28,49"/><V99/><F35/><W129/><G120/><T52/><D121/><U113/><E113/><V104/><F72/><W1/><G1/><T110/><D115/><U31/><E116/><V132/><F132/><W8/><G69/><T117/><D117/><U2/><E2/><V6/><F106/><W7/><G134/><T98/><D65/><U85/><E32/><V55/><F21/><W91/><G129/><T13/><D68/><U70/><E70/><V53/><F87/><W112/><G112/><T57/><D45/><U109/><E86/><V94/><F67/><W118/><G118/><T16/><D3/><U78/><E124/><V102/><F46/><W77/><G75/><T42/><D42/><U43/><E109/><V24/><BYE who="0" /><F24/><W73/><G73/><T133/><D133/><U131/><E131/><V126/><F126/><W56/><G36/><UN n0="%6B%6F%6E%73%6F%6E" /><T71/><D71/><U9/><E60/><V17/><F17/><W88/><BYE who="2" /><G40/><N who="1" m="15434" /><E39/><V61/><F61/><W33/><G92/><T84/><D29/><U80/><E9/><V4/><F4/><W130/><G130/><T119/><D119/><U23/><E37/><V100/><F100/><W81/><G81/><T105/><D105/><U108/><E80/><V83/><F83/><W114/><G114/><T64/><D64/><U125/><E82/><V74/><F74/><W47/><G47/><UN n2="%E3%81%8F%E3%81%BE%E3%81%A3%E3%82%8A%E3%82%89" /><T48/><D13/><U123/><E125/><V0/><F104/><W122/><G122/><T25/><D5/><N who="1" m="3151" /><E123/><V20/><F20/><W63/><G63/><T96/><D25/><U128/><E128/><V34/><F34/><RYUUKYOKU ba="3,0" sc="154,10,460,-30,217,10,169,10" hai0="15,16,22,48,52,57,84,89,96,97,98,110,111" hai2="0,6,11,50,51,53,55,58,59,94,99,102,103" hai3="7,8,27,28,33,49,54,56,76,77,79,88,91" /><INIT seed="2,4,0,1,5,71" ten="164,430,227,179" oya="2" hai0="115,6,80,40,4,84,78,32,39,38,117,21,85" hai1="101,2,10,125,58,104,83,102,31,43,106,87,126" hai2="24,41,109,59,120,46,111,5,30,23,53,61,86" hai3="55,113,25,108,91,69,28,94,14,51,16,118,76"/><V37/><F120/><W112/><G118/><T66/><D115/><N who="3" m="44105" /><G108/><N who="2" m="41545" /><F86/><N who="3" m="52599" /><G69/><T75/><D32/><U79/><E31/><V92/><F92/><W82/><G82/><T110/><D110/><U49/><E2/><V131/><F5/><W74/><G76/><T114/><D114/><U98/><E10/><V54/><F131/><W67/><G67/><AGARI ba="4,0" hai="23,24,30,37,41,46,53,54,59,61,67" m="41545" machi="67" ten="30,5800,0" yaku="14,1,10,1,52,1" doraHai="71" who="2" fromWho="3" sc="164,0,430,0,227,70,179,-70" /><INIT seed="2,5,0,1,4,131" ten="164,430,297,109" oya="2" hai0="94,81,14,74,24,127,51,124,7,107,53,114,59" hai1="15,132,43,41,63,69,56,20,80,42,98,34,78" hai2="16,58,133,125,79,31,39,77,135,123,49,87,5" hai3="92,68,18,111,96,28,89,27,115,13,66,64,84"/><V101/><F123/><W22/><G111/><T91/><D114/><U104/><E132/><N who="2" m="50763" /><F39/><W95/><G115/><T33/><D107/><U45/><E34/><V119/><F119/><W60/><G60/><T97/><D33/><U129/><E69/><V126/><F5/><W109/><G109/><T121/><D121/><U57/><E129/><V38/><F38/><W65/><G68/><T8/><D24/><U108/><E108/><V128/><F31/><W23/><REACH who="3" step="1"/><G65/><REACH who="3" step="2"/><T93/><REACH who="0" step="1"/><D94/><REACH who="0" step="2"/><U103/><E63/><V46/><F128/><W9/><G9/><T3/><D3/><U30/><E104/><V130/><F130/><W54/><G54/><T4/><D4/><U21/><E42/><V75/><F125/><W106/><G106/><T71/><D71/><U12/><E43/><V48/><F126/><W120/><G120/><T82/><D82/><U29/><E80/><V83/><F83/><W102/><AGARI ba="5,2" hai="13,18,22,23,27,28,64,66,84,89,92,95,96,102" machi="102" ten="20,5200,0" yaku="1,1,0,1,7,1,8,1,53,0" doraHai="131" doraHaiUra="40" who="3" fromWho="3" sc="154,-18,430,-18,297,-31,99,87" /><INIT seed="3,0,0,4,1,73" ten="136,412,266,186" oya="3" hai0="0,121,113,57,129,11,76,50,116,33,74,10,46" hai1="61,26,99,21,128,14,64,125,127,17,92,30,47" hai2="110,62,13,106,6,81,102,24,75,58,107,45,86" hai3="112,34,90,82,124,78,123,89,51,83,12,72,66"/><W98/><G123/><T22/><D121/><U53/><E128/><V1/><F1/><W18/><G112/><T40/><D129/><U8/><E47/><V67/><F110/><W35/><G124/><N who="1" m="47690" /><E53/><V70/><F75/><W114/><G114/><T49/><D113/><U59/><E92/><V134/><F134/><W88/><G98/><AGARI ba="0,0" hai="8,14,17,21,26,30,59,61,64,98,99" m="47690" machi="98" ten="30,1000,0" yaku="18,1" doraHai="73" who="1" fromWho="3" sc="136,0,412,10,266,0,186,-10" /><INIT seed="4,0,0,0,3,104" ten="136,422,266,176" oya="0" hai0="120,34,88,57,61,121,107,90,102,20,64,14,53" hai1="0,62,55,31,81,30,73,60,119,75,97,21,2" hai2="113,56,118,13,115,11,127,67,12,38,122,96,44" hai3="111,19,15,3,1,26,101,39,37,83,35,132,87"/><T78/><D34/><U4/><E119/><V130/><F118/><W40/><G111/><T89/><D78/><U109/><E109/><V69/><F69/><W49/><G132/><T126/><D126/><U92/><E81/><V100/><F122/><W80/><G101/><T65/><D65/><U95/><E55/><V133/><F127/><W27/><G35/><T51/><D102/><U8/><E21/><V74/><F74/><W93/><G93/><T17/><REACH who="0" step="1"/><D107/><REACH who="0" step="2"/><U84/><E97/><V94/><F96/><W50/><G87/><T79/><D79/><U117/><E84/><V33/><F100/><W59/><G39/><T99/><D99/><U43/><E117/><V52/><F33/><W77/><G37/><T105/><D105/><U47/><E75/><V112/><F38/><W86/><G86/><T98/><D98/><U135/><E73/><V124/><F124/><W66/><G77/><T123/><D123/><U41/><E95/><V22/><F94/><W36/><G66/><T24/><D24/><U6/><E92/><V42/><F113/><W54/><G26/><T128/><D128/><U72/><E72/><V70/><F130/><W18/><G27/><T110/><D110/><U5/><E135/><V9/><F133/><W29/><G83/><T23/><D23/><U103/><E103/><V129/><F22/><W76/><G80/><T16/><D16/><U32/><E32/><V106/><F129/><W125/><G19/><T134/><D134/><U116/><E116/><V114/><F112/><W45/><G125/><T48/><D48/><U131/><E131/><RYUUKYOKU ba="0,1" sc="126,30,422,-10,266,-10,176,-10" hai0="14,17,20,51,53,57,61,64,88,89,90,120,121" /><INIT seed="4,1,1,3,0,91" ten="156,412,256,166" oya="0" hai0="25,94,84,95,43,83,31,38,56,100,12,14,66" hai1="96,122,67,108,70,49,135,9,54,59,63,76,53" hai2="109,77,112,24,2,68,115,58,129,104,106,128,102" hai3="72,55,99,133,34,5,3,29,64,32,89,131,123"/><T81/><D38/><U35/><E122/><V78/><F2/><W132/><G123/><T37/><D37/><U10/><E108/><V75/><F68/><W19/><G72/><T80/><D43/><U119/><E119/><V101/><F24/><W93/><G131/><N who="2" m="50249" /><F58/><W48/><G64/><T50/><D84/><U120/><E120/><V21/><F21/><W117/><G117/><T0/><D0/><U8/><E135/><N who="3" m="51786" /><G19/><T126/><D126/><U16/><E35/><V86/><F109/><W6/><G29/><T28/><D100/><N who="2" m="38506" /><F86/><W45/><G3/><T105/><D105/><N who="2" m="40554" /><F75/><W42/><G42/><T65/><D25/><U134/><E134/><V125/><F125/><W36/><G36/><T20/><D20/><U90/><E70/><V113/><AGARI ba="1,1" hai="77,78,112,113,115" m="40554,38506,50249" machi="113" ten="40,12000,2" yaku="28,2,15,1,19,1,34,2" doraHai="91" who="2" fromWho="2" sc="156,-61,412,-31,256,133,166,-31" /><INIT seed="5,0,0,1,1,22" ten="95,381,389,135" oya="1" hai0="108,126,104,89,60,102,45,113,17,111,23,112,40" hai1="4,69,6,87,39,56,19,53,1,94,100,124,79" hai2="43,12,36,3,10,74,135,86,26,117,109,99,96" hai3="51,119,54,24,21,66,127,11,105,121,118,93,82"/><U2/><E39/><V123/><F123/><W0/><G121/><T50/><D104/><U103/><E69/><V114/><F117/><N who="3" m="44555" /><G105/><T77/><D77/><U47/><E124/><V67/><F3/><W88/><G127/><T131/><D126/><U134/><E134/><V55/><F74/><W72/><G66/><T30/><D102/><N who="1" m="38955" /><E2/><V44/><F135/><W71/><G71/><T18/><D89/><N who="1" m="53567" /><E1/><V83/><F67/><W133/><G133/><T9/><D60/><N who="1" m="35855" /><E79/><V98/><F55/><W15/><G82/><T32/><D32/><U61/><E61/><V129/><F36/><W5/><G72/><T59/><D59/><U52/><E19/><V20/><F44/><W27/><G0/><T64/><D64/><U63/><E63/><V31/><F43/><W122/><G122/><T62/><D62/><U34/><E34/><V91/><F98/><N who="3" m="57639" /><G21/><T65/><D65/><U92/><E92/><V76/><F76/><W13/><G13/><T57/><D57/><AGARI ba="0,0" hai="5,11,15,24,27,51,54,57" m="57639,44555" machi="57" ten="30,7700,0" yaku="12,1,52,2,54,1" doraHai="22" who="3" fromWho="0" sc="95,-77,381,0,389,0,135,77" /><INIT seed="6,0,0,1,5,36" ten="18,381,389,212" oya="2" hai0="39,68,44,63,3,70,102,96,86,65,52,80,53" hai1="62,106,109,17,25,112,83,89,11,21,4,48,94" hai2="2,91,93,51,85,114,50,16,71,12,69,98,124" hai3="92,78,49,30,31,67,54,115,6,74,5,23,43"/><V90/><F2/><W116/><G116/><T125/><D3/><U132/><E109/><V60/><F114/><W82/><G115/><T45/><D125/><U1/><E112/><V40/><F124/><W127/><G127/><T33/><D33/><U24/><E132/><V126/><F126/><W104/><G104/><T134/><D134/><U131/><E106/><V76/><F76/><W105/><G105/><T13/><D13/><U26/><E131/><V29/><F29/><W110/><G110/><T42/><D102/><U72/><E62/><V34/><F34/><W61/><G43/><T81/><D96/><U59/><E59/><V8/><F40/><W55/><G55/><T28/><D28/><U100/><E100/><V84/><F71/><W119/><G92/><T79/><D81/><U87/><REACH who="1" step="1"/><E48/><REACH who="1" step="2"/><N who="2" m="18475" /><F60/><W15/><G61/><T111/><D111/><U77/><AGARI ba="0,1" hai="1,4,11,17,21,24,25,26,72,77,83,87,89,94" machi="77" ten="30,2000,0" yaku="1,1,0,1,53,0" doraHai="36" doraHaiUra="9" who="1" fromWho="1" sc="18,-5,371,30,389,-10,212,-5" /><INIT seed="7,0,0,1,0,63" ten="13,401,379,207" oya="3" hai0="35,110,115,17,122,2,92,67,125,20,93,129,91" hai1="11,121,44,51,98,83,102,131,130,88,56,103,41" hai2="124,95,79,90,57,73,58,96,1,127,60,119,59" hai3="54,107,19,78,55,37,100,114,116,62,30,10,32"/><W123/><G116/><T6/><D67/><U15/><E121/><V132/><F1/><W113/><G123/><T14/><D92/><N who="1" m="56583" /><E83/><V21/><F119/><W27/><G37/><T75/><D93/><U0/><E0/><V86/><F132/><W70/><G78/><T106/><D91/><U135/><E135/><V128/><F128/><N who="1" m="49193" /><E56/><V105/><F21/><W47/><G47/><T9/><D115/><N who="3" m="44041" /><G10/><T40/><D40/><U26/><E26/><V76/><F60/><W134/><G134/><T18/><D106/><U117/><E117/><V22/><F22/><W36/><G36/><T34/><D75/><U5/><AGARI ba="0,0" hai="5,11,15,41,44,51,102,103" m="49193,56583" machi="5" ten="30,2000,0" yaku="19,1,54,1" doraHai="63" who="1" fromWho="1" sc="13,-5,401,20,379,-5,207,-10" owari="8,-49,421,52,374,17,197,-20" /></mjloggm>