<mjloggm ver="2.3"><GO type="41"/><UN n0="%E3%83%9C%E3%83%8B%E3%82%A8%E3%82%AF" n1="%EF%BC%88%E2%89%A7%E2%96%BD%E2%89%A6%EF%BC%89" n2="%E9%A2%A8%E8%B6%8A%E3%82%AD%E3%83%A3%E3%83%97%E3%83%86%E3%83%B3" n3="%E8%83%8C%E4%B8%AD%E3%82%B9%E3%82%A4%E3%83%83%E3%83%81" dan="14,15,13,14" rate="1913,2011,1951,1910" sx="M,M,F,M"/><TAIKYOKU oya="0"/><INIT seed="0,0,0,4,3,45" ten="250,250,250,250" oya="0" hai0="118,3,4,122,92,110,87,115,39,82,13,96,94" hai1="14,12,68,85,129,42,36,100,98,5,24,57,62" hai2="127,79,34,105,126,107,9,0,80,71,89,22,20" hai3="125,67,113,81,32,72,70,6,91,133,124,7,50"/><T111/><D39/><U77/><E129/><V102/><F34/><W49/><G32/><T10/><D122/><U135/><E68/><V61/><F89/><W60/><G113/><T44/><D115/><U53/><E135/><V112/><F112/><W27/><G133/><T18/><D118/><U59/><E24/><V131/><F131/><W109/><G27/><T33/><D33/><U93/><E5/><N who="3" m="1546" /><G109/><N who="0" m="41483" /><D44/><U52/><E42/><V46/><F9/><W58/><G70/><T17/><D3/><U76/><E36/><V29/><F0/><W25/><G25/><T65/><D65/><U120/><E120/><V90/><F46/><W64/><G67/><T35/><D35/><U84/><E84/><V30/><F71/><W43/><G43/><T28/><D28/><U132/><E132/><V1/><F1/><W74/><G74/><T108/><D108/><U119/><E119/><V66/><F30/><W101/><G101/><N who="0" m="60551" /><D94/><U121/><E121/><V73/><F29/><W69/><G69/><T128/><D128/><U63/><REACH who="1" step="1"/><E85/><REACH who="1" ten="250,240,250,250" step="2"/><N who="2" m="50471" /><F73/><W106/><G72/><T2/><D2/><U23/><E23/><V31/><F22/><W56/><G106/><T40/><D40/><U88/><E88/><AGARI ba="0,1" hai="4,10,13,17,18,82,87,88" m="60551,41483" machi="88" ten="30,5800,0" yaku="14,1,10,1,54,1" doraHai="45" who="0" fromWho="1" sc="250,68,240,-58,250,0,250,0" /><INIT seed="0,1,0,4,4,62" ten="318,182,250,250" oya="0" hai0="48,121,50,33,53,30,59,26,47,19,85,120,61" hai1="108,73,5,65,36,74,67,135,70,79,82,11,2" hai2="125,126,112,66,127,122,76,68,1,69,114,93,14" hai3="113,55,15,81,40,9,105,96,101,89,60,116,109"/><T17/><D120/><U20/><E108/><V98/><F1/><W134/><G109/><T123/><D123/><U32/><E135/><V43/><F122/><W129/><G134/><T128/><D128/><U91/><E32/><V25/><F76/><W102/><G129/><T117/><D117/><U107/><E36/><V23/><F14/><W44/><G116/><T12/><D121/><U3/><E107/><V34/><F43/><W27/><G113/><T51/><D85/><U77/><E2/><V24/><F34/><W78/><G27/><N who="2" m="10313" /><F23/><W64/><G55/><T92/><D92/><U58/><E70/><N who="2" m="27243" /><F66/><W75/><G89/><AGARI ba="1,0" hai="89,93,98,112,114,125,126,127" m="27243,10313" machi="89" ten="40,1300,0" yaku="18,1" doraHai="62" who="2" fromWho="3" sc="318,0,182,0,250,16,250,-16" /><INIT seed="1,0,0,0,4,118" ten="318,182,266,234" oya="1" hai0="23,32,96,59,17,114,87,71,33,79,97,90,47" hai1="43,85,93,55,63,77,45,3,65,16,102,62,25" hai2="9,70,67,115,73,72,6,41,134,58,86,54,26" hai3="94,88,21,22,1,15,92,106,46,74,69,10,37"/><U109/><E3/><V57/><F134/><W8/><G106/><T124/><D71/><U19/><E109/><V133/><F133/><W111/><G74/><T121/><D114/><U82/><E55/><V31/><F70/><W51/><G69/><T35/><D79/><U53/><E53/><V129/><F129/><W108/><G37/><T98/><D124/><U125/><E125/><V66/><F41/><W18/><G94/><T76/><D76/><U130/><E130/><V4/><F86/><W24/><G10/><T68/><D68/><U40/><E65/><V120/><F54/><W131/><G131/><T99/><D99/><N who="1" m="59759" /><E45/><V13/><F9/><W38/><G38/><T2/><D2/><U112/><E112/><V34/><F13/><W127/><G127/><T52/><D47/><U36/><E36/><V39/><F39/><W81/><G1/><T110/><D110/><N who="3" m="42025" /><G24/><T49/><D121/><U135/><E135/><V83/><F26/><W89/><G81/><T126/><D126/><U60/><E25/><V56/><F83/><W80/><G80/><T132/><D132/><U50/><E50/><V105/><F105/><W116/><G116/><T101/><D101/><U100/><E100/><V44/><F115/><W29/><G29/><T64/><D64/><U48/><E48/><V84/><F31/><W11/><G11/><T7/><D7/><N who="2" m="2602" /><F66/><W5/><G5/><T123/><D123/><U128/><E128/><V61/><F120/><W75/><G75/><T27/><D35/><U107/><E107/><V122/><F34/><W12/><G8/><T14/><D27/><RYUUKYOKU ba="0,0" sc="318,15,182,15,266,-15,234,-15" hai0="14,17,23,32,33,49,52,59,87,90,96,97,98" hai1="16,19,40,43,60,62,63,77,82,85" /><INIT seed="1,1,0,5,3,22" ten="333,197,251,219" oya="1" hai0="6,39,57,105,49,21,61,104,98,115,81,44,76" hai1="92,19,111,51,14,101,72,3,11,84,109,88,29" hai2="106,35,23,41,131,82,99,73,18,32,30,108,1" hai3="80,45,16,121,62,50,93,0,134,107,95,85,114"/><U66/><E72/><V36/><F108/><N who="1" m="41545" /><E66/><V103/><F1/><W54/><G107/><T135/><D39/><U68/><E68/><V46/><F131/><W70/><G121/><T28/><D115/><U64/><E64/><V2/><F2/><W43/><G0/><T8/><D135/><U77/><E3/><V130/><F30/><W112/><G134/><T128/><D128/><U127/><E127/><V7/><F7/><W40/><G112/><T113/><D113/><U26/><E77/><V38/><F38/><W116/><G116/><T97/><D105/><U17/><E51/><V34/><F130/><W86/><G114/><T60/><D104/><U119/><E119/><V69/><F69/><W75/><G75/><T129/><D129/><U20/><E101/><V124/><F124/><W59/><G85/><N who="0" m="48295" /><D61/><U63/><E63/><V79/><REACH who="2" step="1"/><F34/><REACH who="2" ten="333,197,241,219" step="2"/><W94/><G70/><T65/><D28/><AGARI ba="1,1" hai="11,14,17,19,20,26,28,29,84,88,92" m="41545" machi="28" ten="30,11600,0" yaku="14,1,10,1,52,1,54,1" doraHai="22" who="1" fromWho="0" sc="333,-119,197,129,241,0,219,0" /><INIT seed="1,2,0,5,4,90" ten="214,326,241,219" oya="1" hai0="121,110,126,75,20,58,124,51,26,12,131,62,84" hai1="117,48,41,98,60,38,99,15,95,32,100,46,22" hai2="108,81,97,3,67,127,93,102,88,50,133,23,25" hai3="69,14,31,39,79,94,44,74,101,130,72,9,56"/><U18/><E117/><V66/><F3/><W6/><G69/><T71/><D75/><U85/><E32/><V53/><F108/><W1/><G130/><T104/><D71/><U120/><E120/><V73/><F133/><W107/><G14/><T0/><D0/><U87/><E38/><V116/><F116/><W40/><G31/><T34/><D104/><U122/><E122/><V2/><F2/><W105/><G56/><T70/><D121/><U45/><E45/><N who="2" m="27855" /><F73/><W129/><G129/><T59/><D131/><U43/><E43/><V8/><F8/><W61/><G61/><T47/><D34/><U11/><E60/><V28/><F127/><W7/><G7/><T111/><D12/><U64/><E64/><N who="2" m="24619" /><F81/><N who="3" m="45287" /><G74/><T118/><D118/><U86/><REACH who="1" step="1"/><E99/><AGARI ba="2,0" hai="1,6,9,39,40,44,94,99,101,105,107" m="45287" machi="99" ten="30,2000,0" yaku="25,1,52,1" doraHai="90" who="3" fromWho="1" sc="214,0,326,-26,241,0,219,26" /><INIT seed="2,0,0,0,4,108" ten="214,300,241,245" oya="2" hai0="85,126,84,75,129,48,10,18,132,66,98,4,2" hai1="6,5,90,55,46,44,7,52,86,106,59,45,110" hai2="118,93,12,0,79,35,13,58,21,33,135,17,116" hai3="47,105,61,133,103,49,97,43,67,62,28,36,120"/><V111/><F0/><W68/><G120/><T128/><D75/><U125/><E110/><V73/><F111/><W9/><G133/><T114/><D114/><U121/><E121/><V42/><F135/><W100/><G100/><T94/><D132/><U38/><E125/><V30/><F42/><W65/><G9/><T63/><D126/><U3/><E3/><V8/><F93/><W101/><G101/><T31/><D31/><U40/><E106/><V23/><F58/><W29/><REACH who="3" step="1"/><G36/><REACH who="3" ten="214,300,241,235" step="2"/><T80/><D10/><U102/><E102/><V56/><F118/><W26/><G26/><T91/><D128/><U20/><E20/><V78/><F116/><W64/><G64/><T119/><D66/><U27/><E27/><V95/><F8/><W69/><AGARI ba="0,1" hai="28,29,43,47,49,61,62,65,67,68,69,97,103,105" machi="69" ten="20,5200,0" yaku="1,1,0,1,7,1,9,1,53,0" doraHai="108" doraHaiUra="130" who="3" fromWho="3" sc="214,-13,300,-13,241,-26,235,62" /><INIT seed="3,0,0,5,2,104" ten="201,287,215,297" oya="3" hai0="27,112,15,9,94,90,72,63,99,113,133,18,12" hai1="75,108,119,131,39,85,10,82,127,17,19,126,69" hai2="65,34,29,67,14,100,120,28,54,132,114,45,21" hai3="64,6,93,56,35,95,84,83,44,128,59,0,49"/><W97/><G35/><T32/><D63/><U30/><E69/><V76/><F114/><N who="0" m="44138" /><D133/><U31/><E39/><V1/><F1/><W77/><G128/><T36/><D36/><U102/><E131/><V134/><F100/><W16/><G6/><T68/><D68/><U24/><E102/><V13/><F34/><W124/><G0/><T92/><D92/><N who="3" m="35401" /><G124/><N who="1" m="47658" /><E108/><V130/><F130/><W103/><G103/><T96/><D15/><N who="2" m="5642" /><F76/><W55/><G97/><T51/><D51/><U53/><E10/><V117/><F117/><W33/><G33/><T106/><D106/><U37/><E119/><V25/><F120/><W4/><G4/><T2/><D99/><U80/><E37/><V98/><F98/><W22/><G64/><T109/><D109/><U88/><E53/><V62/><F67/><W38/><G38/><T73/><D2/><U40/><E40/><V50/><F132/><W135/><G135/><T11/><D11/><U46/><E46/><V66/><F134/><W116/><G116/><T47/><D47/><U5/><E5/><V3/><F3/><W20/><G20/><N who="0" m="13719" /><D32/><N who="1" m="20551" /><E31/><N who="2" m="17839" /><F66/><W87/><G87/><T74/><D9/><U86/><E86/><V70/><F70/><W107/><G107/><T115/><D115/><U43/><E43/><V91/><F28/><W61/><G61/><T123/><D12/><AGARI ba="0,0" hai="12,16,22,44,49,55,56,59,77,83,84" m="35401" machi="12" ten="30,2900,0" yaku="8,1,54,1" doraHai="104" who="3" fromWho="0" sc="201,-29,287,0,215,0,297,29" /><INIT seed="3,1,0,4,5,94" ten="172,287,215,326" oya="3" hai0="11,88,41,58,77,61,130,48,92,125,25,59,87" hai1="93,56,68,49,76,67,36,102,47,132,66,19,104" hai2="15,133,62,16,115,97,123,84,44,4,105,99,82" hai3="12,101,118,52,46,39,120,27,42,9,51,1,26"/><W7/><G118/><T124/><D130/><U3/><E132/><V14/><F115/><W91/><G120/><T21/><D11/><U18/><E3/><V107/><F123/><W2/><G101/><T89/><D77/><U63/><E104/><V35/><F35/><W78/><G78/><T108/><D108/><U69/><E36/><V98/><F133/><W119/><G119/><T64/><D89/><U30/><E30/><V85/><F107/><W8/><G91/><T55/><REACH who="0" step="1"/><D41/><REACH who="0" ten="162,287,215,326" step="2"/><U20/><E76/><V80/><F105/><W43/><G42/><T127/><D127/><U121/><E121/><V13/><F4/><W126/><G126/><T65/><D65/><U110/><E110/><V17/><F44/><W106/><G2/><T57/><D57/><U114/><E114/><V38/><F38/><W37/><G39/><T45/><D45/><U86/><E66/><V113/><F113/><W83/><G8/><T90/><D90/><N who="1" m="53463" /><E69/><V10/><F62/><W34/><G1/><T131/><D131/><U5/><E5/><V54/><F54/><W117/><G43/><T96/><D96/><U70/><E70/><V50/><F50/><W24/><G37/><T60/><D60/><U73/><E68/><V129/><F129/><W135/><G117/><T0/><D0/><U103/><E56/><V32/><F10/><W81/><G135/><T53/><D53/><N who="1" m="29887" /><E63/><V112/><F112/><W95/><G7/><T33/><D33/><U6/><E67/><V122/><F32/><W31/><G34/><T22/><D22/><U71/><E20/><V111/><F122/><RYUUKYOKU ba="1,1" sc="162,30,287,-10,215,-10,326,-10" hai0="21,25,48,55,58,59,61,64,87,88,92,124,125" /><INIT seed="4,2,1,5,3,12" ten="192,277,205,316" oya="0" hai0="67,52,94,84,116,19,34,115,118,55,75,71,130" hai1="37,65,106,91,92,104,58,117,64,28,110,63,85" hai2="8,13,66,4,31,56,50,86,90,107,14,97,9" hai3="119,121,95,61,46,32,30,26,7,72,102,99,39"/><T83/><D34/><U105/><E117/><V111/><F111/><W135/><G119/><T45/><D75/><U128/><E110/><V74/><F74/><W57/><G135/><T17/><D115/><U82/><E128/><V109/><F109/><W100/><G121/><T93/><D130/><U133/><E133/><V132/><F132/><W11/><G72/><T23/><D116/><U27/><E37/><V0/><F31/><W16/><G102/><T10/><D118/><U123/><E123/><V47/><F107/><W113/><G113/><T15/><D71/><U62/><E82/><V35/><F35/><W36/><G46/><T18/><D67/><U41/><E41/><V53/><F97/><W129/><G129/><T51/><D55/><U112/><E112/><V42/><F66/><W25/><G7/><N who="0" m="3551" /><D23/><U89/><E89/><AGARI ba="2,1" hai="17,18,19,45,51,52,83,84,89,93,94" m="3551" machi="89" ten="30,12000,1" yaku="8,1,52,3,54,1" doraHai="12" who="0" fromWho="1" sc="192,136,277,-126,205,0,316,0" /><INIT seed="4,3,0,2,1,75" ten="328,151,205,316" oya="0" hai0="115,30,7,33,128,1,68,132,9,13,104,76,119" hai1="79,48,45,111,125,90,77,105,41,107,42,98,53" hai2="20,112,66,73,134,96,12,82,8,81,121,113,38" hai3="39,92,23,114,88,58,86,65,24,47,0,102,85"/><T80/><D119/><U131/><E111/><V37/><F121/><W70/><G70/><T19/><D115/><N who="2" m="44106" /><F134/><W106/><G0/><T108/><D108/><U74/><E131/><V21/><F66/><W34/><G34/><T109/><D109/><U2/><E125/><V95/><F21/><W17/><G114/><T87/><D132/><U122/><E122/><V101/><F20/><W126/><G126/><T43/><D128/><U72/><E2/><V64/><F64/><W99/><G39/><N who="2" m="14857" /><F73/><W54/><G65/><T135/><D135/><U36/><E74/><V117/><F117/><W44/><REACH who="3" step="1"/><G86/><REACH who="3" ten="328,151,205,306" step="2"/><T60/><D68/><U51/><E72/><V127/><F127/><W55/><G55/><T61/><D33/><U14/><E107/><V52/><F52/><W57/><G57/><T26/><D104/><U103/><E90/><V94/><F94/><W130/><G130/><T69/><D69/><U15/><E41/><V25/><F95/><W50/><AGARI ba="3,1" hai="17,23,24,44,47,50,54,58,85,88,92,99,102,106" machi="50" ten="20,5200,0" yaku="1,1,0,1,7,1,54,1,53,0" doraHai="75" doraHaiUra="120" who="3" fromWho="3" sc="328,-29,151,-16,205,-16,306,71" /><INIT seed="5,0,0,2,0,82" ten="299,135,189,377" oya="1" hai0="103,110,17,14,104,131,28,99,38,78,128,42,89" hai1="134,55,53,98,108,87,8,96,118,21,117,112,61" hai2="79,130,113,56,70,81,11,67,75,24,94,125,29" hai3="0,51,68,69,36,13,23,105,19,95,25,135,120"/><U22/><E118/><V5/><F70/><W114/><G105/><T129/><D110/><U100/><E117/><V4/><F130/><W88/><G36/><T59/><D28/><U52/><E108/><V91/><F125/><W77/><G120/><T41/><D78/><U74/><E74/><V83/><F83/><W123/><G123/><T76/><D76/><U92/><E134/><V73/><F73/><W2/><G135/><T127/><D127/><U71/><E112/><V31/><F113/><W26/><G114/><T46/><D42/><U10/><E87/><V102/><F102/><W1/><G77/><T133/><D133/><U12/><E96/><V47/><F47/><W20/><G51/><T7/><D7/><U32/><E32/><V65/><F5/><W40/><G40/><T30/><D30/><U34/><E34/><V16/><F56/><W122/><G122/><T45/><D45/><U27/><E27/><V35/><F31/><W44/><G44/><T101/><D101/><U97/><E97/><V115/><F115/><W50/><G50/><T121/><D121/><U93/><E93/><V84/><REACH who="2" step="1"/><F16/><REACH who="2" ten="299,135,179,377" step="2"/><W116/><G116/><T18/><D59/><U126/><E126/><V9/><F9/><W33/><G68/><T49/><D18/><U62/><E8/><V37/><F37/><W64/><G69/><T124/><D38/><U63/><REACH who="1" step="1"/><E71/><REACH who="1" ten="299,125,179,377" step="2"/><V85/><F85/><W107/><G25/><T15/><D124/><U43/><E43/><V58/><F58/><W90/><G26/><T60/><D41/><U72/><E72/><V111/><F111/><RYUUKYOKU ba="0,2" sc="299,-15,125,15,179,15,377,-15" hai1="10,12,21,22,52,53,55,61,62,63,92,98,100" hai2="4,11,24,29,35,65,67,75,79,81,84,91,94" /><INIT seed="5,1,2,1,1,125" ten="284,140,194,362" oya="1" hai0="88,83,128,57,84,111,9,86,8,23,127,119,29" hai1="68,24,26,90,47,95,28,58,54,16,10,107,5" hai2="32,67,50,75,82,134,105,112,20,99,78,2,25" hai3="120,94,7,129,72,98,96,4,69,97,1,123,89"/><U49/><E107/><V44/><F2/><W104/><G69/><T31/><D119/><U77/><E68/><V56/><F32/><W115/><G72/><T106/><D111/><U41/><E77/><V51/><F134/><W79/><G79/><T87/><D106/><U27/><E28/><N who="0" m="10825" /><D127/><U0/><E16/><N who="2" m="12423" /><F105/><W15/><G115/><T43/><D43/><U108/><E108/><V70/><F70/><W30/><G30/><T93/><D23/><U102/><E102/><V39/><F39/><W53/><G1/><T21/><D21/><U100/><E100/><V61/><F99/><W124/><G124/><T118/><D118/><U12/><E0/><V91/><F91/><W36/><G36/><T130/><D57/><U92/><REACH who="1" step="1"/><E90/><REACH who="1" ten="284,130,194,362" step="2"/><V71/><F71/><W103/><G103/><T40/><D88/><U81/><E81/><V18/><F18/><W45/><G104/><T46/><D93/><U114/><E114/><V85/><F112/><W66/><G89/><T113/><D83/><U60/><AGARI ba="1,3" hai="5,10,12,24,26,27,41,47,49,54,58,60,92,95" machi="60" ten="30,6000,0" yaku="1,1,0,1,8,1,53,0" doraHai="125" doraHaiUra="64" who="1" fromWho="1" sc="284,-21,130,93,194,-21,362,-21" /><INIT seed="5,2,0,5,3,98" ten="263,223,173,341" oya="1" hai0="87,33,116,43,27,127,126,129,60,72,86,1,83" hai1="26,79,120,42,74,97,3,114,57,76,55,35,75" hai2="14,5,30,71,69,25,99,110,115,62,108,95,112" hai3="56,61,46,107,135,101,134,92,113,38,63,22,34"/><U80/><E120/><V67/><F69/><W70/><G34/><T104/><D116/><U103/><E3/><V21/><F5/><W54/><G107/><T51/><D104/><U94/><E114/><N who="2" m="43563" /><F14/><W125/><G113/><T45/><D1/><U102/><E42/><V128/><F128/><W58/><G125/><N who="0" m="47627" /><D129/><U23/><E35/><V85/><F85/><W48/><G22/><T64/><D72/><U2/><E2/><V89/><AGARI ba="2,0" hai="21,25,30,62,67,71,89,95,99,108,110" m="43563" machi="89" ten="30,2000,0" yaku="15,1,11,1" doraHai="98" who="2" fromWho="2" sc="263,-7,223,-12,173,26,341,-7" /><INIT seed="6,0,0,4,3,38" ten="256,211,199,334" oya="2" hai0="130,122,61,57,64,0,133,90,85,124,115,70,123" hai1="113,103,125,81,7,102,21,58,52,97,95,120,117" hai2="84,98,105,15,127,16,114,23,3,34,108,26,132" hai3="121,106,92,62,135,41,40,78,36,9,76,43,109"/><V134/><F3/><W94/><G106/><T93/><D0/><U45/><E117/><V107/><F114/><W99/><G109/><T66/><D115/><U50/><E120/><V129/><F108/><W83/><G121/><T87/><D124/><U17/><E113/><V4/><F127/><W47/><G135/><N who="2" m="51753" /><F129/><W29/><G29/><T79/><D133/><U39/><E125/><V46/><F98/><W56/><G9/><T110/><D110/><U60/><E39/><V55/><F84/><W75/><G78/><T44/><D130/><U63/><E7/><V27/><F4/><W116/><G116/><T74/><D74/><U69/><E69/><V51/><F27/><W119/><G119/><T71/><D122/><U68/><E68/><V96/><F96/><W111/><G111/><T104/><D104/><U12/><E81/><V49/><F49/><W19/><G19/><T86/><D123/><U28/><E28/><AGARI ba="0,0" hai="15,16,23,26,28,34,46,51,55,105,107" m="51753" machi="28" ten="30,2900,0" yaku="20,1,54,1" doraHai="38" who="2" fromWho="1" sc="256,0,211,-29,199,29,334,0" /><INIT seed="6,1,0,2,3,78" ten="256,182,228,334" oya="2" hai0="120,5,124,116,93,17,110,72,112,16,58,13,117" hai1="42,45,26,44,18,97,128,77,103,79,32,52,119" hai2="73,129,21,74,36,23,91,49,100,127,20,105,123" hai3="63,132,134,12,69,109,40,64,24,68,50,102,39"/><V96/><F123/><W57/><G102/><T19/><D120/><U84/><E119/><V29/><F36/><W98/><G98/><T51/><D72/><U66/><E128/><V10/><F129/><W113/><G109/><T86/><D110/><U80/><E66/><V101/><F101/><W35/><G113/><T62/><D51/><U31/><E18/><V111/><F111/><W87/><G12/><T56/><D112/><U41/><E77/><V60/><F127/><W27/><G39/><T94/><D124/><U15/><E15/><V25/><F49/><W2/><G2/><T22/><D5/><U85/><E85/><V53/><F10/><W0/><G0/><T34/><D34/><U33/><E33/><V71/><F91/><W28/><G27/><T70/><D70/><U61/><E61/><V106/><F106/><W90/><G40/><T126/><D126/><U46/><REACH who="1" step="1"/><E52/><REACH who="1" ten="256,172,228,334" step="2"/><V118/><F118/><N who="0" m="45674" /><D86/><U135/><E135/><V30/><F30/><W88/><G132/><T1/><D1/><U48/><E48/><V43/><F43/><W67/><G50/><T3/><D3/><U9/><E9/><V125/><F125/><W59/><G134/><T115/><D115/><U95/><AGARI ba="1,1" hai="26,31,32,41,42,44,45,46,79,80,84,95,97,103" machi="95" ten="30,4000,0" yaku="1,1,0,1,52,1,53,0" doraHai="78" doraHaiUra="55" who="1" fromWho="1" sc="256,-11,172,53,228,-21,334,-11" /><INIT seed="7,0,0,1,1,115" ten="245,225,207,323" oya="3" hai0="16,53,22,8,50,28,134,37,34,128,21,26,61" hai1="123,106,68,108,20,124,101,14,88,49,83,84,40" hai2="85,54,80,10,63,75,131,104,31,33,48,24,96" hai3="72,132,18,19,17,120,12,105,30,81,67,79,100"/><W0/><G0/><T116/><D37/><U102/><E108/><V118/><F75/><W62/><G120/><T6/><D116/><U38/><E123/><V36/><F36/><W121/><G121/><T2/><D128/><U35/><E38/><V55/><F131/><W39/><G39/><T59/><D134/><U110/><E110/><V78/><F118/><W114/><G114/><T42/><D42/><U91/><E35/><V99/><F104/><W65/><G132/><T43/><D43/><U1/><E1/><V97/><F63/><W64/><G30/><T109/><D109/><U25/><E68/><V15/><REACH who="2" step="1"/><F48/><REACH who="2" ten="245,225,197,323" step="2"/><W32/><G105/><T45/><D50/><U127/><E106/><V82/><F82/><W129/><G62/><T27/><D45/><N who="1" m="25767" /><E14/><V56/><F56/><W11/><G12/><T89/><D61/><U113/><E113/><V133/><F133/><W69/><G129/><T125/><D59/><U103/><E127/><V90/><F90/><W94/><G81/><T135/><D125/><U29/><E124/><V47/><F47/><W9/><G69/><T41/><D135/><U107/><E107/><V46/><F46/><W57/><G57/><T122/><D89/><AGARI ba="0,1" hai="20,25,29,83,84,88,89,91,101,102,103" m="25767" machi="89" ten="30,2000,0" yaku="8,1,54,1" doraHai="115" who="1" fromWho="0" sc="245,-20,225,30,197,0,323,0" owari="225,-17.0,255,6.0,197,-30.0,323,41.0" /></mjloggm>