<mjloggm ver="2.3"><GO type="169"/><UN n0="%EF%BC%88%E2%89%A7%E2%96%BD%E2%89%A6%EF%BC%89" n1="%E6%96%B0%E8%B2%B4" n2="%4D%61%72%6C%69%6E" n3="%E4%B8%8D%E8%A8%B1%E5%8F%AF" dan="18,16,16,16" rate="2183,2069,2123,2064" sx="M,M,M,M"/><TAIKYOKU oya="0"/><INIT seed="0,0,0,1,4,104" ten="250,250,250,250" oya="0" hai0="67,26,118,74,124,88,45,109,134,120,2,107,79" hai1="18,105,131,132,129,0,126,5,17,77,14,41,28" hai2="100,62,16,114,81,84,34,56,68,12,111,92,6" hai3="44,113,59,31,52,8,99,36,55,91,40,71,54"/><T1/><D67/><U128/><E105/><V82/><F111/><W130/><G113/><T4/><D107/><U58/><E41/><V66/><F114/><W86/><G130/><T102/><D102/><U85/><E126/><V38/><F38/><W35/><G71/><T95/><D120/><U15/><E58/><V50/><F34/><W98/><G59/><T123/><D123/><U121/><E121/><V27/><F68/><W96/><G8/><N who="0" m="2063" /><D2/><U63/><E63/><V10/><F50/><W122/><G122/><T65/><D65/><U93/><E28/><V94/><F100/><W24/><REACH who="3" step="1"/><G55/><REACH who="3" ten="250,250,250,240" step="2"/><T9/><D9/><U23/><E132/><V7/><F81/><AGARI ba="0,1" hai="24,31,35,36,40,44,52,54,81,86,91,96,98,99" machi="81" ten="40,5200,0" yaku="1,1,2,1,54,1,53,0" doraHai="104" doraHaiUra="19" who="3" fromWho="2" sc="250,0,250,0,250,-52,240,62" /><INIT seed="1,0,0,1,4,35" ten="250,250,198,302" oya="1" hai0="115,19,90,108,75,89,109,32,87,1,106,28,26" hai1="85,120,110,72,112,10,88,44,82,67,49,128,12" hai2="69,33,62,23,57,79,17,121,0,101,113,61,111" hai3="71,84,56,77,134,54,43,83,31,9,104,59,53"/><U18/><E120/><V15/><F33/><W74/><G134/><T58/><D115/><U135/><E112/><V133/><F113/><W126/><G126/><T7/><D75/><U50/><E135/><V3/><F121/><W81/><G71/><T41/><D106/><U107/><E107/><V73/><F133/><W103/><G43/><T8/><D41/><U60/><E128/><V131/><F101/><W34/><G9/><T116/><D116/><U46/><E110/><V93/><F131/><W64/><G64/><T96/><D58/><N who="1" m="37271" /><E72/><V80/><F111/><N who="0" m="42570" /><D96/><U92/><E92/><V37/><F37/><W2/><G2/><T6/><D6/><U97/><E97/><V99/><F69/><W55/><G103/><T78/><D19/><U122/><E122/><V124/><F124/><W102/><G102/><T39/><D39/><U117/><E117/><V21/><F21/><W42/><G104/><T11/><D8/><U105/><E105/><V65/><REACH who="2" step="1"/><F62/><REACH who="2" ten="250,250,188,302" step="2"/><W27/><REACH who="3" step="1"/><G42/><REACH who="3" ten="250,250,188,292" step="2"/><T16/><D11/><U22/><E10/><V130/><F130/><W14/><G14/><T125/><D125/><U95/><E12/><V24/><F24/><W38/><G38/><T45/><D26/><U20/><E22/><V66/><F66/><W119/><G119/><T129/><D32/><U132/><E132/><V118/><F118/><W48/><G48/><T13/><D129/><U86/><E50/><V51/><F51/><W63/><G63/><T36/><D13/><N who="1" m="9295" /><E49/><V114/><F114/><W70/><G70/><T94/><D36/><U40/><E40/><V127/><F127/><RYUUKYOKU ba="0,2" sc="250,-30,250,10,188,10,292,10" hai1="44,46,82,85,86,88,95" hai2="0,3,15,17,23,57,61,65,73,79,80,93,99" hai3="27,31,34,53,54,55,56,59,74,77,81,83,84" /><INIT seed="1,1,2,4,5,67" ten="220,260,198,302" oya="1" hai0="78,102,100,48,35,121,58,80,22,135,70,72,132" hai1="12,73,89,84,113,53,11,18,51,2,59,38,79" hai2="105,93,17,85,134,30,99,104,56,44,76,62,130" hai3="125,45,69,74,50,107,114,24,26,110,83,77,103"/><U131/><E113/><V133/><F30/><W81/><G114/><T61/><D35/><U60/><E38/><V71/><F44/><W75/><G110/><T57/><D121/><U115/><E115/><V19/><F130/><W87/><G125/><T108/><D108/><U47/><E2/><V40/><F40/><W20/><G69/><T123/><D123/><U66/><E131/><V39/><F39/><W6/><G6/><T28/><D48/><U96/><E73/><V14/><F71/><W118/><G118/><T63/><D22/><U94/><REACH who="1" step="1"/><E79/><REACH who="1" ten="220,250,198,302" step="2"/><V29/><F76/><W3/><G3/><T82/><D78/><U91/><E91/><V124/><F124/><W112/><G112/><T64/><D72/><U10/><E10/><V37/><F37/><W16/><G75/><T23/><D135/><U117/><E117/><V90/><F133/><W98/><G74/><T43/><D132/><U52/><E52/><N who="2" m="34055" /><F134/><W129/><G129/><T68/><D64/><U128/><E128/><V25/><F104/><W95/><G107/><T31/><D23/><U106/><E106/><V5/><F105/><W21/><G21/><T34/><D34/><U9/><E9/><V46/><F90/><W15/><REACH who="3" step="1"/><G83/><REACH who="3" ten="220,250,198,292" step="2"/><T92/><D92/><U97/><AGARI ba="1,4" hai="11,12,18,47,51,53,59,60,66,84,89,94,96,97" machi="97" ten="30,6000,0" yaku="1,1,0,1,8,1,53,0" doraHai="67" doraHaiUra="101" who="1" fromWho="1" sc="220,-21,250,103,198,-21,292,-21" /><INIT seed="1,2,0,4,5,86" ten="199,353,177,271" oya="1" hai0="84,93,70,43,122,101,90,23,51,131,60,68,53" hai1="95,124,116,63,50,40,109,89,87,8,123,125,100" hai2="9,20,88,17,120,132,45,65,12,94,99,28,55" hai3="85,96,1,58,135,24,105,2,7,11,74,127,78"/><U71/><E123/><V114/><F132/><W118/><G135/><T77/><D122/><U31/><E116/><V37/><F120/><W92/><G118/><T134/><D131/><U98/><E31/><V59/><F114/><W76/><G127/><N who="1" m="48714" /><E109/><V62/><F37/><W64/><G24/><T54/><D134/><U97/><E8/><V126/><F126/><W42/><G42/><T67/><D70/><U115/><E115/><V79/><F79/><W82/><G64/><T56/><D77/><U33/><E33/><V117/><F117/><W15/><G58/><T18/><D101/><U49/><E40/><V121/><F121/><W52/><G52/><T21/><D43/><U104/><E97/><V73/><F73/><W66/><G66/><AGARI ba="2,0" hai="49,50,63,66,71,87,89,95,98,100,104" m="48714" machi="66" ten="30,2900,0" yaku="18,1,52,1" doraHai="86" who="1" fromWho="3" sc="199,0,353,35,177,0,271,-35" /><INIT seed="1,3,0,3,4,14" ten="199,388,177,236" oya="1" hai0="71,26,98,112,42,97,79,73,69,90,81,52,75" hai1="43,9,13,104,84,20,117,86,124,105,131,5,93" hai2="32,62,34,16,126,57,39,78,101,48,123,38,53" hai3="49,102,107,127,133,134,70,30,44,74,85,135,80"/><U7/><E117/><V72/><F123/><W47/><G127/><T120/><D112/><U113/><E113/><V76/><F126/><W77/><G70/><T0/><D120/><U100/><E124/><V95/><F39/><W21/><G107/><T103/><D0/><U61/><E131/><V10/><F38/><W94/><G102/><T68/><D42/><U83/><E43/><V33/><F72/><W35/><G35/><T45/><D75/><U66/><E5/><V2/><F2/><W115/><G115/><T29/><D90/><U109/><E20/><V37/><F37/><W51/><G94/><T50/><REACH who="0" step="1"/><D103/><REACH who="0" ten="189,388,177,236" step="2"/><U54/><E100/><V8/><F101/><W12/><G74/><T23/><AGARI ba="3,1" hai="23,26,29,45,50,52,68,69,71,73,79,81,97,98" machi="23" ten="30,7900,0" yaku="1,1,2,1,0,1,54,1,53,0" doraHai="14" doraHaiUra="63" who="0" fromWho="0" sc="189,98,388,-42,177,-23,236,-23" /><INIT seed="2,0,0,4,4,125" ten="287,346,154,213" oya="2" hai0="105,57,42,55,127,0,109,101,33,12,128,9,114" hai1="26,47,66,135,30,51,70,113,31,61,5,118,10" hai2="56,59,4,103,98,25,38,80,6,7,91,18,131" hai3="27,100,116,53,108,82,52,8,134,129,117,123,58"/><V110/><F38/><W24/><G123/><T13/><D114/><U115/><E118/><V60/><F110/><W93/><G108/><T130/><D109/><U64/><E135/><V17/><F131/><N who="0" m="50218" /><D33/><U16/><E64/><V36/><F36/><W83/><G129/><T124/><D42/><U76/><E76/><V95/><F25/><W88/><G134/><T112/><D112/><U120/><E120/><V67/><REACH who="2" step="1"/><F59/><REACH who="2" ten="287,346,144,213" step="2"/><W19/><G58/><T79/><D127/><U34/><E115/><V86/><AGARI ba="0,1" hai="4,6,7,17,18,56,60,67,80,86,91,95,98,103" machi="86" ten="30,12000,1" yaku="1,1,2,1,0,1,8,1,53,1" doraHai="125" doraHaiUra="54" who="2" fromWho="2" sc="287,-40,346,-40,144,130,213,-40" /><INIT seed="2,1,0,0,2,21" ten="247,306,274,173" oya="2" hai0="23,126,87,112,70,12,91,43,103,24,77,45,42" hai1="65,115,52,60,15,74,99,46,129,121,41,133,19" hai2="78,92,38,56,69,124,8,96,76,81,95,110,61" hai3="75,22,1,35,63,134,117,80,98,113,100,86,107"/><V97/><F38/><W72/><G117/><T53/><D70/><U44/><E115/><V29/><F69/><W14/><G35/><T57/><D112/><U4/><E74/><V68/><F68/><W135/><G113/><T127/><D77/><N who="2" m="29802" /><F29/><W116/><G116/><T111/><D103/><U48/><E4/><V9/><F124/><N who="0" m="47658" /><D12/><U2/><E2/><V62/><F81/><W47/><G1/><T16/><D45/><U0/><E0/><V104/><F104/><W54/><G86/><T125/><D111/><U67/><E121/><V26/><F26/><W128/><G128/><T123/><D123/><U84/><E129/><V50/><F50/><N who="3" m="29023" /><G63/><N who="2" m="24073" /><F56/><W83/><G83/><N who="0" m="49663" /><D125/><U11/><E133/><N who="3" m="50698" /><G80/><T59/><D59/><U5/><E67/><V119/><F119/><W7/><G22/><T36/><D36/><U40/><E65/><V108/><F108/><W17/><G75/><T33/><D33/><U109/><E109/><V66/><F66/><W94/><G72/><T132/><D132/><U85/><E60/><AGARI ba="1,0" hai="16,23,24,42,43,53,57,60" m="49663,47658" machi="60" ten="30,3900,0" yaku="18,1,52,1,54,1" doraHai="21" who="0" fromWho="1" sc="247,42,306,-42,274,0,173,0" /><INIT seed="3,0,0,1,4,90" ten="289,264,274,173" oya="3" hai0="107,19,58,6,73,66,70,99,76,108,32,94,110" hai1="53,45,124,51,44,5,35,16,121,120,30,55,7" hai2="21,48,75,114,128,56,118,82,119,126,14,83,81" hai3="84,62,95,106,122,2,4,105,26,88,85,46,116"/><W63/><G116/><T129/><D32/><U47/><E124/><V97/><F114/><W43/><G122/><T36/><D107/><U33/><E45/><V78/><F126/><W109/><G109/><T60/><D36/><U102/><E102/><V38/><F38/><W135/><G135/><T123/><D6/><U59/><E30/><V74/><F74/><W79/><G105/><T104/><D104/><U57/><E51/><V92/><F128/><W31/><G106/><T67/><D123/><U77/><E77/><V40/><F119/><W34/><G4/><T50/><D129/><U117/><E117/><V113/><F113/><W86/><G2/><T112/><D112/><U127/><E127/><V132/><F132/><W29/><G29/><T39/><D39/><U0/><REACH who="1" step="1"/><E16/><REACH who="1" ten="289,254,274,173" step="2"/><N who="2" m="10391" /><F118/><W24/><G79/><T96/><D19/><U87/><E87/><V15/><F48/><W10/><G85/><T68/><D50/><U101/><E101/><V93/><F78/><W89/><G31/><T11/><D76/><U49/><E49/><V23/><F75/><W13/><G46/><T65/><D73/><U41/><E41/><V54/><F40/><W12/><G43/><T27/><D110/><U125/><E125/><V20/><F97/><W1/><G86/><T103/><D108/><U80/><E80/><V130/><F130/><W64/><G84/><T115/><D115/><U28/><E28/><V3/><F82/><W131/><G131/><T18/><D99/><U25/><E25/><V111/><F81/><W98/><G26/><T9/><D27/><U37/><E37/><RYUUKYOKU ba="0,1" sc="289,-10,254,30,274,-10,173,-10" hai1="0,5,7,33,35,44,47,53,55,57,59,120,121" /><INIT seed="4,1,1,0,5,18" ten="279,284,264,163" oya="0" hai0="1,84,76,23,30,46,110,70,53,33,111,131,65" hai1="24,82,13,20,118,52,125,60,116,99,102,122,47" hai2="112,81,15,97,51,135,87,78,7,88,127,67,19" hai3="117,98,90,27,123,124,34,40,63,2,86,105,80"/><T96/><D1/><U48/><E122/><V79/><F127/><W71/><G124/><T115/><D33/><U103/><E125/><V121/><F112/><W130/><G123/><T73/><D73/><U107/><E102/><V3/><F121/><W62/><G117/><T128/><D115/><U100/><E100/><V0/><F135/><W28/><G130/><N who="0" m="49707" /><D96/><U129/><E129/><V37/><F37/><W39/><G2/><T54/><D76/><U29/><E82/><V74/><F67/><W49/><G39/><T94/><D84/><U57/><REACH who="1" step="1"/><E13/><REACH who="1" ten="279,274,264,163" step="2"/><V25/><F15/><W132/><G132/><T64/><D94/><U22/><E22/><V133/><F81/><W45/><G105/><T92/><D92/><U55/><AGARI ba="1,2" hai="20,24,29,47,48,52,55,57,60,99,103,107,116,118" machi="55" ten="20,8000,1" yaku="1,1,0,1,7,1,52,1,54,1,53,0" doraHai="18" doraHaiUra="4" who="1" fromWho="1" sc="279,-41,274,103,264,-21,163,-21" /><INIT seed="5,0,0,4,0,3" ten="238,377,243,142" oya="1" hai0="1,32,95,63,11,71,10,12,34,68,19,7,69" hai1="87,126,62,74,35,102,104,122,23,37,70,132,36" hai2="94,60,48,93,27,112,75,13,120,9,128,6,41" hai3="127,15,67,111,65,82,22,105,49,46,0,45,108"/><U79/><E122/><V129/><F75/><W106/><G0/><T81/><D81/><U2/><E87/><V20/><F120/><W98/><G127/><T110/><D110/><U39/><E23/><V52/><F41/><W118/><G118/><T92/><REACH who="0" step="1"/><D63/><REACH who="0" ten="228,377,243,142" step="2"/><U29/><E62/><V96/><F60/><W135/><G111/><T31/><D31/><U17/><E29/><N who="2" m="17639" /><F96/><W51/><G98/><T97/><D97/><U83/><E83/><V18/><F112/><W26/><G82/><T89/><D89/><U99/><E99/><V55/><F129/><W16/><G108/><T86/><D86/><U76/><E104/><V66/><F128/><W25/><G106/><T80/><D80/><U121/><E121/><V30/><F30/><W119/><G105/><T116/><D116/><U50/><E74/><V124/><F124/><W100/><G119/><T130/><D130/><U90/><E126/><V64/><F66/><W14/><G67/><T88/><D88/><U42/><E90/><V123/><F64/><W84/><G65/><T134/><D134/><U24/><E132/><V125/><F125/><W115/><G84/><T4/><D4/><U8/><E79/><V77/><F77/><W40/><G135/><T101/><D101/><U47/><E102/><V72/><F72/><W44/><G100/><T43/><D43/><U107/><E76/><V113/><F123/><W58/><G40/><T21/><D21/><U54/><E107/><V5/><F113/><W73/><G115/><T33/><AGARI ba="0,1" hai="1,7,10,11,12,19,32,33,34,68,69,71,92,95" machi="33" ten="40,5200,0" yaku="1,1,0,1,52,1,53,0" doraHai="3" doraHaiUra="131" who="0" fromWho="0" sc="228,62,377,-26,243,-13,142,-13" /><INIT seed="6,0,0,1,2,15" ten="290,351,230,129" oya="2" hai0="5,49,48,84,1,108,34,101,77,119,66,36,91" hai1="123,116,10,83,117,76,50,44,114,111,61,31,27" hai2="62,110,126,52,23,89,107,64,4,80,67,96,73" hai3="25,70,8,14,54,97,132,60,130,32,20,11,86"/><V65/><F126/><W18/><G132/><T2/><D36/><U92/><E111/><V40/><F110/><W74/><G130/><T28/><D108/><U100/><E114/><V102/><F40/><W0/><G74/><T16/><D77/><U128/><E128/><V42/><F42/><W39/><G39/><T29/><D1/><U30/><E123/><V120/><F120/><W35/><G86/><T82/><D119/><U13/><E61/><V57/><F4/><W121/><G121/><T71/><D34/><U81/><E83/><V104/><F104/><W113/><G113/><T17/><D71/><U21/><E31/><N who="0" m="11849" /><D2/><U127/><E127/><V3/><F3/><W46/><G97/><T69/><D69/><U68/><E68/><V129/><F129/><W94/><G94/><T24/><D66/><U105/><E92/><V135/><F135/><W112/><G112/><T7/><D101/><U87/><E100/><V90/><REACH who="2" step="1"/><F23/><REACH who="2" ten="290,351,220,129" step="2"/><W6/><G35/><T9/><D5/><N who="1" m="3279" /><E105/><V19/><F19/><N who="0" m="7242" /><D24/><U95/><E117/><V122/><F122/><W93/><G32/><T45/><D7/><U12/><E116/><V22/><F22/><W51/><G20/><T58/><D9/><U98/><E21/><V47/><F47/><W59/><G25/><T88/><D45/><U63/><E27/><V118/><F118/><W131/><G131/><T38/><D38/><U106/><E30/><V79/><AGARI ba="0,1" hai="52,57,62,64,65,67,73,79,80,89,90,96,102,107" machi="79" ten="30,6000,0" yaku="1,1,0,1,54,1,53,0" doraHai="15" doraHaiUra="41" who="2" fromWho="2" sc="290,-20,351,-20,220,70,129,-20" /><INIT seed="6,1,0,0,4,21" ten="270,331,290,109" oya="2" hai0="100,64,79,101,22,15,125,68,2,28,65,3,51" hai1="117,13,135,69,57,12,133,127,24,119,91,94,39" hai2="0,75,50,59,41,37,54,44,134,102,88,60,108" hai3="40,73,26,86,1,82,17,118,78,48,95,99,131"/><V93/><F0/><W46/><G118/><T66/><D68/><U74/><E69/><V6/><F6/><W52/><G131/><T115/><D125/><U85/><E39/><V122/><F134/><N who="1" m="51209" /><E74/><V32/><F122/><W87/><G1/><T23/><D115/><U29/><E57/><V11/><F75/><W43/><G73/><T53/><D79/><U103/><E103/><V7/><F108/><W121/><G87/><T70/><D70/><U5/><E127/><V124/><F124/><W27/><G121/><T96/><D101/><U126/><E126/><V109/><F109/><W90/><REACH who="3" step="1"/><G17/><REACH who="3" ten="270,331,290,99" step="2"/><T129/><D129/><U80/><E119/><V92/><F7/><W30/><G30/><T34/><D3/><U123/><E5/><V55/><F37/><W97/><G97/><T10/><D2/><U9/><E123/><V98/><F98/><W18/><G18/><N who="0" m="8567" /><D28/><U128/><E29/><V71/><F32/><W114/><G114/><T38/><D34/><U62/><E117/><V132/><F132/><W14/><G14/><T113/><D38/><U42/><E13/><V84/><F84/><W19/><G19/><T58/><D113/><U36/><E36/><V45/><F71/><W25/><AGARI ba="1,1" hai="25,26,27,40,43,46,48,52,78,82,86,90,95,99" machi="25" ten="30,12000,2" yaku="1,1,0,1,8,1,52,3,54,1,53,0" doraHai="21" doraHaiUra="63" who="3" fromWho="3" sc="270,-31,331,-31,290,-61,99,133" /><INIT seed="7,0,0,1,2,135" ten="239,300,229,232" oya="3" hai0="31,93,69,41,130,51,119,107,55,34,61,11,6" hai1="27,32,46,19,16,23,117,89,87,84,115,132,50" hai2="59,57,15,88,129,24,76,12,133,0,79,4,121" hai3="82,77,33,2,18,114,101,74,45,29,124,106,52"/><W95/><G114/><T54/><D119/><U22/><E32/><V67/><F133/><W80/><G2/><T68/><D107/><U64/><E132/><V40/><F129/><W5/><G106/><T21/><D34/><U112/><E117/><V44/><F121/><W102/><G5/><T123/><D123/><U111/><E64/><V85/><F0/><W99/><G124/><T118/><D41/><N who="1" m="24911" /><E89/><V134/><F134/><W39/><G82/><T116/><D116/><U53/><E53/><V25/><F76/><W14/><G33/><T108/><D55/><U113/><E111/><V58/><F67/><W8/><G29/><T3/><D31/><U30/><E30/><V37/><F79/><W65/><G65/><T20/><D108/><U70/><E70/><V63/><F63/><W131/><G131/><T1/><D61/><U9/><E9/><V96/><F96/><W43/><REACH who="3" step="1"/><G52/><REACH who="3" ten="239,300,229,222" step="2"/><T62/><D54/><U7/><E7/><V35/><F35/><W109/><G109/><T94/><D6/><U36/><E113/><V92/><REACH who="2" step="1"/><F4/><REACH who="2" ten="239,300,219,222" step="2"/><W81/><G81/><T72/><D130/><U90/><E115/><V71/><F71/><W49/><G49/><T127/><D51/><U38/><E112/><V73/><F73/><W128/><G128/><T122/><D72/><U26/><E36/><V66/><F66/><W86/><G86/><T10/><D122/><U83/><E38/><V125/><F125/><W100/><AGARI ba="0,2" hai="8,14,18,39,43,45,74,77,80,95,99,100,101,102" machi="100" ten="20,3900,0" yaku="1,1,0,1,7,1,53,0" doraHai="135" doraHaiUra="120" who="3" fromWho="3" sc="239,-13,300,-13,219,-13,222,59" /><INIT seed="7,1,0,2,4,86" ten="226,287,206,281" oya="3" hai0="47,116,71,131,82,130,38,48,9,85,75,17,30" hai1="46,13,78,26,28,10,14,84,52,134,104,123,102" hai2="91,20,2,1,127,76,11,64,92,62,54,107,34" hai3="21,45,22,118,124,18,70,0,7,125,37,112,90"/><W6/><G112/><T100/><D71/><U58/><E123/><V68/><F107/><W43/><G118/><T73/><D38/><U23/><E134/><V5/><F127/><N who="3" m="48715" /><G70/><T106/><D30/><U56/><E104/><V133/><F133/><W121/><G121/><T135/><D135/><U129/><E102/><V69/><F34/><W41/><G41/><T115/><D116/><U12/><E129/><V88/><F69/><W42/><G42/><T122/><D122/><U4/><E46/><V57/><F76/><W32/><G32/><T119/><D119/><U15/><E52/><V61/><F2/><W111/><G111/><T132/><D132/><U94/><E94/><V81/><F81/><AGARI ba="1,0" hai="4,10,12,13,14,15,23,26,28,56,58,78,81,84" machi="81" ten="40,1300,0" yaku="8,1" doraHai="86" who="1" fromWho="2" sc="226,0,287,16,206,-16,281,0" owari="226,-17.0,303,40.0,190,-31.0,281,8.0" /></mjloggm>