<mjloggm ver="2.3"><GO type="169"/><UN n0="%E3%81%AF%E3%81%90%E3%82%8C%E3%83%9F%E3%83%B3%E3%83%88" n1="%E7%AC%AC%E4%B8%89%E3%81%AE%E6%80%A7%E5%88%A5%E7%A7%80%E5%90%89" n2="%EF%BC%88%E2%89%A7%E2%96%BD%E2%89%A6%EF%BC%89" n3="%E3%82%AA%E3%82%BA%E3%82%B0%E3%83%AB%E3%83%BC%E3%83%97" dan="16,16,18,16" rate="2057,2035,2180,2108" sx="F,F,M,M"/><TAIKYOKU oya="0"/><INIT seed="0,0,0,2,5,13" ten="250,250,250,250" oya="0" hai0="12,43,93,117,61,49,39,25,107,112,16,125,56" hai1="134,14,115,34,89,77,98,95,123,22,23,126,118" hai2="91,36,103,97,75,104,94,6,52,28,48,17,135" hai3="84,53,133,102,78,69,128,108,106,35,124,33,109"/><T31/><D107/><U68/><E34/><V27/><F36/><W100/><G69/><T42/><D117/><U85/><E68/><V73/><F135/><W59/><G106/><T29/><D112/><U63/><E118/><V96/><F6/><W105/><G105/><T11/><D125/><U2/><E2/><V113/><F113/><W66/><G133/><T45/><D93/><U26/><E123/><V4/><F4/><W119/><G124/><T5/><D39/><U15/><E134/><V44/><REACH who="2" step="1"/><F17/><REACH who="2" ten="250,250,240,250" step="2"/><W3/><G119/><T57/><D43/><U8/><E126/><V71/><F71/><W86/><G109/><T1/><D61/><U46/><E115/><V47/><F47/><W120/><G108/><T121/><D121/><U41/><E63/><V87/><F87/><W76/><G120/><T20/><REACH who="0" step="1"/><D31/><REACH who="0" ten="240,250,240,250" step="2"/><N who="1" m="17879" /><E41/><V99/><F99/><W37/><G37/><T62/><D62/><U18/><E98/><V32/><AGARI ba="0,2" hai="27,28,32,44,48,52,73,75,91,94,96,97,103,104" machi="32" ten="20,8000,1" yaku="1,1,0,1,7,1,54,1,53,1" doraHai="13" doraHaiUra="21" who="2" fromWho="2" sc="240,-40,250,-20,240,100,250,-20" /><INIT seed="1,0,0,0,5,107" ten="200,230,340,230" oya="1" hai0="44,77,102,129,68,93,69,128,28,78,50,98,62" hai1="40,123,99,100,26,81,53,30,33,38,89,79,14" hai2="104,25,101,41,112,0,120,7,75,35,48,12,119" hai3="85,97,49,64,132,118,108,70,111,57,43,23,94"/><U88/><E123/><V65/><F12/><W47/><G118/><T86/><D28/><U131/><E131/><N who="0" m="50249" /><D86/><U24/><E24/><V71/><F48/><W130/><G85/><T80/><D80/><U133/><E133/><V59/><F59/><W109/><G132/><T134/><D134/><U135/><E135/><V82/><F41/><W19/><G70/><N who="0" m="27243" /><D62/><U96/><E53/><AGARI ba="0,0" hai="44,50,53,77,78,93,98,102" m="27243,50249" machi="53" ten="30,1000,0" yaku="19,1" doraHai="107" who="0" fromWho="1" sc="200,10,230,-10,340,0,230,0" /><INIT seed="2,0,0,5,5,15" ten="210,220,340,230" oya="2" hai0="11,94,26,30,47,16,4,81,96,110,103,35,121" hai1="135,75,129,59,64,134,54,31,5,48,122,132,73" hai2="101,74,102,18,17,39,86,118,45,12,55,27,112" hai3="29,88,77,49,76,85,71,99,79,1,82,67,6"/><V2/><F2/><W60/><G29/><T130/><D121/><U126/><E122/><V92/><F118/><W69/><G69/><T133/><D110/><U10/><E129/><V87/><F74/><W0/><G6/><T91/><D133/><U34/><E126/><V44/><F112/><W114/><G114/><T9/><D130/><U131/><E131/><V68/><F68/><W119/><G119/><T105/><D47/><N who="2" m="17994" /><F39/><W51/><REACH who="3" step="1"/><G99/><REACH who="3" ten="210,220,340,220" step="2"/><T125/><D125/><U70/><E31/><V3/><F3/><AGARI ba="0,1" hai="0,1,3,49,51,60,67,71,76,77,79,82,85,88" machi="3" ten="40,5200,0" yaku="1,1,2,1,54,1,53,0" doraHai="15" doraHaiUra="108" who="3" fromWho="2" sc="210,0,220,0,340,-52,220,62" /><INIT seed="3,0,0,0,3,68" ten="210,220,288,282" oya="3" hai0="50,92,88,98,66,106,93,105,6,42,87,37,67" hai1="45,95,26,20,48,70,111,25,107,49,51,57,86" hai2="59,91,72,132,116,24,19,126,74,40,113,14,83" hai3="27,127,1,58,4,101,2,69,134,15,21,12,112"/><W115/><G69/><T129/><D129/><U77/><E70/><V39/><F116/><W130/><G101/><T55/><D6/><U41/><E107/><V30/><F113/><W100/><G58/><T122/><D122/><U28/><E111/><V11/><F132/><W33/><G100/><T17/><D17/><U103/><E26/><V7/><F126/><W123/><G123/><T13/><D13/><U89/><E77/><V94/><F59/><W22/><G134/><T85/><D85/><U121/><E121/><V62/><F62/><W3/><G127/><T38/><D42/><U117/><E117/><V78/><F19/><W10/><G130/><T34/><D34/><U80/><E57/><V31/><F72/><W84/><G84/><T75/><D75/><U96/><AGARI ba="0,0" hai="20,25,28,41,45,48,49,51,80,86,89,95,96,103" machi="96" ten="30,2000,0" yaku="0,1,8,1" doraHai="68" who="1" fromWho="1" sc="210,-5,220,20,288,-5,282,-10" /><INIT seed="4,0,0,0,2,32" ten="205,240,283,272" oya="0" hai0="23,122,16,33,40,0,103,14,9,117,42,46,59" hai1="55,72,108,58,75,86,48,18,66,116,120,56,53" hai2="87,38,67,13,1,43,17,133,107,115,80,3,15" hai3="110,21,24,88,8,111,69,106,85,134,98,30,129"/><T19/><D117/><U118/><E120/><V131/><F107/><W60/><G129/><T51/><D122/><U6/><E108/><V47/><F131/><W70/><G134/><T71/><D33/><U124/><E124/><V73/><F73/><W102/><G8/><T105/><D71/><U7/><E66/><V45/><F133/><W39/><G39/><T79/><D79/><U77/><E86/><V91/><F115/><W123/><G123/><T44/><D59/><U10/><E18/><V101/><F101/><W132/><G132/><T65/><D65/><U125/><E125/><V82/><F67/><W104/><G104/><T92/><D105/><U121/><E121/><V99/><F99/><W35/><G21/><T109/><D109/><U89/><E89/><V93/><F45/><W78/><G78/><T63/><D63/><U61/><E77/><V135/><F15/><W128/><G70/><T112/><D112/><U62/><E10/><V119/><F119/><W52/><G128/><T90/><D103/><U36/><REACH who="1" step="1"/><E48/><REACH who="1" ten="205,230,283,272" step="2"/><V5/><F135/><W84/><G84/><N who="0" m="52295" /><D42/><U34/><E34/><V12/><F43/><W22/><G35/><T126/><D126/><U41/><E41/><V95/><F91/><W25/><G111/><T64/><D64/><U81/><E81/><V57/><F82/><W29/><G110/><T97/><D97/><U28/><E28/><V20/><F80/><W68/><G30/><T94/><D94/><U2/><E2/><V26/><F3/><W100/><G98/><T114/><D0/><U83/><E83/><V11/><F1/><RYUUKYOKU ba="0,1" sc="205,-10,230,30,283,-10,272,-10" hai1="6,7,36,53,55,56,58,61,62,72,75,116,118" /><INIT seed="5,1,1,4,3,69" ten="195,260,273,262" oya="1" hai0="25,37,125,131,91,60,62,104,92,133,61,78,31" hai1="126,45,7,120,106,8,134,80,135,98,33,16,30" hai2="56,108,129,113,64,83,112,11,48,3,17,19,55" hai3="68,123,89,22,66,75,100,109,57,0,122,21,24"/><U99/><E120/><V76/><F108/><W51/><G0/><T42/><D104/><U73/><E126/><V4/><F64/><W49/><G75/><T35/><D131/><U127/><E127/><V14/><F129/><W58/><G100/><T44/><D125/><U119/><E119/><V111/><F111/><W65/><G109/><T39/><D133/><N who="1" m="50699" /><E106/><V93/><F93/><W28/><G68/><T101/><D78/><N who="1" m="44111" /><E45/><V87/><REACH who="2" step="1"/><F3/><REACH who="2" ten="195,260,263,262" step="2"/><W5/><G123/><T6/><D101/><U47/><E98/><V15/><F15/><W70/><G122/><T102/><D102/><U88/><E99/><V103/><F103/><W32/><G66/><T74/><D74/><U114/><E114/><AGARI ba="1,2" hai="4,11,14,17,19,48,55,56,76,83,87,112,113,114" machi="114" ten="40,5200,0" yaku="1,1,15,1,11,1,53,0" doraHai="69" doraHaiUra="27" who="2" fromWho="1" sc="195,0,260,-55,263,75,262,0" /><INIT seed="6,0,0,1,1,104" ten="195,205,338,262" oya="2" hai0="48,132,37,128,24,124,4,45,96,97,85,103,65" hai1="75,55,77,71,127,20,120,25,30,107,119,35,121" hai2="110,125,3,100,94,83,108,61,42,86,95,36,7" hai3="14,129,58,50,115,27,38,112,10,135,73,57,52"/><V13/><F3/><W84/><G38/><T79/><D37/><U64/><E107/><V117/><F117/><W32/><G135/><T5/><D132/><U66/><E119/><V40/><F125/><W118/><G129/><T134/><D124/><U11/><E127/><V12/><F61/><W113/><G118/><T114/><D134/><U68/><E35/><V46/><F40/><W54/><G84/><T106/><D114/><U19/><E55/><V126/><F126/><W130/><G130/><T8/><D128/><U90/><E90/><V133/><F133/><W33/><G27/><T43/><D97/><U92/><E92/><N who="2" m="35371" /><F7/><N who="3" m="3423" /><G73/><T29/><D65/><U109/><E109/><N who="2" m="42091" /><F100/><W31/><G31/><T105/><D105/><U98/><E30/><V99/><F99/><W34/><G34/><T59/><D59/><U89/><E98/><V82/><F82/><W39/><G39/><T21/><REACH who="0" step="1"/><D8/><REACH who="0" ten="185,205,338,262" step="2"/><U63/><E11/><V67/><F67/><W2/><G2/><T101/><D101/><U0/><E66/><V60/><F60/><AGARI ba="0,1" hai="32,33,50,52,54,57,58,60,112,113,115" m="3423" machi="60" ten="30,3900,0" yaku="15,1,11,1,54,1" doraHai="104" who="3" fromWho="2" sc="185,0,205,0,338,-39,262,49" /><INIT seed="7,0,0,0,3,51" ten="185,205,299,311" oya="3" hai0="68,110,135,65,23,21,85,20,37,101,115,13,58" hai1="108,24,103,48,99,124,77,4,102,104,54,47,16" hai2="123,100,66,60,109,116,44,105,55,34,26,39,30" hai3="79,78,94,22,119,125,73,70,49,122,42,52,11"/><W35/><G35/><T31/><D68/><U114/><E108/><V12/><F116/><W45/><G122/><T89/><D110/><U74/><E124/><V46/><F109/><W40/><G119/><T72/><D72/><U18/><E114/><V112/><F112/><W131/><G70/><T62/><D115/><U80/><E4/><V86/><F123/><W107/><G125/><T111/><D111/><U19/><REACH who="1" step="1"/><E102/><REACH who="1" ten="185,195,299,311" step="2"/><V29/><F100/><W92/><G131/><T82/><D101/><U96/><E96/><V1/><F105/><W126/><G107/><T61/><D135/><U69/><E69/><V38/><F1/><W133/><G126/><T5/><D37/><U8/><E8/><V121/><F39/><W28/><G11/><N who="0" m="4335" /><D62/><U98/><E98/><V2/><F38/><W132/><G133/><T7/><D7/><U67/><E67/><V128/><F66/><W83/><G132/><T76/><D76/><U130/><E130/><V64/><F64/><W56/><G79/><T3/><D3/><U0/><E0/><V36/><F60/><W41/><G78/><T88/><D89/><U32/><E32/><V118/><F2/><W129/><G129/><T27/><AGARI ba="0,1" hai="20,21,23,27,31,58,61,65,82,85,88" m="4335" machi="27" ten="30,2000,0" yaku="8,1,54,1" doraHai="51" who="0" fromWho="0" sc="185,30,195,-5,299,-5,311,-10" owari="215,-18.0,190,-31.0,294,9.0,301,40.0" /></mjloggm>