<mjloggm ver="2.3"><GO type="225"/><UN n0="%E2%94%A4%27%2D%27%2A%E2%94%9C" n1="%EF%BC%88%E2%89%A7%E2%96%BD%E2%89%A6%EF%BC%89" n2="%E5%8F%8D%E9%99%BD%E5%AD%90%E3%81%95%E3%82%93" n3="%E3%81%A8%E3%81%84%E3%81%A4%E3%81%BE%E3%81%99%E3%81%9F%E3%81%81%E2%99%AA" dan="16,16,16,16" rate="2007,2046,2116,2144" sx="M,M,M,M"/><TAIKYOKU oya="0"/><INIT seed="0,0,0,2,0,68" ten="250,250,250,250" oya="0" hai0="11,58,130,3,16,12,135,114,34,108,61,85,21" hai1="111,99,52,10,30,6,41,72,42,60,26,97,9" hai2="87,24,59,76,51,48,1,119,96,38,118,80,84" hai3="101,36,19,105,98,29,83,43,134,33,35,94,45"/><T133/><D114/><U13/><E72/><V71/><F1/><W8/><G134/><N who="0" m="51211" /><D34/><U124/><E124/><V121/><F71/><W20/><G8/><T100/><D130/><U102/><E9/><V62/><F121/><W79/><G29/><T28/><D100/><U86/><E86/><V106/><F38/><W53/><G53/><N who="0" m="33999" /><D108/><U18/><E111/><V27/><F87/><W25/><G105/><T39/><D39/><U91/><E91/><V37/><F37/><W63/><G63/><T81/><D3/><U31/><E42/><V125/><F125/><W32/><G35/><T127/><D127/><U2/><E41/><V66/><F51/><W17/><REACH who="3" step="1"/><G19/><REACH who="3" ten="250,250,250,240" step="2"/><T115/><D115/><U50/><E18/><V116/><F48/><W56/><G56/><T54/><D28/><U92/><E31/><V67/><F67/><W47/><G47/><T110/><D54/><U82/><E60/><V65/><F65/><W78/><G78/><N who="0" m="46263" /><D110/><U123/><E52/><V126/><F126/><W5/><G5/><T131/><D131/><U128/><E6/><V46/><F46/><W93/><G93/><T4/><D4/><U75/><E92/><V90/><F106/><W112/><G112/><T64/><D64/><U122/><E128/><V104/><F104/><W23/><G23/><AGARI ba="0,1" hai="11,12,16,21,23" m="46263,33999,51211" machi="23" ten="30,2900,0" yaku="20,1,54,1" doraHai="68" who="0" fromWho="3" sc="250,39,250,0,250,0,240,-29" /><INIT seed="0,1,0,4,0,41" ten="289,250,250,211" oya="0" hai0="25,104,94,133,122,93,62,6,55,131,120,30,4" hai1="103,33,17,43,127,16,23,123,115,116,36,60,9" hai2="99,45,11,12,32,63,19,102,8,40,83,39,92" hai3="135,108,35,109,15,70,87,81,79,56,78,88,97"/><T128/><D104/><U91/><E33/><V121/><F32/><W101/><G35/><T28/><D62/><U98/><E123/><V31/><F121/><W85/><G70/><T68/><D25/><U49/><E36/><V96/><F31/><W10/><G56/><T110/><D55/><U107/><E116/><V112/><F112/><W125/><G125/><T69/><REACH who="0" step="1"/><D110/><REACH who="0" ten="279,250,250,211" step="2"/><N who="3" m="42601" /><G135/><AGARI ba="1,1" hai="4,6,28,30,68,69,93,94,120,122,128,131,133,135" machi="135" ten="25,4800,0" yaku="1,1,22,2,53,0" doraHai="41" doraHaiUra="22" who="0" fromWho="3" sc="279,61,250,0,250,0,211,-51" /><INIT seed="0,2,0,3,3,93" ten="340,250,250,160" oya="0" hai0="66,123,125,8,108,29,50,28,116,126,30,83,63" hai1="38,109,103,12,47,17,127,79,24,60,33,135,81" hai2="90,42,40,54,94,110,102,98,3,113,23,61,37" hai3="107,78,21,86,89,20,97,43,128,26,120,133,1"/><T19/><D123/><U69/><E103/><V70/><F113/><W101/><G1/><T59/><D116/><U71/><E135/><V77/><F3/><W18/><G133/><T49/><D108/><U118/><E118/><V6/><F6/><W4/><G4/><T111/><D111/><U131/><E109/><V96/><F110/><W56/><G120/><T16/><D83/><U87/><E131/><V68/><F77/><W80/><G128/><T132/><D132/><U9/><E127/><N who="0" m="48649" /><D8/><U112/><E112/><V2/><F2/><W34/><G34/><T10/><D10/><U48/><E38/><V85/><F37/><W41/><G56/><T39/><D39/><U27/><E33/><V73/><F73/><W35/><G35/><T53/><D49/><U115/><E115/><V84/><F61/><W99/><REACH who="3" step="1"/><G21/><REACH who="3" ten="340,250,250,150" step="2"/><T74/><D74/><U75/><E75/><V124/><F124/><W105/><G105/><T44/><AGARI ba="2,1" hai="16,19,28,29,30,44,50,53,59,63,66" m="48649" machi="44" ten="30,3000,0" yaku="18,1,54,1" doraHai="93" who="0" fromWho="0" sc="340,46,250,-12,250,-12,150,-12" /><INIT seed="0,3,0,5,0,59" ten="386,238,238,138" oya="0" hai0="65,111,112,116,25,81,3,49,102,124,50,133,6" hai1="121,44,37,40,63,93,30,15,9,115,117,126,17" hai2="47,68,71,4,10,105,56,127,113,82,27,100,52" hai3="87,99,57,20,29,80,12,39,5,19,31,92,122"/><T79/><D116/><U108/><E121/><V130/><F113/><W53/><G39/><T132/><D112/><U7/><E117/><V95/><F105/><W11/><G122/><T86/><D124/><U8/><E126/><V70/><F127/><W60/><G87/><T34/><D102/><U110/><E30/><V46/><F130/><W21/><G80/><T83/><D65/><U73/><E73/><V0/><F82/><W91/><REACH who="3" step="1"/><G21/><REACH who="3" ten="386,238,238,128" step="2"/><T2/><D81/><U41/><E115/><V43/><F95/><W23/><G23/><T67/><D86/><U24/><E93/><V135/><F135/><W18/><G18/><T66/><D83/><U120/><E17/><V36/><F100/><W58/><G58/><T85/><D85/><U129/><E37/><V69/><F69/><W28/><G28/><T101/><D101/><U16/><E120/><V61/><F47/><W89/><G89/><T33/><D132/><U13/><E44/><V128/><F128/><W22/><G22/><T45/><D45/><U32/><E129/><V107/><F107/><W131/><G131/><T38/><D38/><U14/><E16/><V75/><F75/><W72/><G72/><T96/><D133/><U51/><E32/><V62/><REACH who="2" step="1"/><F27/><AGARI ba="3,1" hai="5,11,12,19,20,27,29,31,53,57,60,91,92,99" machi="27" ten="30,12000,2" yaku="1,1,7,1,25,2,8,1,52,1,53,0" doraHai="59" doraHaiUra="98" who="3" fromWho="2" sc="386,0,238,0,238,-129,128,139" /><INIT seed="1,0,0,5,5,81" ten="386,238,109,267" oya="1" hai0="3,12,24,126,26,65,74,8,83,48,71,121,32" hai1="129,46,41,102,64,62,100,20,52,47,15,11,53" hai2="25,54,112,36,108,6,113,30,92,29,1,105,27" hai3="131,90,58,42,127,104,0,22,125,132,34,69,63"/><U31/><E129/><V115/><F36/><W101/><G34/><T84/><D3/><U130/><E130/><V38/><F105/><W94/><G131/><T117/><D74/><U61/><E31/><N who="2" m="11787" /><F38/><W60/><G0/><T2/><D32/><U122/><E20/><V73/><F73/><W134/><G42/><T50/><D2/><U85/><E122/><V35/><F35/><W23/><G101/><N who="1" m="39018" /><E41/><V93/><F92/><W28/><G69/><T14/><D71/><U107/><E107/><V99/><F54/><N who="1" m="21097" /><E64/><V114/><F93/><W82/><G104/><T72/><D72/><U96/><E96/><V45/><F99/><N who="3" m="57815" /><G82/><T37/><D121/><U21/><E21/><N who="3" m="7690" /><G28/><T19/><D37/><U57/><E57/><V16/><F115/><W56/><G56/><T123/><D123/><U91/><E46/><V7/><F45/><W103/><G58/><T4/><D65/><U40/><E40/><V78/><F1/><W118/><G118/><T66/><D117/><U89/><E47/><V87/><F113/><W110/><G103/><T39/><D39/><U135/><E135/><N who="3" m="51754" /><G110/><T106/><D106/><U86/><E62/><AGARI ba="0,0" hai="60,62,63,125,127" m="51754,7690,57815" machi="62" ten="30,1000,0" yaku="20,1" doraHai="81" who="3" fromWho="1" sc="386,0,238,-10,109,0,267,10" /><INIT seed="2,0,0,3,2,124" ten="386,228,109,277" oya="2" hai0="127,8,30,104,43,131,1,11,31,14,101,115,89" hai1="135,103,79,87,47,80,114,2,94,20,6,51,17" hai2="10,109,48,56,76,40,25,5,105,90,50,64,83" hai3="107,18,116,108,29,98,60,16,74,100,118,37,91"/><V125/><F105/><W26/><G37/><T72/><D72/><U129/><E114/><V70/><F125/><W59/><G74/><T15/><D1/><U93/><E135/><V23/><F70/><W62/><G108/><T132/><D127/><U84/><E103/><V53/><F64/><W113/><G113/><T41/><D115/><U120/><E120/><V102/><F102/><W36/><G36/><T133/><D101/><U88/><E129/><V45/><F90/><W121/><G121/><T0/><D0/><U110/><E110/><V123/><F123/><W112/><G112/><T19/><D19/><U52/><E6/><V61/><F109/><W126/><G126/><T67/><D89/><U3/><REACH who="1" step="1"/><E94/><REACH who="1" ten="386,218,109,277" step="2"/><V81/><F76/><W77/><G77/><T27/><D131/><U95/><E95/><V21/><F21/><W68/><G118/><T134/><D132/><U22/><E22/><V92/><F92/><W122/><G116/><T82/><D133/><U69/><E69/><V96/><F96/><W106/><G91/><T85/><D134/><U39/><E39/><V86/><F86/><W38/><G38/><T35/><D85/><U28/><E28/><N who="2" m="17471" /><F50/><W128/><G128/><T13/><D31/><U66/><E66/><V34/><F34/><N who="3" m="20791" /><G122/><T44/><D35/><U12/><AGARI ba="0,1" hai="2,3,12,17,20,47,51,52,79,80,84,87,88,93" machi="12" ten="20,12000,2" yaku="1,1,0,1,7,1,54,2,53,1" doraHai="124" doraHaiUra="46" who="1" fromWho="1" sc="386,-30,218,130,109,-60,277,-30" /><INIT seed="3,0,0,2,3,117" ten="356,348,49,247" oya="3" hai0="79,6,69,102,13,132,16,43,46,1,115,3,127" hai1="114,26,40,37,93,14,67,32,71,56,76,90,120" hai2="110,54,73,133,68,119,130,72,59,106,85,134,48" hai3="101,98,38,126,70,45,75,82,89,63,128,65,121"/><W124/><G89/><T47/><D69/><U122/><E71/><V105/><F119/><W104/><G128/><T107/><D132/><U96/><E114/><V108/><F68/><W30/><G30/><T103/><D127/><U84/><E37/><V28/><F85/><W44/><G44/><T5/><D115/><U17/><E32/><V4/><F28/><W125/><G121/><T135/><D135/><N who="2" m="51722" /><F4/><W18/><G18/><T27/><D27/><U58/><E120/><V50/><F54/><W0/><G0/><T131/><D131/><U83/><E122/><V112/><F59/><N who="1" m="22569" /><E40/><V24/><F24/><W9/><G9/><T20/><D79/><U87/><E67/><V61/><F61/><W12/><G12/><T42/><D107/><N who="2" m="40970" /><F50/><W91/><G91/><T97/><D97/><U49/><E49/><V36/><F130/><W129/><G129/><T80/><D80/><N who="1" m="47111" /><E26/><V31/><F48/><W123/><G123/><T22/><D16/><U118/><E118/><V52/><F31/><W15/><G15/><AGARI ba="0,0" hai="1,3,5,6,13,15,20,22,42,43,46,47,102,103" machi="15" ten="25,1600,0" yaku="22,2" doraHai="117" who="0" fromWho="3" sc="356,16,348,0,49,0,247,-16" owari="372,47.0,348,15.0,49,-45.0,231,-17.0" /></mjloggm>