<mjloggm ver="2.3"><GO type="169"/><UN n0="%E6%AF%94%E5%98%89%E7%A7%80%E4%BB%81" n1="%E3%81%84%E3%81%97%E3%81%97%E3%82%93%49%44%E7%B4%9B%E5%A4%B1" n2="%E3%82%BC%E3%83%B3%E3%83%84%E3%83%83%E3%83%91" n3="%EF%BC%88%E2%89%A7%E2%96%BD%E2%89%A6%EF%BC%89" dan="16,16,16,18" rate="2085,2102,2143,2223" sx="M,M,M,M"/><TAIKYOKU oya="0"/><INIT seed="0,0,0,2,4,35" ten="250,250,250,250" oya="0" hai0="16,0,64,124,68,89,98,130,26,69,85,45,44" hai1="79,106,4,9,127,55,83,78,30,1,87,97,14" hai2="11,112,107,116,92,128,34,60,40,120,100,110,21" hai3="48,73,113,53,65,23,43,117,50,13,75,96,54"/><T91/><D130/><U126/><E30/><V19/><F60/><W95/><G117/><T123/><D123/><U49/><E79/><V6/><F92/><W84/><G113/><T31/><D124/><U39/><E39/><V133/><F40/><W118/><G118/><T28/><D98/><U62/><E62/><V59/><F59/><W12/><G43/><T15/><D0/><U36/><E36/><V25/><F100/><W27/><G65/><T47/><D64/><U131/><E131/><V18/><F107/><W101/><G84/><T56/><D56/><U74/><E106/><V86/><F86/><W76/><G76/><T99/><D99/><U122/><E122/><V77/><F77/><W67/><G67/><T51/><D51/><N who="3" m="19497" /><G73/><T41/><D41/><U125/><E97/><V17/><F116/><W2/><G2/><T121/><D121/><U93/><E14/><N who="3" m="5738" /><G75/><T38/><D38/><U52/><E49/><V10/><F120/><W5/><G5/><T8/><D31/><AGARI ba="0,0" hai="23,27,31,53,54,95,96,101" m="5738,19497" machi="31" ten="30,1000,0" yaku="8,1" doraHai="35" who="3" fromWho="0" sc="250,-10,250,0,250,0,250,10" /><INIT seed="1,0,0,3,4,55" ten="240,250,250,260" oya="1" hai0="85,79,121,86,52,102,123,127,118,89,108,93,101" hai1="24,106,19,95,112,113,88,65,26,130,11,128,82" hai2="27,10,124,111,70,46,29,5,135,50,16,97,100" hai3="57,104,115,15,83,41,30,21,51,49,67,12,74"/><U94/><E106/><V103/><F111/><W9/><G104/><T84/><D108/><U114/><E82/><V71/><F135/><W117/><G117/><T28/><D118/><U37/><E37/><V18/><F124/><W69/><G69/><T116/><D116/><U54/><E65/><V134/><F134/><W99/><G99/><N who="0" m="57775" /><D28/><U2/><E95/><V39/><F39/><W13/><G115/><T87/><D127/><U36/><E36/><V81/><F71/><W122/><G122/><N who="0" m="46603" /><D52/><U45/><E45/><V48/><F70/><W92/><G9/><T35/><D35/><U110/><E54/><V64/><F64/><W98/><G41/><T91/><D79/><U80/><E110/><V25/><F50/><W44/><G44/><T38/><D38/><U78/><E2/><V61/><F61/><N who="3" m="38319" /><G83/><AGARI ba="0,0" hai="83,84,85,86,87,91,101,102" m="46603,57775" machi="83" ten="30,3900,0" yaku="13,1,34,2" doraHai="55" who="0" fromWho="3" sc="240,39,250,0,250,0,260,-39" /><INIT seed="2,0,0,1,2,47" ten="279,250,250,221" oya="2" hai0="132,62,117,10,12,44,73,121,23,31,16,92,106" hai1="115,66,133,0,101,116,122,82,114,74,119,32,48" hai2="33,46,60,4,13,55,56,78,29,22,123,26,35" hai3="109,110,83,43,118,72,6,85,104,53,37,89,84"/><V96/><F123/><W75/><G104/><T108/><D108/><N who="3" m="41577" /><G118/><T76/><D121/><U28/><E101/><V2/><F2/><W36/><G6/><T38/><D106/><U93/><E93/><V25/><F78/><N who="3" m="46199" /><G53/><T129/><D117/><U50/><E122/><V54/><F96/><W88/><G89/><T95/><D132/><U58/><E0/><V120/><F120/><W9/><G9/><T131/><D76/><U77/><E133/><V128/><F128/><W52/><G52/><T45/><D73/><N who="3" m="28233" /><G43/><T61/><D131/><U20/><E119/><V86/><F86/><W71/><G71/><T14/><D129/><U135/><E116/><V34/><F13/><W91/><G91/><T112/><D62/><U79/><E79/><V97/><F97/><W87/><G87/><T105/><D61/><N who="1" m="38199" /><E135/><V11/><F11/><W51/><G51/><N who="1" m="19498" /><E32/><V59/><F46/><W127/><G127/><T57/><D105/><U99/><E99/><V30/><REACH who="2" step="1"/><F4/><REACH who="2" ten="279,250,240,221" step="2"/><W39/><G39/><T8/><D14/><U134/><E134/><V81/><F81/><AGARI ba="0,1" hai="36,37,81,85,88" m="28233,46199,41577" machi="81" ten="30,2000,0" yaku="14,1,54,1" doraHai="47" who="3" fromWho="2" sc="279,0,250,0,240,-20,221,30" /><INIT seed="3,0,0,2,0,116" ten="279,250,220,251" oya="3" hai0="16,84,68,103,19,36,2,134,13,66,126,79,88" hai1="135,125,60,56,30,67,41,65,81,131,97,70,20" hai2="111,3,26,119,80,33,6,118,122,0,42,54,115" hai3="105,123,21,133,28,101,24,102,110,35,73,90,57"/><W45/><G73/><T47/><D2/><N who="2" m="554" /><F80/><W61/><G105/><T69/><D79/><U124/><E131/><V94/><F94/><W7/><G7/><T25/><D103/><U40/><E135/><V44/><F44/><W114/><G114/><T72/><D134/><U74/><E67/><V78/><F54/><W62/><G133/><T64/><D72/><U1/><E1/><V132/><F42/><W92/><G35/><T4/><D4/><U31/><E70/><V89/><F89/><W59/><G45/><T52/><D69/><U15/><E97/><V27/><F78/><W46/><G46/><T11/><D68/><U8/><E74/><V29/><F132/><W23/><G23/><N who="0" m="13567" /><D126/><N who="1" m="48747" /><E20/><V18/><F115/><W53/><G110/><T38/><D38/><U128/><E81/><V86/><F86/><W50/><G50/><N who="0" m="28767" /><D36/><U109/><E109/><V100/><F6/><W77/><G77/><T107/><D107/><U37/><E37/><V98/><F111/><W49/><G49/><T99/><D99/><U63/><E41/><V5/><F5/><W85/><REACH who="3" step="1"/><G123/><REACH who="3" ten="279,250,220,241" step="2"/><T91/><D91/><U14/><E40/><V12/><F122/><W117/><G117/><T22/><D22/><U127/><E127/><V83/><F119/><W34/><G34/><T32/><D32/><U108/><E108/><V48/><F118/><W93/><G93/><AGARI ba="0,1" hai="11,13,16,64,66,84,88,93" m="28767,13567" machi="93" ten="30,7700,0" yaku="8,1,54,3" doraHai="116" who="0" fromWho="3" sc="279,87,250,0,220,0,241,-77" /><INIT seed="4,0,0,4,0,69" ten="366,250,220,164" oya="0" hai0="131,26,35,61,105,62,59,38,15,41,85,14,74" hai1="125,119,29,31,97,10,123,80,120,79,78,16,56" hai2="98,22,108,107,25,116,50,83,27,49,104,114,11" hai3="46,111,42,88,1,129,8,63,4,57,3,12,91"/><T65/><D105/><U82/><E119/><V9/><F108/><W66/><G111/><T90/><D74/><U94/><E125/><V68/><F68/><W13/><G129/><T128/><D62/><U33/><E123/><V48/><F114/><W55/><G66/><T124/><D124/><U87/><E120/><V109/><F109/><W36/><REACH who="3" step="1"/><G13/><REACH who="3" ten="366,250,220,154" step="2"/><N who="0" m="4619" /><D131/><U127/><E127/><V70/><F116/><W86/><G86/><T37/><D128/><U132/><E87/><V93/><F27/><W40/><G40/><T71/><D41/><U64/><E64/><V52/><F70/><W121/><G121/><T18/><D71/><U101/><E132/><V113/><F113/><W81/><G81/><T110/><D110/><U7/><E82/><V99/><F99/><W103/><G103/><T5/><D85/><U77/><E80/><V118/><F83/><W44/><G44/><T34/><D65/><U43/><E43/><V53/><F118/><W30/><G30/><T84/><D84/><U75/><E31/><N who="2" m="17847" /><F107/><W54/><G54/><N who="2" m="21097" /><F104/><W0/><AGARI ba="0,1" hai="0,1,3,4,8,12,36,42,46,55,57,63,88,91" machi="0" ten="30,7900,0" yaku="1,1,0,1,52,1,54,1,53,0" doraHai="69" doraHaiUra="67" who="3" fromWho="3" sc="366,-39,250,-20,220,-20,154,89" /><INIT seed="5,0,0,1,4,125" ten="327,230,200,243" oya="1" hai0="130,129,45,57,88,109,98,83,26,68,91,115,23" hai1="2,132,13,87,30,27,44,72,116,42,89,94,123" hai2="9,126,49,121,61,37,64,112,122,15,19,58,118" hai3="22,63,114,81,59,6,5,70,11,43,77,124,14"/><U38/><E116/><V135/><F118/><W127/><G70/><T96/><D109/><U65/><E123/><V32/><F37/><W39/><G114/><T104/><D68/><U119/><E119/><V117/><F117/><W8/><G22/><T76/><D115/><U50/><E2/><V33/><F112/><W66/><G43/><T25/><D45/><U60/><E72/><V80/><F126/><W120/><G39/><T46/><D46/><U110/><E110/><V73/><F135/><W93/><G93/><T56/><D104/><U99/><E132/><V113/><F113/><W107/><G107/><T4/><D4/><U69/><E13/><V1/><F1/><W29/><G29/><T67/><D67/><U71/><E71/><V95/><F95/><W31/><G31/><T79/><D23/><U34/><REACH who="1" step="1"/><E38/><REACH who="1" ten="327,220,200,243" step="2"/><V18/><F122/><W7/><G120/><T74/><D74/><U55/><E55/><V86/><F73/><W134/><G134/><T0/><D0/><U54/><E54/><V17/><F121/><W48/><G127/><T24/><D24/><U92/><E92/><V40/><F40/><W78/><G124/><T84/><D83/><U3/><E3/><V128/><F80/><W75/><G14/><T20/><D26/><U90/><E90/><V101/><F15/><W102/><G81/><T35/><D25/><U21/><E21/><V47/><F32/><W105/><G75/><T10/><D20/><U41/><E41/><V111/><F33/><W51/><G105/><T52/><D35/><U100/><E100/><V82/><F101/><RYUUKYOKU ba="0,1" sc="327,-10,220,30,200,-10,243,-10" hai1="27,30,34,42,44,50,60,65,69,87,89,94,99" /><INIT seed="5,1,1,3,2,52" ten="317,250,190,233" oya="1" hai0="113,4,78,41,70,135,97,23,29,51,30,15,112" hai1="8,31,77,110,33,46,130,89,86,38,56,21,102" hai2="99,45,25,22,111,81,129,119,107,24,62,44,19" hai3="92,37,121,43,132,73,101,66,103,54,124,133,42"/><U59/><E33/><V109/><F119/><W83/><G121/><T63/><D135/><N who="3" m="51785" /><G66/><T123/><D123/><U75/><E130/><V26/><F129/><W74/><G124/><T67/><D78/><U2/><E102/><N who="3" m="38922" /><G92/><T18/><D97/><U116/><E116/><V11/><F107/><W104/><G104/><T57/><D4/><N who="1" m="1047" /><E31/><V95/><F111/><W0/><G0/><T28/><REACH who="0" step="1"/><D70/><REACH who="0" ten="307,250,190,233" step="2"/><U131/><E131/><V134/><F134/><W10/><G74/><T96/><D96/><U17/><E86/><V53/><F109/><W49/><G73/><T105/><D105/><U61/><E110/><V34/><F34/><W76/><G76/><T127/><D127/><U72/><E72/><V55/><F99/><W88/><G37/><T115/><D115/><U5/><E5/><V14/><F44/><AGARI ba="1,2" hai="15,18,23,28,29,30,41,44,51,57,63,67,112,113" machi="44" ten="40,2600,0" yaku="1,1,52,1,53,0" doraHai="52" doraHaiUra="84" who="0" fromWho="2" sc="307,49,250,0,190,-29,233,0" /><INIT seed="6,0,0,1,1,51" ten="356,250,161,233" oya="2" hai0="41,14,54,29,101,33,31,5,36,6,38,72,35" hai1="23,98,43,10,82,28,75,59,27,26,120,17,63" hai2="123,11,121,57,30,49,67,122,130,4,79,100,96" hai3="106,118,110,84,105,58,3,55,103,25,66,107,88"/><V94/><F130/><W109/><G3/><T22/><D72/><U91/><E120/><V134/><F134/><W61/><G118/><T87/><D101/><U0/><E43/><V68/><F68/><W102/><G25/><T132/><D132/><U7/><E75/><V81/><F30/><W116/><G116/><T13/><D41/><U44/><E44/><V45/><F57/><W46/><G46/><T37/><D87/><U56/><E63/><V64/><F11/><W90/><G66/><T20/><D38/><U24/><E24/><V86/><REACH who="2" step="1"/><F4/><REACH who="2" ten="356,250,151,233" step="2"/><W113/><G113/><T65/><D5/><U119/><E59/><V2/><F2/><W124/><G124/><T53/><D6/><U129/><E56/><V19/><F19/><W73/><G58/><T135/><D135/><U12/><E129/><V126/><F126/><W114/><G114/><T39/><D39/><U128/><E128/><V1/><F1/><W99/><G61/><T42/><D65/><U48/><E48/><V60/><F60/><W16/><G16/><T108/><D31/><U95/><E28/><V85/><F85/><W40/><G84/><T80/><D29/><U32/><E32/><V111/><F111/><W62/><G110/><T18/><D108/><U52/><E17/><V70/><F70/><W50/><G109/><T77/><D18/><U133/><E133/><V21/><F21/><W131/><G131/><T127/><D22/><U115/><E23/><V97/><F97/><W83/><G99/><T92/><D20/><U76/><E98/><V117/><F117/><W34/><G34/><RYUUKYOKU ba="0,1" sc="356,-10,250,-10,151,30,233,-10" hai2="45,49,64,67,79,81,86,94,96,100,121,122,123" /><INIT seed="6,1,1,5,3,104" ten="346,240,181,223" oya="2" hai0="40,29,0,58,86,48,30,110,70,107,83,52,37" hai1="51,108,23,117,85,132,32,50,44,68,69,90,84" hai2="77,46,3,105,61,10,5,73,124,129,101,1,130" hai3="56,81,119,64,36,102,31,12,112,128,16,106,88"/><V94/><F94/><W34/><G36/><T65/><D110/><U41/><E32/><V27/><F27/><W82/><G119/><T33/><D107/><U45/><E117/><V53/><F124/><W103/><G128/><N who="2" m="49257" /><F105/><W133/><G133/><T25/><D0/><U87/><E132/><V39/><F101/><N who="3" m="38411" /><G106/><T60/><D30/><U115/><E108/><V116/><F116/><W43/><G34/><T49/><D49/><U62/><E23/><V67/><F53/><W122/><G122/><T126/><D126/><U66/><E115/><V120/><F120/><W78/><G112/><T19/><D19/><U109/><E109/><V20/><F20/><N who="3" m="11271" /><G31/><T55/><D55/><U22/><E22/><V91/><F91/><W6/><G78/><T100/><D100/><U92/><E69/><N who="2" m="42223" /><F3/><W35/><G35/><T15/><D15/><U11/><E92/><V111/><F111/><W114/><G114/><T76/><D37/><U123/><E90/><V59/><F59/><W28/><G28/><T127/><D127/><U26/><E123/><V131/><N who="2" m="49265" /><V74/><DORA hai="97" /><F77/><W54/><G64/><T135/><D135/><U14/><E26/><V13/><F13/><W118/><G118/><T95/><D76/><U24/><E24/><V47/><F47/><W113/><G113/><T71/><D33/><U98/><E98/><V93/><F93/><W125/><G125/><T7/><D95/><U8/><E14/><V79/><F79/><W75/><G88/><T89/><D29/><U63/><E63/><V42/><AGARI ba="1,1" hai="1,5,10,39,42,46,73,74" m="42223,49265" machi="42" ten="40,12000,1" yaku="19,1,23,1,52,2" doraHai="104,97" who="2" fromWho="2" sc="346,-41,240,-41,181,133,223,-41" /><INIT seed="6,2,0,5,2,113" ten="305,199,314,182" oya="2" hai0="48,10,35,31,124,99,45,116,132,107,60,12,51" hai1="55,77,22,46,78,19,27,101,28,95,9,83,32" hai2="73,123,29,125,91,117,8,111,67,71,127,90,66" hai3="4,92,75,24,100,79,62,129,21,15,3,23,49"/><V98/><F123/><W74/><G129/><T96/><D116/><U18/><E32/><V134/><F73/><W59/><G3/><T103/><D132/><U120/><E120/><V63/><F134/><W70/><G70/><T85/><D124/><N who="2" m="47690" /><F111/><W36/><G36/><T6/><D96/><N who="1" m="59551" /><E9/><V104/><F67/><N who="3" m="39391" /><G79/><N who="1" m="30218" /><E83/><V40/><F40/><W118/><G118/><T37/><D60/><U135/><E135/><V65/><F65/><W50/><G74/><T1/><D1/><U130/><E130/><V115/><F115/><W57/><G75/><T89/><D35/><U93/><E93/><V131/><F131/><W106/><G106/><T56/><D31/><U2/><E2/><V25/><F8/><N who="3" m="4487" /><G57/><T86/><D37/><U39/><E39/><V94/><F104/><W53/><G53/><T68/><D68/><U84/><E84/><V122/><F122/><W7/><G7/><T20/><D56/><U88/><E55/><V43/><F43/><W33/><G33/><T80/><D86/><U119/><E119/><V13/><F117/><W42/><G42/><T64/><D64/><U17/><E46/><V72/><F72/><W0/><G0/><T76/><D45/><U34/><E34/><N who="2" m="20783" /><F90/><AGARI ba="2,0" hai="17,18,19,22,27,28,88,90" m="30218,59551" machi="90" ten="30,2000,0" yaku="8,1,54,1" doraHai="113" who="1" fromWho="2" sc="305,0,199,26,314,-26,182,0" /><INIT seed="7,0,0,3,2,7" ten="305,225,288,182" oya="3" hai0="82,62,89,6,102,58,63,85,100,121,112,114,69" hai1="83,53,1,86,68,72,30,5,78,67,133,12,55" hai2="64,52,107,14,47,131,88,115,50,35,135,21,28" hai3="26,11,24,29,110,65,96,54,123,17,81,73,84"/><W116/><G123/><T3/><D121/><U126/><E1/><V74/><F74/><W70/><G73/><T132/><D132/><U80/><E133/><V61/><F107/><W117/><G110/><T31/><D31/><U36/><E36/><V20/><F135/><W60/><G96/><T13/><D3/><U108/><E108/><V113/><F131/><W97/><G97/><T66/><D13/><U71/><E126/><V40/><F88/><W9/><G54/><N who="0" m="34135" /><D6/><U92/><E30/><V106/><F106/><W51/><G51/><T90/><D90/><U124/><E124/><V39/><F14/><W49/><G49/><T111/><D111/><U109/><E109/><V105/><F105/><W118/><G17/><T0/><D0/><U38/><E38/><V119/><F119/><W129/><G129/><T128/><D128/><U76/><E92/><V122/><F35/><W16/><G16/><T45/><D45/><U33/><E33/><V8/><F8/><W46/><G46/><T10/><D10/><U101/><E101/><V77/><F77/><N who="1" m="29801" /><E86/><V79/><F79/><W125/><G125/><T75/><D75/><U18/><E83/><V34/><F34/><N who="3" m="20775" /><G26/><T57/><D69/><N who="1" m="26699" /><E80/><V25/><F20/><W41/><G41/><T37/><D37/><U103/><E72/><V43/><F122/><W59/><G70/><T91/><D91/><U99/><E5/><V104/><F104/><W134/><G134/><T94/><D82/><U48/><E48/><V44/><F43/><W56/><G56/><T87/><D87/><U27/><E99/><V120/><F120/><RYUUKYOKU ba="0,0" sc="305,10,225,-30,288,10,182,10" hai0="57,63,66,85,89,94,100,102,112,114" hai2="21,25,28,39,40,44,47,50,52,61,64,113,115" hai3="9,11,59,60,65,81,84,116,117,118" /><INIT seed="7,1,0,2,1,121" ten="315,195,298,192" oya="3" hai0="11,99,95,15,94,89,25,52,33,126,64,31,114" hai1="88,49,135,23,2,130,53,1,55,6,90,83,56" hai2="69,118,27,120,103,48,7,97,10,42,60,87,96" hai3="24,91,122,86,74,104,21,12,46,119,127,63,116"/><W132/><G122/><T81/><D126/><U117/><E135/><V73/><F73/><W32/><G74/><T67/><D114/><U109/><E109/><V101/><F118/><W41/><G104/><T110/><D110/><U0/><E117/><V76/><F69/><W57/><G132/><T35/><D35/><U20/><E6/><V54/><F120/><W5/><G32/><T36/><D36/><U17/><E130/><V115/><F115/><W40/><G127/><T128/><D128/><U131/><E131/><V93/><F60/><W28/><G119/><T113/><D113/><U66/><E66/><V58/><F42/><W30/><G30/><T78/><D95/><U92/><E83/><N who="2" m="47591" /><F27/><W70/><G70/><T133/><D133/><U8/><E8/><V29/><F29/><W4/><G116/><T45/><D45/><U75/><E75/><V111/><F111/><W37/><G12/><T39/><D39/><U43/><E43/><N who="3" m="16458" /><G46/><T77/><D52/><U3/><E3/><V68/><F68/><W112/><G112/><T34/><D34/><U65/><E65/><V102/><F97/><W82/><G37/><T18/><D78/><U108/><E108/><V79/><F79/><W13/><G13/><AGARI ba="1,0" hai="7,10,13,48,54,58,93,96,101,102,103" m="47591" machi="13" ten="30,1000,0" yaku="8,1" doraHai="121" who="2" fromWho="3" sc="315,0,195,0,298,13,192,-13" owari="315,41.0,195,-20.0,311,11.0,179,-32.0" /></mjloggm>