<mjloggm ver="2.3"><GO type="169"/><UN n0="%EF%BC%88%E2%89%A7%E2%96%BD%E2%89%A6%EF%BC%89" n1="%E3%82%B1%E3%83%B3%E3%83%88%E3%83%AF%E3%83%B3" n2="%6D%61%63%6A%72" n3="%E6%9D%A5%E6%A0%96%E9%B3%A5" dan="18,16,16,16" rate="2244,2083,2098,2149" sx="M,M,F,M"/><TAIKYOKU oya="0"/><INIT seed="0,0,0,5,1,122" ten="250,250,250,250" oya="0" hai0="21,60,109,34,55,79,6,77,84,90,49,15,68" hai1="47,67,128,123,59,0,64,78,44,30,63,27,66" hai2="101,54,25,28,38,40,116,82,107,98,80,74,13" hai3="18,121,51,127,86,125,75,50,104,8,106,113,117"/><T83/><D34/><U45/><E123/><V11/><F116/><W57/><G121/><T52/><D109/><U35/><E0/><V26/><F74/><W42/><G75/><T76/><D68/><U126/><E126/><N who="3" m="48138" /><G117/><T37/><D37/><U81/><REACH who="1" step="1"/><E128/><REACH who="1" ten="250,240,250,250" step="2"/><V62/><F80/><W88/><G113/><T85/><D60/><U9/><E9/><V131/><F82/><W36/><G8/><N who="0" m="4503" /><D21/><U91/><E91/><V99/><F131/><W58/><G42/><T124/><D124/><U118/><E118/><V119/><F40/><W24/><G36/><T43/><D84/><AGARI ba="0,1" hai="27,30,35,44,45,47,59,63,64,66,67,78,81,84" machi="84" ten="40,1300,0" yaku="1,1,53,0" doraHai="122" doraHaiUra="4" who="1" fromWho="0" sc="250,-13,240,23,250,0,250,0" /><INIT seed="1,0,0,3,1,15" ten="237,263,250,250" oya="1" hai0="83,112,118,131,56,71,30,50,95,60,4,126,84" hai1="34,123,114,94,37,47,51,26,67,8,17,6,40" hai2="10,2,93,99,73,62,116,65,48,43,46,109,122" hai3="0,63,3,72,58,5,39,29,33,36,121,98,76"/><U77/><E123/><V88/><F116/><W52/><G121/><T31/><D112/><U59/><E114/><V91/><F109/><W45/><G3/><T11/><D118/><U102/><E77/><V27/><F73/><W134/><G134/><T66/><D126/><U69/><E34/><V24/><F122/><W70/><G98/><T44/><D95/><U81/><E81/><V89/><F2/><W104/><G104/><T18/><D71/><U55/><E6/><V108/><F10/><W119/><G119/><T42/><D131/><U38/><E38/><V133/><F108/><W14/><G0/><T120/><D120/><U25/><E94/><V35/><F133/><W49/><G29/><T28/><D18/><U13/><REACH who="1" step="1"/><E102/><REACH who="1" ten="237,253,250,250" step="2"/><V97/><F35/><W80/><G33/><T78/><REACH who="0" step="1"/><D31/><REACH who="0" ten="227,253,250,250" step="2"/><U86/><E86/><V68/><REACH who="2" step="1"/><F97/><REACH who="2" ten="227,253,240,250" step="2"/><W74/><G74/><T90/><D90/><AGARI ba="0,3" hai="24,27,43,46,48,62,65,68,88,89,90,91,93,99" machi="90" ten="40,5200,0" yaku="1,1,2,1,54,1,53,0" doraHai="15" doraHaiUra="124" who="2" fromWho="0" sc="227,-52,253,0,240,82,250,0" /><INIT seed="2,0,0,1,4,100" ten="175,253,322,250" oya="2" hai0="2,108,21,7,34,22,59,20,135,24,119,16,80" hai1="17,70,51,48,55,115,123,112,84,99,92,75,73" hai2="97,91,87,69,57,94,33,124,71,47,101,8,129" hai3="4,78,11,125,105,44,43,28,106,96,46,103,72"/><V49/><F33/><W85/><G125/><T68/><D68/><U50/><E70/><V109/><F124/><W132/><G46/><T116/><D59/><U131/><E131/><V134/><F129/><W5/><G5/><T36/><D36/><U127/><E127/><V61/><F134/><W62/><G28/><N who="0" m="19719" /><D80/><U25/><E55/><V107/><F8/><W130/><G62/><T9/><D135/><U1/><E1/><V113/><F109/><W81/><G130/><T93/><D93/><U13/><E25/><V102/><F102/><W38/><G85/><T10/><D108/><U53/><E53/><V86/><F86/><W111/><G111/><T82/><D82/><U117/><E84/><V121/><F113/><W19/><G19/><T114/><D114/><U79/><E117/><N who="0" m="45129" /><D10/><U89/><E115/><V133/><F133/><W126/><G132/><T104/><D104/><U42/><E112/><V14/><F71/><W32/><G126/><T39/><D39/><U110/><E110/><V23/><F69/><W122/><G122/><T128/><D128/><U76/><E42/><V3/><F121/><W29/><G29/><T12/><AGARI ba="0,0" hai="2,7,9,12,16,20,21,22" m="45129,19719" machi="12" ten="30,8000,1" yaku="24,1,12,1,34,2,54,1" doraHai="100" who="0" fromWho="0" sc="175,80,253,-20,322,-40,250,-20" /><INIT seed="3,0,0,3,0,77" ten="255,233,282,230" oya="3" hai0="118,133,35,135,13,0,11,82,95,14,22,60,20" hai1="47,84,67,70,71,124,73,56,53,80,25,130,5" hai2="6,61,131,98,69,63,115,43,38,4,110,103,113" hai3="89,96,68,19,44,117,36,8,31,91,58,51,29"/><W37/><G68/><T46/><D35/><U54/><E67/><V123/><F110/><W104/><G117/><T74/><D118/><U114/><E114/><V39/><F131/><W2/><G89/><T99/><D60/><U112/><E112/><V66/><F123/><W122/><G122/><T1/><D46/><U132/><E130/><V108/><F108/><W33/><G33/><T83/><D11/><U28/><E73/><V65/><F43/><W62/><G37/><T18/><D74/><U64/><E64/><V109/><F109/><W7/><G36/><T12/><D0/><U40/><E5/><V79/><F79/><W48/><G19/><N who="0" m="10359" /><D12/><U119/><E119/><V121/><F121/><W93/><G51/><T26/><D26/><U23/><E124/><V129/><F129/><W126/><G104/><T27/><D27/><U72/><E72/><V9/><F9/><W32/><G32/><T88/><D1/><U85/><E85/><V101/><F98/><W102/><G102/><T57/><D57/><U90/><E132/><AGARI ba="0,0" hai="13,18,22,82,83,88,95,99,132,133,135" m="10359" machi="132" ten="30,7700,0" yaku="20,1,52,2,54,1" doraHai="77" who="0" fromWho="1" sc="255,77,233,-77,282,0,230,0" /><INIT seed="4,0,0,5,2,86" ten="332,156,282,230" oya="0" hai0="49,88,123,113,84,34,82,133,31,132,91,112,63" hai1="73,95,16,129,1,6,104,99,39,122,48,116,25" hai2="108,57,107,35,7,32,17,0,43,40,46,79,105" hai3="66,23,74,125,72,103,127,98,26,100,126,124,118"/><T13/><D123/><U106/><E122/><V28/><F108/><W52/><N who="3" m="31744" /><DORA hai="47" /><W50/><G66/><T20/><D34/><U94/><E116/><V19/><F79/><W22/><G118/><T92/><D63/><U85/><E73/><V110/><F7/><W18/><G23/><T119/><D49/><U89/><E39/><V24/><F0/><W76/><G76/><T93/><D119/><U59/><E129/><V61/><F35/><W38/><G38/><T134/><D13/><U54/><E6/><V44/><F107/><W130/><G103/><T15/><D15/><U33/><E1/><V128/><F105/><N who="3" m="63639" /><G130/><T5/><D5/><U97/><E85/><V109/><F128/><W14/><G14/><T69/><D69/><U67/><E67/><V64/><F109/><W53/><G53/><T12/><D12/><U78/><E78/><V111/><F111/><W36/><G36/><T114/><D91/><U96/><E96/><V117/><F117/><W131/><G131/><T55/><D55/><U10/><E10/><V45/><F110/><W81/><G81/><T71/><D71/><U115/><E115/><V42/><AGARI ba="0,0" hai="17,19,24,28,32,40,42,43,44,45,46,57,61,64" machi="42" ten="30,1100,0" yaku="0,1" doraHai="86,47" who="2" fromWho="2" sc="332,-5,156,-3,282,11,230,-3" /><INIT seed="5,0,0,0,2,32" ten="327,153,293,227" oya="1" hai0="114,18,21,30,48,71,53,10,124,87,28,88,65" hai1="74,67,25,19,54,107,104,109,5,115,82,117,99" hai2="7,9,78,27,100,4,58,102,60,106,132,108,66" hai3="85,47,36,118,119,56,26,37,29,8,128,80,103"/><U22/><E117/><N who="3" m="44554" /><G103/><T129/><D71/><U75/><E115/><V86/><F108/><W133/><G133/><T13/><D65/><U63/><E109/><V101/><F132/><W111/><G111/><T72/><D72/><U44/><E5/><V12/><F106/><W89/><G128/><T122/><D122/><U42/><E54/><V40/><F40/><W126/><G126/><T68/><D68/><U0/><E0/><V50/><F50/><W93/><G47/><N who="0" m="27807" /><D114/><U33/><E33/><V121/><F121/><W83/><G56/><T3/><D3/><U123/><E123/><V55/><F27/><W14/><G80/><N who="0" m="49255" /><D129/><U135/><E135/><V134/><F134/><W57/><G83/><T84/><D84/><U131/><E131/><V1/><F66/><W94/><G57/><T91/><D91/><U43/><E82/><N who="2" m="47447" /><F1/><W59/><G94/><T23/><D124/><U130/><E130/><V77/><F77/><W39/><G59/><T17/><D23/><U52/><E67/><V62/><F62/><W76/><G76/><T110/><D110/><U116/><E116/><V69/><F69/><W113/><G113/><T92/><D92/><U79/><E79/><V112/><F112/><W24/><G29/><T20/><D20/><U6/><E107/><V34/><F34/><W64/><G64/><T73/><D73/><N who="1" m="27659" /><E6/><AGARI ba="0,0" hai="4,6,7,9,12,55,58,60,100,101,102" m="47447" machi="6" ten="30,1000,0" yaku="8,1" doraHai="32" who="2" fromWho="1" sc="327,0,153,-10,293,10,227,0" /><AGARI ba="0,0" hai="6,8,14,24,26,36,37,39,85,89,93" m="44554" machi="6" ten="40,1300,0" yaku="12,1" doraHai="32" who="3" fromWho="1" sc="327,0,143,-13,303,0,227,13" /><INIT seed="6,0,0,4,4,24" ten="327,130,303,240" oya="2" hai0="2,29,77,69,130,7,4,90,94,73,17,43,89" hai1="74,70,96,117,115,105,116,65,33,60,83,124,14" hai2="25,66,20,61,75,63,15,82,13,49,32,104,109" hai3="97,125,56,44,62,95,71,55,107,99,86,27,40"/><V106/><F109/><W51/><G125/><T39/><D69/><U112/><E14/><V133/><F133/><W34/><G107/><T30/><D130/><U103/><E124/><V134/><F134/><W92/><G86/><N who="0" m="52535" /><D39/><U36/><E36/><V132/><F132/><W68/><G34/><T38/><D38/><U1/><E1/><V19/><F61/><W5/><G5/><N who="0" m="2123" /><D73/><U41/><E41/><V12/><F32/><W135/><G135/><T50/><D77/><U84/><E84/><V118/><F118/><W111/><G111/><T126/><D126/><U11/><E11/><V48/><F75/><W81/><G81/><T16/><D90/><U108/><E108/><V46/><F82/><W113/><G113/><T64/><D64/><U52/><E52/><V3/><F3/><W128/><G128/><T100/><D100/><U76/><REACH who="1" step="1"/><E33/><REACH who="1" ten="327,120,303,240" step="2"/><V53/><F48/><W18/><G99/><T98/><D98/><U31/><E31/><N who="0" m="11785" /><D2/><U91/><E91/><V23/><F20/><W78/><G97/><T35/><D35/><U121/><E121/><V37/><F37/><W122/><G78/><T129/><D129/><U45/><E45/><AGARI ba="0,1" hai="16,17,43,45,50" m="11785,2123,52535" machi="45" ten="30,8000,1" yaku="8,1,52,3,54,1" doraHai="24" who="0" fromWho="1" sc="327,90,120,-80,303,0,240,0" /><INIT seed="7,0,0,4,4,37" ten="417,40,303,240" oya="3" hai0="56,24,12,95,122,38,90,57,127,61,111,13,94" hai1="15,69,85,55,84,75,36,74,99,11,117,9,3" hai2="8,4,81,28,35,88,32,7,97,60,71,120,106" hai3="83,72,30,58,93,130,29,16,119,41,67,91,59"/><W123/><G123/><T39/><D111/><U78/><E69/><V48/><F120/><W66/><G130/><T79/><D39/><U45/><E99/><V135/><F135/><W20/><G119/><T129/><D38/><U23/><E36/><V126/><F126/><W77/><G41/><T76/><D127/><U102/><E102/><V2/><F4/><W0/><G0/><T80/><D24/><U110/><E23/><V26/><F35/><W33/><G33/><T46/><D46/><U21/><E21/><V92/><F106/><W17/><G17/><T96/><D57/><N who="3" m="21513" /><G72/><T53/><D129/><U22/><E22/><V103/><F48/><W89/><G89/><N who="0" m="55375" /><D80/><U104/><E104/><V6/><F6/><W112/><G83/><T43/><D43/><U113/><E110/><V128/><F128/><W10/><G112/><T34/><D34/><U65/><E113/><V115/><F115/><W54/><G10/><T31/><D31/><N who="3" m="11785" /><G77/><N who="0" m="29771" /><D122/><U105/><E117/><V51/><F51/><W107/><G54/><T114/><D114/><U5/><E105/><V100/><REACH who="2" step="1"/><F81/><REACH who="2" ten="417,40,293,240" step="2"/><W68/><G107/><T118/><D118/><U62/><E5/><V131/><F131/><W132/><G132/><T18/><D61/><U124/><E62/><V42/><F42/><W101/><G68/><T87/><D53/><U47/><E55/><V116/><F116/><W52/><G52/><T70/><D70/><U82/><E124/><V44/><F44/><W49/><G49/><T98/><D56/><U50/><E50/><V86/><F86/><N who="3" m="52471" /><G101/><T73/><D87/><U14/><E84/><RYUUKYOKU ba="0,1" sc="417,-15,40,-15,293,15,240,15" hai2="2,7,8,26,28,32,60,71,88,92,97,100,103" hai3="16,20,66,67" /><INIT seed="7,1,1,2,1,135" ten="402,25,308,255" oya="3" hai0="8,39,88,56,100,71,110,114,82,21,104,86,93" hai1="73,54,22,76,35,119,92,29,97,66,58,127,129" hai2="52,45,3,30,10,64,6,125,77,130,98,57,115" hai3="70,133,68,89,43,31,126,111,13,14,123,44,15"/><W79/><G123/><T1/><D39/><U51/><E35/><V59/><F115/><W74/><G133/><T16/><D71/><U23/><E119/><V120/><F120/><W124/><G111/><T67/><D110/><U41/><E129/><V61/><F130/><W50/><G31/><T99/><D114/><U107/><E107/><V12/><F125/><N who="3" m="48235" /><G89/><T17/><D1/><U128/><E127/><V108/><F108/><W117/><G117/><T46/><D46/><U38/><E128/><V20/><F77/><W4/><G4/><T2/><D2/><U7/><E7/><V131/><F131/><W11/><G11/><T112/><D112/><U134/><E134/><V103/><F30/><W122/><G122/><T121/><D121/><U5/><E5/><V18/><F45/><W25/><G25/><T75/><D8/><U113/><E113/><V40/><F40/><W33/><G33/><T81/><D21/><U34/><E34/><V85/><F85/><W36/><G36/><T95/><D17/><U49/><E38/><V24/><F3/><W96/><G96/><T102/><D16/><U55/><E29/><V83/><F83/><AGARI ba="1,1" hai="13,14,15,43,44,50,68,70,74,79,83" m="48235" machi="83" ten="30,11600,0" yaku="18,1,52,3" doraHai="135" who="3" fromWho="2" sc="402,0,25,0,308,-119,255,129" /><INIT seed="7,2,0,0,3,56" ten="402,25,189,384" oya="3" hai0="11,50,119,60,43,82,24,116,68,92,117,127,72" hai1="59,18,108,125,39,74,47,37,9,91,71,75,123" hai2="49,118,10,51,78,77,110,87,25,130,122,93,38" hai3="46,23,53,135,114,98,58,54,42,62,52,67,126"/><W120/><G120/><T5/><D127/><U103/><E123/><V57/><F87/><W8/><G126/><T6/><D6/><U85/><E125/><V121/><F57/><W64/><G135/><T17/><D17/><U79/><E71/><V61/><F93/><W35/><G35/><T48/><D24/><U84/><E108/><V69/><F10/><W34/><G34/><T76/><D92/><U109/><E109/><V133/><F25/><W44/><G98/><T99/><D99/><U16/><E103/><V124/><F38/><N who="3" m="21591" /><G23/><T55/><D43/><U97/><E97/><V66/><F78/><W27/><G8/><T70/><D60/><U13/><E79/><V107/><F107/><W45/><G27/><T2/><REACH who="0" step="1"/><D48/><REACH who="0" ten="392,25,189,384" step="2"/><U131/><E131/><V106/><F51/><N who="3" m="31071" /><G114/><T28/><D28/><U129/><E129/><V4/><F49/><N who="3" m="28847" /><G62/><T7/><D7/><U29/><E29/><V21/><F130/><W102/><G102/><T31/><D31/><U63/><E39/><V83/><F124/><W104/><G104/><T19/><D19/><U1/><E1/><V96/><F121/><W32/><G32/><T3/><D3/><U22/><E37/><V65/><F110/><W100/><G100/><T89/><D89/><U36/><E36/><V132/><F122/><W128/><G128/><T81/><D81/><U20/><E63/><V115/><F61/><W94/><G94/><T33/><D33/><U80/><E91/><V30/><F132/><W26/><G26/><T14/><D14/><U12/><E12/><V134/><F133/><W86/><G86/><RYUUKYOKU ba="2,1" sc="392,15,25,-15,189,-15,384,15" hai0="2,5,11,50,55,68,70,72,76,82,116,117,119" hai3="46,52,64,67" /><INIT seed="7,3,1,5,2,133" ten="407,10,174,399" oya="3" hai0="66,127,42,129,77,47,61,32,59,90,35,45,112" hai1="18,38,118,53,103,44,78,43,79,37,97,41,2" hai2="92,46,55,124,115,34,108,128,0,116,125,28,69" hai3="132,88,122,121,76,56,95,23,48,5,63,4,74"/><W86/><G132/><T1/><D1/><U84/><E2/><V75/><F92/><W26/><G74/><T10/><D127/><U14/><E118/><V119/><F28/><W111/><G111/><T102/><D129/><U101/><E101/><V40/><F34/><W16/><G76/><T100/><D112/><U110/><E110/><V72/><F0/><W49/><G121/><T25/><D35/><U83/><E53/><V60/><F72/><W107/><G107/><T9/><D77/><U12/><E79/><V17/><F17/><W11/><G122/><T89/><D32/><U52/><E14/><V85/><F85/><W131/><G131/><T24/><D42/><U39/><E43/><V27/><F27/><N who="0" m="10314" /><D102/><U68/><E68/><V114/><F75/><W99/><G99/><T98/><D100/><U104/><E41/><V3/><F3/><W29/><G29/><T91/><D98/><U21/><E39/><V7/><F7/><N who="3" m="2635" /><G11/><AGARI ba="3,1" hai="9,10,11,45,47,59,61,66,89,90,91" m="10314" machi="11" ten="30,1000,0" yaku="8,1" doraHai="133" who="0" fromWho="3" sc="407,29,10,0,174,0,399,-19" owari="436,54.0,10,-49.0,174,-23.0,380,18.0" /></mjloggm>