<mjloggm ver="2.3"><GO type="169" lobby="0"/><UN n0="%E3%81%B2%E3%81%BD%E3%81%8D%E3%82%88%E3%81%97" n1="%EF%BC%88%E2%89%A7%E2%96%BD%E2%89%A6%EF%BC%89" n2="%E3%82%82%E3%81%97%E3%83%A9%E3%82%B9%E3%81%A7" n3="%E5%AF%9B%E3%83%94%E3%82%A8%E3%83%AD" dan="18,17,16,16" rate="2189.44,2142.94,2069.34,2095.62" sx="M,M,M,M"/><TAIKYOKU oya="0"/><INIT seed="0,0,0,1,5,28" ten="250,250,250,250" oya="0" hai0="111,3,58,22,86,88,57,69,79,83,59,87,31" hai1="30,70,99,132,90,131,94,110,10,93,123,48,135" hai2="127,77,25,52,85,126,17,103,78,0,115,11,104" hai3="14,32,34,19,47,120,63,119,21,4,51,73,46"/><T100/><D3/><U125/><E70/><V12/><F115/><W26/><G73/><T82/><D111/><U35/><E123/><V53/><F104/><W68/><G120/><T109/><D109/><U43/><E110/><V15/><F103/><W44/><G119/><T128/><D128/><U45/><E131/><V71/><F71/><W89/><G89/><T124/><D124/><U76/><E125/><V1/><F85/><W18/><G4/><T133/><D133/><N who="1" m="51275" /><E76/><V60/><F60/><W64/><REACH who="3" step="1"/><G51/><REACH who="3" ten="250,250,250,240" step="2"/><T130/><D130/><U36/><E48/><V106/><F127/><W72/><G72/><T98/><D69/><U118/><E118/><V27/><F126/><W67/><G67/><T56/><N who="0" m="14336" /><DORA hai="38" /><T113/><D113/><U134/><E134/><V50/><F50/><W62/><G62/><T54/><D54/><U9/><E93/><V105/><REACH who="2" step="1"/><F11/><AGARI ba="0,1" hai="11,14,18,19,21,26,32,34,44,46,47,63,64,68" machi="11" ten="40,5200,0" yaku="1,1,52,2,53,0" doraHai="28,38" doraHaiUra="91,122" who="3" fromWho="2" sc="250,0,250,0,250,-52,240,62" /><INIT seed="1,0,0,3,3,20" ten="250,250,198,302" oya="1" hai0="45,111,120,98,99,50,40,60,26,77,73,87,123" hai1="89,132,105,81,125,8,49,102,112,79,134,75,17" hai2="69,96,104,19,82,119,55,46,74,0,116,126,42" hai3="31,92,5,43,71,63,35,22,124,15,16,91,6"/><U115/><E49/><V33/><F55/><W4/><G124/><T101/><D111/><U53/><E53/><V61/><F19/><W13/><G43/><T86/><D73/><U72/><E8/><V133/><F126/><W56/><G71/><T85/><D77/><U2/><E2/><V70/><F133/><N who="1" m="51305" /><E17/><V84/><F84/><N who="3" m="52327" /><G35/><T37/><D60/><U27/><E125/><V95/><F95/><W32/><G32/><T97/><D37/><U110/><E110/><V52/><F52/><N who="3" m="34183" /><G31/><T128/><D128/><U44/><E72/><V129/><F129/><W135/><G135/><T41/><D41/><U117/><E105/><V76/><F0/><W3/><G3/><T93/><D120/><U118/><E75/><V58/><F33/><W47/><G47/><T39/><D39/><U11/><E44/><V59/><F59/><W106/><G106/><T24/><D123/><U54/><E112/><V68/><F58/><W9/><AGARI ba="0,0" hai="4,5,6,9,13,15,16,22" m="34183,52327" machi="9" ten="30,4000,0" yaku="8,1,54,2" doraHai="20" who="3" fromWho="3" sc="250,-10,250,-20,198,-10,302,40" /><INIT seed="2,0,0,5,2,36" ten="240,230,188,342" oya="2" hai0="131,3,64,41,118,116,46,0,40,108,95,18,14" hai1="2,78,27,84,135,105,1,96,73,44,132,67,102" hai2="7,48,32,126,133,112,24,111,8,81,113,57,68" hai3="128,17,92,114,16,101,115,65,50,38,94,21,86"/><V55/><F68/><W54/><G38/><T87/><D46/><U122/><E122/><V74/><F133/><N who="1" m="51273" /><E67/><V91/><F126/><W85/><G128/><T134/><D134/><U15/><E27/><V20/><F32/><W125/><G65/><T66/><D108/><U89/><E15/><V30/><F111/><W5/><G5/><T99/><D131/><U121/><E121/><V98/><F98/><W28/><G125/><T34/><D34/><U127/><E127/><V31/><F31/><W124/><G124/><T62/><D66/><U109/><E44/><V90/><F90/><W29/><G17/><T9/><D87/><U82/><E109/><V70/><F70/><W52/><G101/><T58/><D0/><U107/><E107/><V69/><F69/><W4/><G4/><T117/><REACH who="0" step="1"/><D3/><REACH who="0" ten="230,230,188,342" step="2"/><U11/><E11/><V79/><F91/><AGARI ba="0,1" hai="9,14,18,40,41,58,62,64,91,95,99,116,117,118" machi="91" ten="40,8000,1" yaku="1,1,2,1,12,1,52,2,53,0" doraHai="36" doraHaiUra="35" who="0" fromWho="2" sc="230,90,230,0,188,-80,342,0" /><INIT seed="3,0,0,0,0,94" ten="320,230,108,342" oya="3" hai0="37,26,62,123,40,57,29,118,132,108,92,9,117" hai1="69,60,12,97,44,74,83,63,116,68,11,134,112" hai2="10,35,76,122,96,45,59,50,51,121,124,17,115" hai3="119,3,22,135,79,19,4,102,86,73,23,56,25"/><W49/><G119/><T38/><D108/><U28/><E112/><V14/><F35/><W7/><G135/><T90/><D132/><U101/><E134/><V88/><F115/><W43/><G3/><T107/><D107/><U75/><E116/><V133/><F76/><W72/><G102/><T130/><D130/><U8/><E28/><V100/><F133/><W16/><G72/><T110/><D110/><U21/><E21/><V39/><F124/><W103/><G73/><T36/><D123/><U127/><E127/><V77/><F77/><W91/><G79/><T89/><D40/><U105/><E44/><V48/><F59/><W15/><G103/><T2/><D89/><U66/><E83/><V42/><REACH who="2" step="1"/><F88/><REACH who="2" ten="320,230,98,342" step="2"/><W67/><G56/><T53/><D118/><U106/><E74/><V1/><F1/><W47/><REACH who="3" step="1"/><G67/><REACH who="3" ten="320,230,98,332" step="2"/><T61/><D2/><U27/><E66/><V125/><F125/><W131/><G131/><T30/><D117/><U46/><E75/><V33/><F33/><W82/><AGARI ba="0,2" hai="4,7,15,16,19,22,23,25,43,47,49,82,86,91" machi="82" ten="20,12000,1" yaku="1,1,0,1,7,1,8,1,54,1,53,0" doraHai="94" doraHaiUra="5" who="3" fromWho="3" sc="320,-40,230,-40,98,-40,332,140" /><INIT seed="3,1,0,4,2,20" ten="280,190,58,472" oya="3" hai0="37,38,96,59,44,78,92,35,34,64,85,130,90" hai1="32,12,65,50,83,115,49,27,61,75,86,48,77" hai2="6,39,7,110,79,71,2,25,102,94,74,33,67" hai3="105,128,52,53,54,111,17,100,133,97,14,98,31"/><W47/><G133/><T122/><D130/><U15/><E115/><V3/><F39/><W19/><G128/><T70/><D37/><U68/><REACH who="1" step="1"/><E75/><REACH who="1" ten="280,180,58,472" step="2"/><V4/><F74/><W76/><G111/><T81/><D122/><U8/><E8/><V99/><F110/><W18/><G47/><T123/><D123/><U45/><E45/><V69/><F79/><W82/><G76/><T28/><D44/><U134/><E134/><V93/><F3/><W66/><G14/><T0/><D0/><U22/><E22/><V132/><F2/><W46/><G46/><T55/><D38/><U114/><E114/><V120/><F132/><W126/><G126/><T23/><D70/><U9/><E9/><V16/><F120/><W57/><G57/><T124/><D124/><U87/><E87/><V42/><F71/><W116/><G97/><T60/><D78/><U36/><E36/><V51/><F42/><W107/><G98/><T73/><D73/><U129/><E129/><V21/><F33/><W13/><G13/><T131/><D131/><U29/><AGARI ba="1,1" hai="12,15,27,29,32,48,49,50,61,65,68,77,83,86" machi="29" ten="30,4000,0" yaku="1,1,0,1,52,1,53,0" doraHai="20" doraHaiUra="121" who="1" fromWho="1" sc="280,-11,180,53,58,-11,472,-21" /><INIT seed="4,0,0,0,3,122" ten="269,233,47,451" oya="0" hai0="19,51,115,82,60,25,3,74,14,31,117,112,63" hai1="39,55,41,56,11,84,27,33,52,89,98,46,123" hai2="118,133,34,36,107,85,121,43,126,132,1,57,5" hai3="22,124,130,94,96,87,72,26,102,79,48,111,16"/><T73/><D117/><U10/><E123/><V21/><F85/><W106/><G111/><T0/><D82/><U30/><E98/><V70/><F57/><W104/><G124/><T23/><D0/><U109/><E109/><V120/><F21/><W116/><G116/><T7/><D74/><U58/><E58/><V99/><F5/><W40/><G130/><T83/><D3/><U67/><E67/><V15/><F15/><W127/><G127/><T135/><D135/><U92/><REACH who="1" step="1"/><E55/><REACH who="1" ten="269,223,47,451" step="2"/><V97/><F97/><W24/><G96/><T95/><D115/><U64/><E64/><V90/><F99/><W65/><G65/><T9/><D112/><U77/><E77/><V62/><F43/><W50/><G79/><T125/><D125/><U47/><E47/><V20/><F62/><AGARI ba="0,1" hai="10,11,27,30,33,39,41,46,52,56,62,84,89,92" machi="62" ten="30,7700,0" yaku="1,1,7,1,54,1,53,1" doraHai="122" doraHaiUra="91" who="1" fromWho="2" sc="269,0,223,87,47,-77,451,0" owari="269,-13.0,310,11.0,-30,-53.0,451,55.0" /></mjloggm>