<mjloggm ver="2.3"><GO type="41"/><UN n0="%E3%82%A6%E3%83%AB%E3%83%88%E3%83%A9%E7%AB%8B%E7%9B%B4" n1="%E3%83%93%E3%83%A9%E3%83%93%E3%83%A9%E5%90%9B" n2="%E5%96%9C%E7%B7%91%E6%B1%9F%E7%BE%8E%E9%87%8C" n3="%E3%82%B6%E3%83%BB%E6%8C%AF%E3%82%8A%E8%BE%BC%E3%81%BF" dan="15,14,14,13" rate="2015,1979,1925,1921" sx="M,M,F,M"/><TAIKYOKU oya="0"/><INIT seed="0,0,0,0,3,107" ten="250,250,250,250" oya="0" hai0="61,92,69,117,132,25,106,59,78,95,128,50,84" hai1="41,2,15,75,13,89,60,119,109,102,36,114,105" hai2="74,87,31,67,10,62,26,133,103,34,58,83,99" hai3="72,94,71,23,124,46,37,130,126,11,18,29,97"/><T131/><D106/><U8/><E119/><V48/><F133/><W116/><G71/><T54/><D117/><U86/><E15/><V77/><F48/><W35/><G116/><T14/><D132/><U65/><E109/><V91/><F10/><W63/><G63/><T53/><D25/><U12/><E12/><V76/><REACH who="2" step="1"/><F74/><REACH who="2" ten="250,250,240,250" step="2"/><W127/><G11/><T16/><D128/><U1/><E114/><V6/><F6/><W56/><G130/><T4/><D131/><U20/><E2/><V57/><F57/><W111/><G72/><T49/><D4/><U47/><E1/><V73/><F73/><W113/><G113/><T24/><D69/><U104/><E75/><V110/><F110/><W115/><G111/><T80/><D24/><U30/><E8/><V27/><F27/><W101/><G115/><T55/><D50/><U120/><E120/><V98/><F98/><W108/><G108/><T100/><D100/><U90/><E13/><V64/><F64/><W134/><G56/><T81/><D49/><U43/><E102/><V85/><F85/><W40/><G134/><T9/><D81/><U68/><E86/><V82/><F82/><W38/><G38/><T112/><REACH who="0" step="1"/><D112/><REACH who="0" ten="240,250,240,250" step="2"/><U79/><E68/><V70/><F70/><W45/><G124/><T66/><AGARI ba="0,2" hai="9,14,16,53,54,55,59,61,66,78,80,84,92,95" machi="66" ten="30,12000,1" yaku="1,1,2,1,0,1,8,1,54,1,53,0" doraHai="107" doraHaiUra="125" who="0" fromWho="0" sc="240,140,250,-40,240,-40,250,-40" /><INIT seed="0,1,0,2,5,86" ten="380,210,200,210" oya="0" hai0="102,72,116,46,67,3,8,80,88,114,105,134,79" hai1="64,27,118,78,57,124,52,109,39,25,126,75,54" hai2="48,11,108,23,121,107,49,42,28,122,20,110,106" hai3="99,21,90,95,130,44,13,10,43,71,98,93,89"/><T55/><D116/><U96/><E118/><V87/><F11/><W22/><G71/><T47/><D67/><U36/><E109/><N who="2" m="42091" /><F87/><W125/><G130/><T66/><D66/><U31/><E96/><V61/><F61/><W128/><G125/><N who="1" m="48234" /><E64/><V77/><F77/><W33/><G33/><T115/><D47/><U37/><E31/><V70/><F70/><W113/><G113/><T63/><D63/><U24/><E57/><V5/><F5/><W76/><G76/><T101/><D55/><N who="1" m="21035" /><E78/><V131/><F131/><W112/><G112/><T91/><D46/><U16/><E75/><V129/><F129/><W41/><G128/><T56/><D56/><U58/><E58/><V117/><F117/><W4/><REACH who="3" step="1"/><G43/><REACH who="3" ten="380,210,200,200" step="2"/><T38/><D115/><U92/><E92/><V103/><F42/><W81/><G81/><T62/><D114/><U35/><E35/><V127/><F127/><W2/><G2/><T132/><D3/><U65/><E65/><V104/><F122/><W19/><G19/><AGARI ba="1,1" hai="16,19,24,25,27,36,37,39" m="21035,48234" machi="19" ten="40,8000,1" yaku="28,2,18,1,54,2" doraHai="86" who="1" fromWho="3" sc="380,0,210,93,200,0,200,-83" /><INIT seed="1,0,0,1,2,51" ten="380,303,200,117" oya="1" hai0="43,55,100,1,23,54,93,18,103,115,132,44,16" hai1="49,79,40,113,91,47,130,36,116,37,33,83,57" hai2="106,120,95,39,3,85,111,73,117,58,24,42,131" hai3="74,90,11,99,15,75,128,53,109,35,7,56,31"/><U5/><E116/><V81/><F106/><W123/><G123/><T71/><D1/><U30/><E113/><V27/><F3/><W0/><G128/><T134/><D71/><U19/><E130/><V8/><F117/><W82/><G109/><T92/><D115/><U98/><E5/><V104/><F104/><W126/><G126/><T48/><D132/><U34/><E30/><V68/><F68/><W124/><G124/><T4/><D4/><U45/><E19/><V87/><F120/><W25/><G82/><T50/><D134/><U114/><E114/><V107/><F107/><W38/><G38/><T108/><D108/><U84/><E36/><V14/><F111/><W80/><G80/><T76/><D76/><U9/><E9/><V110/><F110/><W28/><G28/><T133/><D133/><U41/><E57/><V61/><F131/><W97/><G75/><T118/><D118/><U63/><E63/><V89/><F73/><W69/><G69/><T10/><D10/><U65/><E65/><N who="2" m="39095" /><F42/><W62/><G74/><T102/><D43/><U13/><REACH who="1" step="1"/><E13/><REACH who="1" ten="380,293,200,117" step="2"/><V72/><F39/><W135/><G135/><T67/><D18/><U127/><E127/><V121/><F121/><W22/><REACH who="3" step="1"/><G90/><REACH who="3" ten="380,293,200,107" step="2"/><T46/><D67/><U66/><E66/><V125/><F125/><W96/><G96/><T70/><D70/><U64/><E64/><V78/><F72/><W112/><G112/><T17/><D17/><AGARI ba="0,2" hai="8,14,17,24,27,78,81,85,87,89,95" m="39095" machi="17" ten="30,1000,0" yaku="8,1" doraHai="51" who="2" fromWho="0" sc="380,-10,293,0,200,30,107,0" /><AGARI ba="0,0" hai="0,7,11,15,17,22,25,31,35,53,56,62,97,99" machi="17" ten="40,8000,1" yaku="1,1,24,2,52,1,53,1" doraHai="51" doraHaiUra="52" who="3" fromWho="0" sc="370,-80,293,0,230,0,107,80" /><INIT seed="2,0,0,4,2,101" ten="290,293,230,187" oya="2" hai0="8,53,102,103,14,72,121,59,16,6,71,82,108" hai1="55,42,36,22,4,88,74,27,21,131,30,9,12" hai2="127,15,119,68,57,97,2,79,122,46,34,95,18" hai3="35,90,58,17,19,37,43,92,31,89,76,70,33"/><V11/><F68/><W133/><G133/><T1/><D71/><U120/><E74/><V99/><F122/><W118/><G118/><T3/><D121/><U67/><E131/><V84/><F119/><W104/><G104/><T93/><D108/><U63/><E120/><V129/><F34/><W91/><G70/><T65/><D65/><U73/><E73/><V39/><F129/><W105/><G76/><T28/><D3/><U77/><E77/><V98/><F127/><W110/><G110/><T85/><D72/><U83/><E55/><V117/><F117/><W10/><G105/><T106/><D28/><U52/><E42/><V94/><F2/><W87/><G43/><T80/><D106/><U60/><E36/><V115/><F115/><W50/><G37/><T134/><D134/><U24/><E67/><V64/><F39/><W135/><G135/><T23/><D93/><U75/><E75/><V48/><F57/><W86/><G33/><T61/><REACH who="0" step="1"/><D82/><REACH who="0" ten="280,293,230,187" step="2"/><U40/><E30/><V26/><F64/><W66/><G92/><T51/><D51/><U5/><E83/><V100/><F95/><W128/><G50/><T45/><D45/><U130/><E130/><V44/><F44/><W111/><G66/><T38/><D38/><U109/><E109/><V69/><F69/><W20/><G58/><T7/><D7/><U112/><E4/><V62/><F94/><W132/><G111/><T113/><D113/><U123/><E123/><V114/><F114/><W47/><G128/><T41/><D41/><U0/><E112/><V13/><F46/><W124/><G132/><RYUUKYOKU ba="0,1" sc="280,30,293,-10,230,-10,187,-10" hai0="1,6,8,14,16,23,53,59,61,80,85,102,103" /><INIT seed="3,1,1,5,0,42" ten="310,283,220,177" oya="3" hai0="71,24,15,49,30,87,41,54,11,83,65,105,82" hai1="97,72,135,96,133,112,125,121,28,69,123,70,7" hai2="77,131,36,84,37,47,115,78,16,104,132,129,52" hai3="8,3,76,106,33,46,35,88,19,31,95,59,66"/><W64/><G106/><T111/><D105/><U55/><E7/><V99/><F115/><W1/><G76/><N who="2" m="29289" /><F132/><N who="1" m="50761" /><E28/><V102/><F84/><W128/><G1/><T85/><D41/><U62/><E112/><V79/><F16/><W50/><G3/><T75/><D75/><U120/><E72/><V34/><F34/><W60/><G66/><T29/><D71/><N who="1" m="27147" /><E125/><V48/><N who="2" m="29297" /><V67/><DORA hai="17" /><F67/><W5/><G19/><N who="0" m="8703" /><D65/><U44/><E62/><V43/><F43/><W10/><G31/><N who="0" m="11787" /><D24/><U13/><E13/><V25/><F25/><W114/><G114/><T116/><D116/><U74/><E74/><V51/><F51/><AGARI ba="1,1" hai="44,51,55,96,97,120,121,123" m="27147,50761" machi="51" ten="40,2600,0" yaku="20,1,52,1" doraHai="42,17" who="1" fromWho="2" sc="310,0,283,39,220,-29,177,0" /><INIT seed="4,0,0,4,5,40" ten="310,322,191,177" oya="0" hai0="26,9,43,7,67,132,11,120,35,75,38,79,102" hai1="103,17,85,50,133,131,21,111,12,87,99,126,27" hai2="37,115,34,77,119,14,53,83,130,30,54,113,42" hai3="61,96,56,0,118,66,39,55,135,101,116,100,95"/><T122/><D11/><U60/><E111/><V3/><F3/><W16/><G0/><T47/><D132/><U5/><E133/><V80/><F130/><W48/><G39/><T107/><D67/><U74/><E74/><N who="2" m="43063" /><F119/><W71/><G101/><T91/><D91/><U114/><E114/><N who="2" m="43531" /><F83/><W63/><G63/><T92/><D92/><U28/><E131/><V104/><F104/><W13/><REACH who="3" step="1"/><G135/><REACH who="3" ten="310,322,191,167" step="2"/><T98/><D75/><U20/><E126/><V97/><F37/><W128/><G128/><T46/><D122/><U23/><E60/><V33/><F33/><W59/><G59/><T105/><D120/><U90/><E103/><V4/><F34/><W88/><G88/><T69/><D69/><U117/><E117/><V24/><F97/><W19/><G19/><T49/><D79/><U52/><E99/><V45/><F4/><W68/><G68/><T127/><D127/><U106/><E5/><V64/><F30/><W129/><G129/><T121/><D121/><U84/><E106/><V25/><F64/><W58/><G58/><T94/><D105/><U51/><E51/><N who="2" m="27063" /><F14/><W22/><AGARI ba="0,1" hai="13,16,22,48,55,56,61,66,71,95,96,100,116,118" machi="22" ten="20,5200,0" yaku="1,1,0,1,7,1,54,1,53,0" doraHai="40" doraHaiUra="41" who="3" fromWho="3" sc="310,-26,322,-13,191,-13,167,62" /><INIT seed="5,0,0,5,5,29" ten="284,309,178,229" oya="1" hai0="59,75,95,133,72,99,1,47,31,84,4,51,108" hai1="81,109,132,57,116,123,74,58,56,62,41,134,22" hai2="91,19,53,96,9,3,117,88,66,114,26,111,65" hai3="18,83,24,120,100,73,97,68,87,21,8,69,63"/><U85/><E123/><V110/><F117/><W5/><G120/><T15/><D108/><U78/><E116/><V130/><F130/><W10/><G10/><T86/><D1/><U70/><E41/><V34/><F3/><W92/><G73/><T28/><D75/><U49/><E109/><V94/><F114/><W131/><G131/><T30/><D59/><U46/><E74/><V119/><F119/><W40/><G40/><T39/><D39/><U6/><E6/><V14/><F91/><W44/><G44/><T103/><D72/><U0/><E0/><V54/><F111/><W101/><G101/><T121/><D121/><U25/><E46/><V11/><F11/><W115/><G115/><T76/><D76/><U128/><E49/><V89/><F110/><W16/><G18/><T17/><D4/><U135/><E128/><V45/><F89/><W127/><G127/><T122/><D122/><U2/><E2/><V12/><F12/><W61/><G68/><T82/><D82/><U50/><E50/><V112/><F112/><W48/><G69/><T106/><D106/><U52/><E70/><V98/><F98/><W124/><G48/><T113/><D113/><U42/><E42/><V13/><F13/><N who="3" m="5263" /><G124/><T104/><D104/><U27/><E27/><V77/><F77/><AGARI ba="0,0" hai="16,21,24,61,63,77,83,87,92,97,100" m="5263" machi="77" ten="30,2000,0" yaku="8,1,54,1" doraHai="29" who="3" fromWho="2" sc="284,0,309,0,178,-20,229,20" /><INIT seed="6,0,0,5,3,14" ten="284,309,158,249" oya="2" hai0="25,0,26,98,57,106,40,91,4,69,105,97,76" hai1="67,107,115,1,75,135,43,94,64,120,93,126,35" hai2="49,103,86,118,100,117,23,13,90,73,3,2,72" hai3="87,20,84,114,77,18,81,61,74,85,92,29,32"/><V121/><F121/><W124/><G124/><T134/><D69/><U37/><RYUUKYOKU type="yao9" ba="0,0" sc="284,0,309,0,158,0,249,0" hai1="1,35,37,43,64,67,75,93,94,107,115,120,126,135" /><INIT seed="6,1,0,2,3,37" ten="284,309,158,249" oya="2" hai0="134,10,86,120,66,98,133,68,67,16,46,129,50" hai1="77,24,132,6,53,81,127,44,104,54,79,61,119" hai2="51,57,52,5,43,65,22,78,62,94,74,14,100" hai3="19,111,58,55,105,17,108,39,113,99,112,1,64"/><V131/><F131/><W30/><G1/><T9/><D120/><U82/><E104/><V15/><F5/><W33/><G39/><T2/><D129/><U90/><E119/><V114/><F114/><N who="3" m="44139" /><G105/><T96/><D2/><U91/><E6/><V27/><F78/><W18/><G99/><T41/><D86/><U126/><E24/><V76/><F74/><W21/><G33/><T117/><D117/><U29/><E29/><N who="2" m="17655" /><F76/><W73/><G73/><T60/><D66/><U83/><E83/><V110/><F110/><N who="3" m="42027" /><G30/><T88/><D96/><U95/><E95/><V115/><F115/><W35/><G35/><T130/><D130/><U128/><E61/><V20/><F20/><W103/><G64/><T109/><D109/><U45/><E128/><V8/><F8/><W84/><G84/><T13/><REACH who="0" step="1"/><D9/><REACH who="0" ten="274,309,158,249" step="2"/><U47/><E132/><V97/><F43/><W59/><G103/><T23/><D23/><U93/><E93/><AGARI ba="1,1" hai="10,13,16,41,46,50,60,67,68,88,93,98,133,134" machi="93" ten="40,8000,1" yaku="1,1,52,1,54,2,53,0" doraHai="37" doraHaiUra="70" who="0" fromWho="1" sc="274,93,309,-83,158,0,249,0" /><INIT seed="7,0,0,3,0,60" ten="367,226,158,249" oya="3" hai0="62,68,51,96,125,28,115,127,43,39,86,129,6" hai1="108,107,36,83,49,58,14,56,73,7,131,84,69" hai2="122,97,17,45,123,22,92,57,128,0,18,93,90" hai3="116,109,133,23,114,105,74,31,29,38,95,79,50"/><W67/><G38/><T52/><D28/><U65/><E36/><V1/><F128/><W59/><G116/><T120/><D6/><U106/><E108/><V46/><F18/><W99/><G133/><T3/><D3/><U10/><E73/><V2/><F57/><W102/><G114/><T37/><D96/><U27/><E131/><V55/><F93/><W134/><G134/><T12/><D12/><U112/><E112/><V21/><F21/><W34/><G34/><T103/><D103/><U40/><E27/><V76/><F76/><W24/><G109/><T77/><D115/><U124/><E124/><N who="0" m="47689" /><D120/><U19/><E69/><V75/><F75/><W88/><G31/><T47/><D129/><U110/><E110/><V42/><F55/><W13/><G13/><T61/><D86/><U82/><E82/><V78/><F78/><W119/><G119/><T8/><D77/><N who="1" m="46191" /><E106/><V101/><F101/><W5/><G79/><T16/><D8/><U66/><E107/><V135/><F135/><W85/><G74/><T70/><D16/><U89/><E89/><V64/><F64/><N who="1" m="24681" /><E19/><V11/><F11/><W26/><G26/><T35/><D39/><U15/><E15/><V30/><F30/><W54/><G67/><T20/><D70/><U118/><E118/><V71/><F71/><W98/><G5/><T94/><D68/><U87/><E87/><V33/><F33/><W121/><REACH who="3" step="1"/><G121/><REACH who="3" ten="367,226,158,239" step="2"/><N who="2" m="46089" /><F42/><W130/><G130/><T100/><D35/><U32/><E32/><V111/><F111/><W9/><G9/><T72/><D37/><U81/><E81/><V25/><F0/><RYUUKYOKU ba="0,1" sc="367,-30,226,10,158,10,239,10" hai1="7,10,14,40,49,56,58" hai2="1,2,17,22,25,45,46,90,92,97" hai3="23,24,29,50,54,59,85,88,95,98,99,102,105" /><INIT seed="7,1,1,5,4,8" ten="337,236,168,249" oya="3" hai0="71,16,23,30,116,131,84,33,101,117,76,75,22" hai1="61,91,17,47,109,125,35,80,119,107,83,90,121" hai2="50,128,99,66,40,26,111,64,24,18,133,130,46" hai3="74,118,100,78,11,0,79,104,13,21,88,95,122"/><W58/><G122/><T10/><D71/><U67/><E121/><V53/><F111/><W70/><G118/><T52/><D75/><U89/><E109/><V2/><F2/><W72/><G70/><T85/><D33/><U54/><E107/><V94/><F133/><W127/><G127/><T42/><D131/><U38/><E35/><V82/><F82/><W73/><G0/><T103/><D42/><U49/><E125/><V5/><F5/><W112/><G112/><T31/><D10/><U59/><E119/><V45/><F130/><W28/><G58/><T110/><D110/><U41/><REACH who="1" step="1"/><E17/><REACH who="1" ten="337,226,168,249" step="2"/><V97/><F128/><W114/><G104/><T15/><D116/><U4/><E4/><V120/><F120/><W34/><G114/><T129/><D129/><U44/><AGARI ba="1,2" hai="38,41,44,47,49,54,59,61,67,80,83,89,90,91" machi="44" ten="30,2000,0" yaku="1,1,0,1,53,0" doraHai="8" doraHaiUra="115" who="1" fromWho="1" sc="337,-6,226,43,168,-6,249,-11" owari="331,43.0,269,7.0,162,-34.0,238,-16.0" /></mjloggm>