<mjloggm ver="2.3"><GO type="97"/><UN n0="%E5%95%BC%E3%81%8D%E9%9B%80" n1="%44%72%E2%98%85%E3%82%A4%E3%83%81%E3%82%AC%E3%82%AD" n2="%EF%BC%88%E2%89%A7%E2%96%BD%E2%89%A6%EF%BC%89" n3="%E8%A6%AA%E6%8C%87%E7%BE%A4%E9%9D%92" dan="14,15,15,15" rate="1994,1922,1976,1937" sx="M,M,M,M"/><TAIKYOKU oya="0"/><INIT seed="0,0,0,5,3,110" ten="250,250,250,250" oya="0" hai0="94,63,70,86,73,27,118,28,54,87,60,100,72" hai1="37,84,92,5,58,35,62,88,83,46,97,106,130" hai2="104,12,20,116,81,125,98,127,40,95,91,15,101" hai3="0,25,57,18,17,29,67,59,33,55,49,133,1"/><T36/><D118/><U78/><E35/><V14/><F116/><W105/><G105/><T51/><D36/><U68/><E130/><V111/><F111/><W79/><G79/><T69/><D70/><U71/><E5/><V10/><F40/><W89/><G133/><T113/><D113/><U7/><E7/><V53/><F10/><W56/><G89/><T74/><D69/><U4/><E4/><V99/><F81/><W132/><G132/><T109/><D109/><U23/><E23/><V42/><F42/><W115/><G115/><T34/><D86/><U47/><E106/><V43/><F43/><W123/><G123/><T75/><N who="0" m="18944" /><DORA hai="50" /><T117/><D117/><U66/><REACH who="1" step="1"/><E37/><REACH who="1" ten="250,240,250,250" step="2"/><V16/><F125/><W48/><G67/><T128/><D128/><U52/><E52/><V121/><F121/><W82/><G55/><T126/><D126/><U108/><E108/><V39/><F127/><W6/><G6/><T107/><D107/><U9/><E9/><V41/><F39/><W61/><G33/><T65/><D65/><U45/><AGARI ba="0,1" hai="45,46,47,58,62,66,68,71,78,83,84,88,92,97" machi="45" ten="30,4000,0" yaku="1,1,0,1,54,1,53,0" doraHai="110,50" doraHaiUra="112,13" who="1" fromWho="1" sc="250,-20,240,50,250,-10,250,-10" /><INIT seed="1,0,0,1,3,49" ten="230,290,240,240" oya="1" hai0="124,107,96,44,69,57,84,77,21,51,81,76,6" hai1="25,27,114,24,64,15,74,125,17,83,29,43,92" hai2="54,2,134,79,18,66,1,60,36,133,95,120,101" hai3="10,78,73,67,3,90,94,116,7,71,126,105,87"/><U38/><E114/><V0/><F36/><W88/><G116/><T129/><D69/><U16/><E125/><V102/><F120/><W41/><G105/><T5/><D124/><U80/><E64/><V65/><F79/><W68/><G126/><T70/><D70/><U46/><E92/><V12/><F95/><W100/><G100/><T103/><D129/><U33/><E17/><V42/><F42/><W9/><G9/><T13/><D76/><U45/><E45/><V93/><F93/><W85/><G41/><T47/><D57/><U127/><E127/><V34/><F34/><W26/><G26/><T82/><D82/><U61/><E61/><V121/><F121/><W32/><G32/><T19/><REACH who="0" step="1"/><D47/><REACH who="0" ten="220,290,240,240" step="2"/><U37/><E80/><V130/><F130/><W58/><G68/><T62/><D62/><U123/><E123/><V115/><F115/><W35/><G71/><T118/><D118/><U119/><E119/><V11/><F66/><W109/><G78/><T113/><D113/><U89/><E46/><V132/><F65/><W112/><G67/><T86/><D86/><U55/><E83/><V39/><F39/><W4/><G112/><T28/><D28/><U59/><E29/><V53/><F60/><W98/><G87/><T14/><D14/><U104/><E15/><V23/><F11/><W122/><G10/><T50/><D50/><U106/><E37/><V22/><F22/><W63/><G85/><T48/><D48/><U131/><E38/><V30/><F30/><W75/><G63/><T52/><AGARI ba="0,1" hai="5,6,13,19,21,44,51,52,77,81,84,96,103,107" machi="52" ten="20,12000,2" yaku="1,1,0,1,7,1,52,1,54,1,53,1" doraHai="49" doraHaiUra="40" who="0" fromWho="0" sc="220,130,290,-60,240,-30,240,-30" /><INIT seed="2,0,0,1,3,44" ten="350,230,210,210" oya="2" hai0="118,47,83,61,30,51,85,127,130,76,56,135,114" hai1="32,18,52,90,77,29,99,2,72,45,12,116,122" hai2="63,34,67,4,3,87,84,46,13,110,11,50,10" hai3="111,19,0,103,24,57,86,5,117,97,54,15,91"/><V42/><F34/><W112/><G117/><T119/><D114/><U66/><E2/><V79/><F110/><W69/><G69/><T92/><D127/><U105/><E116/><N who="0" m="44585" /><D130/><U120/><E66/><V131/><F131/><W28/><G112/><T101/><D135/><U89/><E77/><V71/><REACH who="2" step="1"/><F79/><REACH who="2" ten="350,230,200,210" step="2"/><W38/><G111/><T33/><D33/><U100/><E32/><V75/><F75/><W121/><G121/><T124/><D124/><U25/><E72/><V14/><F14/><W35/><G15/><T123/><D123/><U106/><E120/><V37/><F37/><W64/><G38/><T93/><D101/><U59/><E122/><V41/><F41/><W88/><G103/><T23/><D23/><U74/><E100/><V22/><F22/><W17/><G35/><T40/><D30/><U81/><E29/><V6/><AGARI ba="0,1" hai="3,4,6,10,11,13,42,46,50,63,67,71,84,87" machi="6" ten="20,7800,0" yaku="1,1,0,1,7,1,52,1,53,0" doraHai="44" doraHaiUra="96" who="2" fromWho="2" sc="350,-26,230,-26,200,88,210,-26" /><INIT seed="2,1,0,1,0,55" ten="324,204,288,184" oya="2" hai0="118,56,11,36,6,83,81,33,34,119,24,99,80" hai1="62,47,113,71,43,46,31,12,58,7,17,0,88" hai2="41,105,79,72,57,130,49,63,45,117,50,90,84" hai3="25,8,112,131,40,96,115,75,94,3,64,101,133"/><V39/><F117/><N who="0" m="44554" /><D36/><U102/><E113/><N who="3" m="43594" /><G133/><T42/><D99/><U116/><E116/><V114/><F105/><W59/><G131/><T85/><D24/><U2/><E71/><V125/><F125/><W54/><G75/><T134/><D134/><U120/><E102/><V132/><F132/><W26/><G40/><T14/><D42/><U66/><E120/><V111/><F130/><W5/><G64/><T89/><D56/><U128/><E128/><V86/><F114/><W104/><G104/><T76/><D76/><U1/><E31/><V135/><F111/><W123/><G123/><T122/><D122/><U93/><E43/><V48/><F135/><W28/><G28/><T74/><D74/><U67/><E67/><V87/><F72/><W61/><AGARI ba="1,0" hai="3,5,8,25,26,54,59,61,94,96,101" m="43594" machi="61" ten="30,2000,0" yaku="11,1,52,1" doraHai="55" who="3" fromWho="3" sc="324,-6,204,-6,288,-11,184,23" /><INIT seed="3,0,0,1,2,59" ten="318,198,277,207" oya="3" hai0="58,1,79,134,36,23,41,44,117,80,121,24,38" hai1="91,93,81,29,131,13,28,83,111,124,21,20,9" hai2="109,17,11,96,119,56,116,101,39,127,77,6,32" hai3="112,125,85,43,82,35,100,14,133,71,118,46,97"/><W106/><G35/><T75/><D117/><U84/><E111/><V120/><F39/><W132/><G118/><T37/><D121/><U74/><E131/><V18/><F120/><W3/><G112/><T62/><D134/><N who="3" m="51817" /><G3/><T135/><D1/><U69/><E124/><V22/><F127/><W19/><G125/><T51/><D135/><U110/><E69/><V15/><F109/><W34/><G34/><T52/><D38/><U5/><E110/><V89/><F32/><W114/><G71/><T68/><D68/><U65/><E65/><V31/><F77/><N who="3" m="46287" /><G114/><T107/><D107/><U128/><E128/><V73/><F73/><W98/><G98/><T108/><D108/><U123/><E123/><V90/><F119/><W27/><G27/><T63/><D63/><U70/><E70/><V10/><F116/><W92/><G106/><T50/><D37/><U104/><E104/><V2/><F31/><AGARI ba="0,0" hai="23,24,31,36,41,44,50,51,52,58,62,75,79,80" machi="31" ten="30,3900,0" yaku="7,1,52,1,54,1" doraHai="59" who="0" fromWho="2" sc="318,39,198,0,277,-39,207,0" owari="357,45.0,198,-30.0,238,4.0,207,-19.0" /></mjloggm>