<mjloggm ver="2.3"><GO type="169"/><UN n0="%E5%8F%AF%E7%87%83%E6%80%A7%E9%AB%98%E5%9C%A7%E3%82%AC%E3%82%B9" n1="%EF%BC%88%E2%89%A7%E2%96%BD%E2%89%A6%EF%BC%89" n2="%E3%82%AA%E3%82%BA%E3%82%B0%E3%83%AB%E3%83%BC%E3%83%97" n3="%EF%BC%91%E4%BD%8D%E3%81%AA%E3%82%89%E5%83%8D%E3%81%8F" dan="16,18,16,16" rate="2191,2243,2083,2153" sx="M,M,M,F"/><TAIKYOKU oya="0"/><INIT seed="0,0,0,2,1,27" ten="250,250,250,250" oya="0" hai0="76,43,68,77,6,124,122,115,64,47,120,102,90" hai1="85,16,65,89,101,59,46,117,132,28,58,12,48" hai2="135,42,104,9,63,84,100,86,133,110,11,10,118" hai3="17,81,55,51,45,73,0,40,56,99,61,74,67"/><T69/><D115/><U41/><E117/><V72/><F72/><W94/><G0/><T49/><D102/><U31/><E101/><V54/><F100/><W82/><G74/><T130/><D130/><U24/><E132/><V33/><F42/><W8/><G73/><T78/><D124/><U20/><E65/><V35/><F104/><W57/><G8/><T79/><N who="0" m="19456" /><DORA hai="19" /><T111/><D6/><U52/><E12/><V26/><F26/><W96/><G17/><T13/><D13/><U80/><E59/><V44/><F118/><W103/><REACH who="3" step="1"/><G99/><REACH who="3" ten="250,250,250,240" step="2"/><T21/><D111/><U3/><REACH who="1" step="1"/><E3/><REACH who="1" ten="250,240,250,240" step="2"/><V34/><F110/><W112/><G112/><T50/><D122/><U66/><E66/><V39/><F135/><W2/><G2/><T1/><D1/><U107/><E107/><V5/><F133/><W32/><G32/><T87/><D120/><U36/><AGARI ba="0,2" hai="16,20,24,28,31,36,41,46,48,52,58,80,85,89" machi="36" ten="20,16000,3" yaku="1,1,0,1,7,1,52,3,54,2,53,0" doraHai="27,19" doraHaiUra="126,134" who="1" fromWho="1" sc="250,-80,240,180,250,-40,240,-40" /><INIT seed="1,0,0,3,5,39" ten="170,420,210,200" oya="1" hai0="77,117,110,42,31,22,10,135,111,32,71,13,28" hai1="43,86,82,96,20,72,92,79,58,94,84,90,12" hai2="101,30,63,128,75,104,62,44,1,8,7,35,9" hai3="91,24,14,53,122,81,37,74,29,97,60,51,70"/><U3/><E3/><V109/><F128/><W118/><G122/><T78/><D71/><U36/><E58/><V73/><F109/><N who="0" m="41482" /><D117/><U130/><E130/><V6/><F62/><W83/><G37/><T87/><D135/><U15/><E20/><V45/><F44/><W66/><G118/><T48/><D32/><U46/><REACH who="1" step="1"/><E72/><REACH who="1" ten="170,410,210,200" step="2"/><V126/><F75/><W0/><G74/><T133/><D22/><U85/><E85/><V33/><F73/><W100/><G0/><T41/><D133/><U18/><E18/><V99/><F35/><W38/><G70/><T107/><D107/><U25/><E25/><V121/><F33/><W11/><G24/><T88/><D31/><U68/><E68/><V89/><F30/><W47/><G29/><T125/><D28/><U52/><E52/><V108/><F1/><W112/><G53/><T50/><D125/><U120/><E120/><V21/><F126/><W106/><G106/><T134/><D134/><U54/><E54/><V131/><F108/><W105/><G105/><T55/><D55/><U124/><E124/><V34/><F131/><W56/><G56/><T67/><D67/><U102/><AGARI ba="0,1" hai="12,15,36,43,46,79,82,84,86,90,92,94,96,102" machi="102" ten="20,7800,0" yaku="1,1,0,1,7,1,52,1,53,0" doraHai="39" doraHaiUra="132" who="1" fromWho="1" sc="170,-26,410,88,210,-26,200,-26" /><INIT seed="1,1,0,5,1,97" ten="144,498,184,174" oya="1" hai0="26,32,125,113,64,79,95,61,67,96,53,10,16" hai1="34,120,14,94,90,27,133,134,107,2,63,89,131" hai2="132,59,117,106,98,7,118,0,99,4,28,8,124" hai3="1,17,42,24,115,109,127,47,68,104,56,48,116"/><U86/><E2/><V62/><F132/><N who="1" m="50793" /><E107/><V87/><F124/><W15/><G115/><T122/><D113/><U123/><E131/><V100/><F7/><W103/><G1/><T60/><D122/><U85/><E14/><V13/><F0/><W18/><G68/><T101/><D125/><U12/><E12/><V19/><F28/><W69/><G69/><T93/><D79/><U29/><E63/><N who="0" m="24137" /><D32/><U84/><E84/><V81/><F98/><W91/><G127/><T54/><D93/><AGARI ba="1,0" hai="27,29,34,85,86,89,90,93,94,120,123" m="50793" machi="93" ten="30,1500,0" yaku="20,1" doraHai="97" who="1" fromWho="0" sc="144,-18,498,18,184,0,174,0" /><INIT seed="1,2,0,4,2,69" ten="126,516,184,174" oya="1" hai0="104,36,23,32,46,67,84,66,68,64,115,0,52" hai1="24,71,41,13,73,121,8,35,98,131,97,87,49" hai2="72,7,79,127,44,14,124,6,33,101,118,26,1" hai3="2,21,82,42,45,116,75,10,56,22,50,28,80"/><U95/><E73/><V43/><F101/><W90/><G116/><T25/><D104/><U37/><E71/><V11/><F118/><W125/><G125/><T133/><D32/><U17/><E121/><V19/><F7/><W129/><G129/><T62/><D0/><U38/><E131/><V111/><F111/><W89/><G2/><T114/><D133/><U15/><E87/><V3/><F3/><W77/><G10/><T126/><D126/><U63/><E63/><V134/><F134/><W31/><G56/><T110/><D110/><U29/><E13/><V74/><F74/><W130/><G130/><T132/><D132/><U85/><E85/><V20/><F79/><W47/><G75/><T30/><D84/><U122/><E122/><V34/><F72/><W88/><G77/><T103/><D103/><U12/><E12/><V40/><F40/><W112/><G112/><T5/><D5/><U83/><E83/><N who="3" m="31786" /><G47/><T100/><D100/><U113/><E113/><V86/><F86/><W18/><G22/><T16/><D30/><U57/><E98/><V102/><F102/><W119/><G119/><T109/><D109/><U99/><E99/><V60/><F60/><W58/><G58/><T108/><D108/><U96/><E96/><V78/><F78/><W135/><G135/><T93/><D114/><U94/><E57/><V106/><F106/><W9/><G9/><T48/><D115/><U117/><E117/><V61/><F61/><W120/><G120/><T76/><D76/><U123/><E123/><V4/><F127/><W51/><G50/><T39/><D93/><RYUUKYOKU ba="2,0" sc="126,15,516,-15,184,-15,174,15" hai0="16,23,25,36,39,46,48,52,62,64,66,67,68" hai3="18,21,28,31,42,45,51,88,89,90" /><INIT seed="2,3,0,3,5,72" ten="141,501,169,189" oya="2" hai0="41,35,120,85,59,14,40,30,132,42,69,24,68" hai1="60,51,106,124,38,62,45,64,105,26,37,54,71" hai2="65,109,112,108,57,83,117,21,110,49,116,58,23" hai3="74,130,89,129,48,131,6,119,134,97,5,128,43"/><V123/><F83/><W75/><G119/><N who="2" m="45641" /><F65/><W17/><N who="3" m="32768" /><DORA hai="55" /><W27/><G134/><T113/><D113/><U118/><E118/><V107/><F107/><W56/><G27/><T47/><D120/><U1/><E105/><V0/><F0/><W63/><G17/><T52/><D132/><U104/><E1/><V93/><F112/><W80/><G48/><T4/><D47/><U34/><E106/><V67/><F123/><W79/><G43/><T76/><D76/><U135/><E104/><V121/><F121/><W87/><G97/><T8/><REACH who="0" step="1"/><D85/><REACH who="0" ten="131,501,169,189" step="2"/><U84/><E84/><V92/><F67/><N who="3" m="39399" /><G75/><T77/><D77/><U9/><E135/><V70/><F70/><W36/><G36/><T81/><D81/><AGARI ba="3,1" hai="5,6,74,79,80,81,87,89" m="39399,32768" machi="81" ten="60,7700,0" yaku="19,1,52,2" doraHai="72,55" who="3" fromWho="0" sc="131,-86,501,0,169,0,189,96" /><INIT seed="3,0,0,1,2,4" ten="45,501,169,285" oya="3" hai0="113,45,70,5,107,51,82,122,125,15,78,76,39" hai1="43,106,44,92,48,26,41,52,31,111,112,46,134" hai2="114,81,126,37,87,57,73,19,89,62,9,121,38" hai3="123,69,105,115,117,74,91,79,23,71,59,135,85"/><W32/><G32/><T75/><D122/><U24/><E106/><V94/><F121/><W80/><G117/><T86/><D113/><U55/><E112/><V8/><F114/><W58/><G115/><T0/><D107/><U6/><E134/><V96/><F73/><W54/><G123/><T90/><D70/><U77/><E111/><V95/><F126/><W47/><G135/><T131/><D125/><U104/><E104/><V16/><F38/><W118/><G118/><T60/><D131/><U65/><E77/><N who="2" m="46511" /><F37/><W130/><G130/><T18/><D39/><U14/><E65/><N who="2" m="39119" /><F95/><W102/><G47/><T3/><D60/><U127/><E127/><V1/><F1/><W22/><G69/><T84/><D75/><U119/><E119/><V68/><F68/><W36/><G71/><T120/><D120/><U66/><E66/><V20/><F19/><W33/><G33/><T100/><D100/><U50/><E92/><V27/><AGARI ba="0,0" hai="8,9,16,20,27,89,94,96" m="39119,46511" machi="27" ten="30,7900,0" yaku="8,1,52,2,54,1" doraHai="4" who="2" fromWho="2" sc="45,-20,501,-20,169,79,285,-39" /><INIT seed="4,0,0,1,0,113" ten="25,481,248,246" oya="0" hai0="47,14,65,97,44,4,131,30,118,124,46,82,39" hai1="109,63,78,0,77,87,55,5,111,90,29,101,93" hai2="7,42,115,104,2,135,64,35,3,122,19,107,91" hai3="59,130,114,84,37,120,108,41,132,31,60,34,23"/><T57/><D39/><U54/><E29/><V105/><F122/><W9/><G108/><T38/><D38/><U81/><E0/><V6/><F35/><W45/><G34/><T112/><D112/><U50/><E5/><V61/><F115/><W73/><G114/><T68/><D68/><U28/><E28/><V21/><F42/><W100/><G73/><T76/><D30/><U16/><E101/><V43/><F43/><W119/><G120/><T66/><D131/><U128/><E128/><V62/><F135/><W1/><G130/><T8/><D124/><U133/><E133/><V125/><F91/><W12/><G100/><T94/><D57/><N who="1" m="35263" /><E81/><V69/><F62/><W27/><G132/><T11/><D11/><U40/><E40/><V74/><F74/><W20/><G20/><T26/><D26/><U116/><E77/><V25/><REACH who="2" step="1"/><F125/><REACH who="2" ten="25,481,238,246" step="2"/><W18/><G41/><T24/><D24/><U13/><E90/><V36/><F36/><W53/><G37/><T98/><D118/><U15/><E116/><V75/><F75/><W83/><G119/><T33/><D33/><U88/><E88/><V17/><F17/><W72/><G18/><T92/><D76/><U80/><E78/><V110/><F110/><W123/><G123/><T79/><D79/><U71/><E111/><V22/><F22/><W49/><G23/><T103/><REACH who="0" step="1"/><D82/><REACH who="0" ten="15,481,238,246" step="2"/><U102/><E80/><V32/><F32/><W86/><G83/><T10/><D10/><U121/><E109/><V134/><F134/><W95/><G9/><T67/><D67/><U127/><E127/><V89/><F89/><AGARI ba="0,2" hai="4,8,14,44,46,47,65,66,89,92,94,97,98,103" machi="89" ten="40,7700,0" yaku="1,1,6,1,8,1,53,0" doraHai="113" doraHaiUra="129" who="0" fromWho="2" sc="15,97,481,0,238,-77,246,0" /><INIT seed="4,1,0,4,0,85" ten="112,481,161,246" oya="0" hai0="17,118,110,94,49,99,9,44,81,131,63,122,90" hai1="33,71,97,29,104,108,111,107,62,58,16,135,72" hai2="61,100,76,96,123,23,80,13,125,105,120,60,41" hai3="24,93,82,30,86,113,46,89,109,91,34,1,25"/><T117/><D122/><U115/><E72/><V134/><F125/><W27/><G1/><T32/><D32/><U77/><E77/><V20/><F134/><W11/><G109/><T132/><D110/><U124/><E124/><V95/><F105/><W116/><G116/><T12/><D132/><U128/><E107/><V106/><F123/><W15/><G46/><T68/><D131/><U51/><E51/><V59/><F41/><W121/><G113/><T35/><D35/><U87/><E58/><V38/><F38/><W126/><G121/><T37/><D37/><U103/><E115/><V6/><F106/><W102/><G102/><T92/><D92/><U50/><E50/><V69/><F69/><W56/><G56/><T42/><REACH who="0" step="1"/><D81/><REACH who="0" ten="102,481,161,246" step="2"/><U19/><E111/><V14/><F120/><W10/><G126/><T21/><D21/><U67/><E108/><V53/><F23/><W2/><G10/><T8/><D8/><U3/><E128/><V129/><F20/><W31/><G34/><T74/><D74/><U47/><E135/><V28/><F129/><W73/><G73/><T36/><D36/><U83/><E33/><V5/><F80/><W70/><G2/><T18/><D18/><U55/><E3/><V65/><F95/><W75/><G75/><T79/><D79/><N who="1" m="46591" /><E29/><V64/><F28/><W114/><G114/><T54/><D54/><U66/><E19/><V45/><F76/><W57/><G31/><T130/><D130/><U101/><E16/><V4/><F53/><W0/><G30/><T39/><D39/><U119/><E55/><V88/><F4/><RYUUKYOKU ba="1,1" sc="102,30,481,-10,161,-10,246,-10" hai0="9,12,17,42,44,49,63,68,90,94,99,117,118" /><INIT seed="4,2,1,4,5,1" ten="132,471,151,236" oya="0" hai0="83,96,94,64,102,11,112,103,116,129,7,89,68" hai1="73,92,37,3,41,125,85,113,31,88,36,43,111" hai2="5,86,72,13,133,34,118,135,82,110,38,100,48" hai3="8,33,121,130,97,128,9,58,14,67,21,115,77"/><T25/><D116/><U44/><E111/><V108/><F38/><W109/><G33/><T124/><D124/><U47/><E125/><V98/><F34/><W119/><G109/><N who="2" m="42089" /><F48/><W78/><G119/><T80/><D129/><N who="3" m="49769" /><G115/><T75/><D112/><U57/><E113/><V123/><F118/><W40/><G40/><T65/><D25/><U39/><E3/><V42/><F42/><W74/><G74/><T120/><D120/><U106/><E106/><N who="2" m="63767" /><F13/><W54/><G67/><N who="0" m="25675" /><D75/><U107/><E107/><V6/><F123/><W91/><G121/><T62/><D62/><U10/><E73/><V105/><F105/><W50/><G21/><T56/><D68/><U55/><E31/><V26/><F26/><W17/><G9/><T84/><D56/><U22/><E22/><V46/><F46/><W45/><G45/><T24/><D24/><U53/><E37/><V61/><F61/><W104/><G104/><T81/><D96/><U101/><E57/><V69/><F69/><W60/><G60/><T87/><D87/><U99/><E10/><V95/><F72/><W19/><G19/><T20/><D20/><U59/><E59/><V23/><F23/><W12/><G12/><AGARI ba="2,1" hai="7,11,12,80,81,83,84,89,94,102,103" m="25675" machi="12" ten="30,2900,0" yaku="8,1,52,1" doraHai="1" who="0" fromWho="3" sc="132,45,471,0,151,0,236,-35" /><INIT seed="4,3,0,1,3,44" ten="177,471,151,201" oya="0" hai0="1,66,20,50,19,68,69,106,67,124,89,34,4" hai1="31,128,134,105,52,118,76,126,58,23,98,41,35" hai2="0,11,14,123,121,125,79,53,40,110,38,109,10" hai3="96,83,84,71,33,130,27,74,99,114,82,57,56"/><T115/><D34/><U65/><E35/><V100/><F100/><W13/><G71/><T16/><D106/><U91/><E76/><V3/><F79/><W108/><G108/><T85/><D115/><U42/><E42/><V92/><F53/><W112/><G74/><T32/><D32/><U47/><E65/><N who="0" m="24585" /><D1/><U49/><E31/><V131/><F92/><W97/><G130/><T37/><D37/><U36/><E23/><V12/><F40/><W63/><G33/><T15/><D4/><U29/><E36/><V8/><F38/><W46/><G27/><N who="0" m="14727" /><D68/><U22/><E105/><V55/><F55/><W81/><G13/><N who="2" m="5225" /><F131/><W111/><G111/><N who="2" m="42505" /><F125/><W30/><G30/><T59/><D124/><U104/><E29/><V9/><N who="2" m="2048" /><DORA hai="127" /><V133/><F133/><W6/><G6/><T48/><D69/><U90/><E126/><V103/><F103/><W122/><G114/><T24/><D59/><U17/><E58/><V5/><F5/><W60/><G57/><T116/><D116/><U93/><E118/><V54/><F54/><W39/><G56/><T26/><D89/><U64/><E91/><V88/><F88/><W119/><G39/><T101/><D101/><U2/><E90/><V45/><F45/><W80/><G119/><T43/><D85/><U117/><E104/><V51/><F51/><N who="0" m="19498" /><D43/><U61/><E41/><V78/><F78/><W86/><G84/><T120/><D120/><AGARI ba="3,0" hai="0,3,120,121,123" m="2048,42505,5225" machi="120" ten="50,8000,1" yaku="28,2,34,2" doraHai="44,127" who="2" fromWho="0" sc="177,-89,471,0,151,89,201,0" /><INIT seed="5,0,0,4,3,34" ten="88,471,240,201" oya="1" hai0="52,107,98,72,45,12,135,6,14,17,30,73,99" hai1="74,24,101,125,102,15,87,19,58,91,94,86,133" hai2="114,110,127,97,105,33,111,131,70,124,103,47,11" hai3="121,4,36,41,64,69,56,16,18,1,118,122,115"/><U54/><E74/><V96/><F47/><W82/><G115/><T95/><D107/><U89/><E24/><V100/><F11/><W134/><G56/><T117/><D117/><U28/><E28/><V67/><F33/><W37/><G41/><T46/><D30/><U20/><E125/><N who="2" m="48203" /><F67/><W40/><G40/><T31/><D31/><U55/><E133/><V81/><F70/><W108/><G82/><T32/><D32/><U13/><E13/><V126/><N who="2" m="48211" /><V76/><DORA hai="109" /><F114/><W5/><G64/><T129/><D135/><U3/><E3/><V51/><F51/><W80/><G69/><T38/><D129/><U57/><E57/><V93/><F131/><W8/><G80/><T61/><D38/><U84/><E55/><V132/><F132/><W120/><G134/><T85/><D6/><U77/><E58/><V128/><F128/><W50/><G108/><T66/><D66/><U104/><E54/><V63/><F63/><W116/><G50/><N who="0" m="28751" /><D73/><AGARI ba="0,0" hai="73,76,81,93,96,97,100,103,105,110,111" m="48211" machi="73" ten="40,5200,0" yaku="18,1,34,2" doraHai="34,109" who="2" fromWho="0" sc="88,-52,471,0,240,52,201,0" /><INIT seed="6,0,0,1,3,70" ten="36,471,292,201" oya="2" hai0="75,16,56,40,122,44,9,82,89,115,21,12,112" hai1="128,18,8,135,134,88,90,78,101,46,102,49,25" hai2="132,2,69,72,64,31,125,33,20,129,65,1,76" hai3="5,28,118,133,85,42,91,19,83,100,116,110,94"/><V126/><F20/><W34/><G34/><T67/><D122/><U13/><E78/><V81/><F65/><W26/><G28/><T57/><D67/><U14/><E25/><V52/><F132/><N who="1" m="50729" /><E14/><V106/><F129/><W74/><G5/><T104/><D104/><U121/><E121/><V109/><F106/><W17/><G26/><T73/><D73/><U50/><E50/><V24/><F109/><W53/><G42/><T97/><D75/><U63/><E63/><V113/><F52/><W32/><G53/><T41/><D41/><N who="1" m="24783" /><E128/><V55/><F55/><W3/><G32/><T6/><D115/><U30/><E30/><V62/><REACH who="2" step="1"/><F113/><REACH who="2" ten="36,471,282,201" step="2"/><W45/><G110/><T0/><D112/><U66/><E66/><V54/><F54/><W87/><G133/><T10/><D10/><U105/><E105/><V37/><F37/><W92/><G118/><T61/><D61/><U98/><E8/><V131/><F131/><W47/><G116/><T114/><D114/><U39/><E39/><V60/><F60/><W77/><G47/><T7/><D7/><U51/><E51/><V43/><F43/><W23/><G45/><T95/><REACH who="0" step="1"/><D82/><REACH who="0" ten="26,471,282,201" step="2"/><U119/><E119/><V120/><F120/><W107/><G83/><T59/><D59/><U36/><E36/><AGARI ba="0,2" hai="0,6,9,12,16,21,36,40,44,56,57,89,95,97" machi="36" ten="30,7700,0" yaku="1,1,7,1,52,1,54,1,53,0" doraHai="70" doraHaiUra="96" who="0" fromWho="1" sc="26,97,471,-77,282,0,201,0" /><INIT seed="7,0,0,3,5,72" ten="123,394,282,201" oya="3" hai0="32,29,36,14,60,58,86,51,109,113,45,31,80" hai1="117,22,106,66,82,21,131,49,13,90,54,59,15" hai2="67,41,91,70,16,40,8,87,26,48,0,132,134" hai3="95,92,104,97,94,27,10,11,101,116,81,108,125"/><W50/><G116/><T98/><D109/><U3/><E3/><V30/><F70/><W128/><G108/><T102/><D32/><U52/><E106/><V111/><F67/><W93/><G128/><T115/><D36/><U19/><E66/><V68/><F68/><W110/><G110/><T129/><D129/><U100/><E100/><V114/><F111/><W121/><G121/><T44/><D44/><U38/><E38/><V12/><F114/><W34/><G125/><T71/><D71/><U18/><E117/><V7/><F48/><W46/><N who="3" m="23552" /><DORA hai="17" /><W57/><G57/><T107/><D14/><U5/><E5/><V118/><F118/><W122/><G122/><T33/><D33/><U25/><E131/><V2/><F2/><W103/><G103/><T84/><D84/><N who="1" m="50455" /><E54/><V99/><F99/><W105/><G105/><T79/><D113/><U62/><E25/><V9/><F134/><W77/><G27/><T37/><D37/><U65/><E65/><V47/><F47/><W124/><G34/><T55/><REACH who="0" step="1"/><D115/><REACH who="0" ten="113,394,282,201" step="2"/><U23/><E13/><V4/><F0/><W75/><REACH who="3" step="1"/><G124/><REACH who="3" ten="113,394,282,191" step="2"/><T135/><D135/><U88/><E59/><V126/><F132/><W42/><AGARI ba="0,2" hai="10,11,42,46,50,75,77,81,97,101,104" m="23552" machi="42" ten="40,12000,1" yaku="1,1,2,1,0,1,52,1,53,0" doraHai="72,17" doraHaiUra="69,119" who="3" fromWho="3" sc="113,-40,394,-40,282,-40,191,140" /><INIT seed="7,1,0,4,5,61" ten="73,354,242,331" oya="3" hai0="11,121,123,54,133,110,44,13,84,129,76,12,131" hai1="34,77,47,105,132,62,130,125,59,20,51,36,93" hai2="23,98,30,135,116,15,56,10,90,112,82,37,28" hai3="52,40,101,107,5,57,29,86,80,114,96,117,46"/><W58/><G117/><T115/><D84/><U6/><E105/><V41/><F116/><W88/><G114/><T120/><D76/><U71/><E34/><V72/><F112/><W49/><G5/><T3/><D54/><N who="1" m="30079" /><E36/><V50/><F37/><W68/><G68/><T100/><D100/><U122/><E71/><V18/><F72/><W14/><G29/><T35/><D44/><U27/><E122/><V65/><F135/><W22/><REACH who="3" step="1"/><G40/><REACH who="3" ten="73,354,242,321" step="2"/><T92/><D92/><U1/><E6/><V75/><F30/><W69/><G69/><T102/><D102/><U26/><E93/><V103/><F28/><W95/><G95/><T124/><D35/><U85/><E132/><V128/><F41/><W66/><G66/><T113/><D3/><U21/><E1/><V104/><F104/><W53/><G53/><T2/><D2/><U119/><E27/><V81/><F65/><W39/><G39/><T16/><D133/><U83/><E26/><V45/><F103/><W31/><G31/><T42/><D42/><U4/><E4/><V63/><F98/><W126/><G126/><T67/><D67/><U8/><E125/><V48/><F128/><W17/><AGARI ba="1,1" hai="14,17,22,46,49,52,57,58,80,86,88,96,101,107" machi="17" ten="30,11700,0" yaku="1,1,0,1,54,2,53,0" doraHai="61" doraHaiUra="33" who="3" fromWho="3" sc="73,-40,354,-40,242,-40,321,130" owari="33,-47.0,314,11.0,202,-20.0,451,56.0" /></mjloggm>