<mjloggm ver="2.3"><GO type="41"/><UN n0="%E3%83%A0%E3%82%B5%E3%82%B5%E3%83%93%58" n1="%E3%80%93%E6%A1%9C%E4%B8%BC%E7%AB%A0%E4%B8%80%E3%80%93" n2="%E3%82%A6%E3%83%AB%E3%83%88%E3%83%A9%E7%AB%8B%E7%9B%B4" n3="%6E%69%6A%69" dan="14,15,15,14" rate="1990,2015,1972,1902" sx="M,M,M,F"/><TAIKYOKU oya="0"/><INIT seed="0,0,0,1,4,72" ten="250,250,250,250" oya="0" hai0="135,59,94,68,26,104,23,81,64,4,29,74,16" hai1="96,30,98,51,15,61,35,114,93,42,38,21,105" hai2="103,7,97,84,82,109,54,1,111,45,27,57,91" hai3="40,33,132,119,79,55,31,95,89,73,122,113,126"/><T77/><D104/><U67/><E38/><V118/><F7/><W56/><G40/><T69/><D135/><U10/><E35/><V107/><F1/><W76/><G132/><T53/><D4/><U41/><E114/><V87/><F45/><W133/><G133/><T20/><D64/><U129/><E105/><V46/><F46/><W11/><G113/><T101/><D101/><U85/><E85/><V43/><F43/><W121/><G73/><T47/><D47/><U5/><E129/><V12/><F12/><W115/><G115/><T83/><D83/><U8/><E51/><V90/><F27/><N who="3" m="18687" /><G11/><T62/><REACH who="0" step="1"/><D94/><REACH who="0" ten="240,250,250,250" step="2"/><U88/><E5/><V34/><F118/><W2/><G119/><T18/><D18/><U49/><E93/><V48/><F34/><W86/><G2/><T17/><D17/><U58/><E67/><V128/><F128/><W110/><G121/><T0/><D0/><U78/><E30/><V9/><F9/><W50/><G122/><T6/><D6/><U24/><E8/><V116/><F116/><W75/><G95/><T112/><D112/><U99/><E10/><V60/><F107/><W3/><G3/><T120/><D120/><U123/><E123/><V108/><F103/><W36/><G36/><T65/><D65/><U130/><E130/><V131/><F131/><W37/><G37/><T134/><D134/><U66/><E66/><V106/><F106/><W44/><G44/><T39/><D39/><U70/><E70/><V32/><F32/><W52/><G56/><T92/><D92/><U22/><E58/><V25/><F82/><RYUUKYOKU ba="0,1" sc="240,30,250,-10,250,-10,250,-10" hai0="16,20,23,26,29,53,59,62,68,69,74,77,81" /><INIT seed="0,1,1,0,4,0" ten="270,240,240,240" oya="0" hai0="109,41,92,67,111,5,107,113,14,27,45,55,90" hai1="23,112,125,16,28,38,116,42,61,69,65,123,24" hai2="131,121,33,97,53,118,135,81,119,127,6,108,83" hai3="114,117,60,32,26,132,126,88,98,77,19,46,104"/><T13/><D107/><U82/><E123/><V93/><F33/><W48/><G117/><N who="2" m="44553" /><F121/><W8/><G114/><T22/><D67/><U59/><E116/><V73/><F73/><W99/><G77/><T49/><D113/><U79/><E112/><V39/><F39/><W63/><G126/><T129/><D41/><U57/><E125/><V9/><F127/><W4/><G104/><T3/><D3/><U100/><E100/><V96/><F96/><W51/><G132/><T35/><D35/><U1/><E1/><N who="2" m="207" /><F135/><W54/><G99/><T36/><D36/><U110/><E110/><N who="0" m="41993" /><D129/><U72/><REACH who="1" step="1"/><E28/><REACH who="1" ten="270,230,240,240" step="2"/><V78/><F108/><W52/><G32/><T68/><D68/><U21/><E21/><V62/><F131/><W71/><G71/><T11/><D22/><U124/><E124/><V103/><F78/><W17/><G26/><T66/><D27/><U2/><E2/><V44/><F62/><W7/><G60/><T58/><D66/><U120/><E120/><V18/><F103/><W128/><G63/><T25/><D25/><U105/><E105/><V29/><F29/><W47/><G128/><T64/><D64/><U130/><E130/><V31/><F31/><W10/><G98/><N who="0" m="57623" /><D14/><U106/><E106/><V30/><F30/><W134/><G134/><T76/><D76/><U50/><E50/><V91/><F97/><W56/><G8/><T86/><D86/><U87/><E87/><V74/><F91/><W102/><G10/><T75/><D75/><U133/><E133/><V80/><F74/><W15/><G88/><T84/><D84/><U115/><E115/><RYUUKYOKU ba="1,2" sc="270,15,230,15,240,-15,240,-15" hai0="5,11,13,45,49,55,58" hai1="16,23,24,38,42,57,59,61,65,69,72,79,82" /><INIT seed="0,2,2,5,0,129" ten="285,245,225,225" oya="0" hai0="120,49,114,61,70,67,23,44,33,40,39,24,7" hai1="58,117,69,32,122,110,42,112,85,47,5,6,79" hai2="21,130,135,90,81,52,88,66,9,92,95,119,36" hai3="86,65,109,121,89,8,59,104,91,55,63,20,68"/><T73/><D73/><U50/><E32/><V115/><F36/><W93/><G104/><T26/><D120/><U74/><E74/><V72/><F115/><W4/><G121/><T134/><D114/><U77/><E69/><V102/><F130/><W64/><G109/><T12/><D33/><U116/><E112/><V133/><F66/><W101/><G101/><T98/><D98/><U96/><E122/><V35/><F35/><W132/><G132/><N who="2" m="50761" /><F119/><W105/><G105/><T127/><D127/><U17/><E110/><V38/><F38/><W113/><G113/><T99/><D99/><U125/><E125/><V71/><F71/><W78/><G78/><T62/><D62/><U94/><E116/><V29/><F102/><W103/><G103/><T82/><D82/><U126/><E126/><V41/><F41/><W37/><G37/><T30/><D39/><U107/><E107/><V11/><F81/><W22/><G65/><T0/><D134/><U124/><E124/><V97/><F72/><W1/><G89/><T25/><D0/><U2/><E2/><V118/><F118/><W76/><G76/><T16/><D7/><U84/><E77/><V13/><F52/><W123/><G123/><T27/><D30/><U131/><E79/><V108/><F108/><W48/><AGARI ba="2,2" hai="1,4,8,20,22,48,55,59,63,64,68,86,91,93" machi="48" ten="20,1500,0" yaku="0,1,7,1" doraHai="129" who="3" fromWho="3" sc="285,-9,245,-6,225,-6,225,41" /><INIT seed="1,0,0,4,1,75" ten="276,239,219,266" oya="1" hai0="66,128,44,26,116,126,45,114,32,93,84,39,42" hai1="5,100,130,23,52,73,33,104,29,117,119,2,92" hai2="50,16,125,90,30,95,87,80,121,54,97,48,63" hai3="70,27,12,41,120,19,91,132,40,36,99,38,98"/><U69/><E69/><V62/><F30/><W89/><G70/><T34/><D116/><U79/><E104/><V64/><F121/><W25/><G132/><T11/><D66/><U14/><E2/><V67/><F125/><W129/><G129/><T31/><D126/><U88/><E33/><V133/><F133/><W81/><G81/><T107/><D107/><U127/><E100/><V101/><F64/><W82/><G82/><T55/><D128/><U21/><E127/><V102/><F102/><W20/><G120/><T17/><D34/><U60/><E130/><V103/><F103/><W76/><G20/><T115/><D17/><U123/><E123/><V53/><F67/><W59/><G19/><T96/><D11/><U86/><E119/><V134/><F134/><W61/><G59/><T46/><D84/><U124/><E124/><V8/><F50/><W68/><G68/><T71/><D71/><U78/><E73/><V110/><F53/><W77/><G12/><T58/><D115/><U83/><E117/><V106/><F106/><W94/><G94/><T118/><D114/><U28/><E92/><V4/><F4/><W7/><G7/><T18/><D18/><N who="1" m="10455" /><E5/><V3/><F3/><W65/><G65/><T51/><D118/><U35/><E35/><V10/><F10/><W135/><G135/><T112/><D112/><U43/><E43/><V74/><F74/><W122/><G122/><T113/><D113/><U56/><E23/><V109/><F8/><W24/><G24/><T9/><D9/><U47/><E47/><N who="2" m="27935" /><F16/><W108/><G61/><T13/><D13/><RYUUKYOKU ba="0,0" sc="276,0,239,0,219,0,266,0" hai0="26,31,32,39,42,44,45,46,51,55,58,93,96" hai1="28,29,52,56,60,78,79,83,86,88" hai2="62,63,80,87,90,95,97,101,109,110" hai3="25,27,36,38,40,41,76,77,89,91,98,99,108" /><INIT seed="1,1,0,2,3,126" ten="276,239,219,266" oya="1" hai0="128,60,92,89,120,39,105,115,17,52,20,130,93" hai1="55,51,103,25,40,59,8,19,67,124,35,111,81" hai2="42,91,0,100,109,133,90,10,125,38,118,23,21" hai3="65,132,110,47,99,15,6,18,112,135,31,102,13"/><U69/><E124/><V46/><F118/><W108/><G65/><T29/><D105/><U62/><E103/><V122/><F122/><W36/><G47/><T113/><D39/><U41/><E35/><V83/><F125/><W71/><G71/><T33/><D29/><U30/><E111/><N who="3" m="42538" /><G36/><T88/><D33/><U68/><E68/><V116/><F116/><W45/><G45/><T117/><D117/><U85/><E30/><V82/><F100/><W57/><G57/><N who="0" m="34855" /><D120/><U16/><E25/><V123/><F123/><W34/><G112/><T95/><D115/><U77/><REACH who="1" step="1"/><E8/><REACH who="1" ten="276,229,219,266" step="2"/><V26/><F109/><W66/><G31/><T106/><D113/><U129/><E129/><N who="0" m="49769" /><D106/><U61/><E61/><V37/><F37/><W127/><G34/><T50/><D50/><U80/><E80/><V75/><F82/><W101/><G127/><T87/><D89/><U11/><E11/><V4/><F91/><W119/><G119/><T2/><D2/><U131/><E131/><V70/><F90/><W73/><G102/><T7/><D7/><U48/><E48/><V9/><F9/><W22/><G6/><T49/><D49/><U97/><E97/><V12/><F23/><W28/><G22/><T44/><D44/><U72/><E72/><V43/><F21/><W104/><G73/><T58/><D58/><U114/><E114/><V98/><F75/><W134/><G99/><T94/><D94/><U121/><E121/><V5/><F46/><W56/><G56/><T24/><AGARI ba="1,1" hai="17,20,24,87,88,92,93,95" m="49769,34855" machi="24" ten="30,12000,2" yaku="19,1,52,3,54,2" doraHai="126" who="0" fromWho="0" sc="276,133,229,-61,219,-31,266,-31" /><INIT seed="2,0,0,5,2,51" ten="409,168,188,235" oya="2" hai0="83,86,107,64,36,93,52,54,73,55,4,17,88" hai1="82,13,76,105,47,29,35,80,56,42,123,58,53" hai2="109,113,85,6,133,119,10,96,19,68,104,41,132" hai3="46,59,91,50,118,3,48,77,97,24,31,131,16"/><V39/><F68/><W0/><G118/><T27/><D107/><U40/><E105/><V111/><F41/><W134/><G77/><T7/><D36/><U122/><E35/><V124/><F39/><W70/><G70/><T67/><D73/><U65/><E29/><V12/><F119/><W71/><G71/><T115/><D115/><U22/><E65/><N who="0" m="25161" /><D83/><U60/><E58/><V33/><F85/><W1/><G134/><N who="2" m="51817" /><F96/><W38/><G38/><T99/><D99/><U81/><E76/><V95/><F95/><W37/><G37/><T28/><D28/><U110/><E110/><N who="2" m="41995" /><F104/><W84/><G97/><T101/><D101/><U57/><E57/><V66/><F66/><W45/><G59/><T130/><D130/><U72/><E72/><V94/><F94/><W120/><G131/><T102/><D102/><U2/><E2/><V79/><F79/><W25/><G0/><T30/><D30/><U126/><E47/><V8/><F113/><W121/><G31/><T9/><D9/><U61/><E61/><V11/><F33/><W135/><G135/><T129/><D129/><U15/><E42/><V5/><F124/><W112/><G112/><T32/><D32/><U21/><E40/><V89/><F89/><W44/><G91/><T26/><D26/><U14/><REACH who="1" step="1"/><E126/><REACH who="1" ten="409,158,188,235" step="2"/><V98/><F98/><W108/><G108/><T49/><D49/><U75/><E75/><V69/><F69/><W117/><G48/><T20/><AGARI ba="0,1" hai="4,7,17,20,27,52,54,55,86,88,93" m="25161" machi="20" ten="30,12000,2" yaku="8,1,52,3,54,2" doraHai="51" who="0" fromWho="0" sc="409,130,158,-30,188,-60,235,-30" /><INIT seed="3,0,0,4,0,55" ten="539,128,128,205" oya="3" hai0="36,29,43,106,2,45,129,39,17,118,10,27,63" hai1="50,30,84,97,28,74,49,92,58,110,70,47,93" hai2="83,4,90,56,18,101,131,135,99,82,73,85,19" hai3="31,46,109,79,76,64,35,88,7,61,24,3,16"/><W48/><G7/><T62/><D106/><U100/><E74/><V111/><F111/><W115/><G3/><T1/><D118/><U87/><E70/><V6/><F131/><W53/><G115/><T38/><D129/><U52/><E110/><V134/><F73/><W0/><G0/><T21/><D2/><U54/><E92/><V42/><F42/><W124/><G124/><T114/><D114/><U86/><AGARI ba="0,0" hai="28,30,47,49,50,52,54,58,84,86,87,93,97,100" machi="86" ten="30,7900,0" yaku="0,1,8,1,52,1,54,1" doraHai="55" who="1" fromWho="1" sc="539,-20,128,79,128,-20,205,-39" /><INIT seed="4,0,0,1,5,81" ten="519,207,108,166" oya="0" hai0="116,133,54,111,76,43,4,35,15,99,40,96,85" hai1="7,77,60,127,131,72,64,53,115,91,9,71,113" hai2="31,100,45,2,32,52,21,103,86,39,14,102,19" hai3="90,75,135,95,112,119,62,124,83,6,29,10,25"/><T89/><D35/><U33/><E33/><V63/><F39/><W110/><G119/><T69/><D69/><U26/><E131/><V47/><F2/><W84/><G110/><T101/><D116/><U18/><E127/><V130/><F32/><W1/><G124/><T117/><D117/><U97/><E72/><V41/><F31/><W80/><G112/><N who="1" m="43082" /><E77/><V37/><F130/><W120/><G120/><T109/><D76/><U3/><E53/><V34/><F34/><W122/><G122/><T66/><D66/><U17/><E26/><V126/><F126/><W42/><G135/><T68/><D68/><U98/><E91/><V106/><F106/><W23/><G75/><T8/><D54/><U49/><E49/><V11/><F21/><W38/><G42/><T30/><D30/><U104/><E104/><V82/><F63/><W50/><G38/><T92/><D133/><U107/><E107/><V114/><F114/><W93/><G50/><T73/><D73/><U121/><E121/><V74/><F74/><W79/><G62/><T58/><D58/><U61/><E61/><V128/><F128/><W27/><G27/><T44/><D44/><U51/><E51/><V36/><F36/><W70/><G70/><T12/><D43/><U67/><E67/><V134/><F134/><W55/><G55/><T108/><D40/><U22/><E22/><V129/><F129/><W24/><G24/><T46/><D46/><U16/><AGARI ba="0,0" hai="3,7,9,16,17,18,60,64,71,97,98" m="43082" machi="16" ten="30,4000,0" yaku="15,1,11,1,54,1" doraHai="81" who="1" fromWho="1" sc="519,-20,207,40,108,-10,166,-10" /><INIT seed="5,0,0,5,4,123" ten="499,247,98,156" oya="1" hai0="18,129,40,111,25,68,57,101,66,11,74,37,122" hai1="54,20,133,106,71,102,113,70,42,75,33,7,119" hai2="12,51,63,55,93,61,26,84,118,100,132,128,99" hai3="64,107,38,83,49,5,39,16,115,3,135,81,98"/><U13/><E75/><V23/><F118/><W24/><G135/><T94/><D94/><U19/><E33/><V1/><F1/><W53/><G64/><T14/><D101/><U96/><E119/><V87/><F132/><W124/><G124/><T116/><D68/><U32/><E133/><V121/><F121/><W79/><G83/><T127/><D25/><U30/><E42/><V134/><F134/><W27/><G27/><T109/><D40/><U52/><E113/><V43/><F128/><W112/><G5/><T21/><D37/><U91/><E91/><V110/><F110/><W88/><G3/><T69/><D69/><U103/><E103/><V59/><F12/><W130/><G107/><T73/><D73/><U72/><E72/><V89/><F43/><W2/><G2/><T8/><D74/><U86/><E86/><V50/><F87/><N who="3" m="50287" /><G98/><T60/><D127/><U97/><E97/><V131/><F131/><W48/><G79/><T126/><D126/><U104/><E104/><V78/><F78/><W46/><G49/><T34/><D129/><U45/><E7/><V67/><F61/><W125/><G125/><T62/><D34/><U58/><E45/><V22/><F22/><N who="3" m="13383" /><G130/><T41/><D116/><U4/><E4/><V29/><REACH who="2" step="1"/><F55/><REACH who="2" ten="499,247,88,156" step="2"/><W82/><G82/><AGARI ba="0,1" hai="23,26,29,50,51,59,63,67,82,84,89,93,99,100" machi="82" ten="30,12000,2" yaku="1,1,2,1,7,1,25,2,8,1,53,1" doraHai="123" doraHaiUra="77" who="2" fromWho="3" sc="499,0,247,0,88,130,156,-120" /><INIT seed="6,0,0,3,4,22" ten="499,247,218,36" oya="2" hai0="9,96,110,52,42,53,70,116,37,13,111,118,5" hai1="12,18,113,51,121,98,83,71,43,85,54,122,80" hai2="3,17,99,101,76,10,103,106,16,24,32,33,20" hai3="81,47,35,134,41,105,28,100,107,77,94,87,73"/><V114/><F114/><W63/><G63/><T30/><D70/><U90/><E71/><V130/><F130/><W79/><G134/><T68/><D68/><U102/><E43/><V75/><F103/><W39/><G79/><T119/><D96/><U89/><E113/><V23/><F10/><W49/><G49/><T11/><D30/><U0/><E0/><V126/><F3/><W55/><G55/><N who="0" m="21067" /><D11/><U69/><E69/><V59/><F126/><W14/><G14/><T29/><D29/><U44/><E80/><V86/><F75/><W66/><G66/><T67/><D67/><U62/><E62/><V46/><F46/><AGARI ba="0,0" hai="5,9,13,37,42,46,110,111,116,118,119" m="21067" machi="46" ten="40,2600,0" yaku="12,1,54,1" doraHai="22" who="0" fromWho="2" sc="499,26,247,0,218,-26,36,0" /><INIT seed="7,0,0,5,4,121" ten="525,247,192,36" oya="3" hai0="66,62,85,94,89,10,123,8,75,17,20,76,21" hai1="9,28,39,112,129,127,32,125,19,97,96,73,91" hai2="1,71,69,84,120,23,109,78,113,55,42,116,2" hai3="99,60,110,27,4,117,58,93,13,79,16,105,90"/><W111/><G105/><T41/><D41/><U57/><E39/><V132/><F42/><W7/><G117/><T14/><D123/><U25/><E73/><V47/><F116/><W77/><G77/><T46/><D46/><U67/><E129/><V24/><F120/><W38/><G79/><T115/><D115/><U88/><E112/><V131/><F113/><W82/><G82/><T53/><D53/><U83/><E67/><V104/><F104/><W33/><G38/><T29/><D75/><U102/><E57/><V100/><F100/><W52/><G27/><T106/><D106/><U59/><E59/><V134/><F84/><W6/><REACH who="3" step="1"/><G33/><REACH who="3" ten="525,247,192,26" step="2"/><T133/><D76/><U95/><E32/><V126/><F78/><W36/><G36/><T70/><D133/><U34/><E83/><V48/><F132/><W108/><G108/><T64/><D29/><U5/><E25/><V30/><F134/><W86/><G86/><T15/><D85/><U87/><E28/><V22/><F24/><W31/><G31/><T68/><D94/><U118/><E34/><V40/><F30/><W103/><G103/><T65/><D70/><U49/><E87/><V56/><F71/><W135/><G135/><T130/><D68/><U80/><E95/><V74/><F69/><W45/><G45/><T35/><D35/><U11/><E80/><V98/><F74/><W124/><G124/><T26/><D26/><U114/><E102/><V101/><F126/><W44/><G44/><T3/><D130/><U50/><E127/><V72/><F131/><W18/><G18/><T61/><D17/><RYUUKYOKU ba="0,1" sc="525,-10,247,-10,192,-10,26,30" hai3="4,6,7,13,16,52,58,60,90,93,99,110,111" /><INIT seed="7,1,1,0,4,72" ten="515,237,182,56" oya="3" hai0="116,24,11,129,66,41,26,90,2,132,1,86,77" hai1="105,58,10,114,59,28,131,75,83,133,87,130,22" hai2="88,43,30,111,33,107,113,9,3,104,79,124,31" hai3="38,40,71,78,60,135,44,94,134,68,51,36,101"/><W120/><G120/><T52/><D66/><U109/><E109/><V32/><F111/><W4/><G4/><T84/><D41/><U93/><E105/><N who="2" m="40523" /><F43/><W81/><G94/><T125/><D52/><U108/><E75/><V119/><F9/><W13/><G101/><T80/><D125/><U112/><E108/><V7/><F7/><W82/><G13/><T53/><D132/><N who="3" m="50729" /><G82/><T102/><D129/><N who="1" m="49163" /><E133/><V15/><F15/><W21/><G21/><T69/><D102/><U42/><E42/><V35/><F124/><W55/><G60/><T16/><D26/><N who="1" m="16471" /><E93/><V128/><F128/><W18/><G18/><T19/><D86/><U99/><E99/><V14/><F14/><W126/><G126/><T34/><D90/><N who="1" m="51583" /><E10/><V39/><F88/><W117/><G117/><T110/><D19/><U74/><E74/><V85/><F85/><N who="3" m="48311" /><G36/><T115/><D2/><U12/><E12/><V20/><F20/><W127/><G127/><T29/><D1/><U118/><E118/><V89/><F3/><W47/><AGARI ba="1,1" hai="38,40,44,47,51,55,68,71" m="48311,50729" machi="47" ten="30,3000,0" yaku="20,1,52,1" doraHai="72" who="3" fromWho="3" sc="515,-11,237,-11,182,-11,56,43" /><INIT seed="7,2,0,5,1,115" ten="504,226,171,99" oya="3" hai0="36,16,66,51,84,126,6,27,93,21,5,54,63" hai1="52,70,29,13,90,100,85,135,40,88,96,61,49" hai2="64,57,128,10,81,78,119,106,77,99,37,131,32" hai3="68,91,130,129,123,75,2,38,98,79,80,0,50"/><W58/><G68/><T17/><D36/><U65/><E40/><V42/><F32/><W9/><G38/><T47/><D126/><U67/><E135/><V22/><F78/><W95/><G123/><T101/><D17/><U111/><E111/><V18/><F64/><W24/><G24/><T59/><D101/><U7/><E65/><V23/><F57/><W33/><G33/><T110/><D110/><U125/><E125/><V34/><F34/><W92/><G92/><T46/><D46/><U74/><E74/><V20/><F106/><W14/><G58/><T73/><D73/><U108/><E108/><V114/><F99/><W124/><G50/><T1/><D1/><U60/><E60/><V134/><F42/><W28/><G28/><T25/><D25/><U62/><E62/><V122/><F37/><W109/><G109/><T117/><D117/><U103/><E29/><V71/><F71/><W43/><G43/><T132/><D132/><U45/><E85/><V118/><F134/><W11/><G124/><T69/><D69/><U48/><E48/><V12/><F114/><W89/><G89/><AGARI ba="2,0" hai="5,6,16,21,27,47,51,54,59,63,66,84,89,93" machi="89" ten="40,2600,0" yaku="8,1,54,1" doraHai="115" who="0" fromWho="3" sc="504,32,226,0,171,0,99,-32" owari="536,63.0,226,3.0,171,-23.0,67,-43.0" /></mjloggm>