<mjloggm ver="2.3"><GO type="97"/><UN n0="%E3%81%A9%E3%81%B6%E3%81%B8%E3%81%84" n1="%EF%BC%88%E2%89%A7%E2%96%BD%E2%89%A6%EF%BC%89" n2="%73%61%6C%74%79%64%6F%67" n3="%E5%AD%AB%E6%AC%A1%E9%83%8E" dan="14,13,14,14" rate="1913,2039,1938,1878" sx="M,M,M,M"/><TAIKYOKU oya="0"/><INIT seed="0,0,0,4,2,116" ten="250,250,250,250" oya="0" hai0="73,17,33,61,3,52,132,121,71,8,39,66,29" hai1="74,125,69,42,48,86,89,26,25,34,72,68,122" hai2="129,133,24,84,81,134,9,90,127,56,45,112,41" hai3="70,7,38,40,94,50,106,88,117,115,77,12,10"/><T46/><D121/><U104/><E104/><V111/><F112/><W102/><G115/><T105/><D132/><N who="2" m="50794" /><F56/><W83/><G117/><T120/><D105/><U20/><E34/><V80/><F111/><W16/><G70/><T4/><D73/><U130/><E130/><V79/><F127/><W64/><G38/><T47/><D120/><U62/><E122/><V54/><F54/><W13/><G64/><T59/><D17/><U126/><E42/><V55/><F55/><W87/><G102/><T43/><D47/><U124/><E48/><N who="2" m="26671" /><F24/><N who="1" m="9321" /><E20/><V21/><F21/><N who="3" m="11399" /><G106/><T6/><D6/><U113/><E113/><V36/><F36/><W65/><G65/><T19/><D19/><U109/><E109/><V67/><F67/><W35/><G35/><T58/><D58/><U44/><E44/><V22/><F22/><W82/><G40/><T0/><D29/><U93/><E62/><V101/><F129/><W85/><G50/><N who="0" m="31127" /><D33/><U51/><E51/><V97/><F9/><W78/><G82/><T15/><AGARI ba="0,0" hai="0,3,4,8,15,39,43,46,61,66,71" m="31127" machi="15" ten="30,3000,0" yaku="24,1,54,1" doraHai="116" who="0" fromWho="0" sc="250,30,250,-10,250,-10,250,-10" /><INIT seed="0,1,0,2,5,77" ten="280,240,240,240" oya="0" hai0="50,65,132,70,47,20,107,48,31,74,27,84,95" hai1="13,5,76,103,26,106,122,34,52,60,108,101,120" hai2="78,96,69,86,39,126,97,0,88,35,6,68,114" hai3="112,8,62,135,49,38,66,30,4,17,102,89,124"/><T24/><D74/><U73/><E34/><V3/><F114/><W130/><G38/><T104/><D132/><U67/><E26/><V72/><F126/><W42/><G112/><T56/><D70/><N who="1" m="42343" /><E101/><V55/><F35/><W71/><G135/><T81/><D95/><U117/><E13/><V99/><F39/><W131/><G124/><T41/><D27/><U44/><E44/><V7/><F55/><W133/><G102/><T125/><D125/><U64/><E64/><V53/><F53/><W129/><G133/><T94/><D94/><U43/><E5/><V22/><F22/><W45/><G30/><T123/><D123/><U23/><E108/><V113/><F113/><W128/><N who="3" m="33280" /><DORA hai="79" /><W15/><REACH who="3" step="1"/><G89/><REACH who="3" step="2"/><T127/><D127/><U46/><E122/><V37/><F37/><W21/><G21/><T29/><D31/><U19/><E120/><V63/><F0/><W28/><G28/><T134/><D134/><U16/><E23/><V75/><F3/><W59/><G59/><T11/><D56/><U110/><E103/><V121/><F121/><W58/><G58/><T92/><D65/><U118/><E118/><V54/><F69/><W61/><G61/><T90/><D20/><U36/><E117/><V98/><F68/><W57/><G57/><T82/><D29/><U93/><E36/><V33/><F63/><W83/><G83/><T51/><D81/><U10/><E10/><V18/><F88/><W115/><G115/><T116/><D82/><U14/><E46/><V109/><F33/><W2/><G2/><T80/><D80/><U85/><E76/><RYUUKYOKU ba="1,1" sc="280,-10,240,-10,240,-10,230,30" hai3="4,8,15,17,42,45,49,62,66,71" /><INIT seed="1,2,1,1,1,121" ten="270,230,230,260" oya="1" hai0="37,87,125,113,82,20,133,48,107,96,100,128,89" hai1="97,45,108,131,34,39,124,99,19,94,57,119,106" hai2="118,77,68,126,32,134,61,55,33,83,101,62,69" hai3="31,22,26,8,2,60,10,28,66,73,11,16,12"/><U132/><E34/><V53/><F118/><W105/><G105/><T47/><D113/><U93/><E119/><V117/><F101/><W81/><G81/><T120/><D120/><U110/><E106/><V102/><F102/><W63/><G73/><T9/><D37/><U85/><E132/><V103/><F103/><W4/><G66/><T115/><D115/><U27/><E131/><V70/><F117/><W30/><G63/><T3/><D133/><U49/><E124/><V15/><F15/><N who="3" m="7271" /><G60/><N who="2" m="23145" /><F126/><W112/><G112/><T135/><D125/><U78/><E39/><V122/><F134/><W35/><G35/><N who="2" m="13385" /><F83/><W54/><G54/><N who="2" m="20489" /><F77/><W76/><G76/><T79/><D128/><U25/><E78/><V116/><F116/><W75/><G75/><T91/><D135/><U127/><E127/><V46/><F46/><W64/><G64/><T38/><D38/><U72/><E72/><V59/><F59/><W21/><G21/><T0/><D20/><N who="1" m="13471" /><E57/><V58/><F58/><W67/><G67/><T86/><D9/><U43/><E85/><V104/><F122/><W7/><AGARI ba="2,1" hai="2,4,7,10,11,12,22,26,28,30,31" m="7271" machi="7" ten="30,12000,2" yaku="35,5,54,1" doraHai="121" who="3" fromWho="3" sc="270,-32,230,-62,230,-32,260,136" /><INIT seed="2,0,0,2,0,74" ten="238,168,198,396" oya="2" hai0="121,15,2,40,14,4,127,83,34,72,44,22,90" hai1="63,52,36,115,35,126,12,85,10,75,37,92,42" hai2="119,111,8,45,9,29,104,96,17,21,100,130,114" hai3="135,32,64,51,38,98,47,109,103,89,101,0,107"/><V110/><F119/><W128/><G135/><T6/><D121/><U33/><E115/><V5/><F114/><W19/><G32/><T84/><D127/><U65/><E126/><V26/><F130/><W55/><G0/><T124/><D124/><U61/><E75/><V82/><F45/><W59/><G128/><T30/><D72/><U106/><E106/><V81/><F29/><W1/><G1/><T25/><D2/><U134/><E134/><V78/><F82/><W122/><G122/><T108/><D108/><N who="2" m="41514" /><F5/><W73/><G109/><T57/><D57/><U24/><E42/><V53/><F53/><W43/><G73/><AGARI ba="0,0" hai="8,9,17,21,26,73,78,81,96,100,104" m="41514" machi="73" ten="30,5800,0" yaku="14,1,10,1,52,1" doraHai="74" who="2" fromWho="3" sc="238,0,168,0,198,58,396,-58" /><INIT seed="2,1,0,4,5,18" ten="238,168,256,338" oya="2" hai0="93,75,24,48,47,133,42,109,34,23,2,111,27" hai1="95,117,73,99,127,92,63,64,88,115,81,66,119" hai2="31,131,60,26,86,120,79,89,74,36,69,80,110" hai3="15,7,87,116,0,97,6,78,114,77,122,85,8"/><V102/><F120/><W9/><G122/><T17/><D75/><U12/><E115/><V104/><F131/><W54/><G116/><T90/><D133/><U53/><E127/><V51/><F36/><W126/><G114/><T113/><D113/><U134/><E134/><V124/><F124/><W129/><G126/><T98/><D2/><U118/><E95/><V38/><F38/><W67/><G129/><T62/><D62/><U96/><E96/><V130/><F110/><W1/><G67/><T112/><REACH who="0" step="1"/><D112/><REACH who="0" step="2"/><U43/><E43/><V94/><F130/><W13/><G54/><T28/><AGARI ba="1,1" hai="17,23,24,27,28,34,42,47,48,90,93,98,109,111" machi="28" ten="30,8000,1" yaku="1,1,2,1,0,1,52,1,53,1" doraHai="18" doraHaiUra="44" who="0" fromWho="0" sc="228,93,168,-21,256,-41,338,-21" /><INIT seed="3,0,0,1,5,23" ten="321,147,215,317" oya="3" hai0="34,54,2,56,64,19,116,125,4,5,33,7,61" hai1="16,90,85,13,63,20,104,44,83,92,134,101,10" hai2="102,35,68,69,3,130,123,126,84,71,112,110,57" hai3="41,26,135,128,73,29,60,66,76,99,72,37,91"/><W8/><G135/><T96/><D116/><U50/><E134/><V86/><F102/><W25/><G128/><T78/><D125/><U15/><E104/><V48/><F35/><W67/><G37/><T115/><D115/><U80/><E63/><V122/><F3/><W121/><G41/><T74/><D2/><U1/><E1/><V42/><F86/><W46/><G121/><N who="2" m="46089" /><F84/><W62/><G46/><T38/><D38/><U111/><E111/><V98/><F98/><W88/><G76/><T89/><D74/><N who="3" m="28777" /><G8/><T17/><D78/><U127/><E127/><V0/><F0/><W45/><G45/><T77/><D77/><U117/><E117/><V82/><F82/><W87/><G99/><T12/><D33/><U32/><E32/><V9/><F9/><W30/><G87/><T58/><D34/><U49/><E101/><V65/><F126/><W36/><G36/><T114/><D114/><U53/><REACH who="1" step="1"/><E50/><REACH who="1" step="2"/><V81/><F110/><W106/><G106/><T107/><D107/><U39/><E39/><V132/><F132/><W31/><G67/><T47/><D64/><U22/><E22/><V14/><F112/><W21/><G66/><T119/><D119/><U133/><E133/><V95/><F130/><W124/><G21/><T131/><D131/><U129/><E129/><V120/><F120/><W113/><G124/><T108/><D108/><U100/><E100/><V40/><F48/><W18/><G113/><T105/><D105/><U28/><E28/><V55/><F65/><W109/><G109/><T11/><D61/><N who="3" m="23657" /><G18/><AGARI ba="0,1" hai="10,13,15,16,18,20,44,49,53,80,83,85,90,92" machi="18" ten="30,8000,1" yaku="1,1,7,1,8,1,54,1,53,1" doraHai="23" doraHaiUra="6" who="1" fromWho="3" sc="321,0,137,90,215,0,317,-80" owari="321,41,227,-17,215,-28,237,4" /></mjloggm>