<mjloggm ver="2.3"><GO type="169" lobby="0"/><UN n0="%E5%A0%80%E3%82%B9%E3%82%B9%E3%83%A0" n1="%E3%81%91%E3%82%93%31%39%37%30" n2="%6D%65%24%6F" n3="%EF%BC%88%E2%89%A7%E2%96%BD%E2%89%A6%EF%BC%89" dan="16,16,16,17" rate="2047.66,2069.36,2092.16,2186.62" sx="M,M,M,M"/><TAIKYOKU oya="0"/><INIT seed="0,0,0,0,0,64" ten="250,250,250,250" oya="0" hai0="101,58,21,68,72,109,133,119,129,134,63,0,6" hai1="131,50,126,12,14,13,87,44,42,47,27,120,84" hai2="26,49,98,77,40,112,59,123,41,79,127,60,17" hai3="110,75,128,104,62,92,83,88,65,91,117,33,108"/><T37/><D119/><U11/><E120/><V15/><F123/><W130/><G33/><T48/><D37/><U8/><E126/><V16/><F127/><W86/><G117/><T51/><D129/><N who="3" m="49769" /><G104/><T80/><D101/><U94/><E131/><V52/><F112/><W111/><G75/><T23/><D68/><U106/><E106/><V38/><F38/><W28/><G28/><T32/><D32/><U114/><E114/><V67/><F98/><N who="3" m="57631" /><G62/><T81/><D109/><U54/><E27/><V24/><F24/><W125/><G65/><N who="0" m="39159" /><D6/><U35/><E35/><V82/><F26/><W4/><G4/><T102/><D102/><U116/><E116/><V93/><F93/><W46/><G46/><T121/><D121/><U36/><E94/><V118/><F118/><W3/><G3/><T76/><D0/><U107/><E107/><V61/><F61/><W66/><G66/><T99/><D99/><U122/><E122/><V34/><F34/><W2/><G2/><T43/><D80/><U57/><E47/><N who="2" m="27711" /><F82/><W113/><G113/><T74/><D74/><U90/><E90/><V1/><F1/><W73/><G73/><T71/><D71/><U55/><E55/><V25/><F25/><W135/><G125/><T95/><D95/><U30/><E30/><V100/><F100/><W18/><G18/><N who="2" m="7273" /><F15/><W10/><G10/><T53/><D43/><AGARI ba="0,0" hai="40,41,43,59,60,67,77,79" m="7273,27711" machi="43" ten="30,3900,0" yaku="8,1,54,2" doraHai="64" who="2" fromWho="0" sc="250,-39,250,0,250,39,250,0" /><INIT seed="1,0,0,2,2,54" ten="211,250,289,250" oya="1" hai0="64,90,59,93,20,76,12,0,40,39,132,53,82" hai1="87,128,2,23,25,65,125,131,121,98,11,26,91" hai2="21,113,47,118,84,63,14,5,112,58,46,69,115" hai3="13,105,123,94,111,57,89,44,97,134,38,51,8"/><U92/><E121/><V80/><F118/><W72/><G123/><T17/><D132/><U36/><E36/><V122/><F122/><W68/><G68/><T126/><D126/><U100/><E125/><V116/><F116/><W74/><G134/><T67/><D0/><U71/><E26/><V83/><F69/><W48/><G111/><T103/><D103/><U78/><E78/><V73/><F73/><W95/><G105/><T7/><D7/><U32/><E2/><V127/><F127/><W119/><G119/><T52/><D40/><U4/><E4/><V35/><F35/><W117/><G117/><T3/><D3/><U135/><E11/><N who="2" m="4463" /><F21/><W60/><G38/><T18/><D18/><U43/><E43/><V49/><F49/><W110/><G110/><T124/><D53/><U41/><E41/><V30/><F30/><W61/><G74/><T108/><D39/><U6/><E6/><V1/><F1/><W45/><G72/><T16/><D17/><U33/><E135/><V106/><F106/><W104/><G104/><T85/><D124/><U109/><E109/><V15/><F15/><W31/><G31/><T75/><D108/><U107/><E23/><V28/><F28/><W99/><G13/><T10/><D10/><U29/><E33/><V27/><F27/><W81/><G8/><T37/><D37/><U79/><E79/><N who="2" m="46111" /><F83/><W19/><G81/><T34/><D34/><U50/><E50/><AGARI ba="0,0" hai="12,16,20,50,52,59,64,67,75,76,82,85,90,93" machi="50" ten="30,12000,2" yaku="7,1,25,2,52,1,54,2" doraHai="54" who="0" fromWho="1" sc="211,120,250,-120,289,0,250,0" /><INIT seed="2,0,0,4,1,1" ten="331,130,289,250" oya="2" hai0="50,114,56,17,60,98,72,130,77,26,101,87,73" hai1="18,70,75,119,71,93,25,103,96,110,83,78,40" hai2="43,90,29,79,8,65,108,23,22,4,76,66,61" hai3="80,95,45,2,128,88,127,118,32,82,125,58,13"/><V21/><F43/><W69/><G69/><T91/><D114/><U121/><E119/><V126/><F126/><N who="3" m="48139" /><G118/><T62/><D130/><U3/><E121/><V124/><F124/><W20/><G32/><T123/><D123/><U46/><E18/><V84/><F29/><W85/><G128/><T38/><D38/><U7/><E25/><V35/><F35/><W106/><G106/><T129/><D129/><U133/><E133/><V34/><F34/><W122/><G122/><T100/><D100/><U31/><E31/><V42/><F42/><W105/><G105/><T15/><D26/><U39/><E110/><V135/><F135/><W9/><G45/><T33/><D50/><U97/><E97/><V54/><F54/><W28/><G2/><T49/><D49/><U64/><E64/><V6/><F108/><W51/><G20/><T24/><D33/><U116/><E116/><V74/><F74/><W11/><G28/><T107/><D24/><U94/><E94/><N who="2" m="54599" /><F8/><AGARI ba="0,0" hai="3,7,8,39,40,46,70,71,75,78,83,93,96,103" machi="8" ten="40,5200,0" yaku="25,2,52,1" doraHai="1" who="1" fromWho="2" sc="331,0,130,52,289,-52,250,0" /><INIT seed="3,0,0,4,0,51" ten="331,182,237,250" oya="3" hai0="73,115,91,39,84,25,40,104,77,54,11,90,125" hai1="132,103,22,113,72,53,9,58,81,50,114,57,128" hai2="105,33,97,30,1,52,64,121,129,65,122,43,37" hai3="124,119,127,7,88,17,59,109,98,89,111,80,135"/><W38/><G38/><T134/><D125/><N who="3" m="48201" /><G119/><T44/><D134/><U96/><E132/><V68/><F1/><W3/><G135/><T79/><D104/><U106/><E128/><V48/><F129/><W46/><G46/><T5/><D115/><U45/><E9/><V24/><F37/><W14/><G7/><T62/><D25/><U82/><E22/><V2/><F2/><W20/><G3/><N who="0" m="447" /><D79/><U93/><E106/><V12/><F12/><W29/><G29/><T87/><D87/><U70/><E70/><V36/><F36/><W27/><G27/><T18/><D18/><U108/><E82/><V92/><F43/><W120/><G120/><N who="2" m="46185" /><F105/><W69/><G69/><T117/><D117/><U133/><E133/><V107/><F107/><W34/><G34/><T6/><D6/><U13/><E13/><V56/><F68/><W8/><G8/><T4/><D4/><U41/><E58/><V16/><F16/><W101/><G59/><N who="0" m="35191" /><D84/><U83/><E83/><AGARI ba="0,0" hai="39,40,44,73,77,83,90,91" m="35191,447" machi="83" ten="30,2000,0" yaku="25,1,52,1" doraHai="51" who="0" fromWho="1" sc="331,20,182,-20,237,0,250,0" /><INIT seed="4,0,0,0,5,26" ten="351,162,237,250" oya="0" hai0="35,134,104,127,129,125,83,62,39,20,49,86,103" hai1="32,76,114,55,94,6,27,43,46,30,69,8,119" hai2="64,96,91,28,107,54,40,36,61,118,123,29,100" hai3="89,71,82,47,87,14,75,1,77,65,84,113,90"/><T48/><D35/><U110/><E119/><V101/><F123/><W68/><G1/><T22/><D39/><U66/><E55/><V131/><F118/><W92/><G113/><T72/><D72/><U2/><E94/><V34/><F131/><W37/><G65/><T135/><D129/><U0/><E110/><V122/><F122/><W13/><G37/><T41/><D62/><U121/><E121/><V112/><F112/><W99/><G47/><N who="0" m="25711" /><D49/><U106/><E114/><V21/><F34/><W53/><G53/><T95/><D104/><U63/><E76/><V52/><F100/><W10/><G14/><T80/><D95/><U15/><REACH who="1" step="1"/><E106/><REACH who="1" ten="351,152,237,250" step="2"/><V9/><F54/><W67/><G67/><T102/><D83/><U78/><E78/><V73/><F52/><W85/><REACH who="3" step="1"/><G90/><REACH who="3" ten="351,152,237,240" step="2"/><T133/><D133/><U70/><E70/><V98/><F91/><W12/><G12/><T58/><D134/><U33/><E33/><V60/><F40/><W51/><G51/><AGARI ba="0,2" hai="0,2,6,8,15,27,30,32,43,46,51,63,66,69" machi="51" ten="30,7700,0" yaku="1,1,7,1,52,1,53,1" doraHai="26" doraHaiUra="31" who="1" fromWho="3" sc="351,0,152,97,237,0,240,-77" /><INIT seed="5,0,0,3,0,84" ten="351,249,237,163" oya="1" hai0="75,39,52,36,51,6,77,88,12,100,107,125,61" hai1="50,17,95,123,43,103,66,54,30,86,124,38,4" hai2="101,110,119,116,41,20,40,131,70,19,73,115,78" hai3="67,10,79,134,82,96,130,105,16,94,18,76,87"/><U5/><E123/><V117/><F110/><W93/><G134/><T23/><D125/><U118/><E118/><V62/><F131/><W64/><G130/><T69/><D77/><U108/><E30/><V53/><F101/><W48/><G105/><T114/><D75/><U45/><E124/><V81/><F115/><W58/><G79/><T126/><D126/><U14/><E66/><V129/><F129/><W7/><G93/><T91/><D114/><U98/><E86/><V9/><F9/><W60/><G48/><T32/><D32/><U15/><E15/><V72/><F72/><W132/><G67/><T109/><D109/><U33/><E33/><V55/><F70/><W26/><G26/><T104/><D61/><U113/><E113/><V3/><F3/><W112/><G132/><T68/><D100/><U80/><E80/><V99/><F99/><W120/><G120/><T42/><D68/><U1/><E1/><V37/><F37/><W44/><G44/><T28/><D69/><U57/><REACH who="1" step="1"/><E108/><REACH who="1" ten="351,239,237,163" step="2"/><V111/><F111/><W46/><G112/><T97/><D28/><U133/><E133/><V21/><F117/><W35/><G35/><T127/><D127/><U102/><E102/><V89/><F116/><W74/><G74/><T2/><D2/><U83/><E83/><V27/><F73/><W90/><G46/><T63/><D12/><AGARI ba="0,1" hai="7,10,12,16,18,58,60,64,76,82,87,90,94,96" machi="12" ten="30,7700,0" yaku="7,1,8,1,52,1,54,1" doraHai="84" who="3" fromWho="0" sc="351,-77,239,0,237,0,163,87" /><INIT seed="6,0,0,2,3,56" ten="274,239,237,250" oya="2" hai0="126,8,54,74,96,29,81,124,0,87,89,123,52" hai1="92,95,55,18,15,116,111,127,115,24,119,97,57" hai2="4,33,41,20,120,1,122,10,49,80,85,77,35" hai3="128,135,131,71,113,32,117,121,84,58,5,99,75"/><V59/><F20/><W94/><G32/><T110/><D110/><U109/><E116/><V112/><F112/><W134/><G71/><T66/><D123/><U23/><E115/><V9/><F9/><W3/><G113/><T125/><D29/><U68/><E68/><V79/><F79/><W69/><G69/><T25/><D25/><U48/><E119/><V130/><F130/><N who="3" m="49707" /><G75/><T11/><D66/><U51/><E127/><V7/><F7/><W6/><G121/><T78/><D96/><U86/><E95/><V93/><F93/><W13/><G3/><T27/><D27/><U60/><E86/><V30/><F30/><W129/><G84/><T82/><REACH who="0" step="1"/><D11/><REACH who="0" ten="264,239,237,250" step="2"/><U132/><E111/><V103/><F122/><W67/><G129/><T16/><D16/><U12/><E109/><V108/><F120/><W17/><G117/><T28/><D28/><U104/><E132/><V114/><F108/><W45/><G135/><T61/><D61/><U53/><E104/><V91/><F114/><W26/><G134/><T34/><D34/><U22/><E22/><V90/><F33/><W65/><G26/><T40/><D40/><U133/><E133/><V83/><F35/><W14/><G67/><T106/><D106/><U105/><E105/><V31/><F31/><W43/><G65/><T98/><D98/><U39/><E97/><V100/><F41/><W64/><G43/><T63/><D63/><U44/><E60/><V72/><REACH who="2" step="1"/><F91/><REACH who="2" ten="264,239,227,250" step="2"/><W102/><G17/><T38/><D38/><U73/><E39/><V47/><F47/><W101/><G45/><T46/><D46/><RYUUKYOKU ba="0,2" sc="264,15,239,-15,227,15,250,-15" hai0="0,8,52,54,74,78,81,82,87,89,124,125,126" hai2="1,4,10,49,59,72,77,80,83,85,90,100,103" /><INIT seed="6,1,2,4,0,21" ten="279,224,242,235" oya="2" hai0="23,26,34,102,87,76,31,10,72,75,86,39,62" hai1="44,56,71,81,11,122,5,50,89,96,2,12,33" hai2="79,15,105,16,119,128,82,13,108,106,66,88,4" hai3="116,42,135,63,115,112,38,8,124,65,100,28,55"/><V17/><F119/><W40/><G116/><T127/><D39/><U3/><E71/><V20/><F4/><W67/><G135/><T9/><D127/><U30/><E122/><V22/><F128/><W110/><G110/><T78/><D102/><U104/><E56/><V90/><F108/><W98/><G124/><T84/><D34/><U59/><E59/><V61/><F105/><W37/><G28/><T58/><D75/><U48/><E48/><V118/><F106/><N who="3" m="63767" /><G8/><N who="0" m="3179" /><D72/><U0/><E104/><V47/><F47/><N who="3" m="23959" /><G55/><AGARI ba="1,2" hai="23,26,31,55,58,62,76,78,84,86,87" m="3179" machi="55" ten="30,2000,0" yaku="8,1,52,1" doraHai="21" who="0" fromWho="3" sc="279,43,224,0,242,0,235,-23" /><INIT seed="7,0,0,2,1,95" ten="322,224,242,212" oya="3" hai0="64,21,6,66,80,30,35,8,71,106,108,31,122" hai1="54,133,41,17,126,103,85,131,5,50,2,47,61" hai2="125,82,113,18,44,3,89,28,75,14,24,74,73" hai3="97,57,59,20,72,134,68,132,120,86,65,34,115"/><W33/><G72/><T48/><D108/><U70/><E2/><V93/><F3/><W1/><G1/><T46/><D35/><N who="3" m="13321" /><G120/><T107/><D107/><U32/><E32/><V127/><F113/><W63/><G115/><T7/><D106/><U105/><E5/><V67/><F24/><W81/><G20/><T16/><D71/><U43/><E43/><V118/><F28/><N who="0" m="10794" /><D80/><U109/><E109/><V117/><F67/><N who="0" m="25642" /><D8/><U9/><E70/><V124/><F44/><W77/><G97/><T45/><D122/><U69/><E69/><V13/><F18/><W12/><G12/><N who="2" m="4713" /><F82/><W87/><G87/><AGARI ba="0,0" hai="73,74,75,87,89,93,117,118,124,125,127" m="4713" machi="87" ten="40,1300,0" yaku="18,1" doraHai="95" who="2" fromWho="3" sc="322,0,224,0,242,13,212,-13" owari="322,42.0,224,-18.0,255,6.0,199,-30.0" /></mjloggm>