<mjloggm ver="2.3"><GO type="41"/><UN n0="%E3%82%A6%E3%83%AB%E3%83%88%E3%83%A9%E7%AB%8B%E7%9B%B4" n1="%E3%82%84%E3%81%BE%E3%81%A0%E3%81%95%E3%81%BE" n2="%E3%83%98%E3%82%AF%E3%82%B5%E3%83%BC" n3="%E6%9C%80%E5%BC%B7%E5%8A%A9%E3%81%A3%E4%BA%BA" dan="15,16,14,15" rate="1979,2018,1900,1993" sx="M,M,M,M"/><TAIKYOKU oya="0"/><INIT seed="0,0,0,3,3,76" ten="250,250,250,250" oya="0" hai0="72,80,132,19,119,128,74,59,6,67,1,134,97" hai1="103,73,11,29,121,48,122,114,33,23,16,17,28" hai2="130,87,21,79,50,88,20,34,106,40,135,35,46" hai3="42,105,82,8,49,96,93,120,26,38,27,7,123"/><T127/><D6/><U101/><E73/><V69/><F135/><N who="0" m="51754" /><D1/><U32/><E48/><V112/><F130/><W9/><G38/><T61/><D119/><U77/><E77/><V45/><F69/><W44/><G105/><T47/><D128/><U65/><E65/><V4/><F106/><W51/><G9/><T129/><D129/><U124/><E124/><V5/><F112/><W95/><G95/><T68/><D127/><U15/><E114/><V91/><F34/><N who="1" m="13417" /><E101/><V98/><F35/><W0/><G51/><T92/><D47/><U133/><E103/><V86/><F79/><W57/><G57/><T22/><D68/><U109/><E133/><V10/><F98/><W12/><G0/><T116/><D116/><U3/><E3/><V131/><F131/><W37/><G37/><T78/><D74/><U43/><E43/><V90/><F10/><W104/><G104/><T66/><D97/><U75/><E75/><V31/><F31/><N who="1" m="11849" /><E109/><V70/><F70/><W64/><G64/><N who="0" m="38975" /><D92/><U14/><AGARI ba="0,0" hai="11,14,15,16,17,23,121,122" m="11849,13417" machi="14" ten="30,4000,0" yaku="34,2,54,1" doraHai="76" who="1" fromWho="1" sc="250,-20,250,40,250,-10,250,-10" /><INIT seed="1,0,0,3,5,35" ten="230,290,240,240" oya="1" hai0="126,107,22,79,93,72,98,18,86,78,54,115,109" hai1="130,82,36,1,12,4,14,88,64,68,120,110,81" hai2="74,15,113,5,118,10,45,121,66,116,42,13,3" hai3="119,17,103,67,122,133,48,95,125,135,76,57,77"/><U8/><E120/><V102/><F121/><W63/><G122/><T19/><D18/><U85/><E36/><V123/><F123/><W100/><G119/><T129/><D54/><U32/><E32/><V65/><F113/><W47/><G125/><T96/><D19/><U53/><E130/><V124/><F74/><W23/><G135/><T97/><D22/><U75/><E68/><V83/><F124/><W44/><G133/><T9/><D9/><U71/><E71/><V29/><F102/><W50/><G47/><T39/><D39/><U43/><E43/><V89/><F29/><W26/><G50/><T52/><D52/><U34/><E34/><V92/><F83/><W24/><G24/><T38/><D38/><U28/><E28/><V46/><F46/><W33/><G33/><T114/><D126/><U127/><E64/><V11/><F65/><W49/><G49/><T56/><D56/><U131/><E131/><V58/><F66/><W105/><G105/><T21/><D21/><U106/><E106/><V60/><F58/><W27/><G27/><T59/><D59/><U128/><E128/><V117/><F60/><W40/><REACH who="3" step="1"/><G103/><REACH who="3" step="2"/><N who="0" m="62951" /><D129/><U108/><E127/><V99/><REACH who="2" step="1"/><F10/><REACH who="2" step="2"/><W73/><G73/><T104/><D72/><U7/><E75/><V55/><F55/><W87/><G87/><T51/><D115/><U80/><E53/><V20/><F20/><W62/><G62/><T94/><D114/><U84/><E85/><V91/><F91/><W69/><G69/><T25/><D86/><U0/><E84/><V111/><F111/><N who="1" m="42537" /><E88/><V16/><F16/><RYUUKYOKU ba="0,2" sc="230,-30,290,10,230,10,230,10" hai1="0,1,4,7,8,12,14,80,81,82" hai2="3,5,11,13,15,42,45,89,92,99,116,117,118" hai3="17,23,26,40,44,48,57,63,67,76,77,95,100" /><INIT seed="1,1,2,0,1,59" ten="200,300,240,240" oya="1" hai0="5,81,121,102,14,72,130,122,114,76,135,32,78" hai1="105,12,73,55,20,31,77,38,0,57,82,63,67" hai2="118,94,110,44,43,85,120,115,35,100,26,36,113" hai3="50,61,45,79,6,124,47,107,49,101,128,133,52"/><U70/><E38/><V37/><F118/><W10/><G79/><T24/><D114/><U71/><E105/><V123/><F110/><W104/><G133/><T89/><D135/><U18/><E0/><V56/><F36/><W106/><G128/><T69/><D130/><U21/><REACH who="1" step="1"/><E67/><REACH who="1" step="2"/><V62/><F115/><W7/><G124/><T83/><D121/><U91/><E91/><V93/><F113/><W64/><G101/><T129/><D122/><U65/><E65/><V66/><F100/><W88/><G88/><T40/><D129/><U13/><E13/><V54/><F123/><W99/><G99/><T25/><D102/><U116/><E116/><V96/><F120/><W95/><G95/><T111/><D89/><U84/><E84/><V117/><F85/><W1/><G6/><T8/><D25/><AGARI ba="1,3" hai="12,18,20,21,25,31,55,57,63,70,71,73,77,82" machi="25" ten="40,7700,0" yaku="1,1,52,1,53,1" doraHai="59" doraHaiUra="15" who="1" fromWho="0" sc="200,-80,290,110,240,0,240,0" /><INIT seed="1,2,0,0,3,25" ten="120,400,240,240" oya="1" hai0="46,7,23,77,82,39,1,121,33,55,96,22,129" hai1="116,68,18,91,15,43,58,133,74,80,0,8,24" hai2="42,78,67,48,56,99,86,63,109,87,30,90,119" hai3="17,81,62,72,135,84,50,110,108,88,4,14,52"/><U126/><E68/><V89/><F119/><W122/><G122/><T38/><D129/><U57/><E116/><V41/><F109/><N who="3" m="42091" /><G72/><T112/><D33/><U31/><E133/><V92/><F78/><W132/><G4/><T106/><D112/><U102/><E126/><V107/><F107/><W97/><G62/><T5/><D121/><U127/><E127/><V128/><F99/><W131/><G97/><T60/><D7/><U85/><E0/><V120/><F120/><W118/><G118/><T125/><D125/><U111/><E111/><V71/><F128/><W29/><G131/><T69/><D23/><N who="1" m="15775" /><E74/><V124/><F124/><W16/><G29/><T20/><D22/><U134/><E134/><N who="3" m="51242" /><G14/><T49/><D20/><U59/><E102/><V101/><F101/><W104/><G104/><T75/><D96/><U93/><E43/><V3/><F3/><W70/><G70/><T54/><D106/><U79/><E79/><V66/><F71/><W76/><G76/><T117/><D117/><U51/><E93/><V19/><F41/><W9/><G9/><T94/><D94/><U34/><E34/><V61/><F42/><W27/><G27/><T2/><D2/><U26/><E26/><V130/><F130/><W13/><G13/><T40/><D39/><U100/><E100/><V10/><F10/><W37/><G37/><T53/><D5/><U103/><E103/><V115/><F92/><W36/><G36/><T44/><D1/><U28/><E28/><V83/><F30/><W113/><G113/><T47/><D69/><U65/><E65/><N who="2" m="24587" /><F115/><W64/><G64/><RYUUKYOKU ba="2,0" sc="120,-15,400,15,240,-15,240,15" hai1="8,15,18,51,57,58,59,80,85,91" hai3="16,17,50,52,81,84,88" /><INIT seed="1,3,0,2,0,91" ten="105,415,225,255" oya="1" hai0="63,122,38,18,121,113,80,2,8,101,72,135,115" hai1="129,57,6,106,66,53,134,46,40,11,89,25,69" hai2="45,10,126,12,16,56,15,9,118,52,133,64,87" hai3="111,61,51,93,26,14,119,44,33,48,117,88,3"/><U47/><E106/><V132/><F118/><N who="3" m="45067" /><G3/><T34/><D63/><U36/><E129/><V20/><F126/><W4/><G111/><T85/><D18/><U94/><E134/><N who="2" m="51819" /><F64/><W79/><G79/><T102/><D8/><N who="2" m="3178" /><F45/><W71/><G4/><T65/><D65/><U62/><E47/><V23/><F87/><N who="3" m="52383" /><G14/><N who="2" m="5161" /><F16/><W104/><G104/><T0/><D135/><U96/><E46/><V114/><F114/><W125/><G125/><T30/><D115/><U83/><E40/><V21/><F21/><W73/><G73/><T123/><D113/><U28/><E36/><V97/><F97/><W29/><G44/><T35/><D38/><U54/><E69/><V82/><F82/><W75/><G75/><T13/><D72/><U42/><E42/><V37/><F37/><W131/><G131/><T81/><D13/><N who="1" m="5367" /><E83/><N who="0" m="31817" /><D85/><U107/><E107/><V1/><F1/><N who="0" m="618" /><D30/><U103/><E103/><AGARI ba="3,0" hai="34,35,101,102,103,121,122,123" m="618,31817" machi="103" ten="40,5200,0" yaku="28,2,13,1" doraHai="91" who="0" fromWho="1" sc="105,61,415,-61,225,0,255,0" /><INIT seed="2,0,0,3,5,18" ten="166,354,225,255" oya="2" hai0="61,104,12,4,77,91,1,59,65,15,26,135,39" hai1="102,69,84,25,3,76,121,6,9,72,62,134,103" hai2="118,28,122,0,108,19,119,32,70,50,98,71,57" hai3="116,90,68,95,22,105,42,110,106,92,120,58,131"/><V53/><F122/><W66/><G68/><T79/><D135/><U49/><E121/><V55/><F0/><W47/><G120/><T60/><D1/><U8/><E134/><V54/><F108/><W74/><G110/><T117/><D39/><U100/><E72/><V132/><F132/><W30/><G74/><T23/><D104/><U83/><E9/><V10/><F98/><W17/><G116/><T67/><D91/><U37/><E37/><V34/><F28/><W88/><G30/><T20/><D4/><U41/><E69/><N who="2" m="26123" /><F57/><W94/><G105/><T85/><D85/><U107/><E107/><V81/><F50/><N who="3" m="26999" /><G106/><T29/><D117/><N who="2" m="44554" /><F81/><W38/><G38/><T87/><D87/><U36/><E36/><V99/><F99/><W31/><G31/><T96/><D96/><U24/><E3/><V111/><F111/><W51/><G131/><T130/><D130/><U75/><E75/><V45/><F19/><W2/><G2/><T14/><D77/><U40/><E76/><V43/><F43/><W97/><G97/><T101/><D79/><U114/><E83/><V123/><F123/><W21/><G17/><T33/><REACH who="0" step="1"/><D101/><REACH who="0" step="2"/><U64/><E103/><V128/><F128/><W124/><G90/><T127/><D127/><U52/><E102/><V35/><F45/><W109/><G124/><T78/><D78/><U129/><E100/><V82/><F82/><W11/><G109/><T133/><D133/><U73/><E129/><V126/><F126/><W89/><G89/><T80/><D80/><U46/><E73/><V86/><F86/><W112/><G88/><RYUUKYOKU ba="0,1" sc="156,15,354,-15,225,15,255,-15" hai0="12,14,15,20,23,26,29,33,59,60,61,65,67" hai2="10,32,34,35,53,54,55" /><INIT seed="2,1,1,3,1,28" ten="171,339,240,240" oya="2" hai0="63,79,80,55,70,6,127,18,111,92,51,110,119" hai1="67,47,46,86,44,108,98,24,32,77,73,129,91" hai2="53,27,118,94,124,99,49,115,31,14,93,13,123" hai3="43,76,36,30,2,34,54,7,1,21,103,42,64"/><V96/><F123/><W8/><G76/><T132/><D119/><U100/><E108/><N who="0" m="41513" /><D127/><U134/><E129/><V105/><F124/><W97/><G21/><T58/><D132/><U59/><E134/><V78/><F118/><W125/><G125/><T126/><D126/><U26/><E73/><V82/><F115/><W50/><G1/><T57/><D6/><U39/><E39/><V133/><F105/><W9/><G9/><T60/><D92/><N who="1" m="58439" /><E77/><V74/><F133/><W61/><G36/><T33/><D18/><U121/><E32/><V128/><F128/><W12/><G2/><T81/><D33/><U114/><E114/><V40/><F40/><W107/><G30/><T68/><D80/><N who="1" m="49607" /><E121/><V10/><F10/><W52/><G34/><T38/><D38/><U0/><E0/><V85/><F74/><W113/><G113/><T88/><D79/><U109/><E109/><V35/><F96/><W29/><G29/><T4/><D81/><U56/><E56/><N who="0" m="21609" /><D4/><U72/><E72/><V19/><F19/><W66/><G66/><T15/><D15/><U11/><E11/><V122/><F122/><W117/><G117/><T135/><D135/><U20/><E20/><V131/><F131/><W106/><G106/><T75/><D75/><U16/><E16/><V101/><REACH who="2" step="1"/><F94/><REACH who="2" step="2"/><W69/><G43/><T22/><D22/><U89/><E67/><V17/><F17/><W37/><G37/><T116/><D116/><U120/><E120/><V130/><F130/><W87/><G87/><T3/><D3/><U25/><E24/><V90/><F90/><W95/><G107/><RYUUKYOKU ba="1,2" sc="171,-15,339,-15,230,15,240,15" hai2="13,14,27,31,35,49,53,78,82,85,93,99,101" hai3="7,8,12,42,50,52,54,61,64,69,95,97,103" /><INIT seed="2,2,2,0,5,130" ten="156,324,245,255" oya="2" hai0="73,92,105,66,1,0,44,128,110,121,97,70,65" hai1="55,15,25,74,9,18,31,100,72,82,11,40,75" hai2="42,8,127,10,114,122,48,26,69,93,117,54,103" hai3="120,2,89,108,106,27,57,64,134,98,24,30,113"/><V131/><F122/><W84/><G120/><T116/><D121/><U95/><E40/><V102/><F117/><W41/><G2/><N who="0" m="1131" /><D105/><U22/><E82/><V33/><F131/><W109/><G41/><T35/><D35/><U20/><REACH who="1" step="1"/><E55/><REACH who="1" step="2"/><V39/><F39/><W111/><G113/><T115/><D115/><U81/><E81/><V21/><F42/><W60/><G134/><T112/><D112/><U68/><E68/><V52/><F127/><W36/><G36/><T32/><D128/><U7/><E7/><V46/><F69/><W94/><G30/><T61/><D73/><U47/><E47/><V88/><F114/><W50/><G50/><T133/><D44/><U51/><E51/><N who="2" m="28791" /><F33/><W29/><G29/><T16/><D32/><U135/><E135/><V38/><F38/><W77/><G77/><T23/><D133/><U104/><E104/><V43/><F43/><W62/><G62/><T12/><D61/><U85/><E85/><N who="2" m="52367" /><F54/><W126/><G126/><T107/><D70/><U5/><E5/><V99/><F48/><W119/><G119/><T87/><D116/><U17/><E17/><N who="2" m="12591" /><F99/><AGARI ba="2,3" hai="9,11,15,18,20,22,25,31,72,74,75,95,99,100" machi="99" ten="40,1300,0" yaku="1,1,53,0" doraHai="130" doraHaiUra="78" who="1" fromWho="2" sc="156,0,314,49,245,-19,255,0" /><INIT seed="3,0,0,3,5,13" ten="156,363,226,255" oya="3" hai0="34,133,27,119,105,79,65,2,95,85,56,99,17" hai1="15,129,127,80,31,83,74,62,42,5,120,16,75" hai2="122,113,93,126,78,123,24,49,116,73,41,111,100" hai3="102,39,89,109,67,33,60,59,118,106,96,70,51"/><W98/><G118/><T3/><D119/><U124/><E120/><V48/><F116/><W110/><G39/><T117/><D117/><U121/><E121/><V61/><F126/><N who="1" m="48169" /><E5/><V87/><F73/><N who="1" m="27657" /><E129/><V63/><F41/><W112/><G112/><T101/><D133/><U8/><E31/><V52/><F24/><W10/><G10/><T1/><D34/><U92/><E42/><V45/><F111/><N who="3" m="42507" /><G33/><T25/><D17/><U71/><E92/><V64/><F93/><N who="3" m="56367" /><G51/><T29/><D29/><U91/><E91/><V20/><F113/><W7/><G7/><T50/><D95/><U76/><E76/><V103/><F78/><W21/><G21/><T23/><D23/><U97/><E97/><V77/><F20/><W69/><AGARI ba="0,0" hai="59,60,67,69,70,98,102,106" m="56367,42507" machi="69" ten="30,3000,0" yaku="14,1,10,1" doraHai="13" who="3" fromWho="3" sc="156,-10,363,-10,226,-10,255,30" /><INIT seed="3,1,0,2,1,16" ten="146,353,216,285" oya="3" hai0="74,122,8,78,35,45,101,59,87,104,120,31,126" hai1="73,67,100,57,26,90,93,9,23,36,10,0,53" hai2="119,84,60,43,129,38,80,81,75,71,83,72,48" hai3="124,95,47,52,115,94,89,17,127,51,85,112,30"/><W4/><G4/><T11/><D74/><U118/><E36/><V63/><F38/><W27/><G17/><T134/><D45/><U14/><E73/><V32/><F32/><W20/><REACH who="3" step="1"/><G95/><REACH who="3" step="2"/><T130/><D11/><U39/><E9/><V2/><F75/><W106/><G106/><T21/><D8/><U24/><E0/><V28/><F2/><W19/><G19/><T99/><D104/><U25/><E118/><V34/><F72/><W66/><G66/><T113/><D31/><U68/><E67/><V123/><F28/><W61/><G61/><T54/><D122/><U44/><E10/><V102/><F60/><W77/><G77/><T125/><D120/><U114/><E114/><AGARI ba="1,1" hai="20,27,30,47,51,52,85,89,94,112,114,115,124,127" machi="114" ten="40,12000,1" yaku="1,1,52,1,54,1,53,1" doraHai="16" doraHaiUra="46" who="3" fromWho="1" sc="146,0,353,-123,216,0,275,133" /><INIT seed="3,2,0,3,2,90" ten="146,230,216,408" oya="3" hai0="83,37,6,80,44,58,17,43,39,95,124,84,4" hai1="25,126,87,29,125,38,98,56,92,48,113,77,78" hai2="129,14,13,105,28,1,47,36,8,79,132,60,73" hai3="111,70,15,131,106,96,94,27,116,123,72,71,33"/><W21/><G123/><T31/><D124/><N who="1" m="47723" /><E113/><V135/><F105/><W103/><G116/><T109/><D109/><U19/><E38/><V24/><F1/><W20/><G72/><T114/><D114/><U32/><E19/><V65/><F129/><W122/><G122/><T104/><D104/><U11/><E11/><V81/><F36/><W101/><G131/><T45/><D31/><U2/><E2/><V64/><F47/><W91/><G111/><T12/><D58/><U57/><E48/><V55/><F55/><W99/><G33/><T41/><D83/><N who="1" m="47599" /><E78/><V5/><F14/><W63/><G15/><T18/><D18/><U52/><E52/><V34/><F64/><W46/><G46/><T86/><D86/><U53/><E53/><V67/><F65/><W108/><G108/><T50/><D50/><U115/><E115/><V51/><REACH who="2" step="1"/><F51/><REACH who="2" step="2"/><W26/><G63/><T42/><D42/><U30/><E30/><V107/><F107/><W100/><G106/><T61/><D61/><U112/><E112/><V118/><F118/><W117/><G117/><T120/><D120/><U121/><E121/><V23/><F23/><N who="3" m="8779" /><G70/><AGARI ba="2,1" hai="5,8,13,24,28,34,60,67,70,73,79,81,132,135" machi="70" ten="40,1300,0" yaku="1,1,53,0" doraHai="90" doraHaiUra="82" who="2" fromWho="3" sc="146,0,230,0,206,29,408,-19" /><INIT seed="4,0,0,1,3,44" ten="146,230,235,389" oya="0" hai0="74,22,32,110,77,90,84,92,101,19,130,133,56" hai1="80,127,100,99,0,69,40,112,34,8,115,91,116" hai2="61,11,75,96,66,125,30,106,15,85,109,57,73" hai3="14,81,118,114,43,83,48,124,23,111,98,70,121"/><T12/><D110/><U94/><E69/><V35/><F109/><W20/><G111/><T54/><D130/><U31/><E116/><V97/><F125/><W55/><G118/><T13/><D133/><U93/><E127/><V105/><F85/><W134/><G124/><T63/><D32/><U47/><E34/><V9/><F30/><W52/><G70/><T87/><D101/><U120/><E31/><V123/><F35/><W49/><G134/><T129/><D129/><U27/><E27/><V82/><F82/><N who="3" m="31243" /><G43/><T41/><D74/><U117/><E117/><V2/><F15/><W6/><G121/><T88/><D77/><U65/><E65/><V131/><F131/><W68/><G68/><T119/><D119/><U29/><E29/><V42/><F42/><W67/><G67/><T7/><D41/><U86/><E120/><V46/><F66/><W50/><G98/><T60/><D7/><U62/><E62/><V26/><F61/><W16/><G6/><T24/><REACH who="0" step="1"/><D63/><REACH who="0" step="2"/><U58/><E100/><V108/><F108/><W95/><G114/><T3/><D3/><U5/><E115/><V25/><F2/><W33/><G33/><T135/><D135/><U122/><E122/><V39/><F123/><W51/><G48/><T21/><D21/><N who="3" m="8265" /><G95/><AGARI ba="0,1" hai="12,13,19,22,24,54,56,60,84,87,88,90,92,95" machi="95" ten="30,12000,1" yaku="1,1,7,1,9,1,8,1,54,1,53,0" doraHai="44" doraHaiUra="126" who="0" fromWho="3" sc="136,130,230,0,235,0,389,-120" /><INIT seed="4,1,0,1,0,55" ten="266,230,235,269" oya="0" hai0="118,121,82,84,31,79,105,101,74,126,77,64,111" hai1="75,62,20,128,53,32,120,80,28,110,24,106,135" hai2="40,57,30,39,59,7,104,36,130,132,37,54,91" hai3="13,68,94,96,18,45,78,38,114,56,16,109,102"/><T73/><D31/><U97/><E120/><V134/><F130/><W22/><G68/><T98/><D64/><U69/><E128/><V49/><F104/><W33/><G33/><T88/><D121/><U123/><E123/><V9/><F30/><W41/><G114/><T5/><D5/><U42/><E135/><N who="2" m="51755" /><F91/><W81/><G109/><T34/><D34/><U61/><E110/><V44/><F7/><W90/><G18/><T52/><D111/><U3/><E3/><V99/><F9/><W19/><G19/><T95/><D52/><U93/><E106/><V122/><F99/><W14/><G56/><N who="2" m="21577" /><F122/><W43/><G43/><AGARI ba="1,0" hai="36,37,39,40,43,44,49,54" m="21577,51755" machi="43" ten="40,12000,2" yaku="20,1,34,2,52,3" doraHai="55" who="2" fromWho="3" sc="266,0,230,0,235,123,269,-123" /><INIT seed="5,0,0,1,2,72" ten="266,230,358,146" oya="1" hai0="62,110,13,76,87,85,36,96,30,34,58,106,52" hai1="102,71,41,99,94,6,25,46,86,122,116,92,66" hai2="93,2,133,68,112,84,11,8,73,0,33,128,61" hai3="127,83,7,100,38,109,19,60,22,89,107,39,67"/><U31/><E122/><V121/><F73/><W95/><G109/><T64/><D36/><U5/><E116/><V77/><F121/><W75/><G7/><T16/><D110/><U63/><E92/><V105/><F105/><W18/><G127/><T1/><D1/><U69/><E69/><V91/><F33/><W49/><G107/><T113/><D113/><U23/><REACH who="1" step="1"/><E86/><REACH who="1" step="2"/><V79/><F68/><W108/><G108/><T126/><D126/><U90/><E90/><V82/><F93/><W24/><G100/><T97/><D106/><U117/><E117/><V114/><F91/><W37/><G75/><T124/><D124/><U115/><E115/><V101/><F84/><W81/><G83/><T135/><D87/><U80/><E80/><V111/><F82/><W51/><G81/><T40/><D85/><U48/><AGARI ba="0,1" hai="5,6,23,25,31,41,46,48,63,66,71,94,99,102" machi="48" ten="20,3900,0" yaku="1,1,0,1,7,1,53,0" doraHai="72" doraHaiUra="12" who="1" fromWho="1" sc="266,-13,220,49,358,-13,146,-13" /><INIT seed="5,1,0,1,0,45" ten="253,269,345,133" oya="1" hai0="106,57,89,7,64,130,87,63,69,61,77,37,109" hai1="32,105,124,135,67,118,12,100,29,75,38,34,120" hai2="85,71,4,114,58,44,101,10,20,55,68,121,28" hai3="8,94,65,127,42,15,36,72,134,19,98,56,31"/><U122/><E75/><V78/><F121/><W111/><G72/><T131/><D106/><U24/><E34/><V9/><F101/><W5/><G111/><T25/><D77/><U70/><E118/><V35/><F35/><W112/><G112/><T3/><D25/><U48/><E38/><V6/><F114/><W60/><G134/><T102/><D102/><U51/><E135/><V40/><F28/><W16/><G127/><T128/><D109/><U73/><E73/><V79/><F20/><W22/><G42/><T97/><D97/><N who="1" m="61583" /><E124/><V27/><F27/><W107/><G107/><T43/><D7/><U53/><E12/><V26/><F26/><N who="3" m="16855" /><G36/><T126/><D3/><U84/><E84/><V90/><F71/><W49/><G49/><N who="1" m="19018" /><E53/><V47/><F68/><W21/><G21/><T125/><D87/><U13/><E13/><V17/><F85/><W14/><G14/><T1/><D1/><U117/><E117/><V81/><F55/><W82/><G82/><T23/><D23/><U62/><AGARI ba="1,0" hai="24,29,32,62,67,70,120,122" m="19018,61583" machi="62" ten="30,11700,0" yaku="25,1,52,3" doraHai="45" who="1" fromWho="1" sc="253,-40,269,120,345,-40,133,-40" /><INIT seed="5,2,0,3,5,52" ten="213,389,305,93" oya="1" hai0="24,75,29,81,53,56,72,37,55,103,44,21,54" hai1="128,113,28,83,26,7,63,12,130,126,23,117,133" hai2="25,68,45,93,132,40,42,89,78,6,120,3,88" hai3="15,61,105,134,2,43,108,90,62,84,19,109,17"/><U16/><E117/><V112/><F120/><W116/><G2/><T38/><D103/><U106/><E106/><V135/><F68/><W87/><G105/><T91/><D44/><U102/><E102/><V9/><F25/><W114/><G116/><T4/><D4/><U74/><E126/><V77/><F112/><W100/><G100/><T18/><D91/><U64/><E113/><V69/><F69/><W71/><G114/><T46/><D81/><U107/><E107/><V111/><F111/><W98/><G43/><T41/><D38/><U51/><E51/><V57/><F57/><W86/><G71/><T104/><D104/><U82/><E133/><N who="2" m="51275" /><F89/><W35/><G35/><T119/><D119/><U129/><E74/><V67/><F67/><W122/><G122/><T8/><D75/><U58/><E7/><V127/><F127/><W96/><G96/><T47/><D72/><U66/><E66/><V22/><F22/><AGARI ba="2,0" hai="12,16,22,23,26,28,58,63,64,82,83,128,129,130" machi="22" ten="40,7700,0" yaku="19,1,52,1,54,1" doraHai="52" who="1" fromWho="2" sc="213,0,389,83,305,-83,93,0" /><INIT seed="5,3,0,5,3,62" ten="213,472,222,93" oya="1" hai0="132,77,69,78,126,95,75,101,1,110,30,36,66" hai1="0,116,134,122,76,105,27,33,71,7,34,89,74" hai2="12,84,80,57,52,60,73,44,6,59,49,120,90" hai3="125,42,135,129,94,67,15,72,111,10,14,86,70"/><U47/><E105/><V39/><F120/><W106/><G72/><T23/><D110/><U113/><E71/><V85/><F73/><W19/><G106/><T38/><D1/><U50/><E116/><V40/><F84/><W123/><G111/><T81/><D77/><U63/><E63/><V100/><F100/><W121/><G135/><T11/><D11/><U92/><E122/><V58/><F39/><W28/><G28/><T133/><D126/><U115/><E134/><N who="0" m="51817" /><D23/><U108/><E108/><V98/><F98/><W48/><G125/><T112/><D30/><U4/><E0/><V55/><F55/><W104/><G104/><T25/><D25/><U43/><E74/><V22/><F22/><W114/><G114/><N who="1" m="43530" /><E76/><V9/><AGARI ba="3,0" hai="6,9,12,40,44,49,52,57,58,59,60,80,85,90" machi="9" ten="30,4000,0" yaku="0,1,8,1,54,1" doraHai="62" who="2" fromWho="2" sc="213,-13,472,-23,222,49,93,-13" /><INIT seed="6,0,0,1,2,70" ten="200,449,271,80" oya="2" hai0="17,71,29,8,52,72,119,124,66,20,49,2,15" hai1="44,106,53,115,76,39,92,102,67,86,135,37,38" hai2="112,16,97,42,127,22,1,45,130,43,41,59,110" hai3="84,90,117,60,116,40,98,104,108,121,34,36,95"/><V65/><F110/><W23/><G34/><T11/><D72/><U47/><E67/><V78/><F1/><W0/><G108/><T24/><D119/><U55/><E106/><V132/><F132/><W18/><G0/><T83/><D124/><U120/><E135/><V27/><F127/><W13/><G121/><T4/><D83/><U61/><E120/><V100/><F130/><W114/><G114/><T63/><D11/><U30/><E115/><V80/><F112/><W96/><G104/><T7/><REACH who="0" step="1"/><D2/><REACH who="0" step="2"/><U58/><E76/><V125/><F125/><W94/><G117/><T51/><D51/><U12/><E39/><V109/><F109/><W9/><G116/><T87/><D87/><U131/><E38/><V123/><F123/><W31/><G36/><T14/><D14/><U64/><E37/><V107/><F80/><W48/><G60/><T68/><D68/><U93/><E131/><V75/><F78/><W33/><G33/><T74/><D74/><U6/><E86/><V25/><F75/><W19/><G31/><T88/><D88/><U82/><E30/><V10/><F10/><W3/><G3/><T62/><D62/><U26/><E82/><V126/><F126/><W46/><REACH who="3" step="1"/><G95/><REACH who="3" step="2"/><T103/><D103/><U57/><E102/><V99/><F100/><W32/><G32/><T81/><D81/><U122/><E122/><V21/><F107/><W35/><G35/><T111/><D111/><U5/><E93/><V69/><F69/><W85/><G85/><T79/><D79/><U89/><E92/><V54/><F99/><W101/><G101/><RYUUKYOKU ba="0,2" sc="190,15,449,-15,271,-15,70,15" hai0="4,7,8,15,17,20,24,29,49,52,63,66,71" hai3="9,13,18,19,23,40,46,48,84,90,94,96,98" /><INIT seed="7,1,2,5,5,74" ten="205,434,256,85" oya="3" hai0="128,115,15,28,33,89,93,43,100,110,103,14,109" hai1="52,16,113,54,134,83,60,107,126,96,68,101,20" hai2="125,105,61,106,25,127,73,98,102,19,22,72,24" hai3="37,76,78,48,12,87,71,10,38,104,57,79,4"/><W2/><G104/><T51/><D33/><U64/><E113/><V131/><F105/><W69/><G2/><T119/><D119/><U80/><E134/><V123/><F131/><W34/><G34/><T53/><D110/><U133/><E133/><V30/><F61/><W0/><G0/><T85/><D109/><U11/><E11/><V36/><F36/><W67/><G37/><T41/><D28/><U81/><REACH who="1" step="1"/><E126/><REACH who="1" step="2"/><V44/><F123/><W3/><G3/><T86/><D115/><U7/><E7/><V129/><F129/><W5/><G38/><T40/><D128/><U27/><AGARI ba="1,3" hai="16,20,27,52,54,60,64,68,80,81,83,96,101,107" machi="27" ten="30,7900,0" yaku="1,1,0,1,54,2,53,0" doraHai="74" doraHaiUra="135" who="1" fromWho="1" sc="205,-21,424,112,256,-21,85,-40" owari="184,-22,536,63,235,4,45,-45" /></mjloggm>