<mjloggm ver="2.3"><GO type="169" lobby="0"/><UN n0="%E3%81%93%E3%81%BE%E3%81%A3%E3%81%95%E3%82%93" n1="%E3%81%B3%E3%82%8A%E3%81%B3%E3%82%8A%E2%98%86%E3%83%93%E3%83%AA%E3%83%BC" n2="%48%6F%6E%65%6B%6B%6F%5F" n3="%EF%BC%88%E2%89%A7%E2%96%BD%E2%89%A6%EF%BC%89" dan="17,18,16,18" rate="2157.65,2206.15,2138.65,2184.95" sx="M,M,M,M"/><TAIKYOKU oya="0"/><INIT seed="0,0,0,2,1,26" ten="250,250,250,250" oya="0" hai0="20,113,101,29,77,46,106,115,71,53,126,100,120" hai1="59,67,98,22,54,56,96,114,28,92,125,17,3" hai2="30,48,38,131,109,44,121,13,83,45,86,105,124" hai3="99,79,123,118,68,25,93,5,65,12,112,91,0"/><T62/><D120/><U10/><E125/><V8/><F121/><W69/><G123/><T119/><D119/><U82/><E114/><V4/><F124/><W130/><G118/><T35/><D126/><U134/><E134/><V49/><F109/><W66/><G112/><T132/><D20/><U9/><E3/><V40/><F131/><W117/><G0/><T16/><D16/><U57/><E98/><V63/><F105/><W24/><G117/><T78/><D46/><U50/><E82/><V133/><F133/><W110/><G110/><T47/><D132/><U34/><E34/><V2/><F63/><W73/><G130/><T42/><D53/><U43/><E43/><V111/><F111/><W81/><G69/><T127/><D127/><U84/><E84/><V89/><F44/><W36/><G36/><T88/><D115/><U33/><E33/><V15/><REACH who="2" step="1"/><F30/><REACH who="2" ten="250,250,240,250" step="2"/><W135/><G135/><T76/><D106/><U31/><E31/><V122/><F122/><W19/><G68/><T94/><D113/><U27/><E28/><V32/><F32/><W80/><G73/><T90/><D71/><U102/><E67/><V21/><F21/><W75/><G66/><T61/><D61/><U23/><E22/><V74/><F74/><W107/><G65/><T64/><D64/><U37/><E37/><V1/><F1/><W41/><G107/><T7/><D62/><U108/><E108/><V97/><F97/><W39/><G39/><T85/><D35/><U55/><E50/><AGARI ba="0,1" hai="2,4,8,13,15,38,40,45,48,49,50,83,86,89" machi="50" ten="40,1300,0" yaku="1,1,53,0" doraHai="26" doraHaiUra="95" who="2" fromWho="1" sc="250,0,250,-13,240,23,250,0" /><INIT seed="1,0,0,0,4,116" ten="250,237,263,250" oya="1" hai0="59,6,77,121,22,135,74,46,109,72,24,100,118" hai1="128,63,113,73,0,36,123,5,57,79,132,15,85" hai2="82,112,114,51,99,78,96,31,104,84,125,10,93" hai3="61,65,53,34,115,42,45,91,86,16,105,3,70"/><U50/><E113/><N who="2" m="43627" /><F31/><W1/><G105/><T2/><D118/><U103/><E36/><V87/><F51/><W18/><G34/><T94/><D77/><U83/><E128/><V102/><F10/><W126/><G115/><T29/><D135/><U80/><E132/><V108/><F108/><W55/><G126/><T97/><D109/><U27/><E0/><V44/><F44/><W43/><G43/><T20/><D46/><U67/><E103/><N who="2" m="60815" /><F125/><W75/><G1/><T117/><D117/><U107/><E50/><V66/><F66/><W71/><G3/><T33/><D33/><U60/><E60/><V12/><F12/><W14/><G71/><T62/><D22/><U122/><E27/><V39/><F39/><W64/><G64/><T8/><D121/><U40/><E40/><V110/><F110/><W9/><G18/><T37/><REACH who="0" step="1"/><D37/><REACH who="0" ten="240,237,263,250" step="2"/><U58/><E123/><V88/><F84/><W41/><G45/><T119/><D119/><U38/><E38/><V35/><F35/><W56/><G86/><T7/><D7/><U52/><E5/><V130/><F130/><W92/><G42/><T32/><D32/><U90/><E122/><V133/><F133/><W19/><G41/><T17/><D17/><U101/><E85/><V49/><F78/><W69/><G19/><T89/><D89/><U134/><E79/><V25/><F25/><W13/><G91/><T120/><D120/><U28/><E134/><V68/><F88/><W11/><G16/><T98/><D98/><U129/><E90/><V47/><F99/><W95/><G95/><T106/><D106/><RYUUKYOKU ba="0,1" sc="240,30,237,-10,263,-10,250,-10" hai0="2,6,8,20,24,29,59,62,72,74,94,97,100" /><INIT seed="2,1,1,5,3,102" ten="270,227,253,240" oya="2" hai0="110,43,119,6,101,94,96,77,57,66,19,109,16" hai1="112,107,118,111,26,59,21,87,7,32,116,95,76" hai2="31,78,46,70,63,130,117,20,71,14,127,98,33" hai3="15,122,49,74,45,132,81,37,104,42,65,103,55"/><V18/><F117/><W72/><G122/><T80/><D6/><U10/><E112/><V53/><F127/><W133/><G65/><T79/><D79/><U100/><E32/><V120/><F120/><W124/><G124/><T12/><D119/><U9/><E9/><V48/><F130/><W47/><G15/><T99/><D43/><U114/><E114/><V28/><F78/><W85/><G103/><T126/><D99/><U106/><E118/><V68/><F63/><W105/><G74/><T24/><D126/><U2/><E116/><V25/><F98/><W123/><G72/><T38/><D38/><U1/><E1/><V52/><REACH who="2" step="1"/><F28/><REACH who="2" ten="270,227,243,240" step="2"/><W29/><G29/><T97/><D97/><U60/><E76/><V75/><F75/><W11/><G123/><T91/><D101/><U73/><E73/><V125/><F125/><W35/><G133/><T40/><D77/><U67/><E100/><V92/><F92/><W115/><G132/><T0/><D80/><U89/><REACH who="1" step="1"/><E111/><REACH who="1" ten="270,217,243,240" step="2"/><V128/><F128/><W50/><G115/><T44/><D110/><U3/><E3/><V4/><F4/><W54/><G85/><T90/><D0/><U93/><E93/><V30/><F30/><AGARI ba="1,3" hai="2,7,10,21,26,30,59,60,67,87,89,95,106,107" machi="30" ten="30,8000,1" yaku="1,1,7,1,52,2,53,1" doraHai="102" doraHaiUra="58" who="1" fromWho="2" sc="270,0,217,113,243,-83,240,0" /><INIT seed="3,0,0,1,0,121" ten="270,330,160,240" oya="3" hai0="133,68,52,20,75,59,124,119,49,10,70,92,56" hai1="72,128,50,99,43,21,0,32,81,61,36,23,28" hai2="60,42,73,27,31,67,57,22,104,25,71,109,40" hai3="87,83,39,111,2,100,123,74,93,5,55,131,95"/><W122/><G123/><T85/><D75/><U7/><E50/><V103/><F73/><W30/><G122/><T34/><D34/><U6/><E6/><V53/><F109/><W78/><G39/><T91/><D119/><U45/><E128/><V80/><F80/><W102/><G30/><T46/><D133/><U127/><E127/><V110/><F110/><W24/><G24/><T54/><D124/><U9/><E99/><V120/><F120/><W8/><G111/><T117/><D117/><U76/><E61/><V108/><F108/><W129/><G55/><T26/><D10/><U4/><E4/><V51/><REACH who="2" step="1"/><F27/><AGARI ba="0,0" hai="0,7,9,21,23,27,28,32,36,43,45,72,76,81" machi="27" ten="40,2600,0" yaku="25,2" doraHai="121" who="1" fromWho="2" sc="270,0,330,26,160,-26,240,0" /><INIT seed="4,0,0,5,2,64" ten="270,356,134,240" oya="0" hai0="21,35,33,66,100,80,53,98,67,117,24,70,61" hai1="34,15,124,131,49,45,26,31,71,107,109,18,76" hai2="72,23,3,103,75,59,77,123,40,27,1,52,9" hai3="89,81,17,112,86,2,128,83,96,36,41,90,0"/><T69/><D117/><U101/><E109/><V57/><F123/><W25/><G128/><T82/><D53/><U13/><E131/><V37/><F103/><W129/><G129/><T73/><D21/><U60/><E124/><V54/><F40/><W97/><G112/><T88/><D88/><U102/><E76/><V58/><F37/><W30/><G17/><T110/><D110/><U51/><E51/><V48/><F77/><W39/><G41/><T29/><D35/><U47/><E47/><V46/><F72/><W85/><G25/><T122/><D122/><U115/><E115/><V68/><F68/><W106/><G30/><T111/><D111/><U84/><E84/><V10/><F75/><W78/><G78/><T87/><D87/><U92/><E92/><V42/><F1/><W134/><REACH who="3" step="1"/><G106/><REACH who="3" ten="270,356,134,230" step="2"/><T121/><D121/><U99/><E18/><N who="2" m="12791" /><F3/><W5/><G5/><T28/><D73/><U7/><E7/><V113/><F113/><W50/><G50/><T14/><D29/><U135/><E31/><V63/><F63/><W105/><G105/><T93/><D14/><U32/><E15/><V65/><F65/><W91/><G91/><T125/><D125/><U108/><E13/><V120/><F120/><W6/><G6/><T38/><D38/><U74/><E108/><V116/><F116/><W16/><G16/><T19/><D19/><U127/><E127/><V104/><F104/><W95/><G95/><T132/><D93/><U44/><E107/><V4/><F4/><W130/><G130/><T20/><D66/><U118/><E118/><V114/><F114/><RYUUKYOKU ba="0,1" sc="270,-15,356,-15,134,15,230,15" hai2="9,10,42,46,48,52,54,57,58,59" hai3="0,2,36,39,81,83,85,86,89,90,96,97,134" /><INIT seed="5,1,1,4,3,88" ten="255,341,149,245" oya="1" hai0="65,57,106,33,84,100,72,95,18,131,56,0,29" hai1="119,22,90,52,85,75,134,50,99,113,104,21,117" hai2="91,120,58,23,125,46,66,51,98,6,76,37,38" hai3="36,35,77,44,79,14,47,111,105,130,129,7,61"/><U73/><E113/><V74/><F120/><W80/><G111/><T34/><D0/><U69/><E69/><V11/><F125/><W9/><G35/><T30/><D72/><U127/><E127/><V112/><F112/><W67/><G105/><T132/><D106/><U93/><E134/><V108/><F108/><W82/><G82/><T10/><D65/><U3/><E3/><V103/><F91/><W5/><G5/><T1/><D1/><U12/><E75/><V32/><F32/><W17/><G7/><T60/><D60/><U24/><E73/><V16/><F76/><N who="3" m="29259" /><G80/><T28/><D132/><U92/><E104/><V94/><F74/><W13/><G13/><T19/><D34/><U48/><E48/><V39/><F11/><W109/><G36/><T123/><D33/><U43/><E43/><V62/><F6/><W59/><G109/><T68/><D68/><U27/><E22/><V124/><F124/><W45/><G129/><T26/><D131/><U64/><E64/><V49/><REACH who="2" step="1"/><F46/><REACH who="2" ten="255,341,139,245" step="2"/><W70/><G130/><T41/><D123/><U121/><E121/><V97/><F97/><W116/><G45/><T118/><D10/><U78/><E78/><V42/><F42/><W2/><G47/><T133/><D41/><U71/><E99/><V107/><F107/><W87/><G44/><T96/><D96/><U110/><E110/><V135/><F135/><W15/><G9/><T128/><D133/><U25/><E90/><V55/><F55/><W101/><G67/><T126/><D126/><U102/><E52/><V40/><F40/><W8/><G8/><RYUUKYOKU ba="1,2" sc="255,-10,341,-10,139,30,245,-10" hai2="16,23,37,38,39,49,51,58,62,66,94,98,103" /><INIT seed="6,2,2,3,5,27" ten="245,331,169,235" oya="2" hai0="34,90,104,123,46,87,59,135,37,84,68,23,53" hai1="33,4,92,38,2,28,128,22,50,67,129,106,9" hai2="41,7,97,85,117,44,77,3,61,1,69,102,56" hai3="82,12,113,121,62,116,114,54,110,43,15,63,79"/><V10/><F117/><W125/><G110/><T91/><D34/><U120/><E106/><V47/><F69/><W103/><G116/><T73/><D73/><U65/><E38/><V21/><F21/><W45/><G103/><T83/><D104/><U6/><E33/><V32/><F32/><W11/><G121/><T86/><D68/><U131/><E120/><V115/><F115/><N who="3" m="44043" /><G125/><T111/><D87/><U55/><E6/><V89/><F77/><W52/><G63/><T71/><D123/><U99/><E28/><V30/><F30/><W81/><G62/><T60/><D71/><U26/><E26/><V134/><F134/><W16/><G15/><T70/><D70/><U39/><E22/><V118/><F118/><W18/><G18/><T42/><D135/><U130/><E39/><V109/><F109/><W14/><G12/><T107/><D111/><U122/><E122/><V108/><F41/><W17/><G17/><T98/><D23/><U101/><E131/><V8/><F108/><W94/><G94/><T74/><D107/><U95/><E92/><N who="2" m="58663" /><F3/><W132/><G132/><T19/><D42/><U126/><E126/><V51/><F51/><N who="3" m="27071" /><G82/><T24/><D37/><U48/><E50/><V31/><F31/><W105/><G105/><T124/><D83/><U57/><AGARI ba="2,2" hai="2,4,9,48,55,57,65,67,95,99,101,128,129,130" machi="57" ten="30,2000,0" yaku="0,1,19,1" doraHai="27" who="1" fromWho="1" sc="245,-7,331,46,169,-12,235,-7" /><INIT seed="7,0,0,5,0,17" ten="238,377,157,228" oya="3" hai0="107,22,38,47,1,120,104,0,40,99,80,15,54" hai1="122,14,98,128,93,37,23,31,49,130,67,117,26" hai2="32,65,78,103,118,50,86,88,135,109,9,60,92" hai3="52,5,115,89,116,129,34,100,30,20,108,119,35"/><W55/><G116/><T7/><D120/><U48/><E37/><V4/><F118/><W62/><G119/><T81/><D107/><U94/><E117/><V83/><F109/><W28/><G108/><T84/><D80/><U132/><E122/><V3/><F135/><W110/><G110/><T29/><D54/><N who="3" m="20521" /><G115/><T56/><D56/><U82/><E132/><V41/><F32/><W24/><G35/><T96/><D96/><U114/><E114/><V21/><F103/><W64/><G5/><T53/><D53/><U91/><E67/><V125/><F125/><W123/><G129/><N who="1" m="49770" /><E82/><V121/><F121/><W6/><G6/><T77/><D7/><U33/><E94/><V45/><F21/><W70/><G70/><T95/><D104/><U63/><E63/><V2/><F2/><W127/><G127/><T85/><D0/><U73/><E73/><V68/><REACH who="2" step="1"/><F92/><REACH who="2" ten="238,377,147,228" step="2"/><W134/><G34/><T69/><D1/><U66/><E33/><V11/><F11/><W61/><G20/><T126/><D22/><U44/><E93/><V19/><F19/><W106/><G134/><T43/><D95/><U90/><E23/><V13/><F13/><W59/><G100/><T51/><D15/><U76/><E14/><V87/><F87/><W72/><G123/><T79/><D126/><U105/><E105/><V25/><F25/><W46/><G106/><T36/><D85/><U18/><E26/><V101/><F101/><W27/><G24/><T111/><D111/><U10/><E18/><V39/><F39/><W133/><G27/><T58/><D38/><U102/><E102/><RYUUKYOKU ba="0,1" sc="238,-10,377,-10,147,30,228,-10" hai2="3,4,9,41,45,50,60,65,68,78,83,86,88" owari="228,3.0,377,47.0,177,-32.0,218,-18.0" /></mjloggm>