<mjloggm ver="2.3"><GO type="41"/><UN n0="%73%75%74%65%6C%61" n1="%6B%61%69%74%61%6B%75" n2="%EF%BC%88%E2%89%A7%E2%96%BD%E2%89%A6%EF%BC%89" n3="%6E%65%6F%40%75%6E%69" dan="13,14,15,14" rate="1865,1868,1977,1970" sx="F,F,M,M"/><TAIKYOKU oya="0"/><INIT seed="0,0,0,1,1,80" ten="250,250,250,250" oya="0" hai0="9,25,60,119,54,75,1,97,96,86,38,111,91" hai1="44,21,99,110,118,58,52,100,69,0,120,29,56" hai2="12,79,37,74,4,17,76,125,43,16,130,132,22" hai3="116,89,104,121,90,72,73,46,102,134,26,11,19"/><T82/><D119/><U101/><E0/><V13/><F132/><W87/><G89/><T114/><D38/><U106/><E69/><V61/><F130/><W55/><G116/><T7/><D114/><U36/><E118/><V47/><F125/><W2/><G134/><T103/><D111/><U93/><E120/><V65/><F4/><W94/><G121/><T67/><D103/><U63/><E58/><V57/><REACH who="2" step="1"/><F74/><REACH who="2" ten="250,250,240,250" step="2"/><W6/><G73/><T31/><D75/><U40/><E110/><V68/><F68/><W41/><G72/><T95/><D82/><U84/><E106/><V23/><AGARI ba="0,1" hai="12,13,16,17,22,23,37,43,47,57,61,65,76,79" machi="23" ten="20,8000,1" yaku="1,1,0,1,7,1,9,1,54,1,53,0" doraHai="80" doraHaiUra="3" who="2" fromWho="2" sc="250,-40,250,-20,240,90,250,-20" /><INIT seed="1,0,0,4,4,60" ten="210,230,330,230" oya="1" hai0="43,12,64,76,19,125,30,41,100,59,57,104,89" hai1="86,75,0,3,73,131,128,88,18,66,45,21,111" hai2="44,34,24,63,81,35,115,36,2,53,114,17,20" hai3="6,103,120,93,62,25,46,69,58,31,133,108,40"/><U107/><E107/><V28/><F2/><W72/><G72/><T52/><D104/><U37/><E111/><V29/><F81/><W96/><G108/><T112/><D112/><N who="2" m="43050" /><F36/><W49/><G69/><T106/><D100/><U22/><E37/><V94/><F94/><W50/><G120/><T71/><D125/><U56/><E45/><V78/><F78/><W102/><G133/><T4/><D71/><U61/><E75/><V129/><F129/><W74/><G74/><T10/><D30/><N who="2" m="11882" /><F44/><W119/><G119/><T83/><D106/><U5/><E73/><V67/><F53/><W42/><G6/><T1/><D89/><U14/><E5/><V92/><F92/><W15/><G15/><T130/><D130/><N who="1" m="49707" /><E21/><V99/><F99/><W13/><G13/><T113/><D113/><U98/><E98/><V118/><F118/><W101/><G50/><N who="0" m="30871" /><D4/><U85/><E85/><V55/><F55/><W23/><G40/><T82/><D1/><U90/><E90/><V16/><F17/><W105/><G105/><T87/><D82/><AGARI ba="0,0" hai="0,3,14,18,22,56,61,66,82,86,88" m="49707" machi="82" ten="30,5800,0" yaku="19,1,52,1,54,1" doraHai="60" who="1" fromWho="0" sc="210,-58,230,58,330,0,230,0" /><INIT seed="1,1,0,3,4,45" ten="152,288,330,230" oya="1" hai0="102,54,73,128,67,31,118,30,51,130,66,50,127" hai1="6,18,63,97,37,61,3,134,58,113,72,42,96" hai2="87,95,125,23,20,114,106,52,126,2,79,32,91" hai3="86,57,99,11,43,59,112,29,12,88,120,77,9"/><U33/><E72/><V40/><F106/><W46/><G29/><N who="0" m="10763" /><D73/><U22/><E33/><V85/><F32/><W62/><G112/><T49/><D54/><U34/><E34/><V10/><F40/><W44/><G120/><T64/><D118/><U82/><E113/><V17/><F114/><W131/><G131/><N who="0" m="50219" /><D102/><U81/><E37/><V105/><F105/><W76/><G99/><T80/><D80/><U24/><E42/><V94/><F2/><W90/><G43/><T100/><D100/><U98/><E63/><V109/><F79/><W110/><G62/><T16/><D16/><U92/><E92/><V48/><F10/><W55/><G55/><T83/><D83/><U123/><E123/><V119/><F119/><W27/><G27/><T121/><D121/><U104/><E104/><V107/><F107/><W39/><G39/><T74/><D74/><U68/><E68/><V93/><F93/><W56/><G56/><T65/><N who="0" m="16896" /><DORA hai="1" /><T103/><D103/><U15/><E3/><V117/><F117/><W4/><G12/><T132/><D132/><U135/><E135/><V84/><F94/><W69/><G69/><T78/><D78/><U25/><E134/><V115/><F115/><W14/><G14/><T108/><D108/><U5/><E82/><V28/><F109/><W122/><G122/><T35/><D35/><U47/><E81/><V7/><F17/><W111/><G86/><N who="2" m="33385" /><F28/><W101/><G101/><T116/><D116/><U124/><E18/><V13/><F13/><W41/><G41/><T60/><D60/><U8/><E15/><V19/><F87/><RYUUKYOKU ba="1,0" sc="152,15,288,-15,330,-15,230,15" hai0="49,50,51,127" hai3="4,9,11,44,46,57,59,76,77,88,90,110,111" /><INIT seed="2,2,0,2,4,61" ten="167,273,315,245" oya="2" hai0="130,111,18,21,92,19,105,65,31,47,128,5,83" hai1="99,35,27,56,87,36,107,48,89,132,91,127,119" hai2="58,46,11,20,122,60,116,124,74,38,78,117,118" hai3="108,0,75,4,59,86,134,22,41,82,115,104,10"/><V125/><F20/><W100/><G75/><T71/><D105/><U44/><E119/><V81/><F122/><W62/><G41/><T33/><D111/><U30/><E127/><N who="2" m="48715" /><F11/><W16/><G115/><T55/><D83/><U113/><E113/><V50/><F38/><W37/><G37/><T54/><D5/><U93/><E107/><V7/><F7/><W72/><G72/><T126/><D33/><U95/><E36/><V69/><F69/><W129/><G108/><T29/><D126/><U68/><E68/><V121/><F121/><W106/><G100/><T110/><D110/><U17/><E132/><V103/><F103/><W135/><G129/><T96/><D47/><U45/><E17/><V79/><F79/><W123/><G123/><T3/><D21/><U57/><E44/><V9/><F9/><W109/><G109/><T53/><D71/><U80/><REACH who="1" step="1"/><E95/><REACH who="1" ten="167,263,315,245" step="2"/><V8/><F8/><W133/><G106/><T32/><D92/><U66/><E66/><N who="2" m="39191" /><F118/><W84/><G104/><T70/><D70/><U63/><E63/><V39/><F39/><W34/><G34/><T120/><D32/><U2/><E2/><V26/><F26/><N who="3" m="14663" /><G82/><T24/><D120/><U42/><AGARI ba="2,1" hai="27,30,35,42,45,48,56,57,80,87,89,91,93,99" machi="42" ten="20,2700,0" yaku="1,1,0,1,7,1,53,0" doraHai="61" doraHaiUra="131" who="1" fromWho="1" sc="167,-9,263,43,315,-15,245,-9" /><INIT seed="3,0,0,1,1,21" ten="158,306,300,236" oya="3" hai0="116,81,43,73,3,74,19,15,125,59,100,106,89" hai1="41,23,102,107,118,63,120,6,76,64,93,46,91" hai2="61,77,39,111,88,129,86,48,90,131,104,84,54" hai3="5,121,85,70,55,25,78,82,49,50,101,40,109"/><W72/><G70/><T117/><D125/><U36/><E120/><V97/><F39/><W128/><G121/><T32/><D3/><U110/><E76/><V133/><F133/><W27/><G72/><T130/><D43/><U22/><E6/><V103/><F111/><W134/><G109/><T62/><D130/><N who="2" m="49674" /><F61/><W2/><G128/><T57/><D57/><U26/><E110/><V126/><F126/><W8/><G134/><T34/><D74/><U9/><BYE who="2" /><E118/><V112/><F112/><W108/><G108/><T69/><D69/><UN n2="%EF%BC%88%E2%89%A7%E2%96%BD%E2%89%A6%EF%BC%89" /><U113/><E113/><V96/><F77/><W47/><REACH who="3" step="1"/><G101/><REACH who="3" ten="158,306,300,226" step="2"/><T7/><D116/><U51/><E102/><N who="2" m="62535" /><F48/><W31/><G31/><T4/><D117/><U24/><E36/><V0/><F54/><W123/><G123/><T37/><D34/><U42/><E42/><V35/><F35/><W115/><G115/><T92/><D32/><U114/><E114/><V79/><F0/><W28/><G28/><T68/><D68/><U52/><E41/><V65/><F65/><W119/><G119/><T1/><D1/><U16/><E64/><V94/><F79/><W20/><G20/><T75/><D37/><U30/><E9/><V53/><F53/><W105/><G105/><T33/><D33/><U122/><E107/><V17/><F103/><W83/><G83/><T80/><D80/><U11/><E122/><V87/><F90/><W60/><G60/><T135/><D89/><U29/><E63/><V45/><F45/><AGARI ba="0,1" hai="2,5,8,25,27,40,45,47,49,50,55,78,82,85" machi="45" ten="30,11600,0" yaku="1,1,7,1,52,2,53,0" doraHai="21" doraHaiUra="99" who="3" fromWho="2" sc="158,0,306,0,300,-116,226,126" /><INIT seed="3,1,0,4,3,27" ten="158,306,184,352" oya="3" hai0="67,85,18,73,54,0,121,10,76,32,19,99,23" hai1="82,35,9,47,128,55,57,25,71,3,116,42,84" hai2="107,77,61,127,126,81,11,106,37,115,113,53,17" hai3="129,26,7,62,112,133,93,52,79,97,125,29,2"/><W80/><G2/><T114/><D121/><U94/><E71/><V33/><F37/><W103/><G7/><T124/><D73/><U89/><E116/><V92/><F33/><W102/><G112/><N who="2" m="43081" /><F17/><W110/><G125/><N who="2" m="47625" /><F11/><W48/><G62/><T74/><D74/><U78/><E3/><V43/><F43/><W95/><G129/><T109/><D109/><U119/><E128/><V4/><F4/><W64/><G64/><T49/><D124/><U22/><E35/><V38/><F38/><W30/><G26/><T24/><D32/><U65/><E9/><V13/><F13/><W6/><G6/><T46/><D114/><U132/><E119/><V83/><F53/><W56/><G110/><T111/><D111/><U16/><E132/><V20/><F20/><W88/><G133/><T12/><D67/><U59/><E65/><V58/><F58/><W98/><G103/><T40/><D0/><U96/><E55/><V60/><F92/><W91/><G102/><T31/><D40/><U134/><E134/><V45/><F45/><W90/><G90/><T105/><D46/><U15/><E15/><V100/><F100/><W120/><G120/><T21/><D54/><U1/><E1/><V104/><F77/><W86/><AGARI ba="1,0" hai="29,30,48,52,56,79,80,86,88,91,93,95,97,98" machi="86" ten="20,24000,3" yaku="0,1,7,1,9,1,8,1,52,2,54,2" doraHai="27" who="3" fromWho="3" sc="158,-81,306,-81,184,-81,352,243" /><INIT seed="3,2,0,3,1,89" ten="77,225,103,595" oya="3" hai0="31,40,90,18,62,100,63,42,17,120,106,70,55" hai1="104,33,38,14,4,108,134,39,123,91,135,74,113" hai2="79,24,84,22,3,94,66,126,80,16,73,57,124" hai3="20,35,26,115,129,93,2,41,131,125,65,60,59"/><W56/><G2/><T102/><D120/><U37/><E104/><V103/><F3/><W28/><G115/><T88/><D106/><U9/><E33/><V127/><F103/><N who="0" m="39466" /><D70/><U112/><E74/><V96/><F96/><W30/><G41/><N who="0" m="15979" /><D55/><U43/><E43/><V109/><F109/><W32/><G56/><T105/><D105/><U5/><E108/><V69/><F69/><W110/><G110/><T132/><D132/><N who="1" m="50731" /><E123/><V44/><F44/><W45/><G45/><T36/><D36/><U0/><E91/><N who="0" m="34857" /><D31/><U87/><E87/><V19/><F84/><W130/><G28/><T25/><D25/><U121/><E121/><V10/><F57/><W47/><G47/><T71/><D71/><U76/><E76/><V118/><F66/><W75/><G75/><T52/><D52/><U119/><E119/><V29/><F118/><W72/><G72/><T68/><D68/><U54/><E54/><V64/><F64/><W61/><G61/><AGARI ba="2,0" hai="17,18,61,62,63" m="34857,15979,39466" machi="61" ten="30,7700,0" yaku="28,2,8,1,54,1" doraHai="89" who="0" fromWho="3" sc="77,83,225,0,103,0,595,-83" /><INIT seed="4,0,0,1,5,1" ten="160,225,103,512" oya="0" hai0="61,118,77,62,41,22,43,79,107,21,74,126,48" hai1="110,113,92,69,28,89,86,109,17,27,132,130,116" hai2="49,83,85,54,115,59,135,78,68,44,25,24,129" hai3="103,5,7,47,35,122,90,124,60,95,104,125,91"/><T3/><D118/><U57/><E69/><V18/><F135/><W26/><G104/><T134/><D107/><U106/><E106/><V9/><F129/><W42/><G103/><T87/><D134/><U67/><E130/><V23/><F115/><W30/><G60/><T53/><D74/><U123/><E123/><V16/><F68/><W76/><G76/><T33/><D33/><U96/><E132/><V64/><F9/><W50/><G91/><T6/><D126/><N who="3" m="48745" /><G122/><T98/><D98/><AGARI ba="0,0" hai="5,7,26,30,35,42,47,50,90,95,98" m="48745" machi="98" ten="30,3900,0" yaku="18,1,52,2" doraHai="1" who="3" fromWho="0" sc="160,-39,225,0,103,0,512,39" /><INIT seed="5,0,0,3,0,33" ten="121,225,103,551" oya="1" hai0="102,91,105,63,1,109,3,4,41,88,98,126,45" hai1="122,29,76,43,101,113,100,9,65,14,72,80,48" hai2="104,96,35,75,58,85,69,51,83,123,97,84,112" hai3="73,64,92,20,19,68,23,52,57,129,46,21,2"/><U103/><E122/><V71/><F123/><W114/><G2/><T115/><D109/><U53/><E29/><V99/><F35/><W66/><G73/><T78/><D78/><U125/><E125/><V44/><F104/><W128/><G92/><T62/><D4/><U32/><E32/><V131/><F131/><N who="3" m="50251" /><G46/><T82/><D126/><U124/><E65/><N who="3" m="25194" /><G68/><T93/><D82/><U6/><E124/><V25/><F112/><W5/><G5/><T127/><D91/><U24/><E113/><V16/><F75/><W87/><G87/><T47/><D127/><U30/><E43/><V55/><F44/><W27/><G114/><T107/><D107/><U119/><E119/><V0/><F0/><W39/><G39/><T50/><D47/><U56/><E24/><V37/><F37/><W12/><G12/><T86/><D115/><U111/><E30/><V116/><F116/><W40/><G40/><T13/><D13/><U15/><E15/><V54/><F54/><W8/><G8/><T132/><D132/><U67/><E67/><V121/><F121/><W18/><G18/><T28/><REACH who="0" step="1"/><D28/><REACH who="0" ten="111,225,103,551" step="2"/><U59/><REACH who="1" step="1"/><E111/><REACH who="1" ten="111,215,103,551" step="2"/><V117/><F117/><W118/><G118/><T110/><D110/><U94/><E94/><V7/><F7/><W22/><G27/><T135/><D135/><U89/><E89/><V36/><F83/><W34/><G34/><T60/><AGARI ba="0,2" hai="1,3,41,45,50,60,62,63,86,88,93,98,102,105" machi="60" ten="30,8000,1" yaku="1,1,0,1,52,2,54,1,53,0" doraHai="33" doraHaiUra="74" who="0" fromWho="0" sc="111,100,215,-40,103,-20,551,-20" /><INIT seed="6,0,0,1,0,69" ten="211,175,83,531" oya="2" hai0="108,2,104,81,55,101,27,13,37,64,60,1,16" hai1="134,68,61,17,132,75,52,45,95,92,67,127,93" hai2="28,25,117,6,22,124,20,102,123,115,83,77,99" hai3="14,23,7,48,90,11,59,85,105,91,84,122,89"/><V10/><F123/><W131/><G105/><T113/><D108/><U114/><E75/><V26/><F117/><W0/><G131/><T34/><D113/><U50/><E114/><V9/><F124/><W70/><G70/><T30/><D81/><U120/><E127/><V24/><F115/><W111/><G111/><T87/><D87/><U110/><E110/><V94/><F6/><W12/><G0/><T107/><D37/><U29/><E29/><V76/><F25/><W66/><G122/><T63/><D63/><U41/><E120/><V100/><F100/><W96/><G96/><T126/><D126/><U51/><REACH who="1" step="1"/><E17/><REACH who="1" ten="211,165,83,531" step="2"/><V86/><REACH who="2" step="1"/><F76/><REACH who="2" ten="211,165,73,531" step="2"/><W65/><G7/><T118/><D118/><U31/><E31/><AGARI ba="0,2" hai="9,10,20,22,24,26,28,31,77,83,86,94,99,102" machi="31" ten="30,12000,1" yaku="1,1,2,1,7,1,9,1,8,1,53,0" doraHai="69" doraHaiUra="36" who="2" fromWho="1" sc="211,0,165,-120,73,140,531,0" /><INIT seed="6,1,0,4,4,56" ten="211,45,213,531" oya="2" hai0="79,104,60,112,42,22,36,3,93,2,58,115,111" hai1="65,135,102,120,59,41,57,91,130,48,5,37,118" hai2="80,98,63,128,43,97,51,26,34,100,74,117,88" hai3="32,1,46,86,84,109,127,114,73,47,12,106,119"/><V23/><F117/><W29/><G1/><T14/><D104/><U61/><E118/><V83/><F34/><W18/><G73/><T4/><D111/><U82/><E102/><V64/><F128/><W70/><G106/><T6/><D79/><U126/><E130/><V30/><F74/><W54/><G70/><T53/><D42/><U66/><E37/><V90/><F43/><W103/><G84/><T71/><D36/><U62/><E120/><V55/><F90/><W0/><G54/><T44/><D44/><U69/><E126/><V11/><F11/><W15/><G15/><T123/><D123/><U76/><E135/><V24/><F24/><W96/><G86/><T95/><D71/><U75/><E69/><V101/><F101/><W81/><G81/><N who="2" m="31305" /><F100/><W85/><G85/><T125/><D125/><U45/><E5/><N who="0" m="2153" /><D3/><U9/><E9/><V28/><F28/><W110/><G29/><T38/><D2/><U89/><AGARI ba="1,0" hai="41,45,48,57,59,61,62,65,66,75,76,82,89,91" machi="89" ten="30,7900,0" yaku="0,1,9,1,52,2" doraHai="56" who="1" fromWho="1" sc="211,-21,45,82,213,-40,531,-21" /><INIT seed="7,0,0,1,2,45" ten="190,127,173,510" oya="3" hai0="130,106,41,133,132,129,100,20,52,109,21,55,48" hai1="14,47,66,124,77,126,83,86,26,135,53,9,90" hai2="44,6,72,35,4,59,16,116,3,69,12,134,19" hai3="58,29,93,98,28,18,110,39,57,49,15,81,38"/><W11/><G39/><T13/><D109/><U122/><E122/><V10/><F72/><W51/><G38/><T71/><D71/><U82/><E66/><V87/><F116/><W84/><G110/><T119/><D119/><U34/><E135/><N who="0" m="51785" /><D100/><U88/><E90/><V62/><F134/><W36/><G36/><T103/><D103/><U23/><E34/><V114/><F35/><W60/><G57/><N who="0" m="32903" /><D106/><U56/><E47/><V112/><F69/><W50/><G93/><T54/><D41/><U78/><E83/><V115/><F44/><W37/><G98/><T46/><D46/><U65/><E65/><N who="2" m="39135" /><F87/><W79/><G37/><T94/><D94/><U64/><E64/><AGARI ba="0,0" hai="11,15,18,28,29,49,50,51,58,60,64,79,81,84" machi="64" ten="40,12000,1" yaku="8,1,52,3" doraHai="45" who="3" fromWho="1" sc="190,0,127,-120,173,0,510,120" owari="190,-1.0,7,-49.0,173,-23.0,630,73.0" /></mjloggm>