<mjloggm ver="2.3"><GO type="169"/><UN n0="%E6%96%B0%E8%B2%B4" n1="%E3%81%AA%E3%81%BE%E3%81%AF%E3%81%92%E3%83%AA%E3%83%BC%E3%83%81%E2%98%86" n2="%E5%8F%8D%E9%99%BD%E5%AD%90%E3%81%95%E3%82%93" n3="%EF%BC%88%E2%89%A7%E2%96%BD%E2%89%A6%EF%BC%89" dan="16,17,16,18" rate="2062,2110,2123,2185" sx="M,M,M,M"/><TAIKYOKU oya="0"/><INIT seed="0,0,0,0,4,130" ten="250,250,250,250" oya="0" hai0="44,32,79,54,67,105,104,119,12,78,20,98,25" hai1="82,128,24,43,9,115,30,126,56,74,15,35,63" hai2="45,88,107,21,42,60,97,134,68,57,102,73,36" hai3="112,89,13,85,23,109,22,125,31,111,87,58,55"/><T122/><D119/><U121/><E121/><V5/><F73/><W19/><G112/><T0/><D122/><U100/><E128/><V64/><F5/><W49/><G125/><T83/><D0/><U34/><E115/><V17/><F134/><W95/><REACH who="3" step="1"/><G87/><REACH who="3" ten="250,250,250,240" step="2"/><T91/><D32/><U80/><E126/><V37/><F68/><W14/><G14/><T70/><D12/><U86/><E35/><V18/><F37/><W66/><G66/><T116/><D116/><U133/><E86/><V28/><F28/><W90/><G90/><T114/><D114/><U53/><E74/><V52/><F64/><W110/><G110/><T92/><D70/><U59/><E15/><V93/><F21/><W69/><G69/><T6/><D67/><U8/><E30/><V106/><F106/><W65/><G65/><T135/><D135/><U96/><E133/><V29/><F29/><W48/><G48/><N who="0" m="28935" /><D105/><U101/><E34/><V108/><F108/><W117/><G117/><T4/><D104/><U123/><E123/><V131/><F131/><W27/><AGARI ba="0,1" hai="13,19,22,23,27,31,49,55,58,85,89,95,109,111" machi="27" ten="30,12000,2" yaku="1,1,0,1,25,2,53,2" doraHai="130" doraHaiUra="16" who="3" fromWho="3" sc="250,-60,250,-30,250,-30,240,130" /><INIT seed="1,0,0,2,5,64" ten="190,220,220,370" oya="1" hai0="110,1,16,123,85,98,48,56,14,51,76,77,39" hai1="10,124,19,9,120,54,59,34,32,130,75,113,107" hai2="100,45,49,112,17,72,79,50,74,13,57,125,78" hai3="67,84,38,20,28,43,132,87,95,47,24,33,31"/><U118/><E107/><V135/><F112/><W81/><G132/><T8/><D39/><U12/><E75/><V63/><F135/><W73/><G67/><T94/><D1/><U29/><E113/><V37/><F125/><W128/><G128/><T109/><D123/><U46/><E120/><V26/><F26/><W44/><G73/><T41/><D41/><U103/><E118/><V133/><F133/><W80/><G47/><T127/><D127/><U106/><E124/><V40/><F100/><W52/><G52/><N who="0" m="31751" /><D51/><U97/><E130/><V69/><F74/><W96/><G33/><T121/><D121/><U7/><E29/><V42/><F72/><W5/><G31/><T116/><D116/><U0/><REACH who="1" step="1"/><E46/><REACH who="1" ten="190,210,220,370" step="2"/><V55/><F42/><W23/><G44/><T126/><D126/><U27/><E27/><V3/><F3/><W65/><G24/><T2/><D2/><U111/><E111/><N who="0" m="42505" /><D85/><U93/><E93/><V68/><F37/><W114/><G38/><T90/><AGARI ba="0,1" hai="8,14,16,76,77,90,94,98" m="42505,31751" machi="90" ten="30,4000,0" yaku="14,1,54,2" doraHai="64" who="0" fromWho="0" sc="190,50,210,-20,220,-10,370,-10" /><INIT seed="2,0,0,3,0,30" ten="240,190,210,360" oya="2" hai0="52,59,36,41,124,95,0,92,18,9,60,63,123" hai1="128,62,114,72,100,6,119,45,80,61,108,43,20" hai2="79,55,112,84,3,127,10,50,14,88,27,16,56" hai3="76,54,77,53,26,32,69,73,44,64,85,126,118"/><V83/><F112/><W99/><G73/><T5/><D123/><U4/><E114/><V22/><F3/><W115/><G118/><T111/><D111/><U133/><E119/><V74/><F127/><W71/><G115/><T7/><D124/><U15/><E108/><V105/><F105/><W110/><G126/><T82/><D7/><U96/><E128/><V70/><F70/><W90/><G99/><T19/><D60/><U103/><E133/><V68/><F68/><W49/><G54/><T34/><D34/><U91/><E72/><V113/><F113/><W93/><G110/><T42/><D82/><U29/><E29/><V38/><F38/><W120/><G120/><T101/><D101/><U67/><E4/><V33/><F33/><W37/><G37/><T97/><D95/><U81/><E91/><V51/><F74/><W104/><G104/><T116/><D116/><U98/><E6/><V21/><F79/><W107/><G107/><T125/><D125/><U131/><E103/><V23/><REACH who="2" step="1"/><F51/><REACH who="2" ten="240,190,200,360" step="2"/><W66/><G71/><T2/><D2/><U39/><E39/><V106/><F106/><W12/><G69/><T46/><D36/><U89/><E131/><V132/><F132/><W25/><G32/><T94/><D0/><U28/><E100/><V87/><F87/><W65/><G77/><T35/><D35/><U117/><E117/><V24/><AGARI ba="0,1" hai="10,14,16,21,22,23,24,27,50,55,56,83,84,88" machi="24" ten="30,12000,1" yaku="1,1,0,1,8,1,54,2,53,0" doraHai="30" doraHaiUra="109" who="2" fromWho="2" sc="240,-40,190,-40,200,130,360,-40" /><INIT seed="2,1,0,1,2,8" ten="200,150,330,320" oya="2" hai0="112,47,45,91,21,51,71,36,43,133,108,96,4" hai1="22,62,55,127,98,30,121,1,28,107,101,118,33" hai2="16,29,75,49,9,122,38,115,34,123,65,103,31" hai3="66,84,69,73,35,100,117,26,78,76,106,59,52"/><V110/><F115/><W44/><G73/><T6/><D112/><U85/><E118/><V83/><F38/><W13/><G117/><T63/><D71/><U15/><E1/><V77/><F65/><W20/><G69/><T24/><D108/><U105/><E127/><V70/><F70/><W18/><G106/><T5/><D133/><U67/><E121/><V56/><F110/><W131/><G100/><T37/><D63/><U12/><E105/><V11/><F103/><W19/><G131/><T72/><D72/><U111/><E111/><V129/><F129/><W32/><G32/><T125/><D125/><U89/><E55/><V132/><F132/><W3/><G3/><T113/><D113/><U53/><E53/><V61/><F49/><N who="3" m="28711" /><G84/><T124/><D124/><U104/><E104/><V14/><F11/><N who="3" m="6463" /><G35/><T23/><D24/><U88/><E33/><V39/><F39/><W135/><G135/><T82/><D51/><U10/><E85/><V97/><F97/><W120/><G120/><T40/><REACH who="0" step="1"/><D96/><REACH who="0" ten="190,150,330,320" step="2"/><U68/><E68/><V116/><F116/><W58/><G58/><T134/><D134/><U7/><E98/><V57/><F61/><AGARI ba="1,1" hai="19,20,26,59,61,66,76,78" m="6463,28711" machi="61" ten="30,3900,0" yaku="8,1,52,1,54,1" doraHai="8" who="3" fromWho="2" sc="190,0,150,0,330,-42,320,52" /><INIT seed="3,0,0,0,0,25" ten="190,150,288,372" oya="3" hai0="58,40,29,120,6,114,69,19,107,74,104,124,128" hai1="70,35,127,63,83,11,28,102,93,79,27,100,54" hai2="48,91,23,15,135,76,95,97,12,47,65,43,72" hai3="41,5,33,61,82,126,10,16,132,7,14,36,75"/><W32/><G132/><T44/><D120/><U103/><E127/><V9/><F135/><W99/><G126/><T101/><D69/><U111/><E111/><V56/><F72/><W2/><G61/><T24/><D74/><U121/><E121/><V50/><F76/><N who="3" m="44319" /><G5/><T106/><D124/><U59/><E70/><V64/><F23/><N who="3" m="11671" /><G99/><T60/><D128/><U108/><E11/><V117/><F117/><W123/><G123/><T96/><D19/><U67/><E108/><V78/><F78/><W98/><G98/><T109/><D6/><U22/><E35/><V112/><F112/><W90/><G90/><T53/><D109/><U31/><E93/><V38/><F38/><W1/><G2/><T129/><D129/><U131/><E131/><V42/><F15/><W51/><G51/><T13/><D13/><U134/><E134/><V73/><F73/><W30/><G30/><N who="1" m="11306" /><E79/><V119/><F119/><W46/><AGARI ba="0,0" hai="1,7,10,32,33,36,41,46" m="11671,44319" machi="46" ten="30,3000,0" yaku="25,1,54,1" doraHai="25" who="3" fromWho="3" sc="190,-10,150,-10,288,-10,372,30" /><INIT seed="3,1,0,5,1,35" ten="180,140,278,402" oya="3" hai0="95,94,125,114,33,11,5,74,54,115,3,80,120" hai1="32,19,117,7,135,83,65,121,97,62,60,51,123" hai2="103,106,75,39,29,64,124,47,77,61,43,48,31" hai3="107,91,25,102,126,110,82,10,72,17,55,134,99"/><W13/><G134/><T73/><D33/><U127/><E32/><V69/><F124/><W14/><G126/><T41/><D125/><U45/><E127/><V79/><F79/><W58/><G110/><T52/><D120/><U30/><E30/><V8/><F103/><W109/><G109/><T27/><D41/><U24/><E135/><V68/><F106/><W85/><G72/><N who="0" m="27755" /><D80/><U21/><E117/><V87/><F69/><W2/><G25/><T81/><D81/><U56/><E83/><V105/><F105/><W12/><REACH who="3" step="1"/><G2/><REACH who="3" ten="180,140,278,392" step="2"/><T37/><D27/><U112/><E24/><V6/><F75/><W26/><G26/><T36/><D115/><U20/><E112/><V28/><F77/><W88/><G88/><T101/><D114/><U71/><E123/><V1/><F31/><W118/><G118/><T50/><D3/><U84/><E121/><V76/><F76/><W23/><G23/><T0/><D0/><U44/><E20/><V46/><F87/><W34/><G34/><T131/><D101/><U108/><E21/><V42/><AGARI ba="1,1" hai="1,6,8,28,29,39,42,43,46,47,48,61,64,68" machi="42" ten="20,2700,0" yaku="0,1,7,1,52,1" doraHai="35" who="2" fromWho="2" sc="180,-8,140,-8,278,40,392,-14" /><INIT seed="4,0,0,1,0,116" ten="172,132,318,378" oya="0" hai0="115,110,31,38,95,44,6,39,92,52,4,84,68" hai1="135,86,119,46,90,35,26,127,117,54,51,130,131" hai2="63,124,60,105,65,5,43,93,100,16,17,57,55" hai3="113,40,12,71,104,122,0,75,9,74,22,10,123"/><T80/><D68/><U89/><E135/><V37/><F105/><W103/><G71/><T53/><D115/><U73/><E73/><V107/><F107/><W83/><G113/><T72/><D72/><U27/><E127/><V14/><F124/><W109/><G109/><T94/><D31/><U62/><E62/><V102/><F37/><W20/><G40/><T69/><D69/><U98/><E98/><V66/><F43/><W81/><G104/><T56/><D110/><U134/><E134/><V47/><F47/><W7/><G103/><T121/><D121/><N who="3" m="46089" /><G75/><T101/><D101/><U19/><E35/><V18/><F93/><W58/><G58/><T82/><D39/><U64/><E119/><V96/><F96/><W118/><G118/><T128/><D128/><U29/><E117/><V129/><F129/><W33/><G33/><T114/><D114/><U34/><E131/><V97/><F97/><W2/><G74/><T125/><D125/><U1/><E130/><V91/><F91/><W132/><G132/><T11/><D38/><U25/><E89/><V21/><F102/><W41/><G41/><T87/><D44/><U111/><E111/><V108/><F100/><W45/><G45/><T61/><D53/><U30/><E46/><V50/><F108/><W76/><G76/><N who="0" m="46087" /><D11/><U67/><E54/><V13/><F65/><W23/><G0/><T85/><D85/><U112/><E1/><V78/><F66/><W42/><G42/><T70/><D70/><U48/><E64/><V24/><F78/><AGARI ba="0,0" hai="4,6,52,56,61,78,82,87,92,94,95" m="46087" machi="78" ten="30,2900,0" yaku="8,1,54,1" doraHai="116" who="0" fromWho="2" sc="172,29,132,0,318,-29,378,0" /><INIT seed="4,1,0,4,4,57" ten="201,132,289,378" oya="0" hai0="127,99,49,35,59,94,132,135,67,63,10,91,13" hai1="82,23,112,81,124,39,53,27,69,104,44,18,102" hai2="46,85,61,31,21,2,114,111,100,120,108,90,68" hai3="88,4,26,74,12,51,133,65,93,25,50,1,118"/><T79/><D35/><U28/><E69/><V54/><F2/><W48/><G74/><T116/><D116/><U78/><E124/><V109/><F120/><W33/><G118/><T40/><D127/><U105/><E112/><V76/><F76/><W55/><G1/><T92/><D79/><U130/><E130/><V75/><F75/><W117/><G33/><T42/><D92/><U128/><E128/><V38/><F100/><W36/><G36/><T97/><D97/><U95/><E105/><V121/><F121/><W34/><G34/><T123/><D123/><U86/><E104/><V11/><F114/><W30/><G65/><T98/><D99/><N who="1" m="59775" /><E39/><V66/><F11/><N who="3" m="4199" /><G133/><N who="0" m="51275" /><D49/><N who="3" m="19049" /><G30/><T14/><D13/><U24/><E53/><V126/><F54/><W101/><G101/><T20/><D20/><N who="1" m="15367" /><E81/><V37/><F126/><W47/><G117/><T77/><D77/><U134/><E134/><V71/><F68/><W56/><G47/><AGARI ba="1,0" hai="18,23,27,44,47,78,82,86" m="15367,59775" machi="47" ten="30,1000,0" yaku="8,1" doraHai="57" who="1" fromWho="3" sc="201,0,132,13,289,0,378,-13" /><INIT seed="5,0,0,3,3,57" ten="201,145,289,365" oya="1" hai0="111,110,125,87,124,11,33,28,58,121,36,69,4" hai1="114,55,49,39,20,104,117,108,29,76,17,7,88" hai2="61,101,37,118,122,134,130,66,72,47,129,77,115" hai3="82,70,123,44,67,19,59,45,93,71,22,97,21"/><U56/><E117/><V60/><F118/><W103/><G123/><T32/><D121/><U38/><E104/><V6/><F122/><W15/><G71/><T79/><D58/><U94/><E114/><V64/><F115/><W41/><G70/><T62/><D36/><U43/><E108/><V119/><F119/><W23/><G82/><N who="0" m="47583" /><D28/><U102/><E102/><V40/><F101/><W42/><G44/><T13/><D33/><U95/><E29/><V112/><F112/><W9/><G45/><T126/><D32/><U90/><E76/><V16/><F6/><W116/><G116/><T86/><D86/><N who="1" m="52631" /><E7/><V131/><F134/><W51/><G67/><AGARI ba="0,0" hai="4,11,13,62,67,69,110,111,124,125,126" m="47583" machi="67" ten="30,2000,0" yaku="18,1,52,1" doraHai="57" who="0" fromWho="3" sc="201,20,145,0,289,0,365,-20" /><INIT seed="6,0,0,5,0,47" ten="221,145,289,345" oya="2" hai0="115,126,7,34,120,90,88,17,80,93,75,58,50" hai1="33,99,4,14,107,38,55,109,101,112,100,35,97" hai2="39,98,108,82,106,60,70,40,77,103,32,135,124" hai3="23,12,36,8,94,91,6,30,123,46,110,19,127"/><V79/><F79/><W85/><G123/><T0/><D120/><U133/><E109/><V61/><F61/><W132/><G110/><T18/><D34/><U56/><E38/><V57/><F108/><W13/><G127/><T73/><D126/><U16/><E4/><V121/><F124/><W69/><G69/><T114/><D0/><U130/><E112/><N who="0" m="43049" /><D7/><U1/><E130/><V84/><F121/><W119/><G119/><T51/><D58/><U131/><E133/><V64/><F32/><W25/><G132/><T95/><D17/><U74/><E74/><N who="0" m="28169" /><D80/><U129/><E1/><V105/><F135/><W20/><G36/><T59/><D18/><U11/><E129/><V66/><F70/><W54/><G46/><T27/><D27/><U29/><E29/><V118/><F118/><W65/><G65/><T92/><D59/><U15/><E15/><V37/><F40/><W102/><G54/><T104/><D104/><U53/><E53/><V113/><F113/><W96/><G12/><T42/><D42/><U72/><E72/><V21/><F66/><W67/><G67/><T86/><D93/><U83/><E83/><V76/><F106/><W43/><G43/><T49/><D92/><U125/><E125/><V78/><F39/><W87/><G23/><T5/><D5/><U62/><REACH who="1" step="1"/><E131/><REACH who="1" ten="221,135,289,345" step="2"/><V26/><F37/><W41/><G6/><T28/><D28/><AGARI ba="0,1" hai="21,26,28,57,60,64,76,77,78,82,84,98,103,105" machi="28" ten="30,1500,0" yaku="7,1" doraHai="47" who="2" fromWho="0" sc="221,-15,135,0,289,25,345,0" /><INIT seed="6,1,0,2,0,93" ten="206,135,314,345" oya="2" hai0="23,80,37,84,61,104,7,16,20,68,25,31,65" hai1="54,109,22,107,95,83,113,78,81,100,26,45,75" hai2="4,42,47,131,21,130,40,128,48,43,62,72,1" hai3="28,63,18,77,126,105,90,66,117,89,49,92,0"/><V41/><F72/><W60/><G0/><T91/><D37/><U96/><E109/><V34/><F34/><W17/><G105/><T116/><D104/><U33/><E113/><V110/><F110/><W13/><G117/><T94/><D7/><U56/><E33/><V120/><F120/><W132/><G132/><T119/><REACH who="0" step="1"/><D80/><REACH who="0" ten="196,135,314,345" step="2"/><U3/><E83/><V97/><F4/><W44/><G126/><T112/><D112/><U121/><E121/><V67/><F1/><W39/><G39/><T106/><D106/><U82/><E3/><V103/><F131/><W64/><G77/><T101/><D101/><U129/><E129/><V114/><F114/><W79/><G79/><T102/><D102/><U14/><E82/><V24/><F130/><W50/><G92/><T99/><D99/><U8/><E107/><V125/><F128/><W124/><G124/><T134/><D134/><U57/><E45/><V15/><F125/><W29/><G44/><T108/><D108/><U133/><E133/><V69/><F97/><W10/><G90/><T6/><D6/><U11/><E14/><AGARI ba="1,1" hai="14,16,20,23,25,31,61,65,68,84,91,94,116,119" machi="14" ten="40,5200,0" yaku="1,1,54,1,53,1" doraHai="93" doraHaiUra="87" who="0" fromWho="1" sc="196,65,135,-55,314,0,345,0" /><INIT seed="7,0,0,1,5,31" ten="261,80,314,345" oya="3" hai0="88,20,34,33,6,7,12,89,78,17,107,37,75" hai1="118,23,59,91,99,119,65,0,115,102,10,77,129" hai2="68,21,110,116,98,43,132,122,64,80,81,130,124" hai3="22,92,4,60,53,76,66,134,14,18,62,2,123"/><W35/><G123/><T28/><D37/><U49/><E129/><V69/><F110/><W120/><G120/><T79/><D107/><U58/><E115/><V55/><F122/><W111/><G111/><T57/><D57/><U51/><E77/><V63/><F116/><W104/><G104/><T9/><D7/><U82/><E23/><V112/><F112/><W3/><G35/><T45/><D45/><U100/><E10/><V8/><F130/><W128/><G128/><T25/><D78/><U74/><E0/><V24/><F69/><W5/><G2/><T72/><D33/><U42/><E82/><V54/><F132/><W13/><G3/><N who="0" m="223" /><D79/><U113/><E113/><V84/><F124/><W96/><G134/><T105/><D105/><U101/><E99/><V27/><F8/><N who="3" m="4239" /><G76/><T67/><D67/><U114/><E114/><V16/><F43/><W15/><G66/><T121/><D121/><U94/><E65/><V52/><F98/><W73/><G73/><T36/><D36/><U61/><E74/><V133/><F133/><W46/><G4/><T44/><D44/><U117/><E42/><V87/><F27/><N who="3" m="14807" /><G46/><T32/><D34/><U86/><REACH who="1" step="1"/><E61/><REACH who="1" ten="261,70,314,345" step="2"/><N who="3" m="23658" /><G53/><T90/><AGARI ba="0,1" hai="12,17,20,25,28,32,72,75,88,89,90" m="223" machi="90" ten="30,4000,0" yaku="24,1,52,1,54,1" doraHai="31" who="0" fromWho="0" sc="261,50,70,-10,314,-10,345,-20" owari="311,11.0,60,-44.0,304,-10.0,325,43.0" /></mjloggm>