<mjloggm ver="2.3"><GO type="41"/><UN n0="%EF%BC%88%E2%89%A7%E2%96%BD%E2%89%A6%EF%BC%89" n1="%69%6E%74%65%6E%74" n2="%E3%81%88%E3%82%8A%E3%82%93" n3="%70%65%61%73%6B%65" dan="15,13,15,15" rate="2026,1935,1983,2024" sx="M,M,F,F"/><TAIKYOKU oya="0"/><INIT seed="0,0,0,4,3,127" ten="250,250,250,250" oya="0" hai0="1,3,74,15,61,87,6,42,69,121,96,83,54" hai1="24,10,56,114,68,106,78,101,59,33,23,28,100" hai2="129,18,48,72,50,51,44,130,102,86,55,85,62" hai3="7,123,41,66,57,112,128,124,135,60,35,113,125"/><T27/><D121/><U30/><E68/><V71/><F72/><W70/><G35/><T131/><D74/><U16/><E114/><N who="3" m="44138" /><G7/><T103/><D42/><U104/><E78/><V65/><F102/><W47/><G123/><T98/><D27/><U126/><E126/><N who="3" m="48746" /><G135/><T31/><D31/><U22/><E10/><V95/><F18/><W80/><G80/><T14/><D1/><U67/><E24/><V45/><F55/><W109/><G109/><T119/><D3/><U91/><E91/><N who="2" m="53743" /><F86/><W134/><G134/><T40/><D87/><U34/><E67/><V82/><F82/><W64/><G64/><T52/><D83/><U2/><E2/><V73/><F73/><W116/><G116/><T49/><D119/><U89/><E89/><V120/><F120/><W38/><G57/><T132/><D132/><U43/><E43/><V20/><F20/><W108/><G108/><T88/><D103/><U107/><E107/><V92/><F92/><W99/><G99/><T53/><D98/><U122/><E122/><V93/><F93/><W63/><G63/><T4/><D96/><U76/><E76/><V12/><F12/><W8/><G8/><T17/><D14/><U90/><E90/><V37/><F37/><W111/><G111/><T25/><D61/><U0/><E0/><V105/><F105/><W39/><G39/><T26/><D4/><U75/><E75/><V133/><F133/><W115/><N who="3" m="44146" /><W13/><DORA hai="77" /><G13/><T19/><D15/><U11/><E11/><V97/><F97/><W46/><G46/><T29/><D6/><U36/><E36/><RYUUKYOKU ba="0,0" sc="250,-30,250,10,250,10,250,10" hai1="16,22,23,28,30,33,34,56,59,100,101,104,106" hai2="44,45,48,50,51,62,65,71,129,130" hai3="38,41,47,60,66,70,128" /><INIT seed="1,1,0,4,4,120" ten="220,260,260,260" oya="1" hai0="104,67,86,13,83,110,30,125,96,113,2,127,11" hai1="15,56,64,27,93,40,95,90,49,101,100,22,21" hai2="63,107,38,73,115,48,72,108,24,74,42,82,123" hai3="87,71,33,99,50,88,109,129,41,70,106,116,102"/><U17/><E95/><V47/><F123/><W52/><G41/><T28/><D113/><U35/><E35/><V68/><F107/><W134/><G33/><T103/><D2/><U130/><E130/><V54/><F115/><W3/><G129/><T91/><D67/><U57/><E57/><N who="2" m="32967" /><F24/><W121/><G3/><T23/><D110/><U9/><E40/><V14/><F14/><W78/><G121/><T66/><D66/><U10/><E10/><V84/><F84/><W55/><G78/><T44/><D44/><U97/><E22/><V61/><F61/><W81/><G134/><T62/><D62/><U80/><E80/><V39/><F39/><W65/><G65/><T25/><REACH who="0" step="1"/><D30/><REACH who="0" ten="210,260,260,260" step="2"/><U79/><E64/><N who="2" m="40991" /><F108/><W128/><G128/><T92/><D92/><U0/><E0/><V16/><F47/><W5/><G109/><T60/><D60/><U32/><E32/><V1/><F1/><W94/><G106/><T51/><D51/><U114/><E114/><V89/><F38/><W132/><G132/><T124/><D124/><U131/><E131/><V111/><F111/><W8/><G116/><T29/><D29/><U75/><E75/><V46/><F46/><W122/><G122/><T6/><AGARI ba="1,1" hai="6,11,13,23,25,28,83,86,91,96,103,104,125,127" machi="6" ten="30,4000,0" yaku="1,1,0,1,53,1" doraHai="120" doraHaiUra="85" who="0" fromWho="0" sc="210,53,260,-21,260,-11,260,-11" /><INIT seed="2,0,0,3,1,32" ten="263,239,249,249" oya="2" hai0="34,40,88,125,103,31,128,135,33,90,15,63,100" hai1="1,59,45,109,121,105,86,21,67,36,91,119,104" hai2="107,18,47,26,53,24,17,126,83,76,13,79,82" hai3="96,37,70,77,20,68,27,4,99,64,89,30,116"/><V92/><F126/><W65/><G116/><T54/><D125/><U85/><E119/><V62/><F107/><W14/><G37/><T73/><D73/><U6/><E121/><V122/><F122/><W3/><G70/><T97/><D135/><U2/><E6/><V56/><F92/><W124/><G124/><T87/><D128/><U10/><E10/><V16/><F13/><W50/><G68/><T115/><D115/><U93/><E105/><V38/><F38/><W114/><G114/><T46/><D15/><U48/><E104/><V80/><REACH who="2" step="1"/><F47/><REACH who="2" ten="263,239,239,249" step="2"/><W111/><G111/><T0/><D46/><U41/><E109/><V120/><F120/><W8/><G14/><T7/><D103/><U134/><E134/><V28/><F28/><W78/><G99/><T58/><D31/><U52/><E67/><V106/><F106/><W25/><G65/><T81/><D100/><U22/><REACH who="1" step="1"/><E86/><REACH who="1" ten="263,229,239,249" step="2"/><V101/><F101/><W94/><G64/><T112/><D87/><U113/><E113/><V72/><F72/><W123/><G123/><T44/><D112/><U117/><E117/><V74/><F74/><W75/><G75/><T55/><D97/><U129/><E129/><V39/><F39/><W49/><REACH who="3" step="1"/><G27/><AGARI ba="0,2" hai="16,17,18,24,26,27,53,56,62,76,79,80,82,83" machi="27" ten="40,7700,0" yaku="1,1,8,1,54,1,53,0" doraHai="32" doraHaiUra="132" who="2" fromWho="3" sc="263,0,229,0,239,97,249,-77" /><INIT seed="2,1,0,0,0,86" ten="263,229,336,172" oya="2" hai0="9,33,12,5,132,135,105,44,19,83,48,4,18" hai1="45,93,80,89,8,40,11,55,23,113,122,79,116" hai2="106,30,7,17,107,99,101,77,10,108,28,71,52" hai3="2,69,29,57,47,54,43,68,38,37,50,127,85"/><V25/><F108/><W53/><G2/><T126/><D105/><U87/><E122/><V14/><F71/><N who="3" m="27211" /><G85/><T51/><D126/><U72/><E116/><V96/><F77/><W26/><G26/><T112/><D112/><U39/><E113/><V16/><F52/><N who="3" m="31895" /><G29/><T59/><D33/><U109/><E109/><V46/><F46/><N who="3" m="23927" /><G127/><T66/><D83/><U115/><E115/><V90/><F28/><W70/><N who="3" m="27219" /><W125/><DORA hai="3" /><G125/><T102/><D102/><U94/><E94/><V88/><F106/><W62/><G62/><N who="0" m="38239" /><D19/><U119/><E119/><V27/><F27/><W124/><G124/><T67/><D18/><U41/><E23/><V34/><REACH who="2" step="1"/><F90/><REACH who="2" ten="263,229,326,172" step="2"/><W32/><G32/><T134/><D134/><U133/><E133/><V100/><F100/><W129/><G129/><T117/><D135/><U61/><E79/><V111/><F111/><W15/><G15/><T97/><D12/><U110/><E110/><V64/><F64/><W42/><AGARI ba="1,1" hai="37,42,47,53,54" m="23927,31895,27219" machi="42" ten="40,12000,2" yaku="35,5,54,1" doraHai="86,3" who="3" fromWho="3" sc="263,-31,229,-31,326,-61,172,133" /><INIT seed="3,0,0,2,3,25" ten="232,198,265,305" oya="3" hai0="54,31,135,106,102,43,66,23,131,114,122,93,14" hai1="108,32,111,49,71,44,75,21,0,57,94,10,17" hai2="48,41,67,22,46,100,60,107,63,98,103,88,116" hai3="20,78,105,59,83,86,7,73,58,115,19,42,97"/><W61/><G115/><T62/><D122/><U1/><E71/><V77/><F116/><W128/><G128/><T37/><D106/><U45/><E75/><V76/><F100/><W69/><G69/><T80/><D131/><U11/><E45/><V38/><F22/><W27/><G7/><T79/><D114/><U87/><E57/><V89/><F38/><W13/><G42/><T18/><D135/><U133/><E87/><V26/><F26/><W124/><G124/><T74/><D54/><U125/><E94/><V12/><F12/><W104/><G59/><T53/><D53/><U130/><E49/><V118/><F118/><W4/><G73/><T34/><D37/><U132/><E130/><V81/><F76/><W51/><G51/><T15/><D43/><U120/><E44/><V85/><REACH who="2" step="1"/><F60/><REACH who="2" ten="232,198,255,305" step="2"/><W5/><G5/><T82/><D14/><N who="1" m="9399" /><E32/><V101/><F101/><W119/><G119/><T9/><D34/><U28/><E125/><V96/><F96/><W56/><G4/><T2/><D102/><U6/><E120/><V36/><F36/><W30/><G97/><T117/><D79/><U72/><E132/><V112/><F112/><W91/><G78/><T113/><D117/><U109/><E133/><V52/><F52/><W16/><G13/><T129/><D15/><U50/><E109/><V65/><F65/><W64/><G61/><T110/><D62/><U8/><E111/><V40/><F40/><W33/><G64/><T70/><D66/><U35/><E108/><V134/><F134/><W90/><G33/><T68/><D110/><U127/><E35/><RYUUKYOKU ba="0,1" sc="232,-10,198,-10,255,30,305,-10" hai2="41,46,48,63,67,77,81,85,88,89,98,103,107" /><INIT seed="4,1,1,5,5,126" ten="222,188,285,295" oya="0" hai0="31,35,75,117,70,101,79,28,72,61,105,122,3" hai1="94,58,110,108,90,97,44,104,42,125,62,133,116" hai2="74,99,107,113,86,32,100,22,49,109,67,27,103" hai3="24,52,98,33,96,20,78,123,129,53,54,106,112"/><T17/><D122/><U73/><E125/><V50/><F109/><W111/><G112/><T40/><D117/><U13/><E116/><V56/><F74/><W55/><G111/><T41/><D17/><U60/><E73/><V131/><F103/><W36/><G33/><T51/><D3/><U93/><E104/><V30/><F113/><W23/><G36/><T121/><D121/><U10/><E62/><V95/><F131/><W135/><G106/><T26/><D31/><U18/><E94/><N who="2" m="58487" /><F32/><W65/><G123/><T124/><D124/><U0/><E0/><V120/><F107/><W132/><N who="3" m="13312" /><DORA hai="119" /><W84/><G65/><N who="0" m="41263" /><D79/><U15/><E15/><V92/><F120/><W76/><G129/><T91/><D91/><U118/><E118/><V46/><F86/><W89/><G132/><T88/><D88/><U11/><E11/><V7/><F7/><W82/><G135/><T4/><D4/><U5/><E5/><V48/><F46/><W127/><G23/><T29/><D29/><U114/><E133/><V34/><F34/><W77/><G127/><T87/><D87/><U63/><E114/><V39/><F39/><W37/><REACH who="3" step="1"/><G37/><REACH who="3" ten="222,188,285,285" step="2"/><T2/><D35/><U71/><E110/><V8/><F22/><W80/><G80/><T1/><D105/><U83/><E83/><V128/><F8/><W43/><G43/><T134/><D41/><U9/><E9/><V6/><F92/><W25/><G25/><T81/><D26/><U38/><E108/><V16/><F95/><W12/><G12/><T64/><D134/><U68/><E10/><V115/><F27/><RYUUKYOKU ba="1,2" sc="222,-10,188,-10,285,-10,285,30" hai3="20,24,76,77,78,82,84,89,96,98" /><INIT seed="5,2,2,3,1,119" ten="212,178,275,315" oya="1" hai0="28,38,98,103,39,112,72,12,124,15,4,33,92" hai1="11,91,57,95,41,84,26,48,109,8,120,55,54" hai2="70,129,121,31,77,14,99,100,21,66,46,65,53" hai3="47,76,105,127,85,69,25,19,86,24,1,114,81"/><U42/><E109/><V71/><F77/><W135/><G69/><T125/><D72/><U58/><E120/><V73/><F73/><W80/><G1/><T29/><D112/><U83/><E26/><V18/><F129/><W67/><G105/><T128/><D128/><U40/><REACH who="1" step="1"/><E83/><REACH who="1" ten="212,168,275,315" step="2"/><V50/><F121/><W115/><G25/><T7/><D125/><U43/><N who="1" m="10752" /><DORA hai="52" /><U82/><E82/><V117/><F117/><W94/><G127/><T79/><D124/><U30/><E30/><N who="0" m="11881" /><D39/><U93/><E93/><V104/><F31/><W6/><G94/><T74/><D38/><U88/><E88/><V118/><F118/><W87/><G135/><T34/><D34/><U20/><E20/><V97/><F21/><W113/><G24/><T131/><D131/><U130/><E130/><V126/><F126/><W68/><G81/><T44/><D33/><U116/><E116/><V78/><F104/><W2/><G80/><T35/><D35/><U122/><E122/><V75/><F78/><W22/><G76/><T111/><D79/><U134/><E134/><V9/><F100/><W62/><G22/><T3/><D111/><U32/><E32/><V17/><F9/><N who="3" m="2263" /><G19/><T107/><D107/><U101/><E101/><V96/><F17/><W56/><G68/><T61/><D103/><U133/><E133/><V13/><F70/><W16/><G16/><T63/><D92/><U108/><E108/><V10/><F71/><W123/><G123/><T59/><D74/><U110/><E110/><V36/><F75/><W49/><G115/><T89/><D89/><U23/><E23/><RYUUKYOKU ba="2,3" sc="212,-15,168,15,275,-15,315,15" hai1="8,11,48,54,55,57,58,84,91,95" hai3="47,49,56,62,67,85,86,87,113,114" /><INIT seed="5,3,3,5,4,104" ten="197,183,260,330" oya="1" hai0="121,87,36,112,69,12,18,110,47,24,100,42,79" hai1="30,133,119,85,128,135,84,76,0,70,89,17,39" hai2="6,82,44,94,83,106,74,3,105,127,29,88,73" hai3="90,111,19,124,63,78,41,55,48,72,57,61,103"/><U56/><E70/><V116/><F29/><W2/><G111/><T102/><D110/><U40/><E0/><V46/><F6/><W117/><G2/><T113/><D69/><U58/><E30/><V15/><F3/><W9/><G124/><T129/><D121/><U16/><E119/><V118/><F15/><W53/><G117/><N who="2" m="45161" /><F44/><W14/><G103/><T28/><D129/><U81/><E128/><V107/><F46/><W52/><G41/><T64/><D64/><U59/><E40/><V134/><F127/><W122/><G122/><T20/><D87/><U49/><E49/><V123/><F123/><W99/><G63/><T80/><D80/><N who="2" m="30762" /><F134/><N who="1" m="51209" /><E39/><V86/><AGARI ba="3,3" hai="73,74,86,88,94,105,106,107" m="30762,45161" machi="86" ten="40,8000,1" yaku="34,2,52,2,54,1" doraHai="104" who="2" fromWho="2" sc="197,-23,183,-43,260,119,330,-23" /><INIT seed="6,0,0,3,2,84" ten="174,140,379,307" oya="2" hai0="122,37,87,60,32,49,14,29,27,17,88,51,113" hai1="11,111,70,38,106,39,135,131,116,79,22,120,109" hai2="58,114,36,77,16,67,118,33,71,97,23,48,95" hai3="130,42,112,121,9,78,82,15,89,7,0,68,26"/><V74/><F33/><W35/><G68/><T128/><D122/><U92/><E79/><V104/><F118/><W129/><G121/><T102/><D37/><U57/><E11/><V115/><F104/><W123/><G123/><T1/><D128/><N who="3" m="49257" /><G42/><T127/><D127/><U18/><E92/><V75/><F36/><W44/><G44/><T46/><D113/><N who="2" m="43018" /><F71/><W10/><G112/><T83/><D1/><U24/><E70/><V30/><F30/><N who="3" m="19927" /><G78/><T25/><D102/><U103/><E131/><V100/><F77/><W76/><G76/><T73/><D73/><U45/><E120/><V50/><F67/><W21/><G82/><T90/><D60/><U69/><E69/><V41/><F41/><W43/><G89/><T52/><D27/><U132/><E116/><V85/><F85/><W2/><G43/><T117/><D117/><U86/><E86/><V134/><F134/><N who="1" m="51241" /><E103/><V34/><F74/><W56/><G56/><T62/><D62/><U98/><E106/><V110/><F75/><W12/><G21/><T94/><D51/><U72/><E72/><V13/><F50/><W81/><G81/><T126/><D126/><U6/><E98/><V20/><F48/><W64/><G64/><T59/><D59/><U93/><E93/><V3/><F58/><W107/><G107/><T80/><D90/><U99/><E99/><V125/><F23/><AGARI ba="0,0" hai="14,17,23,25,29,32,46,49,52,80,83,87,88,94" machi="23" ten="30,7700,0" yaku="7,1,52,1,54,2" doraHai="84" who="0" fromWho="2" sc="174,77,140,0,379,-77,307,0" /><INIT seed="7,0,0,3,3,127" ten="251,140,302,307" oya="3" hai0="93,75,69,98,73,18,106,112,51,133,55,118,33" hai1="125,101,85,104,64,9,117,6,92,116,14,42,102" hai2="96,7,23,56,49,134,25,120,31,39,87,86,62" hai3="122,74,107,128,50,119,46,12,114,88,99,84,124"/><W54/><G74/><T52/><D33/><U130/><E125/><V44/><F39/><W2/><G124/><T63/><D118/><U57/><E104/><V37/><F37/><W24/><G2/><T16/><D106/><U65/><E102/><V66/><F134/><W21/><G119/><T115/><D133/><U80/><E117/><V27/><F120/><W59/><G122/><T71/><D63/><U60/><E116/><V91/><F7/><W108/><G114/><N who="0" m="43563" /><D55/><U20/><E42/><N who="2" m="24727" /><F27/><W34/><G12/><T121/><D121/><U129/><E20/><V76/><F76/><W8/><G8/><T78/><D78/><U3/><E3/><V109/><F109/><W15/><G15/><T110/><D110/><U19/><E6/><V97/><F86/><W5/><G5/><T67/><D67/><U1/><E1/><V10/><F10/><W132/><G132/><T41/><D41/><U45/><E45/><V40/><F40/><W11/><G11/><T43/><D43/><U103/><E64/><V47/><F47/><W94/><G108/><T36/><D36/><U13/><E13/><V113/><F113/><W26/><G34/><T82/><D82/><AGARI ba="0,0" hai="23,25,31,56,62,66,82,87,91,96,97" m="24727" machi="82" ten="30,1000,0" yaku="8,1" doraHai="127" who="2" fromWho="0" sc="251,-10,140,0,302,10,307,0" owari="241,-16.0,140,-36.0,312,41.0,307,11.0" /></mjloggm>