<mjloggm ver="2.3"><GO type="41"/><UN n0="%E3%81%BA%E3%82%93%E3%81%AE%E5%8A%A9" n1="%74%6F%62%69%75%6F%34%37" n2="%E3%82%A6%E3%83%AB%E3%83%88%E3%83%A9%E7%AB%8B%E7%9B%B4" n3="%6B%69%6E%74%61%32" dan="14,15,15,16" rate="1945,2001,2023,2111" sx="M,M,M,M"/><TAIKYOKU oya="0"/><INIT seed="0,0,0,3,0,42" ten="250,250,250,250" oya="0" hai0="83,88,82,90,16,23,134,17,51,99,80,129,119" hai1="29,97,98,77,22,87,120,76,135,41,104,58,10" hai2="28,60,110,94,65,116,78,71,5,9,105,100,50" hai3="89,122,62,35,132,20,117,107,115,21,36,46,118"/><T66/><D119/><U0/><E120/><V13/><F116/><W95/><G35/><T108/><D129/><U38/><E135/><V61/><F110/><W96/><G115/><T69/><D134/><U12/><E0/><V73/><F78/><W15/><G132/><T79/><D79/><U25/><E104/><V2/><F73/><W11/><G107/><T86/><D108/><U49/><E38/><V128/><F128/><W121/><G118/><T7/><D7/><U32/><E32/><V84/><F61/><W19/><G117/><T70/><D17/><U63/><E41/><V43/><F28/><W109/><G46/><T55/><D99/><N who="1" m="37899" /><E49/><V74/><F74/><W57/><G36/><T44/><D90/><U112/><E87/><V33/><F33/><W67/><G109/><T53/><D55/><N who="1" m="34271" /><E112/><V130/><F130/><W52/><G67/><T39/><D39/><U8/><E8/><V59/><F2/><W30/><G30/><T6/><D66/><U31/><E29/><V85/><F105/><W133/><G133/><T101/><D101/><U40/><E40/><V114/><F114/><W125/><G125/><T127/><D127/><U124/><E124/><V27/><F71/><W26/><REACH who="3" step="1"/><G21/><REACH who="3" ten="250,250,250,240" step="2"/><T113/><D113/><U37/><E37/><V3/><F65/><W106/><G106/><T18/><D69/><U1/><E1/><V24/><F3/><W68/><G68/><T34/><D70/><U45/><E45/><V75/><F59/><W72/><G72/><T111/><D34/><U93/><E22/><V91/><F75/><W64/><G64/><RYUUKYOKU ba="0,1" sc="250,-10,250,-10,250,-10,240,30" hai3="11,15,19,20,26,52,57,62,89,95,96,121,122" /><INIT seed="1,1,1,4,0,127" ten="240,240,240,270" oya="1" hai0="35,102,31,81,41,61,133,26,17,126,29,32,60" hai1="90,59,3,50,0,20,53,45,37,21,95,86,23" hai2="6,39,94,131,125,128,110,116,77,114,30,109,74" hai3="27,64,1,22,132,7,46,63,34,28,24,87,67"/><U101/><REACH who="1" step="1"/><E101/><REACH who="1" ten="240,230,240,270" step="2"/><V70/><F125/><W5/><G132/><T92/><D126/><U103/><E103/><V38/><F116/><W135/><G135/><T119/><D133/><U104/><E104/><V79/><F114/><W88/><G1/><T99/><D119/><U71/><E71/><V14/><F70/><W4/><G46/><T33/><D41/><AGARI ba="1,2" hai="0,3,20,21,23,37,41,45,50,53,59,86,90,95" machi="41" ten="40,7700,0" yaku="21,2,53,1" doraHai="127" doraHaiUra="42" who="1" fromWho="0" sc="240,-80,230,100,240,0,270,0" /><INIT seed="1,2,0,4,0,27" ten="160,330,240,270" oya="1" hai0="6,46,133,16,23,62,7,61,102,36,72,28,116" hai1="31,117,38,37,1,97,58,26,49,77,43,103,44" hai2="114,22,73,50,119,86,105,113,70,101,134,19,104" hai3="54,35,69,81,124,13,108,106,20,8,130,65,76"/><U109/><E117/><V135/><F70/><W107/><G35/><T34/><D116/><U128/><E1/><V98/><F73/><W41/><G124/><T66/><D133/><N who="2" m="50698" /><F50/><W52/><G130/><T87/><D72/><U110/><E128/><V91/><F119/><W4/><G41/><T99/><D62/><U33/><E77/><V100/><F19/><W93/><G108/><N who="1" m="41578" /><E58/><V89/><F22/><W88/><G107/><AGARI ba="2,0" hai="26,31,33,37,38,43,44,49,97,103,107" m="41578" machi="107" ten="30,5800,0" yaku="14,1,10,1,52,1" doraHai="27" who="1" fromWho="3" sc="160,0,330,64,240,0,270,-64" /><INIT seed="1,3,0,0,3,37" ten="160,394,240,206" oya="1" hai0="30,67,115,70,1,46,96,111,127,97,75,19,107" hai1="126,20,36,45,17,16,84,92,23,55,13,35,125" hai2="15,81,73,52,118,71,68,106,86,43,26,24,59" hai3="63,83,29,94,53,105,62,42,128,64,82,93,49"/><U32/><E92/><V5/><F106/><W109/><G105/><T2/><D19/><U121/><E121/><V129/><F73/><W99/><G29/><T87/><D46/><U31/><E31/><V47/><F118/><W33/><G33/><T57/><D30/><U132/><E132/><V117/><F117/><W41/><G128/><T78/><D57/><U133/><E84/><V11/><F129/><W112/><G112/><T110/><D67/><U34/><E133/><V58/><F58/><N who="3" m="36951" /><G63/><T91/><D70/><U134/><E134/><V28/><F68/><W113/><G94/><T8/><D8/><U4/><E4/><V95/><F95/><W54/><G54/><T123/><D123/><U69/><E69/><V77/><F71/><W9/><G9/><T50/><D50/><U74/><E74/><V103/><F28/><W48/><G48/><T65/><D65/><U76/><E76/><V101/><F101/><W6/><G6/><T119/><D119/><U72/><E72/><V7/><F103/><W60/><G60/><T122/><D107/><U0/><E0/><V79/><F5/><W108/><G113/><T124/><D122/><U131/><E131/><V10/><F10/><W39/><G39/><T21/><D115/><U3/><E3/><V130/><F130/><W85/><G83/><T135/><D135/><U114/><E114/><V27/><F81/><W22/><G82/><N who="0" m="45407" /><D2/><U89/><E36/><V25/><N who="2" m="6656" /><DORA hai="12" /><V98/><F11/><W56/><G85/><T90/><D1/><U104/><E104/><V80/><F7/><W18/><G93/><RYUUKYOKU ba="3,0" sc="160,0,394,0,240,0,206,0" /><INIT seed="2,4,0,2,4,17" ten="160,394,240,206" oya="2" hai0="48,35,23,10,86,131,62,121,114,94,64,88,96" hai1="33,11,29,117,22,130,76,26,5,93,120,133,68" hai2="54,16,52,108,75,80,2,20,109,61,132,9,28" hai3="113,55,72,99,66,37,12,115,71,119,27,123,87"/><V91/><F28/><W84/><G72/><T41/><D121/><U47/><E117/><V24/><F132/><W36/><G123/><T101/><D35/><U85/><E120/><V57/><F54/><W7/><G119/><T79/><D131/><U0/><E133/><V30/><F30/><W124/><G27/><T34/><D34/><U38/><E68/><V102/><F102/><W95/><G124/><T135/><D135/><U63/><E63/><V129/><F129/><W73/><G73/><T25/><D10/><U15/><E130/><V56/><F56/><W125/><G125/><T19/><D79/><U3/><E3/><V134/><F134/><W74/><G74/><T21/><D114/><U46/><E38/><V111/><F75/><W6/><G55/><T89/><D23/><U78/><E93/><V112/><F112/><W104/><G95/><T127/><D127/><U65/><E65/><V81/><F91/><W67/><G104/><T8/><D8/><U103/><E103/><V105/><F105/><W100/><G100/><T83/><D89/><U90/><E90/><V4/><AGARI ba="4,0" hai="2,4,9,16,20,24,52,57,61,80,81,108,109,111" machi="4" ten="40,18000,2" yaku="0,1,14,1,10,1,52,1,54,2" doraHai="17" who="2" fromWho="2" sc="160,-64,394,-64,240,192,206,-64" /><INIT seed="2,5,0,5,1,40" ten="96,330,432,142" oya="2" hai0="31,50,19,10,120,55,67,45,129,77,94,132,26" hai1="52,79,27,89,35,49,32,101,102,60,115,86,62" hai2="135,108,124,13,68,3,121,131,25,53,125,92,119" hai3="90,75,7,104,48,107,21,85,83,15,42,87,22"/><V8/><F68/><W99/><G75/><T73/><D120/><U58/><E115/><V126/><F121/><W111/><G111/><T0/><D129/><U43/><E79/><V93/><F119/><W46/><G107/><T63/><D132/><U33/><E27/><V76/><F131/><W103/><G7/><T84/><D73/><U71/><E71/><V95/><F3/><W54/><G15/><T88/><D77/><U57/><E43/><V98/><F135/><W12/><G12/><T114/><D114/><U51/><E49/><V122/><F122/><W116/><G116/><T113/><D113/><U30/><E30/><V47/><F76/><W5/><G5/><T41/><D41/><U74/><E74/><V1/><F1/><W100/><G100/><T36/><D36/><U28/><E28/><V39/><F25/><W20/><G87/><T18/><D0/><U134/><E134/><V81/><F81/><W112/><G112/><T97/><D97/><U123/><E123/><V59/><F108/><W37/><REACH who="3" step="1"/><G21/><REACH who="3" ten="96,330,432,132" step="2"/><T56/><D10/><U109/><E109/><V9/><F13/><W128/><G128/><T117/><REACH who="0" step="1"/><D117/><REACH who="0" ten="86,330,432,132" step="2"/><U105/><E105/><V133/><F133/><W6/><G6/><T4/><D4/><U11/><E11/><V44/><F8/><W82/><G82/><T110/><D110/><U118/><E118/><V72/><F9/><W69/><G69/><T96/><D96/><U66/><E102/><V2/><F98/><W34/><G34/><AGARI ba="5,2" hai="18,19,26,31,34,45,50,55,56,63,67,84,88,94" machi="34" ten="30,8000,1" yaku="1,1,7,1,52,1,54,1,53,1" doraHai="40" doraHaiUra="91" who="0" fromWho="3" sc="86,115,330,0,432,0,132,-95" /><INIT seed="3,0,0,4,3,13" ten="201,330,432,37" oya="3" hai0="35,6,120,100,8,111,78,89,36,14,1,72,51" hai1="74,95,62,108,15,39,53,4,57,99,87,123,112" hai2="31,68,133,107,10,102,86,18,43,128,97,130,119" hai3="82,48,55,60,64,122,11,58,3,90,126,30,79"/><W22/><G122/><T88/><D36/><U24/><E123/><V85/><F68/><W40/><G126/><T45/><D120/><U61/><E112/><V17/><F119/><W81/><G40/><T41/><D111/><U19/><E74/><V118/><F118/><W20/><G90/><T115/><D35/><U33/><E39/><V70/><F70/><W66/><G66/><T76/><D115/><U132/><E108/><V135/><F43/><W23/><G30/><T77/><D100/><U92/><E132/><N who="2" m="50763" /><F31/><W37/><G37/><T38/><D72/><U34/><E33/><V96/><F96/><W110/><G110/><T16/><REACH who="0" step="1"/><D38/><REACH who="0" ten="191,330,432,37" step="2"/><U0/><E34/><V84/><F128/><W80/><G11/><AGARI ba="0,1" hai="1,6,8,11,14,16,41,45,51,76,77,78,88,89" machi="11" ten="40,12000,2" yaku="1,1,2,1,52,1,54,2,53,1" doraHai="13" doraHaiUra="47" who="0" fromWho="3" sc="191,130,330,0,432,0,37,-120" owari="321,-8.0,330,13.0,432,53.0,-83,-58.0" /></mjloggm>