<mjloggm ver="2.3"><GO type="41"/><UN n0="%61%77%34%34%31%36" n1="%E2%96%A0%E2%96%A0%E2%96%A0" n2="%E3%81%A1%E3%82%87%E3%81%A3%E3%81%A8%E3%83%AB%E3%83%BC%E3%83%B3" n3="%E3%82%A6%E3%83%AB%E3%83%88%E3%83%A9%E7%AB%8B%E7%9B%B4" dan="13,14,15,15" rate="1913,1920,1972,1979" sx="M,M,M,M"/><TAIKYOKU oya="0"/><INIT seed="0,0,0,3,2,76" ten="250,250,250,250" oya="0" hai0="115,13,84,44,23,3,26,79,40,118,74,120,15" hai1="129,91,107,97,59,75,99,85,18,109,135,21,28" hai2="96,50,9,111,43,119,105,55,16,127,131,52,12" hai3="101,90,124,82,88,122,56,66,53,77,33,114,92"/><T80/><D118/><U106/><E109/><V89/><F119/><W27/><G66/><T83/><D120/><U100/><E75/><V34/><F131/><W30/><G114/><T47/><D3/><U37/><E129/><V61/><F34/><W42/><G42/><T19/><D115/><U116/><E135/><V54/><F111/><W70/><G70/><T133/><D133/><U73/><E116/><V14/><F127/><W58/><G124/><T8/><D40/><U65/><E73/><V117/><F117/><W94/><G101/><T67/><D67/><U25/><E37/><V128/><F128/><W132/><G132/><T108/><D108/><U2/><E2/><V104/><F61/><W71/><G71/><T1/><D1/><U134/><E134/><V63/><F63/><W68/><G68/><T22/><D22/><U51/><E65/><V41/><F105/><W39/><G39/><T87/><D74/><U102/><E59/><V81/><F104/><W60/><G58/><T103/><D103/><U4/><E51/><V48/><F48/><W121/><G92/><T35/><D35/><U95/><E4/><V126/><F126/><W31/><G31/><AGARI ba="0,0" hai="18,21,25,28,31,85,91,95,97,99,100,102,106,107" machi="31" ten="40,1300,0" yaku="9,1" doraHai="76" who="1" fromWho="3" sc="250,0,250,13,250,0,250,-13" /><INIT seed="1,0,0,2,5,53" ten="250,263,250,237" oya="1" hai0="15,131,18,55,47,82,39,93,51,97,48,74,16" hai1="38,106,122,101,88,24,27,35,30,34,2,99,94" hai2="25,127,104,107,61,134,29,123,121,13,78,115,50" hai3="44,90,45,124,3,69,108,62,70,14,79,73,37"/><U133/><E122/><V68/><F115/><W80/><G44/><T63/><D131/><U21/><E133/><V42/><F134/><W129/><G129/><T89/><D39/><U113/><E38/><V54/><F127/><W11/><G124/><T58/><D48/><U117/><E113/><V40/><F121/><W36/><G36/><T56/><D74/><U87/><E2/><V75/><F123/><W105/><G105/><T66/><D82/><U100/><E117/><V64/><F13/><W31/><G90/><T96/><D96/><U6/><E6/><V41/><F78/><W83/><G83/><T9/><D18/><U85/><E101/><V46/><REACH who="2" step="1"/><F75/><REACH who="2" ten="250,263,240,237" step="2"/><W125/><G14/><T135/><D135/><U132/><E132/><V23/><AGARI ba="0,1" hai="23,25,29,40,41,42,46,50,54,61,64,68,104,107" machi="23" ten="30,4000,0" yaku="1,1,2,1,0,1,53,0" doraHai="53" doraHaiUra="76" who="2" fromWho="2" sc="250,-10,263,-20,240,50,237,-10" /><INIT seed="2,0,0,2,3,132" ten="240,243,290,227" oya="2" hai0="113,100,58,64,61,38,31,102,96,4,25,103,94" hai1="41,14,2,29,7,105,26,128,0,78,118,40,70" hai2="88,111,10,21,104,122,63,91,5,59,126,89,8" hai3="115,46,90,68,43,121,15,69,17,53,101,67,117"/><V86/><F122/><W23/><G101/><T80/><D38/><U74/><E118/><V130/><F104/><W97/><G117/><T36/><D36/><U22/><E128/><V109/><F130/><W34/><G34/><T60/><D113/><U92/><E105/><V37/><F37/><W50/><G115/><T129/><D129/><U134/><E134/><V27/><F86/><W77/><G77/><T83/><D4/><U62/><E74/><V79/><F79/><W42/><G121/><T98/><D60/><U13/><E78/><V95/><F95/><W57/><G68/><T1/><D1/><U6/><E92/><V12/><F8/><W124/><G69/><T45/><D45/><U72/><E62/><V39/><F39/><W73/><G73/><T48/><D48/><U116/><E41/><V47/><F47/><W55/><G67/><T32/><D102/><U54/><E40/><V127/><F21/><W135/><G135/><T85/><D85/><U107/><E54/><N who="2" m="34295" /><F27/><W76/><G76/><T71/><REACH who="0" step="1"/><D58/><REACH who="0" ten="230,243,290,227" step="2"/><U18/><E116/><V9/><F10/><W114/><G114/><T30/><D30/><U49/><E70/><V20/><F20/><W75/><G23/><T19/><D19/><U16/><E72/><V66/><F66/><W112/><G75/><T24/><D24/><U44/><E18/><V93/><F93/><AGARI ba="0,1" hai="25,31,32,61,64,71,80,83,93,94,96,98,100,103" machi="93" ten="30,3900,0" yaku="1,1,7,1,9,1,53,0" doraHai="132" doraHaiUra="131" who="0" fromWho="2" sc="230,49,243,0,290,-39,227,0" /><INIT seed="3,0,0,4,5,2" ten="279,243,251,227" oya="3" hai0="86,107,32,25,10,80,116,87,34,72,123,62,126" hai1="63,129,36,67,20,135,39,70,82,85,76,7,1" hai2="84,99,27,121,131,23,108,101,66,93,77,98,35" hai3="60,125,29,22,124,90,50,59,132,112,119,130,96"/><W47/><G119/><T81/><D107/><U18/><E135/><V55/><F121/><W65/><G112/><T106/><D106/><U97/><E129/><V14/><F131/><W111/><G130/><T3/><D123/><U46/><E97/><V103/><F108/><W5/><G132/><T51/><D116/><U102/><E102/><V38/><F38/><W104/><G111/><T54/><D126/><N who="3" m="48745" /><G104/><T49/><D72/><U33/><E33/><V40/><F35/><W68/><G96/><T43/><D43/><U122/><E46/><V109/><F109/><W127/><G90/><T89/><D62/><U28/><E28/><V16/><F40/><N who="3" m="24935" /><G22/><T100/><D100/><U11/><REACH who="1" step="1"/><E122/><REACH who="1" ten="279,233,251,227" step="2"/><V58/><F103/><W53/><G29/><T31/><D34/><U6/><E6/><V24/><F101/><W26/><G127/><T21/><D32/><U61/><E61/><V45/><F99/><W117/><G117/><T113/><D113/><U74/><E74/><V17/><F98/><W92/><G5/><T95/><D31/><U105/><E105/><V64/><F45/><W94/><G26/><AGARI ba="0,1" hai="1,7,11,18,20,26,36,39,63,67,70,76,82,85" machi="26" ten="30,3900,0" yaku="1,1,7,1,52,1,53,0" doraHai="2" doraHaiUra="115" who="1" fromWho="3" sc="279,0,233,49,251,0,227,-39" /><INIT seed="4,0,0,1,4,109" ten="279,282,251,188" oya="0" hai0="0,93,114,46,52,124,83,116,58,14,122,81,18" hai1="132,120,71,69,30,42,4,103,41,67,129,121,94" hai2="26,82,70,125,62,112,100,105,20,72,61,111,21" hai3="84,19,96,45,64,126,65,73,115,38,54,40,60"/><T133/><D122/><U10/><E132/><V91/><F111/><W89/><G73/><T75/><D116/><U8/><E129/><V25/><F125/><W66/><G96/><T99/><D0/><U6/><E94/><V76/><F70/><W29/><G29/><T35/><D35/><U135/><E30/><V110/><F110/><W24/><G24/><T33/><D33/><U17/><E135/><V79/><F79/><W107/><G19/><T37/><D133/><U55/><E17/><V87/><F112/><W36/><G107/><T117/><D117/><U34/><E55/><V119/><F119/><W92/><G36/><T97/><D124/><U3/><E34/><V74/><F74/><W59/><REACH who="3" step="1"/><G126/><REACH who="3" ten="279,282,251,178" step="2"/><T134/><D134/><U16/><E16/><V113/><F105/><W85/><G85/><T88/><D99/><U95/><E120/><V27/><F27/><W9/><G9/><T63/><D75/><U12/><E121/><V1/><F100/><W78/><G78/><T56/><D114/><AGARI ba="0,1" hai="38,40,45,54,59,60,64,65,66,84,89,92,114,115" machi="114" ten="40,5200,0" yaku="1,1,52,2,53,0" doraHai="109" doraHaiUra="106" who="3" fromWho="0" sc="279,-52,282,0,251,0,178,62" /><INIT seed="5,0,0,4,3,72" ten="227,282,251,240" oya="1" hai0="30,76,5,131,74,32,14,40,127,99,33,8,80" hai1="52,56,121,62,134,66,70,92,123,26,18,129,97" hai2="79,124,100,105,48,106,54,120,125,34,59,31,84" hai3="38,46,78,128,6,102,37,44,7,12,90,24,21"/><U130/><E134/><V82/><F120/><W89/><G102/><T91/><D131/><N who="1" m="50187" /><E70/><V43/><F43/><W111/><G128/><T11/><D127/><N who="2" m="48714" /><F100/><W132/><G132/><T42/><D32/><U75/><E75/><V10/><F10/><W1/><G12/><T4/><D33/><U135/><E135/><V28/><F34/><W88/><G111/><T13/><D30/><AGARI ba="0,0" hai="28,30,31,48,54,59,79,82,84,105,106" m="48714" machi="30" ten="30,2000,0" yaku="18,1,52,1" doraHai="72" who="2" fromWho="0" sc="227,-20,282,0,251,20,240,0" /><INIT seed="6,0,0,2,1,99" ten="207,282,271,240" oya="2" hai0="109,28,112,77,93,31,87,40,131,45,132,71,47" hai1="78,129,57,133,123,74,4,64,98,100,59,18,46" hai2="17,75,96,68,33,53,63,66,135,38,69,43,60" hai3="8,94,101,70,65,39,42,58,125,122,23,117,20"/><V9/><F75/><W118/><G70/><T62/><D109/><U13/><E129/><V1/><F33/><W0/><G42/><T107/><D131/><U108/><E4/><V44/><F135/><W3/><G39/><T34/><D132/><U81/><E108/><V86/><F86/><W126/><G58/><T67/><D112/><U27/><E133/><V110/><F110/><W54/><G54/><T128/><D128/><U5/><E123/><V84/><F84/><W37/><G65/><T88/><D107/><U80/><E64/><V85/><F85/><W102/><G37/><T115/><D115/><U82/><E74/><V7/><F17/><W11/><G94/><T104/><D104/><U130/><E78/><V116/><F116/><W24/><G24/><T56/><D77/><U41/><E27/><V35/><F35/><W55/><G55/><T91/><D91/><U90/><E5/><V14/><F1/><W105/><G105/><T36/><D45/><U127/><E90/><V50/><F63/><W10/><G10/><T25/><REACH who="0" step="1"/><D31/><REACH who="0" ten="197,282,271,240" step="2"/><U103/><E130/><V51/><F68/><AGARI ba="0,1" hai="25,28,34,36,40,47,56,62,67,68,71,87,88,93" machi="68" ten="40,5200,0" yaku="1,1,2,1,54,1,53,0" doraHai="99" doraHaiUra="120" who="0" fromWho="2" sc="197,62,282,0,271,-52,240,0" /><INIT seed="7,0,0,0,1,3" ten="259,282,219,240" oya="3" hai0="80,76,58,86,17,128,94,82,9,39,126,34,22" hai1="122,6,21,56,97,98,121,51,96,88,111,90,49" hai2="38,119,92,37,67,124,109,64,25,0,87,54,59" hai3="71,83,63,48,10,78,42,30,114,41,2,50,79"/><W118/><G118/><T133/><D34/><U117/><E111/><V28/><F119/><W93/><G30/><T27/><D133/><U108/><E108/><V70/><F109/><W91/><G63/><T23/><D128/><U52/><E117/><V75/><F75/><W120/><G71/><T61/><D39/><U129/><E6/><V47/><F124/><W8/><G120/><T100/><D126/><U46/><E129/><V57/><F0/><W112/><G2/><T116/><D116/><U33/><E33/><V66/><F87/><W29/><G29/><T15/><D80/><U24/><E122/><V62/><F92/><W95/><G83/><T45/><D45/><U123/><E123/><V99/><F99/><W14/><G14/><T5/><D23/><U73/><E73/><V72/><F72/><W85/><G85/><T20/><D20/><U32/><E32/><V40/><F25/><W132/><REACH who="3" step="1"/><G91/><REACH who="3" ten="259,282,219,230" step="2"/><T107/><D107/><U77/><E121/><V36/><F28/><W19/><G19/><T13/><D100/><U115/><E77/><V101/><F101/><W26/><G26/><T84/><D84/><U4/><E115/><V89/><F89/><W113/><G113/><T74/><D74/><U104/><E4/><V134/><F134/><AGARI ba="0,1" hai="8,10,41,42,48,50,78,79,93,95,112,114,132,134" machi="134" ten="25,4800,0" yaku="1,1,22,2,53,0" doraHai="3" doraHaiUra="135" who="3" fromWho="2" sc="259,0,282,0,219,-48,230,58" /><INIT seed="7,1,0,3,3,132" ten="259,282,171,288" oya="3" hai0="38,119,54,56,28,33,64,65,46,6,79,114,4" hai1="63,3,131,45,94,95,107,112,25,129,50,69,135" hai2="24,70,74,62,58,130,51,120,92,72,80,98,48" hai3="2,126,0,115,110,134,108,32,83,93,43,84,124"/><W81/><G32/><T20/><D119/><U77/><E107/><V30/><F120/><W122/><G122/><T11/><D33/><U116/><E3/><N who="3" m="1066" /><G134/><T27/><D79/><U117/><E135/><V123/><F123/><W75/><G115/><T44/><D114/><U105/><E105/><V66/><F130/><N who="1" m="49673" /><E77/><V67/><F67/><W42/><G93/><T90/><D90/><U60/><E112/><V78/><F74/><W23/><G23/><T15/><D4/><U52/><E25/><V125/><F125/><N who="3" m="48235" /><G75/><T127/><D127/><U111/><E111/><N who="3" m="42538" /><G84/><T68/><D68/><U13/><E13/><V109/><F70/><W37/><G37/><T128/><D128/><U85/><E85/><V59/><F109/><W103/><G103/><T96/><D96/><U118/><E69/><V10/><F10/><W22/><G22/><T34/><D34/><U14/><E14/><V102/><REACH who="2" step="1"/><F58/><REACH who="2" ten="259,282,161,288" step="2"/><W7/><G7/><T49/><REACH who="0" step="1"/><D38/><REACH who="0" ten="249,282,161,288" step="2"/><U16/><E16/><V121/><F121/><W19/><G19/><T40/><D40/><AGARI ba="1,2" hai="40,42,43,81,83" m="42538,48235,1066" machi="40" ten="40,18000,2" yaku="28,2,18,1,10,1,52,3" doraHai="132" who="3" fromWho="0" sc="249,-183,282,0,161,0,288,203" owari="66,-43.0,282,8.0,161,-24.0,491,59.0" /></mjloggm>