<mjloggm ver="2.3"><GO type="169" lobby="0"/><UN n0="%E3%83%9E%E3%83%84%E3%82%B6%E3%82%AD" n1="%6D%61%63%6A%72" n2="%EF%BC%BC%28%EF%BC%BE%6F%EF%BC%BE%29%EF%BC%8F%E2%98%85" n3="%EF%BC%88%E2%89%A7%E2%96%BD%E2%89%A6%EF%BC%89" dan="16,16,18,17" rate="2135.44,2041.69,2209.40,2150.31" sx="M,M,M,M"/><TAIKYOKU oya="0"/><INIT seed="0,0,0,2,1,15" ten="250,250,250,250" oya="0" hai0="122,50,93,22,106,88,40,28,113,77,54,124,12" hai1="9,3,112,24,44,47,70,127,17,126,134,29,86" hai2="97,98,96,107,90,6,49,60,2,131,57,26,135" hai3="105,46,0,32,72,101,115,73,80,36,19,79,27"/><T84/><D122/><U45/><E70/><V69/><F135/><W129/><G115/><T132/><D132/><U43/><E134/><V76/><F131/><W102/><G72/><T37/><D106/><U33/><E112/><V85/><F76/><W119/><G119/><T52/><D113/><U82/><E43/><V123/><F123/><W89/><G0/><T14/><D124/><U20/><E9/><V114/><F114/><W55/><G129/><T125/><D125/><U81/><E3/><V42/><F69/><W87/><G105/><T75/><D75/><U58/><E58/><V8/><F107/><W61/><G61/><T23/><D77/><U116/><E81/><V66/><F26/><W99/><G99/><T13/><D37/><U67/><E67/><V94/><F42/><W95/><G36/><T10/><D10/><U111/><E116/><V1/><F2/><W103/><G32/><T56/><D40/><U18/><E111/><V39/><F39/><W91/><G91/><T38/><D38/><U16/><REACH who="1" step="1"/><E33/><REACH who="1" ten="250,240,250,250" step="2"/><V133/><F133/><W11/><G11/><T21/><REACH who="0" step="1"/><D54/><REACH who="0" ten="240,240,250,250" step="2"/><U100/><E100/><V120/><F120/><W64/><G102/><T118/><D118/><U92/><E92/><V130/><F130/><W78/><G103/><T68/><D68/><U59/><E59/><V71/><F71/><W48/><G101/><T128/><D128/><U83/><E83/><V31/><F1/><W74/><G64/><T110/><D110/><U108/><E108/><V104/><F104/><W4/><G80/><T51/><D51/><U30/><E30/><AGARI ba="0,2" hai="12,13,14,21,22,23,28,30,50,52,56,84,88,93" machi="30" ten="40,12000,1" yaku="1,1,6,1,8,1,54,2,53,0" doraHai="15" doraHaiUra="65" who="0" fromWho="1" sc="240,140,240,-120,250,0,250,0" /><INIT seed="0,1,0,4,2,122" ten="380,120,250,250" oya="0" hai0="46,118,106,13,93,8,129,54,92,42,20,64,111" hai1="127,28,34,32,27,41,121,109,126,103,67,39,52" hai2="45,47,26,115,17,65,80,130,70,23,120,30,83" hai3="2,68,19,48,18,131,44,16,12,84,7,58,5"/><T14/><D118/><U91/><E121/><V25/><F120/><W62/><G68/><T38/><D106/><U50/><E67/><V78/><F115/><W60/><G131/><T9/><D64/><U35/><E103/><V128/><F65/><N who="3" m="39063" /><G2/><T57/><D129/><N who="2" m="49770" /><F70/><W29/><G29/><T105/><D105/><U108/><E41/><V37/><F37/><W59/><G12/><T73/><D73/><U86/><E39/><V112/><F112/><W0/><G0/><T11/><D20/><N who="1" m="15463" /><E86/><N who="2" m="48407" /><F83/><W101/><G101/><T102/><D14/><U107/><E91/><V100/><F100/><W21/><G21/><AGARI ba="1,0" hai="17,21,23,25,26,30,45,47" m="48407,49770" machi="21" ten="30,1000,0" yaku="19,1" doraHai="122" who="2" fromWho="3" sc="380,0,120,0,250,13,250,-13" /><INIT seed="1,0,0,4,0,73" ten="380,120,263,237" oya="1" hai0="117,38,30,6,128,103,11,13,100,91,90,129,119" hai1="59,83,116,108,111,43,24,19,94,95,114,32,8" hai2="126,106,3,60,16,105,88,70,71,102,125,101,93" hai3="12,89,46,61,39,132,18,67,118,45,49,76,99"/><U96/><E114/><V1/><F60/><W50/><G118/><T40/><D30/><U86/><E116/><V37/><F93/><N who="3" m="56751" /><G132/><T42/><D38/><U80/><E43/><V135/><F37/><W57/><G39/><T85/><D85/><U62/><E32/><V124/><F135/><W36/><G36/><T33/><D33/><U64/><E94/><V14/><F88/><W29/><G29/><T56/><D56/><U23/><E8/><N who="2" m="6215" /><F101/><W47/><G76/><T77/><D11/><AGARI ba="0,0" hai="11,12,18,45,46,47,49,50,57,61,67" m="56751" machi="11" ten="30,1000,0" yaku="8,1" doraHai="73" who="3" fromWho="0" sc="380,-10,120,0,263,0,237,10" /><INIT seed="2,0,0,2,2,111" ten="370,120,263,247" oya="2" hai0="119,38,57,107,50,47,125,14,42,28,127,19,124" hai1="100,44,98,8,15,115,67,35,99,81,103,134,102" hai2="78,68,9,41,95,22,66,0,5,61,96,53,109" hai3="6,21,64,40,65,17,20,112,75,36,31,123,84"/><V10/><F109/><W32/><G75/><T122/><D122/><U16/><E35/><V87/><F41/><W83/><G123/><T131/><D131/><U2/><E134/><V3/><F22/><W97/><G32/><T133/><D133/><U58/><E2/><V88/><F53/><W48/><G36/><T76/><D107/><U45/><E115/><V93/><F78/><W73/><G73/><T80/><D28/><U118/><E118/><V116/><F116/><W91/><G6/><T89/><D89/><U30/><E30/><V120/><F120/><W105/><G105/><T1/><D1/><U92/><E81/><V25/><F25/><N who="3" m="16815" /><G97/><T69/><D69/><U29/><E29/><V90/><REACH who="2" step="1"/><F10/><REACH who="2" ten="370,120,253,247" step="2"/><W59/><G112/><T128/><D119/><U4/><E4/><V113/><F113/><W101/><G40/><T63/><D128/><U85/><E44/><V126/><F126/><W12/><G65/><T114/><D114/><U43/><E45/><V18/><F18/><W129/><G129/><T52/><D19/><U117/><E43/><V27/><F27/><W55/><G64/><T62/><D14/><AGARI ba="0,1" hai="0,3,5,9,14,61,66,68,87,88,90,93,95,96" machi="14" ten="30,5800,0" yaku="1,1,7,1,54,1,53,0" doraHai="111" doraHaiUra="110" who="2" fromWho="0" sc="370,-58,120,0,253,68,247,0" /><INIT seed="2,1,0,5,1,40" ten="312,120,321,247" oya="2" hai0="122,33,62,77,31,43,118,17,15,79,58,65,4" hai1="18,101,124,73,110,104,50,47,69,103,61,38,6" hai2="85,100,66,115,20,82,112,5,24,89,117,75,71" hai3="21,8,111,126,55,42,133,46,106,94,86,29,109"/><V84/><F117/><W81/><G106/><T51/><D118/><U2/><E73/><V14/><F75/><W92/><G126/><T78/><D33/><U90/><E124/><V93/><F71/><W36/><G8/><T27/><D27/><U52/><E110/><N who="3" m="41994" /><G133/><T48/><D31/><U45/><E104/><V1/><F1/><W34/><G34/><T13/><D122/><U54/><E6/><V10/><F66/><W72/><G72/><T98/><D98/><U121/><E2/><V30/><REACH who="2" step="1"/><F100/><REACH who="2" ten="312,120,311,247" step="2"/><W108/><G108/><T99/><D65/><U53/><E121/><V87/><F87/><W9/><G9/><T67/><D67/><U44/><E69/><V39/><F39/><W12/><G36/><T0/><D0/><U88/><E38/><V35/><F35/><W59/><G86/><T129/><D99/><U28/><E28/><V37/><F37/><W102/><G29/><T119/><D119/><U131/><E131/><V26/><F26/><W7/><G102/><N who="1" m="38922" /><E61/><V23/><F23/><W105/><G21/><T97/><D62/><U128/><E128/><V135/><F135/><W96/><G96/><T3/><D97/><U70/><E70/><V49/><F49/><W114/><G105/><T83/><D51/><U125/><E125/><V132/><F132/><W63/><G63/><T56/><D48/><U25/><E50/><V74/><F74/><W120/><G120/><T80/><D3/><U95/><E95/><V64/><F64/><W19/><G94/><T91/><D129/><U113/><E113/><V68/><F68/><W76/><G114/><RYUUKYOKU ba="1,1" sc="312,-15,120,15,311,15,247,-15" hai1="18,25,44,45,47,52,53,54,88,90" hai2="5,10,14,20,24,30,82,84,85,89,93,112,115" /><INIT seed="2,2,1,5,0,89" ten="297,135,326,232" oya="2" hai0="127,101,126,65,117,64,122,96,118,94,10,114,67" hai1="0,97,100,91,30,29,20,22,51,77,110,76,60" hai2="115,55,105,74,95,68,106,2,133,109,99,119,83" hai3="45,62,59,61,54,79,102,70,23,16,44,5,3"/><V123/><RYUUKYOKU type="yao9" ba="2,1" sc="297,0,135,0,326,0,232,0" hai2="2,55,68,74,83,95,99,105,106,109,115,119,123,133" /><INIT seed="2,3,1,2,3,122" ten="297,135,326,232" oya="2" hai0="65,96,113,59,58,76,19,125,97,129,77,135,124" hai1="75,60,21,116,12,118,48,112,93,10,11,117,13" hai2="121,29,42,28,38,80,31,55,82,14,8,95,98" hai3="36,33,130,90,111,87,67,119,64,27,50,107,84"/><V131/><F121/><W128/><G36/><T134/><D113/><U43/><E75/><V103/><F131/><N who="3" m="50219" /><G107/><T62/><D129/><U56/><E112/><V70/><F70/><W101/><G101/><T9/><D58/><U6/><E21/><V88/><F55/><W126/><G119/><T7/><D19/><U1/><E93/><N who="2" m="58831" /><F42/><W94/><G126/><N who="0" m="48747" /><D97/><U83/><E83/><V79/><F38/><W3/><G3/><N who="0" m="255" /><D96/><U51/><E43/><V34/><F34/><W18/><G33/><T72/><D72/><U37/><E37/><V40/><F40/><W47/><G84/><T24/><D24/><U44/><E44/><V91/><F79/><AGARI ba="3,1" hai="59,62,65,76,77,79,134,135" m="255,48747" machi="79" ten="30,1000,0" yaku="18,1" doraHai="122" who="0" fromWho="2" sc="297,29,135,0,326,-19,232,0" /><INIT seed="3,0,0,2,4,41" ten="326,135,307,232" oya="3" hai0="51,123,113,97,75,78,68,130,17,27,121,127,62" hai1="13,3,36,86,2,20,52,100,73,4,43,103,25" hai2="80,8,67,129,133,118,91,96,10,70,125,61,44" hai3="56,90,124,38,53,5,74,92,29,33,42,24,58"/><W64/><G74/><T126/><D130/><U30/><E73/><V63/><F118/><W6/><G124/><T60/><D113/><U15/><E3/><V81/><F125/><N who="0" m="47626" /><D51/><U120/><E120/><V55/><F129/><W95/><G64/><N who="0" m="40967" /><D97/><U37/><E2/><V109/><F133/><W77/><G77/><T99/><D99/><U115/><E115/><V7/><F109/><W16/><G58/><T107/><D107/><U11/><E36/><V83/><F61/><W18/><G95/><T119/><D62/><U47/><E86/><V59/><F70/><W94/><G94/><T72/><D119/><U110/><E110/><V131/><F131/><W93/><G93/><T26/><D75/><U122/><E122/><V14/><F10/><W117/><G117/><T12/><D27/><U87/><E87/><N who="2" m="50687" /><F96/><W35/><G38/><T1/><D1/><U65/><E65/><V48/><AGARI ba="0,0" hai="7,8,14,44,48,55,59,63,67,80,81" m="50687" machi="48" ten="30,2000,0" yaku="8,1,52,1" doraHai="41" who="2" fromWho="2" sc="326,-5,135,-5,307,20,232,-10" /><INIT seed="4,0,0,1,5,122" ten="321,130,327,222" oya="0" hai0="61,36,29,75,118,87,46,70,39,40,44,69,48" hai1="105,102,5,25,37,129,113,131,49,88,51,98,95" hai2="65,13,17,16,104,96,22,89,100,9,68,128,18" hai3="64,109,99,107,19,1,114,59,58,66,127,80,108"/><T14/><D75/><U27/><E37/><V134/><F134/><W20/><G1/><T121/><D121/><U103/><E113/><V7/><F128/><N who="1" m="49225" /><E5/><V4/><F4/><W92/><G107/><T12/><D29/><U32/><E102/><V10/><F10/><W34/><G34/><T133/><D133/><U6/><E6/><V101/><F101/><W52/><G114/><T120/><D120/><U60/><E60/><V90/><F65/><W125/><G80/><T84/><D61/><U30/><E25/><V91/><REACH who="2" step="1"/><F68/><REACH who="2" ten="321,130,317,222" step="2"/><W8/><G8/><T28/><D118/><U3/><E3/><AGARI ba="0,1" hai="3,7,9,13,16,17,18,22,89,90,91,96,100,104" machi="3" ten="40,5200,0" yaku="1,1,2,1,54,1,53,0" doraHai="122" doraHaiUra="21" who="2" fromWho="1" sc="321,0,130,-52,317,62,222,0" /><INIT seed="5,0,0,4,4,97" ten="321,78,379,222" oya="1" hai0="43,83,101,68,110,135,124,1,119,4,11,81,57" hai1="126,38,24,99,48,26,45,52,64,131,134,14,125" hai2="58,16,66,59,34,25,82,116,85,108,54,39,29" hai3="21,130,86,22,91,127,36,98,80,33,3,113,102"/><U37/><E134/><V111/><F116/><W62/><G33/><T63/><D68/><U49/><E131/><V65/><F39/><N who="1" m="14857" /><E64/><V79/><F65/><W47/><G130/><T7/><D43/><N who="1" m="24639" /><E14/><V75/><F75/><W74/><G74/><T13/><D13/><U2/><E99/><V112/><F16/><W90/><G3/><T72/><D72/><U132/><E2/><V114/><F66/><W87/><G62/><T129/><D57/><N who="2" m="21514" /><F54/><W51/><G36/><T15/><D63/><U117/><E117/><V55/><F55/><W76/><G98/><T95/><D15/><U31/><E31/><V122/><F122/><W105/><G51/><T128/><D1/><U71/><E132/><V84/><F85/><W28/><G86/><T17/><D135/><U60/><E60/><V46/><F46/><W93/><G47/><T27/><D119/><U103/><E71/><V40/><F40/><W8/><G87/><T53/><D53/><U61/><E61/><V133/><F133/><W20/><G28/><T12/><D128/><U50/><E50/><V56/><F56/><W109/><G105/><T69/><D69/><U30/><E26/><V6/><F6/><W10/><G10/><T5/><D27/><U92/><E49/><V94/><F34/><W107/><G107/><T106/><D106/><U32/><E52/><V123/><F25/><W77/><G8/><T115/><D129/><U118/><E118/><V35/><F35/><W19/><G19/><T78/><D17/><U44/><E44/><V120/><F29/><W100/><G22/><T9/><D5/><RYUUKYOKU ba="0,0" sc="321,-10,78,30,379,-10,222,-10" hai1="24,30,32,92,103,125,126" /><INIT seed="5,1,0,2,3,72" ten="311,108,369,212" oya="1" hai0="102,124,96,127,118,114,111,126,109,121,110,88,31" hai1="18,115,81,1,130,75,97,100,47,92,44,0,50" hai2="98,55,49,15,37,17,103,33,129,113,131,122,85" hai3="84,63,62,8,3,112,4,14,91,79,43,52,36"/><U94/><E115/><V123/><F37/><W53/><G112/><T64/><D114/><U41/><E130/><N who="2" m="49675" /><F113/><W58/><G3/><T46/><D64/><U70/><E70/><V7/><F33/><W101/><G101/><T134/><D31/><U22/><E92/><N who="2" m="58823" /><F7/><W24/><G24/><T120/><D46/><U117/><E117/><V45/><F85/><W9/><G9/><AGARI ba="1,0" hai="9,15,17,45,49,55,122,123" m="58823,49675" machi="9" ten="30,1000,0" yaku="19,1" doraHai="72" who="2" fromWho="3" sc="311,0,108,0,369,13,212,-13" /><INIT seed="6,0,0,4,4,14" ten="311,108,382,199" oya="2" hai0="82,77,63,54,60,28,108,39,48,104,101,26,65" hai1="105,52,92,41,22,5,12,29,35,42,124,55,43" hai2="51,30,61,114,128,97,107,125,16,57,86,106,38" hai3="76,2,122,47,15,33,31,45,126,133,87,27,135"/><V46/><F38/><W100/><G2/><T127/><D39/><U116/><E105/><V19/><F30/><W10/><G122/><T49/><D108/><U120/><E116/><V17/><F114/><W18/><G100/><T95/><D104/><U109/><E109/><V9/><F125/><W23/><G126/><T89/><D101/><U132/><E124/><V117/><F117/><W66/><G66/><T53/><D48/><U81/><E120/><V70/><F70/><W1/><G76/><T91/><D77/><U118/><E118/><V129/><F9/><W73/><G87/><T130/><D82/><U103/><E132/><N who="3" m="50762" /><G73/><T110/><D110/><U20/><E35/><V13/><F13/><N who="3" m="9679" /><G1/><T85/><D130/><N who="2" m="50282" /><F86/><W72/><G72/><T25/><D65/><U4/><E29/><V7/><F97/><W69/><G69/><T121/><D121/><U80/><E103/><V8/><F8/><W21/><G33/><T11/><D11/><U44/><E92/><V90/><F90/><W102/><G102/><T67/><D85/><U24/><E12/><V79/><F79/><W123/><G123/><T59/><D95/><U36/><E42/><N who="2" m="25047" /><F7/><AGARI ba="0,0" hai="7,10,15,21,27,31,45,47" m="9679,50762" machi="7" ten="30,2000,0" yaku="20,1,52,1" doraHai="14" who="3" fromWho="2" sc="311,0,108,0,382,-20,199,20" /><INIT seed="7,0,0,3,4,55" ten="311,108,362,219" oya="3" hai0="51,93,92,70,128,52,49,2,46,0,74,90,134" hai1="19,62,26,76,78,72,57,124,114,94,48,129,1" hai2="56,12,25,135,127,38,43,103,119,17,89,24,33" hai3="132,126,106,117,21,14,125,116,73,37,122,113,95"/><W79/><G37/><T15/><D74/><U81/><E1/><V84/><F119/><N who="3" m="45643" /><G21/><T109/><D70/><U101/><E114/><V71/><F71/><W130/><G14/><T13/><D109/><U59/><E124/><N who="3" m="47722" /><G122/><T41/><D128/><U65/><E129/><V42/><F127/><W108/><G130/><T31/><D31/><U44/><E76/><V133/><F103/><W27/><G27/><T87/><D134/><U97/><E26/><V39/><F38/><W5/><G5/><T35/><D35/><U58/><E19/><V66/><F39/><W110/><G132/><T45/><D2/><U131/><E131/><V16/><F135/><W86/><G106/><T4/><D0/><U112/><E112/><V75/><F133/><W8/><G8/><N who="0" m="4231" /><D15/><U77/><E77/><V9/><F33/><W68/><G68/><T30/><D30/><U53/><AGARI ba="0,0" hai="44,48,53,57,58,59,62,65,72,78,81,94,97,101" machi="53" ten="20,8000,1" yaku="0,1,7,1,52,3" doraHai="55" who="1" fromWho="1" sc="311,-20,108,80,362,-20,219,-40" owari="291,9.0,188,-21.0,342,44.0,179,-32.0" /></mjloggm>