<mjloggm ver="2.3"><GO type="97"/><UN n0="%E3%82%A6%E3%83%AB%E3%83%88%E3%83%A9%E7%AB%8B%E7%9B%B4" n1="%73%75%63%6B%65%72" n2="%73%61%62%61%6B%75" n3="%E3%82%84%E3%81%BF%E3%81%A6%E3%82%93" dan="15,15,14,14" rate="1942,1992,1908,1953" sx="M,M,M,M"/><TAIKYOKU oya="0"/><INIT seed="0,0,0,5,3,29" ten="250,250,250,250" oya="0" hai0="11,63,96,110,97,28,38,78,114,85,31,19,129" hai1="89,71,112,130,13,106,8,39,58,91,3,133,123" hai2="116,111,102,118,68,83,126,125,104,9,35,135,18" hai3="72,5,61,80,120,0,100,47,109,30,54,108,69"/><T122/><D114/><U49/><E123/><V43/><F43/><W105/><G105/><T22/><D122/><U95/><E112/><V37/><F83/><W79/><G120/><T12/><D129/><U107/><E133/><V117/><F37/><W57/><G100/><T98/><D110/><N who="3" m="42601" /><G47/><T67/><D38/><U75/><E130/><V90/><F68/><W62/><G69/><T87/><D78/><U20/><E71/><V36/><F36/><W92/><G92/><T56/><D31/><U41/><E3/><V10/><F111/><W74/><G74/><T26/><AGARI ba="0,0" hai="11,12,19,22,26,28,56,63,67,85,87,96,97,98" machi="26" ten="30,3000,0" yaku="0,1,8,1" doraHai="29" who="0" fromWho="0" sc="250,30,250,-10,250,-10,250,-10" /><INIT seed="0,1,0,5,4,25" ten="280,240,240,240" oya="0" hai0="97,45,54,133,86,106,23,124,90,15,9,84,109" hai1="134,32,103,92,44,95,104,39,63,79,100,78,6" hai2="125,118,37,24,117,17,67,21,87,91,53,36,26" hai3="52,75,119,82,73,127,98,112,0,128,8,59,115"/><T131/><D124/><U85/><E32/><V34/><F125/><W47/><G127/><T12/><D131/><U76/><E63/><V132/><F132/><W11/><G128/><T51/><D133/><U48/><E134/><V4/><F4/><W89/><G119/><N who="2" m="45577" /><F67/><W94/><G47/><T113/><D113/><U111/><E39/><V61/><F61/><W93/><G112/><T81/><D109/><U60/><E60/><V101/><F101/><N who="1" m="38985" /><E111/><V114/><F114/><W28/><G28/><T130/><D130/><U3/><E3/><V64/><F64/><W30/><G115/><T56/><D106/><U126/><E126/><V120/><F120/><W38/><G38/><T88/><D97/><U7/><E104/><V22/><F53/><W116/><G116/><T29/><D45/><U19/><E19/><N who="2" m="12351" /><F34/><W80/><G0/><T108/><D108/><U74/><E74/><V129/><F129/><W83/><G75/><T57/><D57/><U69/><E69/><V1/><F1/><W46/><G73/><T105/><D105/><U20/><E20/><V18/><F18/><W27/><G46/><T77/><D9/><U40/><E85/><V107/><F107/><W68/><G68/><T13/><D84/><U135/><E135/><V96/><F96/><W123/><G123/><T99/><D99/><U33/><E33/><V42/><F42/><W66/><G66/><T70/><D70/><U35/><E35/><V10/><F10/><W16/><G98/><T58/><D58/><U5/><AGARI ba="1,0" hai="5,6,7,40,44,48,76,78,79,92,95" m="38985" machi="5" ten="40,1500,0" yaku="8,1" doraHai="25" who="1" fromWho="1" sc="280,-8,240,18,240,-5,240,-5" /><INIT seed="1,0,0,0,3,99" ten="272,258,235,235" oya="1" hai0="76,107,20,95,87,30,134,131,14,115,34,106,73" hai1="91,108,31,59,25,67,65,71,113,127,109,124,39" hai2="114,132,49,28,38,128,8,33,50,118,83,68,55" hai3="122,13,117,133,94,43,46,47,129,12,26,112,75"/><U41/><E113/><V77/><F118/><W123/><G112/><T66/><D34/><U93/><E71/><V15/><F68/><W16/><G75/><T79/><D115/><U74/><E74/><V104/><F38/><W116/><G133/><T85/><D14/><U102/><E39/><V56/><F132/><W101/><G129/><T57/><D20/><N who="1" m="15783" /><E41/><V27/><F114/><W9/><G26/><T89/><D57/><U58/><E59/><V11/><F128/><W3/><G3/><T0/><D66/><N who="1" m="25099" /><E58/><V90/><F90/><W78/><G78/><N who="0" m="29739" /><D30/><U52/><E52/><V36/><F36/><W42/><G122/><T81/><D0/><U32/><E102/><V1/><F1/><W24/><G123/><T40/><D40/><U29/><E29/><V21/><F104/><N who="0" m="39978" /><D134/><U18/><E18/><V51/><F33/><W4/><G43/><T111/><D131/><U35/><E32/><V121/><F121/><W126/><G42/><T5/><D5/><U110/><E35/><V62/><REACH who="2" step="1"/><F15/><REACH who="2" ten="272,258,225,235" step="2"/><N who="3" m="5543" /><G116/><T98/><D111/><U60/><E60/><V119/><F119/><W2/><G13/><T130/><D130/><U63/><E63/><V69/><F69/><W48/><G12/><T61/><D61/><U84/><AGARI ba="0,1" hai="84,91,93,108,109,110,124,127" m="25099,15783" machi="84" ten="40,3900,0" yaku="14,1,10,1" doraHai="99" who="1" fromWho="1" sc="272,-13,258,49,225,-13,235,-13" /><INIT seed="1,1,0,0,1,67" ten="259,307,212,222" oya="1" hai0="73,13,9,80,113,117,86,15,47,85,78,119,65" hai1="72,40,97,71,55,28,24,89,102,5,131,44,88" hai2="104,8,58,32,129,130,36,38,20,60,61,108,62" hai3="63,7,26,52,100,6,50,27,1,70,79,57,118"/><U110/><E72/><V132/><F32/><W92/><G79/><T126/><D113/><U125/><E131/><N who="2" m="50187" /><F8/><W99/><G118/><T90/><D126/><U69/><E125/><V74/><F74/><W134/><G134/><T105/><D105/><U30/><E110/><V49/><F104/><W121/><G121/><T51/><D65/><U29/><E5/><V16/><F132/><W93/><G93/><T37/><D37/><N who="2" m="14442" /><F108/><W54/><G70/><T107/><D107/><U115/><E115/><V114/><F114/><W35/><G1/><T96/><D73/><U122/><E122/><V10/><F10/><W106/><G106/><T94/><D117/><U12/><E12/><N who="2" m="9223" /><F49/><W124/><G124/><T34/><D34/><U59/><E24/><N who="3" m="9258" /><G35/><T48/><D119/><U91/><E102/><V25/><F25/><W123/><G123/><T82/><D9/><U43/><E97/><V2/><F2/><W95/><G95/><T101/><REACH who="0" step="1"/><D48/><REACH who="0" ten="249,307,212,222" step="2"/><U75/><E75/><V0/><F0/><W4/><G50/><T128/><D128/><U14/><E30/><V22/><F22/><W76/><G54/><AGARI ba="1,1" hai="13,15,47,51,54,78,80,82,85,86,90,94,96,101" machi="54" ten="30,3900,0" yaku="1,1,7,1,8,1,53,0" doraHai="67" doraHaiUra="68" who="0" fromWho="3" sc="249,52,307,0,212,0,222,-42" /><AGARI ba="1,0" hai="54,58,60,61,62" m="9223,14442,50187" machi="54" ten="30,2000,0" yaku="19,1,54,1" doraHai="67" who="2" fromWho="3" sc="301,0,307,0,212,20,180,-20" /><INIT seed="2,0,0,5,3,93" ten="301,307,232,160" oya="2" hai0="73,116,121,6,100,20,126,91,92,38,89,27,84" hai1="29,63,128,17,135,16,54,62,61,120,117,35,130" hai2="103,46,58,8,25,2,60,28,34,114,77,66,13" hai3="45,101,37,14,83,7,70,108,12,19,95,44,72"/><V123/><F123/><W76/><G108/><T26/><D121/><U78/><E120/><V88/><F114/><W115/><G115/><T30/><D126/><U133/><E78/><V79/><F2/><W86/><G70/><T51/><D38/><U65/><E54/><V23/><F34/><W55/><G7/><T50/><D73/><U71/><E117/><V67/><F67/><W64/><G64/><T102/><D116/><U99/><E99/><V47/><F103/><N who="0" m="39466" /><D6/><U68/><E65/><V87/><F47/><W96/><G37/><T110/><D110/><U24/><E71/><V22/><F22/><W94/><G55/><T97/><D27/><U75/><E75/><V122/><F46/><W85/><G14/><T10/><D10/><U112/><E68/><V33/><F33/><W90/><REACH who="3" step="1"/><G72/><REACH who="3" ten="301,307,232,150" step="2"/><T119/><D119/><U18/><E112/><V21/><F122/><W42/><G42/><T134/><D134/><AGARI ba="0,1" hai="16,17,18,24,29,35,61,62,63,128,130,133,134,135" machi="134" ten="50,3200,0" yaku="20,1,54,1" doraHai="93" who="1" fromWho="0" sc="301,-32,307,42,232,0,150,0" /><INIT seed="3,0,0,3,2,41" ten="269,349,232,150" oya="3" hai0="91,65,75,87,128,132,26,106,9,23,117,81,24" hai1="45,72,36,19,88,55,0,73,127,11,50,89,69" hai2="85,101,96,42,14,121,48,126,15,18,134,17,6" hai3="135,66,46,3,8,7,67,37,92,80,56,94,86"/><W93/><G135/><T115/><D132/><U98/><E127/><V21/><F134/><W62/><G66/><T102/><D128/><U130/><E69/><V49/><F121/><W110/><G110/><T103/><D117/><U104/><E130/><V83/><F126/><W123/><G123/><T95/><D115/><U51/><E36/><V2/><F2/><W53/><G80/><T10/><D26/><U77/><E73/><V119/><F6/><W43/><REACH who="3" step="1"/><G53/><REACH who="3" ten="269,349,232,140" step="2"/><T34/><D65/><U99/><E55/><V118/><F119/><W90/><AGARI ba="0,1" hai="3,7,8,37,43,46,56,62,67,86,90,92,93,94" machi="90" ten="30,12000,1" yaku="1,1,2,1,0,1,52,1,53,1" doraHai="41" doraHaiUra="58" who="3" fromWho="3" sc="269,-40,349,-40,232,-40,140,130" /><INIT seed="3,1,0,5,1,24" ten="229,309,192,270" oya="3" hai0="32,65,108,74,49,76,15,46,127,129,31,110,107" hai1="78,125,23,10,25,27,103,134,0,105,75,12,18" hai2="28,84,120,47,128,113,97,95,79,54,34,101,43" hai3="71,87,11,119,94,40,117,121,61,82,39,52,83"/><W133/><G121/><T7/><D107/><U29/><E125/><V86/><F120/><W70/><G133/><T124/><D65/><U91/><E134/><V45/><F113/><W116/><G39/><T42/><D129/><U3/><E105/><V44/><F128/><W104/><G104/><T30/><D32/><U122/><E103/><V112/><F112/><W48/><G40/><T114/><D114/><U67/><E67/><V5/><F5/><W62/><G70/><T14/><D76/><U63/><E122/><V89/><F79/><W6/><G94/><T109/><D74/><U98/><E63/><V80/><F84/><W102/><G102/><T85/><D85/><U64/><E64/><V118/><F118/><W1/><G71/><T13/><D7/><U90/><E98/><V19/><F54/><W55/><G55/><T35/><D35/><U88/><E27/><V99/><F99/><W77/><REACH who="3" step="1"/><G83/><REACH who="3" ten="229,309,192,260" step="2"/><T26/><D26/><U51/><E75/><V56/><F43/><W68/><G68/><T81/><D81/><U16/><E78/><V93/><F93/><W132/><G132/><T100/><D100/><U106/><E106/><V38/><F38/><W115/><G115/><T131/><D131/><U50/><E0/><V130/><F130/><W73/><G73/><T20/><D20/><N who="1" m="15527" /><E3/><V126/><F126/><AGARI ba="1,1" hai="13,14,15,30,31,42,46,49,108,109,110,124,126,127" machi="126" ten="50,8000,1" yaku="14,1,18,1,52,2" doraHai="24" who="0" fromWho="2" sc="229,93,309,0,192,-83,260,0" owari="322,42.0,309,11.0,109,-39.0,260,-14.0" /></mjloggm>