<mjloggm ver="2.3"><GO type="169"/><UN n0="%E5%A4%A9%E7%A9%BA%E3%81%AE%E7%99%BD%E3%82%82%E3%82%93%E3%81%9F" n1="%E5%B2%A1%E6%9D%91" n2="%EF%BC%88%E2%89%A7%E2%96%BD%E2%89%A6%EF%BC%89" n3="%EF%BC%88%2A%C2%B4%E3%83%BC%EF%BD%80%2A%EF%BC%89" dan="16,17,17,16" rate="2122,2081,2108,2044" sx="F,M,M,F"/><TAIKYOKU oya="0"/><INIT seed="0,0,0,3,3,106" ten="250,250,250,250" oya="0" hai0="3,125,6,109,53,115,79,77,133,63,105,59,17" hai1="7,110,51,107,44,117,45,81,20,67,131,124,34" hai2="111,135,62,94,24,33,102,95,65,119,57,35,108" hai3="112,60,2,12,36,113,72,22,31,103,74,19,54"/><T76/><D115/><U23/><E34/><N who="2" m="12811" /><F119/><W55/><G2/><T96/><D125/><U127/><E117/><V39/><F135/><W73/><G36/><T71/><D133/><U69/><E107/><V91/><F39/><W64/><G31/><T128/><D128/><U129/><E81/><V28/><F102/><W43/><G43/><T38/><D38/><U9/><E67/><V48/><F48/><W132/><G103/><T104/><D109/><N who="2" m="42058" /><F91/><W11/><G132/><T90/><D71/><U52/><E69/><V61/><F62/><W83/><G83/><T50/><D63/><U15/><E45/><V84/><F84/><W122/><G122/><T10/><REACH who="0" step="1"/><D17/><REACH who="0" ten="240,250,250,250" step="2"/><U85/><E110/><V88/><F61/><W1/><G113/><T4/><D4/><U41/><E124/><V66/><F28/><W21/><G112/><T13/><D13/><U68/><E127/><V126/><F126/><W101/><G19/><T86/><D86/><U82/><E68/><V56/><F24/><W120/><G12/><T100/><D100/><U26/><E26/><V130/><F130/><N who="1" m="49673" /><E41/><V116/><F116/><W92/><G120/><T16/><D16/><U78/><AGARI ba="0,1" hai="7,9,15,20,23,44,51,52,78,82,85" m="49673" machi="78" ten="30,2000,0" yaku="19,1,54,1" doraHai="106" who="1" fromWho="1" sc="240,-10,250,30,250,-5,250,-5" /><INIT seed="1,0,0,2,3,53" ten="230,280,245,245" oya="1" hai0="72,62,93,43,112,27,99,95,107,97,101,133,37" hai1="11,102,98,84,77,123,114,122,127,90,49,12,124" hai2="64,117,92,115,60,16,7,24,128,91,39,42,45" hai3="120,135,88,130,44,134,71,74,46,129,58,121,40"/><U13/><E114/><V89/><F117/><W47/><G74/><T1/><D112/><U9/><E77/><V116/><F116/><W125/><G88/><T70/><D72/><U56/><E122/><N who="3" m="47210" /><G71/><T35/><D1/><U52/><E123/><V82/><F115/><W4/><G4/><T18/><D133/><N who="3" m="50697" /><G125/><N who="1" m="48202" /><E11/><V34/><F82/><W100/><G100/><T87/><D37/><U26/><E26/><V21/><F34/><W108/><G108/><T38/><D38/><U59/><E9/><V25/><F7/><W118/><G118/><T36/><D36/><U22/><E22/><V10/><F10/><W28/><G28/><T67/><D43/><U131/><E131/><N who="3" m="50186" /><G58/><T19/><D87/><U6/><E56/><V83/><F128/><W105/><G105/><T78/><D78/><U55/><E6/><V113/><F113/><W30/><G30/><N who="0" m="19935" /><D95/><N who="1" m="54727" /><E55/><V41/><F92/><AGARI ba="0,0" hai="12,13,49,52,59,92,98,102" m="54727,48202" machi="92" ten="30,5800,0" yaku="18,1,52,1,54,1" doraHai="53" who="1" fromWho="2" sc="230,0,280,58,245,-58,245,0" /><INIT seed="1,1,0,4,1,98" ten="230,338,187,245" oya="1" hai0="64,70,99,47,25,73,14,90,33,43,24,101,121" hai1="62,94,19,37,118,92,113,87,76,81,108,34,10" hai2="132,32,82,55,100,15,8,66,18,2,107,80,11" hai3="78,35,102,17,12,63,86,22,96,95,75,69,88"/><U110/><E34/><V46/><F32/><W21/><G35/><T72/><D121/><U131/><E113/><V4/><F132/><W3/><G3/><T16/><D90/><U130/><E118/><V31/><F31/><W27/><G69/><T123/><D123/><U60/><E37/><V23/><F66/><W74/><G63/><N who="1" m="24106" /><E10/><V126/><F126/><W111/><G111/><N who="1" m="42538" /><E19/><V45/><F11/><W49/><G49/><T26/><D64/><U97/><E92/><V50/><REACH who="2" step="1"/><F46/><REACH who="2" ten="230,338,177,245" step="2"/><W58/><G58/><T104/><D33/><U7/><E7/><V109/><F109/><W106/><REACH who="3" step="1"/><G78/><REACH who="3" ten="230,338,177,235" step="2"/><T38/><REACH who="0" step="1"/><D70/><REACH who="0" ten="220,338,177,235" step="2"/><U84/><E84/><V44/><F44/><W93/><G93/><T85/><D85/><U51/><E94/><V13/><F13/><W28/><AGARI ba="1,3" hai="12,17,21,22,27,28,74,75,86,88,95,96,102,106" machi="28" ten="20,8000,1" yaku="1,1,0,1,7,1,52,1,54,1,53,0" doraHai="98" doraHaiUra="61" who="3" fromWho="3" sc="220,-21,338,-41,177,-21,235,113" /><INIT seed="2,0,0,1,0,8" ten="199,297,156,348" oya="2" hai0="111,33,109,128,35,37,59,14,129,23,115,97,36" hai1="85,94,12,121,103,82,93,24,112,113,47,40,134" hai2="10,20,89,104,105,90,106,118,117,100,125,135,79" hai3="2,81,62,43,4,45,124,48,131,127,71,110,39"/><V21/><F125/><N who="3" m="48203" /><G131/><N who="0" m="50251" /><D97/><U32/><E121/><V25/><F135/><W28/><G28/><T34/><D59/><U77/><E134/><V54/><F100/><W99/><G99/><T72/><D72/><U101/><E24/><V26/><F79/><W119/><G119/><T61/><D61/><U52/><E32/><V69/><F69/><W98/><G98/><T29/><D115/><U17/><E40/><V126/><F126/><W7/><G81/><T114/><D114/><U84/><E113/><V63/><F10/><W107/><G107/><T18/><D29/><U88/><E94/><V30/><F54/><W6/><G110/><AGARI ba="0,0" hai="14,18,23,33,34,35,36,37,109,110,111" m="50251" machi="110" ten="40,5200,0" yaku="14,1,19,1,52,1" doraHai="8" who="0" fromWho="3" sc="199,52,297,0,156,0,348,-52" /><INIT seed="3,0,0,0,1,40" ten="251,297,156,296" oya="3" hai0="95,120,123,100,72,64,53,132,112,10,2,57,5" hai1="24,108,9,102,80,58,86,131,121,115,76,124,62" hai2="65,104,48,74,96,98,91,113,1,59,41,88,27" hai3="56,135,14,99,67,89,68,46,84,54,118,61,49"/><W47/><G118/><T129/><D129/><U75/><E121/><V28/><F1/><W19/><G135/><T63/><D132/><U77/><E115/><V66/><F113/><W130/><G99/><N who="2" m="37929" /><F104/><W81/><REACH who="3" step="1"/><G130/><REACH who="3" ten="251,297,156,286" step="2"/><T79/><D112/><U101/><E131/><V109/><F109/><W17/><G17/><T21/><D123/><U128/><E108/><V69/><F69/><W107/><G107/><T73/><D120/><U38/><E128/><V45/><F74/><W33/><G33/><T42/><D73/><U94/><E75/><V12/><F12/><W85/><G85/><T51/><D72/><U110/><E86/><V26/><F28/><W29/><G29/><T4/><D2/><U11/><E110/><V0/><F0/><W116/><G116/><T44/><D5/><U34/><E34/><V106/><F106/><W78/><G78/><T55/><D4/><U43/><E77/><V23/><F23/><AGARI ba="0,1" hai="14,19,23,46,47,49,54,56,61,67,68,81,84,89" machi="23" ten="30,12000,1" yaku="1,1,7,1,52,2,53,1" doraHai="40" doraHaiUra="8" who="3" fromWho="2" sc="251,0,297,0,156,-120,286,130" /><INIT seed="3,1,0,2,0,90" ten="251,297,36,416" oya="3" hai0="121,38,14,28,62,134,45,128,71,17,65,0,97" hai1="124,20,95,86,56,130,19,41,120,117,52,13,118" hai2="67,113,21,32,78,109,58,59,7,94,111,112,119" hai3="3,60,106,37,33,102,93,54,44,84,99,48,18"/><W129/><G129/><T22/><D121/><U91/><E130/><V61/><F32/><W35/><G3/><T135/><D128/><U34/><E34/><V108/><F119/><N who="1" m="45577" /><E41/><V29/><F78/><W83/><G106/><T100/><D0/><U68/><E68/><V12/><F59/><W88/><G37/><T115/><D115/><U63/><E124/><V46/><F46/><W42/><G18/><T77/><D77/><U8/><E8/><V40/><F40/><W81/><REACH who="3" step="1"/><G83/><REACH who="3" ten="251,297,36,406" step="2"/><T122/><D38/><U89/><E89/><V72/><F7/><W125/><G125/><T133/><D122/><AGARI ba="1,1" hai="13,19,20,52,56,63,86,91,95,120,122" m="45577" machi="122" ten="30,3900,0" yaku="12,1,52,1,54,1" doraHai="90" who="1" fromWho="0" sc="251,-42,297,52,36,0,406,0" /><INIT seed="4,0,0,3,0,92" ten="209,349,36,406" oya="0" hai0="46,0,58,97,49,133,70,15,113,51,125,123,33" hai1="66,85,41,30,35,4,95,89,109,86,108,75,59" hai2="81,64,12,82,120,26,60,71,36,115,25,100,73" hai3="48,132,76,103,13,55,16,101,74,114,119,47,111"/><T88/><D123/><U84/><E75/><V91/><F120/><W77/><G111/><T10/><D70/><U106/><E106/><V54/><F36/><W72/><G119/><T24/><D0/><U104/><E104/><V28/><F115/><W20/><G114/><T17/><D113/><U69/><E69/><V93/><F100/><W3/><G3/><T63/><D125/><U9/><E41/><V61/><F12/><W50/><G74/><T94/><D133/><U32/><E30/><V62/><F26/><W57/><G72/><T19/><D46/><U37/><E37/><V122/><F122/><W29/><G29/><T7/><D33/><U11/><E11/><V110/><F110/><W31/><G31/><T79/><D79/><N who="3" m="30281" /><G132/><T80/><D80/><U56/><E35/><V44/><F73/><W27/><G27/><T87/><D87/><U105/><E32/><N who="2" m="20495" /><F64/><W129/><G129/><T23/><REACH who="0" step="1"/><D7/><REACH who="0" ten="199,349,36,406" step="2"/><U68/><E68/><V18/><F71/><W22/><G47/><T21/><D21/><U116/><E108/><V117/><F117/><W2/><G20/><T45/><D45/><U8/><E109/><V78/><F78/><W40/><G2/><T6/><D6/><U124/><E116/><V99/><F18/><W43/><G16/><T14/><D14/><U65/><E124/><V121/><F121/><W53/><G22/><T39/><D39/><U128/><E4/><V98/><F98/><W127/><G13/><T96/><D96/><U67/><E128/><V112/><F112/><W102/><G127/><T5/><D5/><U130/><E130/><RYUUKYOKU ba="0,1" sc="199,10,349,-30,36,10,406,10" hai0="10,15,17,19,23,24,49,51,58,63,88,94,97" hai2="44,54,60,61,62,81,82,91,93,99" hai3="40,43,48,50,53,55,57,101,102,103" /><INIT seed="4,1,1,1,0,59" ten="209,319,46,416" oya="0" hai0="76,135,31,66,90,64,9,30,12,48,17,57,65" hai1="127,108,55,112,111,74,106,109,110,7,39,80,70" hai2="71,125,72,94,98,113,50,69,24,83,32,99,47" hai3="86,100,126,51,2,93,16,107,134,6,33,129,95"/><T20/><D135/><U124/><E70/><V28/><F125/><W114/><G126/><T78/><D90/><U132/><E39/><V54/><F113/><W133/><G107/><T27/><REACH who="0" step="1"/><D31/><REACH who="0" ten="199,319,46,416" step="2"/><U40/><E112/><V77/><REACH who="2" step="1"/><F99/><REACH who="2" ten="199,319,36,416" step="2"/><W26/><G134/><T121/><D121/><U79/><E124/><V85/><F85/><W82/><G86/><T96/><D96/><U84/><E127/><V42/><F42/><W11/><G114/><T8/><D8/><U22/><E132/><V61/><F61/><W34/><G11/><T91/><D91/><AGARI ba="1,3" hai="24,28,32,47,50,54,69,71,72,77,83,91,94,98" machi="91" ten="30,2000,0" yaku="1,1,7,1,53,0" doraHai="59" doraHaiUra="115" who="2" fromWho="0" sc="199,-23,319,0,36,53,416,0" /><INIT seed="5,0,0,5,5,17" ten="176,319,89,416" oya="1" hai0="45,37,103,75,132,13,43,51,12,90,42,70,109" hai1="92,122,50,8,105,133,128,126,18,130,127,131,64" hai2="53,35,111,30,62,74,125,68,96,87,116,21,134" hai3="54,108,119,120,58,47,22,26,77,39,7,114,78"/><U44/><E105/><V16/><F116/><W106/><G108/><T3/><D109/><U29/><E122/><V99/><F111/><W33/><G119/><T112/><D75/><U0/><E64/><V65/><F74/><W40/><G33/><T14/><D70/><U88/><E29/><V69/><F69/><W34/><G34/><T19/><D3/><U23/><E8/><V82/><F134/><W123/><G114/><T97/><D112/><U11/><E11/><V95/><F125/><N who="1" m="47625" /><E0/><V94/><F53/><W48/><G106/><T91/><D132/><U1/><E1/><V93/><F30/><W98/><G7/><T100/><D37/><U84/><E133/><V104/><F35/><W25/><G123/><T5/><D43/><N who="1" m="24863" /><E131/><V27/><REACH who="2" step="1"/><F104/><REACH who="2" ten="176,319,79,416" step="2"/><W46/><G120/><T66/><D66/><U55/><E55/><V2/><F2/><W135/><G54/><T101/><D5/><U6/><E6/><V36/><F36/><W52/><G52/><T71/><D71/><U76/><E76/><AGARI ba="0,1" hai="16,21,27,62,65,68,76,82,87,93,94,95,96,99" machi="76" ten="40,8000,1" yaku="1,1,52,1,54,1,53,1" doraHai="17" doraHaiUra="67" who="2" fromWho="1" sc="176,0,319,-80,79,90,416,0" /><INIT seed="6,0,0,2,2,0" ten="176,239,169,416" oya="2" hai0="6,35,52,126,71,31,106,112,102,15,27,73,56" hai1="123,122,63,21,72,32,24,41,3,83,130,84,76" hai2="30,109,131,34,97,2,95,9,46,132,38,74,128" hai3="55,19,26,100,60,7,105,25,111,13,47,10,49"/><V135/><F74/><W20/><G111/><T114/><D73/><U1/><E130/><N who="2" m="49707" /><F109/><W121/><G121/><N who="1" m="46090" /><E32/><V43/><F30/><W11/><G100/><T94/><D71/><U42/><E72/><V113/><F34/><W62/><G105/><T79/><D106/><U134/><E134/><N who="2" m="51243" /><F113/><N who="0" m="43626" /><D79/><U81/><E81/><V50/><F38/><W93/><G93/><T67/><D67/><U29/><E63/><N who="3" m="24106" /><G11/><N who="0" m="4599" /><D126/><U8/><E8/><V5/><F95/><W65/><G65/><T89/><D102/><U54/><E54/><V61/><F61/><W45/><G45/><T124/><D124/><U14/><E14/><AGARI ba="0,0" hai="7,10,13,14,19,20,25,26,47,49,55" m="24106" machi="14" ten="30,2000,0" yaku="8,1,52,1" doraHai="0" who="3" fromWho="1" sc="176,0,239,-20,169,0,416,20" /><INIT seed="7,0,0,0,5,14" ten="176,219,169,436" oya="3" hai0="105,3,83,12,75,45,58,129,123,93,119,37,86" hai1="128,57,101,59,103,11,85,39,70,95,124,102,43" hai2="7,112,68,29,55,27,56,2,22,121,114,94,117" hai3="90,109,21,60,17,88,97,113,76,35,8,51,126"/><W32/><G8/><T64/><D119/><U38/><E70/><V130/><F117/><W92/><G60/><T99/><D123/><U115/><E115/><N who="2" m="44075" /><F121/><W10/><G113/><T48/><D3/><U96/><E124/><V135/><F135/><W0/><G126/><T53/><D105/><U5/><E85/><V71/><F130/><W116/><G76/><N who="0" m="46439" /><D75/><U30/><E39/><V104/><F104/><W54/><G116/><T33/><D33/><U61/><E38/><V120/><F120/><W69/><G10/><T20/><D37/><U42/><E11/><N who="2" m="2551" /><F94/><W67/><G0/><T122/><D129/><U36/><E95/><V72/><F72/><W19/><G69/><T111/><D111/><U13/><E36/><V28/><F29/><W82/><G35/><T62/><D122/><U131/><E131/><V108/><F108/><W24/><G32/><T127/><D127/><U125/><E125/><V34/><F34/><W23/><G67/><T4/><D4/><U133/><E5/><V84/><F84/><N who="3" m="50199" /><G109/><T78/><D78/><U44/><E128/><V26/><F26/><W81/><G81/><T16/><D93/><U74/><E74/><V41/><F41/><W91/><G91/><T49/><D99/><U107/><E96/><V132/><F132/><W31/><G23/><T15/><D15/><U18/><E107/><V73/><F73/><W65/><G65/><T47/><D64/><U6/><E6/><V25/><F25/><W79/><G79/><T9/><D9/><U63/><E43/><V98/><F98/><W106/><G106/><T50/><AGARI ba="0,0" hai="12,16,20,45,47,48,49,50,53,58,62" m="46439" machi="50" ten="30,7900,0" yaku="5,1,8,1,52,1,54,1" doraHai="14" who="0" fromWho="0" sc="176,79,219,-20,169,-20,436,-39" owari="255,6.0,199,-20.0,149,-35.0,397,49.0" /></mjloggm>