<mjloggm ver="2.3"><GO type="97"/><UN n0="%74%65%72%69%74%61%6D%61" n1="%E3%82%8F%E3%81%8B%E3%82%81%E3%81%A1%E3%82%83%E3%82%93" n2="%58%69" n3="%EF%BC%88%E2%89%A7%E2%96%BD%E2%89%A6%EF%BC%89" dan="16,15,14,15" rate="2015,1989,1883,1985" sx="M,F,M,M"/><TAIKYOKU oya="0"/><INIT seed="0,0,0,4,4,4" ten="250,250,250,250" oya="0" hai0="105,124,18,103,109,19,40,87,43,118,38,26,102" hai1="115,126,17,24,62,108,58,59,25,90,61,54,36" hai2="98,74,39,78,72,88,122,3,65,84,110,14,49" hai3="30,73,91,94,41,104,86,97,116,66,48,12,23"/><T123/><D123/><U63/><E36/><V133/><F3/><W28/><G116/><T10/><D118/><U95/><E115/><V101/><F39/><W46/><G73/><T120/><D120/><U50/><E126/><V76/><F65/><W16/><REACH who="3" step="1"/><G66/><REACH who="3" ten="250,250,250,240" step="2"/><T121/><D121/><U135/><E135/><V111/><F122/><W71/><G71/><T80/><D124/><U7/><E108/><N who="2" m="41515" /><F133/><W100/><AGARI ba="0,1" hai="12,16,23,28,30,41,46,48,86,91,94,97,100,104" machi="100" ten="30,7900,0" yaku="1,1,0,1,54,1,53,1" doraHai="4" doraHaiUra="89" who="3" fromWho="3" sc="250,-39,250,-20,250,-20,240,89" /><INIT seed="1,0,0,4,3,87" ten="211,230,230,329" oya="1" hai0="67,8,0,119,29,12,70,125,126,32,74,61,66" hai1="30,54,20,91,85,24,14,9,118,56,15,112,46" hai2="35,98,121,104,11,94,117,113,60,28,128,97,80" hai3="131,135,105,111,26,17,44,2,81,89,37,123,64"/><U39/><E118/><V27/><F117/><W77/><G123/><T72/><D119/><U59/><E112/><V100/><F121/><W5/><G105/><T68/><D67/><U48/><E39/><V40/><F113/><W38/><G64/><T25/><D68/><U84/><E84/><V16/><F128/><W45/><G131/><T129/><D129/><U83/><E15/><V69/><F40/><W78/><G111/><T79/><D79/><U49/><REACH who="1" step="1"/><E48/><REACH who="1" ten="211,220,230,329" step="2"/><V95/><F97/><W58/><G38/><T99/><D99/><U43/><E43/><V22/><F11/><W86/><G37/><T3/><D3/><U1/><E1/><V120/><F120/><W102/><G2/><T108/><D108/><U71/><E71/><V57/><F80/><W132/><G81/><T134/><D134/><U23/><E23/><V47/><F47/><W4/><G45/><T10/><D10/><U76/><E76/><V114/><F114/><W55/><G44/><T36/><D36/><U122/><E122/><V53/><REACH who="2" step="1"/><F69/><REACH who="2" ten="211,220,220,329" step="2"/><W96/><G135/><T110/><D110/><U107/><E107/><V6/><F6/><AGARI ba="0,2" hai="6,9,14,20,24,30,46,49,54,56,59,83,85,91" machi="6" ten="30,11600,0" yaku="1,1,7,1,8,1,52,1,53,0" doraHai="87" doraHaiUra="101" who="1" fromWho="2" sc="211,0,220,136,220,-116,329,0" /><INIT seed="1,1,0,5,1,73" ten="211,356,104,329" oya="1" hai0="40,51,111,72,14,82,65,58,119,109,122,55,8" hai1="71,13,1,116,52,29,0,30,20,83,121,97,102" hai2="17,45,10,91,105,84,114,131,61,90,120,57,100" hai3="32,3,96,64,132,99,59,112,56,98,128,80,38"/><U104/><E71/><V25/><F120/><W66/><G38/><T133/><D119/><U35/><E121/><V108/><F108/><N who="0" m="41546" /><D133/><U129/><E129/><V48/><F131/><W27/><G112/><T110/><D122/><U23/><E116/><V49/><F114/><W34/><G3/><T43/><N who="0" m="41554" /><T42/><DORA hai="75" /><D65/><N who="3" m="25193" /><G80/><T54/><D54/><U124/><E124/><V53/><F105/><W50/><G27/><T134/><D134/><U28/><E35/><N who="3" m="13354" /><G50/><T101/><D101/><U92/><E104/><V135/><F135/><W44/><G132/><T22/><D22/><U26/><E1/><V12/><F100/><W103/><G103/><T127/><D127/><U78/><E52/><V94/><F25/><W19/><G128/><T118/><D118/><U39/><E39/><V16/><F17/><W36/><G19/><N who="0" m="8647" /><D40/><U9/><E0/><V5/><F5/><W126/><G126/><T15/><D15/><U125/><E125/><V68/><F68/><W130/><G130/><T69/><D69/><U89/><E102/><V107/><F107/><W7/><G7/><T123/><D123/><U79/><E83/><V95/><REACH who="2" step="1"/><F45/><REACH who="2" ten="211,356,94,329" step="2"/><W74/><G44/><T6/><D6/><N who="1" m="3255" /><E23/><V85/><AGARI ba="1,1" hai="10,12,16,48,49,53,57,61,84,85,90,91,94,95" machi="85" ten="20,12000,2" yaku="1,1,0,1,7,1,9,1,8,1,54,1,53,0" doraHai="73,75" doraHaiUra="18,21" who="2" fromWho="2" sc="211,-31,356,-61,94,133,329,-31" /><INIT seed="2,0,0,0,5,49" ten="180,295,227,298" oya="2" hai0="24,79,124,38,85,65,13,44,66,99,41,28,118" hai1="50,25,37,35,117,126,135,60,92,42,63,128,122" hai2="3,104,83,110,10,91,132,130,89,72,120,95,67" hai3="30,32,82,12,116,53,23,107,133,70,127,113,18"/><V73/><F67/><W62/><G116/><T90/><D118/><U5/><E122/><V7/><F120/><W78/><G107/><T96/><D124/><U121/><E37/><V115/><F115/><W112/><G127/><T54/><D79/><U17/><E117/><V69/><F69/><W22/><G133/><T29/><D29/><U39/><E39/><V123/><F123/><W108/><G108/><T19/><D65/><U88/><E135/><V47/><F104/><W64/><G32/><T21/><D66/><U97/><E128/><V58/><F132/><W106/><G106/><T119/><D119/><U93/><E5/><V77/><F72/><W52/><G23/><T61/><D61/><U75/><E75/><V125/><F125/><W98/><G98/><T114/><D114/><N who="3" m="44137" /><G30/><T45/><D45/><N who="1" m="25911" /><E35/><V109/><F130/><W9/><G9/><T76/><D76/><U33/><E33/><V129/><F129/><W16/><G18/><T94/><REACH who="0" step="1"/><D54/><REACH who="0" ten="170,295,227,298" step="2"/><U2/><E126/><V8/><F58/><W74/><AGARI ba="0,1" hai="12,16,22,52,53,62,64,70,74,78,82" m="44137" machi="74" ten="30,8000,1" yaku="11,1,52,2,54,2" doraHai="49" who="3" fromWho="3" sc="170,-20,295,-20,227,-40,298,90" /><INIT seed="3,0,0,2,1,22" ten="150,275,187,388" oya="3" hai0="61,30,41,93,67,116,53,51,79,118,89,5,113" hai1="69,91,50,98,27,39,44,57,92,13,103,3,15" hai2="2,14,26,88,81,122,78,124,23,37,29,82,6" hai3="97,28,74,132,64,110,58,95,70,63,76,114,126"/><W117/><G117/><T123/><D113/><U129/><E3/><V112/><F112/><W20/><G110/><T9/><D123/><U12/><E69/><V134/><F37/><W56/><G132/><T130/><D130/><U34/><E39/><V35/><F134/><W8/><G114/><T102/><D79/><U65/><E129/><V25/><F124/><W100/><G126/><T109/><D109/><U54/><E34/><V60/><F122/><W86/><G74/><T33/><D102/><U48/><E65/><V73/><F2/><W66/><G8/><T17/><D41/><U84/><E50/><V120/><F120/><W4/><G4/><T36/><D36/><U72/><E72/><V16/><F60/><N who="3" m="37911" /><G70/><T108/><D108/><U0/><E0/><V42/><F42/><W99/><G99/><T104/><D104/><U32/><E32/><V133/><F133/><W62/><G62/><T11/><D5/><U115/><E115/><V105/><F105/><W101/><G101/><T24/><D116/><U90/><E90/><V31/><F6/><W106/><G106/><T80/><D118/><U49/><E49/><V45/><F45/><W87/><G76/><T7/><D80/><U83/><REACH who="1" step="1"/><E44/><REACH who="1" ten="150,265,187,388" step="2"/><V75/><F73/><W119/><G119/><T18/><D7/><U121/><E121/><V68/><F68/><W59/><G59/><N who="0" m="37311" /><D9/><U77/><E77/><V111/><F111/><W10/><G10/><T47/><D11/><U71/><E71/><V135/><F135/><W128/><G66/><T94/><D89/><U127/><E127/><V19/><F88/><RYUUKYOKU ba="0,1" sc="150,15,265,15,187,-15,388,-15" hai0="17,18,24,30,33,47,51,53,93,94" hai1="12,13,15,27,48,54,57,83,84,91,92,98,103" owari="165,-33.0,280,8.0,172,-23.0,383,48.0" /></mjloggm>