<mjloggm ver="2.3"><GO type="97"/><UN n0="%E5%A4%A7%E5%A4%A7" n1="%45%63%6F%6E%6F%6D%79%32" n2="%EF%BC%88%E2%89%A7%E2%96%BD%E2%89%A6%EF%BC%89" n3="%45%53%46%E9%BE%8D%E6%B5%B7" dan="13,15,15,14" rate="1851,1966,2028,1933" sx="M,M,M,F"/><TAIKYOKU oya="0"/><INIT seed="0,0,0,3,4,67" ten="250,250,250,250" oya="0" hai0="58,128,70,28,68,21,89,113,13,134,48,59,109" hai1="64,40,39,119,56,131,27,8,94,118,15,79,114" hai2="125,30,20,111,116,23,65,102,10,80,123,14,32" hai3="100,96,41,7,53,99,78,52,97,61,124,82,85"/><T44/><D113/><U105/><E105/><V51/><F123/><W90/><G124/><T81/><D109/><U101/><E114/><V84/><F125/><W117/><G117/><T31/><D128/><U72/><E27/><V133/><F116/><W54/><G41/><T42/><D134/><U4/><E131/><V19/><F133/><W3/><G3/><T132/><D132/><U107/><E107/><V87/><F111/><W77/><G7/><T129/><D129/><U66/><E101/><V29/><F102/><W33/><G33/><T45/><D31/><N who="2" m="11786" /><F32/><W106/><G77/><T18/><D28/><U93/><E72/><V135/><F135/><W122/><G122/><T115/><D115/><U110/><E79/><N who="2" m="46111" /><F65/><W0/><G0/><T36/><D59/><U35/><E35/><V1/><F1/><W103/><G106/><T127/><D127/><U57/><E110/><V76/><F51/><W50/><G50/><T25/><D25/><U83/><E83/><AGARI ba="0,0" hai="10,14,19,20,23,76,83,87" m="46111,11786" machi="83" ten="30,1000,0" yaku="8,1" doraHai="67" who="2" fromWho="1" sc="250,0,250,-10,250,10,250,0" /><INIT seed="1,0,0,2,3,62" ten="250,240,260,250" oya="1" hai0="40,103,78,102,88,113,19,93,61,15,73,9,4" hai1="77,56,99,44,134,123,32,45,111,108,31,68,55" hai2="101,3,91,49,112,76,1,2,43,118,64,125,94" hai3="133,90,95,98,41,60,122,72,38,29,130,79,34"/><U81/><E123/><V21/><F118/><W35/><G122/><T114/><D40/><U54/><E68/><V25/><F112/><W104/><G133/><T24/><D114/><U28/><E99/><V30/><F125/><W5/><G130/><T121/><D121/><U120/><E120/><V115/><F115/><W132/><G132/><T23/><D113/><U47/><E134/><V50/><F101/><W83/><G5/><T46/><D46/><U116/><E116/><V70/><F76/><W11/><G11/><T0/><D0/><U6/><E6/><V10/><F10/><W42/><G104/><T89/><D89/><U86/><E32/><V52/><F43/><W82/><G83/><T85/><REACH who="0" step="1"/><D61/><REACH who="0" ten="240,240,260,250" step="2"/><U59/><E59/><V97/><F1/><W58/><G42/><T57/><D57/><U17/><E111/><V26/><F2/><W7/><G41/><T75/><D75/><U106/><E108/><V96/><F3/><W18/><G38/><T63/><D63/><N who="1" m="36247" /><E55/><V80/><F91/><W66/><G72/><T53/><D53/><U135/><E135/><V74/><F52/><W48/><G58/><T109/><D109/><U20/><E106/><V33/><F70/><W39/><G39/><T131/><D131/><U65/><E65/><V124/><F64/><W8/><G66/><T129/><D129/><U71/><E71/><V16/><F124/><W87/><G60/><T13/><D13/><AGARI ba="0,1" hai="13,17,20,28,31,44,45,47,77,81,86" m="36247" machi="13" ten="30,1500,0" yaku="8,1" doraHai="62" who="1" fromWho="0" sc="240,-15,240,25,260,0,250,0" /><INIT seed="1,1,0,0,1,91" ten="225,265,260,250" oya="1" hai0="120,33,4,16,24,58,31,38,9,87,29,37,113" hai1="130,111,75,90,10,67,21,32,55,84,52,81,126" hai2="36,104,8,78,3,101,110,44,114,39,41,56,23" hai3="99,103,72,102,15,117,14,25,1,124,62,133,57"/><U63/><E32/><V50/><F114/><W107/><G72/><T6/><D113/><U47/><E130/><V66/><F110/><W125/><G1/><T20/><D120/><U128/><E128/><V93/><F104/><W73/><G73/><T122/><D122/><U77/><E111/><V96/><F78/><W115/><G115/><T88/><D58/><U42/><E10/><V7/><REACH who="2" step="1"/><F23/><REACH who="2" ten="225,265,250,250" step="2"/><W12/><G124/><T116/><D116/><U64/><E21/><V45/><F45/><W94/><G117/><T5/><D37/><U48/><E126/><V26/><F26/><W40/><G25/><T82/><D38/><U59/><REACH who="1" step="1"/><E67/><REACH who="1" ten="225,255,250,250" step="2"/><V123/><F123/><W118/><G125/><T105/><D33/><U70/><E70/><V46/><F46/><W132/><G118/><T51/><D105/><U27/><E27/><V54/><F54/><W71/><G71/><T61/><D24/><U135/><E135/><V68/><F68/><W112/><G112/><T28/><D20/><U89/><E89/><V98/><F98/><W43/><G133/><T97/><D97/><U106/><E106/><V2/><F2/><W22/><G132/><T127/><D127/><U109/><E109/><V79/><F79/><W17/><G107/><T83/><D88/><U92/><AGARI ba="1,2" hai="42,47,48,52,55,59,63,64,75,77,81,84,90,92" machi="92" ten="20,12000,1" yaku="1,1,0,1,7,1,52,1,54,1,53,0" doraHai="91" doraHaiUra="119" who="1" fromWho="1" sc="225,-41,255,143,250,-41,250,-41" /><INIT seed="1,2,0,4,3,133" ten="184,398,209,209" oya="1" hai0="127,15,65,67,41,103,13,114,36,116,31,108,27" hai1="50,96,76,124,119,73,109,102,37,81,79,24,0" hai2="17,92,121,75,11,56,104,32,64,44,23,6,2" hai3="8,105,40,38,61,28,130,39,95,94,84,90,12"/><U63/><E119/><V128/><F121/><W9/><G105/><T100/><D116/><U30/><E37/><V71/><F104/><W52/><G28/><T113/><D36/><U118/><E118/><V134/><F75/><W107/><G107/><T87/><D87/><U93/><E0/><V97/><F134/><W83/><G130/><T14/><D41/><U5/><E5/><V101/><F128/><W126/><G126/><T55/><D55/><U43/><E79/><V26/><F32/><W91/><G9/><T111/><D31/><U125/><E63/><V18/><F44/><W49/><G61/><T106/><D27/><U1/><E1/><V46/><F46/><W34/><G34/><T86/><D86/><U112/><E112/><N who="0" m="43113" /><D106/><U4/><E4/><V20/><F71/><W122/><G122/><T99/><D127/><N who="1" m="48715" /><E109/><N who="0" m="42057" /><D99/><U45/><E24/><V89/><F26/><W35/><G39/><T47/><D47/><U135/><E30/><V51/><F2/><W70/><G40/><T117/><D117/><U129/><E135/><V115/><F115/><W80/><G38/><T16/><D16/><U120/><E129/><V10/><F18/><W33/><G33/><T7/><D7/><U21/><E120/><V57/><F17/><W72/><G35/><T53/><D53/><U88/><E21/><V42/><F20/><W131/><G131/><T123/><D123/><U29/><E29/><V58/><F23/><W66/><G8/><T19/><D19/><U59/><E59/><N who="2" m="22603" /><F6/><W3/><G3/><T98/><D98/><U60/><E60/><V22/><F10/><RYUUKYOKU ba="2,0" sc="184,15,398,15,209,-15,209,-15" hai0="13,14,15,65,67,100,103" hai1="43,45,50,73,76,81,88,93,96,102" /><INIT seed="1,3,0,2,4,8" ten="199,413,194,194" oya="1" hai0="101,40,46,104,122,28,126,51,24,70,23,131,83" hai1="113,114,6,135,58,111,102,48,18,29,91,98,43" hai2="96,109,25,17,35,37,116,90,53,76,60,92,99" hai3="87,75,124,21,61,88,77,125,12,81,19,80,121"/><U22/><E135/><V11/><F116/><W32/><G32/><T63/><D131/><U47/><E29/><V97/><F109/><W1/><G1/><T79/><D126/><N who="3" m="48745" /><G61/><T55/><D122/><AGARI ba="3,0" hai="12,19,21,75,77,80,81,87,88,121,122" m="48745" machi="122" ten="30,3900,0" yaku="18,1,52,1,54,1" doraHai="8" who="3" fromWho="0" sc="199,-48,413,0,194,0,194,48" /><INIT seed="2,0,0,3,1,88" ten="151,413,194,242" oya="2" hai0="73,118,84,93,115,101,59,64,128,100,135,76,71" hai1="8,55,12,27,52,90,97,36,106,48,72,44,40" hai2="129,82,11,94,86,16,109,91,42,89,17,130,78" hai3="111,112,5,98,87,102,0,24,26,19,20,34,132"/><V38/><F109/><W32/><G111/><T110/><D115/><U119/><E119/><V60/><F60/><W107/><G112/><T125/><D110/><U29/><E72/><N who="2" m="43335" /><F11/><W46/><G132/><T25/><D71/><U65/><E65/><V99/><F42/><W54/><G5/><T92/><D25/><U122/><E48/><V68/><F38/><W123/><G0/><T95/><D59/><U124/><E122/><V105/><F68/><W6/><G6/><T53/><D53/><U45/><E45/><V61/><F61/><W103/><G123/><T35/><D64/><U49/><E36/><V126/><F126/><W131/><G26/><T41/><D41/><U7/><E124/><V30/><F30/><W39/><G39/><T117/><D35/><U58/><E58/><V66/><F66/><W69/><G69/><T67/><D67/><U31/><E31/><V104/><F104/><W127/><G127/><T85/><D125/><U133/><E133/><V63/><F63/><W96/><G54/><T56/><D56/><U28/><E106/><V13/><F13/><W23/><G46/><T43/><D43/><U79/><E29/><V75/><F75/><W80/><G23/><T113/><D113/><U22/><E55/><V3/><F3/><W21/><G21/><T70/><D70/><U37/><E37/><V116/><F116/><N who="0" m="44650" /><D135/><U74/><E40/><V4/><F4/><W10/><G10/><T57/><D57/><U134/><E134/><V47/><F47/><W50/><G50/><T51/><D51/><U114/><E114/><V2/><F2/><RYUUKYOKU ba="0,0" sc="151,0,413,0,194,0,242,0" /><INIT seed="3,1,0,2,1,119" ten="151,413,194,242" oya="3" hai0="124,60,125,93,37,31,73,20,134,52,98,111,109" hai1="45,121,74,80,112,56,1,65,95,118,90,78,103" hai2="28,102,41,42,15,13,115,11,71,69,127,67,30" hai3="76,40,8,132,106,21,6,25,29,63,77,86,48"/><W39/><G132/><T35/><D37/><U83/><E121/><V57/><F102/><W131/><G39/><T46/><D73/><U23/><E1/><V2/><F115/><W54/><G106/><T110/><D35/><U61/><E112/><V58/><F2/><W33/><G131/><T94/><D134/><U72/><E103/><V36/><F36/><W7/><G40/><T113/><D113/><U117/><E45/><V3/><F3/><W87/><G63/><T97/><D20/><U84/><E23/><V12/><F11/><W9/><G33/><T4/><D4/><U126/><E126/><N who="0" m="48745" /><D31/><N who="2" m="11818" /><F67/><W128/><G128/><T85/><D85/><N who="3" m="32265" /><G8/><T75/><D75/><U89/><E89/><V120/><F127/><W122/><G122/><T51/><D60/><U22/><E22/><V96/><F120/><W70/><G70/><N who="2" m="26633" /><F96/><AGARI ba="1,0" hai="46,51,52,93,94,96,97,98,109,110,111" m="48745" machi="96" ten="40,5200,0" yaku="14,1,18,1,54,1" doraHai="119" who="0" fromWho="2" sc="151,55,413,0,194,-55,242,0" owari="206,-19.0,413,51.0,139,-36.0,242,4.0" /></mjloggm>