<mjloggm ver="2.3"><GO type="169"/><UN n0="%E3%82%AA%E3%82%BA%E3%82%B0%E3%83%AB%E3%83%BC%E3%83%97" n1="%E5%8F%8D%E9%99%BD%E5%AD%90%E3%81%95%E3%82%93" n2="%EF%BC%88%E2%89%A7%E2%96%BD%E2%89%A6%EF%BC%89" n3="%E3%81%84%E3%81%97%E3%81%97%E3%82%93%49%44%E7%B4%9B%E5%A4%B1" dan="16,16,18,16" rate="2094,2078,2224,2105" sx="M,M,M,M"/><TAIKYOKU oya="0"/><INIT seed="0,0,0,2,3,123" ten="250,250,250,250" oya="0" hai0="62,14,59,0,111,7,16,18,129,45,10,114,77" hai1="89,102,103,38,122,15,73,78,115,82,125,39,105" hai2="28,55,48,33,25,31,6,44,37,63,85,4,106" hai3="12,109,120,108,76,93,121,135,9,13,132,50,126"/><T119/><D114/><U71/><E71/><V65/><F106/><W133/><G76/><T43/><D119/><U97/><E122/><N who="3" m="47210" /><G93/><T58/><D129/><U40/><E115/><V95/><F31/><W51/><G126/><T75/><D59/><U116/><E116/><V101/><F37/><W131/><G131/><T74/><D77/><U98/><E125/><V113/><F113/><W134/><G134/><T27/><D27/><U49/><E15/><N who="3" m="5706" /><G9/><T60/><D62/><U79/><E78/><V112/><F112/><W69/><G69/><T61/><D61/><U54/><E89/><V107/><F85/><W67/><G67/><T90/><D90/><U23/><E40/><V80/><F95/><W130/><G130/><T21/><D18/><U66/><E66/><V57/><REACH who="2" step="1"/><F80/><REACH who="2" ten="250,250,240,250" step="2"/><W117/><G117/><T70/><D70/><U3/><E39/><V91/><F91/><W24/><G24/><T124/><D124/><U99/><E38/><V127/><F127/><W17/><G17/><T128/><D128/><U29/><E105/><V5/><F5/><W72/><G72/><T88/><D75/><U41/><E73/><V30/><F30/><W42/><G135/><T47/><D74/><U32/><E29/><V110/><F110/><W35/><G133/><T84/><D111/><U46/><E79/><V96/><AGARI ba="0,1" hai="4,6,25,28,33,44,48,55,57,63,65,96,101,107" machi="96" ten="30,2000,0" yaku="1,1,0,1,53,0" doraHai="123" doraHaiUra="81" who="2" fromWho="2" sc="250,-10,250,-5,240,30,250,-5" /><INIT seed="1,0,0,2,4,66" ten="240,245,270,245" oya="1" hai0="36,93,31,54,35,2,114,135,85,30,32,101,109" hai1="63,68,122,5,39,55,71,127,98,65,78,103,97" hai2="92,60,23,105,132,123,95,50,46,86,117,10,42" hai3="120,115,126,118,77,15,82,28,40,113,69,80,116"/><U81/><E122/><V13/><F105/><W88/><G69/><T119/><D36/><U34/><E39/><V6/><F123/><W75/><G120/><T11/><D2/><U57/><E127/><V19/><F117/><N who="3" m="45163" /><G40/><T1/><D119/><U128/><E128/><V7/><F132/><W3/><G3/><T56/><D135/><U22/><E5/><V26/><F7/><W89/><G28/><T17/><D114/><N who="3" m="43529" /><G15/><T49/><D109/><U59/><E34/><V130/><F130/><W43/><G43/><T37/><D11/><U72/><E22/><V52/><REACH who="2" step="1"/><F86/><REACH who="2" ten="240,245,260,245" step="2"/><N who="3" m="50263" /><G89/><T74/><D85/><U79/><E78/><V25/><F25/><W67/><G67/><T16/><D74/><U99/><REACH who="1" step="1"/><E103/><REACH who="1" ten="240,235,260,245" step="2"/><V48/><F48/><AGARI ba="0,2" hai="48,55,57,59,63,65,68,71,72,79,81,97,98,99" machi="48" ten="40,12000,1" yaku="1,1,2,1,52,2,53,0" doraHai="66" doraHaiUra="33" who="1" fromWho="2" sc="240,0,235,140,260,-120,245,0" /><INIT seed="1,1,0,1,4,87" ten="240,375,140,245" oya="1" hai0="51,31,61,46,131,75,64,120,39,50,42,85,30" hai1="112,43,113,98,114,44,79,27,116,1,129,28,5" hai2="52,3,93,56,24,65,15,21,130,54,66,73,34" hai3="10,41,119,69,13,67,37,100,134,105,60,92,68"/><U121/><E121/><V110/><F3/><W29/><G105/><T135/><D75/><U101/><E116/><V90/><F73/><W63/><G119/><T22/><D120/><U103/><E129/><V35/><F130/><W19/><G134/><T104/><D131/><U14/><E1/><V7/><F110/><W106/><G106/><T18/><D104/><U115/><E79/><V58/><F34/><W40/><G29/><T82/><D135/><U80/><E80/><V118/><F35/><W49/><G37/><T99/><D99/><U111/><E111/><V38/><F38/><W126/><G126/><T45/><D39/><U6/><E14/><V72/><F72/><W70/><G49/><T23/><D23/><U12/><E12/><V16/><F118/><W11/><G11/><T122/><D122/><U59/><E59/><N who="2" m="22571" /><F24/><W91/><G100/><T47/><D64/><N who="2" m="24682" /><F7/><W95/><G67/><T57/><D61/><U33/><E115/><V132/><F132/><W84/><REACH who="3" step="1"/><G95/><REACH who="3" ten="240,375,140,235" step="2"/><T89/><D57/><U102/><E114/><V78/><F78/><W32/><G32/><T97/><D97/><AGARI ba="1,1" hai="15,16,21,52,54,90,93,97" m="24682,22571" machi="97" ten="30,7700,0" yaku="8,1,52,1,54,2" doraHai="87" who="2" fromWho="0" sc="240,-80,375,0,140,90,235,0" /><INIT seed="2,0,0,4,5,81" ten="160,375,230,235" oya="2" hai0="34,80,57,28,47,71,62,45,32,84,6,108,51" hai1="30,63,112,123,1,102,21,0,5,24,134,126,4" hai2="9,76,58,59,121,90,120,13,95,124,79,49,119" hai3="106,82,31,15,66,38,72,128,3,104,73,26,23"/><V68/><F68/><W75/><G3/><N who="1" m="1098" /><E102/><V16/><F119/><W114/><G38/><T10/><D108/><U111/><E63/><V70/><F70/><W44/><G128/><T87/><D71/><U127/><E111/><V97/><F124/><N who="1" m="47657" /><E112/><V54/><REACH who="2" step="1"/><F58/><REACH who="2" ten="160,375,220,235" step="2"/><W20/><G114/><T130/><D130/><U53/><E123/><AGARI ba="0,1" hai="9,13,16,49,54,59,76,79,90,95,97,120,121,123" machi="123" ten="40,12000,1" yaku="1,1,2,1,54,1,53,1" doraHai="81" doraHaiUra="88" who="2" fromWho="1" sc="160,0,375,-120,220,130,235,0" /><INIT seed="2,1,0,1,0,108" ten="160,255,350,235" oya="2" hai0="99,71,19,64,39,109,78,104,100,118,102,26,125" hai1="92,30,1,77,85,117,129,48,57,121,81,97,65" hai2="23,11,62,69,74,98,120,131,83,3,105,60,24" hai3="14,21,5,32,43,101,12,52,79,114,90,41,67"/><V93/><F105/><W15/><G32/><T133/><D118/><U115/><E117/><V9/><F120/><W87/><G67/><T122/><D109/><U96/><E115/><V20/><F69/><W54/><G5/><T53/><D122/><U106/><E1/><V89/><F131/><W31/><G79/><T35/><D39/><U111/><E111/><V73/><F3/><W28/><G101/><T72/><D102/><U18/><E129/><V124/><F124/><W107/><G107/><T44/><D125/><U135/><E135/><V88/><F24/><N who="3" m="16399" /><G31/><T25/><D133/><U47/><E121/><V80/><F93/><N who="3" m="54495" /><G114/><T45/><D53/><AGARI ba="1,0" hai="12,14,15,41,43,52,53,54" m="54495,16399" machi="53" ten="30,2000,0" yaku="8,1,54,1" doraHai="108" who="3" fromWho="0" sc="160,-23,255,0,350,0,235,23" /><INIT seed="3,0,0,0,3,83" ten="137,255,350,258" oya="3" hai0="16,124,134,75,117,76,39,102,109,35,111,69,20" hai1="129,104,101,10,107,43,17,86,6,77,116,98,22" hai2="123,106,80,30,64,34,59,44,4,49,60,108,52" hai3="37,100,28,31,14,67,131,126,62,103,79,82,8"/><W38/><G126/><T29/><D35/><U25/><E129/><V26/><F108/><W97/><G131/><T11/><D39/><U50/><E116/><V58/><F123/><W114/><G114/><T119/><D69/><U68/><E68/><V74/><F106/><W48/><G38/><T72/><D76/><U93/><E43/><V95/><F4/><W122/><G37/><T24/><D102/><U7/><E50/><V57/><F95/><W40/><G122/><T78/><D78/><U0/><REACH who="1" step="1"/><E7/><REACH who="1" ten="137,245,350,258" step="2"/><V113/><F113/><W3/><G48/><T61/><D124/><U23/><E23/><V54/><F49/><W65/><G40/><T121/><D61/><U27/><E27/><V87/><F26/><W18/><G62/><T45/><D121/><U90/><E90/><V5/><F60/><W120/><G120/><T19/><D134/><U127/><E127/><V133/><F5/><W81/><G79/><T110/><D45/><U47/><E47/><V99/><F44/><W112/><G112/><T118/><REACH who="0" step="1"/><D11/><REACH who="0" ten="127,245,350,258" step="2"/><U53/><E53/><V105/><F54/><W42/><G8/><T2/><D2/><U128/><E128/><V56/><F52/><W36/><G36/><T15/><D15/><U130/><E130/><V13/><F13/><W51/><G14/><T91/><D91/><U85/><E85/><V88/><F88/><W9/><G3/><T135/><D135/><U32/><E32/><V12/><F34/><W89/><G9/><T46/><D46/><U115/><E115/><V1/><N who="2" m="14336" /><DORA hai="125" /><V41/><F133/><W33/><G89/><RYUUKYOKU ba="0,2" sc="127,15,245,15,350,-15,258,-15" hai0="16,19,20,24,29,72,75,109,110,111,117,118,119" hai1="0,6,10,17,22,25,77,86,93,98,101,104,107" /><INIT seed="4,1,2,1,2,110" ten="142,260,335,243" oya="0" hai0="4,120,42,69,54,33,61,118,121,105,22,16,108" hai1="103,36,29,119,77,57,101,11,14,70,82,47,113" hai2="133,90,24,23,2,130,52,56,17,125,25,12,60" hai3="88,81,67,74,127,80,45,92,53,65,35,95,49"/><T107/><D118/><U41/><E70/><V68/><F130/><W51/><G35/><T48/><D108/><U27/><E119/><V5/><F125/><W28/><G28/><T104/><D33/><U38/><E38/><V93/><F133/><W50/><G127/><T86/><D4/><U10/><E57/><V64/><F2/><W37/><G37/><T46/><D86/><U87/><E113/><V96/><REACH who="2" step="1"/><F5/><REACH who="2" ten="142,260,325,243" step="2"/><W71/><G71/><T99/><D99/><U109/><E109/><V111/><F111/><W79/><G81/><T13/><REACH who="0" step="1"/><D54/><REACH who="0" ten="132,260,325,243" step="2"/><U62/><E82/><V34/><F34/><W8/><G53/><T117/><D117/><U20/><E41/><V94/><F94/><W31/><G95/><T3/><D3/><U132/><E132/><V21/><F21/><W85/><G8/><T39/><D39/><U123/><E20/><V66/><F66/><AGARI ba="1,4" hai="13,16,22,42,46,48,61,66,69,104,105,107,120,121" machi="66" ten="40,7700,0" yaku="1,1,54,1,53,1" doraHai="110" doraHaiUra="63" who="0" fromWho="2" sc="132,120,260,0,325,-80,243,0" /><INIT seed="4,2,0,5,3,41" ten="252,260,245,243" oya="0" hai0="3,32,13,94,10,8,54,91,2,56,99,9,14" hai1="85,124,57,112,106,61,60,72,134,102,108,27,89" hai2="26,53,71,133,7,69,42,33,95,96,127,75,68" hai3="132,109,128,76,5,24,34,62,22,122,83,40,52"/><T93/><D32/><U51/><E108/><V110/><F75/><W123/><G109/><T119/><D119/><U44/><E72/><V59/><F110/><W37/><G34/><T36/><D36/><U116/><E116/><V100/><F133/><W16/><G132/><T97/><D2/><U101/><E134/><V82/><F127/><W115/><G115/><T126/><D3/><U80/><E124/><V49/><F7/><W135/><G135/><T25/><D25/><U30/><E112/><V50/><F82/><W20/><G5/><T46/><D126/><U98/><E102/><V121/><F121/><N who="3" m="46091" /><G128/><T1/><D1/><U15/><E15/><V117/><F117/><W55/><G62/><T65/><D65/><U43/><REACH who="1" step="1"/><E57/><REACH who="1" ten="252,250,245,243" step="2"/><V47/><REACH who="2" step="1"/><F71/><REACH who="2" ten="252,250,235,243" step="2"/><W74/><G74/><T104/><D56/><U77/><E77/><V114/><F114/><W38/><G76/><T29/><D104/><U21/><AGARI ba="2,2" hai="21,27,30,43,44,51,60,61,80,85,89,98,101,106" machi="21" ten="20,5200,0" yaku="1,1,0,1,7,1,52,1,53,0" doraHai="41" doraHaiUra="107" who="1" fromWho="1" sc="252,-28,250,78,235,-15,243,-15" /><INIT seed="5,0,0,0,1,83" ten="224,328,220,228" oya="1" hai0="53,6,38,57,76,31,2,113,55,125,73,116,132" hai1="65,10,122,89,104,28,24,54,88,85,59,126,128" hai2="106,133,27,69,103,40,82,16,33,44,22,114,42" hai3="101,12,79,78,49,17,74,62,61,39,37,112,86"/><U75/><E122/><V21/><F69/><W111/><G74/><T4/><D116/><U81/><E104/><V41/><F133/><W134/><G111/><T105/><D132/><U20/><E75/><V0/><F0/><W63/><G134/><T110/><D105/><U43/><E128/><V18/><F114/><W60/><G112/><T5/><D38/><U8/><E126/><V13/><F33/><W120/><G120/><T118/><D2/><U123/><E123/><V45/><REACH who="2" step="1"/><F82/><REACH who="2" ten="224,328,210,228" step="2"/><W129/><G129/><T100/><D113/><U94/><E65/><V97/><AGARI ba="0,1" hai="13,16,18,21,22,27,40,41,42,44,45,97,103,106" machi="97" ten="30,7900,0" yaku="1,1,2,1,0,1,54,1,53,0" doraHai="83" doraHaiUra="67" who="2" fromWho="2" sc="224,-20,328,-39,210,89,228,-20" /><INIT seed="6,0,0,2,0,122" ten="204,289,299,208" oya="2" hai0="93,69,106,57,70,82,30,32,27,117,31,85,111" hai1="1,121,68,118,99,91,38,41,20,58,96,124,131" hai2="95,63,127,11,129,7,112,48,113,71,56,79,128" hai3="35,44,87,29,28,100,2,130,36,66,23,10,134"/><V80/><F95/><W97/><G35/><T12/><D106/><U13/><E118/><V108/><F48/><W18/><G66/><T105/><D117/><U94/><E1/><N who="2" m="495" /><F127/><W114/><G114/><N who="2" m="44137" /><F108/><W123/><G123/><T14/><D105/><U46/><E68/><V73/><F71/><W81/><G130/><T126/><D31/><U88/><E121/><V21/><F21/><W15/><G97/><T132/><D126/><U34/><E124/><V19/><F19/><W109/><G109/><T9/><D111/><U84/><E131/><V5/><F5/><W101/><G18/><T55/><D93/><U115/><E115/><V61/><F61/><W102/><G23/><T83/><D83/><U89/><E94/><V37/><F37/><W72/><G36/><T103/><D70/><U119/><E119/><V45/><F45/><W22/><G44/><T135/><D69/><U25/><E58/><V92/><F92/><W60/><G81/><T75/><D57/><U120/><E120/><V8/><F8/><W133/><G10/><T125/><D82/><U74/><E46/><V0/><F0/><W104/><G2/><T4/><D9/><U39/><E38/><V67/><AGARI ba="0,0" hai="56,63,67,73,79,80,128,129" m="44137,495" machi="67" ten="30,1500,0" yaku="15,1" doraHai="122" who="2" fromWho="2" sc="204,-5,289,-5,299,15,208,-5" /><INIT seed="6,1,0,1,3,23" ten="199,284,314,203" oya="2" hai0="14,58,62,50,88,126,18,10,9,72,43,86,79" hai1="65,67,102,3,99,63,104,116,77,36,71,134,32" hai2="97,17,68,60,8,74,93,40,24,11,28,4,47" hai3="25,46,109,129,124,54,100,2,87,21,120,103,31"/><V35/><F74/><W22/><G120/><T95/><D126/><U69/><E116/><V115/><F115/><W42/><G109/><T37/><D37/><U57/><E36/><V5/><F60/><W70/><G2/><T131/><D131/><U75/><E3/><V128/><F68/><W107/><G129/><T117/><D117/><U82/><E57/><V29/><F128/><W56/><G70/><T1/><D72/><U122/><E134/><V19/><F28/><W41/><G124/><T66/><D79/><U133/><E133/><V119/><F8/><W38/><G42/><T80/><D1/><U44/><E44/><V118/><F5/><W121/><G121/><T83/><REACH who="0" step="1"/><D9/><REACH who="0" ten="189,284,314,203" step="2"/><U90/><E122/><V73/><F73/><W16/><G107/><T6/><D6/><U92/><E104/><V106/><F106/><W130/><G130/><T113/><D113/><U89/><E75/><V101/><F119/><W52/><G87/><T111/><D111/><U91/><E77/><V127/><F127/><W39/><G39/><T15/><D15/><U135/><E135/><V45/><F4/><W76/><G76/><T48/><D48/><U125/><E125/><V108/><F108/><W59/><G103/><T55/><D55/><N who="3" m="21033" /><G100/><T98/><D98/><U30/><E102/><V13/><F97/><W81/><G81/><T61/><D61/><U123/><E82/><V105/><F101/><W26/><G38/><T53/><D53/><U78/><E78/><V112/><F112/><W20/><G26/><T51/><D51/><U110/><E123/><V34/><F118/><RYUUKYOKU ba="1,1" sc="189,30,284,-10,314,-10,203,-10" hai0="10,14,18,43,50,58,62,66,80,83,86,88,95" /><INIT seed="7,2,1,0,5,132" ten="219,274,304,193" oya="3" hai0="11,98,91,82,81,17,83,131,90,13,15,31,129" hai1="89,16,102,80,108,52,5,115,93,34,101,60,71" hai2="72,44,40,27,114,29,121,65,20,39,84,33,77" hai3="135,110,0,2,70,74,67,9,123,128,24,99,61"/><W103/><G123/><T79/><D31/><U117/><E108/><V133/><F121/><W64/><G135/><T68/><D68/><U116/><E34/><V96/><F133/><W25/><G110/><T59/><D59/><N who="1" m="34919" /><E71/><V23/><F72/><W50/><G67/><T32/><D32/><U30/><E30/><V26/><F65/><W22/><G74/><T54/><D79/><U109/><E109/><V6/><F114/><W8/><G128/><N who="0" m="49227" /><D54/><U58/><E5/><V53/><F6/><W107/><G50/><T125/><D15/><U18/><E80/><V14/><F14/><W48/><G48/><T63/><D63/><U88/><E58/><V113/><F113/><W122/><G122/><T78/><D78/><U36/><E36/><V75/><F75/><W126/><G126/><T118/><D118/><N who="1" m="45675" /><E115/><V134/><F134/><W35/><G35/><T127/><D98/><N who="1" m="57639" /><E89/><AGARI ba="2,1" hai="11,13,17,81,82,83,89,90,91,125,127" m="49227" machi="89" ten="40,5200,0" yaku="19,1,52,2" doraHai="132" who="0" fromWho="1" sc="219,68,274,-58,304,0,193,0" owari="287,9.0,216,-18.0,304,40.0,193,-31.0" /></mjloggm>