<mjloggm ver="2.3"><GO type="41"/><UN n0="%6B%69%6E%67%6C%6F%73%65" n1="%E3%82%A6%E3%83%AB%E3%83%88%E3%83%A9%E7%AB%8B%E7%9B%B4" n2="%6F%6E%69%6D%61%72%75" n3="%E3%82%AF%E3%83%B3" dan="14,15,13,16" rate="1880,2013,1813,2052" sx="M,M,M,M"/><TAIKYOKU oya="0"/><INIT seed="0,0,0,3,2,6" ten="250,250,250,250" oya="0" hai0="44,12,116,40,126,51,94,98,123,102,53,99,106" hai1="18,24,22,34,38,90,0,67,2,133,36,69,8" hai2="93,57,115,96,52,129,121,33,117,119,11,5,65" hai3="29,59,83,79,72,103,10,81,31,112,131,20,97"/><T84/><D123/><U110/><E38/><V75/><F75/><W128/><G112/><T41/><D116/><U42/><E133/><V73/><F73/><W125/><G125/><T108/><D108/><U71/><E110/><V37/><F33/><W62/><G83/><T32/><D32/><U13/><E42/><V66/><F37/><W132/><G132/><T56/><D126/><U26/><E36/><V55/><F121/><W105/><G10/><T135/><D135/><U122/><E122/><V28/><F28/><W48/><G48/><T60/><D84/><U27/><E69/><V4/><F115/><W104/><G104/><T35/><D35/><U23/><E90/><V54/><F129/><N who="3" m="49739" /><G20/><N who="1" m="7722" /><E67/><AGARI ba="0,0" hai="29,31,59,62,67,72,79,81,97,103,105" m="49739" machi="67" ten="30,1000,0" yaku="19,1" doraHai="6" who="3" fromWho="1" sc="250,0,250,-10,250,0,250,10" /><INIT seed="1,0,0,4,4,86" ten="250,240,250,260" oya="1" hai0="51,71,23,91,15,20,132,73,104,10,118,17,32" hai1="120,84,74,102,29,2,108,4,106,128,87,28,13" hai2="81,94,65,110,78,85,52,133,19,96,111,82,135" hai3="6,55,124,122,18,80,53,98,109,88,9,41,77"/><U100/><E2/><V5/><F65/><W8/><G122/><T59/><D71/><U112/><E74/><V35/><F35/><W67/><G67/><T114/><D118/><U125/><E112/><V44/><F5/><W30/><G30/><N who="1" m="11882" /><E106/><V134/><F19/><W130/><G109/><N who="2" m="41481" /><F44/><W39/><G130/><T70/><D70/><U121/><E128/><V75/><F52/><W131/><G131/><T1/><D32/><U48/><E108/><V66/><F66/><W123/><G123/><T21/><D73/><U0/><E0/><V47/><F47/><W68/><G68/><T113/><D104/><U42/><E121/><V49/><F49/><W7/><G39/><T127/><D127/><U76/><E125/><V92/><F96/><W40/><G124/><T62/><D132/><U56/><E120/><V83/><F83/><W31/><G80/><T26/><D114/><U115/><E115/><V90/><AGARI ba="0,0" hai="75,78,81,82,85,90,92,94,133,134,135" m="41481" machi="90" ten="40,8000,1" yaku="20,1,14,1,34,2,52,1" doraHai="86" who="2" fromWho="2" sc="250,-20,240,-40,250,80,260,-20" /><INIT seed="2,0,0,1,2,92" ten="230,200,330,240" oya="2" hai0="119,99,42,35,37,1,88,122,50,71,127,77,5" hai1="123,81,128,56,111,36,13,67,14,98,101,114,83" hai2="27,112,82,90,75,0,124,18,16,45,61,104,118" hai3="74,47,65,55,72,3,58,22,91,76,105,57,9"/><V117/><F104/><W15/><G3/><T135/><D122/><U2/><E114/><V26/><F112/><W133/><G105/><T80/><D37/><U24/><E123/><V129/><F0/><W51/><G22/><T121/><D121/><U89/><E36/><V4/><F4/><W31/><G31/><T7/><D119/><U120/><E2/><V94/><F124/><W132/><G91/><T87/><D127/><U6/><E120/><V60/><F129/><W100/><G100/><T29/><D135/><N who="3" m="51785" /><G76/><T23/><D35/><U108/><E128/><V113/><F113/><W73/><G65/><T66/><D66/><U125/><E125/><V30/><F45/><W79/><G79/><T10/><D71/><U85/><E81/><V107/><F107/><W130/><G130/><T8/><D29/><U32/><E32/><V20/><F82/><W12/><G12/><T115/><D23/><U53/><E24/><V40/><F75/><W21/><G21/><T63/><D63/><U34/><E34/><V102/><F102/><W70/><G70/><T41/><D115/><U52/><E67/><V78/><F78/><W97/><G15/><T68/><D68/><U134/><E134/><V33/><F40/><W54/><G9/><N who="0" m="2223" /><D42/><U64/><E14/><V103/><F103/><W48/><G47/><N who="0" m="25967" /><D7/><U86/><E6/><V109/><F18/><W93/><G93/><T96/><D77/><U116/><E13/><V95/><F95/><W131/><G131/><T106/><D106/><U49/><E101/><V28/><F118/><W110/><G110/><N who="1" m="42026" /><E116/><V46/><F117/><RYUUKYOKU ba="0,0" sc="230,15,200,-15,330,-15,240,15" hai0="8,10,80,87,88,96,99" hai3="48,51,54,55,57,58,72,73,74,97" /><INIT seed="3,1,0,3,2,29" ten="245,185,315,255" oya="3" hai0="115,84,64,110,16,102,129,57,2,127,65,19,104" hai1="25,116,42,101,77,44,36,7,33,119,108,126,70" hai2="26,76,132,22,4,72,107,53,58,87,66,52,49" hai3="54,23,69,1,123,28,79,20,130,31,120,89,88"/><W14/><G1/><T61/><D2/><U112/><E112/><V47/><F72/><W100/><G69/><T18/><D110/><U133/><E108/><V10/><F107/><W106/><G79/><T30/><D115/><U24/><E70/><V21/><F132/><W55/><G106/><T94/><D127/><U38/><E126/><V111/><F66/><W121/><G14/><T17/><D129/><U71/><E133/><V35/><F35/><W62/><G100/><T5/><D5/><U93/><E71/><V60/><F111/><W105/><G105/><T90/><N who="0" m="4096" /><DORA hai="27" /><T6/><D6/><U75/><E7/><V46/><F26/><W32/><G62/><T78/><D78/><U135/><E135/><V96/><F47/><W15/><G15/><T81/><D104/><U41/><E77/><V67/><F67/><W43/><G43/><T34/><D34/><U83/><E75/><V91/><F76/><W59/><G123/><T9/><D9/><U80/><E33/><V51/><F96/><W131/><G32/><T13/><D13/><U95/><E101/><V74/><F60/><W40/><G40/><T117/><D117/><U98/><E44/><V82/><F74/><W134/><G134/><T63/><D63/><U45/><E45/><V50/><F50/><W86/><G59/><T125/><D125/><U56/><E98/><V122/><F122/><W103/><G103/><T124/><D124/><U99/><E99/><V12/><AGARI ba="1,0" hai="4,10,12,21,22,46,49,51,52,53,58,82,87,91" machi="12" ten="20,5200,0" yaku="0,1,7,1,8,1,54,1" doraHai="29,27" who="2" fromWho="2" sc="245,-14,185,-14,315,55,255,-27" /><INIT seed="4,0,0,3,2,121" ten="231,171,370,228" oya="0" hai0="78,95,118,104,42,19,114,24,127,107,79,36,30" hai1="31,0,41,2,61,47,66,85,23,103,133,123,10" hai2="120,62,71,27,74,94,70,38,93,69,109,13,128" hai3="84,14,89,33,129,106,46,91,17,49,35,56,43"/><T45/><D118/><U83/><E123/><V64/><F74/><W58/><G106/><T26/><D114/><U100/><E133/><V132/><F120/><W48/><G129/><T37/><D127/><U131/><E131/><V77/><F77/><W59/><G49/><T18/><D95/><U39/><E2/><V7/><F128/><W116/><G116/><T20/><D20/><U63/><E63/><V124/><F38/><W92/><REACH who="3" step="1"/><G91/><REACH who="3" step="2"/><T134/><D134/><U80/><E39/><V86/><F132/><W15/><G15/><T97/><D37/><U81/><E0/><V112/><F124/><W53/><G53/><T29/><D36/><U9/><E41/><V28/><F112/><W52/><G52/><T12/><D42/><U1/><E1/><V105/><F105/><W68/><G68/><T50/><D50/><U98/><E66/><V102/><F71/><W60/><G60/><T125/><D125/><U113/><E61/><V44/><F70/><W75/><G75/><T5/><D107/><U130/><E113/><V87/><F69/><W3/><G3/><T8/><D104/><U4/><E130/><V16/><F64/><W6/><G6/><T21/><D5/><U55/><E4/><V67/><F7/><W51/><G51/><T108/><D12/><U99/><E55/><V65/><F67/><W73/><G73/><T82/><D45/><U119/><E47/><V32/><F44/><W126/><G126/><T111/><D18/><U90/><E119/><V122/><F65/><W54/><G54/><T22/><D19/><U25/><E9/><AGARI ba="0,1" hai="9,14,17,33,35,43,46,48,56,58,59,84,89,92" machi="9" ten="40,5200,0" yaku="1,1,6,1,53,1" doraHai="121" doraHaiUra="40" who="3" fromWho="1" sc="231,0,171,-52,370,0,218,62" /><INIT seed="5,0,0,2,3,59" ten="231,119,370,280" oya="1" hai0="40,69,130,118,22,78,45,96,92,82,109,108,122" hai1="44,102,56,67,94,24,60,33,19,73,75,81,132" hai2="62,4,54,35,26,100,3,68,65,128,0,28,80" hai3="41,16,39,50,131,125,115,93,46,112,31,5,30"/><U117/><E117/><V79/><F128/><W119/><G131/><T97/><D118/><U14/><E132/><V87/><F4/><W53/><G119/><T84/><D130/><U83/><E75/><V127/><F127/><W13/><G5/><T8/><D122/><U64/><E73/><V134/><F134/><W43/><G125/><T37/><D69/><U66/><E33/><V101/><F54/><W99/><G39/><T107/><D107/><U120/><E24/><V20/><F20/><W47/><G47/><T114/><D114/><N who="3" m="43561" /><G31/><T34/><D34/><U1/><E1/><V77/><F77/><W25/><G25/><T27/><D8/><N who="1" m="6599" /><E120/><V29/><F29/><W103/><G30/><T6/><D6/><U36/><E36/><V86/><F86/><W15/><G15/><T9/><D9/><AGARI ba="0,0" hai="9,13,16,41,43,46,50,53,93,99,103" m="43561" machi="9" ten="30,2000,0" yaku="15,1,54,1" doraHai="59" who="3" fromWho="0" sc="231,-20,119,0,370,0,280,20" /><INIT seed="6,0,0,1,2,59" ten="211,119,370,300" oya="2" hai0="92,109,23,50,134,73,48,52,60,10,25,9,30" hai1="47,40,125,20,72,8,55,46,77,17,133,69,34" hai2="2,1,14,15,63,75,105,80,130,45,29,107,102" hai3="7,49,104,95,54,62,19,12,21,121,78,131,65"/><V64/><F130/><W97/><G104/><T106/><D106/><U127/><E34/><V117/><F117/><W28/><G131/><T129/><D134/><U89/><E8/><N who="0" m="3177" /><D73/><U124/><E77/><V91/><F29/><W41/><G121/><T122/><D109/><U26/><E72/><V100/><F75/><W116/><G116/><T53/><D122/><U123/><E123/><V132/><F45/><W86/><G41/><T5/><D129/><U18/><E69/><V61/><F64/><W135/><G135/><T112/><D5/><U128/><E133/><V76/><F132/><W24/><G7/><T43/><D112/><U56/><E128/><V31/><F31/><W93/><G78/><T0/><D0/><U87/><E18/><V119/><F76/><W94/><G86/><T113/><D113/><U13/><E26/><V37/><F80/><W110/><G110/><T39/><D39/><U42/><E42/><V118/><F91/><W88/><G49/><N who="0" m="19051" /><D43/><U84/><E40/><V51/><REACH who="2" step="1"/><F51/><REACH who="2" step="2"/><W67/><G67/><T111/><D111/><U90/><E47/><V108/><F108/><W4/><G4/><T99/><D92/><U114/><E46/><V6/><F6/><W81/><G81/><T103/><D103/><U27/><E114/><V32/><F32/><W126/><G65/><T44/><D44/><U3/><E124/><V22/><F22/><N who="3" m="11623" /><G126/><T96/><D23/><U36/><E125/><V79/><F79/><W70/><G70/><T35/><D35/><U101/><E127/><V71/><F71/><W85/><G85/><T57/><D30/><RYUUKYOKU ba="0,1" sc="211,-15,119,-15,360,15,300,15" hai2="1,2,14,15,37,61,63,100,102,105,107,118,119" hai3="21,24,28,54,62,88,93,94,95,97" /><INIT seed="6,1,1,5,2,14" ten="196,104,375,315" oya="2" hai0="44,39,77,75,10,24,35,23,22,93,96,70,51" hai1="111,89,87,45,58,20,57,26,86,121,91,88,2" hai2="49,8,37,53,17,69,129,78,116,76,81,9,114" hai3="21,73,83,101,128,122,133,104,120,38,124,127,31"/><V18/><F116/><W103/><G38/><T63/><D39/><U109/><E2/><V1/><F37/><W36/><G36/><T29/><D10/><U108/><E45/><V47/><F69/><W34/><G21/><T132/><D132/><U130/><E121/><N who="3" m="46698" /><G31/><T6/><D6/><U67/><E130/><V65/><F129/><W66/><G66/><T134/><D134/><U80/><E67/><V74/><F114/><W123/><G34/><T99/><D70/><U68/><E68/><V42/><F65/><W72/><G128/><T61/><D96/><U79/><REACH who="1" step="1"/><E87/><REACH who="1" step="2"/><V54/><F1/><W105/><G123/><T92/><D75/><U59/><E59/><V118/><F118/><W13/><G133/><T110/><D110/><U98/><E98/><V43/><F74/><W32/><G72/><T126/><D99/><U62/><E62/><V135/><F135/><W40/><G73/><T100/><D63/><U125/><E125/><V16/><F43/><W5/><G40/><T4/><D61/><U11/><E11/><N who="2" m="4171" /><F81/><W94/><G83/><T46/><D126/><U15/><E15/><V27/><F27/><W56/><G13/><T117/><D46/><U102/><E102/><V64/><F64/><W71/><G103/><T0/><D100/><U115/><E115/><V55/><AGARI ba="1,2" hai="16,17,18,42,47,49,53,54,55,76,78" m="4171" machi="55" ten="40,12000,1" yaku="8,1,52,3,54,1" doraHai="14" who="2" fromWho="2" sc="196,-41,94,-41,375,143,315,-41" /><INIT seed="6,2,0,1,1,72" ten="155,53,518,274" oya="2" hai0="123,28,134,30,107,73,119,121,10,15,135,78,88" hai1="99,101,19,118,71,46,125,90,76,129,130,84,5" hai2="116,62,41,54,95,13,112,33,104,122,106,87,12" hai3="57,108,16,38,11,23,39,50,59,24,91,56,75"/><V113/><F33/><W82/><G108/><T63/><D107/><N who="1" m="63935" /><E71/><V29/><F29/><W55/><G11/><T65/><D119/><U20/><E46/><V132/><F116/><W115/><G115/><N who="2" m="44105" /><F132/><N who="0" m="50730" /><D30/><U2/><E5/><V27/><F122/><W89/><G39/><T66/><D28/><U6/><E6/><V49/><F27/><W97/><G38/><T69/><D88/><N who="3" m="33865" /><G75/><T17/><D66/><U92/><E2/><V4/><F41/><W25/><G97/><T127/><D127/><U26/><E118/><V131/><F62/><W44/><G82/><AGARI ba="2,0" hai="10,15,17,63,65,69,73,78,82,121,123" m="50730" machi="82" ten="30,2000,0" yaku="20,1,52,1" doraHai="72" who="0" fromWho="3" sc="155,26,53,0,518,0,274,-26" /><INIT seed="7,0,0,2,0,25" ten="181,53,518,248" oya="3" hai0="116,58,59,76,110,37,5,35,128,101,93,103,126" hai1="125,95,114,60,4,20,124,118,123,45,3,133,80" hai2="106,98,120,41,72,89,65,86,6,99,100,77,1" hai3="56,39,73,117,61,68,43,113,8,12,42,129,22"/><W40/><G117/><T94/><D110/><U111/><E80/><V131/><F65/><W30/><G68/><T46/><D116/><U75/><E60/><V78/><F99/><W19/><G73/><T34/><D76/><U23/><E95/><V107/><F106/><W26/><G113/><T11/><D126/><U91/><E45/><V104/><F107/><W17/><G129/><T57/><D128/><U52/><E91/><V85/><F131/><W47/><G19/><T48/><D37/><U79/><E79/><V16/><F41/><W112/><G112/><T55/><D35/><U63/><E63/><V18/><F6/><W64/><AGARI ba="0,0" hai="8,12,17,22,26,30,39,40,42,43,47,56,61,64" machi="64" ten="20,3900,0" yaku="0,1,7,1,52,1" doraHai="25" who="3" fromWho="3" sc="181,-13,53,-13,518,-13,248,39" /><INIT seed="7,1,0,4,1,122" ten="168,40,505,287" oya="3" hai0="123,106,94,1,35,79,46,33,62,89,65,5,55" hai1="104,56,88,53,54,87,129,17,120,45,85,22,90" hai2="126,7,81,118,14,26,6,82,48,4,3,24,78" hai3="28,110,103,49,99,9,115,20,117,135,43,25,124"/><W61/><G117/><T95/><D106/><U50/><E104/><V27/><F118/><W41/><G115/><T96/><D123/><U31/><E120/><V52/><F126/><W59/><G124/><T39/><D79/><U84/><E129/><V18/><F3/><W38/><G38/><T102/><D39/><U109/><E31/><V69/><F69/><W13/><G135/><T134/><D134/><U63/><E90/><V86/><F82/><W11/><G110/><T83/><D83/><U37/><E37/><V68/><F68/><W101/><G49/><T47/><D94/><U116/><E116/><V121/><F121/><W12/><G12/><T105/><D105/><U130/><E130/><V108/><F108/><W70/><G70/><T21/><D21/><U127/><E127/><V113/><F113/><W66/><G11/><T19/><D89/><U67/><E109/><V119/><F119/><W34/><G34/><T100/><D100/><U72/><E72/><V74/><F74/><W73/><G73/><T80/><D80/><U2/><E2/><V77/><F77/><W10/><G10/><T42/><D19/><U128/><E128/><V125/><F125/><W60/><G103/><T51/><D42/><U107/><E107/><V57/><F4/><W92/><REACH who="3" step="1"/><G61/><REACH who="3" step="2"/><T64/><D35/><U75/><E75/><V15/><F14/><W111/><G111/><T91/><D33/><U93/><REACH who="1" step="1"/><E54/><REACH who="1" step="2"/><V23/><AGARI ba="1,2" hai="6,7,15,18,23,24,26,27,48,52,57,78,81,86" machi="23" ten="30,4000,0" yaku="0,1,8,1,54,1" doraHai="122" who="2" fromWho="2" sc="168,-11,30,-11,505,63,277,-21" owari="157,-24,19,-48,568,66,256,6" /></mjloggm>