<mjloggm ver="2.3"><GO type="169"/><UN n0="%E3%82%BC%E3%83%B3%E3%83%84%E3%83%83%E3%83%91" n1="%EF%BC%88%E2%89%A7%E2%96%BD%E2%89%A6%EF%BC%89" n2="%61%6B%69%6E%61%72%69%30" n3="%E9%AB%98%E7%94%BA%E3%83%B4%E3%82%A3%E3%83%B4%E3%82%A3%E3%82%AA%E2%98%86" dan="16,16,16,16" rate="2063,2088,2102,2052" sx="M,M,F,M"/><TAIKYOKU oya="0"/><INIT seed="0,0,0,2,4,78" ten="250,250,250,250" oya="0" hai0="110,47,11,121,42,113,44,49,126,76,118,29,117" hai1="14,132,23,127,0,51,71,18,62,28,22,64,97" hai2="92,3,123,56,55,46,101,25,129,59,72,68,81" hai3="131,17,57,8,84,106,93,16,77,13,86,109,116"/><T1/><D121/><U39/><E39/><V104/><F68/><W2/><G116/><T122/><D122/><U100/><E132/><V37/><F104/><W89/><G106/><T115/><D29/><U114/><E0/><V70/><F70/><W9/><G109/><T45/><D1/><U38/><E38/><V95/><F123/><W125/><G125/><T105/><D105/><U103/><E127/><V33/><F3/><W20/><G131/><T69/><D126/><U63/><E114/><V82/><F72/><W27/><G57/><T26/><D26/><U111/><E111/><V108/><F108/><W134/><G134/><T34/><D34/><U4/><E4/><V75/><F75/><W35/><G35/><T7/><D110/><U73/><E73/><V102/><F37/><W120/><G120/><T119/><D76/><U6/><E6/><V130/><F46/><N who="0" m="18026" /><D11/><U40/><E40/><V83/><F33/><W58/><G58/><N who="2" m="22057" /><F55/><W133/><G133/><T79/><D79/><U124/><E124/><V90/><F25/><W19/><G2/><T94/><D94/><N who="2" m="35882" /><F90/><W5/><REACH who="3" step="1"/><G9/><REACH who="3" ten="250,250,250,240" step="2"/><T12/><D113/><U66/><E71/><V74/><F74/><W98/><G98/><T88/><D115/><U24/><E97/><V128/><AGARI ba="0,1" hai="81,82,83,101,102,128,129,130" m="35882,22057" machi="128" ten="40,12000,2" yaku="28,2,19,1,52,3" doraHai="78" who="2" fromWho="2" sc="250,-60,250,-30,250,130,240,-30" /><INIT seed="1,0,0,1,4,78" ten="190,220,380,210" oya="1" hai0="54,11,79,43,8,42,116,134,40,20,16,61,123" hai1="28,5,25,70,131,86,125,87,84,113,127,91,81" hai2="90,132,35,12,72,69,57,39,0,104,34,52,49" hai3="109,75,80,18,56,76,97,82,88,94,15,129,45"/><U6/><E70/><V126/><F69/><W92/><G109/><T67/><D116/><U114/><E131/><V99/><F0/><W30/><G129/><T58/><D134/><U128/><E128/><V115/><F132/><W98/><G30/><T4/><D123/><U17/><E17/><V122/><F122/><W100/><G75/><T9/><D79/><U68/><E68/><V10/><F39/><W1/><G1/><T7/><REACH who="0" step="1"/><D67/><REACH who="0" ten="180,220,380,210" step="2"/><U108/><E108/><V14/><F115/><W38/><G76/><T37/><D37/><U22/><E114/><V24/><F126/><N who="1" m="48137" /><E113/><V102/><F34/><W117/><G117/><T111/><D111/><U119/><E119/><V107/><F35/><W105/><G105/><T124/><D124/><U13/><E13/><AGARI ba="0,1" hai="4,7,8,9,11,13,16,20,40,42,43,54,58,61" machi="13" ten="40,5200,0" yaku="1,1,8,1,54,1,53,0" doraHai="78" doraHaiUra="133" who="0" fromWho="1" sc="180,62,220,-52,380,0,210,0" /><INIT seed="2,0,0,0,3,99" ten="242,168,380,210" oya="2" hai0="84,13,104,133,134,24,52,8,14,29,110,66,87" hai1="64,73,33,20,2,39,3,92,45,15,76,118,70" hai2="34,79,131,107,81,36,59,49,94,69,7,124,4" hai3="17,91,129,53,132,77,54,105,100,96,62,44,61"/><V126/><F107/><W121/><G121/><T55/><D110/><U51/><E118/><V106/><F106/><W60/><G129/><T65/><D104/><U41/><E33/><V1/><F69/><W90/><G132/><T89/><D24/><U31/><E73/><V35/><F36/><W0/><G0/><T58/><D29/><U12/><E76/><V103/><F131/><W32/><G32/><T47/><D47/><U37/><E92/><V16/><F35/><W128/><G128/><T6/><D58/><U111/><E111/><V116/><F34/><W38/><G77/><T123/><D123/><U95/><E95/><V25/><F116/><W72/><G72/><T40/><D40/><U86/><E86/><N who="2" m="48447" /><F1/><W27/><G53/><T42/><D42/><U120/><E120/><V130/><F130/><W74/><G74/><T82/><D87/><U21/><E41/><V22/><F49/><W127/><G38/><T11/><D134/><U23/><E51/><V5/><F59/><W9/><G44/><T63/><D133/><U97/><E45/><V113/><F113/><W68/><G68/><T30/><D30/><U93/><E39/><V18/><F18/><W43/><G43/><T78/><D78/><U10/><E37/><V88/><F103/><W75/><G100/><T85/><D85/><U83/><E70/><V56/><F56/><W109/><G109/><T98/><D98/><U119/><E97/><N who="2" m="57543" /><F124/><W46/><G127/><T26/><D26/><U117/><E119/><V48/><F126/><W102/><G27/><T57/><D66/><U50/><E117/><RYUUKYOKU ba="0,0" sc="242,15,168,-15,380,15,210,-15" hai0="6,8,11,13,14,52,55,57,63,65,82,84,89" hai2="4,5,7,16,22,25,48" /><INIT seed="2,1,0,2,1,23" ten="257,153,395,195" oya="2" hai0="47,112,15,52,38,135,48,120,10,115,128,83,4" hai1="133,118,101,36,65,37,113,56,90,72,119,14,93" hai2="53,100,17,69,127,114,67,50,132,62,41,88,3" hai3="134,16,131,108,35,75,13,104,103,39,86,33,55"/><V87/><F114/><W54/><G75/><T121/><D135/><U94/><E113/><V57/><F132/><W124/><G134/><T97/><D128/><U105/><E133/><V64/><F3/><W117/><G117/><T95/><D38/><U116/><E72/><V92/><F127/><W122/><G122/><T40/><D115/><U76/><E76/><V42/><F100/><W7/><G7/><T24/><D112/><U46/><E105/><V30/><F30/><W85/><G39/><T44/><D83/><U12/><E101/><V5/><F5/><W78/><G124/><T70/><D70/><U22/><E46/><V49/><F67/><W60/><G131/><T111/><D111/><U107/><E107/><V25/><REACH who="2" step="1"/><F49/><REACH who="2" ten="257,153,385,195" step="2"/><W1/><G103/><N who="0" m="60863" /><D121/><U77/><E37/><V11/><F11/><W91/><G1/><T123/><D120/><U129/><E36/><V99/><F99/><W89/><G108/><T96/><D96/><N who="1" m="57399" /><E129/><V9/><F9/><W26/><G104/><T18/><D123/><U82/><E119/><V51/><F51/><W98/><G98/><T29/><D29/><U34/><E118/><V109/><F109/><W0/><G0/><T27/><D4/><U8/><E116/><V79/><F79/><W2/><G78/><T110/><D110/><U125/><E125/><V45/><F45/><N who="0" m="17482" /><D40/><U61/><E77/><V43/><F43/><W19/><G2/><T102/><D102/><U84/><E65/><V68/><F68/><W31/><G31/><T63/><D63/><U126/><E61/><V32/><F32/><W71/><G60/><RYUUKYOKU ba="1,1" sc="257,15,153,-15,385,15,195,-15" hai0="10,15,18,24,27,48,52" hai2="17,25,41,42,50,53,57,62,64,69,87,88,92" /><INIT seed="2,2,1,0,4,131" ten="272,138,400,180" oya="2" hai0="118,46,48,101,2,70,86,9,89,45,87,114,71" hai1="96,1,61,91,13,113,55,52,24,53,90,54,67" hai2="0,49,19,124,122,14,112,12,50,25,94,84,27" hai3="69,30,127,135,129,38,15,115,28,99,43,106,78"/><V110/><F122/><W73/><G78/><T62/><D114/><U41/><E1/><V32/><F0/><W58/><G58/><T51/><D118/><U126/><E113/><V35/><F112/><W117/><G99/><T37/><D37/><U119/><E119/><V81/><F124/><W77/><G77/><T111/><D111/><U56/><E126/><V59/><F110/><W98/><G98/><T104/><D104/><U68/><E41/><V107/><F107/><W21/><G15/><T76/><D101/><U31/><E13/><V100/><F35/><W121/><G28/><T60/><D2/><U74/><E74/><V88/><F14/><W18/><G30/><T63/><D76/><U22/><REACH who="1" step="1"/><E96/><REACH who="1" ten="272,128,400,180" step="2"/><N who="2" m="59415" /><F32/><W105/><G115/><T6/><D6/><U34/><E34/><V4/><F4/><W125/><G117/><T8/><D89/><U80/><E80/><V5/><F5/><W39/><G125/><T120/><REACH who="0" step="1"/><D62/><AGARI ba="2,2" hai="22,24,31,52,53,54,55,56,61,62,67,68,90,91" machi="62" ten="40,2600,0" yaku="1,1,54,1,53,0" doraHai="131" doraHaiUra="97" who="1" fromWho="0" sc="272,-32,128,52,400,0,180,0" /><INIT seed="3,0,0,5,5,106" ten="240,180,400,180" oya="3" hai0="128,79,59,70,2,124,131,98,108,36,125,130,81" hai1="14,41,111,62,104,120,18,100,20,38,90,17,53" hai2="109,107,83,48,73,5,103,50,64,37,95,97,54" hai3="43,0,78,47,10,114,134,11,39,129,33,116,75"/><W126/><RYUUKYOKU type="yao9" ba="0,0" sc="240,0,180,0,400,0,180,0" hai3="0,10,11,33,39,43,47,75,78,114,116,126,129,134" /><INIT seed="3,1,0,3,4,107" ten="240,180,400,180" oya="3" hai0="84,76,97,22,111,73,114,74,44,79,17,63,128" hai1="2,20,59,90,68,77,75,60,28,32,129,126,8" hai2="110,132,1,119,123,61,104,29,82,69,34,125,50" hai3="47,89,112,36,43,33,135,93,130,100,134,4,109"/><W11/><G112/><T98/><D44/><U35/><E126/><V15/><RYUUKYOKU type="yao9" ba="1,0" sc="240,0,180,0,400,0,180,0" hai2="1,15,29,34,50,61,69,82,104,110,119,123,125,132" /><INIT seed="3,2,0,1,3,131" ten="240,180,400,180" oya="3" hai0="92,129,113,95,120,123,125,16,134,96,73,58,47" hai1="116,107,8,101,100,108,110,122,25,66,77,32,20" hai2="111,78,28,2,24,57,69,89,9,76,128,67,22" hai3="99,74,79,121,10,48,33,81,135,83,53,82,62"/><W44/><G121/><T23/><D73/><U56/><E122/><V13/><F69/><W26/><G135/><T127/><D129/><U11/><E32/><V115/><F128/><W51/><G62/><T5/><D5/><U55/><E66/><V0/><F115/><W106/><G10/><N who="1" m="3626" /><E77/><V90/><F111/><N who="1" m="42537" /><E107/><V49/><F0/><W98/><G98/><T45/><D113/><U114/><E116/><V6/><F2/><W29/><REACH who="3" step="1"/><G51/><REACH who="3" ten="240,180,400,170" step="2"/><T93/><D134/><U71/><E114/><V3/><F49/><W132/><G132/><T17/><D96/><U15/><E71/><V40/><F3/><W68/><G68/><T7/><D7/><U105/><E105/><V60/><F6/><W50/><G50/><T1/><D1/><U119/><E119/><V35/><F9/><W104/><G104/><T91/><D123/><U27/><E101/><AGARI ba="2,1" hai="26,29,33,44,48,53,74,79,81,82,83,99,101,106" machi="101" ten="40,2000,0" yaku="1,1,53,0" doraHai="131" doraHaiUra="86" who="3" fromWho="1" sc="240,0,180,-26,400,0,170,36" /><INIT seed="3,3,0,2,2,121" ten="240,154,400,206" oya="3" hai0="3,62,126,92,105,85,0,106,59,71,78,7,100" hai1="114,58,73,45,69,21,19,31,94,80,33,89,5" hai2="103,83,102,54,17,29,67,26,88,37,47,74,108" hai3="52,101,87,40,11,49,9,36,124,46,22,15,95"/><W13/><G124/><T25/><D126/><U56/><E114/><V12/><F108/><W90/><G101/><T1/><D71/><U118/><E118/><V18/><F67/><W131/><G131/><T133/><D133/><U128/><E69/><V50/><F37/><W104/><G104/><T4/><D106/><U79/><E128/><V81/><F74/><W129/><G129/><T99/><D25/><U134/><E134/><V16/><F12/><W76/><G76/><T75/><D75/><U24/><E45/><V35/><F83/><W57/><G15/><T43/><D43/><U132/><E5/><V135/><F135/><W20/><G20/><T28/><D28/><U70/><E70/><V98/><F81/><W60/><G36/><T77/><D105/><U23/><E132/><V55/><F54/><W72/><G72/><T130/><D130/><U113/><E113/><V97/><REACH who="2" step="1"/><F88/><REACH who="2" ten="240,154,390,206" step="2"/><W115/><G115/><T61/><D85/><U107/><E80/><V63/><F63/><W34/><G34/><T109/><D78/><U2/><E33/><V122/><F122/><W14/><G14/><T53/><D77/><U64/><E79/><V112/><F112/><W120/><G120/><T82/><D82/><U127/><E127/><V123/><F123/><W68/><G68/><T86/><D86/><N who="1" m="52535" /><E73/><V65/><F65/><W116/><G116/><T8/><D62/><U39/><E64/><V91/><F91/><W32/><G32/><T51/><D61/><U117/><E117/><V66/><F66/><W125/><G125/><T10/><D1/><U42/><E2/><RYUUKYOKU ba="3,1" sc="240,10,154,-30,390,10,206,10" hai0="0,3,4,7,8,10,51,53,59,92,99,100,109" hai2="16,17,18,26,29,35,47,50,55,97,98,102,103" hai3="9,11,13,22,40,46,49,52,57,60,87,90,95" /><INIT seed="3,4,1,0,5,44" ten="250,124,400,216" oya="3" hai0="91,112,43,120,65,86,6,128,85,88,35,108,104" hai1="72,122,39,27,131,18,110,53,124,78,34,134,95" hai2="22,98,4,61,123,21,67,62,56,133,93,89,55" hai3="94,16,69,114,74,25,13,20,99,50,135,42,57"/><W24/><G114/><T1/><D120/><U73/><E122/><V26/><F123/><W126/><G126/><T121/><D121/><U90/><E39/><V37/><F37/><W116/><G116/><T102/><D35/><U46/><E124/><V48/><F133/><W79/><G135/><T97/><D65/><U14/><E134/><V38/><F38/><W5/><G69/><T75/><D43/><U76/><E131/><V129/><F129/><W101/><G5/><T17/><D17/><U51/><E110/><V115/><F115/><W52/><REACH who="3" step="1"/><G42/><REACH who="3" ten="250,124,400,206" step="2"/><T119/><D119/><U41/><E41/><V64/><F4/><W63/><G63/><T12/><D6/><U7/><E7/><V30/><F62/><W23/><G23/><T111/><D128/><U58/><E34/><V84/><F22/><W2/><G2/><T81/><D1/><U31/><E73/><V33/><F33/><W70/><G70/><T68/><D68/><U132/><E72/><V107/><F61/><W83/><AGARI ba="4,2" hai="13,16,20,24,25,50,52,57,74,79,83,94,99,101" machi="83" ten="30,18000,2" yaku="1,1,0,1,52,1,54,2,53,1" doraHai="44" doraHaiUra="49" who="3" fromWho="3" sc="250,-64,124,-64,400,-64,206,212" /><INIT seed="3,5,0,4,5,124" ten="186,60,336,418" oya="3" hai0="2,116,123,86,34,77,98,58,62,19,104,100,59" hai1="84,66,85,76,92,15,9,37,57,78,30,13,113" hai2="88,125,109,41,74,44,79,1,49,7,117,129,5" hai3="14,25,130,56,36,32,93,111,72,39,8,40,55"/><W4/><G72/><T70/><D123/><U69/><E113/><V134/><F125/><W127/><G127/><T12/><D116/><U90/><E37/><V22/><F117/><W20/><G130/><T38/><D2/><U122/><E122/><V33/><F33/><W82/><G32/><T87/><D38/><U103/><E103/><V46/><F109/><W35/><G35/><T27/><D70/><U95/><E69/><V121/><F121/><W110/><G82/><T61/><D27/><U50/><E30/><V135/><F129/><W114/><G93/><T68/><D68/><U80/><E76/><V126/><F126/><W11/><G11/><T0/><D0/><U3/><E3/><V28/><F1/><W10/><G10/><T43/><D43/><U60/><E50/><V73/><F46/><W101/><G101/><T29/><D29/><U91/><REACH who="1" step="1"/><E9/><REACH who="1" ten="186,50,336,418" step="2"/><V67/><F79/><W81/><G114/><T94/><D77/><U102/><E102/><V96/><F49/><W53/><G39/><T17/><D104/><U75/><AGARI ba="5,1" hai="13,15,57,60,66,75,78,80,84,85,90,91,92,95" machi="75" ten="20,5200,0" yaku="1,1,0,1,7,1,9,1,53,0" doraHai="124" doraHaiUra="131" who="1" fromWho="1" sc="186,-18,50,77,336,-18,418,-31" /><INIT seed="4,0,0,0,3,32" ten="168,127,318,387" oya="0" hai0="130,0,104,111,45,93,132,123,9,68,71,99,87" hai1="6,54,3,109,48,82,4,11,58,44,101,51,86" hai2="105,49,52,36,127,60,112,19,106,29,116,64,1" hai3="41,12,61,73,53,131,59,92,74,35,47,90,21"/><T69/><D123/><U96/><E109/><V78/><F36/><W135/><G35/><T122/><D122/><U65/><E6/><V114/><F116/><W120/><G131/><T55/><D104/><U67/><E96/><V119/><F119/><W85/><G135/><T83/><D132/><U75/><E101/><V13/><F29/><W14/><G120/><T7/><D130/><U97/><E97/><V125/><F78/><W28/><G14/><T39/><D111/><U70/><E75/><V18/><F1/><W95/><G95/><T117/><D117/><U124/><E124/><N who="2" m="47691" /><F106/><W89/><G89/><T63/><D39/><U129/><E70/><N who="2" m="42247" /><F105/><W5/><G28/><T108/><D108/><U17/><E17/><N who="2" m="6155" /><F13/><W98/><G98/><T30/><D30/><U56/><E129/><V128/><F128/><W72/><G72/><T91/><D45/><AGARI ba="0,0" hai="45,49,52,112,114" m="6155,42247,47691" machi="45" ten="30,2000,0" yaku="18,1,54,1" doraHai="32" who="2" fromWho="0" sc="168,-20,127,0,318,20,387,0" /><INIT seed="5,0,0,1,4,104" ten="148,127,338,387" oya="1" hai0="48,89,91,10,27,124,9,12,33,20,65,93,6" hai1="52,116,47,69,59,80,41,98,114,0,68,39,97" hai2="32,29,50,67,45,79,42,99,129,66,88,13,101" hai3="55,110,46,40,123,19,111,90,15,31,92,49,96"/><U118/><E0/><V2/><F129/><W109/><G123/><T134/><D134/><U30/><E114/><V72/><F2/><W86/><G31/><T62/><D124/><U95/><E30/><V53/><F32/><W3/><G3/><T23/><D33/><U34/><E34/><V76/><F29/><W122/><G122/><T63/><D9/><U11/><E11/><V132/><F132/><W108/><G108/><T94/><D48/><U127/><E127/><V25/><F25/><W131/><G131/><T17/><D20/><U64/><E80/><V37/><F13/><W100/><G40/><T119/><D119/><U26/><E26/><V73/><F79/><W75/><G75/><T82/><D82/><U106/><E106/><V70/><F76/><W102/><REACH who="3" step="1"/><G96/><REACH who="3" ten="148,127,338,377" step="2"/><N who="0" m="57391" /><D65/><U14/><E98/><AGARI ba="0,1" hai="6,10,12,17,23,27,62,63,91,94,98" m="57391" machi="98" ten="30,1000,0" yaku="8,1" doraHai="104" who="0" fromWho="1" sc="148,20,127,-10,338,0,377,0" /><INIT seed="6,0,0,2,2,94" ten="168,117,338,377" oya="2" hai0="66,112,64,69,126,67,96,75,50,16,131,61,30" hai1="99,51,60,124,40,115,5,83,59,29,76,12,104" hai2="10,46,37,57,6,74,54,122,77,39,97,105,84" hai3="33,35,81,56,93,98,80,116,79,26,121,82,101"/><V49/><F122/><W91/><G116/><T92/><D75/><U113/><E124/><V119/><F119/><W58/><G121/><T90/><D126/><U19/><E29/><V47/><F74/><W68/><G68/><T23/><D112/><N who="1" m="43083" /><E5/><V27/><F27/><W9/><G9/><T95/><D131/><U38/><E38/><V32/><F32/><W17/><G35/><T21/><D21/><N who="1" m="11495" /><E40/><V70/><F70/><W114/><G114/><T53/><D30/><U78/><E51/><V44/><F77/><W28/><G17/><T4/><D4/><U45/><E45/><V118/><F84/><W134/><G134/><T86/><D50/><U43/><E43/><V89/><F118/><W132/><G132/><T85/><D53/><N who="1" m="33903" /><E83/><V100/><REACH who="2" step="1"/><F89/><REACH who="2" ten="168,117,328,377" step="2"/><W7/><G91/><T34/><D34/><U109/><E109/><V55/><F55/><W22/><G79/><T0/><D85/><U24/><E24/><V73/><F73/><W25/><G25/><T48/><D69/><U36/><E36/><V11/><F11/><W72/><G72/><T18/><D86/><U103/><AGARI ba="0,1" hai="76,78,99,103,104" m="33903,11495,43083" machi="103" ten="30,2000,0" yaku="15,1,52,1" doraHai="94" who="1" fromWho="1" sc="168,-5,117,30,328,-10,377,-5" /><INIT seed="7,0,0,0,2,93" ten="163,147,318,372" oya="3" hai0="104,102,23,70,130,116,95,61,125,34,79,56,41" hai1="36,12,38,127,134,128,99,94,28,3,25,75,32" hai2="133,9,35,4,5,30,18,48,88,50,103,90,2" hai3="40,43,91,96,46,7,24,97,6,10,62,44,1"/><W64/><G24/><T117/><D34/><U77/><E3/><V86/><F133/><W49/><G7/><T107/><D70/><U120/><E120/><V15/><F103/><W68/><G91/><T100/><D41/><U119/><E119/><V45/><F35/><W98/><G98/><T122/><D122/><U47/><E134/><V57/><F30/><W52/><G52/><T114/><D79/><U109/><E109/><V108/><F108/><W78/><G78/><T16/><D95/><U67/><E67/><V111/><F111/><W37/><AGARI ba="0,0" hai="1,6,10,37,40,43,44,46,49,62,64,68,96,97" machi="37" ten="20,7800,0" yaku="0,1,7,1,52,2" doraHai="93" who="3" fromWho="3" sc="163,-26,147,-26,318,-26,372,78" owari="137,-26.0,121,-38.0,292,9.0,450,55.0" /></mjloggm>