<mjloggm ver="2.3"><GO type="169"/><UN n0="%E4%B8%B8%E5%8A%A9" n1="%EF%BC%88%E2%89%A7%E2%96%BD%E2%89%A6%EF%BC%89" n2="%E6%9D%A5%E6%A0%96%E9%B3%A5" n3="%E5%8F%A4%E6%B8%85%E6%B0%B4%E5%87%9B" dan="16,16,16,16" rate="2123,2100,2140,2118" sx="M,M,M,F"/><TAIKYOKU oya="0"/><INIT seed="0,0,0,1,0,81" ten="250,250,250,250" oya="0" hai0="131,113,72,85,3,87,111,88,15,96,12,16,7" hai1="86,5,18,75,101,108,70,99,38,50,23,11,55" hai2="71,2,102,123,64,62,73,58,100,17,115,57,92" hai3="39,9,36,49,21,32,13,90,34,104,94,47,14"/><T42/><D72/><U122/><E75/><V117/><F115/><W121/><G104/><T74/><D74/><U112/><E38/><V43/><F2/><W56/><G121/><T69/><D69/><U8/><E122/><V65/><F123/><W105/><G105/><T76/><D113/><U53/><E70/><V119/><F73/><W40/><G36/><T114/><D114/><U48/><E108/><V60/><F71/><W61/><G39/><T24/><D3/><U130/><E112/><V10/><F43/><W46/><G46/><T83/><D111/><U84/><E130/><V133/><F133/><W82/><G82/><N who="0" m="47303" /><D131/><U51/><E101/><V132/><F132/><W77/><G77/><T89/><D42/><U120/><E99/><V68/><F68/><W67/><G21/><N who="0" m="13351" /><D7/><U98/><E98/><V134/><F134/><W45/><G34/><T80/><D80/><U33/><E33/><V20/><F10/><N who="1" m="3625" /><E5/><V97/><F102/><W29/><G32/><T116/><D116/><U35/><E35/><V135/><REACH who="2" step="1"/><F135/><REACH who="2" ten="250,250,240,250" step="2"/><W79/><G40/><T63/><D63/><U107/><E120/><V125/><F125/><W19/><G61/><T31/><D31/><U127/><E127/><V118/><F118/><W30/><G29/><T28/><D28/><U103/><E107/><V52/><F52/><N who="1" m="20041" /><E103/><V126/><F126/><W25/><G30/><T110/><D110/><U95/><E95/><AGARI ba="0,1" hai="12,15,83,87,88,89,95,96" m="13351,47303" machi="95" ten="30,12000,1" yaku="8,1,52,2,54,2" doraHai="81" who="0" fromWho="1" sc="250,130,250,-120,240,0,250,0" /><INIT seed="0,1,0,5,4,75" ten="380,130,240,250" oya="0" hai0="41,44,6,57,117,129,99,32,30,128,83,70,130" hai1="123,77,72,2,31,108,7,74,107,51,90,106,15" hai2="49,54,135,40,91,132,60,92,65,87,126,118,37" hai3="112,73,94,116,67,131,5,43,29,1,119,125,50"/><T115/><D70/><U124/><E2/><V63/><F118/><W42/><G73/><N who="1" m="28266" /><E7/><V8/><F8/><W121/><G121/><T79/><D117/><U133/><E15/><V38/><F126/><W89/><G125/><T98/><D115/><U22/><E22/><V103/><F103/><W55/><G67/><T56/><D6/><U25/><E25/><V84/><F84/><W13/><G112/><T110/><D110/><U101/><E31/><V62/><F65/><W78/><G1/><T82/><D32/><U17/><E17/><V36/><F40/><W102/><G102/><T21/><D30/><U68/><E68/><V97/><F87/><W27/><G13/><T45/><D21/><U53/><E123/><V34/><F34/><W105/><G27/><T86/><D83/><U120/><E120/><V104/><F104/><N who="1" m="39977" /><E124/><V127/><F127/><W11/><G11/><T3/><D3/><U9/><E101/><V46/><AGARI ba="1,0" hai="36,37,38,46,49,54,60,62,63,91,92,97,132,135" machi="46" ten="40,1500,0" yaku="0,1" doraHai="75" who="2" fromWho="2" sc="380,-8,130,-5,240,18,250,-5" /><INIT seed="1,0,0,1,5,65" ten="372,125,258,245" oya="1" hai0="98,34,12,132,33,23,61,8,126,14,91,30,36" hai1="116,84,85,41,44,2,59,73,110,71,19,46,40" hai2="26,28,135,77,22,75,106,105,29,117,5,107,48" hai3="18,43,7,93,32,104,118,95,133,112,97,6,120"/><U74/><E2/><V127/><F127/><W64/><G120/><T76/><D36/><U49/><E116/><V69/><F117/><W54/><G32/><T21/><D126/><U130/><E130/><V57/><F5/><W25/><G43/><T103/><D91/><U131/><E131/><V81/><F135/><W35/><G104/><T42/><D132/><U129/><E129/><V88/><F29/><W38/><G112/><T128/><D42/><U70/><E59/><V94/><F69/><W24/><G38/><T102/><D128/><U4/><E19/><V108/><F108/><W87/><G18/><T78/><D61/><U20/><E20/><V68/><F68/><W37/><G37/><T16/><D30/><U134/><E134/><V27/><F27/><W15/><G25/><T99/><D16/><U86/><E86/><V125/><F125/><W1/><G87/><T13/><REACH who="0" step="1"/><D14/><REACH who="0" ten="362,125,258,245" step="2"/><U80/><E49/><V9/><F48/><W50/><G15/><T55/><D55/><U60/><E60/><V121/><F121/><W100/><G54/><T124/><D124/><U58/><E4/><V0/><F0/><W109/><G1/><T17/><D17/><U113/><E113/><V90/><F90/><W114/><G50/><T119/><D119/><U83/><REACH who="1" step="1"/><E58/><REACH who="1" ten="362,115,258,245" step="2"/><V115/><F57/><W39/><G114/><T47/><D47/><U53/><E53/><V92/><F115/><W3/><G118/><T10/><AGARI ba="0,2" hai="8,10,12,13,21,23,33,34,76,78,98,99,102,103" machi="10" ten="25,6400,0" yaku="1,1,0,1,22,2,53,0" doraHai="65" doraHaiUra="63" who="0" fromWho="0" sc="362,84,115,-32,258,-16,245,-16" /><INIT seed="2,0,0,2,5,75" ten="446,83,242,229" oya="2" hai0="58,14,100,74,27,124,77,87,84,81,43,55,104" hai1="39,93,0,10,68,71,116,90,45,110,118,18,48" hai2="12,46,1,61,8,13,98,25,82,123,62,131,73" hai3="28,54,102,60,64,119,135,107,49,2,106,34,5"/><V92/><F131/><W78/><G135/><T57/><D43/><U32/><E110/><V125/><F125/><W20/><G119/><T83/><D124/><U69/><E32/><V132/><F123/><W36/><G36/><T37/><D37/><U33/><E33/><V94/><F94/><W95/><G34/><T44/><D74/><U108/><E39/><V117/><F117/><W65/><G5/><T127/><D127/><U79/><E108/><V63/><F25/><W101/><G2/><T23/><D14/><U4/><E18/><V97/><F97/><W16/><G28/><T122/><D122/><U59/><E59/><V66/><F132/><W99/><G101/><T121/><D121/><U128/><E128/><V56/><F1/><W91/><G78/><N who="0" m="46199" /><D100/><U52/><REACH who="1" step="1"/><E79/><REACH who="1" ten="446,73,242,229" step="2"/><V29/><F29/><W21/><G16/><N who="0" m="12775" /><D104/><U41/><E41/><V80/><F73/><W9/><G106/><T115/><D115/><U31/><E31/><V7/><F66/><W53/><G107/><T6/><D6/><U72/><E72/><V15/><F56/><N who="0" m="21610" /><D55/><U47/><E47/><AGARI ba="0,1" hai="44,47,77,81,87" m="21610,12775,46199" machi="47" ten="30,7700,0" yaku="8,1,52,2,54,1" doraHai="75" who="0" fromWho="1" sc="446,87,73,-77,242,0,229,0" owari="533,63.0,-4,-50.0,242,4.0,229,-17.0" /></mjloggm>