<mjloggm ver="2.3"><GO type="169" lobby="0"/><UN n0="%41%53%41%50%49%4E" n1="%E7%AB%8B%E8%8F%AF%E5%A5%8F" n2="%EF%BC%88%E2%89%A7%E2%96%BD%E2%89%A6%EF%BC%89" n3="%E6%AD%A6%E5%A3%AB%E6%B2%A2%E7%A7%80%E8%A1%8C" dan="19,16,17,17" rate="2216,2107,2122,2141" sx="M,F,M,M"/><TAIKYOKU oya="0"/><INIT seed="0,0,0,1,5,63" ten="250,250,250,250" oya="0" hai0="67,72,79,80,68,36,22,20,25,75,81,38,71" hai1="1,11,62,40,4,105,2,58,88,85,103,116,92" hai2="19,43,23,32,101,70,124,47,49,57,8,125,78" hai3="93,106,86,90,52,100,89,50,59,109,61,64,117"/><T37/><D25/><U53/><E116/><V14/><F32/><W45/><G117/><T94/><D94/><U31/><E40/><V127/><F70/><W33/><G33/><T3/><D3/><U13/><REACH who="1" step="1"/><E31/><REACH who="1" ten="250,240,250,250" step="2"/><V10/><F78/><W46/><G109/><T121/><D79/><U132/><E132/><V15/><F101/><W27/><G27/><T34/><D121/><U118/><E118/><V83/><F83/><W111/><G111/><T77/><D77/><U9/><E9/><V128/><F128/><W18/><G18/><T55/><D80/><U126/><E126/><V73/><F73/><W7/><G7/><T60/><D81/><U112/><E112/><V133/><F133/><W113/><G113/><T115/><D115/><U6/><E6/><V26/><F10/><W104/><G100/><T99/><D75/><U69/><E69/><V30/><F30/><W39/><REACH who="3" step="1"/><G90/><REACH who="3" ten="250,240,250,240" step="2"/><T76/><D76/><U134/><E134/><V91/><F91/><W16/><G16/><T56/><D72/><U41/><E41/><AGARI ba="0,2" hai="39,41,45,46,50,52,59,61,64,86,89,93,104,106" machi="41" ten="40,5200,0" yaku="1,1,52,1,54,1,53,0" doraHai="63" doraHaiUra="0" who="3" fromWho="1" sc="250,0,240,-52,250,0,240,72" /><INIT seed="1,0,0,4,2,11" ten="250,188,250,312" oya="1" hai0="74,66,71,33,61,68,98,19,88,126,8,84,106" hai1="41,56,72,83,78,44,102,110,77,50,64,9,58" hai2="47,76,52,17,79,22,135,35,87,80,23,133,86" hai3="42,100,85,121,94,34,123,122,49,99,114,131,24"/><U115/><E115/><V62/><F35/><W28/><G114/><T97/><D74/><U57/><E110/><V21/><F17/><W108/><G108/><T75/><D75/><U7/><E102/><V60/><F47/><W53/><G131/><T46/><D33/><U73/><E64/><V82/><REACH who="2" step="1"/><F52/><REACH who="2" ten="250,188,240,312" step="2"/><W32/><G32/><T63/><D46/><U43/><E43/><V112/><F112/><W39/><G42/><T107/><D19/><U2/><REACH who="1" step="1"/><E57/><REACH who="1" ten="250,178,240,312" step="2"/><V103/><F103/><W40/><G100/><T69/><D69/><U36/><E36/><V127/><F127/><W15/><G40/><T5/><D126/><U96/><E96/><V124/><F124/><W55/><G39/><T10/><D97/><U20/><E20/><V101/><F101/><W67/><G67/><T27/><D98/><U104/><E104/><V59/><F59/><W4/><G99/><T105/><D66/><U116/><E116/><V26/><F26/><W70/><G24/><T118/><D27/><U134/><E134/><AGARI ba="0,2" hai="21,22,23,60,62,76,79,80,82,86,87,133,134,135" machi="134" ten="40,5200,0" yaku="1,1,9,1,20,1,53,0" doraHai="11" doraHaiUra="90" who="2" fromWho="1" sc="250,0,178,-52,240,72,312,0" /><INIT seed="2,0,0,3,4,62" ten="250,126,312,312" oya="2" hai0="106,114,132,105,19,27,2,55,128,87,86,15,39" hai1="51,56,131,82,33,127,10,93,14,31,72,53,88" hai2="111,18,7,97,44,60,57,46,38,113,3,23,123" hai3="28,109,36,17,54,103,16,67,108,11,37,107,48"/><V121/><F123/><W89/><G28/><T134/><D2/><U85/><E127/><V22/><F121/><W118/><G118/><T129/><D39/><N who="3" m="14921" /><G89/><T119/><D114/><U84/><E72/><V41/><F113/><W35/><G35/><T90/><D119/><U122/><E122/><V24/><F111/><N who="3" m="42571" /><G11/><T58/><D27/><U68/><E68/><V78/><F78/><W65/><G103/><T5/><D5/><U99/><E131/><N who="0" m="50249" /><D15/><U13/><E13/><V4/><F3/><W47/><G107/><N who="0" m="40971" /><D19/><AGARI ba="0,0" hai="16,17,19,47,48,54,65,67" m="42571,14921" machi="19" ten="30,7700,0" yaku="14,1,52,2,54,1" doraHai="62" who="3" fromWho="0" sc="250,-77,126,0,312,0,312,77" /><INIT seed="3,0,0,3,1,29" ten="173,126,312,389" oya="3" hai0="90,87,66,89,112,101,0,115,104,28,55,14,72" hai1="65,102,15,20,126,100,62,61,83,6,9,68,81" hai2="108,125,69,77,109,97,91,21,47,3,82,36,64" hai3="71,32,23,117,49,94,43,135,2,129,134,59,92"/><W4/><G117/><T133/><D0/><U53/><E126/><V106/><F3/><W96/><G71/><T35/><D72/><U76/><E20/><V119/><F119/><W75/><G75/><T113/><D133/><U34/><E34/><V58/><F125/><W73/><G32/><T103/><D66/><U127/><E127/><V84/><F69/><W56/><G73/><T7/><D7/><U128/><E128/><V116/><F116/><W31/><G129/><T118/><D118/><U110/><E110/><N who="2" m="42603" /><F21/><W98/><G4/><T25/><D14/><U107/><E107/><V30/><F30/><W78/><G78/><T46/><D104/><U111/><E111/><V27/><F27/><W60/><G2/><T50/><REACH who="0" step="1"/><D90/><REACH who="0" ten="163,126,312,389" step="2"/><U86/><REACH who="1" step="1"/><E83/><AGARI ba="0,1" hai="25,28,35,46,50,55,83,87,89,101,103,112,113,115" machi="83" ten="40,8000,1" yaku="1,1,2,1,11,1,52,1,53,0" doraHai="29" doraHaiUra="67" who="0" fromWho="1" sc="163,90,126,-80,312,0,389,0" /><INIT seed="4,0,0,5,1,106" ten="253,46,312,389" oya="0" hai0="31,75,82,15,103,16,124,117,43,56,135,4,42" hai1="77,100,30,11,18,130,46,74,126,57,97,9,88" hai2="27,92,0,1,128,85,64,49,86,116,76,59,8" hai3="55,89,123,119,112,90,22,39,63,107,19,113,13"/><T10/><D117/><U24/><E126/><V78/><F116/><W129/><G119/><T96/><D124/><U114/><E130/><V5/><F128/><W122/><G39/><T83/><D135/><U52/><E114/><N who="3" m="44138" /><G107/><T68/><D68/><U120/><E120/><N who="3" m="46122" /><G129/><T40/><D31/><U118/><E118/><V80/><F0/><W44/><G63/><T65/><D56/><U47/><E18/><V125/><F125/><W2/><G2/><T108/><D65/><U70/><E70/><V102/><F27/><W61/><G44/><T34/><D34/><U7/><E88/><V87/><F78/><W110/><G110/><T38/><D108/><U121/><E121/><V53/><F64/><W17/><G17/><T94/><D38/><U26/><E26/><V93/><REACH who="2" step="1"/><F102/><REACH who="2" ten="253,46,302,389" step="2"/><W54/><G13/><T72/><REACH who="0" step="1"/><D4/><REACH who="0" ten="243,46,302,389" step="2"/><U95/><E7/><V131/><F131/><W79/><G19/><T67/><D67/><U91/><E100/><V66/><F66/><W29/><G29/><T60/><D60/><U6/><E6/><V133/><F133/><W21/><G61/><T71/><D71/><U50/><E9/><V3/><F3/><W45/><G22/><T109/><D109/><U12/><E11/><V115/><F115/><W36/><G21/><T69/><D69/><U99/><E12/><V14/><F14/><W132/><G132/><T28/><D28/><U98/><E30/><V105/><F105/><W48/><G36/><T101/><D101/><U73/><E24/><V37/><F37/><W35/><G35/><T127/><D127/><U111/><E111/><RYUUKYOKU ba="0,2" sc="243,15,46,-15,302,15,389,-15" hai0="10,15,16,40,42,43,72,75,82,83,94,96,103" hai2="1,5,8,49,53,59,76,80,85,86,87,92,93" /><INIT seed="4,1,2,3,5,112" ten="258,31,317,374" oya="0" hai0="9,59,66,135,69,118,47,126,29,5,13,11,100" hai1="83,123,38,32,78,53,105,15,19,90,92,127,86" hai2="22,108,115,129,42,23,130,81,10,95,65,85,82" hai3="2,77,72,88,49,124,114,61,35,48,74,46,110"/><T55/><D135/><U31/><E123/><V79/><F108/><W36/><G35/><T33/><D126/><U109/><E109/><V26/><F115/><W75/><G2/><T24/><D47/><U25/><E127/><V18/><F42/><W70/><G110/><T17/><D100/><U34/><E105/><V104/><F104/><W119/><G124/><T16/><D118/><U21/><E38/><V30/><F65/><W122/><G119/><T98/><D98/><U91/><E53/><V37/><F37/><W111/><G111/><T87/><D87/><U125/><E125/><V134/><F134/><W94/><G122/><T71/><D66/><U1/><E1/><V113/><F113/><W57/><G70/><T50/><REACH who="0" step="1"/><D17/><REACH who="0" ten="248,31,317,374" step="2"/><U27/><E92/><V128/><F95/><W62/><G114/><T7/><D7/><U131/><E131/><V52/><F82/><W106/><G106/><T102/><D102/><U51/><E51/><V43/><F129/><W103/><G103/><T3/><AGARI ba="1,3" hai="3,5,9,11,13,16,24,29,33,50,55,59,69,71" machi="3" ten="20,7800,0" yaku="1,1,0,1,7,1,54,1,53,0" doraHai="112" doraHaiUra="84" who="0" fromWho="0" sc="248,111,31,-27,317,-27,374,-27" /><INIT seed="4,2,0,0,5,54" ten="359,4,290,347" oya="0" hai0="43,45,106,130,22,31,59,26,10,117,7,8,61" hai1="62,96,68,128,20,112,129,53,95,18,23,85,39" hai2="93,17,83,28,9,4,91,97,75,99,65,103,135" hai3="102,66,38,98,111,35,42,107,118,76,2,105,33"/><T69/><D117/><U82/><E39/><V100/><F135/><W81/><G118/><T77/><D106/><U87/><E112/><V14/><F28/><W133/><G107/><T3/><D130/><N who="1" m="50283" /><E68/><V115/><F115/><W73/><G111/><T24/><D69/><U21/><E18/><V121/><F121/><W71/><G133/><T52/><D8/><U0/><E0/><V80/><F75/><W108/><G108/><T114/><D114/><U88/><E82/><V57/><F4/><W47/><G2/><T32/><D77/><U84/><E84/><V122/><F122/><W5/><G5/><T120/><D120/><U25/><E25/><V131/><F131/><W132/><G132/><T90/><D90/><U16/><E16/><V74/><F74/><W110/><G110/><T34/><D26/><U113/><E113/><V48/><F91/><W49/><G49/><AGARI ba="2,0" hai="3,7,10,22,24,31,32,34,43,45,49,52,59,61" machi="49" ten="30,5800,0" yaku="7,1,52,1,54,1" doraHai="54" who="0" fromWho="3" sc="359,64,4,0,290,0,347,-64" /><INIT seed="4,3,0,2,5,74" ten="423,4,290,283" oya="0" hai0="86,106,35,4,27,125,42,123,95,91,58,34,1" hai1="129,85,70,69,75,8,76,64,47,15,105,124,16" hai2="59,94,88,30,115,33,41,79,50,57,98,96,73" hai3="81,29,0,117,116,36,71,113,72,61,78,109,49"/><T126/><D123/><U44/><E105/><V55/><F115/><W134/><G113/><T21/><D106/><U118/><E118/><V6/><F41/><W65/><G134/><T9/><D42/><U83/><E124/><N who="0" m="47721" /><D58/><U108/><E108/><V53/><F6/><W101/><G109/><T87/><D87/><U45/><E129/><V56/><F98/><W127/><G127/><T103/><D103/><U40/><E40/><V46/><F55/><W84/><G36/><T11/><D11/><U80/><E64/><V90/><F90/><W107/><G0/><T17/><AGARI ba="3,0" hai="1,4,9,17,21,27,34,35,86,91,95" m="47721" machi="17" ten="30,1500,0" yaku="18,1" doraHai="74" who="0" fromWho="0" sc="423,24,4,-8,290,-8,283,-8" owari="447,54.0,-4,-50.0,282,8.0,275,-12.0" /></mjloggm>