<mjloggm ver="2.3"><GO type="137"/><UN n0="%E5%B1%B1%E7%A7%91%E3%81%AE%E5%B8%9D%E7%8E%8B" n1="%E3%81%B2%E3%81%93%E3%81%86%E3%81%9B%E3%82%93" n2="%E3%81%A9%E3%82%89%E3%81%94" n3="%EF%BC%88%E2%89%A7%E2%96%BD%E2%89%A6%EF%BC%89" dan="13,11,12,12" rate="1777,1620,1685,1880" sx="M,M,M,M"/><TAIKYOKU oya="0"/><INIT seed="0,0,0,2,0,24" ten="250,250,250,250" oya="0" hai0="117,80,112,27,35,28,113,58,42,17,12,32,106" hai1="8,57,120,11,41,69,78,54,101,66,77,104,111" hai2="123,96,25,129,132,22,91,62,63,23,38,39,36" hai3="53,10,71,81,0,20,105,47,43,21,115,30,18"/><T72/><D106/><U64/><E120/><V68/><F129/><W40/><G105/><T65/><D42/><U127/><E127/><V59/><F132/><W26/><G115/><T34/><D58/><U125/><E125/><V14/><F123/><W108/><G108/><T107/><D107/><U19/><E111/><V95/><F68/><W99/><G71/><T84/><D65/><U90/><E41/><V3/><F3/><W82/><G99/><T85/><D72/><U61/><E66/><V73/><F73/><W122/><G122/><T133/><D133/><U109/><E109/><V7/><F7/><W114/><G114/><T9/><D117/><U93/><E101/><V4/><F63/><W2/><G2/><T94/><D94/><U126/><E104/><V102/><F91/><W75/><G75/><T52/><D52/><U44/><E44/><V83/><F83/><N who="3" m="31755" /><G10/><T98/><D98/><U131/><E131/><V100/><F102/><W48/><G0/><T5/><D85/><U31/><E126/><V119/><F119/><W15/><AGARI ba="0,0" hai="15,18,20,21,26,30,40,43,47,48,53" m="31755" machi="15" ten="30,2000,0" yaku="8,1,52,1" doraHai="24" who="3" fromWho="3" sc="250,-10,250,-5,250,-5,250,20" /><INIT seed="1,0,0,0,1,95" ten="240,245,245,270" oya="1" hai0="72,101,80,53,62,67,99,47,34,94,2,112,15" hai1="40,89,73,84,22,32,104,45,118,126,117,13,111" hai2="26,10,77,76,29,124,103,129,21,24,0,17,122" hai3="39,1,82,123,109,6,27,31,97,85,83,70,51"/><U57/><E126/><V130/><F122/><W107/><G123/><T59/><D34/><U78/><E32/><V100/><F124/><W134/><G39/><T98/><D112/><U58/><E104/><V14/><F77/><W87/><G134/><T43/><D2/><U9/><E22/><V92/><F76/><W25/><G109/><T131/><D131/><U35/><E35/><V71/><F71/><W69/><G1/><T16/><D72/><U30/><E30/><V12/><F92/><W3/><G3/><T33/><D33/><U54/><E58/><V44/><F44/><W91/><G6/><T48/><D80/><U113/><E78/><V132/><F103/><W88/><G51/><T50/><D94/><U8/><E8/><V108/><F100/><W28/><REACH who="3" step="1"/><G97/><REACH who="3" step="2"/><T42/><D101/><U115/><E111/><V116/><F108/><W56/><G56/><N who="0" m="37319" /><D42/><U121/><E121/><V52/><F116/><W102/><G102/><T61/><D50/><U90/><E115/><V74/><F132/><W93/><G93/><T114/><D114/><U81/><E113/><V46/><F0/><W37/><G37/><T41/><D41/><U65/><E118/><V106/><F106/><AGARI ba="0,1" hai="25,27,28,31,69,70,82,83,85,87,88,91,106,107" machi="106" ten="25,6400,0" yaku="1,1,22,2,54,1,53,0" doraHai="95" doraHaiUra="68" who="3" fromWho="2" sc="240,0,245,0,245,-64,260,74" /><INIT seed="2,0,0,3,1,82" ten="240,245,181,334" oya="2" hai0="120,57,131,105,93,124,90,117,49,2,19,16,35" hai1="109,99,59,30,67,86,133,52,107,60,85,106,6" hai2="38,128,89,48,4,20,51,25,33,79,91,27,114" hai3="32,102,80,34,126,39,74,116,43,84,115,1,121"/><V40/><F38/><W29/><G121/><T81/><D120/><U112/><E112/><V45/><F114/><W17/><G115/><T71/><D71/><U134/><E109/><V3/><F128/><W37/><G116/><T119/><D105/><N who="1" m="39947" /><E6/><V21/><F33/><W47/><G126/><T110/><D110/><U72/><E99/><V130/><F130/><W96/><G74/><T75/><D75/><U104/><E72/><V24/><F79/><W83/><G1/><T23/><D2/><U123/><E30/><V42/><F4/><W46/><G17/><T78/><D35/><U55/><E123/><V54/><F3/><W108/><G108/><T0/><D0/><U62/><N who="1" m="39955" /><U5/><DORA hai="111" /><E5/><V88/><F54/><N who="1" m="20521" /><E62/><V69/><F69/><W65/><G96/><T56/><D131/><U68/><E68/><V92/><REACH who="2" step="1"/><F92/><REACH who="2" step="2"/><W95/><G95/><T66/><D93/><U87/><E59/><V100/><F100/><W103/><G103/><T11/><D57/><U127/><E127/><V101/><F101/><W77/><G102/><T61/><D124/><U70/><E70/><V132/><F132/><N who="1" m="50793" /><E60/><V53/><F53/><W64/><G32/><T31/><D61/><U125/><E125/><V10/><F10/><W97/><G34/><T26/><D11/><U129/><E129/><V94/><F94/><W135/><G135/><T14/><D119/><U58/><E58/><V73/><F73/><W22/><G39/><T7/><D117/><U44/><E44/><AGARI ba="0,1" hai="20,21,24,25,27,40,42,44,45,48,51,88,89,91" machi="44" ten="40,12000,1" yaku="1,1,9,1,8,1,54,1,53,0" doraHai="82,111" doraHaiUra="12,50" who="2" fromWho="1" sc="240,0,245,-120,171,130,334,0" /><INIT seed="2,1,0,2,2,44" ten="240,125,301,334" oya="2" hai0="97,42,70,17,122,86,29,45,101,49,84,81,41" hai1="11,71,40,93,34,35,22,113,43,12,55,1,82" hai2="56,117,10,20,78,27,68,15,26,47,58,108,111" hai3="5,25,65,53,90,77,125,95,128,132,73,123,126"/><V46/><F68/><W61/><G123/><T9/><D70/><U23/><E71/><V75/><F117/><W85/><G132/><T48/><D122/><U64/><E113/><V89/><F78/><W88/><G128/><T127/><D127/><N who="3" m="48649" /><G5/><T129/><D129/><U50/><E1/><V96/><F75/><W92/><G25/><T28/><D9/><U120/><E120/><V66/><F58/><N who="3" m="37047" /><G53/><T3/><D3/><U79/><E64/><V38/><F38/><W76/><G73/><T2/><D2/><U0/><E0/><V83/><F66/><W99/><AGARI ba="1,0" hai="76,77,85,88,90,92,95,99" m="37047,48649" machi="99" ten="30,2000,0" yaku="18,1,54,1" doraHai="44" who="3" fromWho="3" sc="240,-6,125,-6,301,-11,334,23" /><INIT seed="3,0,0,0,5,49" ten="234,119,290,357" oya="3" hai0="102,45,16,116,86,111,58,134,13,126,7,128,96" hai1="118,27,35,79,12,115,94,48,66,74,59,8,99" hai2="19,47,89,37,100,53,40,9,72,87,0,97,31" hai3="69,120,3,135,119,78,46,6,14,133,98,85,88"/><W32/><G120/><T64/><D116/><U122/><E118/><V103/><F72/><W129/><G119/><T10/><D111/><U60/><E122/><V104/><F31/><W18/><G32/><T132/><D128/><U82/><E115/><V71/><F71/><W38/><G129/><T24/><D126/><U84/><E27/><V51/><F0/><W26/><G69/><T80/><D45/><U41/><E35/><V131/><F131/><W107/><G26/><T54/><D64/><U105/><E48/><V2/><F2/><W93/><G3/><T42/><D42/><U22/><E22/><V29/><F29/><W65/><G6/><T117/><D117/><U109/><E41/><V4/><F4/><W62/><G38/><T67/><D67/><U92/><E109/><V106/><F103/><N who="3" m="62967" /><G46/><T70/><D70/><U91/><E105/><V25/><F25/><W63/><G78/><T61/><D7/><U17/><REACH who="1" step="1"/><E74/><REACH who="1" step="2"/><V83/><F104/><W114/><G114/><T34/><D34/><U110/><E110/><V76/><F76/><W121/><G121/><T36/><D24/><U39/><E39/><V50/><F37/><W77/><G77/><T44/><D36/><U123/><E123/><V68/><F68/><N who="3" m="42039" /><G63/><T101/><D44/><U90/><E90/><V112/><F112/><W75/><G75/><T15/><D102/><U108/><E108/><V73/><F73/><W52/><G88/><T113/><D113/><U28/><E28/><V43/><F50/><W95/><G133/><T11/><D101/><U21/><E21/><V81/><F83/><RYUUKYOKU ba="0,1" sc="234,-15,109,15,290,15,357,-15" hai1="8,12,17,59,60,66,79,82,84,91,92,94,99" hai2="9,19,40,43,47,51,53,81,87,89,97,100,106" /><INIT seed="4,1,1,2,3,46" ten="219,124,305,342" oya="0" hai0="39,82,41,59,24,92,20,85,112,130,2,123,11" hai1="23,128,94,36,73,8,77,33,62,61,67,106,134" hai2="116,58,102,13,51,4,65,0,6,21,88,99,29" hai3="27,129,48,56,100,97,98,44,78,16,57,53,104"/><T31/><D123/><U32/><E36/><V135/><F0/><W15/><G129/><T5/><D112/><U19/><E106/><V120/><F135/><W43/><G78/><T42/><D130/><U30/><E128/><V64/><F116/><W133/><G133/><T10/><D39/><U83/><E134/><V18/><F120/><W26/><G98/><T131/><D131/><U76/><E76/><V34/><F34/><W47/><G47/><T45/><D45/><U121/><E8/><V70/><F70/><W101/><G101/><T52/><D92/><U91/><E30/><V109/><F109/><W37/><REACH who="3" step="1"/><G57/><REACH who="3" step="2"/><T17/><D31/><U63/><E121/><V69/><F69/><W7/><G7/><T72/><D72/><U107/><E107/><V113/><F113/><W14/><G14/><T40/><D5/><U127/><E32/><V118/><F118/><W124/><G124/><T110/><D110/><U12/><E33/><V108/><F108/><W54/><G54/><T115/><D115/><U75/><E75/><V55/><F6/><W22/><AGARI ba="1,2" hai="15,16,22,26,27,37,43,44,48,53,56,97,100,104" machi="22" ten="20,12000,2" yaku="1,1,0,1,7,1,52,1,54,1,53,1" doraHai="46" doraHaiUra="95" who="3" fromWho="3" sc="219,-61,124,-31,305,-31,332,143" /><INIT seed="5,0,0,4,5,94" ten="158,93,274,475" oya="1" hai0="34,52,36,60,23,70,106,63,69,74,24,118,131" hai1="40,26,68,50,8,66,71,22,80,110,132,99,75" hai2="0,135,27,54,89,13,15,111,115,100,72,47,20" hai3="6,31,112,87,126,122,56,12,11,35,55,125,102"/><U53/><E40/><V107/><F0/><W127/><G122/><T97/><D74/><U93/><E110/><V79/><F111/><W29/><G112/><T96/><D34/><U48/><E66/><V61/><F135/><W45/><G35/><T85/><D36/><U77/><E50/><V82/><F115/><W129/><G129/><T90/><D131/><U78/><E8/><V10/><F100/><W39/><G102/><T16/><D118/><U64/><E78/><V49/><F107/><W4/><G4/><T32/><D32/><U65/><E68/><V57/><F89/><W41/><G87/><T130/><D130/><U101/><E71/><V76/><F10/><W18/><G18/><T120/><D120/><U51/><E51/><AGARI ba="0,0" hai="6,11,12,29,31,39,41,45,51,55,56,125,126,127" machi="51" ten="40,1300,0" yaku="18,1" doraHai="94" who="3" fromWho="1" sc="158,0,93,-13,274,0,475,13" /><INIT seed="6,0,0,0,2,95" ten="158,80,274,488" oya="2" hai0="14,67,39,61,24,44,27,18,92,84,30,16,7" hai1="128,34,70,85,66,19,35,38,123,115,22,122,110" hai2="52,0,15,118,134,96,113,41,17,60,20,114,76" hai3="127,119,26,125,65,45,81,132,103,33,90,75,109"/><V129/><F0/><W29/><G109/><T116/><D116/><U78/><E115/><V112/><F118/><W124/><G119/><T28/><D39/><U56/><E38/><V59/><F129/><W42/><G132/><T48/><D84/><U104/><E104/><V50/><F134/><W3/><G3/><T101/><D101/><U13/><E70/><V133/><F133/><W55/><G65/><T5/><D92/><U73/><E73/><V77/><F41/><W62/><G103/><T12/><D67/><U97/><E110/><V6/><F6/><N who="0" m="2058" /><D61/><U88/><E78/><V51/><F51/><W36/><G75/><T23/><D44/><U94/><E128/><V37/><F37/><W63/><G55/><T74/><D74/><U80/><E56/><V64/><REACH who="2" step="1"/><F96/><REACH who="2" step="2"/><W32/><G127/><T49/><D49/><U117/><E117/><V21/><F21/><N who="3" m="15567" /><G125/><T86/><D48/><U46/><E46/><AGARI ba="0,1" hai="15,17,20,46,50,52,59,60,64,76,77,112,113,114" machi="46" ten="40,7700,0" yaku="1,1,15,1,54,1,53,0" doraHai="95" doraHaiUra="2" who="2" fromWho="1" sc="158,0,80,-77,264,87,488,0" /><INIT seed="6,1,0,3,3,115" ten="158,3,351,488" oya="2" hai0="88,23,19,52,72,31,109,38,21,10,18,45,121" hai1="40,93,107,80,8,64,79,76,62,69,24,85,133" hai2="125,6,44,65,30,78,87,77,86,94,63,20,32" hai3="120,119,47,25,66,90,126,3,108,33,81,100,43"/><V46/><F32/><W96/><G108/><T58/><D72/><U131/><E131/><V118/><F118/><W116/><G120/><T75/><D75/><U56/><E133/><V83/><F125/><W55/><G126/><T127/><D127/><U130/><E130/><V13/><F6/><W59/><G3/><T2/><D109/><U5/><E107/><V9/><F30/><W51/><G66/><T132/><D132/><U95/><E40/><V26/><F94/><W27/><G33/><T71/><D71/><U11/><E11/><V4/><F78/><W41/><G116/><T34/><D121/><U15/><E69/><V28/><REACH who="2" step="1"/><F86/><REACH who="2" step="2"/><N who="3" m="50511" /><G119/><T122/><D34/><U105/><E76/><V53/><F53/><W36/><G55/><T0/><D52/><U50/><E105/><V14/><F14/><W128/><G128/><T1/><D122/><U123/><E123/><V97/><F97/><W39/><G96/><T29/><D29/><U110/><E24/><V129/><F129/><W99/><G25/><T67/><D31/><U101/><E110/><V106/><F106/><W35/><G27/><T54/><D54/><U70/><E95/><V12/><F12/><W48/><G35/><T89/><D0/><U68/><E93/><V22/><F22/><W60/><G99/><T49/><D1/><U114/><E114/><V134/><F134/><W42/><G36/><T124/><D38/><U74/><E101/><V91/><F91/><W92/><G100/><T37/><D124/><U84/><E74/><V117/><F117/><W112/><G39/><T57/><D37/><RYUUKYOKU ba="1,1" sc="158,-10,3,-10,341,30,488,-10" hai2="4,9,13,20,26,28,44,46,63,65,77,83,87" owari="148,-25,-7,-51,371,17,488,59" /></mjloggm>