<mjloggm ver="2.3"><GO type="41"/><UN n0="%E3%83%AB%E3%83%8D%E3%83%AB%E3%82%B9" n1="%E3%83%96%E3%83%A9%E3%83%83%E3%82%AF%E3%82%B8%E3%83%A7%E3%83%BC%E3%82%AF" n2="%EF%BC%88%E2%89%A7%E2%96%BD%E2%89%A6%EF%BC%89" n3="%50%6F%74%6F%73%68%69" dan="14,14,15,14" rate="1936,1981,2029,1902" sx="M,M,M,M"/><TAIKYOKU oya="0"/><INIT seed="0,0,0,0,5,20" ten="250,250,250,250" oya="0" hai0="84,49,31,63,12,3,115,76,117,81,18,109,98" hai1="131,65,118,28,112,5,6,21,50,116,66,38,59" hai2="54,92,135,67,64,22,25,23,123,40,41,33,11" hai3="7,61,36,9,122,79,88,39,133,97,111,130,70"/><T10/><D117/><U43/><E118/><V113/><F123/><W27/><G111/><T34/><D115/><U106/><E116/><V8/><F113/><W120/><G130/><T128/><D128/><U14/><E106/><V73/><F73/><W82/><G133/><T110/><D3/><U68/><E131/><V46/><F135/><W0/><G79/><T56/><D49/><U126/><E112/><V129/><F129/><W96/><G96/><T19/><D19/><U87/><E68/><V16/><F33/><W42/><G42/><N who="2" m="16489" /><F92/><W86/><G97/><T104/><D98/><U107/><E38/><V125/><F125/><W44/><G44/><T100/><D100/><U48/><E107/><V103/><F103/><W13/><G13/><T85/><D85/><U37/><E37/><V57/><F46/><W2/><G2/><T90/><D76/><U47/><E126/><V105/><F105/><W134/><G134/><T121/><D121/><N who="3" m="46697" /><G27/><T77/><D77/><U99/><E99/><V45/><F45/><W93/><G93/><T75/><D75/><U4/><E87/><V32/><F23/><W127/><G127/><T51/><D51/><U101/><E101/><V102/><F102/><W29/><G29/><T26/><REACH who="0" step="1"/><D104/><REACH who="0" ten="240,250,250,250" step="2"/><U58/><E50/><N who="2" m="30935" /><F8/><W15/><G0/><T74/><D74/><U83/><E48/><V62/><F11/><W53/><G70/><T91/><D91/><U124/><E124/><V72/><F72/><W119/><G119/><T114/><D114/><U1/><E1/><V35/><F62/><W89/><G89/><T24/><D24/><RYUUKYOKU ba="0,1" sc="240,10,250,-30,250,10,250,10" hai0="10,12,18,26,31,34,56,63,81,84,90,109,110" hai2="16,22,25,32,35,64,67" hai3="7,9,15,36,39,53,61,82,86,88" /><INIT seed="0,1,1,5,0,126" ten="250,220,260,260" oya="0" hai0="53,118,37,81,6,82,83,59,113,103,14,8,128" hai1="129,127,130,19,88,84,114,50,18,104,54,55,1" hai2="33,119,13,62,9,70,134,26,16,108,102,67,133" hai3="109,125,91,107,60,99,17,57,2,35,64,87,32"/><T40/><D118/><U4/><E127/><V22/><F119/><W111/><G125/><T100/><D113/><U44/><E104/><V68/><F108/><N who="3" m="41547" /><G2/><T98/><D37/><U7/><E114/><V15/><F102/><N who="3" m="62943" /><G17/><N who="1" m="6154" /><E54/><V28/><REACH who="2" step="1"/><F70/><REACH who="2" ten="250,220,250,260" step="2"/><W112/><G112/><T116/><D116/><U77/><E1/><V11/><F11/><W12/><G12/><T63/><D40/><U23/><E23/><V72/><F72/><W31/><G31/><T131/><REACH who="0" step="1"/><D103/><REACH who="0" ten="240,220,250,260" step="2"/><U41/><E41/><V117/><F117/><W124/><G124/><T0/><D0/><U106/><E130/><V58/><F58/><W34/><G34/><T38/><D38/><U101/><E101/><V85/><F85/><W93/><AGARI ba="1,3" hai="32,35,57,60,64,87,91,93" m="62943,41547" machi="93" ten="30,1100,0" yaku="14,1" doraHai="126" who="3" fromWho="3" sc="240,-6,220,-4,250,-4,260,44" /><INIT seed="1,0,0,0,1,70" ten="234,216,246,304" oya="1" hai0="129,63,46,89,108,104,109,15,73,93,78,2,7" hai1="60,87,100,25,117,75,79,19,41,31,12,40,84" hai2="9,80,59,62,16,112,50,49,90,52,77,47,74" hai3="67,58,27,97,130,45,120,20,135,22,56,6,122"/><U65/><E117/><V24/><F112/><W11/><G135/><T134/><D2/><U69/><E75/><V8/><F90/><W92/><G130/><T106/><D129/><U34/><E100/><V28/><F16/><W26/><G45/><T55/><D7/><U103/><E103/><V72/><F72/><W85/><G85/><T125/><D15/><U114/><E114/><V111/><F111/><N who="0" m="42570" /><D134/><U118/><E118/><V95/><F95/><W51/><G58/><T132/><D132/><U14/><E14/><V113/><F113/><W68/><G68/><T39/><D63/><U91/><E79/><V82/><F82/><W64/><G51/><N who="0" m="29175" /><D125/><U5/><E5/><V21/><REACH who="2" step="1"/><F50/><REACH who="2" ten="234,216,236,304" step="2"/><W32/><G122/><T4/><D78/><U94/><REACH who="1" step="1"/><E87/><REACH who="1" ten="234,206,236,304" step="2"/><V116/><F116/><W38/><G120/><T30/><D73/><U96/><E96/><V119/><F119/><W128/><G97/><T18/><D106/><U36/><E36/><V105/><F105/><W29/><G38/><T17/><D39/><U44/><E44/><V86/><F86/><W88/><G128/><T123/><D104/><U53/><E53/><AGARI ba="0,2" hai="8,9,21,24,28,47,49,52,53,59,62,74,77,80" machi="53" ten="30,7700,0" yaku="1,1,7,1,54,1,53,1" doraHai="70" doraHaiUra="42" who="2" fromWho="1" sc="234,0,206,-77,236,97,304,0" /><INIT seed="2,0,0,4,3,85" ten="234,129,333,304" oya="2" hai0="109,56,62,114,15,11,48,7,26,72,126,31,115" hai1="89,30,78,70,1,69,84,43,58,107,54,65,51" hai2="88,38,41,40,86,125,104,124,93,95,76,91,9" hai3="73,44,97,75,18,132,10,53,83,127,68,130,102"/><V96/><F104/><W121/><G121/><T59/><D109/><U61/><E107/><V133/><F133/><W98/><G68/><T82/><D126/><N who="2" m="48746" /><F38/><W6/><G130/><T0/><D0/><U36/><E1/><V8/><F76/><W4/><G127/><T19/><D19/><U100/><E100/><V16/><F16/><W92/><G132/><T60/><D48/><U87/><E30/><V25/><F25/><W3/><G4/><T123/><D123/><U57/><E43/><AGARI ba="0,0" hai="8,9,40,41,43,86,88,91,93,95,96" m="48746" machi="43" ten="30,11600,0" yaku="18,1,52,2,54,1" doraHai="85" who="2" fromWho="1" sc="234,0,129,-116,333,116,304,0" /><INIT seed="2,1,0,5,1,35" ten="234,13,449,304" oya="2" hai0="80,51,115,106,29,30,28,111,117,44,68,108,33" hai1="46,126,110,72,73,61,121,98,100,102,103,130,16" hai2="9,84,13,116,107,118,17,23,15,86,41,124,52" hai3="1,2,3,132,81,94,18,59,97,90,67,0,27"/><V96/><F124/><W60/><G3/><T109/><D68/><U83/><E126/><V11/><F41/><W66/><G132/><T34/><D106/><U43/><E110/><V49/><F107/><W104/><G104/><T89/><D117/><U58/><E130/><V113/><F113/><W88/><G27/><T112/><D112/><U4/><E98/><V45/><F96/><W135/><G135/><T26/><D115/><U32/><E32/><V42/><F118/><W70/><G18/><T48/><D48/><U37/><E121/><V69/><F69/><W93/><G81/><T82/><D26/><U6/><E72/><V95/><F116/><W10/><G10/><T76/><D89/><U22/><E83/><N who="0" m="31785" /><D76/><U87/><E87/><N who="2" m="33323" /><F95/><W31/><G31/><T78/><D78/><U38/><E38/><V129/><F129/><W133/><G133/><T8/><D8/><N who="2" m="3146" /><F42/><AGARI ba="1,0" hai="28,29,30,33,34,42,44,51,108,109,111" m="31785" machi="42" ten="40,1300,0" yaku="14,1" doraHai="35" who="0" fromWho="2" sc="234,16,13,0,449,-16,304,0" /><INIT seed="3,0,0,2,2,65" ten="250,13,433,304" oya="3" hai0="66,9,63,35,12,113,79,134,74,89,81,17,90" hai1="122,8,83,93,91,37,56,28,7,119,110,94,23" hai2="95,47,118,111,69,96,68,70,40,126,54,41,64" hai3="20,0,109,98,60,73,39,112,102,10,42,57,19"/><W62/><G112/><T72/><D134/><U30/><E122/><V6/><F118/><W80/><G109/><T123/><D123/><U38/><E37/><V34/><F34/><W29/><G29/><T27/><D113/><U5/><E38/><V129/><F64/><W18/><G39/><T99/><D99/><U61/><E110/><V2/><F111/><W11/><G42/><T105/><D105/><U78/><E119/><V76/><F76/><W130/><G130/><T114/><D114/><U71/><E71/><V85/><F129/><W31/><G31/><T59/><D74/><U36/><E36/><V86/><F126/><W4/><G11/><T121/><D121/><U45/><E45/><V107/><F54/><W82/><G73/><T128/><D128/><U24/><E30/><V67/><F67/><W84/><G20/><T48/><D35/><U108/><E108/><V14/><F2/><W32/><G32/><T13/><D27/><U3/><E91/><V43/><F47/><W104/><G62/><T26/><D26/><U16/><E7/><V1/><F1/><W125/><G125/><T77/><D77/><U52/><REACH who="1" step="1"/><E28/><REACH who="1" ten="250,3,433,304" step="2"/><V135/><F6/><W103/><G19/><N who="0" m="8591" /><D90/><U21/><E21/><V58/><F70/><W97/><G18/><T100/><D89/><U87/><AGARI ba="0,1" hai="3,5,8,16,23,24,52,56,61,78,83,87,93,94" machi="87" ten="20,8000,1" yaku="1,1,0,1,7,1,54,2,53,0" doraHai="65" doraHaiUra="127" who="1" fromWho="1" sc="250,-20,3,90,433,-20,304,-40" /><INIT seed="4,0,0,1,5,102" ten="230,93,413,264" oya="0" hai0="87,5,59,103,22,77,118,35,63,121,74,96,18" hai1="92,42,56,46,61,128,13,7,33,8,31,20,15" hai2="125,97,19,91,109,16,105,69,107,58,131,72,64" hai3="130,89,37,43,76,10,82,132,134,41,51,86,12"/><T101/><D121/><U65/><E128/><V29/><F109/><W115/><G130/><T99/><D118/><U0/><E33/><V67/><F131/><W21/><G37/><T36/><D36/><U9/><E9/><V14/><F72/><W75/><G115/><T80/><D35/><U4/><E4/><V114/><F69/><W6/><G21/><T133/><D5/><U124/><E124/><V129/><F114/><W90/><G51/><T94/><D133/><N who="3" m="51305" /><G90/><T73/><D22/><U62/><E62/><V81/><F129/><W48/><G48/><T83/><D18/><U17/><E31/><V11/><F125/><W120/><G120/><T84/><D83/><AGARI ba="0,0" hai="6,10,12,41,43,75,76,82,83,86,89" m="51305" machi="83" ten="30,1000,0" yaku="20,1" doraHai="102" who="3" fromWho="0" sc="230,-10,93,0,413,0,264,10" /><INIT seed="5,0,0,5,0,93" ten="220,93,413,274" oya="1" hai0="104,67,21,55,0,18,83,85,31,90,124,70,109" hai1="40,6,24,53,61,74,37,97,2,64,130,80,126" hai2="88,112,125,77,8,120,26,106,81,22,102,23,65" hai3="127,14,20,17,12,135,84,99,62,103,49,133,89"/><U115/><E53/><V28/><F120/><W5/><G127/><T79/><D124/><U11/><E126/><V63/><F125/><W46/><G62/><T29/><D109/><U66/><E66/><V33/><F112/><W134/><G5/><T94/><D0/><U119/><E115/><V76/><F8/><W73/><G73/><T39/><D39/><U128/><E97/><N who="2" m="61775" /><F88/><W87/><G12/><T4/><D4/><U15/><E119/><V35/><F35/><W111/><G111/><T96/><D104/><U117/><E117/><V59/><F59/><W32/><G32/><T34/><D34/><U52/><E15/><V98/><F98/><W95/><REACH who="3" step="1"/><G103/><REACH who="3" ten="220,93,413,264" step="2"/><T19/><D19/><U54/><E24/><V86/><F63/><W113/><G113/><T1/><D1/><U38/><E61/><V92/><F26/><W105/><G105/><T75/><D75/><U25/><E25/><V121/><F33/><W27/><G27/><N who="0" m="14775" /><D67/><U107/><E107/><V36/><F65/><W108/><G108/><T9/><D70/><U100/><E100/><V10/><F121/><W78/><G78/><T43/><D43/><AGARI ba="0,1" hai="14,17,20,43,46,49,84,87,89,95,99,133,134,135" machi="43" ten="40,5200,0" yaku="1,1,20,1,52,1,53,0" doraHai="93" doraHaiUra="132" who="3" fromWho="0" sc="220,-52,93,0,413,0,264,62" /><INIT seed="6,0,0,0,2,55" ten="168,93,413,326" oya="2" hai0="115,130,43,59,25,37,127,112,33,114,26,16,23" hai1="98,32,42,91,22,96,87,128,109,9,24,66,122" hai2="20,77,135,83,94,17,131,5,82,57,34,132,10" hai3="27,99,74,105,64,111,72,54,118,47,51,39,78"/><V41/><F34/><W86/><G111/><T62/><D130/><U90/><E128/><V60/><F41/><W35/><G118/><T53/><D127/><U19/><E32/><V4/><F94/><W100/><G39/><T2/><D2/><U73/><E122/><V65/><F131/><W36/><G36/><T14/><D33/><U63/><E73/><N who="2" m="43311" /><F83/><W124/><G124/><T102/><D102/><U67/><E109/><V101/><F10/><W75/><G64/><T8/><D8/><U126/><E126/><V52/><F101/><W61/><G61/><T45/><AGARI ba="0,0" hai="14,16,23,25,26,37,43,45,53,59,62,112,114,115" machi="45" ten="40,8000,1" yaku="0,1,15,1,52,1,54,1" doraHai="55" who="0" fromWho="0" sc="168,80,93,-20,413,-40,326,-20" /><INIT seed="7,0,0,3,2,112" ten="248,73,373,306" oya="3" hai0="12,83,99,23,15,46,38,13,121,20,81,133,39" hai1="108,92,41,72,35,14,117,93,109,34,69,85,116" hai2="56,61,80,31,63,100,55,102,47,105,25,51,75" hai3="106,107,32,110,27,6,128,74,114,66,134,8,59"/><W17/><G114/><T4/><D4/><U10/><E41/><V37/><F37/><W123/><G123/><T96/><D121/><U45/><E45/><V0/><F0/><W9/><G74/><T115/><D115/><U82/><E69/><V48/><F105/><W16/><G134/><T104/><D46/><U2/><E2/><V95/><F75/><W79/><G79/><T86/><D86/><U120/><E120/><V125/><F125/><W19/><G128/><T103/><D133/><U1/><E1/><V30/><F80/><W33/><G110/><N who="1" m="42602" /><E92/><V135/><F135/><W113/><G113/><T11/><D11/><N who="3" m="4169" /><G59/><T127/><D127/><U21/><E93/><V98/><F100/><W129/><G66/><T101/><REACH who="0" step="1"/><D12/><REACH who="0" ten="238,73,373,306" step="2"/><U58/><E58/><N who="2" m="35039" /><F47/><W7/><G129/><T26/><D26/><U62/><E62/><V22/><F56/><W42/><G42/><T57/><D57/><U67/><E67/><V70/><F63/><W97/><G97/><T88/><D88/><U54/><E72/><V53/><F98/><W52/><G52/><T76/><D76/><N who="1" m="46279" /><E21/><V94/><F22/><W111/><G111/><T131/><D131/><U91/><E91/><V28/><F53/><W49/><G106/><AGARI ba="0,1" hai="13,15,20,23,38,39,81,83,96,99,101,103,104,106" machi="106" ten="25,3200,0" yaku="1,1,22,2,53,0" doraHai="112" doraHaiUra="50" who="0" fromWho="3" sc="238,42,73,0,373,0,306,-32" owari="280,8.0,73,-43.0,373,48.0,274,-13.0" /></mjloggm>