<mjloggm ver="2.3"><GO type="169" lobby="0"/><UN n0="%E5%A4%A9%E8%A1%A3%E7%84%A1%E7%B8%AB%E3%82%88%E3%81%A4%E3%81%B0" n1="%4D%61%52%63%48" n2="%EF%BC%88%E2%89%A7%E2%96%BD%E2%89%A6%EF%BC%89" n3="%73%65%61%2D%6D%61%6E%32" dan="16,16,18,16" rate="2091.11,2130.83,2202.31,2048.51" sx="M,M,M,M"/><TAIKYOKU oya="0"/><INIT seed="0,0,0,1,0,57" ten="250,250,250,250" oya="0" hai0="28,103,43,44,123,77,81,72,131,20,91,94,84" hai1="3,71,4,16,5,74,54,19,114,35,61,15,96" hai2="106,66,99,68,64,133,75,24,87,69,80,48,112" hai3="46,53,23,63,55,8,135,33,14,50,92,36,78"/><T49/><D123/><U42/><E74/><V67/><F75/><W2/><G135/><T56/><D131/><U34/><E42/><V121/><F121/><W13/><G33/><N who="1" m="12298" /><E96/><V0/><F0/><W60/><G2/><T128/><D128/><U113/><E54/><V21/><F133/><W119/><G119/><T85/><D103/><U9/><E61/><N who="3" m="23626" /><G36/><T108/><D56/><U59/><E59/><V117/><F117/><W129/><G129/><T105/><D105/><U18/><E71/><V7/><F112/><N who="1" m="43113" /><E5/><V39/><F7/><N who="3" m="3231" /><G78/><T132/><D72/><U31/><E31/><V65/><F69/><W100/><G55/><T82/><D132/><U37/><E37/><V45/><F68/><W30/><G30/><T115/><D115/><U89/><E89/><V38/><F39/><W107/><G107/><T62/><D62/><U120/><E120/><V76/><F38/><W111/><G111/><T93/><D108/><U101/><E101/><V109/><F109/><W130/><G130/><T26/><AGARI ba="0,0" hai="20,26,28,43,44,49,77,81,82,84,85,91,93,94" machi="26" ten="30,3000,0" yaku="0,1,8,1" doraHai="57" who="0" fromWho="0" sc="250,30,250,-10,250,-10,250,-10" /><INIT seed="0,1,0,0,1,11" ten="280,240,240,240" oya="0" hai0="107,133,94,113,22,64,53,47,56,27,6,30,92" hai1="51,88,123,87,119,20,102,86,106,78,48,105,68" hai2="97,75,36,74,89,125,31,9,1,100,34,117,59" hai3="50,43,111,10,65,44,55,63,52,128,69,46,14"/><T93/><D107/><U40/><E68/><V112/><F112/><W108/><G128/><T17/><D113/><U80/><E119/><V82/><F117/><W32/><G32/><T116/><D116/><U2/><E2/><V122/><F122/><W120/><G120/><T85/><D133/><U129/><E123/><V135/><F135/><W8/><G8/><T25/><D6/><U84/><E48/><V73/><F125/><W15/><G15/><T5/><D5/><U72/><E51/><V131/><F131/><W77/><G77/><T101/><D47/><U12/><E40/><V38/><F59/><W49/><G10/><T114/><D64/><U23/><E129/><V58/><F58/><N who="3" m="33039" /><G14/><T0/><D0/><U104/><E23/><V118/><F118/><W132/><G132/><T62/><D114/><U81/><E12/><V66/><F1/><W98/><G98/><T79/><D101/><U121/><E20/><V115/><F115/><W61/><G61/><T83/><D30/><U39/><E121/><V60/><F97/><W28/><G28/><T67/><D67/><U130/><E39/><AGARI ba="1,0" hai="39,43,44,46,50,55,63,65,69,108,111" m="33039" machi="39" ten="30,7700,0" yaku="24,1,34,2,54,1" doraHai="11" who="3" fromWho="1" sc="280,0,240,-80,240,0,240,80" /><INIT seed="1,0,0,5,1,45" ten="280,160,240,320" oya="1" hai0="100,64,96,4,71,32,74,30,90,108,52,86,22" hai1="19,48,49,23,25,2,36,112,85,99,44,15,131" hai2="35,110,127,26,94,43,33,31,46,75,80,78,14" hai3="122,111,40,66,62,81,34,50,135,6,98,117,21"/><U38/><E112/><V73/><F127/><W53/><G111/><T133/><D108/><U13/><E131/><V60/><F110/><W16/><G34/><T70/><D74/><U132/><E2/><V56/><F94/><W51/><G122/><T76/><D76/><U104/><E132/><V67/><F14/><W123/><G123/><T29/><D4/><U7/><E25/><V18/><F18/><W77/><G135/><T69/><D64/><U114/><E114/><V68/><F56/><N who="3" m="37191" /><G6/><T28/><D32/><U89/><E99/><V120/><F120/><W87/><G117/><T107/><D133/><U83/><E104/><V27/><F27/><N who="3" m="14759" /><G40/><T8/><D8/><N who="1" m="4255" /><E36/><V54/><F35/><W17/><G53/><T125/><D125/><U95/><E38/><N who="2" m="21879" /><F54/><W88/><G17/><T119/><D119/><U12/><E44/><V92/><F92/><AGARI ba="0,0" hai="50,51,77,81,87,88,92,98" m="14759,37191" machi="92" ten="30,8000,1" yaku="8,1,52,2,54,2" doraHai="45" who="3" fromWho="2" sc="280,0,160,0,240,-80,320,80" /><INIT seed="2,0,0,0,2,75" ten="280,160,160,400" oya="2" hai0="126,106,57,30,99,98,81,130,124,58,114,46,35" hai1="90,122,77,64,48,34,45,7,78,63,5,116,87" hai2="9,76,36,129,39,38,95,18,44,72,10,49,112" hai3="108,4,55,71,11,53,12,120,31,104,82,123,32"/><V17/><F112/><W19/><G104/><T42/><D114/><U79/><E34/><V0/><F129/><W65/><G108/><T37/><D130/><U121/><E116/><V2/><F95/><W97/><G97/><T1/><D1/><U20/><E20/><V24/><F0/><W127/><G55/><T85/><D30/><U93/><E48/><V6/><F10/><W88/><G127/><T86/><D86/><U28/><E28/><V110/><F110/><W118/><G118/><T128/><D35/><U16/><E45/><V133/><F133/><W23/><G53/><T22/><D22/><U135/><E16/><V134/><F134/><W59/><G59/><T96/><D106/><U131/><E131/><V117/><F24/><N who="3" m="18535" /><G65/><T29/><D29/><U73/><E73/><V27/><F27/><W62/><G62/><T8/><D8/><U89/><E89/><V94/><F117/><W33/><G33/><T26/><D26/><U83/><E93/><V67/><F94/><W52/><G71/><T60/><D128/><U91/><E91/><V109/><F109/><W119/><G119/><T13/><D13/><U43/><E43/><V21/><F39/><W66/><G120/><N who="1" m="46186" /><E135/><V105/><F105/><W92/><G123/><T101/><D101/><U102/><E102/><V113/><F113/><W107/><G107/><T47/><D47/><U125/><E125/><N who="0" m="48233" /><D60/><U50/><E50/><V56/><F38/><W74/><G74/><T115/><D115/><U70/><AGARI ba="0,0" hai="5,7,63,64,70,77,78,79,83,87,90" m="46186" machi="70" ten="30,7900,0" yaku="13,1,52,3" doraHai="75" who="1" fromWho="1" sc="280,-20,160,79,160,-39,400,-20" /><INIT seed="3,0,0,3,0,63" ten="260,239,121,380" oya="3" hai0="22,31,113,9,121,39,87,36,0,21,62,96,67" hai1="20,106,117,69,52,14,33,76,18,23,30,46,109" hai2="12,94,50,98,49,65,13,66,2,124,125,108,115" hai3="17,4,8,43,7,95,132,105,88,130,32,119,26"/><W47/><G119/><T5/><D121/><U3/><E106/><V82/><F115/><W54/><G105/><T34/><D113/><U60/><E109/><V81/><F2/><W122/><G122/><T78/><D78/><U51/><E3/><V42/><F108/><W126/><G54/><T72/><D87/><U64/><E33/><V100/><F42/><W103/><G103/><T41/><D96/><U38/><E76/><V114/><F114/><W45/><G132/><T91/><D91/><U118/><E38/><V97/><F94/><W101/><G101/><AGARI ba="0,0" hai="12,13,49,50,65,66,81,82,97,98,100,101,124,125" machi="101" ten="25,6400,0" yaku="22,2,52,2" doraHai="63" who="2" fromWho="3" sc="260,0,239,0,121,64,380,-64" /><INIT seed="4,0,0,0,5,105" ten="260,239,185,316" oya="0" hai0="90,52,24,18,77,66,23,87,125,111,60,99,110" hai1="79,17,34,131,41,65,124,62,43,122,113,53,39" hai2="55,49,59,27,94,14,20,46,102,33,93,25,28" hai3="1,85,12,109,30,112,35,68,54,104,51,48,56"/><T129/><D129/><U69/><E131/><V32/><F102/><W130/><G104/><T123/><D125/><U3/><E3/><V75/><F75/><W114/><G109/><N who="0" m="41483" /><D123/><U108/><E108/><V81/><F81/><W58/><G68/><T82/><D66/><U101/><E122/><V22/><F14/><W126/><G1/><T117/><D117/><U89/><E101/><V80/><F80/><W120/><G120/><T118/><D118/><U37/><E89/><V2/><F2/><W4/><G130/><T57/><D99/><U38/><E79/><AGARI ba="0,0" hai="18,23,24,52,57,60,77,79,82,87,90" m="41483" machi="79" ten="30,2900,0" yaku="10,1,54,1" doraHai="105" who="0" fromWho="1" sc="260,29,239,-29,185,0,316,0" /><INIT seed="4,1,0,2,3,105" ten="289,210,185,316" oya="0" hai0="71,17,59,83,126,135,108,85,14,1,67,90,102" hai1="9,47,39,61,48,119,73,72,80,121,130,26,133" hai2="77,114,132,19,8,10,101,120,118,113,46,92,43" hai3="70,107,50,110,68,96,30,16,115,75,55,116,13"/><T25/><D1/><U94/><E121/><V29/><F120/><W98/><G110/><T134/><D71/><U103/><E119/><V62/><F29/><W95/><G116/><T128/><D108/><U66/><E39/><V51/><F118/><W93/><G75/><T49/><D128/><U78/><E130/><V81/><F132/><W100/><G30/><T88/><D126/><U22/><E9/><V111/><F111/><W79/><G79/><T15/><D102/><U64/><E133/><N who="0" m="50697" /><D90/><U74/><E94/><V104/><F104/><W0/><G0/><T117/><D117/><U131/><E103/><V6/><F19/><W45/><G115/><N who="2" m="44041" /><F6/><W97/><G107/><T123/><D123/><U18/><E131/><V7/><F62/><W82/><G82/><T91/><D91/><U53/><E66/><V20/><F20/><W63/><G63/><N who="0" m="38399" /><D49/><U87/><E87/><N who="2" m="48559" /><F7/><W60/><G60/><T33/><D33/><U32/><E32/><V21/><F21/><AGARI ba="1,0" hai="14,15,17,21,25,83,85,88" m="38399,50697" machi="21" ten="30,2900,0" yaku="20,1,54,1" doraHai="105" who="0" fromWho="2" sc="289,32,210,0,185,-32,316,0" /><INIT seed="4,2,0,0,0,37" ten="321,210,153,316" oya="0" hai0="118,35,50,88,24,9,8,112,67,73,72,14,20" hai1="78,89,110,109,99,3,59,122,82,134,32,13,106" hai2="31,40,74,130,101,75,131,63,15,4,56,128,58" hai3="38,65,92,25,129,10,55,133,102,90,135,91,119"/><T124/><D118/><U81/><E3/><V120/><F120/><W51/><G119/><T30/><D124/><U48/><E32/><V28/><F101/><W69/><G38/><T19/><D67/><U21/><E122/><V27/><F40/><W11/><G129/><T111/><D112/><U41/><E134/><N who="3" m="51210" /><G25/><T125/><D125/><U97/><E106/><V100/><F100/><W107/><G107/><T62/><D62/><U86/><E109/><V44/><F44/><W103/><G90/><T1/><D111/><U53/><E110/><V71/><F71/><W117/><G117/><T85/><D50/><U77/><E89/><V60/><F27/><W83/><G83/><T2/><D2/><U23/><E41/><V123/><F123/><W127/><G127/><T46/><D46/><U121/><E121/><V116/><F116/><W84/><G103/><T66/><D66/><U17/><REACH who="1" step="1"/><E23/><REACH who="1" ten="321,200,153,316" step="2"/><V79/><F128/><W57/><G102/><T105/><D105/><U43/><E43/><V22/><F22/><W54/><G55/><T70/><D70/><U29/><E29/><V98/><F130/><W113/><G113/><T6/><REACH who="0" step="1"/><D9/><REACH who="0" ten="311,200,153,316" step="2"/><U95/><E95/><AGARI ba="2,2" hai="1,6,8,14,19,20,24,30,35,72,73,85,88,95" machi="95" ten="30,18000,2" yaku="1,1,2,1,7,1,24,2,54,1,53,1" doraHai="37" doraHaiUra="87" who="0" fromWho="1" sc="311,206,200,-186,153,0,316,0" /><INIT seed="4,3,0,4,2,11" ten="517,14,153,316" oya="0" hai0="99,117,80,110,74,122,27,48,112,55,10,87,15" hai1="60,81,45,1,19,68,98,0,33,116,126,65,44" hai2="3,14,53,41,133,86,114,127,85,31,26,90,54" hai3="46,103,125,75,47,105,25,109,13,100,115,63,123"/><T113/><D117/><U57/><E33/><V61/><F3/><W78/><G115/><T18/><D122/><U69/><E116/><V17/><F114/><W71/><G125/><T9/><D74/><U35/><E35/><V37/><F133/><W134/><G109/><T43/><D27/><U23/><E126/><V8/><F127/><W84/><G84/><T131/><D43/><U20/><E98/><V124/><F124/><W135/><G25/><T118/><D118/><U97/><E97/><V128/><F128/><W104/><G78/><T83/><D83/><U7/><E81/><V24/><F24/><W66/><G75/><T106/><D10/><U56/><E60/><V28/><F28/><W5/><G123/><T96/><D96/><U93/><E93/><V129/><F86/><W77/><G77/><T82/><D82/><U40/><E40/><V4/><F61/><W132/><G103/><T29/><D29/><U64/><REACH who="1" step="1"/><E19/><REACH who="1" ten="517,4,153,316" step="2"/><V6/><F17/><W79/><G63/><T52/><D113/><U88/><E88/><V92/><F41/><W22/><G100/><T49/><D112/><U38/><E38/><V70/><F37/><W32/><G32/><T94/><D94/><U119/><E119/><V120/><F92/><W34/><G34/><T102/><D99/><U42/><E42/><V30/><F90/><W73/><G79/><T39/><D102/><U50/><E50/><V111/><F120/><W89/><G89/><T51/><D39/><U36/><E36/><V101/><F101/><W76/><G76/><T58/><D80/><U12/><E12/><RYUUKYOKU ba="3,1" sc="517,-10,4,30,153,-10,316,-10" hai1="0,1,7,20,23,44,45,56,57,64,65,68,69" /><INIT seed="5,4,1,3,3,120" ten="507,34,143,306" oya="1" hai0="39,63,37,25,48,7,18,131,93,82,8,81,103" hai1="30,86,0,16,97,38,90,29,130,132,92,31,3" hai2="127,33,22,98,126,121,64,80,11,27,46,19,67" hai3="135,128,44,62,4,26,56,58,68,41,74,45,71"/><U122/><E122/><V61/><F121/><W109/><G74/><T1/><D131/><U5/><E130/><V24/><F11/><W69/><G128/><T99/><D63/><U20/><E38/><V112/><F112/><W10/><G26/><T36/><REACH who="0" step="1"/><D48/><REACH who="0" ten="497,34,143,306" step="2"/><U102/><E132/><V84/><F61/><W96/><G135/><T117/><D117/><U91/><E5/><V28/><F127/><W40/><G4/><T55/><D55/><U106/><REACH who="1" step="1"/><E91/><REACH who="1" ten="497,24,143,306" step="2"/><V6/><F126/><W111/><G62/><T54/><D54/><U79/><E79/><V78/><F6/><W65/><G41/><T75/><D75/><U73/><E73/><V66/><F78/><W49/><G40/><T125/><D125/><U42/><E42/><V105/><F67/><W83/><G65/><T43/><D43/><U116/><E116/><V70/><F66/><W95/><G49/><T124/><D124/><U87/><E87/><V100/><F64/><W76/><G76/><T51/><D51/><U50/><E50/><V101/><F84/><W89/><G96/><T115/><D115/><U110/><E110/><V118/><F118/><W113/><G113/><T21/><AGARI ba="4,3" hai="1,7,8,18,21,25,36,37,39,81,82,93,99,103" machi="21" ten="40,5200,0" yaku="1,1,0,1,53,1" doraHai="120" doraHaiUra="23" who="0" fromWho="0" sc="497,94,24,-30,143,-17,306,-17" owari="591,69.0,-6,-51.0,126,-27.0,289,9.0" /></mjloggm>