<mjloggm ver="2.3"><GO type="1"/><UN n0="%E3%81%86%E3%81%AA%E3%81%86%E3%81%AA" n1="%EF%BC%88%E2%89%A7%E2%96%BD%E2%89%A6%EF%BC%89" n2="%47%65%6E%6E%61%72%69" n3="%E3%81%B4%E3%81%96%E5%A3%B0" dan="11,9,12,3" rate="1717,1755,1716,1546" sx="M,M,M,M"/><TAIKYOKU oya="0"/><INIT seed="0,0,0,0,1,133" ten="250,250,250,250" oya="0" hai0="3,118,12,76,47,40,36,120,13,56,50,73,74" hai1="20,131,7,83,10,39,16,115,123,33,70,26,4" hai2="110,11,2,60,100,31,65,122,87,21,27,113,19" hai3="92,61,23,69,71,96,93,127,126,80,46,89,17"/><T42/><D3/><U58/><E123/><V44/><F122/><W64/><G69/><T63/><D120/><U117/><E115/><V48/><F113/><W128/><G46/><T119/><D76/><U109/><E70/><V107/><F107/><W130/><G80/><T114/><D114/><U104/><E104/><V90/><F100/><W62/><G62/><T86/><D86/><U81/><E39/><V97/><F97/><W116/><G116/><T68/><D68/><U54/><E117/><V125/><F110/><W103/><G92/><T37/><D50/><U43/><E109/><V1/><F11/><W132/><G132/><T102/><D102/><U66/><E131/><N who="3" m="50218" /><G103/><T94/><D94/><U99/><E33/><V106/><F106/><W32/><G32/><T67/><D119/><U29/><E99/><V53/><F31/><W41/><G41/><T112/><D112/><U95/><E43/><V30/><F30/><W84/><G84/><T52/><D118/><U82/><E95/><V135/><F135/><W0/><G0/><T101/><D67/><U88/><E66/><V108/><F108/><W51/><G51/><T25/><D25/><AGARI ba="0,0" hai="17,23,25,61,64,71,89,93,96,126,127" m="50218" machi="25" ten="30,3900,0" yaku="19,1,52,2" doraHai="133" who="3" fromWho="0" sc="250,-39,250,0,250,0,250,39" /><INIT seed="1,0,0,2,4,48" ten="211,250,250,289" oya="1" hai0="65,116,40,2,99,17,95,107,46,8,26,81,38" hai1="92,90,100,132,6,39,86,87,94,109,126,106,96" hai2="102,37,10,33,44,73,27,97,19,113,115,34,35" hai3="0,83,1,55,118,12,104,76,28,80,59,62,127"/><U64/><E39/><V7/><F73/><W101/><G127/><T111/><D111/><U75/><E64/><V134/><F134/><W91/><G28/><T47/><D116/><U114/><E6/><V11/><F37/><W63/><G118/><T29/><D107/><U60/><E60/><V124/><F44/><W43/><G43/><T25/><D81/><N who="1" m="49487" /><E132/><V108/><F108/><W5/><G101/><T54/><D65/><U68/><E68/><V56/><F124/><W130/><G104/><T42/><D2/><U24/><E24/><V120/><F56/><W51/><G130/><T133/><D133/><U79/><E109/><V77/><F77/><W53/><G1/><T67/><D67/><U98/><E126/><V128/><F128/><W119/><G119/><T66/><D66/><U20/><E20/><V57/><F57/><W23/><G0/><T89/><D8/><U117/><E117/><V125/><F125/><W110/><G110/><T84/><D17/><U78/><E114/><V93/><F120/><W31/><G51/><N who="0" m="27079" /><D99/><N who="1" m="61727" /><E75/><V58/><F58/><W88/><G76/><N who="1" m="29226" /><E92/><V49/><F115/><W45/><G59/><T21/><D38/><U9/><E9/><V103/><F113/><W14/><G45/><T129/><D129/><U50/><E50/><V3/><F49/><W72/><G72/><T22/><D42/><U30/><E30/><V15/><REACH who="2" step="1"/><F27/><REACH who="2" step="2"/><N who="0" m="10250" /><D29/><U82/><E82/><N who="3" m="31274" /><G31/><T71/><D71/><U16/><E16/><V131/><F131/><W85/><G5/><T69/><D69/><U13/><E13/><V52/><F52/><W36/><G53/><RYUUKYOKU ba="0,1" sc="211,10,250,10,240,10,289,-30" hai0="21,22,47,54,84,89,95" hai1="87,94,96,98" hai2="3,7,10,11,15,19,33,34,35,93,97,102,103" /><INIT seed="1,1,1,1,5,2" ten="221,260,250,259" oya="1" hai0="67,16,19,98,55,101,51,129,88,53,107,124,20" hai1="71,113,31,1,44,62,11,70,100,28,69,96,118" hai2="76,12,122,131,128,126,27,87,79,13,125,77,114" hai3="52,102,37,95,85,26,46,63,7,81,97,10,29"/><U117/><E113/><V3/><F114/><W80/><G37/><T30/><D129/><N who="2" m="49738" /><F3/><W105/><G85/><T60/><D124/><N who="2" m="47722" /><F87/><W130/><G130/><T94/><D30/><U21/><E62/><V43/><F43/><W49/><G63/><T68/><D55/><U104/><E44/><V99/><F99/><W127/><G127/><T18/><D20/><U110/><E110/><V121/><F27/><W134/><G134/><T40/><D40/><U23/><E31/><V14/><AGARI ba="1,1" hai="12,13,14,76,77,79,121,122" m="47722,49738" machi="14" ten="40,8000,1" yaku="28,2,19,1,18,1" doraHai="2" who="2" fromWho="2" sc="221,-21,260,-41,250,93,259,-21" /><INIT seed="2,0,0,0,2,46" ten="200,219,343,238" oya="2" hai0="31,116,119,62,30,77,32,0,42,129,122,79,56" hai1="50,55,118,49,130,18,19,84,82,103,1,4,28" hai2="96,14,57,48,132,41,7,13,93,88,111,70,108" hai3="22,60,95,38,99,109,114,128,69,27,134,58,35"/><V110/><F70/><W33/><G38/><T51/><D122/><U100/><E118/><N who="0" m="45097" /><D0/><U44/><E130/><V3/><F3/><W106/><G106/><T10/><D129/><U9/><E28/><N who="0" m="10793" /><D10/><U11/><E50/><V135/><F7/><W87/><G87/><T112/><D112/><U91/><REACH who="1" step="1"/><E19/><REACH who="1" step="2"/><V8/><F41/><W26/><G128/><T64/><D32/><U89/><E89/><V72/><F72/><W83/><G114/><T53/><D42/><U37/><E37/><V133/><REACH who="2" step="1"/><F8/><REACH who="2" step="2"/><W74/><G33/><T98/><D98/><U52/><E52/><AGARI ba="0,2" hai="13,14,48,52,57,88,93,96,108,110,111,132,133,135" machi="52" ten="50,24000,3" yaku="1,1,2,1,14,1,10,1,20,1,52,1,54,2,53,0" doraHai="46" doraHaiUra="126" who="2" fromWho="1" sc="200,0,209,-240,333,260,238,0" owari="200,-20,-31,-53,593,69,238,4" /></mjloggm>