<mjloggm ver="2.3"><GO type="41"/><UN n0="%6A%69%6B%6B%6F%6B%75" n1="%62%69%67%6C%69%70" n2="%53%2E%47" n3="%EF%BC%88%E2%89%A7%E2%96%BD%E2%89%A6%EF%BC%89" dan="13,16,13,13" rate="1803,2035,1886,1960" sx="M,M,M,M"/><TAIKYOKU oya="0"/><INIT seed="0,0,0,1,5,96" ten="250,250,250,250" oya="0" hai0="114,75,10,24,101,52,18,104,43,17,25,93,38" hai1="51,20,133,71,122,129,34,61,132,99,91,102,50" hai2="58,46,110,105,9,106,86,23,21,55,16,22,112" hai3="97,89,117,31,41,67,134,98,6,65,115,1,11"/><T107/><D114/><U130/><E91/><V81/><F112/><W26/><G115/><T72/><D43/><U85/><E85/><V39/><F39/><W84/><G117/><T32/><D38/><U28/><E20/><V116/><F116/><W80/><G134/><N who="1" m="51818" /><E28/><V0/><F110/><W12/><G41/><T94/><D32/><U47/><E34/><V83/><F46/><W123/><G123/><T63/><D10/><U90/><E90/><V119/><F119/><W54/><G1/><T30/><D30/><U53/><E51/><V128/><F128/><N who="1" m="49257" /><E99/><V125/><F125/><W118/><G118/><T131/><D131/><U56/><E102/><V59/><F0/><W5/><G98/><T73/><D63/><U40/><E71/><V109/><F109/><W113/><G113/><T77/><D52/><U103/><E103/><V121/><F121/><AGARI ba="0,0" hai="40,47,50,53,56,61,121,122" m="49257,51818" machi="121" ten="30,7700,0" yaku="20,1,19,1,34,2" doraHai="96" who="1" fromWho="2" sc="250,0,250,77,250,-77,250,0" /><INIT seed="1,0,0,5,4,82" ten="250,327,173,250" oya="1" hai0="126,69,17,84,130,106,65,23,39,70,26,6,128" hai1="124,91,1,58,125,53,89,46,3,49,21,115,0" hai2="86,81,103,29,73,15,123,92,8,133,108,19,97" hai3="132,12,121,119,129,31,122,111,20,87,98,88,99"/><U120/><E115/><V104/><F123/><W51/><G111/><T127/><D39/><U30/><E120/><V43/><F43/><W55/><G119/><T56/><D106/><U90/><E30/><V93/><F133/><W50/><G132/><T75/><D6/><U76/><E76/><N who="2" m="44175" /><F29/><W95/><G129/><N who="0" m="49771" /><D75/><U40/><REACH who="1" step="1"/><E21/><REACH who="1" step="2"/><V78/><F108/><W11/><G122/><T100/><D100/><U54/><E54/><V66/><F66/><W24/><G121/><T85/><D70/><U109/><E109/><V64/><F64/><W36/><G36/><AGARI ba="0,1" hai="0,1,3,36,40,46,49,53,58,89,90,91,124,125" machi="36" ten="50,2400,0" yaku="1,1,53,0" doraHai="82" doraHaiUra="13" who="1" fromWho="3" sc="250,0,317,34,173,0,250,-24" /><INIT seed="1,1,0,4,3,15" ten="250,351,173,226" oya="1" hai0="124,75,106,103,0,12,96,66,65,72,31,29,78" hai1="119,115,8,52,27,76,32,89,55,125,22,36,64" hai2="50,100,71,35,70,44,112,111,92,57,49,101,38" hai3="46,127,123,88,107,51,84,132,97,42,94,110,102"/><U56/><E36/><V48/><F111/><W120/><G110/><T83/><D124/><U45/><E32/><V130/><F35/><W5/><G127/><T28/><D0/><U99/><E115/><V16/><F112/><W58/><G132/><T53/><D75/><U23/><E76/><V108/><F108/><W129/><G129/><T17/><REACH who="0" step="1"/><D53/><REACH who="0" step="2"/><U19/><E52/><V85/><F130/><W33/><G33/><T6/><D6/><U133/><E55/><V47/><F38/><W73/><G5/><T81/><D81/><U116/><E125/><V59/><F71/><W62/><REACH who="3" step="1"/><G73/><REACH who="3" step="2"/><T60/><D60/><U1/><E133/><V4/><F70/><W67/><AGARI ba="1,2" hai="42,46,51,58,62,67,84,88,94,97,102,107,120,123" machi="67" ten="20,8000,1" yaku="1,1,2,1,0,1,7,1,54,1,53,0" doraHai="15" doraHaiUra="131" who="3" fromWho="3" sc="240,-21,351,-41,173,-21,216,103" /><INIT seed="2,0,0,0,2,27" ten="219,310,152,319" oya="2" hai0="68,31,100,5,78,82,129,29,133,112,13,91,20" hai1="113,38,74,131,16,2,123,4,115,105,10,121,114" hai2="80,120,33,88,19,65,50,26,126,70,71,28,76" hai3="62,51,43,93,132,46,103,35,55,3,41,39,73"/><V118/><F120/><N who="1" m="46153" /><E38/><V42/><F126/><W77/><G3/><T24/><D68/><U56/><E105/><V22/><F118/><W6/><G132/><T130/><D100/><U102/><E102/><V90/><F70/><W92/><G6/><T98/><D112/><U108/><E74/><V116/><F116/><W66/><G35/><T83/><D133/><U99/><E99/><V128/><F128/><N who="0" m="49258" /><D5/><U95/><E56/><V58/><F71/><N who="3" m="42455" /><G43/><T63/><D63/><U110/><E95/><V85/><F65/><W75/><G103/><T86/><D13/><N who="1" m="7223" /><E131/><V44/><REACH who="2" step="1"/><F58/><REACH who="2" step="2"/><N who="3" m="33151" /><G73/><N who="0" m="43343" /><D98/><U8/><AGARI ba="0,1" hai="2,4,8,108,110,113,114,115" m="7223,46153" machi="8" ten="40,8000,1" yaku="13,1,34,2,54,1" doraHai="27" who="1" fromWho="1" sc="219,-20,310,90,142,-40,319,-20" /><INIT seed="3,0,0,0,2,69" ten="199,400,102,299" oya="3" hai0="59,9,20,24,99,120,130,0,10,42,128,95,111" hai1="78,40,89,66,109,88,45,77,73,36,117,107,86" hai2="123,32,3,19,104,118,98,57,132,27,106,68,58" hai3="125,135,46,119,79,18,94,51,44,93,82,81,80"/><W54/><G119/><T90/><D120/><U6/><E107/><V7/><F118/><W61/><G135/><T33/><D111/><U38/><E109/><V122/><F132/><W62/><G125/><T83/><D42/><U96/><E6/><V113/><F113/><W102/><G79/><T52/><D33/><U71/><E71/><V35/><F68/><W70/><G70/><T43/><D83/><U2/><E2/><V97/><F27/><W116/><G116/><T115/><D43/><U41/><E66/><V60/><F3/><W50/><G18/><N who="0" m="12311" /><D0/><U26/><E26/><V64/><F7/><W87/><G102/><T76/><D76/><U74/><E86/><V131/><F19/><W55/><REACH who="3" step="1"/><G87/><REACH who="3" step="2"/><T4/><D115/><U65/><E78/><V134/><F134/><W49/><G49/><N who="0" m="31119" /><D4/><U91/><E77/><V8/><F8/><W31/><G31/><T39/><D39/><U17/><E38/><V15/><F131/><AGARI ba="0,1" hai="9,10,90,95,99,128,130,131" m="31119,12311" machi="131" ten="30,2000,0" yaku="19,1,54,1" doraHai="69" who="0" fromWho="2" sc="199,30,400,0,102,-20,289,0" /><INIT seed="4,0,0,1,2,122" ten="229,400,82,289" oya="0" hai0="102,134,0,80,20,51,8,58,56,85,33,62,97" hai1="94,129,127,50,37,107,124,57,73,79,19,42,47" hai2="113,100,131,135,132,39,69,38,35,27,99,32,53" hai3="41,44,15,93,84,92,7,115,61,105,118,16,90"/><T22/><D134/><N who="2" m="51242" /><F113/><W17/><G118/><T5/><D33/><N who="2" m="12874" /><F131/><W14/><G115/><T83/><D51/><U126/><E107/><N who="2" m="63903" /><F53/><W30/><G105/><T12/><D58/><U18/><E129/><V34/><F69/><W24/><G61/><T59/><D56/><U96/><E79/><V23/><N who="2" m="12882" /><V2/><DORA hai="25" /><F2/><W49/><G7/><T52/><D0/><U65/><E73/><V89/><F89/><W31/><G93/><N who="0" m="58671" /><D83/><U87/><E87/><V74/><F74/><W123/><G24/><T3/><D3/><U82/><E82/><V6/><F6/><W95/><G95/><T21/><D22/><U77/><E77/><AGARI ba="0,0" hai="5,8,12,20,21,52,59,62,77,80,85" m="58671" machi="77" ten="30,2900,0" yaku="8,1,54,1" doraHai="122,25" who="0" fromWho="1" sc="229,29,400,-29,82,0,289,0" /><INIT seed="4,1,0,0,5,50" ten="258,371,82,289" oya="0" hai0="44,20,40,24,69,86,57,37,110,95,43,36,116" hai1="74,87,58,10,72,22,6,19,64,125,97,5,100" hai2="63,127,62,71,130,48,66,60,45,119,131,122,7" hai3="92,99,102,101,28,85,129,8,124,30,114,26,25"/><T39/><D116/><U1/><E6/><V38/><F7/><W90/><G114/><T76/><D69/><U15/><E125/><V77/><F77/><W78/><G129/><N who="2" m="49161" /><F119/><W81/><G124/><T70/><D70/><U112/><E112/><V2/><F2/><W42/><G42/><T108/><D57/><U53/><E64/><N who="2" m="41351" /><F122/><W12/><G26/><T56/><D56/><U103/><E87/><V46/><F127/><W79/><G79/><T61/><D61/><U33/><E33/><V83/><F83/><W4/><REACH who="3" step="1"/><G30/><REACH who="3" step="2"/><N who="0" m="17671" /><D43/><U98/><E74/><V117/><F117/><W59/><G59/><T94/><D76/><U106/><E72/><V55/><F66/><W49/><G49/><N who="0" m="26759" /><D86/><U0/><E58/><V82/><F82/><W54/><G54/><T133/><D133/><U135/><E53/><V115/><F115/><W51/><G51/><T113/><D113/><U67/><E67/><V16/><F16/><W75/><G75/><T9/><D9/><U121/><E135/><V17/><F17/><W52/><G52/><T23/><D23/><AGARI ba="1,1" hai="4,8,12,23,25,28,78,81,85,90,92,99,101,102" machi="23" ten="30,7700,0" yaku="1,1,7,1,8,1,53,1" doraHai="50" doraHaiUra="18" who="3" fromWho="0" sc="258,-80,371,0,82,0,279,90" /><INIT seed="5,0,0,4,2,28" ten="178,371,82,369" oya="1" hai0="64,70,104,31,110,98,22,75,115,76,119,44,94" hai1="62,86,46,33,57,92,82,112,3,37,55,132,96" hai2="1,6,13,4,133,114,71,54,36,16,127,29,15" hai3="69,11,125,106,128,7,12,77,79,135,32,26,10"/><U113/><E33/><V100/><F71/><W19/><G69/><T39/><D119/><U124/><E3/><V42/><F100/><W80/><G106/><T63/><D110/><U97/><E132/><V121/><F121/><W20/><G135/><T14/><D115/><N who="1" m="44107" /><E124/><V27/><F36/><W87/><G125/><T107/><D76/><N who="1" m="46407" /><E92/><V17/><F42/><AGARI ba="0,0" hai="37,42,46,55,57,62,96,97" m="46407,44107" machi="42" ten="30,1500,0" yaku="15,1" doraHai="28" who="1" fromWho="2" sc="178,0,371,15,82,-15,369,0" /><INIT seed="5,1,0,5,0,101" ten="178,386,67,369" oya="1" hai0="12,125,54,7,95,41,85,53,84,34,124,114,134" hai1="66,131,111,45,70,94,102,99,119,115,104,30,110" hai2="22,32,130,82,21,35,77,9,80,67,57,19,118" hai3="37,72,26,25,1,128,81,75,68,29,47,61,20"/><U73/><E30/><V78/><F118/><W11/><G128/><T52/><D34/><U17/><E45/><V5/><F130/><W64/><G26/><T133/><D114/><U33/><E33/><N who="2" m="12875" /><F67/><W39/><G81/><T127/><D41/><U15/><E73/><V96/><F96/><W60/><G60/><T48/><D95/><U6/><E6/><V122/><F122/><W46/><G46/><T31/><D31/><U0/><E0/><V79/><F57/><W135/><G135/><N who="0" m="51723" /><D48/><U56/><E115/><V40/><F40/><W97/><G97/><T14/><D7/><U87/><E56/><V4/><F19/><W28/><G28/><T49/><D49/><U43/><E43/><V89/><F89/><W59/><G68/><T117/><D117/><U42/><E42/><V55/><F55/><W38/><REACH who="3" step="1"/><G47/><REACH who="3" step="2"/><T129/><D129/><U120/><E131/><V74/><F74/><W50/><G50/><T36/><D36/><U83/><E83/><N who="2" m="31787" /><F9/><W106/><G106/><T69/><D69/><U10/><E119/><V98/><F98/><W86/><G86/><AGARI ba="1,1" hai="12,14,52,53,54,84,85,86,124,125,127" m="51723" machi="86" ten="40,8000,1" yaku="28,2,18,1,20,1,54,1" doraHai="101" who="0" fromWho="3" sc="178,93,386,0,67,0,359,-83" /><INIT seed="6,0,0,5,5,93" ten="271,386,67,276" oya="2" hai0="96,46,8,61,81,82,41,56,62,111,76,73,48" hai1="91,45,121,118,90,28,86,15,89,38,20,128,127" hai2="131,116,119,109,83,3,112,26,75,0,18,65,30" hai3="40,110,59,113,27,1,11,122,102,66,37,29,64"/><V114/><F65/><W44/><G122/><T5/><D111/><U31/><E118/><N who="2" m="45099" /><F83/><W22/><G110/><T24/><D82/><U74/><E74/><V36/><F36/><W54/><G113/><N who="2" m="43625" /><F75/><W68/><G68/><T34/><D24/><U63/><E121/><V43/><F43/><W105/><G1/><N who="2" m="585" /><F131/><W9/><G66/><T49/><D34/><U12/><E89/><V126/><F109/><W133/><G64/><T77/><D76/><U35/><E90/><V47/><F47/><W71/><G71/><T2/><D96/><U4/><E91/><V57/><F57/><W101/><G101/><T79/><D77/><U132/><E128/><V13/><F126/><W55/><G55/><T69/><D69/><U42/><E127/><V124/><F124/><W92/><G105/><T58/><D56/><U50/><E45/><V106/><F106/><W70/><G70/><T25/><D25/><U52/><E52/><V72/><F72/><W99/><REACH who="3" step="1"/><G133/><REACH who="3" step="2"/><T98/><D58/><U100/><E132/><V78/><F78/><W135/><G135/><T53/><D53/><U85/><E100/><V21/><F13/><W88/><G88/><T10/><D49/><AGARI ba="0,1" hai="9,11,22,27,29,37,40,44,49,54,59,92,99,102" machi="49" ten="30,3900,0" yaku="1,1,7,1,52,1,53,0" doraHai="93" doraHaiUra="129" who="3" fromWho="0" sc="271,-39,386,0,67,0,266,49" /><INIT seed="7,0,0,2,2,7" ten="232,386,67,315" oya="3" hai0="111,36,73,69,109,118,60,25,0,79,54,134,30" hai1="132,52,106,47,21,13,126,82,43,56,20,76,99" hai2="123,104,110,108,129,91,12,85,127,35,10,78,68" hai3="94,57,64,81,92,114,95,125,84,16,97,29,37"/><W39/><G125/><T4/><D118/><U6/><E132/><V65/><F127/><W24/><G114/><T120/><D134/><U26/><E126/><V131/><F68/><W96/><G39/><T93/><D120/><U59/><E59/><V133/><F65/><W45/><G37/><T8/><D36/><U122/><E122/><V98/><F133/><W80/><G45/><T107/><D107/><U40/><E106/><V51/><F51/><W61/><G80/><T2/><D0/><U86/><E99/><V87/><F35/><W130/><G130/><N who="2" m="49673" /><F12/><W72/><G72/><T15/><D93/><U32/><E32/><V33/><F33/><W50/><G50/><T90/><D90/><U46/><E20/><V121/><F10/><W23/><REACH who="3" step="1"/><G29/><REACH who="3" step="2"/><T58/><D69/><U128/><E128/><V67/><F67/><W28/><G28/><T135/><D135/><U74/><E74/><V38/><F38/><W9/><G9/><T34/><REACH who="0" step="1"/><D2/><REACH who="0" step="2"/><U53/><E43/><V14/><F123/><W44/><G44/><T42/><D42/><U75/><E40/><V112/><F121/><W11/><G11/><T27/><D27/><U5/><E26/><V31/><F31/><W77/><AGARI ba="0,2" hai="16,23,24,57,61,64,77,81,84,92,94,95,96,97" machi="77" ten="30,11700,0" yaku="1,1,0,1,8,1,54,1,53,0" doraHai="7" doraHaiUra="105" who="3" fromWho="3" sc="222,-39,386,-39,67,-39,305,137" owari="183,-22,347,15,28,-47,442,54" /></mjloggm>