<mjloggm ver="2.3"><GO type="65"/><UN n0="%EF%BC%88%E2%89%A7%E2%96%BD%E2%89%A6%EF%BC%89" n1="%E5%90%91%E3%81%8B%E3%81%84%E9%A2%A8" n2="%E8%88%9E%E3%83%BB%E4%BB%AE%E8%A3%85" n3="%E3%81%99%E3%81%91%E3%81%99%E3%81%91" dan="6,10,0,11" rate="1695,1467,1500,1599" sx="M,M,F,M"/><TAIKYOKU oya="0"/><INIT seed="0,0,0,3,1,47" ten="250,250,250,250" oya="0" hai0="114,18,116,88,119,129,130,127,11,108,113,86,123" hai1="20,19,3,68,81,40,110,7,30,66,70,93,32" hai2="63,34,65,45,25,24,41,84,117,97,46,89,28" hai3="58,12,78,73,9,36,90,15,23,95,4,74,54"/><T125/><D11/><U21/><E93/><V50/><F97/><W134/><G134/><T83/><D18/><U76/><E40/><V27/><F117/><N who="0" m="45130" /><D123/><U132/><E132/><V52/><F34/><W121/><G121/><T14/><D14/><U102/><E110/><V33/><F89/><W2/><G36/><T64/><D64/><U79/><E102/><V104/><F84/><N who="3" m="52679" /><G2/><T55/><D55/><U100/><E81/><V75/><F104/><W5/><G74/><T57/><D57/><U62/><E100/><V17/><F17/><N who="3" m="10663" /><G73/><T120/><D120/><U13/><E70/><V53/><F75/><W0/><G0/><T77/><D77/><U71/><E71/><V109/><F109/><W51/><G78/><T38/><D38/><U1/><E1/><V106/><F106/><W115/><G115/><N who="0" m="44043" /><D108/><U122/><E122/><V99/><F99/><W67/><G67/><T26/><D26/><U49/><E49/><V107/><F107/><W42/><G42/><T118/><N who="0" m="45138" /><T91/><DORA hai="94" /><D91/><U82/><E82/><V128/><F41/><W126/><G126/><AGARI ba="0,0" hai="83,86,88,125,126,127,129,130" m="44043,45138" machi="126" ten="50,12000,1" yaku="18,1,34,2,54,1" doraHai="47,94" who="0" fromWho="3" sc="250,120,250,0,250,0,250,-120" /><INIT seed="0,1,0,0,0,35" ten="370,250,250,130" oya="0" hai0="133,126,95,69,124,52,64,90,14,21,0,30,57" hai1="11,23,116,94,127,20,111,135,76,131,91,6,54" hai2="28,65,81,93,5,12,38,115,119,87,59,25,120" hai3="85,108,63,42,56,107,122,72,103,71,75,24,60"/><T58/><D0/><U97/><E76/><V110/><F38/><W129/><G122/><T104/><D104/><U4/><E116/><V73/><F120/><W70/><G129/><T84/><D133/><U102/><E111/><V34/><F110/><W62/><G108/><T33/><D33/><U80/><E127/><N who="0" m="48681" /><D69/><N who="3" m="26121" /><G42/><T125/><D64/><U134/><E131/><V32/><F73/><N who="3" m="28235" /><G24/><N who="0" m="16655" /><D125/><U61/><E6/><V79/><F115/><W96/><G85/><T132/><D132/><U114/><E114/><V29/><F93/><W19/><G19/><T40/><D40/><U10/><E80/><V89/><F79/><W112/><G112/><T123/><D123/><U43/><E43/><V130/><F119/><W37/><G56/><T45/><D14/><U86/><E61/><N who="3" m="15618" /><W88/><DORA hai="18" /><G88/><T48/><AGARI ba="1,0" hai="45,48,52,57,58,84,90,95" m="16655,48681" machi="48" ten="30,6000,0" yaku="18,1,52,1,54,1" doraHai="35,18" who="0" fromWho="0" sc="370,63,250,-21,250,-21,130,-21" /><INIT seed="0,2,0,3,2,74" ten="433,229,229,109" oya="0" hai0="86,80,9,23,70,124,62,40,91,36,129,61,71" hai1="64,50,132,32,60,102,104,130,131,33,65,79,99" hai2="87,35,54,96,22,101,39,94,123,112,28,73,135" hai3="51,107,78,81,4,100,14,56,41,57,55,125,2"/><T109/><D129/><U84/><E50/><V105/><F39/><W15/><G125/><T59/><D109/><U89/><E132/><V66/><F35/><W127/><G127/><T45/><D124/><U133/><E133/><V8/><F66/><W106/><G2/><T76/><D9/><U31/><E31/><V19/><F112/><W1/><G1/><T114/><D114/><U43/><E43/><V98/><F28/><W108/><G108/><T30/><D61/><U85/><E60/><V27/><F73/><W121/><G121/><T44/><D44/><U38/><E38/><V72/><F72/><W68/><G68/><T20/><D91/><U46/><E46/><V0/><F87/><W3/><G3/><T7/><D7/><U16/><E16/><V111/><F111/><W110/><G110/><T118/><D118/><U5/><E5/><V116/><F116/><W103/><G41/><T48/><D48/><U69/><E69/><V37/><F37/><W49/><G4/><T95/><D95/><U115/><E115/><V92/><F135/><W77/><G81/><T126/><D126/><U134/><E134/><V67/><F67/><W122/><G122/><T26/><D20/><U117/><E117/><V120/><F54/><AGARI ba="2,0" hai="14,15,49,51,54,55,56,57,77,78,100,103,106,107" machi="54" ten="25,6400,0" yaku="22,2,52,2" doraHai="74" who="3" fromWho="2" sc="433,0,229,0,229,-70,109,70" /><AGARI ba="2,0" hai="23,26,30,36,40,45,54,59,62,70,71,76,80,86" machi="54" ten="30,2900,0" yaku="7,1,52,1" doraHai="74" who="0" fromWho="2" sc="433,29,229,0,159,-29,179,0" /><INIT seed="0,3,0,5,4,69" ten="462,229,130,179" oya="0" hai0="54,2,106,75,76,13,133,84,124,6,36,116,60" hai1="23,108,8,94,38,12,105,39,62,70,61,98,43" hai2="85,135,90,86,15,33,50,87,18,4,104,78,82" hai3="130,120,52,125,72,117,0,1,92,126,53,100,113"/><T7/><D84/><U74/><E108/><V32/><F104/><W89/><G117/><T20/><D20/><U19/><E105/><V119/><F119/><W65/><G113/><T55/><D55/><N who="3" m="21065" /><G72/><T107/><D107/><U10/><E74/><V115/><F4/><W5/><G120/><T41/><D41/><U123/><E123/><V28/><F115/><W134/><G100/><T47/><D47/><U112/><E112/><V21/><F135/><W132/><G65/><T34/><D34/><U88/><E43/><V91/><F50/><W48/><G48/><T3/><D3/><U96/><E70/><V128/><F128/><W118/><G118/><T80/><D75/><U51/><E51/><V81/><F28/><W14/><G14/><T129/><D116/><U73/><E73/><V101/><F101/><W121/><G121/><T58/><D106/><U109/><E109/><V102/><F102/><W103/><G103/><T71/><D71/><U17/><E88/><V26/><REACH who="2" step="1"/><F15/><REACH who="2" step="2"/><W66/><G5/><T111/><D111/><U63/><E94/><AGARI ba="3,1" hai="18,21,26,32,33,78,81,82,85,86,87,90,91,94" machi="94" ten="30,3900,0" yaku="1,1,2,1,7,1,53,0" doraHai="69" doraHaiUra="59" who="2" fromWho="1" sc="462,0,229,-48,120,58,179,0" /><INIT seed="1,0,0,0,4,65" ten="462,181,178,179" oya="1" hai0="27,78,106,85,34,23,50,77,35,68,69,134,8" hai1="71,121,29,13,26,129,110,124,108,70,48,46,74" hai2="94,72,102,73,39,1,132,3,98,62,7,16,9" hai3="12,64,61,76,105,75,58,30,5,117,128,135,41"/><U131/><E13/><V133/><F39/><W60/><G117/><T96/><D134/><N who="2" m="51818" /><F1/><W42/><G135/><T4/><D50/><U92/><E74/><V81/><F81/><W122/><G122/><T37/><D37/><U43/><E92/><V116/><F116/><W53/><G128/><N who="1" m="49226" /><E121/><V11/><F62/><W57/><G105/><T104/><D85/><U21/><E124/><V123/><F123/><W20/><G76/><N who="0" m="29291" /><D96/><U54/><E43/><V90/><F102/><W38/><G75/><T130/><D130/><U111/><AGARI ba="0,0" hai="21,26,29,46,48,54,70,71,108,110,111" m="49226" machi="111" ten="40,12000,1" yaku="14,1,10,1,19,1,52,2" doraHai="65" who="1" fromWho="1" sc="462,-40,181,120,178,-40,179,-40" /><INIT seed="1,1,0,5,1,59" ten="422,301,138,139" oya="1" hai0="127,95,31,60,12,97,50,56,47,103,49,62,98" hai1="73,39,92,36,9,41,29,125,58,118,21,115,78" hai2="45,87,35,6,75,122,22,65,104,94,132,10,106" hai3="5,63,28,67,1,130,91,109,105,117,44,93,51"/><U66/><E118/><V14/><F75/><W70/><G117/><T113/><D113/><U2/><E115/><V108/><F35/><W16/><G130/><T80/><D127/><U86/><E125/><V126/><F122/><W3/><G109/><T24/><D80/><U116/><E116/><V64/><F126/><W26/><G105/><T79/><D79/><U34/><E34/><V135/><F108/><W33/><G5/><T121/><D121/><U37/><E41/><V15/><F45/><W23/><G51/><T54/><D12/><U72/><E58/><V123/><F123/><W46/><G44/><T119/><D119/><U114/><E114/><V30/><F30/><W85/><REACH who="3" step="1"/><G46/><REACH who="3" step="2"/><T25/><D49/><U88/><E78/><V90/><F104/><W107/><G107/><T32/><D47/><U61/><E2/><V48/><F48/><W131/><G131/><T112/><D112/><U4/><E21/><V110/><F106/><W38/><G38/><T102/><D25/><AGARI ba="1,1" hai="1,3,16,23,25,26,28,33,63,67,70,85,91,93" machi="25" ten="30,8000,1" yaku="1,1,7,1,52,1,54,1,53,1" doraHai="59" doraHaiUra="89" who="3" fromWho="0" sc="422,-83,301,0,138,0,129,93" /><INIT seed="2,0,0,5,4,104" ten="339,301,138,222" oya="2" hai0="135,84,71,44,128,80,77,94,24,115,41,9,7" hai1="12,133,129,52,99,26,132,40,101,121,25,100,107" hai2="91,30,86,116,10,93,63,57,131,67,36,42,109" hai3="73,97,34,110,87,74,29,118,103,120,51,125,114"/><V22/><F116/><W58/><G118/><T126/><D115/><U60/><E129/><V124/><F131/><W134/><G134/><N who="1" m="51818" /><E121/><V68/><F124/><W130/><G130/><T11/><D128/><U49/><E101/><V85/><F68/><W98/><G125/><T1/><D126/><U38/><E12/><V117/><F117/><W6/><G120/><T32/><D135/><U82/><E82/><V56/><F56/><W47/><G6/><T45/><D71/><U27/><E60/><V76/><F10/><W17/><G110/><T13/><D94/><U75/><E75/><V105/><F105/><W59/><G114/><T113/><D113/><U89/><E89/><V119/><F119/><W37/><G37/><T81/><D80/><U64/><E64/><V33/><F33/><W35/><G87/><T108/><D108/><U28/><E28/><V50/><F36/><W83/><G83/><T66/><D66/><U46/><E38/><V53/><F109/><W61/><G58/><T39/><D45/><U70/><E70/><V0/><F0/><W72/><G98/><T19/><D24/><U16/><E16/><V88/><F76/><W31/><G17/><T102/><D32/><N who="3" m="12329" /><G61/><T2/><D102/><U43/><AGARI ba="0,0" hai="25,26,27,40,43,46,49,52,99,100,107" m="51818" machi="43" ten="40,2700,0" yaku="20,1,54,1" doraHai="104" who="1" fromWho="1" sc="339,-7,301,27,138,-13,222,-7" /><INIT seed="3,0,0,5,0,89" ten="332,328,125,215" oya="3" hai0="66,132,16,0,135,85,25,115,130,117,40,26,22" hai1="114,121,98,47,94,32,48,12,10,37,120,68,55" hai2="82,39,64,87,27,123,74,18,76,83,7,108,131" hai3="9,81,54,119,14,101,57,128,36,110,78,96,5"/><W70/><G119/><T46/><D117/><U21/><E68/><V33/><F123/><N who="1" m="47177" /><E114/><V111/><F131/><W51/><G110/><T109/><D109/><U65/><E65/><V75/><F39/><W126/><G126/><T58/><D115/><U11/><E32/><V41/><F7/><W91/><G128/><T88/><D130/><U13/><E37/><V92/><F41/><W59/><G36/><N who="0" m="21767" /><D0/><U53/><E55/><V44/><F44/><N who="3" m="28007" /><G70/><T112/><D112/><U71/><E21/><V103/><F64/><W86/><G101/><T45/><D45/><U125/><E71/><V62/><F62/><W30/><G30/><T79/><D79/><U73/><E73/><N who="2" m="27659" /><F18/><W134/><G134/><N who="0" m="51243" /><D66/><U80/><E80/><N who="2" m="47495" /><F27/><W29/><G29/><T106/><D58/><U1/><E1/><V42/><F42/><W31/><G31/><T28/><D106/><U67/><E67/><V34/><F34/><W56/><G56/><T35/><D35/><U127/><E11/><V129/><F33/><W97/><G91/><T6/><D28/><U77/><E77/><V3/><F3/><W2/><G2/><T24/><D6/><U38/><E38/><V60/><F60/><W118/><G118/><T63/><D63/><U43/><E43/><V122/><F122/><W15/><G15/><T61/><D61/><U72/><E72/><V17/><F17/><W4/><G4/><T133/><N who="0" m="51251" /><T105/><DORA hai="93" /><D105/><U8/><E8/><V113/><F113/><W95/><G95/><AGARI ba="0,0" hai="16,22,24,25,26,85,88,95" m="51251,21767" machi="95" ten="40,8000,1" yaku="20,1,52,1,54,2" doraHai="89,93" who="0" fromWho="3" sc="332,80,328,0,125,0,215,-80" owari="412,50,328,13,125,-37,135,-26" /></mjloggm>