<mjloggm ver="2.3"><GO type="97"/><UN n0="%E5%9C%8B%E4%BB%B2" n1="%EF%BC%88%E2%89%A7%E2%96%BD%E2%89%A6%EF%BC%89" n2="%E8%88%9E%E3%81%84%E9%99%8D%E3%82%8A%E3%81%9F%E8%BD%9F" n3="%52%6F%6E%72%6F%6E" dan="15,15,15,13" rate="2028,1997,1960,1841" sx="M,M,M,M"/><TAIKYOKU oya="0"/><INIT seed="0,0,0,4,4,133" ten="250,250,250,250" oya="0" hai0="29,21,43,112,16,130,40,99,63,132,18,88,17" hai1="119,56,131,38,57,135,6,78,124,13,96,31,85" hai2="3,94,11,73,53,106,9,113,25,27,62,47,83" hai3="26,84,14,134,116,70,114,110,50,58,117,72,22"/><T15/><D112/><U55/><E119/><V66/><F106/><W108/><G114/><T24/><D132/><U120/><E38/><V76/><F113/><W45/><G72/><T118/><D118/><N who="3" m="45673" /><G14/><T104/><D130/><U98/><E135/><V4/><F11/><W125/><G84/><T109/><D109/><N who="3" m="42089" /><G70/><T79/><D79/><U30/><E131/><V129/><F129/><W39/><G134/><T32/><D32/><U75/><E75/><V81/><F81/><W23/><G26/><T2/><D2/><U41/><E13/><V82/><F82/><W10/><G10/><N who="0" m="6391" /><D104/><U87/><E85/><V46/><F94/><W100/><G100/><T67/><D67/><U69/><E87/><V34/><F27/><W71/><G71/><T42/><D63/><U37/><E69/><V8/><F66/><W121/><G121/><T127/><D99/><U101/><E98/><V90/><F25/><W51/><G58/><T7/><D7/><U74/><E6/><V128/><F4/><W93/><G93/><T80/><D80/><N who="1" m="45143" /><E57/><V86/><F83/><W1/><G1/><T68/><D68/><U48/><E120/><V65/><F3/><W91/><G39/><T105/><D105/><U33/><E101/><V49/><F73/><W36/><G91/><T102/><D88/><U12/><E12/><V54/><F90/><W0/><G0/><T64/><D102/><U5/><E37/><V126/><F128/><W107/><G36/><T97/><D97/><U19/><E96/><V123/><F123/><W103/><G107/><T77/><D77/><U52/><E5/><RYUUKYOKU ba="0,0" sc="250,0,250,0,250,0,250,0" /><INIT seed="1,1,0,3,0,18" ten="250,250,250,250" oya="1" hai0="6,53,79,106,113,84,99,69,7,133,8,115,135" hai1="19,42,85,98,117,30,104,34,68,107,23,75,58" hai2="43,31,20,54,95,26,13,2,57,35,78,130,22" hai3="33,77,74,27,44,66,94,88,110,14,62,118,83"/><U10/><E75/><V134/><F2/><W24/><G118/><T29/><D69/><U119/><E68/><V55/><F43/><W37/><G110/><T40/><D40/><U129/><E129/><V124/><F130/><W80/><G80/><N who="0" m="47135" /><D29/><U25/><E58/><V103/><F78/><W36/><G44/><T82/><D82/><U12/><E42/><V51/><F134/><N who="0" m="51210" /><D53/><U9/><E85/><V65/><F124/><W72/><G74/><T126/><D126/><U4/><E9/><V108/><F108/><W71/><G27/><T64/><D64/><U111/><E111/><V63/><F13/><W93/><G94/><T100/><D7/><U39/><E39/><V21/><REACH who="2" step="1"/><F51/><REACH who="2" ten="250,250,240,250" step="2"/><W116/><G14/><AGARI ba="1,1" hai="6,8,14,99,100,106,113,115" m="51210,47135" machi="14" ten="30,1000,0" yaku="20,1" doraHai="18" who="0" fromWho="3" sc="250,23,250,0,240,0,250,-13" /><INIT seed="2,0,0,1,1,14" ten="273,250,240,237" oya="2" hai0="101,80,96,60,57,16,93,10,106,94,121,95,117" hai1="40,128,17,87,134,7,76,92,109,131,89,8,107" hai2="135,118,58,98,15,37,0,102,84,72,44,46,70" hai3="90,39,78,62,36,91,124,25,86,125,81,73,103"/><V75/><F70/><W41/><G41/><T35/><D35/><U65/><E107/><V49/><F118/><W105/><G62/><T126/><D126/><N who="3" m="48745" /><G25/><T56/><D121/><U130/><E134/><V47/><F0/><W2/><G2/><T99/><D80/><U29/><E109/><V43/><F135/><W50/><G50/><T5/><D117/><U127/><E127/><V42/><F84/><W51/><G51/><T123/><D123/><U119/><E119/><V132/><F132/><W85/><G85/><T116/><D116/><U74/><E29/><V48/><F15/><W3/><G3/><T133/><D133/><U6/><E65/><V4/><F4/><W22/><G22/><T111/><D5/><N who="1" m="1547" /><E40/><V32/><F32/><W20/><G20/><T59/><D111/><U83/><E8/><V114/><F58/><W110/><G110/><T45/><D45/><U26/><E26/><V129/><F47/><W67/><G67/><T55/><D96/><U23/><E23/><V100/><F98/><N who="3" m="61687" /><G91/><T18/><D10/><U97/><E87/><V61/><F37/><W63/><G63/><T9/><D9/><U31/><E31/><V13/><F13/><W53/><G53/><T30/><D30/><U82/><E82/><AGARI ba="0,0" hai="36,39,73,78,81,82,86,90" m="61687,48745" machi="82" ten="30,1000,0" yaku="18,1" doraHai="14" who="3" fromWho="1" sc="273,0,250,-10,240,0,237,10" /><INIT seed="3,0,0,0,4,77" ten="273,240,240,247" oya="3" hai0="129,91,2,94,32,104,18,124,56,16,63,106,134" hai1="81,7,125,72,39,79,20,127,88,133,118,93,28" hai2="112,73,53,67,22,12,108,5,36,29,101,10,109" hai3="111,4,80,42,61,82,26,100,31,47,23,69,43"/><W44/><G100/><T25/><D2/><U95/><E39/><V89/><F112/><W24/><G111/><N who="2" m="42569" /><F36/><W19/><G4/><T14/><D124/><N who="1" m="47691" /><E118/><V107/><F67/><W121/><G121/><T102/><D102/><U131/><E131/><V70/><F70/><W58/><G69/><T113/><D113/><U34/><E133/><V49/><F73/><W66/><G26/><T59/><D129/><U6/><E34/><V64/><F64/><W62/><G61/><T1/><D1/><U8/><E8/><V115/><F115/><W122/><G31/><T117/><D117/><U40/><E40/><N who="3" m="15402" /><G122/><T105/><D63/><U65/><E65/><V15/><F89/><W60/><G62/><T126/><D126/><U119/><E119/><V92/><F107/><W37/><G37/><T130/><D130/><U90/><E95/><V78/><F78/><W97/><G97/><T21/><D32/><U52/><E52/><V75/><F75/><W116/><G116/><T96/><REACH who="0" step="1"/><D134/><REACH who="0" ten="263,240,240,247" step="2"/><U135/><E135/><V84/><F101/><W13/><G24/><T68/><D68/><U57/><E57/><V120/><F120/><W35/><G35/><T3/><D3/><U30/><E93/><V46/><F92/><W99/><G99/><T0/><D0/><U86/><E72/><V27/><F15/><W83/><AGARI ba="0,1" hai="13,19,23,44,47,58,60,66,80,82,83" m="15402" machi="83" ten="30,11700,0" yaku="8,1,52,3" doraHai="77" who="3" fromWho="3" sc="263,-39,240,-39,240,-39,247,127" owari="224,2.0,201,-20.0,201,-30.0,374,48.0" /></mjloggm>