<mjloggm ver="2.3"><GO type="41"/><UN n0="%E6%9C%88%E5%8D%83%E4%B8%80%E5%A4%9C" n1="%31%30%30%31" n2="%E3%81%B5%E3%81%9F%E3%81%BF%E3%82%83%E3%82%93" n3="%E3%82%A6%E3%83%AB%E3%83%88%E3%83%A9%E7%AB%8B%E7%9B%B4" dan="15,14,13,15" rate="2018,1909,1829,2023" sx="F,M,M,M"/><TAIKYOKU oya="0"/><INIT seed="0,0,0,4,0,42" ten="250,250,250,250" oya="0" hai0="36,131,78,110,102,88,87,45,72,41,116,66,109" hai1="119,92,129,135,10,76,11,4,17,51,39,114,132" hai2="95,74,100,99,29,37,101,103,15,96,133,40,21" hai3="31,57,68,108,91,98,85,8,59,48,23,53,34"/><T73/><D116/><U105/><E105/><V90/><F74/><W64/><G34/><T16/><D131/><U20/><E39/><V82/><F133/><W83/><G108/><N who="0" m="41579" /><D102/><U71/><E71/><V27/><F82/><W113/><G113/><T63/><D78/><U81/><E114/><V5/><F40/><W62/><G98/><T61/><D16/><U32/><E32/><V84/><F37/><W14/><G23/><T86/><D87/><U3/><E10/><AGARI ba="0,0" hai="5,10,15,21,27,29,84,90,95,96,99,100,101,103" machi="10" ten="40,1300,0" yaku="8,1" doraHai="42" who="2" fromWho="1" sc="250,0,250,-13,250,13,250,0" /><INIT seed="1,0,0,5,1,9" ten="250,237,263,250" oya="1" hai0="4,1,100,49,83,36,132,76,74,121,26,2,60" hai1="34,18,19,73,27,12,72,97,118,58,67,99,101" hai2="123,63,108,17,44,79,56,20,96,66,109,127,22" hai3="130,14,13,10,122,134,116,106,11,30,131,95,47"/><U114/><E118/><V102/><F127/><W105/><G122/><T82/><D36/><U87/><E114/><V51/><F79/><W65/><G30/><T88/><D100/><U48/><E87/><V15/><F22/><W57/><G47/><T129/><D129/><N who="3" m="49161" /><G116/><T24/><D132/><U62/><E97/><V33/><F33/><W39/><G39/><T37/><D37/><U46/><E19/><V85/><F85/><W41/><G41/><T75/><D121/><U70/><E70/><V112/><F112/><W135/><G95/><T107/><D4/><U64/><E64/><V59/><F123/><W89/><G89/><T0/><D107/><N who="3" m="40969" /><G57/><T23/><D88/><U54/><E27/><V38/><F56/><W94/><G94/><T31/><D76/><U43/><E34/><V103/><F38/><W93/><G93/><T113/><D26/><U91/><E91/><V84/><F84/><W92/><G92/><T68/><D113/><U115/><E115/><V42/><F96/><W124/><G65/><T6/><D68/><U120/><E120/><V7/><F103/><W29/><G29/><T117/><D31/><U16/><E18/><V40/><F102/><W32/><G32/><T119/><D117/><U28/><E28/><V125/><F125/><W81/><G81/><T61/><D82/><U50/><E101/><V133/><F133/><N who="3" m="50699" /><G124/><T8/><D83/><U45/><E99/><V128/><F128/><W111/><G111/><T110/><D110/><U126/><E126/><V69/><F108/><W21/><G21/><AGARI ba="0,0" hai="12,16,21,43,45,46,48,50,54,58,62,67,72,73" machi="21" ten="30,5800,0" yaku="7,1,52,1,54,1" doraHai="9" who="1" fromWho="3" sc="250,0,237,58,263,0,250,-58" /><INIT seed="1,1,0,5,4,1" ten="250,295,263,192" oya="1" hai0="33,17,9,65,78,85,131,24,0,102,111,73,82" hai1="123,15,107,90,116,59,97,100,94,120,41,6,13" hai2="49,87,128,106,48,30,51,98,20,126,40,12,36" hai3="130,63,108,114,32,132,43,117,34,60,127,112,96"/><U101/><E116/><V77/><F126/><W113/><G96/><T54/><D111/><U67/><E120/><V7/><F128/><W26/><G43/><T91/><D131/><U64/><E123/><V92/><F106/><W16/><G63/><T50/><D65/><U35/><E35/><N who="3" m="13354" /><G60/><T119/><D119/><U93/><E41/><V84/><F77/><W86/><G86/><T103/><D33/><U74/><E74/><V25/><F40/><W129/><G117/><T52/><D24/><U57/><E107/><V89/><F36/><W22/><G108/><T133/><D133/><U23/><E23/><V134/><F134/><W39/><G39/><T47/><D54/><U122/><E122/><V31/><F31/><W83/><G83/><T19/><D17/><U28/><E28/><V8/><AGARI ba="1,0" hai="7,8,12,20,25,30,48,49,51,84,87,89,92,98" machi="8" ten="30,4000,0" yaku="0,1,8,1,52,1" doraHai="1" who="2" fromWho="2" sc="250,-11,295,-21,263,43,192,-11" /><INIT seed="2,0,0,1,5,124" ten="239,274,306,181" oya="2" hai0="9,38,91,59,25,21,58,103,13,90,116,1,77" hai1="12,50,14,128,33,127,100,85,115,106,81,130,120" hai2="126,82,56,65,7,49,129,107,45,3,75,99,55" hai3="24,66,44,10,131,41,42,133,83,102,18,98,105"/><V95/><F129/><N who="1" m="49769" /><E127/><V113/><F107/><W54/><G133/><T53/><D1/><U72/><E115/><V104/><F104/><W5/><G66/><T63/><D38/><U134/><E134/><V101/><F113/><W20/><G131/><T122/><D122/><U39/><E39/><V132/><F132/><W70/><G70/><T74/><D103/><U125/><E125/><V87/><F75/><W76/><G54/><T112/><D112/><U71/><E71/><V69/><F69/><W96/><G42/><T29/><D116/><U93/><E33/><V19/><F65/><W117/><G117/><T119/><D119/><U88/><E120/><V17/><F126/><W68/><G68/><T86/><D74/><U60/><E60/><V6/><F45/><W61/><G61/><T40/><D40/><U31/><E31/><V47/><F47/><W36/><G102/><T30/><D59/><U8/><E50/><V15/><F3/><W51/><G105/><T78/><D29/><U35/><E35/><V34/><F19/><W0/><REACH who="3" step="1"/><G51/><REACH who="3" ten="239,274,306,171" step="2"/><T27/><D63/><U11/><E106/><V2/><F49/><W109/><G109/><T22/><D53/><U37/><E37/><V84/><F55/><W89/><G89/><T135/><D90/><U92/><E100/><V46/><F101/><W23/><G23/><T80/><D135/><U94/><E72/><AGARI ba="0,1" hai="0,5,10,18,20,24,36,41,44,72,76,83,96,98" machi="72" ten="30,7700,0" yaku="1,1,7,1,25,2,53,0" doraHai="124" doraHaiUra="97" who="3" fromWho="1" sc="239,0,274,-77,306,0,171,87" /><INIT seed="3,0,0,5,0,65" ten="239,197,306,258" oya="3" hai0="72,27,48,19,23,69,102,124,38,20,80,53,5" hai1="49,62,29,28,46,92,21,109,1,79,3,42,86" hai2="9,105,120,95,100,64,110,39,2,30,25,83,52" hai3="113,81,123,22,26,127,54,57,34,126,24,10,40"/><W77/><G123/><T99/><D38/><U85/><E109/><V47/><F110/><W130/><G113/><T75/><D124/><N who="3" m="47657" /><G40/><T106/><D5/><U58/><E85/><V36/><F105/><W11/><G34/><T4/><D4/><U35/><E35/><V132/><F132/><W71/><G71/><T90/><D69/><U18/><E1/><V43/><F39/><W97/><G97/><T7/><D7/><U44/><E46/><V66/><F9/><N who="3" m="3083" /><G22/><T76/><D90/><U78/><E78/><V63/><F2/><W33/><G33/><T104/><D106/><U93/><E93/><V70/><F120/><W61/><G130/><T13/><D75/><AGARI ba="0,0" hai="24,26,54,57,61,75,77,81" m="3083,47657" machi="75" ten="30,1500,0" yaku="18,1" doraHai="65" who="3" fromWho="0" sc="239,-15,197,0,306,0,258,15" /><INIT seed="3,1,0,4,4,119" ten="224,197,306,273" oya="3" hai0="29,108,67,38,1,37,59,110,90,72,60,36,100" hai1="32,40,16,106,131,41,57,7,85,0,109,6,84" hai2="18,71,96,20,31,129,126,74,121,25,128,2,54" hai3="113,130,9,93,133,80,35,103,94,15,11,58,10"/><W22/><G35/><T50/><D72/><U61/><E32/><V116/><F116/><W75/><G113/><T43/><D1/><U127/><E106/><V114/><F114/><W99/><G130/><N who="2" m="50281" /><F71/><W87/><G133/><T33/><D100/><U70/><E131/><V91/><F74/><W51/><G75/><T62/><D29/><U44/><E70/><V118/><F2/><W49/><G93/><T17/><D90/><U30/><E30/><V88/><F126/><W14/><G58/><N who="0" m="37271" /><D17/><U3/><E3/><V83/><F54/><W68/><G68/><T86/><D86/><U42/><E44/><V56/><F56/><W105/><G105/><T65/><D33/><U39/><E39/><V73/><F31/><W77/><G22/><T28/><D28/><U107/><E107/><V5/><F5/><W19/><REACH who="3" step="1"/><G10/><REACH who="3" ten="224,197,306,263" step="2"/><T63/><D62/><U55/><E127/><V82/><F73/><W13/><G13/><T52/><D43/><U26/><E0/><V23/><F20/><W98/><G98/><T132/><D132/><U122/><E122/><V92/><F121/><W12/><G12/><T124/><D124/><U89/><E109/><V135/><F135/><W111/><G111/><T112/><D112/><U134/><E134/><V8/><F118/><W115/><G115/><T78/><D78/><U34/><E34/><V69/><F8/><W45/><G45/><AGARI ba="1,1" hai="36,37,38,45,50,52,59,63,65,108,110" m="37271" machi="45" ten="30,3900,0" yaku="34,2,54,1" doraHai="119" who="0" fromWho="3" sc="224,52,197,0,306,0,263,-42" /><INIT seed="4,0,0,5,5,68" ten="276,197,306,221" oya="0" hai0="37,30,56,51,9,71,33,50,107,66,126,98,14" hai1="131,108,41,0,29,91,58,84,4,31,83,7,81" hai2="8,88,49,72,73,78,40,69,53,5,133,35,75" hai3="96,34,95,22,10,70,67,111,94,104,16,74,106"/><T109/><D37/><U64/><E131/><V128/><F133/><W89/><G34/><T19/><D126/><U17/><E108/><V39/><F128/><W47/><G74/><T59/><D109/><U102/><E102/><V55/><F35/><W129/><G111/><T123/><D123/><U114/><E114/><V118/><F69/><W32/><G32/><T21/><D33/><U28/><E41/><V38/><F40/><W127/><G129/><T25/><D71/><U23/><E0/><V100/><F78/><W85/><G127/><T45/><D66/><U42/><E42/><V113/><F100/><W11/><G47/><T105/><D51/><U61/><REACH who="1" step="1"/><E81/><REACH who="1" ten="276,187,306,221" step="2"/><V1/><F113/><W48/><G104/><T79/><D105/><U46/><E46/><V125/><F125/><W119/><G106/><T27/><D107/><U99/><E99/><V103/><F103/><W77/><G95/><T65/><D98/><U92/><E92/><V101/><F101/><W86/><G96/><T80/><D80/><U121/><E121/><V44/><F44/><W132/><G94/><T3/><D3/><U2/><E2/><V122/><F122/><W82/><G82/><T87/><D45/><U20/><E20/><V76/><F1/><W90/><G22/><T135/><D21/><U117/><E117/><V116/><F118/><W52/><G11/><T110/><D9/><U115/><E115/><V24/><F8/><W26/><G10/><N who="0" m="6615" /><D110/><U12/><AGARI ba="0,1" hai="4,7,12,17,23,28,29,31,58,61,64,83,84,91" machi="12" ten="30,7900,0" yaku="1,1,0,1,8,1,53,1" doraHai="68" doraHaiUra="62" who="1" fromWho="1" sc="276,-39,187,89,306,-20,221,-20" /><INIT seed="5,0,0,5,0,19" ten="237,276,286,201" oya="1" hai0="36,0,129,54,35,20,75,40,13,132,94,44,128" hai1="68,123,81,52,127,85,24,37,32,97,23,69,98" hai2="76,12,92,103,31,87,43,86,134,70,56,62,1" hai3="96,101,42,25,126,99,48,112,95,57,108,61,26"/><U53/><E123/><V28/><F1/><W45/><G108/><T88/><D35/><U51/><E32/><V106/><F70/><W74/><G126/><T77/><D0/><U64/><E37/><V66/><F106/><W9/><G74/><T38/><D36/><U78/><E127/><V71/><F134/><W18/><G112/><T21/><D13/><U3/><E3/><V114/><F114/><W16/><G96/><N who="0" m="57415" /><D54/><U124/><E124/><V111/><F43/><W5/><G26/><T105/><D105/><U49/><E68/><V2/><F71/><W29/><G9/><T17/><D17/><N who="1" m="12399" /><E64/><V110/><F2/><W125/><G5/><T22/><D132/><U118/><E69/><V72/><F72/><W121/><G121/><T102/><D102/><U120/><E120/><V91/><F103/><W14/><G14/><T27/><D27/><U6/><E6/><V41/><F12/><W100/><G100/><T130/><D75/><U63/><E63/><V15/><F62/><W119/><G119/><T116/><D77/><U90/><E118/><AGARI ba="0,0" hai="20,21,22,38,40,44,116,118,128,129,130" m="57415" machi="118" ten="40,8000,1" yaku="19,1,52,3,54,1" doraHai="19" who="0" fromWho="1" sc="237,80,276,-80,286,0,201,0" /><INIT seed="6,0,0,2,4,83" ten="317,196,286,201" oya="2" hai0="100,96,58,74,103,107,31,106,48,53,80,104,38" hai1="65,98,29,93,7,78,10,87,67,81,71,9,84" hai2="43,91,132,72,11,135,19,52,51,61,47,77,88" hai3="76,49,109,44,39,86,113,97,17,33,59,92,116"/><V56/><F77/><W99/><G33/><T115/><D38/><U89/><E71/><V60/><F72/><W112/><G109/><T55/><D115/><N who="3" m="44105" /><G116/><T123/><D123/><U117/><E117/><V5/><F19/><W13/><G39/><T46/><D31/><U21/><E21/><V26/><F26/><W90/><G76/><T32/><D32/><U54/><E29/><V8/><F61/><W114/><N who="3" m="44113" /><W35/><DORA hai="1" /><G35/><T130/><D130/><U101/><E54/><V127/><F11/><N who="3" m="6335" /><G59/><T102/><D74/><U57/><E57/><V69/><F69/><W129/><G129/><T85/><D58/><U95/><REACH who="1" step="1"/><E9/><REACH who="1" ten="317,186,286,201" step="2"/><V126/><F8/><W34/><G34/><T12/><D55/><AGARI ba="0,1" hai="44,49,55,86,90,92,97,99" m="6335,44113" machi="55" ten="40,5200,0" yaku="15,1,11,1,52,1" doraHai="83,1" who="3" fromWho="0" sc="317,-52,186,0,286,0,201,62" /><INIT seed="7,0,0,5,1,15" ten="265,186,286,263" oya="3" hai0="126,28,39,131,62,110,116,72,100,123,37,45,34" hai1="18,92,75,33,35,12,40,27,29,74,16,101,102" hai2="0,99,77,122,30,104,113,73,48,24,56,106,13" hai3="50,105,51,82,79,52,67,115,103,124,1,43,38"/><W46/><G124/><T119/><D126/><U60/><E40/><V133/><F0/><W31/><G115/><T84/><D45/><U76/><E35/><V11/><F113/><W21/><G1/><T59/><D34/><U87/><E75/><V134/><F122/><W10/><G38/><T8/><D28/><U78/><E74/><V44/><F56/><N who="3" m="32791" /><G105/><T71/><D72/><U94/><E60/><V130/><F130/><W63/><G103/><N who="1" m="39434" /><E12/><V98/><F77/><N who="1" m="29801" /><E87/><V22/><F73/><W19/><G10/><T128/><D8/><U114/><E114/><V88/><F104/><W127/><G127/><T47/><D84/><U23/><E33/><V17/><F106/><W108/><G108/><T91/><D62/><U14/><E29/><V90/><F99/><W4/><G4/><T7/><D7/><U57/><E57/><V97/><F98/><W129/><G31/><T96/><D59/><U64/><E64/><V3/><F3/><W26/><G129/><T70/><D96/><U68/><E68/><V61/><F97/><W93/><G63/><T86/><D110/><U58/><E58/><V54/><F61/><W121/><G67/><T65/><D65/><U5/><E5/><V41/><F41/><W20/><G121/><T85/><D123/><U66/><E66/><V9/><F9/><AGARI ba="0,0" hai="9,14,16,18,23,27,92,94" m="29801,39434" machi="9" ten="30,7700,0" yaku="8,1,52,2,54,1" doraHai="15" who="1" fromWho="2" sc="265,0,186,77,286,-77,263,0" /><INIT seed="8,0,0,2,2,11" ten="265,263,209,263" oya="0" hai0="134,108,21,65,27,68,6,112,70,129,95,117,66" hai1="132,0,20,106,81,131,110,4,34,44,72,35,28" hai2="91,8,1,127,92,119,123,64,96,118,57,38,17" hai3="26,104,29,116,113,75,40,3,16,18,122,97,99"/><T76/><D112/><U55/><E106/><V61/><F127/><W33/><G75/><T31/><D117/><N who="2" m="44554" /><F123/><W19/><G116/><T128/><D134/><U88/><E132/><V67/><F38/><W85/><G113/><T103/><D76/><U69/><E69/><N who="0" m="26729" /><D6/><U45/><E110/><V60/><F1/><W39/><G122/><T89/><D103/><U7/><E131/><N who="0" m="50249" /><D108/><U93/><E0/><V107/><F107/><W98/><G3/><T126/><D126/><U5/><E81/><V100/><F17/><W50/><G104/><T30/><D31/><U109/><E72/><V47/><F8/><W36/><G85/><AGARI ba="0,0" hai="21,27,30,65,66,85,89,95" m="50249,26729" machi="85" ten="30,1500,0" yaku="19,1" doraHai="11" who="0" fromWho="3" sc="265,15,263,0,209,0,263,-15" /><INIT seed="8,1,0,5,5,97" ten="280,263,209,248" oya="0" hai0="5,18,129,131,6,25,33,51,123,93,8,52,110" hai1="127,12,15,132,80,91,22,20,92,101,85,55,105" hai2="14,100,106,108,44,17,71,73,94,11,114,135,35" hai3="69,53,26,60,103,88,70,39,31,95,77,56,76"/><T109/><D123/><U32/><E32/><V50/><F108/><N who="0" m="41578" /><D93/><U64/><E105/><V130/><F71/><W116/><G39/><T49/><D51/><U96/><E127/><V66/><F35/><W107/><G116/><T124/><D124/><U87/><E132/><V115/><F73/><W121/><G121/><T34/><D25/><U122/><E122/><V7/><F135/><W133/><G133/><T82/><D82/><N who="1" m="49591" /><E64/><V81/><F66/><W9/><G70/><T46/><D18/><U65/><E65/><V29/><F130/><N who="0" m="49674" /><D5/><U61/><E61/><V10/><F106/><W120/><G120/><T3/><AGARI ba="1,0" hai="3,6,8,33,34,46,49,52" m="49674,41578" machi="3" ten="30,6000,0" yaku="10,1,19,1,54,1" doraHai="97" who="0" fromWho="0" sc="280,63,263,-21,209,-21,248,-21" owari="343,44.0,242,4.0,188,-31.0,227,-17.0" /></mjloggm>