<mjloggm ver="2.3"><GO type="169" lobby="0"/><UN n0="%73%61%77%6C%79" n1="%EF%BC%88%E2%89%A7%E2%96%BD%E2%89%A6%EF%BC%89" n2="%EF%BC%A0%E6%A3%AE" n3="%E3%83%97%E3%83%AD%E3%82%B8%E3%83%A3%E3%83%B3%E6%B0%8F" dan="17,17,16,17" rate="2228.10,2145.44,2070.60,2134.32" sx="M,M,F,M"/><TAIKYOKU oya="0"/><INIT seed="0,0,0,4,3,16" ten="250,250,250,250" oya="0" hai0="32,50,1,60,30,56,122,72,2,129,44,23,121" hai1="34,70,33,106,35,66,93,135,36,108,102,109,29" hai2="68,11,128,69,95,27,12,90,58,39,80,100,114" hai3="113,19,130,87,85,94,18,96,28,92,10,63,74"/><T31/><D72/><U75/><E135/><V132/><F132/><W55/><G74/><T62/><D129/><U117/><E75/><V14/><F128/><W41/><G113/><T98/><D1/><U97/><E36/><V111/><F39/><W22/><G130/><T73/><D2/><U88/><E117/><V133/><F133/><W99/><G41/><T105/><D73/><U13/><E13/><V9/><F114/><W47/><G96/><T86/><D32/><U103/><E29/><V21/><F100/><W7/><G28/><T67/><D122/><U65/><E103/><V45/><F45/><W112/><G112/><T4/><D4/><U81/><E81/><V116/><F80/><W43/><G94/><T119/><D119/><U84/><REACH who="1" step="1"/><E70/><REACH who="1" ten="250,240,250,250" step="2"/><V54/><F69/><W127/><G127/><T125/><D125/><U126/><E126/><V15/><F68/><W77/><G77/><T8/><D121/><U110/><AGARI ba="0,1" hai="33,34,35,65,66,84,88,93,97,102,106,108,109,110" machi="110" ten="40,8000,1" yaku="1,1,0,1,14,1,54,1,53,0" doraHai="16" doraHaiUra="78" who="1" fromWho="1" sc="250,-40,240,90,250,-20,250,-20" /><INIT seed="1,0,0,5,0,11" ten="210,330,230,230" oya="1" hai0="95,94,2,127,53,83,54,36,61,67,12,84,108" hai1="106,112,45,110,35,60,133,66,44,97,85,115,4" hai2="70,120,96,31,101,131,39,75,125,50,123,71,78" hai3="128,98,17,16,79,105,72,62,90,28,33,21,24"/><U1/><E35/><V111/><F39/><W63/><G128/><T29/><D108/><U73/><E73/><V41/><F111/><W48/><G17/><T49/><D2/><U38/><E110/><V92/><F131/><W30/><G30/><T57/><D36/><U86/><E133/><V8/><F125/><W82/><G48/><T80/><D127/><U77/><E85/><V102/><F102/><W68/><G68/><T52/><D29/><U134/><E45/><V40/><F31/><W55/><G55/><T34/><D34/><U26/><E26/><V7/><F70/><W23/><G33/><T109/><D109/><U20/><E20/><V89/><F71/><W19/><G28/><T76/><D12/><U14/><E14/><V91/><F75/><W135/><G135/><T122/><D122/><U25/><E134/><V42/><F78/><W27/><REACH who="3" step="1"/><G105/><REACH who="3" ten="210,330,230,220" step="2"/><T6/><D6/><U32/><E106/><V56/><F120/><W104/><G104/><T117/><D117/><U88/><E4/><V58/><F123/><W69/><G69/><T5/><D5/><U51/><E38/><V59/><REACH who="2" step="1"/><F50/><REACH who="2" ten="210,330,220,220" step="2"/><W46/><G46/><T114/><D49/><U13/><E51/><V116/><F116/><W18/><G18/><T130/><D130/><U0/><E44/><V87/><F87/><W103/><G103/><T118/><D118/><U99/><E86/><V119/><F119/><W107/><G107/><T9/><D84/><U43/><E32/><V74/><F74/><W126/><G126/><T81/><D76/><U100/><E77/><V93/><F93/><AGARI ba="0,2" hai="16,19,21,23,24,27,62,63,72,79,82,90,93,98" machi="93" ten="40,8000,1" yaku="1,1,6,1,9,1,54,1,53,0" doraHai="11" doraHaiUra="10" who="3" fromWho="2" sc="210,0,330,0,220,-80,220,100" /><INIT seed="2,0,0,3,3,125" ten="210,330,140,320" oya="2" hai0="120,17,84,57,102,25,13,114,31,111,14,62,109" hai1="107,122,8,15,50,28,115,89,49,116,37,0,9" hai2="69,118,128,82,26,65,40,7,106,90,132,127,113" hai3="91,56,51,52,73,21,135,29,79,43,64,126,98"/><V134/><F118/><W2/><G135/><N who="2" m="51753" /><F113/><W112/><G112/><T58/><D114/><U101/><E116/><V124/><F106/><W93/><G126/><N who="2" m="48169" /><F40/><W59/><G2/><T18/><D120/><U3/><E107/><V10/><F26/><N who="3" m="16591" /><G73/><T11/><D102/><U22/><E101/><V86/><F65/><W117/><G117/><T83/><D109/><U61/><E115/><V81/><F69/><W16/><G43/><T27/><D111/><U23/><E37/><V33/><F33/><W130/><G79/><T68/><D68/><U34/><E34/><V95/><F128/><W63/><G130/><T19/><D27/><U1/><E122/><V38/><F38/><W96/><G16/><T32/><D19/><U97/><E28/><V48/><F48/><W129/><G129/><T131/><D131/><U53/><E50/><V39/><F39/><W54/><G64/><T35/><D35/><U67/><E67/><V46/><F46/><W105/><G105/><T72/><D62/><U77/><E49/><V123/><F123/><W103/><G103/><T74/><D58/><U70/><E61/><V99/><F99/><AGARI ba="0,0" hai="51,52,54,56,59,63,91,93,96,98,99" m="16591" machi="99" ten="30,2000,0" yaku="8,1,54,1" doraHai="125" who="3" fromWho="2" sc="210,0,330,0,140,-20,320,20" /><INIT seed="3,0,0,2,4,6" ten="210,330,120,340" oya="3" hai0="71,64,118,126,65,61,119,14,99,122,5,36,117" hai1="34,63,107,105,19,98,75,33,58,69,106,109,57" hai2="83,51,77,26,133,84,3,38,43,42,134,112,56" hai3="127,100,130,8,30,31,59,89,125,50,47,79,27"/><W41/><G130/><T10/><D126/><N who="3" m="48137" /><G100/><T132/><D132/><N who="2" m="50794" /><F112/><W113/><G113/><T35/><D122/><U0/><E75/><V24/><F38/><W103/><G103/><T78/><D36/><U114/><E114/><V97/><F97/><W135/><G135/><T18/><D35/><U110/><E0/><V86/><F3/><W29/><G79/><T68/><D78/><U37/><E37/><V76/><F56/><N who="1" m="21609" /><E98/><V39/><F39/><W129/><G129/><T21/><D99/><U67/><E19/><V80/><F51/><W87/><G8/><T13/><REACH who="0" step="1"/><D119/><REACH who="0" ten="200,330,120,340" step="2"/><U66/><E66/><V111/><F111/><AGARI ba="0,1" hai="33,34,63,67,69,105,106,107,109,110,111" m="21609" machi="111" ten="40,1300,0" yaku="14,1" doraHai="6" who="1" fromWho="2" sc="200,0,330,23,120,-13,340,0" /><INIT seed="4,0,0,0,3,24" ten="200,353,107,340" oya="0" hai0="68,21,121,62,14,53,15,90,110,40,104,70,74" hai1="11,6,48,131,18,8,134,33,123,100,65,52,91" hai2="77,54,51,29,97,28,59,55,49,71,31,125,96" hai3="87,5,95,85,111,4,36,69,44,10,43,22,114"/><T78/><D121/><U124/><E33/><V83/><F71/><W126/><G69/><T75/><D104/><U86/><E123/><V88/><F125/><W47/><G111/><T17/><D110/><U112/><E124/><V60/><F60/><W117/><G126/><T50/><D40/><U129/><E112/><V79/><F88/><W64/><G117/><T3/><D3/><U130/><E134/><V118/><F118/><W7/><G64/><T92/><D78/><N who="2" m="29706" /><F83/><W66/><G66/><T120/><D120/><U82/><E65/><V107/><F107/><W80/><G114/><T133/><D133/><U127/><E127/><V119/><F119/><W58/><G58/><AGARI ba="0,0" hai="28,29,31,49,51,54,55,58,59,96,97" m="29706" machi="58" ten="30,7700,0" yaku="8,1,52,3" doraHai="24" who="2" fromWho="3" sc="200,0,353,0,107,77,340,-77" /><INIT seed="5,0,0,4,3,122" ten="200,353,184,263" oya="1" hai0="57,9,35,106,73,50,88,107,12,59,121,109,104" hai1="126,60,66,74,18,2,52,8,51,4,120,22,7" hai2="10,43,127,69,34,65,23,29,95,116,20,48,132" hai3="27,110,11,72,1,17,42,113,102,133,28,94,75"/><U119/><E120/><V46/><F116/><W58/><G110/><T118/><D109/><U76/><E119/><V134/><F127/><W78/><G113/><T90/><D118/><U131/><E126/><V112/><F10/><W124/><G124/><T81/><D121/><U111/><E111/><V86/><F65/><W62/><G133/><N who="2" m="51305" /><F69/><W36/><G36/><T3/><D35/><U123/><E123/><V5/><F5/><W0/><G42/><T31/><D3/><U14/><E131/><V117/><F117/><W99/><G78/><T6/><D31/><U89/><E7/><V85/><F112/><W21/><G1/><T54/><REACH who="0" step="1"/><D57/><REACH who="0" ten="190,353,184,263" step="2"/><U41/><E2/><V47/><F29/><W93/><G0/><T37/><D37/><U61/><E66/><V30/><F30/><W26/><G28/><T45/><D45/><U105/><E61/><V128/><F34/><W32/><G32/><T13/><D13/><U40/><E60/><V135/><F135/><W84/><G27/><T25/><D25/><U130/><E14/><V15/><F15/><W103/><G26/><T19/><D19/><U44/><E18/><V97/><F46/><W53/><G17/><T115/><D115/><U39/><E39/><V16/><F16/><W68/><G58/><T96/><D96/><U70/><E44/><V83/><F128/><W33/><G99/><T125/><D125/><U38/><E130/><V24/><F24/><W63/><G33/><T71/><D71/><U80/><E70/><V82/><F97/><W100/><G68/><T92/><D92/><U49/><E38/><RYUUKYOKU ba="0,1" sc="190,30,353,-10,184,-10,263,-10" hai0="6,9,12,50,54,59,73,81,88,90,104,106,107" /><INIT seed="6,1,1,1,1,44" ten="220,343,174,253" oya="2" hai0="113,74,0,93,128,91,50,90,86,30,98,107,127" hai1="47,15,5,65,89,37,64,95,27,68,92,69,125" hai2="31,116,45,87,72,18,59,2,103,13,96,99,35" hai3="114,7,101,83,14,81,24,62,134,88,63,57,36"/><V111/><F72/><W123/><G123/><T124/><D0/><U12/><E125/><N who="0" m="48201" /><D30/><U51/><E37/><V6/><F116/><W39/><G134/><T84/><D113/><U34/><E34/><V75/><F75/><W126/><G126/><T33/><D33/><U102/><E27/><V71/><F71/><W77/><G101/><N who="0" m="62903" /><D50/><U17/><E69/><V85/><F103/><W67/><G114/><T105/><D74/><U66/><E68/><V112/><F112/><W40/><G39/><T20/><D20/><N who="1" m="11303" /><E102/><V73/><F73/><W79/><G36/><T46/><D46/><U25/><E25/><V54/><F45/><W49/><G24/><T43/><D43/><N who="1" m="25087" /><E89/><V100/><F31/><W28/><G88/><N who="0" m="53383" /><D128/><U41/><E41/><V61/><F35/><W132/><G28/><T21/><D21/><U115/><E115/><V94/><F99/><W9/><G49/><T60/><D60/><U120/><E120/><V19/><F2/><W110/><G63/><T56/><D56/><U119/><E119/><V38/><F38/><W104/><G57/><T82/><D105/><U16/><E5/><V97/><F97/><W131/><G104/><T53/><D53/><U70/><E70/><V121/><F121/><W22/><G131/><T29/><D29/><U58/><E58/><V32/><F32/><W26/><G62/><T8/><D8/><AGARI ba="1,1" hai="8,15,16,64,65,66,92,95" m="25087,11303" machi="8" ten="30,3900,0" yaku="8,1,52,1,54,1" doraHai="44" who="1" fromWho="0" sc="220,-42,343,52,174,0,253,0" /><INIT seed="7,0,0,3,3,102" ten="178,395,174,253" oya="3" hai0="92,68,46,65,54,7,42,91,123,124,108,33,116" hai1="109,71,128,103,10,2,130,90,13,56,15,77,96" hai2="94,17,0,66,75,25,127,52,28,18,47,59,113" hai3="105,134,32,21,89,60,62,64,83,44,76,98,132"/><W120/><G32/><T36/><D108/><U9/><E71/><V84/><F75/><W49/><G120/><T131/><D116/><U118/><E118/><V55/><F0/><W63/><G21/><T74/><D33/><U107/><E77/><V70/><F70/><W30/><G30/><T79/><D123/><U48/><E109/><V80/><F127/><W82/><G64/><T58/><D124/><U119/><E119/><V99/><F113/><W38/><G38/><T37/><D37/><U11/><E2/><V114/><F114/><W101/><G89/><T22/><D7/><U43/><E90/><N who="2" m="55767" /><F47/><W8/><G8/><T14/><D131/><N who="1" m="50219" /><E56/><V135/><F135/><N who="3" m="51755" /><G76/><T50/><D79/><U34/><E34/><V72/><F72/><W86/><G86/><N who="0" m="52343" /><D74/><U122/><E122/><V87/><F66/><W5/><G5/><T41/><D41/><AGARI ba="0,0" hai="41,44,49,60,62,63,82,83,98,101,105" m="51755" machi="41" ten="30,2900,0" yaku="20,1,52,1" doraHai="102" who="3" fromWho="0" sc="178,-29,395,0,174,0,253,29" /><INIT seed="7,1,0,2,3,79" ten="149,395,174,282" oya="3" hai0="38,105,27,84,48,19,15,86,43,114,51,75,90" hai1="133,56,107,57,131,125,42,32,77,60,119,34,39" hai2="106,25,58,135,16,127,76,52,37,71,64,98,97" hai3="47,81,3,122,102,2,8,33,99,100,9,69,82"/><W124/><G69/><T22/><D75/><U45/><E107/><V87/><F37/><W109/><G33/><T26/><D105/><U117/><E125/><V92/><F127/><W35/><G35/><N who="1" m="13354" /><E133/><V10/><F135/><W14/><G124/><T120/><D120/><U101/><E101/><V95/><F106/><W53/><G122/><T118/><D118/><N who="1" m="45067" /><E131/><V129/><F129/><W17/><G109/><T80/><D38/><U40/><E40/><V128/><F128/><W115/><G115/><T123/><D123/><U0/><E0/><V96/><F71/><W49/><G100/><T126/><D126/><U110/><E110/><V89/><F64/><W78/><G78/><N who="0" m="46103" /><D114/><U85/><E60/><N who="2" m="35911" /><F76/><W88/><G102/><T113/><D113/><U70/><E70/><V91/><F10/><N who="3" m="4203" /><G3/><T41/><D41/><U108/><E108/><V24/><F24/><N who="0" m="9258" /><D43/><U66/><E66/><V65/><F65/><W74/><G2/><T31/><D31/><U116/><E116/><V93/><F25/><W68/><G68/><T12/><D12/><U20/><E20/><V111/><F111/><W13/><G74/><T44/><D44/><U21/><E21/><V55/><F55/><W94/><G14/><T59/><D59/><U61/><E61/><V28/><F28/><W18/><G18/><T112/><D112/><U5/><E5/><V23/><F23/><AGARI ba="1,0" hai="13,17,23,47,49,53,81,82,88,94,99" m="4203" machi="23" ten="30,11600,0" yaku="8,1,52,2,54,1" doraHai="79" who="3" fromWho="2" sc="149,0,395,0,174,-119,282,119" owari="149,-25.0,395,20.0,55,-44.0,401,49.0" /></mjloggm>