<mjloggm ver="2.3"><GO type="41" lobby="0"/><UN n0="%E3%81%99%E3%81%BE%E3%81%9F" n1="%E3%82%AF%E3%83%AD%E3%83%AD%E3%83%93%E3%83%83%E3%83%81" n2="%E3%81%82%E3%81%95%E3%81%AE%E3%81%AF" n3="%E3%82%A6%E3%83%AB%E3%83%88%E3%83%A9%E7%AB%8B%E7%9B%B4" dan="15,13,14,16" rate="1965.25,1855.64,2093.05,2068.52" sx="M,M,F,M"/><TAIKYOKU oya="0"/><INIT seed="0,0,0,0,1,72" ten="250,250,250,250" oya="0" hai0="111,17,56,35,108,0,89,80,99,76,13,57,24" hai1="1,52,96,127,115,40,64,65,119,130,75,59,39" hai2="2,92,22,16,74,118,120,117,131,27,109,114,33" hai3="93,37,82,88,128,66,105,14,54,11,90,112,91"/><T113/><D0/><U45/><E119/><N who="2" m="45579" /><F114/><W20/><G105/><T51/><D113/><U36/><E127/><V31/><F74/><W9/><G37/><T4/><D4/><U100/><E115/><V12/><F120/><W125/><G125/><T67/><D99/><U62/><E130/><V68/><F68/><W32/><G32/><T29/><D89/><U8/><E39/><V55/><F131/><W78/><G128/><T110/><D67/><U34/><E34/><V48/><F92/><W86/><G112/><T69/><D69/><U106/><REACH who="1" step="1"/><E75/><REACH who="1" ten="250,240,250,250" step="2"/><V21/><F33/><W15/><G66/><T95/><D111/><U81/><E81/><V124/><F124/><W41/><G93/><T3/><D95/><U98/><E98/><V61/><F109/><W23/><G41/><T7/><D110/><U50/><E50/><V26/><F48/><W47/><G54/><T134/><D51/><U10/><E10/><V87/><F55/><W42/><G42/><T43/><D43/><U30/><E30/><V79/><F31/><W103/><G11/><T122/><D108/><U73/><E73/><V123/><F123/><W58/><G9/><T104/><D122/><U5/><AGARI ba="0,1" hai="1,5,8,36,40,45,52,59,62,64,65,96,100,106" machi="5" ten="30,4000,0" yaku="1,1,0,1,54,1,53,0" doraHai="72" doraHaiUra="18" who="1" fromWho="1" sc="250,-20,240,50,250,-10,250,-10" /><INIT seed="1,0,0,0,2,130" ten="230,290,240,240" oya="1" hai0="74,92,70,50,105,49,91,101,85,97,125,7,11" hai1="114,111,132,129,68,82,53,18,2,131,21,10,19" hai2="30,65,39,118,116,29,76,8,3,33,110,86,35" hai3="23,6,96,43,22,73,122,104,57,119,60,41,72"/><U102/><E114/><V77/><F39/><W58/><G122/><T52/><D70/><U123/><E68/><V55/><F110/><W46/><G6/><T61/><D125/><U28/><E102/><V54/><F8/><W94/><G104/><T78/><D61/><U93/><E93/><V63/><F3/><W90/><G119/><T113/><D113/><U64/><E64/><V103/><F103/><W42/><G46/><T87/><D87/><U71/><E71/><V5/><F5/><W127/><G127/><T128/><D128/><N who="1" m="49227" /><E53/><V25/><F65/><W135/><G60/><T106/><D106/><U83/><E28/><V84/><F63/><W15/><G94/><T40/><D40/><U100/><E100/><V44/><F44/><W13/><G96/><T16/><D52/><U51/><E51/><V134/><REACH who="2" step="1"/><F25/><REACH who="2" ten="230,290,230,240" step="2"/><W115/><G115/><T48/><D7/><N who="1" m="1399" /><E111/><V24/><F24/><W12/><G43/><T99/><D50/><U112/><E112/><V9/><F9/><W47/><G42/><T117/><D11/><U120/><E120/><V1/><F1/><W32/><G41/><T0/><D49/><U45/><E45/><V108/><F108/><W14/><G47/><T34/><D48/><U4/><E4/><V88/><F88/><W124/><G90/><T69/><D91/><U75/><E123/><V37/><F37/><W95/><G124/><T66/><D0/><U133/><E82/><V59/><F59/><W20/><G58/><T107/><D66/><U36/><E36/><V126/><F126/><W17/><N who="3" m="3584" /><DORA hai="67" /><W56/><G57/><RYUUKYOKU ba="0,1" sc="230,-10,290,-10,230,30,240,-10" hai2="29,30,33,35,54,55,76,77,84,86,116,118,134" /><INIT seed="2,1,1,3,3,64" ten="220,280,260,230" oya="2" hai0="73,17,116,96,42,114,108,3,61,37,72,124,94" hai1="82,22,131,49,53,51,35,11,99,7,111,18,91" hai2="98,38,16,127,4,92,120,40,134,9,56,30,24" hai3="84,81,41,97,109,75,103,85,74,6,86,1,39"/><V76/><F120/><W50/><G50/><T101/><D61/><U28/><E111/><V113/><F113/><W135/><G109/><T58/><D58/><U104/><E131/><V121/><F121/><W29/><G29/><T62/><D62/><U54/><E28/><V32/><F134/><W26/><G26/><T8/><D108/><U67/><E35/><V34/><F34/><W126/><G75/><T44/><D114/><U21/><E67/><V128/><F76/><W63/><G63/><T133/><D124/><U106/><E82/><V107/><F107/><W47/><G135/><T69/><D133/><U12/><E91/><V55/><F127/><W105/><G126/><T31/><D116/><U117/><E117/><V23/><F128/><W90/><G90/><T79/><D69/><U118/><E118/><V25/><F40/><W78/><REACH who="3" step="1"/><G86/><REACH who="3" ten="220,280,260,220" step="2"/><T5/><D73/><U119/><E119/><V46/><F38/><W110/><G110/><T0/><D72/><U45/><E99/><V132/><F132/><W52/><G52/><T66/><D31/><U88/><E88/><V87/><F87/><W122/><G122/><T19/><D66/><U123/><E123/><V100/><F46/><W130/><G130/><T93/><D79/><U57/><REACH who="1" step="1"/><E21/><REACH who="1" ten="220,270,260,220" step="2"/><V71/><F23/><W2/><G2/><AGARI ba="1,3" hai="2,7,11,12,18,22,45,49,51,53,54,57,104,106" machi="2" ten="30,3900,0" yaku="1,1,2,1,7,1,53,0" doraHai="64" doraHaiUra="83" who="1" fromWho="3" sc="220,0,270,72,260,0,220,-42" /><INIT seed="3,0,0,4,0,120" ten="220,342,260,178" oya="3" hai0="121,89,108,58,47,114,135,30,74,24,85,53,43" hai1="113,10,12,22,87,78,45,132,107,62,50,70,26" hai2="66,90,18,27,109,129,46,54,16,123,5,59,0" hai3="42,9,125,130,112,101,84,127,133,1,13,68,69"/><W122/><G122/><T103/><D121/><U34/><E132/><V8/><F123/><W88/><G1/><T134/><D74/><U111/><E113/><V61/><F129/><W31/><G112/><T29/><D114/><U102/><E34/><V116/><F116/><W33/><G101/><T52/><D103/><U100/><E107/><V65/><F109/><W77/><G77/><T131/><D131/><U32/><E32/><V48/><F27/><N who="3" m="18687" /><G42/><T115/><D115/><U6/><E62/><V64/><REACH who="2" step="1"/><F90/><REACH who="2" ten="220,342,250,178" step="2"/><W104/><G130/><T93/><D108/><U97/><E111/><V96/><F96/><W44/><G104/><T82/><D24/><U17/><E70/><V7/><F7/><W49/><G69/><T71/><D71/><U124/><E97/><V14/><F14/><W75/><G68/><T81/><D135/><U39/><E39/><V11/><F11/><W76/><G133/><T98/><D134/><U51/><E124/><V94/><F94/><W55/><G76/><T38/><D82/><U95/><E95/><V57/><F57/><W2/><G2/><T35/><D58/><U106/><E106/><V40/><AGARI ba="0,1" hai="0,5,8,16,18,40,46,48,54,59,61,64,65,66" machi="40" ten="30,4000,0" yaku="1,1,0,1,54,1,53,0" doraHai="120" doraHaiUra="86" who="2" fromWho="2" sc="220,-10,342,-10,250,50,178,-20" /><INIT seed="4,0,0,3,4,94" ten="210,332,300,158" oya="0" hai0="19,1,117,34,33,42,66,24,46,11,45,40,103" hai1="30,8,98,86,52,58,77,92,13,106,79,23,124" hai2="41,69,6,71,72,81,87,84,99,108,14,111,61" hai3="121,78,3,22,88,65,67,4,17,125,109,133,36"/><T134/><D117/><U10/><E124/><V64/><F72/><W48/><G109/><T123/><D123/><U110/><E106/><V82/><F41/><W47/><G125/><T37/><D66/><U39/><E39/><V104/><F6/><W96/><G121/><T70/><D70/><U95/><E110/><V131/><F131/><W132/><G36/><T59/><D134/><U80/><E92/><V21/><F14/><W113/><G78/><T50/><D59/><U122/><E122/><V135/><F21/><W38/><G38/><T73/><D73/><U126/><E79/><V83/><F135/><N who="3" m="51787" /><G4/><T100/><D1/><U127/><E127/><V25/><F25/><W44/><G3/><T101/><REACH who="0" step="1"/><D24/><REACH who="0" ten="200,332,300,158" step="2"/><N who="1" m="16671" /><E126/><V119/><F69/><W31/><G67/><T18/><D18/><U74/><E74/><V102/><F119/><W12/><G65/><T2/><D2/><U97/><E95/><V9/><F111/><W128/><G31/><T118/><D118/><U56/><E56/><V105/><F108/><W27/><G27/><T91/><D91/><U15/><E15/><AGARI ba="0,1" hai="11,15,19,33,34,37,40,42,45,46,50,100,101,103" machi="15" ten="40,2000,0" yaku="1,1,53,0" doraHai="94" doraHaiUra="51" who="0" fromWho="1" sc="200,30,332,-20,300,0,158,0" /><INIT seed="4,1,0,4,2,21" ten="230,312,300,158" oya="0" hai0="111,93,25,74,71,117,103,77,79,18,112,88,126" hai1="110,84,66,97,16,35,58,121,102,34,43,69,120" hai2="24,85,134,49,54,44,65,32,57,3,4,76,23" hai3="133,55,90,135,52,114,48,40,75,26,7,9,99"/><T22/><D117/><U80/><E110/><V50/><F32/><W109/><G75/><T86/><D111/><U122/><E69/><V20/><F134/><W82/><G109/><T83/><D71/><U107/><E43/><V59/><F23/><W60/><G40/><T73/><D126/><U108/><E108/><V115/><F115/><W132/><G114/><T89/><D112/><U46/><E46/><V72/><F72/><W28/><G60/><T131/><D131/><U29/><E29/><V13/><F3/><W98/><G82/><T128/><D128/><U15/><E66/><V87/><F76/><W61/><G61/><T70/><D70/><U95/><E58/><N who="2" m="22027" /><F49/><W105/><G105/><T27/><D103/><U104/><E104/><V106/><F106/><W10/><G48/><T113/><D113/><U123/><N who="1" m="31232" /><DORA hai="91" /><U39/><E39/><V81/><F81/><W119/><G119/><T5/><D5/><U129/><E107/><V116/><F65/><W0/><G10/><T42/><D42/><U130/><E130/><V17/><F116/><W36/><G36/><T11/><D11/><AGARI ba="1,0" hai="4,11,13,17,20,24,44,50,54,85,87" m="22027" machi="11" ten="30,2000,0" yaku="8,1,52,1" doraHai="21,91" who="2" fromWho="0" sc="230,-23,312,0,300,23,158,0" /><INIT seed="5,0,0,0,3,121" ten="207,312,323,158" oya="1" hai0="35,61,56,99,129,96,109,51,0,131,21,34,7" hai1="103,45,58,80,124,95,92,27,10,79,119,128,88" hai2="135,127,15,16,1,39,23,83,13,85,38,84,62" hai3="91,53,5,19,31,114,105,89,50,108,28,33,97"/><U130/><E124/><V59/><F1/><W25/><G31/><T125/><D109/><U82/><E119/><V86/><F135/><W64/><G114/><T120/><D120/><U29/><E103/><V74/><F127/><W65/><G5/><T66/><D125/><U126/><E126/><V110/><F110/><W26/><G108/><T40/><D21/><U100/><E100/><V116/><F116/><W133/><G133/><T49/><D40/><U60/><E45/><V2/><F2/><W78/><G91/><T20/><D20/><U4/><E95/><V72/><F13/><W46/><G78/><T123/><D123/><U132/><E132/><V52/><REACH who="2" step="1"/><F83/><REACH who="2" ten="207,312,313,158" step="2"/><W115/><G115/><T68/><D0/><U93/><E128/><V54/><F54/><W44/><G26/><T77/><D131/><U107/><E130/><V90/><F90/><W48/><G89/><T32/><D129/><U6/><E82/><V41/><F41/><W102/><G19/><T8/><D77/><U106/><E80/><V42/><F42/><AGARI ba="0,1" hai="25,28,33,42,44,46,48,50,53,64,65,97,102,105" machi="42" ten="30,1000,0" yaku="7,1" doraHai="121" who="3" fromWho="2" sc="207,0,312,0,313,-10,158,20" /><INIT seed="6,0,0,0,2,55" ten="207,312,303,178" oya="2" hai0="37,21,72,133,18,64,19,49,102,29,104,128,34" hai1="16,62,8,4,125,106,41,15,17,66,58,115,123" hai2="60,63,90,25,38,2,27,105,131,9,42,3,122" hai3="81,22,80,95,50,71,35,74,10,85,110,56,51"/><V126/><F122/><W75/><G35/><T103/><D37/><U73/><E125/><V33/><F126/><W113/><G71/><T124/><D124/><U86/><E115/><V20/><F33/><W96/><G110/><T82/><D128/><U118/><E118/><V61/><F131/><W93/><G113/><T77/><D133/><U97/><E73/><V54/><F105/><W88/><G10/><T24/><D104/><U91/><E123/><V117/><F117/><W45/><G75/><T89/><D89/><U26/><E41/><V68/><F68/><W5/><G5/><T67/><D49/><U134/><E134/><V1/><F9/><W108/><G74/><T84/><D72/><U79/><E79/><V76/><F76/><W47/><G22/><T0/><D0/><U14/><E26/><V94/><F54/><N who="3" m="31831" /><G108/><T129/><D129/><U13/><E106/><V32/><F32/><W87/><G47/><T70/><D70/><U28/><E97/><V100/><F20/><W135/><G135/><T121/><D121/><U40/><E40/><V57/><F2/><W44/><G87/><T31/><D31/><U7/><E28/><V98/><F1/><W48/><G44/><T111/><D111/><U101/><E101/><N who="0" m="38409" /><D34/><U11/><E14/><V69/><F3/><W30/><G30/><T83/><D83/><AGARI ba="0,0" hai="4,7,8,11,13,15,16,17,58,62,66,83,86,91" machi="83" ten="30,8000,1" yaku="7,1,9,1,8,1,52,1,54,1" doraHai="55" who="1" fromWho="0" sc="207,-80,312,80,303,0,178,0" /><INIT seed="7,0,0,2,0,78" ten="127,392,303,178" oya="3" hai0="13,99,77,109,129,22,33,25,94,54,81,29,30" hai1="110,128,27,59,97,21,117,71,105,134,82,85,14" hai2="72,116,49,65,95,132,79,75,123,111,18,2,7" hai3="51,88,20,115,47,92,96,32,104,122,17,28,34"/><W83/><G122/><T130/><D109/><U76/><E110/><V9/><F79/><W67/><G115/><T91/><D130/><U103/><E71/><V56/><F116/><W63/><G28/><T16/><D129/><U66/><E128/><V58/><F111/><W37/><G37/><T127/><D127/><U3/><E3/><V35/><F35/><W90/><G104/><T15/><D30/><U118/><E14/><V133/><F123/><W98/><G34/><T69/><D69/><U36/><E36/><V48/><F95/><W113/><G32/><T74/><REACH who="0" step="1"/><D54/><REACH who="0" ten="117,392,303,178" step="2"/><U8/><E118/><V64/><F133/><W11/><G113/><T106/><D106/><U40/><E105/><V125/><F132/><W43/><G67/><T10/><D10/><U1/><E8/><V121/><F9/><W55/><G11/><T126/><D126/><U5/><E66/><V41/><F64/><W46/><G63/><T50/><D50/><U39/><E134/><V26/><F49/><W31/><G31/><T24/><AGARI ba="0,1" hai="13,15,16,22,24,25,29,33,74,77,81,91,94,99" machi="24" ten="20,8000,1" yaku="1,1,0,1,7,1,52,1,54,1,53,0" doraHai="78" doraHaiUra="112" who="0" fromWho="0" sc="117,90,392,-20,303,-20,178,-40" owari="207,-19.0,372,47.0,283,8.0,138,-36.0" /></mjloggm>