<mjloggm ver="2.3"><GO type="41"/><UN n0="%E9%AF%A8%E3%81%9F%E3%82%93%E2%99%AA" n1="%EF%BC%88%E2%89%A7%E2%96%BD%E2%89%A6%EF%BC%89" n2="%6D%61%74%75%6B%61%73%61" n3="%E7%AA%93%E6%9E%A0" dan="15,15,13,13" rate="2050,2027,1832,1882" sx="F,M,M,M"/><TAIKYOKU oya="0"/><INIT seed="0,0,0,1,2,57" ten="250,250,250,250" oya="0" hai0="68,105,116,101,51,59,97,77,122,21,124,3,90" hai1="10,128,114,110,54,108,85,132,130,84,53,78,118" hai2="107,29,82,16,120,12,79,131,17,31,64,39,65" hai3="83,15,134,96,61,75,76,11,70,37,35,121,104"/><T86/><D116/><U55/><E118/><V129/><F120/><W41/><G35/><T71/><D122/><U109/><E114/><V88/><F107/><W89/><G121/><T5/><D124/><U36/><E132/><V13/><F39/><W102/><G134/><T7/><D77/><U103/><E36/><V111/><F111/><W34/><G34/><T126/><D126/><U125/><E125/><V98/><F98/><W42/><G89/><T127/><D127/><U73/><E103/><V113/><F113/><W69/><G69/><T23/><D71/><U94/><E10/><V99/><F79/><W52/><G37/><T33/><D68/><U2/><E2/><V112/><F112/><W26/><G26/><T80/><D33/><U28/><E28/><V117/><F99/><W0/><G0/><T50/><D50/><U32/><E32/><V6/><F6/><W47/><G47/><T30/><D3/><U135/><E135/><V92/><F117/><W115/><G115/><T93/><D105/><U48/><E48/><V91/><F92/><W119/><G119/><T106/><D106/><U14/><E94/><V49/><REACH who="2" step="1"/><F49/><REACH who="2" ten="250,250,240,250" step="2"/><W27/><G96/><T56/><D51/><U87/><REACH who="1" step="1"/><E14/><REACH who="1" ten="250,240,240,250" step="2"/><V100/><F100/><W123/><G102/><T81/><D101/><U62/><E62/><V72/><F72/><W4/><G123/><T40/><D81/><AGARI ba="0,2" hai="53,54,55,73,78,81,84,85,87,108,109,110,128,130" machi="81" ten="50,8000,1" yaku="1,1,29,2,14,1,53,0" doraHai="57" doraHaiUra="38" who="1" fromWho="0" sc="250,-80,240,100,240,0,250,0" /><AGARI ba="0,0" hai="12,13,16,17,29,31,64,65,81,82,88,91,129,131" machi="81" ten="25,8000,1" yaku="1,1,22,2,54,2,53,0" doraHai="57" doraHaiUra="38" who="2" fromWho="0" sc="170,-80,340,0,240,80,250,0" /><INIT seed="1,0,0,0,4,98" ten="90,340,320,250" oya="1" hai0="85,39,87,64,0,83,40,113,8,71,11,26,27" hai1="105,108,20,86,92,124,109,100,29,111,41,66,125" hai2="127,48,52,65,25,46,15,35,106,30,19,116,102" hai3="44,68,93,45,21,88,97,13,3,72,62,123,131"/><U104/><E41/><V76/><F116/><W80/><G3/><T31/><D113/><U114/><E114/><V37/><F127/><N who="1" m="48713" /><E66/><V132/><F76/><W120/><G131/><T70/><D40/><U121/><E121/><V96/><F132/><W119/><G119/><T112/><D39/><U58/><E58/><V78/><F78/><W36/><G72/><T135/><D112/><U75/><E75/><V32/><F37/><W5/><G80/><T50/><D0/><U89/><E100/><V77/><F77/><W6/><G36/><T79/><D135/><U73/><E73/><V110/><F65/><W14/><G68/><T129/><D64/><U17/><E29/><V59/><F110/><N who="1" m="28161" /><U128/><DORA hai="53" /><E128/><V42/><F42/><W12/><G123/><T118/><D129/><U38/><E38/><V24/><F46/><W101/><G44/><T9/><D118/><U4/><E4/><V28/><F19/><W57/><G45/><T84/><D31/><U10/><E10/><V69/><F69/><W91/><G120/><T23/><D71/><U49/><E49/><V33/><F33/><W133/><G133/><T51/><D70/><U7/><E7/><N who="3" m="2570" /><G21/><T47/><D23/><U117/><E117/><V1/><F1/><W90/><G57/><T107/><D47/><U82/><E82/><V134/><F134/><W54/><G54/><T61/><D83/><U126/><N who="1" m="48721" /><U95/><DORA hai="99" /><E95/><V74/><F74/><W81/><G81/><T103/><D79/><U56/><E56/><V16/><F16/><W55/><G55/><T34/><D11/><RYUUKYOKU ba="0,0" sc="90,-30,340,10,320,10,250,10" hai1="17,20,86,89,92,104,105" hai2="15,24,25,28,30,32,35,48,52,59,96,102,106" hai3="12,13,14,62,88,90,91,93,97,101" /><INIT seed="1,1,0,1,2,48" ten="60,350,330,260" oya="1" hai0="75,13,118,8,93,36,86,127,4,126,62,34,121" hai1="110,109,54,42,120,92,81,128,18,3,55,14,80" hai2="17,50,82,76,85,96,112,57,32,59,87,97,12" hai3="89,106,107,5,119,52,39,123,1,78,41,131,129"/><U26/><E3/><V90/><F32/><W33/><G33/><T0/><D75/><U117/><E120/><V28/><F28/><W95/><G123/><T22/><D121/><U115/><E115/><V133/><F133/><W45/><G78/><T2/><D36/><U16/><E117/><V51/><F112/><W65/><G65/><T58/><D34/><U15/><E128/><N who="3" m="49226" /><G119/><T44/><D44/><U20/><E42/><V111/><F111/><N who="1" m="42505" /><E92/><N who="2" m="54351" /><F59/><W116/><G116/><T84/><D118/><U30/><E15/><V103/><F103/><W79/><G79/><T100/><D100/><U73/><E18/><V29/><F29/><W24/><G24/><T56/><D93/><U49/><E49/><N who="2" m="18443" /><F57/><W70/><G70/><T130/><D58/><U102/><E102/><V19/><F19/><W63/><G5/><T69/><D69/><U31/><E31/><V9/><AGARI ba="1,0" hai="9,12,17,76,82,87,96,97" m="18443,54351" machi="9" ten="30,1100,0" yaku="8,1" doraHai="48" who="2" fromWho="2" sc="60,-4,350,-6,330,14,260,-4" /><INIT seed="2,0,0,0,1,78" ten="56,344,344,256" oya="2" hai0="54,134,71,33,92,90,25,26,101,69,118,22,1" hai1="77,106,15,44,16,83,50,60,123,6,12,27,29" hai2="88,98,70,23,59,18,36,117,76,31,109,112,110" hai3="35,21,67,5,116,11,135,28,86,32,56,80,100"/><V120/><F117/><W43/><G116/><T119/><D1/><U122/><E106/><V39/><F112/><W49/><G100/><T74/><D119/><U113/><E60/><V14/><F120/><N who="1" m="46121" /><E6/><V82/><F70/><W65/><G32/><T46/><D118/><U41/><E113/><V96/><F31/><W66/><G35/><T125/><D74/><N who="1" m="43447" /><E16/><V93/><F98/><W84/><G84/><T73/><D73/><U87/><E87/><N who="2" m="48583" /><F59/><W115/><G115/><T10/><D10/><U132/><E132/><V111/><AGARI ba="0,0" hai="14,18,23,36,39,88,93,96,109,110,111" m="48583" machi="111" ten="30,11700,0" yaku="14,1,10,1,52,1,54,1" doraHai="78" who="2" fromWho="2" sc="56,-39,344,-39,344,117,256,-39" /><INIT seed="2,1,0,3,2,50" ten="17,305,461,217" oya="2" hai0="63,79,8,9,71,113,76,98,127,52,81,82,35" hai1="64,97,10,85,33,126,22,43,115,100,14,99,20" hai2="38,93,106,21,2,122,29,59,46,41,48,78,56" hai3="13,130,34,32,86,36,67,89,62,133,96,90,17"/><V4/><F122/><W92/><G36/><T109/><D113/><U120/><E115/><V72/><F106/><W39/><G39/><T66/><D35/><U87/><E33/><V74/><F93/><W131/><G133/><T40/><D40/><U49/><E120/><V12/><F48/><W123/><G123/><T129/><D109/><U111/><E64/><V28/><F28/><W102/><G34/><T7/><D127/><U16/><E111/><V83/><F74/><W3/><G3/><T54/><D98/><N who="1" m="37387" /><E100/><V118/><F118/><W107/><G32/><T24/><D24/><U112/><E112/><V84/><F84/><N who="1" m="32329" /><E126/><V132/><F132/><W18/><G90/><T37/><D37/><U25/><E25/><N who="2" m="16559" /><F12/><W119/><G119/><T103/><D103/><U134/><E134/><V60/><F60/><W30/><G13/><T110/><D110/><U0/><E0/><V26/><F26/><W116/><G116/><T73/><D129/><U23/><E49/><V105/><F105/><W61/><G61/><T128/><D128/><U6/><E43/><V95/><F95/><W135/><G135/><T57/><D71/><U108/><E108/><V124/><F124/><W44/><G131/><T51/><D51/><U70/><E70/><V15/><F15/><W45/><G130/><T88/><D88/><U80/><E80/><V31/><F31/><W47/><G30/><T77/><D77/><U104/><E104/><V19/><F19/><W68/><AGARI ba="1,0" hai="17,18,44,45,47,62,67,68,86,89,92,96,102,107" machi="68" ten="30,1100,0" yaku="0,1" doraHai="50" who="3" fromWho="3" sc="17,-4,305,-4,461,-6,217,14" /><INIT seed="3,0,0,2,2,39" ten="13,301,455,231" oya="3" hai0="12,127,125,33,4,68,42,0,100,54,97,26,62" hai1="122,126,23,120,43,13,89,75,118,44,29,119,78" hai2="79,92,21,86,76,27,95,18,124,53,73,96,56" hai3="35,104,10,101,103,8,81,31,77,71,70,65,20"/><W24/><G20/><T66/><D0/><U82/><E126/><V109/><F124/><W3/><G101/><T129/><D129/><U116/><E89/><N who="2" m="53303" /><F73/><N who="3" m="43183" /><G8/><T16/><D4/><U64/><E64/><V94/><F109/><W134/><G65/><T55/><D125/><U121/><E13/><V84/><F84/><W57/><G57/><T41/><D127/><U72/><E72/><V32/><F32/><W28/><G31/><N who="0" m="19703" /><D55/><U49/><REACH who="1" step="1"/><E120/><REACH who="1" ten="13,291,455,231" step="2"/><V130/><F130/><W61/><G134/><T117/><D117/><U91/><E91/><N who="2" m="55391" /><F95/><W2/><G2/><T110/><D110/><U80/><E80/><V52/><F53/><W11/><G11/><N who="0" m="6175" /><D54/><U40/><E40/><V87/><F87/><W88/><G88/><T128/><D128/><U83/><E83/><V22/><F52/><W85/><G85/><T51/><D51/><U90/><E90/><V37/><F37/><W98/><G61/><T105/><AGARI ba="0,1" hai="41,42,62,66,68,97,100,105" m="6175,19703" machi="105" ten="30,7900,0" yaku="25,1,52,2,54,1" doraHai="39" who="0" fromWho="0" sc="13,89,291,-20,455,-20,231,-39" /><INIT seed="4,0,0,3,0,7" ten="102,271,435,192" oya="0" hai0="99,62,11,10,53,64,92,102,21,128,111,34,37" hai1="3,58,63,110,90,83,45,56,121,124,134,65,13" hai2="130,19,38,103,54,6,52,18,60,36,96,109,114" hai3="9,17,132,8,59,28,79,30,100,48,57,77,133"/><T40/><D34/><U24/><E3/><V106/><F109/><W14/><G100/><T116/><D116/><U61/><E121/><V49/><F130/><W51/><G14/><T81/><D128/><U101/><E110/><V113/><F6/><W93/><G93/><T67/><D111/><U29/><E134/><V39/><F60/><W84/><G84/><T15/><D40/><U73/><E124/><V112/><REACH who="2" step="1"/><F54/><REACH who="2" ten="102,271,425,192" step="2"/><W32/><G32/><T122/><D122/><U1/><E61/><V55/><F55/><W50/><G50/><T66/><D37/><U23/><E63/><V2/><F2/><W89/><G17/><N who="0" m="10431" /><D81/><U125/><E1/><V87/><F87/><W25/><G25/><T119/><D119/><U86/><E86/><V104/><F104/><W107/><REACH who="3" step="1"/><G89/><REACH who="3" ten="102,271,425,182" step="2"/><T22/><D22/><N who="1" m="15511" /><E90/><V123/><F123/><W72/><G72/><T115/><D115/><U94/><E23/><V26/><F26/><W31/><G31/><T41/><D41/><U85/><E73/><V43/><F43/><W20/><G20/><T117/><D117/><U95/><E85/><V76/><F76/><W91/><G91/><T129/><D129/><U44/><E101/><V108/><F108/><W5/><G5/><T120/><D120/><U135/><E94/><V35/><F35/><W75/><G75/><T78/><D78/><U127/><E95/><V27/><F27/><W80/><G80/><T16/><D16/><U33/><E83/><V42/><F42/><W0/><G0/><T69/><D69/><U68/><E33/><V98/><F98/><W70/><G70/><RYUUKYOKU ba="0,2" sc="102,10,271,-30,425,10,182,10" hai0="10,11,53,62,64,66,67,92,99,102" hai2="18,19,36,38,39,49,52,96,103,106,112,113,114" hai3="8,9,28,30,48,51,57,59,77,79,107,132,133" /><INIT seed="4,1,2,1,5,45" ten="112,241,435,192" oya="0" hai0="26,102,88,55,131,14,10,62,46,135,90,127,19" hai1="78,2,103,20,83,117,9,27,29,109,17,76,67" hai2="16,132,11,134,22,120,68,118,58,50,112,15,92" hai3="94,73,116,28,4,37,63,115,69,24,7,59,82"/><T3/><D135/><U60/><E109/><V95/><F120/><W0/><G116/><T13/><D3/><U114/><E117/><V51/><F118/><W79/><G69/><T89/><D131/><U128/><E128/><V72/><F112/><W41/><G115/><T52/><D127/><U40/><E114/><V101/><F72/><W39/><G94/><T104/><D104/><U121/><E121/><V34/><F34/><W81/><G82/><T85/><D102/><U30/><E103/><V38/><F38/><W65/><G39/><T33/><D33/><U53/><E40/><V100/><F68/><W87/><G73/><T106/><D106/><U96/><E96/><N who="2" m="59399" /><F58/><W44/><REACH who="3" step="1"/><G0/><REACH who="3" ten="112,241,435,182" step="2"/><T8/><D85/><U119/><E2/><V86/><F132/><W125/><G125/><T42/><D26/><U49/><E119/><V66/><F134/><W25/><G25/><T61/><D61/><U133/><E133/><V77/><F95/><W113/><G113/><T18/><D62/><U129/><E129/><V84/><F101/><W130/><G130/><T91/><N who="0" m="22528" /><DORA hai="31" /><T111/><D111/><U126/><E126/><V110/><F110/><W35/><AGARI ba="1,3" hai="4,7,24,28,35,37,41,44,59,63,65,79,81,87" machi="35" ten="20,12000,2" yaku="1,1,0,1,7,1,52,1,53,2" doraHai="45,31" doraHaiUra="80,23" who="3" fromWho="3" sc="112,-61,241,-31,435,-31,182,153" /><INIT seed="5,0,0,4,3,56" ten="51,210,404,335" oya="1" hai0="5,129,85,39,14,132,21,52,119,94,71,76,23" hai1="72,98,41,62,92,97,112,95,35,6,50,45,114" hai2="26,127,13,110,61,123,8,32,102,121,37,125,82" hai3="20,107,113,101,120,93,43,104,80,73,11,66,89"/><U75/><E6/><V118/><F118/><W22/><G43/><T30/><D119/><U10/><E10/><V84/><F110/><W79/><G11/><T48/><D39/><U68/><E35/><V33/><F37/><W130/><G120/><T46/><D132/><U134/><E134/><V81/><F102/><W40/><G40/><T60/><D129/><U55/><E95/><V100/><F100/><W3/><G3/><T17/><D5/><U108/><E108/><V117/><F117/><W135/><G130/><T51/><D71/><U86/><E86/><V28/><F61/><W63/><G113/><N who="1" m="43626" /><E98/><V64/><F64/><W122/><G122/><T24/><D94/><U59/><E68/><V53/><F53/><W106/><G135/><T47/><D85/><U124/><E124/><N who="2" m="47691" /><F33/><W31/><G31/><T109/><D109/><U15/><E15/><V12/><F82/><W115/><G115/><T44/><D76/><U74/><E74/><V29/><F29/><W2/><G2/><T27/><D14/><N who="2" m="5738" /><F8/><W38/><G38/><T128/><REACH who="0" step="1"/><D128/><REACH who="0" ten="41,210,404,335" step="2"/><U131/><E131/><V87/><F87/><N who="3" m="52415" /><G106/><T103/><D103/><AGARI ba="0,1" hai="41,45,50,55,59,62,72,75,92,97,103" m="43626" machi="103" ten="30,2900,0" yaku="15,1,52,1" doraHai="56" who="1" fromWho="0" sc="41,-29,210,39,404,0,335,0" /><INIT seed="5,1,0,1,5,86" ten="12,249,404,335" oya="1" hai0="0,122,60,67,27,107,114,68,10,90,85,113,61" hai1="20,50,97,33,8,101,109,9,76,57,12,35,115" hai2="58,129,77,23,28,131,41,83,44,11,5,59,7" hai3="91,16,132,84,73,48,66,108,81,74,79,40,62"/><U124/><E115/><V117/><F117/><W72/><G108/><T21/><D122/><U78/><E109/><V118/><F118/><W46/><G132/><T75/><D75/><U112/><E112/><V102/><F102/><W120/><G120/><T65/><D107/><U54/><E124/><V4/><F28/><W82/><REACH who="3" step="1"/><G16/><REACH who="3" ten="12,249,404,325" step="2"/><T36/><D36/><U30/><E33/><V70/><F129/><W71/><AGARI ba="1,1" hai="40,46,48,62,66,71,72,73,74,79,81,82,84,91" machi="71" ten="20,8000,1" yaku="1,1,2,1,0,1,7,1,52,1,53,0" doraHai="86" doraHaiUra="89" who="3" fromWho="3" sc="12,-21,249,-41,404,-21,325,93" owari="-9,-51.0,208,-19.0,383,18.0,418,52.0" /></mjloggm>