<mjloggm ver="2.3"><GO type="41"/><UN n0="%E3%83%80%E3%83%8B%E6%9D%91" n1="%E3%81%88%E3%82%8A%E3%82%93" n2="%EF%BC%88%E2%89%A7%E2%96%BD%E2%89%A6%EF%BC%89" n3="%E5%8F%8C%E9%BE%8D%E3%83%BB%E6%96%AC" dan="13,15,15,13" rate="1838,1966,2022,1974" sx="M,F,M,M"/><TAIKYOKU oya="0"/><INIT seed="0,0,0,2,0,52" ten="250,250,250,250" oya="0" hai0="100,74,128,0,48,90,119,120,33,19,121,98,40" hai1="62,114,18,12,71,123,111,21,82,60,116,122,43" hai2="94,13,49,9,133,57,124,63,67,50,11,37,113" hai3="81,35,127,26,112,91,88,54,24,93,70,125,95"/><T27/><D119/><U6/><E116/><V77/><F113/><W76/><G70/><T104/><D128/><U7/><E114/><V22/><F133/><W83/><G112/><T87/><D74/><U69/><E111/><V28/><F124/><N who="3" m="47691" /><G54/><T46/><D0/><U135/><E43/><V117/><F117/><W55/><G55/><T102/><D100/><U96/><E135/><V10/><F37/><W64/><G64/><T75/><D75/><U129/><E129/><V39/><F39/><W16/><G35/><T97/><D97/><U53/><E82/><N who="3" m="31242" /><G76/><T3/><D3/><U106/><E60/><V84/><F77/><W29/><G29/><T105/><D105/><U99/><E96/><V68/><F68/><W5/><G5/><T41/><D40/><U72/><E72/><V61/><F61/><W56/><G56/><T51/><D48/><U15/><E71/><V47/><F47/><W78/><G78/><T1/><D1/><U134/><E134/><V38/><F38/><W131/><G131/><T132/><D132/><U79/><E79/><V66/><F66/><W59/><G59/><T8/><D8/><U110/><E69/><V14/><F28/><W30/><G30/><N who="0" m="19679" /><D19/><U45/><E18/><N who="2" m="10575" /><F14/><W23/><G26/><T2/><D2/><U31/><E15/><V20/><F20/><W118/><G118/><T101/><D101/><U115/><E21/><V25/><F25/><W89/><AGARI ba="0,0" hai="16,23,24,88,89,91,93,95" m="31242,47691" machi="89" ten="40,5200,0" yaku="18,1,54,2" doraHai="52" who="3" fromWho="3" sc="250,-26,250,-13,250,-13,250,52" /><INIT seed="1,0,0,2,2,109" ten="224,237,237,302" oya="1" hai0="40,63,75,87,46,51,36,83,10,121,16,21,92" hai1="91,94,97,126,58,48,128,41,114,115,23,98,15" hai2="61,39,129,45,112,122,31,107,120,102,24,106,11" hai3="133,82,0,81,117,42,27,50,66,78,123,2,108"/><U12/><E126/><V14/><F129/><W79/><G123/><T37/><D121/><U88/><E128/><V72/><F72/><W6/><G108/><T105/><D105/><U68/><E68/><V134/><F134/><W90/><G133/><T38/><D75/><U77/><E77/><V5/><F112/><W30/><G117/><T17/><D63/><U118/><E118/><V125/><F125/><W35/><G66/><T103/><D103/><U52/><E41/><V13/><F13/><W116/><G116/><T100/><D10/><U60/><E60/><V96/><F106/><W32/><G90/><T55/><D100/><U43/><E43/><V110/><F110/><W1/><G6/><T74/><D74/><U18/><E12/><V3/><F14/><W26/><G50/><T69/><D69/><U113/><E114/><V33/><REACH who="2" step="1"/><F61/><REACH who="2" ten="224,237,227,302" step="2"/><W47/><G2/><T104/><D104/><U56/><E56/><V20/><F20/><W76/><G1/><T4/><D4/><U70/><E70/><V28/><F28/><W62/><G62/><T53/><D21/><U101/><E91/><V86/><F86/><W7/><G7/><T132/><D132/><U135/><E135/><V93/><F93/><AGARI ba="0,1" hai="15,18,23,48,52,58,88,93,94,97,98,101,113,115" machi="93" ten="30,12000,1" yaku="7,1,52,2,54,2" doraHai="109" who="1" fromWho="2" sc="224,0,237,130,227,-120,302,0" /><INIT seed="1,1,0,2,5,33" ten="224,367,107,302" oya="1" hai0="100,126,129,1,23,112,97,9,8,85,34,132,39" hai1="14,36,32,4,68,63,86,114,78,45,42,95,83" hai2="89,81,133,58,49,87,19,12,5,11,67,6,31" hai3="113,94,55,30,115,50,26,82,37,28,128,109,64"/><U38/><E114/><V70/><F133/><W72/><G37/><T92/><D112/><U108/><E32/><V0/><F31/><W3/><G109/><T44/><D132/><U53/><E108/><V48/><F70/><W110/><G110/><T74/><D129/><U62/><E95/><V77/><F67/><W118/><G128/><T121/><D126/><U17/><E4/><V88/><F6/><W119/><G64/><T16/><D34/><U123/><E123/><V61/><F61/><W103/><G72/><T29/><D29/><U79/><E68/><V15/><F0/><W27/><G82/><T21/><D74/><U107/><E107/><V91/><REACH who="2" step="1"/><F58/><REACH who="2" ten="224,367,97,302" step="2"/><W101/><G3/><T20/><D1/><U51/><E38/><V13/><F13/><W104/><G113/><T73/><D121/><U135/><E135/><V116/><F116/><W130/><G115/><T84/><D39/><U52/><E62/><V69/><F69/><W127/><G30/><T96/><D44/><U2/><E2/><V65/><F65/><W102/><G28/><T35/><D35/><U111/><E111/><V40/><F40/><W76/><G130/><T25/><D25/><U80/><E36/><V117/><F117/><W18/><G27/><T47/><D47/><U122/><E63/><V90/><N who="2" m="23040" /><DORA hai="71" /><V75/><F75/><W98/><G26/><T105/><D105/><U106/><E42/><V120/><F120/><W22/><G104/><T10/><D73/><U54/><E106/><V124/><F124/><W41/><G127/><T125/><D125/><U93/><E122/><RYUUKYOKU ba="1,1" sc="224,-10,367,-10,97,30,302,-10" hai2="5,11,12,15,19,48,49,77,81,87" /><INIT seed="2,2,1,2,1,123" ten="214,357,127,292" oya="2" hai0="43,80,117,119,73,74,75,125,107,72,7,68,32" hai1="89,39,133,31,108,111,33,12,34,1,96,81,114" hai2="134,121,115,56,91,131,21,60,77,53,135,67,61" hai3="54,30,71,113,35,105,64,11,124,3,50,129,46"/><V51/><F77/><W132/><G105/><T69/><D43/><U104/><E1/><V42/><F91/><W48/><G124/><T90/><D7/><U37/><E114/><V76/><F76/><W126/><G126/><T22/><N who="0" m="18944" /><DORA hai="23" /><T0/><D125/><U82/><E133/><N who="2" m="50699" /><F121/><W36/><G132/><T86/><D0/><U118/><E118/><N who="0" m="45065" /><D32/><N who="1" m="12395" /><E12/><V106/><F106/><W52/><G36/><N who="1" m="13898" /><E31/><V19/><F115/><W16/><G129/><T20/><D107/><U100/><E89/><V70/><F131/><W109/><G109/><AGARI ba="2,1" hai="81,82,96,100,104,108,109,111" m="13898,12395" machi="109" ten="40,8000,1" yaku="14,1,52,3" doraHai="123,23" who="1" fromWho="3" sc="214,0,357,96,127,0,292,-86" /><INIT seed="3,0,0,4,2,69" ten="214,453,127,206" oya="3" hai0="97,5,26,68,56,109,44,99,70,77,57,84,75" hai1="54,93,118,27,120,51,102,21,30,64,19,129,78" hai2="85,66,87,45,41,2,67,61,16,73,110,91,40" hai3="92,31,71,65,22,72,96,121,126,4,113,80,52"/><W7/><G121/><T79/><D109/><U24/><E120/><V103/><F2/><W38/><G38/><T135/><D5/><U134/><E118/><V13/><F73/><W95/><G113/><T42/><D42/><U90/><E134/><V33/><F110/><W25/><G126/><T46/><D84/><U34/><E129/><V55/><F103/><W17/><G95/><T130/><D26/><U131/><E131/><V132/><F132/><W9/><G65/><T124/><D130/><U122/><E122/><V62/><F33/><W105/><G105/><T89/><D135/><U63/><E102/><V47/><F55/><W32/><G71/><T83/><D83/><U10/><E78/><V37/><F62/><W29/><G31/><T81/><D81/><U76/><E76/><V35/><F35/><W8/><G52/><T98/><D99/><U117/><E10/><V59/><F67/><W108/><G108/><T1/><D89/><U58/><E117/><V127/><F91/><W11/><G72/><T86/><D86/><U74/><E74/><V43/><F127/><W119/><G80/><T133/><D75/><U123/><E123/><V6/><F6/><W100/><REACH who="3" step="1"/><G119/><REACH who="3" ten="214,453,127,196" step="2"/><T107/><D133/><U28/><E64/><V125/><F125/><W15/><AGARI ba="0,1" hai="4,7,8,9,11,15,17,22,25,29,32,92,96,100" machi="15" ten="30,6000,0" yaku="1,1,2,1,0,1,53,0" doraHai="69" doraHaiUra="49" who="3" fromWho="3" sc="214,-20,453,-20,127,-20,196,70" /><INIT seed="3,1,0,1,4,107" ten="194,433,107,266" oya="3" hai0="94,3,49,9,109,22,111,87,42,48,0,52,132" hai1="20,104,13,129,10,15,50,77,63,1,56,19,119" hai2="67,90,85,88,24,28,96,105,98,36,37,91,121" hai3="60,8,84,95,21,7,127,108,81,61,32,4,123"/><W117/><G123/><T116/><D116/><U70/><E104/><V51/><F121/><W30/><G117/><T39/><D39/><U131/><E119/><V99/><F105/><W55/><G32/><T78/><D132/><U100/><E100/><V102/><F102/><W82/><G127/><T128/><D128/><N who="1" m="49227" /><E77/><V57/><F85/><W122/><G122/><T125/><D125/><U25/><E1/><V113/><F113/><W86/><G108/><N who="0" m="41547" /><D9/><U16/><E70/><V35/><REACH who="2" step="1"/><F51/><REACH who="2" ten="194,433,97,266" step="2"/><W69/><G86/><T65/><D48/><U72/><E50/><V14/><F14/><W12/><G84/><T66/><D3/><U44/><E13/><V6/><F6/><W26/><G4/><T31/><D0/><U97/><E97/><V33/><F33/><W133/><G133/><T135/><D135/><U23/><E44/><V103/><F103/><W115/><G115/><T93/><D78/><U2/><E2/><V58/><F58/><W68/><G68/><T29/><D87/><U38/><E38/><V43/><F43/><W120/><G69/><T62/><D42/><U41/><E41/><V47/><F47/><W80/><G120/><T74/><D74/><U106/><E106/><V83/><F83/><W59/><G61/><AGARI ba="1,1" hai="24,28,35,36,37,57,61,67,88,90,91,96,98,99" machi="61" ten="40,2600,0" yaku="1,1,54,1,53,0" doraHai="107" doraHaiUra="18" who="2" fromWho="3" sc="194,0,433,0,97,39,266,-29" /><INIT seed="4,0,0,1,1,28" ten="194,433,136,237" oya="0" hai0="92,41,80,95,63,90,128,112,33,124,0,115,51" hai1="98,68,15,36,23,81,37,14,83,34,25,20,127" hai2="56,70,64,103,22,109,118,40,123,50,48,27,26" hai3="135,6,62,91,59,101,97,58,17,82,106,72,85"/><T111/><D0/><U71/><E127/><V42/><F123/><W73/><G135/><T39/><D124/><U99/><E25/><V61/><F109/><W100/><G100/><T67/><D128/><U43/><E43/><N who="2" m="16427" /><F22/><W116/><G116/><T93/><D111/><U49/><E49/><N who="2" m="19051" /><F26/><W75/><G6/><T69/><D39/><U129/><E129/><V133/><F27/><W1/><G1/><T32/><D80/><U16/><E16/><V121/><F103/><W66/><REACH who="3" step="1"/><G17/><REACH who="3" ten="194,433,136,227" step="2"/><T134/><D134/><U94/><E94/><V55/><F118/><W117/><G117/><T77/><D77/><U30/><E30/><V60/><F121/><W86/><G86/><T29/><D29/><U53/><E53/><N who="2" m="33807" /><F133/><W38/><G38/><T96/><D41/><U108/><E108/><V130/><F130/><W74/><N who="3" m="18944" /><DORA hai="78" /><W65/><G65/><T12/><D51/><U57/><E57/><AGARI ba="0,1" hai="57,58,59,62,66,82,85,91,97,101,106" m="18944" machi="57" ten="70,8000,1" yaku="1,1,52,1,53,1" doraHai="28,78" doraHaiUra="8,79" who="3" fromWho="1" sc="194,0,433,-80,136,0,227,90" /><INIT seed="5,0,0,4,0,107" ten="194,353,136,317" oya="1" hai0="66,65,96,0,117,123,99,18,25,27,46,97,60" hai1="114,6,44,131,110,113,33,106,84,73,13,90,86" hai2="1,23,52,49,128,119,16,83,41,91,54,56,5" hai3="17,47,124,130,67,89,31,105,82,26,57,19,81"/><U92/><E33/><V38/><F119/><W2/><G105/><T102/><D117/><U3/><E44/><V115/><F128/><W62/><G130/><T53/><D0/><U129/><E13/><V34/><F34/><W104/><G104/><T127/><D127/><U10/><E106/><V22/><F115/><N who="1" m="44041" /><E110/><V42/><F38/><W30/><G124/><T20/><D123/><U75/><E129/><V4/><F1/><W122/><G122/><T95/><D25/><U36/><E131/><V135/><F135/><W50/><G2/><T77/><D77/><U55/><E36/><V61/><F23/><N who="3" m="15711" /><G31/><T88/><D102/><U116/><E55/><V28/><F28/><W37/><G37/><T74/><D74/><N who="1" m="28171" /><E116/><V111/><F111/><W11/><G11/><T72/><D72/><U24/><E24/><N who="2" m="14407" /><F41/><N who="3" m="24943" /><G89/><T21/><D20/><U14/><E86/><N who="2" m="50655" /><F42/><W48/><G48/><T43/><D43/><U8/><E8/><V40/><F40/><W76/><G76/><T87/><D46/><AGARI ba="0,0" hai="4,5,46,49,52,54,56,61" m="50655,14407" machi="46" ten="30,3900,0" yaku="8,1,54,2" doraHai="107" who="2" fromWho="0" sc="194,-39,353,0,136,39,317,0" /><INIT seed="6,0,0,0,4,43" ten="155,353,175,317" oya="2" hai0="118,35,123,38,65,64,10,63,53,126,47,113,108" hai1="132,131,114,16,134,61,9,74,60,85,69,32,79" hai2="20,100,89,31,87,68,45,50,110,120,77,103,84" hai3="95,1,48,14,96,80,39,104,66,59,18,83,37"/><V19/><F120/><W62/><G104/><T129/><D108/><U52/><E32/><V41/><F110/><W72/><G1/><T130/><D35/><U88/><E114/><V13/><F68/><W55/><G72/><T112/><D10/><U109/><E74/><V102/><F77/><W94/><G37/><T25/><D25/><U121/><E79/><V135/><F135/><N who="1" m="51753" /><E109/><V42/><F31/><W30/><G30/><T26/><D26/><U115/><E121/><V128/><F128/><N who="0" m="49258" /><D123/><U36/><E36/><V3/><F3/><W5/><G5/><T46/><D38/><U49/><E115/><N who="0" m="44105" /><D126/><U11/><E131/><V57/><F57/><N who="3" m="37199" /><G39/><T29/><D29/><U12/><E9/><V81/><REACH who="2" step="1"/><F87/><REACH who="2" ten="155,353,165,317" step="2"/><W21/><G95/><T93/><D118/><U76/><E69/><V70/><F70/><W54/><G54/><AGARI ba="0,1" hai="13,19,20,41,42,45,50,54,81,84,89,100,102,103" machi="54" ten="40,7700,0" yaku="1,1,8,1,52,1,53,0" doraHai="43" doraHaiUra="116" who="2" fromWho="3" sc="155,0,353,0,165,87,317,-77" /><INIT seed="6,1,0,0,3,16" ten="155,353,252,240" oya="2" hai0="88,74,34,46,18,122,47,39,17,83,129,110,45" hai1="99,119,77,5,20,2,51,79,58,71,128,41,15" hai2="81,48,96,60,112,61,105,30,56,32,3,94,10" hai3="108,43,103,27,98,85,64,69,19,53,125,82,87"/><V36/><F112/><W93/><G108/><T24/><D110/><U0/><E119/><V126/><F36/><W86/><G125/><T22/><D122/><U127/><E71/><V8/><F105/><W78/><G43/><T26/><D129/><U84/><E127/><V14/><F126/><W97/><G69/><T111/><D111/><U28/><E128/><V95/><F3/><W118/><G118/><T120/><D120/><U100/><E77/><V76/><F32/><W114/><G114/><T9/><D74/><U49/><E51/><V62/><F30/><W33/><G64/><T73/><D73/><U80/><E58/><V50/><F56/><W132/><G132/><T72/><D72/><U57/><E57/><V117/><F117/><W67/><G67/><T116/><D116/><U135/><E135/><V31/><F31/><W123/><G123/><T89/><D39/><U104/><E28/><V90/><F95/><W42/><G42/><T35/><D47/><N who="1" m="25839" /><E20/><V54/><F54/><W131/><G131/><T101/><D101/><U109/><E109/><V7/><REACH who="2" step="1"/><F8/><AGARI ba="1,0" hai="0,2,5,8,15,79,80,84,99,100,104" m="25839" machi="8" ten="30,1000,0" yaku="25,1" doraHai="16" who="1" fromWho="2" sc="155,0,353,13,252,-13,240,0" /><INIT seed="7,0,0,3,3,19" ten="155,366,239,240" oya="3" hai0="131,48,53,74,57,12,24,81,0,114,130,11,29" hai1="109,132,113,124,49,58,43,108,62,111,80,128,123" hai2="38,59,45,17,33,83,51,88,26,106,90,40,82" hai3="77,107,36,121,47,15,117,21,20,50,119,14,25"/><W78/><G121/><T7/><D114/><U99/><E123/><V56/><F106/><W42/><G107/><T39/><D39/><U127/><E113/><V76/><F38/><W55/><G119/><T118/><D118/><U3/><E3/><V92/><F33/><W122/><G122/><T16/><D74/><U61/><E132/><V64/><F64/><W84/><G117/><T101/><D101/><U69/><E128/><V89/><F92/><W129/><G129/><T5/><D81/><N who="2" m="30730" /><F76/><N who="3" m="29291" /><G36/><T116/><D116/><U133/><E99/><V100/><F100/><W71/><G71/><T68/><D7/><U60/><E80/><V2/><F2/><W18/><G84/><T65/><D65/><N who="1" m="41127" /><E133/><V96/><F96/><W134/><G134/><T28/><D29/><U86/><E86/><V102/><F102/><W31/><G14/><T95/><D95/><U6/><E6/><V13/><F26/><W37/><G37/><T126/><D68/><U79/><E79/><V32/><F32/><W63/><G63/><N who="1" m="24074" /><E58/><V70/><F70/><W87/><G87/><T97/><D97/><U67/><E67/><V94/><F94/><W23/><G23/><AGARI ba="0,0" hai="13,17,23,40,45,51,56,59,88,89,90" m="30730" machi="23" ten="30,3900,0" yaku="8,1,52,1,54,1" doraHai="19" who="2" fromWho="3" sc="155,0,366,0,239,39,240,-39" owari="155,-34.0,366,46.0,278,8.0,201,-20.0" /></mjloggm>