<mjloggm ver="2.3"><GO type="41"/><UN n0="%EF%BC%88%E2%89%A7%E2%96%BD%E2%89%A6%EF%BC%89" n1="%E3%81%8B%E3%81%8C%E3%81%BF%4C%6F%76%65" n2="%E2%98%86%E5%9C%B0%E5%92%8C%E2%98%86" n3="%53%43%46%46" dan="15,14,15,13" rate="2016,1896,1982,1908" sx="M,M,M,M"/><TAIKYOKU oya="0"/><INIT seed="0,0,0,5,5,32" ten="250,250,250,250" oya="0" hai0="2,103,121,95,52,86,25,101,29,15,69,104,134" hai1="113,93,73,27,90,78,45,75,118,4,84,72,6" hai2="132,74,133,31,124,23,7,48,57,44,123,128,49" hai3="10,1,67,20,56,61,8,18,37,135,41,97,38"/><T108/><D121/><U62/><E118/><V40/><F123/><W42/><G135/><N who="2" m="51785" /><F74/><W64/><G64/><T112/><D112/><U107/><E113/><V54/><F7/><W5/><G10/><T68/><D134/><U46/><E107/><V19/><F31/><W60/><G61/><T111/><D15/><U81/><E62/><N who="2" m="36151" /><F124/><W102/><G41/><T131/><D131/><U13/><E27/><N who="2" m="14847" /><F128/><W120/><G120/><T100/><D104/><U9/><REACH who="1" step="1"/><E4/><REACH who="1" ten="250,240,250,250" step="2"/><V65/><F65/><W21/><G42/><T116/><D25/><U28/><E28/><V115/><F115/><W77/><G67/><T85/><D29/><U106/><E106/><V119/><F119/><W34/><G34/><T98/><D116/><U94/><E94/><V127/><F127/><W59/><G18/><T30/><D30/><U105/><E105/><V71/><F71/><W63/><G63/><T3/><D69/><U35/><E35/><V99/><F99/><AGARI ba="0,1" hai="6,9,13,45,46,72,73,75,78,81,84,90,93,99" machi="99" ten="40,1300,0" yaku="1,1,53,0" doraHai="32" doraHaiUra="33" who="1" fromWho="2" sc="250,0,240,23,250,-13,250,0" /><INIT seed="1,0,0,2,5,29" ten="250,263,237,250" oya="1" hai0="63,17,117,53,33,19,79,71,99,97,106,77,40" hai1="91,32,80,68,133,50,88,45,110,67,78,61,65" hai2="25,125,49,15,2,38,16,64,52,108,109,27,22" hai3="10,114,55,24,31,102,48,18,118,44,128,34,62"/><U4/><E65/><V26/><F38/><W69/><G114/><T51/><D117/><U42/><E133/><V92/><F125/><W122/><G122/><T28/><D40/><U103/><E103/><V59/><F2/><W41/><G118/><T60/><D71/><U127/><E127/><V134/><F134/><W56/><G128/><T96/><D106/><U14/><E32/><V39/><F39/><W20/><G10/><T116/><D116/><U126/><E126/><V9/><F64/><W73/><G73/><T72/><D72/><U3/><E3/><V112/><F112/><W21/><G102/><T105/><D105/><U107/><E107/><V76/><F76/><N who="0" m="29258" /><D28/><U47/><E47/><V58/><F58/><W119/><G119/><T82/><D82/><U104/><E104/><V43/><F43/><W7/><G7/><T83/><D83/><U13/><E13/><V66/><F66/><W75/><G75/><T131/><D33/><U35/><E35/><V5/><REACH who="2" step="1"/><F92/><REACH who="2" ten="250,263,227,250" step="2"/><W23/><G69/><T85/><D131/><U132/><E132/><V90/><F90/><W12/><AGARI ba="0,1" hai="12,18,20,21,23,24,31,34,41,44,48,55,56,62" machi="12" ten="20,2700,0" yaku="0,1,7,1,52,1" doraHai="29" who="3" fromWho="3" sc="250,-7,263,-13,227,-7,250,37" /><INIT seed="2,0,0,1,5,9" ten="243,250,220,287" oya="2" hai0="65,10,94,110,108,12,19,78,13,40,58,118,52" hai1="15,120,97,44,14,64,37,17,23,51,74,115,88" hai2="5,131,53,75,117,102,54,91,7,77,11,135,96" hai3="87,123,99,8,55,106,41,36,133,42,121,6,127"/><V104/><F117/><W1/><G127/><T61/><D118/><U73/><E37/><V28/><F135/><W101/><G133/><T98/><D78/><U122/><E115/><V48/><F131/><W20/><G87/><T25/><D40/><U90/><E64/><V67/><F28/><W4/><G4/><T129/><D129/><U31/><E31/><V125/><F125/><W47/><G42/><T100/><D25/><U59/><E59/><V24/><F24/><W70/><G55/><T49/><REACH who="0" step="1"/><D13/><REACH who="0" ten="233,250,220,287" step="2"/><U93/><E14/><V82/><F67/><W112/><G112/><T107/><D107/><U116/><E116/><V92/><F54/><W45/><G70/><AGARI ba="0,1" hai="10,12,19,49,52,58,61,65,70,94,98,100,108,110" machi="70" ten="40,5200,0" yaku="1,1,52,1,54,1,53,0" doraHai="9" doraHaiUra="2" who="0" fromWho="3" sc="233,62,250,0,220,0,287,-52" /><INIT seed="3,0,0,4,5,111" ten="295,250,220,235" oya="3" hai0="15,61,117,126,107,23,114,34,91,56,12,50,66" hai1="79,87,116,18,20,104,49,65,113,133,108,44,129" hai2="127,14,63,9,122,100,22,30,16,110,17,37,69" hai3="53,124,62,43,74,135,42,19,132,92,105,4,86"/><W90/><G105/><T97/><D34/><U7/><E104/><V131/><F110/><W26/><G4/><T35/><D117/><U103/><E108/><V31/><F37/><W130/><G74/><T0/><D0/><U119/><E7/><V134/><F134/><N who="3" m="51243" /><G130/><T32/><D126/><U93/><E133/><V29/><F127/><W85/><G124/><T24/><D107/><U64/><E129/><V99/><F131/><W55/><G85/><T78/><D78/><U60/><E103/><V67/><F122/><W98/><G86/><T6/><D35/><U33/><E33/><V70/><F70/><W51/><G55/><T75/><D32/><U25/><E93/><V128/><F128/><W115/><G115/><T84/><D75/><U41/><E113/><V36/><F36/><W59/><G51/><T68/><D97/><U95/><E95/><V13/><REACH who="2" step="1"/><F30/><REACH who="2" ten="295,250,210,235" step="2"/><W94/><G94/><AGARI ba="0,1" hai="9,13,14,16,17,22,29,31,63,67,69,94,99,100" machi="94" ten="30,7700,0" yaku="1,1,2,1,7,1,54,1,53,0" doraHai="111" doraHaiUra="120" who="2" fromWho="3" sc="295,0,250,0,210,87,235,-77" /><INIT seed="4,0,0,5,1,101" ten="295,250,297,158" oya="0" hai0="23,86,128,52,131,15,133,7,90,10,87,3,84" hai1="89,12,96,26,54,75,108,13,124,8,102,70,58" hai2="111,11,95,14,130,17,65,22,78,60,112,122,18" hai3="104,127,80,107,30,44,85,2,71,110,40,83,103"/><T74/><D74/><U94/><E70/><V123/><F112/><W24/><G110/><T72/><D72/><U119/><E75/><V77/><F111/><W97/><G2/><T63/><D133/><U126/><E108/><V68/><F130/><N who="0" m="49706" /><D23/><U36/><E36/><V38/><F38/><W46/><G71/><T27/><D27/><U42/><E42/><V20/><F95/><W9/><G127/><N who="1" m="48682" /><E119/><V21/><REACH who="2" step="1"/><F17/><REACH who="2" ten="295,250,287,158" step="2"/><W92/><G80/><N who="0" m="49415" /><D3/><U93/><E26/><V6/><F6/><W76/><G40/><T114/><D114/><U61/><E8/><V16/><F16/><W99/><G9/><T116/><D116/><U47/><E94/><V28/><F28/><W125/><G125/><T106/><D106/><U5/><E5/><V67/><F67/><W1/><G1/><T82/><D82/><U109/><E109/><V53/><F53/><W132/><G132/><T48/><D63/><U4/><E4/><V59/><F59/><AGARI ba="0,1" hai="7,10,15,48,52,59,86,87" m="49415,49706" machi="59" ten="30,2900,0" yaku="19,1,54,1" doraHai="101" who="0" fromWho="2" sc="295,39,250,0,287,-29,158,0" /><INIT seed="4,1,0,5,2,15" ten="334,250,258,158" oya="0" hai0="111,38,0,46,47,64,70,72,18,58,11,92,126" hai1="62,54,1,93,112,13,102,117,61,132,14,81,24" hai2="83,86,33,22,118,98,101,28,114,10,127,71,68" hai3="29,128,65,17,134,108,91,78,16,36,21,39,125"/><T76/><D111/><U82/><E1/><V59/><F33/><W23/><G108/><T94/><D70/><U27/><E117/><V110/><F118/><W19/><G78/><T131/><D131/><U30/><E132/><V3/><F110/><W122/><G128/><T26/><D126/><U69/><E69/><V120/><F120/><W44/><G122/><T34/><D38/><U123/><E123/><V48/><F127/><W63/><G125/><T133/><D133/><U20/><E112/><V5/><F114/><W107/><G134/><T95/><D34/><U130/><E130/><V67/><F28/><W124/><G124/><T4/><D72/><U119/><E119/><V55/><F67/><W105/><G107/><T73/><D73/><U41/><E41/><V104/><REACH who="2" step="1"/><F22/><REACH who="2" ten="334,250,248,158" step="2"/><W2/><G29/><T31/><D64/><U25/><E30/><V89/><AGARI ba="1,1" hai="3,5,10,48,55,59,68,71,83,86,89,98,101,104" machi="89" ten="20,8000,1" yaku="1,1,2,1,0,1,7,1,53,1" doraHai="15" doraHaiUra="35" who="2" fromWho="2" sc="334,-41,250,-21,248,93,158,-21" /><INIT seed="5,0,0,2,4,58" ten="293,229,341,137" oya="1" hai0="29,24,11,63,52,70,1,9,114,60,121,44,79" hai1="97,130,125,62,102,118,13,100,56,83,107,68,95" hai2="65,99,104,5,54,92,43,73,116,12,80,53,30" hai3="126,71,106,82,69,15,135,20,49,18,115,41,103"/><U26/><E118/><V91/><F116/><W108/><G108/><T89/><D121/><U50/><E68/><V2/><F2/><W127/><G115/><T110/><D110/><U4/><E125/><N who="3" m="47626" /><G135/><T109/><D109/><U51/><E130/><V35/><F43/><W55/><G41/><T32/><D114/><U120/><E120/><V105/><F65/><W86/><G103/><T93/><D79/><U117/><E117/><V47/><F30/><W3/><G3/><T7/><D70/><U14/><E26/><V131/><F35/><W128/><G106/><T81/><D81/><U57/><E83/><V0/><F0/><W78/><G128/><T61/><D9/><U45/><E107/><V37/><F131/><W96/><G96/><T119/><D119/><U31/><E31/><V77/><F104/><W28/><G28/><T123/><D123/><U38/><E38/><V87/><F37/><W22/><G20/><T101/><D101/><U67/><E102/><N who="2" m="62687" /><F47/><AGARI ba="0,0" hai="15,18,22,47,49,55,69,71,78,82,86" m="47626" machi="47" ten="30,1000,0" yaku="18,1" doraHai="58" who="3" fromWho="2" sc="293,0,229,0,341,-10,137,10" /><INIT seed="6,0,0,4,5,34" ten="293,229,331,147" oya="2" hai0="126,104,110,28,35,100,76,18,38,3,9,98,87" hai1="118,74,127,41,48,13,63,83,39,56,19,37,89" hai2="96,129,44,16,4,78,49,120,84,25,72,20,50" hai3="95,45,29,0,111,31,14,21,40,66,123,115,92"/><V134/><F120/><W116/><G111/><T12/><D110/><U124/><E118/><V88/><F72/><W119/><G123/><T90/><D126/><N who="1" m="48171" /><E41/><V77/><F134/><W122/><G122/><T114/><D114/><U27/><E48/><N who="2" m="18539" /><F129/><W107/><G107/><T97/><D38/><U79/><E27/><V6/><F44/><W135/><G116/><T7/><D76/><N who="2" m="29290" /><F96/><W75/><G75/><T82/><D97/><U57/><E89/><V32/><F32/><W5/><G119/><T67/><D67/><N who="1" m="39399" /><E57/><V121/><F121/><W61/><G115/><T108/><D108/><U73/><E73/><V117/><F117/><W47/><G47/><T81/><D81/><AGARI ba="0,0" hai="4,6,16,20,25,81,84,88" m="29290,18539" machi="81" ten="30,5800,0" yaku="8,1,54,2" doraHai="34" who="2" fromWho="0" sc="293,-58,229,0,331,58,147,0" /><INIT seed="6,1,0,5,0,86" ten="235,229,389,147" oya="2" hai0="3,48,76,49,97,67,19,115,17,109,94,89,99" hai1="135,82,114,130,52,28,34,122,123,116,71,37,8" hai2="30,36,24,92,26,83,125,124,68,15,105,126,31" hai3="107,101,4,84,45,134,18,38,7,96,111,14,33"/><V85/><F105/><W69/><G111/><T65/><D109/><U51/><E37/><V119/><F119/><W88/><G33/><T47/><D3/><U29/><E116/><V121/><F121/><N who="1" m="46089" /><E71/><V56/><F68/><W9/><G69/><T22/><D115/><U128/><E114/><V81/><F36/><W12/><G134/><T59/><D76/><U112/><E112/><V132/><F132/><W103/><G101/><T0/><D0/><U62/><E62/><V41/><F41/><W25/><G25/><N who="2" m="9833" /><F15/><W61/><G61/><N who="0" m="38079" /><D67/><U39/><E39/><V10/><F10/><W57/><G57/><T120/><D120/><U77/><E8/><V129/><F56/><W113/><G113/><T133/><D133/><U75/><E135/><V104/><F125/><W102/><G102/><N who="0" m="60727" /><D22/><U108/><E108/><V87/><F126/><W131/><G131/><N who="1" m="50218" /><E34/><V32/><F32/><W64/><G64/><T42/><D48/><U90/><E90/><V35/><F35/><W43/><G14/><T6/><D6/><U55/><E55/><V79/><F129/><W93/><AGARI ba="1,0" hai="4,7,9,12,18,38,43,45,84,88,93,96,103,107" machi="93" ten="20,5200,0" yaku="0,1,7,1,52,1,54,1" doraHai="86" who="3" fromWho="3" sc="235,-14,229,-14,389,-27,147,55" /><INIT seed="7,0,0,0,3,10" ten="221,215,362,202" oya="3" hai0="123,97,95,103,60,55,54,111,112,61,128,37,122" hai1="101,118,59,117,58,81,13,75,65,93,132,16,20" hai2="1,44,127,38,116,90,82,67,9,42,131,88,56" hai3="106,29,2,86,48,46,68,83,51,8,26,19,84"/><W89/><G68/><T104/><D111/><U64/><E132/><V121/><F116/><N who="1" m="44649" /><E101/><V34/><F34/><W120/><G120/><T36/><D128/><U71/><E93/><V72/><F131/><W5/><G106/><T130/><D130/><U22/><E71/><V28/><F28/><W53/><G51/><T32/><D32/><U6/><E6/><V108/><F108/><W133/><G133/><T3/><D3/><U18/><E81/><V11/><F127/><W12/><G84/><T25/><D122/><U4/><E4/><V96/><F96/><W134/><G134/><T45/><D123/><U47/><E47/><V24/><F24/><W0/><G5/><T110/><D110/><U78/><E78/><V69/><F69/><W114/><G114/><T87/><D104/><U23/><E75/><V41/><F1/><W35/><AGARI ba="0,0" hai="0,2,8,12,19,26,29,35,46,48,53,83,86,89" machi="35" ten="20,12000,1" yaku="0,1,7,1,25,2,52,1" doraHai="10" who="3" fromWho="3" sc="221,-40,215,-40,362,-40,202,120" /><INIT seed="7,1,0,4,1,10" ten="181,175,322,322" oya="3" hai0="67,4,7,80,111,11,48,107,88,79,37,54,97" hai1="91,51,16,82,15,26,52,33,78,101,2,38,53" hai2="113,112,68,105,86,114,100,41,73,47,75,17,32" hai3="127,117,58,25,1,14,89,35,93,129,133,9,125"/><W121/><G121/><T72/><D37/><U3/><E38/><N who="2" m="21943" /><F32/><W94/><G117/><T20/><D111/><U13/><E101/><V49/><F68/><W59/><G1/><T5/><D67/><U0/><E91/><V124/><F124/><N who="3" m="47691" /><G129/><T21/><D11/><U122/><E122/><V70/><F70/><W12/><G133/><T27/><D107/><U98/><E98/><N who="2" m="61591" /><F86/><N who="3" m="52407" /><G94/><T109/><D109/><U95/><E95/><V87/><F87/><W62/><G9/><T74/><D74/><N who="2" m="28170" /><F17/><W18/><G59/><T102/><D72/><U110/><E110/><V120/><F49/><W6/><G6/><T61/><D48/><U106/><E106/><V119/><F120/><W50/><G50/><T69/><D69/><U40/><E82/><V60/><F60/><W42/><G42/><T43/><D43/><U135/><E78/><V29/><F29/><N who="3" m="19887" /><G18/><T46/><D4/><U8/><E135/><V85/><F85/><W92/><G92/><T36/><D5/><U28/><REACH who="1" step="1"/><E13/><REACH who="1" ten="181,165,322,322" step="2"/><V76/><F76/><W96/><G96/><T134/><D97/><U108/><E108/><V99/><F99/><W31/><G31/><T104/><D104/><U56/><E56/><V45/><F119/><W116/><G116/><T65/><D79/><U30/><E30/><V24/><F45/><AGARI ba="1,1" hai="0,2,3,8,15,16,26,28,33,40,45,51,52,53" machi="45" ten="40,8000,1" yaku="1,1,52,1,54,2,53,0" doraHai="10" doraHaiUra="55" who="1" fromWho="2" sc="181,0,165,93,322,-83,322,0" owari="181,-32.0,258,6.0,239,-16.0,322,42.0" /></mjloggm>