<mjloggm ver="2.3"><GO type="169"/><UN n0="%6D%61%63%6A%72" n1="%E3%83%AD%E3%83%AA%E3%83%BC%E3%82%BF%E3%81%AA%E7%84%BC%E8%82%89" n2="%EF%BC%88%E2%89%A7%E2%96%BD%E2%89%A6%EF%BC%89" n3="%69%6D%6D%6F%72%61%6C" dan="16,16,17,16" rate="2092,2133,2219,2046" sx="F,M,M,F"/><TAIKYOKU oya="0"/><INIT seed="0,0,0,3,4,115" ten="250,250,250,250" oya="0" hai0="110,7,84,56,5,63,48,109,42,32,106,98,61" hai1="55,60,81,59,15,41,19,69,20,72,38,134,34" hai2="112,91,24,0,27,17,116,79,28,128,57,103,75" hai3="66,80,50,67,108,86,113,9,92,16,64,96,68"/><T117/><D32/><U37/><E34/><V89/><F0/><W1/><G113/><T94/><D106/><U18/><E134/><V46/><F112/><W62/><G108/><N who="0" m="41579" /><D84/><U39/><E69/><V101/><F101/><W130/><G130/><T88/><D117/><U51/><E19/><V132/><F17/><W131/><G131/><T135/><D135/><U8/><E72/><V129/><F75/><W118/><G118/><T47/><D61/><U35/><E35/><V14/><F116/><W121/><G121/><T97/><D98/><U133/><E133/><V100/><F132/><W4/><G50/><T105/><D105/><U71/><E81/><V53/><F128/><W120/><G120/><T93/><D94/><U10/><REACH who="1" step="1"/><E41/><REACH who="1" ten="250,240,250,250" step="2"/><V36/><F129/><W125/><G125/><T76/><D76/><U25/><E25/><V74/><F27/><W49/><G80/><T11/><D11/><U104/><E104/><V45/><F24/><W102/><G9/><T73/><D73/><U21/><E21/><V85/><F79/><W29/><G92/><T12/><D12/><U6/><E6/><V44/><F14/><W95/><G4/><T107/><D107/><U83/><E83/><V126/><F74/><W23/><G95/><T54/><AGARI ba="0,1" hai="5,7,42,47,48,54,56,63,88,93,97" m="41579" machi="54" ten="30,6000,0" yaku="14,1,10,1,54,1" doraHai="115" who="0" fromWho="0" sc="250,70,240,-20,250,-20,250,-20" /><INIT seed="0,1,0,4,1,4" ten="320,220,230,230" oya="0" hai0="95,94,124,75,14,38,73,60,40,26,52,19,15" hai1="0,89,50,12,104,53,33,69,78,30,42,49,116" hai2="54,5,41,109,45,68,81,7,31,61,127,29,114" hai3="46,92,76,56,85,80,32,74,47,77,121,36,43"/><T64/><D124/><U63/><E116/><V86/><F114/><W102/><G121/><T44/><D26/><U125/><E125/><V71/><F71/><W48/><G32/><T8/><D15/><U101/><E0/><V106/><F106/><W79/><G74/><T37/><D37/><U70/><E78/><V90/><F109/><W58/><G102/><T67/><D67/><U24/><E89/><V22/><F127/><W72/><G92/><T82/><D52/><U134/><E134/><V108/><F108/><W51/><G36/><T3/><D3/><U107/><E42/><V65/><F54/><N who="3" m="29983" /><G72/><T25/><D25/><U6/><E50/><V131/><F131/><W16/><G16/><T83/><D73/><U57/><E63/><V117/><F117/><W129/><G129/><T128/><D128/><U28/><E28/><V133/><F133/><W87/><G80/><T11/><D11/><U123/><E123/><V9/><F22/><W122/><G122/><T110/><D110/><U113/><E113/><V59/><F5/><W34/><G34/><T100/><D75/><U20/><E20/><V1/><REACH who="2" step="1"/><F68/><REACH who="2" ten="320,220,220,230" step="2"/><W103/><G103/><T132/><D132/><U98/><E107/><V135/><F135/><W126/><G126/><T10/><D100/><U35/><E35/><V23/><F23/><W118/><G118/><T112/><D112/><U66/><E70/><V105/><F105/><W2/><G43/><T18/><D40/><U111/><E111/><V84/><F84/><W93/><G87/><T91/><D8/><N who="1" m="4119" /><E69/><V17/><F17/><W115/><G115/><RYUUKYOKU ba="1,1" sc="320,-15,220,15,220,15,230,-15" hai1="24,30,33,49,53,57,66,98,101,104" hai2="1,7,9,29,31,41,45,59,61,65,81,86,90" /><INIT seed="1,2,1,4,1,59" ten="305,235,235,215" oya="1" hai0="69,96,103,29,46,66,119,40,8,4,68,123,71" hai1="7,82,62,12,26,51,21,33,49,35,38,75,72" hai2="24,0,126,74,134,113,70,28,41,22,48,25,118" hai3="3,81,102,104,37,30,125,6,14,45,127,19,13"/><U64/><E38/><V31/><F74/><W79/><G30/><T36/><D119/><U50/><E12/><V11/><F70/><W83/><G104/><N who="0" m="63591" /><D29/><U39/><E7/><N who="2" m="1511" /><F48/><W133/><G102/><T15/><D15/><U55/><E39/><V9/><F41/><N who="3" m="22703" /><G133/><T128/><D128/><U100/><E100/><V99/><F99/><W90/><G90/><T124/><D124/><N who="3" m="47689" /><G19/><T23/><D23/><U95/><E55/><V80/><F126/><W92/><G92/><T110/><D4/><U52/><E52/><V63/><F134/><W54/><G54/><T129/><D40/><U106/><E106/><V98/><F28/><W130/><G130/><T89/><D89/><U115/><E95/><V65/><F31/><W73/><G83/><T86/><D129/><U10/><E10/><AGARI ba="2,1" hai="3,6,10,13,14,73,79,81" m="47689,22703" machi="10" ten="30,2000,0" yaku="25,1,18,1" doraHai="59" who="3" fromWho="1" sc="305,0,235,-26,235,0,215,36" /><INIT seed="2,0,0,3,5,100" ten="305,209,235,251" oya="2" hai0="57,4,14,55,37,111,118,6,125,107,132,39,126" hai1="13,98,43,105,35,130,83,10,7,102,131,86,5" hai2="29,32,85,91,65,73,18,36,71,113,106,44,41" hai3="16,3,120,64,28,103,97,99,117,108,19,12,110"/><V75/><F113/><W72/><G3/><T93/><D111/><N who="3" m="42537" /><G72/><N who="2" m="27721" /><F91/><W0/><G0/><T116/><D93/><U31/><E7/><N who="0" m="2601" /><D14/><U20/><E43/><V77/><F18/><W81/><G117/><N who="0" m="45163" /><D132/><U121/><E121/><V34/><F85/><W76/><G28/><T48/><D107/><U1/><E35/><N who="2" m="13355" /><F29/><W88/><G19/><T60/><D48/><U50/><E50/><V124/><F77/><W42/><G76/><T112/><D112/><U21/><E13/><V135/><F135/><W115/><G115/><T92/><D92/><U90/><REACH who="1" step="1"/><E31/><REACH who="1" ten="305,199,235,251" step="2"/><V59/><F124/><AGARI ba="0,1" hai="37,39,55,57,60,124,125,126" m="45163,2601" machi="124" ten="30,2000,0" yaku="18,1,12,1" doraHai="100" who="0" fromWho="2" sc="305,30,199,0,235,-20,251,0" /><INIT seed="3,0,0,4,0,87" ten="335,199,215,251" oya="3" hai0="96,113,117,107,69,38,93,45,27,16,14,121,12" hai1="15,131,80,111,85,7,102,120,50,51,1,126,73" hai2="88,37,103,70,129,33,75,67,125,17,30,26,42" hai3="63,68,134,31,104,79,115,22,34,74,58,2,108"/><W77/><G115/><T29/><D69/><U24/><E73/><V118/><F75/><W9/><G68/><T76/><D117/><U62/><E120/><V91/><F118/><W20/><G104/><T52/><D107/><U72/><E72/><V46/><F125/><W54/><G34/><T43/><D76/><U127/><E111/><V25/><F129/><W112/><G112/><T132/><D113/><U83/><E131/><V19/><F103/><W8/><G108/><T92/><D132/><U61/><E24/><V48/><F48/><W55/><G134/><T11/><D121/><U60/><E102/><V81/><F81/><N who="1" m="31305" /><E85/><V84/><F84/><W5/><G74/><T106/><D12/><U110/><E1/><V65/><F65/><W57/><G31/><T89/><D106/><U18/><E7/><V56/><F56/><W6/><G2/><T23/><D92/><U41/><E41/><V94/><F94/><W36/><G36/><T123/><D123/><U47/><E47/><V35/><F35/><W40/><G40/><T100/><REACH who="0" step="1"/><D52/><REACH who="0" ten="325,199,215,251" step="2"/><U13/><E13/><V95/><F95/><W99/><G63/><T98/><D98/><AGARI ba="0,1" hai="5,6,8,9,20,22,54,55,57,58,77,79,98,99" machi="98" ten="25,4800,0" yaku="22,2,8,1" doraHai="87" who="3" fromWho="0" sc="325,-48,199,0,215,0,251,58" /><INIT seed="3,1,0,5,4,127" ten="277,199,215,309" oya="3" hai0="44,101,126,99,24,76,110,100,35,42,23,0,34" hai1="108,97,41,81,104,90,68,12,105,57,79,69,37" hai2="9,103,49,120,92,93,106,107,82,11,21,116,117" hai3="125,58,54,75,28,55,15,32,61,53,29,77,123"/><W64/><G123/><T51/><D0/><U121/><E121/><V5/><F120/><W3/><G3/><T52/><D110/><U10/><E108/><V6/><F21/><W91/><G32/><T74/><D126/><U17/><E57/><V56/><F56/><W66/><G66/><T95/><D100/><U40/><E90/><V30/><F103/><W20/><G125/><T119/><D119/><U16/><E17/><V133/><F49/><W113/><G113/><T118/><D118/><U98/><E98/><V132/><F82/><W38/><G38/><T96/><D96/><U7/><E7/><V4/><F4/><W89/><G77/><T128/><D128/><U18/><E18/><V131/><F30/><N who="3" m="11883" /><G75/><T13/><D13/><U115/><E115/><V62/><F62/><W78/><G78/><T2/><D2/><U114/><E114/><V67/><F67/><W83/><G83/><T63/><D76/><U70/><E37/><V45/><F45/><W135/><G135/><T14/><D14/><U39/><E39/><V47/><F47/><W65/><G64/><T84/><D74/><U50/><E50/><V129/><AGARI ba="1,0" hai="5,6,9,11,92,93,106,107,116,117,129,131,132,133" machi="129" ten="25,8000,1" yaku="0,1,22,2,52,2" doraHai="127" who="2" fromWho="2" sc="277,-21,199,-21,215,83,309,-41" /><INIT seed="4,0,0,3,0,83" ten="256,178,298,268" oya="0" hai0="71,29,22,134,93,66,26,87,4,106,57,40,67" hai1="127,3,14,119,0,130,112,21,8,78,73,42,48" hai2="16,76,10,101,103,55,75,20,77,56,33,115,69" hai3="1,94,2,39,9,121,100,92,31,114,116,79,122"/><T7/><D106/><U49/><E119/><V72/><F69/><W104/><G116/><T65/><D71/><U111/><E111/><V68/><F68/><W24/><G39/><T6/><D134/><U131/><E127/><V32/><F115/><W102/><G114/><T132/><D132/><U28/><E112/><V52/><F10/><W13/><G79/><T11/><D40/><U63/><E63/><V128/><F56/><W117/><G117/><T113/><D113/><U97/><E97/><V43/><F43/><W107/><G24/><T38/><D38/><U53/><E42/><V108/><F20/><W95/><G31/><T5/><D93/><U50/><E53/><V18/><F128/><W59/><G59/><T123/><D123/><N who="3" m="47113" /><G13/><T44/><D44/><U84/><E73/><V81/><F81/><W60/><G60/><T86/><REACH who="0" step="1"/><D57/><REACH who="0" ten="246,178,298,268" step="2"/><U54/><E131/><V90/><F90/><W34/><G107/><T36/><D36/><U99/><E130/><V27/><F108/><W70/><G70/><T91/><D91/><U46/><E46/><V74/><F74/><W19/><G104/><T120/><D120/><U51/><E78/><V35/><F72/><W133/><G133/><T12/><AGARI ba="0,1" hai="4,5,6,7,11,12,22,26,29,65,66,67,86,87" machi="12" ten="30,12000,1" yaku="1,1,0,1,8,1,52,2,53,0" doraHai="83" doraHaiUra="98" who="0" fromWho="0" sc="246,130,178,-40,298,-40,268,-40" /><INIT seed="4,1,0,4,5,107" ten="376,138,258,228" oya="0" hai0="43,111,45,77,12,72,90,4,128,79,98,88,74" hai1="126,1,30,23,118,47,95,135,56,55,8,18,36" hai2="24,27,25,59,13,17,29,64,10,109,67,83,105" hai3="120,60,112,39,91,81,127,80,104,131,101,49,37"/><T2/><D2/><U38/><E118/><V28/><F105/><W3/><G3/><T78/><D128/><U114/><E135/><V26/><F109/><W57/><G131/><T87/><D111/><U32/><E126/><V52/><F83/><W115/><G127/><T82/><D4/><U66/><E114/><V134/><F134/><W102/><G49/><T97/><D12/><U96/><E66/><V65/><N who="2" m="6144" /><DORA hai="123" /><V16/><REACH who="2" step="1"/><F17/><REACH who="2" ten="376,138,248,228" step="2"/><W106/><G106/><T33/><D33/><U73/><E18/><V44/><F44/><W92/><G104/><T58/><D58/><U133/><E47/><V46/><F46/><W35/><G57/><T61/><D45/><U119/><E56/><V34/><F34/><W89/><G35/><T71/><D43/><U62/><E32/><V69/><F69/><W6/><G92/><N who="0" m="54367" /><D71/><U94/><E94/><V0/><F0/><W108/><G108/><T51/><D51/><AGARI ba="1,1" hai="10,13,16,28,29,51,52,59,64,65,67" m="6144" machi="51" ten="50,8000,1" yaku="1,1,8,1,54,2,53,0" doraHai="107,123" doraHaiUra="121,125" who="2" fromWho="0" sc="376,-83,138,0,248,93,228,0" /><INIT seed="5,0,0,1,4,14" ten="293,138,341,228" oya="1" hai0="30,32,66,86,29,62,87,91,101,77,107,71,45" hai1="28,6,52,27,129,81,16,118,117,7,13,105,121" hai2="68,80,84,60,24,26,42,38,88,94,125,97,4" hai3="11,120,43,3,110,90,40,112,69,75,15,82,108"/><U35/><E105/><V76/><F125/><W115/><G3/><T53/><D77/><U37/><E37/><V109/><F109/><N who="3" m="42091" /><G69/><T124/><D124/><U31/><E121/><V61/><F68/><W89/><G120/><T72/><D72/><U122/><E122/><V123/><F123/><W74/><G82/><T44/><D87/><U54/><E81/><V134/><F134/><W23/><G23/><T47/><D32/><U67/><E67/><V1/><F1/><W12/><G75/><T18/><D53/><U33/><E129/><V79/><F4/><N who="1" m="1577" /><E52/><V10/><F10/><W20/><G11/><T50/><D50/><U111/><E54/><V103/><F42/><N who="3" m="15915" /><G74/><T19/><D30/><N who="1" m="11307" /><E111/><V119/><F38/><W96/><G96/><T95/><REACH who="0" step="1"/><D29/><REACH who="0" ten="283,138,341,228" step="2"/><N who="1" m="19647" /><E35/><V56/><F79/><W48/><G48/><T135/><D135/><U102/><E102/><V21/><F103/><W2/><G90/><T59/><D59/><U64/><E64/><V104/><F56/><W46/><G89/><T99/><AGARI ba="0,1" hai="18,19,44,45,47,62,66,71,86,91,95,99,101,107" machi="99" ten="30,7900,0" yaku="1,1,0,1,52,2,53,0" doraHai="14" doraHaiUra="36" who="0" fromWho="0" sc="283,89,138,-39,341,-20,228,-20" /><INIT seed="6,0,0,1,2,92" ten="372,99,321,208" oya="2" hai0="26,32,30,100,43,52,106,133,0,13,117,88,36" hai1="110,81,109,15,58,129,116,80,124,59,12,75,49" hai2="128,134,2,104,91,107,17,23,119,39,127,122,76" hai3="46,74,6,29,70,20,37,130,56,86,4,45,19"/><V96/><F2/><W14/><G74/><T63/><D0/><U40/><E40/><V65/><F39/><W126/><G70/><T5/><D133/><U33/><E49/><V50/><F122/><W47/><G126/><T55/><D117/><U66/><E66/><V51/><F119/><W67/><G37/><T27/><D100/><U132/><E116/><V21/><F128/><W10/><G130/><T54/><D106/><U120/><E129/><V95/><F127/><W7/><G86/><T89/><D63/><U113/><E124/><V102/><F134/><W34/><G34/><T87/><D27/><U18/><E18/><V98/><F107/><W24/><G67/><T93/><D89/><U112/><E33/><V69/><F76/><W123/><G123/><T108/><D108/><U79/><E79/><V3/><F3/><W101/><G56/><T1/><D1/><U61/><E61/><V25/><REACH who="2" step="1"/><F21/><REACH who="2" ten="372,99,311,208" step="2"/><W83/><G20/><T57/><D36/><U111/><E132/><V53/><F53/><W9/><G9/><T28/><D43/><U78/><E120/><V44/><F44/><W73/><G47/><T84/><D54/><U131/><E131/><V114/><F114/><W135/><G46/><T82/><D55/><U42/><E42/><V35/><F35/><N who="3" m="20903" /><G45/><T125/><D125/><U72/><E110/><V16/><F16/><W121/><G135/><T71/><D52/><U85/><E78/><V11/><F11/><W62/><G121/><T48/><D32/><U68/><E68/><V115/><F115/><W94/><G19/><T31/><D71/><RYUUKYOKU ba="0,1" sc="372,-15,99,15,311,15,208,-15" hai1="12,15,58,59,72,75,80,81,85,109,111,112,113" hai2="17,23,25,50,51,65,69,91,95,96,98,102,104" /><INIT seed="6,1,1,1,2,67" ten="357,114,326,193" oya="2" hai0="114,48,134,52,69,115,109,22,92,13,58,53,97" hai1="131,120,37,16,96,20,56,105,2,47,33,100,132" hai2="88,10,64,110,26,8,34,129,133,124,27,79,40" hai3="101,121,24,95,23,86,60,126,57,54,77,111,118"/><V15/><F124/><W32/><G32/><T4/><D109/><U59/><E120/><V122/><F122/><W135/><G121/><T107/><D107/><U84/><E33/><V46/><F110/><W9/><G111/><T28/><D69/><U7/><E131/><V112/><F129/><W128/><G128/><T75/><D75/><U29/><E132/><V85/><F133/><W106/><G106/><T99/><D134/><U119/><E119/><V104/><F104/><W39/><G39/><T113/><D92/><U65/><E29/><V70/><F79/><W81/><G118/><T3/><D3/><U61/><E84/><V89/><F34/><W21/><G126/><T82/><D82/><U38/><E47/><V14/><F112/><W19/><G135/><T31/><D53/><U103/><E103/><V76/><F64/><W1/><G1/><T125/><D125/><U55/><E7/><N who="2" m="3359" /><F70/><W117/><G117/><T35/><D35/><U91/><E91/><N who="2" m="34891" /><F46/><W123/><G123/><T63/><D97/><U44/><E44/><V41/><F85/><W102/><G95/><T98/><D98/><U94/><E105/><V51/><F51/><W30/><G9/><N who="0" m="4263" /><D99/><U127/><E2/><V43/><F76/><W25/><AGARI ba="1,1" hai="19,21,23,24,25,30,54,57,60,77,81,86,101,102" machi="25" ten="20,2700,0" yaku="0,1,7,1,8,1" doraHai="67" who="3" fromWho="3" sc="357,-8,114,-8,326,-14,193,40" /><INIT seed="7,0,0,3,2,98" ten="349,106,312,233" oya="3" hai0="131,45,101,100,51,18,114,90,68,10,76,103,43" hai1="97,36,71,130,28,41,112,14,33,25,120,85,42" hai2="81,109,93,105,128,87,129,3,89,66,119,8,22" hai3="110,115,113,30,94,57,135,70,6,124,118,7,64"/><W26/><G118/><T61/><D76/><U116/><E120/><V134/><F66/><W34/><G70/><T40/><D68/><U56/><E116/><V133/><F22/><W52/><G64/><T5/><D131/><N who="2" m="50250" /><F8/><W23/><G110/><T80/><D114/><N who="3" m="43529" /><G135/><N who="2" m="51721" /><F3/><W126/><G94/><T69/><D61/><U122/><E97/><N who="2" m="57519" /><F119/><W62/><G34/><T104/><D69/><U67/><E130/><V108/><F105/><W107/><G107/><T54/><D104/><U106/><E106/><V91/><AGARI ba="0,0" hai="81,87,91,108,109" m="57519,51721,50250" machi="91" ten="30,7900,0" yaku="19,1,20,1,34,2" doraHai="98" who="2" fromWho="2" sc="349,-20,106,-20,312,79,233,-39" owari="329,13.0,86,-41.0,391,49.0,194,-21.0" /></mjloggm>