<mjloggm ver="2.3"><GO type="41"/><UN n0="%6D%61%6A%69%6E%62%6F%6F" n1="%E3%82%BF%E3%82%B3%E7%84%BC%E3%81%8D" n2="%6D%69%73%61%67%6F" n3="%EF%BC%88%E2%89%A7%E2%96%BD%E2%89%A6%EF%BC%89" dan="15,13,16,15" rate="1966,1847,2096,1989" sx="M,M,M,F"/><TAIKYOKU oya="0"/><INIT seed="0,0,0,5,5,59" ten="250,250,250,250" oya="0" hai0="109,121,35,83,135,122,10,129,113,29,44,118,27" hai1="89,126,28,127,57,84,86,5,74,106,82,8,100" hai2="1,65,96,21,38,98,64,103,70,33,19,116,125" hai3="132,46,47,4,39,66,85,3,25,97,16,42,52"/><T13/><D83/><U68/><E68/><V23/><F33/><W95/><G132/><T117/><D44/><U120/><E120/><N who="0" m="46185" /><D135/><U79/><E28/><V53/><F38/><W115/><G115/><T88/><D88/><N who="1" m="51223" /><E57/><V56/><F70/><W80/><G66/><T0/><D113/><U92/><E8/><V49/><F116/><N who="0" m="44650" /><D0/><U81/><E5/><V24/><F1/><W15/><G25/><T30/><D30/><U7/><E7/><V67/><F103/><W54/><G4/><N who="0" m="3271" /><D109/><U133/><E133/><V124/><REACH who="2" step="1"/><F23/><REACH who="2" ten="250,250,240,250" step="2"/><W69/><G69/><T41/><D41/><U18/><E18/><V31/><F31/><W128/><G3/><T17/><D17/><U72/><E72/><V78/><F78/><W43/><G39/><T93/><D93/><U40/><E40/><V6/><F6/><W2/><G2/><T37/><D37/><U9/><E9/><V11/><F11/><N who="3" m="6271" /><G42/><T107/><D107/><U111/><E111/><V48/><F48/><W123/><G43/><T108/><D108/><U90/><E90/><V75/><F75/><W94/><G95/><T62/><D129/><U99/><AGARI ba="0,1" hai="74,79,81,86,89,92,99,100,106,126,127" m="51223" machi="99" ten="30,7900,0" yaku="24,1,34,2,54,1" doraHai="59" who="1" fromWho="1" sc="250,-39,250,89,240,-20,250,-20" /><INIT seed="1,0,0,0,4,22" ten="211,339,220,230" oya="1" hai0="129,12,2,5,97,29,62,60,104,109,40,115,72" hai1="91,67,63,78,16,41,81,133,61,9,43,14,51" hai2="56,113,73,49,117,76,52,38,112,131,124,33,53" hai3="54,36,134,39,102,70,120,71,100,47,128,122,110"/><U24/><E133/><V77/><F117/><W59/><G134/><T95/><D115/><U132/><E132/><V31/><F38/><N who="3" m="14379" /><G102/><T17/><D104/><U130/><E130/><V7/><F7/><W28/><G28/><T108/><D129/><U20/><E91/><V119/><F119/><W42/><G100/><T99/><D72/><U26/><E51/><V135/><F131/><W15/><G15/><T88/><D40/><N who="1" m="15435" /><E67/><V30/><F135/><W79/><G79/><T125/><D125/><U19/><E78/><V106/><F124/><W3/><G3/><T101/><D29/><U75/><E75/><V8/><F8/><W93/><G93/><T105/><D5/><N who="1" m="3375" /><E81/><V111/><F106/><W34/><G34/><T82/><D2/><U10/><E10/><V92/><F73/><W64/><G64/><T68/><D82/><U85/><E85/><V21/><F33/><W127/><G128/><T84/><D84/><U18/><E20/><V116/><F21/><W123/><G127/><T90/><D90/><U25/><AGARI ba="0,0" hai="16,18,19,24,25,26,61,63" m="3375,15435" machi="25" ten="40,12000,1" yaku="8,1,52,3,54,1" doraHai="22" who="1" fromWho="1" sc="211,-40,339,120,220,-40,230,-40" /><INIT seed="1,1,0,3,2,49" ten="171,459,180,190" oya="1" hai0="110,128,135,118,20,99,56,12,98,33,22,83,107" hai1="74,109,111,54,61,71,73,36,77,42,64,32,72" hai2="95,7,13,116,84,106,35,93,134,86,125,1,0" hai3="53,85,113,122,15,133,5,14,58,130,3,23,26"/><U27/><E77/><V10/><F106/><W120/><G113/><T114/><D118/><U51/><E32/><V82/><F116/><W57/><G133/><T21/><D114/><U92/><E27/><V40/><F134/><W38/><G38/><T97/><D135/><U62/><E92/><V4/><F35/><W19/><G130/><T108/><D128/><U39/><E62/><V6/><F125/><W94/><G3/><T112/><D112/><U90/><E90/><V87/><F82/><W132/><G132/><T67/><D33/><U65/><E65/><V131/><F131/><W104/><G104/><T105/><D12/><U41/><E39/><V30/><F30/><W68/><G68/><T59/><D83/><U121/><E121/><V89/><F40/><W101/><G5/><T100/><D100/><U80/><E80/><V46/><F46/><W18/><G101/><T24/><D24/><U50/><E50/><V70/><F70/><W78/><G78/><T76/><D76/><U48/><E48/><V45/><F45/><W28/><G28/><T75/><D75/><U60/><E60/><V17/><F87/><W9/><G26/><T31/><D31/><U52/><E36/><V34/><F34/><W37/><G37/><T91/><D91/><AGARI ba="1,0" hai="0,1,4,6,7,10,13,17,84,86,89,91,93,95" machi="91" ten="40,1300,0" yaku="9,1" doraHai="49" who="2" fromWho="0" sc="171,-16,459,0,180,16,190,0" /><INIT seed="2,0,0,1,5,107" ten="155,459,196,190" oya="2" hai0="51,125,112,28,122,26,22,61,30,75,96,110,70" hai1="83,80,114,41,82,37,38,74,88,33,36,106,76" hai2="35,131,5,23,12,133,11,24,126,53,67,78,87" hai3="25,47,3,44,8,60,13,99,93,98,104,18,101"/><V46/><F35/><W118/><G118/><T43/><D96/><U108/><E114/><V113/><F113/><W16/><G3/><T39/><D22/><U45/><E108/><V111/><F133/><W0/><G0/><T86/><D26/><U66/><E33/><V65/><F131/><W14/><G60/><T9/><D86/><U100/><E66/><V124/><F111/><W135/><G25/><T115/><D9/><U20/><E20/><V121/><F121/><W2/><G2/><T132/><D51/><U119/><E119/><V63/><F87/><W54/><G54/><T120/><D61/><U59/><E59/><V73/><F53/><W49/><G49/><T102/><D102/><U58/><E58/><V85/><F46/><W56/><G56/><T42/><D75/><U57/><E57/><V129/><F85/><W84/><G84/><T127/><D70/><U79/><E106/><V52/><F52/><W123/><G123/><N who="0" m="47147" /><D39/><U77/><E100/><V48/><F48/><W32/><G32/><T117/><D117/><U134/><E134/><V105/><F63/><W95/><G135/><T62/><D62/><U64/><E64/><V29/><F105/><W19/><G104/><T109/><D132/><U90/><REACH who="1" step="1"/><E74/><REACH who="1" ten="155,449,196,190" step="2"/><V81/><F129/><W10/><G18/><T116/><D116/><U27/><E27/><V6/><F67/><W94/><G101/><T4/><D110/><U91/><AGARI ba="0,1" hai="36,37,38,41,45,76,77,79,80,82,83,88,90,91" machi="91" ten="40,16000,3" yaku="1,1,0,1,29,2,54,1,53,3" doraHai="107" doraHaiUra="71" who="1" fromWho="1" sc="155,-40,449,170,196,-80,190,-40" /><INIT seed="3,0,0,5,4,132" ten="115,619,116,150" oya="3" hai0="119,15,110,81,21,116,34,5,33,94,26,78,84" hai1="118,64,124,37,114,24,91,93,55,130,115,101,46" hai2="126,29,9,42,47,40,18,80,7,10,76,61,62" hai3="60,113,25,72,17,117,56,36,108,4,59,90,2"/><W123/><G123/><T6/><D110/><U41/><E101/><V63/><F29/><W87/><G72/><T89/><D119/><U11/><E64/><V129/><F129/><W127/><G117/><T31/><D116/><U111/><E111/><V128/><F128/><W120/><G120/><T32/><REACH who="0" step="1"/><D15/><REACH who="0" ten="105,619,116,150" step="2"/><U50/><E118/><V0/><F0/><W134/><G108/><T133/><D133/><U30/><E130/><V20/><F7/><W52/><G134/><T68/><D68/><U28/><E114/><V39/><F42/><W66/><G113/><T92/><D92/><U22/><E115/><V135/><F135/><W97/><G2/><T82/><D82/><U106/><E106/><V96/><F80/><W95/><G95/><T53/><D53/><U19/><E11/><V57/><F10/><W74/><G52/><T107/><D107/><U27/><E55/><V16/><F9/><W83/><G83/><T79/><D79/><U65/><E65/><V100/><F76/><W112/><G66/><T67/><D67/><U54/><E54/><V73/><F40/><W131/><G112/><T86/><AGARI ba="0,1" hai="5,6,21,26,31,32,33,34,78,81,84,86,89,94" machi="86" ten="30,2000,0" yaku="1,1,0,1,53,0" doraHai="132" doraHaiUra="71" who="0" fromWho="0" sc="105,30,619,-5,116,-5,150,-10" /><INIT seed="4,0,0,4,1,99" ten="135,614,111,140" oya="0" hai0="19,9,122,133,47,27,86,93,107,53,33,59,125" hai1="119,89,67,49,64,109,126,103,79,5,112,23,41" hai2="7,70,46,120,104,30,52,34,123,110,38,73,18" hai3="48,40,42,58,134,44,25,74,14,85,124,76,12"/><T94/><D122/><U16/><E109/><V66/><F110/><W6/><G74/><T135/><D107/><U29/><E119/><V20/><F73/><W118/><G118/><T26/><D125/><U77/><E29/><V39/><F7/><W75/><G75/><T43/><D33/><U2/><E126/><V80/><F80/><N who="3" m="47239" /><G134/><N who="0" m="51211" /><D9/><U105/><E89/><V88/><F30/><W117/><G117/><T81/><D19/><U90/><E90/><V69/><F34/><W35/><G35/><T131/><D131/><U0/><E112/><V31/><F31/><W115/><G115/><T22/><D22/><U4/><E2/><V57/><F70/><W127/><G127/><T72/><D72/><U95/><E105/><V113/><F69/><W128/><G128/><T1/><D1/><U68/><E68/><V98/><F104/><W54/><G124/><T62/><D94/><U84/><E0/><V21/><F20/><W56/><G25/><T32/><D32/><U10/><E77/><V60/><F21/><W130/><G130/><T36/><D93/><U3/><E5/><V97/><F18/><W11/><G14/><T100/><D100/><U129/><E129/><V92/><F113/><W51/><G42/><T15/><D15/><U37/><E79/><AGARI ba="0,0" hai="26,27,36,43,47,53,59,62,79,81,86" m="51211" machi="79" ten="30,1500,0" yaku="20,1" doraHai="99" who="0" fromWho="1" sc="135,15,614,-15,111,0,140,0" /><INIT seed="4,1,0,5,4,96" ten="150,599,111,140" oya="0" hai0="26,97,80,23,43,93,10,63,56,126,34,133,127" hai1="116,104,125,51,28,7,75,94,25,61,17,65,4" hai2="33,8,71,74,35,129,112,111,58,114,113,123,32" hai3="39,47,131,45,89,72,78,57,108,53,73,130,105"/><T44/><D133/><U52/><E116/><V119/><F58/><W12/><G108/><T77/><D10/><U84/><E104/><V11/><F71/><W68/><G68/><T18/><D34/><U100/><E75/><V37/><F74/><W121/><G105/><T21/><D21/><U62/><E125/><V14/><F37/><W55/><G12/><T79/><D127/><U9/><E17/><V60/><F60/><N who="1" m="23145" /><E65/><V41/><F41/><W99/><G78/><T117/><D117/><U27/><E84/><V110/><F119/><W24/><G24/><N who="1" m="9290" /><E9/><N who="2" m="3659" /><F123/><W83/><G73/><T70/><D70/><U95/><E28/><V90/><F90/><W66/><G72/><T118/><D118/><U88/><E95/><V22/><F129/><W54/><G130/><T30/><D80/><U38/><E38/><V46/><F46/><W91/><G39/><T49/><D30/><U59/><E100/><V85/><F85/><W36/><G36/><T92/><D126/><U98/><AGARI ba="1,0" hai="4,7,51,52,59,88,94,98" m="9290,23145" machi="98" ten="30,4000,0" yaku="8,1,54,2" doraHai="96" who="1" fromWho="1" sc="150,-21,599,43,111,-11,140,-11" /><INIT seed="5,0,0,5,5,90" ten="129,642,100,129" oya="1" hai0="41,57,93,59,47,106,84,14,78,16,85,102,65" hai1="111,38,46,1,5,55,39,54,105,13,131,81,10" hai2="37,119,104,45,48,70,124,6,58,94,42,12,3" hai3="112,108,110,75,72,107,98,96,113,115,71,33,82"/><U126/><E105/><V8/><F104/><W86/><G33/><T77/><D106/><U22/><E126/><V68/><F119/><W40/><G40/><T69/><D69/><U79/><E131/><V18/><F124/><W80/><G71/><T49/><D65/><U125/><E125/><V130/><F130/><W28/><G28/><T114/><D114/><U117/><E117/><V27/><F27/><W11/><G11/><N who="0" m="6239" /><D102/><U17/><E111/><N who="3" m="42538" /><G107/><T21/><D21/><U35/><E39/><V83/><F83/><N who="3" m="31787" /><G86/><N who="0" m="33387" /><D93/><U52/><E35/><V32/><F32/><W122/><G122/><T36/><D36/><U24/><E24/><V88/><F58/><AGARI ba="0,0" hai="41,47,49,57,58,59,77,78" m="33387,6239" machi="58" ten="30,2000,0" yaku="8,1,54,1" doraHai="90" who="0" fromWho="2" sc="129,20,642,0,100,-20,129,0" /><INIT seed="6,0,0,1,3,28" ten="149,642,80,129" oya="2" hai0="104,74,96,106,0,105,33,93,121,56,103,81,95" hai1="86,53,61,5,34,71,102,42,117,90,118,107,65" hai2="37,50,23,54,62,73,133,77,116,24,125,72,108" hai3="52,44,49,13,3,19,18,84,39,88,113,21,38"/><V124/><F37/><W41/><G3/><T45/><D0/><U132/><E42/><V55/><F116/><W85/><G113/><T119/><D33/><U122/><E132/><V94/><F133/><W26/><G41/><T76/><D45/><U92/><E5/><V51/><F108/><W63/><G63/><T47/><D47/><U99/><E122/><V60/><F23/><W46/><G46/><T12/><D56/><U115/><E115/><V82/><F24/><W15/><G26/><T6/><D12/><U131/><E131/><V75/><F94/><N who="0" m="35850" /><D6/><U112/><E53/><N who="2" m="19979" /><F82/><N who="3" m="49175" /><G85/><T17/><D17/><U8/><E112/><V134/><F77/><W14/><G14/><T80/><D121/><U25/><E8/><AGARI ba="0,0" hai="8,13,15,18,19,21,38,39,44,49,52" m="49175" machi="8" ten="30,3900,0" yaku="25,1,54,2" doraHai="28" who="3" fromWho="1" sc="149,0,642,-39,80,0,129,39" /><INIT seed="7,0,0,2,4,54" ten="149,603,80,168" oya="3" hai0="108,127,98,45,111,57,9,52,21,123,33,134,107" hai1="41,116,53,97,29,16,72,87,18,3,7,102,51" hai2="109,12,132,15,50,114,59,38,86,73,0,69,55" hai3="96,63,4,130,22,131,88,115,128,37,76,80,8"/><W112/><G37/><T113/><D123/><U121/><E121/><V99/><F73/><N who="3" m="43023" /><G22/><T129/><D33/><U133/><E72/><V82/><F109/><W68/><G68/><T42/><D127/><U35/><E41/><V89/><F114/><W119/><G119/><T5/><D113/><U105/><E116/><V79/><F132/><W39/><G39/><T90/><D134/><U117/><E117/><V46/><F69/><W71/><G71/><T26/><D129/><U48/><E133/><V13/><F0/><N who="3" m="7" /><G63/><T125/><D125/><U60/><E60/><V43/><REACH who="2" step="1"/><F99/><REACH who="2" ten="149,603,70,168" step="2"/><W91/><G96/><T61/><D111/><U32/><E48/><V47/><F47/><W23/><G115/><T122/><D108/><U30/><E35/><V77/><AGARI ba="0,1" hai="12,13,15,38,43,46,50,55,59,77,79,82,86,89" machi="77" ten="30,4000,0" yaku="1,1,0,1,52,1,53,0" doraHai="54" doraHaiUra="95" who="2" fromWho="2" sc="149,-10,603,-10,70,50,168,-20" owari="139,-26.0,593,69.0,120,-38.0,148,-5.0" /></mjloggm>