<mjloggm ver="2.3"><GO type="97"/><UN n0="%EF%BC%88%E2%89%A7%E2%96%BD%E2%89%A6%EF%BC%89" n1="%E3%83%9E%E3%83%A1%E3%83%9D%E3%82%B3" n2="%E9%9B%80%E8%8D%98%E3%82%AA%E3%83%BC%E3%83%8A%E3%83%BC" n3="%E9%A4%8A%E5%88%86%EF%BC%92%E4%BB%A3%E7%9B%AE" dan="15,14,14,14" rate="1990,1921,1859,1878" sx="M,M,M,M"/><TAIKYOKU oya="0"/><INIT seed="0,0,0,1,0,96" ten="250,250,250,250" oya="0" hai0="8,22,111,18,56,98,122,50,129,49,20,43,121" hai1="52,117,125,72,10,88,6,69,67,16,28,93,37" hai2="131,91,127,97,11,135,9,107,70,0,77,80,74" hai3="71,40,104,130,89,82,126,62,112,27,115,29,100"/><T33/><D33/><U14/><E117/><V42/><F70/><W30/><G130/><T128/><D98/><U76/><E37/><V39/><F11/><W84/><G126/><T36/><D8/><U119/><E119/><V101/><F127/><W78/><G30/><T132/><D132/><U15/><E28/><V66/><F66/><W123/><G40/><T17/><D56/><U54/><E125/><V26/><F26/><W63/><G63/><T59/><D59/><U1/><E1/><V60/><F60/><W75/><G123/><T32/><D32/><U86/><E67/><V73/><F131/><W124/><G124/><T23/><D23/><U105/><E69/><V41/><F41/><W31/><G31/><T53/><D53/><U118/><E105/><V85/><F42/><W2/><G2/><T108/><REACH who="0" step="1"/><D43/><REACH who="0" ten="240,250,250,250" step="2"/><U83/><E118/><V51/><F135/><W46/><G46/><T68/><D68/><U114/><E114/><V90/><F39/><AGARI ba="0,1" hai="17,18,20,22,36,39,49,50,108,111,121,122,128,129" machi="39" ten="25,4800,0" yaku="1,1,22,2,53,0" doraHai="96" doraHaiUra="106" who="0" fromWho="2" sc="240,58,250,0,250,-48,250,0" /><INIT seed="0,1,0,0,1,1" ten="298,250,202,250" oya="0" hai0="100,4,132,2,135,97,74,96,68,29,53,105,112" hai1="98,52,77,56,37,116,88,33,63,89,44,31,106" hai2="64,20,67,8,87,12,83,42,92,27,72,80,107" hai3="65,103,46,130,43,66,5,16,126,124,40,84,99"/><T133/><D112/><U7/><E116/><V73/><F107/><W25/><G130/><T34/><D74/><U0/><E77/><V117/><F117/><W93/><G84/><T3/><D68/><U59/><E33/><V78/><F72/><W57/><G43/><T118/><D118/><U104/><E31/><V134/><F134/><W102/><G103/><T125/><D125/><N who="3" m="48233" /><G57/><T28/><D53/><U76/><E76/><V60/><F42/><W9/><G65/><T32/><D4/><U17/><E7/><N who="2" m="3103" /><F73/><W62/><G66/><T121/><D121/><U69/><E69/><V41/><F41/><W110/><G62/><T71/><D71/><U23/><E0/><N who="0" m="41" /><D97/><U91/><E98/><V36/><F36/><N who="3" m="21767" /><G110/><T119/><D119/><U86/><E37/><V58/><F92/><W21/><G9/><T45/><D45/><U18/><E44/><V35/><F35/><AGARI ba="1,0" hai="28,29,32,34,35,96,100,105,132,133,135" m="41" machi="35" ten="40,2000,0" yaku="20,1" doraHai="1" who="0" fromWho="2" sc="298,23,250,0,202,-23,250,0" /><INIT seed="0,2,0,3,5,1" ten="321,250,179,250" oya="0" hai0="91,50,37,108,99,92,96,88,63,110,106,93,36" hai1="127,18,71,107,15,24,87,119,29,130,22,44,25" hai2="55,84,67,68,33,12,90,60,39,131,135,115,38" hai3="65,104,120,123,102,134,78,64,30,125,11,53,76"/><T97/><D63/><U19/><E107/><V70/><F115/><W58/><G134/><T49/><D106/><U27/><E71/><V5/><F33/><W101/><G125/><T117/><REACH who="0" step="1"/><D96/><REACH who="0" ten="311,250,179,250" step="2"/><U100/><E127/><V72/><F135/><W47/><G104/><T35/><D35/><U126/><E126/><V9/><F131/><W62/><G123/><T8/><D8/><U114/><E130/><V116/><F116/><AGARI ba="2,1" hai="36,37,49,50,88,91,92,93,97,99,108,110,116,117" machi="116" ten="25,9600,0" yaku="1,1,22,2,54,1,53,0" doraHai="1" doraHaiUra="111" who="0" fromWho="2" sc="311,112,250,0,179,-102,250,0" /><INIT seed="0,3,0,4,3,83" ten="423,250,77,250" oya="0" hai0="30,43,133,80,67,55,48,14,69,77,76,32,4" hai1="24,101,111,78,26,51,62,95,92,74,56,61,96" hai2="16,108,41,13,113,71,64,106,104,118,5,131,20" hai3="10,117,47,29,17,112,19,63,116,18,128,125,52"/><T135/><D43/><U3/><E3/><V8/><F113/><W129/><G112/><T27/><D69/><U7/><E111/><V23/><F108/><W11/><G125/><T58/><D67/><U99/><E7/><V12/><F131/><N who="3" m="50251" /><G29/><T21/><D32/><U9/><E9/><N who="3" m="3082" /><G63/><N who="1" m="24074" /><E74/><V70/><F118/><N who="3" m="45675" /><G47/><T130/><D30/><U54/><E78/><V37/><F64/><W120/><G120/><T86/><D76/><U34/><E34/><V109/><F109/><W103/><G103/><AGARI ba="3,0" hai="24,26,51,54,56,92,95,96,99,101,103" m="24074" machi="103" ten="30,1000,0" yaku="8,1" doraHai="83" who="1" fromWho="3" sc="423,0,250,19,77,0,250,-19" /><INIT seed="1,0,0,0,0,81" ten="423,269,77,231" oya="1" hai0="110,38,22,129,88,57,3,125,34,66,8,63,74" hai1="31,37,11,23,122,92,44,25,93,82,120,5,131" hai2="103,104,33,91,13,53,65,69,48,55,36,42,59" hai3="97,77,45,2,108,51,130,10,75,1,113,133,128"/><U70/><E70/><V73/><F33/><W109/><G113/><T105/><D105/><U41/><E131/><N who="3" m="50218" /><G133/><T12/><D38/><U58/><E122/><V17/><F73/><W4/><G97/><T35/><D74/><U89/><E120/><V116/><F116/><W39/><G39/><T80/><D129/><U117/><E117/><V61/><F104/><W115/><G115/><T118/><D118/><U43/><E43/><V50/><F103/><W49/><G2/><T123/><D123/><U52/><E82/><V106/><F106/><W119/><G119/><T96/><D80/><U27/><E27/><V26/><F26/><W132/><G132/><T126/><D3/><U40/><E40/><V84/><F36/><W85/><G75/><T83/><D22/><U124/><E124/><N who="0" m="47721" /><D110/><N who="3" m="42601" /><G45/><T78/><D96/><U67/><E67/><V95/><F42/><W20/><G20/><T24/><D66/><U90/><E93/><V6/><F6/><W21/><G21/><T32/><D32/><U29/><E92/><V101/><F101/><W15/><G1/><T87/><D35/><U111/><E111/><V47/><F69/><W7/><G7/><N who="0" m="3103" /><D34/><U86/><E5/><V112/><F112/><W62/><G62/><T121/><D121/><U60/><E37/><V94/><F94/><W135/><G135/><T30/><D30/><U19/><E29/><V114/><F114/><W64/><G64/><N who="0" m="39023" /><D24/><U98/><E25/><V79/><F79/><AGARI ba="0,0" hai="78,79,83,87,88" m="39023,3103,47721" machi="79" ten="30,3900,0" yaku="18,1,52,1,54,1" doraHai="81" who="0" fromWho="2" sc="423,39,269,0,77,-39,231,0" /><INIT seed="2,0,0,2,4,95" ten="462,269,38,231" oya="2" hai0="123,48,33,134,90,135,42,61,45,34,103,68,122" hai1="78,14,29,58,0,51,116,7,131,96,19,32,64" hai2="37,72,77,100,126,111,114,115,30,79,87,83,65" hai3="43,4,59,10,127,12,80,85,71,102,88,40,105"/><V26/><F37/><W81/><G127/><T31/><D103/><U39/><E39/><V70/><F70/><W89/><G71/><T22/><D22/><N who="1" m="11639" /><E78/><V16/><F65/><W62/><G105/><T55/><D90/><U56/><E116/><V133/><F126/><W23/><G23/><T121/><D31/><U84/><E64/><V15/><F133/><N who="0" m="50698" /><D68/><U49/><E84/><V106/><F106/><W91/><G102/><T52/><D61/><U108/><E32/><AGARI ba="0,0" hai="32,33,34,42,45,48,52,55,121,122,123" m="50698" machi="32" ten="40,2600,0" yaku="20,1,54,1" doraHai="95" who="0" fromWho="1" sc="462,26,269,-26,38,0,231,0" /><INIT seed="3,0,0,0,3,63" ten="488,243,38,231" oya="3" hai0="65,95,52,11,50,126,35,81,39,30,8,123,67" hai1="54,89,101,86,44,70,20,51,22,24,68,90,106" hai2="117,15,113,7,125,115,23,114,36,32,13,116,59" hai3="3,134,83,60,37,121,133,76,34,99,118,98,28"/><W47/><G121/><T43/><D123/><U2/><E2/><V127/><F36/><W49/><G118/><N who="2" m="45673" /><F59/><W129/><G3/><T69/><D126/><N who="2" m="48138" /><F32/><W131/><G37/><T55/><D69/><U108/><E70/><V46/><F46/><W27/><G60/><T107/><D107/><U66/><E108/><V53/><F53/><W84/><G99/><T104/><D104/><U103/><E106/><V130/><F130/><N who="3" m="49675" /><G98/><T74/><D74/><U4/><E4/><V135/><F135/><N who="3" m="51723" /><G49/><T124/><D50/><U1/><E1/><V78/><F78/><W71/><G71/><T91/><D124/><U29/><E22/><V94/><F94/><W128/><N who="3" m="49683" /><W82/><DORA hai="73" /><G82/><T18/><D95/><U77/><E77/><V87/><F87/><W33/><G47/><T42/><D81/><U12/><E68/><V5/><F23/><AGARI ba="0,0" hai="23,27,28,33,34,76,83,84" m="51723,49683" machi="23" ten="40,7700,0" yaku="19,1,20,1,52,1" doraHai="63,73" who="3" fromWho="2" sc="488,0,243,0,38,-77,231,77" owari="488,59.0,243,-16.0,-39,-54.0,308,11.0" /></mjloggm>