<mjloggm ver="2.3"><GO type="169" lobby="0"/><UN n0="%E3%81%97%E3%82%85%E3%81%86%E3%83%BC%E3%80%82" n1="%EF%BC%88%E2%89%A7%E2%96%BD%E2%89%A6%EF%BC%89" n2="%E3%81%82%E3%82%8A%E3%81%8A%E3%81%A8" n3="%E3%81%B4%E3%81%AE" dan="17,17,17,16" rate="2043.33,2119.10,2129.32,2087.65" sx="M,M,M,M"/><TAIKYOKU oya="0"/><INIT seed="0,0,0,2,0,8" ten="250,250,250,250" oya="0" hai0="68,75,49,36,40,96,117,79,53,51,24,91,81" hai1="106,97,10,102,5,31,45,22,42,99,127,6,77" hai2="35,33,109,94,88,2,84,26,76,126,131,100,32" hai3="57,17,128,59,60,3,67,20,70,101,38,62,82"/><T19/><D117/><U124/><E77/><V111/><F2/><W11/><G128/><T118/><D118/><U29/><E97/><V119/><F119/><W107/><G38/><T65/><D68/><U41/><E22/><V134/><F131/><W46/><G107/><T21/><D65/><U27/><E27/><V114/><F114/><W105/><G105/><T85/><D96/><U1/><E5/><V64/><F64/><W80/><G101/><T129/><D129/><U15/><E1/><V25/><F126/><N who="1" m="48169" /><E42/><V13/><F134/><W110/><G46/><T135/><D135/><U116/><E116/><V120/><F120/><W43/><G43/><T89/><D75/><U58/><E58/><V73/><F100/><W50/><G70/><T66/><D36/><AGARI ba="0,0" hai="6,10,15,29,31,36,41,45,99,102,106" m="48169" machi="36" ten="30,2000,0" yaku="18,1,52,1" doraHai="8" who="1" fromWho="0" sc="250,-20,250,20,250,0,250,0" /><INIT seed="1,0,0,4,0,74" ten="230,270,250,250" oya="1" hai0="80,25,29,86,88,121,36,92,55,42,5,2,100" hai1="0,109,68,118,108,49,31,91,70,93,46,40,129" hai2="21,102,130,127,120,48,126,10,34,122,73,112,63" hai3="87,53,16,39,52,98,17,45,82,20,61,97,66"/><U84/><E0/><V71/><F34/><W13/><G39/><T59/><D121/><U26/><E129/><V75/><F130/><W41/><G41/><T115/><D115/><U85/><E85/><V99/><F112/><W6/><G6/><T27/><D36/><U69/><REACH who="1" step="1"/><E118/><REACH who="1" ten="230,260,250,250" step="2"/><V30/><F122/><W110/><G110/><T58/><D2/><U124/><E124/><V51/><F120/><W37/><G98/><T132/><D86/><U72/><E72/><V9/><F75/><W105/><G97/><T23/><D132/><U50/><E50/><V38/><F38/><W94/><G37/><T28/><D29/><U11/><E11/><V57/><F73/><W47/><G87/><T67/><D28/><U32/><AGARI ba="0,1" hai="26,31,32,40,46,49,68,69,70,84,91,93,108,109" machi="32" ten="40,7800,0" yaku="1,1,0,1,53,1" doraHai="74" doraHaiUra="44" who="1" fromWho="1" sc="230,-26,260,88,250,-26,250,-26" /><INIT seed="1,1,0,2,5,106" ten="204,348,224,224" oya="1" hai0="90,133,10,0,48,62,100,45,9,71,6,79,55" hai1="42,12,31,129,19,37,91,73,89,124,43,24,119" hai2="113,108,46,26,102,125,22,96,38,135,82,84,66" hai3="67,18,118,44,111,13,16,41,58,97,93,35,99"/><U49/><E37/><V4/><F108/><W127/><G35/><T15/><D133/><U134/><E119/><V5/><F135/><W117/><G111/><T51/><D100/><U77/><E134/><V78/><F125/><W59/><G127/><T25/><D25/><U132/><E132/><V98/><F66/><W75/><G75/><T52/><D79/><U8/><E124/><V54/><F113/><W74/><G74/><T30/><D30/><U116/><E116/><N who="3" m="44650" /><G18/><T39/><D90/><U101/><E101/><V85/><F85/><W47/><G47/><T33/><D33/><U95/><E129/><V131/><F131/><W114/><G114/><T17/><D39/><U80/><E49/><N who="2" m="28983" /><F38/><N who="3" m="21559" /><G67/><T121/><D121/><U130/><E130/><V50/><F102/><N who="3" m="60719" /><G99/><N who="2" m="37929" /><F50/><W27/><G27/><T110/><D110/><U34/><REACH who="1" step="1"/><E89/><REACH who="1" ten="204,338,224,224" step="2"/><V123/><F123/><W107/><G107/><T70/><D62/><U83/><E83/><V72/><F72/><W115/><G115/><T53/><REACH who="0" step="1"/><D51/><REACH who="0" ten="194,338,224,224" step="2"/><U40/><E40/><AGARI ba="1,2" hai="0,6,9,10,15,17,40,45,48,52,53,55,70,71" machi="40" ten="40,5200,0" yaku="1,1,2,1,54,1,53,0" doraHai="106" doraHaiUra="103" who="0" fromWho="1" sc="194,75,338,-55,224,0,224,0" /><INIT seed="2,0,0,4,4,39" ten="269,283,224,224" oya="2" hai0="56,18,62,29,91,28,9,95,31,1,126,60,15" hai1="47,42,129,85,100,118,134,94,8,112,61,87,81" hai2="104,14,93,19,108,2,43,32,10,109,70,65,44" hai3="132,105,122,123,98,97,130,33,110,113,79,135,114"/><V117/><F104/><W111/><G33/><T115/><D115/><N who="3" m="44041" /><G79/><T83/><D126/><U77/><E112/><V133/><F117/><W67/><G67/><T128/><D128/><U12/><E118/><V63/><F32/><W120/><G105/><T53/><D1/><U46/><E134/><N who="3" m="51242" /><G130/><T124/><D124/><U84/><E129/><V58/><F133/><W26/><G26/><T49/><REACH who="0" step="1"/><D83/><REACH who="0" ten="259,283,224,224" step="2"/><U75/><E81/><V41/><F2/><W71/><G71/><T68/><D68/><U37/><E77/><V64/><F70/><W101/><G101/><T52/><D52/><U86/><E100/><V20/><F65/><W45/><G45/><T90/><D90/><U13/><E46/><V7/><F44/><W50/><G50/><T27/><D27/><U88/><E88/><V127/><F127/><W82/><G82/><T116/><D116/><U121/><E47/><V131/><F131/><W74/><G74/><T25/><D25/><U73/><E75/><V35/><F35/><W57/><G57/><T30/><N who="0" m="7168" /><DORA hai="3" /><T72/><D72/><U78/><E73/><V34/><F34/><W54/><G54/><T6/><D6/><U119/><E78/><V0/><REACH who="2" step="1"/><F93/><REACH who="2" ten="259,283,214,224" step="2"/><W69/><G69/><T99/><AGARI ba="0,2" hai="9,15,18,49,53,56,60,62,91,95,99" m="7168" machi="99" ten="40,8000,1" yaku="1,1,0,1,8,1,53,2" doraHai="39,3" doraHaiUra="92,5" who="0" fromWho="0" sc="259,100,283,-20,214,-40,224,-20" /><INIT seed="3,0,0,2,1,96" ten="359,263,174,204" oya="3" hai0="125,74,90,75,127,108,94,4,65,97,40,20,15" hai1="116,46,53,93,45,79,122,1,37,18,19,48,13" hai2="10,117,83,106,24,35,103,69,133,22,7,84,0" hai3="17,54,129,9,50,85,49,118,41,73,56,72,42"/><W23/><G118/><T32/><D32/><U2/><E122/><V126/><F117/><W27/><G129/><T25/><D108/><U102/><E116/><V21/><F126/><N who="0" m="48138" /><D40/><U111/><E111/><V62/><F133/><W39/><G39/><T130/><D65/><U60/><E79/><V99/><F35/><W58/><G9/><N who="0" m="4519" /><D130/><U11/><E60/><V89/><REACH who="2" step="1"/><F24/><REACH who="2" ten="359,263,164,204" step="2"/><W107/><G27/><T134/><D134/><U78/><E11/><V47/><F47/><W70/><G41/><T135/><D135/><U12/><E45/><V87/><F87/><W67/><G42/><T113/><D113/><U110/><E46/><V8/><F8/><W100/><G85/><T29/><AGARI ba="0,1" hai="20,25,29,74,75,90,94,97" m="4519,48138" machi="29" ten="30,1100,0" yaku="18,1" doraHai="96" who="0" fromWho="0" sc="359,21,263,-3,164,-3,204,-5" /><INIT seed="4,0,0,0,2,113" ten="380,260,161,199" oya="0" hai0="62,67,43,83,68,86,97,95,56,107,84,110,96" hai1="60,115,13,27,31,52,8,47,112,29,2,135,37" hai2="99,41,130,32,119,80,104,17,0,55,63,103,133" hai3="46,79,101,126,39,48,121,98,18,40,16,89,4"/><T24/><D110/><U124/><E2/><V87/><F0/><W61/><G126/><T30/><D107/><U6/><E124/><V122/><F122/><W54/><G121/><T58/><D43/><N who="1" m="23023" /><E27/><V70/><F32/><W49/><G79/><T45/><D45/><U15/><E15/><V11/><F130/><W28/><G4/><T3/><D3/><U132/><E29/><V25/><F133/><N who="1" m="51273" /><E31/><V106/><F41/><W64/><G28/><T35/><D96/><U53/><E60/><V50/><F106/><W20/><G89/><T59/><REACH who="0" step="1"/><D83/><REACH who="0" ten="370,260,161,199" step="2"/><U91/><E115/><V72/><F104/><W44/><G40/><T105/><D105/><U71/><E112/><V22/><F99/><W109/><G98/><T42/><D42/><U57/><E71/><V36/><F70/><W114/><G114/><T78/><D78/><U111/><E111/><V123/><F80/><W76/><G109/><T34/><D34/><U134/><E134/><V117/><F36/><W129/><G39/><T73/><D73/><U85/><E57/><V116/><F72/><W128/><G76/><T19/><D19/><U81/><AGARI ba="0,1" hai="6,8,13,52,53,81,85,91" m="51273,23023" machi="81" ten="30,2000,0" yaku="20,1,54,1" doraHai="113" who="1" fromWho="1" sc="370,-10,260,30,161,-5,199,-5" /><INIT seed="5,0,0,2,4,0" ten="360,290,156,194" oya="1" hai0="21,41,37,127,121,100,84,113,22,28,131,129,111" hai1="124,54,132,65,97,43,112,47,123,8,23,55,5" hai2="126,134,106,117,71,13,61,15,14,36,125,70,78" hai3="64,51,48,59,49,10,133,115,45,35,3,1,95"/><U120/><E112/><V105/><F78/><W60/><G35/><T107/><D111/><U135/><E124/><N who="2" m="47723" /><F61/><W92/><G115/><T122/><D113/><U19/><E97/><V44/><F44/><W6/><G133/><N who="1" m="51274" /><E65/><V96/><F96/><W102/><G1/><T34/><D127/><U128/><E128/><N who="0" m="49225" /><D100/><U79/><E79/><V108/><F134/><W7/><G3/><T74/><D107/><N who="2" m="40970" /><F36/><W32/><G102/><T53/><D37/><N who="1" m="21999" /><E55/><V103/><F103/><W9/><G32/><T99/><D34/><U98/><E54/><V85/><F85/><W30/><G45/><T109/><D84/><U50/><E98/><V93/><F93/><N who="3" m="35915" /><G30/><T94/><D28/><U80/><E50/><V20/><F20/><W130/><G130/><T91/><D22/><U33/><E33/><V69/><F117/><W66/><G66/><T110/><D21/><U31/><E31/><V57/><F57/><W39/><G39/><T77/><D53/><U73/><E23/><V83/><F83/><W58/><G58/><T25/><D41/><U12/><E80/><V11/><F11/><AGARI ba="0,0" hai="6,7,9,10,11,48,49,51,59,60,64" m="35915" machi="11" ten="30,3900,0" yaku="8,1,52,2" doraHai="0" who="3" fromWho="2" sc="360,0,290,0,156,-39,194,39" /><INIT seed="6,0,0,5,0,114" ten="360,290,117,233" oya="2" hai0="67,95,118,109,33,105,69,112,126,8,43,2,16" hai1="121,0,134,17,44,35,75,48,57,28,78,30,24" hai2="129,56,96,119,42,62,26,23,115,132,38,130,34" hai3="39,3,61,14,21,74,85,106,45,94,90,125,92"/><V87/><F115/><W103/><G3/><T81/><D105/><U22/><E0/><V47/><F34/><W13/><G74/><T49/><D33/><U110/><E110/><V97/><F132/><W11/><G125/><T37/><D37/><U58/><E134/><V46/><F46/><W41/><G106/><T108/><D112/><U101/><E121/><V64/><F87/><W89/><G103/><T9/><D126/><U10/><E101/><V29/><REACH who="2" step="1"/><F119/><REACH who="2" ten="360,290,107,233" step="2"/><W124/><G85/><T98/><D118/><U66/><E35/><V88/><F88/><W31/><G90/><T15/><D109/><U84/><E84/><V82/><F82/><W52/><G89/><T40/><D81/><U117/><E117/><V18/><F18/><W79/><G45/><T133/><D16/><U20/><E17/><V27/><F27/><W86/><G124/><T53/><D108/><U128/><E24/><V1/><F1/><W72/><G86/><T36/><D2/><U76/><E44/><V6/><F6/><W59/><G72/><T122/><D133/><U12/><E75/><V68/><F68/><W70/><G70/><T71/><D71/><U77/><E77/><V54/><F54/><W19/><G79/><T113/><D53/><U131/><E76/><V51/><F51/><W99/><G99/><AGARI ba="0,1" hai="23,26,29,38,42,47,56,62,64,96,97,99,129,130" machi="99" ten="40,2000,0" yaku="1,1,53,0" doraHai="114" doraHaiUra="65" who="2" fromWho="3" sc="360,0,290,0,107,30,233,-20" /><INIT seed="6,1,0,0,2,130" ten="360,290,137,213" oya="2" hai0="69,38,45,26,22,86,67,68,81,119,106,93,0" hai1="64,31,2,84,71,3,37,32,112,129,97,8,58" hai2="18,43,70,107,14,15,102,1,105,24,80,61,98" hai3="88,134,127,117,46,131,85,121,33,12,56,4,40"/><V17/><F1/><W125/><G33/><T10/><D106/><U21/><E37/><V50/><F107/><W87/><G117/><T109/><D109/><U5/><E71/><V104/><F104/><W73/><G121/><T44/><D93/><U54/><E32/><V41/><F24/><W35/><G73/><T118/><D10/><U77/><E64/><V6/><F6/><W110/><G35/><T116/><D0/><U111/><E111/><V96/><F80/><W126/><G110/><T75/><D75/><U36/><E36/><V19/><F96/><W101/><G101/><T94/><D94/><U74/><E74/><V25/><F25/><W51/><G131/><T120/><D120/><U123/><E2/><V16/><F50/><W92/><G56/><T13/><D13/><U59/><E97/><V113/><F113/><W114/><G114/><T42/><D45/><U57/><E112/><V34/><F34/><W60/><G60/><T63/><D69/><U7/><E7/><V48/><F48/><W78/><G78/><N who="0" m="46391" /><D26/><N who="1" m="16847" /><E129/><V9/><REACH who="2" step="1"/><F14/><REACH who="2" ten="360,290,127,213" step="2"/><W100/><G12/><T122/><D122/><U108/><E123/><V103/><F103/><W124/><G100/><T28/><D28/><U47/><E108/><V132/><F132/><W76/><G134/><T133/><D133/><U52/><E3/><V95/><F95/><W30/><G127/><T83/><D83/><U53/><E5/><V135/><F135/><W90/><G4/><T65/><D119/><U82/><E47/><V23/><F23/><W55/><G126/><T62/><D22/><U79/><E79/><RYUUKYOKU ba="1,1" sc="360,10,290,10,127,10,213,-30" hai0="38,42,44,62,63,65,67,68,116,118" hai1="8,52,53,54,57,58,59,77,82,84" hai2="9,15,16,17,18,19,41,43,61,70,98,102,105" /><INIT seed="6,2,1,2,1,19" ten="370,300,137,183" oya="2" hai0="135,38,9,66,83,131,85,128,75,107,77,5,86" hai1="51,63,61,40,87,60,37,30,102,2,65,124,56" hai2="42,35,123,68,119,109,53,33,28,111,62,16,69" hai3="79,81,55,104,116,127,82,112,26,121,23,72,71"/><V80/><F119/><W129/><G116/><T4/><D135/><U94/><E2/><V70/><F123/><W114/><G121/><T88/><D38/><U20/><E124/><V113/><F42/><W134/><G127/><T29/><D107/><U44/><E37/><V45/><F113/><N who="3" m="43627" /><G134/><T115/><D115/><U92/><E92/><V74/><F28/><N who="3" m="17503" /><G129/><T105/><D105/><U14/><E87/><V18/><F80/><W96/><G71/><T108/><D108/><N who="2" m="41546" /><F74/><W91/><G55/><T47/><D75/><U73/><E73/><V13/><F18/><W48/><G48/><T21/><D29/><U10/><E10/><N who="2" m="6199" /><F62/><W46/><G46/><T32/><D47/><U36/><E36/><V90/><F90/><W101/><G82/><T125/><D83/><U17/><E30/><V118/><F118/><W93/><G104/><T78/><D125/><U64/><E64/><V27/><F27/><W89/><AGARI ba="2,1" hai="72,79,81,89,91,93,96,101" m="17503,43627" machi="89" ten="30,4000,0" yaku="15,1,11,1,52,1" doraHai="19" who="3" fromWho="3" sc="370,-12,300,-12,137,-22,183,56" /><INIT seed="7,0,0,5,1,12" ten="358,288,115,239" oya="3" hai0="106,83,35,16,89,6,112,123,84,117,118,105,41" hai1="86,51,111,114,33,98,115,69,23,87,93,120,49" hai2="68,7,8,71,25,57,92,59,46,135,56,127,113" hai3="74,31,66,63,1,38,90,4,107,3,19,124,14"/><W39/><G107/><T108/><D108/><U40/><E33/><V133/><F92/><W9/><G74/><T11/><D35/><U48/><E120/><V134/><F25/><W0/><G124/><T78/><D123/><U129/><E69/><V47/><F8/><W28/><G90/><T45/><D112/><N who="1" m="43051" /><E129/><V97/><F97/><W94/><G94/><T102/><D106/><U77/><E111/><V36/><F7/><W2/><G39/><T30/><D30/><U58/><E40/><V44/><F113/><W73/><G38/><T62/><D62/><U64/><E77/><V125/><F36/><W109/><G73/><T72/><D102/><N who="1" m="60751" /><E23/><V82/><F82/><W27/><G109/><T50/><D105/><U42/><E42/><V26/><F26/><W91/><G91/><T88/><D89/><U96/><E96/><V22/><F22/><N who="3" m="13791" /><G66/><T80/><D117/><U121/><E121/><V15/><F15/><W5/><G63/><AGARI ba="0,0" hai="48,49,51,58,63,64,86,87" m="60751,43051" machi="63" ten="30,1000,0" yaku="15,1" doraHai="12" who="1" fromWho="3" sc="358,0,288,10,115,0,239,-10" owari="358,45.0,298,10.0,115,-38.0,229,-17.0" /></mjloggm>