<mjloggm ver="2.3"><GO type="41"/><UN n0="%EF%BC%88%E2%89%A7%E2%96%BD%E2%89%A6%EF%BC%89" n1="%E3%83%95%E3%82%A7%E3%83%BC%E3%83%AA%E3%81%9F%E3%82%93" n2="%EF%BC%95%E5%88%86%E9%96%93%E7%84%A1%E6%95%97%E3%81%AE%E7%94%B7" n3="%E6%9E%9A%E6%96%B9%E3%81%9D%E3%82%93%E3%81%9D%E3%82%93" dan="14,14,14,14" rate="2035,1965,1831,1911" sx="M,M,M,M"/><TAIKYOKU oya="0"/><INIT seed="0,0,0,3,0,130" ten="250,250,250,250" oya="0" hai0="26,54,0,9,23,88,76,43,11,55,48,5,59" hai1="101,69,122,65,123,18,61,50,64,39,81,107,87" hai2="114,36,12,34,21,89,22,133,27,30,70,100,15" hai3="129,120,6,25,86,62,93,66,74,97,24,73,112"/><T28/><D76/><U68/><E39/><V20/><F70/><W4/><G129/><T79/><D79/><U126/><E126/><V3/><F36/><W124/><G120/><T113/><D113/><U106/><E107/><V115/><F100/><W105/><G124/><T71/><D71/><U96/><E50/><V10/><F89/><W75/><G105/><T91/><D43/><U35/><E35/><V44/><F44/><W95/><G112/><N who="2" m="43049" /><F133/><W49/><G49/><T7/><REACH who="0" step="1"/><D55/><REACH who="0" step="2"/><U118/><E123/><V127/><F127/><W125/><G75/><T99/><D99/><U17/><E122/><V131/><F131/><W38/><G74/><T32/><D32/><U94/><E118/><V57/><F57/><W33/><G73/><T82/><D82/><U134/><E69/><V41/><F41/><W8/><G33/><T102/><D102/><U116/><E116/><V40/><F40/><W121/><G125/><T58/><D58/><U29/><E68/><V56/><F56/><W119/><G121/><T53/><D53/><U42/><E42/><V78/><F78/><W1/><G119/><T14/><AGARI ba="0,1" hai="0,5,7,9,11,14,23,26,28,48,54,59,88,91" machi="14" ten="20,7800,0" yaku="1,1,0,1,7,1,54,1,53,0" doraHai="130" doraHaiUra="37" who="0" fromWho="0" sc="240,88,250,-26,250,-26,250,-26" /><INIT seed="0,1,0,0,3,76" ten="328,224,224,224" oya="0" hai0="112,20,78,92,40,117,127,134,7,129,22,122,106" hai1="94,69,102,10,24,70,65,113,125,93,89,34,73" hai2="32,111,53,130,12,55,2,60,37,108,98,103,100" hai3="4,0,86,115,68,63,74,9,95,123,52,79,126"/><T31/><D92/><U49/><E73/><V36/><F32/><W121/><G115/><T132/><D40/><U72/><E72/><V75/><F75/><W25/><G126/><T5/><D78/><U85/><E113/><V118/><F2/><W110/><G110/><T11/><D106/><U17/><E125/><V56/><F118/><W33/><G95/><T23/><D112/><U44/><E65/><V16/><F55/><W58/><G86/><T26/><D127/><U109/><E109/><N who="2" m="42059" /><F130/><W15/><G68/><T120/><D117/><U84/><E34/><V61/><F61/><W66/><G33/><N who="0" m="20727" /><D129/><U35/><E35/><V91/><F91/><W64/><G25/><T105/><D105/><U46/><E46/><V119/><F119/><W21/><G21/><T39/><D39/><N who="2" m="14922" /><F98/><W45/><G45/><T80/><D80/><U87/><E102/><V28/><F28/><W90/><G90/><T57/><D57/><U71/><E89/><V104/><F104/><W77/><G77/><T131/><D131/><U124/><E124/><V3/><F3/><W81/><REACH who="3" step="1"/><G0/><REACH who="3" step="2"/><N who="0" m="423" /><D7/><U48/><E44/><V128/><F128/><W135/><G135/><AGARI ba="1,1" hai="20,22,23,120,122,132,134,135" m="423,20727" machi="135" ten="30,5800,0" yaku="20,1,34,2" doraHai="76" who="0" fromWho="3" sc="328,71,224,0,224,0,214,-61" /><INIT seed="0,2,0,3,1,27" ten="399,224,224,153" oya="0" hai0="91,87,67,84,26,52,74,34,65,80,104,121,133" hai1="53,81,88,99,97,100,2,109,68,89,90,116,43" hai2="12,127,1,101,59,23,115,73,122,72,42,64,60" hai3="93,135,126,96,51,58,32,44,29,7,40,31,5"/><T111/><D121/><U28/><E116/><V114/><F122/><W119/><G119/><T113/><D113/><U125/><E2/><V57/><F1/><W17/><G135/><T14/><D104/><U76/><E68/><V18/><F42/><W61/><G126/><T108/><D133/><U112/><E125/><V129/><F129/><W131/><G17/><T94/><D74/><U6/><E6/><N who="3" m="2058" /><G32/><T55/><D14/><U56/><E112/><V8/><F127/><W33/><G33/><T45/><D26/><U66/><E66/><N who="0" m="25097" /><D45/><U48/><E43/><V95/><F115/><W82/><G82/><T62/><D62/><U21/><E109/><N who="0" m="42057" /><D34/><U86/><E100/><V63/><F114/><W75/><G75/><T0/><D0/><U98/><E21/><V117/><F117/><W10/><G10/><T77/><AGARI ba="2,0" hai="52,55,77,80,84,87,91,94" m="42057,25097" machi="77" ten="30,6000,0" yaku="14,1,10,1,54,1" doraHai="27" who="0" fromWho="0" sc="399,66,224,-22,224,-22,153,-22" /><INIT seed="0,3,0,1,0,62" ten="465,202,202,131" oya="0" hai0="80,37,50,19,90,130,112,21,100,29,108,133,65" hai1="77,32,111,31,60,63,44,40,46,52,39,104,9" hai2="43,123,3,6,55,101,132,30,121,42,106,86,124" hai3="81,134,127,18,120,85,70,84,87,59,67,36,34"/><T88/><D112/><U27/><E104/><V82/><F30/><W98/><G36/><T17/><D37/><U64/><E111/><V128/><F128/><W96/><G127/><T97/><D130/><U102/><E102/><V116/><F116/><W25/><G120/><T72/><D108/><U95/><E95/><V23/><F124/><W45/><G70/><T79/><D133/><U5/><E77/><V78/><F132/><W89/><G134/><T16/><D50/><U76/><E76/><V119/><F119/><W15/><G34/><T35/><D35/><U122/><E122/><V56/><F121/><W73/><G73/><T51/><D51/><U12/><E63/><V135/><F135/><W26/><G45/><T38/><D38/><U20/><E44/><V91/><F6/><W125/><G125/><T118/><D118/><U75/><E75/><V4/><F4/><W11/><G85/><T33/><D33/><U113/><E113/><V24/><F3/><W114/><G87/><T69/><D69/><U58/><REACH who="1" step="1"/><E32/><REACH who="1" step="2"/><V47/><F123/><W93/><G114/><T126/><D126/><U22/><E22/><V66/><F47/><W8/><G8/><T49/><D49/><U13/><E13/><V48/><F106/><W94/><G93/><T99/><D100/><U131/><E131/><V0/><F101/><N who="3" m="60567" /><G98/><T54/><D99/><U109/><E109/><V2/><F2/><W110/><G110/><T7/><D97/><U1/><E1/><V83/><F0/><W28/><G28/><T129/><D29/><U117/><E117/><V103/><F103/><RYUUKYOKU ba="3,1" sc="465,-15,192,15,202,-15,131,15" hai1="5,9,12,20,27,31,39,40,46,52,58,60,64" hai3="11,15,18,25,26,59,67,81,84,89" /><INIT seed="1,4,1,1,3,16" ten="450,207,187,146" oya="1" hai0="76,99,1,31,32,11,24,5,30,47,72,96,115" hai1="94,2,7,126,92,103,116,128,68,89,90,123,22" hai2="124,53,57,60,110,113,18,134,40,36,105,112,135" hai3="48,50,122,41,20,91,114,46,29,130,62,35,111"/><U34/><E123/><V117/><F105/><W13/><G35/><T73/><D115/><N who="2" m="44106" /><F18/><W58/><G114/><T133/><D133/><N who="2" m="50698" /><F117/><W56/><G122/><T39/><D31/><U59/><E34/><V118/><F118/><W74/><G111/><T51/><D51/><U4/><E116/><V43/><F110/><W67/><G74/><T83/><REACH who="0" step="1"/><D72/><REACH who="0" step="2"/><U63/><E126/><V104/><F104/><W125/><G125/><T70/><D70/><U19/><E68/><V97/><F97/><W78/><G130/><T121/><D121/><U87/><E128/><V52/><F124/><W3/><G50/><T100/><D100/><U25/><E103/><V108/><F108/><W119/><G119/><T69/><D69/><U84/><REACH who="1" step="1"/><E2/><REACH who="1" step="2"/><V0/><F0/><W55/><G3/><T12/><D12/><U107/><E107/><V85/><F85/><W93/><G13/><T64/><D64/><AGARI ba="4,3" hai="4,7,19,22,25,59,63,64,84,87,89,90,92,94" machi="64" ten="30,12000,1" yaku="1,1,7,1,9,1,8,1,52,1,53,0" doraHai="16" doraHaiUra="38" who="1" fromWho="0" sc="440,-132,197,162,187,0,146,0" /><INIT seed="1,5,0,3,0,60" ten="308,359,187,146" oya="1" hai0="59,21,33,15,107,38,27,121,56,66,115,117,62" hai1="84,119,10,104,96,63,49,40,74,83,29,128,125" hai2="55,70,86,135,109,69,93,120,4,12,51,134,41" hai3="36,1,35,71,100,72,45,20,127,116,114,108,133"/><U124/><E119/><V88/><F120/><W130/><G100/><T79/><D117/><U11/><E74/><V47/><F109/><W106/><G45/><T42/><D115/><U24/><E128/><V31/><F31/><W67/><G67/><T43/><D121/><U65/><E49/><V23/><F4/><W99/><G99/><T6/><D107/><U90/><E40/><N who="0" m="15401" /><D33/><N who="1" m="20647" /><E104/><V58/><F23/><W94/><G94/><T77/><D56/><N who="1" m="37095" /><E96/><V64/><F12/><W57/><G57/><T37/><D37/><U80/><E80/><V97/><F97/><W132/><G20/><T101/><D101/><U28/><E28/><V48/><F48/><W123/><AGARI ba="5,0" hai="1,35,36,71,72,106,108,114,116,123,127,130,132,133" machi="123" ten="0,32000,5" yakuman="47" doraHai="60" who="3" fromWho="3" sc="308,-85,359,-165,187,-85,146,335" /><INIT seed="2,0,0,2,5,35" ten="223,194,102,481" oya="2" hai0="36,8,117,18,108,80,86,32,21,65,16,12,87" hai1="95,99,24,91,73,74,64,105,44,39,133,84,92" hai2="40,97,124,76,7,43,118,11,52,53,78,54,26" hai3="110,23,135,51,104,48,6,71,67,101,107,61,37"/><V114/><F114/><W45/><G37/><T134/><D36/><U82/><E133/><V123/><F123/><W103/><G110/><T17/><D117/><U83/><E64/><V81/><F118/><W125/><G125/><T90/><D134/><U47/><E39/><V116/><F78/><W14/><G135/><T79/><D108/><U112/><E112/><V77/><F77/><W58/><G48/><T41/><D32/><U127/><E127/><V102/><F26/><W13/><G23/><T126/><D126/><U29/><E47/><V59/><F59/><W49/><G6/><N who="0" m="3095" /><D41/><U9/><E9/><V88/><F116/><W19/><G19/><T68/><D65/><U25/><E44/><V98/><F98/><W85/><G85/><T132/><D68/><U119/><E119/><V69/><F69/><W130/><G130/><T34/><D34/><U70/><E70/><V96/><F96/><W63/><G58/><T4/><D4/><U33/><E33/><V15/><F124/><W2/><G67/><T122/><D122/><U75/><E29/><V93/><REACH who="2" step="1"/><F102/><REACH who="2" step="2"/><W62/><G71/><T100/><D132/><U20/><E24/><V60/><F60/><W94/><G63/><T46/><D100/><N who="1" m="62623" /><E25/><V10/><F10/><W22/><G103/><T89/><D46/><U50/><E74/><AGARI ba="0,1" hai="7,11,15,40,43,52,53,54,74,76,81,88,93,97" machi="74" ten="40,7700,0" yaku="1,1,54,2,53,0" doraHai="35" doraHaiUra="42" who="2" fromWho="1" sc="223,0,194,-77,92,87,481,0" /><INIT seed="2,1,0,2,5,127" ten="223,117,179,481" oya="2" hai0="29,1,114,100,25,76,50,32,132,116,117,8,24" hai1="40,75,86,101,44,109,74,47,104,51,120,65,63" hai2="106,2,11,13,19,118,57,7,96,115,30,0,20" hai3="72,10,12,133,17,53,31,128,22,58,34,46,15"/><V38/><F38/><W45/><G72/><T82/><D114/><U5/><E120/><V35/><F118/><N who="0" m="45674" /><D132/><U124/><E109/><V98/><F106/><W102/><G133/><T52/><D100/><U112/><E124/><V49/><F0/><W135/><G102/><T125/><D125/><U87/><E112/><V103/><F103/><W69/><G135/><T123/><D123/><U36/><E104/><V73/><F73/><W105/><G105/><T4/><D29/><U84/><E101/><V67/><F115/><W92/><G69/><T88/><D32/><U99/><E99/><V77/><F77/><W134/><G134/><T126/><D126/><U89/><E89/><V108/><F108/><W54/><G34/><T39/><D39/><U61/><E5/><V79/><F79/><W81/><G31/><T43/><D43/><U131/><E131/><V62/><F49/><W66/><G128/><T48/><D48/><U93/><E93/><V78/><F78/><W68/><G92/><T18/><D18/><U85/><N who="1" m="22016" /><DORA hai="37" /><U28/><E28/><V64/><F64/><W70/><G81/><T56/><D88/><U122/><E122/><V42/><F42/><W59/><G68/><T14/><D1/><U83/><E83/><V23/><F23/><W60/><G70/><T94/><D94/><U21/><E21/><V16/><F19/><N who="3" m="8599" /><G66/><T55/><D55/><N who="1" m="30183" /><E65/><V130/><F130/><W27/><G27/><AGARI ba="1,0" hai="2,7,11,13,16,20,27,30,35,57,62,67,96,98" machi="27" ten="40,7700,0" yaku="24,2,54,1" doraHai="127,37" who="2" fromWho="3" sc="223,0,117,0,179,80,481,-80" /><INIT seed="2,2,0,0,4,124" ten="223,117,259,401" oya="2" hai0="12,67,1,76,97,87,20,134,104,90,44,39,57" hai1="132,38,24,93,103,84,80,125,123,108,72,47,42" hai2="75,40,9,131,23,15,78,128,126,4,107,119,62" hai3="17,33,18,10,50,95,99,102,73,54,86,34,69"/><V56/><F119/><W45/><G73/><T5/><D1/><U61/><E125/><V83/><F107/><W112/><G69/><T68/><D134/><U52/><E132/><V55/><F126/><W63/><G112/><T133/><D133/><U2/><E123/><V98/><F98/><W21/><G34/><T3/><D3/><U110/><E2/><V92/><F92/><W66/><G33/><T14/><D68/><U43/><E43/><V64/><F40/><W135/><G135/><T113/><D113/><U120/><E120/><V36/><F36/><W111/><G111/><T100/><D76/><U70/><E24/><V26/><REACH who="2" step="1"/><F64/><REACH who="2" step="2"/><W74/><G66/><T71/><D67/><U11/><E38/><V114/><F114/><W19/><G95/><T16/><D39/><U28/><E42/><V49/><F49/><W115/><G50/><T7/><D97/><U127/><E93/><V82/><F82/><W118/><G115/><T46/><D104/><U48/><E127/><V96/><F96/><W109/><G118/><T122/><D122/><U94/><E80/><V53/><F53/><W101/><G109/><T91/><D100/><U41/><E103/><V32/><F32/><W116/><G101/><T121/><D121/><U81/><E108/><V77/><F77/><W105/><G102/><T6/><D91/><U25/><E94/><V51/><F51/><W65/><G105/><T85/><D90/><U0/><E110/><V117/><F117/><W129/><G116/><T88/><D88/><U106/><E106/><V37/><F37/><W79/><G79/><RYUUKYOKU ba="2,1" sc="223,-10,117,-10,249,30,401,-10" hai2="4,9,15,23,26,55,56,62,75,78,83,128,131" /><INIT seed="2,3,1,4,5,24" ten="213,107,279,391" oya="2" hai0="23,92,41,16,119,22,43,115,107,102,18,120,72" hai1="20,44,132,130,53,135,10,65,103,127,77,104,27" hai2="19,9,85,111,108,125,99,55,81,54,33,42,78" hai3="28,58,116,37,47,70,98,49,45,82,21,39,96"/><V17/><F125/><W114/><G70/><T97/><D120/><U71/><E127/><V106/><F42/><W76/><G116/><T11/><D115/><U63/><E77/><V109/><F33/><W101/><G114/><T79/><D119/><U46/><E10/><V87/><F87/><W124/><G124/><T93/><D72/><U86/><E86/><V105/><F99/><W15/><G47/><T52/><D79/><U62/><E130/><V67/><F67/><W68/><G68/><T36/><D36/><U50/><E63/><V69/><F69/><W66/><G96/><N who="0" m="59655" /><D107/><N who="2" m="40970" /><F9/><W7/><G39/><T134/><D134/><N who="1" m="51243" /><E104/><V118/><F118/><W94/><G37/><T2/><D2/><U57/><E103/><V89/><F78/><W51/><G45/><T110/><D110/><N who="2" m="28162" /><V121/><DORA hai="128" /><F121/><W129/><G129/><T25/><D11/><U40/><E40/><V91/><F91/><W84/><G66/><T30/><D52/><AGARI ba="3,1" hai="17,19,52,54,55,81,85,89" m="28162,40970" machi="52" ten="50,9600,0" yaku="14,1,10,1,54,1" doraHai="24,128" who="2" fromWho="0" sc="213,-105,107,0,279,115,391,0" /><INIT seed="2,4,0,3,4,124" ten="108,107,394,391" oya="2" hai0="95,57,7,99,105,16,62,39,52,60,131,43,36" hai1="121,98,125,130,89,73,83,46,61,23,40,59,119" hai2="117,51,30,58,77,88,64,101,109,33,11,12,2" hai3="100,85,127,78,6,96,112,56,80,134,20,41,110"/><V4/><F117/><W81/><G112/><T108/><D105/><U68/><E119/><V29/><F101/><W115/><G115/><T114/><D114/><U118/><E125/><V76/><F76/><W18/><G127/><T48/><D7/><U42/><E118/><V0/><F77/><W26/><G110/><T122/><D108/><U70/><E121/><V123/><F123/><W32/><G134/><T133/><D133/><U25/><E73/><V65/><F109/><W31/><G6/><T82/><D122/><U97/><E97/><V37/><F37/><W120/><G120/><T87/><D131/><U106/><E106/><V69/><F69/><W10/><G10/><T8/><D43/><U63/><E63/><V132/><F33/><W3/><G3/><T19/><D39/><U34/><E34/><V71/><F71/><W15/><G41/><T47/><D36/><U107/><E107/><V113/><F2/><W55/><G81/><T1/><D1/><U14/><E14/><V74/><F74/><W28/><G32/><T135/><D135/><U84/><E98/><V44/><F0/><W9/><G100/><N who="0" m="60543" /><D8/><U104/><E104/><V45/><F132/><W111/><G96/><T50/><D62/><U129/><E70/><V53/><F113/><W54/><G111/><T93/><D93/><U86/><E86/><V103/><F103/><W75/><G75/><T91/><D47/><N who="2" m="17994" /><F65/><W17/><G56/><T126/><D126/><U72/><E68/><V66/><F66/><W79/><G79/><T92/><D82/><U49/><E72/><V35/><F35/><RYUUKYOKU ba="4,0" sc="108,15,107,-15,394,-15,391,15" hai0="16,19,48,50,52,57,60,87,91,92" hai3="9,15,17,18,20,26,28,31,54,55,78,80,85" /><INIT seed="3,5,0,0,2,124" ten="123,92,379,406" oya="3" hai0="22,92,103,38,75,108,119,44,63,25,115,36,6" hai1="15,72,51,19,106,21,104,122,89,65,34,70,14" hai2="102,37,86,80,33,99,131,81,56,20,16,133,41" hai3="64,123,2,18,48,28,42,23,98,5,79,26,94"/><W40/><G123/><T120/><D119/><U117/><E122/><V50/><F33/><W76/><G2/><T32/><D120/><U68/><E117/><V49/><F133/><W111/><G5/><T67/><D75/><U82/><E34/><V46/><F80/><W95/><G64/><T39/><D115/><U83/><E83/><V132/><F56/><W129/><G111/><T0/><D108/><U73/><E73/><V9/><F9/><W126/><G126/><T17/><D32/><U12/><E72/><V85/><F85/><W62/><G62/><T13/><D0/><U69/><E65/><V87/><F87/><W135/><G135/><T4/><D44/><U91/><E82/><V27/><F132/><W29/><G94/><T58/><REACH who="0" step="1"/><D25/><REACH who="0" step="2"/><U74/><E74/><V61/><F37/><W109/><G109/><T47/><D47/><U3/><E3/><V7/><F41/><W93/><G42/><T55/><D55/><U35/><E35/><V71/><F46/><W10/><G40/><T130/><D130/><U121/><E121/><V59/><F131/><W66/><G129/><T31/><D31/><U88/><REACH who="1" step="1"/><E51/><REACH who="1" step="2"/><V107/><F50/><W54/><G48/><T97/><AGARI ba="5,2" hai="4,6,13,17,22,36,38,39,58,63,67,92,97,103" machi="97" ten="40,2700,0" yaku="1,1,0,1,53,0" doraHai="124" doraHaiUra="84" who="0" fromWho="0" sc="113,62,82,-12,379,-12,406,-18" /><INIT seed="4,0,0,3,3,35" ten="175,70,367,388" oya="0" hai0="59,86,83,1,49,128,5,133,95,27,69,75,3" hai1="129,84,101,98,91,104,90,79,12,76,4,109,125" hai2="85,45,29,74,106,57,114,119,31,117,39,65,64" hai3="25,24,36,14,22,53,127,54,97,123,71,21,19"/><T30/><D69/><U51/><E51/><V50/><F106/><W0/><G71/><T33/><D128/><U63/><E63/><V130/><F74/><W8/><G36/><T18/><D133/><U132/><E12/><V80/><F39/><W10/><G123/><T89/><D5/><U102/><E4/><V110/><F110/><W9/><G97/><T122/><D122/><U11/><E11/><N who="3" m="4170" /><G54/><T46/><D59/><U40/><E40/><V78/><F130/><W118/><G53/><T26/><D26/><N who="3" m="10345" /><G118/><N who="2" m="45065" /><F57/><W103/><G103/><T93/><D18/><U100/><E129/><V67/><F114/><W88/><G88/><N who="1" m="33834" /><E125/><V28/><F67/><W48/><G48/><T120/><D120/><U37/><E132/><V42/><AGARI ba="0,0" hai="28,29,31,42,45,50,64,65,78,80,85" m="45065" machi="42" ten="30,1100,0" yaku="12,1" doraHai="35" who="2" fromWho="2" sc="175,-5,70,-3,367,11,388,-3" /><INIT seed="5,0,0,5,2,47" ten="170,67,378,385" oya="1" hai0="50,41,131,112,101,122,52,31,117,43,61,38,100" hai1="99,81,134,49,91,13,75,86,6,7,60,70,84" hai2="97,30,45,102,83,4,130,22,67,120,113,46,40" hai3="127,37,74,114,35,88,56,111,110,93,124,106,29"/><U89/><E134/><V77/><F120/><W51/><G37/><T53/><D117/><U135/><E135/><V25/><F4/><W132/><G106/><T5/><D122/><U73/><E99/><V9/><F9/><W21/><G74/><T96/><D131/><U133/><E133/><V79/><F130/><W63/><G132/><T58/><D112/><U57/><E70/><V12/><F12/><W1/><G1/><T128/><D128/><U36/><E36/><V115/><F67/><W85/><G35/><T33/><D5/><U20/><E75/><V69/><F69/><W108/><G114/><N who="2" m="43529" /><F83/><W126/><G29/><T42/><D38/><U59/><E73/><V98/><F98/><W55/><G21/><T0/><D0/><U129/><E129/><V19/><F19/><W90/><G90/><T104/><D101/><U92/><E60/><AGARI ba="0,0" hai="51,55,56,60,63,85,88,93,108,110,111,124,126,127" machi="60" ten="50,6400,0" yaku="18,1,52,1,54,1" doraHai="47" who="3" fromWho="1" sc="170,0,67,-64,378,0,385,64" /><INIT seed="6,0,0,5,4,1" ten="170,3,378,449" oya="2" hai0="10,73,49,30,70,54,53,3,103,16,22,100,31" hai1="46,13,92,93,55,68,40,95,43,38,109,76,47" hai2="9,0,128,37,119,12,59,21,48,108,7,67,33" hai3="106,114,35,83,101,112,34,61,134,72,24,79,81"/><V39/><F119/><W29/><G134/><T5/><D70/><U69/><E109/><V104/><F104/><W18/><G81/><T91/><D73/><U23/><E76/><V71/><F108/><W127/><G18/><T4/><D91/><U117/><E117/><V124/><F33/><N who="3" m="20647" /><G61/><T135/><D135/><U116/><E116/><V131/><F124/><W14/><G14/><N who="0" m="9495" /><D10/><U17/><E55/><N who="0" m="21001" /><D49/><U96/><E96/><V102/><F102/><N who="0" m="38954" /><D3/><U44/><E44/><V56/><F48/><W65/><G65/><T19/><D19/><U99/><E99/><V42/><F71/><W75/><G127/><T27/><D27/><U90/><E90/><V98/><F98/><N who="3" m="61751" /><G72/><T66/><D66/><U125/><E125/><V110/><F110/><W97/><G97/><T57/><D57/><N who="2" m="22090" /><F67/><W86/><G86/><T77/><D77/><U113/><E113/><AGARI ba="0,0" hai="34,35,75,79,83,112,113,114" m="61751,20647" machi="113" ten="30,3900,0" yaku="15,1,11,1,23,1" doraHai="1" who="3" fromWho="1" sc="170,0,3,-39,378,0,449,39" owari="170,-23,-36,-54,378,18,488,59" /></mjloggm>