<mjloggm ver="2.3"><GO type="169" lobby="0"/><UN n0="%E3%83%95%E3%83%AA%E3%83%86%E3%83%B3" n1="%EF%BC%88%E2%89%A7%E2%96%BD%E2%89%A6%EF%BC%89" n2="%E5%9D%82%E6%9C%AC%E7%9C%9F%E7%B6%BE" n3="%E5%9F%BA%E7%A4%8E%E8%AB%96" dan="16,17,16,16" rate="2082.77,2134.65,2066.31,2146.11" sx="M,M,F,M"/><TAIKYOKU oya="0"/><INIT seed="0,0,0,2,2,79" ten="250,250,250,250" oya="0" hai0="73,116,42,77,76,28,125,14,23,26,27,43,126" hai1="81,120,16,113,56,100,112,40,4,24,34,84,103" hai2="89,131,72,47,111,80,123,45,31,91,61,95,107" hai3="29,119,97,66,64,52,78,117,10,88,19,130,135"/><T122/><D116/><U55/><E120/><V94/><F123/><W15/><G130/><T22/><D122/><U65/><E4/><V25/><F107/><W74/><G135/><T92/><D14/><U11/><E40/><N who="0" m="15401" /><D73/><U57/><E65/><V102/><F131/><W41/><G29/><N who="0" m="17623" /><D92/><U63/><E34/><V17/><F111/><W9/><G41/><T70/><D70/><U90/><E57/><V108/><F108/><W75/><G9/><T6/><D6/><U132/><E132/><V96/><F17/><W58/><G75/><T101/><D101/><U128/><E128/><V104/><F61/><W121/><G121/><T86/><D86/><U32/><E32/><V109/><F109/><W37/><G37/><T93/><D93/><U62/><E62/><V30/><F30/><W99/><G117/><T35/><D35/><U36/><E36/><V39/><F39/><W1/><G1/><T21/><D23/><N who="1" m="13415" /><E11/><V51/><F104/><W0/><G0/><T48/><D48/><U44/><E113/><V46/><F51/><W53/><G119/><T33/><D33/><U5/><E112/><V87/><F72/><W82/><G74/><T50/><D50/><N who="1" m="29127" /><E5/><V13/><F13/><W3/><G3/><T85/><D85/><U133/><E133/><V134/><F134/><W59/><G15/><T106/><D106/><U18/><E18/><V118/><F118/><W69/><G69/><T83/><D83/><U54/><AGARI ba="0,0" hai="54,56,63,81,84,90,100,103" m="29127,13415" machi="54" ten="30,4000,0" yaku="8,1,52,1,54,1" doraHai="79" who="1" fromWho="1" sc="250,-20,250,40,250,-10,250,-10" /><INIT seed="1,0,0,0,2,7" ten="230,290,240,240" oya="1" hai0="61,1,26,55,0,39,102,29,17,98,15,124,104" hai1="134,35,67,58,10,70,33,18,21,84,12,50,103" hai2="111,126,73,112,54,19,88,72,127,57,32,11,28" hai3="62,81,86,41,132,47,48,76,116,13,95,3,120"/><U60/><E134/><V123/><F123/><W130/><G120/><T25/><D39/><U113/><E113/><V108/><F112/><W80/><G3/><T94/><D124/><N who="2" m="47658" /><F32/><W90/><G132/><T117/><D117/><U6/><E103/><V38/><F28/><W66/><G116/><T5/><D5/><U36/><E36/><V92/><F38/><W69/><G130/><T96/><D61/><U99/><E99/><N who="2" m="57735" /><F57/><W71/><G13/><T37/><D37/><U115/><E115/><V27/><F54/><W77/><G71/><T44/><D44/><U125/><E125/><V45/><F45/><W119/><G119/><T109/><D109/><N who="2" m="42058" /><F27/><W68/><G68/><T74/><D55/><U135/><E135/><V49/><F49/><W114/><G114/><T52/><D52/><U56/><E50/><V78/><F78/><W34/><G34/><N who="0" m="20783" /><D26/><U2/><E35/><V110/><F110/><W43/><G43/><T9/><D1/><U133/><E133/><V64/><F64/><W91/><G77/><T23/><D0/><U128/><E33/><V87/><F87/><W20/><G76/><T106/><D23/><U101/><E84/><V42/><F42/><W105/><G86/><T82/><D98/><U79/><E79/><V118/><F118/><W129/><G69/><T30/><D30/><U51/><E70/><V131/><F131/><W8/><G66/><T16/><D17/><U31/><E128/><V107/><F107/><W14/><G41/><T122/><D122/><U85/><E31/><V40/><F40/><W97/><G129/><T46/><D46/><RYUUKYOKU ba="0,0" sc="230,15,290,-15,240,15,240,-15" hai0="9,15,16,74,82,94,96,102,104,106" hai2="11,19,72,73" /><INIT seed="2,1,0,5,5,107" ten="245,275,255,225" oya="2" hai0="68,108,95,43,120,29,79,110,22,90,113,33,85" hai1="78,81,83,133,72,119,11,48,61,56,117,124,25" hai2="12,86,116,58,52,131,26,75,115,24,2,128,109" hai3="80,18,87,77,60,44,10,32,98,39,59,42,106"/><V1/><F116/><W50/><G32/><T94/><D113/><U5/><E124/><V55/><F115/><W62/><G39/><T65/><D120/><U64/><E133/><V99/><F99/><W7/><G18/><T35/><D43/><U47/><E25/><V114/><F114/><W82/><G82/><T73/><D95/><U45/><E83/><V36/><F36/><W31/><G31/><T93/><D93/><U105/><E45/><V103/><F12/><W121/><G121/><T49/><D49/><U15/><REACH who="1" step="1"/><E105/><REACH who="1" ten="245,265,255,225" step="2"/><V89/><F26/><W125/><G125/><T23/><D29/><U126/><E126/><V19/><F24/><W112/><G112/><T111/><D33/><U28/><E28/><V96/><F131/><W69/><G106/><T13/><D35/><U104/><E104/><V51/><F128/><W134/><G134/><T135/><D135/><U67/><E67/><V123/><F123/><W53/><G69/><T38/><D65/><U66/><E66/><V130/><F130/><W46/><G46/><T41/><D68/><U71/><E71/><V9/><F2/><W122/><G122/><T92/><D13/><U132/><E132/><V30/><F1/><W20/><G44/><N who="0" m="23607" /><D94/><U0/><E0/><V3/><F30/><W97/><G42/><AGARI ba="1,1" hai="5,11,15,42,47,48,56,61,64,72,78,81,117,119" machi="42" ten="30,7700,0" yaku="1,1,7,1,52,1,53,1" doraHai="107" doraHaiUra="40" who="1" fromWho="3" sc="245,0,265,90,255,0,225,-80" /><INIT seed="3,0,0,1,1,119" ten="245,355,255,145" oya="3" hai0="79,42,102,118,30,29,37,77,114,123,76,55,45" hai1="103,121,74,8,64,56,133,104,100,135,52,111,120" hai2="39,41,78,125,12,26,47,9,82,126,24,28,62" hai3="127,84,109,98,97,113,130,129,90,60,70,38,101"/><W51/><G38/><T73/><D118/><U94/><E111/><V57/><F28/><W96/><G113/><T59/><D73/><U108/><E108/><V36/><F36/><W131/><G109/><T17/><D114/><U87/><E74/><V3/><F3/><W83/><G51/><T134/><D134/><N who="1" m="51211" /><E64/><V20/><F20/><W14/><G14/><T54/><D102/><N who="1" m="38955" /><E104/><V72/><F126/><W122/><G127/><T31/><D17/><U110/><E110/><V11/><F11/><W85/><G85/><T53/><REACH who="0" step="1"/><D123/><REACH who="0" ten="235,355,255,145" step="2"/><U80/><E8/><V115/><F125/><W21/><G122/><T4/><D4/><U43/><E43/><V22/><F115/><W23/><REACH who="3" step="1"/><G101/><REACH who="3" ten="235,355,255,135" step="2"/><T124/><D124/><U117/><E117/><V19/><F9/><W18/><G18/><T106/><D106/><U68/><E121/><V67/><AGARI ba="0,2" hai="12,19,22,24,26,39,41,47,57,62,67,72,78,82" machi="67" ten="20,1500,0" yaku="0,1,7,1" doraHai="119" who="2" fromWho="2" sc="235,-4,355,-4,255,35,135,-7" /><INIT seed="4,0,0,3,3,60" ten="231,351,290,128" oya="0" hai0="71,87,100,82,104,65,79,80,106,29,85,83,35" hai1="25,92,131,132,103,50,121,123,34,38,75,115,113" hai2="0,63,47,33,51,99,120,31,64,122,44,24,110" hai3="49,58,61,30,93,107,9,11,20,55,36,7,3"/><T59/><D59/><U130/><E38/><V112/><F112/><N who="1" m="43081" /><E132/><V127/><F0/><W90/><G36/><T73/><D83/><U89/><E75/><V18/><F127/><W54/><G107/><T1/><D1/><U97/><E50/><V53/><F110/><W96/><G11/><T22/><D22/><U67/><E67/><V28/><F28/><W12/><G3/><T84/><D82/><U5/><E5/><V68/><F18/><W21/><REACH who="3" step="1"/><G30/><REACH who="3" ten="231,351,290,118" step="2"/><T56/><D106/><U134/><E134/><V23/><F120/><W14/><G14/><T26/><D104/><N who="1" m="63599" /><E121/><V114/><F122/><W102/><G102/><T88/><D100/><U27/><E123/><V62/><F114/><W81/><G81/><T48/><D71/><U98/><E34/><V2/><F2/><W76/><G76/><T94/><REACH who="0" step="1"/><D48/><REACH who="0" ten="221,351,290,118" step="2"/><U77/><E77/><V78/><F78/><W45/><AGARI ba="0,2" hai="7,9,12,20,21,45,49,54,55,58,61,90,93,96" machi="45" ten="20,8000,1" yaku="1,1,0,1,7,1,8,1,53,1" doraHai="60" doraHaiUra="41" who="3" fromWho="3" sc="221,-40,351,-20,290,-20,118,100" /><INIT seed="5,0,0,4,5,82" ten="181,331,270,218" oya="1" hai0="109,25,44,62,96,122,95,5,126,56,69,17,63" hai1="45,0,100,85,70,67,132,68,2,106,34,61,81" hai2="18,77,112,125,13,28,40,134,65,83,72,119,101" hai3="87,26,50,48,37,58,19,78,7,91,133,11,30"/><U9/><E34/><V31/><F119/><W20/><G37/><T120/><D109/><U98/><E132/><V60/><F134/><W89/><G133/><T123/><D126/><U113/><E113/><V24/><F125/><W115/><G115/><T75/><D75/><U128/><E128/><V135/><F135/><W4/><G78/><T71/><D5/><U54/><E70/><V111/><F111/><W29/><G91/><N who="0" m="55423" /><D44/><U3/><E9/><V27/><F40/><W8/><G8/><T66/><D63/><U102/><E102/><V94/><F112/><W130/><G130/><T43/><D43/><U1/><E1/><V57/><F28/><W36/><G36/><T88/><D88/><U21/><E21/><AGARI ba="0,0" hai="17,21,25,56,62,66,69,71,120,122,123" m="55423" machi="21" ten="30,1000,0" yaku="13,1" doraHai="82" who="0" fromWho="1" sc="181,10,331,-10,270,0,218,0" /><INIT seed="6,0,0,1,1,121" ten="191,321,270,218" oya="2" hai0="4,130,48,75,65,21,118,128,99,61,11,86,112" hai1="2,26,55,113,89,60,102,80,73,77,49,24,18" hai2="119,70,92,56,23,50,46,105,84,58,59,15,76" hai3="35,103,42,34,54,96,38,40,36,131,120,8,0"/><V133/><F105/><W85/><G120/><T33/><D75/><U111/><E2/><V16/><F119/><W29/><G85/><T13/><D33/><U62/><E111/><V28/><F70/><W19/><G54/><T27/><D118/><U20/><E102/><V47/><F133/><W3/><G19/><T82/><D112/><U51/><E113/><V124/><F124/><W126/><G126/><T25/><D99/><U87/><E26/><N who="2" m="16479" /><F50/><W17/><G17/><T83/><D48/><U31/><E51/><V116/><F116/><W63/><G63/><T123/><D123/><U78/><E31/><V74/><F74/><W122/><G29/><T30/><D27/><U115/><E115/><V68/><F68/><W114/><G114/><T7/><D7/><U14/><E14/><V41/><F41/><W90/><G122/><T104/><D104/><U64/><E64/><V93/><F76/><N who="1" m="29289" /><E73/><V1/><F1/><W53/><G0/><T134/><D134/><U22/><E20/><N who="2" m="11295" /><F84/><W94/><G3/><T12/><D12/><U135/><E135/><V106/><F106/><W39/><G38/><T66/><D86/><U97/><E97/><V107/><F107/><W79/><G39/><T5/><D5/><U127/><E127/><V81/><F81/><W57/><G36/><T6/><D6/><U52/><E55/><V44/><AGARI ba="0,0" hai="44,46,47,56,58,59,92,93" m="11295,16479" machi="44" ten="30,3000,0" yaku="8,1,54,1" doraHai="121" who="2" fromWho="2" sc="191,-10,321,-10,270,30,218,-10" /><INIT seed="6,1,0,5,4,47" ten="181,311,300,208" oya="2" hai0="50,90,104,65,25,26,34,58,56,87,124,19,48" hai1="96,79,121,39,28,94,63,110,37,102,8,84,22" hai2="85,51,123,92,97,1,35,105,57,122,4,41,127" hai3="77,67,59,15,129,109,44,101,14,112,88,98,134"/><V71/><F71/><W133/><G109/><T75/><D75/><U69/><E110/><V74/><F74/><W18/><G77/><T83/><D104/><U17/><E121/><V114/><F35/><W118/><G118/><T119/><D34/><U42/><E42/><V7/><F105/><W132/><G129/><T125/><D119/><U72/><E72/><V46/><F127/><N who="0" m="48714" /><D65/><U113/><E37/><V2/><F114/><W11/><G112/><T55/><D19/><U62/><E39/><V66/><F85/><W23/><G44/><T16/><D16/><U27/><E69/><V49/><F66/><W24/><G11/><T68/><D68/><U45/><E45/><V78/><F78/><W6/><G6/><T29/><D29/><U33/><E113/><V120/><F4/><W103/><G67/><T60/><D56/><U89/><E79/><V81/><F7/><W95/><G59/><T38/><D38/><U10/><E10/><V3/><F81/><W73/><G73/><T9/><D9/><U116/><E116/><V135/><F135/><W32/><G32/><T5/><D5/><U30/><E8/><V13/><F13/><AGARI ba="1,0" hai="13,14,15,18,23,24,88,95,98,101,103,132,133,134" machi="13" ten="40,2600,0" yaku="20,1,54,1" doraHai="47" who="3" fromWho="2" sc="181,0,311,0,300,-29,208,29" /><INIT seed="7,0,0,3,1,65" ten="181,311,271,237" oya="3" hai0="97,44,29,32,16,33,57,93,11,9,132,122,135" hai1="83,18,34,54,121,117,81,77,120,12,94,80,20" hai2="84,49,131,4,79,110,71,19,24,111,59,64,40" hai3="3,5,99,50,96,118,48,87,37,28,43,70,126"/><W95/><G118/><T39/><D57/><U102/><E34/><N who="0" m="13417" /><D93/><U0/><E117/><V53/><F4/><W115/><G37/><T76/><D97/><N who="1" m="59703" /><E0/><V26/><F131/><W63/><G50/><T106/><D76/><U67/><E67/><V30/><F40/><W60/><G96/><T23/><D106/><U88/><E121/><V74/><F74/><W22/><G87/><T69/><D39/><U45/><E77/><V25/><F30/><W105/><G63/><T36/><D36/><U127/><E127/><V73/><F73/><W91/><G126/><T75/><D75/><U7/><E7/><V21/><F84/><W129/><G105/><T82/><D82/><U124/><E124/><V47/><F79/><W104/><G104/><T119/><D135/><U101/><E101/><V109/><REACH who="2" step="1"/><F47/><REACH who="2" ten="181,311,261,237" step="2"/><W130/><G129/><T114/><D44/><U123/><E123/><V108/><N who="2" m="28160" /><DORA hai="13" /><V92/><F92/><W2/><G95/><T38/><D38/><U6/><E120/><V125/><F125/><W62/><G130/><T100/><D122/><U15/><E45/><V52/><F52/><W27/><G43/><T41/><D41/><U46/><E54/><V31/><F31/><W89/><G2/><T14/><D132/><U55/><E55/><V98/><F98/><W78/><G3/><T128/><D128/><U42/><E46/><V56/><F56/><W107/><G99/><T90/><D119/><U72/><E72/><V17/><F17/><W58/><G78/><T68/><D114/><U61/><E42/><V85/><F85/><W103/><G115/><RYUUKYOKU ba="0,1" sc="181,-10,311,-10,261,30,237,-10" hai2="19,21,24,25,26,49,53,59,64,71" owari="171,-33.0,311,41.0,291,9.0,227,-17.0" /></mjloggm>