<mjloggm ver="2.3"><GO type="193"/><UN n0="%E6%98%9F%E9%87%8E%E7%91%A0%E7%92%83" n1="%EF%BC%88%E2%89%A7%E2%96%BD%E2%89%A6%EF%BC%89" n2="%E6%A1%9C%E7%AB%9C%E2%80%A0%E3%81%8F%E3%82%93%E5%A4%AA%E5%90%9B" n3="%62%6F%62%6F%6B%75%6E" dan="12,15,10,13" rate="1766,1981,1732,1731" sx="F,M,M,M"/><TAIKYOKU oya="0"/><INIT seed="0,0,0,4,1,89" ten="250,250,250,250" oya="0" hai0="18,44,85,120,76,94,129,25,110,86,12,107,55" hai1="21,82,38,53,133,34,33,90,50,31,39,101,121" hai2="73,83,1,123,106,135,32,109,95,131,80,117,113" hai3="100,56,22,11,69,63,6,74,87,10,36,52,112"/><T40/><D107/><U77/><E121/><V2/><F95/><W99/><G74/><T104/><D104/><U49/><E133/><V119/><F83/><W62/><G36/><T134/><D134/><U91/><E101/><V9/><F80/><W17/><G87/><T68/><D68/><U71/><E71/><V8/><F9/><W122/><G122/><T126/><D120/><U7/><E7/><V88/><F88/><W118/><G118/><T13/><D110/><U103/><E82/><V116/><F8/><W14/><G69/><T102/><D55/><U37/><E77/><V4/><F4/><W67/><G112/><T81/><D25/><U29/><E38/><V51/><F51/><W128/><G128/><T108/><D108/><U0/><E103/><V28/><F28/><W26/><G11/><T15/><D126/><U19/><E19/><V66/><F66/><W27/><G27/><T65/><D65/><U70/><E70/><V60/><F60/><W115/><G115/><T96/><D85/><U98/><E98/><V23/><F23/><W35/><G35/><T24/><D24/><U46/><E53/><V57/><F113/><W93/><G67/><T84/><D84/><U47/><REACH who="1" step="1"/><E21/><REACH who="1" ten="250,240,250,250" step="2"/><V45/><F123/><W5/><REACH who="3" step="1"/><G5/><REACH who="3" ten="250,240,250,240" step="2"/><T3/><D129/><U43/><E43/><V97/><F116/><W61/><AGARI ba="0,2" hai="6,10,14,17,22,26,52,56,61,62,63,93,99,100" machi="61" ten="20,12000,2" yaku="1,1,2,1,0,1,7,1,8,1,52,1,54,1,53,0" doraHai="89" doraHaiUra="125" who="3" fromWho="3" sc="250,-60,240,-30,250,-30,240,140" /><INIT seed="1,0,0,1,3,15" ten="190,210,220,380" oya="1" hai0="94,128,36,111,101,30,10,48,7,57,93,71,25" hai1="73,85,66,32,69,115,80,117,41,53,92,58,88" hai2="24,40,74,68,22,108,89,33,82,135,76,113,42" hai3="31,86,23,109,37,63,129,61,8,18,124,29,34"/><U121/><E117/><V91/><F113/><W102/><G37/><T17/><D71/><U98/><E121/><V12/><F68/><W1/><G34/><T114/><D36/><U13/><E115/><V127/><F127/><W51/><G124/><T21/><D114/><U87/><E32/><V67/><F135/><W19/><G129/><T59/><D128/><U20/><E41/><V6/><F108/><W5/><G109/><T0/><D111/><U81/><E69/><V90/><F67/><W99/><G51/><T78/><D78/><U107/><E66/><V11/><REACH who="2" step="1"/><F33/><REACH who="2" ten="190,210,210,380" step="2"/><W118/><G118/><T100/><D101/><U9/><E73/><V39/><F39/><W112/><G102/><T50/><D100/><U95/><E107/><V96/><F96/><W116/><G99/><T16/><D48/><U27/><E98/><V45/><F45/><W49/><G49/><T62/><D50/><U55/><E58/><V130/><F130/><W134/><G134/><T64/><D57/><U4/><E55/><V44/><F44/><W35/><G35/><T120/><D120/><U77/><REACH who="1" step="1"/><E53/><REACH who="1" ten="190,200,210,380" step="2"/><V125/><F125/><W14/><G112/><T105/><REACH who="0" step="1"/><D105/><REACH who="0" ten="180,200,210,380" step="2"/><U123/><E123/><V65/><F65/><W26/><G116/><T38/><D38/><U54/><E54/><V52/><F52/><W104/><G104/><T119/><D119/><U79/><E79/><V2/><F2/><W75/><G1/><T110/><D110/><U103/><E103/><V72/><F72/><W28/><G75/><T133/><D133/><U83/><E83/><V106/><F106/><RYUUKYOKU ba="0,3" sc="180,10,200,10,210,10,380,-30" hai0="0,7,10,16,17,21,25,30,59,62,64,93,94" hai1="4,9,13,20,27,77,80,81,85,87,88,92,95" hai2="6,11,12,22,24,40,42,74,76,82,89,90,91" /><INIT seed="1,1,3,5,3,103" ten="190,210,220,350" oya="1" hai0="124,20,19,53,9,22,17,86,92,0,13,87,72" hai1="15,18,1,68,74,122,70,27,91,34,26,75,66" hai2="127,81,44,83,69,48,128,77,30,82,3,23,33" hai3="119,98,55,61,76,65,32,117,125,58,49,114,95"/><U7/><E122/><V14/><F3/><W108/><G32/><T79/><D124/><U93/><E34/><V42/><F69/><W2/><G2/><T8/><D0/><U21/><E74/><V105/><F105/><W84/><G114/><T120/><D120/><U126/><E75/><V113/><F113/><W28/><G28/><T57/><D72/><U116/><E116/><V38/><F127/><W115/><G115/><T45/><D45/><U11/><E126/><V46/><F128/><W16/><G125/><T134/><D134/><U88/><E91/><V51/><F38/><W89/><G108/><T63/><D79/><U90/><E90/><V94/><F94/><W132/><G132/><T12/><D92/><U25/><REACH who="1" step="1"/><E66/><REACH who="1" ten="190,200,220,350" step="2"/><V80/><F33/><W24/><G119/><T99/><D99/><AGARI ba="1,4" hai="1,7,11,15,18,21,25,26,27,68,70,88,93,99" machi="99" ten="40,7700,0" yaku="1,1,2,1,54,1,53,0" doraHai="103" doraHaiUra="73" who="1" fromWho="0" sc="190,-80,200,120,220,0,350,0" /><INIT seed="1,2,0,4,0,123" ten="110,320,220,350" oya="1" hai0="85,46,86,22,83,125,76,101,43,35,7,60,102" hai1="2,18,129,132,54,30,121,122,78,57,16,40,53" hai2="6,11,33,39,134,117,41,61,87,21,130,81,99" hai3="15,114,17,47,26,71,113,45,36,0,105,79,91"/><U64/><E2/><V63/><F117/><W72/><G0/><T93/><D35/><U94/><E132/><V103/><F33/><W128/><G71/><T100/><D125/><U131/><E78/><V104/><F134/><W77/><G105/><T24/><D7/><U89/><E30/><V120/><F120/><N who="1" m="46185" /><E40/><V107/><F130/><N who="1" m="49673" /><E64/><V51/><F51/><W10/><G128/><T106/><D106/><U124/><E124/><V48/><F21/><W70/><G70/><T8/><D8/><U96/><E54/><V98/><F98/><W55/><G113/><T90/><D60/><AGARI ba="2,0" hai="16,18,53,57,60,89,94,96" m="49673,46185" machi="60" ten="30,2900,0" yaku="19,1,54,1" doraHai="123" who="1" fromWho="0" sc="110,-35,320,35,220,0,350,0" /><INIT seed="1,3,0,2,5,56" ten="75,355,220,350" oya="1" hai0="80,132,103,107,89,84,96,57,58,41,14,60,39" hai1="110,112,83,121,36,18,118,32,0,45,81,126,35" hai2="105,63,76,22,66,6,75,27,65,55,11,61,52" hai3="101,31,70,117,50,116,8,37,51,123,73,109,9"/><U1/><E121/><V59/><F105/><W114/><G37/><T19/><D132/><U79/><E118/><V54/><F76/><W25/><G73/><T13/><D57/><U91/><E112/><V128/><F128/><W111/><G123/><T82/><D39/><U28/><E126/><V93/><F75/><W24/><G114/><T119/><D119/><U38/><E110/><V95/><F6/><W53/><G101/><T120/><D120/><U94/><E18/><N who="2" m="12759" /><F11/><W129/><G70/><T131/><D131/><U99/><E28/><V48/><F48/><W134/><G129/><T125/><D125/><U130/><E130/><V72/><F72/><W26/><G26/><T40/><D80/><U4/><E79/><V108/><F108/><W5/><G5/><T2/><D2/><U15/><E4/><V90/><F95/><W77/><G77/><T85/><D84/><U98/><E94/><V113/><F113/><W44/><G31/><T33/><D33/><U30/><E30/><V71/><F71/><W135/><G44/><T127/><D127/><U87/><E45/><V20/><F20/><W23/><G23/><T10/><REACH who="0" step="1"/><D13/><REACH who="0" ten="65,355,220,350" step="2"/><U97/><E15/><V122/><F122/><W68/><G68/><T43/><D43/><U124/><E124/><V78/><F78/><W86/><G86/><T12/><D12/><U34/><E83/><V115/><F115/><W104/><G117/><T92/><D92/><U49/><E38/><V133/><F133/><W62/><G116/><T100/><D100/><U42/><E36/><V47/><F59/><W67/><G135/><RYUUKYOKU ba="3,1" sc="65,15,355,15,220,-15,350,-15" hai0="10,14,19,40,41,58,60,82,85,89,96,103,107" hai1="0,1,32,34,35,42,49,81,87,91,97,98,99" /><INIT seed="1,4,1,4,3,111" ten="80,370,205,335" oya="1" hai0="121,41,74,99,97,115,70,35,85,120,81,96,8" hai1="76,101,89,67,62,68,27,106,124,49,125,38,69" hai2="95,15,103,104,56,82,19,50,94,52,3,134,122" hai3="116,2,58,71,30,107,25,12,4,114,28,17,37"/><U46/><E38/><V60/><F3/><W92/><G107/><T64/><D74/><U88/><E69/><V119/><F134/><W98/><G71/><T93/><D35/><U53/><E76/><V72/><F122/><N who="0" m="47210" /><D41/><U26/><E106/><V57/><F119/><W40/><G2/><T43/><D43/><U6/><E101/><V83/><F72/><W86/><G4/><T102/><D8/><U7/><E7/><V126/><F126/><N who="1" m="48745" /><E6/><V110/><F110/><W33/><G116/><T23/><D23/><U47/><E46/><V54/><F104/><W78/><G30/><T77/><D64/><U129/><E129/><V55/><F55/><W11/><G114/><T51/><D51/><U91/><AGARI ba="4,1" hai="26,27,47,49,53,62,67,68,88,89,91" m="48745" machi="91" ten="30,3000,0" yaku="18,1,54,1" doraHai="111" who="1" fromWho="1" sc="80,-14,370,52,205,-14,335,-14" /><INIT seed="1,5,0,1,0,39" ten="66,422,191,321" oya="1" hai0="48,3,54,108,53,6,84,13,11,71,35,72,97" hai1="34,120,51,121,27,103,26,25,88,82,21,33,44" hai2="67,107,131,59,58,105,46,42,41,130,15,75,0" hai3="14,93,101,45,100,18,36,113,4,117,96,73,50"/><U134/><E103/><V66/><F0/><W65/><G73/><T32/><D72/><U95/><E82/><V29/><F29/><W49/><G36/><T92/><D108/><U68/><E68/><V126/><F15/><W43/><G113/><T5/><D71/><U12/><E134/><V61/><F75/><W60/><G4/><T83/><D5/><U28/><E12/><V109/><F109/><W16/><G50/><T112/><D112/><U90/><E33/><V76/><F76/><W19/><G117/><T62/><D62/><U119/><E119/><V17/><F17/><W7/><G7/><T47/><D3/><U98/><E90/><V2/><F2/><W79/><G79/><T70/><D70/><U86/><E98/><V40/><F126/><W102/><G14/><T69/><D69/><U123/><REACH who="1" step="1"/><E34/><REACH who="1" ten="66,412,191,321" step="2"/><V9/><F9/><W111/><G111/><T64/><D32/><U91/><E91/><V87/><F87/><W38/><G102/><T81/><D35/><U116/><E116/><V127/><F127/><W115/><G101/><T55/><D81/><U114/><E114/><V135/><F135/><W30/><G115/><T104/><D83/><U132/><E132/><V37/><F107/><W31/><G31/><T89/><D97/><U118/><E118/><V63/><F105/><W133/><G30/><T52/><D104/><U22/><E22/><V124/><F124/><W122/><G133/><T10/><D10/><U85/><E85/><V20/><F20/><W99/><G99/><T125/><D125/><U56/><E56/><V94/><F94/><RYUUKYOKU ba="5,1" sc="66,10,412,10,191,10,321,-30" hai0="6,11,13,47,48,52,53,54,55,64,84,89,92" hai1="21,25,26,27,28,44,51,86,88,95,120,121,123" hai2="37,40,41,42,46,58,59,61,63,66,67,130,131" /><INIT seed="1,6,1,2,5,23" ten="76,422,201,291" oya="1" hai0="80,130,87,93,129,120,115,109,71,91,30,75,44" hai1="66,29,97,65,116,5,78,15,99,4,18,54,128" hai2="92,43,86,63,81,72,28,42,27,19,1,11,77" hai3="45,46,17,127,106,122,47,90,108,33,110,121,83"/><U117/><E128/><V41/><F63/><W69/><G69/><T36/><D71/><U132/><E132/><V10/><F1/><W73/><G106/><T32/><D36/><U31/><E78/><V34/><F19/><W104/><G104/><T9/><D9/><U96/><E54/><V49/><REACH who="2" step="1"/><F49/><REACH who="2" ten="76,422,191,291" step="2"/><W7/><G17/><T35/><D120/><U3/><E3/><V8/><F8/><W119/><G119/><T38/><D38/><U70/><E117/><V112/><F112/><W20/><G127/><T100/><D115/><U39/><E116/><V13/><F13/><W135/><G135/><T74/><D129/><U6/><E39/><V48/><F48/><W82/><G7/><T62/><D130/><U89/><E70/><V126/><F126/><W25/><G122/><T114/><D62/><U59/><E4/><V88/><AGARI ba="6,2" hai="10,11,27,28,34,41,42,43,72,77,81,86,88,92" machi="88" ten="30,7900,0" yaku="1,1,0,1,52,1,54,1,53,0" doraHai="23" doraHaiUra="118" who="2" fromWho="2" sc="76,-26,422,-45,191,117,291,-26" /><INIT seed="2,0,0,4,4,62" ten="50,377,308,265" oya="2" hai0="106,42,84,97,129,134,66,104,44,41,70,112,96" hai1="74,1,100,108,25,118,63,88,86,2,120,128,30" hai2="23,56,69,109,9,67,53,14,47,125,113,116,31" hai3="6,46,92,103,45,51,19,73,71,29,89,7,4"/><V102/><F116/><W83/><G71/><T107/><D112/><U90/><E118/><V43/><F113/><W65/><G29/><T133/><D129/><U82/><E128/><V101/><F109/><W110/><G65/><T20/><D20/><U98/><E108/><V61/><F125/><W60/><G60/><T13/><D13/><U10/><E120/><V37/><F31/><W75/><G110/><T12/><D12/><U55/><E74/><V111/><F23/><W115/><G115/><T5/><D5/><U16/><E90/><V122/><F122/><W0/><G0/><T81/><D96/><U77/><E77/><V24/><F24/><W58/><G58/><T57/><D97/><U52/><E1/><V64/><F64/><W48/><G19/><T135/><D70/><U80/><E80/><V93/><F93/><W21/><G21/><T33/><D33/><U22/><E63/><V78/><F78/><W131/><G131/><T79/><REACH who="0" step="1"/><D44/><REACH who="0" ten="40,377,308,265" step="2"/><U119/><E119/><V124/><F111/><W59/><G7/><T11/><D11/><U39/><E2/><V130/><F130/><W34/><G34/><T50/><D50/><U117/><E117/><V40/><F9/><W126/><G126/><T28/><D28/><U32/><E32/><V123/><F124/><W27/><G46/><T54/><D54/><U76/><E10/><V85/><F14/><W18/><G45/><T99/><D99/><U49/><E49/><V114/><F114/><W87/><G4/><T8/><D8/><U26/><E30/><V121/><F121/><W91/><G48/><RYUUKYOKU ba="0,1" sc="40,30,377,-10,308,-10,265,-10" hai0="41,42,57,66,79,81,84,104,106,107,133,134,135" /><INIT seed="3,1,1,1,2,92" ten="70,367,298,255" oya="3" hai0="74,66,96,36,19,51,113,56,114,53,134,87,73" hai1="27,63,71,0,90,94,89,13,70,122,69,84,9" hai2="85,59,31,95,37,38,43,121,108,132,100,81,117" hai3="11,77,82,4,135,14,60,8,91,98,72,3,130"/><W67/><G130/><T22/><D36/><U103/><E122/><V109/><F117/><W34/><G34/><T40/><D134/><U102/><E0/><V124/><F132/><W125/><G135/><T99/><D87/><U18/><E63/><V23/><F124/><W126/><G126/><T45/><D73/><U5/><E89/><V54/><F121/><W57/><G125/><T127/><D74/><U107/><E107/><V1/><F1/><W10/><G14/><T12/><D127/><U55/><E55/><V65/><F65/><W39/><G39/><T61/><REACH who="0" step="1"/><D40/><REACH who="0" ten="60,367,298,255" step="2"/><U20/><AGARI ba="1,2" hai="5,9,13,18,20,27,69,70,71,84,90,94,102,103" machi="20" ten="40,1500,0" yaku="0,1" doraHai="92" who="1" fromWho="1" sc="60,-5,367,38,298,-5,255,-8" owari="55,-44.0,405,50.0,293,9.0,247,-15.0" /></mjloggm>