<mjloggm ver="2.3"><GO type="169"/><UN n0="%E9%81%8A%E8%B5%B0" n1="%E3%81%97%E3%82%85%E3%81%86%E3%81%A1%E3%82%83%E3%82%93%E2%99%AA" n2="%EF%BC%88%E2%89%A7%E2%96%BD%E2%89%A6%EF%BC%89" n3="%59%48%56%48" dan="17,16,18,16" rate="2148,2070,2172,2049" sx="F,M,M,F"/><TAIKYOKU oya="0"/><INIT seed="0,0,0,4,0,92" ten="250,250,250,250" oya="0" hai0="115,16,68,1,90,76,35,116,119,13,97,107,86" hai1="131,28,64,132,5,101,94,4,22,129,98,36,75" hai2="135,95,87,7,3,96,32,126,105,55,78,8,133" hai3="82,102,124,81,42,26,43,17,83,24,25,20,34"/><T77/><D68/><U128/><E36/><V27/><F126/><W14/><G124/><T72/><D35/><U127/><E127/><V2/><F2/><W0/><G0/><T104/><D1/><U100/><E132/><N who="2" m="50763" /><F105/><N who="0" m="40522" /><D13/><U12/><E75/><V130/><F130/><W9/><G102/><T11/><D11/><U60/><E101/><N who="2" m="60575" /><F55/><W110/><G110/><T29/><D16/><N who="1" m="10503" /><E28/><N who="2" m="19487" /><F87/><W51/><G34/><T118/><D29/><U47/><E47/><V123/><F78/><N who="0" m="30314" /><D72/><U63/><E64/><V66/><F123/><W23/><REACH who="3" step="1"/><G51/><REACH who="3" ten="250,250,250,240" step="2"/><T6/><D115/><U71/><E71/><V40/><F40/><AGARI ba="0,1" hai="9,14,17,20,23,24,25,26,40,42,43,81,82,83" machi="40" ten="40,5200,0" yaku="1,1,2,1,8,1,53,0" doraHai="92" doraHaiUra="58" who="3" fromWho="2" sc="250,0,250,0,250,-52,240,62" /><INIT seed="1,0,0,2,2,101" ten="250,250,198,302" oya="1" hai0="61,134,88,29,32,132,109,127,80,54,106,7,118" hai1="75,128,123,94,34,104,97,52,89,87,64,8,18" hai2="114,113,95,100,96,48,58,103,5,36,11,66,50" hai3="92,47,44,91,73,60,53,76,51,55,63,2,40"/><U126/><E123/><V129/><F36/><W27/><G2/><T23/><D118/><U39/><E39/><V62/><F129/><W125/><G125/><T102/><D32/><U41/><E128/><V13/><REACH who="2" step="1"/><F103/><REACH who="2" ten="250,250,188,302" step="2"/><W37/><G37/><T43/><D102/><U81/><E126/><V38/><F38/><W14/><G40/><T107/><D43/><U17/><E41/><V26/><F26/><W133/><G27/><T122/><D127/><U33/><E75/><V72/><F72/><W3/><G73/><T6/><D122/><U110/><E110/><V105/><F105/><W130/><G130/><T10/><D109/><U119/><E119/><V71/><F71/><W24/><G24/><T121/><D121/><U65/><E104/><V120/><F120/><W31/><G31/><T0/><D106/><U131/><E131/><V83/><F83/><W56/><G133/><T30/><D107/><U112/><E112/><AGARI ba="0,1" hai="5,11,13,48,50,58,62,66,95,96,100,112,113,114" machi="112" ten="40,5200,0" yaku="1,1,11,1,53,1" doraHai="101" doraHaiUra="93" who="2" fromWho="1" sc="250,0,250,-52,188,62,302,0" /><INIT seed="2,0,0,0,2,105" ten="250,198,250,302" oya="2" hai0="74,63,126,52,96,132,50,60,106,109,58,45,68" hai1="117,67,54,75,41,61,83,91,3,56,27,22,40" hai2="71,88,65,11,42,24,57,116,73,122,69,44,0" hai3="98,21,95,131,7,38,128,43,20,1,80,129,133"/><V124/><F122/><W32/><G32/><T134/><D106/><U19/><E117/><V111/><F116/><W99/><G133/><N who="0" m="51307" /><D96/><U87/><E3/><V90/><F24/><W97/><G80/><T135/><N who="0" m="51315" /><T82/><DORA hai="72" /><D126/><U76/><REACH who="1" step="1"/><E67/><REACH who="1" ten="250,188,250,302" step="2"/><V118/><F118/><W12/><BYE who="2" /><G1/><T5/><D109/><U85/><E85/><V35/><F35/><W102/><G128/><T30/><D74/><U130/><E130/><V6/><F6/><W29/><G129/><T36/><D5/><U93/><AGARI ba="0,1" hai="19,22,27,40,41,54,56,61,75,76,83,87,91,93" machi="93" ten="20,12000,2" yaku="1,1,0,1,7,1,52,2,53,1" doraHai="105,72" doraHaiUra="16,34" who="1" fromWho="1" sc="250,-30,188,130,250,-60,302,-30" /><INIT seed="3,0,0,1,5,120" ten="220,318,190,272" oya="3" hai0="54,70,81,72,4,29,53,88,57,34,37,10,131" hai1="77,75,125,93,35,38,12,68,91,128,132,11,80" hai2="19,126,15,0,33,61,107,3,58,84,116,20,112" hai3="105,25,6,8,51,104,21,130,31,106,134,49,36"/><W97/><G36/><T63/><D37/><U99/><E132/><UN n2="%EF%BC%88%E2%89%A7%E2%96%BD%E2%89%A6%EF%BC%89" /><V59/><F116/><W32/><G134/><T14/><D70/><U133/><E133/><V89/><F112/><W100/><G130/><T47/><D131/><U55/><E128/><V102/><F126/><W45/><G21/><T65/><D34/><U24/><E125/><V79/><F33/><W18/><G18/><T101/><D29/><U67/><E38/><V86/><F79/><W85/><G85/><T115/><D115/><U83/><E80/><V117/><F117/><W127/><G127/><T73/><D101/><U60/><E55/><V30/><F30/><W28/><G28/><T71/><D47/><U119/><E119/><V129/><F129/><W56/><G56/><T118/><D118/><U26/><REACH who="1" step="1"/><E35/><REACH who="1" ten="220,308,190,272" step="2"/><V9/><F61/><W90/><G90/><T1/><D54/><U69/><E69/><V16/><F89/><W98/><G98/><T41/><D41/><U46/><E46/><V111/><F59/><W114/><G114/><T103/><D103/><U87/><E87/><V113/><F58/><W22/><G32/><T40/><D40/><U74/><E74/><V135/><F113/><W82/><G82/><T48/><D88/><U43/><E43/><V76/><F135/><W94/><REACH who="3" step="1"/><G45/><REACH who="3" ten="220,308,190,262" step="2"/><T124/><D124/><U42/><E42/><V122/><F84/><W23/><G23/><T66/><D81/><U17/><AGARI ba="0,2" hai="11,12,17,24,26,60,67,68,75,77,83,91,93,99" machi="17" ten="20,2700,0" yaku="1,1,0,1,7,1,53,0" doraHai="120" doraHaiUra="52" who="1" fromWho="1" sc="220,-7,308,47,190,-7,262,-13" /><INIT seed="4,0,0,0,5,39" ten="213,355,183,249" oya="0" hai0="106,85,0,49,124,8,58,100,80,102,114,130,121" hai1="10,103,129,93,45,74,44,2,55,22,29,72,47" hai2="132,105,37,67,73,99,7,83,11,53,87,25,38" hai3="89,60,31,32,92,16,120,127,95,101,4,12,119"/><T90/><D121/><U126/><E126/><V78/><F132/><W109/><G119/><T125/><D114/><U24/><E129/><V75/><F67/><W66/><G127/><N who="0" m="48715" /><D130/><U117/><E117/><V64/><F64/><W18/><G109/><T13/><D0/><U96/><REACH who="1" step="1"/><E55/><REACH who="1" ten="213,345,183,249" step="2"/><V112/><F53/><W43/><G120/><T48/><D106/><U69/><E69/><V36/><F112/><W82/><G66/><T118/><D118/><U108/><E108/><V52/><F52/><W63/><G60/><T56/><D56/><U84/><E84/><V57/><F57/><W98/><G63/><T15/><D58/><U104/><E104/><V61/><F61/><W50/><G32/><T107/><D107/><U59/><E59/><V88/><F105/><W65/><G65/><T14/><D8/><U9/><E9/><V33/><F75/><W110/><G110/><T41/><D49/><U40/><E40/><V42/><F42/><W54/><G43/><T91/><D48/><U113/><E113/><V46/><F73/><W134/><G50/><T135/><D41/><U122/><E122/><V62/><F62/><W20/><G54/><T79/><D135/><U133/><E133/><V5/><F11/><W76/><G134/><T71/><D71/><U6/><AGARI ba="0,1" hai="2,6,10,22,24,29,44,45,47,72,74,93,96,103" machi="6" ten="30,2000,0" yaku="1,1,0,1,53,0" doraHai="39" doraHaiUra="68" who="1" fromWho="1" sc="213,-10,345,30,183,-5,249,-5" /><INIT seed="5,0,0,0,1,54" ten="203,375,178,244" oya="1" hai0="131,57,96,119,8,25,68,101,133,28,69,20,60" hai1="107,63,85,41,94,130,106,77,110,18,62,4,111" hai2="37,39,12,132,59,61,48,89,14,129,43,70,86" hai3="116,73,52,87,0,32,24,38,84,53,117,103,93"/><U42/><E130/><V3/><F3/><W2/><G38/><T30/><D119/><N who="3" m="45641" /><G73/><T36/><D131/><U26/><E4/><V72/><F72/><W34/><G103/><T49/><D36/><U79/><E26/><V47/><F129/><W126/><G126/><T64/><D133/><U115/><E115/><V114/><F132/><W33/><G24/><T51/><D30/><U44/><E44/><V46/><F114/><W10/><G10/><T67/><D8/><U128/><E128/><V27/><F27/><W56/><G53/><T5/><D5/><U80/><E94/><V31/><F31/><W121/><G121/><T29/><D29/><U58/><E18/><V99/><F99/><W65/><G65/><T21/><D21/><U81/><REACH who="1" step="1"/><E85/><REACH who="1" ten="203,365,178,244" step="2"/><N who="3" m="32842" /><G93/><T123/><D123/><U122/><E122/><V45/><F37/><W1/><G0/><T83/><D25/><U82/><E82/><N who="2" m="49367" /><F39/><W127/><G127/><T102/><D83/><U76/><E76/><V104/><F104/><W120/><G120/><T90/><D28/><U15/><E15/><N who="2" m="5675" /><F70/><W125/><G125/><T109/><D69/><U7/><E7/><V23/><F23/><W50/><AGARI ba="0,1" hai="1,2,32,33,34,50,52,56" m="32842,45641" machi="50" ten="40,5200,0" yaku="12,1,52,1,54,1" doraHai="54" who="3" fromWho="3" sc="203,-13,365,-26,178,-13,244,62" /><INIT seed="6,0,0,2,2,54" ten="190,339,165,306" oya="2" hai0="33,36,84,95,114,124,45,72,21,52,97,5,94" hai1="38,135,80,120,125,41,32,56,1,129,118,46,106" hai2="2,37,128,78,134,79,73,87,70,89,31,25,102" hai3="131,90,92,96,57,66,35,75,15,34,77,18,119"/><V50/><F2/><W74/><G119/><T4/><D72/><U117/><RYUUKYOKU type="yao9" ba="0,0" sc="190,0,339,0,165,0,306,0" hai1="1,32,38,41,46,56,80,106,117,118,120,125,129,135" /><INIT seed="6,1,0,4,1,73" ten="190,339,165,306" oya="2" hai0="110,135,23,46,35,79,16,51,86,44,81,49,48" hai1="93,130,17,75,62,18,113,91,80,82,56,70,37" hai2="85,121,38,12,103,2,54,30,95,64,114,128,112" hai3="45,0,68,29,32,87,129,7,123,42,78,67,74"/><V99/><F2/><W3/><G87/><T6/><D110/><U106/><E106/><V27/><F38/><N who="3" m="21719" /><G129/><T69/><D135/><U11/><E130/><V58/><F128/><W126/><G126/><T15/><D69/><U31/><E70/><V100/><F121/><W13/><G13/><T53/><D35/><U115/><E31/><V36/><F36/><W55/><G55/><T89/><D6/><U28/><E28/><V90/><F12/><W34/><G123/><T40/><D49/><U125/><E125/><V118/><F118/><W132/><G132/><T107/><D107/><U57/><E37/><V59/><F64/><W131/><G131/><T14/><D14/><U47/><E47/><V92/><F100/><W116/><G116/><T72/><D72/><U20/><E11/><V43/><F43/><W105/><G105/><T122/><D122/><U84/><E57/><V104/><F104/><W119/><G119/><T8/><REACH who="0" step="1"/><D89/><REACH who="0" ten="180,339,165,306" step="2"/><U4/><E4/><V97/><F85/><W25/><G7/><T108/><D108/><U50/><E50/><V1/><F1/><W124/><G32/><T120/><D120/><U5/><E5/><V63/><REACH who="2" step="1"/><F59/><REACH who="2" ten="180,339,155,306" step="2"/><W117/><G117/><T41/><D41/><U71/><E71/><V109/><F109/><W61/><G124/><T33/><D33/><AGARI ba="1,2" hai="27,30,33,54,58,63,90,92,95,97,99,103,112,114" machi="33" ten="40,2000,0" yaku="1,1,53,0" doraHai="73" doraHaiUra="101" who="2" fromWho="0" sc="180,-23,339,0,155,43,306,0" /><INIT seed="6,2,0,0,4,69" ten="157,339,198,306" oya="2" hai0="9,46,40,102,77,108,4,53,104,89,65,93,11" hai1="121,124,132,16,99,117,47,5,50,26,55,43,115" hai2="51,62,76,36,25,20,57,113,105,37,133,95,21" hai3="114,58,85,98,7,61,63,68,84,123,67,92,28"/><V42/><F105/><W48/><G123/><T80/><D108/><U120/><E117/><V27/><F76/><W83/><G7/><T52/><D104/><U35/><E115/><V131/><F113/><W130/><G130/><T97/><D65/><U41/><E132/><V54/><F133/><W2/><G2/><T135/><D135/><U79/><E124/><V72/><F72/><W8/><G8/><T6/><D102/><U88/><E79/><V32/><F131/><W111/><G111/><T64/><D64/><U73/><E73/><V17/><F32/><W91/><G114/><T119/><D119/><U24/><E5/><V109/><F109/><W106/><G106/><T78/><D4/><U29/><E24/><V56/><F95/><W44/><G28/><T134/><D134/><U70/><E70/><V10/><F10/><W59/><G63/><T127/><D127/><U12/><E99/><V75/><F75/><W112/><G112/><T34/><D34/><U18/><E88/><V31/><F42/><W118/><G118/><T38/><D11/><U126/><E126/><V125/><F125/><W71/><G71/><T87/><REACH who="0" step="1"/><D78/><REACH who="0" ten="147,339,198,306" step="2"/><U94/><E121/><V128/><F128/><W101/><G67/><AGARI ba="2,1" hai="17,20,21,25,27,31,36,37,51,54,56,57,62,67" machi="67" ten="30,5800,0" yaku="7,1,52,2" doraHai="69" who="2" fromWho="3" sc="147,0,339,0,198,74,306,-64" /><INIT seed="6,3,0,2,5,76" ten="147,339,272,242" oya="2" hai0="132,99,96,93,104,58,106,69,85,33,2,48,50" hai1="71,86,73,56,94,9,68,12,52,55,70,120,91" hai2="77,49,31,135,128,122,105,80,133,34,8,24,43" hai3="59,45,129,57,87,17,100,3,53,5,7,54,19"/><V75/><F122/><W109/><G109/><T78/><D69/><U110/><E120/><V101/><F128/><W38/><G129/><T127/><D2/><U72/><E110/><V115/><F115/><W29/><G29/><T14/><D33/><U16/><REACH who="1" step="1"/><E55/><REACH who="1" ten="147,329,272,242" step="2"/><V51/><F133/><W21/><G54/><T0/><D132/><U102/><E102/><V27/><F101/><W13/><G100/><T97/><D127/><U35/><E35/><V112/><F34/><W30/><G53/><T64/><D0/><U119/><E119/><V84/><F135/><W22/><G3/><T92/><D14/><U114/><E114/><V107/><F112/><W89/><G13/><T103/><D106/><U11/><E11/><V26/><F8/><W88/><G22/><T47/><D104/><U108/><E108/><V41/><F107/><W74/><G21/><T118/><D118/><U131/><E131/><V37/><F105/><W1/><G1/><T40/><D103/><U113/><E113/><V124/><F124/><W23/><G23/><T32/><D32/><U95/><E95/><V130/><F130/><W46/><G5/><T61/><REACH who="0" step="1"/><D50/><AGARI ba="3,1" hai="9,12,16,50,52,56,68,70,71,72,73,86,91,94" machi="50" ten="40,8000,1" yaku="1,1,54,2,53,1" doraHai="76" doraHaiUra="90" who="1" fromWho="0" sc="147,-89,329,99,272,0,242,0" /><INIT seed="7,0,0,1,1,73" ten="58,428,272,242" oya="3" hai0="53,95,29,67,64,87,79,120,44,86,8,94,55" hai1="51,52,99,57,36,25,66,133,107,62,102,92,74" hai2="49,43,112,81,15,42,27,22,19,63,104,110,47" hai3="117,71,96,108,10,89,124,82,3,18,31,58,84"/><W134/><G117/><T45/><D120/><U90/><E133/><V100/><F110/><W46/><G71/><T125/><D125/><U68/><E74/><V113/><F81/><W131/><G134/><T122/><D122/><U2/><E2/><V123/><F123/><W39/><G108/><T56/><D8/><U111/><E111/><V4/><F63/><W0/><G124/><T35/><D35/><U34/><E36/><V20/><F43/><W105/><G31/><T118/><D118/><U61/><E61/><V65/><F65/><W97/><G131/><T16/><D29/><U93/><E90/><V129/><F129/><W114/><G114/><N who="2" m="44137" /><F4/><W85/><G58/><T17/><REACH who="0" step="1"/><D56/><REACH who="0" ten="48,428,272,242" step="2"/><U6/><E6/><V115/><F115/><W126/><G126/><T75/><D75/><U101/><E34/><V12/><F22/><W14/><G10/><T119/><D119/><U91/><E68/><V32/><F32/><W1/><G0/><T41/><D41/><U135/><E135/><V26/><F20/><W83/><G1/><T60/><D60/><U7/><E7/><V48/><F42/><W132/><G3/><T59/><D59/><U103/><E62/><V23/><F23/><W130/><G132/><T76/><AGARI ba="0,1" hai="16,17,44,45,53,55,64,67,76,79,86,87,94,95" machi="76" ten="25,16000,3" yaku="1,1,0,1,22,2,8,1,52,2,54,1,53,0" doraHai="73" doraHaiUra="109" who="0" fromWho="0" sc="48,170,428,-40,272,-40,242,-80" owari="218,-18.0,388,49.0,232,3.0,162,-34.0" /></mjloggm>