<mjloggm ver="2.3"><GO type="169" lobby="0"/><UN n0="%EF%BC%88%E2%89%A7%E2%96%BD%E2%89%A6%EF%BC%89" n1="%E4%BA%9B%E6%B8%A1%E3%82%92%E8%B6%85%E3%81%88%E3%82%8B%E8%80%85" n2="%E7%99%BD%E9%BB%92%E7%A5%9E" n3="%45%55%52%45%4B%41%31%34" dan="19,16,16,17" rate="2245.13,2091.90,2080.50,2135.02" sx="M,F,F,M"/><TAIKYOKU oya="0"/><INIT seed="0,0,0,4,0,67" ten="250,250,250,250" oya="0" hai0="13,124,22,32,133,69,73,95,5,10,3,116,63" hai1="36,18,12,75,29,30,91,97,4,70,20,64,115" hai2="26,2,6,60,86,51,101,127,59,113,106,92,85" hai3="129,109,52,23,27,83,88,25,24,120,37,90,72"/><T111/><D73/><U77/><E36/><V84/><F106/><W7/><G109/><T54/><D116/><U17/><E4/><V78/><F127/><W76/><G37/><T28/><D111/><U117/><E117/><V123/><F51/><W80/><G129/><T79/><D79/><U33/><E33/><V57/><F123/><W104/><G104/><T71/><D124/><U58/><E115/><V108/><F59/><W1/><G120/><T89/><D133/><U31/><E58/><V8/><F26/><W135/><G135/><T105/><D105/><U100/><E91/><V49/><F49/><W65/><G65/><T0/><D54/><U128/><E128/><V53/><F108/><W41/><G41/><T118/><D63/><U15/><E77/><V55/><F113/><W14/><G80/><T34/><D118/><U38/><E38/><V131/><F131/><W134/><G134/><T82/><D82/><U61/><E75/><V62/><F60/><W45/><G1/><T44/><D44/><U130/><E130/><V21/><F78/><W9/><REACH who="3" step="1"/><G23/><REACH who="3" ten="250,250,250,240" step="2"/><T94/><D0/><U48/><E20/><V81/><F21/><W93/><G93/><T119/><D95/><U35/><E35/><V74/><F92/><W43/><G43/><T132/><D34/><U50/><E64/><V96/><F2/><W125/><G125/><T46/><D119/><U110/><E110/><V87/><F81/><W114/><G114/><T39/><D132/><U122/><E122/><V40/><F40/><W19/><G19/><T56/><D3/><U11/><E18/><RYUUKYOKU ba="0,1" sc="250,-10,250,-10,250,-10,240,30" hai3="7,9,14,24,25,27,45,52,72,76,83,88,90" /><INIT seed="1,1,1,3,2,3" ten="240,240,240,270" oya="1" hai0="100,47,37,16,67,2,6,54,99,114,49,85,128" hai1="79,7,69,13,108,105,36,41,77,27,96,70,34" hai2="116,74,11,26,46,35,131,86,30,72,60,0,14" hai3="20,125,109,98,40,82,18,43,113,135,126,58,17"/><U24/><E108/><V33/><F131/><W44/><G109/><T84/><D114/><U119/><E119/><V4/><F116/><W9/><G113/><T130/><D67/><U115/><E115/><V22/><F60/><W107/><G135/><T91/><D37/><U61/><E41/><V92/><F46/><W120/><G120/><T45/><D45/><U10/><E36/><V93/><F35/><W53/><G82/><T117/><D117/><U29/><E27/><V75/><REACH who="2" step="1"/><F86/><REACH who="2" ten="240,240,230,270" step="2"/><W12/><G44/><T97/><D85/><U101/><REACH who="1" step="1"/><E70/><REACH who="1" ten="240,230,230,270" step="2"/><V87/><F87/><W132/><G132/><T129/><D84/><U21/><E21/><V42/><F42/><W103/><G43/><T28/><D129/><U64/><AGARI ba="1,3" hai="7,10,13,24,29,34,61,64,69,77,79,96,101,105" machi="64" ten="30,12000,1" yaku="1,1,0,1,25,2,52,1,53,0" doraHai="3" doraHaiUra="90" who="1" fromWho="1" sc="240,-41,230,153,230,-41,270,-41" /><INIT seed="1,2,0,1,2,13" ten="199,383,189,229" oya="1" hai0="116,113,52,95,40,133,17,50,81,4,74,47,111" hai1="58,10,51,57,94,1,46,24,77,126,124,69,72" hai2="96,76,127,106,41,49,27,45,15,102,33,36,114" hai3="11,20,100,80,42,121,86,109,119,3,21,97,125"/><U90/><E69/><V25/><F127/><N who="1" m="48681" /><E24/><V23/><F76/><W28/><G125/><T31/><D116/><U67/><E67/><V32/><F114/><W130/><G121/><T61/><D113/><U122/><E122/><V88/><F36/><W87/><G119/><T135/><D4/><N who="1" m="1295" /><E77/><V44/><F45/><W70/><G70/><T134/><D31/><U129/><E72/><V132/><F132/><W5/><G86/><T22/><D111/><U7/><E7/><V2/><F2/><W115/><G109/><T18/><D74/><U107/><E107/><V56/><F33/><W63/><G115/><T91/><D81/><U48/><E129/><V29/><F15/><W64/><G130/><T55/><D61/><U43/><E51/><V83/><F27/><W117/><G28/><T128/><D128/><U103/><E103/><V104/><F106/><W108/><G108/><T9/><D9/><U110/><E110/><V89/><F32/><W62/><G62/><T8/><D8/><U0/><E0/><V59/><REACH who="2" step="1"/><F89/><REACH who="2" ten="199,383,179,229" step="2"/><N who="3" m="51431" /><G3/><T34/><D34/><U92/><E92/><V93/><F93/><W73/><G117/><T101/><D133/><U123/><E123/><V131/><F131/><W19/><G5/><T16/><D135/><U65/><E65/><V30/><F30/><W60/><G64/><T12/><D134/><U68/><E68/><V66/><F66/><W79/><G79/><T99/><D91/><U6/><E6/><V120/><F120/><W98/><G73/><T75/><D75/><U82/><E94/><V35/><F35/><W105/><G105/><RYUUKYOKU ba="2,1" sc="199,10,383,10,179,10,229,-30" hai0="12,16,17,18,22,40,47,50,52,55,95,99,101" hai1="43,46,48,57,58,82,90" hai2="23,25,29,41,44,49,56,59,83,88,96,102,104" /><INIT seed="1,3,1,2,4,69" ten="209,393,189,199" oya="1" hai0="23,75,18,107,40,94,49,99,126,73,121,129,127" hai1="89,47,30,104,97,3,25,9,60,10,24,19,38" hai2="12,65,109,74,128,134,42,111,11,86,123,81,46" hai3="83,39,96,0,125,53,124,87,63,35,77,17,33"/><U4/><E60/><V8/><F123/><W41/><G0/><T27/><D121/><U117/><E117/><V115/><F74/><W52/><G96/><T57/><D107/><U98/><E104/><V20/><F134/><W112/><G112/><T92/><D129/><U48/><E38/><V56/><F128/><W28/><G17/><T105/><D105/><U78/><E78/><N who="2" m="46391" /><F115/><W90/><G77/><T6/><D6/><U32/><E89/><V14/><F56/><N who="3" m="35207" /><G53/><N who="0" m="31919" /><D92/><U21/><REACH who="1" step="1"/><E10/><REACH who="1" ten="209,383,189,199" step="2"/><V76/><F11/><W55/><G39/><T64/><D75/><U135/><E135/><V93/><F8/><W82/><G90/><T51/><D73/><U84/><E84/><V120/><F76/><W118/><G87/><T5/><D99/><U132/><E132/><V133/><F133/><W29/><G118/><T106/><D106/><U22/><E22/><V34/><F20/><W72/><G72/><T71/><D23/><U85/><E85/><V102/><F120/><W26/><G82/><T116/><D116/><U66/><E66/><V43/><F65/><W61/><G83/><T54/><D64/><U67/><E67/><V13/><F34/><W7/><G35/><T91/><D91/><U16/><E16/><V114/><F114/><W88/><G88/><T45/><D18/><U50/><E50/><V36/><F102/><W31/><G33/><T44/><D51/><U70/><E70/><V130/><F36/><W80/><G80/><T131/><D71/><U62/><E62/><V101/><F101/><W79/><G79/><T59/><D131/><U122/><E122/><RYUUKYOKU ba="3,2" sc="209,-10,383,30,189,-10,199,-10" hai1="3,4,9,19,21,24,25,30,32,47,48,97,98" /><INIT seed="1,4,2,2,5,92" ten="199,413,179,189" oya="1" hai0="101,122,57,19,59,21,32,76,97,116,106,125,114" hai1="88,121,65,25,9,105,31,60,83,78,84,93,117" hai2="66,51,71,24,99,118,110,77,131,80,112,73,41" hai3="120,36,130,14,64,61,126,48,22,91,3,79,135"/><U87/><E121/><V43/><F118/><W40/><G3/><T102/><D114/><U0/><E105/><V27/><F110/><W113/><G79/><T16/><D116/><U68/><E117/><V115/><F131/><W10/><G113/><N who="2" m="43593" /><F51/><W35/><G35/><T94/><D32/><U128/><E128/><V56/><F71/><W111/><G130/><T85/><D122/><U29/><REACH who="1" step="1"/><E25/><REACH who="1" ten="199,403,179,189" step="2"/><V129/><F129/><W47/><G120/><T67/><D106/><U55/><E55/><V81/><F24/><W52/><G52/><T98/><D67/><U39/><E39/><V53/><F27/><W96/><G36/><T20/><D125/><U45/><E45/><V17/><F66/><W1/><G47/><T74/><D59/><U34/><E34/><V127/><F127/><W11/><G64/><T133/><D57/><U86/><E86/><V63/><F43/><W95/><G40/><T82/><D85/><U72/><E72/><V23/><F41/><W108/><G126/><T15/><D133/><U28/><E28/><V5/><F53/><W26/><G135/><T89/><D98/><U132/><E132/><V2/><F99/><W8/><G96/><T37/><D37/><U7/><AGARI ba="4,3" hai="0,7,9,29,31,60,65,68,78,83,84,87,88,93" machi="7" ten="30,6000,0" yaku="1,1,0,1,54,1,53,0" doraHai="92" doraHaiUra="38" who="1" fromWho="1" sc="199,-24,403,102,179,-24,189,-24" /><INIT seed="1,5,0,4,0,23" ten="175,505,155,165" oya="1" hai0="113,63,62,48,109,121,45,68,20,46,99,15,95" hai1="60,75,2,122,125,52,92,91,57,123,96,47,43" hai2="107,21,84,44,32,42,11,78,94,37,25,1,3" hai3="116,108,86,131,89,110,8,85,112,81,24,83,72"/><U79/><E2/><V101/><F32/><W97/><G8/><T28/><D113/><U34/><E34/><V65/><F65/><W119/><G24/><N who="0" m="16391" /><D68/><U27/><E27/><V22/><F107/><W100/><G72/><T5/><D121/><U71/><E71/><V9/><F101/><W10/><G10/><N who="0" m="4559" /><D109/><N who="3" m="42089" /><G112/><T102/><D46/><U55/><E55/><AGARI ba="5,0" hai="45,48,55,62,63,95,99,102" m="4559,16391" machi="55" ten="30,2000,0" yaku="8,1,52,1" doraHai="23" who="0" fromWho="1" sc="175,35,505,-35,155,0,165,0" /><INIT seed="2,0,0,2,5,46" ten="210,470,155,165" oya="2" hai0="24,126,73,113,39,135,23,95,100,2,74,40,42" hai1="122,25,92,54,101,91,45,60,14,90,41,131,36" hai2="3,108,124,119,80,48,112,29,123,43,125,110,93" hai3="35,84,1,44,114,109,56,118,30,70,9,27,65"/><V88/><F3/><W20/><G70/><T130/><D2/><U121/><E131/><V116/><F29/><W11/><G118/><N who="2" m="45097" /><F80/><W98/><G114/><T96/><D113/><U47/><E25/><V4/><F112/><W69/><G69/><T115/><D115/><U53/><E101/><V134/><F4/><W94/><G35/><T83/><D130/><U85/><E14/><V102/><F102/><W64/><G64/><T66/><D66/><U103/><E103/><V33/><F33/><W10/><G84/><T89/><D74/><U132/><E90/><V17/><F17/><W86/><G86/><N who="0" m="50399" /><D73/><U77/><E77/><V38/><F123/><W52/><G1/><T104/><D104/><U81/><E81/><V106/><F38/><W87/><G87/><T111/><D39/><U57/><E132/><V26/><F26/><W7/><G7/><T12/><D135/><U19/><E19/><V37/><F37/><W68/><G94/><T72/><D72/><U133/><E133/><V32/><F32/><W18/><G18/><N who="0" m="10695" /><D24/><U13/><E13/><V105/><F134/><W128/><G128/><T28/><D28/><U58/><E121/><V51/><F43/><N who="0" m="16426" /><D126/><N who="2" m="48746" /><F105/><W67/><G30/><T31/><D31/><U120/><E120/><V49/><F106/><W0/><G27/><T75/><D75/><U16/><E122/><V8/><F8/><W55/><G0/><T15/><D15/><U129/><E129/><V107/><F107/><W61/><G10/><T62/><D62/><N who="1" m="36151" /><E16/><V97/><AGARI ba="0,0" hai="48,49,51,88,93,97,108,110" m="48746,45097" machi="97" ten="40,12000,1" yaku="18,1,52,3,54,1" doraHai="46" who="2" fromWho="2" sc="210,-40,470,-40,155,120,165,-40" /><INIT seed="2,1,0,2,2,123" ten="170,430,275,125" oya="2" hai0="83,1,64,112,27,34,81,118,26,117,5,107,79" hai1="32,105,20,38,23,122,62,14,25,91,121,126,52" hai2="53,60,80,114,103,100,73,134,132,2,11,59,12" hai3="75,82,133,44,36,42,92,8,33,102,45,7,113"/><V24/><F2/><W15/><G133/><N who="2" m="51305" /><F24/><W76/><G113/><T39/><D107/><U131/><E105/><V125/><F114/><W46/><G33/><T71/><D112/><U110/><E38/><V35/><F35/><W51/><G36/><T74/><D81/><U78/><E78/><N who="2" m="44111" /><F125/><W98/><AGARI ba="1,0" hai="7,8,15,42,44,45,46,51,75,76,82,92,98,102" machi="98" ten="30,1100,0" yaku="0,1" doraHai="123" who="3" fromWho="3" sc="170,-4,430,-4,275,-6,125,14" /><INIT seed="3,0,0,3,0,44" ten="166,426,269,139" oya="3" hai0="27,67,62,63,34,16,1,113,76,89,55,9,7" hai1="5,0,105,53,126,31,18,70,54,17,35,49,11" hai2="85,65,88,42,20,103,52,60,14,37,78,24,74" hai3="93,92,95,128,51,83,72,12,127,124,96,106,22"/><W104/><G22/><T132/><D132/><U119/><E105/><N who="3" m="40554" /><G12/><T64/><D113/><U36/><E70/><V41/><F103/><W75/><G51/><T116/><D76/><U33/><E36/><V80/><F14/><W97/><G128/><T39/><D39/><U43/><E126/><N who="3" m="48170" /><G83/><T50/><D34/><U129/><E129/><V68/><F37/><W121/><G121/><T94/><D63/><U56/><E119/><V102/><F102/><W134/><G134/><T23/><D116/><U32/><E31/><V45/><F20/><W26/><G26/><T38/><D62/><U61/><REACH who="1" step="1"/><E43/><REACH who="1" ten="166,416,269,139" step="2"/><V21/><F41/><W4/><G4/><T58/><REACH who="0" step="1"/><D38/><REACH who="0" ten="156,416,269,139" step="2"/><U82/><E82/><V131/><F80/><W66/><G66/><T30/><D30/><U111/><E111/><V120/><F131/><W10/><G10/><T59/><D59/><AGARI ba="0,2" hai="0,5,11,17,18,32,33,35,49,53,54,56,59,61" machi="59" ten="40,8000,1" yaku="1,1,52,1,53,2" doraHai="44" doraHaiUra="15" who="1" fromWho="0" sc="156,-80,416,100,269,0,139,0" /><INIT seed="4,0,0,5,2,110" ten="76,516,269,139" oya="0" hai0="48,52,0,33,3,132,103,53,89,68,108,51,69" hai1="42,64,36,72,28,93,94,11,120,29,100,88,25" hai2="34,126,67,71,66,84,97,31,121,23,15,13,130" hai3="56,124,35,86,96,6,58,99,125,87,98,20,91"/><T8/><D33/><U119/><E72/><V79/><F34/><W90/><G35/><T37/><D37/><U104/><E42/><V1/><F71/><W54/><G20/><T118/><D103/><U131/><E64/><V50/><F1/><W106/><G6/><T4/><D118/><U114/><E11/><V113/><F121/><W112/><G54/><T47/><D108/><U41/><E94/><V129/><F50/><W49/><G49/><T59/><D132/><U16/><E16/><V78/><F126/><W38/><G38/><T26/><D0/><U123/><E131/><V32/><F32/><W127/><G112/><T76/><D76/><U55/><E114/><V75/><F78/><W117/><G106/><T44/><D26/><U101/><E104/><V12/><F79/><W85/><REACH who="3" step="1"/><G117/><REACH who="3" ten="76,516,269,129" step="2"/><T10/><D10/><U133/><E119/><V116/><F23/><W61/><G61/><T82/><REACH who="0" step="1"/><D59/><AGARI ba="0,1" hai="56,58,59,85,86,87,90,91,96,98,99,124,125,127" machi="59" ten="50,12000,2" yaku="1,1,29,2,28,2,18,1,53,0" doraHai="110" doraHaiUra="2" who="3" fromWho="0" sc="76,-120,516,0,269,0,129,130" owari="-44,-54.0,516,61.0,269,7.0,259,-14.0" /></mjloggm>