<mjloggm ver="2.3"><GO type="41"/><UN n0="%E5%9C%9F%E7%A0%82%E9%99%8D%E3%82%8A%E5%9D%8A%E4%B8%BB" n1="%E3%81%BE%EF%BD%9E%E3%81%9A%E2%99%AA%E2%98%86" n2="%EF%BC%AA%EF%BD%8F%EF%BD%99%EF%BD%83%EF%BD%85" n3="%EF%BC%88%E2%89%A7%E2%96%BD%E2%89%A6%EF%BC%89" dan="14,14,13,15" rate="2069,1930,1908,2033" sx="M,M,F,M"/><TAIKYOKU oya="0"/><INIT seed="0,0,0,4,4,128" ten="250,250,250,250" oya="0" hai0="127,57,68,24,133,47,82,14,93,2,91,28,26" hai1="98,114,99,7,42,105,87,111,96,48,106,120,22" hai2="4,44,13,37,46,131,89,55,71,29,79,69,73" hai3="126,90,32,16,63,15,80,117,104,116,122,34,92"/><T50/><D2/><U38/><E38/><V103/><F131/><W118/><G104/><T134/><D68/><U43/><E120/><V54/><F103/><W110/><G122/><T129/><D129/><U10/><E114/><V8/><F29/><W135/><G126/><T58/><D82/><U23/><E87/><V102/><F102/><W62/><G80/><T65/><D14/><U77/><E77/><V53/><F79/><W33/><G110/><T101/><D101/><U123/><E123/><V25/><F73/><W84/><REACH who="3" step="1"/><G135/><REACH who="3" ten="250,250,250,240" step="2"/><N who="0" m="51723" /><D127/><U132/><E111/><V97/><F37/><W17/><G17/><T88/><D65/><U64/><E64/><V56/><F71/><W113/><G113/><T51/><D26/><U60/><E106/><V66/><F25/><W39/><G39/><T108/><D108/><U76/><E105/><V12/><F69/><W40/><G40/><N who="0" m="24935" /><D51/><U21/><E48/><V20/><F66/><W83/><G83/><T35/><D91/><U78/><E132/><V36/><F36/><W30/><G30/><T18/><D18/><U9/><E7/><V1/><F89/><W19/><G19/><T70/><D70/><U27/><E27/><V125/><F125/><W94/><G94/><T109/><D109/><U85/><E60/><V52/><F4/><W119/><N who="3" m="29696" /><DORA hai="3" /><W124/><G124/><T81/><D81/><U41/><REACH who="1" step="1"/><E85/><AGARI ba="0,1" hai="24,28,35,57,58,85,88,93" m="24935,51723" machi="85" ten="30,12000,1" yaku="20,1,52,3,54,1" doraHai="128,3" who="0" fromWho="1" sc="250,130,250,-120,250,0,240,0" /><INIT seed="0,1,0,0,0,9" ten="380,130,250,240" oya="0" hai0="49,84,85,33,26,96,109,46,8,118,78,41,93" hai1="94,53,135,51,54,50,24,6,72,32,76,73,65" hai2="112,81,62,75,36,111,43,21,60,2,105,37,102" hai3="10,95,4,133,13,42,120,117,115,104,31,132,101"/><T57/><D118/><U39/><E39/><V130/><F112/><W59/><G115/><T89/><D109/><U55/><E65/><V23/><F2/><W58/><G117/><T22/><D33/><U38/><E38/><V28/><F111/><W92/><G120/><T12/><D78/><U110/><E110/><V56/><F43/><W125/><G125/><T18/><REACH who="0" step="1"/><D57/><REACH who="0" ten="370,130,250,240" step="2"/><U127/><E76/><V79/><F56/><W68/><G58/><T128/><D128/><U129/><E32/><V77/><F77/><W103/><G59/><T108/><D108/><U100/><E127/><V134/><F79/><W29/><G132/><T74/><D74/><U119/><E129/><V34/><F134/><W122/><G133/><T88/><D88/><U45/><E119/><V69/><F130/><W48/><G122/><T25/><D25/><U87/><E135/><V11/><F75/><W7/><G68/><T107/><D107/><U121/><E121/><V131/><F69/><W20/><G104/><T67/><D67/><U83/><E73/><V113/><F131/><W82/><G103/><T47/><D47/><U61/><E100/><V116/><F105/><W64/><G101/><T66/><D66/><U52/><E72/><V40/><F102/><W98/><G64/><T123/><D123/><U91/><E45/><V44/><F116/><W5/><G92/><T124/><D124/><U27/><E94/><V86/><F44/><N who="3" m="25623" /><G95/><T15/><D15/><U0/><E27/><V19/><F113/><W63/><G13/><T70/><D70/><U30/><E24/><V3/><F34/><RYUUKYOKU ba="1,1" sc="370,30,130,-10,250,-10,240,-10" hai0="8,12,18,22,26,41,46,49,84,85,89,93,96" /><INIT seed="0,2,1,3,0,60" ten="400,120,240,230" oya="0" hai0="66,14,118,76,131,126,75,100,85,115,135,48,45" hai1="25,26,49,68,36,96,92,120,101,106,134,38,50" hai2="20,116,88,10,53,37,127,109,31,99,46,98,33" hai3="61,95,77,113,34,55,42,35,110,122,104,29,87"/><T81/><D115/><U129/><E68/><V121/><F121/><W124/><G104/><T123/><D118/><U47/><E120/><V59/><F116/><W69/><G113/><T62/><D123/><U93/><E129/><V91/><F33/><W80/><G122/><T78/><D131/><U132/><E106/><V71/><F71/><W128/><G128/><T40/><D135/><N who="1" m="51755" /><E47/><V30/><F127/><W4/><G124/><T27/><D126/><U3/><E3/><V22/><F10/><W67/><G110/><T63/><D100/><U103/><E96/><V21/><F109/><W112/><G112/><T114/><D114/><U6/><E6/><V15/><F15/><W43/><G4/><T102/><D102/><N who="1" m="38923" /><E92/><V83/><F83/><W94/><G94/><T82/><D62/><U12/><E93/><V0/><F0/><W2/><G2/><T133/><D133/><U130/><E12/><V9/><F9/><W89/><G35/><T19/><D27/><N who="1" m="10251" /><E130/><V97/><F46/><W18/><G34/><T24/><D24/><U57/><E57/><V86/><F37/><AGARI ba="2,1" hai="36,37,38,49,50" m="10251,38923,51755" machi="37" ten="40,5200,0" yaku="28,2,20,1" doraHai="60" who="1" fromWho="2" sc="400,0,120,68,240,-58,230,0" /><INIT seed="1,0,0,4,0,43" ten="400,188,182,230" oya="1" hai0="54,16,32,12,62,51,98,20,2,10,40,88,68" hai1="15,102,121,120,92,79,49,108,37,19,57,127,45" hai2="50,31,103,26,135,8,80,58,41,114,125,74,70" hai3="132,52,82,38,67,100,17,119,95,53,122,59,65"/><U109/><E37/><V24/><F70/><W87/><G122/><T72/><D72/><U36/><E36/><V73/><F135/><W21/><G119/><T47/><D32/><U126/><E79/><V7/><F114/><W6/><G132/><T71/><D2/><U11/><E57/><V4/><F125/><N who="1" m="47625" /><E92/><V91/><F103/><W113/><G38/><T3/><D3/><U1/><E1/><V97/><F74/><W14/><G6/><T99/><D71/><U104/><E102/><V9/><F73/><W96/><G113/><T42/><D68/><U128/><E104/><V18/><F18/><W117/><G117/><T5/><D62/><U107/><E107/><V0/><F0/><W89/><REACH who="3" step="1"/><G53/><REACH who="3" ten="400,188,182,220" step="2"/><T34/><D54/><N who="1" m="29999" /><E128/><V94/><F4/><W131/><G131/><T28/><D5/><U124/><N who="1" m="47633" /><U27/><DORA hai="60" /><E27/><V25/><F25/><W106/><G106/><T61/><D40/><U129/><E129/><V35/><F26/><W86/><G86/><T123/><D42/><U118/><E118/><V130/><F24/><W78/><G78/><T44/><D123/><AGARI ba="0,1" hai="11,15,19,108,109,120,121,123" m="29999,47633" machi="123" ten="50,4800,0" yaku="18,1,52,1" doraHai="43,60" who="1" fromWho="0" sc="400,-48,188,58,182,0,220,0" /><INIT seed="1,1,0,5,4,57" ten="352,246,182,220" oya="1" hai0="69,58,41,68,62,90,113,71,64,91,89,100,34" hai1="102,51,97,116,88,131,32,16,54,53,63,55,78" hai2="33,73,133,93,25,37,44,60,20,101,106,38,81" hai3="66,132,87,92,52,112,43,118,129,50,86,39,48"/><U9/><E32/><V31/><F133/><W67/><G112/><T83/><D113/><U21/><E9/><V119/><F119/><W11/><G118/><T115/><D115/><U5/><E116/><V30/><F30/><W104/><G104/><T94/><D34/><U77/><E5/><V98/><F44/><N who="3" m="25631" /><G39/><T99/><D41/><U3/><E3/><V79/><F20/><W126/><G132/><T95/><REACH who="0" step="1"/><D83/><REACH who="0" ten="342,246,182,220" step="2"/><U47/><E131/><V17/><F93/><AGARI ba="1,1" hai="58,62,64,68,69,71,89,90,91,93,94,95,99,100" machi="93" ten="50,6400,0" yaku="1,1,2,1,52,1,53,0" doraHai="57" doraHaiUra="103" who="0" fromWho="2" sc="342,77,246,0,182,-67,220,0" /><INIT seed="2,0,0,4,3,84" ten="419,246,115,220" oya="2" hai0="111,51,110,114,56,74,133,1,87,130,75,8,54" hai1="109,9,49,104,117,26,59,65,35,60,4,82,105" hai2="66,90,32,17,113,106,14,132,64,20,120,43,131" hai3="72,121,34,89,112,124,88,76,5,122,53,78,55"/><V103/><F120/><W15/><G34/><T52/><D114/><U28/><E117/><V95/><F113/><W125/><G112/><T25/><D133/><U101/><E101/><V69/><F132/><W80/><G5/><T77/><D130/><U123/><E123/><N who="3" m="47114" /><G15/><T46/><D25/><U135/><E135/><V61/><F32/><W48/><G76/><T38/><D87/><U47/><E82/><V126/><F131/><W93/><G93/><T39/><D39/><U62/><E62/><V41/><F126/><N who="3" m="48747" /><G55/><T108/><D77/><U19/><E19/><V63/><F103/><W58/><AGARI ba="0,0" hai="48,53,58,72,78,80,88,89" m="48747,47114" machi="58" ten="30,7900,0" yaku="18,1,52,2,54,1" doraHai="84" who="3" fromWho="3" sc="419,-20,246,-20,115,-39,220,79" /><INIT seed="3,0,0,5,1,41" ten="399,226,76,299" oya="3" hai0="122,73,80,63,47,54,44,31,61,4,101,17,121" hai1="76,126,72,134,9,36,82,13,16,78,65,23,103" hai2="88,3,74,93,56,104,59,89,18,15,11,33,2" hai3="120,125,0,113,20,40,90,106,26,27,86,68,39"/><W77/><G0/><T58/><D121/><U95/><E36/><V99/><F74/><W32/><G120/><T84/><D73/><U96/><E134/><V91/><F33/><W107/><G113/><T8/><D122/><U5/><E126/><V28/><F28/><W45/><G125/><T85/><D31/><U70/><E70/><V6/><F104/><W117/><G117/><T66/><D101/><U75/><E65/><V116/><F116/><W55/><G68/><T109/><D17/><U30/><E30/><V42/><F42/><W83/><G32/><T100/><D100/><U24/><E78/><V7/><F2/><W69/><G69/><T97/><D97/><U131/><E131/><V53/><F7/><W123/><G123/><T35/><D35/><U94/><REACH who="1" step="1"/><E75/><REACH who="1" ten="399,216,76,299" step="2"/><V52/><F53/><W98/><G55/><T46/><D66/><U133/><E133/><V37/><F37/><W67/><G67/><T130/><D130/><U43/><E43/><V71/><F71/><W25/><REACH who="3" step="1"/><G20/><REACH who="3" ten="399,216,76,289" step="2"/><T48/><D54/><U49/><E49/><V108/><F59/><W112/><G112/><T19/><D58/><U60/><E60/><V119/><F119/><W64/><G64/><T81/><D48/><U102/><E102/><V128/><F128/><W114/><G114/><T129/><D61/><U132/><E132/><V21/><F56/><W51/><G51/><T118/><D63/><U38/><E38/><V50/><F50/><W57/><G57/><T22/><D129/><U127/><E127/><V87/><F52/><W12/><G12/><T14/><D118/><RYUUKYOKU ba="0,2" sc="399,-15,216,15,76,-15,289,15" hai1="5,9,13,16,23,24,72,76,82,94,95,96,103" hai3="25,26,27,39,40,45,77,83,86,90,98,106,107" /><INIT seed="3,1,2,3,2,59" ten="384,231,61,304" oya="3" hai0="82,5,65,107,25,43,10,45,100,62,117,96,31" hai1="67,75,68,12,76,101,33,24,130,7,16,38,108" hai2="112,49,22,106,83,94,86,44,1,61,113,19,103" hai3="36,48,39,2,26,3,46,126,134,78,47,81,71"/><W99/><G126/><T14/><D82/><U105/><E38/><V50/><F1/><W54/><G134/><T135/><D135/><U57/><E68/><V89/><F106/><W97/><G71/><T114/><D114/><U55/><E67/><V87/><F103/><W35/><G35/><T124/><D124/><U64/><E64/><V11/><F11/><W23/><G2/><T98/><D117/><U32/><E75/><V85/><F113/><W17/><G3/><T34/><D98/><U29/><E76/><V42/><F112/><W122/><G122/><T120/><D120/><U28/><E7/><V92/><F50/><W9/><G9/><T72/><D72/><U80/><E80/><V27/><F94/><W93/><G47/><T13/><D13/><U111/><E130/><V119/><F119/><W0/><G0/><T88/><D88/><U116/><E101/><V77/><REACH who="2" step="1"/><F61/><REACH who="2" ten="384,231,51,304" step="2"/><W21/><G99/><AGARI ba="1,3" hai="19,22,27,42,44,49,77,83,85,86,87,89,92,99" machi="99" ten="30,8000,1" yaku="1,1,2,1,7,1,8,1,53,1" doraHai="59" doraHaiUra="90" who="2" fromWho="3" sc="384,0,231,0,51,113,304,-83" /><INIT seed="4,0,0,3,2,43" ten="384,231,164,221" oya="0" hai0="117,42,48,127,91,81,39,118,0,1,110,95,15" hai1="23,131,76,77,128,112,55,129,121,27,85,4,126" hai2="8,25,30,12,31,109,44,133,92,108,105,49,99" hai3="89,34,20,106,40,57,79,100,65,135,26,120,134"/><T38/><D81/><U46/><E121/><V28/><F133/><N who="3" m="50699" /><G120/><T51/><D15/><U124/><E4/><V119/><F119/><W115/><G115/><T96/><D127/><N who="1" m="48683" /><E85/><V111/><F105/><W70/><G70/><T125/><D125/><U45/><E112/><V75/><F75/><W101/><G34/><T22/><D22/><U21/><E55/><V24/><F12/><W107/><G79/><N who="1" m="30282" /><E23/><V113/><F8/><W87/><G40/><T56/><D42/><U10/><E10/><V35/><F35/><W50/><G107/><T83/><D118/><U16/><AGARI ba="0,0" hai="16,21,27,45,46,128,129,131" m="30282,48683" machi="16" ten="40,8000,1" yaku="19,1,18,1,52,2,54,1" doraHai="43" who="1" fromWho="1" sc="384,-40,231,80,164,-20,221,-20" /><INIT seed="5,0,0,3,4,132" ten="344,311,144,201" oya="1" hai0="18,89,105,35,42,15,107,79,50,56,71,97,133" hai1="55,106,104,53,66,98,99,11,45,62,102,65,131" hai2="69,25,109,117,37,9,72,3,63,86,21,14,111" hai3="85,51,110,5,84,43,0,67,38,31,78,94,48"/><U115/><E115/><V74/><F117/><W10/><G110/><T96/><D35/><U125/><E131/><V2/><F86/><W39/><G67/><T108/><D71/><U93/><E104/><V61/><F25/><W127/><G127/><T83/><D108/><N who="2" m="41546" /><F21/><W20/><G84/><T124/><D133/><U8/><E125/><V88/><F14/><W129/><G129/><T33/><D124/><U82/><E82/><V13/><F13/><W114/><G114/><T17/><D33/><U24/><E65/><V30/><F30/><W70/><G70/><T26/><D26/><U128/><E128/><V49/><F49/><W77/><G77/><T92/><D96/><U7/><E11/><V23/><F23/><W134/><G134/><T60/><D105/><U52/><E24/><V119/><F119/><W75/><G75/><N who="2" m="28713" /><F9/><W118/><G118/><T68/><D107/><U12/><E45/><V80/><F80/><W59/><G20/><T120/><D15/><U73/><E73/><V64/><F88/><W40/><G31/><T122/><D83/><U90/><REACH who="1" step="1"/><E55/><REACH who="1" ten="344,301,144,201" step="2"/><V32/><F32/><W29/><G10/><T100/><D120/><U81/><E81/><V87/><F64/><W112/><G112/><T126/><D122/><U76/><E76/><V58/><F58/><AGARI ba="0,1" hai="7,8,12,52,53,58,62,66,90,93,98,99,102,106" machi="58" ten="30,5800,0" yaku="1,1,7,1,54,1,53,0" doraHai="132" doraHaiUra="47" who="1" fromWho="2" sc="344,0,301,68,144,-58,201,0" /><INIT seed="5,1,0,2,0,108" ten="344,369,86,201" oya="1" hai0="46,62,38,6,35,51,16,31,114,44,24,67,132" hai1="122,77,88,129,89,79,109,32,126,83,52,37,14" hai2="99,3,112,8,0,107,86,119,95,7,17,131,11" hai3="115,5,25,21,98,55,61,15,56,26,94,69,33"/><U65/><E109/><V19/><F119/><W128/><G128/><T50/><D132/><U123/><E37/><V78/><F107/><W110/><G110/><T71/><D6/><U59/><E32/><V48/><F48/><W113/><G69/><T63/><D63/><U125/><E129/><V47/><F131/><W106/><G106/><T85/><D85/><N who="1" m="48383" /><E77/><V117/><F117/><W2/><G2/><T20/><D114/><N who="3" m="43529" /><G33/><T12/><REACH who="0" step="1"/><D46/><REACH who="0" ten="334,369,86,201" step="2"/><U73/><E123/><V74/><F47/><W70/><G70/><T91/><D91/><U84/><E122/><V124/><F112/><W90/><G5/><T34/><D34/><U111/><E89/><V96/><F86/><W45/><G45/><T30/><D30/><U97/><E111/><V121/><F121/><W127/><G127/><T76/><D76/><U116/><E116/><V118/><F78/><W28/><G28/><T120/><D120/><U130/><E130/><V36/><F124/><W102/><G90/><T82/><D82/><U134/><E134/><V100/><F118/><W93/><G98/><T10/><D10/><U18/><E97/><V58/><F99/><W80/><G102/><T72/><D72/><U27/><E73/><V23/><F96/><W43/><G80/><T1/><D1/><U39/><E125/><V60/><F100/><W54/><G94/><T42/><AGARI ba="1,1" hai="12,16,20,24,31,35,38,42,44,50,51,62,67,71" machi="42" ten="30,4000,0" yaku="1,1,0,1,54,1,53,0" doraHai="108" doraHaiUra="103" who="0" fromWho="0" sc="334,53,369,-21,86,-11,201,-11" /><INIT seed="6,0,0,3,3,132" ten="387,348,75,190" oya="2" hai0="59,30,103,96,135,46,92,33,60,20,99,79,28" hai1="107,105,38,76,3,55,2,129,71,8,17,53,48" hai2="1,81,80,90,32,77,122,87,84,94,117,18,125" hai3="44,69,116,126,22,62,68,114,4,45,120,111,67"/><V110/><F122/><W83/><G120/><T112/><D33/><U118/><E71/><V9/><F32/><W39/><G116/><T61/><D135/><U65/><E118/><V73/><F117/><W13/><G111/><T21/><D112/><U82/><E38/><V101/><F1/><W34/><G34/><T41/><D79/><U47/><E65/><V58/><F58/><W15/><G114/><T7/><D7/><U6/><E17/><V134/><F18/><W37/><G22/><N who="0" m="8811" /><D96/><U123/><E3/><V113/><F9/><W119/><G119/><T97/><D97/><U63/><E123/><V70/><F70/><W95/><G67/><N who="0" m="39327" /><D61/><U133/><E133/><V56/><F56/><W66/><G66/><T31/><D41/><U109/><E109/><V23/><F23/><W35/><G35/><T40/><D40/><U106/><E129/><V11/><F11/><W51/><G62/><T121/><D121/><U52/><REACH who="1" step="1"/><E63/><REACH who="1" ten="387,338,75,190" step="2"/><V5/><F113/><W98/><G69/><T93/><D93/><U10/><E10/><V104/><F110/><W128/><G68/><T57/><D57/><U72/><AGARI ba="0,1" hai="2,6,8,47,48,52,53,55,72,76,82,105,106,107" machi="72" ten="30,4000,0" yaku="1,1,0,1,54,1,53,0" doraHai="132" doraHaiUra="64" who="1" fromWho="1" sc="387,-10,338,50,75,-20,190,-10" /><INIT seed="7,0,0,1,4,135" ten="377,388,55,180" oya="3" hai0="42,133,6,98,51,22,87,60,48,127,25,93,109" hai1="23,35,2,33,52,39,62,41,56,26,32,130,57" hai2="20,125,15,89,118,71,126,44,16,107,7,116,88" hai3="85,38,95,96,59,8,12,74,10,1,84,40,31"/><W103/><G74/><T112/><D109/><U34/><E2/><V121/><F71/><W102/><G1/><T124/><D133/><U111/><E111/><V83/><F107/><W106/><G31/><T97/><D6/><U47/><E130/><V13/><F121/><W77/><G38/><T117/><D117/><N who="2" m="45162" /><F44/><W21/><G40/><T79/><D60/><U46/><E34/><V14/><F7/><W65/><G106/><T134/><D134/><U110/><E110/><V5/><F5/><W72/><G72/><T68/><D68/><U122/><E122/><V82/><F82/><N who="3" m="47183" /><G103/><T4/><D4/><U129/><E129/><V115/><F115/><W67/><G85/><T3/><D3/><U120/><E120/><V78/><F78/><W108/><G108/><T55/><D112/><U19/><E46/><V36/><F36/><W105/><G105/><T49/><D42/><U24/><REACH who="1" step="1"/><E57/><REACH who="1" ten="377,378,55,180" step="2"/><V131/><F131/><W0/><G59/><T30/><D55/><U101/><E101/><V29/><F29/><AGARI ba="0,1" hai="19,23,24,26,29,32,33,35,39,41,47,52,56,62" machi="29" ten="40,2600,0" yaku="1,1,54,1,53,0" doraHai="135" doraHaiUra="113" who="1" fromWho="2" sc="377,0,378,36,55,-26,180,0" owari="377,18.0,414,51.0,29,-47.0,180,-22.0" /></mjloggm>