<mjloggm ver="2.3"><GO type="97"/><UN n0="%E3%83%8D%E3%82%AA%E3%83%A9%E3%83%B4%E3%82%A3%E3%83%B3" n1="%EF%BC%88%E2%89%A7%E2%96%BD%E2%89%A6%EF%BC%89" n2="%74%6F%6D%61%68%61%77%6B" n3="%6B%79%6F%6E%39%31%30" dan="13,15,13,14" rate="1862,1994,1891,1941" sx="M,M,M,M"/><TAIKYOKU oya="0"/><INIT seed="0,0,0,3,5,100" ten="250,250,250,250" oya="0" hai0="131,132,21,127,26,45,58,68,49,6,87,33,52" hai1="109,40,111,0,110,67,70,133,102,122,121,36,9" hai2="23,88,65,48,94,2,61,128,55,15,74,77,7" hai3="66,35,38,107,90,24,86,97,57,56,63,50,22"/><T89/><D132/><U83/><E83/><V80/><F2/><W78/><G38/><T64/><D131/><U39/><E102/><V72/><F72/><W10/><G35/><T54/><D127/><U31/><E31/><V47/><F128/><W12/><G78/><T76/><D33/><U115/><E133/><V118/><F118/><W116/><G116/><T44/><D6/><N who="1" m="1223" /><E115/><V99/><F7/><W120/><G120/><N who="1" m="46186" /><E40/><V16/><F61/><AGARI ba="0,0" hai="36,39,61,67,70,109,110,111" m="46186,1223" machi="61" ten="40,2600,0" yaku="14,1,23,1" doraHai="100" who="1" fromWho="2" sc="250,0,250,26,250,-26,250,0" /><INIT seed="1,0,0,3,2,27" ten="250,276,224,250" oya="1" hai0="128,98,32,102,92,20,126,132,84,91,37,24,41" hai1="61,34,81,26,58,113,97,65,130,96,118,86,22" hai2="54,111,52,83,14,35,115,112,13,8,133,121,47" hai3="12,59,5,87,72,15,21,85,29,42,71,108,69"/><U99/><E118/><V56/><F121/><W6/><G72/><T94/><D132/><U123/><E123/><V73/><F133/><W28/><G59/><T76/><D128/><U16/><E113/><N who="2" m="43595" /><F111/><W109/><G21/><T107/><D126/><U70/><E130/><V31/><F47/><W19/><G19/><T135/><D135/><U0/><E0/><V95/><F95/><W49/><G49/><T125/><D125/><U116/><E116/><V3/><F3/><W134/><G134/><T75/><D32/><U127/><E127/><V77/><F14/><W110/><G110/><T11/><D11/><U46/><E34/><V57/><F57/><W122/><G42/><T23/><D23/><U62/><E46/><V4/><F56/><W48/><G48/><T39/><D41/><U50/><E50/><V17/><F17/><W33/><G33/><T2/><D2/><U64/><REACH who="1" step="1"/><E99/><REACH who="1" ten="250,266,224,250" step="2"/><V36/><F36/><W45/><G45/><T40/><D39/><U55/><E55/><V119/><F119/><W30/><G122/><T105/><D37/><U106/><E106/><V68/><F68/><N who="3" m="26187" /><G85/><T124/><D40/><U60/><E60/><V10/><F35/><W131/><G87/><T78/><D124/><U66/><E66/><V63/><F63/><W38/><G38/><T80/><REACH who="0" step="1"/><D78/><AGARI ba="0,1" hai="16,22,26,58,61,62,64,65,70,78,81,86,96,97" machi="78" ten="30,11600,0" yaku="1,1,7,1,54,1,53,1" doraHai="27" doraHaiUra="82" who="1" fromWho="0" sc="250,-116,266,126,224,0,250,0" /><INIT seed="1,1,0,3,4,53" ten="134,392,224,250" oya="1" hai0="77,12,74,108,92,18,73,27,132,135,35,31,34" hai1="115,116,47,4,44,57,16,42,33,2,78,28,105" hai2="94,83,65,109,85,95,119,7,45,20,102,61,3" hai3="130,63,82,50,80,25,88,49,13,64,124,17,96"/><U36/><E116/><V9/><F119/><W19/><G124/><T123/><D92/><U48/><E115/><V62/><F109/><W23/><G130/><T43/><D43/><U51/><E105/><V99/><F45/><W114/><G114/><T84/><D84/><U40/><E78/><V39/><F39/><W86/><G96/><T127/><D77/><U90/><E90/><V22/><F95/><W118/><G82/><T1/><D74/><U81/><E81/><V60/><REACH who="2" step="1"/><F65/><REACH who="2" ten="134,392,214,250" step="2"/><W117/><G117/><T54/><D73/><U75/><E36/><V134/><F134/><N who="0" m="51242" /><D54/><U122/><E44/><V58/><F58/><N who="3" m="36983" /><G118/><T26/><D123/><U110/><E47/><V79/><AGARI ba="1,1" hai="3,7,9,20,22,60,61,62,79,83,85,94,99,102" machi="79" ten="30,2000,0" yaku="1,1,0,1,53,0" doraHai="53" doraHaiUra="15" who="2" fromWho="2" sc="134,-6,392,-11,214,33,250,-6" /><INIT seed="2,0,0,2,1,112" ten="128,381,247,244" oya="2" hai0="89,60,37,101,95,86,130,80,99,87,62,14,47" hai1="27,108,106,4,11,40,68,92,54,74,45,25,3" hai2="48,31,38,119,84,120,5,7,13,90,122,24,28" hai3="127,70,117,43,103,49,21,63,55,77,32,42,2"/><V30/><F38/><W129/><G32/><T132/><D130/><U76/><E106/><V71/><F71/><W133/><G129/><T72/><D132/><U50/><E68/><V96/><F96/><W91/><G133/><T94/><D72/><U57/><E108/><V12/><F48/><W121/><G121/><N who="2" m="46697" /><F90/><W16/><G2/><T116/><D116/><U113/><E113/><V41/><F41/><W52/><G117/><T126/><D126/><U46/><E92/><V107/><F84/><W19/><G127/><T26/><D26/><U1/><E1/><V66/><F107/><W17/><G103/><T79/><D14/><N who="2" m="5738" /><F66/><W56/><G77/><T123/><D123/><U73/><E46/><V125/><F125/><W98/><G70/><T59/><D37/><U97/><E97/><V64/><F64/><W65/><G98/><T118/><D118/><U6/><E74/><V111/><F119/><W75/><G75/><T124/><D124/><U51/><E4/><N who="2" m="1611" /><F111/><W8/><G91/><T81/><D47/><U44/><E57/><V18/><F18/><W69/><G55/><T82/><REACH who="0" step="1"/><D62/><REACH who="0" ten="118,381,247,244" step="2"/><U15/><E45/><V109/><F109/><W93/><G63/><T85/><D85/><U35/><E44/><V10/><F10/><W0/><G43/><T83/><D83/><U135/><E73/><V128/><F128/><W53/><G42/><T9/><D9/><U39/><E11/><V22/><AGARI ba="0,1" hai="22,24,28,30,31" m="1611,5738,46697" machi="22" ten="30,3000,0" yaku="34,2" doraHai="112" who="2" fromWho="2" sc="118,-10,381,-10,247,40,244,-10" /><INIT seed="2,1,0,0,3,89" ten="108,371,287,234" oya="2" hai0="94,105,84,85,51,110,67,82,135,1,5,25,55" hai1="112,59,107,11,21,117,54,69,81,90,31,46,92" hai2="9,133,3,52,12,119,73,10,38,121,4,76,30" hai3="114,14,37,111,22,77,83,116,17,39,63,113,57"/><V20/><F121/><W75/><G116/><T48/><D135/><U79/><E117/><V129/><F119/><W93/><G111/><T102/><D110/><U130/><E112/><N who="3" m="43114" /><G93/><T106/><D67/><AGARI ba="1,0" hai="14,17,22,37,39,57,63,67,75,77,83" m="43114" machi="67" ten="30,1000,0" yaku="11,1" doraHai="89" who="3" fromWho="0" sc="108,-13,371,0,287,0,234,13" /><INIT seed="3,0,0,2,4,41" ten="95,371,287,247" oya="3" hai0="3,37,135,0,83,81,72,19,104,52,111,74,26" hai1="48,47,84,60,95,25,51,64,42,124,7,75,106" hai2="80,101,27,100,71,36,54,110,79,59,50,107,91" hai3="5,129,116,127,9,97,89,24,119,87,44,38,33"/><W66/><G129/><T12/><D135/><U114/><E106/><V78/><F71/><W29/><G66/><T17/><D111/><U70/><E114/><V16/><F110/><W108/><G108/><T103/><D37/><U62/><E75/><V112/><F112/><W94/><G127/><T126/><D126/><U63/><E124/><V58/><F36/><W102/><G38/><T109/><D109/><U53/><E7/><V82/><F107/><W93/><REACH who="3" step="1"/><G44/><REACH who="3" ten="95,371,287,237" step="2"/><T99/><D26/><U98/><E64/><V131/><F131/><W90/><G90/><T57/><D74/><U15/><E25/><V21/><F91/><W105/><G105/><T43/><D43/><U85/><E70/><V46/><F59/><W115/><G115/><T123/><D123/><U56/><E15/><AGARI ba="0,1" hai="5,9,15,24,29,33,87,89,93,94,97,102,116,119" machi="15" ten="30,5800,0" yaku="1,1,7,1,53,1" doraHai="41" doraHaiUra="1" who="3" fromWho="1" sc="95,0,371,-58,287,0,237,68" /><INIT seed="3,1,0,0,3,120" ten="95,313,287,305" oya="3" hai0="119,58,54,56,9,97,6,103,1,49,7,16,116" hai1="81,48,66,47,3,21,83,4,90,95,24,41,30" hai2="68,67,36,80,121,124,134,14,82,25,108,10,98" hai3="84,0,133,79,71,128,32,27,34,50,105,74,65"/><W78/><G105/><T35/><D7/><U130/><E130/><V113/><F36/><W87/><G74/><T8/><D35/><U19/><E66/><V73/><F113/><W111/><G0/><T109/><D109/><U64/><E64/><V93/><F121/><W63/><G111/><T17/><D9/><U2/><E2/><V33/><F108/><W43/><G133/><T125/><D125/><U123/><E123/><V29/><F134/><W94/><G128/><T18/><D119/><U114/><E114/><V45/><F45/><W85/><G94/><T69/><D69/><U62/><E62/><V122/><F122/><W57/><G34/><T112/><D112/><U76/><E76/><N who="3" m="29226" /><G71/><T22/><D116/><U127/><E127/><V15/><F73/><W38/><G38/><T61/><D61/><U100/><E100/><V31/><F124/><W77/><G32/><T28/><D58/><U102/><E102/><V37/><F37/><W5/><G5/><T55/><D55/><U72/><E72/><V60/><F31/><W132/><G132/><T11/><D11/><U135/><E135/><V115/><F115/><W86/><G27/><T110/><D110/><U131/><E131/><V96/><F96/><W107/><G107/><T44/><D44/><U59/><E59/><V52/><F15/><W13/><G13/><N who="0" m="9487" /><D28/><U46/><E46/><V126/><F126/><W88/><G77/><T118/><D118/><U51/><E51/><V129/><F129/><W89/><N who="3" m="22016" /><DORA hai="106" /><W23/><G23/><T40/><D40/><U117/><E117/><V75/><F75/><RYUUKYOKU ba="1,0" sc="95,15,313,-15,287,-15,305,15" hai0="1,6,8,17,18,49,54,56,97,103" hai3="43,50,57,63,65,88,89" /><INIT seed="3,2,0,1,2,7" ten="110,298,272,320" oya="3" hai0="50,85,123,29,51,130,56,20,76,73,91,24,74" hai1="45,37,58,65,90,129,84,39,131,32,135,46,62" hai2="59,98,122,89,1,94,6,75,47,110,55,92,36" hai3="13,48,117,108,25,40,93,66,21,95,9,22,87"/><W118/><G66/><T124/><D130/><N who="1" m="49675" /><E32/><V113/><F113/><W77/><G108/><T38/><D123/><U57/><E135/><V17/><F110/><W10/><G77/><T33/><D124/><U18/><E18/><V23/><F75/><W88/><G95/><T105/><D105/><U67/><E90/><V0/><F122/><W79/><G79/><T60/><D38/><N who="1" m="14347" /><E84/><V120/><F6/><W15/><G118/><T111/><D111/><U100/><E100/><V99/><F47/><N who="1" m="17929" /><E67/><V34/><F36/><W116/><G116/><T109/><D109/><U42/><E42/><V128/><F34/><W8/><G117/><T68/><D76/><U82/><E82/><V80/><F80/><W11/><G40/><T4/><D4/><U133/><E133/><V78/><F78/><W19/><G48/><T3/><D3/><U112/><E112/><V54/><F120/><W97/><N who="3" m="2560" /><DORA hai="134" /><W49/><G49/><T107/><D107/><U119/><E119/><V63/><F55/><W28/><G13/><T44/><D74/><U27/><E27/><V61/><F61/><W106/><G106/><T30/><D73/><U5/><E5/><V64/><F64/><W121/><G121/><T132/><D132/><U102/><E102/><V26/><REACH who="2" step="1"/><F128/><REACH who="2" ten="110,298,262,320" step="2"/><W16/><G28/><T125/><D125/><U104/><E104/><V2/><F2/><W103/><G103/><AGARI ba="2,1" hai="0,1,17,23,26,54,59,63,89,92,94,98,99,103" machi="103" ten="30,8000,1" yaku="1,1,7,1,25,2,53,1" doraHai="7,134" doraHaiUra="86,72" who="2" fromWho="3" sc="110,0,298,0,262,96,320,-86" owari="110,-39.0,298,10.0,358,46.0,234,-17.0" /></mjloggm>