<mjloggm ver="2.3"><GO type="169"/><UN n0="%EF%BC%88%E2%89%A7%E2%96%BD%E2%89%A6%EF%BC%89" n1="%E3%82%82%E3%81%A3%E3%81%97%E3%83%BC" n2="%6E%69%6A%69" n3="%E3%81%94%E3%82%8D%E3%81%AB%E3%82%83%E3%83%BC" dan="17,17,16,16" rate="2092,2124,2045,2115" sx="M,M,M,M"/><TAIKYOKU oya="0"/><INIT seed="0,0,0,3,4,49" ten="250,250,250,250" oya="0" hai0="44,8,124,5,93,85,119,60,65,104,30,59,25" hai1="36,26,131,1,42,113,123,37,114,21,17,130,91" hai2="0,63,45,32,96,127,69,116,9,118,51,23,38" hai3="92,108,6,31,20,34,78,84,88,46,4,77,2"/><T52/><D119/><N who="2" m="45610" /><F38/><N who="1" m="14953" /><E1/><V70/><F32/><W120/><G34/><T105/><D124/><U48/><E123/><V71/><F127/><W133/><G108/><T81/><D93/><U135/><E135/><V126/><F126/><W43/><G133/><T41/><D65/><U54/><E42/><V56/><F23/><W107/><G107/><T3/><D44/><N who="1" m="27911" /><E91/><V39/><F96/><W101/><G101/><T97/><D97/><U19/><E17/><V47/><F9/><W35/><G35/><T7/><D7/><N who="3" m="2601" /><G2/><T86/><D41/><U87/><E87/><V33/><F33/><W109/><G109/><T125/><D86/><U83/><E83/><V57/><F0/><W15/><G15/><T76/><REACH who="0" step="1"/><D125/><REACH who="0" ten="240,250,250,250" step="2"/><U110/><E110/><V122/><F122/><W24/><G120/><T67/><D67/><U112/><AGARI ba="0,1" hai="19,21,26,112,113,114,130,131" m="27911,14953" machi="112" ten="40,2700,0" yaku="11,1,52,1" doraHai="49" who="1" fromWho="1" sc="240,-13,250,37,250,-7,250,-7" /><INIT seed="1,0,0,4,2,10" ten="227,287,243,243" oya="1" hai0="54,16,47,58,56,106,112,64,37,130,77,25,66" hai1="111,114,126,33,8,14,29,95,83,39,109,103,134" hai2="123,46,124,93,61,127,89,91,125,13,69,17,53" hai3="119,81,36,75,26,87,135,100,99,30,113,120,84"/><U82/><E114/><V104/><F104/><W44/><G113/><T101/><D112/><U52/><E39/><V98/><F123/><W105/><G120/><T28/><D130/><U40/><E40/><V35/><F35/><W76/><G135/><T88/><D77/><U20/><E33/><V21/><F46/><W116/><G44/><T55/><D106/><U72/><E134/><V9/><F9/><W59/><G59/><N who="0" m="22571" /><D101/><U115/><E115/><V32/><F32/><W57/><G57/><T94/><D37/><U71/><E71/><V5/><F5/><W34/><G36/><T110/><D28/><U49/><E126/><V50/><F50/><W4/><G4/><T118/><D118/><AGARI ba="0,0" hai="26,30,34,75,76,81,84,87,99,100,105,116,118,119" machi="118" ten="40,1300,0" yaku="12,1" doraHai="10" who="3" fromWho="0" sc="227,-13,287,0,243,0,243,13" /><INIT seed="2,0,0,1,4,107" ten="214,287,243,256" oya="2" hai0="40,126,30,22,36,11,0,43,61,114,48,10,39" hai1="49,80,133,28,109,6,23,37,27,83,86,3,29" hai2="31,38,117,135,104,71,127,84,134,131,99,108,74" hai3="47,129,24,35,76,14,106,82,112,33,53,70,85"/><V59/><RYUUKYOKU type="yao9" ba="0,0" sc="214,0,287,0,243,0,256,0" hai2="31,38,59,71,74,84,99,104,108,117,127,131,134,135" /><INIT seed="2,1,0,3,1,106" ten="214,287,243,256" oya="2" hai0="127,102,131,8,96,12,63,10,113,92,19,69,3" hai1="56,77,82,68,59,36,55,101,24,78,44,39,4" hai2="119,6,43,50,75,129,85,123,2,87,65,135,53" hai3="64,107,118,48,45,1,103,33,79,114,88,26,7"/><V116/><F123/><W73/><G118/><T17/><D113/><U98/><E68/><V86/><F129/><W72/><G64/><T66/><D131/><U30/><E4/><V54/><F65/><W108/><G79/><T29/><D127/><U105/><E44/><V125/><F125/><W37/><G37/><T42/><D29/><U0/><E0/><V74/><F43/><W47/><G114/><T91/><D42/><U22/><E78/><V9/><F135/><W40/><G103/><T94/><D3/><U95/><E105/><V41/><F41/><W20/><G107/><T57/><D69/><U104/><E104/><V124/><F124/><W58/><G33/><T16/><REACH who="0" step="1"/><D10/><REACH who="0" ten="204,287,243,256" step="2"/><U132/><E132/><V28/><F28/><W80/><G1/><T49/><D49/><U97/><E39/><V76/><F76/><W15/><G108/><T27/><D27/><U13/><E36/><V100/><F116/><W134/><G134/><T121/><D121/><U25/><E25/><V130/><F119/><W90/><G15/><T35/><D35/><U93/><E77/><V5/><F130/><W38/><G38/><T23/><D23/><U52/><E30/><V51/><F50/><W67/><G20/><T128/><D128/><U120/><E22/><V122/><F51/><W89/><G26/><T111/><D111/><U32/><E24/><V83/><F9/><W126/><G126/><T115/><D115/><U109/><E109/><V133/><F2/><W61/><G40/><T34/><D34/><U31/><E32/><V60/><F122/><W62/><G48/><RYUUKYOKU ba="1,1" sc="204,30,287,-10,243,-10,256,-10" hai0="8,12,16,17,19,57,63,66,91,92,94,96,102" /><INIT seed="3,2,1,4,3,58" ten="234,277,233,246" oya="3" hai0="124,121,76,31,42,69,54,105,52,84,43,66,0" hai1="6,85,86,101,25,49,120,61,102,113,10,47,80" hai2="17,51,22,15,125,13,4,109,32,126,63,135,119" hai3="34,95,73,21,40,45,9,117,128,12,77,46,87"/><W48/><G117/><T106/><D121/><U62/><E120/><V1/><F119/><W37/><G34/><T132/><D0/><U93/><E113/><V39/><F39/><W70/><G70/><T60/><D132/><U130/><E130/><V71/><F32/><W108/><G73/><T99/><D124/><N who="2" m="47722" /><F135/><W5/><G128/><T81/><D31/><U35/><E35/><V103/><F103/><N who="1" m="39433" /><E25/><V131/><F131/><W74/><G74/><T97/><D105/><U28/><E28/><V127/><F127/><W55/><G21/><T50/><D106/><U122/><E122/><V36/><F36/><W134/><G134/><T91/><D54/><N who="1" m="30015" /><E93/><V118/><F118/><W104/><G104/><T26/><D26/><U14/><E85/><V90/><F109/><W30/><G30/><T3/><D3/><U16/><E6/><V79/><F79/><AGARI ba="2,1" hai="10,14,16,61,62,79,80,86" m="30015,39433" machi="79" ten="30,7700,0" yaku="8,1,52,2,54,1" doraHai="58" who="1" fromWho="2" sc="234,0,277,93,233,-83,246,0" /><INIT seed="4,0,0,4,2,20" ten="234,370,150,246" oya="0" hai0="111,35,31,75,103,5,4,47,23,102,1,73,128" hai1="28,42,115,126,36,9,12,122,65,135,53,24,66" hai2="90,15,82,68,120,105,119,30,29,55,10,18,46" hai3="127,11,93,6,3,59,69,116,125,98,74,95,70"/><T114/><D35/><U72/><E122/><V49/><F120/><W108/><G74/><T104/><D128/><U99/><E72/><V34/><F119/><W112/><G108/><T32/><D32/><U110/><E110/><V48/><F68/><W86/><G116/><T71/><D71/><U91/><E135/><V89/><F105/><W56/><G86/><T7/><D111/><U124/><E115/><V129/><F129/><W67/><G95/><T0/><D114/><U17/><E53/><V130/><F130/><W88/><G112/><T92/><D104/><U123/><E123/><V50/><F34/><W45/><G45/><T37/><D75/><U101/><E91/><V84/><F90/><W81/><G81/><T62/><D73/><U85/><E85/><V25/><F25/><W21/><G59/><T96/><D103/><U16/><E17/><V13/><F13/><W106/><G106/><T43/><REACH who="0" step="1"/><D62/><REACH who="0" ten="224,370,150,246" step="2"/><U38/><E101/><V2/><F2/><W107/><G107/><T64/><D64/><U77/><E66/><V118/><F118/><W117/><G117/><T133/><D133/><U52/><E65/><V39/><F39/><W134/><G134/><T41/><D41/><U54/><E42/><V26/><F26/><AGARI ba="0,1" hai="0,1,4,5,7,23,26,31,37,43,47,92,96,102" machi="26" ten="40,3900,0" yaku="1,1,52,1,53,0" doraHai="20" doraHaiUra="8" who="0" fromWho="2" sc="224,49,370,0,150,-39,246,0" /><INIT seed="4,1,0,3,3,30" ten="273,370,111,246" oya="0" hai0="54,51,27,135,126,68,79,39,47,20,115,16,43" hai1="122,80,52,83,29,108,74,28,128,61,2,111,40" hai2="15,123,93,63,103,45,34,71,132,9,81,114,118" hai3="92,32,99,116,129,3,130,85,97,19,91,24,113"/><T12/><D135/><U42/><E2/><V107/><F123/><W21/><G3/><T53/><D126/><U98/><E98/><V87/><F132/><W133/><G133/><T31/><D115/><U90/><E61/><V13/><F114/><W36/><G36/><T49/><D68/><U94/><E94/><V73/><F73/><W44/><G44/><T65/><D65/><U121/><E90/><V125/><F125/><W131/><G113/><T0/><D0/><U6/><E6/><V57/><F71/><W41/><G41/><T38/><D79/><U18/><E18/><V55/><F107/><W72/><G72/><T117/><D117/><U35/><E74/><V14/><F118/><W104/><G116/><T69/><D69/><U22/><E22/><V7/><F45/><W82/><G104/><T95/><D95/><U62/><E62/><V17/><F34/><W112/><G112/><T88/><D88/><U78/><E78/><V67/><F67/><W8/><G8/><T102/><D102/><U26/><E35/><V86/><F7/><W46/><G46/><T105/><D105/><U58/><E122/><V48/><F63/><W33/><G97/><T25/><D39/><U11/><E121/><V109/><F103/><AGARI ba="1,0" hai="19,21,24,32,33,82,85,91,92,99,103,129,130,131" machi="103" ten="40,5200,0" yaku="19,1,52,2" doraHai="30" who="3" fromWho="2" sc="273,0,370,0,111,-55,246,55" /><INIT seed="5,0,0,3,5,34" ten="273,370,56,301" oya="1" hai0="12,60,17,133,106,109,129,41,37,45,135,57,84" hai1="24,39,4,128,50,69,8,53,67,20,92,31,16" hai2="14,82,93,32,30,55,80,68,15,26,73,65,127" hai3="63,86,10,95,42,22,117,43,88,104,78,94,59"/><U85/><E39/><V75/><F127/><W1/><G104/><T33/><D33/><U9/><E128/><V36/><F36/><W113/><G113/><T105/><D109/><U23/><E69/><V98/><F65/><W47/><G78/><T130/><D84/><U102/><E67/><V110/><F68/><W122/><G122/><T56/><D105/><U89/><E102/><V100/><F110/><W114/><G114/><T83/><D83/><U7/><E7/><V6/><F73/><W108/><G108/><T13/><D106/><U77/><E77/><V58/><F75/><W121/><G121/><T97/><D97/><U134/><E4/><V87/><F6/><W118/><G10/><N who="0" m="6295" /><D13/><N who="1" m="9231" /><E134/><N who="0" m="51209" /><D57/><AGARI ba="0,0" hai="8,9,23,24,31,50,53,57,85,89,92" m="9231" machi="57" ten="30,5800,0" yaku="25,1,8,1,54,1" doraHai="34" who="1" fromWho="0" sc="273,-58,370,58,56,0,301,0" /><INIT seed="5,1,0,0,3,116" ten="215,428,56,301" oya="1" hai0="105,54,4,56,47,55,31,126,95,21,78,64,112" hai1="71,74,22,15,32,102,76,68,128,88,124,87,113" hai2="110,39,6,34,129,79,125,135,5,38,118,72,0" hai3="46,60,65,69,29,57,8,111,30,42,14,127,20"/><U104/><E32/><V117/><RYUUKYOKU type="yao9" ba="1,0" sc="215,0,428,0,56,0,301,0" hai2="0,5,6,34,38,39,72,79,110,117,118,125,129,135" /><INIT seed="5,2,0,3,1,117" ten="215,428,56,301" oya="1" hai0="35,112,28,133,103,24,16,4,18,37,70,38,96" hai1="15,64,0,55,9,86,14,125,53,62,20,31,91" hai2="104,3,11,94,84,77,23,7,69,99,19,52,42" hai3="48,25,116,92,111,34,10,56,2,134,33,120,124"/><U22/><E0/><V36/><F104/><W90/><G111/><T89/><D133/><U121/><E121/><V98/><F69/><W26/><G116/><T61/><D112/><U45/><E125/><V44/><F98/><W49/><G134/><T46/><D4/><U132/><E132/><V79/><F84/><W128/><G128/><T75/><D75/><U12/><E9/><V66/><F66/><W114/><G114/><T105/><D89/><U67/><E67/><V97/><F97/><W127/><G10/><T72/><D72/><U6/><E6/><V83/><F83/><W100/><G2/><T47/><D47/><U81/><E45/><V122/><F122/><W119/><G119/><T78/><D78/><U107/><E107/><V68/><F68/><W71/><G71/><T65/><D46/><U131/><E131/><V88/><REACH who="2" step="1"/><F52/><REACH who="2" ten="215,428,46,301" step="2"/><N who="3" m="31751" /><G120/><T63/><D63/><U130/><E62/><V106/><F106/><W102/><G49/><T129/><D129/><U74/><E130/><V27/><AGARI ba="2,1" hai="3,7,11,19,23,27,36,42,44,77,79,88,94,99" machi="27" ten="20,5200,0" yaku="1,1,0,1,7,1,54,1,53,0" doraHai="117" doraHaiUra="135" who="2" fromWho="2" sc="215,-15,428,-28,46,68,301,-15" /><INIT seed="6,0,0,3,4,34" ten="200,400,114,286" oya="2" hai0="131,68,101,53,103,114,126,12,92,44,72,22,88" hai1="69,119,127,85,14,3,86,17,77,4,21,78,71" hai2="110,74,52,37,57,49,122,26,32,18,98,10,95" hai3="48,112,90,46,135,0,100,115,29,28,73,89,120"/><V94/><F122/><W58/><G120/><T125/><D72/><U67/><E119/><V27/><F37/><W7/><G73/><T109/><D68/><U61/><E71/><V54/><F74/><W79/><G79/><T104/><D109/><U1/><E127/><N who="0" m="48649" /><D104/><U66/><E66/><V6/><F110/><W50/><G100/><T65/><D65/><U31/><E31/><V107/><F107/><W102/><G102/><T2/><D2/><U118/><E118/><V117/><F117/><W76/><G76/><T97/><D114/><N who="3" m="43561" /><G58/><T83/><D83/><U91/><E4/><V87/><F32/><W8/><G48/><N who="0" m="28807" /><D131/><U124/><E124/><V70/><F70/><W96/><G135/><T62/><D62/><U16/><E17/><AGARI ba="0,0" hai="12,17,22,88,92,97,101,103" m="28807,48649" machi="17" ten="30,2000,0" yaku="18,1,54,1" doraHai="34" who="0" fromWho="1" sc="200,20,400,-20,114,0,286,0" /><INIT seed="7,0,0,0,0,79" ten="220,380,114,286" oya="3" hai0="98,91,59,90,92,119,65,75,39,133,127,74,20" hai1="26,5,27,29,115,44,84,111,12,87,64,101,130" hai2="6,116,73,15,58,33,125,89,45,25,37,131,99" hai3="2,118,77,63,28,48,32,38,60,14,42,61,93"/><W21/><G2/><T16/><D39/><U106/><E111/><V94/><F116/><W49/><G118/><T107/><D119/><U9/><E115/><V62/><F125/><W13/><G32/><T0/><D0/><U50/><E130/><V53/><F131/><W56/><G38/><T134/><D127/><U66/><E106/><V85/><F73/><W135/><G135/><T102/><D59/><U71/><E101/><V30/><F37/><W47/><G93/><T97/><D65/><N who="1" m="25195" /><E71/><V104/><F45/><N who="3" m="25655" /><G77/><T70/><D70/><U22/><E27/><V68/><F68/><W81/><G56/><T31/><D31/><U122/><E122/><V117/><F117/><W54/><G81/><T128/><D128/><U1/><E1/><V43/><F43/><AGARI ba="0,0" hai="5,9,12,22,26,29,43,44,50,84,87" m="25195" machi="43" ten="30,1000,0" yaku="8,1" doraHai="79" who="1" fromWho="2" sc="220,0,380,10,114,-10,286,0" owari="220,-18.0,390,49.0,104,-40.0,286,9.0" /></mjloggm>