<mjloggm ver="2.3"><GO type="41"/><UN n0="%70%6F%6E%70%69%6D%6F%6E" n1="%E8%B6%85%E9%81%85%E7%90%83" n2="%E3%82%A6%E3%83%AB%E3%83%88%E3%83%A9%E7%AB%8B%E7%9B%B4" n3="%E3%81%A8%E3%83%BC%E3%82%84%E3%82%93" dan="13,13,15,15" rate="1916,1895,1991,2021" sx="M,M,M,M"/><TAIKYOKU oya="0"/><INIT seed="0,0,0,1,4,125" ten="250,250,250,250" oya="0" hai0="61,120,24,126,102,47,85,10,84,15,39,77,65" hai1="1,70,106,28,128,46,89,75,42,111,71,43,64" hai2="97,121,9,45,44,7,60,127,6,31,56,123,135" hai3="23,67,130,11,73,49,114,5,86,124,53,35,79"/><T107/><D126/><U82/><E111/><V48/><F127/><W37/><G73/><T55/><D120/><U17/><E1/><V72/><F135/><W110/><G35/><T88/><D77/><U59/><E106/><V100/><F72/><W93/><G37/><T76/><D76/><U109/><E109/><V62/><F31/><W87/><G114/><T14/><D84/><U66/><E43/><V118/><F118/><W25/><G110/><T117/><D117/><U92/><E66/><V12/><F121/><W103/><G67/><T0/><D24/><U29/><E128/><V63/><F123/><W90/><G103/><T96/><D0/><U36/><E71/><V119/><F119/><W112/><G112/><T101/><D101/><U129/><E129/><V51/><F7/><W13/><G130/><T104/><D104/><U132/><E132/><V40/><F56/><W74/><G74/><T20/><D20/><U69/><E70/><V116/><F116/><W16/><G124/><T2/><D2/><U108/><E108/><V81/><F81/><W27/><G79/><T21/><D21/><U52/><E69/><V91/><F91/><W41/><G41/><N who="0" m="22975" /><D55/><U113/><E113/><V38/><REACH who="2" step="1"/><F45/><REACH who="2" step="2"/><N who="3" m="27823" /><G87/><T19/><D85/><U94/><E75/><V83/><F83/><W22/><G5/><N who="0" m="3407" /><D88/><U50/><E82/><V26/><F26/><AGARI ba="0,1" hai="11,13,16,22,23,25,26,27,86,90,93" m="27823" machi="26" ten="30,2000,0" yaku="8,1,54,1" doraHai="125" who="3" fromWho="2" sc="250,0,250,0,240,-20,250,30" /><INIT seed="1,0,0,1,0,119" ten="250,250,220,280" oya="1" hai0="54,49,131,111,78,101,114,126,1,21,15,26,98" hai1="7,44,100,4,132,58,106,77,63,30,129,6,76" hai2="89,72,65,85,35,90,88,104,110,55,134,17,124" hai3="46,109,41,56,20,0,53,122,9,51,81,42,18"/><U59/><E129/><V103/><F35/><W52/><G109/><T130/><D1/><U74/><E132/><V99/><F65/><W97/><G122/><T22/><D114/><U10/><E106/><V50/><F110/><W127/><G127/><T34/><D111/><U62/><E100/><V92/><F124/><W12/><G0/><T8/><D126/><U33/><E74/><V2/><F2/><W135/><G135/><T39/><D39/><U31/><E33/><V47/><F134/><W27/><G97/><T69/><D69/><U3/><E3/><V14/><F72/><W82/><G53/><T64/><D64/><U133/><E133/><V102/><F102/><W43/><REACH who="3" step="1"/><G46/><REACH who="3" step="2"/><T70/><D131/><U116/><E44/><V36/><F36/><W37/><G37/><T112/><D130/><U125/><E116/><V16/><REACH who="2" step="1"/><F17/><AGARI ba="0,1" hai="9,12,17,18,20,27,41,42,43,51,52,56,81,82" machi="17" ten="40,8000,1" yaku="1,1,8,1,54,1,53,1" doraHai="119" doraHaiUra="23" who="3" fromWho="2" sc="250,0,250,0,220,-80,270,90" /><INIT seed="2,0,0,3,4,54" ten="250,250,140,360" oya="2" hai0="135,21,17,108,45,46,132,116,38,62,75,98,15" hai1="105,30,56,71,51,96,123,80,101,76,86,42,87" hai2="128,50,117,70,89,29,32,88,1,58,64,97,77" hai3="27,44,115,66,113,57,119,67,68,131,25,103,114"/><V28/><F70/><W93/><G119/><T129/><D75/><U109/><E123/><V43/><F1/><W37/><G131/><T12/><D129/><U130/><E71/><V26/><F117/><W104/><G104/><T99/><D116/><U121/><E130/><V49/><F128/><W52/><G68/><T112/><D112/><U107/><E121/><V41/><F77/><W78/><G78/><T92/><D108/><U48/><E109/><V35/><F97/><N who="3" m="59823" /><G44/><T47/><D38/><U16/><E107/><V8/><F8/><W22/><G37/><T0/><D0/><U11/><E30/><V120/><F120/><W125/><G125/><T59/><D12/><U10/><E42/><V40/><F64/><N who="3" m="24619" /><G22/><T9/><D21/><U31/><E31/><V90/><F58/><W53/><G53/><N who="0" m="34159" /><D92/><U2/><E11/><V83/><REACH who="2" step="1"/><F83/><REACH who="2" step="2"/><W134/><G134/><AGARI ba="0,1" hai="9,15,17,45,46,47,98,99,132,134,135" m="34159" machi="134" ten="30,2000,0" yaku="20,1,52,1" doraHai="54" who="0" fromWho="3" sc="250,30,250,0,130,0,360,-20" /><INIT seed="3,0,0,4,0,110" ten="280,250,130,340" oya="3" hai0="111,42,24,123,29,1,76,68,124,89,107,57,31" hai1="26,128,100,73,21,127,133,49,117,67,91,48,63" hai2="121,38,102,28,62,47,64,6,115,90,103,58,82" hai3="23,13,130,118,59,32,126,44,20,74,45,46,72"/><W92/><G118/><T79/><D123/><U105/><E117/><V122/><F6/><W19/><G32/><T113/><D68/><U30/><E127/><V41/><F28/><W96/><G126/><T93/><D107/><U95/><E128/><V78/><F90/><W104/><G104/><T55/><D124/><U27/><E133/><V0/><F103/><W116/><G116/><T65/><D65/><U15/><E73/><V22/><F102/><W12/><G130/><T56/><D1/><U52/><E105/><V8/><F22/><W3/><G3/><T129/><D129/><U53/><E100/><V119/><F119/><W54/><G74/><T132/><D57/><U83/><E83/><V69/><F8/><W17/><G72/><T16/><D111/><U34/><E15/><V40/><F0/><W35/><G35/><T125/><D125/><U120/><E120/><N who="2" m="46187" /><F82/><W2/><G2/><T10/><D132/><U101/><E101/><V88/><F88/><W36/><G36/><T84/><D42/><U81/><E81/><V85/><F85/><W43/><G43/><T86/><D86/><U77/><E77/><V94/><F78/><W9/><G92/><T98/><D76/><U99/><E49/><N who="2" m="26855" /><F94/><W7/><G96/><T108/><D98/><U80/><E48/><V14/><F14/><W131/><G131/><T70/><D79/><U134/><E80/><V61/><F115/><W18/><G13/><N who="0" m="7223" /><D113/><U39/><E134/><V50/><F50/><AGARI ba="0,0" hai="7,9,12,17,18,19,20,23,44,45,46,50,54,59" machi="50" ten="40,2000,0" yaku="8,1" doraHai="110" who="3" fromWho="2" sc="280,0,250,0,130,-20,340,20" /><INIT seed="3,1,0,3,3,11" ten="280,250,110,360" oya="3" hai0="17,37,92,122,56,32,42,33,67,106,124,5,95" hai1="35,94,113,13,88,68,47,64,34,98,48,118,6" hai2="45,55,89,83,78,9,86,119,87,81,46,7,90" hai3="66,41,65,132,112,19,3,24,10,93,51,79,1"/><W22/><G112/><T16/><D106/><U4/><E118/><V54/><F119/><W96/><G132/><T75/><D122/><U108/><E113/><V69/><F69/><W21/><G79/><T91/><D75/><U115/><E115/><V27/><F27/><W102/><G3/><T60/><D124/><U0/><E108/><V126/><F126/><W127/><G127/><T116/><D116/><U57/><E0/><V61/><F78/><W97/><G1/><T107/><D107/><U62/><E68/><V70/><F70/><W77/><G77/><T85/><D5/><U134/><E134/><V72/><F72/><W125/><G125/><T18/><D42/><U12/><E35/><V111/><F111/><W38/><G38/><T25/><D37/><U110/><E34/><V99/><F99/><W80/><G80/><T30/><D33/><U101/><E110/><V121/><F121/><W26/><G10/><T59/><D56/><U49/><E101/><V100/><F100/><W44/><REACH who="3" step="1"/><G97/><REACH who="3" step="2"/><T15/><REACH who="0" step="1"/><D95/><REACH who="0" step="2"/><U130/><E130/><V128/><F128/><W53/><G53/><T63/><D63/><U105/><E105/><V120/><F120/><W117/><G117/><T131/><D131/><U103/><E103/><V109/><F109/><W23/><G23/><AGARI ba="1,2" hai="15,16,17,18,23,25,30,32,59,60,67,85,91,92" machi="23" ten="30,8000,1" yaku="1,1,7,1,52,1,54,1,53,1" doraHai="11" doraHaiUra="58" who="0" fromWho="3" sc="270,103,250,0,110,0,350,-83" /><INIT seed="4,0,0,1,4,54" ten="373,250,110,267" oya="0" hai0="21,106,126,15,64,118,89,1,18,120,44,72,34" hai1="91,40,109,73,59,98,19,92,77,52,10,0,56" hai2="103,4,84,117,60,32,30,121,93,31,100,101,13" hai3="129,28,58,122,113,2,76,49,36,124,22,115,23"/><T68/><D118/><U125/><E109/><V81/><F32/><W127/><G2/><T29/><D72/><U104/><E125/><N who="3" m="48202" /><G36/><T26/><D126/><U74/><E104/><V134/><F121/><W87/><G122/><T112/><D106/><U65/><E40/><V69/><F134/><W110/><G110/><T47/><D120/><U105/><E105/><V114/><F114/><N who="3" m="43531" /><G129/><T96/><D112/><U3/><E3/><V66/><F117/><W85/><G76/><T61/><D1/><U135/><E135/><V6/><F93/><W12/><G28/><T17/><D96/><U8/><E74/><V48/><F48/><W46/><G58/><N who="1" m="22058" /><E73/><V9/><REACH who="2" step="1"/><F4/><REACH who="2" step="2"/><W90/><G12/><T83/><D83/><U133/><E0/><V20/><F20/><N who="3" m="7723" /><G90/><AGARI ba="0,1" hai="6,9,13,30,31,60,66,69,81,84,90,100,101,103" machi="90" ten="40,1300,0" yaku="1,1,53,0" doraHai="54" doraHaiUra="119" who="2" fromWho="3" sc="373,0,250,0,100,23,267,-13" /><INIT seed="5,0,0,2,0,36" ten="373,250,123,254" oya="1" hai0="63,54,134,131,133,129,113,55,66,110,25,27,69" hai1="102,89,2,90,104,96,53,86,61,78,83,15,106" hai2="79,58,52,5,13,17,70,45,125,115,82,39,3" hai3="132,11,71,57,81,40,126,117,16,130,135,98,114"/><U87/><E2/><V62/><F125/><W56/><G71/><T43/><D110/><U6/><E106/><V22/><F115/><W116/><G114/><T37/><D25/><U10/><E87/><V101/><F101/><W84/><G126/><T4/><D4/><U14/><E14/><V85/><F70/><W1/><G98/><T105/><D27/><U92/><E104/><V74/><F74/><W41/><G57/><AGARI ba="0,0" hai="6,10,15,53,57,61,78,83,86,89,90,92,96,102" machi="57" ten="40,2000,0" yaku="8,1" doraHai="36" who="1" fromWho="3" sc="373,0,250,20,123,0,254,-20" /><INIT seed="5,1,0,5,2,74" ten="373,270,123,234" oya="1" hai0="57,19,119,98,123,50,62,71,82,132,41,94,134" hai1="113,81,135,75,7,116,15,44,73,118,97,59,133" hai2="101,93,99,129,89,127,66,115,16,65,43,103,60" hai3="55,0,87,2,69,120,1,30,68,80,105,51,85"/><U23/><E113/><V107/><F115/><W110/><G110/><T4/><D119/><U9/><E44/><V22/><F127/><W130/><G120/><T72/><D123/><U48/><E118/><V53/><F129/><W56/><G105/><T84/><D4/><U31/><E116/><V102/><F43/><W106/><G106/><T122/><D122/><U12/><E97/><V114/><F107/><W10/><G130/><T126/><D72/><U58/><E73/><V25/><REACH who="2" step="1"/><F114/><REACH who="2" step="2"/><W20/><G69/><T112/><D126/><U91/><E48/><V5/><F5/><W109/><G68/><T42/><D50/><U63/><E63/><V40/><F40/><W45/><G109/><T77/><D71/><U108/><E108/><V111/><F111/><W124/><G124/><T3/><D112/><U39/><E39/><V95/><F95/><W26/><G45/><T32/><D41/><U117/><E117/><V61/><F61/><W18/><G87/><T24/><D42/><U14/><E59/><AGARI ba="1,1" hai="16,22,25,53,59,60,65,66,89,93,99,101,102,103" machi="59" ten="40,8000,1" yaku="1,1,25,2,8,1,54,1,53,0" doraHai="74" doraHaiUra="67" who="2" fromWho="1" sc="373,0,270,-83,113,93,234,0" /><INIT seed="6,0,0,2,4,58" ten="373,187,206,234" oya="2" hai0="107,5,114,103,72,45,61,33,51,1,89,64,60" hai1="4,115,84,122,106,111,35,76,12,40,120,97,129" hai2="13,130,62,31,116,16,90,125,19,14,29,15,66" hai3="98,81,55,20,75,53,94,100,32,18,123,10,110"/><V65/><F116/><W38/><G110/><T3/><D72/><U118/><E118/><V49/><F125/><W117/><G32/><T48/><D33/><U86/><E111/><V37/><F37/><W22/><G38/><T82/><D114/><U43/><E35/><V79/><F130/><W21/><G117/><T83/><D5/><U27/><E115/><V135/><F135/><W99/><G123/><N who="1" m="47146" /><E129/><V131/><F131/><W127/><G127/><T73/><D89/><U80/><E27/><V9/><F79/><W105/><G75/><T17/><D17/><N who="2" m="6730" /><F9/><W8/><G81/><T23/><D73/><U85/><E106/><V41/><F90/><W69/><G69/><T7/><D7/><U128/><E128/><V47/><F65/><W30/><G30/><N who="2" m="11273" /><F66/><W101/><G18/><T6/><D64/><U28/><E28/><V112/><F112/><W124/><G124/><T56/><D6/><U39/><E97/><V92/><F92/><W57/><REACH who="3" step="1"/><G55/><REACH who="3" step="2"/><T113/><D113/><U44/><E39/><V11/><F11/><W126/><G126/><T88/><D23/><U24/><E43/><V71/><F71/><W109/><G109/><T134/><D134/><U133/><E133/><V121/><F121/><W132/><G132/><T63/><D82/><U2/><E44/><V36/><F36/><W119/><G119/><T87/><D45/><U68/><E40/><V95/><F95/><W67/><G67/><T108/><D83/><U50/><E68/><V74/><F74/><W70/><G70/><T104/><D107/><U26/><E80/><V54/><F41/><RYUUKYOKU ba="0,1" sc="373,-15,187,-15,206,15,224,15" hai2="13,14,15,47,49,54,62" hai3="8,10,20,21,22,53,57,94,98,99,100,101,105" /><INIT seed="6,1,1,2,0,24" ten="358,172,221,239" oya="2" hai0="134,13,119,2,86,66,108,89,76,128,131,25,90" hai1="51,100,93,34,126,43,123,21,64,97,56,105,54" hai2="39,18,77,111,112,33,46,8,87,85,129,69,73" hai3="6,44,101,91,133,127,42,63,70,53,1,92,31"/><V27/><F85/><W81/><G133/><T30/><D2/><U88/><E34/><V47/><F87/><W120/><G120/><T10/><D108/><U113/><E123/><V14/><F111/><W84/><G127/><T28/><D134/><U50/><E126/><V116/><F116/><W58/><G70/><T35/><D119/><U106/><E113/><V71/><F112/><W103/><G6/><T95/><D30/><U41/><E64/><V15/><F129/><W22/><G1/><T55/><D66/><U3/><E3/><V12/><F69/><W11/><G11/><T38/><D38/><U99/><E106/><V115/><F71/><W52/><G53/><T0/><D0/><U80/><E80/><V75/><F115/><W17/><G81/><N who="0" m="47399" /><D55/><U16/><REACH who="1" step="1"/><E51/><REACH who="1" step="2"/><V23/><F39/><W57/><G57/><T104/><D104/><U61/><E61/><V45/><F33/><W4/><G58/><T110/><D110/><U79/><E79/><V107/><F107/><W98/><G63/><T65/><D65/><U36/><E36/><V67/><F67/><W59/><G59/><T132/><D132/><U5/><E5/><V20/><F77/><W125/><G125/><T78/><D78/><U130/><E130/><N who="0" m="49705" /><D95/><U48/><E48/><V19/><F75/><W68/><G92/><T72/><D72/><U62/><E62/><V124/><F73/><W32/><G68/><T74/><D74/><U82/><E82/><V26/><F124/><W102/><G32/><T7/><AGARI ba="1,2" hai="7,10,13,25,28,35,89,90" m="49705,47399" machi="7" ten="30,2000,0" yaku="19,1,52,1" doraHai="24" who="0" fromWho="0" sc="358,43,162,-6,221,-11,239,-6" /><INIT seed="7,0,0,1,5,103" ten="401,156,210,233" oya="3" hai0="106,33,53,122,10,58,114,86,109,29,73,92,102" hai1="48,30,97,5,99,66,81,52,132,46,16,38,2" hai2="13,111,56,80,12,62,83,47,84,7,9,6,96" hai3="105,90,78,91,70,89,126,88,121,67,87,51,35"/><W69/><G121/><T104/><D73/><U43/><E132/><V135/><F135/><W57/><G35/><T36/><D36/><U79/><E66/><V0/><F111/><W108/><G126/><T17/><D109/><U82/><E82/><V24/><F0/><W134/><G108/><T124/><D114/><U123/><E123/><V23/><F96/><W94/><G134/><T25/><D124/><U61/><E61/><V19/><F47/><W128/><G128/><T26/><D122/><U95/><E30/><V32/><F32/><W110/><G110/><T14/><D26/><U27/><E95/><V119/><F119/><W127/><G105/><T133/><D133/><U65/><E65/><V37/><F37/><W101/><G127/><T98/><D86/><U1/><E5/><V3/><F3/><W55/><G101/><T131/><D131/><U59/><E2/><V107/><F107/><W31/><G31/><T76/><D76/><U42/><E42/><V68/><F68/><W22/><G78/><T21/><D33/><U93/><E1/><V28/><F13/><W115/><G67/><T4/><D29/><U44/><E44/><V74/><F74/><W60/><G115/><T75/><D75/><U45/><E45/><V8/><F8/><W113/><G113/><T18/><D4/><N who="2" m="1578" /><F84/><W71/><REACH who="3" step="1"/><G22/><REACH who="3" step="2"/><T54/><D106/><U118/><E118/><V85/><F85/><W49/><AGARI ba="0,1" hai="49,51,55,57,60,69,70,71,87,88,89,90,91,94" machi="49" ten="40,12000,1" yaku="1,1,2,1,0,1,54,1,53,0" doraHai="103" doraHaiUra="11" who="3" fromWho="3" sc="401,-40,156,-40,210,-40,223,130" /><INIT seed="7,1,0,2,3,118" ten="361,116,170,353" oya="3" hai0="46,48,21,91,84,109,73,64,67,52,85,93,17" hai1="7,5,56,110,45,76,106,41,34,68,53,25,97" hai2="30,122,6,86,26,51,0,102,16,111,80,134,35" hai3="69,43,113,40,50,77,33,44,119,123,124,10,57"/><W104/><G123/><T95/><D73/><U66/><E110/><V100/><F111/><W98/><G119/><T58/><D109/><U81/><E68/><V121/><F51/><W8/><G69/><T103/><D46/><U135/><E66/><V14/><F102/><W47/><G33/><T29/><D29/><U79/><E135/><V28/><F100/><W116/><G116/><T131/><D131/><U63/><E79/><V9/><F30/><W55/><G113/><T94/><D85/><U96/><E106/><V74/><F74/><W88/><G77/><T105/><D105/><U72/><E96/><V133/><F86/><W128/><G128/><T38/><D38/><U1/><E1/><V107/><F80/><W114/><G114/><T36/><D36/><U129/><E129/><V126/><F107/><W3/><G104/><T71/><D71/><U108/><E108/><V60/><F60/><N who="3" m="35903" /><G3/><T78/><D78/><U2/><E2/><V54/><F54/><W75/><G75/><T37/><D37/><U31/><REACH who="1" step="1"/><E97/><REACH who="1" step="2"/><V42/><F126/><W4/><G124/><T65/><D103/><U115/><E115/><V20/><REACH who="2" step="1"/><F42/><REACH who="2" step="2"/><N who="3" m="15915" /><G4/><T99/><D99/><U130/><E130/><V83/><F83/><W12/><G50/><T70/><D70/><U23/><E23/><V87/><F87/><W18/><G8/><T49/><D48/><U90/><E90/><V59/><F59/><W101/><G101/><T15/><AGARI ba="1,2" hai="15,17,21,49,52,58,64,65,67,84,91,93,94,95" machi="15" ten="30,8000,1" yaku="0,1,25,2,8,1,54,1" doraHai="118" who="0" fromWho="0" sc="361,103,106,-21,160,-21,353,-41" owari="464,56,85,-41,139,-26,312,11" /></mjloggm>