<mjloggm ver="2.3"><GO type="97"/><UN n0="%E4%B8%8D%E6%9D%A1%E7%90%86" n1="%E3%81%94%E3%81%8F%E3%82%8A" n2="%EF%BC%88%E2%89%A7%E2%96%BD%E2%89%A6%EF%BC%89" n3="%66%72%6C%6F%6E%67%65%72" dan="16,13,15,14" rate="2012,1928,2008,1827" sx="M,M,F,M"/><TAIKYOKU oya="0"/><INIT seed="0,0,0,2,4,2" ten="250,250,250,250" oya="0" hai0="104,51,103,12,48,27,55,42,68,18,81,118,58" hai1="130,56,24,128,11,92,50,40,31,107,0,119,117" hai2="21,133,5,3,30,96,109,39,84,95,52,10,22" hai3="89,63,75,102,70,4,98,60,6,54,99,108,120"/><T129/><D118/><U122/><E107/><V35/><F39/><W106/><G75/><T124/><D68/><U69/><E69/><V134/><F133/><W36/><G36/><T41/><D124/><U123/><E92/><V100/><F134/><W79/><G79/><T1/><D129/><N who="1" m="49771" /><E56/><V43/><F109/><W80/><G108/><T47/><D1/><U85/><E50/><V86/><F43/><W38/><G38/><T61/><D81/><U121/><E40/><V110/><F110/><W65/><G120/><T29/><D104/><U15/><E85/><V87/><REACH who="2" step="1"/><F52/><REACH who="2" ten="250,250,240,250" step="2"/><W19/><G54/><T25/><D42/><U74/><E74/><V125/><F125/><W101/><G65/><T53/><D41/><U126/><E126/><V131/><F131/><W94/><G70/><T45/><D53/><U114/><E114/><V111/><F111/><W66/><G66/><T135/><D135/><U93/><E93/><V88/><F88/><W9/><G89/><T8/><D51/><U64/><E64/><V14/><F14/><W44/><G94/><T91/><D91/><U83/><E0/><V7/><F7/><W77/><G4/><T113/><D48/><U105/><E105/><V32/><F32/><W23/><G6/><T115/><D55/><U90/><E90/><V34/><F34/><W16/><G106/><T46/><D115/><U59/><E121/><V33/><F33/><W132/><G132/><T13/><D113/><U57/><E123/><V71/><F71/><W37/><G37/><T72/><D58/><U112/><E122/><V26/><AGARI ba="0,1" hai="3,5,10,21,22,26,30,35,84,86,87,95,96,100" machi="26" ten="30,12000,2" yaku="1,1,5,1,0,1,52,1,53,2" doraHai="2" doraHaiUra="17" who="2" fromWho="2" sc="250,-60,250,-30,240,130,250,-30" /><INIT seed="1,0,0,4,3,14" ten="190,220,370,220" oya="1" hai0="15,38,118,5,125,49,29,66,85,13,46,67,28" hai1="33,99,133,43,121,113,111,77,109,132,73,92,35" hai2="105,88,130,110,4,21,37,124,32,71,83,115,128" hai3="24,86,10,31,112,63,126,36,55,97,50,20,61"/><U100/><E43/><V41/><F105/><W44/><G112/><T45/><D118/><U42/><E42/><V69/><F32/><W1/><G126/><T26/><D38/><U80/><E113/><V120/><F115/><W51/><G36/><T39/><D39/><U11/><E11/><V48/><F124/><W122/><G122/><T60/><D125/><U116/><E121/><V52/><F37/><W57/><G97/><T102/><D102/><U95/><E116/><V101/><F41/><W53/><G1/><T87/><D5/><U117/><E33/><V103/><F4/><W58/><G10/><T134/><D49/><U84/><E35/><V16/><F120/><W23/><G23/><T123/><D123/><U40/><E40/><V104/><F110/><N who="1" m="41993" /><E117/><V64/><F104/><W34/><G34/><T56/><D60/><U119/><E119/><V2/><F2/><W25/><G25/><T0/><D26/><U107/><E92/><V22/><F101/><W54/><G86/><T131/><D0/><U135/><E95/><V74/><F103/><W70/><G70/><N who="2" m="26633" /><F74/><AGARI ba="0,0" hai="73,74,77,80,84,99,100,107,132,133,135" m="41993" machi="74" ten="40,12000,1" yaku="20,1,14,1,10,1,34,2" doraHai="14" who="1" fromWho="2" sc="190,0,220,120,370,-120,220,0" /><INIT seed="1,1,0,3,1,1" ten="190,340,250,220" oya="1" hai0="29,33,117,71,24,119,74,25,32,10,81,35,107" hai1="100,14,19,75,127,18,64,121,56,90,59,7,132" hai2="27,52,98,65,15,113,123,49,48,114,88,17,66" hai3="133,115,77,62,97,108,111,76,84,42,125,70,116"/><U118/><E75/><V68/><F123/><W37/><G115/><N who="2" m="44041" /><F68/><W73/><G37/><T129/><D107/><U80/><E121/><V43/><F27/><W60/><G42/><T101/><D101/><U26/><E118/><N who="0" m="45065" /><D71/><U61/><E100/><V69/><F69/><W54/><G54/><T63/><D63/><U103/><E103/><V53/><F43/><W50/><G50/><N who="2" m="19561" /><F65/><W87/><G70/><T34/><D81/><U102/><E102/><V72/><F72/><W13/><G13/><T131/><D74/><U47/><E59/><V57/><F57/><W112/><G73/><T44/><D44/><U16/><E47/><V9/><F66/><W128/><G112/><T45/><D45/><U91/><E26/><V96/><F96/><W79/><G116/><T89/><D89/><U134/><E80/><V94/><AGARI ba="1,0" hai="9,15,17,52,53,88,94,98" m="19561,44041" machi="94" ten="30,4000,0" yaku="11,1,54,2" doraHai="1" who="2" fromWho="2" sc="190,-11,340,-21,250,43,220,-11" /><INIT seed="2,0,0,4,0,32" ten="179,319,293,209" oya="2" hai0="106,74,48,64,108,117,80,68,11,58,116,4,114" hai1="111,90,26,52,77,15,82,39,2,17,112,44,54" hai2="100,51,35,127,109,130,22,13,128,102,1,16,122" hai3="78,81,49,79,7,56,86,75,132,47,84,62,67"/><V5/><F122/><W8/><G132/><T95/><D106/><U30/><E112/><V61/><F127/><W118/><G118/><N who="0" m="45675" /><D114/><U113/><E113/><V126/><F126/><W88/><G75/><T12/><D108/><U14/><E111/><V50/><F109/><W120/><G84/><T60/><D95/><U71/><E71/><V27/><F61/><W36/><G36/><T125/><D125/><U72/><E90/><V55/><F35/><W38/><G38/><T119/><N who="0" m="45683" /><T3/><DORA hai="131" /><D12/><U89/><E15/><V41/><F41/><W70/><G70/><T31/><D31/><U65/><E65/><V96/><F27/><W63/><G63/><N who="0" m="39967" /><D48/><N who="2" m="18474" /><F96/><W92/><G92/><T115/><D115/><U20/><E89/><V134/><F134/><W121/><G121/><T0/><D3/><U104/><E2/><V97/><F97/><W133/><G133/><T21/><D21/><U19/><E104/><V18/><F18/><W42/><REACH who="3" step="1"/><G120/><REACH who="3" ten="179,319,293,199" step="2"/><T9/><D74/><U83/><E82/><V91/><F102/><W135/><G135/><T43/><D80/><U29/><E72/><V93/><F100/><W101/><G101/><T105/><D105/><U6/><E83/><V123/><F93/><W34/><G34/><T57/><D60/><U76/><E39/><V99/><F123/><W45/><G45/><T10/><D58/><U85/><E44/><V98/><F99/><W25/><G25/><T124/><D57/><U59/><E59/><V69/><F69/><W33/><G33/><T53/><D124/><U40/><E85/><V110/><F110/><RYUUKYOKU ba="0,1" sc="179,-10,319,-10,293,-10,199,30" hai3="7,8,42,47,49,56,62,67,78,79,81,86,88" /><INIT seed="3,1,1,4,5,126" ten="169,309,283,229" oya="3" hai0="35,65,103,72,84,3,12,128,131,134,133,53,92" hai1="15,20,28,51,87,69,79,56,48,120,42,86,90" hai2="55,37,101,32,31,52,91,78,108,127,44,121,47" hai3="43,116,34,57,122,74,7,118,110,93,36,4,46"/><W29/><G74/><T107/><D3/><U130/><E69/><V54/><F127/><W119/><G122/><T100/><D35/><U85/><E120/><V81/><F121/><W112/><G112/><T89/><D65/><U63/><E130/><N who="0" m="49705" /><D72/><U23/><E79/><V83/><F108/><W26/><G110/><T2/><D2/><U27/><E90/><V71/><F71/><W114/><G114/><T64/><D64/><N who="1" m="39015" /><E42/><V97/><F37/><W98/><REACH who="3" step="1"/><G57/><REACH who="3" ten="169,309,283,219" step="2"/><T39/><D39/><U49/><E20/><V9/><F32/><W0/><G0/><T30/><D30/><U104/><E104/><V60/><F31/><W1/><G1/><T59/><D12/><AGARI ba="1,2" hai="12,15,23,27,28,48,49,51,85,86,87" m="39015" machi="12" ten="30,1000,0" yaku="8,1" doraHai="126" who="1" fromWho="0" sc="169,-13,309,33,283,0,219,0" owari="156,-34.0,342,44.0,283,8.0,219,-18.0" /></mjloggm>