<mjloggm ver="2.3"><GO type="137"/><UN n0="%E3%81%91%E3%82%93%E3%81%97%E3%82%8D%E3%81%86" n1="%EF%BC%88%E2%89%A7%E2%96%BD%E2%89%A6%EF%BC%89" n2="%6E%69%6A%6F%68" n3="%41%4D%41%4E%45%45" dan="12,12,10,11" rate="1624,1955,1583,1695" sx="M,M,M,F"/><TAIKYOKU oya="0"/><INIT seed="0,0,0,4,4,41" ten="250,250,250,250" oya="0" hai0="13,90,84,35,36,17,115,68,2,67,88,46,7" hai1="94,120,93,122,60,58,98,95,57,26,4,76,28" hai2="62,16,29,83,89,128,101,66,9,33,110,21,64" hai3="49,22,27,109,118,52,20,69,80,6,99,71,48"/><T50/><D35/><U77/><E4/><V131/><F131/><W133/><G118/><T107/><D115/><U75/><E98/><V11/><F110/><W113/><G109/><T121/><D107/><U123/><E75/><V31/><F128/><W63/><G113/><T130/><D121/><U134/><E134/><V59/><F33/><W112/><G112/><T78/><D130/><U56/><REACH who="1" step="1"/><E60/><REACH who="1" step="2"/><V96/><F96/><W18/><G133/><T1/><D7/><U97/><E97/><V119/><F62/><W24/><G6/><T86/><D1/><U91/><E91/><V3/><F89/><W19/><G99/><T87/><D2/><U116/><E116/><V129/><F3/><W38/><G38/><T12/><D78/><U102/><E102/><V85/><F101/><W135/><G135/><T92/><D87/><U125/><E125/><V70/><F85/><W43/><G63/><T42/><D86/><U81/><E81/><V126/><F83/><W40/><G80/><T105/><D90/><U111/><E111/><V30/><F126/><W45/><G49/><T103/><D50/><U117/><E117/><V114/><F119/><W37/><G37/><T39/><D39/><U74/><E74/><V55/><F114/><W34/><G34/><AGARI ba="0,1" hai="26,28,34,56,57,58,76,77,93,94,95,120,122,123" machi="34" ten="50,8000,1" yaku="1,1,29,2,53,2" doraHai="41" doraHaiUra="73" who="1" fromWho="3" sc="250,0,240,90,250,0,250,-80" /><INIT seed="1,0,0,3,0,117" ten="250,330,250,170" oya="1" hai0="125,41,47,38,0,133,54,53,62,86,114,2,112" hai1="6,119,23,115,96,134,102,68,90,124,63,16,14" hai2="123,135,85,15,95,56,20,126,32,132,13,40,34" hai3="128,131,28,120,122,55,7,18,61,22,105,107,91"/><U67/><E119/><V99/><F20/><W83/><G7/><T10/><D10/><U127/><E115/><V19/><F40/><W75/><G28/><T130/><D86/><U1/><E134/><N who="2" m="51243" /><F56/><N who="3" m="34975" /><G75/><T79/><D133/><U59/><E90/><V27/><F85/><N who="3" m="50623" /><G105/><T89/><D79/><U111/><E111/><V78/><F78/><W64/><G64/><T26/><D89/><U81/><E81/><V88/><F126/><N who="1" m="48169" /><E68/><V101/><F101/><W48/><G48/><T100/><D125/><U11/><E102/><V92/><F92/><W87/><G87/><T9/><D100/><U58/><E58/><V17/><F34/><W97/><G97/><AGARI ba="0,0" hai="1,6,11,14,16,23,59,63,67,96,97" m="48169" machi="97" ten="30,2900,0" yaku="18,1,54,1" doraHai="117" who="1" fromWho="3" sc="250,0,330,29,250,0,170,-29" /><INIT seed="1,1,0,0,0,47" ten="250,359,250,141" oya="1" hai0="20,104,50,113,97,38,13,123,15,59,71,115,77" hai1="19,102,22,56,34,135,31,10,108,51,26,133,24" hai2="88,126,16,114,122,87,99,93,89,111,52,18,130" hai3="132,40,78,30,119,48,7,0,58,76,124,27,2"/><U62/><E108/><V3/><F122/><W6/><G119/><T131/><D38/><U109/><E109/><V4/><F111/><W106/><G106/><T69/><D123/><U91/><E102/><V101/><F130/><W112/><G112/><T85/><D131/><U127/><E127/><V21/><F126/><W107/><G107/><T53/><D115/><U82/><E10/><V118/><F114/><W92/><G124/><T72/><D72/><U1/><E1/><V84/><F118/><W41/><G132/><T100/><D113/><U61/><E91/><V129/><F129/><W46/><G92/><T8/><D15/><U44/><E82/><V98/><F3/><W68/><G68/><T23/><D71/><U66/><REACH who="1" step="1"/><E62/><REACH who="1" step="2"/><V103/><F89/><W49/><G0/><T43/><D69/><U42/><AGARI ba="1,1" hai="19,22,24,26,31,34,42,44,51,56,61,66,133,135" machi="42" ten="30,12000,1" yaku="1,1,2,1,0,1,52,1,53,1" doraHai="47" doraHaiUra="39" who="1" fromWho="1" sc="250,-41,349,133,250,-41,141,-41" /><INIT seed="1,2,0,0,0,67" ten="209,482,209,100" oya="1" hai0="47,125,97,36,58,76,4,82,9,25,132,62,0" hai1="92,117,5,61,93,39,44,127,3,115,54,78,8" hai2="109,45,100,65,20,105,56,30,27,85,86,29,71" hai3="57,51,77,104,17,130,1,35,46,106,69,123,131"/><U15/><E117/><V74/><F30/><W99/><G77/><T37/><D132/><U133/><E115/><V52/><F74/><W110/><G123/><T31/><D125/><U128/><E133/><V119/><F119/><W101/><G1/><T75/><D97/><U34/><E127/><V72/><F72/><W21/><G57/><T32/><REACH who="0" step="1"/><D47/><REACH who="0" step="2"/><U103/><E44/><V33/><F20/><W98/><G35/><T121/><D121/><U22/><E34/><V118/><F45/><W48/><G110/><T79/><D79/><U16/><E103/><V120/><F120/><W87/><G87/><T68/><D68/><U90/><E78/><V23/><F23/><W89/><G69/><T10/><D10/><U81/><E8/><V122/><F122/><W43/><G98/><T55/><AGARI ba="2,1" hai="0,4,9,25,31,32,36,37,55,58,62,75,76,82" machi="55" ten="20,2700,0" yaku="1,1,0,1,7,1,53,0" doraHai="67" doraHaiUra="19" who="0" fromWho="0" sc="199,43,482,-15,209,-9,100,-9" /><INIT seed="2,0,0,3,2,47" ten="242,467,200,91" oya="2" hai0="20,72,48,85,70,43,95,34,102,49,9,46,98" hai1="130,101,134,75,36,104,59,100,62,120,28,65,30" hai2="89,67,56,6,26,19,93,112,125,124,32,60,16" hai3="76,11,18,25,41,97,91,0,38,10,55,3,94"/><V2/><F112/><W82/><G25/><T44/><D70/><U33/><E134/><V51/><F2/><W21/><G38/><T12/><D34/><U115/><E75/><V79/><F32/><W81/><G41/><T103/><D72/><U15/><E115/><V109/><F109/><W105/><G105/><T40/><D85/><U61/><E36/><V39/><F39/><W66/><G66/><T86/><D86/><U99/><E130/><V107/><F107/><W78/><G0/><T132/><D132/><U135/><E120/><V63/><F79/><W87/><G3/><T31/><D31/><U131/><E131/><V69/><F6/><W96/><G55/><T114/><D114/><U88/><E135/><V57/><F51/><W77/><G21/><T116/><D116/><U52/><E101/><V45/><F45/><W1/><G18/><N who="2" m="6697" /><F26/><W53/><G53/><T14/><D20/><U27/><E30/><V24/><F24/><W37/><G37/><T4/><D14/><U83/><E15/><V74/><F74/><W80/><G1/><T122/><D122/><U23/><E23/><V128/><F128/><W71/><G71/><T108/><D108/><U35/><E35/><V13/><F13/><W17/><G17/><T58/><D58/><N who="2" m="22634" /><F63/><W84/><G10/><T110/><D110/><U7/><E7/><V68/><F68/><W111/><G11/><T117/><D117/><U90/><E83/><N who="3" m="31818" /><G111/><T123/><D123/><U64/><E62/><V54/><F54/><W5/><G5/><T129/><D129/><U126/><E52/><V119/><F119/><RYUUKYOKU ba="0,0" sc="242,10,467,-30,200,10,91,10" hai0="4,9,12,40,43,44,46,48,49,95,98,102,103" hai2="60,67,69,89,93,124,125" hai3="76,77,78,82,84,87,91,94,96,97" /><INIT seed="2,1,0,4,0,78" ten="252,437,210,101" oya="2" hai0="31,116,9,21,58,45,84,123,87,57,18,113,52" hai1="89,27,104,61,62,44,50,74,5,95,16,85,124" hai2="8,77,3,1,97,125,49,39,73,67,92,65,99" hai3="63,59,79,80,48,41,23,22,46,55,101,12,13"/><V129/><F39/><W38/><G38/><T126/><D113/><U69/><E104/><V15/><F129/><W30/><G101/><T42/><D123/><U0/><E74/><V109/><F109/><W96/><G96/><T19/><D116/><U106/><E106/><V81/><F125/><W32/><G32/><T43/><D57/><U20/><E124/><V36/><F36/><W29/><G12/><T118/><D126/><U33/><E33/><V14/><F14/><W71/><G71/><T24/><D118/><U83/><E69/><V133/><F133/><W86/><G13/><T53/><D53/><N who="1" m="29895" /><E0/><V6/><F99/><W56/><G56/><T121/><D121/><U54/><E5/><V40/><F1/><W90/><G79/><T2/><D2/><U26/><E26/><V131/><F131/><W88/><G90/><T47/><D9/><U130/><E130/><V37/><F49/><W107/><G107/><T66/><D66/><U127/><E127/><V75/><F75/><W119/><G119/><T4/><D4/><U28/><E28/><AGARI ba="1,0" hai="22,23,28,29,30,41,46,48,55,59,63,80,86,88" machi="28" ten="40,5200,0" yaku="8,1,52,1,54,1" doraHai="78" who="3" fromWho="1" sc="252,0,437,-55,210,0,101,55" /><INIT seed="3,0,0,3,1,3" ten="252,382,210,156" oya="3" hai0="85,65,45,30,87,72,38,63,44,119,68,125,110" hai1="106,124,57,8,94,46,93,14,77,115,127,4,135" hai2="120,25,58,81,104,96,86,23,39,27,123,66,15" hai3="55,11,129,89,79,69,47,84,0,28,32,22,99"/><W101/><G129/><T6/><D119/><U114/><E106/><V112/><F39/><W34/><G79/><T88/><D72/><U26/><E135/><V121/><F104/><W40/><G69/><T35/><D125/><N who="1" m="48203" /><E77/><V64/><F96/><W21/><G55/><T5/><D87/><U122/><E122/><V59/><F15/><W116/><G116/><T16/><D110/><U52/><E46/><V108/><F108/><W75/><G75/><T61/><D63/><N who="1" m="36263" /><E26/><V48/><F48/><W12/><G0/><T2/><D2/><U107/><E107/><V53/><F23/><W71/><G71/><T36/><D38/><U73/><E73/><V9/><F9/><W7/><G34/><T10/><D36/><U49/><E49/><V62/><F112/><AGARI ba="0,0" hai="4,8,14,93,94,112,114,115" m="36263,48203" machi="112" ten="30,3900,0" yaku="18,1,52,1,54,1" doraHai="3" who="1" fromWho="2" sc="252,0,382,39,210,-39,156,0" /><INIT seed="4,0,0,2,2,44" ten="252,421,171,156" oya="0" hai0="43,17,0,91,60,51,103,127,102,78,79,81,19" hai1="16,82,114,94,21,8,24,93,32,13,41,117,64" hai2="80,1,22,131,95,20,72,35,23,12,31,115,38" hai3="109,123,100,28,4,116,42,45,92,65,89,85,30"/><T57/><D0/><U128/><E117/><V52/><F38/><W98/><G116/><T5/><D5/><U126/><E128/><V3/><F131/><W90/><G109/><T130/><D130/><U132/><E126/><V74/><F52/><W33/><G33/><T122/><D122/><U124/><E124/><V121/><F95/><W96/><G123/><T55/><D127/><U105/><E105/><V14/><F80/><W15/><G65/><T86/><D43/><U40/><E132/><V69/><F69/><W112/><G112/><T6/><D6/><U54/><E114/><V113/><F74/><W39/><G98/><T104/><D104/><U125/><E125/><V68/><F68/><W58/><G58/><T56/><D19/><N who="1" m="12351" /><E32/><V129/><F72/><W99/><G99/><T118/><D118/><U106/><E106/><V71/><F71/><W62/><G62/><T47/><D17/><U2/><E2/><N who="2" m="523" /><F121/><W59/><G59/><N who="0" m="22603" /><D60/><U9/><E64/><V75/><F75/><W26/><G26/><T29/><D29/><U76/><E54/><V37/><F37/><W25/><G25/><T83/><D81/><U70/><E8/><V87/><F87/><W133/><G133/><T10/><D10/><U53/><E70/><V119/><F119/><W46/><G46/><T27/><D27/><U18/><E53/><V11/><F129/><W50/><G39/><T63/><D63/><U97/><E18/><N who="2" m="8479" /><F14/><W67/><G67/><T84/><D84/><N who="1" m="48199" /><E93/><V49/><F49/><W61/><G61/><T134/><D134/><U73/><E73/><V7/><F7/><RYUUKYOKU ba="0,0" sc="252,10,421,10,171,10,156,-30" hai0="47,51,55,78,79,83,86,91,102,103" hai1="9,13,16,40,41,94,97" hai2="20,22,23,31,35,113,115" /><INIT seed="4,1,0,2,5,107" ten="262,431,181,126" oya="0" hai0="38,59,128,96,46,124,91,79,94,118,2,45,90" hai1="122,86,61,125,37,44,69,50,93,102,104,6,52" hai2="54,15,41,89,85,74,130,30,81,119,43,133,99" hai3="58,3,9,4,27,40,66,100,105,68,21,18,64"/><T26/><D118/><U92/><E122/><V126/><F30/><W60/><G40/><T82/><D2/><U17/><E125/><V57/><F119/><W109/><G109/><T49/><D124/><U48/><E37/><V131/><F126/><W77/><G77/><T63/><D38/><U120/><E120/><V108/><F108/><W106/><G100/><T123/><D123/><U34/><E34/><V31/><F31/><W1/><G1/><T127/><D127/><U70/><E104/><V98/><F15/><W112/><G112/><T115/><D115/><U23/><E6/><V83/><F133/><W20/><G20/><T5/><D5/><U103/><E69/><V51/><F43/><W111/><G111/><T12/><D128/><N who="2" m="49194" /><F41/><W42/><G42/><T25/><D46/><N who="1" m="27671" /><E70/><V10/><F10/><W11/><G11/><T135/><D135/><U67/><E67/><V16/><F16/><W8/><G8/><T0/><D0/><U73/><E61/><V76/><AGARI ba="1,0" hai="51,54,57,74,76,81,83,85,89,98,99" m="49194" machi="76" ten="30,2000,0" yaku="19,1,52,1" doraHai="107" who="2" fromWho="2" sc="262,-11,431,-6,181,23,126,-6" /><INIT seed="5,0,0,2,0,89" ten="251,425,204,120" oya="1" hai0="2,19,33,42,64,30,98,133,57,6,65,20,59" hai1="68,84,47,105,90,14,110,76,67,87,91,88,37" hai2="26,132,27,125,4,56,114,94,22,113,93,72,16" hai3="77,45,134,18,63,126,100,109,36,122,40,73,101"/><U123/><E123/><V9/><F72/><W74/><G122/><T117/><D42/><U28/><E110/><V128/><F56/><W85/><G109/><T112/><D117/><U70/><E105/><V10/><F27/><W13/><G134/><T115/><D133/><U41/><E28/><V55/><F132/><W7/><G126/><T69/><D69/><U118/><E118/><V61/><F61/><W111/><G111/><T3/><D98/><U8/><E76/><V54/><F125/><W21/><G74/><T99/><D99/><U127/><E127/><V78/><F78/><W17/><G73/><T24/><D3/><U15/><E15/><V12/><F9/><W1/><G63/><T31/><D30/><U120/><E120/><V66/><F66/><W106/><G106/><T135/><D135/><U51/><E37/><V58/><F128/><W49/><G36/><T102/><D102/><U104/><E104/><V95/><REACH who="2" step="1"/><F58/><REACH who="2" step="2"/><W107/><G107/><T23/><D65/><U52/><E67/><V116/><F116/><W34/><G34/><T119/><D64/><U108/><E108/><V60/><F60/><W53/><G1/><T82/><D119/><U43/><E70/><V11/><F11/><W38/><G21/><T97/><D23/><U96/><E68/><V35/><F35/><W25/><G25/><T50/><D24/><U130/><E130/><V62/><F62/><W44/><G7/><T79/><D6/><U83/><E8/><V75/><F75/><W46/><G46/><T29/><D33/><U5/><E47/><V71/><F71/><RYUUKYOKU ba="0,1" sc="251,-10,425,-10,194,30,120,-10" hai2="4,10,12,16,22,26,54,55,93,94,95,113,114" /><INIT seed="6,1,1,2,0,30" ten="241,415,224,110" oya="2" hai0="92,65,109,29,83,131,72,5,52,110,111,121,77" hai1="42,61,14,116,118,113,24,38,81,120,74,9,47" hai2="122,88,129,93,84,2,46,69,98,55,50,4,126" hai3="64,68,56,79,134,97,100,13,115,59,67,66,8"/><V35/><F122/><W108/><G108/><T11/><D29/><U19/><E120/><V12/><F69/><W44/><G68/><T36/><D121/><U7/><E113/><V27/><F129/><W25/><G134/><T63/><D131/><U37/><E37/><V60/><F126/><W40/><G79/><T80/><D80/><U128/><E128/><V99/><F2/><W132/><G132/><T18/><D18/><U133/><E133/><V51/><F60/><W94/><G25/><T54/><D36/><U70/><E70/><V41/><F27/><W73/><G73/><T20/><D20/><U119/><E61/><V90/><F35/><W57/><G115/><T17/><D17/><U91/><E91/><V103/><F4/><W43/><REACH who="3" step="1"/><G44/><REACH who="3" step="2"/><T10/><D111/><U96/><E74/><V107/><F55/><W112/><G112/><T28/><D54/><U62/><E47/><V58/><F58/><W76/><G76/><T39/><D77/><U48/><E119/><V21/><F46/><W34/><G34/><T89/><D110/><U105/><E118/><V49/><F41/><W114/><G114/><T33/><D109/><U1/><E116/><V16/><F51/><W104/><G104/><T45/><D33/><U101/><E48/><V123/><F123/><W85/><G85/><T53/><D45/><U106/><E105/><V6/><F6/><AGARI ba="1,2" hai="6,8,13,40,43,56,57,59,64,66,67,94,97,100" machi="6" ten="40,5200,0" yaku="1,1,8,1,53,1" doraHai="30" doraHaiUra="3" who="3" fromWho="2" sc="241,0,415,0,224,-55,100,75" /><INIT seed="7,0,0,4,3,131" ten="241,415,169,175" oya="3" hai0="31,84,38,82,26,40,20,123,69,33,59,102,87" hai1="37,6,79,19,129,17,119,65,61,49,109,50,115" hai2="64,81,110,29,76,134,9,107,85,118,132,124,91" hai3="130,98,100,3,45,30,28,14,106,54,68,121,75"/><W55/><G121/><T41/><D69/><U44/><E109/><V53/><F29/><W126/><G75/><T11/><D123/><U35/><E35/><V108/><F64/><W58/><G3/><T5/><D102/><U80/><E129/><V12/><F53/><W46/><G68/><T56/><D38/><U39/><E119/><V103/><F118/><W99/><G130/><T15/><D33/><U22/><E115/><V74/><F12/><W67/><G126/><T73/><D73/><U18/><E6/><V51/><F9/><W111/><G111/><N who="2" m="42537" /><F51/><W57/><G67/><T13/><D13/><U25/><E39/><V48/><F48/><W70/><G70/><T93/><D93/><U71/><E37/><V120/><F120/><W2/><G2/><T122/><D122/><U112/><E49/><V63/><F63/><W24/><G14/><T27/><D27/><U101/><E101/><V42/><F42/><W72/><G72/><T94/><D94/><U116/><E116/><V43/><F43/><W4/><G4/><T114/><D114/><U90/><E112/><V86/><F124/><W97/><G106/><T92/><D41/><U104/><E104/><V133/><F91/><W60/><G100/><T135/><D40/><N who="1" m="24839" /><E90/><V62/><F62/><N who="3" m="36151" /><G24/><T34/><D26/><U113/><E113/><V8/><F8/><W117/><G117/><T105/><D34/><U96/><E25/><V47/><F47/><AGARI ba="0,0" hai="28,30,45,46,47,55,58,60,97,98,99" m="36151" machi="47" ten="30,1500,0" yaku="8,1" doraHai="131" who="3" fromWho="2" sc="241,0,415,0,169,-15,175,15" /><INIT seed="7,1,0,3,3,99" ten="241,415,154,190" oya="3" hai0="102,93,37,90,95,45,40,8,26,1,66,16,49" hai1="52,109,94,59,126,134,43,79,51,65,27,108,115" hai2="24,47,34,61,83,14,44,75,33,9,101,116,6" hai3="107,64,74,17,32,19,135,113,92,91,54,56,89"/><W29/><G107/><T114/><D66/><U76/><E134/><V80/><F75/><W127/><G74/><T103/><D95/><U15/><E126/><V39/><F116/><W82/><G135/><T13/><D37/><U63/><E115/><V73/><F24/><W11/><G113/><T86/><D1/><U117/><E117/><V55/><F47/><W70/><G127/><T87/><D114/><U36/><E109/><V38/><F55/><W7/><G70/><T48/><D49/><U20/><E108/><V105/><F80/><W84/><G32/><T28/><REACH who="0" step="1"/><D87/><REACH who="0" step="2"/><U60/><E36/><V23/><F38/><W57/><G64/><T122/><D122/><U104/><E65/><V106/><F23/><AGARI ba="1,1" hai="8,13,16,23,26,28,40,45,48,86,90,93,102,103" machi="23" ten="30,12000,2" yaku="1,1,7,1,8,1,52,2,54,1,53,1" doraHai="99" doraHaiUra="41" who="0" fromWho="2" sc="231,133,415,0,154,-123,190,0" owari="364,16,415,52,31,-47,190,-21" /></mjloggm>