<mjloggm ver="2.3"><GO type="169"/><UN n0="%E4%B9%9D%E5%B0%BE%E7%99%BD%E7%8B%90" n1="%EF%BC%BC%28%EF%BC%BE%6F%EF%BC%BE%29%EF%BC%8F%E2%98%85" n2="%67%69%6A%79%75%74%75" n3="%EF%BC%88%E2%89%A7%E2%96%BD%E2%89%A6%EF%BC%89" dan="16,18,16,17" rate="2134,2221,2070,2104" sx="M,M,M,M"/><TAIKYOKU oya="0"/><INIT seed="0,0,0,0,4,43" ten="250,250,250,250" oya="0" hai0="4,11,73,123,68,48,91,117,24,62,135,21,93" hai1="49,47,95,10,16,134,114,82,5,23,46,89,12" hai2="27,87,54,128,113,45,8,64,80,92,74,34,9" hai3="66,42,125,17,70,99,2,6,109,59,124,77,28"/><T55/><D123/><U85/><E134/><V33/><F113/><W132/><G70/><T30/><D117/><U0/><E114/><V122/><F122/><W69/><G69/><T58/><D73/><U13/><E0/><V50/><F128/><W110/><G132/><T88/><D135/><U65/><E65/><V129/><F129/><W18/><G77/><T32/><D32/><U96/><E49/><V106/><F106/><W131/><G42/><T101/><D68/><U112/><E112/><V51/><F64/><W35/><G131/><T63/><D101/><AGARI ba="0,0" hai="5,10,12,13,16,23,46,47,82,85,89,95,96,101" machi="101" ten="30,8000,1" yaku="7,1,8,1,52,2,54,1" doraHai="43" who="1" fromWho="0" sc="250,-80,250,80,250,0,250,0" /><INIT seed="1,0,0,1,4,18" ten="170,330,250,250" oya="1" hai0="25,99,30,32,51,35,122,63,28,68,72,4,59" hai1="5,120,102,10,58,49,14,100,101,43,96,128,1" hai2="73,98,38,46,19,87,129,80,67,11,44,134,115" hai3="81,83,135,70,93,130,71,106,65,84,7,108,124"/><U103/><E120/><V23/><F73/><W57/><G106/><T29/><D72/><U64/><E128/><V113/><F129/><W123/><G123/><T60/><D122/><U31/><E31/><V6/><F67/><W111/><G130/><T89/><D68/><U55/><E64/><V54/><F98/><W105/><G105/><T86/><D99/><U95/><E1/><V0/><F134/><W92/><G135/><T116/><D116/><U131/><E131/><V17/><F17/><W97/><G7/><T69/><D4/><U16/><E5/><V121/><F121/><W117/><G117/><T21/><D69/><N who="3" m="26121" /><G124/><T110/><D110/><N who="3" m="42025" /><G84/><T56/><D35/><U40/><AGARI ba="0,0" hai="10,14,16,40,43,49,55,58,95,96,100,101,102,103" machi="40" ten="30,6000,0" yaku="0,1,8,1,54,1" doraHai="18" who="1" fromWho="1" sc="170,-20,330,60,250,-20,250,-20" /><INIT seed="1,1,0,3,3,74" ten="150,390,230,230" oya="1" hai0="11,25,125,29,8,116,32,118,76,56,132,79,42" hai1="39,60,51,99,96,124,63,0,65,117,45,73,13" hai2="67,44,53,7,9,26,6,49,69,52,115,103,14" hai3="64,135,59,12,46,4,2,128,89,77,106,20,75"/><U111/><E0/><V112/><F103/><W134/><G106/><T40/><D125/><U27/><E39/><V24/><F6/><W37/><G128/><T83/><D132/><N who="3" m="50729" /><G2/><T97/><D97/><U90/><E73/><V47/><F67/><W68/><G68/><T66/><D118/><U126/><E117/><V98/><F98/><W102/><G102/><T86/><D116/><U15/><E27/><V31/><F69/><W17/><G4/><T21/><D32/><U95/><E99/><V109/><F109/><W78/><G75/><T123/><D123/><U84/><E111/><V129/><F129/><W72/><G72/><T70/><D70/><U93/><E126/><V30/><F26/><W54/><G64/><T19/><D76/><N who="3" m="29289" /><G89/><T61/><REACH who="0" step="1"/><D29/><REACH who="0" ten="140,390,230,230" step="2"/><U81/><E124/><V16/><F31/><W33/><G33/><T100/><D100/><U1/><E90/><V80/><F30/><W122/><G122/><T110/><D110/><U85/><E96/><V87/><F115/><W130/><G130/><T34/><D34/><U36/><E84/><V35/><F35/><W38/><G46/><T71/><D71/><U114/><E45/><V107/><F44/><W3/><G3/><T133/><D133/><U113/><E1/><V127/><F47/><W82/><G82/><T101/><D101/><U104/><E81/><V121/><F80/><W88/><G88/><T28/><D28/><U23/><E113/><V92/><F127/><W55/><G59/><T62/><D62/><U108/><E114/><V120/><F112/><W43/><G38/><T131/><D131/><RYUUKYOKU ba="1,1" sc="140,15,390,-15,230,-15,230,15" hai0="8,11,19,21,25,40,42,56,61,66,79,83,86" hai3="12,17,20,37,43,54,55" /><INIT seed="2,2,1,5,2,75" ten="155,375,215,245" oya="2" hai0="81,56,134,19,5,87,42,50,37,46,12,2,99" hai1="135,130,85,52,40,84,30,77,79,71,78,60,3" hai2="70,66,74,0,109,23,88,101,18,115,103,93,114" hai3="111,113,72,132,119,36,15,16,27,124,9,24,17"/><V126/><F0/><W122/><G36/><T125/><D134/><U112/><E112/><V76/><F66/><W59/><G72/><T94/><D125/><U95/><E135/><V98/><F70/><W31/><G122/><T116/><D116/><U82/><E3/><V86/><F23/><N who="3" m="15871" /><G132/><T91/><D2/><U131/><E40/><V92/><F18/><N who="3" m="8559" /><G124/><T48/><D5/><U102/><E30/><V54/><F54/><W22/><G113/><N who="2" m="43017" /><F126/><W26/><G59/><T128/><D56/><N who="1" m="34823" /><E71/><V118/><F118/><W51/><G51/><T117/><D117/><U43/><E43/><V29/><F29/><N who="3" m="17559" /><G119/><T32/><D32/><U58/><E58/><V57/><F57/><W13/><G111/><T62/><D62/><U28/><E28/><V47/><F47/><W69/><G69/><T44/><D128/><N who="1" m="49195" /><E102/><N who="2" m="60743" /><F109/><W67/><G67/><T7/><D46/><U96/><E96/><V34/><F34/><W45/><G45/><T110/><D110/><U120/><E120/><V55/><F55/><W106/><G26/><T4/><D37/><U133/><E133/><V80/><AGARI ba="2,1" hai="74,76,80,86,88,93,101,103" m="60743,43017" machi="80" ten="30,11700,0" yaku="34,2,52,1,54,1" doraHai="75" who="2" fromWho="2" sc="155,-41,375,-41,215,133,245,-41" /><INIT seed="2,3,0,5,0,126" ten="114,334,348,204" oya="2" hai0="47,90,18,3,22,91,67,103,130,114,104,75,117" hai1="60,85,55,40,10,129,38,83,27,24,12,70,95" hai2="32,96,89,56,0,124,110,54,14,66,31,123,120" hai3="9,42,59,19,50,122,100,76,79,127,35,26,29"/><V2/><F66/><W101/><G122/><T118/><D3/><U64/><E95/><V57/><F124/><W45/><G127/><T21/><D75/><U36/><E55/><V102/><F57/><W20/><G59/><T15/><D114/><U62/><E62/><V53/><F89/><W30/><G9/><T17/><D47/><U121/><E121/><V58/><F14/><W78/><REACH who="3" step="1"/><G30/><REACH who="3" ten="114,334,348,194" step="2"/><T13/><D67/><U111/><E64/><V77/><F31/><W44/><G44/><T72/><D72/><U97/><E10/><V1/><F58/><W52/><G52/><T23/><D104/><U28/><E28/><V33/><F54/><W115/><G115/><T84/><D103/><U125/><E125/><V113/><F56/><W5/><G5/><T86/><REACH who="0" step="1"/><D23/><REACH who="0" ten="104,334,348,194" step="2"/><U108/><E108/><V135/><F102/><W69/><G69/><T51/><D51/><U112/><E111/><V92/><F110/><W119/><G119/><T16/><D16/><U94/><E112/><V11/><F113/><W74/><G74/><T134/><D134/><U87/><E70/><V6/><F135/><W8/><G8/><T68/><D68/><U39/><E39/><V106/><F11/><W109/><G109/><T82/><D82/><U49/><E36/><V98/><F106/><W88/><G88/><T34/><D34/><U7/><E38/><V80/><F32/><W81/><G81/><T61/><D61/><U71/><E83/><V48/><F33/><W133/><G133/><T128/><AGARI ba="3,2" hai="13,15,17,18,21,22,84,86,90,91,117,118,128,130" machi="128" ten="25,12000,2" yaku="1,1,0,1,22,2,52,2,53,0" doraHai="126" doraHaiUra="37" who="0" fromWho="0" sc="104,149,334,-33,348,-63,194,-33" /><INIT seed="3,0,0,1,1,135" ten="253,301,285,161" oya="3" hai0="19,38,36,52,43,96,40,133,84,47,15,4,110" hai1="2,28,33,134,9,24,99,79,122,102,44,67,127" hai2="92,23,103,85,17,31,20,66,29,54,115,60,21" hai3="70,42,89,51,116,113,41,35,72,26,74,45,131"/><W61/><G116/><T50/><D133/><U22/><E134/><V63/><F115/><W91/><G113/><T46/><D110/><U101/><E122/><V27/><F31/><W90/><G131/><T57/><D96/><U1/><E101/><V87/><F54/><W12/><G42/><T100/><D100/><U94/><E79/><V18/><F60/><W55/><G12/><T132/><D132/><U95/><E95/><V53/><F53/><W34/><G26/><T78/><D4/><U39/><E33/><V108/><F108/><W119/><G119/><T107/><D107/><U37/><E44/><V14/><F103/><W16/><G16/><T62/><D84/><U71/><E9/><V25/><REACH who="2" step="1"/><F92/><REACH who="2" ten="253,301,275,161" step="2"/><W68/><G68/><AGARI ba="0,1" hai="14,17,18,20,21,23,25,27,29,63,66,68,85,87" machi="68" ten="30,3900,0" yaku="1,1,2,1,7,1,53,0" doraHai="135" doraHaiUra="124" who="2" fromWho="3" sc="253,0,301,0,275,49,161,-39" /><INIT seed="4,0,0,0,0,106" ten="253,301,324,122" oya="0" hai0="123,65,36,6,110,62,18,93,73,41,111,112,3" hai1="130,60,30,2,38,116,135,97,25,1,117,72,69" hai2="76,54,86,104,128,44,108,120,9,23,39,67,29" hai3="59,35,109,83,5,0,15,47,113,102,42,89,28"/><T100/><D73/><U87/><E87/><V80/><F120/><W118/><G118/><T103/><D123/><U16/><E38/><V4/><F104/><W27/><G113/><T34/><D34/><U121/><E121/><V46/><F108/><N who="0" m="41514" /><D112/><U68/><E97/><V19/><F29/><W98/><G109/><T20/><D93/><U134/><E130/><V10/><F128/><W50/><G0/><N who="1" m="106" /><E72/><V70/><F4/><W71/><G71/><N who="1" m="27210" /><E60/><V127/><F39/><W85/><G59/><N who="0" m="37087" /><D41/><U21/><E30/><V11/><F70/><W66/><G66/><T125/><D36/><U84/><E84/><V8/><F67/><W53/><G42/><T14/><D125/><U90/><E90/><V75/><F127/><W131/><G131/><T114/><D114/><U52/><E52/><V48/><N who="2" m="2048" /><DORA hai="82" /><V31/><F31/><W77/><G5/><T78/><D3/><U94/><E94/><V79/><F75/><W49/><G49/><T45/><D6/><U12/><E116/><V56/><REACH who="2" step="1"/><F79/><REACH who="2" ten="253,301,314,122" step="2"/><W107/><REACH who="3" step="1"/><G77/><REACH who="3" ten="253,301,314,112" step="2"/><T96/><D78/><U81/><E117/><V119/><F119/><W51/><G51/><T58/><D103/><U133/><E133/><V124/><F124/><W63/><G63/><T33/><D100/><U132/><E135/><V95/><F95/><W115/><G115/><T105/><D105/><U37/><E37/><V91/><F91/><W26/><G26/><AGARI ba="0,2" hai="19,23,26,44,46,48,54,56,76,80,86" m="2048" machi="26" ten="50,8000,1" yaku="1,1,8,1,52,1,53,2" doraHai="106,82" doraHaiUra="129,43" who="2" fromWho="3" sc="253,0,301,0,314,100,112,-80" /><INIT seed="5,0,0,0,1,93" ten="253,301,414,32" oya="1" hai0="95,12,103,117,5,59,132,133,15,24,79,113,80" hai1="91,97,100,108,112,88,21,28,99,105,124,86,42" hai2="110,37,53,48,70,90,10,13,19,111,65,114,85" hai3="57,134,51,87,101,115,130,120,44,119,107,54,66"/><U47/><E112/><V1/><F37/><W18/><G120/><T68/><D117/><U32/><E32/><V64/><F114/><W20/><G119/><T73/><D113/><U123/><E123/><V49/><F49/><W92/><G115/><T52/><D68/><U72/><E72/><V116/><F116/><W96/><G134/><N who="0" m="51819" /><D5/><U71/><E71/><V106/><F106/><W56/><G130/><T78/><D78/><U63/><E124/><V29/><F29/><W55/><G66/><T9/><D9/><U22/><E108/><V83/><F1/><W69/><G69/><T75/><D24/><U125/><E125/><V31/><F31/><W16/><G20/><T3/><D3/><U39/><E28/><V131/><F131/><W25/><G25/><T121/><D75/><U60/><E99/><V7/><F7/><W40/><G87/><T41/><D41/><U67/><E91/><V74/><F74/><W17/><G107/><T23/><D23/><U98/><E98/><V129/><F129/><W4/><G4/><T11/><D11/><U45/><E22/><V104/><F104/><W109/><G109/><N who="2" m="41481" /><F70/><W126/><G126/><T135/><D121/><U2/><E2/><V62/><F62/><W26/><G26/><T102/><N who="0" m="51827" /><T27/><DORA hai="46" /><D27/><U50/><E21/><V58/><F10/><W43/><G43/><T122/><D122/><U128/><E128/><V35/><F35/><W30/><G30/><T0/><D0/><U61/><E67/><V6/><F6/><W89/><G101/><N who="0" m="38411" /><D95/><N who="1" m="54679" /><E39/><V8/><F8/><W118/><G118/><RYUUKYOKU ba="0,0" sc="253,0,301,0,414,0,32,0" hai0="12,15,52,59,73,79,80" hai1="42,45,47,50,60,61,63,97,100,105" hai2="13,19,48,53,58,64,65,83,85,90" hai3="16,17,18,40,44,51,54,55,56,57,89,92,96" /><INIT seed="5,1,0,1,3,84" ten="253,301,414,32" oya="1" hai0="18,117,24,53,2,57,19,100,23,89,58,33,12" hai1="94,70,14,124,30,27,98,69,66,135,107,40,85" hai2="32,45,134,73,114,80,56,5,106,42,0,118,77" hai3="63,3,54,55,29,120,22,44,122,59,116,9,47"/><U83/><E107/><V129/><F56/><W25/><G116/><T93/><D117/><U74/><E74/><V87/><F118/><W76/><G76/><T102/><D2/><U60/><E40/><V21/><F21/><W38/><G38/><T71/><D71/><U72/><E72/><V52/><F52/><W39/><G39/><T62/><D58/><U78/><E135/><V101/><F87/><W97/><G97/><T132/><D132/><U113/><E113/><V91/><F134/><W123/><REACH who="3" step="1"/><G55/><REACH who="3" ten="253,301,414,22" step="2"/><T50/><D33/><U49/><E98/><V15/><F77/><W110/><G110/><T13/><D62/><U128/><E60/><V6/><F32/><W7/><AGARI ba="1,1" hai="3,7,9,22,25,29,44,47,54,59,63,120,122,123" machi="7" ten="40,5200,0" yaku="1,1,0,1,53,1" doraHai="84" doraHaiUra="48" who="3" fromWho="3" sc="253,-14,301,-27,414,-14,22,65" /><INIT seed="6,0,0,4,3,0" ten="239,274,400,87" oya="2" hai0="108,47,89,35,55,42,48,70,15,6,132,80,130" hai1="107,115,44,116,95,110,60,71,74,121,126,128,65" hai2="24,61,13,56,28,79,33,4,38,131,82,58,14" hai3="98,83,12,69,9,73,100,104,90,19,76,109,31"/><V123/><F123/><W27/><G109/><T78/><D70/><U49/><RYUUKYOKU type="yao9" ba="0,0" sc="239,0,274,0,400,0,87,0" hai1="44,49,60,65,71,74,95,107,110,115,116,121,126,128" /><INIT seed="6,1,0,2,1,116" ten="239,274,400,87" oya="2" hai0="53,8,66,126,92,36,95,0,97,49,133,63,60" hai1="2,27,47,35,65,25,106,34,131,90,82,76,50" hai2="3,99,13,71,78,122,7,45,61,46,81,37,119" hai3="5,109,93,130,58,19,26,96,102,110,123,87,28"/><V75/><F119/><W38/><G38/><T43/><D126/><U83/><E106/><V21/><F46/><W6/><G130/><T10/><D133/><U104/><E104/><V135/><F135/><W22/><G123/><T132/><D132/><U42/><E2/><V86/><F99/><W52/><G110/><T54/><D0/><U134/><E134/><V39/><F86/><W129/><G129/><T23/><D23/><U33/><E131/><V14/><F21/><W16/><G109/><T89/><D95/><U9/><E65/><N who="2" m="41391" /><F37/><W91/><G19/><T125/><D125/><U121/><E121/><V40/><F122/><W62/><REACH who="3" step="1"/><G28/><REACH who="3" ten="239,274,400,77" step="2"/><T44/><D36/><U103/><E9/><AGARI ba="1,1" hai="3,7,9,13,14,39,40,45,75,78,81" m="41391" machi="9" ten="30,1500,0" yaku="25,1" doraHai="116" who="2" fromWho="1" sc="239,0,274,-18,400,28,77,0" /><INIT seed="6,2,0,3,3,20" ten="239,256,428,77" oya="2" hai0="90,42,104,12,108,126,16,86,123,84,41,75,37" hai1="38,88,91,82,124,4,72,54,80,133,83,94,22" hai2="119,17,53,113,81,33,78,132,52,13,47,100,117" hai3="130,25,11,0,103,63,6,71,29,95,58,128,45"/><V121/><F121/><W102/><G71/><T27/><D123/><U93/><E38/><V9/><F113/><W8/><G8/><T70/><D70/><U92/><E133/><V107/><F132/><W30/><G45/><T18/><D75/><U39/><E39/><V64/><F64/><W31/><G95/><T109/><D104/><U35/><E35/><V89/><F33/><W127/><G127/><T49/><D37/><U97/><E124/><V56/><F89/><N who="1" m="34377" /><E4/><V43/><F100/><W61/><G61/><T79/><D126/><U1/><E1/><V14/><F107/><W46/><G46/><T110/><D49/><U67/><E67/><V118/><F56/><W28/><N who="3" m="7168" /><DORA hai="69" /><W60/><G60/><T32/><D32/><U3/><E3/><V57/><F57/><W99/><G25/><T44/><D44/><U68/><E68/><V51/><REACH who="2" step="1"/><F14/><REACH who="2" ten="239,256,418,77" step="2"/><W96/><G103/><T98/><D12/><U23/><E97/><V73/><AGARI ba="2,1" hai="9,13,17,43,47,51,52,53,73,78,81,117,118,119" machi="73" ten="30,12000,1" yaku="1,1,2,1,0,1,54,1,53,1" doraHai="20,69" doraHaiUra="24,77" who="2" fromWho="2" sc="239,-42,256,-42,418,136,77,-42" /><INIT seed="6,3,0,0,3,119" ten="197,214,554,35" oya="2" hai0="102,54,114,14,75,106,27,6,104,118,33,121,120" hai1="124,80,39,3,73,53,20,65,43,81,131,84,31" hai2="13,68,11,123,132,72,112,126,9,87,18,50,49" hai3="133,127,8,62,41,34,128,58,15,69,46,101,109"/><V38/><F38/><W2/><G109/><T25/><D75/><U16/><E31/><V37/><F37/><W21/><G133/><T61/><D118/><U23/><E3/><V77/><F68/><W110/><G110/><T83/><D114/><U95/><E65/><V115/><F72/><W92/><G128/><T51/><D61/><U117/><E131/><V116/><F116/><W70/><G127/><T29/><D83/><U57/><E117/><V10/><F126/><W125/><G125/><T12/><D102/><U35/><E35/><V1/><F132/><W82/><G34/><T86/><D86/><U129/><E23/><V63/><F63/><W32/><G32/><T7/><D33/><U134/><E73/><V40/><F50/><W44/><G2/><T17/><D17/><U30/><E30/><V59/><F18/><W42/><G21/><T47/><D29/><U98/><E124/><V89/><F1/><W96/><G82/><T103/><D103/><U93/><E129/><V66/><F66/><N who="3" m="39255" /><G69/><T67/><D67/><U100/><E134/><V90/><F112/><W91/><G70/><T99/><D99/><U4/><E4/><V52/><F115/><W122/><G122/><T64/><D64/><U71/><E71/><V48/><F123/><N who="0" m="47178" /><D104/><U74/><E74/><V5/><F87/><W45/><G101/><T94/><D106/><U56/><E84/><V19/><F19/><AGARI ba="3,0" hai="8,15,19,41,42,44,45,46,91,92,96" m="39255" machi="19" ten="30,1000,0" yaku="8,1" doraHai="119" who="3" fromWho="2" sc="197,0,214,0,554,-19,35,19" /><INIT seed="7,0,0,4,1,89" ten="197,214,535,54" oya="3" hai0="131,23,71,15,66,70,58,91,63,96,62,22,135" hai1="110,113,98,130,120,31,105,67,19,112,57,0,30" hai2="27,24,7,48,46,85,34,49,114,42,84,45,10" hai3="20,76,60,115,26,93,1,108,126,121,16,56,92"/><W69/><G121/><T100/><D135/><U35/><E120/><V72/><F72/><W118/><G118/><T86/><D131/><U80/><E110/><V83/><F114/><N who="1" m="44137" /><E0/><V13/><F34/><W94/><G115/><T14/><D70/><U17/><E130/><V8/><F8/><W38/><G108/><T50/><D50/><U117/><E80/><V6/><F6/><W88/><G126/><T73/><D73/><U77/><E77/><N who="2" m="46191" /><F85/><N who="3" m="52239" /><G38/><T127/><D127/><U47/><E35/><V59/><F59/><W39/><G39/><T104/><D14/><U124/><E57/><V134/><F134/><W64/><G1/><T103/><D103/><U25/><E117/><V82/><F82/><W54/><G69/><T68/><D15/><U55/><E124/><V125/><F125/><W107/><G107/><T81/><REACH who="0" step="1"/><D71/><REACH who="0" ten="187,214,535,54" step="2"/><U128/><E128/><V87/><F87/><W36/><G36/><T101/><D101/><U79/><E98/><V11/><F11/><W74/><G74/><T43/><D43/><AGARI ba="0,1" hai="7,10,13,24,27,42,43,45,46,48,49" m="46191" machi="43" ten="30,2000,0" yaku="25,1,8,1" doraHai="89" who="2" fromWho="0" sc="187,-20,214,0,535,30,54,0" owari="167,-23.0,214,1.0,565,67.0,54,-45.0" /></mjloggm>