<mjloggm ver="2.3"><GO type="41"/><UN n0="%E9%A2%A8%E9%BA%BB%E5%91%82" n1="%54%44%44%2D%31" n2="%E3%83%8F%E3%83%A1%E3%83%89%E4%BA%8C%E4%B8%96" n3="%E3%82%A6%E3%83%AB%E3%83%88%E3%83%A9%E7%AB%8B%E7%9B%B4" dan="14,14,14,15" rate="1839,1862,2053,1996" sx="M,M,M,M"/><TAIKYOKU oya="0"/><INIT seed="0,0,0,0,3,75" ten="250,250,250,250" oya="0" hai0="112,78,39,15,120,110,73,80,135,9,92,125,14" hai1="26,67,101,100,98,4,66,24,47,45,49,131,111" hai2="43,21,5,58,84,119,7,10,68,64,121,126,60" hai3="19,22,130,29,36,17,35,32,56,91,33,54,129"/><T96/><D39/><U11/><E131/><N who="3" m="50186" /><G91/><T113/><D120/><U122/><E111/><V28/><F121/><W1/><G54/><T105/><D135/><U83/><E122/><V79/><F119/><W40/><G56/><T82/><D82/><U48/><E83/><V76/><F126/><W94/><G94/><T133/><D133/><U37/><E37/><V134/><F134/><W71/><G71/><T95/><D125/><U31/><E31/><V90/><F68/><W30/><G40/><T53/><D15/><U124/><E124/><V74/><F74/><W55/><G55/><T34/><D34/><N who="3" m="13417" /><G36/><T114/><D53/><U25/><E98/><V51/><F43/><W93/><G93/><T61/><D61/><U106/><E106/><V38/><F38/><W109/><G109/><T44/><D44/><U70/><E70/><V16/><F51/><N who="1" m="19529" /><E11/><V27/><F90/><W42/><G42/><T127/><D127/><U123/><E123/><V85/><F85/><W115/><G115/><T116/><D110/><U57/><E4/><N who="2" m="1611" /><F84/><W0/><N who="3" m="13425" /><W8/><DORA hai="50" /><G8/><T62/><D105/><U132/><E132/><V2/><F2/><N who="3" m="1131" /><G22/><T77/><D96/><U107/><E107/><V104/><F104/><W128/><N who="3" m="50194" /><W87/><DORA hai="52" /><G87/><T65/><D112/><U99/><E99/><V3/><F3/><W13/><G13/><AGARI ba="0,0" hai="10,13,16,21,27,28,58,60,64,76,79" m="1611" machi="13" ten="30,8000,1" yaku="8,1,52,3,54,1" doraHai="75,50,52" who="2" fromWho="3" sc="250,0,250,0,250,80,250,-80" /><INIT seed="1,0,0,5,1,79" ten="250,250,330,170" oya="1" hai0="68,77,3,46,64,74,42,37,18,99,26,124,107" hai1="92,63,111,30,4,85,53,125,91,8,41,51,24" hai2="2,22,35,12,43,17,58,39,119,118,5,76,80" hai3="52,84,129,70,90,98,54,71,0,106,115,78,1"/><U20/><E125/><V10/><F35/><W28/><G115/><T82/><D26/><U14/><E41/><V89/><F89/><W40/><G78/><T103/><D18/><U21/><E63/><V131/><F58/><W110/><G90/><T47/><D47/><U100/><E100/><V123/><F131/><W9/><G40/><T25/><D25/><U75/><E75/><V67/><F67/><W65/><G98/><T6/><D124/><U135/><E135/><V86/><REACH who="2" step="1"/><F123/><REACH who="2" step="2"/><W27/><G129/><T114/><D114/><U109/><REACH who="1" step="1"/><E21/><REACH who="1" step="2"/><V60/><F60/><W16/><G65/><T45/><D64/><U36/><E36/><V38/><F38/><W95/><G71/><T11/><D46/><AGARI ba="0,2" hai="4,8,14,20,24,30,46,51,53,85,91,92,109,111" machi="46" ten="40,2000,0" yaku="1,1,53,0" doraHai="79" doraHaiUra="134" who="1" fromWho="0" sc="250,-20,240,40,320,0,170,0" /><AGARI ba="0,0" hai="2,5,10,12,17,22,39,43,46,76,80,86,118,119" machi="46" ten="40,2600,0" yaku="1,1,52,1,53,0" doraHai="79" doraHaiUra="134" who="2" fromWho="0" sc="230,-26,280,0,320,26,170,0" /><INIT seed="1,1,0,3,0,66" ten="204,280,346,170" oya="1" hai0="19,135,57,104,122,43,18,79,31,88,85,26,102" hai1="131,96,10,113,118,121,112,46,33,100,110,27,94" hai2="133,40,84,5,62,108,80,114,72,134,91,20,49" hai3="60,107,28,106,15,68,78,44,82,63,124,86,132"/><U39/><E121/><V25/><F108/><W109/><G109/><T99/><D122/><U56/><E118/><V8/><F72/><W70/><G28/><T125/><D125/><U4/><E110/><V65/><F114/><W77/><G124/><T2/><D2/><U119/><E119/><V14/><F133/><W6/><G132/><T120/><D120/><U29/><E131/><V90/><F134/><W129/><G129/><T61/><D135/><U22/><E56/><V83/><F40/><W16/><G6/><T53/><D43/><U98/><E98/><V21/><F49/><W103/><G44/><T101/><D101/><U37/><E113/><V30/><F21/><W127/><G127/><T64/><D79/><U3/><E112/><V123/><F123/><W24/><G24/><T71/><D26/><U36/><E46/><V73/><F73/><W111/><G111/><T59/><D31/><U81/><E81/><V48/><F48/><W97/><G107/><T76/><D76/><U47/><E47/><V54/><F54/><W93/><G106/><T1/><D1/><U17/><REACH who="1" step="1"/><E39/><REACH who="1" step="2"/><V58/><F83/><W117/><G117/><T42/><D59/><U105/><E105/><V41/><F41/><W74/><G74/><T11/><D42/><U51/><E51/><V128/><F128/><W38/><G38/><T115/><D115/><U92/><E92/><V67/><REACH who="2" step="1"/><F67/><REACH who="2" step="2"/><W87/><G60/><T9/><D53/><U45/><E45/><V23/><F23/><N who="3" m="11679" /><G63/><T52/><D52/><U95/><E95/><V7/><F7/><W12/><G93/><RYUUKYOKU ba="1,2" sc="204,-15,270,15,336,15,170,-15" hai1="3,4,10,17,22,27,29,33,36,37,94,96,100" hai2="5,8,14,20,25,30,58,62,65,80,84,90,91" /><INIT seed="1,2,2,5,1,82" ten="189,285,351,155" oya="1" hai0="124,118,42,16,36,110,106,79,83,15,134,86,34" hai1="13,6,21,18,48,73,39,123,28,59,128,57,54" hai2="68,113,102,75,100,101,112,1,46,77,81,117,7" hai3="131,96,3,109,98,53,37,44,88,24,25,129,116"/><U135/><E123/><V10/><F117/><W55/><G3/><T70/><D118/><U111/><E73/><V119/><F119/><W67/><G67/><T126/><D70/><U19/><E39/><V2/><F68/><W31/><G116/><T89/><D106/><U5/><E128/><N who="3" m="49226" /><G109/><T115/><D110/><U22/><E135/><V61/><F61/><W91/><G37/><T50/><D36/><U72/><E72/><V32/><F32/><W85/><G25/><T41/><D34/><U27/><E111/><V105/><F1/><W33/><G91/><T122/><D122/><U23/><REACH who="1" step="1"/><E59/><REACH who="1" step="2"/><V87/><F75/><W108/><G108/><T47/><D134/><U78/><E78/><V49/><REACH who="2" step="1"/><F105/><REACH who="2" step="2"/><W104/><G104/><T130/><D130/><U114/><E114/><V17/><F17/><W63/><G44/><T29/><D115/><U132/><E132/><V66/><F66/><W133/><G133/><T51/><D79/><U62/><E62/><V80/><F80/><N who="3" m="49191" /><G63/><T76/><D76/><U127/><E127/><V64/><F64/><W45/><G45/><T107/><D107/><U74/><E74/><V40/><AGARI ba="2,4" hai="2,7,10,40,46,49,77,81,87,100,101,102,112,113" machi="40" ten="30,4000,0" yaku="1,1,0,1,52,1,53,0" doraHai="82" doraHaiUra="90" who="2" fromWho="2" sc="189,-12,275,-22,341,86,155,-12" /><INIT seed="2,0,0,3,0,63" ten="177,253,427,143" oya="2" hai0="25,30,64,134,67,65,111,112,4,109,91,15,1" hai1="17,16,92,133,101,13,122,54,32,3,87,22,71" hai2="28,100,57,36,48,46,107,12,42,90,72,105,117" hai3="47,126,98,110,128,93,26,10,53,60,132,83,86"/><V35/><F117/><W41/><G110/><N who="0" m="41995" /><D112/><U116/><E116/><V95/><F72/><W7/><G126/><T66/><D134/><U120/><E71/><V82/><F35/><W102/><G128/><T131/><D131/><U85/><E133/><V20/><F82/><W9/><G132/><T135/><D135/><U129/><E129/><V29/><F100/><W70/><G26/><T74/><D74/><U77/><E32/><V62/><F36/><W5/><G5/><T23/><D1/><U27/><E3/><V108/><F108/><W31/><G31/><T84/><N who="0" m="16896" /><DORA hai="69" /><T118/><D118/><U2/><E2/><V80/><F80/><W14/><G70/><T121/><D121/><U96/><E77/><V88/><F90/><W43/><G10/><N who="0" m="4551" /><D91/><U45/><E45/><V97/><F107/><W19/><G7/><T76/><D76/><U104/><E104/><V94/><F105/><W114/><G114/><T89/><D89/><U61/><E61/><V68/><F68/><W125/><G125/><T40/><D40/><U106/><E106/><V124/><F124/><W24/><G60/><T44/><D44/><U99/><E99/><V0/><F0/><W58/><G43/><T113/><D113/><U37/><E122/><V115/><F115/><W103/><G47/><T49/><D49/><U21/><E120/><V8/><F95/><W39/><G41/><T34/><D84/><N who="1" m="32331" /><E37/><V59/><F42/><W51/><G39/><T119/><D119/><U127/><E127/><V33/><F46/><W56/><G86/><T78/><D78/><U75/><E75/><RYUUKYOKU ba="0,0" sc="177,15,253,15,427,-15,143,-15" hai0="23,25,30,34" hai1="13,16,17,21,22,27,54,92,96,101" /><INIT seed="3,1,0,0,5,9" ten="192,268,412,128" oya="3" hai0="51,68,32,14,40,103,127,131,94,67,76,100,80" hai1="26,106,132,85,71,128,48,18,108,69,124,31,75" hai2="93,87,52,86,61,120,112,121,21,107,91,84,116" hai3="8,25,72,77,70,97,113,50,13,0,29,104,22"/><W66/><G113/><T39/><D39/><U123/><E123/><V73/><F112/><W79/><G0/><T44/><D32/><U36/><E36/><V135/><F73/><W45/><G72/><T64/><D68/><U62/><E106/><V63/><F107/><W37/><G37/><T118/><D118/><U27/><E75/><V129/><F116/><W23/><G70/><T74/><D131/><U95/><E95/><V11/><F129/><W7/><G66/><T78/><D78/><U96/><E128/><V6/><F135/><W20/><G104/><T12/><D127/><U105/><E132/><V35/><F35/><W19/><G97/><T83/><D83/><U41/><E124/><V30/><F30/><W111/><G111/><T88/><D67/><U130/><E130/><V24/><F24/><W89/><G89/><T60/><D60/><U81/><E108/><V4/><F21/><W42/><REACH who="3" step="1"/><G22/><REACH who="3" step="2"/><T102/><REACH who="0" step="1"/><D64/><REACH who="0" step="2"/><U1/><E69/><V47/><F121/><W5/><G5/><T53/><D53/><U110/><E71/><V90/><F4/><W10/><G10/><T114/><D114/><U28/><E110/><V82/><F120/><W2/><AGARI ba="1,2" hai="2,7,8,13,19,20,23,25,29,42,45,50,77,79" machi="2" ten="20,7800,0" yaku="1,1,0,1,7,1,52,1,53,0" doraHai="9" doraHaiUra="134" who="3" fromWho="3" sc="182,-27,268,-27,412,-27,118,101" /><INIT seed="3,2,0,1,3,8" ten="155,241,385,219" oya="3" hai0="66,69,114,64,67,73,18,95,47,106,115,48,82" hai1="16,53,58,78,31,121,26,54,71,37,101,113,109" hai2="1,28,70,103,132,77,111,116,74,27,30,86,124" hai3="61,36,23,130,105,21,35,134,75,32,97,128,129"/><W104/><G36/><T42/><D106/><N who="3" m="41065" /><G97/><T126/><D95/><U108/><E121/><V39/><F116/><W65/><G75/><T20/><D73/><U33/><E113/><V10/><F124/><W34/><G134/><T51/><D126/><U22/><E71/><V88/><F132/><W2/><G2/><T133/><D82/><U131/><E131/><N who="3" m="33538" /><W85/><DORA hai="81" /><G85/><T17/><D133/><U43/><E37/><V52/><F70/><AGARI ba="2,0" hai="21,23,32,34,35,61,65,70" m="33538,41065" machi="70" ten="50,2400,0" yaku="19,1" doraHai="8,81" who="3" fromWho="2" sc="155,0,241,0,385,-30,219,30" /><INIT seed="3,3,0,1,3,25" ten="155,241,355,249" oya="3" hai0="36,135,55,27,10,42,104,132,71,0,30,76,64" hai1="75,48,44,23,2,33,7,62,129,77,109,51,63" hai2="16,84,81,82,72,38,13,78,83,8,12,107,5" hai3="45,39,9,97,79,89,56,115,124,96,32,128,11"/><W69/><G69/><T34/><D104/><U95/><E33/><V113/><F38/><W118/><G118/><T80/><D55/><U35/><E35/><V54/><F107/><W14/><G115/><T50/><D50/><U125/><E75/><V28/><F113/><W66/><G32/><T93/><D93/><U102/><E77/><V122/><F122/><W17/><G124/><T127/><D127/><U52/><E125/><V103/><F103/><W88/><G128/><T70/><D64/><U130/><E2/><V100/><F100/><W112/><G112/><T133/><D42/><U24/><E7/><V49/><F28/><W98/><G79/><T31/><D36/><U90/><E102/><V43/><F72/><W3/><G3/><T6/><REACH who="0" step="1"/><D31/><REACH who="0" step="2"/><U4/><E130/><V40/><F40/><W47/><G39/><T121/><D121/><U126/><E129/><V87/><F43/><W116/><G66/><T65/><D65/><U60/><E126/><V1/><F1/><W134/><G47/><T57/><D57/><U67/><E67/><V15/><F83/><W106/><G56/><T41/><D41/><U94/><E51/><V119/><F119/><W92/><G45/><T22/><D22/><U117/><E117/><V53/><F49/><W105/><G116/><T99/><D99/><U86/><E95/><V114/><F114/><W68/><G105/><T108/><D108/><U46/><E109/><V59/><F59/><W85/><G106/><T131/><D131/><U91/><E44/><V111/><F111/><W101/><G97/><T20/><D20/><RYUUKYOKU ba="3,1" sc="145,30,241,-10,355,-10,249,-10" hai0="0,6,10,27,30,34,70,71,76,80,132,133,135" /><INIT seed="4,4,1,0,3,67" ten="175,231,345,239" oya="0" hai0="120,26,50,89,123,96,115,24,52,119,106,131,43" hai1="56,125,11,22,9,134,53,100,114,130,126,116,36" hai2="21,29,86,124,17,77,75,66,111,49,19,122,34" hai3="54,41,65,39,112,59,69,13,68,95,78,27,80"/><T6/><D119/><U1/><E116/><V97/><F122/><W127/><G65/><T25/><D43/><U118/><E118/><V15/><F111/><W10/><G127/><T2/><D131/><U74/><E130/><V8/><F124/><W84/><G112/><T129/><D129/><U70/><E114/><V51/><F75/><W32/><G41/><T81/><D115/><U23/><E134/><V99/><F66/><W88/><G39/><T72/><D6/><U79/><E70/><V46/><F49/><W87/><G27/><T76/><D2/><U35/><E35/><V91/><F77/><W37/><G32/><T42/><D42/><U110/><E110/><V63/><F63/><W28/><G28/><T93/><REACH who="0" step="1"/><D106/><REACH who="0" step="2"/><U12/><E1/><V3/><F3/><W4/><G37/><T92/><D92/><U47/><E125/><V61/><F34/><W103/><G103/><T94/><D94/><U60/><E126/><V113/><F113/><W133/><G133/><T44/><AGARI ba="4,2" hai="24,25,26,44,50,52,72,76,81,89,93,96,120,123" machi="44" ten="30,11700,0" yaku="1,1,0,1,54,1,53,1" doraHai="67" doraHaiUra="107" who="0" fromWho="0" sc="165,149,231,-43,345,-43,239,-43" /><INIT seed="4,5,0,5,5,6" ten="314,188,302,196" oya="0" hai0="40,20,50,111,73,31,64,96,135,27,21,127,68" hai1="123,15,28,87,71,93,62,80,124,55,36,82,46" hai2="67,89,86,110,126,132,106,98,120,9,19,79,47" hai3="43,33,2,105,16,10,0,91,112,30,35,13,4"/><T130/><D73/><U42/><E123/><V97/><F120/><W78/><G105/><T94/><D135/><U26/><E124/><V115/><F132/><W128/><G78/><T131/><D127/><U76/><E15/><V22/><F126/><W108/><G43/><T5/><D5/><U49/><E93/><V81/><F110/><W1/><G91/><T100/><D111/><U23/><E80/><V52/><F115/><W74/><G74/><T122/><D122/><U118/><E118/><V90/><F67/><W48/><G48/><T45/><D68/><U34/><E34/><V103/><F97/><W32/><G108/><T17/><REACH who="0" step="1"/><D64/><REACH who="0" step="2"/><U38/><E71/><V18/><F106/><W56/><G112/><T51/><D51/><U125/><E125/><V84/><F103/><W53/><G128/><T83/><D83/><U114/><REACH who="1" step="1"/><E114/><REACH who="1" step="2"/><V8/><F81/><W65/><G65/><T133/><D133/><U113/><E113/><V102/><F102/><W61/><REACH who="3" step="1"/><G30/><REACH who="3" step="2"/><T107/><D107/><U60/><E60/><V7/><F98/><W101/><G101/><T77/><D77/><U12/><E12/><AGARI ba="5,3" hai="12,17,20,21,27,31,40,45,50,94,96,100,130,131" machi="12" ten="40,2000,0" yaku="1,1,53,0" doraHai="6" doraHaiUra="59" who="0" fromWho="1" sc="304,65,178,-35,302,0,186,0" /><INIT seed="4,6,0,5,4,125" ten="369,143,302,186" oya="0" hai0="26,46,5,52,23,15,8,120,3,77,86,38,17" hai1="91,37,14,13,7,119,33,96,87,60,24,40,118" hai2="109,18,94,72,30,39,121,101,66,111,54,106,89" hai3="4,82,92,31,99,2,79,50,112,85,47,64,56"/><T75/><D120/><U100/><E37/><V65/><F121/><W108/><G108/><T25/><D86/><U27/><E40/><V131/><F39/><W115/><G2/><T16/><D77/><U84/><E60/><V61/><F72/><W107/><G107/><T19/><D75/><U88/><E7/><V48/><F106/><W130/><G31/><T95/><D95/><U0/><E0/><V134/><F101/><W102/><G4/><T32/><D38/><U42/><E42/><V53/><F30/><W6/><G64/><T21/><D46/><U70/><E70/><V127/><F127/><W129/><G56/><T116/><D52/><U135/><E100/><V110/><F134/><W123/><G6/><T11/><D116/><U71/><E71/><V9/><F9/><W98/><G98/><T63/><D63/><U117/><E135/><V126/><F126/><W29/><G29/><T44/><D44/><U105/><E105/><V97/><F18/><W78/><G123/><T36/><D36/><U45/><E45/><V124/><F124/><W22/><G22/><T49/><D49/><U113/><E113/><N who="3" m="43594" /><G78/><T103/><D103/><U76/><E76/><V90/><F109/><W57/><G57/><T28/><D32/><U69/><E69/><V34/><F34/><W122/><G122/><T68/><D68/><U51/><E51/><V59/><F48/><W58/><G58/><T133/><D133/><U83/><E96/><V81/><F97/><W73/><G73/><T80/><D80/><U62/><E62/><V20/><F61/><W10/><G10/><RYUUKYOKU ba="6,0" sc="369,15,143,-15,302,-15,186,15" hai0="3,5,8,11,15,16,17,19,21,23,25,26,28" hai3="47,50,79,82,85,92,99,102,129,130" /><INIT seed="4,7,0,4,5,63" ten="384,128,287,201" oya="0" hai0="29,92,134,109,2,95,20,44,91,11,121,103,30" hai1="98,79,62,102,34,122,17,130,25,125,82,131,135" hai2="87,48,101,127,26,76,73,71,107,7,70,93,59" hai3="54,74,60,117,46,68,23,120,126,13,19,27,100"/><T119/><D119/><U21/><E122/><V80/><F127/><W56/><G117/><T41/><D121/><U133/><E62/><V77/><F7/><W84/><G120/><T24/><D109/><U49/><E49/><V115/><F76/><W123/><G74/><T52/><D134/><U94/><E125/><V38/><F38/><W105/><G126/><T28/><D2/><U6/><E6/><V47/><F115/><W45/><G123/><T111/><D111/><U86/><REACH who="1" step="1"/><E34/><REACH who="1" step="2"/><V90/><F59/><W88/><G68/><T15/><D103/><U37/><E37/><V89/><F71/><W112/><G112/><T14/><D14/><U64/><E64/><V31/><F70/><W33/><G100/><T97/><D15/><U8/><E8/><V22/><F101/><W0/><G0/><T39/><D11/><U106/><E106/><V66/><F66/><W85/><G105/><T55/><REACH who="0" step="1"/><D95/><REACH who="0" step="2"/><U53/><E53/><AGARI ba="7,2" hai="20,24,28,29,30,39,41,44,52,53,55,91,92,97" machi="53" ten="40,7700,0" yaku="1,1,2,1,54,1,53,0" doraHai="63" doraHaiUra="57" who="0" fromWho="1" sc="374,118,118,-98,287,0,201,0" /><INIT seed="4,8,0,1,0,83" ten="492,20,287,201" oya="0" hai0="13,95,135,62,84,92,14,113,85,87,2,116,79" hai1="66,49,128,97,6,94,57,88,80,35,98,58,61" hai2="119,21,31,16,7,73,86,133,76,41,48,117,59" hai3="99,44,46,12,93,89,47,18,81,124,103,19,65"/><T28/><D2/><U60/><E35/><V36/><F36/><W15/><G124/><T55/><D116/><N who="2" m="44618" /><F73/><W38/><G38/><T104/><D104/><U33/><E33/><V115/><F133/><W40/><G40/><T118/><D118/><U8/><E128/><V63/><F115/><W77/><G65/><T130/><D135/><U107/><E107/><V90/><F76/><W126/><G126/><T127/><D127/><U132/><E132/><V26/><F7/><W42/><G42/><T120/><D28/><U129/><E129/><V24/><F41/><W131/><G131/><T29/><D29/><U72/><E49/><V78/><F78/><W45/><N who="3" m="11776" /><DORA hai="105" /><W34/><G34/><T102/><D130/><U96/><E72/><V106/><F106/><W69/><G69/><T52/><D79/><U39/><E39/><V82/><F48/><W123/><G123/><T74/><D74/><U114/><E114/><V75/><F75/><W108/><G77/><T134/><D134/><U64/><REACH who="1" step="1"/><E80/><REACH who="1" step="2"/><V37/><F37/><W9/><G108/><T110/><D110/><U100/><E100/><V30/><F26/><W109/><G109/><T22/><D113/><U23/><E23/><V121/><F121/><W53/><G81/><T1/><D120/><U17/><E17/><V125/><F125/><W101/><G101/><T67/><D102/><U10/><E10/><V50/><F50/><W43/><G103/><T122/><D122/><U56/><E56/><V25/><F25/><W111/><G111/><T68/><D22/><U51/><E51/><V11/><F11/><RYUUKYOKU ba="8,1" sc="492,-15,10,15,287,15,201,-15" hai1="6,8,57,58,60,61,64,66,88,94,96,97,98" hai2="16,21,24,30,31,59,63,82,86,90" /><INIT seed="5,9,1,0,0,94" ten="477,25,302,186" oya="1" hai0="18,31,45,37,97,129,100,71,11,33,118,93,67" hai1="36,128,130,132,87,28,59,69,89,60,98,83,126" hai2="4,113,22,52,19,106,124,116,75,26,29,61,74" hai3="16,54,8,9,73,40,55,82,56,24,103,78,88"/><U49/><E36/><V77/><F116/><W105/><G40/><T39/><D11/><U43/><E69/><V57/><F106/><W84/><G55/><T23/><D118/><U5/><E5/><V80/><F124/><W95/><G105/><T117/><D117/><U96/><E126/><V10/><F113/><W119/><G103/><T20/><D33/><U44/><E132/><V72/><REACH who="2" step="1"/><F29/><REACH who="2" step="2"/><W101/><G119/><T131/><D31/><U21/><E130/><V3/><AGARI ba="9,2" hai="3,4,10,19,22,26,52,57,61,72,74,75,77,80" machi="3" ten="20,12000,2" yaku="1,1,2,1,0,1,7,1,54,1,53,1" doraHai="94" doraHaiUra="79" who="2" fromWho="2" sc="477,-39,25,-69,292,167,186,-39" owari="438,24,-44,-54,459,55,147,-25" /></mjloggm>