<mjloggm ver="2.3"><GO type="97"/><UN n0="%EF%BC%88%E2%89%A7%E2%96%BD%E2%89%A6%EF%BC%89" n1="%E3%81%8E%E3%82%85%E3%81%86%E3%81%AB%E3%81%8F" n2="%E3%81%A0%E3%82%81%E3%81%AD%E3%80%82" n3="%E5%B9%B3%E5%92%8C%E3%83%8F%E3%82%A4%E3%83%84" dan="15,13,13,15" rate="1992,1950,1802,2001" sx="M,M,M,M"/><TAIKYOKU oya="0"/><INIT seed="0,0,0,3,3,20" ten="250,250,250,250" oya="0" hai0="22,90,129,131,55,42,17,15,69,65,112,47,71" hai1="14,86,41,109,84,98,123,122,78,125,12,40,29" hai2="39,104,19,88,46,133,57,97,25,3,4,7,114" hai3="9,79,18,51,60,111,120,127,85,126,37,8,101"/><T53/><D112/><U102/><E29/><V128/><F114/><W63/><G37/><N who="0" m="21967" /><D90/><U62/><E62/><N who="3" m="23594" /><G111/><T121/><D121/><U103/><E98/><V91/><F3/><W119/><G119/><T77/><D77/><U11/><E11/><V64/><F64/><W68/><G120/><T118/><D118/><U61/><E61/><V44/><F57/><W107/><G68/><N who="0" m="26187" /><D65/><U81/><E78/><V0/><F0/><W33/><G33/><T6/><D6/><U52/><E81/><V100/><F128/><AGARI ba="0,0" hai="15,17,22,53,55,128,129,131" m="26187,21967" machi="128" ten="30,1500,0" yaku="19,1" doraHai="20" who="0" fromWho="2" sc="250,15,250,0,250,-15,250,0" /><INIT seed="0,1,0,3,1,29" ten="265,250,235,250" oya="0" hai0="34,132,102,27,65,124,110,125,4,80,104,134,118" hai1="127,31,52,19,131,64,32,74,96,20,14,113,92" hai2="16,105,130,0,1,26,76,50,46,56,79,89,6" hai3="25,119,58,75,41,126,107,11,36,66,77,51,60"/><T57/><D118/><U84/><E74/><V39/><F105/><W97/><G119/><T73/><D4/><U116/><E116/><V88/><F130/><W40/><G36/><T17/><D110/><U117/><E117/><V23/><F39/><W13/><G126/><N who="0" m="48747" /><D65/><U112/><E127/><V9/><F0/><W87/><G75/><T69/><D69/><U103/><E131/><V85/><F56/><W122/><G122/><T108/><D108/><U54/><E64/><V123/><F123/><W99/><G25/><T135/><D57/><U120/><E120/><V28/><F28/><W121/><G121/><T22/><D34/><U61/><E84/><V44/><F44/><N who="3" m="25991" /><G41/><T133/><N who="0" m="34304" /><DORA hai="37" /><T67/><D67/><U93/><E93/><V63/><F63/><W98/><G107/><T35/><D35/><U82/><E82/><V78/><REACH who="2" step="1"/><F85/><REACH who="2" ten="265,250,225,250" step="2"/><W68/><G87/><T95/><D104/><U7/><E61/><V5/><F5/><W115/><G60/><T15/><D73/><U43/><E7/><V106/><F106/><W111/><G58/><T70/><D70/><U81/><E31/><V48/><F48/><W55/><G68/><T62/><D62/><U33/><E33/><V128/><F128/><W86/><G66/><T30/><D30/><U38/><E32/><V42/><AGARI ba="1,1" hai="1,6,9,16,23,26,42,46,50,76,78,79,88,89" machi="42" ten="30,8000,1" yaku="1,1,0,1,52,1,54,2,53,0" doraHai="29,37" doraHaiUra="59,49" who="2" fromWho="2" sc="265,-41,250,-21,225,93,250,-21" /><INIT seed="1,0,0,1,2,100" ten="224,229,318,229" oya="1" hai0="108,109,32,59,130,82,90,3,42,133,37,103,28" hai1="105,48,111,40,26,70,114,99,76,50,34,5,63" hai2="120,11,84,8,118,0,72,124,23,129,52,64,123" hai3="74,128,60,20,135,97,12,62,58,16,43,71,79"/><U88/><E114/><V54/><F118/><W83/><G135/><T75/><D3/><U18/><E76/><V36/><F36/><W47/><G128/><T38/><D130/><U87/><E5/><V17/><F129/><W15/><G71/><T21/><D133/><U98/><E111/><N who="0" m="42569" /><D32/><U89/><E40/><V127/><F72/><W69/><G69/><T2/><D2/><U115/><E115/><V65/><F0/><W61/><G97/><T22/><D103/><N who="1" m="62711" /><E18/><V13/><F84/><W39/><REACH who="3" step="1"/><G15/><REACH who="3" ten="224,229,318,219" step="2"/><T126/><D126/><N who="2" m="48170" /><F123/><W122/><G122/><T85/><D75/><U121/><E99/><V49/><F120/><W10/><G10/><T25/><D42/><U67/><E121/><V53/><F11/><W78/><G78/><T134/><D134/><U131/><E131/><V107/><F8/><W113/><G113/><T68/><D68/><U19/><E87/><V46/><F107/><W94/><G94/><T96/><D96/><U9/><E9/><V4/><F4/><W86/><G86/><T31/><D59/><AGARI ba="0,1" hai="12,16,20,39,43,47,58,59,60,61,62,74,79,83" machi="59" ten="40,2600,0" yaku="1,1,54,1,53,0" doraHai="100" doraHaiUra="66" who="3" fromWho="0" sc="224,-26,229,0,318,0,219,36" /><INIT seed="2,0,0,1,4,22" ten="198,229,318,255" oya="2" hai0="128,10,74,64,44,26,99,133,15,88,8,116,56" hai1="49,36,121,12,3,84,0,28,40,21,79,134,32" hai2="106,50,1,6,70,72,17,100,115,117,4,78,120" hai3="68,111,2,129,14,23,85,53,124,65,123,67,91"/><V46/><F117/><W25/><G123/><T87/><D74/><U130/><E121/><V16/><F120/><W73/><G73/><T104/><D116/><U76/><E36/><V47/><F70/><W119/><G119/><T86/><D133/><U98/><E134/><V34/><F115/><W66/><G2/><T54/><D128/><U105/><E130/><V89/><F34/><W132/><G129/><T107/><D107/><U135/><E135/><V52/><F72/><W31/><G132/><T127/><D127/><U58/><E32/><V29/><F78/><W103/><G124/><T112/><D112/><U101/><E3/><V63/><F29/><W37/><G37/><T77/><D77/><U19/><E0/><V43/><F63/><W42/><G42/><T81/><D104/><U118/><E28/><V71/><F71/><W90/><G111/><T108/><D108/><U131/><E131/><V48/><F100/><W30/><G103/><T5/><D99/><U38/><E118/><V41/><F106/><W83/><G31/><T27/><D8/><U102/><E102/><V61/><F1/><W126/><G126/><T113/><D113/><U7/><E38/><V33/><F89/><N who="3" m="51391" /><G68/><T92/><D64/><U35/><E35/><V95/><F95/><W13/><G53/><T109/><D109/><U20/><E76/><V39/><F33/><W11/><G14/><T59/><D44/><U75/><E75/><V82/><F82/><W45/><G45/><T60/><D56/><U55/><E79/><V57/><F39/><W62/><G62/><T9/><D9/><RYUUKYOKU ba="0,0" sc="198,10,229,-30,318,10,255,10" hai0="5,10,15,26,27,54,59,60,81,86,87,88,92" hai2="4,6,16,17,41,43,46,47,48,50,52,57,61" hai3="11,13,23,25,30,65,66,67,90,91" /><INIT seed="2,1,0,4,2,3" ten="208,199,328,265" oya="2" hai0="64,6,75,61,29,30,34,117,68,77,37,119,134" hai1="59,102,96,126,38,120,135,62,72,121,109,127,26" hai2="60,95,21,107,128,66,90,58,116,115,111,67,85" hai3="56,101,39,70,76,41,81,10,19,12,40,42,25"/><V55/><F116/><N who="0" m="44618" /><D134/><U53/><E72/><V125/><F115/><W23/><G70/><T2/><D37/><U11/><E38/><V84/><F125/><N who="1" m="47625" /><E135/><V69/><F111/><W86/><G101/><T65/><D65/><U63/><E109/><V122/><F128/><W114/><G114/><T57/><D57/><U124/><N who="1" m="47633" /><U35/><DORA hai="79" /><E11/><V130/><F107/><W45/><REACH who="3" step="1"/><G56/><REACH who="3" ten="208,199,328,255" step="2"/><T4/><D2/><U131/><E131/><V31/><F130/><W118/><G118/><T129/><D129/><U7/><E59/><V15/><F69/><W8/><G8/><T87/><D75/><U100/><E102/><V82/><F122/><W123/><G123/><T112/><D112/><U27/><E100/><V33/><F33/><W1/><G1/><T5/><D34/><U44/><E35/><V24/><F15/><W17/><AGARI ba="1,1" hai="10,12,17,19,23,25,39,40,41,42,45,76,81,86" machi="17" ten="20,8000,1" yaku="1,1,0,1,7,1,52,1,53,1" doraHai="3,79" doraHaiUra="20,32" who="3" fromWho="3" sc="208,-21,199,-21,328,-41,255,93" /><INIT seed="3,0,0,5,1,56" ten="187,178,287,348" oya="3" hai0="132,98,44,86,75,11,93,92,77,47,126,31,16" hai1="119,26,18,100,90,13,96,95,38,79,25,40,66" hai2="7,107,0,125,46,131,135,117,9,128,50,65,76" hai3="108,70,87,30,113,27,114,51,73,1,99,5,39"/><W57/><G39/><T64/><D75/><U83/><E119/><V111/><F107/><W124/><G70/><T94/><D132/><U134/><E134/><V102/><F135/><W101/><G73/><T15/><D126/><U60/><E38/><V116/><F125/><W67/><G124/><T103/><D64/><U33/><E40/><V89/><F76/><W69/><G108/><T112/><D112/><U74/><E33/><V12/><F111/><W104/><G87/><T80/><REACH who="0" step="1"/><D31/><REACH who="0" ten="177,178,287,348" step="2"/><U109/><E109/><V17/><F65/><W118/><G67/><T55/><D55/><U28/><E28/><V22/><F131/><W37/><G30/><T52/><D52/><U54/><E54/><V42/><F128/><W106/><G118/><T32/><D32/><U24/><E100/><V10/><F102/><W72/><G101/><T48/><D48/><U81/><E81/><V58/><F117/><W115/><G51/><T127/><D127/><U110/><E110/><V82/><F116/><W71/><G115/><T35/><D35/><U62/><REACH who="1" step="1"/><E66/><REACH who="1" ten="177,168,287,348" step="2"/><V122/><F122/><W49/><G114/><T61/><D61/><U63/><E63/><V84/><F58/><W85/><G57/><T19/><D19/><U120/><E120/><V36/><F36/><W45/><G37/><T3/><D3/><U6/><E6/><V97/><F10/><AGARI ba="0,2" hai="10,13,18,24,25,26,60,62,74,79,83,90,95,96" machi="10" ten="40,8000,1" yaku="1,1,52,2,53,1" doraHai="56" doraHaiUra="105" who="1" fromWho="2" sc="177,0,168,100,287,-80,348,0" owari="177,-32.0,268,7.0,207,-19.0,348,44.0" /></mjloggm>