<mjloggm ver="2.3"><GO type="169" lobby="0"/><UN n0="%E6%9C%A7%E5%A4%8F%E6%9C%88" n1="%EF%BC%88%E2%89%A7%E2%96%BD%E2%89%A6%EF%BC%89" n2="%E3%81%B4%E3%81%AE" n3="%73%65%76%65%6E" dan="19,19,16,16" rate="2199.61,2256.54,2136.29,2041.05" sx="F,M,M,M"/><TAIKYOKU oya="0"/><INIT seed="0,0,0,2,2,55" ten="250,250,250,250" oya="0" hai0="30,63,9,2,70,68,93,8,45,39,60,114,22" hai1="0,29,11,127,24,133,125,82,115,126,15,56,100" hai2="28,23,95,57,129,107,119,66,98,118,106,31,10" hai3="16,3,112,46,90,49,50,85,1,78,62,74,101"/><T130/><D114/><U124/><E115/><V80/><F129/><W17/><G112/><T94/><D130/><U53/><E133/><V111/><F111/><W41/><G101/><T37/><D22/><U103/><E82/><V108/><F108/><W51/><G78/><T83/><D83/><U132/><E0/><V21/><F10/><W71/><G74/><T109/><D109/><U91/><E91/><N who="2" m="55679" /><F80/><W65/><G3/><T58/><D2/><U72/><E132/><V14/><F14/><W34/><G34/><T97/><D45/><U135/><E135/><V89/><F89/><W99/><G1/><T32/><D97/><U69/><E69/><V4/><F4/><W25/><G99/><T18/><D18/><N who="1" m="8575" /><E72/><V122/><F122/><W35/><G35/><T7/><D32/><N who="1" m="20519" /><E127/><V27/><F107/><W33/><G33/><T54/><D54/><U113/><E113/><V47/><F106/><W13/><G25/><T92/><D92/><U131/><E131/><V110/><F27/><W87/><G17/><T6/><REACH who="0" step="1"/><D30/><REACH who="0" ten="240,250,250,250" step="2"/><U67/><E67/><V102/><F28/><W121/><G121/><T128/><D128/><U117/><E117/><V12/><F31/><W43/><G46/><T48/><D48/><AGARI ba="0,1" hai="48,53,56,100,103,124,125,126" m="20519,8575" machi="48" ten="30,2000,0" yaku="18,1,52,1" doraHai="55" who="1" fromWho="0" sc="240,-20,250,30,250,0,250,0" /><INIT seed="1,0,0,2,2,102" ten="220,280,250,250" oya="1" hai0="56,131,30,18,114,16,112,78,87,3,63,130,43" hai1="9,64,37,31,94,95,84,98,108,51,119,91,121" hai2="41,123,26,47,11,6,42,54,68,79,12,33,46" hai3="29,88,86,92,89,117,82,32,81,35,19,90,50"/><U7/><E37/><V34/><F123/><W69/><G69/><T28/><D43/><U100/><E119/><V13/><F68/><W25/><G117/><T132/><D78/><U60/><E121/><V127/><F127/><W128/><G35/><T129/><D87/><U116/><E116/><V53/><F79/><W70/><G70/><T124/><D124/><U20/><E51/><V104/><F26/><W39/><G39/><T93/><D93/><U49/><E49/><V4/><REACH who="2" step="1"/><F11/><REACH who="2" ten="220,280,240,250" step="2"/><W105/><G25/><T120/><D120/><U83/><E9/><V99/><F99/><W65/><G128/><T73/><D130/><U2/><E98/><V110/><F110/><W134/><G134/><T106/><D132/><U113/><E108/><V48/><F48/><W27/><G50/><T5/><D131/><U67/><E60/><V72/><F72/><W0/><G27/><T76/><D73/><U133/><E133/><V135/><F135/><W118/><G118/><T44/><D63/><U58/><E84/><V75/><F75/><W40/><G86/><T22/><D129/><U125/><E125/><V97/><F97/><W126/><G126/><T23/><D76/><U71/><E71/><V101/><F101/><W62/><G62/><T66/><D114/><U107/><E100/><V8/><F8/><W74/><G74/><T21/><D112/><U96/><E113/><V15/><F15/><W61/><G61/><T85/><D85/><U57/><E96/><V38/><F38/><W45/><G65/><T10/><D66/><U77/><E67/><V36/><F36/><RYUUKYOKU ba="0,1" sc="220,-10,280,-10,240,30,250,-10" hai2="4,6,12,13,33,34,41,42,46,47,53,54,104" /><INIT seed="2,1,1,0,1,40" ten="210,270,270,240" oya="2" hai0="39,15,29,14,19,5,108,119,52,9,76,2,46" hai1="82,63,7,74,88,80,49,17,47,53,64,131,71" hai2="26,93,90,12,16,123,57,65,68,115,32,112,33" hai3="99,102,121,73,1,38,114,116,37,43,77,28,56"/><V10/><F123/><W41/><G1/><T134/><D108/><U118/><E118/><V55/><F68/><W11/><G28/><T50/><D119/><U86/><E131/><V81/><F65/><W85/><G11/><T44/><D134/><U89/><E7/><V100/><F81/><W3/><G3/><T122/><D122/><U87/><E17/><V61/><F100/><W129/><G121/><T62/><D29/><U105/><E105/><V128/><F128/><W22/><G22/><T18/><D76/><U104/><E104/><V36/><F36/><N who="3" m="13931" /><G73/><AGARI ba="1,1" hai="47,49,53,63,64,71,73,74,80,82,86,87,88,89" machi="73" ten="40,5200,0" yaku="9,1,52,1,54,1" doraHai="40" who="1" fromWho="3" sc="210,0,270,65,270,0,240,-55" /><INIT seed="3,0,0,5,4,130" ten="210,335,270,185" oya="3" hai0="8,111,116,76,135,64,21,26,94,77,119,18,56" hai1="37,19,31,20,79,65,63,0,25,41,129,15,120" hai2="33,47,39,101,114,81,118,45,58,78,28,83,107" hai3="32,48,103,134,36,91,133,132,100,82,123,6,34"/><W102/><G36/><T108/><D94/><U44/><E120/><V51/><F114/><W43/><G123/><T12/><D64/><U5/><E79/><V66/><F118/><N who="0" m="45098" /><D56/><U27/><E129/><V1/><F1/><W29/><G6/><N who="0" m="3095" /><D77/><U30/><E0/><V84/><F39/><W128/><G128/><T54/><D54/><U122/><E5/><V113/><F113/><W61/><G29/><T109/><D76/><U9/><E122/><V16/><F107/><W68/><G68/><T112/><D112/><U49/><E37/><V127/><F101/><W13/><G61/><T75/><D75/><U70/><E27/><V53/><F78/><W7/><G43/><T121/><D121/><U124/><E31/><V69/><F66/><W117/><G48/><T38/><D38/><U89/><E89/><V96/><F51/><W99/><G117/><T105/><D105/><U86/><E86/><V97/><F84/><N who="3" m="50583" /><G99/><T57/><D57/><U10/><E49/><V4/><F96/><W74/><G74/><T11/><D11/><AGARI ba="0,0" hai="7,11,13,32,34,100,102,103,132,133,134" m="50583" machi="11" ten="40,12000,1" yaku="20,1,52,3" doraHai="130" who="3" fromWho="0" sc="210,-120,335,0,270,0,185,120" /><INIT seed="3,1,0,5,2,96" ten="90,335,270,305" oya="3" hai0="61,80,85,3,56,126,24,46,13,128,127,38,129" hai1="82,53,7,42,112,68,9,19,109,28,98,91,65" hai2="71,97,60,116,125,5,25,124,117,52,20,6,78" hai3="133,104,115,88,43,118,86,36,100,35,103,120,57"/><W31/><G115/><T83/><D3/><U135/><E112/><V59/><F71/><W48/><G118/><N who="2" m="45673" /><F78/><W92/><G36/><T39/><D24/><U23/><E42/><V27/><F97/><W58/><G104/><T110/><D13/><U106/><E28/><N who="2" m="17447" /><F27/><W84/><G120/><T37/><D110/><U18/><E109/><V131/><F131/><N who="0" m="50250" /><D85/><U50/><E68/><V134/><F134/><W70/><G70/><T113/><D113/><U119/><E135/><V74/><F74/><W16/><G133/><T21/><D21/><U14/><E23/><V90/><F90/><N who="3" m="53319" /><G35/><T32/><D32/><U8/><E91/><V99/><F99/><W4/><G31/><T89/><D89/><U47/><E119/><V111/><F111/><W34/><G34/><T77/><D77/><U76/><E98/><V11/><F11/><W29/><G29/><T44/><D83/><U12/><E76/><V101/><F5/><W67/><G4/><T105/><D80/><U62/><E82/><V123/><F6/><W45/><G16/><T130/><N who="0" m="50258" /><T17/><DORA hai="22" /><D17/><N who="1" m="8327" /><E106/><V122/><F123/><W79/><G79/><T94/><D94/><U93/><E93/><V75/><F122/><W51/><G67/><N who="0" m="39335" /><D105/><U41/><E65/><V30/><F75/><W26/><G86/><T54/><D54/><U2/><E2/><V73/><F52/><W63/><G43/><T132/><D132/><U108/><E108/><V49/><F73/><W95/><G95/><T69/><D69/><U87/><E87/><V33/><F33/><W0/><G0/><T55/><D55/><RYUUKYOKU ba="1,0" sc="90,15,335,15,270,-15,305,-15" hai0="37,38,39,44,46,126,127" hai1="7,9,14,18,19,41,47,50,53,62" /><INIT seed="4,2,0,5,4,23" ten="105,350,255,290" oya="0" hai0="43,8,64,50,122,19,69,66,53,133,131,65,97" hai1="9,39,84,36,52,70,116,20,130,42,86,118,38" hai2="40,63,13,123,60,94,132,27,48,115,74,91,18" hai3="98,85,108,87,127,14,11,72,82,25,56,35,68"/><T4/><D122/><U37/><E70/><V103/><F74/><W110/><G68/><T99/><D69/><U71/><E71/><V96/><F123/><W28/><G127/><T67/><N who="0" m="16896" /><DORA hai="119" /><T113/><D113/><U0/><E130/><V111/><F111/><W51/><G72/><T78/><D131/><U6/><E84/><V17/><F132/><W16/><G87/><T45/><D133/><U107/><E107/><V77/><F77/><W15/><G98/><T83/><D19/><U90/><E20/><N who="2" m="13711" /><F115/><W121/><G121/><T33/><D33/><U46/><REACH who="1" step="1"/><E52/><REACH who="1" ten="105,340,255,290" step="2"/><V21/><F40/><W44/><G56/><T5/><D53/><U102/><E102/><V134/><F103/><W92/><G110/><T1/><REACH who="0" step="1"/><D5/><REACH who="0" ten="95,340,255,290" step="2"/><U55/><E55/><V62/><F134/><W76/><G108/><T105/><D105/><U75/><E75/><AGARI ba="2,2" hai="1,4,8,43,45,50,75,78,83,97,99" m="16896" machi="75" ten="50,4800,0" yaku="1,1,53,1" doraHai="23,119" doraHaiUra="12,2" who="0" fromWho="1" sc="95,74,340,-54,255,0,290,0" /><INIT seed="4,3,0,1,2,114" ten="169,286,255,290" oya="0" hai0="124,22,37,46,34,29,120,28,84,58,81,115,90" hai1="86,54,12,50,66,48,108,5,98,67,126,89,44" hai2="82,11,53,1,17,113,95,35,92,52,25,119,107" hai3="116,60,57,20,100,41,39,96,88,104,45,61,129"/><T87/><D120/><U134/><E108/><V72/><F107/><W130/><G116/><T63/><D115/><U23/><E134/><V132/><F119/><W135/><G135/><T47/><D124/><U59/><E98/><V43/><F132/><W8/><G61/><T111/><D111/><U83/><E126/><V40/><F113/><W128/><G8/><T9/><D34/><U55/><REACH who="1" step="1"/><E23/><REACH who="1" ten="169,276,255,290" step="2"/><V3/><F35/><W118/><G118/><T42/><D22/><U38/><E38/><V6/><F11/><AGARI ba="3,1" hai="5,11,12,44,48,50,54,55,59,66,67,83,86,89" machi="11" ten="40,2600,0" yaku="1,1,8,1,53,0" doraHai="114" doraHaiUra="73" who="1" fromWho="2" sc="169,0,276,45,255,-35,290,0" /><INIT seed="5,0,0,4,0,9" ten="169,321,220,290" oya="1" hai0="79,133,119,131,135,134,130,73,26,7,33,48,63" hai1="45,93,121,89,120,32,61,2,128,116,84,5,125" hai2="22,100,109,30,3,35,11,47,49,51,80,69,76" hai3="40,75,97,99,68,81,70,25,60,90,44,34,23"/><U57/><E32/><V43/><F109/><W16/><G34/><T65/><D119/><U41/><E116/><V0/><F69/><W132/><G132/><T82/><D48/><U54/><E125/><V72/><F35/><W6/><G6/><T36/><D7/><U88/><E128/><V18/><F100/><W106/><G60/><T101/><D101/><U12/><E2/><V64/><F64/><W122/><G122/><T42/><D42/><U104/><E104/><V77/><F30/><W114/><G114/><T107/><D107/><U52/><E54/><V108/><F77/><W95/><G99/><T86/><D36/><U115/><E115/><V37/><F108/><W113/><G106/><T56/><REACH who="0" step="1"/><D73/><REACH who="0" ten="159,321,220,290" step="2"/><U105/><E105/><V59/><F0/><W38/><G113/><T94/><D94/><U112/><E112/><V31/><F3/><W85/><REACH who="3" step="1"/><G75/><REACH who="3" ten="159,321,220,280" step="2"/><T21/><D21/><U20/><E20/><V92/><F22/><W129/><G129/><T15/><D15/><U29/><E12/><V62/><F72/><W74/><G74/><T117/><D117/><U17/><E5/><V8/><F62/><W13/><G13/><T39/><D39/><U55/><E61/><V98/><F37/><W27/><G27/><T110/><D110/><U14/><E14/><V96/><F49/><W46/><G46/><T111/><D111/><U24/><E45/><V91/><F51/><W58/><G58/><T1/><D1/><U127/><E57/><V71/><F59/><W118/><G118/><T10/><D10/><U126/><E24/><V102/><F8/><RYUUKYOKU ba="0,2" sc="159,15,321,-15,220,-15,280,15" hai0="26,33,56,63,65,79,82,86,130,131,133,134,135" hai3="16,23,25,38,40,44,68,70,81,85,90,95,97" /><INIT seed="6,1,2,3,4,102" ten="174,306,205,295" oya="2" hai0="121,39,32,53,88,78,124,44,46,92,77,113,10" hai1="132,73,4,76,106,17,64,24,59,18,69,67,35" hai2="8,84,112,2,41,29,63,119,126,110,20,45,49" hai3="101,123,109,60,125,82,3,94,40,98,23,14,93"/><V120/><F120/><W133/><G109/><T103/><D121/><U74/><E69/><V57/><F119/><W72/><G3/><T48/><D32/><U97/><E132/><V25/><F110/><W38/><G123/><T108/><D108/><U81/><E73/><V118/><F118/><W128/><G133/><T19/><D113/><U5/><E17/><V89/><F112/><W80/><G125/><T36/><D124/><U30/><E18/><V86/><F126/><W13/><G128/><T70/><D70/><U11/><E59/><V83/><F2/><W58/><G40/><T33/><D33/><U68/><E67/><V129/><F129/><W79/><G38/><T9/><D103/><N who="1" m="62831" /><E11/><N who="0" m="4105" /><D39/><U37/><E37/><V105/><F105/><W96/><G23/><T56/><D19/><U127/><E127/><V6/><F86/><W54/><REACH who="3" step="1"/><G82/><REACH who="3" ten="174,306,205,285" step="2"/><T0/><D36/><U117/><E117/><V27/><F83/><W42/><G42/><T15/><D0/><U7/><E7/><V115/><F6/><W47/><G47/><N who="0" m="17963" /><D15/><U51/><E5/><V31/><F41/><W122/><G122/><T28/><D28/><U1/><E4/><V111/><F31/><W99/><G99/><AGARI ba="1,3" hai="48,53,56,77,78,88,92,99" m="17963,4105" machi="99" ten="30,2000,0" yaku="8,1,54,1" doraHai="102" who="0" fromWho="3" sc="174,53,306,0,205,0,285,-23" /><INIT seed="7,0,0,4,3,39" ten="227,306,205,262" oya="3" hai0="13,18,108,5,12,27,54,122,106,75,77,113,14" hai1="4,26,62,0,67,130,15,33,84,31,114,80,53" hai2="87,97,88,92,23,60,61,69,99,49,116,123,56" hai3="128,70,6,48,30,102,73,111,124,95,81,94,118"/><W1/><G70/><T16/><D106/><U59/><E130/><V47/><F123/><W90/><G118/><T74/><D122/><U66/><E0/><V125/><F125/><W29/><G128/><T89/><D108/><U9/><E114/><V41/><F116/><W93/><G124/><T110/><D110/><U71/><E71/><V86/><F69/><W79/><G111/><T32/><D5/><U42/><E42/><V105/><F105/><W19/><G102/><T109/><D109/><U22/><E33/><V107/><F107/><W76/><G76/><AGARI ba="0,0" hai="4,9,15,22,26,31,53,59,62,66,67,76,80,84" machi="76" ten="30,2000,0" yaku="7,1,8,1" doraHai="39" who="1" fromWho="3" sc="227,0,306,20,205,0,262,-20" owari="227,-17.0,326,42.0,205,-29.0,242,4.0" /></mjloggm>