<mjloggm ver="2.3"><GO type="41"/><UN n0="%77%69%64%65%62%65%61%72" n1="%E3%83%81%E3%83%A7%E3%83%83%E3%83%88%E5%BE%85%E3%81%A3%E3%81%9F" n2="%E6%9C%9D%E6%98%BC%E6%99%A9" n3="%E3%82%A6%E3%83%AB%E3%83%88%E3%83%A9%E7%AB%8B%E7%9B%B4" dan="14,13,14,15" rate="1898,1832,1906,1969" sx="M,M,M,M"/><TAIKYOKU oya="0"/><INIT seed="0,0,0,4,1,41" ten="250,250,250,250" oya="0" hai0="134,44,31,88,65,42,24,91,6,26,126,87,7" hai1="59,12,17,58,22,72,63,39,130,20,45,50,37" hai2="75,23,99,8,27,2,61,79,118,77,14,92,112" hai3="114,127,38,101,78,96,132,84,16,73,13,67,89"/><T43/><D134/><U0/><E72/><V30/><F112/><W125/><G67/><T55/><D65/><U129/><E0/><V34/><F118/><W124/><G38/><T110/><D126/><U15/><E59/><V68/><F75/><W18/><G114/><T97/><D110/><U35/><E35/><V62/><F62/><W103/><G132/><T81/><D55/><U95/><E95/><V56/><F68/><W115/><G115/><T102/><D91/><U9/><E39/><V122/><F122/><W32/><G32/><T113/><D113/><U120/><E15/><V57/><F57/><W82/><G13/><T94/><D42/><U117/><E37/><V25/><F25/><W121/><G121/><T83/><D83/><U28/><E28/><V105/><F105/><W49/><G49/><N who="0" m="26783" /><D31/><U4/><E4/><AGARI ba="0,0" hai="4,6,7,24,26,81,87,88,94,97,102" m="26783" machi="4" ten="30,5800,0" yaku="8,1,52,1,54,1" doraHai="41" who="0" fromWho="1" sc="250,58,250,-58,250,0,250,0" /><INIT seed="0,1,0,2,0,36" ten="308,192,250,250" oya="0" hai0="52,18,120,19,126,124,23,119,113,63,76,78,98" hai1="9,47,24,38,62,81,131,121,82,30,86,25,75" hai2="48,29,128,89,50,70,72,11,132,83,87,22,77" hai3="96,99,114,129,130,8,55,58,15,32,84,35,43"/><T54/><D120/><U39/><E121/><V104/><F128/><W88/><G114/><T100/><D119/><U3/><E131/><N who="3" m="50186" /><G96/><T6/><D113/><U135/><E135/><V93/><F132/><W5/><G99/><T115/><D6/><U0/><E62/><V59/><F70/><W109/><G109/><T64/><D115/><U2/><E25/><V33/><F33/><W27/><G27/><T68/><D19/><U46/><E9/><V105/><F11/><W12/><G12/><T56/><D54/><U106/><E106/><V37/><F37/><W40/><G35/><T66/><D66/><U127/><E127/><N who="0" m="48681" /><D18/><U123/><E123/><V111/><F111/><W118/><G32/><T74/><D23/><U45/><E75/><V107/><F59/><W60/><G118/><T67/><D67/><U125/><E125/><V31/><F31/><W14/><G14/><T28/><D28/><U16/><E16/><V95/><F29/><W10/><G10/><T65/><D65/><U21/><REACH who="1" step="1"/><E82/><AGARI ba="1,0" hai="5,8,15,40,43,55,58,60,82,84,88" m="50186" machi="82" ten="30,7700,0" yaku="19,1,52,2,54,1" doraHai="36" who="3" fromWho="1" sc="308,0,192,-80,250,0,250,80" /><INIT seed="1,0,0,3,1,2" ten="308,112,250,330" oya="1" hai0="27,115,83,55,116,34,7,40,114,79,30,125,117" hai1="130,102,94,32,77,76,126,29,111,89,12,61,14" hai2="19,48,57,127,80,26,88,46,110,50,60,18,63" hai3="122,87,28,37,17,107,132,25,16,74,123,103,44"/><U75/><E102/><V113/><F113/><N who="0" m="43018" /><D40/><U68/><E130/><V24/><F127/><W15/><G74/><T67/><D55/><U112/><E126/><V47/><F110/><W11/><G44/><T36/><D67/><U58/><E112/><V91/><F57/><W109/><G37/><T128/><D36/><U42/><E111/><V84/><F84/><W59/><G109/><T81/><D79/><U3/><E3/><V13/><F13/><W41/><G41/><T43/><D43/><U66/><E68/><V20/><F20/><W108/><G59/><T97/><D97/><U1/><E1/><V133/><F133/><W131/><G87/><T118/><D83/><AGARI ba="0,0" hai="18,19,24,26,46,47,48,50,60,63,80,83,88,91" machi="83" ten="25,6400,0" yaku="22,2,8,1,54,1" doraHai="2" who="2" fromWho="0" sc="308,-64,112,0,250,64,330,0" /><INIT seed="2,0,0,3,3,5" ten="244,112,314,330" oya="2" hai0="79,21,102,135,17,94,84,92,101,39,48,122,119" hai1="47,25,11,20,6,110,29,24,35,64,111,75,55" hai2="41,33,73,121,71,19,100,40,7,120,91,74,67" hai3="88,34,77,116,89,22,105,45,12,93,113,27,49"/><V58/><F33/><W31/><G105/><T128/><D39/><U30/><E64/><V78/><F71/><W131/><G116/><T108/><D122/><U53/><E47/><V52/><F67/><W82/><G113/><T37/><D37/><U15/><E75/><V16/><F100/><W50/><G131/><T10/><D119/><U134/><E134/><V44/><F7/><W26/><G26/><T18/><D108/><AGARI ba="0,0" hai="6,11,15,20,24,25,29,30,35,53,55,108,110,111" machi="108" ten="40,2600,0" yaku="14,1,52,1" doraHai="5" who="1" fromWho="0" sc="244,-26,112,26,314,0,330,0" /><INIT seed="3,0,0,1,3,125" ten="218,138,314,330" oya="3" hai0="74,89,73,49,95,77,67,122,28,87,24,1,57" hai1="97,86,40,26,36,78,7,118,131,134,112,114,70" hai2="30,16,35,132,65,108,50,5,20,2,42,52,79" hai3="130,8,14,75,23,102,116,12,72,83,45,85,120"/><W41/><G120/><T19/><D122/><U76/><E70/><V64/><F108/><W121/><G116/><T48/><D1/><U103/><E40/><V0/><F132/><W56/><G102/><T82/><D19/><U33/><E7/><V99/><F79/><N who="1" m="30249" /><E26/><V10/><F42/><W133/><G56/><T96/><D73/><U111/><E36/><V128/><F0/><W100/><G100/><T63/><REACH who="0" step="1"/><D74/><REACH who="0" step="2"/><U25/><E118/><V127/><F127/><W44/><G75/><T109/><D109/><U27/><E111/><V92/><F2/><W93/><G72/><T22/><AGARI ba="0,1" hai="22,24,28,48,49,57,63,67,77,82,87,89,95,96" machi="22" ten="20,5200,0" yaku="1,1,0,1,7,1,8,1,53,0" doraHai="125" doraHaiUra="117" who="0" fromWho="0" sc="208,62,138,-13,314,-13,330,-26" /><INIT seed="4,0,0,2,2,75" ten="270,125,301,304" oya="0" hai0="61,67,35,98,40,25,128,12,79,117,64,34,65" hai1="113,99,14,58,72,77,24,62,6,52,54,69,63" hai2="45,123,55,102,108,97,59,71,126,42,74,26,90" hai3="33,82,8,135,83,43,121,105,112,37,48,70,2"/><T100/><D117/><U17/><E6/><V50/><F126/><W120/><G48/><T7/><D128/><U3/><E3/><V107/><F108/><W122/><G83/><T91/><D40/><U21/><E99/><V127/><F127/><W11/><G82/><T10/><D61/><U30/><E113/><V95/><F71/><W20/><G11/><T68/><D68/><U19/><E69/><V38/><F74/><W89/><G89/><T18/><D91/><U106/><E106/><V103/><F103/><W78/><G20/><T125/><D125/><U85/><E72/><V132/><F132/><W80/><G33/><T76/><D7/><U104/><E104/><V66/><F66/><W110/><G70/><T0/><D0/><U49/><E19/><V134/><F134/><W116/><G105/><T109/><D109/><U84/><E54/><V73/><F73/><N who="3" m="43087" /><G135/><T111/><D111/><U27/><E77/><N who="0" m="29769" /><D35/><U93/><E93/><V22/><F107/><W56/><G110/><T53/><D34/><U13/><E27/><V124/><F124/><W1/><G116/><T92/><D25/><U15/><E30/><V94/><F94/><W118/><G118/><T96/><D96/><U115/><REACH who="1" step="1"/><E115/><REACH who="1" step="2"/><V88/><REACH who="2" step="1"/><F123/><REACH who="2" step="2"/><W23/><G112/><T4/><D53/><U47/><E47/><V81/><F81/><W46/><G120/><T101/><D101/><U39/><E39/><V129/><F129/><W114/><G121/><T60/><D4/><U51/><E51/><V31/><AGARI ba="0,2" hai="22,26,31,38,42,45,50,55,59,88,90,95,97,102" machi="31" ten="20,5200,0" yaku="1,1,0,1,7,1,54,1,53,0" doraHai="75" doraHaiUra="28" who="2" fromWho="2" sc="270,-26,115,-13,291,72,304,-13" /><INIT seed="5,0,0,5,5,1" ten="244,102,363,291" oya="1" hai0="55,92,76,88,0,14,35,128,48,59,115,114,26" hai1="125,53,24,126,46,40,52,27,43,99,84,74,75" hai2="95,113,9,15,67,64,31,124,18,106,49,7,110" hai3="129,41,134,83,21,122,19,107,57,20,61,70,98"/><U119/><E119/><V25/><F106/><W66/><G122/><T105/><D0/><U58/><E99/><V82/><F124/><N who="1" m="47721" /><E84/><V63/><F110/><W90/><G129/><T112/><D105/><U123/><E123/><V34/><F113/><N who="0" m="28930" /><T78/><DORA hai="56" /><D128/><U60/><E46/><V91/><F82/><W104/><G134/><T118/><D14/><U32/><E32/><V22/><F49/><W36/><G20/><T47/><D118/><U12/><E12/><V93/><F91/><W85/><G98/><T16/><D35/><U37/><E37/><V68/><REACH who="2" step="1"/><F67/><REACH who="2" step="2"/><W33/><G104/><T62/><D76/><U102/><E102/><V28/><F28/><W30/><G107/><T71/><D78/><U108/><E108/><V29/><F29/><W87/><G30/><T79/><D79/><U86/><E86/><V38/><F38/><W69/><G87/><N who="0" m="52255" /><D71/><U120/><E120/><V50/><F50/><W73/><G69/><T51/><D47/><U23/><E53/><V117/><F117/><W109/><G70/><T39/><D39/><U97/><E97/><V44/><F44/><W111/><G111/><T80/><D80/><U132/><E132/><V121/><F121/><W116/><G109/><T89/><D89/><U45/><E45/><V94/><F94/><W72/><G116/><T54/><D54/><U130/><E130/><V103/><F103/><W77/><G36/><T135/><D135/><U5/><E5/><V65/><F65/><W81/><G81/><T133/><D133/><U42/><E23/><AGARI ba="0,1" hai="16,23,26,48,51,55,59,62" m="52255,28930" machi="23" ten="40,8000,1" yaku="15,1,52,1,54,2" doraHai="1,56" who="0" fromWho="1" sc="244,90,102,-80,353,0,291,0" /><INIT seed="6,0,0,1,3,133" ten="334,22,353,291" oya="2" hai0="43,72,69,90,105,41,135,18,73,7,29,42,27" hai1="16,126,26,20,111,3,86,21,114,46,17,60,94" hai2="55,115,93,101,71,107,125,56,34,100,106,130,49" hai3="80,1,9,97,40,45,11,113,48,61,109,127,58"/><V116/><F116/><W96/><G109/><T4/><D135/><U59/><E111/><V38/><F71/><W57/><G1/><T120/><D69/><U118/><E118/><V99/><F38/><W31/><G113/><T2/><D105/><U10/><E126/><V119/><F119/><W124/><G31/><T0/><D120/><U14/><E114/><V134/><F115/><W12/><G80/><T44/><D44/><U91/><E3/><N who="0" m="1065" /><D18/><U54/><E46/><V62/><F134/><W74/><G74/><N who="0" m="28779" /><D90/><U30/><REACH who="1" step="1"/><E20/><REACH who="1" step="2"/><V76/><F125/><N who="3" m="48203" /><G11/><T33/><D33/><U70/><E70/><V83/><F34/><W66/><G58/><T75/><D29/><AGARI ba="0,1" hai="10,14,16,17,21,26,29,30,54,59,60,86,91,94" machi="29" ten="40,8000,1" yaku="1,1,8,1,54,1,53,1" doraHai="133" doraHaiUra="82" who="1" fromWho="0" sc="334,-80,12,90,353,0,291,0" /><INIT seed="7,0,0,2,3,42" ten="254,102,353,291" oya="3" hai0="78,35,111,37,101,14,50,113,27,72,129,135,65" hai1="45,100,6,31,131,68,96,90,132,88,63,104,46" hai2="19,98,76,79,105,130,29,30,48,117,17,56,108" hai3="15,22,24,18,8,97,0,9,64,60,71,119,57"/><W3/><G119/><T13/><D37/><U25/><E131/><V4/><F130/><W102/><G71/><T62/><D129/><U109/><E109/><V84/><F108/><W126/><G126/><T93/><D135/><U20/><E132/><V85/><F4/><W36/><G36/><T99/><D111/><U123/><E123/><V128/><F128/><W34/><G34/><T80/><D113/><U115/><E115/><V58/><F48/><W28/><REACH who="3" step="1"/><G9/><REACH who="3" step="2"/><T11/><D11/><U69/><E6/><V91/><F117/><W49/><G49/><T59/><D35/><U32/><E69/><V94/><F105/><AGARI ba="0,1" hai="0,3,8,15,18,22,24,28,57,60,64,97,102,105" machi="105" ten="30,2900,0" yaku="1,1,7,1,53,0" doraHai="42" doraHaiUra="83" who="3" fromWho="2" sc="254,0,102,0,353,-29,281,39" /><INIT seed="7,1,0,1,4,48" ten="254,102,324,320" oya="3" hai0="127,117,31,122,30,47,29,96,121,7,119,95,45" hai1="26,59,108,83,56,22,115,67,72,13,73,70,94" hai2="62,28,24,35,113,80,57,66,130,39,36,88,52" hai3="63,42,124,12,41,17,11,71,109,134,44,40,77"/><W38/><G109/><T129/><D7/><U105/><E108/><V49/><F130/><W110/><G110/><T2/><D2/><U19/><E105/><V135/><F135/><W81/><G134/><T114/><D129/><U5/><E115/><V132/><F132/><W75/><REACH who="3" step="1"/><G124/><REACH who="3" step="2"/><T131/><D131/><U9/><E70/><V128/><F113/><W34/><G34/><T0/><D127/><U65/><E73/><V112/><F112/><W4/><G4/><T15/><D114/><U87/><E72/><V125/><F125/><W89/><G89/><T10/><D0/><U91/><REACH who="1" step="1"/><E83/><REACH who="1" step="2"/><V46/><F128/><W111/><G111/><T51/><D122/><U107/><E107/><V68/><F68/><W118/><G118/><T37/><D121/><U61/><E61/><V84/><AGARI ba="1,2" hai="24,28,35,36,39,46,49,52,57,62,66,80,84,88" machi="84" ten="30,7900,0" yaku="0,1,52,1,54,2" doraHai="48" who="2" fromWho="2" sc="254,-21,92,-21,324,102,310,-40" owari="233,-17,71,-43,426,53,270,7" /></mjloggm>