<mjloggm ver="2.3"><GO type="169" lobby="0"/><UN n0="%6B%6F%68%73%68%69" n1="%E9%80%A2%E9%AD%94%E3%81%8C%E6%99%82" n2="%EF%BC%88%E2%89%A7%E2%96%BD%E2%89%A6%EF%BC%89" n3="%73%70%6F%69%6C%65%64" dan="17,16,17,17" rate="2124,2131,2133,2189" sx="M,M,M,M"/><TAIKYOKU oya="0"/><INIT seed="0,0,0,5,2,103" ten="250,250,250,250" oya="0" hai0="100,71,19,65,125,56,20,112,57,82,124,95,88" hai1="131,117,93,105,32,51,27,107,23,116,13,41,59" hai2="135,123,38,10,87,90,132,134,109,127,130,102,84" hai3="12,43,94,22,29,37,99,101,50,14,24,49,7"/><T1/><D1/><U75/><E75/><V58/><F38/><W68/><G68/><T42/><D112/><U113/><E113/><V17/><F123/><W77/><G77/><T53/><D42/><U110/><E32/><V129/><F109/><W96/><G37/><T63/><D82/><U81/><E110/><V89/><F58/><W118/><G118/><T44/><D44/><U30/><E81/><N who="2" m="49295" /><F10/><W126/><G126/><T119/><D100/><U62/><E131/><N who="2" m="50187" /><F17/><W92/><G43/><T128/><D128/><U97/><E13/><N who="3" m="5226" /><G7/><T5/><D5/><U2/><E2/><V80/><F102/><AGARI ba="0,0" hai="22,24,29,49,50,92,94,96,99,101,102" m="5226" machi="102" ten="30,1000,0" yaku="8,1" doraHai="103" who="3" fromWho="2" sc="250,0,250,0,250,-10,250,10" /><INIT seed="1,0,0,2,0,40" ten="250,250,240,260" oya="1" hai0="111,85,133,125,4,35,56,60,87,17,41,37,77" hai1="73,104,109,21,39,114,3,124,99,106,25,70,103" hai2="79,59,81,29,34,1,88,0,65,54,94,130,16" hai3="43,91,96,20,71,14,105,75,7,119,30,64,12"/><U51/><E114/><V129/><F65/><W92/><G119/><T98/><D35/><U18/><E3/><V53/><F34/><W102/><G75/><T55/><D4/><U57/><E124/><V58/><F29/><W48/><G71/><T122/><D122/><U52/><E73/><N who="2" m="43247" /><F58/><W66/><G105/><T32/><D32/><U67/><E109/><V5/><F5/><W23/><G102/><T93/><D125/><U15/><E39/><V62/><F54/><W135/><G135/><T83/><D111/><U118/><E118/><V19/><F0/><W78/><G78/><T44/><D133/><U84/><E106/><V68/><F68/><W101/><G101/><T31/><D31/><U49/><E49/><V82/><F82/><W121/><G121/><T128/><D128/><N who="2" m="49258" /><F1/><W26/><G23/><T6/><D6/><U63/><REACH who="1" step="1"/><E84/><AGARI ba="0,0" hai="16,19,53,59,62,84,88,94" m="49258,43247" machi="84" ten="30,3900,0" yaku="19,1,54,2" doraHai="40" who="2" fromWho="1" sc="250,0,250,-39,240,39,260,0" /><INIT seed="2,0,0,5,0,75" ten="250,211,279,260" oya="2" hai0="0,94,112,59,55,58,8,133,23,74,111,51,100" hai1="61,50,97,25,102,107,40,62,15,26,49,98,36" hai2="113,90,9,135,34,76,3,129,120,65,28,122,29" hai3="106,115,134,91,57,54,99,93,108,27,118,84,66"/><V86/><F113/><W77/><G118/><T17/><D112/><U89/><E36/><V56/><F129/><W79/><G115/><T35/><D35/><U24/><E15/><V95/><F135/><W52/><G134/><T20/><D74/><U22/><E22/><V5/><F34/><W132/><G132/><T68/><D68/><U1/><E1/><V103/><F103/><W10/><G108/><T81/><D133/><U83/><E97/><V87/><F65/><W41/><G41/><T37/><D37/><U63/><E40/><V44/><F56/><W64/><G27/><T73/><D111/><U80/><E83/><V31/><REACH who="2" step="1"/><F44/><REACH who="2" ten="250,211,269,260" step="2"/><W42/><G66/><T105/><D59/><U13/><REACH who="1" step="1"/><E13/><REACH who="1" ten="250,201,269,260" step="2"/><V110/><F110/><W6/><G64/><T18/><D0/><U130/><E130/><V69/><F69/><W127/><G42/><T2/><D2/><U39/><E39/><V38/><F38/><W78/><G54/><T60/><D55/><U11/><E11/><V119/><F119/><W121/><G10/><T47/><D8/><U104/><E104/><V126/><F126/><W128/><G127/><T88/><D105/><U109/><E109/><V12/><F12/><W67/><G106/><T116/><D116/><U19/><E19/><V32/><F32/><W70/><G52/><T45/><D17/><U72/><E72/><V46/><F46/><W82/><G70/><T14/><D18/><U16/><E16/><V71/><F71/><W96/><G67/><T125/><D73/><U101/><E101/><V117/><F117/><W30/><G128/><RYUUKYOKU ba="0,2" sc="250,-15,201,15,269,15,260,-15" hai1="24,25,26,49,50,61,62,63,80,89,98,102,107" hai2="3,5,9,28,29,31,76,86,87,90,95,120,122" /><INIT seed="2,1,2,4,4,93" ten="235,216,284,245" oya="2" hai0="52,117,101,126,1,20,99,31,78,61,45,71,18" hai1="121,119,22,37,9,62,76,68,90,64,35,115,72" hai2="91,111,11,7,13,0,19,116,55,87,88,73,56" hai3="57,80,43,53,118,106,109,110,135,29,23,92,60"/><V79/><F116/><W65/><G106/><T5/><D117/><U8/><E35/><V44/><F111/><W86/><G118/><T34/><D78/><U127/><E115/><V81/><F44/><W95/><G43/><T67/><D126/><U26/><E127/><V134/><F134/><W17/><G29/><T40/><D34/><U96/><E37/><V42/><F42/><W129/><G65/><T10/><D31/><U50/><E121/><V69/><F69/><W38/><G38/><T77/><D77/><U105/><E50/><V30/><F30/><W125/><G129/><T58/><D20/><U25/><E25/><V94/><F91/><N who="3" m="51655" /><G135/><T48/><D18/><U46/><E46/><V33/><F33/><W28/><G28/><T113/><D113/><U47/><E47/><V51/><REACH who="2" step="1"/><F19/><REACH who="2" ten="235,216,274,245" step="2"/><W82/><G125/><T85/><D40/><U131/><E119/><V107/><F107/><W84/><G110/><T66/><D71/><U102/><E90/><V75/><F75/><W15/><G109/><T70/><D70/><U98/><E131/><V97/><F97/><W133/><G133/><T54/><REACH who="0" step="1"/><D85/><REACH who="0" ten="225,216,274,245" step="2"/><U120/><E68/><V63/><F63/><W16/><G17/><T49/><D49/><U74/><E62/><V12/><AGARI ba="1,4" hai="0,7,11,12,13,51,55,56,73,79,81,87,88,94" machi="12" ten="30,6000,0" yaku="1,1,0,1,54,1,53,0" doraHai="93" doraHaiUra="103" who="2" fromWho="2" sc="225,-21,216,-21,274,103,245,-21" /><INIT seed="2,2,0,0,1,21" ten="204,195,377,224" oya="2" hai0="70,104,50,10,118,41,92,18,129,122,7,58,23" hai1="44,4,27,51,46,124,84,30,134,67,111,12,25" hai2="47,105,121,54,81,59,75,28,95,89,62,8,24" hai3="77,123,20,98,133,73,128,82,108,100,68,97,119"/><V115/><F121/><W6/><G123/><T9/><D122/><U29/><E124/><V42/><F105/><W34/><G34/><T113/><D104/><U37/><E37/><V53/><F115/><W64/><G119/><T80/><D70/><U117/><E117/><V31/><F31/><N who="1" m="11785" /><E134/><V132/><F132/><W55/><G133/><T109/><D118/><U87/><E111/><V45/><F54/><W60/><G108/><T114/><D109/><U16/><E4/><V88/><F8/><W72/><G128/><T135/><D129/><U76/><E67/><V127/><F127/><W0/><G73/><T110/><D110/><U86/><E76/><V17/><F17/><W90/><G90/><T36/><D135/><U69/><E69/><V2/><F2/><W61/><G100/><T85/><D36/><U96/><E96/><V1/><F1/><W63/><G97/><T56/><D113/><U94/><E94/><V26/><F75/><W48/><G98/><T14/><D114/><U19/><E19/><V116/><F116/><W13/><G0/><T103/><D92/><U131/><E131/><V93/><F93/><W3/><G3/><T102/><D10/><N who="1" m="6167" /><E46/><V22/><F45/><N who="3" m="28047" /><G6/><T107/><D107/><U83/><E83/><V106/><F106/><W66/><G68/><T99/><D99/><U130/><E130/><V5/><F5/><W38/><G38/><T74/><D74/><U11/><E11/><V39/><F81/><W57/><G66/><T120/><D120/><U71/><E71/><V79/><F95/><W15/><G64/><T91/><D7/><RYUUKYOKU ba="2,0" sc="204,-10,195,30,377,-10,224,-10" hai1="25,27,44,51,84,86,87" /><INIT seed="3,3,0,1,1,43" ten="194,225,367,214" oya="3" hai0="82,31,74,71,101,72,96,3,104,123,114,22,30" hai1="9,45,15,62,108,24,88,28,53,14,95,75,55" hai2="110,132,89,39,109,73,115,134,107,41,58,94,27" hai3="69,133,17,51,35,1,23,100,116,26,90,135,29"/><W0/><G69/><T19/><D123/><U80/><E108/><N who="2" m="41579" /><F107/><W70/><G70/><T47/><D114/><U5/><E80/><V85/><F73/><W119/><G100/><T126/><D71/><U106/><E106/><V2/><F2/><N who="3" m="1131" /><G51/><T68/><D3/><U124/><E75/><V44/><F115/><W48/><G48/><T131/><D68/><U10/><E124/><V61/><F27/><N who="3" m="14831" /><G90/><T37/><D126/><U20/><E62/><V84/><F85/><W49/><G49/><T76/><D74/><U25/><E25/><V12/><F12/><W46/><G46/><T16/><D19/><N who="1" m="8663" /><E45/><V129/><F129/><W54/><G54/><AGARI ba="3,0" hai="39,41,44,54,58,61,84,89,94,132,134" m="41579" machi="54" ten="30,2000,0" yaku="14,1,52,1" doraHai="43" who="2" fromWho="3" sc="194,0,225,0,367,29,214,-29" /><INIT seed="4,0,0,0,0,134" ten="194,225,396,185" oya="0" hai0="24,103,33,96,94,98,21,41,58,119,101,73,50" hai1="72,111,31,56,117,17,88,6,132,71,125,99,66" hai2="116,42,30,112,19,91,4,11,76,67,105,40,12" hai3="20,109,129,59,95,15,122,124,131,81,37,86,121"/><T108/><D119/><U130/><E72/><V32/><F116/><W126/><G37/><T57/><D108/><U1/><E71/><V106/><F112/><W113/><G109/><T83/><D33/><U92/><E132/><V65/><F76/><N who="3" m="46375" /><G59/><T35/><D35/><U43/><E31/><V52/><F106/><W44/><G44/><T74/><D83/><U84/><E130/><N who="3" m="49674" /><G113/><T10/><D10/><U7/><E43/><N who="2" m="16427" /><F105/><W25/><G15/><T22/><D41/><U8/><E6/><V79/><F79/><W45/><G95/><T114/><D114/><U64/><E111/><V70/><F70/><W18/><G45/><T5/><D5/><U0/><E0/><V68/><F68/><W87/><G87/><T9/><D9/><U27/><E84/><V47/><F4/><W46/><G46/><T90/><D24/><U100/><E56/><V16/><F47/><W36/><G36/><T104/><D104/><U93/><E27/><V123/><F12/><W60/><G60/><T23/><D50/><U133/><E133/><V102/><F11/><W127/><AGARI ba="0,0" hai="18,20,25,121,122,124,126,127" m="49674,46375" machi="127" ten="40,8000,1" yaku="18,1,19,1,52,3" doraHai="134" who="3" fromWho="3" sc="194,-40,225,-20,396,-20,185,80" /><INIT seed="5,0,0,3,4,41" ten="154,205,376,265" oya="1" hai0="24,55,68,118,27,115,49,111,95,80,35,78,77" hai1="84,7,83,100,32,81,130,105,29,0,20,37,22" hai2="74,69,46,21,18,89,28,9,45,119,11,120,26" hai3="1,40,104,44,108,79,98,76,102,36,38,70,110"/><U75/><E37/><V112/><F74/><W134/><G79/><T48/><D68/><U8/><E130/><V5/><F69/><W73/><G38/><T62/><D118/><U59/><E75/><V121/><F119/><W109/><G70/><T43/><D111/><U4/><E83/><V53/><F112/><W99/><G99/><T126/><D115/><U15/><E100/><V128/><F128/><W14/><G14/><T54/><D126/><U116/><E105/><V60/><F121/><W34/><G34/><T65/><D43/><U17/><E116/><V10/><F120/><W103/><G103/><T12/><D35/><U97/><E97/><V6/><F89/><W85/><G85/><T106/><D106/><U39/><E39/><V122/><F122/><W91/><G91/><T123/><D123/><U57/><E22/><V33/><F28/><W93/><G93/><T19/><D95/><U113/><E7/><N who="2" m="2571" /><F33/><W61/><G61/><T52/><D65/><U58/><E113/><V88/><F88/><W30/><G30/><T72/><D77/><N who="1" m="46127" /><E58/><AGARI ba="0,0" hai="9,10,11,18,21,26,45,46,53,58,60" m="2571" machi="58" ten="30,3900,0" yaku="8,1,52,2" doraHai="41" who="2" fromWho="1" sc="154,0,205,-39,376,39,265,0" /><INIT seed="6,0,0,3,5,42" ten="154,166,415,265" oya="2" hai0="95,85,27,19,104,33,35,34,23,13,109,125,46" hai1="7,50,99,82,60,122,59,54,25,77,49,118,43" hai2="51,40,56,29,79,121,14,69,84,80,98,117,127" hai3="15,1,20,94,22,102,3,70,113,0,45,26,100"/><V65/><F121/><W6/><G70/><T78/><D104/><U48/><E118/><V106/><F117/><W86/><G113/><T17/><D109/><U90/><E122/><V132/><F132/><W58/><G58/><T64/><D125/><U68/><E68/><V108/><F69/><W124/><G124/><T31/><D64/><U92/><E7/><V72/><F108/><W57/><G57/><T101/><D101/><U131/><E25/><V74/><F29/><W12/><G6/><T120/><D120/><U55/><E55/><V97/><F106/><W115/><G115/><T103/><D103/><U91/><E91/><V111/><F111/><W62/><G62/><T119/><D119/><U21/><E21/><V123/><F123/><W93/><G3/><T36/><D78/><U44/><REACH who="1" step="1"/><E131/><REACH who="1" ten="154,156,415,265" step="2"/><V39/><F127/><W116/><G116/><T87/><D35/><U61/><E61/><V128/><F128/><W83/><G26/><T18/><D34/><U5/><E5/><V2/><F65/><W107/><G22/><T52/><D52/><U37/><E37/><V16/><F39/><W63/><G63/><T96/><D33/><U4/><E4/><V89/><F89/><W71/><G71/><T11/><D27/><U66/><E66/><V88/><F88/><W28/><G107/><T133/><D36/><U30/><E30/><V114/><F40/><W105/><G105/><T10/><D31/><U47/><E47/><V9/><F114/><W129/><G28/><T110/><D110/><U38/><E38/><V53/><F53/><W76/><G129/><RYUUKYOKU ba="0,1" sc="154,-10,156,30,415,-10,265,-10" hai1="43,44,48,49,50,54,59,60,77,82,90,92,99" /><INIT seed="7,1,1,1,4,98" ten="144,186,405,255" oya="3" hai0="40,12,77,107,35,70,27,37,135,121,89,125,80" hai1="69,62,19,28,51,66,103,2,97,134,1,47,0" hai2="130,90,65,113,54,61,108,74,84,8,50,88,52" hai3="129,122,49,115,42,94,91,117,3,127,76,44,29"/><W104/><G122/><T30/><D121/><U96/><E134/><V38/><F38/><W21/><G104/><T68/><D135/><U60/><E60/><V14/><F74/><W41/><G3/><T7/><D125/><U11/><E28/><V83/><F108/><W6/><G6/><T55/><D89/><U73/><E73/><V48/><F130/><W112/><G117/><T85/><D55/><N who="2" m="21034" /><F113/><W10/><G10/><T114/><D114/><U133/><E97/><V126/><F90/><W17/><G129/><T24/><D24/><U18/><E11/><V46/><F46/><W95/><G44/><T23/><D107/><U120/><E120/><V63/><F126/><W92/><G127/><T87/><D87/><U45/><E45/><V36/><F36/><W72/><G91/><T32/><D32/><U131/><E131/><V123/><F123/><W124/><G72/><T128/><D128/><U58/><E69/><V119/><F119/><W64/><G124/><T132/><D132/><U5/><E5/><N who="2" m="3343" /><F63/><W86/><G86/><T26/><D7/><U16/><E133/><V67/><F61/><W56/><G115/><T102/><D12/><U25/><E25/><V57/><F57/><W106/><G56/><T9/><D9/><U116/><E116/><V109/><F109/><W22/><G106/><T81/><D81/><U100/><REACH who="1" step="1"/><E96/><REACH who="1" ten="144,176,405,255" step="2"/><V93/><F84/><W110/><G112/><T118/><D118/><U31/><E31/><V105/><F67/><W4/><G64/><T43/><D27/><U101/><E101/><V75/><F65/><W71/><G110/><RYUUKYOKU ba="1,2" sc="144,-10,176,30,405,-10,255,-10" hai1="0,1,2,16,18,19,47,51,58,62,66,100,103" owari="134,-37.0,206,-19.0,415,51.0,245,5.0" /></mjloggm>