<mjloggm ver="2.3"><GO type="169" lobby="0"/><UN n0="%EF%BC%88%E2%89%A7%E2%96%BD%E2%89%A6%EF%BC%89" n1="%E5%A4%AA%E3%81%8F%E3%81%AA%E3%81%84%E3%81%8A" n2="%53%50%49%43%41%40%58" n3="%E3%81%84%E3%81%A1%E3%81%8B%E3%82%8F%E2%99%AA" dan="17,17,17,16" rate="2184.28,2187.73,2168.32,2115.78" sx="M,M,M,M"/><TAIKYOKU oya="0"/><INIT seed="0,0,0,3,4,49" ten="250,250,250,250" oya="0" hai0="19,131,89,70,72,35,130,56,111,68,94,64,21" hai1="118,9,96,27,110,78,124,92,107,36,3,55,134" hai2="33,13,73,128,133,17,117,88,57,16,2,75,1" hai3="37,53,42,60,52,61,12,54,34,69,76,98,11"/><T79/><D35/><U50/><E118/><V102/><F102/><W23/><G34/><T129/><D111/><U91/><E36/><V66/><F33/><W81/><G69/><T38/><D38/><U108/><E134/><V101/><F101/><W74/><G98/><T95/><D72/><U20/><E107/><V44/><F133/><W135/><G135/><T109/><D79/><U106/><E106/><V30/><F30/><W45/><REACH who="3" step="1"/><G23/><REACH who="3" ten="250,250,250,240" step="2"/><T123/><D109/><U8/><E20/><V4/><F117/><W125/><G125/><T121/><D68/><U71/><E71/><V93/><F128/><W41/><G41/><T14/><D70/><U84/><E124/><V122/><F122/><W26/><G26/><T51/><D123/><U113/><E27/><V43/><F43/><W24/><G24/><T83/><D121/><U6/><E110/><V63/><F2/><W115/><G115/><T46/><D130/><U80/><E108/><V87/><F1/><W22/><G22/><T7/><D129/><U112/><REACH who="1" step="1"/><E9/><REACH who="1" ten="250,240,250,240" step="2"/><N who="2" m="4263" /><F73/><W32/><G32/><T67/><D131/><U103/><E103/><V47/><F75/><W119/><G119/><T100/><D100/><U28/><E28/><V31/><F31/><W0/><G0/><T62/><D21/><U40/><E40/><V29/><F29/><W126/><G126/><T48/><D19/><AGARI ba="0,2" hai="16,17,19,44,47,57,63,66,87,88,93" m="4263" machi="19" ten="30,3900,0" yaku="8,1,54,2" doraHai="49" who="2" fromWho="0" sc="250,-39,240,0,250,59,240,0" /><AGARI ba="0,0" hai="11,12,19,37,42,45,52,53,54,60,61,74,76,81" machi="19" ten="40,8000,1" yaku="1,1,52,3,54,1,53,0" doraHai="49" doraHaiUra="120" who="3" fromWho="0" sc="211,-80,240,0,309,0,240,80" /><INIT seed="1,0,0,4,3,0" ten="131,240,309,320" oya="1" hai0="118,48,78,23,54,14,132,87,9,28,62,18,131" hai1="106,91,117,51,84,100,29,32,70,66,42,25,86" hai2="129,116,81,76,93,58,5,114,113,110,74,108,68" hai3="101,57,127,119,102,31,120,2,96,134,79,98,85"/><U53/><E117/><V20/><F68/><W107/><G120/><T104/><D118/><U90/><E42/><V43/><F116/><W133/><G31/><T35/><D104/><U52/><E106/><V13/><F129/><W47/><G119/><T72/><D131/><U97/><E70/><V37/><F58/><W73/><G57/><T95/><D132/><N who="3" m="50793" /><G47/><T123/><D123/><U77/><E66/><V56/><F56/><W33/><G33/><T6/><D72/><U45/><E53/><V94/><F43/><W8/><G73/><T130/><D130/><U83/><REACH who="1" step="1"/><E86/><REACH who="1" ten="131,230,309,320" step="2"/><V121/><F121/><W128/><G128/><T69/><D69/><U82/><E82/><V15/><F81/><N who="3" m="47295" /><G127/><T44/><D87/><U67/><E67/><V17/><F74/><W135/><G135/><T71/><D71/><U60/><E60/><V105/><F105/><W16/><G107/><T3/><D62/><U124/><E124/><V64/><F64/><W46/><G98/><T126/><D126/><U63/><E63/><V12/><F113/><W40/><G96/><T65/><D65/><U112/><E112/><V55/><F114/><W10/><G40/><T36/><D95/><U39/><E39/><V59/><F37/><W38/><G38/><T103/><D36/><U99/><E99/><V50/><F93/><W34/><G46/><T11/><D44/><U49/><E49/><V19/><F94/><W109/><G102/><T80/><D80/><U27/><E27/><V88/><F50/><W41/><G101/><T125/><D48/><U7/><E7/><V26/><F5/><RYUUKYOKU ba="0,1" sc="131,-10,230,30,309,-10,320,-10" hai1="25,29,32,45,51,52,77,83,84,90,91,97,100" /><INIT seed="1,1,1,0,3,87" ten="121,260,299,310" oya="1" hai0="28,64,12,75,25,13,91,100,73,31,44,134,127" hai1="0,85,65,27,15,32,107,104,115,68,41,54,80" hai2="95,14,42,133,35,16,116,122,10,69,113,89,110" hai3="20,111,40,120,23,76,39,19,79,108,102,9,17"/><U1/><E115/><V51/><F116/><W77/><G102/><T49/><D134/><U11/><E41/><V97/><F122/><W94/><G120/><T3/><D3/><U29/><E54/><V8/><F69/><W48/><G39/><T62/><D127/><U37/><E37/><V101/><F35/><W88/><G9/><T70/><D100/><U26/><E26/><V63/><F110/><N who="3" m="42027" /><G40/><T84/><D75/><U135/><E135/><V96/><F113/><W2/><G48/><T60/><D60/><U66/><E107/><V50/><F133/><W30/><G2/><T109/><D73/><U128/><E104/><V34/><F34/><W106/><G106/><T86/><D86/><U93/><E1/><V24/><F63/><W125/><G125/><T58/><D70/><U45/><E0/><V121/><F121/><W126/><G126/><T57/><D109/><U123/><E68/><V82/><F42/><W99/><G30/><N who="0" m="11307" /><D58/><U112/><E112/><V90/><F24/><N who="3" m="14351" /><G79/><T132/><D25/><AGARI ba="1,1" hai="19,23,25,76,77,88,94,99" m="14351,42027" machi="25" ten="30,3900,0" yaku="14,1,52,1,54,1" doraHai="87" who="3" fromWho="0" sc="121,-42,260,0,299,0,310,52" /><INIT seed="2,0,0,0,3,97" ten="79,260,299,362" oya="2" hai0="48,1,56,35,112,8,75,133,120,57,62,34,101" hai1="79,91,128,68,46,16,82,80,105,72,66,59,15" hai2="9,2,19,23,55,17,89,65,43,21,11,119,78" hai3="104,108,38,27,123,44,90,49,32,20,71,83,95"/><V42/><F2/><W129/><G32/><T113/><D120/><U0/><E0/><V109/><F65/><W14/><G71/><T52/><D75/><U92/><E105/><V111/><F78/><W117/><G38/><T3/><D133/><U85/><E128/><V107/><F107/><W4/><G104/><T98/><D34/><U50/><E68/><V31/><F31/><W106/><G106/><T13/><D35/><U96/><E66/><V77/><F77/><W87/><G129/><T102/><D113/><U51/><E59/><V30/><F30/><W25/><G108/><N who="2" m="41545" /><F55/><W99/><G117/><T69/><D69/><U76/><REACH who="1" step="1"/><E46/><REACH who="1" ten="79,250,299,362" step="2"/><V28/><F119/><W134/><G123/><T135/><D112/><U81/><E81/><V73/><F73/><W22/><G134/><T24/><D135/><U114/><E114/><V86/><F28/><N who="3" m="17447" /><G83/><T39/><D1/><U74/><E74/><V132/><F132/><W115/><G115/><T84/><D3/><U5/><E5/><V124/><F124/><W131/><G131/><T93/><D57/><U60/><E60/><V47/><F47/><W7/><G7/><T103/><D62/><U53/><E53/><V54/><F54/><W33/><G4/><N who="0" m="3207" /><D39/><U94/><E94/><N who="2" m="54583" /><F42/><W37/><G37/><T41/><D41/><U67/><E67/><V122/><F43/><W70/><G70/><T110/><D110/><U40/><E40/><V58/><F58/><W118/><G118/><T116/><D116/><U29/><E29/><V130/><F130/><W26/><G44/><T100/><D84/><U121/><E121/><RYUUKYOKU ba="0,1" sc="79,15,250,15,299,-15,362,-15" hai0="24,48,52,56,93,98,100,101,102,103" hai1="15,16,50,51,72,76,79,80,82,85,91,92,96" /><INIT seed="3,1,1,0,5,16" ten="94,265,284,347" oya="3" hai0="55,66,47,43,106,117,105,74,78,64,75,48,29" hai1="62,128,17,91,57,39,5,72,54,133,94,28,85" hai2="50,61,20,10,129,86,13,135,107,18,41,131,53" hai3="14,44,25,46,99,81,27,84,49,67,71,21,52"/><W45/><G99/><T8/><D117/><U89/><E39/><V76/><F107/><W15/><G27/><T113/><D113/><U30/><E72/><V51/><F51/><W79/><G67/><T68/><D29/><U59/><E133/><V37/><F135/><W1/><G71/><T4/><D106/><U40/><E128/><N who="2" m="49227" /><F61/><W132/><G1/><T97/><D78/><U108/><E108/><V60/><F60/><W114/><G114/><T112/><D112/><U88/><E5/><V134/><F134/><W120/><G120/><T125/><D125/><U96/><E40/><V12/><F41/><W22/><G22/><T65/><D68/><U56/><E17/><V115/><F37/><W36/><G36/><T87/><D87/><U127/><E127/><V73/><F73/><W104/><G104/><T90/><D43/><U103/><E85/><V58/><F115/><W9/><G132/><T2/><REACH who="0" step="1"/><D90/><REACH who="0" ten="84,265,284,347" step="2"/><U93/><E94/><V124/><F124/><W63/><G63/><T118/><D118/><U116/><E116/><V98/><F86/><W130/><G130/><T6/><D6/><U122/><E122/><V26/><F76/><W35/><G35/><T82/><D82/><U11/><E28/><V102/><F102/><AGARI ba="1,2" hai="2,4,8,47,48,55,64,65,66,74,75,97,102,105" machi="102" ten="40,1300,0" yaku="1,1,53,0" doraHai="16" doraHaiUra="31" who="0" fromWho="2" sc="84,36,265,0,284,-16,347,0" /><INIT seed="4,0,0,5,3,56" ten="120,265,268,347" oya="0" hai0="59,26,54,4,100,63,71,96,66,89,7,29,33" hai1="0,43,22,104,117,11,52,95,135,134,13,85,19" hai2="116,9,127,94,128,121,61,30,123,37,62,1,45" hai3="86,42,40,105,73,109,126,10,64,129,91,72,113"/><T133/><D89/><N who="1" m="53679" /><E104/><V65/><F127/><W74/><G109/><T81/><D81/><U36/><E117/><V53/><F116/><W120/><G113/><T110/><D133/><N who="1" m="50699" /><E52/><V2/><F30/><W6/><G126/><T78/><D78/><U75/><E75/><V18/><F128/><W31/><G105/><T114/><D114/><U50/><E50/><V124/><F124/><W132/><G120/><T103/><D110/><U70/><E70/><V24/><F94/><W68/><G31/><T99/><D99/><U15/><E0/><V21/><F2/><W39/><G39/><T49/><REACH who="0" step="1"/><D100/><REACH who="0" ten="110,265,268,347" step="2"/><U90/><E90/><V122/><F122/><W88/><G132/><T106/><AGARI ba="0,1" hai="4,7,26,29,33,49,54,59,63,66,71,96,103,106" machi="106" ten="20,18000,2" yaku="1,1,2,1,0,1,7,1,25,2,52,1,53,0" doraHai="56" doraHaiUra="79" who="0" fromWho="0" sc="110,190,265,-60,268,-60,347,-60" /><INIT seed="4,1,0,5,5,24" ten="300,205,208,287" oya="0" hai0="119,26,42,15,59,122,36,87,5,61,34,92,131" hai1="84,77,0,128,99,129,19,88,64,29,53,67,98" hai2="13,120,55,79,57,18,10,130,52,16,46,132,78" hai3="12,62,25,101,6,123,47,1,116,134,20,75,85"/><T127/><D122/><U9/><E77/><N who="2" m="29195" /><F120/><W30/><G75/><T113/><D119/><U106/><E53/><V41/><F130/><N who="1" m="50281" /><E106/><V114/><F114/><W2/><G134/><T93/><D36/><U43/><E43/><V80/><F132/><W50/><G116/><T102/><D42/><U126/><E126/><V37/><F37/><W66/><G101/><T21/><D34/><U33/><E67/><V22/><F80/><W97/><G85/><T72/><D72/><U86/><E86/><V48/><F57/><W68/><G97/><T118/><D118/><U65/><E65/><V38/><F38/><W63/><G63/><T49/><D49/><U40/><E40/><V121/><F121/><W45/><G45/><T8/><D113/><U109/><E64/><V58/><F58/><W117/><G117/><T70/><D127/><U135/><E109/><V108/><F108/><W7/><G123/><T90/><D131/><U54/><E54/><V124/><F124/><W89/><G89/><T31/><D102/><U69/><E69/><V35/><F35/><W110/><G110/><T28/><D70/><U3/><E135/><V94/><F94/><W44/><G44/><T125/><D93/><N who="1" m="54407" /><E3/><V100/><F100/><W111/><G111/><T103/><D103/><U95/><E95/><V60/><F60/><W105/><G105/><T11/><D125/><U56/><E56/><V83/><F83/><W51/><G47/><T27/><D59/><U112/><E112/><V14/><AGARI ba="1,0" hai="10,13,14,16,18,22,41,46,48,52,55" m="29195" machi="14" ten="30,4000,0" yaku="8,1,54,2" doraHai="24" who="2" fromWho="2" sc="300,-21,205,-11,208,43,287,-11" /><INIT seed="5,0,0,4,5,114" ten="279,194,251,276" oya="1" hai0="70,10,75,115,26,63,84,95,135,128,19,89,104" hai1="16,64,100,37,30,105,109,125,51,29,38,55,59" hai2="20,56,130,69,74,131,54,48,13,42,58,132,76" hai3="27,94,47,133,60,21,129,4,118,127,83,40,116"/><U71/><E125/><V98/><F69/><W32/><G32/><T66/><D104/><U34/><E109/><V101/><F132/><W80/><G4/><T102/><D75/><U33/><E33/><V11/><F20/><W24/><G127/><T50/><D115/><U90/><E90/><V110/><F110/><W14/><G133/><T1/><D135/><U36/><E34/><V92/><F42/><W28/><G27/><T81/><D128/><N who="2" m="49194" /><F76/><W68/><G14/><T124/><D124/><U57/><E71/><V87/><F87/><W78/><G94/><T46/><D1/><U6/><E6/><N who="2" m="3319" /><F74/><W82/><G78/><T44/><D10/><U9/><E9/><V91/><F58/><W106/><G106/><T99/><D26/><U85/><E85/><V122/><F122/><W123/><G123/><T45/><REACH who="0" step="1"/><D19/><REACH who="0" ten="269,194,251,276" step="2"/><U121/><E121/><V53/><F53/><AGARI ba="0,1" hai="44,45,46,50,53,63,66,70,81,84,89,95,99,102" machi="53" ten="30,3900,0" yaku="1,1,2,1,7,1,53,0" doraHai="114" doraHaiUra="25" who="0" fromWho="2" sc="269,49,194,0,251,-39,276,0" /><INIT seed="6,0,0,1,0,112" ten="318,194,212,276" oya="2" hai0="54,94,16,37,14,132,21,89,97,104,100,26,50" hai1="69,63,8,44,5,24,2,73,59,105,120,27,71" hai2="31,88,81,110,84,41,55,25,117,113,74,32,15" hai3="51,114,86,82,19,131,80,127,7,34,126,111,3"/><V67/><F113/><W49/><G34/><T92/><D37/><U72/><E105/><V68/><F110/><W56/><G111/><T29/><D132/><U10/><E120/><V52/><F117/><W40/><G114/><T6/><D6/><U79/><E44/><V0/><F0/><W121/><G131/><T101/><D104/><U77/><E59/><V20/><F41/><W109/><G109/><T62/><D62/><U70/><E63/><V123/><F123/><W28/><G19/><T85/><D101/><U48/><E48/><V96/><F74/><N who="1" m="28777" /><E5/><V64/><F68/><W128/><G7/><T12/><D29/><U99/><E99/><V36/><F36/><W53/><G3/><T130/><D130/><U133/><E2/><V66/><F32/><W98/><G121/><T9/><D9/><N who="1" m="3691" /><E133/><V61/><F15/><W47/><G98/><T116/><D116/><U119/><E119/><V87/><F96/><W1/><G1/><T118/><D118/><U46/><E46/><AGARI ba="0,0" hai="12,14,16,21,26,46,50,54,85,89,92,94,97,100" machi="46" ten="30,3900,0" yaku="7,1,8,1,54,1" doraHai="112" who="0" fromWho="1" sc="318,39,194,-39,212,0,276,0" /><INIT seed="7,0,0,5,2,120" ten="357,155,212,276" oya="3" hai0="30,87,7,39,125,83,114,36,118,122,70,90,6" hai1="75,20,57,33,41,15,18,5,110,51,121,54,48" hai2="24,133,58,84,85,44,132,34,92,135,50,102,31" hai3="116,3,27,71,130,117,101,77,81,104,59,45,88"/><W66/><G3/><T1/><D70/><U28/><E121/><V14/><F58/><W43/><G71/><T46/><D118/><U49/><E75/><V10/><F102/><W56/><G101/><T98/><D125/><U11/><E41/><V100/><F100/><W113/><G104/><T99/><D122/><U67/><E67/><V119/><F92/><W23/><G77/><T21/><D1/><U60/><E33/><V16/><REACH who="2" step="1"/><F119/><REACH who="2" ten="357,155,202,276" step="2"/><W35/><G59/><T109/><D46/><U95/><E95/><V129/><F129/><W22/><G56/><T25/><D83/><U76/><E76/><V2/><F2/><W131/><G81/><T115/><D115/><U91/><E91/><V42/><AGARI ba="0,1" hai="10,14,16,24,31,34,42,44,50,84,85,132,133,135" machi="42" ten="30,7900,0" yaku="1,1,0,1,20,1,54,1,53,0" doraHai="120" doraHaiUra="61" who="2" fromWho="2" sc="357,-20,155,-20,202,89,276,-39" owari="337,43.0,135,-36.0,291,9.0,237,-16.0" /></mjloggm>