<mjloggm ver="2.3"><GO type="41"/><UN n0="%E3%81%BE%E3%83%BC%E3%81%B6%E3%81%97%E3%82%83%E3%82%93" n1="%E3%82%B9%E3%83%86%E3%83%AB%E3%82%B9%E3%83%87%E3%83%96" n2="%EF%BC%88%E2%89%A7%E2%96%BD%E2%89%A6%EF%BC%89" n3="%E4%B8%8D%E6%9D%A1%E7%90%86" dan="13,14,13,16" rate="1886,1996,2083,2065" sx="M,M,M,M"/><TAIKYOKU oya="0"/><INIT seed="0,0,0,1,5,126" ten="250,250,250,250" oya="0" hai0="44,129,79,94,73,52,53,45,77,65,75,105,54" hai1="10,66,42,112,110,121,33,120,104,58,81,68,116" hai2="43,50,108,2,135,130,5,85,37,114,40,127,31" hai3="55,100,70,6,133,115,124,103,113,29,90,48,39"/><T84/><D105/><U111/><E10/><V119/><F31/><W69/><G39/><T89/><D65/><U106/><E81/><V74/><F85/><W28/><G6/><T82/><REACH who="0" step="1"/><D129/><REACH who="0" step="2"/><U8/><E66/><V13/><F130/><W123/><G115/><T87/><D87/><U92/><E112/><V60/><F114/><W109/><G113/><T67/><D67/><U88/><E106/><V63/><F74/><W7/><G69/><T107/><D107/><U96/><E68/><V16/><F127/><W131/><G70/><T47/><D47/><U93/><E104/><V122/><F122/><W24/><G123/><T23/><D23/><U62/><E121/><V51/><F119/><W99/><G124/><T57/><D57/><U11/><E120/><V117/><F117/><W15/><G131/><T64/><D64/><U76/><E116/><V80/><F108/><W41/><G109/><T9/><D9/><U71/><E71/><V118/><F118/><W3/><G99/><T32/><D32/><U102/><E33/><V56/><F56/><W72/><G72/><T4/><D4/><U128/><E128/><V91/><F5/><W27/><G7/><T101/><D101/><U25/><E58/><V59/><F59/><W35/><G103/><T19/><D19/><U38/><E102/><V14/><F16/><W46/><G100/><T1/><D1/><U134/><E11/><V49/><F2/><W83/><G3/><T34/><D34/><U0/><E8/><V12/><F135/><W26/><G133/><T125/><D125/><U97/><E134/><RYUUKYOKU ba="0,1" sc="240,30,250,-10,250,-10,250,-10" hai0="44,45,52,53,54,73,75,77,79,82,84,89,94" /><INIT seed="0,1,1,2,1,47" ten="270,240,240,240" oya="0" hai0="45,91,9,31,103,57,58,42,8,20,4,15,128" hai1="5,44,52,130,67,83,120,121,59,114,10,102,116" hai2="127,92,104,110,35,79,125,82,106,56,97,72,132" hai3="68,62,96,3,37,6,55,99,126,25,14,123,80"/><T60/><D103/><U61/><E116/><V64/><F35/><W124/><G3/><T41/><D128/><U84/><E102/><N who="2" m="60711" /><F56/><N who="3" m="35103" /><G37/><T78/><D78/><U2/><E130/><V21/><F21/><W77/><G68/><T129/><D129/><U26/><E26/><V54/><F54/><W81/><G25/><N who="0" m="16807" /><D9/><U89/><REACH who="1" step="1"/><E114/><REACH who="1" step="2"/><V73/><F132/><W122/><G123/><T29/><D29/><U40/><E40/><N who="0" m="15465" /><D45/><U105/><E105/><V100/><F104/><W109/><G122/><T16/><D4/><U133/><E133/><V70/><F106/><W12/><G6/><T119/><D119/><U11/><E11/><V63/><F100/><W69/><G126/><T107/><D107/><U32/><E32/><V39/><F127/><W18/><G124/><T86/><D60/><U101/><E101/><V27/><F125/><W23/><G23/><T108/><D108/><U131/><E131/><V112/><F110/><W34/><G109/><T33/><D33/><U0/><E0/><V74/><F112/><W87/><G34/><T66/><D66/><U19/><E19/><V46/><F27/><W118/><G118/><T90/><D91/><U98/><E98/><V7/><F7/><W93/><G99/><T117/><D117/><U49/><AGARI ba="1,2" hai="2,5,10,44,49,52,59,61,67,83,84,89,120,121" machi="49" ten="30,7900,0" yaku="1,1,0,1,52,1,54,1,53,0" doraHai="47" doraHaiUra="115" who="1" fromWho="1" sc="270,-40,230,102,240,-21,240,-21" /><INIT seed="1,0,0,3,2,43" ten="230,332,219,219" oya="1" hai0="109,112,86,51,93,76,30,116,5,31,17,64,79" hai1="14,105,84,23,62,100,110,63,96,15,120,66,53" hai2="80,92,132,32,25,114,81,50,111,18,24,3,22" hai3="107,74,27,13,82,67,10,88,12,56,99,119,0"/><U54/><E120/><V57/><F132/><W58/><G119/><T123/><D116/><U104/><E110/><V71/><F71/><W7/><G27/><T73/><D73/><U38/><E38/><V117/><F117/><W21/><G21/><T83/><D112/><U134/><E134/><V28/><F114/><W9/><G67/><T124/><D109/><U126/><E126/><V78/><F111/><W72/><G0/><T1/><D124/><U48/><E84/><V61/><F3/><W55/><G107/><T37/><D37/><U97/><E23/><V90/><F50/><W118/><G118/><T40/><D123/><U70/><E62/><V19/><F18/><W65/><G74/><T49/><D64/><U42/><E42/><V135/><F78/><W102/><G65/><T98/><D76/><U103/><REACH who="1" step="1"/><E54/><REACH who="1" step="2"/><V47/><F135/><W44/><G72/><T130/><D40/><U35/><E35/><V77/><F22/><W20/><G20/><T4/><D86/><U121/><E121/><V33/><F32/><W8/><G55/><T113/><D113/><U87/><E87/><V68/><F33/><W95/><G10/><T75/><D75/><U2/><E2/><V59/><F61/><W94/><G9/><T36/><D1/><U127/><E127/><V41/><F41/><W129/><G8/><T52/><D36/><U29/><E29/><V26/><F28/><W11/><G11/><T89/><D31/><U101/><E101/><V16/><F68/><W106/><G102/><T122/><D30/><U115/><E115/><V46/><F25/><RYUUKYOKU ba="0,1" sc="230,-10,322,30,219,-10,219,-10" hai1="14,15,48,53,63,66,70,96,97,100,103,104,105" /><INIT seed="1,1,1,5,0,2" ten="220,352,209,209" oya="1" hai0="7,47,54,28,113,92,26,62,60,70,93,134,90" hai1="122,12,117,121,64,91,107,128,63,48,39,77,57" hai2="72,56,115,112,123,34,43,66,102,24,15,23,106" hai3="50,69,84,79,76,41,104,132,99,105,109,83,97"/><U21/><E117/><V42/><F72/><W52/><G69/><T114/><D134/><U16/><E39/><V124/><F34/><W118/><G132/><T58/><D70/><U53/><E107/><V14/><F123/><W96/><G118/><T68/><D114/><N who="2" m="43562" /><F124/><W44/><G109/><T103/><D113/><U67/><E128/><V0/><F0/><W30/><G30/><T120/><D120/><U32/><E32/><V3/><F3/><W18/><G79/><T33/><D47/><U13/><E77/><V85/><F85/><W125/><G125/><T130/><D130/><U108/><E108/><V11/><F106/><W36/><REACH who="3" step="1"/><G18/><REACH who="3" step="2"/><T82/><D68/><U71/><E121/><V25/><F24/><W49/><G49/><T31/><D31/><U40/><E122/><V37/><F25/><W87/><G87/><T5/><D62/><U4/><E71/><V65/><F37/><W88/><G88/><T133/><D133/><U110/><E110/><V45/><F102/><W46/><AGARI ba="1,2" hai="36,41,44,46,50,52,76,83,84,96,97,99,104,105" machi="46" ten="30,4000,0" yaku="1,1,0,1,54,1,53,0" doraHai="2" doraHaiUra="116" who="3" fromWho="3" sc="220,-11,352,-21,209,-11,199,63" /><INIT seed="2,0,0,1,0,74" ten="209,331,198,262" oya="2" hai0="86,19,57,40,78,59,58,104,63,25,44,39,127" hai1="81,79,12,103,77,61,46,53,11,32,66,118,27" hai2="52,60,117,125,48,83,102,18,114,96,41,97,72" hai3="108,115,107,7,110,9,47,121,30,64,68,50,62"/><V31/><F117/><W10/><G121/><T113/><D104/><U70/><E118/><V20/><F114/><W26/><G107/><T111/><D113/><U29/><E81/><V67/><F125/><W126/><G126/><T4/><D127/><U98/><E46/><V135/><F135/><W91/><G91/><T101/><D101/><U100/><E53/><V84/><F72/><W75/><G75/><T34/><D4/><U2/><E2/><V116/><F41/><W89/><G89/><T80/><D111/><N who="3" m="42537" /><G7/><T85/><D86/><U56/><E56/><N who="2" m="37255" /><F31/><W15/><G15/><T134/><D134/><U22/><E22/><V8/><F102/><W33/><G115/><T105/><D105/><N who="1" m="63639" /><E103/><V131/><F8/><W92/><G92/><T54/><REACH who="0" step="1"/><D19/><AGARI ba="0,0" hai="11,12,19,27,29,32,61,66,70,77,79" m="63639" machi="19" ten="30,3900,0" yaku="25,1,52,2" doraHai="74" who="1" fromWho="0" sc="209,-39,331,39,198,0,262,0" /><INIT seed="3,0,0,0,4,49" ten="170,370,198,262" oya="3" hai0="59,36,100,62,9,82,25,2,27,89,122,107,123" hai1="57,67,108,99,114,18,21,78,91,102,46,128,37" hai2="41,116,48,20,106,50,90,84,35,65,77,80,17" hai3="5,13,16,132,130,56,72,87,11,34,61,104,42"/><W75/><G104/><T97/><D36/><U110/><E114/><V115/><F116/><W30/><G130/><T83/><D83/><U28/><E78/><V51/><F115/><W58/><G132/><T52/><D123/><U74/><E74/><V60/><F35/><W127/><G127/><T135/><D135/><U12/><E128/><V119/><F119/><W124/><G124/><T101/><D100/><U88/><E28/><V134/><F134/><W0/><G42/><T105/><D107/><U33/><E33/><V85/><F106/><W44/><G44/><T10/><D122/><U24/><E12/><V14/><F41/><W103/><G103/><T22/><D2/><U113/><E113/><V26/><F26/><N who="3" m="18775" /><G87/><T112/><D112/><U66/><E46/><V3/><F3/><W117/><G58/><T68/><D68/><U121/><E37/><V93/><REACH who="2" step="1"/><F48/><REACH who="2" step="2"/><W55/><G117/><T118/><D25/><U92/><E121/><V131/><F131/><W47/><G47/><T45/><D45/><U29/><E29/><V73/><F73/><W8/><G75/><T98/><D118/><U126/><E126/><V109/><F109/><W1/><G72/><T38/><D38/><U39/><E39/><V125/><F125/><W133/><G133/><T69/><D69/><AGARI ba="0,1" hai="14,17,20,50,51,60,65,69,77,80,84,85,90,93" machi="69" ten="30,3900,0" yaku="1,1,7,1,53,1" doraHai="49" doraHaiUra="63" who="2" fromWho="0" sc="170,-39,370,0,188,49,262,0" /><INIT seed="4,0,0,2,4,131" ten="131,370,237,262" oya="0" hai0="90,43,66,86,49,20,92,53,59,56,39,4,109" hai1="65,21,91,15,115,134,19,111,45,96,98,11,89" hai2="28,78,24,10,2,122,100,17,135,9,106,87,41" hai3="94,133,60,62,50,112,76,126,48,117,110,84,79"/><T16/><D4/><U93/><E134/><V13/><F122/><W8/><G117/><T14/><D109/><U120/><E111/><V34/><F41/><W77/><G110/><T75/><D75/><U44/><E120/><V130/><F130/><W7/><G133/><T54/><D66/><U82/><E65/><V99/><F135/><W1/><G112/><T0/><D0/><U35/><E35/><V47/><F47/><N who="1" m="17993" /><E115/><V113/><F113/><W132/><G132/><T118/><D118/><U88/><E82/><V33/><F33/><W69/><G126/><T22/><D39/><U108/><E108/><V38/><F38/><W74/><G74/><T95/><D43/><U29/><E98/><V72/><F72/><W67/><G62/><T105/><D105/><U46/><N who="1" m="18001" /><U101/><DORA hai="73" /><E29/><V37/><F37/><W23/><REACH who="3" step="1"/><G23/><AGARI ba="0,0" hai="11,15,19,21,23,88,89,91,93,96,101" m="18001" machi="23" ten="40,2600,0" yaku="8,1,54,1" doraHai="131,73" who="1" fromWho="3" sc="131,0,370,26,237,0,262,-26" /><INIT seed="5,0,0,0,2,95" ten="131,396,237,236" oya="1" hai0="73,111,72,60,98,115,1,49,56,45,105,54,92" hai1="51,129,79,15,39,27,32,50,93,5,70,91,112" hai2="10,38,110,120,35,116,130,119,106,100,109,57,122" hai3="114,14,78,11,64,107,118,88,40,108,48,29,20"/><U101/><E39/><V123/><F35/><W25/><G108/><N who="2" m="41577" /><F38/><W24/><G107/><T127/><D105/><U28/><E70/><V43/><F43/><W53/><G118/><N who="2" m="45097" /><F10/><W23/><G114/><T21/><D115/><U13/><E112/><V37/><F37/><W69/><G78/><T128/><D111/><U131/><E5/><V6/><F6/><N who="3" m="3447" /><G69/><T31/><D1/><U84/><E13/><V117/><F57/><N who="3" m="32935" /><G40/><T41/><D128/><N who="1" m="49227" /><E15/><V42/><F42/><W30/><G64/><T102/><D127/><U74/><E101/><V18/><F117/><W67/><G67/><T19/><REACH who="0" step="1"/><D31/><REACH who="0" step="2"/><U59/><E28/><V7/><F130/><W0/><G0/><T12/><AGARI ba="0,1" hai="12,19,21,41,45,49,54,56,60,72,73,92,98,102" machi="12" ten="20,8000,1" yaku="1,1,2,1,0,1,7,1,52,1,53,0" doraHai="95" doraHaiUra="66" who="0" fromWho="0" sc="121,90,396,-40,237,-20,236,-20" /><INIT seed="6,0,0,2,0,123" ten="211,356,217,216" oya="2" hai0="84,92,119,21,132,6,48,4,78,40,83,50,89" hai1="115,55,45,76,8,32,127,109,131,116,11,22,17" hai2="16,36,12,60,41,90,114,30,112,28,73,120,54" hai3="31,24,97,51,39,128,19,118,106,1,122,58,3"/><V125/><F73/><W44/><G122/><T27/><D119/><U37/><E109/><V68/><F120/><W126/><G118/><T79/><D132/><U43/><E32/><V96/><F125/><W63/><G39/><T117/><D117/><U124/><E116/><V105/><F36/><W107/><G19/><T95/><D95/><U65/><E65/><N who="2" m="40999" /><F41/><W49/><G126/><N who="1" m="48170" /><E115/><N who="2" m="44075" /><F54/><W5/><G128/><T46/><D50/><U82/><E55/><V74/><F74/><W2/><G51/><T121/><D121/><U59/><E59/><V13/><F13/><W56/><G58/><T53/><D40/><U80/><E131/><V67/><F67/><W77/><G56/><T135/><D135/><U35/><E35/><V110/><F110/><W81/><G63/><T61/><D61/><U99/><E37/><V52/><F52/><W0/><G49/><T134/><D134/><U64/><E64/><V42/><F42/><W23/><G0/><T25/><D79/><U69/><E43/><V9/><F90/><W38/><G38/><T66/><D66/><U71/><E76/><V100/><AGARI ba="0,0" hai="9,12,16,28,30,96,100,105" m="44075,40999" machi="100" ten="30,3000,0" yaku="15,1,54,1" doraHai="123" who="2" fromWho="2" sc="211,-10,356,-10,217,30,216,-10" /><INIT seed="6,1,0,3,3,59" ten="201,346,247,206" oya="2" hai0="8,122,115,64,110,55,53,12,81,90,50,134,86" hai1="105,93,37,25,113,73,67,61,36,48,99,84,32" hai2="33,124,42,120,78,108,22,97,35,135,69,119,16" hai3="18,30,125,112,98,83,1,126,127,31,27,92,70"/><V7/><F120/><W107/><G107/><T44/><D122/><U118/><E73/><V38/><F69/><W130/><G1/><T123/><D123/><U117/><E113/><V80/><F119/><W39/><G39/><N who="1" m="14922" /><E48/><V10/><F135/><W14/><G112/><T24/><D110/><U17/><E17/><V76/><F108/><W72/><G70/><T68/><D115/><U106/><E84/><V133/><F133/><W45/><G45/><T104/><D104/><N who="1" m="40043" /><E93/><V71/><F97/><W121/><G121/><T79/><D134/><U0/><E99/><V102/><F102/><W95/><G130/><T82/><D24/><U100/><E100/><V21/><F76/><N who="3" m="44423" /><G27/><T20/><D20/><U109/><E0/><V43/><F33/><W132/><G132/><T41/><D68/><N who="1" m="42095" /><E109/><V85/><F22/><N who="3" m="11607" /><G95/><T57/><D64/><U9/><E9/><V5/><F10/><W96/><G98/><T51/><D55/><U89/><E89/><AGARI ba="1,0" hai="30,31,89,92,96,125,126,127" m="11607,44423" machi="89" ten="30,1000,0" yaku="18,1" doraHai="59" who="3" fromWho="1" sc="201,0,346,-13,247,0,206,13" /><INIT seed="7,0,0,5,5,33" ten="201,333,247,219" oya="3" hai0="48,29,91,86,120,45,5,132,110,95,13,58,124" hai1="125,77,105,18,35,12,71,7,47,62,82,115,121" hai2="61,127,50,101,135,119,107,93,116,60,129,26,15" hai3="122,103,104,88,92,81,114,11,133,38,87,128,42"/><W96/><G122/><T23/><D110/><U118/><E121/><V32/><F107/><W49/><G38/><T9/><D120/><U20/><E35/><V41/><F119/><W90/><G128/><T131/><D131/><U2/><E105/><V126/><F116/><W68/><G68/><T46/><D132/><U37/><E118/><V55/><F129/><W75/><G133/><T24/><D124/><N who="2" m="47658" /><F135/><W36/><G36/><T56/><D45/><U123/><E125/><V73/><F73/><W109/><G109/><T22/><D23/><U0/><E123/><V30/><F41/><AGARI ba="0,0" hai="5,9,13,22,24,29,41,46,48,56,58,86,91,95" machi="41" ten="30,2000,0" yaku="7,1,8,1" doraHai="33" who="0" fromWho="2" sc="201,20,333,0,247,-20,219,0" owari="221,-18,333,43,227,3,219,-28" /></mjloggm>