<mjloggm ver="2.3"><GO type="169" lobby="0"/><UN n0="%E9%9B%80%E3%82%AD%E3%83%AB%EF%BC%B9%EF%BC%AF%EF%BC%B5" n1="%E3%83%A1%E3%82%B1%E3%83%A1%E3%82%B1%4D%6B%2D%E2%85%A1" n2="%EF%BC%88%E2%89%A7%E2%96%BD%E2%89%A6%EF%BC%89" n3="%E4%B8%83%E3%83%84%E7%9B%AE%E7%8E%89" dan="16,16,17,17" rate="2046.54,2078.52,2162.63,2161.14" sx="M,M,M,M"/><TAIKYOKU oya="0"/><INIT seed="0,0,0,3,3,50" ten="250,250,250,250" oya="0" hai0="39,42,49,125,55,62,80,40,68,131,132,41,102" hai1="130,58,70,122,78,2,133,126,3,105,54,123,71" hai2="100,93,134,83,101,104,86,45,10,36,112,114,56" hai3="20,135,29,76,34,63,27,7,19,35,90,72,97"/><T95/><D80/><U121/><E78/><V52/><F104/><W67/><G72/><T82/><D82/><U106/><E126/><V12/><F134/><W21/><G76/><T0/><D0/><U6/><E6/><V124/><F124/><W47/><G7/><T118/><D125/><U99/><E133/><V26/><F114/><W115/><G115/><T5/><D5/><U113/><E113/><V64/><F112/><W18/><G135/><T110/><D132/><U91/><E130/><V38/><F38/><W111/><G111/><T73/><D73/><U74/><E74/><V23/><F36/><W22/><G47/><T51/><D118/><U9/><E9/><V84/><F45/><W129/><G129/><T1/><D1/><U53/><E58/><V30/><F64/><W81/><G35/><T60/><D131/><U85/><E85/><N who="2" m="32875" /><F93/><W94/><REACH who="3" step="1"/><G81/><REACH who="3" ten="250,250,250,240" step="2"/><T33/><D33/><U48/><E123/><V117/><F83/><W32/><G32/><T120/><D120/><U66/><E121/><V116/><F116/><W79/><G79/><T44/><D44/><U11/><E122/><V108/><F108/><W98/><G98/><T15/><D110/><U46/><E99/><V57/><F117/><W75/><G75/><T25/><D39/><U14/><E46/><V24/><F101/><W31/><G31/><T103/><D102/><U16/><E2/><V77/><F100/><W17/><G17/><T61/><D103/><U43/><E16/><V109/><F30/><W87/><G87/><T92/><D41/><U127/><E3/><V89/><F109/><RYUUKYOKU ba="0,1" sc="250,-10,250,-10,250,-10,240,30" hai3="18,19,20,21,22,27,29,34,63,67,90,94,97" /><INIT seed="1,1,1,3,2,135" ten="240,240,240,270" oya="1" hai0="78,95,45,23,128,110,20,61,35,46,130,29,131" hai1="28,49,121,72,94,124,3,90,9,132,40,98,63" hai2="67,74,109,73,102,60,48,104,53,30,13,122,88" hai3="117,112,101,8,111,6,92,65,126,125,106,14,93"/><U68/><E132/><V84/><F122/><W133/><G112/><T11/><D78/><U82/><E121/><V58/><F109/><W97/><G133/><T47/><D110/><U119/><E119/><V32/><F32/><W100/><G111/><T85/><D35/><U76/><E28/><V50/><F30/><W33/><G117/><T54/><D11/><U44/><E68/><V12/><F104/><W15/><G33/><T17/><D29/><U80/><E63/><V77/><F102/><W71/><G15/><T116/><D116/><U18/><E80/><V69/><F77/><W41/><G41/><T89/><D17/><U10/><E3/><V105/><F105/><W26/><G26/><T4/><D4/><U38/><E38/><V134/><F134/><W103/><G106/><T31/><D31/><U115/><E115/><V51/><F74/><W86/><G86/><T87/><D87/><U114/><E114/><V99/><F99/><W70/><G93/><T91/><D91/><U27/><REACH who="1" step="1"/><E124/><REACH who="1" ten="240,230,240,270" step="2"/><N who="3" m="47722" /><G65/><T37/><D37/><U25/><E25/><V64/><F64/><W113/><G113/><T79/><D79/><U83/><E83/><V123/><F123/><W5/><G6/><T107/><D107/><U108/><E108/><V96/><F67/><W81/><G81/><T7/><D7/><U21/><AGARI ba="1,2" hai="9,10,18,21,27,40,44,49,72,76,82,90,94,98" machi="21" ten="30,3000,0" yaku="1,1,0,1,53,0" doraHai="135" doraHaiUra="66" who="1" fromWho="1" sc="240,-11,230,53,240,-11,270,-11" /><INIT seed="1,2,0,1,4,35" ten="229,283,229,259" oya="1" hai0="27,87,111,17,61,3,1,80,106,25,116,10,114" hai1="12,15,98,133,102,78,132,131,89,77,18,120,46" hai2="63,36,54,14,99,74,67,62,56,29,33,41,47" hai3="92,75,121,130,83,6,48,95,24,22,115,105,79"/><U104/><E120/><V37/><F74/><W68/><G121/><T118/><D106/><U50/><E131/><V70/><F99/><W135/><G115/><T126/><D114/><U7/><E7/><V107/><F107/><W134/><G105/><T69/><D111/><U110/><E110/><V53/><F14/><W31/><G68/><T82/><D126/><U38/><E38/><N who="2" m="21943" /><F29/><W42/><G130/><T100/><D100/><U34/><E34/><V84/><F84/><W127/><G127/><T109/><D109/><U86/><E15/><V76/><F76/><W16/><G6/><T57/><D69/><U90/><E90/><V43/><F33/><W0/><G0/><T64/><D82/><U66/><E66/><N who="2" m="41311" /><F43/><W81/><G81/><T73/><D73/><U59/><E46/><V85/><F85/><W5/><G5/><T72/><D72/><U65/><E65/><V32/><F32/><W44/><REACH who="3" step="1"/><G31/><REACH who="3" ten="229,283,229,249" step="2"/><T124/><D124/><U123/><E123/><V51/><F54/><W112/><G112/><T96/><D1/><U103/><E78/><V20/><F20/><W39/><G39/><T93/><D3/><U4/><E77/><V88/><F88/><W122/><G122/><T40/><D80/><U117/><E4/><V128/><F128/><W113/><G113/><T101/><D101/><U52/><E103/><V94/><F94/><AGARI ba="2,1" hai="16,22,24,42,44,48,75,79,83,92,94,95,134,135" machi="94" ten="40,2600,0" yaku="1,1,54,1,53,0" doraHai="35" doraHaiUra="2" who="3" fromWho="2" sc="229,0,283,0,229,-32,249,42" /><INIT seed="2,0,0,2,1,73" ten="229,283,197,291" oya="2" hai0="125,90,9,103,93,8,69,19,89,79,120,28,55" hai1="102,92,97,68,37,67,6,71,112,52,32,61,10" hai2="29,115,133,35,50,108,0,2,101,109,1,21,116" hai3="45,104,100,111,78,87,24,17,36,16,76,38,77"/><V131/><F116/><W57/><G111/><N who="2" m="42569" /><F115/><W42/><G38/><T41/><D69/><U129/><E32/><V74/><F131/><W86/><G57/><T4/><D120/><U51/><E112/><V34/><F101/><W117/><G117/><T72/><D41/><U3/><E37/><V135/><F50/><W46/><G46/><T30/><D125/><U58/><REACH who="1" step="1"/><E129/><REACH who="1" ten="229,273,197,291" step="2"/><V119/><F119/><W5/><G5/><T83/><D4/><U56/><AGARI ba="0,1" hai="3,6,10,51,52,56,58,61,67,68,71,92,97,102" machi="56" ten="20,8000,1" yaku="1,1,2,1,0,1,7,1,54,1,53,0" doraHai="73" doraHaiUra="85" who="1" fromWho="1" sc="229,-20,273,90,197,-40,291,-20" /><INIT seed="3,0,0,3,4,31" ten="209,363,157,271" oya="3" hai0="29,82,101,58,47,24,52,39,68,83,129,25,123" hai1="124,45,43,94,12,55,106,89,35,85,80,50,13" hai2="20,11,77,73,41,42,116,14,34,16,107,37,62" hai3="53,66,0,84,71,93,135,69,98,96,87,38,44"/><W122/><G122/><T8/><D68/><U78/><E106/><V60/><F116/><W112/><G112/><T63/><D123/><U70/><E70/><V95/><F107/><W7/><G98/><T10/><D101/><U127/><E35/><V26/><F37/><W72/><G72/><T32/><D24/><U130/><E130/><V2/><F73/><W92/><G92/><T30/><D30/><U51/><E124/><V33/><F77/><W75/><G71/><T3/><D129/><U88/><E127/><V120/><F120/><W59/><G75/><T132/><D132/><U105/><E105/><V46/><F95/><W108/><G135/><T54/><D8/><U86/><E89/><V128/><F128/><W23/><G23/><T115/><D115/><U36/><E36/><V21/><F21/><W15/><G0/><T81/><D39/><U22/><E22/><V118/><F118/><W19/><G7/><T102/><D102/><U99/><E99/><V40/><F46/><AGARI ba="0,0" hai="12,13,43,45,46,50,51,55,78,80,85,86,88,94" machi="46" ten="30,3900,0" yaku="7,1,8,1,54,1" doraHai="31" who="1" fromWho="2" sc="209,0,363,39,157,-39,271,0" /><INIT seed="4,0,0,2,0,14" ten="209,402,118,271" oya="0" hai0="51,4,66,99,68,73,32,125,62,19,107,9,18" hai1="3,44,16,8,124,112,116,128,59,38,24,63,20" hai2="65,6,106,33,1,64,123,76,26,115,104,88,86" hai3="42,46,43,48,21,113,70,120,100,93,53,2,133"/><T28/><D73/><U40/><E116/><V10/><F123/><W41/><G2/><N who="0" m="151" /><D125/><U27/><E124/><V126/><F126/><W122/><G70/><T58/><D51/><U12/><E128/><V5/><F115/><W134/><G113/><T114/><D114/><U35/><E35/><V49/><F76/><W92/><G21/><T50/><D50/><U80/><E80/><V87/><F49/><W15/><G15/><T130/><D58/><U131/><E131/><V57/><F57/><W85/><G93/><T71/><D71/><U36/><E36/><V108/><F108/><W47/><G47/><T11/><D11/><U79/><E79/><V52/><F10/><W110/><G110/><T117/><D117/><U121/><E121/><N who="3" m="46698" /><G85/><T39/><D39/><U7/><E112/><V98/><F1/><W90/><G90/><T75/><D75/><U127/><E127/><V60/><F88/><W78/><G78/><T105/><D105/><U22/><E20/><V54/><F98/><AGARI ba="0,0" hai="41,42,43,46,48,53,92,98,100,133,134" m="46698" machi="98" ten="40,1300,0" yaku="13,1" doraHai="14" who="3" fromWho="2" sc="209,0,402,0,118,-13,271,13" /><INIT seed="5,0,0,0,5,67" ten="209,402,105,284" oya="1" hai0="111,127,65,108,24,56,135,104,3,53,134,19,46" hai1="89,81,109,35,98,132,27,66,79,91,58,77,8" hai2="88,126,80,5,131,115,55,43,93,15,105,36,121" hai3="84,38,72,113,40,47,41,21,130,52,133,117,68"/><U48/><E109/><V59/><F105/><W26/><G72/><T101/><D3/><U71/><E132/><N who="0" m="50729" /><D101/><U118/><E118/><V32/><F121/><W13/><G133/><T90/><D104/><U122/><E8/><V94/><F131/><W9/><G117/><T20/><D90/><U73/><E98/><V64/><F126/><W30/><G130/><T95/><D127/><U23/><E35/><V51/><F115/><W106/><G106/><T62/><D95/><U33/><E33/><V17/><F32/><W87/><G113/><T10/><D10/><U120/><E79/><V61/><F5/><W83/><G41/><T100/><D100/><U7/><E7/><V60/><F60/><W125/><G125/><T16/><D46/><U75/><E75/><V28/><F28/><W18/><G83/><T112/><D112/><U97/><E97/><V42/><F80/><W25/><G25/><T12/><D53/><U37/><E37/><V50/><F36/><W70/><REACH who="3" step="1"/><G52/><REACH who="3" ten="209,402,105,274" step="2"/><T45/><D111/><U4/><E122/><V31/><F93/><W74/><G74/><T110/><D108/><U22/><E73/><V0/><F43/><W82/><G82/><T128/><D128/><U92/><E81/><V44/><F42/><W114/><G114/><T54/><D110/><U123/><E123/><V69/><F44/><W85/><AGARI ba="0,1" hai="9,13,18,21,26,30,38,40,47,68,70,84,85,87" machi="85" ten="30,7900,0" yaku="1,1,0,1,52,2,53,0" doraHai="67" doraHaiUra="29" who="3" fromWho="3" sc="209,-20,402,-39,105,-20,274,89" /><INIT seed="6,0,0,3,4,69" ten="189,363,85,363" oya="2" hai0="45,31,7,60,5,110,68,131,133,6,80,54,98" hai1="115,106,79,90,72,37,42,95,12,55,1,81,119" hai2="103,57,16,18,22,30,74,15,75,2,107,117,135" hai3="63,67,41,116,82,64,104,24,84,62,14,99,52"/><V25/><F117/><W71/><G116/><T9/><D31/><U111/><E119/><V23/><F2/><W13/><G41/><T128/><D110/><U10/><E106/><V0/><F0/><W27/><G104/><T70/><D98/><U122/><E122/><V105/><F135/><W93/><G27/><T33/><D33/><U40/><E111/><V134/><F134/><W32/><G32/><T127/><D133/><U97/><E1/><V28/><F57/><N who="3" m="35111" /><G24/><T92/><D92/><U20/><E20/><V121/><F121/><W96/><G71/><T36/><D80/><U61/><E37/><V130/><F130/><N who="0" m="49706" /><D9/><U59/><REACH who="1" step="1"/><E115/><REACH who="1" ten="189,353,85,363" step="2"/><V73/><REACH who="2" step="1"/><F107/><REACH who="2" ten="189,353,75,363" step="2"/><W100/><G100/><T66/><D127/><U34/><E34/><V89/><F89/><W21/><G21/><T53/><D70/><U120/><E120/><V86/><F86/><W58/><G84/><T11/><D11/><U49/><E49/><V129/><F129/><W123/><G123/><T38/><D36/><U46/><E46/><V29/><F29/><W108/><G108/><T44/><D44/><U3/><E3/><V48/><F48/><W118/><G118/><T50/><D38/><U91/><E91/><V87/><F87/><W39/><G39/><T8/><D8/><U83/><E83/><V101/><F101/><W126/><G82/><T88/><D88/><U76/><E76/><V26/><F26/><W113/><G126/><T124/><D124/><U4/><AGARI ba="0,2" hai="4,10,12,40,42,55,59,61,72,79,81,90,95,97" machi="4" ten="20,5200,0" yaku="1,1,0,1,7,1,53,1" doraHai="69" doraHaiUra="51" who="1" fromWho="1" sc="189,-13,353,72,75,-26,363,-13" /><INIT seed="7,0,0,2,1,45" ten="176,425,49,350" oya="3" hai0="111,37,106,5,129,56,107,40,62,85,65,59,95" hai1="79,72,55,84,53,3,48,2,15,4,34,102,87" hai2="80,126,9,90,112,33,64,117,78,83,47,20,17" hai3="110,14,18,39,101,103,86,41,92,133,27,8,10"/><W75/><G75/><T130/><D5/><U63/><E34/><V16/><F117/><W120/><G120/><T73/><D73/><U29/><E102/><N who="3" m="38922" /><G39/><T119/><D119/><U32/><E63/><V36/><F126/><W82/><G133/><T0/><D0/><U67/><E67/><V109/><F109/><W125/><G125/><T50/><D85/><U81/><E55/><V52/><F112/><W43/><G110/><T11/><D11/><N who="3" m="4137" /><G27/><T132/><D111/><U61/><E61/><V70/><F33/><W68/><G92/><T19/><D95/><U135/><E15/><V66/><F70/><W51/><G68/><T134/><D19/><U118/><E118/><V22/><F9/><N who="3" m="6479" /><G51/><T121/><D106/><U76/><E135/><V124/><F124/><W91/><AGARI ba="0,0" hai="41,43,82,86,91" m="6479,4137,38922" machi="91" ten="30,1500,0" yaku="8,1" doraHai="45" who="3" fromWho="3" sc="176,-5,425,-5,49,-5,350,15" /><INIT seed="7,1,0,3,5,62" ten="171,420,44,365" oya="3" hai0="86,72,135,56,88,32,83,43,37,129,69,18,17" hai1="35,53,31,58,114,61,79,126,40,44,39,94,47" hai2="84,85,8,34,66,80,48,132,100,91,50,15,103" hai3="7,121,78,108,82,93,25,115,96,29,22,41,59"/><W57/><G121/><T131/><D32/><U24/><E126/><V16/><F132/><W20/><G115/><T106/><D106/><U46/><E114/><V55/><F34/><W45/><G7/><T111/><D72/><U0/><E0/><V120/><F120/><W128/><G128/><T112/><D111/><U51/><E79/><V23/><F48/><W81/><G108/><T113/><D69/><U63/><E94/><V5/><F66/><W90/><G20/><T33/><D33/><U87/><E87/><V97/><F85/><W10/><G10/><T118/><D118/><U13/><E13/><V67/><F67/><W119/><G119/><T127/><D135/><U101/><E101/><V1/><F97/><W38/><REACH who="3" step="1"/><G82/><REACH who="3" ten="171,420,44,355" step="2"/><T124/><D112/><U71/><E71/><V30/><F30/><W27/><G27/><T73/><D113/><U134/><E134/><V21/><F21/><W64/><G64/><T6/><D131/><U130/><REACH who="1" step="1"/><E130/><REACH who="1" ten="171,410,44,355" step="2"/><V28/><REACH who="2" step="1"/><F28/><REACH who="2" ten="171,410,34,355" step="2"/><W89/><G89/><T36/><D129/><U117/><E117/><V75/><F75/><AGARI ba="1,3" hai="22,25,29,38,41,45,57,59,75,78,81,90,93,96" machi="75" ten="30,2900,0" yaku="1,1,7,1,53,0" doraHai="62" doraHaiUra="3" who="3" fromWho="2" sc="171,0,410,0,34,-32,355,62" owari="171,-23.0,410,21.0,2,-50.0,417,52.0" /></mjloggm>