<mjloggm ver="2.3"><GO type="41"/><UN n0="%E5%BC%B7%E3%81%8F%E3%81%AA%E3%81%84%E3%81%8A" n1="%E3%82%A6%E3%83%AB%E3%83%88%E3%83%A9%E7%AB%8B%E7%9B%B4" n2="%E9%A2%A8%E8%BB%8A%E3%81%AE%E7%B5%B5%E7%90%86%E5%AD%90" n3="%73%75%6D%32%32%35%35" dan="15,15,14,13" rate="2005,1979,2065,1891" sx="M,M,F,M"/><TAIKYOKU oya="0"/><INIT seed="0,0,0,4,5,80" ten="250,250,250,250" oya="0" hai0="31,34,62,60,107,92,91,39,89,73,7,95,121" hai1="12,114,90,59,33,71,82,85,57,83,56,44,6" hai2="102,134,50,67,125,108,26,25,113,112,54,15,16" hai3="45,0,65,2,43,131,20,30,79,14,51,3,36"/><T77/><D107/><U4/><E114/><V101/><F108/><W110/><G65/><T22/><D39/><U53/><E33/><V109/><F109/><W78/><G110/><T74/><D34/><U32/><E32/><V61/><F134/><W132/><G131/><T100/><D100/><U1/><E1/><V98/><F125/><W104/><G104/><T118/><D118/><U130/><E71/><V117/><F117/><W93/><G132/><T94/><D121/><U69/><E69/><V38/><F38/><W115/><G115/><T40/><D40/><U8/><E130/><V55/><F113/><W24/><G36/><T18/><D31/><U64/><E64/><V19/><F112/><W42/><G42/><T135/><D7/><U96/><E96/><V120/><F120/><W47/><G47/><T5/><D5/><U119/><E119/><V124/><F124/><W21/><G93/><T37/><D37/><U128/><E128/><V84/><F67/><W13/><G21/><T99/><D135/><U23/><E23/><V127/><F127/><W97/><G97/><T11/><D11/><U116/><E116/><V52/><F98/><W122/><G122/><T68/><D99/><U28/><E28/><V86/><F61/><N who="0" m="23658" /><D68/><U29/><E29/><V27/><F50/><W49/><G51/><T58/><D58/><U66/><E66/><V123/><F123/><W10/><G14/><N who="0" m="9559" /><D73/><U75/><E75/><V87/><F15/><W133/><G133/><T81/><D74/><U129/><E129/><V72/><F72/><W126/><G126/><T76/><D76/><RYUUKYOKU ba="0,0" sc="250,10,250,-30,250,10,250,10" hai0="77,81,89,91,92,94,95" hai2="16,19,25,26,27,52,54,55,84,86,87,101,102" hai3="0,2,3,10,13,20,24,30,43,45,49,78,79" /><INIT seed="0,1,0,4,5,56" ten="260,220,260,260" oya="0" hai0="23,133,69,24,122,98,19,115,83,113,37,127,87" hai1="110,27,22,52,41,49,44,128,13,118,63,54,15" hai2="53,80,4,134,64,86,91,0,59,72,77,78,120" hai3="3,129,66,88,6,81,73,135,104,28,65,68,132"/><T29/><D122/><U101/><E118/><V102/><F120/><W50/><G66/><T93/><D37/><U96/><E128/><V42/><F134/><N who="3" m="51243" /><G50/><T119/><D133/><U36/><E110/><V71/><F71/><W35/><G129/><T48/><D119/><U17/><E36/><V26/><F64/><W8/><G104/><T61/><D127/><U121/><E121/><V31/><F42/><W112/><G112/><T12/><D48/><U95/><E63/><V39/><F39/><W34/><G28/><T123/><D61/><U82/><E82/><V47/><F47/><W11/><G11/><T32/><D69/><U45/><E45/><V97/><F4/><W10/><G10/><T33/><D33/><U67/><E67/><V74/><F0/><W62/><G88/><T43/><D43/><U116/><E116/><V131/><F131/><W25/><G25/><T89/><REACH who="0" step="1"/><D123/><REACH who="0" step="2"/><U75/><E75/><V103/><F74/><W55/><G55/><AGARI ba="1,1" hai="13,15,17,22,27,41,44,49,52,54,55,95,96,101" machi="55" ten="40,2600,0" yaku="8,1,54,1" doraHai="56" who="1" fromWho="3" sc="250,0,220,39,260,0,260,-29" /><INIT seed="1,0,0,3,1,34" ten="250,259,260,231" oya="1" hai0="12,119,48,78,70,53,40,69,74,113,63,24,93" hai1="57,23,4,79,62,59,2,17,118,112,37,1,107" hai2="116,49,44,99,108,98,104,32,96,61,94,95,84" hai3="125,106,87,129,135,134,90,7,15,43,11,85,124"/><U131/><E118/><V71/><F32/><W26/><G106/><T45/><D119/><U13/><E112/><V50/><F116/><W82/><G43/><T16/><D113/><U72/><E107/><V42/><F108/><W111/><G111/><T36/><D24/><U21/><E37/><V27/><F104/><W83/><G26/><T126/><D126/><U31/><E131/><V109/><F109/><W77/><REACH who="3" step="1"/><G129/><REACH who="3" step="2"/><T10/><D93/><U51/><E31/><V30/><F95/><W14/><G14/><T86/><D74/><U20/><E72/><V80/><F94/><W81/><G81/><T29/><D29/><U100/><E79/><V123/><F27/><W133/><AGARI ba="0,1" hai="7,11,15,77,82,83,85,87,90,124,125,133,134,135" machi="133" ten="40,5200,0" yaku="1,1,0,1,20,1,53,0" doraHai="34" doraHaiUra="35" who="3" fromWho="3" sc="250,-13,259,-26,260,-13,221,62" /><INIT seed="2,0,0,5,0,55" ten="237,233,247,283" oya="2" hai0="14,87,76,103,125,92,47,111,10,94,122,21,77" hai1="96,104,7,128,3,33,5,78,135,45,50,60,32" hai2="99,13,11,41,31,27,64,39,4,101,54,28,121" hai3="88,118,69,83,2,131,35,22,113,15,126,30,85"/><V107/><F121/><W43/><G118/><T75/><D75/><U20/><E128/><V72/><F72/><W36/><G2/><T44/><D122/><U34/><E135/><V95/><F64/><W53/><G35/><T86/><D111/><U29/><E78/><N who="0" m="30313" /><D21/><U97/><E60/><V80/><F39/><W102/><G69/><T19/><D125/><U129/><E129/><V105/><F41/><W1/><G113/><T114/><D114/><U40/><E104/><V59/><F80/><W93/><G1/><T57/><D57/><U51/><E3/><V37/><F37/><W46/><G131/><T127/><D127/><U90/><E90/><V63/><REACH who="2" step="1"/><F31/><REACH who="2" step="2"/><W0/><G126/><T82/><D82/><U84/><E40/><V26/><F26/><W68/><G68/><T24/><D24/><U132/><E29/><V42/><F42/><W66/><G66/><T133/><D133/><U106/><E132/><V70/><F70/><W130/><G130/><T49/><D103/><U48/><E106/><V123/><F123/><W16/><G30/><T89/><D94/><U6/><E45/><V62/><F62/><W119/><G119/><T110/><D47/><U18/><E84/><V56/><F56/><W91/><G102/><T58/><D58/><U67/><E67/><V8/><F8/><W12/><G53/><N who="0" m="29863" /><D110/><U52/><E52/><V17/><F17/><W65/><G65/><T74/><D74/><U9/><E9/><V100/><F100/><W112/><G112/><T38/><D38/><U98/><E18/><V61/><F61/><W71/><G71/><RYUUKYOKU ba="0,1" sc="237,10,233,10,237,10,283,-30" hai0="10,14,19,86,87,89,92" hai1="5,6,7,20,32,33,34,48,50,51,96,97,98" hai2="4,11,13,27,28,54,59,63,95,99,101,105,107" /><INIT seed="2,1,1,3,1,64" ten="247,243,247,253" oya="2" hai0="126,74,122,132,24,125,99,4,32,57,101,40,86" hai1="98,62,2,102,36,75,59,51,18,73,3,53,27" hai2="129,120,80,6,72,89,0,134,1,123,41,83,135" hai3="14,49,61,68,56,95,128,100,93,71,84,103,7"/><V131/><F41/><W16/><G7/><T37/><D74/><U63/><E36/><V104/><F6/><W39/><G39/><T115/><D115/><U109/><E109/><V113/><F104/><W82/><G49/><T30/><D122/><N who="2" m="46634" /><F113/><W85/><G128/><N who="2" m="49225" /><F89/><W9/><G85/><T58/><D132/><N who="2" m="50730" /><F72/><W121/><G121/><T111/><D4/><U50/><E75/><V12/><F12/><W70/><G103/><T38/><D40/><U26/><E73/><V67/><F67/><W17/><G100/><T119/><D101/><U43/><E3/><AGARI ba="1,1" hai="0,1,3,80,83" m="50730,49225,46634" machi="3" ten="40,12000,1" yaku="28,2,19,1,20,1" doraHai="64" who="2" fromWho="1" sc="247,0,243,-123,247,133,253,0" /><INIT seed="2,2,0,1,1,110" ten="247,120,380,253" oya="2" hai0="11,27,89,32,29,5,23,71,25,40,132,17,94" hai1="48,129,58,34,50,59,102,13,41,72,67,96,69" hai2="56,54,24,85,0,123,68,97,92,74,30,20,18" hai3="61,47,6,15,108,3,62,28,65,119,79,106,82"/><V75/><F68/><W115/><G106/><T120/><D71/><U45/><E72/><V78/><F0/><W107/><G107/><T135/><D40/><U76/><E129/><V43/><F123/><W12/><G119/><T37/><D37/><U22/><E76/><V16/><F43/><W51/><G28/><T55/><D55/><U57/><E34/><V42/><F42/><N who="3" m="25079" /><G3/><N who="0" m="447" /><D94/><U99/><E69/><V52/><F75/><W36/><G36/><T111/><D89/><U131/><E131/><V87/><F74/><W1/><G1/><T10/><D111/><U109/><E109/><V125/><F125/><W63/><G108/><T122/><D10/><U9/><E22/><V73/><F73/><W118/><G118/><T98/><D98/><U4/><E67/><V100/><F54/><W95/><G95/><T81/><D81/><U90/><E90/><V64/><F64/><W128/><G128/><T124/><D124/><U117/><E117/><V84/><F78/><W38/><G38/><T88/><D88/><U103/><REACH who="1" step="1"/><E50/><AGARI ba="2,0" hai="16,18,20,24,30,50,52,56,84,85,87,92,97,100" machi="50" ten="40,7700,0" yaku="8,1,54,2" doraHai="110" who="2" fromWho="1" sc="247,0,120,-83,380,83,253,0" /><INIT seed="2,3,0,3,2,81" ten="247,37,463,253" oya="2" hai0="7,108,112,33,103,84,86,51,74,92,98,22,133" hai1="11,6,109,23,29,35,17,63,82,60,2,131,121" hai2="27,49,28,79,18,96,89,117,124,20,12,40,37" hai3="76,105,15,80,59,102,122,16,48,21,24,104,97"/><V58/><F37/><W110/><G122/><T93/><D112/><U130/><E121/><V128/><F117/><W73/><G110/><T123/><D74/><U83/><E63/><V120/><F120/><W77/><G77/><T62/><D33/><U8/><E60/><V88/><F128/><W52/><G24/><T25/><D123/><U69/><E69/><V95/><F124/><W43/><G43/><T114/><D114/><U4/><E83/><V99/><F79/><W3/><G3/><T32/><D32/><U66/><E82/><V75/><F75/><W101/><G102/><T46/><D62/><U31/><E66/><V100/><F99/><W54/><G54/><N who="0" m="30071" /><D108/><U65/><E65/><V57/><F100/><W34/><REACH who="3" step="1"/><G34/><REACH who="3" step="2"/><T42/><D42/><U26/><E109/><V14/><F89/><W50/><G50/><T111/><D111/><U91/><E91/><V126/><F40/><W134/><G134/><T36/><D133/><U13/><REACH who="1" step="1"/><E31/><REACH who="1" step="2"/><V5/><F28/><W118/><G118/><T78/><D103/><U94/><E94/><AGARI ba="3,2" hai="15,16,21,48,52,59,73,76,80,94,97,101,104,105" machi="94" ten="30,7700,0" yaku="1,1,7,1,54,2,53,0" doraHai="81" doraHaiUra="85" who="3" fromWho="1" sc="247,0,27,-86,463,0,243,106" owari="247,-15,-59,-56,463,56,349,15" /></mjloggm>