<mjloggm ver="2.3"><GO type="169"/><UN n0="%6D%69%69%6B%6F" n1="%EF%BC%88%E2%89%A7%E2%96%BD%E2%89%A6%EF%BC%89" n2="%E3%82%B4%E3%83%BC%E3%83%AB" n3="%6C%69%67%68%74%39%39" dan="17,18,16,17" rate="2162,2233,2063,2173" sx="M,M,M,M"/><TAIKYOKU oya="0"/><INIT seed="0,0,0,0,3,94" ten="250,250,250,250" oya="0" hai0="8,33,7,85,24,25,38,120,84,135,98,36,67" hai1="17,62,0,77,15,125,1,100,107,18,119,11,42" hai2="60,115,31,117,76,86,132,20,116,123,49,47,2" hai3="129,80,19,110,6,102,109,75,68,124,27,70,97"/><T43/><D120/><U91/><E119/><N who="2" m="45643" /><F2/><W57/><G6/><T9/><D67/><U113/><E77/><V59/><F115/><W95/><G129/><T65/><D65/><U106/><E113/><V82/><F123/><W122/><G122/><T29/><D43/><U128/><E128/><V72/><F132/><W55/><G124/><T22/><D135/><U130/><E130/><V3/><F3/><W90/><G27/><T79/><D79/><U54/><E42/><N who="2" m="24823" /><F86/><W40/><G40/><T127/><D127/><U64/><E125/><V4/><F4/><W108/><G19/><T73/><D73/><U45/><E18/><V99/><F99/><N who="3" m="57847" /><G75/><T10/><D7/><U88/><E0/><V58/><F60/><N who="3" m="35903" /><G80/><T16/><REACH who="0" step="1"/><D98/><REACH who="0" ten="240,250,250,250" step="2"/><U50/><E64/><V34/><F72/><W83/><G83/><T61/><D61/><U121/><E62/><V52/><F82/><W30/><G30/><T14/><D14/><U13/><E15/><V101/><F31/><W133/><G133/><T92/><D92/><AGARI ba="0,1" hai="68,70,92,97,102,108,109,110" m="35903,57847" machi="92" ten="30,3900,0" yaku="14,1,52,2" doraHai="94" who="3" fromWho="0" sc="240,-39,250,0,250,0,250,49" /><INIT seed="1,0,0,0,4,20" ten="201,250,250,299" oya="1" hai0="25,37,43,79,75,3,30,116,95,104,94,49,111" hai1="128,105,122,81,44,97,35,68,36,46,10,71,23" hai2="102,6,92,16,8,56,17,5,0,61,73,118,69" hai3="47,52,41,96,76,113,131,21,89,53,120,62,134"/><U74/><E122/><V83/><F69/><W13/><G120/><T114/><D111/><U109/><E128/><V78/><F118/><W65/><G113/><T129/><D37/><U59/><E59/><V90/><F102/><W34/><G34/><T117/><D3/><U63/><E44/><V84/><REACH who="2" step="1"/><F5/><REACH who="2" ten="201,250,240,299" step="2"/><W126/><G131/><T33/><D129/><U133/><E68/><V123/><F123/><W55/><G134/><T77/><D116/><U19/><E71/><V9/><F9/><W82/><G126/><T119/><D117/><U12/><E10/><V28/><F28/><W127/><G127/><T93/><D30/><U99/><E133/><V18/><F18/><W1/><G1/><T64/><D119/><U26/><E19/><V125/><F125/><W57/><G13/><T14/><D14/><U110/><E12/><V45/><F45/><W11/><G11/><T88/><D114/><U98/><E46/><V80/><F80/><W108/><G47/><T72/><D43/><U121/><E81/><V40/><F40/><W39/><G41/><T58/><D58/><U124/><E121/><V2/><F2/><W66/><G82/><T130/><D130/><U51/><E124/><V4/><F4/><W86/><G57/><T42/><D42/><U87/><E110/><V38/><F38/><W91/><G39/><T48/><D75/><U7/><E74/><V103/><F103/><W54/><G108/><T135/><D72/><U115/><E109/><V85/><F85/><W106/><N who="3" m="13312" /><DORA hai="32" /><W100/><G86/><T107/><D135/><U101/><E87/><RYUUKYOKU ba="0,1" sc="201,-10,250,-10,240,30,299,-10" hai2="0,6,8,16,17,56,61,73,78,83,84,90,92" /><INIT seed="2,1,1,1,4,29" ten="191,240,270,289" oya="2" hai0="37,107,6,24,16,33,117,50,18,36,75,83,73" hai1="91,32,64,79,80,71,25,69,94,0,39,61,15" hai2="27,46,17,129,118,68,43,22,111,131,112,114,7" hai3="76,123,128,102,1,85,34,116,70,30,2,59,9"/><V5/><F68/><W14/><G70/><T72/><D107/><U98/><E0/><V42/><F118/><W67/><G116/><T113/><D117/><U125/><E39/><V49/><F43/><W100/><G123/><T58/><D6/><N who="2" m="2058" /><F111/><W65/><G1/><T23/><D113/><U11/><E125/><V51/><F49/><W60/><G2/><T4/><D4/><U105/><E105/><V78/><F78/><W74/><G74/><T38/><D83/><U96/><E71/><V134/><F134/><W13/><G67/><T86/><D86/><U45/><E45/><V35/><F35/><W20/><G128/><AGARI ba="1,1" hai="17,22,27,42,46,51,112,114,128,129,131" m="2058" machi="128" ten="30,1500,0" yaku="19,1" doraHai="29" who="2" fromWho="3" sc="191,0,240,0,270,28,289,-18" /><INIT seed="2,2,0,4,5,135" ten="191,240,298,271" oya="2" hai0="18,101,89,8,84,79,75,65,7,57,100,62,73" hai1="95,17,46,38,90,27,109,99,16,33,52,14,20" hai2="48,113,102,58,93,55,116,71,106,63,111,104,129" hai3="19,119,53,15,133,78,29,4,130,127,114,21,69"/><V64/><F116/><W35/><G69/><T107/><D107/><U45/><E109/><V36/><F113/><W108/><G119/><T61/><D73/><U60/><E38/><V56/><F129/><W115/><G78/><T32/><D32/><U88/><E90/><V117/><F117/><W3/><G53/><T91/><D75/><U25/><E33/><V96/><F111/><W112/><G108/><T37/><D37/><U54/><E27/><V118/><F118/><W103/><G103/><T105/><D79/><U92/><E92/><V134/><F134/><W72/><G72/><T6/><D91/><U13/><E13/><V125/><F125/><W68/><G68/><T39/><D39/><U42/><E42/><V124/><F124/><W77/><G77/><T97/><D101/><U44/><E60/><V122/><F122/><W0/><G133/><T5/><D61/><U128/><E128/><V131/><F131/><W11/><G130/><T82/><REACH who="0" step="1"/><D18/><REACH who="0" ten="181,240,298,271" step="2"/><U81/><REACH who="1" step="1"/><E81/><REACH who="1" ten="181,230,298,271" step="2"/><V2/><F36/><W83/><G83/><T87/><D87/><U9/><AGARI ba="2,2" hai="9,14,16,17,20,25,44,45,46,52,54,88,95,99" machi="9" ten="30,16000,3" yaku="1,1,2,1,0,1,8,1,54,3,53,1" doraHai="135" doraHaiUra="10" who="1" fromWho="1" sc="181,-42,230,186,298,-82,271,-42" /><INIT seed="3,0,0,5,3,56" ten="139,416,216,229" oya="3" hai0="34,85,11,121,133,97,99,117,73,114,15,118,92" hai1="10,54,120,90,36,50,104,25,48,72,23,112,119" hai2="47,66,7,40,2,125,134,135,62,29,116,106,128" hai3="4,124,28,88,122,59,22,79,38,69,130,113,83"/><W74/><G122/><T32/><D73/><U127/><E36/><V37/><F116/><W80/><G113/><T41/><D121/><U52/><E104/><V111/><F111/><W45/><G69/><T63/><D133/><N who="2" m="50698" /><F125/><W68/><G68/><T71/><D114/><U64/><E72/><V77/><F106/><W57/><G124/><T102/><D41/><U5/><E112/><V76/><F128/><W6/><G130/><T35/><D85/><U93/><E64/><V60/><F29/><W103/><G103/><T129/><D129/><U94/><E119/><V95/><F95/><W21/><G4/><T115/><D99/><U27/><E120/><V70/><F62/><W24/><G6/><T9/><D115/><U126/><E5/><V30/><F30/><W46/><G22/><T132/><D9/><AGARI ba="0,0" hai="2,7,9,37,40,47,60,66,70,76,77" m="50698" machi="9" ten="30,2000,0" yaku="20,1,52,1" doraHai="56" who="2" fromWho="0" sc="139,-20,416,0,216,20,229,0" /><INIT seed="4,0,0,5,5,26" ten="119,416,236,229" oya="0" hai0="119,91,74,18,114,45,34,131,93,32,9,11,122" hai1="16,13,102,68,52,80,17,22,3,30,67,20,41" hai2="121,39,81,44,94,105,90,43,106,21,60,59,31" hai3="84,116,87,62,123,133,37,55,48,92,69,15,28"/><T42/><D119/><U86/><E3/><V79/><F121/><W78/><G116/><T117/><D117/><U135/><E135/><V61/><F60/><W7/><G133/><T99/><D122/><U49/><E68/><V100/><F100/><W24/><G37/><T36/><D114/><U134/><E134/><V127/><F127/><W38/><G38/><T103/><D131/><U88/><E67/><V125/><F125/><W73/><G123/><T6/><D74/><U58/><E102/><V108/><F108/><W110/><G110/><T65/><D65/><U129/><E129/><V75/><F21/><W96/><G62/><T10/><D6/><U76/><E41/><V8/><F8/><W113/><G69/><T56/><D56/><U83/><E30/><V115/><F31/><W111/><G111/><T0/><D0/><U63/><E63/><V109/><F109/><W46/><G113/><T4/><D4/><U23/><E17/><V14/><F14/><W104/><G104/><T118/><D118/><U124/><E124/><V27/><F27/><W47/><G73/><AGARI ba="0,0" hai="13,16,20,22,23,49,52,58,73,76,80,83,86,88" machi="73" ten="30,7700,0" yaku="7,1,54,3" doraHai="26" who="1" fromWho="3" sc="119,0,416,77,236,0,229,-77" /><INIT seed="5,0,0,1,1,37" ten="119,493,236,152" oya="1" hai0="64,13,128,83,66,8,122,23,103,132,47,20,108" hai1="11,90,48,102,70,120,133,135,18,99,77,54,9" hai2="91,46,118,88,19,73,86,96,79,124,72,44,42" hai3="58,4,3,40,32,0,30,60,82,75,24,117,36"/><U31/><E70/><V2/><F118/><W125/><G117/><T100/><D108/><U7/><E31/><V101/><F44/><W34/><G125/><T78/><D132/><U21/><E90/><V93/><F2/><W16/><G34/><T119/><D119/><U106/><E77/><V35/><F35/><W41/><G36/><T69/><D128/><U131/><E120/><V45/><F45/><W71/><G71/><T114/><D114/><U1/><E11/><V111/><F111/><W76/><G16/><T51/><D122/><U115/><E131/><V129/><F129/><W6/><G0/><T121/><D121/><U56/><E115/><V92/><F124/><W104/><G104/><T127/><D127/><U33/><E33/><V81/><F19/><W87/><G75/><T113/><D113/><U74/><E74/><V52/><F73/><W5/><REACH who="3" step="1"/><G3/><REACH who="3" ten="119,493,236,142" step="2"/><T61/><D69/><U53/><E133/><V17/><F72/><W110/><G110/><T130/><D130/><U62/><E135/><V49/><F17/><W123/><G123/><T25/><D20/><U67/><E18/><V85/><F101/><W55/><AGARI ba="0,1" hai="4,5,6,24,30,32,40,41,55,58,60,76,82,87" machi="55" ten="30,7900,0" yaku="1,1,0,1,52,2,53,0" doraHai="37" doraHaiUra="94" who="3" fromWho="3" sc="119,-20,493,-39,236,-20,142,89" /><INIT seed="6,0,0,0,4,7" ten="99,454,216,231" oya="2" hai0="36,28,98,18,88,51,16,99,34,107,127,84,49" hai1="110,29,82,42,59,19,39,133,121,64,132,73,92" hai2="76,126,135,9,104,71,96,15,57,11,31,52,55" hai3="85,33,90,46,12,74,86,80,108,58,100,2,103"/><V112/><F112/><W67/><G2/><T93/><D36/><U38/><E29/><V65/><F135/><W63/><G108/><T131/><D131/><U113/><E121/><V35/><F126/><W53/><G74/><T3/><D127/><U40/><E113/><V116/><F76/><W43/><G33/><T26/><D3/><U21/><E92/><V27/><F15/><W114/><G114/><T47/><D51/><U128/><E110/><V48/><F55/><W102/><G12/><T6/><D6/><U44/><E128/><V5/><F5/><W20/><G20/><T17/><REACH who="0" step="1"/><D107/><REACH who="0" ten="89,454,216,231" step="2"/><U115/><E39/><V1/><F1/><W97/><G63/><T22/><D22/><U50/><E21/><V111/><F111/><W45/><G43/><AGARI ba="0,1" hai="16,17,18,26,28,34,43,47,49,84,88,93,98,99" machi="43" ten="40,5200,0" yaku="1,1,54,2,53,0" doraHai="7" doraHaiUra="72" who="0" fromWho="3" sc="89,62,454,0,216,0,231,-52" /><INIT seed="7,0,0,4,5,41" ten="151,454,216,179" oya="3" hai0="114,115,16,72,2,45,1,8,75,130,19,50,24" hai1="30,133,117,106,66,122,105,13,9,62,88,29,43" hai2="84,6,110,111,56,33,102,128,65,3,64,76,87" hai3="119,55,118,18,121,36,134,131,95,59,90,28,12"/><W82/><G121/><T100/><D100/><U93/><E117/><V123/><F33/><W94/><G36/><T54/><D130/><U42/><E133/><V78/><F102/><W60/><G134/><T23/><D19/><U101/><E106/><V26/><F123/><W17/><G131/><T11/><D11/><U109/><E101/><V67/><F128/><W0/><G0/><N who="0" m="107" /><D8/><U57/><E105/><V77/><F56/><W71/><G71/><T61/><D61/><U63/><E63/><V129/><F129/><W83/><G28/><N who="1" m="10858" /><E109/><V135/><F135/><W5/><G119/><T99/><D99/><N who="1" m="57767" /><E122/><V38/><F3/><W58/><G118/><T34/><D34/><U108/><E108/><V127/><F111/><W31/><G31/><T92/><D92/><U69/><E69/><V112/><F110/><W70/><G70/><T44/><D44/><U52/><E66/><V120/><F65/><W125/><G95/><T48/><D48/><U113/><E113/><AGARI ba="0,0" hai="16,23,24,45,50,54,72,75,113,114,115" m="107" machi="113" ten="30,7700,0" yaku="15,1,11,1,52,1,54,1" doraHai="41" who="0" fromWho="1" sc="151,77,454,-77,216,0,179,0" owari="228,3.0,377,47.0,216,-18.0,179,-32.0" /></mjloggm>