<mjloggm ver="2.3"><GO type="169" lobby="0"/><UN n0="%E3%81%A1%E3%82%85%E3%82%93%E3%81%A9" n1="%E3%83%8E%E3%83%B3%E3%83%A9%E3%82%B9%E6%89%93%E6%B3%95" n2="%EF%BC%88%E2%89%A7%E2%96%BD%E2%89%A6%EF%BC%89" n3="%E3%83%9A%E3%83%81%E3%83%A7%E3%83%BC%E3%83%AA%E3%83%B3" dan="16,17,17,17" rate="2043.85,2123.60,2160.18,2146.34" sx="M,M,M,M"/><TAIKYOKU oya="0"/><INIT seed="0,0,0,0,4,54" ten="250,250,250,250" oya="0" hai0="118,101,20,63,126,30,35,96,100,113,79,123,135" hai1="72,5,60,0,24,93,127,103,120,29,114,119,25" hai2="28,57,116,1,76,50,36,32,53,98,121,112,74" hai3="87,90,117,108,3,13,69,110,133,134,65,47,67"/><T31/><D123/><U102/><E119/><V55/><F121/><W14/><G3/><T124/><D113/><U6/><E120/><V105/><F1/><W66/><G69/><T68/><D118/><U19/><E72/><V70/><F112/><W22/><G47/><T107/><D135/><N who="3" m="51721" /><G117/><T27/><D100/><U106/><E114/><V41/><F70/><W82/><G22/><T17/><D79/><U85/><E106/><V92/><F105/><W125/><G125/><N who="0" m="48235" /><D35/><U111/><E127/><V7/><F32/><W80/><G82/><T26/><D26/><U33/><E25/><V2/><F76/><W37/><G37/><T89/><D89/><U46/><E24/><V38/><F36/><W40/><G40/><T99/><D99/><U15/><E33/><V8/><F38/><W9/><G14/><T12/><D12/><U43/><E15/><V73/><F41/><W18/><AGARI ba="0,0" hai="9,13,18,65,66,67,80,87,90,108,110" m="51721" machi="18" ten="40,1500,0" yaku="20,1" doraHai="54" who="3" fromWho="3" sc="250,-7,250,-4,250,-4,250,15" /><INIT seed="1,0,0,4,0,120" ten="243,246,246,265" oya="1" hai0="54,131,73,117,103,22,107,31,36,83,17,4,99" hai1="39,15,77,126,62,132,91,135,71,89,48,49,41" hai2="112,133,16,38,9,118,100,46,43,10,50,21,53" hai3="70,23,60,13,95,78,3,111,35,45,2,104,51"/><U27/><E126/><V119/><F133/><N who="1" m="51273" /><E77/><V29/><F100/><W58/><G104/><T109/><D117/><U105/><E105/><V101/><F101/><W87/><G35/><T75/><D36/><U42/><E15/><V24/><F112/><W108/><G70/><T34/><D4/><U130/><E130/><V84/><F84/><W47/><G23/><T63/><D131/><U102/><E102/><V88/><F88/><N who="1" m="33865" /><E27/><V123/><F123/><W124/><G13/><T115/><D107/><U52/><E39/><V116/><REACH who="2" step="1"/><F29/><REACH who="2" ten="243,246,236,265" step="2"/><W57/><G87/><T97/><D31/><U0/><E0/><V64/><F64/><W114/><G3/><T86/><D103/><U37/><E37/><V6/><F6/><W1/><G2/><T18/><D115/><U122/><E122/><V44/><AGARI ba="0,1" hai="9,10,16,21,24,38,43,44,46,50,53,116,118,119" machi="44" ten="40,8000,1" yaku="1,1,0,1,54,1,53,1" doraHai="120" doraHaiUra="12" who="2" fromWho="2" sc="243,-20,246,-40,236,90,265,-20" /><INIT seed="2,0,0,3,5,63" ten="223,206,326,245" oya="2" hai0="21,118,53,36,92,132,30,104,70,123,86,42,20" hai1="33,57,24,9,28,93,125,51,49,110,75,114,29" hai2="4,5,78,12,103,113,90,23,32,52,43,35,46" hai3="117,80,16,135,116,72,77,56,83,38,40,100,112"/><V60/><F113/><W39/><G135/><T97/><D123/><U14/><E114/><V10/><F103/><W6/><G112/><T37/><D132/><U109/><E75/><V71/><F78/><W94/><G6/><T62/><D104/><U31/><E125/><V128/><F128/><W85/><G39/><T8/><D118/><U134/><E134/><V0/><F90/><W61/><G40/><T84/><D8/><U45/><E93/><V129/><F129/><W99/><G38/><T119/><D119/><U126/><E126/><V127/><F127/><W89/><REACH who="3" step="1"/><G16/><REACH who="3" ten="223,206,326,235" step="2"/><T41/><D42/><U54/><E109/><V79/><F4/><W130/><G130/><T108/><D41/><U59/><E110/><V44/><F43/><W82/><G82/><T102/><D108/><U27/><E33/><V111/><F35/><W15/><G15/><T50/><D37/><U66/><E27/><V67/><F32/><W65/><AGARI ba="0,1" hai="56,61,65,72,77,80,83,85,89,94,99,100,116,117" machi="65" ten="20,5200,0" yaku="1,1,0,1,7,1,52,1,53,0" doraHai="63" doraHaiUra="18" who="3" fromWho="3" sc="223,-13,206,-13,326,-26,235,62" /><INIT seed="3,0,0,0,0,135" ten="210,193,300,297" oya="3" hai0="33,61,56,74,109,124,64,32,10,17,30,117,119" hai1="102,79,133,66,77,5,108,21,38,19,118,9,63" hai2="72,54,90,76,91,51,98,52,111,27,35,28,45" hai3="46,88,86,110,41,18,105,42,47,123,16,106,4"/><W36/><G123/><T7/><D74/><U62/><E38/><V2/><F2/><W15/><G110/><T23/><D109/><U95/><E108/><V34/><F34/><W83/><G4/><T81/><D81/><U134/><E118/><V53/><F111/><W26/><G26/><T99/><D124/><U73/><E102/><V130/><F130/><W1/><G1/><T48/><D48/><U39/><E39/><V71/><F71/><W31/><G31/><T3/><D99/><U131/><E95/><V44/><F98/><W122/><G122/><T92/><D92/><U20/><E131/><V113/><F113/><W58/><G58/><T128/><D128/><U115/><E115/><V101/><F101/><W49/><G18/><T43/><D43/><U55/><E55/><V40/><F45/><W22/><AGARI ba="0,0" hai="15,16,22,36,41,42,46,47,49,83,86,88,105,106" machi="22" ten="20,7800,0" yaku="0,1,7,1,54,2" doraHai="135" who="3" fromWho="3" sc="210,-26,193,-26,300,-26,297,78" /><INIT seed="3,1,0,5,3,97" ten="184,167,274,375" oya="3" hai0="24,68,12,92,108,69,91,118,111,41,122,90,80" hai1="121,25,23,0,39,117,73,26,115,130,89,71,60" hai2="119,34,113,132,63,53,110,5,17,36,6,48,40" hai3="95,59,43,116,86,84,35,102,126,65,94,55,56"/><W45/><G116/><T49/><D118/><U42/><E115/><V106/><F106/><W14/><G35/><T135/><D122/><U57/><E117/><V120/><F34/><W52/><G126/><T19/><D24/><U22/><E121/><V27/><F120/><W79/><G65/><T78/><D135/><U64/><E0/><V46/><F132/><W29/><G29/><T134/><D134/><U129/><E73/><V124/><F124/><W109/><G109/><N who="0" m="42059" /><D41/><U76/><E76/><V66/><F110/><W1/><G1/><T114/><D49/><U98/><E71/><N who="0" m="27209" /><D92/><N who="1" m="56591" /><E42/><V75/><F40/><W38/><G14/><T50/><D50/><U128/><E39/><V11/><F36/><W58/><G94/><T54/><D54/><U96/><E96/><V99/><F99/><N who="3" m="59775" /><G38/><T101/><D101/><U62/><E62/><V123/><F123/><W85/><G79/><T16/><D114/><U2/><E2/><V21/><F113/><W104/><G104/><T18/><D12/><U81/><E81/><V70/><F119/><W32/><G32/><T30/><D30/><U8/><E26/><V61/><F75/><AGARI ba="1,0" hai="16,18,19,75,78,80,90,91" m="27209,42059" machi="75" ten="40,2600,0" yaku="14,1,54,1" doraHai="97" who="0" fromWho="2" sc="184,29,167,0,274,-29,375,0" /><INIT seed="4,0,0,2,4,127" ten="213,167,245,375" oya="0" hai0="101,107,90,84,80,24,77,105,134,79,58,52,109" hai1="43,121,82,49,72,60,23,94,57,124,115,5,29" hai2="133,135,130,86,17,19,13,100,14,48,66,123,30" hai3="12,16,120,20,118,104,47,27,75,102,8,111,106"/><T129/><D134/><N who="2" m="51210" /><F123/><W36/><G75/><T117/><D117/><U91/><E121/><V22/><F100/><W110/><G118/><T21/><D129/><U32/><E124/><V83/><F66/><W92/><G120/><T119/><D119/><U0/><E32/><V95/><F95/><W55/><G92/><T33/><D33/><U40/><E5/><V113/><F113/><W116/><G116/><T7/><D7/><U97/><E0/><V131/><F48/><W114/><G114/><T44/><D44/><U70/><E70/><V45/><F30/><W61/><G61/><T89/><D109/><U125/><E115/><V64/><F64/><W54/><G54/><T132/><D132/><U39/><E39/><V11/><F45/><W96/><G106/><T56/><D107/><U108/><E108/><V3/><F3/><W62/><G62/><N who="0" m="36103" /><D58/><U88/><E125/><V2/><F2/><W50/><REACH who="3" step="1"/><G36/><REACH who="3" ten="213,167,245,365" step="2"/><T1/><D105/><U67/><E60/><V34/><F34/><W37/><G37/><T4/><D101/><U15/><E94/><V51/><F51/><W81/><G81/><T69/><D80/><U73/><E82/><V31/><F31/><AGARI ba="0,1" hai="8,12,16,20,27,31,47,50,55,96,102,104,110,111" machi="31" ten="30,3900,0" yaku="1,1,7,1,54,1,53,0" doraHai="127" doraHaiUra="35" who="3" fromWho="2" sc="213,0,167,0,245,-39,365,49" /><INIT seed="5,0,0,1,4,127" ten="213,167,206,414" oya="1" hai0="84,46,107,66,49,10,8,119,86,44,30,18,89" hai1="76,111,101,61,34,115,129,52,118,65,7,32,37" hai2="12,22,9,11,98,39,123,63,15,33,81,68,45" hai3="99,47,90,19,4,116,43,28,74,135,79,31,94"/><U64/><E118/><V29/><F123/><W122/><G4/><T108/><D108/><U120/><E120/><V78/><F33/><W87/><G122/><T80/><D107/><U21/><E37/><V109/><F109/><W69/><G69/><T56/><D119/><U126/><E111/><V55/><F98/><W134/><G74/><T125/><D30/><U51/><E101/><V5/><F68/><W128/><G19/><T91/><D125/><U102/><E126/><V57/><F39/><W54/><G54/><N who="0" m="31823" /><D66/><U95/><E76/><V23/><F45/><N who="0" m="17514" /><D18/><U36/><E36/><V70/><F70/><W24/><G24/><T105/><D105/><U2/><E2/><V96/><F29/><W112/><G28/><T59/><D59/><U38/><E38/><V97/><F97/><W53/><G31/><T60/><D60/><U14/><E65/><V106/><F96/><W42/><G99/><T103/><D103/><U77/><E102/><V93/><F106/><W67/><G67/><T117/><D117/><U88/><E64/><V50/><F63/><W62/><G62/><T25/><D25/><U132/><E61/><V1/><F1/><W133/><G116/><T92/><AGARI ba="0,0" hai="8,10,80,84,86,89,91,92" m="17514,31823" machi="92" ten="30,1100,0" yaku="8,1" doraHai="127" who="0" fromWho="0" sc="213,11,167,-5,206,-3,414,-3" /><INIT seed="6,0,0,1,0,109" ten="224,162,203,411" oya="2" hai0="54,28,55,37,50,107,79,27,30,8,127,12,10" hai1="3,67,75,118,102,82,81,74,0,68,78,90,64" hai2="112,104,62,119,70,61,43,80,63,117,130,106,1" hai3="120,128,93,5,22,19,13,2,125,21,134,66,121"/><V77/><F70/><W24/><G93/><T60/><D37/><U72/><E118/><V69/><F69/><W133/><G66/><T89/><D107/><U95/><E102/><V123/><F123/><N who="3" m="47179" /><G125/><T26/><D127/><U11/><E67/><V116/><F130/><W38/><G38/><T32/><D79/><U7/><E0/><V35/><F35/><W99/><G99/><T47/><D89/><U48/><E82/><V91/><F1/><W100/><G100/><T129/><D129/><U98/><REACH who="1" step="1"/><E48/><REACH who="1" ten="224,152,203,411" step="2"/><V115/><F119/><W53/><G128/><T29/><D60/><AGARI ba="0,1" hai="3,7,11,60,64,68,72,74,75,78,81,90,95,98" machi="60" ten="40,5200,0" yaku="1,1,2,1,53,1" doraHai="109" doraHaiUra="73" who="1" fromWho="0" sc="224,-52,152,62,203,0,411,0" /><INIT seed="7,0,0,5,4,92" ten="172,214,203,411" oya="3" hai0="6,14,37,96,44,28,90,73,17,62,94,12,57" hai1="71,70,133,86,88,5,106,93,113,79,103,39,43" hai2="40,63,9,38,4,42,89,41,52,1,11,135,53" hai3="129,24,131,123,115,64,15,25,18,61,22,7,116"/><W124/><G116/><T54/><D73/><U125/><E5/><V67/><F135/><W83/><G123/><T126/><D126/><U112/><E125/><V51/><F38/><W32/><G124/><T85/><D28/><U104/><E133/><V81/><F51/><W122/><G122/><T87/><D6/><U100/><E79/><V69/><F11/><N who="3" m="4607" /><G83/><T97/><D85/><U77/><E77/><V75/><F75/><W130/><G115/><N who="1" m="44106" /><E43/><V47/><F47/><W101/><G101/><N who="1" m="38986" /><E39/><V120/><F120/><W31/><G61/><T8/><REACH who="0" step="1"/><D12/><REACH who="0" ten="162,214,203,411" step="2"/><U110/><E110/><V16/><REACH who="2" step="1"/><F16/><REACH who="2" ten="162,214,193,411" step="2"/><W74/><G74/><T107/><D107/><AGARI ba="0,2" hai="70,71,86,88,93,104,106,107" m="38986,44106" machi="107" ten="30,2000,0" yaku="15,1,54,1" doraHai="92" who="1" fromWho="0" sc="162,-20,214,40,193,0,411,0" owari="142,-36.0,254,5.0,193,-21.0,411,52.0" /></mjloggm>