<mjloggm ver="2.3"><GO type="169"/><UN n0="%E3%81%BE%E3%81%AA%E3%81%84%E3%81%9F%E3%82%88%E3%81%86%E3%81%98%E3%82%87" n1="%EF%BC%88%E2%89%A7%E2%96%BD%E2%89%A6%EF%BC%89" n2="%E9%BA%BB%E9%9B%80%E6%88%A6%E5%A3%AB%E2%98%86%E3%81%AA%E3%81%AE%E3%81%AF" n3="%E6%9C%AC%E7%89%A9%E5%A5%B3%E5%AD%90%E9%AB%98%E7%94%9F" dan="16,18,16,16" rate="2062,2181,2139,2124" sx="M,M,F,F"/><TAIKYOKU oya="0"/><INIT seed="0,0,0,1,2,19" ten="250,250,250,250" oya="0" hai0="102,92,53,4,34,86,74,67,49,98,76,45,94" hai1="15,2,73,116,8,134,77,39,24,55,115,54,50" hai2="101,26,11,25,46,107,110,124,21,66,105,68,38" hai3="80,106,135,81,33,90,62,125,43,83,69,17,18"/><T30/><D4/><U64/><E116/><V113/><F113/><W112/><G112/><T108/><D67/><U40/><E115/><V3/><F124/><W117/><G117/><T36/><D36/><U41/><E134/><V27/><F110/><W129/><G33/><T99/><D74/><U61/><E2/><V95/><F107/><W1/><G1/><T29/><D34/><U85/><E73/><V123/><F105/><W12/><G106/><T121/><D121/><U104/><E104/><V70/><F123/><W16/><G135/><T71/><D71/><U111/><E111/><V63/><F70/><W51/><G125/><T35/><D35/><U119/><E119/><V96/><F46/><N who="3" m="26079" /><G69/><T131/><D131/><U56/><E39/><V72/><F72/><W87/><G129/><T88/><REACH who="0" step="1"/><D108/><REACH who="0" ten="240,250,250,250" step="2"/><U82/><E64/><V132/><F38/><W78/><G78/><T79/><D79/><U109/><E109/><V31/><F132/><W84/><G62/><T122/><D122/><U60/><E60/><V97/><F66/><W100/><G100/><T22/><D22/><U114/><E114/><V65/><F65/><W5/><G90/><T6/><D6/><U91/><E77/><V130/><F63/><W44/><G44/><T9/><D9/><AGARI ba="0,1" hai="5,9,12,16,17,18,80,81,83,84,87" m="26079" machi="9" ten="30,2000,0" yaku="8,1,54,1" doraHai="19" who="3" fromWho="0" sc="240,-20,250,0,250,0,250,30" /><INIT seed="1,0,0,1,0,23" ten="220,250,250,280" oya="1" hai0="94,37,7,53,77,134,55,47,56,100,109,21,75" hai1="66,119,10,117,78,84,40,107,33,4,129,41,31" hai2="80,89,57,34,54,85,92,24,120,11,43,88,6" hai3="39,121,70,51,106,116,13,2,14,9,83,82,42"/><U30/><E107/><V115/><F115/><W86/><G106/><T113/><D113/><U79/><E66/><V96/><F120/><W95/><G39/><T62/><D109/><U29/><E33/><V61/><F43/><W1/><G70/><T110/><D110/><U105/><E105/><V5/><REACH who="2" step="1"/><F11/><REACH who="2" ten="220,250,240,280" step="2"/><W15/><G9/><T127/><D127/><U74/><E10/><V98/><F98/><W45/><G121/><T63/><D134/><U81/><E41/><V18/><F18/><W65/><G116/><T8/><D7/><U17/><E40/><V50/><F50/><W114/><G114/><T103/><D8/><U135/><E4/><V59/><F59/><W102/><G1/><T25/><D56/><U93/><E135/><V112/><F112/><W0/><G2/><T44/><D37/><U38/><E38/><V128/><F128/><W27/><G0/><T126/><D126/><U3/><E129/><V60/><F60/><W132/><G132/><T68/><D63/><U26/><E3/><V19/><F19/><W49/><G49/><T58/><D62/><U22/><REACH who="1" step="1"/><E79/><REACH who="1" ten="220,240,240,280" step="2"/><V123/><F123/><W101/><G42/><T108/><D77/><U48/><E48/><V131/><F131/><W52/><G51/><T91/><D108/><U72/><E72/><V124/><F124/><W125/><G125/><T64/><D75/><U71/><E71/><V16/><F16/><W46/><G46/><T28/><D68/><U111/><E111/><V12/><F12/><N who="3" m="3075" /><W35/><DORA hai="118" /><G45/><T73/><D47/><U133/><E133/><V87/><F87/><RYUUKYOKU ba="0,2" sc="220,-15,240,15,240,15,280,-15" hai1="17,22,26,29,30,31,74,78,81,84,93,117,119" hai2="5,6,24,34,54,57,61,80,85,88,89,92,96" /><INIT seed="1,1,2,3,1,11" ten="205,255,255,265" oya="1" hai0="67,79,9,121,109,91,124,0,103,129,97,50,111" hai1="102,128,85,132,29,53,7,43,54,16,20,105,33" hai2="59,84,114,66,32,35,92,49,71,48,94,17,69" hai3="119,31,74,18,30,34,95,110,58,15,76,108,82"/><U126/><E126/><V96/><F114/><W127/><G127/><T4/><D124/><U123/><E123/><V104/><F104/><W112/><G112/><T2/><D79/><U41/><E132/><V135/><F135/><W93/><G119/><T125/><D125/><U57/><E128/><V101/><F71/><W46/><G46/><T78/><D78/><U89/><E33/><V51/><F69/><W134/><G58/><T37/><D37/><U42/><E29/><N who="3" m="10762" /><G34/><T56/><D129/><U8/><E102/><V47/><F32/><W130/><G130/><T99/><D91/><U26/><E105/><V107/><F107/><W64/><G64/><T131/><D131/><U27/><E27/><V122/><F122/><W12/><G12/><N who="0" m="5159" /><D121/><U10/><E57/><V118/><F17/><W55/><G55/><N who="1" m="21002" /><E7/><V106/><F35/><W68/><G68/><T25/><D56/><U113/><E113/><V5/><F5/><W22/><G134/><T73/><D67/><U65/><E65/><V39/><F39/><W117/><G117/><T81/><D2/><U75/><E75/><V70/><F106/><W23/><G23/><T45/><D0/><U3/><E3/><V62/><F70/><W98/><G98/><T19/><D99/><U77/><E77/><V87/><F118/><W116/><G116/><T52/><D97/><U86/><E86/><V90/><F87/><W40/><G40/><AGARI ba="1,2" hai="40,47,48,49,51,59,62,66,84,90,92,94,96,101" machi="40" ten="30,2000,0" yaku="7,1,8,1" doraHai="11" who="2" fromWho="3" sc="205,0,255,0,255,43,265,-23" /><INIT seed="2,0,0,3,2,135" ten="205,255,298,242" oya="2" hai0="121,47,101,2,96,116,27,11,38,65,44,34,63" hai1="76,21,4,67,107,49,84,118,87,70,130,26,8" hai2="108,13,48,18,14,90,109,102,19,95,88,92,62" hai3="45,122,98,71,86,82,1,15,35,77,60,56,81"/><V10/><F62/><W9/><G122/><T57/><D121/><U127/><E107/><V37/><F48/><W120/><G120/><T132/><D132/><U89/><E118/><V74/><F102/><W52/><G35/><T58/><D116/><U51/><E130/><V79/><F79/><W5/><G71/><T25/><D57/><U83/><E127/><V125/><F74/><W75/><G98/><T78/><D78/><U55/><E67/><V66/><F66/><W59/><G45/><T114/><D114/><U97/><E97/><V53/><F53/><W36/><G36/><T20/><D34/><U16/><E70/><V17/><F37/><W39/><G39/><T64/><D64/><U43/><E43/><V72/><F72/><W30/><G30/><T100/><D25/><U61/><E61/><V129/><F125/><W106/><G56/><T42/><D44/><U113/><E55/><V46/><F46/><W73/><G73/><T93/><D101/><U32/><E32/><V6/><F14/><W33/><G33/><T115/><D115/><U69/><E69/><V80/><F80/><W134/><G134/><T29/><D11/><U3/><REACH who="1" step="1"/><E113/><REACH who="1" ten="205,245,298,242" step="2"/><V133/><F129/><W94/><G106/><T91/><D91/><N who="2" m="34858" /><F133/><W117/><G117/><T105/><D105/><U85/><E85/><V124/><F124/><W111/><G86/><T128/><D128/><U99/><E99/><V40/><F40/><W28/><G75/><T131/><D131/><U7/><E7/><V68/><F68/><W119/><G5/><T123/><D123/><U54/><E54/><RYUUKYOKU ba="0,1" sc="205,10,245,10,298,10,242,-30" hai0="2,20,27,29,38,42,47,58,63,65,93,96,100" hai1="3,4,8,16,21,26,49,51,76,83,84,87,89" hai2="6,10,13,17,18,19,92,95,108,109" /><INIT seed="2,1,1,3,0,115" ten="215,255,308,212" oya="2" hai0="73,85,111,54,50,126,58,119,96,48,8,34,97" hai1="41,92,7,13,84,131,27,94,120,66,20,17,105" hai2="10,29,89,6,98,47,64,40,70,127,132,60,129" hai3="90,123,80,110,117,130,36,116,18,82,107,100,28"/><V88/><F132/><W2/><G2/><T95/><D73/><U77/><E105/><V24/><F129/><W78/><G28/><T45/><D34/><U102/><E131/><V109/><F127/><W59/><G36/><T23/><D111/><U9/><E120/><V108/><F98/><N who="3" m="61847" /><G59/><T44/><D126/><U62/><E41/><V52/><F52/><W67/><G18/><T37/><D37/><U74/><E74/><V32/><F47/><W65/><G65/><T19/><D8/><U128/><E128/><V30/><F30/><W118/><G67/><T103/><D96/><U61/><E102/><V56/><F40/><W12/><G12/><N who="0" m="9703" /><D119/><N who="3" m="30465" /><W83/><DORA hai="46" /><G130/><T91/><D50/><U133/><E133/><V76/><F70/><W15/><G15/><T16/><D16/><U4/><E4/><V81/><F10/><W135/><G135/><T35/><D35/><U0/><E0/><V43/><F6/><W93/><G110/><N who="2" m="42601" /><F43/><W124/><G124/><T104/><AGARI ba="1,1" hai="44,45,48,54,58,85,91,95,97,103,104" m="9703" machi="104" ten="30,2000,0" yaku="25,1,52,1" doraHai="115,46" who="0" fromWho="0" sc="215,33,255,-6,308,-11,212,-6" /><INIT seed="3,0,0,1,0,80" ten="248,249,297,206" oya="3" hai0="5,112,32,27,45,71,14,116,122,12,76,64,51" hai1="38,33,103,101,24,86,16,77,129,70,58,125,133" hai2="107,93,114,40,49,124,92,96,117,20,74,134,68" hai3="26,132,84,22,3,131,59,61,89,82,18,115,63"/><W106/><G115/><T127/><D116/><U56/><E70/><V73/><F117/><W113/><G113/><T90/><D122/><U2/><E38/><V36/><F114/><W100/><G132/><T130/><D112/><U111/><E2/><V10/><F124/><W46/><G131/><T110/><D110/><U99/><E129/><V57/><F68/><W91/><G3/><T94/><D76/><U44/><E133/><V67/><F134/><W39/><G106/><T43/><D127/><U35/><E125/><V48/><F36/><W104/><G104/><T123/><D5/><U72/><E72/><V41/><F107/><W9/><G100/><T37/><D37/><U97/><E111/><V135/><F135/><W66/><G9/><T119/><D123/><U7/><E7/><V126/><F10/><W128/><G128/><T25/><D119/><U121/><E121/><V105/><F105/><W6/><G6/><T75/><D75/><U60/><E35/><V54/><F93/><W11/><G11/><T29/><D27/><U88/><E33/><V4/><F4/><W79/><REACH who="3" step="1"/><G61/><REACH who="3" ten="248,249,297,196" step="2"/><T19/><D130/><U102/><E60/><V23/><F126/><W69/><G69/><T52/><D71/><U65/><E102/><V95/><F67/><W108/><G108/><T42/><D64/><U78/><E65/><V31/><F41/><AGARI ba="0,1" hai="18,22,26,39,41,46,59,63,66,79,82,84,89,91" machi="41" ten="40,7700,0" yaku="1,1,52,1,53,1" doraHai="80" doraHaiUra="15" who="3" fromWho="2" sc="248,0,249,0,297,-77,196,87" /><INIT seed="3,1,0,2,2,37" ten="248,249,220,283" oya="3" hai0="101,44,118,62,59,29,88,8,34,83,61,99,14" hai1="40,89,33,76,63,112,82,117,18,72,80,79,74" hai2="48,26,87,123,127,13,23,84,6,35,109,113,16" hai3="11,129,106,120,125,45,107,116,95,94,36,110,90"/><W135/><G116/><T96/><D118/><U22/><E33/><V41/><F123/><W43/><G120/><T130/><D130/><U78/><E112/><V1/><F1/><W115/><G115/><T20/><D34/><U98/><E117/><V17/><F113/><W131/><G125/><T24/><D44/><U53/><E78/><V28/><F127/><W7/><G135/><T9/><D101/><U52/><E63/><V58/><F109/><W92/><G90/><T25/><D25/><U70/><E70/><V10/><F58/><W100/><G110/><T4/><D9/><U73/><E73/><V31/><F31/><W133/><G133/><T105/><D105/><U81/><E40/><V57/><F57/><W91/><G91/><T56/><D56/><U122/><E122/><V55/><F55/><W32/><G32/><T111/><D111/><U42/><E42/><V65/><F65/><W19/><G19/><T30/><D30/><U51/><E51/><V69/><F69/><W49/><G49/><T50/><D50/><U134/><E134/><V71/><F71/><W2/><REACH who="3" step="1"/><G100/><REACH who="3" ten="248,249,220,273" step="2"/><T97/><D88/><U39/><E39/><V60/><F35/><W128/><AGARI ba="1,1" hai="2,7,11,36,43,45,92,94,95,106,107,128,129,131" machi="128" ten="40,12000,1" yaku="1,1,2,1,0,1,19,1,52,1,53,0" doraHai="37" doraHaiUra="46" who="3" fromWho="3" sc="248,-41,249,-41,220,-41,273,133" /><INIT seed="3,2,0,4,2,37" ten="207,208,179,406" oya="3" hai0="126,57,124,108,85,81,99,18,90,120,106,112,52" hai1="23,129,94,107,25,11,3,62,19,89,72,127,75" hai2="9,80,55,8,53,20,123,97,132,29,119,88,60" hai3="34,36,103,105,46,111,102,84,44,66,114,49,86"/><W71/><G114/><T12/><D120/><U134/><E134/><V2/><F132/><W121/><G34/><T5/><D5/><U91/><E129/><V33/><F119/><W65/><G121/><T128/><D108/><U95/><E127/><N who="0" m="48681" /><D128/><U100/><E107/><V42/><F123/><W14/><G105/><T21/><D99/><U131/><E131/><V96/><F33/><W82/><G36/><T133/><D106/><U117/><E117/><V56/><F2/><W122/><G122/><T113/><D133/><U118/><E118/><V54/><F42/><W32/><G32/><T31/><D31/><U13/><E3/><V45/><F97/><W109/><G14/><T15/><D15/><U6/><E100/><V35/><F35/><W63/><G49/><AGARI ba="2,0" hai="12,18,21,49,52,57,81,85,90,112,113" m="48681" machi="49" ten="30,2000,0" yaku="18,1,54,1" doraHai="37" who="0" fromWho="3" sc="207,26,208,0,179,0,406,-26" /><INIT seed="4,0,0,0,4,34" ten="233,208,179,380" oya="0" hai0="57,94,84,132,129,104,68,99,18,106,122,79,3" hai1="31,0,75,97,112,134,11,39,92,29,105,45,88" hai2="2,83,107,103,24,76,80,121,1,15,101,7,66" hai3="135,5,55,37,100,114,81,73,22,131,119,54,130"/><T128/><D68/><U62/><E75/><V108/><F121/><W95/><G37/><T41/><D41/><U91/><E112/><V12/><F108/><W78/><G119/><T32/><D32/><U86/><E134/><V71/><F71/><W110/><G110/><T65/><D65/><U109/><E109/><V23/><F66/><W59/><G114/><T125/><D57/><U58/><E39/><V61/><F61/><W4/><G22/><T98/><D18/><U102/><E45/><V111/><F111/><W56/><G56/><T63/><D63/><U116/><E116/><V19/><F107/><N who="0" m="41002" /><D3/><U87/><E11/><V53/><F53/><W85/><G54/><T6/><D6/><U33/><E0/><V38/><F38/><W74/><G5/><T89/><D122/><U120/><E33/><V93/><F93/><W14/><G4/><T115/><D115/><U43/><E43/><V30/><F83/><W127/><G14/><T13/><D13/><U90/><E120/><V8/><F15/><W126/><G55/><T64/><D64/><N who="1" m="38999" /><E105/><V40/><F40/><W21/><G59/><T10/><D10/><U69/><E69/><V50/><F50/><W35/><G21/><T118/><D118/><U82/><E87/><N who="2" m="48519" /><F1/><W42/><G42/><T52/><D132/><U17/><E17/><V46/><F46/><W67/><G35/><AGARI ba="0,0" hai="2,7,8,12,19,23,24,30,35,101,103" m="48519" machi="35" ten="30,2000,0" yaku="24,1,52,1" doraHai="34" who="2" fromWho="3" sc="233,0,208,0,179,20,380,-20" /><INIT seed="5,0,0,2,0,116" ten="233,208,199,360" oya="1" hai0="62,76,59,34,30,73,19,104,134,54,38,85,105" hai1="86,71,115,45,47,96,99,130,80,92,95,113,79" hai2="57,98,101,67,48,2,15,40,82,75,124,22,55" hai3="133,0,9,63,87,108,11,21,117,14,123,118,10"/><U53/><E71/><V29/><F2/><W27/><G108/><T50/><D38/><U31/><E31/><V5/><F124/><W3/><G63/><T103/><D73/><N who="1" m="43119" /><E53/><V84/><F75/><W46/><G87/><T119/><D119/><N who="3" m="45577" /><G46/><T32/><D19/><U12/><E12/><V1/><F1/><N who="3" m="587" /><G133/><T125/><D134/><U120/><E120/><V109/><F109/><W8/><G123/><T33/><D125/><U102/><E130/><V72/><F72/><W23/><G27/><T41/><D41/><U129/><E129/><V91/><F40/><W7/><AGARI ba="0,0" hai="7,8,9,10,11,14,21,23" m="587,45577" machi="7" ten="40,5200,0" yaku="12,1,34,2" doraHai="116" who="3" fromWho="3" sc="233,-13,208,-26,199,-13,360,52" /><INIT seed="6,0,0,5,4,103" ten="220,182,186,412" oya="2" hai0="119,16,97,23,93,31,100,13,40,32,37,121,14" hai1="65,57,38,88,21,109,71,3,94,80,1,77,8" hai2="107,49,48,118,114,70,105,28,120,106,127,110,91" hai3="126,17,44,122,102,0,79,95,10,135,64,125,90"/><V86/><F120/><W46/><G102/><T15/><D121/><U47/><E71/><V67/><F118/><W116/><G64/><T22/><D32/><U124/><E109/><V56/><F110/><W69/><G69/><T6/><D6/><U51/><E124/><V59/><F127/><N who="3" m="48651" /><G79/><T25/><REACH who="0" step="1"/><D119/><REACH who="0" ten="210,182,186,412" step="2"/><U99/><E3/><V7/><F114/><W111/><G0/><T33/><D33/><U85/><E1/><V129/><F129/><W117/><G122/><T66/><D66/><U30/><E65/><V123/><F123/><W73/><G116/><T84/><D84/><U87/><E87/><V89/><F7/><W104/><G73/><T101/><D101/><U76/><E85/><V60/><F28/><W75/><G75/><T68/><D68/><U133/><E30/><V54/><F86/><W2/><G2/><T63/><D63/><U72/><E72/><V81/><F81/><W74/><G74/><T112/><D112/><U130/><E80/><V83/><F83/><W20/><G117/><T19/><D19/><U52/><E77/><V50/><REACH who="2" step="1"/><F70/><REACH who="2" ten="210,182,176,412" step="2"/><W41/><G111/><T78/><D78/><U55/><E76/><V5/><F5/><W9/><G135/><T113/><D113/><U29/><E133/><V96/><F96/><W132/><G132/><T43/><D43/><U53/><E99/><V42/><F42/><W27/><G41/><T128/><D128/><U12/><E130/><V58/><F58/><W45/><G17/><T134/><D134/><U61/><E57/><V26/><F26/><W36/><G27/><T35/><D35/><RYUUKYOKU ba="0,2" sc="210,15,182,-15,176,15,412,-15" hai0="13,14,15,16,22,23,25,31,37,40,93,97,100" hai2="48,49,50,54,56,59,60,67,89,91,105,106,107" /><INIT seed="6,1,2,2,4,33" ten="225,167,191,397" oya="2" hai0="25,126,54,26,62,23,40,58,105,20,17,70,110" hai1="79,133,36,67,74,43,128,78,82,83,88,12,94" hai2="71,84,115,108,124,51,90,68,64,21,76,4,35" hai3="114,39,125,41,100,27,46,104,28,7,63,42,14"/><V117/><F117/><W135/><G41/><T34/><D110/><U113/><E133/><V120/><F120/><W111/><G111/><T118/><D105/><U59/><E128/><V121/><F121/><W80/><G135/><T73/><D73/><U99/><E113/><V45/><F108/><W101/><G104/><T57/><D34/><U109/><E109/><V98/><F35/><W91/><G63/><T9/><D70/><U16/><E67/><V123/><F115/><W107/><G107/><T47/><D126/><U81/><E59/><V134/><F124/><W129/><G125/><T85/><D9/><U48/><E36/><V75/><F134/><W122/><G122/><T52/><D85/><U72/><E82/><V132/><F123/><W119/><G14/><T2/><D2/><U31/><E31/><V30/><F132/><W95/><G80/><T13/><D23/><U87/><E87/><V65/><F71/><W97/><G7/><T15/><D25/><U61/><E61/><V44/><F68/><W86/><G119/><T89/><D89/><U38/><E38/><V32/><F32/><N who="3" m="20511" /><G129/><T19/><D19/><U66/><E66/><V56/><F65/><W6/><G6/><T96/><D96/><U112/><E112/><V106/><F4/><W22/><G22/><T60/><D118/><U3/><E3/><V5/><F64/><W103/><G114/><T49/><AGARI ba="1,2" hai="13,15,17,20,26,40,47,49,52,54,57,58,60,62" machi="49" ten="20,8000,1" yaku="0,1,7,1,9,1,8,1,54,1" doraHai="33" who="0" fromWho="0" sc="225,103,167,-21,191,-41,397,-21" /><INIT seed="7,0,0,1,3,1" ten="328,146,150,376" oya="3" hai0="12,130,116,9,35,14,127,69,98,93,30,15,43" hai1="131,26,44,56,51,122,117,50,110,17,25,22,53" hai2="24,87,96,68,52,18,85,32,63,81,34,57,11" hai3="23,77,16,2,115,91,114,20,104,66,54,79,5"/><W21/><G104/><T113/><D116/><U105/><E110/><V103/><F68/><W120/><G120/><T71/><D43/><N who="1" m="24863" /><E105/><V82/><F34/><W13/><G66/><T121/><D121/><U36/><E122/><V7/><F7/><W64/><G64/><T46/><D46/><U80/><E36/><V39/><F39/><W90/><G54/><T84/><D84/><N who="2" m="32330" /><F32/><W95/><G5/><T55/><D130/><U10/><E131/><V40/><F40/><W128/><G2/><T119/><D119/><U107/><E107/><V3/><F3/><W129/><G129/><T41/><D41/><U75/><E117/><V49/><F63/><W48/><G48/><T76/><D76/><N who="3" m="29257" /><G95/><T37/><D37/><U28/><E75/><V101/><F24/><W6/><G6/><T27/><D55/><U118/><E118/><V126/><F126/><W0/><G0/><T19/><D127/><U65/><E65/><V74/><F74/><W134/><G128/><T109/><D109/><U62/><E80/><N who="2" m="30827" /><F96/><W61/><G61/><T73/><D73/><U92/><E92/><V47/><F47/><W124/><G124/><T112/><D69/><U78/><E78/><V38/><F38/><W97/><G97/><T31/><D71/><U29/><E62/><V89/><F89/><W70/><G70/><T106/><D31/><N who="1" m="11851" /><E26/><V59/><F59/><W133/><G91/><T125/><D125/><U58/><E58/><V45/><F57/><W102/><G90/><T100/><D106/><U132/><E132/><V123/><F123/><W8/><G133/><T135/><D135/><RYUUKYOKU ba="0,0" sc="328,10,146,10,150,10,376,-30" hai0="9,12,14,15,19,27,30,35,93,98,100,112,113" hai1="10,17,22,25,51,53,56" hai2="11,18,45,49,52,101,103" owari="338,14.0,156,-34.0,160,-24.0,346,44.0" /></mjloggm>