<mjloggm ver="2.3"><GO type="169"/><UN n0="%EF%BC%88%E2%89%A7%E2%96%BD%E2%89%A6%EF%BC%89" n1="%E3%83%9E%E3%82%B8%E3%83%83%E3%82%AF%E3%83%9F%E3%83%A9%E3%83%BC" n2="%E9%B7%B9%EF%BC%93" n3="%6C%69%67%68%74%39%39" dan="16,16,18,16" rate="2106,2032,2185,2099" sx="M,M,M,M"/><TAIKYOKU oya="0"/><INIT seed="0,0,0,3,4,78" ten="250,250,250,250" oya="0" hai0="94,75,84,12,17,118,100,77,30,0,57,113,101" hai1="9,39,65,50,63,124,13,26,61,74,122,64,38" hai2="107,103,109,4,76,11,119,132,69,135,42,105,7" hai3="44,114,106,66,72,110,79,6,55,51,2,81,28"/><T131/><D0/><U120/><E74/><V87/><F69/><W34/><G110/><T25/><D118/><U85/><E124/><V15/><F109/><W68/><G114/><T5/><D113/><U104/><E104/><V123/><F123/><W126/><G126/><T96/><D131/><U98/><E98/><N who="2" m="61687" /><F42/><W116/><G116/><T23/><D75/><U92/><E26/><V111/><F111/><W21/><G106/><T62/><D5/><U29/><E29/><V86/><F107/><W129/><G129/><T95/><D95/><U19/><E50/><V60/><F119/><W3/><G34/><T20/><D100/><U8/><E92/><V46/><F46/><W97/><G97/><T82/><D57/><U80/><E19/><V24/><F24/><W43/><G6/><T133/><D133/><N who="2" m="51274" /><F76/><W49/><G28/><T10/><REACH who="0" step="1"/><D62/><REACH who="0" ten="240,250,250,250" step="2"/><U83/><REACH who="1" step="1"/><E13/><REACH who="1" ten="240,240,250,250" step="2"/><V52/><F7/><W70/><G2/><T45/><D45/><U54/><E54/><V58/><AGARI ba="0,2" hai="4,11,15,52,58,60,86,87" m="51274,61687" machi="58" ten="30,2000,0" yaku="20,1,54,1" doraHai="78" who="2" fromWho="2" sc="240,-10,240,-5,250,40,250,-5" /><INIT seed="1,0,0,4,2,39" ten="230,235,290,245" oya="1" hai0="73,96,81,92,38,11,58,22,46,55,17,93,133" hai1="45,87,6,29,0,128,61,102,104,12,66,9,99" hai2="101,107,68,69,15,62,51,14,44,75,20,78,67" hai3="49,65,129,84,19,121,32,40,112,42,5,1,71"/><U30/><E128/><V113/><F113/><W127/><G121/><T116/><D116/><U94/><E0/><V36/><F36/><W83/><G112/><T43/><D133/><U134/><E134/><V56/><F107/><W21/><G32/><T4/><D96/><U48/><E87/><V35/><F35/><W31/><G31/><T114/><D114/><U119/><E104/><V26/><F101/><W130/><G127/><T103/><D103/><U88/><E102/><V64/><F78/><W28/><G28/><T18/><D18/><U60/><E119/><V79/><F79/><W86/><G86/><T10/><D10/><U100/><E100/><V3/><F3/><W125/><G125/><T41/><D41/><N who="3" m="15977" /><G49/><T110/><D73/><U63/><REACH who="1" step="1"/><E66/><REACH who="1" ten="230,225,290,245" step="2"/><V24/><F64/><W120/><G65/><T57/><D38/><U7/><E7/><V118/><F67/><W124/><G124/><T123/><D4/><U109/><E109/><V16/><F118/><W117/><G117/><T106/><D110/><U80/><E80/><V13/><F75/><W111/><G111/><T115/><D106/><U37/><E37/><V76/><F69/><W90/><G71/><T34/><D115/><U98/><E98/><V74/><F68/><W77/><G5/><T8/><D81/><U122/><E122/><V47/><F74/><W27/><G120/><T132/><D123/><U97/><E97/><V85/><F85/><N who="3" m="48367" /><G1/><T135/><D132/><U70/><E70/><V89/><F76/><W108/><G108/><T59/><D135/><U131/><E131/><V91/><F89/><RYUUKYOKU ba="0,1" sc="230,-15,225,15,290,-15,245,15" hai1="6,9,12,29,30,45,48,60,61,63,88,94,99" hai3="19,21,27,84,90,129,130" /><INIT seed="1,1,1,0,0,3" ten="215,240,275,260" oya="1" hai0="57,37,43,106,110,5,12,45,76,64,119,48,104" hai1="108,58,105,90,44,111,49,55,61,63,135,6,2" hai2="124,35,16,95,9,39,53,96,75,28,86,18,38" hai3="114,26,94,8,66,87,24,98,115,11,97,89,101"/><U0/><E105/><V22/><F75/><W120/><G120/><T31/><D119/><U36/><E135/><V80/><F124/><W71/><G115/><T70/><D110/><N who="1" m="42027" /><E90/><V112/><F112/><W117/><G114/><T7/><D76/><U128/><E128/><V74/><F74/><W91/><G117/><T21/><D104/><U27/><E27/><N who="3" m="10282" /><G71/><T46/><D106/><U118/><E118/><V13/><F35/><W72/><G66/><T41/><D31/><U65/><E0/><V88/><F28/><W92/><G72/><T30/><D30/><U116/><E116/><V67/><F67/><W82/><AGARI ba="1,1" hai="8,11,82,87,89,91,92,94,97,98,101" m="10282" machi="82" ten="30,1100,0" yaku="8,1" doraHai="3" who="3" fromWho="3" sc="215,-4,240,-6,275,-4,260,24" /><INIT seed="2,0,0,0,5,18" ten="211,234,271,284" oya="2" hai0="24,25,30,112,119,96,10,107,130,125,104,46,33" hai1="54,97,32,68,103,4,45,122,89,58,70,65,106" hai2="21,123,117,67,12,19,134,126,71,131,3,121,14" hai3="127,8,56,86,55,40,83,111,11,113,108,50,47"/><V85/><F117/><W72/><G72/><T57/><D112/><U61/><E32/><V88/><F3/><W63/><G127/><T37/><D125/><U0/><E122/><V87/><F126/><W6/><G113/><T44/><D119/><U105/><E106/><V9/><F134/><W76/><REACH who="3" step="1"/><G11/><REACH who="3" ten="211,234,271,274" step="2"/><T31/><D10/><U120/><E120/><V95/><F131/><W36/><G36/><T102/><D130/><U74/><E74/><V116/><F116/><W20/><G20/><T77/><D37/><U82/><E0/><AGARI ba="0,1" hai="0,6,8,40,47,50,55,56,63,76,83,86,108,111" machi="0" ten="40,1300,0" yaku="1,1,53,0" doraHai="18" doraHaiUra="129" who="3" fromWho="1" sc="211,0,234,-13,271,0,274,23" /><INIT seed="3,0,0,0,0,44" ten="211,221,271,297" oya="3" hai0="94,125,60,35,105,98,21,43,5,76,133,84,78" hai1="112,1,80,102,54,122,88,12,86,52,129,24,38" hai2="116,33,10,83,106,49,96,128,41,73,66,100,75" hai3="9,72,115,42,57,111,0,58,107,4,59,26,69"/><W97/><G115/><T2/><D35/><U121/><E112/><V16/><F116/><W53/><G69/><T113/><D113/><U40/><E1/><V51/><F33/><W7/><G72/><T70/><D133/><U119/><E102/><V13/><F128/><W130/><G42/><T20/><D125/><U79/><E119/><V46/><F66/><W18/><G130/><T25/><D105/><U67/><E129/><V31/><F31/><W19/><G4/><T30/><D2/><U82/><E67/><V95/><F106/><W85/><G111/><T50/><D5/><U87/><E24/><V120/><F120/><W48/><G85/><T36/><D36/><U118/><E118/><V99/><F99/><W109/><G109/><T14/><D84/><U90/><E12/><V131/><F131/><W8/><G8/><T71/><D71/><U6/><E6/><V22/><F83/><W104/><G104/><T89/><D60/><U108/><E108/><V63/><F63/><W23/><REACH who="3" step="1"/><G18/><REACH who="3" ten="211,221,271,287" step="2"/><N who="0" m="10327" /><D70/><U77/><E40/><V110/><F110/><W103/><AGARI ba="0,1" hai="0,7,9,19,23,26,48,53,57,58,59,97,103,107" machi="103" ten="30,11700,0" yaku="1,1,0,1,52,1,53,1" doraHai="44" doraHaiUra="101" who="3" fromWho="3" sc="211,-39,221,-39,271,-39,287,127" /><INIT seed="3,1,0,4,5,3" ten="172,182,232,414" oya="3" hai0="30,49,16,84,51,29,77,75,48,34,110,121,12" hai1="71,9,23,108,93,83,13,17,19,80,61,25,33" hai2="112,32,27,59,100,6,4,0,42,45,125,116,79" hai3="109,70,10,128,20,135,91,111,37,65,106,56,46"/><W8/><G70/><T89/><D121/><U82/><E108/><N who="3" m="41546" /><G106/><T94/><D110/><U69/><E33/><V53/><F116/><W133/><G128/><T74/><D34/><U120/><E120/><V24/><F112/><W36/><G20/><T97/><D75/><U114/><E114/><V2/><F125/><W15/><G8/><T99/><D74/><U35/><E35/><V134/><F134/><N who="3" m="51211" /><G91/><T66/><D77/><U78/><E69/><V64/><F100/><W47/><G65/><T67/><D67/><U105/><E105/><V85/><F64/><W102/><G102/><T118/><D66/><U14/><E71/><V90/><F79/><W38/><G56/><T63/><D89/><U68/><E68/><V123/><F123/><W31/><G31/><T39/><D29/><U130/><E130/><V117/><F117/><W44/><G10/><N who="0" m="6167" /><D30/><U22/><E78/><V11/><F32/><W131/><G131/><T96/><D118/><U101/><E101/><V41/><F11/><W95/><G95/><T124/><D94/><U58/><E93/><N who="2" m="54479" /><F2/><W81/><G15/><T129/><D129/><U87/><E9/><V98/><F0/><W103/><G103/><T76/><D76/><N who="1" m="46471" /><E13/><V119/><F119/><W57/><G57/><T62/><D97/><U40/><E14/><V21/><F59/><W73/><G73/><T104/><D99/><U127/><E58/><V72/><F98/><W26/><G26/><N who="2" m="9769" /><F72/><W1/><G1/><T88/><D96/><U28/><E25/><V113/><F21/><W122/><G122/><T18/><D104/><U115/><E23/><RYUUKYOKU ba="1,0" sc="172,-10,182,-10,232,-10,414,30" hai3="36,37,38,44,46,47,81" /><INIT seed="3,2,0,2,5,59" ten="162,172,222,444" oya="3" hai0="117,108,87,121,134,1,128,16,62,73,129,85,8" hai1="82,42,96,110,10,5,26,86,92,12,101,115,83" hai2="35,65,18,116,13,46,131,88,19,64,7,76,133" hai3="94,60,127,25,61,11,130,54,0,132,67,89,22"/><W6/><G127/><T20/><D73/><U53/><E115/><V112/><F116/><W111/><G132/><T105/><D105/><U81/><E110/><V14/><F35/><W55/><G130/><N who="0" m="50283" /><D121/><U9/><E42/><V69/><F133/><W98/><G111/><T45/><D117/><U29/><E10/><V114/><F131/><W102/><G89/><T120/><D120/><U34/><REACH who="1" step="1"/><E53/><REACH who="1" ten="162,162,222,444" step="2"/><V47/><F112/><W2/><G54/><T125/><D134/><U52/><E52/><V71/><F114/><W17/><G55/><T57/><D108/><U118/><E118/><V56/><F71/><W43/><G43/><T32/><D125/><U124/><E124/><V126/><F69/><W99/><G67/><N who="0" m="39375" /><D45/><U44/><E44/><V15/><F126/><W93/><REACH who="3" step="1"/><G0/><REACH who="3" ten="162,162,222,434" step="2"/><T68/><D1/><U50/><E50/><V97/><F47/><W27/><G27/><T90/><D68/><U72/><E72/><V109/><F46/><W21/><G21/><T4/><D20/><U122/><E122/><V66/><F109/><W80/><G80/><T74/><D74/><U36/><E36/><V70/><F70/><W79/><G79/><AGARI ba="2,2" hai="5,9,12,26,29,34,79,81,82,83,86,92,96,101" machi="79" ten="30,3900,0" yaku="1,1,7,1,53,1" doraHai="59" doraHaiUra="3" who="1" fromWho="3" sc="162,0,162,65,222,0,434,-45" /><INIT seed="4,0,0,4,1,20" ten="162,227,222,389" oya="0" hai0="94,12,74,83,42,130,114,79,119,82,41,45,21" hai1="135,77,24,126,19,76,68,66,49,0,54,8,97" hai2="29,33,55,84,36,118,48,106,108,44,1,103,70" hai3="63,93,9,133,85,132,14,88,56,38,10,26,121"/><T124/><D119/><U23/><E126/><V15/><F108/><W105/><G38/><T31/><D124/><U120/><E120/><V6/><F36/><W112/><G105/><T109/><D109/><U17/><E135/><N who="3" m="51786" /><G112/><T89/><D114/><U62/><E97/><V110/><F110/><W101/><G101/><T122/><D122/><U81/><E81/><V102/><F70/><W113/><G113/><T91/><D130/><U100/><E100/><V39/><F39/><W32/><G121/><T3/><D3/><U107/><E107/><V40/><F118/><W25/><G32/><T13/><D82/><U134/><E134/><V90/><F1/><W125/><G125/><T60/><D60/><U127/><E127/><V30/><F40/><W28/><G28/><N who="2" m="10857" /><F33/><W115/><G115/><T46/><D41/><U7/><REACH who="1" step="1"/><E19/><REACH who="1" ten="162,217,222,389" step="2"/><V27/><F106/><W59/><G59/><AGARI ba="0,1" hai="0,7,8,17,23,24,49,54,59,62,66,68,76,77" machi="59" ten="30,7700,0" yaku="1,1,2,1,7,1,52,1,53,0" doraHai="20" doraHaiUra="131" who="1" fromWho="3" sc="162,0,217,87,222,0,389,-77" /><INIT seed="5,0,0,5,0,2" ten="162,304,222,312" oya="1" hai0="119,37,15,104,13,48,83,1,81,47,62,59,32" hai1="118,86,111,69,8,133,50,65,17,52,56,53,126" hai2="64,127,101,135,58,72,90,116,99,114,6,67,61" hai3="117,11,46,85,60,57,79,91,130,41,0,80,95"/><U134/><E118/><V113/><F116/><W16/><G130/><T51/><D119/><U10/><E126/><V122/><F122/><W96/><G117/><T12/><D104/><U9/><E111/><V54/><F72/><W110/><G110/><T7/><D32/><U49/><E86/><V43/><F43/><W27/><G0/><T74/><D37/><U109/><E109/><V124/><F135/><N who="1" m="51721" /><E69/><V120/><F90/><W88/><G79/><T3/><D3/><U132/><E65/><N who="2" m="25163" /><F6/><W35/><G35/><T14/><D74/><U24/><E132/><V34/><F34/><W4/><G4/><T30/><N who="0" m="3072" /><DORA hai="19" /><T25/><D7/><U78/><E78/><V87/><F87/><W28/><G11/><T77/><D1/><U22/><E8/><V123/><F123/><W76/><G28/><T45/><D77/><U31/><E31/><V36/><F36/><W66/><G76/><T33/><D81/><U128/><E128/><V102/><F120/><W70/><G70/><T92/><D83/><U97/><E97/><V103/><F99/><W21/><G41/><T68/><D68/><U107/><E107/><V44/><F44/><AGARI ba="0,0" hai="16,21,27,44,46,57,60,66,80,85,88,91,95,96" machi="44" ten="40,8000,1" yaku="8,1,52,1,54,2" doraHai="2,19" who="3" fromWho="2" sc="162,0,304,0,222,-80,312,80" /><AGARI ba="0,0" hai="9,10,17,22,24,44,49,50,52,53,56" m="51721" machi="44" ten="30,5800,0" yaku="20,1,52,1,54,1" doraHai="2,19" who="1" fromWho="2" sc="162,0,304,58,142,-58,392,0" /><INIT seed="5,1,0,2,3,21" ten="162,362,84,392" oya="1" hai0="18,126,52,84,85,76,123,73,86,57,124,22,2" hai1="6,82,130,89,59,64,38,9,28,70,67,10,31" hai2="99,96,39,72,65,58,26,16,117,66,133,12,17" hai3="51,50,0,94,49,79,11,103,108,46,48,115,112"/><U4/><E38/><V54/><F39/><W101/><G108/><T114/><D2/><U40/><E40/><V113/><F117/><W109/><G109/><T44/><D44/><U100/><E100/><V62/><F72/><W135/><G79/><T107/><D107/><U127/><E70/><V98/><F133/><W104/><G104/><T87/><D123/><U42/><E42/><V128/><F128/><W105/><G105/><T121/><D121/><U30/><E130/><V120/><F120/><W63/><G135/><T29/><D29/><U71/><E71/><V19/><F113/><N who="3" m="43595" /><G63/><T1/><D1/><U3/><E59/><V15/><REACH who="2" step="1"/><F26/><REACH who="2" ten="162,362,74,392" step="2"/><W7/><G94/><T106/><D114/><U13/><E127/><N who="0" m="48681" /><D106/><U110/><E110/><V33/><F33/><W27/><G27/><N who="0" m="14807" /><D73/><U69/><E31/><V53/><F53/><AGARI ba="1,1" hai="0,7,11,46,48,49,50,51,53,101,103" m="43595" machi="53" ten="30,1000,0" yaku="15,1" doraHai="21" who="3" fromWho="2" sc="162,0,362,0,74,-13,392,23" /><INIT seed="6,0,0,4,5,112" ten="162,362,61,415" oya="2" hai0="131,41,32,67,115,103,125,70,93,65,57,96,5" hai1="100,95,59,11,49,34,7,42,20,80,79,102,73" hai2="33,105,134,118,113,107,86,39,119,27,31,52,55" hai3="133,89,37,132,60,128,22,97,10,64,50,111,71"/><V36/><F86/><W3/><G111/><T63/><D32/><U126/><E34/><V16/><F113/><W88/><G37/><T114/><D125/><U108/><E126/><V87/><F87/><W44/><G128/><T26/><D131/><U106/><E108/><V24/><F134/><N who="3" m="51819" /><G22/><T0/><D41/><U51/><E106/><V45/><F16/><W135/><G135/><T72/><D72/><U23/><E51/><V14/><F14/><W4/><G97/><T53/><D26/><U47/><E59/><V58/><F58/><W48/><G50/><T91/><D91/><U116/><E116/><V18/><F18/><W98/><G98/><T109/><D109/><U6/><E6/><V68/><F68/><W76/><G76/><T84/><D84/><N who="1" m="48159" /><E95/><V127/><F127/><W123/><G123/><T62/><D53/><AGARI ba="0,0" hai="3,4,10,44,48,53,60,64,71,88,89" m="51819" machi="53" ten="30,2000,0" yaku="20,1,54,1" doraHai="112" who="3" fromWho="0" sc="162,-20,362,0,61,0,415,20" /><INIT seed="7,0,0,5,0,87" ten="142,362,61,435" oya="3" hai0="95,58,101,76,41,19,33,113,56,46,63,51,43" hai1="12,13,7,6,68,29,39,81,38,52,44,90,16" hai2="132,125,97,111,74,108,23,104,32,27,91,40,59" hai3="114,75,131,45,21,57,102,20,86,129,50,99,14"/><W37/><G75/><T25/><D113/><U2/><E68/><V93/><F32/><W8/><G37/><T24/><D76/><U78/><E29/><V28/><F132/><W112/><G57/><T47/><D33/><U115/><E115/><N who="3" m="44074" /><G86/><T55/><D19/><U3/><E3/><V123/><F125/><W30/><G30/><T1/><D1/><U82/><E2/><V31/><F123/><W64/><G64/><T79/><D79/><U35/><E35/><V67/><F74/><W15/><G21/><T98/><D56/><U133/><E133/><V72/><F72/><W116/><G20/><T94/><D94/><U5/><E39/><AGARI ba="0,0" hai="24,25,39,41,43,46,47,51,55,58,63,95,98,101" machi="39" ten="30,1000,0" yaku="7,1" doraHai="87" who="0" fromWho="1" sc="142,10,362,-10,61,0,435,0" owari="152,-25.0,352,15.0,61,-44.0,435,54.0" /></mjloggm>