<mjloggm ver="2.3"><GO type="41"/><UN n0="%E3%82%A6%E3%83%AB%E3%83%88%E3%83%A9%E7%AB%8B%E7%9B%B4" n1="%E3%82%B1%E3%82%BA" n2="%62%6F%6E%73%69%72" n3="%E3%81%88%E3%81%99%E3%81%BA%E3%82%89%E3%82%93%E3%81%95%EF%BD%9E" dan="15,14,13,15" rate="2000,2052,2039,2001" sx="M,M,M,F"/><TAIKYOKU oya="0"/><INIT seed="0,0,0,1,3,10" ten="250,250,250,250" oya="0" hai0="78,90,18,87,57,80,124,72,51,26,40,111,133" hai1="74,86,97,70,19,36,100,17,31,119,110,99,62" hai2="59,30,23,64,48,103,6,35,16,4,14,58,47" hai3="21,46,25,55,132,44,27,123,5,128,107,66,45"/><T118/><D118/><U54/><E74/><V76/><F35/><W81/><G107/><T130/><D124/><U108/><E36/><V20/><F103/><W32/><G128/><T34/><D130/><U116/><E31/><V12/><F76/><W91/><G132/><T101/><D133/><U8/><E86/><V120/><F120/><W65/><G66/><T92/><D111/><N who="1" m="42539" /><E99/><V105/><F105/><W129/><G65/><T15/><D101/><U9/><E9/><V61/><F58/><W22/><G129/><T69/><D69/><U125/><E125/><V28/><F28/><W71/><G32/><T88/><D34/><U98/><E98/><V1/><F1/><W94/><G71/><T49/><D26/><N who="3" m="9737" /><G81/><T117/><D117/><U85/><E85/><V77/><F77/><W0/><G0/><T104/><D104/><N who="1" m="63503" /><E70/><V109/><F109/><W63/><G5/><N who="2" m="2153" /><F30/><W3/><G3/><T43/><D90/><U60/><E60/><V41/><F23/><N who="3" m="8715" /><G63/><T95/><D72/><U89/><E89/><V115/><F115/><W134/><G134/><T114/><D114/><U39/><E39/><V83/><F83/><W37/><G37/><T75/><D75/><U7/><E119/><V79/><F79/><W131/><G131/><T96/><D92/><U112/><E116/><V56/><F56/><W93/><G123/><T82/><D82/><U52/><E112/><V122/><F122/><W102/><G94/><T33/><D33/><U127/><E127/><V53/><F64/><W11/><G102/><T50/><D57/><N who="1" m="35111" /><E54/><V135/><F135/><W73/><G73/><RYUUKYOKU ba="0,0" sc="250,10,250,10,250,10,250,-30" hai0="15,18,40,43,49,50,51,78,80,87,88,95,96" hai1="7,8,17,19" hai2="12,14,16,20,41,47,48,53,59,61" /><INIT seed="0,1,0,4,3,13" ten="260,260,260,220" oya="0" hai0="115,66,77,129,83,10,65,72,33,25,104,102,111" hai1="85,79,101,127,126,80,62,94,73,9,20,1,105" hai2="55,128,41,132,118,51,30,43,46,56,18,70,4" hai3="23,81,78,124,19,114,61,39,121,26,109,98,116"/><T12/><D115/><U2/><E105/><V31/><F132/><W52/><G116/><T95/><D104/><U8/><E62/><V133/><F133/><W100/><G109/><T5/><D111/><U27/><E2/><V88/><F128/><W29/><G124/><N who="1" m="47658" /><E1/><V106/><F118/><W119/><G119/><T69/><D129/><U108/><E108/><V50/><F70/><W125/><G114/><T74/><D74/><U36/><E36/><V6/><F106/><W42/><G39/><T122/><D122/><U58/><E58/><V48/><F41/><W44/><G42/><T131/><D131/><U68/><E68/><V84/><F48/><W67/><G121/><T45/><D45/><U47/><E47/><V93/><REACH who="2" step="1"/><F18/><REACH who="2" ten="260,260,250,220" step="2"/><N who="3" m="12663" /><G125/><T22/><D69/><U76/><E73/><V53/><F53/><W110/><G110/><T40/><D40/><U28/><E28/><AGARI ba="1,1" hai="4,6,28,30,31,43,46,50,51,55,56,84,88,93" machi="28" ten="40,8000,1" yaku="1,1,8,1,54,1,53,2" doraHai="13" doraHaiUra="0" who="2" fromWho="1" sc="260,0,260,-83,250,93,220,0" /><INIT seed="1,0,0,4,5,32" ten="260,177,343,220" oya="1" hai0="37,121,89,43,35,29,25,36,56,81,61,19,30" hai1="26,126,83,58,125,27,96,31,44,99,95,106,98" hai2="117,71,93,28,67,79,21,4,62,103,105,50,97" hai3="5,91,40,102,0,123,77,109,82,3,10,100,9"/><U88/><E83/><V74/><F117/><W42/><G123/><T6/><D121/><U130/><E130/><V90/><F4/><W122/><G122/><T132/><D132/><U116/><E116/><V76/><F50/><W92/><G109/><T14/><D43/><U39/><E27/><V16/><F28/><W60/><G60/><T94/><D81/><U46/><E58/><V13/><REACH who="2" step="1"/><F74/><REACH who="2" ten="260,177,333,220" step="2"/><W17/><G17/><T64/><D29/><U101/><E39/><V23/><F23/><W72/><G9/><T54/><D6/><U8/><E8/><V129/><F129/><W51/><G51/><T85/><D37/><U2/><E2/><V119/><F119/><W45/><G3/><T11/><D36/><U49/><E99/><AGARI ba="0,1" hai="13,16,21,62,67,71,76,79,90,93,97,99,103,105" machi="99" ten="30,7700,0" yaku="1,1,7,1,54,1,53,1" doraHai="32" doraHaiUra="87" who="2" fromWho="1" sc="260,0,177,-77,333,87,220,0" /><INIT seed="2,0,0,4,5,49" ten="260,100,420,220" oya="2" hai0="101,91,48,0,86,52,24,69,89,73,62,92,124" hai1="26,30,131,119,134,7,17,16,8,1,82,11,18" hai2="31,75,115,55,2,9,44,32,14,60,87,50,132" hai3="130,118,125,53,90,102,122,37,95,45,70,128,29"/><V100/><F132/><W25/><G122/><T40/><D73/><U126/><E82/><V12/><F115/><W22/><G118/><T51/><D0/><U54/><E119/><V57/><F75/><W27/><G70/><T85/><D101/><U108/><E134/><V6/><F32/><W76/><G76/><T129/><D129/><N who="3" m="49769" /><G102/><T109/><D109/><U74/><E74/><V83/><F31/><W104/><G104/><T72/><D72/><U10/><E131/><V56/><F56/><W114/><G114/><T113/><D113/><U110/><E54/><V88/><REACH who="2" step="1"/><F100/><REACH who="2" ten="260,100,410,220" step="2"/><W120/><G120/><T43/><D69/><U68/><E68/><V123/><F123/><W33/><G33/><T34/><D34/><N who="1" m="20823" /><E126/><V36/><F36/><W59/><G37/><T4/><D124/><U112/><E112/><V19/><F19/><W106/><G125/><T71/><D71/><U20/><E20/><V84/><F84/><W127/><G127/><T66/><D4/><N who="1" m="1039" /><E10/><V77/><F77/><W67/><G59/><T103/><D103/><U117/><E117/><V3/><F3/><AGARI ba="0,1" hai="3,7,11,16,17,18,108,110" m="1039,20823" machi="3" ten="30,3900,0" yaku="34,2,54,1" doraHai="49" who="1" fromWho="2" sc="260,0,100,49,410,-39,220,0" /><INIT seed="3,0,0,4,1,3" ten="260,149,371,220" oya="3" hai0="124,49,78,17,50,24,92,76,69,1,35,122,106" hai1="97,75,4,105,58,29,96,62,52,34,100,6,123" hai2="8,41,65,36,46,55,121,64,93,0,44,60,134" hai3="84,37,111,102,91,54,27,99,59,95,108,126,19"/><W21/><G37/><T94/><D24/><U77/><E123/><V14/><F0/><W118/><G126/><T129/><D1/><U11/><E11/><V131/><F134/><W81/><REACH who="3" step="1"/><G118/><REACH who="3" ten="260,149,371,210" step="2"/><T25/><D124/><U79/><E97/><V74/><F131/><W115/><G115/><T71/><D129/><U5/><REACH who="1" step="1"/><E75/><REACH who="1" ten="260,139,371,210" step="2"/><V51/><F74/><W120/><G120/><T12/><D122/><U43/><E43/><V56/><F121/><W114/><G114/><T39/><D39/><U128/><E128/><V18/><REACH who="2" step="1"/><F93/><REACH who="2" ten="260,139,361,210" step="2"/><W33/><G33/><T104/><D35/><U9/><E9/><V85/><F85/><W87/><G87/><T80/><D92/><U45/><E45/><V103/><F103/><W107/><G107/><T53/><D94/><U70/><E70/><V125/><F125/><W86/><G86/><T116/><D104/><U133/><E133/><V28/><F28/><W101/><G101/><T63/><D106/><U132/><E132/><V73/><F73/><W7/><G7/><T98/><D71/><U42/><E42/><AGARI ba="0,3" hai="8,14,18,36,41,42,44,46,51,55,56,60,64,65" machi="42" ten="30,3900,0" yaku="1,1,7,1,53,1" doraHai="3" doraHaiUra="10" who="2" fromWho="1" sc="260,0,139,-39,361,69,210,0" /><INIT seed="4,0,0,1,4,88" ten="260,100,430,210" oya="0" hai0="90,129,80,10,72,86,112,29,73,66,45,92,4" hai1="94,127,65,48,13,98,93,20,95,67,58,40,134" hai2="120,122,36,91,24,1,63,49,123,61,31,2,130" hai3="75,117,37,103,124,0,54,102,89,52,17,57,71"/><T43/><D129/><U23/><E134/><V9/><F130/><W128/><G117/><T6/><D112/><U12/><E127/><V99/><F36/><W116/><G124/><T56/><D29/><U7/><E98/><V76/><F76/><W18/><G116/><T50/><D6/><U42/><E58/><V78/><F78/><W85/><G37/><T3/><D66/><N who="1" m="25099" /><E48/><V104/><F49/><W27/><G0/><T59/><D59/><U110/><E110/><V111/><F111/><W87/><G75/><T126/><D126/><U38/><E38/><V97/><F97/><W125/><G128/><T26/><D56/><U101/><E101/><V14/><F2/><W132/><G125/><T15/><D3/><U28/><E7/><V21/><F1/><W53/><G132/><T77/><D26/><N who="1" m="16455" /><E23/><V51/><F51/><W39/><G39/><T68/><D68/><U74/><E74/><V118/><F118/><W35/><G35/><T47/><D47/><U115/><E115/><V135/><F135/><W32/><G32/><T16/><D16/><N who="3" m="6249" /><G71/><T60/><D60/><U62/><E62/><V5/><REACH who="2" step="1"/><F104/><REACH who="2" ten="260,100,420,210" step="2"/><W83/><G57/><T108/><D108/><U69/><E69/><V34/><F34/><W25/><G25/><T64/><D64/><U82/><E82/><V22/><F22/><W106/><G27/><T84/><AGARI ba="0,1" hai="4,10,15,43,45,50,72,73,77,80,84,86,90,92" machi="84" ten="20,12000,1" yaku="0,1,7,1,25,2,52,1" doraHai="88" who="0" fromWho="0" sc="260,130,100,-40,420,-40,210,-40" /><INIT seed="4,1,0,3,1,1" ten="390,60,380,170" oya="0" hai0="116,65,76,118,30,2,98,78,57,109,112,50,84" hai1="80,91,35,119,23,90,77,55,95,106,97,16,82" hai2="12,11,54,68,96,71,64,60,36,103,3,45,5" hai3="40,6,99,129,53,131,93,14,33,32,69,15,113"/><T27/><D78/><U85/><E35/><V130/><F130/><N who="3" m="49675" /><G69/><T47/><D109/><U25/><E119/><V115/><F115/><W117/><G117/><T88/><D112/><U8/><E106/><V66/><F66/><W44/><G113/><T127/><D127/><U51/><E8/><V125/><F125/><W128/><G53/><T134/><D134/><U83/><REACH who="1" step="1"/><E77/><REACH who="1" ten="390,50,380,170" step="2"/><V104/><F71/><W92/><G128/><T63/><D116/><U21/><E21/><V61/><F61/><W43/><G33/><T70/><D118/><U111/><E111/><V9/><F9/><W13/><G32/><T74/><D76/><U87/><E87/><V52/><REACH who="2" step="1"/><F3/><REACH who="2" ten="390,50,370,170" step="2"/><W100/><G99/><T31/><D98/><U38/><E38/><V105/><F105/><W59/><G100/><T135/><D2/><U37/><E37/><V7/><F7/><W28/><G6/><T72/><D135/><U121/><E121/><V120/><F120/><W10/><G10/><T132/><D132/><U4/><E4/><V0/><F0/><W56/><G14/><T17/><D72/><U41/><E41/><AGARI ba="1,2" hai="5,11,12,36,41,45,52,54,60,64,68,96,103,104" machi="41" ten="40,8000,1" yaku="1,1,52,1,54,1,53,1" doraHai="1" doraHaiUra="101" who="2" fromWho="1" sc="390,0,50,-83,370,103,170,0" owari="390,19.0,-33,-53.0,473,57.0,170,-23.0" /></mjloggm>