<mjloggm ver="2.3"><GO type="169" lobby="0"/><UN n0="%68%61%67%69%31%30%32%39" n1="%61%6D%61%6A%69%73%68%69" n2="%EF%BC%BC%28%EF%BC%BE%6F%EF%BC%BE%29%EF%BC%8F%E2%98%85" n3="%EF%BC%88%E2%89%A7%E2%96%BD%E2%89%A6%EF%BC%89" dan="16,16,17,17" rate="2003.07,2144.79,2142.24,2158.23" sx="M,M,M,M"/><TAIKYOKU oya="0"/><INIT seed="0,0,0,3,5,104" ten="250,250,250,250" oya="0" hai0="87,100,77,109,65,128,78,15,102,135,91,130,24" hai1="89,20,108,35,36,124,83,103,2,126,113,28,63" hai2="31,117,30,97,121,53,54,115,71,3,118,14,25" hai3="45,112,48,33,74,55,38,90,5,62,26,134,94"/><T56/><D56/><U23/><BYE who="0" /><E36/><UN n0="%68%61%67%69%31%30%32%39" /><V7/><F121/><W37/><G112/><T47/><D65/><U114/><E2/><V122/><F122/><W17/><G134/><T110/><D24/><N who="1" m="18823" /><E103/><N who="0" m="39465" /><D15/><U44/><E63/><V10/><F71/><W64/><G74/><T111/><D135/><U98/><E44/><V95/><F115/><N who="1" m="44041" /><E108/><V58/><F3/><W75/><G5/><T51/><D51/><U96/><E83/><V76/><F31/><W52/><G55/><T132/><D47/><U61/><E61/><V82/><F54/><W93/><G33/><T32/><D32/><U34/><E34/><V22/><F53/><W13/><G26/><T50/><D50/><U4/><E4/><V125/><F58/><N who="3" m="36951" /><G38/><T107/><D107/><U59/><E59/><V18/><F7/><W42/><G37/><T0/><D0/><U133/><E133/><V92/><F25/><W123/><G123/><T79/><D132/><U12/><E89/><V8/><F118/><W72/><G42/><T70/><D70/><U41/><E41/><V46/><F117/><W116/><G116/><T119/><D119/><U99/><E12/><V29/><F14/><W27/><G27/><T9/><D9/><U86/><E86/><V57/><F10/><N who="3" m="6327" /><G90/><T105/><D105/><U6/><E6/><V21/><F8/><W60/><G60/><T40/><D40/><U16/><E23/><N who="2" m="8715" /><F30/><W101/><G101/><T120/><D120/><U11/><E20/><V49/><F29/><W68/><G68/><T85/><D91/><U106/><E106/><V88/><F88/><W129/><G129/><AGARI ba="0,0" hai="77,78,79,85,87,109,110,111,128,129,130" m="39465" machi="129" ten="40,24000,3" yaku="6,1,28,2,14,1,10,1,19,1,34,2" doraHai="104" who="0" fromWho="3" sc="250,240,250,0,250,0,250,-240" /><INIT seed="0,1,0,1,0,16" ten="490,250,250,10" oya="0" hai0="114,131,115,39,80,15,103,27,93,23,68,51,77" hai1="10,54,58,46,97,69,40,111,48,43,11,135,121" hai2="98,2,29,33,20,112,61,109,132,89,82,90,67" hai3="65,28,106,12,6,49,119,8,42,130,13,129,14"/><T35/><D39/><U59/><E121/><V7/><F33/><W4/><G119/><T57/><D68/><U60/><E111/><V24/><F109/><W32/><G106/><T53/><D131/><N who="3" m="50185" /><G65/><T19/><D35/><U79/><E79/><V66/><F112/><W37/><G37/><T36/><D36/><U99/><E135/><V47/><F132/><W3/><G49/><T118/><D118/><U102/><E69/><V120/><F120/><W34/><G42/><T45/><D27/><U26/><E26/><V38/><F67/><W25/><G6/><T94/><D45/><U62/><E58/><V55/><F7/><W70/><G70/><T75/><REACH who="0" step="1"/><D103/><REACH who="0" ten="480,250,250,10" step="2"/><U31/><E102/><V50/><F38/><W72/><G72/><T84/><D84/><U21/><E46/><V44/><F44/><W86/><G86/><T64/><D64/><U85/><E85/><V91/><F66/><W56/><G56/><T127/><D127/><U0/><E59/><V88/><F47/><W41/><G41/><T18/><D18/><U83/><E54/><V105/><F55/><W63/><G63/><T17/><D17/><U1/><E31/><V110/><F61/><W52/><G52/><T101/><D101/><U117/><E117/><V81/><F110/><W78/><G78/><T133/><D133/><U124/><E124/><V96/><F50/><W123/><G123/><T134/><D134/><U73/><E48/><V107/><F91/><W100/><G100/><T108/><D108/><U128/><E73/><V76/><F76/><W5/><G5/><T125/><D125/><RYUUKYOKU ba="1,1" sc="480,15,250,-15,250,-15,10,15" hai0="15,19,23,51,53,57,75,77,80,93,94,114,115" hai3="3,4,8,12,13,14,25,28,32,34" /><INIT seed="0,2,1,4,0,108" ten="495,235,235,25" oya="0" hai0="130,61,42,20,9,104,47,96,53,114,46,64,132" hai1="105,18,52,58,78,33,87,112,38,12,55,23,32" hai2="66,100,125,118,82,129,51,16,119,41,35,57,135" hai3="127,34,10,62,83,75,85,90,2,14,56,7,107"/><T121/><D121/><U71/><E71/><V122/><F122/><W31/><G127/><T117/><D9/><U48/><E105/><V79/><F125/><W94/><G107/><T37/><D20/><U1/><E1/><V134/><F35/><W76/><G31/><T109/><D96/><U120/><E38/><V70/><F100/><W80/><G34/><T73/><D73/><U15/><E112/><V81/><F70/><W40/><G40/><T72/><D72/><U67/><E67/><V69/><F69/><W25/><G25/><T3/><D132/><N who="2" m="50730" /><F129/><W99/><G2/><T5/><D114/><U92/><E120/><V126/><F126/><W111/><G111/><T29/><D29/><U43/><E43/><V68/><F68/><W93/><REACH who="3" step="1"/><G99/><REACH who="3" ten="495,235,235,15" step="2"/><T22/><D104/><U74/><E33/><V88/><F41/><W110/><G110/><T116/><D109/><U4/><E32/><V91/><F119/><W86/><G86/><T50/><D117/><U30/><E74/><V19/><F118/><W26/><G26/><T36/><D116/><U103/><E30/><V65/><F65/><AGARI ba="2,2" hai="7,10,14,56,62,65,75,76,80,83,85,90,93,94" machi="65" ten="30,3900,0" yaku="1,1,7,1,53,1" doraHai="108" doraHaiUra="60" who="3" fromWho="2" sc="495,0,235,0,235,-45,15,65" /><INIT seed="1,0,0,2,5,6" ten="495,235,190,80" oya="1" hai0="47,20,56,67,71,81,125,98,4,54,108,82,119" hai1="46,90,130,36,80,66,74,58,114,76,27,77,11" hai2="124,83,97,131,99,133,89,73,33,41,22,128,7" hai3="134,123,8,60,100,0,103,113,17,121,39,48,18"/><U69/><E114/><V51/><F33/><W116/><G113/><T109/><D119/><U68/><E130/><V42/><F133/><W112/><G39/><T53/><D125/><U127/><E76/><V61/><F124/><W2/><G112/><T102/><D47/><U118/><E118/><V45/><F42/><W117/><G48/><N who="0" m="30759" /><D54/><U86/><E27/><V75/><F61/><W91/><G91/><T135/><D4/><U94/><E127/><V30/><F7/><W50/><G50/><T72/><D20/><U29/><E29/><V49/><F51/><W3/><G3/><T120/><D72/><U95/><E58/><V63/><F63/><W14/><G60/><N who="0" m="40423" /><D135/><U129/><E66/><V37/><F49/><W132/><REACH who="3" step="1"/><G14/><REACH who="3" ten="495,235,190,70" step="2"/><T25/><D109/><U115/><E129/><V38/><F38/><W78/><G78/><T64/><D108/><U43/><E115/><V12/><F12/><W44/><G44/><T92/><D120/><U10/><REACH who="1" step="1"/><E95/><REACH who="1" ten="495,225,190,70" step="2"/><V96/><F131/><W40/><G40/><T5/><D92/><U88/><E88/><V23/><F128/><W1/><G1/><T24/><D102/><U122/><E122/><V32/><F89/><W85/><G85/><T101/><D101/><U126/><E126/><V104/><F75/><W62/><G62/><T15/><D98/><U57/><E57/><V55/><F73/><W28/><G28/><T110/><D110/><U13/><E13/><V107/><F97/><W34/><G34/><T16/><D15/><U70/><AGARI ba="0,2" hai="10,11,36,43,46,68,69,70,74,77,80,86,90,94" machi="70" ten="30,11700,0" yaku="1,1,0,1,52,2,53,0" doraHai="6" doraHaiUra="19" who="1" fromWho="1" sc="495,-39,225,137,190,-39,70,-39" /><INIT seed="1,1,0,3,5,59" ten="456,362,151,31" oya="1" hai0="46,123,78,114,11,82,107,37,75,42,15,54,35" hai1="45,44,23,81,24,52,13,85,105,102,9,87,117" hai2="2,131,84,16,48,79,93,128,70,25,38,122,32" hai3="116,92,119,104,60,115,97,33,1,56,62,103,111"/><U50/><E117/><N who="3" m="45130" /><G115/><T65/><D35/><U66/><E105/><V77/><F38/><W94/><G111/><T90/><D107/><U83/><E102/><V125/><F122/><W4/><G33/><T49/><D114/><U106/><E106/><V14/><F2/><W132/><G132/><T118/><D118/><U12/><E66/><V74/><F70/><W88/><G56/><T47/><D65/><U27/><E23/><V5/><F125/><W121/><G121/><T109/><D123/><U100/><E100/><V113/><F5/><W134/><G134/><T126/><D109/><U17/><E13/><V55/><F113/><W29/><G29/><T64/><D64/><U108/><E44/><V99/><F74/><W98/><G104/><T71/><D71/><U67/><E67/><V41/><F32/><W72/><G72/><T22/><D22/><U130/><E130/><V57/><F131/><W73/><G73/><T61/><D75/><U51/><E51/><V127/><F128/><W20/><G20/><T0/><D49/><U34/><E34/><V7/><F127/><W53/><G53/><T124/><D47/><U19/><E19/><V69/><F69/><W26/><G26/><T86/><D46/><U21/><E21/><N who="2" m="11415" /><F25/><W129/><G129/><T101/><D126/><U96/><E108/><V10/><F41/><W133/><G133/><T30/><D42/><U8/><E8/><AGARI ba="1,0" hai="1,4,8,60,62,88,92,94,97,98,103" m="45130" machi="8" ten="30,7700,0" yaku="12,1,52,2,54,1" doraHai="59" who="3" fromWho="1" sc="456,0,362,-80,151,0,31,80" /><INIT seed="2,0,0,0,3,109" ten="456,282,151,111" oya="2" hai0="53,121,111,114,34,77,66,51,57,40,27,5,119" hai1="25,4,46,9,126,103,84,87,73,76,58,21,80" hai2="17,44,45,133,85,125,65,107,14,105,106,11,56" hai3="122,132,118,134,89,15,128,69,102,115,16,35,52"/><V64/><F133/><N who="3" m="51307" /><G122/><T62/><D77/><U23/><E103/><V70/><F125/><W12/><G118/><T90/><D5/><U95/><E126/><V50/><F70/><W59/><G35/><T41/><D90/><U18/><E58/><V131/><F131/><W0/><G0/><T79/><D79/><U98/><E46/><V22/><F45/><W129/><G69/><T36/><D27/><U47/><E47/><V74/><F74/><W116/><G102/><T49/><D34/><U30/><E98/><V112/><F112/><W26/><G116/><T3/><D114/><U19/><E95/><V81/><F56/><W97/><G115/><T124/><D3/><U55/><E55/><V61/><F22/><N who="3" m="13639" /><G89/><T123/><D124/><U39/><E30/><V38/><F61/><N who="3" m="36071" /><G97/><T120/><D119/><U31/><E31/><V2/><F2/><W20/><G20/><T7/><D123/><U88/><E88/><V13/><F13/><AGARI ba="0,0" hai="12,13,15,128,129" m="36071,13639,51307" machi="13" ten="30,3900,0" yaku="20,1,54,2" doraHai="109" who="3" fromWho="2" sc="456,0,282,0,151,-39,111,39" /><INIT seed="3,0,0,2,0,111" ten="456,282,112,150" oya="3" hai0="48,46,130,124,21,101,103,77,76,78,91,71,9" hai1="79,86,67,116,120,84,14,51,3,57,7,36,17" hai2="105,19,11,97,87,106,114,70,66,95,129,38,1" hai3="12,29,73,104,30,81,35,53,107,135,123,10,16"/><W39/><G123/><T2/><D71/><U96/><E120/><V89/><F38/><W90/><G39/><T28/><D130/><U42/><E36/><V0/><F129/><W32/><G135/><T83/><D124/><U44/><E116/><V117/><F117/><W40/><G40/><N who="0" m="24647" /><D9/><U6/><E3/><V37/><F37/><W27/><G53/><T99/><D2/><U45/><E45/><V109/><F109/><W49/><G49/><T125/><D125/><U82/><E96/><V102/><F106/><W126/><G126/><T59/><D59/><U20/><E86/><V134/><F134/><W121/><G121/><T92/><D83/><U74/><E74/><V122/><F122/><W58/><G58/><T88/><D91/><U108/><E108/><V72/><F72/><W113/><G90/><T94/><D94/><U56/><E56/><V23/><F11/><W132/><G132/><T128/><D128/><U80/><E80/><V34/><F34/><W26/><G104/><T133/><D133/><U31/><E31/><V75/><F75/><W22/><G107/><T4/><D4/><U13/><E57/><V131/><F131/><W61/><G61/><T47/><D47/><U127/><E127/><V62/><REACH who="2" step="1"/><F114/><REACH who="2" ten="456,282,102,150" step="2"/><W85/><G113/><T15/><D103/><U24/><E7/><V8/><F8/><W54/><G73/><T69/><D101/><U43/><E6/><V98/><F98/><W50/><G10/><T118/><D99/><U64/><E84/><V33/><F33/><W110/><G110/><T115/><D118/><U112/><E112/><RYUUKYOKU ba="0,1" sc="456,-10,282,-10,102,30,150,-10" hai2="0,1,19,23,62,66,70,87,89,95,97,102,105" /><INIT seed="4,1,1,2,3,25" ten="446,272,132,140" oya="0" hai0="96,53,51,47,11,54,84,41,124,36,19,127,8" hai1="92,118,13,55,71,98,27,30,131,135,7,44,106" hai2="79,82,39,12,63,80,70,97,73,22,111,18,57" hai3="15,21,59,16,132,56,107,17,69,38,134,33,60"/><T109/><D109/><U26/><E71/><V35/><F111/><W104/><G38/><T45/><D96/><U133/><E106/><V100/><F39/><W81/><G33/><T120/><D120/><U5/><E118/><V66/><F35/><W46/><G46/><T20/><D84/><U94/><E131/><V9/><F82/><W58/><G81/><T101/><D101/><U3/><E3/><V93/><REACH who="2" step="1"/><F22/><REACH who="2" ten="446,272,122,140" step="2"/><N who="3" m="11551" /><G60/><T116/><D116/><U89/><E133/><N who="3" m="51306" /><G69/><AGARI ba="1,2" hai="9,12,18,57,63,66,69,70,73,79,80,93,97,100" machi="69" ten="40,1300,0" yaku="1,1,53,0" doraHai="25" doraHaiUra="129" who="2" fromWho="3" sc="446,0,272,0,122,36,140,-16" /><INIT seed="5,0,0,5,1,87" ten="446,272,158,124" oya="1" hai0="117,115,45,119,58,17,33,23,37,0,88,65,9" hai1="67,78,80,25,82,92,111,75,91,24,131,8,76" hai2="133,49,99,103,3,113,42,28,10,129,43,90,124" hai3="36,104,60,2,93,85,64,14,46,35,135,108,27"/><U71/><E111/><V128/><F133/><W122/><G122/><T127/><D33/><U57/><E71/><V105/><F124/><W73/><G108/><T126/><D115/><U4/><E131/><V70/><F70/><N who="3" m="42247" /><G14/><N who="0" m="9655" /><D0/><U134/><E134/><V7/><F113/><W44/><G135/><T101/><D101/><U22/><E67/><V132/><F132/><W86/><G86/><T89/><D9/><U47/><E57/><V31/><F42/><N who="3" m="22599" /><G85/><T50/><D37/><U109/><E109/><V100/><F100/><W125/><G93/><T121/><D121/><U12/><E22/><V72/><F72/><W63/><G125/><T29/><D127/><U94/><E94/><V68/><F68/><W20/><G20/><T34/><D34/><U118/><E118/><V77/><F77/><W56/><G2/><T97/><D126/><U114/><E114/><V79/><F79/><W19/><G46/><T18/><D45/><U51/><E80/><V120/><F120/><W32/><G104/><T53/><D119/><U62/><E78/><V5/><F3/><W13/><G73/><T110/><D110/><U16/><E82/><V21/><F105/><W112/><G112/><T106/><D106/><U11/><E76/><V130/><F130/><W102/><G102/><T38/><D117/><U66/><E75/><V59/><F103/><W30/><G35/><T83/><D83/><U116/><E116/><V84/><F129/><W26/><G26/><T123/><D123/><U52/><E24/><V74/><F74/><W98/><G98/><T6/><D97/><U1/><E25/><RYUUKYOKU ba="0,0" sc="446,0,272,0,158,0,124,0" /><INIT seed="6,1,0,5,2,22" ten="446,272,158,124" oya="2" hai0="46,19,42,118,3,50,18,27,49,123,98,131,117" hai1="43,110,97,92,16,128,100,14,127,47,2,87,112" hai2="113,6,39,66,90,82,84,62,30,24,105,124,130" hai3="77,78,36,99,119,34,102,106,7,26,93,59,45"/><V44/><F124/><W11/><G119/><N who="0" m="45579" /><D3/><U79/><E112/><V55/><F113/><W63/><G106/><T107/><D131/><U9/><E127/><V111/><F130/><W81/><G36/><N who="0" m="21831" /><D123/><U13/><E128/><V28/><F111/><W73/><G45/><T114/><D114/><U71/><E71/><V20/><F105/><W8/><G77/><T56/><D56/><U35/><E35/><V132/><F132/><W31/><REACH who="3" step="1"/><G7/><REACH who="3" ten="446,272,158,114" step="2"/><T83/><D107/><U133/><E110/><V109/><F109/><W58/><G58/><T72/><D72/><U64/><E133/><V95/><F6/><W57/><G57/><T120/><D120/><U21/><E47/><V135/><F135/><W33/><G33/><T115/><D115/><U85/><E43/><V86/><F39/><W65/><AGARI ba="1,1" hai="8,11,26,31,34,59,63,65,73,78,81,93,99,102" machi="65" ten="20,8000,1" yaku="1,1,0,1,7,1,52,1,53,1" doraHai="22" doraHaiUra="23" who="3" fromWho="3" sc="446,-21,272,-21,158,-41,114,93" /><INIT seed="7,0,0,1,3,130" ten="425,251,117,207" oya="3" hai0="103,28,133,125,108,132,22,113,68,76,57,75,91" hai1="18,116,48,84,124,41,58,85,120,99,96,37,14" hai2="128,47,104,23,79,107,66,74,61,63,53,4,70" hai3="109,64,110,121,29,43,114,97,11,106,88,44,5"/><W122/><G29/><T3/><D68/><U60/><E120/><V27/><F128/><W56/><G56/><T6/><D103/><U50/><E116/><V73/><F23/><W31/><G31/><T111/><D57/><U46/><E37/><V13/><F53/><W135/><G64/><T35/><D22/><N who="1" m="11607" /><E50/><V65/><F13/><N who="3" m="5359" /><G114/><T51/><D91/><U39/><E39/><V12/><F12/><W72/><G72/><T89/><D51/><U100/><E124/><V101/><F27/><W20/><G20/><T117/><D89/><U115/><E115/><V86/><F101/><N who="3" m="62767" /><G88/><T87/><D87/><N who="1" m="33355" /><E100/><V16/><F4/><W78/><G78/><T94/><D94/><U52/><AGARI ba="0,0" hai="41,46,48,52,58,60,96,99" m="33355,11607" machi="52" ten="30,2000,0" yaku="8,1,54,1" doraHai="130" who="1" fromWho="1" sc="425,-5,251,20,117,-5,207,-10" owari="420,52.0,271,7.0,112,-39.0,197,-20.0" /></mjloggm>