<mjloggm ver="2.3"><GO type="97"/><UN n0="%E6%9A%B4%E3%82%8C%E3%82%93%E5%9D%8A%E5%B0%8F%E8%BB%8D" n1="%E3%81%A4%E3%81%B0%E3%81%8D%E5%A7%AB" n2="%EF%BC%88%E2%89%A7%E2%96%BD%E2%89%A6%EF%BC%89" n3="%48%6F%6F%6B%61%68" dan="14,13,14,15" rate="1910,1924,2014,1967" sx="M,M,M,M"/><TAIKYOKU oya="0"/><INIT seed="0,0,0,2,5,6" ten="250,250,250,250" oya="0" hai0="38,94,24,18,85,104,13,100,29,73,79,72,135" hai1="8,101,67,118,14,28,15,10,33,129,128,60,110" hai2="54,48,44,92,70,125,71,55,41,7,96,88,106" hai3="91,50,127,126,117,45,65,47,35,21,4,30,76"/><T66/><D38/><U62/><E118/><V27/><F125/><W114/><G65/><T42/><D42/><U121/><E121/><V134/><F134/><W11/><G47/><T9/><D135/><U53/><E101/><V51/><F106/><W12/><G35/><T3/><D66/><U90/><E110/><V40/><F7/><W98/><G117/><T130/><D130/><N who="1" m="50283" /><E53/><V95/><F27/><W123/><G123/><T68/><D68/><N who="1" m="42087" /><E62/><V97/><F97/><W131/><G98/><T78/><D104/><U77/><E77/><V112/><F112/><W1/><G76/><T132/><D132/><U39/><E39/><V25/><F71/><W99/><G114/><T17/><D17/><U81/><E81/><V56/><F70/><W75/><G131/><T59/><D3/><U86/><E86/><N who="2" m="52247" /><F25/><W113/><G113/><T122/><D122/><U82/><E82/><V32/><F32/><W63/><G1/><T102/><D73/><U93/><E93/><V115/><F115/><W23/><G75/><T31/><D72/><U49/><E90/><AGARI ba="0,0" hai="40,41,44,48,51,54,55,56,90,95,96" m="52247" machi="90" ten="30,2000,0" yaku="8,1,54,1" doraHai="6" who="2" fromWho="1" sc="250,0,250,-20,250,20,250,0" /><INIT seed="1,0,0,4,4,49" ten="250,230,270,250" oya="1" hai0="1,105,129,135,99,81,34,41,60,19,130,95,9" hai1="50,67,110,26,37,59,77,40,53,123,120,18,22" hai2="12,13,89,62,17,2,64,127,21,43,121,96,119" hai3="109,28,36,102,128,85,101,7,87,107,78,57,38"/><U131/><E131/><V83/><F121/><W125/><G7/><T58/><D135/><U6/><E110/><V23/><F119/><W112/><G28/><T79/><D34/><U61/><E77/><V72/><F2/><W134/><G57/><T71/><D71/><N who="1" m="42479" /><E6/><V75/><F43/><W104/><G38/><T66/><D41/><U126/><E126/><V65/><F127/><W11/><G11/><T8/><D105/><U39/><E39/><V48/><F48/><W111/><G36/><T16/><D1/><U98/><E98/><V84/><F96/><W133/><G125/><T29/><D29/><U118/><E118/><V33/><F65/><W76/><G112/><T92/><D92/><U114/><E114/><V46/><F33/><W14/><G14/><T27/><D27/><U82/><E82/><V116/><F46/><AGARI ba="0,0" hai="18,22,26,37,40,46,50,53,59,120,123" m="42479" machi="46" ten="30,2900,0" yaku="24,1,52,1" doraHai="49" who="1" fromWho="2" sc="250,0,230,29,270,-29,250,0" /><INIT seed="1,1,0,1,3,66" ten="250,259,241,250" oya="1" hai0="83,35,45,63,32,103,7,13,43,72,110,29,50" hai1="84,0,77,81,1,95,47,56,23,54,27,87,102" hai2="98,28,119,46,53,128,11,4,15,57,22,25,124" hai3="62,127,132,133,26,44,40,42,21,52,9,130,99"/><U73/><E47/><V68/><F119/><W97/><G127/><T121/><D110/><U94/><E73/><V104/><F124/><W49/><G130/><T135/><D135/><N who="3" m="51785" /><G9/><T3/><D121/><U86/><E0/><V80/><F128/><W90/><G90/><T34/><D3/><U88/><E1/><V24/><F80/><W5/><G5/><T58/><D103/><U107/><E107/><V109/><F109/><W61/><G61/><T131/><D131/><U8/><E8/><V17/><F46/><W116/><G116/><T39/><D39/><U71/><E71/><V111/><F111/><W113/><G113/><T30/><D83/><N who="1" m="49183" /><E102/><V60/><F98/><N who="3" m="37387" /><G62/><T79/><D79/><U108/><E87/><V129/><F129/><W122/><G122/><T105/><D72/><U114/><E114/><V10/><F104/><W78/><G78/><T48/><D105/><U12/><E12/><V31/><F68/><W69/><G69/><T51/><D13/><U75/><E75/><V36/><F36/><W93/><G93/><T67/><D7/><U106/><E106/><V74/><F74/><W19/><AGARI ba="1,0" hai="19,21,26,40,42,44,49,52" m="37387,51785" machi="19" ten="30,2000,0" yaku="20,1,54,1" doraHai="66" who="3" fromWho="3" sc="250,-6,259,-11,241,-6,250,23" /><INIT seed="2,0,0,0,5,25" ten="244,248,235,273" oya="2" hai0="73,60,31,84,110,130,105,71,56,20,99,78,74" hai1="48,14,11,17,64,5,106,97,51,63,49,124,40" hai2="21,92,72,94,58,15,86,111,3,80,93,18,77" hai3="127,8,116,134,135,12,50,10,96,28,35,82,57"/><V69/><F69/><W65/><G116/><T67/><D130/><U38/><E124/><V47/><F111/><W46/><G10/><T55/><D110/><U104/><E38/><V101/><F3/><W89/><G127/><T54/><D78/><U123/><E123/><V129/><F129/><W6/><G65/><T26/><D84/><U39/><E39/><V131/><F131/><W79/><G57/><T107/><D74/><U9/><E106/><V59/><F101/><W90/><G96/><T98/><D73/><U44/><E104/><V132/><F132/><W27/><G134/><T33/><D20/><U87/><E97/><V22/><F72/><W85/><REACH who="3" step="1"/><G135/><REACH who="3" step="2"/><T108/><D108/><U128/><E128/><V42/><REACH who="2" step="1"/><F22/><REACH who="2" step="2"/><W95/><G95/><T68/><D107/><U41/><E41/><AGARI ba="0,2" hai="6,8,12,27,28,35,41,46,50,79,82,85,89,90" machi="41" ten="30,8000,1" yaku="1,1,7,1,25,2,52,1,53,0" doraHai="25" doraHaiUra="126" who="3" fromWho="1" sc="244,0,248,-80,225,0,263,100" /><INIT seed="3,0,0,1,5,112" ten="244,168,225,363" oya="3" hai0="8,129,114,131,93,30,98,15,126,115,3,82,6" hai1="111,0,37,67,122,108,117,12,124,87,31,20,75" hai2="120,71,52,113,127,2,86,123,125,25,83,91,34" hai3="33,45,17,135,121,64,100,66,42,35,95,77,105"/><W29/><G121/><N who="2" m="46665" /><F113/><N who="0" m="43018" /><D126/><N who="2" m="48138" /><F2/><W53/><G135/><T5/><D82/><U78/><E124/><V59/><F71/><W4/><G105/><T9/><D30/><U10/><E122/><V28/><F52/><W57/><G4/><T80/><D80/><U14/><E0/><V22/><F59/><W61/><G77/><T56/><D56/><U89/><E75/><V76/><F76/><W116/><G29/><T46/><D46/><U103/><E78/><V84/><F84/><W99/><G35/><AGARI ba="0,0" hai="22,25,28,34,35,83,86,91" m="48138,46665" machi="35" ten="30,2000,0" yaku="13,1,18,1" doraHai="112" who="2" fromWho="3" sc="244,0,168,0,225,20,363,-20" owari="244,-16.0,168,-33.0,245,5.0,343,44.0" /></mjloggm>