<mjloggm ver="2.3"><GO type="41"/><UN n0="%42%50%E7%99%BD%E7%80%AC" n1="%E3%82%A2%E3%83%AB%E3%83%A4" n2="%E3%82%A6%E3%83%AB%E3%83%88%E3%83%A9%E7%AB%8B%E7%9B%B4" n3="%E3%81%AE%E3%82%8A%E3%81%A1%E3%82%85%E3%82%93" dan="15,13,15,14" rate="2031,1946,1978,2007" sx="M,M,M,M"/><TAIKYOKU oya="0"/><INIT seed="0,0,0,0,4,119" ten="250,250,250,250" oya="0" hai0="110,100,87,65,16,83,115,70,25,120,122,93,132" hai1="1,72,90,85,74,84,8,22,114,40,50,95,27" hai2="117,98,64,29,12,125,109,79,102,36,101,47,23" hai3="76,48,82,92,58,133,11,45,10,108,130,67,20"/><T39/><D39/><U3/><E114/><V81/><F117/><W62/><G130/><T4/><D115/><U2/><E8/><V127/><F36/><W123/><G133/><T43/><D43/><U96/><E40/><V131/><F47/><W66/><G66/><T31/><D4/><U91/><E50/><V111/><F64/><W86/><G108/><N who="2" m="41545" /><F12/><W28/><G92/><T97/><D110/><U37/><E37/><V113/><F113/><W14/><G14/><T128/><D128/><U75/><REACH who="1" step="1"/><E91/><REACH who="1" ten="250,240,250,250" step="2"/><V53/><F131/><W54/><REACH who="3" step="1"/><G123/><REACH who="3" ten="250,240,250,240" step="2"/><T21/><D132/><U9/><E9/><V17/><F127/><W99/><G99/><T103/><D103/><U106/><E106/><V34/><F125/><W52/><G52/><T107/><D107/><U105/><E105/><V104/><F53/><W32/><G32/><T46/><D120/><U57/><E57/><V38/><F102/><W61/><G61/><T15/><D122/><U121/><E121/><V129/><F129/><W89/><G89/><T78/><D70/><U69/><E69/><V68/><F68/><W88/><G88/><T5/><D65/><U126/><E126/><V19/><F34/><W44/><G44/><T118/><D46/><U77/><E77/><V134/><F134/><W51/><G51/><T49/><D49/><U71/><E71/><V6/><F38/><W80/><G80/><T41/><D118/><U18/><AGARI ba="0,2" hai="1,2,3,18,22,27,72,74,75,84,85,90,95,96" machi="18" ten="40,2700,0" yaku="1,1,0,1,53,0" doraHai="119" doraHaiUra="73" who="1" fromWho="1" sc="250,-13,240,47,250,-7,240,-7" /><INIT seed="1,0,0,4,4,112" ten="237,287,243,233" oya="1" hai0="10,124,68,79,104,133,60,34,83,120,94,20,4" hai1="65,43,17,12,81,64,86,132,108,116,33,23,117" hai2="48,90,53,88,62,125,126,21,2,69,103,54,72" hai3="101,14,96,111,42,56,127,38,40,11,63,15,92"/><U1/><E1/><V93/><F72/><W9/><G38/><T100/><D20/><U0/><E0/><V99/><F2/><W80/><G111/><T113/><D94/><U73/><E33/><V49/><F62/><W29/><G29/><T16/><D113/><U71/><E73/><V35/><F69/><W78/><G127/><N who="2" m="48649" /><F35/><W52/><G78/><T45/><D34/><U97/><E108/><V39/><F39/><W50/><G80/><T59/><D68/><U74/><E74/><V105/><F105/><W55/><G55/><N who="2" m="21001" /><F21/><W95/><G95/><T13/><D124/><U129/><E129/><V46/><F49/><W135/><G135/><T122/><D133/><U36/><E132/><V75/><F75/><W6/><REACH who="3" step="1"/><G63/><REACH who="3" ten="237,287,243,223" step="2"/><T22/><D60/><U58/><E36/><V25/><F48/><W115/><G115/><T131/><D104/><U82/><E43/><V67/><F67/><W31/><G31/><T87/><D120/><U28/><E28/><V123/><F123/><W110/><G110/><T51/><D122/><U70/><E65/><V106/><F93/><W57/><G57/><T61/><D131/><U107/><E58/><V109/><F109/><W77/><G77/><T24/><D59/><U134/><E134/><V85/><F106/><W19/><AGARI ba="0,1" hai="6,9,11,14,15,19,40,42,50,52,56,92,96,101" machi="19" ten="20,8000,1" yaku="1,1,0,1,7,1,8,1,54,1,53,0" doraHai="112" doraHaiUra="119" who="3" fromWho="3" sc="237,-20,287,-40,243,-20,223,90" /><INIT seed="2,0,0,0,1,89" ten="217,247,223,313" oya="2" hai0="88,61,3,41,9,33,25,42,108,115,13,0,109" hai1="87,79,12,96,34,64,126,86,47,98,73,53,107" hai2="99,84,46,35,67,74,125,134,14,45,59,51,19" hai3="7,26,113,62,63,119,100,48,82,121,65,132,23"/><V105/><F74/><W58/><G121/><T110/><D115/><U127/><E34/><V32/><F125/><N who="1" m="47625" /><E64/><V117/><F117/><W78/><G113/><T114/><D114/><U131/><E12/><V106/><F134/><W66/><G132/><T54/><D33/><U118/><E53/><V28/><F35/><W77/><G119/><T30/><D30/><U21/><E47/><V49/><F32/><W120/><G120/><T111/><D25/><U102/><E21/><V15/><F28/><W95/><G7/><T91/><D0/><U101/><E118/><V50/><F59/><N who="3" m="37087" /><G82/><T135/><D3/><U43/><E43/><N who="0" m="16393" /><D135/><U57/><E57/><V75/><F67/><W116/><G48/><T40/><D40/><U133/><E133/><V97/><F50/><W128/><G128/><T124/><D124/><U94/><E131/><V56/><F56/><W81/><G81/><AGARI ba="0,0" hai="73,79,81,86,87,94,96,98,101,102,107" m="47625" machi="81" ten="30,7700,0" yaku="18,1,34,2,52,1" doraHai="89" who="1" fromWho="3" sc="217,0,247,77,223,0,313,-77" /><INIT seed="3,0,0,3,2,121" ten="217,324,223,236" oya="3" hai0="56,117,33,101,3,92,111,86,50,133,109,47,20" hai1="113,80,34,125,105,6,69,82,66,88,42,51,84" hai2="13,37,134,87,54,122,85,68,63,106,74,114,67" hai3="10,108,90,126,53,0,24,52,102,4,29,115,8"/><W9/><G115/><T78/><D33/><U116/><E34/><V60/><F85/><W70/><G70/><T27/><D3/><U130/><E105/><V30/><F87/><W48/><G102/><T1/><D1/><U119/><E113/><V91/><F13/><W2/><G2/><T118/><D133/><U17/><E6/><V45/><F91/><W59/><G126/><T15/><D15/><U127/><E66/><V77/><F30/><W123/><G123/><T64/><D78/><U73/><E69/><V18/><F18/><W38/><G38/><T21/><D118/><N who="1" m="45099" /><E17/><V93/><F93/><W97/><G53/><T36/><D50/><U61/><E61/><V22/><F106/><W5/><G5/><T72/><D72/><U76/><E51/><V120/><F60/><W124/><G124/><N who="1" m="47690" /><E42/><V129/><F63/><W12/><G0/><T79/><D117/><U135/><E135/><V62/><F62/><W11/><G11/><T104/><D104/><U16/><E16/><V98/><F67/><W99/><G4/><T40/><D64/><U41/><E41/><V103/><F68/><W35/><G12/><T44/><D40/><U89/><E89/><V110/><F134/><W81/><G90/><T128/><D36/><U75/><E75/><V49/><F74/><W94/><G81/><T132/><D132/><U71/><E71/><V39/><F39/><W25/><G25/><T23/><D27/><U58/><E58/><V107/><F37/><W83/><G83/><N who="0" m="47487" /><D56/><U131/><AGARI ba="0,0" hai="73,76,80,82,84,88,130,131" m="47690,45099" machi="131" ten="40,8000,1" yaku="12,1,18,1,34,2,54,1" doraHai="121" who="1" fromWho="1" sc="217,-20,324,80,223,-20,236,-40" /><INIT seed="4,0,0,4,4,69" ten="197,404,203,196" oya="0" hai0="54,86,42,122,10,26,53,45,6,35,107,31,2" hai1="97,12,0,108,56,91,44,94,33,93,18,125,70" hai2="20,29,92,90,51,63,105,128,100,66,61,37,68" hai3="96,131,103,112,57,9,59,38,116,15,133,49,23"/><T22/><D122/><U82/><E0/><V73/><F73/><W83/><G116/><T95/><D107/><U16/><E70/><V79/><F79/><W84/><G112/><T14/><D86/><U135/><E33/><V85/><F128/><W75/><G131/><T13/><D95/><U109/><E125/><V30/><F63/><W4/><G75/><T78/><D78/><U39/><E135/><V62/><F62/><W52/><G133/><T88/><D88/><U60/><E82/><V121/><F121/><W67/><G67/><T115/><D115/><U104/><E104/><V36/><F30/><W102/><G23/><T41/><D14/><U3/><E3/><V11/><F11/><W132/><G132/><T19/><REACH who="0" step="1"/><D42/><REACH who="0" ten="187,404,203,196" step="2"/><U8/><E94/><V28/><F105/><W27/><G96/><T21/><D21/><U32/><E32/><V120/><F120/><W118/><G15/><T1/><D1/><U89/><E89/><V72/><F72/><W76/><G76/><T98/><D98/><U110/><E12/><V50/><F20/><W81/><G84/><T74/><D74/><U17/><E8/><V24/><F24/><W77/><G9/><T126/><D126/><U119/><E119/><V99/><F85/><W111/><G27/><T114/><D114/><U7/><E110/><V47/><F90/><W87/><G111/><T48/><AGARI ba="0,1" hai="2,6,10,13,19,22,26,31,35,41,45,48,53,54" machi="48" ten="20,12000,1" yaku="1,1,0,1,7,1,24,2,53,0" doraHai="69" doraHaiUra="134" who="0" fromWho="0" sc="187,130,404,-40,203,-40,196,-40" /><INIT seed="4,1,0,2,1,83" ten="317,364,163,156" oya="0" hai0="121,74,116,106,123,69,35,39,1,63,94,129,2" hai1="77,48,0,28,46,47,54,92,108,65,49,7,40" hai2="81,70,23,133,112,107,27,11,15,91,73,84,53" hai3="10,51,37,13,17,93,127,119,135,99,43,61,109"/><T50/><RYUUKYOKU type="yao9" ba="1,0" sc="317,0,364,0,163,0,156,0" hai0="1,2,35,39,50,63,69,74,94,106,116,121,123,129" /><INIT seed="4,2,0,0,5,22" ten="317,364,163,156" oya="0" hai0="46,75,34,14,21,84,9,131,123,79,3,78,18" hai1="134,52,97,133,15,6,42,107,98,90,109,71,56" hai2="127,70,32,47,95,30,35,39,26,125,74,69,130" hai3="124,5,77,43,92,63,37,128,57,38,55,72,36"/><T40/><D123/><U0/><E109/><V87/><F95/><W28/><G5/><T23/><D131/><U19/><E71/><N who="2" m="27147" /><F87/><W10/><G128/><T101/><D101/><U103/><E42/><N who="2" m="23007" /><F130/><W20/><G10/><T11/><D34/><U8/><E90/><V65/><F65/><W117/><G117/><T132/><D84/><U29/><E98/><V88/><F88/><W110/><G110/><T100/><D100/><U68/><E68/><V94/><F94/><W64/><G72/><T106/><D106/><U93/><E107/><V114/><F74/><W51/><G77/><T50/><D75/><U4/><E29/><N who="2" m="19511" /><F114/><W135/><G92/><T83/><D78/><U61/><REACH who="1" step="1"/><E0/><REACH who="1" ten="317,354,163,156" step="2"/><V48/><F30/><W27/><G124/><T82/><D3/><U66/><E66/><V1/><F1/><W49/><G64/><T33/><D40/><U105/><E105/><V99/><F99/><W58/><G43/><T2/><D2/><U54/><E54/><V91/><F91/><W25/><G28/><T89/><D89/><U86/><E86/><V96/><F96/><W111/><G111/><T120/><D79/><U85/><E85/><V115/><F127/><W76/><G76/><T24/><D83/><U80/><E80/><V67/><F67/><W31/><G55/><T81/><D82/><U116/><E116/><V112/><F125/><W44/><G31/><T113/><D81/><U16/><E16/><V108/><F108/><W121/><G44/><T104/><D46/><U7/><AGARI ba="2,1" hai="4,6,7,8,15,19,52,56,61,93,97,103,133,134" machi="7" ten="30,4000,0" yaku="1,1,0,1,54,1,53,0" doraHai="22" doraHaiUra="122" who="1" fromWho="1" sc="317,-22,354,56,163,-12,156,-12" /><INIT seed="5,0,0,1,0,89" ten="295,410,151,144" oya="1" hai0="102,57,128,3,26,35,107,82,51,52,27,28,119" hai1="53,48,106,112,21,38,115,133,19,123,43,87,15" hai2="98,104,114,0,22,93,64,61,78,66,41,20,8" hai3="50,94,116,134,86,30,124,4,97,103,10,5,113"/><U55/><E106/><V109/><F104/><W85/><G116/><T7/><D119/><U84/><E123/><V49/><F109/><W37/><G37/><T117/><D117/><U60/><E38/><V77/><F114/><W131/><G113/><T68/><D68/><U110/><E43/><V67/><F61/><W11/><G131/><T73/><D27/><U39/><E39/><V40/><F8/><W14/><G124/><T2/><D7/><U127/><E127/><V24/><F0/><W18/><G134/><T47/><D128/><U12/><E133/><V90/><F49/><W92/><G30/><T31/><D28/><U29/><E29/><V34/><F34/><W17/><G50/><T99/><D73/><U108/><E48/><V1/><F1/><W100/><G14/><T80/><D82/><U69/><E69/><V58/><F58/><W96/><AGARI ba="0,0" hai="4,5,10,11,17,18,85,86,92,94,96,97,100,103" machi="96" ten="25,12000,2" yaku="0,1,22,2,8,1,52,2" doraHai="89" who="3" fromWho="3" sc="295,-30,410,-60,151,-30,144,120" /><INIT seed="6,0,0,5,0,86" ten="265,350,121,264" oya="2" hai0="117,56,69,52,48,91,39,34,113,23,57,110,88" hai1="106,125,51,20,89,79,28,24,100,126,0,49,135" hai2="4,22,84,54,74,35,68,36,121,6,60,127,67" hai3="27,87,44,58,107,66,94,73,64,128,77,131,130"/><V81/><F121/><W115/><G107/><T50/><D110/><U42/><E0/><V92/><F35/><W93/><G44/><T37/><D34/><U102/><E135/><V83/><F127/><W46/><G46/><T98/><D69/><U14/><E79/><V129/><F36/><W47/><G47/><T62/><D117/><U31/><E42/><V40/><F40/><W80/><G27/><T119/><D119/><U7/><E31/><V95/><F129/><W25/><G25/><T97/><D23/><U53/><E106/><V9/><F74/><W17/><G17/><T114/><D62/><U13/><E51/><V108/><F108/><W18/><G18/><T59/><D59/><U109/><E109/><V8/><F54/><AGARI ba="0,0" hai="37,39,48,50,52,54,56,57,88,91,97,98,113,114" machi="54" ten="25,12000,2" yaku="22,2,52,2,54,2" doraHai="86" who="0" fromWho="2" sc="265,120,350,0,121,-120,264,0" /><INIT seed="7,0,0,0,3,110" ten="385,350,1,264" oya="3" hai0="63,124,41,51,46,36,37,34,93,85,90,109,2" hai1="22,88,83,120,10,96,104,40,115,107,62,44,55" hai2="32,128,73,35,75,33,38,52,30,94,71,89,6" hai3="66,18,79,47,135,0,77,54,70,21,112,132,9"/><W3/><G70/><T80/><D109/><U81/><E120/><V102/><F52/><W50/><G66/><T129/><D2/><U133/><E133/><N who="3" m="51274" /><G9/><T19/><D34/><N who="2" m="8706" /><V123/><DORA hai="84" /><F30/><W20/><G20/><T118/><D118/><U69/><E115/><V15/><F15/><N who="3" m="9439" /><G112/><T116/><D116/><U99/><E107/><V42/><F89/><W43/><G43/><T127/><D129/><U105/><E104/><V64/><F64/><W95/><G95/><T126/><D19/><U114/><E114/><V76/><F94/><W113/><G113/><T31/><D31/><U78/><E105/><V17/><F42/><W13/><G13/><T48/><D63/><U23/><E69/><V27/><F17/><W86/><G86/><N who="0" m="52439" /><D37/><U92/><E10/><V121/><F27/><W65/><G65/><T87/><D87/><N who="1" m="48567" /><E99/><V134/><F123/><W5/><G5/><T108/><D108/><U68/><E68/><V8/><F121/><W12/><G12/><T57/><D57/><N who="1" m="35135" /><E83/><V1/><F134/><W82/><G82/><T119/><D119/><U53/><E40/><V58/><F71/><W60/><G60/><T24/><D24/><U103/><E103/><V72/><F102/><W117/><G117/><T56/><D56/><U125/><E125/><V59/><F38/><W74/><G74/><N who="2" m="28777" /><F128/><W98/><G98/><T7/><D7/><U26/><E26/><V111/><F111/><W61/><G61/><T45/><D45/><U97/><E97/><V29/><F29/><W100/><G100/><T39/><D39/><U130/><E130/><V25/><F25/><RYUUKYOKU ba="0,0" sc="385,0,350,0,1,0,264,0" hai0="36,41,46,48,51,80,85,124,126,127" hai1="22,23,44,53,88,92,96" hai2="1,6,8,58,59,75,76" hai3="0,3,47,50,54,77,79" /><INIT seed="7,1,0,5,1,13" ten="385,350,1,264" oya="3" hai0="134,87,20,103,91,1,32,44,79,73,74,65,49" hai1="114,120,31,71,37,123,29,51,67,28,133,105,124" hai2="18,43,54,94,118,68,113,2,115,99,55,10,3" hai3="104,93,48,11,122,21,17,50,42,30,36,98,63"/><W90/><G122/><T72/><D32/><U127/><E37/><V25/><F68/><W75/><G75/><T64/><D1/><U34/><E34/><V62/><F43/><W60/><G104/><T39/><D39/><U112/><E105/><V126/><F94/><W80/><G36/><T27/><D103/><U131/><E51/><N who="3" m="19498" /><G42/><T4/><D4/><U77/><E77/><V102/><F99/><W23/><G11/><T56/><D79/><U116/><E67/><V95/><F95/><W53/><G80/><T70/><D70/><U135/><E71/><V81/><F81/><W92/><G30/><T88/><D134/><N who="1" m="51211" /><E116/><V46/><F46/><W97/><G53/><T24/><D65/><U89/><E89/><V78/><F62/><W38/><G38/><T117/><D117/><U15/><E15/><V35/><F78/><W12/><G23/><T57/><D64/><U128/><E123/><V33/><F102/><W59/><G59/><T125/><D57/><U40/><E40/><V121/><F54/><W119/><G119/><T8/><D56/><U7/><E7/><V76/><F55/><W129/><G129/><N who="1" m="49738" /><E120/><V9/><F76/><W83/><G83/><T96/><D73/><U47/><E47/><V19/><F118/><W130/><G130/><T84/><D74/><U52/><E52/><V106/><F106/><W69/><G69/><T132/><D72/><U85/><E85/><V86/><F86/><W100/><G63/><T45/><D84/><U66/><E66/><V6/><F121/><W61/><G60/><T111/><D132/><U101/><E101/><RYUUKYOKU ba="1,0" sc="385,-15,350,15,1,-15,264,15" hai1="28,29,31,112,114,124,127" hai3="12,17,21,61,90,92,93,97,98,100" owari="370,46.0,365,17.0,-14,-51.0,279,-12.0" /></mjloggm>