<mjloggm ver="2.3"><GO type="41"/><UN n0="%E8%B6%85%E3%83%92%E3%83%A2%E3%83%AA%E3%83%AD" n1="%E3%82%A6%E3%83%AB%E3%83%88%E3%83%A9%E7%AB%8B%E7%9B%B4" n2="%77%61%72%75" n3="%6B%69%6E%74%61%32" dan="15,15,14,16" rate="1980,2031,1848,2086" sx="M,M,M,M"/><TAIKYOKU oya="0"/><INIT seed="0,0,0,0,4,96" ten="250,250,250,250" oya="0" hai0="27,83,38,87,52,101,42,57,79,88,47,61,108" hai1="135,59,19,54,132,21,60,31,121,2,40,84,50" hai2="122,15,103,129,56,78,117,116,25,94,17,44,66" hai3="77,8,76,11,124,0,29,41,127,9,33,37,4"/><T85/><D108/><U46/><E2/><V81/><F122/><W97/><G41/><T24/><REACH who="0" step="1"/><D101/><REACH who="0" ten="240,250,250,250" step="2"/><U93/><E121/><V26/><F129/><W92/><G0/><T32/><D32/><U63/><E132/><V109/><F109/><W107/><G4/><T13/><D13/><U67/><E135/><V100/><F116/><W55/><G107/><T130/><D130/><U30/><E93/><AGARI ba="0,1" hai="24,27,38,42,47,52,57,61,79,83,85,87,88,93" machi="93" ten="30,11600,0" yaku="1,1,7,1,54,2,53,0" doraHai="96" doraHaiUra="128" who="0" fromWho="1" sc="240,126,250,-116,250,0,250,0" /><INIT seed="0,1,0,0,4,97" ten="366,134,250,250" oya="0" hai0="48,17,132,32,56,64,119,81,122,77,123,134,44" hai1="87,130,4,78,38,79,90,121,11,9,85,83,131" hai2="15,71,35,105,100,53,39,103,33,120,72,1,98" hai3="106,7,116,10,59,114,129,60,108,67,5,28,115"/><T95/><D32/><N who="2" m="12362" /><F53/><W45/><G106/><T74/><D119/><U52/><E38/><V51/><F51/><W96/><G116/><T14/><D64/><U16/><E121/><V73/><F120/><W54/><G28/><T27/><D27/><U0/><E78/><V92/><F15/><W107/><G129/><T65/><D95/><U46/><E85/><V18/><F92/><W61/><G108/><T126/><D126/><U42/><E42/><V135/><F18/><W23/><G23/><N who="0" m="11703" /><D56/><U63/><E79/><V80/><F135/><N who="0" m="51754" /><D65/><U3/><E3/><V69/><F39/><W104/><G45/><T86/><D74/><N who="2" m="28778" /><F80/><W109/><G109/><T12/><D12/><N who="1" m="7183" /><E63/><V89/><F89/><W43/><G115/><T118/><D118/><U117/><E117/><V21/><F21/><W19/><G114/><T20/><D20/><U41/><E41/><AGARI ba="1,0" hai="41,44,48,77,81,86,122,123" m="51754,11703" machi="41" ten="30,1500,0" yaku="20,1" doraHai="97" who="0" fromWho="1" sc="366,18,134,-18,250,0,250,0" /><INIT seed="0,2,0,2,1,101" ten="384,116,250,250" oya="0" hai0="34,63,44,90,97,42,35,9,29,64,91,74,1" hai1="131,56,11,15,83,107,94,59,84,33,5,81,6" hai2="98,114,71,87,4,8,122,65,26,19,95,57,55" hai3="133,25,17,46,52,129,78,118,27,88,66,30,108"/><T75/><D90/><U112/><E33/><V24/><F122/><W13/><G118/><T120/><D120/><U43/><E112/><V68/><F114/><W124/><G78/><T49/><D1/><U72/><E72/><V67/><F87/><W47/><G129/><T73/><D9/><U92/><E131/><V14/><F71/><W106/><G106/><T80/><D29/><U21/><E107/><V77/><F77/><W40/><G66/><N who="2" m="25097" /><F68/><W117/><G117/><T86/><REACH who="0" step="1"/><D97/><REACH who="0" ten="374,116,250,250" step="2"/><U45/><E6/><V58/><F4/><W109/><G30/><T60/><D60/><U76/><E83/><V48/><F58/><AGARI ba="2,1" hai="34,35,42,44,49,58,63,64,73,74,75,80,86,91" machi="58" ten="40,2000,0" yaku="1,1,53,0" doraHai="101" doraHaiUra="115" who="0" fromWho="2" sc="374,36,116,0,250,-26,250,0" /><INIT seed="0,3,0,4,3,5" ten="410,116,224,250" oya="0" hai0="80,68,97,11,10,133,44,127,8,85,129,24,32" hai1="37,29,6,114,51,110,14,31,78,12,121,104,135" hai2="117,57,4,90,50,91,76,22,108,20,33,87,74" hai3="125,102,1,65,77,23,53,15,56,36,96,40,38"/><T60/><D127/><U130/><E78/><V45/><F33/><W2/><G125/><T72/><D72/><U122/><E51/><V54/><F108/><W119/><G119/><T64/><D129/><U98/><E98/><V46/><F117/><W42/><G65/><T62/><D133/><U81/><E81/><V67/><F74/><W115/><G77/><T28/><D60/><U109/><E37/><V30/><F76/><W82/><G82/><T126/><D126/><U16/><E104/><V73/><F73/><W89/><G89/><T27/><D27/><U47/><E47/><N who="2" m="17931" /><F4/><W99/><G115/><T26/><D26/><U93/><E93/><N who="2" m="54495" /><F91/><W59/><G15/><T13/><D44/><U34/><E114/><V131/><F131/><W9/><G23/><N who="2" m="8745" /><F67/><W95/><G95/><T70/><D97/><U116/><E116/><V7/><F7/><W94/><G94/><T111/><D111/><N who="1" m="42507" /><E130/><V88/><F88/><W83/><G83/><T58/><REACH who="0" step="1"/><D13/><REACH who="0" ten="400,116,224,250" step="2"/><U35/><E135/><V134/><F134/><W52/><REACH who="3" step="1"/><G102/><REACH who="3" ten="400,116,224,240" step="2"/><T19/><D19/><U48/><E12/><V107/><F107/><W0/><G0/><T39/><D39/><U75/><E75/><V55/><F30/><W92/><G92/><T103/><D103/><U25/><E31/><V124/><F124/><W61/><G61/><T105/><D105/><U118/><E29/><V132/><F132/><W120/><G120/><T71/><D71/><U69/><E122/><V21/><F50/><W79/><G79/><AGARI ba="3,2" hai="8,10,11,24,28,32,58,62,64,68,70,79,80,85" machi="79" ten="40,12000,1" yaku="1,1,52,3,53,0" doraHai="5" doraHaiUra="100" who="0" fromWho="3" sc="400,149,116,0,224,0,240,-129" /><INIT seed="0,4,0,2,3,129" ten="549,116,224,111" oya="0" hai0="45,33,24,57,38,76,46,71,56,78,115,22,113" hai1="87,17,54,119,91,65,125,67,126,47,5,48,81" hai2="51,85,98,105,15,37,100,25,96,27,92,43,19" hai3="41,53,110,32,12,35,123,124,7,134,1,106,114"/><T86/><D33/><U64/><E5/><V42/><F37/><W117/><G53/><T97/><D71/><U132/><E119/><V2/><F85/><W21/><G41/><T99/><D38/><U49/><E49/><V4/><F2/><W59/><G59/><T11/><D11/><U89/><E89/><V0/><F0/><W29/><G21/><T31/><D113/><U82/><E82/><V23/><F4/><W10/><G12/><T108/><D108/><U103/><E103/><V94/><F105/><W112/><G29/><T102/><D115/><U73/><E73/><V121/><F121/><W36/><G10/><T6/><D6/><U28/><E28/><V83/><F83/><W74/><G7/><T95/><D99/><U40/><E40/><V30/><F27/><W118/><G35/><T128/><D128/><U133/><REACH who="1" step="1"/><E17/><REACH who="1" ten="549,106,224,111" step="2"/><V50/><F43/><W14/><G118/><T75/><D75/><U63/><E63/><V101/><REACH who="2" step="1"/><F42/><REACH who="2" ten="549,106,214,111" step="2"/><W70/><G14/><T72/><D72/><U3/><E3/><V88/><F88/><W55/><G55/><T130/><D130/><AGARI ba="4,2" hai="1,32,36,70,74,106,110,112,114,117,123,124,130,134" machi="130" ten="0,32000,5" yakuman="47" doraHai="129" who="3" fromWho="0" sc="549,-332,106,0,214,0,111,352" /><INIT seed="1,0,0,5,5,106" ten="217,106,214,463" oya="1" hai0="13,5,65,9,32,44,7,64,132,18,67,52,77" hai1="119,79,91,85,86,40,93,50,127,42,14,97,135" hai2="99,108,15,17,87,55,92,25,110,49,28,128,27" hai3="69,130,48,107,12,30,47,66,54,22,70,16,0"/><U68/><E68/><V39/><F39/><W98/><G0/><T73/><D32/><U115/><E115/><V36/><F36/><W78/><G130/><T101/><D132/><U83/><E119/><V90/><F128/><W62/><G78/><T105/><D101/><U38/><E135/><V61/><F61/><W37/><G37/><T1/><D105/><U118/><E118/><V56/><F99/><W51/><G51/><T53/><D7/><U23/><E38/><V94/><F94/><W34/><G30/><T80/><REACH who="0" step="1"/><D44/><REACH who="0" ten="207,106,214,463" step="2"/><U26/><E127/><V111/><REACH who="2" step="1"/><F28/><REACH who="2" ten="207,106,204,463" step="2"/><W20/><G107/><T29/><D29/><N who="1" m="17631" /><E50/><V41/><F41/><W129/><G48/><T116/><D116/><U89/><E42/><V84/><F84/><W122/><G129/><T95/><D95/><U121/><E40/><V75/><F75/><W57/><G98/><T33/><D33/><U104/><E104/><V123/><F123/><W10/><G34/><T124/><D124/><U2/><E121/><V133/><F133/><W100/><G47/><T81/><D81/><U96/><E86/><V72/><F72/><W45/><G122/><T58/><D58/><U117/><E117/><V109/><N who="2" m="28160" /><DORA hai="102" /><V76/><F76/><W24/><G70/><T112/><D112/><U19/><E79/><V113/><F113/><W3/><G69/><T103/><D103/><U43/><E43/><V11/><AGARI ba="0,2" hai="11,15,17,25,27,49,55,56,87,90,92" m="28160" machi="11" ten="60,8000,1" yaku="1,1,0,1,14,1,53,2" doraHai="106,102" doraHaiUra="6,8" who="2" fromWho="2" sc="207,-20,106,-40,204,100,463,-20" /><INIT seed="2,0,0,0,5,13" ten="187,66,304,443" oya="2" hai0="126,0,31,89,40,74,121,28,122,91,22,42,32" hai1="82,30,72,90,134,25,115,24,69,18,60,100,4" hai2="129,26,52,35,108,41,8,102,14,5,81,29,53" hai3="37,38,132,125,48,78,49,103,128,16,1,75,67"/><V111/><F129/><W23/><G1/><T133/><D0/><U57/><E69/><V92/><F41/><W97/><G128/><T59/><D74/><U19/><E115/><V64/><F64/><W15/><G67/><T86/><D32/><U11/><E100/><V3/><F81/><W107/><G132/><T45/><D133/><U80/><E134/><V124/><F124/><W61/><G61/><T135/><D135/><U118/><E118/><V109/><F3/><W130/><G130/><T113/><D113/><U21/><E72/><V123/><F123/><W116/><G116/><T12/><D126/><U85/><E80/><V46/><F46/><W17/><G125/><T84/><D12/><N who="1" m="5223" /><E24/><V27/><F27/><W87/><G75/><T9/><D9/><U112/><E112/><V65/><F65/><AGARI ba="0,0" hai="18,19,21,25,30,57,60,65,82,85,90" m="5223" machi="65" ten="30,3900,0" yaku="8,1,52,2" doraHai="13" who="1" fromWho="2" sc="187,0,66,39,304,-39,443,0" /><INIT seed="3,0,0,0,2,107" ten="187,105,265,443" oya="3" hai0="112,28,105,68,126,72,53,67,88,27,26,124,15" hai1="63,17,80,87,40,118,4,84,89,95,79,21,83" hai2="108,91,18,131,14,66,92,0,120,59,129,11,76" hai3="111,9,122,101,93,94,47,77,42,16,85,35,6"/><W98/><G35/><T25/><D105/><U1/><E1/><V115/><F115/><W12/><G122/><T3/><D3/><U121/><E121/><V58/><F120/><W13/><G111/><T81/><D112/><U133/><E133/><V24/><F108/><W128/><G128/><N who="2" m="49225" /><F76/><W22/><G77/><T41/><D41/><U96/><E4/><N who="2" m="1415" /><F66/><W134/><G134/><T73/><D28/><U30/><E30/><V130/><N who="2" m="49233" /><V39/><DORA hai="117" /><F24/><W116/><G116/><T2/><D2/><U31/><E31/><V37/><F37/><W32/><G32/><T97/><D15/><U127/><E118/><V5/><F5/><W86/><REACH who="3" step="1"/><G94/><REACH who="3" ten="187,105,265,433" step="2"/><T99/><D124/><U103/><E127/><V36/><F36/><AGARI ba="0,1" hai="6,9,12,13,16,22,36,42,47,85,86,93,98,101" machi="36" ten="30,11600,0" yaku="1,1,2,1,7,1,54,1,53,0" doraHai="107,117" doraHaiUra="106,125" who="3" fromWho="2" sc="187,0,105,0,265,-116,433,126" /><INIT seed="3,1,0,0,4,36" ten="187,105,149,559" oya="3" hai0="120,83,64,124,77,119,35,113,54,84,73,42,130" hai1="100,97,18,71,2,30,104,86,43,70,3,57,55" hai2="94,112,45,89,9,125,102,41,91,4,135,34,78" hai3="108,123,22,74,116,0,50,111,32,6,7,134,128"/><W31/><G74/><T87/><D35/><U122/><E122/><V53/><F112/><W72/><G72/><T118/><D64/><U39/><E30/><V67/><F34/><W60/><G123/><T126/><D120/><U14/><E86/><N who="0" m="32809" /><D54/><U117/><E117/><N who="0" m="44553" /><D42/><U5/><E5/><V68/><F53/><W133/><G116/><T12/><D12/><U1/><E14/><V10/><F10/><N who="3" m="2375" /><G60/><T40/><D40/><U93/><E18/><V25/><F25/><N who="3" m="18543" /><G50/><T98/><D130/><U79/><E93/><V75/><F75/><W101/><G101/><T88/><D113/><U29/><E29/><V46/><F102/><W96/><G96/><T20/><D20/><U48/><REACH who="1" step="1"/><E79/><REACH who="1" ten="187,95,149,559" step="2"/><V76/><F78/><W17/><G7/><T15/><D15/><U13/><E13/><V51/><F4/><W65/><G128/><T127/><D127/><U63/><E63/><V44/><F125/><W114/><G114/><T92/><AGARI ba="1,1" hai="73,77,83,88,92,98,124,126" m="44553,32809" machi="92" ten="40,5200,0" yaku="34,2,54,1" doraHai="36" who="0" fromWho="0" sc="187,65,95,-14,149,-14,559,-27" /><INIT seed="4,0,0,1,1,104" ten="252,81,135,532" oya="0" hai0="6,76,89,51,102,58,130,124,17,111,123,10,32" hai1="79,107,28,52,85,26,41,83,133,108,43,44,35" hai2="25,54,15,126,31,116,117,78,18,118,16,74,1" hai3="73,24,53,2,11,81,55,125,82,87,66,22,115"/><T57/><D32/><U65/><E107/><V40/><F40/><W5/><G115/><T70/><D70/><U103/><E103/><V20/><F1/><W105/><G105/><T93/><D123/><U99/><E99/><V91/><F126/><W135/><G125/><T119/><D119/><U80/><E108/><V86/><F54/><W120/><G120/><T95/><D124/><U9/><E133/><V21/><F78/><W134/><G66/><T92/><D102/><U90/><E65/><V59/><F59/><W33/><G33/><T96/><D111/><U71/><E71/><V56/><F56/><W38/><G38/><T14/><D130/><U50/><REACH who="1" step="1"/><E9/><REACH who="1" ten="252,71,135,532" step="2"/><V13/><F74/><AGARI ba="0,1" hai="26,28,35,41,43,44,50,52,74,79,80,83,85,90" machi="74" ten="30,8000,1" yaku="1,1,2,1,7,1,52,1,54,1,53,0" doraHai="104" doraHaiUra="129" who="1" fromWho="2" sc="252,0,71,90,135,-80,532,0" /><INIT seed="5,0,0,3,4,43" ten="252,161,55,532" oya="1" hai0="83,73,105,3,5,38,123,0,14,98,85,42,101" hai1="8,22,107,31,79,116,19,77,84,113,25,125,33" hai2="126,91,41,28,67,120,54,34,122,92,56,23,81" hai3="110,75,44,62,64,20,52,69,90,112,59,36,45"/><U46/><E107/><V124/><F34/><W40/><G75/><T29/><D123/><U32/><E116/><V108/><F108/><W74/><G74/><T119/><D119/><U118/><E118/><V47/><F81/><W68/><G90/><T21/><D73/><U27/><E125/><N who="2" m="48235" /><F67/><W99/><G99/><T15/><D15/><U61/><E61/><N who="2" m="35991" /><F23/><W30/><G30/><T97/><D97/><U117/><E117/><V39/><F28/><W103/><G103/><T9/><D29/><U71/><E71/><N who="3" m="27210" /><G20/><T16/><D0/><U60/><E33/><V100/><F100/><W88/><G88/><T51/><D83/><U11/><E32/><V58/><F58/><W6/><G6/><T87/><D101/><U49/><E79/><V37/><F37/><N who="3" m="21519" /><G110/><T12/><D98/><AGARI ba="0,0" hai="39,41,47,91,92,98,120,122" m="35991,48235" machi="98" ten="30,2000,0" yaku="18,1,52,1" doraHai="43" who="2" fromWho="0" sc="252,-20,161,0,55,20,532,0" /><INIT seed="6,0,0,5,2,68" ten="232,161,75,532" oya="2" hai0="106,24,44,128,114,50,67,134,1,45,117,108,49" hai1="13,102,52,7,73,76,69,54,15,51,121,111,26" hai2="33,123,36,16,10,19,22,41,84,112,103,0,62" hai3="37,122,91,27,32,78,28,23,93,118,80,113,66"/><V59/><F123/><W25/><G122/><T120/><D24/><U11/><E69/><V92/><F33/><W110/><G118/><T2/><D67/><U57/><E121/><V107/><F107/><W39/><G110/><T105/><D120/><U96/><E111/><V126/><F126/><W3/><G3/><T71/><D71/><U124/><E124/><V131/><F131/><W61/><G113/><T46/><D108/><U21/><E76/><V116/><F116/><W38/><G61/><T85/><D117/><U98/><E73/><V4/><F112/><W115/><G66/><T14/><D114/><U74/><E74/><V130/><F130/><W55/><G55/><T81/><D128/><U5/><E102/><V18/><F41/><W77/><G115/><T94/><D94/><U31/><E54/><V132/><F36/><W100/><G100/><T95/><D95/><U63/><E51/><V34/><F34/><W101/><G101/><T70/><D70/><U20/><E21/><V99/><F84/><W47/><G47/><T83/><D85/><U133/><E133/><V35/><F35/><W104/><G80/><N who="0" m="30795" /><D14/><U109/><REACH who="1" step="1"/><E109/><REACH who="1" ten="232,151,75,532" step="2"/><V65/><REACH who="2" step="1"/><F132/><REACH who="2" ten="232,151,65,532" step="2"/><W127/><G127/><T60/><D134/><U53/><E53/><V89/><F89/><W72/><G72/><T88/><D88/><U129/><E129/><V17/><F17/><W135/><G135/><T8/><D106/><U79/><E79/><N who="3" m="30218" /><G104/><T43/><D105/><U9/><AGARI ba="0,2" hai="5,7,9,11,13,15,20,26,31,52,57,63,96,98" machi="9" ten="30,12000,2" yaku="1,1,0,1,9,1,8,1,54,1,53,1" doraHai="68" doraHaiUra="58" who="1" fromWho="1" sc="232,-30,151,140,65,-60,532,-30" /><INIT seed="7,0,0,2,0,124" ten="202,291,5,502" oya="3" hai0="12,132,28,76,93,52,130,53,8,1,50,82,44" hai1="42,55,129,22,29,41,75,43,128,2,91,100,57" hai2="20,72,110,97,30,96,118,18,67,94,85,17,127" hai3="108,89,104,32,134,116,27,56,21,95,62,135,26"/><W31/><G104/><T64/><D132/><N who="3" m="50729" /><G116/><T6/><D28/><U38/><E2/><V47/><F127/><W105/><G105/><T81/><D64/><U88/><E100/><V69/><F118/><W102/><G102/><T14/><D130/><N who="1" m="50283" /><E75/><V37/><F72/><W112/><G112/><T46/><D93/><U13/><E13/><V125/><F110/><W48/><G48/><T121/><D121/><U113/><E22/><V122/><F122/><W19/><G108/><T86/><D53/><U3/><E3/><V101/><F125/><W103/><G103/><T11/><D82/><U106/><E106/><V87/><F97/><N who="3" m="57583" /><G56/><T123/><D123/><U25/><E25/><N who="2" m="16679" /><F37/><W49/><G49/><T15/><REACH who="0" step="1"/><D46/><REACH who="0" ten="192,291,5,502" step="2"/><N who="1" m="23863" /><E29/><V68/><F47/><W73/><G73/><T117/><D117/><U9/><E42/><V131/><F131/><W16/><G19/><T120/><D120/><U0/><E43/><V70/><F17/><W133/><G133/><T99/><D99/><U119/><E119/><V61/><F18/><W92/><G92/><T111/><D111/><U60/><E113/><V40/><F94/><W23/><G23/><T74/><D74/><U39/><E39/><V83/><F96/><W107/><G107/><T36/><D36/><U115/><E115/><V51/><F40/><W58/><G16/><T79/><D79/><U45/><E45/><V98/><F98/><W109/><G109/><T33/><D33/><U34/><E34/><V7/><F101/><W35/><G27/><T10/><AGARI ba="0,1" hai="1,6,8,10,11,12,14,15,44,50,52,76,81,86" machi="10" ten="30,4000,0" yaku="1,1,0,1,54,1,53,0" doraHai="124" doraHaiUra="63" who="0" fromWho="0" sc="192,50,291,-10,5,-10,502,-20" owari="242,-16.0,281,8.0,-5,-51.0,482,59.0" /></mjloggm>