<mjloggm ver="2.3"><GO type="97"/><UN n0="%44%69%61%67%6F%6E%61%6C" n1="%E3%81%A9%E3%82%89%E3%83%89%E3%83%A9%EF%BC%81" n2="%4E%6F%4E%61%6D%65%74%6F" n3="%EF%BC%88%E2%89%A7%E2%96%BD%E2%89%A6%EF%BC%89" dan="14,16,14,15" rate="1900,2076,1877,1964" sx="M,M,M,M"/><TAIKYOKU oya="0"/><INIT seed="0,0,0,3,1,101" ten="250,250,250,250" oya="0" hai0="104,3,99,8,1,82,109,5,28,113,94,35,135" hai1="72,111,23,115,30,118,89,92,65,32,81,123,58" hai2="29,79,59,116,96,68,45,33,56,24,107,110,85" hai3="130,37,4,55,18,20,84,93,53,128,57,19,21"/><T25/><D113/><U106/><E32/><V132/><F132/><W100/><G37/><T88/><D135/><U2/><E2/><V74/><F116/><W49/><G4/><T39/><D109/><U117/><E123/><V11/><F110/><W120/><G120/><T91/><D39/><U26/><E111/><V103/><F85/><W124/><G124/><T133/><D133/><U70/><E70/><V64/><F45/><W47/><G100/><T48/><D1/><U0/><E0/><V6/><F56/><W66/><G66/><T50/><REACH who="0" step="1"/><D104/><REACH who="0" ten="240,250,250,250" step="2"/><U14/><E106/><V129/><F129/><W51/><G130/><T40/><D40/><U78/><E115/><V83/><F59/><W90/><G128/><T121/><D121/><U44/><E117/><V61/><F11/><W77/><G77/><T42/><D42/><U54/><E118/><V108/><F108/><W31/><G31/><T73/><D73/><U62/><E44/><V60/><F6/><W46/><G57/><T16/><D16/><AGARI ba="0,1" hai="16,18,19,20,21,46,47,49,51,53,55,84,90,93" machi="16" ten="40,5200,0" yaku="9,1,8,1,54,1" doraHai="101" who="3" fromWho="0" sc="240,-52,250,0,250,0,250,62" /><INIT seed="1,0,0,4,1,61" ten="188,250,250,312" oya="1" hai0="51,98,58,42,37,17,105,54,103,52,11,108,99" hai1="92,85,65,96,118,73,119,101,126,53,121,20,117" hai2="7,14,39,15,62,5,63,41,82,12,71,93,128" hai3="135,34,2,28,66,64,123,33,32,79,110,36,95"/><U22/><E73/><V55/><F128/><W47/><G123/><T46/><D108/><U19/><E121/><V106/><F106/><W43/><G2/><T84/><D99/><U74/><E74/><V90/><F82/><W132/><G110/><T125/><D125/><U57/><E126/><V80/><F80/><W87/><G28/><T78/><D78/><U16/><E85/><V75/><F75/><W60/><G79/><T70/><D70/><U56/><E65/><V29/><F29/><W100/><G100/><T112/><D84/><U94/><E94/><V13/><N who="2" m="3584" /><DORA hai="76" /><V72/><F72/><W127/><G127/><T116/><D11/><U107/><E107/><V18/><F18/><W104/><G104/><T3/><D3/><U8/><E8/><V81/><F81/><W40/><G40/><T111/><D17/><U97/><E97/><V0/><F0/><W89/><REACH who="3" step="1"/><G66/><REACH who="3" ten="188,250,250,302" step="2"/><T24/><D111/><U130/><E130/><V25/><F41/><W44/><G44/><T83/><D46/><U122/><E122/><V91/><F39/><W6/><G6/><T4/><D42/><U129/><E129/><V21/><F7/><W88/><G88/><T120/><D4/><U9/><E9/><V134/><F5/><W77/><G77/><T38/><D37/><U10/><E10/><V124/><F124/><W30/><G30/><T45/><D38/><U86/><E118/><V109/><F91/><W114/><G114/><T102/><D112/><U115/><E115/><V49/><F109/><W27/><G27/><T31/><D116/><U48/><E119/><RYUUKYOKU ba="0,1" sc="188,-10,250,-10,250,-10,302,30" hai3="32,33,34,36,43,47,60,64,87,89,95,132,135" /><INIT seed="2,1,1,3,2,54" ten="178,240,240,332" oya="2" hai0="100,21,48,108,66,8,118,9,72,74,35,18,124" hai1="33,17,110,4,107,1,86,130,106,109,113,25,89" hai2="52,68,62,121,60,98,38,134,77,76,12,30,80" hai3="129,64,23,22,42,127,132,88,14,55,82,24,91"/><V93/><F121/><W104/><G104/><T81/><D35/><U99/><E113/><V75/><F38/><W15/><G132/><T31/><D124/><U122/><E99/><V111/><F134/><W114/><G127/><T70/><D118/><U34/><E34/><V126/><F126/><W71/><G114/><T90/><D108/><N who="1" m="41579" /><E130/><V40/><F40/><W43/><G129/><T96/><D31/><N who="1" m="19695" /><E122/><V133/><F133/><W46/><G71/><T44/><D74/><U51/><E17/><V97/><F111/><W3/><G3/><T37/><D37/><U84/><E51/><V120/><F120/><W49/><G23/><T105/><D70/><U26/><E26/><V135/><F135/><W123/><G123/><T20/><D21/><U131/><E86/><V56/><F30/><W47/><G49/><T117/><D117/><U32/><E32/><V87/><F87/><W79/><G24/><T95/><D72/><U67/><E67/><V69/><F77/><W2/><G79/><T101/><D66/><U45/><E45/><V63/><F98/><W94/><G46/><T27/><D101/><U58/><E58/><V59/><F59/><W92/><G47/><T6/><D6/><U39/><E39/><V57/><F63/><W128/><G128/><T115/><D115/><U83/><E131/><V116/><F116/><W0/><G0/><T50/><D50/><U16/><E16/><V102/><F12/><W103/><G15/><T85/><D105/><U10/><AGARI ba="1,1" hai="1,4,10,83,84,89,106,107" m="19695,41579" machi="10" ten="30,1100,0" yaku="14,1" doraHai="54" who="1" fromWho="1" sc="178,-4,240,24,240,-6,332,-4" /><INIT seed="3,0,0,5,2,43" ten="174,264,234,328" oya="3" hai0="12,38,6,14,61,37,58,98,33,35,96,78,121" hai1="27,1,36,59,26,125,123,71,0,28,65,111,5" hai2="17,107,8,9,88,53,74,73,79,29,103,63,95" hai3="30,124,129,116,131,83,84,52,76,16,112,25,134"/><W50/><G116/><T105/><D121/><U75/><E71/><V19/><F29/><W119/><G119/><T41/><D38/><U69/><E75/><V130/><F130/><N who="3" m="49675" /><G112/><T15/><D6/><U120/><E69/><V92/><F107/><W80/><G134/><T47/><D78/><U66/><E36/><V22/><F103/><W4/><G124/><T106/><D98/><U127/><E59/><V93/><F79/><W39/><G4/><T89/><D106/><U11/><E66/><V32/><F32/><W40/><G80/><T102/><REACH who="0" step="1"/><D89/><REACH who="0" ten="164,264,234,328" step="2"/><U67/><E111/><V46/><F74/><W13/><G76/><T91/><D91/><U55/><E120/><V42/><F73/><W62/><G39/><T57/><D57/><U126/><E123/><V3/><F3/><W132/><G84/><T34/><D34/><U118/><E0/><V81/><F81/><W72/><G83/><T104/><D104/><U77/><E77/><V110/><F110/><W23/><G72/><T48/><D48/><U97/><E97/><V82/><F82/><W115/><G50/><T108/><D108/><U24/><E118/><V7/><F7/><W90/><G90/><T99/><D99/><U117/><E117/><V45/><F88/><W70/><G70/><T128/><D128/><U21/><E126/><V101/><F101/><W113/><G113/><T87/><D87/><U10/><E125/><V94/><F94/><W68/><G115/><T18/><D18/><U2/><E127/><V64/><F64/><AGARI ba="0,1" hai="12,14,15,33,35,37,41,47,58,61,64,96,102,105" machi="64" ten="40,8000,1" yaku="1,1,52,1,53,2" doraHai="43" doraHaiUra="31" who="0" fromWho="2" sc="164,90,264,0,234,-80,328,0" owari="254,-15.0,264,6.0,154,-35.0,328,44.0" /></mjloggm>