<mjloggm ver="2.3"><GO type="41"/><UN n0="%E3%83%A0%E3%82%B9%E3%82%AB%E5%A4%A7%E4%BD%90" n1="%E5%96%AB%E7%85%99%E8%80%85" n2="%53%74%2E%53%69%6D%6F%6E" n3="%E3%82%A6%E3%83%AB%E3%83%88%E3%83%A9%E7%AB%8B%E7%9B%B4" dan="13,14,14,15" rate="1829,1952,1935,1966" sx="M,F,M,M"/><TAIKYOKU oya="0"/><INIT seed="0,0,0,1,2,5" ten="250,250,250,250" oya="0" hai0="40,84,48,11,79,6,46,16,107,101,97,98,86" hai1="67,49,133,75,60,33,18,50,54,92,118,108,95" hai2="94,88,47,131,30,83,114,13,115,44,2,102,100" hai3="91,38,89,72,62,87,42,37,66,76,25,39,90"/><T41/><D97/><U128/><E75/><V0/><F131/><W17/><G72/><T78/><D41/><U45/><E118/><V106/><F30/><W10/><G42/><T61/><D61/><U124/><E128/><V113/><F106/><W73/><G73/><T122/><D122/><U7/><E33/><V20/><F83/><W68/><G25/><T127/><D127/><U4/><E124/><V29/><F29/><W23/><G23/><T105/><D105/><U15/><E133/><V117/><F117/><W57/><G87/><T82/><D84/><U26/><E108/><V58/><F58/><W135/><G76/><T123/><D123/><U51/><E26/><V129/><F129/><W22/><G22/><T55/><D40/><U112/><E112/><V52/><F20/><W126/><G126/><T120/><D120/><U9/><E50/><V59/><F13/><W104/><G104/><T24/><D24/><U19/><E51/><V116/><F116/><W36/><G135/><T43/><D43/><U77/><E77/><V134/><F134/><W81/><G81/><T31/><D31/><U111/><E111/><V119/><F119/><W27/><G27/><T64/><D64/><U12/><E92/><V32/><F32/><W121/><G121/><T110/><D110/><U130/><E95/><V14/><F14/><W69/><N who="3" m="9728" /><DORA hai="53" /><W34/><G34/><T103/><D103/><N who="2" m="39466" /><F2/><W109/><G109/><T99/><D99/><U63/><E130/><V3/><F3/><W85/><G85/><T1/><D79/><U96/><E96/><N who="2" m="57415" /><F0/><W65/><G65/><RYUUKYOKU ba="0,0" sc="250,10,250,-30,250,10,250,10" hai0="1,6,11,16,46,48,55,78,82,86,98,101,107" hai2="44,47,52,59,113,114,115" hai3="10,17,57,62,66,68,69,89,90,91" /><INIT seed="0,1,0,3,0,62" ten="260,220,260,260" oya="0" hai0="119,109,112,35,47,102,44,65,57,72,84,87,38" hai1="73,100,107,99,23,41,30,6,108,64,89,115,13" hai2="132,34,78,113,45,79,86,106,52,67,110,105,40" hai3="76,25,4,74,56,18,43,46,50,83,31,10,29"/><T93/><D35/><U96/><E73/><V9/><F34/><W26/><G56/><T15/><D72/><U60/><E108/><V3/><F113/><W7/><G7/><T14/><D112/><U117/><E115/><V0/><F110/><W37/><G26/><T53/><D119/><U66/><E117/><V51/><F40/><W68/><G68/><T125/><D109/><U91/><E41/><V92/><F105/><W134/><G134/><T128/><D38/><U103/><E6/><V135/><F106/><W71/><G71/><T8/><D128/><U126/><E126/><V104/><F104/><W11/><G50/><T59/><D125/><U20/><E13/><V101/><F9/><W97/><G97/><N who="0" m="59695" /><D15/><U118/><E118/><V131/><F131/><W42/><G42/><T129/><D129/><U82/><E82/><V98/><F3/><W94/><G94/><T123/><D123/><U33/><E33/><V114/><F0/><W49/><G49/><N who="0" m="30895" /><D47/><U120/><E107/><V19/><F114/><W133/><G133/><N who="2" m="51273" /><F86/><W55/><G74/><T111/><D44/><U39/><E39/><V28/><F28/><W95/><G46/><T121/><D121/><U88/><E120/><V48/><F48/><W17/><G29/><T122/><D122/><U58/><E30/><V21/><F67/><W24/><G31/><T130/><D130/><U61/><E91/><V80/><F80/><W85/><G83/><T22/><D111/><U12/><E12/><AGARI ba="1,0" hai="12,19,21,45,51,52,78,79,92,98,101" m="51273" machi="12" ten="30,2000,0" yaku="20,1,54,1" doraHai="62" who="2" fromWho="1" sc="260,0,220,-23,260,23,260,0" /><INIT seed="1,0,0,1,4,83" ten="260,197,283,260" oya="1" hai0="98,122,61,112,40,18,77,16,99,135,69,43,67" hai1="131,90,19,101,66,125,46,121,14,35,132,100,3" hai2="129,47,79,85,81,89,93,13,31,110,115,128,109" hai3="45,59,95,1,72,6,84,73,15,20,57,104,76"/><U58/><E121/><V92/><F31/><W50/><G104/><T97/><D112/><U127/><E3/><V113/><F13/><W39/><G73/><T94/><D122/><U80/><E35/><V134/><F134/><W117/><G117/><T68/><D135/><U44/><E132/><V27/><F27/><W91/><G72/><T64/><D77/><U71/><E71/><V12/><F12/><W21/><G76/><T62/><D94/><N who="2" m="36458" /><F47/><N who="1" m="17961" /><E131/><N who="2" m="50251" /><F79/><W88/><G39/><T120/><D120/><U75/><E75/><V82/><F82/><N who="3" m="49175" /><G1/><T48/><D48/><U105/><E105/><V32/><F32/><W17/><G21/><T56/><D56/><U0/><E0/><V52/><F52/><N who="3" m="29775" /><G6/><T63/><REACH who="0" step="1"/><D63/><REACH who="0" ten="250,197,283,260" step="2"/><N who="1" m="38263" /><E127/><V118/><F118/><W108/><G108/><AGARI ba="0,1" hai="81,85,89,108,109,110,113,115" m="50251,36458" machi="108" ten="40,8000,1" yaku="14,1,19,1,34,2,52,1" doraHai="83" who="2" fromWho="3" sc="250,0,197,0,283,90,260,-80" /><INIT seed="2,0,0,3,5,126" ten="250,197,373,180" oya="2" hai0="70,20,7,47,53,56,94,88,74,113,32,50,23" hai1="58,112,134,48,77,2,38,130,40,124,117,106,75" hai2="99,85,39,60,29,107,28,55,9,86,129,8,26" hai3="17,30,115,65,41,89,83,78,135,22,59,69,51"/><V76/><F39/><W114/><G30/><T96/><D32/><U4/><RYUUKYOKU type="yao9" ba="0,0" sc="250,0,197,0,373,0,180,0" hai1="2,4,38,40,48,58,75,77,106,112,117,124,130,134" /><INIT seed="2,1,0,0,0,73" ten="250,197,373,180" oya="2" hai0="2,69,23,96,105,56,50,126,13,11,64,104,108" hai1="115,17,114,122,77,107,1,51,53,63,92,128,85" hai2="119,134,82,19,48,130,94,14,129,12,26,46,4" hai3="67,44,9,84,101,61,66,28,39,89,91,87,93"/><V112/><F112/><W59/><G101/><T47/><D2/><U0/><E107/><V42/><F119/><W125/><G125/><T18/><D126/><U98/><E128/><N who="2" m="49259" /><F134/><W21/><G39/><T36/><D108/><U52/><E122/><V3/><F94/><W127/><G127/><T102/><D69/><U49/><E63/><V45/><F3/><W132/><G132/><T106/><D36/><U32/><E32/><V131/><N who="2" m="49267" /><V31/><DORA hai="6" /><F4/><W37/><G37/><T86/><D64/><U68/><E68/><V81/><F46/><W78/><G44/><T15/><D56/><U120/><E120/><V111/><F111/><W41/><G41/><T118/><D118/><U110/><E110/><V43/><F43/><W24/><G67/><T80/><D47/><U75/><E0/><V124/><F124/><W25/><G25/><T113/><D50/><N who="1" m="18955" /><E1/><V20/><F14/><W116/><G116/><T74/><D74/><U30/><E75/><V55/><F42/><W10/><G78/><T83/><D113/><U62/><E114/><V88/><F88/><W27/><G27/><T60/><D60/><U99/><E62/><V70/><F70/><W16/><G28/><T8/><D105/><U34/><E30/><V7/><F7/><W38/><G38/><T35/><D106/><U103/><E115/><V100/><F100/><W71/><G71/><T40/><D40/><U72/><E72/><V121/><F121/><W57/><G57/><T95/><D104/><U22/><E98/><V133/><F133/><W90/><G90/><T109/><D102/><RYUUKYOKU ba="1,0" sc="250,-15,197,-15,373,15,180,15" hai2="12,19,20,26,31,45,48,55,81,82" hai3="9,10,16,21,24,59,61,66,84,87,89,91,93" /><INIT seed="2,2,0,5,1,41" ten="235,182,388,195" oya="2" hai0="96,63,125,45,129,4,91,5,127,33,49,36,0" hai1="69,120,54,30,55,109,62,9,121,81,11,51,124" hai2="76,80,12,131,78,37,82,128,112,16,115,32,117" hai3="122,90,132,29,83,73,38,71,75,72,104,27,31"/><V8/><F117/><W118/><G118/><T95/><D36/><U52/><E109/><V89/><F37/><W116/><G116/><T60/><D33/><U58/><E124/><N who="0" m="47689" /><D129/><N who="2" m="49738" /><F32/><W93/><G104/><T106/><D106/><U59/><E30/><V94/><F94/><W34/><G29/><T18/><D18/><U65/><E81/><N who="2" m="31339" /><F89/><W97/><G71/><T79/><D79/><AGARI ba="2,0" hai="8,12,16,76,78,79,112,115" m="31339,49738" machi="79" ten="30,2900,0" yaku="19,1,54,1" doraHai="41" who="2" fromWho="0" sc="235,-35,182,0,388,35,195,0" /><INIT seed="2,3,0,2,3,86" ten="200,182,423,195" oya="2" hai0="129,97,78,45,10,55,36,6,38,53,125,131,133" hai1="13,41,87,102,128,95,20,15,121,26,9,28,22" hai2="120,83,51,68,90,105,113,89,18,122,25,70,135" hai3="21,73,82,24,88,32,134,115,108,79,100,14,67"/><V19/><F105/><W49/><G100/><T65/><D78/><U85/><E128/><V119/><F119/><W99/><G32/><T103/><D65/><U104/><E121/><V35/><F113/><W44/><G14/><T48/><D103/><U17/><E104/><V61/><F83/><W56/><G134/><T64/><D64/><U63/><E41/><V94/><F94/><W52/><G115/><T42/><D97/><N who="1" m="59711" /><E63/><V98/><F98/><W111/><G67/><T93/><D93/><U69/><E69/><V72/><F72/><W126/><G44/><T12/><D133/><U81/><E81/><V5/><F135/><W71/><G71/><T23/><D125/><U27/><E15/><V117/><F117/><W59/><G59/><T114/><D114/><U33/><E33/><V75/><F75/><W46/><G46/><T39/><REACH who="0" step="1"/><D23/><REACH who="0" ten="190,182,423,195" step="2"/><U31/><AGARI ba="3,1" hai="9,13,17,20,22,26,27,28,31,85,87" m="59711" machi="31" ten="30,1100,0" yaku="8,1" doraHai="86" who="1" fromWho="1" sc="190,-6,182,30,423,-8,195,-6" /><INIT seed="3,0,0,0,1,35" ten="184,212,415,189" oya="3" hai0="91,40,84,6,97,8,105,13,41,34,42,59,55" hai1="21,17,114,99,116,43,57,30,31,92,18,22,101" hai2="79,47,11,104,132,49,125,75,63,20,118,112,129" hai3="89,36,111,73,130,98,27,14,107,5,83,25,123"/><W46/><G123/><T70/><D70/><U93/><E114/><V88/><F104/><W131/><G27/><T94/><D34/><U60/><E116/><V81/><F118/><W127/><G25/><T121/><D121/><U109/><E109/><V106/><F106/><W45/><G45/><T12/><D105/><U134/><E134/><V135/><F20/><N who="1" m="7785" /><E43/><V28/><F28/><N who="1" m="10793" /><E92/><V52/><F11/><W37/><G37/><T3/><REACH who="0" step="1"/><D97/><REACH who="0" ten="174,212,415,189" step="2"/><U19/><E19/><V74/><F112/><W119/><G98/><T15/><D15/><U100/><E100/><V71/><F71/><W80/><G14/><T126/><D126/><U108/><E108/><V51/><F125/><W24/><G127/><T69/><D69/><U133/><E133/><V110/><F110/><W96/><G111/><T50/><AGARI ba="0,1" hai="3,6,8,12,13,40,41,42,50,55,59,84,91,94" machi="50" ten="30,7900,0" yaku="1,1,0,1,52,1,53,1" doraHai="35" doraHaiUra="54" who="0" fromWho="0" sc="174,89,212,-20,415,-20,189,-39" /><INIT seed="4,0,0,5,4,103" ten="263,192,395,150" oya="0" hai0="84,68,100,53,115,13,91,55,4,110,98,61,36" hai1="113,104,118,126,89,75,76,2,74,79,20,35,63" hai2="82,22,122,56,46,120,15,45,30,124,26,78,66" hai3="77,38,93,41,106,121,90,28,133,64,99,44,86"/><T132/><D36/><U111/><E35/><V47/><F124/><W135/><G121/><T134/><D110/><U114/><E2/><V25/><F120/><W58/><G28/><T12/><D115/><N who="1" m="44043" /><E111/><V125/><F125/><W17/><G17/><T69/><D4/><U112/><E126/><V85/><F122/><W81/><G58/><T1/><D1/><U49/><E118/><V31/><F15/><W94/><G64/><T29/><D29/><U43/><E63/><V105/><F105/><W33/><G33/><T87/><D69/><U129/><E129/><V73/><F73/><N who="1" m="27657" /><E20/><V32/><F66/><W42/><G42/><T60/><D68/><U50/><E104/><V40/><F56/><W131/><G131/><T27/><D27/><U116/><E116/><V109/><F109/><W101/><REACH who="3" step="1"/><G94/><REACH who="3" ten="263,192,395,140" step="2"/><T6/><D6/><U11/><E112/><V83/><F83/><W88/><G88/><T59/><D91/><U23/><E89/><V18/><F31/><W48/><G48/><AGARI ba="0,1" hai="18,22,25,26,30,32,40,45,46,47,48,78,82,85" machi="48" ten="30,1000,0" yaku="7,1" doraHai="103" who="2" fromWho="3" sc="263,0,192,0,395,20,140,-10" /><INIT seed="5,0,0,0,5,84" ten="263,192,415,130" oya="1" hai0="120,69,111,96,6,55,134,34,107,77,20,50,129" hai1="126,18,72,94,93,49,123,26,36,33,23,32,4" hai2="25,40,83,47,31,22,54,68,76,124,86,70,113" hai3="11,109,119,46,98,65,128,132,24,15,74,95,66"/><U64/><E36/><V30/><F124/><W28/><G74/><T45/><D34/><U125/><E123/><V9/><F113/><W115/><G115/><T103/><D111/><U100/><E72/><V42/><F9/><W5/><G109/><T16/><D120/><U57/><E4/><V61/><F68/><W122/><G122/><T17/><D129/><U112/><E112/><V58/><F70/><W44/><G128/><T92/><D134/><U19/><E19/><V116/><F116/><W108/><G108/><T8/><D69/><U48/><E48/><V10/><F31/><W60/><G132/><T71/><D71/><U104/><E104/><V35/><F35/><N who="1" m="13385" /><E100/><V12/><F47/><W43/><G119/><T14/><D77/><U7/><E7/><AGARI ba="0,0" hai="7,10,12,22,25,30,40,42,54,58,61,76,83,86" machi="7" ten="30,2000,0" yaku="7,1,8,1" doraHai="84" who="2" fromWho="1" sc="263,0,192,-20,415,20,130,0" /><INIT seed="6,0,0,5,1,122" ten="263,172,435,130" oya="2" hai0="97,88,129,118,22,49,0,103,16,100,29,15,109" hai1="56,1,46,92,70,71,18,126,12,20,82,68,73" hai2="127,64,9,27,77,21,8,90,135,25,38,19,14" hai3="104,81,75,24,112,78,74,119,91,33,69,10,117"/><V115/><F38/><W35/><G10/><T31/><D0/><U58/><E1/><V17/><F115/><W94/><G24/><T23/><D109/><U52/><E126/><V85/><F127/><W3/><G3/><T50/><D118/><U30/><E30/><V96/><F135/><W42/><G42/><T105/><D129/><U47/><E58/><V65/><F77/><W133/><G69/><T113/><D113/><U86/><E92/><V34/><F96/><W95/><G35/><T66/><D66/><U76/><REACH who="1" step="1"/><E73/><REACH who="1" ten="263,162,435,130" step="2"/><V55/><F34/><W121/><G33/><T28/><D105/><U80/><E80/><V63/><F27/><W89/><G112/><T102/><D23/><U45/><E45/><V110/><F9/><W48/><G81/><T79/><D79/><U98/><E98/><V53/><F110/><W107/><G78/><T39/><D39/><U83/><E83/><V130/><F130/><W93/><G93/><AGARI ba="0,1" hai="15,16,22,28,29,31,49,50,88,93,97,100,102,103" machi="93" ten="40,5200,0" yaku="8,1,54,2" doraHai="122" who="0" fromWho="3" sc="263,62,162,0,435,0,130,-52" /><INIT seed="7,0,0,2,4,85" ten="325,162,435,78" oya="3" hai0="71,86,13,49,44,31,101,113,92,90,51,99,11" hai1="94,60,84,5,6,7,40,27,14,55,91,108,93" hai2="39,0,82,37,68,128,34,28,61,77,9,76,104" hai3="16,114,58,59,50,134,17,87,72,48,21,131,12"/><W98/><G72/><T63/><D71/><U36/><E108/><V1/><F76/><W30/><G30/><T8/><D113/><U81/><E36/><V119/><F104/><W62/><G114/><T32/><D32/><U46/><E14/><V65/><F128/><W112/><G131/><T130/><D31/><U100/><E100/><V19/><F119/><W41/><G112/><T69/><D130/><U4/><E4/><V70/><F70/><W67/><G134/><T25/><D25/><U23/><E40/><V123/><F123/><W96/><G87/><T133/><D133/><U97/><E97/><N who="3" m="37482" /><G41/><T2/><D2/><U78/><E78/><V22/><F28/><W109/><G109/><T18/><D63/><U129/><E129/><V43/><F43/><W120/><G120/><T47/><D69/><U10/><E10/><V103/><F39/><W117/><G117/><T80/><D8/><U35/><E35/><V95/><F37/><W53/><G17/><T64/><D64/><U38/><E38/><V29/><F29/><W73/><G73/><T121/><D121/><U125/><E125/><V126/><F19/><W26/><G26/><T89/><REACH who="0" step="1"/><D101/><REACH who="0" ten="315,162,435,78" step="2"/><U75/><E27/><V74/><F103/><W56/><G56/><T42/><D42/><U135/><E135/><V66/><F34/><W106/><G106/><T79/><D79/><U115/><E115/><V122/><F122/><W111/><G111/><T116/><D116/><U83/><E5/><V45/><F1/><W88/><G50/><AGARI ba="0,1" hai="11,13,18,44,47,49,50,51,80,86,89,90,92,99" machi="50" ten="40,8000,1" yaku="1,1,8,1,52,2,53,0" doraHai="85" doraHaiUra="33" who="0" fromWho="3" sc="315,90,162,0,435,0,78,-80" owari="405,21.0,162,-24.0,435,53.0,-2,-50.0" /></mjloggm>