<mjloggm ver="2.3"><GO type="41"/><UN n0="%43%74%72%6C" n1="%E3%82%B7%E3%83%AD%E3%83%83%E3%82%B3%E2%99%AA" n2="%E3%82%A6%E3%83%AB%E3%83%88%E3%83%A9%E7%AB%8B%E7%9B%B4" n3="%6D%61%72%74%69%6E%37%37" dan="14,15,15,13" rate="1948,2006,2032,1944" sx="M,M,M,M"/><TAIKYOKU oya="0"/><INIT seed="0,0,0,2,2,93" ten="250,250,250,250" oya="0" hai0="102,56,26,29,53,95,132,45,52,72,96,117,123" hai1="86,36,94,85,100,87,78,105,75,40,11,19,73" hai2="88,4,33,76,83,82,63,8,34,47,125,70,24" hai3="49,103,119,17,60,124,22,129,101,130,92,28,97"/><T7/><D117/><U39/><E11/><V134/><F125/><W80/><G119/><T71/><D123/><U111/><E19/><V1/><F134/><W13/><G124/><T10/><D71/><U3/><E3/><V59/><F70/><W66/><G80/><T84/><D72/><N who="1" m="27723" /><E40/><V99/><F76/><W104/><G49/><T32/><D132/><U65/><E65/><V30/><F34/><W106/><G28/><T61/><D84/><N who="1" m="32363" /><E39/><V128/><F128/><N who="3" m="49259" /><G103/><T44/><D53/><U90/><E36/><V16/><F47/><W114/><G114/><T6/><D6/><U55/><E55/><V58/><F58/><AGARI ba="0,0" hai="13,17,22,58,60,66,92,97,101,104,106" m="49259" machi="58" ten="30,2000,0" yaku="19,1,52,1" doraHai="93" who="3" fromWho="2" sc="250,0,250,0,250,-20,250,20" /><INIT seed="1,0,0,0,5,126" ten="250,250,230,270" oya="1" hai0="133,93,115,16,35,94,14,17,4,104,9,26,88" hai1="127,116,79,72,78,63,92,66,3,65,24,43,31" hai2="134,6,18,47,135,38,131,90,82,108,130,49,111" hai3="77,128,105,20,67,25,69,36,89,0,15,27,109"/><U100/><E116/><V60/><F6/><W80/><G0/><T57/><D115/><U48/><E3/><V84/><F38/><W91/><G105/><T103/><D104/><U29/><E127/><V132/><F60/><W22/><G36/><T45/><D133/><U37/><E37/><V118/><F118/><W70/><G15/><T33/><D45/><U34/><E31/><V11/><F18/><W52/><G109/><N who="2" m="42057" /><F11/><W110/><G110/><T55/><D35/><U7/><E7/><V58/><F58/><W102/><G102/><T50/><D33/><U62/><E72/><V114/><F114/><W53/><G67/><T51/><D26/><U87/><E63/><V96/><F96/><W2/><G2/><T46/><D103/><U129/><E65/><V86/><F86/><W19/><G77/><T71/><D71/><U75/><E75/><V32/><F32/><W106/><G106/><T76/><D94/><U12/><E12/><V8/><F8/><W23/><G80/><T121/><D76/><U64/><E64/><V95/><F82/><W68/><G19/><T124/><D124/><U30/><E34/><V97/><F97/><W10/><G10/><T81/><D81/><U1/><E1/><V21/><F21/><W125/><G125/><T83/><D83/><U40/><E30/><V54/><AGARI ba="0,0" hai="47,49,54,84,90,95,130,131,132,134,135" m="42057" machi="54" ten="40,8000,1" yaku="20,1,14,1,52,2" doraHai="126" who="2" fromWho="2" sc="250,-20,250,-40,230,80,270,-20" /><INIT seed="2,0,0,2,4,66" ten="230,210,310,250" oya="2" hai0="117,50,94,33,12,113,8,1,97,53,23,38,118" hai1="41,127,55,106,18,104,0,88,129,128,114,40,89" hai2="86,17,109,119,96,47,100,122,72,16,124,57,5" hai3="84,110,48,95,78,76,10,30,77,131,51,37,101"/><V13/><F72/><W120/><G37/><T102/><D113/><U134/><E114/><V103/><F122/><W21/><G120/><T71/><D38/><U107/><E0/><V105/><F119/><N who="0" m="45578" /><D33/><U125/><E55/><V52/><F124/><N who="1" m="47689" /><E18/><V60/><F109/><W45/><G110/><T49/><D23/><U68/><E68/><V132/><F132/><W39/><G10/><T82/><D82/><U59/><E59/><V9/><F103/><W27/><G39/><T74/><D74/><U28/><E28/><V56/><F47/><W93/><G51/><N who="0" m="19467" /><D1/><U64/><E64/><V42/><F42/><N who="1" m="16489" /><E134/><V34/><F34/><W112/><G112/><T4/><D53/><U87/><E87/><V11/><F57/><W81/><G95/><T36/><D36/><U73/><E73/><V65/><F65/><W69/><G69/><AGARI ba="0,0" hai="4,8,12,69,71,94,97,102" m="19467,45578" machi="69" ten="30,3900,0" yaku="12,1,52,2" doraHai="66" who="0" fromWho="3" sc="230,39,210,0,310,0,250,-39" /><INIT seed="3,0,0,2,0,5" ten="269,210,310,211" oya="3" hai0="115,59,126,121,39,21,41,71,82,116,63,72,13" hai1="64,125,87,108,36,61,31,6,38,81,66,55,112" hai2="114,109,78,96,135,123,20,74,11,67,50,91,73" hai3="0,3,84,129,1,102,90,10,19,132,92,53,117"/><W124/><G117/><T30/><D82/><U40/><E112/><V111/><F67/><W49/><G129/><T113/><D13/><U57/><E31/><V44/><F20/><W54/><G132/><T103/><D21/><U69/><E125/><V16/><F114/><W37/><G124/><T65/><D103/><U68/><E108/><N who="2" m="41547" /><F78/><W56/><G37/><T42/><D30/><U2/><E87/><V12/><F135/><W24/><G102/><T88/><D88/><U48/><E81/><V79/><F79/><W83/><G92/><T32/><D32/><U75/><E75/><V33/><F33/><W80/><G54/><T7/><D7/><U107/><E107/><V14/><F14/><W22/><REACH who="3" step="1"/><G83/><REACH who="3" ten="269,210,310,201" step="2"/><T101/><D126/><U26/><E2/><V47/><F123/><W86/><G86/><T118/><D118/><U52/><BYE who="0" /><E6/><AGARI ba="0,1" hai="0,1,3,6,10,19,22,24,49,53,56,80,84,90" machi="6" ten="40,3900,0" yaku="1,1,52,1,53,0" doraHai="5" doraHaiUra="58" who="3" fromWho="1" sc="269,0,210,-39,310,0,201,49" /><UN n0="%43%74%72%6C" /><INIT seed="3,1,0,5,5,65" ten="269,171,310,250" oya="3" hai0="116,39,105,87,95,90,111,33,108,67,109,96,81" hai1="119,100,30,83,41,132,3,5,6,59,15,1,45" hai2="54,43,117,73,53,58,21,85,124,121,123,4,134" hai3="129,74,9,79,19,28,44,63,60,36,89,2,18"/><W62/><G28/><T57/><D39/><U12/><E100/><V86/><F73/><W52/><G129/><T7/><D33/><U135/><E83/><V66/><F4/><N who="1" m="1641" /><E59/><V48/><F117/><W76/><G89/><N who="0" m="55407" /><D7/><U77/><E77/><V25/><F124/><W112/><G112/><T110/><D116/><U101/><E101/><V84/><F134/><N who="1" m="51241" /><E45/><V31/><F43/><W11/><G2/><N who="1" m="522" /><E41/><V130/><F130/><W23/><G19/><T69/><D57/><U27/><E119/><V120/><F54/><W17/><G17/><T14/><D105/><U37/><E37/><V20/><F66/><W91/><G91/><T24/><D67/><U113/><E113/><V13/><F84/><W92/><G92/><T68/><D111/><U26/><E26/><V125/><F85/><W10/><G74/><T34/><D24/><U50/><E50/><V55/><F86/><W75/><G75/><T46/><D46/><U122/><E122/><V115/><F115/><W133/><G133/><T103/><D103/><U38/><E38/><V56/><F55/><W97/><G97/><T102/><D102/><U16/><E16/><N who="2" m="10255" /><F58/><W61/><G36/><T107/><D107/><U118/><E118/><V29/><F123/><W8/><N who="3" m="2560" /><DORA hai="98" /><W114/><G114/><T94/><D94/><U72/><E72/><V49/><F121/><W51/><N who="3" m="15872" /><DORA hai="32" /><W104/><G104/><T80/><D80/><U35/><AGARI ba="1,0" hai="12,15,27,30,35" m="522,51241,1641" machi="35" ten="40,12000,2" yaku="20,1,34,2,52,3" doraHai="65,98,32" who="1" fromWho="1" sc="269,-31,171,123,310,-31,250,-61" /><INIT seed="4,0,0,2,1,75" ten="238,294,279,189" oya="0" hai0="47,42,121,86,48,61,28,56,12,73,92,119,39" hai1="112,37,90,66,95,102,129,113,7,30,74,26,63" hai2="65,78,79,36,33,111,64,101,15,14,127,55,107" hai3="43,84,25,106,135,126,76,44,87,110,122,93,133"/><T16/><D119/><U80/><E37/><V98/><F36/><W24/><G122/><T71/><D121/><U59/><E129/><V54/><F33/><W131/><G131/><T4/><D73/><U100/><E7/><V77/><F111/><W104/><G110/><T58/><D71/><U35/><E74/><V27/><F27/><W38/><G126/><T29/><D39/><U51/><E80/><V32/><F32/><W18/><G87/><T68/><D4/><U8/><E8/><V50/><F127/><W81/><G93/><T3/><D68/><U85/><REACH who="1" step="1"/><E51/><REACH who="1" ten="238,284,279,189" step="2"/><V118/><F118/><W134/><REACH who="3" step="1"/><G18/><REACH who="3" ten="238,284,279,179" step="2"/><T62/><D16/><U40/><E40/><V97/><F107/><AGARI ba="0,2" hai="24,25,38,43,44,76,81,84,104,106,107,133,134,135" machi="107" ten="50,8000,1" yaku="1,1,2,1,20,1,52,1,53,1" doraHai="75" doraHaiUra="41" who="3" fromWho="2" sc="238,0,284,0,279,-80,179,100" /><INIT seed="5,0,0,4,4,64" ten="238,284,199,279" oya="1" hai0="75,11,54,57,15,47,70,8,6,31,4,88,114" hai1="51,79,63,103,44,20,12,108,22,93,120,60,77" hai2="32,26,98,49,2,5,9,89,84,92,131,39,58" hai3="115,134,13,71,104,23,91,87,55,105,102,34,118"/><U25/><E120/><V126/><F39/><W14/><G34/><T74/><D114/><U29/><E108/><V76/><F126/><W90/><G71/><T52/><D31/><U100/><E79/><V40/><F131/><W96/><G115/><T41/><D70/><U66/><E77/><V83/><F32/><W78/><G14/><T56/><D41/><U38/><E38/><V127/><F127/><W121/><G121/><T45/><D15/><U111/><E111/><V101/><F26/><W106/><G55/><T80/><D80/><U18/><E93/><V48/><F40/><W37/><G37/><T110/><D110/><U0/><E0/><V24/><F24/><W17/><G118/><T1/><REACH who="0" step="1"/><D88/><REACH who="0" ten="228,284,199,279" step="2"/><U27/><E12/><V3/><F3/><AGARI ba="0,1" hai="1,3,4,6,8,11,45,47,52,54,56,57,74,75" machi="3" ten="25,8000,1" yaku="1,1,2,1,22,2,54,1,53,0" doraHai="64" doraHaiUra="124" who="0" fromWho="2" sc="228,90,284,0,199,-80,279,0" /><INIT seed="6,0,0,0,1,53" ten="318,284,119,279" oya="2" hai0="79,49,95,121,74,8,106,112,50,6,46,31,123" hai1="48,115,109,57,97,134,20,88,70,35,82,90,56" hai2="55,62,108,47,2,60,12,85,32,118,61,107,133" hai3="77,34,19,117,86,3,84,102,101,76,25,36,27"/><V37/><F2/><W91/><G3/><T41/><D106/><U38/><E70/><V103/><F32/><W113/><G36/><T64/><D64/><U51/><E38/><V105/><F118/><W110/><G117/><T58/><D31/><U98/><E35/><V16/><F108/><W22/><G110/><T26/><D26/><U28/><E109/><V104/><F133/><W129/><G129/><T65/><D95/><N who="1" m="56551" /><E115/><V7/><F7/><W126/><G126/><T23/><D23/><U87/><BYE who="0" /><E98/><V33/><F33/><W124/><G84/><T93/><D93/><U14/><E134/><V72/><F72/><UN n0="%43%74%72%6C" /><W69/><G124/><T131/><D112/><U1/><E1/><V10/><F85/><W63/><G113/><T45/><D131/><U0/><E0/><V92/><F92/><W67/><G102/><T83/><D65/><U127/><E127/><V4/><F4/><W116/><G101/><T114/><D114/><U24/><E14/><V122/><F122/><W21/><G34/><T11/><D6/><U73/><E73/><V52/><REACH who="2" step="1"/><F103/><REACH who="2" ten="318,284,109,279" step="2"/><W125/><G116/><T29/><D74/><U39/><E39/><V17/><F17/><W13/><G125/><T9/><D121/><U119/><E119/><V44/><F44/><W59/><G86/><T40/><D123/><U111/><E111/><V128/><F128/><W78/><G19/><T71/><D46/><U96/><E96/><V81/><F81/><W66/><G69/><T99/><D83/><U68/><E68/><V130/><F130/><W80/><G80/><T120/><D71/><RYUUKYOKU ba="0,1" sc="318,-15,284,15,109,15,279,-15" hai1="20,24,28,48,51,56,57,82,87,90" hai2="10,12,16,37,47,52,55,60,61,62,104,105,107" /><INIT seed="6,1,1,2,1,78" ten="303,299,124,264" oya="2" hai0="75,118,12,4,62,5,115,113,55,82,102,51,79" hai1="21,96,48,92,3,26,87,90,134,2,67,73,8" hai2="31,100,29,130,109,1,50,99,68,44,91,114,28" hai3="64,34,135,53,69,125,120,39,104,54,129,122,85"/><V133/><F68/><W103/><G34/><T27/><D118/><U127/><E73/><V52/><F1/><W56/><G85/><T105/><D62/><U9/><E67/><V16/><F109/><W101/><G104/><T65/><D65/><U110/><E110/><V116/><F116/><W70/><G103/><T35/><D12/><U94/><E3/><V98/><F130/><W42/><G101/><T107/><D27/><U124/><E134/><V60/><F133/><W132/><G129/><T18/><D18/><N who="1" m="12599" /><E48/><V15/><F114/><N who="0" m="43530" /><D35/><U40/><E40/><V7/><F7/><N who="0" m="2634" /><D102/><N who="1" m="60679" /><E2/><V17/><F60/><N who="3" m="37895" /><G125/><AGARI ba="1,1" hai="8,9,87,90,94,124,125,127" m="60679,12599" machi="125" ten="30,1000,0" yaku="18,1" doraHai="78" who="1" fromWho="3" sc="303,0,299,23,124,0,264,-13" /><INIT seed="7,0,0,5,1,20" ten="303,322,124,251" oya="3" hai0="35,86,110,111,8,109,42,43,19,94,127,52,106" hai1="55,10,36,24,31,47,59,89,75,63,23,112,53" hai2="129,113,116,61,51,41,54,40,3,128,124,81,88" hai3="118,16,79,101,91,135,57,29,17,133,76,92,39"/><W102/><G39/><T97/><D35/><U95/><E75/><V68/><F3/><W50/><G118/><T99/><D106/><U131/><E131/><V32/><F32/><W93/><G29/><T70/><D70/><U90/><E112/><V45/><F81/><W33/><G33/><T12/><D127/><U6/><E36/><V25/><F88/><W96/><G50/><T65/><D65/><U34/><E34/><V56/><F25/><W120/><G57/><T117/><D117/><U83/><E83/><V130/><F116/><W87/><G120/><T105/><D105/><U7/><E10/><V58/><F113/><W69/><G69/><T134/><D134/><N who="3" m="51209" /><G102/><T37/><D37/><U18/><E31/><V78/><F78/><AGARI ba="0,0" hai="16,17,76,78,79,87,91,92,93,96,101" m="51209" machi="78" ten="30,2900,0" yaku="20,1,54,1" doraHai="20" who="3" fromWho="2" sc="303,0,322,0,124,-29,251,29" /><INIT seed="7,1,0,1,0,84" ten="303,322,95,280" oya="3" hai0="54,90,114,4,131,117,129,11,41,83,40,53,109" hai1="43,107,99,44,45,87,34,22,104,32,115,89,97" hai2="18,65,79,69,60,123,132,46,112,126,133,113,20" hai3="14,72,71,49,82,92,94,1,100,33,110,13,128"/><W127/><G33/><T105/><D109/><U42/><E22/><V56/><F79/><W116/><G71/><T118/><D105/><U15/><E15/><V111/><F18/><W39/><G39/><T51/><D114/><U36/><E115/><V29/><F20/><W93/><G116/><T21/><D21/><U31/><E31/><V67/><F29/><W124/><G110/><T47/><D117/><U26/><E26/><V61/><F111/><W16/><G1/><T78/><D118/><U10/><E10/><V38/><F123/><W76/><G128/><N who="0" m="49227" /><D41/><U102/><E99/><V86/><F86/><W23/><G100/><T88/><D53/><U30/><E30/><V55/><F126/><N who="3" m="48171" /><G49/><T27/><D27/><AGARI ba="1,0" hai="13,14,16,23,27,72,76,82,92,93,94" m="48171" machi="27" ten="30,2900,0" yaku="18,1,54,1" doraHai="84" who="3" fromWho="0" sc="303,-32,322,0,95,0,280,32" /><INIT seed="7,2,0,0,3,65" ten="271,322,95,312" oya="3" hai0="84,33,127,82,114,92,79,96,25,64,99,67,113" hai1="17,39,38,78,129,3,24,1,45,36,91,23,57" hai2="117,27,98,115,107,75,101,14,52,90,6,116,104" hai3="94,100,41,42,40,28,105,49,109,58,135,16,80"/><W60/><G105/><T130/><D130/><U73/><E129/><V20/><F14/><W128/><G128/><T112/><D127/><U106/><E106/><V18/><F6/><W93/><G80/><T35/><D99/><U132/><E78/><V134/><F75/><W43/><G109/><T15/><D15/><U34/><E73/><V68/><F117/><W11/><G28/><N who="0" m="19599" /><D35/><U121/><E121/><V102/><F116/><W66/><G135/><T86/><D86/><U126/><E132/><V97/><F134/><W51/><G94/><T59/><D59/><U76/><E76/><V62/><F115/><N who="0" m="29442" /><T95/><DORA hai="10" /><D95/><U2/><E126/><V122/><F122/><W111/><G111/><T31/><D31/><U74/><E74/><V103/><F90/><AGARI ba="2,0" hai="64,67,79,82,84,90,92,96" m="29442,19599" machi="90" ten="40,2600,0" yaku="15,1,11,1" doraHai="65,10" who="0" fromWho="2" sc="271,32,322,0,95,-32,312,0" owari="303,-10.0,322,43.0,63,-44.0,312,11.0" /></mjloggm>