<mjloggm ver="2.3"><GO type="41"/><UN n0="%EF%BC%88%E2%89%A7%E2%96%BD%E2%89%A6%EF%BC%89" n1="%E3%82%AB%E3%83%AB%E3%83%88%E3%81%AF%E5%88%A5%E5%8D%93" n2="%E5%86%99%E8%BC%AA%E7%9C%BC" n3="%70%70%61%61%6F%6F" dan="14,13,13,16" rate="2079,1961,1830,2037" sx="M,M,M,M"/><TAIKYOKU oya="0"/><INIT seed="0,0,0,4,0,126" ten="250,250,250,250" oya="0" hai0="104,70,32,123,15,127,76,108,12,9,101,64,117" hai1="79,84,69,57,44,121,106,31,34,92,91,17,86" hai2="103,21,50,16,23,43,93,83,28,120,133,19,134" hai3="78,95,125,46,45,0,27,71,80,24,85,26,114"/><T97/><D123/><U115/><E69/><V113/><F120/><W33/><G71/><T63/><D117/><U25/><E106/><V18/><F113/><W75/><G0/><T118/><D118/><U82/><E121/><V29/><F83/><W22/><G125/><T60/><D127/><U4/><E115/><V87/><F43/><W5/><G5/><T73/><D108/><U11/><E17/><V37/><F37/><W14/><G33/><T65/><D32/><U111/><E111/><V100/><F50/><W77/><G114/><T55/><D55/><U48/><E57/><V49/><F87/><W116/><G116/><T90/><D90/><U109/><E109/><V96/><F49/><W74/><G74/><T42/><D42/><U89/><E79/><V54/><F54/><W56/><G56/><T41/><D41/><U39/><E39/><V98/><F19/><N who="3" m="10615" /><G75/><T107/><D107/><U94/><E82/><V58/><F58/><W35/><G35/><T8/><D76/><N who="3" m="29289" /><G95/><AGARI ba="0,0" hai="16,18,21,23,28,29,93,95,96,98,100,103,133,134" machi="95" ten="25,3200,0" yaku="22,2,54,1" doraHai="126" who="2" fromWho="3" sc="250,0,250,0,250,32,250,-32" /><INIT seed="1,0,0,3,4,35" ten="250,250,282,218" oya="1" hai0="57,103,119,54,87,66,117,34,124,120,50,36,105" hai1="41,39,100,77,92,32,26,126,91,76,101,31,86" hai2="61,73,128,84,27,102,38,42,82,79,6,37,60" hai3="46,132,10,17,129,114,21,52,109,113,19,45,3"/><U135/><E135/><V125/><F125/><W67/><G132/><T53/><D124/><U7/><E126/><V20/><F128/><W71/><G129/><T80/><D120/><U24/><E7/><V48/><F102/><W83/><G67/><T62/><D36/><U110/><E24/><V131/><F131/><W56/><G71/><T88/><D34/><U30/><E30/><V49/><F73/><W22/><G109/><T107/><D54/><U111/><E41/><V70/><F38/><W85/><G114/><T1/><D1/><U8/><E8/><V122/><F122/><W108/><G108/><N who="1" m="41514" /><E39/><V0/><F37/><W134/><G134/><T4/><D4/><U106/><E106/><V2/><F6/><W25/><G113/><T44/><REACH who="0" step="1"/><D103/><AGARI ba="0,0" hai="26,31,32,76,77,86,91,92,100,101,103" m="41514" machi="103" ten="30,2900,0" yaku="14,1,10,1" doraHai="35" who="1" fromWho="0" sc="250,-29,250,29,282,0,218,0" /><INIT seed="1,1,0,4,3,66" ten="221,279,282,218" oya="1" hai0="88,9,84,23,61,7,96,30,67,22,116,38,4" hai1="112,83,119,28,87,6,35,75,101,94,130,132,50" hai2="11,53,34,10,55,92,42,93,126,65,129,99,49" hai3="115,103,5,90,25,58,60,32,110,98,64,52,73"/><U114/><E6/><V41/><F34/><W12/><G115/><T109/><D116/><U131/><E50/><V45/><F129/><N who="1" m="49161" /><E28/><V82/><F126/><W36/><G73/><T86/><D38/><U48/><E35/><V125/><F82/><W91/><G36/><T13/><D109/><U85/><E48/><V118/><F125/><W27/><G110/><T44/><D44/><U107/><E119/><V31/><F31/><W133/><G133/><T102/><D4/><U16/><E16/><V0/><F65/><W71/><G32/><T51/><D51/><U77/><E132/><V29/><F29/><W37/><G37/><T15/><D15/><U33/><E33/><V54/><F118/><W63/><G25/><T2/><D2/><U80/><E107/><V105/><F0/><W14/><G27/><N who="0" m="16759" /><D102/><U79/><E87/><N who="0" m="33321" /><D23/><U97/><AGARI ba="1,0" hai="75,77,79,80,83,85,94,97,101,112,114" m="49161" machi="97" ten="30,6000,0" yaku="19,1,34,2" doraHai="66" who="1" fromWho="1" sc="221,-21,279,63,282,-21,218,-21" /><INIT seed="1,2,0,4,3,32" ten="200,342,261,197" oya="1" hai0="83,67,61,109,93,74,2,124,18,123,7,126,128" hai1="55,53,104,3,42,13,105,87,121,59,75,127,134" hai2="47,28,58,14,69,82,80,15,45,43,57,112,40" hai3="85,44,76,48,68,91,51,79,95,90,52,1,39"/><U100/><E121/><V84/><F69/><W5/><G68/><N who="0" m="42095" /><D123/><U11/><E75/><V115/><F28/><W26/><G39/><T33/><D128/><U102/><E134/><V49/><F49/><W20/><G5/><T129/><D129/><U125/><E42/><V21/><F21/><W86/><G1/><T22/><D33/><U23/><E87/><AGARI ba="2,0" hai="14,15,40,43,45,47,57,58,80,82,84,87,112,115" machi="87" ten="25,1600,0" yaku="22,2" doraHai="32" who="2" fromWho="1" sc="200,0,342,-22,261,22,197,0" /><INIT seed="2,0,0,3,1,18" ten="200,320,283,197" oya="2" hai0="104,114,100,93,7,129,85,32,113,6,15,119,134" hai1="126,39,125,44,79,117,77,88,76,102,37,118,33" hai2="55,68,56,127,20,51,29,41,61,54,62,27,1" hai3="72,111,83,36,95,34,67,116,59,78,5,60,0"/><V132/><F1/><W53/><G111/><T124/><D119/><N who="1" m="45579" /><E33/><V4/><F4/><W21/><G116/><T121/><D121/><U57/><E57/><V25/><F127/><N who="1" m="48649" /><E102/><V128/><F132/><W45/><G34/><T89/><D32/><U110/><E110/><V86/><F128/><W49/><G95/><T84/><D93/><U94/><E44/><N who="2" m="25999" /><F68/><W30/><G36/><T58/><D129/><U70/><E70/><V14/><F14/><W92/><G92/><T13/><D15/><U87/><AGARI ba="0,0" hai="37,39,76,77,79,87,88,94" m="48649,45579" machi="87" ten="40,2700,0" yaku="18,1,54,1" doraHai="18" who="1" fromWho="1" sc="200,-7,320,27,283,-13,197,-7" /><INIT seed="3,0,0,5,5,21" ten="193,347,270,190" oya="3" hai0="19,12,102,117,35,3,127,56,8,91,82,84,6" hai1="1,111,94,89,48,31,24,133,96,14,77,90,68" hai2="15,30,47,22,32,104,40,11,93,92,58,99,85" hai3="28,109,134,124,113,18,25,88,16,123,7,78,81"/><W55/><G123/><T45/><D117/><U107/><E1/><V4/><F104/><W135/><G113/><T130/><D127/><U54/><E111/><V75/><F75/><W33/><G124/><T38/><D130/><U9/><E68/><V60/><F32/><W108/><G7/><T131/><D131/><U129/><E77/><V26/><F85/><N who="3" m="50223" /><G78/><T86/><D35/><U105/><E90/><V53/><REACH who="2" step="1"/><F99/><REACH who="2" step="2"/><W49/><G109/><T118/><D86/><U52/><E129/><V67/><F67/><W73/><G73/><T97/><D97/><U76/><E107/><V106/><F106/><W10/><G108/><T101/><D84/><U116/><E105/><V122/><F122/><W46/><G10/><T112/><D8/><U87/><E116/><V132/><F132/><AGARI ba="0,1" hai="16,18,25,28,33,46,49,55,132,134,135" m="50223" machi="132" ten="30,11600,0" yaku="20,1,52,1,54,2" doraHai="21" who="3" fromWho="2" sc="193,0,347,0,260,-116,190,126" /><INIT seed="3,1,0,3,1,13" ten="193,347,144,316" oya="3" hai0="126,27,113,37,66,54,23,42,106,19,71,22,76" hai1="134,16,32,38,4,53,73,44,43,124,35,72,99" hai2="110,39,79,47,117,1,108,29,28,14,93,80,133" hai3="120,65,51,57,63,7,89,74,102,5,31,101,33"/><W58/><G120/><T95/><D126/><U131/><E4/><V9/><F117/><W6/><G74/><T119/><D106/><U127/><E131/><V116/><F116/><W61/><G33/><T56/><D119/><U107/><E134/><V135/><F93/><W100/><G31/><T122/><D122/><U87/><E53/><V90/><F90/><W48/><G89/><T68/><D113/><U81/><E107/><V62/><F62/><W97/><G97/><T123/><D123/><U46/><E99/><V60/><F60/><W130/><G130/><T91/><D76/><N who="1" m="46503" /><E46/><V12/><F47/><W26/><REACH who="3" step="1"/><G26/><REACH who="3" step="2"/><T115/><D27/><U50/><E72/><V132/><F39/><W112/><G112/><T24/><D37/><U41/><E73/><V125/><F79/><W111/><G111/><N who="2" m="42537" /><F125/><W83/><G83/><T103/><D115/><U21/><E38/><V121/><F121/><W114/><G114/><T85/><D91/><U40/><E124/><V64/><F80/><W118/><G118/><T104/><D24/><N who="1" m="14375" /><E127/><V3/><F64/><AGARI ba="1,1" hai="5,6,7,48,51,57,58,61,63,64,65,100,101,102" machi="64" ten="40,12000,1" yaku="1,1,9,1,8,1,53,2" doraHai="13" doraHaiUra="45" who="3" fromWho="2" sc="193,0,347,0,144,-123,306,133" /><INIT seed="3,2,0,0,1,34" ten="193,347,21,439" oya="3" hai0="133,25,53,15,64,132,18,44,52,88,121,36,100" hai1="95,68,108,17,39,22,124,84,77,127,59,126,103" hai2="74,87,106,97,48,20,35,24,69,71,86,66,93" hai3="96,46,128,31,99,82,29,3,78,21,12,113,112"/><W63/><G128/><T0/><D121/><U79/><E68/><V107/><F74/><W75/><G3/><T4/><D25/><U61/><E39/><V67/><F48/><W91/><G63/><T54/><D64/><U117/><E117/><V51/><F51/><W105/><G46/><T57/><D100/><U73/><E73/><V14/><F14/><W70/><G70/><T81/><D57/><U85/><E108/><V131/><F131/><W5/><G99/><T104/><D104/><U94/><E103/><V114/><F114/><W41/><G41/><N who="0" m="22567" /><D4/><U37/><E37/><V116/><F116/><W135/><G135/><N who="0" m="51787" /><D0/><U1/><E1/><V50/><F50/><W122/><G122/><T42/><D42/><U33/><E33/><V43/><F43/><W38/><G38/><T130/><D130/><U47/><E47/><V6/><F6/><W134/><G134/><T119/><D119/><U72/><E72/><V26/><F35/><W28/><G5/><T89/><D81/><N who="1" m="47151" /><E79/><V76/><F76/><W110/><G110/><T62/><D62/><U102/><E102/><V30/><F93/><N who="3" m="56383" /><G105/><T123/><D123/><U118/><E118/><V27/><F97/><W2/><G2/><T58/><D58/><U60/><E59/><V55/><F55/><W98/><G112/><T16/><D18/><U10/><E17/><V129/><F107/><W125/><G113/><T90/><D90/><U11/><E126/><V8/><F129/><W83/><G125/><T111/><D111/><U45/><E127/><V115/><F106/><W7/><G78/><T19/><D19/><RYUUKYOKU ba="2,0" sc="193,30,347,-10,21,-10,439,-10" hai0="15,16,52,53,54,88,89" /><INIT seed="4,3,0,2,3,2" ten="223,337,11,429" oya="0" hai0="81,102,103,23,96,74,60,3,112,54,113,45,32" hai1="70,50,62,27,65,89,0,10,117,110,76,52,90" hai2="111,97,107,21,101,38,134,15,84,29,49,109,87" hai3="58,24,44,35,73,122,98,9,130,99,79,85,105"/><T127/><D127/><U129/><E117/><V118/><F38/><W46/><G73/><T39/><D32/><U63/><E110/><V61/><F118/><W119/><G119/><T128/><D128/><U71/><E129/><V88/><F134/><W56/><G130/><T11/><D23/><U125/><E125/><V7/><F61/><W36/><G122/><T41/><D60/><U57/><E76/><V68/><F68/><W8/><G24/><T100/><D54/><U94/><E27/><V123/><F123/><W14/><G14/><T43/><D43/><U33/><E33/><V5/><F111/><W114/><G85/><T120/><D96/><U55/><E0/><V47/><F109/><W116/><G116/><T40/><D40/><U108/><E108/><V124/><F124/><W22/><G22/><T59/><D59/><U13/><E70/><V20/><F107/><W104/><G79/><N who="0" m="44279" /><D120/><U31/><E31/><V4/><F15/><W18/><G18/><T121/><D121/><U75/><E75/><V86/><F101/><W82/><G82/><T66/><D66/><U1/><E1/><V25/><F21/><W42/><G42/><T6/><AGARI ba="3,0" hai="3,6,11,39,41,45,100,102,103,112,113" m="44279" machi="6" ten="30,3000,0" yaku="25,1,52,1" doraHai="2" who="0" fromWho="0" sc="223,39,337,-13,11,-13,429,-13" owari="262,-14,324,12,-2,-50,416,52" /></mjloggm>