<mjloggm ver="2.3"><GO type="169" lobby="0"/><UN n0="%E3%83%AC%E3%83%87%E3%82%B9%E3%83%9E" n1="%EF%BC%88%E2%89%A7%E2%96%BD%E2%89%A6%EF%BC%89" n2="%E3%83%95%E3%83%AA%E3%83%86%E3%83%B3" n3="%EF%BC%BC%28%EF%BC%BE%6F%EF%BC%BE%29%EF%BC%8F%E2%98%85" dan="16,17,16,17" rate="2024.68,2178.32,2075.80,2184.68" sx="M,M,M,M"/><TAIKYOKU oya="0"/><INIT seed="0,0,0,5,1,69" ten="250,250,250,250" oya="0" hai0="24,91,127,47,126,41,9,71,114,119,21,1,68" hai1="20,131,128,83,32,48,116,123,45,121,118,134,15" hai2="54,130,132,75,31,102,99,26,95,112,124,129,36" hai3="87,14,46,110,3,18,88,43,8,92,97,10,86"/><T111/><D119/><N who="1" m="45611" /><E83/><V135/><F112/><W89/><G110/><T57/><D114/><U125/><E32/><V63/><F75/><W65/><G65/><T81/><D57/><U79/><E79/><V6/><F6/><W35/><G35/><T105/><D105/><U74/><E74/><V40/><F124/><N who="0" m="47658" /><D111/><U25/><E15/><V84/><F84/><W106/><G106/><T61/><D61/><U76/><E76/><V101/><F54/><W55/><G55/><T72/><D9/><U94/><E94/><V51/><F51/><W23/><G3/><T2/><D2/><U78/><E78/><V56/><F56/><W100/><G100/><T27/><D27/><U80/><E80/><V103/><F63/><W5/><G5/><T50/><D1/><U39/><E125/><V113/><F113/><W17/><G89/><T120/><D120/><U96/><E123/><V52/><F52/><W12/><G23/><T67/><D67/><U70/><E121/><V16/><F103/><W19/><G18/><N who="0" m="12343" /><D72/><U73/><E73/><V59/><F102/><W133/><G133/><N who="2" m="51273" /><F59/><W29/><G29/><T7/><D7/><U28/><E134/><V117/><F117/><W38/><AGARI ba="0,0" hai="8,10,12,14,17,19,38,43,46,86,87,88,92,97" machi="38" ten="20,8000,1" yaku="0,1,7,1,9,1,52,1,54,1" doraHai="69" who="3" fromWho="3" sc="250,-40,250,-20,250,-20,250,80" /><INIT seed="1,0,0,0,4,89" ten="210,230,230,330" oya="1" hai0="129,120,37,71,83,19,130,111,35,78,64,106,95" hai1="102,5,105,115,128,126,6,66,75,96,61,3,13" hai2="0,99,7,65,88,63,36,76,74,114,28,69,67" hai3="81,132,122,42,40,17,85,43,50,93,2,133,125"/><U77/><E115/><V20/><F36/><W70/><G70/><T59/><D106/><U123/><E123/><V9/><F114/><W131/><G122/><T127/><D71/><U31/><E126/><V15/><F67/><W39/><G39/><T117/><D117/><U38/><E128/><V91/><F76/><W54/><G2/><T109/><D120/><U30/><E38/><V32/><F74/><W16/><G125/><T21/><D35/><U92/><E3/><V112/><F112/><W51/><G131/><N who="0" m="50187" /><D37/><U135/><E135/><N who="3" m="51786" /><G51/><T119/><D119/><U10/><E5/><V25/><F99/><W94/><G17/><AGARI ba="0,0" hai="0,7,9,15,17,20,25,28,32,63,65,69,88,91" machi="17" ten="40,5200,0" yaku="24,2,54,1" doraHai="89" who="2" fromWho="3" sc="210,0,230,0,230,52,330,-52" /><INIT seed="2,0,0,4,0,43" ten="210,230,282,278" oya="2" hai0="18,104,10,3,119,96,116,72,42,90,100,62,19" hai1="99,102,33,36,51,61,97,111,129,40,117,76,57" hai2="48,32,64,67,68,79,78,127,113,30,31,8,110" hai3="39,45,4,93,77,24,112,63,89,128,0,94,85"/><V105/><F113/><W14/><G0/><T11/><D72/><U80/><E117/><N who="0" m="45129" /><D62/><U12/><E111/><V87/><F105/><W71/><G112/><T133/><D133/><U7/><E33/><V56/><F127/><W66/><G128/><T130/><D42/><U17/><E36/><V29/><F32/><W92/><G77/><T65/><D65/><U121/><E7/><V118/><F118/><W23/><G4/><N who="0" m="1311" /><D90/><U91/><E91/><V123/><F110/><W6/><G6/><T59/><D59/><U28/><E102/><V83/><F68/><W21/><G14/><N who="0" m="7519" /><D19/><U1/><E40/><V46/><F78/><W38/><G39/><T60/><D60/><U75/><E76/><V134/><F134/><W41/><REACH who="3" step="1"/><G24/><REACH who="3" ten="210,230,282,268" step="2"/><T54/><D130/><U74/><E129/><V58/><F79/><W16/><G16/><T15/><D15/><U109/><E12/><V5/><F5/><W20/><AGARI ba="0,1" hai="20,21,23,38,41,45,63,66,71,85,89,92,93,94" machi="20" ten="30,7900,0" yaku="1,1,0,1,52,1,53,1" doraHai="43" doraHaiUra="86" who="3" fromWho="3" sc="210,-20,230,-20,282,-39,268,89" /><INIT seed="3,0,0,5,3,78" ten="190,210,243,357" oya="3" hai0="112,108,7,24,113,80,43,62,8,117,87,5,125" hai1="133,60,104,32,34,77,106,70,127,90,102,66,48" hai2="86,89,36,19,67,45,130,51,135,55,27,88,12" hai3="95,46,25,99,49,131,103,10,118,1,107,105,14"/><W81/><G118/><T15/><D117/><U6/><E133/><V63/><F135/><W57/><G1/><T92/><D108/><U98/><E127/><V28/><F130/><W96/><G131/><T79/><D125/><U21/><E106/><V121/><F36/><W72/><G57/><T85/><D43/><U91/><E6/><V0/><F0/><W110/><G110/><T122/><D122/><U76/><E76/><V126/><F121/><W101/><G25/><T69/><D24/><U16/><E77/><V44/><F44/><W39/><G39/><T97/><D87/><U109/><E109/><V13/><F89/><W64/><G64/><T58/><D69/><U38/><E38/><V41/><F19/><W50/><G95/><T116/><D7/><U134/><E48/><V42/><F13/><W9/><G72/><T100/><REACH who="0" step="1"/><D116/><REACH who="0" ten="180,210,243,357" step="2"/><U4/><E4/><V83/><F126/><W18/><G14/><T65/><AGARI ba="0,1" hai="5,8,15,58,62,65,79,80,85,92,97,100,112,113" machi="65" ten="30,7900,0" yaku="1,1,2,1,0,1,52,1,53,0" doraHai="78" doraHaiUra="35" who="0" fromWho="0" sc="180,89,210,-20,243,-20,357,-39" /><INIT seed="4,0,0,3,3,35" ten="269,190,223,318" oya="0" hai0="36,37,4,106,28,24,50,125,127,9,107,15,46" hai1="1,124,3,44,110,92,26,79,66,94,80,17,118" hai2="88,95,103,61,71,116,12,54,69,112,129,34,11" hai3="85,8,121,13,130,74,20,57,102,135,47,132,76"/><T87/><D87/><U60/><E118/><V40/><F34/><W108/><G108/><T101/><D101/><U2/><E110/><V114/><F103/><W6/><G121/><T93/><D93/><U96/><E44/><V5/><F129/><W29/><G74/><T0/><D9/><U39/><E39/><V49/><F40/><W78/><G130/><T62/><D62/><U134/><E134/><V41/><F41/><W42/><G102/><T122/><D122/><U75/><E124/><N who="0" m="47689" /><D15/><U120/><E120/><V105/><F105/><W55/><G85/><T117/><D4/><U14/><E26/><V97/><F116/><W77/><G20/><N who="0" m="15367" /><D0/><U18/><E96/><V7/><F7/><W65/><G29/><T25/><D25/><U104/><E104/><N who="0" m="39977" /><D117/><U51/><E51/><V90/><F90/><W133/><G65/><T72/><D72/><U91/><E91/><V32/><F32/><W131/><G131/><T21/><D21/><U67/><E67/><V45/><REACH who="2" step="1"/><F61/><REACH who="2" ten="269,190,213,318" step="2"/><N who="3" m="36031" /><G78/><T64/><D37/><AGARI ba="0,1" hai="6,8,13,37,42,47,76,77,132,133,135" m="36031" machi="37" ten="30,1000,0" yaku="20,1" doraHai="35" who="3" fromWho="0" sc="269,-10,190,0,213,0,318,20" /><INIT seed="5,0,0,1,1,109" ten="259,190,213,338" oya="1" hai0="123,50,49,16,9,70,28,105,36,98,32,101,85" hai1="0,17,38,23,66,26,12,55,15,45,30,52,89" hai2="44,64,132,91,113,79,97,121,77,67,104,107,118" hai3="13,54,59,1,99,135,108,39,41,7,102,31,127"/><U10/><E0/><V63/><F118/><W112/><G108/><T92/><D36/><U4/><E66/><V106/><F121/><W73/><G73/><T48/><D70/><U37/><E89/><V22/><F132/><W24/><G135/><T131/><D123/><U72/><E72/><V87/><F97/><W42/><G1/><T47/><D131/><U43/><REACH who="1" step="1"/><E37/><REACH who="1" ten="259,180,213,338" step="2"/><V84/><F91/><W126/><G39/><T35/><D101/><U58/><E58/><V34/><F44/><W62/><G59/><T5/><D47/><U69/><E69/><V78/><F67/><W6/><G127/><T83/><D35/><AGARI ba="0,1" hai="4,10,12,15,17,23,26,30,35,38,43,45,52,55" machi="35" ten="30,12000,1" yaku="1,1,7,1,54,1,53,2" doraHai="109" doraHaiUra="8" who="1" fromWho="0" sc="259,-120,180,130,213,0,338,0" /><INIT seed="5,1,0,1,3,52" ten="139,310,213,338" oya="1" hai0="50,36,108,88,44,131,2,39,10,8,31,118,1" hai1="40,46,11,100,54,121,126,6,64,19,12,113,81" hai2="104,99,117,103,32,27,34,107,120,77,122,71,47" hai3="124,79,125,4,56,85,73,80,3,53,21,105,115"/><U114/><E121/><V119/><F77/><W38/><G38/><T83/><D118/><N who="2" m="45066" /><F47/><W109/><G109/><T43/><D108/><U94/><E64/><V58/><F58/><W68/><G68/><T61/><D31/><U23/><E81/><V60/><F107/><W62/><G115/><N who="1" m="44042" /><E126/><N who="3" m="48746" /><G105/><T63/><D131/><U135/><E54/><V70/><F70/><W5/><G3/><T37/><D1/><N who="1" m="463" /><E135/><V112/><F112/><W25/><G73/><T7/><REACH who="0" step="1"/><D10/><REACH who="0" ten="129,310,213,338" step="2"/><U89/><E23/><V41/><F34/><W93/><G93/><T128/><D128/><U35/><E94/><V26/><F32/><W18/><AGARI ba="1,1" hai="4,5,18,21,25,53,56,62,79,80,85" m="48746" machi="18" ten="30,2000,0" yaku="18,1,52,1" doraHai="52" who="3" fromWho="3" sc="129,-6,310,-11,213,-6,338,33" /><INIT seed="6,0,0,1,3,31" ten="123,299,207,371" oya="2" hai0="41,21,113,104,123,54,1,19,42,59,4,82,25" hai1="118,94,22,117,28,53,64,128,73,106,75,26,131" hai2="81,5,85,32,33,40,58,24,129,2,125,57,109" hai3="103,92,87,127,69,6,30,133,130,12,79,116,62"/><V52/><F40/><W66/><G116/><N who="1" m="44650" /><E106/><V65/><F65/><W34/><G133/><T36/><D123/><U20/><E64/><V134/><F134/><W93/><G127/><T107/><D113/><U23/><E94/><V14/><F2/><W132/><G132/><T67/><D67/><U88/><E88/><V61/><F125/><W97/><G130/><N who="1" m="49706" /><E53/><V60/><F129/><W90/><G79/><T46/><D41/><U9/><E9/><V43/><F43/><W124/><G124/><T35/><D82/><U56/><E56/><V114/><F114/><W100/><G103/><T111/><D107/><U108/><E108/><V16/><F109/><W44/><G44/><T120/><D104/><U91/><E91/><V51/><F60/><W38/><G38/><T110/><D120/><U8/><E8/><V45/><F57/><W55/><G55/><T37/><D37/><U3/><E3/><V95/><F95/><W18/><G92/><T126/><D126/><U15/><E15/><V86/><F58/><W89/><G89/><T39/><D39/><U135/><E135/><V50/><F61/><W105/><G93/><T98/><D98/><U10/><E10/><N who="2" m="4431" /><F50/><W48/><G48/><T17/><D111/><U122/><E122/><V101/><F101/><W7/><G90/><T11/><D110/><U112/><E112/><V27/><F81/><W78/><G78/><T76/><D76/><U63/><E63/><V77/><F77/><W13/><G105/><T80/><D80/><U83/><E83/><V68/><F68/><W102/><G102/><T115/><D115/><RYUUKYOKU ba="0,0" sc="123,-10,299,30,207,-10,371,-10" hai1="20,22,23,26,28,73,75" /><INIT seed="7,1,0,0,1,20" ten="113,329,197,361" oya="3" hai0="56,45,3,124,8,39,14,121,60,21,110,88,114" hai1="102,25,83,27,1,119,84,59,74,69,44,53,9" hai2="33,58,90,127,81,123,108,72,28,106,40,0,54" hai3="122,125,94,116,75,87,128,47,13,26,98,91,63"/><W79/><G116/><T43/><D110/><U11/><E69/><V86/><F0/><W46/><G122/><T61/><D121/><U5/><E74/><V80/><F106/><W78/><G75/><T52/><D124/><U22/><E119/><V35/><F123/><W100/><G125/><T67/><D114/><U134/><E134/><V105/><F105/><W7/><G26/><N who="1" m="9738" /><E1/><V104/><F104/><W30/><G30/><T101/><D101/><U36/><E36/><V76/><F28/><W129/><G63/><T132/><D132/><U111/><E111/><V29/><F29/><W112/><G112/><T57/><D3/><U51/><E22/><V118/><F118/><W95/><G13/><T55/><D21/><U65/><E102/><V109/><F40/><W97/><G7/><T68/><D88/><N who="1" m="51231" /><E5/><V12/><F12/><W38/><G38/><T17/><REACH who="0" step="1"/><D68/><REACH who="0" ten="103,329,197,361" step="2"/><U70/><E70/><V10/><F127/><W96/><G128/><T99/><D99/><N who="3" m="37961" /><G129/><T71/><D71/><U42/><E42/><V92/><F109/><W18/><G98/><T41/><D41/><N who="1" m="24975" /><E65/><AGARI ba="1,1" hai="8,14,17,39,43,45,52,55,56,57,60,61,65,67" machi="65" ten="30,12000,2" yaku="1,1,7,1,9,1,54,1,53,2" doraHai="20" doraHaiUra="49" who="0" fromWho="1" sc="103,133,329,-123,197,0,361,0" owari="236,4.0,206,-19.0,197,-30.0,361,45.0" /></mjloggm>