<mjloggm ver="2.3"><GO type="41"/><UN n0="%E6%B5%B7%E5%BA%95%E3%81%AE%E3%83%88%E3%82%B7" n1="%E3%82%A6%E3%83%AB%E3%83%88%E3%83%A9%E7%AB%8B%E7%9B%B4" n2="%E3%82%AA%E3%82%BA%E3%82%B0%E3%83%AB%E3%83%BC%E3%83%97" n3="%E3%83%A1%E3%83%B3%E3%82%AB%E3%82%A6%E3%83%A9%E3%83%BC" dan="13,15,15,13" rate="1820,2026,1991,1846" sx="M,M,M,M"/><TAIKYOKU oya="0"/><INIT seed="0,0,0,2,4,122" ten="250,250,250,250" oya="0" hai0="61,103,68,107,4,112,123,53,11,86,128,40,48" hai1="28,0,92,119,10,18,102,6,49,46,39,69,43" hai2="59,31,76,126,116,135,44,90,121,47,97,110,55" hai3="62,23,73,88,16,114,113,26,24,56,96,8,132"/><T29/><D112/><U101/><E119/><V17/><F121/><W42/><G73/><T89/><D123/><U127/><E69/><V58/><F116/><W105/><G132/><T74/><D74/><U64/><E64/><V134/><F31/><W83/><G42/><T37/><D128/><U33/><E127/><V9/><F76/><W2/><G105/><T80/><D29/><U25/><E92/><N who="2" m="56471" /><F126/><W82/><G2/><T77/><D107/><U36/><E49/><N who="2" m="31215" /><F9/><W27/><G8/><T1/><D103/><U67/><E67/><V15/><F58/><W94/><G114/><T91/><D68/><U38/><E102/><V131/><F131/><W45/><G45/><T84/><D61/><U100/><E100/><V106/><F106/><W111/><G111/><T75/><D84/><U60/><E60/><V41/><F41/><W5/><G5/><T72/><D86/><U34/><E101/><V117/><F117/><W129/><G129/><T32/><D32/><U50/><E33/><V71/><F71/><W3/><G3/><T35/><D35/><U66/><E66/><V7/><F7/><W118/><G118/><T70/><D70/><U125/><E125/><V85/><F85/><W115/><G115/><T79/><D79/><U81/><E81/><N who="3" m="30730" /><G113/><T65/><D65/><AGARI ba="0,0" hai="16,23,24,26,27,56,62,65,88,94,96" m="30730" machi="65" ten="30,3900,0" yaku="8,1,54,2" doraHai="122" who="3" fromWho="0" sc="250,-39,250,0,250,0,250,39" /><INIT seed="1,0,0,0,0,82" ten="211,250,250,289" oya="1" hai0="77,133,29,86,129,12,74,115,108,68,3,35,41" hai1="0,122,90,55,67,66,70,34,69,44,45,105,127" hai2="52,91,26,102,65,30,110,32,5,94,50,89,119" hai3="124,2,13,7,128,51,61,101,47,131,14,113,71"/><U100/><E0/><V39/><F119/><W95/><G113/><T27/><D115/><U75/><E75/><V118/><F39/><W18/><G124/><T96/><D68/><N who="1" m="26219" /><E90/><V83/><F118/><W4/><G61/><T59/><D108/><U60/><E100/><V125/><F110/><W46/><G71/><T78/><D129/><N who="3" m="49737" /><G2/><T49/><D133/><U99/><E99/><V9/><F125/><W15/><G18/><T57/><D3/><U92/><E92/><V107/><F65/><N who="1" m="24585" /><E105/><V104/><F102/><W116/><G116/><T43/><D96/><U112/><E34/><V63/><F63/><W1/><G1/><T76/><D74/><U117/><E117/><V33/><F33/><W88/><G101/><T85/><D12/><U36/><E112/><V84/><F9/><W93/><G51/><T123/><D123/><U53/><E127/><V72/><F5/><N who="3" m="2123" /><G95/><T109/><D109/><U54/><E122/><V31/><F31/><W25/><G25/><T16/><D16/><U130/><E130/><V38/><F38/><W22/><G22/><T20/><D35/><U97/><E97/><AGARI ba="0,0" hai="13,14,15,46,47,88,93,97" m="2123,49737" machi="97" ten="30,2000,0" yaku="19,1,54,1" doraHai="82" who="3" fromWho="1" sc="211,0,250,-20,250,0,289,20" /><INIT seed="2,0,0,5,1,111" ten="211,230,250,309" oya="2" hai0="16,65,13,44,106,122,108,55,69,3,86,29,58" hai1="46,109,47,26,78,54,96,75,70,116,98,117,71" hai2="83,115,36,11,101,27,127,7,107,60,72,105,56" hai3="34,112,81,104,62,38,74,43,2,135,64,123,35"/><V119/><F36/><W67/><G64/><T45/><D122/><U17/><E78/><V110/><F119/><W73/><G123/><T68/><D106/><U102/><E26/><V89/><F110/><W128/><G135/><T124/><D3/><U99/><E109/><V25/><F127/><W61/><G62/><T21/><D29/><U131/><E17/><V39/><F39/><W129/><G2/><T12/><D124/><U51/><E75/><N who="3" m="28682" /><G81/><T48/><D108/><U41/><E102/><V92/><F101/><W114/><G104/><T126/><D126/><U121/><E121/><V30/><F27/><W87/><G87/><T100/><D100/><U76/><E76/><V15/><F72/><W37/><G43/><T9/><D86/><U125/><E125/><V32/><F83/><W95/><G95/><T85/><D85/><U19/><E98/><V59/><F59/><N who="3" m="37311" /><G38/><T52/><D65/><U132/><E99/><V133/><F133/><W10/><G10/><T5/><REACH who="0" step="1"/><D44/><REACH who="0" ten="201,230,250,309" step="2"/><U93/><E47/><V50/><F105/><W90/><G90/><T1/><D1/><U91/><E132/><V18/><F107/><W33/><G37/><T57/><D57/><U79/><E46/><V113/><F50/><AGARI ba="0,1" hai="5,9,12,13,16,21,45,48,50,52,55,58,68,69" machi="50" ten="30,8000,1" yaku="1,1,7,1,54,2,53,1" doraHai="111" doraHaiUra="0" who="0" fromWho="2" sc="201,90,230,0,250,-80,309,0" /><INIT seed="3,0,0,4,5,125" ten="291,230,170,309" oya="3" hai0="82,74,40,14,57,131,104,79,60,77,98,126,3" hai1="107,59,114,70,35,86,73,48,38,87,25,41,4" hai2="0,66,71,5,46,119,83,132,1,31,94,75,93" hai3="19,69,80,109,54,96,130,128,67,111,102,2,113"/><W124/><G113/><T64/><D3/><U6/><E107/><V27/><F119/><W15/><G2/><T61/><D126/><U24/><E73/><V17/><F132/><W22/><G124/><T29/><D29/><U68/><E38/><V52/><F71/><W39/><G80/><T43/><D131/><N who="3" m="50217" /><G39/><T134/><D134/><U36/><E36/><V28/><F66/><W106/><G54/><T90/><D79/><U63/><E35/><V56/><F0/><W16/><G19/><T26/><D26/><U32/><E32/><V49/><F17/><W78/><G78/><T95/><D104/><U10/><E114/><V127/><F31/><W105/><G105/><T50/><D50/><U42/><E48/><V116/><F127/><W11/><G11/><T8/><D60/><AGARI ba="0,0" hai="15,16,22,60,67,69,96,102,106,109,111" m="50217" machi="60" ten="30,12000,1" yaku="19,1,52,3,54,1" doraHai="125" who="3" fromWho="0" sc="291,-120,230,0,170,0,309,120" /><INIT seed="3,1,0,1,1,5" ten="171,230,170,429" oya="3" hai0="90,7,123,118,25,17,97,51,61,2,6,39,10" hai1="23,127,107,88,125,45,11,63,113,122,41,56,80" hai2="82,101,40,126,69,50,93,4,109,68,128,115,31" hai3="75,112,58,79,70,62,66,27,32,95,91,49,19"/><W15/><G112/><T1/><D39/><U108/><E107/><V33/><F115/><W65/><G75/><T21/><D61/><U135/><E113/><V54/><F128/><W47/><G79/><T64/><D64/><U42/><E122/><V78/><F126/><N who="1" m="48137" /><E135/><V84/><F109/><W131/><G131/><T18/><D51/><U86/><E108/><V100/><F40/><W30/><G70/><T130/><D97/><U12/><E23/><V98/><F101/><W99/><G66/><T37/><D90/><U8/><E12/><V46/><F31/><W16/><REACH who="3" step="1"/><G15/><REACH who="3" ten="171,230,170,419" step="2"/><T38/><D123/><U29/><E29/><V57/><F33/><W132/><G132/><T129/><D118/><U76/><E76/><V14/><REACH who="2" step="1"/><F46/><REACH who="2" ten="171,230,160,419" step="2"/><W44/><G44/><T85/><D38/><N who="1" m="21687" /><E42/><AGARI ba="1,2" hai="16,19,27,30,32,42,47,49,58,62,65,91,95,99" machi="42" ten="30,11600,0" yaku="1,1,7,1,54,1,53,1" doraHai="5" doraHaiUra="43" who="3" fromWho="1" sc="171,0,230,-119,160,0,419,139" /><INIT seed="3,2,0,4,1,56" ten="171,111,160,558" oya="3" hai0="88,125,63,86,100,10,85,41,64,102,53,116,69" hai1="72,78,45,121,94,80,129,6,1,9,24,33,46" hai2="43,112,16,81,101,2,21,93,120,127,65,71,77" hai3="12,108,97,7,13,37,18,15,131,32,128,119,0"/><W40/><G97/><T28/><D116/><U110/><E121/><V59/><F120/><W96/><G96/><T89/><D125/><U34/><E129/><N who="3" m="49738" /><G40/><T5/><D28/><U104/><E110/><V50/><F127/><W27/><G37/><T22/><D22/><U17/><E104/><V42/><F112/><W3/><G119/><T132/><D132/><U36/><E46/><V60/><F2/><N who="3" m="555" /><G108/><T4/><D41/><U29/><E94/><V66/><F101/><W76/><G76/><T68/><D10/><U130/><E17/><V105/><F93/><W54/><G54/><T83/><D53/><U26/><E130/><V48/><F105/><W84/><G84/><T113/><D113/><U90/><E90/><V23/><F43/><W106/><G106/><T73/><D73/><U55/><E55/><V92/><F42/><W133/><G133/><T123/><D123/><U75/><E45/><V122/><F92/><W25/><G32/><T58/><D69/><U38/><REACH who="1" step="1"/><E75/><REACH who="1" ten="171,101,160,558" step="2"/><V44/><F122/><W19/><G7/><N who="0" m="2635" /><D68/><U135/><E135/><V39/><F44/><W8/><G8/><T82/><AGARI ba="2,1" hai="58,63,64,82,83,85,86,88,89,100,102" m="2635" machi="82" ten="30,4000,0" yaku="8,1,52,1,54,1" doraHai="56" who="0" fromWho="0" sc="171,56,101,-12,160,-12,558,-22" /><INIT seed="4,0,0,2,1,69" ten="227,89,148,536" oya="0" hai0="71,61,93,36,83,33,134,91,116,57,5,47,48" hai1="72,110,133,10,49,51,105,29,8,130,25,32,50" hai2="15,28,13,112,0,54,67,125,70,99,86,76,88" hai3="95,75,17,118,117,135,102,55,119,7,122,58,12"/><T124/><D33/><U126/><E110/><V100/><F0/><W34/><G75/><T38/><D5/><U98/><E72/><V41/><F112/><W31/><G122/><T87/><D116/><U26/><E126/><V65/><F125/><W123/><G135/><T113/><D113/><U35/><E133/><V106/><F41/><W101/><G123/><T2/><D2/><U20/><E130/><V79/><F28/><W42/><G42/><T96/><D124/><U129/><E129/><V16/><F15/><W46/><G46/><T131/><D71/><U24/><E20/><V90/><F90/><W62/><G7/><T82/><D82/><U68/><E68/><V4/><F4/><W132/><G132/><T64/><D134/><U56/><E56/><V40/><F40/><W37/><G37/><T128/><D128/><U77/><E77/><V3/><F3/><W121/><G121/><T74/><D74/><U14/><E14/><V59/><F70/><W30/><G34/><N who="1" m="12842" /><E29/><V1/><F1/><W97/><REACH who="3" step="1"/><G102/><REACH who="3" ten="227,89,148,526" step="2"/><T63/><D131/><U43/><E43/><V120/><F120/><W103/><G103/><T84/><D38/><U23/><E98/><V53/><F100/><W111/><G111/><T114/><D96/><U60/><E23/><AGARI ba="0,1" hai="12,17,23,30,31,55,58,62,95,97,101,117,118,119" machi="23" ten="40,1300,0" yaku="1,1,53,0" doraHai="69" doraHaiUra="108" who="3" fromWho="1" sc="227,0,89,-13,148,0,526,23" /><INIT seed="5,0,0,3,4,79" ten="227,76,148,549" oya="1" hai0="103,73,51,30,38,87,99,127,23,9,36,125,42" hai1="29,91,106,4,59,77,88,105,117,64,69,93,19" hai2="101,55,3,76,62,15,21,112,98,50,33,128,25" hai3="134,96,74,57,40,72,67,60,48,126,118,31,63"/><U120/><E69/><V122/><F3/><W39/><G96/><T45/><D9/><U54/><E120/><V56/><F122/><W22/><G74/><T6/><D6/><U65/><E117/><V111/><F111/><W100/><G72/><T34/><D34/><U14/><E4/><V80/><F128/><W49/><G100/><T2/><D2/><U43/><E77/><V11/><F33/><W26/><G126/><N who="0" m="48139" /><D73/><U104/><E29/><V85/><F112/><W58/><G134/><T89/><D23/><U75/><E43/><V10/><F15/><W46/><REACH who="3" step="1"/><G118/><REACH who="3" ten="227,76,148,539" step="2"/><T7/><D99/><U97/><E75/><V17/><REACH who="2" step="1"/><F62/><REACH who="2" ten="227,76,138,539" step="2"/><W131/><G131/><T83/><D103/><U28/><E91/><V94/><AGARI ba="0,2" hai="10,11,17,21,25,50,55,56,76,80,85,94,98,101" machi="94" ten="20,12000,2" yaku="1,1,2,1,0,1,7,1,8,1,52,1,53,0" doraHai="79" doraHaiUra="41" who="2" fromWho="2" sc="227,-30,76,-60,138,140,539,-30" /><INIT seed="6,0,0,5,1,51" ten="197,16,278,509" oya="2" hai0="33,50,60,13,27,121,56,69,57,53,84,65,120" hai1="2,72,1,134,109,99,116,94,103,111,61,41,10" hai2="91,35,127,135,45,129,39,74,22,108,15,17,75" hai3="30,90,6,38,11,16,28,55,40,66,82,9,43"/><V44/><F108/><W42/><G66/><T23/><D33/><U83/><E2/><V77/><F35/><W86/><G38/><T133/><D133/><U20/><E20/><V101/><F135/><W112/><G112/><T104/><D104/><U37/><E134/><V64/><F129/><W130/><G130/><T52/><D13/><U24/><E24/><V25/><F127/><W71/><G71/><T14/><D14/><U67/><E116/><V29/><F64/><W5/><G11/><T21/><D84/><U7/><E61/><V124/><F124/><W102/><G102/><T110/><D110/><U76/><E67/><V125/><F125/><W119/><G119/><T26/><D26/><U131/><E131/><V58/><F101/><W46/><G30/><T62/><D21/><U68/><E68/><V19/><F39/><W4/><G28/><AGARI ba="0,0" hai="23,27,28,50,52,53,56,57,60,62,65,69,120,121" machi="28" ten="30,7700,0" yaku="7,1,52,2,54,1" doraHai="51" who="0" fromWho="3" sc="197,77,16,0,278,0,509,-77" /><INIT seed="7,0,0,4,0,130" ten="274,16,278,432" oya="3" hai0="76,3,22,93,16,120,122,45,36,50,126,75,15" hai1="135,91,30,46,2,83,117,40,42,100,114,106,5" hai2="39,35,9,116,78,47,90,94,59,11,71,68,7" hai3="65,131,48,118,37,31,132,123,34,88,66,43,56"/><W21/><G123/><T79/><D3/><U80/><E30/><V19/><F35/><W32/><G118/><T27/><D126/><U85/><E5/><V24/><F116/><W97/><G132/><T89/><D36/><U61/><E2/><V108/><F108/><W26/><G131/><T69/><D69/><U112/><E61/><V57/><F78/><W28/><G37/><T52/><D79/><U121/><E46/><V55/><F71/><W129/><G129/><T110/><D110/><U115/><E40/><V81/><F68/><W113/><G113/><T99/><REACH who="0" step="1"/><D27/><REACH who="0" ten="264,16,278,432" step="2"/><U49/><E49/><V58/><F39/><W25/><G26/><T14/><D14/><U53/><E53/><V101/><F101/><W109/><G109/><T74/><D74/><U29/><E42/><V77/><F24/><W92/><G25/><T111/><D111/><U18/><E29/><V8/><F19/><W63/><G31/><T95/><D95/><U128/><E18/><V96/><F7/><W62/><G28/><T54/><D54/><U12/><E12/><V51/><REACH who="2" step="1"/><F8/><REACH who="2" ten="264,16,268,432" step="2"/><W20/><G20/><T4/><D4/><U17/><E17/><V73/><AGARI ba="0,2" hai="9,11,47,51,55,57,58,59,73,77,81,90,94,96" machi="73" ten="30,7900,0" yaku="1,1,2,1,0,1,53,1" doraHai="130" doraHaiUra="87" who="2" fromWho="2" sc="264,-20,16,-20,268,99,432,-39" owari="244,-16.0,-4,-50.0,367,17.0,393,49.0" /></mjloggm>