<mjloggm ver="2.3"><GO type="137"/><UN n0="%62%61%64%6F%62%61%6C%6C" n1="%E6%B5%81%E3%82%8C%E3%82%92%E8%A6%8B%E3%82%8B%E3%81%B9%E3%81%97" n2="%EF%BC%88%E2%89%A7%E2%96%BD%E2%89%A6%EF%BC%89" n3="%E3%81%8F%E3%81%92%E3%82%88%E3%81%86%E3%82%86%E3%81%86" dan="12,10,10,13" rate="1776,1584,1861,1787" sx="M,M,M,M"/><TAIKYOKU oya="0"/><INIT seed="0,0,0,4,2,31" ten="250,250,250,250" oya="0" hai0="71,16,8,129,25,110,124,120,35,101,68,89,37" hai1="60,126,73,103,30,121,76,45,94,114,14,12,33" hai2="90,118,70,85,64,105,49,75,111,132,83,86,11" hai3="127,128,5,77,95,125,27,93,46,3,133,6,112"/><T55/><D120/><U52/><E121/><V81/><F105/><W19/><G112/><T51/><D37/><U113/><E76/><V4/><F118/><W123/><G77/><T131/><D101/><U43/><E73/><V38/><F132/><W72/><G123/><T109/><D124/><N who="3" m="47689" /><G72/><T65/><D65/><U56/><E126/><V62/><F111/><N who="0" m="42506" /><D89/><U29/><E29/><V36/><F49/><W91/><G46/><T80/><D80/><U69/><E69/><V23/><F23/><N who="3" m="13823" /><G3/><T78/><D8/><U87/><E87/><V135/><F75/><W117/><G117/><T53/><D78/><U96/><E113/><V20/><F20/><W84/><G133/><T34/><D16/><U44/><E114/><V115/><F115/><W106/><G106/><T18/><D18/><U102/><E102/><V98/><F135/><W0/><G0/><T10/><D10/><U74/><E74/><V108/><F108/><W22/><G22/><T79/><D79/><U21/><E21/><V82/><F38/><W99/><G128/><N who="0" m="49227" /><D25/><U1/><E1/><N who="2" m="399" /><F36/><W58/><G5/><T26/><D26/><U9/><E9/><V92/><F81/><W42/><G6/><T13/><D13/><U40/><E12/><V48/><F83/><W61/><G91/><T67/><D67/><U17/><E14/><V2/><F2/><W24/><G24/><T104/><D104/><U100/><E17/><V88/><F98/><W47/><G99/><T54/><D51/><U28/><E103/><V57/><F48/><N who="3" m="26743" /><G84/><T116/><D116/><U130/><E130/><V7/><F7/><RYUUKYOKU ba="0,0" sc="250,10,250,-30,250,10,250,10" hai0="34,35,53,54,55,68,71" hai2="57,62,64,70,82,85,86,88,90,92" hai3="58,61,93,95" /><INIT seed="0,1,0,1,2,53" ten="260,220,260,260" oya="0" hai0="17,56,43,122,75,91,120,99,1,128,32,79,103" hai1="127,83,111,6,105,0,82,74,84,92,85,54,81" hai2="93,23,10,45,30,80,48,101,44,88,63,102,14" hai3="66,106,33,52,60,119,9,133,7,110,112,49,86"/><T87/><D1/><U42/><E42/><V90/><F80/><W21/><G119/><T41/><D32/><U98/><E6/><N who="2" m="3415" /><F63/><W5/><G106/><T65/><D79/><U94/><E0/><V40/><F45/><N who="3" m="27695" /><G33/><T50/><D75/><U123/><E123/><V126/><F126/><W20/><G112/><T64/><D122/><U11/><E11/><V24/><F90/><W62/><G110/><T89/><D120/><U8/><E8/><V100/><F100/><W34/><G34/><T135/><D135/><U3/><E3/><V97/><AGARI ba="1,0" hai="23,24,30,40,44,48,88,93,97,101,102" m="3415" machi="97" ten="30,2000,0" yaku="8,1,54,1" doraHai="53" who="2" fromWho="2" sc="260,-11,220,-6,260,23,260,-6" /><INIT seed="1,0,0,4,5,7" ten="249,214,283,254" oya="1" hai0="35,113,33,49,80,27,58,102,54,18,81,41,100" hai1="78,97,94,89,52,53,111,63,8,14,77,48,68" hai2="4,5,128,26,66,40,67,132,85,1,34,60,131" hai3="2,88,45,118,107,92,59,121,22,29,91,124,110"/><U47/><E111/><V125/><F125/><W83/><G110/><T42/><D113/><U103/><E68/><V106/><F132/><W119/><G107/><T84/><D18/><U30/><E30/><N who="2" m="19799" /><F106/><W72/><G2/><T64/><D64/><N who="2" m="24618" /><F1/><W115/><G121/><T135/><D135/><U129/><E129/><N who="2" m="49739" /><F40/><W123/><G115/><T104/><D104/><U93/><E63/><V122/><F122/><W0/><G123/><T11/><D42/><U24/><E24/><V20/><F60/><W75/><G124/><T61/><D41/><U12/><E53/><V114/><F114/><W74/><G0/><T101/><D27/><U87/><REACH who="1" step="1"/><E14/><REACH who="1" step="2"/><V55/><F55/><W105/><G119/><T43/><D61/><U23/><E23/><V46/><F20/><W17/><G118/><T117/><D43/><U108/><E108/><V56/><F46/><W65/><G45/><T70/><D70/><U126/><E126/><V16/><F56/><W134/><G59/><T76/><D58/><U79/><E79/><V112/><F112/><W73/><G22/><T39/><D54/><U6/><AGARI ba="0,1" hai="6,8,12,47,48,52,77,78,87,89,93,94,97,103" machi="6" ten="20,18000,2" yaku="1,1,0,1,7,1,8,1,52,1,54,1,53,0" doraHai="7" doraHaiUra="25" who="1" fromWho="1" sc="249,-60,204,190,283,-60,254,-60" /><INIT seed="1,1,0,2,5,34" ten="189,394,223,194" oya="1" hai0="41,18,64,82,109,121,12,54,0,101,57,127,68" hai1="3,116,24,76,84,39,86,100,74,90,111,29,21" hai2="30,120,107,56,9,11,110,52,77,81,114,105,51" hai3="47,37,78,96,123,13,70,80,132,94,67,71,126"/><U22/><E116/><V65/><F120/><W72/><G123/><T8/><D121/><U40/><E100/><V129/><F110/><W35/><G35/><T31/><D109/><U15/><E111/><V93/><F114/><W88/><G126/><T61/><D127/><U113/><E74/><V134/><F134/><W26/><G132/><T58/><D101/><U7/><E113/><V5/><F129/><W20/><G67/><T14/><D31/><U25/><E15/><V59/><F30/><W125/><G125/><T1/><D41/><U133/><E133/><V16/><F93/><W32/><G32/><T60/><D82/><U53/><E53/><V131/><F131/><W115/><G115/><T2/><D68/><U42/><E39/><V95/><F95/><W50/><G37/><T10/><REACH who="0" step="1"/><D0/><REACH who="0" step="2"/><U66/><E66/><V117/><F65/><W79/><G79/><T17/><AGARI ba="1,1" hai="1,2,8,10,12,14,17,18,54,57,58,60,61,64" machi="17" ten="20,16000,3" yaku="1,1,2,1,0,1,7,1,9,1,52,2,53,2" doraHai="34" doraHaiUra="55" who="0" fromWho="0" sc="179,173,394,-81,223,-41,194,-41" /><INIT seed="2,0,0,3,0,35" ten="352,313,182,153" oya="2" hai0="110,25,77,42,122,59,0,65,127,100,28,108,47" hai1="30,29,83,11,15,89,62,32,90,107,80,81,115" hai2="98,2,69,113,135,97,79,92,109,54,117,8,9" hai3="51,134,105,106,119,74,49,21,18,82,43,48,24"/><V68/><F117/><W99/><G119/><T7/><D122/><U84/><E107/><V128/><F113/><W36/><G134/><T14/><D127/><U91/><E115/><V56/><F135/><W87/><G74/><T66/><D100/><U111/><E111/><N who="0" m="42537" /><D77/><U116/><E116/><V5/><F128/><W41/><G36/><T104/><D104/><U57/><E30/><V23/><F109/><W53/><G105/><T95/><D14/><U12/><E12/><V61/><F79/><W44/><G106/><T124/><D59/><U40/><E40/><V130/><F130/><W93/><G41/><T102/><D102/><U71/><E71/><V31/><F9/><W131/><G131/><T45/><D95/><U120/><E120/><V70/><REACH who="2" step="1"/><F92/><REACH who="2" step="2"/><W73/><G73/><T22/><D124/><U37/><E84/><V123/><F123/><W112/><G112/><T63/><D42/><U34/><E29/><V52/><F52/><W114/><G114/><T94/><D66/><U27/><E37/><V16/><F16/><W129/><G129/><T75/><D65/><U103/><E27/><AGARI ba="0,1" hai="2,5,8,23,27,31,54,56,61,68,69,70,97,98" machi="27" ten="40,3900,0" yaku="1,1,52,1,53,0" doraHai="35" doraHaiUra="10" who="2" fromWho="1" sc="352,0,313,-39,172,49,153,0" /><INIT seed="2,1,0,3,4,6" ten="352,274,221,153" oya="2" hai0="99,84,47,32,107,39,101,0,34,108,72,28,18" hai1="135,134,125,48,132,133,118,35,1,60,131,44,51" hai2="5,110,70,114,81,37,89,85,112,46,115,40,106" hai3="87,91,111,53,67,55,49,83,127,124,36,82,92"/><V116/><F116/><W24/><G36/><T79/><D108/><U7/><E35/><V98/><F110/><W119/><G111/><T56/><D84/><U122/><E7/><V10/><F70/><W22/><G119/><T109/><D109/><U43/><E1/><V88/><F106/><W14/><G67/><T11/><D56/><U68/><E118/><V78/><REACH who="2" step="1"/><F98/><REACH who="2" step="2"/><W129/><G127/><T94/><D107/><U26/><E125/><V75/><F75/><W21/><G124/><T93/><D72/><U23/><E135/><V9/><F9/><W17/><G129/><T16/><D11/><U52/><E131/><V66/><F66/><W103/><G103/><T29/><D99/><U97/><E97/><V73/><F73/><W12/><G12/><AGARI ba="1,1" hai="5,10,12,37,40,46,78,81,85,88,89,112,114,115" machi="12" ten="40,7700,0" yaku="1,1,52,1,54,1,53,0" doraHai="6" doraHaiUra="19" who="2" fromWho="3" sc="352,0,274,0,211,90,153,-80" /><INIT seed="2,2,0,1,2,122" ten="352,274,301,73" oya="2" hai0="100,12,34,20,17,53,27,84,46,10,68,76,63" hai1="115,23,16,48,2,62,132,40,44,128,114,89,112" hai2="58,134,47,82,50,31,92,14,25,4,130,131,8" hai3="9,36,5,41,72,42,61,99,59,135,22,70,110"/><V108/><F134/><W26/><G72/><T66/><D100/><U90/><E2/><V67/><F92/><W43/><G135/><T107/><D107/><U19/><E132/><V69/><F69/><W39/><G70/><T52/><D46/><U124/><E128/><N who="2" m="49195" /><F82/><W80/><G80/><T104/><D104/><U106/><E106/><V97/><F97/><W55/><G99/><T1/><D76/><U60/><E124/><V98/><F98/><W83/><G83/><T24/><D84/><U78/><E78/><V121/><F121/><W0/><REACH who="3" step="1"/><G110/><REACH who="3" step="2"/><T116/><D116/><U111/><E111/><V101/><F108/><W109/><G109/><T28/><REACH who="0" step="1"/><D1/><REACH who="0" step="2"/><U133/><E133/><V37/><F101/><W45/><G45/><T51/><D51/><U15/><E19/><AGARI ba="2,2" hai="0,5,9,19,22,26,36,39,41,42,43,55,59,61" machi="19" ten="40,2600,0" yaku="1,1,53,1" doraHai="122" doraHaiUra="3" who="3" fromWho="1" sc="342,0,274,-32,301,0,63,52" /><AGARI ba="2,0" hai="10,12,17,19,20,24,27,28,34,52,53,63,66,68" machi="19" ten="30,3900,0" yaku="1,1,7,1,54,1,53,0" doraHai="122" doraHaiUra="3" who="0" fromWho="1" sc="342,39,242,-39,301,0,115,0" /><INIT seed="3,0,0,3,4,40" ten="381,203,301,115" oya="3" hai0="109,20,14,0,117,37,83,30,106,9,98,97,44" hai1="24,71,51,55,38,59,111,8,21,66,25,108,53" hai2="75,39,7,3,86,45,115,133,28,5,52,17,100" hai3="119,127,47,112,82,32,6,79,132,23,11,19,42"/><W4/><G119/><T57/><D117/><U87/><E38/><V88/><F115/><W13/><G127/><T73/><D109/><N who="1" m="42059" /><E87/><V99/><F133/><W61/><G32/><T118/><D106/><U56/><E8/><V60/><F75/><W70/><G132/><T122/><D122/><U54/><E21/><V33/><F3/><W63/><G112/><T95/><D57/><U113/><E24/><V67/><F33/><W34/><G34/><T130/><D30/><U46/><E25/><V96/><F28/><W74/><G70/><T114/><D20/><U64/><E113/><V126/><F126/><W104/><G104/><T103/><D114/><U77/><E77/><V90/><F17/><W2/><REACH who="3" step="1"/><G6/><REACH who="3" step="2"/><T69/><D118/><U102/><E102/><V93/><F5/><W76/><G76/><T62/><D69/><U105/><E105/><V129/><F7/><W72/><G72/><T49/><D103/><U31/><E31/><V121/><F121/><W1/><G1/><T81/><D73/><U128/><E128/><V50/><F129/><W123/><G123/><T131/><D0/><U125/><E125/><V78/><F78/><W89/><G89/><T120/><D130/><U92/><E92/><N who="2" m="58375" /><F90/><W48/><AGARI ba="0,1" hai="2,4,11,13,19,23,42,47,48,61,63,74,79,82" machi="48" ten="20,7800,0" yaku="1,1,0,1,7,1,52,1,53,0" doraHai="40" doraHaiUra="27" who="3" fromWho="3" sc="381,-26,203,-26,301,-26,105,88" /><INIT seed="3,1,0,2,3,29" ten="355,177,275,193" oya="3" hai0="19,123,6,28,43,8,110,65,91,119,90,89,130" hai1="96,78,113,25,21,14,37,102,83,72,116,86,112" hai2="38,66,61,9,57,103,51,93,3,48,40,77,115" hai3="69,58,39,111,94,106,118,68,62,50,87,109,126"/><W34/><G106/><T26/><D119/><U20/><E37/><V60/><F115/><W13/><G39/><T108/><D123/><U31/><E116/><V7/><F77/><W32/><G118/><T47/><D130/><U17/><E72/><V135/><F135/><W5/><G126/><T121/><D65/><U132/><E132/><V46/><F103/><W0/><G0/><T64/><D64/><U59/><E59/><V36/><F36/><W70/><G50/><T98/><D47/><U128/><E128/><V33/><F93/><W74/><G74/><T97/><D43/><U79/><E79/><V15/><F33/><N who="3" m="12907" /><G87/><T114/><D19/><U131/><REACH who="1" step="1"/><E131/><REACH who="1" step="2"/><V52/><REACH who="2" step="1"/><F3/><REACH who="2" step="2"/><W53/><G94/><AGARI ba="1,2" hai="14,17,20,21,25,31,78,83,86,94,96,102,112,113" machi="94" ten="30,3900,0" yaku="1,1,2,1,7,1,53,0" doraHai="29" doraHaiUra="134" who="1" fromWho="3" sc="355,0,167,62,265,0,193,-42" /><INIT seed="4,0,0,2,5,52" ten="355,229,265,151" oya="0" hai0="71,16,38,121,133,59,80,102,89,122,99,60,4" hai1="51,100,6,3,106,7,54,26,92,94,73,82,39" hai2="93,77,112,50,83,72,45,12,9,23,37,104,87" hai3="70,120,86,96,90,40,20,5,10,108,129,29,63"/><T85/><D38/><U62/><E39/><V43/><F104/><W105/><G120/><T31/><D71/><U41/><E106/><V91/><F112/><W111/><G40/><T53/><D133/><U69/><E3/><V11/><REACH who="2" step="1"/><F37/><REACH who="2" step="2"/><W64/><G111/><T115/><D115/><U79/><E41/><V109/><F109/><W8/><G108/><T46/><D46/><U56/><E26/><V18/><AGARI ba="0,1" hai="9,11,12,18,23,43,45,50,72,77,83,87,91,93" machi="18" ten="30,2000,0" yaku="1,1,0,1,53,0" doraHai="52" doraHaiUra="49" who="2" fromWho="2" sc="355,-10,229,-5,255,30,151,-5" /><INIT seed="5,0,0,5,0,92" ten="345,224,285,146" oya="1" hai0="91,117,86,52,32,17,21,44,124,63,78,49,64" hai1="40,60,93,14,62,22,19,10,53,119,4,38,2" hai2="13,133,30,89,132,70,127,114,77,7,23,6,12" hai3="90,87,9,58,81,106,26,8,130,99,61,112,108"/><U25/><E119/><V129/><F70/><W94/><G112/><T72/><D124/><U101/><E40/><V125/><F77/><W28/><G108/><T122/><D117/><U50/><E38/><V88/><F114/><W55/><G106/><T111/><D122/><U59/><E101/><V104/><F104/><W31/><G130/><T27/><D111/><U123/><E123/><V83/><F129/><W74/><G74/><T56/><D32/><U113/><E113/><V109/><F109/><W96/><G81/><T79/><REACH who="0" step="1"/><D72/><REACH who="0" step="2"/><U82/><E82/><AGARI ba="0,1" hai="17,21,27,44,49,52,56,63,64,78,79,82,86,91" machi="82" ten="30,8000,1" yaku="1,1,2,1,7,1,8,1,54,1,53,0" doraHai="92" doraHaiUra="128" who="0" fromWho="1" sc="335,90,224,-80,285,0,146,0" /><INIT seed="6,0,0,4,3,34" ten="425,144,285,146" oya="2" hai0="90,91,59,115,120,22,79,82,5,65,48,11,98" hai1="72,103,58,112,73,109,36,57,77,125,107,131,45" hai2="40,84,128,8,87,132,15,33,123,83,32,49,89" hai3="104,2,14,9,63,117,28,114,92,102,67,108,47"/><V68/><F123/><W0/><BYE who="1" /><G117/><T27/><D115/><U122/><E122/><V35/><F132/><W39/><G108/><T95/><D120/><U56/><E56/><V12/><F128/><W135/><G135/><T116/><D116/><U111/><E111/><V29/><F68/><W86/><G28/><T127/><D127/><U50/><E50/><V26/><F87/><W54/><G104/><T62/><D48/><U93/><E93/><V6/><REACH who="2" step="1"/><F15/><REACH who="2" step="2"/><W7/><G114/><T70/><D70/><U20/><E20/><V13/><F13/><W101/><G86/><T78/><D22/><U31/><E31/><V88/><F88/><W55/><G14/><N who="0" m="5487" /><D27/><U134/><E134/><V3/><F3/><W105/><G2/><T10/><D10/><U130/><E130/><V37/><F37/><W46/><G0/><T17/><D90/><U42/><E42/><V18/><F18/><W99/><G9/><T4/><D17/><U30/><E30/><V38/><F38/><W43/><G39/><T80/><D4/><U61/><E61/><V96/><F96/><W106/><G99/><T133/><D133/><U53/><E53/><V66/><F66/><W119/><G7/><T97/><D97/><U75/><E75/><V21/><F21/><W100/><G55/><T81/><AGARI ba="0,1" hai="59,62,65,78,79,80,81,82,91,95,98" m="5487" machi="81" ten="30,1100,0" yaku="8,1" doraHai="34" who="0" fromWho="0" sc="425,21,144,-3,275,-5,146,-3" /><INIT seed="7,0,0,5,1,10" ten="446,141,270,143" oya="3" hai0="7,121,62,23,37,6,129,78,79,26,3,27,84" hai1="9,93,30,90,0,125,11,106,5,59,109,74,83" hai2="38,76,116,2,113,13,67,127,126,100,85,103,14" hai3="21,18,12,57,89,118,64,22,66,45,36,131,63"/><W107/><G107/><T42/><D121/><U119/><E119/><V75/><F116/><W32/><G118/><T105/><D105/><U53/><E53/><V94/><F2/><W51/><G32/><T88/><D3/><U46/><E46/><V92/><F38/><W112/><G112/><T39/><D42/><U87/><E87/><V72/><F67/><N who="3" m="39407" /><G36/><T95/><D39/><U28/><E28/><V44/><F44/><W47/><G131/><T99/><D37/><U61/><E61/><V58/><F58/><W81/><G22/><T86/><D129/><U132/><E132/><V16/><F113/><W91/><G47/><T25/><D62/><U43/><E43/><V117/><F117/><W40/><G89/><N who="0" m="53671" /><D23/><U77/><E77/><N who="0" m="29193" /><D99/><U52/><E52/><V35/><F76/><W48/><G48/><T20/><D20/><U133/><E133/><V71/><F85/><AGARI ba="0,0" hai="12,18,21,40,45,51,64,66,81,85,91" m="39407" machi="85" ten="30,2900,0" yaku="8,1,52,1" doraHai="10" who="3" fromWho="2" sc="446,0,141,0,270,-29,143,29" /><INIT seed="7,1,0,3,2,63" ten="446,141,241,172" oya="3" hai0="109,134,13,15,102,100,114,71,69,28,64,44,38" hai1="129,3,98,74,135,105,72,14,23,85,51,18,16" hai2="95,101,82,124,40,66,12,34,6,97,8,49,22" hai3="84,81,128,111,122,57,120,83,115,76,33,26,73"/><W58/><G115/><T103/><D109/><U93/><E93/><V60/><F124/><W0/><G128/><T46/><D114/><U116/><E116/><V78/><F34/><W36/><G36/><T123/><D28/><U77/><E77/><V70/><F22/><W94/><G0/><T24/><D24/><U125/><E125/><V61/><F61/><W20/><G33/><T11/><D134/><U113/><E113/><V65/><F60/><W48/><G111/><T31/><D64/><U107/><E107/><V118/><F70/><N who="0" m="26634" /><D31/><U2/><E2/><V29/><F29/><W89/><G120/><T43/><D11/><U42/><E42/><V108/><F108/><W21/><G122/><T59/><D59/><U27/><E27/><V126/><F126/><W55/><G58/><T45/><D123/><U9/><E9/><V4/><F4/><W88/><REACH who="3" step="1"/><G26/><REACH who="3" step="2"/><T68/><D68/><U99/><E99/><AGARI ba="1,1" hai="20,21,48,55,57,73,76,81,83,84,88,89,94,99" machi="99" ten="30,11600,0" yaku="1,1,2,1,7,1,54,1,53,0" doraHai="63" doraHaiUra="56" who="3" fromWho="1" sc="446,0,141,-119,241,0,162,129" /><INIT seed="7,2,0,0,2,107" ten="446,22,241,291" oya="3" hai0="84,19,21,104,11,60,17,18,133,40,7,22,76" hai1="101,71,8,106,34,74,57,0,70,68,105,121,114" hai2="49,67,81,89,110,20,90,38,109,82,117,66,32" hai3="88,46,130,41,10,14,61,30,23,135,122,36,12"/><W25/><G122/><T111/><D104/><U78/><E78/><V50/><F32/><W83/><G135/><T96/><D111/><U91/><E91/><V124/><F20/><W134/><G134/><T2/><D96/><U75/><E75/><V44/><F44/><W33/><G130/><T51/><D60/><U108/><E108/><V45/><F45/><W77/><G61/><T87/><D133/><U132/><E132/><V79/><F79/><W15/><G33/><T47/><REACH who="0" step="1"/><D84/><REACH who="0" step="2"/><U131/><E131/><V28/><F117/><W120/><G120/><T80/><AGARI ba="2,1" hai="2,7,11,17,18,19,21,22,40,47,51,76,80,87" machi="80" ten="30,4000,0" yaku="1,1,2,1,0,1,53,0" doraHai="107" doraHaiUra="63" who="0" fromWho="0" sc="436,56,22,-12,241,-12,291,-22" owari="492,59,10,-49,229,-17,269,7" /></mjloggm>