<mjloggm ver="2.3"><GO type="41"/><UN n0="%E5%AE%9F%E6%B3%81%E3%81%99%E3%82%8B%E3%81%98%E3%81%87" n1="%E3%82%A6%E3%83%AB%E3%83%88%E3%83%A9%E7%AB%8B%E7%9B%B4" n2="%E6%82%AA%E9%AD%94%E3%81%A8%E5%A4%A9%E4%BD%BF" n3="%E2%98%86%47%44%45%48%E2%98%86" dan="13,15,13,13" rate="2060,1999,1877,2046" sx="F,M,F,M"/><TAIKYOKU oya="0"/><INIT seed="0,0,0,5,1,98" ten="250,250,250,250" oya="0" hai0="111,130,112,107,121,16,78,60,76,45,26,28,108" hai1="123,29,135,2,124,19,8,134,89,97,46,38,120" hai2="106,1,114,14,32,87,48,127,61,59,35,58,24" hai3="88,22,110,62,90,57,6,23,10,54,86,36,101"/><T73/><D121/><U85/><E38/><V12/><F106/><W50/><G36/><T43/><D112/><U82/><E46/><V81/><F114/><W70/><G70/><T91/><D73/><U13/><E2/><V66/><F1/><W41/><G110/><N who="0" m="42027" /><D130/><U65/><E124/><V27/><F127/><W128/><G128/><T52/><D107/><U115/><E115/><V77/><F35/><W68/><G90/><T55/><D91/><U64/><E29/><V118/><F118/><W34/><G34/><T20/><D28/><U131/><E131/><V47/><F59/><W93/><G68/><T31/><D31/><U0/><E0/><V25/><REACH who="2" step="1"/><F32/><REACH who="2" ten="250,250,240,250" step="2"/><W94/><G57/><N who="0" m="34855" /><D55/><AGARI ba="0,1" hai="12,14,24,25,27,47,48,55,58,61,66,77,81,87" machi="55" ten="40,5200,0" yaku="1,1,8,1,53,1" doraHai="98" doraHaiUra="83" who="2" fromWho="0" sc="250,-52,250,0,240,62,250,0" /><INIT seed="1,0,0,3,4,2" ten="198,250,302,250" oya="1" hai0="67,116,3,90,115,123,38,98,14,80,108,132,24" hai1="39,57,96,72,135,70,112,131,79,19,5,21,101" hai2="71,52,33,45,106,87,130,107,4,134,9,128,20" hai3="99,47,91,76,129,121,66,95,16,31,103,73,40"/><U83/><E70/><V15/><F71/><W53/><G121/><T28/><D67/><U35/><E112/><V55/><F33/><W51/><G129/><N who="2" m="49769" /><F134/><W119/><G119/><T64/><D64/><U60/><E35/><V36/><F36/><W23/><G31/><T120/><D80/><U111/><E135/><V104/><F45/><W61/><G76/><T12/><D90/><U63/><E131/><V133/><F133/><W6/><G73/><T69/><D98/><U18/><E39/><V41/><F41/><W8/><G103/><T85/><D85/><U65/><E111/><V125/><F125/><W86/><G86/><T113/><D38/><U89/><E89/><V94/><F20/><W49/><G66/><T25/><D69/><U84/><E72/><V102/><F102/><W109/><G109/><T30/><D108/><U75/><E75/><V88/><AGARI ba="0,0" hai="4,9,15,52,55,87,88,94,104,106,107" m="49769" machi="88" ten="40,8000,1" yaku="19,1,52,1,54,2" doraHai="2" who="2" fromWho="2" sc="198,-20,250,-40,302,80,250,-20" /><INIT seed="2,0,0,5,2,51" ten="178,210,382,230" oya="2" hai0="106,132,68,5,29,26,120,9,82,121,3,7,112" hai1="63,49,19,135,18,0,81,73,92,117,101,33,34" hai2="25,75,28,6,64,131,14,108,24,12,95,134,54" hai3="77,30,126,71,62,102,2,11,10,41,27,38,111"/><V99/><F134/><W110/><G102/><T127/><D68/><U72/><E63/><V36/><F36/><W35/><G77/><T87/><D106/><U97/><E0/><V69/><F75/><W55/><G41/><T130/><D112/><U32/><E117/><V85/><F131/><W114/><G38/><T47/><D132/><U105/><E135/><V67/><F69/><W57/><G71/><T66/><D66/><N who="2" m="25130" /><F108/><N who="3" m="41515" /><G2/><T17/><D130/><U104/><E81/><V39/><F39/><W90/><G114/><T80/><D121/><U31/><E31/><V40/><F40/><W13/><G126/><T74/><D127/><U119/><E119/><V84/><F6/><W94/><G13/><N who="2" m="5225" /><F28/><W118/><G118/><T1/><D7/><U100/><E73/><V70/><F70/><W89/><G89/><T48/><D5/><U76/><E76/><V16/><F99/><AGARI ba="0,0" hai="10,11,27,30,35,55,57,62,90,94,99" m="41515" machi="99" ten="30,2000,0" yaku="14,1,52,1" doraHai="51" who="3" fromWho="2" sc="178,0,210,0,382,-20,230,20" /><INIT seed="3,0,0,0,0,51" ten="178,210,362,250" oya="3" hai0="29,55,100,36,133,101,20,21,48,135,56,30,80" hai1="124,126,127,88,15,40,125,52,123,89,19,63,93" hai2="73,1,115,96,24,37,92,64,41,42,33,22,9" hai3="83,12,6,45,134,110,14,130,3,46,98,129,47"/><W106/><G106/><T31/><D36/><U39/><N who="1" m="32256" /><DORA hai="59" /><U75/><E123/><V32/><F115/><W105/><G134/><T117/><D117/><U61/><E75/><V53/><F73/><W104/><G83/><T86/><D133/><U76/><E76/><V122/><F122/><W97/><G3/><T85/><D135/><U16/><E40/><V28/><F64/><W121/><G47/><T77/><REACH who="0" step="1"/><D86/><REACH who="0" ten="168,210,362,250" step="2"/><U2/><E39/><V49/><F37/><W69/><G121/><T108/><D108/><U113/><E113/><V82/><F33/><W118/><G118/><T13/><D13/><U111/><E111/><V23/><F32/><W95/><G110/><T120/><D120/><U50/><E2/><V54/><F1/><W18/><G14/><T17/><D17/><N who="1" m="6731" /><E15/><V62/><F9/><W34/><G12/><T70/><D70/><U27/><E27/><V78/><F23/><AGARI ba="0,1" hai="20,21,23,29,30,31,48,55,56,77,80,85,100,101" machi="23" ten="40,5200,0" yaku="1,1,8,1,52,1,53,0" doraHai="51,59" doraHaiUra="132,7" who="0" fromWho="2" sc="168,62,210,0,362,-52,250,0" /><INIT seed="4,0,0,1,5,88" ten="230,210,310,250" oya="0" hai0="17,80,67,112,131,96,68,14,97,6,32,129,105" hai1="24,120,43,63,103,81,130,99,69,65,38,89,16" hai2="108,74,122,34,33,52,95,126,42,3,127,78,94" hai3="73,128,13,121,61,62,35,60,27,101,90,39,58"/><T0/><D32/><N who="2" m="12394" /><F122/><W135/><G73/><T87/><D112/><U72/><E120/><V133/><F3/><W123/><G39/><T41/><D41/><U85/><E72/><V10/><F42/><W30/><G128/><N who="0" m="49227" /><D105/><U28/><E130/><V29/><F29/><W104/><G135/><T106/><D106/><U55/><E55/><V93/><F133/><W92/><G13/><T109/><D109/><U9/><E43/><V114/><F108/><W21/><G35/><T83/><D83/><U118/><E38/><V15/><F78/><W12/><G12/><T22/><D67/><U40/><E40/><V8/><F74/><W46/><G46/><T82/><D68/><U75/><E75/><V56/><F15/><W98/><REACH who="3" step="1"/><G58/><REACH who="3" ten="230,210,310,240" step="2"/><T71/><D71/><U48/><E69/><V4/><F114/><W125/><G125/><N who="2" m="47625" /><F4/><W1/><G1/><T25/><D0/><U86/><E24/><V18/><F18/><W102/><G102/><T49/><D6/><U51/><E16/><V47/><F47/><W100/><G100/><T124/><D124/><U116/><E103/><V70/><F70/><W117/><G117/><T53/><D14/><U91/><E118/><V37/><F37/><W5/><G5/><T84/><D82/><U36/><E116/><V110/><F110/><W66/><G66/><T19/><D19/><U2/><E81/><V64/><F64/><W26/><G26/><T7/><D7/><U113/><E65/><V59/><F59/><W107/><G107/><T119/><D119/><U57/><E57/><V134/><F134/><W50/><G50/><AGARI ba="0,1" hai="8,10,50,52,56,93,94,95" m="47625,12394" machi="50" ten="40,12000,2" yaku="6,1,18,1,52,3,54,1" doraHai="88" who="2" fromWho="3" sc="230,0,210,0,310,130,240,-120" /><INIT seed="5,0,0,2,4,66" ten="230,210,440,120" oya="1" hai0="15,97,41,29,35,122,77,10,3,49,48,62,108" hai1="24,54,13,56,19,127,9,125,90,117,25,63,12" hai2="102,47,101,134,86,67,32,89,1,114,107,14,103" hai3="55,18,57,40,39,64,104,20,5,8,68,96,110"/><U85/><E117/><V130/><F32/><W129/><G110/><T98/><D108/><U126/><REACH who="1" step="1"/><E13/><REACH who="1" ten="230,200,440,120" step="2"/><V128/><F14/><W115/><G129/><N who="2" m="49769" /><F1/><W2/><G115/><T100/><D3/><U75/><E75/><V123/><F123/><W92/><G104/><T7/><D122/><U94/><AGARI ba="0,1" hai="9,12,19,24,25,54,56,63,85,90,94,125,126,127" machi="94" ten="30,11700,0" yaku="1,1,0,1,18,1,53,1" doraHai="66" doraHaiUra="88" who="1" fromWho="1" sc="230,-39,200,127,440,-39,120,-39" /><INIT seed="5,1,0,4,4,121" ten="191,327,401,81" oya="1" hai0="25,86,19,72,26,89,12,56,108,59,43,34,6" hai1="54,57,2,52,8,46,23,51,4,5,85,84,69" hai2="75,3,97,79,80,7,114,98,129,74,118,99,22" hai3="38,127,0,116,78,58,106,21,93,42,14,33,40"/><U119/><E69/><V134/><F118/><W31/><G106/><T109/><D72/><U60/><E119/><V120/><F120/><W65/><G116/><T18/><D43/><U63/><E63/><V91/><F22/><W104/><G104/><T81/><D6/><U36/><E36/><V20/><F20/><W29/><G38/><T16/><D12/><U92/><E5/><V39/><F39/><W17/><G0/><T10/><D10/><U131/><E131/><V32/><F32/><W112/><G112/><T73/><D73/><U11/><E11/><V67/><F67/><W9/><G33/><T66/><D66/><U68/><E68/><V50/><F50/><W15/><G78/><T24/><REACH who="0" step="1"/><D34/><REACH who="0" ten="181,327,401,81" step="2"/><U96/><REACH who="1" step="1"/><E23/><REACH who="1" ten="181,317,401,81" step="2"/><V122/><F7/><W103/><G21/><T117/><D117/><U49/><E49/><V90/><F129/><W71/><G9/><T107/><D107/><U100/><AGARI ba="1,2" hai="2,4,8,46,51,52,54,57,60,84,85,92,96,100" machi="100" ten="20,7800,0" yaku="1,1,0,1,7,1,54,1,53,0" doraHai="121" doraHaiUra="28" who="1" fromWho="1" sc="181,-27,317,101,401,-27,81,-27" /><INIT seed="5,2,0,1,1,62" ten="154,418,374,54" oya="1" hai0="5,14,43,107,10,79,35,26,97,117,83,113,0" hai1="93,29,104,129,17,66,48,99,42,94,45,122,61" hai2="90,24,46,52,53,19,47,76,58,41,118,56,105" hai3="116,28,130,127,84,101,38,40,100,32,135,51,109"/><U12/><E122/><V16/><F105/><W70/><G84/><T96/><D117/><U86/><E29/><V44/><F41/><W27/><G51/><T49/><D113/><U33/><E33/><V54/><F118/><W134/><G100/><T88/><D107/><U15/><E129/><V78/><F24/><W20/><G101/><T121/><D121/><U55/><E104/><V39/><F39/><W13/><G70/><T124/><D124/><U114/><E114/><V74/><F90/><W18/><G40/><T123/><D123/><U37/><E86/><V2/><F2/><W69/><G69/><T98/><D0/><U63/><E63/><V75/><F75/><W102/><G102/><T110/><D110/><U57/><E99/><V1/><F1/><W65/><G38/><T72/><D26/><U31/><E31/><V73/><F73/><W8/><G65/><T22/><D22/><U67/><E15/><V126/><F74/><W68/><G68/><T3/><D35/><U21/><REACH who="1" step="1"/><E67/><REACH who="1" ten="154,408,374,54" step="2"/><V80/><F126/><W133/><G127/><T125/><D3/><U132/><E132/><N who="3" m="33794" /><W25/><DORA hai="89" /><G130/><T92/><REACH who="0" step="1"/><D125/><REACH who="0" ten="144,408,374,54" step="2"/><U108/><E108/><V36/><F36/><W9/><G109/><T128/><D128/><U115/><E115/><V23/><F23/><N who="3" m="11727" /><G116/><T112/><D112/><U81/><E81/><V60/><F80/><W106/><G106/><T120/><D120/><U103/><E103/><V64/><F64/><W119/><G119/><T111/><D111/><U4/><E4/><V30/><F30/><AGARI ba="2,2" hai="8,9,20,25,27,28,30,32" m="11727,33794" machi="30" ten="40,5200,0" yaku="20,1,34,2" doraHai="62,89" who="3" fromWho="2" sc="144,0,408,0,374,-58,54,78" /><INIT seed="6,0,0,1,5,90" ten="144,408,316,132" oya="2" hai0="86,83,45,105,34,57,9,18,1,65,16,78,121" hai1="24,126,127,133,10,48,125,52,95,3,103,84,87" hai2="67,30,55,104,5,97,14,101,58,94,8,25,4" hai3="60,15,2,111,28,50,63,53,38,46,36,7,74"/><V120/><F120/><W40/><G111/><T49/><D121/><U56/><E133/><V128/><F104/><W41/><G74/><T106/><D34/><U54/><E24/><V132/><F132/><W11/><G2/><T134/><D134/><U17/><E54/><V0/><F0/><W33/><G33/><T88/><D78/><U81/><E81/><V23/><F128/><W119/><G28/><T92/><D83/><U82/><E82/><V68/><F68/><W110/><G110/><T59/><D1/><U32/><E32/><V12/><F12/><W117/><G15/><N who="0" m="7279" /><D106/><U135/><E135/><V80/><F80/><W66/><G7/><T96/><D105/><U6/><E17/><V109/><F109/><W98/><G11/><T129/><D129/><U118/><E118/><V43/><F43/><W76/><G76/><T77/><D77/><U27/><E27/><V19/><F67/><W108/><G108/><T61/><D59/><U112/><E112/><V51/><AGARI ba="0,0" hai="4,5,8,14,19,23,25,30,51,55,58,94,97,101" machi="51" ten="20,7800,0" yaku="0,1,7,1,8,1,52,1" doraHai="90" who="2" fromWho="2" sc="144,-26,408,-26,316,78,132,-26" /><INIT seed="6,1,0,2,0,98" ten="118,382,394,106" oya="2" hai0="39,40,67,37,66,36,57,123,131,30,73,89,49" hai1="63,90,97,96,14,113,38,28,46,94,32,72,12" hai2="100,64,17,95,74,75,16,104,55,81,114,112,41" hai3="109,80,83,33,79,134,44,88,85,11,53,108,19"/><V132/><F41/><W6/><G33/><T105/><D73/><U116/><E116/><V13/><F64/><N who="0" m="24618" /><D30/><U117/><E117/><V60/><F132/><W107/><G134/><T106/><D89/><U84/><E72/><V135/><F135/><W124/><G107/><T42/><D105/><U34/><E113/><N who="2" m="43627" /><F104/><W15/><G6/><T111/><D106/><U23/><E38/><V7/><F7/><W35/><G35/><T3/><D3/><U47/><E34/><V52/><F17/><W2/><G2/><T103/><D103/><U102/><E63/><V119/><F119/><W58/><G124/><T127/><D123/><U110/><E32/><V51/><F60/><W71/><G71/><T70/><D70/><U77/><E110/><V20/><F81/><W29/><G29/><T8/><D111/><U24/><E77/><V48/><F48/><W130/><G130/><T0/><D131/><U22/><E96/><N who="2" m="59423" /><F55/><W82/><G82/><T27/><D49/><U93/><E14/><V87/><F87/><W43/><G109/><T21/><D0/><U65/><E65/><V5/><F5/><W99/><G108/><T126/><D8/><U56/><E56/><AGARI ba="1,0" hai="13,16,20,51,52,56,74,75" m="59423,43627" machi="56" ten="30,11600,0" yaku="15,1,52,1,54,2" doraHai="98" who="2" fromWho="1" sc="118,0,382,-119,394,119,106,0" /><INIT seed="6,2,0,0,5,128" ten="118,263,513,106" oya="2" hai0="44,33,7,100,9,110,18,123,59,26,122,116,132" hai1="8,31,79,94,101,107,103,17,74,115,48,121,63" hai2="69,57,47,52,3,93,41,127,24,32,77,124,39" hai3="1,92,106,119,37,53,70,73,90,126,60,61,25"/><V58/><F3/><W135/><G119/><T109/><D100/><U6/><E17/><V54/><F77/><W4/><G73/><T113/><D44/><U102/><E48/><V88/><F32/><W38/><G106/><T20/><D59/><U50/><E31/><V62/><F24/><W11/><G126/><N who="2" m="48169" /><F69/><W68/><G25/><T87/><D87/><U5/><E8/><V130/><F130/><W56/><G68/><T105/><D105/><U36/><E50/><V76/><F76/><W64/><REACH who="3" step="1"/><G135/><REACH who="3" ten="118,263,513,96" step="2"/><T125/><D125/><U42/><E74/><V83/><F83/><W84/><AGARI ba="2,1" hai="1,4,11,37,38,53,56,60,61,64,70,84,90,92" machi="84" ten="20,5200,0" yaku="1,1,2,1,0,1,7,1,53,0" doraHai="128" doraHaiUra="114" who="3" fromWho="3" sc="118,-15,263,-15,513,-28,96,68" /><INIT seed="7,0,0,3,5,15" ten="103,248,485,164" oya="3" hai0="41,130,99,114,107,82,72,44,97,89,20,17,42" hai1="106,5,26,62,79,8,18,14,16,84,104,45,83" hai2="59,86,0,87,4,81,40,100,69,111,85,58,6" hai3="2,1,54,25,115,125,46,24,78,121,122,118,27"/><W19/><G78/><T131/><D114/><U67/><E104/><V32/><F32/><W65/><G65/><T120/><D120/><N who="3" m="46185" /><G46/><T55/><D55/><U117/><E106/><V128/><F69/><W124/><G54/><T108/><D108/><U23/><E117/><V30/><F111/><W70/><G70/><T56/><D56/><U48/><E62/><V129/><F40/><W34/><G118/><T119/><D119/><U12/><E67/><V33/><F100/><W22/><G115/><T36/><D42/><U21/><REACH who="1" step="1"/><E45/><REACH who="1" ten="103,238,485,164" step="2"/><V91/><F129/><W110/><G110/><T88/><D107/><U76/><E76/><V39/><F128/><N who="0" m="49194" /><D72/><U132/><E132/><V127/><F127/><N who="3" m="48715" /><G34/><T57/><D57/><U63/><E63/><V64/><F59/><W102/><G102/><T68/><D68/><U13/><E13/><AGARI ba="0,1" hai="1,2,13,19,22,24,25,27" m="48715,46185" machi="13" ten="40,12000,1" yaku="18,1,34,2,52,1" doraHai="15" who="3" fromWho="1" sc="103,0,238,-120,485,0,164,130" /><INIT seed="7,1,0,2,0,102" ten="103,118,485,294" oya="3" hai0="75,13,17,114,16,135,51,101,87,83,134,10,81" hai1="38,121,56,88,54,6,129,105,60,15,122,52,39" hai2="30,55,11,34,14,2,128,72,9,27,76,82,18" hai3="33,25,120,103,46,107,80,26,98,131,111,108,53"/><W8/><G120/><N who="1" m="46186" /><E15/><V43/><F43/><W69/><G8/><T41/><D114/><U96/><E6/><V90/><F90/><W65/><G80/><T3/><D3/><U125/><E88/><V89/><F89/><W77/><G77/><N who="0" m="46511" /><D101/><U37/><E96/><V126/><F126/><W1/><G1/><T97/><D97/><U19/><E19/><N who="0" m="7241" /><D75/><U24/><E24/><V73/><F128/><W84/><G84/><T116/><D83/><U123/><N who="1" m="46194" /><U95/><DORA hai="92" /><E95/><V49/><F2/><W36/><G131/><T44/><D116/><U22/><E22/><V133/><F133/><N who="0" m="50698" /><D13/><U67/><E105/><V57/><F72/><W21/><G33/><T31/><D31/><U104/><E104/><V58/><F58/><W7/><G7/><T45/><D45/><U74/><E74/><V35/><F35/><W112/><G112/><T78/><D78/><U118/><E129/><V40/><F40/><N who="3" m="22791" /><G21/><AGARI ba="1,0" hai="9,11,14,18,21,27,30,34,49,55,57,73,76,82" machi="21" ten="30,1000,0" yaku="7,1" doraHai="102,92" who="2" fromWho="3" sc="103,0,118,0,485,13,294,-13" owari="103,-40.0,118,-28.0,498,60.0,281,8.0" /></mjloggm>