<mjloggm ver="2.3"><GO type="41"/><UN n0="%E3%83%A9%E3%82%A4%E3%82%B9%E3%83%88%E3%83%AA" n1="%E3%82%A6%E3%83%AB%E3%83%88%E3%83%A9%E7%AB%8B%E7%9B%B4" n2="%E7%B4%85%E3%81%AE%E8%B5%A4%E3%83%89%E3%83%A9" n3="%E5%A4%A7%E6%AD%A3%E9%BA%BB%E9%9B%80%E5%A8%98%E3%80%82" dan="15,15,14,15" rate="2034,2010,1916,2030" sx="M,M,M,F"/><TAIKYOKU oya="0"/><INIT seed="0,0,0,3,2,112" ten="250,250,250,250" oya="0" hai0="63,75,1,115,16,60,81,82,73,28,76,25,55" hai1="91,3,67,43,22,66,33,45,52,114,47,61,15" hai2="29,26,39,72,131,56,89,34,110,129,117,113,31" hai3="120,116,13,122,107,104,79,135,134,87,21,111,88"/><T62/><D115/><U68/><E33/><V106/><F113/><W102/><G21/><T35/><D1/><U93/><E3/><V126/><F39/><W121/><G13/><T20/><D55/><U130/><E114/><V30/><F72/><W83/><G111/><T40/><D40/><U23/><E130/><V125/><F106/><N who="3" m="40491" /><G102/><T2/><D2/><U49/><E15/><V10/><F110/><W4/><G4/><T65/><D35/><U37/><REACH who="1" step="1"/><E66/><REACH who="1" step="2"/><V128/><F34/><W9/><G9/><T27/><D27/><U58/><E58/><V95/><F26/><W7/><G7/><T109/><D109/><U92/><E92/><V119/><F10/><W46/><G46/><T59/><D28/><U118/><E118/><N who="2" m="45067" /><F56/><W41/><G116/><T19/><D19/><U98/><AGARI ba="0,1" hai="22,23,37,43,45,47,49,52,61,67,68,91,93,98" machi="98" ten="20,5200,0" yaku="1,1,0,1,7,1,54,1,53,0" doraHai="112" doraHaiUra="96" who="1" fromWho="1" sc="250,-26,240,62,250,-13,250,-13" /><INIT seed="1,0,0,4,1,103" ten="224,302,237,237" oya="1" hai0="82,75,19,108,57,63,1,114,115,107,127,74,58" hai1="54,109,53,91,128,99,83,15,46,2,25,55,3" hai2="131,132,112,40,101,21,102,9,126,122,106,66,6" hai3="43,48,22,77,49,62,121,124,88,100,134,27,70"/><U36/><E128/><V84/><F122/><W59/><G121/><T81/><D1/><U119/><E119/><V38/><F131/><W13/><G134/><T0/><D0/><U35/><E109/><V47/><F132/><W42/><G70/><T65/><D108/><U32/><E15/><V123/><F123/><W14/><G77/><T5/><D5/><U105/><E3/><V61/><F126/><W17/><G100/><T67/><D19/><U117/><E2/><V50/><F112/><W78/><G78/><T94/><D94/><U79/><E117/><V33/><F33/><W31/><G124/><T120/><D120/><U129/><E129/><V118/><F118/><W11/><G13/><T76/><D127/><U23/><E46/><V41/><F6/><W111/><G111/><T130/><D76/><U90/><E36/><V85/><F9/><W69/><G69/><T73/><D130/><U89/><E99/><V28/><F40/><N who="3" m="15403" /><G88/><T104/><D75/><U7/><E7/><V87/><F38/><W125/><G125/><T60/><AGARI ba="0,0" hai="57,58,60,63,65,67,73,74,81,82,104,107,114,115" machi="60" ten="25,8000,1" yaku="0,1,22,2,52,2" doraHai="103" who="0" fromWho="0" sc="224,80,302,-40,237,-20,237,-20" /><INIT seed="2,0,0,2,4,86" ten="304,262,217,217" oya="2" hai0="85,18,47,67,93,89,79,14,39,62,108,116,2" hai1="6,90,25,24,65,27,5,19,132,107,106,112,66" hai2="76,16,32,102,7,119,130,40,117,133,115,124,29" hai3="1,36,73,53,92,84,45,57,15,104,135,129,81"/><V31/><F115/><W96/><G1/><T126/><D108/><U60/><E19/><V94/><F133/><W98/><G135/><T71/><D2/><U64/><E132/><V68/><F68/><W69/><G69/><T97/><D126/><U99/><E60/><V109/><F130/><W100/><G129/><T63/><D63/><U10/><E112/><V80/><F124/><W38/><G15/><T11/><D116/><U52/><E52/><V34/><F40/><W58/><G58/><N who="0" m="37335" /><D39/><U51/><E51/><V20/><F7/><W121/><G121/><T13/><D71/><U131/><E10/><V4/><F4/><N who="1" m="1641" /><E99/><V22/><F109/><W3/><G3/><T101/><D14/><U95/><E95/><V21/><F102/><W17/><G36/><T82/><D47/><U118/><E118/><N who="2" m="45067" /><F94/><W37/><G38/><T55/><D55/><U9/><E9/><V49/><F49/><W87/><G53/><T28/><D28/><N who="2" m="10826" /><F80/><W110/><G37/><T91/><AGARI ba="0,0" hai="11,13,18,79,82,85,89,91,93,97,101" m="37335" machi="91" ten="30,4000,0" yaku="8,1,52,2" doraHai="86" who="0" fromWho="0" sc="304,40,262,-10,217,-20,217,-10" /><INIT seed="3,0,0,4,3,8" ten="344,252,197,207" oya="3" hai0="114,122,67,3,132,7,37,38,96,93,66,95,2" hai1="82,76,36,69,117,130,22,42,135,61,20,49,89" hai2="43,127,126,52,53,26,54,79,74,68,112,111,115" hai3="41,18,73,84,120,44,34,35,45,63,121,12,99"/><W108/><G73/><T110/><D110/><U81/><E117/><V40/><F111/><W17/><G108/><T86/><D122/><U1/><E36/><V125/><F74/><W56/><G99/><T27/><D27/><U128/><E1/><V14/><F79/><W107/><G107/><T109/><D109/><U50/><E135/><V123/><F26/><W75/><G75/><T23/><D7/><U70/><E61/><V118/><F118/><W124/><G124/><T91/><D23/><U59/><E59/><V9/><F68/><W48/><G84/><T46/><D132/><U77/><E42/><N who="2" m="15915" /><F123/><W72/><G45/><T39/><D46/><U6/><E6/><AGARI ba="0,0" hai="6,9,14,52,53,54,112,115,125,126,127" m="15915" machi="6" ten="40,5200,0" yaku="18,1,52,1,54,1" doraHai="8" who="2" fromWho="1" sc="344,0,252,-52,197,52,207,0" /><INIT seed="4,0,0,4,1,88" ten="344,200,249,207" oya="0" hai0="29,132,32,110,106,11,123,100,73,113,89,102,19" hai1="5,41,68,64,49,117,128,104,26,56,57,130,58" hai2="16,122,45,18,63,105,86,59,20,54,23,90,0" hai3="66,15,80,37,61,135,85,30,27,47,48,101,131"/><T112/><D123/><U55/><E26/><V107/><F122/><W52/><G37/><T121/><D73/><U51/><E5/><V81/><F0/><W93/><G135/><T43/><D121/><U79/><E79/><V65/><F105/><W98/><G131/><N who="1" m="50218" /><E104/><V39/><F107/><W44/><G15/><T60/><D110/><U13/><E13/><V87/><F39/><W92/><G47/><T70/><D132/><U126/><E117/><V67/><F86/><W118/><G118/><T103/><D43/><U31/><E31/><V71/><F71/><W4/><G4/><T72/><D72/><U83/><E83/><V46/><F46/><W77/><G93/><T124/><D19/><N who="2" m="7210" /><F45/><W53/><G66/><AGARI ba="0,0" hai="20,23,54,59,63,65,66,67,81,87,90" m="7210" machi="66" ten="30,2000,0" yaku="8,1,54,1" doraHai="88" who="2" fromWho="3" sc="344,0,200,0,249,20,207,-20" /><INIT seed="5,0,0,0,4,23" ten="344,200,269,187" oya="1" hai0="42,44,89,75,79,112,90,20,26,25,35,77,17" hai1="123,27,106,131,37,109,100,34,110,64,9,108,30" hai2="66,120,45,84,125,6,5,81,73,124,107,99,2" hai3="29,113,54,10,132,69,19,8,12,55,87,114,74"/><U48/><E37/><V28/><F120/><W16/><G74/><T76/><D75/><U82/><E123/><V46/><F73/><W51/><G69/><T56/><D112/><N who="3" m="43113" /><G132/><T11/><D11/><U24/><E131/><V32/><F66/><W133/><G133/><T70/><D70/><U65/><E82/><V57/><F57/><W33/><G87/><T15/><D35/><N who="1" m="20935" /><E9/><N who="3" m="3690" /><G12/><T88/><REACH who="0" step="1"/><D56/><REACH who="0" step="2"/><U0/><E0/><V13/><F2/><W62/><G33/><T85/><D85/><U129/><E129/><V47/><F84/><W104/><G104/><T3/><D3/><U60/><E34/><V92/><F107/><W130/><G130/><T111/><D111/><U38/><E106/><V41/><F32/><W1/><G1/><T21/><D21/><U52/><E109/><V86/><F86/><W39/><G29/><T93/><D93/><U80/><E108/><V135/><F92/><W72/><G72/><T102/><D102/><U68/><E100/><V105/><F105/><W49/><G19/><T71/><D71/><U127/><E110/><V126/><F135/><W117/><G16/><T14/><D14/><U116/><E68/><V36/><F13/><W119/><G119/><T67/><D67/><U97/><E65/><V96/><F126/><W118/><G117/><T31/><D31/><U22/><E116/><V98/><F28/><W103/><G103/><T101/><D101/><U18/><E127/><V40/><F125/><W4/><G118/><T121/><D121/><U122/><E122/><V83/><F124/><W134/><G134/><T58/><D58/><RYUUKYOKU ba="0,1" sc="334,30,200,-10,269,-10,187,-10" hai0="15,17,20,25,26,42,44,76,77,79,88,89,90" /><INIT seed="6,1,1,5,3,50" ten="364,190,259,177" oya="2" hai0="20,124,36,79,111,113,22,91,46,3,103,2,72" hai1="98,16,53,127,99,19,115,8,132,120,7,104,63" hai2="67,26,126,11,14,61,97,86,49,80,76,66,85" hai3="41,83,133,57,65,44,55,102,77,90,93,122,125"/><V34/><F126/><W100/><G122/><T32/><D111/><U114/><E120/><V13/><F34/><W109/><G109/><T128/><D32/><U121/><E121/><V71/><F66/><W107/><G125/><T5/><D113/><N who="1" m="43019" /><E127/><V30/><F97/><N who="1" m="36873" /><E104/><V35/><F13/><W48/><G107/><T119/><D128/><U74/><E74/><V64/><F64/><W15/><G65/><T134/><D103/><U70/><E70/><V29/><F29/><W45/><G15/><T68/><D68/><U96/><N who="1" m="36881" /><U59/><DORA hai="118" /><E132/><V33/><F33/><W37/><G133/><T4/><D134/><U9/><E9/><V47/><F11/><W27/><G27/><T82/><D124/><U0/><AGARI ba="1,1" hai="0,7,8,16,19,53,59,63" m="36881,43019" machi="0" ten="40,5200,0" yaku="15,1,52,1,54,1" doraHai="50,118" who="1" fromWho="1" sc="364,-14,190,65,259,-27,177,-14" /><INIT seed="7,0,0,5,1,47" ten="350,255,232,163" oya="3" hai0="105,49,6,102,91,33,54,38,96,42,28,63,27" hai1="86,10,83,117,103,65,19,48,24,84,80,108,133" hai2="135,123,20,44,55,0,104,2,51,66,34,5,90" hai3="64,110,130,79,78,4,112,22,94,118,69,127,39"/><W71/><G118/><T23/><D6/><U101/><E108/><V124/><F34/><W18/><G110/><T131/><D131/><U99/><E65/><V53/><F104/><W41/><G130/><T128/><D38/><U46/><E133/><V25/><F135/><W15/><G127/><T129/><D91/><U89/><E99/><V126/><F123/><W116/><G116/><T8/><D8/><U40/><E117/><V132/><F132/><W57/><G4/><T115/><D115/><U21/><REACH who="1" step="1"/><E10/><REACH who="1" step="2"/><V1/><F66/><W56/><G112/><T134/><D134/><U30/><E30/><V50/><F5/><W61/><G71/><T107/><D96/><U35/><E35/><V100/><F100/><W59/><REACH who="3" step="1"/><G94/><REACH who="3" step="2"/><T11/><D129/><U14/><E14/><V12/><F12/><W29/><G29/><T7/><D28/><U97/><E97/><V60/><F126/><W121/><G121/><T87/><D128/><U17/><E17/><V98/><F98/><W85/><G85/><T9/><D87/><U36/><E36/><V119/><F124/><W109/><G109/><T32/><D107/><U31/><E31/><V37/><F119/><W13/><G13/><T73/><D32/><U62/><E62/><V76/><F60/><W122/><G122/><T72/><D33/><U75/><E75/><V70/><F0/><W43/><G43/><T92/><D73/><U52/><E52/><V77/><F1/><W58/><N who="3" m="14848" /><DORA hai="88" /><W125/><G125/><T120/><D72/><U45/><E45/><AGARI ba="0,2" hai="15,18,22,39,41,45,61,64,69,78,79" m="14848" machi="45" ten="50,2400,0" yaku="1,1,53,0" doraHai="47,88" doraHaiUra="82,81" who="3" fromWho="1" sc="350,0,245,-24,232,0,153,44" /><INIT seed="7,1,0,2,4,126" ten="350,221,232,197" oya="3" hai0="97,27,67,30,89,135,76,6,91,62,81,134,113" hai1="14,109,70,94,122,72,74,116,29,49,92,4,47" hai2="15,61,26,87,50,52,78,16,80,111,128,65,104" hai3="121,48,93,96,125,119,42,124,71,110,10,64,127"/><W36/><G121/><T84/><D113/><U22/><E70/><V82/><F111/><W68/><G119/><T38/><D6/><U132/><E109/><V43/><F104/><W131/><G110/><T41/><D41/><U77/><E122/><V75/><F26/><W46/><G131/><T13/><D13/><U17/><E116/><V12/><F128/><W90/><G64/><T130/><D97/><U2/><E132/><N who="0" m="50729" /><D38/><U129/><E129/><V66/><F15/><W85/><G36/><T35/><D130/><U105/><E105/><V108/><F108/><W60/><G60/><T3/><D3/><U45/><E29/><V86/><F75/><W8/><REACH who="3" step="1"/><G96/><REACH who="3" step="2"/><T23/><D23/><U79/><E22/><N who="2" m="11527" /><F61/><W73/><G73/><T57/><AGARI ba="1,1" hai="27,30,35,57,62,67,76,81,84,89,91" m="50729" machi="57" ten="30,1100,0" yaku="20,1" doraHai="126" who="0" fromWho="0" sc="350,24,221,-4,232,-4,187,-6" owari="374,47.0,217,-18.0,228,3.0,181,-32.0" /></mjloggm>