<mjloggm ver="2.3"><GO type="41"/><UN n0="%4D%75%73%63%61" n1="%4E%45%57%59%45%41%52" n2="%E3%82%A6%E3%83%AB%E3%83%88%E3%83%A9%E7%AB%8B%E7%9B%B4" n3="%62%69%6C%76%61" dan="14,14,15,13" rate="1925,1865,1936,1880" sx="M,M,M,M"/><TAIKYOKU oya="0"/><INIT seed="0,0,0,3,5,6" ten="250,250,250,250" oya="0" hai0="12,78,48,93,10,20,128,49,29,52,56,122,75" hai1="43,14,71,47,106,85,104,115,80,113,36,22,82" hai2="41,30,103,91,125,45,72,16,87,59,70,8,61" hai3="2,96,53,129,34,64,0,35,117,101,5,84,18"/><T90/><D122/><U118/><E71/><V76/><F70/><W65/><G117/><T133/><D75/><U130/><E118/><V89/><F125/><W67/><G129/><T46/><D78/><U88/><E130/><V79/><F103/><W25/><G84/><T27/><D128/><U73/><E22/><V81/><F30/><W92/><G5/><T121/><D121/><U44/><E14/><N who="2" m="7239" /><F72/><W69/><G69/><T134/><D48/><U9/><E47/><V11/><F11/><W120/><G120/><T119/><D46/><U97/><E9/><V17/><F17/><W42/><G42/><T111/><D119/><U94/><E82/><V74/><F74/><W3/><G53/><T24/><D24/><U26/><E26/><V102/><F102/><W131/><G131/><T57/><D57/><U50/><E36/><V19/><F19/><W4/><G4/><T33/><D33/><U99/><E99/><V51/><F79/><W21/><AGARI ba="0,0" hai="0,2,3,18,21,25,34,35,64,65,67,92,96,101" machi="21" ten="40,1500,0" yaku="0,1" doraHai="6" who="3" fromWho="3" sc="250,-7,250,-4,250,-4,250,15" /><INIT seed="1,0,0,4,2,126" ten="243,246,246,265" oya="1" hai0="75,102,25,94,33,134,76,5,55,67,107,68,54" hai1="48,49,104,135,16,73,92,81,119,58,31,41,3" hai2="121,22,116,87,80,2,78,36,29,20,70,98,24" hai3="108,82,88,96,84,4,53,23,18,11,89,105,123"/><U51/><E119/><V17/><F116/><W106/><G108/><T100/><D100/><U103/><E104/><V69/><F2/><W117/><G117/><T109/><D5/><U61/><E3/><V133/><F36/><W99/><G123/><T77/><D75/><U6/><E6/><V130/><F121/><W124/><G124/><T125/><D125/><U131/><E135/><V111/><F98/><W60/><G60/><T45/><D109/><U66/><E31/><V110/><F110/><W52/><G96/><T9/><D107/><U65/><E73/><V63/><F111/><W113/><G113/><T38/><D68/><U95/><E81/><V85/><F133/><W62/><G62/><T19/><D33/><U132/><E132/><V43/><F43/><W26/><G105/><T112/><D112/><U44/><E131/><V59/><F87/><W15/><G89/><T34/><D34/><U35/><E35/><V42/><F42/><W21/><REACH who="3" step="1"/><G23/><REACH who="3" ten="243,246,246,255" step="2"/><T47/><D77/><U8/><E103/><AGARI ba="0,1" hai="4,11,15,18,21,26,52,53,82,84,88,99,103,106" machi="103" ten="40,8000,1" yaku="1,1,2,1,54,2,53,0" doraHai="126" doraHaiUra="91" who="3" fromWho="1" sc="243,0,246,-80,246,0,255,90" /><INIT seed="2,0,0,3,3,56" ten="243,166,246,345" oya="2" hai0="42,47,110,87,79,71,3,70,30,74,114,101,103" hai1="39,116,20,89,62,77,118,14,5,19,119,65,68" hai2="100,50,124,69,123,96,107,43,78,55,15,53,94" hai3="21,82,99,111,129,85,133,13,57,9,29,84,86"/><V54/><F123/><W51/><G111/><T12/><D110/><U23/><E39/><V88/><F124/><W108/><G108/><T18/><D3/><U83/><E89/><V113/><F113/><W128/><G133/><T25/><D70/><U61/><E5/><V131/><F131/><W1/><G1/><T64/><D74/><U75/><E23/><V6/><F69/><W35/><G35/><T135/><D114/><U117/><N who="1" m="30208" /><DORA hai="4" /><U127/><REACH who="1" step="1"/><E127/><REACH who="1" ten="243,156,246,345" step="2"/><V105/><F78/><W104/><G129/><T8/><D79/><U22/><E22/><V36/><F36/><W132/><G128/><T33/><D135/><U125/><E125/><V76/><F76/><N who="3" m="46151" /><G132/><T48/><D87/><U26/><E26/><V11/><REACH who="2" step="1"/><F100/><REACH who="2" ten="243,156,236,345" step="2"/><W27/><G99/><T59/><D101/><U31/><E31/><V91/><F91/><W46/><G86/><T66/><D103/><U81/><E81/><V60/><F60/><AGARI ba="0,2" hai="14,19,20,60,61,62,65,68,75,77,83" m="30208" machi="60" ten="70,12000,2" yaku="1,1,52,3,53,3" doraHai="56,4" doraHaiUra="58,120" who="1" fromWho="2" sc="243,0,156,140,236,-120,345,0" /><INIT seed="3,0,0,3,3,67" ten="243,296,116,345" oya="3" hai0="48,1,37,121,33,110,41,12,31,76,111,132,89" hai1="128,61,42,73,101,20,27,66,68,23,46,116,58" hai2="10,114,91,64,54,88,135,16,69,129,57,55,14" hai3="28,131,106,84,119,6,49,94,75,21,74,63,107"/><W34/><G34/><T134/><D37/><U108/><E108/><N who="0" m="41513" /><D1/><U80/><E128/><V103/><F114/><W13/><G119/><T70/><D76/><U92/><E116/><V96/><F129/><W24/><G131/><T105/><D105/><U38/><E73/><V43/><F135/><W86/><G49/><T15/><D121/><U65/><E80/><V39/><F43/><W71/><G86/><T53/><D41/><U40/><E40/><V5/><F39/><W117/><G117/><T44/><D89/><U52/><E66/><V2/><F55/><W113/><G113/><T35/><D31/><U97/><REACH who="1" step="1"/><E27/><REACH who="1" ten="243,286,116,345" step="2"/><V118/><F118/><W125/><G75/><T26/><D26/><U0/><E0/><V87/><F64/><W51/><G74/><T123/><D123/><U11/><E11/><V133/><F2/><W56/><G24/><T127/><D132/><U130/><E130/><V47/><F133/><W32/><G106/><T62/><D134/><U124/><E124/><V3/><F3/><W98/><G107/><T77/><D127/><U115/><E115/><V18/><F10/><W95/><G125/><T99/><D33/><U9/><E9/><V19/><F14/><W59/><G13/><T25/><D15/><U78/><E78/><V82/><F82/><W122/><G32/><T22/><D12/><U112/><E112/><V120/><F120/><W8/><G8/><T90/><D35/><U30/><E30/><V45/><F5/><W83/><G6/><T109/><D77/><U81/><E81/><V126/><F126/><W93/><G122/><RYUUKYOKU ba="0,1" sc="243,-10,286,30,116,-10,345,-10" hai1="20,23,38,42,46,52,58,61,65,68,92,97,101" /><INIT seed="4,1,1,3,2,81" ten="233,316,106,335" oya="0" hai0="106,99,91,14,26,12,42,7,6,64,47,44,100" hai1="103,121,57,125,122,93,65,119,17,86,16,67,79" hai2="27,76,74,18,10,117,70,56,123,88,87,30,8" hai3="60,66,41,129,101,112,2,38,110,85,115,83,39"/><T95/><D64/><U102/><E119/><V105/><F70/><N who="3" m="42311" /><G2/><T3/><D26/><U25/><E125/><V58/><F123/><W40/><G101/><N who="1" m="38410" /><E121/><V20/><F105/><W36/><G110/><T104/><D104/><U31/><E122/><V23/><F117/><W50/><G83/><T126/><D126/><U28/><E57/><N who="2" m="22123" /><F76/><W46/><G85/><T109/><D109/><U84/><E79/><V29/><F74/><W19/><G19/><N who="1" m="7242" /><E25/><N who="2" m="16551" /><F18/><W116/><G116/><T68/><D106/><U0/><E0/><V77/><F77/><W49/><G129/><T127/><D3/><U80/><E93/><AGARI ba="1,1" hai="8,10,23,27,30,87,88,93" m="16551,22123" machi="93" ten="30,3900,0" yaku="8,1,52,1,54,1" doraHai="81" who="2" fromWho="1" sc="233,0,316,-42,106,52,335,0" /><INIT seed="5,0,0,3,4,88" ten="233,274,158,335" oya="1" hai0="2,83,57,112,122,13,40,10,15,65,70,34,79" hai1="98,109,37,100,93,94,30,84,46,77,21,68,119" hai2="78,59,55,76,48,39,75,118,23,6,29,11,4" hai3="7,56,105,132,126,50,116,41,17,101,36,135,22"/><U89/><E119/><V43/><F118/><W60/><G36/><T103/><D70/><U113/><E68/><V20/><F75/><W14/><G116/><T51/><D34/><U67/><E67/><V47/><F6/><W61/><G126/><T86/><D2/><U80/><E109/><V111/><F111/><W129/><G129/><T49/><D122/><U128/><E113/><V130/><F130/><W74/><G74/><T125/><D125/><U19/><E128/><V72/><F29/><W52/><G41/><T85/><D13/><U123/><E123/><V92/><F76/><W134/><G7/><T87/><D103/><U9/><E37/><V25/><F25/><W28/><REACH who="3" step="1"/><G28/><REACH who="3" ten="233,274,158,325" step="2"/><T26/><D40/><U127/><E127/><V90/><F72/><W131/><G131/><T120/><D120/><U104/><E30/><V121/><F121/><W69/><G69/><T54/><D112/><U96/><E46/><V44/><F44/><W82/><G82/><T66/><D83/><U102/><E9/><V73/><F73/><W27/><G27/><T42/><D26/><N who="1" m="14655" /><E104/><V0/><REACH who="2" step="1"/><F78/><AGARI ba="0,1" hai="77,78,80,84,89,93,94,96,98,100,102" m="14655" machi="78" ten="30,5800,0" yaku="8,1,52,2" doraHai="88" who="1" fromWho="2" sc="233,0,274,68,158,-58,325,0" /><INIT seed="5,1,0,3,3,101" ten="233,342,100,325" oya="1" hai0="55,128,37,70,20,25,3,62,41,42,133,112,135" hai1="81,86,68,103,129,88,132,11,87,71,40,126,4" hai2="39,107,109,26,2,116,114,23,72,14,78,106,123" hai3="122,52,27,95,84,1,31,58,131,90,127,59,67"/><U89/><E126/><V113/><F2/><W121/><G127/><T124/><D3/><U66/><E129/><V38/><F116/><W83/><G131/><T115/><D124/><U56/><E132/><N who="0" m="50761" /><D128/><U57/><E40/><N who="0" m="15465" /><D37/><N who="2" m="13834" /><F14/><W48/><G1/><T33/><D33/><U28/><E28/><N who="2" m="17503" /><F123/><W119/><G119/><T65/><D25/><U5/><E103/><V61/><F61/><W125/><G125/><T98/><D20/><U60/><E5/><V34/><F34/><W35/><G67/><T49/><D98/><U15/><E71/><V53/><F53/><W111/><G111/><T104/><D104/><U102/><E102/><V10/><F10/><W12/><G12/><T54/><D49/><U92/><AGARI ba="1,0" hai="4,11,15,56,57,60,66,68,81,86,87,88,89,92" machi="92" ten="20,3900,0" yaku="0,1,7,1,54,1" doraHai="101" who="1" fromWho="1" sc="233,-14,342,42,100,-14,325,-14" /><INIT seed="5,2,0,0,4,67" ten="219,384,86,311" oya="1" hai0="15,63,65,112,46,80,50,85,34,94,49,7,93" hai1="126,128,41,96,135,38,95,45,133,27,23,130,37" hai2="115,103,52,132,56,108,61,54,33,91,88,124,129" hai3="32,6,83,51,22,2,64,101,72,119,8,18,123"/><U3/><E3/><V81/><F108/><W35/><G123/><T47/><D34/><U99/><E37/><V42/><F33/><W25/><G119/><T19/><D7/><U55/><E95/><V10/><F124/><W62/><G101/><T48/><D112/><U105/><E105/><V118/><F118/><W97/><G97/><T57/><D93/><U59/><E27/><V131/><F115/><W110/><G110/><T13/><D94/><U73/><E23/><V90/><F103/><W109/><G109/><T5/><D5/><U120/><E73/><V31/><F31/><W69/><REACH who="3" step="1"/><G51/><REACH who="3" ten="219,384,86,301" step="2"/><T114/><D114/><U127/><E120/><V58/><F132/><N who="1" m="50761" /><E99/><V29/><F29/><W92/><G92/><T98/><D98/><U89/><E96/><V17/><F81/><W1/><G1/><T121/><D121/><U87/><E87/><V102/><F102/><W117/><G117/><T113/><D113/><U104/><E104/><V78/><F78/><AGARI ba="2,1" hai="2,6,8,18,22,25,32,35,62,64,69,72,78,83" machi="78" ten="40,2600,0" yaku="1,1,52,1,53,0" doraHai="67" doraHaiUra="125" who="3" fromWho="2" sc="219,0,384,0,86,-32,301,42" /><INIT seed="6,0,0,1,5,24" ten="219,384,54,343" oya="2" hai0="55,11,95,111,102,51,130,64,43,9,97,68,0" hai1="19,33,82,15,59,16,112,8,114,35,30,12,133" hai2="48,117,109,3,46,107,77,38,92,71,18,21,79" hai3="2,135,27,93,124,4,54,94,1,31,22,126,116"/><V91/><F38/><W103/><G116/><T69/><D111/><U13/><E82/><V132/><F71/><W56/><G135/><T28/><D68/><U106/><E106/><V37/><F37/><W86/><G94/><T108/><D0/><U100/><E100/><V98/><F3/><W115/><G115/><N who="1" m="44074" /><E59/><V80/><F117/><W66/><G66/><T53/><D108/><U76/><E76/><V47/><F109/><W26/><G4/><T87/><D69/><U96/><E96/><V83/><F132/><W25/><G2/><T40/><D64/><U120/><E133/><V17/><F107/><W10/><G1/><T88/><D130/><U121/><E8/><V45/><F48/><W101/><G10/><T99/><D102/><U49/><E49/><V34/><F34/><N who="1" m="12809" /><E30/><V134/><F134/><W42/><G42/><N who="0" m="15915" /><D28/><U131/><E131/><V52/><F52/><N who="0" m="20042" /><D51/><U63/><E63/><V78/><REACH who="2" step="1"/><F21/><REACH who="2" ten="219,384,44,343" step="2"/><W75/><G31/><T84/><D11/><U125/><E125/><V119/><F119/><W50/><G22/><T62/><D9/><U29/><E29/><V70/><F70/><W58/><G58/><T67/><D62/><U110/><E110/><V65/><F65/><W105/><G105/><T89/><D67/><U122/><AGARI ba="0,1" hai="12,13,15,16,19,120,121,122" m="12809,44074" machi="122" ten="50,12000,2" yaku="28,2,13,1,15,1,34,2,54,1" doraHai="24" who="1" fromWho="1" sc="219,-30,384,130,44,-60,343,-30" owari="189,-21.0,514,62.0,-16,-52.0,313,11.0" /></mjloggm>