<mjloggm ver="2.3"><GO type="169"/><UN n0="%E3%82%B7%E3%83%AD%E3%83%83%E3%82%B3%E2%99%AA" n1="%E4%B8%80%E6%96%B9%E9%80%9A%E8%A1%8C" n2="%EF%BC%88%E2%89%A7%E2%96%BD%E2%89%A6%EF%BC%89" n3="%E3%81%93%E3%81%BE%E3%81%A3%E3%81%95%E3%82%93" dan="16,16,18,16" rate="2077,2154,2171,2072" sx="M,M,M,M"/><TAIKYOKU oya="0"/><INIT seed="0,0,0,4,2,117" ten="250,250,250,250" oya="0" hai0="118,103,42,13,102,59,53,128,100,135,72,9,114" hai1="86,32,38,61,1,129,105,133,3,119,6,31,20" hai2="108,76,88,106,96,110,22,97,68,73,10,23,92" hai3="77,134,46,83,87,111,21,125,60,84,41,94,27"/><T85/><D72/><U57/><E119/><V15/><F68/><W71/><G134/><T74/><D74/><U29/><E38/><V43/><F43/><W50/><G125/><T63/><D118/><U112/><E105/><V62/><F62/><W44/><G111/><N who="2" m="42537" /><F76/><W66/><G46/><T40/><D114/><U123/><E112/><V0/><F0/><W45/><G45/><T64/><D128/><U132/><E32/><V56/><F56/><W34/><G34/><T25/><D25/><U116/><E116/><V93/><F106/><W7/><G7/><N who="0" m="3263" /><D135/><N who="1" m="51787" /><E6/><N who="2" m="3543" /><F73/><W75/><REACH who="3" step="1"/><G94/><REACH who="3" ten="250,250,250,240" step="2"/><T49/><D85/><U14/><E86/><V36/><F36/><W65/><G65/><T28/><D28/><AGARI ba="0,1" hai="21,27,28,41,44,50,60,66,71,75,77,83,84,87" machi="28" ten="30,7700,0" yaku="1,1,7,1,53,2" doraHai="117" doraHaiUra="80" who="3" fromWho="0" sc="250,-77,250,0,250,0,240,87" /><INIT seed="1,0,0,3,3,70" ten="173,250,250,327" oya="1" hai0="62,132,7,1,89,86,49,57,129,106,85,30,15" hai1="93,117,36,21,128,38,88,68,122,14,97,114,120" hai2="74,110,134,66,115,43,11,79,121,81,118,16,34" hai3="2,67,55,111,119,10,82,71,80,77,112,64,131"/><U37/><E117/><V90/><F118/><W76/><G119/><T105/><D1/><U39/><E114/><V41/><F34/><W125/><G112/><T52/><D132/><U32/><E32/><V6/><F115/><W3/><G10/><T4/><D129/><U27/><E128/><V65/><F121/><W22/><G131/><T75/><D75/><U69/><N who="1" m="9216" /><DORA hai="0" /><U25/><E14/><V58/><F134/><W116/><G116/><T96/><D30/><U113/><E113/><V24/><F90/><W59/><G22/><T83/><D15/><U109/><E109/><V33/><F110/><W91/><G91/><N who="0" m="51647" /><D105/><U102/><E27/><V26/><F26/><W126/><G111/><T18/><D18/><U61/><E102/><V51/><F33/><W19/><G19/><T124/><D96/><U108/><E108/><V5/><F16/><W44/><G71/><T60/><D106/><U20/><E20/><V31/><F31/><W12/><G12/><T127/><D127/><U35/><E35/><V94/><F24/><W45/><G59/><T95/><D124/><U29/><REACH who="1" step="1"/><E69/><REACH who="1" ten="173,240,250,327" step="2"/><V133/><F133/><W78/><G125/><T101/><D101/><U54/><E54/><V40/><F40/><W73/><G126/><T103/><D103/><U17/><E17/><V47/><F41/><W104/><G55/><T42/><D42/><U46/><E46/><V50/><F43/><W100/><G45/><T99/><D86/><U72/><E72/><V28/><F47/><W130/><G44/><T56/><D56/><U9/><E9/><V8/><F11/><RYUUKYOKU ba="0,1" sc="173,15,240,15,250,-15,327,-15" hai0="4,7,49,52,57,60,62,89,95,99" hai1="21,25,29,61,68,88,93,97,120,122" /><INIT seed="1,1,1,0,0,115" ten="188,255,235,312" oya="1" hai0="41,11,62,118,104,74,112,82,70,31,97,45,10" hai1="9,32,102,8,68,123,88,95,135,65,99,120,114" hai2="106,124,77,50,51,83,42,96,39,133,3,15,66" hai3="119,129,58,25,0,14,89,109,40,60,91,76,81"/><U117/><E114/><V43/><F3/><W127/><G0/><T130/><D112/><U35/><E135/><V37/><F133/><W26/><G40/><T33/><D130/><U52/><E117/><V22/><F124/><W1/><G1/><T94/><D11/><U20/><E35/><V73/><F66/><W103/><G103/><N who="0" m="62575" /><D10/><U105/><E32/><V84/><F39/><W56/><G14/><T107/><D94/><U63/><E20/><V17/><F37/><W85/><G129/><T90/><D90/><N who="3" m="34313" /><G119/><T16/><D16/><U64/><E64/><V46/><F73/><W126/><G109/><T48/><D107/><U55/><E9/><V75/><F75/><W18/><G18/><T53/><D118/><U61/><E8/><V93/><F106/><W54/><G58/><T86/><D74/><U23/><E23/><V111/><F111/><W44/><G44/><T21/><D21/><U100/><E100/><N who="2" m="60431" /><F51/><W57/><G57/><T36/><D36/><U78/><E78/><V122/><F122/><W38/><G38/><T6/><D6/><U101/><E101/><V30/><F30/><W79/><G79/><T132/><D132/><U24/><E24/><V13/><F43/><W125/><AGARI ba="1,1" hai="25,26,54,56,60,76,81,85,125,126,127" m="34313" machi="125" ten="40,1500,0" yaku="18,1" doraHai="115" who="3" fromWho="3" sc="188,-5,255,-8,235,-5,312,28" /><INIT seed="2,0,0,3,1,29" ten="183,247,230,340" oya="2" hai0="40,96,124,117,38,98,75,82,104,116,73,118,94" hai1="37,57,103,86,108,55,20,66,33,10,90,14,18" hai2="100,21,127,91,7,15,123,113,74,119,61,24,41" hai3="67,25,93,32,53,85,132,11,130,34,36,126,22"/><V59/><F123/><W26/><G36/><T31/><D31/><U129/><E37/><V78/><F119/><W110/><G67/><T71/><D71/><U92/><E108/><V101/><F113/><W35/><G53/><T120/><D40/><U60/><E129/><V76/><F127/><W79/><G93/><T114/><D38/><U50/><E103/><N who="2" m="39499" /><F74/><W128/><G85/><T12/><D12/><U27/><E33/><V3/><F3/><W23/><G79/><T81/><D114/><U95/><E95/><V56/><F41/><W46/><G46/><T102/><D120/><U2/><E2/><V19/><F91/><W0/><G110/><T48/><D48/><U43/><E43/><V42/><F42/><W64/><G64/><T84/><D124/><U6/><REACH who="1" step="1"/><E66/><REACH who="1" ten="183,237,230,340" step="2"/><N who="2" m="39207" /><F59/><W115/><G126/><T5/><D5/><U77/><E77/><V44/><F44/><W9/><G115/><T16/><D16/><U45/><E45/><V125/><F125/><W47/><G47/><T68/><D68/><U80/><E80/><N who="0" m="30825" /><D84/><U69/><E69/><V131/><F131/><N who="3" m="50219" /><G0/><T106/><D106/><U51/><AGARI ba="0,1" hai="6,10,14,18,20,27,50,51,55,57,60,86,90,92" machi="51" ten="30,4000,0" yaku="1,1,0,1,8,1,53,0" doraHai="29" doraHaiUra="99" who="1" fromWho="1" sc="183,-10,237,50,230,-20,340,-10" /><INIT seed="3,0,0,5,2,92" ten="173,287,210,330" oya="3" hai0="98,120,103,75,0,23,51,9,87,106,77,61,130" hai1="122,34,66,71,76,45,97,10,63,83,4,79,13" hai2="24,41,18,21,52,95,3,65,59,40,7,107,124" hai3="78,94,17,20,64,86,8,84,44,113,14,104,36"/><W27/><G104/><T22/><D120/><U29/><E122/><V67/><F107/><W26/><G113/><T38/><D38/><U91/><E45/><V16/><F124/><W58/><G27/><T116/><D116/><U80/><E34/><V33/><F33/><W100/><G78/><T102/><D130/><U129/><E129/><V126/><F126/><W90/><G100/><T35/><D35/><U25/><E25/><V5/><F18/><W110/><G110/><T115/><D102/><U89/><E29/><V62/><F95/><W70/><G70/><T46/><D75/><U53/><E53/><V56/><F67/><W28/><G36/><T39/><D39/><U11/><E11/><V93/><F93/><W49/><G58/><T6/><D61/><U134/><E134/><V118/><F118/><W68/><G64/><T32/><D32/><U15/><E15/><V114/><F114/><W57/><G57/><T12/><D115/><U2/><E2/><V43/><F3/><W123/><G68/><T99/><D0/><U128/><E128/><V81/><F81/><W54/><REACH who="3" step="1"/><G123/><REACH who="3" ten="173,287,210,320" step="2"/><T105/><D105/><U112/><E112/><V127/><F127/><W109/><G109/><T125/><D125/><U47/><E76/><V73/><REACH who="2" step="1"/><F73/><REACH who="2" ten="173,287,200,320" step="2"/><W55/><G55/><N who="0" m="30199" /><D106/><U135/><E66/><V50/><AGARI ba="0,2" hai="5,7,16,21,24,40,41,43,50,52,56,59,62,65" machi="50" ten="30,12000,2" yaku="1,1,0,1,8,1,54,2,53,2" doraHai="92" doraHaiUra="1" who="2" fromWho="2" sc="173,-30,287,-30,200,140,320,-60" /><INIT seed="4,0,0,1,3,32" ten="143,257,340,260" oya="0" hai0="85,53,16,4,8,129,5,75,59,29,39,128,49" hai1="52,94,62,35,19,14,127,47,13,21,125,107,131" hai2="17,123,100,68,106,112,89,108,77,95,124,113,45" hai3="74,48,60,7,33,102,86,83,79,132,55,46,135"/><T15/><D75/><U65/><E107/><V134/><F68/><W105/><G33/><T64/><D39/><U118/><E35/><V97/><F123/><W23/><G60/><T126/><D126/><N who="1" m="48139" /><E118/><V120/><F120/><W76/><G76/><T40/><D29/><U22/><E131/><N who="0" m="50249" /><D40/><U103/><E103/><V18/><F124/><W84/><G23/><N who="1" m="8714" /><E94/><V78/><F108/><W92/><G105/><T122/><D122/><U119/><E19/><V44/><F17/><W111/><G111/><T56/><D85/><U71/><E119/><V91/><F18/><W6/><G84/><T101/><D101/><U1/><E1/><V12/><F106/><W130/><G130/><T63/><AGARI ba="0,0" hai="4,5,8,15,16,49,53,56,59,63,64" m="50249" machi="63" ten="30,3000,0" yaku="19,1,54,1" doraHai="32" who="0" fromWho="0" sc="143,30,257,-10,340,-10,260,-10" /><INIT seed="4,1,0,2,4,65" ten="173,247,330,250" oya="0" hai0="64,57,32,91,22,24,6,130,100,73,49,76,74" hai1="36,66,111,18,82,54,41,86,37,21,4,78,126" hai2="123,132,7,13,19,26,3,109,20,129,46,70,12" hai3="47,105,39,89,118,58,96,119,107,1,43,9,99"/><T84/><D32/><U80/><E126/><V83/><F123/><W42/><G58/><T0/><D100/><U113/><E113/><V71/><F109/><W87/><G1/><T90/><D130/><U40/><E111/><V63/><F46/><W60/><G9/><T23/><D74/><U121/><E121/><V127/><F63/><W59/><G43/><T101/><D101/><U2/><E66/><V34/><F129/><W108/><G108/><T95/><D73/><U135/><E135/><V110/><F110/><W8/><G8/><T5/><D0/><U62/><E4/><N who="0" m="1641" /><D76/><U11/><E11/><N who="2" m="2559" /><F132/><W55/><G107/><T38/><D38/><U117/><E2/><V133/><F127/><W67/><G55/><N who="0" m="31983" /><D64/><U92/><E117/><V81/><F12/><W28/><G105/><T75/><D75/><U53/><E37/><V103/><F103/><W79/><G79/><T124/><D124/><U33/><E36/><V102/><F102/><W30/><G119/><T10/><D10/><U97/><E33/><V61/><F133/><W94/><REACH who="3" step="1"/><G118/><REACH who="3" ten="173,247,330,240" step="2"/><T98/><D24/><N who="1" m="14391" /><E54/><V134/><F134/><W15/><G15/><T131/><D131/><U85/><E53/><V77/><F77/><W14/><G14/><T69/><D69/><N who="2" m="26122" /><F61/><W17/><G17/><T52/><D52/><U68/><E62/><V116/><F116/><W31/><AGARI ba="1,1" hai="28,30,31,39,42,47,59,60,67,87,89,94,96,99" machi="31" ten="30,2000,0" yaku="1,1,0,1,53,0" doraHai="65" doraHaiUra="128" who="3" fromWho="3" sc="173,-11,247,-6,330,-6,240,33" /><INIT seed="5,0,0,4,1,83" ten="162,241,324,273" oya="1" hai0="134,36,88,85,41,9,1,58,125,49,34,8,86" hai1="45,103,17,78,93,59,46,67,89,106,122,84,54" hai2="131,116,99,51,119,0,11,29,114,35,33,23,80" hai3="75,42,74,30,62,64,6,127,118,37,113,100,25"/><U53/><E122/><V43/><F99/><W96/><G118/><T55/><D34/><U128/><E128/><V21/><F131/><W40/><G6/><T71/><D71/><U38/><E38/><V123/><F123/><W56/><G127/><T133/><D125/><U44/><E78/><V18/><F114/><W26/><G26/><T91/><D36/><U102/><E106/><V31/><F80/><W81/><G113/><T135/><D41/><U129/><E129/><V66/><F66/><W39/><G39/><T22/><D22/><U73/><E73/><V16/><F51/><W72/><G37/><T28/><D28/><U76/><E76/><V63/><F63/><W77/><G42/><T121/><D121/><U47/><N who="1" m="11264" /><DORA hai="82" /><U79/><E79/><V94/><F94/><W107/><REACH who="3" step="1"/><G40/><REACH who="3" ten="162,241,324,263" step="2"/><T19/><D1/><U24/><E24/><V130/><F43/><W32/><AGARI ba="0,1" hai="25,30,32,56,62,64,72,74,75,77,81,96,100,107" machi="32" ten="20,5200,0" yaku="1,1,2,1,0,1,7,1,53,0" doraHai="83,82" doraHaiUra="48,13" who="3" fromWho="3" sc="162,-13,241,-26,324,-13,263,62" /><INIT seed="6,0,0,2,1,57" ten="149,215,311,325" oya="2" hai0="2,9,129,125,109,44,74,23,51,113,91,26,76" hai1="122,95,73,90,89,121,19,10,67,68,18,35,87" hai2="15,43,25,14,37,47,135,30,27,33,5,101,107" hai3="21,36,40,16,52,123,115,58,12,39,0,46,17"/><V130/><F130/><W29/><G0/><T132/><D129/><U127/><E35/><V131/><F131/><W59/><G29/><T118/><D109/><U111/><E73/><V120/><F120/><N who="1" m="46185" /><E111/><V42/><F135/><W38/><G59/><T49/><D132/><U64/><E127/><V8/><F42/><W94/><G123/><T50/><D125/><U80/><E10/><V28/><F101/><W116/><G116/><T124/><D124/><U79/><E89/><V72/><F72/><W13/><G94/><T85/><D118/><U53/><E53/><V34/><REACH who="2" step="1"/><F107/><REACH who="2" ten="149,215,301,325" step="2"/><W11/><REACH who="3" step="1"/><G115/><REACH who="3" ten="149,215,301,315" step="2"/><T92/><D113/><U133/><E133/><V69/><F69/><W114/><G114/><T112/><D112/><U96/><E68/><V103/><F103/><W7/><G7/><T65/><D74/><U71/><E71/><V61/><F61/><AGARI ba="0,2" hai="11,12,13,16,17,21,36,38,39,40,46,52,58,61" machi="61" ten="30,8000,1" yaku="1,1,7,1,52,1,54,2,53,0" doraHai="57" doraHaiUra="75" who="3" fromWho="2" sc="149,0,215,0,301,-80,315,100" /><INIT seed="7,0,0,3,0,84" ten="149,215,221,415" oya="3" hai0="99,134,36,119,111,39,94,114,43,88,33,27,80" hai1="77,100,51,23,131,32,89,116,73,47,110,2,108" hai2="54,18,70,90,63,79,22,65,81,112,8,59,66" hai3="25,86,71,0,56,133,37,14,34,16,49,45,5"/><W121/><G71/><T7/><D119/><U118/><E32/><V95/><F112/><W6/><G37/><T123/><D123/><U102/><E2/><V87/><F8/><W124/><G121/><T44/><D111/><N who="1" m="42539" /><E89/><V50/><F66/><W128/><G56/><T67/><D67/><U85/><E23/><V135/><F135/><W96/><G124/><T24/><D134/><U105/><E85/><V28/><F28/><W9/><G133/><T53/><D114/><U30/><E30/><V48/><F48/><W52/><G128/><T125/><D125/><U107/><E131/><V10/><F10/><W78/><G96/><T13/><D33/><U19/><E19/><V40/><F40/><W38/><G38/><T58/><D36/><U83/><E51/><V62/><F50/><W97/><G0/><T130/><D130/><U69/><E47/><V103/><F103/><N who="1" m="39465" /><E69/><V60/><F60/><W92/><G25/><T55/><D80/><U72/><E72/><V15/><F81/><N who="3" m="47415" /><G34/><T104/><D104/><AGARI ba="0,0" hai="73,77,83,104,105,107,116,118" m="39465,42539" machi="104" ten="40,2600,0" yaku="34,2" doraHai="84" who="1" fromWho="0" sc="149,-26,215,26,221,0,415,0" owari="123,-38.0,241,4.0,221,-18.0,415,52.0" /></mjloggm>