<mjloggm ver="2.3"><GO type="41"/><UN n0="%E3%81%9F%E3%81%8B%E3%81%82%E3%81%8D" n1="%E7%AB%B6%E5%A1%A9%E5%BE%97%E4%B9%B3%E5%BE%A1" n2="%77%69%64%65%62%65%61%72" n3="%E3%82%A6%E3%83%AB%E3%83%88%E3%83%A9%E7%AB%8B%E7%9B%B4" dan="14,13,14,15" rate="1898,1868,1923,1995" sx="M,M,M,M"/><TAIKYOKU oya="0"/><INIT seed="0,0,0,5,3,132" ten="250,250,250,250" oya="0" hai0="31,123,99,111,17,93,73,125,41,36,57,110,54" hai1="82,96,44,130,113,115,112,80,25,77,116,58,35" hai2="64,6,109,91,131,62,50,68,0,81,122,37,65" hai3="79,98,12,16,38,27,121,53,55,21,1,33,118"/><T32/><D73/><U49/><E116/><V8/><F122/><W70/><G118/><T127/><D123/><U39/><E39/><V23/><F109/><N who="0" m="41482" /><D32/><U40/><E130/><V85/><F37/><W51/><G38/><T124/><D31/><N who="1" m="19951" /><E77/><V119/><F131/><W71/><G121/><T89/><D36/><U18/><E96/><V11/><F119/><W120/><G120/><T42/><D17/><U88/><E18/><V105/><F105/><W117/><G117/><T24/><D24/><U102/><E102/><V28/><F65/><W67/><G71/><T45/><D45/><U86/><E58/><V4/><F50/><AGARI ba="0,0" hai="41,42,50,54,57,89,93,99,124,125,127" m="41482" machi="50" ten="40,18000,2" yaku="18,1,14,1,10,1,52,3" doraHai="132" who="0" fromWho="2" sc="250,180,250,0,250,-180,250,0" /><INIT seed="0,1,0,5,0,1" ten="430,250,70,250" oya="0" hai0="63,108,127,70,86,123,102,79,36,133,116,38,11" hai1="54,41,95,68,119,0,74,53,3,78,132,103,129" hai2="84,66,110,65,52,75,49,50,100,125,113,59,10" hai3="28,128,45,7,55,14,42,105,88,32,34,73,89"/><T72/><D123/><U134/><E41/><V44/><F75/><W96/><G73/><T9/><D116/><U18/><E74/><V30/><F100/><W43/><G128/><T67/><D133/><U83/><E78/><V23/><F10/><N who="3" m="4447" /><G32/><T64/><D127/><U120/><E83/><V20/><F125/><W16/><G34/><T24/><D72/><U109/><E120/><V80/><F113/><W107/><G107/><T90/><D79/><U92/><E103/><V114/><F110/><W131/><G28/><T87/><D108/><U62/><E109/><V21/><F114/><W29/><G29/><T35/><D67/><U48/><E48/><V26/><F66/><W93/><G105/><T5/><D9/><U40/><E40/><V106/><F106/><W47/><G131/><T31/><D102/><U130/><E62/><V135/><F135/><W85/><G16/><T81/><D86/><U117/><E18/><V57/><F65/><W37/><G37/><T22/><D35/><U112/><REACH who="1" step="1"/><E68/><REACH who="1" step="2"/><V60/><F60/><W6/><G43/><T126/><D126/><U4/><E4/><V101/><F101/><W15/><G42/><T118/><D118/><U51/><E51/><V27/><F27/><W99/><G47/><T104/><D104/><U71/><E71/><V122/><F122/><W61/><G61/><T121/><D121/><U46/><E46/><V91/><F59/><W17/><G89/><T39/><D39/><U82/><E82/><V58/><F58/><W19/><G19/><T111/><D111/><U98/><E98/><V77/><F77/><RYUUKYOKU ba="1,1" sc="430,10,240,10,70,10,250,-30" hai0="5,11,22,24,31,36,38,63,64,70,81,87,90" hai1="0,3,53,54,92,95,112,117,119,129,130,132,134" hai2="20,21,23,26,30,44,49,50,52,57,80,84,91" /><INIT seed="0,2,1,4,2,72" ten="440,250,80,220" oya="0" hai0="78,90,5,22,58,70,3,55,105,12,116,15,13" hai1="79,54,68,86,124,36,32,126,43,26,132,60,131" hai2="6,77,51,29,37,35,53,73,135,107,69,74,1" hai3="25,96,89,110,101,66,42,20,128,57,67,8,95"/><T49/><D105/><U52/><E32/><V30/><F37/><W97/><G128/><T134/><D116/><U100/><E131/><V63/><F107/><W109/><G42/><T80/><D134/><U46/><E26/><V115/><F135/><W33/><G8/><T84/><D70/><U94/><E132/><V98/><F115/><W4/><G4/><T19/><D3/><U104/><E104/><V21/><F1/><W50/><G33/><T118/><D5/><U65/><E100/><V48/><F35/><W93/><G50/><T117/><REACH who="0" step="1"/><D90/><REACH who="0" step="2"/><U56/><E126/><V61/><F69/><W71/><G71/><T127/><D127/><U34/><E124/><V39/><F39/><W122/><G122/><T23/><D23/><U120/><E34/><V99/><F21/><W87/><G20/><T14/><AGARI ba="2,2" hai="12,13,14,15,19,22,49,55,58,78,80,84,117,118" machi="14" ten="30,11700,0" yaku="1,1,0,1,52,1,53,1" doraHai="72" doraHaiUra="16" who="0" fromWho="0" sc="430,143,250,-41,80,-41,220,-41" /><INIT seed="0,3,0,5,2,72" ten="573,209,39,179" oya="0" hai0="129,71,100,49,40,120,8,132,9,13,19,128,4" hai1="79,92,114,84,95,15,86,99,20,97,66,88,45" hai2="61,46,3,50,75,16,21,98,62,37,48,111,85" hai3="32,25,109,113,125,103,115,27,117,107,1,36,10"/><T101/><D71/><U7/><E114/><V17/><F75/><W60/><G27/><T41/><D120/><U81/><E66/><V11/><F111/><W31/><G60/><T18/><D132/><U69/><E69/><V51/><F3/><W123/><G103/><T108/><D108/><U93/><E45/><V43/><F98/><N who="1" m="37385" /><E20/><V14/><REACH who="2" step="1"/><F85/><REACH who="2" step="2"/><W68/><G115/><T131/><D49/><U30/><E30/><V5/><F5/><W105/><G31/><T96/><D4/><U106/><E106/><V44/><F44/><W80/><G107/><T22/><D96/><N who="1" m="57351" /><E7/><V104/><F104/><W91/><G105/><T133/><D133/><U28/><E28/><V119/><F119/><W89/><G1/><T12/><D22/><U76/><E15/><AGARI ba="3,1" hai="11,14,15,16,17,21,37,43,46,48,50,51,61,62" machi="15" ten="40,2600,0" yaku="1,1,54,1,53,0" doraHai="72" doraHaiUra="64" who="2" fromWho="1" sc="573,0,209,-35,29,45,179,0" /><INIT seed="1,0,0,0,3,42" ten="573,174,74,179" oya="1" hai0="118,125,91,102,43,96,66,56,32,24,16,63,36" hai1="128,88,38,84,130,13,40,70,52,92,101,3,94" hai2="12,114,20,73,68,105,99,90,71,41,45,17,131" hai3="30,50,25,74,6,5,51,100,21,126,93,59,8"/><U77/><E70/><V61/><F131/><N who="1" m="50217" /><E3/><V33/><F73/><W109/><G74/><T37/><D118/><U46/><E101/><V103/><F114/><W49/><G109/><T65/><D125/><U58/><E77/><V0/><F33/><W120/><G126/><T19/><D91/><U119/><E119/><V11/><F0/><W72/><G72/><T116/><D116/><U55/><E94/><V83/><F61/><W107/><G107/><T78/><D78/><U28/><E28/><V110/><F110/><W67/><G8/><T132/><D132/><U135/><E135/><V60/><F60/><N who="3" m="38303" /><G120/><T48/><D66/><U18/><E58/><V97/><F20/><AGARI ba="0,0" hai="13,18,20,38,40,46,52,55,84,88,92" m="50217" machi="20" ten="30,11600,0" yaku="19,1,52,1,54,2" doraHai="42" who="1" fromWho="2" sc="573,0,174,116,74,-116,179,0" owari="573,67,290,9,-42,-54,179,-22" /></mjloggm>