<mjloggm ver="2.3"><GO type="169"/><UN n0="%E5%8E%9F%E5%AE%BF%E3%82%B8%E3%82%A7%E3%83%B3%E3%83%8C" n1="%EF%BC%88%E2%89%A7%E2%96%BD%E2%89%A6%EF%BC%89" n2="%EF%BC%BC%28%EF%BC%BE%6F%EF%BC%BE%29%EF%BC%8F%E2%98%85" n3="%E3%81%A8%E3%83%BC%E3%82%84%E3%82%93" dan="16,18,17,17" rate="2083,2234,2167,2103" sx="M,M,M,M"/><TAIKYOKU oya="0"/><INIT seed="0,0,0,2,5,63" ten="250,250,250,250" oya="0" hai0="4,50,112,71,126,135,130,74,15,5,109,38,52" hai1="8,114,131,28,133,6,77,99,59,85,128,2,53" hai2="102,106,58,80,37,84,57,36,67,125,46,76,118" hai3="124,41,110,17,42,129,62,39,32,91,104,30,65"/><T100/><D112/><U78/><E114/><V115/><F115/><W68/><G91/><T19/><D38/><U43/><E133/><V11/><F125/><W75/><G17/><T92/><D135/><U21/><E43/><V87/><F118/><W103/><G124/><T23/><D126/><U101/><E21/><V48/><F106/><W16/><G16/><T60/><D74/><U98/><E28/><V44/><F102/><W132/><G132/><T34/><D34/><U55/><E98/><V79/><F11/><W40/><G75/><T25/><D109/><U56/><E56/><V82/><REACH who="2" step="1"/><F48/><REACH who="2" ten="250,250,240,250" step="2"/><W13/><G110/><T122/><D122/><U26/><E101/><V54/><F54/><W18/><G103/><T61/><D130/><U7/><E55/><V0/><F0/><W73/><G104/><T95/><D100/><U69/><E8/><V3/><F3/><W29/><G129/><T88/><D71/><U134/><E69/><V64/><AGARI ba="0,1" hai="36,37,44,46,57,58,64,67,76,79,80,82,84,87" machi="64" ten="25,12000,2" yaku="1,1,0,1,22,2,52,2,53,0" doraHai="63" doraHaiUra="22" who="2" fromWho="2" sc="250,-60,250,-30,240,130,250,-30" /><INIT seed="1,0,0,5,4,58" ten="190,220,370,220" oya="1" hai0="63,69,42,75,113,119,39,91,12,1,128,8,33" hai1="9,105,79,122,89,110,101,40,4,92,103,37,62" hai2="99,104,88,130,5,96,49,80,43,70,107,66,124" hai3="118,93,60,11,117,77,41,74,65,87,86,73,95"/><U50/><E122/><V24/><F124/><W106/><G41/><T51/><D119/><N who="3" m="45577" /><G11/><T132/><D128/><U112/><E37/><V28/><F130/><W15/><G15/><T46/><D132/><U36/><E36/><V121/><F121/><W23/><G23/><T47/><D75/><N who="3" m="28681" /><G106/><T18/><D33/><U10/><E105/><V135/><F135/><W83/><G86/><T20/><D113/><U84/><E112/><V32/><F5/><W133/><G133/><T59/><D69/><AGARI ba="0,0" hai="60,65,69,77,83,87,93,95" m="28681,45577" machi="69" ten="30,2000,0" yaku="12,1,52,1" doraHai="58" who="3" fromWho="0" sc="190,-20,220,0,370,0,220,20" /><INIT seed="2,0,0,3,0,51" ten="170,220,370,240" oya="2" hai0="24,11,70,84,122,49,111,26,81,17,133,88,117" hai1="29,61,27,35,25,3,15,30,72,114,86,22,83" hai2="74,82,91,108,95,19,23,94,101,53,105,134,80" hai3="119,100,37,75,62,127,121,9,10,125,115,126,69"/><V14/><F134/><W93/><G119/><T64/><D111/><U20/><E114/><V65/><F108/><W130/><G121/><T44/><D117/><U128/><E128/><V38/><F38/><W68/><G37/><T92/><D122/><U41/><E72/><V116/><F116/><W16/><G75/><T8/><D133/><U33/><E3/><V131/><F131/><W109/><G130/><T42/><D70/><U112/><E112/><V66/><F105/><W99/><G109/><T43/><D64/><N who="2" m="24682" /><F74/><W46/><G115/><T135/><D135/><U60/><E41/><N who="0" m="15369" /><D92/><N who="2" m="35370" /><F101/><W132/><G132/><T47/><D47/><U76/><REACH who="1" step="1"/><E15/><REACH who="1" ten="170,210,370,240" step="2"/><V0/><F0/><W98/><G99/><T129/><D129/><U113/><E113/><V12/><F14/><W107/><G127/><T103/><D103/><U1/><E1/><V71/><F71/><W39/><G69/><T110/><D110/><U36/><E36/><V77/><F77/><W78/><G68/><T63/><D63/><AGARI ba="0,1" hai="20,22,25,27,29,30,33,35,60,61,63,76,83,86" machi="63" ten="40,2600,0" yaku="1,1,9,1,53,0" doraHai="51" doraHaiUra="45" who="1" fromWho="0" sc="170,-26,210,36,370,0,240,0" /><INIT seed="3,0,0,3,3,80" ten="144,246,370,240" oya="3" hai0="22,70,110,112,20,46,57,23,35,107,67,93,97" hai1="135,68,115,133,127,58,87,79,108,89,56,128,8" hai2="86,11,98,13,66,129,38,37,47,121,1,49,90" hai3="4,116,122,84,113,124,88,92,102,77,40,114,95"/><W53/><G122/><T14/><D35/><U10/><E115/><V104/><F1/><W76/><G116/><T48/><D107/><U103/><E68/><V6/><F129/><W2/><G124/><T54/><D70/><U131/><E79/><V50/><F66/><W36/><G2/><T26/><D112/><U39/><E103/><V7/><F7/><W99/><G4/><T28/><D14/><U52/><E39/><V0/><F0/><W24/><G40/><T59/><D110/><U106/><E106/><V94/><F49/><W21/><G36/><T63/><REACH who="0" step="1"/><D57/><REACH who="0" ten="134,246,370,240" step="2"/><U15/><E108/><V96/><F104/><W16/><G114/><T32/><D32/><U126/><E58/><V83/><F121/><W81/><G113/><T34/><D34/><U101/><E15/><V60/><F13/><W75/><G75/><T117/><D117/><U42/><E8/><V65/><F11/><W30/><G30/><T109/><D109/><U123/><E10/><V19/><F6/><W119/><G119/><T130/><D130/><N who="1" m="49707" /><E123/><V45/><F19/><W118/><G118/><T17/><D17/><U62/><E126/><V132/><F47/><W41/><G41/><T43/><D43/><U105/><E42/><V74/><F74/><W61/><G95/><T27/><D27/><U33/><E127/><V73/><F38/><W78/><G102/><AGARI ba="0,1" hai="20,22,23,26,28,46,48,54,59,63,67,93,97,102" machi="102" ten="30,12000,2" yaku="1,1,7,1,25,2,8,1,53,1" doraHai="80" doraHaiUra="91" who="0" fromWho="3" sc="134,130,246,0,370,0,240,-120" /><INIT seed="4,0,0,4,0,0" ten="264,246,370,120" oya="0" hai0="33,38,105,116,17,59,89,36,103,37,39,41,56" hai1="7,1,55,135,57,3,68,70,21,92,12,19,40" hai2="26,134,61,78,95,99,35,115,69,96,120,48,32" hai3="30,34,122,23,71,15,88,44,64,85,75,93,74"/><T123/><D116/><U66/><E135/><V133/><F120/><W83/><G122/><T90/><D123/><U131/><E131/><V119/><F119/><W77/><G34/><T91/><D33/><U121/><E121/><V42/><F78/><W126/><G126/><T6/><D17/><U102/><E40/><V8/><F115/><W110/><G110/><T22/><D22/><U127/><E127/><V49/><F8/><W24/><G71/><T114/><D114/><U65/><E70/><V58/><F69/><W94/><G64/><T14/><D41/><U130/><E130/><V117/><F117/><W82/><G44/><T86/><N who="0" m="9216" /><DORA hai="9" /><T67/><D67/><N who="1" m="25611" /><E3/><V111/><F111/><W81/><REACH who="3" step="1"/><G15/><REACH who="3" ten="264,246,370,110" step="2"/><T84/><D56/><U104/><E68/><V10/><F58/><W18/><G18/><T51/><D59/><U109/><E12/><V76/><F35/><W2/><G2/><T124/><D124/><U112/><E19/><V128/><F32/><W73/><G73/><T100/><D51/><U129/><E129/><V46/><F49/><W80/><G80/><T87/><D105/><U53/><E104/><V97/><F48/><W62/><G62/><T63/><D63/><U25/><E57/><V28/><F61/><W72/><G72/><T101/><D14/><U13/><E13/><V113/><F128/><W79/><AGARI ba="0,1" hai="23,24,30,74,75,77,79,81,82,83,85,88,93,94" machi="79" ten="30,7900,0" yaku="1,1,0,1,9,1,54,1,53,0" doraHai="0,9" doraHaiUra="52,45" who="3" fromWho="3" sc="264,-39,246,-20,370,-20,110,89" /><INIT seed="5,0,0,2,3,0" ten="225,226,350,199" oya="1" hai0="127,121,85,76,17,42,47,59,50,46,96,41,72" hai1="21,43,99,114,86,19,4,68,90,10,13,107,120" hai2="93,33,40,109,49,32,34,112,125,131,30,102,51" hai3="134,111,39,128,129,84,100,119,101,74,16,81,36"/><U133/><E120/><V126/><F109/><W64/><G111/><T89/><D121/><U73/><E73/><V1/><F1/><W18/><G74/><T45/><D127/><N who="2" m="48650" /><F131/><N who="3" m="50251" /><G64/><T12/><D72/><U54/><E68/><V7/><F112/><W117/><G134/><T71/><D71/><U103/><E114/><V9/><F30/><W26/><G100/><T75/><D75/><U56/><E43/><V108/><F40/><W23/><G18/><T124/><D124/><U11/><E133/><V78/><F78/><N who="3" m="46135" /><G101/><T27/><D76/><U82/><REACH who="1" step="1"/><E4/><REACH who="1" ten="225,216,350,199" step="2"/><V52/><F7/><W105/><G105/><T44/><D41/><U104/><E104/><V130/><F108/><W58/><G58/><T132/><D59/><U67/><E67/><V98/><F130/><W123/><G123/><T92/><D132/><U25/><E25/><V113/><F113/><W38/><AGARI ba="0,1" hai="16,23,26,36,38,39,117,119" m="46135,50251" machi="38" ten="40,2700,0" yaku="19,1,54,1" doraHai="0" who="3" fromWho="3" sc="225,-7,216,-13,350,-7,199,37" /><INIT seed="6,0,0,5,2,59" ten="218,203,343,236" oya="2" hai0="78,53,13,1,2,54,80,116,9,121,130,135,96" hai1="42,68,60,21,94,100,16,112,84,101,55,83,105" hai2="95,12,30,33,129,43,5,123,34,49,40,69,108" hai3="111,19,58,17,65,92,56,73,75,106,26,118,88"/><V133/><F123/><W109/><G106/><T4/><D116/><U18/><E105/><V122/><F122/><W29/><G118/><T62/><D135/><U61/><E112/><V110/><F133/><W52/><G75/><T50/><D130/><U81/><E42/><V87/><F69/><W41/><G73/><T28/><D121/><U37/><E37/><V51/><F129/><W103/><G41/><T102/><D28/><U85/><E68/><V63/><F30/><W127/><G103/><N who="1" m="39498" /><E94/><V79/><F95/><W67/><G109/><T32/><D32/><U38/><E38/><V0/><F43/><W31/><G111/><T23/><D1/><U86/><E18/><N who="3" m="6666" /><G58/><T132/><D2/><U125/><E125/><V14/><F0/><W24/><G65/><T10/><D132/><U45/><E45/><V124/><F124/><W76/><G67/><T20/><D102/><U47/><E47/><V90/><F108/><W82/><G31/><T70/><D70/><U25/><E55/><V119/><F40/><W72/><G29/><T113/><D54/><U48/><E48/><V107/><F110/><W64/><G64/><T74/><D53/><U7/><E7/><V120/><F51/><N who="3" m="30751" /><G127/><T115/><D113/><U93/><E93/><V98/><F107/><W11/><G11/><T89/><D115/><U126/><E126/><V77/><F119/><W3/><G3/><T97/><D74/><U15/><E15/><V104/><F104/><W66/><G66/><T8/><D13/><U114/><E114/><V22/><F120/><W35/><G35/><T27/><D4/><RYUUKYOKU ba="0,0" sc="218,-15,203,15,343,-15,236,15" hai1="16,21,25,60,61,81,83,84,85,86" hai3="24,26,72,76,82,88,92" /><INIT seed="7,1,0,3,5,43" ten="203,218,328,251" oya="3" hai0="128,100,16,9,81,92,113,58,119,85,70,133,107" hai1="47,10,75,132,57,67,64,98,114,91,77,59,76" hai2="34,78,6,37,13,111,25,56,104,97,129,14,115" hai3="95,93,90,32,20,86,49,42,125,112,17,29,44"/><W122/><G122/><T54/><D70/><U135/><E114/><V1/><F111/><W109/><G112/><T71/><D71/><U0/><E0/><V99/><F37/><W22/><G125/><T3/><D107/><U101/><E91/><V94/><F78/><N who="1" m="30313" /><E75/><V73/><F129/><W110/><G32/><T62/><D3/><U28/><E28/><V52/><F73/><W63/><G29/><T19/><D128/><U4/><E4/><V72/><F72/><W121/><G121/><T103/><D113/><U89/><E10/><V15/><F1/><W38/><G63/><T68/><D68/><U131/><E131/><V120/><F104/><W27/><G22/><T80/><D119/><U30/><E89/><V130/><F34/><W83/><REACH who="3" step="1"/><G38/><REACH who="3" ten="203,218,328,241" step="2"/><T108/><D108/><AGARI ba="1,1" hai="17,20,27,42,44,49,83,86,90,93,95,108,109,110" machi="108" ten="40,12000,1" yaku="1,1,2,1,10,1,52,1,53,1" doraHai="43" doraHaiUra="23" who="3" fromWho="0" sc="203,-123,218,0,328,0,241,133" owari="80,-42.0,218,-18.0,328,13.0,374,47.0" /></mjloggm>