<mjloggm ver="2.3"><GO type="41"/><UN n0="%E3%81%8C%E3%82%89%E3%81%8F%E3%81%9F%E3%81%AF%E3%81%86%E3%81%99" n1="%E3%82%A6%E3%83%AB%E3%83%88%E3%83%A9%E7%AB%8B%E7%9B%B4" n2="%6B%2D%6D%61%6E" n3="%E3%83%AD%E3%83%BC%E3%83%A9%E8%93%AE%E7%94%B0" dan="14,15,14,14" rate="1862,2009,1832,2039" sx="M,M,M,M"/><TAIKYOKU oya="0"/><INIT seed="0,0,0,4,1,101" ten="250,250,250,250" oya="0" hai0="72,128,43,58,103,86,89,25,0,40,94,106,98" hai1="7,125,63,132,122,133,87,39,62,90,5,33,1" hai2="57,76,130,66,116,49,131,88,6,71,121,29,41" hai3="9,19,105,95,75,84,74,113,46,107,99,35,54"/><T61/><D0/><U20/><E33/><V102/><F121/><W69/><G35/><T112/><D128/><N who="2" m="49194" /><F71/><W119/><G69/><T55/><D112/><U83/><E39/><V120/><F120/><W92/><G113/><T117/><D117/><U27/><E122/><V59/><F66/><W135/><G119/><T127/><D127/><U37/><E37/><V21/><F6/><N who="1" m="2057" /><E1/><V52/><F76/><W2/><G135/><N who="1" m="51786" /><E125/><V111/><F41/><W8/><G2/><T77/><D25/><U123/><E123/><V47/><F116/><W64/><G64/><T34/><D34/><U60/><E60/><V108/><F102/><W100/><G46/><T68/><D68/><U50/><E50/><V32/><F32/><W126/><G54/><T16/><D16/><AGARI ba="0,0" hai="16,20,27,62,63,83,87,90" m="51786,2057" machi="16" ten="30,2000,0" yaku="20,1,54,1" doraHai="101" who="1" fromWho="0" sc="250,-20,250,20,250,0,250,0" /><INIT seed="1,0,0,5,5,68" ten="230,270,250,250" oya="1" hai0="99,126,31,39,101,25,81,45,34,18,78,1,109" hai1="0,44,112,35,67,97,110,43,59,69,6,76,114" hai2="40,36,21,89,93,116,79,107,3,90,123,83,73" hai3="38,102,131,125,108,56,46,27,106,16,23,57,62"/><U30/><E59/><V52/><F123/><W111/><G131/><T113/><D113/><U86/><E86/><V24/><F116/><W64/><G125/><T74/><D1/><U51/><E97/><V19/><F107/><W75/><G75/><T55/><D126/><U9/><E76/><V72/><F3/><W28/><G28/><T11/><D109/><N who="3" m="42057" /><G102/><T124/><D124/><U80/><E80/><V95/><F40/><N who="3" m="22807" /><G106/><T8/><D18/><U58/><E58/><AGARI ba="0,0" hai="16,23,27,56,57,58,62,64" m="22807,42057" machi="58" ten="30,3900,0" yaku="14,1,52,1,54,1" doraHai="68" who="3" fromWho="1" sc="230,0,270,-39,250,0,250,39" /><INIT seed="2,0,0,1,1,46" ten="230,231,250,289" oya="2" hai0="24,43,115,80,87,25,77,119,73,92,40,57,37" hai1="84,14,82,97,123,111,81,30,7,96,0,42,125" hai2="101,59,110,105,71,113,26,17,8,27,109,33,66" hai3="95,63,122,69,129,134,65,22,70,48,88,133,3"/><V11/><F113/><W83/><G122/><T16/><D115/><U49/><E0/><V114/><F114/><W118/><G118/><T29/><D119/><U74/><E74/><V68/><F17/><W35/><G35/><T126/><D126/><U23/><E125/><V60/><F59/><W100/><G3/><T19/><D25/><N who="2" m="9226" /><F33/><W103/><G22/><T52/><D73/><U121/><E30/><V75/><F75/><W94/><G129/><T41/><D37/><U1/><E1/><V36/><F36/><W18/><G18/><T130/><D130/><U64/><E23/><V56/><F101/><W55/><G70/><N who="2" m="26665" /><F105/><W39/><G39/><T124/><D124/><U44/><E64/><V28/><F28/><W62/><G62/><T5/><D5/><U31/><E31/><V116/><F116/><W38/><G38/><T20/><D92/><U21/><E21/><V13/><F13/><W98/><G83/><T61/><AGARI ba="0,0" hai="16,19,20,24,29,40,41,43,52,57,61,77,80,87" machi="61" ten="30,7900,0" yaku="0,1,8,1,54,2" doraHai="46" who="0" fromWho="0" sc="230,79,231,-20,250,-39,289,-20" /><INIT seed="3,0,0,5,0,90" ten="309,211,211,269" oya="3" hai0="21,73,108,64,63,74,102,43,12,117,85,127,89" hai1="119,54,106,132,67,94,52,81,18,97,58,25,75" hai2="88,72,82,107,69,93,103,130,62,118,38,128,50" hai3="14,15,51,48,131,76,55,53,121,135,80,83,44"/><W28/><G121/><T116/><D102/><U45/><E106/><V46/><F38/><W84/><G135/><T105/><D105/><U37/><E132/><V60/><F118/><W68/><G68/><T8/><D127/><U41/><E119/><V91/><F69/><W34/><G131/><N who="2" m="50217" /><F107/><W2/><G2/><T36/><D43/><U32/><E67/><V47/><F72/><W24/><REACH who="3" step="1"/><G83/><REACH who="3" step="2"/><T110/><D116/><U7/><E81/><V70/><F82/><W1/><G1/><T19/><D117/><U98/><E75/><V92/><F70/><W126/><G126/><T115/><D73/><U65/><E7/><V29/><F29/><W95/><G95/><N who="2" m="36425" /><F103/><W5/><G5/><T17/><D74/><U78/><E94/><V120/><F120/><W27/><G27/><T9/><D36/><U79/><E25/><V26/><F26/><W99/><G99/><T133/><D133/><U134/><E134/><V39/><F39/><W23/><G23/><T122/><D21/><U100/><E37/><V66/><F66/><W40/><G40/><T104/><D122/><U111/><E41/><N who="2" m="24911" /><F47/><AGARI ba="0,1" hai="14,15,24,28,34,44,47,48,51,53,55,76,80,84" machi="47" ten="30,12000,1" yaku="1,1,7,1,9,1,53,2" doraHai="90" doraHaiUra="11" who="3" fromWho="2" sc="309,0,211,0,211,-120,259,130" /><INIT seed="3,1,0,0,2,118" ten="309,211,91,389" oya="3" hai0="121,26,116,82,100,43,109,69,25,72,22,79,134" hai1="115,71,125,53,45,3,55,60,75,107,19,114,70" hai2="119,46,16,83,48,122,27,21,120,42,52,7,133" hai3="113,77,86,78,9,57,36,101,66,87,1,61,128"/><W74/><G113/><T105/><D116/><U127/><E19/><V14/><F119/><W0/><G128/><T15/><D69/><U73/><E3/><V132/><F83/><W91/><G101/><T63/><D109/><U6/><E6/><V40/><F7/><W17/><G36/><T54/><D134/><N who="2" m="51818" /><F27/><W41/><G41/><AGARI ba="1,0" hai="14,16,21,40,41,42,46,48,52,120,122" m="51818" machi="41" ten="30,8000,1" yaku="20,1,52,2,54,2" doraHai="118" who="2" fromWho="3" sc="309,0,211,0,91,83,389,-83" /><INIT seed="4,0,0,3,3,47" ten="309,211,174,306" oya="0" hai0="11,19,39,10,90,1,123,119,104,128,62,91,100" hai1="110,69,14,37,56,105,35,66,118,77,89,4,13" hai2="57,125,102,83,17,59,96,94,44,58,71,109,52" hai3="3,40,50,76,133,111,93,112,68,23,134,67,85"/><T38/><D123/><U107/><E37/><V78/><F109/><W15/><G111/><T114/><D119/><U49/><E118/><V80/><F71/><W31/><G3/><T46/><D114/><U7/><E110/><V135/><F135/><N who="3" m="51723" /><G112/><T65/><D128/><U74/><E35/><V0/><F0/><W88/><G76/><T82/><D1/><U26/><E26/><V70/><F70/><W115/><G115/><T43/><D39/><U16/><E69/><V127/><F17/><N who="3" m="10687" /><G31/><T131/><D131/><U9/><E105/><V36/><F36/><W87/><G68/><T108/><D108/><U28/><E107/><V95/><F78/><W64/><G87/><T124/><D124/><N who="2" m="47690" /><F94/><W22/><G22/><T121/><D121/><U117/><E117/><V45/><F83/><W101/><G101/><T34/><D82/><U92/><E28/><V116/><F80/><W106/><G106/><T97/><D34/><U60/><E77/><V48/><F116/><W51/><G40/><T32/><D32/><U126/><E126/><V98/><F98/><W20/><G20/><T24/><D10/><U130/><E130/><V86/><F86/><W12/><G12/><T113/><D113/><U132/><E14/><V75/><F75/><W29/><G29/><T73/><D73/><U129/><E74/><V8/><F8/><W72/><G72/><T84/><D84/><N who="1" m="52263" /><E132/><V42/><F42/><W120/><G120/><T122/><D122/><U27/><E129/><V79/><F79/><W18/><G18/><T21/><D11/><U25/><E25/><V33/><F33/><RYUUKYOKU ba="0,0" sc="309,10,211,-30,174,10,306,10" hai0="19,21,24,38,43,46,62,65,90,91,97,100,104" hai2="44,45,48,52,57,58,59,95,96,102" hai3="50,51,64,67,85,88,93" /><INIT seed="4,1,0,2,3,5" ten="319,181,184,316" oya="0" hai0="83,21,2,102,17,63,0,74,103,10,128,119,48" hai1="25,15,133,88,35,121,87,73,42,80,6,91,120" hai2="54,84,41,68,101,11,52,12,60,55,13,64,30" hai3="110,75,66,43,92,31,94,127,50,116,4,33,24"/><T125/><D119/><U23/><E35/><V1/><F101/><W112/><G116/><T106/><D106/><U82/><E133/><V62/><F41/><W122/><G110/><T44/><D125/><U77/><E42/><V38/><F38/><W14/><G112/><T61/><D128/><U56/><E56/><V37/><F37/><W126/><G75/><T100/><D0/><U8/><REACH who="1" step="1"/><E91/><REACH who="1" step="2"/><V29/><F68/><W34/><G122/><T65/><D100/><U19/><AGARI ba="1,1" hai="6,8,15,19,23,25,73,77,80,82,87,88,120,121" machi="19" ten="20,12000,2" yaku="1,1,2,1,0,1,7,1,52,1,54,1,53,0" doraHai="5" doraHaiUra="98" who="1" fromWho="1" sc="319,-61,171,133,184,-31,316,-31" /><INIT seed="5,0,0,3,4,77" ten="258,304,153,285" oya="1" hai0="12,102,76,48,61,135,35,27,94,55,124,23,53" hai1="110,50,7,103,127,65,111,126,4,8,51,41,128" hai2="101,84,17,28,70,49,46,20,26,62,60,18,44" hai3="69,114,13,71,121,79,73,67,97,125,30,57,112"/><U9/><E65/><V132/><F70/><W74/><G121/><T104/><D104/><U116/><E103/><V45/><F132/><W52/><G125/><T115/><D135/><U117/><REACH who="1" step="1"/><E41/><REACH who="1" step="2"/><V106/><F101/><W88/><G67/><T37/><D124/><U89/><E89/><V134/><F134/><W15/><G30/><T6/><D115/><N who="3" m="44073" /><G71/><T95/><D37/><U2/><E2/><V118/><F106/><W133/><G69/><T25/><D102/><U87/><E87/><V108/><F108/><W32/><G133/><T42/><D42/><U122/><E122/><V34/><F118/><W75/><G32/><T129/><D76/><U80/><E80/><V78/><F34/><W123/><G123/><T85/><D35/><U113/><E113/><V24/><F24/><W3/><G3/><T59/><D85/><U1/><E1/><V43/><F84/><W120/><G120/><T109/><D27/><U19/><E19/><N who="2" m="7179" /><F78/><W100/><G79/><T68/><D109/><U92/><E92/><V58/><F43/><W21/><G21/><T5/><D68/><U99/><E99/><V105/><F105/><N who="3" m="63631" /><G88/><T64/><D94/><U10/><E10/><V91/><F91/><W22/><G22/><T54/><D95/><U33/><E33/><V119/><F119/><W83/><G83/><T90/><D90/><U39/><E39/><V66/><F66/><W98/><G98/><T93/><D64/><U29/><E29/><V131/><F131/><AGARI ba="0,1" hai="4,7,8,9,50,51,110,111,116,117,126,127,128,131" machi="131" ten="25,4800,0" yaku="1,1,22,2,53,0" doraHai="77" doraHaiUra="36" who="1" fromWho="2" sc="258,0,294,58,153,-48,285,0" /><INIT seed="5,1,0,1,4,115" ten="258,352,105,285" oya="1" hai0="134,130,129,24,5,30,94,10,3,41,31,13,117" hai1="102,69,17,11,120,12,19,23,71,7,85,108,127" hai2="79,104,86,105,16,47,43,2,96,58,70,59,128" hai3="63,20,27,40,26,50,122,131,61,123,118,9,116"/><U125/><E102/><V44/><F2/><W107/><G107/><T99/><D41/><U97/><E97/><V21/><F128/><N who="0" m="49258" /><D99/><U119/><E85/><V56/><F70/><W109/><G131/><T52/><D52/><U1/><E71/><V45/><F43/><W54/><G40/><T101/><D94/><U72/><E69/><V29/><F29/><W98/><G98/><T80/><D80/><U46/><E46/><V28/><F28/><W0/><G0/><T57/><D57/><U18/><E72/><V133/><F96/><W82/><G82/><T74/><D74/><U111/><E120/><V42/><F42/><W6/><G6/><T106/><D101/><U78/><E78/><V38/><F38/><W83/><G83/><T88/><D88/><U51/><E51/><V87/><F79/><W62/><G9/><T22/><D106/><N who="2" m="41066" /><F21/><W91/><G91/><T135/><D117/><N who="3" m="45161" /><G109/><N who="1" m="42058" /><E119/><V124/><F124/><AGARI ba="1,0" hai="1,7,11,12,17,18,19,23,124,125,127" m="42058" machi="124" ten="30,11600,0" yaku="18,1,10,1,34,2" doraHai="115" who="1" fromWho="2" sc="258,0,352,119,105,-119,285,0" owari="258,-14.0,471,56.0,-14,-51.0,285,9.0" /></mjloggm>