<mjloggm ver="2.3"><GO type="41"/><UN n0="%E5%90%89%E5%B2%A1%E5%85%89%E6%AD%A3%E9%97%98%E7%89%8C" n1="%E3%81%AA%E3%81%BE%E3%81%AF%E3%81%92%E3%83%AA%E3%83%BC%E3%83%81%E2%98%86" n2="%E3%81%A1%E3%81%9B%EF%BC%9E%EF%BC%9C" n3="%EF%BC%88%E2%89%A7%E2%96%BD%E2%89%A6%EF%BC%89" dan="15,14,13,15" rate="1924,1956,1855,2024" sx="M,M,F,M"/><TAIKYOKU oya="0"/><INIT seed="0,0,0,1,5,57" ten="250,250,250,250" oya="0" hai0="112,113,134,37,99,31,7,60,135,24,28,77,63" hai1="104,70,5,13,47,39,93,106,19,97,54,128,119" hai2="130,73,62,75,72,32,3,61,45,101,67,6,76" hai3="108,94,35,96,23,89,66,125,14,102,52,51,117"/><T116/><D37/><U1/><E119/><V8/><F32/><W21/><G35/><T25/><D77/><U84/><E70/><V20/><F130/><W87/><G117/><T38/><D116/><U118/><E118/><V123/><F123/><W30/><G125/><T121/><D38/><U131/><E84/><V40/><F20/><W16/><G108/><T22/><D7/><U49/><E39/><N who="2" m="21663" /><F101/><W4/><G4/><T92/><D121/><U59/><E47/><V65/><F65/><W126/><G126/><T122/><D122/><U80/><E80/><N who="2" m="45063" /><F62/><N who="0" m="23594" /><D22/><N who="1" m="11631" /><E5/><V36/><F36/><W50/><G66/><T41/><D41/><U10/><E10/><V74/><F74/><W120/><G120/><T64/><D64/><U53/><E1/><V95/><F95/><N who="3" m="58655" /><G52/><T43/><D43/><U34/><E54/><V124/><F124/><W85/><G85/><T88/><D28/><U68/><E68/><AGARI ba="0,0" hai="3,6,8,61,67,68,73,75" m="45063,21663" machi="68" ten="30,7700,0" yaku="25,1,33,2,52,1" doraHai="57" who="2" fromWho="1" sc="250,0,250,-77,250,77,250,0" /><INIT seed="1,0,0,2,3,52" ten="250,173,327,250" oya="1" hai0="4,40,11,124,25,67,55,39,41,112,57,110,80" hai1="18,121,47,21,100,79,88,32,36,104,81,69,1" hai2="92,123,20,56,131,58,97,26,135,118,30,83,60" hai3="73,5,22,77,116,38,12,0,72,44,51,8,105"/><U125/><E121/><V98/><F118/><W119/><G116/><T34/><D112/><U16/><E32/><V43/><F123/><W122/><G119/><T61/><D124/><U42/><E125/><V90/><F131/><W19/><G122/><T63/><D110/><U106/><E69/><V127/><F127/><W6/><G105/><T9/><D80/><U76/><E1/><V53/><F43/><W27/><G38/><T91/><D91/><U134/><E134/><V49/><F135/><W70/><G70/><T54/><D39/><U65/><E65/><N who="2" m="39047" /><F83/><W103/><G103/><T84/><D84/><AGARI ba="0,0" hai="20,26,30,49,53,58,84,90,92,97,98" m="39047" machi="84" ten="30,3900,0" yaku="8,1,52,2" doraHai="52" who="2" fromWho="0" sc="250,-39,173,0,327,39,250,0" /><INIT seed="2,0,0,3,2,12" ten="211,173,366,250" oya="2" hai0="100,76,13,62,27,46,72,122,101,99,24,23,26" hai1="113,124,38,115,49,96,107,111,36,127,19,128,85" hai2="25,119,73,103,89,0,59,14,84,9,3,47,105" hai3="34,106,55,81,108,86,94,53,112,67,95,97,15"/><V126/><F119/><W134/><G34/><T18/><D122/><U4/><E4/><V8/><F73/><W32/><G32/><T29/><D72/><U21/><E128/><V45/><F126/><N who="1" m="48169" /><E111/><V37/><F25/><N who="0" m="9834" /><D76/><U87/><E49/><V30/><F30/><W33/><G33/><T93/><D46/><U57/><E57/><V65/><F103/><W28/><G28/><T133/><D133/><U56/><E56/><V121/><F105/><W98/><G106/><T35/><D35/><U41/><E96/><V54/><F65/><W110/><G67/><T51/><D51/><U70/><E107/><V116/><F116/><W90/><G110/><T44/><D44/><N who="1" m="23591" /><E38/><V66/><F37/><W117/><G108/><T64/><D64/><U16/><E70/><V78/><F66/><W132/><G117/><T129/><D129/><U114/><E21/><V68/><F68/><W74/><G132/><T120/><D120/><U82/><E87/><V11/><F121/><W58/><G134/><T135/><D135/><U42/><E42/><V60/><F0/><W52/><G74/><T125/><D125/><U118/><E118/><V17/><F3/><W31/><G98/><T61/><D101/><U92/><E92/><V83/><F89/><AGARI ba="0,0" hai="16,19,82,85,89,113,114,115" m="23591,48169" machi="89" ten="40,8000,1" yaku="18,1,52,2,54,1" doraHai="12" who="1" fromWho="2" sc="211,0,173,80,366,-80,250,0" /><INIT seed="3,0,0,3,5,77" ten="211,253,286,250" oya="3" hai0="73,29,8,43,33,106,98,114,116,108,21,4,15" hai1="129,49,45,47,101,3,93,89,133,119,10,51,81" hai2="104,44,94,68,97,39,113,40,121,18,80,69,58" hai3="7,117,1,23,59,112,37,17,16,11,55,85,31"/><W56/><G117/><T9/><D116/><U82/><E133/><V120/><F104/><W57/><G112/><T75/><D114/><U66/><E119/><V105/><F105/><W122/><G122/><N who="2" m="47209" /><F113/><W134/><G134/><T48/><D108/><U6/><E101/><N who="2" m="60599" /><F58/><W72/><G72/><T74/><D33/><U87/><E66/><V67/><F67/><W124/><G124/><T61/><D61/><U46/><REACH who="1" step="1"/><E129/><REACH who="1" ten="211,243,286,250" step="2"/><V5/><F5/><W91/><G37/><T86/><D4/><U32/><E32/><V71/><F18/><W70/><G70/><T22/><D29/><U52/><E52/><V110/><F110/><W26/><REACH who="3" step="1"/><G55/><REACH who="3" ten="211,243,286,240" step="2"/><T27/><D43/><U63/><E63/><V53/><F53/><W79/><G79/><T28/><D28/><U38/><E38/><V0/><F0/><W36/><G36/><T118/><D118/><U84/><E84/><V54/><F54/><W92/><AGARI ba="0,2" hai="1,7,11,16,17,23,26,31,56,57,59,85,91,92" machi="92" ten="30,11700,0" yaku="1,1,0,1,54,1,53,1" doraHai="77" doraHaiUra="25" who="3" fromWho="3" sc="211,-39,243,-39,286,-39,240,137" /><INIT seed="3,1,0,5,3,17" ten="172,204,247,377" oya="3" hai0="34,95,64,19,112,116,60,14,100,69,132,111,97" hai1="93,39,27,66,50,52,5,78,128,85,86,89,106" hai2="73,72,122,84,53,43,70,102,88,49,109,98,67" hai3="57,35,16,59,65,44,23,47,68,104,30,124,125"/><W123/><G123/><T28/><D116/><U22/><E106/><V129/><F109/><W108/><G104/><T71/><D111/><U135/><E39/><V1/><F122/><W3/><G3/><T114/><D71/><U87/><E128/><V55/><F1/><W120/><G120/><T130/><D130/><U131/><E131/><V9/><F129/><W41/><G68/><T127/><D127/><N who="3" m="48713" /><G108/><T121/><D121/><U15/><E66/><V80/><F43/><W83/><G65/><T58/><D132/><U32/><E32/><V81/><F81/><W20/><G83/><T6/><D6/><U134/><E78/><V113/><F113/><W8/><G8/><T82/><D82/><U31/><E135/><V62/><F9/><W38/><G44/><T10/><D69/><U48/><E134/><V103/><F103/><W11/><G11/><T33/><REACH who="0" step="1"/><D28/><REACH who="0" ten="162,204,247,377" step="2"/><U40/><E5/><V75/><REACH who="2" step="1"/><F49/><REACH who="2" ten="162,204,237,377" step="2"/><W118/><G118/><T101/><D101/><U99/><E50/><V37/><F37/><W63/><G63/><T29/><D29/><U4/><E4/><V46/><F46/><W42/><G41/><T51/><D51/><U119/><E119/><V36/><F36/><W77/><G38/><T96/><D96/><U61/><E40/><V45/><F45/><W79/><G47/><T24/><D24/><U54/><E61/><V107/><AGARI ba="1,2" hai="53,55,62,67,70,72,73,75,80,84,88,98,102,107" machi="107" ten="30,4000,0" yaku="1,1,0,1,54,1,53,0" doraHai="17" doraHaiUra="21" who="2" fromWho="2" sc="162,-11,204,-11,237,63,377,-21" /><INIT seed="4,0,0,0,2,113" ten="151,193,300,356" oya="0" hai0="85,129,15,50,13,76,112,6,117,21,3,18,83" hai1="42,47,72,1,124,73,130,26,134,95,121,116,71" hai2="59,53,32,64,39,16,93,7,92,30,74,4,110" hai3="27,101,103,44,67,86,57,12,105,91,120,48,97"/><T51/><D112/><U62/><E121/><V20/><F74/><N who="1" m="28777" /><E95/><N who="2" m="36427" /><F39/><W88/><G120/><T75/><D129/><U38/><E130/><V65/><F110/><W40/><G103/><T135/><D75/><U56/><E56/><V49/><F32/><W60/><G86/><T133/><D3/><U45/><E45/><V41/><F30/><W5/><REACH who="3" step="1"/><G27/><REACH who="3" ten="151,193,300,346" step="2"/><T29/><D117/><U87/><E26/><N who="2" m="14599" /><F41/><W17/><G17/><T98/><D98/><U0/><E116/><V118/><F118/><W128/><G128/><T23/><D6/><AGARI ba="0,1" hai="4,6,7,49,53,59,64,65" m="14599,36427" machi="6" ten="30,2000,0" yaku="8,1,54,1" doraHai="113" who="2" fromWho="0" sc="151,-20,193,0,300,30,346,0" /><INIT seed="5,0,0,0,0,94" ten="131,193,330,346" oya="1" hai0="52,76,65,28,108,44,133,8,12,16,51,111,107" hai1="24,95,106,83,43,17,123,41,93,134,130,34,116" hai2="10,81,79,59,86,13,20,47,69,49,37,36,109" hai3="29,135,3,58,9,64,1,7,38,23,63,74,67"/><U113/><E116/><V71/><F109/><W127/><G74/><T61/><D107/><U11/><E123/><V22/><F69/><W98/><G135/><T80/><D133/><U60/><E134/><V100/><F100/><W31/><G127/><T120/><D28/><U66/><E106/><V87/><F87/><W57/><G38/><T126/><D126/><U25/><E113/><V26/><F71/><W39/><G39/><T15/><D15/><N who="1" m="7423" /><E34/><V121/><F59/><W54/><G1/><T48/><D48/><U45/><E130/><V32/><F121/><W0/><G0/><T128/><D128/><U68/><E68/><V125/><F125/><W129/><G129/><T21/><D120/><U99/><E83/><V92/><F92/><N who="1" m="35401" /><E99/><V33/><F36/><W62/><G98/><T46/><D46/><U75/><E75/><V6/><F37/><W118/><G118/><T82/><D82/><U70/><E70/><V72/><F72/><W102/><G102/><T30/><D65/><U115/><E115/><V5/><F5/><W103/><G103/><T104/><D104/><U110/><E110/><V14/><F14/><W112/><G112/><T42/><D61/><U114/><E114/><V19/><REACH who="2" step="1"/><F22/><REACH who="2" ten="131,193,320,346" step="2"/><W4/><G4/><N who="0" m="3079" /><D111/><U56/><E45/><V131/><F131/><W50/><G23/><T2/><D2/><U96/><E96/><V84/><F84/><W89/><G89/><T97/><D97/><U53/><E66/><V124/><F124/><W105/><G105/><T18/><D108/><U117/><E117/><V73/><F73/><W90/><G90/><RYUUKYOKU ba="0,1" sc="131,-30,193,10,320,10,346,10" hai1="24,25,41,43,53,56,60" hai2="6,10,13,19,20,26,32,33,47,49,79,81,86" hai3="3,7,9,29,31,50,54,57,58,62,63,64,67" /><INIT seed="5,1,1,4,2,94" ten="101,203,330,356" oya="1" hai0="113,109,106,15,12,33,86,58,52,49,41,64,134" hai1="115,22,125,38,36,75,67,130,98,120,114,100,18" hai2="26,129,54,68,50,19,123,79,108,56,93,82,77" hai3="132,102,110,91,13,42,72,85,40,10,27,84,117"/><U4/><E120/><V14/><F108/><W83/><G110/><T74/><D106/><U90/><E75/><V34/><F123/><W59/><G117/><T118/><D109/><U7/><E67/><V69/><F129/><W0/><G132/><T61/><D33/><U48/><E130/><V78/><F82/><W46/><G72/><T63/><D74/><U121/><E121/><V73/><F73/><W53/><G0/><T87/><D113/><N who="1" m="43019" /><E90/><V44/><F44/><W47/><G102/><T70/><D118/><U6/><E48/><V126/><F126/><W103/><G103/><T39/><D134/><U29/><E29/><V2/><F2/><W131/><G27/><T119/><D63/><U128/><E125/><V92/><F26/><W24/><G24/><T57/><D119/><U76/><E76/><V80/><F34/><W21/><G21/><T81/><D58/><U30/><E30/><V111/><F111/><W104/><G104/><T32/><D32/><U8/><E8/><V95/><REACH who="2" step="1"/><F80/><REACH who="2" ten="101,203,320,356" step="2"/><N who="3" m="49543" /><G47/><N who="0" m="23999" /><D81/><U28/><E128/><V11/><AGARI ba="1,2" hai="11,14,19,50,54,56,68,69,77,78,79,92,93,95" machi="11" ten="30,2000,0" yaku="1,1,0,1,53,0" doraHai="94" doraHaiUra="23" who="2" fromWho="2" sc="101,-6,203,-11,320,43,356,-6" /><INIT seed="6,0,0,5,5,82" ten="95,192,363,350" oya="2" hai0="34,114,106,17,22,25,50,98,76,95,131,44,111" hai1="66,118,41,47,133,123,27,23,107,117,77,125,99" hai2="128,65,57,97,35,54,37,81,79,36,93,104,74" hai3="102,31,60,18,129,122,70,68,46,89,9,92,132"/><V88/><F128/><W94/><G122/><T91/><D111/><U61/><E123/><V101/><F35/><W49/><G132/><T62/><D131/><U33/><E133/><V110/><F110/><W26/><G129/><T63/><D114/><U55/><E55/><V28/><F28/><W87/><G60/><T20/><D34/><U130/><E130/><V43/><F65/><W113/><G113/><T58/><D106/><U100/><E77/><V134/><F134/><W56/><G56/><T13/><D76/><U84/><E125/><V7/><F43/><N who="3" m="24799" /><G70/><T109/><D109/><U90/><E33/><V115/><F7/><W121/><G68/><T51/><D44/><U38/><E23/><V16/><F115/><W72/><G72/><T120/><D63/><U124/><E27/><V75/><F75/><W78/><G78/><T135/><D135/><U83/><REACH who="1" step="1"/><E124/><REACH who="1" ten="95,182,363,350" step="2"/><V1/><F1/><W0/><G0/><T6/><D120/><U4/><E4/><V39/><F39/><W96/><G121/><T8/><REACH who="0" step="1"/><D22/><REACH who="0" ten="85,182,363,350" step="2"/><U64/><E64/><AGARI ba="0,2" hai="6,8,13,17,20,25,50,51,58,62,64,91,95,98" machi="64" ten="30,7700,0" yaku="1,1,2,1,7,1,8,1,53,0" doraHai="82" doraHaiUra="119" who="0" fromWho="1" sc="85,97,182,-77,363,0,350,0" /><INIT seed="7,0,0,0,4,78" ten="182,105,363,350" oya="3" hai0="20,122,119,16,135,30,22,117,43,59,96,95,52" hai1="57,45,84,69,67,131,98,101,76,104,124,24,77" hai2="121,55,42,31,94,80,87,118,107,71,103,90,14" hai3="128,120,3,110,99,18,41,53,133,15,56,97,46"/><W44/><G120/><T38/><D122/><U12/><E131/><V10/><F121/><W60/><G128/><T65/><D65/><U23/><E124/><V82/><F118/><W129/><G129/><T66/><D66/><U58/><E12/><V88/><F71/><W47/><G3/><T68/><D68/><U61/><E45/><N who="3" m="17514" /><G133/><T51/><D38/><U127/><E127/><V21/><F42/><W93/><G110/><T115/><D43/><U86/><E77/><V4/><F107/><W36/><G36/><T48/><D135/><U114/><E114/><V25/><F103/><W130/><G130/><T28/><D115/><U83/><REACH who="1" step="1"/><E86/><REACH who="1" ten="182,95,363,350" step="2"/><N who="2" m="52567" /><F55/><N who="3" m="33823" /><G41/><T63/><D119/><U13/><E13/><V74/><F74/><W109/><G109/><T79/><D117/><U81/><E81/><AGARI ba="0,1" hai="4,10,14,21,25,31,80,81,82,87,88" m="52567" machi="81" ten="30,8000,1" yaku="8,1,52,3,54,1" doraHai="78" who="2" fromWho="1" sc="182,0,95,-80,363,90,350,0" owari="182,-22.0,15,-48.0,453,55.0,350,15.0" /></mjloggm>