<mjloggm ver="2.3"><GO type="41"/><UN n0="%E3%83%95%E3%82%A7%E3%82%A4%E3%82%AF" n1="%E5%B5%90%E3%82%92%E5%91%BC%E3%81%B6%E7%94%B7" n2="%50%6F%74%6F%73%68%69" n3="%EF%BC%88%E2%89%A7%E2%96%BD%E2%89%A6%EF%BC%89" dan="13,14,14,15" rate="1938,1898,1881,2076" sx="M,M,M,M"/><TAIKYOKU oya="0"/><INIT seed="0,0,0,2,4,57" ten="250,250,250,250" oya="0" hai0="2,121,51,78,13,108,88,35,45,44,59,7,86" hai1="23,37,126,54,77,15,97,118,28,67,83,32,21" hai2="114,72,96,49,6,66,124,25,73,87,36,27,132" hai3="9,116,62,131,43,130,0,92,94,50,102,129,42"/><T90/><D35/><U19/><E118/><V113/><F36/><W81/><G116/><T133/><D121/><U41/><E67/><V20/><F132/><W18/><G81/><N who="0" m="47415" /><D2/><U127/><E97/><V107/><F124/><N who="1" m="47657" /><E32/><V84/><F6/><N who="3" m="1223" /><G18/><T1/><D1/><U5/><E5/><V76/><F66/><W30/><G30/><T120/><D133/><U70/><E70/><V68/><F68/><W47/><G42/><T117/><D120/><U103/><E103/><V22/><F49/><W31/><G31/><T53/><D117/><U64/><E64/><V79/><F96/><N who="3" m="59655" /><G94/><T38/><D38/><U85/><E54/><V109/><REACH who="2" step="1"/><F107/><REACH who="2" step="2"/><W75/><G131/><T93/><D7/><U29/><E37/><V104/><F104/><W4/><G130/><T48/><D48/><U46/><E41/><V71/><F71/><W63/><G129/><T3/><D51/><U99/><E46/><V80/><F80/><W52/><G43/><T55/><D45/><U110/><E83/><V14/><F14/><W82/><G47/><T98/><D3/><U91/><E15/><V111/><AGARI ba="0,1" hai="20,22,25,27,72,73,76,79,84,87,109,111,113,114" machi="111" ten="25,12000,2" yaku="1,1,0,1,22,2,53,2" doraHai="57" doraHaiUra="123" who="2" fromWho="2" sc="250,-60,250,-30,240,130,250,-30" /><INIT seed="1,0,0,0,0,48" ten="190,220,370,220" oya="1" hai0="12,106,107,115,18,134,35,20,10,88,112,89,56" hai1="0,122,28,123,130,83,98,38,86,16,121,93,73" hai2="11,76,54,96,29,61,27,59,45,84,124,36,99" hai3="9,120,69,47,46,68,55,1,2,119,71,24,128"/><U17/><E38/><V40/><F124/><W85/><G120/><T50/><D35/><U118/><E0/><V14/><F76/><W5/><G119/><T78/><D134/><U42/><E42/><V70/><F84/><W66/><G128/><T95/><D78/><U51/><E118/><V63/><F63/><W91/><G1/><T90/><D95/><U34/><E73/><V44/><F44/><W31/><G66/><T126/><D126/><U79/><E130/><V113/><F70/><W3/><G3/><T125/><D125/><U135/><E135/><V37/><F37/><W101/><G101/><T53/><REACH who="0" step="1"/><D10/><REACH who="0" step="2"/><U117/><E117/><V132/><F113/><AGARI ba="0,1" hai="12,18,20,50,53,56,88,89,90,106,107,112,113,115" machi="113" ten="40,8000,1" yaku="1,1,2,1,52,1,54,1,53,1" doraHai="48" doraHaiUra="13" who="0" fromWho="2" sc="180,90,220,0,370,-80,220,0" /><INIT seed="2,0,0,2,4,132" ten="270,220,290,220" oya="2" hai0="81,14,51,1,8,66,104,36,4,117,129,56,75" hai1="105,87,21,109,10,45,58,7,34,86,33,93,119" hai2="84,16,112,135,35,22,20,103,80,72,41,3,30" hai3="59,48,77,63,100,94,49,82,24,130,106,122,9"/><V47/><F3/><W74/><G122/><T120/><D104/><U2/><E119/><V107/><F135/><W26/><G130/><T12/><D129/><U98/><E105/><V110/><F112/><W44/><G106/><T101/><D101/><U42/><E109/><V111/><F72/><W61/><G9/><T28/><D28/><U38/><E58/><V15/><F35/><W65/><G63/><T37/><D120/><U115/><E115/><V23/><F30/><W69/><G69/><T70/><D117/><U131/><E131/><V50/><F107/><W64/><G64/><T92/><D92/><U121/><E121/><V118/><F103/><W29/><G44/><T102/><D102/><U13/><E34/><V54/><F118/><W123/><G123/><T83/><D70/><U96/><E33/><V46/><F110/><W133/><G133/><T57/><D57/><U85/><E93/><V60/><F111/><W40/><G40/><T31/><D31/><U73/><E73/><V97/><F97/><N who="3" m="59447" /><G24/><T17/><D1/><U53/><E53/><V113/><F113/><W39/><G39/><N who="0" m="14923" /><D75/><U18/><AGARI ba="0,0" hai="2,7,10,13,18,21,38,42,45,85,86,87,96,98" machi="18" ten="30,1100,0" yaku="0,1" doraHai="132" who="1" fromWho="1" sc="270,-3,220,11,290,-5,220,-3" /><INIT seed="3,0,0,2,5,0" ten="267,231,285,217" oya="3" hai0="38,107,63,6,69,93,130,22,66,126,15,125,24" hai1="60,3,62,18,42,39,79,5,86,100,37,112,75" hai2="9,67,73,52,74,121,134,122,35,61,59,90,115" hai3="41,43,36,114,123,11,129,84,13,53,20,124,56"/><W29/><G123/><N who="2" m="47113" /><F35/><W102/><G114/><T95/><D107/><U10/><E112/><V113/><F134/><W27/><G129/><T101/><D38/><U25/><E75/><N who="2" m="28683" /><F90/><W106/><G124/><N who="0" m="47723" /><D101/><U70/><E100/><V57/><F9/><W103/><G36/><T26/><D26/><U88/><E79/><V111/><F111/><W87/><G106/><T98/><D98/><U128/><E128/><V76/><F76/><W91/><G103/><T82/><D82/><U89/><E89/><V14/><F14/><W31/><G102/><T34/><D34/><U105/><E105/><V64/><F64/><W85/><G31/><N who="0" m="17815" /><D130/><U127/><E127/><V104/><F104/><W71/><G91/><T44/><D95/><U32/><E32/><V33/><F33/><W46/><G87/><T109/><D66/><U7/><E70/><V92/><F92/><W50/><G71/><T132/><D69/><U49/><E3/><V133/><F133/><W119/><G85/><T30/><D93/><N who="1" m="54423" /><E37/><V28/><F28/><W97/><G84/><T45/><D132/><U48/><E39/><V72/><N who="2" m="28691" /><V54/><DORA hai="23" /><F54/><N who="3" m="30039" /><G97/><T120/><D120/><U99/><E99/><V83/><F83/><W135/><G135/><T65/><D30/><U51/><E42/><V19/><F19/><N who="3" m="8639" /><G41/><T116/><D109/><U21/><E10/><V55/><F67/><W81/><G81/><T80/><D80/><U12/><E12/><V131/><F131/><W77/><G77/><T118/><D65/><U117/><E117/><V2/><F2/><W110/><G119/><T47/><D118/><RYUUKYOKU ba="0,0" sc="267,-15,231,15,285,15,217,-15" hai1="5,7,18,21,25,48,49,51,60,62" hai2="52,55,57,59,61,113,115" /><INIT seed="4,1,0,4,2,37" ten="252,246,300,202" oya="0" hai0="67,50,38,59,81,21,87,92,17,101,55,109,123" hai1="132,102,85,77,126,27,115,105,75,35,135,73,24" hai2="63,97,94,108,45,0,48,69,113,95,6,4,41" hai3="90,43,2,71,78,10,129,98,80,22,120,122,13"/><T53/><D38/><U84/><E126/><V57/><F69/><W134/><G71/><T3/><D3/><U96/><E35/><V23/><F108/><W60/><G60/><T30/><D109/><U25/><E115/><V51/><F113/><W116/><G116/><T56/><D123/><N who="3" m="47145" /><G134/><N who="1" m="51242" /><E77/><V130/><F0/><W68/><G68/><T61/><D30/><U16/><E16/><V114/><F114/><W12/><G129/><T54/><D101/><U107/><E107/><V118/><F130/><W128/><G128/><T89/><REACH who="0" step="1"/><D81/><REACH who="0" step="2"/><U42/><E73/><V99/><F118/><W112/><G112/><T76/><D76/><U88/><E75/><V79/><F79/><W100/><G78/><T33/><D33/><U104/><E104/><V20/><F95/><W49/><G80/><T64/><D64/><U19/><E105/><V31/><F94/><W32/><G2/><T15/><AGARI ba="1,1" hai="15,17,21,50,53,54,55,56,59,61,67,87,89,92" machi="15" ten="20,18000,2" yaku="1,1,0,1,7,1,25,2,8,1,53,0" doraHai="37" doraHaiUra="28" who="0" fromWho="0" sc="242,193,246,-61,300,-61,202,-61" /><INIT seed="4,2,0,4,1,117" ten="435,185,239,141" oya="0" hai0="78,89,134,37,135,64,39,17,53,80,24,7,14" hai1="59,31,10,51,8,66,96,36,123,113,128,73,44" hai2="100,81,12,0,55,60,105,46,70,29,13,111,118" hai3="20,19,104,133,57,2,76,1,54,95,102,101,72"/><T98/><D64/><U92/><E73/><V110/><F0/><W79/><G104/><T127/><D7/><U4/><E36/><V83/><F118/><W131/><G131/><T85/><D24/><U121/><E128/><V94/><F105/><W103/><G133/><T122/><D127/><U42/><E31/><V49/><F110/><W30/><G30/><T18/><D18/><U77/><E77/><V41/><F111/><W38/><G38/><T75/><D98/><U61/><E113/><V23/><F70/><W5/><G95/><T27/><D27/><U28/><E28/><V33/><F33/><W82/><G76/><T52/><D39/><U63/><E63/><V74/><F74/><W106/><G106/><T112/><D37/><U68/><E68/><V99/><F29/><W86/><G72/><T132/><D122/><U58/><E58/><N who="2" m="34911" /><F12/><W71/><G71/><T15/><D15/><U67/><E67/><V21/><F21/><W47/><G47/><T124/><D124/><U48/><E51/><V3/><F3/><W16/><G5/><T32/><D32/><U45/><E45/><V62/><F62/><W34/><G34/><T25/><D25/><U90/><REACH who="1" step="1"/><E10/><REACH who="1" step="2"/><V56/><F56/><W97/><G57/><T116/><D112/><U43/><E43/><V93/><F41/><W11/><G11/><N who="0" m="6367" /><D116/><U91/><E91/><V107/><F46/><W35/><G35/><T65/><D65/><U40/><E40/><V119/><F49/><W130/><G130/><T84/><D75/><U69/><E69/><V88/><F119/><W129/><G129/><RYUUKYOKU ba="2,1" sc="435,15,175,15,239,-15,141,-15" hai0="52,53,78,80,84,85,89,132,134,135" hai1="4,8,42,44,48,59,61,66,90,92,96,121,123" /><INIT seed="4,3,1,4,2,15" ten="450,190,224,126" oya="0" hai0="34,88,53,29,6,5,75,2,122,108,114,56,65" hai1="86,39,27,78,97,133,22,38,30,110,67,135,44" hai2="37,131,48,66,33,132,74,109,7,17,125,70,100" hai3="80,120,25,128,103,46,62,59,105,115,23,21,84"/><T54/><D75/><U118/><E110/><V36/><F109/><W129/><G115/><T79/><D108/><U126/><E118/><V10/><F74/><W58/><G120/><T102/><D79/><U111/><E111/><V19/><F33/><W31/><G46/><T119/><D102/><U82/><E126/><V55/><F125/><W43/><G43/><T24/><D65/><U99/><E67/><V72/><F72/><W3/><G3/><T134/><D122/><U0/><E0/><V107/><F132/><N who="1" m="50761" /><E44/><V76/><F76/><W45/><G45/><T69/><D69/><U41/><E41/><V16/><F131/><N who="3" m="50251" /><G23/><T13/><D2/><U124/><E124/><V35/><F35/><W50/><G50/><T98/><D34/><U91/><E78/><V57/><F70/><W81/><G84/><T52/><D134/><U28/><E28/><V63/><F66/><N who="3" m="39255" /><G59/><T42/><D42/><U20/><E22/><V12/><REACH who="2" step="1"/><F63/><REACH who="2" step="2"/><W51/><G51/><N who="0" m="30751" /><D119/><U106/><E106/><V73/><F73/><W130/><G130/><T77/><D77/><U9/><E38/><V68/><F68/><W11/><G105/><T26/><D114/><U14/><E39/><V90/><F90/><W121/><G121/><T1/><D88/><U117/><E117/><V113/><F113/><W92/><G103/><T83/><D54/><U104/><E104/><V93/><F93/><W101/><G92/><T89/><D53/><U95/><E95/><V94/><F94/><W40/><G101/><T127/><D127/><U4/><AGARI ba="3,2" hai="4,9,14,20,27,30,82,86,91,97,99" m="50761" machi="4" ten="30,1100,0" yaku="20,1" doraHai="15" who="1" fromWho="1" sc="450,-8,190,40,214,-6,126,-6" /><INIT seed="5,0,0,4,0,94" ten="442,230,208,120" oya="1" hai0="104,117,3,36,55,110,89,23,49,93,46,113,24" hai1="31,30,57,37,102,26,22,107,128,78,108,13,53" hai2="0,114,75,103,73,121,71,86,67,65,58,101,130" hai3="125,96,39,123,92,44,38,74,87,80,115,112,106"/><U131/><E108/><V52/><F121/><W79/><G44/><T99/><D113/><N who="3" m="43593" /><G38/><T33/><D3/><U19/><E37/><V90/><F114/><W9/><G9/><T51/><D36/><U4/><E78/><V11/><F11/><W88/><G39/><T83/><D104/><U25/><E102/><V127/><F0/><W28/><G28/><N who="1" m="10794" /><E107/><V132/><F71/><W135/><G135/><T59/><D33/><U8/><E53/><V133/><F67/><W105/><G125/><T45/><D117/><U15/><E57/><V14/><F65/><W98/><G123/><T84/><D51/><U126/><E126/><V76/><F127/><W120/><G120/><T10/><D110/><U42/><E42/><V6/><F52/><W32/><G32/><T119/><D119/><U69/><E69/><V21/><F58/><W48/><G48/><T66/><D66/><U50/><E50/><V29/><F132/><W1/><G1/><T12/><D93/><U60/><E60/><V34/><F34/><W68/><G68/><T63/><D63/><U47/><E47/><V129/><F133/><W109/><G109/><T70/><D70/><U122/><E122/><V41/><F41/><W134/><G134/><T100/><D59/><U64/><E64/><V27/><F73/><W82/><G98/><T56/><D56/><U95/><E95/><V5/><F75/><W20/><G20/><T54/><D46/><U97/><E97/><V124/><F124/><W116/><G116/><T72/><D45/><U7/><E7/><V2/><F5/><W85/><G74/><RYUUKYOKU ba="0,0" sc="442,-15,230,15,208,-15,120,15" hai1="4,8,13,15,19,22,25,26,128,131" hai3="79,80,82,85,87,88,92,96,105,106" /><INIT seed="5,1,0,5,1,13" ten="427,245,193,135" oya="1" hai0="134,2,83,8,81,78,94,123,69,46,67,40,127" hai1="79,45,82,107,35,112,34,30,80,15,48,66,96" hai2="99,64,22,116,106,111,9,120,47,31,105,55,42" hai3="6,51,132,118,60,133,71,61,129,84,86,125,124"/><U110/><E66/><V74/><F74/><W24/><G6/><T91/><D83/><U18/><E112/><V88/><F116/><W56/><G24/><T115/><D115/><U72/><E30/><V103/><F120/><W87/><G118/><T20/><D123/><U39/><E39/><V76/><F111/><W33/><G33/><T53/><D53/><U70/><E70/><V0/><F76/><W131/><G51/><T25/><D127/><N who="3" m="48713" /><G71/><T43/><D134/><N who="3" m="51817" /><G56/><T57/><D69/><U113/><E113/><V114/><F114/><W27/><G27/><T4/><D46/><U37/><E48/><V93/><F64/><W36/><G36/><T21/><D67/><U28/><E45/><V17/><F31/><W68/><G68/><T38/><D38/><U63/><E37/><V7/><F55/><W97/><G97/><T1/><D57/><U54/><E96/><V58/><F58/><W65/><G65/><T19/><D2/><U100/><E54/><V12/><F103/><W75/><G75/><T10/><D43/><U89/><E72/><V49/><AGARI ba="1,0" hai="0,7,9,12,17,22,42,47,49,88,93,99,105,106" machi="49" ten="20,5200,0" yaku="0,1,7,1,52,1,54,1" doraHai="13" who="2" fromWho="2" sc="427,-14,245,-27,193,55,135,-14" /><INIT seed="6,0,0,5,4,89" ten="413,218,248,121" oya="2" hai0="104,5,85,116,114,77,32,69,88,34,118,65,10" hai1="57,134,74,2,0,113,49,98,50,99,79,58,121" hai2="83,100,111,110,6,28,124,72,73,31,108,46,91" hai3="25,93,61,54,133,63,67,23,43,129,24,18,13"/><V97/><F124/><W40/><G133/><T102/><D77/><U135/><E79/><V8/><F46/><W76/><G129/><T22/><D114/><U16/><E74/><N who="2" m="28779" /><F91/><W131/><G131/><T29/><D22/><U119/><E16/><V117/><F83/><W60/><G76/><T7/><D65/><U84/><E84/><V39/><F39/><W71/><G71/><T106/><D69/><U94/><E94/><N who="2" m="58423" /><F117/><N who="0" m="45162" /><D7/><U55/><E119/><V47/><F47/><W81/><G81/><N who="0" m="49199" /><D29/><U51/><E113/><V41/><F41/><W123/><G67/><T127/><D127/><U30/><E30/><V42/><F42/><W59/><G123/><T115/><D115/><U75/><E75/><V92/><F92/><W44/><G43/><T37/><D37/><U86/><E86/><V1/><AGARI ba="0,0" hai="1,6,8,28,31,108,110,111" m="58423,28779" machi="1" ten="40,3900,0" yaku="10,1,52,1" doraHai="89" who="2" fromWho="2" sc="413,-13,218,-13,248,39,121,-13" /><INIT seed="6,1,0,0,4,132" ten="400,205,287,108" oya="2" hai0="7,103,108,124,44,61,46,59,102,28,55,51,121" hai1="40,97,6,82,112,123,15,109,113,75,115,110,25" hai2="106,89,92,72,125,35,18,120,70,38,81,0,45" hai3="73,126,88,24,52,43,4,34,33,71,69,105,10"/><V134/><RYUUKYOKU type="yao9" ba="1,0" sc="400,0,205,0,287,0,108,0" hai2="0,18,35,38,45,70,72,81,89,92,106,120,125,134" /><INIT seed="6,2,0,2,3,11" ten="400,205,287,108" oya="2" hai0="130,109,92,0,133,114,126,20,52,4,66,89,9" hai1="46,63,72,23,17,48,93,81,134,77,41,91,14" hai2="37,65,67,80,95,55,36,107,18,76,70,19,30" hai3="50,44,116,31,84,117,64,75,112,127,79,54,82"/><V98/><F107/><W122/><G122/><T62/><D109/><U45/><E134/><V49/><F37/><W42/><G127/><T5/><D5/><U118/><E118/><V39/><F36/><W110/><G110/><T47/><D133/><U34/><E46/><V108/><F39/><W69/><G112/><T12/><D126/><U113/><E113/><V129/><F129/><W61/><G31/><T59/><D114/><U100/><E63/><V99/><F108/><W115/><G115/><T3/><D130/><U57/><E57/><V123/><F123/><W88/><REACH who="3" step="1"/><G42/><REACH who="3" step="2"/><T131/><D131/><U43/><E43/><V29/><F30/><W7/><G7/><T13/><D3/><U90/><E34/><V51/><F29/><W26/><G26/><T105/><D12/><U74/><E41/><V78/><F78/><W27/><G27/><T53/><D0/><U21/><E77/><V25/><F76/><W120/><G120/><T128/><D13/><U6/><E14/><V35/><F25/><W22/><G22/><T24/><D20/><U106/><E6/><V111/><F35/><W15/><G15/><T101/><D24/><U96/><E23/><V8/><F111/><W97/><G97/><T104/><D4/><U68/><E96/><V38/><F98/><W16/><G16/><T124/><D124/><U2/><E17/><V103/><F19/><W135/><G135/><T102/><D128/><U132/><E21/><V83/><F18/><W40/><G40/><T86/><D9/><U94/><E132/><V1/><F8/><W85/><G85/><RYUUKYOKU ba="2,1" sc="400,-10,205,-10,287,-10,98,30" hai3="44,50,54,61,64,69,75,79,82,84,88,116,117" /><INIT seed="7,3,1,0,0,127" ten="390,195,277,128" oya="3" hai0="32,21,113,46,50,95,130,133,67,78,128,36,11" hai1="2,77,40,19,65,14,114,92,131,132,109,13,121" hai2="9,73,10,3,96,24,27,8,107,38,111,83,59" hai3="103,57,37,101,60,49,120,119,23,84,135,45,90"/><W125/><G120/><T53/><D32/><U102/><E121/><V80/><F38/><W70/><G119/><T30/><D36/><U47/><E2/><V117/><F3/><W98/><G125/><T86/><D67/><U63/><E109/><V61/><F111/><W134/><G37/><T122/><D122/><U52/><E77/><V6/><F6/><W91/><G23/><T43/><D133/><N who="3" m="50697" /><G70/><T64/><D64/><U71/><E132/><V66/><F117/><W12/><G12/><T81/><D113/><U35/><E114/><V39/><F39/><W85/><G85/><T118/><D118/><U88/><E35/><V29/><F73/><W69/><G69/><T112/><D112/><U105/><E13/><V124/><F124/><W106/><G103/><T79/><D11/><U108/><E102/><V97/><F107/><W48/><G45/><T26/><D79/><U7/><E108/><V51/><F27/><W25/><G25/><T4/><D4/><U18/><E71/><V82/><F51/><N who="3" m="19531" /><G84/><T15/><D15/><U62/><E14/><V126/><F126/><W72/><G72/><T99/><D43/><U89/><E7/><V129/><F24/><W74/><G74/><T16/><D30/><U87/><E47/><V94/><F29/><W28/><G28/><T34/><D34/><U115/><E87/><V44/><F44/><W55/><AGARI ba="3,1" hai="55,57,60,90,91,98,101,106" m="19531,50697" machi="55" ten="30,1500,0" yaku="20,1" doraHai="127" who="3" fromWho="3" sc="390,-8,195,-8,277,-8,128,34" /><INIT seed="7,4,0,1,3,90" ten="382,187,269,162" oya="3" hai0="127,97,25,115,18,47,118,64,39,99,76,81,91" hai1="86,116,1,133,83,84,49,85,12,40,41,60,114" hai2="122,75,56,15,96,77,63,102,44,42,135,30,68" hai3="24,61,106,92,58,53,125,117,32,93,112,80,43"/><W0/><G117/><T71/><D118/><U46/><E116/><V11/><F68/><W17/><G106/><T27/><D127/><U10/><E1/><V104/><F135/><W121/><G121/><T95/><D115/><U74/><E133/><V13/><F122/><W8/><G125/><T72/><D71/><U7/><E114/><V9/><F30/><W26/><G112/><T66/><D39/><U50/><E60/><V33/><F33/><W107/><G107/><T19/><D47/><N who="1" m="25839" /><E74/><V59/><F75/><W123/><G123/><T98/><D27/><N who="3" m="10281" /><G0/><T65/><REACH who="0" step="1"/><D25/><REACH who="0" step="2"/><U131/><E131/><V126/><F126/><W105/><G32/><T82/><D82/><AGARI ba="4,1" hai="7,10,12,40,46,50,82,83,84,85,86" m="25839" machi="82" ten="30,1000,0" yaku="8,1" doraHai="90" who="1" fromWho="0" sc="372,-22,187,32,269,0,162,0" owari="350,45.0,219,-18.0,269,7.0,162,-34.0" /></mjloggm>