<mjloggm ver="2.3"><GO type="169" lobby="0"/><UN n0="%EF%BC%A0%E6%A3%AE" n1="%EF%BC%88%E2%89%A7%E2%96%BD%E2%89%A6%EF%BC%89" n2="%E3%83%88%E3%83%90%E3%82%BE" n3="%E3%83%8B%E3%82%B3%E3%82%BF%E3%83%9E" dan="16,17,17,16" rate="2054.70,2189.64,2201.22,2138.51" sx="F,M,M,M"/><TAIKYOKU oya="0"/><INIT seed="0,0,0,0,4,119" ten="250,250,250,250" oya="0" hai0="103,90,57,74,3,26,89,72,88,34,82,35,48" hai1="22,58,10,105,124,16,95,9,126,41,39,50,28" hai2="128,17,94,0,108,59,107,43,18,36,53,56,135" hai3="79,116,65,27,127,100,1,129,63,83,64,62,12"/><T7/><D103/><U23/><E105/><V21/><F107/><W96/><G1/><T5/><D3/><U106/><E106/><V113/><F113/><W120/><G116/><T44/><D57/><U25/><E39/><V112/><F0/><W38/><G38/><T76/><D72/><U37/><E37/><V68/><F68/><W101/><G96/><T40/><REACH who="0" step="1"/><D26/><REACH who="0" ten="240,250,250,250" step="2"/><U15/><E58/><V86/><F59/><N who="3" m="36959" /><G100/><T102/><D102/><U134/><E126/><V87/><F56/><W32/><G101/><T61/><D61/><U75/><E124/><V11/><F112/><W77/><G63/><T92/><D92/><U99/><E75/><V110/><F94/><W33/><G27/><T6/><AGARI ba="0,1" hai="5,6,7,34,35,40,44,48,74,76,82,88,89,90" machi="6" ten="30,11700,0" yaku="1,1,0,1,54,1,53,1" doraHai="119" doraHaiUra="45" who="0" fromWho="0" sc="240,127,250,-39,250,-39,250,-39" /><INIT seed="0,1,0,1,1,24" ten="367,211,211,211" oya="0" hai0="129,100,85,61,94,49,25,78,48,27,1,28,65" hai1="128,84,112,127,12,10,53,131,113,11,110,39,92" hai2="86,29,88,96,19,43,32,54,83,133,73,114,44" hai3="62,69,120,125,40,76,38,116,70,104,16,97,124"/><T0/><D129/><N who="1" m="49739" /><E39/><V119/><F114/><N who="1" m="44137" /><E127/><N who="3" m="48714" /><G120/><T108/><D108/><U20/><E110/><V115/><F115/><W42/><G76/><T22/><D27/><U33/><E53/><V23/><F133/><W58/><G97/><N who="0" m="59447" /><D0/><U71/><E71/><N who="3" m="27146" /><G104/><T82/><D1/><U8/><E84/><V93/><F119/><W55/><G116/><T135/><D135/><U89/><E89/><V123/><F123/><W3/><G3/><T34/><D34/><U14/><E92/><V26/><F73/><W121/><G121/><T68/><D68/><U60/><E33/><V15/><F54/><W59/><G38/><T4/><D4/><N who="1" m="3079" /><E60/><V52/><F52/><N who="3" m="34119" /><G16/><AGARI ba="1,0" hai="10,11,14,16,20" m="3079,44137,49739" machi="16" ten="30,8000,1" yaku="19,1,11,1,34,2,54,1" doraHai="24" who="1" fromWho="3" sc="367,0,211,83,211,0,211,-83" /><INIT seed="1,0,0,1,4,25" ten="367,294,211,128" oya="1" hai0="42,39,62,81,68,32,27,90,109,12,97,113,64" hai1="53,116,48,115,128,74,45,35,34,38,10,31,105" hai2="46,92,86,19,134,66,101,135,70,29,85,99,117" hai3="65,77,0,129,80,118,120,40,41,54,13,14,49"/><U5/><E116/><V126/><F117/><W36/><G0/><T58/><D109/><U33/><E74/><V52/><F126/><W18/><G36/><T44/><D113/><U123/><E123/><V98/><F19/><W87/><G120/><T71/><D12/><U6/><E115/><V111/><F111/><W7/><G118/><T57/><D57/><U79/><E105/><V20/><F99/><W108/><G65/><T4/><D4/><U2/><E79/><V47/><F66/><W11/><G108/><T124/><D124/><U15/><E128/><V94/><F70/><W96/><G96/><T3/><D3/><U89/><E38/><V82/><F92/><W17/><G7/><T133/><D133/><N who="2" m="50698" /><F52/><W21/><REACH who="3" step="1"/><G129/><REACH who="3" ten="367,294,211,118" step="2"/><T8/><D97/><U55/><E5/><V72/><F98/><W37/><G37/><T24/><D39/><U100/><E2/><V51/><F101/><W67/><G67/><T78/><D64/><U131/><E100/><V22/><F72/><W125/><G125/><T59/><D68/><U61/><E131/><V95/><F86/><W69/><G69/><T84/><D84/><U1/><E1/><V16/><F85/><W83/><G83/><T93/><D81/><U130/><E130/><V106/><F82/><W132/><G132/><T30/><D71/><U112/><E112/><V122/><F122/><W76/><G76/><T102/><D78/><U9/><E6/><V73/><F73/><W43/><G43/><T88/><D42/><U127/><E127/><V56/><F95/><W26/><G26/><T119/><D93/><RYUUKYOKU ba="0,1" sc="367,-10,294,-10,211,-10,118,30" hai3="11,13,14,17,18,21,40,41,49,54,77,80,87" /><INIT seed="2,1,1,0,3,90" ten="357,284,201,148" oya="2" hai0="44,110,30,109,100,10,125,6,60,13,86,52,135" hai1="81,2,133,74,87,3,17,40,85,65,21,96,70" hai2="113,121,132,84,127,107,111,23,129,58,92,71,5" hai3="64,118,47,68,94,41,79,116,67,14,26,104,55"/><V0/><RYUUKYOKU type="yao9" ba="1,1" sc="357,0,284,0,201,0,148,0" hai2="0,5,23,58,71,84,92,107,111,113,121,127,129,132" /><INIT seed="2,2,1,3,1,53" ten="357,284,201,148" oya="2" hai0="16,26,49,73,133,114,55,116,18,36,93,82,40" hai1="39,119,84,69,57,120,21,58,23,81,123,80,75" hai2="60,87,134,92,83,91,45,96,66,64,2,30,27" hai3="109,31,99,44,24,28,13,25,118,100,50,5,101"/><V65/><F2/><W79/><G118/><T42/><D114/><U102/><E119/><V103/><F134/><W111/><G79/><T76/><D116/><U3/><E69/><V117/><F117/><W54/><G5/><T0/><D133/><U126/><E126/><V19/><F45/><W132/><G13/><T74/><D74/><U51/><E39/><V110/><F110/><N who="3" m="41995" /><G132/><T105/><D105/><U71/><E71/><V135/><F135/><W10/><G10/><T125/><D125/><U35/><E35/><V124/><F124/><W70/><G70/><T48/><D0/><U7/><E7/><V61/><REACH who="2" step="1"/><F19/><REACH who="2" ten="357,284,191,148" step="2"/><W112/><G112/><T56/><D18/><U38/><E3/><V122/><F122/><W94/><G31/><T46/><D16/><U29/><E29/><V14/><F14/><W32/><G25/><T85/><D26/><U68/><E123/><V41/><F41/><W59/><G44/><T127/><D42/><U130/><E120/><V128/><F128/><W12/><G12/><T62/><D127/><U131/><E130/><V33/><AGARI ba="2,2" hai="27,30,33,60,61,64,65,66,83,87,91,92,96,103" machi="33" ten="30,6000,0" yaku="1,1,0,1,53,1" doraHai="53" doraHaiUra="77" who="2" fromWho="2" sc="357,-22,284,-22,191,86,148,-22" /><INIT seed="2,3,0,5,0,114" ten="335,262,277,126" oya="2" hai0="19,78,13,56,11,86,18,121,70,81,3,65,94" hai1="134,79,8,31,116,55,69,71,47,58,5,51,102" hai2="45,16,88,103,30,101,9,118,89,27,50,115,12" hai3="62,37,7,127,91,133,76,113,122,43,131,14,35"/><V64/><F118/><W129/><G62/><N who="0" m="38087" /><D70/><U90/><E134/><V123/><F123/><W84/><G43/><T125/><D3/><U82/><E102/><N who="2" m="38923" /><F64/><W49/><G37/><T72/><D72/><U0/><E31/><V28/><F115/><W117/><G35/><T67/><D67/><U53/><E90/><N who="2" m="34923" /><F27/><W99/><G122/><T17/><D125/><U24/><E24/><V111/><F111/><W73/><G127/><T105/><D105/><U23/><E116/><V2/><F2/><W6/><G117/><T63/><D63/><U21/><E71/><V41/><AGARI ba="3,0" hai="9,12,16,28,30,41,45,50" m="34923,38923" machi="41" ten="30,6000,0" yaku="8,1,54,2" doraHai="114" who="2" fromWho="2" sc="335,-23,262,-23,277,69,126,-23" /><INIT seed="2,4,0,5,4,10" ten="312,239,346,103" oya="2" hai0="8,55,37,15,33,87,123,83,98,27,79,56,48" hai1="101,119,111,113,95,63,19,132,71,128,22,130,134" hai2="7,115,14,121,131,59,5,104,57,73,84,35,16" hai3="17,77,124,3,60,34,51,108,12,74,66,126,53"/><V92/><F115/><W21/><G34/><T109/><D123/><U39/><E113/><V99/><F35/><W122/><G3/><T82/><D37/><U36/><E119/><V100/><F73/><W38/><G38/><N who="1" m="14378" /><E101/><V68/><F68/><W127/><G122/><T80/><D109/><U1/><E1/><V133/><F121/><W32/><G32/><T23/><D98/><U125/><E95/><N who="2" m="58495" /><F133/><N who="1" m="51305" /><E111/><V90/><F104/><W50/><G108/><T76/><D33/><U0/><E0/><V106/><F106/><W62/><G51/><T86/><D82/><U88/><E88/><N who="2" m="53255" /><F131/><N who="1" m="50217" /><E71/><V65/><F90/><W96/><G96/><T91/><D91/><U64/><E64/><V107/><F107/><W58/><G66/><T54/><D54/><U47/><E47/><V26/><F26/><W49/><G77/><T4/><D27/><N who="1" m="14815" /><E63/><N who="3" m="24106" /><G74/><T30/><D30/><U69/><E69/><V46/><F46/><W120/><G120/><T81/><D81/><U103/><E103/><V114/><F114/><W93/><G50/><T44/><D23/><U2/><E2/><V118/><F118/><W129/><G129/><T18/><D44/><U97/><E97/><V78/><F78/><W112/><G93/><T25/><D25/><U135/><E135/><V117/><F117/><W43/><G112/><T94/><D94/><U13/><E125/><V11/><F65/><W6/><G43/><T24/><D24/><U52/><E52/><V41/><F41/><W31/><G31/><T20/><D20/><U45/><E45/><V40/><F40/><W102/><G102/><T61/><D61/><RYUUKYOKU ba="4,0" sc="312,0,239,0,346,0,103,0" hai0="4,8,15,18,48,55,56,76,79,80,83,86,87" hai1="13" hai2="5,7,11,14,16,57,59" hai3="6,12,17,21,49,53,58,124,126,127" /><INIT seed="2,5,0,4,4,135" ten="312,239,346,103" oya="2" hai0="96,61,81,88,83,44,31,29,55,122,73,60,58" hai1="66,8,125,126,109,11,110,52,130,42,78,115,114" hai2="57,92,38,51,93,22,36,0,1,48,87,54,112" hai3="6,18,85,131,89,69,7,82,21,133,100,40,107"/><V33/><F112/><N who="1" m="43049" /><E130/><V118/><F118/><W79/><G69/><T28/><D122/><U102/><E102/><V45/><F33/><W32/><G32/><T4/><D4/><U9/><E66/><V101/><F36/><W59/><G133/><T113/><D113/><U94/><E42/><V117/><F38/><W20/><G40/><T12/><D12/><U26/><E78/><V27/><F117/><W5/><G100/><T15/><D15/><U75/><E75/><V25/><F25/><W124/><G107/><T95/><D73/><U34/><E94/><V53/><F93/><W50/><G79/><T104/><D104/><U39/><E39/><V70/><F70/><W97/><G97/><T23/><D23/><U13/><E13/><V111/><F101/><W62/><G50/><T128/><D128/><U72/><E72/><V46/><F57/><W17/><G131/><T103/><D103/><U35/><E52/><V56/><F56/><W65/><G124/><N who="1" m="47722" /><E35/><V91/><REACH who="2" step="1"/><F111/><REACH who="2" ten="312,239,336,103" step="2"/><W49/><G49/><N who="0" m="29095" /><D60/><U116/><E116/><V19/><AGARI ba="5,1" hai="0,1,19,22,27,45,46,48,51,53,54,87,91,92" machi="19" ten="20,18000,2" yaku="1,1,0,1,7,1,9,1,53,2" doraHai="135" doraHaiUra="47" who="2" fromWho="2" sc="312,-65,239,-65,336,205,103,-65" /><INIT seed="2,6,0,0,1,123" ten="247,174,541,38" oya="2" hai0="115,106,114,117,78,22,93,24,10,33,91,14,98" hai1="86,121,99,97,35,51,61,89,44,84,71,47,126" hai2="4,11,42,120,132,54,31,127,125,59,130,75,105" hai3="133,87,62,19,68,129,101,15,124,113,29,30,81"/><V112/><F112/><W110/><G113/><T28/><D117/><U96/><E35/><V13/><F120/><W50/><G124/><N who="2" m="47689" /><F105/><W58/><G129/><T100/><D78/><U48/><E121/><V18/><F75/><W55/><G133/><T9/><D33/><U63/><E126/><V60/><F130/><W79/><G101/><T92/><D106/><U8/><E8/><V7/><F132/><W95/><G95/><T80/><D80/><U43/><E71/><V57/><F42/><W16/><G19/><T21/><D21/><U111/><E111/><V37/><F37/><W45/><G110/><T20/><D20/><U109/><E109/><V122/><F122/><W23/><REACH who="3" step="1"/><G68/><REACH who="3" ten="247,174,541,28" step="2"/><T17/><REACH who="0" step="1"/><D9/><REACH who="0" ten="237,174,541,28" step="2"/><U46/><E99/><AGARI ba="6,2" hai="10,14,17,22,24,28,91,92,93,98,99,100,114,115" machi="99" ten="30,3900,0" yaku="1,1,2,1,7,1,53,0" doraHai="123" doraHaiUra="107" who="0" fromWho="1" sc="237,77,174,-57,541,0,28,0" /><INIT seed="3,0,0,2,4,109" ten="314,117,541,28" oya="3" hai0="18,81,110,91,27,11,40,60,9,82,99,86,135" hai1="31,36,66,21,75,38,119,53,54,68,41,115,87" hai2="90,28,92,96,93,69,42,32,39,3,80,65,8" hai3="49,113,10,133,107,83,63,118,89,25,121,58,120"/><W33/><G107/><T19/><D110/><U101/><E101/><V30/><F69/><W126/><G118/><T122/><D122/><U130/><E75/><V72/><F65/><W71/><G71/><T134/><D40/><U22/><E119/><V29/><F32/><W13/><G133/><N who="0" m="50699" /><D60/><U131/><E87/><V67/><F67/><W6/><G126/><T78/><D99/><U98/><E98/><V64/><F64/><W14/><G49/><T129/><D129/><U85/><E85/><V17/><F93/><W74/><G89/><T105/><D105/><U97/><E97/><V88/><F90/><W51/><G51/><T62/><D62/><U94/><E94/><V56/><F88/><W70/><G70/><T46/><D46/><N who="1" m="23847" /><E38/><V47/><F92/><W116/><G116/><T61/><D61/><U55/><E66/><V45/><F96/><W103/><G103/><T59/><D59/><U20/><E68/><V125/><F56/><W95/><G95/><T12/><D27/><U111/><E111/><V1/><F39/><W57/><G57/><T132/><D132/><U106/><E106/><V43/><F47/><W7/><G58/><T108/><D108/><U112/><E131/><V123/><F45/><W2/><G63/><T4/><D9/><U23/><E130/><V16/><F8/><N who="3" m="4247" /><G74/><AGARI ba="0,0" hai="4,11,12,18,19,74,78,81,82,86,91" m="50699" machi="74" ten="30,1000,0" yaku="20,1" doraHai="109" who="0" fromWho="3" sc="314,10,117,0,541,0,28,-10" /><INIT seed="4,0,0,2,4,111" ten="324,117,541,18" oya="0" hai0="113,96,75,1,46,62,77,65,88,13,7,30,71" hai1="34,52,69,121,4,124,109,122,132,91,54,57,130" hai2="117,128,106,3,89,10,2,28,21,18,45,8,32" hai3="126,110,67,83,48,86,68,0,38,90,19,37,20"/><T81/><D1/><N who="2" m="10" /><F106/><W100/><G0/><T36/><D30/><U63/><E130/><V66/><F66/><W76/><G110/><T22/><D113/><U127/><E132/><V43/><F89/><W95/><G100/><T118/><D118/><U98/><E4/><V9/><F45/><W49/><G67/><T33/><D33/><U135/><E34/><V82/><F82/><W24/><G68/><T105/><D7/><U103/><E109/><V11/><F43/><W78/><G78/><T123/><D123/><U112/><E112/><V41/><F41/><W51/><REACH who="3" step="1"/><G126/><REACH who="3" ten="324,117,541,8" step="2"/><T79/><D79/><U6/><E124/><V27/><F117/><W31/><G31/><T61/><D65/><U101/><E69/><V115/><F115/><W53/><G53/><T29/><D71/><U114/><E54/><V35/><F128/><W47/><G47/><T44/><D46/><U23/><E127/><V5/><F28/><W87/><AGARI ba="0,1" hai="19,20,24,37,38,48,49,51,76,83,86,87,90,95" machi="87" ten="30,2000,0" yaku="1,1,0,1,53,0" doraHai="111" doraHaiUra="60" who="3" fromWho="3" sc="324,-10,117,-5,541,-5,8,30" /><INIT seed="5,0,0,4,2,65" ten="314,112,536,38" oya="1" hai0="113,53,37,122,8,27,31,4,36,38,79,89,115" hai1="107,9,14,41,24,39,118,23,15,125,17,119,99" hai2="42,0,97,103,73,82,78,126,104,2,30,50,55" hai3="101,106,111,48,96,133,116,16,94,43,62,131,45"/><U120/><E120/><V22/><F126/><W135/><G116/><T46/><D122/><U88/><E125/><V114/><F42/><W59/><G111/><T132/><D132/><U134/><E134/><N who="3" m="51210" /><G131/><T100/><D100/><U85/><E39/><V6/><F6/><W19/><G106/><T25/><D89/><U109/><E41/><V112/><F22/><W35/><G35/><T81/><D53/><AGARI ba="0,0" hai="16,19,43,45,48,53,59,62,94,96,101" m="51210" machi="53" ten="30,2000,0" yaku="20,1,54,1" doraHai="65" who="3" fromWho="0" sc="314,-20,112,0,536,0,38,20" /><INIT seed="6,0,0,0,0,20" ten="294,112,536,58" oya="2" hai0="57,53,106,21,61,14,28,126,51,16,102,9,120" hai1="119,24,38,54,58,98,31,77,123,32,115,29,10" hai2="49,62,114,88,87,50,101,124,48,47,100,72,33" hai3="46,42,104,2,113,71,63,121,56,64,99,13,86"/><V74/><F33/><W90/><G2/><T39/><D39/><U107/><E38/><V12/><F114/><W73/><G73/><T110/><D120/><U55/><E123/><V118/><F118/><W131/><G121/><T134/><D110/><U84/><E119/><V85/><F124/><W103/><G113/><T15/><D126/><U132/><E132/><V26/><F85/><W40/><G131/><T89/><D102/><N who="2" m="39530" /><F74/><W93/><G46/><T25/><D106/><U117/><E117/><V68/><F68/><W67/><G67/><N who="0" m="39343" /><D89/><U3/><E10/><V60/><F47/><W19/><REACH who="3" step="1"/><G71/><REACH who="3" ten="294,112,536,48" step="2"/><T44/><D134/><U18/><E3/><V37/><F72/><W94/><G94/><T133/><D133/><U92/><E92/><V59/><F59/><W27/><G27/><T83/><D83/><U23/><E24/><V122/><F26/><W129/><G129/><T30/><D15/><U135/><E58/><V43/><F122/><W116/><G116/><T97/><D97/><U105/><E98/><V78/><F12/><W6/><G6/><AGARI ba="0,1" hai="6,9,14,16,21,25,28,30,44,51,53" m="39343" machi="6" ten="30,3900,0" yaku="8,1,52,1,54,1" doraHai="20" who="0" fromWho="3" sc="294,49,112,0,536,0,48,-39" /><INIT seed="7,0,0,1,5,100" ten="343,112,536,9" oya="3" hai0="108,110,17,93,49,121,96,37,88,2,101,35,50" hai1="51,10,26,24,131,6,32,61,12,87,22,29,36" hai2="21,92,63,127,105,85,14,124,28,81,60,39,99" hai3="128,70,119,33,68,38,30,48,95,115,113,9,83"/><W130/><G38/><T79/><D35/><U75/><E36/><V43/><F105/><W80/><G119/><T132/><D37/><U72/><E131/><N who="3" m="50218" /><G48/><T27/><D2/><U44/><E87/><V64/><F43/><W16/><G95/><T58/><D132/><U46/><E61/><V42/><F42/><W45/><G45/><T4/><D121/><U94/><E94/><V3/><F39/><W0/><G0/><T112/><D4/><U123/><E123/><V78/><F3/><W1/><G1/><T77/><D112/><N who="3" m="43081" /><G30/><T133/><D49/><U11/><E46/><V20/><F28/><W18/><G33/><T122/><D122/><U134/><E134/><V103/><F92/><W114/><N who="3" m="43089" /><W65/><DORA hai="23" /><G65/><T84/><D50/><U52/><E11/><V109/><F64/><W55/><G55/><T5/><D58/><U8/><E8/><V125/><F125/><W7/><G7/><T40/><D5/><U135/><E135/><V129/><F129/><W111/><G111/><T106/><D133/><U120/><E120/><V69/><F109/><W59/><G59/><T53/><D110/><U41/><E41/><V71/><F127/><W73/><G9/><T67/><D53/><U117/><E117/><V90/><F124/><W62/><G62/><T13/><D67/><U118/><E118/><V98/><F63/><W107/><G107/><T66/><D40/><U104/><E104/><V47/><F60/><W91/><G73/><T15/><D66/><U126/><E126/><V86/><F47/><W34/><G34/><T54/><D108/><RYUUKYOKU ba="0,0" sc="343,-10,112,30,536,-10,9,-10" hai1="6,10,12,22,24,26,29,32,44,51,52,72,75" owari="333,13.0,142,-26.0,526,63.0,-1,-50.0" /></mjloggm>