<mjloggm ver="2.3"><GO type="41"/><UN n0="%E3%82%A6%E3%83%AB%E3%83%88%E3%83%A9%E7%AB%8B%E7%9B%B4" n1="%E3%81%82%E3%81%90%E3%82%8A" n2="%E3%81%A8%E3%82%93%E3%81%A8%E3%82%93%E3%81%A9%E3%82%89%E3%81%A9%E3%82%89" n3="%E3%81%93%E3%81%8D%E3%81%9F%E3%81%A6%E3%81%B2%E3%83%BC%E3%81%B2%E3%83%BC" dan="15,15,14,13" rate="1972,2140,1870,1879" sx="M,F,M,M"/><TAIKYOKU oya="0"/><INIT seed="0,0,0,3,4,6" ten="250,250,250,250" oya="0" hai0="72,35,15,99,44,96,69,46,1,89,36,14,130" hai1="20,64,40,27,9,71,132,78,23,101,29,98,37" hai2="85,131,122,97,0,62,53,47,34,111,112,61,86" hai3="11,126,105,16,84,87,63,102,125,115,92,38,73"/><T119/><D89/><U4/><E78/><V100/><F122/><W110/><G38/><T45/><D36/><U74/><E74/><V55/><F112/><W107/><G63/><T22/><D72/><U65/><E132/><V57/><F0/><W128/><G115/><T124/><D1/><U24/><E37/><V48/><F34/><W121/><G121/><T103/><D35/><U25/><E40/><V91/><F131/><W104/><G128/><T66/><D130/><U76/><E76/><V60/><F111/><W18/><G110/><T28/><D119/><U79/><E79/><V120/><F86/><W90/><G73/><T123/><D123/><U58/><E71/><V94/><REACH who="2" step="1"/><F120/><REACH who="2" ten="250,250,240,250" step="2"/><W106/><G84/><T70/><D124/><N who="3" m="47721" /><G107/><T51/><D99/><U129/><E129/><V82/><AGARI ba="0,1" hai="47,48,53,55,57,60,61,62,82,85,91,94,97,100" machi="82" ten="20,8000,1" yaku="1,1,0,1,7,1,8,1,53,1" doraHai="6" doraHaiUra="83" who="2" fromWho="2" sc="250,-40,250,-20,240,90,250,-20" /><INIT seed="1,0,0,0,5,85" ten="210,230,330,230" oya="1" hai0="3,113,14,77,45,7,16,20,48,115,61,88,36" hai1="125,50,37,53,89,27,33,55,120,60,73,87,91" hai2="22,131,105,104,114,119,92,32,24,54,59,100,70" hai3="13,40,97,29,62,83,2,112,43,10,128,69,30"/><U66/><E73/><V99/><F119/><W74/><G2/><T35/><D36/><U132/><E120/><V111/><F131/><W12/><G112/><T52/><D77/><U109/><E37/><V96/><F96/><W84/><G128/><T90/><D35/><U67/><E125/><V95/><F95/><W64/><G74/><T18/><D7/><U103/><E103/><V51/><F51/><W0/><G97/><T121/><D3/><U34/><E132/><V17/><F114/><W130/><G130/><T101/><D101/><U68/><E109/><V23/><F111/><W134/><G134/><T8/><D115/><U46/><E67/><V21/><F70/><W15/><G0/><T58/><D113/><U106/><E106/><V98/><F32/><W76/><REACH who="3" step="1"/><G10/><REACH who="3" ten="210,230,330,220" step="2"/><T127/><D121/><U57/><E87/><V79/><F105/><W47/><G47/><T81/><D127/><U44/><E44/><V31/><F104/><W39/><G39/><T78/><D81/><U72/><E72/><V126/><F99/><W108/><G108/><T4/><D78/><U135/><E135/><V102/><F102/><W133/><G133/><T107/><D107/><U11/><E11/><V42/><F42/><AGARI ba="0,1" hai="12,13,15,29,30,40,42,43,62,64,69,76,83,84" machi="42" ten="40,8000,1" yaku="1,1,53,3" doraHai="85" doraHaiUra="38" who="3" fromWho="2" sc="210,0,230,0,330,-80,220,90" /><INIT seed="2,0,0,2,1,43" ten="210,230,250,310" oya="2" hai0="90,28,72,86,56,76,3,37,4,32,35,77,95" hai1="130,65,106,57,46,133,19,107,49,116,78,21,123" hai2="8,73,34,120,82,53,62,71,69,26,128,18,134" hai3="67,22,80,126,14,129,110,125,44,100,63,50,52"/><V7/><F120/><W30/><G100/><T115/><D28/><U131/><E116/><V55/><F134/><W132/><G80/><T89/><D56/><U93/><E133/><V58/><F128/><N who="1" m="49193" /><E78/><V33/><F53/><W87/><G87/><T84/><D37/><U45/><E93/><V108/><F108/><W114/><G132/><T38/><D38/><U39/><E123/><V41/><F41/><W91/><G91/><T31/><D31/><U102/><E102/><V122/><F122/><W24/><G129/><T54/><D54/><N who="1" m="31951" /><E65/><V105/><F105/><N who="1" m="39945" /><E39/><V121/><F121/><W75/><G75/><T74/><D115/><U17/><E17/><V59/><F59/><N who="3" m="37375" /><G114/><T81/><D4/><U9/><E9/><V23/><F73/><W118/><G118/><T117/><D117/><U94/><E94/><V10/><F82/><W124/><G14/><AGARI ba="0,0" hai="14,19,21,45,46" m="39945,31951,49193" machi="14" ten="30,3900,0" yaku="19,1,52,2" doraHai="43" who="1" fromWho="3" sc="210,0,230,39,250,0,310,-39" /><INIT seed="3,0,0,4,4,18" ten="210,269,250,271" oya="3" hai0="79,27,24,76,95,62,71,84,7,116,106,83,93" hai1="5,10,78,1,130,63,48,20,26,28,135,124,90" hai2="14,59,36,42,57,122,37,74,66,105,25,69,77" hai3="46,70,0,107,54,40,104,118,86,123,100,56,81"/><W102/><G123/><T96/><D7/><U33/><E78/><V94/><F105/><W134/><G118/><T30/><D27/><U34/><E124/><V61/><F122/><W35/><G134/><T117/><D76/><U112/><E112/><V131/><F77/><W133/><G133/><T91/><D62/><U65/><E135/><V4/><F74/><W43/><G35/><T16/><D71/><U114/><E114/><V129/><F94/><W58/><G0/><T113/><D113/><U3/><E130/><N who="2" m="49675" /><F25/><W115/><G70/><T103/><D95/><U11/><E90/><V45/><F4/><W50/><G115/><T92/><D92/><U32/><E48/><N who="2" m="26679" /><F14/><W75/><G75/><T60/><D60/><U128/><E128/><V2/><F2/><N who="1" m="521" /><E63/><V127/><F127/><W97/><G40/><T55/><D30/><U98/><E98/><V125/><F125/><W52/><G54/><T29/><D55/><U6/><E65/><V99/><F99/><W111/><G111/><T51/><D29/><U47/><E47/><V73/><F73/><W108/><G108/><T23/><REACH who="0" step="1"/><D51/><REACH who="0" ten="200,269,250,271" step="2"/><U38/><E38/><AGARI ba="0,1" hai="36,37,38,57,59,61,66,69" m="26679,49675" machi="38" ten="30,3900,0" yaku="19,1,34,2" doraHai="18" who="2" fromWho="1" sc="200,0,269,-39,250,49,271,0" /><INIT seed="4,0,0,3,5,37" ten="200,230,299,271" oya="0" hai0="64,131,44,134,92,56,83,97,14,98,68,89,23" hai1="33,110,132,80,5,66,27,22,4,15,54,6,46" hai2="45,28,26,130,95,121,63,42,29,57,18,102,86" hai3="8,124,62,17,19,21,82,73,101,77,47,116,127"/><T109/><D68/><U16/><E110/><V103/><F130/><W69/><G116/><T79/><D131/><U65/><E132/><V120/><F121/><W41/><G101/><T125/><D134/><U114/><E80/><V113/><F120/><W32/><G32/><T34/><D34/><U48/><E114/><V108/><F113/><W39/><G8/><T9/><D109/><U53/><E33/><V112/><F108/><W94/><G94/><T58/><D125/><N who="3" m="48201" /><G21/><T31/><D97/><U99/><E99/><V106/><F106/><W30/><G30/><T126/><D126/><U135/><E135/><V81/><F112/><W0/><G0/><T75/><D64/><AGARI ba="0,0" hai="17,19,39,41,47,62,64,69,73,77,82" m="48201" machi="64" ten="30,2000,0" yaku="18,1,52,1" doraHai="37" who="3" fromWho="0" sc="200,-20,230,0,299,0,271,20" /><INIT seed="5,0,0,4,1,57" ten="180,230,299,291" oya="1" hai0="10,42,97,1,56,122,83,31,123,13,80,29,58" hai1="45,127,119,66,69,93,20,65,98,54,96,71,61" hai2="76,44,33,106,124,112,100,28,46,62,114,133,115" hai3="95,128,11,132,7,81,117,41,22,3,36,92,37"/><U23/><E119/><V55/><F133/><W110/><G110/><T34/><D42/><U21/><E127/><V27/><F124/><W12/><G117/><T30/><D97/><U88/><E45/><V8/><F8/><W39/><G132/><T104/><D104/><U103/><E54/><V25/><F25/><W90/><G128/><T99/><D99/><U113/><E113/><V87/><F100/><W4/><G41/><T18/><D1/><U85/><E103/><V74/><F106/><W78/><G7/><T49/><D34/><U6/><REACH who="1" step="1"/><E6/><REACH who="1" ten="180,220,299,291" step="2"/><V9/><F9/><W89/><G3/><T130/><D123/><U82/><E82/><N who="2" m="47559" /><F74/><W53/><G53/><T52/><D122/><U135/><E135/><V86/><F86/><W5/><G5/><T73/><D73/><U131/><E131/><V121/><F121/><W102/><G102/><T91/><D130/><U70/><E70/><V111/><F111/><W75/><REACH who="3" step="1"/><G22/><REACH who="3" ten="180,220,299,281" step="2"/><T40/><D40/><U60/><AGARI ba="0,2" hai="20,21,23,60,61,65,66,69,71,85,88,93,96,98" machi="60" ten="30,24000,3" yaku="1,1,0,1,9,1,52,2,54,1,53,2" doraHai="57" doraHaiUra="63" who="1" fromWho="1" sc="180,-80,220,260,299,-80,281,-80" /><INIT seed="5,1,0,5,1,109" ten="100,480,219,201" oya="1" hai0="94,119,73,86,36,2,3,5,63,100,66,64,90" hai1="4,55,107,43,59,125,99,29,69,35,56,72,16" hai2="74,108,26,113,46,130,88,97,131,106,20,112,71" hai3="111,96,50,19,9,49,70,42,58,79,68,129,77"/><U122/><E72/><V104/><F108/><W103/><G111/><T11/><D36/><U102/><E122/><V105/><F71/><W6/><G129/><N who="2" m="49161" /><F46/><W14/><G68/><T32/><D73/><U33/><E43/><V45/><F45/><W93/><G70/><T123/><D32/><U52/><E4/><V10/><F10/><W24/><G42/><T54/><D119/><U76/><E76/><N who="3" m="29258" /><G58/><T48/><D123/><U118/><E118/><V17/><F74/><W41/><G41/><T25/><D25/><U28/><E69/><V18/><F18/><W83/><G83/><T1/><D100/><U87/><E87/><V30/><F30/><W115/><G115/><N who="2" m="44105" /><F97/><W134/><G134/><T132/><D132/><U51/><E29/><V89/><AGARI ba="1,0" hai="17,20,26,88,89,104,105,106" m="44105,49161" machi="89" ten="40,12000,2" yaku="19,1,15,1,11,1,52,3,54,1" doraHai="109" who="2" fromWho="2" sc="100,-31,480,-61,219,123,201,-31" /><INIT seed="6,0,0,5,5,79" ten="69,419,342,170" oya="2" hai0="33,60,67,20,15,86,95,92,5,89,65,32,18" hai1="100,44,105,72,130,99,119,56,108,80,131,38,134" hai2="76,30,43,118,73,83,39,74,116,124,53,68,37" hai3="47,135,36,31,23,10,75,49,59,4,77,132,110"/><V21/><F124/><W57/><G110/><T85/><D5/><U2/><E108/><V51/><F68/><W54/><G36/><T66/><D60/><U48/><E119/><V87/><F118/><W63/><G31/><T120/><D120/><U96/><E96/><V26/><F116/><W121/><G23/><T84/><D20/><U128/><E134/><V6/><F6/><W103/><G103/><T50/><D50/><U126/><E2/><V41/><F37/><W93/><G93/><T82/><D18/><U19/><E19/><V0/><F0/><W70/><G70/><T29/><D15/><U97/><E97/><V90/><F39/><W104/><G104/><T88/><D29/><U78/><E126/><V61/><F61/><W9/><G121/><T101/><D101/><U69/><E38/><V123/><F123/><W3/><G10/><T113/><D113/><U115/><E69/><V52/><F53/><W98/><G98/><T106/><D106/><U24/><E24/><V17/><F30/><W111/><G111/><T112/><D112/><U12/><E12/><V25/><F25/><W94/><G94/><T109/><REACH who="0" step="1"/><D109/><REACH who="0" ten="59,419,342,170" step="2"/><U22/><E115/><V1/><F1/><W27/><G27/><T102/><D102/><U64/><E22/><V45/><REACH who="2" step="1"/><F73/><REACH who="2" ten="59,419,332,170" step="2"/><W34/><G34/><T40/><D40/><N who="1" m="24583" /><E72/><V107/><F107/><W14/><G3/><T81/><D81/><AGARI ba="0,2" hai="17,21,26,41,43,45,51,52,74,76,81,83,87,90" machi="81" ten="30,12000,1" yaku="1,1,7,1,52,2,54,1,53,0" doraHai="79" doraHaiUra="7" who="2" fromWho="0" sc="59,-120,419,0,332,140,170,0" owari="-61,-56.0,419,22.0,472,57.0,170,-23.0" /></mjloggm>