<mjloggm ver="2.3"><GO type="169"/><UN n0="%E3%83%95%E3%83%AA%E3%83%86%E3%83%B3" n1="%53%48%49%53%55%4B%45" n2="%4E%4F%42%55%53%48%49" n3="%EF%BC%88%E2%89%A7%E2%96%BD%E2%89%A6%EF%BC%89" dan="16,16,16,17" rate="2052,2062,2066,2112" sx="M,M,M,M"/><TAIKYOKU oya="0"/><INIT seed="0,0,0,0,0,53" ten="250,250,250,250" oya="0" hai0="51,66,90,134,8,34,59,71,100,49,64,16,96" hai1="116,17,130,47,56,13,124,73,132,101,74,40,0" hai2="78,6,37,122,31,112,29,11,28,75,63,23,97" hai3="120,129,84,50,33,58,69,113,91,114,133,54,135"/><T82/><D71/><U115/><E116/><V67/><F37/><W42/><G33/><T111/><D34/><U22/><E0/><V119/><F119/><W79/><G69/><T14/><D134/><N who="3" m="51209" /><G129/><T60/><D66/><U44/><E132/><V1/><F112/><W110/><G110/><T85/><REACH who="0" step="1"/><D111/><REACH who="0" ten="240,250,250,250" step="2"/><U52/><E130/><V3/><F67/><W109/><G109/><T87/><D87/><U98/><E115/><V72/><F72/><W108/><G108/><T30/><D30/><U36/><E124/><V88/><F31/><W21/><G114/><T65/><D65/><U127/><E127/><V19/><F29/><W12/><G113/><T26/><D26/><U77/><E74/><V89/><F28/><W55/><G84/><T43/><D43/><U27/><E40/><V117/><F75/><W106/><G42/><T57/><D57/><U10/><E73/><V80/><F117/><W48/><G58/><T32/><D32/><U104/><E36/><V4/><F122/><W62/><G120/><T24/><D24/><U107/><E56/><V15/><F97/><W20/><G55/><T25/><D25/><U128/><E128/><V105/><F1/><W46/><G54/><T83/><D83/><U68/><E52/><V5/><F80/><W102/><G12/><T94/><AGARI ba="0,1" hai="8,14,16,49,51,59,60,64,82,85,90,94,96,100" machi="94" ten="20,24000,3" yaku="1,1,0,1,7,1,8,1,52,1,54,1,53,2" doraHai="53" doraHaiUra="45" who="0" fromWho="0" sc="240,250,250,-80,250,-80,250,-80" /><INIT seed="0,1,0,5,2,18" ten="490,170,170,170" oya="0" hai0="117,71,98,133,40,68,121,49,57,35,12,89,55" hai1="14,129,66,88,17,24,45,53,19,4,114,42,95" hai2="37,128,76,99,92,120,119,116,118,91,106,127,125" hai3="59,39,115,47,1,67,13,0,8,6,124,74,41"/><T52/><D117/><U104/><E129/><V103/><F37/><W34/><G115/><T111/><D121/><U26/><E114/><V126/><F128/><W63/><G124/><T105/><D35/><U61/><E104/><V48/><F48/><W75/><REACH who="3" step="1"/><G34/><REACH who="3" ten="490,170,170,160" step="2"/><T80/><D133/><U107/><E107/><V73/><F120/><W135/><G135/><T44/><D111/><U97/><E53/><V81/><REACH who="2" step="1"/><F119/><REACH who="2" ten="490,170,160,160" step="2"/><W30/><G30/><T90/><D105/><U130/><E130/><V10/><F10/><W123/><G123/><T23/><D40/><U96/><E42/><V2/><F2/><AGARI ba="1,2" hai="0,1,2,6,8,13,39,41,47,59,63,67,74,75" machi="2" ten="40,2600,0" yaku="1,1,53,1" doraHai="18" doraHaiUra="38" who="3" fromWho="2" sc="490,0,170,0,160,-29,160,49" /><INIT seed="1,0,0,4,4,67" ten="490,170,131,209" oya="1" hai0="57,19,104,60,25,89,123,2,52,3,54,9,95" hai1="40,22,16,26,14,7,86,53,37,39,18,73,109" hai2="79,32,51,15,78,115,31,74,65,36,85,75,81" hai3="113,28,48,80,111,97,35,119,30,58,21,127,10"/><U130/><E73/><V59/><F36/><W96/><G35/><T70/><D104/><U87/><E7/><V13/><F115/><W46/><G113/><T29/><D123/><U20/><E130/><V125/><F125/><W8/><G119/><T112/><D70/><U38/><E109/><V42/><F31/><W4/><G58/><T108/><D112/><U50/><REACH who="1" step="1"/><E40/><REACH who="1" ten="490,160,131,209" step="2"/><V72/><F42/><W118/><G111/><T103/><D108/><U66/><E66/><V47/><F65/><W94/><G118/><T101/><D54/><U64/><E64/><V102/><F75/><W56/><G127/><T55/><D55/><U132/><E132/><V45/><F74/><W82/><G4/><T131/><D131/><U135/><E135/><V23/><F72/><W88/><G56/><AGARI ba="0,1" hai="14,16,18,20,22,26,37,38,39,50,53,56,86,87" machi="56" ten="40,3900,0" yaku="1,1,54,1,53,0" doraHai="67" doraHaiUra="62" who="1" fromWho="3" sc="490,0,160,49,131,0,209,-39" /><INIT seed="1,1,0,5,3,77" ten="490,209,131,170" oya="1" hai0="44,102,128,66,54,38,84,32,58,67,112,78,39" hai1="9,62,37,53,103,111,135,63,24,76,36,81,42" hai2="64,43,107,75,85,19,46,86,1,29,88,2,61" hai3="110,100,113,124,6,126,3,87,90,95,13,125,98"/><U59/><E135/><V73/><F107/><W131/><G113/><T108/><D32/><U11/><E111/><V28/><F1/><W65/><G110/><T134/><D112/><U68/><E103/><V94/><F2/><W45/><G131/><T132/><D108/><U49/><E37/><V20/><F85/><W79/><G3/><T104/><D102/><U60/><E68/><V91/><F91/><W21/><G65/><N who="0" m="24587" /><D104/><U96/><E96/><V82/><F94/><W50/><G79/><T31/><D31/><U26/><E36/><V4/><F4/><W27/><G6/><T51/><D128/><U48/><E42/><V52/><F75/><W120/><G13/><T12/><D12/><U116/><E49/><N who="2" m="28727" /><F43/><N who="3" m="24895" /><G120/><T105/><D105/><U74/><E116/><V41/><F41/><W122/><G122/><T114/><D114/><U123/><E123/><V55/><F73/><W7/><G7/><T71/><D71/><U109/><E109/><V70/><F64/><W30/><G100/><T34/><D34/><U130/><E130/><V80/><F70/><W99/><AGARI ba="1,0" hai="21,27,30,87,90,95,98,99,124,125,126" m="24895" machi="99" ten="40,1500,0" yaku="18,1" doraHai="77" who="3" fromWho="3" sc="490,-5,209,-8,131,-5,170,18" /><INIT seed="2,0,0,4,4,108" ten="485,201,126,188" oya="2" hai0="126,61,39,94,84,81,92,49,75,116,77,11,71" hai1="22,32,41,132,86,83,60,26,30,69,119,29,63" hai2="45,74,109,130,5,102,28,20,51,118,135,67,78" hai3="18,15,103,9,124,19,82,122,7,107,2,73,99"/><V72/><F118/><W66/><G122/><T24/><D39/><U96/><E119/><V110/><F135/><W33/><G124/><T10/><D126/><U52/><E132/><V87/><F130/><W85/><G33/><T131/><D131/><U113/><E113/><V1/><F102/><W64/><G73/><T76/><D92/><U59/><E41/><V17/><F28/><W105/><G105/><T42/><D24/><U38/><E38/><V89/><F67/><W98/><G98/><T25/><D25/><U70/><E63/><V40/><F78/><W4/><G4/><T27/><D27/><U44/><E44/><V100/><F100/><W62/><G2/><T128/><D128/><U37/><E37/><V123/><F123/><W97/><G97/><T16/><D77/><U112/><E112/><V117/><F117/><W21/><G21/><T56/><D71/><U65/><E30/><V50/><F50/><W68/><REACH who="3" step="1"/><G64/><REACH who="3" ten="485,201,126,178" step="2"/><T106/><D75/><U114/><E114/><V47/><F74/><W23/><G23/><T129/><D106/><U58/><E22/><V13/><F72/><W101/><G101/><T111/><D116/><U93/><E65/><V134/><F134/><W6/><G6/><T115/><D115/><U36/><E96/><V55/><F5/><W54/><G54/><T104/><D104/><U3/><E52/><V91/><F1/><W12/><G12/><T79/><D129/><U125/><E3/><V46/><F55/><W121/><G121/><T90/><D111/><N who="2" m="42506" /><F87/><W0/><G0/><T8/><D84/><U95/><E86/><RYUUKYOKU ba="0,1" sc="485,-15,201,-15,126,15,178,15" hai2="13,17,20,40,45,46,47,51,89,91" hai3="7,9,15,18,19,62,66,68,82,85,99,103,107" /><INIT seed="2,1,1,5,0,87" ten="470,186,141,193" oya="2" hai0="31,99,92,58,63,82,21,113,6,108,26,16,37" hai1="110,134,109,121,128,72,130,112,10,67,34,104,36" hai2="90,119,74,95,14,59,129,47,78,80,84,50,83" hai3="114,89,46,51,25,107,98,52,115,19,8,93,70"/><V65/><F119/><W54/><G107/><T66/><D113/><N who="3" m="43017" /><G98/><T27/><D37/><U60/><E10/><V49/><F129/><W85/><G70/><T20/><D108/><U55/><E55/><V1/><F1/><W57/><G8/><T32/><D32/><U131/><E60/><V103/><F14/><W42/><G57/><T2/><D2/><U64/><E67/><V13/><F13/><W5/><G5/><T123/><D123/><U41/><E64/><V7/><F7/><W35/><G19/><T39/><D39/><U96/><E41/><V12/><F12/><W22/><G22/><T135/><D135/><U38/><E96/><V71/><F71/><W44/><G44/><T68/><D6/><U33/><E38/><V101/><F83/><W17/><G17/><T81/><D68/><U94/><E94/><V15/><F15/><W86/><G86/><T120/><D120/><U77/><E77/><V11/><F11/><W102/><G102/><AGARI ba="1,1" hai="16,20,21,26,27,31,58,63,66,81,82,92,99,102" machi="102" ten="30,8000,1" yaku="7,1,25,2,8,1,54,1" doraHai="87" who="0" fromWho="3" sc="470,93,186,0,141,0,193,-83" /><INIT seed="3,0,0,3,5,44" ten="563,186,141,110" oya="3" hai0="97,132,113,89,79,19,41,35,128,59,87,95,40" hai1="28,127,125,36,4,2,114,129,22,15,133,7,102" hai2="135,94,48,82,118,8,34,96,124,42,77,104,103" hai3="91,131,50,25,23,117,24,76,81,71,111,9,122"/><W3/><G122/><T64/><D35/><U107/><E36/><V112/><F34/><W39/><G117/><T121/><D121/><U58/><E114/><V99/><F112/><W43/><G39/><T31/><D31/><U68/><E68/><V52/><F118/><W1/><G71/><T26/><D128/><U18/><E129/><V69/><F69/><W108/><G131/><T57/><D132/><U30/><E133/><V134/><F42/><W46/><G91/><T85/><D85/><U60/><E102/><V55/><F55/><W74/><G24/><T126/><D126/><N who="1" m="48139" /><E107/><V47/><F8/><W21/><G21/><T90/><D79/><U49/><E49/><V109/><F124/><W32/><G32/><T56/><D64/><N who="1" m="38935" /><E2/><V73/><REACH who="2" step="1"/><F109/><REACH who="2" ten="563,186,131,110" step="2"/><N who="3" m="42059" /><G9/><T17/><D113/><U106/><E106/><V70/><F70/><W105/><G105/><T27/><D89/><AGARI ba="0,1" hai="47,48,52,73,77,82,89,94,96,99,103,104,134,135" machi="89" ten="40,8000,1" yaku="1,1,52,1,54,1,53,1" doraHai="44" doraHaiUra="45" who="2" fromWho="0" sc="563,-80,186,0,131,90,110,0" /><INIT seed="4,0,0,2,5,52" ten="483,186,221,110" oya="0" hai0="96,43,34,80,79,64,39,86,132,41,94,29,2" hai1="75,14,32,135,30,111,26,33,78,53,28,42,36" hai2="120,104,77,99,70,81,62,84,18,37,133,44,125" hai3="67,102,0,87,8,91,119,122,25,112,5,27,17"/><T15/><D2/><U105/><E105/><V74/><F120/><W61/><G119/><T1/><D1/><U88/><E111/><V130/><F125/><W22/><G122/><T92/><D39/><U35/><E135/><V3/><F133/><W68/><G102/><T83/><D132/><U31/><E75/><V95/><F3/><W98/><G112/><T40/><D34/><U63/><E78/><V126/><F130/><W118/><G118/><T121/><D121/><U60/><E26/><V110/><F126/><W54/><G98/><T107/><D107/><U65/><E42/><V38/><F44/><W117/><G117/><T12/><D29/><U131/><E36/><V89/><F18/><W19/><G54/><T13/><D64/><U82/><E131/><V106/><F106/><W16/><REACH who="3" step="1"/><G25/><REACH who="3" ten="483,186,221,100" step="2"/><T59/><D96/><U66/><E53/><V24/><F24/><W113/><G113/><T9/><D9/><U11/><E66/><N who="2" m="41303" /><F110/><W72/><G72/><T134/><D134/><U76/><E65/><V124/><F124/><W115/><G115/><T85/><D43/><U73/><REACH who="1" step="1"/><E88/><REACH who="1" ten="483,176,221,100" step="2"/><V20/><F104/><W103/><G103/><T56/><D41/><U51/><E51/><V101/><F101/><W90/><G90/><N who="0" m="51519" /><D40/><U23/><E23/><V69/><F20/><W58/><G58/><AGARI ba="0,2" hai="12,13,15,56,58,59,79,80,86,92,94" m="51519" machi="58" ten="30,11600,0" yaku="8,1,52,3" doraHai="52" who="0" fromWho="3" sc="483,136,176,0,221,0,100,-116" owari="619,72.0,176,-22.0,221,2.0,-16,-52.0" /></mjloggm>