<mjloggm ver="2.3"><GO type="169" lobby="0"/><UN n0="%E3%81%B5%E3%81%8B%E3%81%BF" n1="%EF%BC%88%E2%89%A7%E2%96%BD%E2%89%A6%EF%BC%89" n2="%E5%88%BB%E5%AD%90%E5%B8%82%E6%B0%91" n3="%E3%81%B4%E3%81%AE" dan="17,17,16,16" rate="2078.91,2183.42,2122.89,2119.62" sx="F,M,M,M"/><TAIKYOKU oya="0"/><INIT seed="0,0,0,2,0,130" ten="250,250,250,250" oya="0" hai0="127,34,122,106,46,111,2,70,129,28,79,97,22" hai1="23,6,19,27,114,4,121,42,84,21,13,100,94" hai2="83,86,134,63,66,14,69,36,51,95,104,131,72" hai3="78,1,30,53,85,65,10,60,107,101,0,56,40"/><T75/><RYUUKYOKU type="yao9" ba="0,0" sc="250,0,250,0,250,0,250,0" hai0="2,22,28,34,46,70,75,79,97,106,111,122,127,129" /><INIT seed="0,1,0,4,5,107" ten="250,250,250,250" oya="0" hai0="105,92,4,66,130,110,59,42,86,0,61,25,87" hai1="80,11,89,65,100,126,58,74,52,41,39,101,40" hai2="57,73,12,83,123,112,96,108,50,79,116,102,29" hai3="72,2,93,32,88,18,67,28,122,97,6,124,129"/><T55/><D105/><U54/><E126/><V30/><F123/><W8/><G124/><T85/><D130/><U90/><E39/><V1/><F1/><W103/><G129/><T43/><D110/><U47/><E65/><V22/><F112/><W120/><G72/><T76/><D76/><U3/><E3/><V111/><F116/><W71/><G18/><T99/><D0/><U33/><E33/><V13/><F50/><W106/><G88/><N who="1" m="33898" /><E80/><V62/><F13/><W14/><G14/><T45/><D4/><U95/><E74/><V77/><F77/><W27/><G93/><T78/><D78/><U5/><E11/><V114/><F114/><W46/><G46/><T82/><D82/><U115/><E5/><V53/><F12/><W15/><G15/><T64/><D25/><U60/><E115/><V119/><F119/><W19/><G19/><T117/><D117/><U10/><E10/><V48/><F48/><W17/><G17/><T23/><D23/><U132/><E132/><V26/><REACH who="2" step="1"/><F30/><REACH who="2" ten="250,250,240,250" step="2"/><W113/><G113/><T135/><D135/><U134/><E134/><V44/><F44/><W70/><G70/><T109/><D45/><U56/><E47/><V125/><F125/><W75/><G75/><T104/><D109/><U121/><E121/><V35/><F35/><W20/><G20/><T128/><D128/><U31/><E31/><V68/><F68/><W38/><G38/><T37/><D37/><U21/><E21/><V133/><F133/><W7/><REACH who="3" step="1"/><G7/><REACH who="3" ten="250,250,240,240" step="2"/><T69/><D69/><U91/><E40/><V131/><F131/><W127/><G127/><RYUUKYOKU ba="1,2" sc="250,-15,250,-15,240,15,240,15" hai2="22,26,29,53,57,62,73,79,83,96,102,108,111" hai3="2,6,8,27,28,32,67,71,97,103,106,120,122" /><INIT seed="1,2,2,4,1,72" ten="235,235,255,255" oya="1" hai0="87,53,12,16,134,29,4,64,43,133,10,99,121" hai1="86,60,35,8,61,79,113,34,117,73,127,47,39" hai2="56,129,112,101,125,7,41,83,91,6,3,130,100" hai3="15,96,97,51,107,36,110,76,45,63,11,65,19"/><U18/><E73/><V119/><F119/><W102/><G36/><T78/><D121/><U49/><E117/><V32/><F125/><W57/><G110/><T77/><D29/><U135/><E113/><V14/><F3/><W71/><G96/><T89/><D64/><U126/><E39/><V2/><F2/><W120/><G120/><T118/><D118/><U24/><E135/><N who="0" m="51721" /><D43/><N who="1" m="24831" /><E35/><V38/><F32/><W54/><REACH who="3" step="1"/><G76/><REACH who="3" ten="235,235,255,245" step="2"/><N who="0" m="29291" /><D99/><U94/><E126/><V21/><F38/><W75/><G75/><T115/><D115/><U88/><E127/><V31/><F112/><W40/><G40/><T52/><D4/><U105/><E79/><V106/><F41/><W23/><G23/><T132/><D132/><U116/><E116/><V104/><F21/><W13/><G13/><T5/><D5/><U46/><E34/><V0/><F0/><W109/><G109/><T95/><AGARI ba="2,3" hai="10,12,16,52,53,87,89,95" m="29291,51721" machi="95" ten="30,12000,2" yaku="20,1,52,3,54,2" doraHai="72" who="0" fromWho="0" sc="235,156,235,-62,255,-32,245,-32" /><INIT seed="2,0,0,5,3,73" ten="391,173,223,213" oya="2" hai0="108,36,98,115,43,45,61,79,94,89,132,129,8" hai1="74,53,64,107,15,83,1,46,76,59,116,96,86" hai2="87,51,62,0,13,133,11,134,101,127,69,34,103" hai3="12,102,32,112,82,23,99,125,95,27,19,105,131"/><V9/><F34/><W72/><G131/><T126/><D115/><U124/><E1/><V41/><F0/><W85/><G125/><T28/><D129/><U7/><E116/><V55/><F127/><W66/><G112/><T128/><D128/><U121/><E121/><V29/><F29/><W18/><G66/><T40/><D126/><U122/><E122/><V67/><F41/><W49/><G49/><T68/><D28/><U114/><E114/><V113/><F113/><W5/><G5/><T39/><D108/><U48/><E124/><V119/><F119/><W60/><G60/><T91/><D8/><N who="1" m="4511" /><E107/><V14/><F14/><W26/><G32/><T117/><D117/><U104/><E104/><V77/><F11/><W22/><G72/><T118/><D132/><U100/><E74/><V84/><F103/><W30/><G30/><T31/><D31/><U80/><E80/><V130/><F101/><W42/><G42/><T38/><D118/><U10/><E10/><V4/><F130/><W57/><G57/><T35/><D35/><U47/><E64/><V37/><F37/><W120/><G120/><T70/><D40/><U58/><E58/><V24/><F24/><N who="3" m="14423" /><G105/><T63/><D70/><U25/><E25/><V17/><F4/><W111/><G111/><T33/><D33/><U78/><E78/><AGARI ba="0,0" hai="12,19,23,26,27,78,82,85,95,99,102" m="14423" machi="78" ten="30,2000,0" yaku="8,1,52,1" doraHai="73" who="3" fromWho="1" sc="391,0,173,-20,223,0,213,20" /><INIT seed="3,0,0,5,5,73" ten="391,153,223,233" oya="3" hai0="107,20,59,31,112,100,106,10,25,32,129,75,17" hai1="48,118,71,64,45,89,18,108,82,70,60,84,42" hai2="111,96,88,39,76,113,11,24,29,110,102,135,0" hai3="95,123,57,53,62,125,13,133,120,132,67,43,69"/><W105/><G105/><T58/><D112/><U83/><E108/><N who="2" m="41515" /><F39/><W91/><G13/><T72/><D129/><U80/><E118/><V99/><F113/><W124/><G43/><T104/><D100/><U81/><REACH who="1" step="1"/><E18/><REACH who="1" ten="391,143,223,233" step="2"/><V130/><F130/><W68/><G123/><T44/><D17/><U51/><E51/><V117/><F117/><W8/><G120/><T92/><D107/><U40/><E40/><V122/><F122/><W93/><G133/><T114/><D106/><U55/><E55/><V85/><F135/><W5/><G132/><T121/><D104/><U23/><E23/><V35/><F35/><W78/><G53/><T61/><D32/><U134/><E134/><V27/><F29/><W3/><G125/><T2/><D31/><U116/><E116/><V50/><F50/><W54/><G124/><T63/><D20/><U101/><E101/><V49/><F49/><W33/><G54/><T38/><D121/><U22/><E22/><V86/><F102/><W74/><G33/><T131/><D131/><U12/><E12/><V128/><F128/><W87/><G3/><T98/><D2/><U14/><E14/><V34/><F34/><W21/><G21/><T109/><D109/><U15/><E15/><V119/><F119/><W28/><G5/><T30/><D30/><U127/><E127/><V9/><F0/><W19/><G28/><T47/><D114/><U7/><E7/><V94/><F27/><W56/><G19/><T126/><D25/><U41/><E41/><V52/><F24/><W77/><G8/><N who="2" m="3145" /><F52/><W16/><G16/><T46/><D126/><RYUUKYOKU ba="0,1" sc="391,-15,143,15,223,15,233,-15" hai1="42,45,48,60,64,70,71,80,81,82,83,84,89" hai2="76,85,86,88,94,96,99" /><INIT seed="4,1,1,1,1,133" ten="376,158,238,218" oya="0" hai0="41,17,103,25,57,35,113,22,70,99,78,96,64" hai1="131,135,7,52,85,90,45,120,127,101,104,93,80" hai2="4,71,33,61,48,18,63,38,68,89,119,21,129" hai3="105,39,118,55,59,81,67,24,128,77,73,12,29"/><T126/><D113/><U130/><E120/><V5/><F33/><W27/><G118/><T107/><D78/><N who="1" m="46231" /><E7/><V58/><F38/><W95/><G128/><N who="1" m="49194" /><E135/><V65/><F129/><W30/><G105/><T123/><D123/><U115/><E115/><V13/><F119/><W40/><G67/><T47/><D70/><U6/><E6/><V51/><F71/><W3/><G3/><T83/><D35/><U108/><E108/><V121/><F121/><W54/><G40/><T134/><D134/><U91/><E104/><V43/><F89/><N who="1" m="33801" /><E127/><V97/><F5/><W109/><G109/><T28/><D126/><U44/><E52/><V122/><F4/><W32/><G55/><T23/><D107/><U86/><E86/><V60/><F122/><W75/><G54/><T88/><D64/><U10/><E10/><V19/><F65/><W31/><G32/><T66/><D66/><U50/><E50/><V9/><F68/><W37/><G39/><T11/><D11/><U56/><E56/><V79/><F58/><W94/><G59/><T74/><D57/><U82/><E82/><V92/><F43/><W116/><G37/><T72/><D83/><U98/><E45/><V114/><F114/><W124/><G81/><T69/><D69/><U125/><E44/><V34/><F34/><W102/><G124/><T15/><D47/><U49/><E49/><V112/><F112/><W0/><G0/><T26/><D41/><U111/><E125/><V20/><F79/><W62/><G77/><T84/><D84/><U110/><AGARI ba="1,1" hai="93,98,101,110,111" m="33801,49194,46231" machi="110" ten="30,4000,0" yaku="19,1,34,2" doraHai="133" who="1" fromWho="1" sc="376,-21,158,53,238,-11,218,-11" /><INIT seed="5,0,0,0,3,4" ten="355,211,227,207" oya="1" hai0="14,1,48,40,104,37,103,25,39,61,7,111,12" hai1="128,99,8,109,100,65,96,29,105,6,23,134,119" hai2="69,124,98,123,56,78,127,21,76,30,49,102,58" hai3="92,51,85,110,54,34,107,73,90,0,106,62,10"/><U17/><E119/><V115/><F69/><W116/><G34/><T72/><D111/><U122/><E122/><V75/><F123/><W38/><G110/><T74/><D1/><U15/><E109/><V42/><F115/><W2/><G73/><T131/><D131/><U11/><E128/><V133/><F133/><W121/><G38/><T81/><D104/><U70/><E134/><V135/><F135/><W44/><G121/><T77/><D103/><U55/><E29/><V45/><F58/><W59/><G116/><T120/><D72/><U130/><E130/><V79/><F75/><W108/><G108/><T66/><D25/><U129/><E129/><V3/><F3/><W82/><G0/><T36/><D120/><U94/><E55/><V64/><F64/><W83/><G107/><T132/><D132/><U57/><E70/><V112/><F56/><W67/><G106/><T87/><D74/><U113/><E113/><V13/><F112/><W114/><G114/><T20/><D20/><U89/><REACH who="1" step="1"/><E6/><REACH who="1" ten="355,201,227,207" step="2"/><V84/><F30/><W86/><G54/><T117/><D7/><U91/><E91/><V88/><F88/><W93/><G90/><T9/><D117/><U97/><E97/><V24/><F98/><W52/><G52/><T63/><D66/><U33/><E33/><V95/><F102/><W118/><G67/><T19/><D77/><U41/><E41/><V101/><F78/><W80/><G118/><T53/><D40/><U47/><E47/><V18/><F79/><W32/><G44/><T26/><D53/><U43/><E43/><V22/><F76/><RYUUKYOKU ba="0,1" sc="355,-10,201,30,227,-10,207,-10" hai1="8,11,15,17,23,57,65,89,94,96,99,100,105" /><INIT seed="5,1,1,0,3,30" ten="345,231,217,197" oya="1" hai0="10,120,110,109,16,5,63,17,74,18,105,84,33" hai1="115,3,13,43,66,56,126,123,20,12,24,34,128" hai2="15,49,135,81,65,38,41,32,31,134,26,35,21" hai3="117,103,55,129,104,86,42,23,54,72,95,119,50"/><U98/><E3/><V108/><F108/><W14/><G72/><T107/><D74/><U27/><E123/><V11/><F38/><W69/><G69/><T60/><D120/><U0/><E0/><V82/><F65/><W19/><G104/><N who="0" m="40011" /><D84/><U114/><E126/><V51/><F81/><W125/><G129/><T9/><D5/><U61/><E128/><V88/><F41/><W85/><G125/><T99/><D99/><U76/><E76/><V94/><F82/><W70/><G70/><T59/><D59/><U8/><E43/><V106/><F106/><W75/><G75/><T97/><D97/><U67/><E98/><N who="2" m="57671" /><F51/><W91/><G103/><T46/><D33/><U57/><E34/><V1/><F49/><W111/><G85/><T92/><D92/><U118/><E118/><N who="3" m="45066" /><G111/><N who="0" m="42507" /><D46/><AGARI ba="1,1" hai="14,19,23,42,46,50,54,55,86,91,95" m="45066" machi="46" ten="30,1000,0" yaku="12,1" doraHai="30" who="3" fromWho="0" sc="345,-13,231,0,217,0,197,23" /><INIT seed="6,0,0,0,4,17" ten="332,231,217,220" oya="2" hai0="133,127,102,52,121,125,106,51,76,55,115,72,50" hai1="113,46,48,103,8,61,35,39,79,5,105,87,31" hai2="101,129,23,92,83,91,78,69,94,42,54,95,128" hai3="43,58,24,25,59,110,132,34,112,33,38,80,2"/><V56/><F69/><W63/><G2/><T107/><D121/><U37/><E113/><V18/><F42/><W40/><G110/><T71/><D71/><U13/><E61/><N who="2" m="35991" /><F101/><W109/><G38/><T3/><D3/><U85/><E31/><V19/><F91/><W135/><G63/><T1/><D1/><U11/><E35/><V4/><F4/><W28/><G80/><N who="0" m="45063" /><D102/><U45/><E103/><V41/><F41/><W57/><G109/><T73/><D73/><U130/><E130/><N who="2" m="50283" /><F23/><W27/><G112/><T60/><D115/><U64/><E105/><V14/><F14/><W12/><G12/><T70/><D70/><U36/><E36/><V100/><F100/><W117/><G117/><T6/><D6/><U123/><E39/><V86/><AGARI ba="0,0" hai="18,19,78,83,86,92,94,95" m="50283,35991" machi="86" ten="30,1500,0" yaku="19,1" doraHai="17" who="2" fromWho="2" sc="332,-5,231,-5,217,15,220,-5" /><INIT seed="6,1,0,1,5,4" ten="327,226,232,215" oya="2" hai0="76,28,125,129,62,58,5,11,27,94,68,128,84" hai1="75,42,122,37,124,31,19,53,69,1,115,133,7" hai2="72,92,20,38,29,111,89,41,10,57,134,32,113" hai3="26,73,88,67,64,55,126,9,78,59,80,86,21"/><V83/><F32/><W105/><G126/><T87/><D68/><U34/><RYUUKYOKU type="yao9" ba="1,0" sc="327,0,226,0,232,0,215,0" hai1="1,7,19,31,34,37,42,53,69,75,115,122,124,133" /><INIT seed="6,2,0,2,4,57" ten="327,226,232,215" oya="2" hai0="2,96,88,29,59,32,104,100,4,36,134,40,72" hai1="54,127,91,28,30,68,1,82,19,123,107,97,77" hai2="132,46,47,52,55,13,10,27,26,39,84,117,90" hai3="121,78,94,119,87,81,17,58,21,66,44,116,33"/><V15/><F117/><W131/><G131/><T71/><D71/><U98/><E1/><V48/><F132/><W50/><G121/><T0/><D134/><U114/><E68/><V37/><F37/><W12/><G33/><T34/><D72/><U76/><E123/><V118/><F118/><W105/><G105/><T108/><D108/><U23/><E127/><V51/><F39/><W14/><G14/><T73/><D73/><U122/><E114/><V11/><F84/><W101/><G101/><T129/><D129/><U43/><E43/><V115/><REACH who="2" step="1"/><F90/><REACH who="2" ten="327,226,222,215" step="2"/><W60/><REACH who="3" step="1"/><G94/><REACH who="3" ten="327,226,222,205" step="2"/><T83/><D104/><U130/><E107/><V65/><F65/><W111/><G111/><T133/><D133/><U41/><E122/><V56/><F56/><W38/><G38/><T93/><D59/><U103/><E130/><V106/><F106/><W85/><G85/><T80/><D36/><U125/><E98/><V75/><F75/><W74/><G74/><T89/><D96/><U92/><E97/><V113/><AGARI ba="2,2" hai="10,11,13,15,26,27,46,47,48,51,52,55,113,115" machi="113" ten="25,12000,1" yaku="1,1,0,1,22,2,54,1,53,0" doraHai="57" doraHaiUra="18" who="2" fromWho="2" sc="327,-42,226,-42,222,146,205,-42" /><INIT seed="6,3,0,2,1,126" ten="285,184,368,163" oya="2" hai0="100,50,56,114,60,35,108,58,105,98,123,117,86" hai1="106,94,81,22,66,19,96,129,74,91,30,36,55" hai2="11,80,78,61,45,29,48,120,6,110,79,41,34" hai3="14,1,127,44,103,40,90,73,28,88,70,21,104"/><V116/><F120/><W43/><G1/><T135/><D35/><U128/><E36/><V95/><F116/><W122/><G70/><T89/><D123/><U65/><E30/><V27/><F110/><W53/><G73/><T54/><D108/><U39/><E39/><V82/><F95/><W33/><G33/><T0/><D0/><U69/><E106/><V63/><F80/><W93/><G104/><T5/><D5/><U124/><E124/><V64/><F64/><W20/><G122/><T31/><D31/><U133/><E133/><V115/><F115/><W59/><G127/><T76/><D135/><U112/><E112/><V118/><F79/><W4/><G103/><T83/><D114/><U71/><E71/><V47/><F45/><W12/><G44/><T92/><D117/><U17/><E55/><V26/><F27/><N who="3" m="16487" /><G90/><T102/><REACH who="0" step="1"/><D105/><REACH who="0" ten="275,184,368,163" step="2"/><U13/><E17/><V62/><F118/><W85/><G4/><T87/><D87/><N who="1" m="50671" /><E74/><V75/><F6/><W37/><G85/><T51/><D51/><U16/><E19/><V72/><F72/><W109/><G37/><T49/><D49/><U97/><E16/><V111/><F111/><W7/><G109/><T134/><D134/><U107/><E107/><V101/><F75/><W132/><G132/><T23/><D23/><U32/><E22/><V25/><F34/><W57/><G21/><T68/><D68/><U38/><E32/><V9/><F29/><W125/><G125/><T77/><D77/><U15/><E69/><V121/><F121/><W10/><G7/><T18/><D18/><U52/><E38/><RYUUKYOKU ba="3,1" sc="275,30,184,-10,368,-10,163,-10" hai0="50,54,56,58,60,76,83,86,89,92,98,100,102" /><INIT seed="7,4,1,0,3,62" ten="305,174,358,153" oya="3" hai0="2,128,0,106,123,47,21,135,71,66,17,80,30" hai1="105,125,109,40,98,70,51,43,72,121,87,119,99" hai2="116,64,14,67,63,3,104,68,46,33,19,96,37" hai3="132,28,54,38,23,107,8,134,55,86,15,78,58"/><W69/><G38/><T94/><D106/><U39/><E72/><V32/><F3/><W73/><G69/><T11/><D123/><U7/><E7/><V59/><F116/><W131/><G107/><T26/><D135/><N who="3" m="51753" /><G131/><T76/><D128/><U9/><E99/><V53/><F104/><W101/><G101/><T5/><D94/><U97/><E51/><N who="2" m="31167" /><F96/><W130/><G130/><T34/><D47/><U1/><E9/><N who="2" m="6607" /><F67/><W65/><G73/><T49/><D49/><U42/><E105/><V89/><F89/><W6/><G65/><T35/><D0/><U113/><E1/><V120/><F120/><W50/><G54/><T24/><D35/><U84/><E42/><AGARI ba="4,1" hai="32,33,37,42,46,63,64,68" m="6607,31167" machi="42" ten="30,2000,0" yaku="24,1,52,1" doraHai="62" who="2" fromWho="1" sc="305,0,174,-32,358,42,153,0" owari="305,11.0,142,-36.0,400,50.0,153,-25.0" /></mjloggm>