<mjloggm ver="2.3"><GO type="41"/><UN n0="%E6%9D%B1%E5%8D%98%E9%A8%8E" n1="%EF%BC%88%E2%89%A7%E2%96%BD%E2%89%A6%EF%BC%89" n2="%70%70%6B%31" n3="%E3%82%A8%E3%83%AA%E3%82%A2%EF%BC%95%EF%BC%91" dan="14,15,13,14" rate="1910,2032,1906,1831" sx="M,M,M,M"/><TAIKYOKU oya="0"/><INIT seed="0,0,0,5,3,84" ten="250,250,250,250" oya="0" hai0="96,61,87,91,65,32,104,109,52,8,13,7,68" hai1="67,80,90,108,130,123,77,81,132,114,4,30,124" hai2="19,18,95,28,107,33,41,34,42,83,120,126,57" hai3="99,50,133,3,66,105,54,75,93,88,23,125,82"/><T15/><D109/><U103/><E123/><V12/><F107/><W135/><G3/><T44/><D32/><U69/><E108/><V89/><F120/><W43/><G66/><T64/><D64/><U45/><E114/><V94/><F126/><W70/><G70/><T85/><D15/><U26/><E124/><V55/><F33/><W127/><G43/><T62/><D104/><U2/><E130/><V1/><F1/><W72/><G23/><T47/><D47/><U14/><E132/><N who="3" m="50762" /><G105/><T113/><D113/><U5/><E2/><V111/><F111/><W76/><G75/><T6/><D6/><U31/><E69/><V35/><F34/><W101/><G54/><T63/><D65/><U92/><E67/><V121/><F28/><N who="1" m="10793" /><E26/><V29/><F35/><W17/><G17/><N who="2" m="6153" /><F29/><W38/><G38/><T39/><D68/><U20/><E77/><V98/><F12/><W0/><G0/><T40/><REACH who="0" step="1"/><D52/><REACH who="0" ten="240,250,250,250" step="2"/><U25/><E14/><V22/><F121/><W100/><G50/><T119/><D119/><U112/><E112/><V117/><F117/><W78/><G78/><T122/><D122/><U74/><E45/><V46/><F46/><W106/><G101/><T49/><D49/><U16/><E103/><V53/><F53/><W110/><G110/><T86/><D86/><AGARI ba="0,1" hai="72,76,82,86,88,93,99,100,106,125,127" m="50762" machi="86" ten="30,12000,2" yaku="24,1,20,1,34,2,52,1,54,1" doraHai="84" who="3" fromWho="0" sc="240,-120,250,0,250,0,250,130" /><INIT seed="1,0,0,3,1,78" ten="120,250,250,380" oya="1" hai0="14,54,61,8,37,106,25,28,121,113,44,96,104" hai1="38,1,80,83,64,102,62,23,107,3,31,87,4" hai2="6,56,99,75,128,26,0,13,127,89,115,86,46" hai3="117,50,21,122,81,15,55,76,27,132,95,18,120"/><U114/><E114/><V90/><F75/><W103/><G117/><T79/><D113/><U85/><E38/><V48/><F115/><W71/><G71/><T88/><D121/><U129/><E129/><V119/><F127/><W118/><G118/><T2/><D2/><U49/><E107/><V91/><F0/><W47/><G132/><T9/><D79/><N who="1" m="46239" /><E3/><V84/><F128/><W53/><G53/><T116/><D116/><U100/><E1/><V30/><F99/><W108/><G108/><T112/><D112/><U41/><E4/><V7/><F56/><W73/><G103/><T19/><D8/><U35/><E35/><V77/><F119/><W74/><G95/><T94/><D37/><U66/><E31/><V93/><F77/><W126/><G126/><T124/><D124/><U32/><E23/><N who="2" m="15711" /><F13/><W131/><G131/><T133/><D133/><U43/><E32/><V97/><F97/><W109/><G109/><T34/><REACH who="0" step="1"/><D61/><REACH who="0" ten="110,250,250,380" step="2"/><U70/><E62/><V58/><F48/><AGARI ba="0,1" hai="9,14,19,25,28,34,44,48,54,88,94,96,104,106" machi="48" ten="40,5200,0" yaku="1,1,2,1,54,1,53,0" doraHai="78" doraHaiUra="123" who="0" fromWho="2" sc="110,62,250,0,250,-52,380,0" /><INIT seed="2,0,0,1,1,21" ten="172,250,198,380" oya="2" hai0="119,32,114,100,95,26,135,3,67,120,37,73,19" hai1="48,128,40,107,76,42,116,50,62,43,127,5,36" hai2="20,134,124,109,31,14,77,64,15,6,45,58,46" hai3="129,53,41,71,110,75,133,56,102,105,96,123,130"/><V101/><F124/><W131/><G41/><T104/><D95/><U25/><E116/><V78/><F134/><W55/><G71/><T65/><D100/><U82/><E107/><V93/><F109/><W122/><G110/><T68/><D26/><U52/><E127/><V98/><F15/><W35/><G55/><T2/><D19/><U81/><E128/><V118/><F118/><W60/><G133/><T49/><D49/><N who="1" m="19051" /><E36/><V0/><F0/><W70/><G35/><T121/><D67/><U74/><E74/><V66/><F64/><N who="3" m="41223" /><G75/><T4/><D65/><U57/><E76/><N who="2" m="29291" /><F6/><W117/><G117/><T8/><D4/><U94/><E5/><V22/><F14/><W54/><G56/><T11/><D11/><U97/><E25/><N who="2" m="16807" /><F22/><W132/><G54/><T83/><D8/><U24/><E24/><V1/><F1/><W106/><G53/><T59/><D3/><U17/><E17/><V113/><F113/><W69/><G69/><T87/><D59/><U85/><E85/><V61/><AGARI ba="0,0" hai="45,46,58,61,66,93,98,101" m="16807,29291" machi="61" ten="30,6000,0" yaku="25,1,8,1,52,1" doraHai="21" who="2" fromWho="2" sc="172,-20,250,-20,198,60,380,-20" /><INIT seed="2,1,0,2,1,23" ten="152,230,258,360" oya="2" hai0="90,50,51,52,39,3,66,110,97,121,61,45,93" hai1="107,129,85,11,133,100,35,7,83,71,55,2,24" hai2="120,48,28,8,99,116,33,117,72,105,108,25,79" hai3="127,63,9,58,131,37,14,20,109,101,4,92,103"/><V13/><F79/><W94/><G37/><T104/><D104/><U67/><E133/><V18/><F72/><W17/><G109/><T96/><D121/><U47/><E129/><V135/><F135/><W65/><G127/><T113/><D110/><U87/><E83/><V10/><F108/><W80/><G80/><T29/><D3/><U15/><E55/><V95/><F105/><W40/><G40/><T86/><D39/><U59/><E59/><V128/><F128/><W123/><G123/><T36/><D36/><U53/><E53/><V89/><F120/><W0/><G131/><T27/><D51/><U12/><E47/><V62/><F48/><W126/><G126/><T130/><D130/><U124/><E124/><V69/><REACH who="2" step="1"/><F10/><REACH who="2" ten="152,230,248,360" step="2"/><W82/><G82/><T68/><REACH who="0" step="1"/><D113/><REACH who="0" ten="142,230,248,360" step="2"/><U32/><E107/><V118/><F118/><W31/><G0/><T41/><D41/><U125/><E2/><V111/><F111/><W98/><G103/><T6/><D6/><U70/><E100/><V88/><F88/><W43/><G43/><T73/><D73/><U74/><E125/><V112/><F112/><W26/><REACH who="3" step="1"/><G4/><REACH who="3" ten="142,230,248,350" step="2"/><T49/><D49/><U132/><E7/><V46/><F46/><W38/><G38/><T54/><D54/><U1/><E132/><V77/><F77/><W60/><G60/><T84/><D84/><U30/><E1/><V134/><F134/><W119/><G119/><T19/><D19/><U75/><E85/><V114/><F114/><W78/><G78/><T106/><D106/><AGARI ba="1,3" hai="9,14,17,20,26,31,58,63,65,92,94,98,101,106" machi="106" ten="30,3900,0" yaku="1,1,7,1,52,1,53,0" doraHai="23" doraHaiUra="76" who="3" fromWho="0" sc="142,-42,230,0,248,0,350,72" /><INIT seed="3,0,0,4,2,113" ten="100,230,248,422" oya="3" hai0="30,82,96,92,125,94,50,64,133,5,18,73,100" hai1="90,44,99,134,7,12,83,87,105,34,8,110,91" hai2="21,74,56,129,120,101,76,55,51,54,111,124,114" hai3="67,45,79,68,20,66,72,53,23,75,127,115,43"/><W69/><G115/><T36/><D125/><U32/><E134/><V126/><F114/><W130/><G79/><T97/><D133/><U49/><E110/><V88/><F101/><W29/><G29/><T26/><D36/><U95/><REACH who="1" step="1"/><E105/><REACH who="1" ten="100,220,248,422" step="2"/><V57/><F111/><W85/><G127/><T71/><D5/><U13/><E13/><V103/><F126/><W3/><G3/><T77/><D18/><U35/><E35/><V89/><F124/><W1/><G1/><T84/><D73/><U116/><E116/><V117/><F117/><W59/><G75/><T58/><D71/><U122/><E122/><V31/><F120/><W28/><G72/><T9/><D9/><U107/><E107/><V128/><F129/><W15/><G130/><T135/><D135/><U108/><E108/><V11/><F128/><W41/><G69/><T102/><D64/><U0/><E0/><V38/><F11/><W98/><G68/><T16/><D16/><U131/><E131/><V6/><F6/><W78/><G67/><T42/><D42/><AGARI ba="0,1" hai="7,8,12,32,34,42,44,49,83,87,90,91,95,99" machi="42" ten="30,2000,0" yaku="1,1,7,1,53,0" doraHai="113" doraHaiUra="52" who="1" fromWho="0" sc="100,-20,220,30,248,0,422,0" /><INIT seed="4,0,0,2,3,43" ten="80,250,248,422" oya="0" hai0="72,27,85,55,25,2,100,110,34,124,123,81,107" hai1="97,52,128,125,134,65,68,61,49,38,73,0,126" hai2="22,133,5,104,115,71,114,102,83,29,4,84,57" hai3="3,70,116,14,131,37,51,63,47,112,50,82,6"/><T130/><D123/><U32/><E73/><V122/><F71/><W59/><G3/><T12/><D124/><N who="1" m="47723" /><E0/><V80/><F122/><W53/><G6/><N who="2" m="2665" /><F133/><W78/><G14/><T92/><D72/><U69/><E32/><V9/><F9/><W87/><G116/><T66/><D107/><U23/><E134/><V105/><F57/><W33/><G33/><T90/><D130/><U1/><E1/><V42/><F42/><W41/><G51/><T67/><D110/><U11/><E11/><V56/><F56/><W109/><G109/><T26/><D34/><U44/><E128/><V120/><F120/><W108/><G131/><T94/><D2/><U76/><E76/><V39/><F39/><W17/><G17/><T93/><D12/><U127/><E127/><V75/><F75/><W10/><G10/><T13/><D13/><U103/><E23/><V111/><F111/><W16/><G16/><T91/><D100/><U60/><E38/><V48/><F102/><W119/><G108/><T18/><D18/><U24/><E24/><N who="0" m="6145" /><T31/><DORA hai="132" /><D31/><U117/><E117/><V45/><F29/><W98/><G98/><T113/><D113/><N who="2" m="43018" /><F22/><W46/><G112/><T8/><D8/><U58/><E61/><V15/><F15/><W64/><G119/><T20/><D20/><U62/><E60/><V28/><F28/><W77/><G47/><T129/><D129/><U89/><E89/><AGARI ba="0,0" hai="37,41,46,50,53,59,63,64,70,77,78,82,87,89" machi="89" ten="30,7700,0" yaku="7,1,24,2,52,1" doraHai="43,132" who="3" fromWho="1" sc="80,0,250,-77,248,0,422,77" /><INIT seed="5,0,0,2,0,61" ten="80,173,248,499" oya="1" hai0="38,107,13,114,106,58,43,4,84,115,91,120,94" hai1="102,85,105,96,31,122,54,89,130,131,70,73,30" hai2="28,0,44,87,29,15,134,81,11,34,56,65,104" hai3="35,68,109,9,121,127,22,80,37,90,75,7,40"/><U116/><E122/><V19/><F104/><W123/><G35/><T99/><D120/><U32/><E116/><V118/><F118/><W126/><G22/><T14/><D43/><U95/><E70/><V88/><F134/><W33/><G33/><T20/><D38/><U129/><E32/><V119/><F119/><W71/><G90/><T62/><D99/><U77/><E54/><V67/><F0/><N who="3" m="231" /><G109/><T48/><D48/><U112/><E112/><N who="0" m="43049" /><D14/><U2/><E2/><V21/><F34/><W98/><G98/><T69/><D69/><N who="3" m="26697" /><G80/><AGARI ba="0,0" hai="30,31,73,77,80,85,89,95,96,102,105,129,130,131" machi="80" ten="40,7700,0" yaku="24,2,19,1" doraHai="61" who="1" fromWho="3" sc="80,0,173,77,248,0,499,-77" /><INIT seed="5,1,0,2,0,53" ten="80,250,248,422" oya="1" hai0="2,84,64,135,41,7,26,72,112,68,20,30,9" hai1="106,124,93,127,101,71,0,43,120,5,76,73,4" hai2="85,83,99,58,62,133,39,33,11,115,24,117,27" hai3="21,50,118,12,126,67,32,119,55,89,132,96,108"/><U111/><E120/><V54/><F117/><N who="3" m="44555" /><G32/><T74/><D112/><U125/><E111/><V61/><F115/><W45/><G67/><T19/><D135/><U92/><E71/><V70/><F39/><W122/><G108/><T130/><D130/><U35/><E35/><V14/><F133/><W91/><G122/><T129/><D129/><U15/><E43/><V37/><F37/><W38/><G132/><T82/><D41/><U34/><E34/><V16/><F33/><W17/><G96/><T87/><D87/><U95/><E0/><V3/><F3/><W128/><G128/><T44/><D44/><U40/><E40/><V116/><F116/><W100/><G100/><T1/><D1/><U51/><E51/><V10/><F10/><W104/><G104/><T88/><REACH who="0" step="1"/><D30/><REACH who="0" ten="70,250,248,422" step="2"/><U131/><E131/><V23/><F99/><W110/><G38/><T29/><D29/><U75/><E75/><V123/><F123/><W97/><G110/><T121/><D121/><U36/><E36/><V105/><F105/><W81/><G97/><T56/><D56/><U25/><E106/><V28/><F70/><W31/><G31/><T52/><D52/><U65/><E73/><V114/><F114/><W80/><G126/><T47/><D47/><U18/><E127/><V8/><F62/><AGARI ba="1,1" hai="2,7,9,19,20,26,62,64,68,72,74,82,84,88" machi="62" ten="40,2600,0" yaku="1,1,54,1,53,0" doraHai="53" doraHaiUra="102" who="0" fromWho="2" sc="70,39,250,0,248,-29,422,0" /><INIT seed="6,0,0,3,1,38" ten="109,250,219,422" oya="2" hai0="25,35,14,97,114,119,60,109,135,124,1,43,67" hai1="120,77,91,30,9,88,32,23,131,45,111,4,16" hai2="27,54,40,13,99,85,83,47,113,57,123,37,22" hai3="117,128,55,18,34,8,102,31,78,21,52,75,44"/><V96/><F113/><W89/><G102/><T101/><D119/><U92/><E111/><V0/><F13/><W90/><G78/><T48/><D114/><U46/><E120/><V108/><F0/><W87/><G75/><T93/><D109/><U63/><E131/><V26/><F123/><W100/><G100/><T116/><D116/><U49/><E77/><V129/><F129/><W3/><G87/><T20/><D1/><N who="1" m="143" /><E63/><V71/><F71/><W79/><G79/><T5/><D124/><U80/><E80/><V110/><F110/><W68/><G68/><T105/><D135/><U19/><E19/><V98/><F22/><W74/><G44/><N who="1" m="17002" /><E49/><V41/><F108/><W107/><G74/><T39/><D105/><U115/><E92/><V84/><F84/><W65/><G107/><T69/><D48/><U112/><E115/><V73/><F73/><W103/><G103/><T12/><D5/><U72/><E72/><V70/><F70/><W7/><G65/><T133/><D133/><U56/><E56/><V130/><F130/><W10/><G117/><T95/><D95/><U125/><E125/><V127/><F127/><W64/><G64/><T94/><D35/><U59/><E59/><V29/><F29/><W134/><G31/><T33/><D33/><U6/><E6/><V61/><REACH who="2" step="1"/><F41/><REACH who="2" ten="109,250,209,422" step="2"/><W15/><G3/><T66/><D66/><U58/><E112/><V126/><F126/><W76/><G134/><T53/><D43/><U81/><E30/><V17/><F17/><W42/><G18/><T132/><D132/><U24/><E16/><V122/><F122/><RYUUKYOKU ba="0,1" sc="109,-10,250,-10,209,30,422,-10" hai2="26,27,37,40,47,54,57,61,83,85,96,98,99" /><INIT seed="6,1,1,3,1,6" ten="99,240,239,412" oya="2" hai0="2,75,129,100,131,87,103,49,18,5,40,121,60" hai1="89,130,91,19,122,45,42,76,84,51,16,104,59" hai2="38,80,17,28,88,47,70,119,108,85,61,120,58" hai3="10,71,54,56,101,3,102,73,39,55,14,50,83"/><V1/><F120/><W126/><G71/><T24/><D121/><U90/><E104/><V135/><F28/><W109/><G39/><T46/><D75/><U12/><E130/><V64/><F119/><W95/><G3/><T57/><D129/><U62/><E122/><V81/><F135/><W107/><G107/><T30/><D131/><U115/><E115/><V68/><F108/><W33/><G33/><T105/><D87/><U20/><E19/><V15/><F1/><W32/><G32/><T65/><D105/><U0/><E0/><V21/><REACH who="2" step="1"/><F81/><REACH who="2" ten="99,240,229,412" step="2"/><W125/><G109/><T74/><D74/><U118/><E118/><V78/><F78/><W31/><G31/><T113/><D113/><U22/><E76/><V66/><F66/><W44/><G83/><T11/><REACH who="0" step="1"/><D18/><REACH who="0" ten="89,240,229,412" step="2"/><U43/><E16/><V35/><F35/><AGARI ba="1,3" hai="2,5,11,24,30,35,40,46,49,57,60,65,100,103" machi="35" ten="30,7700,0" yaku="1,1,2,1,7,1,52,1,53,0" doraHai="6" doraHaiUra="123" who="0" fromWho="2" sc="89,110,240,0,229,-80,412,0" /><INIT seed="7,0,0,2,1,77" ten="199,240,149,412" oya="3" hai0="109,115,75,2,107,111,1,59,29,130,5,135,121" hai1="79,10,41,85,91,42,131,34,87,108,32,92,70" hai2="26,80,118,124,102,119,99,43,90,112,45,37,98" hai3="15,116,86,123,14,9,74,96,133,126,128,12,20"/><W73/><G96/><T78/><D78/><U31/><E108/><V53/><F112/><W82/><G123/><T60/><D29/><U22/><E70/><V125/><F26/><W63/><G116/><T100/><D5/><U127/><E127/><V18/><F18/><W48/><G126/><N who="2" m="48745" /><F53/><W21/><G63/><T71/><D75/><U35/><E131/><V56/><F56/><W113/><G48/><T66/><D121/><U97/><E10/><V51/><F51/><W57/><G57/><T76/><D59/><U129/><E129/><V44/><F45/><W132/><G113/><T17/><D17/><U36/><E36/><V93/><F44/><W101/><G101/><T64/><D76/><U4/><E4/><V72/><F43/><W3/><G3/><T122/><D115/><U49/><E49/><V65/><F37/><W11/><G74/><T83/><D130/><U38/><E38/><V69/><F65/><W106/><G106/><T16/><D66/><U105/><E41/><V27/><F27/><W61/><G73/><T0/><D109/><U50/><E42/><V39/><F69/><W33/><G61/><T52/><D111/><U7/><E50/><V54/><F54/><W84/><G84/><T103/><D60/><U120/><E34/><V28/><F39/><W24/><G33/><T46/><D64/><U58/><E32/><V23/><F28/><W95/><G24/><T134/><D71/><U117/><E35/><V81/><F72/><W89/><G128/><T8/><D2/><U110/><E31/><V104/><F23/><W94/><G21/><RYUUKYOKU ba="0,0" sc="199,-10,240,-10,149,30,412,-10" hai2="80,81,90,93,98,99,102,104,118,119" owari="189,-21.0,230,3.0,179,-32.0,402,50.0" /></mjloggm>