<mjloggm ver="2.3"><GO type="41"/><UN n0="%49%74%74%6F%6B%75" n1="%30%38%30%37" n2="%EF%BC%88%E2%89%A7%E2%96%BD%E2%89%A6%EF%BC%89" n3="%6D%65%24%6F" dan="14,14,15,15" rate="1928,1964,2032,1969" sx="M,M,M,M"/><TAIKYOKU oya="0"/><INIT seed="0,0,0,5,3,62" ten="250,250,250,250" oya="0" hai0="46,61,70,125,68,133,10,14,28,100,51,29,69" hai1="23,9,7,60,52,113,64,112,109,40,83,27,127" hai2="8,5,118,108,34,121,122,49,123,105,6,37,31" hai3="116,93,0,4,47,72,107,12,124,95,98,91,19"/><T38/><D100/><U85/><E109/><V73/><F73/><W115/><G116/><T67/><D125/><U59/><E127/><V33/><F37/><W101/><G124/><T1/><D1/><U102/><E102/><V2/><F105/><W15/><G72/><T76/><D38/><U41/><E112/><V130/><F49/><W57/><G0/><T129/><D129/><U132/><E132/><V87/><F87/><W54/><G115/><T94/><D133/><U135/><E135/><V71/><F71/><W48/><G4/><T111/><D111/><U17/><E113/><V104/><F104/><W50/><G107/><T24/><D94/><U74/><E74/><V80/><F80/><W120/><G19/><T16/><D76/><U134/><E134/><V3/><F108/><W75/><G75/><T44/><D29/><U45/><E9/><N who="2" m="2231" /><F130/><W78/><G78/><T99/><D99/><U18/><E18/><V119/><F31/><W43/><REACH who="3" step="1"/><G120/><REACH who="3" ten="250,250,250,240" step="2"/><T88/><D88/><N who="1" m="51263" /><E7/><V22/><F22/><W86/><AGARI ba="0,1" hai="12,15,43,47,48,50,54,57,86,91,93,95,98,101" machi="86" ten="20,5200,0" yaku="1,1,0,1,7,1,8,1,53,0" doraHai="62" doraHaiUra="126" who="3" fromWho="3" sc="250,-26,250,-13,250,-13,240,62" /><INIT seed="1,0,0,3,5,95" ten="224,237,237,302" oya="1" hai0="35,107,127,27,103,129,113,104,32,52,29,28,96" hai1="102,33,123,64,38,18,25,105,76,9,59,69,8" hai2="62,16,70,110,85,34,72,87,63,68,91,99,78" hai3="50,23,41,83,20,128,126,125,15,11,133,40,45"/><U118/><E123/><V42/><F34/><W109/><G109/><T4/><D113/><U26/><E118/><V65/><F110/><W3/><G3/><T2/><D127/><N who="3" m="48649" /><G41/><T48/><D129/><U24/><E38/><V56/><F42/><W19/><G128/><T47/><D2/><U114/><E114/><V93/><F68/><W55/><G40/><T61/><D4/><U119/><E119/><V130/><F130/><W135/><G83/><T57/><D29/><U111/><E111/><V77/><F16/><W120/><G120/><T124/><D124/><U108/><E108/><V106/><F72/><W121/><G121/><T112/><D112/><U132/><E69/><V39/><F39/><W88/><G88/><T14/><D14/><U54/><E64/><V86/><REACH who="2" step="1"/><F106/><REACH who="2" ten="224,237,227,302" step="2"/><W5/><G19/><T13/><D107/><U67/><E105/><V74/><F74/><W36/><G36/><T7/><D7/><U71/><E71/><V53/><AGARI ba="0,1" hai="53,56,62,63,65,70,77,78,85,86,87,91,93,99" machi="53" ten="30,4000,0" yaku="1,1,0,1,52,1,53,0" doraHai="95" doraHaiUra="44" who="2" fromWho="2" sc="224,-10,237,-20,227,50,302,-10" /><INIT seed="2,0,0,2,2,72" ten="214,217,277,292" oya="2" hai0="45,47,3,130,35,53,78,97,68,0,107,49,64" hai1="7,135,79,17,112,86,89,113,98,56,34,48,32" hai2="103,115,1,52,65,81,85,111,74,101,55,131,33" hai3="71,31,41,22,133,87,93,80,39,108,63,43,114"/><V122/><F115/><W84/><G114/><T4/><D35/><U10/><E135/><V127/><F122/><W83/><G133/><T128/><D64/><U42/><E34/><V40/><F1/><W118/><G118/><T95/><D107/><U11/><E32/><V8/><F33/><W94/><G108/><T38/><D68/><U67/><E98/><V14/><F74/><W29/><G39/><T36/><D78/><U44/><E17/><N who="2" m="8391" /><F131/><N who="0" m="50218" /><D47/><U106/><E106/><V90/><F127/><W15/><G71/><T125/><D125/><U46/><E113/><V21/><F111/><W24/><G15/><T126/><D126/><U119/><E112/><V61/><F40/><W20/><G63/><T96/><D96/><U6/><E119/><V9/><F9/><W117/><REACH who="3" step="1"/><G117/><REACH who="3" ten="214,217,277,282" step="2"/><T105/><D0/><U51/><E48/><V99/><F61/><W77/><G77/><T26/><D3/><U91/><E79/><N who="2" m="46271" /><F65/><W59/><G59/><T109/><D49/><U76/><E67/><V18/><F90/><N who="1" m="34313" /><E56/><V54/><F99/><W134/><G134/><T123/><D97/><U50/><E51/><V102/><F102/><W12/><G12/><AGARI ba="0,1" hai="12,18,21,52,54,55,101,103" m="46271,8391" machi="12" ten="30,5800,0" yaku="8,1,52,1,54,1" doraHai="72" who="2" fromWho="3" sc="214,0,217,0,277,68,282,-58" /><INIT seed="2,1,0,0,4,19" ten="214,217,345,224" oya="2" hai0="111,46,90,82,79,84,18,99,32,29,43,87,36" hai1="112,40,63,88,26,49,97,78,107,27,15,73,2" hai2="101,129,104,64,11,123,126,110,105,14,125,93,7" hai3="83,119,68,71,114,113,44,54,12,131,3,132,100"/><V116/><F123/><W4/><G119/><T85/><D111/><U77/><E112/><N who="3" m="43114" /><G3/><T86/><D32/><U20/><E2/><V75/><F116/><W128/><G100/><T72/><D29/><U61/><E107/><V28/><F75/><W24/><G83/><T135/><D135/><U89/><E73/><V45/><F110/><W92/><G92/><T106/><D18/><N who="1" m="10335" /><E97/><N who="2" m="59567" /><F129/><N who="3" m="49739" /><G24/><N who="1" m="9258" /><E40/><V109/><F109/><W130/><N who="3" m="49747" /><W21/><DORA hai="25" /><G4/><T122/><D122/><U41/><E41/><V38/><F104/><W33/><G33/><T53/><D53/><U108/><E108/><V30/><F105/><W52/><G132/><T102/><REACH who="0" step="1"/><D85/><REACH who="0" ten="204,217,345,224" step="2"/><U55/><E55/><N who="3" m="21034" /><G44/><T133/><D133/><U66/><E66/><V0/><F64/><W56/><G56/><T22/><D22/><U57/><E57/><V58/><F58/><W69/><G12/><T47/><D47/><U9/><E9/><V81/><F14/><W1/><G1/><T127/><D127/><N who="2" m="48650" /><F81/><AGARI ba="1,1" hai="36,43,46,72,79,81,82,84,86,87,90,99,102,106" machi="81" ten="30,2000,0" yaku="1,1,7,1,53,0" doraHai="19,25" doraHaiUra="124,91" who="0" fromWho="2" sc="204,33,217,0,345,-23,224,0" /><INIT seed="3,0,0,4,0,126" ten="237,217,322,224" oya="3" hai0="105,67,81,61,53,6,8,41,0,63,55,87,19" hai1="23,65,37,13,92,45,47,15,113,21,69,106,57" hai2="71,115,73,95,88,22,82,110,49,127,76,109,51" hai3="120,85,100,16,97,30,86,52,80,123,38,24,26"/><W18/><G38/><T27/><D105/><U132/><E106/><V122/><F115/><W42/><G42/><T33/><D41/><U12/><E113/><V56/><F127/><W78/><G86/><T70/><D63/><U130/><E69/><V103/><F71/><W29/><G123/><T62/><D62/><N who="1" m="38095" /><E37/><V135/><F122/><W48/><G120/><T75/><D75/><U9/><E9/><V43/><F135/><W90/><G78/><T44/><D44/><N who="1" m="16971" /><E132/><V111/><F43/><W7/><G7/><T125/><D125/><U59/><E59/><V91/><F22/><N who="1" m="8201" /><E130/><V72/><F72/><W124/><G124/><T5/><D5/><U2/><E2/><V11/><F11/><W66/><G66/><T74/><D74/><U94/><AGARI ba="0,0" hai="12,13,15,92,94" m="8201,16971,38095" machi="94" ten="40,1500,0" yaku="8,1" doraHai="126" who="1" fromWho="1" sc="237,-4,217,15,322,-4,224,-7" /><INIT seed="4,0,0,1,3,127" ten="233,232,318,217" oya="0" hai0="12,129,7,94,72,132,22,59,76,79,134,90,27" hai1="61,122,66,83,126,133,54,131,98,82,118,21,116" hai2="113,6,93,68,26,25,1,30,19,56,51,107,85" hai3="101,117,60,73,58,97,36,49,34,24,38,57,55"/><T112/><D112/><U125/><E122/><V99/><F68/><W50/><G73/><T87/><D72/><U15/><E98/><V71/><F71/><W14/><G117/><T2/><D2/><U3/><E3/><V74/><F74/><W108/><G108/><T4/><D59/><U48/><E15/><V104/><F113/><W40/><G14/><T28/><D129/><U53/><E21/><N who="2" m="15695" /><F1/><W52/><G34/><T128/><D128/><U115/><E131/><V130/><F104/><W114/><G24/><T102/><D102/><U45/><E83/><V5/><F107/><W29/><G29/><T120/><D120/><U43/><E82/><V105/><F85/><W78/><G78/><N who="0" m="29739" /><D12/><U77/><E77/><V32/><F105/><W0/><G0/><T17/><D28/><U110/><E110/><V42/><F32/><W109/><G109/><T9/><D9/><U96/><E115/><V41/><F56/><N who="3" m="32791" /><G97/><T91/><D90/><U75/><E96/><V89/><F130/><W135/><G101/><T64/><D64/><U92/><E75/><V46/><F41/><W62/><G114/><T39/><D39/><N who="3" m="14889" /><G40/><T81/><D81/><U23/><E118/><V88/><F89/><W65/><G135/><AGARI ba="0,0" hai="4,7,17,22,27,87,91,94,132,134,135" m="29739" machi="135" ten="30,1500,0" yaku="20,1" doraHai="127" who="0" fromWho="3" sc="233,15,232,0,318,0,217,-15" /><INIT seed="4,1,0,4,1,27" ten="248,232,318,202" oya="0" hai0="65,110,28,124,15,36,41,5,122,48,77,1,53" hai1="51,121,55,50,78,79,24,8,70,9,18,56,92" hai2="106,116,80,6,76,113,71,10,12,69,21,19,119" hai3="132,123,22,131,109,42,114,128,63,23,32,31,115"/><T25/><D122/><U88/><E121/><V91/><F91/><W72/><G123/><T67/><D1/><U90/><E70/><V89/><F89/><W73/><G42/><T85/><D110/><U4/><E90/><V62/><F106/><W96/><G109/><T82/><D124/><U60/><E9/><V14/><F113/><N who="3" m="43019" /><G96/><T58/><D36/><U81/><E78/><V99/><F99/><W17/><G63/><T112/><D112/><U7/><E4/><V75/><REACH who="2" step="1"/><F62/><REACH who="2" ten="248,232,308,202" step="2"/><W33/><G72/><T118/><D118/><AGARI ba="1,1" hai="6,10,12,14,19,21,69,71,75,76,80,116,118,119" machi="118" ten="40,5200,0" yaku="1,1,2,1,12,1,53,0" doraHai="27" doraHaiUra="83" who="2" fromWho="0" sc="248,-55,232,0,308,65,202,0" /><INIT seed="5,0,0,4,3,37" ten="193,232,373,202" oya="1" hai0="50,82,131,23,98,31,127,43,80,103,135,8,126" hai1="59,101,2,48,113,107,20,86,54,60,84,90,63" hai2="21,29,111,6,35,44,36,42,106,55,9,1,33" hai3="85,114,46,94,16,75,110,99,11,116,112,34,61"/><U25/><E2/><V12/><F111/><W71/><G110/><T117/><D117/><U74/><E74/><V122/><F122/><W17/><G34/><T4/><D135/><U119/><E119/><V91/><F106/><W30/><G75/><T105/><D23/><U76/><E113/><N who="3" m="43626" /><G30/><T27/><D27/><U102/><E107/><V96/><F55/><W69/><G116/><T57/><D31/><U10/><E10/><V14/><F14/><N who="3" m="7263" /><G85/><T78/><D131/><U39/><E39/><V38/><F38/><W51/><G17/><T104/><D104/><U53/><E86/><V95/><REACH who="2" step="1"/><F12/><REACH who="2" ten="193,232,363,202" step="2"/><W0/><G0/><T24/><D126/><U73/><E73/><V22/><F22/><W32/><G32/><T92/><D105/><U115/><E115/><V87/><F87/><W70/><G61/><N who="1" m="23626" /><E54/><V83/><F83/><W47/><G51/><T13/><D50/><U89/><E76/><V109/><F109/><W88/><AGARI ba="0,1" hai="46,47,69,70,71,88,94,99" m="7263,43626" machi="88" ten="40,5200,0" yaku="15,1,54,2" doraHai="37" who="3" fromWho="3" sc="193,-13,232,-26,363,-13,202,62" /><INIT seed="6,0,0,1,0,22" ten="180,206,350,264" oya="2" hai0="38,53,77,104,132,9,37,48,118,49,34,73,10" hai1="52,4,102,54,50,58,116,71,121,93,40,60,20" hai2="6,15,131,82,87,61,64,84,120,85,17,124,114" hai3="135,44,14,24,134,25,31,123,96,86,91,39,65"/><V72/><F120/><W46/><G123/><T107/><D34/><U56/><E4/><V33/><F33/><W100/><G65/><T55/><D118/><U45/><E20/><V26/><F114/><W63/><G63/><T41/><D41/><U21/><E21/><N who="2" m="13615" /><F72/><W18/><G31/><T76/><D73/><U69/><E102/><V111/><F111/><W57/><G57/><T90/><D90/><U95/><E121/><V23/><F131/><W112/><G112/><T94/><D94/><U105/><E105/><V122/><F122/><W8/><G39/><T81/><D81/><U62/><E116/><V35/><F35/><W66/><G66/><T13/><D13/><U89/><E95/><V7/><F124/><W75/><G75/><T42/><D42/><U43/><E93/><V108/><F82/><W126/><G126/><T11/><D9/><U59/><E89/><V99/><F99/><W113/><G113/><T109/><REACH who="0" step="1"/><D132/><REACH who="0" ten="170,206,350,264" step="2"/><N who="3" m="50729" /><G96/><T97/><D97/><U101/><E101/><V68/><F15/><W16/><G100/><T36/><D36/><U70/><E58/><V28/><F85/><W5/><G46/><T125/><D125/><U51/><E40/><V117/><F84/><W128/><G44/><T79/><D79/><U103/><E103/><V115/><F87/><W119/><G119/><T80/><D80/><U130/><E130/><V78/><F117/><W12/><G128/><T0/><D0/><U29/><E29/><V106/><F115/><W1/><G1/><T133/><D133/><U47/><E45/><V32/><F78/><W74/><G74/><RYUUKYOKU ba="0,1" sc="170,15,206,15,350,-15,264,-15" hai0="10,11,37,38,48,49,53,55,76,77,104,107,109" hai1="43,47,50,51,52,54,56,59,60,62,69,70,71" /><INIT seed="7,1,1,1,2,133" ten="185,221,335,249" oya="3" hai0="99,105,64,130,84,9,94,118,36,129,113,16,127" hai1="18,96,90,41,35,47,125,50,114,101,100,82,27" hai2="109,57,19,24,93,45,15,30,108,63,72,83,111" hai3="121,81,66,103,38,22,23,74,112,20,116,8,97"/><W53/><G116/><T70/><D36/><U10/><E114/><V59/><F45/><W124/><G121/><T4/><D113/><U73/><E73/><V26/><F93/><W85/><G112/><T80/><D118/><U104/><E125/><V117/><F117/><W17/><G74/><T33/><D33/><U14/><E101/><V102/><F102/><W54/><G38/><T61/><D105/><U86/><E35/><V25/><F30/><W115/><G115/><T135/><D135/><U91/><REACH who="1" step="1"/><E27/><REACH who="1" ten="185,211,335,249" step="2"/><V1/><F108/><W0/><G124/><T11/><D127/><U13/><E13/><V48/><F111/><W34/><G34/><T29/><D29/><U69/><E69/><V46/><F15/><W55/><G0/><T52/><D52/><U28/><E28/><V2/><F1/><W98/><G66/><T95/><D99/><U12/><E12/><V120/><F2/><W43/><G103/><T131/><D16/><U39/><E39/><V134/><F19/><W31/><G31/><T128/><N who="0" m="33280" /><DORA hai="62" /><T65/><D65/><U89/><AGARI ba="1,2" hai="10,14,18,41,47,50,82,86,89,90,91,96,100,104" machi="89" ten="20,2700,0" yaku="1,1,0,1,7,1,53,0" doraHai="133,62" doraHaiUra="110,60" who="1" fromWho="1" sc="185,-8,211,50,335,-8,249,-14" owari="177,-32.0,261,6.0,327,42.0,235,-16.0" /></mjloggm>