<mjloggm ver="2.3"><GO type="41"/><UN n0="%E3%82%A4%E3%83%AC%E3%82%AE%E3%83%A5%E3%83%A9%E3%83%BC" n1="%E3%81%AA%E3%81%A3%E3%81%97%E3%83%BC" n2="%40%5E%5E%40" n3="%EF%BC%88%E2%89%A7%E2%96%BD%E2%89%A6%EF%BC%89" dan="15,13,14,15" rate="2008,1907,1895,2008" sx="M,M,M,M"/><TAIKYOKU oya="0"/><INIT seed="0,0,0,0,3,28" ten="250,250,250,250" oya="0" hai0="44,123,103,78,112,79,37,92,76,77,59,58,38" hai1="93,65,35,67,30,14,12,39,108,43,133,84,21" hai2="70,117,42,46,89,66,63,86,119,104,31,80,0" hai3="27,126,105,49,118,109,88,17,50,45,130,61,25"/><T124/><D112/><U54/><E39/><V55/><F0/><W71/><G105/><T56/><D123/><U121/><E121/><V29/><F104/><W100/><G118/><N who="2" m="45065" /><F55/><W9/><G100/><T101/><N who="0" m="19456" /><DORA hai="99" /><T91/><D124/><U18/><E43/><V132/><F132/><W107/><G107/><T22/><D22/><U26/><E133/><V114/><F114/><W16/><G126/><T6/><D6/><U47/><E108/><V34/><F34/><W106/><G106/><T53/><D38/><AGARI ba="0,0" hai="29,31,38,42,46,63,66,70,80,86,89" m="45065" machi="38" ten="30,1000,0" yaku="12,1" doraHai="28,99" who="2" fromWho="0" sc="250,-10,250,0,250,10,250,0" /><INIT seed="1,0,0,2,2,92" ten="240,250,260,250" oya="1" hai0="58,49,30,109,0,119,27,89,66,85,115,95,23" hai1="31,100,116,24,19,8,46,35,47,9,94,130,77" hai2="110,88,128,82,55,134,87,106,86,98,84,1,56" hai3="120,42,99,29,71,41,36,67,91,78,70,21,93"/><U25/><E77/><V59/><F1/><W69/><G120/><T65/><D115/><U118/><E130/><V102/><F128/><W4/><G4/><T53/><D119/><U107/><E107/><V40/><F110/><W104/><G78/><T112/><D112/><U126/><E126/><V123/><F123/><W14/><G36/><T34/><D109/><U132/><E132/><V51/><F134/><W37/><G37/><T76/><D0/><U16/><E118/><V73/><F73/><W32/><G67/><T57/><D34/><U48/><E116/><V3/><F3/><W12/><G104/><T26/><D26/><U133/><E133/><V7/><F7/><W43/><REACH who="3" step="1"/><G21/><REACH who="3" ten="240,250,260,240" step="2"/><T90/><D76/><U81/><E35/><V52/><F40/><W22/><G22/><T28/><D28/><U64/><E31/><V122/><F122/><W105/><G105/><T38/><D38/><U13/><E64/><V125/><F125/><W54/><G54/><T17/><D30/><U39/><E39/><V2/><F2/><W127/><G127/><T75/><D75/><U96/><E46/><V111/><F111/><W60/><G60/><AGARI ba="0,1" hai="51,52,55,56,59,60,82,84,86,87,88,98,102,106" machi="60" ten="30,7700,0" yaku="7,1,52,1,54,2" doraHai="92" who="2" fromWho="3" sc="240,0,250,0,260,87,240,-77" /><INIT seed="2,0,0,4,3,68" ten="240,250,347,163" oya="2" hai0="69,58,84,131,21,127,98,36,129,45,53,5,111" hai1="132,87,20,19,40,102,41,67,108,62,101,119,13" hai2="78,65,63,89,7,46,99,93,16,43,31,25,64" hai3="66,109,42,133,135,82,48,106,76,44,22,12,60"/><V120/><F120/><W72/><G109/><T88/><D69/><U6/><E108/><V81/><F7/><W0/><G0/><T92/><D111/><U56/><E119/><V115/><F115/><W83/><G106/><T103/><D5/><U23/><E132/><V50/><F63/><W29/><G82/><T105/><D127/><U8/><E23/><V3/><F3/><W91/><G91/><T79/><D79/><U1/><E87/><N who="2" m="48567" /><F31/><W95/><G95/><T70/><D70/><U85/><E85/><V97/><F97/><W114/><G114/><T26/><D45/><U61/><E61/><V18/><F25/><W124/><G124/><T128/><D36/><U123/><E123/><V113/><F113/><W130/><G130/><T73/><D73/><U52/><E67/><AGARI ba="0,0" hai="16,18,43,46,50,64,65,67,89,93,99" m="48567" machi="67" ten="30,2900,0" yaku="8,1,54,1" doraHai="68" who="2" fromWho="1" sc="240,0,250,-29,347,29,163,0" /><INIT seed="2,1,0,0,4,57" ten="240,221,376,163" oya="2" hai0="123,0,44,79,50,38,92,105,98,10,15,1,4" hai1="25,26,7,116,83,49,20,28,135,87,21,5,70" hai2="86,61,106,71,77,47,31,124,74,132,107,119,17" hai3="130,111,101,68,121,6,45,30,9,102,134,37,8"/><V43/><F119/><W126/><G121/><T40/><D123/><U78/><E116/><V64/><F132/><W117/><G117/><T33/><D33/><U97/><E135/><V67/><F124/><W46/><G126/><T109/><D109/><U24/><E70/><V108/><F108/><W128/><G134/><T114/><D114/><U93/><E26/><V65/><F74/><W36/><G68/><T35/><D35/><U88/><REACH who="1" step="1"/><E49/><REACH who="1" ten="240,211,376,163" step="2"/><V95/><F71/><W129/><G111/><T54/><D38/><N who="3" m="14953" /><G30/><AGARI ba="1,1" hai="5,7,20,21,24,25,28,30,78,83,87,88,93,97" machi="30" ten="30,12000,2" yaku="1,1,7,1,9,1,8,1,54,1,53,2" doraHai="57" doraHaiUra="23" who="1" fromWho="3" sc="240,0,211,133,376,0,163,-123" /><INIT seed="3,0,0,0,1,43" ten="240,344,376,40" oya="3" hai0="117,29,60,31,106,52,39,67,100,59,114,73,113" hai1="82,98,23,46,126,18,61,26,83,69,95,21,57" hai2="1,110,50,120,90,5,17,119,94,20,130,62,81" hai3="49,124,16,111,47,121,96,19,132,105,108,41,37"/><W66/><G121/><T45/><D73/><U101/><E126/><V91/><F119/><W112/><G112/><N who="0" m="43115" /><D117/><U93/><E69/><V13/><F110/><N who="3" m="42027" /><G124/><T75/><D75/><U25/><E46/><V51/><F130/><W89/><G132/><T68/><D100/><U54/><REACH who="1" step="1"/><E93/><REACH who="1" ten="240,334,376,40" step="2"/><V70/><F70/><W2/><G2/><T53/><D106/><U133/><E133/><V7/><F120/><W109/><N who="3" m="42035" /><W24/><DORA hai="0" /><G66/><T118/><D118/><U71/><E71/><V116/><F116/><W42/><G105/><T79/><D68/><U65/><E65/><V32/><F81/><W72/><G72/><T36/><D67/><U127/><E127/><V135/><F135/><W99/><G24/><T78/><D39/><U35/><E35/><V55/><F32/><W63/><G63/><T40/><D53/><U10/><E10/><V3/><F62/><W44/><G99/><T86/><D86/><U14/><E14/><V85/><F94/><AGARI ba="0,1" hai="16,19,37,41,42,44,47,49,89,94,96" m="42035" machi="94" ten="40,12000,1" yaku="14,1,10,1,52,2,54,1" doraHai="43,0" who="3" fromWho="2" sc="240,0,334,0,376,-120,40,130" /><INIT seed="3,1,0,3,0,94" ten="240,334,256,170" oya="3" hai0="130,39,63,79,35,109,132,2,115,33,113,114,23" hai1="62,96,75,90,116,70,18,66,16,24,74,54,38" hai2="9,86,85,68,65,107,95,73,53,32,51,88,81" hai3="4,123,1,102,42,46,135,10,36,52,13,108,11"/><W0/><G123/><T131/><D39/><U26/><E116/><V64/><F32/><N who="0" m="12362" /><D79/><U110/><E38/><V93/><F68/><W27/><G135/><T89/><D63/><U30/><E54/><V125/><F125/><W121/><G121/><T34/><D89/><U45/><E45/><V124/><F124/><W76/><G108/><T128/><D34/><U119/><E30/><V82/><F107/><W47/><G76/><T41/><D41/><U83/><E119/><V71/><F71/><W28/><G102/><T29/><D2/><U105/><E110/><V57/><F73/><W14/><G27/><N who="0" m="16639" /><D109/><U112/><E112/><V127/><F127/><W69/><G28/><T59/><D59/><U31/><E31/><V44/><F57/><W87/><G69/><T100/><D100/><U129/><E105/><V12/><F85/><W61/><G87/><T134/><AGARI ba="1,0" hai="113,114,115,128,130,131,132,134" m="16639,12362" machi="134" ten="50,8000,1" yaku="11,1,19,1,34,2" doraHai="94" who="0" fromWho="0" sc="240,83,334,-21,256,-21,170,-41" /><INIT seed="4,0,0,5,1,37" ten="323,313,235,129" oya="0" hai0="99,23,11,12,120,51,104,107,46,13,36,123,127" hai1="115,44,86,14,8,70,108,69,133,98,4,106,135" hai2="22,61,101,33,16,32,18,27,85,93,87,45,100" hai3="48,29,15,10,131,35,64,71,121,6,96,42,88"/><T80/><D36/><U109/><E86/><V57/><F33/><W21/><G131/><T66/><D127/><U40/><E98/><V132/><F132/><N who="1" m="50761" /><E106/><V78/><F32/><W24/><G121/><T2/><D2/><U126/><E126/><V119/><F119/><W9/><G35/><T95/><D66/><U20/><E115/><V76/><F18/><W67/><G71/><N who="1" m="27146" /><E20/><V58/><F45/><N who="3" m="25655" /><G10/><T122/><D23/><U3/><E14/><V53/><F58/><W30/><G29/><T5/><D13/><U113/><E113/><V28/><F28/><W118/><G118/><T94/><D80/><U54/><E54/><V110/><F110/><W75/><G75/><T72/><D72/><U103/><E103/><N who="2" m="39499" /><F93/><AGARI ba="0,0" hai="6,9,15,21,24,30,64,67,88,93,96" m="25655" machi="93" ten="30,3900,0" yaku="8,1,52,1,54,1" doraHai="37" who="3" fromWho="2" sc="323,0,313,0,235,-39,129,39" /><INIT seed="5,0,0,0,1,28" ten="323,313,196,168" oya="1" hai0="67,115,110,55,83,91,99,7,95,97,25,82,49" hai1="129,79,122,34,105,53,133,86,46,73,78,4,106" hai2="47,89,52,100,63,6,37,40,118,116,120,54,8" hai3="126,104,57,58,23,93,112,84,60,24,135,15,101"/><U41/><E122/><V114/><F120/><W44/><G135/><T113/><D110/><U88/><E133/><V5/><F114/><N who="0" m="43530" /><D67/><U21/><E34/><V39/><F39/><W80/><G112/><T134/><D134/><U17/><E4/><V94/><F100/><W0/><G0/><T22/><D97/><U98/><E53/><V36/><F36/><W75/><G126/><T35/><D7/><U121/><E121/><V59/><F54/><W85/><G104/><T1/><D1/><U124/><E124/><V102/><F102/><W70/><G70/><T33/><D83/><U56/><E56/><V13/><REACH who="2" step="1"/><F5/><REACH who="2" ten="323,313,186,168" step="2"/><W31/><G101/><T18/><D82/><N who="1" m="49239" /><E106/><V69/><F69/><W27/><G80/><T90/><D91/><U29/><E105/><V20/><F20/><W96/><G23/><T109/><D109/><U51/><E98/><AGARI ba="0,1" hai="6,8,13,37,40,47,52,59,63,89,94,98,116,118" machi="98" ten="30,7700,0" yaku="1,1,7,1,54,1,53,1" doraHai="28" doraHaiUra="48" who="2" fromWho="1" sc="323,0,313,-77,186,87,168,0" /><INIT seed="6,0,0,1,0,97" ten="323,236,273,168" oya="2" hai0="116,5,102,109,115,33,98,38,77,126,111,45,119" hai1="27,92,75,70,0,132,72,37,87,40,15,25,74" hai2="135,18,104,112,99,44,108,129,41,60,1,127,6" hai3="79,59,35,57,128,53,20,125,88,73,69,131,91"/><V58/><F108/><W76/><G35/><T28/><D5/><U13/><E0/><V49/><F112/><W117/><G69/><T122/><D77/><N who="3" m="29769" /><G117/><N who="0" m="45131" /><D115/><U34/><E70/><V61/><F127/><W64/><G125/><T80/><D80/><U10/><E132/><V43/><F135/><W96/><G73/><T93/><D126/><U95/><E37/><V78/><F129/><N who="3" m="49739" /><G20/><T19/><D122/><U32/><E40/><V17/><F78/><W50/><G96/><T118/><D118/><U82/><E10/><V51/><F6/><W107/><G107/><T106/><D19/><U46/><E82/><V120/><F120/><W8/><G8/><T133/><D133/><U52/><E87/><V22/><F1/><W16/><G16/><N who="2" m="6249" /><F22/><W14/><G14/><T83/><D83/><U24/><E46/><N who="2" m="25807" /><F104/><W100/><G64/><T42/><D106/><U68/><E68/><V134/><F134/><W114/><G114/><T47/><D47/><U31/><E31/><V121/><F121/><W36/><G36/><T110/><D28/><U62/><E27/><V48/><F99/><W2/><G2/><T12/><D33/><U84/><E84/><V54/><AGARI ba="0,0" hai="43,44,48,51,54,58,60,61" m="25807,6249" machi="54" ten="30,3000,0" yaku="8,1,54,1" doraHai="97" who="2" fromWho="2" sc="323,-10,236,-10,273,30,168,-10" /><INIT seed="6,1,0,4,1,120" ten="313,226,303,158" oya="2" hai0="87,46,0,107,72,29,91,69,102,80,58,68,110" hai1="23,57,83,119,116,26,135,109,33,77,73,30,40" hai2="129,114,3,9,24,56,65,132,66,35,128,126,34" hai3="127,97,131,7,125,70,31,67,22,55,86,64,76"/><V6/><F114/><W17/><G131/><N who="2" m="50249" /><F126/><W98/><G127/><T95/><D0/><U130/><E130/><V52/><F132/><W16/><G125/><T38/><D29/><U18/><E135/><V48/><F24/><W50/><G70/><T36/><D58/><U54/><E40/><V51/><F51/><W82/><G7/><T93/><D93/><U19/><E19/><V100/><F100/><W112/><G112/><T62/><D110/><U101/><E101/><V1/><F1/><W111/><G111/><T106/><D106/><U84/><E73/><V41/><F41/><W104/><G31/><T108/><D108/><U44/><E44/><V94/><F94/><W47/><G17/><T113/><D113/><U15/><REACH who="1" step="1"/><E109/><REACH who="1" ten="313,216,303,158" step="2"/><V42/><F42/><W14/><REACH who="3" step="1"/><G104/><REACH who="3" ten="313,216,303,148" step="2"/><T37/><D107/><U27/><E27/><V117/><F117/><W88/><G88/><T89/><D91/><U90/><E90/><V4/><F4/><W43/><G43/><T124/><D89/><U32/><E32/><AGARI ba="1,2" hai="3,6,9,32,34,35,48,52,56,65,66" m="50249" machi="32" ten="30,2900,0" yaku="19,1,54,1" doraHai="120" who="2" fromWho="1" sc="313,0,216,-32,303,52,148,0" /><INIT seed="6,2,0,1,5,50" ten="313,184,355,148" oya="2" hai0="26,82,57,55,52,99,48,23,30,113,45,132,102" hai1="107,103,38,13,86,93,0,90,112,44,8,94,100" hai2="97,104,105,43,39,61,6,19,89,53,7,122,73" hai3="79,75,83,109,65,25,34,69,110,98,66,129,20"/><V40/><F122/><W130/><G98/><T15/><D113/><U77/><E112/><V84/><F73/><W128/><G20/><T124/><D132/><U96/><E0/><V101/><F105/><W67/><REACH who="3" step="1"/><G69/><REACH who="3" ten="313,184,355,138" step="2"/><T31/><D124/><U11/><E11/><V72/><F72/><W46/><G46/><T29/><D82/><U10/><E10/><V135/><F135/><W18/><G18/><T88/><D15/><U123/><E123/><V119/><F119/><W71/><G71/><T5/><D5/><U91/><E44/><V126/><F126/><W27/><G27/><T68/><D68/><U70/><E38/><V4/><F19/><W111/><G111/><T125/><D125/><U92/><E70/><V1/><F1/><W80/><G80/><T131/><D131/><U36/><E36/><V117/><F117/><W49/><G49/><N who="0" m="30959" /><D102/><U58/><E58/><V63/><F39/><W78/><G78/><T41/><D41/><U47/><E47/><V120/><F120/><W133/><G133/><T87/><D87/><U21/><E21/><V106/><F43/><W35/><G35/><T24/><D24/><U16/><E77/><V85/><F40/><W81/><G81/><T42/><D42/><U59/><E59/><V62/><F84/><W108/><G108/><T74/><D74/><U115/><E115/><V33/><F33/><W51/><G51/><T3/><D3/><U60/><E103/><V22/><F22/><W14/><G14/><T76/><D76/><U64/><E86/><V54/><F106/><W37/><G37/><T17/><D99/><RYUUKYOKU ba="2,1" sc="313,0,184,0,355,0,138,0" hai0="17,23,26,29,30,31,45,48,52,88" hai1="8,13,16,60,64,90,91,92,93,94,96,100,107" hai2="4,6,7,53,54,61,62,63,85,89,97,101,104" hai3="25,34,65,66,67,75,79,83,109,110,128,129,130" /><INIT seed="6,3,1,5,5,120" ten="313,184,355,138" oya="2" hai0="5,70,28,81,2,93,98,91,45,62,52,83,19" hai1="113,61,68,108,40,106,35,115,15,43,58,132,85" hai2="84,125,47,17,14,46,121,134,55,57,127,126,130" hai3="89,11,119,101,77,36,18,26,66,96,88,37,110"/><V34/><F34/><W29/><G119/><T80/><D28/><U63/><E106/><V60/><F121/><W104/><G110/><T64/><D19/><U6/><E35/><V111/><F111/><W103/><G77/><T59/><D45/><U4/><E108/><V87/><F134/><W42/><G103/><T27/><D27/><U73/><E73/><V56/><F56/><W25/><G66/><T8/><REACH who="0" step="1"/><D80/><REACH who="0" ten="303,184,355,138" step="2"/><U13/><E132/><V9/><F130/><W117/><G117/><T7/><D7/><U114/><E4/><V135/><F135/><W99/><G26/><T112/><D112/><U123/><E123/><V75/><F75/><W3/><G18/><T38/><D38/><U97/><E6/><V71/><F71/><W69/><G69/><T10/><D10/><U33/><E33/><V51/><F47/><N who="3" m="24007" /><G37/><T131/><D131/><U133/><E133/><V21/><F9/><W107/><G11/><T124/><D124/><U1/><E1/><V78/><F78/><W74/><G74/><T100/><D100/><U95/><E13/><V50/><F46/><W31/><G3/><T102/><D102/><N who="1" m="60735" /><E15/><V76/><F76/><W82/><G82/><T16/><D16/><U94/><E68/><V44/><F44/><W90/><G25/><T79/><D79/><U105/><E105/><N who="3" m="40522" /><G101/><T20/><D20/><U23/><E23/><V86/><AGARI ba="3,2" hai="14,17,21,50,51,55,57,60,84,86,87,125,126,127" machi="86" ten="40,3900,0" yaku="0,1,18,1" doraHai="120" who="2" fromWho="2" sc="303,-16,184,-16,355,68,138,-16" /><INIT seed="6,4,0,2,5,128" ten="287,168,423,122" oya="2" hai0="52,92,4,48,109,53,125,47,24,36,69,17,119" hai1="67,133,55,33,134,115,81,73,39,77,63,29,102" hai2="99,101,13,25,42,41,103,64,19,123,32,58,56" hai3="6,12,118,93,66,79,46,110,131,127,97,114,57"/><V85/><F123/><W98/><G118/><T100/><D119/><U96/><E39/><V70/><F70/><W50/><G110/><T86/><D109/><U116/><E116/><V49/><F32/><W124/><G131/><T84/><D69/><U75/><E73/><V3/><F3/><W15/><G114/><T37/><D125/><U62/><E115/><V107/><F25/><W129/><G129/><T111/><D111/><U16/><E55/><V113/><F113/><W2/><G2/><T11/><D53/><U76/><E76/><V26/><F26/><W132/><G79/><T120/><D120/><U89/><E89/><V43/><F49/><W20/><G127/><T108/><D108/><U27/><E16/><V72/><F72/><W10/><G124/><T8/><D37/><U59/><REACH who="1" step="1"/><E63/><REACH who="1" ten="287,158,423,122" step="2"/><V122/><F122/><W90/><G66/><T105/><D52/><U31/><E31/><V14/><F64/><W51/><G90/><T94/><D36/><U28/><E28/><V106/><F19/><W9/><G10/><T112/><D17/><U60/><E60/><V7/><F7/><W126/><G6/><T87/><D4/><U135/><E135/><V5/><F5/><W88/><G132/><T45/><D8/><U1/><E1/><V82/><F42/><N who="3" m="24919" /><G126/><T44/><D11/><U117/><E117/><V65/><F65/><W91/><G9/><T71/><D112/><U74/><E74/><V130/><F130/><W35/><G91/><T54/><D54/><U30/><E30/><V0/><F43/><W34/><G88/><T18/><D18/><RYUUKYOKU ba="4,1" sc="287,-10,158,30,423,-10,122,-10" hai1="27,29,33,59,62,67,75,77,81,96,102,133,134" /><INIT seed="7,5,1,1,4,53" ten="277,188,413,112" oya="3" hai0="28,106,95,24,1,103,15,84,92,61,12,2,36" hai1="120,63,112,72,47,22,42,43,123,0,67,6,58" hai2="130,85,132,51,124,105,89,44,115,38,57,23,117" hai3="93,59,90,68,45,46,41,127,116,55,78,102,37"/><W87/><G116/><T48/><D36/><U118/><E118/><V20/><F117/><W101/><G127/><T129/><D106/><U60/><E72/><V71/><F115/><W21/><G68/><T135/><D48/><U97/><E112/><V56/><F105/><W30/><G46/><T80/><D92/><U40/><E0/><V88/><F71/><W110/><G110/><T9/><D12/><U69/><E6/><V65/><F65/><W76/><G30/><T32/><D15/><U25/><E97/><V86/><F38/><W39/><G39/><T108/><D95/><U54/><E25/><V82/><F124/><W62/><REACH who="3" step="1"/><G21/><REACH who="3" ten="277,188,413,102" step="2"/><N who="2" m="8265" /><F130/><W13/><G13/><T33/><D28/><U19/><E22/><V113/><F113/><W74/><G74/><T10/><D129/><U4/><E19/><V94/><F132/><W27/><G27/><T121/><D24/><U49/><E4/><V73/><F73/><W99/><G99/><T64/><D108/><U109/><E109/><V29/><F29/><W3/><G3/><T14/><D14/><U131/><E131/><V16/><F16/><W8/><G8/><T79/><D135/><U77/><E77/><AGARI ba="5,2" hai="37,41,45,55,59,62,76,77,78,87,90,93,101,102" machi="77" ten="40,3900,0" yaku="1,1,52,1,53,0" doraHai="53" doraHaiUra="119" who="3" fromWho="1" sc="277,0,188,-54,413,0,102,74" /><INIT seed="7,6,0,0,0,21" ten="277,134,413,176" oya="3" hai0="49,33,80,101,95,98,78,31,8,104,2,36,53" hai1="115,22,122,114,103,29,24,77,70,5,47,11,130" hai2="19,81,52,23,118,26,60,3,113,126,30,25,64" hai3="43,73,6,42,17,0,41,129,56,100,1,59,134"/><W92/><G73/><T128/><D36/><U97/><E70/><V108/><F3/><W16/><G134/><T76/><D128/><U32/><E130/><V124/><F108/><W117/><G129/><T83/><D104/><U74/><E122/><V27/><F118/><W121/><G117/><T93/><D33/><U75/><E47/><V50/><F113/><W40/><G121/><T106/><D31/><U82/><E74/><V51/><F81/><W99/><G40/><T71/><D71/><U14/><E114/><V116/><F116/><W94/><G6/><T135/><D135/><U85/><E115/><V125/><F30/><W55/><G55/><T54/><D2/><N who="3" m="1129" /><G99/><T107/><D8/><U61/><E61/><V69/><F51/><W86/><G100/><T88/><D106/><U111/><E111/><V123/><F123/><W39/><G86/><N who="0" m="52375" /><D107/><U110/><E110/><V37/><F37/><W89/><G39/><T65/><D65/><U57/><E57/><AGARI ba="6,0" hai="19,23,25,26,27,50,52,57,60,64,69,124,125,126" machi="57" ten="40,8000,1" yaku="18,1,52,3,54,1" doraHai="21" who="2" fromWho="1" sc="277,0,134,-98,413,98,176,0" owari="277,8.0,36,-46.0,511,60.0,176,-22.0" /></mjloggm>