<mjloggm ver="2.3"><GO type="225"/><UN n0="%E3%83%A1%E3%82%AB%E3%82%BC%E3%83%83%E3%83%88%E3%83%B3" n1="%E3%81%8F%E3%81%BF%E3%81%A3%E3%81%8D%E3%83%BC" n2="%E3%83%98%E3%82%A4%E3%83%9B%E3%83%BC" n3="%EF%BC%88%E2%89%A7%E2%96%BD%E2%89%A6%EF%BC%89" dan="16,16,16,16" rate="2073,2030,2024,2064" sx="M,F,M,M"/><TAIKYOKU oya="0"/><INIT seed="0,0,0,3,3,85" ten="250,250,250,250" oya="0" hai0="39,99,10,32,81,126,94,9,5,100,22,89,82" hai1="67,92,63,44,98,106,19,114,36,45,135,91,13" hai2="61,35,73,77,110,88,66,58,20,6,2,60,111" hai3="46,51,112,27,125,25,62,105,70,113,12,47,84"/><T83/><D32/><U18/><E135/><V97/><F35/><W59/><G105/><T57/><D39/><U122/><E122/><V15/><F2/><W34/><G125/><T14/><D126/><U30/><E30/><V52/><F77/><W40/><G70/><T107/><D57/><U41/><E114/><V75/><F20/><W49/><G12/><T65/><D65/><U72/><E72/><V115/><F115/><W64/><G34/><T17/><REACH who="0" step="1"/><D5/><REACH who="0" ten="240,250,250,250" step="2"/><U123/><E123/><V108/><F6/><W76/><G113/><T26/><D26/><U7/><E45/><V134/><F134/><W104/><G112/><T118/><D118/><U38/><E36/><V11/><F66/><W3/><G64/><T4/><D4/><U80/><E7/><N who="2" m="3583" /><F61/><W43/><G3/><T21/><D21/><U50/><E38/><V48/><F60/><W95/><G62/><T0/><D0/><U54/><E63/><V90/><F97/><AGARI ba="0,1" hai="9,10,14,17,22,81,82,83,89,94,97,99,100,107" machi="97" ten="40,3900,0" yaku="1,1,52,1,53,0" doraHai="85" doraHaiUra="120" who="0" fromWho="2" sc="240,49,250,0,250,-39,250,0" /><INIT seed="0,1,0,5,0,10" ten="289,250,211,250" oya="0" hai0="134,29,90,121,49,123,98,135,30,94,56,14,92" hai1="34,70,85,132,47,115,130,82,101,74,109,51,107" hai2="55,31,93,83,108,25,84,128,88,118,124,43,35" hai3="15,129,28,62,125,54,3,126,37,1,45,95,117"/><T7/><D94/><U13/><E34/><V12/><F108/><W50/><G117/><T100/><D100/><U48/><E70/><V78/><F118/><W133/><G133/><N who="0" m="50699" /><D56/><U23/><E74/><V18/><F128/><W60/><G129/><T79/><D49/><U59/><E130/><V17/><F124/><N who="3" m="47723" /><G28/><N who="0" m="10859" /><D79/><U11/><E23/><V21/><F55/><W96/><G37/><T76/><D76/><U110/><E109/><V72/><REACH who="2" step="1"/><F18/><REACH who="2" ten="289,250,201,250" step="2"/><W57/><G62/><T111/><D111/><U71/><E110/><V26/><F26/><W86/><G60/><T6/><D6/><U69/><E132/><V77/><F77/><W87/><G54/><T91/><D91/><U67/><E101/><V114/><F114/><W119/><G119/><T81/><D123/><U75/><E115/><V99/><F99/><W39/><G96/><T102/><D121/><U53/><E75/><V105/><F105/><W120/><G120/><T41/><D41/><AGARI ba="1,1" hai="12,17,21,25,31,35,41,43,72,78,83,84,88,93" machi="41" ten="40,5200,0" yaku="1,1,52,1,54,1,53,0" doraHai="10" doraHaiUra="65" who="2" fromWho="0" sc="289,-55,250,0,201,65,250,0" /><INIT seed="1,0,0,1,3,43" ten="234,250,266,250" oya="1" hai0="88,133,87,109,118,54,60,9,94,22,112,57,93" hai1="2,97,117,35,99,120,91,103,11,52,76,64,74" hai2="4,50,104,98,135,121,59,65,24,110,10,131,3" hai3="14,27,130,21,58,26,45,108,70,114,83,6,38"/><U66/><E117/><V1/><F121/><W79/><G70/><T81/><D112/><U56/><E35/><V85/><F131/><W113/><G130/><T31/><D118/><U96/><E74/><V12/><F135/><W53/><G108/><T124/><D109/><U5/><E76/><V128/><F128/><W80/><G114/><T105/><D105/><U30/><E30/><V25/><F110/><W75/><G113/><T68/><D124/><U82/><E120/><V106/><F85/><W48/><G83/><T63/><D133/><U23/><E23/><V40/><F104/><W17/><REACH who="3" step="1"/><G6/><REACH who="3" ten="234,250,266,240" step="2"/><T62/><D68/><U111/><E111/><V34/><F4/><W125/><G125/><T7/><D31/><U100/><E82/><V29/><F29/><W0/><G0/><T107/><D107/><U84/><E100/><V126/><F1/><W61/><G61/><T90/><D81/><U92/><REACH who="1" step="1"/><E103/><REACH who="1" ten="234,240,266,240" step="2"/><N who="2" m="62839" /><F126/><W116/><G116/><T32/><D94/><U95/><E95/><V49/><F34/><W55/><G55/><T47/><D32/><U8/><E8/><V77/><F10/><W42/><AGARI ba="0,2" hai="14,17,21,26,27,38,42,45,48,53,58,75,79,80" machi="42" ten="30,4000,0" yaku="1,1,0,1,52,1,53,0" doraHai="43" doraHaiUra="129" who="3" fromWho="3" sc="234,-10,240,-20,266,-10,240,60" /><INIT seed="2,0,0,0,1,117" ten="224,220,256,300" oya="2" hai0="25,134,88,75,59,28,100,44,10,130,35,29,119" hai1="1,131,9,47,64,91,109,17,42,97,116,94,105" hai2="128,124,96,129,107,46,122,86,74,65,51,121,72" hai3="84,58,2,133,13,92,43,62,104,73,80,53,126"/><V22/><F124/><W56/><G2/><T114/><D114/><U39/><E116/><V7/><F7/><W101/><G104/><T21/><D119/><U89/><E109/><V132/><F132/><W27/><G133/><T38/><D134/><U112/><E112/><V26/><F65/><W40/><G73/><T14/><D130/><N who="2" m="50282" /><F86/><W82/><G126/><T5/><D75/><N who="2" m="28714" /><F96/><N who="3" m="59527" /><G27/><T83/><D5/><U48/><E131/><V108/><F107/><W24/><G24/><T23/><D25/><U127/><E127/><V99/><F99/><W85/><G13/><T55/><D14/><U6/><E105/><V102/><F102/><W125/><G125/><T93/><D100/><U52/><E64/><V12/><F12/><W33/><G33/><T118/><D35/><U120/><E120/><V60/><F60/><N who="3" m="35855" /><G85/><T3/><D118/><U106/><E106/><V41/><F108/><W36/><G82/><T45/><D83/><U54/><E91/><V61/><F61/><W63/><G63/><T16/><D88/><U15/><REACH who="1" step="1"/><E39/><REACH who="1" ten="224,210,256,300" step="2"/><V103/><F103/><W87/><G36/><T67/><D38/><U66/><E66/><V76/><F76/><N who="3" m="46087" /><G87/><T77/><D77/><U20/><AGARI ba="0,1" hai="1,6,9,15,17,20,42,47,48,52,54,89,94,97" machi="20" ten="20,5200,0" yaku="1,1,0,1,7,1,54,1,53,0" doraHai="117" doraHaiUra="68" who="1" fromWho="1" sc="224,-13,210,62,256,-26,300,-13" /><INIT seed="3,0,0,1,4,79" ten="211,272,230,287" oya="3" hai0="22,74,50,127,2,0,135,126,90,51,94,72,19" hai1="21,104,117,17,99,73,43,100,84,34,64,111,27" hai2="31,1,13,98,56,71,131,37,24,16,121,33,82" hai3="14,36,108,89,5,118,122,109,25,112,116,66,55"/><W83/><G36/><T62/><D62/><U8/><E73/><N who="0" m="28265" /><D51/><U23/><E111/><N who="3" m="42570" /><G122/><T30/><D30/><U20/><E34/><V47/><F71/><W123/><G123/><T92/><D50/><U41/><E117/><V133/><F121/><W91/><G112/><T125/><D135/><U59/><E8/><V86/><F133/><W63/><G55/><T48/><D48/><U18/><E23/><V6/><F131/><W128/><G128/><T129/><D129/><U88/><E59/><V61/><F98/><W40/><G40/><T134/><D134/><U12/><E64/><V120/><F120/><W53/><G53/><T95/><D90/><N who="3" m="34313" /><G25/><AGARI ba="0,0" hai="0,2,19,22,25,92,94,95,125,126,127" m="28265" machi="25" ten="40,1300,0" yaku="18,1" doraHai="79" who="0" fromWho="3" sc="211,13,272,0,230,0,287,-13" /><INIT seed="4,0,0,4,5,41" ten="224,272,230,274" oya="0" hai0="18,122,34,124,120,60,112,0,68,129,115,126,64" hai1="89,19,54,53,2,131,9,52,22,46,101,38,21" hai2="20,6,51,61,70,133,42,66,7,135,85,132,130" hai3="73,23,29,59,17,36,11,76,80,114,108,69,110"/><T117/><D34/><U44/><E38/><V65/><F130/><W39/><G69/><T30/><D30/><U57/><E131/><V3/><F66/><W100/><G114/><N who="0" m="43563" /><D18/><U94/><E101/><V111/><F111/><W116/><G116/><T45/><D0/><U25/><E2/><V128/><F128/><W102/><G29/><T127/><D129/><U56/><E9/><V121/><F121/><N who="0" m="46698" /><D45/><N who="1" m="17515" /><E22/><V33/><F33/><W48/><G23/><T98/><D98/><AGARI ba="0,0" hai="19,21,25,52,53,54,56,57,89,94,98" m="17515" machi="98" ten="30,8000,1" yaku="8,1,52,3,54,1" doraHai="41" who="1" fromWho="0" sc="224,-80,272,80,230,0,274,0" owari="144,-36.0,352,46.0,230,-17.0,274,7.0" /></mjloggm>