<mjloggm ver="2.3"><GO type="169"/><UN n0="%E3%83%95%E3%83%AA%E3%83%86%E3%83%B3%E5%8D%98%E9%A8%8E" n1="%4E%49%53%48%49" n2="%EF%BC%88%E2%89%A7%E2%96%BD%E2%89%A6%EF%BC%89" n3="%E3%82%AB%E3%83%84%E3%82%B2%E3%83%B3" dan="16,16,18,16" rate="2163,2056,2165,2098" sx="M,M,M,M"/><TAIKYOKU oya="0"/><INIT seed="0,0,0,5,0,43" ten="250,250,250,250" oya="0" hai0="46,129,122,27,32,106,14,52,4,110,103,55,35" hai1="134,114,85,75,47,130,91,117,63,10,65,8,25" hai2="128,66,93,71,13,59,102,51,33,86,9,15,6" hai3="120,44,0,84,80,94,21,38,124,135,82,131,37"/><T76/><D122/><U73/><E117/><V2/><F33/><W34/><G120/><T19/><D76/><U119/><E119/><V96/><F128/><W87/><G34/><T58/><D129/><U20/><E130/><V107/><F71/><W23/><G131/><T78/><D78/><U89/><E134/><V132/><F132/><W40/><G135/><T11/><D110/><U126/><E126/><V100/><F100/><W18/><G0/><T97/><D55/><U26/><E75/><V121/><F121/><W62/><G124/><T77/><D77/><U68/><E73/><V42/><F66/><W83/><G62/><T28/><D46/><U127/><E127/><V112/><F112/><W24/><G38/><T115/><D115/><U56/><E68/><V22/><F22/><W109/><G109/><T98/><D98/><U113/><E26/><V54/><F42/><W104/><G104/><T125/><D125/><U101/><E101/><V45/><REACH who="2" step="1"/><F59/><REACH who="2" ten="250,250,240,250" step="2"/><W61/><G23/><T41/><D41/><U1/><E114/><V67/><F67/><W118/><G118/><T64/><D64/><U123/><E113/><V29/><F29/><W48/><G94/><T7/><REACH who="0" step="1"/><D35/><REACH who="0" ten="240,250,240,250" step="2"/><U57/><E65/><V12/><F12/><W72/><G72/><T116/><D116/><U74/><E1/><V111/><F111/><W90/><G24/><T53/><D53/><U16/><E123/><V36/><F36/><W81/><G37/><T30/><D30/><U92/><E74/><V108/><F108/><W39/><G39/><T5/><D5/><U95/><E57/><RYUUKYOKU ba="0,2" sc="240,15,250,-15,240,15,250,-15" hai0="4,7,11,14,19,27,28,32,52,58,97,103,106" hai2="2,6,9,13,15,45,51,54,86,93,96,102,107" /><INIT seed="0,1,2,2,4,91" ten="255,235,255,235" oya="0" hai0="18,113,40,8,16,101,52,130,108,68,84,21,49" hai1="100,74,5,36,112,75,120,78,11,43,98,55,15" hai2="81,85,69,56,118,59,115,53,25,107,116,76,79" hai3="3,17,34,64,122,89,121,29,97,45,1,96,32"/><T37/><D113/><U23/><E120/><N who="3" m="46186" /><G64/><T92/><D68/><U103/><E103/><V7/><F115/><W124/><G124/><T39/><D40/><U58/><E112/><V95/><F69/><W10/><G45/><T62/><D130/><U0/><E78/><N who="2" m="46263" /><F107/><W133/><G133/><T38/><D62/><U6/><E43/><V66/><F7/><N who="3" m="1391" /><G3/><T134/><D134/><U119/><E36/><V70/><F70/><W2/><G2/><T77/><D108/><U65/><E65/><V31/><F66/><W28/><G17/><T109/><D109/><U131/><E131/><V22/><F56/><W54/><G54/><T4/><D77/><N who="2" m="29770" /><F118/><W9/><G9/><T13/><D21/><U46/><E6/><V104/><F104/><W80/><G32/><T111/><D111/><U126/><E119/><V105/><F105/><W86/><G34/><T63/><D63/><U132/><E132/><V57/><F116/><W87/><G87/><T48/><D84/><U128/><E75/><V47/><F47/><W114/><G114/><T82/><D82/><U102/><E46/><V117/><F117/><W26/><G26/><T60/><D60/><N who="1" m="35935" /><E74/><V30/><F30/><AGARI ba="1,2" hai="28,29,30,80,86,89,96,97" m="1391,46186" machi="30" ten="30,1000,0" yaku="13,1" doraHai="91" who="3" fromWho="2" sc="255,0,235,0,255,-13,235,33" /><INIT seed="1,0,0,3,3,36" ten="255,235,242,268" oya="1" hai0="17,39,72,6,23,99,124,91,60,52,69,48,105" hai1="128,43,47,106,46,88,74,127,107,32,93,95,108" hai2="8,21,104,55,20,68,113,49,19,18,87,131,76" hai3="73,112,42,61,78,92,115,75,4,59,84,110,89"/><U134/><E32/><V132/><F68/><W3/><G110/><T24/><D72/><U66/><E108/><V133/><F104/><W125/><G125/><T44/><D124/><U114/><E127/><V34/><F34/><W7/><G75/><T77/><D77/><U130/><E74/><V16/><F113/><W22/><G22/><T64/><D6/><U25/><E66/><V101/><F101/><W119/><G119/><T63/><D63/><U2/><E114/><V56/><F131/><N who="1" m="50217" /><E2/><V37/><F37/><W54/><G7/><T58/><D105/><N who="1" m="39947" /><E134/><N who="2" m="51819" /><F8/><W57/><G57/><T13/><D99/><N who="1" m="57767" /><E95/><V94/><F94/><W96/><G92/><T70/><D91/><U67/><E67/><V118/><F118/><W28/><G89/><T83/><D83/><AGARI ba="0,0" hai="16,18,19,20,21,49,55,56,76,83,87" m="51819" machi="83" ten="30,2000,0" yaku="20,1,54,1" doraHai="36" who="2" fromWho="0" sc="255,-20,235,0,242,20,268,0" /><INIT seed="2,0,0,2,1,104" ten="235,235,262,268" oya="2" hai0="71,32,25,96,107,120,125,122,17,110,87,13,65" hai1="108,27,4,84,111,95,60,81,91,133,9,115,50" hai2="85,99,30,63,86,16,97,6,38,112,130,59,20" hai3="39,5,41,114,126,93,80,83,45,132,89,55,79"/><V102/><F38/><W23/><G132/><T47/><D110/><U106/><E133/><V42/><F130/><W61/><G126/><T117/><D117/><U51/><E106/><V66/><F42/><W98/><G114/><T94/><D125/><U88/><E115/><V131/><F131/><W73/><G5/><T22/><D87/><U127/><E127/><V19/><F112/><W69/><G80/><T49/><D107/><U118/><E118/><V26/><F6/><W103/><G23/><T0/><D0/><U15/><E60/><V101/><F99/><W29/><G29/><T43/><D65/><U129/><E129/><V52/><F101/><W34/><G34/><T35/><D71/><U128/><E128/><V7/><F7/><W124/><G124/><T113/><D113/><U67/><E67/><V11/><F52/><W134/><G134/><T14/><D35/><U33/><E111/><V48/><F48/><W77/><G77/><T121/><REACH who="0" step="1"/><D32/><REACH who="0" ten="225,235,262,268" step="2"/><U10/><E108/><V116/><F116/><W56/><REACH who="3" step="1"/><G69/><REACH who="3" ten="225,235,262,258" step="2"/><T31/><D31/><U68/><E68/><V135/><F135/><W90/><AGARI ba="0,2" hai="39,41,45,55,56,61,73,79,83,89,90,93,98,103" machi="90" ten="30,7900,0" yaku="1,1,2,1,0,1,52,1,53,0" doraHai="104" doraHaiUra="3" who="3" fromWho="3" sc="225,-20,235,-20,262,-39,258,99" /><INIT seed="3,0,0,1,0,40" ten="205,215,223,357" oya="3" hai0="101,70,37,8,72,128,5,26,123,61,105,75,89" hai1="52,131,76,56,116,73,58,122,60,39,106,119,51" hai2="7,134,94,42,113,121,13,25,104,99,65,49,102" hai3="93,111,86,100,95,97,55,50,53,10,68,0,34"/><W33/><G68/><T118/><D118/><N who="1" m="45099" /><E106/><V47/><F113/><W63/><G111/><T44/><D123/><U27/><E76/><V88/><F121/><W125/><G125/><T80/><D128/><U91/><E73/><V17/><F134/><W28/><G63/><T110/><D110/><U79/><E79/><V74/><F74/><W15/><G0/><N who="0" m="39" /><D26/><U120/><E91/><V20/><F65/><W12/><G12/><T19/><D19/><U43/><E27/><V129/><F129/><W71/><G71/><T23/><D23/><U29/><E29/><V78/><F78/><W11/><G11/><T103/><D103/><U135/><E131/><V126/><F126/><W48/><G28/><T84/><D89/><U117/><E135/><V109/><F109/><W38/><G38/><T87/><D87/><U132/><E132/><V31/><F7/><W130/><G130/><T114/><D84/><U6/><E6/><V18/><REACH who="2" step="1"/><F13/><REACH who="2" ten="205,215,213,357" step="2"/><W62/><G15/><T32/><D114/><U133/><E133/><V107/><F107/><W36/><G93/><T16/><D75/><U59/><E117/><V90/><F90/><W30/><G95/><T22/><D72/><U115/><E115/><V9/><F9/><W14/><G14/><T35/><D105/><U77/><E77/><V64/><F64/><W124/><G124/><T92/><D92/><U127/><E127/><V2/><F2/><W54/><G10/><T67/><D80/><U82/><E82/><V85/><AGARI ba="0,1" hai="17,18,20,25,31,42,47,49,85,88,94,99,102,104" machi="85" ten="20,12000,2" yaku="1,1,0,1,7,1,52,1,54,1,53,1" doraHai="40" doraHaiUra="41" who="2" fromWho="2" sc="205,-30,215,-30,213,130,357,-60" /><INIT seed="4,0,0,3,4,129" ten="175,185,343,297" oya="0" hai0="21,99,41,36,83,44,120,9,10,114,75,66,32" hai1="89,125,86,126,54,94,85,42,47,65,101,104,74" hai2="58,121,7,112,20,113,84,110,131,115,87,45,105" hai3="24,93,14,23,71,49,68,52,3,38,102,56,91"/><T18/><D120/><U39/><E65/><V19/><F105/><W6/><G3/><T33/><D66/><U130/><E74/><V64/><F121/><W92/><G38/><T50/><D114/><U123/><E123/><V77/><F131/><W27/><G102/><T48/><D99/><U1/><E1/><V12/><F110/><W35/><G35/><T90/><D33/><U13/><E130/><V95/><F77/><W62/><G93/><T70/><D70/><U103/><E104/><V111/><F111/><W79/><G79/><T8/><D32/><U29/><E29/><V55/><F95/><W118/><G118/><T81/><D75/><U5/><E85/><V34/><F34/><W26/><G62/><T116/><D116/><U96/><E54/><V69/><F45/><W30/><G30/><T124/><D124/><N who="1" m="47723" /><E96/><V98/><F98/><W109/><G109/><T53/><D90/><U61/><E61/><N who="2" m="40079" /><F7/><W67/><G67/><T46/><REACH who="0" step="1"/><D36/><REACH who="0" ten="165,185,343,297" step="2"/><U63/><E39/><V73/><F73/><W128/><G128/><T43/><D43/><U134/><E42/><V97/><F97/><N who="3" m="57503" /><G71/><T60/><D60/><AGARI ba="0,1" hai="12,19,20,55,58,60,84,87,112,113,115" m="40079" machi="60" ten="30,1000,0" yaku="15,1" doraHai="129" who="2" fromWho="0" sc="165,-10,185,0,343,20,297,0" /><INIT seed="5,0,0,3,4,58" ten="155,185,363,297" oya="1" hai0="129,76,4,133,102,109,71,69,2,79,74,27,55" hai1="49,46,19,47,33,119,103,29,30,110,16,94,87" hai2="34,70,32,8,48,65,117,128,130,111,26,78,125" hai3="44,64,51,135,10,108,82,95,96,9,59,3,43"/><U105/><E119/><V77/><F117/><W41/><G108/><T21/><D109/><U127/><E105/><V123/><F111/><W126/><G135/><T132/><D102/><U114/><E110/><V36/><F36/><W17/><G126/><T86/><D74/><U61/><E127/><V6/><F125/><W120/><G120/><T83/><D129/><N who="2" m="49770" /><F123/><W37/><G3/><T40/><D40/><U131/><E33/><N who="2" m="12907" /><F26/><W35/><G35/><T24/><D79/><U85/><E131/><V118/><F118/><W18/><G82/><T13/><D2/><U56/><E114/><V67/><F48/><W54/><G41/><T73/><D73/><U12/><E49/><V100/><F100/><W93/><G93/><T84/><D84/><N who="1" m="32331" /><E103/><V90/><F90/><W57/><G17/><N who="1" m="6730" /><E12/><N who="2" m="5143" /><F70/><W63/><REACH who="3" step="1"/><G18/><REACH who="3" ten="155,185,363,287" step="2"/><T14/><D133/><U112/><E94/><V116/><F116/><W89/><AGARI ba="0,1" hai="9,10,37,43,44,51,54,57,59,63,64,89,95,96" machi="89" ten="20,8000,1" yaku="1,1,2,1,0,1,7,1,52,1,53,0" doraHai="58" doraHaiUra="66" who="3" fromWho="3" sc="155,-20,185,-40,363,-20,287,90" /><INIT seed="6,0,0,0,0,3" ten="135,145,343,377" oya="2" hai0="116,26,49,4,88,84,85,114,89,111,44,74,43" hai1="134,18,37,11,21,42,30,110,15,60,10,17,39" hai2="57,16,53,23,113,81,50,8,106,28,94,78,125" hai3="55,1,135,35,51,75,5,71,96,69,48,20,107"/><V64/><F106/><W41/><G35/><T121/><D121/><U32/><E110/><V131/><F131/><W19/><G75/><T72/><D111/><U70/><E42/><V2/><F125/><W101/><G135/><T6/><D116/><U87/><E134/><V105/><F105/><W117/><G117/><T67/><D67/><U90/><E32/><V25/><F113/><W31/><G31/><T95/><D114/><U7/><E30/><V27/><F64/><W79/><G79/><T58/><D26/><U61/><E70/><V97/><F2/><W100/><G100/><T14/><D58/><U119/><E39/><V66/><F66/><W36/><G36/><T82/><D74/><U83/><E37/><V109/><F109/><W77/><G77/><T33/><D33/><U103/><E103/><V115/><F115/><W12/><G41/><T73/><D72/><U104/><E104/><V40/><F40/><W47/><G51/><T91/><D73/><U24/><REACH who="1" step="1"/><E119/><REACH who="1" ten="135,135,343,377" step="2"/><V59/><F28/><W34/><G34/><T86/><REACH who="0" step="1"/><D14/><AGARI ba="0,1" hai="7,10,11,14,15,17,18,21,24,60,61,83,87,90" machi="14" ten="30,8000,1" yaku="1,1,2,1,7,1,8,1,52,1,53,0" doraHai="3" doraHaiUra="63" who="1" fromWho="0" sc="135,-80,135,90,343,0,377,0" /><INIT seed="7,0,0,5,1,104" ten="55,225,343,377" oya="3" hai0="54,47,16,13,96,17,130,135,26,83,10,19,94" hai1="117,6,1,103,126,11,34,120,127,23,46,62,14" hai2="87,36,4,61,119,97,105,134,113,91,112,57,32" hai3="38,89,110,108,71,107,101,28,116,72,84,70,64"/><W22/><G116/><T79/><D130/><U86/><E120/><V37/><F32/><W68/><G72/><T3/><D3/><U43/><E117/><V60/><F119/><W35/><G38/><N who="2" m="14953" /><F4/><W85/><G22/><T51/><D135/><U111/><E111/><N who="3" m="42538" /><G64/><T74/><D26/><U12/><E103/><V69/><F97/><N who="3" m="61871" /><G89/><T95/><D95/><U102/><E102/><V30/><F105/><W90/><G90/><T9/><D9/><U44/><E86/><V50/><F30/><W39/><G39/><T131/><D131/><U0/><E43/><V29/><F29/><W45/><G45/><T115/><D115/><N who="2" m="44106" /><F91/><W92/><G92/><T66/><D66/><U67/><E34/><V58/><F87/><W122/><G122/><T82/><D82/><U21/><E67/><N who="2" m="41199" /><F134/><W114/><G114/><T65/><D65/><U133/><E133/><V56/><F50/><W123/><G123/><T8/><D8/><U75/><E11/><V53/><AGARI ba="0,0" hai="53,56,57,58,60" m="41199,44106,14953" machi="53" ten="30,4000,0" yaku="15,1,34,2" doraHai="104" who="2" fromWho="2" sc="55,-10,225,-10,343,40,377,-20" owari="45,-45.0,215,-18.0,383,47.0,357,16.0" /></mjloggm>