<mjloggm ver="2.3"><GO type="97"/><UN n0="%E6%B2%B3%E5%90%88%E6%B0%8F" n1="%E3%83%89%E3%83%93%E3%83%BC" n2="%E9%A7%84%E7%9B%AE%E3%81%A0%E3%81%93%E3%82%8A%E3%82%83" n3="%EF%BC%88%E2%89%A7%E2%96%BD%E2%89%A6%EF%BC%89" dan="14,14,13,15" rate="1956,1977,1972,1995" sx="M,M,M,M"/><TAIKYOKU oya="0"/><INIT seed="0,0,0,1,3,107" ten="250,250,250,250" oya="0" hai0="58,115,72,24,69,33,31,29,19,102,73,68,66" hai1="120,81,30,38,110,134,54,44,25,27,117,94,42" hai2="67,20,100,36,22,93,121,112,123,7,95,70,84" hai3="119,113,1,76,125,114,52,6,71,126,4,96,80"/><T129/><D115/><N who="3" m="44041" /><G119/><T131/><D102/><U99/><E117/><V21/><F36/><W11/><G71/><N who="0" m="27211" /><D19/><U59/><E110/><V118/><F112/><W48/><G96/><T79/><D79/><U34/><E120/><V45/><F118/><W46/><G11/><T32/><D58/><U23/><E134/><V130/><F7/><W35/><G35/><N who="0" m="20903" /><D66/><U135/><E81/><V41/><F130/><N who="0" m="49674" /><D31/><U75/><E75/><AGARI ba="0,0" hai="32,33,72,73,75" m="49674,20903,27211" machi="75" ten="40,12000,1" yaku="19,1,23,1,52,3" doraHai="107" who="0" fromWho="1" sc="250,120,250,-120,250,0,250,0" /><INIT seed="0,1,0,1,4,10" ten="370,130,250,250" oya="0" hai0="103,41,67,101,12,28,76,86,49,95,98,40,38" hai1="11,116,27,113,91,50,18,106,4,55,48,125,111" hai2="31,34,58,73,94,64,16,0,39,119,35,71,100" hai3="92,32,61,15,17,107,97,43,63,79,37,135,21"/><T66/><D38/><U105/><E116/><V104/><F119/><W121/><G121/><T127/><D127/><U56/><E125/><V82/><F39/><W122/><G122/><T123/><D123/><U54/><E106/><V6/><F71/><W65/><G135/><T87/><D28/><U62/><E105/><V89/><F104/><W131/><G131/><T60/><D103/><U128/><E113/><V114/><F114/><W77/><G107/><T13/><D66/><U130/><E128/><V29/><F100/><W117/><G117/><T90/><D76/><U45/><E130/><V19/><F73/><W80/><G32/><T69/><D87/><U93/><E111/><V118/><F118/><W109/><G109/><T84/><D84/><U96/><E50/><V53/><F64/><W99/><G99/><T46/><REACH who="0" step="1"/><D40/><REACH who="0" ten="360,130,250,250" step="2"/><U72/><E72/><V102/><F102/><W120/><G120/><T134/><D134/><U3/><E3/><V36/><F36/><W24/><G79/><T26/><D26/><U20/><REACH who="1" step="1"/><E11/><REACH who="1" ten="360,120,250,250" step="2"/><V75/><F75/><W68/><G37/><T22/><D22/><U33/><E33/><V9/><F35/><W23/><G21/><T42/><D42/><U115/><E115/><V2/><F34/><W8/><G43/><T126/><D126/><U25/><E25/><V44/><F0/><W7/><G24/><T51/><D51/><U47/><E47/><V78/><F44/><W108/><G23/><T132/><D132/><U83/><E83/><AGARI ba="1,2" hai="12,13,41,46,49,60,67,69,83,86,90,95,98,101" machi="83" ten="30,11600,0" yaku="1,1,7,1,52,2,53,0" doraHai="10" doraHaiUra="30" who="0" fromWho="1" sc="360,139,120,-119,250,0,250,0" /><INIT seed="0,2,0,3,1,91" ten="499,1,250,250" oya="0" hai0="66,50,117,70,58,7,57,114,98,79,3,5,61" hai1="111,103,30,89,32,13,48,71,102,2,62,129,1" hai2="83,11,101,93,56,69,81,110,26,119,113,18,53" hai3="27,107,130,63,109,92,31,15,124,123,40,52,64"/><T33/><D117/><U42/><E111/><V118/><F110/><W12/><G109/><T19/><D33/><U38/><E129/><V45/><F69/><W112/><G107/><T55/><D114/><U100/><E38/><V131/><F113/><W87/><G112/><T8/><D79/><U36/><E36/><V133/><F131/><W90/><G130/><T80/><D80/><U39/><E39/><V122/><F122/><W120/><G124/><T68/><D7/><U106/><E106/><V75/><F133/><W125/><G125/><T14/><D98/><U115/><E115/><V37/><F75/><W127/><G40/><T24/><D24/><U35/><E35/><V97/><F37/><W74/><G74/><T22/><AGARI ba="2,0" hai="3,5,8,14,19,22,50,55,57,58,61,66,68,70" machi="22" ten="20,2100,0" yaku="0,1,7,1" doraHai="91" who="0" fromWho="0" sc="499,27,1,-9,250,-9,250,-9" owari="526,63.0,-8,-51.0,241,4.0,241,-16.0" /></mjloggm>