<mjloggm ver="2.3"><GO type="169" lobby="0"/><UN n0="%E3%80%93%E6%9D%BE%E4%BA%95%EF%BC%A3%EF%BC%B3%E3%80%93" n1="%EF%BC%88%E2%89%A7%E2%96%BD%E2%89%A6%EF%BC%89" n2="%EF%BC%BC%28%EF%BC%BE%6F%EF%BC%BE%29%EF%BC%8F%E2%98%85" n3="%E3%81%AD%E3%82%8A%E3%82%B4%E3%83%9E" dan="18,17,17,16" rate="2220.07,2164.55,2134.72,2124.71" sx="M,M,M,M"/><TAIKYOKU oya="0"/><INIT seed="0,0,0,1,4,41" ten="250,250,250,250" oya="0" hai0="103,66,74,85,1,76,25,57,4,39,135,88,93" hai1="10,104,98,115,83,96,19,53,127,16,48,126,5" hai2="33,108,119,52,79,77,2,102,80,99,31,73,92" hai3="9,27,86,36,70,72,17,87,105,40,90,26,129"/><T133/><D39/><U23/><E83/><V100/><F2/><W130/><G70/><T134/><D1/><N who="1" m="303" /><E115/><V65/><F65/><W78/><G105/><T7/><D103/><N who="1" m="62567" /><E23/><V75/><F31/><W62/><G62/><N who="0" m="38223" /><D25/><U64/><E98/><V58/><F33/><W97/><G97/><T51/><D51/><U63/><E63/><V43/><F119/><W0/><G72/><T122/><D122/><U15/><E15/><V101/><F79/><W34/><G78/><T123/><D123/><U35/><E64/><V56/><F73/><W121/><G121/><T71/><D71/><U107/><E35/><V21/><F101/><W59/><G34/><T118/><D118/><U81/><E107/><V110/><F102/><W116/><G116/><T84/><D74/><U3/><E3/><V91/><F100/><W113/><G113/><T24/><D24/><U20/><E20/><V14/><F21/><W68/><G27/><T38/><D38/><U106/><E106/><V50/><F14/><W42/><G36/><T114/><D114/><U49/><E49/><V82/><F75/><W60/><G26/><T18/><D18/><U94/><E19/><V120/><F120/><W128/><G17/><T46/><D46/><U37/><E16/><V131/><F58/><W28/><G28/><T8/><D8/><U112/><E37/><V11/><F11/><W61/><G9/><T117/><D117/><U47/><E112/><V55/><F56/><W13/><G0/><T32/><D32/><U111/><E48/><V132/><F50/><W44/><G129/><T30/><D30/><RYUUKYOKU ba="0,0" sc="250,30,250,-10,250,-10,250,-10" hai0="4,7,76,84,85,88,93,133,134,135" /><INIT seed="0,1,0,5,3,11" ten="280,240,240,240" oya="0" hai0="51,94,87,27,82,49,85,41,110,21,15,13,7" hai1="64,125,3,16,134,34,24,81,23,10,14,106,126" hai2="109,25,44,102,100,113,40,114,67,122,37,55,22" hai3="39,103,19,12,96,4,43,65,101,53,123,52,118"/><T116/><D116/><U17/><E106/><V99/><F122/><W47/><G118/><T2/><D2/><U0/><E134/><V46/><F67/><W33/><G33/><T105/><D105/><U124/><E64/><V61/><F109/><W104/><G101/><T58/><D7/><U77/><REACH who="1" step="1"/><E34/><REACH who="1" ten="280,230,240,240" step="2"/><V88/><F113/><W26/><G123/><T120/><D120/><U97/><E97/><V83/><F114/><W32/><G65/><T131/><D110/><U119/><E119/><V62/><F99/><W54/><G32/><T20/><D131/><U8/><E8/><V50/><F102/><W111/><G111/><T135/><D135/><U128/><E128/><V18/><F100/><W107/><G107/><T79/><D21/><U95/><E95/><V48/><F37/><W31/><G4/><T89/><D58/><U71/><E71/><V66/><F66/><W36/><G36/><T130/><D130/><U84/><AGARI ba="1,1" hai="0,3,10,14,16,17,23,24,77,81,84,124,125,126" machi="84" ten="30,8000,1" yaku="1,1,0,1,18,1,52,1,54,1,53,0" doraHai="11" doraHaiUra="121" who="1" fromWho="1" sc="280,-41,230,93,240,-21,240,-21" /><INIT seed="1,0,0,0,2,126" ten="239,323,219,219" oya="1" hai0="123,83,42,18,131,66,14,62,72,122,52,31,124" hai1="44,128,32,135,58,107,35,45,43,70,109,51,90" hai2="121,21,117,97,33,6,92,30,127,9,116,12,3" hai3="87,115,4,41,96,86,82,95,7,39,78,73,89"/><U79/><E70/><V76/><F127/><W67/><G115/><T125/><D42/><U48/><E107/><V71/><F71/><W108/><G67/><T1/><D1/><U26/><E79/><V49/><F121/><N who="0" m="46090" /><D31/><U74/><E74/><V8/><F76/><W111/><G41/><T59/><D131/><U104/><E104/><V10/><F49/><W120/><G39/><T19/><D72/><U22/><E128/><V50/><F50/><W28/><G28/><T34/><D34/><U2/><E2/><V65/><F65/><W29/><G29/><T63/><D83/><U75/><E75/><V91/><F10/><W46/><G46/><T40/><D40/><U27/><E43/><V119/><F119/><W133/><G120/><T98/><D98/><U99/><E99/><V102/><F9/><W55/><G55/><T132/><D19/><U88/><E58/><V56/><F56/><W36/><G36/><T17/><D18/><U54/><E54/><V38/><F38/><W68/><G68/><N who="0" m="42071" /><D132/><U80/><E80/><V60/><F60/><W94/><G133/><T112/><D112/><U110/><REACH who="1" step="1"/><E22/><AGARI ba="0,0" hai="14,17,22,52,59,63,124,125" m="42071,46090" machi="22" ten="30,2000,0" yaku="13,1,54,1" doraHai="126" who="0" fromWho="1" sc="239,20,323,-20,219,0,219,0" /><INIT seed="2,0,0,4,1,134" ten="259,303,219,219" oya="2" hai0="135,79,88,11,43,32,130,91,38,37,123,24,46" hai1="36,74,75,67,15,81,109,5,93,21,115,19,33" hai2="34,64,56,25,53,2,98,87,70,7,78,48,128" hai3="71,16,96,133,127,28,122,35,26,18,118,73,83"/><V126/><F128/><W54/><G118/><T112/><D123/><U4/><E115/><V30/><F98/><W6/><G122/><T13/><D112/><U124/><E36/><V63/><F2/><W62/><G133/><T114/><D114/><U47/><E33/><V22/><F7/><W84/><G73/><T66/><D38/><U103/><E67/><V82/><REACH who="2" step="1"/><F34/><REACH who="2" ten="259,303,209,219" step="2"/><W99/><G6/><T14/><D32/><U60/><E4/><V41/><F41/><W108/><G96/><T57/><D43/><U23/><E5/><V102/><F102/><W77/><G99/><T39/><D130/><U59/><E103/><V95/><F95/><W92/><G92/><T107/><D135/><U31/><E93/><V49/><F49/><W94/><G94/><T20/><D39/><U61/><E61/><V27/><F27/><W58/><G35/><T90/><D24/><U89/><E60/><V100/><F100/><W97/><G97/><T12/><D37/><U119/><E119/><V68/><F68/><W116/><G71/><T76/><D13/><U10/><E15/><V51/><F51/><W113/><G116/><T111/><D14/><U55/><E81/><V0/><F0/><W3/><G3/><T1/><D1/><U129/><E129/><V72/><F72/><W110/><G113/><T131/><D131/><U120/><E74/><V29/><F29/><W121/><G121/><T44/><D12/><U9/><E75/><V101/><F101/><W17/><G28/><T69/><D69/><U42/><E31/><V80/><F80/><W132/><G83/><RYUUKYOKU ba="0,1" sc="259,-10,303,-10,209,30,219,-10" hai2="22,25,30,48,53,56,63,64,70,78,82,87,126" /><INIT seed="2,1,1,0,5,13" ten="249,293,239,209" oya="2" hai0="12,87,35,58,121,112,82,63,38,55,32,111,0" hai1="83,17,29,129,93,64,11,24,70,18,127,47,113" hai2="122,69,85,10,77,36,101,3,100,76,50,116,91" hai3="88,40,90,98,74,109,25,104,119,102,14,31,56"/><V124/><F36/><W52/><G119/><T123/><D0/><U53/><E113/><V72/><F69/><W97/><G74/><T96/><D112/><U22/><E129/><V9/><F116/><W6/><G40/><T60/><D38/><U67/><E127/><V43/><F122/><W65/><G65/><N who="1" m="25162" /><E70/><V117/><F117/><W33/><G109/><T37/><D37/><U20/><E83/><N who="2" m="49599" /><F3/><W108/><G108/><T79/><D111/><U120/><E120/><V2/><F2/><W39/><G39/><T126/><D126/><U99/><E11/><N who="2" m="4107" /><F72/><W27/><G6/><T21/><D35/><U81/><E81/><V51/><F124/><W23/><G14/><T49/><D32/><U57/><E47/><N who="2" m="25983" /><F51/><W30/><G97/><T28/><D123/><U95/><E99/><V54/><F54/><W89/><G90/><T131/><D131/><U1/><E1/><V132/><F132/><W19/><G31/><T118/><D118/><U71/><E71/><V78/><AGARI ba="1,1" hai="76,77,78,100,101" m="25983,4107,49599" machi="78" ten="30,1500,0" yaku="8,1" doraHai="13" who="2" fromWho="2" sc="249,-6,293,-6,239,28,209,-6" /><INIT seed="2,2,0,2,4,103" ten="243,287,267,203" oya="2" hai0="135,127,94,77,87,48,84,115,4,62,69,38,71" hai1="73,91,39,34,79,20,105,96,40,109,19,16,134" hai2="1,131,13,74,28,117,50,107,33,41,5,111,85" hai3="130,21,14,118,68,6,42,51,31,99,58,17,3"/><V45/><F117/><W7/><G118/><T24/><D38/><U47/><E34/><V26/><F74/><W35/><G68/><T70/><D115/><U113/><E113/><V98/><F131/><W11/><G130/><T97/><D4/><U61/><E134/><V108/><F1/><W129/><G129/><T12/><D127/><U53/><E109/><N who="2" m="42059" /><F85/><W9/><G99/><T55/><D135/><U83/><E20/><V49/><F49/><W90/><G90/><T80/><D87/><U121/><E121/><V119/><F119/><W76/><G76/><T101/><D12/><U120/><E120/><V72/><F72/><W32/><G58/><T67/><D24/><U60/><E60/><V63/><F63/><W30/><G42/><T59/><AGARI ba="2,0" hai="48,55,59,62,67,69,70,71,77,80,84,94,97,101" machi="59" ten="20,1500,0" yaku="0,1,7,1" doraHai="103" who="0" fromWho="0" sc="243,21,287,-6,267,-9,203,-6" /><INIT seed="3,0,0,4,3,101" ten="264,281,258,197" oya="3" hai0="6,57,48,1,31,96,26,10,95,66,133,13,62" hai1="56,49,53,12,125,111,45,72,44,102,94,29,7" hai2="127,20,90,88,126,108,19,105,55,69,131,46,5" hai3="107,63,82,14,9,51,22,34,65,58,40,106,113"/><W85/><G113/><T73/><D133/><U132/><E72/><V103/><F69/><W83/><G34/><T110/><D110/><U79/><E79/><V15/><F108/><W81/><G22/><T33/><D73/><U121/><E121/><V112/><F112/><W130/><G130/><T25/><D25/><U70/><E70/><V27/><F131/><W11/><G85/><T52/><D1/><U117/><E117/><V28/><F5/><W87/><G87/><T120/><D120/><U60/><E132/><V119/><F119/><W134/><G134/><T2/><D2/><U128/><E128/><V35/><F55/><W64/><G64/><T67/><REACH who="0" step="1"/><D62/><REACH who="0" ten="254,281,258,197" step="2"/><U98/><E111/><V8/><F27/><W37/><G37/><T77/><D77/><U47/><E125/><V24/><F127/><W92/><G92/><T39/><D39/><U68/><E60/><V0/><F126/><W3/><G3/><T17/><D17/><U16/><E7/><V80/><F0/><W109/><G109/><T122/><D122/><U32/><E29/><V84/><F28/><W50/><G50/><T116/><D116/><U4/><E4/><V118/><F118/><W18/><REACH who="3" step="1"/><G11/><REACH who="3" ten="254,281,258,187" step="2"/><T38/><D38/><U43/><E49/><V42/><F8/><W74/><G74/><T61/><D61/><U54/><E32/><V124/><F35/><W30/><G30/><T89/><AGARI ba="0,2" hai="6,10,13,26,31,33,48,52,57,66,67,89,95,96" machi="89" ten="20,5200,0" yaku="1,1,0,1,7,1,54,1,53,0" doraHai="101" doraHaiUra="100" who="0" fromWho="0" sc="254,72,281,-13,258,-13,187,-26" /><INIT seed="4,0,0,2,5,28" ten="326,268,245,161" oya="0" hai0="26,130,57,82,25,41,66,40,89,123,54,119,43" hai1="13,7,118,0,33,21,60,73,17,59,135,76,69" hai2="99,52,105,1,34,51,45,3,124,127,78,4,55" hai3="56,36,27,96,15,104,74,12,6,49,83,79,32"/><T110/><D119/><U88/><E118/><V9/><F1/><W38/><G12/><T112/><D123/><U97/><E69/><V50/><F78/><W31/><G56/><T111/><D112/><U131/><E131/><V22/><F22/><W24/><G49/><T2/><D2/><U14/><E135/><V30/><F99/><W48/><G48/><T19/><D66/><U129/><E129/><V23/><F23/><W86/><G86/><N who="0" m="50391" /><D130/><U121/><E121/><V75/><F105/><W53/><G53/><T16/><D111/><U80/><E0/><V134/><F75/><W10/><G24/><N who="0" m="9323" /><D110/><U128/><E128/><V63/><F134/><W102/><AGARI ba="0,0" hai="6,10,15,27,31,32,36,38,74,79,83,96,102,104" machi="102" ten="30,2000,0" yaku="0,1,52,1" doraHai="28" who="3" fromWho="3" sc="326,-10,268,-5,245,-5,161,20" /><INIT seed="5,0,0,5,2,128" ten="316,263,240,181" oya="1" hai0="39,7,95,133,38,134,109,81,9,82,59,77,56" hai1="18,21,4,123,125,63,100,132,61,46,117,27,28" hai2="91,6,30,108,20,106,22,113,40,14,89,84,34" hai3="33,111,13,12,53,47,42,79,112,65,122,44,51"/><U96/><E123/><V101/><F108/><W24/><G111/><T3/><D109/><U69/><E117/><V43/><F34/><W58/><G122/><T97/><D39/><U45/><E125/><V83/><F113/><W11/><G112/><T49/><D38/><U1/><E1/><V29/><F101/><W37/><G79/><T66/><D66/><U17/><E4/><V31/><F106/><W93/><G65/><T10/><D10/><U105/><E132/><N who="0" m="50793" /><D49/><U55/><E69/><V78/><F22/><W73/><G73/><N who="0" m="43183" /><D82/><U23/><E61/><V35/><F83/><W48/><G48/><T130/><D130/><U50/><E63/><V121/><F121/><W126/><G51/><T102/><AGARI ba="0,0" hai="3,7,9,56,59,95,97,102" m="43183,50793" machi="102" ten="30,7900,0" yaku="20,1,52,3" doraHai="128" who="0" fromWho="0" sc="316,79,263,-39,240,-20,181,-20" /><INIT seed="6,0,0,2,0,111" ten="395,224,220,161" oya="2" hai0="62,115,91,8,133,128,21,114,102,30,73,113,12" hai1="32,63,125,103,23,25,120,118,44,104,36,18,28" hai2="106,107,9,47,135,105,41,7,46,27,127,64,110" hai3="61,90,99,86,74,109,126,58,68,119,10,83,75"/><V24/><F110/><W15/><G109/><T112/><D112/><U82/><E118/><V77/><F135/><W116/><G68/><T13/><D133/><U98/><E120/><V81/><F64/><W55/><G126/><T121/><D128/><U40/><E125/><V52/><F127/><W124/><G124/><T134/><D134/><U65/><E82/><V97/><F97/><W0/><G0/><T96/><D121/><U66/><E63/><V85/><F52/><W1/><G1/><T56/><D91/><U31/><E31/><V6/><F47/><W38/><G38/><T89/><D89/><U22/><E32/><V122/><F122/><W5/><G116/><T29/><D73/><U79/><E79/><V17/><F17/><W84/><G119/><T14/><D21/><U101/><E103/><V71/><F71/><W57/><G99/><T129/><D8/><U26/><AGARI ba="0,0" hai="18,22,23,25,26,28,36,40,44,65,66,98,101,104" machi="26" ten="20,1500,0" yaku="0,1,7,1" doraHai="111" who="1" fromWho="1" sc="395,-4,224,15,220,-7,161,-4" /><INIT seed="7,0,0,0,4,88" ten="391,239,213,157" oya="3" hai0="36,83,37,9,8,112,22,39,13,12,106,130,119" hai1="52,79,64,76,57,84,11,121,27,46,23,85,32" hai2="4,31,17,61,87,117,122,42,74,7,123,103,118" hai3="25,70,134,5,107,53,38,49,89,43,135,94,59"/><W10/><G107/><T78/><D119/><U126/><E32/><V67/><F74/><W62/><G25/><T99/><D22/><U73/><E121/><N who="2" m="46091" /><F31/><W132/><G70/><T91/><D130/><U58/><E73/><V19/><F42/><W45/><G10/><T66/><D66/><U24/><E126/><V60/><F87/><N who="1" m="33353" /><E11/><V15/><F103/><W125/><G5/><N who="2" m="2121" /><F15/><W41/><G125/><T77/><D39/><U93/><E93/><V96/><F96/><W92/><REACH who="3" step="1"/><G89/><REACH who="3" ten="391,239,213,147" step="2"/><T50/><D91/><U63/><E27/><V40/><F118/><W51/><G51/><T33/><D50/><N who="1" m="28759" /><E57/><N who="2" m="37263" /><F117/><W44/><AGARI ba="0,1" hai="38,41,43,44,45,49,53,59,62,92,94,132,134,135" machi="44" ten="40,12000,1" yaku="1,1,0,1,20,1,52,2,53,0" doraHai="88" doraHaiUra="116" who="3" fromWho="3" sc="391,-40,239,-40,213,-40,147,130" /><INIT seed="7,1,0,4,2,57" ten="351,199,173,277" oya="3" hai0="132,49,74,94,7,39,72,28,64,30,15,73,129" hai1="37,117,10,25,1,4,47,36,89,119,79,88,5" hai2="13,127,66,11,0,85,109,6,92,95,67,103,93" hai3="8,19,116,35,125,124,84,34,102,97,21,55,53"/><W81/><G116/><N who="1" m="44618" /><E79/><V82/><F109/><W58/><G8/><T56/><D39/><N who="1" m="14923" /><E5/><V131/><F127/><N who="3" m="48715" /><G55/><T59/><D74/><U86/><E47/><V120/><F131/><W128/><G128/><T80/><D73/><U2/><E25/><V71/><F120/><W99/><G84/><T14/><D80/><N who="1" m="49223" /><E89/><V106/><F0/><AGARI ba="1,0" hai="0,1,2,4,10" m="49223,14923,44618" machi="0" ten="30,2000,0" yaku="12,1,54,1" doraHai="57" who="1" fromWho="2" sc="351,0,199,23,173,-23,277,0" owari="351,45.0,222,-18.0,150,-35.0,277,8.0" /></mjloggm>