<mjloggm ver="2.3"><GO type="225"/><UN n0="%E3%81%A9%E3%81%86%E3%81%9F%E3%81%AC%E3%81%8D%EF%BC%8D%EF%BC%91" n1="%E3%82%AA%E3%83%8A%E3%82%AD%E3%83%B3" n2="%EF%BC%88%E2%89%A7%E2%96%BD%E2%89%A6%EF%BC%89" n3="%E3%82%B4%E3%83%9F%E3%82%AF%E3%82%BA%E4%B8%83%E6%AE%B5" dan="18,16,16,16" rate="2226,2121,2036,2170" sx="M,F,M,F"/><TAIKYOKU oya="0"/><INIT seed="0,0,0,4,0,110" ten="250,250,250,250" oya="0" hai0="21,86,103,68,40,42,93,33,53,6,107,13,85" hai1="112,60,121,31,10,118,35,57,117,65,74,122,61" hai2="87,126,108,22,49,18,72,55,113,96,115,114,4" hai3="76,29,24,62,69,99,44,123,91,34,127,7,109"/><T129/><D33/><U12/><E74/><V135/><F72/><W15/><G109/><T104/><D68/><N who="1" m="42023" /><E31/><V88/><F108/><W77/><G127/><T130/><D53/><N who="1" m="33967" /><E12/><V1/><F96/><W71/><G123/><N who="1" m="47114" /><E10/><V116/><F4/><W81/><G44/><T105/><D103/><U92/><E92/><V111/><F1/><W67/><G71/><T94/><D21/><U19/><E19/><V17/><F111/><W23/><G7/><T11/><D94/><U70/><E35/><V0/><F0/><W38/><G38/><T46/><D93/><U82/><E82/><V125/><F116/><N who="1" m="44649" /><E70/><V59/><F135/><W128/><G99/><T83/><D86/><U132/><E132/><V2/><F2/><W37/><G91/><T43/><REACH who="0" step="1"/><D46/><REACH who="0" ten="240,250,250,250" step="2"/><U56/><E56/><V52/><F22/><W51/><G34/><T131/><D131/><U26/><E26/><V133/><F133/><W78/><G128/><T32/><D32/><U8/><E8/><V14/><F59/><W58/><G24/><T41/><N who="0" m="10752" /><DORA hai="64" /><T80/><D80/><U73/><E73/><V106/><F87/><W25/><G81/><T95/><D95/><U119/><N who="1" m="44657" /><U66/><DORA hai="84" /><E66/><V5/><F106/><W28/><G25/><T16/><D16/><U63/><E63/><V36/><F18/><W20/><G23/><T50/><D50/><U45/><E45/><V39/><F49/><W54/><G20/><T75/><D75/><U79/><E79/><AGARI ba="0,1" hai="6,11,13,79,83,85,104,105,107,129,130" m="10752" machi="79" ten="60,12000,1" yaku="1,1,53,3" doraHai="110,64,84" doraHaiUra="9,97,124" who="0" fromWho="1" sc="240,130,250,-120,250,0,250,0" /><INIT seed="0,1,0,1,5,32" ten="370,130,250,250" oya="0" hai0="13,103,126,113,55,112,80,115,59,90,35,92,134" hai1="116,91,27,122,107,95,119,53,124,38,83,56,65" hai2="130,51,2,121,98,34,39,129,6,81,77,72,67" hai3="69,84,93,1,133,8,52,105,131,17,14,49,76"/><T120/><D35/><U87/><E122/><V97/><F121/><W16/><G105/><T22/><D120/><U125/><E107/><V79/><F34/><W57/><G69/><T48/><D103/><U19/><E38/><V132/><F132/><W7/><G133/><T86/><D134/><U5/><E5/><V25/><F39/><W102/><G131/><N who="2" m="50185" /><F67/><W15/><G102/><T71/><D71/><U110/><E110/><V3/><F25/><W61/><G76/><T29/><D126/><N who="1" m="48747" /><E65/><V21/><F21/><N who="3" m="11415" /><G61/><T68/><D68/><U114/><E114/><V45/><F77/><W123/><G123/><T47/><D80/><U118/><E83/><V4/><F6/><W31/><G31/><T44/><D29/><U109/><E109/><V96/><F4/><W30/><G30/><T75/><D75/><U64/><E64/><V33/><F33/><W43/><G43/><AGARI ba="1,0" hai="2,3,43,45,51,72,79,81,96,97,98" m="50185" machi="43" ten="30,3900,0" yaku="19,1,52,2" doraHai="32" who="2" fromWho="3" sc="370,0,130,0,250,42,250,-42" /><INIT seed="1,0,0,3,5,43" ten="370,130,292,208" oya="1" hai0="10,64,25,94,127,104,122,55,109,110,82,24,29" hai1="112,39,83,3,62,79,106,66,49,32,8,70,71" hai2="23,81,125,51,77,135,113,36,108,44,15,133,56" hai3="68,117,47,98,100,92,28,33,87,124,114,130,46"/><U17/><E112/><V85/><F113/><W86/><G68/><T14/><D104/><U59/><E32/><V31/><F125/><W40/><G114/><T16/><D64/><U54/><E106/><V30/><F36/><W18/><G124/><T121/><D82/><U103/><E103/><V116/><F116/><W126/><G126/><T78/><D78/><U80/><E39/><V34/><F56/><W50/><G117/><T105/><D105/><U115/><E115/><V128/><F128/><W84/><G130/><T48/><D94/><U95/><E95/><V57/><F57/><W120/><G120/><N who="0" m="46187" /><D127/><U6/><E70/><V111/><F34/><W42/><G18/><T45/><D25/><U76/><E17/><N who="2" m="10687" /><F30/><W72/><G72/><T21/><AGARI ba="0,0" hai="10,14,16,21,24,29,45,48,55,109,110" m="46187" machi="21" ten="30,4000,0" yaku="13,1,52,1,54,1" doraHai="43" who="0" fromWho="0" sc="370,40,130,-20,292,-10,208,-10" /><INIT seed="2,0,0,4,2,79" ten="410,110,282,198" oya="2" hai0="123,73,51,121,11,64,17,71,42,89,24,135,15" hai1="58,34,103,83,130,40,16,112,87,95,47,44,78" hai2="65,8,114,127,12,75,124,69,68,3,82,18,31" hai3="77,28,38,101,129,107,94,37,109,111,7,54,14"/><V125/><F114/><W1/><G1/><T57/><D73/><U61/><E112/><V5/><F31/><W106/><G129/><T53/><D135/><U113/><E113/><V100/><F100/><W49/><G28/><T60/><D89/><U76/><E130/><V19/><F65/><W97/><G77/><T99/><D99/><U116/><E116/><V59/><F59/><W67/><G67/><T92/><D92/><U6/><E34/><V22/><F19/><W0/><G0/><T10/><D10/><U108/><E108/><N who="3" m="41546" /><G14/><T85/><D85/><U131/><E131/><V98/><F98/><W117/><G7/><T119/><D119/><U96/><E6/><V27/><F3/><W132/><G132/><T72/><D72/><U80/><E40/><V39/><F39/><N who="3" m="14859" /><G117/><T105/><D105/><U110/><E110/><V21/><F21/><W2/><G2/><T126/><D24/><U88/><E16/><N who="2" m="12743" /><F5/><W118/><G118/><T63/><D17/><U35/><E35/><V70/><F75/><W133/><G133/><T32/><D32/><U33/><E33/><V62/><F62/><W48/><G48/><T13/><D11/><U134/><E134/><V115/><F115/><W26/><G26/><T4/><D4/><U102/><E78/><V90/><F90/><W74/><G74/><T29/><D29/><U66/><E102/><V30/><F30/><W50/><G49/><T104/><D15/><U120/><E120/><N who="0" m="46153" /><D13/><U9/><E9/><V36/><F36/><W23/><G23/><T84/><D51/><U45/><E45/><AGARI ba="0,0" hai="45,50,54,94,97,101,106,107" m="14859,41546" machi="45" ten="30,1000,0" yaku="14,1" doraHai="79" who="3" fromWho="1" sc="410,0,110,-10,282,0,198,10" /><INIT seed="3,0,0,1,3,114" ten="410,100,282,208" oya="3" hai0="121,99,89,116,67,58,35,43,125,126,71,90,41" hai1="53,62,96,129,50,122,21,110,5,6,124,130,8" hai2="56,128,30,16,117,49,47,85,106,80,98,61,132" hai3="112,15,27,81,25,97,94,104,57,100,10,13,73"/><W113/><G112/><T105/><D116/><U17/><E122/><V131/><F117/><W59/><G113/><T74/><D35/><U31/><E110/><V101/><F30/><W38/><G38/><T36/><D71/><U66/><E124/><V87/><F132/><W95/><G104/><T111/><D111/><U42/><E42/><N who="2" m="24823" /><F16/><N who="3" m="8247" /><G73/><T40/><D74/><U115/><E31/><V72/><F80/><W46/><G46/><T70/><D70/><U19/><E115/><V65/><F72/><W77/><G95/><T24/><D36/><U82/><E82/><V9/><F9/><W123/><G123/><T54/><D121/><U134/><E134/><V32/><F32/><W84/><G15/><T83/><D105/><U11/><E96/><V48/><F48/><W92/><G94/><T109/><D109/><U93/><E93/><V7/><F7/><W26/><AGARI ba="0,0" hai="25,26,27,57,59,77,81,84,92,97,100" m="8247" machi="26" ten="30,3000,0" yaku="8,1,54,1" doraHai="114" who="3" fromWho="3" sc="410,-10,100,-10,282,-10,208,30" /><INIT seed="3,1,0,5,2,97" ten="400,90,272,238" oya="3" hai0="4,124,26,52,116,47,94,27,38,77,127,74,129" hai1="134,75,110,105,11,106,112,32,65,15,56,91,126" hai2="99,39,119,28,34,63,43,73,107,100,0,135,130" hai3="81,133,58,92,89,67,66,103,54,59,53,114,108"/><W14/><G114/><T10/><D116/><U33/><E75/><V55/><F119/><W120/><G120/><T102/><D74/><U31/><E33/><V2/><F130/><W87/><G133/><T98/><D77/><U113/><E32/><V78/><F135/><W7/><G108/><T95/><D129/><U70/><E70/><V21/><F21/><W35/><G35/><T85/><D85/><U20/><E105/><V36/><F55/><W30/><G30/><T71/><D71/><U90/><E106/><V17/><F17/><W42/><G42/><T13/><D95/><U123/><E110/><V25/><F63/><N who="3" m="36311" /><G7/><T5/><D4/><U51/><E123/><V69/><F69/><W104/><G104/><T128/><D128/><U41/><E134/><V62/><F62/><N who="3" m="36207" /><G14/><T40/><D52/><U60/><E113/><V132/><F132/><W131/><G131/><T122/><D122/><U48/><E112/><V46/><F39/><W118/><G118/><T8/><D10/><U101/><E11/><V9/><F9/><W18/><G18/><T86/><D86/><U64/><E15/><V83/><AGARI ba="1,0" hai="0,2,25,28,34,36,43,46,73,78,83,99,100,107" machi="83" ten="30,8000,1" yaku="0,1,33,3,52,1" doraHai="97" who="2" fromWho="2" sc="400,-21,90,-21,272,83,238,-41" owari="379,47.0,69,-43.0,355,16.0,197,-20.0" /></mjloggm>