<mjloggm ver="2.3"><GO type="169" lobby="0"/><UN n0="%E3%83%A1%E3%83%81%E3%83%AB%E3%82%B0%E3%83%AA%E3%83%BC%E3%83%B3" n1="%E3%81%BD%E3%81%A8%E3%81%97" n2="%EF%BC%88%E2%89%A7%E2%96%BD%E2%89%A6%EF%BC%89" n3="%48%75%6E%74%65%72%5F%44" dan="16,16,17,16" rate="2061.72,2126.43,2157.37,2138.04" sx="M,F,M,M"/><TAIKYOKU oya="0"/><INIT seed="0,0,0,1,3,9" ten="250,250,250,250" oya="0" hai0="82,87,30,97,3,45,23,62,25,56,15,43,95" hai1="18,104,70,126,91,71,128,100,24,84,132,101,78" hai2="64,80,123,33,112,81,32,60,90,83,109,118,69" hai3="102,28,127,66,20,14,75,122,61,51,135,79,49"/><T133/><D3/><U11/><E126/><V27/><F112/><W113/><G122/><T52/><D133/><U59/><E132/><V46/><F123/><W42/><G135/><T6/><D95/><U50/><E128/><V13/><F118/><W41/><G127/><T106/><D106/><U8/><E78/><V57/><F109/><W48/><G113/><T92/><D92/><U17/><E104/><V36/><F90/><W105/><G105/><T7/><D97/><U38/><E38/><V67/><F27/><W29/><G102/><T22/><D22/><U26/><E50/><V94/><F94/><W65/><G65/><T116/><D116/><U111/><E59/><V117/><F117/><W129/><G129/><T54/><D54/><U47/><E47/><V35/><F46/><W39/><G75/><T63/><D63/><U10/><E111/><V1/><F1/><W99/><G79/><T21/><D21/><U4/><E4/><V131/><F36/><W53/><G99/><T0/><D0/><U31/><E31/><N who="3" m="11850" /><G39/><T125/><D125/><U89/><E8/><V68/><F131/><W85/><G85/><AGARI ba="0,0" hai="10,11,17,18,24,26,70,71,84,85,89,91,100,101" machi="85" ten="25,1600,0" yaku="22,2" doraHai="9" who="1" fromWho="3" sc="250,0,250,16,250,0,250,-16" /><INIT seed="1,0,0,0,1,42" ten="250,266,250,234" oya="1" hai0="41,19,27,8,38,92,77,32,88,84,60,96,13" hai1="58,118,1,122,123,105,40,15,98,99,59,80,110" hai2="78,109,75,65,30,121,67,17,10,48,2,14,54" hai3="117,131,87,79,119,43,135,0,114,52,61,66,55"/><U71/><E71/><V132/><F121/><W133/><G0/><T102/><D77/><U18/><E118/><N who="3" m="45066" /><G79/><T81/><D60/><U35/><E35/><V57/><F132/><N who="3" m="50763" /><G87/><T100/><D32/><U91/><E1/><V39/><F2/><W106/><G106/><T97/><D27/><U128/><E110/><V94/><F109/><W31/><G31/><T5/><D5/><U24/><E128/><V129/><F129/><W120/><G131/><T125/><D125/><U126/><E126/><V95/><F30/><W20/><G20/><T4/><D4/><U111/><E24/><V49/><F78/><W53/><G120/><T113/><D113/><U3/><E111/><V89/><F75/><W11/><G11/><T130/><D130/><U34/><E3/><V44/><F39/><W74/><G74/><T127/><D127/><U104/><E34/><V56/><F56/><N who="3" m="37159" /><G43/><T86/><D86/><U45/><E123/><V124/><F124/><W47/><G114/><T68/><D41/><U37/><E122/><V51/><F95/><W108/><G108/><T28/><D28/><U29/><E29/><V85/><F85/><W6/><G6/><T16/><D84/><N who="1" m="50567" /><E105/><V50/><F94/><W116/><N who="3" m="45074" /><W73/><DORA hai="76" /><G73/><T33/><D92/><U70/><E104/><V23/><F89/><W22/><G22/><T26/><D88/><U7/><E7/><V82/><F23/><W90/><G90/><T112/><D112/><U62/><E99/><V46/><F82/><W21/><G21/><T101/><D97/><U93/><E98/><V63/><F10/><RYUUKYOKU ba="0,0" sc="250,-10,266,-10,250,-10,234,30" hai3="47,52,53,55" /><INIT seed="2,1,0,3,5,43" ten="240,256,240,264" oya="2" hai0="64,4,135,83,40,81,13,124,24,23,2,58,21" hai1="46,119,113,110,25,20,79,33,37,122,50,125,3" hai2="76,35,54,131,5,62,28,55,120,75,87,82,93" hai3="103,132,117,29,61,116,36,100,51,26,121,80,52"/><V53/><F120/><W38/><G121/><T85/><D2/><U47/><E119/><V45/><F131/><W17/><G117/><T105/><D105/><U104/><E113/><V16/><F5/><W15/><G116/><T57/><D135/><U115/><E122/><V107/><F107/><W72/><G132/><T73/><D73/><U99/><E115/><V42/><F35/><W90/><G38/><T111/><D111/><U18/><E110/><V134/><F28/><W67/><G36/><T89/><D124/><U71/><E71/><V112/><F112/><W68/><G72/><T98/><D40/><U84/><E37/><V41/><F134/><W74/><G74/><T32/><D32/><U108/><E108/><V48/><F42/><W97/><G26/><T49/><D98/><U130/><E3/><V14/><F93/><W9/><G29/><T12/><D81/><N who="1" m="47167" /><E104/><V6/><F6/><W123/><G123/><T1/><D1/><U91/><E33/><V106/><F106/><W44/><G97/><T59/><D64/><U102/><E130/><V133/><F75/><W22/><G22/><N who="0" m="8203" /><D24/><U109/><E109/><V60/><F133/><W101/><G101/><T127/><D127/><U56/><E125/><V88/><F76/><W66/><G66/><T70/><D70/><U0/><E0/><V96/><F96/><W69/><G69/><T10/><D12/><U95/><E102/><V129/><F129/><W39/><G39/><T94/><D83/><U27/><E27/><V86/><F87/><AGARI ba="1,0" hai="9,15,17,44,51,52,61,67,68,80,87,90,100,103" machi="87" ten="40,8000,1" yaku="25,2,52,1,54,1" doraHai="43" who="3" fromWho="2" sc="240,0,256,0,240,-83,264,83" /><INIT seed="3,0,0,5,3,102" ten="240,256,157,347" oya="3" hai0="132,85,11,69,54,6,55,46,96,74,62,86,26" hai1="127,91,118,80,1,20,128,31,81,93,19,0,38" hai2="133,111,60,56,23,98,18,108,21,82,36,126,72" hai3="52,44,68,17,71,129,27,115,42,122,84,113,33"/><W79/><G122/><T53/><D74/><U105/><E38/><V47/><F126/><W130/><G79/><T88/><D132/><U106/><E127/><V114/><F114/><N who="3" m="43531" /><G84/><T39/><D26/><U34/><E128/><N who="3" m="49258" /><G33/><T120/><D120/><U78/><E118/><V7/><F133/><W9/><G27/><T134/><D134/><U65/><E65/><V22/><F7/><W117/><G117/><T37/><D46/><U5/><E31/><V13/><F98/><W41/><G17/><T48/><D48/><U101/><E34/><V15/><F82/><W64/><G9/><T61/><D96/><U10/><E101/><V104/><F72/><W28/><G28/><T89/><D86/><U92/><E0/><V25/><F25/><W29/><G29/><T35/><D35/><U97/><E92/><V49/><F15/><W87/><G87/><T95/><D89/><U57/><E57/><V99/><F13/><W66/><G66/><T116/><D116/><U109/><E109/><V50/><F18/><W70/><G64/><T45/><D95/><U90/><E90/><V14/><F14/><W73/><G73/><T77/><D88/><U110/><E110/><V67/><F111/><W76/><G76/><T40/><D77/><U24/><E81/><V8/><F108/><W135/><G135/><T2/><D2/><U32/><E32/><V58/><F8/><W59/><G44/><T112/><D45/><U94/><E94/><V51/><F47/><W3/><G3/><T107/><D112/><U75/><AGARI ba="0,0" hai="1,5,10,19,20,24,75,78,80,91,93,97,105,106" machi="75" ten="20,5200,0" yaku="0,1,7,1,52,2" doraHai="102" who="1" fromWho="1" sc="240,-13,256,52,157,-13,347,-26" /><INIT seed="4,0,0,4,5,77" ten="227,308,144,321" oya="0" hai0="80,22,120,125,134,78,84,108,34,87,106,44,129" hai1="30,76,124,20,61,110,89,49,94,50,68,130,83" hai2="102,74,51,40,66,52,111,33,109,96,69,43,10" hai3="11,45,105,97,9,24,1,48,17,38,112,39,107"/><T126/><D34/><U133/><E110/><V64/><F74/><W127/><G127/><N who="0" m="48651" /><D120/><U29/><E124/><V115/><F115/><W104/><G112/><T42/><D108/><U7/><E130/><V90/><F33/><W55/><G97/><T103/><D129/><U21/><E133/><V62/><F66/><W101/><G101/><T58/><D134/><U116/><E7/><V0/><F90/><W85/><G85/><N who="0" m="48279" /><D58/><U19/><E116/><V28/><F28/><W135/><G135/><T12/><D103/><U128/><E128/><V91/><F91/><W92/><G45/><T3/><D3/><U99/><E30/><V118/><F118/><W25/><G1/><T27/><D12/><U114/><E114/><V2/><F2/><W47/><G25/><T8/><D8/><U82/><E76/><V59/><F111/><W5/><G11/><T36/><D106/><U37/><E68/><V113/><F109/><W46/><G24/><T93/><D93/><U15/><E21/><V63/><F113/><W53/><G92/><T35/><D35/><U23/><E23/><V54/><F10/><W32/><G32/><T75/><D75/><U16/><E20/><V95/><REACH who="2" step="1"/><F0/><REACH who="2" ten="227,308,134,321" step="2"/><W79/><G9/><T73/><D73/><U57/><E29/><AGARI ba="0,1" hai="22,27,29,36,42,44,84,87" m="48279,48651" machi="29" ten="30,2900,0" yaku="18,1,52,1" doraHai="77" who="0" fromWho="1" sc="227,39,308,-29,134,0,321,0" /><INIT seed="4,1,0,4,5,38" ten="266,279,134,321" oya="0" hai0="93,95,125,11,22,35,129,47,4,20,60,76,115" hai1="106,3,98,44,54,64,48,114,68,31,130,39,102" hai2="6,120,41,58,57,110,56,87,69,67,70,79,134" hai3="85,99,49,74,51,82,94,16,109,59,55,46,81"/><T17/><D35/><U71/><E130/><V23/><F120/><W104/><G109/><T112/><D129/><U123/><E123/><V36/><F110/><W33/><G33/><T127/><D76/><U2/><E114/><N who="0" m="43561" /><D60/><U88/><E39/><V84/><F134/><W43/><G74/><T52/><D93/><U83/><E31/><V0/><F23/><W72/><G72/><T61/><D95/><U80/><E64/><V119/><F119/><W122/><G122/><T116/><D116/><U1/><REACH who="1" step="1"/><E80/><REACH who="1" ten="266,269,134,321" step="2"/><V8/><F67/><W19/><G82/><T105/><D125/><U128/><E128/><V92/><F79/><N who="3" m="46271" /><G104/><T53/><D105/><U89/><E89/><AGARI ba="1,1" hai="16,19,43,46,49,51,55,59,89,94,99" m="46271" machi="89" ten="30,3900,0" yaku="8,1,52,1,54,1" doraHai="38" who="3" fromWho="1" sc="266,0,269,-42,134,0,321,52" /><INIT seed="5,0,0,1,1,29" ten="266,227,134,373" oya="1" hai0="66,123,106,79,97,40,113,82,108,73,112,107,36" hai1="90,94,9,116,33,122,64,71,20,99,61,25,76" hai2="114,46,57,4,118,75,121,52,120,101,129,10,53" hai3="93,23,65,41,125,56,2,84,50,19,37,70,30"/><U15/><E122/><V39/><F75/><W22/><G2/><T102/><D66/><U48/><E116/><V69/><F118/><W11/><G125/><T38/><D123/><U51/><E76/><V124/><F124/><W85/><G30/><T24/><D108/><U44/><E44/><V83/><F129/><W115/><G115/><N who="0" m="44107" /><D107/><U14/><E33/><V32/><F32/><W62/><G11/><T67/><D67/><U6/><REACH who="1" step="1"/><E14/><REACH who="1" ten="266,217,134,373" step="2"/><V45/><F114/><W117/><G117/><T119/><D119/><U42/><E42/><V105/><F121/><W130/><G41/><T12/><D40/><U35/><E35/><V96/><F120/><W78/><G78/><T132/><D12/><U54/><E54/><V63/><F39/><W104/><G37/><T131/><D131/><U0/><E0/><V134/><F53/><W34/><G34/><T81/><D36/><U80/><E80/><V86/><F134/><W128/><G128/><T16/><D38/><U92/><E92/><V13/><REACH who="2" step="1"/><F69/><REACH who="2" ten="266,217,124,373" step="2"/><W55/><G130/><T111/><D132/><U3/><E3/><V47/><F47/><W1/><G70/><T60/><D111/><U91/><E91/><AGARI ba="0,2" hai="4,10,13,45,46,52,57,63,83,86,91,96,101,105" machi="91" ten="30,7700,0" yaku="1,1,7,1,54,1,53,1" doraHai="29" doraHaiUra="49" who="2" fromWho="1" sc="266,0,217,-77,124,97,373,0" /><INIT seed="6,0,0,1,0,104" ten="266,140,221,373" oya="2" hai0="19,35,121,102,106,23,93,39,64,20,41,12,29" hai1="22,96,124,16,111,24,118,108,27,79,51,75,130" hai2="1,68,94,129,73,82,57,135,30,43,10,32,117" hai3="15,128,67,100,88,120,17,36,0,65,44,59,56"/><V54/><F117/><W87/><G120/><T83/><D121/><U71/><E118/><V86/><F68/><W113/><G0/><T31/><D35/><U105/><E124/><V80/><F135/><W115/><G128/><T11/><D106/><U18/><E130/><V7/><F129/><W46/><G100/><T2/><D2/><U127/><E127/><V69/><F69/><W62/><G36/><T21/><D64/><U74/><E71/><V63/><F43/><W8/><G65/><T4/><D4/><U109/><E79/><V85/><F94/><W37/><G59/><T53/><D53/><U134/><E134/><V119/><F119/><W60/><G60/><T81/><D41/><U45/><E18/><V72/><F85/><W116/><G116/><T61/><D61/><U84/><E84/><V3/><F3/><W40/><REACH who="3" step="1"/><G46/><REACH who="3" ten="266,140,221,363" step="2"/><T47/><D47/><U98/><E27/><V95/><F57/><W34/><G34/><T131/><D39/><U110/><N who="1" m="27648" /><DORA hai="48" /><U97/><REACH who="1" step="1"/><E105/><REACH who="1" ten="266,130,221,363" step="2"/><V28/><F86/><W125/><G125/><T76/><D131/><U132/><E132/><V101/><F30/><W90/><G90/><T33/><D31/><U58/><E58/><V38/><F28/><W77/><G77/><T14/><D76/><U66/><E66/><V9/><F32/><W122/><G122/><T126/><D126/><U103/><E103/><V42/><F101/><W92/><AGARI ba="0,2" hai="8,15,17,37,40,44,56,62,67,87,88,92,113,115" machi="92" ten="30,7900,0" yaku="1,1,0,1,54,1,53,1" doraHai="104,48" doraHaiUra="26,55" who="3" fromWho="3" sc="266,-20,130,-20,221,-39,363,99" /><INIT seed="7,0,0,0,4,44" ten="246,110,182,462" oya="3" hai0="86,46,108,93,109,18,114,19,66,55,59,31,43" hai1="129,135,57,81,117,106,34,84,95,102,54,111,83" hai2="62,11,77,131,22,21,68,130,35,6,7,125,51" hai3="52,15,30,73,97,0,2,23,39,28,132,10,40"/><W94/><G73/><T38/><D114/><U65/><E111/><V16/><F35/><W112/><G112/><T64/><D31/><U1/><E34/><V69/><F125/><W113/><G0/><T61/><D18/><U75/><E1/><V24/><F77/><W122/><G2/><T115/><D115/><U133/><E65/><V58/><F22/><W78/><G78/><T107/><D107/><U9/><E117/><V74/><F74/><W36/><G36/><T42/><D19/><U12/><E75/><V60/><F51/><W5/><G122/><T119/><D119/><U50/><E129/><N who="2" m="49163" /><F60/><W89/><G132/><T91/><D42/><U100/><E106/><V56/><F58/><W37/><G113/><T123/><D123/><U118/><E118/><V105/><F105/><W76/><G76/><T63/><D66/><U25/><E25/><V14/><F6/><W17/><G52/><AGARI ba="0,0" hai="7,11,14,16,21,24,52,56,62,68,69" m="49163" machi="52" ten="30,3900,0" yaku="19,1,54,2" doraHai="44" who="2" fromWho="3" sc="246,0,110,0,182,39,462,-39" owari="246,5.0,110,-39.0,221,-18.0,423,52.0" /></mjloggm>