<mjloggm ver="2.3"><GO type="169"/><UN n0="%EF%BC%88%E2%89%A7%E2%96%BD%E2%89%A6%EF%BC%89" n1="%E3%82%84%E3%82%93%E3%82%8F%E3%82%8A" n2="%E5%B7%A3%E4%BD%9C%E3%82%8A%E3%83%89%E3%83%A9%E3%82%B4%E3%83%B3" n3="%E5%9B%9B%E6%AE%B5" dan="16,16,16,16" rate="2131,2019,2038,2118" sx="M,M,M,M"/><TAIKYOKU oya="0"/><INIT seed="0,0,0,0,1,30" ten="250,250,250,250" oya="0" hai0="101,121,57,56,127,72,95,53,31,133,12,76,14" hai1="68,82,107,38,104,41,63,18,84,91,110,134,5" hai2="22,124,123,19,20,50,58,46,21,60,36,88,61" hai3="114,79,75,105,92,116,103,115,51,17,45,39,111"/><T126/><D121/><U112/><E112/><V34/><F123/><W9/><G39/><T85/><D133/><U122/><E134/><V73/><F73/><W117/><G9/><T62/><D31/><U43/><E122/><V94/><F36/><W89/><G17/><T106/><D106/><U87/><E5/><V24/><F124/><N who="0" m="47658" /><D72/><U13/><E110/><V99/><F34/><W130/><G51/><N who="0" m="30783" /><D101/><U71/><E107/><V113/><F113/><N who="3" m="43019" /><G45/><T83/><D95/><U78/><E104/><V80/><F80/><N who="3" m="45183" /><G130/><T125/><N who="0" m="47666" /><T90/><DORA hai="47" /><D76/><U102/><E102/><V10/><F10/><W42/><G111/><T74/><D74/><U29/><E38/><V6/><F6/><W4/><G103/><T44/><D44/><U108/><E108/><V86/><F86/><W120/><G105/><T1/><D1/><U26/><E87/><V131/><F131/><W23/><G120/><T8/><D8/><U3/><E3/><V96/><F96/><W97/><G97/><T2/><D2/><U49/><E13/><V35/><F35/><W129/><G92/><T135/><D135/><U40/><E18/><V128/><F128/><W67/><G129/><T25/><D25/><U100/><E100/><V7/><F7/><W65/><G4/><T15/><D15/><U55/><E26/><V33/><F33/><W16/><G16/><T118/><D118/><U109/><E29/><V54/><REACH who="2" step="1"/><F61/><REACH who="2" ten="250,250,240,250" step="2"/><W28/><G117/><T70/><D62/><U27/><E63/><V66/><AGARI ba="0,1" hai="19,20,21,22,24,46,50,54,58,60,66,88,94,99" machi="66" ten="20,16000,3" yaku="1,1,2,1,0,1,7,1,8,1,52,1,54,1,53,1" doraHai="30,47" doraHaiUra="119,52" who="2" fromWho="2" sc="250,-80,250,-40,240,170,250,-40" /><INIT seed="1,0,0,3,5,61" ten="170,210,410,210" oya="1" hai0="75,72,6,100,81,9,73,123,16,41,108,33,1" hai1="7,8,135,32,86,103,23,104,48,134,42,26,55" hai2="40,80,65,3,128,125,91,28,113,82,71,54,98" hai3="118,78,34,76,30,37,133,115,85,119,66,63,94"/><U117/><E32/><V60/><F3/><W19/><G37/><T132/><D108/><U83/><E117/><N who="3" m="44554" /><G115/><T99/><D132/><N who="1" m="50731" /><E103/><V89/><F125/><W2/><G2/><T96/><D123/><U47/><E104/><V93/><F40/><W114/><G114/><T106/><D33/><U109/><E109/><V122/><F122/><W116/><G133/><T29/><D29/><N who="1" m="17631" /><E8/><V64/><F128/><W68/><G34/><T131/><D131/><U12/><E12/><V14/><F113/><W17/><G30/><T31/><D31/><U44/><E7/><V127/><F28/><W22/><G19/><T74/><D74/><U20/><E20/><V69/><F127/><W130/><G130/><T56/><D41/><U25/><E25/><V79/><F14/><W50/><G116/><T129/><D129/><U49/><E86/><N who="2" m="48415" /><F71/><W77/><G17/><T11/><D16/><U43/><E83/><V95/><F82/><W112/><G22/><T21/><D21/><U57/><E42/><V105/><F105/><W102/><G112/><T126/><D126/><U27/><E27/><V46/><F69/><W124/><G124/><T51/><D81/><U0/><E0/><V15/><F15/><W10/><G10/><T88/><D11/><U45/><AGARI ba="0,0" hai="43,44,45,47,48,49,55,57" m="17631,50731" machi="45" ten="30,1500,0" yaku="20,1" doraHai="61" who="1" fromWho="1" sc="170,-5,210,15,410,-5,210,-5" /><INIT seed="1,1,0,0,4,121" ten="165,225,405,205" oya="1" hai0="74,103,14,31,118,128,58,16,18,29,107,129,87" hai1="77,0,117,15,69,55,51,92,85,19,26,47,35" hai2="7,75,82,80,112,5,93,104,73,10,116,61,119" hai3="63,62,98,84,96,42,89,76,38,34,131,32,54"/><U81/><E117/><V101/><F61/><W114/><G114/><T111/><D74/><U97/><E0/><V28/><F28/><N who="0" m="10826" /><D87/><U4/><E69/><V50/><F50/><W133/><G42/><T120/><D118/><U100/><E4/><V20/><F20/><W94/><G38/><T9/><D120/><U83/><E83/><V68/><F93/><W78/><G54/><T90/><D90/><U27/><REACH who="1" step="1"/><E35/><REACH who="1" ten="165,215,405,205" step="2"/><V99/><F82/><W123/><G32/><T102/><D129/><U134/><E134/><V1/><F68/><W67/><G34/><T48/><D128/><U37/><E37/><V91/><F80/><W53/><G133/><T132/><D132/><U135/><E135/><V21/><F7/><W45/><G131/><T71/><D71/><U41/><E41/><V17/><F5/><W36/><G36/><T39/><D39/><U66/><E66/><V113/><F1/><W52/><G67/><T57/><D18/><U33/><E33/><V65/><F119/><W126/><G123/><T72/><D16/><U108/><E108/><V86/><F116/><W56/><G53/><T127/><D111/><U110/><E110/><V46/><F65/><W70/><G52/><T64/><D64/><U79/><E79/><V106/><F17/><W8/><G78/><T22/><D72/><U13/><E13/><V59/><F73/><W6/><G76/><T40/><D14/><U49/><E49/><V11/><F75/><W44/><G70/><T12/><D48/><U60/><E60/><V43/><F43/><W25/><G63/><T2/><D40/><RYUUKYOKU ba="1,1" sc="165,-10,215,30,405,-10,205,-10" hai1="15,19,26,27,47,51,55,77,81,85,92,97,100" /><INIT seed="1,2,1,0,2,117" ten="155,245,395,195" oya="1" hai0="5,66,134,26,125,97,122,46,102,78,112,108,23" hai1="135,86,129,62,132,25,43,15,121,3,119,32,45" hai2="65,49,13,85,118,44,51,39,113,61,16,42,72" hai3="34,71,88,41,11,40,123,54,131,82,21,18,10"/><U4/><E119/><V75/><F118/><W83/><G34/><T56/><D112/><U17/><E62/><V52/><F113/><W67/><G123/><T105/><D108/><U115/><E115/><V124/><F124/><W58/><G131/><T60/><D125/><U104/><E104/><V98/><F98/><W95/><G67/><T48/><D134/><N who="1" m="51243" /><E129/><V33/><F33/><W6/><G71/><T91/><D78/><U68/><E86/><V81/><F51/><N who="3" m="31071" /><G83/><T70/><D5/><U64/><E64/><V24/><F24/><N who="3" m="14391" /><G82/><T111/><D111/><U77/><E77/><V133/><F133/><W37/><G37/><T101/><D122/><U63/><E63/><V29/><F29/><W87/><G6/><T8/><D8/><AGARI ba="2,1" hai="8,10,11,40,41,87,88,95" m="14391,31071" machi="8" ten="30,2000,0" yaku="8,1,54,1" doraHai="117" who="3" fromWho="0" sc="155,-26,245,0,395,0,195,36" /><INIT seed="2,0,0,3,3,69" ten="129,245,395,231" oya="2" hai0="16,27,5,99,93,29,134,132,72,15,80,111,41" hai1="65,107,70,43,83,88,135,40,32,56,9,62,30" hai2="85,0,67,94,75,60,48,128,102,91,18,42,59" hai3="7,66,87,33,84,74,35,57,103,45,113,24,110"/><V124/><F75/><W76/><G110/><T127/><D111/><U64/><E135/><N who="0" m="51753" /><D127/><U11/><E65/><V133/><F124/><W82/><G103/><N who="0" m="60911" /><D5/><U4/><E11/><V101/><F133/><W34/><G7/><T47/><D80/><U114/><E114/><V12/><F0/><W121/><G121/><T58/><D58/><U129/><E107/><V17/><F128/><W123/><G123/><T104/><D104/><U52/><E129/><V49/><F18/><W122/><G113/><T131/><D72/><U116/><E116/><V73/><F73/><W96/><G74/><T13/><D131/><U98/><E30/><V28/><F28/><W54/><G45/><T112/><D112/><U3/><E32/><V77/><F77/><W19/><G76/><T120/><D120/><U23/><E23/><N who="2" m="11687" /><F49/><W50/><G82/><T2/><D2/><U25/><E25/><V108/><F108/><W8/><G122/><T6/><D6/><U68/><E70/><V90/><F90/><W55/><G35/><N who="0" m="20927" /><D16/><U109/><E109/><V79/><F79/><W81/><G34/><T86/><D86/><U95/><REACH who="1" step="1"/><E83/><REACH who="1" ten="129,235,395,231" step="2"/><V119/><F119/><W89/><G33/><T78/><D78/><U100/><E100/><V10/><F10/><W39/><G8/><T61/><D61/><AGARI ba="0,1" hai="3,4,9,40,43,52,56,61,62,64,68,88,95,98" machi="61" ten="30,7700,0" yaku="1,1,7,1,54,2,53,0" doraHai="69" doraHaiUra="125" who="1" fromWho="0" sc="129,-77,235,87,395,0,231,0" /><INIT seed="3,0,0,2,2,133" ten="52,322,395,231" oya="3" hai0="6,67,2,124,64,33,84,27,120,93,121,100,97" hai1="73,74,55,21,18,25,109,14,103,3,39,71,118" hai2="126,65,23,98,15,80,89,72,66,91,105,44,102" hai3="123,40,17,99,104,58,134,53,30,7,96,34,125"/><W45/><G123/><T63/><D2/><U111/><E3/><V90/><F44/><W76/><G134/><T78/><D6/><U106/><E71/><V19/><REACH who="2" step="1"/><F126/><REACH who="2" ten="52,322,385,231" step="2"/><W31/><G125/><T4/><D124/><U24/><E118/><V113/><F113/><W62/><G45/><T135/><D135/><U50/><E109/><V130/><F130/><W112/><G112/><T29/><D4/><U131/><E111/><V20/><F20/><W88/><G7/><T51/><D51/><U107/><E131/><V9/><F9/><W35/><G35/><T61/><D120/><U79/><E39/><V86/><F86/><W46/><G34/><T36/><D121/><U13/><E73/><V85/><F85/><W68/><G46/><T114/><D114/><U95/><E74/><V10/><F10/><W42/><G99/><T75/><D36/><U12/><E21/><V28/><F28/><W115/><G31/><T110/><D110/><U94/><E18/><V108/><F108/><W16/><G30/><T87/><D75/><U52/><E12/><V77/><AGARI ba="0,1" hai="15,19,23,65,66,72,77,80,89,90,91,98,102,105" machi="77" ten="30,2000,0" yaku="1,1,0,1,53,0" doraHai="133" doraHaiUra="47" who="2" fromWho="2" sc="52,-5,322,-5,385,30,231,-10" /><INIT seed="4,0,0,4,0,115" ten="47,317,415,221" oya="0" hai0="17,22,12,21,89,123,121,81,86,135,7,20,33" hai1="61,60,28,52,13,79,70,104,71,38,98,67,54" hai2="48,78,116,128,101,95,41,18,63,56,134,110,107" hai3="73,26,83,96,117,50,127,35,31,102,74,130,94"/><T64/><D135/><U23/><E38/><V53/><F110/><W10/><G130/><T1/><D33/><U65/><E79/><V6/><F107/><W76/><G127/><T11/><REACH who="0" step="1"/><D64/><REACH who="0" ten="37,317,415,221" step="2"/><U24/><E13/><V120/><F134/><W37/><G35/><T15/><D15/><U32/><E32/><V44/><F120/><AGARI ba="0,1" hai="1,7,11,12,17,20,21,22,81,86,89,120,121,123" machi="120" ten="40,2000,0" yaku="1,1,53,0" doraHai="115" doraHaiUra="40" who="0" fromWho="2" sc="37,30,317,0,415,-20,221,0" /><INIT seed="4,1,0,4,3,41" ten="67,317,395,221" oya="0" hai0="17,65,134,109,93,19,49,117,45,6,72,46,130" hai1="52,90,39,47,87,42,135,129,79,58,55,82,83" hai2="125,70,15,77,124,2,132,121,23,26,101,75,64" hai3="85,105,66,59,123,57,80,62,128,31,35,43,36"/><T13/><D72/><U120/><E120/><V33/><F121/><W61/><G123/><T12/><D117/><U76/><E129/><V3/><F101/><W63/><G128/><T98/><D130/><U40/><E135/><V71/><F77/><W74/><G105/><T1/><D134/><U106/><E106/><V95/><F95/><W21/><G35/><T111/><D1/><N who="2" m="10" /><F75/><W89/><G74/><T81/><D65/><U10/><E10/><V113/><F64/><W28/><G36/><T4/><D81/><U18/><E18/><N who="2" m="10719" /><F132/><W112/><G43/><N who="1" m="16426" /><E39/><V91/><F91/><W0/><G66/><T86/><D86/><U34/><E34/><V122/><F122/><W51/><G85/><T119/><D119/><U73/><E73/><V84/><F84/><W94/><G80/><T99/><D49/><N who="1" m="28735" /><E83/><V22/><F113/><W69/><G94/><AGARI ba="1,0" hai="4,6,12,13,17,19,45,46,93,94,98,99,109,111" machi="94" ten="25,9600,0" yaku="22,2,52,2" doraHai="41" who="0" fromWho="3" sc="67,99,317,0,395,0,221,-99" /><INIT seed="4,2,0,3,0,92" ten="166,317,395,122" oya="0" hai0="64,45,52,115,22,29,62,134,58,32,107,102,27" hai1="59,61,15,100,83,30,132,35,118,106,54,0,14" hai2="135,87,76,41,71,109,24,34,126,73,68,112,19" hai3="39,81,88,84,77,78,70,8,94,129,6,51,38"/><T101/><D134/><U105/><E0/><V82/><F109/><W103/><G70/><T17/><D115/><U119/><E132/><V114/><F135/><W65/><G129/><T125/><D125/><U74/><E106/><V67/><F126/><W69/><G78/><T36/><D107/><U89/><E14/><V72/><F41/><W120/><G120/><T47/><D36/><U18/><E30/><N who="2" m="19783" /><F19/><W4/><G4/><T121/><D121/><U66/><E35/><V93/><F67/><W25/><G103/><T91/><D91/><U95/><E105/><V113/><F93/><W122/><G122/><T111/><D111/><U50/><E100/><V26/><F26/><W1/><G51/><T75/><D75/><AGARI ba="2,0" hai="68,71,72,73,75,76,82,87,112,113,114" m="19783" machi="75" ten="40,1300,0" yaku="15,1" doraHai="92" who="2" fromWho="0" sc="166,-19,317,0,395,19,122,0" /><INIT seed="5,0,0,4,1,11" ten="147,317,414,122" oya="1" hai0="27,88,83,0,67,64,60,20,106,61,87,49,113" hai1="108,80,77,68,131,24,73,95,128,72,94,132,116" hai2="22,55,48,36,118,102,122,114,59,104,121,2,40" hai3="35,99,74,133,15,115,69,111,107,126,1,105,4"/><U53/><E68/><V37/><F2/><W12/><RYUUKYOKU type="yao9" ba="0,0" sc="147,0,317,0,414,0,122,0" hai3="1,4,12,15,35,69,74,99,105,107,111,115,126,133" /><INIT seed="5,1,0,1,1,73" ten="147,317,414,122" oya="1" hai0="66,112,118,109,6,36,111,127,56,75,93,11,74" hai1="82,121,95,68,128,38,39,65,123,18,80,110,115" hai2="32,102,84,85,91,113,98,12,28,61,24,135,106" hai3="0,42,54,55,7,41,44,99,90,50,134,117,69"/><U87/><E110/><V13/><F135/><W25/><G134/><T26/><D36/><U79/><E115/><V86/><F113/><W103/><G69/><T47/><D112/><U129/><E95/><V133/><F133/><W130/><G117/><T78/><D118/><U88/><E18/><V119/><F119/><W29/><G130/><N who="1" m="50282" /><E65/><V101/><F101/><W34/><G90/><T48/><D66/><U104/><E104/><V17/><F61/><W131/><G131/><T100/><D93/><U27/><E27/><V125/><F125/><W58/><G0/><T107/><D127/><U96/><E96/><V57/><F57/><W62/><REACH who="3" step="1"/><G7/><REACH who="3" ten="147,317,414,112" step="2"/><T114/><D6/><U116/><E68/><V37/><F91/><W122/><G122/><N who="1" m="46602" /><E116/><V8/><F102/><W94/><AGARI ba="1,1" hai="25,29,34,41,42,44,50,54,55,58,62,94,99,103" machi="94" ten="20,2700,0" yaku="1,1,0,1,7,1,53,0" doraHai="73" doraHaiUra="77" who="3" fromWho="3" sc="147,-8,317,-14,414,-8,112,40" /><INIT seed="6,0,0,5,0,15" ten="139,303,406,152" oya="2" hai0="112,35,10,116,99,133,97,120,48,0,68,109,62" hai1="24,114,34,16,104,117,57,122,18,65,113,41,21" hai2="110,36,49,30,38,81,9,32,86,55,53,92,54" hai3="74,12,61,14,69,50,56,115,8,77,80,127,95"/><V6/><F92/><W134/><G127/><T2/><D109/><U87/><E104/><V128/><F128/><W78/><G134/><T89/><D120/><U119/><E34/><V94/><F94/><W79/><G115/><N who="1" m="44042" /><E122/><V11/><F11/><W103/><G69/><T64/><D68/><U59/><E41/><V129/><F129/><W3/><G3/><T67/><D48/><U121/><E121/><V39/><F30/><W132/><G132/><T43/><D89/><U22/><E87/><V13/><F32/><W33/><G33/><T126/><D2/><U27/><E65/><V40/><F110/><W90/><G50/><T25/><D10/><U131/><E131/><V46/><REACH who="2" step="1"/><F38/><REACH who="2" ten="139,303,396,152" step="2"/><W124/><G95/><T91/><D35/><U84/><E84/><V82/><F82/><W37/><G80/><T83/><D83/><U1/><E1/><V108/><F108/><W98/><G37/><T7/><D0/><U135/><E135/><V125/><F125/><W45/><G124/><T70/><D126/><U72/><E72/><V85/><F85/><W44/><G74/><T42/><D133/><U75/><E75/><V101/><F101/><W76/><G103/><T47/><D112/><U5/><E5/><V123/><F123/><W111/><G111/><T88/><D7/><U51/><E119/><V63/><F63/><W29/><G61/><T107/><D116/><U52/><E117/><V28/><F28/><W66/><G29/><T20/><D62/><U93/><E93/><V102/><F102/><W96/><N who="3" m="19456" /><DORA hai="4" /><W26/><G8/><T31/><D31/><RYUUKYOKU ba="0,1" sc="139,-15,303,15,396,15,152,-15" hai1="16,18,21,22,24,27,51,52,57,59" hai2="6,9,13,36,39,40,46,49,53,54,55,81,86" /><INIT seed="6,1,1,1,2,86" ten="124,318,411,137" oya="2" hai0="19,126,89,44,15,88,118,39,85,83,34,35,72" hai1="77,97,21,57,52,46,116,26,110,9,10,36,59" hai2="122,108,30,133,135,55,12,91,68,33,51,48,42" hai3="134,62,29,31,127,13,56,40,81,50,84,109,121"/><V90/><F122/><W94/><G121/><T7/><D72/><U58/><E110/><V14/><F68/><W117/><G109/><T132/><D132/><N who="2" m="50762" /><F108/><W112/><G127/><T125/><D118/><U27/><E116/><V25/><F42/><W3/><G3/><T37/><D7/><U41/><E77/><V49/><F55/><W131/><G134/><T114/><D114/><U63/><E97/><V23/><F33/><N who="0" m="12298" /><D44/><U76/><E76/><V78/><F78/><W61/><G112/><T98/><D98/><U8/><REACH who="1" step="1"/><E27/><REACH who="1" ten="124,308,411,137" step="2"/><V129/><F129/><W93/><G131/><T66/><D125/><U5/><E5/><V11/><F12/><W100/><G13/><T16/><D126/><U1/><E1/><V53/><F53/><W115/><G117/><T17/><D15/><U60/><E60/><V79/><F79/><W43/><G62/><T70/><D66/><U75/><E75/><V80/><F14/><W87/><G115/><T130/><D130/><U18/><AGARI ba="1,2" hai="8,9,10,18,21,26,36,41,46,52,57,58,59,63" machi="18" ten="30,12000,2" yaku="1,1,0,1,54,1,53,3" doraHai="86" doraHaiUra="54" who="1" fromWho="1" sc="124,-31,308,143,411,-61,137,-31" /><INIT seed="7,0,0,0,3,40" ten="93,451,350,106" oya="3" hai0="135,122,6,94,127,51,25,37,31,105,132,52,134" hai1="73,119,34,58,118,59,107,116,7,91,43,21,76" hai2="101,54,85,66,125,75,67,53,86,4,78,79,64" hai3="121,92,124,77,57,47,5,36,87,14,131,49,26"/><W99/><G121/><T11/><D105/><U22/><E34/><V111/><F111/><W19/><G131/><T1/><D37/><U23/><E7/><V17/><F75/><W71/><G71/><T18/><D127/><U109/><E109/><V70/><F70/><W89/><G124/><T117/><D117/><U90/><E43/><V39/><F39/><W42/><G5/><T81/><D81/><N who="1" m="45199" /><E107/><V104/><F4/><W0/><G0/><T10/><D94/><U48/><E48/><V45/><F125/><W63/><G36/><T9/><D18/><U74/><E74/><V110/><F110/><W33/><G26/><T50/><D50/><U103/><E103/><V35/><F35/><W8/><G33/><N who="0" m="20719" /><D122/><U20/><E20/><V3/><F3/><W120/><G120/><T128/><D128/><U97/><E97/><V133/><F104/><W60/><G57/><AGARI ba="0,0" hai="1,6,9,10,11,51,52,57,132,134,135" m="20719" machi="57" ten="30,2000,0" yaku="20,1,54,1" doraHai="40" who="0" fromWho="3" sc="93,20,451,0,350,0,106,-20" /><AGARI ba="0,0" hai="21,22,23,57,58,59,90,91,116,118,119" m="45199" machi="57" ten="40,1300,0" yaku="12,1" doraHai="40" who="1" fromWho="3" sc="113,0,451,13,350,0,86,-13" owari="113,-29.0,464,57.0,350,15.0,73,-43.0" /></mjloggm>