<mjloggm ver="2.3"><GO type="169"/><UN n0="%E3%81%A7%E3%81%93%E3%81%98" n1="%E3%83%B4%E3%81%81%E3%81%AB%E3%82%89%E3%81%82%E3%81%84%E3%81%99" n2="%70%61%77%61%66%75%32" n3="%EF%BC%88%E2%89%A7%E2%96%BD%E2%89%A6%EF%BC%89" dan="16,17,16,18" rate="2096,2134,2052,2209" sx="M,M,F,M"/><TAIKYOKU oya="0"/><INIT seed="0,0,0,4,3,114" ten="250,250,250,250" oya="0" hai0="69,127,48,101,84,41,21,0,85,49,37,3,34" hai1="82,10,6,83,93,44,70,54,14,36,99,104,130" hai2="108,45,90,33,105,118,20,8,27,112,22,92,81" hai3="46,119,15,38,53,115,29,13,111,56,2,57,107"/><T120/><D120/><U61/><E104/><V72/><F105/><W73/><G115/><T68/><D34/><U67/><E130/><V51/><F112/><W100/><G2/><T31/><D101/><U124/><E124/><V106/><F106/><W116/><G73/><T58/><D127/><U79/><E36/><V64/><F108/><W78/><G78/><T131/><D131/><U88/><REACH who="1" step="1"/><E79/><REACH who="1" ten="250,240,250,250" step="2"/><V66/><F72/><W110/><G38/><T59/><D37/><U132/><E132/><V71/><F81/><W28/><G107/><T109/><D109/><U135/><E135/><V128/><F128/><W4/><G111/><T26/><D41/><U40/><E40/><V50/><F92/><W103/><G110/><T24/><D21/><U7/><E7/><V126/><F20/><W63/><G4/><T32/><D32/><U94/><E94/><V123/><F22/><W76/><G76/><T75/><D75/><U19/><E19/><V52/><F33/><W1/><G29/><AGARI ba="0,1" hai="0,3,24,26,29,31,48,49,58,59,68,69,84,85" machi="29" ten="25,2400,0" yaku="22,2" doraHai="114" who="0" fromWho="3" sc="250,34,240,0,250,0,250,-24" /><INIT seed="0,1,0,3,3,49" ten="284,240,250,226" oya="0" hai0="67,29,110,120,58,23,21,22,105,133,104,25,134" hai1="63,117,34,3,101,36,13,114,109,33,24,7,121" hai2="93,45,26,69,75,12,10,37,84,111,16,19,87" hai3="60,65,125,97,55,74,30,15,5,2,129,35,32"/><T135/><D120/><U64/><E121/><V28/><F69/><W100/><G74/><T102/><D110/><U119/><E109/><V72/><F111/><W71/><G129/><T113/><D113/><U0/><E36/><V107/><F107/><W77/><G77/><T38/><D38/><U116/><E101/><V44/><F19/><W47/><G125/><T54/><D67/><U95/><E114/><V61/><F37/><W118/><G118/><T42/><D42/><U17/><E95/><V31/><F61/><W43/><G15/><T18/><D102/><U83/><E83/><V14/><F93/><W131/><G131/><T94/><D94/><U20/><E64/><V62/><F62/><W103/><G103/><T27/><REACH who="0" step="1"/><D22/><REACH who="0" ten="274,240,250,226" step="2"/><U56/><E33/><V88/><F44/><W78/><G47/><T1/><D1/><U81/><E81/><V99/><F45/><W8/><G35/><T46/><D46/><U92/><E92/><V82/><F82/><W85/><G43/><T51/><AGARI ba="1,1" hai="18,21,23,25,27,29,51,54,58,104,105,133,134,135" machi="51" ten="30,11700,0" yaku="1,1,0,1,20,1,52,1,53,0" doraHai="49" doraHaiUra="11" who="0" fromWho="0" sc="274,130,240,-40,250,-40,226,-40" /><INIT seed="0,2,0,4,4,35" ten="404,200,210,186" oya="0" hai0="109,53,13,17,85,60,124,5,30,56,66,92,32" hai1="115,26,24,58,6,87,75,96,76,74,111,122,12" hai2="43,107,114,125,42,55,88,46,41,95,116,19,1" hai3="54,57,27,135,71,44,121,20,16,67,106,51,36"/><T90/><D124/><U21/><E122/><V98/><F114/><W25/><G121/><T91/><D5/><U40/><E115/><V29/><F125/><W80/><G106/><T62/><D109/><U86/><E111/><V14/><F107/><W93/><G135/><T68/><D90/><U99/><E40/><V45/><F116/><W10/><G80/><T69/><D30/><U0/><E58/><V131/><F131/><W123/><G123/><T84/><D32/><U117/><E117/><V18/><F1/><W37/><G71/><T118/><D118/><U8/><E26/><V28/><F55/><W64/><G10/><T4/><D4/><U82/><E12/><V112/><F112/><W50/><G27/><T52/><D69/><U108/><E108/><V48/><F18/><W102/><G36/><T83/><D83/><U9/><E9/><N who="2" m="6607" /><F48/><W79/><G37/><T31/><D31/><AGARI ba="2,0" hai="28,29,31,41,42,43,45,46,88,95,98" m="6607" machi="31" ten="30,2000,0" yaku="8,1,54,1" doraHai="35" who="2" fromWho="0" sc="404,-26,200,0,210,26,186,0" /><INIT seed="1,0,0,1,4,87" ten="378,200,236,186" oya="1" hai0="31,135,57,19,84,120,77,15,43,25,16,5,1" hai1="49,109,116,79,114,10,13,63,81,65,93,53,45" hai2="131,132,11,133,106,75,0,69,110,127,113,51,73" hai3="102,89,21,40,37,108,30,70,59,17,117,105,55"/><U71/><E116/><V28/><RYUUKYOKU type="yao9" ba="0,0" sc="378,0,200,0,236,0,186,0" hai2="0,11,28,51,69,73,75,106,110,113,127,131,132,133" /><INIT seed="1,1,0,5,1,35" ten="378,200,236,186" oya="1" hai0="80,85,106,131,72,20,89,117,7,103,49,21,132" hai1="4,84,10,67,101,2,95,14,99,81,82,108,119" hai2="105,123,122,69,40,22,29,44,74,96,78,18,135" hai3="45,86,59,46,102,0,27,93,54,109,51,116,17"/><U36/><E119/><V111/><F69/><W19/><G116/><T133/><D117/><U71/><E36/><V91/><F111/><W6/><G109/><T129/><D7/><U56/><E108/><V34/><F135/><N who="0" m="51786" /><D72/><U104/><E71/><V65/><F65/><W94/><G0/><T79/><D49/><U1/><E104/><V98/><F91/><N who="3" m="53495" /><G6/><T57/><D57/><U39/><E39/><N who="2" m="21535" /><F98/><N who="3" m="59735" /><G27/><T121/><D121/><U53/><E67/><V61/><F61/><N who="3" m="36087" /><G46/><T42/><D42/><AGARI ba="1,0" hai="17,19,42,45,51" m="36087,59735,53495" machi="42" ten="30,1000,0" yaku="8,1" doraHai="35" who="3" fromWho="0" sc="378,-13,200,0,236,0,186,13" /><INIT seed="2,0,0,0,1,11" ten="365,200,236,199" oya="2" hai0="40,111,43,57,78,15,96,115,106,116,29,16,58" hai1="54,83,102,12,112,22,120,6,110,39,18,84,7" hai2="124,19,59,21,65,36,66,61,77,55,33,123,2" hai3="108,85,17,30,5,28,75,14,80,82,71,99,129"/><V9/><F123/><W101/><G71/><T51/><D115/><U107/><E112/><V121/><F33/><W135/><G135/><T93/><D106/><U42/><E120/><V130/><F121/><W86/><G129/><T72/><D111/><U4/><E110/><V31/><F130/><W25/><G5/><T50/><D116/><U118/><E118/><V24/><F36/><W109/><G75/><T32/><D29/><U63/><E39/><V48/><F124/><W134/><G134/><T20/><D32/><U131/><E131/><V13/><F77/><W1/><G1/><T34/><D34/><U37/><E37/><V46/><REACH who="2" step="1"/><F2/><REACH who="2" ten="365,200,226,199" step="2"/><W69/><G108/><T88/><D78/><N who="1" m="46199" /><E107/><V74/><F74/><W70/><G109/><T76/><D76/><U104/><E104/><V60/><F60/><W132/><G132/><T67/><D72/><U64/><E42/><AGARI ba="0,1" hai="9,13,19,21,24,31,42,46,48,55,59,61,65,66" machi="42" ten="30,12000,1" yaku="1,1,7,1,8,1,52,1,53,1" doraHai="11" doraHaiUra="52" who="2" fromWho="1" sc="365,0,200,-120,226,130,199,0" /><INIT seed="2,1,0,1,5,102" ten="365,80,356,199" oya="2" hai0="63,9,37,19,60,69,67,125,126,6,61,79,95" hai1="118,82,22,36,18,124,107,57,92,11,74,75,129" hai2="103,12,35,131,97,123,120,21,83,64,43,56,130" hai3="104,17,77,7,8,81,122,135,44,5,2,38,13"/><V25/><F43/><W52/><G122/><T65/><D37/><U45/><E118/><V3/><F3/><W91/><G135/><T66/><D79/><U29/><E129/><N who="2" m="49163" /><F83/><W117/><G117/><T48/><D19/><U76/><E124/><N who="0" m="47721" /><D95/><U51/><E92/><N who="2" m="58791" /><F35/><W23/><G7/><T30/><D30/><U105/><E75/><V87/><F87/><W132/><G132/><T119/><D119/><U26/><E36/><V72/><F72/><W109/><G109/><T127/><D48/><U42/><REACH who="1" step="1"/><E57/><REACH who="1" ten="365,70,356,199" step="2"/><V112/><F56/><W50/><G38/><T78/><D127/><U40/><E40/><V58/><F58/><W4/><G4/><T134/><D134/><U108/><E108/><V94/><F94/><W31/><G104/><T133/><D133/><U59/><E59/><V93/><F93/><W1/><G91/><T34/><D6/><U54/><E54/><V24/><F120/><W89/><G89/><T113/><D78/><U121/><E121/><V15/><F123/><W55/><G55/><T99/><D67/><U85/><E85/><V68/><F64/><W49/><G49/><T32/><D66/><U10/><E10/><V33/><F68/><W128/><G128/><T53/><D9/><U41/><E41/><V96/><F96/><W116/><G116/><T71/><D99/><U47/><E47/><V114/><F114/><W73/><G1/><T100/><D113/><U70/><E70/><V86/><F112/><W16/><G2/><T80/><D71/><U90/><E90/><V46/><F46/><W39/><G39/><T111/><D69/><RYUUKYOKU ba="1,1" sc="365,-15,70,15,356,-15,199,15" hai1="11,18,22,26,29,42,45,51,74,76,82,105,107" hai3="5,8,13,16,17,23,31,44,50,52,73,77,81" /><INIT seed="3,2,1,3,4,13" ten="350,85,341,214" oya="3" hai0="33,62,9,34,14,68,8,25,40,56,80,101,19" hai1="45,30,4,129,127,51,26,109,83,37,6,106,95" hai2="52,103,11,1,47,88,85,42,123,38,120,3,131" hai3="21,81,66,105,31,130,111,115,79,36,122,35,118"/><W112/><G66/><T124/><D68/><U98/><E106/><V54/><F103/><W94/><G21/><T89/><D124/><U72/><E127/><V86/><F131/><W20/><G20/><T24/><D101/><U97/><E37/><V119/><F119/><W28/><G28/><T93/><D40/><U67/><E67/><V7/><F3/><W32/><G31/><T116/><D116/><U108/><E129/><V49/><F86/><N who="3" m="48447" /><G36/><T22/><D80/><U41/><E72/><V96/><F96/><N who="1" m="36969" /><E95/><N who="2" m="54671" /><F38/><W82/><G35/><T10/><D33/><N who="1" m="20695" /><E83/><V132/><F132/><W60/><G130/><T58/><D34/><U69/><E69/><V113/><F113/><N who="3" m="43595" /><G105/><T44/><D44/><U64/><E64/><V84/><F84/><W110/><G118/><T92/><D58/><U114/><E114/><V134/><F134/><W75/><G75/><T117/><D117/><U50/><E50/><V46/><F46/><W48/><G48/><T65/><D25/><U77/><E77/><V23/><F23/><W12/><G32/><T59/><D59/><U90/><E90/><V53/><F42/><W2/><G82/><T63/><D63/><U74/><E74/><V73/><F73/><W128/><G128/><T78/><D24/><U39/><E39/><V18/><F47/><W87/><G60/><T71/><D71/><U102/><E102/><V133/><F133/><W5/><G87/><N who="0" m="52287" /><D93/><U126/><E126/><V61/><F61/><W57/><G94/><T70/><D70/><U91/><E91/><V55/><N who="2" m="13312" /><DORA hai="100" /><V15/><F49/><W135/><G135/><RYUUKYOKU ba="2,1" sc="350,10,85,10,341,10,214,-30" hai0="8,9,10,14,19,22,56,62,65,78" hai1="4,6,41,45,51,108,109" hai2="1,7,11,15,18,120,123" /><INIT seed="4,3,1,2,1,61" ten="360,95,351,184" oya="0" hai0="43,131,73,122,119,4,104,35,13,77,62,81,46" hai1="48,41,110,28,130,121,58,21,84,69,2,103,128" hai2="126,101,25,57,14,26,134,75,17,0,91,15,125" hai3="74,97,90,80,59,39,54,67,115,53,23,51,70"/><T123/><D119/><U86/><E110/><V12/><F75/><W38/><G115/><T19/><D35/><U100/><E121/><V3/><F101/><N who="1" m="38985" /><E2/><N who="2" m="555" /><F57/><W24/><G54/><T1/><D104/><U112/><E69/><V52/><F91/><W72/><G72/><T18/><D131/><N who="1" m="50219" /><E112/><V6/><F52/><W107/><G107/><T133/><D133/><U89/><E58/><V37/><F37/><W60/><G97/><T56/><D4/><U135/><E135/><V109/><F109/><W40/><G40/><T22/><D18/><U68/><E68/><V105/><F105/><W10/><G10/><T50/><REACH who="0" step="1"/><D1/><REACH who="0" ten="350,95,351,184" step="2"/><U124/><E124/><N who="2" m="47723" /><F134/><W118/><G118/><T8/><D8/><U9/><E9/><N who="2" m="4151" /><F15/><W76/><REACH who="3" step="1"/><G90/><REACH who="3" ten="350,95,351,174" step="2"/><T113/><D113/><U111/><E89/><V92/><F14/><W65/><G65/><AGARI ba="3,3" hai="13,19,22,43,46,50,56,62,65,73,77,81,122,123" machi="65" ten="30,11600,0" yaku="1,1,7,1,52,1,53,1" doraHai="61" doraHaiUra="106" who="0" fromWho="3" sc="350,155,95,0,351,0,174,-125" /><INIT seed="4,4,0,4,4,2" ten="505,95,351,49" oya="0" hai0="1,29,80,49,9,64,42,7,109,117,0,51,88" hai1="28,111,94,123,114,45,93,79,33,61,59,110,34" hai2="11,43,22,58,126,16,72,112,60,6,132,67,57" hai3="41,116,4,63,23,77,129,131,68,98,55,19,3"/><T47/><D117/><U128/><E123/><V20/><F72/><W21/><G116/><T53/><D109/><U74/><E128/><N who="3" m="49226" /><G77/><T36/><D29/><U25/><E34/><V46/><F112/><W75/><G75/><T99/><D64/><U103/><E114/><V107/><F107/><W31/><G41/><T48/><D0/><U52/><E45/><V105/><F105/><W13/><G98/><T135/><D135/><U119/><E119/><V38/><F132/><W102/><G102/><T118/><D118/><U40/><E40/><V27/><F126/><W104/><G104/><T125/><D125/><U134/><E134/><V87/><F87/><W73/><G73/><T127/><D127/><U133/><E133/><V113/><F113/><W32/><G68/><T35/><D35/><U70/><E70/><V95/><F95/><W62/><G55/><T37/><D37/><U92/><REACH who="1" step="1"/><E103/><REACH who="1" ten="505,85,351,49" step="2"/><V14/><REACH who="2" step="1"/><F20/><REACH who="2" ten="505,85,341,49" step="2"/><W56/><G23/><T76/><D42/><U26/><E26/><V65/><F65/><W24/><G56/><AGARI ba="4,2" hai="6,11,14,16,22,27,38,43,46,56,57,58,60,67" machi="56" ten="30,8000,1" yaku="1,1,7,1,52,1,54,1,53,1" doraHai="2" doraHaiUra="39" who="2" fromWho="3" sc="505,0,85,0,341,112,49,-92" owari="505,60.0,85,-31.0,453,25.0,-43,-54.0" /></mjloggm>