<mjloggm ver="2.3"><GO type="97"/><UN n0="%E3%81%97%E3%81%B0%E3%81%9F%E3%81%82%E3%82%86%E3%81%BF" n1="%59%2E%48" n2="%EF%BC%88%E2%89%A7%E2%96%BD%E2%89%A6%EF%BC%89" n3="%73%75%74%74%61%6B%6F" dan="15,13,15,14" rate="2007,1845,1980,1932" sx="F,M,M,M"/><TAIKYOKU oya="0"/><INIT seed="0,0,0,4,4,123" ten="250,250,250,250" oya="0" hai0="68,80,53,35,48,13,28,26,110,7,20,71,127" hai1="96,56,45,89,119,69,124,33,105,24,98,128,103" hai2="81,0,34,21,40,126,6,16,31,58,50,38,39" hai3="52,129,60,90,76,5,122,112,8,109,25,29,132"/><T42/><D127/><U111/><E124/><V94/><F126/><W36/><G122/><T114/><D114/><U11/><E119/><V117/><F117/><W46/><G112/><T121/><D121/><U95/><E128/><V14/><F94/><W120/><G120/><T73/><D42/><U75/><E75/><V77/><F58/><W118/><G118/><T78/><D110/><U4/><E56/><V62/><F62/><W99/><G129/><T86/><D73/><U66/><E45/><N who="2" m="25895" /><F81/><W65/><G132/><T97/><D97/><U91/><E91/><V47/><F47/><W131/><G131/><T93/><D93/><U87/><E96/><V135/><F77/><W37/><G76/><T70/><D7/><U57/><E57/><V107/><F107/><W84/><G99/><T43/><D43/><U88/><E89/><V101/><F101/><W83/><G46/><T59/><REACH who="0" step="1"/><D13/><REACH who="0" ten="240,250,250,250" step="2"/><U54/><E54/><V12/><F12/><W10/><G52/><T116/><D116/><U41/><E41/><V51/><F135/><W85/><G5/><T2/><D2/><U49/><E49/><V55/><F51/><W17/><G37/><T30/><D30/><N who="1" m="19655" /><E11/><N who="2" m="2503" /><F55/><W115/><G36/><T61/><D61/><N who="1" m="40143" /><E4/><V92/><F92/><W72/><G72/><T134/><D134/><U125/><E125/><V9/><F9/><W79/><G8/><T64/><D64/><U3/><E3/><V102/><F102/><W27/><G10/><T44/><D44/><U82/><E82/><V74/><F74/><W108/><G83/><T63/><D63/><U100/><E100/><RYUUKYOKU ba="0,1" sc="240,10,250,10,250,10,250,-30" hai0="20,26,28,35,48,53,59,68,70,71,78,80,86" hai1="87,88,95,98,103,105,111" hai2="14,16,21,31,34,38,39" /><INIT seed="0,1,1,1,5,32" ten="250,260,260,220" oya="0" hai0="98,1,88,56,59,23,66,22,13,29,72,111,84" hai1="105,117,20,82,93,109,61,9,3,64,50,52,130" hai2="74,119,28,7,27,15,51,96,125,53,128,75,6" hai3="55,47,81,132,104,123,14,124,10,129,39,107,120"/><T41/><D72/><U80/><E117/><V126/><F119/><W44/><G129/><T42/><D111/><U11/><E109/><V5/><F15/><W103/><G124/><N who="2" m="47721" /><F96/><W127/><G127/><T91/><D1/><U108/><E105/><V102/><F102/><W65/><G132/><T89/><D98/><U94/><E108/><V54/><F128/><W79/><G65/><T87/><D29/><U135/><E135/><V99/><F99/><N who="3" m="61567" /><G107/><T73/><D73/><N who="2" m="27658" /><F51/><W48/><G39/><T114/><D114/><U38/><E38/><V58/><F58/><N who="0" m="22058" /><D66/><U100/><E130/><V4/><N who="2" m="1024" /><DORA hai="24" /><V21/><AGARI ba="1,1" hai="21,27,28,53,54" m="1024,27658,47721" machi="21" ten="50,6400,0" yaku="4,1,18,1,52,1" doraHai="32,24" who="2" fromWho="2" sc="250,-33,260,-17,260,77,220,-17" /><INIT seed="1,0,0,5,4,28" ten="217,243,337,203" oya="1" hai0="79,96,43,100,88,68,33,26,9,69,20,77,4" hai1="133,8,117,102,87,132,94,48,85,93,38,123,111" hai2="97,37,81,115,29,59,91,17,112,49,135,86,22" hai3="122,46,23,1,16,57,113,73,74,31,121,21,98"/><U106/><E38/><V15/><F37/><W5/><G113/><N who="2" m="43593" /><F135/><W130/><G46/><T42/><D68/><U131/><E48/><V47/><F29/><W105/><G130/><T62/><D33/><U109/><E8/><V127/><F127/><W134/><G134/><T61/><D69/><U65/><E65/><V51/><F47/><W110/><G110/><T101/><D9/><U55/><E55/><N who="2" m="32239" /><F51/><W13/><G57/><T52/><D4/><U71/><E71/><V103/><F97/><W45/><G45/><T30/><D101/><AGARI ba="0,0" hai="15,17,22,81,86,91,101,103" m="32239,43593" machi="101" ten="30,1000,0" yaku="11,1" doraHai="28" who="2" fromWho="0" sc="217,-10,243,0,337,10,203,0" /><INIT seed="2,0,0,3,2,36" ten="207,243,347,203" oya="2" hai0="118,42,131,26,59,14,62,60,8,69,126,108,33" hai1="129,100,46,11,41,73,114,130,38,127,80,7,37" hai2="77,3,56,30,121,50,117,74,9,70,45,28,54" hai3="22,58,78,1,99,20,115,75,31,64,123,10,19"/><V57/><F121/><W83/><G123/><T0/><D0/><N who="1" m="487" /><E114/><V72/><F117/><W66/><G115/><T97/><D118/><U104/><E38/><V5/><F70/><W84/><G75/><T71/><D126/><U82/><E82/><V43/><F57/><W113/><G113/><T18/><D131/><N who="1" m="50187" /><E100/><V23/><F23/><W68/><G68/><T67/><D108/><U27/><E27/><V47/><F47/><W125/><G125/><T98/><D71/><U112/><E112/><V116/><F116/><W52/><G99/><T87/><D87/><U17/><E17/><V34/><F34/><W51/><G31/><T79/><D79/><N who="1" m="44143" /><E104/><V61/><F74/><W107/><G107/><T40/><D98/><U135/><E127/><V29/><F72/><W111/><G111/><T132/><D97/><U94/><E94/><V21/><F77/><W65/><G1/><T119/><D119/><U6/><E6/><V92/><F92/><W15/><AGARI ba="0,0" hai="10,15,19,20,22,51,52,58,64,65,66,78,83,84" machi="15" ten="30,4000,0" yaku="0,1,8,1,54,1" doraHai="36" who="3" fromWho="3" sc="207,-10,243,-10,347,-20,203,40" /><INIT seed="3,0,0,2,3,47" ten="197,233,327,243" oya="3" hai0="29,3,13,35,114,57,10,25,103,65,59,101,110" hai1="81,64,89,104,44,73,62,6,97,27,116,20,26" hai2="18,41,80,69,74,39,120,111,71,118,55,100,99" hai3="49,11,98,33,108,126,24,128,107,105,61,113,135"/><W15/><G113/><T66/><D114/><U32/><E116/><V76/><F118/><W17/><G135/><T12/><D110/><U58/><E73/><V83/><F120/><W63/><G108/><T78/><D78/><U21/><E104/><V38/><F111/><W36/><G36/><T75/><D75/><U106/><E106/><V131/><F131/><W122/><G128/><T43/><D43/><U130/><E130/><V7/><F7/><W102/><G122/><T54/><D3/><U37/><E6/><V42/><F55/><W123/><G123/><T94/><D94/><U67/><E32/><V8/><F8/><W40/><G107/><T84/><D84/><U60/><E37/><V129/><F129/><W28/><REACH who="3" step="1"/><G126/><REACH who="3" ten="197,233,327,233" step="2"/><T70/><D70/><U124/><E124/><V133/><F71/><W52/><G52/><T68/><D68/><U72/><E72/><V90/><F74/><W121/><G121/><T53/><D53/><U9/><E9/><V56/><F69/><W30/><G30/><T127/><D127/><U86/><E44/><AGARI ba="0,1" hai="11,15,17,24,28,33,40,44,49,61,63,98,102,105" machi="44" ten="40,3900,0" yaku="1,1,52,1,53,0" doraHai="47" doraHaiUra="79" who="3" fromWho="1" sc="197,0,233,-39,327,0,233,49" /><INIT seed="3,1,0,3,1,99" ten="197,194,327,282" oya="3" hai0="131,75,10,126,29,60,53,89,127,122,45,37,52" hai1="39,88,91,25,130,110,20,76,120,26,4,21,73" hai2="124,87,42,101,125,35,108,95,30,0,109,132,54" hai3="100,15,123,50,5,77,85,59,128,94,71,82,115"/><W36/><G123/><T46/><D75/><U98/><E120/><V74/><F74/><W19/><G115/><T8/><D122/><U38/><E4/><V63/><F0/><W9/><G128/><T31/><D89/><U121/><E121/><V51/><F132/><W113/><G113/><T12/><D131/><U97/><E73/><V3/><F3/><W18/><G71/><T41/><D60/><U90/><E130/><V49/><F35/><W28/><G36/><N who="1" m="13866" /><E76/><V62/><F30/><W34/><G28/><N who="0" m="10827" /><D8/><U135/><E110/><N who="2" m="42603" /><F42/><W81/><G34/><T93/><D93/><U48/><E48/><N who="2" m="18507" /><F54/><N who="3" m="32215" /><G81/><T40/><D40/><U78/><E78/><V119/><F119/><W24/><G24/><N who="1" m="9322" /><E135/><V118/><F118/><W6/><G6/><N who="0" m="3159" /><D45/><U80/><E80/><V1/><F1/><W67/><G67/><T92/><D92/><U22/><AGARI ba="1,0" hai="20,21,22,88,90,91,97,98" m="9322,13866" machi="22" ten="40,5200,0" yaku="28,2,54,1" doraHai="99" who="1" fromWho="1" sc="197,-14,194,55,327,-14,282,-27" owari="183,-32.0,249,-15.0,313,41.0,255,6.0" /></mjloggm>