<mjloggm ver="2.3"><GO type="169"/><UN n0="%E7%88%86%E7%89%8C%E3%82%A6%E3%82%B7%E3%82%B8%E3%83%9E%E3%81%8F%E3%82%93" n1="%E3%81%BE%E3%81%82%E3%82%8D" n2="%EF%BC%88%E2%89%A7%E2%96%BD%E2%89%A6%EF%BC%89" n3="%61%6B%69%6E%61%72%69%30" dan="18,16,16,16" rate="2178,2108,2104,2110" sx="M,M,M,F"/><TAIKYOKU oya="0"/><INIT seed="0,0,0,2,0,20" ten="250,250,250,250" oya="0" hai0="89,121,125,6,36,127,79,34,134,76,90,19,39" hai1="123,14,122,28,92,32,74,23,26,118,117,85,81" hai2="119,55,24,70,75,93,18,11,73,88,38,69,108" hai3="82,5,132,29,12,45,99,128,31,135,60,84,116"/><T101/><D121/><U40/><E40/><V27/><F38/><N who="0" m="14378" /><D6/><U3/><E3/><V44/><F119/><W35/><G116/><T49/><D101/><U4/><E118/><V133/><F73/><W91/><G128/><T110/><D34/><U131/><E117/><V10/><F75/><W98/><G45/><T21/><D49/><U17/><E131/><V15/><F70/><W50/><G50/><T62/><D62/><U80/><E92/><V56/><F69/><W63/><G63/><T58/><D58/><U78/><REACH who="1" step="1"/><E4/><REACH who="1" ten="250,240,250,250" step="2"/><V103/><F93/><W106/><G5/><T47/><D127/><U25/><E25/><V113/><F27/><W112/><G106/><T114/><D125/><U48/><E48/><V67/><F24/><W52/><G132/><T7/><D134/><U37/><E37/><V57/><F133/><W83/><G135/><T53/><D7/><U105/><E105/><V41/><F41/><W33/><G83/><T61/><D61/><U46/><E46/><V43/><F44/><W97/><G12/><N who="0" m="9447" /><D47/><U68/><E68/><V111/><F43/><W64/><G64/><T16/><D110/><U95/><E95/><V8/><F111/><W59/><G112/><T109/><D114/><U1/><E1/><V0/><F108/><W22/><G60/><T66/><D109/><U124/><E124/><V86/><F113/><W13/><G13/><T126/><D66/><U71/><E71/><V102/><F67/><W120/><G82/><T129/><D126/><U2/><E2/><V130/><F0/><W87/><G59/><N who="2" m="22601" /><F130/><W104/><G104/><RYUUKYOKU ba="0,1" sc="250,-10,240,30,250,-10,250,-10" hai1="14,17,23,26,28,32,74,78,80,81,85,122,123" /><INIT seed="1,1,1,2,2,62" ten="240,270,240,240" oya="1" hai0="101,91,6,129,15,112,21,26,13,22,39,1,57" hai1="133,34,4,60,128,96,66,131,92,11,97,9,73" hai2="54,56,95,20,65,16,126,87,99,125,70,30,122" hai3="115,110,27,86,37,120,113,98,81,43,117,47,61"/><U23/><E34/><V103/><F122/><W33/><G120/><T127/><D39/><U17/><E73/><V76/><F30/><W102/><G117/><T0/><D112/><U74/><E74/><V36/><F36/><W71/><G110/><T51/><D101/><U83/><E83/><V123/><F123/><W121/><G121/><T14/><D91/><N who="1" m="55327" /><E97/><V12/><F76/><W80/><G80/><T94/><D94/><U104/><E104/><V59/><F87/><W40/><G40/><T84/><D84/><U53/><E53/><V111/><F111/><W55/><G55/><T64/><D51/><U79/><E79/><V118/><F118/><W31/><G86/><T109/><D109/><U114/><E4/><V48/><REACH who="2" step="1"/><F59/><REACH who="2" ten="240,270,230,240" step="2"/><W100/><G81/><T7/><D57/><N who="1" m="37135" /><E114/><V58/><F58/><W49/><G37/><T72/><D72/><U75/><E75/><V106/><F106/><N who="3" m="63767" /><G102/><T108/><D108/><U52/><E131/><V77/><F77/><W93/><G93/><T8/><D129/><U35/><E128/><V25/><F25/><W90/><G90/><T135/><D26/><U119/><E119/><V19/><F19/><W124/><G124/><T2/><D127/><U78/><E17/><V67/><F67/><AGARI ba="1,2" hai="27,31,33,43,47,49,61,67,71,113,115" m="63767" machi="67" ten="30,2000,0" yaku="25,1,52,1" doraHai="62" who="3" fromWho="2" sc="240,0,270,0,230,-23,240,43" /><INIT seed="2,0,0,5,2,49" ten="240,270,207,283" oya="2" hai0="55,107,12,57,24,52,40,54,67,21,96,51,105" hai1="108,85,37,48,71,95,76,17,0,90,60,133,20" hai2="43,124,74,7,35,112,5,73,118,59,91,29,64" hai3="135,30,68,75,79,86,110,47,127,126,99,121,119"/><V131/><F118/><W32/><G119/><T33/><D33/><U97/><E37/><V89/><F112/><W88/><G121/><T4/><D105/><U72/><E0/><V25/><F124/><N who="3" m="47659" /><G68/><T104/><D107/><U66/><E72/><V65/><F131/><W39/><G32/><T9/><D104/><U11/><E11/><V134/><F134/><W102/><G30/><N who="0" m="17679" /><D96/><U53/><E133/><V111/><F43/><W78/><G47/><N who="0" m="26087" /><D67/><U83/><E108/><V101/><F111/><W103/><G39/><T3/><D3/><U50/><REACH who="1" step="1"/><E53/><REACH who="1" ten="240,260,207,283" step="2"/><V10/><F10/><W92/><G110/><T69/><D69/><U41/><E41/><V28/><F73/><W42/><G42/><T80/><D80/><U100/><E100/><N who="3" m="38442" /><G75/><T26/><D26/><AGARI ba="0,1" hai="17,20,26,48,50,60,66,71,76,83,85,90,95,97" machi="26" ten="30,2000,0" yaku="1,1,7,1,53,0" doraHai="49" doraHaiUra="36" who="1" fromWho="0" sc="240,-20,260,30,207,0,283,0" /><INIT seed="3,0,0,1,2,55" ten="220,290,207,283" oya="3" hai0="49,105,3,127,64,19,98,7,66,132,14,73,74" hai1="51,5,87,56,63,65,109,83,96,89,68,11,31" hai2="118,50,121,4,128,62,133,134,69,24,77,53,72" hai3="28,97,37,110,119,41,15,130,92,40,26,58,114"/><W16/><G119/><T106/><D127/><U34/><E109/><V8/><F118/><W123/><G114/><T116/><D116/><U27/><E96/><V12/><F128/><W22/><G123/><T43/><D132/><N who="2" m="50794" /><F24/><W79/><G130/><T104/><D98/><U75/><E75/><V1/><F121/><W9/><G37/><T0/><D7/><U42/><E42/><V36/><F77/><W129/><G129/><T82/><D43/><U80/><E51/><V33/><F33/><W85/><G110/><T95/><D49/><U32/><E32/><V59/><F72/><W25/><G25/><T107/><D95/><U102/><E102/><V120/><F36/><W57/><G41/><T99/><D99/><U6/><E6/><V18/><F120/><W52/><G40/><T125/><D125/><U108/><E108/><V61/><F69/><W54/><G85/><T135/><D135/><U60/><E60/><V23/><AGARI ba="0,0" hai="1,4,8,12,18,23,50,53,59,61,62" m="50794" machi="23" ten="30,2000,0" yaku="20,1,52,1" doraHai="55" who="2" fromWho="2" sc="220,-5,290,-5,207,20,283,-10" /><INIT seed="4,0,0,2,5,44" ten="215,285,227,273" oya="0" hai0="116,27,6,94,80,135,69,50,115,104,1,64,73" hai1="5,29,14,62,30,56,121,47,122,117,112,10,76" hai2="130,7,95,127,133,52,54,66,102,60,49,79,99" hai3="81,13,15,57,97,35,75,46,59,91,48,83,125"/><T131/><D104/><U126/><E117/><V128/><F127/><W132/><G35/><T65/><D116/><U63/><E126/><V25/><F133/><W43/><G125/><T38/><D135/><U70/><E76/><V84/><F7/><W78/><G132/><T31/><D38/><U22/><E70/><V96/><F25/><W55/><G59/><T101/><D131/><N who="2" m="50218" /><F99/><W77/><G91/><T20/><D115/><U86/><E63/><V16/><F16/><W71/><G71/><T88/><D101/><U124/><E124/><V113/><F113/><W40/><G97/><T39/><D39/><U11/><E112/><V12/><F12/><W3/><G3/><T119/><D119/><U67/><E10/><V110/><F110/><W21/><G21/><T36/><D36/><U107/><E107/><V2/><F2/><W103/><G103/><T92/><D73/><U51/><E86/><V8/><F8/><W123/><G123/><T129/><D129/><U32/><E32/><V89/><F79/><W58/><G15/><T34/><D34/><U0/><E121/><V72/><F72/><W120/><G13/><T90/><D1/><U106/><E106/><N who="2" m="63815" /><F49/><W85/><G120/><T109/><D6/><U100/><E122/><V82/><F82/><W118/><G118/><T111/><D80/><U74/><E74/><V105/><F105/><W53/><G46/><T134/><D134/><U114/><E114/><V4/><F4/><W9/><G9/><T45/><D109/><U98/><E0/><V33/><F33/><W68/><G68/><AGARI ba="0,0" hai="52,54,60,66,68,84,89,95" m="63815,50218" machi="68" ten="30,2000,0" yaku="19,1,54,1" doraHai="44" who="2" fromWho="3" sc="215,0,285,0,227,20,273,-20" /><INIT seed="5,0,0,2,4,57" ten="215,285,247,253" oya="1" hai0="116,100,122,78,23,101,108,73,36,51,120,46,115" hai1="4,58,60,18,134,9,21,131,66,15,69,83,24" hai2="5,118,35,99,103,17,81,6,132,7,75,111,86" hai3="130,117,47,93,59,49,42,102,27,50,135,74,84"/><U105/><E131/><V90/><F111/><W77/><G74/><T28/><D108/><U25/><E134/><V92/><F118/><W97/><G135/><T22/><D116/><U37/><E37/><V125/><F125/><W48/><G130/><T88/><D36/><U44/><E105/><V106/><F132/><W96/><G117/><T72/><D115/><U62/><E83/><V109/><F35/><W63/><G96/><T56/><D78/><U67/><REACH who="1" step="1"/><E44/><REACH who="1" ten="215,275,247,253" step="2"/><V76/><F109/><W107/><G107/><T52/><D46/><U112/><E112/><V127/><F127/><W31/><G47/><T133/><D133/><U104/><E104/><V12/><F5/><W124/><G124/><T71/><D122/><U65/><E65/><V82/><F81/><N who="3" m="47151" /><G42/><T10/><D120/><U13/><AGARI ba="0,1" hai="4,9,13,15,18,21,24,25,58,60,62,66,67,69" machi="13" ten="20,12000,1" yaku="1,1,0,1,7,1,52,2,53,0" doraHai="57" doraHaiUra="114" who="1" fromWho="1" sc="215,-40,275,130,247,-40,253,-40" /><INIT seed="5,1,0,3,2,93" ten="175,405,207,213" oya="1" hai0="64,15,47,48,122,90,53,83,116,62,80,115,37" hai1="92,132,78,76,101,43,81,36,128,69,24,112,42" hai2="75,109,96,54,95,113,135,6,21,16,74,51,130" hai3="10,3,60,58,9,12,99,82,119,8,68,87,20"/><U22/><E69/><V72/><F109/><W108/><G108/><T56/><D116/><U79/><E36/><V123/><F123/><W91/><G68/><T106/><D122/><U124/><E124/><V110/><F110/><W33/><G33/><T38/><D115/><U0/><E0/><V27/><F6/><W11/><G119/><T4/><D106/><U70/><E70/><V2/><F2/><W111/><G111/><T120/><D120/><U117/><E117/><V100/><F113/><W63/><G3/><T41/><D90/><U7/><E128/><V126/><F126/><W29/><G29/><T104/><D104/><U35/><E35/><V52/><F135/><W114/><G114/><T127/><D127/><U28/><E7/><V40/><REACH who="2" step="1"/><F130/><REACH who="2" ten="175,405,197,213" step="2"/><W30/><G30/><T89/><D4/><U18/><E132/><V67/><F67/><W97/><G20/><T125/><D64/><U34/><E112/><V13/><F13/><W102/><G12/><T17/><D125/><U19/><E28/><V131/><F131/><W77/><G9/><N who="0" m="6383" /><D38/><U86/><E22/><V73/><N who="2" m="18432" /><DORA hai="32" /><V14/><F14/><W129/><G129/><T66/><D37/><U57/><E34/><V46/><AGARI ba="1,1" hai="16,21,27,40,46,51,52,54,95,96,100" m="18432" machi="46" ten="60,12000,2" yaku="1,1,0,1,52,1,54,2,53,1" doraHai="93,32" doraHaiUra="121,44" who="2" fromWho="2" sc="175,-31,405,-61,197,133,213,-31" /><INIT seed="6,0,0,2,4,126" ten="144,344,330,182" oya="2" hai0="84,76,53,107,59,111,22,124,6,82,67,3,133" hai1="10,75,8,121,81,14,2,15,120,35,18,117,24" hai2="70,56,13,62,89,106,110,99,42,127,88,5,105" hai3="58,43,61,34,101,12,52,25,77,55,37,66,100"/><V0/><F0/><W19/><G37/><T115/><D111/><U96/><E117/><V74/><F70/><W109/><G109/><T80/><D107/><U36/><E36/><V63/><F74/><W44/><G77/><T102/><D115/><U7/><E96/><V128/><F106/><W64/><G34/><T78/><D124/><U50/><E50/><V113/><F113/><W48/><G25/><T98/><D133/><U29/><E15/><V45/><F127/><W51/><G64/><T79/><D67/><U104/><E104/><V39/><F110/><W85/><G85/><T20/><D3/><U132/><E132/><V60/><F56/><W17/><G43/><T65/><D6/><U114/><E114/><V28/><F28/><W134/><G134/><T27/><D65/><U103/><E103/><V9/><F128/><W123/><G123/><N who="1" m="47178" /><E81/><N who="0" m="31337" /><D84/><U41/><E41/><V83/><REACH who="2" step="1"/><F83/><REACH who="2" ten="144,344,320,182" step="2"/><W95/><G95/><N who="0" m="58719" /><D27/><U91/><E75/><V11/><F11/><W73/><G73/><T122/><D122/><U4/><E10/><V16/><F16/><N who="3" m="6219" /><G12/><T86/><D79/><U30/><E30/><V31/><F31/><W54/><G58/><T108/><D78/><U33/><E2/><V40/><F40/><W68/><G68/><T119/><D108/><U46/><E8/><V125/><F125/><W90/><G44/><T47/><D47/><U21/><E14/><V72/><F72/><W71/><G71/><T94/><D119/><U23/><E46/><V57/><F57/><W97/><G48/><N who="0" m="31143" /><D76/><U69/><E69/><V118/><F118/><W92/><G51/><RYUUKYOKU ba="0,1" sc="144,10,344,-30,320,10,182,10" hai0="20,22,86,94" hai2="5,9,13,39,42,45,60,62,63,88,89,99,105" hai3="52,54,55,61,66,90,92,97,100,101" /><INIT seed="6,1,1,2,3,88" ten="154,314,330,192" oya="2" hai0="104,102,23,91,29,75,90,31,71,56,51,126,130" hai1="41,97,108,57,40,33,103,92,132,77,1,13,105" hai2="16,50,101,94,47,5,79,74,43,86,22,54,10" hai3="19,112,116,124,60,106,0,11,65,119,98,48,110"/><V9/><F74/><W131/><G110/><T85/><D71/><U24/><E1/><V111/><F111/><W3/><G124/><T63/><D126/><U58/><E108/><V26/><F5/><W107/><G131/><T84/><D75/><U17/><E132/><V83/><F43/><N who="1" m="16457" /><E105/><V89/><REACH who="2" step="1"/><F101/><REACH who="2" ten="154,314,320,192" step="2"/><W32/><G116/><T49/><D102/><U68/><E103/><V37/><F37/><W121/><G119/><T70/><D130/><U38/><E38/><V67/><F67/><W61/><G65/><T55/><D70/><U128/><E68/><V52/><F52/><W76/><G107/><T99/><D55/><U53/><E53/><V125/><F125/><W27/><G106/><T46/><D104/><U96/><E128/><V69/><F69/><W44/><G121/><T118/><D118/><U80/><E58/><V62/><F62/><W8/><G60/><T120/><D63/><U95/><E57/><V2/><F2/><W73/><G61/><T12/><D56/><U127/><E127/><V34/><F34/><W81/><G0/><T115/><D120/><U39/><E39/><V25/><F25/><W66/><G3/><T129/><D129/><U109/><E109/><V42/><F42/><W82/><G66/><T4/><D4/><U78/><E33/><V72/><AGARI ba="1,2" hai="9,10,16,22,26,47,50,54,72,79,83,86,89,94" machi="72" ten="20,18000,2" yaku="1,1,0,1,7,1,52,1,54,1,53,1" doraHai="88" doraHaiUra="20" who="2" fromWho="2" sc="154,-61,314,-61,320,203,192,-61" /><INIT seed="6,2,0,3,0,112" ten="93,253,523,131" oya="2" hai0="32,61,103,97,80,15,93,10,57,127,21,88,16" hai1="99,18,84,125,134,108,62,59,132,3,54,122,123" hai2="106,102,114,118,70,67,29,41,117,43,8,79,60" hai3="53,119,42,35,40,52,56,126,31,76,109,20,47"/><V78/><F114/><W51/><G109/><T44/><D32/><U6/><E108/><V66/><F8/><W1/><G1/><T64/><D127/><U87/><E125/><V82/><F66/><W50/><G119/><T85/><D44/><U46/><E99/><N who="2" m="61791" /><F78/><W65/><G35/><T28/><D28/><U113/><E113/><V36/><F41/><W49/><G126/><T39/><D39/><U30/><E30/><V27/><F43/><W4/><G4/><T116/><D116/><U135/><E18/><V33/><F36/><W63/><G76/><T90/><D10/><N who="1" m="2399" /><E46/><V77/><F77/><AGARI ba="2,0" hai="15,16,21,57,61,64,77,80,85,88,90,93,97,103" machi="77" ten="30,7700,0" yaku="7,1,8,1,54,2" doraHai="112" who="0" fromWho="2" sc="93,83,253,0,523,-83,131,0" /><INIT seed="7,0,0,5,3,80" ten="176,253,440,131" oya="3" hai0="108,45,114,98,61,102,96,72,111,11,66,110,90" hai1="5,16,36,19,25,33,105,58,101,128,86,34,20" hai2="13,43,29,46,24,91,67,79,55,44,69,71,0" hai3="63,132,130,70,75,107,103,84,135,60,118,134,39"/><W6/><G118/><T2/><D72/><U14/><E36/><V51/><F0/><W74/><G130/><T106/><D114/><U26/><E5/><V3/><F3/><W94/><G6/><T9/><D2/><U31/><E128/><V64/><F79/><W21/><G39/><T81/><D45/><U83/><E101/><V17/><F71/><W30/><G107/><T104/><D81/><U73/><E73/><N who="3" m="27658" /><G70/><T109/><D109/><U77/><E105/><V42/><F69/><W8/><G8/><T120/><D120/><U38/><E38/><V131/><F131/><W133/><N who="3" m="33792" /><DORA hai="52" /><W15/><G103/><T1/><D1/><U7/><E7/><V117/><F117/><W23/><G15/><T123/><D123/><U59/><E34/><V119/><F13/><W113/><G113/><T65/><D108/><U76/><E76/><V115/><F119/><W95/><G30/><T93/><D102/><U4/><E4/><V92/><F29/><W54/><G54/><T50/><D106/><U88/><E77/><V124/><F55/><W56/><G84/><T53/><D110/><U40/><E40/><V62/><F42/><W27/><G21/><AGARI ba="0,0" hai="14,16,19,20,21,25,26,31,33,58,59,83,86,88" machi="21" ten="30,12000,2" yaku="7,1,52,3,54,2" doraHai="80,52" who="1" fromWho="3" sc="176,0,253,120,440,0,131,-120" owari="176,-22.0,373,17.0,440,54.0,11,-49.0" /></mjloggm>