<mjloggm ver="2.3"><GO type="41"/><UN n0="%E3%81%A1%E3%82%83%E3%82%93%E3%81%A9%E3%82%89%E3%83%BC" n1="%46%65%7A%61%61%6E%E2%85%A0" n2="%E3%82%A6%E3%83%AB%E3%83%88%E3%83%A9%E7%AB%8B%E7%9B%B4" n3="%66%63%64" dan="14,15,15,14" rate="1838,2022,2017,1834" sx="M,M,M,M"/><TAIKYOKU oya="0"/><INIT seed="0,0,0,5,2,18" ten="250,250,250,250" oya="0" hai0="13,83,48,117,10,96,65,122,118,24,23,124,44" hai1="120,33,105,73,3,80,89,66,29,70,21,121,112" hai2="68,82,115,46,126,92,12,60,0,113,87,35,76" hai3="5,99,69,62,57,86,51,26,108,37,59,88,31"/><T39/><D122/><U75/><E89/><V6/><F0/><W81/><G108/><T128/><D65/><U107/><E21/><V55/><F35/><W129/><G129/><T101/><D128/><U119/><E119/><V56/><F126/><W97/><G37/><T79/><D124/><U103/><E3/><V135/><F135/><W38/><G38/><T27/><D39/><U20/><E20/><V11/><F68/><W109/><G109/><T16/><D79/><N who="1" m="44143" /><E75/><V134/><F134/><W77/><G5/><T125/><D83/><U45/><E45/><V123/><F123/><N who="1" m="47177" /><E103/><V30/><F30/><W63/><G69/><T43/><D125/><U42/><E42/><V28/><F28/><W2/><G2/><T71/><D71/><U116/><E116/><V133/><F133/><W53/><G77/><T17/><REACH who="0" step="1"/><D27/><REACH who="0" ten="240,250,250,250" step="2"/><N who="1" m="18623" /><E112/><V54/><F113/><W106/><G106/><AGARI ba="0,1" hai="10,13,16,17,23,24,43,44,48,96,101,106,117,118" machi="106" ten="30,11600,0" yaku="1,1,7,1,52,1,54,1,53,0" doraHai="18" doraHaiUra="90" who="0" fromWho="3" sc="240,126,250,0,250,0,250,-116" /><INIT seed="0,1,0,0,5,41" ten="366,250,250,134" oya="0" hai0="43,83,75,95,50,122,26,47,119,93,44,102,58" hai1="39,107,96,117,8,101,14,118,66,52,130,134,103" hai2="42,2,116,113,85,51,82,79,29,81,76,115,36" hai3="120,11,67,89,108,64,13,5,37,46,135,30,77"/><T84/><D122/><U73/><E73/><V104/><F29/><W20/><G120/><T33/><D75/><U62/><E134/><V1/><F36/><W24/><G135/><T6/><D6/><U88/><E130/><V35/><F35/><W40/><G108/><T90/><D119/><U16/><E101/><V110/><F104/><W132/><G132/><T86/><D58/><U0/><E0/><V127/><F110/><W87/><REACH who="3" step="1"/><G77/><REACH who="3" ten="366,250,250,124" step="2"/><N who="0" m="46191" /><D102/><U69/><E39/><V23/><F116/><W7/><G7/><T21/><D33/><U45/><REACH who="1" step="1"/><E88/><REACH who="1" ten="366,240,250,124" step="2"/><V65/><F79/><W19/><G19/><N who="0" m="12607" /><D90/><U48/><AGARI ba="1,2" hai="8,14,16,45,48,52,62,66,69,96,103,107,117,118" machi="48" ten="30,12000,2" yaku="1,1,0,1,52,1,54,2,53,1" doraHai="41" doraHaiUra="92" who="1" fromWho="1" sc="366,-61,240,143,250,-31,124,-31" /><INIT seed="1,0,0,2,0,16" ten="305,383,219,93" oya="1" hai0="94,81,9,33,85,38,8,29,42,67,102,31,95" hai1="22,46,88,30,80,27,106,69,134,47,76,56,98" hai2="57,118,20,127,126,83,23,28,53,3,89,19,63" hai3="17,36,45,133,82,64,15,49,50,92,34,129,100"/><U90/><E69/><V52/><F3/><W79/><G133/><T116/><D38/><U131/><E131/><V32/><F118/><W74/><G129/><T112/><D42/><U110/><E134/><V39/><F39/><W87/><G34/><T21/><D33/><U68/><E68/><V130/><F130/><W48/><G64/><T103/><D116/><U59/><E106/><V120/><F120/><W77/><G77/><T105/><D67/><U4/><E4/><V2/><F2/><W5/><G5/><T60/><D60/><U114/><E114/><V37/><F37/><W12/><G12/><T99/><D112/><U84/><E110/><V18/><F32/><W40/><G100/><T44/><D44/><N who="1" m="16939" /><E98/><V54/><F28/><W109/><G109/><T123/><D123/><U101/><E101/><V113/><F113/><W24/><G24/><N who="0" m="16527" /><D31/><U125/><E125/><N who="2" m="47627" /><F19/><W135/><G135/><T117/><D117/><U43/><E43/><V115/><F18/><W71/><G71/><T25/><D105/><U75/><E75/><V70/><F70/><W108/><G108/><T66/><D66/><U93/><E93/><V13/><F115/><W10/><REACH who="3" step="1"/><G92/><REACH who="3" ten="305,383,219,83" step="2"/><T0/><D103/><U122/><E122/><V104/><F13/><W107/><G107/><T14/><D95/><U62/><E59/><V26/><F104/><W111/><G111/><T7/><D0/><U1/><E1/><V11/><F26/><W6/><G6/><T41/><D7/><U73/><E73/><AGARI ba="0,1" hai="10,15,17,36,40,45,48,49,50,73,74,79,82,87" machi="73" ten="40,1300,0" yaku="1,1,53,0" doraHai="16" doraHaiUra="119" who="3" fromWho="1" sc="305,0,383,-13,219,0,83,23" /><INIT seed="2,0,0,0,5,20" ten="305,370,219,106" oya="2" hai0="57,123,84,66,83,56,28,101,113,93,118,26,61" hai1="115,35,91,77,99,39,72,102,85,69,36,134,79" hai2="97,25,125,109,38,135,10,126,18,120,112,131,34" hai3="46,124,90,74,0,41,40,92,132,110,48,65,80"/><V27/><F38/><W122/><G122/><T58/><D113/><U86/><E69/><V59/><F120/><W30/><G110/><T106/><D106/><U94/><E35/><V119/><F119/><W67/><G124/><N who="2" m="47721" /><F112/><W127/><G127/><T95/><D118/><U104/><E36/><V133/><F109/><W4/><G132/><N who="2" m="50761" /><F34/><W96/><G30/><T60/><D123/><U49/><E49/><V87/><F97/><W98/><G41/><T62/><D101/><U17/><E17/><V71/><F71/><W111/><G111/><T13/><D13/><U5/><E5/><V73/><F73/><W130/><G98/><T1/><D1/><U6/><E6/><V129/><F59/><W78/><G0/><T9/><D9/><U24/><E24/><N who="2" m="9291" /><F87/><W43/><G4/><T68/><D68/><U52/><E39/><V75/><F75/><W50/><G43/><T22/><D66/><U19/><E134/><V128/><F18/><W82/><G50/><T76/><AGARI ba="0,0" hai="22,26,28,56,57,58,60,61,62,76,83,84,93,95" machi="76" ten="30,4000,0" yaku="0,1,8,1,52,1" doraHai="20" who="0" fromWho="0" sc="305,40,370,-10,219,-20,106,-10" /><INIT seed="3,0,0,4,0,111" ten="345,360,199,96" oya="3" hai0="52,77,25,116,7,129,17,62,98,115,53,92,67" hai1="91,88,110,83,60,78,81,18,87,85,97,114,35" hai2="47,96,128,122,101,118,79,124,28,84,100,99,19" hai3="13,104,63,14,43,66,73,26,71,51,12,72,125"/><W90/><G125/><T49/><D116/><U32/><E110/><V1/><F1/><W131/><G131/><T94/><D7/><U4/><E4/><V15/><F118/><W21/><G104/><T102/><D129/><U74/><E97/><V5/><F128/><W16/><G90/><T55/><D77/><U58/><E18/><V6/><F28/><W36/><G36/><T61/><D115/><U2/><E2/><V86/><F124/><W59/><REACH who="3" step="1"/><G59/><REACH who="3" ten="345,360,199,86" step="2"/><N who="0" m="33167" /><D67/><U68/><E68/><V54/><F122/><W82/><G82/><T22/><D94/><U119/><E119/><V113/><F100/><W123/><G123/><T40/><D40/><U46/><E114/><V57/><F113/><W50/><G50/><T117/><D117/><U3/><E91/><V38/><F101/><W103/><G103/><T130/><D130/><U27/><E88/><V64/><F38/><W34/><G34/><T112/><D112/><U127/><E83/><V69/><F57/><W95/><G95/><T76/><D92/><U80/><E58/><V75/><F79/><W70/><G70/><T20/><D102/><U65/><E78/><V121/><F69/><W132/><G132/><T30/><D76/><U135/><E127/><V44/><F121/><W105/><G105/><T37/><D37/><U39/><E39/><V106/><F106/><W23/><G23/><T11/><D22/><U31/><E135/><V45/><F75/><W134/><G134/><T33/><D33/><U9/><E35/><V89/><F89/><W8/><G8/><T56/><D11/><U120/><E9/><RYUUKYOKU ba="0,1" sc="345,-10,360,-10,199,-10,86,30" hai3="12,13,14,16,21,26,43,51,63,66,71,72,73" /><INIT seed="3,1,1,1,2,93" ten="335,350,189,116" oya="3" hai0="46,97,60,63,49,24,37,114,22,54,117,23,84" hai1="29,13,50,61,18,57,68,133,108,79,72,122,36" hai2="109,28,14,98,83,38,95,53,32,66,88,87,16" hai3="81,80,75,5,21,34,19,59,42,25,94,82,6"/><W64/><G75/><T27/><D117/><U71/><E36/><V89/><F38/><W65/><G42/><T0/><D0/><U110/><E122/><V124/><F124/><W47/><G47/><T112/><D84/><U135/><E29/><V120/><F120/><W129/><G129/><T35/><D37/><U116/><E79/><V85/><F66/><W43/><G43/><T3/><D3/><U107/><E107/><V92/><F32/><W2/><G34/><T69/><D35/><U76/><E76/><V20/><F109/><W31/><G2/><T102/><D69/><U52/><E72/><V7/><F7/><W125/><G125/><T100/><D100/><U128/><E116/><V15/><F28/><W1/><G1/><T56/><D27/><U41/><E128/><V17/><F53/><W113/><G113/><N who="0" m="43627" /><D24/><U74/><E74/><V39/><F39/><W51/><G31/><T9/><D9/><U4/><E4/><N who="3" m="1642" /><G94/><N who="0" m="58679" /><D60/><U90/><E90/><V123/><F123/><W96/><G96/><T40/><AGARI ba="1,1" hai="22,23,40,46,49,54,56,63" m="58679,43627" machi="40" ten="30,2000,0" yaku="11,1,52,1" doraHai="93" who="0" fromWho="0" sc="335,33,350,-6,189,-6,116,-11" /><INIT seed="4,0,0,1,0,131" ten="368,344,183,105" oya="0" hai0="73,123,0,30,64,112,132,31,29,120,72,102,16" hai1="32,56,100,47,109,57,126,111,37,79,80,10,62" hai2="26,20,23,45,50,8,129,63,133,122,85,14,103" hai3="88,95,48,81,99,128,60,96,93,15,78,116,18"/><T108/><D0/><U41/><E32/><V34/><F122/><W59/><G116/><T124/><D108/><U101/><E126/><V114/><F103/><W83/><G128/><T86/><D102/><U58/><E62/><V106/><F106/><W7/><G7/><T22/><D64/><U74/><REACH who="1" step="1"/><E10/><REACH who="1" ten="368,334,183,105" step="2"/><V89/><F129/><W77/><G48/><T71/><D124/><U66/><E66/><V70/><F34/><W61/><G61/><T134/><D120/><U39/><E39/><V110/><F63/><W76/><G60/><T54/><D123/><U19/><E19/><V27/><F110/><AGARI ba="0,1" hai="37,41,47,56,57,58,74,79,80,100,101,109,110,111" machi="110" ten="40,1300,0" yaku="1,1,53,0" doraHai="131" doraHaiUra="94" who="1" fromWho="2" sc="368,0,334,23,183,-13,105,0" /><INIT seed="5,0,0,4,2,56" ten="368,357,170,105" oya="1" hai0="91,102,103,2,83,1,58,129,81,16,115,44,68" hai1="52,45,70,55,61,80,135,89,34,65,74,95,124" hai2="105,12,43,40,18,51,87,78,130,98,94,71,14" hai3="11,126,123,88,33,30,49,96,50,106,79,119,128"/><U97/><E34/><V22/><F105/><W99/><G123/><T15/><D68/><U84/><E135/><V38/><F38/><W41/><G128/><T64/><D2/><U113/><E124/><V54/><F71/><W73/><G126/><T116/><D1/><U6/><E113/><V47/><F130/><W134/><G134/><T125/><D115/><U48/><E6/><V85/><F85/><W66/><G119/><T20/><D125/><U63/><E74/><V29/><F29/><W28/><G66/><T27/><D44/><U37/><E37/><V67/><F67/><W127/><G127/><T110/><D110/><U121/><E121/><V5/><F5/><W120/><G120/><T36/><D36/><U82/><E82/><V21/><F21/><W118/><G118/><T77/><D116/><U75/><E75/><V57/><F14/><W13/><G41/><T19/><D91/><U90/><E61/><V117/><F117/><W23/><G33/><T0/><D0/><U93/><E80/><N who="0" m="30793" /><D77/><U112/><E112/><V59/><F78/><W8/><G73/><T46/><D46/><U109/><E109/><V133/><F133/><W131/><G79/><T62/><D129/><U17/><E17/><V100/><F87/><W114/><G131/><T132/><D132/><U31/><E31/><N who="3" m="11818" /><G114/><T35/><D35/><U69/><E69/><V101/><F101/><N who="3" m="62759" /><G23/><AGARI ba="0,0" hai="15,16,19,20,23,27,58,62,64,102,103" m="30793" machi="23" ten="30,3900,0" yaku="8,1,52,1,54,1" doraHai="56" who="0" fromWho="3" sc="368,39,357,0,170,0,105,-39" /><INIT seed="6,0,0,1,1,103" ten="407,357,170,66" oya="2" hai0="91,72,55,113,68,38,0,43,28,6,88,122,94" hai1="83,106,2,54,87,126,58,5,35,92,53,116,109" hai2="64,108,107,132,10,25,57,118,62,1,70,76,48" hai3="66,133,34,11,134,130,40,112,78,37,111,69,101"/><V104/><F118/><W46/><G34/><T61/><D72/><U98/><E116/><V90/><F108/><W127/><G78/><T59/><D122/><U15/><E109/><V117/><F117/><W19/><G111/><T67/><D113/><U27/><E2/><V89/><F76/><W99/><G112/><T3/><D28/><U86/><E126/><V36/><F132/><N who="3" m="50795" /><G127/><T4/><D91/><U47/><E87/><V81/><F90/><W82/><G130/><T32/><D32/><U79/><E35/><V26/><F89/><W65/><G82/><T100/><D100/><U16/><E27/><V119/><F119/><W96/><G69/><T21/><D21/><U121/><E121/><V44/><F81/><W93/><G99/><T102/><D102/><U41/><E5/><N who="2" m="1327" /><F25/><W52/><G52/><T30/><D30/><U120/><E120/><V135/><F26/><W20/><G11/><T124/><D124/><U63/><E106/><V9/><F9/><W31/><G31/><T49/><D3/><U7/><E7/><V97/><F97/><W75/><G75/><T80/><D80/><U24/><E24/><AGARI ba="0,0" hai="19,20,24,37,40,46,65,66,93,96,101" m="50795" machi="24" ten="30,1000,0" yaku="20,1" doraHai="103" who="3" fromWho="1" sc="407,0,357,-10,170,0,66,10" /><INIT seed="7,0,0,0,0,6" ten="407,347,170,76" oya="3" hai0="27,126,26,38,61,84,88,9,90,60,79,71,132" hai1="134,45,75,118,100,36,68,33,28,11,124,73,20" hai2="119,1,17,44,35,65,111,62,122,55,120,80,12" hai3="15,52,22,110,99,16,131,128,23,57,50,64,30"/><W123/><G123/><N who="2" m="47145" /><F35/><W21/><G110/><T59/><D38/><U4/><E118/><V117/><F1/><W86/><G64/><T42/><D42/><U92/><E134/><V85/><F111/><W3/><G3/><T77/><D71/><U93/><E124/><V112/><F112/><W96/><G86/><T97/><D97/><U19/><E68/><N who="2" m="42039" /><F44/><W116/><G116/><T51/><D126/><U47/><E75/><V133/><F55/><W67/><G67/><T125/><D125/><U8/><E73/><V113/><F133/><W37/><G37/><T25/><D51/><U107/><E107/><V74/><F113/><W72/><G72/><T46/><D46/><N who="1" m="17419" /><E36/><V48/><F48/><W103/><G30/><T32/><D32/><U114/><E4/><V91/><F74/><W109/><G109/><T98/><D98/><N who="1" m="59463" /><E33/><V63/><F63/><W69/><G69/><T104/><D104/><U127/><E127/><V10/><AGARI ba="0,0" hai="10,12,17,80,85,91,117,119" m="42039,47145" machi="10" ten="30,2000,0" yaku="13,1,52,1" doraHai="6" who="2" fromWho="2" sc="407,-5,347,-5,170,20,76,-10" owari="402,50.0,342,14.0,190,-21.0,66,-43.0" /></mjloggm>