<mjloggm ver="2.3"><GO type="41"/><UN n0="%E9%BA%BB%E9%9B%80%E3%81%A4%E3%82%88%E3%81%84" n1="%E3%82%A6%E3%83%AB%E3%83%88%E3%83%A9%E7%AB%8B%E7%9B%B4" n2="%E3%83%AA%E3%83%8E%E3%83%AA%E3%82%A6%E3%83%A0%E3%81%AE%E5%BB%BB%E5%BB%8A" n3="%E7%8A%AC%E4%BE%8D" dan="13,15,14,15" rate="1916,1922,1947,1969" sx="M,M,M,M"/><TAIKYOKU oya="0"/><INIT seed="0,0,0,0,2,38" ten="250,250,250,250" oya="0" hai0="69,30,74,77,54,70,23,5,52,122,68,115,12" hai1="83,97,31,99,2,11,88,33,29,50,125,116,89" hai2="44,117,101,76,10,60,106,84,120,121,37,21,45" hai3="72,22,66,91,87,3,127,41,35,96,102,73,133"/><T111/><D122/><U55/><E116/><V107/><F117/><W1/><G35/><T40/><D115/><U78/><E125/><V61/><F10/><W104/><G127/><T4/><D74/><U124/><E124/><V126/><F126/><W112/><G112/><T49/><D77/><U93/><E33/><V85/><F76/><W20/><G133/><T135/><D30/><U13/><E2/><V86/><F21/><W67/><G1/><T0/><D0/><U58/><E97/><V119/><F119/><W131/><G3/><T130/><D23/><U98/><E98/><V42/><F101/><W65/><G131/><T71/><D71/><U132/><E132/><V64/><F64/><W9/><G9/><T80/><D80/><U134/><E134/><V17/><F17/><W103/><G103/><T59/><D135/><U16/><REACH who="1" step="1"/><E89/><REACH who="1" ten="250,240,250,250" step="2"/><V28/><F120/><W14/><G96/><T24/><D130/><U6/><E6/><V47/><F121/><W63/><G102/><T81/><D4/><U8/><E8/><V19/><F106/><W82/><G104/><T118/><D5/><U92/><E92/><V100/><F107/><W43/><G20/><T56/><D118/><U129/><E129/><V128/><F100/><W7/><G7/><T26/><D81/><U27/><E27/><V18/><F128/><W46/><G22/><T90/><D24/><U48/><E48/><V62/><F28/><W53/><G14/><T39/><D26/><U15/><E15/><V32/><F32/><W95/><G95/><T79/><D12/><U57/><E57/><RYUUKYOKU ba="0,1" sc="250,-15,240,15,250,15,250,-15" hai1="11,13,16,29,31,50,55,58,78,83,88,93,99" hai2="18,19,37,42,44,45,47,60,61,62,84,85,86" /><INIT seed="1,1,1,5,2,75" ten="235,255,265,235" oya="1" hai0="70,129,91,51,104,121,118,133,4,42,32,127,130" hai1="90,54,7,134,58,81,20,102,103,23,18,33,3" hai2="122,67,45,117,76,100,115,31,96,69,101,125,34" hai3="50,6,106,11,95,99,0,62,40,66,116,46,30"/><U98/><E33/><V53/><F117/><W24/><G116/><T120/><D4/><U93/><E134/><V16/><F122/><N who="0" m="47210" /><D32/><U12/><E3/><V78/><F125/><W61/><G106/><T49/><D104/><U113/><E7/><V35/><F115/><W41/><G41/><T92/><D70/><U57/><E113/><V15/><F35/><W2/><G2/><T89/><D118/><U108/><E108/><V29/><F69/><W119/><G119/><T71/><D71/><U85/><E23/><N who="2" m="11679" /><F67/><W74/><G74/><T131/><D133/><U13/><E13/><V8/><F8/><W126/><G126/><T64/><D64/><U84/><E84/><V59/><F45/><W10/><G10/><T1/><D1/><U47/><E47/><V52/><F53/><W19/><G19/><T135/><D135/><U60/><REACH who="1" step="1"/><E58/><REACH who="1" ten="235,245,265,235" step="2"/><V110/><F110/><W112/><G112/><T94/><D127/><U80/><E80/><V43/><F34/><W17/><G0/><T109/><D109/><U73/><E73/><V87/><F87/><W22/><G6/><T83/><D83/><U36/><E36/><V21/><F21/><W56/><G11/><T39/><D39/><U27/><E27/><V5/><F5/><W55/><G30/><T88/><D42/><U72/><E72/><V68/><F43/><W79/><G79/><AGARI ba="1,2" hai="12,18,20,54,57,60,79,81,85,90,93,98,102,103" machi="79" ten="30,11600,0" yaku="1,1,7,1,8,1,52,1,53,0" doraHai="75" doraHaiUra="111" who="1" fromWho="3" sc="235,0,245,139,265,0,235,-119" /><INIT seed="1,2,0,0,5,58" ten="235,384,265,116" oya="1" hai0="94,78,30,89,68,105,3,59,70,7,126,42,55" hai1="109,135,96,115,14,17,69,22,66,29,60,28,45" hai2="74,102,84,97,131,86,125,73,51,116,6,54,79" hai3="132,8,117,77,16,57,61,93,95,36,41,34,76"/><U24/><E115/><V39/><F39/><W65/><G132/><T114/><D105/><U27/><E135/><V83/><F116/><W85/><G34/><T4/><D114/><U25/><E109/><V62/><F6/><W71/><G117/><T120/><D42/><U91/><E45/><V118/><F118/><W134/><G134/><T90/><D3/><U100/><REACH who="1" step="1"/><E91/><REACH who="1" ten="235,374,265,116" step="2"/><V33/><F131/><W21/><G77/><T106/><D90/><U107/><AGARI ba="2,1" hai="14,17,22,24,25,27,28,29,60,66,69,96,100,107" machi="107" ten="30,11700,0" yaku="1,1,2,1,0,1,52,1,53,0" doraHai="58" doraHaiUra="127" who="1" fromWho="1" sc="235,-41,374,133,265,-41,116,-41" /><INIT seed="1,3,0,5,4,123" ten="194,507,224,75" oya="1" hai0="87,105,56,30,17,54,5,94,82,40,23,6,126" hai1="24,102,97,28,86,27,85,8,127,89,60,117,71" hai2="77,92,100,119,50,66,107,65,14,26,38,115,22" hai3="10,2,51,31,69,36,35,62,83,74,68,135,75"/><U104/><E117/><V67/><F38/><W46/><G36/><T124/><D105/><U34/><E127/><N who="0" m="48681" /><D40/><U116/><E116/><V133/><F107/><W42/><G135/><T11/><D30/><U47/><E27/><V25/><F115/><W39/><G51/><N who="0" m="30815" /><D94/><U20/><E20/><V131/><F131/><W19/><G62/><T53/><D53/><U45/><E8/><V64/><F133/><W59/><G59/><T134/><D11/><U109/><E86/><V55/><F77/><W61/><G61/><T33/><D33/><U95/><E47/><V113/><F113/><W111/><G19/><T29/><D29/><U43/><E45/><V122/><F122/><W114/><G114/><T112/><D112/><U21/><E43/><V44/><F119/><W7/><G75/><T12/><D134/><U1/><E21/><V98/><N who="2" m="16896" /><DORA hai="84" /><V78/><F78/><AGARI ba="3,0" hai="5,6,12,17,23,78,82,87" m="30815,48681" machi="78" ten="30,1000,0" yaku="18,1" doraHai="123,84" who="0" fromWho="2" sc="194,19,507,0,224,-19,75,0" /><INIT seed="2,0,0,5,5,134" ten="213,507,205,75" oya="2" hai0="44,79,59,103,84,0,74,32,105,91,127,29,73" hai1="56,21,5,45,120,14,96,2,1,76,106,42,78" hai2="85,82,35,58,135,17,99,122,90,51,6,64,40" hai3="67,22,46,123,54,8,98,87,95,11,23,80,60"/><V68/><F122/><W126/><G123/><T62/><D0/><U104/><E120/><V110/><F135/><W18/><G46/><T113/><D113/><U101/><E106/><V65/><F35/><W33/><G33/><T19/><D32/><U30/><E2/><V57/><F110/><W129/><G129/><T89/><D29/><U77/><E1/><V50/><F6/><W47/><G126/><T36/><D19/><U52/><E30/><V93/><F68/><W119/><G119/><T117/><D36/><U55/><E21/><V24/><F24/><W16/><G47/><T112/><D44/><U43/><E104/><V38/><F17/><W26/><G54/><T72/><D59/><N who="2" m="22538" /><F38/><W118/><G118/><T41/><D62/><N who="1" m="36103" /><E14/><V102/><F40/><W3/><G60/><T13/><D13/><U63/><E5/><V10/><F10/><W121/><G67/><AGARI ba="0,0" hai="50,51,64,65,67,82,85,90,93,99,102" m="22538" machi="67" ten="30,1500,0" yaku="8,1" doraHai="134" who="2" fromWho="3" sc="213,0,507,0,205,15,75,-15" /><INIT seed="2,1,0,2,4,36" ten="213,507,220,60" oya="2" hai0="71,55,1,110,86,20,126,111,67,122,39,107,123" hai1="78,108,133,100,18,113,34,68,75,99,22,77,104" hai2="48,101,21,23,42,120,74,73,41,15,12,87,121" hai3="88,96,79,0,47,105,7,129,17,26,10,119,114"/><V70/><F101/><W82/><G119/><T2/><D107/><U81/><E34/><V60/><F48/><W95/><G129/><T31/><D126/><U80/><E68/><V4/><F87/><W8/><G114/><T128/><D39/><U109/><E113/><V52/><F60/><W46/><G105/><T50/><D128/><U89/><E18/><V37/><F37/><W102/><G102/><T90/><D67/><U59/><E22/><N who="2" m="8203" /><F52/><W33/><G10/><T69/><D31/><U62/><E62/><V61/><F61/><W19/><G33/><T125/><D20/><U83/><E59/><V130/><F70/><N who="0" m="26634" /><D125/><U72/><E133/><V57/><F57/><W115/><G26/><T85/><D55/><U24/><E24/><V94/><F94/><W124/><G124/><T28/><D50/><U66/><E66/><V32/><F4/><W106/><G115/><T9/><D90/><U11/><E83/><V40/><F130/><W58/><G58/><T103/><D103/><U53/><E53/><V92/><F92/><W116/><G106/><T49/><D49/><U84/><E84/><N who="0" m="32361" /><D28/><U127/><E89/><V135/><F135/><W117/><G117/><T51/><D51/><U56/><E56/><V38/><F38/><W30/><G30/><T27/><D27/><U134/><E134/><V25/><F25/><W63/><G116/><T54/><D54/><U98/><E98/><V43/><N who="2" m="10752" /><DORA hai="5" /><V64/><F64/><W44/><REACH who="3" step="1"/><G63/><REACH who="3" ten="213,507,220,50" step="2"/><T91/><D91/><U35/><E127/><V14/><F32/><W132/><G132/><T118/><D118/><RYUUKYOKU ba="1,1" sc="213,-15,507,-15,220,15,50,15" hai2="12,14,15,73,74,120,121" hai3="0,7,8,17,19,44,46,47,79,82,88,95,96" /><INIT seed="2,2,1,0,0,131" ten="198,492,235,65" oya="2" hai0="112,23,120,3,73,24,36,90,129,64,26,83,29" hai1="6,16,89,75,67,133,63,62,122,39,56,50,65" hai2="42,45,92,126,25,113,59,109,37,106,124,11,46" hai3="84,8,14,71,115,47,80,135,30,35,96,105,20"/><V118/><F113/><W100/><G71/><T27/><D120/><U87/><E75/><V21/><F118/><W99/><G115/><T18/><D112/><U32/><E32/><V52/><F106/><W132/><G35/><T34/><D36/><U57/><E39/><V4/><F46/><W125/><G125/><T19/><D64/><U121/><E6/><V53/><F92/><W1/><G1/><T108/><D73/><U86/><E50/><V12/><F109/><W114/><G114/><T128/><D90/><U55/><E55/><V40/><F40/><W81/><G99/><T77/><D77/><U116/><E116/><V9/><F9/><W7/><G47/><T104/><D83/><U61/><E61/><V70/><F70/><W74/><G74/><T68/><D104/><U28/><E28/><V15/><F15/><W69/><G69/><T60/><D60/><U107/><E107/><V103/><F103/><W79/><REACH who="3" step="1"/><G81/><REACH who="3" ten="198,492,235,55" step="2"/><T13/><D68/><U66/><E122/><V123/><F123/><W33/><G33/><T94/><D3/><U48/><E121/><V54/><REACH who="2" step="1"/><F59/><REACH who="2" ten="198,492,225,55" step="2"/><W5/><G5/><T38/><D129/><U41/><E56/><V88/><F88/><W31/><G31/><AGARI ba="2,3" hai="4,11,12,21,25,31,37,42,45,52,53,54,124,126" machi="31" ten="40,3900,0" yaku="1,1,54,1,53,0" doraHai="131" doraHaiUra="95" who="2" fromWho="3" sc="198,0,492,0,225,75,55,-45" /><INIT seed="2,3,0,2,5,76" ten="198,492,300,10" oya="2" hai0="127,25,107,1,17,111,56,133,97,57,112,35,11" hai1="63,73,109,132,114,82,135,92,67,46,2,126,131" hai2="108,9,28,12,59,95,128,93,8,124,117,22,20" hai3="42,60,103,39,83,40,29,30,106,119,88,21,52"/><V27/><F117/><W3/><G119/><T37/><D37/><U62/><E2/><V32/><F93/><W65/><G3/><T102/><D112/><U116/><E116/><V90/><F124/><W121/><G121/><T130/><D127/><U36/><E114/><V81/><F128/><W118/><G118/><T85/><D130/><U104/><E104/><V0/><F108/><W38/><G106/><T33/><D33/><U16/><E62/><V44/><F44/><W34/><G34/><T64/><D111/><U51/><E36/><V72/><F59/><N who="3" m="34919" /><G103/><T70/><D133/><U45/><E45/><V31/><F31/><N who="3" m="11787" /><G39/><T87/><D1/><U122/><E122/><V23/><F0/><W100/><G100/><T15/><D70/><U19/><E126/><V134/><F134/><W47/><G38/><T66/><D35/><U98/><E131/><V26/><F26/><W5/><G5/><T79/><D25/><U4/><E4/><V24/><F24/><W6/><G6/><T74/><D74/><U110/><E132/><V50/><F50/><N who="3" m="26983" /><G42/><T71/><D71/><N who="1" m="42495" /><E135/><V113/><F113/><W53/><G53/><T115/><D115/><U120/><E120/><V125/><F125/><W7/><G7/><T13/><D107/><U69/><E69/><V10/><F12/><W94/><G21/><N who="0" m="11439" /><D66/><U99/><E109/><V105/><F105/><W96/><G65/><T86/><D64/><U43/><E110/><V78/><F32/><W48/><G48/><T61/><D61/><U91/><E99/><V101/><F101/><W84/><G96/><T80/><D97/><RYUUKYOKU ba="3,0" sc="198,-30,492,10,300,10,10,10" hai1="16,19,43,46,51,73,82,91,92,98" hai2="8,9,10,20,22,23,27,28,72,78,81,90,95" hai3="83,84,88,94" /><INIT seed="2,4,0,4,2,114" ten="168,502,310,20" oya="2" hai0="105,30,42,39,16,91,72,29,97,23,133,120,61" hai1="56,18,135,2,80,124,44,92,21,8,70,103,98" hai2="7,77,110,50,46,59,122,48,40,17,112,28,85" hai3="116,52,102,25,82,10,131,74,93,111,121,60,26"/><V31/><F112/><W109/><G121/><T87/><D120/><U57/><E70/><V45/><F122/><W22/><G131/><T96/><D72/><U47/><E2/><V94/><F110/><N who="3" m="41995" /><G10/><T106/><D106/><U126/><E8/><V20/><F7/><W0/><G0/><T27/><D105/><U15/><E80/><V129/><F129/><W95/><G102/><T79/><D79/><U81/><E81/><V99/><F59/><N who="1" m="22601" /><E135/><V37/><F37/><W130/><G130/><T67/><D133/><U117/><E117/><V100/><F85/><W33/><G60/><T83/><D39/><U86/><E86/><V132/><F77/><N who="3" m="44343" /><G116/><T76/><D42/><U32/><E32/><V66/><F66/><W54/><G33/><T107/><D107/><U34/><E34/><V123/><F123/><W1/><G1/><T125/><D76/><U3/><E3/><V104/><F104/><W101/><G26/><T118/><D118/><U11/><E11/><V90/><F100/><W127/><G127/><AGARI ba="4,0" hai="15,18,21,44,47,92,98,103,124,126,127" m="22601" machi="127" ten="30,1000,0" yaku="18,1" doraHai="114" who="1" fromWho="3" sc="168,0,502,22,310,0,20,-22" owari="168,-23.0,524,62.0,310,11.0,-2,-50.0" /></mjloggm>