<mjloggm ver="2.3"><GO type="41"/><UN n0="%E3%82%B2%E3%83%BC%E3%83%86" n1="%E4%BA%A4%E9%9B%80%E7%9F%A5%E6%84%9B" n2="%EF%BC%88%E2%89%A7%E2%96%BD%E2%89%A6%EF%BC%89" n3="%E7%A7%81%E3%80%81%E6%AE%8B%E9%85%B7%E3%81%A7%E3%81%99%E3%82%8F%E3%82%88" dan="17,13,15,14" rate="2128,1943,1989,1911" sx="M,M,M,F"/><TAIKYOKU oya="0"/><INIT seed="0,0,0,0,5,83" ten="250,250,250,250" oya="0" hai0="130,84,93,123,129,23,91,88,67,103,3,121,31" hai1="18,58,134,79,113,12,111,20,40,9,124,97,26" hai2="101,75,14,69,76,59,119,19,86,99,87,46,49" hai3="52,50,116,118,28,54,17,61,112,15,106,57,74"/><T110/><D3/><U115/><E40/><V4/><F69/><W35/><G106/><T126/><D67/><U107/><E111/><V131/><F119/><W96/><G74/><T122/><D31/><U25/><E124/><V133/><F133/><W36/><G36/><T73/><D23/><U37/><E37/><V94/><F131/><N who="0" m="50186" /><D126/><U78/><E134/><V71/><F71/><W24/><G112/><N who="1" m="43082" /><E26/><V82/><F59/><W45/><REACH who="3" step="1"/><G96/><REACH who="3" ten="250,250,250,240" step="2"/><N who="0" m="59791" /><D73/><U68/><E97/><V42/><REACH who="2" step="1"/><F4/><REACH who="2" ten="250,250,240,240" step="2"/><W80/><G80/><N who="0" m="49159" /><D91/><U44/><E79/><V22/><AGARI ba="0,2" hai="14,19,22,42,46,49,75,76,82,86,87,94,99,101" machi="22" ten="20,8000,1" yaku="1,1,0,1,7,1,52,2,53,0" doraHai="83" doraHaiUra="2" who="2" fromWho="2" sc="250,-40,250,-20,240,100,240,-20" /><INIT seed="1,0,0,1,3,126" ten="210,230,340,220" oya="1" hai0="3,38,101,113,86,99,27,51,87,114,16,115,124" hai1="100,30,19,76,5,28,116,58,108,98,125,78,90" hai2="52,68,122,47,21,77,83,133,14,35,91,15,2" hai3="63,34,71,69,9,88,73,0,59,105,24,93,89"/><U70/><E116/><V8/><F122/><W29/><G105/><T49/><D38/><U20/><E70/><V67/><F133/><W120/><G73/><T55/><D3/><U75/><E5/><V129/><F35/><W32/><G32/><T10/><D124/><U54/><E125/><V11/><F2/><W106/><G106/><T4/><D4/><U72/><E90/><V37/><F68/><W61/><G120/><T13/><D27/><U96/><E96/><V82/><F67/><W26/><G0/><T92/><REACH who="0" step="1"/><D51/><REACH who="0" ten="200,230,340,220" step="2"/><U23/><E108/><V39/><F37/><W119/><G26/><T130/><D130/><U7/><E7/><V103/><F39/><W123/><G24/><T53/><D53/><U66/><E54/><V85/><F52/><W80/><G119/><T102/><D102/><U121/><E100/><V60/><F103/><W17/><G123/><T48/><D48/><U94/><E121/><V81/><F15/><W111/><G111/><T128/><D128/><U46/><E66/><V43/><F129/><W22/><G63/><T65/><D65/><U44/><E30/><V112/><F60/><W110/><G61/><T36/><D36/><U41/><E28/><V62/><F14/><W56/><G29/><T40/><D40/><U127/><E41/><V64/><F43/><W18/><G34/><T135/><D135/><U118/><E127/><V131/><F62/><W50/><G50/><T109/><D109/><U79/><E118/><V12/><F131/><W1/><G110/><T57/><AGARI ba="0,1" hai="10,13,16,49,55,57,86,87,92,99,101,113,114,115" machi="57" ten="30,4000,0" yaku="1,1,0,1,54,1,53,0" doraHai="126" doraHaiUra="104" who="0" fromWho="0" sc="200,50,230,-20,340,-10,220,-10" /><INIT seed="2,0,0,0,1,48" ten="250,210,330,210" oya="2" hai0="86,64,41,110,12,133,104,105,109,51,96,63,113" hai1="9,15,47,72,121,39,125,66,112,6,79,1,91" hai2="106,90,102,23,119,33,59,127,122,13,88,46,128" hai3="107,108,101,43,69,81,4,94,26,14,29,7,62"/><V5/><F33/><W131/><G131/><T115/><D133/><U93/><E112/><V76/><F122/><W57/><G108/><N who="0" m="41579" /><D86/><U123/><E66/><V100/><F119/><W21/><G43/><T44/><D12/><U37/><E125/><V99/><F127/><W134/><G107/><N who="0" m="41035" /><D96/><U45/><E72/><V67/><F128/><W118/><G69/><AGARI ba="0,0" hai="41,44,51,63,64,69,113,115" m="41035,41579" machi="69" ten="30,1000,0" yaku="14,1" doraHai="48" who="0" fromWho="3" sc="250,10,210,0,330,0,210,-10" /><INIT seed="3,0,0,0,4,132" ten="260,210,330,200" oya="3" hai0="25,20,42,45,70,114,2,17,59,61,64,94,110" hai1="107,15,38,85,26,93,5,121,111,123,19,6,96" hai2="28,18,58,1,35,73,115,125,79,109,53,71,91" hai3="54,11,57,31,105,12,33,44,34,40,87,99,22"/><W8/><G105/><T106/><D110/><U47/><E107/><V117/><F71/><W108/><G108/><T95/><D106/><U118/><E111/><V55/><F1/><W63/><G99/><T86/><D2/><U36/><E118/><V56/><F109/><W29/><G33/><T46/><D114/><U50/><E85/><V127/><F115/><W83/><G34/><T4/><D4/><U78/><E78/><V23/><F117/><W30/><G22/><T7/><D7/><U21/><E38/><V62/><F35/><W135/><G135/><T134/><D134/><U48/><E36/><V27/><F28/><W102/><G102/><T130/><D130/><U112/><E112/><V133/><F133/><W75/><G75/><T51/><D70/><U14/><E14/><V67/><F91/><W24/><G24/><T126/><D126/><U41/><E50/><V74/><F67/><W116/><G116/><T80/><REACH who="0" step="1"/><D46/><REACH who="0" ten="250,210,330,200" step="2"/><U122/><E5/><V120/><F120/><W88/><REACH who="3" step="1"/><G12/><REACH who="3" ten="250,210,330,190" step="2"/><T37/><D37/><AGARI ba="0,2" hai="8,11,29,30,31,37,40,44,54,57,63,83,87,88" machi="37" ten="40,12000,1" yaku="1,1,2,1,54,1,53,1" doraHai="132" doraHaiUra="43" who="3" fromWho="0" sc="250,-120,210,0,330,0,190,140" /><INIT seed="3,1,0,5,1,133" ten="130,210,330,330" oya="3" hai0="115,35,124,118,67,34,95,111,61,99,12,127,4" hai1="49,62,72,5,71,53,23,32,22,89,2,30,70" hai2="120,91,109,101,16,84,74,41,52,26,58,106,134" hai3="90,116,131,97,105,79,73,102,119,56,18,29,27"/><W48/><G131/><T110/><D118/><U107/><E32/><V114/><F114/><W33/><G73/><T113/><D34/><U51/><E72/><V69/><F120/><W130/><G79/><T132/><D35/><U37/><E37/><V64/><F74/><W45/><G130/><T121/><D121/><U86/><E107/><V17/><F134/><W1/><G1/><T13/><D132/><U66/><E71/><V122/><F122/><W98/><G18/><T10/><D13/><U8/><E30/><V47/><F109/><N who="0" m="41482" /><D61/><U68/><E68/><V123/><F123/><W135/><G135/><T81/><D81/><U103/><E103/><V92/><F106/><W125/><G56/><T44/><D44/><U20/><REACH who="1" step="1"/><E53/><REACH who="1" ten="130,200,330,330" step="2"/><V57/><F101/><W6/><G33/><T87/><D67/><U9/><E9/><V59/><F69/><W100/><G29/><T108/><D108/><U96/><E96/><V39/><F64/><W40/><G98/><T75/><D75/><U0/><E0/><V55/><REACH who="2" step="1"/><F17/><REACH who="2" ten="130,200,320,330" step="2"/><W77/><G102/><N who="0" m="60799" /><D87/><U25/><E25/><V94/><F94/><AGARI ba="1,2" hai="2,5,8,20,22,23,49,51,62,66,70,86,89,94" machi="94" ten="40,1300,0" yaku="1,1,53,0" doraHai="133" doraHaiUra="36" who="1" fromWho="2" sc="130,0,200,36,320,-16,330,0" /><INIT seed="4,0,0,3,4,79" ten="130,236,304,330" oya="0" hai0="81,95,91,76,118,35,50,86,22,132,12,38,83" hai1="26,52,73,48,130,121,16,134,92,65,37,70,126" hai2="19,71,69,31,3,113,27,47,90,23,17,123,96" hai3="45,34,131,11,24,40,116,109,13,2,74,66,15"/><T25/><D118/><U97/><E121/><V33/><F123/><W88/><G109/><T93/><D38/><U62/><E37/><V58/><F113/><W112/><G116/><T59/><D132/><U7/><E7/><V133/><F133/><W41/><G112/><T124/><D124/><U78/><E126/><V135/><F135/><W36/><G131/><T114/><D114/><U61/><E61/><V119/><F119/><W9/><G66/><T101/><D35/><U98/><E130/><V10/><F47/><W8/><G74/><T107/><D107/><U30/><E30/><V28/><F28/><W105/><G105/><T110/><D110/><U64/><E64/><V111/><F111/><W84/><G2/><T75/><D12/><U94/><E134/><V104/><F104/><W6/><G6/><T60/><D50/><U120/><E120/><V117/><F117/><W87/><G87/><T54/><REACH who="0" step="1"/><D101/><REACH who="0" ten="120,236,304,330" step="2"/><U85/><E48/><V68/><F33/><W20/><G34/><T63/><D63/><U14/><E14/><V51/><F51/><W129/><G129/><T1/><D1/><U89/><E62/><V108/><F108/><W46/><G24/><T106/><D106/><U99/><E26/><V128/><F27/><W125/><G125/><T42/><D42/><U57/><E70/><V32/><F68/><W67/><G41/><T80/><D80/><U29/><E65/><V77/><F71/><W72/><G67/><T5/><D5/><U43/><E43/><V21/><F69/><W82/><G40/><T39/><D39/><U4/><E4/><RYUUKYOKU ba="0,1" sc="120,30,236,-10,304,-10,330,-10" hai0="22,25,54,59,60,75,76,81,83,86,91,93,95" /><INIT seed="4,1,1,2,2,100" ten="150,226,294,320" oya="0" hai0="130,16,94,67,23,28,20,110,84,127,131,54,91" hai1="4,125,90,133,29,88,96,5,10,65,13,22,82" hai2="83,72,77,69,34,89,123,111,104,116,12,79,129" hai3="71,57,117,41,92,17,64,85,45,107,50,63,46"/><T15/><D67/><U126/><E65/><V9/><F34/><W87/><G117/><T109/><D127/><N who="1" m="48651" /><E133/><V53/><F123/><W55/><G107/><T112/><D112/><U21/><E5/><V108/><F111/><N who="0" m="42506" /><D54/><U101/><E29/><V118/><F108/><W31/><G31/><T122/><D122/><U59/><E59/><V56/><F69/><W113/><G113/><T119/><D119/><N who="2" m="45610" /><F129/><N who="0" m="49162" /><D28/><U36/><E36/><V78/><F104/><W37/><G92/><T26/><D26/><U60/><E60/><N who="2" m="35855" /><F89/><N who="1" m="34409" /><E82/><V103/><F103/><W102/><G102/><T106/><D106/><AGARI ba="1,1" hai="4,10,13,21,22,96,101,106" m="34409,48651" machi="106" ten="30,3900,0" yaku="18,1,52,1,54,1" doraHai="100" who="1" fromWho="0" sc="150,-42,226,52,294,0,320,0" /><INIT seed="5,0,0,0,3,3" ten="108,278,294,320" oya="1" hai0="121,37,98,35,86,4,7,96,125,57,122,19,0" hai1="25,87,6,132,60,40,43,50,133,95,90,55,79" hai2="135,42,17,64,27,18,32,94,44,104,128,75,126" hai3="92,10,80,117,105,91,102,82,85,62,129,77,24"/><U15/><E60/><V54/><F104/><W61/><G117/><T76/><D0/><U5/><E25/><V41/><F75/><W39/><G39/><T38/><D35/><U81/><E15/><V21/><F32/><W59/><G129/><T22/><D125/><U12/><E12/><V118/><F118/><W97/><G24/><N who="0" m="14431" /><D57/><N who="1" m="33015" /><E133/><V31/><F135/><W49/><G10/><T66/><D66/><U110/><E110/><V33/><F126/><W109/><G109/><T30/><D30/><U48/><E132/><V78/><F128/><W119/><G119/><T23/><D23/><U74/><E74/><V101/><F78/><W29/><G29/><T56/><D56/><U1/><E1/><V71/><F71/><W130/><G130/><T114/><D114/><U93/><E48/><N who="2" m="28935" /><F64/><W89/><G49/><T73/><D73/><U99/><E95/><V8/><F33/><W51/><G51/><T53/><D53/><U36/><E36/><V100/><F8/><W116/><G116/><T131/><D131/><U46/><E46/><V72/><F72/><W107/><G59/><T88/><D38/><U115/><E115/><V124/><F124/><W84/><G107/><T113/><D37/><U13/><E13/><V106/><F106/><W70/><G70/><T69/><D69/><U28/><E28/><V58/><F58/><W120/><G120/><N who="0" m="46187" /><D113/><U52/><E52/><V83/><F31/><W108/><G108/><T127/><D127/><U111/><E111/><V68/><F68/><W26/><G26/><T2/><D2/><U67/><E67/><V134/><F27/><RYUUKYOKU ba="0,0" sc="108,-15,278,15,294,-15,320,15" hai1="5,6,40,43,79,81,87,90,93,99" hai3="61,62,77,80,82,84,85,89,91,92,97,102,105" /><INIT seed="5,1,0,1,5,76" ten="93,293,279,335" oya="1" hai0="56,98,99,42,121,78,112,116,119,14,35,29,109" hai1="129,90,122,66,101,36,125,24,123,65,67,18,10" hai2="33,12,53,2,11,84,81,108,16,22,39,117,25" hai3="100,61,75,59,73,70,80,89,58,45,110,130,94"/><U26/><E36/><V31/><F117/><W86/><G110/><T103/><D109/><U115/><E101/><V107/><F108/><W97/><G130/><T13/><D121/><U37/><E37/><V17/><F39/><W88/><G70/><T85/><D112/><U46/><E115/><V51/><F107/><W102/><G45/><T96/><D103/><U134/><E129/><V27/><F2/><W49/><G73/><T4/><D42/><U111/><E111/><V54/><REACH who="2" step="1"/><F51/><REACH who="2" ten="93,293,269,335" step="2"/><W47/><G75/><T20/><D119/><U38/><E38/><V74/><F74/><W114/><G114/><T3/><D3/><U82/><E123/><V128/><F128/><W63/><G63/><T127/><D116/><U15/><E122/><V91/><AGARI ba="1,1" hai="11,12,16,17,22,25,27,31,33,53,54,81,84,91" machi="91" ten="20,8000,1" yaku="1,1,0,1,7,1,52,1,54,1,53,0" doraHai="76" doraHaiUra="0" who="2" fromWho="2" sc="93,-21,293,-41,269,93,335,-21" /><INIT seed="6,0,0,4,5,70" ten="72,252,362,314" oya="2" hai0="76,37,104,92,18,78,127,86,32,31,107,113,81" hai1="28,16,1,126,63,36,33,19,22,124,17,61,13" hai2="99,56,44,125,14,79,121,116,20,73,8,101,39" hai3="34,114,91,26,123,64,74,24,54,112,98,15,82"/><V88/><F121/><W11/><G123/><T133/><D18/><N who="1" m="7275" /><E36/><V100/><F116/><W6/><G64/><T30/><D32/><U75/><E75/><V83/><F125/><N who="1" m="48233" /><E63/><V23/><F56/><W122/><G122/><T115/><D127/><U52/><E61/><V21/><F99/><W120/><G120/><T53/><D92/><U71/><E71/><V49/><F88/><W3/><G54/><T43/><D53/><U130/><E52/><V102/><F49/><W77/><G34/><T38/><D43/><U87/><E87/><V55/><F55/><W40/><G3/><T42/><D42/><U129/><E1/><V109/><F109/><W105/><G40/><T94/><D94/><U60/><E60/><V69/><F69/><W4/><G4/><T118/><D86/><U134/><E134/><V7/><F44/><W9/><G9/><T48/><D48/><U41/><E41/><V103/><F39/><W51/><G51/><T12/><D12/><U93/><E93/><V90/><F73/><W29/><G29/><T46/><D46/><U95/><E95/><V72/><F72/><W96/><G91/><T58/><D58/><U128/><E33/><V131/><F14/><W25/><REACH who="3" step="1"/><G105/><REACH who="3" ten="72,252,362,304" step="2"/><T47/><D47/><U27/><E28/><V89/><F90/><W45/><G45/><T66/><D66/><U5/><E130/><V85/><F131/><W117/><G117/><T132/><REACH who="0" step="1"/><D81/><REACH who="0" ten="62,252,362,304" step="2"/><U80/><E80/><N who="2" m="49319" /><F8/><AGARI ba="0,2" hai="5,8,13,19,22,27,128,129" m="48233,7275" machi="8" ten="30,7700,0" yaku="18,1,34,2,54,1" doraHai="70" who="1" fromWho="2" sc="62,0,252,97,362,-77,304,0" /><INIT seed="7,0,0,1,4,27" ten="62,349,285,304" oya="3" hai0="7,85,44,125,11,45,84,122,88,91,112,111,69" hai1="99,126,105,40,74,83,75,102,47,43,50,132,77" hai2="15,98,73,133,3,4,79,23,30,103,36,101,9" hai3="13,28,87,82,96,95,37,120,123,35,61,21,109"/><W116/><G116/><T108/><D69/><U5/><E126/><V89/><F133/><W63/><G37/><T59/><D59/><U57/><E132/><V117/><F117/><W129/><G35/><T72/><D72/><U8/><E57/><V29/><F36/><W90/><G109/><T131/><D11/><U54/><E75/><V124/><F124/><W92/><G129/><T33/><D125/><U76/><E76/><V18/><F89/><W52/><G123/><T104/><D33/><U110/><E110/><V56/><F56/><N who="3" m="34951" /><G63/><T38/><D38/><U32/><E32/><V51/><F51/><W118/><G118/><T97/><D104/><U67/><E67/><V128/><F128/><W19/><G120/><T115/><D97/><U6/><E6/><V70/><F70/><W0/><G0/><AGARI ba="0,0" hai="0,5,8,40,43,47,50,54,74,77,83,99,102,105" machi="0" ten="30,1000,0" yaku="7,1" doraHai="27" who="1" fromWho="3" sc="62,0,349,10,285,0,304,-10" owari="62,-44.0,359,46.0,285,-11.0,294,9.0" /></mjloggm>