<mjloggm ver="2.3"><GO type="169"/><UN n0="%E8%B6%85%E4%BA%BA%EF%BC%AD" n1="%E3%81%A8%E3%83%BC%E3%82%84%E3%82%93" n2="%E5%B8%B8%E7%A3%90%E7%B7%9A%E7%89%B9%E5%88%A5%E5%BF%AB%E9%80%9F" n3="%EF%BC%88%E2%89%A7%E2%96%BD%E2%89%A6%EF%BC%89" dan="17,17,17,16" rate="2154,2189,2148,2133" sx="M,M,F,M"/><TAIKYOKU oya="0"/><INIT seed="0,0,0,1,2,13" ten="250,250,250,250" oya="0" hai0="121,120,39,109,117,97,135,130,111,20,133,71,93" hai1="12,112,23,88,77,80,127,3,48,81,65,94,119" hai2="11,64,47,26,45,105,38,10,40,110,134,72,34" hai3="7,15,55,2,61,85,9,116,103,131,132,8,108"/><T24/><D39/><U1/><E119/><V99/><F72/><W59/><G116/><T113/><D71/><U87/><E127/><V114/><F114/><W18/><G132/><N who="0" m="50763" /><D117/><U118/><E118/><V31/><F134/><W66/><G131/><T5/><D113/><U79/><E112/><V125/><F125/><W21/><G108/><N who="0" m="41547" /><D5/><U4/><E65/><V25/><F47/><W100/><G85/><T17/><D130/><U74/><E48/><V33/><F110/><W52/><G8/><T27/><D27/><U106/><E106/><V57/><F57/><W115/><G115/><T128/><D128/><U70/><E70/><V90/><F64/><W84/><G84/><T104/><D104/><U126/><E126/><V107/><F107/><W96/><G103/><AGARI ba="0,0" hai="17,20,24,93,97,103,120,121" m="41547,50763" machi="103" ten="30,11600,0" yaku="20,1,14,1,10,1,52,1" doraHai="13" who="0" fromWho="3" sc="250,116,250,0,250,0,250,-116" /><INIT seed="0,1,0,5,0,4" ten="366,250,250,134" oya="0" hai0="1,88,73,81,113,19,14,119,30,68,71,99,29" hai1="9,82,36,41,58,115,28,102,76,42,111,77,91" hai2="105,66,22,54,13,2,38,92,96,103,57,85,124" hai3="12,108,26,94,33,10,40,123,87,34,16,97,25"/><T69/><D1/><U49/><E115/><V126/><F2/><W125/><G125/><N who="2" m="48233" /><F38/><W59/><G108/><T6/><D6/><U86/><E111/><V95/><F66/><W90/><G123/><T127/><D119/><U56/><E36/><V120/><F85/><W44/><G34/><T129/><D113/><U70/><E70/><V114/><F114/><W83/><G59/><T32/><D127/><U43/><E102/><V118/><F118/><W15/><G33/><T52/><D129/><U21/><E56/><V89/><F89/><W130/><G15/><T74/><D32/><U64/><E64/><V134/><F134/><W128/><G128/><T131/><D131/><U107/><E107/><V110/><F120/><W8/><G8/><N who="0" m="6599" /><D99/><U11/><E76/><V100/><F100/><W55/><G130/><T39/><D39/><U104/><E77/><V67/><F67/><W122/><G122/><T98/><D98/><U37/><E104/><V63/><F110/><W51/><G40/><T0/><D0/><U31/><E37/><V79/><F79/><AGARI ba="1,0" hai="10,12,16,25,26,44,51,55,79,83,87,90,94,97" machi="79" ten="30,7700,0" yaku="7,1,8,1,52,1,54,1" doraHai="4" who="3" fromWho="2" sc="366,0,250,0,250,-80,134,80" /><INIT seed="1,0,0,3,1,93" ten="366,250,170,214" oya="1" hai0="117,91,106,123,132,97,53,28,11,0,116,29,84" hai1="129,101,45,30,21,50,102,33,47,7,89,120,69" hai2="94,61,79,71,54,5,37,121,96,119,19,26,23" hai3="36,57,20,56,31,67,39,77,83,40,115,135,74"/><U32/><E120/><V131/><F121/><W24/><G115/><T55/><D123/><U12/><E69/><V4/><F119/><W99/><G135/><T41/><D41/><U18/><E129/><V78/><F37/><W68/><G68/><T118/><D132/><U127/><E127/><V113/><F131/><W104/><G40/><T35/><D0/><U100/><E7/><N who="2" m="2635" /><F113/><W51/><G57/><T124/><D11/><U95/><E30/><V126/><F71/><W10/><G10/><T59/><D124/><U27/><E12/><V134/><F134/><W44/><G56/><T82/><D55/><U112/><E112/><V49/><F61/><W75/><G75/><T108/><D35/><U110/><E110/><V52/><F126/><W65/><G39/><T111/><D29/><U2/><E2/><V63/><F63/><W16/><G36/><T62/><REACH who="0" step="1"/><D28/><REACH who="0" ten="356,250,170,214" step="2"/><U130/><E130/><V114/><F114/><W22/><G31/><T48/><D48/><U34/><REACH who="1" step="1"/><E50/><REACH who="1" ten="356,240,170,214" step="2"/><V107/><F49/><W125/><G125/><T13/><D13/><U128/><E128/><V8/><F8/><W3/><G3/><T80/><D80/><U6/><E6/><V133/><F133/><W87/><G83/><T15/><D15/><U105/><E105/><V76/><F107/><W86/><G104/><T103/><AGARI ba="0,2" hai="53,59,62,82,84,91,97,103,106,108,111,116,117,118" machi="103" ten="40,8000,1" yaku="1,1,0,1,52,1,53,1" doraHai="93" doraHaiUra="85" who="0" fromWho="0" sc="356,100,240,-40,170,-20,214,-20" /><INIT seed="2,0,0,4,1,127" ten="456,200,150,194" oya="2" hai0="24,119,95,81,97,105,42,13,70,32,110,113,5" hai1="43,4,80,10,23,106,64,66,109,7,35,129,31" hai2="78,17,57,37,51,46,54,20,96,48,114,122,101" hai3="85,39,86,125,90,65,52,28,47,128,41,87,34"/><V133/><F114/><W112/><G112/><T123/><D105/><U121/><E106/><V29/><F122/><W27/><G125/><T83/><D70/><U16/><E109/><V71/><F71/><W56/><G65/><T19/><D123/><U50/><E121/><V135/><F37/><W59/><G59/><T74/><D113/><U111/><E111/><V53/><F78/><W120/><G120/><T73/><D42/><U118/><E118/><V117/><F29/><W99/><G99/><T115/><D119/><U44/><E7/><V77/><F77/><W89/><REACH who="3" step="1"/><G128/><REACH who="3" ten="456,200,150,184" step="2"/><T76/><D115/><U124/><E129/><V79/><F117/><W98/><G98/><T84/><D110/><U100/><E66/><V55/><F79/><W94/><G94/><T104/><D95/><U103/><E64/><V12/><REACH who="2" step="1"/><F54/><REACH who="2" ten="456,200,140,184" step="2"/><W102/><G102/><T30/><D76/><U33/><E100/><V36/><F36/><W75/><G75/><T63/><D74/><U67/><E103/><V126/><F126/><W68/><G68/><T26/><D73/><U3/><E124/><V132/><F132/><W14/><G14/><T11/><D13/><U45/><E67/><V91/><F91/><W130/><G130/><T15/><D15/><U88/><E88/><V8/><F8/><W6/><G6/><T21/><D11/><U92/><E10/><V60/><F60/><AGARI ba="0,2" hai="27,28,34,39,41,47,52,56,60,85,86,87,89,90" machi="60" ten="40,5200,0" yaku="1,1,54,1,53,1" doraHai="127" doraHaiUra="22" who="3" fromWho="2" sc="456,0,200,0,140,-52,184,72" /><INIT seed="3,0,0,4,5,94" ten="456,200,88,256" oya="3" hai0="76,81,67,45,110,128,62,104,84,58,52,118,130" hai1="17,93,98,77,7,71,26,57,38,46,92,32,5" hai2="2,37,10,40,87,108,120,111,3,48,29,44,70" hai3="125,131,15,11,112,9,88,129,60,4,39,103,31"/><W6/><G39/><T27/><D118/><U28/><E71/><V55/><F70/><W35/><G112/><T101/><D110/><N who="2" m="42026" /><F120/><W49/><G125/><T1/><D1/><U21/><E77/><V14/><F29/><W36/><G36/><T43/><D27/><U116/><E116/><V34/><F34/><W82/><G103/><T124/><D124/><U133/><E133/><V72/><F72/><W0/><G60/><T53/><D101/><U91/><E38/><V123/><F87/><W134/><G49/><N who="0" m="26815" /><D104/><U64/><E46/><N who="2" m="28055" /><F123/><W30/><G134/><T102/><D102/><U126/><E126/><V54/><F54/><W79/><G79/><T41/><D41/><U65/><E65/><V66/><F66/><W100/><G100/><T69/><D69/><U50/><E50/><V19/><AGARI ba="0,0" hai="2,3,10,14,19,37,40,44" m="28055,42026" machi="19" ten="30,1100,0" yaku="14,1" doraHai="94" who="2" fromWho="2" sc="456,-3,200,-3,88,11,256,-5" /><INIT seed="4,0,0,1,5,13" ten="453,197,99,251" oya="0" hai0="101,18,88,106,84,22,5,68,39,74,67,82,21" hai1="25,7,15,9,17,50,105,107,119,35,73,42,113" hai2="57,97,108,10,4,19,129,54,76,1,33,125,44" hai3="49,53,79,28,122,124,78,65,75,58,56,85,20"/><T109/><D39/><U95/><E119/><V23/><F108/><W93/><G124/><T77/><D109/><U98/><E73/><V90/><F125/><W34/><G34/><T135/><D5/><U128/><E128/><V32/><F129/><W89/><G75/><T80/><D135/><U83/><E83/><V31/><F76/><W62/><G122/><T0/><D0/><U14/><E113/><V45/><F33/><W64/><G64/><T59/><D68/><U30/><E50/><V103/><F90/><W2/><G2/><T131/><D131/><U8/><REACH who="1" step="1"/><E42/><REACH who="1" ten="453,187,99,251" step="2"/><V63/><F32/><W111/><G111/><T40/><D40/><U94/><E94/><V110/><F110/><W81/><G81/><T87/><D74/><U118/><E118/><V12/><REACH who="2" step="1"/><F31/><REACH who="2" ten="453,187,89,251" step="2"/><W24/><AGARI ba="0,2" hai="20,24,28,49,53,56,58,62,65,78,79,85,89,93" machi="24" ten="30,2000,0" yaku="0,1,8,1" doraHai="13" who="3" fromWho="3" sc="453,-10,187,-5,89,-5,251,40" /><INIT seed="5,0,0,2,3,51" ten="443,182,84,291" oya="1" hai0="124,33,28,99,97,92,88,105,90,35,30,43,101" hai1="63,127,126,119,75,74,62,52,56,3,128,135,46" hai2="111,53,41,103,78,81,7,72,17,109,94,12,50" hai3="44,69,2,45,89,113,95,84,134,57,38,29,131"/><U22/><E3/><V24/><F7/><W112/><G69/><T15/><D124/><N who="1" m="47659" /><E119/><V87/><F24/><W115/><G134/><T11/><D43/><U85/><E135/><V48/><F48/><W91/><G131/><T93/><D35/><U130/><E22/><V40/><F109/><W67/><G2/><T122/><D122/><U59/><E85/><V82/><F111/><W106/><G106/><T98/><D33/><U71/><E71/><V96/><F82/><N who="3" m="49303" /><G38/><T114/><D114/><U1/><E1/><V60/><F60/><N who="3" m="38287" /><G29/><T121/><D121/><U34/><E34/><V9/><REACH who="2" step="1"/><F72/><REACH who="2" ten="443,182,74,291" step="2"/><N who="1" m="27689" /><E46/><AGARI ba="0,1" hai="9,12,17,40,41,46,50,53,78,81,87,94,96,103" machi="46" ten="30,7700,0" yaku="1,1,7,1,8,1,52,1,53,0" doraHai="51" doraHaiUra="66" who="2" fromWho="1" sc="443,0,182,-77,74,87,291,0" /><INIT seed="6,0,0,1,5,50" ten="443,105,161,291" oya="2" hai0="47,68,42,110,77,131,74,52,49,56,63,55,66" hai1="108,122,81,0,45,72,70,61,48,97,76,65,135" hai2="39,43,98,83,36,25,85,129,80,117,78,41,89" hai3="35,92,10,51,113,94,79,8,31,115,106,11,71"/><V58/><F117/><W73/><G106/><T37/><D77/><U26/><E122/><V88/><F129/><W102/><G71/><T107/><D74/><U21/><E108/><V91/><F39/><W38/><G38/><T19/><D107/><U120/><E120/><V95/><F36/><W90/><G102/><T69/><D110/><U24/><E135/><V82/><F25/><N who="3" m="18927" /><G90/><N who="2" m="34921" /><F58/><W84/><G73/><T7/><D7/><U119/><E119/><V6/><F6/><W133/><G133/><T67/><D19/><U1/><E97/><V93/><F43/><W103/><G103/><T126/><D126/><U17/><REACH who="1" step="1"/><E26/><REACH who="1" ten="443,95,161,291" step="2"/><V16/><F95/><W23/><G92/><T20/><D131/><U28/><E28/><V132/><F132/><W59/><G94/><T114/><D20/><U75/><E75/><V44/><F93/><W86/><G23/><T62/><D114/><U118/><E118/><V96/><F96/><W100/><G115/><T121/><D121/><U30/><E30/><V127/><F98/><W60/><G113/><T116/><D116/><U125/><E125/><V2/><F127/><W13/><G100/><T123/><D123/><U105/><E105/><V22/><F78/><W53/><G79/><T124/><D124/><U128/><E128/><V112/><F112/><W14/><G86/><T5/><D5/><U54/><AGARI ba="0,1" hai="0,1,17,21,24,45,48,54,61,65,70,72,76,81" machi="54" ten="20,12000,2" yaku="1,1,0,1,7,1,52,1,53,2" doraHai="50" doraHaiUra="33" who="1" fromWho="1" sc="443,-30,95,130,161,-60,291,-30" /><INIT seed="7,0,0,0,5,95" ten="413,225,101,261" oya="3" hai0="25,68,48,63,69,21,81,82,42,111,40,134,53" hai1="0,108,92,49,97,109,5,85,112,75,78,45,3" hai2="13,54,61,4,37,38,26,44,129,122,34,124,27" hai3="7,101,79,62,88,102,39,65,11,126,71,47,56"/><W125/><G79/><T24/><D111/><U36/><E112/><V22/><F122/><W58/><G39/><T72/><D134/><U20/><E75/><V120/><F120/><W8/><G47/><T14/><D69/><U84/><E36/><V104/><F104/><W94/><G102/><T110/><D110/><U87/><E78/><V106/><F106/><W119/><G101/><T123/><D68/><U89/><E3/><V115/><F115/><W50/><G119/><T117/><D63/><U55/><REACH who="1" step="1"/><E20/><REACH who="1" ten="413,215,101,261" step="2"/><V30/><F124/><N who="3" m="47723" /><G50/><T133/><D72/><U128/><E128/><V43/><F22/><W29/><G29/><T46/><D133/><U98/><E98/><V80/><F129/><W107/><G107/><T135/><D117/><U17/><E17/><V28/><F28/><W32/><G32/><T51/><D123/><U131/><E131/><V12/><F30/><W114/><G114/><T66/><D135/><U113/><E113/><V100/><F34/><W67/><G67/><T15/><D66/><U74/><E74/><V9/><F37/><W16/><G16/><T77/><D21/><U121/><E121/><V130/><F130/><W23/><G23/><T33/><D33/><U116/><E116/><V19/><F38/><W86/><G8/><AGARI ba="0,1" hai="0,5,8,45,49,55,84,85,87,89,92,97,108,109" machi="8" ten="40,5200,0" yaku="1,1,52,1,53,1" doraHai="95" doraHaiUra="91" who="1" fromWho="3" sc="413,0,215,62,101,0,261,-52" owari="413,51.0,277,8.0,101,-40.0,209,-19.0" /></mjloggm>