<mjloggm ver="2.3"><GO type="41"/><UN n0="%E3%82%A6%E3%83%AB%E3%83%88%E3%83%A9%E7%AB%8B%E7%9B%B4" n1="%E3%81%8C%E3%82%93%E3%81%B0%E3%82%8B%E3%81%8C%E3%82%93%E3%81%B0%E3%82%8B" n2="%E3%83%90%E3%83%AB%E3%83%90%E3%83%AD%E3%83%83%E3%82%B5" n3="%E3%81%AB%E3%82%83%E3%82%93%E3%81%88%E3%82%82%E3%82%93" dan="15,13,14,14" rate="2007,1839,1957,1959" sx="M,M,M,M"/><TAIKYOKU oya="0"/><INIT seed="0,0,0,1,2,73" ten="250,250,250,250" oya="0" hai0="29,0,14,104,93,20,126,122,56,12,41,127,34" hai1="134,7,30,113,119,118,59,115,121,49,64,98,44" hai2="4,123,25,57,54,94,84,89,70,43,77,90,17" hai3="87,9,131,39,130,91,96,33,1,72,16,11,10"/><T23/><D104/><U52/><E7/><V80/><F70/><W71/><G72/><T132/><D41/><U66/><E98/><V60/><F123/><W120/><G71/><T86/><D56/><U68/><E30/><V45/><F4/><W47/><G33/><T6/><D86/><U107/><E107/><V18/><F90/><W53/><G96/><T55/><D55/><U24/><E24/><V76/><F25/><W5/><G39/><T35/><D93/><U3/><E3/><V99/><REACH who="2" step="1"/><F77/><REACH who="2" ten="250,250,240,250" step="2"/><W32/><G120/><T83/><D122/><U42/><E121/><V69/><F69/><W67/><G32/><T48/><D6/><U26/><E26/><V111/><F111/><W36/><G5/><T106/><D0/><U81/><E134/><V74/><F74/><W75/><G1/><T38/><D132/><U8/><E68/><V50/><AGARI ba="0,1" hai="17,18,43,45,50,54,57,60,76,80,84,89,94,99" machi="50" ten="20,8000,1" yaku="1,1,0,1,7,1,8,1,52,1,53,0" doraHai="73" doraHaiUra="2" who="2" fromWho="2" sc="250,-40,250,-20,240,90,250,-20" /><INIT seed="1,0,0,0,4,38" ten="210,230,330,230" oya="1" hai0="99,120,115,17,10,76,79,9,45,35,111,30,69" hai1="124,107,55,62,66,112,25,42,122,123,36,7,71" hai2="8,68,19,113,82,1,109,26,74,67,59,78,83" hai3="61,24,70,129,96,52,5,27,6,49,134,87,103"/><U118/><E118/><V98/><F68/><W60/><G134/><T21/><D69/><U34/><E112/><V51/><F113/><W77/><G129/><T50/><D115/><U0/><E107/><V125/><F1/><W93/><G70/><T13/><D111/><U33/><E124/><V104/><F109/><W121/><G121/><T80/><D120/><U85/><E85/><V31/><F125/><W18/><G77/><T39/><D39/><U57/><E25/><N who="3" m="9802" /><G87/><T97/><D35/><U72/><E72/><V2/><F2/><W116/><G116/><T44/><D44/><U108/><E108/><V37/><F37/><W73/><G73/><T95/><D30/><U89/><E89/><V16/><F104/><W12/><G6/><T119/><D99/><U94/><E94/><V3/><F98/><W117/><G117/><T47/><D47/><U86/><E86/><V22/><F83/><W131/><G5/><T15/><D119/><U84/><E84/><V14/><F67/><W127/><G131/><T54/><D80/><U4/><E4/><V46/><F3/><W20/><G127/><T75/><D75/><U92/><E92/><V28/><REACH who="2" step="1"/><F59/><AGARI ba="0,0" hai="12,18,20,49,52,59,60,61,93,96,103" m="9802" machi="59" ten="30,2000,0" yaku="8,1,54,1" doraHai="38" who="3" fromWho="2" sc="210,0,230,0,330,-20,230,20" /><INIT seed="2,0,0,2,4,0" ten="210,230,310,250" oya="2" hai0="63,72,115,39,97,80,83,25,27,1,71,36,75" hai1="100,82,134,50,109,93,103,15,130,33,14,81,118" hai2="91,89,128,42,66,55,110,121,116,48,132,31,56" hai3="79,18,30,98,105,11,29,40,38,69,112,46,32"/><V88/><F121/><W133/><G69/><T53/><D63/><U54/><E118/><V90/><F116/><W99/><G79/><T22/><D22/><U106/><E106/><V10/><F132/><W5/><G18/><T21/><D21/><U104/><E104/><V23/><F128/><W17/><G17/><T4/><D97/><U114/><E114/><V92/><F110/><W2/><G133/><T67/><D71/><U12/><E33/><V13/><F42/><W126/><G126/><T64/><D1/><U20/><E134/><V85/><F66/><W117/><G117/><T96/><D96/><U127/><E127/><V77/><F77/><W135/><G135/><T62/><D62/><U113/><E113/><V49/><F49/><W73/><G73/><T84/><D53/><U94/><E130/><V123/><F123/><W24/><G112/><T6/><D115/><U76/><E20/><V59/><F59/><W35/><G105/><T52/><D52/><U129/><E129/><V7/><F23/><W61/><G61/><T44/><REACH who="0" step="1"/><D84/><REACH who="0" ten="200,230,310,250" step="2"/><N who="1" m="48167" /><E109/><V131/><F131/><W124/><G124/><T58/><D58/><N who="1" m="33111" /><E82/><N who="2" m="49207" /><F31/><W51/><G38/><T119/><D119/><U86/><E86/><AGARI ba="0,1" hai="7,10,13,48,55,56,86,89,90,91,92" m="49207" machi="86" ten="30,5800,0" yaku="8,1,52,1,54,1" doraHai="0" who="2" fromWho="1" sc="200,0,230,-58,310,68,250,0" /><INIT seed="2,1,0,3,2,49" ten="200,172,378,250" oya="2" hai0="79,99,14,56,6,48,44,74,122,33,8,68,112" hai1="19,109,4,115,87,123,36,95,54,16,97,28,103" hai2="42,57,128,91,131,102,93,121,85,78,1,135,84" hai3="13,27,98,130,22,38,5,104,89,15,108,31,96"/><V114/><F1/><W113/><G38/><T58/><D68/><U66/><E36/><V118/><F42/><W88/><G108/><T101/><D33/><U46/><E115/><V106/><F114/><W25/><G113/><T134/><D112/><U30/><E109/><V41/><F41/><W43/><G43/><T45/><D122/><U26/><E123/><V83/><F57/><W61/><G130/><N who="2" m="49705" /><F121/><W82/><G104/><T34/><D34/><U18/><E4/><V75/><F118/><W50/><G27/><T117/><D117/><U80/><E66/><V105/><F135/><W73/><G73/><T11/><D134/><U32/><E32/><V10/><F10/><W111/><G111/><T71/><D71/><U51/><E26/><V110/><F110/><W65/><G50/><T2/><D45/><U29/><E29/><V37/><F37/><W132/><G132/><T81/><D8/><U47/><E47/><V20/><F20/><W92/><G96/><T17/><D2/><U35/><E35/><V59/><F59/><N who="3" m="37055" /><G5/><T55/><REACH who="0" step="1"/><D6/><REACH who="0" ten="190,172,378,250" step="2"/><U90/><AGARI ba="1,1" hai="16,18,19,28,30,46,51,54,80,87,90,95,97,103" machi="90" ten="30,7900,0" yaku="0,1,8,1,52,1,54,1" doraHai="49" who="1" fromWho="1" sc="190,-21,172,92,378,-40,250,-21" /><INIT seed="3,0,0,0,5,121" ten="169,264,338,229" oya="3" hai0="101,79,129,94,135,73,11,110,68,77,76,83,54" hai1="41,49,64,114,7,127,23,36,91,12,74,93,125" hai2="26,56,29,61,96,38,20,1,128,59,71,17,52" hai3="53,58,99,51,67,130,126,3,66,72,46,65,132"/><W2/><G72/><N who="0" m="43399" /><D68/><U16/><E74/><V9/><F71/><W111/><G126/><N who="1" m="48138" /><E114/><V112/><F38/><W107/><G132/><T118/><D54/><U31/><E36/><V133/><F133/><W14/><G130/><T97/><D11/><N who="1" m="4223" /><E64/><V43/><F128/><W0/><G107/><T80/><D129/><U69/><E69/><V100/><F43/><W50/><G99/><T45/><D45/><N who="1" m="25775" /><E31/><V44/><F112/><W117/><G117/><T98/><D135/><U22/><E16/><V120/><F120/><W78/><G78/><N who="0" m="44111" /><D118/><U33/><E33/><V81/><F44/><W10/><G14/><T24/><D24/><U92/><E92/><V6/><F81/><W8/><REACH who="3" step="1"/><G111/><REACH who="3" ten="169,264,338,219" step="2"/><T62/><D110/><U18/><E18/><V30/><REACH who="2" step="1"/><F59/><REACH who="2" ten="169,264,328,219" step="2"/><W60/><G60/><T124/><D62/><U95/><E95/><AGARI ba="0,2" hai="1,6,9,17,20,26,29,30,52,56,61,95,96,100" machi="95" ten="30,7700,0" yaku="1,1,2,1,7,1,54,1,53,0" doraHai="121" doraHaiUra="70" who="2" fromWho="1" sc="169,0,264,-77,328,97,219,0" /><INIT seed="4,0,0,3,2,65" ten="169,187,425,219" oya="0" hai0="40,20,91,46,11,110,74,109,39,119,55,56,43" hai1="51,108,10,44,54,93,61,17,111,118,42,3,41" hai2="89,83,95,133,76,8,68,88,64,25,27,90,30" hai3="67,52,2,112,47,28,103,45,125,19,34,69,15"/><T71/><D74/><U7/><E118/><V84/><F133/><W33/><G2/><T129/><D119/><U124/><E124/><V1/><F1/><W85/><G125/><T49/><D11/><U24/><E93/><V59/><F27/><W96/><G112/><T77/><D77/><U57/><E42/><V58/><F8/><W126/><G126/><T123/><D43/><U75/><E75/><V37/><F37/><W82/><G67/><T22/><D123/><U98/><E98/><V62/><REACH who="2" step="1"/><F95/><REACH who="2" ten="169,187,415,219" step="2"/><W130/><G28/><T6/><D6/><U81/><E81/><V113/><F113/><W48/><G34/><AGARI ba="0,1" hai="25,30,34,58,59,62,64,68,76,83,84,88,89,90" machi="34" ten="40,5200,0" yaku="1,1,52,1,54,1,53,0" doraHai="65" doraHaiUra="50" who="2" fromWho="3" sc="169,0,187,0,415,62,219,-52" /><INIT seed="5,0,0,1,0,61" ten="169,187,477,167" oya="1" hai0="35,102,58,3,104,9,25,48,43,55,81,109,54" hai1="4,76,82,46,112,89,64,87,100,23,45,121,129" hai2="73,98,130,95,69,96,47,21,34,99,56,125,122" hai3="101,42,88,33,75,1,12,67,97,127,80,68,18"/><U107/><E121/><V83/><F69/><W17/><G1/><T90/><D109/><U118/><E118/><V92/><F34/><W38/><G127/><T72/><D43/><U86/><E129/><V5/><F130/><W40/><G38/><T120/><D120/><U119/><E119/><V15/><F122/><W115/><G33/><T116/><D116/><U62/><E112/><V29/><F125/><W65/><G18/><T10/><D102/><U103/><E107/><V78/><F47/><W77/><G68/><T71/><D104/><U52/><E4/><V123/><F123/><W0/><G0/><T108/><D71/><U60/><E60/><V6/><F6/><W94/><G115/><T63/><D108/><U110/><E110/><V36/><F36/><W105/><G42/><T31/><D3/><U114/><E114/><V49/><F5/><W57/><G40/><T13/><D72/><U26/><E46/><V85/><F73/><W117/><G57/><T19/><D10/><U124/><E124/><V39/><F39/><W70/><G117/><T41/><D41/><U133/><E133/><V131/><F131/><W91/><G91/><T24/><D24/><U66/><E100/><V8/><F8/><W106/><G105/><T84/><REACH who="0" step="1"/><D48/><REACH who="0" ten="159,187,477,167" step="2"/><N who="1" m="28687" /><E62/><V16/><F29/><W50/><G50/><T79/><D79/><U126/><E103/><V32/><F32/><W59/><G70/><T11/><D11/><U134/><E126/><V14/><F14/><W128/><G128/><T20/><D20/><U53/><E134/><V2/><F2/><W28/><G106/><RYUUKYOKU ba="0,1" sc="159,15,187,-15,477,15,167,-15" hai0="9,13,19,25,31,35,54,55,58,63,81,84,90" hai2="15,16,21,49,56,78,83,85,92,95,96,98,99" /><INIT seed="6,1,1,3,3,117" ten="174,172,492,152" oya="2" hai0="124,64,31,28,0,44,5,42,135,121,88,95,119" hai1="13,8,15,126,55,1,80,123,98,90,84,128,129" hai2="14,57,47,81,53,69,29,71,91,83,60,21,85" hai3="4,131,74,106,36,37,22,25,7,100,104,27,118"/><V30/><F71/><W103/><G131/><N who="1" m="50250" /><E126/><V132/><F69/><W50/><G50/><T125/><D119/><U40/><E40/><V49/><F132/><W17/><G118/><T102/><D135/><U19/><E1/><V134/><F134/><W75/><G22/><T65/><D102/><U54/><E98/><V120/><F120/><W6/><G17/><T66/><D121/><U70/><E70/><V12/><F83/><W111/><G111/><T101/><D101/><N who="3" m="38985" /><G25/><T130/><D130/><U67/><E67/><V105/><F105/><N who="3" m="40555" /><G27/><T76/><D5/><N who="1" m="3215" /><E123/><V20/><F20/><AGARI ba="1,1" hai="15,19,20,54,55,80,84,90" m="3215,50250" machi="20" ten="30,1000,0" yaku="19,1" doraHai="117" who="1" fromWho="2" sc="174,0,172,23,492,-13,152,0" /><INIT seed="7,0,0,0,1,106" ten="174,195,479,152" oya="3" hai0="89,119,100,93,10,80,90,26,68,134,103,120,121" hai1="41,114,14,42,59,109,31,52,57,0,54,105,108" hai2="60,7,27,40,15,123,97,111,99,76,29,66,58" hai3="44,50,135,17,24,28,1,73,37,112,53,133,13"/><W12/><G1/><T87/><D68/><U101/><E0/><V84/><F111/><N who="1" m="42569" /><E14/><V19/><F123/><N who="0" m="47178" /><D10/><U33/><E101/><N who="0" m="38985" /><D26/><U125/><E31/><V34/><F40/><N who="1" m="15465" /><E33/><V79/><F79/><W85/><G37/><T78/><D119/><U46/><E105/><V132/><F132/><N who="3" m="50763" /><G73/><N who="0" m="43087" /><D134/><U122/><E122/><V20/><F76/><W3/><G3/><T8/><D8/><U104/><E104/><V16/><F7/><W83/><G17/><T91/><AGARI ba="0,0" hai="87,89,90,91,93" m="43087,38985,47178" machi="91" ten="30,4000,0" yaku="34,2,52,1" doraHai="106" who="0" fromWho="0" sc="174,40,195,-10,479,-10,152,-20" owari="214,1.0,185,-21.0,469,57.0,132,-37.0" /></mjloggm>