<mjloggm ver="2.3"><GO type="225"/><UN n0="%E6%9C%AC%E7%89%A9%E5%A5%B3%E5%AD%90%E9%AB%98%E7%94%9F" n1="%E3%82%8F%E3%81%A3%E3%81%A1%E3%83%BC%E2%99%AA" n2="%E3%83%95%E3%82%A7%E3%83%BC%E3%83%AA%E3%81%9F%E3%82%93" n3="%EF%BC%88%E2%89%A7%E2%96%BD%E2%89%A6%EF%BC%89" dan="16,16,16,16" rate="2094,2133,2102,2036" sx="F,M,M,M"/><TAIKYOKU oya="0"/><INIT seed="0,0,0,2,5,50" ten="250,250,250,250" oya="0" hai0="95,55,41,5,20,44,84,57,56,112,100,3,129" hai1="71,39,9,91,92,60,61,125,99,37,35,19,52" hai2="27,75,130,59,21,111,28,16,107,42,13,18,4" hai3="0,30,82,104,93,131,38,29,7,124,105,17,78"/><T101/><D112/><U128/><E35/><V23/><F75/><W117/><G117/><T48/><D129/><U64/><E125/><V123/><F107/><W119/><G38/><T109/><D109/><U83/><E128/><V132/><F130/><W108/><G119/><T118/><D118/><U113/><E113/><V120/><F111/><W86/><G124/><T110/><D110/><U34/><E34/><N who="2" m="20767" /><F42/><W40/><G40/><T47/><D20/><U8/><E83/><V94/><F94/><W12/><G108/><T76/><D57/><U15/><REACH who="1" step="1"/><E9/><REACH who="1" ten="250,240,250,250" step="2"/><V58/><F123/><W51/><G131/><T126/><D126/><U73/><E73/><V81/><F120/><W85/><G82/><T62/><D76/><U65/><E65/><V103/><F81/><W46/><G78/><T135/><D135/><U80/><E80/><V96/><F132/><W14/><G0/><T79/><D79/><U74/><E74/><V32/><F32/><W43/><G30/><T11/><REACH who="0" step="1"/><D47/><REACH who="0" ten="240,240,250,250" step="2"/><U134/><E134/><V25/><F21/><W33/><G46/><T133/><D133/><U22/><E22/><V31/><F23/><W102/><G33/><T106/><D106/><U122/><E122/><V45/><F45/><W87/><G105/><T89/><AGARI ba="0,2" hai="3,5,11,41,44,48,55,56,62,84,89,95,100,101" machi="89" ten="30,6000,0" yaku="1,1,0,1,52,1,53,0" doraHai="50" doraHaiUra="26" who="0" fromWho="0" sc="240,80,240,-20,250,-20,250,-20" /><INIT seed="0,1,0,5,5,21" ten="320,220,230,230" oya="0" hai0="50,2,112,114,5,51,7,60,134,113,36,42,18" hai1="66,75,31,70,89,81,123,95,52,54,65,67,4" hai2="34,90,1,16,61,107,48,94,40,77,57,55,117" hai3="11,3,82,102,103,44,130,45,56,64,135,80,69"/><T6/><D2/><U105/><E70/><V115/><F107/><W127/><G69/><T43/><D134/><U38/><E105/><V58/><F115/><W13/><G3/><T119/><D119/><U25/><E123/><V104/><F104/><W73/><G135/><T118/><D118/><U33/><E38/><V20/><F34/><W132/><G132/><T47/><D60/><U128/><E128/><V109/><F1/><W121/><G121/><T101/><D101/><N who="3" m="38409" /><G73/><T17/><REACH who="0" step="1"/><D43/><REACH who="0" ten="310,220,230,230" step="2"/><U87/><E4/><V99/><F40/><W27/><G130/><T86/><D86/><U15/><E15/><N who="2" m="9247" /><F117/><W46/><G13/><T41/><D41/><U32/><E32/><V106/><F61/><W39/><G39/><T68/><D68/><U88/><REACH who="1" step="1"/><E75/><REACH who="1" ten="310,210,230,230" step="2"/><V93/><F106/><W72/><G72/><T30/><D30/><U131/><E131/><V97/><F99/><AGARI ba="1,2" hai="25,31,33,52,54,65,66,67,81,87,88,89,95,99" machi="99" ten="40,8000,1" yaku="1,1,52,1,54,2,53,1" doraHai="21" doraHaiUra="91" who="1" fromWho="2" sc="310,0,210,103,230,-83,230,0" /><INIT seed="1,0,0,5,0,130" ten="310,313,147,230" oya="1" hai0="25,133,15,121,62,92,68,71,13,37,73,27,26" hai1="102,38,56,72,9,69,65,107,114,91,127,0,33" hai2="12,50,34,90,110,55,83,109,94,18,67,112,48" hai3="100,4,51,6,41,10,105,85,32,120,119,97,21"/><U29/><E72/><V115/><F34/><W44/><G32/><T135/><D73/><U20/><E38/><V16/><F67/><W118/><G120/><T2/><D2/><U8/><E56/><V5/><F5/><W42/><G21/><T84/><D37/><U36/><E36/><V57/><F50/><W82/><G42/><T64/><D71/><U117/><E117/><V43/><F43/><W79/><REACH who="3" step="1"/><G4/><REACH who="3" ten="310,313,147,220" step="2"/><T116/><D121/><U86/><E33/><V129/><F129/><W124/><G124/><T14/><REACH who="0" step="1"/><D116/><REACH who="0" ten="300,313,147,220" step="2"/><U134/><E127/><V46/><F112/><W101/><G101/><T75/><D75/><U23/><E102/><V30/><F115/><W103/><G103/><T89/><AGARI ba="0,2" hai="13,14,15,25,26,27,62,64,68,84,89,92,133,135" machi="89" ten="40,8000,1" yaku="1,1,0,1,52,2,53,1" doraHai="130" doraHaiUra="60" who="0" fromWho="0" sc="300,100,313,-40,147,-20,220,-20" /><INIT seed="2,0,0,4,2,79" ten="400,273,127,200" oya="2" hai0="56,18,28,92,62,114,97,38,53,84,120,102,83" hai1="81,21,58,73,98,96,0,13,26,14,2,16,82" hai2="30,112,19,123,117,24,93,57,48,113,125,37,23" hai3="50,80,27,43,5,64,39,133,59,11,45,122,103"/><V29/><F123/><W17/><G122/><T109/><D120/><U10/><E73/><V100/><F117/><W85/><G133/><T68/><D114/><U107/><E107/><V3/><F37/><W110/><G110/><T134/><D38/><U124/><E124/><V15/><F125/><W132/><G132/><T20/><D134/><U75/><E75/><V111/><F3/><W22/><G103/><T135/><D135/><U94/><E0/><V47/><F57/><W66/><G59/><T87/><D68/><U86/><E2/><V128/><F128/><W70/><G70/><T106/><D106/><U33/><E33/><V118/><F118/><W9/><G39/><T126/><D87/><U40/><E40/><V32/><F30/><W61/><G61/><T65/><D28/><N who="1" m="17487" /><E58/><V41/><REACH who="2" step="1"/><F111/><REACH who="2" ten="400,273,117,200" step="2"/><W119/><G119/><T88/><D109/><U51/><E51/><V42/><F42/><W4/><G66/><T44/><D126/><U67/><E67/><V36/><F36/><W46/><G64/><T115/><D65/><U69/><E69/><V34/><F34/><W12/><G46/><T49/><D44/><U7/><E86/><V60/><F60/><W72/><G72/><T77/><D62/><U127/><E127/><V89/><F89/><W76/><G11/><T31/><D31/><AGARI ba="0,1" hai="4,5,9,12,17,22,27,31,43,45,50,76,80,85" machi="31" ten="30,3900,0" yaku="7,1,8,1,52,1" doraHai="79" who="3" fromWho="0" sc="400,-39,273,0,117,0,200,49" /><INIT seed="3,0,0,4,4,129" ten="361,273,117,249" oya="3" hai0="32,86,115,2,45,109,27,48,30,14,90,57,37" hai1="56,12,15,63,25,88,36,11,43,55,76,44,120" hai2="34,104,83,116,40,20,134,99,17,4,71,39,77" hai3="95,10,59,111,135,16,72,13,103,1,102,85,31"/><W79/><G1/><T121/><D2/><U62/><E120/><V70/><F40/><W3/><G3/><T68/><D121/><U18/><E76/><V123/><F4/><W50/><G72/><T9/><D68/><U33/><E15/><V60/><F60/><W126/><G126/><T65/><D109/><U125/><E125/><V131/><F17/><W127/><G127/><T53/><D115/><U38/><E62/><V122/><F20/><W47/><G111/><T75/><D75/><U124/><E124/><V105/><F99/><W29/><G135/><T112/><D112/><U119/><E119/><V107/><F83/><N who="3" m="47359" /><G59/><T96/><D96/><U66/><E66/><V101/><F101/><N who="3" m="38411" /><G95/><T69/><D69/><U6/><E88/><V74/><F77/><W93/><G93/><T110/><D110/><U97/><E97/><V108/><F107/><W91/><G91/><T0/><D90/><U80/><E80/><V106/><F105/><W67/><G67/><T84/><D65/><U114/><E114/><V51/><F106/><W100/><N who="3" m="38419" /><W28/><DORA hai="64" /><G28/><T130/><D0/><U35/><E36/><V128/><F104/><W133/><G133/><T58/><D37/><U81/><E81/><V52/><F134/><W22/><G10/><T132/><D132/><U7/><E33/><V89/><F108/><W19/><G19/><N who="0" m="8655" /><D57/><U54/><E54/><AGARI ba="0,0" hai="13,16,22,29,31,47,50,54" m="38419,47359" machi="54" ten="30,2900,0" yaku="8,1,54,1" doraHai="129,64" who="3" fromWho="1" sc="361,0,273,-29,117,0,249,29" /><INIT seed="3,1,0,5,0,93" ten="361,244,117,278" oya="3" hai0="6,13,99,88,41,46,56,135,64,103,19,69,84" hai1="50,100,9,17,122,82,77,133,30,54,52,92,27" hai2="67,118,62,85,130,4,20,7,115,75,129,74,26" hai3="25,89,117,128,29,71,98,125,23,134,101,8,57"/><W126/><G71/><T66/><D69/><U3/><E122/><V81/><F118/><W83/><G117/><T5/><D135/><U108/><E133/><V42/><F115/><W127/><G134/><T68/><D68/><U21/><E108/><V78/><F129/><W132/><G132/><T31/><D31/><U11/><E3/><V121/><F130/><W45/><G128/><T60/><D99/><N who="1" m="59495" /><E30/><V105/><F105/><N who="3" m="63671" /><G45/><T96/><D96/><U119/><E119/><V76/><F121/><W114/><G114/><T0/><D66/><U32/><E32/><V91/><F74/><W86/><G8/><N who="1" m="3146" /><E50/><V16/><F75/><W97/><G57/><T94/><D103/><U51/><E51/><V39/><F39/><W104/><G97/><T123/><D0/><U95/><E95/><V49/><F49/><W80/><G104/><T113/><D113/><U10/><N who="1" m="3154" /><U22/><DORA hai="33" /><E22/><V70/><REACH who="2" step="1"/><F42/><REACH who="2" ten="361,244,107,278" step="2"/><W90/><G126/><T48/><D123/><U18/><E18/><V28/><F28/><W24/><G29/><T111/><D111/><U73/><E73/><V15/><F15/><W55/><G125/><T109/><D109/><U38/><E38/><V107/><F107/><W53/><G127/><T43/><D41/><U124/><E124/><V112/><F112/><W58/><G25/><T110/><D110/><U35/><E35/><V1/><F1/><W47/><G24/><T61/><D19/><U106/><E106/><V37/><F37/><W87/><G47/><T40/><D40/><U79/><E17/><V63/><F63/><N who="0" m="24138" /><D43/><U14/><E27/><RYUUKYOKU ba="1,1" sc="361,-10,244,-10,107,30,278,-10" hai2="4,7,16,20,26,62,67,70,76,78,81,85,91" owari="361,46.0,234,-17.0,137,-36.0,268,7.0" /></mjloggm>