<mjloggm ver="2.3"><GO type="169" lobby="0"/><UN n0="%52%4F%54%54%45%4E" n1="%EF%BC%88%E2%89%A7%E2%96%BD%E2%89%A6%EF%BC%89" n2="%E3%83%96%E3%83%83%E3%83%91%E7%A5%9E" n3="%E9%81%8A%E8%B5%B0" dan="16,19,16,16" rate="2106.91,2254.49,2157.25,2113.47" sx="M,M,M,F"/><TAIKYOKU oya="0"/><INIT seed="0,0,0,2,2,119" ten="250,250,250,250" oya="0" hai0="43,24,121,55,111,128,116,23,21,18,28,122,95" hai1="76,103,19,32,25,83,90,131,20,7,88,117,126" hai2="80,44,108,41,120,81,17,77,16,61,65,59,26" hai3="68,85,89,133,125,48,115,132,39,13,42,14,104"/><T12/><D43/><U78/><E117/><V6/><F108/><W30/><G115/><T27/><D116/><U49/><E131/><V5/><F120/><N who="0" m="46186" /><D55/><U98/><E126/><V52/><F65/><W109/><G104/><T31/><D95/><N who="1" m="58847" /><E32/><V86/><F80/><W9/><G109/><T22/><D128/><U71/><E71/><V129/><F129/><W3/><G68/><T112/><D112/><U56/><E7/><N who="2" m="2571" /><F26/><W50/><G125/><T1/><D1/><U35/><E35/><V130/><F130/><W53/><G3/><T79/><D79/><N who="1" m="30251" /><E83/><V135/><F135/><W101/><G42/><T96/><D96/><U38/><E38/><V100/><F100/><W29/><G39/><T87/><D87/><U15/><E25/><N who="0" m="9801" /><D111/><U70/><E70/><V8/><F8/><AGARI ba="0,0" hai="8,12,18,21,22,23,28,31" m="9801,46186" machi="8" ten="30,12000,1" yaku="34,2,52,3" doraHai="119" who="0" fromWho="2" sc="250,120,250,0,250,-120,250,0" /><INIT seed="0,1,0,1,4,72" ten="370,250,130,250" oya="0" hai0="90,64,78,126,98,121,103,28,127,52,46,57,15" hai1="128,89,116,122,63,65,129,30,38,35,5,96,47" hai2="31,39,48,104,71,59,82,50,120,99,60,68,33" hai3="74,77,108,41,2,117,34,119,13,109,6,16,93"/><T132/><D121/><U135/><E122/><V73/><F120/><W88/><G41/><T1/><D1/><U97/><E116/><N who="3" m="44618" /><G34/><T124/><D132/><U87/><E5/><V54/><F39/><W25/><G2/><T134/><D134/><U85/><E85/><V10/><F10/><W27/><G6/><T44/><D64/><U69/><E135/><V105/><F71/><W75/><G25/><T53/><D90/><U43/><E30/><V131/><F131/><N who="1" m="50249" /><E35/><V79/><F68/><W26/><G27/><T66/><D66/><U111/><E111/><N who="3" m="42570" /><G26/><T49/><D28/><U67/><E67/><V42/><F31/><W19/><G77/><T29/><D78/><U101/><E101/><V12/><F33/><W123/><G123/><T84/><D29/><U32/><E32/><V81/><F12/><W40/><G40/><T70/><D70/><U125/><E125/><V20/><F20/><N who="3" m="11279" /><G19/><T55/><D15/><U36/><E36/><V61/><F42/><W102/><G102/><T58/><D84/><AGARI ba="1,0" hai="74,75,84,88,93" m="11279,42570,44618" machi="84" ten="30,3900,0" yaku="14,1,54,2" doraHai="72" who="3" fromWho="0" sc="370,-42,250,0,130,0,250,42" /><INIT seed="1,0,0,0,2,55" ten="328,250,130,292" oya="1" hai0="131,92,17,90,132,118,1,24,48,4,45,2,49" hai1="11,83,88,69,95,94,68,76,80,93,79,38,30" hai2="7,0,125,26,130,46,13,40,42,99,85,71,28" hai3="113,127,63,116,104,111,128,129,12,43,135,122,126"/><U101/><E38/><V51/><F71/><W65/><G104/><T67/><D118/><U27/><E101/><V53/><F0/><W25/><G25/><T112/><D112/><U5/><E80/><V39/><F125/><N who="3" m="47627" /><G12/><T33/><D132/><U58/><E79/><V16/><F130/><N who="3" m="50283" /><G116/><T66/><D131/><U89/><E69/><V123/><F123/><W102/><G102/><T31/><D17/><U41/><E68/><V120/><F120/><W61/><G122/><T91/><D91/><U77/><E41/><V14/><F99/><W119/><G119/><T103/><D103/><U73/><E77/><V47/><F7/><W87/><G87/><T64/><D4/><U124/><E124/><V121/><F121/><W75/><G75/><T109/><D24/><U106/><E106/><V98/><F98/><W19/><G19/><T52/><D2/><U105/><E105/><V100/><F100/><W32/><G32/><T8/><D33/><U50/><E27/><V44/><F85/><W56/><G113/><T35/><D35/><U3/><REACH who="1" step="1"/><E30/><REACH who="1" ten="328,240,130,292" step="2"/><V18/><F28/><W70/><G43/><N who="0" m="24639" /><D31/><U60/><E60/><V133/><F133/><W29/><G29/><T10/><D1/><U107/><E107/><V110/><F110/><W86/><G135/><T115/><D109/><U97/><E97/><V62/><F62/><N who="3" m="38087" /><G111/><T9/><D115/><U37/><E37/><N who="2" m="21519" /><F26/><W114/><G114/><T96/><D8/><U34/><E34/><V20/><F13/><W78/><G70/><T84/><D96/><U81/><E81/><AGARI ba="0,1" hai="61,63,78,81,86" m="38087,50283,47627" machi="81" ten="30,3900,0" yaku="18,1,19,1,52,1" doraHai="55" who="3" fromWho="1" sc="328,0,240,-39,130,0,292,49" /><INIT seed="2,0,0,3,0,37" ten="328,201,130,341" oya="2" hai0="107,89,43,65,128,112,42,79,41,74,96,84,106" hai1="77,54,113,6,94,80,75,92,82,50,110,100,70" hai2="53,55,30,101,28,62,17,98,35,51,68,64,49" hai3="119,104,99,45,102,9,19,16,48,108,85,10,44"/><V125/><F125/><W29/><G119/><T117/><D112/><U134/><E113/><V57/><F17/><W111/><G85/><T66/><D117/><U20/><E70/><V76/><F76/><W27/><G10/><T69/><D128/><U86/><E134/><V124/><F124/><W67/><G67/><T56/><D69/><U22/><E6/><V3/><F3/><W40/><G44/><T61/><D66/><U60/><E60/><V90/><F90/><W87/><G87/><T23/><D96/><U118/><E118/><V14/><F14/><W72/><G72/><T24/><D79/><U47/><E110/><N who="3" m="42026" /><G9/><T2/><D2/><U114/><E114/><V123/><F123/><W133/><G133/><T73/><D73/><U105/><E105/><V0/><F0/><W33/><AGARI ba="0,0" hai="16,19,27,29,33,40,45,48,99,102,104" m="42026" machi="33" ten="30,4000,0" yaku="14,1,52,1,54,1" doraHai="37" who="3" fromWho="3" sc="328,-10,201,-10,130,-20,341,40" /><INIT seed="3,0,0,5,5,87" ten="318,191,110,381" oya="3" hai0="88,131,43,42,6,55,71,53,76,111,123,25,18" hai1="125,86,11,37,105,56,9,0,34,58,119,2,101" hai2="23,82,62,22,73,133,26,65,52,61,28,5,14" hai3="79,99,112,89,72,94,16,27,31,1,113,110,130"/><W49/><G1/><T41/><D71/><U29/><E37/><V114/><F114/><W95/><G130/><T12/><D123/><U46/><E46/><V120/><F120/><W38/><G38/><T91/><D131/><U128/><E105/><V77/><F133/><W10/><G110/><T15/><D111/><U98/><E101/><V70/><F5/><W32/><G94/><T115/><D115/><U8/><E98/><V102/><F102/><W13/><REACH who="3" step="1"/><G49/><REACH who="3" ten="318,191,110,371" step="2"/><T106/><D106/><U21/><E2/><V104/><F104/><W84/><G84/><T50/><D50/><U81/><E86/><V109/><F109/><W24/><G24/><T48/><D48/><U44/><E0/><V122/><F122/><W127/><G127/><T35/><D25/><U19/><E125/><V97/><F97/><W103/><G103/><T74/><D74/><U45/><E128/><V67/><F14/><W47/><G47/><T118/><D15/><U116/><E44/><V80/><F80/><AGARI ba="0,1" hai="10,13,16,27,31,32,72,79,80,89,95,99,112,113" machi="80" ten="40,12000,1" yaku="1,1,52,1,54,1,53,1" doraHai="87" doraHaiUra="20" who="3" fromWho="2" sc="318,0,191,0,110,-120,371,130" owari="318,12.0,191,-21.0,-10,-51.0,501,60.0" /></mjloggm>