<mjloggm ver="2.3"><GO type="169"/><UN n0="%E5%88%BB%E5%AD%90%E5%B8%82%E6%B0%91" n1="%E3%83%95%E3%83%AA%E3%83%86%E3%83%B3" n2="%EF%BC%88%E2%89%A7%E2%96%BD%E2%89%A6%EF%BC%89" n3="%E3%81%B2%E3%81%A0%E3%82%8A" dan="17,16,17,16" rate="2081,2053,2132,2036" sx="M,M,M,M"/><TAIKYOKU oya="0"/><INIT seed="0,0,0,2,4,119" ten="250,250,250,250" oya="0" hai0="124,134,104,81,13,5,62,102,90,89,8,37,56" hai1="15,35,39,77,3,118,36,95,63,79,67,60,0" hai2="17,28,114,71,98,25,29,50,112,70,4,21,130" hai3="76,57,31,94,68,30,127,34,135,6,52,22,91"/><T38/><D124/><U9/><E118/><V75/><F75/><W125/><G68/><T116/><D116/><U59/><E35/><V111/><F130/><W46/><G135/><T47/><D134/><U117/><E117/><V131/><F131/><W27/><G76/><T42/><D38/><U96/><E39/><V58/><F71/><W12/><G46/><T92/><D104/><U101/><E36/><V33/><F70/><W110/><G110/><T108/><D108/><U100/><E3/><V45/><F29/><W40/><G40/><T14/><D81/><U65/><E0/><V82/><F58/><W109/><G109/><T51/><D37/><U19/><REACH who="1" step="1"/><E100/><REACH who="1" ten="250,240,250,250" step="2"/><V44/><F111/><W122/><G127/><T87/><D102/><U1/><E1/><V83/><F112/><W41/><G125/><T7/><D90/><U93/><E93/><V113/><F114/><W61/><G34/><T73/><D73/><U86/><E86/><V84/><F113/><W88/><G91/><T48/><D87/><U49/><E49/><V2/><F84/><W55/><G88/><T74/><D51/><U115/><E115/><V43/><F50/><W103/><G94/><T11/><D74/><U99/><E99/><V20/><F2/><W85/><G103/><T133/><D133/><U80/><E80/><V53/><F82/><W126/><G85/><T72/><D72/><U10/><E10/><V128/><F83/><W16/><G126/><T66/><D89/><U18/><E18/><V64/><F128/><W54/><G16/><N who="0" m="8231" /><D92/><U129/><E129/><V32/><F32/><RYUUKYOKU ba="0,1" sc="250,15,240,15,250,-15,250,-15" hai0="5,7,11,14,42,47,48,56,62,66" hai1="9,15,19,59,60,63,65,67,77,79,95,96,101" /><INIT seed="0,1,1,4,2,63" ten="265,255,235,235" oya="0" hai0="86,29,87,101,70,11,83,41,79,10,32,105,130" hai1="134,48,37,33,25,95,129,0,8,75,133,89,127" hai2="46,14,132,23,4,5,57,22,45,74,115,73,35" hai3="62,51,56,18,82,84,109,108,65,69,7,125,27"/><T77/><D70/><U61/><E37/><V60/><F35/><W40/><G125/><T31/><D41/><U80/><E48/><V30/><F115/><W38/><G7/><T72/><D130/><U2/><E127/><V128/><F128/><W54/><G27/><T67/><D72/><U98/><E129/><V94/><F132/><N who="1" m="50793" /><E8/><N who="2" m="4359" /><F5/><W58/><G18/><T99/><D32/><U50/><E50/><V34/><F34/><W93/><G93/><T121/><D121/><U36/><E36/><V19/><F73/><W110/><G82/><T103/><D105/><U78/><E61/><V55/><F74/><W68/><G84/><T49/><D83/><U102/><E89/><V44/><F30/><AGARI ba="1,1" hai="0,2,25,30,33,75,78,80,95,98,102" m="50793" machi="30" ten="30,1000,0" yaku="20,1" doraHai="63" who="1" fromWho="2" sc="265,0,255,23,235,-13,235,0" /><INIT seed="1,0,0,0,5,67" ten="265,278,222,235" oya="1" hai0="65,98,57,126,19,21,70,16,135,31,54,5,24" hai1="37,102,85,94,93,128,0,40,97,53,12,3,8" hai2="79,86,95,2,88,13,58,1,124,50,89,106,74" hai3="73,123,25,61,117,84,33,36,60,4,72,11,7"/><U30/><E128/><V69/><F106/><W96/><G123/><T101/><D135/><U27/><E40/><V131/><F131/><W44/><G117/><T118/><D118/><U9/><E37/><V134/><F134/><W99/><G33/><T129/><D129/><U112/><E112/><V122/><F122/><W113/><G113/><T87/><D126/><U81/><E93/><V91/><F69/><W15/><G25/><T59/><D5/><U110/><E110/><V100/><F124/><W38/><G84/><T43/><D43/><U10/><E53/><N who="2" m="32055" /><F74/><W14/><G44/><T55/><D87/><U77/><REACH who="1" step="1"/><E12/><REACH who="1" ten="265,268,222,235" step="2"/><V32/><F1/><W111/><G111/><T62/><D54/><U28/><E28/><V49/><F2/><W83/><G83/><T116/><D116/><U119/><E119/><V127/><F13/><W92/><G92/><N who="0" m="58567" /><D70/><U29/><E29/><V75/><F95/><W26/><G11/><T45/><D45/><U78/><E78/><V63/><F79/><W125/><G125/><T114/><D114/><U42/><E42/><V23/><F127/><W52/><G52/><T121/><D121/><U41/><E41/><V132/><F49/><AGARI ba="0,1" hai="16,19,21,24,31,49,55,57,59,62,65" m="58567" machi="49" ten="30,3900,0" yaku="25,1,8,1,54,1" doraHai="67" who="0" fromWho="2" sc="265,49,268,0,222,-39,235,0" /><INIT seed="2,0,0,4,2,64" ten="314,268,183,235" oya="2" hai0="77,109,53,125,78,114,65,62,40,27,57,9,30" hai1="97,82,37,84,39,107,122,55,59,94,80,106,48" hai2="12,22,47,110,75,111,32,24,68,45,131,15,103" hai3="89,3,5,33,134,42,129,10,79,63,119,132,101"/><V121/><F75/><W46/><G119/><T118/><D114/><U120/><E106/><V116/><F121/><N who="1" m="46697" /><E107/><V19/><F116/><W26/><G129/><T135/><D118/><U28/><E28/><V52/><F131/><W44/><G89/><T81/><D109/><N who="2" m="41482" /><F103/><W29/><G46/><N who="2" m="17417" /><F32/><W102/><G63/><T34/><D125/><U100/><E82/><V4/><F4/><W61/><G61/><T67/><D135/><N who="3" m="51753" /><G79/><AGARI ba="0,0" hai="37,39,48,55,59,79,80,84,94,97,100" m="46697" machi="79" ten="30,1000,0" yaku="13,1" doraHai="64" who="1" fromWho="3" sc="314,0,268,10,183,0,235,-10" /><INIT seed="3,0,0,0,3,134" ten="314,278,183,225" oya="3" hai0="47,61,50,94,35,34,65,87,63,26,107,17,117" hai1="119,36,95,45,33,83,68,66,4,131,24,41,20" hai2="58,7,25,44,70,84,28,74,98,52,8,100,56" hai3="62,31,9,1,55,3,115,125,40,92,12,128,0"/><W21/><G115/><T29/><D107/><U67/><E131/><V126/><F74/><W13/><G128/><T73/><D73/><U86/><E68/><V14/><F70/><W76/><G40/><T82/><D117/><U132/><E132/><V104/><F126/><W5/><G76/><T97/><D17/><U54/><E33/><V2/><F2/><N who="3" m="1131" /><G55/><T122/><D122/><U113/><E4/><V60/><F84/><W112/><G92/><T93/><D34/><U91/><E113/><V16/><F44/><W105/><G62/><T71/><D63/><U129/><E119/><V101/><F101/><W48/><G48/><T23/><D35/><U37/><E37/><V43/><F43/><W102/><G102/><T116/><D97/><U75/><E54/><V59/><REACH who="2" step="1"/><F7/><REACH who="2" ten="314,278,173,225" step="2"/><W127/><G105/><T69/><D69/><U38/><E129/><V89/><F89/><W118/><G112/><T18/><D116/><U79/><E38/><V85/><F85/><W64/><G118/><T53/><D87/><U114/><E114/><V124/><F124/><N who="3" m="47691" /><G64/><T49/><D65/><U108/><E66/><V111/><F111/><W88/><G88/><T106/><D47/><U121/><E108/><V6/><F6/><W22/><G31/><T78/><D29/><N who="1" m="17543" /><E67/><V11/><F11/><W39/><G39/><T96/><D71/><U81/><E83/><V123/><F123/><W120/><G120/><T27/><D82/><N who="1" m="45439" /><E121/><V80/><F80/><W99/><G99/><T109/><D96/><N who="1" m="57471" /><E81/><V42/><F42/><W30/><G30/><T57/><D109/><U15/><E86/><RYUUKYOKU ba="0,1" sc="314,-30,278,10,173,10,225,10" hai1="15,36,41,45" hai2="8,14,16,25,28,52,56,58,59,60,98,100,104" hai3="3,5,9,12,13,21,22" /><INIT seed="3,1,1,2,1,47" ten="284,288,183,235" oya="3" hai0="6,128,17,101,51,25,87,109,85,15,91,35,55" hai1="114,63,104,126,11,40,8,33,41,100,102,4,125" hai2="22,50,13,89,106,31,32,42,70,134,37,29,67" hai3="1,97,103,129,115,94,76,131,118,18,56,57,95"/><W53/><G118/><T98/><D109/><U111/><E114/><V133/><F106/><W73/><G1/><T9/><D128/><U43/><E33/><V60/><F37/><W90/><G115/><T121/><D121/><U3/><E111/><V46/><F32/><W69/><G69/><T23/><D35/><U75/><E75/><V44/><F44/><W2/><G2/><T135/><D135/><N who="2" m="51722" /><F89/><W107/><G107/><T132/><D91/><U26/><E26/><N who="2" m="16599" /><F13/><W10/><G73/><T16/><D6/><U112/><E112/><V19/><F19/><W58/><G76/><T105/><D132/><U88/><E104/><V30/><AGARI ba="1,1" hai="30,31,42,46,50,60,67,70" m="16599,51722" machi="30" ten="30,2000,0" yaku="20,1,52,1" doraHai="47" who="2" fromWho="2" sc="284,-6,288,-6,183,33,235,-11" /><INIT seed="4,0,0,2,1,0" ten="278,282,216,224" oya="0" hai0="54,59,114,130,99,19,44,34,32,39,123,101,28" hai1="48,122,97,24,23,90,22,102,10,20,126,56,113" hai2="124,129,3,105,60,58,64,107,61,13,94,78,100" hai3="18,33,75,117,84,8,89,16,72,110,111,40,88"/><T38/><D123/><U70/><E122/><V125/><F3/><W29/><G117/><T87/><D114/><U9/><E70/><V133/><F133/><W128/><G33/><T119/><D119/><U108/><E108/><V79/><F129/><W27/><G128/><T92/><D130/><U5/><E113/><V131/><F131/><W120/><G120/><T7/><D19/><U6/><E126/><N who="2" m="48747" /><F60/><W106/><G106/><N who="2" m="40457" /><F13/><W76/><G40/><T12/><D87/><U103/><E24/><V26/><F26/><W95/><G27/><T91/><D101/><N who="1" m="38411" /><E56/><V121/><F121/><W83/><G29/><T132/><D132/><U134/><E48/><V4/><F4/><N who="1" m="1641" /><E134/><V17/><F17/><W112/><G112/><T57/><D57/><U69/><E69/><V25/><F25/><W30/><G30/><T62/><D28/><U49/><E49/><V45/><F58/><W96/><G72/><T52/><D38/><U68/><E68/><V86/><F61/><W42/><G42/><T41/><REACH who="0" step="1"/><D54/><REACH who="0" ten="268,282,216,224" step="2"/><U1/><E1/><V2/><F2/><W116/><G116/><T51/><D51/><U21/><N who="1" m="5120" /><DORA hai="127" /><U118/><E118/><V80/><F86/><W74/><G74/><T63/><D63/><U81/><E97/><V43/><F43/><W73/><G73/><T14/><D14/><U47/><E47/><V67/><F45/><W93/><G18/><T65/><D65/><U115/><E115/><V37/><F37/><W71/><G71/><T55/><D55/><U46/><E46/><V11/><F64/><W66/><G66/><T104/><D104/><RYUUKYOKU ba="0,1" sc="268,10,282,10,216,-30,224,10" hai0="7,12,32,34,39,41,44,52,59,62,91,92,99" hai1="9,10,81,90" hai3="8,16,75,76,83,84,88,89,93,95,96,110,111" /><INIT seed="4,1,1,4,0,31" ten="278,292,186,234" oya="0" hai0="61,90,113,84,13,135,39,8,66,73,124,132,42" hai1="77,45,86,4,50,37,24,0,64,48,102,130,133" hai2="17,78,115,94,27,92,99,46,57,117,119,91,26" hai3="81,118,62,2,30,10,19,5,58,11,75,80,6"/><T111/><D73/><U96/><E64/><V107/><F107/><W129/><G129/><T14/><D113/><U112/><E130/><V108/><F108/><W18/><G118/><N who="2" m="45065" /><F115/><W15/><G30/><T122/><D122/><U34/><E86/><N who="2" m="52343" /><F78/><W68/><G68/><T134/><D111/><U88/><E77/><V23/><F46/><W110/><G110/><T128/><D128/><U109/><E24/><N who="2" m="14447" /><F57/><W55/><G75/><T93/><D124/><U47/><E45/><V28/><F28/><W1/><G19/><T32/><D42/><U103/><E47/><V106/><F106/><W3/><REACH who="3" step="1"/><G1/><REACH who="3" ten="278,292,186,224" step="2"/><T79/><D134/><U21/><E0/><V56/><F56/><W100/><G100/><AGARI ba="1,2" hai="26,27,94,99,100" m="14447,52343,45065" machi="100" ten="30,1000,0" yaku="12,1" doraHai="31" who="2" fromWho="3" sc="278,0,292,0,186,33,224,-13" /><INIT seed="5,0,0,1,2,7" ten="278,292,219,211" oya="1" hai0="48,89,64,33,4,124,135,1,20,101,31,47,59" hai1="90,99,128,129,111,103,0,62,15,119,116,123,23" hai2="74,3,40,34,5,61,60,19,78,105,133,22,73" hai3="68,36,94,21,43,65,45,91,125,63,130,49,110"/><U51/><E0/><V84/><F105/><W37/><G110/><T117/><D33/><U96/><E62/><V102/><F34/><W85/><G125/><T58/><D124/><U32/><E32/><V93/><F133/><W8/><G130/><N who="1" m="50282" /><E51/><V87/><F73/><W26/><REACH who="3" step="1"/><G8/><REACH who="3" ten="278,292,219,201" step="2"/><T97/><D117/><U121/><E111/><V39/><F74/><W79/><G79/><T52/><D135/><U29/><E119/><V114/><F78/><W10/><G10/><T54/><D1/><U14/><E116/><V131/><F131/><W13/><G13/><T2/><D2/><U113/><E15/><V92/><F3/><W100/><G100/><T27/><D101/><U66/><E14/><V106/><F5/><W120/><G120/><T28/><D4/><U69/><E103/><V71/><F102/><W42/><G42/><T86/><D89/><U81/><E90/><V88/><F88/><W132/><G132/><T122/><D122/><U12/><E12/><V80/><F40/><W6/><G6/><T56/><D27/><U118/><E123/><V107/><F71/><W108/><G108/><T53/><D64/><U76/><E66/><V41/><F107/><W30/><AGARI ba="0,1" hai="21,26,30,36,37,43,45,49,63,65,68,85,91,94" machi="30" ten="20,5200,0" yaku="1,1,0,1,7,1,53,1" doraHai="7" doraHaiUra="25" who="3" fromWho="3" sc="278,-13,292,-26,219,-13,201,62" /><INIT seed="6,0,0,3,5,107" ten="265,266,206,263" oya="2" hai0="64,60,110,45,73,42,48,38,57,99,63,128,32" hai1="51,115,96,111,12,56,122,70,52,58,97,41,26" hai2="55,49,20,72,54,101,112,27,79,116,119,43,66" hai3="69,31,33,75,104,95,80,19,30,91,114,1,53"/><V17/><F112/><W18/><G104/><T117/><D32/><U62/><E111/><V15/><F66/><W129/><G69/><T123/><D99/><U9/><E70/><V127/><F127/><W23/><G1/><T59/><D73/><U3/><E3/><V98/><F43/><W131/><G33/><T24/><D24/><U21/><E115/><V67/><F67/><W121/><G114/><T2/><D2/><U135/><E135/><V106/><F27/><W74/><G121/><T86/><D86/><U108/><E108/><V100/><F100/><W11/><G11/><T133/><D110/><U4/><E122/><V103/><F103/><W93/><G80/><T16/><D16/><N who="3" m="6185" /><G95/><T87/><D87/><U13/><E12/><V102/><F101/><W82/><G82/><T22/><D22/><U125/><E125/><V85/><F85/><N who="3" m="52463" /><G53/><N who="0" m="34287" /><D123/><U120/><E120/><V8/><F8/><W44/><G44/><N who="0" m="23639" /><D117/><U92/><E92/><V25/><F25/><N who="3" m="16703" /><G31/><T34/><D34/><U29/><E41/><V113/><F113/><W65/><G65/><AGARI ba="0,0" hai="4,9,13,21,26,29,51,52,56,58,62,65,96,97" machi="65" ten="30,3900,0" yaku="7,1,8,1,54,1" doraHai="107" who="1" fromWho="3" sc="265,0,266,39,206,0,263,-39" /><INIT seed="7,0,0,1,0,25" ten="265,305,206,224" oya="3" hai0="55,76,66,50,48,119,45,60,72,64,135,102,42" hai1="112,117,15,111,125,21,29,49,32,74,129,14,109" hai2="67,38,75,124,69,110,126,95,35,104,134,4,100" hai3="23,88,94,12,85,47,83,118,90,36,27,122,98"/><W9/><G122/><T3/><D3/><U57/><E74/><V20/><F110/><W70/><G70/><T44/><D102/><U24/><E112/><V73/><F134/><W62/><G118/><T120/><D72/><U108/><E117/><V77/><F38/><W8/><G62/><T131/><D76/><U22/><E125/><N who="2" m="48235" /><F95/><W128/><G128/><T91/><D91/><U52/><E129/><V132/><F132/><W80/><G83/><T81/><D81/><U65/><E65/><N who="0" m="25193" /><D119/><U133/><E133/><V130/><F130/><W103/><G103/><T58/><D135/><U92/><E92/><V1/><F77/><W105/><G105/><T121/><D131/><U82/><E82/><V79/><F79/><W6/><G8/><T84/><D84/><U87/><E87/><V71/><F20/><W7/><G36/><T5/><D5/><U123/><E123/><V26/><F4/><N who="3" m="3111" /><G47/><T0/><D0/><U40/><E40/><AGARI ba="0,0" hai="40,42,44,45,48,50,55,58,60,120,121" m="25193" machi="40" ten="30,2000,0" yaku="34,2" doraHai="25" who="0" fromWho="1" sc="265,20,305,-20,206,0,224,0" /><INIT seed="8,0,0,1,0,60" ten="285,285,206,224" oya="0" hai0="42,16,13,81,29,135,95,70,88,75,61,68,28" hai1="121,93,52,59,76,108,24,43,82,107,14,4,1" hai2="109,133,63,20,56,19,104,72,51,48,110,35,84" hai3="120,36,58,53,45,97,32,62,2,112,27,25,64"/><T101/><D101/><U123/><E107/><V116/><F72/><W124/><G2/><T40/><D135/><U3/><E108/><V83/><F104/><W5/><G112/><T23/><D70/><U77/><E14/><V99/><F133/><W126/><G5/><T37/><D37/><U69/><E69/><V57/><F35/><W66/><G120/><T86/><D68/><U6/><E43/><N who="0" m="16425" /><D75/><U26/><E82/><V47/><F116/><W7/><G7/><T132/><D132/><U0/><E93/><V78/><F99/><W17/><G36/><T21/><D61/><U100/><E3/><V46/><F110/><W134/><G134/><T9/><D81/><U91/><E91/><V30/><F30/><AGARI ba="0,0" hai="9,13,16,21,23,28,29,30,86,88,95" m="16425" machi="30" ten="30,5800,0" yaku="8,1,54,2" doraHai="60" who="0" fromWho="2" sc="285,58,285,0,206,-58,224,0" owari="343,44.0,285,9.0,148,-35.0,224,-18.0" /></mjloggm>