<mjloggm ver="2.3"><GO type="169"/><UN n0="%EF%BC%BC%28%EF%BC%BE%6F%EF%BC%BE%29%EF%BC%8F%E2%98%85" n1="%E3%82%AA%E3%82%BA%E3%82%B0%E3%83%AB%E3%83%BC%E3%83%97" n2="%EF%BC%88%E2%89%A7%E2%96%BD%E2%89%A6%EF%BC%89" n3="%E3%83%9F%E3%82%B9%E3%83%88%E3%83%A9%E3%83%AB%E2%98%86" dan="17,16,18,16" rate="2171,2079,2245,2030" sx="M,M,M,F"/><TAIKYOKU oya="0"/><INIT seed="0,0,0,1,1,35" ten="250,250,250,250" oya="0" hai0="113,66,91,120,90,87,18,7,81,58,42,15,94" hai1="34,102,71,29,49,30,112,131,125,88,28,36,133" hai2="9,56,119,122,103,0,126,8,51,6,86,53,84" hai3="76,37,100,109,75,107,32,73,121,114,23,123,47"/><T16/><D113/><U12/><E112/><V72/><F122/><N who="3" m="46603" /><G23/><T97/><D120/><U99/><E36/><V55/><F119/><W89/><G89/><T69/><D69/><U27/><E71/><V105/><F126/><W74/><G114/><T4/><D42/><U39/><E39/><V44/><F72/><W68/><G109/><T127/><D127/><U19/><E125/><V40/><F9/><W130/><G130/><T2/><D2/><U38/><E38/><V64/><F64/><W10/><G10/><N who="0" m="6263" /><D18/><U25/><E131/><V14/><F14/><W45/><G45/><T104/><D104/><U65/><E65/><V1/><F1/><W60/><G32/><T48/><D48/><U98/><E133/><V22/><F22/><W108/><G108/><T33/><D33/><U50/><E34/><V11/><F11/><W115/><G76/><T24/><D24/><U96/><E102/><V78/><F78/><W134/><G134/><T83/><D81/><U132/><E132/><V61/><REACH who="2" step="1"/><F40/><REACH who="2" ten="250,250,240,250" step="2"/><N who="3" m="22927" /><G115/><T63/><AGARI ba="0,1" hai="4,7,58,63,66,83,87,90,91,94,97" m="6263" machi="63" ten="30,3000,0" yaku="8,1,54,1" doraHai="35" who="0" fromWho="0" sc="250,40,250,-10,240,-10,250,-10" /><INIT seed="0,1,0,4,2,132" ten="290,240,230,240" oya="0" hai0="63,31,32,129,116,79,38,72,6,87,133,83,127" hai1="100,121,101,113,85,111,13,45,53,10,55,69,94" hai2="65,89,48,51,43,99,23,1,50,110,42,77,16" hai3="105,112,70,120,41,18,8,21,37,64,75,126,61"/><T86/><D116/><U35/><E69/><V34/><F34/><W36/><G75/><T3/><D133/><U29/><E113/><V90/><F1/><W114/><G105/><T59/><D38/><U115/><E121/><V49/><F110/><W122/><G8/><T125/><D129/><U91/><E111/><V2/><F2/><W22/><G18/><T95/><D3/><U124/><E115/><N who="3" m="44074" /><G21/><T106/><D106/><U0/><E0/><V54/><F77/><W109/><G22/><T15/><D6/><U74/><E74/><V58/><F65/><W9/><G9/><T47/><D47/><U103/><E35/><V56/><F56/><W76/><G76/><T96/><D15/><U117/><E29/><V134/><F134/><W19/><G19/><T108/><D108/><U25/><E25/><V98/><F98/><W12/><G12/><T80/><D31/><U52/><E117/><V67/><F67/><W66/><G109/><T68/><D68/><U102/><N who="1" m="25600" /><DORA hai="44" /><U20/><E20/><V14/><F99/><W33/><G33/><T26/><D96/><U130/><E130/><V81/><F81/><W82/><G82/><T84/><D95/><U28/><E28/><V123/><F123/><N who="3" m="47147" /><G66/><N who="0" m="39295" /><D32/><U131/><E131/><V4/><F4/><W71/><G71/><T88/><D26/><U24/><E24/><V46/><F43/><W118/><G118/><T5/><D5/><U60/><E13/><V62/><AGARI ba="1,0" hai="14,16,23,42,46,48,49,50,51,54,58,62,89,90" machi="62" ten="30,12000,2" yaku="0,1,8,1,52,4,54,1" doraHai="132,44" who="2" fromWho="2" sc="290,-61,240,-31,230,123,240,-31" /><INIT seed="1,0,0,4,5,69" ten="229,209,353,209" oya="1" hai0="94,7,60,61,37,79,129,27,97,107,3,39,123" hai1="87,22,14,115,58,110,15,119,84,86,28,104,19" hai2="33,25,52,23,106,2,109,54,64,17,31,133,8" hai3="70,127,66,49,85,90,111,36,11,124,132,57,120"/><U131/><E104/><V81/><F106/><W62/><G120/><T4/><D107/><U76/><E119/><V122/><F122/><W5/><G132/><T102/><D123/><U99/><E115/><V91/><F133/><W83/><G111/><T130/><D79/><U80/><E110/><V114/><F64/><W95/><G36/><N who="0" m="13899" /><D27/><U30/><E131/><N who="0" m="50185" /><D3/><U67/><E99/><V71/><F71/><W121/><G121/><T18/><D18/><U92/><E14/><N who="2" m="9655" /><F114/><W26/><G26/><T134/><D134/><U135/><E135/><V112/><F109/><W68/><G83/><T44/><D44/><U1/><E1/><V29/><F112/><W46/><G127/><T72/><D72/><U88/><REACH who="1" step="1"/><E86/><REACH who="1" ten="229,199,353,209" step="2"/><N who="2" m="50639" /><F31/><W125/><G124/><T35/><D35/><U77/><E77/><V34/><F33/><W47/><G125/><T105/><D105/><U117/><E117/><V56/><F34/><W93/><G85/><T96/><D96/><U118/><E118/><V55/><F29/><W82/><G70/><T6/><AGARI ba="0,1" hai="4,6,7,60,61,94,97,102" m="50185,13899" machi="6" ten="40,8000,1" yaku="19,1,52,3" doraHai="69" who="0" fromWho="0" sc="229,90,199,-40,353,-20,209,-20" /><INIT seed="2,0,0,1,4,133" ten="319,159,333,189" oya="2" hai0="111,79,30,61,54,67,58,69,89,21,25,5,22" hai1="10,29,18,102,103,39,90,0,53,38,129,9,131" hai2="26,115,74,43,36,104,12,96,130,7,100,116,99" hai3="66,94,62,3,2,37,13,75,72,27,49,98,28"/><V59/><F74/><W86/><G37/><T4/><D111/><U112/><E29/><V11/><F116/><W135/><G135/><T113/><D113/><U127/><E0/><V97/><F115/><W84/><G72/><T122/><D122/><U68/><E112/><V65/><F130/><W57/><G75/><T92/><D79/><U23/><E68/><V73/><F73/><W46/><G2/><T55/><D22/><U20/><E18/><V123/><F123/><W35/><G13/><T63/><D55/><U51/><E90/><V56/><F26/><W48/><G3/><T91/><D91/><U31/><E31/><V110/><F110/><W87/><REACH who="3" step="1"/><G46/><REACH who="3" ten="319,159,333,179" step="2"/><T19/><REACH who="0" step="1"/><D30/><REACH who="0" ten="309,159,333,179" step="2"/><U50/><REACH who="1" step="1"/><E53/><REACH who="1" ten="309,149,333,179" step="2"/><V120/><F120/><W41/><G41/><T109/><D109/><U134/><E134/><V81/><F43/><W76/><G76/><T16/><D16/><U71/><E71/><V42/><F42/><W101/><AGARI ba="0,3" hai="27,28,35,48,49,57,62,66,84,86,87,94,98,101" machi="101" ten="30,2000,0" yaku="1,1,0,1,53,0" doraHai="133" doraHaiUra="119" who="3" fromWho="3" sc="309,-5,149,-5,333,-10,179,50" /><INIT seed="3,0,0,4,3,120" ten="304,144,323,229" oya="3" hai0="12,64,62,94,92,26,87,112,97,114,74,52,73" hai1="16,129,109,22,31,41,45,5,119,48,32,86,134" hai2="50,65,126,38,10,118,105,6,70,56,90,84,116" hai3="85,108,21,93,72,122,18,57,15,82,36,103,76"/><W44/><G122/><T25/><D12/><U40/><E119/><V79/><F105/><W43/><G57/><N who="0" m="35111" /><D64/><U35/><E129/><V37/><F70/><W78/><G78/><T132/><D132/><U0/><E134/><V27/><F38/><W23/><G23/><T42/><D42/><U58/><E41/><V20/><F37/><W9/><G21/><T66/><D66/><U91/><E31/><V68/><F68/><W89/><REACH who="3" step="1"/><G103/><REACH who="3" ten="304,144,323,219" step="2"/><N who="0" m="60839" /><D74/><U121/><E58/><V80/><F56/><W83/><G83/><T54/><D73/><U30/><E121/><V123/><F123/><W102/><G102/><T14/><D114/><U61/><E35/><V124/><F80/><W96/><G96/><T4/><D112/><U53/><E32/><V33/><F33/><W51/><G51/><T3/><D87/><U17/><E86/><V135/><F84/><W117/><G117/><T101/><D101/><U28/><E48/><V131/><F50/><W133/><G133/><T127/><D26/><U47/><E40/><V100/><F27/><W88/><G88/><T24/><D24/><U130/><E91/><V60/><F90/><W55/><G55/><T39/><D39/><U2/><E53/><V106/><F100/><W107/><G107/><T111/><D54/><U71/><E71/><V98/><F118/><W128/><G128/><T95/><D25/><U110/><E130/><V19/><F116/><W75/><G75/><T115/><D115/><U49/><E49/><V13/><F131/><W69/><G69/><T34/><D34/><U11/><E22/><V29/><F135/><RYUUKYOKU ba="0,1" sc="304,-10,144,-10,323,-10,219,30" hai3="9,15,18,36,43,44,72,76,82,85,89,93,108" /><INIT seed="3,1,1,3,4,32" ten="294,134,313,249" oya="3" hai0="100,64,36,129,4,16,111,90,94,0,24,91,69" hai1="131,127,117,52,121,81,30,28,41,102,19,101,73" hai2="45,98,39,118,60,66,42,103,112,6,96,25,78" hai3="46,88,135,72,74,86,47,122,108,61,116,27,133"/><W35/><G122/><T113/><D36/><U53/><E121/><V58/><F112/><W89/><G116/><T119/><D119/><U87/><E117/><V132/><F118/><W57/><G35/><T37/><D37/><U83/><E73/><N who="3" m="28266" /><G27/><T97/><D113/><U34/><E41/><V48/><F78/><W49/><G108/><T63/><D111/><U9/><E34/><V20/><F132/><N who="3" m="50763" /><G86/><T134/><D134/><U12/><E12/><V11/><F39/><W95/><G95/><T15/><D24/><U107/><E87/><V10/><F6/><W33/><G33/><T54/><D4/><U18/><E9/><N who="2" m="3083" /><F103/><W93/><G93/><T55/><D15/><U68/><E68/><V65/><F65/><N who="3" m="39087" /><G46/><T85/><D94/><U130/><REACH who="1" step="1"/><E107/><REACH who="1" ten="294,124,313,249" step="2"/><V110/><F110/><W82/><G82/><T40/><D85/><U109/><E109/><V7/><F7/><W5/><G5/><T17/><D69/><U75/><E75/><V128/><F25/><W2/><G2/><T21/><D0/><U120/><E120/><V22/><F98/><W51/><G51/><T125/><D97/><U99/><E99/><V124/><F96/><W76/><G76/><T23/><D100/><U123/><E123/><V43/><F48/><W31/><G31/><T59/><D17/><U14/><E14/><V67/><F22/><W84/><G84/><T71/><D21/><U8/><E8/><V126/><F20/><W50/><G50/><T62/><D23/><U79/><E79/><V104/><F104/><W115/><G115/><T13/><D13/><U56/><E56/><RYUUKYOKU ba="1,2" sc="294,-15,124,15,313,-15,249,15" hai1="18,19,28,30,52,53,81,83,101,102,127,130,131" hai3="47,49,88,89" /><INIT seed="3,2,2,5,0,129" ten="279,139,298,264" oya="3" hai0="110,87,81,92,20,123,8,31,27,13,128,48,103" hai1="65,39,26,41,17,63,62,79,80,135,90,94,60" hai2="57,0,6,89,2,83,50,76,78,86,3,38,14" hai3="4,95,16,133,75,115,40,134,116,61,82,107,44"/><W1/><G107/><T25/><D123/><U121/><E121/><V46/><F38/><N who="3" m="21527" /><G95/><T69/><D69/><U85/><E39/><V99/><F57/><W118/><G115/><T24/><D128/><U21/><E41/><V47/><F47/><W23/><G61/><T71/><D71/><U113/><E113/><V54/><REACH who="2" step="1"/><F99/><REACH who="2" ten="279,139,288,264" step="2"/><W130/><G130/><T91/><D110/><U33/><E65/><V59/><F59/><W49/><G116/><T93/><D48/><U122/><E122/><V52/><F52/><W112/><G49/><T117/><D117/><U58/><E33/><V125/><F125/><W51/><G51/><T29/><D103/><U109/><E109/><V88/><F88/><W37/><G37/><T10/><D31/><U119/><E119/><V55/><F55/><W114/><G118/><T70/><D29/><U100/><E100/><V126/><F126/><W64/><G64/><T97/><D70/><U106/><E58/><V98/><F98/><W30/><G30/><T11/><D97/><U104/><E104/><V15/><F15/><N who="3" m="9631" /><G114/><T127/><D127/><U32/><E106/><V36/><F36/><W124/><G124/><T18/><AGARI ba="2,3" hai="8,10,11,13,18,20,24,25,27,81,87,91,92,93" machi="18" ten="40,2700,0" yaku="0,1,8,1" doraHai="129" who="0" fromWho="0" sc="279,63,139,-9,288,-9,264,-15" /><INIT seed="4,0,0,2,1,129" ten="342,130,279,249" oya="0" hai0="113,115,16,29,11,44,38,63,71,6,10,126,13" hai1="93,76,80,57,77,130,132,50,109,114,45,92,88" hai2="70,117,8,120,53,67,2,97,25,123,48,73,17" hai3="99,33,4,74,14,98,119,134,28,108,46,56,37"/><T102/><D29/><U49/><E109/><V125/><F73/><W19/><G108/><T87/><D126/><U124/><E130/><V118/><F125/><W68/><G68/><T15/><D102/><U34/><E124/><V21/><F97/><W90/><G74/><T135/><D135/><U78/><E34/><V35/><F67/><W22/><G119/><N who="2" m="45577" /><F70/><W18/><G134/><T0/><D0/><U26/><E132/><V107/><F107/><W66/><G4/><T58/><D71/><U42/><E114/><N who="0" m="43529" /><D87/><U40/><E26/><N who="2" m="14639" /><F53/><W23/><G37/><T95/><D95/><U106/><E106/><V20/><F48/><W24/><G46/><T54/><D44/><U94/><E40/><V61/><F35/><W133/><G133/><T110/><D110/><U1/><E1/><V31/><F61/><W65/><G65/><T52/><D38/><U131/><E131/><V59/><F59/><W5/><G66/><AGARI ba="0,0" hai="6,10,11,13,15,16,52,54,58,63,66" m="43529" machi="66" ten="30,5800,0" yaku="15,1,54,2" doraHai="129" who="0" fromWho="3" sc="342,58,130,0,279,0,249,-58" /><INIT seed="4,1,0,3,4,27" ten="400,130,279,191" oya="0" hai0="61,83,119,127,9,72,0,62,17,134,129,14,107" hai1="70,104,121,79,91,132,55,130,114,68,88,65,67" hai2="115,52,89,122,6,38,16,51,66,2,108,37,112" hai3="117,29,48,106,98,94,3,102,10,123,74,110,24"/><T92/><D107/><U23/><E121/><V50/><F108/><W39/><G39/><T33/><D119/><U96/><E79/><V49/><F122/><W69/><G123/><T31/><D134/><U54/><E23/><V8/><F89/><W105/><G110/><T82/><D127/><U101/><E132/><V46/><F66/><W125/><G117/><T4/><D129/><U56/><E130/><V32/><F32/><W116/><G116/><T5/><D92/><U63/><E114/><N who="2" m="43563" /><F50/><W59/><G69/><T58/><D72/><U45/><E45/><N who="2" m="27695" /><F16/><W71/><G71/><T1/><D62/><U75/><E75/><V34/><F34/><W93/><G74/><T43/><D43/><AGARI ba="1,0" hai="2,6,8,37,38,43,46,51" m="27695,43563" machi="43" ten="30,2000,0" yaku="15,1,54,1" doraHai="27" who="2" fromWho="0" sc="400,-23,130,0,279,23,191,0" /><INIT seed="5,0,0,5,4,58" ten="377,130,302,191" oya="1" hai0="74,69,81,19,59,65,102,11,66,89,52,112,113" hai1="120,83,134,103,30,39,46,42,26,17,115,126,20" hai2="38,18,73,128,64,32,127,34,56,129,123,71,99" hai3="133,130,37,79,40,13,119,44,105,84,117,121,1"/><U97/><E120/><V6/><F73/><W111/><G1/><T61/><D102/><U78/><E134/><V80/><F38/><W91/><G105/><T3/><D3/><U36/><E126/><V4/><F71/><W53/><G121/><T63/><D66/><U92/><E115/><N who="0" m="44105" /><D89/><U33/><E39/><V90/><F127/><W101/><G133/><T14/><D81/><U77/><REACH who="1" step="1"/><E83/><REACH who="1" ten="377,120,302,191" step="2"/><V88/><F80/><W93/><G117/><T12/><D12/><AGARI ba="0,1" hai="12,17,20,26,30,33,36,42,46,77,78,92,97,103" machi="12" ten="30,11600,0" yaku="1,1,2,1,7,1,53,1" doraHai="58" doraHaiUra="41" who="1" fromWho="0" sc="377,-116,120,126,302,0,191,0" /><INIT seed="5,1,0,4,1,70" ten="261,246,302,191" oya="1" hai0="79,100,25,102,77,16,81,24,128,87,51,122,59" hai1="123,56,69,93,21,116,78,113,9,97,45,66,14" hai2="76,22,41,50,52,63,37,64,91,61,10,135,71" hai3="119,68,114,120,65,86,118,34,60,103,104,47,44"/><U39/><E123/><V109/><F109/><W4/><G120/><T28/><D122/><U121/><E121/><V2/><F76/><W108/><G108/><T82/><D128/><U30/><E116/><N who="3" m="44586" /><G114/><T74/><D25/><U26/><E113/><V95/><F135/><W90/><G34/><T99/><D99/><U67/><E69/><V54/><F2/><W58/><G4/><T84/><D74/><U33/><E78/><V126/><F10/><W106/><G58/><T31/><D31/><U35/><E67/><V32/><F32/><W20/><G20/><N who="0" m="13319" /><D28/><U0/><E0/><V83/><F22/><W11/><G11/><T88/><D79/><U98/><E98/><V72/><F72/><W127/><G127/><T124/><D124/><U43/><E56/><V131/><F71/><W55/><G103/><T29/><D29/><U107/><E66/><V130/><F64/><W6/><G6/><T134/><D134/><U101/><REACH who="1" step="1"/><E107/><REACH who="1" ten="261,236,302,191" step="2"/><V105/><F105/><W1/><G1/><T117/><D117/><U132/><E132/><V13/><F126/><W23/><G104/><T36/><D59/><U42/><E42/><V17/><F41/><W12/><G106/><T18/><D77/><U111/><E111/><V89/><F131/><W112/><G112/><T8/><D87/><U75/><E75/><V57/><F130/><W94/><G55/><T96/><D96/><U92/><E92/><V3/><F54/><W27/><G12/><N who="0" m="7431" /><D82/><U129/><E129/><V38/><F3/><W62/><G60/><T125/><D125/><U48/><E48/><V53/><F61/><RYUUKYOKU ba="1,1" sc="261,-15,236,15,302,-15,191,15" hai1="9,14,21,26,30,33,35,39,43,45,93,97,101" hai3="23,27,44,47,62,65,68,86,90,94" /><INIT seed="5,2,1,0,5,111" ten="246,251,287,206" oya="1" hai0="22,58,112,45,89,83,47,35,56,70,2,20,127" hai1="17,86,93,121,79,77,39,8,102,7,62,107,75" hai2="123,128,118,110,43,40,90,130,30,38,16,84,119" hai3="52,12,6,51,60,27,34,67,10,14,106,88,0"/><U80/><E121/><V85/><F38/><W68/><G106/><T109/><D70/><U24/><E39/><V57/><F30/><W72/><G72/><T55/><D35/><U135/><E135/><V64/><F110/><W92/><G27/><T73/><D2/><U74/><E79/><V63/><F123/><W21/><G21/><T50/><D109/><U91/><E62/><V131/><F16/><W103/><G103/><T116/><D116/><N who="2" m="44586" /><F85/><W87/><REACH who="3" step="1"/><G34/><REACH who="3" ten="246,251,287,196" step="2"/><T29/><D73/><U124/><E75/><V9/><F9/><W53/><G53/><T11/><D55/><U25/><E124/><V26/><F26/><W13/><G13/><T97/><D11/><U46/><E17/><V81/><AGARI ba="2,2" hai="40,43,57,63,64,81,84,90,128,130,131" m="44586" machi="81" ten="40,1500,0" yaku="19,1" doraHai="111" who="2" fromWho="2" sc="246,-6,251,-9,287,41,196,-6" /><INIT seed="6,0,0,5,1,73" ten="240,242,328,190" oya="2" hai0="38,116,103,19,29,122,1,36,111,86,6,48,46" hai1="18,65,47,107,55,16,13,115,0,100,5,23,82" hai2="51,9,20,92,76,44,89,63,133,67,32,88,81" hai3="21,126,7,59,30,69,101,79,37,134,34,71,11"/><V94/><F32/><W41/><G134/><T56/><D111/><U117/><E115/><V80/><F133/><W87/><G126/><T97/><D122/><U50/><E117/><V53/><F9/><W85/><G101/><T130/><D116/><U77/><E0/><V120/><F120/><W93/><G34/><T3/><D130/><U25/><E5/><V119/><F119/><W91/><G59/><T113/><D29/><U35/><E65/><V72/><F20/><W4/><G4/><T12/><D56/><U33/><E100/><V124/><F124/><W10/><G10/><T112/><D6/><U98/><E98/><V64/><F81/><W129/><G129/><T110/><D110/><U17/><E107/><V66/><REACH who="2" step="1"/><F63/><REACH who="2" ten="240,242,318,190" step="2"/><W95/><G11/><T105/><D113/><U61/><E61/><V62/><F62/><W54/><G7/><T109/><D112/><U15/><E35/><V108/><F108/><W57/><G21/><T90/><D109/><U58/><E33/><V27/><F27/><W99/><G30/><T78/><D1/><U60/><E25/><V14/><F14/><W125/><G125/><T96/><D3/><U123/><E13/><V106/><F106/><W104/><G104/><T84/><D12/><U74/><E123/><V43/><F43/><W114/><G114/><T2/><D2/><U118/><E118/><V128/><F128/><W68/><G41/><T26/><D26/><U40/><AGARI ba="0,1" hai="15,16,17,18,23,40,47,50,55,58,60,74,77,82" machi="40" ten="20,5200,0" yaku="0,1,7,1,52,1,54,1" doraHai="73" who="1" fromWho="1" sc="240,-13,242,62,318,-26,190,-13" /><INIT seed="7,0,0,4,0,113" ten="227,304,292,177" oya="3" hai0="71,24,50,8,58,69,49,99,98,4,56,126,6" hai1="61,120,68,33,17,43,9,96,81,77,12,118,2" hai2="19,106,134,5,27,89,53,15,57,135,91,111,54" hai3="10,70,22,28,63,29,41,82,127,93,21,74,65"/><W84/><G74/><T130/><D24/><U52/><E120/><V101/><F111/><W42/><G127/><T110/><D8/><U109/><E33/><V67/><F5/><W78/><G10/><T1/><D130/><U132/><E109/><V79/><F79/><W128/><G128/><T62/><D110/><U133/><E2/><V32/><F67/><W125/><G125/><T20/><D126/><U7/><E43/><V30/><F101/><W80/><G80/><T59/><D20/><U45/><E68/><N who="0" m="26185" /><D1/><U87/><E7/><N who="0" m="2601" /><D62/><U103/><E61/><N who="2" m="36015" /><F106/><W3/><G3/><T76/><D76/><U92/><E45/><V75/><F75/><W26/><REACH who="3" step="1"/><G93/><REACH who="3" ten="227,304,292,167" step="2"/><T14/><D14/><U11/><E11/><V131/><F131/><W72/><G72/><T38/><D38/><U124/><E124/><V129/><F129/><W34/><G34/><T107/><D107/><U122/><E9/><V112/><F15/><W83/><G83/><T123/><D123/><U94/><E12/><V108/><F32/><W44/><G44/><T25/><D25/><AGARI ba="0,1" hai="21,22,25,26,28,29,41,42,63,65,70,78,82,84" machi="25" ten="40,3900,0" yaku="1,1,9,1,53,0" doraHai="113" doraHaiUra="85" who="3" fromWho="0" sc="227,-39,304,0,292,0,167,49" /><INIT seed="7,1,0,3,4,56" ten="188,304,292,216" oya="3" hai0="42,82,96,10,98,71,18,68,34,5,9,102,105" hai1="46,126,44,133,2,16,120,53,24,95,59,45,108" hai2="23,49,43,40,104,101,73,80,39,14,26,37,36" hai3="87,83,112,66,61,4,65,63,55,115,60,75,114"/><W21/><G75/><T129/><D34/><U64/><E120/><V113/><F113/><N who="3" m="28931" /><W76/><DORA hai="86" /><G4/><T122/><D122/><U124/><E2/><V103/><F104/><W31/><G55/><T3/><D129/><U67/><E108/><V28/><F14/><W50/><G50/><T128/><D128/><U97/><E133/><V33/><F33/><W109/><G109/><T7/><D18/><U77/><E77/><V20/><F20/><W48/><G48/><T35/><D35/><U99/><E99/><V89/><F73/><W94/><G94/><T85/><D42/><N who="2" m="15914" /><F39/><W92/><G92/><T134/><D98/><U91/><E16/><V8/><F8/><W52/><G52/><T107/><D107/><U72/><E24/><AGARI ba="1,0" hai="21,24,31,60,61,63,65,66,76,83,87" m="28931" machi="24" ten="50,12000,1" yaku="15,1,52,3" doraHai="56,86" who="3" fromWho="1" sc="188,0,304,-123,292,0,216,123" owari="188,-21.0,181,-32.0,292,9.0,339,44.0" /></mjloggm>