<mjloggm ver="2.3"><GO type="169"/><UN n0="%E3%81%9A%E3%81%97" n1="%EF%BC%88%E2%89%A7%E2%96%BD%E2%89%A6%EF%BC%89" n2="%E5%A4%A9%E6%B5%B7%E9%9B%AA%E8%8F%9C" n3="%E3%83%81%E3%83%A3%E3%82%AA%E3%83%AA" dan="16,18,16,16" rate="2068,2238,2070,2146" sx="M,M,M,M"/><TAIKYOKU oya="0"/><INIT seed="0,0,0,4,0,125" ten="250,250,250,250" oya="0" hai0="132,42,47,9,78,65,100,39,82,70,31,88,121" hai1="112,61,72,130,108,69,54,94,60,115,86,113,84" hai2="111,18,3,55,120,98,45,129,80,101,50,38,92" hai3="85,21,22,105,4,33,35,133,58,52,89,118,135"/><T68/><D121/><U8/><E72/><V11/><F120/><W131/><G4/><T83/><D132/><N who="3" m="50761" /><G105/><T71/><D100/><U116/><E116/><V91/><F111/><W59/><G59/><T48/><D31/><U126/><E126/><V1/><F38/><W43/><G43/><T114/><D114/><U97/><E108/><V10/><F129/><W119/><G131/><T62/><D9/><U27/><E130/><V124/><F124/><W26/><G22/><T53/><D83/><U93/><E8/><V17/><F11/><W37/><G37/><T13/><D13/><U15/><E15/><N who="2" m="7415" /><F18/><N who="3" m="12599" /><G85/><AGARI ba="0,0" hai="1,3,45,50,55,80,85,91,92,98,101" m="7415" machi="85" ten="30,1000,0" yaku="25,1" doraHai="125" who="2" fromWho="3" sc="250,0,250,0,250,10,250,-10" /><INIT seed="1,0,0,2,3,86" ten="250,250,260,240" oya="1" hai0="130,20,77,11,33,122,107,99,59,12,51,69,65" hai1="94,41,25,92,46,104,47,57,39,67,45,3,76" hai2="118,106,132,84,1,79,102,2,66,124,116,85,26" hai3="14,119,127,28,109,115,53,81,36,5,75,61,100"/><U6/><E104/><V71/><F71/><W134/><G36/><T29/><D33/><U13/><E3/><V129/><F66/><W60/><G115/><T54/><D122/><U40/><E76/><V63/><F63/><W72/><G109/><T113/><D113/><U89/><E25/><V96/><F124/><W31/><G134/><T82/><D130/><U114/><E114/><V68/><F68/><W10/><G100/><T9/><D69/><U120/><E120/><V49/><F132/><W88/><G127/><T30/><D107/><U4/><E94/><V110/><F110/><W133/><G119/><T7/><D65/><U62/><E13/><V103/><F129/><W32/><G32/><T21/><D99/><U91/><E46/><V42/><F26/><W19/><G75/><T74/><D21/><U34/><E34/><V37/><F96/><W128/><G128/><T24/><D11/><U98/><REACH who="1" step="1"/><E89/><REACH who="1" ten="250,240,260,240" step="2"/><V73/><F79/><W15/><G133/><T43/><D30/><U22/><E22/><V55/><F106/><W23/><G88/><T117/><D117/><U52/><E52/><V27/><F55/><W58/><G28/><T90/><REACH who="0" step="1"/><D90/><REACH who="0" ten="240,240,260,240" step="2"/><U87/><E87/><V50/><F84/><W131/><G31/><T105/><D105/><U108/><E108/><V95/><F85/><W64/><G131/><T70/><D70/><U8/><E8/><V16/><F118/><W135/><G135/><T125/><D125/><U93/><E93/><V126/><F116/><W78/><G64/><T112/><D112/><U18/><E18/><V44/><F95/><RYUUKYOKU ba="0,2" sc="240,10,240,10,260,-30,240,10" hai0="7,9,12,20,24,29,43,51,54,59,74,77,82" hai1="4,6,39,40,41,45,47,57,62,67,91,92,98" hai3="5,10,14,15,19,23,53,58,60,61,72,78,81" /><INIT seed="1,1,2,1,3,14" ten="250,250,230,250" oya="1" hai0="23,50,132,61,40,72,94,13,42,63,21,91,53" hai1="74,133,1,17,29,57,79,45,108,88,93,37,22" hai2="101,116,130,78,112,111,3,73,49,46,34,36,123" hai3="122,124,120,43,105,125,59,28,35,82,109,110,56"/><U15/><E1/><V12/><RYUUKYOKU type="yao9" ba="1,2" sc="250,0,250,0,230,0,250,0" hai2="3,12,34,36,46,49,73,78,101,111,112,116,123,130" /><INIT seed="1,2,2,2,2,47" ten="250,250,230,250" oya="1" hai0="74,75,109,13,27,60,29,59,38,116,77,66,58" hai1="55,95,102,62,67,2,73,118,22,86,15,11,100" hai2="25,125,50,14,8,80,99,133,44,117,0,92,63" hai3="10,71,120,16,4,68,18,103,21,6,20,31,132"/><U7/><E73/><V48/><F117/><W76/><G103/><T3/><D3/><U32/><E32/><V65/><F0/><W81/><G120/><T9/><D116/><U114/><E114/><V37/><F133/><W106/><G106/><T96/><D38/><U130/><E130/><V78/><F125/><W54/><G31/><T33/><D109/><U135/><E135/><V127/><F127/><W17/><G54/><T28/><D28/><U70/><E118/><V36/><F25/><W43/><G43/><T93/><D59/><U1/><E1/><V119/><F119/><W101/><G101/><T131/><D77/><U107/><E107/><V30/><F30/><W35/><G35/><T23/><D33/><U98/><E86/><N who="2" m="48407" /><F37/><W79/><G132/><T34/><D34/><U61/><E102/><N who="2" m="60775" /><F44/><W82/><G18/><N who="0" m="8495" /><D131/><U72/><E72/><V5/><F36/><W110/><G110/><T12/><D12/><U84/><E84/><V90/><F90/><W85/><G85/><T41/><D41/><U115/><E115/><V64/><F63/><W83/><G83/><T42/><D42/><U49/><E62/><V89/><F89/><W126/><G126/><T104/><D104/><U69/><E69/><V19/><F5/><W24/><G24/><T91/><D75/><U108/><E108/><V87/><F87/><W53/><G10/><T52/><D74/><U39/><E39/><V113/><F113/><W121/><G121/><T56/><D56/><N who="1" m="32879" /><E2/><V45/><F45/><W57/><G57/><T122/><D122/><U97/><E97/><V129/><F129/><RYUUKYOKU ba="2,2" sc="250,0,250,0,230,0,250,0" hai0="23,27,29,52,58,60,66,91,93,96" hai1="7,11,15,22,61,67,70,95,98,100" hai2="8,14,19,48,50,64,65" hai3="4,6,16,17,20,21,53,68,71,76,79,81,82" /><INIT seed="1,3,2,0,5,101" ten="250,250,230,250" oya="1" hai0="108,28,115,7,96,13,0,130,80,18,43,47,74" hai1="1,30,135,32,132,11,5,59,21,49,103,2,17" hai2="118,133,61,50,125,14,105,56,65,107,99,63,116" hai3="20,24,45,88,72,93,38,12,44,81,100,41,37"/><U67/><E103/><V94/><F125/><W57/><G100/><T79/><D108/><U123/><E123/><V70/><F133/><N who="1" m="51273" /><E67/><V83/><F50/><W92/><G12/><T120/><D120/><U97/><E97/><V27/><F83/><W3/><G3/><T8/><D115/><U66/><E66/><V84/><F84/><W128/><G57/><T86/><D130/><U109/><E109/><V60/><F60/><W124/><G124/><T62/><D62/><U106/><E106/><V23/><F14/><W77/><G88/><T113/><D113/><U117/><E117/><V42/><F42/><W89/><G89/><T52/><D96/><U129/><E129/><V68/><F116/><W75/><G75/><T71/><D86/><U48/><E59/><V104/><F118/><W9/><G9/><N who="0" m="6447" /><D52/><U64/><E64/><V26/><F26/><W6/><G6/><T40/><D40/><U35/><E1/><V33/><F33/><N who="1" m="12873" /><E30/><N who="2" m="17791" /><F63/><W98/><G98/><T87/><D87/><U114/><E114/><V112/><F112/><W36/><G128/><T4/><D28/><U29/><E29/><V39/><F39/><W10/><G41/><T16/><D71/><U127/><E127/><V119/><F119/><W69/><G69/><T76/><D76/><U110/><E110/><V82/><F82/><W46/><G38/><N who="0" m="22007" /><D0/><U54/><E54/><V111/><F111/><W34/><G37/><T95/><D95/><N who="3" m="36425" /><G36/><T53/><D53/><U15/><AGARI ba="3,2" hai="2,5,11,15,17,21,48,49" m="12873,51273" machi="15" ten="30,1500,0" yaku="20,1" doraHai="101" who="1" fromWho="1" sc="250,-8,250,44,230,-8,250,-8" /><INIT seed="1,4,0,4,0,52" ten="242,294,222,242" oya="1" hai0="18,107,5,43,16,65,97,78,122,71,51,118,47" hai1="117,99,31,92,3,53,1,67,111,105,61,134,130" hai2="96,116,44,93,60,20,37,40,81,32,22,0,17" hai3="131,79,68,72,123,13,19,57,121,73,14,6,8"/><U112/><E117/><V106/><F106/><W98/><G68/><T125/><D118/><U89/><E112/><V91/><F116/><W110/><G110/><T36/><D125/><U133/><E105/><V9/><F32/><W25/><G131/><T10/><D122/><U109/><E53/><V82/><F60/><W63/><G25/><T88/><D65/><U55/><E55/><V15/><F0/><N who="1" m="73" /><E31/><V128/><F128/><W23/><G98/><T4/><D71/><N who="1" m="42479" /><E130/><V84/><REACH who="2" step="1"/><F81/><REACH who="2" ten="242,294,212,242" step="2"/><W69/><G123/><T114/><D107/><U75/><E75/><V48/><F48/><W11/><G121/><T28/><D51/><U41/><E41/><V29/><F29/><W108/><G73/><T62/><D28/><U34/><E34/><V80/><F80/><W83/><G72/><T95/><D43/><U76/><E76/><AGARI ba="4,1" hai="9,15,17,20,22,37,40,44,76,82,84,91,93,96" machi="76" ten="30,2000,0" yaku="1,1,7,1,53,0" doraHai="52" doraHaiUra="50" who="2" fromWho="1" sc="242,0,294,-32,212,42,242,0" /><INIT seed="2,0,0,4,2,86" ten="242,262,254,242" oya="2" hai0="129,33,14,128,23,9,100,25,31,124,114,125,92" hai1="54,50,16,22,59,111,19,10,17,60,77,107,64" hai2="49,51,121,7,119,132,52,58,24,76,61,1,4" hai3="95,105,46,48,118,66,30,83,109,21,34,71,35"/><V75/><F121/><W79/><G105/><T2/><D92/><U11/><E111/><V27/><F119/><W32/><G118/><T87/><D87/><U55/><E107/><V126/><F132/><W42/><G21/><T110/><D100/><U65/><E77/><V5/><F1/><W120/><G120/><T96/><D96/><U15/><E11/><V3/><F3/><W102/><G71/><T43/><D2/><U57/><REACH who="1" step="1"/><E17/><REACH who="1" ten="242,252,254,242" step="2"/><V44/><F126/><N who="0" m="48746" /><D110/><U123/><E123/><V37/><F76/><W99/><G109/><T56/><D56/><U78/><E78/><V29/><F75/><W41/><G79/><T18/><D43/><U67/><E67/><V127/><F127/><W117/><G66/><T103/><D103/><U101/><E101/><V26/><F29/><W97/><G42/><T85/><D85/><U131/><E131/><N who="0" m="50249" /><D114/><U94/><E94/><V112/><F112/><W130/><G95/><T98/><D98/><U68/><E68/><V20/><F20/><AGARI ba="0,1" hai="9,14,18,20,23,25,31,33" m="50249,48746" machi="20" ten="30,7700,0" yaku="18,1,19,1,34,2" doraHai="86" who="0" fromWho="2" sc="242,87,252,0,254,-77,242,0" /><INIT seed="3,0,0,3,1,40" ten="329,252,177,242" oya="3" hai0="87,7,33,101,21,121,131,86,4,27,54,108,123" hai1="60,50,84,64,5,91,59,45,104,23,31,119,105" hai2="22,19,94,75,0,43,97,1,8,26,129,106,34" hai3="18,56,100,99,15,103,32,57,28,47,130,62,38"/><W110/><G130/><T117/><D33/><U67/><E119/><V125/><F106/><W3/><G3/><T74/><D131/><U25/><E5/><V65/><F75/><W116/><G100/><T120/><D74/><U61/><E84/><V71/><F129/><W96/><G96/><T114/><D117/><U109/><E91/><V88/><F125/><W73/><G73/><T35/><D35/><U132/><E109/><V37/><F34/><W10/><G116/><T69/><D69/><U66/><E132/><V58/><F71/><W80/><G80/><T85/><D108/><U77/><E77/><V30/><F37/><W115/><G115/><T83/><D101/><U2/><E2/><V41/><F1/><W14/><G14/><T76/><D114/><U46/><E66/><V11/><F0/><W17/><G17/><T24/><D83/><U98/><E98/><V93/><F93/><W92/><G110/><T127/><D76/><U107/><REACH who="1" step="1"/><E50/><REACH who="1" ten="329,242,177,242" step="2"/><V68/><F68/><AGARI ba="0,1" hai="23,25,31,45,46,59,60,61,64,67,68,104,105,107" machi="68" ten="40,8000,1" yaku="1,1,2,1,52,2,53,0" doraHai="40" doraHaiUra="124" who="1" fromWho="2" sc="329,0,242,90,177,-80,242,0" /><INIT seed="4,0,0,4,2,56" ten="329,332,97,242" oya="0" hai0="77,78,118,46,95,83,49,39,135,125,109,60,32" hai1="115,106,82,81,50,44,68,112,1,10,127,43,84" hai2="29,20,124,130,69,26,2,128,65,47,92,104,45" hai3="55,51,75,0,67,107,114,80,99,133,122,12,27"/><T38/><D118/><U66/><E106/><V13/><F104/><W9/><G0/><T132/><D32/><U40/><E127/><V79/><F2/><W54/><G67/><T105/><D105/><U71/><E43/><V101/><F79/><W91/><G114/><N who="1" m="43562" /><E66/><V57/><F69/><N who="1" m="26697" /><E84/><V134/><F13/><W24/><G75/><T116/><D78/><U7/><AGARI ba="0,0" hai="1,7,10,40,44,50,81,82" m="26697,43562" machi="7" ten="40,2700,0" yaku="15,1,11,1" doraHai="56" who="1" fromWho="1" sc="329,-13,332,27,97,-7,242,-7" /><INIT seed="5,0,0,5,1,77" ten="316,359,90,235" oya="1" hai0="123,98,91,112,114,115,56,117,59,85,30,11,70" hai1="38,7,95,20,116,44,97,36,74,49,68,31,35" hai2="17,60,96,121,19,130,4,14,94,47,103,39,43" hai3="21,52,58,129,134,5,66,83,133,127,79,1,69"/><U65/><E116/><V87/><F121/><W0/><G127/><T106/><D117/><U48/><E35/><V71/><F130/><W51/><G21/><T64/><D123/><U46/><E74/><V84/><F4/><W120/><G129/><T28/><D70/><U76/><E76/><V125/><F125/><W122/><G66/><T61/><D11/><U72/><E72/><V16/><REACH who="2" step="1"/><F14/><REACH who="2" ten="316,359,80,235" step="2"/><W109/><G122/><T40/><D114/><U25/><E7/><V53/><F53/><W119/><G120/><T135/><D64/><AGARI ba="0,1" hai="16,17,19,39,43,47,60,64,71,84,87,94,96,103" machi="64" ten="40,8000,1" yaku="1,1,54,1,53,2" doraHai="77" doraHaiUra="81" who="2" fromWho="0" sc="316,-80,359,0,80,90,235,0" /><INIT seed="6,0,0,5,2,93" ten="236,359,170,235" oya="2" hai0="46,105,5,115,13,11,84,24,129,135,114,117,52" hai1="83,73,27,56,100,29,18,36,126,48,38,59,125" hai2="66,124,62,98,63,65,133,85,21,17,113,76,134" hai3="45,60,97,89,32,90,70,30,123,34,91,12,130"/><V103/><F113/><N who="0" m="43018" /><D105/><U1/><E1/><V82/><F124/><N who="1" m="47721" /><E100/><V49/><F49/><W50/><G130/><T16/><D129/><U109/><E18/><V40/><F40/><W119/><G30/><T19/><D135/><N who="2" m="51722" /><F65/><W86/><G32/><T20/><D117/><U112/><E112/><V3/><F3/><W14/><G34/><T9/><D84/><U111/><E48/><V4/><F66/><W25/><G25/><T31/><D46/><U53/><E53/><V106/><F4/><W57/><G70/><T35/><D52/><U61/><E61/><V127/><F127/><W88/><G123/><T108/><D108/><U94/><E38/><V10/><F10/><N who="0" m="3594" /><D5/><U41/><E41/><V23/><F23/><W74/><G74/><T104/><D104/><U54/><E36/><V116/><F116/><W39/><G39/><T101/><D101/><U71/><E71/><V42/><F42/><N who="3" m="24887" /><G86/><T69/><D69/><U107/><E54/><V78/><F78/><W51/><G51/><T0/><D0/><U26/><E111/><V67/><F67/><N who="3" m="39311" /><G119/><T8/><D19/><U87/><E109/><V28/><F28/><W44/><G44/><T72/><D72/><U22/><E29/><V79/><F79/><W43/><G43/><T68/><D68/><U37/><E37/><V96/><F96/><W58/><G58/><T64/><D64/><U75/><E59/><V80/><F80/><W121/><G121/><T33/><AGARI ba="0,0" hai="8,13,16,20,24,31,33,35" m="3594,43018" machi="33" ten="30,7900,0" yaku="15,1,34,2,54,1" doraHai="93" who="0" fromWho="0" sc="236,79,359,-20,170,-39,235,-20" /><INIT seed="7,0,0,4,5,80" ten="315,339,131,215" oya="3" hai0="9,25,74,51,64,10,70,46,108,134,42,128,122" hai1="79,99,119,124,127,82,76,96,38,103,93,55,84" hai2="24,131,88,98,68,31,56,94,104,28,112,33,17" hai3="16,65,83,23,53,5,129,41,92,100,81,121,3"/><W73/><G121/><T114/><D122/><U105/><E38/><V91/><F68/><W4/><G65/><T27/><D108/><U85/><E119/><V71/><F71/><W48/><G41/><T40/><D128/><U7/><E7/><N who="3" m="2634" /><G73/><T78/><D64/><U14/><E14/><V2/><F104/><W86/><G129/><T47/><D70/><U63/><E63/><V30/><F2/><W75/><G75/><T39/><D134/><U113/><E113/><V52/><F112/><W102/><G92/><T101/><D114/><U59/><E59/><V45/><F131/><W58/><G83/><T8/><D78/><N who="1" m="29739" /><E55/><V54/><F17/><W133/><G133/><T66/><D66/><U11/><E11/><V21/><F33/><W110/><G110/><T90/><D74/><U111/><E111/><V130/><F130/><W13/><G3/><T107/><REACH who="0" step="1"/><D90/><AGARI ba="0,0" hai="13,16,23,48,53,58,81,86,90,100,102" m="2634" machi="90" ten="30,5800,0" yaku="8,1,52,1,54,1" doraHai="80" who="3" fromWho="0" sc="315,-58,339,0,131,0,215,58" /><INIT seed="7,1,0,2,5,7" ten="257,339,131,273" oya="3" hai0="84,134,117,60,55,70,66,87,127,44,121,46,42" hai1="13,130,73,98,52,125,56,47,4,30,37,128,48" hai2="12,23,22,83,63,69,96,59,53,133,99,65,78" hai3="82,116,100,28,61,126,43,91,101,111,11,79,112"/><W39/><G116/><T110/><D121/><U6/><E73/><V95/><F133/><W103/><G112/><T77/><D117/><U32/><E125/><V38/><F99/><W120/><G120/><T40/><D127/><U20/><E32/><V89/><F38/><W107/><G111/><T34/><D34/><U118/><E118/><V36/><F36/><W106/><G28/><T71/><D77/><U9/><E98/><V50/><F69/><W33/><G33/><T62/><D134/><U123/><E4/><V97/><F65/><W14/><G91/><T8/><D110/><U113/><E113/><V0/><F0/><W35/><G35/><T1/><D55/><U68/><E68/><V76/><F23/><W3/><G61/><T122/><D122/><U88/><E88/><V27/><F97/><W94/><G94/><T135/><D135/><U57/><E123/><V64/><F64/><W109/><G14/><T51/><D66/><U31/><E37/><V129/><F129/><N who="1" m="49769" /><E31/><V93/><F12/><W105/><G126/><T49/><D1/><U21/><E21/><V58/><F83/><W92/><G92/><T16/><D16/><U29/><E29/><V5/><F5/><N who="3" m="1471" /><G101/><T132/><D132/><U18/><E30/><V131/><F131/><W124/><G124/><T80/><D80/><U26/><AGARI ba="1,0" hai="6,9,13,18,20,26,47,48,52,56,57" m="49769" machi="26" ten="30,4000,0" yaku="19,1,52,1,54,1" doraHai="7" who="1" fromWho="1" sc="257,-11,339,43,131,-11,273,-21" owari="246,-15.0,382,48.0,120,-38.0,252,5.0" /></mjloggm>