<mjloggm ver="2.3"><GO type="97"/><UN n0="%2D%2D%4F%72%7A%2D%2D%2D" n1="%EF%BC%88%E2%89%A7%E2%96%BD%E2%89%A6%EF%BC%89" n2="%6E%69%73%69%6B%69%6E%6F" n3="%4E%6F%6D%65%6C" dan="13,15,14,14" rate="1839,2005,1941,1946" sx="M,M,M,M"/><TAIKYOKU oya="0"/><INIT seed="0,0,0,5,3,15" ten="250,250,250,250" oya="0" hai0="63,40,20,64,70,101,2,129,73,115,130,35,38" hai1="41,8,108,1,132,109,69,99,57,61,127,68,126" hai2="90,122,27,9,75,100,26,104,106,78,86,96,59" hai3="94,85,93,16,116,58,117,119,128,22,13,110,74"/><T7/><D115/><U44/><E99/><V28/><F122/><W36/><G74/><T30/><D101/><U34/><E132/><V80/><F59/><W54/><G36/><T47/><D20/><U121/><E34/><V14/><F28/><W45/><G45/><T67/><D67/><N who="1" m="39343" /><E8/><V88/><F90/><W114/><G114/><T135/><D73/><U120/><E1/><V84/><F86/><W29/><G110/><N who="1" m="42602" /><E120/><V33/><F106/><W133/><G133/><T11/><REACH who="0" step="1"/><D135/><REACH who="0" ten="240,250,250,250" step="2"/><U53/><E121/><V51/><F33/><W76/><G22/><T62/><D62/><U60/><E127/><V0/><F96/><W52/><G119/><T39/><D39/><N who="1" m="21567" /><E126/><V37/><F100/><W24/><G117/><T111/><D111/><U102/><E102/><V17/><F37/><W5/><G116/><T118/><D118/><U46/><E60/><V25/><F51/><AGARI ba="0,1" hai="46,51,53,68,69" m="21567,42602,39343" machi="51" ten="30,3900,0" yaku="14,1,34,2" doraHai="15" who="1" fromWho="2" sc="240,0,250,49,250,-39,250,0" /><INIT seed="1,0,0,3,1,42" ten="240,299,211,250" oya="1" hai0="3,39,4,19,110,57,30,68,65,79,49,62,54" hai1="101,38,98,14,64,85,8,80,16,10,109,94,99" hai2="130,28,92,70,17,116,9,67,95,40,66,48,131" hai3="37,0,112,117,125,7,96,72,20,44,76,75,25"/><U71/><E38/><V123/><F116/><W69/><G112/><T52/><D39/><U18/><E109/><V26/><F123/><W82/><G117/><T15/><D110/><U100/><E71/><V2/><F92/><W73/><G96/><T12/><D79/><U6/><E64/><V13/><F70/><W119/><G119/><T29/><D3/><U104/><REACH who="1" step="1"/><E10/><REACH who="1" ten="240,289,211,250" step="2"/><V21/><F67/><W106/><G69/><T97/><D68/><U1/><E1/><V121/><F66/><W41/><G125/><T24/><D65/><U53/><E53/><V60/><F2/><W115/><G115/><T118/><D118/><U23/><E23/><V103/><F9/><N who="3" m="2279" /><G106/><T31/><D54/><U83/><E83/><V77/><F21/><W133/><G133/><T89/><D4/><U91/><AGARI ba="0,1" hai="6,8,14,16,18,80,85,91,94,98,99,100,101,104" machi="91" ten="20,7800,0" yaku="1,1,0,1,7,1,54,1,53,0" doraHai="42" doraHaiUra="122" who="1" fromWho="1" sc="240,-26,289,88,211,-26,250,-26" /><INIT seed="1,1,0,5,3,19" ten="214,377,185,224" oya="1" hai0="112,77,2,80,83,86,87,125,53,59,73,16,41" hai1="69,106,23,8,55,121,78,122,93,91,22,110,3" hai2="115,37,103,24,72,27,117,51,128,5,76,38,92" hai3="42,135,28,49,64,45,102,66,52,31,15,68,127"/><U96/><E69/><V36/><F117/><W116/><G116/><T104/><D104/><U7/><E110/><V26/><F128/><W56/><G102/><T18/><D112/><U124/><E124/><V111/><F111/><W70/><G127/><T94/><D2/><U21/><E78/><V81/><F115/><W43/><G15/><T12/><D125/><U63/><E106/><V89/><F5/><W40/><G31/><T126/><D126/><U108/><E108/><V113/><F113/><W20/><G28/><T119/><D119/><U60/><REACH who="1" step="1"/><E55/><REACH who="1" ten="214,367,185,224" step="2"/><V25/><N who="2" m="6656" /><DORA hai="82" /><V74/><F103/><W39/><G68/><T33/><D73/><U50/><E50/><V95/><F51/><W105/><G70/><T62/><D41/><U65/><E65/><V85/><REACH who="2" step="1"/><F95/><REACH who="2" ten="214,367,175,224" step="2"/><W131/><G49/><T58/><D94/><U9/><E9/><V98/><AGARI ba="1,2" hai="36,37,38,72,74,76,81,85,89,92,98" m="6656" machi="98" ten="50,8000,1" yaku="1,1,2,1,0,1,52,1,53,0" doraHai="19,82" doraHaiUra="123,132" who="2" fromWho="2" sc="214,-21,367,-41,175,103,224,-21" /><INIT seed="2,0,0,5,5,7" ten="193,326,278,203" oya="2" hai0="33,61,75,99,128,39,50,47,112,31,29,106,113" hai1="1,82,18,68,103,123,27,55,22,110,111,35,45" hai2="44,58,62,32,40,6,16,131,107,24,117,84,121" hai3="133,69,19,56,28,52,80,2,104,43,83,59,36"/><V78/><F121/><W64/><G104/><T12/><D75/><U118/><E118/><V11/><F107/><W70/><G2/><T49/><D113/><U66/><E123/><V20/><F117/><W53/><G28/><T94/><D112/><U130/><E130/><V73/><F73/><W129/><G19/><T5/><D128/><U90/><E103/><V132/><F131/><W88/><G129/><T67/><D33/><U125/><E125/><V65/><F132/><W8/><G133/><T122/><D122/><U95/><E82/><V76/><F84/><W10/><G43/><T101/><D39/><U109/><E35/><V134/><F134/><W124/><G36/><T4/><D106/><U93/><E1/><V63/><F63/><W57/><G57/><N who="0" m="37295" /><D47/><U41/><E55/><V135/><F135/><W0/><G0/><T102/><D102/><U126/><E126/><V77/><F32/><W114/><G114/><T115/><D115/><U91/><E66/><V38/><REACH who="2" step="1"/><F78/><REACH who="2" ten="193,326,268,203" step="2"/><W105/><G105/><T116/><D116/><U81/><E68/><V120/><F120/><W119/><G119/><T96/><D96/><U85/><E90/><V100/><F100/><W37/><G124/><T74/><D74/><U13/><E27/><V3/><AGARI ba="0,1" hai="3,6,11,16,20,24,38,40,44,58,62,65,76,77" machi="3" ten="20,18000,2" yaku="1,1,0,1,7,1,52,1,54,1,53,1" doraHai="7" doraHaiUra="23" who="2" fromWho="2" sc="193,-60,326,-60,268,190,203,-60" /><INIT seed="2,1,0,1,5,20" ten="133,266,458,143" oya="2" hai0="49,39,33,72,115,120,96,135,21,25,129,73,74" hai1="31,12,78,22,79,95,26,32,100,127,24,110,5" hai2="68,113,118,76,84,85,46,107,52,7,28,4,117" hai3="27,111,116,67,105,0,35,91,122,123,40,75,126"/><V124/><F107/><W16/><G116/><T130/><D120/><U97/><E127/><V64/><F113/><W128/><G0/><T83/><D115/><U66/><E110/><V51/><F124/><W131/><G126/><T2/><D2/><U6/><E66/><V62/><F118/><W42/><G105/><T14/><D39/><U50/><E50/><V103/><F103/><W3/><G3/><T133/><D49/><U87/><E87/><V65/><F65/><W53/><G75/><N who="0" m="19203" /><T59/><DORA hai="38" /><D59/><U119/><E119/><V47/><F117/><W58/><G67/><T17/><D83/><U29/><REACH who="1" step="1"/><E12/><REACH who="1" ten="133,256,458,143" step="2"/><V132/><F84/><W81/><G111/><T70/><D70/><U9/><E9/><V13/><F85/><W15/><G123/><T121/><D121/><U57/><E57/><V56/><F13/><W10/><G122/><T69/><D69/><U55/><E55/><V63/><F52/><W102/><G53/><T30/><D96/><U36/><E36/><V41/><F56/><W86/><G58/><T82/><D82/><U90/><E90/><V89/><F51/><W11/><G11/><T125/><D125/><U43/><E43/><V99/><F41/><W18/><G102/><T94/><D94/><U77/><AGARI ba="1,1" hai="5,6,22,24,26,29,31,32,77,78,79,95,97,100" machi="77" ten="30,12000,2" yaku="1,1,0,1,52,2,53,2" doraHai="20,38" doraHaiUra="1,34" who="1" fromWho="1" sc="133,-31,256,133,458,-61,143,-31" /><INIT seed="3,0,0,1,4,73" ten="102,389,397,112" oya="3" hai0="44,12,122,79,26,111,91,116,64,60,114,42,14" hai1="135,22,121,67,120,21,16,7,8,36,93,90,81" hai2="71,6,58,123,33,129,126,84,107,128,61,38,29" hai3="56,88,76,32,20,49,131,34,94,54,3,86,27"/><W105/><G105/><T109/><D122/><U4/><E36/><V0/><F123/><W45/><G131/><N who="2" m="50249" /><F107/><W2/><G3/><T125/><D116/><U46/><E135/><V50/><F38/><W102/><G2/><T115/><D26/><N who="1" m="14631" /><E121/><V85/><F71/><W55/><G102/><T75/><D75/><U23/><E120/><V35/><F126/><W96/><G96/><T118/><D118/><U5/><E67/><V80/><F50/><W112/><G112/><N who="0" m="43051" /><D91/><U70/><E70/><V66/><F29/><W31/><REACH who="3" step="1"/><G76/><REACH who="3" ten="102,389,397,102" step="2"/><T89/><D89/><U104/><E104/><V62/><F0/><W130/><G130/><T39/><D125/><U99/><E46/><V133/><F133/><W9/><G9/><T77/><D79/><U28/><E8/><V43/><F35/><W119/><G119/><T53/><D77/><U30/><E81/><V108/><F80/><W68/><G68/><N who="0" m="41991" /><D53/><U103/><E103/><V51/><F33/><W98/><G98/><T117/><D117/><U82/><E82/><V92/><F92/><W17/><G17/><T101/><D101/><U10/><E10/><V106/><F106/><W65/><G65/><T132/><D132/><U18/><E18/><V52/><F66/><W19/><G19/><T11/><D11/><U40/><E40/><V41/><F43/><W87/><G87/><T134/><D134/><U13/><E13/><AGARI ba="0,1" hai="12,13,14,39,42,44,109,111" m="41991,43051" machi="13" ten="30,1000,0" yaku="11,1" doraHai="73" who="0" fromWho="1" sc="102,20,389,-10,397,0,102,0" owari="122,-28.0,379,18.0,397,50.0,102,-40.0" /></mjloggm>