<mjloggm ver="2.3"><GO type="169"/><UN n0="%EF%BC%88%E2%89%A7%E2%96%BD%E2%89%A6%EF%BC%89" n1="%78%72%63%35%32%34%32%38" n2="%E3%81%B2%E3%81%A3%E3%81%B4%E3%81%93%E3%82%93" n3="%E3%83%AA%E3%83%BC%E3%83%81%EF%BC%91" dan="18,16,16,16" rate="2167,2116,2068,2067" sx="M,M,M,M"/><TAIKYOKU oya="0"/><INIT seed="0,0,0,2,3,46" ten="250,250,250,250" oya="0" hai0="96,127,63,36,6,26,23,104,22,112,71,49,55" hai1="73,86,37,20,38,3,111,93,87,64,30,2,45" hai2="18,65,62,33,12,110,123,57,1,81,118,56,107" hai3="17,66,90,95,114,52,19,4,69,98,80,24,89"/><T68/><D36/><U122/><E64/><V43/><F107/><W74/><G114/><T84/><D112/><U25/><E73/><V61/><F1/><W126/><G126/><T88/><D127/><U101/><E111/><V31/><F110/><W75/><G66/><T58/><D6/><U42/><E122/><V115/><F123/><W47/><G69/><T134/><D134/><U44/><E3/><V5/><F115/><W27/><G4/><T28/><D22/><U132/><E2/><V124/><F5/><W100/><G75/><T117/><D117/><U59/><E59/><V97/><F124/><W113/><G74/><T54/><D96/><U21/><E21/><V51/><F97/><W72/><G72/><T29/><D104/><U8/><E8/><V116/><F31/><W135/><G135/><T120/><D120/><U50/><E132/><V119/><F33/><W53/><G53/><T109/><D109/><U0/><E0/><V67/><F81/><W99/><G80/><N who="0" m="49159" /><D71/><U41/><E101/><V77/><F77/><W102/><G113/><T83/><D83/><U70/><E70/><V82/><F82/><W108/><G108/><T60/><D68/><U11/><E11/><V10/><F43/><W105/><G102/><T91/><D91/><U39/><E93/><V34/><F34/><W9/><G90/><T79/><D79/><U85/><AGARI ba="0,0" hai="20,25,30,37,38,39,41,42,44,45,50,85,86,87" machi="85" ten="30,2000,0" yaku="0,1,52,1" doraHai="46" who="1" fromWho="1" sc="250,-10,250,20,250,-5,250,-5" /><INIT seed="1,0,0,4,1,84" ten="240,270,245,245" oya="1" hai0="49,62,2,96,105,33,98,127,20,97,115,64,99" hai1="40,90,3,73,28,23,39,72,53,19,71,17,68" hai2="104,121,75,101,60,89,21,4,129,134,82,52,126" hai3="63,29,86,43,80,69,116,26,24,45,57,6,106"/><U48/><E3/><V120/><F4/><W131/><G69/><T92/><D115/><U93/><E39/><V76/><F21/><W32/><G106/><T135/><D33/><U125/><E40/><V16/><F16/><N who="1" m="6217" /><E72/><V102/><F52/><W79/><G116/><T13/><D2/><U110/><E73/><V41/><F41/><W74/><G6/><T118/><D118/><U11/><E68/><V66/><F60/><W7/><G7/><T77/><D105/><U117/><E71/><V25/><F66/><W85/><G26/><T36/><D36/><U100/><E117/><V112/><F25/><W109/><G109/><T30/><D13/><U27/><E110/><V34/><F34/><W50/><G131/><T133/><D77/><U12/><E100/><V9/><F9/><W107/><G107/><T5/><D5/><N who="1" m="3183" /><E125/><V8/><F8/><W0/><REACH who="3" step="1"/><G0/><REACH who="3" ten="240,270,245,235" step="2"/><T47/><D127/><U108/><E108/><V111/><F126/><W14/><G14/><T1/><D1/><U87/><E48/><V59/><F111/><W51/><G51/><T128/><D128/><U88/><E53/><AGARI ba="0,1" hai="24,29,32,43,45,50,53,57,63,74,79,80,85,86" machi="53" ten="30,2000,0" yaku="1,1,7,1,53,0" doraHai="84" doraHaiUra="123" who="3" fromWho="1" sc="240,0,270,-20,245,0,235,30" /><INIT seed="2,0,0,4,0,85" ten="240,250,245,265" oya="2" hai0="18,13,80,123,47,28,69,109,64,9,117,2,38" hai1="124,29,20,41,73,100,42,106,55,119,45,131,56" hai2="88,104,33,24,31,113,89,102,37,129,3,77,99" hai3="76,105,132,23,36,10,40,49,7,61,58,97,91"/><V126/><F37/><W52/><G132/><T86/><D123/><U30/><E119/><V84/><F113/><W50/><G76/><T107/><D107/><U34/><E73/><V8/><F126/><W12/><G105/><T125/><D117/><U71/><E71/><V21/><F129/><W27/><G36/><T0/><D125/><U74/><E74/><V62/><F33/><W90/><G97/><T11/><D109/><U79/><E79/><V101/><F101/><W26/><G26/><T112/><D112/><U6/><E6/><V115/><F115/><W43/><G50/><T81/><D28/><U63/><E29/><V44/><F44/><N who="3" m="25759" /><G40/><T87/><D47/><U70/><E42/><V46/><F46/><W66/><G66/><T51/><D51/><U65/><E45/><V68/><F68/><W48/><G61/><T96/><D96/><U82/><E41/><V25/><F62/><W133/><G133/><T22/><D38/><U110/><E70/><V53/><F53/><W5/><G5/><N who="0" m="1207" /><D64/><U130/><E65/><V121/><F121/><W103/><G103/><T118/><D69/><U19/><E100/><V32/><F25/><W134/><G134/><T1/><D118/><U4/><E124/><V75/><F32/><W14/><G14/><N who="0" m="9559" /><D1/><U135/><E135/><V120/><F120/><W17/><AGARI ba="0,0" hai="7,10,12,17,23,27,48,52,58,90,91" m="25759" machi="17" ten="30,7900,0" yaku="8,1,52,2,54,1" doraHai="85" who="3" fromWho="3" sc="240,-20,250,-20,245,-39,265,79" /><INIT seed="3,0,0,0,0,20" ten="220,230,206,344" oya="3" hai0="23,22,8,26,36,56,48,16,106,113,72,89,69" hai1="120,98,0,88,50,64,105,15,60,39,41,13,71" hai2="99,87,122,132,4,94,3,11,111,102,82,33,47" hai3="116,34,38,44,62,103,90,54,93,6,131,46,5"/><W12/><G34/><T66/><D72/><U100/><E0/><V43/><F111/><W117/><G103/><T133/><D106/><U124/><E120/><V126/><F132/><W35/><G35/><T67/><D36/><U25/><E124/><V14/><F126/><W119/><G131/><T115/><D133/><U32/><E39/><V2/><F122/><W96/><G44/><T68/><D8/><U79/><E79/><V81/><F33/><W59/><REACH who="3" step="1"/><G12/><REACH who="3" ten="220,230,206,334" step="2"/><T95/><D115/><U110/><E110/><V128/><F128/><W134/><G134/><T65/><D113/><U114/><E114/><V85/><F3/><W19/><G19/><T70/><D23/><U17/><E17/><V40/><F2/><W31/><G31/><T63/><REACH who="0" step="1"/><D48/><REACH who="0" ten="210,230,206,334" step="2"/><U127/><E50/><V29/><F29/><W10/><G10/><T83/><D83/><U91/><E32/><V51/><F82/><W78/><G78/><T76/><D76/><U27/><E127/><V42/><F81/><W84/><G84/><AGARI ba="0,2" hai="16,22,26,56,63,65,66,67,68,69,70,84,89,95" machi="84" ten="40,5200,0" yaku="1,1,52,1,54,1,53,0" doraHai="20" doraHaiUra="73" who="0" fromWho="3" sc="210,72,230,0,206,0,334,-52" /><AGARI ba="0,0" hai="4,11,14,40,42,43,47,51,84,85,87,94,99,102" machi="84" ten="40,1300,0" yaku="8,1" doraHai="20" who="2" fromWho="3" sc="282,0,230,0,206,13,282,-13" /><INIT seed="4,0,0,1,1,7" ten="282,230,219,269" oya="0" hai0="47,56,104,5,124,126,50,112,6,113,34,62,31" hai1="79,131,67,30,108,102,16,29,38,96,66,61,88" hai2="100,115,40,132,41,49,135,3,123,121,119,53,24" hai3="118,20,69,125,37,26,122,130,13,64,27,43,22"/><T70/><D104/><U48/><E38/><V36/><F100/><W101/><G118/><T98/><D98/><U51/><E108/><V82/><F82/><W90/><G122/><N who="2" m="46601" /><F36/><W84/><G125/><N who="0" m="48235" /><D31/><U85/><E79/><V59/><F24/><W78/><G130/><T35/><D6/><U73/><E73/><V128/><F3/><W111/><G101/><T60/><D5/><U105/><E131/><V57/><F128/><W21/><G111/><T133/><D133/><N who="2" m="51274" /><F119/><W39/><G78/><T19/><D35/><U25/><E30/><V80/><F80/><W86/><G27/><T110/><D34/><U0/><E0/><V9/><F9/><W12/><G26/><T54/><D110/><U87/><E29/><V18/><F18/><W8/><G21/><T120/><D19/><U91/><E102/><V33/><F33/><W116/><G22/><T42/><D120/><U55/><E105/><V63/><F115/><N who="0" m="44106" /><D70/><U74/><E16/><V94/><F94/><W72/><G20/><T65/><D65/><AGARI ba="0,0" hai="40,41,49,53,57,59,63,65" m="51274,46601" machi="65" ten="30,3900,0" yaku="20,1,34,2" doraHai="7" who="2" fromWho="0" sc="282,-39,230,0,219,39,269,0" /><INIT seed="5,0,0,0,5,116" ten="243,230,258,269" oya="1" hai0="76,64,24,1,43,10,34,80,120,21,129,5,85" hai1="119,130,86,39,77,23,87,7,54,33,101,79,127" hai2="113,95,49,88,81,128,3,97,11,104,27,50,28" hai3="70,4,29,107,56,52,82,26,63,109,25,16,19"/><U59/><E119/><V100/><F128/><W126/><G107/><T20/><D129/><U71/><E33/><V57/><F81/><W93/><G109/><T12/><D120/><U17/><E39/><V13/><F3/><W42/><G126/><T31/><D64/><U112/><E71/><V92/><F113/><W68/><G4/><T55/><D55/><U83/><E130/><V47/><F104/><W18/><G42/><T121/><D121/><U37/><E37/><V9/><F57/><W117/><G117/><T84/><D84/><U115/><E7/><V105/><F105/><W2/><G2/><T44/><REACH who="0" step="1"/><D1/><REACH who="0" ten="233,230,258,269" step="2"/><U51/><E127/><V106/><F106/><W53/><G70/><T134/><D134/><U94/><E87/><V89/><F47/><W66/><G68/><T91/><D91/><U103/><E77/><V0/><F89/><W72/><G53/><T14/><D14/><U48/><E115/><V133/><F0/><W99/><G66/><T118/><D118/><U30/><E112/><V6/><F133/><W96/><G72/><T15/><D15/><N who="1" m="9663" /><E30/><V108/><F108/><W135/><G29/><T124/><D124/><U74/><E74/><V45/><F45/><W67/><G135/><T46/><D46/><U102/><E48/><AGARI ba="0,1" hai="5,10,12,20,21,24,31,34,43,44,48,76,80,85" machi="48" ten="30,7700,0" yaku="1,1,7,1,25,2,53,0" doraHai="116" doraHaiUra="62" who="0" fromWho="1" sc="233,87,230,-77,258,0,269,0" /><INIT seed="6,0,0,1,1,45" ten="320,153,258,269" oya="2" hai0="59,118,35,88,13,50,33,107,8,20,39,110,129" hai1="27,64,127,31,54,104,68,105,51,100,112,132,106" hai2="91,103,30,3,81,108,111,74,79,99,131,4,134" hai3="94,16,114,69,42,1,124,7,93,97,75,48,96"/><V70/><F30/><W49/><G69/><T121/><D39/><U89/><E112/><V135/><F70/><W26/><G75/><T83/><D107/><U11/><E127/><V12/><F12/><W77/><G114/><T15/><D121/><U21/><E132/><N who="2" m="50731" /><F91/><N who="3" m="55359" /><G77/><T55/><D129/><U133/><E133/><V101/><F4/><W67/><G1/><T65/><D118/><U6/><E89/><V128/><F3/><W37/><G37/><T14/><D35/><U32/><E21/><V2/><F2/><W82/><G42/><T62/><D33/><U86/><E86/><V78/><F78/><W102/><G82/><T90/><D83/><U109/><E109/><N who="2" m="42059" /><F103/><W29/><G7/><N who="0" m="3231" /><D110/><U73/><E73/><V28/><F28/><W25/><G67/><T47/><D14/><U10/><E6/><V24/><F24/><W38/><G124/><T44/><D15/><U113/><E113/><V71/><F71/><W117/><G117/><T19/><D19/><U17/><E17/><V0/><F0/><W115/><G115/><T57/><D20/><U40/><E10/><V22/><F22/><N who="3" m="13511" /><G29/><T63/><D90/><U92/><E11/><V43/><F43/><W18/><G26/><T9/><D88/><U46/><E40/><V23/><F23/><W80/><G18/><T84/><D9/><U41/><E41/><V58/><F58/><W116/><G38/><T85/><D44/><U72/><E72/><V126/><F126/><W56/><G116/><T119/><D119/><U122/><E68/><V34/><F34/><W125/><G125/><T76/><D76/><RYUUKYOKU ba="0,0" sc="320,15,153,-15,258,15,269,-15" hai0="47,50,55,57,59,62,63,65,84,85" hai2="74,79,81,99,101,128,131" /><INIT seed="6,1,0,4,0,51" ten="335,138,273,254" oya="2" hai0="60,24,9,23,88,46,98,19,11,38,124,92,90" hai1="42,16,131,123,89,54,59,126,5,100,132,112,52" hai2="119,29,83,32,17,115,108,106,134,127,7,48,0" hai3="63,41,8,104,40,49,47,121,94,2,4,45,110"/><V130/><RYUUKYOKU type="yao9" ba="1,0" sc="335,0,138,0,273,0,254,0" hai2="0,7,17,29,32,48,83,106,108,115,119,127,130,134" /><INIT seed="6,2,0,2,1,33" ten="335,138,273,254" oya="2" hai0="2,102,57,13,90,124,93,71,64,4,53,19,6" hai1="58,51,87,35,108,76,26,59,89,91,43,103,16" hai2="23,125,21,1,114,134,94,40,20,92,32,130,80" hai3="29,112,77,120,84,66,62,56,3,7,115,45,135"/><V34/><F40/><W41/><G120/><T119/><D124/><U68/><E68/><V85/><F125/><W11/><G29/><T18/><D119/><U42/><E35/><V24/><F134/><W65/><G135/><T63/><D2/><U27/><E108/><V44/><F130/><W131/><G131/><T132/><D132/><U116/><E116/><V48/><F114/><N who="3" m="43563" /><G84/><N who="0" m="52423" /><D71/><U73/><E103/><V117/><F117/><W126/><G77/><T60/><D102/><U118/><E73/><V38/><F38/><N who="3" m="21687" /><G126/><T105/><D105/><U96/><E118/><V55/><F34/><W54/><AGARI ba="2,0" hai="3,7,11,54,56,62,65,66" m="21687,43563" machi="54" ten="30,4000,0" yaku="15,1,11,1,52,1" doraHai="33" who="3" fromWho="3" sc="335,-12,138,-12,273,-22,254,46" /><INIT seed="7,0,0,4,0,20" ten="323,126,251,300" oya="3" hai0="128,12,17,132,43,18,92,26,39,97,109,127,53" hai1="36,79,13,110,10,19,124,83,80,84,119,73,23" hai2="111,11,130,62,44,120,108,112,113,29,67,118,56" hai3="28,88,50,8,116,133,1,89,24,45,100,21,60"/><W94/><G116/><T30/><D109/><N who="2" m="42058" /><F11/><W42/><G133/><T117/><D117/><U78/><E110/><V38/><F29/><W134/><G134/><T14/><D132/><U82/><E124/><V58/><F118/><W6/><REACH who="3" step="1"/><G60/><REACH who="3" ten="323,126,251,290" step="2"/><T103/><D127/><U4/><E119/><V54/><F120/><W96/><AGARI ba="0,1" hai="1,6,8,21,24,28,42,45,50,88,89,94,96,100" machi="96" ten="30,12000,1" yaku="1,1,2,1,0,1,52,1,54,1,53,0" doraHai="20" doraHaiUra="121" who="3" fromWho="3" sc="323,-40,126,-40,251,-40,290,130" owari="283,8.0,86,-41.0,211,-19.0,420,52.0" /></mjloggm>