<mjloggm ver="2.3"><GO type="169" lobby="0"/><UN n0="%E3%81%BD%E3%82%8B%E3%81%A3%E3%81%8F%E3%81%99" n1="%E3%81%B4%E3%81%AE" n2="%E3%81%BE%E3%81%8A%E3%82%89%E3%82%93" n3="%EF%BC%88%E2%89%A7%E2%96%BD%E2%89%A6%EF%BC%89" dan="16,16,16,19" rate="2043.01,2135.03,2090.01,2231.97" sx="M,M,F,M"/><TAIKYOKU oya="0"/><INIT seed="0,0,0,0,4,46" ten="250,250,250,250" oya="0" hai0="134,96,104,43,19,60,109,4,95,67,87,100,33" hai1="11,71,124,22,9,23,16,28,20,5,56,21,44" hai2="26,128,29,85,110,12,73,106,129,48,72,18,2" hai3="37,47,130,103,69,1,116,0,92,39,49,132,78"/><T101/><D33/><U107/><E71/><V119/><F2/><W80/><G69/><T50/><D134/><U53/><E107/><V15/><F106/><W126/><G116/><T42/><D4/><U94/><E124/><V99/><F99/><W40/><G126/><T127/><D127/><U62/><E28/><V131/><F119/><W8/><G130/><T45/><D109/><U32/><E32/><N who="2" m="20535" /><F85/><W111/><G111/><T88/><D101/><U27/><E5/><V76/><F110/><W3/><G8/><T84/><D87/><U31/><E31/><V24/><F24/><W120/><G120/><T35/><D35/><U14/><E27/><V108/><F108/><W55/><G132/><T81/><D104/><U105/><E105/><V17/><F76/><W115/><G115/><T118/><D19/><N who="2" m="7178" /><F48/><W66/><G66/><T64/><D118/><U63/><E63/><V25/><F25/><W13/><G13/><AGARI ba="0,0" hai="12,13,15,72,73,128,129,131" m="7178,20535" machi="13" ten="40,1300,0" yaku="19,1" doraHai="46" who="2" fromWho="3" sc="250,0,250,0,250,13,250,-13" /><INIT seed="1,0,0,2,5,92" ten="250,250,263,237" oya="1" hai0="52,85,44,71,46,47,42,40,48,76,30,66,93" hai1="128,126,131,130,109,90,41,1,70,53,124,111,21" hai2="96,2,110,103,28,29,57,122,23,102,63,97,119" hai3="106,45,135,16,9,116,39,82,78,61,8,91,26"/><U4/><E90/><V62/><F2/><W68/><G106/><T79/><D30/><N who="2" m="11882" /><F119/><W95/><G116/><T19/><D71/><U24/><E70/><V7/><F122/><W112/><G112/><T84/><D66/><U120/><E120/><V88/><F110/><N who="1" m="41993" /><E41/><N who="0" m="15977" /><D19/><N who="1" m="12351" /><E53/><N who="2" m="34095" /><F7/><W49/><G68/><T83/><D93/><U10/><AGARI ba="0,0" hai="1,4,10,124,126,128,130,131" m="12351,41993" machi="10" ten="40,12000,1" yaku="19,1,14,1,10,1,34,2" doraHai="92" who="1" fromWho="1" sc="250,-40,250,120,263,-40,237,-40" /><INIT seed="1,1,0,3,5,103" ten="210,370,223,197" oya="1" hai0="56,31,84,32,55,78,13,94,69,0,12,61,63" hai1="14,49,107,60,53,83,37,97,24,81,23,39,122" hai2="117,89,29,131,11,116,48,93,125,17,120,18,42" hai3="64,98,46,80,99,128,19,86,96,22,109,113,52"/><U126/><E122/><V74/><F120/><W38/><G113/><T111/><D0/><U123/><E123/><V100/><F74/><W85/><G109/><T102/><D111/><U115/><E115/><V76/><F76/><W58/><G128/><T106/><D78/><U25/><E126/><V71/><F71/><W119/><G119/><T36/><D36/><U45/><E37/><V124/><F29/><W77/><G64/><N who="0" m="41119" /><D84/><U72/><E39/><V91/><F100/><W82/><G46/><T129/><D94/><U8/><E72/><V21/><F11/><W7/><G7/><T41/><D41/><U10/><E60/><V66/><F66/><W127/><G127/><N who="2" m="48713" /><F131/><W73/><G38/><T114/><D114/><U57/><E8/><V30/><F30/><W133/><G133/><T5/><D5/><U47/><E10/><V9/><F9/><W118/><G118/><N who="2" m="45673" /><F93/><W70/><G70/><T134/><D129/><U6/><E83/><V130/><F130/><W50/><REACH who="3" step="1"/><G82/><REACH who="3" ten="210,370,223,187" step="2"/><T16/><D134/><U110/><E81/><V79/><F79/><W95/><G95/><T28/><D106/><U44/><E107/><V68/><F68/><W88/><G88/><N who="2" m="33865" /><F21/><W105/><G105/><T104/><D104/><U62/><E23/><V15/><F15/><AGARI ba="1,1" hai="15,19,22,50,52,58,73,77,80,85,86,96,98,99" machi="15" ten="40,2600,0" yaku="1,1,54,1,53,0" doraHai="103" doraHaiUra="33" who="3" fromWho="2" sc="210,0,370,0,223,-29,187,39" /><INIT seed="2,0,0,2,4,113" ten="210,370,194,226" oya="2" hai0="88,56,65,110,3,52,45,14,11,61,42,83,53" hai1="64,29,93,131,103,32,132,80,114,21,51,15,24" hai2="13,102,19,43,109,119,123,54,122,84,125,94,107" hai3="120,69,72,9,66,60,40,95,6,92,28,129,76"/><V27/><F107/><W121/><G28/><T38/><D3/><U41/><E114/><V20/><F123/><W34/><G34/><T106/><D106/><U108/><E108/><V39/><F122/><W85/><G129/><T79/><D110/><U17/><E131/><V97/><F109/><W58/><G40/><T70/><D70/><U59/><E132/><V98/><F39/><W44/><G44/><T2/><D2/><U127/><E127/><V37/><F125/><W35/><G35/><T81/><D83/><U105/><E105/><V128/><F128/><W111/><G111/><T100/><D100/><U71/><E71/><V90/><F37/><W74/><G74/><T49/><D38/><U63/><E80/><V87/><F43/><W118/><G72/><T82/><D81/><U8/><E32/><V55/><F119/><W101/><G118/><T86/><REACH who="0" step="1"/><D79/><REACH who="0" ten="200,370,194,226" step="2"/><U22/><E103/><V75/><F75/><W112/><G76/><T77/><D77/><U133/><E93/><N who="2" m="58671" /><F13/><N who="3" m="5303" /><G112/><T36/><D36/><U16/><E15/><V117/><F117/><W10/><G69/><T46/><D46/><U33/><E133/><V62/><F55/><W124/><G124/><T47/><D47/><U7/><E41/><V4/><F4/><AGARI ba="0,1" hai="4,11,14,42,45,49,52,53,56,61,65,82,86,88" machi="4" ten="30,8000,1" yaku="1,1,7,1,8,1,54,2,53,0" doraHai="113" doraHaiUra="130" who="0" fromWho="2" sc="200,90,370,0,194,-80,226,0" /><INIT seed="3,0,0,1,3,22" ten="290,370,114,226" oya="3" hai0="109,55,118,70,135,41,59,87,66,33,63,35,75" hai1="103,43,10,60,4,86,7,113,95,74,20,42,80" hai2="11,97,96,52,45,119,110,94,108,117,34,9,104" hai3="132,31,101,18,89,8,14,38,49,21,77,82,133"/><W50/><G38/><T29/><D75/><U99/><E113/><V67/><F34/><W76/><G101/><T134/><D118/><N who="2" m="45066" /><F67/><W93/><G133/><N who="0" m="50699" /><D109/><N who="2" m="42090" /><F104/><W30/><G132/><T54/><D41/><U58/><E74/><V28/><F28/><N who="3" m="10795" /><G8/><N who="2" m="3145" /><F94/><W68/><G68/><T71/><D70/><U124/><E95/><V47/><F52/><N who="0" m="20010" /><D71/><U116/><E116/><V1/><F1/><W123/><G93/><T73/><D73/><U24/><E42/><V26/><F26/><W111/><G111/><T44/><D87/><U79/><E24/><V92/><F92/><W83/><G14/><T62/><D29/><U112/><E86/><V128/><F128/><W51/><G82/><T127/><D35/><U69/><E80/><V72/><F72/><W3/><G83/><T15/><D33/><U81/><E81/><V125/><F125/><W126/><G126/><T129/><D15/><U98/><E124/><V5/><F5/><W36/><G3/><T78/><D127/><U107/><E4/><V114/><F114/><W122/><G77/><T84/><D78/><U40/><E112/><V106/><F106/><W120/><G76/><T6/><D84/><U23/><E107/><V88/><F88/><W12/><G89/><T91/><D91/><U19/><E79/><V131/><F131/><W48/><N who="3" m="12288" /><DORA hai="85" /><W115/><G115/><T105/><D105/><U39/><E43/><V121/><F121/><W64/><G64/><N who="0" m="39007" /><D6/><U32/><E7/><V0/><F0/><W65/><G65/><T27/><D66/><U100/><E40/><V56/><F56/><W13/><G13/><RYUUKYOKU ba="0,0" sc="290,-15,370,-15,114,15,226,15" hai2="45,47,96,97" hai3="12,18,21,36,120,122,123" /><INIT seed="3,1,0,4,1,27" ten="275,355,129,241" oya="3" hai0="44,87,8,77,50,23,93,53,34,38,110,82,70" hai1="31,36,106,40,133,21,0,61,119,20,15,49,92" hai2="97,74,64,105,39,3,19,69,12,89,132,101,63" hai3="131,67,96,16,84,121,59,76,65,99,4,25,43"/><W41/><G121/><T22/><D34/><U85/><E106/><V6/><F132/><W112/><G112/><T128/><D70/><U123/><E0/><V83/><F39/><W71/><G4/><T2/><D110/><U114/><E123/><V98/><F6/><W47/><G71/><T7/><D128/><U56/><E36/><V81/><F3/><W129/><G129/><T118/><D118/><U135/><E114/><V120/><F120/><W91/><G76/><T115/><D115/><U14/><E119/><V86/><F97/><N who="3" m="37451" /><G131/><T46/><REACH who="0" step="1"/><D93/><REACH who="0" ten="265,355,129,241" step="2"/><U57/><E92/><V13/><F83/><N who="3" m="49567" /><G47/><T68/><D68/><U72/><E135/><V109/><F109/><W10/><G59/><T102/><D102/><U122/><E133/><V11/><REACH who="2" step="1"/><F13/><REACH who="2" ten="265,355,119,241" step="2"/><N who="3" m="7223" /><G25/><T104/><D104/><U42/><BYE who="0" /><E122/><V126/><F126/><W95/><G95/><T113/><D113/><U28/><E14/><V60/><F60/><W54/><G54/><T62/><D62/><U51/><E15/><UN n0="%E3%81%BD%E3%82%8B%E3%81%A3%E3%81%8F%E3%81%99" /><V116/><F116/><W35/><G43/><AGARI ba="1,2" hai="2,7,8,22,23,38,43,44,46,50,53,77,82,87" machi="43" ten="40,1300,0" yaku="1,1,53,0" doraHai="27" doraHaiUra="52" who="0" fromWho="3" sc="265,36,355,0,119,0,241,-16" /><INIT seed="4,0,0,4,0,107" ten="301,355,119,225" oya="0" hai0="106,93,112,51,29,79,30,96,32,15,94,11,102" hai1="1,68,90,121,72,83,126,116,13,8,109,24,47" hai2="119,27,92,73,97,43,99,105,34,100,89,71,85" hai3="41,3,19,46,81,123,37,103,95,74,9,134,20"/><T108/><D112/><U18/><E109/><V4/><F119/><W84/><G123/><T78/><D108/><U67/><E116/><V59/><F43/><W86/><G134/><T17/><D32/><U53/><E121/><V120/><F120/><W40/><G40/><T21/><D106/><U22/><E1/><V88/><F71/><W65/><G65/><T6/><D94/><U49/><E126/><V122/><F4/><N who="3" m="1183" /><G95/><T87/><D51/><U26/><E67/><V58/><F122/><W50/><G50/><T31/><REACH who="0" step="1"/><D87/><REACH who="0" ten="291,355,119,225" step="2"/><U70/><E49/><V110/><F110/><W127/><G127/><T60/><D60/><U133/><E133/><V115/><F115/><W63/><G63/><T80/><D80/><U76/><E83/><V111/><F111/><W7/><G86/><T28/><N who="0" m="7168" /><DORA hai="129" /><T64/><D64/><U44/><E70/><V128/><F34/><W75/><G84/><T98/><D98/><U118/><E68/><V125/><F125/><W16/><G81/><T10/><D10/><U104/><E8/><V48/><F48/><W114/><G114/><T33/><D33/><U101/><E104/><V117/><F105/><W54/><G41/><T66/><D66/><U36/><E118/><V82/><F117/><W5/><G54/><T35/><D35/><U2/><E53/><V130/><F85/><W62/><G62/><T45/><D45/><U77/><E44/><V69/><F97/><W55/><G46/><T39/><D39/><U132/><E47/><V52/><F69/><W61/><G37/><T91/><D91/><U38/><E36/><RYUUKYOKU ba="0,1" sc="291,30,355,-10,119,-10,225,-10" hai0="6,11,15,17,21,78,79,93,96,102" /><INIT seed="4,1,1,4,3,9" ten="321,345,109,215" oya="0" hai0="111,39,113,126,45,95,67,87,84,128,43,116,12" hai1="52,7,100,92,75,37,112,71,122,23,133,56,77" hai2="48,61,98,38,106,34,60,24,26,89,103,57,36" hai3="47,53,8,88,124,74,70,102,132,49,10,127,108"/><T91/><D116/><U29/><E71/><V78/><F78/><W101/><G108/><T114/><D126/><N who="3" m="48169" /><G132/><T25/><D25/><BYE who="0" /><U51/><E37/><V110/><F110/><W94/><G74/><T18/><D18/><U63/><E122/><V109/><F109/><W42/><G70/><T46/><D46/><U90/><E133/><V99/><F48/><N who="3" m="26743" /><G8/><T20/><D20/><U32/><E75/><V73/><F73/><W86/><G10/><T3/><D3/><U2/><E77/><V104/><F89/><W131/><G131/><T105/><D105/><U115/><E2/><V119/><F57/><AGARI ba="1,1" hai="49,53,57,86,88,94,101,102" m="26743,48169" machi="57" ten="30,2000,0" yaku="18,1,54,1" doraHai="9" who="3" fromWho="2" sc="321,0,345,0,109,-23,215,33" /><INIT seed="5,0,0,3,2,67" ten="321,345,86,248" oya="1" hai0="76,85,89,102,38,108,34,110,1,26,22,97,0" hai1="10,106,69,35,111,82,36,29,71,128,84,77,113" hai2="94,60,59,100,81,48,123,131,45,30,37,107,52" hai3="40,88,92,118,115,17,64,135,99,105,54,51,16"/><U47/><E106/><V61/><F107/><W91/><G105/><T46/><D46/><U42/><E113/><V103/><F123/><W25/><G135/><T58/><D58/><U33/><E128/><V6/><F131/><W124/><G115/><T122/><D122/><U62/><E111/><V12/><F37/><W44/><G124/><T28/><D28/><U15/><E62/><V126/><F126/><W5/><G118/><T27/><D27/><U66/><E66/><V43/><F30/><W68/><G5/><T117/><D117/><U80/><E80/><V104/><F104/><W93/><G25/><T49/><D49/><U24/><REACH who="1" step="1"/><E35/><REACH who="1" ten="321,335,86,248" step="2"/><V9/><F81/><W109/><G109/><T129/><D129/><U41/><E41/><V78/><F78/><W53/><G64/><T20/><D20/><U70/><E70/><V73/><F73/><W120/><G68/><T32/><D32/><U119/><E119/><V133/><F133/><W14/><G120/><T4/><D4/><AGARI ba="0,1" hai="4,10,15,24,29,33,36,42,47,69,71,77,82,84" machi="4" ten="30,12000,1" yaku="1,1,7,1,52,2,53,1" doraHai="67" doraHaiUra="31" who="1" fromWho="0" sc="321,-120,335,130,86,0,248,0" /><INIT seed="5,1,0,0,3,135" ten="201,465,86,248" oya="1" hai0="97,89,32,12,50,131,65,0,114,117,76,79,29" hai1="57,27,55,81,112,52,72,43,113,92,23,93,41" hai2="30,119,90,74,95,87,102,11,20,40,62,100,44" hai3="85,69,49,26,6,105,54,16,67,38,91,35,98"/><U122/><E122/><V84/><F74/><W88/><G38/><T18/><D18/><N who="1" m="12791" /><E81/><V83/><F119/><W14/><G69/><T33/><D33/><U68/><E72/><V103/><F62/><W21/><G67/><T106/><D106/><U2/><E68/><V24/><F11/><N who="3" m="4471" /><G105/><T15/><D15/><U17/><E2/><V25/><F25/><W134/><G35/><T36/><D36/><U48/><E17/><V124/><F124/><W61/><G134/><T8/><D8/><U99/><E55/><V66/><F66/><W101/><G61/><T125/><D125/><U80/><E80/><V111/><F111/><W126/><G126/><T28/><D28/><U116/><E116/><V115/><F115/><N who="1" m="44105" /><E92/><V123/><F123/><W5/><G5/><T107/><D107/><U86/><E86/><V60/><F60/><W104/><G85/><T46/><D46/><U34/><E34/><V78/><REACH who="2" step="1"/><F103/><AGARI ba="1,0" hai="41,43,48,52,57,93,99,103" m="44105,12791" machi="103" ten="30,2900,0" yaku="15,1,54,1" doraHai="135" who="1" fromWho="2" sc="201,0,465,32,86,-32,248,0" /><INIT seed="5,2,0,4,3,87" ten="201,497,54,248" oya="1" hai0="8,60,63,20,28,81,12,71,105,64,70,25,117" hai1="37,88,90,7,26,66,108,121,89,40,73,54,126" hai2="99,97,111,116,106,0,124,115,48,101,10,77,58" hai3="92,78,69,75,47,67,31,17,118,2,112,132,91"/><U24/><E121/><V49/><F111/><W53/><G2/><T38/><D38/><U4/><E73/><V109/><F116/><W84/><G118/><T14/><D14/><U134/><E37/><V61/><F109/><W30/><G112/><T22/><D22/><U6/><E40/><V82/><F115/><W15/><G132/><T94/><D94/><U119/><E108/><V120/><F124/><W34/><G34/><T32/><D32/><U9/><E119/><V11/><F120/><W18/><G69/><T80/><D80/><U51/><E126/><V113/><F113/><W95/><G67/><T135/><D135/><U16/><E66/><V19/><F99/><W127/><G127/><T130/><D130/><U5/><E134/><V65/><F11/><W33/><G33/><T44/><D44/><N who="1" m="28007" /><E4/><V43/><F43/><W76/><G95/><T56/><D56/><U46/><E46/><V128/><F128/><W3/><G3/><T50/><D50/><U1/><E1/><V96/><F96/><W131/><G131/><T110/><D110/><U21/><E9/><V102/><F102/><W59/><G47/><T27/><D27/><AGARI ba="2,0" hai="5,6,7,16,21,24,26,27,88,89,90" m="28007" machi="27" ten="30,18000,2" yaku="8,1,52,3,54,2" doraHai="87" who="1" fromWho="0" sc="201,-186,497,186,54,0,248,0" /><INIT seed="5,3,0,5,5,100" ten="15,683,54,248" oya="1" hai0="62,50,17,8,84,123,131,63,46,21,71,61,49" hai1="82,2,45,91,47,98,133,59,114,64,25,119,24" hai2="73,76,56,13,126,72,134,118,66,105,57,81,94" hai3="53,103,111,29,34,18,97,55,127,15,27,69,95"/><U20/><E119/><V9/><F118/><W68/><G111/><T3/><D3/><U102/><E2/><V125/><F73/><W89/><G127/><N who="2" m="48649" /><F134/><W14/><G14/><T122/><D122/><U40/><E133/><V26/><F94/><W1/><G1/><T96/><D96/><U112/><E91/><V5/><F26/><W33/><G33/><T41/><D41/><U77/><E25/><V44/><F44/><W19/><G19/><T0/><D0/><U30/><E59/><N who="2" m="22603" /><F66/><W132/><G132/><T4/><D4/><U110/><E64/><V31/><F31/><W86/><G69/><T120/><D120/><U28/><E28/><V79/><F79/><W121/><G68/><T11/><D11/><U65/><E65/><V74/><F74/><W43/><G121/><T48/><D48/><U10/><E10/><V42/><F42/><W109/><G43/><T124/><D124/><U23/><E40/><V22/><F22/><W106/><G109/><T51/><D51/><U93/><E20/><AGARI ba="3,0" hai="15,18,20,27,29,34,53,55,86,89,95,97,103,106" machi="20" ten="30,2000,0" yaku="7,1,52,1" doraHai="100" who="3" fromWho="1" sc="15,0,683,-29,54,0,248,29" /><UN n0="%E3%81%BD%E3%82%8B%E3%81%A3%E3%81%8F%E3%81%99" /><INIT seed="6,0,0,5,3,131" ten="15,654,54,277" oya="2" hai0="132,67,19,121,14,70,37,24,72,27,79,110,117" hai1="113,47,26,49,58,3,53,6,103,34,84,4,39" hai2="20,81,33,122,76,108,29,134,114,71,9,96,87" hai3="94,0,85,74,38,82,54,32,28,46,17,45,63"/><V35/><F71/><W48/><G0/><T22/><D121/><U61/><E39/><V65/><F122/><W69/><G74/><T36/><D110/><U107/><E3/><V97/><F65/><W1/><G1/><T42/><D117/><U80/><E113/><V91/><F108/><W73/><G73/><T90/><D72/><U64/><E103/><V57/><F114/><W109/><G32/><T59/><D79/><U123/><E107/><V126/><F35/><W13/><G28/><T43/><D70/><U118/><E118/><V8/><F33/><W86/><G86/><T40/><D90/><U50/><E50/><V2/><F2/><W15/><G15/><T115/><D115/><U92/><E92/><V99/><F126/><W100/><G38/><T111/><D111/><U41/><E41/><V95/><F57/><W21/><G63/><T130/><D130/><U10/><E58/><V105/><F105/><W133/><G69/><T112/><D112/><U11/><E34/><V101/><F101/><W30/><G30/><T124/><D124/><U56/><E56/><V106/><F106/><W129/><G129/><T83/><D83/><U44/><E80/><V127/><F127/><W51/><G82/><T31/><D132/><U125/><E125/><V120/><F134/><W55/><G133/><T18/><D27/><U66/><E26/><N who="2" m="16583" /><F120/><W102/><G109/><T75/><D75/><U5/><E123/><V77/><F77/><W52/><G55/><T88/><D88/><AGARI ba="0,0" hai="13,17,21,45,46,48,51,52,54,85,88,94,100,102" machi="88" ten="40,8000,1" yaku="9,1,8,1,54,2" doraHai="131" who="3" fromWho="0" sc="15,-80,654,0,54,0,277,80" owari="-65,-57.0,654,76.0,54,-35.0,357,16.0" /></mjloggm>