<mjloggm ver="2.3"><GO type="225"/><UN n0="%EF%BC%88%E2%89%A7%E2%96%BD%E2%89%A6%EF%BC%89" n1="%E5%AE%88%E8%AD%B7%E9%AC%BC%E7%A5%9E" n2="%E3%83%9A%E3%83%81%E3%83%A7%E3%83%BC%E3%83%AA%E3%83%B3" n3="%E3%82%B7%E3%83%A9%E3%83%97" dan="16,16,17,16" rate="2036,2133,2157,2065" sx="M,M,M,M"/><TAIKYOKU oya="0"/><INIT seed="0,0,0,5,3,67" ten="250,250,250,250" oya="0" hai0="95,46,108,85,99,109,131,121,22,72,93,84,103" hai1="0,88,10,1,64,71,57,2,96,107,70,30,77" hai2="81,16,15,60,33,66,75,32,65,134,133,13,115" hai3="4,83,112,98,116,36,106,114,68,43,102,129,79"/><T128/><D121/><U130/><E77/><N who="2" m="44223" /><F115/><W21/><G116/><T69/><D69/><U20/><E130/><N who="0" m="49705" /><D46/><U91/><E10/><N who="2" m="6199" /><F15/><W12/><G129/><T76/><D22/><U104/><E64/><N who="2" m="24683" /><F60/><W27/><G68/><N who="1" m="26154" /><E57/><V78/><F78/><W25/><G43/><T59/><D59/><U86/><E86/><N who="0" m="33385" /><D95/><U89/><E96/><V34/><F34/><W26/><G36/><T100/><D100/><U14/><E14/><V17/><F17/><W19/><REACH who="3" step="1"/><G4/><REACH who="3" ten="250,250,250,240" step="2"/><T55/><D55/><U127/><E127/><V123/><F123/><W90/><G90/><T18/><D76/><U9/><E91/><V61/><F33/><W49/><G49/><T125/><D125/><U124/><E88/><V56/><F32/><W41/><G41/><T3/><D103/><U5/><E89/><V117/><F117/><W7/><G7/><T110/><D110/><U120/><E124/><V94/><F61/><W87/><AGARI ba="0,1" hai="12,19,21,25,26,27,79,83,87,98,102,106,112,114" machi="87" ten="30,4000,0" yaku="1,1,0,1,53,1" doraHai="67" doraHaiUra="80" who="3" fromWho="3" sc="250,-20,250,-10,250,-10,240,50" /><INIT seed="1,0,0,0,0,31" ten="230,240,240,290" oya="1" hai0="12,130,65,112,86,46,24,63,42,107,53,84,19" hai1="97,10,95,135,87,20,105,70,77,74,122,32,92" hai2="1,131,80,127,41,116,71,44,36,118,15,13,52" hai3="47,72,66,114,48,50,94,2,26,5,96,55,14"/><U39/><E70/><V4/><F71/><W82/><G114/><T98/><D112/><U60/><E39/><V90/><F1/><W104/><G66/><T113/><D113/><U0/><E122/><V83/><F127/><W120/><G120/><T109/><D107/><U128/><E60/><V51/><F131/><W75/><G104/><T11/><D98/><U121/><E121/><V126/><F126/><W129/><G2/><T101/><D101/><N who="1" m="62639" /><E20/><V133/><F133/><W57/><G129/><T21/><D53/><U73/><E128/><V106/><F106/><W7/><G82/><T89/><D89/><N who="1" m="53311" /><E32/><V93/><F15/><W16/><G26/><T79/><D130/><U99/><E10/><V22/><F4/><W102/><G75/><N who="1" m="28682" /><E0/><V45/><F22/><N who="3" m="11543" /><G72/><T43/><D24/><U78/><E135/><V103/><F13/><W9/><G9/><T81/><D11/><U119/><E119/><V62/><F62/><W115/><G115/><T58/><D21/><U17/><E17/><V117/><F118/><W25/><G25/><T8/><D19/><U108/><E108/><V85/><F117/><W110/><G5/><N who="0" m="3087" /><D109/><U59/><E59/><V123/><F116/><W91/><G7/><T18/><D18/><U3/><E3/><V40/><F123/><W134/><G134/><T64/><D64/><U69/><E69/><V6/><F6/><W111/><G111/><T124/><D46/><U56/><E56/><V125/><F125/><W29/><G29/><T37/><D124/><U35/><E35/><V54/><F44/><W33/><G110/><T88/><D37/><RYUUKYOKU ba="0,0" sc="230,15,240,15,240,-15,290,-15" hai0="42,43,58,63,65,79,81,84,86,88" hai1="77,78,95,99" /><INIT seed="1,1,0,0,3,95" ten="245,255,225,275" oya="1" hai0="25,63,121,21,122,101,123,59,73,99,82,58,23" hai1="27,92,67,100,118,75,17,76,26,20,35,81,74" hai2="24,72,84,77,119,47,124,135,62,108,97,133,116" hai3="70,7,53,13,114,68,41,36,49,78,19,14,130"/><U39/><E39/><V86/><F47/><W45/><G114/><T40/><D40/><U46/><E118/><N who="2" m="45099" /><F62/><W31/><G130/><T93/><D25/><U103/><E75/><V55/><F55/><W2/><G31/><T30/><D30/><U48/><E67/><V79/><F24/><W128/><G128/><T1/><D1/><U110/><E110/><V69/><F69/><W65/><G78/><N who="2" m="29705" /><F72/><W10/><G65/><N who="0" m="39159" /><D59/><U111/><E111/><V131/><F108/><W106/><G2/><T8/><D8/><U43/><REACH who="1" step="1"/><E92/><REACH who="1" ten="245,245,225,275" step="2"/><V125/><F131/><W112/><G112/><T33/><D73/><U0/><E0/><V117/><F117/><W16/><G36/><T3/><D121/><U32/><E32/><V87/><F97/><W15/><G70/><T107/><D99/><U28/><AGARI ba="1,1" hai="17,20,26,27,28,35,43,46,48,74,76,81,100,103" machi="28" ten="30,3000,0" yaku="1,1,0,1,53,0" doraHai="95" doraHaiUra="88" who="1" fromWho="1" sc="245,-11,245,43,225,-11,275,-11" /><INIT seed="1,2,0,0,2,91" ten="234,288,214,264" oya="1" hai0="8,106,87,63,116,120,11,121,86,40,124,89,47" hai1="28,111,70,103,32,80,56,96,119,20,2,9,132" hai2="68,30,16,38,126,123,29,88,72,39,15,42,23" hai3="104,52,69,81,55,36,35,128,54,94,49,25,92"/><U90/><E70/><V130/><F123/><N who="0" m="47178" /><D116/><U109/><E119/><V131/><F72/><W51/><G36/><N who="2" m="13865" /><F42/><W33/><G104/><T14/><D106/><U85/><E32/><N who="3" m="12362" /><G25/><T31/><D31/><U93/><E132/><V57/><F68/><W117/><G69/><T108/><D63/><U105/><E56/><V50/><F126/><W133/><G117/><T95/><D124/><U60/><E60/><V37/><N who="2" m="13873" /><V46/><DORA hai="134" /><F57/><W127/><G127/><T27/><D108/><N who="1" m="41547" /><E28/><V77/><F77/><W82/><G128/><N who="2" m="49193" /><F50/><N who="3" m="18955" /><G133/><T3/><D40/><U113/><E20/><V12/><F46/><W13/><G13/><N who="2" m="5193" /><F88/><W115/><G115/><T74/><D89/><U26/><E113/><V78/><F78/><W102/><G102/><T107/><D14/><AGARI ba="2,0" hai="14,16,23,29,30" m="5193,49193,13873" machi="14" ten="50,3200,0" yaku="19,1,54,1" doraHai="91,134" who="2" fromWho="0" sc="234,-38,288,0,214,38,264,0" /><INIT seed="2,0,0,4,2,40" ten="196,288,252,264" oya="2" hai0="70,19,6,91,1,99,68,111,107,118,135,113,95" hai1="17,100,64,63,46,132,101,134,62,32,12,14,8" hai2="39,44,127,92,80,86,30,130,36,108,56,88,76" hai3="105,85,115,106,27,53,26,43,82,122,104,22,54"/><V89/><F127/><W93/><G122/><T83/><D113/><U114/><E32/><V59/><F130/><W16/><G115/><T124/><D124/><U71/><E114/><V72/><F30/><W2/><G2/><T117/><D111/><U78/><E78/><V33/><F33/><W133/><G133/><N who="1" m="51306" /><E63/><V15/><F108/><W125/><G125/><T23/><D135/><U5/><E46/><V37/><F15/><W121/><G121/><T110/><D110/><U38/><E38/><V20/><F20/><AGARI ba="0,0" hai="5,8,12,14,17,20,62,64,71,100,101" m="51306" machi="20" ten="30,1000,0" yaku="20,1" doraHai="40" who="1" fromWho="2" sc="196,0,288,10,252,-10,264,0" /><INIT seed="3,0,0,0,1,126" ten="196,298,242,264" oya="3" hai0="6,85,41,109,124,101,57,108,95,104,5,24,39" hai1="65,125,46,0,44,89,135,9,30,128,13,119,59" hai2="91,110,63,98,29,112,131,34,94,121,84,113,14" hai3="81,26,16,77,12,93,117,28,103,67,122,1,40"/><W87/><G117/><T64/><D124/><U106/><E106/><V36/><F36/><W97/><G1/><T123/><D104/><U70/><E70/><V32/><F110/><N who="0" m="42602" /><D123/><U99/><E0/><V79/><F121/><W33/><G122/><T129/><D129/><U68/><E68/><V118/><F118/><W62/><G40/><T58/><D24/><U18/><E128/><V52/><F131/><W127/><G127/><T120/><D120/><U55/><E65/><V48/><F63/><W80/><G80/><T17/><D17/><U105/><E135/><V27/><F14/><W76/><G76/><T21/><D21/><U35/><E125/><V90/><F79/><W22/><G67/><T75/><D75/><U51/><E119/><V61/><F61/><W10/><REACH who="3" step="1"/><G62/><REACH who="3" ten="196,298,242,254" step="2"/><N who="0" m="37967" /><D58/><U45/><E59/><V130/><F130/><W49/><G49/><T53/><D53/><U42/><E55/><V31/><F48/><W37/><G37/><T73/><D73/><U100/><E51/><V19/><F52/><W60/><G60/><T132/><D132/><U23/><E42/><V69/><F69/><W25/><G25/><T133/><D133/><U2/><E46/><V56/><F56/><W102/><G102/><T82/><D41/><U43/><E43/><V8/><F27/><W47/><G47/><T7/><D39/><U3/><E3/><V134/><F134/><W115/><G115/><T54/><D54/><U72/><E44/><V66/><F66/><W86/><G86/><T111/><N who="0" m="42610" /><T114/><DORA hai="74" /><D114/><U38/><E38/><V96/><F113/><RYUUKYOKU ba="0,1" sc="196,-10,298,-10,242,-10,254,30" hai3="10,12,16,22,26,28,33,77,81,87,93,97,103" /><INIT seed="3,1,1,0,0,67" ten="186,288,232,284" oya="3" hai0="86,78,73,109,76,126,106,81,91,63,102,42,87" hai1="100,24,92,53,45,95,108,127,32,54,105,30,59" hai2="113,39,48,8,15,93,121,2,16,119,60,1,26" hai3="5,88,65,52,46,115,130,99,57,25,36,50,38"/><W72/><G115/><T3/><D3/><U55/><E127/><V90/><F39/><W68/><G72/><T98/><D42/><U40/><E108/><V51/><F113/><W118/><G118/><T21/><D126/><U7/><E7/><V79/><F119/><W35/><G5/><T6/><D6/><U11/><E11/><V104/><F104/><W41/><G38/><T47/><D47/><U43/><E59/><V23/><F79/><W17/><G130/><T62/><D109/><U84/><E43/><V77/><F77/><W124/><G124/><T58/><D21/><U19/><E19/><N who="2" m="8679" /><F1/><W64/><G68/><T69/><D69/><U111/><E111/><V132/><F2/><W133/><G133/><T123/><D123/><U116/><E116/><V28/><F132/><W134/><G134/><T129/><D129/><U44/><E44/><V61/><F28/><W125/><G125/><T66/><D63/><N who="2" m="24138" /><F121/><W85/><G99/><AGARI ba="1,1" hai="16,23,26,48,51,90,93,99" m="24138,8679" machi="99" ten="30,2000,0" yaku="8,1,54,1" doraHai="67" who="2" fromWho="3" sc="186,0,288,0,232,33,284,-23" /><INIT seed="4,0,0,4,4,114" ten="186,288,265,261" oya="0" hai0="64,1,94,24,17,71,49,101,37,54,9,48,99" hai1="105,91,115,80,120,125,32,84,72,43,86,107,2" hai2="23,129,127,57,4,133,8,31,26,6,42,40,96" hai3="106,93,78,10,5,113,30,36,38,122,79,74,35"/><T130/><D130/><U70/><E2/><V33/><F129/><W7/><G106/><T73/><D73/><U75/><E32/><V83/><F133/><W82/><G113/><T29/><D37/><U27/><E70/><V76/><F127/><W47/><G79/><T15/><D1/><U132/><E43/><V124/><F124/><W58/><G122/><T67/><D71/><U28/><E125/><V90/><F33/><W68/><G68/><T85/><D85/><U62/><E120/><V134/><F134/><W117/><G117/><T69/><D69/><U0/><E0/><V112/><F112/><W51/><G30/><T3/><D3/><U131/><E132/><V20/><F20/><W126/><G35/><T65/><REACH who="0" step="1"/><D54/><REACH who="0" ten="176,288,265,261" step="2"/><U135/><E131/><V45/><F40/><W118/><G126/><T128/><D128/><U46/><E115/><V53/><F42/><W81/><G38/><T14/><D14/><U18/><E135/><V102/><F53/><W21/><G36/><T59/><D59/><U44/><E75/><V66/><F57/><W52/><G58/><T104/><D104/><U61/><E86/><V87/><F87/><W119/><G74/><T55/><D55/><U50/><E72/><V13/><F13/><W89/><G52/><T95/><D95/><U34/><E107/><V39/><F39/><W111/><G93/><T100/><D100/><U103/><E103/><V121/><F102/><W123/><G123/><T92/><D92/><U108/><E105/><V22/><F121/><W116/><G116/><T77/><D77/><U88/><E84/><RYUUKYOKU ba="0,1" sc="176,30,288,-10,265,-10,261,-10" hai0="9,15,17,24,29,48,49,64,65,67,94,99,101" /><INIT seed="4,1,1,3,0,42" ten="206,278,255,251" oya="0" hai0="89,131,18,111,102,4,50,48,116,77,46,32,63" hai1="68,5,107,62,119,81,53,8,43,51,33,71,67" hai2="123,121,73,25,130,37,91,76,30,88,47,133,86" hai3="82,87,59,23,72,101,64,118,117,21,1,28,6"/><T78/><D116/><U36/><E33/><V40/><F130/><W115/><G72/><T106/><D32/><U127/><E107/><V100/><F100/><W11/><G115/><T61/><D131/><U29/><E29/><V39/><F39/><W13/><G101/><T38/><D111/><U98/><E119/><V7/><F7/><W128/><G128/><T27/><D38/><U135/><E98/><V110/><F110/><W80/><G80/><T129/><D129/><U20/><E20/><V17/><F17/><W34/><G23/><N who="0" m="13815" /><D106/><U52/><E81/><V104/><F104/><W24/><G64/><T125/><D125/><U44/><E127/><V26/><F73/><W75/><G75/><T93/><D4/><U99/><E99/><V92/><F76/><N who="0" m="29290" /><D102/><U45/><E135/><V31/><F133/><W14/><G59/><T84/><D50/><N who="1" m="28743" /><E8/><V3/><F3/><W60/><G60/><T22/><D22/><U112/><E5/><V70/><F70/><W85/><G1/><T54/><AGARI ba="1,1" hai="46,48,54,61,63,84,89,93" m="29290,13815" machi="54" ten="30,3000,0" yaku="8,1,52,1" doraHai="42" who="0" fromWho="0" sc="206,43,278,-11,255,-11,251,-11" /><INIT seed="4,2,0,0,3,45" ten="249,267,244,240" oya="0" hai0="78,35,67,111,99,39,44,53,16,94,70,130,48" hai1="51,124,101,4,93,42,52,1,60,116,72,38,134" hai2="28,8,50,90,69,110,5,87,85,82,88,71,107" hai3="92,81,54,56,2,66,22,57,23,106,133,18,123"/><T127/><D35/><U21/><E72/><V13/><F110/><W126/><G106/><T3/><D3/><U76/><E76/><V128/><F107/><W89/><G2/><T26/><D111/><U9/><E116/><V98/><F128/><W49/><G123/><T75/><D39/><U11/><E134/><V95/><F28/><W74/><G133/><T115/><D130/><U6/><E124/><V37/><F37/><W131/><G131/><T120/><D120/><U24/><E38/><V41/><F41/><W20/><G126/><T100/><D127/><U15/><E42/><V118/><F118/><W36/><G36/><T61/><D115/><U105/><E60/><V103/><REACH who="2" step="1"/><F50/><REACH who="2" ten="249,267,234,240" step="2"/><W119/><G119/><T46/><D75/><U43/><E43/><V17/><F17/><W122/><G122/><T34/><D78/><U104/><E104/><V68/><F68/><W31/><G31/><T108/><D108/><U121/><E105/><V125/><F125/><W97/><G74/><T80/><D16/><N who="1" m="12327" /><E121/><V83/><AGARI ba="2,1" hai="5,8,13,69,71,82,83,85,87,88,90,95,98,103" machi="83" ten="20,8000,1" yaku="1,1,0,1,7,1,9,1,54,1,53,0" doraHai="45" doraHaiUra="47" who="2" fromWho="2" sc="249,-42,267,-22,234,96,240,-22" owari="207,-29.0,245,5.0,330,42.0,218,-18.0" /></mjloggm>