<mjloggm ver="2.3"><GO type="169"/><UN n0="%E8%B6%85%E4%BA%BA%EF%BC%AD" n1="%E3%83%81%E3%83%A3%E3%82%AA%E3%83%AA" n2="%E3%81%84%E3%81%A1%E3%81%94%E3%83%9D%E3%83%83%E3%82%AD%E3%83%BC" n3="%EF%BC%88%E2%89%A7%E2%96%BD%E2%89%A6%EF%BC%89" dan="17,16,16,18" rate="2113,2121,2093,2204" sx="M,M,F,M"/><TAIKYOKU oya="0"/><INIT seed="0,0,0,0,1,126" ten="250,250,250,250" oya="0" hai0="35,107,7,97,53,121,28,127,11,5,27,4,95" hai1="52,80,110,50,44,111,26,39,22,113,14,135,56" hai2="67,30,96,37,70,41,73,0,16,24,8,92,103" hai3="88,115,116,68,122,78,54,100,133,12,91,13,89"/><T20/><D107/><U98/><E135/><V87/><F73/><W47/><G115/><T131/><D121/><U83/><E14/><V120/><F120/><W81/><G68/><T134/><D127/><U74/><E98/><V33/><F41/><W36/><G116/><T15/><D134/><U49/><E39/><V93/><F37/><W6/><G133/><T99/><D99/><U29/><E113/><V71/><F67/><W105/><G122/><T130/><D53/><U72/><E72/><V48/><F48/><W55/><G105/><T125/><D125/><U1/><E1/><V104/><F0/><W86/><G100/><T64/><D64/><U69/><E69/><V10/><F10/><W40/><REACH who="3" step="1"/><G13/><REACH who="3" ten="250,250,250,240" step="2"/><T65/><D65/><U61/><E50/><V101/><F101/><W118/><G118/><T9/><D35/><U38/><E38/><V34/><F70/><W112/><G112/><T128/><D15/><U114/><E114/><V19/><F71/><W123/><G123/><T79/><D79/><U119/><E119/><V62/><F34/><W58/><G58/><T63/><D63/><U106/><E106/><V31/><F62/><W109/><G109/><T42/><D42/><U94/><E111/><V108/><F108/><W46/><G46/><T17/><D28/><U60/><E110/><V3/><F31/><W57/><G57/><T45/><REACH who="0" step="1"/><D45/><REACH who="0" ten="240,250,250,240" step="2"/><N who="1" m="27695" /><E61/><V23/><F104/><W85/><G85/><T51/><D51/><U32/><E60/><V21/><F33/><W84/><G84/><T18/><D18/><U102/><E44/><V77/><F19/><RYUUKYOKU ba="0,2" sc="240,15,250,-15,250,-15,240,15" hai0="4,5,7,9,11,17,20,27,95,97,128,130,131" hai3="6,12,36,40,47,54,55,78,81,86,88,89,91" /><INIT seed="0,1,2,1,2,41" ten="255,235,235,255" oya="0" hai0="129,100,50,78,58,108,73,23,45,126,84,77,93" hai1="27,80,0,130,83,97,64,134,120,14,52,13,15" hai2="88,91,94,105,87,122,25,31,90,17,40,131,59" hai3="63,57,119,117,79,71,5,89,38,43,103,32,132"/><T114/><D114/><U8/><E64/><V133/><F122/><W102/><G32/><T2/><D2/><U28/><E120/><V10/><F133/><W124/><G71/><T107/><D73/><U54/><E134/><V19/><F131/><W96/><G132/><T68/><D68/><U115/><E130/><V21/><F105/><W47/><G124/><T116/><D107/><U37/><E37/><V70/><F70/><W11/><G89/><N who="2" m="34409" /><F10/><W95/><G79/><N who="0" m="30219" /><D116/><U16/><E97/><V118/><F118/><W104/><G95/><T74/><D74/><U55/><E115/><V123/><F123/><W30/><G30/><T20/><D129/><U66/><E66/><V62/><F40/><W44/><G103/><T48/><D126/><U112/><E112/><V35/><F35/><W99/><G99/><N who="0" m="59503" /><D84/><U60/><E0/><V18/><F31/><W56/><G56/><T135/><D108/><U101/><E101/><V86/><F87/><W81/><G81/><N who="1" m="31306" /><E28/><V72/><F72/><W1/><REACH who="3" step="1"/><G47/><REACH who="3" ten="255,235,235,245" step="2"/><T7/><D135/><U53/><E27/><V42/><F59/><AGARI ba="1,3" hai="8,13,14,15,16,52,53,54,55,59,60" m="31306" machi="59" ten="30,3900,0" yaku="8,1,54,2" doraHai="41" who="1" fromWho="2" sc="255,0,235,72,235,-42,245,0" /><INIT seed="1,0,0,4,2,30" ten="255,307,193,245" oya="1" hai0="77,10,7,135,16,22,64,124,9,54,2,121,79" hai1="26,98,89,28,40,14,34,122,112,4,13,23,55" hai2="33,11,68,31,39,60,115,45,74,47,69,73,86" hai3="82,58,90,87,37,76,97,132,5,41,63,102,94"/><U51/><E112/><V120/><F120/><W8/><G132/><T84/><D135/><U129/><E129/><V126/><F115/><W106/><G37/><T6/><D121/><U127/><E127/><V119/><F119/><W81/><G41/><T66/><D124/><U53/><E34/><V104/><F126/><W50/><G50/><T62/><D54/><N who="1" m="20491" /><E4/><V93/><F11/><W95/><G106/><T130/><D130/><U88/><E122/><V114/><F114/><W134/><G134/><T117/><D117/><U3/><E3/><V59/><F104/><W42/><G42/><T99/><D99/><U36/><E36/><V109/><F109/><W32/><G32/><T80/><D79/><U0/><E0/><V44/><F39/><W12/><REACH who="3" step="1"/><G76/><REACH who="3" ten="255,307,193,235" step="2"/><T61/><D61/><U113/><E113/><V70/><F33/><W101/><G101/><T65/><D62/><U19/><E89/><V105/><F105/><W46/><G46/><T29/><D2/><U108/><E108/><V75/><F47/><W15/><G15/><N who="0" m="7287" /><D9/><U92/><E14/><V72/><F45/><W83/><G83/><T1/><D1/><U107/><E107/><V111/><F44/><W38/><G38/><T128/><D128/><U67/><E40/><V91/><F111/><W52/><AGARI ba="0,1" hai="5,8,12,52,58,63,81,82,87,90,94,95,97,102" machi="52" ten="20,12000,2" yaku="1,1,0,1,7,1,8,1,54,1,53,1" doraHai="30" doraHaiUra="85" who="3" fromWho="3" sc="255,-30,307,-60,193,-30,235,130" /><INIT seed="2,0,0,0,2,20" ten="225,247,163,365" oya="2" hai0="29,79,36,27,37,41,113,93,28,114,121,10,99" hai1="125,109,73,131,119,31,134,122,74,116,72,94,124" hai2="47,81,70,12,52,15,80,26,104,108,111,44,48" hai3="39,100,82,90,77,91,33,3,96,128,14,127,1"/><V118/><F118/><N who="1" m="45097" /><E31/><V4/><F104/><W133/><G33/><T34/><D121/><U6/><E6/><V132/><F132/><W88/><G133/><T112/><D41/><U56/><E56/><V22/><F70/><W120/><G39/><T71/><D71/><U67/><E67/><V17/><F44/><W38/><G38/><T40/><D40/><U89/><E134/><V0/><F0/><W84/><G120/><T130/><D130/><U83/><E122/><V30/><F4/><W55/><G128/><T50/><D29/><U135/><E135/><V123/><F123/><W87/><G87/><T115/><N who="0" m="28672" /><DORA hai="85" /><T43/><D10/><U25/><E25/><V69/><F69/><W65/><G65/><T68/><D79/><N who="1" m="44519" /><E109/><N who="2" m="42059" /><F12/><W19/><G55/><T13/><D13/><U57/><E57/><V46/><F46/><W110/><G110/><T8/><D8/><AGARI ba="0,0" hai="8,15,17,22,26,30,47,48,52,80,81" m="42059" machi="8" ten="30,11600,0" yaku="14,1,10,1,52,1,54,1" doraHai="20,85" who="2" fromWho="0" sc="225,-116,247,0,163,116,365,0" /><INIT seed="2,1,0,1,2,113" ten="109,247,279,365" oya="2" hai0="99,11,49,51,30,73,106,84,18,72,60,78,7" hai1="57,52,28,12,58,133,1,67,66,56,89,63,94" hai2="126,118,22,9,119,117,124,16,104,21,39,45,129" hai3="14,121,61,27,6,93,96,24,114,3,54,76,20"/><V97/><F129/><W77/><G121/><T4/><D30/><U111/><E1/><V109/><F109/><W95/><G3/><T65/><D18/><U112/><E112/><V90/><F39/><W102/><G95/><T23/><D23/><U88/><E133/><V79/><F79/><W71/><G114/><T42/><D84/><U100/><E28/><V123/><F123/><W0/><G0/><T105/><D78/><U43/><E43/><V82/><F45/><W135/><G135/><T86/><D86/><U17/><E111/><V13/><F82/><W87/><G87/><T15/><D7/><U47/><E47/><V53/><F53/><W116/><G6/><T83/><D83/><U110/><E110/><V80/><F80/><W46/><G71/><T68/><D42/><U127/><E127/><N who="2" m="48683" /><F90/><N who="1" m="34921" /><E67/><V70/><F70/><W55/><G76/><T120/><D120/><U25/><E66/><V64/><F64/><W74/><G77/><T41/><D41/><U122/><E122/><V50/><F50/><W37/><G74/><T130/><D130/><U125/><E125/><V85/><F85/><W69/><G96/><T34/><D34/><U108/><E108/><V75/><F75/><W10/><G102/><AGARI ba="1,0" hai="9,13,16,21,22,97,102,104,117,118,119" m="48683" machi="102" ten="40,12000,1" yaku="18,1,52,3,54,1" doraHai="113" who="2" fromWho="3" sc="109,0,247,0,279,123,365,-123" /><INIT seed="2,2,0,1,3,14" ten="109,247,402,242" oya="2" hai0="102,80,75,87,94,1,52,9,53,95,4,32,103" hai1="29,127,0,106,105,101,114,134,25,124,18,22,16" hai2="68,133,97,15,77,64,65,123,79,131,45,43,20" hai3="10,78,70,82,37,56,83,39,108,59,110,33,2"/><V30/><F123/><W11/><G70/><T44/><D32/><U57/><E0/><V28/><F133/><W54/><G33/><T93/><D75/><U5/><E5/><V40/><F131/><W23/><G23/><T7/><D7/><U62/><E114/><V63/><F65/><W113/><G2/><T42/><D103/><U46/><E46/><V8/><F97/><W13/><G78/><T67/><D67/><N who="1" m="39375" /><E134/><V66/><F66/><W125/><G54/><T12/><D102/><U120/><E120/><V26/><F30/><W130/><G13/><T111/><D111/><U74/><E74/><V55/><F55/><W135/><G135/><T112/><D1/><U19/><E101/><V50/><REACH who="2" step="1"/><F43/><REACH who="2" ten="109,247,392,242" step="2"/><W89/><G130/><T92/><N who="0" m="23552" /><DORA hai="31" /><T3/><D3/><U69/><E69/><V71/><F71/><W126/><G113/><T47/><D112/><U107/><E29/><V121/><F121/><W109/><G109/><T100/><D100/><U98/><E98/><V115/><F115/><W86/><G110/><T88/><REACH who="0" step="1"/><D47/><REACH who="0" ten="99,247,392,242" step="2"/><U27/><E105/><V73/><F73/><W91/><G108/><T36/><AGARI ba="2,2" hai="4,9,12,36,42,44,52,53,80,87,88" m="23552" machi="36" ten="40,12000,2" yaku="1,1,2,1,0,1,54,2,53,1" doraHai="14,31" doraHaiUra="61,84" who="0" fromWho="0" sc="99,146,247,-32,392,-62,242,-32" /><INIT seed="3,0,0,3,5,24" ten="245,215,330,210" oya="3" hai0="57,3,62,89,113,120,102,85,31,131,118,50,81" hai1="125,36,84,121,8,92,96,51,56,27,55,7,122" hai2="70,40,119,52,75,90,12,21,117,42,59,23,60" hai3="30,86,67,134,53,41,15,77,11,93,109,69,123"/><W108/><G123/><T38/><D38/><U22/><E36/><V130/><F75/><W101/><G134/><T83/><D120/><U133/><E84/><V129/><F90/><W29/><G41/><N who="2" m="15977" /><F12/><W100/><G53/><T91/><D3/><U1/><E125/><V26/><F70/><W74/><G74/><T54/><D118/><N who="2" m="45066" /><F26/><W32/><G67/><N who="0" m="39375" /><D102/><N who="3" m="39529" /><G69/><T2/><D2/><U39/><E39/><V128/><AGARI ba="0,0" hai="21,23,52,59,60,128,129,130" m="45066,15977" machi="128" ten="40,2700,0" yaku="19,1,54,1" doraHai="24" who="2" fromWho="2" sc="245,-7,215,-7,330,27,210,-13" /><INIT seed="4,0,0,0,4,124" ten="238,208,357,197" oya="0" hai0="14,63,98,45,89,133,43,87,109,36,37,70,13" hai1="82,106,83,118,114,71,76,72,65,126,58,127,34" hai2="131,12,113,69,101,2,53,55,108,8,30,81,103" hai3="39,1,46,40,117,121,5,56,33,54,27,67,49"/><T99/><D37/><U24/><E58/><V79/><F108/><W123/><G117/><T6/><D109/><U25/><E118/><V28/><F69/><W51/><G1/><T129/><D133/><U93/><E93/><V88/><F2/><W31/><G5/><T102/><D129/><U3/><E25/><V60/><F131/><W125/><G125/><N who="1" m="47626" /><E83/><V134/><F134/><W85/><G85/><T90/><D6/><U135/><E3/><V4/><F113/><W11/><G11/><T59/><D70/><U19/><E106/><V20/><F88/><W32/><G32/><T64/><D90/><U94/><E94/><V29/><F20/><W115/><G115/><T50/><D36/><U97/><E97/><N who="0" m="36873" /><D102/><N who="2" m="38922" /><F60/><W77/><G77/><T42/><D42/><U41/><E41/><V111/><F111/><W38/><REACH who="3" step="1"/><G67/><REACH who="3" ten="238,208,357,187" step="2"/><T78/><D78/><U86/><E114/><V22/><F22/><W128/><G128/><T17/><D17/><U61/><E135/><V26/><F79/><W9/><G9/><T110/><D110/><U95/><E19/><V73/><F8/><W62/><G62/><T130/><D130/><U74/><E34/><V52/><F4/><W119/><G119/><T18/><D18/><U112/><E112/><V105/><F30/><W120/><AGARI ba="0,1" hai="27,31,33,38,39,40,46,49,51,54,56,120,121,123" machi="120" ten="30,8000,1" yaku="1,1,0,1,13,1,53,2" doraHai="124" doraHaiUra="44" who="3" fromWho="3" sc="238,-40,208,-20,357,-20,187,90" /><INIT seed="5,0,0,0,2,2" ten="198,188,337,277" oya="1" hai0="29,23,120,57,97,15,76,100,55,107,66,18,0" hai1="131,126,116,85,105,79,73,94,33,130,24,8,20" hai2="62,21,84,64,61,89,38,65,127,30,67,90,93" hai3="31,10,114,11,110,17,96,125,48,108,124,122,132"/><U78/><E73/><V59/><F127/><N who="3" m="48715" /><G122/><T16/><D120/><U81/><E105/><V47/><F38/><W44/><G31/><T80/><D0/><U7/><E33/><V111/><F111/><W82/><G132/><T68/><D68/><U121/><E116/><V134/><F134/><W19/><G114/><T91/><D66/><U123/><E78/><V71/><F47/><W37/><G37/><T75/><D91/><U50/><E50/><V3/><F3/><W99/><G82/><T9/><D29/><N who="1" m="17543" /><E94/><N who="2" m="54567" /><F71/><W109/><G11/><T5/><REACH who="0" step="1"/><D23/><REACH who="0" ten="188,188,337,277" step="2"/><U133/><E126/><V88/><F90/><W54/><G110/><T56/><D56/><U34/><E133/><V128/><F59/><W87/><G109/><T74/><D74/><U12/><E34/><V129/><F67/><W106/><G108/><T63/><AGARI ba="0,1" hai="5,9,15,16,18,55,57,63,75,76,80,97,100,107" machi="63" ten="20,12000,2" yaku="1,1,0,1,7,1,52,1,54,1,53,1" doraHai="2" doraHaiUra="102" who="0" fromWho="0" sc="188,130,188,-60,337,-30,277,-30" /><INIT seed="6,0,0,1,2,7" ten="318,128,307,247" oya="2" hai0="93,62,30,43,65,59,122,67,21,45,54,26,85" hai1="8,121,84,22,56,32,72,91,34,9,87,49,118" hai2="31,27,55,73,126,109,97,38,132,102,35,28,23" hai3="39,134,18,16,110,10,46,103,61,52,15,105,96"/><V94/><F126/><W29/><G110/><T133/><D122/><U114/><E72/><V69/><F132/><W44/><G134/><T47/><D133/><U40/><E118/><V14/><F109/><W124/><G124/><T86/><D47/><U83/><E121/><V129/><F129/><W19/><G29/><T58/><D93/><U106/><E106/><V79/><F38/><W64/><G39/><T101/><D101/><U60/><E32/><V63/><F79/><W80/><G80/><T108/><D108/><U76/><E34/><V100/><F73/><W131/><G131/><T95/><D95/><U24/><E114/><V4/><F102/><W88/><G88/><T98/><D98/><U70/><E70/><V77/><F77/><W53/><G46/><T51/><REACH who="0" step="1"/><D67/><REACH who="0" ten="308,128,307,247" step="2"/><U81/><E49/><AGARI ba="0,1" hai="21,26,30,43,45,49,51,54,58,59,62,65,85,86" machi="49" ten="30,7700,0" yaku="1,1,2,1,7,1,8,1,53,0" doraHai="7" doraHaiUra="128" who="0" fromWho="1" sc="308,87,128,-77,307,0,247,0" /><INIT seed="7,0,0,3,4,94" ten="395,51,307,247" oya="3" hai0="89,71,120,83,124,26,96,90,105,54,9,97,10" hai1="128,104,3,98,64,79,130,35,65,125,134,101,86" hai2="51,34,78,133,23,41,17,31,85,28,19,14,11" hai3="53,38,39,36,58,15,99,8,33,60,61,13,115"/><W80/><G115/><T119/><D71/><U59/><E35/><V108/><F108/><W66/><G33/><T103/><D120/><U37/><E37/><V25/><F133/><W55/><G80/><T73/><D119/><U62/><E3/><V126/><F126/><W24/><G24/><T77/><D124/><U27/><E27/><N who="2" m="18815" /><F85/><W20/><G20/><T1/><D26/><U5/><E5/><N who="2" m="3439" /><F51/><W21/><G21/><T95/><D1/><U123/><E123/><V46/><F46/><W48/><G8/><T30/><D30/><U93/><E59/><V50/><F50/><W6/><G6/><T109/><D109/><U43/><E43/><V67/><F67/><W12/><G66/><T91/><REACH who="0" step="1"/><D54/><REACH who="0" ten="385,51,307,247" step="2"/><U75/><E64/><V72/><F41/><W84/><G84/><T0/><D0/><U68/><E68/><V42/><F42/><W49/><REACH who="3" step="1"/><G99/><REACH who="3" ten="385,51,307,237" step="2"/><T106/><D106/><U131/><E65/><V4/><F72/><W121/><G121/><T114/><D114/><U81/><E62/><V40/><F4/><W76/><G76/><T127/><D127/><U63/><E63/><V52/><F25/><W44/><AGARI ba="0,2" hai="12,13,15,36,38,39,44,48,49,53,55,58,60,61" machi="44" ten="40,3900,0" yaku="1,1,0,1,53,0" doraHai="94" doraHaiUra="132" who="3" fromWho="3" sc="385,-13,51,-13,307,-13,237,59" /><INIT seed="7,1,0,5,2,10" ten="372,38,294,296" oya="3" hai0="135,27,103,36,121,117,87,100,41,68,82,25,104" hai1="98,4,91,78,128,120,12,79,127,52,3,44,97" hai2="28,63,48,57,112,105,24,5,99,90,134,2,6" hai3="75,47,119,49,17,50,102,77,73,11,115,126,8"/><W96/><G119/><T94/><D104/><U62/><E3/><V53/><F112/><W83/><G115/><T109/><D68/><U7/><E120/><V129/><F134/><W81/><G126/><T114/><D109/><U29/><E127/><V64/><F129/><W86/><G50/><T43/><D121/><U39/><E39/><V122/><F2/><W56/><G56/><T51/><D36/><U65/><E128/><V67/><F122/><W76/><G86/><T101/><D117/><U116/><E116/><V93/><F105/><W30/><G30/><T32/><D32/><U89/><E29/><V42/><F42/><N who="0" m="15882" /><D135/><U92/><E65/><V118/><F118/><W13/><G49/><T1/><D1/><U9/><E4/><V20/><REACH who="2" step="1"/><F67/><REACH who="2" ten="372,38,284,296" step="2"/><W22/><G47/><AGARI ba="1,1" hai="5,6,20,24,28,47,48,53,57,63,64,90,93,99" machi="47" ten="30,7700,0" yaku="1,1,2,1,7,1,8,1,53,0" doraHai="10" doraHaiUra="123" who="2" fromWho="3" sc="372,0,38,0,284,90,296,-80" owari="372,17.0,38,-46.0,374,47.0,216,-18.0" /></mjloggm>