<mjloggm ver="2.3"><GO type="97"/><UN n0="%E3%81%BE%E3%81%AB%E3%82%93" n1="%64%64%74" n2="%E4%BF%AE%E8%A1%8C%E4%B8%AD" n3="%EF%BC%88%E2%89%A7%E2%96%BD%E2%89%A6%EF%BC%89" dan="13,14,15,15" rate="1829,1848,1963,2014" sx="M,M,M,M"/><TAIKYOKU oya="0"/><INIT seed="0,0,0,1,1,90" ten="250,250,250,250" oya="0" hai0="113,106,48,39,24,15,54,118,101,131,120,2,49" hai1="72,114,37,9,8,23,128,0,96,30,63,127,75" hai2="59,91,111,117,45,109,34,12,17,77,4,7,124" hai3="58,6,19,93,83,133,92,56,20,64,88,123,82"/><T79/><D120/><U31/><E114/><V28/><F34/><W25/><G123/><T3/><D118/><U5/><E37/><V26/><F117/><W85/><G133/><T10/><D113/><U81/><E127/><V53/><F77/><W110/><G110/><N who="2" m="41993" /><F45/><W121/><G121/><T122/><D122/><U78/><E75/><V98/><F124/><W70/><G70/><T51/><D39/><U89/><E23/><N who="2" m="13679" /><F28/><W103/><G6/><T52/><D131/><U21/><E21/><V27/><F27/><W94/><G103/><T126/><D126/><U40/><E128/><V62/><F12/><W41/><G41/><T115/><D115/><U35/><E35/><V105/><F105/><W50/><G64/><T1/><D24/><U46/><E9/><V80/><F80/><N who="3" m="30763" /><G50/><T116/><D116/><U130/><E130/><V119/><F119/><W87/><G87/><T125/><D125/><U33/><E33/><V38/><F38/><W32/><G32/><T11/><D79/><U76/><E78/><V43/><F43/><W22/><G20/><T73/><D73/><U29/><E40/><V102/><F102/><W47/><G47/><T68/><D68/><U97/><E46/><V86/><F86/><W112/><G112/><T107/><D101/><U14/><E72/><V61/><F61/><W84/><G84/><T57/><D15/><U95/><E63/><V36/><F36/><W42/><G42/><T65/><D65/><U55/><E14/><V99/><F99/><W60/><G60/><N who="0" m="35879" /><D54/><U66/><E55/><V13/><F13/><W135/><G135/><RYUUKYOKU ba="0,0" sc="250,10,250,-30,250,10,250,10" hai0="1,2,3,10,11,48,49,51,106,107" hai2="4,7,53,59,62,91,98" hai3="19,22,25,56,58,85,88,92,93,94" /><INIT seed="0,1,0,0,2,86" ten="260,220,260,260" oya="0" hai0="123,55,58,6,10,111,63,62,49,73,82,107,3" hai1="25,31,96,1,36,102,23,114,18,70,120,59,30" hai2="89,129,32,119,115,34,100,48,50,29,103,24,88" hai3="33,22,41,68,5,133,109,56,101,13,17,42,47"/><T105/><D123/><U66/><E120/><V126/><F129/><W87/><G133/><T53/><D111/><U43/><E114/><V8/><F115/><W26/><G68/><T80/><D73/><U27/><E1/><V75/><F75/><W67/><G109/><T93/><D93/><U15/><E43/><V117/><F8/><N who="3" m="4239" /><G33/><T132/><D132/><U19/><E36/><V99/><F126/><W40/><G101/><N who="2" m="38985" /><F32/><W72/><G72/><T46/><REACH who="0" step="1"/><D63/><REACH who="0" ten="250,220,260,260" step="2"/><U85/><E70/><V69/><F69/><W113/><G113/><T108/><D108/><U38/><E38/><V97/><F48/><N who="3" m="26727" /><G87/><T135/><D135/><U74/><E85/><V122/><F50/><W79/><G79/><T0/><D0/><U9/><E74/><V7/><F122/><W95/><G95/><T83/><AGARI ba="1,1" hai="3,6,10,46,49,53,55,58,62,80,82,83,105,107" machi="83" ten="30,3000,0" yaku="1,1,0,1,53,0" doraHai="86" doraHaiUra="90" who="0" fromWho="0" sc="250,43,220,-11,260,-11,260,-11" /><INIT seed="0,2,0,0,1,133" ten="293,209,249,249" oya="0" hai0="130,81,22,24,105,46,108,59,39,5,11,75,83" hai1="78,57,90,79,116,58,36,110,112,114,88,42,40" hai2="15,8,125,106,19,32,89,18,54,135,120,115,87" hai3="7,131,50,98,51,60,97,28,100,56,21,117,37"/><T20/><D105/><U35/><E35/><V63/><F135/><W61/><G117/><T67/><D130/><U107/><E107/><V16/><F120/><W113/><G113/><T9/><D108/><U3/><E3/><V62/><F115/><N who="1" m="44073" /><E110/><V43/><F32/><W134/><G37/><T4/><D75/><U103/><E36/><V25/><F106/><W29/><G134/><T47/><D39/><U53/><E53/><V132/><F132/><W41/><G7/><N who="0" m="2635" /><D67/><U129/><E103/><V71/><F43/><N who="1" m="16425" /><E129/><V17/><F125/><W127/><G127/><T70/><D59/><N who="1" m="22539" /><E116/><V80/><F71/><W64/><G131/><T33/><D70/><U104/><E104/><V84/><F54/><W72/><G100/><T30/><D33/><U27/><E27/><V74/><F74/><W66/><G72/><T13/><D22/><U99/><E99/><V26/><F26/><W12/><G56/><T0/><D0/><U121/><E121/><V91/><REACH who="2" step="1"/><F25/><REACH who="2" ten="293,209,239,249" step="2"/><W55/><G41/><T119/><D119/><U69/><E69/><V94/><AGARI ba="2,1" hai="8,15,16,17,18,19,62,63,80,84,87,89,91,94" machi="94" ten="30,8000,1" yaku="1,1,2,1,0,1,8,1,54,1,53,0" doraHai="133" doraHaiUra="31" who="2" fromWho="2" sc="293,-42,209,-22,239,96,249,-22" /><INIT seed="1,0,0,4,2,33" ten="251,187,335,227" oya="1" hai0="101,128,65,30,130,56,74,127,66,62,38,64,126" hai1="13,47,34,119,77,78,24,116,20,105,98,113,15" hai2="41,7,27,58,35,19,131,133,103,37,99,118,61" hai3="90,22,17,104,18,23,114,25,73,40,52,11,124"/><U82/><E113/><V14/><F118/><W97/><G114/><T107/><D30/><U29/><E77/><V44/><F131/><N who="0" m="50218" /><D74/><U95/><E105/><V51/><F133/><W117/><G73/><T129/><D101/><U9/><E15/><V5/><F35/><W123/><G123/><T68/><D107/><U4/><E47/><V12/><F37/><W89/><G117/><T86/><D86/><U10/><E10/><V55/><F27/><W108/><G108/><T87/><D87/><U31/><E31/><V32/><F32/><W59/><G124/><N who="0" m="47659" /><D38/><U21/><E21/><V110/><F110/><W125/><G125/><T85/><D85/><U135/><E82/><V49/><F14/><N who="3" m="7391" /><G104/><T84/><D84/><U79/><E78/><V42/><F99/><W132/><G97/><T3/><D3/><U112/><E79/><V83/><F103/><W48/><G40/><T36/><D36/><U28/><E112/><V57/><F83/><W111/><G111/><T69/><N who="0" m="50226" /><T54/><AGARI ba="0,0" hai="54,56,62,64,65,66,68,69" m="47659,50226" machi="54" ten="50,8000,1" yaku="4,1,19,1,18,1,34,2" doraHai="33" who="0" fromWho="0" sc="251,80,187,-40,335,-20,227,-20" /><INIT seed="2,0,0,2,0,97" ten="331,147,315,207" oya="2" hai0="37,127,36,87,126,79,99,10,114,31,0,122,75" hai1="23,42,65,119,92,35,29,20,59,12,107,67,113" hai2="124,5,128,51,130,46,115,7,106,110,62,6,50" hai3="18,109,39,93,129,91,73,24,17,43,70,64,121"/><V22/><F115/><W104/><G121/><T27/><D122/><U74/><E107/><V38/><F124/><N who="0" m="47658" /><D114/><U57/><E74/><V80/><F106/><W21/><G104/><T48/><D48/><U58/><E113/><V63/><F110/><W40/><G109/><T2/><D87/><U105/><E105/><V90/><F38/><N who="0" m="14954" /><D99/><U4/><E42/><V28/><F50/><W76/><G129/><N who="2" m="49769" /><F22/><N who="1" m="8233" /><E29/><V15/><F28/><W13/><G39/><T89/><D89/><U54/><E35/><V52/><F15/><W69/><G73/><T47/><D47/><U72/><E72/><V85/><AGARI ba="0,0" hai="5,6,7,46,51,52,62,63,80,85,90" m="49769" machi="85" ten="40,3900,0" yaku="19,1,54,1" doraHai="97" who="2" fromWho="2" sc="331,-13,147,-13,315,39,207,-13" /><INIT seed="2,1,0,3,0,12" ten="318,134,354,194" oya="2" hai0="13,108,125,105,71,63,61,92,91,25,72,85,69" hai1="52,124,28,73,27,135,96,70,66,14,60,36,8" hai2="54,40,42,114,122,34,78,35,111,128,133,107,129" hai3="130,50,116,49,82,112,119,123,62,39,29,32,93"/><V76/><F122/><W95/><G82/><T117/><D72/><U74/><E36/><V75/><F114/><W2/><G2/><T16/><D105/><U33/><E124/><V67/><F107/><W64/><G29/><T41/><D125/><U97/><E135/><V38/><F133/><W1/><G1/><T79/><D117/><U110/><E97/><V45/><F111/><W46/><G46/><T84/><D108/><U56/><E110/><V106/><F106/><W83/><G83/><T101/><D41/><U6/><E96/><V126/><F126/><W100/><G32/><T44/><D44/><U132/><E132/><V22/><F22/><W90/><G90/><T120/><D120/><U51/><REACH who="1" step="1"/><E6/><REACH who="1" ten="318,124,354,194" step="2"/><V94/><F38/><W127/><G127/><T68/><D69/><U115/><E115/><V103/><F103/><W43/><G100/><T47/><D68/><U98/><E98/><V104/><F104/><W19/><G112/><T99/><D71/><U15/><E15/><V102/><F102/><W17/><G123/><T59/><D13/><U58/><E58/><V121/><F121/><W30/><G39/><T131/><D131/><U20/><E20/><V81/><F34/><W77/><G130/><N who="2" m="50281" /><F35/><W134/><G134/><T5/><D5/><U57/><E57/><V86/><F45/><W65/><G119/><T9/><D47/><U24/><E24/><V48/><F48/><W87/><G49/><T0/><D59/><U7/><AGARI ba="1,1" hai="7,8,14,27,28,33,51,52,56,60,66,70,73,74" machi="7" ten="20,5200,0" yaku="1,1,0,1,7,1,54,1,53,0" doraHai="12" doraHaiUra="113" who="1" fromWho="1" sc="318,-14,124,65,354,-27,194,-14" /><INIT seed="3,0,0,3,2,101" ten="304,189,327,180" oya="3" hai0="27,84,102,51,100,80,75,61,41,48,79,133,40" hai1="132,5,6,113,7,91,94,52,2,32,125,46,0" hai2="115,17,126,9,4,45,64,28,11,73,88,130,30" hai3="86,65,77,25,98,114,47,87,103,74,14,38,99"/><W81/><G114/><T31/><D133/><U122/><E113/><V19/><F115/><W109/><G109/><T96/><D61/><U16/><E32/><V62/><F73/><W108/><G108/><T24/><D102/><U13/><E132/><V110/><F110/><W50/><G38/><T83/><D27/><U8/><E122/><V107/><F107/><W127/><G127/><T95/><D41/><U104/><E125/><V42/><F126/><W112/><G112/><T10/><D10/><N who="2" m="3594" /><F88/><W39/><G39/><T117/><D117/><U105/><E2/><V120/><F120/><W33/><G65/><T72/><D40/><U69/><E69/><V134/><F134/><W124/><G124/><T66/><D66/><U49/><REACH who="1" step="1"/><E0/><REACH who="1" ten="304,179,327,180" step="2"/><V43/><F4/><W15/><G33/><T29/><D29/><U35/><E35/><V3/><F3/><W20/><G74/><T135/><D135/><U23/><E23/><V123/><F123/><W128/><G128/><T37/><D37/><U53/><E53/><V54/><F28/><N who="3" m="17447" /><G87/><T22/><REACH who="0" step="1"/><D72/><REACH who="0" ten="294,179,327,180" step="2"/><U118/><E118/><V34/><F30/><W92/><G99/><T90/><AGARI ba="0,2" hai="22,24,31,48,51,75,79,80,83,84,90,95,96,100" machi="90" ten="20,12000,2" yaku="1,1,2,1,0,1,7,1,53,2" doraHai="101" doraHaiUra="76" who="0" fromWho="0" sc="294,140,179,-30,327,-30,180,-60" owari="434,53.0,149,-25.0,297,10.0,120,-38.0" /></mjloggm>