<mjloggm ver="2.3"><GO type="41"/><UN n0="%E3%81%BE%E3%81%90%E3%82%8D%E3%81%BC%E3%81%86%E3%82%84" n1="%38%32%31%73%68%69%6E" n2="%EF%BC%88%E2%89%A7%E2%96%BD%E2%89%A6%EF%BC%89" n3="%E6%98%8E%E6%B2%BB%E3%81%AE%E9%9D%A9%E5%91%BD%E5%85%90" dan="13,14,15,14" rate="1926,1858,2015,1931" sx="M,M,M,F"/><TAIKYOKU oya="0"/><INIT seed="0,0,0,0,1,135" ten="250,250,250,250" oya="0" hai0="105,104,61,49,9,95,29,70,28,27,88,90,82" hai1="131,92,101,76,62,12,100,93,124,13,107,48,73" hai2="63,85,52,33,99,74,113,78,57,120,97,25,126" hai3="31,50,109,111,17,10,80,36,110,60,118,41,26"/><T22/><D9/><U66/><E131/><V11/><F120/><W115/><G115/><T43/><D29/><U71/><E76/><V125/><F113/><W132/><G132/><T44/><D82/><U72/><E48/><V64/><F74/><W18/><G118/><T6/><D6/><U53/><E53/><V19/><F33/><W108/><N who="3" m="28160" /><DORA hai="116" /><W14/><G36/><T39/><D39/><U0/><E0/><V67/><F78/><W24/><G60/><T15/><D15/><U130/><E107/><V34/><F85/><W4/><G80/><T23/><D23/><U20/><E130/><V133/><F133/><W102/><G102/><T8/><D8/><U1/><E1/><V16/><F34/><W68/><G68/><T30/><D30/><U79/><E79/><V59/><F11/><W77/><G77/><T122/><D90/><U75/><E13/><V86/><F86/><W56/><G56/><T58/><D70/><U55/><E55/><V38/><F38/><W87/><G87/><T103/><D122/><U65/><E65/><N who="2" m="25163" /><F59/><W42/><G50/><T54/><D103/><U21/><E21/><N who="2" m="13479" /><F19/><N who="3" m="7179" /><G26/><T81/><REACH who="0" step="1"/><D81/><REACH who="0" ten="240,250,250,250" step="2"/><U134/><E101/><V121/><F121/><W114/><G114/><T32/><D32/><AGARI ba="0,1" hai="4,10,14,24,31,32,41,42" m="7179,28160" machi="32" ten="60,2000,0" yaku="14,1" doraHai="135,116" who="3" fromWho="0" sc="240,-20,250,0,250,0,250,30" /><INIT seed="1,0,0,2,2,131" ten="220,250,250,280" oya="1" hai0="47,115,9,129,35,76,111,19,101,91,73,74,38" hai1="82,12,70,46,130,99,103,30,94,2,23,87,128" hai2="43,40,20,5,49,52,118,80,66,22,24,113,93" hai3="44,83,51,135,64,36,112,25,34,59,37,27,134"/><U32/><E70/><V119/><F113/><W125/><G112/><T78/><D115/><U72/><E2/><V42/><F66/><W105/><G105/><T61/><D129/><N who="1" m="49771" /><E72/><V31/><F5/><W69/><G125/><T50/><D74/><U133/><E32/><V56/><F80/><W29/><G83/><T11/><D35/><U97/><E46/><V60/><F49/><W109/><G109/><T85/><D111/><U16/><E99/><V54/><F54/><W88/><G27/><T33/><D38/><U92/><E30/><V3/><F3/><W117/><G117/><T126/><D33/><U28/><E28/><V55/><F55/><W53/><G88/><T21/><D73/><U4/><E4/><V7/><F7/><W13/><G13/><T39/><D39/><U0/><E0/><V95/><REACH who="2" step="1"/><F20/><REACH who="2" ten="220,250,240,280" step="2"/><W8/><G8/><T123/><D11/><U75/><E75/><V62/><F62/><N who="3" m="40087" /><G36/><T48/><D61/><U89/><E133/><N who="3" m="50698" /><G37/><T41/><D9/><U15/><E82/><V90/><F90/><W86/><G86/><T122/><D91/><U6/><E6/><V1/><F1/><W10/><G10/><T108/><D85/><U107/><E107/><V104/><F104/><W63/><G63/><T116/><D21/><U124/><E124/><V132/><F132/><W120/><G120/><T110/><D126/><U96/><E96/><V102/><F102/><W79/><G79/><T100/><D123/><U71/><E71/><V17/><F17/><W68/><G68/><T26/><D122/><U114/><E114/><V81/><F81/><RYUUKYOKU ba="0,1" sc="220,-30,250,10,240,10,280,10" hai1="12,15,16,23,87,89,92,94,97,103" hai2="22,24,31,40,42,43,52,56,60,93,95,118,119" hai3="25,29,34,44,51,53,59" /><INIT seed="1,1,1,2,3,50" ten="190,260,250,290" oya="1" hai0="25,91,125,82,114,102,101,113,57,61,123,56,104" hai1="106,40,121,80,97,129,73,134,109,12,86,18,130" hai2="68,105,28,24,41,115,19,6,22,27,122,83,44" hai3="132,79,59,7,81,10,54,60,120,47,85,62,17"/><U89/><E121/><V42/><F122/><W66/><G120/><T77/><D125/><U117/><E117/><V33/><F105/><W126/><G126/><T103/><D104/><U128/><E40/><V127/><F127/><W9/><G132/><T21/><D91/><N who="1" m="51655" /><E134/><V36/><F115/><W43/><G17/><T118/><D118/><U5/><E5/><V108/><F108/><W67/><G7/><T87/><D57/><U8/><E73/><V90/><F68/><W20/><G20/><T55/><REACH who="0" step="1"/><D123/><REACH who="0" ten="180,260,250,290" step="2"/><U84/><E109/><V11/><F36/><W53/><G43/><T38/><D38/><U131/><E128/><V119/><F119/><W58/><G47/><T63/><D63/><U35/><E106/><V99/><F41/><W94/><G94/><T93/><D93/><N who="1" m="54439" /><E35/><V51/><F33/><W112/><REACH who="3" step="1"/><G112/><REACH who="3" ten="180,260,250,280" step="2"/><T95/><D95/><U70/><E70/><V37/><F42/><W52/><AGARI ba="1,3" hai="9,10,52,53,54,58,59,60,62,66,67,79,81,85" machi="52" ten="30,16000,3" yaku="1,1,2,1,0,1,9,1,8,1,52,3,54,1,53,0" doraHai="50" doraHaiUra="14" who="3" fromWho="3" sc="180,-41,260,-81,250,-41,280,193" /><INIT seed="2,0,0,0,3,25" ten="139,179,209,473" oya="2" hai0="33,86,36,73,85,37,1,0,39,99,8,38,4" hai1="119,30,107,79,47,55,87,20,17,102,61,53,71" hai2="67,114,15,69,72,108,77,76,80,128,3,91,60" hai3="24,131,98,27,12,66,42,10,74,18,23,41,105"/><V13/><F114/><W34/><G74/><T115/><N who="0" m="9728" /><DORA hai="16" /><T132/><D115/><U43/><E119/><V84/><F3/><W109/><G109/><T62/><D132/><U127/><E127/><V6/><F128/><W103/><G131/><T81/><D86/><U64/><E43/><V124/><F124/><W45/><G66/><T113/><D113/><U130/><E130/><V35/><F108/><W57/><G57/><T29/><D73/><U97/><E47/><V68/><F68/><W54/><G54/><T9/><D99/><U111/><E111/><V125/><F125/><W7/><REACH who="3" step="1"/><G45/><REACH who="3" ten="139,179,209,463" step="2"/><T63/><D63/><U32/><E55/><V135/><F60/><W70/><G70/><T94/><D62/><U83/><E53/><V100/><F67/><W65/><G65/><T110/><D110/><U101/><E101/><V82/><F100/><W50/><G50/><T122/><D122/><U48/><E48/><V40/><F69/><W46/><G46/><T126/><D126/><U129/><E129/><V112/><F112/><W96/><G96/><T104/><D104/><U56/><E56/><V59/><F59/><W19/><G19/><T11/><D4/><U93/><E17/><V44/><F6/><W106/><G106/><T5/><D5/><U28/><E107/><V89/><F44/><W58/><G58/><T133/><D133/><U75/><E75/><V134/><F72/><W31/><AGARI ba="0,1" hai="7,10,12,18,23,24,27,31,34,41,42,98,103,105" machi="31" ten="30,12000,2" yaku="1,1,0,1,52,2,53,2" doraHai="25,16" doraHaiUra="51,22" who="3" fromWho="3" sc="139,-30,179,-30,209,-60,463,130" /><INIT seed="3,0,0,0,0,49" ten="109,149,149,593" oya="3" hai0="76,33,102,68,127,100,67,72,30,94,95,119,75" hai1="70,31,41,34,1,91,63,135,46,78,44,51,48" hai2="20,28,59,19,61,27,69,25,65,14,8,106,129" hai3="101,88,58,7,96,32,54,11,50,56,97,36,13"/><W109/><G36/><T105/><D119/><U40/><E1/><V47/><F106/><W4/><G32/><T133/><D133/><U124/><E135/><V45/><F129/><W2/><G109/><T12/><D127/><U53/><E124/><V17/><REACH who="2" step="1"/><F69/><REACH who="2" ten="109,149,139,593" step="2"/><W93/><G2/><T103/><D105/><U112/><E112/><V16/><F16/><N who="3" m="8255" /><G56/><T84/><D68/><U114/><E114/><V6/><F6/><N who="3" m="2091" /><G101/><T3/><D103/><U64/><E31/><V85/><F85/><AGARI ba="0,1" hai="50,54,58,85,88,93,96,97" m="2091,8255" machi="85" ten="30,11600,0" yaku="8,1,52,1,54,2" doraHai="49" who="3" fromWho="2" sc="109,0,149,0,139,-116,593,126" /><INIT seed="3,1,0,0,4,72" ten="109,149,23,719" oya="3" hai0="5,85,108,120,87,82,93,81,109,53,6,74,49" hai1="115,117,119,125,135,113,118,41,26,96,62,116,28" hai2="4,112,94,34,77,51,24,90,46,36,3,2,129" hai3="11,126,91,29,123,18,39,37,38,97,0,43,104"/><W89/><G123/><T70/><D120/><U100/><N who="1" m="30208" /><DORA hai="12" /><U111/><E41/><V75/><F112/><N who="1" m="43081" /><E62/><V23/><F129/><W61/><G126/><T86/><D70/><U20/><E125/><V25/><F36/><W110/><G110/><N who="0" m="42603" /><D93/><N who="1" m="58383" /><E111/><V54/><F34/><W33/><G33/><T60/><D60/><U105/><E135/><V65/><F65/><W107/><G61/><T21/><D21/><U31/><E105/><V10/><F2/><W68/><G68/><T79/><D53/><U103/><E103/><V127/><F127/><W17/><G29/><AGARI ba="1,0" hai="20,26,28,29,31" m="58383,43081,30208" machi="29" ten="60,2000,0" yaku="12,1" doraHai="72,12" who="1" fromWho="3" sc="109,0,149,23,23,0,719,-23" /><INIT seed="4,0,0,0,2,124" ten="109,172,23,696" oya="0" hai0="20,17,9,26,60,14,94,47,81,67,6,107,105" hai1="86,108,53,95,37,10,62,68,134,48,119,123,122" hai2="34,15,11,22,82,131,85,120,41,129,116,18,110" hai3="103,102,87,58,117,91,16,133,55,113,96,21,71"/><T125/><D125/><U54/><E37/><V36/><F110/><W127/><G117/><T72/><D47/><U88/><E119/><V74/><F116/><W79/><G71/><T93/><D72/><U114/><E108/><V78/><F120/><W39/><G39/><T121/><D81/><U59/><E114/><V69/><F34/><W5/><G127/><T4/><D121/><U50/><E134/><V112/><F112/><W49/><G113/><T43/><D43/><U109/><E109/><V106/><F106/><W75/><G133/><T3/><D6/><U90/><E68/><V42/><F69/><W32/><G32/><T2/><D94/><U64/><E10/><V99/><F99/><W51/><G5/><T115/><D3/><U65/><E122/><V30/><F74/><W104/><G103/><T46/><D46/><U31/><E31/><V13/><F30/><W97/><G75/><T52/><D115/><U19/><E19/><N who="2" m="10607" /><F36/><W98/><G79/><T66/><D107/><U57/><E123/><V61/><F61/><N who="3" m="36063" /><G102/><T33/><D105/><U77/><E62/><V100/><F100/><W35/><G35/><T56/><D93/><N who="1" m="54423" /><E77/><V73/><F73/><W92/><G104/><T135/><D135/><U0/><E0/><V7/><F7/><W38/><G38/><T111/><D111/><U84/><AGARI ba="0,0" hai="48,50,53,54,57,59,64,65,84,90,95" m="54423" machi="84" ten="30,2000,0" yaku="8,1,54,1" doraHai="124" who="1" fromWho="1" sc="109,-10,172,20,23,-5,696,-5" /><INIT seed="5,0,0,4,3,72" ten="99,192,18,691" oya="1" hai0="103,37,4,51,15,36,60,88,110,128,69,134,48" hai1="94,78,126,10,40,67,61,39,114,8,105,25,97" hai2="6,131,87,70,135,0,96,31,101,65,83,119,118" hai3="92,62,33,34,91,117,71,77,28,12,14,16,43"/><U7/><E114/><V24/><F135/><W42/><G117/><T21/><D110/><U132/><E105/><N who="2" m="63655" /><F131/><W113/><G113/><T99/><D134/><U9/><E132/><V47/><F47/><W3/><G3/><T18/><D128/><U54/><E126/><V127/><F127/><W82/><G33/><T93/><D4/><U50/><E40/><V133/><F133/><W22/><G34/><T13/><D103/><U125/><E39/><V64/><F64/><W89/><G71/><T74/><D74/><U85/><E125/><V35/><F87/><N who="3" m="48591" /><G62/><T130/><D130/><U116/><E116/><V56/><F56/><W5/><G28/><T123/><D123/><U59/><E25/><V109/><F109/><W106/><G106/><T98/><D98/><U11/><E7/><V29/><F29/><W52/><G52/><T73/><D73/><U17/><E17/><V100/><F100/><W95/><G5/><T122/><D122/><U121/><E121/><V26/><F26/><W44/><G44/><T63/><D15/><U32/><E32/><V58/><F58/><W46/><G46/><T53/><D69/><U111/><E111/><V104/><F104/><W2/><G2/><T76/><D37/><U23/><E23/><V38/><F38/><W86/><G14/><T115/><D36/><U49/><N who="1" m="2560" /><DORA hai="102" /><U120/><E120/><V112/><F112/><W66/><G66/><T41/><D115/><U1/><E1/><V55/><F118/><W27/><G27/><T129/><D129/><U107/><E107/><V68/><F119/><W30/><G30/><RYUUKYOKU ba="0,0" sc="99,-10,192,-10,18,-10,691,30" hai3="12,16,22,42,43,86,89,91,92,95" /><INIT seed="6,1,0,1,2,109" ten="89,182,8,721" oya="2" hai0="3,29,86,98,54,82,2,126,108,100,113,26,53" hai1="114,10,34,64,134,46,14,25,72,133,39,33,90" hai2="65,20,11,30,97,16,13,104,71,28,48,85,93" hai3="95,115,42,76,21,69,131,49,107,106,99,130,9"/><V43/><F104/><W101/><G69/><T41/><D108/><U89/><E72/><V78/><F71/><W123/><G123/><T111/><D41/><U19/><E64/><V15/><F65/><W18/><G115/><T0/><D113/><U38/><E114/><V68/><F68/><W67/><G76/><T31/><D111/><U132/><E46/><N who="2" m="25695" /><F85/><W24/><G67/><T35/><D126/><U56/><E56/><V135/><F78/><W92/><G9/><T1/><N who="0" m="512" /><DORA hai="105" /><T91/><REACH who="0" step="1"/><D31/><REACH who="0" ten="79,182,8,721" step="2"/><N who="2" m="11818" /><F135/><W36/><G42/><T127/><D127/><U22/><E39/><V70/><F70/><W4/><G36/><T79/><D79/><U40/><E40/><V128/><F128/><W66/><G130/><T103/><D103/><U45/><E38/><V81/><F81/><W110/><G101/><T88/><D88/><N who="1" m="33899" /><E45/><V44/><F44/><W87/><G131/><T6/><D6/><AGARI ba="1,1" hai="6,10,14,19,22,25,33,34,132,133,134" m="33899" machi="6" ten="30,2000,0" yaku="20,1,54,1" doraHai="109,105" who="1" fromWho="0" sc="79,-23,182,33,8,0,721,0" /><INIT seed="7,0,0,5,4,103" ten="56,215,8,721" oya="3" hai0="40,114,82,135,11,74,66,43,86,17,123,124,22" hai1="54,115,65,69,26,18,39,73,30,34,112,96,77" hai2="101,3,110,14,121,31,97,111,9,78,116,35,79" hai3="130,119,108,24,75,80,99,125,102,118,15,57,64"/><W128/><G15/><T92/><D123/><U23/><E39/><V25/><F116/><N who="3" m="44587" /><G24/><T87/><D66/><U41/><E41/><V126/><F121/><W0/><G0/><T127/><D74/><U55/><E77/><V36/><F126/><N who="0" m="48170" /><D135/><U21/><E73/><V95/><F36/><W81/><G125/><T52/><D114/><N who="1" m="43563" /><E34/><V113/><F113/><W6/><G6/><T33/><D33/><U38/><E38/><V19/><F111/><W51/><G51/><T70/><D70/><U50/><E96/><V53/><F110/><W2/><G2/><T106/><D11/><U48/><E65/><V1/><F1/><W84/><G57/><T10/><D10/><U60/><E69/><V29/><F29/><W28/><G64/><T85/><D92/><U7/><E7/><V45/><F45/><W88/><G28/><T67/><D67/><U56/><E55/><V27/><F27/><AGARI ba="0,0" hai="18,21,23,26,27,30,48,50,54,56,60" m="43563" machi="27" ten="30,1000,0" yaku="15,1" doraHai="103" who="1" fromWho="2" sc="56,0,215,10,8,-10,721,0" owari="56,-34.0,225,3.0,-2,-50.0,721,81.0" /></mjloggm>