<mjloggm ver="2.3"><GO type="41"/><UN n0="%52%65%4D%61%72%69%6D%6F" n1="%EF%BC%88%E2%89%A7%E2%96%BD%E2%89%A6%EF%BC%89" n2="%E9%95%B7%E8%B0%B7%E5%B7%9D%E5%8B%87%E4%B9%9F%EF%BC%A0%E9%B7%B9" n3="%72%65%3A%E3%81%BF%E3%81%AA%E3%81%84%E3%81%A0%E3%82%93" dan="15,13,14,15" rate="2019,2049,2034,1951" sx="M,M,M,M"/><TAIKYOKU oya="0"/><INIT seed="0,0,0,4,5,38" ten="250,250,250,250" oya="0" hai0="85,55,39,132,19,54,51,118,63,2,107,100,17" hai1="48,110,81,3,37,126,79,127,6,36,18,78,1" hai2="120,70,41,109,77,125,49,43,44,88,99,74,0" hai3="114,112,64,11,9,130,10,42,111,29,96,91,46"/><T116/><D2/><N who="1" m="523" /><E6/><V72/><F0/><W60/><G29/><T97/><D39/><N who="1" m="14923" /><E18/><V65/><F120/><W62/><G130/><T113/><D113/><U101/><E101/><V20/><F109/><W135/><G135/><T52/><D132/><U93/><E93/><V53/><F125/><N who="1" m="47625" /><E110/><V108/><F108/><W4/><G111/><T106/><D106/><U80/><E48/><V35/><F20/><W122/><G4/><T121/><D121/><U45/><E45/><V26/><F77/><AGARI ba="0,0" hai="77,78,79,80,81" m="47625,14923,523" machi="77" ten="40,5200,0" yaku="28,2,18,1" doraHai="38" who="1" fromWho="2" sc="250,0,250,52,250,-52,250,0" /><INIT seed="1,0,0,5,1,21" ten="250,302,198,250" oya="1" hai0="75,1,103,49,110,124,94,50,36,2,72,24,132" hai1="47,18,130,56,34,121,20,86,44,105,25,28,123" hai2="29,85,42,120,104,107,67,35,9,102,16,71,5" hai3="32,63,62,97,99,58,0,31,100,55,37,118,46"/><U83/><E105/><V92/><F42/><W80/><G0/><T52/><D36/><U84/><E130/><V89/><F120/><W117/><G80/><T112/><D112/><U43/><E56/><V96/><F107/><W19/><G19/><T17/><D110/><U65/><E65/><V69/><F5/><W74/><G74/><T95/><D132/><U6/><E6/><V70/><F9/><W77/><G77/><T125/><D103/><U22/><E34/><V81/><F16/><W116/><G62/><T48/><D17/><U3/><E3/><N who="0" m="1033" /><D52/><U119/><E119/><V108/><F108/><W61/><G61/><T115/><D24/><U126/><E126/><N who="0" m="48745" /><D115/><U54/><E54/><V26/><REACH who="2" step="1"/><F81/><REACH who="2" step="2"/><W101/><G37/><T10/><D10/><U64/><E123/><V60/><AGARI ba="0,1" hai="26,29,35,60,67,69,70,71,85,89,92,96,102,104" machi="60" ten="30,12000,2" yaku="1,1,2,1,0,1,25,2,52,1,53,0" doraHai="21" doraHaiUra="135" who="2" fromWho="2" sc="250,-30,302,-60,188,130,250,-30" /><INIT seed="2,0,0,2,2,123" ten="220,242,318,220" oya="2" hai0="35,130,68,115,88,118,108,40,43,53,79,62,135" hai1="60,52,9,5,103,23,48,94,34,83,121,69,42" hai2="72,126,71,25,80,8,84,46,0,93,51,28,63" hai3="20,6,105,86,26,101,125,77,2,3,15,124,109"/><V112/><F72/><W54/><G105/><T91/><D35/><U67/><E121/><V116/><F116/><W66/><G101/><T31/><D31/><U56/><E34/><V50/><F112/><W85/><G66/><T18/><D115/><U114/><E114/><V133/><F126/><N who="3" m="48747" /><G54/><T87/><D108/><U4/><E83/><V30/><F93/><W99/><G99/><T57/><D135/><U73/><E73/><V127/><F133/><W102/><G102/><T12/><D68/><U36/><E23/><V117/><F51/><W27/><G77/><T13/><D130/><U61/><E61/><V16/><F63/><W44/><G44/><T128/><D128/><U131/><E131/><V104/><F104/><W75/><G75/><T59/><D118/><U1/><E4/><V64/><F71/><W39/><G39/><T119/><D119/><U134/><E134/><V106/><F106/><W24/><G20/><T120/><D120/><U32/><E32/><V21/><F64/><W81/><G81/><T110/><D79/><U111/><E103/><V76/><F127/><W132/><G132/><T98/><D98/><U113/><E113/><V129/><F129/><W55/><G55/><T47/><D59/><U100/><E100/><V107/><F107/><W70/><G70/><T82/><D91/><U65/><E69/><V29/><F117/><W96/><G96/><T17/><D43/><U58/><E42/><V37/><F37/><W19/><G6/><T89/><D89/><U95/><E36/><V38/><F38/><W7/><G7/><T74/><D74/><RYUUKYOKU ba="0,0" sc="220,0,242,0,318,0,220,0" /><INIT seed="3,1,0,3,0,120" ten="220,242,318,220" oya="3" hai0="57,58,24,64,61,22,129,29,3,16,80,66,63" hai1="18,95,26,39,115,65,35,96,11,30,76,43,62" hai2="99,67,59,20,86,112,48,0,119,75,107,131,15" hai3="133,126,102,135,82,19,69,78,101,97,90,49,103"/><W1/><G1/><T52/><D3/><U113/><E76/><V45/><F75/><W70/><G49/><T110/><D129/><U81/><E81/><V108/><F131/><W93/><G19/><T5/><D5/><U128/><E128/><V46/><F119/><W94/><G69/><T27/><D110/><U31/><E31/><V106/><F0/><W134/><G70/><T83/><REACH who="0" step="1"/><D66/><REACH who="0" step="2"/><U23/><E115/><V91/><F108/><W51/><G51/><T10/><D10/><U125/><E113/><V111/><F67/><W6/><G6/><T109/><D109/><U32/><E11/><V44/><F111/><W114/><G114/><T124/><D124/><U92/><E125/><V104/><F112/><W7/><G7/><T88/><D88/><U47/><E96/><V13/><F99/><N who="3" m="57783" /><G126/><T116/><D116/><U87/><E65/><V21/><F21/><AGARI ba="1,1" hai="16,21,22,24,27,29,52,57,58,61,63,64,80,83" machi="21" ten="30,8000,1" yaku="1,1,7,1,8,1,54,2,53,0" doraHai="120" doraHaiUra="38" who="0" fromWho="2" sc="210,93,242,0,318,-83,220,0" /><INIT seed="4,0,0,5,5,62" ten="303,242,235,220" oya="0" hai0="103,100,37,51,78,81,43,67,90,76,3,54,49" hai1="124,36,97,133,86,96,40,33,17,56,130,91,7" hai2="107,58,47,31,87,108,71,95,11,6,38,121,70" hai3="34,35,132,5,105,68,89,84,82,28,66,106,8"/><T21/><D3/><U13/><E33/><V74/><F31/><W99/><G132/><T94/><D37/><U122/><E122/><V27/><F27/><W127/><G127/><T117/><D117/><U45/><E133/><V52/><F108/><W123/><G123/><T14/><D67/><U92/><E130/><V2/><F107/><W129/><G129/><T83/><D43/><U48/><E124/><V126/><F74/><W73/><G28/><T75/><D21/><U60/><E7/><V111/><F111/><W118/><G118/><T80/><D14/><U0/><E0/><V9/><F9/><W19/><G19/><T50/><D54/><U120/><E120/><V57/><F57/><W69/><G69/><T110/><D110/><U114/><E114/><V79/><F126/><W64/><G68/><T112/><D112/><U20/><REACH who="1" step="1"/><E36/><REACH who="1" step="2"/><V88/><F121/><W10/><G34/><T53/><D75/><U61/><E61/><V30/><F30/><W32/><G73/><T65/><D51/><U42/><E42/><V102/><F38/><W25/><G5/><T46/><D50/><U4/><E4/><V18/><F6/><W128/><G128/><T98/><D78/><U115/><E115/><V72/><F79/><W101/><G32/><T85/><D76/><U119/><E119/><V77/><F77/><W1/><G1/><T93/><D49/><U55/><AGARI ba="0,1" hai="13,17,20,40,45,48,55,56,60,86,91,92,96,97" machi="55" ten="20,5200,0" yaku="1,1,0,1,7,1,8,1,53,0" doraHai="62" doraHaiUra="125" who="1" fromWho="1" sc="303,-26,232,62,235,-13,220,-13" /><INIT seed="5,0,0,3,2,113" ten="277,294,222,207" oya="1" hai0="112,114,42,24,101,90,115,135,54,29,69,57,77" hai1="2,7,98,48,123,51,122,13,56,106,131,19,97" hai2="120,25,118,65,88,59,0,89,30,92,125,64,36" hai3="108,91,27,4,37,14,31,43,26,5,1,126,133"/><U17/><E131/><V80/><F36/><W22/><G37/><T46/><D69/><U41/><E2/><V117/><F120/><W15/><G43/><T66/><D66/><U109/><E106/><V18/><F0/><W129/><G91/><T134/><D101/><U86/><E109/><V39/><F39/><W12/><G108/><T53/><D90/><U84/><E41/><V61/><F65/><W28/><G129/><T50/><D77/><U45/><E56/><V124/><F18/><W67/><G67/><T99/><D99/><U85/><E7/><V10/><F10/><N who="3" m="2319" /><G133/><N who="0" m="50699" /><D57/><U100/><E85/><N who="2" m="52239" /><F89/><W128/><G128/><T38/><D38/><U44/><REACH who="1" step="1"/><E13/><REACH who="1" step="2"/><V68/><F59/><W3/><G3/><T130/><D130/><U132/><E132/><V73/><F73/><W94/><G94/><T60/><D60/><U32/><E32/><AGARI ba="0,1" hai="24,29,32,42,46,50,53,54,112,114,115" m="50699" machi="32" ten="40,2600,0" yaku="15,1,20,1" doraHai="113" who="0" fromWho="1" sc="277,36,284,-26,222,0,207,0" /><INIT seed="6,0,0,5,2,31" ten="313,258,222,207" oya="2" hai0="114,131,76,3,23,82,86,118,35,65,74,132,17" hai1="92,63,97,43,10,112,104,5,33,124,123,48,34" hai2="73,128,14,8,111,24,72,70,84,41,120,55,54" hai3="38,109,47,52,6,53,107,59,21,67,56,81,39"/><V122/><F70/><W7/><G107/><T29/><D3/><U91/><E104/><V75/><F41/><W78/><G109/><T1/><D1/><U80/><E124/><V110/><F84/><W87/><G21/><T116/><D65/><U42/><E123/><V62/><F62/><W113/><G113/><T20/><D114/><U121/><E121/><V12/><F8/><W19/><G19/><T37/><D37/><U69/><E112/><V58/><F72/><W115/><G115/><T45/><D132/><U134/><E134/><V100/><F100/><W127/><G67/><T44/><D74/><U0/><E80/><V94/><F94/><W98/><G98/><T96/><D96/><U30/><E30/><V88/><F58/><W18/><G18/><T26/><D131/><U101/><E101/><V27/><REACH who="2" step="1"/><F88/><REACH who="2" step="2"/><W13/><G127/><T102/><D102/><U2/><E43/><V99/><F99/><W119/><G56/><T64/><D86/><U89/><E42/><V16/><F16/><W25/><G59/><T61/><D61/><U125/><E63/><V32/><F32/><W46/><G87/><T36/><D35/><U103/><E34/><V51/><F51/><W15/><G47/><T85/><D45/><U28/><E33/><V11/><F11/><W66/><G46/><T79/><D44/><U93/><E10/><V95/><F95/><W90/><G90/><T50/><D50/><U105/><E48/><V60/><F60/><W135/><G135/><T68/><D68/><U71/><E69/><V130/><AGARI ba="0,1" hai="12,14,24,27,54,55,73,75,110,111,120,122,128,130" machi="130" ten="25,18000,2" yaku="1,1,0,1,22,2,53,2" doraHai="31" doraHaiUra="22" who="2" fromWho="2" sc="313,-60,258,-60,212,190,207,-60" /><INIT seed="6,1,0,4,2,23" ten="253,198,402,147" oya="2" hai0="3,2,35,74,103,41,49,116,59,32,132,37,58" hai1="65,68,124,28,10,66,104,54,67,117,80,73,95" hai2="77,88,55,125,38,78,22,47,60,123,63,20,6" hai3="43,100,113,128,27,50,12,105,94,133,51,110,115"/><V18/><F6/><W61/><G105/><T91/><D74/><U0/><E117/><V17/><F123/><W33/><G110/><T16/><D132/><U71/><E104/><V31/><F31/><N who="3" m="19711" /><G133/><T39/><D103/><U93/><E124/><V1/><F1/><W44/><G61/><T11/><D116/><U101/><E28/><V81/><F125/><W98/><G12/><T69/><D69/><U72/><E54/><V13/><F60/><W120/><G120/><T126/><D126/><U25/><E25/><V108/><F108/><W122/><G122/><T85/><D3/><U130/><E101/><V102/><F102/><W92/><G51/><T121/><D121/><U30/><E30/><V40/><F63/><W24/><G24/><T7/><D59/><U83/><E66/><V15/><F55/><W107/><G128/><T9/><D39/><U135/><E0/><V97/><F97/><W36/><G36/><T14/><D37/><U79/><E135/><V34/><F34/><W45/><G45/><T29/><D29/><U119/><E119/><V8/><F8/><W87/><G87/><AGARI ba="1,0" hai="13,15,17,18,20,22,38,40,47,77,78,81,87,88" machi="87" ten="40,3900,0" yaku="9,1,54,1" doraHai="23" who="2" fromWho="3" sc="253,0,198,0,402,42,147,-42" /><INIT seed="6,2,0,1,4,71" ten="253,198,444,105" oya="2" hai0="125,84,120,64,108,47,87,128,3,63,118,98,54" hai1="13,41,110,32,127,9,28,121,56,82,72,6,132" hai2="129,133,16,25,80,89,111,86,73,5,65,134,113" hai3="15,107,49,78,106,38,90,34,39,99,19,91,22"/><V30/><F65/><W96/><G34/><T42/><D3/><U52/><E110/><V57/><F30/><W83/><G106/><T131/><D120/><U85/><E121/><V46/><F16/><W122/><G122/><T97/><D108/><U81/><E132/><V93/><F57/><W105/><G105/><T31/><D31/><U43/><E127/><V92/><F25/><W2/><G2/><T104/><D125/><U8/><E72/><V124/><F46/><W50/><G50/><T100/><D98/><U11/><E32/><V40/><F113/><W94/><G49/><T123/><D54/><U21/><E81/><V4/><F129/><N who="0" m="49738" /><D118/><U68/><E68/><V130/><F93/><W24/><G24/><T60/><D123/><U79/><E28/><V51/><F124/><W70/><G70/><N who="0" m="42247" /><D63/><N who="1" m="36231" /><E6/><V7/><F111/><W66/><G66/><T27/><D27/><U62/><E62/><V17/><F5/><W0/><G0/><T14/><D14/><U95/><E95/><V67/><F7/><W20/><G20/><T1/><D1/><U12/><E13/><V101/><F4/><W103/><REACH who="3" step="1"/><G91/><REACH who="3" step="2"/><T37/><AGARI ba="2,1" hai="37,42,47,84,87,97,100,104" m="42247,49738" machi="37" ten="30,2000,0" yaku="19,1,52,1" doraHai="71" who="0" fromWho="0" sc="253,36,198,-7,444,-12,95,-7" /><INIT seed="7,0,0,2,0,81" ten="289,191,432,88" oya="3" hai0="108,109,86,26,55,5,44,58,70,104,28,73,48" hai1="23,135,18,116,110,41,126,7,10,90,78,115,117" hai2="113,118,67,17,16,50,106,47,49,27,53,62,102" hai3="39,80,97,45,88,112,83,66,98,21,37,11,95"/><W46/><G37/><T15/><D73/><U125/><E110/><V82/><F106/><W76/><G66/><T40/><D104/><U121/><E121/><V25/><F102/><W33/><G33/><T6/><D70/><U42/><E78/><V127/><F118/><N who="1" m="45673" /><E135/><V133/><F127/><N who="1" m="48649" /><E115/><V2/><F133/><W89/><G112/><T30/><D30/><U96/><E96/><V4/><F2/><W22/><G39/><T134/><D134/><U24/><E90/><V84/><F4/><W19/><G11/><T128/><D128/><U57/><E57/><N who="2" m="37327" /><F50/><W38/><G38/><T31/><D31/><U77/><E77/><V114/><F114/><W43/><G76/><T91/><D109/><U119/><E119/><V123/><F27/><W36/><G46/><T61/><D108/><U79/><E79/><V64/><F25/><W9/><G9/><T71/><D71/><U69/><E69/><V129/><F64/><W94/><G21/><T105/><D105/><U34/><E34/><V130/><F123/><W103/><G103/><T92/><D15/><AGARI ba="0,0" hai="7,10,15,18,23,24,41,42" m="48649,45673" machi="15" ten="30,2000,0" yaku="12,1,18,1" doraHai="81" who="1" fromWho="0" sc="289,-20,191,20,432,0,88,0" /><AGARI ba="0,0" hai="15,19,22,36,43,45,80,83,88,89,94,95,97,98" machi="15" ten="30,5800,0" yaku="7,1,9,1,54,1" doraHai="81" who="3" fromWho="0" sc="269,-58,211,0,432,0,88,58" /><INIT seed="7,1,0,1,5,45" ten="211,211,432,146" oya="3" hai0="95,1,0,109,42,92,123,107,54,21,52,16,5" hai1="2,71,49,103,13,114,28,115,112,51,63,128,41" hai2="120,80,64,74,20,32,84,44,83,89,24,29,48" hai3="47,55,39,91,85,69,130,97,106,8,4,50,81"/><W70/><G130/><T57/><D107/><U101/><E128/><V73/><F64/><W105/><G39/><T87/><D123/><U40/><E2/><V126/><F126/><W121/><G121/><T62/><D109/><U117/><E117/><V90/><F120/><W111/><G111/><T25/><D42/><N who="1" m="16491" /><E28/><V22/><F74/><W118/><G118/><T77/><D1/><U131/><E131/><V7/><F7/><W56/><G56/><N who="0" m="35079" /><D5/><U129/><E129/><V14/><F14/><W31/><G31/><T17/><D17/><U82/><E82/><V61/><F61/><W72/><G72/><T43/><D43/><U23/><E13/><V99/><F99/><W53/><G53/><T125/><D0/><U104/><E23/><V88/><F32/><W119/><G119/><T3/><D3/><U35/><E35/><V127/><F22/><W86/><G86/><T124/><D124/><U133/><E133/><V46/><F127/><W33/><G33/><T116/><D116/><U58/><E71/><V19/><F84/><W12/><REACH who="3" step="1"/><G97/><REACH who="3" step="2"/><T98/><D98/><N who="1" m="61495" /><E103/><V76/><F29/><W60/><G60/><N who="0" m="35895" /><D125/><U34/><E34/><V27/><F73/><W134/><G134/><T75/><D75/><U9/><E115/><V94/><F27/><W122/><G122/><T15/><D25/><U30/><E114/><V93/><F24/><W66/><G66/><T110/><D110/><U11/><E112/><V65/><F65/><W135/><G135/><T26/><D26/><U102/><E102/><V38/><F38/><W59/><G59/><T10/><D10/><RYUUKYOKU ba="1,1" sc="211,15,211,-15,432,-15,136,15" hai0="15,16,21,77,87,92,95" hai3="4,8,12,47,50,55,69,70,81,85,91,105,106" /><INIT seed="7,2,1,3,1,100" ten="226,196,417,151" oya="3" hai0="61,37,111,8,1,120,78,74,47,35,59,24,21" hai1="97,76,26,23,118,38,93,122,0,45,66,119,71" hai2="17,60,30,134,43,95,105,25,46,127,2,34,11" hai3="80,99,123,89,20,9,32,44,96,49,77,85,13"/><W88/><G32/><T3/><D111/><U53/><E0/><V57/><F95/><W12/><G20/><T121/><D35/><U110/><E110/><V112/><F112/><W129/><G123/><T94/><D1/><U5/><E122/><V101/><F127/><W103/><G129/><T107/><D107/><U4/><E76/><V73/><F73/><W40/><G13/><T98/><D78/><U65/><E4/><V69/><F17/><W72/><G72/><T51/><D37/><U50/><E5/><V63/><F63/><W81/><G81/><T6/><D74/><U116/><E38/><V62/><F62/><W14/><G14/><T82/><D82/><U75/><E75/><V109/><F101/><W16/><G96/><T84/><D84/><U19/><REACH who="1" step="1"/><E71/><REACH who="1" step="2"/><V48/><F69/><W22/><G9/><T79/><D79/><U33/><E33/><V41/><F11/><W70/><G70/><T64/><D121/><U108/><E108/><V54/><F109/><W39/><REACH who="3" step="1"/><G39/><REACH who="3" step="2"/><T125/><D120/><U29/><E29/><V36/><F36/><W128/><G128/><T132/><D8/><U55/><E55/><V102/><F25/><W58/><G58/><T7/><D24/><U135/><E135/><V10/><F134/><W106/><AGARI ba="2,3" hai="12,16,22,40,44,49,77,80,85,88,89,99,103,106" machi="106" ten="20,18000,2" yaku="1,1,0,1,7,1,52,1,54,2,53,0" doraHai="100" doraHaiUra="130" who="3" fromWho="3" sc="226,-62,186,-62,417,-62,141,216" owari="164,-24,124,-38,355,16,357,46" /></mjloggm>