<mjloggm ver="2.3"><GO type="169"/><UN n0="%E6%9C%AC%E7%89%A9%E5%A5%B3%E5%AD%90%E9%AB%98%E7%94%9F" n1="%EF%BC%88%E2%89%A7%E2%96%BD%E2%89%A6%EF%BC%89" n2="%E3%81%BE%E3%81%AA%E3%81%84%E3%81%9F%E3%82%88%E3%81%86%E3%81%98%E3%82%87" n3="%4D%61%72%6C%69%6E" dan="16,18,16,16" rate="2122,2175,2068,2123" sx="F,M,M,M"/><TAIKYOKU oya="0"/><INIT seed="0,0,0,5,3,133" ten="250,250,250,250" oya="0" hai0="128,85,69,45,39,131,75,73,101,37,10,33,116" hai1="123,80,92,124,70,100,112,59,79,120,24,50,18" hai2="81,19,23,40,30,9,115,88,36,16,60,87,34" hai3="130,41,12,1,126,99,44,107,6,13,3,93,49"/><T65/><D116/><U122/><E70/><V121/><F121/><W106/><G130/><N who="0" m="49707" /><D85/><U113/><E59/><V11/><F115/><N who="1" m="44105" /><E50/><V46/><F60/><W5/><G126/><T64/><D45/><U132/><E132/><V103/><F103/><W105/><G13/><T47/><D47/><U52/><E52/><V61/><F61/><W21/><G6/><T91/><D69/><U129/><E129/><V97/><F97/><W28/><G28/><T20/><D101/><U134/><E134/><V111/><F111/><W110/><G110/><T22/><D91/><U109/><E109/><V51/><F36/><N who="0" m="13898" /><D33/><U78/><E80/><V102/><F102/><W90/><REACH who="3" step="1"/><G5/><REACH who="3" ten="250,250,250,240" step="2"/><T25/><D25/><U48/><E24/><V82/><F34/><W86/><G86/><T15/><D10/><U72/><E122/><V74/><F9/><W27/><G27/><T54/><D15/><U67/><E123/><V135/><F11/><W104/><N who="3" m="26624" /><DORA hai="84" /><W42/><G42/><T43/><D43/><U7/><E120/><V76/><F135/><W56/><G56/><T2/><D2/><U94/><E7/><V17/><F30/><W117/><G117/><T127/><D127/><U55/><E124/><V89/><F89/><W96/><G96/><T119/><D119/><U31/><E31/><V58/><F58/><W118/><G118/><T108/><D108/><U4/><E4/><V66/><F66/><N who="0" m="25706" /><D54/><U35/><E55/><V83/><F83/><W68/><G68/><T53/><D53/><U114/><E114/><V38/><F38/><W63/><G63/><T29/><D29/><RYUUKYOKU ba="0,1" sc="250,10,250,-30,250,10,240,10" hai0="20,22,73,75" hai2="16,17,19,23,40,46,51,74,76,81,82,87,88" hai3="1,3,12,21,41,44,49,90,93,99" /><INIT seed="0,1,1,2,2,23" ten="260,220,260,250" oya="0" hai0="59,16,112,53,100,87,43,72,107,4,110,74,67" hai1="132,27,28,84,122,21,19,124,97,114,95,58,60" hai2="89,12,56,29,66,108,8,121,62,98,32,82,93" hai3="83,134,26,133,44,6,7,15,36,105,71,45,125"/><T99/><D112/><U18/><E122/><V33/><F121/><W48/><G71/><T54/><D43/><U131/><E114/><V14/><F108/><W123/><G123/><T73/><D4/><U81/><E131/><V92/><F82/><W39/><G105/><T35/><D35/><U69/><E69/><V24/><F32/><W3/><G3/><T127/><D110/><U90/><E132/><N who="3" m="50794" /><G83/><T9/><D127/><U76/><REACH who="1" step="1"/><E124/><REACH who="1" ten="260,210,260,250" step="2"/><V13/><REACH who="2" step="1"/><F93/><REACH who="2" ten="260,210,250,250" step="2"/><W40/><G125/><T101/><D107/><U34/><E34/><V126/><F126/><W46/><G39/><T22/><D73/><U47/><E47/><V80/><F80/><W0/><G36/><T117/><D72/><U25/><E25/><V111/><F111/><W103/><G26/><T119/><D74/><U63/><E63/><V129/><F129/><W20/><G45/><T70/><D119/><U86/><E86/><V55/><F55/><AGARI ba="1,3" hai="18,19,21,27,28,55,58,60,76,81,84,90,95,97" machi="55" ten="30,7700,0" yaku="1,1,7,1,8,1,52,1,53,0" doraHai="23" doraHaiUra="128" who="1" fromWho="2" sc="260,0,210,110,250,-80,250,0" /><INIT seed="1,0,0,0,4,18" ten="260,320,170,250" oya="1" hai0="22,5,31,117,29,112,17,16,132,80,55,100,110" hai1="97,4,52,6,104,120,61,49,56,121,33,113,23" hai2="42,60,58,96,62,125,81,38,25,15,57,103,53" hai3="84,34,122,30,134,79,63,47,12,2,19,1,86"/><U20/><E33/><V107/><F125/><W128/><G122/><T50/><D117/><U77/><E113/><V24/><F81/><W78/><G134/><T76/><D112/><U65/><E121/><V126/><F126/><W95/><G128/><T118/><D118/><U11/><E120/><V123/><F123/><W102/><G34/><T54/><D132/><U68/><E77/><N who="3" m="29194" /><G1/><T27/><D110/><U37/><E37/><V51/><F38/><W85/><G2/><T35/><D5/><U82/><E82/><V119/><F119/><W93/><G30/><T14/><D100/><U72/><E72/><V26/><F15/><W131/><G131/><T74/><D35/><U89/><E4/><V43/><REACH who="2" step="1"/><F51/><REACH who="2" ten="260,320,160,250" step="2"/><W101/><G12/><T105/><D105/><U69/><E104/><V92/><F92/><W3/><G93/><T99/><D99/><U91/><E97/><V109/><F109/><W0/><G95/><T13/><D13/><U75/><E75/><V9/><F9/><W87/><G0/><T71/><D50/><U40/><E11/><V41/><F41/><W67/><G3/><T59/><D14/><U133/><E133/><V83/><F83/><W135/><G135/><T46/><D80/><U88/><E6/><V28/><F28/><W66/><G102/><T115/><D31/><U129/><E129/><V98/><F98/><W114/><G101/><T108/><D108/><U70/><REACH who="1" step="1"/><E40/><REACH who="1" ten="260,310,160,250" step="2"/><V7/><F7/><W116/><G116/><T73/><D73/><U94/><E94/><V21/><F21/><AGARI ba="0,2" hai="20,21,23,49,52,56,61,65,68,69,70,88,89,91" machi="21" ten="40,18000,2" yaku="1,1,52,3,54,2,53,0" doraHai="18" doraHaiUra="90" who="1" fromWho="2" sc="260,0,310,200,160,-180,250,0" owari="260,6.0,510,61.0,-20,-52.0,250,-15.0" /></mjloggm>