<mjloggm ver="2.3"><GO type="169" lobby="0"/><UN n0="%E3%81%84%E3%81%A1%E3%81%8B%E3%82%8F%E2%99%AA" n1="%EF%BC%88%E2%89%A7%E2%96%BD%E2%89%A6%EF%BC%89" n2="%E3%83%AA%E3%83%95%E3%83%AC%E3%82%AF%E3%83%86%E3%82%A3%E3%82%A2" n3="%6D%65%24%6F" dan="17,18,17,16" rate="2239.41,2269.64,2148.66,2115.08" sx="M,M,F,M"/><TAIKYOKU oya="0"/><BYE who="1" /><INIT seed="0,0,0,4,4,0" ten="250,250,250,250" oya="0" hai0="109,8,92,26,53,121,6,93,95,54,75,118,47" hai1="66,39,69,86,81,41,99,112,107,120,16,79,101" hai2="135,68,106,87,4,98,130,76,104,49,9,28,43" hai3="2,60,57,35,133,80,33,31,116,44,15,91,61"/><T55/><D75/><U123/><E123/><V100/><F68/><W65/><G2/><T132/><D118/><U32/><E32/><V119/><F119/><W115/><G116/><T131/><D121/><U40/><E40/><V59/><F135/><UN n1="%EF%BC%88%E2%89%A7%E2%96%BD%E2%89%A6%EF%BC%89" /><W125/><G133/><T108/><D132/><U50/><E120/><V126/><F126/><W5/><G125/><T114/><D26/><U22/><E112/><V102/><F28/><W63/><G115/><T13/><D114/><U56/><E69/><V70/><F70/><W52/><G31/><T122/><D122/><U27/><E39/><V78/><F87/><N who="3" m="50663" /><G35/><T129/><REACH who="0" step="1"/><D47/><REACH who="0" ten="240,250,250,250" step="2"/><U25/><E25/><V124/><F124/><W19/><G33/><T127/><D127/><U46/><E56/><V85/><F59/><W18/><G44/><T88/><D88/><U94/><REACH who="1" step="1"/><E66/><REACH who="1" ten="240,240,250,250" step="2"/><V7/><F130/><AGARI ba="0,2" hai="6,8,13,53,54,55,92,93,95,108,109,129,130,131" machi="130" ten="50,9600,0" yaku="1,1,19,1,52,1,53,0" doraHai="0" doraHaiUra="24" who="0" fromWho="2" sc="240,116,240,0,250,-96,250,0" /><INIT seed="0,1,0,4,3,93" ten="356,240,154,250" oya="0" hai0="51,48,57,105,84,76,89,27,44,96,42,36,74" hai1="73,35,13,106,18,88,24,94,101,100,54,86,69" hai2="67,14,4,91,95,31,92,80,58,59,45,47,50" hai3="33,34,124,110,90,121,43,134,109,117,116,85,37"/><T108/><D108/><N who="3" m="41577" /><G124/><T103/><D27/><U41/><E69/><V111/><F111/><W26/><G43/><T75/><D75/><U123/><E73/><V130/><F130/><W11/><G37/><T127/><D127/><U98/><E123/><V15/><F31/><W2/><G121/><T129/><D129/><U17/><E41/><V29/><F29/><N who="3" m="19639" /><G85/><T12/><D12/><U60/><E101/><V128/><F128/><W72/><G90/><T56/><D51/><U5/><E35/><V115/><F115/><W61/><G61/><T120/><D120/><U40/><E40/><V3/><F3/><W119/><G72/><T1/><D1/><U125/><E125/><V64/><F4/><N who="3" m="1431" /><G34/><T131/><D36/><U66/><E66/><V62/><F80/><W79/><G79/><T114/><D114/><U81/><E81/><V39/><F39/><W38/><G38/><T55/><D42/><U32/><E32/><V78/><F78/><W23/><G23/><T122/><D122/><U9/><REACH who="1" step="1"/><E24/><REACH who="1" ten="356,230,154,250" step="2"/><V126/><F126/><W46/><G46/><T77/><D131/><U70/><E70/><V28/><F47/><W87/><G87/><T118/><D118/><U83/><E83/><V97/><F64/><W99/><G99/><T22/><D74/><U52/><E52/><V104/><F45/><W102/><G102/><T132/><D44/><U71/><E71/><V113/><F67/><W49/><G49/><T10/><D55/><U135/><E135/><AGARI ba="1,1" hai="116,117,119,134,135" m="1431,19639,41577" machi="135" ten="40,8000,1" yaku="14,1,23,1,34,2" doraHai="93" who="3" fromWho="1" sc="356,0,230,-83,154,0,250,93" /><INIT seed="1,0,0,3,1,84" ten="356,147,154,343" oya="1" hai0="32,113,135,129,72,116,0,119,96,23,35,114,134" hai1="56,42,130,126,99,105,26,9,95,22,75,44,118" hai2="13,85,77,53,41,10,15,16,48,78,30,117,52" hai3="51,20,90,131,93,91,12,71,107,87,66,34,50"/><U101/><E118/><N who="0" m="45097" /><D72/><U67/><E130/><V17/><F117/><W92/><G107/><T83/><D83/><U98/><E126/><V124/><F124/><W111/><G34/><N who="0" m="12843" /><D96/><U79/><E9/><V104/><F104/><W127/><G127/><T89/><D89/><U46/><E79/><V74/><F74/><W27/><G131/><T69/><D69/><U109/><E75/><V63/><F30/><N who="3" m="17767" /><G111/><T62/><D62/><U112/><E109/><V88/><F63/><W123/><G71/><T19/><D0/><U59/><E67/><V120/><F120/><W110/><G123/><T81/><D81/><U49/><E46/><N who="2" m="27671" /><F53/><W58/><G110/><T115/><D129/><U47/><E47/><V11/><F41/><W18/><G66/><T133/><D114/><U102/><REACH who="1" step="1"/><E112/><REACH who="1" ten="356,137,154,343" step="2"/><V68/><F68/><W6/><G58/><T106/><D106/><U100/><E100/><V29/><F29/><AGARI ba="0,1" hai="22,26,29,42,44,49,56,59,95,98,99,101,102,105" machi="29" ten="30,11600,0" yaku="1,1,7,1,53,2" doraHai="84" doraHaiUra="55" who="1" fromWho="2" sc="356,0,137,126,154,-116,343,0" /><INIT seed="1,1,0,3,2,5" ten="356,263,38,343" oya="1" hai0="114,81,102,9,66,106,112,129,10,46,91,25,16" hai1="131,29,128,135,118,98,36,125,2,105,107,109,47" hai2="86,40,93,48,45,7,57,41,60,117,88,97,126" hai3="54,85,77,21,63,23,35,11,44,103,12,133,27"/><U53/><E118/><V55/><F117/><W62/><G133/><T3/><D66/><U58/><E135/><V0/><F126/><W74/><G74/><T1/><D46/><U49/><E125/><V28/><F28/><W79/><G103/><T67/><D67/><U42/><E109/><V78/><F40/><W73/><G73/><T18/><D102/><U4/><E29/><V84/><REACH who="2" step="1"/><F78/><REACH who="2" ten="356,263,28,343" step="2"/><W104/><G77/><T30/><D129/><U65/><E128/><V39/><F39/><W111/><G79/><T34/><D106/><U17/><E131/><V122/><F122/><W120/><G104/><T76/><D76/><U71/><E107/><V99/><F99/><W6/><G120/><T113/><D91/><U124/><E124/><V32/><F32/><W108/><G35/><T13/><D81/><U83/><E83/><V64/><F64/><W119/><G119/><T69/><D69/><U15/><E98/><V89/><F89/><W100/><G111/><T26/><D26/><U87/><E105/><V22/><F22/><W19/><G108/><T51/><D51/><U61/><E87/><V116/><F116/><W24/><G27/><T59/><D59/><U121/><E121/><V14/><F14/><AGARI ba="1,1" hai="1,3,9,10,13,14,16,18,25,30,34,112,113,114" machi="14" ten="40,12000,2" yaku="9,1,34,3,52,2,54,1" doraHai="5" who="0" fromWho="2" sc="356,133,263,0,28,-123,343,0" owari="489,60.0,263,-14.0,-95,-60.0,343,14.0" /></mjloggm>