<mjloggm ver="2.3"><GO type="41"/><UN n0="%E3%81%8B%E3%81%BB%E3%82%8A%E3%81%95%E3%82%93" n1="%E3%82%AB%E3%83%AB%E3%83%9E%E3%82%B0" n2="%EF%BC%88%E2%89%A7%E2%96%BD%E2%89%A6%EF%BC%89" n3="%E5%B9%B8%E5%AD%90%EF%BC%A5%EF%BC%B8" dan="14,16,15,13" rate="1906,2012,2018,1891" sx="F,M,M,M"/><TAIKYOKU oya="0"/><INIT seed="0,0,0,1,4,85" ten="250,250,250,250" oya="0" hai0="62,82,41,58,72,132,30,37,38,65,11,81,126" hai1="96,22,54,34,2,133,113,77,76,52,122,108,75" hai2="31,125,44,46,59,68,51,127,6,12,16,36,10" hai3="13,100,14,80,103,24,79,40,28,42,92,95,84"/><T131/><D131/><U99/><E122/><V47/><F68/><W90/><G103/><T18/><D132/><U83/><E34/><V120/><F120/><W0/><G0/><T106/><D106/><U70/><E2/><V55/><F31/><W60/><G100/><T25/><D126/><U109/><E70/><V71/><F71/><W64/><G95/><T57/><D72/><U61/><E61/><V1/><REACH who="2" step="1"/><F36/><REACH who="2" ten="250,250,240,250" step="2"/><W7/><G7/><T112/><D38/><U114/><E133/><V124/><F124/><W129/><G129/><T15/><D37/><U20/><E83/><V32/><F32/><W115/><G115/><T91/><D112/><U56/><E56/><V87/><F87/><W21/><G42/><T8/><D57/><U117/><E75/><V97/><F97/><N who="3" m="57495" /><G40/><T86/><D81/><U107/><E107/><V105/><F105/><W111/><G111/><T123/><D41/><U39/><REACH who="1" step="1"/><E39/><REACH who="1" ten="250,240,240,250" step="2"/><V130/><F130/><W118/><G118/><AGARI ba="0,2" hai="20,22,52,54,76,77,96,99,108,109,113,114,117,118" machi="118" ten="25,8000,1" yaku="1,1,2,1,22,2,54,1,53,0" doraHai="85" doraHaiUra="88" who="1" fromWho="3" sc="250,0,240,100,240,0,250,-80" /><INIT seed="1,0,0,2,0,3" ten="250,340,240,170" oya="1" hai0="33,87,8,57,71,60,65,0,75,12,15,27,42" hai1="21,26,94,5,18,80,1,59,34,74,102,88,7" hai2="118,109,111,44,68,124,58,56,135,20,110,132,70" hai3="92,105,31,130,81,108,73,38,46,17,64,96,95"/><U61/><E102/><V78/><F78/><W85/><G108/><T119/><D119/><U39/><E39/><V76/><F76/><W49/><G130/><T120/><D75/><U47/><E34/><V115/><F20/><W48/><G73/><T90/><D120/><U106/><E106/><V84/><F84/><W114/><G114/><T69/><D42/><U4/><E47/><V112/><F118/><W16/><G105/><T103/><D103/><U100/><E100/><V101/><F101/><W62/><G38/><T113/><D113/><N who="2" m="43594" /><F44/><W122/><G122/><T50/><D33/><U52/><E74/><V126/><F56/><W127/><G127/><N who="2" m="48681" /><F58/><W77/><G31/><T54/><D27/><U55/><E80/><V9/><F9/><W123/><G123/><T6/><D71/><AGARI ba="0,0" hai="68,70,71,109,110,111,132,135" m="48681,43594" machi="71" ten="50,16000,3" yaku="28,2,14,1,11,1,18,1,31,2,34,2" doraHai="3" who="2" fromWho="0" sc="250,-160,340,0,240,160,170,0" /><INIT seed="2,0,0,5,5,103" ten="90,340,400,170" oya="2" hai0="21,3,116,25,14,18,109,60,110,123,41,61,76" hai1="80,124,54,87,35,100,67,36,99,96,57,98,1" hai2="64,119,32,107,114,6,44,50,69,37,31,118,16" hai3="52,94,40,92,125,101,72,121,62,11,26,48,9"/><V53/><F114/><W131/><G121/><T0/><D76/><U20/><E36/><V105/><F37/><W133/><G133/><T24/><D41/><U126/><E35/><V135/><F135/><W73/><G131/><T56/><D61/><U12/><E1/><V46/><F6/><W10/><G125/><N who="1" m="48234" /><E67/><V82/><F82/><W129/><G129/><T108/><D123/><U19/><E87/><V115/><F115/><W27/><G40/><T84/><D84/><U58/><E80/><V97/><F46/><W55/><G62/><T63/><D63/><N who="1" m="36279" /><E58/><V49/><F50/><W71/><G71/><T4/><D56/><U91/><E91/><V85/><F85/><W128/><G128/><T33/><D60/><U70/><E70/><V79/><F69/><W112/><G112/><T78/><D116/><U106/><AGARI ba="0,0" hai="12,19,20,96,98,99,100,106" m="36279,48234" machi="106" ten="30,2000,0" yaku="18,1,52,1" doraHai="103" who="1" fromWho="1" sc="90,-5,340,20,400,-10,170,-5" /><INIT seed="3,0,0,0,4,72" ten="85,360,390,165" oya="3" hai0="119,71,74,118,101,52,15,26,90,94,39,40,17" hai1="42,134,54,93,37,76,59,31,5,103,82,104,84" hai2="81,92,24,38,79,102,128,46,130,44,25,88,16" hai3="50,28,91,85,20,115,129,35,6,49,60,55,32"/><W123/><G123/><T2/><D71/><U21/><E104/><V64/><F102/><W116/><G116/><T19/><D101/><U18/><E31/><V100/><F64/><W121/><G121/><T61/><D74/><U27/><E134/><V110/><F100/><W65/><G115/><T83/><D40/><U131/><E131/><N who="2" m="50219" /><F110/><W3/><G129/><T22/><D39/><U125/><E125/><V112/><F112/><W78/><G49/><T11/><D2/><U13/><E37/><V89/><F89/><W58/><G78/><T47/><D83/><U63/><E42/><N who="2" m="22615" /><F46/><W23/><G6/><T114/><D114/><U87/><E5/><V34/><F16/><W132/><G3/><T53/><D47/><U41/><E41/><V108/><F34/><W1/><G1/><T77/><D77/><U67/><E67/><V48/><F48/><W111/><G132/><T80/><D80/><U122/><E122/><V96/><F108/><W14/><G111/><T66/><D119/><U107/><E107/><V51/><F51/><W10/><G10/><T33/><D33/><U4/><E4/><V29/><F29/><W105/><G105/><T68/><REACH who="0" step="1"/><D118/><REACH who="0" ten="75,360,390,165" step="2"/><U127/><E103/><V69/><F69/><W106/><G35/><T7/><D7/><U109/><E109/><V133/><F133/><W57/><G106/><T95/><D95/><U113/><E113/><V75/><AGARI ba="0,1" hai="24,25,75,79,81,88,92,96" m="22615,50219" machi="75" ten="30,4000,0" yaku="19,1,52,1,54,1" doraHai="72" who="2" fromWho="2" sc="75,-10,360,-10,390,50,165,-20" /><INIT seed="4,0,0,3,4,80" ten="65,350,440,145" oya="0" hai0="96,92,99,81,61,108,36,51,129,72,5,105,53" hai1="11,60,35,59,65,107,95,82,30,97,3,132,91" hai2="52,31,67,79,56,120,42,13,7,41,85,117,28" hai3="64,39,84,109,47,17,54,118,70,2,34,78,87"/><T49/><D36/><U9/><E132/><V134/><F120/><W37/><G109/><T100/><D129/><U126/><E126/><V90/><F134/><W20/><G118/><T98/><D108/><U93/><E3/><V127/><F67/><W116/><G116/><T102/><D98/><U21/><E35/><V29/><F79/><W15/><G2/><T135/><D135/><U71/><E71/><V50/><F127/><W38/><G34/><T48/><D5/><U86/><E107/><V75/><F75/><W124/><G124/><T4/><D4/><U101/><E82/><N who="2" m="49463" /><F117/><W103/><G78/><T12/><D72/><U76/><E76/><V128/><F128/><W63/><REACH who="3" step="1"/><G103/><REACH who="3" ten="65,350,440,135" step="2"/><T131/><D131/><U26/><AGARI ba="0,1" hai="9,11,21,26,30,59,60,65,86,91,93,95,97,101" machi="26" ten="30,8000,1" yaku="0,1,25,2,8,1,52,1" doraHai="80" who="1" fromWho="1" sc="65,-40,350,90,440,-20,135,-20" /><INIT seed="5,0,0,1,4,83" ten="25,440,420,115" oya="1" hai0="97,26,98,71,124,12,13,40,63,0,66,15,127" hai1="122,18,119,4,73,100,74,14,31,54,116,56,35" hai2="93,88,60,90,2,62,86,37,32,11,68,107,106" hai3="47,43,111,64,85,130,25,50,126,45,105,125,70"/><U38/><E38/><V3/><F37/><W9/><G105/><T102/><D40/><U128/><E122/><V61/><F68/><W82/><G111/><T48/><D0/><U135/><E4/><V118/><F118/><W79/><G130/><T49/><D26/><U104/><E128/><V103/><F32/><W16/><G47/><T132/><D132/><U20/><E135/><V46/><F103/><W91/><G64/><T51/><REACH who="0" step="1"/><D102/><REACH who="0" ten="15,440,420,115" step="2"/><U101/><E101/><V75/><F2/><W96/><G70/><T6/><D6/><U24/><E119/><V65/><F3/><W89/><G25/><T77/><D77/><U78/><E78/><V41/><F41/><W23/><G79/><T7/><D7/><U108/><E116/><V58/><F75/><W1/><G1/><T39/><D39/><U112/><E108/><V28/><F28/><W42/><G42/><T29/><D29/><U57/><E74/><V80/><F107/><W95/><G43/><T21/><D21/><U117/><E117/><V33/><F106/><W52/><G23/><T44/><D44/><U99/><E73/><V27/><F46/><W115/><G115/><T131/><D131/><U5/><E5/><V114/><F114/><W67/><G67/><T113/><D113/><U76/><E76/><V55/><F65/><W84/><G96/><AGARI ba="0,1" hai="12,13,15,48,49,51,63,66,71,96,97,98,124,127" machi="96" ten="50,1600,0" yaku="1,1,53,0" doraHai="83" doraHaiUra="17" who="0" fromWho="3" sc="15,26,440,0,420,0,115,-16" /><INIT seed="6,0,0,1,4,79" ten="41,440,420,99" oya="2" hai0="130,74,85,52,129,9,59,65,96,131,24,108,105" hai1="90,89,67,38,57,71,135,76,42,82,122,13,101" hai2="58,120,53,62,33,12,55,91,45,36,29,56,88" hai3="103,51,107,72,77,70,63,126,104,99,17,116,27"/><V115/><F120/><W83/><G116/><T102/><D108/><U93/><E71/><V66/><F115/><W41/><G126/><T39/><D39/><U43/><E135/><V134/><F134/><W80/><G107/><T123/><D123/><U54/><E67/><V125/><F125/><W119/><G119/><T97/><D65/><U48/><E122/><V121/><F121/><W5/><G5/><T11/><D74/><U50/><E38/><V26/><F12/><W127/><G127/><T81/><D96/><U109/><E109/><V113/><F113/><W8/><G70/><T1/><D24/><U73/><E101/><V7/><F7/><W117/><G63/><N who="0" m="36327" /><D1/><U106/><E106/><V25/><F25/><W61/><G61/><T30/><D30/><U0/><E0/><V16/><F16/><W124/><G124/><T40/><D40/><U112/><E112/><V49/><REACH who="2" step="1"/><F36/><REACH who="2" ten="41,440,410,99" step="2"/><W98/><G117/><T2/><D2/><U18/><E18/><V133/><F133/><W14/><G27/><T34/><D34/><U87/><E13/><V94/><F94/><W69/><G104/><T28/><D28/><U92/><E50/><AGARI ba="0,1" hai="26,29,33,45,49,50,53,55,56,58,62,66,88,91" machi="50" ten="30,12000,1" yaku="1,1,7,1,54,1,53,2" doraHai="79" doraHaiUra="84" who="2" fromWho="1" sc="41,0,440,-120,410,130,99,0" /><INIT seed="6,1,0,1,0,62" ten="41,320,540,99" oya="2" hai0="55,131,77,114,104,127,122,56,65,37,7,75,16" hai1="26,83,38,119,72,106,133,54,46,2,36,96,29" hai2="126,49,12,63,25,89,47,1,24,97,13,31,98" hai3="21,115,3,28,57,109,118,78,74,33,86,101,81"/><V66/><F1/><W73/><G118/><T113/><D37/><U85/><E119/><V5/><F126/><W84/><G109/><T102/><D7/><U9/><E133/><V23/><F25/><W41/><G33/><T110/><D110/><U120/><E120/><V108/><F108/><W80/><G3/><T69/><D122/><U125/><E125/><V88/><F98/><W93/><G41/><T68/><D104/><U35/><E54/><N who="2" m="30015" /><F97/><W53/><G115/><N who="0" m="44043" /><D102/><U44/><E44/><V59/><F5/><W60/><G101/><T42/><D42/><U39/><E72/><V95/><F95/><W64/><G93/><T71/><D127/><U34/><E34/><V129/><F129/><W105/><G105/><T123/><D123/><U50/><E96/><V103/><F103/><W17/><G28/><T43/><D43/><U76/><E106/><V67/><F67/><W4/><G4/><T19/><D131/><U51/><REACH who="1" step="1"/><E46/><REACH who="1" ten="41,310,540,99" step="2"/><V117/><F117/><W128/><G128/><T79/><D75/><U40/><E40/><V130/><F130/><W87/><G53/><T107/><D107/><U134/><E134/><V116/><F116/><W91/><REACH who="3" step="1"/><G74/><REACH who="3" ten="41,310,540,89" step="2"/><T48/><D77/><U61/><E61/><V112/><F112/><W27/><AGARI ba="1,2" hai="17,21,27,57,60,64,73,78,80,81,84,86,87,91" machi="27" ten="20,8000,1" yaku="1,1,2,1,0,1,7,1,52,1,53,0" doraHai="62" doraHaiUra="92" who="3" fromWho="3" sc="41,-21,310,-21,540,-41,89,103" /><INIT seed="7,0,0,5,5,66" ten="20,289,499,192" oya="3" hai0="24,89,103,17,59,50,93,127,129,101,34,88,115" hai1="4,60,52,117,104,16,33,119,38,39,53,113,97" hai2="29,96,75,68,36,42,72,14,65,120,109,84,70" hai3="112,102,74,28,56,35,6,105,8,78,130,31,43"/><W77/><G112/><T90/><D129/><U48/><E33/><V58/><F109/><W131/><G43/><T3/><D127/><U15/><E4/><V0/><F0/><W5/><G56/><T61/><D3/><U125/><E125/><V30/><F36/><W134/><G102/><T122/><D122/><U82/><E82/><V57/><F42/><W55/><G55/><T21/><D115/><U100/><E113/><V64/><F14/><W135/><G8/><T94/><D34/><U2/><E2/><V108/><F96/><W99/><G99/><T123/><D123/><U51/><E60/><V92/><F120/><W91/><G91/><T73/><D73/><U118/><E51/><V54/><F108/><W37/><G37/><T40/><D103/><U22/><E53/><V10/><F54/><W132/><G105/><T81/><D81/><U133/><E133/><V9/><F84/><W126/><G126/><T76/><D76/><N who="3" m="29289" /><G74/><T98/><D101/><U25/><E25/><V49/><F49/><W83/><G83/><T23/><D93/><AGARI ba="0,0" hai="9,10,29,30,57,58,64,65,68,70,72,75,92,93" machi="93" ten="25,6400,0" yaku="22,2,52,2" doraHai="66" who="2" fromWho="0" sc="20,-64,289,0,499,64,192,0" owari="-44,-54.0,289,9.0,563,66.0,192,-21.0" /></mjloggm>