<mjloggm ver="2.3"><GO type="169" lobby="0"/><UN n0="%E5%AD%90%E4%BE%9B%E4%BC%9A%E5%93%A1" n1="%E3%83%AA%E3%83%95%E3%83%AC%E3%82%AF%E3%83%86%E3%82%A3%E3%82%A2" n2="%E3%82%B9%E3%83%86%E3%83%AB%E3%82%B9%6B%69%6E%6F" n3="%EF%BC%88%E2%89%A7%E2%96%BD%E2%89%A6%EF%BC%89" dan="16,17,16,18" rate="2050.04,2150.67,2098.44,2272.89" sx="M,F,F,M"/><TAIKYOKU oya="0"/><INIT seed="0,0,0,4,0,132" ten="250,250,250,250" oya="0" hai0="114,106,47,133,18,24,35,60,53,96,28,33,122" hai1="7,91,50,72,56,123,121,103,74,79,17,98,93" hai2="120,84,95,43,55,36,124,34,110,20,117,11,8" hai3="39,16,61,75,77,62,113,111,89,41,27,6,10"/><T51/><D122/><U87/><E7/><V40/><F34/><W99/><G113/><T94/><D114/><U65/><E65/><V4/><F120/><W86/><G111/><T25/><D106/><U31/><E31/><V63/><F110/><W134/><G99/><T130/><D130/><U71/><E71/><V85/><F117/><W21/><G134/><T90/><D133/><U26/><E26/><V129/><F129/><W80/><G41/><T66/><D18/><U92/><E17/><V30/><F11/><W100/><G100/><T116/><D116/><U82/><E56/><V118/><F118/><W76/><G39/><T48/><D48/><U1/><E50/><V5/><F5/><W83/><REACH who="3" step="1"/><G76/><REACH who="3" ten="250,250,250,240" step="2"/><T126/><D96/><U68/><E121/><V104/><F43/><W59/><G59/><T15/><D47/><U115/><E68/><V23/><F40/><W105/><G105/><T70/><D70/><U12/><E115/><V135/><F104/><W52/><G52/><T128/><D53/><U101/><E123/><V64/><F55/><W78/><G78/><T69/><D69/><U13/><E101/><V2/><F36/><W73/><G73/><T32/><D128/><U108/><E108/><V49/><F135/><W102/><G102/><T81/><D66/><U9/><E74/><V37/><F64/><W57/><G57/><T88/><D90/><U29/><E72/><V67/><F67/><W107/><G107/><T131/><D88/><U112/><E103/><V22/><F37/><W44/><G44/><T14/><D131/><U46/><E112/><RYUUKYOKU ba="0,1" sc="250,-10,250,-10,250,-10,240,30" hai3="6,10,16,21,27,61,62,75,77,80,83,86,89" /><INIT seed="1,1,1,1,3,96" ten="240,240,240,270" oya="1" hai0="101,113,110,103,78,64,47,71,70,131,80,119,73" hai1="88,32,11,31,60,7,20,116,85,29,63,27,82" hai2="23,90,117,36,43,51,35,14,15,84,123,42,104" hai3="18,59,52,56,91,125,13,26,49,66,24,87,98"/><U127/><E116/><V46/><F123/><W132/><G132/><T107/><D119/><U3/><REACH who="1" step="1"/><E127/><REACH who="1" ten="240,230,240,270" step="2"/><V89/><F117/><W16/><G125/><T112/><D113/><U57/><E57/><V134/><F134/><W22/><G98/><T37/><D112/><U124/><E124/><V48/><F46/><W76/><G76/><T100/><D47/><U34/><E34/><V50/><F35/><W30/><G30/><T21/><D78/><U129/><E129/><V99/><F99/><W102/><G102/><T28/><D103/><U55/><E55/><V1/><F43/><W19/><G59/><T81/><D101/><U72/><E72/><V0/><F42/><W33/><G33/><T44/><D100/><U39/><E39/><V122/><F36/><W4/><G66/><T17/><D37/><U95/><E95/><V6/><F104/><W93/><G4/><T109/><D107/><U135/><E135/><V8/><F6/><W97/><G97/><T10/><D44/><U74/><E74/><V58/><F58/><W2/><G2/><T121/><D64/><U108/><E108/><V38/><F1/><W126/><G126/><T45/><D131/><U92/><E92/><V94/><F94/><W114/><G114/><T120/><D45/><U75/><E75/><V68/><F0/><W77/><G77/><T41/><D73/><U111/><E111/><V40/><F38/><W61/><G49/><T65/><D110/><U54/><E54/><V115/><F51/><W67/><G67/><T69/><D65/><U105/><E105/><V83/><F50/><RYUUKYOKU ba="1,2" sc="240,-15,230,15,240,-15,270,15" hai1="3,7,11,20,27,29,31,32,60,63,82,85,88" hai3="13,16,18,19,22,24,26,52,56,61,87,91,93" /><INIT seed="1,2,2,2,0,46" ten="225,245,225,285" oya="1" hai0="13,16,14,51,69,7,84,124,91,18,36,47,39" hai1="104,126,118,81,74,93,99,33,8,68,86,94,65" hai2="67,19,63,71,45,4,59,130,72,83,127,60,105" hai3="17,109,30,89,114,92,76,20,108,85,121,35,66"/><U82/><E33/><V3/><F105/><W116/><G121/><T34/><D69/><U50/><E68/><V53/><F130/><W87/><G114/><T79/><D34/><U10/><E65/><V117/><F117/><W73/><G116/><T78/><D39/><U80/><E126/><V131/><F131/><W90/><G66/><T41/><D36/><U32/><E32/><V97/><F127/><W120/><G120/><T88/><D124/><U125/><E125/><V123/><F123/><W44/><G30/><T6/><D91/><N who="1" m="53495" /><E74/><V24/><F97/><W77/><G44/><T135/><D135/><U37/><E37/><V70/><F45/><W58/><G58/><T31/><D31/><U38/><E38/><V95/><F95/><N who="3" m="54703" /><G73/><T42/><D42/><U1/><E1/><V26/><F71/><W98/><G35/><T52/><D41/><U101/><E104/><V134/><F134/><W103/><G20/><N who="0" m="11279" /><D79/><N who="3" m="30281" /><G17/><T21/><D78/><U102/><E102/><V110/><F72/><W133/><G133/><T75/><D75/><U96/><E96/><V106/><F3/><W11/><G11/><N who="1" m="4138" /><E118/><V62/><F70/><W12/><G12/><T128/><D128/><U9/><E9/><V54/><F67/><W5/><G5/><T43/><D43/><U55/><E81/><AGARI ba="2,2" hai="81,87,90,92,98,103,108,109" m="30281,54703" machi="81" ten="30,2000,0" yaku="34,2" doraHai="46" who="3" fromWho="1" sc="225,0,245,-26,225,0,285,46" /><AGARI ba="2,0" hai="6,7,14,18,21,47,51,52,81,84,88" m="11279" machi="81" ten="30,8000,1" yaku="8,1,52,1,54,3" doraHai="46" who="0" fromWho="1" sc="225,80,219,-80,225,0,331,0" /><INIT seed="2,0,0,0,5,89" ten="305,139,225,331" oya="2" hai0="22,107,97,88,60,82,32,29,116,11,40,43,69" hai1="130,84,45,108,8,19,34,93,31,36,48,53,120" hai2="131,59,39,117,28,61,37,71,77,126,15,55,65" hai3="127,100,41,122,70,7,42,98,18,87,24,81,49"/><V90/><F117/><W111/><G70/><T12/><D116/><U20/><E130/><V33/><F131/><W66/><G66/><N who="0" m="41159" /><D22/><U56/><E108/><V110/><F110/><W4/><G111/><T118/><D118/><U101/><E120/><V92/><F126/><W78/><G127/><T58/><D58/><U96/><E34/><V35/><F77/><W10/><G122/><T75/><D75/><U50/><E36/><V74/><F74/><W54/><G24/><N who="0" m="18471" /><D88/><U6/><E31/><V63/><F15/><N who="3" m="7543" /><G100/><N who="0" m="62863" /><D82/><U91/><E8/><V23/><F23/><W133/><G98/><T86/><D86/><U21/><E6/><AGARI ba="0,0" hai="6,11,12,40,43" m="62863,18471,41159" machi="6" ten="30,1000,0" yaku="25,1" doraHai="89" who="0" fromWho="1" sc="305,10,139,-10,225,0,331,0" /><INIT seed="3,0,0,4,3,63" ten="315,129,225,331" oya="3" hai0="104,117,17,134,46,0,22,120,54,23,131,133,122" hai1="80,38,111,21,33,77,127,91,129,85,27,29,59" hai2="28,40,53,86,75,48,25,100,26,57,74,110,76" hai3="49,132,60,36,51,65,61,7,2,15,4,14,130"/><W13/><G36/><T116/><D104/><U52/><E129/><V99/><F110/><W66/><G130/><T24/><D46/><U89/><E111/><V94/><F40/><W90/><G132/><N who="0" m="50795" /><D54/><U44/><E127/><V97/><F26/><W45/><G2/><T20/><D131/><U43/><REACH who="1" step="1"/><E33/><REACH who="1" ten="315,119,225,331" step="2"/><V124/><F124/><W12/><G4/><T32/><D32/><U118/><E118/><N who="0" m="45673" /><D0/><U8/><E8/><V123/><F123/><AGARI ba="0,1" hai="17,20,22,23,24,120,122,123" m="45673,50795" machi="123" ten="40,5200,0" yaku="20,1,34,2" doraHai="63" who="0" fromWho="2" sc="315,62,119,0,225,-52,331,0" /><INIT seed="4,0,0,2,1,104" ten="377,119,173,331" oya="0" hai0="54,33,109,25,0,96,42,130,117,105,31,44,110" hai1="118,108,50,4,90,116,103,11,68,78,38,122,82" hai2="45,39,55,47,67,14,131,57,1,62,91,84,107" hai3="26,74,69,100,133,59,95,63,120,66,81,58,32"/><T129/><D0/><U48/><E122/><V5/><F1/><W29/><G120/><T134/><D54/><U3/><E108/><N who="0" m="41577" /><D117/><U40/><E90/><V15/><F107/><W6/><G6/><T30/><D30/><U51/><E103/><V37/><F131/><W43/><G43/><T88/><D134/><U135/><E68/><V111/><F111/><W94/><G133/><T12/><D12/><U98/><E98/><V10/><F15/><W132/><G132/><T13/><D13/><U85/><E135/><V75/><F75/><W16/><G16/><T2/><D2/><U99/><E99/><V128/><F128/><W77/><REACH who="3" step="1"/><G100/><REACH who="3" ten="377,119,173,321" step="2"/><N who="0" m="62599" /><D42/><U83/><E40/><V20/><F5/><W102/><G102/><T52/><D129/><U97/><E116/><V7/><F7/><W119/><G119/><T124/><D130/><U60/><E118/><V72/><F10/><W27/><G27/><T87/><D25/><U126/><E11/><V21/><F14/><W24/><G24/><T34/><D31/><U56/><E4/><V123/><F123/><W28/><G28/><T53/><D34/><U92/><E3/><V125/><F21/><W46/><G46/><T17/><D33/><U35/><E35/><V18/><F20/><W8/><G8/><T23/><D44/><U79/><E126/><V112/><F47/><W76/><G76/><T41/><D124/><U49/><E78/><V22/><F125/><W61/><G61/><T101/><D101/><U93/><E79/><V115/><F62/><W64/><G64/><T113/><D41/><U121/><E60/><RYUUKYOKU ba="0,1" sc="377,-10,119,-10,173,-10,321,30" hai3="26,29,32,58,59,63,66,69,74,77,81,94,95" /><INIT seed="5,1,1,1,2,30" ten="367,109,163,351" oya="1" hai0="37,69,81,62,124,108,11,120,97,112,6,48,129" hai1="34,74,54,60,78,121,38,43,56,101,0,57,95" hai2="33,134,41,96,25,92,83,24,67,131,65,8,20" hai3="27,87,118,36,63,68,32,64,82,13,5,15,42"/><U79/><E121/><V117/><F117/><W61/><G118/><T130/><D37/><U40/><E0/><V14/><F134/><W55/><G5/><T90/><D108/><U46/><E74/><V22/><F41/><W115/><G115/><T39/><D39/><U53/><E43/><V12/><F83/><W7/><G7/><T85/><D124/><U128/><E128/><N who="0" m="49257" /><D112/><U119/><E119/><V26/><F33/><W98/><G98/><T126/><D126/><U44/><E44/><V72/><F72/><W102/><G102/><T132/><D132/><U70/><E34/><V50/><F50/><W75/><G75/><T35/><D35/><U47/><E47/><V17/><F131/><W2/><G2/><N who="0" m="471" /><D48/><U16/><E16/><N who="2" m="10263" /><F8/><W91/><G36/><T106/><D106/><U10/><E10/><V84/><F84/><W86/><G86/><T123/><D97/><U1/><E1/><V3/><F3/><W116/><G116/><T111/><D111/><U105/><E105/><V21/><F22/><W73/><G73/><T9/><D9/><U94/><E70/><V103/><AGARI ba="1,1" hai="12,17,21,24,25,26,65,67,92,96,103" m="10263" machi="103" ten="30,2000,0" yaku="8,1,54,1" doraHai="30" who="2" fromWho="2" sc="367,-6,109,-11,163,33,351,-6" /><INIT seed="6,0,0,5,2,15" ten="361,98,196,345" oya="2" hai0="0,52,105,85,37,96,80,6,17,66,41,45,58" hai1="53,87,93,89,119,62,112,99,82,107,51,49,120" hai2="25,54,115,63,19,30,92,106,132,127,88,40,42" hai3="32,83,118,116,90,12,77,59,21,130,10,123,78"/><V35/><F106/><W74/><G32/><T133/><D17/><U3/><E3/><V36/><F115/><W108/><G108/><T109/><D109/><U33/><E119/><V72/><F72/><W114/><G123/><T113/><D113/><U27/><E120/><V4/><F4/><W70/><G70/><T81/><D66/><U48/><E112/><V71/><F132/><W121/><G121/><T9/><D133/><U55/><E107/><V103/><F103/><W11/><G114/><T111/><D111/><U104/><E104/><V22/><F36/><W129/><G90/><T75/><D75/><U124/><E124/><V67/><F54/><W38/><G38/><T28/><D28/><U44/><E33/><V60/><F60/><W46/><G46/><T98/><D105/><U76/><E27/><V24/><REACH who="2" step="1"/><F127/><REACH who="2" ten="361,98,186,345" step="2"/><W110/><G110/><T100/><D100/><U14/><E62/><V20/><F20/><W23/><G74/><T5/><D5/><U117/><E117/><V34/><F34/><W65/><G116/><T122/><D122/><U91/><E76/><V16/><F16/><W94/><G118/><T135/><D135/><U102/><E102/><V64/><F64/><W31/><G65/><T68/><D6/><U7/><E55/><V47/><F47/><W8/><G78/><T95/><D52/><U13/><REACH who="1" step="1"/><E7/><REACH who="1" ten="361,88,186,345" step="2"/><V29/><F29/><W84/><G31/><T101/><D101/><U43/><E43/><V1/><F1/><W79/><G77/><T39/><D41/><U56/><E56/><V134/><F134/><W57/><G59/><RYUUKYOKU ba="0,2" sc="361,-15,88,15,186,15,345,-15" hai1="13,14,44,48,49,51,53,82,87,89,91,93,99" hai2="19,22,24,25,30,35,40,42,63,67,71,88,92" /><INIT seed="6,1,2,3,5,54" ten="346,103,201,330" oya="2" hai0="53,2,45,18,127,41,13,64,28,107,61,121,52" hai1="69,66,40,130,4,77,84,20,23,132,24,135,125" hai2="57,111,117,98,19,79,83,17,6,99,5,123,9" hai3="34,56,97,35,33,59,58,70,110,51,50,116,0"/><V38/><F123/><W1/><G97/><T81/><D2/><N who="3" m="1129" /><G70/><T71/><D121/><U63/><E130/><V115/><F117/><W75/><G75/><T134/><D107/><U72/><E72/><V91/><F38/><W7/><G7/><T21/><D134/><N who="1" m="51243" /><E125/><V32/><F32/><W131/><G131/><T119/><D119/><U25/><E4/><V90/><F115/><W80/><G80/><T129/><D127/><U48/><E77/><V128/><F128/><W112/><G116/><T82/><D28/><U15/><E84/><N who="2" m="48255" /><F111/><W120/><G120/><T42/><D129/><U78/><E78/><V68/><F68/><W124/><G124/><T14/><D14/><U126/><E126/><V10/><F98/><W95/><G110/><T96/><D96/><U37/><E37/><V85/><F99/><W30/><G30/><T114/><D114/><U94/><E94/><N who="2" m="54607" /><F91/><W86/><G112/><T102/><D102/><U3/><E3/><V92/><F92/><W87/><G95/><T65/><D82/><U73/><E73/><V16/><F6/><W133/><G133/><T105/><D81/><U62/><E62/><V55/><F5/><W103/><G103/><T67/><D71/><U11/><E24/><V39/><F39/><W47/><G51/><AGARI ba="1,2" hai="9,10,16,17,19,51,55,57" m="54607,48255" machi="51" ten="30,5800,0" yaku="8,1,52,1,54,1" doraHai="54" who="2" fromWho="3" sc="346,0,103,0,201,81,330,-61" /><INIT seed="6,2,0,0,3,38" ten="346,103,282,269" oya="2" hai0="42,131,52,14,111,79,17,21,41,40,5,64,73" hai1="123,76,87,128,105,95,29,25,122,69,135,124,63" hai2="30,57,89,125,43,102,129,4,104,24,77,35,118" hai3="46,54,103,112,13,127,55,11,84,50,22,27,33"/><V98/><F118/><W90/><G33/><T88/><D111/><U86/><E69/><V48/><F129/><W16/><G127/><T82/><D64/><U3/><E3/><V7/><F125/><W8/><G112/><T92/><D131/><U94/><E63/><V66/><F77/><W60/><G103/><T68/><D52/><U81/><E25/><V100/><F100/><W114/><G114/><T26/><D68/><U56/><E56/><V70/><F70/><W101/><G101/><T61/><D61/><U113/><E29/><V6/><F89/><W126/><G126/><T31/><D5/><U12/><E124/><V120/><F120/><W115/><G115/><T99/><D42/><U106/><E113/><V0/><F66/><W108/><G108/><T59/><D59/><U36/><E12/><V91/><F91/><W109/><G109/><T49/><D49/><U15/><E15/><V23/><F57/><N who="3" m="34879" /><G27/><T110/><D110/><U133/><E36/><V72/><F72/><W2/><G2/><T93/><D93/><AGARI ba="2,0" hai="8,11,13,16,22,46,50,54,84,90,93" m="34879" machi="93" ten="30,2000,0" yaku="8,1,54,1" doraHai="38" who="3" fromWho="0" sc="346,-26,103,0,282,0,269,26" /><INIT seed="7,0,0,4,3,59" ten="320,103,282,295" oya="3" hai0="69,94,55,41,45,82,58,81,70,75,61,4,126" hai1="8,135,30,93,13,77,1,113,130,23,14,32,24" hai2="97,46,9,83,68,84,134,104,98,60,39,120,100" hai3="2,16,86,52,133,65,29,102,116,3,115,72,63"/><W47/><G72/><T107/><D107/><U28/><E77/><V101/><F134/><W121/><G121/><T89/><D4/><U96/><E93/><V90/><F120/><W49/><G116/><T48/><D126/><U56/><E56/><V6/><F39/><W42/><G133/><T76/><D82/><U15/><E96/><AGARI ba="0,0" hai="41,45,48,55,58,61,69,70,75,76,81,89,94,96" machi="96" ten="30,2000,0" yaku="7,1,52,1" doraHai="59" who="0" fromWho="1" sc="320,20,103,-20,282,0,295,0" owari="340,44.0,83,-42.0,282,-12.0,295,10.0" /></mjloggm>