<mjloggm ver="2.3"><GO type="169" lobby="0"/><UN n0="%E3%82%88%E3%81%8A%E3%81%96%E3%82%93" n1="%EF%BC%88%E2%89%A7%E2%96%BD%E2%89%A6%EF%BC%89" n2="%E3%82%89%E3%81%84%E3%81%A1%E3%82%87%E3%81%86" n3="%73%70%6F%69%6C%65%64" dan="17,17,16,17" rate="2053.84,2154.86,2054.81,2151.94" sx="M,M,M,M"/><TAIKYOKU oya="0"/><INIT seed="0,0,0,5,4,4" ten="250,250,250,250" oya="0" hai0="16,70,28,19,63,60,29,103,40,87,131,100,79" hai1="26,21,59,72,118,46,81,57,39,133,27,17,116" hai2="35,124,69,37,30,102,8,9,80,119,14,115,0" hai3="32,38,84,44,11,105,123,58,53,109,2,75,94"/><T13/><D131/><U110/><E133/><V112/><F69/><W50/><G109/><T135/><D135/><U56/><E110/><V129/><F37/><W134/><G123/><T68/><D13/><U62/><E62/><V98/><F129/><W126/><G126/><T6/><D6/><U107/><E107/><V125/><F119/><W54/><G105/><T111/><D111/><U108/><E108/><V127/><F80/><W10/><G32/><T42/><D87/><U76/><REACH who="1" step="1"/><E27/><REACH who="1" ten="250,240,250,250" step="2"/><N who="2" m="18911" /><F0/><W92/><G2/><T77/><AGARI ba="0,1" hai="16,19,28,29,40,42,60,63,68,70,77,79,100,103" machi="77" ten="25,9600,0" yaku="0,1,22,2,54,1" doraHai="4" who="0" fromWho="0" sc="250,106,240,-32,250,-32,250,-32" /><INIT seed="0,1,0,4,5,93" ten="356,208,218,218" oya="0" hai0="123,3,76,55,35,132,23,100,97,77,33,108,116" hai1="58,19,85,51,118,79,82,101,36,134,117,39,13" hai2="25,9,74,128,64,115,67,103,126,29,98,69,75" hai3="20,26,89,113,125,57,114,106,28,53,40,107,84"/><T47/><D123/><U1/><E1/><V90/><F115/><W54/><G125/><T56/><D116/><U34/><E34/><V65/><F126/><W129/><G129/><T87/><D3/><U63/><E134/><V2/><F128/><W61/><G54/><T135/><D108/><U119/><E51/><V105/><F69/><W37/><G40/><T24/><D47/><U99/><E19/><V49/><F49/><W71/><G37/><T80/><D77/><U30/><E13/><V42/><F42/><W50/><G113/><T88/><D76/><U73/><E85/><V8/><F90/><W10/><G10/><T44/><D44/><U17/><E17/><V109/><F109/><W45/><G114/><T94/><D132/><U83/><E83/><V46/><F46/><W81/><REACH who="3" step="1"/><G71/><REACH who="3" ten="356,208,218,208" step="2"/><T14/><D135/><U122/><E122/><V52/><F8/><W124/><G124/><T27/><D14/><U16/><E39/><V18/><F2/><W43/><AGARI ba="1,1" hai="20,26,28,43,45,50,53,57,61,81,84,89,106,107" machi="43" ten="20,2700,0" yaku="1,1,0,1,7,1,53,0" doraHai="93" doraHaiUra="104" who="3" fromWho="3" sc="356,-14,208,-8,218,-8,208,40" /><INIT seed="1,0,0,5,2,41" ten="342,200,210,248" oya="1" hai0="85,43,42,128,78,80,131,31,90,21,64,109,53" hai1="118,83,84,126,0,95,46,32,77,10,112,103,50" hai2="135,28,68,45,104,117,52,71,11,2,37,127,38" hai3="134,111,97,66,13,72,69,15,35,98,12,93,30"/><U9/><E118/><V89/><F104/><W47/><G72/><T113/><D113/><U108/><E112/><V6/><F117/><W8/><G69/><T122/><D122/><U63/><E32/><V18/><F135/><W70/><G70/><T14/><D109/><U57/><E126/><V24/><F127/><W54/><G66/><T59/><D64/><N who="1" m="39023" /><E0/><V40/><F37/><W119/><G111/><T105/><D105/><U19/><E19/><V94/><F18/><W16/><G119/><T62/><D128/><U99/><E108/><V49/><F94/><W33/><G134/><T124/><D124/><U61/><E61/><V123/><F89/><W74/><G74/><T60/><D131/><U114/><E114/><V82/><F82/><W25/><G35/><T87/><D62/><U67/><E67/><V92/><F92/><W129/><G129/><T44/><D14/><U39/><E39/><V34/><REACH who="2" step="1"/><F123/><REACH who="2" ten="342,200,200,248" step="2"/><W115/><G115/><T4/><D90/><U101/><E103/><V120/><F120/><W26/><G93/><T75/><D80/><U106/><E106/><V36/><F36/><W22/><REACH who="3" step="1"/><G8/><REACH who="3" ten="342,200,200,238" step="2"/><T5/><D75/><U3/><E3/><V86/><F86/><W121/><G121/><T20/><D85/><U132/><E132/><V110/><F110/><W88/><G88/><T116/><D87/><U100/><E100/><V17/><F17/><W73/><G73/><T79/><D116/><U23/><E23/><V125/><F125/><W48/><AGARI ba="0,2" hai="12,13,15,16,22,25,26,30,33,47,48,54,97,98" machi="48" ten="30,7900,0" yaku="1,1,0,1,52,1,54,1,53,0" doraHai="41" doraHaiUra="130" who="3" fromWho="3" sc="342,-20,200,-39,200,-20,238,99" /><INIT seed="2,0,0,1,1,45" ten="322,161,180,337" oya="2" hai0="75,20,125,50,117,25,42,122,8,116,46,34,33" hai1="97,80,17,102,13,32,91,135,65,49,114,26,67" hai2="4,5,94,109,39,100,29,41,68,11,54,78,81" hai3="55,111,58,77,52,27,12,93,108,22,128,104,7"/><V38/><F68/><W99/><G104/><T16/><D122/><U9/><E114/><V129/><F129/><W69/><G69/><T2/><D75/><U82/><E135/><V24/><F109/><N who="3" m="42059" /><G77/><T86/><D125/><U63/><E67/><V121/><F121/><W127/><G128/><T113/><D113/><U124/><E124/><V133/><F133/><W23/><G127/><T96/><D96/><U134/><E134/><V6/><F11/><N who="3" m="4223" /><G58/><T83/><D2/><U43/><E91/><V0/><F0/><W30/><G23/><T76/><REACH who="0" step="1"/><D8/><REACH who="0" ten="312,161,180,337" step="2"/><U36/><E9/><V90/><F100/><AGARI ba="0,1" hai="22,27,30,52,55,93,99,100" m="4223,42059" machi="100" ten="30,2000,0" yaku="14,1,54,1" doraHai="45" who="3" fromWho="2" sc="312,0,161,0,180,-20,337,30" /><INIT seed="3,0,0,4,2,101" ten="312,161,160,367" oya="3" hai0="110,78,87,127,72,76,84,36,46,68,96,42,100" hai1="119,16,66,79,21,60,95,50,133,106,9,131,98" hai2="33,29,123,134,125,8,104,67,120,92,65,73,115" hai3="114,13,111,24,5,77,61,62,122,22,12,20,109"/><W64/><G122/><N who="2" m="46633" /><F115/><W37/><G37/><T130/><D68/><U116/><E133/><V38/><F73/><W17/><G114/><T88/><D127/><U51/><E131/><V71/><F38/><W121/><G121/><T107/><D130/><U30/><E79/><V11/><F134/><W132/><G77/><T99/><D110/><N who="3" m="41993" /><G132/><T32/><D32/><U70/><E9/><N who="2" m="3659" /><F125/><W93/><G93/><T39/><D39/><U40/><E30/><V1/><F1/><W57/><G5/><T31/><D31/><U58/><E40/><V102/><F92/><W128/><G128/><T53/><D99/><U2/><E2/><V63/><F67/><N who="3" m="39343" /><G22/><T86/><D53/><U27/><E95/><V52/><F52/><W3/><G3/><T4/><D78/><U129/><E129/><V44/><F44/><W15/><G24/><T56/><D4/><U82/><E82/><V26/><F102/><W0/><G0/><T34/><D34/><U7/><E7/><V83/><F83/><W117/><G117/><N who="1" m="45130" /><E70/><AGARI ba="0,0" hai="12,13,15,17,20,62,64,70" m="39343,41993" machi="70" ten="30,2900,0" yaku="14,1,10,1" doraHai="101" who="3" fromWho="1" sc="312,0,161,-29,160,0,367,29" /><INIT seed="3,1,0,4,5,29" ten="312,132,160,396" oya="3" hai0="55,119,74,99,51,41,52,135,49,68,7,4,40" hai1="67,97,132,93,80,25,16,17,71,5,33,79,108" hai2="21,124,2,15,75,24,133,101,48,13,38,19,61" hai3="114,59,23,64,106,0,86,116,45,113,103,57,26"/><W122/><G0/><T28/><D28/><U118/><E118/><V10/><F38/><W44/><G122/><T100/><D119/><U120/><E120/><V8/><F75/><W81/><G116/><T50/><D68/><U105/><E5/><N who="2" m="1079" /><F61/><W73/><G73/><T53/><D74/><U88/><E105/><V70/><F48/><W130/><G130/><T12/><D135/><U9/><E132/><V27/><F101/><W34/><G106/><T91/><D91/><U94/><E94/><V84/><F84/><W134/><G103/><T126/><D126/><U89/><E89/><V1/><F70/><W32/><G134/><T121/><D121/><U102/><E102/><V98/><F98/><W127/><G127/><T11/><REACH who="0" step="1"/><D7/><REACH who="0" ten="302,132,160,396" step="2"/><U39/><E71/><V111/><F133/><W66/><G114/><T3/><D3/><U112/><E88/><V104/><F124/><W110/><G113/><T62/><D62/><U18/><E112/><V117/><F117/><W87/><G81/><T35/><D35/><U22/><E33/><V123/><F123/><W69/><G69/><T115/><D115/><U109/><E80/><V14/><F1/><W96/><G32/><T72/><D72/><U54/><E79/><V56/><F111/><W92/><G110/><T43/><D43/><U60/><E109/><V31/><F31/><W128/><G128/><T125/><D125/><U77/><E108/><V36/><F104/><AGARI ba="1,1" hai="4,11,12,40,41,49,50,51,52,53,55,99,100,104" machi="104" ten="40,5200,0" yaku="1,1,54,1,53,1" doraHai="29" doraHaiUra="95" who="0" fromWho="2" sc="302,65,132,0,160,-55,396,0" /><INIT seed="4,0,0,1,3,101" ten="367,132,105,396" oya="0" hai0="78,73,61,59,12,87,58,53,19,124,20,133,23" hai1="54,83,128,33,82,85,29,66,65,46,72,26,0" hai2="132,121,8,99,106,74,120,90,131,16,122,110,51" hai3="126,34,95,42,102,25,45,109,91,130,56,32,3"/><T7/><D124/><U44/><E0/><V88/><F110/><W47/><G3/><T28/><D133/><U119/><E119/><V104/><F51/><W1/><G1/><T75/><D7/><U134/><E134/><V31/><F31/><W80/><G109/><T105/><D105/><N who="2" m="40554" /><F132/><W127/><G130/><T86/><D75/><U111/><E128/><V48/><F48/><W79/><G102/><T5/><D5/><U30/><E111/><V22/><F8/><W116/><G116/><T71/><D71/><U11/><E11/><V49/><F49/><W2/><G2/><T92/><D73/><U41/><E30/><V43/><F43/><W103/><G103/><T100/><D78/><U118/><E118/><V135/><F135/><W60/><G126/><T40/><D40/><U13/><E41/><V24/><F74/><W57/><G127/><T38/><D38/><U89/><E13/><V114/><F131/><W69/><G42/><T27/><D59/><U6/><E6/><V68/><F68/><W63/><G69/><T76/><D76/><N who="1" m="44295" /><E46/><V93/><F90/><W64/><G47/><T4/><D4/><U15/><E15/><V50/><F50/><W94/><G45/><T39/><D39/><U81/><E44/><V10/><F10/><W18/><G91/><T117/><D117/><U84/><E54/><V96/><F96/><AGARI ba="0,0" hai="12,19,20,23,27,28,53,58,61,86,87,92,96,100" machi="96" ten="40,2000,0" yaku="8,1" doraHai="101" who="0" fromWho="2" sc="367,20,132,0,105,-20,396,0" /><INIT seed="4,1,0,5,1,77" ten="387,132,85,396" oya="0" hai0="69,63,126,113,110,116,95,50,105,36,74,64,25" hai1="106,76,129,134,130,48,53,16,93,98,79,124,5" hai2="22,89,103,92,70,55,13,39,30,73,94,28,18" hai3="32,102,52,61,46,82,8,90,135,56,121,62,4"/><T26/><D105/><U41/><E106/><V96/><F73/><W99/><G32/><T71/><D116/><U86/><E5/><V51/><F70/><W78/><G135/><T132/><D36/><U44/><E134/><V111/><F39/><W29/><G29/><T19/><D132/><U2/><E2/><V66/><F66/><W27/><G27/><T15/><D110/><U120/><E120/><V125/><F125/><W118/><G118/><T119/><D119/><U72/><E72/><V115/><F115/><W12/><G90/><T128/><D69/><U87/><E124/><V47/><REACH who="2" step="1"/><F111/><REACH who="2" ten="387,132,75,396" step="2"/><W117/><G117/><T17/><D126/><U23/><E130/><V107/><F107/><W67/><G121/><T65/><D128/><U57/><E129/><V108/><F108/><W24/><G67/><T40/><D65/><U97/><E76/><V9/><F9/><W88/><G78/><T54/><D74/><U1/><E79/><V68/><F68/><W109/><G109/><T11/><D71/><U37/><E1/><V6/><F6/><W59/><G4/><T49/><D64/><U83/><E37/><V33/><F33/><W38/><G38/><T34/><D34/><U31/><E23/><V123/><F123/><W14/><G8/><T58/><D11/><U43/><E43/><V101/><F101/><W133/><G133/><T84/><D40/><U114/><E41/><V100/><F100/><W91/><G102/><T42/><D42/><U3/><E114/><V127/><F127/><W112/><G112/><T7/><D113/><U75/><E3/><RYUUKYOKU ba="1,1" sc="387,-10,132,-10,75,30,396,-10" hai2="13,18,22,28,30,47,51,55,89,92,94,96,103" /><INIT seed="5,2,1,2,0,57" ten="377,122,105,386" oya="1" hai0="86,4,80,50,116,78,108,30,101,124,19,130,6" hai1="46,71,106,119,97,123,88,31,110,120,126,37,100" hai2="121,12,73,82,10,84,49,13,27,44,11,87,129" hai3="32,15,34,36,75,69,90,125,109,102,62,131,99"/><U16/><E119/><V55/><F121/><W18/><G36/><T2/><D116/><U33/><E126/><V61/><F129/><W17/><G75/><T77/><D130/><U41/><E110/><V115/><F115/><W63/><G131/><T134/><D108/><U1/><E1/><V56/><F73/><W54/><G109/><T47/><D124/><U8/><E71/><V113/><F113/><W22/><G125/><T111/><D111/><U5/><E5/><N who="2" m="3183" /><F27/><W23/><G90/><T42/><D134/><U64/><E64/><N who="2" m="38951" /><F82/><W40/><G40/><T94/><D30/><U60/><E123/><V104/><F104/><W70/><G15/><T105/><D105/><U118/><E120/><V67/><F67/><W24/><G24/><T25/><D78/><U52/><E118/><V21/><F21/><W132/><G132/><T117/><D117/><U127/><E127/><V95/><F95/><W28/><G28/><T9/><D2/><U128/><E128/><V48/><F48/><W103/><G54/><T83/><D83/><U112/><E112/><V20/><F20/><W59/><G59/><T89/><D101/><U74/><E74/><V76/><F76/><W65/><G65/><T92/><D92/><U39/><E39/><V45/><F45/><W133/><G133/><T35/><D35/><U93/><E33/><V14/><F14/><W68/><G68/><T81/><D81/><U7/><E106/><V0/><F0/><W29/><G29/><T96/><D9/><U72/><E72/><V58/><F58/><W53/><G53/><T43/><D43/><RYUUKYOKU ba="2,1" sc="377,10,122,-30,105,10,386,10" hai0="4,6,19,25,42,47,50,77,80,86,89,94,96" hai2="10,13,44,49,55,84,87" hai3="17,18,22,23,32,34,62,63,69,70,99,102,103" /><INIT seed="6,3,1,2,0,90" ten="387,92,115,396" oya="2" hai0="135,18,5,104,87,50,116,46,72,37,17,68,120" hai1="35,86,83,9,6,109,56,85,113,71,74,3,80" hai2="31,60,48,121,125,130,91,1,128,123,111,28,58" hai3="84,133,89,33,82,134,127,93,13,129,27,106,38"/><V97/><F1/><W99/><G38/><T114/><D72/><U45/><E109/><V39/><F39/><W94/><G129/><N who="2" m="49769" /><F111/><W118/><G118/><T110/><D116/><U22/><E35/><V57/><F125/><W103/><G127/><T36/><D110/><U10/><E71/><V47/><F91/><W51/><G13/><T70/><D120/><N who="2" m="46154" /><F97/><W11/><G11/><N who="1" m="4106" /><E3/><V30/><F60/><W2/><G2/><T23/><D5/><U63/><E74/><V8/><F8/><W55/><G27/><T132/><D104/><U24/><E6/><V32/><F32/><W119/><G33/><T43/><D114/><U16/><E113/><V124/><F124/><W88/><G119/><T7/><D7/><U64/><E45/><V14/><F14/><W131/><G131/><T19/><D23/><U98/><E98/><V54/><AGARI ba="3,1" hai="28,30,31,47,48,54,57,58" m="46154,49769" machi="54" ten="40,2100,0" yaku="19,1" doraHai="90" who="2" fromWho="2" sc="387,-10,92,-10,115,40,396,-10" /><INIT seed="6,4,0,5,0,66" ten="377,82,155,386" oya="2" hai0="39,117,43,61,83,89,105,133,41,110,113,63,7" hai1="127,99,79,62,76,100,12,16,98,71,28,18,14" hai2="2,9,126,53,102,38,20,85,24,3,77,118,13" hai3="30,19,130,55,33,134,50,52,86,21,45,119,73"/><V74/><F118/><W72/><G119/><T8/><D117/><U31/><E127/><V131/><F38/><W116/><G116/><T1/><D110/><U44/><E44/><V94/><F126/><W122/><G122/><T114/><D105/><U112/><E62/><V128/><F74/><W87/><G134/><T91/><D133/><U5/><E5/><N who="2" m="3247" /><F53/><W101/><G101/><T80/><D8/><U22/><E112/><V84/><F77/><W40/><G130/><N who="2" m="49705" /><F102/><W88/><G86/><N who="2" m="33385" /><F94/><W0/><G0/><T115/><D1/><U132/><E132/><V104/><F104/><W82/><G73/><T90/><D7/><U42/><E100/><V120/><F120/><W57/><G72/><T15/><D15/><U46/><E42/><N who="0" m="15881" /><D39/><U36/><E36/><V95/><F95/><W75/><G75/><T17/><D17/><AGARI ba="4,0" hai="2,3,17,20,24" m="33385,49705,3247" machi="17" ten="30,1500,0" yaku="19,1" doraHai="66" who="2" fromWho="0" sc="377,-27,82,0,155,27,386,0" /><INIT seed="6,5,0,0,2,115" ten="350,82,182,386" oya="2" hai0="44,39,103,72,86,131,63,100,47,33,60,15,92" hai1="54,48,31,111,20,45,108,122,3,76,40,67,121" hai2="53,129,59,21,57,90,109,98,43,107,34,74,29" hai3="64,102,6,69,88,96,25,2,62,17,125,55,36"/><V51/><F74/><W130/><G36/><T14/><D72/><U128/><E3/><V83/><F129/><W12/><G130/><T61/><D131/><U110/><E128/><V123/><F123/><N who="1" m="47113" /><E76/><V82/><F34/><W24/><G125/><T84/><D33/><U101/><E101/><V38/><F38/><W127/><G127/><T77/><D39/><N who="1" m="21663" /><E20/><V120/><F120/><W126/><G126/><T104/><D92/><U105/><E31/><V79/><F43/><W18/><G2/><T94/><D94/><U73/><E105/><V22/><F107/><W16/><G55/><T32/><D32/><U114/><E73/><V117/><F29/><W87/><G6/><T56/><D104/><U116/><E67/><V85/><F98/><W71/><G71/><T23/><D23/><U9/><E9/><V37/><F21/><W41/><G41/><T50/><D77/><U42/><E114/><V89/><F22/><W11/><G24/><T134/><D100/><U135/><E135/><V30/><F30/><W118/><G25/><T10/><D103/><U112/><E112/><V95/><F95/><W70/><G102/><T68/><D134/><U26/><E26/><V1/><F1/><W46/><G96/><T132/><D132/><U19/><E19/><V133/><F133/><W80/><G18/><T28/><D28/><U58/><E42/><V52/><F89/><W99/><G17/><T4/><D15/><U78/><E78/><V124/><F90/><W93/><G88/><T106/><D106/><U7/><E7/><V75/><F79/><W27/><G99/><RYUUKYOKU ba="5,0" sc="350,-10,82,30,182,-10,386,-10" hai1="48,54,58,108,110,111,116" /><INIT seed="7,6,0,2,2,1" ten="340,112,172,376" oya="3" hai0="119,21,82,10,67,24,7,52,88,115,111,8,6" hai1="19,132,42,59,50,95,92,29,114,125,94,46,69" hai2="76,99,77,129,98,20,108,22,66,117,0,128,31" hai3="107,130,96,75,97,90,56,63,39,53,62,121,25"/><W60/><G121/><T36/><D119/><U51/><E69/><V81/><F117/><W118/><G75/><T28/><D111/><U123/><E123/><V93/><F108/><W72/><G72/><T68/><D36/><U16/><E125/><V47/><F0/><W112/><G118/><T23/><D115/><U73/><E73/><N who="2" m="43183" /><F76/><W91/><G39/><T33/><D68/><U37/><E114/><V9/><F66/><W78/><G78/><T18/><D67/><U32/><E132/><V127/><F127/><W44/><G130/><N who="2" m="50281" /><F31/><W45/><G112/><T83/><D33/><U48/><REACH who="1" step="1"/><E59/><REACH who="1" ten="340,102,172,376" step="2"/><V84/><F47/><W13/><G45/><T15/><D52/><U120/><E120/><V106/><F106/><W87/><G44/><T135/><D135/><U43/><E43/><V61/><F61/><W105/><G60/><T79/><D79/><U17/><E17/><V133/><F133/><W5/><G63/><T126/><D126/><U102/><E102/><V89/><F9/><N who="0" m="3690" /><D83/><U12/><E12/><V85/><F85/><AGARI ba="6,1" hai="6,7,15,18,21,23,24,28,82,85,88" m="3690" machi="85" ten="30,7700,0" yaku="8,1,52,2,54,1" doraHai="1" who="0" fromWho="2" sc="340,105,102,0,172,-95,376,0" owari="445,54.0,102,-30.0,77,-42.0,376,18.0" /></mjloggm>