<mjloggm ver="2.3"><GO type="97"/><UN n0="%E3%82%A6%E3%83%AB%E3%83%88%E3%83%A9%E7%AB%8B%E7%9B%B4" n1="%54%68%6F%6D%73%6F%6E%2E" n2="%E6%98%8E%E6%97%A5%E3%81%AF%E3%81%A9%E3%81%A3%E3%81%A1%E3%81%A0" n3="%E5%B9%B3%E5%92%8C%E3%83%8F%E3%82%A4%E3%83%84" dan="15,13,13,15" rate="1930,1864,2034,1990" sx="M,M,M,M"/><TAIKYOKU oya="0"/><INIT seed="0,0,0,0,3,26" ten="250,250,250,250" oya="0" hai0="17,125,111,8,3,64,101,96,83,71,84,99,2" hai1="68,72,19,49,16,128,119,123,31,66,35,21,88" hai2="132,25,80,52,117,104,124,73,22,15,91,122,40" hai3="86,120,97,77,1,69,48,44,60,112,75,100,27"/><T30/><D96/><U78/><E123/><V98/><F122/><W28/><G112/><T54/><D125/><U38/><E119/><V126/><F117/><W90/><G1/><T102/><D102/><U70/><E38/><V92/><F40/><W47/><G120/><T116/><D116/><U10/><E128/><V0/><F0/><W76/><G75/><T121/><D121/><U32/><E72/><V115/><F115/><W131/><G131/><T12/><D111/><U33/><E78/><V37/><F37/><W58/><G69/><T106/><D54/><U20/><E66/><V34/><F132/><W62/><G97/><T4/><D64/><U81/><E49/><V55/><F104/><W7/><G100/><T56/><D56/><U74/><E74/><V118/><F118/><W110/><G7/><T135/><D71/><U57/><E57/><V130/><F130/><W114/><G114/><T6/><D135/><U50/><E50/><V63/><F15/><W41/><G47/><T9/><D30/><U61/><E61/><N who="3" m="23658" /><G58/><T133/><D133/><U79/><E79/><N who="2" m="44143" /><F34/><W82/><G110/><T36/><D36/><U11/><E35/><V105/><F105/><W109/><G109/><T107/><D107/><U103/><E103/><V59/><F55/><W85/><G86/><T67/><D67/><U94/><E81/><V39/><F39/><W45/><G45/><T87/><REACH who="0" step="1"/><D83/><REACH who="0" ten="240,250,250,250" step="2"/><U18/><E68/><V14/><F126/><W23/><AGARI ba="0,1" hai="23,27,28,41,44,48,76,77,82,85,90" m="23658" machi="23" ten="30,2000,0" yaku="8,1,52,1" doraHai="26" who="3" fromWho="3" sc="240,-10,250,-5,250,-5,250,30" /><INIT seed="1,0,0,5,2,110" ten="230,245,245,280" oya="1" hai0="130,85,118,65,21,80,83,31,134,122,40,54,12" hai1="47,116,106,90,126,35,22,88,70,1,98,128,28" hai2="78,101,44,71,8,99,121,13,53,107,77,33,68" hai3="50,86,59,123,25,135,132,30,100,67,2,20,95"/><U104/><E116/><V7/><F121/><W18/><G123/><T120/><D122/><U115/><E35/><V105/><F33/><W75/><G75/><T29/><D120/><U111/><E1/><V61/><F107/><W37/><G37/><T81/><D130/><U76/><E111/><V73/><F73/><W3/><G18/><N who="0" m="10439" /><D134/><N who="3" m="51241" /><G86/><T6/><D118/><U125/><E70/><V23/><F23/><W92/><G50/><T49/><D6/><U133/><E133/><V64/><F71/><W26/><G26/><T46/><D65/><U69/><E69/><V9/><F9/><W39/><G39/><T112/><D112/><U60/><E128/><V41/><REACH who="2" step="1"/><F53/><REACH who="2" ten="230,245,235,280" step="2"/><W127/><G127/><T38/><D54/><U63/><E115/><V34/><F34/><W51/><G20/><T4/><D38/><AGARI ba="0,1" hai="7,8,13,38,41,44,61,64,68,77,78,99,101,105" machi="38" ten="30,3900,0" yaku="1,1,7,1,53,1" doraHai="110" doraHaiUra="57" who="2" fromWho="0" sc="230,-39,245,0,235,49,280,0" /><INIT seed="2,0,0,1,2,71" ten="191,245,284,280" oya="2" hai0="37,30,4,69,47,44,118,133,102,107,40,34,43" hai1="24,97,1,123,12,87,86,36,129,85,76,66,83" hai2="125,5,100,50,79,110,3,42,14,55,0,45,109" hai3="64,93,53,113,2,58,101,11,22,75,91,48,108"/><V81/><F125/><W116/><G75/><T103/><D118/><U65/><E1/><V112/><F100/><W82/><G116/><T119/><D119/><U19/><E123/><V61/><F112/><W10/><G113/><T115/><D115/><U84/><E129/><V67/><F55/><W132/><G108/><N who="2" m="41577" /><F14/><W35/><G35/><T60/><D133/><U124/><E124/><V94/><F94/><W128/><G132/><T38/><D4/><U56/><E24/><V39/><F50/><W17/><G128/><T31/><D34/><U104/><E36/><V7/><F7/><W121/><G121/><T51/><D51/><U16/><E104/><V78/><F5/><W98/><G2/><N who="2" m="553" /><F81/><W120/><G120/><T70/><D69/><AGARI ba="0,0" hai="39,42,45,61,67,69,78,79" m="553,41577" machi="69" ten="30,5800,0" yaku="14,1,10,1,52,1" doraHai="71" who="2" fromWho="0" sc="191,-58,245,0,284,58,280,0" /><INIT seed="2,1,0,5,1,124" ten="133,245,342,280" oya="2" hai0="49,117,108,56,67,74,101,113,6,47,44,106,114" hai1="63,119,8,58,3,122,26,28,25,23,31,16,86" hai2="32,39,135,112,94,98,104,73,43,89,134,61,79" hai3="107,115,5,59,121,116,19,80,65,83,91,129,78"/><V70/><F112/><W81/><G121/><T126/><D101/><U130/><E122/><V46/><F32/><W38/><G116/><T133/><D106/><U55/><E119/><V9/><F104/><W50/><G38/><T7/><D74/><U57/><E130/><V36/><F9/><W75/><G115/><T24/><D126/><U97/><E3/><V131/><F131/><W37/><G37/><T4/><D133/><N who="2" m="50698" /><F79/><W42/><G107/><T1/><D108/><U0/><E0/><V72/><F36/><W99/><G129/><T18/><D117/><U53/><E97/><V76/><F76/><W102/><G5/><T105/><D105/><U84/><E8/><V100/><F100/><W90/><G102/><T21/><D1/><U20/><REACH who="1" step="1"/><E28/><REACH who="1" ten="133,235,342,280" step="2"/><V30/><F30/><W71/><G99/><T68/><D68/><U41/><E41/><V13/><F43/><W60/><G42/><T69/><D69/><U15/><E15/><V93/><F70/><W62/><G71/><T48/><D113/><U85/><E85/><V64/><F13/><W66/><G75/><T111/><D111/><U95/><E95/><V22/><F94/><W128/><G128/><T110/><D110/><U27/><E27/><V11/><F73/><W35/><G81/><T17/><D114/><U120/><E120/><V52/><F72/><W33/><G83/><T12/><D47/><U109/><E109/><V10/><F46/><W82/><G80/><T29/><D44/><U40/><E40/><V34/><F93/><W127/><G82/><T123/><D123/><U88/><E88/><RYUUKYOKU ba="1,1" sc="133,-10,235,30,342,-10,280,-10" hai1="16,20,23,25,26,31,53,55,57,58,63,84,86" /><INIT seed="3,2,1,1,4,47" ten="123,265,332,270" oya="3" hai0="78,90,23,0,60,74,57,17,11,27,118,125,129" hai1="126,38,45,48,16,86,9,37,34,10,24,119,113" hai2="69,127,133,93,8,21,135,95,85,65,15,70,59" hai3="84,91,130,104,1,30,75,61,52,4,58,94,134"/><W43/><G104/><T120/><D118/><U33/><E113/><V109/><F127/><W110/><G75/><T35/><D125/><U13/><E126/><V103/><F109/><W28/><G110/><T7/><D120/><U39/><E119/><V32/><F32/><W117/><G117/><T25/><D78/><U36/><N who="1" m="9728" /><DORA hai="83" /><U56/><E56/><V54/><F21/><W41/><G134/><N who="2" m="51209" /><F65/><W101/><G130/><T97/><D74/><U22/><E86/><V12/><F103/><W122/><G101/><T53/><D129/><U19/><REACH who="1" step="1"/><E9/><REACH who="1" ten="123,255,332,270" step="2"/><V99/><F85/><W116/><G122/><T132/><D27/><U77/><E77/><V73/><F8/><W18/><G116/><T72/><D72/><U50/><E50/><V124/><F73/><W67/><G84/><T112/><D112/><U114/><E114/><V98/><F124/><W46/><G58/><T2/><D132/><U26/><E26/><V42/><F59/><W49/><G49/><T115/><D115/><U3/><E3/><V63/><F15/><W51/><G1/><T66/><D2/><U82/><E82/><V80/><F12/><W6/><G51/><T79/><D79/><U68/><E68/><V5/><F80/><W107/><G46/><T89/><D35/><U128/><E128/><V64/><F70/><W31/><G61/><T44/><D44/><U131/><E131/><V20/><F63/><W76/><G76/><T105/><REACH who="0" step="1"/><D66/><REACH who="0" ten="113,255,332,270" step="2"/><U40/><AGARI ba="2,3" hai="10,13,16,19,22,24,33,34,40,45,48" m="9728" machi="40" ten="60,12000,2" yaku="1,1,0,1,52,1,54,1,53,2" doraHai="47,83" doraHaiUra="29,106" who="1" fromWho="1" sc="113,-32,255,156,332,-32,270,-62" owari="81,-42.0,411,51.0,300,10.0,208,-19.0" /></mjloggm>