<mjloggm ver="2.3"><GO type="41" lobby="0"/><UN n0="%E3%82%A6%E3%83%AB%E3%83%88%E3%83%A9%E7%AB%8B%E7%9B%B4" n1="%28%3B%E3%82%9C%D0%B4%E3%82%9C%29" n2="%E3%82%86%E3%81%8D%E3%82%86%E3%81%8D%EF%BC%A0%E4%BD%8F%E5%90%89" n3="%E5%A4%A9%E7%A7%A4%E6%89%93%E6%B3%95" dan="16,14,15,14" rate="2031.27,1891.20,2049.18,1938.12" sx="M,M,M,M"/><TAIKYOKU oya="0"/><INIT seed="0,0,0,2,0,129" ten="250,250,250,250" oya="0" hai0="134,31,22,62,69,51,41,23,63,87,21,39,83" hai1="99,17,67,26,42,4,6,96,30,32,44,72,85" hai2="40,80,93,49,117,58,100,71,55,128,0,7,109" hai3="115,48,64,16,29,79,18,130,124,94,65,81,127"/><T78/><D39/><U43/><E72/><V111/><F71/><W86/><G29/><T11/><D69/><U116/><E67/><V122/><F122/><W104/><G104/><T125/><D125/><U110/><E6/><V106/><F106/><W46/><G115/><T5/><D31/><U56/><E4/><V33/><F33/><W54/><G130/><T103/><D103/><U108/><E116/><V89/><F128/><W120/><G120/><T36/><D36/><U76/><E56/><V15/><F0/><W97/><G127/><T47/><REACH who="0" step="1"/><D134/><REACH who="0" ten="240,250,250,250" step="2"/><U3/><E110/><V12/><F111/><W38/><G124/><T14/><AGARI ba="0,1" hai="5,11,14,21,22,23,41,47,51,62,63,78,83,87" machi="14" ten="30,18000,2" yaku="1,1,2,1,0,1,25,2,8,1,53,0" doraHai="129" doraHaiUra="35" who="0" fromWho="0" sc="240,190,250,-60,250,-60,250,-60" /><INIT seed="0,1,0,1,0,131" ten="430,190,190,190" oya="0" hai0="55,34,30,123,54,85,79,52,124,95,77,98,32" hai1="27,39,58,102,11,135,107,75,60,46,87,20,133" hai2="114,2,56,57,49,104,10,45,105,132,106,128,99" hai3="97,111,5,43,17,29,33,109,14,8,119,61,90"/><T74/><D123/><U110/><E75/><V122/><F122/><W38/><G38/><T121/><D121/><U40/><E110/><V12/><F2/><W82/><G43/><T3/><D3/><U48/><E39/><V69/><F69/><W44/><G44/><T53/><D124/><U126/><E126/><V68/><F68/><W21/><G61/><T25/><D74/><U35/><E35/><V4/><F128/><W6/><G90/><T19/><D34/><U50/><E50/><V129/><F114/><W100/><G82/><T81/><D19/><U41/><E41/><V13/><F132/><N who="1" m="50761" /><E11/><V80/><F129/><W108/><G97/><T130/><D130/><U72/><E72/><V26/><F80/><W9/><G100/><T18/><D18/><N who="1" m="12695" /><E87/><V84/><F84/><W65/><G65/><T83/><N who="0" m="13824" /><DORA hai="76" /><T88/><REACH who="0" step="1"/><D83/><REACH who="0" ten="420,190,190,190" step="2"/><U23/><E23/><V66/><F4/><N who="3" m="1643" /><G119/><T62/><D62/><U24/><E24/><AGARI ba="1,1" hai="8,9,14,17,21,24,29,33,108,109,111" m="1643" machi="24" ten="40,5200,0" yaku="14,1,34,2" doraHai="131,76" who="3" fromWho="1" sc="420,0,190,-55,190,0,190,65" /><INIT seed="1,0,0,5,0,5" ten="420,135,190,255" oya="1" hai0="55,58,33,8,7,36,53,125,25,24,35,107,9" hai1="106,86,17,135,121,75,76,88,40,30,73,77,18" hai2="52,6,131,110,61,81,23,47,63,104,120,44,78" hai3="14,87,133,57,20,111,109,80,129,127,65,19,103"/><U69/><E69/><V99/><F120/><W59/><G133/><T134/><D107/><U27/><E106/><V117/><F117/><W108/><G129/><T42/><D42/><U124/><E121/><V95/><F104/><W13/><G127/><T92/><D36/><U105/><E105/><V26/><F131/><W64/><G103/><T51/><D125/><U4/><E124/><V115/><F6/><W112/><G112/><T119/><D119/><U72/><E4/><V97/><F97/><W29/><G29/><T90/><D134/><U37/><E135/><V84/><F110/><W116/><G116/><T10/><D7/><U56/><E56/><V100/><F115/><W101/><G101/><T66/><D66/><U0/><E0/><V83/><F81/><W82/><G13/><T11/><N who="0" m="2560" /><DORA hai="85" /><T118/><D118/><U34/><E37/><V21/><F23/><W41/><G41/><T130/><D130/><U32/><E32/><V93/><F95/><W74/><G74/><T122/><D122/><U70/><E70/><V113/><F113/><W62/><G87/><N who="0" m="52319" /><D35/><U3/><E3/><V128/><F128/><W67/><G62/><N who="0" m="36175" /><D33/><U71/><E71/><V16/><F63/><W60/><G60/><T38/><D38/><U114/><E114/><V45/><F61/><W96/><G96/><T123/><D123/><U68/><E68/><V22/><F21/><W12/><G12/><T43/><D43/><U50/><E40/><V46/><N who="2" m="11776" /><DORA hai="102" /><V89/><REACH who="2" step="1"/><F52/><REACH who="2" ten="420,135,180,255" step="2"/><W28/><G28/><T49/><D55/><U79/><E50/><AGARI ba="0,1" hai="24,25,49,50,51" m="36175,52319,2560" machi="50" ten="40,12000,2" yaku="8,1,52,5" doraHai="5,85,102" who="0" fromWho="1" sc="420,130,135,-120,180,0,255,0" /><INIT seed="2,0,0,5,2,4" ten="550,15,180,255" oya="2" hai0="8,115,56,76,28,95,10,21,97,100,57,61,96" hai1="48,113,119,125,49,135,41,83,85,109,52,70,31" hai2="132,11,131,25,45,99,6,110,114,80,13,121,29" hai3="102,98,124,89,69,64,73,78,5,84,87,128,118"/><V68/><F121/><W37/><G37/><T32/><D32/><U72/><E119/><V104/><F68/><W90/><G64/><T112/><D112/><U17/><E70/><V34/><F114/><W129/><G5/><T26/><D115/><U111/><E72/><V67/><F67/><W101/><G69/><T33/><D33/><U116/><E113/><V30/><F132/><W130/><G124/><T120/><D120/><U126/><E116/><V63/><F131/><W91/><G118/><T9/><D76/><U127/><E31/><V16/><F63/><W3/><G3/><T106/><REACH who="0" step="1"/><D61/><REACH who="0" ten="540,15,180,255" step="2"/><U42/><E135/><V93/><F34/><W79/><G73/><T117/><D117/><U50/><E17/><V24/><F16/><W107/><G102/><AGARI ba="0,1" hai="8,9,10,21,26,28,56,57,95,96,97,100,102,106" machi="102" ten="40,8000,1" yaku="1,1,52,3,53,0" doraHai="4" doraHaiUra="71" who="0" fromWho="3" sc="540,90,15,0,180,0,255,-80" /><INIT seed="3,0,0,1,5,69" ten="630,15,180,175" oya="3" hai0="76,133,104,100,19,35,52,14,25,48,51,126,10" hai1="120,66,2,8,124,105,20,81,61,22,37,112,63" hai2="56,80,6,72,60,12,130,129,121,125,23,13,106" hai3="77,21,16,70,54,119,58,68,30,29,39,71,109"/><W84/><G109/><T46/><D126/><U32/><E105/><V27/><F106/><W115/><G115/><T18/><D133/><U38/><E32/><V28/><F125/><W123/><G123/><T9/><D100/><U116/><E124/><V134/><F134/><W17/><G119/><T90/><D104/><U128/><E112/><V31/><F6/><W91/><G77/><T97/><D76/><U0/><E120/><V42/><F42/><W108/><G39/><N who="1" m="14858" /><E81/><V47/><F47/><W34/><G108/><T94/><D35/><U1/><E8/><V118/><F118/><W101/><G101/><T95/><D95/><U40/><E116/><V85/><F72/><W53/><G34/><T55/><D25/><U74/><E74/><V127/><F31/><W89/><G58/><T57/><D10/><U83/><E83/><V113/><F113/><W114/><G114/><T36/><D36/><U41/><E66/><V122/><F127/><W50/><G50/><T45/><D57/><U82/><E82/><V15/><F121/><W78/><G78/><T99/><D99/><U96/><E96/><V44/><F44/><W131/><G131/><N who="2" m="50185" /><F15/><W67/><G67/><T87/><D97/><U3/><N who="1" m="512" /><DORA hai="88" /><U4/><E4/><AGARI ba="0,0" hai="4,9,14,18,19,45,46,48,51,52,55,87,90,94" machi="4" ten="30,8000,1" yaku="7,1,9,1,8,1,52,1,54,1" doraHai="69,88" who="0" fromWho="1" sc="630,80,15,-80,180,0,175,0" owari="710,81.0,-65,-57.0,180,-2.0,175,-22.0" /></mjloggm>