<mjloggm ver="2.3"><GO type="169"/><UN n0="%E5%A4%BE%2E" n1="%EF%BC%88%E2%89%A7%E2%96%BD%E2%89%A6%EF%BC%89" n2="%E3%81%93%E3%81%BE%E3%81%A3%E3%81%95%E3%82%93" n3="%32%2D%31%30" dan="16,16,16,16" rate="2061,2116,2082,2070" sx="M,M,M,M"/><TAIKYOKU oya="0"/><INIT seed="0,0,0,5,1,124" ten="250,250,250,250" oya="0" hai0="65,32,44,97,12,26,2,98,105,18,100,73,48" hai1="21,108,33,49,64,134,99,135,56,83,25,115,54" hai2="50,8,118,119,40,90,74,85,110,38,46,109,27" hai3="82,1,69,13,20,34,111,107,94,123,77,130,30"/><T39/><D2/><U28/><E115/><V91/><F74/><W19/><G107/><T133/><D73/><U127/><E127/><V45/><F27/><W3/><G69/><T79/><D79/><U57/><E108/><N who="2" m="41579" /><F8/><W72/><G111/><T5/><D5/><U52/><E64/><V102/><F102/><W42/><G123/><T51/><D65/><U84/><E99/><V128/><F91/><W113/><G113/><T59/><D98/><U126/><E126/><V104/><F104/><W88/><G42/><T58/><D39/><U10/><E10/><V70/><F70/><W35/><G35/><T93/><D105/><U66/><E66/><V114/><F114/><W101/><G101/><T116/><D116/><N who="2" m="44586" /><F90/><W129/><G30/><T53/><D32/><U62/><REACH who="1" step="1"/><E33/><REACH who="1" ten="250,240,250,250" step="2"/><V61/><F85/><W29/><G34/><T131/><D97/><U87/><E87/><V37/><F61/><W81/><G81/><T31/><D100/><U106/><E106/><V103/><F103/><W95/><G95/><T120/><D93/><U78/><AGARI ba="0,1" hai="21,25,28,49,52,54,56,57,62,78,83,84,134,135" machi="78" ten="30,4000,0" yaku="1,1,0,1,54,1,53,0" doraHai="124" doraHaiUra="15" who="1" fromWho="1" sc="250,-20,240,50,250,-10,250,-10" /><INIT seed="1,0,0,2,5,38" ten="230,290,240,240" oya="1" hai0="122,120,35,81,47,132,111,104,10,113,36,3,75" hai1="133,110,127,11,117,80,55,78,105,15,27,12,52" hai2="72,30,70,128,64,17,34,50,0,51,112,101,5" hai3="115,46,21,53,22,98,87,83,89,31,19,73,28"/><U131/><E117/><V106/><F72/><W61/><G115/><T77/><RYUUKYOKU type="yao9" ba="0,0" sc="230,0,290,0,240,0,240,0" hai0="3,10,35,36,47,75,77,81,104,111,113,120,122,132" /><INIT seed="1,1,0,1,2,119" ten="230,290,240,240" oya="1" hai0="94,80,5,134,48,36,86,101,67,13,25,32,29" hai1="106,74,61,54,47,24,39,96,9,19,93,98,12" hai2="50,79,85,51,27,104,102,132,63,84,126,73,90" hai3="23,83,103,7,20,105,69,92,123,18,72,135,112"/><U0/><E74/><V49/><F73/><W37/><G112/><T60/><D36/><U33/><E0/><V66/><F132/><W55/><G69/><T97/><D134/><U45/><E106/><V75/><F75/><W34/><G34/><T99/><D48/><U130/><E130/><V59/><F126/><W14/><G37/><T35/><D99/><U110/><E110/><V82/><F104/><W52/><G105/><T114/><D114/><U133/><E39/><V87/><F102/><W107/><G107/><T71/><D35/><U16/><E133/><V89/><F79/><W91/><G135/><T127/><D127/><U70/><E70/><V21/><REACH who="2" step="1"/><F82/><REACH who="2" ten="230,290,230,240" step="2"/><W46/><G83/><T65/><D80/><U122/><E93/><V129/><F129/><W62/><G103/><T8/><D101/><U10/><E96/><V117/><F117/><W17/><G92/><T68/><D97/><U113/><E98/><V30/><AGARI ba="1,1" hai="21,27,30,49,50,51,59,63,66,84,85,87,89,90" machi="30" ten="30,4000,0" yaku="1,1,0,1,8,1,53,0" doraHai="119" doraHaiUra="38" who="2" fromWho="2" sc="230,-11,290,-21,230,53,240,-11" /><INIT seed="2,0,0,2,4,56" ten="219,269,283,229" oya="2" hai0="34,80,73,78,131,38,30,95,27,31,49,42,22" hai1="89,119,16,4,1,110,25,100,74,12,103,46,32" hai2="109,93,36,5,45,63,57,64,62,125,98,97,2" hai3="86,20,132,108,124,23,65,71,90,35,33,104,14"/><V75/><F75/><W9/><G104/><T59/><D38/><U99/><E74/><V85/><F2/><W82/><G108/><T3/><D3/><U106/><E119/><V48/><F36/><W113/><G132/><T21/><D131/><U96/><E110/><V114/><F109/><W69/><G124/><T94/><D31/><U116/><E116/><V39/><F39/><W130/><G130/><T129/><D129/><U87/><E46/><V102/><F125/><W53/><G113/><T133/><D133/><U84/><E89/><V0/><F0/><W6/><G53/><T127/><D127/><U123/><E123/><V126/><F126/><W81/><G81/><T50/><D50/><U15/><E1/><V118/><F118/><W79/><G79/><T7/><D7/><U112/><E4/><V19/><F5/><W55/><G55/><T60/><D95/><U76/><E76/><V52/><F114/><W41/><G41/><T66/><REACH who="0" step="1"/><D94/><REACH who="0" ten="209,269,283,229" step="2"/><U26/><E112/><V111/><F111/><W37/><G37/><T70/><D70/><U88/><E106/><V72/><F93/><W40/><G71/><T120/><D120/><U105/><E105/><V77/><F48/><W13/><G69/><T115/><D115/><U135/><E135/><V101/><F19/><W128/><G6/><T18/><D18/><U43/><E16/><V54/><F45/><AGARI ba="0,1" hai="21,22,27,30,34,42,45,49,59,60,66,73,78,80" machi="45" ten="40,2600,0" yaku="1,1,52,1,53,0" doraHai="56" doraHaiUra="121" who="0" fromWho="2" sc="209,36,269,0,283,-26,229,0" /><INIT seed="3,0,0,1,3,117" ten="245,269,257,229" oya="3" hai0="71,104,31,85,6,119,83,113,52,36,58,118,133" hai1="48,129,93,32,34,22,18,70,62,2,89,107,46" hai2="57,47,53,116,80,37,17,41,12,86,120,42,134" hai3="27,78,101,38,84,1,128,55,23,11,65,60,15"/><W33/><G38/><T127/><D71/><U24/><E107/><V8/><F116/><W14/><G128/><T91/><D36/><U66/><E2/><V98/><F42/><W112/><G112/><T102/><D113/><U79/><E79/><V123/><F134/><W3/><G33/><T72/><D31/><U67/><E67/><V96/><F98/><W49/><G101/><T25/><D25/><U0/><E0/><V103/><F86/><W126/><G126/><T106/><D6/><U108/><E108/><V29/><F80/><W100/><G100/><T19/><D19/><U77/><E77/><V45/><F29/><W124/><G124/><T54/><D127/><U76/><E76/><V7/><F7/><W56/><G78/><N who="0" m="44487" /><D133/><U26/><E26/><V135/><F135/><W50/><G50/><T97/><D106/><U132/><E129/><V28/><F28/><W105/><G105/><T63/><D54/><U64/><E64/><V82/><F82/><W44/><G84/><T81/><D81/><U99/><REACH who="1" step="1"/><E132/><REACH who="1" ten="245,259,257,229" step="2"/><V68/><F68/><W109/><G109/><T20/><D119/><U122/><E122/><V61/><REACH who="2" step="1"/><F45/><REACH who="2" ten="245,259,247,229" step="2"/><W35/><G44/><T87/><D118/><U73/><E73/><V75/><F75/><W16/><G35/><T39/><D104/><AGARI ba="0,2" hai="8,12,17,37,41,47,53,57,61,96,103,104,120,123" machi="104" ten="40,5200,0" yaku="1,1,52,2,53,0" doraHai="117" doraHaiUra="114" who="2" fromWho="0" sc="245,-52,259,0,247,72,229,0" /><INIT seed="4,0,0,5,5,99" ten="193,259,319,229" oya="0" hai0="31,112,88,107,86,109,101,45,84,8,64,78,38" hai1="105,41,79,1,131,130,7,119,111,121,60,4,104" hai2="87,110,43,32,29,61,36,97,3,57,44,73,65" hai3="134,56,62,77,34,129,40,0,50,124,89,10,69"/><T75/><D31/><U92/><E121/><V16/><F73/><W117/><G117/><T98/><D64/><U95/><E119/><V70/><F110/><W2/><G34/><T53/><D109/><U72/><E111/><V80/><F3/><W18/><G77/><T55/><D112/><U94/><E41/><V68/><F97/><W115/><G115/><T17/><D86/><U125/><E125/><V114/><F114/><W20/><G124/><T128/><D128/><N who="1" m="49195" /><E60/><V96/><F96/><W118/><G118/><T108/><D108/><U91/><E1/><V76/><REACH who="2" step="1"/><F16/><REACH who="2" ten="193,259,309,229" step="2"/><W100/><G18/><T28/><D28/><U113/><E113/><V135/><F135/><W52/><G134/><T51/><D75/><U123/><E123/><V59/><F59/><W71/><G56/><T120/><D120/><U19/><E19/><V127/><F127/><W27/><G2/><T106/><D17/><U54/><E72/><V46/><F46/><W22/><G0/><T47/><D47/><U133/><E133/><V35/><F35/><W37/><G129/><T82/><D45/><U83/><E4/><V67/><F67/><W49/><G71/><T30/><D30/><U24/><E7/><V5/><F5/><W21/><G69/><T93/><D98/><U33/><E33/><V23/><F23/><W11/><G20/><T15/><D8/><U48/><E105/><V6/><F6/><W74/><G21/><T13/><D107/><U58/><E104/><V116/><F116/><W103/><G11/><T81/><D106/><U132/><E132/><V90/><F90/><RYUUKYOKU ba="0,1" sc="193,-10,259,-10,309,30,229,-10" hai2="29,32,36,43,44,57,61,65,68,70,76,80,87" /><INIT seed="5,1,1,5,0,2" ten="183,249,339,219" oya="1" hai0="94,113,117,56,93,83,63,119,67,128,31,100,124" hai1="53,51,10,7,3,112,22,13,16,129,46,105,14" hai2="8,86,35,80,125,59,44,17,30,62,65,130,60" hai3="108,114,38,95,9,45,96,121,36,98,43,40,115"/><U127/><E127/><V71/><F125/><W57/><G108/><T99/><D124/><U88/><E129/><V89/><F130/><W70/><G70/><T103/><D128/><U15/><E105/><V49/><F35/><W92/><G57/><T34/><D113/><U29/><E112/><V87/><F30/><W134/><G9/><T104/><D83/><U5/><E5/><V28/><F28/><W64/><G64/><T101/><D101/><U116/><E116/><V122/><F122/><W55/><G55/><T11/><D11/><U33/><E88/><V110/><F110/><W85/><G85/><T81/><D81/><U32/><E32/><V4/><F87/><W52/><G52/><T1/><D1/><U118/><E118/><V84/><F84/><W123/><REACH who="3" step="1"/><G134/><REACH who="3" ten="183,249,339,209" step="2"/><T75/><D75/><U126/><E126/><V50/><F86/><W24/><G24/><AGARI ba="1,2" hai="3,7,10,13,14,15,16,22,24,29,33,46,51,53" machi="24" ten="40,12000,1" yaku="24,2,52,1,54,1" doraHai="2" who="1" fromWho="3" sc="183,0,249,143,339,0,209,-123" /><INIT seed="5,2,0,2,5,30" ten="183,392,339,86" oya="1" hai0="11,47,67,2,56,92,95,34,112,60,79,72,7" hai1="59,80,50,82,33,134,77,116,6,10,3,45,111" hai2="69,0,123,4,51,16,107,75,15,86,115,90,61" hai3="76,117,73,19,35,21,102,25,39,17,8,100,29"/><U46/><E116/><V64/><F75/><W70/><G70/><T68/><D112/><U18/><E134/><V110/><F110/><W96/><G39/><T130/><D130/><U108/><E18/><V74/><F74/><W125/><G117/><T12/><D47/><U36/><E36/><V13/><F0/><W88/><G125/><T114/><D114/><U54/><E80/><V71/><F115/><W81/><G8/><T118/><D118/><U119/><E119/><V83/><F107/><W101/><REACH who="3" step="1"/><G21/><REACH who="3" ten="183,392,339,76" step="2"/><T48/><D68/><U41/><E111/><V63/><F123/><W24/><G24/><T43/><D11/><U104/><E108/><V89/><F13/><W131/><G131/><T53/><D12/><U113/><E10/><V52/><F4/><W84/><G84/><T40/><D7/><U20/><E6/><V105/><F71/><W49/><G49/><T94/><D48/><U126/><E113/><V106/><F63/><W1/><G1/><T135/><D2/><U37/><E3/><V57/><F61/><W62/><G62/><T129/><D60/><U120/><E37/><V5/><F69/><W85/><G85/><T66/><D129/><U28/><E126/><V121/><F5/><W109/><G109/><T44/><D72/><U23/><E20/><V78/><F121/><W128/><G128/><T38/><D38/><U103/><E23/><N who="2" m="11679" /><F64/><W42/><G42/><T58/><D40/><N who="1" m="24871" /><E120/><V14/><F14/><W97/><G97/><T26/><D43/><U9/><E41/><V91/><F51/><W65/><G65/><T127/><D66/><RYUUKYOKU ba="2,1" sc="183,-15,392,-15,339,15,76,15" hai2="52,57,78,83,86,89,90,91,105,106" hai3="17,19,25,29,35,73,76,81,88,96,100,101,102" /><INIT seed="6,3,1,3,2,115" ten="168,377,354,91" oya="2" hai0="75,91,51,38,124,133,10,104,80,19,13,110,26" hai1="116,88,65,114,59,74,105,93,78,71,99,49,111" hai2="55,3,86,42,20,122,81,130,24,73,27,25,46" hai3="70,128,22,85,109,92,119,82,100,48,29,121,30"/><V123/><F3/><W134/><G109/><T5/><D38/><U89/><E111/><V83/><F73/><W18/><G121/><T17/><D110/><U129/><E114/><V106/><F106/><W33/><G70/><T131/><D104/><U79/><E105/><V37/><F130/><W45/><G128/><T125/><D131/><U50/><E129/><V16/><F81/><W35/><G134/><T31/><D133/><U0/><E0/><V21/><F55/><W1/><G1/><T108/><D108/><U94/><E116/><V132/><F132/><W96/><G119/><T72/><D51/><N who="1" m="19467" /><E71/><V12/><REACH who="2" step="1"/><F21/><REACH who="2" ten="168,377,344,91" step="2"/><W6/><G35/><T67/><D75/><U36/><E74/><V39/><F39/><W90/><G33/><T54/><D72/><U41/><E36/><V98/><F98/><W61/><G61/><T2/><D54/><U101/><E41/><V117/><F117/><W15/><REACH who="3" step="1"/><G6/><REACH who="3" ten="168,377,344,81" step="2"/><T76/><D76/><AGARI ba="3,3" hai="12,16,20,24,25,27,37,42,46,76,83,86,122,123" machi="76" ten="40,3900,0" yaku="1,1,54,1,53,0" doraHai="115" doraHaiUra="47" who="2" fromWho="0" sc="168,-48,377,0,344,78,81,0" /><INIT seed="6,4,0,2,1,60" ten="120,377,422,81" oya="2" hai0="69,70,102,67,20,54,44,40,31,104,94,4,9" hai1="83,47,103,65,89,115,121,66,10,96,21,68,3" hai2="105,15,22,95,17,11,91,24,92,97,41,37,57" hai3="36,1,27,118,43,5,84,2,72,39,29,107,109"/><V76/><F105/><W132/><G109/><T64/><D54/><U0/><E68/><V16/><F76/><W28/><G118/><T110/><D110/><U35/><E35/><V77/><F77/><W48/><G107/><T129/><D104/><U26/><E115/><V79/><F79/><W112/><G84/><T125/><D125/><U13/><E121/><V38/><F41/><W45/><G112/><T100/><D129/><U86/><E47/><V33/><F33/><W58/><G132/><T99/><D102/><U46/><E46/><V82/><F82/><W73/><G58/><T6/><D70/><U62/><E62/><V63/><REACH who="2" step="1"/><F95/><REACH who="2" ten="120,377,412,81" step="2"/><W75/><G43/><T116/><D116/><U81/><E81/><V49/><F49/><W80/><G48/><T53/><D40/><U135/><E135/><V119/><F119/><W51/><G51/><T25/><D94/><N who="1" m="58775" /><E0/><V93/><F93/><W85/><G80/><T7/><D44/><U18/><E3/><V106/><F106/><W52/><G45/><T123/><D123/><U14/><E14/><V120/><F120/><W87/><G1/><T122/><D122/><U108/><E108/><V111/><F111/><W98/><G2/><T23/><D25/><U32/><E32/><V78/><F78/><W59/><G27/><T134/><D134/><U117/><E117/><V113/><F113/><W88/><G72/><T30/><D100/><U8/><E13/><V133/><F133/><W55/><G75/><T130/><D130/><U126/><E126/><V12/><F12/><W127/><G73/><T19/><D99/><RYUUKYOKU ba="4,1" sc="120,-15,377,15,412,15,81,-15" hai1="8,10,18,21,26,65,66,83,86,89" hai2="11,15,16,17,22,24,37,38,57,63,91,92,97" /><INIT seed="6,5,1,2,3,107" ten="105,392,427,66" oya="2" hai0="97,59,62,4,32,103,42,23,129,92,109,134,84" hai1="116,73,28,86,44,125,123,122,2,79,78,21,77" hai2="104,117,58,8,102,26,70,36,0,31,54,34,98" hai3="66,114,65,60,56,30,112,106,29,10,90,68,40"/><V83/><F117/><W89/><G106/><T124/><D109/><U1/><E116/><V27/><F36/><W61/><G40/><T7/><D32/><U113/><E125/><V95/><F70/><W115/><REACH who="3" step="1"/><G10/><REACH who="3" ten="105,392,427,56" step="2"/><T119/><D124/><U22/><E122/><V50/><F104/><W24/><G24/><T85/><D119/><U69/><E123/><V94/><F27/><W96/><G96/><T18/><D42/><U12/><E113/><V110/><F98/><W120/><G120/><T3/><D134/><U45/><E86/><N who="0" m="33385" /><D129/><U80/><E80/><V82/><F82/><W5/><G5/><T111/><D111/><U118/><E118/><V131/><F131/><W135/><G135/><T75/><D3/><U35/><E1/><V91/><F110/><W93/><G93/><T126/><D126/><U132/><E2/><V55/><F83/><W81/><G81/><T74/><D4/><U64/><E132/><V67/><F0/><W63/><G63/><T72/><D7/><U13/><E79/><V108/><F108/><W6/><G6/><T39/><D39/><U51/><E78/><V57/><F95/><W121/><G121/><T33/><D92/><U19/><E77/><V43/><F94/><W16/><G16/><T100/><D97/><U71/><E19/><V17/><F17/><W25/><G25/><N who="0" m="14583" /><D33/><U38/><E35/><V46/><F34/><W87/><G87/><T128/><D128/><U88/><E38/><V15/><F8/><W127/><G127/><T11/><D11/><U37/><E37/><V48/><F43/><W130/><G130/><RYUUKYOKU ba="5,2" sc="105,15,392,-15,427,-15,56,15" hai0="59,62,72,74,75,100,103" hai3="29,30,56,60,61,65,66,68,89,90,112,114,115" /><INIT seed="7,6,2,5,2,19" ten="120,377,412,71" oya="3" hai0="71,39,55,135,3,21,1,5,66,117,126,54,103" hai1="37,100,85,44,40,89,6,93,123,60,110,48,101" hai2="74,0,36,76,35,25,18,134,4,104,7,53,96" hai3="73,122,30,87,17,115,14,59,80,56,113,29,69"/><W22/><G122/><T26/><D117/><U102/><E110/><V95/><F104/><W27/><G69/><T75/><D75/><U97/><E123/><V13/><F36/><W83/><G73/><T62/><D39/><U132/><E132/><V79/><F0/><W120/><G120/><T112/><D135/><U129/><E129/><V65/><F65/><W57/><G30/><T108/><D108/><U107/><E37/><V20/><F134/><W109/><G109/><T61/><D126/><U114/><E114/><N who="3" m="43530" /><G87/><T67/><D112/><U11/><E60/><V119/><F119/><W58/><N who="3" m="14848" /><DORA hai="10" /><W92/><G92/><T64/><D103/><U124/><E124/><V50/><F74/><W2/><G2/><AGARI ba="6,2" hai="2,6,11,40,44,48,85,89,93,97,100,101,102,107" machi="2" ten="30,1000,0" yaku="7,1" doraHai="19,10" who="1" fromWho="3" sc="120,0,377,48,412,0,71,-28" owari="120,-28.0,425,53.0,412,21.0,43,-46.0" /></mjloggm>