<mjloggm ver="2.3"><GO type="169"/><UN n0="%EF%BC%88%E2%89%A7%E2%96%BD%E2%89%A6%EF%BC%89" n1="%E3%82%A2%E3%82%AB%E2%98%86%E3%82%A6%E3%83%BC%E3%83%94%E3%83%B3" n2="%6D%61%63%6A%72" n3="%E3%81%9F%E3%81%AC%E3%81%95%E3%82%93" dan="18,18,16,16" rate="2224,2174,2115,2066" sx="M,M,F,M"/><TAIKYOKU oya="0"/><INIT seed="0,0,0,5,3,84" ten="250,250,250,250" oya="0" hai0="121,33,63,40,3,9,109,13,37,32,28,34,42" hai1="18,67,44,77,130,122,36,12,119,91,59,70,89" hai2="30,23,78,112,116,27,35,125,132,113,50,21,107" hai3="43,120,24,94,46,64,108,66,41,111,0,71,68"/><T87/><D121/><U7/><E119/><V97/><F116/><W56/><G0/><T65/><D3/><U47/><E70/><N who="3" m="26666" /><G24/><T17/><D109/><N who="3" m="42057" /><G94/><T57/><D37/><U14/><E130/><V82/><F125/><W83/><G83/><T104/><D104/><U106/><E106/><V115/><F132/><W1/><G1/><T126/><D126/><U96/><E122/><V22/><F50/><W54/><G120/><T15/><D28/><U61/><E36/><V93/><F107/><W75/><G75/><T62/><D62/><U127/><E77/><V29/><F29/><W74/><G74/><T86/><D15/><U39/><E39/><V131/><F131/><W101/><G101/><T45/><D87/><U85/><E127/><V133/><F133/><W81/><G81/><T129/><D129/><U38/><E38/><V102/><F35/><W6/><G6/><T8/><D8/><N who="1" m="4127" /><E96/><V11/><F11/><W88/><G46/><N who="1" m="17450" /><E85/><V117/><F117/><W26/><G43/><T60/><D45/><U72/><E72/><V4/><F4/><W98/><G66/><T73/><D73/><U19/><E19/><V25/><F30/><W69/><G41/><N who="0" m="15979" /><D86/><U100/><E100/><V10/><F10/><AGARI ba="0,0" hai="10,14,18,59,61,67,89,91" m="17450,4127" machi="10" ten="30,3900,0" yaku="8,1,52,2" doraHai="84" who="1" fromWho="2" sc="250,0,250,39,250,-39,250,0" /><INIT seed="1,0,0,5,3,3" ten="250,289,211,250" oya="1" hai0="28,70,81,25,135,51,41,134,9,45,68,131,14" hai1="61,42,115,91,75,125,92,20,103,97,107,55,12" hai2="95,46,123,87,30,39,2,112,35,0,89,47,36" hai3="109,79,90,80,59,128,106,32,8,130,114,121,21"/><U37/><E125/><V34/><F123/><W18/><G121/><T64/><D131/><U57/><E75/><V94/><F30/><W4/><G32/><T105/><D105/><U7/><E115/><V58/><F58/><W24/><G114/><T113/><D113/><U62/><E37/><V74/><F112/><W23/><G106/><T48/><D48/><U73/><E42/><V27/><F27/><W122/><G122/><T101/><D101/><U26/><E73/><V99/><F74/><W31/><G90/><T82/><D82/><U53/><E107/><V56/><F56/><W84/><G109/><T127/><D127/><U49/><E103/><V44/><F87/><W98/><G98/><T88/><D64/><U52/><E49/><V33/><REACH who="2" step="1"/><F95/><REACH who="2" ten="250,289,201,250" step="2"/><W119/><G59/><T129/><D25/><U133/><E57/><V111/><F111/><W120/><G120/><T22/><D28/><N who="1" m="17479" /><E133/><V104/><F104/><W10/><G130/><T43/><D129/><U11/><AGARI ba="0,1" hai="7,11,12,52,53,55,61,62,91,92,97" m="17479" machi="11" ten="30,6000,0" yaku="8,1,52,1,54,1" doraHai="3" who="1" fromWho="1" sc="250,-20,289,70,201,-20,250,-20" /><INIT seed="1,1,0,0,0,90" ten="230,359,181,230" oya="1" hai0="28,56,112,133,104,61,82,12,45,79,123,8,65" hai1="98,43,27,66,119,76,0,114,37,26,127,93,72" hai2="41,62,99,13,115,55,125,130,63,113,118,64,126" hai3="89,60,23,36,22,14,75,39,132,94,44,42,87"/><U51/><E0/><V84/><F84/><W6/><G132/><T2/><D133/><U58/><E119/><V88/><F13/><W21/><G75/><T134/><D104/><U73/><E127/><N who="2" m="48651" /><F118/><W32/><G32/><T92/><D134/><U1/><E1/><V7/><F7/><W57/><G39/><T38/><D2/><U74/><E114/><N who="2" m="43531" /><F41/><W120/><G120/><T11/><D123/><U95/><E76/><V116/><F116/><W30/><G30/><T97/><D28/><U29/><E98/><V107/><F130/><W25/><G25/><T111/><D112/><U67/><E37/><V47/><F107/><W129/><G129/><T106/><D106/><U46/><E26/><V19/><F19/><W59/><REACH who="3" step="1"/><G60/><REACH who="3" ten="230,359,181,220" step="2"/><T40/><D61/><U33/><E27/><V50/><F64/><W91/><G91/><T81/><D65/><U77/><E29/><V83/><F83/><W124/><G124/><T9/><D81/><U34/><E33/><V102/><F102/><W135/><G135/><T54/><D82/><U53/><E34/><V85/><F85/><W108/><G108/><T68/><D111/><U48/><E77/><V100/><F100/><W131/><G131/><T80/><D79/><U71/><E66/><V18/><F18/><W121/><G121/><T35/><D35/><U110/><E110/><V15/><F15/><W128/><G128/><T86/><D12/><U70/><REACH who="1" step="1"/><E67/><REACH who="1" ten="230,349,181,220" step="2"/><V49/><F99/><W31/><G31/><T96/><D97/><U4/><E4/><V10/><F88/><W105/><G105/><T3/><D96/><RYUUKYOKU ba="1,2" sc="230,-15,349,15,181,-15,220,15" hai1="43,46,48,51,53,58,70,71,72,73,74,93,95" hai3="6,14,21,22,23,36,42,44,57,59,87,89,94" /><INIT seed="1,2,2,4,4,87" ten="215,364,166,235" oya="1" hai0="16,76,75,109,2,114,107,34,27,131,126,120,15" hai1="58,21,85,83,26,70,55,50,95,17,12,41,127" hai2="128,35,42,9,121,96,129,118,123,62,37,56,88" hai3="133,66,1,5,92,84,100,98,43,45,8,0,67"/><U89/><E70/><V19/><F35/><W135/><G1/><T122/><RYUUKYOKU type="yao9" ba="2,2" sc="215,0,364,0,166,0,235,0" hai0="2,15,16,27,34,75,76,107,109,114,120,122,126,131" /><INIT seed="1,3,2,1,3,0" ten="215,364,166,235" oya="1" hai0="123,132,124,44,41,103,39,1,81,91,63,55,90" hai1="118,106,97,119,28,17,94,105,77,36,62,26,76" hai2="127,47,42,7,57,113,79,98,104,68,101,27,122" hai3="99,100,13,33,116,107,131,75,4,3,80,102,37"/><U83/><E36/><V73/><F68/><W114/><G102/><T32/><D123/><U95/><E17/><V23/><F122/><W72/><G13/><T10/><D124/><U18/><E18/><V134/><F134/><W49/><G49/><T85/><D132/><U19/><E19/><V126/><F113/><W14/><G14/><T43/><D32/><U74/><E62/><V24/><F57/><W67/><G67/><T58/><D103/><U21/><E77/><V56/><F56/><W12/><G12/><T133/><D133/><U66/><E66/><V128/><F128/><W40/><G114/><T20/><D20/><U54/><E54/><V5/><F79/><W84/><G84/><T11/><D41/><U34/><E34/><V112/><F73/><W111/><G131/><T53/><D53/><U69/><E69/><V8/><F8/><W70/><G70/><T135/><D135/><U61/><E61/><V38/><F112/><W82/><G40/><T22/><D22/><U48/><E48/><V130/><F130/><W35/><G35/><T2/><D11/><U16/><E28/><N who="2" m="17439" /><F27/><W89/><G33/><T125/><D125/><AGARI ba="3,2" hai="5,7,38,42,47,98,101,104,125,126,127" m="17439" machi="125" ten="30,3900,0" yaku="18,1,52,2" doraHai="0" who="2" fromWho="0" sc="215,-48,364,0,166,68,235,0" /><INIT seed="2,0,0,5,0,78" ten="167,364,234,235" oya="2" hai0="79,21,39,113,94,93,54,19,41,49,43,32,23" hai1="0,111,117,24,75,37,70,26,100,50,42,14,17" hai2="89,73,51,48,128,116,7,114,91,101,44,135,31" hai3="105,22,65,126,119,92,4,104,18,82,129,76,68"/><V77/><F114/><W125/><G119/><T20/><D113/><U123/><E0/><V8/><F116/><W47/><G4/><T83/><D32/><U45/><E75/><V107/><F128/><W120/><G129/><T30/><D30/><U88/><E70/><V25/><F135/><W53/><G120/><T63/><D63/><U16/><E111/><V46/><F101/><W5/><G5/><T58/><D19/><U57/><E123/><V102/><F102/><W99/><G65/><T13/><D13/><U9/><E100/><V84/><F107/><W127/><G68/><T90/><D39/><U40/><E117/><V29/><F73/><N who="3" m="43279" /><G53/><T66/><D66/><U81/><E42/><N who="2" m="24599" /><F77/><W108/><G47/><T59/><D59/><U62/><E17/><V2/><F2/><W61/><G61/><T97/><REACH who="0" step="1"/><D94/><REACH who="0" ten="157,364,234,235" step="2"/><U52/><E37/><V131/><F29/><W33/><G33/><T109/><D109/><U96/><E81/><V115/><F31/><W64/><G64/><T34/><D34/><U80/><E80/><V67/><F115/><W15/><G108/><T55/><D55/><U124/><E124/><V106/><F67/><W95/><G95/><AGARI ba="0,1" hai="9,14,16,24,26,40,45,50,52,57,62,88,95,96" machi="95" ten="40,8000,1" yaku="8,1,54,3" doraHai="78" who="1" fromWho="3" sc="157,0,364,90,234,0,235,-80" /><INIT seed="3,0,0,5,0,39" ten="157,454,234,155" oya="3" hai0="117,95,127,5,8,103,90,94,73,9,2,87,89" hai1="56,51,0,81,32,1,110,21,97,48,76,134,75" hai2="116,126,34,105,80,98,22,43,67,129,133,124,18" hai3="17,128,53,119,74,3,33,100,50,15,14,37,38"/><W83/><G119/><T12/><D117/><U65/><E32/><V44/><F34/><W118/><G118/><T82/><D127/><U13/><E110/><V54/><F116/><W27/><G3/><T24/><D24/><U135/><E97/><V79/><F133/><N who="1" m="50697" /><E65/><V78/><F129/><W123/><G123/><T52/><D73/><U84/><E84/><V63/><F54/><W104/><G128/><T102/><D52/><N who="1" m="31751" /><E51/><V11/><F98/><W88/><G104/><T101/><REACH who="0" step="1"/><D90/><REACH who="0" ten="147,454,234,155" step="2"/><U35/><E35/><V91/><F91/><W86/><G74/><T23/><D23/><U40/><E40/><V61/><F22/><W69/><G100/><T6/><AGARI ba="0,1" hai="2,5,6,8,9,12,82,87,89,94,95,101,102,103" machi="6" ten="30,2000,0" yaku="1,1,0,1,53,0" doraHai="39" doraHaiUra="122" who="0" fromWho="0" sc="147,30,454,-5,234,-5,155,-10" /><INIT seed="4,0,0,0,3,70" ten="177,449,229,145" oya="0" hai0="52,60,86,96,129,118,12,59,5,102,134,105,45" hai1="100,66,122,41,69,77,43,93,92,75,116,24,26" hai2="31,64,10,130,1,22,48,4,46,23,61,104,128" hai3="38,114,40,72,33,115,36,124,135,120,90,133,0"/><T28/><D118/><U99/><E69/><V35/><F104/><W54/><G40/><T112/><D129/><N who="2" m="49770" /><F31/><W55/><G72/><T42/><D134/><N who="3" m="51209" /><G124/><T53/><D112/><N who="3" m="43049" /><G120/><T50/><D28/><U32/><E93/><V91/><F91/><W94/><G33/><T62/><D86/><U83/><E99/><V106/><F106/><W68/><G0/><T14/><REACH who="0" step="1"/><D5/><REACH who="0" ten="167,449,229,145" step="2"/><U89/><E116/><V131/><F131/><W16/><G16/><T7/><D7/><U103/><E75/><V108/><F35/><W11/><G68/><T39/><D39/><N who="3" m="14889" /><G11/><T85/><D85/><AGARI ba="0,1" hai="54,55,85,90,94" m="14889,43049,51209" machi="85" ten="40,8000,1" yaku="20,1,15,1,52,3" doraHai="70" who="3" fromWho="0" sc="167,-80,449,0,229,0,145,90" /><INIT seed="5,0,0,5,3,119" ten="87,449,229,235" oya="1" hai0="88,39,118,82,92,109,30,7,107,40,28,120,43" hai1="46,9,111,37,62,42,63,65,129,103,18,68,97" hai2="8,52,29,17,75,133,60,84,20,48,41,135,55" hai3="14,27,73,108,105,38,77,76,89,100,122,125,2"/><U87/><E129/><V4/><F75/><W93/><G38/><T33/><D118/><U121/><E111/><V124/><F29/><W50/><G2/><T5/><D109/><U16/><E87/><V85/><F124/><W72/><G50/><T13/><D107/><U102/><E121/><V94/><F41/><W21/><G14/><T22/><D33/><U24/><E103/><V49/><F60/><W31/><G108/><T53/><D82/><U71/><E9/><V101/><F101/><W112/><G125/><T61/><D120/><U131/><E131/><V45/><F8/><W96/><G122/><T98/><D39/><U59/><E24/><V47/><F4/><W51/><G51/><T66/><D53/><U104/><E68/><V130/><F130/><W106/><G106/><T80/><D80/><U74/><E74/><V57/><F57/><W99/><G73/><T44/><D5/><U86/><E86/><V69/><F69/><W114/><REACH who="3" step="1"/><G72/><REACH who="3" ten="87,449,229,225" step="2"/><T0/><D0/><U115/><E104/><V12/><F133/><W90/><G90/><T11/><D22/><U78/><E37/><V132/><F132/><W25/><G25/><T26/><D26/><U134/><E134/><V79/><F135/><W54/><G54/><T19/><D7/><U83/><E63/><V70/><F79/><AGARI ba="0,1" hai="21,27,31,76,77,79,89,93,96,99,100,105,112,114" machi="79" ten="40,1300,0" yaku="1,1,53,0" doraHai="119" doraHaiUra="126" who="3" fromWho="2" sc="87,0,449,0,229,-13,225,23" /><INIT seed="6,0,0,1,1,13" ten="87,449,216,248" oya="2" hai0="94,48,109,66,130,116,14,17,129,132,49,98,59" hai1="88,123,55,89,96,41,26,44,28,43,38,83,57" hai2="86,69,127,131,74,39,58,105,0,75,8,50,2" hai3="117,1,92,84,52,20,54,107,102,81,9,65,3"/><V82/><F69/><W111/><G117/><T110/><D116/><U87/><E123/><V40/><F105/><W114/><G111/><T23/><D132/><U90/><E43/><V35/><F35/><W77/><G65/><T37/><D37/><U42/><E42/><V80/><F131/><W93/><G114/><T85/><D110/><U126/><E96/><V51/><F127/><W24/><G92/><T22/><D109/><U104/><E104/><V31/><F31/><W103/><G103/><T10/><D85/><U73/><E73/><V101/><F101/><W119/><G119/><T33/><D33/><U47/><E47/><V133/><F133/><W56/><G54/><T78/><D78/><U67/><E67/><V5/><F0/><W120/><G120/><T106/><D106/><U62/><E126/><V121/><F121/><W71/><G71/><T18/><D129/><U72/><E72/><V7/><F7/><W6/><G3/><T19/><D130/><U91/><E91/><V16/><F80/><W63/><G107/><T112/><D112/><U34/><AGARI ba="0,0" hai="26,28,34,38,41,44,55,57,62,83,87,88,89,90" machi="34" ten="20,2700,0" yaku="0,1,7,1,54,1" doraHai="13" who="1" fromWho="1" sc="87,-7,449,27,216,-13,248,-7" /><INIT seed="7,0,0,2,2,37" ten="80,476,203,241" oya="3" hai0="86,87,71,27,10,48,131,13,88,95,35,4,39" hai1="26,21,69,82,46,117,72,1,31,14,98,38,113" hai2="22,103,83,110,115,67,78,80,52,54,74,70,99" hai3="59,108,12,120,111,58,56,109,17,11,36,105,121"/><W125/><G105/><T101/><D131/><U55/><E14/><V77/><F115/><W76/><G76/><T135/><D135/><U91/><E98/><V51/><F110/><W44/><G125/><T34/><D39/><U65/><E55/><V29/><F67/><W126/><G126/><T94/><D71/><U7/><E46/><V81/><F70/><W57/><N who="3" m="14848" /><DORA hai="60" /><W16/><G17/><T85/><D27/><U112/><E91/><V30/><F80/><W25/><G25/><T28/><D28/><U97/><E97/><V129/><F129/><W118/><G118/><T23/><D23/><U132/><E21/><V61/><F61/><W119/><G119/><T53/><D101/><U64/><E64/><V0/><F0/><W92/><G92/><T43/><D53/><U42/><E65/><V100/><F22/><W104/><G104/><T45/><REACH who="0" step="1"/><D85/><REACH who="0" ten="70,476,203,241" step="2"/><U106/><E82/><N who="2" m="45367" /><F54/><W63/><G63/><T40/><D40/><AGARI ba="0,1" hai="11,12,16,36,40,44,108,109,111,120,121" m="14848" machi="40" ten="60,11600,0" yaku="10,1,52,1,54,1" doraHai="37,60" who="3" fromWho="0" sc="70,-116,476,0,203,0,241,126" owari="-46,-55.0,476,58.0,203,-20.0,367,17.0" /></mjloggm>