<mjloggm ver="2.3"><GO type="97"/><UN n0="%E3%82%A6%E3%83%AB%E3%83%88%E3%83%A9%E7%AB%8B%E7%9B%B4" n1="%E3%81%90%E3%82%8A%E3%82%93%E3%81%90%E3%82%8A%E3%82%93%E3%81%90" n2="%E9%BE%8D%E7%8E%8B%E4%B9%B1" n3="%E8%A5%BF%E5%9C%92%E5%AF%BA%E9%9D%96%E5%AD%90" dan="15,14,14,15" rate="1959,1928,1903,1892" sx="M,M,M,F"/><TAIKYOKU oya="0"/><INIT seed="0,0,0,3,3,40" ten="250,250,250,250" oya="0" hai0="31,108,125,102,59,126,97,95,25,11,119,41,82" hai1="44,113,128,63,127,56,58,23,14,94,9,6,62" hai2="103,85,24,37,46,114,22,4,16,34,54,64,79" hai3="48,105,78,112,74,115,5,12,27,35,77,26,70"/><T129/><D119/><U80/><E113/><V17/><F114/><W71/><G105/><T51/><D129/><U66/><E128/><V98/><F34/><W134/><G134/><T109/><D11/><U106/><E106/><V101/><F4/><W83/><G112/><T1/><D1/><U133/><E133/><V117/><F117/><W99/><G115/><T60/><D82/><U52/><E127/><V21/><F64/><W122/><G122/><T89/><D89/><U107/><E107/><V111/><F111/><N who="0" m="42570" /><D51/><N who="1" m="28775" /><E80/><V124/><F124/><W116/><G116/><T123/><D41/><U33/><E33/><V2/><F2/><W76/><G35/><N who="0" m="20975" /><D123/><U69/><E69/><V18/><F37/><W130/><G71/><T10/><D10/><U47/><E23/><V50/><F22/><W86/><G70/><T45/><D45/><U96/><E47/><V49/><F49/><W61/><G48/><T104/><D104/><U135/><E135/><V15/><F103/><W121/><G121/><T8/><D8/><U87/><E87/><V32/><F32/><W3/><G86/><T132/><D132/><U100/><E66/><AGARI ba="0,0" hai="59,60,66,95,97,102,125,126" m="20975,42570" machi="66" ten="30,2900,0" yaku="14,1,10,1" doraHai="40" who="0" fromWho="1" sc="250,29,250,-29,250,0,250,0" /><INIT seed="0,1,0,1,5,29" ten="279,221,250,250" oya="0" hai0="34,122,68,111,28,121,97,10,55,26,63,128,131" hai1="130,93,104,54,124,21,45,126,12,127,125,40,9" hai2="107,6,115,32,22,78,110,13,30,46,7,129,56" hai3="11,1,67,60,35,41,59,112,69,116,102,61,96"/><T20/><D55/><U2/><E104/><V52/><F115/><W80/><G112/><T27/><D63/><U14/><E130/><N who="0" m="49705" /><D68/><U53/><E93/><V92/><F107/><W43/><G116/><T73/><D73/><U108/><E108/><V135/><F135/><W37/><G37/><T47/><D47/><U123/><E123/><V133/><F133/><W66/><G80/><T83/><D83/><U85/><E85/><V38/><F78/><W15/><G1/><T36/><D36/><U74/><E74/><V65/><F65/><W105/><REACH who="3" step="1"/><G35/><REACH who="3" ten="279,221,250,240" step="2"/><T48/><D121/><U99/><E2/><V51/><F38/><W120/><G120/><T5/><D122/><U3/><E3/><V81/><F32/><W98/><G98/><T109/><D97/><U33/><E99/><V57/><F81/><W4/><AGARI ba="1,1" hai="4,11,15,41,43,59,60,61,66,67,69,96,102,105" machi="4" ten="20,2700,0" yaku="1,1,0,1,7,1,53,0" doraHai="29" doraHaiUra="24" who="3" fromWho="3" sc="279,-14,221,-8,250,-8,240,40" /><INIT seed="1,0,0,3,0,69" ten="265,213,242,280" oya="1" hai0="5,113,72,84,135,59,98,58,96,48,104,54,12" hai1="26,103,81,19,49,122,76,73,4,79,42,31,107" hai2="1,52,78,3,94,35,45,2,124,93,0,64,40" hai3="47,82,111,119,131,117,34,10,65,100,85,41,118"/><U25/><E122/><V129/><F35/><W18/><G34/><T83/><D72/><U14/><E79/><V51/><F78/><W106/><G111/><T91/><D113/><U44/><E4/><V114/><F114/><W13/><G131/><T90/><D135/><U53/><E31/><V46/><F129/><W55/><G65/><T123/><D123/><U102/><E102/><V63/><F124/><W127/><G127/><T57/><D104/><U126/><E126/><V61/><N who="2" m="512" /><DORA hai="132" /><V9/><F9/><W101/><G55/><T24/><D24/><U16/><E19/><V60/><REACH who="2" step="1"/><F64/><REACH who="2" ten="265,213,232,280" step="2"/><W121/><G121/><T128/><D128/><U88/><E107/><V17/><F17/><W89/><REACH who="3" step="1"/><G106/><REACH who="3" ten="265,213,232,270" step="2"/><T77/><D5/><U133/><E133/><V6/><F6/><W80/><G80/><T11/><D83/><U99/><E81/><V7/><F7/><W95/><G95/><T74/><D74/><U32/><E73/><V87/><F87/><W22/><G22/><T21/><D21/><U28/><E32/><V33/><F33/><W15/><G15/><T8/><D84/><U108/><E108/><V27/><F27/><W20/><G20/><T30/><D12/><U120/><E120/><V134/><F134/><W62/><G62/><T67/><D67/><U66/><E66/><V92/><F92/><W109/><G109/><T116/><D11/><U86/><E26/><V23/><F23/><W125/><G125/><T110/><D8/><U29/><E25/><V38/><AGARI ba="0,2" hai="38,40,45,46,51,52,60,61,63,93,94" m="512" machi="38" ten="60,12000,2" yaku="1,1,0,1,52,1,54,1,53,2" doraHai="69,132" doraHaiUra="37,70" who="2" fromWho="2" sc="265,-30,213,-60,232,140,270,-30" /><INIT seed="2,0,0,0,0,133" ten="235,153,372,240" oya="2" hai0="5,2,98,74,68,127,22,86,112,119,76,88,77" hai1="103,78,111,79,51,17,6,16,7,31,90,115,42" hai2="38,132,67,100,40,59,134,91,117,82,105,123,135" hai3="34,25,69,96,102,30,122,45,23,83,13,56,58"/><V39/><F123/><W35/><G69/><T54/><D68/><U36/><E115/><V73/><F117/><W126/><G122/><T113/><D5/><N who="1" m="1547" /><E36/><V47/><F105/><W9/><G45/><T29/><D54/><U63/><E103/><V110/><F100/><W53/><G83/><N who="0" m="49247" /><D22/><U61/><E31/><V64/><F110/><W33/><G53/><T19/><D19/><N who="1" m="7243" /><E90/><V57/><F39/><W24/><G24/><T84/><D2/><U8/><E8/><V14/><F14/><W71/><G13/><T116/><D29/><U10/><E10/><V66/><F91/><W72/><G9/><T4/><D4/><U108/><E42/><V62/><F73/><W11/><G11/><T60/><D98/><U18/><N who="1" m="7251" /><U93/><DORA hai="21" /><E93/><V20/><F20/><W27/><G27/><T0/><D0/><U131/><E51/><V85/><F82/><W121/><G121/><T52/><D74/><U26/><E26/><V89/><F89/><W92/><G71/><T43/><D43/><U104/><E104/><V70/><F85/><W129/><G72/><T37/><D37/><U1/><E1/><V28/><F28/><W120/><G120/><T65/><D113/><U41/><E41/><V87/><F87/><W80/><G80/><N who="0" m="47111" /><D112/><U44/><E44/><V106/><F106/><W130/><G33/><T50/><D77/><N who="1" m="29195" /><E131/><V109/><F109/><AGARI ba="0,0" hai="61,63,108,109,111" m="29195,7251,1547" machi="109" ten="40,8000,1" yaku="28,2,14,1,54,1" doraHai="133,21" who="1" fromWho="2" sc="235,0,153,80,372,-80,240,0" /><INIT seed="3,0,0,2,3,15" ten="235,233,292,240" oya="3" hai0="98,82,19,88,5,127,95,120,94,62,33,66,25" hai1="29,41,113,114,51,64,111,9,107,84,74,44,35" hai2="105,132,46,126,100,32,56,91,86,78,3,47,2" hai3="16,45,20,89,49,8,54,57,14,50,53,106,12"/><W10/><G106/><T115/><D120/><U96/><E74/><V69/><F69/><W134/><G134/><T27/><D115/><U110/><E64/><V77/><F32/><W58/><G89/><T123/><D123/><U76/><E35/><V116/><F116/><W40/><G12/><T118/><D118/><U63/><E63/><AGARI ba="0,0" hai="8,10,14,16,20,40,45,49,50,53,54,57,58,63" machi="63" ten="30,11600,0" yaku="7,1,8,1,52,1,54,1" doraHai="15" who="3" fromWho="1" sc="235,0,233,-116,292,0,240,116" owari="235,-16.0,117,-38.0,292,9.0,356,45.0" /></mjloggm>