<mjloggm ver="2.3"><GO type="169" lobby="0"/><UN n0="%E7%AB%9C%E9%BA%BB" n1="%E3%82%88%E3%81%8A%E3%81%96%E3%82%93" n2="%EF%BC%88%E2%89%A7%E2%96%BD%E2%89%A6%EF%BC%89" n3="%E5%88%BB%E5%AD%90%E5%B8%82%E6%B0%91" dan="16,16,17,17" rate="2012.80,2055.05,2182.20,2187.85" sx="M,M,M,M"/><TAIKYOKU oya="0"/><INIT seed="0,0,0,5,3,10" ten="250,250,250,250" oya="0" hai0="45,51,26,80,31,53,77,68,131,22,18,90,114" hai1="17,42,89,129,113,71,37,34,36,99,60,91,62" hai2="126,125,4,21,115,108,9,112,38,6,40,29,19" hai3="41,66,81,102,95,5,73,76,93,116,63,84,83"/><T3/><D114/><N who="2" m="43562" /><F38/><W133/><G116/><T57/><D131/><U23/><E113/><V132/><F40/><W134/><G41/><T46/><D68/><U28/><E129/><V39/><F39/><W85/><G5/><N who="2" m="2153" /><F132/><N who="3" m="50795" /><G102/><T120/><D3/><U7/><E7/><V72/><F72/><W25/><G25/><T0/><D0/><U105/><E37/><V14/><F108/><W128/><G128/><T11/><D120/><U121/><E121/><V69/><F69/><N who="3" m="42207" /><G73/><T61/><D90/><AGARI ba="0,0" hai="76,81,83,84,85,90,93,95" m="42207,50795" machi="90" ten="30,1000,0" yaku="20,1" doraHai="10" who="3" fromWho="0" sc="250,-10,250,0,250,0,250,10" /><INIT seed="1,0,0,1,1,127" ten="240,250,250,260" oya="1" hai0="49,14,69,26,75,79,28,6,62,110,32,39,3" hai1="13,134,106,42,112,2,132,133,76,64,115,120,7" hai2="84,78,70,125,82,34,111,60,55,128,66,31,135" hai3="15,8,85,19,119,89,130,57,113,74,33,100,65"/><U95/><E106/><V52/><F125/><W72/><G33/><T87/><D39/><U45/><E120/><V1/><F1/><W21/><G113/><T47/><D110/><U124/><E124/><V126/><F126/><W105/><G119/><T22/><D75/><U5/><E2/><V131/><F111/><W12/><G105/><T116/><D116/><U96/><E76/><V108/><F108/><W98/><G100/><T114/><D114/><N who="1" m="43563" /><E64/><V58/><F135/><W54/><G98/><T94/><D69/><U46/><E13/><V16/><F16/><W30/><G65/><T103/><D62/><U44/><E42/><V102/><F102/><AGARI ba="0,0" hai="5,7,44,45,46,95,96,102,132,133,134" m="43563" machi="102" ten="40,2000,0" yaku="20,1" doraHai="127" who="1" fromWho="2" sc="240,0,250,20,250,-20,260,0" /><INIT seed="1,1,0,4,3,29" ten="240,270,230,260" oya="1" hai0="13,71,108,57,129,44,47,17,3,67,75,72,116" hai1="81,127,19,107,50,14,79,105,88,5,118,109,101" hai2="9,11,1,61,64,40,51,31,30,37,97,4,83" hai3="6,110,70,115,133,53,100,62,8,126,15,36,69"/><U26/><E118/><V125/><F37/><W135/><G36/><T121/><D116/><U119/><E119/><V42/><F125/><W111/><G100/><T38/><D3/><U124/><E109/><N who="3" m="41482" /><G115/><T82/><D121/><U74/><E5/><V113/><F113/><W65/><G126/><N who="1" m="48170" /><E101/><V89/><F11/><W27/><G53/><T102/><D102/><U12/><E50/><V28/><F51/><W66/><G27/><T23/><D129/><U60/><E60/><AGARI ba="1,0" hai="6,8,15,60,62,65,66,69,70,133,135" m="41482" machi="60" ten="30,1000,0" yaku="14,1" doraHai="29" who="3" fromWho="1" sc="240,0,270,-13,230,0,260,13" /><INIT seed="2,0,0,2,4,28" ten="240,257,230,273" oya="2" hai0="127,57,46,51,117,63,10,27,114,23,116,132,55" hai1="135,92,113,106,13,103,12,60,91,88,93,40,130" hai2="34,64,66,111,120,37,128,125,97,69,112,33,24" hai3="71,30,110,32,77,49,1,42,53,5,133,105,21"/><V67/><F120/><W107/><G71/><T2/><D114/><U89/><E113/><V25/><F112/><W131/><G42/><T134/><D2/><U96/><E130/><V102/><F37/><W108/><G77/><T58/><D10/><U3/><E3/><V22/><F128/><W29/><G21/><T123/><D23/><U11/><E135/><N who="0" m="51753" /><D27/><U35/><E40/><V98/><F69/><W119/><G119/><N who="0" m="45643" /><D123/><U99/><E35/><V94/><F125/><W109/><G131/><T76/><D76/><U122/><E122/><V78/><F78/><W79/><G79/><T44/><D127/><U100/><E60/><V115/><F111/><W95/><G32/><T85/><D85/><U4/><REACH who="1" step="1"/><E13/><REACH who="1" ten="240,247,230,273" step="2"/><V6/><F115/><W20/><G133/><T81/><D81/><U72/><E72/><V87/><F34/><W83/><G1/><T65/><AGARI ba="0,1" hai="44,46,51,55,57,58,63,65" m="45643,51753" machi="65" ten="30,7900,0" yaku="20,1,12,1,34,2" doraHai="28" who="0" fromWho="0" sc="240,89,247,-20,230,-39,273,-20" /><INIT seed="3,0,0,0,5,15" ten="329,227,191,253" oya="3" hai0="86,107,135,83,134,87,36,67,103,49,125,131,66" hai1="133,12,101,5,51,41,92,72,78,116,128,109,123" hai2="60,32,73,4,31,29,81,53,20,39,1,47,6" hai3="40,70,55,85,79,27,113,33,104,119,120,89,30"/><W26/><G70/><T62/><D36/><U76/><E123/><V48/><F39/><W61/><G104/><T2/><D2/><U50/><E116/><V129/><F129/><W16/><G40/><T102/><D131/><U59/><E128/><V68/><F32/><W0/><G0/><T90/><D125/><U95/><E133/><N who="0" m="50697" /><D107/><U46/><E109/><V121/><F121/><W105/><G105/><T45/><D87/><U34/><E34/><V52/><F68/><W126/><G79/><T97/><D97/><U38/><E38/><V117/><F117/><W65/><G65/><N who="0" m="24587" /><D62/><U18/><E5/><N who="2" m="2155" /><F1/><W21/><G126/><T84/><D84/><U124/><E124/><V108/><F73/><W114/><G119/><T69/><D69/><U9/><E72/><V82/><F108/><W13/><G120/><T94/><D94/><N who="1" m="35883" /><E101/><V23/><F82/><W11/><G61/><T17/><D17/><U118/><E118/><V111/><F81/><W91/><G91/><T106/><D106/><U122/><E122/><V19/><F111/><W88/><G89/><T110/><D110/><U14/><E14/><N who="2" m="9335" /><F23/><W37/><G37/><T99/><D99/><U130/><E130/><V100/><F100/><W8/><G33/><T98/><D98/><U43/><E43/><AGARI ba="0,0" hai="43,45,49,83,86,90,102,103" m="24587,50697" machi="43" ten="30,1000,0" yaku="20,1" doraHai="15" who="0" fromWho="1" sc="329,10,227,-10,191,0,253,0" /><INIT seed="4,0,0,5,4,18" ten="339,217,191,253" oya="0" hai0="115,122,68,9,31,87,29,121,109,93,35,26,95" hai1="47,112,41,131,8,106,91,69,99,2,113,117,70" hai2="75,110,28,133,74,19,124,52,78,126,49,98,92" hai3="120,15,107,90,13,38,135,127,64,23,105,83,55"/><T32/><D68/><U20/><E117/><V21/><F28/><W86/><G38/><T81/><D109/><U125/><E131/><V1/><F1/><W56/><G127/><N who="2" m="48681" /><F133/><W17/><G135/><T63/><D63/><U123/><E123/><V111/><F78/><W97/><G120/><T134/><D134/><U45/><E125/><V33/><F33/><W37/><G37/><T116/><D116/><U96/><E2/><V48/><F48/><W7/><G64/><T46/><D46/><U36/><E8/><V30/><F30/><W129/><G129/><T80/><D9/><U88/><E36/><V57/><F111/><W84/><G97/><T5/><D5/><U77/><E77/><V85/><F110/><W118/><G118/><T130/><D130/><U60/><E60/><V119/><F119/><W42/><G42/><T128/><D128/><U59/><E59/><V12/><F98/><W40/><G40/><T24/><D115/><U104/><E41/><V66/><F66/><W44/><G44/><T39/><D39/><U50/><E50/><V53/><F53/><W27/><G86/><AGARI ba="0,0" hai="24,26,29,31,32,35,80,81,86,87,93,95,121,122" machi="86" ten="25,2400,0" yaku="22,2" doraHai="18" who="0" fromWho="3" sc="339,24,217,0,191,0,253,-24" /><INIT seed="4,1,0,5,3,70" ten="363,217,191,229" oya="0" hai0="107,110,111,49,128,1,54,17,127,100,33,83,120" hai1="90,84,72,68,76,129,7,74,71,122,4,87,9" hai2="104,77,5,96,36,19,52,46,62,45,89,92,124" hai3="112,40,59,39,63,82,108,60,26,105,6,61,51"/><T32/><D120/><U135/><E122/><V102/><F124/><W132/><G105/><T21/><D127/><U27/><E129/><V29/><F5/><W88/><G108/><T94/><D1/><U3/><E135/><V30/><F77/><W85/><G132/><T24/><D128/><U65/><E27/><V67/><F19/><W123/><G123/><T109/><D83/><U41/><E41/><V10/><F10/><W8/><G112/><T66/><D66/><U25/><E25/><V125/><F125/><W58/><G39/><T86/><D107/><U38/><E65/><V134/><F134/><W119/><G26/><T14/><D24/><U113/><E9/><V28/><F36/><W23/><G23/><T47/><D100/><U81/><E90/><AGARI ba="1,0" hai="14,17,21,32,33,47,49,54,86,90,94,109,110,111" machi="90" ten="40,2000,0" yaku="10,1" doraHai="70" who="0" fromWho="1" sc="363,23,217,-23,191,0,229,0" /><INIT seed="4,2,0,4,5,60" ten="386,194,191,229" oya="0" hai0="121,108,77,46,116,59,95,129,131,133,104,1,91" hai1="16,23,45,94,120,30,87,26,86,7,44,117,9" hai2="97,127,112,101,38,58,25,123,28,66,109,48,85" hai3="47,4,107,65,81,62,83,92,135,14,2,56,57"/><T96/><D121/><U113/><E120/><V10/><F38/><W118/><G107/><T3/><D116/><U49/><E117/><V11/><F123/><W78/><G2/><T64/><D133/><U20/><E113/><V128/><F109/><W8/><G118/><T89/><D77/><U19/><E45/><V21/><F128/><N who="0" m="49226" /><D108/><U39/><E39/><V70/><F127/><W42/><G135/><T80/><D46/><U35/><E94/><N who="2" m="58551" /><F70/><W124/><G124/><T72/><D104/><U134/><E134/><V27/><F112/><W103/><G57/><T0/><D72/><U110/><E110/><V130/><F130/><W84/><G83/><T98/><D80/><U69/><E69/><V29/><F85/><W125/><G125/><T5/><D5/><U99/><E99/><N who="0" m="37929" /><D95/><U68/><E68/><V111/><F111/><W100/><REACH who="3" step="1"/><G92/><REACH who="3" ten="386,194,191,219" step="2"/><T31/><D59/><U67/><E44/><V13/><F58/><W126/><G126/><T12/><D3/><U115/><E115/><V15/><F66/><W50/><AGARI ba="2,1" hai="4,8,14,42,47,50,56,62,65,78,81,84,100,103" machi="50" ten="20,16000,3" yaku="1,1,0,1,7,1,25,2,8,1,52,1,53,1" doraHai="60" doraHaiUra="76" who="3" fromWho="3" sc="386,-82,194,-42,191,-42,219,176" /><INIT seed="5,0,0,0,5,122" ten="304,152,149,395" oya="1" hai0="29,100,104,95,9,61,33,119,11,48,110,85,93" hai1="70,44,0,78,83,89,72,134,120,2,103,132,35" hai2="32,111,39,25,8,22,14,131,84,15,80,63,102" hai3="115,114,23,79,46,6,54,133,129,96,86,17,116"/><U38/><E120/><V101/><F39/><W135/><G6/><T45/><D119/><U94/><E70/><V41/><F41/><W68/><G68/><T74/><D74/><U37/><E35/><V99/><F131/><W67/><G67/><T105/><D33/><U130/><E130/><V7/><F32/><W62/><G96/><T47/><D29/><U82/><E103/><V88/><F111/><W18/><G18/><T42/><D61/><U118/><E118/><V5/><F63/><W109/><G109/><T73/><D110/><U59/><E83/><V52/><F52/><W36/><G36/><T4/><D73/><U125/><E125/><V65/><F65/><W10/><G62/><T128/><D128/><U19/><E59/><V40/><F40/><W77/><G54/><T64/><D64/><U69/><E69/><V53/><F53/><W30/><G46/><T43/><D100/><U28/><E28/><N who="2" m="17463" /><F99/><W3/><G86/><T60/><D60/><U108/><E108/><V57/><F57/><W127/><G77/><T124/><D85/><U31/><E31/><V90/><F90/><W117/><G79/><T71/><D71/><U66/><E66/><V112/><F112/><W51/><G30/><T123/><D123/><U91/><E91/><V24/><F24/><W107/><G115/><T92/><D45/><U50/><E37/><V56/><F56/><W126/><G114/><T20/><D47/><U27/><E38/><V49/><F49/><W106/><G117/><T12/><D48/><U55/><E27/><V58/><F58/><W1/><G116/><RYUUKYOKU ba="0,0" sc="304,-10,152,-10,149,30,395,-10" hai2="5,7,8,14,15,80,84,88,101,102" /><INIT seed="6,1,0,3,4,119" ten="294,142,179,385" oya="2" hai0="98,59,43,50,124,129,23,102,56,6,34,28,35" hai1="87,134,38,42,82,93,75,108,11,36,90,4,30" hai2="72,20,120,76,47,101,29,73,110,123,27,26,80" hai3="33,89,103,85,71,107,14,131,116,55,10,97,13"/><V96/><F123/><W7/><G71/><T126/><D129/><U74/><E108/><V111/><F120/><W122/><G122/><T112/><D6/><U92/><E134/><V54/><F73/><W125/><G125/><T114/><D23/><U15/><E30/><V83/><F83/><W106/><G33/><N who="0" m="12299" /><D28/><U62/><E75/><V39/><F27/><W130/><G116/><T81/><D81/><U22/><E22/><V37/><F54/><W60/><G107/><T133/><D43/><U94/><E74/><V12/><F12/><W48/><G60/><T51/><D98/><U69/><REACH who="1" step="1"/><E42/><REACH who="1" ten="294,132,179,385" step="2"/><V99/><F110/><W105/><G131/><T21/><D133/><U31/><E31/><V17/><F111/><W127/><G130/><T32/><D21/><U118/><E118/><V91/><F29/><W57/><G127/><T53/><D32/><U65/><AGARI ba="1,1" hai="4,11,15,36,38,62,65,69,82,87,90,92,93,94" machi="65" ten="30,4000,0" yaku="1,1,0,1,53,1" doraHai="119" doraHaiUra="66" who="1" fromWho="1" sc="294,-11,132,53,179,-21,385,-11" /><INIT seed="7,0,0,5,0,15" ten="283,185,158,374" oya="3" hai0="29,2,84,86,63,10,123,66,4,131,20,72,58" hai1="41,126,36,117,88,48,31,12,21,25,102,118,3" hai2="110,34,53,24,90,6,60,78,47,39,11,73,40" hai3="0,52,108,19,22,80,32,76,62,45,42,69,85"/><W54/><G32/><T37/><D123/><U122/><E122/><V28/><F110/><W125/><G0/><T59/><D72/><U89/><E3/><N who="2" m="479" /><F53/><W38/><G125/><T135/><D37/><U14/><E36/><V111/><F90/><W5/><G5/><T26/><D135/><U99/><E126/><V82/><F60/><W1/><G1/><T74/><D131/><U119/><E89/><V79/><F111/><W33/><G33/><T120/><D74/><U107/><E88/><V49/><F49/><W92/><G92/><T57/><D120/><U130/><E130/><V103/><F79/><W64/><G108/><T93/><D93/><U46/><AGARI ba="0,0" hai="12,14,21,25,31,41,46,48,99,102,107,117,118,119" machi="46" ten="40,2700,0" yaku="0,1,12,1" doraHai="15" who="1" fromWho="1" sc="283,-7,185,27,158,-7,374,-13" owari="276,8.0,212,-19.0,151,-35.0,361,46.0" /></mjloggm>