<mjloggm ver="2.3"><GO type="169" lobby="0"/><UN n0="%EF%BC%88%E2%89%A7%E2%96%BD%E2%89%A6%EF%BC%89" n1="%E3%83%9E%E3%83%84%E3%82%B6%E3%82%AD" n2="%E5%9F%BA%E7%A4%8E%E8%AB%96" n3="%6D%65%24%6F" dan="17,17,17,16" rate="2198.18,2139.72,2143.91,2090.53" sx="M,M,M,M"/><TAIKYOKU oya="0"/><INIT seed="0,0,0,2,4,18" ten="250,250,250,250" oya="0" hai0="36,83,118,106,49,108,132,37,15,21,26,103,64" hai1="45,16,41,47,14,38,122,81,53,40,88,43,126" hai2="35,59,129,130,13,93,80,125,114,120,42,131,135" hai3="66,67,104,28,51,85,97,115,8,12,63,33,96"/><T90/><D118/><U62/><E122/><V94/><F120/><W71/><G115/><T133/><D64/><U134/><E126/><V46/><F114/><W20/><G67/><T34/><D34/><U86/><E134/><N who="0" m="51817" /><D108/><U72/><E72/><V0/><F0/><W75/><G75/><T128/><D15/><U50/><E62/><V9/><F135/><W58/><G96/><N who="0" m="61799" /><D49/><U82/><E82/><V95/><F35/><W61/><G51/><T10/><D10/><AGARI ba="0,0" hai="10,14,16,38,40,41,43,45,47,50,53,81,86,88" machi="10" ten="30,8000,1" yaku="7,1,25,2,54,2" doraHai="18" who="1" fromWho="0" sc="250,-80,250,80,250,0,250,0" /><INIT seed="1,0,0,5,2,33" ten="170,330,250,250" oya="1" hai0="124,74,23,129,95,24,32,19,117,39,72,66,122" hai1="46,107,60,106,119,85,68,90,81,51,25,54,127" hai2="0,48,84,86,41,111,56,98,30,3,4,22,132" hai3="21,97,40,109,99,1,91,53,16,92,75,45,110"/><U133/><E119/><V6/><F111/><N who="3" m="42507" /><G75/><T28/><D117/><U69/><E127/><V8/><F132/><W2/><G53/><T113/><D113/><U96/><E133/><V135/><F135/><W36/><G99/><T121/><D124/><U77/><E25/><AGARI ba="0,0" hai="1,2,16,21,25,36,40,45,91,92,97" m="42507" machi="25" ten="30,7700,0" yaku="14,1,52,2,54,1" doraHai="33" who="3" fromWho="1" sc="170,0,330,-77,250,0,250,77" /><INIT seed="2,0,0,1,0,7" ten="170,253,250,327" oya="2" hai0="116,125,86,119,0,9,72,16,107,118,41,60,42" hai1="131,105,132,18,61,130,65,20,73,99,13,109,122" hai2="21,100,54,91,3,28,10,80,24,35,126,70,26" hai3="101,110,69,45,127,112,29,6,76,94,103,113,57"/><V8/><F126/><W46/><G127/><T135/><D72/><U82/><E122/><V93/><F70/><W92/><G69/><T23/><D125/><U53/><E132/><V58/><F3/><W55/><G76/><T71/><D107/><U106/><E53/><V111/><F80/><W133/><G133/><T49/><D135/><U56/><E109/><V2/><F2/><W128/><G110/><T50/><D86/><U89/><E73/><V74/><F100/><W84/><G29/><T87/><D87/><U59/><E59/><V78/><F78/><W79/><G79/><T43/><D60/><U134/><E134/><V38/><F38/><W124/><G124/><T120/><D71/><U68/><E68/><V75/><F75/><W27/><G27/><N who="0" m="14823" /><D120/><U104/><E82/><V62/><F74/><W63/><G128/><N who="1" m="49194" /><E89/><V36/><F36/><W95/><G84/><T33/><D33/><U34/><E34/><V67/><F67/><W15/><G112/><T83/><D83/><U115/><E115/><V52/><F54/><W4/><G113/><T77/><D77/><U39/><E39/><V108/><F108/><W25/><G101/><AGARI ba="0,0" hai="13,18,20,56,61,65,99,101,104,105,106" m="49194" machi="101" ten="30,1000,0" yaku="19,1" doraHai="7" who="1" fromWho="3" sc="170,0,253,10,250,0,327,-10" /><INIT seed="3,0,0,3,2,81" ten="170,263,250,317" oya="3" hai0="46,33,52,69,35,2,123,66,7,114,120,5,70" hai1="60,98,1,53,129,126,76,127,128,84,135,90,74" hai2="115,43,59,40,87,91,47,48,17,71,51,49,26" hai3="134,31,9,113,105,41,118,29,125,50,42,39,77"/><W83/><G118/><T119/><D119/><U75/><E1/><V63/><F115/><W108/><G113/><T10/><D114/><U133/><E60/><V85/><F71/><W67/><G39/><T16/><D66/><U23/><E23/><N who="2" m="13679" /><F91/><W56/><G105/><T14/><D5/><U124/><E98/><V111/><F111/><W93/><G108/><T11/><D70/><U64/><E53/><N who="2" m="34287" /><F47/><W45/><G134/><N who="1" m="51210" /><E64/><V101/><F101/><W117/><G117/><T44/><D69/><U82/><E76/><V25/><F25/><W19/><G42/><AGARI ba="0,0" hai="40,42,43,48,49,51,85,87" m="34287,13679" machi="42" ten="30,3900,0" yaku="8,1,52,2" doraHai="81" who="2" fromWho="3" sc="170,0,263,0,250,39,317,-39" /><INIT seed="4,0,0,2,4,70" ten="170,263,289,278" oya="0" hai0="96,73,43,45,54,5,105,55,19,134,44,34,97" hai1="67,71,109,122,13,130,132,38,125,75,37,63,60" hai2="110,50,26,18,129,29,8,53,113,74,106,114,83" hai3="30,28,24,52,126,12,31,82,88,86,108,21,69"/><T100/><D134/><U66/><E122/><V93/><F110/><W41/><G69/><T72/><D34/><U65/><E109/><V11/><F106/><W42/><G108/><T131/><D131/><U10/><E75/><V92/><F129/><W135/><G135/><T95/><D5/><U51/><E130/><V22/><F74/><W98/><G126/><T91/><D19/><U3/><E3/><V56/><F83/><W17/><G98/><T79/><D45/><U33/><E33/><V40/><F40/><N who="3" m="15467" /><G24/><T6/><D6/><U102/><E132/><V64/><F64/><W14/><G14/><T78/><D73/><U48/><E102/><V104/><F104/><W121/><G121/><T47/><D47/><U94/><E94/><N who="2" m="36459" /><F29/><W23/><G23/><T49/><REACH who="0" step="1"/><D72/><REACH who="0" ten="160,263,289,278" step="2"/><U81/><E125/><V87/><F113/><W84/><G31/><T107/><D107/><U124/><E124/><V101/><F114/><W46/><G30/><T27/><D27/><U112/><E112/><V115/><F115/><W80/><G28/><T117/><D117/><U76/><E71/><V118/><F118/><W39/><G39/><T103/><D103/><U90/><E38/><V0/><F101/><W36/><G36/><T35/><D35/><U15/><E37/><V89/><F0/><W58/><G46/><T68/><D68/><U77/><E15/><V116/><F116/><W7/><G7/><T9/><D9/><U20/><E13/><V1/><F1/><W128/><G128/><T61/><D61/><N who="1" m="23627" /><E10/><V25/><F25/><W59/><G12/><T123/><D123/><RYUUKYOKU ba="0,1" sc="160,15,263,-15,289,15,278,-15" hai0="43,44,49,54,55,78,79,91,95,96,97,100,105" hai2="8,11,18,22,26,50,53,56,87,89" /><INIT seed="4,1,1,2,4,22" ten="175,248,304,263" oya="0" hai0="4,3,82,102,119,128,16,98,20,35,104,100,23" hai1="2,77,73,87,88,10,125,64,105,6,99,51,18" hai2="95,33,55,107,85,110,122,71,14,27,72,44,8" hai3="84,36,60,86,32,0,41,28,17,123,113,131,81"/><T48/><D119/><U130/><E130/><V79/><F122/><W115/><G131/><T61/><D35/><U26/><E125/><V121/><F121/><W9/><G123/><T124/><D128/><U42/><E64/><V24/><F107/><W1/><G36/><T108/><D124/><U90/><E73/><V114/><F110/><W63/><G41/><T15/><D108/><U69/><E69/><V132/><F71/><W34/><G28/><T45/><D102/><U118/><E118/><V49/><F33/><W53/><G53/><T50/><D61/><U134/><E77/><V39/><F39/><W129/><G129/><T37/><D23/><U52/><E42/><V111/><F72/><W97/><G97/><T66/><D66/><U70/><E70/><V13/><F114/><W93/><G93/><T91/><D37/><U94/><E134/><V12/><F132/><W25/><G81/><T46/><D46/><U30/><E18/><V76/><F8/><W116/><G116/><T43/><D50/><U96/><E90/><N who="2" m="53711" /><F111/><W38/><G38/><T89/><REACH who="0" step="1"/><D82/><REACH who="0" ten="165,248,304,263" step="2"/><U106/><E106/><V80/><F80/><W21/><G113/><T109/><D109/><U68/><E105/><V101/><F101/><W31/><G115/><T74/><D74/><U7/><E68/><V5/><F5/><N who="3" m="1191" /><G34/><T127/><D127/><U56/><E7/><V62/><F62/><W120/><G120/><T59/><D59/><U19/><E19/><V135/><F135/><W126/><G126/><T29/><D29/><U103/><E103/><V47/><F47/><W65/><G60/><RYUUKYOKU ba="1,2" sc="165,10,248,10,304,10,263,-30" hai0="3,4,15,16,20,43,45,48,89,91,98,100,104" hai1="2,6,10,26,30,51,52,56,87,88,94,96,99" hai2="12,13,14,24,27,44,49,55,76,79" /><INIT seed="4,2,2,4,5,102" ten="175,258,314,233" oya="0" hai0="94,67,71,44,4,81,126,74,104,53,25,82,73" hai1="87,92,57,21,97,54,33,56,50,100,36,89,47" hai2="6,62,8,115,46,129,37,133,19,78,105,38,59" hai3="101,117,24,125,90,108,70,95,34,118,32,23,85"/><T111/><D104/><U106/><E33/><V26/><F105/><W120/><G108/><T122/><D122/><U64/><E36/><V2/><F115/><W72/><G120/><T48/><D111/><U3/><E3/><V58/><F129/><W75/><G70/><T88/><D126/><U35/><E35/><V68/><F133/><W7/><G125/><T128/><D128/><U5/><E5/><V60/><F78/><W130/><G130/><T61/><D4/><U11/><E11/><V86/><F86/><W114/><G114/><T66/><D66/><U39/><E39/><V112/><F68/><W49/><G32/><T14/><D14/><U17/><REACH who="1" step="1"/><E64/><REACH who="1" ten="175,248,314,233" step="2"/><V107/><F38/><W42/><G34/><T40/><D25/><AGARI ba="2,3" hai="17,21,25,47,50,54,56,57,87,89,92,97,100,106" machi="25" ten="30,8000,1" yaku="1,1,2,1,7,1,52,1,53,1" doraHai="102" doraHaiUra="51" who="1" fromWho="0" sc="175,-86,248,116,314,0,233,0" /><INIT seed="5,0,0,5,4,13" ten="89,364,314,233" oya="1" hai0="45,123,75,112,108,129,26,135,4,88,20,109,0" hai1="57,31,2,115,120,73,67,53,21,11,25,43,51" hai2="24,82,29,94,132,18,85,47,7,106,38,133,5" hai3="9,128,89,27,34,59,118,40,65,64,23,77,42"/><U1/><E120/><V81/><F106/><W30/><G128/><T83/><D123/><U99/><E73/><V122/><F122/><W46/><G118/><T69/><D69/><U110/><E115/><V107/><F107/><W50/><G77/><T19/><D129/><U60/><E43/><V6/><F94/><W14/><G34/><T84/><D112/><U91/><E11/><V36/><F82/><W37/><G37/><T124/><D124/><U58/><E110/><V101/><F101/><W66/><G40/><T16/><D135/><N who="2" m="51786" /><F47/><W103/><G103/><T28/><D75/><U126/><E126/><V127/><F127/><W70/><G70/><T35/><D45/><U72/><E72/><V33/><F18/><N who="3" m="8527" /><G89/><AGARI ba="0,0" hai="5,6,7,24,29,33,36,38,81,85,89" m="51786" machi="89" ten="30,1000,0" yaku="20,1" doraHai="13" who="2" fromWho="3" sc="89,0,364,0,314,10,233,-10" /><INIT seed="6,0,0,4,1,46" ten="89,364,324,223" oya="2" hai0="58,40,48,96,79,99,0,115,114,24,106,60,85" hai1="47,14,90,128,56,135,88,13,91,95,87,126,3" hai2="86,43,45,92,1,61,77,133,97,67,12,124,35" hai3="78,112,70,6,4,83,113,123,57,7,100,32,31"/><V73/><F1/><W81/><G70/><T134/><D0/><U9/><E3/><V33/><F124/><W15/><G123/><T50/><D24/><U76/><E128/><V117/><F117/><W38/><G38/><T25/><D25/><U42/><E135/><V11/><F73/><W122/><G122/><T71/><D71/><U53/><E76/><V104/><F104/><W110/><G110/><T37/><D134/><U68/><E68/><V34/><F133/><W80/><G100/><T132/><D132/><U59/><E14/><V44/><F77/><W51/><G32/><T39/><D40/><U107/><E107/><V101/><F86/><W26/><G31/><T84/><D106/><U10/><E10/><V36/><F45/><W125/><G26/><T65/><D79/><U116/><E116/><V52/><F52/><N who="3" m="31903" /><G125/><T121/><D121/><U17/><E126/><V18/><F35/><W108/><G108/><T127/><D127/><U120/><E120/><V119/><F119/><W82/><G82/><T109/><D109/><U41/><E41/><V2/><F2/><W62/><G62/><T129/><D60/><U28/><E28/><V20/><F34/><W27/><G78/><T111/><D111/><U19/><E42/><V23/><F33/><W98/><G27/><T118/><D118/><U21/><E47/><V105/><F105/><W72/><G72/><T22/><D22/><U94/><E21/><V69/><AGARI ba="0,0" hai="11,12,18,20,23,36,43,44,61,67,69,92,97,101" machi="69" ten="20,2100,0" yaku="0,1,7,1" doraHai="46" who="2" fromWho="2" sc="89,-7,364,-7,324,21,223,-7" /><INIT seed="6,1,0,1,4,60" ten="82,357,345,216" oya="2" hai0="107,111,135,27,1,131,44,39,93,21,127,4,85" hai1="126,55,80,64,37,46,92,129,88,79,15,103,102" hai2="73,70,38,87,91,72,122,3,115,11,76,29,90" hai3="31,86,119,13,23,118,71,96,19,36,105,63,59"/><V121/><F38/><W74/><G74/><T78/><D107/><U100/><E126/><V133/><F29/><W62/><G36/><T124/><D111/><U69/><E129/><V32/><F32/><W16/><G71/><T49/><D131/><U50/><E37/><V128/><F128/><W95/><G63/><T77/><D135/><U53/><E64/><V8/><F70/><W42/><G42/><T114/><D39/><U81/><E69/><V110/><F3/><W117/><G105/><T101/><D114/><U104/><E104/><V123/><F115/><W35/><G86/><T94/><D1/><U112/><E112/><V20/><F20/><W18/><G35/><T125/><D4/><U134/><E134/><V17/><F133/><W10/><G31/><T109/><D109/><U40/><E15/><V68/><F68/><W51/><G51/><T12/><D12/><U106/><E106/><V30/><F30/><W2/><G2/><T47/><D101/><U67/><E67/><V99/><F110/><W132/><G132/><T43/><D47/><U84/><REACH who="1" step="1"/><E81/><REACH who="1" ten="82,347,345,216" step="2"/><N who="2" m="47527" /><F121/><W57/><G118/><T22/><D22/><U24/><E24/><V83/><F122/><W41/><G119/><T6/><D6/><U33/><E33/><V14/><F123/><W7/><G117/><T75/><D75/><AGARI ba="1,1" hai="40,46,50,53,55,75,79,80,84,88,92,100,102,103" machi="75" ten="40,8000,1" yaku="1,1,54,1,53,3" doraHai="60" doraHaiUra="97" who="1" fromWho="0" sc="82,-83,347,93,345,0,216,0" owari="-1,-50.0,440,53.0,345,15.0,216,-18.0" /></mjloggm>