<mjloggm ver="2.3"><GO type="41"/><UN n0="%EF%BC%88%E2%89%A7%E2%96%BD%E2%89%A6%EF%BC%89" n1="%E3%83%93%E3%82%AE%E3%83%8A%E3%83%BC%E3%82%BA%E3%83%AB%E3%83%83%E3%82%AF" n2="%4E%4F%4E%53%54%4F%50" n3="%E3%81%84%E3%82%81%E3%81%91%E3%82%93" dan="16,15,14,15" rate="2024,2004,2002,1980" sx="M,M,M,M"/><TAIKYOKU oya="0"/><INIT seed="0,0,0,2,1,77" ten="250,250,250,250" oya="0" hai0="113,55,128,73,102,87,8,34,84,4,71,101,20" hai1="59,111,64,6,105,117,24,133,79,98,15,5,58" hai2="72,44,1,35,135,42,45,22,63,94,88,119,17" hai3="33,74,91,57,36,126,28,83,49,81,103,30,118"/><T130/><D34/><U123/><E117/><V41/><F1/><W122/><G36/><T60/><D73/><U32/><E123/><V115/><F35/><W121/><G74/><T51/><D113/><U107/><E79/><V134/><F72/><W92/><G118/><T96/><D20/><U65/><E111/><V69/><F119/><W39/><G39/><T40/><D40/><U37/><E37/><V10/><F115/><W108/><G103/><N who="0" m="39435" /><D96/><U54/><E98/><V61/><F10/><W14/><G108/><T131/><D60/><U47/><E32/><V70/><F94/><W99/><G126/><T100/><D71/><N who="2" m="27146" /><F88/><W13/><G13/><N who="0" m="5255" /><D100/><U116/><E116/><V95/><F95/><W2/><G14/><T124/><D124/><U50/><E15/><V56/><F17/><W18/><G18/><T89/><D89/><U78/><E105/><V82/><F82/><N who="3" m="31243" /><G2/><T12/><D12/><U52/><E107/><V112/><F22/><W48/><G33/><T38/><D38/><U11/><E5/><V67/><F112/><W68/><G68/><T19/><D19/><U93/><E6/><V127/><F127/><W25/><G25/><T66/><D66/><U53/><E24/><V16/><F16/><W125/><G125/><T3/><D3/><U120/><E65/><V29/><F29/><N who="3" m="11371" /><G57/><AGARI ba="0,0" hai="51,55,57,84,87,128,130,131" m="5255,39435" machi="57" ten="30,1500,0" yaku="19,1" doraHai="77" who="0" fromWho="3" sc="250,15,250,0,250,0,250,-15" /><INIT seed="0,1,0,1,4,59" ten="265,250,250,235" oya="0" hai0="24,34,55,88,53,35,27,118,4,83,43,42,68" hai1="104,91,37,109,107,81,79,106,51,131,76,133,93" hai2="100,19,86,82,22,112,65,92,0,101,73,125,18" hai3="45,11,132,119,56,46,94,17,9,52,129,3,69"/><T134/><D68/><U98/><E51/><V111/><F0/><W128/><G69/><T61/><D4/><U60/><E37/><V66/><F112/><W95/><G119/><T58/><D118/><U64/><E109/><V47/><F111/><W12/><G132/><T80/><D134/><U39/><E39/><V72/><F125/><W97/><G3/><T44/><D35/><U85/><E133/><V41/><F73/><W38/><G38/><T28/><D27/><U33/><E33/><V123/><F72/><W31/><G31/><T21/><D34/><U115/><E131/><N who="3" m="50250" /><G9/><T30/><D30/><U108/><E108/><V8/><F123/><W89/><G95/><T99/><D80/><U16/><E115/><V84/><F41/><W14/><G14/><T15/><D15/><U71/><REACH who="1" step="1"/><E16/><REACH who="1" ten="265,240,250,235" step="2"/><V122/><F19/><W105/><G105/><T77/><D24/><U74/><E74/><V114/><F114/><W48/><AGARI ba="1,1" hai="11,12,17,45,46,48,52,56,89,94,97" m="50250" machi="48" ten="30,2000,0" yaku="19,1,54,1" doraHai="59" who="3" fromWho="3" sc="265,-11,240,-6,250,-6,235,33" /><INIT seed="1,0,0,0,2,95" ten="254,234,244,268" oya="1" hai0="92,110,79,37,113,4,67,61,26,99,101,107,42" hai1="74,1,66,131,10,130,50,98,104,7,134,62,23" hai2="88,93,63,2,77,30,19,14,36,38,80,87,72" hai3="69,48,76,105,73,112,65,3,86,91,96,56,55"/><U121/><E121/><V59/><F2/><W28/><G3/><T8/><D113/><U15/><E74/><V125/><F30/><W132/><G112/><T106/><D110/><U35/><E35/><V0/><F0/><W46/><G132/><T49/><D37/><U58/><E134/><V81/><F81/><W120/><G120/><T25/><D79/><U117/><E117/><V116/><F116/><W44/><G73/><T94/><D107/><U103/><E50/><V21/><F125/><W40/><G76/><T122/><D122/><U71/><E58/><V16/><REACH who="2" step="1"/><F19/><REACH who="2" ten="254,234,234,268" step="2"/><W108/><G28/><T100/><D4/><U17/><AGARI ba="0,1" hai="1,7,10,15,17,23,62,66,71,98,103,104,130,131" machi="17" ten="30,3000,0" yaku="0,1,52,1" doraHai="95" who="1" fromWho="1" sc="254,-10,234,40,234,-10,268,-10" /><INIT seed="1,1,0,2,1,75" ten="244,274,224,258" oya="1" hai0="135,64,44,63,129,82,38,127,84,40,30,123,71" hai1="11,124,18,52,25,22,45,1,128,88,97,33,79" hai2="86,130,95,32,50,118,21,80,67,106,77,0,2" hai3="122,107,109,41,35,58,4,20,90,73,6,132,55"/><U100/><E128/><V31/><F106/><W28/><G35/><T57/><D123/><U114/><E114/><V54/><F32/><W94/><G122/><T81/><D129/><U26/><E124/><V46/><F118/><W15/><G107/><T85/><D127/><U103/><E26/><V125/><F130/><W56/><G132/><T110/><D135/><U68/><E68/><V19/><F125/><W3/><G3/><T102/><D110/><U87/><E33/><V17/><F67/><W117/><G73/><T65/><D102/><U60/><E97/><V91/><F31/><W111/><G41/><T59/><D30/><U62/><E79/><V115/><F19/><W92/><G117/><T99/><D99/><U12/><E1/><V42/><F42/><W96/><G28/><T70/><D40/><U51/><E100/><V116/><F116/><W131/><G131/><T66/><D38/><U49/><E103/><V61/><F61/><W89/><G20/><T43/><D43/><U113/><E51/><V134/><F134/><W16/><G96/><T74/><D74/><U37/><E37/><V119/><F119/><W34/><G34/><T29/><D29/><N who="1" m="17591" /><E113/><V83/><F115/><W121/><G121/><T69/><D63/><U78/><E78/><V126/><F126/><W9/><G15/><T108/><D108/><U5/><E5/><V104/><F104/><W133/><G133/><T13/><D13/><U98/><E98/><N who="2" m="57727" /><F80/><AGARI ba="1,0" hai="11,12,18,45,49,52,60,62,80,87,88" m="17591" machi="80" ten="30,11600,0" yaku="25,1,8,1,54,2" doraHai="75" who="1" fromWho="2" sc="244,0,274,119,224,-119,258,0" /><INIT seed="1,2,0,0,5,51" ten="244,393,105,258" oya="1" hai0="42,5,56,44,100,124,117,64,71,82,98,91,93" hai1="69,4,107,46,25,10,106,132,48,27,95,15,114" hai2="76,60,129,133,72,16,31,29,0,65,49,79,38" hai3="115,110,9,57,89,36,19,128,62,32,80,121,108"/><U41/><E114/><V85/><F38/><W34/><G36/><T118/><D117/><U58/><E69/><V12/><F0/><W104/><G104/><T61/><D118/><U35/><E132/><V20/><F72/><W1/><G115/><T13/><D124/><U39/><E95/><V94/><F133/><W120/><G128/><T81/><D71/><U102/><E102/><V26/><F129/><W101/><G101/><T99/><D13/><U96/><E96/><V3/><F3/><W84/><G19/><T45/><D5/><U21/><E35/><N who="3" m="13354" /><G9/><T30/><D30/><U88/><E88/><V135/><F135/><W24/><G24/><T126/><D126/><U52/><REACH who="1" step="1"/><E27/><REACH who="1" ten="244,383,105,258" step="2"/><V77/><F31/><AGARI ba="2,1" hai="4,10,15,21,25,31,39,41,46,48,52,58,106,107" machi="31" ten="30,12000,1" yaku="1,1,2,1,7,1,52,1,54,1,53,0" doraHai="51" doraHaiUra="74" who="1" fromWho="2" sc="244,0,383,136,105,-126,258,0" owari="244,-16.0,519,62.0,-21,-52.0,258,6.0" /></mjloggm>