<mjloggm ver="2.3"><GO type="41"/><UN n0="%E3%83%AD%E3%83%B3%E3%83%87%E3%83%AC" n1="%59%75%61%6E%45%2D%5A%4E" n2="%EF%BC%88%E2%89%A7%E2%96%BD%E2%89%A6%EF%BC%89" n3="%E3%81%A6%E3%81%83%E3%81%98%E3%81%87%E3%81%84" dan="13,15,14,15" rate="1830,2169,2037,1985" sx="F,M,M,M"/><TAIKYOKU oya="0"/><INIT seed="0,0,0,1,3,45" ten="250,250,250,250" oya="0" hai0="128,13,28,84,26,122,3,112,18,20,89,2,25" hai1="37,56,133,78,80,88,90,30,97,70,103,93,98" hai2="1,110,100,62,129,43,111,17,85,86,87,96,120" hai3="131,134,49,108,61,72,83,15,117,65,69,4,47"/><T27/><D122/><U66/><E37/><V44/><F1/><W0/><G117/><T109/><D112/><U36/><E36/><V57/><F120/><W14/><G0/><T127/><D128/><U11/><E133/><V42/><F17/><W16/><G131/><T64/><D127/><U74/><E70/><V33/><F33/><W23/><G134/><T105/><D105/><U125/><E125/><V123/><F123/><W116/><G116/><T8/><D109/><N who="2" m="41482" /><F129/><W38/><G38/><T10/><D64/><U51/><E30/><V71/><F71/><W19/><G108/><T6/><D89/><U130/><E130/><V29/><F29/><W9/><G4/><N who="0" m="3207" /><D84/><U46/><E11/><V50/><F42/><W119/><G119/><T58/><D58/><U106/><E56/><V76/><F76/><W79/><G47/><T41/><D41/><U35/><E35/><V22/><F22/><W95/><G23/><N who="0" m="15423" /><D2/><U34/><E34/><V24/><F24/><AGARI ba="0,0" hai="3,6,10,18,20,24,26,27" m="15423,3207" machi="24" ten="30,12000,1" yaku="35,5" doraHai="45" who="0" fromWho="2" sc="250,120,250,0,250,-120,250,0" /><INIT seed="0,1,0,5,4,50" ten="370,250,130,250" oya="0" hai0="56,58,84,86,94,115,74,45,64,70,91,93,44" hai1="108,112,132,117,59,57,54,105,4,96,73,129,61" hai2="95,65,122,114,135,14,46,60,71,118,106,79,67" hai3="15,27,82,111,116,103,31,134,48,43,12,125,34"/><T98/><D115/><U107/><E117/><V88/><F114/><W126/><G116/><T25/><D74/><U11/><E73/><V124/><F118/><W37/><G37/><T63/><D25/><U89/><E112/><V1/><F122/><W66/><G134/><T17/><D17/><U119/><E119/><V2/><F106/><W38/><G38/><T0/><D0/><U3/><E132/><V99/><F135/><W75/><G111/><T29/><D29/><U97/><E108/><V113/><F113/><W13/><G103/><T22/><D22/><U123/><E123/><V53/><F124/><N who="3" m="47723" /><G66/><T92/><D70/><U133/><E133/><V7/><F79/><N who="3" m="44415" /><G48/><T18/><D18/><U121/><E121/><V52/><F67/><W102/><G102/><T128/><D128/><U68/><E68/><V16/><F7/><W130/><G43/><T80/><D58/><U72/><E72/><V35/><F35/><W30/><G30/><T55/><D64/><U8/><E129/><AGARI ba="1,0" hai="12,13,15,27,31,34,129,130" m="44415,47723" machi="129" ten="40,1300,0" yaku="18,1" doraHai="50" who="3" fromWho="1" sc="370,0,250,-16,130,0,250,16" /><INIT seed="1,0,0,0,4,36" ten="370,234,130,266" oya="1" hai0="16,113,59,8,112,30,73,38,124,40,96,57,4" hai1="35,135,69,52,118,107,66,68,126,100,108,115,12" hai2="111,60,80,28,98,105,49,92,104,48,56,103,37" hai3="31,41,44,54,77,81,1,129,131,39,94,67,21"/><U90/><E118/><V2/><F2/><W5/><G67/><T29/><D73/><U26/><E115/><V10/><F111/><W120/><G120/><T89/><D124/><U0/><E0/><V34/><F37/><W106/><G106/><T63/><D112/><U91/><E126/><V50/><F10/><N who="3" m="2351" /><G94/><T18/><D113/><U121/><E69/><V45/><F45/><W32/><G32/><T3/><D59/><U127/><E127/><V86/><F28/><W24/><G54/><T95/><D29/><N who="1" m="19895" /><E12/><V101/><F34/><W19/><G19/><T117/><D30/><U43/><E121/><V99/><F92/><W9/><G9/><T76/><D76/><U84/><E84/><V133/><F133/><W47/><G47/><T128/><D117/><U75/><E75/><AGARI ba="0,0" hai="21,24,31,39,41,44,75,77,81,129,131" m="2351" machi="75" ten="30,2000,0" yaku="25,1,52,1" doraHai="36" who="3" fromWho="1" sc="370,0,234,-20,130,0,266,20" /><INIT seed="2,0,0,5,4,121" ten="370,214,130,286" oya="2" hai0="86,56,7,55,60,99,116,118,119,123,134,70,21" hai1="133,106,49,80,90,32,34,87,42,89,62,48,59" hai2="30,97,17,5,94,109,71,111,46,101,107,33,108" hai3="72,95,47,58,110,26,84,79,113,15,14,57,23"/><V85/><F71/><W3/><G3/><T129/><D123/><U66/><E106/><V18/><F5/><W67/><G72/><T9/><D134/><U75/><E133/><V126/><F126/><W2/><G2/><T83/><D129/><U120/><E120/><V11/><F46/><W103/><G113/><T64/><D21/><U22/><E75/><V28/><F11/><W53/><G47/><T93/><D9/><U88/><E34/><V100/><F33/><W112/><G112/><T115/><D7/><U16/><E32/><V13/><F85/><W61/><G79/><N who="0" m="46463" /><D115/><U114/><E114/><V44/><F44/><W25/><G25/><T36/><D36/><U37/><E37/><V128/><F128/><W132/><G132/><T78/><D78/><N who="1" m="46487" /><E42/><V10/><F18/><W19/><G14/><AGARI ba="0,0" hai="14,16,22,48,49,59,62,66,88,89,90" m="46487" machi="14" ten="30,3900,0" yaku="8,1,54,2" doraHai="121" who="1" fromWho="3" sc="370,0,214,39,130,0,286,-39" /><INIT seed="3,0,0,1,2,59" ten="370,253,130,247" oya="3" hai0="123,41,71,48,66,15,8,37,5,110,104,29,31" hai1="60,72,112,77,124,2,10,23,111,122,6,22,30" hai2="13,68,126,113,64,51,40,106,55,118,53,65,52" hai3="120,33,50,116,119,98,127,42,83,21,84,121,102"/><W101/><G33/><T100/><D123/><U131/><E122/><V91/><F106/><W35/><G35/><T87/><D37/><U54/><E112/><V108/><F13/><W128/><G128/><T26/><D110/><U135/><E111/><V79/><F79/><W134/><G121/><T44/><D104/><U3/><E3/><V49/><F91/><W82/><G120/><T1/><D100/><U89/><E30/><V114/><F108/><W85/><G127/><T28/><D1/><U4/><E4/><V27/><F27/><W73/><G73/><T75/><D75/><U19/><E135/><V78/><F78/><W109/><G109/><T47/><D44/><U63/><E23/><V86/><F86/><W125/><G125/><T70/><D87/><U69/><E69/><V61/><F126/><W45/><G134/><T43/><D43/><U9/><E9/><V90/><F90/><N who="3" m="51479" /><G119/><T16/><REACH who="0" step="1"/><D66/><REACH who="0" step="2"/><U132/><E124/><V96/><F118/><W14/><G116/><T36/><D36/><U56/><E132/><V46/><F96/><W0/><G98/><T97/><D97/><U67/><E67/><V133/><F133/><W80/><G0/><T99/><D99/><U24/><E89/><V76/><F76/><N who="3" m="46215" /><G83/><T81/><D81/><N who="1" m="45223" /><E131/><V7/><F65/><W32/><G32/><T117/><D117/><U11/><E2/><V57/><F7/><W34/><G34/><T38/><D38/><U129/><E6/><V17/><F17/><AGARI ba="0,1" hai="14,17,21,42,45,50,101,102" m="46215,51479" machi="17" ten="30,1500,0" yaku="8,1" doraHai="59" who="3" fromWho="2" sc="360,0,253,0,130,-15,247,25" /><INIT seed="3,1,0,1,1,55" ten="360,253,115,272" oya="3" hai0="41,98,21,0,11,48,111,119,32,120,63,74,22" hai1="56,88,53,42,29,12,46,4,3,70,102,134,126" hai2="38,49,129,110,106,131,36,7,116,59,72,2,73" hai3="35,23,87,125,16,60,117,24,14,118,105,95,78"/><W34/><G105/><T101/><D32/><U33/><E70/><V114/><F116/><W133/><G133/><T71/><D119/><U130/><E3/><V67/><F114/><W8/><G125/><T84/><D74/><N who="2" m="28778" /><F106/><W86/><G118/><T27/><D120/><U40/><E102/><V94/><F94/><W115/><G115/><T93/><D111/><U128/><E134/><V127/><F127/><W75/><G75/><T66/><D0/><U90/><E33/><V51/><F110/><W123/><G123/><T44/><D11/><N who="1" m="4199" /><E29/><V50/><F7/><W6/><G117/><T47/><D27/><U103/><E103/><V108/><F2/><W13/><G35/><T104/><D104/><U69/><E69/><V99/><F99/><W58/><G34/><T82/><D47/><U89/><E46/><V76/><F76/><AGARI ba="1,0" hai="21,22,41,44,48,63,66,71,76,82,84,93,98,101" machi="76" ten="30,1000,0" yaku="7,1" doraHai="55" who="0" fromWho="2" sc="360,13,253,0,115,-13,272,0" /><INIT seed="4,0,0,1,0,34" ten="373,253,102,272" oya="0" hai0="45,88,131,5,81,111,1,63,132,4,42,99,33" hai1="62,54,44,109,36,28,124,70,105,97,37,116,101" hai2="89,69,118,20,100,78,80,26,59,60,98,7,135" hai3="6,93,110,18,19,52,48,66,103,129,11,113,27"/><T107/><D33/><U15/><E109/><V68/><F135/><W125/><G110/><T16/><D111/><U24/><E116/><V53/><F118/><W22/><G113/><T127/><D132/><U79/><E124/><V41/><F41/><W46/><G125/><T56/><D127/><U112/><E79/><V30/><F7/><W47/><G129/><T55/><D131/><U40/><E15/><V49/><F49/><W72/><G72/><T29/><D29/><U21/><E112/><V115/><F115/><W117/><G117/><T91/><D1/><U43/><E43/><V2/><F89/><W50/><G66/><T58/><D58/><U35/><E21/><V128/><F128/><W14/><G19/><T75/><D91/><U104/><E54/><V83/><F2/><W23/><G23/><T119/><D119/><U90/><E90/><V123/><F123/><W3/><G3/><T92/><D107/><N who="1" m="63919" /><E37/><V38/><F38/><W67/><G67/><AGARI ba="0,0" hai="24,28,35,36,40,44,62,67,70,104,105" m="63919" machi="67" ten="30,3900,0" yaku="25,1,33,2" doraHai="34" who="1" fromWho="3" sc="373,0,253,39,102,0,272,-39" /><INIT seed="5,0,0,4,5,27" ten="373,292,102,233" oya="1" hai0="50,21,34,134,13,38,41,119,84,94,8,85,49" hai1="101,32,57,25,74,15,23,43,5,80,114,42,76" hai2="4,120,125,90,33,61,30,95,113,128,52,66,24" hai3="122,22,54,108,107,48,105,135,51,6,35,73,59"/><U58/><E32/><V133/><F120/><W79/><G35/><T110/><D110/><U62/><E114/><V104/><F104/><W65/><G122/><T0/><D34/><U117/><E117/><V98/><F133/><W10/><G108/><T64/><D119/><U100/><E58/><V123/><F123/><W28/><G135/><T87/><D134/><U56/><E57/><V126/><F128/><W40/><G65/><T37/><D0/><U26/><E26/><V124/><F113/><W17/><G79/><T47/><D64/><U132/><E132/><V72/><F72/><W103/><G73/><T118/><D118/><U99/><E15/><V106/><F106/><W96/><G107/><T7/><D49/><U131/><E5/><V71/><F4/><W82/><G82/><T70/><D70/><U102/><E99/><V83/><F83/><W78/><G78/><T44/><D21/><U39/><E39/><V127/><N who="2" m="32256" /><DORA hai="63" /><V9/><F9/><W69/><G69/><T18/><D7/><U86/><E74/><V20/><F33/><W29/><G40/><T1/><D1/><U67/><REACH who="1" step="1"/><E131/><REACH who="1" step="2"/><V19/><REACH who="2" step="1"/><F52/><REACH who="2" step="2"/><W112/><G112/><T92/><D38/><U81/><E81/><V75/><F75/><W97/><G54/><T46/><D37/><U115/><E115/><V111/><F111/><W31/><G59/><T89/><D92/><U55/><E55/><V109/><F109/><W91/><G6/><T45/><AGARI ba="0,2" hai="8,13,18,41,44,45,46,47,50,84,85,87,89,94" machi="45" ten="30,2000,0" yaku="0,1,8,1" doraHai="27,63" who="0" fromWho="0" sc="373,40,282,-10,92,-5,233,-5" /><INIT seed="6,0,0,5,1,113" ten="413,272,87,228" oya="2" hai0="115,123,128,73,79,14,95,54,88,7,134,42,107" hai1="98,99,33,47,135,56,32,48,132,106,110,86,23" hai2="4,50,39,78,46,85,76,57,24,9,68,67,93" hai3="105,59,58,21,125,62,36,131,31,124,87,11,65"/><V61/><F24/><W26/><G105/><T111/><D123/><U117/><E117/><V16/><F68/><W28/><G36/><T0/><D111/><U10/><E110/><V66/><F66/><W51/><G131/><T82/><D107/><U100/><E98/><V103/><F39/><W55/><G11/><T25/><D115/><U118/><E118/><V81/><F76/><W83/><REACH who="3" step="1"/><G31/><REACH who="3" step="2"/><T90/><D128/><U126/><E10/><V2/><F16/><W3/><G3/><T63/><D0/><U6/><E6/><V34/><F34/><W112/><G112/><T70/><D7/><U17/><E126/><V20/><F20/><W120/><G120/><T60/><D134/><N who="1" m="51243" /><E56/><V44/><REACH who="2" step="1"/><F50/><REACH who="2" step="2"/><W37/><G37/><T72/><D70/><U27/><E33/><V102/><F102/><W80/><G80/><T133/><D82/><U91/><E32/><V53/><F53/><W40/><G40/><T15/><D54/><U114/><E114/><V116/><F116/><W96/><G96/><AGARI ba="0,2" hai="2,4,9,44,46,57,61,67,78,81,85,93,96,103" machi="96" ten="40,3900,0" yaku="1,1,53,1" doraHai="113" doraHaiUra="77" who="2" fromWho="3" sc="413,0,272,0,77,59,218,-39" /><INIT seed="6,1,0,4,2,49" ten="413,272,136,179" oya="2" hai0="125,104,23,44,134,21,0,43,128,46,95,135,72" hai1="68,3,89,67,71,90,1,97,31,51,127,45,47" hai2="26,27,126,79,129,39,78,74,34,53,36,5,107" hai3="22,103,63,66,64,98,33,114,20,77,6,37,94"/><V62/><F5/><W28/><G37/><N who="2" m="14409" /><F34/><W106/><G77/><N who="2" m="29193" /><F74/><W11/><G114/><T93/><D104/><U76/><E31/><V2/><F2/><W10/><G94/><N who="0" m="35851" /><D72/><U15/><E76/><V13/><F13/><W61/><G61/><T116/><D0/><U133/><E67/><V82/><F62/><W123/><G123/><T25/><D116/><U130/><E97/><V73/><F107/><W131/><G11/><T132/><D125/><U109/><E51/><V12/><F12/><W121/><G121/><T99/><D128/><U80/><E15/><V84/><F73/><W29/><G131/><T58/><D58/><U55/><E80/><V38/><N who="2" m="14417" /><V115/><DORA hai="81" /><F115/><W70/><G66/><T111/><D99/><U42/><E127/><V108/><F126/><W75/><G75/><T96/><D96/><U105/><E105/><V87/><F129/><W59/><G33/><T85/><D85/><N who="2" m="32842" /><F82/><W24/><G6/><T7/><D7/><U100/><E3/><V54/><F108/><W124/><G124/><T41/><D111/><U113/><E1/><V112/><F112/><W52/><G106/><T40/><D23/><U19/><E109/><V14/><F14/><W50/><G22/><T92/><N who="0" m="35859" /><T17/><AGARI ba="1,0" hai="17,21,25,40,41,43,44,46,132,134,135" m="35859" machi="17" ten="50,3200,0" yaku="4,1,20,1" doraHai="49,81" who="0" fromWho="0" sc="413,35,272,-9,136,-17,179,-9" /><INIT seed="7,0,0,0,0,24" ten="448,263,119,170" oya="3" hai0="66,86,54,121,65,134,117,50,52,82,103,27,96" hai1="112,33,15,124,80,30,87,48,64,113,45,84,74" hai2="122,130,110,79,9,31,22,21,32,14,118,41,93" hai3="36,35,18,16,68,5,101,8,116,73,2,90,111"/><W37/><G116/><T11/><D117/><U129/><E64/><V100/><F118/><W40/><G68/><T91/><D121/><U123/><E123/><V99/><F122/><W63/><G73/><T42/><D134/><U10/><E74/><V75/><F110/><W97/><G111/><T128/><D128/><U92/><E92/><V20/><F130/><W133/><G133/><T3/><D42/><U95/><E95/><V109/><F109/><W1/><G35/><T7/><D27/><N who="1" m="18655" /><E80/><V43/><F75/><W53/><G90/><T119/><D54/><N who="1" m="29967" /><E124/><V89/><F79/><W115/><G115/><N who="1" m="44106" /><E129/><V76/><F76/><W13/><G2/><T57/><D119/><U106/><E106/><AGARI ba="0,0" hai="3,7,11,50,52,57,65,66,82,86,91,96,103,106" machi="106" ten="30,2000,0" yaku="7,1,54,1" doraHai="24" who="0" fromWho="1" sc="448,20,263,-20,119,0,170,0" owari="468,57.0,243,4.0,119,-38.0,170,-23.0" /></mjloggm>