<mjloggm ver="2.3"><GO type="41"/><UN n0="%E7%95%AA%E9%95%B7%E6%AD%A6%E7%94%B0" n1="%4D%69%6C%65%73" n2="%6B%75%73%6F%6A%69%6A%69" n3="%E3%82%A6%E3%83%AB%E3%83%88%E3%83%A9%E7%AB%8B%E7%9B%B4" dan="15,15,16,15" rate="2007,1983,2025,1967" sx="M,F,M,M"/><TAIKYOKU oya="0"/><INIT seed="0,0,0,1,4,105" ten="250,250,250,250" oya="0" hai0="4,51,1,112,93,120,14,77,94,131,17,48,49" hai1="86,89,57,134,40,111,109,113,33,45,85,56,73" hai2="23,39,61,74,127,125,83,87,29,47,123,80,68" hai3="75,30,5,116,34,88,41,92,130,96,99,22,67"/><T115/><D120/><U8/><E33/><V25/><F123/><W59/><G116/><T72/><D131/><U82/><E134/><V60/><F87/><W58/><G34/><T132/><D132/><U121/><E121/><V46/><F39/><W0/><G0/><T55/><D55/><U27/><E27/><V102/><F102/><W100/><G5/><T69/><D69/><U13/><E73/><V66/><F61/><W110/><G41/><T114/><D4/><U50/><E113/><V32/><F23/><W103/><G59/><T124/><D1/><U20/><E20/><V106/><F106/><W91/><G75/><T26/><D26/><U63/><E85/><V118/><F118/><W35/><G35/><T107/><D107/><U42/><E42/><V122/><F122/><W38/><G38/><T108/><D124/><N who="2" m="47690" /><F83/><W44/><G44/><N who="2" m="16937" /><F80/><W117/><G117/><T97/><D97/><U98/><E98/><V21/><F21/><W10/><G10/><T43/><D43/><U62/><E63/><V37/><F37/><W119/><G119/><T126/><D126/><U128/><E62/><V18/><F18/><W12/><G99/><T19/><D19/><N who="1" m="8615" /><E128/><V3/><F3/><W15/><G96/><T95/><D17/><U84/><E84/><V53/><F53/><W7/><G130/><T54/><D54/><U52/><E40/><V76/><F76/><W78/><G78/><T16/><D16/><U36/><E36/><V129/><F129/><W28/><G22/><T2/><D2/><U6/><E6/><V135/><F135/><W65/><G7/><RYUUKYOKU ba="0,0" sc="250,-15,250,15,250,15,250,-15" hai1="45,50,52,56,57,82,86,89,109,111" hai2="25,29,32,60,66,68,74" /><INIT seed="1,1,0,4,1,69" ten="235,265,265,235" oya="1" hai0="115,42,103,129,24,122,128,4,56,61,33,117,15" hai1="108,88,38,105,0,121,123,125,132,80,62,39,82" hai2="43,107,83,100,60,79,135,106,10,27,40,37,99" hai3="113,76,47,116,77,5,59,53,55,118,109,21,131"/><U22/><E0/><V18/><F135/><W16/><G113/><T1/><D117/><N who="3" m="45161" /><G5/><T71/><D1/><U49/><E105/><V17/><F43/><W28/><G28/><T111/><D71/><U89/><E49/><V73/><F60/><W9/><G9/><T74/><D74/><U72/><E62/><V45/><F107/><W52/><G131/><T124/><D115/><U119/><E119/><V81/><F81/><N who="1" m="31337" /><E22/><V101/><F101/><W54/><G47/><T98/><D111/><U13/><E13/><V25/><F25/><N who="3" m="14503" /><G109/><T63/><D4/><U44/><E44/><V6/><F27/><W102/><G102/><T14/><D24/><U97/><E108/><V46/><REACH who="2" step="1"/><F45/><REACH who="2" ten="235,265,255,235" step="2"/><W85/><G85/><T2/><D103/><U133/><E72/><V30/><F30/><W104/><G104/><T29/><D29/><U41/><E41/><V31/><F31/><W32/><G32/><T48/><D42/><U7/><E97/><V20/><F20/><W11/><G11/><T68/><D33/><U93/><E93/><V90/><F90/><N who="1" m="34921" /><E125/><V126/><F126/><W127/><G127/><T112/><D124/><U86/><E86/><V94/><F94/><W92/><G92/><T19/><D128/><U51/><E51/><AGARI ba="1,1" hai="51,52,53,54,55,59,76,77" m="14503,45161" machi="51" ten="30,3900,0" yaku="12,1,54,2" doraHai="69" who="3" fromWho="1" sc="235,0,265,-42,255,0,235,52" /><INIT seed="2,0,0,1,5,29" ten="235,223,255,287" oya="2" hai0="18,116,44,0,93,109,60,69,115,10,88,2,133" hai1="132,41,22,17,37,86,129,65,131,124,119,111,110" hai2="58,24,89,85,97,79,34,126,63,33,11,74,61" hai3="52,23,134,27,101,14,1,92,19,59,106,13,125"/><V82/><F126/><W28/><G106/><T107/><D115/><U113/><E113/><V130/><F130/><N who="1" m="49673" /><E119/><V49/><F24/><W6/><G134/><T54/><D107/><U9/><E65/><V80/><F63/><W118/><G118/><T64/><D116/><U117/><E117/><V16/><F49/><W25/><G125/><T39/><D109/><N who="1" m="41483" /><E124/><V43/><F43/><W57/><G57/><T108/><D133/><U75/><E75/><V122/><F122/><W121/><G121/><T42/><D108/><U32/><E86/><V12/><F97/><W20/><G6/><T70/><D70/><U30/><E41/><V35/><REACH who="2" step="1"/><F35/><REACH who="2" ten="235,223,245,287" step="2"/><W47/><G47/><T66/><D44/><U99/><E99/><V120/><F120/><W36/><G36/><T127/><D42/><U7/><E37/><V87/><F87/><W4/><G25/><T46/><D39/><U71/><E71/><V102/><F102/><W21/><G27/><T83/><D46/><U77/><E132/><V50/><F50/><W26/><G101/><T104/><D69/><U8/><E32/><V62/><F62/><W67/><G26/><T3/><D60/><U31/><E77/><V73/><F73/><W38/><G38/><T105/><D127/><U123/><E123/><V114/><F114/><W53/><G28/><N who="1" m="10794" /><E7/><V15/><F15/><AGARI ba="0,1" hai="8,9,15,17,22" m="10794,41483,49673" machi="15" ten="30,7700,0" yaku="19,1,14,1,34,2" doraHai="29" who="1" fromWho="2" sc="235,0,223,87,245,-77,287,0" /><INIT seed="3,0,0,4,2,106" ten="235,310,168,287" oya="3" hai0="71,9,78,127,68,50,2,85,133,3,38,24,22" hai1="95,37,64,15,98,72,62,84,36,81,46,17,30" hai2="128,40,104,117,63,77,52,103,35,107,32,121,124" hai3="61,29,25,119,27,55,4,131,66,109,125,34,58"/><W82/><G119/><T28/><D38/><U69/><E30/><V129/><F117/><W45/><G125/><T108/><D127/><U123/><E123/><V90/><F124/><W116/><G116/><T93/><D133/><U19/><E72/><V120/><F40/><W6/><G131/><N who="2" m="50249" /><F90/><W16/><G109/><T54/><D108/><U7/><E7/><V92/><F92/><W33/><G82/><T110/><D110/><U10/><E19/><V12/><F12/><W42/><G55/><T53/><D53/><U97/><E46/><V47/><F47/><W135/><G135/><T96/><D78/><U20/><E10/><V91/><F91/><W94/><G94/><T21/><D85/><U48/><E98/><N who="2" m="61559" /><F107/><W8/><G34/><N who="2" m="12841" /><F77/><W31/><G31/><T115/><D2/><U76/><E48/><V89/><F89/><AGARI ba="0,0" hai="15,17,20,36,37,62,64,69,76,81,84,89,95,97" machi="89" ten="30,1000,0" yaku="7,1" doraHai="106" who="1" fromWho="2" sc="235,0,310,10,168,-10,287,0" /><INIT seed="4,0,0,5,0,47" ten="235,320,158,287" oya="0" hai0="92,44,36,37,46,23,120,62,123,88,128,6,60" hai1="134,61,69,110,5,74,3,81,96,10,38,12,91" hai2="105,34,32,67,48,129,114,87,125,2,127,64,29" hai3="9,107,122,1,20,43,100,13,55,83,26,25,117"/><T84/><D128/><U41/><E110/><V119/><F105/><W56/><G117/><T24/><D6/><U11/><E134/><V70/><F119/><W130/><G130/><T95/><D23/><U0/><E69/><V50/><F129/><W27/><G1/><T106/><D106/><U86/><E74/><V57/><F2/><W93/><G107/><T108/><D108/><U39/><E41/><V104/><F104/><W101/><G43/><T58/><D24/><U51/><E96/><V4/><F4/><W111/><G83/><T80/><D80/><U22/><E61/><V135/><F87/><W53/><G53/><T97/><D37/><U99/><E99/><V90/><F90/><W98/><G122/><T68/><D36/><U21/><E38/><V73/><F73/><W31/><G101/><T15/><D15/><U133/><E39/><V59/><F135/><W40/><G40/><T113/><D113/><U33/><E33/><V79/><F70/><W76/><G76/><T66/><D123/><U102/><E102/><V17/><F79/><W18/><REACH who="3" step="1"/><G111/><REACH who="3" ten="235,320,158,277" step="2"/><T82/><D120/><U28/><E0/><V121/><F121/><W112/><G112/><T72/><D72/><U63/><E133/><V89/><F89/><W85/><G85/><T78/><REACH who="0" step="1"/><D95/><REACH who="0" ten="225,320,158,277" step="2"/><U45/><E3/><V8/><F114/><W77/><G77/><T7/><D7/><U131/><E131/><V124/><F124/><W49/><AGARI ba="0,2" hai="9,13,18,20,25,26,27,31,49,55,56,93,98,100" machi="49" ten="20,12000,2" yaku="1,1,0,1,7,1,8,1,52,1,53,1" doraHai="47" doraHaiUra="16" who="3" fromWho="3" sc="225,-60,320,-30,158,-30,277,140" /><INIT seed="5,0,0,5,3,95" ten="165,290,128,417" oya="1" hai0="21,8,93,42,105,61,121,111,86,90,55,101,28" hai1="85,76,11,79,109,51,115,60,104,56,40,29,18" hai2="98,82,113,118,52,64,134,131,68,124,1,10,102" hai3="126,112,6,125,119,108,116,15,67,110,22,31,41"/><U73/><E73/><V37/><F82/><W84/><G67/><T128/><D111/><N who="3" m="42537" /><G41/><T130/><D121/><U129/><E104/><V58/><F118/><N who="3" m="45099" /><G84/><T57/><D42/><U100/><E100/><V70/><F113/><W13/><G6/><T92/><D105/><U63/><E115/><V32/><F124/><N who="3" m="47723" /><G112/><T135/><D86/><U78/><E109/><V123/><F123/><W34/><G22/><T45/><D21/><U97/><E85/><V24/><F37/><W17/><G17/><T38/><D38/><U94/><E40/><V43/><F43/><W48/><G48/><T0/><D128/><U71/><E129/><V74/><F131/><W7/><G7/><T87/><D87/><U122/><E122/><V88/><F74/><W50/><G50/><T23/><D130/><U83/><E83/><V20/><F20/><W9/><G9/><T35/><D23/><U117/><E117/><V106/><F64/><W53/><G53/><T33/><D55/><U3/><E51/><V127/><F127/><W4/><G4/><T54/><D54/><U66/><E63/><V133/><F52/><W27/><AGARI ba="0,0" hai="13,15,27,31,34" m="47723,45099,42537" machi="27" ten="40,8000,1" yaku="12,1,18,1,34,2" doraHai="95" who="3" fromWho="3" sc="165,-20,290,-40,128,-20,417,80" /><INIT seed="6,0,0,1,3,20" ten="145,250,108,497" oya="2" hai0="51,47,32,99,10,72,4,40,98,0,121,78,21" hai1="7,19,129,26,130,22,76,132,48,30,94,126,62" hai2="106,5,39,92,124,103,36,6,91,123,23,3,116" hai3="128,31,34,18,133,71,14,101,112,33,79,109,85"/><V45/><F123/><W49/><G34/><T59/><D121/><U88/><E76/><V46/><F116/><W81/><G109/><T57/><D32/><U56/><E126/><V95/><F124/><W80/><G71/><T100/><D21/><U107/><E107/><V42/><F106/><W96/><G128/><T60/><D60/><U17/><E7/><V12/><F103/><W77/><G49/><T82/><D99/><U28/><E132/><V24/><F3/><W110/><G110/><T55/><D55/><U2/><E2/><V9/><F6/><W127/><G127/><T11/><D11/><U54/><E17/><V8/><F8/><W70/><G70/><T119/><REACH who="0" step="1"/><D119/><REACH who="0" ten="135,250,108,497" step="2"/><U117/><E117/><V131/><F131/><N who="1" m="50185" /><E62/><V58/><F58/><W111/><G111/><T87/><D87/><AGARI ba="0,1" hai="19,22,26,28,30,48,54,56,87,88,94" m="50185" machi="87" ten="30,3900,0" yaku="19,1,52,1,54,1" doraHai="20" who="1" fromWho="0" sc="135,-39,250,49,108,0,497,0" /><INIT seed="7,0,0,0,1,75" ten="96,299,108,497" oya="3" hai0="32,64,49,100,91,69,65,26,109,13,97,131,44" hai1="87,108,9,54,29,123,81,124,92,116,38,78,53" hai2="86,46,21,73,70,6,127,55,96,7,112,28,95" hai3="113,57,114,82,119,17,79,104,125,2,14,76,98"/><W40/><G2/><T121/><D109/><U10/><E108/><V16/><F73/><W43/><G82/><T129/><D121/><U22/><E123/><V45/><F70/><W11/><G119/><T68/><D91/><U99/><E38/><V39/><F112/><N who="3" m="43115" /><G57/><T50/><D13/><U19/><E124/><V107/><F127/><W27/><G27/><T34/><D26/><U130/><E130/><N who="0" m="49673" /><D69/><U93/><E29/><V36/><F107/><W42/><G125/><T12/><D12/><N who="1" m="9575" /><E92/><V56/><F28/><W134/><G134/><T31/><D49/><U63/><E116/><V83/><F39/><W67/><G67/><N who="0" m="25675" /><D31/><U58/><E54/><V122/><F36/><W25/><G25/><T128/><N who="0" m="49681" /><T4/><DORA hai="118" /><D4/><N who="2" m="1578" /><F122/><W60/><G60/><T1/><D1/><U41/><E41/><V71/><F71/><W111/><G111/><T51/><D68/><U105/><E105/><V115/><F115/><W18/><G18/><T15/><D15/><U84/><E84/><V72/><F72/><W48/><G48/><N who="0" m="18475" /><D44/><U74/><E74/><V89/><F16/><W33/><G33/><T101/><D101/><AGARI ba="0,0" hai="9,10,53,58,63,78,81,87,93,99,101" m="9575" machi="101" ten="30,2000,0" yaku="8,1,52,1" doraHai="75,118" who="1" fromWho="0" sc="96,-20,299,20,108,0,497,0" /><AGARI ba="0,0" hai="11,14,17,40,42,43,76,79,98,101,104" m="43115" machi="101" ten="30,5800,0" yaku="15,1,52,2" doraHai="75,118" who="3" fromWho="0" sc="76,-58,319,0,108,0,497,58" owari="18,-48.0,319,12.0,108,-29.0,555,65.0" /></mjloggm>