<mjloggm ver="2.3"><GO type="41"/><UN n0="%E5%A4%96%E4%BA%BA%E9%B7%B9%E6%96%87" n1="%E3%83%93%E3%83%A9%E3%83%B3%E3%83%93%E3%83%BC" n2="%E9%AD%94%E7%91%A0%E9%99%80%2D%E6%94%B9" n3="%E3%82%A6%E3%83%AB%E3%83%88%E3%83%A9%E7%AB%8B%E7%9B%B4" dan="15,15,14,15" rate="1946,1990,1924,2039" sx="M,M,M,M"/><TAIKYOKU oya="0"/><INIT seed="0,0,0,2,5,49" ten="250,250,250,250" oya="0" hai0="42,92,15,114,87,133,65,125,121,23,88,56,102" hai1="50,123,89,21,85,118,19,12,120,48,10,94,17" hai2="3,67,106,90,71,131,124,104,20,47,55,103,37" hai3="4,39,25,57,93,24,77,43,63,28,132,112,97"/><T100/><D114/><U115/><E118/><V34/><F34/><W52/><G112/><T44/><D121/><U91/><E115/><V111/><F111/><W122/><G122/><T134/><D125/><U64/><E123/><V126/><F3/><W107/><G107/><T36/><D65/><U13/><E120/><V113/><F113/><W86/><G132/><N who="0" m="50795" /><D56/><U40/><E40/><V38/><F131/><W0/><G0/><T60/><D60/><U78/><E64/><V9/><F9/><W35/><G4/><T119/><D119/><U32/><E32/><V76/><F76/><W74/><G74/><T68/><D68/><U83/><REACH who="1" step="1"/><E91/><REACH who="1" ten="250,240,250,250" step="2"/><V108/><F90/><W6/><G35/><T129/><D129/><U73/><AGARI ba="0,1" hai="10,12,13,17,19,21,48,50,73,78,83,85,89,94" machi="73" ten="20,5200,0" yaku="1,1,2,1,0,1,7,1,53,0" doraHai="49" doraHaiUra="98" who="1" fromWho="1" sc="250,-26,240,62,250,-13,250,-13" /><INIT seed="1,0,0,0,3,18" ten="224,302,237,237" oya="1" hai0="8,46,20,39,38,110,22,78,75,82,42,94,24" hai1="117,51,62,3,88,106,133,5,48,109,33,130,60" hai2="30,16,85,44,45,52,128,95,9,12,135,98,77" hai3="10,66,111,68,64,126,63,0,1,125,19,87,81"/><U115/><E115/><V6/><F135/><W25/><G66/><T13/><D110/><U96/><E117/><V74/><F74/><W69/><G69/><T27/><D39/><U123/><E123/><V55/><F128/><W50/><G50/><T113/><D113/><U43/><E33/><V54/><F30/><W120/><G120/><T34/><D94/><N who="1" m="56391" /><E106/><V57/><F57/><W56/><G56/><T124/><D124/><U101/><E3/><V31/><F31/><W108/><G10/><T70/><D70/><U83/><E133/><V103/><F6/><W65/><G65/><T72/><D72/><U122/><E122/><V61/><F61/><W134/><G134/><T86/><D75/><U131/><E109/><N who="3" m="42058" /><G1/><T121/><D121/><U41/><E5/><V4/><F4/><W71/><G0/><T102/><D102/><U11/><E83/><AGARI ba="0,0" hai="9,12,16,44,45,52,54,55,77,83,85,95,98,103" machi="83" ten="40,5200,0" yaku="8,1,54,2" doraHai="18" who="2" fromWho="1" sc="224,0,302,-52,237,52,237,0" /><INIT seed="2,0,0,4,1,98" ten="224,250,289,237" oya="2" hai0="66,129,16,63,115,133,79,92,61,31,108,51,118" hai1="97,39,50,85,84,47,2,8,6,14,27,94,127" hai2="87,124,90,30,70,52,58,9,65,57,35,81,80" hai3="15,38,18,23,17,131,86,99,22,113,77,121,4"/><V41/><F124/><W116/><G38/><T105/><D115/><U128/><E39/><V76/><F70/><W34/><G116/><T13/><D105/><U21/><E127/><V49/><F41/><W56/><G34/><T3/><D3/><U117/><E128/><V60/><F35/><W25/><G131/><T55/><D129/><U59/><E59/><V11/><REACH who="2" step="1"/><F30/><REACH who="2" ten="224,250,279,237" step="2"/><W112/><G112/><T7/><D118/><U36/><E117/><V74/><AGARI ba="0,1" hai="9,11,49,52,57,58,60,65,74,76,80,81,87,90" machi="74" ten="20,18000,2" yaku="1,1,2,1,0,1,7,1,54,1,53,1" doraHai="98" doraHaiUra="62" who="2" fromWho="2" sc="224,-60,250,-60,279,190,237,-60" /><INIT seed="2,1,0,4,1,128" ten="164,190,469,177" oya="2" hai0="121,108,130,47,21,50,71,31,82,106,74,60,62" hai1="17,14,94,39,57,120,89,24,20,0,122,75,22" hai2="105,109,13,63,5,51,67,123,8,45,32,104,52" hai3="125,56,26,27,133,77,81,98,118,76,79,44,43"/><V18/><F123/><N who="1" m="47145" /><E39/><V58/><F32/><W28/><G118/><T6/><D121/><U4/><E75/><V16/><REACH who="2" step="1"/><F109/><REACH who="2" ten="164,190,459,177" step="2"/><W97/><G125/><T19/><D108/><U124/><E124/><V55/><F55/><W66/><G66/><T95/><D130/><U49/><E0/><V90/><F90/><W100/><G79/><T61/><D71/><U42/><E89/><V85/><F85/><W119/><G77/><T64/><D74/><U59/><E42/><V129/><F129/><W48/><G76/><T99/><D64/><U113/><E113/><V126/><F126/><W10/><G43/><T78/><D78/><U36/><E24/><V102/><F102/><W83/><G26/><T29/><D106/><AGARI ba="1,1" hai="5,8,13,16,18,45,51,52,58,63,67,104,105,106" machi="106" ten="40,12000,1" yaku="1,1,54,2,53,1" doraHai="128" doraHaiUra="54" who="2" fromWho="0" sc="164,-123,190,0,459,133,177,0" /><INIT seed="2,2,0,0,4,68" ten="41,190,592,177" oya="2" hai0="52,107,84,87,111,114,65,63,123,51,38,128,12" hai1="26,56,135,103,104,10,34,53,1,50,126,78,61" hai2="37,22,24,3,45,101,79,100,9,118,42,43,29" hai3="116,132,117,19,33,119,36,16,130,85,80,83,32"/><V20/><F118/><W131/><G85/><T106/><D114/><U59/><E78/><V110/><F110/><W30/><G30/><T76/><D123/><U64/><E135/><V82/><F42/><W39/><REACH who="3" step="1"/><G119/><REACH who="3" ten="41,190,592,167" step="2"/><T70/><D111/><U27/><E126/><V93/><F29/><W120/><G120/><T6/><D128/><U14/><E34/><V18/><F82/><W67/><G67/><T134/><D134/><AGARI ba="2,1" hai="16,19,32,33,36,39,80,83,116,117,130,131,132,134" machi="134" ten="25,12000,2" yaku="1,1,22,2,52,2,54,1,53,0" doraHai="68" doraHaiUra="72" who="3" fromWho="0" sc="41,-126,190,0,592,0,167,136" owari="-85,-59.0,190,-21.0,592,70.0,303,10.0" /></mjloggm>