<mjloggm ver="2.3"><GO type="41"/><UN n0="%E3%81%82%E3%81%B7%E3%81%BA" n1="%6B%6F%62%61%2D%63%30%38" n2="%E3%82%A6%E3%83%AB%E3%83%88%E3%83%A9%E7%AB%8B%E7%9B%B4" n3="%E3%83%9B%E3%82%A8%E3%83%9B%E3%82%A8%EF%BD%9A%EF%BD%9A" dan="13,15,15,15" rate="1800,2020,2007,1963" sx="M,M,M,M"/><TAIKYOKU oya="0"/><INIT seed="0,0,0,5,0,7" ten="250,250,250,250" oya="0" hai0="124,63,116,134,84,69,34,30,52,101,115,18,39" hai1="126,129,83,72,71,80,105,98,27,79,50,4,26" hai2="118,65,106,14,66,55,53,38,100,90,95,23,35" hai3="117,24,86,44,96,57,127,92,62,9,75,60,3"/><T33/><D116/><U112/><E71/><V43/><F35/><W56/><G117/><T64/><D39/><U2/><E112/><V76/><F43/><W36/><G75/><T67/><D115/><U41/><E83/><V42/><F42/><W1/><G86/><T5/><D134/><U68/><E68/><V110/><F38/><W132/><G24/><T97/><D67/><U114/><E114/><V59/><F76/><W73/><G73/><T37/><D37/><U48/><E126/><V16/><F118/><W10/><G36/><T61/><D124/><U109/><E50/><V58/><F100/><W29/><G92/><T20/><D84/><U11/><E129/><V125/><F106/><W87/><G87/><T47/><D5/><U111/><E48/><N who="2" m="31015" /><F125/><W46/><G127/><T82/><D82/><U70/><E70/><V88/><F110/><N who="1" m="41993" /><E41/><V131/><F131/><W99/><REACH who="3" step="1"/><G29/><REACH who="3" ten="250,250,250,240" step="2"/><T19/><D30/><U135/><E135/><AGARI ba="0,1" hai="1,3,9,10,44,46,56,57,60,62,96,99,132,135" machi="135" ten="25,12000,2" yaku="1,1,2,1,22,2,52,2,53,0" doraHai="7" doraHaiUra="85" who="3" fromWho="1" sc="250,0,250,-120,250,0,240,130" /><INIT seed="1,0,0,1,5,103" ten="250,130,250,370" oya="1" hai0="17,93,7,88,49,42,4,56,107,5,131,78,133" hai1="35,29,72,106,87,37,2,44,86,104,113,25,68" hai2="67,109,10,18,84,19,14,90,50,134,11,75,60" hai3="1,46,112,95,22,80,89,45,124,48,6,52,12"/><U39/><E87/><V34/><F75/><W132/><G112/><T47/><D131/><U0/><E86/><V121/><F34/><W63/><G1/><N who="1" m="618" /><E113/><V58/><F121/><W9/><G132/><T76/><D133/><U40/><E37/><V125/><F134/><W65/><G124/><T41/><D56/><U3/><N who="1" m="626" /><U94/><DORA hai="108" /><E94/><V71/><F125/><W82/><G22/><T74/><D42/><U38/><E38/><V105/><F105/><N who="1" m="40553" /><E68/><V27/><F71/><W117/><G45/><T114/><D107/><U15/><E15/><V57/><F109/><W69/><REACH who="3" step="1"/><G117/><REACH who="3" ten="250,130,250,360" step="2"/><T24/><D114/><U51/><E51/><V135/><F135/><W79/><G79/><T97/><D74/><AGARI ba="0,1" hai="25,29,35,39,40,44,72,74" m="40553,626" machi="74" ten="50,12000,1" yaku="33,2,52,3" doraHai="103,108" who="1" fromWho="0" sc="250,-120,130,130,250,0,360,0" /><INIT seed="1,1,0,0,5,105" ten="130,260,250,360" oya="1" hai0="39,118,48,109,112,36,104,70,111,65,96,108,19" hai1="54,58,66,35,60,43,132,117,8,57,94,82,122" hai2="75,88,62,52,114,84,95,26,129,41,49,37,74" hai3="44,45,103,59,83,4,92,38,97,32,131,73,18"/><U133/><E35/><V107/><F107/><W99/><G32/><T91/><D104/><U1/><E94/><V102/><F102/><W86/><G4/><T68/><D118/><U116/><E82/><V42/><F114/><W93/><G38/><T30/><D30/><U67/><E8/><V110/><F129/><W101/><G131/><T34/><D34/><U6/><E1/><V119/><F119/><N who="1" m="45641" /><E6/><V31/><F62/><W50/><G73/><T51/><D112/><U10/><E10/><V76/><F110/><W127/><G127/><T71/><D19/><U7/><E7/><V78/><F37/><N who="0" m="14410" /><D91/><U21/><E21/><V120/><F120/><W46/><G18/><T3/><D3/><U79/><E79/><V85/><F78/><N who="3" m="46455" /><G59/><T14/><D14/><U13/><E13/><V0/><F0/><W11/><G11/><T56/><D96/><U64/><E122/><V40/><F76/><W130/><G130/><T90/><D90/><U47/><E58/><V20/><REACH who="2" step="1"/><F85/><REACH who="2" ten="130,260,240,360" step="2"/><W72/><G72/><T126/><D126/><U17/><E17/><V27/><F27/><W2/><G2/><T125/><D125/><U63/><E60/><AGARI ba="1,1" hai="48,51,56,60,65,68,70,71,108,109,111" m="14410" machi="60" ten="50,6400,0" yaku="14,1,34,2" doraHai="105" who="0" fromWho="1" sc="130,77,260,-67,240,0,360,0" /><INIT seed="2,0,0,1,5,118" ten="207,193,240,360" oya="2" hai0="60,99,80,115,49,95,72,18,57,45,64,36,128" hai1="112,26,24,28,134,109,92,50,44,53,1,123,125" hai2="84,85,107,121,66,23,117,11,48,39,27,8,100" hai3="58,22,83,77,111,116,96,12,25,131,132,90,9"/><V98/><F39/><W110/><G116/><T10/><D115/><U51/><E112/><V2/><F117/><W89/><G131/><T97/><D128/><U37/><E1/><V82/><F84/><N who="3" m="48239" /><G132/><T35/><D35/><U105/><E105/><V65/><F121/><W106/><G58/><T81/><D36/><U133/><E37/><V17/><F48/><W54/><G96/><T3/><D72/><U7/><E7/><V70/><F2/><W75/><G54/><T0/><D0/><U20/><E125/><V88/><REACH who="2" step="1"/><F66/><REACH who="2" ten="207,193,230,360" step="2"/><W13/><G110/><T102/><D3/><U79/><E109/><V33/><F33/><W94/><G111/><T62/><D62/><AGARI ba="0,1" hai="8,11,17,23,27,62,65,70,82,85,88,98,100,107" machi="62" ten="40,3900,0" yaku="1,1,54,1,53,0" doraHai="118" doraHaiUra="129" who="2" fromWho="0" sc="207,-39,193,0,230,49,360,0" /><INIT seed="2,1,0,0,0,82" ten="168,193,279,360" oya="2" hai0="33,65,121,80,117,103,96,13,53,32,60,15,36" hai1="43,99,106,107,48,90,87,95,52,41,127,112,128" hai2="79,19,81,29,38,114,51,27,10,124,94,35,6" hai3="66,64,69,37,105,77,132,4,125,30,72,34,40"/><V133/><F38/><W8/><G64/><T130/><D121/><U25/><E112/><V55/><F114/><W24/><G132/><T16/><D130/><U63/><E127/><V104/><F104/><W54/><G54/><T76/><D117/><U129/><E63/><V115/><F115/><W135/><G135/><T1/><D1/><U118/><E118/><V78/><F124/><W102/><G125/><T98/><D36/><U56/><E25/><V134/><F19/><W58/><G58/><T74/><D53/><U122/><E122/><V26/><F26/><W23/><G23/><T46/><D98/><U44/><E41/><V84/><F94/><W70/><G66/><T113/><D46/><U91/><E91/><V100/><F100/><W47/><G102/><T126/><D126/><U57/><E57/><V108/><F79/><W116/><G105/><T111/><D113/><U109/><E109/><V73/><F73/><W83/><REACH who="3" step="1"/><G116/><REACH who="3" ten="168,193,279,350" step="2"/><T61/><D111/><U68/><E68/><V17/><F108/><W75/><G75/><T45/><D65/><U31/><E31/><V21/><F29/><W50/><G50/><T0/><D74/><U7/><E7/><V101/><F101/><W88/><G88/><T28/><D28/><U131/><REACH who="1" step="1"/><E99/><REACH who="1" ten="168,183,279,350" step="2"/><V86/><F133/><W2/><AGARI ba="1,2" hai="2,4,8,24,30,34,37,40,47,69,70,72,77,83" machi="2" ten="20,16000,3" yaku="1,1,0,1,7,1,25,2,33,3,53,1" doraHai="82" doraHaiUra="5" who="3" fromWho="3" sc="168,-41,183,-41,279,-81,350,183" /><INIT seed="3,0,0,0,2,6" ten="127,142,198,533" oya="3" hai0="125,54,38,30,134,56,31,128,77,110,106,75,40" hai1="133,2,59,5,7,48,102,29,26,21,63,65,28" hai2="94,25,132,0,61,111,117,67,127,123,104,69,35" hai3="49,85,78,46,82,57,18,121,64,98,109,80,87"/><W70/><G121/><T14/><D106/><U39/><E39/><V124/><F94/><W24/><G70/><T108/><D77/><U55/><E133/><V115/><F25/><W81/><G109/><N who="0" m="42091" /><D75/><U19/><E2/><V66/><F61/><N who="3" m="37935" /><G98/><T97/><D97/><U89/><E89/><V51/><F51/><W107/><G107/><T131/><D14/><U105/><E105/><V129/><F67/><W95/><G95/><T126/><D38/><U83/><E102/><V86/><F86/><W50/><G50/><T91/><D40/><U114/><E83/><V60/><F60/><W36/><G87/><T8/><D91/><U3/><E114/><V93/><F66/><W22/><G36/><T32/><D8/><U73/><E73/><V4/><F93/><W90/><G78/><T20/><D32/><U13/><E29/><N who="0" m="10761" /><D20/><N who="1" m="11375" /><E3/><V15/><F4/><W68/><G68/><T92/><D92/><U23/><E23/><V79/><F79/><W119/><G119/><T76/><D76/><U130/><E130/><N who="0" m="49705" /><D54/><AGARI ba="0,0" hai="18,22,24,46,49,54,80,81,82,85,90" m="37935" machi="54" ten="30,1500,0" yaku="8,1" doraHai="6" who="3" fromWho="0" sc="127,-15,142,0,198,0,533,15" /><INIT seed="3,1,0,3,4,87" ten="112,142,198,548" oya="3" hai0="15,89,126,38,132,108,45,134,117,122,71,116,125" hai1="93,106,97,112,29,28,80,99,54,107,31,123,94" hai2="44,32,114,25,84,98,18,51,128,27,64,13,20" hai3="33,104,110,68,101,129,113,30,57,17,81,24,42"/><W75/><G113/><T60/><D15/><U135/><E123/><V43/><F114/><W74/><G129/><T62/><D122/><U70/><E112/><V34/><F128/><W91/><G42/><T3/><D3/><U127/><E70/><V109/><F109/><W95/><G110/><T96/><D108/><U35/><E35/><V86/><F34/><W37/><G37/><T78/><D78/><U121/><E121/><V21/><F32/><W66/><G57/><T8/><D8/><U53/><E80/><V133/><F133/><N who="0" m="51306" /><D96/><N who="1" m="36939" /><E135/><V69/><F69/><W59/><G59/><T67/><D62/><U1/><E1/><V19/><F64/><W77/><G74/><T52/><D89/><U39/><E39/><V83/><F13/><W131/><G131/><T65/><D65/><U103/><E103/><V0/><F0/><W23/><G66/><T118/><D52/><N who="1" m="20075" /><E127/><V119/><F119/><W2/><G2/><T48/><D48/><U41/><E41/><AGARI ba="1,0" hai="38,41,45,60,67,71,116,117,118,125,126" m="51306" machi="41" ten="40,8000,1" yaku="20,1,23,1,34,2" doraHai="87" who="0" fromWho="1" sc="112,83,142,-83,198,0,548,0" /><INIT seed="4,0,0,4,0,34" ten="195,59,198,548" oya="0" hai0="129,87,77,75,45,110,26,113,42,84,12,32,83" hai1="11,1,30,55,47,131,58,44,78,70,115,29,108" hai2="106,65,53,91,31,67,127,22,118,20,43,94,74" hai3="102,14,9,37,0,60,126,123,92,3,59,28,51"/><T6/><D129/><U116/><E108/><V56/><F106/><W114/><G37/><T90/><D113/><U71/><E116/><V19/><F74/><W111/><G114/><T23/><D110/><U33/><E115/><V119/><F43/><W105/><G111/><T98/><D32/><U7/><E131/><V62/><F127/><W10/><G126/><T2/><D98/><U130/><E130/><V17/><F31/><W68/><G105/><T76/><D12/><U97/><E78/><V128/><F128/><W95/><G28/><T13/><D13/><U135/><E135/><V80/><F80/><W5/><G92/><T104/><D77/><U21/><E33/><V125/><F125/><W50/><G68/><T122/><D104/><U82/><E82/><V54/><F54/><W85/><G14/><T27/><D90/><U120/><E120/><V63/><F22/><W133/><G133/><T25/><D122/><U39/><E97/><V100/><F100/><W73/><G73/><T46/><D23/><U117/><E117/><V132/><F132/><W40/><G40/><T69/><D69/><U93/><E93/><V72/><F72/><W49/><G123/><T57/><D57/><U107/><E107/><V16/><F20/><W103/><G59/><T52/><D52/><U81/><E81/><V121/><F121/><W101/><G60/><T35/><D46/><N who="1" m="17451" /><E30/><V86/><REACH who="2" step="1"/><F63/><REACH who="2" ten="195,59,188,548" step="2"/><W24/><G103/><T134/><D134/><U64/><E39/><V61/><F61/><W18/><G102/><T41/><D35/><U96/><E64/><AGARI ba="0,1" hai="16,17,19,53,56,62,64,65,67,86,91,94,118,119" machi="64" ten="40,8000,1" yaku="1,1,54,1,53,3" doraHai="34" doraHaiUra="15" who="2" fromWho="1" sc="195,0,59,-80,188,90,548,0" owari="195,-20.0,-21,-52.0,278,8.0,548,64.0" /></mjloggm>