<mjloggm ver="2.3"><GO type="41"/><UN n0="%CE%B1%CE%B9%E2%80%A0%E5%A7%AB%E3%80%91" n1="%50%6F%74%6F%73%68%69" n2="%EF%BC%88%E2%89%A7%E2%96%BD%E2%89%A6%EF%BC%89" n3="%E3%82%B2%E3%83%B3%E3%81%95%E3%82%93" dan="14,14,15,14" rate="1886,1857,2082,1897" sx="M,M,M,M"/><TAIKYOKU oya="0"/><INIT seed="0,0,0,3,2,78" ten="250,250,250,250" oya="0" hai0="98,108,133,7,86,40,109,35,60,18,106,38,13" hai1="45,52,47,134,119,6,22,76,122,88,83,129,67" hai2="127,130,46,53,89,128,70,9,33,99,117,107,32" hai3="111,50,57,12,135,27,55,41,23,112,5,94,85"/><T87/><D7/><U15/><E122/><V66/><F117/><W93/><G112/><T110/><D35/><U120/><E120/><V84/><F127/><W11/><G135/><T16/><D133/><U80/><E134/><V77/><F77/><W58/><G41/><T68/><D38/><U73/><E119/><V64/><F9/><W48/><G111/><T24/><D40/><U28/><E129/><N who="2" m="49771" /><F107/><W30/><REACH who="3" step="1"/><G85/><REACH who="3" step="2"/><N who="0" m="32267" /><D98/><U125/><E125/><V91/><F99/><W92/><G92/><T75/><D106/><U29/><E73/><V123/><F123/><W124/><G124/><T31/><D75/><U103/><E29/><V14/><F84/><W17/><G17/><T42/><D42/><U4/><E28/><V81/><F91/><W115/><G115/><T105/><D105/><U0/><E103/><V126/><F89/><W79/><G79/><T97/><D97/><U74/><E76/><V102/><F126/><W26/><G26/><T20/><D13/><U1/><E74/><V37/><F14/><W63/><G63/><T19/><D19/><N who="1" m="10623" /><E0/><V34/><F102/><W82/><G82/><T96/><D96/><U71/><E83/><V131/><F81/><W116/><G116/><T3/><D3/><U62/><E1/><V118/><F118/><W121/><G121/><T59/><D68/><U44/><E88/><V39/><F70/><W56/><G56/><T51/><D51/><N who="1" m="28775" /><E80/><V90/><F90/><W114/><G114/><T36/><D36/><N who="2" m="13898" /><F131/><W54/><AGARI ba="0,1" hai="5,11,12,23,27,30,48,50,54,55,57,58,93,94" machi="54" ten="30,7900,0" yaku="1,1,0,1,9,1,8,1,53,0" doraHai="78" doraHaiUra="100" who="3" fromWho="3" sc="250,-39,250,-20,250,-20,240,89" /><INIT seed="1,0,0,2,4,90" ten="211,230,230,329" oya="1" hai0="80,9,100,110,41,45,124,89,0,118,65,8,129" hai1="14,11,38,39,18,125,96,122,47,24,2,81,27" hai2="74,82,43,42,111,19,66,86,33,78,84,29,97" hai3="103,127,104,133,105,61,10,54,83,63,71,52,132"/><U76/><E122/><V23/><F111/><W49/><G127/><T94/><D118/><U134/><E134/><V114/><F114/><W59/><G83/><T60/><D124/><U72/><E125/><V107/><F66/><W55/><G10/><T28/><D110/><U64/><E64/><V108/><F108/><W51/><G103/><T93/><D129/><U91/><E2/><V123/><F123/><W50/><G71/><T113/><D113/><U88/><E39/><V1/><F1/><W48/><N who="3" m="12800" /><DORA hai="102" /><W7/><G7/><T131/><D131/><U36/><E36/><V77/><F29/><W44/><G44/><T37/><D0/><U120/><E120/><V62/><F62/><N who="3" m="23563" /><G59/><T5/><D5/><U35/><E35/><V119/><F33/><W112/><G112/><T58/><D28/><U25/><REACH who="1" step="1"/><E96/><REACH who="1" step="2"/><V69/><F97/><W73/><G73/><T32/><D32/><U4/><E4/><V34/><F74/><W16/><G16/><T46/><D46/><U22/><E22/><V56/><F19/><W95/><G95/><T30/><D30/><U101/><E101/><V98/><F23/><W126/><G126/><T117/><D117/><U13/><E13/><V130/><F34/><W116/><G116/><T70/><D9/><U92/><E92/><V135/><F119/><W12/><G12/><T57/><D8/><U87/><E87/><V109/><F86/><W75/><G75/><T79/><D100/><U40/><AGARI ba="0,1" hai="11,14,18,24,25,27,38,40,47,72,76,81,88,91" machi="40" ten="30,11700,0" yaku="1,1,0,1,54,1,53,1" doraHai="90,102" doraHaiUra="26,15" who="1" fromWho="1" sc="211,-39,220,127,230,-39,329,-39" /><INIT seed="1,1,0,1,2,66" ten="172,347,191,290" oya="1" hai0="35,78,82,88,93,39,104,50,68,40,135,13,69" hai1="29,20,30,11,105,32,60,118,116,55,119,75,87" hai2="125,63,6,91,12,128,94,3,131,79,65,110,5" hai3="121,56,44,17,57,89,18,31,77,49,107,46,71"/><U48/><E75/><V15/><F125/><W37/><G107/><T108/><D104/><U24/><E105/><V52/><F79/><W133/><G77/><T106/><D106/><U101/><E101/><V7/><F3/><W51/><G31/><T33/><D39/><U34/><E60/><V103/><F103/><W80/><G121/><T112/><D112/><U123/><E123/><V2/><F2/><W102/><G102/><T74/><D135/><U10/><E87/><N who="2" m="52607" /><F110/><W22/><G37/><T81/><D81/><U67/><E67/><V27/><F27/><W14/><G133/><T8/><D108/><U113/><E113/><V26/><F26/><W90/><G71/><T53/><D40/><U41/><E41/><V54/><F128/><W85/><G90/><T43/><D43/><U62/><E62/><V25/><F25/><W76/><G76/><T19/><D35/><N who="1" m="13355" /><E55/><N who="2" m="21035" /><F131/><W61/><G17/><T114/><D33/><U70/><E70/><V132/><F132/><W23/><G23/><T36/><D36/><U117/><E117/><V59/><AGARI ba="1,0" hai="5,6,7,12,15,59,63,65" m="21035,52607" machi="59" ten="30,2000,0" yaku="8,1,54,1" doraHai="66" who="2" fromWho="2" sc="172,-6,347,-11,191,23,290,-6" /><INIT seed="2,0,0,4,3,41" ten="166,336,214,284" oya="2" hai0="15,115,78,61,93,17,114,99,104,52,119,87,89" hai1="9,30,7,10,98,44,102,6,65,26,14,83,68" hai2="116,11,135,100,118,113,72,8,97,36,70,76,24" hai3="28,23,3,22,91,112,121,117,29,2,57,95,126"/><V69/><F113/><W63/><G112/><T55/><D119/><N who="2" m="45610" /><F24/><W86/><G117/><T35/><D35/><U32/><E83/><N who="2" m="45447" /><F8/><W67/><G121/><T5/><D5/><U122/><E122/><V82/><F11/><W123/><G123/><T79/><D115/><U64/><E44/><V62/><F82/><W31/><REACH who="3" step="1"/><G126/><REACH who="3" step="2"/><T124/><D114/><U90/><E68/><V66/><F70/><W20/><AGARI ba="0,1" hai="2,3,20,22,23,28,29,31,57,63,67,86,91,95" machi="20" ten="30,4000,0" yaku="1,1,2,1,0,1,53,0" doraHai="41" doraHaiUra="43" who="3" fromWho="3" sc="166,-10,336,-10,214,-20,274,50" /><INIT seed="3,0,0,0,2,36" ten="156,326,194,324" oya="3" hai0="7,22,83,132,13,92,115,9,27,0,30,52,76" hai1="15,91,6,33,109,11,78,45,116,67,32,95,42" hai2="129,62,81,20,79,108,105,19,128,113,94,135,96" hai3="63,74,90,89,121,106,122,112,107,21,4,54,5"/><W12/><G74/><T99/><D115/><U38/><E109/><V2/><F2/><W101/><G112/><T111/><D111/><U55/><E116/><V119/><F113/><W24/><G101/><T61/><D132/><U123/><E123/><V77/><F119/><W118/><G118/><T69/><D69/><U72/><E55/><V37/><F108/><W66/><G54/><T84/><D0/><U70/><E72/><V57/><F105/><W28/><G107/><T53/><REACH who="0" step="1"/><D61/><REACH who="0" step="2"/><U1/><E1/><V29/><F135/><W110/><G110/><T104/><D104/><U3/><E3/><V127/><F62/><W86/><G106/><T41/><D41/><U40/><E70/><V60/><F60/><W97/><G122/><T100/><AGARI ba="0,1" hai="7,9,13,22,27,30,52,53,76,83,84,92,99,100" machi="100" ten="20,12000,2" yaku="1,1,0,1,7,1,8,1,54,1,53,1" doraHai="36" doraHaiUra="16" who="0" fromWho="0" sc="146,130,326,-30,194,-30,324,-60" /><INIT seed="4,0,0,4,0,70" ten="276,296,164,264" oya="0" hai0="127,99,121,115,124,45,40,62,94,18,97,67,96" hai1="12,46,37,81,79,122,135,0,54,100,78,36,114" hai2="52,130,91,101,57,116,85,106,128,19,3,38,10" hai3="56,132,77,83,13,104,44,11,72,14,98,53,55"/><T71/><D121/><U86/><E0/><V32/><F32/><W15/><G132/><T117/><D117/><U59/><E122/><V74/><F74/><W8/><G44/><T120/><D120/><U113/><E135/><V102/><F116/><W28/><G28/><T126/><D115/><N who="1" m="44043" /><E46/><V73/><F73/><W84/><G72/><T63/><D63/><N who="1" m="36343" /><E100/><V2/><F106/><W20/><G20/><T119/><D18/><U6/><E79/><V129/><F2/><W50/><G55/><T26/><D26/><U51/><E51/><V90/><F38/><N who="1" m="14953" /><E12/><N who="2" m="7575" /><F3/><W105/><G105/><T48/><REACH who="0" step="1"/><D119/><REACH who="0" step="2"/><U61/><E61/><N who="2" m="36007" /><F91/><AGARI ba="0,1" hai="40,45,48,62,67,71,91,94,96,97,99,124,126,127" machi="91" ten="40,3900,0" yaku="1,1,18,1,53,0" doraHai="70" doraHaiUra="17" who="0" fromWho="2" sc="266,49,296,0,164,-39,264,0" /><INIT seed="4,1,0,0,5,133" ten="315,296,125,264" oya="0" hai0="43,94,88,18,123,63,3,56,125,78,51,38,113" hai1="102,8,99,126,83,112,93,1,15,135,128,68,53" hai2="84,40,39,87,81,119,122,12,101,27,86,4,2" hai3="76,42,98,106,111,134,9,52,74,29,35,62,13"/><T132/><D123/><U49/><E1/><V60/><F122/><W23/><G134/><T20/><D132/><U91/><E135/><V115/><F115/><W92/><G106/><T66/><D3/><U64/><E112/><V36/><F119/><W97/><G35/><T59/><D113/><U32/><E32/><V85/><F2/><W118/><G118/><T50/><D125/><U117/><E117/><V44/><F101/><W41/><G111/><T108/><D108/><U90/><E128/><V109/><F109/><W70/><G98/><T33/><D33/><U127/><E68/><V10/><F60/><W61/><G70/><T67/><D78/><U131/><E64/><V105/><F105/><W14/><G76/><T69/><D66/><U82/><E131/><V26/><REACH who="2" step="1"/><F39/><REACH who="2" step="2"/><W129/><G129/><T65/><D38/><U89/><E126/><V25/><F25/><N who="3" m="16575" /><G62/><N who="0" m="38087" /><D69/><U77/><E127/><V75/><F75/><W121/><G74/><T28/><D28/><U130/><E130/><V21/><F21/><W11/><G121/><T47/><D43/><N who="3" m="16393" /><G11/><T124/><D124/><U46/><E8/><V80/><F80/><W100/><G9/><T37/><D37/><U6/><E83/><V103/><F103/><W104/><G104/><T48/><D47/><U34/><E34/><V31/><F31/><W116/><G116/><T120/><D120/><U17/><E82/><V55/><F55/><W58/><AGARI ba="1,1" hai="13,14,52,58,61,92,97,100" m="16393,16575" machi="58" ten="30,2000,0" yaku="8,1,54,1" doraHai="133" who="3" fromWho="3" sc="315,-11,296,-6,115,-6,264,33" /><INIT seed="5,0,0,5,1,130" ten="304,290,109,297" oya="1" hai0="60,16,75,14,43,68,76,52,65,62,113,9,44" hai1="97,132,124,88,15,131,99,18,126,56,98,96,123" hai2="102,23,120,129,109,67,63,81,4,73,50,5,87" hai3="95,66,47,29,34,59,108,135,33,72,64,24,58"/><U2/><E123/><V26/><F129/><W37/><G72/><T90/><D113/><U35/><E131/><V83/><F120/><W57/><G108/><T104/><D104/><U103/><E35/><V1/><F109/><W27/><G34/><T86/><D75/><U101/><E2/><V22/><F102/><W91/><G24/><T61/><D76/><U93/><E56/><V31/><F73/><W106/><G106/><T30/><D30/><U11/><REACH who="1" step="1"/><E132/><REACH who="1" step="2"/><V69/><F1/><W32/><G32/><T133/><D133/><U85/><E85/><V13/><F50/><W0/><G0/><T119/><D119/><U127/><AGARI ba="0,1" hai="11,15,18,88,93,96,97,98,99,101,103,124,126,127" machi="127" ten="40,24000,3" yaku="1,1,0,1,18,1,54,1,53,4" doraHai="130" doraHaiUra="94" who="1" fromWho="1" sc="304,-80,280,250,109,-80,297,-80" /><INIT seed="5,1,0,4,2,56" ten="224,530,29,217" oya="1" hai0="70,45,2,103,124,48,104,74,32,75,31,57,43" hai1="18,26,47,81,53,19,65,111,21,64,84,91,3" hai2="38,96,123,118,66,61,72,52,50,108,105,92,58" hai3="4,128,60,83,13,42,76,110,30,7,23,55,116"/><U98/><E3/><V29/><F123/><W40/><G110/><T14/><D14/><U71/><E111/><V62/><F118/><W122/><G122/><T17/><D17/><U117/><E117/><V119/><F119/><W5/><G116/><T99/><D57/><U20/><E71/><V15/><F108/><W107/><G107/><T130/><D130/><U131/><E131/><V68/><F105/><W85/><G128/><T121/><D121/><U0/><E0/><V11/><F72/><W25/><G13/><T36/><D124/><U78/><E47/><V112/><F112/><W27/><G27/><T24/><D48/><U89/><E53/><V16/><F29/><W94/><G94/><T22/><D22/><U77/><E91/><V129/><F129/><W59/><AGARI ba="1,0" hai="4,5,7,23,25,30,40,42,55,59,60,76,83,85" machi="59" ten="30,4000,0" yaku="0,1,8,1,52,1" doraHai="56" who="3" fromWho="3" sc="224,-11,530,-21,29,-11,217,43" /><INIT seed="6,0,0,3,4,62" ten="213,509,18,260" oya="2" hai0="134,3,54,15,27,99,131,85,107,130,78,84,132" hai1="127,41,108,37,35,100,90,92,65,42,14,61,129" hai2="7,68,115,66,28,32,53,124,60,82,12,120,46" hai3="86,36,52,126,47,18,104,43,21,6,56,79,113"/><V25/><F120/><W38/><G104/><T50/><D3/><U5/><E35/><V67/><F115/><W118/><G118/><T64/><D27/><U11/><E108/><V116/><F116/><W31/><G126/><T110/><D110/><U0/><E127/><V87/><F124/><W119/><G119/><T22/><D22/><U57/><E129/><N who="0" m="49161" /><D15/><U96/><E37/><V1/><F1/><W29/><G36/><T97/><D54/><U39/><E39/><V133/><F133/><N who="0" m="51306" /><D50/><U26/><E26/><V105/><F105/><W9/><G113/><T83/><D64/><U72/><E0/><V30/><F30/><W19/><G9/><T10/><D10/><U80/><E100/><V125/><F125/><W59/><G6/><T8/><D8/><U128/><E128/><V44/><F67/><W45/><G45/><T103/><D99/><U114/><E114/><V122/><F122/><W13/><G59/><T98/><D98/><U101/><E42/><V123/><F123/><W93/><G19/><T91/><D91/><U23/><E41/><V58/><F12/><W63/><G79/><T48/><D48/><U81/><E23/><V34/><F7/><W70/><G70/><T74/><AGARI ba="0,0" hai="74,78,83,84,85,97,103,107" m="51306,49161" machi="74" ten="30,7900,0" yaku="19,1,20,1,34,2" doraHai="62" who="0" fromWho="0" sc="213,79,509,-20,18,-39,260,-20" owari="292,9.0,489,59.0,-21,-52.0,240,-16.0" /></mjloggm>