<mjloggm ver="2.3"><GO type="97"/><UN n0="%E5%9D%82%E6%9C%AC%E7%9C%9F%E7%B6%BE" n1="%E8%B6%85%31%38%E5%8F%B7" n2="%EF%BC%88%E2%89%A7%E2%96%BD%E2%89%A6%EF%BC%89" n3="%79%61%6D%61%6E%6F%74%65" dan="14,13,15,13" rate="1952,1932,1999,1813" sx="F,F,M,M"/><TAIKYOKU oya="0"/><INIT seed="0,0,0,1,2,121" ten="250,250,250,250" oya="0" hai0="61,30,50,112,54,76,19,62,104,128,79,25,27" hai1="120,39,92,49,32,93,127,134,131,28,59,90,81" hai2="75,14,98,5,108,99,15,78,70,17,94,66,24" hai3="0,45,56,51,57,129,77,52,37,68,43,117,10"/><T132/><D104/><U46/><E120/><V41/><F108/><W65/><G77/><T35/><D112/><U97/><E127/><V73/><F41/><W113/><G0/><T44/><D128/><U107/><E131/><V84/><F70/><W26/><G129/><T18/><D132/><U105/><E134/><V48/><F66/><W4/><G26/><T36/><D36/><U2/><E2/><V103/><F48/><W114/><G4/><T58/><D61/><U53/><E81/><V20/><F99/><W119/><G10/><T6/><D6/><U55/><E39/><V13/><F5/><W111/><G111/><T7/><D7/><U130/><E130/><V82/><AGARI ba="0,0" hai="13,14,15,17,20,24,73,75,78,82,84,94,98,103" machi="82" ten="30,1100,0" yaku="0,1" doraHai="121" who="2" fromWho="2" sc="250,-5,250,-3,250,11,250,-3" /><INIT seed="1,0,0,0,0,34" ten="245,247,261,247" oya="1" hai0="8,96,41,27,16,128,108,112,87,29,73,9,10" hai1="26,97,100,47,105,18,55,28,92,42,117,22,101" hai2="133,94,131,89,36,45,84,115,71,109,79,17,76" hai3="19,62,67,54,107,93,6,78,14,59,11,69,37"/><U49/><E117/><V99/><F71/><W119/><G107/><T57/><D73/><U82/><E105/><V32/><F32/><W132/><G132/><T24/><D112/><U80/><E101/><V106/><F115/><W120/><G120/><T44/><D128/><U35/><REACH who="1" step="1"/><E42/><REACH who="1" ten="245,237,261,247" step="2"/><V81/><F106/><W102/><G119/><T68/><D41/><U86/><E86/><V74/><F84/><W118/><G118/><T113/><D87/><U66/><E66/><V65/><F65/><W38/><G78/><T122/><D113/><U46/><E46/><V53/><F45/><W15/><G102/><T88/><D44/><U12/><AGARI ba="0,1" hai="12,18,22,26,28,35,47,49,55,80,82,92,97,100" machi="12" ten="20,3900,0" yaku="1,1,0,1,7,1,53,0" doraHai="34" doraHaiUra="129" who="1" fromWho="1" sc="245,-13,237,49,261,-13,247,-13" /><INIT seed="1,1,0,4,3,103" ten="232,286,248,234" oya="1" hai0="54,76,62,20,125,68,116,12,102,82,69,41,9" hai1="0,104,17,133,90,134,124,24,63,13,61,36,11" hai2="48,79,46,29,34,94,83,14,1,50,110,7,107" hai3="105,89,39,37,72,91,132,128,64,67,85,21,45"/><U114/><E36/><V73/><F110/><W96/><G72/><T101/><D116/><U77/><E77/><V47/><F1/><W18/><G132/><N who="1" m="50794" /><E114/><V99/><F107/><W2/><G2/><T6/><D125/><U23/><E124/><V78/><F78/><W118/><G128/><T4/><D41/><U66/><E0/><V71/><F71/><W100/><G118/><T109/><D109/><U75/><E75/><V42/><F34/><W123/><G123/><T88/><D20/><U30/><E90/><V84/><F29/><W86/><G64/><T10/><D76/><U74/><E74/><V92/><F99/><W121/><G67/><T38/><D38/><U93/><E93/><V16/><F73/><W53/><G121/><T56/><D69/><N who="1" m="42191" /><E63/><V57/><F57/><W44/><G39/><T119/><D68/><U43/><E43/><N who="2" m="24703" /><F7/><W113/><G37/><T58/><D58/><U28/><E28/><V22/><AGARI ba="1,0" hai="14,16,22,42,46,50,79,83,84,92,94" m="24703" machi="22" ten="30,2000,0" yaku="8,1,54,1" doraHai="103" who="2" fromWho="2" sc="232,-6,286,-11,248,23,234,-6" /><INIT seed="2,0,0,3,4,50" ten="226,275,271,228" oya="2" hai0="112,74,47,124,55,41,30,1,29,72,43,21,92" hai1="98,18,36,13,58,23,123,127,59,0,113,17,81" hai2="79,10,32,134,22,38,103,91,51,71,73,33,49" hai3="107,65,70,57,99,75,82,46,83,19,6,20,118"/><V117/><F38/><W114/><G118/><T121/><D121/><U3/><E113/><V62/><F117/><W100/><G70/><T64/><D1/><U35/><E123/><V16/><F134/><W125/><G125/><T7/><D7/><U116/><E127/><V122/><F122/><W110/><G75/><T34/><D34/><U66/><E116/><V40/><F103/><W37/><G110/><T39/><D124/><U12/><E35/><V101/><F101/><W77/><G6/><T87/><D112/><U69/><E36/><V84/><F10/><W96/><G77/><T126/><D126/><U129/><E129/><V93/><F73/><W14/><G99/><T97/><D87/><U4/><E4/><V54/><F79/><W11/><G114/><T104/><D104/><U128/><E128/><V5/><F5/><W105/><G105/><T56/><D64/><U42/><E42/><V102/><F102/><W61/><G20/><T135/><D43/><U95/><E81/><V90/><F40/><W26/><G26/><T31/><D21/><U67/><E69/><V130/><F130/><W94/><G107/><T76/><D76/><U108/><E108/><V27/><F71/><W115/><G115/><T120/><D120/><U85/><E85/><N who="2" m="52431" /><F32/><W44/><G37/><T86/><D135/><U2/><E2/><V25/><F33/><W109/><G109/><T53/><D86/><U45/><E45/><AGARI ba="0,0" hai="11,14,19,44,45,46,57,61,65,82,83,94,96,100" machi="45" ten="40,1300,0" yaku="8,1" doraHai="50" who="3" fromWho="1" sc="226,0,275,-13,271,0,228,13" /><INIT seed="3,0,0,3,0,113" ten="226,262,271,241" oya="3" hai0="87,28,37,49,127,60,40,126,6,96,99,70,82" hai1="116,5,75,39,42,25,41,61,109,1,32,77,55" hai2="108,98,9,86,125,44,78,66,22,101,85,129,3" hai3="122,65,63,92,8,100,18,88,46,131,13,80,97"/><W68/><G122/><T133/><D37/><U19/><E109/><V83/><F108/><W128/><REACH who="3" step="1"/><G46/><REACH who="3" ten="226,262,271,231" step="2"/><N who="0" m="25799" /><D133/><U124/><E124/><N who="0" m="47657" /><D6/><U118/><E5/><V130/><F125/><W47/><G47/><T89/><D28/><U36/><E39/><V102/><F44/><W112/><G112/><T38/><D38/><U35/><E36/><V69/><F130/><W134/><G134/><T120/><D120/><U23/><E116/><V33/><F129/><W103/><G103/><T43/><D43/><U16/><E41/><V51/><F102/><W93/><G93/><T10/><D10/><U21/><E42/><V50/><F9/><W12/><G12/><T64/><AGARI ba="0,1" hai="60,64,70,82,87,89,96,99" m="47657,25799" machi="64" ten="30,1100,0" yaku="18,1" doraHai="113" who="0" fromWho="0" sc="226,21,262,-3,271,-3,231,-5" /><INIT seed="4,0,0,5,2,36" ten="247,259,268,226" oya="0" hai0="117,78,56,81,27,68,87,88,29,91,93,55,16" hai1="13,26,49,122,80,92,65,103,25,97,51,8,21" hai2="102,108,111,18,46,75,34,62,135,41,53,96,61" hai3="79,95,134,113,104,72,86,73,31,14,127,52,118"/><T130/><D68/><U114/><E122/><V30/><F75/><W107/><G31/><T125/><D117/><U11/><E65/><V105/><F135/><W38/><G38/><T100/><D125/><U131/><E131/><V4/><F4/><W28/><G28/><T76/><D130/><U42/><E80/><V120/><F120/><W37/><G37/><T10/><D100/><U74/><E74/><N who="3" m="28778" /><G52/><T3/><D3/><U15/><E114/><V85/><F18/><W110/><G14/><N who="1" m="5130" /><E51/><V22/><F22/><W7/><G7/><T109/><D109/><U82/><E82/><V90/><F30/><W9/><G9/><N who="1" m="3658" /><E21/><V24/><F62/><W119/><G110/><T58/><D10/><U6/><E6/><V99/><F111/><W66/><G66/><T63/><D56/><U84/><E84/><V59/><F108/><W94/><G113/><T45/><D45/><AGARI ba="0,0" hai="25,26,42,45,49,92,97,103" m="3658,5130" machi="45" ten="30,2000,0" yaku="8,1,52,1" doraHai="36" who="1" fromWho="0" sc="247,-20,259,20,268,0,226,0" /><INIT seed="5,0,0,5,1,100" ten="227,279,268,226" oya="1" hai0="43,79,51,83,27,75,9,26,36,37,72,42,50" hai1="23,71,122,84,10,80,53,103,6,88,62,120,18" hai2="114,127,25,21,77,109,68,67,118,59,8,39,94" hai3="29,32,66,89,13,73,16,55,41,63,130,105,91"/><U99/><E122/><V125/><F118/><W69/><G73/><T131/><D9/><U15/><E120/><V96/><F109/><W85/><G130/><T112/><D131/><U31/><E31/><V82/><F39/><W98/><G85/><T60/><D60/><U119/><E119/><V56/><F8/><W3/><G3/><T45/><D112/><U24/><E71/><V7/><F7/><W22/><G41/><T52/><D75/><U121/><E121/><V47/><F47/><W1/><G55/><T86/><D72/><U135/><E135/><V11/><F11/><W116/><G1/><T133/><D133/><U35/><E35/><V20/><F68/><W12/><G12/><T40/><REACH who="0" step="1"/><D51/><REACH who="0" ten="217,279,268,226" step="2"/><U87/><E62/><V81/><F114/><W101/><G116/><T129/><D129/><U33/><E33/><V78/><F127/><W30/><G29/><T92/><D92/><U14/><E99/><V49/><F96/><W104/><G104/><T76/><D76/><U111/><E111/><V134/><F78/><W117/><G117/><T44/><D44/><U48/><E80/><V128/><F82/><W124/><G124/><T126/><D126/><U4/><E48/><V17/><F49/><W65/><G65/><T106/><D106/><U123/><E123/><V113/><F125/><W97/><G97/><T90/><D90/><U107/><E107/><V0/><F128/><W93/><G93/><T58/><D58/><U95/><E103/><V38/><F134/><W102/><G102/><T57/><D57/><N who="2" m="22090" /><F94/><W108/><G108/><T64/><D64/><RYUUKYOKU ba="0,1" sc="217,15,279,-15,268,-15,226,15" hai0="26,27,36,37,40,42,43,45,50,52,79,83,86" hai3="13,16,22,30,32,63,66,69,89,91,98,101,105" /><INIT seed="6,1,1,2,4,100" ten="232,264,253,241" oya="2" hai0="132,33,99,121,63,19,65,83,81,133,5,96,11" hai1="107,112,14,82,31,80,26,123,51,134,40,116,101" hai2="79,72,115,23,1,70,44,16,86,126,38,94,2" hai3="3,32,67,18,91,50,129,9,24,89,4,90,77"/><V92/><F70/><W73/><G129/><T47/><D47/><U54/><E116/><V66/><F66/><W93/><G67/><T17/><D33/><U41/><E112/><V56/><F56/><W108/><G108/><T15/><D121/><U95/><E134/><N who="0" m="51817" /><D19/><U68/><E123/><V25/><F115/><W103/><G77/><T48/><D48/><U43/><E68/><V59/><F59/><W104/><G73/><T28/><D28/><U53/><E14/><V12/><F126/><W20/><G104/><T29/><D29/><U135/><E135/><V75/><F75/><W57/><G103/><T120/><D5/><U42/><E107/><V71/><F71/><W106/><G106/><T61/><D61/><U130/><E130/><V110/><F110/><W76/><G76/><T0/><D0/><U124/><E124/><V127/><F127/><W49/><G57/><N who="0" m="37103" /><D120/><U37/><E37/><V102/><F72/><W117/><G93/><N who="2" m="35945" /><F102/><W74/><G117/><T58/><D58/><U78/><E51/><V27/><F1/><W114/><G114/><T109/><D109/><U45/><E45/><V39/><F2/><W105/><G74/><T55/><D55/><U113/><E113/><V119/><F119/><W87/><G105/><T8/><D8/><U131/><E131/><V30/><F44/><W36/><G36/><N who="2" m="13865" /><F30/><N who="3" m="19527" /><G87/><T97/><AGARI ba="1,1" hai="11,15,17,81,83,96,97,99" m="37103,51817" machi="97" ten="30,1100,0" yaku="20,1" doraHai="100" who="0" fromWho="0" sc="232,24,264,-4,253,-6,241,-4" /><INIT seed="7,0,0,2,2,2" ten="256,260,247,237" oya="3" hai0="35,33,41,71,94,107,4,36,16,83,69,19,98" hai1="92,31,67,6,28,116,105,113,20,102,51,52,96" hai2="10,77,58,130,99,50,80,68,26,84,48,62,82" hai3="103,21,89,7,40,131,123,106,81,108,27,120,14"/><W44/><G131/><T57/><D107/><U112/><E116/><V42/><F130/><W12/><G108/><T121/><D121/><U24/><E67/><N who="2" m="39383" /><F68/><W111/><G111/><T17/><D4/><U18/><E105/><V128/><F128/><W37/><G12/><T60/><D41/><U65/><E65/><V76/><F99/><W124/><G124/><T1/><D1/><U39/><E39/><V78/><F26/><W46/><G46/><T43/><D43/><U135/><E6/><V104/><F104/><W109/><G109/><T70/><D83/><N who="2" m="31786" /><F42/><W54/><G54/><T91/><REACH who="0" step="1"/><D36/><REACH who="0" ten="246,260,247,237" step="2"/><U45/><E135/><V61/><F76/><W115/><G115/><AGARI ba="0,1" hai="18,20,24,28,31,45,51,52,92,96,102,112,113,115" machi="115" ten="40,2600,0" yaku="15,1,54,1" doraHai="2" who="1" fromWho="3" sc="246,0,260,36,247,0,237,-26" owari="246,-15.0,296,39.0,247,5.0,211,-29.0" /></mjloggm>