<mjloggm ver="2.3"><GO type="41"/><UN n0="%E3%83%95%E3%83%BC%E3%81%A8%E3%83%81%E3%83%BC" n1="%E3%82%A6%E3%83%AB%E3%83%88%E3%83%A9%E7%AB%8B%E7%9B%B4" n2="%E3%83%90%E3%83%83%E3%83%86" n3="%E9%97%98%E5%A3%AB%E2%98%86%E6%B8%8B%E5%B7%9D%E8%80%81" dan="14,15,15,17" rate="1882,1973,2036,2102" sx="M,M,M,M"/><TAIKYOKU oya="0"/><INIT seed="0,0,0,5,4,37" ten="250,250,250,250" oya="0" hai0="85,102,23,0,72,50,124,57,93,40,3,128,39" hai1="84,52,97,58,87,91,28,60,55,100,134,89,103" hai2="80,119,131,125,49,17,62,26,129,79,18,132,45" hai3="66,44,15,56,48,83,11,2,106,98,71,94,9"/><T32/><D72/><U90/><E134/><V36/><F132/><W13/><G71/><T105/><D124/><U25/><E55/><V53/><F125/><W73/><G106/><T127/><D127/><U4/><E4/><V29/><F119/><W118/><G118/><T68/><D68/><U75/><E75/><V8/><F62/><N who="3" m="38215" /><G2/><T35/><D128/><N who="2" m="49226" /><F36/><W47/><G83/><T31/><D0/><U86/><REACH who="1" step="1"/><E97/><REACH who="1" step="2"/><V96/><F96/><W114/><G73/><T54/><D35/><AGARI ba="0,1" hai="25,28,35,52,58,60,84,86,87,89,90,91,100,103" machi="35" ten="40,8000,1" yaku="1,1,2,1,54,1,53,1" doraHai="37" doraHaiUra="27" who="1" fromWho="0" sc="250,-80,240,90,250,0,250,0" /><INIT seed="1,0,0,4,5,2" ten="170,330,250,250" oya="1" hai0="62,73,18,50,45,39,14,25,64,36,56,42,78" hai1="93,47,115,100,132,76,125,17,12,81,21,11,19" hai2="87,51,8,31,41,104,123,59,1,119,67,52,126" hai3="68,46,61,53,101,117,69,103,29,88,109,74,4"/><U96/><E115/><V7/><F123/><W10/><G74/><T26/><D39/><U28/><E125/><V70/><F119/><W99/><G109/><T135/><D135/><U54/><E132/><V49/><F104/><W66/><G69/><T129/><D129/><U3/><E3/><V124/><F31/><W22/><G117/><T13/><D13/><U5/><E28/><V106/><F106/><W6/><G29/><T105/><D105/><U130/><E130/><V102/><F102/><W48/><G22/><T127/><D127/><N who="2" m="48682" /><F87/><W84/><G10/><T113/><D113/><U0/><E0/><V57/><F70/><W33/><G33/><T94/><D94/><U107/><E107/><V133/><F133/><W80/><G103/><T75/><D75/><U114/><E114/><V92/><F92/><AGARI ba="0,0" hai="4,6,46,48,53,61,66,68,80,84,88,92,99,101" machi="92" ten="30,7700,0" yaku="7,1,52,2,54,1" doraHai="2" who="3" fromWho="2" sc="170,0,330,0,250,-77,250,77" /><INIT seed="2,0,0,3,4,114" ten="170,330,173,327" oya="2" hai0="47,133,76,101,54,39,94,21,77,130,85,46,83" hai1="43,97,78,30,92,134,19,104,75,105,22,82,121" hai2="41,81,24,102,63,60,62,103,111,36,25,112,131" hai3="115,70,16,80,123,91,128,27,95,98,0,120,40"/><V28/><F112/><W45/><G70/><T65/><D130/><U38/><E30/><V86/><F131/><W34/><G0/><T84/><D133/><U11/><E11/><V51/><F36/><W64/><G64/><T96/><D65/><U58/><E43/><V88/><F111/><W14/><G115/><T33/><D33/><U7/><E38/><V50/><F25/><W116/><G128/><T99/><D21/><U3/><E7/><V71/><F71/><W125/><G125/><T31/><D31/><U15/><E3/><V73/><F73/><W8/><G116/><T4/><D4/><U67/><E134/><V5/><F5/><W35/><G80/><T23/><D23/><U107/><E121/><V110/><F110/><W69/><G69/><T26/><D26/><U56/><REACH who="1" step="1"/><E67/><REACH who="1" step="2"/><V17/><F41/><W12/><G123/><T10/><D39/><U126/><E126/><V6/><F6/><W72/><G120/><T109/><D10/><U119/><E119/><V68/><F68/><W55/><G40/><T18/><D109/><U44/><E44/><V13/><F28/><W1/><G1/><T42/><D42/><U93/><E93/><V135/><F135/><W52/><G45/><T37/><D37/><U122/><E122/><V57/><F57/><W53/><G8/><T124/><D124/><U87/><E87/><V79/><F86/><W2/><G2/><T20/><D47/><U89/><AGARI ba="0,1" hai="15,19,22,56,58,75,78,82,89,92,97,104,105,107" machi="89" ten="30,4000,0" yaku="1,1,0,1,53,1" doraHai="114" doraHaiUra="74" who="1" fromWho="1" sc="170,-10,320,50,173,-20,327,-10" /><INIT seed="3,0,0,5,4,118" ten="160,370,153,317" oya="3" hai0="70,82,45,95,87,53,129,15,38,69,84,105,3" hai1="30,135,51,76,61,46,124,14,10,101,98,119,132" hai2="28,32,108,131,18,126,52,130,106,27,134,127,2" hai3="97,114,59,13,50,100,86,57,75,91,99,112,35"/><W21/><G35/><T93/><D129/><N who="2" m="49162" /><F106/><W92/><G75/><T73/><D3/><U80/><E30/><V4/><F52/><N who="3" m="31895" /><G59/><T109/><D109/><U9/><E61/><V39/><F39/><W68/><G68/><T123/><D105/><U111/><E119/><V24/><F108/><W36/><G36/><T60/><D15/><U125/><E111/><V89/><F89/><W74/><G74/><T20/><D20/><U116/><E116/><V19/><F27/><W94/><G99/><T23/><D23/><U17/><E10/><N who="2" m="2327" /><F134/><W103/><G103/><T44/><D38/><U65/><E135/><V96/><F96/><W56/><G56/><T16/><D73/><U104/><E65/><V83/><F83/><W88/><G100/><T115/><D82/><U117/><E117/><V121/><F121/><W0/><G0/><T67/><D60/><U6/><E132/><V72/><F72/><W49/><G49/><T122/><D53/><U12/><E80/><V113/><F113/><W26/><G26/><T79/><D67/><U85/><E76/><V43/><F43/><W7/><G7/><T128/><D128/><U1/><E85/><V58/><F58/><W34/><G34/><T133/><D133/><U11/><E1/><V48/><F48/><W107/><G107/><T29/><D79/><U120/><E51/><V33/><F33/><W64/><G64/><T55/><D55/><U81/><E81/><V8/><F8/><W77/><G77/><T40/><D40/><U71/><E71/><V110/><F110/><W78/><G78/><T22/><D115/><RYUUKYOKU ba="0,0" sc="160,-15,370,-15,153,15,317,15" hai2="18,19,24,28,32,126,127" hai3="13,21,86,88,91,92,94,97,112,114" /><INIT seed="3,1,0,5,2,88" ten="145,355,168,332" oya="3" hai0="69,50,117,37,6,16,1,74,31,127,24,99,29" hai1="114,71,94,19,51,56,64,59,96,134,73,97,53" hai2="100,26,4,81,68,61,104,78,42,2,54,20,32" hai3="77,106,38,55,76,22,130,91,63,0,8,126,65"/><W58/><G106/><T49/><D117/><U9/><E71/><V79/><F32/><W95/><G38/><T57/><D37/><U119/><E73/><V15/><F2/><W98/><G130/><T105/><D69/><U39/><E39/><V44/><F104/><W123/><G123/><T17/><D127/><U13/><E114/><V52/><F100/><W133/><G133/><T75/><D75/><U89/><E134/><V115/><F115/><W41/><G41/><T87/><D74/><U120/><E120/><V43/><F68/><W5/><G126/><T111/><D111/><U112/><E112/><V66/><F66/><W60/><REACH who="3" step="1"/><G22/><REACH who="3" step="2"/><T40/><D40/><U102/><E119/><V18/><F43/><W21/><G21/><T85/><D105/><U129/><E129/><V7/><F42/><W45/><G45/><T10/><D10/><U14/><E64/><V47/><F47/><W46/><G46/><T84/><D1/><U121/><E121/><V80/><F44/><W33/><G33/><T110/><D110/><U92/><E59/><AGARI ba="1,1" hai="0,5,8,55,58,59,60,63,65,76,77,91,95,98" machi="59" ten="30,5800,0" yaku="1,1,7,1,52,1,53,0" doraHai="88" doraHaiUra="132" who="3" fromWho="1" sc="145,0,355,-61,168,0,322,71" /><INIT seed="3,2,0,2,2,46" ten="145,294,168,393" oya="3" hai0="45,117,20,19,31,105,104,122,56,69,97,29,8" hai1="75,14,2,44,98,4,41,81,50,135,62,101,49" hai2="119,126,106,42,70,36,15,80,18,109,54,38,10" hai3="73,125,93,27,35,55,43,57,1,132,90,60,24"/><W33/><G1/><T12/><D117/><U107/><E135/><V88/><F119/><W118/><G73/><T127/><D122/><U22/><E62/><V67/><F106/><W79/><G79/><T26/><D127/><U89/><E22/><V115/><F126/><W108/><G125/><T9/><D69/><U25/><E14/><V94/><F115/><W37/><G118/><T130/><D130/><U61/><E25/><V123/><F123/><W121/><G121/><T53/><D45/><U86/><E61/><V17/><F70/><W133/><G43/><T11/><D97/><U96/><E75/><V59/><F67/><W13/><G37/><T92/><D92/><U129/><E129/><V40/><F80/><W91/><G13/><T64/><D64/><U21/><E21/><V72/><F72/><W128/><G128/><T77/><D77/><U58/><E58/><V116/><F116/><W52/><G108/><T6/><D31/><U32/><E32/><N who="3" m="12362" /><G55/><T84/><D84/><U113/><E113/><V82/><F82/><W78/><G78/><T0/><REACH who="0" step="1"/><D11/><REACH who="0" step="2"/><U65/><E65/><V30/><F30/><W114/><G114/><T85/><D85/><U110/><E110/><V100/><F109/><W102/><G133/><T23/><D23/><U28/><E28/><V71/><F71/><W34/><G132/><T112/><D112/><U47/><E96/><V63/><F10/><W16/><G34/><T111/><D111/><U48/><REACH who="1" step="1"/><E47/><REACH who="1" step="2"/><N who="2" m="23943" /><F38/><W76/><G57/><T95/><D95/><U51/><E51/><AGARI ba="2,2" hai="0,6,8,9,12,19,20,26,29,51,53,56,104,105" machi="51" ten="30,3900,0" yaku="1,1,7,1,52,1,53,0" doraHai="46" doraHaiUra="68" who="0" fromWho="1" sc="135,65,284,-45,168,0,393,0" /><INIT seed="4,0,0,1,4,123" ten="200,239,168,393" oya="0" hai0="73,132,122,9,124,79,23,19,103,115,85,105,22" hai1="26,13,107,60,72,42,56,108,88,135,12,30,116" hai2="51,18,77,86,36,104,48,63,111,68,58,83,127" hai3="35,46,119,54,38,15,7,31,17,43,75,101,70"/><T55/><D122/><U64/><E116/><V21/><F104/><W129/><G75/><T81/><D115/><U39/><E72/><V121/><F121/><W16/><G70/><T92/><D124/><U97/><E135/><V8/><F68/><W109/><G109/><T102/><D132/><U57/><E42/><V41/><F111/><W50/><G129/><T106/><D55/><U65/><E39/><V89/><F8/><W32/><G101/><T6/><D23/><U130/><E130/><V1/><F1/><W99/><G99/><T128/><D128/><U24/><E108/><V20/><F20/><W90/><G90/><T34/><D34/><U53/><E107/><V76/><F36/><W133/><G119/><T80/><D105/><U117/><E117/><V95/><F41/><W3/><G3/><T82/><D106/><U93/><E64/><V61/><F61/><W2/><G2/><T4/><D82/><U49/><REACH who="1" step="1"/><E26/><REACH who="1" step="2"/><V37/><F37/><W29/><G38/><T91/><D73/><U125/><E125/><V114/><F127/><W52/><G133/><T113/><D113/><U126/><E126/><V87/><F114/><W94/><G43/><T100/><D79/><U118/><E118/><V0/><F77/><W47/><G54/><T27/><D9/><U14/><E14/><N who="2" m="9431" /><F0/><W78/><G15/><T28/><D27/><U98/><E98/><V71/><F71/><W96/><G52/><AGARI ba="0,1" hai="48,51,52,58,63,76,83,86,87,89,95" m="9431" machi="52" ten="30,2000,0" yaku="8,1,54,1" doraHai="123" who="2" fromWho="3" sc="200,0,229,0,168,30,393,-20" /><INIT seed="5,0,0,1,0,95" ten="200,229,198,373" oya="1" hai0="79,134,131,45,58,32,112,72,93,92,124,81,88" hai1="84,3,125,86,98,42,61,11,5,49,0,69,40" hai2="55,119,135,25,57,73,41,23,116,109,17,29,90" hai3="99,33,34,85,31,105,96,65,6,133,108,20,15"/><U2/><E125/><V83/><F109/><W1/><G105/><T121/><D124/><U30/><E30/><V28/><F135/><W87/><G108/><T101/><D134/><U97/><E61/><V13/><F41/><N who="1" m="15977" /><E49/><V67/><F67/><W50/><G65/><T117/><D117/><U52/><E52/><V8/><F29/><W27/><G133/><T24/><D121/><U35/><E11/><V18/><F28/><W26/><G50/><T120/><D120/><U21/><E21/><V104/><F104/><W64/><G64/><T126/><D126/><U14/><E14/><V66/><F66/><W63/><G63/><T37/><D131/><U128/><E5/><V122/><F122/><W78/><G26/><T60/><D112/><U103/><E103/><V39/><F39/><W46/><G46/><T71/><D71/><U44/><E44/><V22/><F22/><W113/><G113/><T123/><D123/><U51/><E51/><V77/><F90/><W102/><G102/><T75/><D75/><U91/><E91/><V114/><F114/><W115/><G115/><T62/><D62/><AGARI ba="0,0" hai="8,13,17,18,23,25,55,57,62,73,77,83,116,119" machi="62" ten="30,1000,0" yaku="7,1" doraHai="95" who="2" fromWho="0" sc="200,-10,229,0,198,10,373,0" /><INIT seed="6,0,0,4,4,110" ten="190,229,208,373" oya="2" hai0="88,20,27,15,48,25,38,97,36,63,33,94,65" hai1="18,32,78,108,53,72,34,41,59,14,107,83,96" hai2="74,121,134,128,87,112,31,30,111,42,127,102,28" hai3="11,73,86,129,67,100,19,68,58,8,132,103,26"/><V4/><F121/><W12/><G68/><T89/><D89/><U77/><E108/><V98/><F111/><W47/><G73/><T123/><D123/><U52/><E41/><V84/><F74/><W93/><G132/><T43/><D15/><U17/><E78/><V80/><F134/><W37/><G37/><T95/><D95/><U79/><E79/><V69/><F69/><W131/><G47/><T6/><D6/><U21/><E53/><V29/><F128/><W101/><G26/><T99/><D99/><U106/><E18/><V50/><F127/><W130/><G11/><T24/><D33/><U109/><E109/><V23/><F4/><W13/><G13/><T49/><D20/><U81/><E81/><V92/><F112/><W105/><G105/><T35/><D35/><U3/><E3/><V133/><F133/><W75/><G75/><T55/><D43/><U113/><E113/><V60/><F60/><N who="3" m="38295" /><G86/><T64/><D64/><U9/><E9/><V116/><F116/><W61/><G61/><T71/><REACH who="0" step="1"/><D49/><REACH who="0" step="2"/><U76/><E76/><V119/><F119/><W66/><G66/><T120/><D120/><U126/><E126/><V122/><F122/><W22/><G22/><T10/><D10/><U51/><E106/><V118/><F118/><W85/><G93/><T7/><D7/><U117/><E117/><V70/><F70/><W57/><G8/><T5/><D5/><U91/><E107/><V114/><F114/><W82/><G130/><T44/><AGARI ba="0,1" hai="24,25,27,36,38,44,48,55,63,65,71,88,94,97" machi="44" ten="30,7900,0" yaku="1,1,0,1,54,1,53,1" doraHai="110" doraHaiUra="40" who="0" fromWho="0" sc="180,89,229,-20,208,-39,373,-20" /><INIT seed="7,0,0,3,3,115" ten="269,209,169,353" oya="3" hai0="130,11,7,29,45,103,57,108,46,33,126,116,92" hai1="13,106,68,20,63,71,12,72,9,58,111,133,73" hai2="15,1,55,4,6,30,2,5,94,135,14,123,114" hai3="66,52,124,98,62,24,119,112,104,90,39,120,64"/><W131/><G39/><T8/><D108/><U105/><E111/><V0/><F94/><W16/><G104/><T3/><D126/><U36/><E36/><V59/><F123/><W56/><G120/><T76/><D130/><U38/><E38/><V51/><F114/><W42/><G42/><T125/><D125/><U27/><E58/><V113/><F113/><W69/><G69/><T70/><D70/><U118/><E63/><V50/><F135/><W17/><G24/><T54/><D76/><U122/><E27/><V83/><F30/><W121/><G66/><T61/><D11/><U85/><E20/><V18/><F83/><W134/><G64/><T86/><D46/><U47/><E122/><V31/><F31/><W84/><G62/><T93/><D45/><U22/><E47/><V109/><F109/><W49/><G56/><T101/><D101/><U78/><E22/><V132/><F132/><W19/><G134/><T48/><D61/><U95/><E133/><V21/><REACH who="2" step="1"/><F51/><REACH who="2" step="2"/><W100/><G49/><T41/><D48/><U75/><E95/><V110/><F110/><W65/><G121/><T23/><D93/><U89/><E105/><V79/><F79/><W117/><G124/><T67/><D92/><U129/><E106/><V43/><F43/><W44/><G112/><T102/><D41/><U96/><E78/><V35/><F35/><W77/><G77/><T99/><D29/><U34/><E34/><V88/><F88/><W81/><G90/><T82/><D33/><U127/><E89/><V60/><F60/><W10/><G81/><T87/><D82/><RYUUKYOKU ba="0,1" sc="269,-10,209,-10,159,30,353,-10" hai2="0,1,2,4,5,6,14,15,18,21,50,55,59" owari="259,6,199,-20,189,-31,353,45" /></mjloggm>