<mjloggm ver="2.3"><GO type="41"/><UN n0="%4A%6F%62%6C%61%63%6B" n1="%4B%49%52%4C%49%41" n2="%EF%BC%88%E2%89%A7%E2%96%BD%E2%89%A6%EF%BC%89" n3="%E5%91%B3%E3%81%AE%E7%B4%A0%E3%81%AE%E7%B4%A0" dan="14,13,15,14" rate="1886,1825,2058,1890" sx="M,F,M,M"/><TAIKYOKU oya="0"/><INIT seed="0,0,0,4,2,110" ten="250,250,250,250" oya="0" hai0="42,41,68,134,75,78,85,52,59,91,63,4,40" hai1="131,44,89,84,86,15,19,53,70,56,120,115,128" hai2="79,100,125,118,35,50,31,51,73,80,96,72,106" hai3="101,135,97,9,49,105,16,124,64,20,39,104,130"/><T36/><D75/><U107/><E70/><V11/><F125/><W47/><G124/><T6/><D78/><U61/><E120/><V81/><F118/><W26/><G39/><T13/><D134/><U117/><E117/><V112/><F112/><W121/><G121/><T57/><D68/><U25/><E107/><V17/><F35/><W103/><G135/><T69/><D69/><U65/><E25/><V123/><F31/><W122/><G64/><T129/><D129/><N who="1" m="49739" /><E89/><V23/><F123/><W38/><G38/><T21/><D36/><U95/><E95/><V43/><F11/><W46/><G122/><T133/><D133/><U8/><E115/><V24/><REACH who="2" step="1"/><F43/><REACH who="2" step="2"/><W12/><G130/><T90/><D90/><U37/><E37/><V0/><F0/><W14/><G9/><T22/><D59/><U28/><E28/><V76/><AGARI ba="0,1" hai="17,23,24,50,51,72,73,76,79,80,81,96,100,106" machi="76" ten="30,4000,0" yaku="1,1,0,1,9,1,53,0" doraHai="110" doraHaiUra="126" who="2" fromWho="2" sc="250,-20,250,-10,240,50,250,-10" /><INIT seed="1,0,0,4,4,51" ten="230,240,290,240" oya="1" hai0="71,103,36,85,57,131,12,126,122,58,56,27,10" hai1="17,7,34,124,23,35,99,19,107,55,39,73,115" hai2="2,91,114,59,65,77,75,129,24,29,97,101,5" hai3="113,128,15,11,30,68,109,25,0,18,60,72,52"/><U33/><E73/><V96/><F114/><W69/><G113/><T53/><D71/><U50/><E39/><V43/><F129/><W82/><G128/><T9/><D131/><U123/><E123/><V86/><F43/><W20/><G109/><T41/><D122/><U83/><E115/><V3/><F77/><W108/><G108/><T81/><D103/><U127/><E83/><V105/><F75/><W92/><G0/><T38/><D126/><N who="1" m="48171" /><E7/><V93/><F5/><W111/><G111/><T26/><D41/><U48/><E55/><V61/><REACH who="2" step="1"/><F97/><REACH who="2" step="2"/><W78/><REACH who="3" step="1"/><G92/><REACH who="3" step="2"/><T95/><D95/><U28/><E99/><V64/><F64/><W14/><G14/><T90/><D12/><U16/><E107/><V13/><F13/><W102/><G102/><T110/><D110/><U84/><E84/><V47/><F47/><W120/><G120/><T62/><D27/><AGARI ba="0,2" hai="16,17,19,23,27,28,33,34,35,48,50" m="48171" machi="27" ten="40,3900,0" yaku="18,1,54,1" doraHai="51" who="1" fromWho="0" sc="230,-39,240,59,280,0,230,0" /><INIT seed="1,1,0,0,3,56" ten="191,299,280,230" oya="1" hai0="135,20,70,109,85,73,82,0,90,45,15,49,50" hai1="68,71,63,94,125,112,30,28,81,132,77,44,14" hai2="107,78,111,19,117,23,124,47,51,55,74,127,9" hai3="115,16,105,46,75,93,52,131,122,67,126,66,86"/><U119/><E119/><V98/><F117/><W58/><G122/><T13/><D0/><U106/><E106/><V60/><F111/><W120/><G120/><T22/><D109/><U65/><E125/><N who="2" m="48203" /><F9/><W37/><G115/><T97/><D70/><U53/><E112/><V5/><F5/><W87/><G75/><T40/><D135/><U38/><E132/><V96/><F107/><W2/><G2/><T104/><D73/><U89/><E68/><V76/><F60/><W31/><G31/><T133/><D133/><U84/><E14/><N who="2" m="9719" /><F74/><W7/><G7/><T18/><D104/><U102/><E102/><V26/><F26/><W29/><G29/><T80/><D97/><AGARI ba="1,0" hai="47,51,55,76,78,96,97,98" m="9719,48203" machi="97" ten="30,1000,0" yaku="18,1" doraHai="56" who="2" fromWho="0" sc="191,-13,299,0,280,13,230,0" /><INIT seed="2,0,0,5,1,73" ten="178,299,293,230" oya="2" hai0="124,37,93,77,42,3,92,113,80,129,72,83,9" hai1="95,24,91,57,79,51,78,52,123,85,116,40,32" hai2="76,44,64,55,25,101,6,106,100,127,61,82,43" hai3="16,14,22,59,94,118,65,108,0,20,70,18,11"/><V1/><F127/><W36/><G36/><T19/><D113/><U38/><E116/><V126/><F126/><W58/><G118/><T87/><D124/><U7/><E123/><V128/><F128/><W53/><G108/><T86/><D129/><U2/><E40/><V67/><F55/><W110/><G110/><T35/><D35/><U132/><E38/><N who="2" m="21623" /><F25/><W56/><G0/><T107/><D107/><U119/><E119/><V114/><F114/><W8/><G70/><T45/><D19/><U103/><E103/><N who="2" m="39499" /><F61/><W109/><G109/><T66/><D66/><U104/><E132/><V4/><F4/><W75/><G75/><T17/><D17/><U112/><E112/><V50/><F50/><W63/><G94/><T27/><D27/><U120/><E120/><V28/><F28/><W111/><G111/><T60/><D60/><U12/><E2/><V15/><F15/><N who="3" m="9247" /><G59/><T74/><D74/><U122/><E122/><V99/><F99/><W68/><G68/><T133/><D133/><U13/><E104/><V105/><F105/><W46/><G46/><T135/><D135/><U134/><E134/><V48/><F106/><W34/><G34/><T29/><D29/><U47/><E7/><V121/><F121/><W115/><G115/><T41/><D41/><N who="1" m="25071" /><E24/><V69/><F69/><W26/><G26/><T5/><D87/><U97/><E32/><V117/><F117/><W62/><AGARI ba="0,0" hai="8,11,14,18,22,53,56,58,62,63,65" m="9247" machi="62" ten="30,2000,0" yaku="8,1,54,1" doraHai="73" who="3" fromWho="3" sc="178,-5,299,-5,293,-10,230,20" /><INIT seed="3,0,0,5,3,114" ten="173,294,283,250" oya="3" hai0="81,9,14,89,109,120,101,98,116,106,17,23,45" hai1="129,91,103,6,72,127,79,90,118,4,108,133,73" hai2="130,10,74,96,26,64,134,135,88,52,132,59,7" hai3="31,82,44,57,67,69,62,2,37,131,121,32,58"/><W65/><G2/><T75/><D120/><U126/><E118/><V46/><F74/><W42/><G82/><T117/><D109/><U123/><E123/><V18/><F130/><W92/><G121/><T21/><D45/><U19/><E108/><V66/><F46/><W107/><G107/><T16/><D9/><U25/><E129/><V3/><F18/><W104/><G104/><T20/><D20/><N who="1" m="13471" /><E103/><V128/><F26/><W41/><G92/><T77/><D89/><N who="1" m="33803" /><E133/><V8/><F8/><W78/><G78/><T53/><D53/><U24/><E24/><AGARI ba="0,0" hai="14,16,17,21,23,24,75,77,81,98,101,106,116,117" machi="24" ten="30,7700,0" yaku="7,1,52,2,54,1" doraHai="114" who="0" fromWho="1" sc="173,77,294,-77,283,0,250,0" /><INIT seed="4,0,0,4,5,11" ten="250,217,283,250" oya="0" hai0="1,68,55,54,65,127,2,135,39,33,15,28,49" hai1="75,95,93,7,113,133,53,21,20,82,118,40,94" hai2="128,9,101,45,50,124,99,114,31,80,123,132,60" hai3="29,85,72,115,52,62,69,86,43,41,61,103,25"/><T102/><D39/><U63/><E118/><V8/><F123/><W78/><G72/><T58/><D135/><U87/><E75/><V79/><F132/><W36/><G115/><T70/><D127/><U12/><E133/><V23/><F124/><W109/><G109/><T4/><D102/><U19/><E7/><V6/><F114/><W97/><G36/><T91/><D91/><U121/><E121/><V57/><F128/><W96/><G69/><T51/><D65/><U48/><E21/><V106/><F23/><W88/><G78/><T126/><D126/><U125/><E125/><V83/><F31/><W42/><G85/><T116/><D116/><U84/><E113/><V13/><F9/><W44/><G44/><T73/><D73/><U59/><E82/><V77/><F77/><W5/><G5/><T14/><D28/><U37/><E37/><V89/><F89/><W110/><G110/><T38/><D38/><U34/><E34/><V92/><F106/><W10/><G10/><T130/><D58/><U131/><E131/><V105/><F105/><W81/><G103/><T117/><D117/><U74/><E74/><V90/><F101/><W27/><G29/><T32/><D4/><U18/><E18/><V120/><F79/><W119/><G119/><T17/><REACH who="0" step="1"/><D17/><REACH who="0" step="2"/><U46/><AGARI ba="0,1" hai="12,19,20,40,46,48,53,59,63,84,87,93,94,95" machi="46" ten="30,4000,0" yaku="0,1,8,1,52,1" doraHai="11" who="1" fromWho="1" sc="240,-20,217,50,283,-10,250,-10" /><INIT seed="5,0,0,0,5,92" ten="220,267,273,240" oya="1" hai0="11,118,87,18,37,106,122,46,110,24,6,42,32" hai1="48,4,58,124,128,79,19,97,100,114,133,50,27" hai2="115,127,70,95,126,88,71,102,54,119,113,22,121" hai3="13,39,130,91,99,16,108,98,59,129,9,75,134"/><U77/><E114/><N who="2" m="43531" /><F121/><W112/><G112/><T72/><D118/><U3/><E133/><V30/><F119/><W10/><G108/><T89/><D110/><U31/><E124/><N who="2" m="47659" /><F102/><W90/><G134/><T57/><D122/><U111/><E128/><N who="3" m="49258" /><G75/><T33/><D72/><U84/><E111/><V107/><F107/><W21/><G39/><T82/><D106/><U96/><E31/><V15/><F54/><W52/><G99/><T0/><D24/><U104/><E96/><N who="2" m="57447" /><F30/><W86/><G98/><T26/><D57/><U73/><E4/><V56/><F56/><W76/><G76/><T68/><D68/><U67/><E73/><V38/><F38/><W69/><G69/><T116/><D116/><U5/><E5/><V41/><F41/><W49/><G91/><T61/><D61/><U7/><E7/><V62/><F62/><W132/><G132/><T47/><D47/><U101/><E58/><V103/><F103/><W74/><G74/><T83/><D26/><U2/><E67/><V40/><F40/><W80/><AGARI ba="0,0" hai="9,10,13,16,21,49,52,59,80,86,90" m="49258" machi="80" ten="30,4000,0" yaku="19,1,54,2" doraHai="92" who="3" fromWho="3" sc="220,-10,267,-20,273,-10,240,40" /><INIT seed="6,0,0,4,1,46" ten="210,247,263,280" oya="2" hai0="110,23,8,86,6,92,103,51,109,129,135,59,30" hai1="76,39,125,119,37,48,90,117,13,0,77,88,112" hai2="99,97,96,133,29,69,73,63,38,7,108,65,85" hai3="57,10,118,79,21,132,107,93,1,53,116,75,71"/><V50/><F73/><W55/><G71/><T131/><D30/><U42/><E0/><V5/><F38/><W43/><G43/><T56/><D23/><U64/><E64/><V49/><F29/><W98/><G107/><T62/><D103/><U31/><E125/><V105/><F105/><W28/><G132/><T26/><D26/><U14/><E31/><V33/><F33/><W27/><G75/><T25/><D25/><U58/><E112/><V84/><F133/><W78/><G116/><T52/><D135/><U101/><E101/><V11/><F108/><W36/><G36/><T67/><D92/><U128/><E42/><V54/><F5/><W80/><G118/><T20/><D20/><U24/><E24/><V81/><F81/><W124/><G124/><T70/><D86/><U32/><E32/><V44/><REACH who="2" step="1"/><F50/><REACH who="2" step="2"/><W111/><G111/><N who="0" m="42507" /><D6/><U123/><E123/><V22/><F22/><W114/><G80/><T115/><D8/><U72/><E72/><V40/><F40/><W45/><G10/><T126/><D126/><U100/><E128/><N who="0" m="49225" /><D115/><U9/><E9/><V15/><AGARI ba="0,1" hai="7,11,15,44,49,54,63,65,69,84,85,96,97,99" machi="15" ten="30,6000,0" yaku="1,1,0,1,52,1,53,0" doraHai="46" doraHaiUra="127" who="2" fromWho="2" sc="210,-20,247,-20,253,70,280,-20" /><INIT seed="6,1,0,5,1,2" ten="190,227,323,260" oya="2" hai0="66,35,31,33,59,48,60,55,84,115,104,85,44" hai1="40,105,114,81,106,26,63,32,108,92,10,57,130" hai2="51,37,77,67,12,102,99,15,111,43,20,74,88" hai3="21,52,25,34,128,50,113,65,122,47,69,100,62"/><V56/><F37/><W94/><G122/><T79/><D104/><U103/><E108/><V75/><F111/><W72/><G72/><T78/><D115/><U98/><E114/><V4/><F75/><W95/><G128/><T116/><D116/><U27/><E130/><V6/><F74/><W120/><G120/><T91/><D35/><U24/><E40/><V19/><F77/><W0/><G0/><T1/><D1/><U97/><E97/><V11/><F102/><W5/><G34/><T117/><D117/><U110/><E110/><V13/><F67/><W134/><G113/><T53/><D33/><U82/><E32/><V73/><F73/><W93/><G134/><T54/><D31/><U46/><E46/><N who="2" m="26079" /><F56/><W7/><REACH who="3" step="1"/><G100/><REACH who="3" step="2"/><T28/><D28/><AGARI ba="1,1" hai="5,7,21,25,28,47,50,52,62,65,69,93,94,95" machi="28" ten="40,8000,1" yaku="1,1,2,1,52,2,54,1,53,0" doraHai="2" doraHaiUra="101" who="3" fromWho="0" sc="190,-83,227,0,323,0,250,93" /><INIT seed="7,0,0,4,3,79" ten="107,227,323,343" oya="3" hai0="89,56,59,103,3,17,2,58,14,100,69,126,68" hai1="77,41,4,36,28,47,124,87,107,12,23,48,111" hai2="34,92,120,35,24,1,91,127,119,113,132,104,9" hai3="125,45,44,115,75,29,0,31,13,116,121,101,49"/><W20/><G121/><T57/><D89/><U97/><E36/><V62/><F119/><W102/><G0/><T98/><D98/><U64/><E64/><V80/><F120/><W72/><G116/><T88/><D88/><U108/><E124/><V114/><F104/><W85/><G125/><T123/><D126/><U135/><E135/><V90/><F127/><W105/><G115/><N who="2" m="44041" /><F132/><W7/><G45/><T46/><D46/><U83/><E97/><N who="2" m="57495" /><F62/><W84/><G75/><T54/><D14/><U70/><E70/><V32/><F24/><W15/><G72/><T42/><D42/><U78/><E78/><V94/><F94/><W55/><G105/><T129/><D123/><U131/><E131/><V40/><F40/><W16/><G7/><T106/><D106/><U33/><E33/><V22/><F22/><W50/><G50/><T112/><D112/><U76/><E76/><V86/><F35/><W37/><G37/><T133/><D133/><U134/><E134/><V122/><F122/><W39/><G39/><T53/><D17/><U71/><E71/><V63/><F63/><W18/><G31/><T95/><D95/><U27/><REACH who="1" step="1"/><E107/><REACH who="1" step="2"/><V81/><F32/><W11/><G29/><T109/><D129/><U73/><E73/><V67/><F34/><W82/><G85/><T117/><D117/><U25/><E25/><V118/><F118/><W52/><G84/><T26/><N who="0" m="14848" /><DORA hai="93" /><T6/><D69/><U99/><E99/><V128/><F128/><W38/><G38/><T8/><D68/><U74/><E74/><V43/><F67/><W66/><G66/><RYUUKYOKU ba="0,1" sc="107,-10,217,30,323,-10,343,-10" hai1="4,12,23,27,28,41,47,48,77,83,87,108,111" owari="97,-40.0,247,-15.0,313,11.0,343,44.0" /></mjloggm>