<mjloggm ver="2.3"><GO type="169" lobby="0"/><UN n0="%E3%81%84%E3%81%AC%E3%81%98%E3%82%83%E3%82%89%E3%81%97" n1="%E5%AE%89%E8%97%A4%E8%A3%95%E5%AD%90" n2="%E3%81%BE%E3%81%8A%E3%82%89%E3%82%93" n3="%EF%BC%88%E2%89%A7%E2%96%BD%E2%89%A6%EF%BC%89" dan="17,16,16,19" rate="2156.92,2077.10,2105.59,2233.58" sx="M,F,F,M"/><TAIKYOKU oya="0"/><INIT seed="0,0,0,2,2,135" ten="250,250,250,250" oya="0" hai0="71,82,10,76,109,86,8,56,73,105,129,95,37" hai1="24,52,99,89,31,51,13,75,35,33,108,46,91" hai2="102,81,3,128,40,110,18,54,78,57,15,1,133" hai3="117,94,74,93,126,72,17,5,68,25,60,115,125"/><T55/><D105/><U27/><E75/><V41/><F133/><W92/><G117/><T34/><D71/><U22/><E108/><V66/><F110/><W104/><G104/><T11/><D109/><U96/><E13/><V88/><F66/><W65/><G5/><T97/><D129/><U69/><E69/><V50/><F102/><W2/><G2/><T121/><D121/><U118/><E118/><V101/><F101/><W113/><G74/><T87/><D34/><U134/><E134/><V29/><F29/><W21/><REACH who="3" step="1"/><G72/><REACH who="3" ten="250,250,250,240" step="2"/><T130/><D130/><U84/><E35/><V103/><F128/><W123/><G123/><T61/><REACH who="0" step="1"/><D37/><REACH who="0" ten="240,250,250,240" step="2"/><U6/><E6/><V12/><F3/><W107/><G107/><T48/><D48/><U127/><E33/><V23/><F1/><W63/><G63/><T0/><D0/><U114/><E51/><V30/><F50/><W122/><G122/><T70/><D70/><U131/><E131/><V90/><F40/><W116/><G116/><T53/><D53/><U111/><E52/><V67/><F41/><W62/><G62/><T79/><D79/><U47/><E111/><V44/><F78/><W64/><G64/><T112/><D112/><AGARI ba="0,2" hai="17,21,25,60,65,68,92,93,94,112,113,115,125,126" machi="112" ten="40,5200,0" yaku="1,1,52,2,53,0" doraHai="135" doraHaiUra="45" who="3" fromWho="0" sc="240,-52,250,0,250,0,240,72" /><INIT seed="1,0,0,1,0,23" ten="188,250,250,312" oya="1" hai0="34,122,35,2,51,0,119,96,128,133,90,5,55" hai1="10,78,80,39,67,17,131,115,75,65,134,103,29" hai2="37,4,124,13,22,52,94,77,118,85,45,40,101" hai3="59,6,92,27,3,1,87,117,42,89,62,83,113"/><U107/><E115/><V58/><F118/><W68/><G117/><T28/><D119/><U19/><E39/><V109/><F124/><W54/><G113/><T53/><D128/><U11/><E131/><V82/><F109/><W127/><G127/><T123/><D133/><U43/><E43/><V81/><F101/><W46/><G68/><T60/><D60/><U30/><E134/><V86/><F94/><W79/><G6/><T36/><D36/><U63/><E103/><V33/><F33/><N who="0" m="12298" /><D28/><U114/><E107/><V48/><F4/><W7/><G7/><T73/><D73/><U126/><E114/><V76/><F22/><W105/><G105/><T32/><D32/><U71/><E126/><V120/><REACH who="2" step="1"/><F13/><REACH who="2" ten="188,250,240,312" step="2"/><W69/><G1/><T57/><D5/><U38/><E11/><V106/><F106/><W21/><G3/><T74/><D0/><U93/><E93/><V88/><F88/><W31/><G92/><T116/><D90/><U111/><E111/><V18/><F18/><W24/><G89/><T110/><D2/><U97/><E10/><V61/><F61/><W8/><G8/><T132/><D116/><U50/><E17/><V129/><F129/><W121/><G62/><T135/><D110/><U112/><E112/><V98/><F98/><W70/><G31/><T130/><D96/><U125/><E125/><V9/><F9/><W66/><G21/><T56/><D130/><U14/><E97/><V15/><F15/><W104/><G104/><T108/><D108/><U84/><E30/><V12/><F12/><W20/><G20/><T47/><D135/><RYUUKYOKU ba="0,1" sc="188,-10,250,-10,240,30,312,-10" hai2="37,40,45,48,52,58,76,77,81,82,85,86,120" /><INIT seed="2,1,1,3,4,1" ten="178,240,270,302" oya="2" hai0="107,83,34,134,92,116,44,73,21,135,89,43,22" hai1="100,121,119,59,25,66,45,2,12,61,17,101,85" hai2="50,88,19,5,120,110,128,74,115,81,68,87,84" hai3="58,82,96,36,46,132,123,54,40,38,117,108,95"/><V62/><F74/><W125/><G123/><T13/><D107/><U90/><E119/><V130/><F120/><W42/><G117/><T131/><D34/><U113/><E113/><V69/><F115/><W76/><G108/><T114/><D116/><U105/><E2/><V103/><F103/><W112/><G112/><T75/><D114/><U109/><E121/><V11/><F19/><W93/><G132/><N who="0" m="50731" /><D131/><N who="2" m="50218" /><F110/><W10/><G125/><T56/><D56/><U94/><E109/><V0/><F62/><W29/><G29/><T80/><D75/><U28/><E105/><V53/><F87/><W72/><G10/><T102/><D102/><U4/><E101/><V91/><F91/><W15/><G96/><N who="0" m="57359" /><D13/><U127/><E100/><V64/><F64/><W71/><G15/><T35/><D35/><U9/><E127/><V26/><F26/><W32/><G32/><T14/><D14/><U51/><E25/><V8/><F8/><W111/><G111/><T7/><D21/><U86/><E86/><V57/><AGARI ba="1,1" hai="0,5,11,50,53,57,68,69,81,84,88" m="50218" machi="57" ten="30,6000,0" yaku="19,1,52,1,54,1" doraHai="1" who="2" fromWho="2" sc="178,-21,240,-21,270,73,302,-21" /><INIT seed="2,2,0,2,2,12" ten="157,219,343,281" oya="2" hai0="126,82,29,104,125,64,13,111,36,59,107,134,60" hai1="108,86,9,102,57,20,28,17,91,93,128,40,94" hai2="38,101,96,21,90,66,103,45,58,117,49,39,85" hai3="109,115,98,10,131,55,22,68,92,62,1,130,95"/><V123/><F117/><W118/><G118/><T77/><D111/><U84/><E108/><V5/><F123/><W78/><G109/><T121/><D121/><U119/><E119/><V23/><F38/><W34/><G34/><T14/><D36/><U100/><E128/><N who="3" m="49194" /><G78/><T8/><D29/><U71/><E71/><V89/><F39/><W116/><G115/><T26/><D26/><N who="1" m="16455" /><E40/><V112/><F112/><W32/><G32/><T46/><D46/><U42/><E42/><V43/><F5/><N who="3" m="1327" /><G68/><T133/><D107/><U110/><E57/><V37/><F96/><W80/><G80/><T3/><D104/><U132/><E132/><N who="0" m="50793" /><D3/><U2/><E2/><V88/><F85/><W56/><G98/><T127/><D8/><U135/><E110/><V0/><F0/><W33/><G33/><T105/><D105/><U53/><E135/><V41/><F41/><W11/><G11/><T4/><D4/><U65/><E86/><AGARI ba="2,0" hai="13,14,59,60,64,77,82,86,125,126,127" m="50793" machi="86" ten="40,2600,0" yaku="18,1,20,1" doraHai="12" who="0" fromWho="1" sc="157,32,219,-32,343,0,281,0" /><INIT seed="3,0,0,0,1,119" ten="189,187,343,281" oya="3" hai0="27,83,4,62,20,43,89,116,74,44,125,65,47" hai1="13,67,7,128,95,55,31,70,33,102,68,19,131" hai2="2,120,0,118,91,3,81,59,11,34,63,105,101" hai3="36,106,64,76,8,117,129,60,28,75,35,26,93"/><W32/><G117/><T82/><D116/><U54/><E7/><V122/><F118/><W87/><G36/><T88/><D125/><U46/><E33/><V98/><F34/><W94/><G129/><N who="1" m="49738" /><E31/><V48/><F48/><W14/><G35/><T96/><D4/><U23/><E67/><V107/><F107/><W112/><G75/><T108/><D108/><U135/><E135/><V127/><F127/><W17/><G112/><T24/><D74/><U123/><E123/><N who="2" m="47147" /><F11/><W72/><G72/><T50/><D47/><U79/><E79/><V25/><F25/><W86/><G106/><T51/><D51/><N who="1" m="29047" /><E55/><N who="2" m="34303" /><F2/><W99/><G76/><T113/><D113/><U41/><E41/><V61/><F61/><W111/><G111/><T45/><D45/><U30/><E30/><V124/><F124/><W69/><G32/><T6/><D44/><U10/><E10/><V121/><F121/><W134/><G28/><T133/><D43/><U58/><E58/><V132/><F132/><W73/><G134/><T12/><D133/><U66/><E66/><V52/><F52/><W38/><G26/><T80/><D27/><U40/><E40/><V53/><F53/><W130/><G130/><T114/><D24/><U37/><E37/><V21/><F21/><W1/><G38/><T29/><D20/><U110/><E110/><V100/><F100/><N who="3" m="60527" /><G1/><T57/><D114/><U115/><E115/><V85/><AGARI ba="0,0" hai="0,3,81,85,91,98,101,105" m="34303,47147" machi="85" ten="30,7900,0" yaku="13,1,52,3" doraHai="119" who="2" fromWho="2" sc="189,-20,187,-20,343,79,281,-39" /><INIT seed="4,0,0,0,5,92" ten="169,167,422,242" oya="0" hai0="108,89,121,41,50,48,42,91,17,86,98,119,88" hai1="100,61,103,123,104,80,109,24,72,28,117,5,9" hai2="110,128,77,63,36,31,107,59,69,35,111,30,68" hai3="43,114,53,94,49,1,132,134,56,46,54,22,16"/><T127/><D119/><U47/><E117/><V51/><F36/><W23/><G1/><T78/><D121/><U124/><E123/><V115/><F77/><W101/><G114/><T85/><D127/><U12/><E109/><V66/><F115/><W27/><G23/><T0/><D0/><U6/><E124/><V90/><F69/><W21/><G21/><T7/><D7/><U55/><E5/><V81/><F31/><W67/><G67/><T97/><D108/><U64/><E72/><V102/><F128/><W96/><REACH who="3" step="1"/><G54/><REACH who="3" ten="169,167,422,232" step="2"/><T4/><D4/><U37/><E55/><V126/><F126/><W26/><G26/><T120/><D120/><U133/><E24/><V84/><F110/><W2/><G2/><T62/><D17/><U113/><E113/><V130/><F111/><W60/><AGARI ba="0,1" hai="16,22,27,43,46,49,53,56,60,94,96,101,132,134" machi="60" ten="30,8000,1" yaku="1,1,0,1,52,1,54,1,53,1" doraHai="92" doraHaiUra="99" who="3" fromWho="3" sc="169,-40,167,-20,422,-20,232,90" /><INIT seed="5,0,0,0,4,58" ten="129,147,402,322" oya="1" hai0="100,40,52,91,38,73,110,125,133,124,19,97,20" hai1="34,84,55,44,108,72,71,70,76,54,10,99,101" hai2="129,30,94,36,88,113,107,112,114,25,117,13,56" hai3="96,83,61,8,24,98,27,4,85,39,50,57,11"/><U1/><E72/><V42/><F107/><W23/><G39/><T102/><D110/><U127/><E34/><V105/><F105/><W109/><G50/><T2/><D73/><U80/><E108/><V59/><F117/><W53/><G109/><T128/><D2/><U16/><E127/><N who="0" m="48713" /><D128/><U126/><E126/><V103/><F103/><W130/><G130/><T87/><D133/><U33/><E33/><N who="2" m="20687" /><F129/><W135/><G135/><T28/><D28/><U89/><E76/><V9/><F42/><W7/><G7/><T15/><D97/><N who="3" m="37481" /><G4/><T37/><D52/><U119/><E55/><V104/><F36/><N who="0" m="13930" /><D40/><U115/><E119/><V65/><F104/><W92/><G92/><AGARI ba="0,0" hai="15,19,20,87,91,92,100,102" m="13930,48713" machi="92" ten="30,1000,0" yaku="18,1" doraHai="58" who="0" fromWho="3" sc="129,10,147,0,402,0,322,-10" /><INIT seed="6,0,0,5,3,50" ten="139,147,402,312" oya="2" hai0="5,0,103,78,60,85,20,26,58,69,23,2,116" hai1="118,17,63,101,122,95,8,54,83,33,28,31,104" hai2="87,48,10,89,67,18,105,127,51,97,7,64,27" hai3="13,125,93,68,99,129,24,123,11,62,102,47,75"/><V113/><F127/><W32/><G75/><T133/><D69/><U14/><E118/><V117/><F117/><W29/><G123/><T6/><D116/><U55/><E104/><V121/><F121/><W3/><G125/><T9/><D133/><U124/><E124/><V112/><F97/><W45/><G129/><T76/><D103/><U110/><E122/><V19/><F105/><W65/><REACH who="3" step="1"/><G3/><REACH who="3" ten="139,147,402,302" step="2"/><T90/><D2/><U15/><E110/><V42/><F42/><W134/><G134/><T107/><D107/><U106/><E106/><V22/><F67/><W73/><G73/><T80/><D6/><AGARI ba="0,1" hai="6,11,13,24,29,32,45,47,62,65,68,93,99,102" machi="6" ten="30,3900,0" yaku="1,1,7,1,53,1" doraHai="50" doraHaiUra="98" who="3" fromWho="0" sc="139,-39,147,0,402,0,302,49" /><INIT seed="7,0,0,3,4,12" ten="100,147,402,351" oya="3" hai0="0,4,103,77,68,105,19,63,113,51,72,56,33" hai1="66,75,86,116,31,54,64,80,52,99,81,22,126" hai2="92,48,29,102,6,2,20,7,91,27,89,101,112" hai3="14,38,114,58,135,109,13,28,76,98,24,88,21"/><W37/><G114/><T61/><D113/><U1/><E1/><V111/><F112/><W32/><G135/><T65/><D33/><U49/><E75/><V67/><F2/><W83/><G109/><T118/><D118/><U44/><E116/><V96/><F111/><W84/><G58/><T30/><D30/><U70/><E70/><V42/><F67/><N who="1" m="25641" /><E126/><V121/><F121/><W110/><G110/><T55/><D63/><U40/><E99/><V41/><F91/><W104/><G104/><T128/><D128/><U106/><E106/><V15/><F15/><W47/><G47/><T87/><D72/><U94/><E94/><V45/><F42/><W123/><G123/><T78/><D87/><U85/><E85/><V132/><F132/><W124/><G124/><T46/><D68/><U90/><E81/><V62/><F62/><W108/><G108/><T129/><D129/><U8/><E8/><V117/><F117/><W130/><G130/><T119/><D119/><U53/><E40/><V5/><AGARI ba="0,0" hai="5,6,7,20,27,29,41,45,48,89,92,96,101,102" machi="5" ten="30,2000,0" yaku="0,1,8,1" doraHai="12" who="2" fromWho="2" sc="100,-5,147,-5,402,20,351,-10" owari="95,-40.0,142,-26.0,422,52.0,341,14.0" /></mjloggm>