<mjloggm ver="2.3"><GO type="169"/><UN n0="%EF%BC%88%E2%89%A7%E2%96%BD%E2%89%A6%EF%BC%89" n1="%E3%81%B9%E3%81%A3%E3%81%93%E3%83%BC%E2%99%AA" n2="%E5%BC%8F%E8%A6%8B%E8%9B%8D" n3="%E3%81%B5%E3%81%8A%E3%82%93" dan="18,17,17,16" rate="2235,2193,2076,2052" sx="M,F,M,M"/><TAIKYOKU oya="0"/><INIT seed="0,0,0,2,2,64" ten="250,250,250,250" oya="0" hai0="77,81,43,1,128,15,46,85,14,87,33,34,91" hai1="76,44,24,30,49,17,9,125,101,58,39,119,66" hai2="95,50,53,86,82,52,103,107,56,83,78,72,122" hai3="131,106,67,61,62,3,126,130,90,117,121,104,48"/><T35/><D1/><U37/><E119/><V54/><F122/><W26/><G117/><T115/><D128/><U96/><E76/><V92/><F107/><W20/><G3/><T63/><D63/><U98/><E125/><V23/><F23/><W51/><G126/><T102/><D102/><U80/><E80/><V57/><F103/><W109/><G90/><T25/><D25/><U110/><E96/><V68/><F68/><N who="3" m="42095" /><G62/><T111/><D111/><U13/><E66/><V55/><REACH who="2" step="1"/><F56/><REACH who="2" ten="250,250,240,250" step="2"/><W71/><G121/><T59/><D59/><U12/><E58/><V11/><F11/><W60/><G71/><T36/><REACH who="0" step="1"/><D115/><REACH who="0" ten="240,250,240,250" step="2"/><U84/><E101/><V45/><F45/><W38/><G131/><T100/><D100/><U118/><E44/><V88/><AGARI ba="0,2" hai="50,52,53,54,55,57,72,78,82,83,86,88,92,95" machi="88" ten="30,7900,0" yaku="1,1,0,1,54,2,53,0" doraHai="64" doraHaiUra="112" who="2" fromWho="2" sc="240,-39,250,-20,240,99,250,-20" /><INIT seed="1,0,0,2,5,57" ten="201,230,339,230" oya="1" hai0="40,14,89,126,120,99,26,83,70,92,68,52,108" hai1="73,74,34,53,10,119,50,88,45,100,75,71,48" hai2="109,39,12,123,111,102,38,23,19,84,65,43,85" hai3="2,98,17,94,61,31,129,69,13,112,9,46,116"/><U20/><E34/><V110/><F123/><W41/><G112/><T128/><D120/><U7/><E71/><V42/><F102/><W44/><G129/><T33/><D128/><U59/><E119/><V25/><F65/><W103/><G116/><T107/><D126/><U6/><E100/><V60/><F60/><W49/><G2/><T58/><D107/><U18/><E10/><N who="2" m="6551" /><F43/><W124/><G124/><T76/><D40/><U47/><E47/><N who="2" m="24023" /><F39/><W90/><G46/><T51/><D108/><U87/><E48/><V113/><F113/><W125/><G125/><T131/><D131/><U30/><E45/><V4/><F4/><W86/><G31/><AGARI ba="0,0" hai="23,25,31,84,85,109,110,111" m="24023,6551" machi="31" ten="30,1000,0" yaku="14,1" doraHai="57" who="2" fromWho="3" sc="201,0,230,0,339,10,230,-10" /><INIT seed="2,0,0,0,5,0" ten="201,230,349,220" oya="2" hai0="32,46,118,25,56,44,13,59,93,37,60,75,53" hai1="97,2,9,107,110,31,17,8,125,21,30,64,41" hai2="98,99,85,124,66,26,71,54,6,95,109,130,128" hai3="22,126,16,88,123,20,69,43,115,135,65,35,127"/><V90/><F124/><N who="3" m="47659" /><G35/><T18/><D118/><U33/><E125/><V24/><F109/><W7/><G123/><T122/><D122/><U70/><E110/><V108/><F108/><W74/><G74/><T117/><D75/><U76/><E76/><V72/><F72/><W113/><G135/><T29/><D117/><U103/><E41/><V49/><F71/><W89/><G43/><T102/><D37/><U34/><E31/><V23/><F66/><W62/><G7/><T77/><D77/><U47/><E47/><V116/><F116/><W40/><G40/><T114/><D114/><N who="3" m="43529" /><G22/><T15/><D15/><AGARI ba="0,0" hai="15,16,20,62,65,69,88,89" m="43529,47659" machi="15" ten="30,7700,0" yaku="18,1,11,1,54,2" doraHai="0" who="3" fromWho="0" sc="201,-77,230,0,349,0,220,77" /><INIT seed="3,0,0,5,0,85" ten="124,230,349,297" oya="3" hai0="91,60,4,126,12,35,15,79,28,95,31,70,82" hai1="69,48,5,21,53,78,2,22,123,57,26,42,62" hai2="64,102,37,3,125,65,130,36,121,116,46,23,114" hai3="90,73,128,1,120,88,87,124,132,51,67,9,80"/><W55/><G120/><T30/><D126/><U76/><E123/><V75/><F121/><W43/><G73/><T56/><D70/><U58/><E69/><V49/><F75/><W77/><G124/><T44/><D44/><U93/><E22/><V47/><F125/><W131/><G67/><T38/><D38/><U14/><E2/><V66/><F3/><W89/><G43/><T18/><D35/><U104/><E104/><V68/><F68/><W106/><G106/><T61/><D4/><U25/><E25/><V100/><F114/><W98/><G132/><T134/><D134/><U84/><E5/><V13/><F116/><W122/><G122/><T59/><D59/><U6/><E6/><V45/><F130/><N who="3" m="49707" /><G9/><T83/><D79/><U17/><E26/><V29/><F37/><W111/><G1/><T113/><D113/><U54/><E42/><V117/><F36/><W11/><G11/><N who="0" m="6431" /><D15/><U110/><E110/><V115/><F117/><W50/><G111/><T92/><D92/><U94/><E94/><V81/><F115/><W108/><G108/><T33/><D33/><U107/><E107/><V10/><F10/><W71/><G71/><T96/><D61/><U0/><E0/><V24/><F13/><W101/><G55/><AGARI ba="0,0" hai="28,30,31,55,56,60,82,83,91,95,96" m="6431" machi="55" ten="30,2000,0" yaku="8,1,52,1" doraHai="85" who="0" fromWho="3" sc="124,20,230,0,349,0,297,-20" /><INIT seed="4,0,0,0,2,92" ten="144,230,349,277" oya="0" hai0="106,41,49,74,135,133,71,31,80,114,86,124,73" hai1="91,35,67,24,79,11,23,89,84,119,20,55,21" hai2="51,116,40,16,82,127,5,120,77,6,57,104,2" hai3="105,66,134,1,30,129,42,76,59,93,102,117,115"/><T62/><D106/><U34/><E119/><V122/><F104/><W118/><G105/><T95/><D114/><U108/><E108/><V53/><F116/><W39/><G1/><T8/><D31/><U13/><E67/><V3/><F3/><W26/><G129/><T65/><D124/><U85/><E79/><V0/><F0/><W37/><G76/><T81/><D8/><U29/><E55/><V18/><F127/><W63/><G134/><N who="0" m="51211" /><D95/><U43/><E43/><V45/><F120/><W123/><G93/><T33/><D33/><N who="1" m="20647" /><E85/><V110/><F122/><W111/><G115/><T60/><D60/><U75/><E89/><V128/><F128/><W9/><G63/><T94/><D94/><U131/><E91/><V132/><F132/><W25/><G111/><T109/><D109/><U44/><E84/><V12/><F110/><W72/><G30/><T125/><D125/><U64/><E75/><N who="0" m="28681" /><D86/><U61/><E131/><V107/><F107/><W88/><G72/><T10/><D10/><U101/><E61/><V54/><F6/><W130/><G130/><T83/><D41/><U46/><E64/><V58/><F40/><W50/><G42/><T97/><D49/><U38/><E35/><V27/><F51/><W121/><G50/><T103/><D103/><U7/><E101/><V78/><F53/><W70/><G102/><T56/><D71/><U48/><E34/><V17/><F54/><W32/><G70/><T22/><D22/><U112/><E112/><V19/><N who="2" m="4096" /><DORA hai="36" /><V98/><F27/><W90/><G118/><T100/><D100/><U113/><E113/><RYUUKYOKU ba="0,0" sc="144,30,230,-10,349,-10,277,-10" hai0="56,62,65,80,81,83,97" /><INIT seed="4,1,0,4,5,91" ten="174,220,339,267" oya="0" hai0="79,21,19,97,42,57,125,46,52,44,117,8,105" hai1="41,101,121,110,5,39,16,128,103,6,73,82,66" hai2="13,83,53,87,98,84,113,55,1,94,10,102,58" hai3="111,100,116,112,72,11,114,132,118,31,2,85,65"/><T134/><D117/><U127/><E121/><V80/><F1/><W33/><G72/><T109/><D134/><U61/><E110/><V51/><F113/><N who="3" m="43627" /><G100/><T54/><D109/><U88/><E127/><V135/><F135/><W63/><G85/><N who="2" m="32841" /><F55/><W25/><G111/><T47/><D125/><U76/><E128/><V23/><F23/><W22/><G132/><T32/><D32/><U130/><E130/><V74/><F74/><W90/><G90/><T29/><D79/><U99/><E41/><V60/><F60/><W107/><G107/><T20/><D42/><U75/><E39/><V3/><F3/><W131/><G131/><T124/><D124/><U30/><E75/><V26/><F26/><W106/><G106/><T104/><D104/><U37/><E101/><V62/><F62/><W35/><G22/><N who="0" m="8811" /><D29/><U48/><E30/><V89/><F102/><W123/><G35/><T43/><D43/><U12/><E103/><V17/><AGARI ba="1,0" hai="10,13,17,51,53,58,80,83,89,94,98" m="32841" machi="17" ten="30,2000,0" yaku="8,1,52,1" doraHai="91" who="2" fromWho="2" sc="174,-11,220,-6,339,23,267,-6" /><INIT seed="5,0,0,4,0,11" ten="163,214,362,261" oya="1" hai0="33,108,94,60,26,14,96,95,61,44,6,124,90" hai1="132,105,106,130,85,19,1,46,28,62,48,80,82" hai2="32,18,67,56,37,102,52,99,121,15,73,17,36" hai3="128,53,47,115,81,122,7,0,30,133,16,21,131"/><U2/><E132/><V12/><F73/><W54/><G122/><T92/><D108/><U71/><E130/><V120/><F32/><W114/><G30/><T76/><D124/><U4/><E28/><V24/><F67/><W65/><G65/><T38/><D33/><U78/><E71/><V83/><F24/><N who="3" m="14375" /><G133/><T118/><D118/><U66/><E66/><V51/><F83/><W129/><G81/><T123/><D123/><U40/><E62/><V25/><F25/><W42/><G7/><T5/><D26/><U20/><E82/><V117/><F117/><W29/><G29/><T13/><D76/><U91/><E78/><V74/><F74/><W39/><G0/><T103/><D44/><U58/><E58/><V27/><F27/><W63/><G63/><N who="0" m="24139" /><D38/><U69/><E69/><V111/><F111/><W10/><G10/><N who="0" m="4303" /><D103/><U125/><E125/><V93/><F37/><W35/><G35/><T135/><D135/><U34/><E34/><V101/><F36/><W22/><G47/><T112/><D112/><U9/><REACH who="1" step="1"/><E1/><REACH who="1" ten="163,204,362,261" step="2"/><V57/><F120/><W41/><G131/><T43/><D43/><U126/><E126/><V134/><F121/><W104/><G129/><T68/><D68/><U113/><E113/><V77/><F134/><W31/><G115/><T49/><D49/><U45/><E45/><V72/><F51/><W110/><G128/><T3/><D3/><U89/><E89/><V88/><F88/><W86/><G114/><T8/><AGARI ba="0,1" hai="6,8,14,90,92,94,95,96" m="4303,24139" machi="8" ten="30,4000,0" yaku="8,1,52,2" doraHai="11" who="0" fromWho="0" sc="163,50,204,-20,362,-10,261,-10" /><INIT seed="6,0,0,2,5,81" ten="213,184,352,251" oya="2" hai0="63,75,35,109,88,17,123,10,76,102,5,8,83" hai1="29,12,23,71,22,31,67,120,77,50,130,100,134" hai2="13,57,3,127,30,53,55,64,82,114,91,14,99" hai3="45,37,128,33,87,20,94,111,6,95,107,101,79"/><V84/><F3/><W90/><G33/><T51/><D35/><U96/><E120/><V19/><F114/><W70/><G111/><T73/><D109/><U103/><E130/><V15/><F127/><W27/><G107/><T41/><D102/><U113/><E113/><V62/><F30/><W131/><G79/><T21/><D75/><U69/><E134/><V4/><F4/><W52/><G70/><T125/><D123/><U9/><E67/><V26/><F99/><W121/><G6/><T61/><D125/><U58/><E96/><V60/><F62/><W129/><G121/><T7/><D7/><U44/><E58/><V56/><F57/><W117/><G117/><T78/><D78/><U11/><E44/><V115/><F115/><W46/><G37/><T124/><D124/><U108/><E12/><N who="2" m="4715" /><F26/><W40/><G40/><T18/><D5/><U54/><E77/><V104/><F104/><W16/><G52/><T85/><D76/><U47/><E47/><N who="3" m="17930" /><G101/><T119/><D119/><U135/><E54/><V133/><F133/><W72/><G72/><T42/><D73/><U98/><E135/><V126/><F126/><W122/><G122/><T66/><D66/><U24/><E98/><V105/><F105/><W89/><G131/><T68/><D68/><U110/><REACH who="1" step="1"/><E24/><REACH who="1" ten="213,174,352,251" step="2"/><V0/><F55/><W59/><G59/><T86/><D41/><U65/><E65/><V74/><F53/><W34/><G129/><T118/><D42/><U93/><E93/><V112/><F64/><W43/><G43/><T92/><D92/><U25/><E25/><V97/><F112/><RYUUKYOKU ba="0,1" sc="213,-10,174,30,352,-10,251,-10" hai1="9,11,22,23,29,31,50,69,71,100,103,108,110" /><INIT seed="7,1,1,0,0,21" ten="203,204,342,241" oya="3" hai0="44,56,54,127,123,15,48,79,58,124,41,35,24" hai1="125,75,39,34,84,52,17,29,61,119,70,128,82" hai2="73,60,43,40,117,78,121,132,97,111,57,45,96" hai3="55,67,19,95,134,25,126,103,36,30,92,86,53"/><W133/><G36/><T100/><D123/><U42/><E75/><V88/><F111/><W66/><G19/><T122/><D122/><U14/><E119/><V107/><F121/><W13/><G13/><T47/><D79/><U116/><E116/><V7/><F117/><W0/><G0/><T38/><D100/><U94/><E34/><V118/><F118/><W65/><G126/><N who="0" m="48171" /><D15/><U115/><E125/><V31/><F107/><W101/><G86/><T110/><D110/><U89/><E115/><V16/><F78/><W74/><G74/><T20/><D35/><U4/><E128/><V27/><F96/><W8/><G8/><T80/><D80/><U22/><E39/><V63/><F97/><W90/><G103/><T50/><D38/><U87/><E42/><V3/><F43/><W46/><G46/><T85/><D85/><U135/><E135/><N who="3" m="51722" /><G101/><T32/><D32/><U33/><E33/><V114/><F45/><W81/><G81/><T6/><D6/><U130/><E130/><V93/><F7/><W18/><G30/><AGARI ba="1,1" hai="20,24,30,41,44,47,48,50,54,56,58" m="48171" machi="30" ten="30,2000,0" yaku="18,1,52,1" doraHai="21" who="0" fromWho="3" sc="203,33,204,0,342,0,241,-23" owari="236,4.0,204,-30.0,342,44.0,218,-18.0" /></mjloggm>