<mjloggm ver="2.3"><GO type="41"/><UN n0="%E6%B6%85%E7%9C%A0" n1="%EF%BC%88%E2%89%A7%E2%96%BD%E2%89%A6%EF%BC%89" n2="%70%61%72%75%6F%31%31" n3="%E3%81%AB%E3%81%8F%E5%90%9B" dan="15,15,15,14" rate="1916,2069,1974,1959" sx="M,M,M,M"/><TAIKYOKU oya="0"/><INIT seed="0,0,0,0,5,94" ten="250,250,250,250" oya="0" hai0="96,26,91,92,65,32,103,123,40,83,18,99,86" hai1="101,128,55,62,120,89,27,124,115,78,75,129,5" hai2="119,127,1,130,97,28,37,105,50,125,102,76,14" hai3="106,35,33,81,47,80,109,48,45,42,54,9,121"/><T95/><D65/><U39/><E120/><V108/><F37/><W52/><G121/><T135/><D135/><U82/><E39/><V56/><F1/><W84/><G106/><T73/><D73/><U111/><E5/><V90/><F108/><W24/><G109/><T23/><D123/><U100/><E111/><V22/><F76/><W57/><G33/><T20/><D40/><U2/><E2/><V131/><F90/><N who="3" m="51463" /><G35/><T6/><D32/><U7/><E7/><V4/><F28/><W134/><G134/><T3/><D3/><U46/><E115/><V29/><F29/><W113/><G113/><T0/><D0/><U67/><E124/><N who="2" m="47691" /><F119/><W49/><G9/><T77/><D23/><U15/><E75/><V88/><F88/><W69/><G69/><T30/><D6/><U17/><E89/><V31/><F31/><AGARI ba="0,0" hai="18,20,26,30,31,77,83,86,91,92,95,96,99,103" machi="31" ten="40,7700,0" yaku="8,1,52,2" doraHai="94" who="0" fromWho="2" sc="250,77,250,0,250,-77,250,0" /><INIT seed="0,1,0,5,4,51" ten="327,250,173,250" oya="0" hai0="98,56,106,85,83,12,134,100,45,79,87,82,74" hai1="62,61,95,2,121,126,16,88,40,124,128,55,127" hai2="32,113,114,110,93,42,125,39,19,103,92,63,66" hai3="129,23,69,1,24,86,20,34,10,132,77,11,30"/><T31/><D31/><U36/><E121/><V64/><F32/><W0/><G69/><T53/><D134/><U41/><E128/><V89/><F39/><W118/><G118/><T123/><D123/><U68/><E2/><N who="3" m="1130" /><G77/><T26/><D12/><U17/><E68/><V50/><F110/><W67/><G67/><T71/><D71/><U97/><E36/><V80/><F125/><W52/><G86/><T27/><D45/><U21/><E17/><V29/><F114/><W22/><G132/><T6/><D6/><U8/><E8/><N who="3" m="3114" /><G52/><T72/><D72/><U101/><E101/><V131/><F131/><AGARI ba="1,0" hai="20,22,23,24,30,34,129,131" m="3114,1130" machi="131" ten="40,2600,0" yaku="34,2" doraHai="51" who="3" fromWho="2" sc="327,0,250,0,173,-29,250,29" /><INIT seed="1,0,0,2,3,104" ten="327,250,144,279" oya="1" hai0="9,80,34,48,134,105,97,41,101,82,110,114,99" hai1="46,133,1,39,106,47,28,6,126,87,129,113,40" hai2="108,43,32,103,65,74,124,66,125,102,51,95,53" hai3="26,118,0,135,94,112,49,50,78,128,5,56,93"/><U119/><E119/><V88/><F32/><W76/><G118/><T83/><D110/><U109/><E113/><V58/><F108/><W8/><G112/><T18/><D34/><U20/><E106/><V61/><F43/><W121/><G121/><T24/><D114/><U84/><E109/><V35/><F35/><W131/><G135/><T70/><D99/><U19/><E133/><V91/><F74/><W60/><G26/><T13/><D70/><U79/><E129/><N who="3" m="49738" /><G93/><T123/><D134/><U132/><E132/><V62/><F62/><W36/><G36/><T96/><D96/><U72/><E126/><N who="2" m="48747" /><F65/><N who="3" m="39047" /><G94/><T45/><D24/><N who="1" m="14367" /><E47/><N who="2" m="27903" /><F91/><W92/><G92/><T2/><D2/><U17/><E28/><V57/><F57/><W117/><G117/><T29/><D29/><U71/><E71/><V55/><F55/><W52/><G50/><T89/><D123/><U27/><E27/><V69/><F69/><W77/><G77/><T59/><D59/><AGARI ba="0,0" hai="0,5,8,49,52,59,76,78" m="39047,49738" machi="59" ten="30,2000,0" yaku="19,1,54,1" doraHai="104" who="3" fromWho="0" sc="327,-20,250,0,144,0,279,20" /><INIT seed="2,0,0,5,1,8" ten="307,250,144,299" oya="2" hai0="78,14,99,122,75,19,131,127,32,6,38,69,67" hai1="115,114,10,92,2,87,128,117,46,96,22,121,53" hai2="77,64,118,20,13,70,48,37,16,52,35,27,18" hai3="23,45,0,81,129,88,28,119,133,126,105,132,116"/><V47/><F118/><N who="3" m="45099" /><G45/><T50/><D122/><U12/><E121/><V83/><F37/><W130/><G105/><T29/><D6/><U112/><E117/><V68/><F64/><W79/><G0/><T113/><D113/><U102/><E128/><N who="3" m="49258" /><G28/><T71/><D131/><U107/><E2/><V106/><F106/><W66/><G66/><T123/><D123/><U125/><E125/><V86/><F35/><W21/><G126/><T58/><D32/><U31/><E107/><V73/><F73/><N who="3" m="43247" /><G88/><T3/><D29/><U85/><E31/><V42/><F42/><W49/><G49/><T72/><D3/><U60/><E46/><V17/><F17/><W61/><G61/><T40/><D38/><U7/><REACH who="1" step="1"/><E22/><AGARI ba="0,0" hai="13,16,18,20,22,27,47,48,52,68,70,77,83,86" machi="22" ten="30,11600,0" yaku="7,1,52,1,54,2" doraHai="8" who="2" fromWho="1" sc="307,0,250,-116,144,116,299,0" /><AGARI ba="0,0" hai="21,22,23,132,133" m="43247,49258,45099" machi="22" ten="40,1300,0" yaku="19,1" doraHai="8" who="3" fromWho="1" sc="307,0,134,-13,260,0,299,13" /><INIT seed="2,1,0,4,1,54" ten="307,121,260,312" oya="2" hai0="116,66,58,104,60,6,52,3,0,69,135,50,90" hai1="32,64,98,31,99,63,45,65,7,67,126,18,57" hai2="8,20,2,91,30,84,86,56,9,108,29,14,134" hai3="19,111,39,85,114,5,94,35,77,62,28,24,118"/><V129/><F2/><W75/><G118/><T49/><D104/><U72/><E126/><V34/><F34/><W120/><G120/><T21/><D6/><U42/><E72/><V48/><F129/><W74/><G39/><T79/><D79/><U73/><E73/><V89/><F134/><W33/><G114/><T122/><D122/><U13/><E7/><V23/><F108/><W105/><G105/><T22/><D135/><U16/><E31/><V123/><F14/><W26/><G111/><T87/><D50/><N who="1" m="26935" /><E32/><V12/><F12/><W17/><G5/><T88/><D116/><U37/><E37/><V92/><F123/><W119/><G119/><T40/><D90/><U71/><E71/><V124/><F124/><W112/><G112/><T46/><D3/><U133/><E133/><V51/><REACH who="2" step="1"/><F92/><REACH who="2" step="2"/><W44/><G94/><T95/><D0/><U132/><E132/><V93/><F93/><W41/><G33/><T70/><D70/><U82/><E82/><V121/><F121/><W53/><G35/><T27/><D27/><U115/><E115/><V117/><F117/><W97/><G26/><T81/><D81/><U107/><E107/><V61/><F61/><W59/><G24/><T55/><D69/><U10/><E18/><V125/><F125/><W109/><G19/><T102/><D102/><U127/><E127/><V78/><F78/><W113/><G17/><T101/><D101/><U83/><E83/><V47/><F47/><W15/><G113/><T96/><D96/><AGARI ba="1,1" hai="10,13,16,57,63,64,65,67,96,98,99" m="26935" machi="96" ten="30,3900,0" yaku="8,1,52,1,54,1" doraHai="54" who="1" fromWho="0" sc="307,-42,121,52,250,0,312,0" /><INIT seed="3,0,0,1,1,2" ten="265,173,250,312" oya="3" hai0="6,91,69,9,96,119,66,98,116,13,135,65,76" hai1="22,86,33,130,24,20,80,63,85,14,62,128,117" hai2="12,3,133,39,68,59,132,58,47,101,25,37,89" hai3="52,7,92,51,55,31,84,27,93,125,53,120,104"/><W72/><G120/><T77/><D91/><U118/><E33/><V115/><F3/><W83/><G104/><T18/><D69/><U113/><E14/><V112/><F101/><W108/><G72/><T105/><D105/><U73/><E73/><V21/><F89/><N who="3" m="51359" /><G125/><T38/><D38/><N who="2" m="14346" /><F12/><W94/><G108/><T40/><D40/><U48/><E48/><V99/><F99/><W42/><G31/><T90/><D90/><U57/><E113/><V124/><F21/><N who="1" m="8297" /><E24/><V87/><F25/><W19/><G7/><T122/><D122/><U23/><N who="1" m="8305" /><U81/><DORA hai="32" /><E57/><V50/><F124/><W110/><G110/><T126/><D126/><U129/><E81/><V17/><F68/><W127/><G27/><T56/><D13/><U109/><E109/><V44/><F17/><W36/><G36/><T60/><D18/><U100/><E100/><V0/><F0/><W75/><G75/><T78/><D119/><N who="1" m="45579" /><E80/><V74/><F115/><W131/><G127/><T5/><D116/><U26/><E26/><V107/><F74/><W49/><G19/><T46/><D46/><U1/><E1/><V106/><F112/><W8/><G8/><T43/><D9/><U15/><E15/><V35/><F35/><W95/><G95/><T111/><D111/><U70/><E70/><V103/><F107/><W45/><G131/><N who="1" m="33538" /><U82/><DORA hai="121" /><E82/><V123/><F44/><W54/><G94/><T64/><D56/><AGARI ba="0,0" hai="42,45,49,51,52,53,54,55,56,92,93" m="51359" machi="56" ten="30,2900,0" yaku="8,1,54,1" doraHai="2,32,121" who="3" fromWho="0" sc="265,-29,173,0,250,0,312,29" /><INIT seed="3,1,0,5,0,6" ten="236,173,250,341" oya="3" hai0="34,86,61,25,35,75,65,128,87,118,58,70,98" hai1="53,122,54,55,92,10,112,0,89,129,96,124,2" hai2="132,94,117,131,30,60,9,14,8,50,63,23,71" hai3="32,24,133,91,20,120,115,108,121,40,101,82,126"/><W29/><G115/><T46/><D118/><U84/><E112/><V42/><F117/><W110/><G133/><T44/><D75/><U15/><E122/><V51/><F71/><W95/><G126/><T27/><D128/><U1/><E129/><V11/><F131/><W105/><G40/><T59/><D70/><U72/><E124/><V39/><F39/><W83/><G105/><T85/><D98/><U103/><E72/><V62/><F132/><W104/><G104/><T19/><D19/><U67/><E67/><V16/><F42/><W127/><G101/><T79/><D79/><U93/><REACH who="1" step="1"/><E15/><REACH who="1" step="2"/><V113/><F113/><W49/><G127/><T21/><D65/><U41/><E41/><V64/><F64/><W109/><G121/><T57/><D61/><U76/><E76/><V38/><F62/><W90/><G120/><T81/><D81/><U97/><E97/><V78/><F63/><W123/><G123/><T48/><D48/><U135/><E135/><V116/><F60/><W5/><G49/><T99/><D99/><U74/><E74/><V18/><F51/><W106/><G110/><T26/><D21/><U45/><E45/><AGARI ba="1,1" hai="25,26,27,34,35,44,45,46,57,58,59,85,86,87" machi="45" ten="50,8000,1" yaku="29,2,28,2" doraHai="6" who="0" fromWho="1" sc="236,93,163,-83,250,0,341,0" /><INIT seed="4,0,0,5,5,129" ten="329,80,250,341" oya="0" hai0="35,64,90,53,23,106,20,26,93,18,71,116,57" hai1="45,76,32,89,6,10,62,119,13,113,60,115,68" hai2="63,123,80,40,15,0,110,1,56,111,39,133,97" hai3="66,91,48,103,4,70,47,95,19,128,2,121,12"/><T11/><D106/><U99/><E119/><V73/><F123/><W5/><G121/><T135/><D35/><U22/><E32/><V87/><F73/><W24/><G103/><T46/><D64/><U112/><E76/><V101/><F39/><W100/><G100/><T114/><D71/><U43/><E68/><V58/><F40/><W42/><G2/><T7/><D23/><U124/><E124/><V131/><F15/><W78/><G78/><T3/><D116/><U122/><E122/><V86/><F131/><W77/><G77/><T108/><D108/><U83/><E22/><V25/><F25/><W49/><G70/><T41/><D114/><U107/><E107/><V75/><F75/><W102/><G66/><T130/><D130/><U84/><REACH who="1" step="1"/><E99/><REACH who="1" step="2"/><V54/><F97/><W126/><G126/><T8/><D20/><U72/><E72/><V52/><F111/><W109/><G109/><T118/><D118/><U79/><E79/><V134/><F110/><W17/><G128/><T44/><D11/><U31/><E31/><V65/><F87/><N who="3" m="52735" /><G102/><T14/><D8/><U96/><E96/><V9/><F101/><W59/><G4/><T132/><D7/><U51/><AGARI ba="0,1" hai="6,10,13,43,45,51,60,62,83,84,89,112,113,115" machi="51" ten="30,8000,1" yaku="1,1,0,1,15,1,11,1,53,1" doraHai="129" doraHaiUra="37" who="1" fromWho="1" sc="329,-40,70,90,250,-20,341,-20" /><INIT seed="5,0,0,2,3,94" ten="289,160,230,321" oya="1" hai0="78,102,60,62,11,65,96,103,5,16,111,87,18" hai1="105,83,70,20,57,51,89,104,63,47,107,39,22" hai2="108,19,101,92,119,135,95,40,132,130,31,4,33" hai3="43,86,8,58,64,49,23,110,91,41,59,75,77"/><U112/><E112/><V76/><F108/><W100/><G110/><T128/><D103/><U7/><E39/><V46/><F119/><W115/><G115/><T66/><D111/><U79/><E70/><V134/><F4/><W122/><G122/><T52/><D78/><U2/><E89/><V71/><F130/><W109/><G109/><T127/><D87/><U68/><E68/><V15/><F71/><W84/><G75/><T72/><D72/><U34/><E34/><V121/><F121/><W55/><G100/><T85/><D85/><U48/><E7/><V98/><F76/><W13/><G23/><T116/><D116/><U38/><E2/><V17/><F95/><N who="3" m="54759" /><G86/><T133/><D128/><U106/><N who="1" m="26624" /><DORA hai="125" /><U118/><E38/><N who="2" m="21783" /><F15/><W113/><G77/><T24/><D127/><U29/><E118/><V82/><F82/><W50/><G113/><T123/><D123/><U69/><E69/><V129/><F129/><W9/><G8/><T21/><D5/><U3/><E3/><V80/><F80/><W44/><G64/><T14/><D60/><U81/><E29/><V54/><F54/><N who="3" m="32087" /><G59/><N who="0" m="35175" /><D66/><N who="1" m="39279" /><E79/><V90/><F101/><W73/><G73/><T131/><D65/><U88/><E88/><V25/><AGARI ba="0,0" hai="17,19,25,31,33,90,92,98,132,134,135" m="21783" machi="25" ten="40,2700,0" yaku="20,1,52,1" doraHai="94,125" who="2" fromWho="2" sc="289,-7,160,-13,230,27,321,-7" /><INIT seed="6,0,0,0,4,17" ten="282,147,257,314" oya="2" hai0="47,15,72,10,32,123,135,35,130,12,36,121,13" hai1="37,11,73,23,62,7,78,67,108,6,30,82,50" hai2="103,101,105,112,49,71,55,5,63,38,66,54,90" hai3="126,45,125,129,115,114,74,110,107,40,91,69,16"/><V64/><F38/><W61/><G107/><T116/><D135/><U24/><E108/><V46/><F105/><W106/><G110/><T56/><D72/><U29/><E37/><V57/><F112/><N who="3" m="43051" /><G106/><T84/><D116/><U80/><E50/><V25/><F5/><W86/><G74/><T22/><D56/><U131/><E131/><V18/><F90/><W95/><G129/><T28/><D47/><U9/><E30/><V97/><F71/><W48/><G16/><N who="0" m="8215" /><D36/><U42/><E42/><V88/><F103/><W59/><G69/><T128/><D84/><U77/><E6/><V43/><F101/><W8/><G8/><T122/><D130/><U89/><E89/><V133/><F133/><W134/><G134/><T98/><D98/><U21/><E21/><N who="2" m="13495" /><F43/><W117/><G117/><T119/><D119/><U41/><E41/><V93/><AGARI ba="0,0" hai="46,49,54,55,57,63,64,66,88,93,97" m="13495" machi="93" ten="30,11700,0" yaku="25,1,8,1,52,1,54,1" doraHai="17" who="2" fromWho="2" sc="282,-39,147,-39,257,117,314,-39" /><INIT seed="6,1,0,2,5,90" ten="243,108,374,275" oya="2" hai0="84,51,15,112,5,41,77,93,42,62,58,85,83" hai1="113,103,122,78,33,44,40,126,32,123,121,2,81" hai2="49,96,22,27,23,57,89,101,26,3,94,107,111" hai3="70,61,75,35,12,72,34,76,4,54,45,16,110"/><V119/><F119/><W124/><G110/><T106/><D112/><U134/><E113/><V24/><F3/><W114/><G114/><T8/><D106/><U118/><E118/><V65/><F111/><W7/><G124/><T117/><D117/><U28/><E126/><V17/><F23/><W46/><G35/><T80/><D51/><U130/><E130/><V38/><F38/><W11/><G34/><T0/><D0/><U13/><E134/><V99/><REACH who="2" step="1"/><F49/><REACH who="2" step="2"/><W86/><G11/><T52/><D93/><U115/><E2/><V98/><F98/><W59/><G61/><AGARI ba="1,1" hai="17,22,24,26,27,57,61,65,89,94,96,99,101,107" machi="61" ten="40,3900,0" yaku="1,1,52,1,53,0" doraHai="90" doraHaiUra="47" who="2" fromWho="3" sc="243,0,108,0,364,52,275,-42" /><INIT seed="6,2,0,5,3,47" ten="243,108,416,233" oya="2" hai0="117,32,103,39,28,128,49,73,132,64,2,24,69" hai1="120,60,17,106,108,65,87,85,52,123,83,57,86" hai2="11,37,12,72,129,118,27,41,21,25,6,127,42" hai3="134,82,48,91,59,122,81,38,50,125,115,43,4"/><V76/><F118/><W116/><G122/><T51/><D128/><U15/><E108/><V23/><F127/><W35/><G125/><T79/><D2/><U107/><E83/><V1/><F129/><W14/><G116/><T18/><D18/><U7/><E7/><V44/><F41/><W102/><G38/><T70/><D117/><U121/><REACH who="1" step="1"/><E65/><REACH who="1" step="2"/><V53/><F6/><W22/><G82/><T68/><D64/><U61/><E61/><V5/><F5/><W96/><G81/><T10/><D73/><U104/><E104/><V0/><F72/><W119/><G4/><T114/><D79/><U133/><E133/><V135/><F76/><W105/><G134/><T92/><D132/><U89/><E89/><V40/><F135/><W126/><G119/><T130/><D130/><U112/><E112/><V16/><F1/><W34/><G126/><T46/><D114/><U90/><E90/><V99/><F0/><W26/><G115/><T77/><D77/><U3/><E3/><V63/><F63/><W101/><G91/><T124/><D124/><U78/><E78/><V93/><F93/><W88/><G88/><T113/><D113/><U95/><E95/><V62/><F62/><W97/><G105/><T109/><D109/><U94/><E94/><V9/><F99/><W30/><G97/><T56/><D92/><U55/><E55/><V29/><F53/><N who="3" m="32183" /><G96/><T66/><D66/><U31/><E31/><N who="2" m="17903" /><F42/><W67/><G43/><T84/><D28/><U110/><E110/><V33/><F29/><W75/><G30/><T13/><D103/><U45/><E45/><RYUUKYOKU ba="2,1" sc="243,-15,98,15,416,15,233,-15" hai1="15,17,52,57,60,85,86,87,106,107,120,121,123" hai2="9,11,12,16,23,25,33,37,40,44" /><INIT seed="6,3,1,2,4,4" ten="228,113,431,218" oya="2" hai0="51,101,103,1,40,31,46,67,21,38,41,120,24" hai1="121,110,5,83,58,72,55,15,36,2,16,81,80" hai2="98,127,65,11,71,88,29,10,102,122,50,128,37" hai3="3,6,12,90,111,79,74,118,107,25,45,82,64"/><V123/><F37/><W85/><G85/><T73/><D38/><U115/><E110/><V63/><F127/><W47/><G47/><T114/><D73/><U106/><E106/><V59/><F128/><W93/><G93/><T53/><D114/><U131/><E131/><V124/><F124/><W34/><G34/><T9/><D67/><U17/><E115/><V117/><F117/><W133/><G133/><T97/><D120/><U105/><E105/><V68/><F29/><W13/><G13/><T109/><D103/><U125/><E125/><V44/><F71/><W20/><G20/><T70/><D70/><U126/><E126/><V77/><F68/><W35/><G35/><T62/><D62/><U104/><E104/><V43/><F77/><W84/><G84/><T113/><D109/><U49/><E121/><V56/><F56/><W23/><G23/><T7/><D113/><U39/><E72/><V129/><F129/><W92/><G92/><AGARI ba="3,1" hai="1,7,9,21,24,31,40,41,46,51,53,92,97,101" machi="92" ten="30,2000,0" yaku="7,1,52,1" doraHai="4" who="0" fromWho="3" sc="228,39,113,0,431,0,218,-29" /><INIT seed="7,0,0,1,0,100" ten="267,113,431,189" oya="3" hai0="112,79,124,87,69,118,81,43,93,89,63,33,40" hai1="83,14,111,60,45,88,25,28,134,127,58,44,94" hai2="55,0,50,107,106,130,51,53,84,129,82,132,27" hai3="23,91,9,125,121,131,92,122,16,21,97,116,2"/><W7/><G7/><T99/><D118/><U75/><E111/><V72/><F72/><W65/><G65/><T109/><D109/><U62/><E134/><V117/><F117/><W85/><G85/><T66/><D112/><U76/><E127/><V70/><F70/><W32/><G32/><T41/><D33/><U10/><E62/><V73/><F73/><W133/><G133/><T119/><D119/><U1/><E1/><V15/><F0/><W105/><G105/><T123/><D123/><U13/><E13/><V98/><F15/><W22/><G22/><T114/><D114/><U110/><E110/><V56/><F132/><W103/><G103/><T67/><D67/><U6/><E25/><V78/><F27/><W126/><G126/><T48/><D124/><U104/><E28/><V61/><F98/><W135/><G135/><T20/><D20/><U3/><E3/><V36/><F130/><W101/><G116/><T96/><D48/><U108/><E104/><V49/><F36/><W120/><G131/><T113/><D113/><U17/><E6/><V19/><F129/><W8/><G125/><T5/><D5/><U4/><E4/><V24/><F53/><W80/><G2/><T18/><D18/><U52/><REACH who="1" step="1"/><E108/><REACH who="1" step="2"/><V38/><F38/><W57/><G121/><T74/><AGARI ba="0,1" hai="40,41,43,63,66,69,74,79,81,87,89,93,96,99" machi="74" ten="30,1100,0" yaku="0,1" doraHai="100" who="0" fromWho="0" sc="267,21,103,-3,431,-3,189,-5" owari="288,9.0,100,-40.0,428,53.0,184,-22.0" /></mjloggm>