<mjloggm ver="2.3"><GO type="41"/><UN n0="%E5%91%B3%E3%81%AE%E7%B4%A0%E3%81%AE%E7%B4%A0" n1="%E3%83%9E%E3%83%84%E3%82%B6%E3%82%AD" n2="%EF%BC%88%E2%89%A7%E2%96%BD%E2%89%A6%EF%BC%89" n3="%53%61%69%76%61%76%61" dan="14,15,13,13" rate="1878,1959,2034,1829" sx="M,M,M,M"/><TAIKYOKU oya="0"/><INIT seed="0,0,0,3,5,112" ten="250,250,250,250" oya="0" hai0="34,0,18,77,9,54,48,134,130,74,114,106,19" hai1="52,91,16,131,27,119,61,35,78,14,29,135,5" hai2="120,76,132,103,101,93,125,63,65,87,117,36,81" hai3="28,66,55,53,68,38,26,51,22,12,126,122,79"/><T44/><D114/><U127/><E127/><V100/><F120/><W31/><G126/><T4/><D130/><U2/><E131/><V7/><F125/><W25/><G122/><T3/><D134/><U90/><E135/><V128/><F132/><W30/><G38/><T123/><D106/><U42/><E78/><V23/><F128/><W82/><G68/><T6/><D123/><U47/><E119/><V70/><F36/><W115/><G115/><T129/><D34/><U32/><E32/><V108/><F108/><W21/><G66/><T96/><D129/><U10/><E42/><V41/><F41/><W105/><G105/><T50/><D96/><U94/><E94/><V83/><F7/><W95/><G95/><T88/><D74/><U75/><E75/><V33/><F33/><W92/><G92/><T111/><D77/><U85/><E85/><V121/><F121/><W98/><G98/><T84/><D111/><U124/><E124/><V133/><F133/><W80/><G12/><T20/><D50/><N who="1" m="28767" /><E61/><V24/><F117/><W60/><G60/><T8/><REACH who="0" step="1"/><D20/><AGARI ba="0,0" hai="2,5,10,14,16,20,27,29,35,90,91" m="28767" machi="20" ten="30,3900,0" yaku="24,1,54,2" doraHai="112" who="1" fromWho="0" sc="250,-39,250,39,250,0,250,0" /><INIT seed="1,0,0,3,2,126" ten="211,289,250,250" oya="1" hai0="48,31,5,98,109,20,14,118,80,91,70,15,52" hai1="128,27,42,84,22,62,35,130,105,122,40,38,110" hai2="54,12,94,103,67,69,33,102,30,28,16,117,25" hai3="79,89,129,97,112,55,78,72,13,18,113,121,86"/><U90/><E122/><V99/><F117/><W43/><G121/><T37/><D118/><U26/><E105/><V8/><F30/><W71/><G71/><T57/><D70/><U68/><E35/><V53/><REACH who="2" step="1"/><F103/><REACH who="2" step="2"/><W24/><G113/><T120/><D120/><U9/><E110/><V19/><F19/><W10/><G112/><T107/><D109/><U0/><E38/><V108/><F108/><W125/><G125/><T29/><D31/><N who="1" m="17879" /><E27/><V133/><F133/><W60/><G24/><T58/><D29/><U46/><E0/><V49/><F49/><W83/><G60/><AGARI ba="0,1" hai="8,12,16,25,28,33,53,54,60,67,69,94,99,102" machi="60" ten="40,2600,0" yaku="1,1,54,1,53,0" doraHai="126" doraHaiUra="2" who="2" fromWho="3" sc="211,0,289,0,240,36,250,-26" /><INIT seed="2,0,0,4,3,95" ten="211,289,276,224" oya="2" hai0="47,129,133,79,42,18,55,135,48,94,64,116,60" hai1="103,21,15,41,108,58,130,65,88,127,120,49,51" hai2="44,43,75,132,8,52,34,82,1,9,59,102,112" hai3="24,36,83,81,14,26,111,90,117,109,85,77,101"/><V115/><F132/><W62/><G36/><T37/><D116/><U56/><E108/><V11/><F34/><W91/><G14/><T80/><D18/><N who="1" m="10463" /><E127/><V121/><F121/><W10/><G10/><T74/><D129/><U71/><E130/><V124/><F124/><W29/><G62/><T33/><D33/><U31/><E71/><V98/><F1/><W20/><G117/><T131/><D131/><U32/><E32/><V5/><F5/><W50/><G50/><N who="1" m="18954" /><E41/><V118/><F118/><W92/><G26/><T128/><D128/><U114/><E114/><V119/><F119/><W27/><G24/><T87/><D133/><U38/><E38/><V89/><F75/><W54/><G54/><T7/><D135/><U61/><E103/><V93/><F43/><W40/><G40/><T28/><D74/><U3/><E3/><V30/><F44/><W53/><G53/><T68/><D28/><U57/><E31/><V106/><F30/><W17/><G83/><T25/><D25/><U12/><E120/><V84/><REACH who="2" step="1"/><F106/><REACH who="2" step="2"/><W63/><G29/><T134/><D7/><U19/><E65/><V126/><F126/><W0/><G0/><T100/><D134/><U6/><E6/><V69/><F69/><W22/><G20/><T2/><D2/><U125/><E125/><V70/><F70/><W4/><G4/><T39/><D42/><U99/><E61/><AGARI ba="0,1" hai="8,9,11,52,59,61,82,84,89,93,98,102,112,115" machi="61" ten="40,7700,0" yaku="1,1,52,1,54,1,53,0" doraHai="95" doraHaiUra="123" who="2" fromWho="1" sc="211,0,289,-77,266,87,224,0" /><INIT seed="2,1,0,0,1,11" ten="211,212,353,224" oya="2" hai0="17,21,129,45,123,31,132,120,118,103,22,8,55" hai1="88,54,78,124,90,34,102,3,7,115,113,106,71" hai2="52,47,49,94,85,100,130,107,29,40,27,4,26" hai3="24,23,14,42,32,25,13,122,111,117,135,39,126"/><V38/><F130/><W125/><G39/><T41/><D129/><U67/><E124/><N who="3" m="47722" /><G42/><T133/><D118/><U99/><E78/><V101/><F4/><W19/><G117/><T97/><D55/><U82/><E34/><V134/><F134/><W1/><G135/><N who="0" m="51787" /><D8/><U86/><E90/><V96/><F29/><N who="3" m="19495" /><G111/><T57/><D57/><U76/><E54/><V35/><F35/><W65/><G65/><T37/><D31/><U44/><E44/><V87/><F87/><W95/><G95/><N who="0" m="58815" /><D22/><U33/><E33/><V128/><F128/><W75/><G75/><T80/><D80/><U98/><E98/><V68/><F68/><W59/><G59/><T50/><D37/><U104/><E104/><V77/><F101/><W73/><G73/><T116/><D116/><U64/><E76/><V48/><F38/><W69/><G69/><T83/><D83/><U112/><REACH who="1" step="1"/><E71/><REACH who="1" step="2"/><V109/><F107/><W61/><G61/><T2/><D2/><U30/><E30/><V92/><F77/><W9/><G122/><T5/><D123/><U74/><E74/><V63/><F63/><W43/><G43/><T93/><D120/><U56/><E56/><N who="2" m="32775" /><F109/><W15/><G1/><T84/><D45/><U18/><E18/><AGARI ba="1,1" hai="9,13,14,15,18,19,23,25" m="19495,47722" machi="18" ten="30,12000,2" yaku="18,1,34,2,52,3" doraHai="11" who="3" fromWho="1" sc="211,0,202,-123,353,0,224,133" /><INIT seed="3,0,0,0,3,112" ten="211,79,353,357" oya="3" hai0="29,12,125,108,104,72,71,121,126,98,36,59,129" hai1="19,96,107,132,5,51,88,32,65,38,119,97,30" hai2="90,94,79,127,99,63,69,133,95,106,105,114,37" hai3="76,34,27,87,31,47,21,66,43,39,42,110,115"/><W52/><G115/><T53/><D121/><U113/><E38/><V78/><F37/><W57/><G43/><T22/><D71/><U120/><E120/><V15/><F114/><W83/><G110/><T62/><D108/><U109/><E109/><V64/><F133/><W122/><G66/><T9/><D36/><U2/><E113/><V7/><F127/><W0/><G122/><T55/><D129/><U131/><E132/><V82/><F95/><W4/><G34/><T134/><D72/><U123/><E123/><V45/><F45/><W102/><G102/><T50/><D134/><U93/><E131/><V23/><F79/><W91/><G0/><T92/><D104/><U75/><E75/><V3/><F3/><W84/><G4/><T1/><D1/><U118/><E107/><V14/><F14/><W56/><REACH who="3" step="1"/><G52/><REACH who="3" step="2"/><T48/><D55/><U20/><E2/><V67/><F67/><W60/><G60/><T86/><D125/><U16/><E119/><V128/><F128/><W28/><G28/><T85/><D126/><U101/><E118/><V17/><REACH who="2" step="1"/><F7/><REACH who="2" step="2"/><W13/><G13/><T46/><D12/><U80/><E5/><V41/><F41/><W6/><G6/><T135/><D135/><U124/><E65/><V77/><F77/><W103/><G103/><T130/><D130/><U26/><E101/><V81/><F81/><AGARI ba="0,2" hai="21,27,31,39,42,47,56,57,76,81,83,84,87,91" machi="81" ten="30,2900,0" yaku="1,1,7,1,53,0" doraHai="112" doraHaiUra="89" who="3" fromWho="2" sc="211,0,79,0,343,-29,347,49" /><INIT seed="3,1,0,2,4,62" ten="211,79,314,396" oya="3" hai0="38,39,16,96,77,125,44,15,55,52,11,42,116" hai1="75,64,85,102,57,87,5,113,21,95,28,8,2" hai2="19,51,128,124,71,126,10,53,0,97,32,33,79" hai3="131,82,69,135,122,110,94,4,9,132,111,12,72"/><W17/><G72/><T56/><D116/><U23/><E75/><V129/><F79/><W89/><G82/><T93/><D125/><N who="2" m="48234" /><F97/><W67/><G122/><T104/><D104/><U47/><E47/><N who="2" m="27903" /><F71/><W98/><G131/><N who="2" m="50249" /><F0/><W114/><G114/><T78/><D39/><U63/><E113/><V119/><F119/><W26/><G26/><T60/><REACH who="0" step="1"/><D55/><REACH who="0" step="2"/><U76/><E76/><V61/><F61/><N who="3" m="40175" /><G4/><T31/><D31/><U36/><E36/><V68/><F68/><W81/><G81/><T25/><D25/><N who="1" m="16431" /><E23/><V6/><F6/><W103/><G103/><AGARI ba="1,1" hai="11,15,16,38,42,44,52,56,60,77,78,93,96,103" machi="103" ten="30,7700,0" yaku="1,1,7,1,54,2,53,0" doraHai="62" doraHaiUra="121" who="0" fromWho="3" sc="201,90,79,0,314,0,396,-80" /><INIT seed="4,0,0,1,4,62" ten="291,79,314,316" oya="0" hai0="105,132,29,50,109,44,134,59,66,119,14,86,16" hai1="68,17,108,60,64,133,118,49,25,24,38,75,98" hai2="124,135,95,122,128,97,78,0,45,99,57,114,35" hai3="112,130,125,111,113,117,127,91,79,84,52,4,13"/><T32/><D119/><U21/><E118/><V48/><F122/><W46/><G117/><T82/><D105/><U126/><E108/><V26/><F0/><W129/><G79/><T9/><D109/><U5/><E38/><V96/><F114/><N who="3" m="44139" /><G111/><T121/><D121/><U93/><E75/><V51/><F135/><W73/><G73/><T30/><D32/><U102/><E133/><N who="0" m="51305" /><D50/><U23/><E126/><N who="3" m="48138" /><G13/><T107/><D44/><U110/><E110/><V85/><F124/><W81/><G4/><T10/><D107/><U58/><E5/><V15/><F128/><N who="3" m="49259" /><G46/><T18/><D10/><U8/><E8/><V63/><F45/><W67/><G52/><T40/><D40/><U7/><E7/><V69/><F15/><W6/><G6/><T94/><D9/><U56/><REACH who="1" step="1"/><E49/><REACH who="1" step="2"/><V123/><F51/><W41/><G41/><T34/><D34/><U131/><E131/><V42/><F48/><W72/><G72/><T47/><D47/><U11/><E11/><V33/><F35/><W37/><G37/><T43/><D43/><U2/><E2/><V106/><F33/><W36/><G36/><T22/><D22/><U3/><E3/><V31/><F42/><W116/><G116/><T65/><D14/><U70/><E70/><V115/><F69/><W80/><G67/><T89/><D66/><U74/><E74/><V19/><F115/><W53/><G53/><T101/><D65/><U28/><AGARI ba="0,1" hai="17,21,23,24,25,28,56,58,60,64,68,93,98,102" machi="28" ten="20,8000,1" yaku="1,1,0,1,7,1,52,1,53,1" doraHai="62" doraHaiUra="12" who="1" fromWho="1" sc="291,-40,69,90,314,-20,316,-20" /><INIT seed="5,0,0,2,3,39" ten="251,159,294,296" oya="1" hai0="109,68,58,77,59,0,105,46,70,29,53,60,92" hai1="102,130,47,107,81,124,22,63,9,45,100,73,7" hai2="115,111,1,110,30,91,80,82,112,120,24,86,14" hai3="125,114,40,119,15,101,113,11,72,121,23,118,116"/><U19/><E124/><V84/><F1/><W123/><G72/><T108/><D105/><U69/><E130/><V16/><F120/><W57/><G101/><N who="1" m="39018" /><E69/><V65/><F65/><W103/><G103/><T18/><D0/><U78/><E107/><V42/><F42/><W52/><G125/><T26/><D18/><U85/><E73/><V93/><F24/><W5/><G23/><T106/><D106/><U51/><E63/><V61/><F30/><W129/><G40/><T117/><D117/><U67/><E67/><V34/><F61/><W12/><G129/><T6/><D6/><U89/><E78/><N who="2" m="46103" /><F34/><W17/><G57/><T62/><D77/><U13/><E51/><V21/><F82/><W56/><G52/><T4/><D4/><U79/><E79/><V134/><F134/><W88/><G88/><T31/><D92/><U127/><E127/><V25/><F25/><AGARI ba="0,0" hai="7,9,13,19,22,25,45,47,81,85,89" m="39018" machi="25" ten="30,1500,0" yaku="8,1" doraHai="39" who="1" fromWho="2" sc="251,0,159,15,294,-15,296,0" /><INIT seed="5,1,0,0,0,67" ten="251,174,279,296" oya="1" hai0="122,23,15,29,64,128,33,97,78,134,16,70,101" hai1="124,40,36,27,76,53,25,135,57,68,86,56,123" hai2="130,58,117,103,119,120,65,72,89,83,88,111,102" hai3="55,43,44,52,125,42,14,11,116,129,31,79,133"/><U105/><E105/><V109/><F65/><W71/><G125/><T4/><D134/><U48/><E123/><V80/><F58/><W93/><G133/><T87/><D128/><U106/><E106/><V74/><F130/><W73/><G129/><T35/><D122/><AGARI ba="1,0" hai="72,74,80,83,88,89,102,103,109,111,117,119,120,122" machi="122" ten="25,12000,2" yaku="22,2,34,3,54,1" doraHai="67" who="2" fromWho="0" sc="251,-123,174,0,279,123,296,0" /><INIT seed="6,0,0,0,3,75" ten="128,174,402,296" oya="2" hai0="55,85,66,54,30,81,73,88,130,106,123,45,62" hai1="103,108,124,22,111,17,83,126,14,72,99,63,28" hai2="96,19,90,107,13,131,64,20,77,0,117,35,42" hai3="116,27,25,5,120,6,128,102,21,40,48,87,3"/><V125/><F117/><W91/><G116/><T92/><D123/><U29/><E63/><V12/><F0/><W97/><G120/><T8/><D106/><N who="1" m="63871" /><E83/><V34/><F42/><W65/><G128/><T36/><D130/><U109/><E72/><V24/><F64/><W15/><G65/><T95/><D30/><U119/><E119/><V71/><F131/><W98/><G3/><T44/><D73/><U18/><E17/><V4/><F19/><N who="3" m="10495" /><G40/><T16/><D36/><U93/><E93/><V101/><F107/><W57/><G102/><T100/><D100/><U33/><E33/><V135/><F101/><W11/><G11/><T115/><D115/><U37/><E37/><V1/><F34/><W53/><G6/><T26/><D95/><U51/><E51/><V50/><F4/><W69/><G5/><T68/><D92/><U2/><E2/><V10/><F1/><W113/><G69/><T78/><D78/><U74/><E74/><V79/><F10/><W122/><G122/><T7/><D45/><U23/><E22/><V67/><F71/><W133/><G133/><T76/><D76/><U70/><E70/><V132/><F135/><W94/><G113/><T61/><D62/><U127/><AGARI ba="0,0" hai="14,18,23,28,29,108,109,111,124,126,127" m="63871" machi="127" ten="40,1500,0" yaku="18,1" doraHai="75" who="1" fromWho="1" sc="128,-4,174,15,402,-7,296,-4" /><INIT seed="7,0,0,5,2,50" ten="124,189,395,292" oya="3" hai0="83,114,133,2,94,29,117,75,11,36,55,125,79" hai1="9,19,73,76,24,21,62,90,28,65,100,37,52" hai2="119,54,66,116,108,5,77,20,124,85,70,81,33" hai3="115,106,131,16,69,51,91,30,112,10,13,35,45"/><W105/><G131/><T40/><D117/><U110/><E110/><V93/><F108/><W7/><G69/><T92/><D133/><U107/><E37/><V130/><F33/><W128/><G128/><T61/><D125/><U87/><E76/><V98/><F130/><W59/><G59/><T122/><D122/><U101/><E73/><V78/><F124/><W129/><G129/><T103/><D29/><U113/><E113/><N who="3" m="43594" /><G35/><T1/><D114/><U34/><E9/><V104/><F104/><W89/><G30/><T135/><D135/><U97/><E101/><V72/><F119/><W67/><G67/><T31/><D31/><U18/><E21/><V102/><F116/><W118/><G118/><T126/><D126/><U44/><E44/><V99/><F66/><W22/><G91/><T43/><D43/><U56/><REACH who="1" step="1"/><E65/><REACH who="1" step="2"/><V111/><F77/><W84/><G89/><T80/><D103/><U123/><E123/><V26/><F78/><W121/><G121/><T38/><D38/><U6/><E6/><V41/><F102/><W120/><G120/><T39/><D39/><U82/><AGARI ba="0,1" hai="18,19,24,28,34,52,56,62,82,87,90,97,100,107" machi="82" ten="20,8000,1" yaku="1,1,0,1,7,1,52,1,54,1,53,0" doraHai="50" doraHaiUra="132" who="1" fromWho="1" sc="124,-20,179,90,395,-20,292,-40" owari="104,-40,269,7,375,48,252,-15" /></mjloggm>