<mjloggm ver="2.3"><GO type="169"/><UN n0="%72%75%6E%61%74%6F%73%68" n1="%49%47%41" n2="%EF%BC%88%E2%89%A7%E2%96%BD%E2%89%A6%EF%BC%89" n3="%E3%81%BF%E3%81%BF%E3%81%9A" dan="17,16,18,17" rate="2103,2129,2189,2115" sx="M,M,M,M"/><TAIKYOKU oya="0"/><INIT seed="0,0,0,5,1,10" ten="250,250,250,250" oya="0" hai0="99,29,108,2,23,17,94,51,125,52,57,54,135" hai1="130,91,11,70,16,13,53,18,100,81,25,35,21" hai2="97,45,34,87,38,82,4,60,134,101,31,98,65" hai3="61,37,26,92,73,8,7,33,123,120,49,102,95"/><T110/><D2/><U111/><E70/><V48/><F134/><W64/><G37/><T39/><D39/><U22/><E100/><V115/><F38/><W36/><G36/><T68/><D68/><U89/><E35/><V117/><F117/><W84/><G73/><T76/><D76/><U88/><E111/><N who="0" m="42537" /><D29/><N who="1" m="17583" /><E130/><V105/><F115/><W124/><G124/><T80/><D80/><U72/><E72/><V132/><F132/><W14/><G49/><T109/><N who="0" m="42545" /><T129/><DORA hai="12" /><D135/><U62/><E53/><V118/><F118/><W44/><G44/><T131/><D54/><U30/><E62/><V106/><F60/><W75/><G75/><T19/><D125/><U121/><E121/><V20/><F34/><W93/><G102/><N who="0" m="60791" /><D19/><U63/><E63/><V71/><F31/><W56/><G84/><T78/><D78/><U83/><E30/><V126/><F71/><W96/><G96/><T103/><D103/><U112/><E112/><V59/><F97/><W107/><G107/><T66/><D66/><U27/><AGARI ba="0,0" hai="11,13,16,18,22,27,81,83,88,89,91" m="17583" machi="27" ten="30,12000,2" yaku="8,1,52,3,54,2" doraHai="10,12" who="1" fromWho="1" sc="250,-60,250,120,250,-30,250,-30" /><INIT seed="1,0,0,1,3,20" ten="190,370,220,220" oya="1" hai0="76,118,51,104,40,82,117,29,121,110,64,120,102" hai1="131,95,73,22,80,63,52,70,84,114,126,130,14" hai2="115,5,21,50,90,94,18,116,78,43,68,1,25" hai3="9,53,19,48,8,55,98,93,85,0,35,125,103"/><U10/><E114/><V96/><F116/><N who="0" m="44650" /><D64/><U75/><E126/><V83/><F115/><W79/><G125/><T87/><D51/><U113/><E22/><V44/><F68/><W13/><G35/><T106/><D40/><U65/><E113/><V7/><REACH who="2" step="1"/><F1/><REACH who="2" ten="190,370,210,220" step="2"/><W12/><G0/><T91/><D110/><U128/><E128/><V4/><F4/><N who="3" m="3079" /><G48/><T36/><D36/><U34/><E131/><V99/><F99/><W57/><G57/><T89/><D29/><U3/><E130/><V122/><F122/><N who="0" m="47210" /><D106/><U77/><E3/><V41/><F41/><W135/><G135/><T119/><D119/><U24/><E70/><V23/><F23/><W45/><G45/><T66/><D66/><U72/><E34/><V100/><F100/><W62/><G62/><T92/><D104/><U61/><E65/><V105/><F105/><W38/><G38/><T132/><D132/><U30/><E63/><V11/><F11/><W134/><G134/><T58/><D58/><U74/><E10/><V42/><F42/><W108/><G108/><T107/><D107/><U54/><E61/><V86/><AGARI ba="0,1" hai="5,7,18,21,25,43,44,50,78,83,86,90,94,96" machi="86" ten="20,8000,1" yaku="1,1,0,1,7,1,8,1,52,1,53,0" doraHai="20" doraHaiUra="67" who="2" fromWho="2" sc="190,-20,370,-40,210,90,220,-20" /><INIT seed="2,0,0,1,5,121" ten="170,330,300,200" oya="2" hai0="85,119,32,115,111,113,135,120,40,76,133,24,118" hai1="61,29,27,12,107,43,20,31,48,93,97,126,71" hai2="99,86,58,10,4,123,66,8,55,117,78,102,16" hai3="100,124,88,25,11,94,34,2,75,60,17,53,36"/><V80/><F123/><W6/><G36/><T127/><D40/><U83/><E107/><V26/><F117/><N who="0" m="44554" /><D85/><U122/><E122/><V57/><F66/><W35/><G75/><T54/><D54/><U98/><E126/><V59/><F55/><W47/><G100/><T95/><D95/><U74/><E12/><V9/><F4/><W62/><G124/><T89/><D89/><U1/><E1/><V77/><F77/><W51/><G35/><T13/><D76/><U106/><E106/><V125/><F125/><W30/><REACH who="3" step="1"/><G17/><REACH who="3" ten="170,330,300,190" step="2"/><T49/><D127/><U131/><E74/><V116/><F116/><W81/><G81/><T52/><D120/><U18/><E83/><V87/><F87/><AGARI ba="0,1" hai="2,6,11,25,30,34,47,51,53,60,62,87,88,94" machi="87" ten="30,3900,0" yaku="1,1,7,1,54,1,53,0" doraHai="121" doraHaiUra="19" who="3" fromWho="2" sc="170,0,330,0,300,-39,190,49" /><INIT seed="3,0,0,1,0,30" ten="170,330,261,239" oya="3" hai0="17,64,95,131,119,59,57,88,45,102,89,70,34" hai1="58,16,41,31,65,12,93,10,6,40,60,49,121" hai2="23,4,86,32,21,77,134,20,63,132,66,5,111" hai3="98,48,115,46,61,125,105,104,0,2,80,129,3"/><W79/><G115/><T82/><D119/><U73/><E73/><V47/><F47/><W7/><G125/><T114/><D114/><U84/><E121/><V39/><F39/><W78/><G129/><T54/><D131/><U87/><E31/><V112/><F112/><W109/><G7/><T117/><D117/><U81/><E49/><V76/><F111/><W67/><G109/><T110/><D110/><U83/><E93/><V25/><F86/><N who="1" m="32809" /><E6/><N who="2" m="2667" /><F25/><W19/><G19/><T127/><D127/><U123/><E123/><V107/><F107/><W13/><G13/><T55/><D70/><U50/><E50/><V33/><F66/><W122/><G122/><T120/><D120/><U108/><E108/><V8/><F63/><W69/><G98/><T130/><D130/><U1/><E1/><V118/><F8/><W106/><REACH who="3" step="1"/><G80/><AGARI ba="0,0" hai="10,12,16,40,41,58,60,65,80,81,83" m="32809" machi="80" ten="30,2000,0" yaku="8,1,54,1" doraHai="30" who="1" fromWho="3" sc="170,0,330,20,261,0,239,-20" /><INIT seed="4,0,0,0,3,112" ten="170,350,261,219" oya="0" hai0="82,132,36,91,125,7,119,69,62,74,135,80,78" hai1="103,57,54,95,14,13,61,52,37,0,134,88,124" hai2="76,50,20,111,22,87,92,83,129,71,127,45,28" hai3="122,1,96,46,39,60,41,12,123,109,56,38,26"/><T64/><D36/><U31/><E0/><V29/><F111/><W53/><G1/><T128/><D7/><U90/><E37/><V93/><F71/><W34/><G12/><N who="1" m="4714" /><E134/><N who="0" m="51241" /><D128/><U49/><E31/><N who="2" m="11851" /><F127/><W105/><G34/><T5/><D5/><U24/><E124/><V86/><F129/><W81/><G26/><T110/><D110/><U126/><E24/><V101/><F87/><W117/><G109/><T18/><D18/><U67/><E126/><V131/><F131/><W113/><G113/><T10/><D10/><U104/><E104/><V43/><F101/><N who="3" m="62631" /><G81/><T65/><D65/><U15/><E15/><V107/><F107/><W94/><G94/><AGARI ba="0,0" hai="20,22,43,45,50,76,83,86,92,93,94" m="11851" machi="94" ten="30,1000,0" yaku="8,1" doraHai="112" who="2" fromWho="3" sc="170,0,350,0,261,10,219,-10" /><INIT seed="5,0,0,1,0,106" ten="170,350,271,209" oya="1" hai0="53,54,7,17,6,25,94,12,88,29,91,65,108" hai1="104,79,82,1,112,26,28,38,134,50,115,62,42" hai2="109,49,44,8,58,101,130,45,80,128,133,135,129" hai3="95,13,122,78,100,117,118,21,98,36,9,63,67"/><U111/><E104/><V73/><F101/><W64/><G122/><T84/><D65/><U90/><E1/><V16/><F109/><W126/><G36/><T37/><D37/><U24/><E134/><N who="2" m="51211" /><F58/><W70/><G126/><T116/><D116/><U3/><E3/><V20/><F8/><W34/><G34/><T0/><D108/><U72/><E111/><V92/><F92/><W74/><G21/><N who="0" m="15535" /><D91/><U23/><E90/><V19/><F20/><W32/><G67/><T105/><D0/><U97/><E97/><V4/><F4/><N who="0" m="1578" /><D105/><U125/><E125/><V83/><F73/><W102/><G102/><T18/><D18/><N who="2" m="6698" /><F45/><W71/><G71/><T55/><D55/><AGARI ba="0,0" hai="44,49,55,80,83,128,129,130" m="6698,51211" machi="55" ten="40,5200,0" yaku="19,1,20,1,54,1" doraHai="106" who="2" fromWho="0" sc="170,-52,350,0,271,52,209,0" /><INIT seed="6,0,0,4,5,125" ten="118,350,323,209" oya="2" hai0="8,86,64,94,12,57,74,3,109,36,37,106,102" hai1="2,53,21,117,123,54,15,114,58,55,118,72,43" hai2="89,22,4,134,1,95,124,84,66,119,115,17,9" hai3="107,98,39,122,56,80,19,100,71,24,40,62,30"/><V33/><F119/><W126/><G122/><T92/><D109/><U96/><E2/><V20/><F124/><W6/><G126/><T110/><D110/><U73/><E123/><V31/><F115/><W41/><G19/><T65/><D3/><U79/><E114/><V25/><F134/><W68/><G6/><T97/><D74/><U26/><E43/><V59/><F66/><W7/><G7/><T70/><D70/><U50/><E15/><V28/><F59/><W46/><G41/><T32/><D32/><U67/><E96/><V81/><F31/><W18/><G18/><T104/><D104/><U14/><E14/><V49/><F49/><W82/><G71/><T29/><D29/><U52/><E67/><V88/><REACH who="2" step="1"/><F17/><REACH who="2" ten="118,350,313,209" step="2"/><W10/><G68/><T23/><D65/><U90/><E118/><V38/><F38/><W83/><G56/><T131/><D37/><U42/><E117/><V135/><F135/><W128/><G62/><T51/><D36/><U16/><E58/><V0/><F0/><W101/><G39/><T11/><D51/><U63/><E63/><V130/><F130/><W133/><G128/><T121/><D131/><U77/><E50/><V87/><AGARI ba="0,1" hai="1,4,9,20,22,25,28,33,81,84,87,88,89,95" machi="87" ten="20,7800,0" yaku="1,1,0,1,7,1,54,1,53,0" doraHai="125" doraHaiUra="45" who="2" fromWho="2" sc="118,-26,350,-26,313,88,209,-26" /><INIT seed="6,1,0,0,1,30" ten="92,324,401,183" oya="2" hai0="31,46,112,44,104,108,80,3,18,13,81,9,66" hai1="45,40,89,21,102,0,109,39,17,115,25,76,33" hai2="42,127,23,106,121,97,27,107,122,47,130,4,133" hai3="124,2,134,96,91,26,110,119,32,50,86,90,93"/><V132/><F4/><W24/><G119/><T49/><D104/><N who="2" m="39978" /><F97/><W48/><G110/><T118/><D108/><U73/><E109/><V129/><F23/><W19/><G124/><T113/><D66/><U71/><E71/><V92/><F27/><W56/><G134/><N who="2" m="51817" /><F92/><W84/><G2/><T123/><D118/><U52/><E102/><V67/><F67/><W64/><G96/><T94/><D94/><U7/><E7/><V120/><F127/><W57/><G64/><T100/><D100/><U99/><E99/><V74/><F74/><W82/><G19/><T14/><D3/><U68/><E25/><V6/><F6/><W78/><G93/><T61/><D31/><U12/><E21/><V116/><F116/><W63/><G82/><T16/><D9/><U117/><E0/><V111/><F111/><W95/><G95/><T15/><D15/><U20/><E12/><V41/><F47/><W88/><G90/><T85/><D85/><U60/><E89/><V5/><F5/><W65/><G65/><T53/><D13/><U70/><E117/><V29/><F29/><W103/><G103/><T34/><D14/><U59/><E73/><V22/><F22/><W55/><G26/><T51/><D46/><U131/><E20/><V36/><F36/><W135/><G135/><T28/><D44/><U98/><E45/><V105/><N who="2" m="39986" /><V101/><DORA hai="77" /><F101/><W125/><G125/><T10/><D28/><U75/><E39/><V114/><F114/><W38/><G38/><T72/><D112/><U69/><E115/><V8/><F8/><W126/><G126/><RYUUKYOKU ba="1,0" sc="92,-10,324,-10,401,30,183,-10" hai2="41,42,120,121,122,129,130" /><INIT seed="6,2,0,1,3,43" ten="82,314,431,173" oya="2" hai0="133,113,51,98,87,19,83,132,97,75,106,91,71" hai1="65,126,2,76,86,34,57,73,134,18,60,16,77" hai2="61,5,128,0,103,24,130,37,23,69,112,35,48" hai3="45,121,102,108,89,3,94,36,25,53,74,54,27"/><V127/><F37/><W82/><G108/><T70/><D113/><U59/><E2/><V99/><F112/><W117/><G117/><T56/><D75/><U22/><E34/><V7/><F48/><W118/><G118/><T1/><D1/><U38/><E38/><V122/><F122/><W116/><G116/><T26/><D71/><U84/><E126/><V79/><F79/><N who="1" m="30281" /><E73/><V81/><F81/><W66/><G121/><T29/><D70/><U52/><E134/><N who="0" m="51817" /><D19/><N who="1" m="7211" /><E22/><V80/><F23/><W47/><G3/><T39/><D106/><U63/><AGARI ba="2,0" hai="52,57,59,60,63,65,84,86" m="7211,30281" machi="63" ten="30,4000,0" yaku="8,1,54,2" doraHai="43" who="1" fromWho="1" sc="82,-12,314,46,431,-22,173,-12" /><INIT seed="7,0,0,4,1,131" ten="70,360,409,161" oya="3" hai0="44,66,36,43,88,135,32,107,37,77,21,90,34" hai1="112,132,51,54,45,114,113,53,99,127,14,15,60" hai2="67,116,126,73,7,111,12,86,117,93,17,8,120" hai3="80,23,82,79,25,56,104,62,55,58,91,74,128"/><W118/><G118/><T125/><D107/><U59/><E127/><V115/><F73/><W124/><G128/><T83/><D125/><U18/><E18/><V24/><F126/><W11/><G124/><T49/><D66/><U26/><E26/><V122/><F111/><W61/><G104/><T39/><D21/><U68/><E68/><V57/><F115/><W98/><G11/><T28/><D135/><U4/><E132/><V103/><F67/><W48/><G58/><T69/><D69/><U76/><E4/><V33/><F57/><W92/><REACH who="3" step="1"/><G82/><REACH who="3" ten="70,360,409,151" step="2"/><T0/><D0/><U40/><E113/><V38/><F116/><W27/><G27/><T22/><D22/><U133/><E114/><V41/><F117/><W29/><AGARI ba="0,1" hai="23,25,29,48,55,56,61,62,74,79,80,91,92,98" machi="29" ten="20,3900,0" yaku="1,1,0,1,7,1,53,0" doraHai="131" doraHaiUra="101" who="3" fromWho="3" sc="70,-13,360,-13,409,-13,151,49" /><INIT seed="7,1,0,2,4,0" ten="57,347,396,200" oya="3" hai0="48,99,62,14,106,134,75,73,122,6,88,37,23" hai1="55,80,103,69,86,17,67,68,35,85,39,4,91" hai2="121,33,27,51,95,1,104,29,126,45,40,20,57" hai3="43,79,36,38,7,28,65,108,60,96,72,61,11"/><W115/><G115/><T41/><D122/><U109/><E109/><V133/><F104/><W42/><G28/><T64/><D37/><U32/><E39/><V46/><F1/><N who="3" m="495" /><G96/><T98/><D98/><U25/><E103/><V47/><F121/><W78/><G78/><T131/><D131/><U16/><E55/><N who="2" m="31999" /><F33/><W128/><G65/><T107/><D134/><U77/><E4/><V9/><F133/><W83/><G108/><T2/><D2/><U52/><E52/><V101/><F9/><W119/><G119/><T127/><D127/><U74/><E74/><V132/><F126/><W56/><G56/><T118/><D118/><U13/><E17/><V117/><F117/><W125/><G125/><T87/><D23/><U24/><E35/><V30/><F132/><W135/><G135/><T81/><D106/><U26/><E32/><V50/><F30/><W59/><G59/><T100/><D48/><U58/><E58/><V5/><F5/><W76/><G76/><T129/><D41/><U112/><E67/><V63/><F63/><W114/><G114/><T54/><D54/><U105/><E105/><V12/><F47/><N who="3" m="24007" /><G128/><T90/><D90/><U120/><E120/><V44/><F44/><AGARI ba="1,0" hai="38,43,44,60,61,72,79,83" m="24007,495" machi="44" ten="30,2900,0" yaku="25,1,52,1" doraHai="0" who="3" fromWho="2" sc="57,0,347,0,396,-32,200,32" /><INIT seed="7,2,0,3,1,72" ten="57,347,364,232" oya="3" hai0="63,83,102,13,26,110,98,37,22,84,10,25,105" hai1="70,120,9,88,3,54,86,112,30,85,24,34,61" hai2="74,19,29,50,5,117,14,17,35,130,95,45,132" hai3="103,40,116,135,4,42,69,125,127,92,6,126,114"/><W57/><G69/><T65/><D110/><U108/><E108/><V67/><F74/><W82/><G116/><T115/><D37/><U89/><E120/><V39/><F39/><W52/><G114/><T134/><D134/><U128/><E112/><V48/><F117/><W18/><G135/><T1/><D1/><U93/><E128/><V101/><F132/><W122/><G122/><T121/><D121/><U124/><E124/><V38/><F130/><W20/><G103/><T12/><D115/><U73/><E73/><V104/><F104/><W80/><G92/><T94/><D105/><U60/><E70/><V46/><F35/><W56/><G6/><T90/><D26/><U81/><REACH who="1" step="1"/><E54/><REACH who="1" ten="57,337,364,232" step="2"/><N who="2" m="29967" /><F38/><W44/><G4/><AGARI ba="2,1" hai="3,4,9,24,30,34,60,61,81,85,86,88,89,93" machi="4" ten="40,5200,0" yaku="1,1,54,1,53,1" doraHai="72" doraHaiUra="2" who="1" fromWho="3" sc="57,0,337,68,364,0,232,-58" owari="57,-44.0,405,51.0,364,16.0,174,-23.0" /></mjloggm>