<mjloggm ver="2.3"><GO type="169" lobby="0"/><UN n0="%E8%B6%85%E3%83%92%E3%83%A2%E3%83%AA%E3%83%AD" n1="%EF%BC%88%E2%89%A7%E2%96%BD%E2%89%A6%EF%BC%89" n2="%E3%81%93%E3%81%BE%E3%81%A3%E3%81%95%E3%82%93" n3="%E6%80%96%E3%81%8F%E3%81%AA%E3%81%84%E3%81%8A" dan="18,17,16,18" rate="2232.54,2159.48,2116.31,2228.46" sx="F,M,M,M"/><TAIKYOKU oya="0"/><INIT seed="0,0,0,5,5,33" ten="250,250,250,250" oya="0" hai0="124,42,32,102,122,79,135,13,35,83,59,65,39" hai1="108,96,61,66,107,113,19,16,21,128,25,116,86" hai2="105,10,118,73,60,123,101,40,71,22,130,97,57" hai3="49,88,94,17,68,54,115,95,112,29,103,36,64"/><T34/><D124/><U48/><E116/><V9/><F123/><W89/><G36/><T37/><D135/><U72/><E72/><V78/><F71/><W70/><G29/><T56/><D122/><U50/><E108/><V91/><F40/><W126/><G103/><T0/><D0/><U14/><E113/><V119/><F22/><W15/><G126/><T121/><D121/><U111/><E111/><V4/><F130/><W90/><G64/><T129/><D129/><U2/><E2/><V133/><F133/><W100/><G70/><T134/><D134/><U41/><E41/><V7/><F91/><W114/><G100/><T46/><D39/><U45/><E45/><V69/><F69/><W82/><G68/><T67/><D102/><U92/><E107/><V110/><F110/><W55/><G82/><T6/><D67/><U8/><E86/><V80/><F7/><W127/><G127/><T93/><D93/><U120/><E120/><V58/><F58/><W87/><G55/><T104/><D104/><U20/><E8/><V11/><REACH who="2" step="1"/><F4/><REACH who="2" ten="250,250,240,250" step="2"/><W62/><G94/><T131/><D131/><U98/><E128/><V75/><F75/><W117/><G112/><T84/><D65/><AGARI ba="0,1" hai="9,10,11,57,60,65,73,78,80,97,101,105,118,119" machi="65" ten="40,1300,0" yaku="1,1,53,0" doraHai="33" doraHaiUra="132" who="2" fromWho="0" sc="250,-13,250,0,240,23,250,0" /><INIT seed="1,0,0,2,2,23" ten="237,250,263,250" oya="1" hai0="47,74,11,101,58,36,1,12,73,32,95,44,24" hai1="84,69,2,89,104,17,56,96,25,75,64,99,78" hai2="6,77,133,93,65,3,57,97,43,67,46,14,60" hai3="125,5,61,26,102,112,98,4,91,66,109,71,0"/><U35/><E2/><V30/><F3/><W88/><G112/><T13/><D1/><U134/><E69/><V76/><F133/><W49/><G125/><T92/><D58/><U124/><E124/><V127/><F67/><W114/><G114/><T59/><D59/><U42/><E134/><V40/><F127/><W113/><G109/><T135/><D135/><U51/><E104/><V68/><F68/><W126/><G126/><T103/><D32/><U106/><E106/><V54/><F54/><W79/><G79/><T130/><D36/><U39/><E39/><V20/><F6/><W50/><G4/><T15/><D15/><U116/><E116/><V22/><F22/><W128/><G128/><T131/><REACH who="0" step="1"/><D11/><REACH who="0" ten="227,250,263,250" step="2"/><U123/><E56/><V9/><F9/><W117/><G113/><T82/><D82/><U8/><E35/><V62/><F14/><W94/><G0/><T10/><D10/><U48/><E8/><V85/><F62/><W90/><G5/><T100/><D100/><U55/><E64/><V80/><F46/><W107/><G117/><T122/><D122/><U105/><E123/><V18/><F60/><W87/><G50/><T29/><D29/><U16/><E51/><V121/><F30/><W41/><G49/><T81/><D81/><U63/><E48/><V37/><F37/><W19/><G41/><T72/><D72/><U129/><E42/><V53/><F43/><W33/><G19/><T119/><D119/><U118/><E75/><V132/><F40/><W38/><G38/><T110/><D110/><U45/><E63/><V27/><F121/><RYUUKYOKU ba="0,1" sc="227,15,250,-15,263,-15,250,15" hai0="12,13,24,44,47,73,74,92,95,101,103,130,131" hai3="26,33,61,66,71,87,88,90,91,94,98,102,107" /><INIT seed="2,1,1,3,5,87" ten="242,235,248,265" oya="2" hai0="71,102,44,119,8,31,106,61,125,92,79,59,43" hai1="64,13,4,117,132,40,131,121,7,15,104,66,55" hai2="65,30,47,20,52,100,108,56,105,25,10,22,123" hai3="120,126,19,72,9,109,93,80,82,50,113,129,2"/><V6/><F123/><W32/><G120/><T16/><D106/><U14/><E104/><V112/><F112/><W33/><G129/><T21/><D125/><U97/><E117/><V91/><F65/><N who="1" m="25193" /><E121/><V127/><F47/><W62/><G126/><T3/><D71/><U53/><E131/><V96/><F127/><W124/><G109/><T77/><D119/><U51/><E97/><V39/><F39/><W36/><G36/><T58/><D3/><U103/><E103/><V34/><F108/><W46/><G62/><T41/><D8/><U1/><E1/><V135/><F135/><W12/><G2/><T86/><D31/><U35/><E35/><V76/><F76/><N who="0" m="29258" /><D44/><N who="1" m="25991" /><E132/><V24/><F24/><W88/><G113/><T101/><D101/><U118/><E118/><V134/><F134/><W114/><G114/><T37/><D37/><U116/><E116/><V74/><F74/><W99/><G124/><T57/><D61/><U94/><E94/><V5/><F5/><AGARI ba="1,1" hai="4,5,7,13,14,15,53,55" m="25991,25193" machi="5" ten="30,1000,0" yaku="8,1" doraHai="87" who="1" fromWho="2" sc="242,0,235,23,248,-13,265,0" /><INIT seed="3,0,0,4,4,72" ten="242,258,235,265" oya="3" hai0="13,93,105,28,122,4,12,55,85,27,15,99,124" hai1="134,118,125,98,52,43,32,2,82,62,5,113,103" hai2="60,78,14,121,84,130,1,42,7,37,41,90,104" hai3="40,31,65,97,36,44,51,61,11,70,117,9,132"/><W127/><G117/><T115/><D124/><U24/><E113/><V119/><F1/><W101/><G127/><T21/><D122/><U64/><E125/><V10/><F104/><W102/><G132/><T114/><D105/><N who="1" m="63735" /><E52/><V75/><F119/><W92/><G102/><T25/><D85/><U74/><E43/><V87/><F84/><W19/><G31/><T58/><D27/><U39/><E39/><V107/><F107/><W33/><G33/><T26/><D26/><U81/><E134/><V30/><F30/><W34/><G34/><T49/><REACH who="0" step="1"/><D4/><REACH who="0" ten="232,258,235,265" step="2"/><U106/><E106/><V89/><F121/><W57/><G19/><T120/><D120/><U116/><E116/><V56/><F75/><W8/><REACH who="3" step="1"/><G36/><REACH who="3" ten="232,258,235,255" step="2"/><T77/><D77/><U110/><E118/><V50/><F37/><W123/><G123/><T69/><D69/><AGARI ba="0,2" hai="8,9,11,40,44,51,57,61,65,69,70,92,97,101" machi="69" ten="40,2000,0" yaku="1,1,53,0" doraHai="72" doraHaiUra="48" who="3" fromWho="0" sc="232,-20,258,0,235,0,255,40" /><INIT seed="3,1,0,3,3,132" ten="212,258,235,295" oya="3" hai0="21,59,27,32,66,68,64,120,88,23,25,96,77" hai1="44,48,52,30,98,63,31,36,102,4,17,50,37" hai2="19,128,107,110,101,58,47,62,131,115,22,82,111" hai3="109,99,14,2,35,67,105,20,1,74,108,5,60"/><W123/><G123/><T86/><D120/><U55/><E4/><V94/><F107/><W133/><G35/><T127/><D68/><U70/><E17/><V100/><F115/><W73/><G133/><T7/><D32/><U57/><E70/><V130/><F82/><W9/><G20/><T11/><D96/><U93/><REACH who="1" step="1"/><E50/><REACH who="1" ten="212,248,235,295" step="2"/><V15/><F131/><W112/><G112/><T3/><D7/><U113/><E113/><V69/><F69/><N who="3" m="42215" /><G1/><T43/><D3/><U10/><E10/><V92/><F130/><W76/><G14/><T84/><D11/><U95/><E95/><V49/><F128/><W61/><G61/><T24/><D24/><U42/><E42/><N who="2" m="24823" /><F94/><W72/><G76/><T89/><D77/><U114/><E114/><V18/><F92/><W116/><G9/><T54/><D43/><U90/><E90/><V80/><F19/><W0/><G5/><T91/><D91/><U97/><E97/><V28/><F80/><W12/><G12/><T121/><D121/><U75/><E75/><V41/><F41/><W46/><G0/><T6/><D6/><U16/><E16/><V125/><F15/><W8/><G8/><T13/><D13/><U134/><E134/><V119/><F18/><W87/><G2/><T33/><D27/><U83/><E83/><V126/><F62/><W79/><G99/><T51/><D25/><U129/><E129/><V53/><F100/><W26/><G26/><T40/><D40/><U85/><E85/><V104/><F101/><W38/><G74/><T34/><D51/><U45/><E45/><V118/><F104/><RYUUKYOKU ba="1,1" sc="212,-10,248,30,235,-10,295,-10" hai1="30,31,36,37,44,48,52,55,57,63,93,98,102" /><INIT seed="4,2,1,1,4,126" ten="202,278,225,285" oya="0" hai0="44,6,81,105,101,45,125,48,50,65,71,86,8" hai1="66,77,119,59,56,27,5,114,43,49,15,26,108" hai2="18,102,23,0,34,124,134,92,47,51,41,115,67" hai3="112,60,107,118,21,80,14,36,1,104,29,113,19"/><T127/><D101/><U64/><E108/><V100/><F34/><W11/><G118/><T20/><D105/><U42/><E77/><V37/><F0/><W94/><G36/><T121/><D121/><U87/><E87/><V40/><F67/><N who="1" m="25641" /><E119/><V38/><F37/><W17/><G60/><T69/><D65/><U130/><E114/><N who="3" m="44138" /><G29/><T30/><D30/><U78/><E78/><V82/><F115/><W9/><G80/><T96/><D96/><U83/><E83/><V53/><F82/><W22/><G94/><T131/><D20/><N who="3" m="7785" /><G17/><T90/><D6/><AGARI ba="2,1" hai="1,6,9,11,14,19,104,107" m="7785,44138" machi="6" ten="30,1000,0" yaku="15,1" doraHai="126" who="3" fromWho="0" sc="202,-16,278,0,225,0,285,26" /><INIT seed="5,0,0,0,0,90" ten="186,278,225,311" oya="1" hai0="38,43,92,85,20,124,130,33,125,58,62,99,111" hai1="94,26,50,104,46,5,128,16,59,89,11,35,82" hai2="60,122,55,2,84,129,110,19,42,96,132,76,67" hai3="121,0,66,57,54,70,91,65,87,95,119,32,40"/><U4/><E104/><V113/><F110/><W107/><G0/><T75/><D75/><U133/><E133/><V23/><F2/><W10/><G121/><T27/><D33/><U115/><E115/><V17/><F122/><W49/><G32/><T88/><D111/><U118/><E118/><V80/><F132/><W108/><G107/><T112/><D112/><U31/><E128/><V7/><F7/><W52/><G10/><T100/><D130/><U37/><E37/><V74/><F129/><W8/><G8/><T24/><D43/><N who="1" m="24927" /><E35/><V114/><F74/><W45/><G119/><T36/><D38/><U34/><E34/><V73/><F55/><N who="3" m="21035" /><G70/><T117/><D36/><U51/><E59/><V53/><F53/><N who="3" m="31919" /><G108/><T3/><D3/><U72/><E72/><V123/><F73/><W28/><G28/><T61/><D117/><U44/><E31/><V12/><F42/><W41/><G41/><T106/><D27/><U116/><E26/><V63/><F123/><W47/><G40/><T48/><D48/><U101/><E116/><V93/><F19/><W21/><G21/><T9/><D9/><U134/><E134/><V127/><F114/><W86/><G45/><T18/><REACH who="0" step="1"/><D58/><REACH who="0" ten="176,278,225,311" step="2"/><U14/><E51/><V103/><F113/><W98/><G47/><T39/><D39/><U77/><E44/><V109/><F109/><W1/><G1/><T83/><D83/><U13/><E11/><V29/><F29/><W126/><G126/><AGARI ba="0,1" hai="18,20,24,61,62,85,88,92,99,100,106,124,125,126" machi="126" ten="40,8000,1" yaku="1,1,18,1,52,1,54,1,53,0" doraHai="90" doraHaiUra="64" who="0" fromWho="3" sc="176,90,278,0,225,0,311,-80" /><INIT seed="6,0,0,1,0,81" ten="266,278,225,231" oya="2" hai0="96,23,61,124,112,80,130,110,97,10,41,34,106" hai1="25,7,133,94,134,3,12,26,35,77,30,31,89" hai2="67,22,114,113,37,118,72,24,48,39,51,121,11" hai3="70,107,2,101,6,135,125,87,126,19,49,123,58"/><V104/><F104/><W18/><G70/><T68/><D110/><U109/><E77/><V33/><F33/><W73/><G73/><T78/><D34/><N who="1" m="20815" /><E94/><V105/><F105/><W129/><G123/><T128/><D112/><U74/><E89/><V127/><F72/><W55/><G6/><T32/><D124/><N who="3" m="47721" /><G2/><T66/><D23/><U40/><E40/><V103/><F127/><W131/><G135/><N who="1" m="51722" /><E74/><V4/><F103/><W43/><G43/><T120/><D32/><U83/><E83/><V46/><F121/><W69/><G69/><T52/><D41/><U21/><E109/><V100/><F100/><W117/><G117/><T95/><D10/><N who="1" m="2431" /><E12/><V132/><F118/><W93/><G107/><T1/><D1/><U42/><E42/><V5/><F132/><W57/><G57/><T71/><D106/><U0/><E0/><V98/><F39/><W54/><G54/><T29/><D71/><U59/><E59/><V79/><F37/><W38/><G38/><T47/><D120/><U115/><E21/><V15/><F114/><AGARI ba="0,0" hai="26,31,35,114,115" m="2431,51722,20815" machi="114" ten="30,7700,0" yaku="20,1,23,1,34,2" doraHai="81" who="1" fromWho="2" sc="266,0,278,77,225,-77,231,0" /><INIT seed="7,0,0,5,2,77" ten="266,355,148,231" oya="3" hai0="85,17,67,124,0,39,83,91,1,72,2,11,13" hai1="104,92,82,122,109,35,25,10,45,108,71,8,79" hai2="123,52,105,89,37,40,26,41,81,32,59,131,118" hai3="100,50,24,133,129,33,6,95,115,49,84,102,112"/><W88/><G129/><T87/><D72/><U97/><E122/><V30/><F105/><W5/><G133/><T94/><D39/><U20/><E35/><V12/><F118/><W90/><G24/><T73/><D73/><U31/><E71/><V98/><F131/><W74/><G74/><T114/><D67/><U16/><E104/><V63/><F123/><W99/><G33/><T43/><D43/><U80/><E108/><V21/><F37/><W116/><G116/><T126/><D114/><N who="3" m="43561" /><G90/><T107/><D107/><U66/><E66/><V106/><F106/><N who="3" m="63775" /><G102/><T47/><D47/><U110/><E110/><V18/><REACH who="2" step="1"/><F98/><REACH who="2" ten="266,355,138,231" step="2"/><W4/><AGARI ba="0,1" hai="4,5,6,49,50,84,88,95" m="63775,43561" machi="4" ten="30,3000,0" yaku="15,1,54,1" doraHai="77" who="3" fromWho="3" sc="266,-10,355,-10,138,-10,231,40" /><INIT seed="7,1,0,5,4,19" ten="256,345,128,271" oya="3" hai0="77,104,8,109,17,34,54,12,120,3,61,88,128" hai1="98,82,42,124,72,113,56,46,1,70,112,85,64" hai2="119,132,40,115,36,21,84,66,116,110,63,13,11" hai3="80,33,106,118,43,123,37,108,29,100,75,9,87"/><W62/><G118/><T131/><D109/><U4/><E124/><V5/><F110/><W38/><G123/><T58/><D104/><U32/><E32/><V129/><F132/><W71/><G9/><T16/><D34/><U60/><E98/><V103/><F129/><N who="0" m="49738" /><D77/><N who="1" m="44327" /><E85/><V6/><F115/><N who="1" m="44105" /><E4/><V73/><F73/><W23/><G75/><T48/><D120/><U53/><E1/><V92/><F6/><W25/><G43/><T55/><D3/><U47/><E42/><V68/><F40/><W10/><G10/><T49/><D55/><U45/><E70/><V39/><F119/><W20/><G108/><T28/><D28/><U76/><E76/><V7/><F7/><W31/><G31/><T27/><D88/><U134/><E134/><V135/><F135/><W35/><G35/><T24/><D17/><U78/><E78/><V111/><F111/><W0/><G0/><T26/><AGARI ba="1,0" hai="8,12,16,24,26,27,48,49,54,58,61" m="49738" machi="26" ten="30,2000,0" yaku="19,1,54,1" doraHai="19" who="0" fromWho="0" sc="256,23,345,-6,128,-6,271,-11" owari="279,8.0,339,44.0,122,-38.0,260,-14.0" /></mjloggm>