<mjloggm ver="2.3"><GO type="169" lobby="0"/><UN n0="%E3%81%91%E3%82%93%31%39%37%30" n1="%EF%BC%A0%E6%A3%AE" n2="%EF%BC%88%E2%89%A7%E2%96%BD%E2%89%A6%EF%BC%89" n3="%E3%83%88%E3%83%90%E3%82%BE" dan="16,16,17,17" rate="2148.08,2122.49,2167.74,2120.38" sx="M,F,M,M"/><TAIKYOKU oya="0"/><INIT seed="0,0,0,0,0,78" ten="250,250,250,250" oya="0" hai0="103,93,69,85,28,111,116,6,108,101,15,132,48" hai1="59,117,16,68,3,97,91,71,109,56,83,32,43" hai2="81,92,110,9,77,127,8,131,90,79,66,115,114" hai3="73,34,12,61,75,13,46,95,5,27,52,99,50"/><T49/><D116/><U45/><E117/><V19/><F110/><N who="0" m="42026" /><D69/><U104/><E109/><V126/><F131/><W72/><G61/><T119/><D119/><U31/><E3/><V37/><F66/><W11/><G27/><T10/><D28/><U134/><E134/><V100/><F37/><W18/><G34/><T24/><D24/><U51/><E31/><V64/><F64/><W87/><G87/><T120/><D120/><U105/><E32/><V130/><F130/><W53/><G53/><T22/><D22/><U41/><E16/><V14/><F8/><W7/><REACH who="3" step="1"/><G13/><REACH who="3" ten="250,250,250,240" step="2"/><T60/><D60/><U80/><E97/><N who="2" m="59431" /><F114/><W44/><G44/><T124/><D132/><U98/><E98/><V133/><F133/><W96/><G96/><T54/><D124/><N who="2" m="47658" /><F115/><W58/><G58/><N who="0" m="33095" /><D49/><U30/><E51/><V74/><F74/><W86/><G86/><AGARI ba="0,1" hai="9,14,19,77,79,81,86,90" m="47658,59431" machi="86" ten="30,2000,0" yaku="18,1,52,1" doraHai="78" who="2" fromWho="3" sc="250,0,250,0,250,30,240,-20" /><INIT seed="1,0,0,3,1,12" ten="250,250,280,220" oya="1" hai0="62,3,55,24,68,63,69,25,98,126,108,88,50" hai1="82,1,4,15,132,131,38,115,107,26,42,2,77" hai2="31,47,32,87,99,27,102,14,85,66,119,109,46" hai3="95,86,40,44,37,65,61,78,35,8,90,49,116"/><U71/><E115/><V16/><F119/><W84/><G35/><T117/><D117/><U123/><E123/><V70/><F109/><W112/><G116/><T118/><D118/><U83/><E107/><V48/><F47/><W41/><G112/><T0/><D108/><U54/><E71/><V124/><F124/><W73/><G73/><T97/><D50/><U122/><E122/><V129/><F129/><W18/><G37/><T106/><D106/><U23/><E131/><V64/><F64/><W22/><G8/><T96/><D55/><U58/><E83/><V121/><F121/><W5/><G5/><T94/><D94/><U120/><E42/><V30/><F30/><W101/><G101/><T39/><D39/><U33/><E38/><V45/><F45/><W127/><G127/><T128/><D126/><U111/><E132/><V76/><F76/><W93/><G41/><T79/><D79/><U20/><E33/><V51/><F51/><W19/><G22/><T53/><D53/><U21/><E26/><V81/><F81/><N who="3" m="47159" /><G95/><T57/><D128/><U92/><E120/><V113/><F113/><W36/><G36/><T135/><D135/><U100/><E111/><V9/><F70/><W110/><G110/><T60/><D57/><AGARI ba="0,0" hai="18,19,40,44,49,57,61,65,86,90,93" m="47159" machi="57" ten="30,3900,0" yaku="8,1,52,2" doraHai="12" who="3" fromWho="0" sc="250,-39,250,0,280,0,220,39" /><INIT seed="2,0,0,3,0,52" ten="211,250,280,259" oya="2" hai0="74,35,3,39,15,66,13,77,43,84,64,59,7" hai1="6,111,91,75,108,134,62,88,92,16,28,68,10" hai2="32,112,123,130,69,53,30,82,95,56,109,94,8" hai3="29,104,11,79,48,44,70,50,118,96,60,83,97"/><V87/><F69/><W47/><G118/><T23/><D35/><U90/><E75/><V22/><F123/><W19/><G29/><T46/><D15/><N who="1" m="7287" /><E6/><V0/><F32/><W99/><G104/><T2/><D2/><U78/><E78/><V106/><F106/><W73/><G70/><T119/><D119/><U27/><E134/><V63/><F112/><W20/><G11/><T132/><D132/><U41/><E41/><V34/><F34/><W21/><G60/><T100/><D100/><U124/><E124/><V38/><F38/><W25/><REACH who="3" step="1"/><G21/><REACH who="3" ten="211,250,280,249" step="2"/><T71/><D71/><U117/><E117/><V67/><F8/><W72/><G72/><T129/><D74/><U12/><E68/><V61/><F30/><W103/><G103/><T120/><D120/><U80/><E62/><V105/><F22/><W89/><G89/><T131/><D23/><N who="1" m="15487" /><E12/><V121/><F121/><W5/><G5/><T31/><D7/><U107/><E107/><V93/><F105/><W55/><G55/><T127/><D13/><U113/><E113/><V45/><F63/><W26/><G26/><T115/><D115/><U133/><E133/><V102/><F61/><W42/><G42/><T49/><D43/><U37/><E37/><V51/><F102/><W126/><G126/><T54/><D127/><U101/><E80/><V14/><F82/><W76/><G76/><T17/><D77/><U9/><E9/><V65/><F14/><W98/><N who="3" m="24576" /><DORA hai="24" /><W110/><G110/><N who="1" m="42026" /><E101/><V128/><F109/><W114/><G114/><T36/><D36/><U85/><AGARI ba="0,1" hai="85,88,90,91,92" m="42026,15487,7287" machi="85" ten="30,7900,0" yaku="14,1,52,1,54,2" doraHai="52,24" who="1" fromWho="1" sc="211,-20,250,89,280,-39,249,-20" /><INIT seed="3,0,0,1,3,19" ten="191,339,241,229" oya="3" hai0="94,123,57,56,52,3,32,58,84,92,90,125,62" hai1="126,20,116,29,66,51,28,102,79,134,9,60,17" hai2="110,4,12,119,127,77,80,95,121,98,34,47,43" hai3="26,109,83,113,114,101,8,39,42,48,74,14,75"/><W30/><G39/><T120/><D32/><U25/><E116/><V50/><F119/><W111/><G101/><T104/><D104/><U5/><E134/><V24/><F110/><N who="3" m="41995" /><G48/><T89/><D3/><U124/><E79/><V64/><F121/><W103/><G103/><T68/><D68/><N who="1" m="42055" /><E51/><V86/><F127/><N who="1" m="48681" /><E102/><V23/><F34/><N who="3" m="20823" /><G42/><T16/><D125/><U54/><E54/><V93/><F64/><W10/><G10/><T128/><D128/><U69/><E69/><V65/><F65/><W135/><G135/><T13/><D123/><U15/><AGARI ba="0,0" hai="5,9,15,17,20,25,28,29" m="48681,42055" machi="15" ten="30,2000,0" yaku="18,1,52,1" doraHai="19" who="1" fromWho="1" sc="191,-5,339,20,241,-5,229,-10" /><INIT seed="4,0,0,4,5,67" ten="186,359,236,219" oya="0" hai0="88,95,128,123,94,74,11,84,89,76,33,112,96" hai1="30,62,119,117,116,42,25,41,133,53,51,36,2" hai2="1,56,129,98,101,106,100,130,55,38,52,58,35" hai3="54,121,17,32,124,8,65,50,43,21,69,72,23"/><T81/><D33/><U73/><E73/><V87/><F1/><W97/><G32/><T120/><D11/><U40/><E2/><V60/><F38/><W9/><G72/><T91/><D128/><U59/><E133/><V37/><F37/><W70/><G43/><T107/><D112/><U79/><E79/><V126/><F126/><W78/><G78/><T18/><D18/><U110/><E110/><V64/><F35/><W80/><G80/><T48/><D48/><U125/><E125/><V26/><F26/><W5/><G124/><T114/><D114/><U103/><E103/><V20/><F20/><W109/><G109/><T131/><D131/><N who="2" m="50186" /><F101/><W31/><G121/><N who="0" m="46667" /><D107/><U15/><E15/><V61/><F87/><W63/><G70/><T83/><D83/><U16/><E30/><V90/><F90/><AGARI ba="0,0" hai="74,76,81,84,88,89,90,91,94,95,96" m="46667" machi="90" ten="30,5800,0" yaku="34,2,54,1" doraHai="67" who="0" fromWho="2" sc="186,58,359,0,236,-58,219,0" /><INIT seed="4,1,0,3,5,98" ten="244,359,178,219" oya="0" hai0="120,104,8,44,115,23,59,40,36,113,62,61,11" hai1="117,103,77,51,105,60,108,19,85,81,71,82,2" hai2="16,42,64,116,21,35,38,4,34,91,58,112,126" hai3="53,99,12,94,55,46,47,107,134,26,29,27,92"/><T109/><D104/><U129/><E117/><V67/><F116/><W119/><G119/><T18/><D120/><U96/><E108/><V48/><F126/><W5/><G107/><T88/><D109/><U28/><E2/><V10/><F112/><N who="0" m="43082" /><D62/><U122/><E122/><V111/><F111/><W49/><G134/><T76/><D76/><U52/><E19/><V14/><F38/><W17/><G5/><T106/><D106/><U41/><E41/><V123/><F123/><W118/><G118/><T45/><D45/><U1/><E1/><V50/><F34/><W43/><G94/><T86/><D23/><U37/><E37/><V25/><F35/><W6/><G6/><T97/><D97/><U75/><E28/><V121/><F121/><W70/><G70/><T13/><D11/><U30/><E30/><V79/><F79/><W80/><G80/><N who="0" m="49223" /><D61/><U95/><E60/><V56/><F91/><W0/><G0/><T33/><D59/><N who="1" m="33183" /><E71/><V125/><F125/><W68/><G68/><T22/><D8/><U102/><E105/><V39/><F58/><W7/><G7/><T73/><D33/><U124/><E124/><V131/><F39/><W78/><G78/><T87/><D87/><U130/><E75/><AGARI ba="1,0" hai="13,18,22,36,40,44,73,75" m="49223,43082" machi="75" ten="30,2900,0" yaku="15,1,54,1" doraHai="98" who="0" fromWho="1" sc="244,32,359,-32,178,0,219,0" /><INIT seed="4,2,0,5,1,91" ten="276,327,178,219" oya="0" hai0="77,86,128,4,130,107,74,46,51,106,24,7,16" hai1="133,35,48,120,18,56,97,135,37,88,52,64,121" hai2="68,36,12,124,125,90,8,10,61,53,38,123,102" hai3="1,19,55,22,83,40,118,105,96,21,76,109,89"/><T79/><D74/><U100/><E37/><V66/><F123/><W62/><G109/><T29/><D86/><U23/><E35/><V92/><F102/><W60/><G118/><T20/><D29/><U6/><E6/><N who="0" m="2089" /><D107/><U71/><E64/><V9/><F12/><W25/><G1/><T80/><D80/><U33/><E71/><V43/><F53/><W108/><G108/><T115/><D106/><U111/><E33/><V94/><F43/><W134/><G134/><N who="1" m="51210" /><E111/><V28/><F28/><W50/><G40/><N who="0" m="25031" /><D115/><U103/><E100/><V34/><F34/><W42/><G42/><T110/><D110/><U84/><E97/><V41/><F41/><W49/><G105/><T5/><D5/><U30/><E103/><V67/><F67/><W11/><G96/><T98/><D98/><U114/><E30/><V47/><F47/><W104/><G104/><T13/><D24/><N who="1" m="14455" /><E114/><V65/><F65/><W75/><G75/><T132/><D132/><U112/><E112/><V113/><F113/><W3/><G3/><T44/><D44/><U85/><E85/><N who="2" m="52303" /><F94/><AGARI ba="2,0" hai="48,52,56,84,88,94,120,121" m="14455,51210" machi="94" ten="30,7700,0" yaku="20,1,52,1,54,2" doraHai="91" who="1" fromWho="2" sc="276,0,327,83,178,-83,219,0" /><INIT seed="5,0,0,3,1,96" ten="276,410,95,219" oya="1" hai0="84,59,78,4,93,87,8,50,69,7,94,11,100" hai1="103,47,122,31,29,3,121,82,102,120,52,123,49" hai2="12,20,71,38,117,27,113,89,63,19,0,56,67" hai3="119,16,64,6,13,28,97,76,106,72,95,74,88"/><U92/><E3/><V62/><F117/><W44/><G119/><T127/><D69/><U2/><E2/><V126/><F126/><W133/><G133/><T99/><D127/><U110/><E110/><V37/><F113/><W111/><G111/><T81/><D7/><U17/><E123/><V54/><F0/><W35/><G6/><T115/><D115/><U53/><E82/><V15/><F15/><W39/><G64/><T46/><D59/><U25/><E17/><V131/><F131/><W58/><G58/><T135/><D135/><U83/><E83/><V68/><F68/><W118/><G118/><T75/><D75/><U79/><E79/><V101/><F101/><W70/><G70/><T21/><D21/><U51/><E92/><V34/><F34/><W36/><G106/><T24/><D24/><U109/><E109/><V108/><F108/><W23/><G76/><T60/><D60/><U9/><E9/><V65/><F65/><W40/><REACH who="3" step="1"/><G39/><REACH who="3" ten="276,410,95,209" step="2"/><T73/><D4/><U134/><E134/><V33/><F38/><W43/><G43/><N who="0" m="24927" /><D73/><U26/><E122/><V5/><F37/><W112/><G112/><T30/><D30/><U125/><E125/><V61/><F5/><W85/><G85/><T22/><D78/><U42/><E42/><V107/><F107/><W90/><G90/><T77/><D87/><U128/><E128/><V80/><F67/><W55/><G55/><T41/><D77/><U114/><E114/><V48/><F71/><W57/><G57/><T45/><D41/><U10/><E121/><V14/><F33/><W86/><G86/><AGARI ba="0,1" hai="12,14,19,20,27,48,54,56,61,62,63,80,86,89" machi="86" ten="40,2600,0" yaku="6,1,8,1" doraHai="96" who="2" fromWho="3" sc="276,0,410,0,95,36,209,-26" /><INIT seed="6,0,0,3,0,76" ten="276,410,131,183" oya="2" hai0="31,92,103,69,119,49,78,41,54,109,84,89,106" hai1="121,88,7,20,101,102,77,127,73,13,93,51,70" hai2="11,19,60,128,43,97,105,53,122,94,55,10,30" hai3="5,0,40,115,64,118,26,39,110,81,37,107,134"/><V111/><F122/><W72/><G118/><T32/><D109/><U9/><E70/><V2/><F105/><W34/><G110/><T113/><D41/><U63/><E63/><V48/><F111/><W12/><G12/><T90/><D69/><U44/><E127/><V46/><F128/><W129/><G64/><T6/><D6/><U8/><E20/><V21/><F30/><N who="3" m="19799" /><G107/><T112/><D31/><U68/><E68/><V14/><F2/><W114/><G129/><T58/><D32/><U29/><E29/><V126/><F126/><W123/><G123/><T35/><D35/><U132/><E132/><V17/><F60/><W108/><G108/><T57/><D119/><U85/><E9/><V62/><F62/><W133/><G5/><T96/><D90/><U98/><E73/><V130/><F130/><W83/><G0/><T135/><D135/><N who="3" m="51721" /><G72/><T100/><D100/><U47/><E121/><V86/><F86/><W116/><G116/><T16/><D78/><U22/><E22/><V56/><F56/><W117/><G117/><T28/><D28/><U36/><E36/><N who="3" m="13898" /><G40/><T38/><D38/><U25/><E25/><N who="2" m="14527" /><F10/><W61/><G61/><T79/><D79/><U52/><E47/><V80/><F80/><AGARI ba="0,0" hai="80,81,83,114,115" m="13898,51721,19799" machi="80" ten="40,8000,1" yaku="20,1,52,3" doraHai="76" who="3" fromWho="2" sc="276,0,410,0,131,-80,183,80" /><AGARI ba="0,0" hai="7,8,13,44,51,52,77,80,85,88,93,98,101,102" machi="80" ten="40,8000,1" yaku="8,1,52,1,54,2" doraHai="76" who="1" fromWho="2" sc="276,0,410,80,51,-80,263,0" owari="276,8.0,490,59.0,-29,-53.0,263,-14.0" /></mjloggm>