<mjloggm ver="2.3"><GO type="43"/><UN n0="%EF%BC%88%E2%89%A7%E2%96%BD%E2%89%A6%EF%BC%89" n1="%E7%B4%85%E3%81%AE%E3%81%AC%E3%81%93" n2="%E6%89%8D%E7%89%99" n3="%E3%82%B9%E3%82%AF%E3%82%A8%E3%83%8B" dan="15,15,14,13" rate="2000,1983,1874,1928" sx="M,F,M,M"/><TAIKYOKU oya="0"/><INIT seed="0,0,0,1,3,79" ten="250,250,250,250" oya="0" hai0="23,67,124,120,106,35,40,17,98,38,80,125,57" hai1="37,114,61,88,95,53,68,39,123,113,11,52,103" hai2="25,12,133,0,72,5,69,70,117,130,102,27,87" hai3="49,76,118,7,116,92,96,63,15,43,132,24,58"/><T77/><D35/><U94/><E123/><V1/><F72/><W2/><G132/><T121/><D38/><U59/><E103/><V18/><F102/><W101/><G2/><N who="2" m="1129" /><F70/><W46/><G24/><N who="2" m="9289" /><F69/><W74/><G7/><T119/><D40/><U47/><E11/><N who="2" m="4207" /><F87/><W54/><REACH who="3" step="1"/><G15/><REACH who="3" ten="250,250,250,240" step="2"/><T64/><D120/><U6/><E114/><V10/><F133/><W16/><G16/><T21/><D17/><U129/><E113/><V122/><F122/><W97/><G97/><T112/><D98/><U85/><E6/><V134/><F134/><W31/><G31/><T41/><D112/><U32/><E68/><V89/><F89/><W62/><G62/><T108/><D121/><U81/><E61/><V135/><F135/><W45/><G45/><T110/><D77/><U56/><E47/><V100/><F100/><W29/><G29/><T30/><D30/><U84/><E88/><V75/><F75/><W126/><G126/><T104/><D124/><U90/><E90/><V19/><F117/><W60/><G60/><T115/><D125/><U73/><E73/><V36/><F36/><W127/><G127/><T65/><D119/><U55/><E39/><V9/><F130/><W131/><G131/><T91/><D115/><U50/><E50/><V109/><F109/><W22/><G22/><N who="0" m="8203" /><D110/><U66/><E37/><V20/><F19/><W28/><G28/><T34/><D108/><U111/><E111/><V71/><F71/><W86/><G86/><N who="0" m="50631" /><D57/><U82/><E129/><V99/><F99/><W93/><G93/><T8/><D104/><U107/><E107/><V13/><AGARI ba="0,1" hai="9,10,13,18,20" m="4207,9289,1129" machi="13" ten="30,12000,2" yaku="5,1,35,5" doraHai="79" who="2" fromWho="2" sc="250,-60,250,-30,250,130,240,-30" /><INIT seed="1,0,0,4,3,44" ten="190,220,380,210" oya="1" hai0="58,7,129,82,97,120,74,50,51,116,72,127,24" hai1="105,22,53,12,57,133,91,61,84,130,104,54,86" hai2="9,23,112,107,123,95,85,71,78,121,59,29,37" hai3="43,115,33,68,118,19,64,108,89,14,135,132,31"/><U113/><E113/><V1/><F37/><W110/><G115/><T102/><D116/><U28/><E133/><N who="3" m="51274" /><G43/><T76/><D120/><U34/><E130/><V131/><F131/><W66/><G118/><T106/><D129/><U67/><E86/><V122/><F71/><W79/><G79/><T128/><D128/><U62/><E34/><V46/><F46/><W65/><G68/><T32/><D127/><U126/><E126/><V109/><F109/><N who="3" m="42091" /><G89/><T101/><D101/><U21/><E28/><V2/><F59/><W20/><G31/><T98/><D98/><U103/><E103/><V114/><F107/><W80/><G80/><T25/><D74/><U125/><E125/><V4/><F29/><W77/><G77/><T87/><D72/><U35/><E35/><AGARI ba="0,0" hai="14,19,20,33,35,64,65,66" m="42091,51274" machi="35" ten="40,2600,0" yaku="20,1,14,1" doraHai="44" who="3" fromWho="1" sc="190,0,220,-26,380,0,210,26" /><INIT seed="2,0,0,1,2,129" ten="190,194,380,236" oya="2" hai0="43,23,16,95,113,49,15,32,0,46,133,38,37" hai1="44,24,109,71,77,82,61,84,114,39,66,28,21" hai2="74,40,70,30,6,110,132,56,88,4,106,90,35" hai3="116,80,53,100,25,10,78,124,127,52,2,27,47"/><V134/><F70/><W62/><G116/><T1/><D113/><U125/><E114/><V58/><F106/><W72/><G100/><T17/><D32/><U18/><E125/><V117/><F117/><W119/><G119/><T101/><D133/><N who="2" m="51306" /><F74/><W96/><G96/><T11/><D101/><U135/><E135/><V105/><F105/><W26/><G62/><T131/><D131/><U81/><E81/><V8/><F40/><W79/><G79/><T112/><D112/><U91/><E109/><V122/><F122/><W111/><G111/><T7/><D95/><U102/><E102/><V75/><F75/><W12/><G2/><T123/><D0/><U3/><E3/><N who="2" m="31" /><F6/><W120/><G120/><T45/><D123/><U68/><E68/><V65/><F110/><W115/><G115/><T48/><D17/><U55/><E18/><V19/><F19/><W31/><G31/><T63/><D1/><U33/><E39/><V107/><F107/><W14/><G47/><T87/><D37/><U121/><E121/><V59/><F65/><W50/><G50/><T104/><D48/><U86/><E71/><V118/><F118/><W94/><G124/><T29/><D104/><U22/><E66/><V36/><F36/><W73/><G127/><T67/><D38/><U108/><E108/><V85/><F85/><W128/><G73/><T103/><D87/><U34/><E86/><V83/><F83/><W130/><G128/><T51/><D43/><U76/><E76/><V89/><F30/><W41/><G130/><T97/><D29/><N who="1" m="17551" /><E77/><V13/><F35/><W93/><G80/><RYUUKYOKU ba="0,0" sc="190,-10,194,-10,380,30,236,-10" hai2="13,56,58,59,88,89,90" /><INIT seed="2,1,0,1,2,106" ten="180,184,410,226" oya="2" hai0="93,65,103,20,53,108,77,131,127,2,116,79,85" hai1="29,36,125,63,96,133,50,112,48,134,35,83,66" hai2="24,46,17,92,70,71,120,124,0,11,122,56,62" hai3="68,54,105,88,15,135,55,40,67,76,113,39,25"/><V30/><F124/><W118/><G105/><T7/><D127/><U100/><E125/><V123/><F46/><W3/><G118/><T115/><D115/><U31/><E36/><V23/><F92/><W69/><G3/><T75/><D116/><U89/><E112/><V59/><F59/><W57/><G113/><T41/><D41/><U38/><E38/><V99/><F99/><W5/><G135/><N who="1" m="51722" /><E89/><V117/><F117/><W51/><G68/><T91/><D65/><U129/><E83/><V102/><F102/><W33/><G55/><T73/><D53/><U27/><E31/><V121/><N who="2" m="31232" /><DORA hai="45" /><V128/><F128/><W114/><G114/><T32/><D131/><U86/><E86/><V98/><F98/><W126/><G126/><T42/><D85/><U104/><E129/><V97/><F97/><W8/><G88/><T6/><D91/><U43/><E43/><V18/><F18/><W111/><G111/><T12/><D42/><U132/><N who="1" m="51730" /><U21/><DORA hai="110" /><E21/><V87/><F87/><W58/><G58/><AGARI ba="1,0" hai="27,29,35,48,50,58,63,66,96,100,104" m="51730" machi="58" ten="40,5200,0" yaku="20,1,52,2" doraHai="106,45,110" who="1" fromWho="3" sc="180,0,184,55,410,0,226,-55" /><INIT seed="3,0,0,5,0,25" ten="180,239,410,171" oya="3" hai0="97,38,102,62,10,64,55,30,120,8,17,95,127" hai1="2,123,42,74,93,29,87,104,5,128,41,99,117" hai2="57,86,12,131,100,31,76,98,3,46,23,109,103" hai3="33,135,1,53,27,0,108,4,51,52,54,44,77"/><W132/><G77/><T125/><D120/><U11/><E123/><V89/><F3/><W9/><G108/><T22/><D38/><U66/><E74/><V91/><F109/><W126/><G126/><N who="0" m="48139" /><D55/><U14/><E128/><V21/><F131/><W121/><G121/><T36/><D36/><U114/><E114/><V40/><F57/><W106/><G106/><T18/><D30/><U60/><E117/><V28/><F46/><W116/><G116/><T63/><D18/><U20/><E87/><V81/><F40/><W110/><G110/><T69/><D63/><U70/><E104/><V37/><F37/><W107/><G107/><T43/><D43/><U113/><E113/><V71/><F71/><W34/><G1/><T59/><D59/><U130/><E130/><V56/><F56/><W6/><G6/><T82/><D82/><U92/><E92/><N who="2" m="58439" /><F103/><W79/><G79/><T85/><D85/><U68/><E68/><V15/><F23/><W72/><G72/><T124/><N who="0" m="48147" /><T73/><DORA hai="88" /><D73/><U119/><E2/><V26/><F31/><W84/><G84/><T78/><D78/><U16/><E5/><V61/><F61/><W50/><G54/><T45/><D45/><U94/><E119/><V35/><F35/><W122/><G122/><T39/><D39/><U47/><E42/><V13/><AGARI ba="0,0" hai="12,13,15,21,26,28,76,81,86,89,91" m="58439" machi="13" ten="30,4000,0" yaku="8,1,52,2" doraHai="25,88" who="2" fromWho="2" sc="180,-10,239,-10,410,40,171,-20" /><INIT seed="4,0,0,1,1,10" ten="170,229,450,151" oya="0" hai0="89,130,70,71,133,69,102,101,1,126,59,44,88" hai1="61,46,15,132,103,39,99,128,127,73,98,95,115" hai2="31,16,5,86,104,30,25,108,91,79,85,62,131" hai3="36,113,82,53,92,14,21,107,6,51,94,54,50"/><T84/><D1/><U100/><E39/><V124/><F104/><W57/><G107/><T96/><D133/><U7/><E7/><V2/><F2/><W122/><G36/><T123/><D123/><U76/><E46/><V120/><F120/><W63/><G122/><T77/><D130/><U24/><E24/><V116/><F131/><W38/><G38/><T75/><D126/><U119/><E119/><V43/><F43/><W125/><G125/><T8/><D44/><U112/><E128/><V72/><F72/><W56/><G113/><N who="1" m="43594" /><E127/><V110/><F5/><W121/><G121/><T93/><D8/><U105/><E61/><V52/><F124/><W74/><G63/><T27/><D27/><U22/><E132/><V3/><F3/><W11/><REACH who="3" step="1"/><G21/><REACH who="3" ten="170,229,450,141" step="2"/><T23/><D23/><U80/><E22/><N who="2" m="13511" /><F62/><W111/><G111/><T117/><D117/><U0/><E105/><V58/><F116/><W55/><G55/><T28/><D71/><U9/><E0/><V106/><F106/><W40/><G40/><T33/><D70/><U97/><E103/><V48/><F110/><W29/><G29/><T12/><D28/><U129/><E129/><V109/><F108/><W118/><G118/><T37/><D102/><U20/><E20/><V47/><F109/><W4/><G4/><T64/><D101/><U65/><E65/><V67/><F67/><W17/><G17/><T135/><D64/><U13/><E9/><V18/><F18/><W45/><G45/><T49/><D69/><U32/><E32/><V83/><F30/><W41/><G41/><T87/><D33/><RYUUKYOKU ba="0,1" sc="170,-15,229,15,450,-15,141,15" hai1="13,15,73,76,80,95,97,98,99,100" hai3="6,11,14,50,51,53,54,56,57,74,82,92,94" /><INIT seed="5,1,1,2,5,113" ten="155,244,435,156" oya="1" hai0="105,109,23,24,103,127,52,66,2,99,55,131,84" hai1="32,10,92,28,34,74,46,83,80,100,36,15,1" hai2="81,41,85,13,90,101,49,79,75,96,9,43,59" hai3="26,95,129,69,104,110,51,70,121,86,60,88,38"/><U102/><E1/><V119/><F119/><W118/><G104/><T89/><D109/><U64/><E64/><V91/><F75/><W115/><G38/><T71/><D2/><U25/><E34/><V97/><F43/><W6/><G110/><T27/><D127/><U93/><E92/><N who="2" m="58503" /><F97/><W16/><G121/><T37/><D131/><U125/><E125/><V77/><F90/><W56/><G129/><T108/><D37/><U22/><E93/><V134/><F134/><W128/><G128/><T68/><D108/><U124/><E124/><V98/><F98/><W106/><G106/><T42/><D42/><U30/><E30/><V7/><F41/><W48/><G115/><T21/><D21/><U123/><E123/><V120/><F120/><W12/><G69/><T35/><D35/><U57/><E32/><V54/><AGARI ba="1,1" hai="7,9,13,49,54,59,77,79,81,85,91" m="58503" machi="54" ten="30,1100,0" yaku="8,1" doraHai="113" who="2" fromWho="2" sc="155,-4,244,-6,435,24,156,-4" /><INIT seed="6,0,0,4,1,48" ten="151,238,459,152" oya="2" hai0="84,73,49,89,127,93,122,121,135,114,19,106,40" hai1="103,35,113,41,17,39,57,8,77,26,68,110,28" hai2="70,91,124,34,108,94,16,72,119,116,14,107,118" hai3="105,96,24,5,95,111,83,25,98,42,101,55,66"/><V54/><F70/><W128/><G111/><T65/><D73/><U129/><E68/><V133/><F107/><W51/><G128/><T52/><D106/><U131/><E110/><V47/><F34/><W23/><G42/><T130/><D130/><N who="1" m="49675" /><E77/><V85/><F72/><W126/><G126/><T45/><D135/><U87/><E103/><V27/><F133/><W109/><G109/><T60/><D127/><U100/><E100/><V69/><F69/><W97/><G66/><T46/><D114/><U33/><E33/><V64/><F64/><W44/><G105/><T81/><D19/><U11/><E113/><V86/><F27/><W6/><G25/><T2/><D2/><U29/><E29/><V59/><F47/><W30/><G83/><T115/><D115/><U9/><E87/><V56/><F108/><W43/><G43/><T61/><D81/><U71/><E71/><V62/><F59/><W92/><G98/><T7/><D7/><U50/><E39/><V78/><F78/><W74/><G74/><T1/><D1/><U20/><E41/><V38/><F38/><W63/><G63/><N who="0" m="24139" /><D65/><U22/><E17/><V36/><F36/><W123/><G123/><T12/><D12/><U125/><E125/><V104/><F104/><W79/><G79/><T120/><D120/><U15/><E15/><V117/><F124/><W32/><G32/><T80/><D80/><U3/><E3/><V90/><F119/><W58/><G44/><N who="0" m="17003" /><D40/><U76/><E76/><V4/><F118/><W132/><G132/><T0/><D0/><U102/><E102/><AGARI ba="0,0" hai="5,6,23,24,30,51,55,58,92,95,96,97,101,102" machi="102" ten="30,7700,0" yaku="7,1,9,1,8,1,52,1" doraHai="48" who="3" fromWho="1" sc="151,0,238,-77,459,0,152,77" /><INIT seed="7,0,0,5,0,119" ten="151,161,459,229" oya="3" hai0="114,1,124,43,79,62,131,103,92,4,12,120,95" hai1="45,73,16,106,100,125,94,53,116,86,33,29,63" hai2="47,102,83,41,48,49,108,14,46,68,109,87,101" hai3="93,77,59,9,40,135,28,91,25,97,57,70,56"/><W65/><G135/><T128/><D120/><U3/><E3/><V96/><F68/><W39/><G77/><T123/><D123/><U107/><E73/><V80/><F14/><W64/><G70/><T55/><D124/><U98/><E116/><V90/><F83/><W127/><G127/><T111/><D111/><U122/><E122/><V75/><F75/><W78/><G78/><T81/><D114/><U20/><E125/><V13/><F13/><W51/><G39/><T69/><D1/><U10/><E33/><V112/><F102/><W52/><G40/><T18/><D4/><U74/><E74/><V134/><F112/><W7/><G64/><N who="0" m="41111" /><D55/><U31/><E10/><V5/><F5/><W113/><G65/><T84/><D43/><U89/><E107/><V115/><F134/><W118/><G113/><T11/><D103/><U32/><E32/><V15/><F115/><W110/><G118/><T30/><D30/><U117/><E117/><V42/><F15/><W6/><G110/><T105/><D105/><AGARI ba="0,0" hai="41,42,46,47,48,49,80,87,90,96,101,105,108,109" machi="105" ten="30,2000,0" yaku="7,1,9,1" doraHai="119" who="2" fromWho="0" sc="151,-20,161,0,459,20,229,0" owari="131,-37.0,161,-24.0,479,58.0,229,3.0" /></mjloggm>