<mjloggm ver="2.3"><GO type="41"/><UN n0="%E3%83%9C%E3%83%96%73%69%6C%76%69%61" n1="%E3%82%A6%E3%83%AB%E3%83%88%E3%83%A9%E7%AB%8B%E7%9B%B4" n2="%E3%81%93%E3%83%BC%E3%81%9F%E3%82%93" n3="%E3%83%A8%E3%82%B7%EF%BC%8A%E3%83%A8%E3%82%B7" dan="14,14,15,13" rate="2012,1949,2023,1884" sx="M,M,M,M"/><TAIKYOKU oya="0"/><INIT seed="0,0,0,4,0,121" ten="250,250,250,250" oya="0" hai0="13,41,3,32,63,93,48,43,42,14,19,30,39" hai1="60,83,81,49,71,8,123,107,104,9,129,78,97" hai2="45,59,69,37,38,5,35,50,23,61,51,94,15" hai3="99,46,52,128,75,20,67,110,73,92,114,112,117"/><T98/><D3/><U101/><E123/><V62/><F35/><W82/><G117/><T28/><D39/><U7/><E129/><V40/><F69/><W76/><G67/><T108/><D14/><U53/><E81/><V55/><F62/><W134/><G20/><T122/><D122/><U113/><E113/><N who="3" m="43626" /><G46/><T24/><D30/><U64/><E107/><V0/><F0/><W125/><G52/><T85/><D85/><U111/><E7/><V86/><F38/><W58/><G58/><T4/><D4/><U88/><E9/><V90/><REACH who="2" step="1"/><F23/><REACH who="2" ten="250,250,240,250" step="2"/><W91/><G128/><T79/><D63/><U127/><E60/><V66/><F66/><W68/><G68/><T27/><D48/><U11/><E64/><V103/><F103/><N who="3" m="60903" /><G125/><T124/><D124/><U16/><E71/><V72/><F72/><N who="3" m="43271" /><G134/><T74/><D32/><U80/><E127/><V87/><F87/><W77/><G91/><T17/><D28/><U57/><E49/><V44/><F44/><W34/><G34/><T119/><D119/><U115/><E115/><V54/><F54/><W84/><G110/><T120/><D120/><U135/><E53/><V132/><F132/><W109/><G109/><T31/><D108/><U100/><E57/><V95/><F95/><W10/><G10/><AGARI ba="0,1" hai="5,10,15,37,40,45,50,51,55,59,61,86,90,94" machi="10" ten="40,2600,0" yaku="1,1,53,1" doraHai="121" doraHaiUra="6" who="2" fromWho="3" sc="250,0,250,0,240,36,250,-26" /><INIT seed="1,0,0,0,5,17" ten="250,250,276,224" oya="1" hai0="104,117,55,106,121,134,103,35,95,52,46,133,48" hai1="77,94,81,2,99,5,128,31,120,6,10,135,102" hai2="16,24,9,131,72,20,79,25,101,49,63,100,62" hai3="85,18,93,125,1,122,115,40,50,42,4,87,56"/><U65/><E120/><V70/><F131/><W47/><G122/><T116/><D121/><U8/><E128/><V38/><F38/><W130/><G115/><T61/><D35/><U98/><E135/><N who="0" m="51721" /><D95/><U15/><E65/><V3/><F72/><W74/><G130/><T27/><D103/><N who="2" m="39498" /><F3/><W57/><G74/><T71/><D27/><N who="2" m="10314" /><F70/><W44/><G125/><T11/><D11/><U22/><E99/><V64/><F64/><W33/><G33/><T76/><D76/><U58/><E58/><V0/><F0/><W75/><G75/><T88/><D104/><U23/><REACH who="1" step="1"/><E31/><REACH who="1" ten="250,240,276,224" step="2"/><V41/><F62/><W96/><G57/><T30/><D106/><U90/><E90/><V84/><F63/><W36/><G56/><T124/><D30/><U59/><E59/><V32/><F32/><W13/><G1/><T111/><D124/><U97/><E97/><V73/><F73/><AGARI ba="0,1" hai="2,5,6,8,10,15,22,23,73,77,81,94,98,102" machi="73" ten="30,12000,1" yaku="1,1,7,1,52,2,53,1" doraHai="17" doraHaiUra="78" who="1" fromWho="2" sc="250,0,240,130,276,-120,224,0" /><INIT seed="1,1,0,5,1,73" ten="250,370,156,224" oya="1" hai0="49,1,68,111,129,90,84,0,107,106,94,44,100" hai1="64,122,4,33,55,109,97,72,9,89,54,121,39" hai2="85,110,74,16,131,15,67,98,11,127,112,92,114" hai3="18,81,133,105,80,134,51,61,76,8,37,126,130"/><U38/><E33/><V59/><F74/><W77/><G37/><T7/><D68/><U79/><E64/><V88/><F131/><W102/><G61/><T83/><D129/><U50/><E55/><V34/><F34/><W29/><G29/><T24/><D111/><U21/><E109/><V46/><F110/><W28/><G28/><T78/><D24/><U117/><E117/><V31/><F31/><W25/><G130/><T17/><D17/><U26/><E39/><V43/><F127/><W41/><G126/><T2/><D107/><U10/><E38/><V60/><F43/><W47/><G105/><T87/><D106/><U82/><E9/><V14/><F46/><W53/><G102/><T57/><D100/><U91/><E97/><V56/><F15/><N who="3" m="7527" /><G25/><T30/><D30/><U35/><E35/><V71/><REACH who="2" step="1"/><F98/><REACH who="2" ten="250,370,146,224" step="2"/><W45/><G41/><T66/><D44/><U95/><E121/><V119/><F119/><W135/><G45/><T93/><D7/><U70/><E122/><V96/><F96/><W48/><G48/><T116/><D116/><U20/><E72/><V86/><F86/><W3/><G3/><T52/><REACH who="0" step="1"/><D66/><REACH who="0" ten="240,370,146,224" step="2"/><U63/><E50/><V6/><F6/><W42/><G42/><T115/><D115/><AGARI ba="1,2" hai="11,14,16,56,59,60,67,71,85,88,92,112,114,115" machi="115" ten="40,8000,1" yaku="1,1,11,1,54,2,53,0" doraHai="73" doraHaiUra="19" who="2" fromWho="0" sc="240,-83,370,0,146,103,224,0" /><INIT seed="2,0,0,1,3,90" ten="157,370,249,224" oya="2" hai0="45,135,51,44,127,21,67,81,23,52,83,84,92" hai1="0,31,122,117,99,13,74,32,36,70,128,100,85" hai2="87,73,88,8,131,56,15,60,54,16,63,80,96" hai3="35,86,79,43,18,78,57,114,5,14,72,39,133"/><V66/><F131/><W104/><G104/><T123/><D123/><U1/><E13/><V46/><F73/><W7/><G35/><T38/><D135/><U91/><E31/><V101/><F46/><W119/><G119/><T118/><D118/><U41/><E41/><V33/><F33/><W53/><G133/><T29/><D67/><U27/><E27/><V124/><F124/><W106/><G106/><T69/><D69/><U34/><E70/><V115/><F115/><W71/><G71/><T37/><D127/><U121/><E36/><V103/><F96/><W9/><G72/><T109/><D29/><U126/><E74/><V58/><AGARI ba="0,0" hai="8,15,16,54,56,58,60,63,66,80,87,88,101,103" machi="58" ten="20,12000,1" yaku="0,1,7,1,8,1,54,2" doraHai="90" who="2" fromWho="2" sc="157,-40,370,-40,249,120,224,-40" /><INIT seed="2,1,0,0,4,6" ten="117,330,369,184" oya="2" hai0="15,81,93,59,54,37,135,50,85,78,42,62,57" hai1="4,60,80,128,14,10,116,7,110,87,82,130,97" hai2="90,13,76,122,28,123,33,63,103,113,53,26,8" hai3="119,3,121,83,118,84,35,11,20,71,67,46,9"/><V100/><F113/><W70/><G121/><T86/><D135/><U88/><E116/><V34/><F34/><W91/><G35/><T102/><D37/><U125/><E125/><V12/><F76/><W75/><G3/><T24/><D24/><U44/><E110/><V47/><F90/><W32/><G32/><T68/><D68/><U2/><E97/><V95/><F13/><W134/><G75/><T127/><D127/><U48/><E60/><V19/><F95/><W61/><G134/><T65/><D42/><U94/><E2/><V73/><F73/><W133/><G133/><T41/><D41/><U106/><E106/><V126/><F126/><W117/><G71/><T72/><D102/><U114/><E114/><V131/><F131/><N who="1" m="50217" /><E4/><V132/><F132/><W51/><REACH who="3" step="1"/><G20/><REACH who="3" ten="117,330,369,174" step="2"/><T30/><D72/><U38/><E38/><V0/><F0/><W1/><G1/><T23/><D30/><U55/><AGARI ba="1,1" hai="7,10,14,44,48,55,80,82,87,88,94" m="50217" machi="55" ten="30,4000,0" yaku="19,1,52,1,54,1" doraHai="6" who="1" fromWho="1" sc="117,-11,330,53,369,-21,174,-11" /><INIT seed="3,0,0,1,3,100" ten="106,383,348,163" oya="3" hai0="11,33,23,120,42,48,35,65,64,16,85,88,105" hai1="8,79,69,36,84,58,116,45,60,68,52,133,49" hai2="14,98,124,54,122,74,24,131,95,109,126,3,111" hai3="121,32,15,53,12,66,82,125,17,5,73,2,46"/><W34/><G66/><T29/><D120/><U134/><E8/><V119/><F74/><W4/><G53/><T117/><D117/><U6/><E6/><N who="3" m="2666" /><G46/><T92/><D11/><U40/><E84/><V132/><F3/><W20/><G82/><T26/><D35/><N who="3" m="13353" /><G73/><T50/><D105/><U77/><E79/><V38/><F38/><W99/><G99/><T135/><D135/><N who="1" m="51723" /><E77/><V90/><F132/><W107/><G107/><T93/><D93/><U19/><E19/><V97/><F119/><W37/><G37/><T1/><D1/><U9/><E9/><V130/><F24/><N who="3" m="14351" /><G121/><T113/><D50/><U72/><E72/><V51/><F122/><W114/><G114/><T75/><D75/><U83/><E83/><V108/><F98/><W0/><G125/><N who="2" m="48233" /><F14/><AGARI ba="0,0" hai="0,2,12,14,15" m="14351,13353,2666" machi="14" ten="30,12000,1" yaku="35,5" doraHai="100" who="3" fromWho="2" sc="106,0,383,0,348,-120,163,120" /><INIT seed="3,1,0,3,4,58" ten="106,383,228,283" oya="3" hai0="9,25,101,89,40,72,125,78,27,90,88,35,23" hai1="2,71,4,34,123,99,7,85,11,124,52,46,15" hai2="21,122,16,19,56,48,87,83,62,0,127,79,53" hai3="97,91,59,33,130,50,96,6,112,66,98,68,134"/><W129/><G33/><T24/><D125/><U49/><E34/><V61/><F127/><W73/><G6/><T67/><D40/><U60/><E123/><V86/><F0/><W115/><G68/><T30/><D101/><U116/><E116/><V95/><F122/><W103/><G50/><T17/><D67/><U81/><E124/><V37/><F37/><W54/><G54/><T63/><D63/><N who="2" m="24074" /><F21/><W42/><G42/><T32/><D72/><U93/><E2/><V94/><F87/><W76/><G59/><T114/><D114/><N who="3" m="43561" /><G66/><T3/><D78/><N who="1" m="46263" /><E71/><V113/><F113/><W74/><G134/><T12/><REACH who="0" step="1"/><D35/><REACH who="0" ten="96,383,228,283" step="2"/><U126/><E126/><V111/><F111/><W121/><G121/><T43/><D43/><U131/><E60/><V47/><F56/><W57/><G57/><T133/><D133/><U20/><E20/><V82/><F82/><N who="3" m="45327" /><G74/><T45/><D45/><U44/><E44/><V108/><F108/><W10/><G10/><T38/><D38/><U22/><E22/><V80/><F80/><W8/><G8/><T70/><D70/><U64/><E64/><V26/><F26/><W118/><G118/><T100/><D100/><U1/><E46/><V5/><F5/><AGARI ba="1,1" hai="3,5,9,12,17,23,24,25,27,30,32,88,89,90" machi="5" ten="40,8000,1" yaku="1,1,24,2,54,1,53,1" doraHai="58" doraHaiUra="28" who="0" fromWho="2" sc="96,93,383,0,228,-83,283,0" /><INIT seed="4,0,0,5,3,76" ten="189,383,145,283" oya="0" hai0="55,68,103,61,13,33,118,38,46,60,77,59,65" hai1="11,114,79,41,78,84,43,117,104,101,67,125,44" hai2="50,22,26,121,133,81,96,120,4,110,75,62,64" hai3="42,8,18,45,37,25,52,91,80,69,135,6,85"/><T93/><D33/><U7/><E117/><V111/><F4/><W15/><G135/><T10/><D118/><U47/><E125/><V32/><F32/><W5/><G69/><T30/><D30/><U113/><E67/><V99/><F133/><W109/><G109/><T108/><D108/><U95/><E104/><V82/><F111/><W57/><REACH who="3" step="1"/><G25/><REACH who="3" ten="189,383,145,273" step="2"/><T20/><D77/><U73/><E79/><V112/><F110/><W130/><G130/><T21/><D38/><U19/><E78/><V83/><F75/><W56/><G56/><T105/><D105/><U131/><E73/><V92/><F112/><W123/><G123/><T9/><D9/><U107/><E131/><V48/><F121/><W128/><G128/><T51/><D61/><AGARI ba="0,1" hai="5,6,8,15,18,37,42,45,52,57,61,80,85,91" machi="61" ten="30,7700,0" yaku="1,1,7,1,52,1,54,1,53,0" doraHai="76" doraHaiUra="102" who="3" fromWho="0" sc="189,-77,383,0,145,0,273,87" /><INIT seed="5,0,0,0,0,44" ten="112,383,145,360" oya="1" hai0="117,75,30,28,125,40,105,88,132,85,55,54,95" hai1="42,37,33,129,62,96,109,59,123,3,35,93,110" hai2="4,119,87,71,56,0,13,103,32,60,104,9,131" hai3="1,94,77,66,112,127,63,97,68,18,130,53,23"/><U57/><E3/><V124/><F71/><W26/><G1/><T29/><D117/><U5/><E5/><V74/><F74/><W21/><G112/><T76/><D132/><U39/><E123/><V70/><F70/><W91/><G127/><T12/><D125/><U101/><E129/><V10/><F124/><W27/><G130/><T72/><D40/><U108/><E42/><V14/><F32/><W114/><G114/><T6/><D75/><U45/><E45/><V2/><F119/><W133/><G133/><T24/><D105/><U50/><E50/><V38/><F38/><N who="1" m="14345" /><E59/><V46/><F46/><W98/><G77/><T128/><D128/><U92/><E92/><V121/><F121/><W41/><G41/><T19/><D6/><U16/><E16/><V126/><F126/><W48/><G98/><T106/><D106/><U15/><E15/><V69/><F131/><W100/><G100/><T102/><D102/><U25/><E25/><V134/><F69/><W52/><REACH who="3" step="1"/><G48/><REACH who="3" ten="112,383,145,350" step="2"/><T8/><D76/><U83/><E33/><V113/><F113/><W22/><G22/><T86/><D72/><U31/><E35/><V89/><F2/><W99/><G99/><T118/><D118/><U84/><E31/><AGARI ba="0,1" hai="18,21,23,26,27,31,52,53,63,66,68,91,94,97" machi="31" ten="30,3900,0" yaku="1,1,7,1,54,1,53,0" doraHai="44" doraHaiUra="116" who="3" fromWho="1" sc="112,0,383,-39,145,0,350,49" /><INIT seed="6,0,0,1,2,101" ten="112,344,145,399" oya="2" hai0="128,45,75,54,89,23,7,95,133,1,112,67,27" hai1="64,74,86,122,8,58,11,114,59,62,55,61,73" hai2="63,108,85,120,81,111,88,52,129,40,87,25,72" hai3="118,91,4,53,13,16,93,46,21,135,44,31,35"/><V106/><F120/><W98/><G118/><T5/><D75/><U32/><E32/><V2/><F2/><W121/><G121/><T94/><D67/><U124/><E124/><V71/><F72/><W30/><G135/><T104/><D104/><U69/><E122/><V70/><F129/><W60/><G4/><T125/><D133/><U0/><E114/><V28/><F106/><W107/><G107/><T92/><D125/><U19/><E69/><V113/><F113/><W66/><G35/><T18/><D112/><U131/><E131/><V77/><F40/><W123/><G123/><T103/><D103/><U10/><E0/><V79/><F79/><W43/><G46/><T115/><D128/><U14/><E74/><V126/><F126/><W100/><G100/><T41/><D115/><U38/><E38/><V17/><F17/><W68/><G53/><T26/><D26/><U96/><E73/><V65/><F71/><W48/><AGARI ba="0,0" hai="13,16,21,30,31,43,44,48,60,66,68,91,93,98" machi="48" ten="20,2700,0" yaku="0,1,7,1,54,1" doraHai="101" who="3" fromWho="3" sc="112,-7,344,-7,145,-13,399,27" /><INIT seed="7,0,0,5,2,124" ten="105,337,132,426" oya="3" hai0="45,61,117,37,57,62,34,112,119,5,99,106,30" hai1="107,29,55,48,88,27,94,6,86,91,60,33,63" hai2="4,135,90,53,42,31,0,120,12,132,17,125,21" hai3="50,93,79,23,40,39,92,35,127,113,118,97,24"/><W49/><G118/><T64/><D5/><U67/><E107/><V111/><F111/><W134/><G35/><T130/><D130/><U8/><E67/><V54/><F125/><W25/><G113/><T103/><D62/><U43/><E43/><V20/><F42/><W19/><G127/><T14/><D14/><U102/><E102/><V123/><F4/><W51/><G79/><T81/><D81/><U105/><E105/><V3/><F90/><W95/><G134/><N who="2" m="51241" /><F31/><W11/><G11/><T82/><D82/><U110/><E110/><V87/><F87/><W126/><G126/><T10/><D10/><U108/><E108/><V7/><F7/><W84/><G39/><T133/><D133/><U68/><E68/><V46/><F21/><W128/><G128/><T78/><D78/><U13/><REACH who="1" step="1"/><E91/><REACH who="1" ten="105,327,132,426" step="2"/><V76/><F76/><W114/><G40/><T9/><D112/><U73/><E73/><V116/><F116/><W83/><G114/><T26/><D117/><U65/><E65/><V32/><F54/><W2/><G2/><T72/><D119/><U69/><E69/><V122/><F3/><W18/><G83/><T74/><D37/><U41/><E41/><V71/><F0/><W100/><G84/><T44/><D74/><U101/><E101/><V22/><F71/><W109/><G109/><T115/><D72/><U104/><E104/><V59/><F123/><W28/><REACH who="3" step="1"/><G25/><REACH who="3" ten="105,327,132,416" step="2"/><T16/><D115/><U121/><E121/><V75/><F122/><W77/><G77/><T66/><D66/><U85/><E85/><V129/><F120/><W98/><G98/><RYUUKYOKU ba="0,2" sc="105,10,327,10,132,-30,416,10" hai0="9,16,26,30,34,44,45,57,61,64,99,103,106" hai1="6,8,13,27,29,33,48,55,60,63,86,88,94" hai3="18,19,23,24,28,49,50,51,92,93,95,97,100" /><INIT seed="7,1,2,0,1,78" ten="115,337,102,426" oya="3" hai0="112,46,131,10,92,50,22,18,127,99,111,27,29" hai1="66,62,68,129,61,4,121,20,25,106,95,14,71" hai2="90,47,74,8,54,125,107,21,51,42,12,23,135" hai3="35,81,49,70,101,59,76,60,30,115,45,57,94"/><W110/><G115/><T77/><D111/><U1/><E106/><V108/><F108/><W56/><G35/><T52/><D131/><U120/><E1/><V132/><F107/><W79/><G30/><T97/><D112/><U96/><E129/><V5/><F74/><W105/><G105/><T28/><D127/><U36/><E36/><V26/><F125/><W44/><G110/><T65/><D65/><U34/><E34/><V53/><F90/><W84/><G70/><T6/><D77/><U122/><E4/><V39/><F39/><W86/><G60/><T124/><D124/><U73/><E73/><V0/><F0/><W91/><G101/><T37/><D37/><U7/><E121/><V82/><F82/><N who="3" m="47175" /><G49/><T17/><D29/><U80/><E68/><V72/><F72/><W64/><G64/><T41/><D41/><U93/><E62/><V134/><F23/><W123/><G123/><T119/><D119/><U104/><E104/><V55/><F42/><W24/><G24/><T102/><D97/><AGARI ba="1,2" hai="44,45,56,57,59,79,81,86,91,94,97" m="47175" machi="97" ten="30,5800,0" yaku="8,1,52,2" doraHai="78" who="3" fromWho="0" sc="115,-61,337,0,102,0,426,81" owari="54,-45.0,337,14.0,102,-30.0,507,61.0" /></mjloggm>