<mjloggm ver="2.3"><GO type="41"/><UN n0="%E9%BB%92%E3%82%81%E3%81%9D" n1="%E3%82%A6%E3%83%AB%E3%83%88%E3%83%A9%E7%AB%8B%E7%9B%B4" n2="%E5%AE%BF%E5%91%BD%E7%94%B0%E6%A1%83%E7%BE%8E" n3="%40%6D%61%79%73%61" dan="15,15,15,14" rate="1931,2029,1971,1948" sx="M,M,M,M"/><TAIKYOKU oya="0"/><INIT seed="0,0,0,4,3,120" ten="250,250,250,250" oya="0" hai0="102,86,57,54,14,38,49,63,31,121,9,20,83" hai1="32,103,134,56,91,27,43,87,28,104,125,122,124" hai2="61,35,119,115,18,129,88,42,51,108,81,26,75" hai3="13,34,36,105,118,41,114,73,74,55,93,100,62"/><T109/><D121/><U72/><E72/><V21/><F115/><W40/><G114/><T90/><D38/><U10/><E122/><V106/><F106/><W76/><G105/><T33/><D33/><U78/><E78/><V69/><F129/><W24/><G118/><T85/><D102/><U99/><E134/><V112/><F112/><W6/><G36/><T65/><D109/><U19/><E43/><V101/><F108/><W60/><G34/><T92/><D31/><U37/><E56/><V66/><F101/><W127/><G127/><T23/><D85/><U84/><E37/><V46/><F35/><W67/><G24/><T135/><D92/><U111/><E111/><V110/><F110/><W132/><G132/><T22/><D135/><U47/><E47/><V82/><F75/><W98/><G55/><T133/><D133/><U17/><E87/><V68/><F68/><W1/><G1/><T3/><D3/><U50/><E50/><V89/><REACH who="2" step="1"/><F119/><REACH who="2" ten="250,250,240,250" step="2"/><W126/><G74/><T117/><D117/><U70/><E70/><V2/><F2/><W113/><G113/><T29/><D29/><U48/><E124/><V79/><F79/><W107/><G107/><T5/><REACH who="0" step="1"/><D23/><REACH who="0" ten="240,250,240,250" step="2"/><U71/><E125/><V53/><F53/><W45/><G126/><T16/><D16/><U8/><E19/><V0/><F0/><W97/><G73/><T52/><D52/><U77/><E17/><V44/><F44/><AGARI ba="0,2" hai="5,9,14,20,22,44,49,54,57,63,65,83,86,90" machi="44" ten="30,11600,0" yaku="1,1,7,1,8,1,53,1" doraHai="120" doraHaiUra="80" who="0" fromWho="2" sc="240,136,250,0,240,-116,250,0" /><INIT seed="0,1,0,0,5,50" ten="376,250,124,250" oya="0" hai0="37,93,41,133,100,16,61,72,63,107,60,55,58" hai1="115,62,104,35,11,18,1,46,125,89,30,52,74" hai2="131,65,38,4,105,130,129,82,57,34,59,17,96" hai3="66,120,64,0,24,97,7,10,5,101,132,54,15"/><T126/><D107/><U19/><E74/><V29/><F38/><W2/><G132/><T85/><D72/><U83/><E104/><V33/><F4/><W31/><G120/><T77/><D133/><U44/><E35/><V45/><F45/><W99/><G15/><T49/><D126/><U109/><E1/><V43/><F43/><W47/><G47/><T28/><D28/><U75/><E75/><V118/><F118/><W113/><G113/><T127/><D127/><U124/><E30/><V40/><F40/><W53/><G31/><T68/><D68/><U73/><E73/><V114/><F82/><W128/><G128/><T86/><D77/><U88/><E115/><V20/><F114/><W122/><G122/><T117/><D117/><U9/><E83/><V76/><F76/><W6/><G24/><T23/><D41/><U134/><E134/><V3/><F3/><W25/><G25/><N who="0" m="14567" /><D37/><U48/><E62/><N who="2" m="38095" /><F59/><W51/><G6/><T27/><D27/><U112/><E112/><V123/><F29/><W39/><G39/><T14/><D14/><U70/><E70/><V87/><F87/><W90/><G10/><N who="1" m="3594" /><E124/><V110/><F110/><W78/><G78/><T94/><D94/><U95/><E109/><V111/><F111/><W21/><G21/><T119/><D119/><U106/><E106/><V102/><F123/><W22/><G22/><T92/><D93/><U79/><E125/><V69/><F69/><W98/><G2/><T135/><D135/><U8/><E79/><V103/><F103/><W32/><G101/><T13/><D92/><U121/><E95/><RYUUKYOKU ba="1,0" sc="376,-10,250,-10,124,30,250,-10" hai2="17,20,33,34,96,102,105,129,130,131" /><INIT seed="1,2,0,5,1,69" ten="366,240,154,240" oya="1" hai0="113,128,56,115,73,14,98,91,123,130,62,13,68" hai1="51,39,84,21,104,54,90,116,131,80,112,40,53" hai2="1,15,100,36,45,30,20,75,135,66,89,96,67" hai3="105,58,102,22,37,71,59,17,49,57,16,83,3"/><U38/><E104/><V63/><F1/><W94/><G71/><T97/><D123/><U101/><E101/><V27/><F75/><W55/><G105/><T86/><D73/><U111/><E116/><V52/><F135/><W119/><G3/><T107/><D68/><U65/><E112/><V72/><F72/><W60/><G119/><T25/><D25/><U12/><E40/><V18/><F89/><W34/><G34/><T88/><D107/><U43/><E43/><V29/><F29/><W5/><G5/><T48/><D48/><U79/><E65/><V2/><F2/><W99/><G83/><T47/><D47/><U118/><E118/><V108/><F108/><W121/><G121/><T42/><D42/><U92/><E111/><V93/><F36/><W106/><G106/><T76/><D86/><U32/><E32/><V33/><REACH who="2" step="1"/><F63/><REACH who="2" ten="366,240,144,240" step="2"/><W50/><G37/><T44/><D62/><U81/><E79/><V117/><F117/><W126/><G60/><T110/><D110/><U9/><E39/><V133/><F133/><W124/><G49/><AGARI ba="2,1" hai="15,18,20,27,30,33,45,49,52,66,67,93,96,100" machi="49" ten="40,2600,0" yaku="1,1,54,1,53,0" doraHai="69" doraHaiUra="109" who="2" fromWho="3" sc="366,0,240,0,144,42,240,-32" /><INIT seed="2,0,0,2,4,100" ten="366,240,186,208" oya="2" hai0="116,24,34,70,101,17,94,1,119,117,82,72,28" hai1="91,102,46,64,12,129,23,108,133,31,134,40,63" hai2="113,44,3,22,54,13,111,110,32,107,115,4,109" hai3="21,78,42,37,69,45,19,87,114,112,39,104,2"/><V96/><F32/><W123/><G123/><T98/><D1/><U65/><E102/><N who="2" m="62919" /><F3/><W122/><G122/><T105/><D70/><U125/><E64/><V75/><F75/><W58/><G69/><T67/><D67/><U71/><E12/><V80/><F80/><N who="3" m="47511" /><G2/><T0/><D0/><U103/><E91/><V6/><F22/><W118/><G118/><T16/><D94/><U11/><E103/><V14/><F54/><W132/><G132/><T120/><D120/><U95/><E23/><V73/><F44/><W56/><G39/><T55/><D55/><U135/><E95/><V62/><F62/><W33/><G33/><T20/><D34/><U61/><E61/><V29/><F29/><W68/><G68/><T41/><D41/><U26/><E31/><V121/><F73/><W127/><G127/><T93/><D93/><U126/><E26/><V38/><F38/><W77/><G77/><AGARI ba="0,0" hai="16,17,20,24,28,72,77,82,98,101,105,116,117,119" machi="77" ten="40,5200,0" yaku="12,1,52,1,54,1" doraHai="100" who="0" fromWho="3" sc="366,52,240,0,186,0,208,-52" /><INIT seed="3,0,0,3,4,12" ten="418,240,186,156" oya="3" hai0="28,42,83,51,16,3,44,113,68,13,1,32,88" hai1="56,72,97,130,117,81,73,101,66,67,107,47,133" hai2="45,80,119,65,75,114,103,40,17,7,100,33,105" hai3="24,25,19,11,43,74,69,109,48,6,123,18,62"/><W27/><G123/><T64/><D113/><U61/><E117/><V86/><F33/><W35/><G74/><T90/><D28/><U106/><E130/><V39/><F65/><W77/><G77/><T21/><D32/><U124/><E124/><V122/><F119/><W22/><G69/><T36/><D36/><U34/><E34/><V57/><F114/><W46/><G35/><T126/><D126/><U23/><E133/><V78/><F122/><W14/><G109/><T93/><D83/><U53/><E106/><V94/><F7/><W30/><REACH who="3" step="1"/><G62/><REACH who="3" ten="418,240,186,146" step="2"/><T49/><D68/><U135/><E72/><V70/><F70/><W2/><G2/><T99/><D1/><U121/><E121/><V89/><F75/><W38/><G38/><T115/><D3/><U120/><E120/><V92/><F78/><W9/><G9/><T125/><D125/><U60/><E73/><V95/><F39/><W87/><G87/><N who="0" m="52383" /><D115/><U98/><E61/><V52/><F86/><W50/><G50/><T15/><D51/><U112/><E60/><V96/><F96/><W31/><G31/><T79/><D79/><U26/><E98/><V128/><F103/><W102/><G102/><T82/><D99/><U91/><E97/><V71/><F100/><W85/><G85/><T104/><D49/><U4/><E101/><V29/><F29/><W127/><G127/><T118/><D118/><U110/><E110/><V108/><F108/><W134/><G134/><T20/><D104/><U84/><E107/><V55/><F105/><W59/><G59/><T54/><D90/><U131/><E91/><RYUUKYOKU ba="0,1" sc="418,-10,240,-10,186,-10,146,30" hai3="6,11,14,18,19,22,24,25,27,30,43,46,48" /><INIT seed="3,1,1,5,2,126" ten="408,230,176,176" oya="3" hai0="10,51,5,40,64,30,111,108,50,14,81,53,57" hai1="72,76,135,21,28,39,23,129,17,19,109,6,15" hai2="32,3,60,34,98,85,0,7,131,49,125,123,97" hai3="13,92,69,120,24,84,93,104,77,114,124,117,2"/><W73/><G2/><T113/><D113/><U101/><E39/><V18/><F49/><W16/><G117/><T102/><D102/><U80/><E135/><V95/><F60/><W70/><G114/><T36/><D36/><U44/><E109/><N who="0" m="42057" /><D64/><U8/><E28/><V52/><F125/><W59/><G120/><T12/><D30/><U25/><E101/><V91/><F123/><W26/><G73/><T110/><D81/><U96/><E96/><V130/><F18/><W63/><G70/><T94/><D94/><N who="3" m="36457" /><G69/><T83/><D83/><U45/><REACH who="1" step="1"/><E129/><REACH who="1" ten="408,220,176,176" step="2"/><N who="2" m="49163" /><F98/><W38/><G38/><T68/><D110/><U20/><E20/><V35/><F97/><W54/><G104/><T106/><D106/><U122/><E122/><V37/><F37/><W99/><G99/><T42/><D10/><U88/><E88/><V87/><F87/><W103/><G103/><T41/><D50/><U74/><E74/><V127/><F127/><W90/><G124/><T33/><D51/><U4/><E4/><V27/><F7/><W62/><G62/><T118/><D5/><U29/><E29/><N who="2" m="19519" /><F35/><W121/><G121/><T107/><D33/><U82/><E82/><V31/><F31/><W105/><G105/><T47/><D107/><U56/><E56/><V22/><F22/><N who="3" m="11535" /><G77/><T89/><D57/><U100/><E100/><V78/><F34/><W112/><G112/><T115/><D115/><U66/><E66/><V71/><F78/><W116/><G116/><T79/><D79/><U1/><AGARI ba="1,2" hai="1,6,8,15,17,19,21,23,25,44,45,72,76,80" machi="1" ten="20,2700,0" yaku="1,1,0,1,7,1,53,0" doraHai="126" doraHaiUra="65" who="1" fromWho="1" sc="408,-8,220,50,176,-8,176,-14" /><INIT seed="4,0,0,2,5,39" ten="400,270,168,162" oya="0" hai0="36,90,65,117,60,49,27,67,112,73,40,126,92" hai1="107,99,12,94,91,77,41,115,22,24,11,28,124" hai2="3,53,54,4,125,82,102,30,114,17,135,33,1" hai3="5,98,89,14,81,101,58,129,97,79,64,23,32"/><T16/><D117/><U78/><E107/><V106/><F114/><W57/><G32/><T9/><D73/><U25/><E124/><V45/><F125/><W61/><G129/><T93/><D36/><U85/><E115/><V19/><F135/><W76/><G89/><T34/><D126/><U95/><E25/><V84/><F102/><W128/><G128/><T131/><D131/><U29/><E29/><V42/><F106/><W52/><G101/><T103/><D103/><U47/><E94/><V66/><F66/><W108/><G108/><T111/><D112/><U70/><E70/><V6/><F30/><W130/><G130/><T105/><D105/><U38/><REACH who="1" step="1"/><E99/><REACH who="1" ten="400,260,168,162" step="2"/><V18/><F33/><W100/><G100/><T2/><D92/><U104/><E104/><V43/><F82/><W68/><G68/><N who="0" m="42023" /><D34/><U51/><E51/><V7/><F84/><W50/><G81/><T113/><D49/><U48/><E48/><V0/><F45/><W132/><G98/><T35/><D35/><U116/><E116/><V133/><F133/><W15/><G97/><T71/><D71/><U31/><E31/><V55/><AGARI ba="0,1" hai="0,1,3,4,6,7,17,18,19,42,43,53,54,55" machi="55" ten="50,32000,5" yakuman="40" doraHai="39" who="2" fromWho="2" sc="400,-160,260,-80,168,330,162,-80" /><INIT seed="5,0,0,1,2,121" ten="240,180,498,82" oya="1" hai0="65,110,13,60,126,127,85,49,135,37,19,72,25" hai1="114,51,99,12,21,77,67,61,44,133,91,100,106" hai2="118,103,56,58,80,26,33,18,134,89,52,104,94" hai3="63,70,93,3,122,76,20,107,116,109,69,130,42"/><U54/><E114/><V73/><F118/><W92/><G122/><T11/><D37/><U83/><E133/><V96/><F134/><W68/><G116/><T6/><D135/><U16/><E91/><V102/><F102/><W28/><G107/><T62/><D72/><U115/><E115/><V90/><F58/><W35/><G35/><T71/><D110/><U5/><E5/><V75/><F33/><W101/><G3/><T10/><D62/><U82/><REACH who="1" step="1"/><E77/><REACH who="1" ten="240,170,498,82" step="2"/><V7/><F7/><W108/><G76/><T84/><D127/><U53/><E53/><V32/><F90/><W119/><G119/><T39/><D6/><U8/><E8/><V55/><F55/><W1/><G1/><T45/><D10/><U87/><E87/><V48/><F89/><W81/><G42/><T36/><D11/><U123/><E123/><V22/><F52/><W43/><G43/><T120/><D84/><U97/><E97/><V47/><F75/><W128/><G101/><T38/><D85/><U64/><E64/><V95/><F103/><W46/><G81/><T113/><D120/><U105/><E105/><V74/><F80/><W88/><G88/><T131/><D113/><U50/><E50/><V78/><F48/><W41/><G63/><T79/><D38/><U31/><E31/><V34/><F78/><W40/><G40/><T124/><D36/><U132/><E132/><V30/><F104/><W98/><G98/><T57/><D39/><U4/><E4/><V112/><F74/><W24/><G41/><T111/><D124/><U14/><E14/><V117/><F73/><RYUUKYOKU ba="0,1" sc="240,-10,170,30,498,-10,82,-10" hai1="12,16,21,44,51,54,61,67,82,83,99,100,106" /><INIT seed="5,1,1,3,4,95" ten="230,200,488,72" oya="1" hai0="52,120,39,125,27,124,31,75,102,85,69,58,77" hai1="22,32,98,24,90,19,47,48,62,112,117,111,109" hai2="7,8,10,84,12,49,3,119,41,101,80,108,134" hai3="82,34,45,88,6,23,118,4,106,92,131,30,93"/><U83/><E32/><V42/><F134/><W14/><G106/><T71/><D75/><U86/><E117/><V123/><F108/><W68/><G118/><T89/><D39/><U122/><E122/><V60/><F119/><W135/><G135/><T63/><D77/><U64/><E112/><V78/><F123/><W51/><G34/><T38/><D38/><U35/><E35/><V76/><F60/><W54/><G68/><T91/><D120/><U70/><REACH who="1" step="1"/><E98/><REACH who="1" ten="230,190,488,72" step="2"/><V127/><F127/><W43/><G131/><T16/><D71/><U0/><E0/><V129/><F3/><W97/><G93/><T33/><D69/><U126/><E126/><V74/><F129/><W65/><G82/><T103/><D125/><U36/><E36/><V15/><F80/><W50/><G65/><T72/><D124/><U20/><E20/><V28/><F10/><W79/><G79/><T66/><D66/><U99/><E99/><V115/><F8/><W46/><G14/><T25/><D33/><U114/><E114/><V57/><F115/><W26/><AGARI ba="1,2" hai="4,6,23,26,30,43,45,46,50,51,54,88,92,97" machi="26" ten="30,7900,0" yaku="0,1,8,1,52,1,54,1" doraHai="95" who="3" fromWho="3" sc="230,-21,190,-40,488,-21,72,102" /><INIT seed="6,0,0,2,4,84" ten="209,150,467,174" oya="2" hai0="45,66,4,47,50,127,17,133,24,71,132,120,115" hai1="100,25,119,16,29,67,51,69,30,27,77,59,36" hai2="5,112,21,19,11,135,43,18,96,131,3,42,10" hai3="108,97,106,68,89,75,64,1,23,26,63,85,41"/><V103/><F112/><W48/><G108/><T52/><D120/><U70/><E36/><V83/><F135/><N who="0" m="51786" /><D115/><U93/><E119/><V49/><F131/><W20/><G1/><T99/><D4/><U101/><E77/><V39/><F39/><W109/><G109/><T22/><D99/><U8/><E67/><V134/><F134/><W35/><G75/><T107/><D107/><U57/><E51/><V76/><F49/><W79/><G79/><T58/><D127/><U62/><E93/><V95/><F11/><W124/><G124/><T2/><D2/><U38/><E38/><V102/><F102/><N who="3" m="62799" /><G48/><T128/><D128/><U34/><E8/><V113/><F19/><W104/><G41/><T117/><D117/><U13/><E13/><V72/><F113/><W86/><G86/><T15/><D15/><AGARI ba="0,0" hai="3,5,10,15,18,21,42,43,72,76,83,95,96,103" machi="15" ten="30,1500,0" yaku="7,1" doraHai="84" who="2" fromWho="0" sc="209,-15,150,0,467,15,174,0" /><INIT seed="6,1,0,5,4,41" ten="194,150,482,174" oya="2" hai0="18,49,79,83,99,131,28,29,35,50,26,108,24" hai1="5,65,70,75,111,77,93,21,15,98,48,103,42" hai2="59,84,31,110,86,89,58,88,6,2,38,7,117" hai3="36,97,69,57,52,0,71,74,68,102,113,51,46"/><V76/><F38/><W122/><G122/><T90/><D108/><U30/><E111/><V34/><F110/><W128/><G0/><T100/><D90/><N who="2" m="34922" /><F34/><W105/><G128/><T32/><D18/><U16/><E65/><V54/><F2/><W12/><G74/><T127/><D127/><U129/><E70/><V27/><F117/><W132/><G132/><T109/><D131/><U22/><E129/><V106/><F106/><W123/><G123/><T3/><D3/><U82/><E5/><N who="2" m="1547" /><F76/><W135/><G135/><T37/><D37/><U61/><E61/><V47/><F27/><W92/><G12/><T120/><D120/><U73/><E30/><V72/><F31/><W1/><G1/><T64/><D64/><U23/><REACH who="1" step="1"/><E75/><REACH who="1" ten="194,140,482,174" step="2"/><V45/><F72/><W14/><G105/><T55/><D109/><U133/><E133/><V87/><F54/><W104/><G104/><T56/><D55/><U107/><E107/><V44/><AGARI ba="1,1" hai="44,45,47,58,59,84,86,87" m="1547,34922" machi="44" ten="40,18000,2" yaku="28,2,8,1,52,3,54,1" doraHai="41" who="2" fromWho="2" sc="194,-61,140,-61,482,193,174,-61" /><INIT seed="6,2,0,2,3,2" ten="133,79,675,113" oya="2" hai0="73,103,128,130,45,37,84,44,83,69,118,53,19" hai1="24,91,30,55,79,115,61,110,88,3,135,51,32" hai2="64,21,72,20,95,50,14,99,133,7,134,11,47" hai3="76,80,86,117,22,15,107,81,98,131,25,114,85"/><V39/><F72/><W58/><G117/><T74/><D69/><U71/><E3/><V111/><F39/><W87/><G131/><N who="0" m="50219" /><D118/><U113/><E110/><V121/><F64/><W43/><G114/><N who="1" m="43530" /><E79/><V10/><F111/><W75/><G43/><N who="0" m="22639" /><D103/><U40/><E40/><V9/><F121/><W59/><G75/><T65/><D65/><N who="1" m="41391" /><E135/><N who="2" m="51723" /><F50/><W97/><G76/><N who="0" m="46183" /><D19/><U70/><E70/><V57/><F47/><AGARI ba="2,0" hai="24,30,32,47,51,55,88,91" m="41391,43530" machi="47" ten="30,2000,0" yaku="15,1,54,1" doraHai="2" who="1" fromWho="2" sc="133,0,79,26,675,-26,113,0" /><INIT seed="7,0,0,3,3,97" ten="133,105,649,113" oya="3" hai0="18,66,104,90,65,131,132,112,81,77,24,60,128" hai1="106,73,105,118,52,80,23,98,103,9,4,26,82" hai2="40,75,83,50,99,129,54,22,61,55,117,133,33" hai3="19,120,89,122,78,27,25,86,92,7,111,17,11"/><W107/><G107/><T93/><D104/><U3/><E106/><V32/><F22/><W6/><G111/><T20/><D132/><U2/><E118/><V63/><F83/><W121/><G78/><T127/><D127/><U109/><E109/><V39/><F75/><W1/><G6/><T95/><D112/><U35/><E35/><V123/><F99/><W49/><G49/><T28/><D28/><U102/><E102/><V44/><F117/><W114/><G114/><T69/><D65/><U13/><E52/><V87/><F87/><W64/><G64/><T79/><D79/><U124/><E124/><V119/><F119/><W126/><G126/><T53/><D53/><U36/><E36/><V38/><F133/><W57/><G57/><T59/><D69/><U56/><E56/><V110/><F110/><W88/><G89/><T67/><D67/><U51/><E51/><V134/><F134/><W15/><G17/><T113/><D113/><U125/><E125/><V48/><F129/><N who="0" m="49738" /><D90/><U101/><E101/><V46/><F40/><W31/><G31/><T76/><D76/><U0/><REACH who="1" step="1"/><E73/><AGARI ba="0,0" hai="18,20,24,59,60,66,73,77,81,93,95" m="49738" machi="73" ten="30,1000,0" yaku="19,1" doraHai="97" who="0" fromWho="1" sc="133,10,105,-10,649,0,113,0" owari="143,-6.0,95,-40.0,649,75.0,113,-29.0" /></mjloggm>