<mjloggm ver="2.3"><GO type="41"/><UN n0="%E8%99%B9%E5%B7%9D%E3%82%8A%E3%82%8A%E3%81%8B" n1="%62%6F%73%74%6F%6E" n2="%EF%BC%88%E2%89%A7%E2%96%BD%E2%89%A6%EF%BC%89" n3="%E3%83%A1%E3%82%B1%E3%83%A1%E3%82%B1%4D%6B%2D%E2%85%A1" dan="14,14,15,14" rate="1862,1925,2009,2006" sx="M,M,F,M"/><TAIKYOKU oya="0"/><INIT seed="0,0,0,3,4,91" ten="250,250,250,250" oya="0" hai0="62,1,34,88,77,68,12,26,94,85,58,14,52" hai1="96,43,66,19,129,70,117,99,30,48,57,59,122" hai2="29,16,65,63,113,74,103,37,8,3,22,115,109" hai3="127,108,20,135,69,6,64,110,89,132,93,112,101"/><T5/><D1/><U41/><E70/><V95/><F74/><W80/><G6/><T54/><D68/><U133/><E30/><V84/><F37/><W126/><G20/><T17/><D54/><U15/><E122/><V33/><F33/><W18/><G18/><T47/><D47/><U13/><E117/><V104/><F104/><W124/><G69/><T60/><D77/><U27/><E133/><N who="3" m="51274" /><G64/><T56/><D58/><U86/><E129/><V2/><F2/><W97/><G112/><T4/><D60/><U79/><E66/><V121/><F121/><W82/><G101/><T119/><D119/><U92/><E48/><V10/><F109/><AGARI ba="0,0" hai="80,82,89,93,97,108,109,110,124,126,127" m="51274" machi="109" ten="40,12000,2" yaku="14,1,18,1,20,1,34,2,52,1" doraHai="91" who="3" fromWho="2" sc="250,0,250,0,250,-120,250,120" /><INIT seed="1,0,0,1,1,41" ten="250,250,130,370" oya="1" hai0="9,96,29,53,64,34,28,122,63,84,115,103,97" hai1="108,8,118,43,104,7,132,40,38,86,78,80,19" hai2="101,56,124,52,100,18,70,1,16,113,4,79,69" hai3="85,134,130,49,62,42,81,94,26,95,76,98,72"/><U15/><E104/><V119/><F119/><W10/><G134/><T44/><D115/><U67/><E132/><V57/><F124/><W82/><G130/><T131/><D131/><U32/><E118/><V121/><F113/><W68/><G68/><T120/><D84/><U116/><E32/><V39/><F121/><N who="0" m="46698" /><D9/><U114/><E116/><V83/><F39/><W59/><G72/><T27/><D29/><U37/><E114/><V73/><F70/><W35/><G82/><T112/><D112/><U106/><E67/><V92/><F69/><W111/><G98/><T22/><D22/><U129/><E106/><V77/><F77/><W109/><G26/><T17/><D17/><U3/><E129/><V31/><F31/><W24/><G24/><T127/><D127/><U46/><E108/><N who="3" m="41546" /><G10/><T123/><D123/><U90/><E78/><V23/><F57/><W48/><G48/><N who="0" m="28807" /><D103/><U74/><E74/><V110/><F110/><W93/><G35/><T0/><D0/><U14/><E19/><V107/><F100/><W5/><G5/><T21/><D21/><U88/><REACH who="1" step="1"/><E90/><REACH who="1" ten="250,240,130,370" step="2"/><V2/><F18/><W99/><G99/><T36/><D97/><U58/><E58/><V51/><F107/><W25/><G59/><N who="0" m="36991" /><D96/><U87/><E87/><V50/><F4/><W66/><G85/><T75/><D75/><U133/><E133/><V102/><F101/><W30/><G76/><T20/><D34/><U47/><AGARI ba="0,1" hai="3,7,8,14,15,37,38,40,43,46,47,80,86,88" machi="47" ten="30,18000,2" yaku="1,1,0,1,9,1,52,2,54,1,53,0" doraHai="41" doraHaiUra="45" who="1" fromWho="1" sc="250,-60,240,190,130,-60,370,-60" /><INIT seed="1,1,0,1,2,84" ten="190,430,70,310" oya="1" hai0="66,12,106,119,94,14,26,74,43,38,6,132,10" hai1="110,27,35,51,128,104,78,98,134,49,93,47,82" hai2="92,133,112,16,96,103,23,88,28,3,101,54,65" hai3="59,118,24,120,9,77,13,97,70,4,108,89,75"/><U30/><E104/><V61/><F3/><W52/><G120/><T99/><D74/><U85/><E134/><V68/><F112/><W44/><G118/><T2/><D119/><U129/><E110/><V107/><F133/><W20/><G70/><T56/><D132/><U46/><E46/><V1/><F1/><W29/><G108/><T100/><D26/><U40/><REACH who="1" step="1"/><E51/><REACH who="1" ten="190,420,70,310" step="2"/><V124/><F124/><W8/><G44/><T22/><D106/><U102/><AGARI ba="1,1" hai="27,30,35,40,47,49,78,82,85,93,98,102,128,129" machi="102" ten="30,6000,0" yaku="1,1,2,1,0,1,53,0" doraHai="84" doraHaiUra="111" who="1" fromWho="1" sc="190,-21,420,73,70,-21,310,-21" /><INIT seed="1,2,0,3,1,73" ten="169,493,49,289" oya="1" hai0="24,28,40,105,89,27,131,22,124,26,37,4,72" hai1="85,52,13,21,83,9,115,6,130,2,129,30,113" hai2="76,101,5,116,18,20,64,84,61,3,33,65,108" hai3="91,49,1,35,66,48,53,14,120,107,42,7,86"/><U23/><E30/><V106/><F116/><W95/><G35/><T77/><D105/><U82/><E82/><N who="2" m="47175" /><F33/><W93/><G107/><T134/><D4/><U46/><E2/><V79/><F106/><W0/><G120/><T123/><D89/><U99/><E99/><V100/><F108/><W98/><G66/><N who="2" m="25705" /><F3/><W32/><G32/><T44/><D123/><U127/><E127/><V109/><F109/><W63/><G42/><T55/><D55/><U97/><E97/><V128/><F128/><N who="1" m="49257" /><E115/><V125/><F125/><W57/><G1/><T80/><D124/><U60/><E113/><V70/><F70/><W47/><G0/><T81/><D131/><U17/><E6/><V96/><F5/><W68/><G68/><T110/><D110/><U104/><E104/><V11/><F11/><N who="3" m="4479" /><G47/><T34/><D134/><U69/><E69/><V117/><F117/><W118/><G118/><T92/><D80/><U19/><E19/><V88/><F61/><W38/><G38/><T8/><D34/><U133/><E133/><V74/><F74/><W50/><G63/><T15/><D72/><U71/><E71/><V132/><F132/><W135/><G135/><T62/><D62/><U43/><E43/><V10/><F10/><W75/><G75/><T39/><D40/><U31/><E60/><V126/><F126/><W59/><G53/><T16/><D8/><U41/><E41/><V58/><F58/><W122/><G122/><T121/><D121/><U78/><E31/><V111/><F111/><W51/><N who="3" m="12288" /><DORA hai="90" /><W56/><G98/><T29/><D28/><U45/><E52/><RYUUKYOKU ba="2,0" sc="169,-15,493,15,49,-15,289,15" hai1="9,13,17,21,23,45,46,78,83,85" hai3="56,57,59,86,91,93,95" /><INIT seed="1,3,0,4,5,34" ten="154,508,34,304" oya="1" hai0="38,25,7,60,45,54,93,77,134,20,96,73,16" hai1="27,91,61,66,32,4,94,19,84,108,87,57,59" hai2="100,22,14,92,65,8,120,90,119,56,41,18,82" hai3="1,114,70,6,2,36,112,118,37,81,9,13,46"/><U12/><E4/><V83/><F120/><W122/><G122/><T67/><D134/><U48/><E32/><V105/><F119/><W49/><G118/><T127/><D127/><U40/><E27/><V72/><F72/><W133/><G70/><T128/><D128/><U5/><E5/><V88/><F41/><W95/><G133/><T44/><D7/><U86/><E108/><V124/><F124/><W11/><G95/><T121/><D121/><U116/><E116/><V35/><F35/><W135/><G135/><T75/><D77/><U106/><E106/><V80/><F105/><W102/><G102/><T28/><D28/><U69/><E69/><V104/><F104/><W0/><G11/><T24/><D24/><U103/><E103/><V15/><F100/><W64/><G64/><T58/><D38/><U130/><E130/><V30/><F92/><W68/><G68/><T55/><D73/><U78/><E78/><V29/><F29/><W123/><G123/><T101/><D75/><U52/><E40/><V115/><F115/><W26/><G26/><T97/><D96/><U23/><AGARI ba="3,0" hai="12,19,23,48,52,57,59,61,66,84,86,87,91,94" machi="23" ten="20,18000,2" yaku="0,1,7,1,25,2,8,1,54,1" doraHai="34" who="1" fromWho="1" sc="154,-63,508,189,34,-63,304,-63" owari="91,-31.0,697,80.0,-29,-53.0,241,4.0" /></mjloggm>