<mjloggm ver="2.3"><GO type="169"/><UN n0="%E3%83%9A%E3%83%81%E3%83%A7%E3%83%BC%E3%83%AA%E3%83%B3" n1="%E3%82%B9%E3%83%BC%E3%83%8B" n2="%EF%BC%88%E2%89%A7%E2%96%BD%E2%89%A6%EF%BC%89" n3="%E5%A4%BE%2E" dan="17,16,18,16" rate="2192,2045,2182,2063" sx="M,M,M,F"/><TAIKYOKU oya="0"/><INIT seed="0,0,0,1,3,7" ten="250,250,250,250" oya="0" hai0="82,102,71,55,2,40,38,46,39,92,6,127,118" hai1="43,78,97,64,21,70,13,95,48,61,74,120,90" hai2="16,26,33,59,69,41,124,111,12,31,53,24,96" hai3="79,1,37,9,122,110,89,28,72,42,17,18,23"/><T67/><D118/><U83/><E120/><V91/><F69/><W4/><G122/><T132/><D127/><U58/><E21/><V62/><F124/><W14/><G110/><T87/><D132/><U98/><E43/><V134/><F111/><W22/><G89/><T32/><D32/><U52/><REACH who="1" step="1"/><E13/><REACH who="1" ten="250,240,250,250" step="2"/><V113/><F41/><W27/><G42/><T107/><D40/><U129/><E129/><V65/><F134/><W119/><G119/><T93/><D39/><U131/><E131/><V103/><F113/><W3/><G37/><T116/><D38/><U36/><E36/><V56/><F33/><N who="3" m="20639" /><G72/><T66/><D116/><U73/><E73/><V104/><F31/><W51/><G79/><T60/><D2/><N who="3" m="521" /><G51/><T47/><D60/><U88/><E88/><V5/><F91/><W11/><G4/><T29/><D6/><U126/><E126/><V34/><F5/><W44/><G44/><T123/><D47/><U84/><AGARI ba="0,1" hai="48,52,58,61,64,70,74,78,83,84,90,95,97,98" machi="84" ten="20,5200,0" yaku="1,1,0,1,7,1,54,1,53,0" doraHai="7" doraHaiUra="128" who="1" fromWho="1" sc="250,-26,240,62,250,-13,250,-13" /><INIT seed="1,0,0,5,5,114" ten="224,302,237,237" oya="1" hai0="48,108,91,86,44,35,62,133,43,2,84,15,101" hai1="40,21,61,118,18,7,82,127,105,99,51,116,57" hai2="121,56,125,38,33,24,32,122,134,87,11,53,92" hai3="103,85,65,31,0,76,50,4,74,80,58,83,124"/><U90/><E7/><V93/><F38/><W30/><G124/><T117/><D2/><U81/><E127/><V68/><F125/><W17/><G103/><T129/><D133/><U69/><E69/><V111/><F68/><W97/><G97/><T94/><D35/><U73/><E40/><V64/><F64/><W131/><G131/><T89/><D129/><U104/><E51/><V6/><F134/><W59/><G17/><T100/><D108/><U13/><E81/><V77/><F111/><W102/><G102/><T106/><D106/><U109/><E109/><V34/><F24/><W128/><G128/><T12/><D62/><U126/><E126/><V45/><F45/><W19/><G19/><T70/><D70/><U130/><E130/><V47/><F47/><W10/><G59/><T5/><D117/><U39/><E39/><V20/><F20/><W3/><G3/><T120/><D120/><U49/><E49/><N who="2" m="30767" /><F122/><W107/><G107/><T123/><D123/><U66/><E104/><V88/><F77/><W75/><G75/><T26/><D26/><U115/><E115/><V67/><F67/><W96/><G96/><T28/><D28/><U27/><E27/><V112/><F112/><W132/><G132/><T42/><D42/><U37/><E37/><V55/><F55/><N who="3" m="32119" /><G65/><T113/><D113/><U29/><E29/><V63/><F121/><W9/><G9/><N who="0" m="4143" /><D15/><U23/><E105/><V8/><F63/><W135/><G135/><T14/><D14/><U119/><E73/><V78/><F6/><W72/><G72/><T54/><D43/><U46/><E119/><RYUUKYOKU ba="0,0" sc="224,15,302,-15,237,-15,237,15" hai0="44,48,54,84,86,89,91,94,100,101" hai3="0,4,10,30,31,74,76,80,83,85" /><INIT seed="2,1,0,2,4,56" ten="239,287,222,252" oya="2" hai0="12,22,122,23,49,5,99,27,39,125,133,120,4" hai1="71,132,135,88,1,78,34,97,52,121,72,90,130" hai2="2,47,35,26,115,41,95,29,33,83,28,104,16" hai3="74,129,67,134,126,46,84,53,114,21,17,58,38"/><V8/><F104/><W50/><G74/><T124/><D39/><U93/><E71/><V77/><F115/><W89/><G114/><T82/><D82/><N who="1" m="45383" /><E34/><V118/><F118/><W128/><G126/><N who="0" m="48747" /><D99/><U107/><E1/><V73/><F95/><N who="3" m="54695" /><G134/><N who="1" m="51242" /><E107/><V86/><F86/><W13/><G38/><T25/><D49/><U40/><E40/><V102/><F102/><W65/><G46/><T106/><D106/><U44/><E121/><N who="0" m="46697" /><D133/><U75/><E75/><V80/><F80/><W30/><G30/><N who="0" m="17719" /><D12/><U113/><E113/><V70/><F70/><W10/><G50/><T109/><D109/><U20/><E44/><V63/><F47/><W112/><G112/><T7/><D7/><U131/><E52/><V18/><F2/><W43/><G43/><T101/><D101/><U37/><E37/><V31/><F41/><W3/><G53/><T105/><D105/><U96/><E96/><V32/><F35/><W6/><G58/><T69/><D69/><U87/><E20/><N who="2" m="13591" /><F33/><W14/><G3/><T76/><D76/><U116/><E116/><V92/><F32/><W123/><G123/><T51/><D51/><U94/><AGARI ba="1,0" hai="87,88,90,93,94,97,130,131" m="51242,45383" machi="94" ten="30,7900,0" yaku="20,1,34,2,54,1" doraHai="56" who="1" fromWho="1" sc="239,-21,287,82,222,-40,252,-21" /><INIT seed="3,0,0,0,2,100" ten="218,369,182,231" oya="3" hai0="42,12,35,88,130,89,112,125,77,32,123,131,51" hai1="109,63,99,91,116,22,41,94,107,14,70,52,122" hai2="9,73,54,127,124,69,33,65,56,129,48,87,76" hai3="72,82,24,38,39,118,93,133,113,134,111,78,68"/><W61/><G118/><T11/><D123/><U6/><E122/><V4/><F33/><N who="0" m="12874" /><D77/><U43/><E107/><V64/><F87/><W98/><G113/><T18/><D112/><U114/><E114/><V2/><F129/><N who="0" m="49162" /><D125/><N who="2" m="48202" /><F69/><W66/><G24/><T102/><D102/><U101/><E116/><V17/><F17/><W29/><G29/><T47/><AGARI ba="0,0" hai="11,12,18,42,47,51,88,89" m="49162,12874" machi="47" ten="40,2700,0" yaku="19,1,54,1" doraHai="100" who="0" fromWho="0" sc="218,27,369,-7,182,-7,231,-13" /><INIT seed="4,0,0,4,0,60" ten="245,362,175,218" oya="0" hai0="116,62,39,132,94,38,121,68,102,4,50,134,67" hai1="51,126,129,101,77,13,89,37,42,110,88,53,105" hai2="56,104,115,23,125,97,66,46,54,118,29,58,79" hai3="100,108,82,44,65,36,12,93,8,73,59,43,28"/><T40/><D4/><U64/><E77/><V41/><F125/><W31/><G108/><T103/><D94/><U9/><E110/><V91/><F118/><W81/><G100/><T131/><D102/><U45/><E126/><V3/><F3/><W35/><G93/><T22/><D103/><U33/><E33/><V19/><F115/><W70/><G70/><T61/><D22/><U120/><E120/><V83/><F104/><W76/><G82/><T69/><D116/><U78/><E78/><V114/><F29/><W122/><G122/><T1/><D1/><U14/><E14/><V15/><F114/><W20/><G20/><T109/><D121/><U71/><E129/><V96/><F91/><W26/><G31/><T63/><D131/><U74/><E74/><V92/><F92/><W130/><G130/><T87/><D87/><U5/><E101/><V84/><F54/><W32/><G32/><T47/><D109/><U85/><E105/><V111/><F111/><W16/><REACH who="3" step="1"/><G59/><REACH who="3" ten="245,362,175,208" step="2"/><T17/><D17/><U133/><E71/><N who="0" m="27209" /><D67/><AGARI ba="0,1" hai="8,12,16,26,28,35,36,43,44,65,67,73,76,81" machi="67" ten="40,8000,1" yaku="1,1,52,2,54,1,53,0" doraHai="60" doraHaiUra="48" who="3" fromWho="0" sc="245,-80,362,0,175,0,208,90" /><INIT seed="5,0,0,2,3,12" ten="165,362,175,298" oya="1" hai0="104,109,115,26,44,131,113,56,4,111,129,55,107" hai1="34,135,7,46,82,2,92,94,99,100,39,54,13" hai2="78,59,21,14,40,120,37,45,38,112,130,85,10" hai3="122,76,133,27,91,43,61,20,35,48,52,23,5"/><U63/><E34/><V117/><F120/><W57/><G122/><T42/><D4/><U33/><E33/><V24/><F117/><W22/><G133/><T102/><D26/><U31/><E31/><V75/><F130/><N who="0" m="49674" /><D102/><U3/><E135/><V41/><F112/><N who="0" m="43082" /><D104/><U28/><E28/><V87/><F59/><W30/><G76/><T101/><D101/><U32/><E32/><V36/><F75/><W124/><G5/><T68/><D68/><U95/><E82/><V118/><F118/><W15/><G91/><T65/><D65/><U51/><E3/><V50/><F41/><W125/><G15/><T98/><D98/><U25/><E25/><V97/><F97/><W19/><G35/><T9/><D9/><U71/><E71/><V116/><F116/><W6/><G6/><T18/><D18/><U90/><E2/><V132/><F132/><W0/><G0/><T93/><D93/><U53/><E13/><V108/><F78/><W79/><G79/><T8/><D8/><U16/><E7/><V70/><F70/><W134/><G134/><T84/><D84/><U128/><E128/><V106/><F106/><W73/><G30/><T66/><D66/><U47/><E90/><V11/><F11/><W29/><G29/><T119/><D107/><U123/><E123/><V114/><F114/><W81/><G81/><T80/><D80/><U126/><E100/><V83/><F83/><W49/><G73/><T89/><D89/><U58/><E99/><V103/><F103/><W86/><G86/><T1/><D1/><U64/><E95/><V17/><F108/><RYUUKYOKU ba="0,0" sc="165,-10,362,-10,175,30,298,-10" hai2="10,14,17,21,24,36,37,38,40,45,50,85,87" /><INIT seed="6,1,0,4,4,41" ten="155,352,205,288" oya="2" hai0="88,20,75,55,130,99,44,37,84,120,38,14,101" hai1="18,58,113,33,104,65,124,96,67,77,82,69,53" hai2="119,7,61,132,48,51,59,1,9,50,83,86,40" hai3="56,34,10,71,3,73,133,128,12,13,27,31,105"/><V97/><F119/><W95/><G71/><T57/><D75/><U118/><E33/><V62/><F132/><W111/><G105/><T108/><D120/><U66/><E113/><V85/><F97/><W76/><G111/><T126/><D108/><U64/><E118/><V93/><F40/><W5/><G133/><T116/><D116/><U103/><E124/><V121/><F121/><W98/><G56/><T115/><D115/><U117/><E117/><V94/><F85/><W26/><G128/><T135/><D135/><U110/><E110/><V90/><REACH who="2" step="1"/><F62/><REACH who="2" ten="155,352,195,288" step="2"/><W23/><G73/><T92/><D130/><U109/><E109/><V32/><F32/><W8/><G98/><T106/><D126/><U131/><E131/><V125/><F125/><W29/><G76/><T11/><D20/><U112/><E112/><V102/><F102/><W122/><G122/><T91/><D91/><U78/><E78/><V2/><F2/><W30/><G34/><T114/><D114/><U123/><E123/><V25/><F25/><W4/><G95/><T35/><D35/><U54/><E96/><V79/><F79/><W60/><G60/><T70/><D70/><U127/><E69/><V39/><F39/><W16/><AGARI ba="1,1" hai="3,4,5,8,10,12,13,16,23,26,27,29,30,31" machi="16" ten="30,16000,3" yaku="0,1,35,6,54,1" doraHai="41" who="3" fromWho="3" sc="155,-41,352,-41,195,-81,288,173" /><INIT seed="7,0,0,2,2,104" ten="114,311,114,461" oya="3" hai0="83,34,16,32,128,2,73,130,56,109,102,85,125" hai1="111,11,23,25,19,96,71,64,1,37,114,61,12" hai2="87,131,49,100,46,62,41,26,45,33,50,95,113" hai3="0,99,82,78,67,59,110,42,44,107,112,94,27"/><W20/><G0/><T5/><D109/><U58/><E37/><V36/><F131/><N who="0" m="50218" /><D125/><U68/><E111/><V119/><F119/><W92/><G107/><T39/><D39/><U91/><E114/><V127/><F113/><W124/><G124/><T132/><D132/><U28/><E91/><N who="2" m="53759" /><F127/><W90/><G94/><T121/><D121/><U22/><E22/><V86/><F33/><N who="0" m="12906" /><D102/><U76/><E76/><V6/><F36/><W129/><G59/><T15/><D56/><U75/><E1/><V40/><F100/><W43/><G67/><T63/><D63/><U10/><E10/><V17/><F62/><W52/><G20/><N who="0" m="11295" /><D73/><U88/><E75/><V55/><F6/><W70/><G27/><T31/><D31/><U13/><E13/><V14/><F86/><W108/><G82/><T97/><D97/><U24/><E71/><V118/><F118/><W30/><G78/><N who="0" m="46327" /><D2/><U35/><E68/><V77/><F77/><W7/><G110/><T69/><D69/><U4/><E96/><V123/><F123/><W106/><G108/><T48/><D48/><U122/><E88/><V84/><F84/><W115/><G112/><T101/><D101/><U74/><E74/><V81/><F81/><W133/><G115/><T66/><D5/><U8/><E122/><V9/><F26/><W60/><G133/><T47/><D66/><U72/><E72/><V29/><F29/><W135/><G135/><T126/><D126/><U116/><E116/><V80/><F80/><W65/><G129/><T51/><D51/><U134/><E134/><V89/><F89/><W105/><G90/><RYUUKYOKU ba="0,0" sc="114,10,311,10,114,10,461,-30" hai0="47" hai1="4,8,11,12,19,23,24,25,28,35,58,61,64" hai2="9,14,17,40,41,45,46,49,50,55" owari="124,-28.0,321,12.0,124,-38.0,431,54.0" /></mjloggm>