<mjloggm ver="2.3"><GO type="169"/><UN n0="%74%6A%2D%6D%69%63%72%6F" n1="%E3%83%9F%E3%82%B9%E3%83%88%E3%83%A9%E3%83%AB%E2%98%86" n2="%E5%B9%B8%E5%A7%AB%28%2A%27%2D%27%29" n3="%EF%BC%88%E2%89%A7%E2%96%BD%E2%89%A6%EF%BC%89" dan="16,16,16,18" rate="2112,2043,2046,2235" sx="M,F,F,M"/><TAIKYOKU oya="0"/><INIT seed="0,0,0,3,4,94" ten="250,250,250,250" oya="0" hai0="104,65,91,61,2,125,68,14,85,134,12,48,124" hai1="5,72,74,4,58,34,1,73,16,103,109,46,101" hai2="6,27,53,63,99,57,66,117,118,55,3,133,121" hai3="84,80,9,96,102,28,108,44,97,19,115,41,64"/><T110/><D2/><U78/><E34/><V92/><F121/><W22/><G115/><T18/><D134/><U45/><E109/><V51/><F133/><W67/><G108/><T70/><D70/><U114/><E78/><V88/><F27/><N who="3" m="16503" /><G102/><T87/><D110/><U105/><E114/><V26/><F26/><W82/><G41/><T112/><D112/><U120/><E1/><V90/><F90/><N who="3" m="51463" /><G44/><T131/><D14/><U13/><E120/><V21/><F21/><W39/><G82/><T30/><D87/><U8/><E58/><V56/><REACH who="2" step="1"/><F66/><REACH who="2" ten="250,250,240,250" step="2"/><N who="3" m="25131" /><G39/><T24/><D24/><U25/><E25/><V86/><F86/><W123/><G123/><T37/><D30/><U93/><E72/><V15/><F15/><AGARI ba="0,1" hai="9,15,19,96,97" m="25131,51463,16503" machi="15" ten="30,3900,0" yaku="8,1,52,2" doraHai="94" who="3" fromWho="2" sc="250,0,250,0,240,-39,250,49" /><INIT seed="1,0,0,0,4,124" ten="250,250,201,299" oya="1" hai0="41,54,87,21,117,52,132,74,20,16,34,105,113" hai1="103,131,53,48,55,134,7,72,2,82,133,116,24" hai2="33,91,38,95,80,99,9,61,43,49,26,86,106" hai3="22,130,3,75,85,112,84,78,94,28,101,67,51"/><U45/><E103/><V32/><F38/><W79/><G3/><T71/><D74/><U93/><E93/><V122/><F106/><W110/><G112/><T25/><D71/><U59/><E72/><V108/><F122/><W69/><G69/><T27/><D34/><U92/><E92/><V88/><F108/><W39/><G39/><T23/><D105/><U42/><E82/><V135/><F135/><N who="1" m="51721" /><E24/><V57/><F9/><W65/><G75/><T50/><D132/><U56/><E7/><V60/><F60/><W10/><G101/><T15/><D113/><U127/><E2/><V14/><F14/><W63/><G94/><T70/><D70/><U12/><E12/><V90/><F90/><W100/><G100/><T36/><D117/><U104/><E104/><V98/><F98/><W46/><G79/><T120/><D120/><U126/><E116/><V31/><F49/><W5/><G78/><T109/><D36/><N who="1" m="21703" /><E131/><V102/><F43/><N who="3" m="25055" /><G130/><T66/><D109/><U8/><E8/><V19/><F19/><W128/><G110/><T125/><D27/><U11/><E11/><V1/><F1/><W121/><G128/><T44/><D25/><U107/><E107/><V4/><F4/><W37/><G121/><T73/><D73/><U129/><E129/><V97/><F97/><W83/><G5/><T18/><D87/><U58/><E55/><N who="0" m="21033" /><D18/><U13/><E13/><V40/><F102/><W77/><G84/><T62/><D15/><U17/><E17/><V114/><F114/><W29/><G10/><T118/><D16/><U47/><AGARI ba="0,0" hai="47,48,53,56,58,59,126,127" m="21703,51721" machi="47" ten="40,7800,0" yaku="20,1,34,2" doraHai="124" who="1" fromWho="1" sc="250,-26,250,78,201,-26,299,-26" /><INIT seed="1,1,0,1,4,71" ten="224,328,175,273" oya="1" hai0="64,135,116,129,110,103,130,58,22,115,21,134,117" hai1="61,102,107,113,88,123,49,69,14,28,76,5,80" hai2="73,48,83,47,72,106,63,26,8,6,89,59,84" hai3="55,24,128,13,122,109,1,20,12,11,126,98,53"/><U41/><E123/><V66/><F106/><W52/><G122/><T36/><D103/><U30/><E113/><V85/><F85/><W29/><G128/><N who="0" m="49259" /><D115/><U62/><E107/><V31/><F8/><W46/><G126/><T124/><D22/><U37/><E102/><V43/><REACH who="2" step="1"/><F6/><REACH who="2" ten="224,328,165,273" step="2"/><W77/><G109/><T100/><D110/><U44/><E5/><V42/><F42/><W131/><G131/><T75/><D124/><U7/><E7/><V114/><F114/><W108/><G108/><T45/><D75/><U120/><E120/><V56/><F56/><W105/><G11/><T60/><D21/><AGARI ba="1,1" hai="21,26,31,43,47,48,59,63,66,72,73,83,84,89" machi="21" ten="30,3900,0" yaku="1,1,7,1,53,1" doraHai="71" doraHaiUra="25" who="2" fromWho="0" sc="224,-42,328,0,165,52,273,0" /><INIT seed="2,0,0,2,4,6" ten="182,328,217,273" oya="2" hai0="16,113,117,83,123,73,8,104,75,110,82,90,88" hai1="126,33,106,11,79,133,59,99,48,98,49,34,66" hai2="93,61,15,58,2,125,116,1,111,120,31,130,41" hai3="4,55,24,81,54,22,112,32,67,127,129,102,18"/><V108/><F120/><W44/><G112/><T53/><D123/><U76/><E133/><V60/><F116/><W118/><G118/><T135/><D117/><U114/><E114/><V13/><F130/><W100/><G129/><T20/><D113/><U36/><E36/><V77/><F41/><W107/><G127/><T45/><D104/><U0/><E126/><V14/><F77/><W51/><G32/><T47/><D135/><U103/><E98/><V52/><F125/><W46/><G67/><T65/><D65/><U42/><E48/><V19/><F31/><W37/><G107/><T101/><D101/><U40/><E42/><V71/><F93/><W68/><G68/><T96/><D110/><N who="2" m="42026" /><F71/><W3/><G81/><N who="0" m="30731" /><D75/><U84/><E40/><V87/><F87/><W128/><G128/><T7/><D73/><U17/><E84/><V131/><F131/><W9/><REACH who="3" step="1"/><G37/><REACH who="3" ten="182,328,217,263" step="2"/><T25/><D96/><U69/><E99/><V134/><F134/><W78/><G78/><T122/><D122/><U74/><E69/><V30/><F30/><W97/><G97/><T38/><D38/><U105/><E76/><V5/><F5/><W63/><G63/><T23/><D7/><U26/><E79/><V29/><F61/><W80/><G80/><T86/><D86/><U109/><E105/><V12/><F29/><W124/><G124/><T56/><D16/><U27/><E17/><V91/><F91/><W10/><G10/><AGARI ba="0,1" hai="1,2,10,12,13,14,15,19,52,58,60" m="42026" machi="10" ten="30,11600,0" yaku="14,1,10,1,52,1,54,1" doraHai="6" who="2" fromWho="3" sc="182,0,328,0,217,126,263,-116" /><INIT seed="2,1,0,0,3,109" ten="182,328,343,147" oya="2" hai0="52,90,99,66,55,105,67,21,56,112,34,110,35" hai1="28,57,133,132,24,87,23,131,69,2,80,97,98" hai2="119,14,3,22,27,70,17,8,9,102,124,46,89" hai3="29,104,7,95,32,115,38,74,96,61,108,51,62"/><V19/><F70/><W11/><G104/><T54/><D110/><U85/><E69/><V64/><F119/><W31/><G108/><T84/><D56/><U72/><E2/><V83/><F124/><W79/><G38/><T63/><D21/><U106/><E72/><V20/><F64/><W120/><G120/><T10/><D10/><U58/><E106/><V59/><F102/><W13/><G74/><T41/><D41/><U37/><E37/><V118/><F118/><W5/><G79/><T47/><D47/><U43/><E43/><V86/><F3/><W123/><G123/><T121/><D121/><U78/><E85/><V44/><F59/><N who="1" m="22537" /><E131/><V39/><F39/><W92/><G51/><T65/><D63/><N who="3" m="24073" /><G32/><T15/><D15/><U30/><E28/><N who="3" m="10826" /><G115/><T100/><REACH who="0" step="1"/><D112/><REACH who="0" ten="172,328,343,147" step="2"/><U103/><E23/><V129/><F129/><W68/><G68/><T71/><D71/><U130/><E130/><V125/><F125/><W0/><G0/><T135/><D135/><U94/><E133/><V60/><F60/><W122/><G122/><T26/><D26/><U107/><E24/><V93/><F9/><W116/><G116/><T48/><D48/><U36/><E36/><V114/><F8/><W45/><G45/><T6/><D6/><N who="3" m="2057" /><G96/><T12/><D12/><U33/><E132/><V40/><F114/><W50/><G50/><T126/><D126/><U113/><E113/><V25/><F40/><W88/><G13/><T77/><D77/><U101/><E33/><V42/><F42/><W75/><G11/><T134/><D134/><U127/><E127/><V18/><F14/><RYUUKYOKU ba="1,1" sc="172,15,328,15,343,-15,147,-15" hai0="34,35,52,54,55,65,66,67,84,90,99,100,105" hai1="30,78,80,87,94,97,98,101,103,107" /><INIT seed="3,2,1,2,4,67" ten="187,343,328,132" oya="3" hai0="105,28,103,115,125,39,14,122,55,102,31,72,73" hai1="78,93,131,101,44,96,76,127,8,6,126,106,69" hai2="117,130,32,54,25,87,40,95,104,26,86,110,30" hai3="21,12,111,81,107,64,20,108,17,51,18,52,132"/><W120/><G120/><T27/><D122/><U116/><E131/><V4/><F104/><W84/><G107/><T77/><D39/><U33/><E33/><V71/><F117/><W7/><G7/><T42/><D42/><U118/><E44/><V99/><F71/><W49/><G64/><T22/><D125/><N who="1" m="47627" /><E69/><V65/><F130/><W59/><G49/><T79/><D115/><U60/><E60/><V112/><F65/><W53/><G53/><T66/><D14/><N who="1" m="5399" /><E93/><V13/><F40/><W124/><G132/><T121/><D66/><U113/><E113/><V43/><F54/><W61/><G61/><T109/><D121/><U34/><E34/><V1/><F43/><W88/><REACH who="3" step="1"/><G124/><REACH who="3" ten="187,343,328,122" step="2"/><T133/><D55/><U48/><E48/><V74/><F4/><W92/><G92/><T70/><D133/><U94/><E94/><V89/><F112/><W82/><G82/><T47/><D105/><U46/><E106/><V100/><F95/><W29/><G29/><T75/><D31/><U2/><E116/><V68/><F30/><W11/><G11/><T128/><D128/><U41/><E118/><V83/><F83/><W129/><G129/><T80/><D80/><U10/><E41/><V98/><F98/><W56/><G56/><T50/><D70/><U3/><E96/><V37/><F99/><W16/><G16/><T24/><D28/><U45/><E101/><V5/><F68/><W62/><G62/><T38/><D50/><U134/><E134/><V114/><F5/><W23/><G23/><T9/><D22/><U119/><E119/><V90/><F114/><RYUUKYOKU ba="2,2" sc="187,-10,343,-10,328,-10,122,30" hai3="12,17,18,20,21,51,52,59,81,84,88,108,111" /><INIT seed="3,3,2,3,0,15" ten="177,333,318,152" oya="3" hai0="1,33,37,43,124,83,55,6,41,30,45,58,57" hai1="65,48,75,52,80,106,112,77,100,14,123,63,132" hai2="53,68,121,88,39,40,49,89,26,7,99,111,119" hai3="21,116,127,93,91,61,8,5,108,67,66,95,24"/><W73/><G73/><T113/><D124/><U122/><E112/><V54/><F68/><W85/><G116/><T27/><D113/><U59/><E100/><V47/><F119/><W10/><G127/><T98/><D43/><U118/><E106/><V131/><F121/><W104/><G104/><T84/><D98/><U109/><E118/><V134/><F134/><W79/><G108/><T71/><D71/><U86/><E109/><V29/><F131/><W35/><G35/><T117/><D117/><U16/><E75/><V28/><F111/><W19/><G79/><T4/><D1/><U72/><E72/><V18/><F7/><W32/><G32/><T25/><D25/><U126/><E132/><V69/><F69/><W115/><G115/><T97/><D97/><U90/><E77/><V114/><F114/><W0/><G10/><T34/><D58/><U2/><E2/><V120/><F120/><W12/><G0/><T56/><D56/><U22/><E126/><V105/><F105/><W130/><G130/><T60/><REACH who="0" step="1"/><D34/><REACH who="0" ten="167,333,318,152" step="2"/><U135/><E135/><V44/><F99/><W46/><G46/><AGARI ba="3,3" hai="14,16,22,46,48,52,59,63,65,80,86,90,122,123" machi="46" ten="30,7700,0" yaku="7,1,52,1,54,2" doraHai="15" who="1" fromWho="3" sc="167,0,333,116,318,0,152,-86" /><INIT seed="4,0,0,0,2,90" ten="167,449,318,66" oya="0" hai0="80,56,104,0,105,62,69,24,45,118,17,59,27" hai1="97,57,113,66,126,61,102,129,123,108,43,122,32" hai2="8,13,67,89,107,16,68,75,86,130,109,78,5" hai3="93,39,37,35,46,28,55,34,110,91,6,12,40"/><T76/><D0/><U131/><E32/><V30/><F107/><W117/><G117/><T94/><D118/><U2/><E2/><V79/><F130/><N who="1" m="49673" /><E97/><V87/><F75/><W121/><G110/><T65/><D45/><U58/><E102/><V81/><F30/><W119/><G119/><T52/><D69/><N who="1" m="42191" /><E108/><V31/><F109/><W99/><G121/><N who="1" m="46090" /><E126/><V77/><F31/><W74/><G74/><T33/><D33/><U42/><E113/><V63/><REACH who="2" step="1"/><F5/><REACH who="2" ten="167,449,308,66" step="2"/><W44/><G28/><T47/><D104/><U15/><E15/><V18/><F18/><W11/><REACH who="3" step="1"/><G55/><REACH who="3" ten="167,449,308,56" step="2"/><T112/><D52/><U111/><E111/><V85/><AGARI ba="0,2" hai="8,13,16,63,67,68,77,78,79,81,85,86,87,89" machi="85" ten="30,12000,2" yaku="1,1,0,1,54,1,53,3" doraHai="90" doraHaiUra="73" who="2" fromWho="2" sc="167,-60,449,-30,308,140,56,-30" /><INIT seed="5,0,0,0,3,26" ten="107,419,448,26" oya="1" hai0="71,44,57,130,74,117,36,63,107,118,40,127,101" hai1="24,76,16,68,12,121,122,48,14,9,53,7,22" hai2="65,93,80,52,124,77,20,96,42,28,18,15,119" hai3="30,8,104,29,133,132,109,120,54,19,51,72,84"/><U111/><E68/><V3/><F119/><W115/><G72/><T135/><D135/><N who="3" m="51785" /><G120/><T129/><D74/><U41/><E41/><V106/><F3/><W95/><G104/><T92/><D127/><U13/><E111/><V85/><F124/><W125/><G125/><T114/><D114/><U43/><E43/><V128/><F106/><W70/><G70/><T1/><D1/><U61/><E61/><V39/><F128/><N who="0" m="49258" /><D107/><U75/><E75/><V67/><F42/><W79/><G109/><T86/><D71/><U98/><E98/><V37/><F39/><W21/><G8/><T4/><D4/><U56/><REACH who="1" step="1"/><E76/><REACH who="1" ten="107,409,448,26" step="2"/><V27/><F37/><W64/><G115/><T59/><D117/><U89/><E89/><V97/><F96/><W50/><G64/><T94/><D36/><U82/><E82/><V31/><F52/><W6/><G6/><T11/><D40/><U81/><E81/><V123/><F67/><W90/><G79/><T17/><D63/><U34/><E34/><V102/><F65/><W25/><G51/><T113/><D118/><U87/><E87/><V108/><F108/><W35/><G35/><T91/><D86/><U62/><E62/><V88/><F123/><AGARI ba="0,1" hai="7,9,12,13,14,16,22,24,48,53,56,121,122,123" machi="123" ten="40,3900,0" yaku="1,1,54,1,53,0" doraHai="26" doraHaiUra="83" who="1" fromWho="2" sc="107,0,409,49,448,-39,26,0" /><INIT seed="5,1,0,5,0,105" ten="107,458,409,26" oya="1" hai0="88,108,94,37,71,27,29,79,65,82,16,116,74" hai1="118,6,17,110,63,87,31,57,73,19,119,58,3" hai2="0,69,91,126,93,44,132,43,77,51,114,109,38" hai3="45,49,76,10,48,96,90,97,21,78,120,7,25"/><U80/><E73/><V8/><F69/><W99/><G120/><T107/><D107/><U42/><E110/><V67/><F109/><W135/><G135/><T26/><D108/><U5/><E42/><V40/><F132/><W89/><G76/><T34/><D116/><U13/><E31/><V55/><F114/><W9/><G78/><T134/><D37/><U46/><E3/><V47/><F77/><W53/><G48/><T11/><D134/><U130/><E46/><V14/><F126/><W117/><G117/><T22/><D11/><U20/><E130/><V85/><F67/><W100/><G100/><T75/><D65/><U125/><E125/><V129/><F129/><W104/><G104/><T4/><D4/><N who="1" m="1643" /><E119/><V56/><F0/><W86/><G7/><T60/><D60/><U2/><E2/><V68/><F68/><W36/><G36/><T23/><D71/><U113/><E63/><V18/><F38/><W102/><G102/><T59/><D59/><N who="1" m="22539" /><E118/><V81/><F93/><W95/><REACH who="3" step="1"/><G89/><REACH who="3" ten="107,458,409,16" step="2"/><T66/><D75/><U121/><E121/><V127/><F127/><W98/><N who="3" m="24576" /><DORA hai="52" /><W28/><AGARI ba="1,1" hai="9,10,21,25,28,45,49,53,86,90,95" m="24576" machi="28" ten="40,8000,1" yaku="1,1,4,1,0,1,8,1,53,1" doraHai="105,52" doraHaiUra="128,41" who="3" fromWho="3" sc="107,-21,458,-41,409,-21,16,93" /><INIT seed="6,0,0,4,0,81" ten="86,417,388,109" oya="2" hai0="3,56,61,75,125,124,18,46,86,50,14,120,68" hai1="99,31,34,12,100,35,58,113,52,29,122,105,134" hai2="83,78,129,98,32,11,84,70,130,111,117,109,51" hai3="69,80,7,25,47,9,96,116,107,42,43,108,132"/><V97/><F70/><W135/><G69/><T15/><D3/><U95/><E134/><N who="3" m="51242" /><G116/><T79/><D75/><U21/><E113/><V67/><F32/><W13/><G108/><N who="2" m="41545" /><F67/><W27/><G80/><N who="0" m="47391" /><D18/><U54/><E35/><V72/><F117/><W123/><G123/><T30/><D30/><U121/><E34/><V91/><F11/><W8/><G8/><T2/><D2/><U94/><E31/><V26/><F26/><N who="3" m="9739" /><G47/><T73/><D73/><U85/><E105/><V77/><F51/><W126/><G126/><N who="0" m="48747" /><D68/><U110/><E29/><V59/><F59/><W37/><G37/><T119/><D120/><U106/><E58/><V131/><F72/><W17/><G17/><T36/><D119/><U55/><E110/><V90/><F77/><W64/><G64/><N who="0" m="38951" /><D36/><U93/><E121/><V10/><F10/><W74/><G74/><T89/><D89/><AGARI ba="0,0" hai="78,83,84,89,90,91,97,98,129,130,131" m="41545" machi="89" ten="40,12000,1" yaku="19,1,10,1,34,2,52,1" doraHai="81" who="2" fromWho="0" sc="86,-120,417,0,388,120,109,0" owari="-34,-53.0,417,22.0,508,60.0,109,-29.0" /></mjloggm>