<mjloggm ver="2.3"><GO type="41"/><UN n0="%E3%83%AD%E3%83%BC%E3%83%A9%E8%93%AE%E7%94%B0" n1="%E3%82%A6%E3%83%AB%E3%83%88%E3%83%A9%E7%AB%8B%E7%9B%B4" n2="%41%62%72%68%6D" n3="%E3%82%B5%E3%83%95%E3%82%A1%E3%82%A4%E3%82%A2%E2%98%85%E5%A7%AB" dan="14,15,13,14" rate="2028,2006,1817,1933" sx="M,M,M,F"/><TAIKYOKU oya="0"/><INIT seed="0,0,0,3,5,26" ten="250,250,250,250" oya="0" hai0="68,58,52,80,109,128,20,74,73,38,113,70,45" hai1="95,78,16,89,65,75,105,135,116,33,112,47,107" hai2="72,125,91,119,133,64,98,99,21,43,102,77,49" hai3="103,48,66,9,50,22,12,87,13,2,61,15,28"/><T120/><D120/><U56/><E116/><V35/><F35/><W69/><G103/><T18/><D113/><U88/><E112/><V106/><F64/><W79/><G2/><T32/><D32/><U14/><E135/><V114/><F114/><W124/><G124/><T41/><D128/><U94/><E78/><V118/><F43/><W0/><G0/><T134/><D134/><U1/><E75/><V111/><F133/><W59/><G69/><T82/><D109/><U100/><E1/><V71/><F71/><W123/><G123/><T97/><D97/><U10/><E100/><V46/><F46/><W85/><G9/><T76/><D80/><U42/><E33/><V37/><F37/><W44/><G79/><T17/><D17/><U117/><E117/><N who="2" m="44555" /><F49/><N who="3" m="19051" /><G44/><T27/><REACH who="0" step="1"/><D74/><REACH who="0" step="2"/><U81/><E81/><N who="2" m="45223" /><F125/><W51/><N who="3" m="19059" /><AGARI ba="0,1" hai="18,20,27,38,41,45,51,52,58,68,70,73,76,82" machi="51" ten="30,11600,0" yaku="1,1,3,1,7,1,54,1,53,0" doraHai="26" doraHaiUra="90" who="0" fromWho="3" sc="240,126,250,0,250,0,250,-116" /><INIT seed="0,1,0,1,3,33" ten="366,250,250,134" oya="0" hai0="71,43,21,123,34,70,26,35,86,85,89,131,19" hai1="39,95,122,13,68,79,92,12,38,107,75,101,67" hai2="45,78,24,3,121,1,40,108,64,100,53,125,8" hai3="81,109,114,118,54,0,111,73,2,128,20,27,134"/><T97/><D123/><U18/><E122/><V110/><F121/><W72/><G118/><T50/><D131/><U23/><E79/><V32/><F64/><W117/><G117/><T103/><D35/><U30/><E75/><N who="3" m="28746" /><G114/><T4/><D34/><U99/><E30/><N who="2" m="19527" /><F78/><W91/><G128/><T28/><D4/><U22/><E67/><V87/><F87/><N who="3" m="50671" /><G54/><T94/><D86/><U62/><E62/><V25/><F100/><W31/><G134/><T47/><REACH who="0" step="1"/><D28/><REACH who="0" step="2"/><U119/><E119/><V46/><F53/><W14/><G14/><T115/><D115/><U126/><E13/><V57/><F25/><W88/><G88/><T6/><D6/><U58/><E12/><V15/><F15/><W98/><G98/><T82/><AGARI ba="1,1" hai="19,21,26,43,47,50,70,71,82,85,89,94,97,103" machi="82" ten="20,3900,0" yaku="1,1,0,1,7,1,53,0" doraHai="33" doraHaiUra="132" who="0" fromWho="0" sc="356,52,250,-14,250,-14,134,-14" /><INIT seed="0,2,0,0,5,101" ten="408,236,236,120" oya="0" hai0="6,127,27,37,96,11,95,57,81,36,9,88,13" hai1="85,134,102,45,46,61,39,15,7,62,48,32,0" hai2="31,28,47,20,83,24,30,99,72,14,114,117,69" hai3="130,106,56,25,18,50,2,71,10,93,118,110,108"/><T103/><D127/><U121/><E0/><V38/><F69/><W35/><G118/><T116/><D116/><U90/><E32/><V60/><F117/><W125/><G71/><T109/><D109/><N who="3" m="42089" /><G125/><T64/><D27/><U98/><E39/><V44/><F114/><W67/><G130/><T111/><D111/><U79/><E134/><V131/><F131/><W26/><G35/><T115/><D115/><U59/><E79/><V23/><F38/><W120/><G120/><T92/><D81/><U100/><E100/><V16/><F72/><W113/><G113/><T52/><D64/><U53/><E121/><V135/><F83/><W133/><G133/><T119/><D11/><U80/><E15/><V63/><F135/><W55/><G67/><T87/><REACH who="0" step="1"/><D119/><REACH who="0" step="2"/><U19/><E80/><V123/><F123/><W70/><G10/><T122/><D122/><U40/><E40/><V84/><F31/><W73/><G55/><T82/><D82/><U51/><E53/><V54/><F30/><W17/><G73/><T58/><D58/><U68/><E59/><V75/><F75/><W74/><G56/><T66/><D66/><U12/><E68/><V89/><F54/><W22/><G70/><T97/><D97/><U107/><E98/><V43/><F99/><W3/><G74/><T124/><D124/><U34/><E45/><N who="2" m="17483" /><F43/><W104/><G50/><AGARI ba="2,1" hai="6,9,13,36,37,50,52,57,87,88,92,95,96,103" machi="50" ten="30,11600,0" yaku="1,1,7,1,54,2,53,0" doraHai="101" doraHaiUra="126" who="0" fromWho="3" sc="398,132,236,0,236,0,120,-122" owari="530,62.0,236,4.0,236,-16.0,-2,-50.0" /></mjloggm>