<mjloggm ver="2.3"><GO type="169"/><UN n0="%EF%BC%88%E2%89%A7%E2%96%BD%E2%89%A6%EF%BC%89" n1="%E5%AF%9B%E3%83%94%E3%82%A8%E3%83%AD" n2="%E3%81%97%E3%81%8A%E3%82%84%E3%81%A0%E3%82%93" n3="%E5%A5%88%E8%90%BD%E3%81%AE%E7%8E%8B" dan="16,16,16,17" rate="2049,2067,2078,2151" sx="M,M,M,M"/><TAIKYOKU oya="0"/><INIT seed="0,0,0,2,5,96" ten="250,250,250,250" oya="0" hai0="134,127,60,76,27,0,112,88,132,87,99,54,72" hai1="56,81,78,51,90,26,22,74,117,23,86,79,113" hai2="2,89,58,50,32,98,118,17,41,40,61,42,45" hai3="83,12,104,106,68,63,102,57,91,94,19,66,24"/><T28/><D28/><BYE who="0" /><U47/><E117/><V75/><F2/><W49/><G24/><T8/><D8/><U101/><E113/><V85/><F75/><W82/><G68/><T29/><D29/><U39/><E39/><V116/><F32/><W53/><G106/><T128/><D128/><U65/><E74/><V43/><F17/><W135/><G104/><T115/><D115/><U20/><E101/><V122/><F122/><W124/><G135/><T6/><D6/><U73/><E73/><V110/><F110/><W44/><G102/><T129/><D129/><U4/><E4/><V35/><F98/><UN n0="%EF%BC%88%E2%89%A7%E2%96%BD%E2%89%A6%EF%BC%89" /><W52/><G66/><T13/><D0/><U103/><E103/><V121/><F35/><W95/><G124/><T34/><D13/><U64/><E26/><V5/><F5/><W130/><G130/><T30/><D112/><U125/><E125/><V55/><REACH who="2" step="1"/><F121/><REACH who="2" ten="250,250,240,250" step="2"/><W77/><G77/><N who="1" m="29194" /><E56/><V31/><F31/><W114/><G114/><T36/><D76/><U92/><E81/><AGARI ba="0,1" hai="40,41,42,43,45,50,55,58,61,81,85,89,116,118" machi="81" ten="40,1300,0" yaku="1,1,53,0" doraHai="96" doraHaiUra="62" who="2" fromWho="1" sc="250,0,250,-13,240,23,250,0" /><INIT seed="1,0,0,2,5,54" ten="250,237,263,250" oya="1" hai0="111,32,34,15,101,98,62,123,37,53,130,31,46" hai1="135,17,114,25,127,121,94,72,110,12,0,3,76" hai2="45,100,97,39,20,1,112,85,18,120,105,4,74" hai3="96,60,131,88,91,57,64,29,43,109,82,10,26"/><U67/><E121/><V40/><F120/><W68/><G109/><T71/><D111/><U115/><E110/><V16/><F112/><W35/><G131/><T102/><D123/><U128/><E128/><V80/><F20/><W61/><G43/><T106/><D102/><U90/><E127/><V44/><F44/><W38/><G38/><T47/><D130/><U69/><E135/><V21/><F21/><W103/><G10/><T66/><D34/><U73/><E25/><V77/><REACH who="2" step="1"/><F85/><REACH who="2" ten="250,237,253,250" step="2"/><W134/><G134/><T70/><D46/><U24/><E114/><V28/><F28/><W81/><G81/><T55/><D47/><U65/><E115/><V49/><F49/><W108/><G82/><T41/><D31/><U51/><E51/><V23/><F23/><W124/><G108/><T99/><D32/><U132/><E132/><V56/><F56/><W8/><G124/><T48/><D48/><U122/><E122/><V129/><F129/><W36/><G36/><T33/><D33/><U42/><E69/><V14/><F14/><W13/><G13/><T22/><D71/><U92/><E12/><V52/><F52/><N who="3" m="33831" /><G8/><AGARI ba="0,1" hai="1,4,8,16,18,39,40,45,74,77,80,97,100,105" machi="8" ten="40,8000,1" yaku="1,1,25,2,54,1,53,0" doraHai="54" doraHaiUra="30" who="2" fromWho="3" sc="250,0,237,0,253,90,250,-80" /><INIT seed="2,0,0,3,0,60" ten="250,237,343,170" oya="2" hai0="115,16,97,84,130,17,71,63,1,7,88,96,13" hai1="70,108,41,28,79,25,74,133,120,95,64,122,48" hai2="55,107,100,89,31,86,101,134,87,105,0,112,21" hai3="35,50,6,4,19,126,65,34,116,128,69,117,14"/><V68/><F0/><W118/><G50/><T36/><D36/><U10/><E133/><V102/><F112/><W27/><G69/><T94/><D115/><U8/><E108/><V61/><F134/><W66/><G128/><T82/><D130/><U91/><E79/><V5/><F5/><N who="3" m="2155" /><G27/><T37/><D37/><U121/><E74/><V2/><F2/><W44/><G44/><T3/><D97/><N who="1" m="57599" /><E48/><V58/><F68/><W109/><G109/><T99/><D99/><U9/><E41/><V111/><F111/><W114/><G114/><T32/><D32/><N who="3" m="12329" /><G14/><T30/><D30/><U85/><E85/><V12/><F86/><W26/><G26/><T125/><D7/><U22/><E70/><V59/><F31/><W29/><G29/><T72/><D1/><U24/><E24/><V83/><REACH who="2" step="1"/><F59/><REACH who="2" ten="250,237,333,170" step="2"/><W56/><G56/><T42/><D3/><U38/><E122/><V119/><F119/><W123/><G123/><T11/><D71/><U57/><E121/><V73/><F73/><W76/><G118/><T93/><D72/><U53/><E120/><V51/><F51/><W77/><G117/><T131/><D84/><U67/><E38/><V80/><F80/><W124/><G116/><T75/><D82/><U113/><E113/><V103/><N who="2" m="25600" /><DORA hai="52" /><V39/><F39/><W78/><G19/><AGARI ba="0,1" hai="12,19,21,55,58,61,83,87,89,105,107" m="25600" machi="19" ten="50,9600,0" yaku="1,1,52,1,53,1" doraHai="60,52" doraHaiUra="20,15" who="2" fromWho="3" sc="250,0,237,0,333,106,170,-96" /><INIT seed="2,1,0,5,5,7" ten="250,237,439,74" oya="2" hai0="116,23,77,132,36,95,69,96,2,40,61,123,4" hai1="124,17,134,122,129,30,127,92,22,48,108,87,43" hai2="15,66,82,103,135,105,117,65,76,12,125,32,45" hai3="112,115,131,91,121,28,57,130,38,60,11,37,114"/><V74/><F117/><W126/><G28/><T49/><D123/><U89/><E122/><V59/><F32/><W100/><G121/><T110/><D36/><N who="3" m="13929" /><G100/><T98/><D116/><U25/><E108/><V85/><F103/><W72/><G72/><T109/><D77/><U8/><E129/><N who="3" m="49162" /><G91/><T55/><D109/><U104/><E104/><V62/><F105/><W71/><G71/><T52/><D69/><U94/><E94/><V99/><F99/><W118/><G118/><T73/><D95/><U63/><E63/><V80/><F66/><N who="3" m="39183" /><G11/><T107/><D73/><U34/><E134/><V10/><F135/><W14/><G14/><T9/><D132/><U78/><E78/><V54/><F15/><W31/><G31/><T83/><D110/><U81/><E34/><V97/><F97/><W75/><G75/><T120/><D120/><U106/><E106/><V101/><F101/><W133/><G133/><T13/><D107/><U58/><E30/><V64/><F82/><W1/><G1/><T88/><D2/><U119/><E119/><V33/><F33/><W21/><G21/><T90/><D23/><U111/><E81/><V47/><F74/><W26/><G26/><T50/><D83/><U67/><E25/><V20/><F20/><W24/><G24/><T18/><D96/><U86/><E22/><V6/><F80/><W128/><N who="3" m="49170" /><W39/><N who="3" m="13937" /><DORA hai="29" /><W16/><DORA hai="56" /><G16/><T0/><D98/><U5/><E17/><V46/><F76/><W102/><G102/><T53/><D18/><U79/><E111/><V84/><F6/><W41/><G41/><RYUUKYOKU ba="1,0" sc="250,-10,237,-10,439,-10,74,30" hai3="112,114,115,126" /><INIT seed="3,2,0,2,1,62" ten="240,227,429,104" oya="3" hai0="41,97,110,51,70,104,100,114,0,54,56,121,45" hai1="38,85,11,101,35,75,94,118,89,122,71,6,26" hai2="16,129,25,117,49,73,95,2,32,64,37,77,74" hai3="126,83,102,4,61,66,10,113,90,29,13,84,111"/><W14/><G113/><T57/><D121/><U44/><E75/><V67/><F2/><W133/><G133/><T5/><D114/><U43/><E122/><V69/><F37/><W40/><G126/><T28/><D110/><U105/><E118/><V17/><F117/><W23/><G111/><T124/><D124/><U108/><E71/><V68/><F129/><W47/><G102/><T81/><D70/><U96/><E108/><V125/><F125/><W132/><G132/><T50/><D28/><U42/><E42/><V135/><F135/><W34/><G34/><T120/><D120/><U98/><E98/><V48/><F95/><W18/><G29/><T46/><D81/><U60/><E60/><V127/><F127/><W134/><G134/><T72/><D72/><U86/><E35/><V123/><F123/><W20/><G20/><T22/><D22/><U58/><E58/><V112/><F32/><W80/><G83/><T52/><REACH who="0" step="1"/><D41/><REACH who="0" ten="230,227,429,104" step="2"/><U36/><E43/><V116/><F116/><W3/><G40/><T65/><D65/><U9/><E9/><AGARI ba="2,1" hai="0,5,9,45,46,50,51,52,54,56,57,97,100,104" machi="9" ten="40,8000,1" yaku="1,1,9,1,54,1,53,1" doraHai="62" doraHaiUra="103" who="0" fromWho="1" sc="230,96,227,-86,429,0,104,0" /><INIT seed="4,0,0,5,3,67" ten="326,141,429,104" oya="0" hai0="103,13,28,25,15,70,20,131,126,43,106,109,107" hai1="72,89,71,62,17,24,108,41,31,47,68,30,65" hai2="52,19,11,12,74,38,105,60,2,93,1,95,40" hai3="54,129,88,59,37,6,119,86,36,96,75,81,120"/><T122/><D122/><U45/><E72/><V32/><F105/><W114/><G119/><T134/><D131/><U66/><E108/><V79/><F32/><W101/><G129/><T39/><D109/><U56/><E17/><V50/><F60/><W115/><G120/><T16/><D126/><U92/><E66/><V0/><F40/><W127/><G6/><T9/><D134/><U133/><E133/><V124/><F38/><W98/><G75/><T49/><D39/><U35/><E31/><V83/><REACH who="2" step="1"/><F124/><REACH who="2" ten="326,141,419,104" step="2"/><W91/><G127/><T82/><D106/><U63/><E63/><V113/><F113/><W4/><G37/><T10/><D43/><U48/><REACH who="1" step="1"/><E45/><AGARI ba="0,1" hai="0,1,2,11,12,19,45,50,52,74,79,83,93,95" machi="45" ten="40,2600,0" yaku="1,1,54,1,53,0" doraHai="67" doraHaiUra="116" who="2" fromWho="1" sc="326,0,141,-26,419,36,104,0" /><INIT seed="5,0,0,4,2,121" ten="326,115,455,104" oya="1" hai0="49,120,106,133,75,125,81,84,22,63,77,127,50" hai1="122,55,132,93,38,21,71,64,102,126,67,78,4" hai2="44,98,79,10,13,100,117,101,51,59,52,37,91" hai3="18,42,74,16,25,116,5,53,35,56,54,34,89"/><U96/><E122/><V109/><F117/><W24/><G74/><T123/><D106/><U124/><E38/><V3/><F109/><W115/><G116/><T107/><D107/><U43/><E43/><V113/><F3/><W99/><G42/><T40/><D133/><U82/><E132/><V0/><F0/><W14/><G5/><T1/><D1/><U76/><E4/><V39/><F39/><W129/><G115/><T112/><D112/><U47/><E21/><V135/><F135/><W30/><G129/><T48/><D40/><U95/><E95/><N who="2" m="56703" /><F37/><W87/><G99/><T111/><D111/><U72/><E78/><V134/><F134/><W103/><G103/><N who="2" m="39497" /><F79/><W97/><G97/><T15/><D75/><U86/><E72/><V61/><F113/><W36/><G36/><T12/><D63/><U90/><E76/><V65/><F13/><N who="0" m="5194" /><D22/><U119/><E119/><V130/><F130/><W108/><G14/><T46/><D46/><U20/><E20/><V85/><F85/><W92/><G108/><T104/><D104/><U131/><E131/><V69/><F69/><W45/><G45/><T28/><D28/><U60/><REACH who="1" step="1"/><E67/><REACH who="1" ten="326,105,455,104" step="2"/><V94/><F94/><W110/><G110/><T17/><D17/><U83/><E83/><V29/><F29/><W128/><G128/><T23/><D23/><U88/><E88/><V6/><F6/><W62/><G54/><T9/><D123/><U27/><E27/><V7/><F7/><W26/><G26/><T19/><D120/><U114/><E114/><V11/><AGARI ba="0,1" hai="10,11,44,51,52,59,61,65" m="39497,56703" machi="11" ten="30,2000,0" yaku="8,1,54,1" doraHai="121" who="2" fromWho="2" sc="326,-5,105,-10,455,30,104,-5" /><INIT seed="6,0,0,5,2,42" ten="321,95,485,99" oya="2" hai0="130,17,68,11,61,40,63,103,56,75,87,49,88" hai1="19,118,35,92,44,82,110,105,39,84,121,77,60" hai2="96,124,122,112,86,80,123,65,129,55,132,111,48" hai3="13,25,70,31,7,128,100,33,6,101,114,27,32"/><V26/><F65/><W66/><G66/><T21/><D75/><U106/><E35/><V107/><F111/><W72/><G72/><T16/><D68/><U46/><E110/><V9/><F26/><W2/><G70/><T74/><D74/><U4/><E118/><V93/><F107/><W62/><G62/><T59/><D103/><U67/><E121/><V81/><F81/><W134/><G2/><T36/><D36/><U116/><E116/><V37/><F37/><W78/><G78/><T20/><D16/><U34/><E34/><V58/><F124/><W113/><G13/><N who="0" m="7359" /><D130/><U117/><E117/><V30/><F30/><W50/><G31/><T22/><D40/><U97/><E4/><V108/><F108/><W24/><G24/><T64/><D49/><U125/><E125/><V43/><F43/><W18/><G50/><T98/><D98/><U127/><E127/><V133/><F129/><W115/><G18/><T135/><D135/><U71/><E19/><V104/><F104/><W1/><G115/><T8/><D8/><U14/><E14/><V109/><F9/><W131/><REACH who="3" step="1"/><G1/><REACH who="3" ten="321,95,485,89" step="2"/><T119/><D119/><U57/><E71/><V28/><F112/><W95/><G95/><N who="0" m="54687" /><D64/><U3/><E3/><V89/><F122/><W5/><G5/><T45/><D63/><U126/><E126/><V99/><F123/><W0/><G0/><T29/><D61/><U91/><E39/><V15/><F28/><W51/><G51/><T120/><D29/><U79/><E79/><V85/><F109/><W53/><G53/><T73/><D120/><U90/><E77/><RYUUKYOKU ba="0,1" sc="321,-15,95,15,485,-15,89,15" hai1="44,46,57,60,67,82,84,90,91,92,97,105,106" hai3="6,7,25,27,32,33,100,101,113,114,128,131,134" /><INIT seed="7,1,1,4,0,14" ten="306,110,470,104" oya="3" hai0="64,27,58,36,90,39,86,92,81,50,60,96,132" hai1="54,8,24,116,67,53,95,108,21,59,25,40,83" hai2="80,65,55,56,37,32,35,13,20,113,42,107,29" hai3="114,118,122,34,135,38,121,82,110,120,33,9,12"/><W126/><G38/><T124/><D124/><U134/><E108/><V48/><F107/><W15/><G82/><T43/><D132/><U78/><E116/><V125/><F125/><W68/><G68/><T5/><D5/><U112/><E112/><V71/><F113/><W11/><G126/><T99/><D27/><N who="1" m="10315" /><E134/><V23/><F23/><W93/><G93/><T2/><D2/><U133/><E133/><V0/><F29/><W63/><G63/><T94/><D36/><U46/><E95/><N who="0" m="36393" /><D39/><U97/><E97/><V91/><F80/><W76/><G76/><T131/><D131/><U31/><E8/><N who="3" m="3146" /><G135/><T127/><D127/><U77/><E67/><V128/><F71/><W7/><G114/><T61/><D61/><N who="1" m="36079" /><E40/><V84/><F128/><W101/><G101/><T129/><D129/><U3/><E3/><V49/><F37/><W98/><G98/><T115/><D115/><U52/><E83/><V41/><F32/><N who="3" m="12395" /><G118/><T66/><D66/><U75/><E75/><V89/><F65/><W28/><G110/><T19/><D90/><U17/><E31/><V73/><F89/><W44/><G28/><T102/><D58/><U106/><E106/><V117/><F91/><W22/><G44/><N who="0" m="25887" /><D60/><U79/><E46/><V111/><F117/><W105/><G105/><N who="0" m="63687" /><D64/><U70/><E70/><V57/><F56/><W87/><G87/><T74/><D74/><U45/><E45/><V26/><F73/><W6/><G22/><T119/><D99/><U10/><E21/><V104/><F35/><W30/><G30/><T69/><D86/><U85/><E85/><V51/><F26/><RYUUKYOKU ba="1,1" sc="306,-15,110,15,470,-15,104,15" hai1="10,17,52,54,77,78,79" hai3="6,7,12,15,120,121,122" /><INIT seed="7,2,1,5,3,22" ten="291,125,455,119" oya="3" hai0="75,101,37,9,81,82,10,90,58,39,36,104,114" hai1="94,76,127,109,55,63,117,95,98,56,135,45,122" hai2="118,27,49,79,54,107,1,126,5,86,113,132,93" hai3="67,42,11,105,89,14,15,134,52,12,130,83,23"/><W65/><G105/><T6/><D75/><U102/><E109/><V88/><F107/><W112/><G112/><T78/><D114/><U34/><E34/><V7/><F118/><W80/><G130/><T0/><D104/><U125/><E122/><V8/><F113/><W71/><G71/><T69/><D69/><U40/><E117/><V85/><F132/><W44/><G134/><T18/><D101/><U2/><E2/><V96/><F126/><N who="1" m="48137" /><E135/><V41/><F41/><W61/><G42/><T17/><D17/><U74/><E74/><V33/><F79/><W24/><G11/><T13/><D10/><U53/><E76/><V68/><F68/><W29/><G89/><T131/><D90/><U21/><E21/><V32/><F32/><W124/><G124/><T108/><D81/><N who="3" m="31305" /><G61/><T20/><D131/><U35/><E35/><V121/><F121/><W73/><G73/><T70/><D82/><U110/><E110/><V51/><F8/><W103/><G103/><T47/><D70/><U62/><E62/><V50/><F1/><W66/><G66/><T91/><D37/><N who="1" m="21647" /><E95/><V120/><F88/><W116/><G116/><T46/><D91/><U26/><E26/><V25/><F96/><W133/><G133/><T3/><D9/><U119/><E119/><V84/><F33/><W60/><G60/><T64/><D64/><AGARI ba="2,1" hai="53,55,56,63,64,94,98,102" m="21647,48137" machi="64" ten="30,1000,0" yaku="18,1" doraHai="22" who="1" fromWho="0" sc="291,-16,125,26,455,0,119,0" owari="275,8.0,151,-25.0,455,55.0,119,-38.0" /></mjloggm>