<mjloggm ver="2.3"><GO type="41"/><UN n0="%41%6D%69%63%68%61%6E" n1="%E3%82%A6%E3%83%AB%E3%83%88%E3%83%A9%E7%AB%8B%E7%9B%B4" n2="%E5%AF%92%E6%89%93%E5%A4%9A" n3="%74%61%6B%61%33%32" dan="14,15,13,13" rate="1935,1981,1909,1879" sx="F,M,M,M"/><TAIKYOKU oya="0"/><INIT seed="0,0,0,3,3,39" ten="250,250,250,250" oya="0" hai0="133,102,67,75,49,112,13,44,5,108,95,20,57" hai1="111,127,110,126,25,37,28,77,30,115,92,119,89" hai2="80,26,61,41,1,60,8,96,62,73,90,15,51" hai3="59,58,113,9,76,24,72,125,46,55,118,22,132"/><T91/><D75/><U122/><E77/><V3/><F26/><W87/><G118/><T14/><D112/><U12/><E89/><V120/><F120/><W16/><G72/><T2/><D133/><U10/><E92/><N who="2" m="56343" /><F73/><W38/><G132/><T98/><D2/><U17/><E37/><V21/><F3/><W23/><G113/><T107/><D5/><U63/><E115/><V104/><F104/><W81/><G125/><N who="1" m="47626" /><E63/><V82/><F1/><W54/><G9/><T31/><D107/><U4/><E122/><V116/><F116/><W84/><G38/><T48/><D91/><U93/><E93/><V56/><F21/><W117/><G84/><T70/><D70/><U78/><E78/><V36/><F36/><W79/><G79/><T52/><D108/><N who="1" m="41515" /><E119/><V135/><F135/><W65/><G117/><T19/><D31/><U40/><E40/><V128/><F41/><W68/><G23/><AGARI ba="0,0" hai="4,10,12,17,23,25,28,30" m="41515,47626" machi="23" ten="30,7700,0" yaku="18,1,14,1,34,2" doraHai="39" who="1" fromWho="3" sc="250,0,250,77,250,0,250,-77" /><INIT seed="1,0,0,2,2,127" ten="250,327,250,173" oya="1" hai0="132,48,61,116,19,10,12,49,45,78,115,67,20" hai1="79,7,13,11,85,26,63,134,133,35,24,47,84" hai2="102,117,104,27,18,113,92,72,103,95,5,1,44" hai3="81,125,100,99,131,0,106,108,76,32,25,124,14"/><U52/><E35/><V37/><F117/><W109/><G14/><T114/><D116/><U126/><E126/><N who="3" m="48746" /><G0/><T73/><D132/><N who="1" m="50795" /><E79/><V64/><F72/><N who="3" m="43143" /><G25/><N who="1" m="9834" /><E47/><V68/><F44/><W93/><G32/><T91/><D78/><U2/><E2/><V86/><F1/><W31/><G31/><T110/><D73/><U74/><E74/><V120/><F5/><W66/><G66/><T55/><D10/><U60/><E60/><V135/><F135/><W119/><G119/><T97/><D49/><U118/><E118/><V62/><F62/><W8/><G8/><T80/><D114/><U107/><E107/><V3/><F104/><W122/><G122/><T59/><D61/><U34/><E34/><V28/><F113/><W6/><G6/><T38/><D67/><U58/><AGARI ba="0,0" hai="7,11,13,52,58,63,84,85" m="9834,50795" machi="58" ten="30,3000,0" yaku="20,1,54,1" doraHai="127" who="1" fromWho="1" sc="250,-10,327,30,250,-10,173,-10" /><INIT seed="1,1,0,5,0,70" ten="240,357,240,163" oya="1" hai0="75,20,47,91,15,101,111,14,66,114,61,94,10" hai1="46,1,69,5,108,25,62,9,28,115,123,7,106" hai2="24,129,77,117,37,49,50,11,84,81,2,128,78" hai3="38,44,53,63,59,76,92,103,116,3,58,26,6"/><U54/><E123/><V90/><F117/><W36/><G116/><T107/><D114/><U16/><E115/><V88/><F24/><W119/><G76/><T42/><D75/><U105/><E7/><V135/><F135/><W110/><G119/><T43/><D107/><U118/><E118/><V13/><F2/><W74/><G74/><T93/><D101/><U68/><E68/><V48/><F37/><W18/><G110/><T73/><D73/><U133/><E133/><V4/><REACH who="2" step="1"/><F78/><REACH who="2" ten="240,357,230,163" step="2"/><W27/><G3/><T109/><D111/><U85/><E108/><V41/><F41/><W64/><G27/><T34/><D43/><U80/><E25/><V0/><F0/><W19/><G26/><T98/><D15/><U83/><E28/><V96/><F96/><W21/><G36/><T35/><D14/><U95/><E1/><V32/><F32/><W12/><G6/><T100/><D109/><U52/><E5/><V72/><F72/><W130/><G18/><T82/><D98/><U127/><E16/><V23/><F23/><W67/><G38/><T113/><D42/><U30/><E30/><V87/><F87/><W104/><G104/><T120/><D120/><U126/><E106/><V79/><F79/><W57/><G103/><T22/><D100/><U132/><E105/><V131/><AGARI ba="1,1" hai="4,11,13,48,49,50,77,81,84,88,90,128,129,131" machi="131" ten="40,8000,1" yaku="1,1,0,1,19,1,54,1,53,0" doraHai="70" doraHaiUra="56" who="2" fromWho="2" sc="240,-21,357,-41,230,93,163,-21" /><INIT seed="2,0,0,0,5,90" ten="219,316,323,142" oya="2" hai0="113,98,63,70,103,87,15,19,13,66,28,106,120" hai1="36,16,47,128,121,35,65,37,22,118,112,54,124" hai2="48,14,49,41,110,72,31,12,130,108,131,55,23" hai3="93,18,67,78,125,83,92,129,1,117,86,76,42"/><V17/><F72/><W96/><G1/><T44/><D120/><U25/><E118/><V132/><F132/><W116/><G42/><T27/><D113/><U133/><E112/><V9/><F31/><W32/><G67/><T2/><D2/><U111/><E35/><V64/><F64/><W45/><G32/><T0/><D0/><U79/><E65/><V74/><F74/><W8/><G45/><T33/><D19/><U91/><E79/><V51/><F41/><W71/><G18/><T107/><D107/><U50/><E133/><V99/><F99/><W73/><G8/><T85/><D44/><U52/><E121/><V21/><F55/><W89/><G71/><T80/><REACH who="0" step="1"/><D87/><REACH who="0" ten="209,316,323,142" step="2"/><U115/><E115/><V82/><F17/><W39/><G39/><T3/><D3/><U114/><E114/><V11/><F131/><W57/><G129/><T119/><D119/><N who="3" m="45641" /><G57/><T5/><D5/><U30/><E128/><V127/><F130/><W20/><G20/><T61/><D61/><U60/><E37/><V135/><F21/><W75/><G125/><T38/><D38/><U122/><E36/><V29/><F127/><W34/><G34/><T123/><D123/><U97/><E122/><V126/><F126/><W53/><G53/><T43/><D43/><U24/><E124/><V26/><F135/><W134/><G134/><T58/><D58/><U100/><E60/><V4/><F4/><W105/><G105/><T40/><D40/><U81/><E54/><V88/><F23/><W101/><G75/><T109/><D109/><U46/><E111/><V59/><F108/><RYUUKYOKU ba="0,1" sc="209,15,316,-15,323,-15,142,15" hai0="13,15,27,28,33,63,66,70,80,85,98,103,106" hai3="73,76,78,83,86,89,92,93,96,101" /><INIT seed="3,1,1,1,4,9" ten="224,301,308,157" oya="3" hai0="97,7,52,71,83,86,37,36,62,31,20,2,131" hai1="99,67,109,123,54,12,125,38,129,135,64,100,124" hai2="16,57,102,92,43,79,87,11,93,45,96,14,27" hai3="50,117,24,22,44,113,17,1,8,15,78,88,107"/><W81/><G117/><T130/><D2/><U32/><E32/><V49/><F27/><W46/><G113/><T34/><D7/><U58/><E38/><V4/><F57/><W35/><G107/><T56/><D34/><U101/><E123/><V26/><F26/><W111/><G111/><T3/><D3/><U28/><E28/><V106/><F16/><W94/><G35/><T76/><D31/><U134/><E109/><V122/><F122/><W84/><G1/><T18/><D97/><U13/><E99/><V110/><F110/><W59/><G59/><T89/><D76/><U5/><E58/><V90/><REACH who="2" step="1"/><F79/><REACH who="2" ten="224,301,298,157" step="2"/><W77/><G77/><T10/><D71/><U104/><E5/><V6/><F6/><N who="3" m="3479" /><G50/><T41/><D10/><U53/><REACH who="1" step="1"/><E104/><AGARI ba="1,2" hai="4,11,14,43,45,49,87,90,92,93,96,102,104,106" machi="104" ten="40,5200,0" yaku="1,1,52,1,53,1" doraHai="9" doraHaiUra="82" who="2" fromWho="1" sc="224,0,301,-55,298,75,157,0" /><INIT seed="4,0,0,2,4,50" ten="224,246,373,157" oya="0" hai0="134,32,114,121,44,74,64,3,9,111,16,57,4" hai1="41,14,59,83,126,0,27,88,77,40,76,28,7" hai2="81,105,69,73,5,38,63,10,107,133,110,135,100" hai3="131,132,47,31,26,15,90,86,128,127,46,39,85"/><T112/><D121/><U91/><E0/><N who="2" m="295" /><F38/><W84/><G39/><T93/><D74/><U35/><E77/><N who="2" m="44207" /><F110/><W33/><G15/><T13/><D111/><U130/><E126/><V60/><F60/><W45/><G127/><T23/><D134/><N who="2" m="51210" /><F100/><W87/><G132/><T92/><D44/><U125/><E130/><V94/><F94/><W68/><G68/><T95/><D32/><U104/><E125/><V21/><F21/><W51/><N who="3" m="21504" /><DORA hai="99" /><W42/><REACH who="3" step="1"/><G90/><REACH who="3" ten="224,246,373,147" step="2"/><T43/><D114/><U20/><E88/><V89/><F89/><W66/><G66/><AGARI ba="0,1" hai="63,66,69,105,107" m="51210,44207,295" machi="66" ten="30,2000,0" yaku="20,1,23,1" doraHai="50,99" who="2" fromWho="3" sc="224,0,246,0,373,30,147,-20" /><INIT seed="5,0,0,1,0,29" ten="224,246,403,127" oya="1" hai0="54,31,117,129,81,71,8,26,13,19,63,95,72" hai1="7,37,105,94,14,108,122,89,73,58,42,113,51" hai2="47,46,52,126,70,103,93,36,111,5,16,109,9" hai3="96,27,123,49,75,32,55,110,128,62,43,21,17"/><U34/><E105/><V83/><F70/><W66/><G123/><T0/><D117/><U53/><E122/><V11/><F126/><W22/><G75/><T107/><D107/><U39/><E73/><V69/><F69/><W82/><G110/><T101/><D129/><U115/><E108/><V130/><F130/><W102/><G128/><T4/><D72/><U67/><E67/><V76/><F36/><W40/><G82/><T59/><D71/><U10/><E42/><V124/><F124/><W30/><G22/><T78/><D78/><U86/><REACH who="1" step="1"/><E34/><REACH who="1" ten="224,236,403,127" step="2"/><V15/><F111/><W60/><G43/><T28/><D54/><U3/><E3/><V85/><F52/><W91/><G40/><T12/><D0/><U135/><E135/><V50/><F109/><W133/><G133/><T114/><D114/><AGARI ba="0,1" hai="7,10,14,37,39,51,53,58,86,89,94,113,114,115" machi="114" ten="40,3900,0" yaku="1,1,15,1,53,0" doraHai="29" doraHaiUra="97" who="1" fromWho="0" sc="224,-39,236,49,403,0,127,0" /><INIT seed="5,1,0,3,3,27" ten="185,285,403,127" oya="1" hai0="71,105,102,107,79,81,13,106,90,10,92,8,23" hai1="131,55,51,16,67,83,1,121,109,133,112,12,24" hai2="117,87,103,33,53,120,69,88,62,86,108,70,57" hai3="47,50,61,39,91,101,129,73,19,20,66,28,75"/><U63/><E1/><V64/><F120/><W95/><G129/><T80/><D71/><U26/><E131/><V58/><F108/><W43/><G39/><T18/><D102/><U42/><E42/><V40/><F40/><W82/><G82/><T113/><D113/><U60/><E121/><V68/><F33/><W11/><G11/><T98/><REACH who="0" step="1"/><D81/><REACH who="0" ten="175,285,403,127" step="2"/><U115/><E83/><V17/><F103/><W46/><G101/><T48/><D48/><U29/><E115/><V59/><F70/><W31/><G75/><AGARI ba="1,1" hai="8,10,13,18,23,75,79,80,90,92,98,105,106,107" machi="75" ten="40,1300,0" yaku="1,1,53,0" doraHai="27" doraHaiUra="126" who="0" fromWho="3" sc="175,26,285,0,403,0,127,-16" /><INIT seed="6,0,0,3,0,96" ten="201,285,403,111" oya="2" hai0="67,15,13,85,21,31,6,83,3,43,100,4,110" hai1="14,12,127,64,81,125,0,132,58,112,38,124,34" hai2="55,74,135,2,8,36,119,72,130,98,95,28,17" hai3="22,37,9,97,57,78,108,70,69,66,128,47,39"/><V63/><F119/><W1/><G78/><T23/><D67/><U61/><E0/><V33/><F36/><W48/><G22/><T79/><D110/><U87/><E34/><V25/><F130/><W59/><G97/><T29/><D43/><U46/><E132/><V27/><F135/><W86/><G9/><T105/><D105/><U50/><E38/><N who="3" m="14346" /><G86/><T51/><D51/><U52/><REACH who="1" step="1"/><E112/><REACH who="1" ten="201,275,403,111" step="2"/><V92/><F2/><W88/><G1/><T19/><D3/><U104/><E104/><V5/><F33/><W103/><G128/><T53/><D31/><U68/><E68/><N who="3" m="26218" /><G108/><T134/><D29/><U16/><E16/><V129/><F28/><W26/><G26/><T131/><D19/><U102/><E102/><V117/><F129/><W71/><G103/><T99/><D100/><U11/><E11/><V113/><F27/><W18/><G18/><T118/><D6/><U107/><E107/><V106/><F25/><W49/><G88/><AGARI ba="0,1" hai="12,14,46,50,52,58,61,64,81,87,88,124,125,127" machi="88" ten="40,8000,1" yaku="1,1,18,1,54,2,53,0" doraHai="96" doraHaiUra="122" who="1" fromWho="3" sc="201,0,275,90,403,0,111,-80" /><INIT seed="7,0,0,0,4,17" ten="201,365,403,31" oya="3" hai0="123,13,8,50,30,91,38,32,43,65,74,10,19" hai1="20,124,73,133,7,70,62,69,116,4,96,95,76" hai2="93,86,119,129,42,114,68,80,48,44,29,66,51" hai3="132,6,106,23,40,45,9,31,0,53,127,41,99"/><W24/><G127/><T102/><D74/><U75/><E124/><V131/><F119/><W35/><G132/><T94/><D102/><U134/><E116/><V3/><F3/><W11/><G106/><T5/><D38/><U121/><E62/><N who="2" m="40023" /><F114/><W27/><G99/><T88/><D65/><U85/><E85/><V83/><F29/><W105/><G105/><T135/><D135/><U101/><E76/><V98/><F86/><W64/><G64/><T107/><D107/><U47/><E47/><V82/><F51/><W49/><REACH who="3" step="1"/><G11/><REACH who="3" ten="201,365,403,21" step="2"/><T72/><D10/><U61/><E133/><V110/><F98/><W118/><G118/><T81/><D8/><U67/><E96/><V89/><F129/><W56/><G56/><T100/><D123/><U15/><E134/><V28/><F131/><W111/><G111/><T79/><D100/><U92/><E101/><V120/><F110/><W103/><G103/><T90/><D90/><U1/><E67/><V36/><F89/><W25/><G25/><T117/><D91/><U58/><E58/><V37/><F120/><W52/><G52/><T78/><D88/><U84/><E121/><V14/><F44/><W57/><G57/><T113/><D79/><U59/><E59/><V22/><F80/><W108/><G108/><T77/><D81/><U126/><E126/><V54/><F83/><W33/><G33/><T115/><D78/><U39/><E69/><V60/><F54/><W122/><G122/><T18/><D77/><U87/><E70/><V128/><F82/><W12/><G12/><T109/><D109/><U46/><E15/><RYUUKYOKU ba="0,1" sc="201,-10,365,-10,403,-10,21,30" hai3="0,6,9,23,24,27,31,35,40,41,45,49,53" /><INIT seed="7,1,1,0,3,41" ten="191,355,393,51" oya="3" hai0="72,64,38,80,55,16,73,99,74,130,68,22,66" hai1="35,116,44,50,49,126,27,9,109,52,42,103,26" hai2="7,91,61,25,18,39,58,125,88,47,124,134,89" hai3="113,24,120,28,83,36,34,70,51,37,11,96,63"/><W135/><G120/><T57/><D38/><U81/><E109/><V98/><F7/><W76/><G135/><T128/><D99/><U119/><E103/><V77/><F77/><W127/><G127/><N who="2" m="48713" /><F134/><W132/><G113/><T32/><D32/><U0/><E126/><V67/><F47/><W112/><G132/><T100/><D100/><U48/><E35/><V111/><F111/><W6/><G112/><T20/><D20/><U82/><E0/><V104/><F39/><W78/><G51/><N who="1" m="19530" /><E42/><V2/><F2/><W29/><G29/><T15/><D68/><U13/><E119/><V65/><F104/><W8/><G96/><T46/><D80/><N who="1" m="30827" /><E116/><V86/><F98/><W43/><G43/><T79/><D79/><U122/><E122/><V75/><F75/><W117/><G117/><T31/><D31/><U102/><E102/><V84/><F65/><W110/><G110/><T21/><D46/><U59/><E59/><V101/><F101/><W114/><G114/><T53/><D53/><U90/><E90/><V95/><F84/><N who="3" m="48231" /><G78/><T131/><REACH who="0" step="1"/><D22/><AGARI ba="1,1" hai="18,22,25,58,61,67,86,88,89,91,95" m="48713" machi="22" ten="30,2000,0" yaku="18,1,54,1" doraHai="41" who="2" fromWho="0" sc="191,-23,355,0,393,33,51,0" owari="168,-23.0,355,16.0,426,52.0,51,-45.0" /></mjloggm>