<mjloggm ver="2.3"><GO type="41"/><UN n0="%E3%82%A6%E3%83%AB%E3%83%88%E3%83%A9%E7%AB%8B%E7%9B%B4" n1="%E3%82%8A%E3%82%83%E3%82%93%E8%94%B5" n2="%6C%61%73%6C%65%6D%6F%6E" n3="%54%4C%49%43%30%33" dan="15,13,13,13" rate="2013,1838,1873,1971" sx="M,M,M,M"/><TAIKYOKU oya="0"/><INIT seed="0,0,0,2,0,103" ten="250,250,250,250" oya="0" hai0="54,109,86,0,108,79,120,101,135,3,41,134,21" hai1="56,77,117,129,92,12,39,2,70,132,89,46,74" hai2="64,26,45,106,18,22,61,72,80,40,127,81,68" hai3="102,32,105,19,36,78,118,24,95,42,59,131,76"/><T110/><D41/><U97/><E117/><V14/><F127/><W83/><G118/><T122/><D86/><U84/><E70/><V38/><F72/><W66/><G131/><T96/><D79/><U9/><E129/><V28/><REACH who="2" step="1"/><F106/><REACH who="2" ten="250,250,240,250" step="2"/><W115/><G105/><N who="0" m="63655" /><D120/><U53/><E74/><V16/><F16/><W15/><G19/><T8/><D122/><U119/><E119/><V25/><F25/><W5/><G24/><T130/><D130/><U34/><E2/><V112/><F112/><W126/><G115/><T23/><D54/><U73/><E73/><V85/><F85/><W1/><G1/><N who="0" m="587" /><D8/><AGARI ba="0,1" hai="8,14,18,22,26,28,38,40,45,61,64,68,80,81" machi="8" ten="30,2000,0" yaku="1,1,7,1,53,0" doraHai="103" doraHaiUra="94" who="2" fromWho="0" sc="250,-20,250,0,240,30,250,0" /><INIT seed="1,0,0,1,5,39" ten="230,250,270,250" oya="1" hai0="41,134,100,112,9,121,131,113,83,23,90,108,114" hai1="43,115,110,98,86,111,78,42,58,118,89,107,31" hai2="10,120,74,25,5,103,61,122,109,24,95,92,70" hai3="91,123,20,65,56,93,132,51,19,46,72,127,77"/><U55/><E118/><V2/><F74/><W4/><G127/><T104/><D100/><U34/><E78/><V76/><F76/><W99/><G132/><T124/><D104/><U21/><E34/><V26/><F109/><N who="1" m="41481" /><E115/><V73/><F73/><W75/><G123/><T97/><D108/><U22/><E107/><V96/><REACH who="2" step="1"/><F95/><REACH who="2" ten="230,250,260,250" step="2"/><W53/><G53/><T133/><BYE who="3" /><D121/><U105/><E105/><V52/><F52/><W3/><G3/><T82/><D113/><U57/><E98/><V29/><F29/><W81/><G81/><T35/><D83/><N who="1" m="49375" /><E58/><V135/><F135/><W30/><G30/><T40/><D133/><U67/><E67/><AGARI ba="0,1" hai="2,5,10,24,25,26,61,67,70,92,96,103,120,122" machi="67" ten="40,2600,0" yaku="1,1,53,1" doraHai="39" doraHaiUra="94" who="2" fromWho="1" sc="230,0,250,-26,260,36,250,0" /><INIT seed="2,0,0,2,3,4" ten="230,224,296,250" oya="2" hai0="105,54,30,6,118,67,9,115,110,100,60,44,52" hai1="76,37,108,125,123,42,28,5,121,57,56,21,16" hai2="103,38,72,49,101,11,8,77,79,129,50,111,39" hai3="23,95,134,109,64,59,97,47,53,33,102,68,34"/><V99/><F99/><W81/><G81/><T20/><D115/><U98/><E76/><V35/><F35/><W14/><G14/><T58/><D118/><U127/><E28/><V31/><F31/><W24/><G24/><T106/><D110/><U51/><E108/><V25/><F111/><W55/><G55/><T92/><D106/><U19/><E37/><V96/><F96/><W66/><G66/><T124/><D105/><U22/><E98/><V128/><F25/><W3/><G3/><T27/><D124/><N who="1" m="47691" /><E42/><V135/><REACH who="2" step="1"/><F72/><REACH who="2" ten="230,224,286,250" step="2"/><W113/><G113/><T13/><D44/><U73/><E73/><V104/><F104/><W7/><G7/><T88/><D100/><UN n3="%54%4C%49%43%30%33" /><U65/><E5/><V43/><F43/><W36/><G34/><T132/><D132/><AGARI ba="0,1" hai="8,11,38,39,49,50,77,79,101,103,128,129,132,135" machi="132" ten="25,12000,1" yaku="1,1,22,2,52,2,53,0" doraHai="4" doraHaiUra="63" who="2" fromWho="0" sc="230,-120,224,0,286,130,250,0" /><INIT seed="2,1,0,5,3,0" ten="110,224,416,250" oya="2" hai0="110,11,114,69,74,32,72,14,111,97,126,31,109" hai1="1,24,6,55,105,130,22,124,13,26,99,96,100" hai2="40,29,33,78,88,3,42,45,113,12,101,123,83" hai3="82,131,8,122,121,57,46,117,30,37,77,120,108"/><V84/><F123/><W92/><G117/><T93/><D69/><U17/><E130/><V87/><F3/><W43/><G131/><T4/><D114/><U118/><E118/><V61/><F113/><W2/><G108/><T89/><REACH who="0" step="1"/><D126/><REACH who="0" ten="100,224,416,250" step="2"/><U36/><E124/><V107/><F107/><W81/><G122/><T115/><D115/><U104/><E36/><V125/><F125/><W7/><G121/><T67/><D67/><U35/><E35/><V129/><F33/><W10/><G120/><T116/><D116/><U48/><E104/><V59/><F129/><W34/><G34/><T56/><D56/><U75/><E75/><V133/><F133/><W85/><G57/><T19/><D19/><U128/><E128/><V95/><F29/><W41/><G30/><T5/><D5/><U20/><E99/><V52/><F12/><W50/><G7/><T15/><D15/><U53/><E1/><V73/><F73/><W28/><G2/><T127/><D127/><U27/><E6/><V80/><F101/><W94/><G28/><T38/><D38/><U98/><E98/><N who="2" m="57703" /><F45/><N who="3" m="23727" /><G8/><T79/><D79/><AGARI ba="1,1" hai="40,42,52,59,61,78,79,80,83,84,87" m="57703" machi="79" ten="30,5800,0" yaku="8,1,54,2" doraHai="0" who="2" fromWho="0" sc="100,-61,224,0,416,71,250,0" /><INIT seed="2,2,0,1,1,20" ten="39,224,487,250" oya="2" hai0="95,31,131,83,62,112,3,118,91,94,106,103,5" hai1="132,51,16,115,99,127,47,126,96,9,19,6,87" hai2="11,36,42,129,102,78,33,43,8,45,55,23,72" hai3="48,110,101,4,40,34,111,79,25,69,10,54,100"/><V134/><F33/><W133/><G133/><T117/><D5/><U0/><E115/><V116/><F116/><N who="0" m="44650" /><D3/><U67/><E67/><V61/><F43/><W97/><G69/><T128/><D62/><U30/><E132/><V2/><F134/><W39/><G39/><T85/><D31/><U92/><E87/><V68/><F102/><W56/><G40/><T7/><D7/><U21/><E30/><V32/><F32/><W70/><G79/><T76/><D112/><U18/><E99/><V64/><F129/><N who="0" m="49738" /><D76/><U13/><E127/><V88/><F88/><W35/><G70/><T12/><D12/><U66/><E66/><V24/><F2/><N who="3" m="279" /><G34/><T46/><D46/><U98/><E126/><V59/><F72/><W17/><G35/><T60/><D60/><U26/><E98/><AGARI ba="2,0" hai="83,85,91,94,95,98,103,106" m="49738,44650" machi="98" ten="30,7700,0" yaku="12,1,19,1,34,2" doraHai="20" who="0" fromWho="1" sc="39,83,224,-83,487,0,250,0" /><INIT seed="3,0,0,1,4,103" ten="122,141,487,250" oya="3" hai0="58,73,115,56,122,127,81,52,39,24,43,7,70" hai1="82,89,67,14,69,51,34,54,32,27,109,22,64" hai2="98,13,125,61,107,118,33,48,101,19,85,4,99" hai3="93,38,135,132,15,113,25,94,120,35,129,78,31"/><W124/><G113/><T3/><D70/><U57/><E69/><V68/><F4/><W123/><G38/><T50/><D115/><U2/><E2/><V104/><F118/><W84/><G124/><T87/><D122/><U30/><E109/><V5/><F5/><W49/><G129/><T1/><D73/><U75/><E34/><V29/><F125/><W36/><G36/><T40/><D127/><U130/><E130/><V53/><F85/><W42/><G15/><T131/><D131/><U44/><E32/><V60/><F68/><W96/><G42/><T88/><D3/><U105/><E75/><V55/><F29/><W6/><G49/><T41/><D39/><U77/><E77/><V16/><F33/><W11/><G11/><T37/><D37/><U114/><E114/><V112/><F112/><W26/><G26/><T63/><D24/><U95/><E82/><V97/><F101/><N who="3" m="60559" /><G6/><T134/><D134/><N who="3" m="51241" /><G94/><T91/><D1/><U92/><E92/><V20/><F19/><W90/><G78/><N who="0" m="46519" /><D7/><U106/><E14/><V100/><F100/><W117/><G117/><T133/><D133/><U121/><E121/><N who="3" m="46666" /><G84/><T45/><D45/><U17/><E30/><V119/><F119/><W62/><G90/><T10/><D10/><U21/><E21/><V110/><F48/><W66/><G66/><AGARI ba="0,0" hai="40,41,43,50,52,56,58,63,66,88,91" m="46519" machi="66" ten="30,3900,0" yaku="8,1,54,2" doraHai="103" who="0" fromWho="3" sc="122,39,141,0,487,0,250,-39" /><INIT seed="4,0,0,4,0,105" ten="161,141,487,211" oya="0" hai0="5,120,108,9,76,100,72,95,51,103,128,119,40" hai1="86,21,31,69,70,132,134,83,32,98,15,27,61" hai2="53,129,88,133,65,2,60,114,48,82,66,7,79" hai3="99,47,26,90,33,41,36,107,17,30,118,43,55"/><T93/><D120/><U121/><E121/><V62/><F2/><W18/><G118/><T115/><D119/><U91/><E98/><V74/><F114/><W84/><G43/><T110/><D115/><U81/><E61/><V42/><F7/><W104/><G55/><T12/><D128/><U64/><E64/><V123/><F123/><W117/><G117/><T0/><D100/><U67/><E67/><V25/><F133/><W75/><G75/><T68/><D68/><U59/><E59/><V3/><F3/><W14/><G99/><T77/><D0/><U78/><E15/><V73/><F129/><W6/><G6/><T13/><D103/><U111/><E111/><N who="0" m="42537" /><D13/><U56/><E56/><V4/><F4/><W126/><G126/><T23/><D23/><U85/><REACH who="1" step="1"/><E32/><REACH who="1" ten="161,131,487,211" step="2"/><V44/><F65/><W96/><G96/><T102/><D102/><U92/><E92/><V101/><F101/><W130/><G130/><T109/><D109/><U10/><E10/><V52/><F62/><W58/><G58/><T80/><BYE who="3" /><D77/><U94/><E94/><V135/><F60/><W131/><G131/><T39/><D51/><U24/><E24/><V116/><F25/><W87/><G87/><T106/><D106/><UN n3="%54%4C%49%43%30%33" /><U19/><E19/><V50/><BYE who="3" /><F116/><W35/><G35/><T54/><D54/><U38/><E38/><V22/><F52/><W11/><G11/><T63/><D63/><U45/><E45/><AGARI ba="0,1" hai="5,9,12,39,40,45,72,76,80,93,95" m="42537" machi="45" ten="30,2900,0" yaku="10,1,52,1" doraHai="105" who="0" fromWho="1" sc="161,39,131,-29,487,0,211,0" /><INIT seed="4,1,0,2,0,45" ten="200,102,487,211" oya="0" hai0="116,51,46,19,93,119,15,67,99,84,60,95,94" hai1="50,9,34,1,69,104,85,100,64,21,59,76,102" hai2="117,30,110,122,72,22,52,113,96,26,101,48,35" hai3="11,47,70,118,39,3,55,44,56,20,107,5,108"/><T75/><D75/><U49/><E104/><V112/><F122/><W42/><G42/><T114/><D114/><N who="2" m="44138" /><F110/><W66/><G66/><T105/><D84/><U38/><E38/><V12/><F117/><W92/><G92/><T86/><D86/><U132/><E69/><V53/><F72/><W18/><G18/><T103/><D116/><U111/><E34/><V28/><F28/><W13/><G13/><T24/><D24/><U127/><E111/><V89/><F89/><W29/><G29/><T115/><D119/><U65/><E132/><V120/><F120/><W33/><G33/><T78/><D78/><U109/><E109/><V7/><F53/><W131/><G131/><T58/><D115/><U16/><E127/><V87/><F87/><W61/><G61/><T8/><REACH who="0" step="1"/><D105/><REACH who="0" ten="190,102,487,211" step="2"/><U98/><E1/><V82/><F82/><W106/><G106/><T124/><D124/><U41/><E41/><AGARI ba="1,1" hai="8,15,19,41,46,51,58,60,67,93,94,95,99,103" machi="41" ten="30,12000,1" yaku="1,1,7,1,8,1,52,1,53,1" doraHai="45" doraHaiUra="40" who="0" fromWho="1" sc="190,133,102,-123,487,0,211,0" owari="323,12.0,-21,-52.0,487,59.0,211,-19.0" /></mjloggm>