<mjloggm ver="2.3"><GO type="97"/><UN n0="%EF%BC%88%E2%89%A7%E2%96%BD%E2%89%A6%EF%BC%89" n1="%43%4C%53%43" n2="%E5%80%92%E7%89%8C%E7%89%8C" n3="%E9%9B%80%E9%AC%BC%E6%AA%B8%E6%AA%AC" dan="15,13,13,13" rate="2007,1936,1947,1835" sx="M,M,M,M"/><TAIKYOKU oya="0"/><INIT seed="0,0,0,5,0,87" ten="250,250,250,250" oya="0" hai0="25,20,135,97,23,34,110,92,26,24,134,4,128" hai1="126,35,27,62,53,63,21,119,82,102,73,117,11" hai2="104,43,39,83,64,76,109,100,122,133,107,75,10" hai3="19,114,78,15,120,108,37,95,44,132,123,59,38"/><T88/><D128/><U125/><E35/><V56/><F122/><N who="3" m="46635" /><G114/><T45/><D110/><U50/><E102/><V36/><F109/><W98/><G108/><T49/><D4/><U33/><E33/><V90/><F133/><N who="0" m="50698" /><D34/><U9/><E73/><V118/><F118/><W79/><G132/><T74/><D74/><U66/><E82/><V115/><F115/><W77/><G59/><T127/><D127/><N who="1" m="48651" /><E119/><V61/><F10/><N who="1" m="3593" /><E66/><V30/><F64/><W84/><G84/><T22/><D25/><U6/><E6/><V31/><F75/><W86/><G86/><T51/><D51/><U13/><E13/><V91/><F39/><W68/><G68/><T8/><D8/><U32/><E32/><V58/><F36/><W7/><G7/><T111/><D111/><U96/><E96/><V2/><F2/><W48/><G37/><T16/><D26/><U80/><E80/><V28/><F83/><W103/><G38/><T70/><D70/><U124/><N who="1" m="48659" /><U17/><DORA hai="67" /><E117/><V5/><F5/><W81/><G15/><T130/><D130/><U106/><E106/><V121/><F104/><W89/><G81/><T52/><AGARI ba="0,0" hai="16,20,22,23,24,45,49,52,88,92,97" m="50698" machi="52" ten="30,12000,1" yaku="20,1,52,1,54,3" doraHai="87,67" who="0" fromWho="0" sc="250,120,250,-40,250,-40,250,-40" /><INIT seed="0,1,0,4,3,27" ten="370,210,210,210" oya="0" hai0="66,86,104,52,22,53,48,17,6,70,7,23,31" hai1="41,95,96,118,84,92,130,32,132,3,100,9,126" hai2="108,47,135,8,77,131,64,111,59,1,97,39,54" hai3="57,50,12,20,107,119,116,112,69,117,51,134,58"/><T18/><D104/><U78/><E118/><V83/><F131/><W123/><G107/><T133/><D133/><U49/><E130/><V25/><F135/><W80/><G134/><T42/><D70/><U61/><E132/><V33/><F97/><W45/><G80/><T115/><D115/><U24/><E126/><V43/><F64/><W4/><G4/><N who="0" m="1579" /><D66/><U37/><E37/><V121/><F121/><W120/><G12/><N who="0" m="9511" /><D86/><U71/><E3/><V75/><F1/><W85/><G85/><T16/><D31/><U40/><E9/><V28/><REACH who="2" step="1"/><F8/><REACH who="2" ten="370,210,200,210" step="2"/><W60/><G120/><T11/><D11/><U79/><E96/><V55/><F55/><N who="0" m="21066" /><D23/><U99/><E32/><V56/><F56/><W67/><G20/><T127/><D127/><U90/><E71/><V0/><F0/><W62/><G123/><T102/><D102/><U89/><E99/><V34/><F34/><W38/><G69/><T13/><D13/><U82/><E100/><V72/><F72/><W109/><G116/><T73/><D73/><U63/><E24/><V125/><F125/><W2/><G117/><T74/><D74/><U29/><E29/><V36/><F36/><W129/><G2/><T26/><D26/><U65/><E65/><V110/><F110/><W88/><G67/><T46/><AGARI ba="1,1" hai="16,18,42,46,48" m="21066,9511,1579" machi="46" ten="30,6000,0" yaku="8,1,54,2" doraHai="27" who="0" fromWho="0" sc="370,73,210,-21,200,-21,210,-21" /><INIT seed="0,2,0,3,2,21" ten="443,189,179,189" oya="0" hai0="106,119,91,24,124,89,29,99,105,42,81,5,46" hai1="120,31,98,100,60,51,9,54,23,44,55,7,19" hai2="11,93,86,126,3,16,62,117,121,112,50,114,41" hai3="115,49,78,65,67,135,131,69,118,26,85,43,87"/><T76/><D119/><U88/><E120/><V72/><F121/><W113/><G118/><T84/><D5/><U109/><E31/><V132/><F117/><W128/><G113/><T38/><D124/><U116/><E116/><V47/><F126/><W103/><G115/><T104/><REACH who="0" step="1"/><D99/><REACH who="0" ten="433,189,179,189" step="2"/><U58/><E98/><V77/><F112/><W10/><G128/><T12/><D12/><U15/><E7/><V36/><F114/><W108/><G131/><T18/><D18/><U52/><E15/><V14/><F16/><W6/><G6/><T134/><D134/><U27/><E19/><V83/><F132/><W74/><G135/><T34/><AGARI ba="2,1" hai="24,29,34,38,42,46,76,81,84,89,91,104,105,106" machi="34" ten="30,6000,0" yaku="1,1,0,1,52,1,53,0" doraHai="21" doraHaiUra="125" who="0" fromWho="0" sc="433,76,189,-22,179,-22,189,-22" /><INIT seed="0,3,0,1,3,20" ten="509,167,157,167" oya="0" hai0="134,46,59,121,60,97,68,105,71,104,79,126,50" hai1="16,125,8,78,23,74,38,75,115,22,55,21,81" hai2="13,83,3,77,70,76,56,129,40,25,6,122,96" hai3="11,124,112,43,37,113,73,107,92,32,1,0,89"/><T14/><D121/><U85/><E38/><V128/><F70/><W110/><G32/><T99/><D79/><U17/><E125/><V44/><F122/><W61/><G73/><T54/><D126/><U12/><E115/><V102/><F3/><W58/><G107/><T109/><D99/><U27/><E75/><V31/><F56/><W30/><G30/><T65/><D97/><U19/><E19/><V127/><F127/><W82/><G82/><T36/><D71/><U117/><E117/><V72/><F77/><W7/><G1/><T90/><D90/><U34/><E34/><V135/><F135/><W86/><G124/><T18/><D109/><U80/><REACH who="1" step="1"/><E55/><REACH who="1" ten="509,157,157,167" step="2"/><V133/><F72/><W51/><G37/><T119/><D119/><U15/><E15/><V69/><F13/><W84/><G112/><T28/><D134/><U48/><E48/><V88/><F133/><W42/><G51/><T4/><D28/><U57/><E57/><V39/><F31/><W130/><G58/><T10/><D18/><U132/><E132/><V100/><F39/><W95/><G113/><T91/><D36/><U35/><E35/><V118/><F118/><W101/><G42/><T66/><D68/><U106/><E106/><V29/><F40/><W114/><G43/><N who="0" m="24927" /><D105/><U24/><E24/><V41/><F25/><W67/><G114/><T103/><D104/><U108/><E108/><V26/><F29/><W120/><G110/><T87/><D54/><U111/><E111/><V49/><F69/><W47/><G120/><T123/><D59/><U53/><E53/><V64/><F41/><RYUUKYOKU ba="3,1" sc="509,-10,157,30,157,-10,167,-10" hai1="8,12,16,17,21,22,23,27,74,78,80,81,85" /><INIT seed="1,4,1,4,3,107" ten="499,187,147,157" oya="1" hai0="51,123,59,55,23,44,16,65,19,39,61,54,49" hai1="41,29,127,58,88,102,15,72,71,114,63,33,7" hai2="43,24,10,36,87,35,12,60,126,115,111,14,135" hai3="76,79,131,116,57,74,38,92,27,66,84,101,21"/><U3/><E114/><V96/><F115/><W40/><G131/><T56/><D123/><U90/><E3/><V62/><F111/><W69/><G116/><T95/><D39/><U8/><E71/><V13/><F126/><W99/><G69/><T47/><D95/><U81/><E41/><V91/><F135/><W128/><G128/><T108/><D108/><U130/><E127/><V53/><F10/><W82/><G38/><T9/><D9/><U98/><E130/><V121/><F121/><W132/><G40/><N who="0" m="24807" /><D23/><U34/><E34/><V124/><F124/><W42/><G42/><T67/><D67/><U28/><E72/><V18/><F96/><W11/><G132/><T104/><D104/><U77/><E77/><V26/><F35/><W32/><G32/><T0/><D0/><U122/><E122/><V2/><F2/><W30/><G11/><T86/><D86/><N who="1" m="50255" /><E33/><V100/><F87/><W110/><G79/><T129/><D129/><U125/><E102/><V20/><F100/><W78/><G78/><T85/><D85/><U89/><E125/><V45/><F36/><W97/><G97/><T119/><D119/><U25/><E25/><V83/><F26/><W103/><G103/><T120/><D120/><U5/><E5/><V70/><F24/><W50/><G110/><T133/><D133/><U93/><E90/><V48/><F91/><W68/><G84/><T64/><D64/><AGARI ba="4,1" hai="7,8,15,28,29,58,63,64,89,93,98" m="50255" machi="64" ten="30,2900,0" yaku="8,1,54,1" doraHai="107" who="1" fromWho="0" sc="499,-41,187,51,147,0,157,0" /><INIT seed="1,5,0,4,4,109" ten="458,238,147,157" oya="1" hai0="90,15,40,132,32,115,50,43,52,118,74,14,49" hai1="3,6,60,48,86,87,21,61,22,5,78,72,29" hai2="91,94,123,113,84,36,101,55,51,18,47,125,93" hai3="56,130,75,16,99,117,65,53,124,110,111,80,39"/><U82/><E48/><V100/><F123/><W121/><G121/><T104/><D74/><U107/><E107/><V23/><F125/><W30/><G39/><T35/><D104/><U92/><E3/><V68/><F68/><W106/><G30/><T46/><D118/><U71/><E72/><V134/><F134/><W10/><G65/><T105/><D105/><U67/><E60/><V20/><F36/><W66/><G66/><T102/><D102/><U95/><E29/><V63/><F113/><W77/><G124/><T112/><D132/><U116/><E116/><V33/><F33/><W59/><G117/><T17/><D90/><U13/><E87/><V89/><F63/><W57/><G130/><T96/><D96/><U127/><E127/><V44/><F44/><W64/><G64/><T58/><D43/><U9/><REACH who="1" step="1"/><E5/><REACH who="1" ten="458,228,147,157" step="2"/><V122/><F122/><W76/><G75/><T128/><D49/><U129/><E129/><V12/><REACH who="2" step="1"/><F23/><AGARI ba="5,1" hai="6,9,13,21,22,23,61,67,71,78,82,86,92,95" machi="23" ten="40,2000,0" yaku="1,1,53,0" doraHai="109" doraHaiUra="135" who="1" fromWho="2" sc="458,0,228,45,147,-35,157,0" /><INIT seed="1,6,0,4,4,72" ten="458,273,112,157" oya="1" hai0="24,6,33,77,40,13,56,3,86,27,112,78,105" hai1="75,132,64,62,81,91,55,108,107,83,20,17,128" hai2="95,26,44,102,118,126,23,22,50,0,122,31,66" hai3="5,101,9,97,46,1,119,109,103,98,69,41,117"/><U113/><E113/><V63/><F118/><W11/><G69/><T21/><D3/><U94/><E107/><V73/><F122/><W7/><G109/><T29/><D105/><U76/><E108/><V8/><F126/><W96/><G41/><T125/><D112/><U25/><E83/><V80/><F0/><W10/><G1/><T129/><D125/><U47/><E132/><V79/><F8/><W54/><G46/><T70/><D70/><U52/><E47/><V120/><F120/><W49/><G49/><T36/><D129/><U57/><REACH who="1" step="1"/><E128/><REACH who="1" ten="458,263,112,157" step="2"/><V99/><F23/><W134/><G134/><T19/><D21/><U60/><E60/><V84/><F44/><W58/><G117/><T82/><D33/><U34/><E34/><V4/><F50/><W42/><G119/><T51/><D51/><U15/><E15/><V74/><REACH who="2" step="1"/><F4/><REACH who="2" ten="458,263,102,157" step="2"/><W88/><G5/><T2/><D6/><U121/><E121/><V35/><F35/><W67/><G7/><T59/><D2/><U32/><E32/><V30/><F30/><W43/><G101/><T53/><D29/><U89/><E89/><V114/><F114/><W37/><G103/><T12/><D36/><U87/><AGARI ba="6,2" hai="17,20,25,52,55,57,62,64,75,76,81,87,91,94" machi="87" ten="20,12000,1" yaku="1,1,0,1,7,1,52,1,54,1,53,0" doraHai="72" doraHaiUra="93" who="1" fromWho="1" sc="458,-46,263,158,102,-46,157,-46" /><INIT seed="1,7,0,3,0,46" ten="412,421,56,111" oya="1" hai0="68,8,53,130,5,87,0,113,71,33,22,107,11" hai1="124,31,52,72,48,119,50,55,98,6,51,90,36" hai2="93,18,28,3,74,123,127,43,15,44,100,16,84" hai3="58,135,95,39,79,77,65,26,134,23,13,129,19"/><U121/><E36/><V114/><F123/><W108/><G39/><T117/><D113/><U116/><E72/><V60/><F74/><W38/><G38/><T94/><D117/><U76/><E121/><V132/><F3/><W89/><G108/><T42/><D107/><U47/><E76/><V133/><F114/><W12/><G129/><T64/><D130/><U75/><E75/><V106/><F106/><W126/><G126/><T10/><D33/><U14/><E31/><V110/><F110/><W35/><G35/><T69/><D42/><U115/><E115/><V37/><F127/><W40/><G40/><T56/><D64/><U29/><E29/><V86/><F28/><W57/><G77/><T73/><D73/><U111/><E124/><V45/><F60/><W92/><G79/><T66/><D66/><U25/><E25/><V131/><F131/><W32/><G32/><T105/><D105/><U125/><E125/><V49/><F100/><W2/><G2/><T118/><D118/><U80/><E111/><V112/><F112/><W7/><G7/><T62/><REACH who="0" step="1"/><D22/><REACH who="0" ten="402,421,56,111" step="2"/><U104/><E104/><V4/><F43/><W102/><G23/><T96/><D96/><U61/><E98/><V41/><F41/><W82/><G134/><T88/><AGARI ba="7,1" hai="0,5,8,10,11,53,56,62,68,69,71,87,88,94" machi="88" ten="40,5200,0" yaku="1,1,0,1,54,1,53,0" doraHai="46" doraHaiUra="109" who="0" fromWho="0" sc="402,83,421,-33,56,-20,111,-20" /><INIT seed="2,0,0,5,1,33" ten="485,388,36,91" oya="2" hai0="11,48,59,87,12,126,68,80,13,4,103,43,90" hai1="9,14,6,115,42,130,83,70,116,28,66,81,107" hai2="2,131,89,111,50,101,54,96,98,58,63,29,44" hai3="91,32,95,127,105,110,106,40,122,76,75,5,51"/><V82/><F131/><W132/><G122/><T27/><D68/><U67/><E116/><V124/><F124/><W135/><G32/><T38/><D38/><U34/><E115/><V128/><F128/><W31/><G31/><T15/><D126/><U21/><E130/><V85/><F111/><W104/><G127/><T46/><D103/><U61/><E67/><V49/><F2/><W118/><G118/><T99/><D99/><U39/><E107/><V79/><F29/><W8/><G110/><T113/><D113/><U55/><E34/><V57/><F101/><W71/><G71/><T93/><D93/><U117/><E117/><V7/><F7/><W10/><G75/><T56/><D27/><U26/><E55/><V120/><F120/><W19/><G76/><T18/><D13/><U60/><E60/><V3/><F3/><W35/><G35/><T77/><D90/><U0/><REACH who="1" step="1"/><E14/><REACH who="1" ten="485,378,36,91" step="2"/><V22/><F22/><AGARI ba="0,1" hai="4,11,12,15,18,22,43,46,48,56,59,77,80,87" machi="22" ten="30,7700,0" yaku="7,1,25,2,8,1" doraHai="33" who="0" fromWho="2" sc="485,87,378,0,36,-77,91,0" owari="572,67.0,378,18.0,-41,-54.0,91,-31.0" /></mjloggm>