<mjloggm ver="2.3"><GO type="41"/><UN n0="%E3%81%BE%E3%81%81%E3%81%A3%E3%81%9F%E3%82%8A%E3%81%A8" n1="%47%61%6E" n2="%E3%82%A6%E3%83%AB%E3%83%88%E3%83%A9%E7%AB%8B%E7%9B%B4" n3="%74%61%72%6F%31%32%33" dan="13,13,15,14" rate="1836,1824,1991,1841" sx="M,M,M,M"/><TAIKYOKU oya="0"/><INIT seed="0,0,0,0,0,19" ten="250,250,250,250" oya="0" hai0="73,89,127,92,6,124,12,42,110,87,35,84,128" hai1="75,29,47,102,85,80,135,24,123,111,17,88,13" hai2="3,109,55,120,4,76,72,105,96,107,94,48,53" hai3="98,115,126,60,15,5,39,117,122,68,71,118,33"/><T113/><D113/><U34/><E123/><V8/><F120/><W91/><G33/><T86/><D35/><U106/><E111/><V65/><F109/><W23/><G122/><T78/><D110/><U74/><E47/><V14/><F65/><W83/><G115/><T46/><D128/><U38/><E38/><V21/><F76/><W101/><G39/><T25/><D73/><U22/><E135/><V59/><F72/><W1/><G126/><N who="0" m="48171" /><D78/><U132/><REACH who="1" step="1"/><E132/><REACH who="1" ten="250,240,250,250" step="2"/><V79/><F79/><W95/><G118/><T20/><D46/><U30/><E30/><V58/><F105/><W81/><G117/><T99/><D42/><U69/><E69/><V26/><F107/><W103/><G68/><T100/><D6/><U116/><E116/><V2/><F58/><W108/><G71/><T133/><D133/><U10/><E10/><V27/><F55/><W41/><G5/><T44/><D44/><U104/><E104/><V57/><F57/><W67/><G108/><T50/><D50/><U45/><E45/><V63/><F48/><W37/><G41/><T131/><D131/><U82/><E82/><V32/><F53/><W97/><G83/><N who="0" m="49311" /><D12/><U54/><E54/><V112/><F63/><W70/><G15/><T9/><D9/><U43/><E43/><V56/><F14/><W64/><G60/><T40/><D40/><U51/><E51/><V16/><F59/><W61/><G70/><T93/><D92/><U134/><E134/><V114/><F56/><W52/><G95/><T11/><D11/><U62/><E62/><V129/><F94/><W125/><G61/><RYUUKYOKU ba="0,1" sc="250,15,240,15,250,-15,250,-15" hai0="20,25,86,87,93,99,100" hai1="13,17,22,24,29,34,74,75,80,85,88,102,106" /><INIT seed="0,1,1,2,2,91" ten="265,255,235,235" oya="0" hai0="39,6,7,117,90,16,110,78,130,86,13,92,48" hai1="56,128,54,14,60,24,0,75,3,119,133,10,74" hai2="135,77,72,55,34,132,8,121,73,65,103,27,32" hai3="41,122,46,104,99,84,108,70,49,57,61,113,129"/><T9/><D117/><U19/><E119/><V35/><F121/><W53/><G108/><T97/><D39/><U59/><E133/><N who="2" m="51275" /><F65/><W120/><G113/><T126/><D126/><U69/><E128/><V109/><F109/><W124/><G124/><T17/><D130/><U23/><E69/><V116/><F116/><W47/><G129/><T36/><D36/><U25/><E25/><V98/><F55/><W62/><G84/><T134/><D134/><U93/><E59/><V30/><F8/><W26/><G26/><T131/><D131/><U127/><E127/><V20/><F77/><W102/><G70/><T76/><D110/><U64/><E64/><V94/><AGARI ba="1,1" hai="20,27,30,32,34,35,72,73,94,98,103" m="51275" machi="94" ten="40,2700,0" yaku="20,1,52,1" doraHai="91" who="2" fromWho="2" sc="265,-14,255,-8,235,40,235,-8" /><INIT seed="1,0,0,5,5,40" ten="251,247,275,227" oya="1" hai0="94,135,102,2,66,65,131,54,37,79,78,46,115" hai1="18,127,96,120,53,36,101,124,73,98,11,27,45" hai2="12,57,8,71,1,130,74,22,24,32,58,91,121" hai3="82,93,92,100,63,51,81,55,7,38,128,103,104"/><U30/><E120/><V20/><F71/><W64/><G128/><T62/><D115/><U26/><E73/><V49/><F74/><W111/><G38/><T23/><D131/><U123/><E123/><V52/><F130/><W13/><G111/><T90/><D2/><U21/><E11/><V70/><F70/><W60/><G7/><T110/><D102/><U86/><E86/><V117/><F1/><W89/><G13/><T126/><D110/><U119/><E119/><V133/><F117/><W108/><G104/><T10/><D126/><N who="1" m="48171" /><E101/><V87/><F121/><W25/><G103/><T48/><D37/><U47/><E53/><V97/><F97/><N who="1" m="37481" /><E36/><V14/><F14/><W95/><G100/><T107/><D107/><U33/><AGARI ba="0,0" hai="18,21,26,27,30,33,45,47" m="37481,48171" machi="33" ten="30,6000,0" yaku="18,1,52,2" doraHai="40" who="1" fromWho="1" sc="251,-20,247,60,275,-20,227,-20" /><INIT seed="1,1,0,4,0,82" ten="231,307,255,207" oya="1" hai0="118,66,70,11,13,5,9,8,112,41,96,45,124" hai1="90,14,55,117,120,36,4,132,131,97,48,103,102" hai2="64,76,27,115,67,37,75,30,35,98,58,54,106" hai3="93,62,128,57,114,50,29,110,52,17,94,59,39"/><U61/><E120/><V51/><F115/><W43/><G114/><T60/><D112/><U100/><E117/><V31/><F76/><W44/><G110/><T33/><D124/><U126/><E36/><V2/><F75/><W111/><G111/><T1/><D118/><U22/><E126/><V73/><F73/><W125/><G125/><T81/><D33/><U18/><E132/><V133/><F2/><W113/><G113/><T105/><D105/><U109/><E109/><V88/><F37/><W46/><G29/><T49/><D96/><U84/><E61/><V86/><F31/><W6/><G6/><T123/><D1/><U116/><E4/><V119/><F133/><W7/><G7/><T23/><D123/><U38/><E38/><V87/><F119/><W104/><G104/><T40/><D40/><U121/><E131/><V21/><F35/><W65/><G128/><T69/><D69/><U135/><E135/><V129/><F129/><W34/><G34/><T101/><D101/><U10/><E10/><V26/><F26/><W53/><REACH who="3" step="1"/><G17/><REACH who="3" ten="231,307,255,197" step="2"/><T56/><D23/><U12/><E116/><V19/><F106/><W134/><G134/><T15/><D5/><U16/><E121/><V80/><F19/><W20/><G20/><T107/><D107/><U108/><E18/><V24/><F21/><W77/><G77/><T79/><D70/><U25/><E108/><V83/><F30/><W47/><G47/><T63/><D63/><AGARI ba="1,1" hai="39,43,44,46,50,52,53,57,59,62,63,65,93,94" machi="63" ten="30,3900,0" yaku="1,1,7,1,54,1,53,0" doraHai="82" doraHaiUra="95" who="3" fromWho="0" sc="231,-42,307,0,255,0,197,52" /><INIT seed="2,0,0,5,5,56" ten="189,307,255,249" oya="2" hai0="25,82,43,96,125,93,87,63,59,51,98,50,54" hai1="89,11,107,131,105,81,28,65,66,113,133,114,46" hai2="3,118,95,34,36,62,90,79,124,20,117,33,39" hai3="126,31,77,60,57,67,128,70,19,88,109,9,72"/><V48/><F3/><W123/><G123/><T18/><D125/><U100/><E11/><V41/><F124/><W69/><G126/><T132/><D132/><U104/><E133/><V8/><F79/><W134/><G134/><T12/><D43/><U129/><E28/><V58/><F8/><W38/><G38/><T127/><D98/><U45/><E100/><V84/><F39/><W71/><G31/><T7/><D7/><U108/><E89/><V111/><F36/><W1/><G109/><T91/><D127/><U15/><E15/><V80/><F111/><W42/><G42/><T0/><D0/><U10/><E10/><V29/><F118/><W99/><G128/><N who="1" m="49226" /><E81/><V102/><F117/><W40/><G40/><T16/><D18/><U74/><E74/><V6/><F6/><W37/><G37/><T76/><D12/><U122/><E122/><V68/><F68/><W23/><G77/><T64/><D64/><N who="1" m="24683" /><E108/><V83/><F34/><W78/><G78/><T120/><D120/><U52/><E52/><N who="2" m="34119" /><F33/><W92/><G72/><T86/><REACH who="0" step="1"/><D87/><REACH who="0" ten="179,307,255,249" step="2"/><U101/><E101/><V106/><F102/><W53/><G1/><T112/><D112/><AGARI ba="0,1" hai="45,46,104,105,107,112,113,114" m="24683,49226" machi="112" ten="40,5200,0" yaku="28,2,19,1" doraHai="56" who="1" fromWho="0" sc="179,-52,307,62,255,0,249,0" /><INIT seed="3,0,0,2,2,94" ten="127,369,255,249" oya="3" hai0="89,131,118,67,93,45,79,43,132,87,6,134,83" hai1="34,36,76,125,25,135,0,121,44,128,13,62,80" hai2="50,69,24,91,98,101,103,100,27,26,61,52,78" hai3="109,111,82,37,35,59,106,108,97,33,1,49,66"/><W107/><G37/><T104/><D118/><U3/><E121/><V16/><F78/><W86/><G1/><T20/><D67/><U74/><E13/><V57/><F69/><W130/><G130/><T46/><D104/><U99/><E128/><V40/><F40/><W30/><G30/><T71/><D71/><U9/><E62/><V96/><F50/><W42/><G107/><T124/><D131/><U123/><E123/><V17/><F91/><W133/><G133/><T47/><D6/><U64/><E64/><V110/><F110/><W10/><G10/><T70/><D70/><U129/><E135/><N who="0" m="51753" /><D20/><U84/><E84/><V85/><F85/><W122/><G122/><T32/><D32/><U116/><E125/><V22/><F17/><W105/><G105/><T54/><D54/><U39/><E39/><V51/><F61/><N who="3" m="38207" /><G42/><T115/><D115/><U117/><E129/><V77/><F77/><N who="3" m="46415" /><G49/><N who="0" m="26815" /><D124/><U31/><E9/><V18/><F18/><W28/><G28/><T81/><D81/><U119/><E36/><V95/><F101/><AGARI ba="0,0" hai="33,35,97,101,106,108,109,111" m="46415,38207" machi="101" ten="30,5800,0" yaku="14,1,10,1,52,1" doraHai="94" who="3" fromWho="2" sc="127,0,369,0,255,-58,249,58" /><INIT seed="3,1,0,3,3,111" ten="127,369,197,307" oya="3" hai0="129,126,128,1,4,94,30,37,83,80,121,108,107" hai1="22,0,81,41,113,51,50,65,2,43,100,12,26" hai2="34,91,19,68,45,103,15,57,98,85,58,24,21" hai3="120,62,16,112,115,61,39,59,76,105,110,11,46"/><W35/><G35/><T18/><D107/><U101/><E65/><V25/><F68/><W33/><G33/><T82/><D37/><U49/><E81/><V77/><F77/><W48/><G120/><T116/><D121/><U135/><E12/><V56/><F45/><W93/><G105/><T42/><D42/><U124/><E124/><V86/><F34/><W90/><G76/><T67/><D116/><U102/><E135/><V73/><F73/><W127/><G39/><T71/><D108/><U8/><E8/><V60/><F60/><W3/><G110/><T70/><D30/><U52/><E52/><V114/><F114/><W99/><G3/><T31/><D31/><U84/><E84/><V7/><F7/><W27/><G127/><T122/><D122/><U130/><E113/><V132/><F132/><W118/><G118/><T55/><D67/><U119/><E130/><N who="0" m="50281" /><D126/><U38/><E38/><V117/><F117/><W64/><G61/><T79/><D79/><U6/><E6/><V29/><F29/><W89/><G89/><T40/><D40/><U9/><E43/><V134/><F134/><W97/><G97/><T28/><D28/><U10/><E41/><V20/><F20/><N who="3" m="13703" /><G115/><T23/><D1/><U72/><E0/><V74/><F74/><W44/><G112/><T123/><D4/><U63/><E72/><V32/><F32/><W125/><G125/><T106/><D106/><U75/><E75/><V109/><F109/><W66/><G11/><T133/><D123/><U78/><E2/><V36/><F36/><W95/><G66/><T47/><D133/><RYUUKYOKU ba="1,0" sc="127,0,369,0,197,0,307,0" /><INIT seed="4,2,0,4,1,99" ten="127,369,197,307" oya="0" hai0="33,54,73,24,131,104,7,111,48,35,40,10,110" hai1="109,38,119,53,46,118,135,41,67,112,23,89,22" hai2="11,36,66,17,115,77,42,82,122,96,1,100,101" hai3="63,43,21,58,116,28,128,72,74,95,16,91,32"/><T3/><D73/><U90/><E109/><N who="0" m="41481" /><D40/><U134/><E67/><V86/><F122/><W120/><G120/><T9/><D104/><U107/><E53/><V92/><F115/><W127/><G116/><N who="1" m="44586" /><E107/><V79/><F66/><W81/><G43/><T76/><D76/><U4/><E4/><V49/><F36/><W18/><G128/><T83/><D83/><U30/><E30/><V102/><F77/><W31/><G127/><T105/><D105/><U123/><E123/><V117/><F117/><W126/><G126/><T61/><D131/><U12/><E12/><N who="2" m="7327" /><F1/><W103/><G32/><N who="0" m="12363" /><D61/><U27/><E27/><V130/><F130/><W108/><G108/><T2/><D54/><U69/><E69/><V6/><F6/><W8/><G74/><T94/><D48/><U78/><E78/><V34/><F34/><W70/><G72/><T98/><D24/><U45/><E112/><V97/><F92/><W129/><G70/><T133/><D133/><N who="1" m="50699" /><E41/><V44/><AGARI ba="2,0" hai="42,44,49,79,82,86,96,97,100,101,102" m="7327" machi="44" ten="30,7900,0" yaku="8,1,52,3" doraHai="99" who="2" fromWho="2" sc="127,-41,369,-22,197,85,307,-22" /><INIT seed="5,0,0,0,4,6" ten="86,347,282,285" oya="1" hai0="35,109,71,63,48,101,130,18,13,91,44,81,72" hai1="16,36,1,117,30,132,73,90,128,77,59,53,45" hai2="27,58,24,84,113,74,126,106,123,135,95,43,3" hai3="56,31,65,96,131,83,70,19,94,2,92,23,108"/><U89/><E117/><V125/><F106/><W54/><G108/><T8/><D109/><U61/><E1/><V17/><F74/><W80/><G131/><T79/><D130/><U87/><E128/><V20/><F123/><W93/><G31/><T9/><D35/><U42/><E132/><V62/><F135/><W67/><G70/><T85/><D101/><U21/><E30/><V97/><F3/><W10/><G96/><T39/><D39/><U68/><E68/><V7/><F7/><W38/><G38/><T114/><D114/><U50/><E36/><V75/><F75/><W122/><G122/><T116/><D63/><U86/><E77/><V0/><F0/><W121/><G121/><T100/><D100/><U111/><E73/><V40/><F84/><N who="1" m="32297" /><E111/><V41/><F113/><W26/><G2/><T69/><D116/><U57/><E59/><V129/><F27/><AGARI ba="0,0" hai="16,21,27,42,45,50,53,57,61,89,90" m="32297" machi="27" ten="30,2900,0" yaku="8,1,54,1" doraHai="6" who="1" fromWho="2" sc="86,0,347,29,282,-29,285,0" /><INIT seed="5,1,0,5,1,134" ten="86,376,253,285" oya="1" hai0="49,105,124,93,121,126,89,61,85,73,58,116,78" hai1="45,94,21,34,2,75,127,52,99,22,102,90,97" hai2="3,100,16,69,65,74,79,83,64,72,103,9,98" hai3="32,123,56,133,40,18,122,104,84,36,54,53,14"/><U47/><E2/><V1/><F69/><W48/><G133/><T66/><D116/><U23/><E34/><V82/><F16/><W50/><G32/><T96/><D121/><U101/><E75/><V67/><F9/><W38/><G104/><T87/><D49/><U27/><E27/><V112/><F112/><W46/><G84/><T30/><D85/><U70/><E70/><V117/><F117/><W19/><G38/><T55/><D66/><U128/><E128/><V10/><F10/><W20/><REACH who="3" step="1"/><G19/><REACH who="3" ten="86,376,253,275" step="2"/><T68/><D73/><U4/><E4/><V129/><F129/><W113/><G113/><T44/><D105/><U135/><E135/><V88/><F74/><W39/><G39/><T80/><D30/><U6/><E6/><V26/><F98/><W86/><G86/><T15/><D68/><U106/><E99/><V119/><F119/><W108/><G108/><T5/><D5/><U125/><E106/><V28/><F72/><W110/><G110/><T12/><REACH who="0" step="1"/><D44/><AGARI ba="1,1" hai="14,18,20,36,40,44,46,48,50,53,54,56,122,123" machi="44" ten="30,2000,0" yaku="1,1,7,1,53,0" doraHai="134" doraHaiUra="92" who="3" fromWho="0" sc="86,-23,376,0,253,0,275,33" /><INIT seed="6,0,0,2,5,27" ten="63,376,253,308" oya="2" hai0="47,121,107,102,130,67,79,135,0,96,119,13,125" hai1="14,98,34,109,9,52,89,111,7,63,86,16,97" hai2="131,50,41,94,103,106,60,29,90,26,32,64,2" hai3="17,51,58,56,5,115,105,24,117,23,8,69,71"/><V84/><F2/><W57/><G117/><T108/><D121/><U53/><E34/><V77/><F131/><W11/><G105/><T112/><D108/><U30/><E30/><V88/><F77/><W100/><G100/><T99/><D130/><U126/><E126/><V45/><F106/><W124/><G124/><T118/><D125/><U104/><E104/><V33/><F103/><W127/><G127/><T19/><D0/><U20/><E111/><V74/><F74/><W92/><G92/><T132/><D79/><U70/><E70/><V15/><F15/><W62/><G115/><T25/><D67/><U31/><E63/><V21/><REACH who="2" step="1"/><F90/><REACH who="2" ten="63,376,243,308" step="2"/><W93/><G93/><T44/><D112/><U95/><E109/><V116/><F116/><N who="0" m="44586" /><D25/><N who="1" m="16807" /><E7/><V91/><F91/><W66/><G5/><T75/><D75/><U65/><E65/><V46/><F46/><W78/><G66/><T6/><D6/><U38/><E38/><V54/><F54/><AGARI ba="0,1" hai="9,14,16,52,53,54,86,89,95,97,98" m="16807" machi="54" ten="30,7700,0" yaku="8,1,52,1,54,2" doraHai="27" who="1" fromWho="2" sc="63,0,376,87,243,-77,308,0" /><INIT seed="7,0,0,4,4,66" ten="63,463,166,308" oya="3" hai0="8,89,23,6,49,44,26,83,46,36,88,124,24" hai1="22,135,94,99,80,107,5,58,118,34,130,108,30" hai2="81,57,68,100,131,113,21,127,17,73,64,76,65" hai3="117,53,47,15,102,18,110,123,121,40,39,61,122"/><W112/><G102/><T82/><D124/><U134/><E108/><V16/><F127/><W45/><G15/><T11/><D36/><U132/><E34/><V9/><F131/><W129/><G18/><T93/><D6/><U38/><E38/><V1/><F113/><W95/><G95/><T51/><D93/><U77/><E58/><V126/><F126/><W0/><G0/><T62/><D62/><U105/><E5/><V14/><F100/><W84/><G84/><T111/><D111/><U4/><E4/><V97/><F97/><W119/><G110/><T69/><D23/><U72/><E22/><V10/><F10/><W55/><G129/><T59/><D59/><U12/><E12/><V37/><F37/><W106/><G106/><T7/><REACH who="0" step="1"/><D7/><REACH who="0" ten="53,463,166,308" step="2"/><U35/><E130/><V114/><F57/><N who="3" m="34991" /><G112/><T86/><D86/><U90/><E35/><V63/><F114/><W56/><G47/><T92/><D92/><U48/><E48/><AGARI ba="0,1" hai="39,40,45,48,55,56,117,119,121,122,123" m="34991" machi="48" ten="30,2900,0" yaku="34,2" doraHai="66" who="3" fromWho="1" sc="53,0,463,-29,166,0,308,39" /><INIT seed="7,1,0,4,0,5" ten="53,434,166,347" oya="3" hai0="15,60,110,102,43,1,13,127,36,3,29,116,75" hai1="108,48,62,59,56,23,70,19,25,121,52,69,125" hai2="4,78,112,109,24,80,63,55,17,93,18,7,131" hai3="100,65,45,32,132,50,122,133,99,33,105,0,20"/><W119/><G122/><T44/><D110/><U106/><E106/><V9/><F131/><W2/><G119/><T58/><D116/><U49/><E121/><V79/><F112/><W40/><G65/><T28/><D127/><U88/><E125/><V72/><F109/><W87/><G87/><T83/><D102/><U115/><E115/><V85/><F79/><W117/><G117/><T124/><D124/><U10/><E10/><V120/><F120/><W54/><G20/><T130/><D130/><U61/><E108/><V35/><F35/><W82/><G82/><T34/><D28/><U53/><E88/><V26/><F72/><W6/><G40/><T126/><D126/><U12/><REACH who="1" step="1"/><E12/><REACH who="1" ten="53,424,166,347" step="2"/><V96/><F24/><W51/><G51/><AGARI ba="1,1" hai="19,23,25,48,49,51,52,53,56,59,61,62,69,70" machi="51" ten="40,8000,1" yaku="1,1,2,1,9,1,54,1,53,0" doraHai="5" doraHaiUra="71" who="1" fromWho="3" sc="53,0,424,93,166,0,347,-83" owari="53,-45.0,517,62.0,166,-23.0,264,6.0" /></mjloggm>