<mjloggm ver="2.3"><GO type="169" lobby="0"/><UN n0="%E3%83%8E%E3%83%B3%E3%83%A9%E3%82%B9%E6%89%93%E6%B3%95" n1="%E5%A4%A9%E8%A1%A3%E7%84%A1%E7%B8%AB%E3%82%88%E3%81%A4%E3%81%B0" n2="%EF%BC%88%E2%89%A7%E2%96%BD%E2%89%A6%EF%BC%89" n3="%E3%83%9F%E3%83%A9%E3%82%AF%E3%83%AB%E3%81%8A%E3%81%98%E3%81%95%E3%82%93" dan="17,16,17,17" rate="2090.71,2077.18,2179.49,2173.42" sx="M,M,M,M"/><TAIKYOKU oya="0"/><INIT seed="0,0,0,4,3,127" ten="250,250,250,250" oya="0" hai0="23,31,78,121,21,73,0,99,39,117,71,80,2" hai1="60,120,74,130,17,15,135,49,38,28,91,63,82" hai2="112,45,61,22,95,122,103,114,4,109,128,93,11" hai3="37,97,75,8,110,52,104,62,65,100,46,48,133"/><T119/><D121/><U47/><E38/><V44/><F122/><W92/><G75/><T51/><D39/><U40/><E135/><V36/><F36/><W102/><G133/><T14/><D71/><U89/><E120/><V19/><F109/><W101/><G110/><T126/><D126/><U20/><E74/><V90/><F103/><W53/><G53/><T6/><D0/><U26/><E130/><V105/><F105/><W132/><G132/><T106/><D2/><U96/><E91/><V81/><F128/><W16/><G37/><T57/><D6/><U77/><E77/><V116/><F116/><W9/><G104/><T43/><D43/><U25/><E25/><V54/><F81/><W64/><G8/><T59/><D106/><U50/><E50/><V111/><F111/><W58/><G65/><T88/><D51/><U5/><E5/><V76/><F76/><W1/><G1/><T72/><D72/><U7/><E7/><V118/><F118/><W94/><G92/><T3/><D3/><U10/><E96/><N who="2" m="57399" /><F95/><W86/><G86/><AGARI ba="0,0" hai="10,15,17,20,26,28,40,47,49,60,63,82,86,89" machi="86" ten="40,1300,0" yaku="8,1" doraHai="127" who="1" fromWho="3" sc="250,0,250,13,250,0,250,-13" /><INIT seed="1,0,0,3,5,40" ten="250,263,250,237" oya="1" hai0="21,127,11,117,41,61,73,22,108,129,0,130,64" hai1="95,101,99,93,37,13,34,83,87,16,10,94,76" hai2="66,23,50,70,56,17,126,107,78,116,42,59,57" hai3="12,47,58,106,67,65,48,8,111,68,3,128,118"/><U71/><E71/><V28/><F107/><W60/><G3/><T102/><D117/><U110/><E34/><V125/><F116/><W20/><G118/><T91/><D73/><U54/><E37/><V86/><F28/><W2/><G106/><T97/><D127/><N who="2" m="48650" /><F70/><W84/><G111/><T74/><D74/><U121/><E121/><V123/><F123/><W26/><G2/><T4/><D108/><U90/><E110/><V15/><F66/><W75/><G75/><T24/><D91/><U49/><E76/><V133/><F133/><W9/><G128/><N who="0" m="49259" /><D41/><U31/><E31/><V30/><F30/><W44/><G84/><T105/><D24/><U35/><E35/><V132/><F132/><W72/><G72/><T77/><D77/><U103/><E101/><V115/><F115/><W113/><G113/><T81/><D81/><U55/><E55/><N who="2" m="31863" /><F42/><W104/><G104/><T38/><D38/><U52/><E54/><V120/><F120/><W88/><G67/><T85/><D105/><U14/><E14/><V51/><F51/><W25/><G48/><T39/><D39/><U79/><E79/><V6/><F6/><W112/><G65/><T119/><D64/><U53/><E53/><V32/><F32/><W62/><G112/><T33/><D33/><U98/><E98/><V43/><F43/><W134/><G134/><T96/><D119/><U89/><E103/><V19/><F19/><W92/><G68/><T135/><D102/><U82/><E82/><AGARI ba="0,0" hai="15,17,23,57,59,78,82,86" m="31863,48650" machi="82" ten="30,1000,0" yaku="18,1" doraHai="40" who="2" fromWho="1" sc="250,0,263,-10,250,10,237,0" /><INIT seed="2,0,0,5,2,62" ten="250,253,260,237" oya="2" hai0="75,130,12,120,47,36,44,23,110,67,96,42,92" hai1="68,49,122,94,86,1,98,37,41,106,19,28,90" hai2="111,29,11,31,80,22,54,73,85,38,5,15,93" hai3="84,6,128,59,87,82,55,0,51,13,113,127,25"/><V8/><F38/><W53/><G0/><T124/><D120/><U112/><E112/><V39/><F39/><W74/><G113/><T77/><D110/><U107/><E37/><V132/><F132/><W100/><G127/><T134/><D124/><U131/><E1/><V56/><F111/><W69/><G69/><T9/><D134/><U99/><E28/><V7/><F73/><W115/><G115/><T121/><D121/><U117/><E117/><V76/><F93/><W32/><G128/><T123/><D123/><U119/><E122/><V14/><REACH who="2" step="1"/><F22/><REACH who="2" ten="250,253,250,237" step="2"/><W109/><G74/><T58/><D23/><U63/><E119/><V97/><F97/><W26/><G109/><T116/><D96/><U21/><E99/><V129/><F129/><W101/><G32/><T60/><D75/><U108/><E131/><V16/><F16/><W66/><G6/><T102/><D36/><U88/><E108/><V50/><AGARI ba="0,1" hai="5,7,8,11,14,15,29,31,50,54,56,76,80,85" machi="50" ten="20,12000,1" yaku="1,1,0,1,7,1,9,1,8,1,53,0" doraHai="62" doraHaiUra="43" who="2" fromWho="2" sc="250,-40,253,-40,250,130,237,-40" /><INIT seed="2,1,0,1,4,82" ten="210,213,380,197" oya="2" hai0="125,72,57,50,44,14,134,102,116,117,111,19,74" hai1="84,93,130,5,18,91,15,81,71,45,110,70,32" hai2="3,59,87,58,109,35,123,41,21,36,108,124,112" hai3="9,38,37,77,73,20,88,46,30,65,133,120,119"/><V55/><F35/><W63/><G119/><N who="0" m="45643" /><D111/><N who="2" m="42570" /><F124/><W107/><BYE who="2" /><G120/><T66/><D125/><U83/><E130/><V79/><F79/><W64/><G133/><UN n2="%EF%BC%88%E2%89%A7%E2%96%BD%E2%89%A6%EF%BC%89" /><T127/><D102/><U94/><E32/><V113/><F123/><W61/><G107/><T114/><D114/><N who="2" m="44138" /><F3/><W54/><G9/><N who="0" m="6607" /><D134/><U122/><E122/><V89/><F21/><W8/><G8/><T48/><D127/><U24/><E110/><V121/><F121/><W26/><G77/><T115/><D115/><U1/><E1/><V40/><F36/><W67/><G73/><T99/><D74/><U126/><E126/><V29/><F29/><W2/><G2/><T97/><D72/><U76/><E71/><V6/><F6/><W27/><G26/><T104/><D104/><U23/><E70/><V103/><F103/><W16/><G30/><T101/><D101/><U75/><E5/><V80/><F58/><W43/><G38/><T25/><D25/><U56/><E24/><V10/><F10/><W0/><G0/><T49/><D44/><U105/><E105/><V92/><F92/><W22/><G22/><T95/><D95/><U51/><E56/><V86/><F87/><W53/><REACH who="3" step="1"/><G88/><REACH who="3" ten="210,213,380,187" step="2"/><T68/><D99/><U7/><REACH who="1" step="1"/><E7/><REACH who="1" ten="210,203,380,187" step="2"/><V60/><AGARI ba="1,2" hai="40,41,55,59,60,80,86,89" m="44138,42570" machi="60" ten="30,6000,0" yaku="14,1,10,1,52,1" doraHai="82" who="2" fromWho="2" sc="210,-21,203,-21,380,83,187,-21" /><INIT seed="2,2,0,5,1,120" ten="189,182,463,166" oya="2" hai0="58,75,65,35,5,51,95,108,71,72,69,57,62" hai1="54,4,83,8,55,47,80,129,61,24,9,20,87" hai2="135,25,59,74,117,130,66,17,1,105,107,82,93" hai3="70,109,38,11,16,32,33,112,118,15,68,52,3"/><V18/><F1/><W103/><G118/><T111/><D35/><U89/><E129/><V98/><F117/><W50/><G38/><T134/><D5/><U119/><E119/><V31/><F130/><W100/><G112/><T37/><D37/><U63/><E80/><V85/><F135/><W78/><G3/><T124/><D134/><U13/><E9/><V42/><F42/><W123/><G123/><T27/><D124/><U23/><E23/><V104/><F74/><W122/><G122/><T116/><D116/><U26/><E26/><V39/><F39/><W67/><G78/><T101/><D27/><U91/><E89/><V96/><F96/><W121/><G121/><T19/><D19/><U88/><E91/><V77/><F59/><W12/><G67/><T79/><D79/><U131/><E131/><V41/><F41/><W94/><G94/><T110/><D101/><U84/><E84/><V48/><F66/><W81/><G81/><T127/><D127/><U102/><E102/><V97/><F97/><W92/><G92/><T30/><D30/><U49/><E55/><V14/><F14/><W90/><G15/><T46/><D95/><U133/><E133/><V0/><F0/><W28/><G12/><T53/><D71/><U45/><REACH who="1" step="1"/><E47/><REACH who="1" ten="189,172,463,166" step="2"/><V10/><F10/><W34/><G11/><T132/><D132/><U43/><E43/><V44/><F93/><W115/><G103/><T40/><D72/><U99/><E99/><V76/><F98/><W60/><G100/><T7/><D75/><U29/><AGARI ba="2,1" hai="4,8,13,20,24,29,45,49,54,61,63,83,87,88" machi="29" ten="20,8000,1" yaku="1,1,0,1,7,1,8,1,54,1,53,0" doraHai="120" doraHaiUra="125" who="1" fromWho="1" sc="189,-22,172,96,463,-42,166,-22" /><INIT seed="3,0,0,1,1,96" ten="167,268,421,144" oya="3" hai0="132,9,11,115,99,108,56,34,30,86,75,102,112" hai1="73,119,88,111,93,53,46,37,124,38,28,36,31" hai2="8,17,76,65,101,125,81,57,25,106,6,87,18" hai3="113,117,98,12,127,67,52,79,83,43,72,26,14"/><W42/><G113/><N who="0" m="43595" /><D108/><U35/><E73/><V120/><F120/><W4/><G117/><T126/><D126/><U63/><E119/><V61/><F125/><W10/><G127/><T13/><D132/><U45/><E111/><V54/><F25/><W121/><G121/><T71/><D71/><U59/><E124/><V131/><F131/><W64/><G26/><N who="0" m="18775" /><D75/><U91/><E91/><V70/><F106/><W82/><G98/><T90/><D56/><U58/><E58/><V114/><F114/><W19/><G83/><N who="0" m="49503" /><D13/><U107/><E107/><AGARI ba="0,0" hai="9,11,99,102,107" m="49503,18775,43595" machi="107" ten="30,2000,0" yaku="11,1,52,1" doraHai="96" who="0" fromWho="1" sc="167,20,268,-20,421,0,144,0" /><INIT seed="4,0,0,2,4,54" ten="187,248,421,144" oya="0" hai0="17,118,90,46,115,120,128,127,83,99,106,116,30" hai1="91,77,110,22,12,109,21,39,6,104,2,117,29" hai2="112,14,92,87,13,70,98,103,49,51,73,68,32" hai3="130,84,85,124,62,93,63,81,114,0,19,31,61"/><T134/><D120/><U37/><E104/><V40/><F32/><W11/><G114/><T48/><D115/><U102/><E102/><V121/><F73/><W80/><G130/><T7/><D128/><U44/><E117/><V100/><F121/><W3/><G124/><T75/><D127/><U129/><E129/><V36/><F36/><W50/><G31/><T15/><D134/><U43/><E39/><V78/><F112/><W4/><G0/><T94/><D106/><U89/><E77/><V16/><F103/><W123/><G123/><T5/><D30/><U126/><E126/><V88/><F78/><W60/><G93/><T72/><D118/><U82/><E22/><N who="2" m="11535" /><F70/><W52/><N who="3" m="15872" /><DORA hai="131" /><W101/><G101/><T69/><D69/><U18/><E29/><V23/><F40/><W97/><G97/><T57/><D116/><U35/><E35/><V59/><F59/><W24/><G24/><T119/><D119/><U125/><E125/><V71/><F71/><W38/><G38/><T122/><D122/><U132/><E110/><V45/><F45/><W107/><G107/><T67/><D46/><U135/><E109/><V56/><F56/><W10/><G19/><T113/><D17/><U28/><E28/><V53/><F68/><W1/><G1/><T42/><D113/><U33/><E33/><V64/><F64/><W96/><G96/><T55/><D99/><U66/><E66/><V86/><F100/><W9/><G84/><N who="2" m="32297" /><F53/><W65/><G65/><T108/><D67/><U26/><E82/><N who="3" m="31850" /><G85/><T95/><D108/><U74/><E74/><V111/><F111/><RYUUKYOKU ba="0,0" sc="187,-15,248,-15,421,15,144,15" hai2="14,23,49,51,88,92,98" hai3="3,4,9,10,11,50,52" /><INIT seed="5,1,0,3,1,15" ten="172,233,436,159" oya="1" hai0="130,63,17,32,113,25,95,43,69,27,37,125,62" hai1="109,54,4,47,1,100,21,39,106,118,5,105,115" hai2="56,67,131,99,135,86,57,16,70,116,12,65,84" hai3="117,26,92,97,30,51,134,13,133,3,88,6,24"/><U89/><E118/><V108/><F108/><W127/><G3/><T78/><D113/><U41/><E109/><V104/><F116/><W110/><G110/><T132/><D125/><U93/><E115/><V28/><F70/><W80/><G117/><T59/><D130/><U129/><E129/><V128/><F135/><W75/><G127/><T0/><D0/><U76/><E76/><V102/><F28/><W126/><G126/><T35/><D132/><N who="3" m="50793" /><G30/><T107/><D107/><U44/><E100/><V46/><F46/><W74/><G51/><T71/><D78/><U8/><E5/><V55/><F57/><W83/><G83/><T40/><D95/><U112/><E112/><V60/><F128/><W23/><G80/><T66/><D59/><U124/><E21/><V18/><F131/><W64/><G64/><T120/><D66/><U29/><E29/><V82/><F86/><W48/><G48/><T122/><REACH who="0" step="1"/><D37/><REACH who="0" ten="162,233,436,159" step="2"/><U50/><E124/><V72/><F67/><W53/><G75/><T81/><D81/><U61/><E61/><V79/><F65/><W10/><G74/><T58/><D58/><U119/><E119/><V49/><F60/><W101/><G101/><T96/><D96/><AGARI ba="1,1" hai="1,4,8,39,41,44,47,50,54,89,93,96,105,106" machi="96" ten="30,1500,0" yaku="7,1" doraHai="15" who="1" fromWho="0" sc="162,-18,233,28,436,0,159,0" /><INIT seed="5,2,0,5,0,89" ten="144,261,436,159" oya="1" hai0="108,21,40,14,115,17,103,23,128,54,85,29,80" hai1="70,61,51,67,119,9,72,100,48,97,13,11,117" hai2="83,90,73,50,122,123,60,106,38,57,28,81,44" hai3="5,114,8,130,113,39,34,19,26,3,75,68,124"/><U66/><E72/><V76/><F106/><W53/><G75/><T24/><D108/><U74/><E74/><V31/><F38/><W18/><G68/><T22/><D115/><N who="3" m="44041" /><G39/><T62/><D128/><U110/><E110/><V42/><F81/><W35/><G53/><T71/><D40/><U20/><E20/><V105/><F105/><W127/><G130/><T0/><D0/><U99/><E99/><V25/><F90/><W59/><G59/><T16/><D103/><U78/><E78/><V120/><REACH who="2" step="1"/><F25/><REACH who="2" ten="144,261,426,159" step="2"/><W65/><G26/><T98/><D98/><U132/><E97/><V41/><F41/><W30/><G124/><T84/><D80/><U118/><E100/><V6/><F6/><W15/><G127/><T107/><D107/><U112/><E112/><V94/><F94/><W7/><G5/><T91/><D91/><U125/><E125/><V126/><F126/><W56/><G7/><T43/><D43/><U111/><E111/><V49/><F49/><W134/><G134/><T37/><D37/><U86/><E132/><V12/><F12/><W93/><G15/><N who="0" m="9375" /><D71/><U96/><E96/><V116/><F116/><W46/><G93/><T55/><D62/><U109/><E109/><V79/><F79/><W4/><G4/><T33/><D24/><U69/><E119/><V121/><N who="2" m="30720" /><DORA hai="131" /><V102/><F102/><W133/><G133/><T87/><D14/><U135/><E135/><V58/><F58/><W92/><G92/><T10/><D84/><U52/><E13/><V88/><F88/><W63/><G56/><T77/><D85/><U27/><E118/><RYUUKYOKU ba="2,1" sc="144,-10,261,-10,426,30,159,-10" hai2="28,31,42,44,50,57,60,73,76,83" /><INIT seed="6,3,1,0,4,104" ten="134,251,456,149" oya="2" hai0="84,109,131,59,41,92,90,21,106,38,20,25,37" hai1="115,82,89,69,71,29,110,28,31,108,0,117,19" hai2="77,6,118,86,4,95,96,66,112,51,99,72,83" hai3="22,129,47,43,126,2,128,55,13,119,93,70,121"/><V78/><F118/><W73/><G119/><T125/><D106/><U12/><E117/><V123/><F66/><W81/><G121/><T80/><D109/><U52/><E0/><V124/><F124/><W132/><G2/><T68/><D68/><U63/><E71/><V97/><F123/><W24/><G70/><T16/><D125/><U127/><E69/><V17/><F112/><W23/><G126/><T45/><D131/><U101/><E101/><V100/><F77/><W44/><G132/><T5/><D5/><N who="2" m="2154" /><F72/><W65/><G65/><T116/><D116/><U30/><E127/><V75/><F75/><W120/><G120/><T26/><D59/><U56/><E115/><V3/><F3/><W61/><G93/><T60/><D60/><U49/><E63/><V42/><F17/><W9/><G61/><T57/><D57/><U46/><E56/><V134/><F134/><W32/><G47/><AGARI ba="3,1" hai="42,47,51,78,83,86,95,96,97,99,100" m="2154" machi="47" ten="30,1500,0" yaku="8,1" doraHai="104" who="2" fromWho="3" sc="134,0,251,0,456,34,149,-24" /><INIT seed="6,4,0,0,0,109" ten="134,251,490,125" oya="2" hai0="77,72,13,76,117,26,106,55,95,1,135,16,46" hai1="62,67,41,119,121,47,30,4,50,112,93,125,75" hai2="18,23,115,59,110,91,7,92,10,132,64,94,113" hai3="70,118,108,85,20,103,104,84,60,87,105,56,17"/><V11/><F110/><W25/><G108/><T71/><D106/><U6/><E75/><V31/><F31/><W35/><G118/><T130/><D71/><U69/><E119/><V88/><F132/><W19/><G70/><T33/><D117/><U102/><E125/><V114/><F64/><W73/><G73/><T131/><D1/><U14/><E121/><V8/><F59/><W12/><G103/><T122/><D122/><U54/><E30/><V3/><F92/><W127/><G127/><T133/><D95/><U37/><E14/><N who="2" m="9687" /><F88/><W0/><G0/><T80/><D76/><U40/><E40/><V97/><AGARI ba="4,0" hai="3,7,8,10,11,91,94,97,113,114,115" m="9687" machi="97" ten="30,11700,0" yaku="15,1,52,3" doraHai="109" who="2" fromWho="2" sc="134,-43,251,-43,490,129,125,-43" /><INIT seed="6,5,0,1,1,73" ten="91,208,619,82" oya="2" hai0="58,75,30,96,17,103,50,39,67,20,35,54,118" hai1="81,45,95,33,108,106,120,71,25,79,8,28,65" hai2="124,53,87,125,119,5,42,57,11,14,56,52,107" hai3="135,13,116,70,128,16,100,4,83,94,36,69,127"/><V93/><F107/><W7/><G116/><T112/><D75/><U76/><E108/><V47/><F119/><W9/><G36/><T133/><D39/><U74/><E95/><V122/><F122/><W62/><G128/><T26/><D118/><U43/><E79/><V12/><F12/><W63/><G127/><T61/><D112/><U48/><E8/><V44/><F93/><W68/><G135/><T88/><D133/><U77/><E77/><V132/><F132/><W102/><G83/><T6/><D6/><U134/><E134/><V115/><F87/><W24/><G24/><T110/><D110/><U22/><E22/><V123/><F123/><W37/><G37/><T55/><D88/><U27/><E27/><V1/><F1/><W89/><G4/><T105/><D50/><U23/><E23/><V111/><F111/><W51/><G7/><T84/><D84/><U19/><E19/><V92/><F92/><W109/><G51/><T101/><D101/><U10/><E10/><V46/><F115/><W82/><G82/><T0/><D0/><U78/><E78/><V129/><F129/><W113/><G109/><T60/><D60/><N who="1" m="40359" /><E48/><V85/><F85/><N who="3" m="52527" /><G113/><T64/><D64/><U131/><E131/><V80/><F80/><W90/><G90/><T34/><D34/><U126/><E126/><V91/><F125/><W130/><G130/><T40/><D40/><U18/><E18/><V66/><F124/><W72/><G72/><T31/><D31/><U98/><E120/><V104/><F91/><W59/><G63/><T38/><D38/><N who="1" m="21751" /><E98/><V21/><F5/><RYUUKYOKU ba="5,0" sc="91,10,208,10,619,-30,82,10" hai0="17,20,26,30,35,54,55,58,61,67,96,103,105" hai1="25,28,33,74,76,81,106" hai3="9,13,16,59,62,68,69,70,100,102" /><INIT seed="7,6,0,1,1,115" ten="101,218,589,92" oya="3" hai0="24,66,122,47,3,88,60,65,6,34,104,43,44" hai1="92,80,32,114,35,78,125,49,119,96,19,121,45" hai2="61,106,36,41,52,97,101,33,108,116,56,63,18" hai3="58,111,100,7,9,120,46,67,134,84,126,94,81"/><W23/><G120/><T21/><D122/><U12/><E114/><V79/><F33/><W87/><G126/><T5/><D104/><U86/><E125/><V99/><F108/><W113/><G113/><T129/><D34/><U4/><E121/><V50/><F79/><N who="3" m="46143" /><G111/><T89/><D129/><U15/><E15/><V110/><F110/><W62/><G134/><T107/><D107/><U71/><E71/><V13/><F116/><W91/><G100/><T29/><D65/><U59/><E59/><V74/><F74/><W123/><G123/><T82/><D82/><U70/><E119/><V95/><F36/><W26/><G46/><T54/><D54/><U127/><E70/><V0/><F41/><W128/><G128/><T25/><D43/><U133/><E133/><V1/><F1/><W55/><G67/><T57/><D3/><U109/><E109/><V135/><F135/><W85/><G87/><T17/><D66/><U76/><E76/><V31/><F0/><W40/><G40/><T64/><D64/><U30/><E30/><V130/><F130/><W72/><G72/><T75/><D29/><U132/><E132/><V28/><F28/><N who="3" m="17503" /><G9/><T73/><D75/><U117/><E127/><V69/><F69/><W27/><G27/><T22/><D73/><U90/><E117/><V102/><F31/><W16/><G7/><T20/><D5/><U2/><E4/><V51/><F102/><W83/><G83/><T11/><D6/><U131/><E2/><V93/><F101/><W118/><G118/><T42/><D42/><N who="1" m="24759" /><E131/><V53/><F106/><W8/><G8/><AGARI ba="6,0" hai="8,12,19,32,35,78,80,86,90,92,96" m="24759" machi="8" ten="30,1000,0" yaku="6,1" doraHai="115" who="1" fromWho="3" sc="101,0,218,28,589,0,92,-28" owari="101,-30.0,246,5.0,589,69.0,64,-44.0" /></mjloggm>