<mjloggm ver="2.3"><GO type="137"/><UN n0="%E3%83%9E%E3%82%A6%E3%83%86%E3%83%B3" n1="%47%50%4D%61%72%63%68" n2="%EF%BC%88%E2%89%A7%E2%96%BD%E2%89%A6%EF%BC%89" n3="%E7%8A%AC%E3%81%AE%E5%A4%A7%E5%A5%BD%E3%81%8D" dan="12,12,11,11" rate="1873,1890,1869,1687" sx="M,M,M,M"/><TAIKYOKU oya="0"/><INIT seed="0,0,0,0,1,89" ten="250,250,250,250" oya="0" hai0="16,97,36,118,66,30,91,129,70,98,93,19,21" hai1="62,35,46,31,61,132,10,119,101,79,25,56,45" hai2="76,127,74,85,2,64,115,126,29,104,8,42,38" hai3="18,121,60,109,130,49,68,69,65,23,71,123,73"/><T34/><D118/><U102/><E119/><V125/><F115/><W7/><G73/><T113/><D113/><U120/><E120/><N who="3" m="46154" /><G7/><T80/><D36/><U77/><E132/><V43/><F104/><W5/><G5/><T92/><D129/><U11/><E31/><V48/><F29/><W9/><G9/><T37/><D37/><U112/><E112/><V114/><F114/><W12/><G130/><T96/><D34/><U82/><E25/><V51/><F64/><W72/><G72/><T59/><D70/><N who="3" m="27241" /><G49/><N who="2" m="19017" /><F74/><W15/><G15/><T50/><D30/><U17/><E17/><N who="0" m="6729" /><D21/><U20/><E20/><V108/><F38/><W0/><G0/><T24/><D24/><U122/><E122/><V28/><F28/><W95/><G95/><N who="0" m="36427" /><D50/><U63/><E35/><V52/><F2/><W44/><G44/><T1/><D1/><U135/><E46/><V87/><F8/><W110/><AGARI ba="0,0" hai="12,18,23,60,65,71,109,110" m="27241,46154" machi="110" ten="40,1500,0" yaku="13,1" doraHai="89" who="3" fromWho="3" sc="250,-7,250,-4,250,-4,250,15" /><INIT seed="1,0,0,2,0,105" ten="243,246,246,265" oya="1" hai0="56,4,29,36,53,50,96,22,55,72,1,16,132" hai1="21,80,125,129,17,61,77,122,30,107,44,95,78" hai2="11,94,67,27,121,103,38,57,18,111,109,120,59" hai3="46,87,133,66,15,25,131,108,19,0,91,13,128"/><U79/><E122/><N who="2" m="47211" /><F103/><W85/><G108/><N who="2" m="41545" /><F94/><W135/><G0/><T104/><D36/><U92/><E30/><V69/><F27/><W124/><G66/><T114/><D114/><U100/><E61/><N who="2" m="40175" /><F18/><W119/><G46/><T26/><D132/><N who="3" m="50761" /><G25/><T54/><D72/><U81/><E44/><V89/><F89/><W130/><G91/><T86/><D1/><U28/><E28/><V58/><F11/><N who="3" m="6591" /><G119/><T84/><D4/><U34/><E34/><V97/><F97/><W123/><G123/><T90/><D104/><U48/><E17/><V40/><F38/><W35/><G35/><T52/><D29/><U23/><E107/><V88/><F88/><W98/><G98/><T47/><D47/><U64/><E100/><V76/><F76/><W71/><G71/><T106/><D106/><U63/><E21/><V32/><F32/><W99/><G99/><T70/><D70/><U43/><E23/><V116/><F40/><W65/><G65/><T37/><D37/><U49/><E43/><V39/><F39/><W3/><G3/><T5/><D5/><U31/><E31/><V127/><F116/><W93/><G15/><T41/><D41/><U12/><E12/><V75/><F127/><W62/><G62/><T42/><D42/><U60/><E125/><V110/><N who="2" m="41553" /><V2/><DORA hai="8" /><F2/><W134/><N who="3" m="50769" /><W73/><DORA hai="14" /><G73/><AGARI ba="0,0" hai="57,58,59,73,75" m="40175,41553,47211" machi="73" ten="50,6400,0" yaku="14,1,52,2" doraHai="105,8,14" who="2" fromWho="3" sc="243,0,246,0,246,64,265,-64" /><INIT seed="2,0,0,4,2,1" ten="243,246,310,201" oya="2" hai0="83,107,117,24,58,101,50,17,8,81,69,44,108" hai1="48,109,29,52,45,28,12,30,49,57,129,72,21" hai2="105,60,40,56,63,76,125,47,121,53,73,79,37" hai3="13,34,104,135,70,88,27,123,20,71,97,87,99"/><V61/><F105/><W15/><G123/><T22/><D69/><U4/><E72/><V94/><F121/><W91/><G135/><T110/><D117/><U64/><E129/><V32/><F32/><W119/><G119/><T38/><D38/><U25/><E109/><N who="0" m="42089" /><D107/><U98/><E64/><V128/><F128/><W84/><G34/><T0/><D101/><U54/><E98/><N who="3" m="37386" /><G27/><T31/><D58/><U62/><E62/><V131/><F131/><W80/><G80/><T114/><D114/><U118/><E118/><V78/><F125/><W59/><G104/><T10/><D31/><U42/><E42/><V11/><F73/><W115/><G59/><T16/><D0/><U77/><E77/><V39/><F39/><W66/><G66/><T102/><D102/><U126/><E126/><V127/><F127/><W92/><G92/><T3/><D10/><AGARI ba="0,0" hai="4,10,12,21,25,28,29,30,45,48,49,52,54,57" machi="10" ten="40,5200,0" yaku="8,1,52,1,54,1" doraHai="1" who="1" fromWho="0" sc="243,-52,246,52,310,0,201,0" /><INIT seed="3,0,0,0,5,9" ten="191,298,310,201" oya="3" hai0="62,73,64,127,122,102,22,72,12,67,65,1,82" hai1="125,71,10,75,118,134,91,34,105,5,108,66,93" hai2="15,29,16,35,111,38,7,32,80,60,88,121,87" hai3="133,110,116,54,27,117,115,33,18,14,83,109,101"/><W44/><G115/><T25/><D1/><U95/><E75/><V19/><F38/><W24/><G101/><T55/><D122/><U98/><E118/><N who="3" m="45674" /><G33/><T103/><D127/><U42/><E42/><V21/><F121/><W94/><G133/><T57/><D82/><U135/><E125/><V120/><F120/><W68/><G68/><T85/><D85/><U129/><E34/><V0/><F111/><N who="3" m="42507" /><G94/><T107/><D107/><U26/><E108/><V69/><F69/><W46/><G83/><T8/><D73/><U114/><E114/><V52/><F32/><W28/><G54/><T48/><D72/><U119/><E119/><V81/><F35/><N who="3" m="20871" /><G27/><T56/><D56/><U130/><E26/><N who="2" m="16591" /><F80/><W84/><G84/><T31/><REACH who="0" step="1"/><D62/><REACH who="0" step="2"/><U59/><E71/><V86/><F86/><W2/><G2/><T113/><D113/><U112/><E105/><V43/><F0/><W131/><G131/><N who="1" m="50186" /><E112/><V76/><F81/><W41/><G41/><T45/><D45/><U39/><E95/><N who="2" m="54687" /><F43/><W11/><AGARI ba="0,1" hai="11,14,18,44,46" m="20871,42507,45674" machi="11" ten="30,6000,0" yaku="14,1,10,1,52,1" doraHai="9" who="3" fromWho="3" sc="181,-20,298,-20,310,-20,201,70" /><INIT seed="3,1,0,1,1,126" ten="161,278,290,271" oya="3" hai0="21,118,35,114,29,26,62,0,38,94,8,53,61" hai1="131,73,117,116,46,20,84,71,123,132,86,41,3" hai2="134,33,10,115,98,47,95,52,100,90,103,4,128" hai3="64,68,130,78,43,49,79,129,34,77,122,42,67"/><W30/><G122/><T65/><D118/><U45/><E3/><V57/><F115/><W82/><G34/><T54/><D114/><U92/><E73/><V6/><F33/><W16/><G30/><T72/><D38/><U44/><E20/><V59/><F134/><W88/><G68/><T1/><D72/><U105/><E92/><V11/><F128/><N who="3" m="49259" /><G49/><T27/><D8/><N who="2" m="3114" /><F47/><W107/><G107/><T99/><D1/><U9/><E131/><V83/><F59/><W60/><G16/><T58/><D0/><U40/><E9/><V124/><F124/><W70/><G67/><T50/><D62/><U24/><E132/><V7/><F83/><W69/><G69/><T96/><D96/><U104/><E24/><V32/><F32/><W19/><G19/><T93/><D93/><U89/><E123/><V13/><F13/><W97/><G97/><T28/><REACH who="0" step="1"/><D50/><AGARI ba="1,0" hai="4,6,7,50,52,57,90,95,98,100,103" m="3114" machi="50" ten="30,2000,0" yaku="8,1,54,1" doraHai="126" who="2" fromWho="0" sc="161,-23,278,0,290,23,271,0" /><INIT seed="4,0,0,4,2,50" ten="138,278,313,271" oya="0" hai0="131,132,112,85,101,100,29,75,19,98,102,126,26" hai1="135,80,58,121,89,113,49,94,127,124,41,81,99" hai2="96,52,25,10,90,130,79,32,23,55,20,67,128" hai3="84,71,66,120,13,117,93,122,24,36,18,76,108"/><T83/><D112/><U4/><E4/><V14/><F32/><W60/><G108/><T7/><D126/><U57/><E121/><V86/><F67/><W119/><G36/><T59/><D132/><U15/><E15/><V17/><F79/><W54/><G119/><T56/><D131/><N who="2" m="50218" /><F96/><W39/><G39/><T33/><D7/><U65/><E41/><V111/><F111/><W43/><G117/><T44/><D75/><U3/><E3/><V16/><F10/><W62/><G43/><T22/><D98/><U97/><E135/><V106/><F106/><W118/><G118/><T77/><REACH who="0" step="1"/><D44/><REACH who="0" step="2"/><U47/><E47/><V46/><F46/><W38/><G122/><T34/><D34/><U109/><E99/><V1/><F1/><W103/><G120/><T21/><D21/><U88/><E109/><V105/><F105/><W123/><G123/><T37/><D37/><U64/><E113/><V70/><F70/><W9/><G71/><T0/><D0/><U114/><E114/><V69/><F69/><W73/><G73/><T107/><D107/><U28/><E97/><V12/><F12/><AGARI ba="0,1" hai="12,19,22,26,29,33,56,59,77,83,85,100,101,102" machi="12" ten="40,2000,0" yaku="1,1,53,0" doraHai="50" doraHaiUra="92" who="0" fromWho="2" sc="128,30,278,0,313,-20,271,0" /><INIT seed="4,1,0,5,2,78" ten="158,278,293,271" oya="0" hai0="59,1,120,102,3,6,8,54,127,46,110,7,108" hai1="32,122,72,107,89,25,55,82,10,33,58,15,5" hai2="98,80,101,66,123,71,90,77,131,67,132,26,76" hai3="44,128,61,112,81,94,50,4,130,114,0,115,29"/><T87/><D120/><U126/><E122/><V9/><F123/><W34/><G34/><T133/><D127/><U62/><E126/><V23/><F132/><W121/><G29/><T57/><D133/><U104/><E32/><V125/><F125/><W134/><G121/><T105/><D105/><U70/><E70/><V75/><F131/><N who="3" m="50219" /><G134/><T30/><D102/><U116/><E116/><V13/><F71/><W93/><G81/><T41/><D30/><U52/><E72/><V129/><F129/><W73/><G73/><T19/><D19/><U99/><E99/><V51/><F51/><W96/><G96/><T12/><D87/><U53/><E53/><V60/><F76/><W35/><G35/><T24/><D24/><U47/><E33/><V49/><F49/><W38/><G38/><N who="0" m="21815" /><D54/><U95/><E25/><V109/><F75/><W63/><G0/><N who="0" m="75" /><D6/><U124/><E124/><V18/><F80/><W106/><G106/><T27/><D27/><U74/><E95/><N who="3" m="36362" /><G115/><T56/><D12/><U42/><E74/><V17/><F13/><W97/><G97/><T79/><D79/><U43/><E43/><V91/><F77/><W37/><G37/><T22/><D22/><U119/><E119/><V113/><F23/><W21/><G4/><T88/><D88/><U68/><E68/><V39/><F91/><W85/><G21/><T31/><D31/><U2/><E2/><V45/><F90/><W69/><G85/><T111/><D111/><U117/><E117/><V28/><F109/><W11/><G69/><T64/><D64/><U20/><E107/><V103/><F67/><RYUUKYOKU ba="1,0" sc="158,30,278,-10,293,-10,271,-10" hai0="7,8,56,57,59,108,110" /><INIT seed="4,2,0,3,1,96" ten="188,268,283,261" oya="0" hai0="102,118,41,25,35,20,18,8,59,78,100,7,22" hai1="106,39,72,129,117,116,1,62,86,133,76,64,34" hai2="82,31,42,115,12,17,21,92,114,27,67,101,124" hai3="24,128,74,68,49,98,29,80,88,57,119,77,6"/><T61/><D118/><U47/><E86/><V84/><F124/><W123/><G119/><T103/><D78/><U3/><E76/><V85/><F42/><W11/><G123/><T9/><D41/><U108/><E47/><V15/><F67/><W107/><G68/><T135/><D135/><U134/><E62/><V111/><F111/><W43/><G128/><T93/><D93/><U60/><E60/><V16/><F115/><W127/><G127/><T109/><D109/><U81/><E81/><V23/><F114/><W13/><G107/><T5/><D35/><U97/><E97/><N who="2" m="59559" /><F82/><W10/><G43/><T19/><D7/><U63/><E63/><V54/><F54/><W58/><G10/><AGARI ba="2,0" hai="10,12,15,16,17,21,23,27,31,84,85" m="59559" machi="10" ten="30,3900,0" yaku="8,1,52,1,54,1" doraHai="96" who="2" fromWho="3" sc="188,0,268,0,283,45,261,-45" /><INIT seed="5,0,0,0,5,94" ten="188,268,328,216" oya="1" hai0="110,45,47,13,135,118,69,30,15,43,131,105,104" hai1="17,75,61,36,19,26,93,71,115,120,62,14,41" hai2="20,78,2,116,66,29,32,124,27,51,7,16,83" hai3="59,68,133,117,37,76,91,95,53,134,97,50,82"/><U79/><E120/><V108/><F116/><W129/><G37/><T89/><D118/><U65/><E115/><V99/><F108/><W1/><G68/><T107/><D69/><U22/><E36/><V103/><F124/><W121/><G1/><T44/><D110/><U6/><E41/><V58/><F2/><W60/><G121/><T64/><D135/><U56/><E75/><V4/><F32/><W81/><G129/><T10/><D131/><U98/><E79/><V84/><F29/><W12/><G117/><T112/><D64/><U38/><E38/><V77/><F77/><W5/><G82/><T125/><D112/><U90/><E6/><V23/><F23/><W102/><G5/><T33/><D125/><U73/><E73/><V24/><F24/><W46/><G12/><T119/><D119/><U8/><E71/><V92/><F51/><W96/><G96/><T54/><D43/><U123/><E123/><V101/><F101/><W42/><REACH who="3" step="1"/><G102/><REACH who="3" step="2"/><T88/><D15/><U106/><E106/><V9/><F9/><W132/><G132/><T114/><D114/><U130/><E130/><V127/><F127/><W63/><G63/><AGARI ba="0,1" hai="8,14,17,19,22,26,56,61,62,63,65,90,93,98" machi="63" ten="40,3900,0" yaku="8,1,52,1" doraHai="94" who="1" fromWho="3" sc="188,0,268,49,328,0,206,-39" /><AGARI ba="0,0" hai="4,7,16,20,27,58,63,66,78,83,84,92,99,103" machi="63" ten="40,5200,0" yaku="8,1,52,1,54,1" doraHai="94" who="2" fromWho="3" sc="188,0,317,0,328,52,167,-52" /><INIT seed="5,1,0,0,2,50" ten="188,317,380,115" oya="1" hai0="41,113,17,64,61,100,25,34,52,91,3,105,12" hai1="135,29,70,75,124,18,53,120,101,15,51,96,58" hai2="0,78,121,115,43,20,7,8,86,95,24,31,80" hai3="27,129,125,131,11,68,79,26,107,88,127,47,66"/><U1/><E120/><V123/><F115/><W116/><G79/><T92/><D3/><U44/><E75/><V104/><F104/><W65/><G107/><T62/><D113/><U49/><E1/><V83/><F95/><W55/><G68/><T71/><D41/><U32/><E135/><V37/><REACH who="2" step="1"/><F80/><REACH who="2" step="2"/><W10/><G116/><T9/><D105/><U133/><E133/><V67/><F67/><N who="3" m="25611" /><G47/><AGARI ba="1,1" hai="0,7,8,20,24,31,37,43,47,78,83,86,121,123" machi="47" ten="40,1300,0" yaku="1,1,53,0" doraHai="50" doraHaiUra="103" who="2" fromWho="3" sc="188,0,317,0,370,26,115,-16" /><INIT seed="6,0,0,3,3,15" ten="188,317,396,99" oya="2" hai0="128,95,22,97,72,1,94,113,122,121,134,0,29" hai1="120,101,53,39,10,2,60,48,119,77,42,62,59" hai2="55,32,100,13,124,118,133,30,116,58,68,111,98" hai3="12,19,36,89,130,93,104,40,63,6,46,117,78"/><V115/><F68/><W131/><G117/><T5/><D72/><U64/><E77/><V99/><F115/><W83/><G104/><T132/><D113/><U25/><E101/><V24/><F111/><W23/><G6/><T27/><D128/><U44/><E2/><V108/><F108/><W33/><G33/><T54/><D54/><U56/><E10/><V126/><F133/><N who="0" m="51306" /><D95/><U70/><E25/><V17/><F118/><W88/><G63/><T20/><D20/><U47/><E119/><V52/><F116/><W11/><G11/><N who="0" m="2471" /><D1/><U135/><E135/><V43/><F43/><W8/><G8/><T21/><D21/><U103/><E103/><AGARI ba="0,0" hai="22,27,29,94,97,103,121,122" m="2471,51306" machi="103" ten="30,1000,0" yaku="20,1" doraHai="15" who="0" fromWho="1" sc="188,10,317,-10,396,0,99,0" /><INIT seed="7,0,0,5,3,129" ten="198,307,396,99" oya="3" hai0="93,32,45,88,46,101,115,28,47,118,134,31,43" hai1="104,48,114,113,107,33,24,18,37,9,105,98,99" hai2="64,19,75,84,122,116,6,81,79,90,66,108,128" hai3="15,63,86,7,127,126,95,50,91,12,106,4,100"/><W109/><G106/><T65/><D118/><U130/><E130/><V56/><F128/><W0/><G100/><T52/><D43/><U49/><E37/><V58/><F116/><W39/><G39/><T96/><D115/><U83/><E83/><V97/><F108/><W27/><G109/><T14/><D65/><N who="2" m="25194" /><F75/><W16/><G0/><T57/><D32/><U17/><E33/><V41/><F122/><W80/><G27/><T74/><D74/><U69/><E24/><V13/><F6/><N who="3" m="2091" /><G50/><T29/><D14/><U103/><E9/><N who="2" m="6575" /><F41/><W25/><G25/><T82/><D82/><U59/><E59/><N who="2" m="22571" /><F97/><N who="1" m="36873" /><E103/><V20/><F20/><N who="3" m="11271" /><G15/><T53/><D101/><U123/><E123/><V61/><F61/><W44/><G44/><T87/><D96/><U70/><E48/><V89/><AGARI ba="0,0" hai="79,81,84,89,90" m="22571,6575,25194" machi="89" ten="30,1100,0" yaku="8,1" doraHai="129" who="2" fromWho="2" sc="198,-3,307,-3,396,11,99,-5" owari="195,-20,304,10,407,51,94,-41" /></mjloggm>