<mjloggm ver="2.3"><GO type="169" lobby="0"/><UN n0="%E3%81%82%E3%82%8A%E3%81%8A%E3%81%A8" n1="%EF%BC%88%E2%89%A7%E2%96%BD%E2%89%A6%EF%BC%89" n2="%6D%69%72%75%66%61" n3="%E3%83%88%E3%83%8B%E3%83%BC%E2%99%AA%E2%99%AA" dan="16,19,16,16" rate="2066.16,2223.70,2085.93,2058.20" sx="M,M,M,M"/><TAIKYOKU oya="0"/><INIT seed="0,0,0,1,0,62" ten="250,250,250,250" oya="0" hai0="27,58,13,49,48,87,75,104,10,4,105,79,122" hai1="35,119,112,34,16,116,59,6,108,19,117,70,5" hai2="2,113,47,46,123,65,77,24,93,53,21,15,42" hai3="95,128,110,135,68,60,40,63,131,37,118,30,11"/><T107/><D122/><U3/><E70/><V101/><F2/><W50/><G118/><T52/><D27/><U133/><E59/><V98/><F113/><W38/><G110/><T44/><D75/><U28/><E108/><V45/><F123/><W124/><G30/><T33/><D33/><N who="1" m="12299" /><E112/><V31/><F77/><W71/><G11/><T7/><D7/><N who="1" m="2571" /><E133/><V132/><F132/><W56/><G95/><T67/><D67/><U94/><E94/><V73/><F73/><W109/><G109/><T25/><D25/><U129/><E129/><N who="3" m="49738" /><G135/><T84/><REACH who="0" step="1"/><D79/><REACH who="0" ten="240,250,250,250" step="2"/><U103/><E3/><V78/><F78/><W17/><G71/><T134/><D134/><U57/><E116/><V114/><F65/><W130/><G130/><T9/><D9/><U12/><E119/><V61/><F114/><W127/><G68/><T0/><D0/><U14/><E117/><V97/><F24/><W91/><G17/><T80/><D80/><U8/><E19/><V99/><F31/><W83/><G83/><T96/><D96/><U76/><E28/><V102/><F98/><W26/><G26/><T115/><D115/><U66/><E76/><V69/><F99/><W51/><G127/><T106/><N who="0" m="26624" /><DORA hai="100" /><T18/><D18/><U92/><E16/><V22/><F97/><W121/><G124/><T111/><D111/><U86/><E8/><V72/><F72/><W29/><G121/><T82/><D82/><U90/><E103/><V32/><F101/><W20/><G29/><T39/><D39/><U89/><E89/><V54/><F102/><W41/><G91/><T126/><D126/><RYUUKYOKU ba="0,1" sc="240,15,250,15,250,-15,250,-15" hai0="4,10,13,44,48,49,52,58,84,87" hai1="12,14,57,66,86,90,92" /><INIT seed="0,1,1,4,5,63" ten="255,265,235,235" oya="0" hai0="105,131,69,10,17,75,68,18,73,120,31,44,119" hai1="88,92,77,56,122,80,111,32,124,11,113,64,118" hai2="99,74,132,125,115,49,104,117,51,19,36,57,130" hai3="42,66,2,128,129,116,50,101,78,41,26,54,109"/><T90/><D119/><U112/><E32/><V7/><F7/><W103/><G116/><T60/><D120/><U84/><E118/><V3/><F57/><W83/><G2/><T34/><D105/><U13/><E122/><V33/><F19/><W102/><G26/><T72/><D131/><N who="3" m="50249" /><G109/><T35/><D44/><U96/><E124/><V22/><F22/><W37/><G37/><T0/><D90/><U133/><E133/><V48/><F99/><W21/><G21/><T27/><D35/><U106/><E106/><V38/><F51/><W23/><G23/><T76/><D76/><U97/><E97/><V61/><F61/><W108/><G66/><T114/><D114/><N who="1" m="44139" /><E111/><V65/><F49/><W91/><G91/><T71/><REACH who="0" step="1"/><D60/><REACH who="0" ten="245,265,235,235" step="2"/><N who="1" m="37895" /><E77/><V28/><F33/><W89/><G89/><T123/><D123/><U5/><E96/><V55/><F130/><W16/><G108/><T43/><D43/><U100/><E100/><V87/><F104/><W52/><G42/><T30/><D30/><U95/><AGARI ba="1,2" hai="5,11,13,80,84,88,92,95" m="37895,44139" machi="95" ten="30,4000,0" yaku="11,1,52,1,54,1" doraHai="63" who="1" fromWho="1" sc="245,-21,265,63,235,-11,235,-11" /><INIT seed="1,0,0,4,2,2" ten="224,328,224,224" oya="1" hai0="101,12,111,98,100,46,105,17,102,112,61,42,5" hai1="10,123,93,121,89,37,57,27,4,22,51,21,110" hai2="122,33,107,79,44,41,128,9,32,24,131,80,26" hai3="45,50,53,38,124,31,73,47,74,69,48,117,65"/><U34/><E37/><V120/><F107/><W1/><G1/><T66/><D112/><U133/><E133/><V113/><F113/><W97/><G124/><T115/><D115/><U119/><E119/><V76/><F9/><W108/><G108/><T106/><D111/><U6/><E110/><V29/><F80/><W86/><G117/><T55/><D55/><N who="1" m="31999" /><E34/><V96/><F96/><W109/><G109/><T127/><D127/><U85/><E123/><V25/><F44/><W72/><G38/><T39/><D106/><U0/><E0/><V18/><F18/><W129/><G129/><N who="2" m="49737" /><F41/><W84/><G31/><T19/><D19/><N who="1" m="12735" /><E10/><V135/><F135/><W92/><G65/><T83/><D105/><U20/><E121/><N who="2" m="46699" /><F29/><W15/><G15/><T90/><D17/><U116/><E116/><V87/><F87/><W43/><REACH who="3" step="1"/><G69/><REACH who="3" ten="224,328,224,214" step="2"/><T56/><D12/><U70/><E70/><V125/><F125/><W23/><G23/><AGARI ba="0,1" hai="4,6,20,22,23,85,89,93" m="12735,31999" machi="23" ten="30,5800,0" yaku="8,1,52,2" doraHai="2" who="1" fromWho="3" sc="224,0,328,68,224,0,214,-58" /><INIT seed="1,1,0,2,2,43" ten="224,396,224,156" oya="1" hai0="130,9,89,97,10,68,101,32,8,26,31,12,77" hai1="37,7,78,35,29,14,33,94,102,38,2,132,84" hai2="3,72,64,67,21,53,117,1,69,15,126,92,121" hai3="80,48,63,59,115,28,52,76,49,22,25,96,0"/><U122/><E122/><V19/><F121/><W82/><G115/><T125/><D125/><U95/><E2/><V79/><F117/><W65/><G0/><T20/><D68/><U129/><E129/><V116/><F116/><W41/><G96/><T108/><D130/><U5/><E132/><V47/><F126/><W27/><G76/><T100/><D77/><U75/><E75/><V103/><F67/><W109/><G109/><T131/><D131/><U127/><E127/><V23/><F23/><W107/><G107/><T62/><D108/><U30/><E78/><V87/><F72/><W73/><G73/><T110/><D110/><U118/><E118/><V123/><F123/><W51/><G41/><T4/><D62/><U16/><E14/><V88/><F103/><W70/><REACH who="3" step="1"/><G27/><REACH who="3" ten="224,396,224,146" step="2"/><T83/><D97/><U71/><E84/><V40/><F79/><W119/><G119/><T106/><D106/><U113/><E113/><V17/><F1/><W50/><AGARI ba="1,1" hai="22,25,28,48,49,50,51,52,59,63,65,70,80,82" machi="50" ten="30,4000,0" yaku="1,1,0,1,54,1,53,0" doraHai="43" doraHaiUra="36" who="3" fromWho="3" sc="224,-11,396,-21,224,-11,146,53" /><INIT seed="2,0,0,3,1,15" ten="213,375,213,199" oya="2" hai0="21,5,114,86,96,14,120,99,9,126,128,118,69" hai1="58,64,71,113,95,29,38,103,44,10,2,41,91" hai2="52,32,61,108,60,121,102,97,112,76,75,25,78" hai3="30,27,81,54,94,100,73,68,35,4,50,109,42"/><V127/><F112/><W0/><G68/><T13/><D114/><U43/><E113/><V134/><F121/><W90/><G109/><T107/><D120/><U82/><E41/><V93/><F127/><W92/><G42/><T72/><D72/><U8/><E71/><V33/><F134/><W24/><G24/><T101/><D126/><U110/><E110/><V74/><F108/><W88/><G100/><T66/><D118/><U18/><E29/><V23/><F75/><W17/><G0/><T106/><D128/><U89/><E2/><V7/><F7/><W20/><G4/><T62/><D86/><U104/><E104/><V87/><F74/><W70/><G70/><T123/><D123/><U83/><E103/><V80/><F76/><W34/><G34/><T53/><D99/><U3/><E3/><V59/><REACH who="2" step="1"/><F61/><REACH who="2" ten="213,375,203,199" step="2"/><W6/><G6/><T26/><D5/><U130/><E130/><V56/><F56/><W55/><G73/><T1/><D69/><U31/><E58/><V46/><F46/><W133/><G133/><T39/><D62/><U115/><E44/><V19/><AGARI ba="0,1" hai="19,23,25,32,33,52,59,60,78,80,87,93,97,102" machi="19" ten="20,12000,1" yaku="1,1,0,1,7,1,52,1,54,1,53,0" doraHai="15" doraHaiUra="125" who="2" fromWho="2" sc="213,-40,375,-40,203,130,199,-40" /><INIT seed="2,1,0,2,2,52" ten="173,335,333,159" oya="2" hai0="21,116,118,68,12,10,96,19,28,77,48,44,56" hai1="85,70,84,82,127,27,50,78,111,106,98,3,71" hai2="124,115,20,60,94,103,120,58,128,129,62,114,39" hai3="109,79,18,57,24,122,11,36,13,130,35,53,119"/><V90/><F39/><W8/><G122/><T43/><D68/><U54/><E3/><V23/><F120/><W67/><G119/><T132/><D132/><U25/><E127/><V47/><F103/><W6/><G36/><T133/><D133/><U46/><E111/><V2/><F2/><W65/><G109/><T87/><D96/><U14/><E14/><V92/><F47/><W7/><G130/><T31/><D118/><U126/><E126/><V112/><F124/><W76/><G79/><T45/><D45/><U74/><E74/><V117/><F117/><W131/><G76/><T125/><D125/><U17/><E85/><V121/><F121/><W86/><G86/><T40/><D40/><U41/><E27/><V95/><F90/><W38/><G38/><T34/><D34/><U89/><E106/><V72/><F72/><W59/><G131/><N who="2" m="50249" /><F58/><N who="3" m="22027" /><G35/><T42/><D42/><U88/><E71/><V69/><F69/><W55/><G24/><T105/><D105/><U1/><E70/><V91/><F91/><W16/><G55/><T4/><D116/><U81/><E89/><V107/><F107/><W134/><G53/><T26/><REACH who="0" step="1"/><D56/><REACH who="0" ten="163,335,333,159" step="2"/><U97/><E41/><V37/><F37/><W63/><G134/><T80/><AGARI ba="1,1" hai="4,10,12,19,21,26,28,31,43,44,48,77,80,87" machi="80" ten="30,12000,2" yaku="1,1,2,1,0,1,25,2,8,1,53,1" doraHai="52" doraHaiUra="9" who="0" fromWho="0" sc="163,133,335,-31,333,-61,159,-31" /><INIT seed="3,0,0,0,0,31" ten="296,304,272,128" oya="3" hai0="7,128,85,30,109,46,62,48,117,3,89,63,111" hai1="41,80,23,116,68,10,123,114,15,75,28,8,94" hai2="77,36,134,74,82,115,17,73,87,59,71,131,97" hai3="121,24,34,130,96,9,13,11,65,54,104,78,102"/><W35/><G121/><T133/><D117/><U12/><E123/><V58/><F115/><W14/><G24/><T61/><D128/><U26/><E68/><V103/><F71/><W5/><G130/><T45/><D133/><U88/><E114/><V18/><F131/><W66/><G78/><T55/><D30/><U81/><E116/><V101/><F36/><W32/><REACH who="3" step="1"/><G54/><REACH who="3" ten="296,304,272,118" step="2"/><T38/><D38/><U127/><E26/><V113/><F77/><W0/><G0/><T112/><D112/><U95/><E15/><V72/><F113/><W135/><G135/><T47/><D3/><U105/><E12/><V100/><F134/><W107/><G107/><T120/><D120/><U53/><E105/><V40/><F73/><W37/><G37/><T33/><D7/><AGARI ba="0,1" hai="5,7,9,11,13,14,32,34,35,65,66,96,102,104" machi="7" ten="40,12000,1" yaku="1,1,9,1,52,3,53,0" doraHai="31" doraHaiUra="69" who="3" fromWho="0" sc="296,-120,304,0,272,0,118,130" /><INIT seed="3,1,0,0,4,9" ten="176,304,272,248" oya="3" hai0="2,7,58,81,59,67,77,72,37,115,51,23,91" hai1="31,86,50,89,33,42,70,20,132,4,125,100,110" hai2="92,111,88,79,39,22,131,75,130,93,57,104,8" hai3="43,62,84,36,46,65,64,76,44,53,10,28,12"/><W98/><G28/><T61/><D37/><U63/><E33/><V96/><F39/><W127/><G127/><T15/><D115/><U47/><E125/><V106/><F57/><W112/><G112/><T32/><D32/><U113/><E113/><V101/><F22/><W66/><G98/><T129/><D129/><N who="2" m="49162" /><F8/><W134/><G134/><T116/><D116/><U102/><E132/><V11/><F11/><W49/><G84/><T117/><D117/><U69/><E110/><V120/><F120/><W5/><REACH who="3" step="1"/><G76/><REACH who="3" ten="176,304,272,238" step="2"/><T54/><D2/><U103/><E31/><V82/><F111/><W107/><G107/><T133/><D133/><U34/><E86/><AGARI ba="1,1" hai="75,79,82,86,88,92,93,96,101,104,106" m="49162" machi="86" ten="30,7700,0" yaku="19,1,34,2,54,1" doraHai="9" who="2" fromWho="1" sc="176,0,304,-80,272,90,238,0" /><INIT seed="4,0,0,1,4,31" ten="176,224,362,238" oya="0" hai0="60,20,24,94,2,81,64,122,13,127,17,114,57" hai1="44,5,92,38,51,86,101,80,4,111,134,133,112" hai2="93,99,55,52,118,54,14,129,132,22,75,53,83" hai3="131,78,103,82,89,68,73,123,63,15,25,1,28"/><T9/><D122/><U32/><E38/><V109/><F109/><W34/><G123/><T19/><D114/><U61/><E111/><V16/><F118/><W46/><G131/><T43/><D127/><U90/><E112/><V50/><F129/><W67/><G15/><T49/><D2/><U98/><E32/><V12/><F132/><N who="1" m="50793" /><E61/><V33/><F33/><W119/><G119/><T124/><D124/><U125/><E125/><V87/><F75/><W56/><G89/><T108/><D108/><U36/><E36/><V135/><F135/><W62/><G1/><T59/><D81/><U29/><E29/><V65/><F65/><W8/><G8/><T91/><D43/><AGARI ba="0,0" hai="4,5,43,44,51,80,86,90,92,98,101" m="50793" machi="43" ten="30,1000,0" yaku="20,1" doraHai="31" who="1" fromWho="0" sc="176,-10,224,10,362,0,238,0" /><INIT seed="5,0,0,0,1,20" ten="166,234,362,238" oya="1" hai0="36,114,50,57,23,38,125,134,10,41,5,101,109" hai1="110,75,34,86,133,25,18,95,84,104,117,13,108" hai2="47,40,90,35,63,7,131,89,120,11,111,29,76" hai3="71,62,9,43,116,126,135,68,88,31,12,16,121"/><U14/><E75/><V123/><F111/><N who="1" m="42537" /><E117/><V98/><F131/><W107/><G121/><T53/><D109/><U72/><E72/><V74/><F63/><W124/><G107/><T87/><D114/><U81/><E104/><V67/><F67/><W80/><G116/><T85/><D101/><U93/><E133/><V100/><F90/><W102/><G102/><T105/><D105/><U66/><E66/><V32/><F89/><W70/><G135/><T24/><D134/><U55/><E55/><V94/><F35/><W119/><G119/><T122/><D122/><U39/><E39/><V21/><F32/><W106/><G106/><T115/><D115/><U128/><E128/><V79/><F74/><W1/><G1/><T54/><D54/><U17/><E14/><N who="2" m="5503" /><F120/><W42/><G31/><T37/><D41/><U77/><E86/><V127/><F127/><N who="3" m="48683" /><G62/><T130/><D130/><U58/><E34/><V82/><F123/><W91/><G80/><T22/><D125/><U83/><E83/><V61/><F82/><W112/><G112/><T73/><D73/><U30/><E30/><V15/><F61/><W4/><G4/><T92/><D92/><U26/><E18/><N who="2" m="10463" /><F29/><W27/><G70/><T118/><D118/><U6/><E6/><V45/><F40/><N who="3" m="15403" /><G71/><T46/><D87/><U3/><E3/><V59/><F76/><W48/><G68/><T0/><D85/><U49/><E95/><V103/><F79/><W99/><G99/><T129/><D129/><U19/><E93/><V51/><F103/><W8/><G91/><T33/><D57/><U132/><E132/><RYUUKYOKU ba="0,0" sc="166,15,234,-15,362,15,238,-15" hai0="0,5,10,22,23,24,33,36,37,38,46,50,53" hai2="45,47,51,59,94,98,100" /><INIT seed="6,1,0,2,4,135" ten="181,219,377,223" oya="2" hai0="127,123,116,114,79,82,107,51,85,35,104,30,10" hai1="45,37,64,13,96,128,69,61,121,118,75,9,119" hai2="66,49,98,131,22,27,108,31,134,5,11,15,23" hai3="84,40,97,4,50,60,29,77,16,34,41,106,91"/><V21/><F134/><W73/><G4/><T105/><D123/><U130/><E121/><V102/><F131/><N who="1" m="50217" /><E75/><V59/><F108/><W101/><G60/><T28/><D114/><U3/><E96/><V80/><F80/><W109/><G109/><T117/><D10/><U12/><E3/><V58/><F49/><W39/><G39/><T26/><D30/><U48/><E37/><V88/><F88/><W54/><G29/><T113/><D113/><U111/><E111/><V63/><REACH who="2" step="1"/><F59/><REACH who="2" ten="181,219,367,223" step="2"/><W7/><G50/><T94/><D51/><U89/><E89/><V43/><F43/><W33/><G41/><T6/><D94/><AGARI ba="1,1" hai="5,11,15,21,22,23,27,31,58,63,66,94,98,102" machi="94" ten="30,18000,2" yaku="1,1,7,1,25,2,8,1,53,1" doraHai="135" doraHaiUra="25" who="2" fromWho="0" sc="181,-183,219,0,367,193,223,0" owari="-2,-50.0,219,-18.0,560,66.0,223,2.0" /></mjloggm>