<mjloggm ver="2.3"><GO type="169" lobby="0"/><UN n0="%E3%82%AF%E3%83%A9" n1="%EF%BC%88%E2%89%A7%E2%96%BD%E2%89%A6%EF%BC%89" n2="%E3%83%9F%E3%83%A9%E3%82%AF%E3%83%AB%E3%81%8A%E3%81%98%E3%81%95%E3%82%93" n3="%E3%81%AA%E3%81%BE%E3%81%AF%E3%81%92%E3%83%AA%E3%83%BC%E3%83%81%E2%98%86" dan="17,17,17,17" rate="2105.64,2190.18,2179.06,2117.62" sx="M,M,M,M"/><TAIKYOKU oya="0"/><INIT seed="0,0,0,2,0,100" ten="250,250,250,250" oya="0" hai0="74,98,42,115,131,107,64,1,25,76,30,123,0" hai1="61,62,23,75,79,113,36,34,56,94,85,51,121" hai2="71,11,68,48,135,78,96,87,40,108,7,55,35" hai3="81,29,13,65,5,110,132,37,129,70,46,111,91"/><T17/><D123/><U6/><E121/><V8/><F35/><W83/><G29/><T84/><D115/><U114/><E36/><V43/><F108/><W95/><G132/><T119/><D119/><U16/><E34/><V4/><F87/><W130/><G70/><T80/><D17/><U104/><E104/><V89/><F48/><W2/><G65/><T19/><D19/><U33/><E33/><V128/><F96/><N who="3" m="57471" /><G2/><T102/><D131/><N who="3" m="50185" /><G5/><T28/><D28/><U92/><E6/><V93/><F93/><N who="1" m="35945" /><E75/><V50/><F128/><W103/><G13/><T60/><D84/><U90/><E79/><V127/><F78/><W49/><G37/><T122/><D42/><U38/><E38/><V41/><F43/><N who="3" m="24799" /><G103/><T106/><D122/><U27/><E114/><V88/><F135/><W31/><G31/><T126/><D107/><U54/><E113/><V66/><F66/><W3/><G3/><T82/><D82/><AGARI ba="0,0" hai="16,23,27,51,54,56,61,62,82,85,90" m="35945" machi="82" ten="30,2000,0" yaku="8,1,54,1" doraHai="100" who="1" fromWho="0" sc="250,-20,250,20,250,0,250,0" /><AGARI ba="0,0" hai="81,82,83,110,111" m="24799,50185,57471" machi="82" ten="30,1000,0" yaku="19,1" doraHai="100" who="3" fromWho="0" sc="230,-10,270,0,250,0,250,10" /><INIT seed="1,0,0,3,5,22" ten="220,270,250,260" oya="1" hai0="91,107,74,83,126,52,104,77,102,37,119,130,0" hai1="59,87,3,57,67,27,26,132,7,118,123,47,68" hai2="81,44,112,71,58,60,48,15,133,14,96,82,39" hai3="114,94,28,6,76,65,40,103,9,79,50,106,97"/><U64/><E123/><V32/><F133/><W31/><G114/><T134/><D0/><U93/><E118/><V24/><F112/><W100/><G65/><N who="1" m="25162" /><E68/><V70/><F39/><W113/><G113/><T30/><D37/><U45/><E3/><V105/><F58/><N who="1" m="22025" /><E7/><V12/><F60/><W41/><G106/><T110/><D30/><U5/><E5/><V51/><F105/><N who="0" m="40522" /><D119/><U75/><E75/><V85/><F96/><W122/><G122/><T72/><D52/><U135/><E87/><V131/><F85/><W90/><G100/><T11/><D11/><U99/><E132/><V55/><F70/><W86/><G103/><T53/><D102/><N who="1" m="60783" /><E135/><V129/><F71/><W33/><G33/><T20/><D134/><U120/><E120/><V23/><F32/><W35/><G35/><T4/><D4/><U84/><E84/><V62/><F62/><W95/><G95/><T101/><D74/><U8/><E8/><V116/><F116/><W66/><G66/><T36/><D36/><U111/><E111/><V117/><F117/><W18/><G6/><T63/><D110/><U125/><E125/><V42/><F131/><W13/><G86/><T80/><D130/><U19/><E19/><N who="2" m="12415" /><F129/><W78/><G50/><T73/><D126/><U127/><E127/><V1/><F1/><W128/><G128/><T109/><D109/><U46/><AGARI ba="0,0" hai="26,27,45,46,47" m="60783,22025,25162" machi="46" ten="30,6000,0" yaku="8,1,52,2" doraHai="22" who="1" fromWho="1" sc="220,-20,270,60,250,-20,260,-20" /><INIT seed="1,1,0,2,0,4" ten="200,330,230,240" oya="1" hai0="104,109,132,28,67,35,121,78,27,32,43,44,119" hai1="39,133,81,131,107,99,0,102,53,65,1,92,90" hai2="73,62,40,30,19,103,42,22,88,17,89,34,95" hai3="51,58,41,108,29,3,87,64,66,31,82,50,18"/><U75/><E39/><V48/><F73/><W125/><G3/><T45/><D119/><U6/><E133/><V21/><F34/><W111/><G125/><T128/><D132/><U13/><E65/><N who="3" m="25194" /><G18/><T72/><D67/><U36/><E36/><V91/><F30/><N who="3" m="11275" /><G41/><T114/><D114/><U134/><E134/><V56/><F48/><W97/><G97/><T127/><D35/><U101/><E0/><V116/><F116/><W135/><G135/><T54/><D127/><U52/><E1/><V129/><F129/><W7/><G7/><T23/><D128/><U9/><E131/><V80/><F80/><W69/><G69/><T38/><D32/><U33/><E33/><V68/><F68/><W61/><G111/><T124/><D109/><U100/><REACH who="1" step="1"/><E107/><REACH who="1" ten="200,320,230,240" step="2"/><V57/><F95/><W123/><G108/><T71/><D104/><U47/><E47/><V106/><F106/><W2/><G2/><T74/><D124/><U46/><E46/><V55/><F57/><W120/><G120/><T11/><D71/><U59/><E59/><V110/><F56/><W26/><G123/><T105/><D105/><U15/><E15/><V79/><F110/><W83/><G58/><T115/><D121/><U70/><E70/><V20/><F62/><W113/><G61/><T12/><D38/><U86/><E86/><V77/><F103/><W14/><G87/><T126/><D126/><U117/><E117/><V94/><F94/><W8/><G14/><T16/><D74/><U60/><E60/><V24/><F24/><W84/><G26/><T49/><D44/><U130/><E130/><RYUUKYOKU ba="1,1" sc="200,-10,320,30,230,-10,240,-10" hai1="6,9,13,52,53,75,81,90,92,99,100,101,102" /><INIT seed="1,2,1,2,1,115" ten="190,350,220,230" oya="1" hai0="105,92,40,56,58,11,128,22,117,70,129,102,77" hai1="62,94,132,60,133,44,3,50,71,126,49,134,66" hai2="122,31,48,116,63,106,100,21,109,19,103,97,121" hai3="130,39,76,43,61,52,67,33,35,80,2,55,112"/><U83/><E3/><V85/><F109/><W93/><G112/><T82/><D70/><U84/><E126/><V46/><F31/><W20/><G2/><T30/><D105/><U104/><E104/><V125/><F125/><W78/><G130/><N who="0" m="50283" /><D40/><U53/><E94/><V96/><F63/><W86/><G78/><T7/><D117/><U17/><E17/><V13/><F85/><W68/><G20/><T25/><D92/><U89/><E60/><V23/><F21/><W54/><REACH who="3" step="1"/><G93/><REACH who="3" ten="190,350,220,220" step="2"/><T72/><D102/><U14/><E14/><AGARI ba="2,2" hai="7,11,14,22,25,30,56,58,72,77,82" m="50283" machi="14" ten="30,1000,0" yaku="19,1" doraHai="115" who="0" fromWho="1" sc="190,36,350,-16,220,0,220,0" /><INIT seed="2,0,0,3,2,81" ten="226,334,220,220" oya="2" hai0="7,56,44,64,124,45,70,68,66,14,123,61,82" hai1="110,40,89,55,135,48,41,78,97,32,9,4,86" hai2="15,38,37,90,93,17,96,88,111,107,77,29,12" hai3="122,25,50,59,54,65,5,26,53,1,49,69,127"/><V46/><F107/><W51/><G122/><T27/><D123/><U58/><E135/><V120/><F120/><W43/><G127/><T60/><D124/><U100/><E32/><V92/><F77/><W129/><G129/><T98/><D98/><U126/><E78/><V125/><F125/><W95/><G43/><T83/><D27/><U131/><E110/><V67/><F29/><W103/><G1/><T18/><D7/><U0/><E131/><V109/><F67/><W2/><G2/><T13/><D56/><U16/><E126/><V6/><F6/><W75/><G75/><T19/><AGARI ba="0,0" hai="13,14,18,19,44,45,60,61,64,66,68,70,82,83" machi="19" ten="25,3200,0" yaku="0,1,22,2" doraHai="81" who="0" fromWho="0" sc="226,32,334,-8,220,-16,220,-8" /><INIT seed="3,0,0,3,2,11" ten="258,326,204,212" oya="3" hai0="24,111,64,34,16,40,35,33,113,115,75,103,66" hai1="94,10,102,45,27,128,124,112,47,3,36,44,15" hai2="109,8,30,18,7,17,72,118,96,62,76,38,134" hai3="116,48,42,51,77,71,43,83,55,85,68,82,130"/><W73/><G116/><T13/><D75/><U100/><E3/><V86/><F118/><W108/><G130/><T123/><D123/><U50/><E112/><N who="0" m="43081" /><D111/><U19/><E128/><V80/><F38/><W78/><G108/><T97/><D40/><U98/><E124/><V56/><F109/><W37/><G37/><T70/><D24/><U1/><E1/><V58/><F134/><W131/><G131/><T49/><D49/><U6/><E36/><V92/><F30/><W95/><G95/><N who="0" m="58815" /><D70/><U122/><E122/><V31/><F31/><W105/><G105/><T135/><D135/><U107/><E107/><V54/><F58/><W87/><G55/><T93/><D93/><U121/><E121/><V39/><F72/><AGARI ba="0,0" hai="42,43,48,51,68,71,72,73,77,78,82,83,85,87" machi="72" ten="25,2400,0" yaku="22,2" doraHai="11" who="3" fromWho="2" sc="258,0,326,0,204,-24,212,24" /><INIT seed="3,1,0,1,4,118" ten="258,326,180,236" oya="3" hai0="68,113,82,38,24,18,58,77,107,83,89,56,47" hai1="57,6,42,104,100,69,55,51,22,48,37,27,50" hai2="32,96,121,39,41,98,74,66,72,88,9,19,85" hai3="105,133,116,33,84,46,80,25,59,67,14,125,53"/><W21/><G116/><T81/><D68/><U45/><E69/><V130/><F32/><W93/><G105/><T65/><D107/><U63/><E6/><V102/><F130/><W122/><G33/><T112/><D77/><U31/><E100/><V44/><F66/><W127/><G133/><T90/><D38/><U12/><E104/><V108/><F108/><W117/><G117/><T73/><D47/><U54/><REACH who="1" step="1"/><E12/><REACH who="1" ten="258,316,180,236" step="2"/><V119/><F102/><W109/><G14/><T43/><D113/><U134/><E134/><V131/><F119/><W87/><G125/><T124/><D124/><U16/><E16/><V94/><F19/><W20/><G127/><T135/><D112/><U3/><E3/><V40/><F131/><W29/><G109/><T64/><D135/><U91/><E91/><V10/><F88/><N who="3" m="53407" /><G29/><T71/><D71/><U99/><E99/><V70/><F96/><W86/><G25/><T2/><D2/><U123/><E123/><V101/><F121/><W92/><G122/><T114/><D114/><U30/><E30/><V7/><F98/><W95/><G92/><T1/><D1/><U34/><E34/><V60/><F94/><W52/><G95/><T97/><D97/><U128/><E128/><V76/><F70/><W23/><G80/><T4/><D90/><U35/><E35/><V17/><F101/><W111/><G111/><T75/><D89/><U5/><E5/><V8/><F7/><W36/><G36/><T129/><D4/><U28/><E28/><V78/><F39/><W26/><G26/><T15/><D24/><U79/><E79/><RYUUKYOKU ba="1,1" sc="258,-10,316,30,180,-10,236,-10" hai1="22,27,31,37,42,45,48,50,51,54,55,57,63" /><INIT seed="4,2,1,3,2,50" ten="248,346,170,226" oya="0" hai0="30,94,125,25,119,2,74,52,87,33,76,66,106" hai1="129,80,82,31,114,103,39,126,11,65,79,85,6" hai2="98,63,47,61,59,51,131,13,38,81,22,116,5" hai3="60,37,36,10,41,91,67,58,3,77,46,27,0"/><T104/><D119/><U118/><E39/><V48/><F131/><W101/><G37/><T18/><D66/><U100/><E118/><V49/><F116/><W14/><G77/><T21/><D2/><U122/><E122/><V15/><F38/><W135/><G135/><T108/><D125/><U73/><E129/><V7/><F47/><W70/><G101/><T75/><D108/><U123/><E123/><V92/><F81/><W120/><G120/><T96/><D87/><U29/><E65/><V83/><F83/><W84/><G27/><T42/><D42/><U34/><E126/><V4/><F22/><W111/><G70/><T93/><D93/><U86/><E73/><V90/><REACH who="2" step="1"/><F63/><REACH who="2" ten="248,346,160,226" step="2"/><W8/><G111/><T56/><D75/><U24/><E82/><V127/><F127/><W134/><G134/><T54/><D74/><U9/><E80/><V20/><F20/><W71/><G36/><T99/><D76/><U19/><E79/><V1/><F1/><W28/><G46/><T55/><D56/><U32/><E32/><V43/><F43/><W117/><G41/><T124/><D124/><U40/><E34/><V62/><F62/><W78/><G58/><T95/><D99/><U110/><E40/><V109/><F109/><W115/><G78/><T89/><REACH who="0" step="1"/><D95/><REACH who="0" ten="238,346,160,226" step="2"/><U17/><E110/><V69/><F69/><W121/><G71/><T57/><D57/><U44/><E86/><V26/><F26/><AGARI ba="2,3" hai="18,21,25,26,30,33,52,54,55,89,94,96,104,106" machi="26" ten="40,18000,2" yaku="1,1,52,3,54,1,53,1" doraHai="50" doraHaiUra="12" who="0" fromWho="2" sc="238,216,346,0,160,-186,226,0" owari="454,55.0,346,15.0,-26,-53.0,226,-17.0" /></mjloggm>