<mjloggm ver="2.3"><GO type="169"/><UN n0="%E6%9C%88%E9%95%B7%E7%9F%B3" n1="%E6%94%AF%E5%80%89%E6%9B%9C%E5%AD%90" n2="%E3%81%AF%E3%81%AA%E3%81%B3" n3="%EF%BC%88%E2%89%A7%E2%96%BD%E2%89%A6%EF%BC%89" dan="17,16,16,18" rate="2128,2024,2114,2199" sx="M,F,M,M"/><TAIKYOKU oya="0"/><INIT seed="0,0,0,1,3,123" ten="250,250,250,250" oya="0" hai0="66,71,32,85,78,86,19,16,33,73,47,28,101" hai1="98,129,79,1,43,8,55,107,109,132,128,77,64" hai2="4,130,50,34,21,53,54,24,87,67,124,29,22" hai3="63,57,40,84,114,25,92,59,134,76,62,52,88"/><T133/><D133/><U45/><E132/><V49/><F124/><W70/><G134/><T72/><D101/><N who="1" m="62903" /><E55/><V20/><F130/><N who="1" m="50281" /><E64/><V37/><F37/><W30/><G114/><T6/><D6/><N who="1" m="1103" /><E109/><V127/><F127/><W58/><G40/><T110/><D110/><U11/><E11/><V83/><F67/><W103/><G76/><T94/><D47/><U96/><E96/><V89/><F4/><W39/><G39/><AGARI ba="0,0" hai="39,43,45,77,79" m="1103,50281,62903" machi="39" ten="30,1000,0" yaku="19,1" doraHai="123" who="1" fromWho="3" sc="250,0,250,10,250,0,250,-10" /><INIT seed="1,0,0,2,3,87" ten="250,260,250,240" oya="1" hai0="1,33,32,104,39,17,116,46,124,89,106,114,23" hai1="21,51,72,110,65,59,123,64,54,73,19,103,29" hai2="41,2,61,10,69,45,98,102,118,75,80,125,56" hai3="101,92,35,85,36,4,78,134,60,95,91,15,13"/><U97/><E123/><V34/><F118/><W122/><G122/><T16/><D1/><U30/><E110/><V5/><F125/><W8/><G35/><T57/><D116/><U126/><E126/><V22/><F22/><W83/><G36/><T88/><D124/><U77/><E77/><N who="2" m="44095" /><F56/><W74/><G134/><T93/><D114/><U63/><E72/><V129/><F129/><W48/><G60/><T47/><D57/><U3/><E73/><V99/><F34/><W18/><G48/><T81/><D81/><U115/><E3/><V135/><F135/><W71/><G71/><T28/><D93/><N who="1" m="58799" /><E115/><V133/><F133/><W90/><G101/><T120/><D120/><U84/><E84/><V50/><F50/><W111/><G111/><T25/><D39/><U105/><E105/><V6/><F99/><W11/><G74/><T14/><D14/><N who="1" m="9463" /><E65/><V109/><F109/><W7/><G18/><T132/><D132/><U68/><E68/><V66/><F6/><W27/><G27/><T9/><D23/><U128/><E128/><V37/><F98/><W42/><G42/><T112/><D25/><U79/><E79/><V38/><F38/><W121/><G121/><T107/><D112/><U0/><E0/><V113/><F113/><W108/><G108/><T94/><D107/><U82/><E82/><V127/><F127/><W86/><G86/><T55/><D94/><AGARI ba="0,0" hai="4,7,8,11,13,15,78,83,85,90,91,92,94,95" machi="94" ten="40,8000,1" yaku="9,1,8,1,52,2" doraHai="87" who="3" fromWho="0" sc="250,-80,260,0,250,0,240,80" /><INIT seed="2,0,0,2,0,35" ten="170,260,250,320" oya="2" hai0="6,49,9,82,111,7,12,16,84,80,33,109,110" hai1="124,120,106,105,118,72,28,26,128,5,46,81,107" hai2="3,76,122,20,119,133,18,126,61,85,55,102,8" hai3="29,101,121,1,4,86,45,68,79,21,90,117,113"/><V89/><F119/><W96/><G68/><T69/><D33/><U135/><E118/><V53/><F122/><W38/><G117/><T88/><D69/><U71/><E71/><V94/><F126/><W78/><G121/><T130/><D130/><U108/><E120/><V93/><F133/><W41/><G113/><T103/><D103/><U15/><E135/><V92/><F76/><W52/><G29/><T32/><D32/><U87/><E124/><V114/><F114/><W17/><G52/><T134/><D134/><U42/><E72/><V43/><F43/><W0/><G4/><T57/><D82/><U30/><E128/><V127/><F127/><W66/><G66/><T22/><D22/><U44/><E28/><V59/><F102/><W98/><G98/><T19/><D19/><U2/><E46/><V104/><F104/><W40/><G40/><T112/><D112/><U56/><E44/><V100/><F100/><W125/><G125/><T95/><D95/><N who="2" m="36426" /><F3/><N who="3" m="1099" /><G96/><T31/><REACH who="0" step="1"/><D31/><REACH who="0" ten="160,260,250,320" step="2"/><U70/><E30/><V14/><F20/><W65/><G101/><T58/><D58/><U10/><E56/><V91/><F91/><W73/><G21/><T51/><D51/><U50/><E50/><V123/><F123/><W99/><G90/><T23/><D23/><U75/><E70/><V48/><F48/><W116/><G116/><T77/><D77/><U36/><E105/><V34/><F34/><W64/><G78/><T115/><D115/><U74/><E106/><V60/><F60/><W24/><G79/><T67/><D67/><AGARI ba="0,1" hai="8,14,18,53,55,59,61,67,85,89,94" m="36426" machi="67" ten="30,1500,0" yaku="8,1" doraHai="35" who="2" fromWho="0" sc="160,-15,260,0,250,25,320,0" /><INIT seed="2,1,0,0,4,27" ten="145,260,275,320" oya="2" hai0="123,2,108,128,69,129,112,97,96,73,18,99,6" hai1="68,45,30,100,72,23,8,88,81,70,62,67,124" hai2="121,9,29,59,82,22,7,98,104,78,35,91,39" hai3="125,15,122,16,75,60,13,109,134,58,20,132,131"/><V95/><F121/><W66/><G122/><T11/><D73/><U17/><E124/><V101/><F39/><W90/><G125/><T1/><D123/><U34/><E100/><V40/><F40/><W25/><G109/><T65/><D112/><U46/><E70/><V83/><F35/><W86/><G75/><T61/><D108/><U77/><E8/><V80/><F59/><W55/><G131/><T103/><D103/><U127/><E127/><V84/><F22/><W105/><G105/><T37/><D37/><U57/><E68/><V79/><REACH who="2" step="1"/><F29/><REACH who="2" ten="145,260,265,320" step="2"/><W32/><G32/><T94/><D2/><AGARI ba="1,1" hai="2,7,9,78,79,80,82,83,84,91,95,98,101,104" machi="2" ten="40,3900,0" yaku="1,1,2,1,53,0" doraHai="27" doraHaiUra="106" who="2" fromWho="0" sc="145,-42,260,0,265,52,320,0" /><INIT seed="2,2,0,3,2,21" ten="103,260,317,320" oya="2" hai0="37,0,12,56,67,30,107,117,114,132,75,109,22" hai1="116,36,60,2,25,87,131,111,54,130,124,49,44" hai2="129,91,58,118,4,46,133,79,40,35,99,77,29" hai3="73,97,126,105,110,55,94,101,135,11,72,65,51"/><V69/><F69/><W119/><G119/><T15/><D15/><U33/><E2/><V93/><F118/><W28/><G110/><T122/><D56/><U16/><E116/><V13/><F133/><W53/><G135/><T10/><D67/><U1/><E1/><V38/><F129/><N who="1" m="49161" /><E111/><V32/><F32/><W88/><G126/><T125/><D12/><U27/><E124/><V8/><REACH who="2" step="1"/><F58/><REACH who="2" ten="103,260,307,320" step="2"/><W41/><G65/><T134/><D22/><N who="1" m="13511" /><E33/><V100/><F100/><W23/><G101/><T17/><D30/><U108/><E108/><V86/><F86/><W48/><G28/><T31/><D31/><U115/><E115/><V92/><F92/><W24/><G94/><T81/><D81/><U18/><E87/><V71/><F71/><W106/><G23/><T50/><D17/><U76/><E18/><V83/><F83/><W20/><G20/><T70/><D10/><U78/><E27/><AGARI ba="2,1" hai="4,8,13,27,29,35,38,40,46,77,79,91,93,99" machi="27" ten="40,3900,0" yaku="1,1,52,1,53,0" doraHai="21" doraHaiUra="113" who="2" fromWho="1" sc="103,0,260,-45,307,55,320,0" /><INIT seed="2,3,0,2,5,3" ten="103,215,362,320" oya="2" hai0="27,129,82,14,9,135,0,42,90,69,94,64,85" hai1="12,57,113,38,49,109,106,13,4,5,97,91,25" hai2="80,60,101,31,89,1,48,79,99,53,34,20,111" hai3="107,130,95,21,103,62,67,76,88,123,23,26,6"/><V18/><F1/><W115/><G123/><T98/><D129/><U15/><E38/><V96/><F60/><W24/><G130/><T58/><D135/><U72/><E72/><V16/><F34/><W116/><G116/><T92/><D69/><U56/><E113/><V28/><F89/><W47/><G115/><T7/><D42/><U19/><E109/><V10/><F10/><W84/><G76/><T127/><D127/><U121/><E121/><V93/><F99/><W66/><G47/><T120/><D120/><U65/><E106/><V86/><F111/><W37/><G37/><T22/><D64/><U41/><E65/><V78/><F78/><W70/><G67/><T43/><D43/><U126/><E126/><V117/><F117/><W63/><G63/><T119/><D119/><U8/><E8/><V118/><F118/><W112/><G112/><T102/><D58/><N who="1" m="22635" /><E91/><V105/><F105/><W2/><G107/><T59/><D59/><U128/><E97/><V122/><F122/><W32/><G103/><T54/><D54/><U30/><E30/><N who="2" m="11307" /><F20/><W44/><G32/><T36/><D36/><U52/><E41/><V29/><F29/><W35/><G35/><T131/><D131/><U124/><E128/><V74/><F74/><W132/><G23/><T114/><D114/><U100/><E124/><V45/><AGARI ba="3,0" hai="16,18,45,48,53,79,80,86,93,96,101" m="11307" machi="45" ten="30,3000,0" yaku="8,1,54,1" doraHai="3" who="2" fromWho="2" sc="103,-13,215,-13,362,39,320,-13" /><INIT seed="2,4,0,1,0,117" ten="90,202,401,307" oya="2" hai0="109,18,92,129,48,102,46,98,107,120,62,124,133" hai1="108,25,28,68,91,71,132,101,122,14,79,17,60" hai2="84,134,125,115,75,89,32,36,74,65,64,41,43" hai3="81,35,77,27,63,22,38,31,128,83,104,86,24"/><V59/><F115/><W76/><G128/><T0/><D124/><U93/><E101/><V47/><F32/><W85/><G38/><T121/><D129/><U80/><E108/><V61/><F125/><W73/><G104/><T21/><D109/><U1/><E1/><V130/><F130/><W72/><REACH who="3" step="1"/><G63/><REACH who="3" ten="90,202,401,297" step="2"/><T90/><D133/><U70/><E60/><V52/><F134/><W3/><G3/><T13/><D0/><U67/><E132/><V118/><F118/><W39/><G39/><T100/><D62/><U19/><E70/><V56/><F64/><W58/><G58/><T69/><D69/><U97/><E67/><V55/><F65/><W51/><G51/><T16/><D18/><AGARI ba="4,1" hai="18,22,24,27,31,35,72,73,76,77,81,83,85,86" machi="18" ten="30,8000,1" yaku="1,1,7,1,9,1,53,2" doraHai="117" doraHaiUra="23" who="3" fromWho="0" sc="90,-92,202,0,401,0,297,102" owari="-2,-50.0,202,-20.0,401,50.0,399,20.0" /></mjloggm>