<mjloggm ver="2.3"><GO type="41"/><UN n0="%E3%81%A8%E3%82%82%E3%81%BF%E3%82%93%E2%98%86" n1="%6C%69%62%72%61%2D%32%35" n2="%EF%BC%88%E2%89%A7%E2%96%BD%E2%89%A6%EF%BC%89" n3="%6E%65%6D%75%72%69" dan="16,13,14,14" rate="2069,2107,2090,1923" sx="F,M,M,M"/><TAIKYOKU oya="0"/><INIT seed="0,0,0,1,3,81" ten="250,250,250,250" oya="0" hai0="27,31,35,45,109,118,44,47,74,65,89,102,123" hai1="134,129,130,1,78,75,23,119,60,4,9,120,24" hai2="103,20,93,70,55,30,26,53,77,86,42,113,16" hai3="135,33,72,64,6,34,13,3,46,107,100,39,43"/><T124/><D123/><U73/><E120/><V22/><F113/><W131/><G13/><T88/><D118/><U79/><E119/><V0/><F0/><W125/><G125/><T115/><D115/><U28/><E134/><V58/><F70/><W133/><G131/><T111/><D74/><U52/><E75/><V36/><F36/><W59/><G59/><T108/><D124/><U11/><E9/><V29/><F42/><W126/><G64/><T40/><D65/><U122/><E122/><V62/><F55/><W98/><G72/><T48/><D102/><U14/><E1/><V18/><F103/><W19/><G19/><T82/><D82/><U63/><E73/><V15/><F77/><W5/><G126/><T110/><N who="0" m="28160" /><DORA hai="50" /><T104/><D104/><U90/><E129/><V84/><F93/><W128/><G128/><T106/><D106/><U7/><E4/><N who="3" m="1642" /><G3/><T10/><D10/><U57/><E130/><V32/><F30/><W38/><G39/><N who="0" m="21535" /><D45/><U56/><REACH who="1" step="1"/><E90/><REACH who="1" step="2"/><V51/><REACH who="2" step="1"/><F62/><REACH who="2" step="2"/><W61/><G61/><T2/><D2/><U17/><E17/><V97/><F97/><W69/><G135/><T114/><D114/><U112/><E112/><V21/><F21/><W95/><G133/><T41/><AGARI ba="0,2" hai="27,31,35,41,47,48,88,89" m="21535,28160" machi="41" ten="60,11700,0" yaku="14,1,10,1,54,1" doraHai="81,50" who="0" fromWho="0" sc="250,137,240,-39,240,-39,250,-39" /><INIT seed="0,1,0,4,5,93" ten="387,201,201,211" oya="0" hai0="37,103,39,61,106,130,104,11,30,49,82,66,105" hai1="3,21,14,132,99,18,62,47,118,120,53,129,115" hai2="5,126,19,15,31,122,109,125,29,107,55,78,17" hai3="127,76,133,48,94,7,56,38,100,8,119,88,121"/><T0/><D130/><U22/><E120/><V10/><F107/><W36/><G119/><T114/><D114/><U74/><E118/><V64/><F64/><W73/><G121/><T13/><D0/><U43/><E74/><V69/><F69/><W54/><G133/><T28/><D82/><U32/><E115/><V52/><F122/><W33/><G33/><T42/><D103/><U113/><E113/><V135/><F135/><W123/><G123/><T35/><D35/><U101/><E132/><V92/><F78/><W45/><G127/><N who="2" m="48649" /><F109/><W1/><G100/><T84/><D84/><U128/><E3/><N who="2" m="319" /><F92/><W44/><G76/><T68/><D49/><U85/><E85/><V91/><F91/><W111/><G111/><T63/><D61/><U83/><E83/><V12/><F55/><W124/><G73/><T70/><D68/><U71/><E32/><V65/><F65/><W26/><G124/><T41/><D41/><U87/><E87/><V75/><F75/><W27/><G38/><T77/><D77/><U46/><E22/><N who="2" m="11559" /><F52/><W50/><G36/><T112/><D39/><U116/><E116/><V98/><F98/><W60/><G45/><N who="0" m="23759" /><D112/><U24/><E43/><V16/><F19/><W20/><G44/><T34/><D106/><U6/><E71/><V72/><F72/><W79/><G79/><T89/><D105/><U40/><E40/><V97/><F97/><N who="3" m="57543" /><G20/><AGARI ba="1,0" hai="15,16,20,29,31" m="11559,319,48649" machi="20" ten="30,7700,0" yaku="18,1,34,2,54,1" doraHai="93" who="2" fromWho="3" sc="387,0,201,0,201,80,211,-80" /><INIT seed="1,0,0,2,5,71" ten="387,201,281,131" oya="1" hai0="2,68,108,114,28,6,14,19,7,123,35,58,67" hai1="44,97,37,107,45,74,86,130,102,52,104,55,73" hai2="124,38,23,51,47,46,56,110,80,83,132,54,53" hai3="39,16,61,12,99,81,60,77,49,4,95,21,126"/><U24/><E130/><V106/><F106/><W113/><G113/><T75/><D108/><U116/><E116/><V9/><F110/><W78/><G126/><T120/><D114/><U135/><E135/><V85/><F124/><W33/><G33/><T79/><D68/><U127/><E127/><V8/><F132/><W131/><G131/><T90/><D2/><U91/><E107/><V66/><F66/><W69/><G49/><T62/><D90/><U93/><E24/><V122/><F122/><W15/><G69/><T63/><D62/><U87/><E86/><V27/><F38/><W40/><G12/><T43/><D43/><U103/><E102/><V1/><F1/><W117/><G4/><T112/><D112/><U82/><E44/><N who="2" m="16939" /><F54/><W118/><G78/><T29/><D29/><U128/><E128/><V20/><F85/><W109/><G109/><T10/><D28/><U76/><REACH who="1" step="1"/><E74/><REACH who="1" step="2"/><V88/><F27/><W3/><G117/><T70/><D75/><U119/><E119/><V32/><F32/><W50/><G118/><T98/><D35/><U100/><E100/><V121/><F121/><W41/><G99/><T42/><D98/><U64/><E64/><V84/><F80/><W129/><G81/><T105/><D67/><U72/><E72/><V0/><F0/><W94/><G3/><T26/><D105/><U57/><E57/><V11/><AGARI ba="0,1" hai="8,9,11,20,23,51,53,56,83,84,88" m="16939" machi="11" ten="30,2000,0" yaku="8,1,54,1" doraHai="71" who="2" fromWho="2" sc="387,-5,191,-10,281,30,131,-5" /><INIT seed="2,0,0,4,5,47" ten="382,181,311,126" oya="2" hai0="3,58,21,45,99,120,69,116,9,8,0,46,39" hai1="112,62,41,1,108,49,60,95,72,15,119,61,16" hai2="76,18,94,2,134,77,127,97,117,82,32,86,68" hai3="65,73,122,132,107,12,7,53,128,33,80,129,26"/><V38/><F32/><W90/><G122/><T34/><D120/><U93/><E119/><V23/><F117/><W74/><G107/><T133/><D69/><U51/><E112/><V22/><F127/><W64/><G132/><T43/><D133/><U79/><E1/><V111/><F134/><W101/><G101/><T37/><D34/><U121/><E121/><V113/><F113/><W57/><G33/><T92/><D116/><U48/><E108/><V123/><F123/><W89/><G26/><T5/><D58/><U50/><E72/><N who="3" m="27754" /><G12/><T44/><D21/><N who="1" m="11423" /><E79/><V59/><F2/><W66/><G7/><T11/><D5/><U63/><E63/><V75/><F68/><W36/><G36/><T29/><D29/><U124/><E124/><V20/><F38/><W25/><G25/><T27/><D27/><U10/><E10/><V118/><F118/><W30/><G80/><T17/><D3/><U102/><E102/><N who="2" m="60727" /><F111/><W42/><G30/><T78/><D78/><U87/><E87/><V115/><F115/><W110/><G110/><T52/><D0/><U109/><E109/><V13/><F59/><W14/><G14/><T135/><D39/><U83/><E83/><N who="2" m="45471" /><F22/><W131/><G42/><T88/><D37/><U125/><E125/><V6/><F23/><W91/><G57/><T54/><D135/><U56/><E49/><V96/><F6/><W40/><G40/><T67/><D43/><U104/><E104/><V81/><F81/><W114/><G114/><T24/><D67/><N who="3" m="17153" /><W4/><DORA hai="103" /><G4/><T71/><D71/><U105/><E105/><V126/><F126/><RYUUKYOKU ba="0,0" sc="382,10,181,-30,311,10,126,10" hai0="8,9,11,17,24,44,45,46,52,54,88,92,99" hai2="13,18,20,77,82,86,96" hai3="53,89,90,91,128,129,131" /><INIT seed="2,1,0,0,4,97" ten="392,151,321,136" oya="2" hai0="88,102,109,81,76,59,87,1,33,93,28,135,72" hai1="58,130,99,127,29,19,51,122,131,118,68,12,82" hai2="80,117,25,34,30,126,3,116,26,37,45,96,71" hai3="56,78,111,6,4,46,65,55,27,20,17,10,43"/><V40/><F126/><W32/><G111/><T42/><D109/><U73/><E118/><V103/><F3/><W44/><G65/><T35/><D135/><U36/><E127/><V106/><F80/><W69/><G69/><T39/><D28/><U8/><E68/><V104/><F104/><W108/><G108/><T48/><D39/><U84/><E73/><V92/><F92/><W24/><G78/><T0/><D0/><U47/><E36/><V120/><F120/><W74/><G74/><T11/><D11/><U77/><E29/><V14/><F25/><W49/><G44/><T123/><D1/><U60/><E122/><V75/><F75/><W107/><G107/><T115/><D115/><U121/><E121/><V91/><F91/><W94/><G94/><T134/><D134/><U15/><E12/><V125/><F125/><W23/><G32/><T101/><D123/><U5/><E19/><V114/><F114/><W21/><G10/><T57/><D57/><U79/><E77/><V31/><F31/><W61/><REACH who="3" step="1"/><G23/><REACH who="3" step="2"/><T113/><D113/><U112/><E112/><V89/><F89/><W90/><G90/><T119/><D35/><U54/><REACH who="1" step="1"/><E99/><REACH who="1" step="2"/><V133/><F133/><W41/><G41/><AGARI ba="1,2" hai="5,8,15,41,47,51,54,58,60,79,82,84,130,131" machi="41" ten="40,8000,1" yaku="1,1,2,1,25,2,53,0" doraHai="97" doraHaiUra="110" who="1" fromWho="3" sc="392,0,141,103,321,0,126,-83" /><INIT seed="3,0,0,5,2,132" ten="392,244,321,43" oya="3" hai0="125,47,22,29,62,112,123,85,131,67,130,45,21" hai1="80,1,49,78,64,110,27,87,25,77,40,51,128" hai2="90,66,17,116,48,13,92,24,41,81,0,6,65" hai3="20,89,115,113,108,16,26,19,18,60,119,74,56"/><W126/><G74/><T79/><D123/><U100/><E1/><V63/><F116/><W124/><G119/><T36/><D112/><U120/><E120/><V99/><F0/><W127/><G108/><T135/><D135/><U109/><E128/><V70/><F70/><W10/><G89/><T14/><D22/><U133/><E133/><V28/><F6/><W76/><G76/><T96/><D96/><U94/><E64/><V53/><F63/><W75/><G75/><T9/><D47/><U71/><E71/><V114/><F114/><N who="3" m="43531" /><G10/><T105/><D105/><U44/><E51/><V3/><F3/><W117/><G117/><T2/><D2/><U58/><E58/><V82/><F41/><W23/><G26/><T43/><D21/><U97/><REACH who="1" step="1"/><E77/><REACH who="1" step="2"/><V33/><F66/><AGARI ba="0,1" hai="16,18,19,20,23,56,60,66,124,126,127" m="43531" machi="66" ten="40,12000,1" yaku="18,1,52,3,54,1" doraHai="132" who="3" fromWho="2" sc="392,0,234,0,321,-120,43,130" /><INIT seed="3,1,0,5,0,111" ten="392,234,201,173" oya="3" hai0="135,24,60,49,23,102,6,117,52,22,119,74,128" hai1="103,42,50,58,91,59,1,10,18,45,105,75,127" hai2="56,121,30,34,116,101,39,80,63,4,29,32,70" hai3="68,92,110,2,97,33,83,65,114,85,7,100,108"/><W84/><G33/><T69/><D74/><U31/><E75/><V40/><F116/><W15/><G2/><T81/><D23/><U133/><E127/><V26/><F70/><W16/><G7/><T21/><D22/><U12/><E1/><V71/><F71/><W86/><G114/><T93/><D81/><U64/><E31/><V67/><F121/><W118/><G118/><T3/><D128/><U41/><E133/><V109/><F109/><N who="3" m="42091" /><G65/><T36/><D36/><U132/><E132/><V48/><F4/><W0/><G0/><T87/><D135/><U107/><E42/><V106/><F39/><W120/><G120/><T51/><D51/><U99/><E107/><V35/><F80/><W28/><G28/><T123/><D123/><U19/><E18/><V77/><F77/><N who="3" m="46191" /><G68/><T20/><D20/><AGARI ba="1,0" hai="15,16,20,85,86,92,97,100" m="46191,42091" machi="20" ten="30,5800,0" yaku="14,1,10,1,54,1" doraHai="111" who="3" fromWho="0" sc="392,-61,234,0,201,0,173,61" /><INIT seed="3,2,0,4,4,51" ten="331,234,201,234" oya="3" hai0="59,99,11,107,58,126,64,92,104,24,55,119,75" hai1="78,4,123,102,49,135,63,130,21,42,97,31,10" hai2="34,94,85,20,76,14,1,125,121,73,70,133,12" hai3="105,44,66,122,120,65,15,69,37,30,22,27,61"/><W54/><G105/><T17/><D75/><U57/><E123/><V32/><F1/><W26/><G66/><T9/><D119/><U83/><E130/><V91/><F70/><W96/><G15/><T128/><D126/><U72/><E135/><V33/><F133/><W48/><G48/><BYE who="3" /><T89/><D128/><U93/><E42/><V127/><F121/><W45/><G45/><T18/><D107/><U90/><E90/><V68/><F68/><W38/><G38/><T109/><D104/><U41/><E41/><V16/><REACH who="2" step="1"/><F12/><REACH who="2" step="2"/><W0/><G0/><T19/><D109/><UN n3="%6E%65%6D%75%72%69" /><U79/><E79/><V35/><N who="2" m="8704" /><DORA hai="25" /><V7/><F7/><W86/><G120/><T95/><D24/><N who="1" m="16783" /><E4/><V8/><F8/><W81/><G27/><T134/><D11/><U52/><E10/><V46/><F46/><W103/><G122/><T67/><D9/><U71/><E71/><V129/><F129/><W77/><G44/><T39/><D134/><U56/><E78/><V53/><F53/><W43/><G43/><T110/><D110/><U106/><E72/><V6/><F6/><W80/><G54/><T47/><D55/><U115/><E115/><V84/><F84/><W50/><G86/><T113/><D47/><U13/><E13/><V36/><F36/><W40/><G37/><T62/><D39/><U111/><E111/><V114/><F114/><W131/><G77/><T28/><D113/><U124/><E124/><V108/><F108/><W101/><G131/><T112/><D112/><U5/><E5/><V117/><F117/><W98/><G40/><T2/><D2/><RYUUKYOKU ba="2,1" sc="331,-10,234,-10,191,30,234,-10" hai2="14,16,20,73,76,85,91,94,125,127" /><INIT seed="4,3,1,2,5,89" ten="321,224,221,224" oya="0" hai0="121,33,87,11,7,19,39,25,61,103,16,42,99" hai1="15,130,100,71,4,111,127,8,9,66,86,51,12" hai2="3,115,60,96,102,43,53,62,46,76,31,73,84" hai3="21,132,94,85,10,81,57,40,95,63,69,125,2"/><T6/><D121/><U88/><E111/><V27/><F3/><W112/><G69/><T37/><D87/><U44/><E127/><V5/><F115/><W77/><G125/><T120/><D120/><U109/><E109/><V67/><F5/><W129/><G112/><T32/><D61/><U113/><E113/><V70/><F73/><W105/><G105/><T78/><D78/><U74/><E74/><V58/><F84/><W126/><G126/><T82/><D82/><U108/><E108/><V134/><F76/><W93/><G132/><T20/><D42/><U98/><E130/><V83/><F83/><W24/><G129/><T65/><D65/><U59/><E71/><V47/><F43/><W90/><G40/><T64/><D64/><U56/><E66/><V29/><F134/><W0/><G77/><T131/><D131/><U135/><E135/><V49/><F49/><W116/><G116/><T52/><D19/><U92/><E44/><V122/><F29/><W128/><G128/><T41/><D41/><U26/><E26/><V72/><F72/><W91/><G90/><T38/><D7/><U118/><E118/><V97/><F122/><W114/><G114/><T80/><D80/><N who="1" m="49223" /><E51/><V34/><F97/><W104/><G63/><T119/><D119/><U14/><E12/><V54/><F54/><W45/><G45/><T101/><D52/><U48/><E48/><V18/><F18/><AGARI ba="3,1" hai="4,8,9,14,15,18,56,59,92,98,100" m="49223" machi="18" ten="30,3900,0" yaku="8,1,52,1,54,1" doraHai="89" who="1" fromWho="2" sc="321,0,224,58,221,-48,224,0" /><INIT seed="5,0,0,0,4,5" ten="321,282,173,224" oya="1" hai0="84,53,25,0,42,29,43,125,76,47,12,135,57" hai1="113,23,20,98,83,67,82,72,41,121,39,115,54" hai2="124,38,31,48,101,122,86,103,45,9,34,80,26" hai3="126,105,70,46,32,81,99,4,69,123,24,111,88"/><U93/><E121/><V74/><F122/><W94/><G123/><T66/><D0/><U8/><E67/><V16/><F124/><W2/><G111/><T107/><D107/><U62/><E39/><V134/><F38/><W116/><G126/><T127/><D135/><U90/><E41/><V44/><F74/><W85/><G105/><T3/><D3/><U95/><E93/><V51/><F134/><W56/><G46/><T28/><D12/><U119/><E119/><V19/><F19/><W13/><G2/><T108/><D66/><U128/><E128/><V14/><F45/><W64/><G116/><T6/><D6/><U37/><E37/><V71/><F71/><W96/><G96/><T36/><D43/><U35/><E35/><V63/><F63/><W77/><G56/><T106/><D106/><U114/><E72/><V130/><F130/><W109/><G109/><T10/><D108/><U102/><E62/><V58/><F58/><W60/><G70/><T55/><D55/><U118/><E54/><N who="2" m="29959" /><F51/><W52/><G52/><T132/><D132/><U131/><E118/><V120/><F120/><W78/><G32/><T97/><D42/><U15/><E131/><V73/><F73/><W33/><G33/><T1/><D53/><U22/><E102/><V49/><F49/><W40/><G40/><T112/><D36/><U21/><N who="1" m="5632" /><DORA hai="18" /><U50/><REACH who="1" step="1"/><E50/><REACH who="1" step="2"/><V79/><F103/><W110/><G110/><T129/><D129/><U87/><E87/><V92/><F101/><W7/><G85/><T30/><D127/><U104/><E104/><V91/><F92/><RYUUKYOKU ba="0,1" sc="321,-15,272,15,173,15,224,-15" hai1="8,15,82,83,90,95,98,113,114,115" hai2="9,14,16,26,31,34,79,80,86,91" /><INIT seed="5,1,1,0,3,128" ten="306,287,188,209" oya="1" hai0="97,100,45,109,135,15,76,99,13,113,26,60,1" hai1="2,77,81,98,54,30,11,101,61,95,111,131,50" hai2="75,7,53,0,57,18,115,42,5,10,92,66,47" hai3="3,94,124,119,52,9,49,19,29,88,83,48,4"/><U43/><E131/><V37/><F75/><W102/><G124/><T35/><D1/><U17/><E30/><V114/><F66/><W78/><G29/><T22/><D35/><U56/><E111/><V120/><F120/><W85/><G119/><T130/><D130/><U133/><E2/><V27/><F92/><W70/><G70/><T16/><D113/><N who="2" m="43018" /><F7/><W33/><G33/><T31/><D109/><U134/><E11/><V8/><F8/><W38/><G38/><T51/><D13/><U126/><E17/><V12/><F27/><W90/><G102/><T82/><D60/><U63/><E126/><V39/><F39/><W14/><G49/><T117/><D117/><U107/><E107/><V58/><F53/><W106/><G106/><T46/><D46/><U93/><E95/><V84/><F84/><W104/><G104/><T74/><D100/><U118/><E118/><V89/><F89/><W25/><G25/><T40/><D99/><U121/><E121/><V127/><F127/><W20/><REACH who="3" step="1"/><G94/><REACH who="3" step="2"/><T122/><D122/><U28/><E28/><V79/><F79/><W112/><G112/><T23/><D97/><U34/><E34/><V110/><F110/><W96/><G96/><T87/><D74/><U129/><E129/><V116/><F116/><W32/><G32/><T44/><D31/><U55/><E63/><V36/><F36/><W123/><G123/><T72/><D72/><U125/><E125/><V71/><F71/><W91/><G91/><T6/><D26/><U67/><E93/><V73/><F73/><W86/><G86/><T62/><D87/><RYUUKYOKU ba="1,2" sc="306,-15,287,-15,188,15,199,15" hai2="0,5,10,12,18,37,42,47,57,58" hai3="3,4,9,14,19,20,48,52,78,83,85,88,90" /><INIT seed="6,2,2,1,1,99" ten="291,272,203,214" oya="2" hai0="49,28,4,17,129,27,14,85,8,77,33,25,50" hai1="30,86,80,83,32,18,122,97,2,108,11,114,107" hai2="44,127,19,46,22,7,115,0,45,35,94,65,118" hai3="116,130,57,126,106,95,75,91,113,69,54,10,21"/><V34/><F118/><W103/><G116/><T73/><D129/><U63/><E108/><V60/><F127/><W24/><G126/><T51/><D73/><U74/><E74/><V23/><F115/><W88/><G69/><T48/><D25/><U36/><E36/><V110/><F110/><W66/><G66/><T43/><D51/><U62/><E83/><V117/><F117/><W82/><G130/><T102/><D17/><U20/><E114/><V1/><F94/><W53/><G113/><T3/><D3/><U59/><E32/><V84/><F84/><N who="3" m="52615" /><G91/><T31/><D28/><U64/><E30/><V128/><F128/><W98/><G10/><T56/><D56/><U123/><E63/><V67/><F7/><W68/><G57/><T6/><D4/><U15/><E2/><N who="2" m="1131" /><F19/><N who="3" m="12351" /><G68/><T81/><REACH who="0" step="1"/><D102/><REACH who="0" step="2"/><U26/><E123/><V52/><F60/><W134/><G134/><T58/><D58/><U135/><E122/><V9/><F9/><W71/><G71/><T93/><D93/><U72/><E72/><V131/><F131/><W119/><G119/><T132/><D132/><U41/><E135/><V133/><F133/><W111/><G111/><T61/><D61/><U100/><E26/><V109/><F109/><W125/><G125/><T89/><D89/><N who="1" m="51399" /><E11/><V104/><F35/><W87/><G87/><T47/><AGARI ba="2,3" hai="6,8,14,27,31,33,43,47,48,49,50,77,81,85" machi="47" ten="30,7900,0" yaku="1,1,0,1,25,2,53,0" doraHai="99" doraHaiUra="12" who="0" fromWho="0" sc="281,115,272,-22,203,-41,214,-22" /><INIT seed="7,0,0,5,0,71" ten="396,250,162,192" oya="3" hai0="48,135,11,42,67,72,60,132,97,134,22,91,96" hai1="18,53,37,15,24,49,105,63,28,38,111,33,12" hai2="45,16,123,113,6,82,31,20,108,58,50,118,130" hai3="17,25,23,27,21,119,14,19,73,133,114,5,93"/><W126/><G93/><T26/><D72/><U7/><E111/><V98/><F118/><W46/><G73/><T68/><D11/><U87/><E105/><V94/><F108/><W129/><G46/><N who="0" m="25687" /><D91/><U124/><E124/><V9/><F113/><W56/><G56/><T122/><D122/><U8/><E63/><V1/><F130/><W80/><G80/><T13/><D13/><U109/><E109/><V66/><F123/><W78/><G78/><T92/><D92/><U2/><E15/><V89/><F82/><W61/><G61/><T120/><D120/><U116/><E87/><V103/><F31/><AGARI ba="0,0" hai="22,26,31,60,67,68,96,97,132,134,135" m="25687" machi="31" ten="30,1000,0" yaku="20,1" doraHai="71" who="0" fromWho="2" sc="396,10,250,0,162,-10,192,0" owari="406,51,250,5,152,-35,192,-21" /></mjloggm>