<mjloggm ver="2.3"><GO type="169" lobby="0"/><UN n0="%6D%61%63%6A%72" n1="%72%6F%63%6F" n2="%E3%81%84%E3%81%AC%E3%81%98%E3%82%83%E3%82%89%E3%81%97" n3="%EF%BC%88%E2%89%A7%E2%96%BD%E2%89%A6%EF%BC%89" dan="16,16,17,19" rate="2077.15,2088.02,2156.91,2280.91" sx="F,M,M,M"/><TAIKYOKU oya="0"/><INIT seed="0,0,0,1,3,12" ten="250,250,250,250" oya="0" hai0="29,30,92,13,102,126,38,68,70,37,5,46,44" hai1="56,124,81,77,53,66,131,128,100,134,117,8,80" hai2="25,120,59,45,15,94,89,34,109,0,7,14,105" hai3="47,129,65,87,41,132,115,27,99,103,1,18,118"/><T21/><D126/><U19/><E117/><V69/><F105/><W84/><G118/><T71/><D102/><U55/><E124/><V76/><F69/><W40/><G115/><T23/><D92/><U114/><E100/><V2/><F120/><W54/><G1/><T85/><D85/><U31/><E31/><N who="0" m="11785" /><D13/><N who="1" m="7591" /><E114/><V101/><F14/><W62/><G103/><T110/><D5/><U72/><E81/><V4/><F15/><W91/><G99/><T6/><D6/><U121/><E121/><V111/><F25/><W135/><G87/><T39/><D110/><U32/><E32/><V133/><F34/><W61/><G84/><T119/><D119/><U63/><E134/><V107/><F7/><W51/><G91/><T73/><D73/><U82/><E82/><V58/><F89/><W86/><G86/><T106/><D106/><U10/><E10/><V26/><F4/><W123/><G123/><T20/><AGARI ba="0,0" hai="20,21,23,37,38,39,44,46,68,70,71" m="11785" machi="20" ten="50,12000,1" yaku="29,2,28,2" doraHai="12" who="0" fromWho="0" sc="250,120,250,-40,250,-40,250,-40" /><INIT seed="0,1,0,5,1,29" ten="370,210,210,210" oya="0" hai0="20,0,95,34,63,134,112,96,56,124,88,93,108" hai1="8,67,55,94,39,33,49,57,60,99,16,89,43" hai2="15,114,135,110,122,127,131,58,111,4,21,50,77" hai3="103,12,10,35,28,17,31,79,22,66,113,92,75"/><T30/><D112/><U65/><E33/><V82/><F122/><W18/><G113/><T48/><D0/><U83/><E83/><V24/><F114/><W51/><G66/><T69/><D134/><U54/><E39/><V97/><F135/><W19/><G75/><T129/><D129/><U101/><E43/><V53/><F131/><W105/><G105/><T130/><D124/><U126/><E126/><V84/><F127/><W46/><G79/><T86/><D130/><U70/><E70/><V90/><F15/><W133/><G133/><T98/><D108/><N who="2" m="41514" /><F4/><N who="3" m="3143" /><G22/><T27/><D69/><U118/><E118/><V68/><F68/><W115/><G35/><T116/><D116/><U121/><E121/><V76/><F97/><N who="3" m="59815" /><G115/><T120/><D120/><U123/><E123/><V7/><F7/><W125/><G125/><T6/><D6/><U128/><E128/><V41/><F41/><AGARI ba="1,0" hai="17,18,19,28,31,41,46,51" m="59815,3143" machi="41" ten="30,1000,0" yaku="8,1" doraHai="29" who="3" fromWho="2" sc="370,0,210,0,210,-13,210,13" /><INIT seed="1,0,0,1,2,71" ten="370,210,197,223" oya="1" hai0="105,66,109,37,77,123,69,97,78,30,48,98,27" hai1="26,116,9,58,112,42,52,8,32,15,110,49,75" hai2="68,16,91,18,59,46,4,6,31,79,135,51,55" hai3="29,73,10,60,63,94,13,38,104,90,34,2,124"/><U82/><E112/><V61/><F68/><W3/><G104/><T108/><D123/><U125/><E116/><V132/><F79/><N who="0" m="30218" /><D105/><U93/><E75/><V134/><F31/><W33/><G73/><T14/><D37/><U113/><E113/><V86/><F4/><W99/><G38/><T128/><D128/><U57/><E82/><V100/><F100/><W21/><G124/><T7/><D48/><U40/><E125/><V114/><F6/><W107/><G107/><T67/><D14/><U20/><E32/><V72/><F72/><W117/><G117/><T102/><D7/><U39/><E110/><V111/><F111/><W25/><G34/><T80/><D80/><U103/><E39/><V44/><F114/><W121/><G121/><T122/><D97/><N who="1" m="59823" /><E58/><V56/><F56/><W119/><G119/><T53/><D69/><U70/><E70/><V89/><F46/><W1/><REACH who="3" step="1"/><G33/><REACH who="3" ten="370,210,197,213" step="2"/><N who="0" m="20703" /><D122/><U129/><E129/><V22/><F135/><W19/><AGARI ba="0,1" hai="1,2,3,10,13,19,21,25,29,60,63,90,94,99" machi="19" ten="30,4000,0" yaku="1,1,0,1,53,1" doraHai="71" doraHaiUra="17" who="3" fromWho="3" sc="370,-10,210,-20,197,-10,213,50" /><INIT seed="2,0,0,2,2,6" ten="360,190,187,263" oya="2" hai0="90,5,19,12,96,111,47,126,13,38,37,123,46" hai1="63,100,132,53,85,31,51,118,106,54,101,39,32" hai2="25,135,95,68,116,78,34,84,121,62,70,30,88" hai3="115,92,130,42,2,66,80,105,134,44,22,16,1"/><V35/><F121/><W61/><G105/><T15/><D123/><U86/><E118/><V79/><F116/><W40/><G134/><T114/><D114/><U74/><E39/><V0/><F135/><W59/><G130/><T98/><D111/><U102/><E132/><V21/><F0/><W11/><G115/><T99/><D126/><U64/><E74/><V107/><F107/><W67/><G67/><T125/><D125/><U45/><E106/><V133/><F133/><W81/><G92/><T119/><D119/><U23/><E32/><V124/><F124/><W4/><G1/><T112/><D112/><U55/><E31/><V41/><F41/><W77/><G77/><T58/><D5/><U87/><REACH who="1" step="1"/><E23/><REACH who="1" ten="360,180,187,263" step="2"/><V14/><F35/><W17/><G22/><T8/><D37/><U113/><E113/><V89/><F34/><W69/><G69/><AGARI ba="0,1" hai="45,51,53,54,55,63,64,69,85,86,87,100,101,102" machi="69" ten="40,1300,0" yaku="1,1,53,0" doraHai="6" doraHaiUra="104" who="1" fromWho="3" sc="360,0,180,23,187,0,263,-13" /><INIT seed="3,0,0,5,5,86" ten="360,203,187,250" oya="3" hai0="70,41,49,69,12,76,71,131,24,28,113,119,44" hai1="9,74,101,58,56,13,52,10,123,45,59,100,15" hai2="84,68,4,46,112,33,81,124,91,57,48,20,3" hai3="115,129,50,111,16,133,39,29,26,132,1,61,2"/><W96/><G39/><T109/><D119/><U25/><E74/><V93/><F68/><W8/><G115/><T11/><D109/><U94/><E123/><V5/><F112/><W125/><G61/><T0/><D113/><U126/><E126/><V110/><F33/><N who="3" m="20663" /><G50/><T122/><D122/><U108/><E108/><V85/><F110/><W107/><G96/><T21/><D131/><U118/><E25/><V87/><F3/><N who="3" m="1035" /><G107/><T14/><D76/><U99/><E118/><V98/><F124/><W37/><G37/><T18/><D0/><U97/><E45/><V95/><F57/><W38/><G38/><T90/><D14/><U32/><E32/><V31/><F95/><W104/><G104/><T6/><REACH who="0" step="1"/><D90/><REACH who="0" ten="350,203,187,250" step="2"/><U51/><E15/><V23/><F81/><W82/><G82/><T30/><AGARI ba="0,1" hai="6,11,12,18,21,24,28,30,41,44,49,69,70,71" machi="30" ten="40,5200,0" yaku="1,1,2,1,0,1,53,0" doraHai="86" doraHaiUra="73" who="0" fromWho="0" sc="350,62,203,-13,187,-13,250,-26" /><INIT seed="4,0,0,4,1,75" ten="412,190,174,224" oya="0" hai0="55,83,132,28,56,81,87,47,25,4,90,111,31" hai1="96,114,118,39,6,125,34,51,52,131,43,77,85" hai2="104,78,14,19,13,74,59,117,60,71,134,53,37" hai3="27,29,16,123,32,20,130,80,44,69,48,116,68"/><T62/><D132/><U76/><E118/><V1/><F1/><W5/><G116/><T15/><D111/><U98/><E34/><V97/><F117/><W103/><G130/><T21/><D47/><U3/><E131/><V41/><F134/><W124/><G124/><T82/><D28/><U40/><E125/><V26/><F71/><W11/><G103/><T72/><D72/><U102/><E39/><V73/><F26/><W135/><G80/><T33/><D33/><U50/><E51/><V84/><F14/><W70/><G123/><T23/><D23/><U113/><E3/><V122/><F122/><W119/><G119/><T106/><D106/><U88/><E6/><V105/><F84/><W126/><G126/><T86/><D87/><U121/><E121/><V89/><F89/><W94/><G94/><T79/><D90/><U38/><E38/><V112/><F112/><N who="1" m="43113" /><E43/><V100/><F105/><W2/><G135/><T58/><D58/><N who="1" m="33047" /><E40/><V99/><F41/><W49/><REACH who="3" step="1"/><G44/><REACH who="3" ten="412,190,174,214" step="2"/><T8/><AGARI ba="0,1" hai="4,8,15,21,25,31,55,56,62,79,81,82,83,86" machi="8" ten="30,6000,0" yaku="0,1,8,1,52,1" doraHai="75" who="0" fromWho="0" sc="412,70,190,-20,174,-20,214,-20" /><INIT seed="4,1,0,4,3,88" ten="482,170,154,194" oya="0" hai0="133,72,101,38,27,125,93,40,118,115,58,108,116" hai1="67,126,48,135,41,1,22,70,54,76,36,124,6" hai2="122,12,30,52,78,107,87,94,83,86,74,45,102" hai3="14,110,109,59,62,119,26,47,46,57,103,32,7"/><T84/><D72/><U16/><E76/><V100/><F122/><W82/><G119/><T9/><D38/><U97/><E36/><V13/><F107/><W80/><G103/><N who="2" m="39465" /><F74/><W44/><G32/><T65/><D40/><U69/><E41/><V39/><F39/><W68/><G26/><T4/><D115/><U34/><E34/><V11/><F30/><W35/><G35/><T43/><D43/><U117/><E117/><V51/><F11/><W105/><G105/><T63/><D108/><U79/><E79/><V85/><F85/><W127/><G68/><T2/><D125/><N who="1" m="48235" /><E135/><V42/><F42/><W106/><G106/><T50/><D133/><U20/><E97/><V19/><F19/><W131/><G127/><T64/><D116/><U8/><E22/><V129/><F129/><W10/><G131/><T31/><D84/><U121/><E121/><V95/><F86/><W53/><G110/><T75/><D75/><U0/><E0/><V24/><F24/><W29/><G109/><T99/><D118/><U56/><E67/><V81/><F81/><W28/><G82/><T37/><D65/><U90/><E90/><V89/><F78/><W120/><G80/><T49/><D37/><U96/><E96/><V98/><F98/><W55/><G120/><T128/><D128/><U60/><E60/><AGARI ba="1,0" hai="7,10,14,28,29,44,46,47,53,55,57,59,60,62" machi="60" ten="40,2600,0" yaku="9,1,8,1" doraHai="88" who="3" fromWho="1" sc="482,0,170,-29,154,0,194,29" /><INIT seed="5,0,0,5,4,65" ten="482,141,154,223" oya="1" hai0="134,105,94,0,119,27,18,26,76,114,55,116,45" hai1="82,72,59,48,75,77,64,87,107,42,11,67,97" hai2="83,56,50,100,71,88,126,111,133,40,125,15,54" hai3="36,25,52,37,47,39,135,60,1,19,30,78,127"/><U96/><E75/><V24/><F111/><W61/><G1/><T115/><D105/><U95/><E107/><V49/><F100/><W46/><G135/><T102/><D0/><U92/><E72/><V63/><F133/><W34/><G127/><N who="2" m="48649" /><F24/><N who="0" m="9258" /><D76/><U86/><E86/><N who="2" m="50271" /><F40/><W22/><G78/><T4/><D4/><U123/><E123/><V130/><F130/><W51/><G46/><T121/><D18/><U14/><E42/><V9/><F71/><W80/><G80/><T31/><D31/><U44/><E59/><V5/><AGARI ba="0,0" hai="5,9,15,49,50,54,56,63" m="50271,48649" machi="5" ten="30,2000,0" yaku="18,1,54,1" doraHai="65" who="2" fromWho="2" sc="482,-5,141,-10,154,20,223,-5" /><INIT seed="6,0,0,1,4,49" ten="477,131,174,218" oya="2" hai0="78,103,0,43,95,113,1,89,3,2,117,10,32" hai1="112,110,27,128,115,28,4,45,107,118,92,46,102" hai2="72,33,37,98,5,22,105,23,13,111,38,29,109" hai3="24,101,58,80,61,41,121,87,96,20,119,90,130"/><V56/><F72/><W39/><G121/><T59/><D32/><U114/><E110/><N who="2" m="41995" /><F33/><W40/><G130/><T16/><D78/><U66/><E118/><V14/><F56/><W99/><G39/><N who="2" m="14857" /><F5/><W77/><G77/><T55/><D113/><N who="1" m="28931" /><U68/><DORA hai="8" /><E128/><V57/><F57/><W93/><G99/><T126/><D43/><U132/><E132/><V65/><F65/><N who="3" m="39095" /><G119/><T64/><D64/><U17/><E4/><V7/><F7/><W35/><G35/><T123/><D123/><U62/><E107/><V104/><F29/><AGARI ba="0,0" hai="20,24,29,40,41,80,87,90,93,96,101" m="39095" machi="29" ten="30,2000,0" yaku="25,1,8,1" doraHai="49,8" who="3" fromWho="2" sc="477,0,131,0,174,-20,218,20" /><INIT seed="7,0,0,5,3,1" ten="477,131,154,238" oya="3" hai0="48,127,6,38,135,126,116,43,134,74,22,29,93" hai1="53,31,68,54,41,92,90,21,5,66,83,12,69" hai2="33,4,73,119,62,45,111,77,106,3,7,124,10" hai3="99,52,34,133,86,0,97,15,87,70,32,28,112"/><W14/><G0/><T96/><D38/><U128/><E128/><V132/><F111/><W50/><G70/><T64/><D74/><U47/><E69/><V84/><F119/><W113/><G50/><T55/><D43/><U2/><E2/><V75/><F106/><W72/><G72/><T129/><D6/><U51/><E68/><V105/><F105/><W125/><G28/><T18/><D64/><U63/><E63/><V120/><F33/><W60/><G60/><T100/><D116/><U121/><E121/><V58/><F124/><N who="0" m="47658" /><D129/><U109/><E109/><V19/><F7/><W36/><G36/><T98/><D98/><U17/><E66/><V40/><F132/><W71/><G71/><T57/><D29/><U130/><E130/><V13/><F84/><W24/><G24/><AGARI ba="0,0" hai="18,22,24,48,55,57,93,96,100,134,135" m="47658" machi="24" ten="30,1000,0" yaku="18,1" doraHai="1" who="0" fromWho="3" sc="477,10,131,0,154,0,238,-10" owari="487,59.0,131,-37.0,154,-25.0,228,3.0" /></mjloggm>