<mjloggm ver="2.3"><GO type="41"/><UN n0="%EF%BC%88%E2%89%A7%E2%96%BD%E2%89%A6%EF%BC%89" n1="%E9%8A%83%E5%BC%BE%E3%81%AE%E9%9B%A8" n2="%E6%AD%A9%E3%81%8F" n3="%54%4B%54%4D" dan="15,15,14,14" rate="2025,2083,1942,1888" sx="M,M,M,M"/><TAIKYOKU oya="0"/><INIT seed="0,0,0,1,2,65" ten="250,250,250,250" oya="0" hai0="107,111,91,125,134,5,117,126,123,101,77,16,47" hai1="114,129,51,115,25,22,116,59,23,99,76,79,36" hai2="106,44,46,24,90,27,8,11,7,52,86,2,53" hai3="60,64,3,120,61,110,119,69,82,73,39,9,48"/><T87/><D117/><U40/><E116/><V38/><F106/><W81/><G119/><T105/><D5/><U108/><E36/><V135/><F135/><W30/><G39/><T31/><D123/><U14/><E108/><V113/><F113/><N who="1" m="43017" /><E129/><V20/><F8/><W37/><G37/><T0/><D0/><U122/><E122/><V133/><F133/><W128/><G120/><T32/><D134/><U94/><E14/><V54/><F38/><W132/><G132/><T12/><D111/><U43/><E23/><V29/><REACH who="2" step="1"/><F24/><REACH who="2" ten="250,250,240,250" step="2"/><W49/><G9/><T71/><D107/><U80/><E25/><V95/><AGARI ba="0,1" hai="2,7,11,20,27,29,44,46,52,53,54,86,90,95" machi="95" ten="30,7900,0" yaku="1,1,2,1,0,1,54,1,53,0" doraHai="65" doraHaiUra="74" who="2" fromWho="2" sc="250,-39,250,-20,240,89,250,-20" /><INIT seed="1,0,0,1,4,30" ten="211,230,329,230" oya="1" hai0="76,122,87,58,86,9,44,35,28,46,1,26,119" hai1="93,95,3,2,120,61,51,99,104,25,0,67,130" hai2="15,84,21,116,88,109,65,20,10,100,17,29,56" hai3="34,75,131,31,123,78,115,63,50,60,40,71,107"/><U83/><E120/><V53/><F116/><W8/><G123/><T66/><D119/><U14/><E130/><V13/><F109/><W121/><G121/><T106/><D106/><U110/><E110/><V70/><F100/><W6/><G115/><T41/><D122/><U90/><E104/><V124/><F124/><W125/><G131/><T132/><D132/><U79/><E95/><V27/><F70/><W19/><G107/><T54/><D66/><U68/><E25/><V73/><F73/><W5/><G5/><T11/><D1/><U114/><E114/><V48/><F65/><W133/><G133/><T49/><D46/><U127/><E127/><V45/><F45/><W128/><G128/><T69/><D69/><U108/><E108/><V52/><F53/><W94/><G125/><T96/><D96/><U101/><E14/><V117/><F117/><W80/><G94/><T126/><D126/><U37/><E37/><V118/><F118/><W89/><G89/><T23/><D35/><U129/><E129/><V59/><F59/><W97/><G19/><T103/><D103/><U16/><E16/><V134/><F134/><W12/><G97/><T57/><D57/><U55/><E101/><V112/><F112/><W113/><G71/><T7/><D76/><U43/><E43/><V39/><F39/><W81/><G113/><T98/><D98/><U135/><E135/><V74/><F74/><W111/><G81/><T4/><D4/><U85/><E0/><V105/><F105/><W91/><G111/><T24/><D7/><U36/><E36/><V42/><F42/><RYUUKYOKU ba="0,0" sc="211,-10,230,30,329,-10,230,-10" hai1="2,3,51,55,61,67,68,79,83,85,90,93,99" /><INIT seed="1,1,0,5,4,5" ten="201,260,319,220" oya="1" hai0="65,126,26,113,105,7,6,3,11,110,46,80,98" hai1="79,134,97,47,107,41,135,45,76,120,91,121,117" hai2="69,108,52,92,101,33,129,131,116,1,125,68,35" hai3="111,83,30,95,115,78,17,85,48,127,90,44,29"/><U74/><E117/><V66/><F116/><W58/><G115/><T10/><D113/><U25/><E25/><V27/><F108/><W96/><G111/><T61/><D110/><U67/><E67/><V12/><F1/><W84/><G84/><T93/><D126/><U50/><E74/><V104/><F125/><W8/><G58/><T43/><D26/><U70/><E70/><V55/><F104/><W19/><G127/><T49/><D80/><U118/><E118/><V124/><F124/><W18/><REACH who="3" step="1"/><G8/><REACH who="3" ten="201,260,319,210" step="2"/><N who="0" m="3115" /><D3/><U15/><E76/><V71/><F69/><W60/><G60/><T112/><D112/><U57/><E79/><V39/><F71/><W54/><AGARI ba="1,1" hai="17,18,19,29,30,44,48,54,78,83,85,90,95,96" machi="54" ten="30,4000,0" yaku="1,1,0,1,8,1,53,0" doraHai="5" doraHaiUra="100" who="3" fromWho="3" sc="201,-11,260,-21,319,-11,210,53" /><INIT seed="2,0,0,2,5,103" ten="190,239,308,263" oya="2" hai0="72,38,69,120,83,97,41,135,85,90,43,64,24" hai1="127,66,84,50,118,33,88,131,93,54,22,77,110" hai2="124,57,44,67,42,108,74,119,89,76,102,109,107" hai3="129,61,2,123,71,79,11,45,68,9,10,4,104"/><V86/><F119/><W80/><G123/><T132/><D120/><U106/><E118/><V7/><F124/><W125/><G125/><T121/><D121/><U99/><E33/><V63/><F7/><W23/><G23/><T87/><D72/><U16/><E127/><V5/><F5/><W117/><G117/><T114/><D114/><U48/><E110/><N who="2" m="42603" /><F74/><W112/><G112/><T81/><D97/><U25/><E131/><V58/><F76/><W113/><G113/><T101/><D101/><U19/><E66/><V52/><F102/><W46/><G129/><T39/><D24/><U100/><E77/><V133/><F133/><N who="0" m="51274" /><D64/><U34/><E34/><V134/><F134/><W98/><G45/><T116/><D69/><U105/><E19/><V70/><F107/><W14/><G46/><T31/><D31/><U28/><E28/><V35/><F35/><W75/><G61/><T62/><D62/><U96/><E50/><N who="2" m="28743" /><F42/><N who="0" m="15882" /><D116/><U78/><E78/><AGARI ba="0,0" hai="38,39,78,81,83,85,87,90" m="15882,51274" machi="78" ten="30,1000,0" yaku="20,1" doraHai="103" who="0" fromWho="1" sc="190,10,239,-10,308,0,263,0" /><INIT seed="3,0,0,1,1,97" ten="200,229,308,263" oya="3" hai0="38,134,6,30,3,57,115,49,94,11,18,45,65" hai1="80,33,50,109,27,64,122,26,31,48,135,29,133" hai2="36,22,107,53,39,21,56,62,83,103,66,1,124" hai3="2,78,118,44,72,105,86,68,98,104,112,117,24"/><W74/><G68/><T32/><D134/><U92/><E122/><V128/><F128/><W28/><G2/><T46/><D32/><U69/><E80/><V91/><F124/><W73/><G44/><T35/><D115/><U132/><E109/><V54/><F1/><W96/><G24/><T40/><D35/><U41/><E92/><V90/><F36/><W9/><G28/><T8/><D30/><U17/><E17/><V129/><F39/><W15/><G15/><T111/><D111/><U116/><E116/><N who="3" m="44650" /><G9/><T42/><D94/><U102/><E41/><V77/><F129/><W58/><G58/><T108/><D108/><U16/><E16/><V55/><F21/><W131/><G131/><T60/><D18/><U10/><E10/><V123/><F22/><W88/><G112/><T81/><D81/><U130/><E130/><V119/><F119/><W100/><G78/><T126/><REACH who="0" step="1"/><D8/><REACH who="0" ten="190,229,308,263" step="2"/><U89/><E31/><V47/><F123/><W114/><G114/><T125/><AGARI ba="0,1" hai="3,6,11,38,40,42,45,46,49,57,60,65,125,126" machi="125" ten="30,7900,0" yaku="1,1,2,1,0,1,53,1" doraHai="97" doraHaiUra="59" who="0" fromWho="0" sc="190,89,229,-20,308,-20,263,-39" /><INIT seed="4,0,0,5,1,76" ten="279,209,288,224" oya="0" hai0="60,133,23,1,75,101,30,106,126,102,17,73,98" hai1="13,49,32,19,69,44,87,128,80,55,25,119,132" hai2="0,120,121,125,82,54,68,15,122,61,6,97,77" hai3="45,8,21,31,51,83,56,18,112,64,74,110,131"/><T86/><D1/><U50/><E132/><V29/><F125/><W123/><G110/><T48/><D126/><U79/><E128/><V9/><F29/><W53/><G31/><T41/><D133/><U100/><E119/><V93/><F0/><W96/><G123/><T47/><D101/><U35/><E69/><V81/><F77/><W4/><G112/><T88/><D30/><U134/><E134/><V63/><F63/><W24/><G131/><T89/><D60/><U130/><E25/><V39/><F39/><W95/><G74/><T104/><D104/><U46/><E100/><V107/><F107/><W71/><G71/><T113/><D113/><U72/><E72/><V7/><F7/><W12/><G64/><T58/><D58/><U52/><E130/><V57/><REACH who="2" step="1"/><F68/><REACH who="2" ten="279,209,278,224" step="2"/><W124/><G124/><T109/><D109/><U3/><REACH who="1" step="1"/><E3/><REACH who="1" ten="279,199,278,224" step="2"/><V91/><AGARI ba="0,2" hai="6,9,15,54,57,61,81,82,91,93,97,120,121,122" machi="91" ten="30,8000,1" yaku="1,1,2,1,0,1,52,2,53,0" doraHai="76" doraHaiUra="27" who="2" fromWho="2" sc="279,-40,199,-20,278,100,224,-20" /><INIT seed="5,0,0,3,3,7" ten="239,179,378,204" oya="1" hai0="88,62,71,93,9,4,128,18,59,22,72,8,70" hai1="78,132,1,5,123,26,98,43,117,69,92,75,87" hai2="108,94,54,29,129,73,82,44,28,133,60,33,23" hai3="25,127,53,11,38,101,50,112,103,85,56,116,114"/><U36/><E117/><V37/><F108/><W96/><G38/><T45/><D72/><U24/><E123/><V21/><F133/><W41/><G116/><T104/><D104/><U16/><E69/><V118/><F118/><W27/><G127/><T68/><D128/><U115/><E132/><V58/><F129/><W74/><G74/><T77/><D77/><U124/><E124/><V134/><F134/><W51/><G85/><T52/><D45/><N who="1" m="23783" /><E87/><V49/><F37/><W135/><G135/><T6/><D6/><U65/><E65/><V126/><F126/><W67/><G67/><T131/><D131/><U106/><E106/><V0/><F0/><W12/><G103/><T109/><D109/><U13/><E16/><V31/><F33/><W91/><G91/><T89/><D4/><U110/><E13/><V113/><F113/><N who="3" m="43627" /><G50/><T119/><D119/><U66/><E66/><V47/><F47/><W55/><G41/><T17/><D17/><U81/><E115/><V79/><REACH who="2" step="1"/><F94/><REACH who="2" ten="239,179,368,204" step="2"/><N who="3" m="58519" /><G55/><AGARI ba="0,1" hai="21,23,28,29,31,44,49,54,55,58,60,73,79,82" machi="55" ten="40,1300,0" yaku="1,1,53,0" doraHai="7" doraHaiUra="63" who="2" fromWho="3" sc="239,0,179,0,368,23,204,-13" /><INIT seed="6,0,0,0,4,133" ten="239,179,391,191" oya="2" hai0="134,31,12,97,74,102,84,130,35,7,34,59,39" hai1="116,20,81,62,50,22,122,55,89,117,42,4,46" hai2="121,36,68,128,32,57,60,0,96,23,30,29,37" hai3="99,51,86,109,91,126,28,65,78,56,100,118,71"/><V73/><F121/><W80/><G118/><T40/><D74/><U135/><E122/><V132/><F132/><W103/><G71/><T47/><D134/><U111/><E135/><V27/><F128/><W70/><G70/><T63/><D130/><U25/><E111/><V1/><F73/><W77/><G109/><T6/><D84/><N who="1" m="50319" /><E116/><V66/><F96/><W72/><G28/><T131/><D131/><U85/><E117/><V64/><F37/><W48/><G78/><T127/><D127/><U87/><E4/><V58/><F36/><W69/><G126/><T11/><D6/><U76/><E76/><V115/><F115/><W94/><G69/><T13/><D13/><U54/><E22/><V75/><F75/><W8/><G103/><T49/><D39/><U16/><E54/><V113/><F113/><W33/><G33/><T105/><REACH who="0" step="1"/><D31/><REACH who="0" ten="229,179,391,191" step="2"/><U112/><E112/><V125/><F30/><W44/><G72/><T2/><D2/><U98/><E98/><V129/><F129/><W92/><G99/><T119/><D119/><U45/><E45/><V90/><F125/><W95/><G44/><T93/><D93/><U104/><E104/><V26/><F29/><W61/><G100/><T123/><D123/><U82/><E82/><V21/><F1/><W107/><G107/><T43/><D43/><U114/><E114/><V53/><F0/><W15/><G77/><T83/><D83/><U24/><E24/><V5/><F5/><AGARI ba="0,1" hai="5,8,15,48,51,56,61,65,80,86,91,92,94,95" machi="5" ten="40,1300,0" yaku="8,1" doraHai="133" who="3" fromWho="2" sc="229,0,179,0,391,-13,191,23" /><INIT seed="7,0,0,4,5,26" ten="229,179,378,214" oya="3" hai0="12,121,67,8,81,78,99,68,24,134,66,23,69" hai1="38,10,36,115,41,75,11,109,51,127,126,32,114" hai2="103,104,47,63,40,89,65,106,50,49,20,111,30" hai3="100,133,95,44,27,82,77,93,48,55,97,45,84"/><W16/><G133/><T88/><D121/><U29/><E75/><V46/><F111/><W102/><G44/><T62/><D134/><U3/><E109/><V19/><F89/><W18/><G27/><T31/><D99/><AGARI ba="0,0" hai="16,18,45,48,55,77,82,84,93,95,97,99,100,102" machi="99" ten="40,7700,0" yaku="9,1,8,1,54,1" doraHai="26" who="3" fromWho="0" sc="229,-77,179,0,378,0,214,77" /><INIT seed="7,1,0,3,1,113" ten="152,179,378,291" oya="3" hai0="116,32,127,24,58,3,68,48,135,0,129,82,7" hai1="35,15,5,115,86,121,53,117,103,108,46,64,61" hai2="41,25,118,54,79,39,94,49,83,74,99,111,93" hai3="67,18,102,133,12,105,119,97,47,63,6,20,60"/><W91/><G133/><T50/><D68/><U42/><E108/><V128/><F111/><W77/><G77/><T4/><D135/><U40/><E121/><V13/><F128/><W56/><G119/><T89/><D129/><U92/><E117/><V130/><F130/><W11/><G47/><T37/><D37/><U34/><E115/><V112/><F118/><W114/><G114/><T23/><D116/><U19/><E5/><V29/><F112/><W88/><REACH who="3" step="1"/><G63/><REACH who="3" ten="152,179,378,281" step="2"/><T131/><D131/><U51/><E34/><V38/><F79/><W78/><G78/><T125/><D32/><U2/><E35/><V8/><F74/><W73/><G73/><T71/><D71/><U132/><E132/><V55/><F38/><W107/><G107/><T27/><D58/><U120/><E120/><V85/><F39/><W72/><G72/><T95/><D82/><U62/><E62/><V45/><F45/><W106/><G106/><T57/><D57/><U96/><E2/><AGARI ba="1,1" hai="2,6,11,12,18,20,56,60,67,88,91,97,102,105" machi="2" ten="30,5800,0" yaku="1,1,7,1,54,1,53,0" doraHai="113" doraHaiUra="80" who="3" fromWho="1" sc="152,0,179,-61,378,0,281,71" /><INIT seed="7,2,0,4,1,4" ten="152,118,378,352" oya="3" hai0="83,64,57,127,90,67,58,103,22,11,34,31,102" hai1="112,28,53,114,121,99,20,8,73,96,110,59,78" hai2="117,45,50,49,108,128,43,27,71,14,97,54,18" hai3="119,38,46,106,125,56,101,55,132,98,39,13,48"/><W62/><G119/><T21/><D127/><U2/><E121/><V111/><F117/><W129/><G125/><T24/><D11/><U52/><E110/><V133/><F128/><W25/><G129/><T113/><D113/><N who="1" m="43627" /><E73/><V74/><F133/><W0/><G0/><T84/><D34/><U115/><N who="1" m="43635" /><U94/><DORA hai="93" /><E78/><V47/><F71/><W29/><G13/><T16/><D58/><U88/><E99/><V12/><F74/><W75/><G75/><T81/><D81/><U91/><E91/><V37/><F97/><W35/><G132/><T92/><D83/><U86/><E86/><V118/><F118/><W51/><G51/><T87/><D87/><U15/><E2/><V7/><F111/><W104/><G104/><T36/><D36/><U30/><E20/><V26/><F37/><W65/><AGARI ba="2,0" hai="25,29,35,38,39,46,48,55,56,62,65,98,101,106" machi="65" ten="20,3900,0" yaku="0,1,7,1,52,1" doraHai="4,93" who="3" fromWho="3" sc="152,-15,118,-15,378,-15,352,45" owari="137,-26.0,103,-40.0,363,16.0,397,50.0" /></mjloggm>