<mjloggm ver="2.3"><GO type="41"/><UN n0="%E3%82%A6%E3%83%AB%E3%83%88%E3%83%A9%E7%AB%8B%E7%9B%B4" n1="%E3%83%97%E3%83%AD%E3%83%86%E3%82%A4%E3%83%B3%E5%BE%97%E7%9B%9B" n2="%E6%94%BE%E9%8A%83%E7%8E%87%32%30%25" n3="%49%47%41" dan="15,16,13,14" rate="1976,2083,1876,1948" sx="M,M,F,M"/><TAIKYOKU oya="0"/><INIT seed="0,0,0,2,2,45" ten="250,250,250,250" oya="0" hai0="115,82,22,119,93,130,135,87,30,12,56,44,47" hai1="11,24,6,23,50,52,5,40,65,19,63,114,26" hai2="41,77,28,54,101,99,128,103,61,94,60,111,38" hai3="71,27,69,121,10,73,134,55,112,31,75,0,107"/><T57/><D119/><U42/><E114/><V18/><F111/><W32/><G55/><T110/><D115/><U15/><E6/><V48/><F128/><W86/><G86/><T20/><D130/><U3/><E3/><V13/><F28/><W67/><G112/><T35/><D35/><U79/><E79/><V123/><F123/><W70/><G134/><T64/><D135/><U129/><E26/><V53/><F103/><W39/><G121/><T102/><D110/><U21/><E21/><N who="2" m="11471" /><F38/><W104/><G67/><T80/><D12/><U113/><E129/><V51/><F77/><W76/><G39/><T132/><D132/><U25/><E25/><V1/><F1/><W16/><G16/><T120/><D120/><U66/><E113/><V72/><F72/><W46/><G46/><T92/><D87/><U89/><E89/><V88/><F101/><W59/><G59/><T127/><D127/><U90/><E90/><V34/><F34/><W7/><G76/><T78/><D102/><U98/><E98/><V108/><F41/><N who="1" m="15977" /><E63/><N who="2" m="24139" /><F108/><W124/><G124/><T122/><D122/><U43/><N who="1" m="15985" /><U74/><DORA hai="85" /><E74/><AGARI ba="0,0" hai="0,7,10,27,31,32,69,70,71,73,74,75,104,107" machi="74" ten="50,6400,0" yaku="33,3" doraHai="45,85" who="3" fromWho="1" sc="250,0,250,-64,250,0,250,64" /><INIT seed="1,0,0,4,4,104" ten="250,186,250,314" oya="1" hai0="3,37,39,125,6,84,58,52,129,7,16,92,63" hai1="48,1,135,67,107,101,38,51,77,41,80,35,79" hai2="127,70,23,113,119,73,62,74,14,76,21,20,116" hai3="19,75,68,50,43,18,42,49,36,108,90,47,44"/><U86/><E1/><V40/><F127/><W32/><G32/><T97/><D125/><U126/><E35/><V25/><F113/><W93/><G108/><T103/><D129/><U61/><E126/><V26/><F40/><W83/><G68/><T88/><D3/><U133/><E77/><V109/><F109/><W66/><G66/><T112/><D112/><U2/><E2/><V91/><F91/><W57/><G57/><T85/><D85/><U124/><E124/><V118/><F76/><W111/><G36/><T105/><D37/><U4/><E4/><V0/><F0/><W12/><G111/><T46/><D39/><U106/><E38/><V33/><F14/><W130/><G130/><T89/><D46/><N who="1" m="25679" /><E51/><V22/><N who="2" m="5632" /><DORA hai="131" /><V59/><F70/><W28/><G28/><T114/><D114/><U8/><E101/><V15/><F15/><W56/><G56/><T17/><REACH who="0" step="1"/><D89/><REACH who="0" ten="240,186,250,314" step="2"/><U122/><E122/><V69/><F119/><W128/><G128/><T102/><D102/><U10/><E10/><V99/><F118/><W45/><G43/><T34/><D34/><U117/><E8/><V64/><F33/><W78/><G42/><T98/><D98/><U53/><E117/><V13/><F99/><W96/><REACH who="3" step="1"/><G12/><REACH who="3" ten="240,186,250,304" step="2"/><T94/><D94/><U65/><E65/><V27/><F13/><W82/><G82/><T60/><D60/><U31/><E31/><V110/><F116/><W81/><G81/><T30/><D30/><U9/><E9/><V121/><F110/><W11/><G11/><T100/><D100/><U24/><E67/><V134/><F64/><RYUUKYOKU ba="0,2" sc="240,15,186,-15,250,-15,304,15" hai0="6,7,16,17,52,58,63,84,88,92,97,103,105" hai3="18,19,44,45,47,49,50,75,78,83,90,93,96" /><INIT seed="2,1,2,2,5,58" ten="255,171,235,319" oya="2" hai0="56,107,31,114,104,84,128,134,122,101,50,22,16" hai1="126,12,11,121,48,97,109,30,67,39,33,21,85" hai2="108,105,123,91,87,36,24,106,18,32,119,75,17" hai3="131,14,103,2,57,130,9,79,3,0,71,73,40"/><V64/><F36/><W102/><G71/><T78/><D114/><U90/><E39/><V27/><F119/><W117/><G40/><T49/><D122/><U92/><E33/><V10/><F123/><W66/><G117/><T42/><D31/><U52/><E126/><V29/><F75/><W112/><G79/><T125/><D125/><U7/><E109/><V111/><F24/><W133/><G73/><T47/><D128/><N who="3" m="49193" /><G133/><T45/><D134/><U61/><E121/><V68/><F17/><N who="3" m="8399" /><G112/><T65/><D101/><U1/><E1/><V69/><F10/><W8/><G8/><T132/><D132/><U20/><E30/><V19/><F18/><W129/><G129/><T54/><D78/><U53/><E97/><V96/><F96/><W83/><G83/><T77/><D77/><U38/><E38/><V25/><F19/><W13/><G13/><T37/><D84/><U98/><E98/><V120/><F27/><W124/><G124/><T113/><D113/><U127/><E127/><V35/><F35/><W86/><G86/><T110/><D110/><N who="2" m="42026" /><F120/><W116/><G116/><T6/><D6/><U82/><E82/><N who="2" m="49655" /><F69/><W100/><G100/><T72/><D72/><U43/><E43/><V28/><F29/><W34/><G34/><T23/><D37/><U60/><E67/><V95/><F95/><W26/><G26/><T63/><D22/><N who="1" m="8811" /><E53/><V44/><F44/><AGARI ba="1,2" hai="7,11,12,44,48,52,60,61,85,90,92" m="8811" machi="44" ten="30,7700,0" yaku="8,1,52,2,54,1" doraHai="58" who="1" fromWho="2" sc="255,0,171,100,235,-80,319,0" /><INIT seed="3,0,0,3,2,78" ten="255,271,155,319" oya="3" hai0="68,69,7,110,46,70,97,92,19,61,94,119,123" hai1="56,81,130,100,95,106,71,87,43,55,47,37,4" hai2="96,80,65,62,116,109,111,113,33,129,67,64,23" hai3="133,14,74,26,10,114,18,3,57,28,52,126,27"/><W124/><G114/><T91/><D123/><U32/><E32/><V135/><F113/><W108/><G133/><T134/><D119/><U24/><E71/><V22/><F116/><W73/><G3/><T66/><D7/><U131/><E106/><V58/><F135/><W41/><G41/><T117/><D117/><U104/><E104/><V125/><F33/><W44/><G44/><T20/><D134/><U45/><E4/><V121/><F129/><N who="1" m="49161" /><E24/><N who="3" m="9258" /><G28/><T50/><D110/><N who="2" m="41994" /><F125/><N who="3" m="48235" /><G108/><T40/><D92/><U90/><E47/><V9/><F121/><W63/><AGARI ba="0,0" hai="10,14,18,52,57,63,73,74" m="48235,9258" machi="63" ten="30,3000,0" yaku="18,1,54,1" doraHai="78" who="3" fromWho="3" sc="255,-10,271,-10,155,-10,319,30" /><INIT seed="3,1,0,5,0,60" ten="245,261,145,349" oya="3" hai0="106,56,59,13,53,130,55,98,63,46,70,43,129" hai1="12,92,111,83,124,127,132,104,37,82,65,101,73" hai2="107,128,85,93,30,102,32,35,3,45,24,14,61" hai3="81,115,6,119,57,68,47,114,66,123,75,39,110"/><W16/><G6/><T4/><D13/><U28/><E37/><V125/><F128/><W121/><G16/><T34/><D34/><U122/><E28/><V5/><F125/><N who="1" m="48201" /><E12/><V97/><F35/><W48/><G81/><T108/><D4/><U54/><E54/><V109/><F109/><W19/><G19/><T72/><D70/><U40/><E40/><V27/><F27/><W71/><G75/><T7/><D7/><U74/><E65/><V18/><F45/><W87/><G87/><T15/><D15/><U77/><E111/><V131/><F131/><W105/><G105/><T67/><D108/><U23/><E23/><V0/><F0/><W44/><G110/><T96/><D55/><U8/><E8/><V29/><F29/><W41/><G119/><T9/><D9/><U135/><E122/><N who="3" m="46602" /><G57/><T120/><D120/><U78/><E92/><V118/><F118/><W99/><G99/><AGARI ba="1,0" hai="73,74,77,78,82,83,99,101,104,132,135" m="48201" machi="99" ten="30,7700,0" yaku="18,1,23,1,34,2" doraHai="60" who="1" fromWho="3" sc="245,0,261,80,145,0,349,-80" /><INIT seed="4,0,0,3,2,0" ten="245,341,145,269" oya="0" hai0="116,14,3,103,115,37,8,21,11,86,130,67,97" hai1="89,6,133,30,54,36,104,101,25,68,35,119,80" hai2="83,122,102,100,70,114,111,125,26,129,118,61,76" hai3="109,132,12,20,7,45,51,99,64,17,1,95,33"/><T49/><D37/><U44/><E133/><V40/><F61/><W73/><G73/><T135/><D116/><U59/><E68/><V75/><F75/><W74/><G74/><T41/><D135/><U110/><E110/><V57/><F57/><W71/><G33/><T22/><D67/><U94/><E80/><V60/><F60/><W113/><G132/><T2/><D2/><U90/><E104/><V31/><F31/><W120/><G109/><T18/><D130/><U9/><E119/><V48/><F48/><W50/><G64/><T27/><D115/><U105/><E105/><V82/><F82/><W62/><G62/><T93/><D86/><U107/><E107/><V47/><F47/><W63/><G63/><T52/><D41/><U117/><E117/><V42/><F42/><W106/><G71/><T88/><D103/><U123/><E123/><V131/><F131/><W127/><G106/><T65/><D65/><U32/><E32/><V15/><F15/><W85/><G85/><T55/><D3/><U10/><E59/><V46/><F70/><W28/><G28/><N who="0" m="17519" /><D55/><U53/><E53/><V84/><F40/><W56/><G56/><AGARI ba="0,0" hai="8,11,14,18,22,49,52,56,88,93,97" m="17519" machi="56" ten="30,5800,0" yaku="8,1,54,2" doraHai="0" who="0" fromWho="3" sc="245,58,341,0,145,0,269,-58" /><INIT seed="4,1,0,0,3,12" ten="303,341,145,211" oya="0" hai0="97,60,29,30,130,124,59,38,102,85,10,49,62" hai1="101,89,110,51,77,13,45,91,107,4,106,67,2" hai2="42,18,25,113,57,93,116,120,52,128,95,80,81" hai3="122,66,96,71,115,84,112,121,108,88,78,3,61"/><T56/><D38/><U114/><E2/><V63/><F120/><N who="3" m="46187" /><G108/><T9/><D49/><U27/><E67/><V117/><F128/><W74/><G3/><T15/><D130/><U48/><E77/><V44/><F113/><N who="3" m="43595" /><G96/><T132/><D85/><U43/><E110/><V83/><F116/><W126/><G78/><T24/><D124/><U39/><E27/><V1/><F1/><W34/><G34/><T94/><D132/><U118/><E118/><V90/><F117/><W133/><G133/><T131/><D131/><U119/><E119/><V41/><F90/><W104/><G104/><T16/><D9/><U75/><E91/><V36/><REACH who="2" step="1"/><F42/><REACH who="2" ten="303,341,135,211" step="2"/><W5/><G126/><T33/><D30/><U50/><E89/><V58/><F58/><W72/><G5/><T99/><D59/><U53/><E43/><V6/><F6/><W54/><G54/><T79/><D79/><U14/><E53/><V127/><F127/><W55/><G55/><T8/><D56/><U98/><E4/><V31/><F31/><W69/><G71/><T46/><D29/><U23/><E114/><V82/><N who="2" m="20992" /><DORA hai="40" /><V105/><F105/><W11/><G69/><T7/><D7/><U22/><E107/><V37/><F37/><W26/><G66/><T68/><D68/><U109/><E39/><V70/><F70/><W87/><G88/><T73/><D94/><U64/><E64/><V17/><F17/><W129/><G129/><T65/><D16/><U92/><E106/><V86/><F86/><W21/><G87/><T100/><D65/><U125/><E125/><V111/><F111/><RYUUKYOKU ba="1,1" sc="303,-10,341,-10,135,30,211,-10" hai2="18,25,36,41,44,52,57,63,93,95" /><INIT seed="5,2,1,2,4,100" ten="293,331,165,201" oya="1" hai0="96,104,30,62,58,55,109,61,37,19,98,29,14" hai1="43,97,122,5,68,35,54,103,134,21,4,24,115" hai2="3,95,110,17,101,130,71,125,27,124,84,93,31" hai3="53,51,94,75,47,70,67,48,72,86,85,116,119"/><U56/><E68/><V74/><F74/><W127/><G127/><N who="2" m="48713" /><F110/><W33/><G33/><T50/><D37/><U105/><E35/><N who="2" m="20991" /><F3/><W36/><G36/><T26/><D109/><U90/><E115/><V41/><F71/><W135/><G135/><T64/><D62/><U6/><E134/><V88/><F130/><W40/><G75/><T121/><D121/><U42/><E90/><N who="2" m="53447" /><F41/><W28/><G72/><T111/><D111/><U113/><E113/><V66/><F66/><W25/><G67/><T52/><D64/><U65/><E65/><V112/><F112/><W7/><G70/><T87/><D55/><U83/><E122/><V117/><F117/><N who="3" m="45131" /><G94/><T2/><D2/><U0/><E83/><V76/><F76/><W8/><G40/><T23/><D87/><U118/><E118/><V91/><F17/><W22/><G48/><T12/><D50/><U80/><E80/><V16/><F16/><W34/><G34/><T107/><D30/><U1/><E1/><AGARI ba="2,1" hai="1,7,8,22,25,28,47,51,53,85,86" m="45131" machi="1" ten="30,1000,0" yaku="12,1" doraHai="100" who="3" fromWho="1" sc="293,0,331,-16,165,0,201,26" /><INIT seed="6,0,0,1,0,116" ten="293,315,165,227" oya="2" hai0="82,8,77,126,72,22,36,14,101,106,102,74,44" hai1="49,19,56,37,133,109,68,33,134,124,26,53,103" hai2="96,45,25,83,38,10,61,27,65,50,80,5,86" hai3="118,62,43,41,60,99,69,132,29,87,67,111,100"/><V13/><F38/><W98/><G118/><T122/><D22/><N who="1" m="13663" /><E68/><V52/><F96/><W32/><G111/><T70/><D14/><U64/><E33/><V71/><REACH who="2" step="1"/><F83/><REACH who="2" ten="293,315,155,227" step="2"/><W131/><G99/><T89/><D36/><U125/><E37/><V59/><F59/><W73/><G98/><T108/><D82/><U51/><E109/><V88/><AGARI ba="0,1" hai="5,10,13,25,27,45,50,52,61,65,71,80,86,88" machi="88" ten="20,12000,1" yaku="1,1,0,1,7,1,54,2,53,0" doraHai="116" doraHaiUra="123" who="2" fromWho="2" sc="293,-40,315,-40,155,130,227,-40" /><INIT seed="6,1,0,1,1,124" ten="253,275,285,187" oya="2" hai0="78,100,91,35,125,18,87,64,41,14,60,86,47" hai1="118,23,9,38,58,48,83,33,51,20,134,45,25" hai2="22,56,89,11,76,96,75,72,7,117,50,95,3" hai3="88,46,126,81,65,121,79,107,63,97,21,55,85"/><V111/><F117/><W40/><G121/><T92/><D35/><U109/><E38/><V135/><F111/><W98/><G126/><T122/><D100/><U26/><E33/><V80/><F135/><W110/><G55/><T13/><D122/><U128/><E109/><V120/><F120/><W32/><G32/><T130/><D125/><U71/><E71/><V68/><F68/><W53/><G53/><T123/><D123/><U30/><E134/><V4/><F4/><W105/><G21/><T1/><D1/><U62/><E128/><V73/><F50/><W82/><G105/><T94/><D14/><U90/><E9/><V6/><F6/><W106/><G106/><T132/><D132/><U34/><E34/><V52/><REACH who="2" step="1"/><F22/><REACH who="2" ten="253,275,275,187" step="2"/><W10/><G110/><T15/><D60/><U39/><E118/><V29/><F29/><W37/><G10/><T114/><D18/><N who="1" m="12439" /><E39/><V69/><F69/><W108/><G108/><T31/><D31/><U59/><E62/><V127/><F127/><W70/><REACH who="3" step="1"/><G107/><REACH who="3" ten="253,275,275,177" step="2"/><T54/><D47/><U129/><E45/><V43/><F43/><W42/><G42/><T84/><D41/><U16/><E30/><V36/><F36/><W101/><G101/><T49/><D49/><U17/><E51/><V28/><F28/><W131/><G131/><T5/><D130/><U103/><E129/><V99/><F99/><W74/><AGARI ba="1,2" hai="37,40,46,63,65,70,74,79,81,82,85,88,97,98" machi="74" ten="20,8000,1" yaku="1,1,0,1,7,1,54,1,53,1" doraHai="124" doraHaiUra="104" who="3" fromWho="3" sc="253,-21,275,-21,275,-41,177,103" /><INIT seed="7,0,0,2,3,126" ten="232,254,234,280" oya="3" hai0="45,117,90,134,24,123,124,97,7,30,37,135,2" hai1="92,60,72,73,35,82,110,106,59,83,42,58,47" hai2="107,52,93,78,87,68,41,63,81,79,85,11,74" hai3="1,57,84,102,56,6,86,100,9,108,13,54,49"/><W94/><G1/><T66/><D123/><U105/><E35/><V25/><F107/><N who="1" m="40969" /><E92/><V101/><F41/><W28/><G28/><T104/><D124/><U55/><E42/><V50/><F25/><W133/><G133/><N who="0" m="50699" /><D66/><U130/><E47/><V15/><F74/><N who="1" m="28777" /><E55/><V0/><F101/><N who="3" m="39019" /><G108/><T70/><D70/><U65/><E65/><V10/><F0/><W53/><G94/><N who="0" m="56535" /><D104/><U95/><E95/><V122/><F122/><W27/><G27/><T91/><D91/><U36/><E60/><AGARI ba="0,0" hai="6,9,13,49,53,54,56,57,60,84,86" m="39019" machi="60" ten="30,1500,0" yaku="8,1" doraHai="126" who="3" fromWho="1" sc="232,0,254,-15,234,0,280,15" /><INIT seed="7,1,0,1,0,27" ten="232,239,234,295" oya="3" hai0="50,14,69,52,91,113,129,25,17,94,64,57,1" hai1="29,125,47,71,41,3,108,80,0,101,43,106,90" hai2="44,122,13,24,127,93,32,73,119,97,48,120,59" hai3="89,8,26,46,103,11,6,112,61,81,72,67,53"/><W84/><G72/><T115/><D1/><U30/><E71/><V78/><F119/><W18/><G103/><T96/><D129/><U123/><E106/><V111/><F111/><W82/><G82/><T74/><D74/><U51/><E101/><V121/><F127/><W107/><G107/><T12/><D64/><U49/><E108/><V105/><F105/><W130/><G130/><T37/><D37/><U62/><E62/><V10/><F59/><N who="3" m="37311" /><G6/><T87/><D69/><U5/><E123/><V88/><F24/><W15/><G26/><T92/><D25/><U68/><E68/><V42/><F32/><W23/><G112/><N who="0" m="43083" /><D17/><U19/><E19/><N who="2" m="8631" /><F73/><W102/><G102/><AGARI ba="1,0" hai="12,14,50,52,57,87,91,92,94,96,102" m="43083" machi="102" ten="30,3900,0" yaku="15,1,11,1,54,1" doraHai="27" who="0" fromWho="3" sc="232,42,239,0,234,0,295,-42" /><INIT seed="8,0,0,1,5,101" ten="274,239,234,253" oya="0" hai0="31,11,89,7,50,27,91,42,51,116,73,32,126" hai1="122,123,56,90,127,69,119,134,74,10,26,59,60" hai2="1,20,92,36,28,53,52,82,2,114,16,135,133" hai3="93,129,4,8,6,96,49,23,108,12,106,79,19"/><T83/><D126/><U121/><E74/><V120/><F120/><W47/><G108/><T25/><D116/><U115/><E119/><V33/><F114/><W103/><G129/><T64/><D64/><U57/><E90/><V58/><F36/><W71/><G71/><T39/><D27/><U63/><E10/><V65/><F82/><W72/><G93/><T75/><D89/><U100/><E100/><V46/><F92/><W95/><G95/><T87/><D73/><U107/><E107/><V41/><F65/><W37/><G37/><T113/><D113/><U99/><E99/><V81/><F81/><W68/><G68/><T112/><D112/><U76/><E26/><N who="2" m="18583" /><F53/><W128/><G128/><T102/><D102/><U44/><E76/><V43/><F46/><W38/><G38/><T88/><D75/><U130/><E115/><V15/><F2/><W0/><G4/><T48/><D39/><U78/><E78/><V40/><F1/><W84/><G72/><T18/><D91/><U55/><E130/><V125/><F125/><W14/><G84/><T45/><D18/><U118/><E118/><V104/><F104/><W98/><G98/><T131/><D131/><U54/><E127/><V34/><F34/><W124/><G124/><T62/><D62/><N who="1" m="23595" /><E69/><V86/><F86/><W66/><G79/><T5/><D5/><U105/><E105/><V67/><F67/><W70/><G66/><T35/><D35/><U109/><E109/><V21/><F21/><W94/><G70/><T132/><D132/><U22/><E134/><V29/><F29/><W13/><G106/><RYUUKYOKU ba="0,0" sc="274,10,239,-30,234,10,253,10" hai0="7,11,25,31,32,42,45,48,50,51,83,87,88" hai2="15,16,20,40,41,43,52,58,133,135" hai3="0,6,8,12,13,14,19,23,47,49,94,96,103" /><INIT seed="8,1,0,5,3,64" ten="284,209,244,263" oya="0" hai0="38,94,134,33,36,49,25,47,31,24,116,117,118" hai1="127,81,68,10,2,114,15,56,17,103,111,3,65" hai2="90,54,85,67,107,124,0,106,122,96,105,55,109" hai3="14,98,135,69,82,42,129,78,12,50,43,60,45"/><T19/><D134/><U123/><E111/><V132/><F122/><W126/><G135/><T101/><D101/><U87/><E123/><V61/><F0/><W44/><G129/><T57/><D57/><U66/><E127/><V35/><F109/><W52/><G98/><T23/><D94/><U120/><E120/><V83/><F35/><W75/><G126/><T48/><D48/><U115/><E103/><V26/><F124/><W51/><REACH who="3" step="1"/><G52/><AGARI ba="1,0" hai="19,23,24,25,31,33,36,38,47,49,52,116,117,118" machi="52" ten="40,3900,0" yaku="16,1,54,1" doraHai="64" who="0" fromWho="3" sc="284,42,209,0,244,0,263,-42" owari="326,43.0,209,-29.0,244,4.0,221,-18.0" /></mjloggm>