<mjloggm ver="2.3"><GO type="225"/><UN n0="%65%EF%BC%BE%63%5F%2C%EF%BC%BE%64" n1="%EF%BC%88%E2%89%A7%E2%96%BD%E2%89%A6%EF%BC%89" n2="%E3%82%8F%E3%81%A3%E3%81%A1%E3%83%BC%E2%99%AA" n3="%E3%83%9E%E3%83%9E%E3%81%94%E9%A3%AF%E3%81%BE%E3%81%A0%EF%BC%9F" dan="16,16,16,17" rate="2116,2040,2121,2303" sx="M,M,M,M"/><TAIKYOKU oya="0"/><INIT seed="0,0,0,2,0,94" ten="250,250,250,250" oya="0" hai0="13,119,40,83,91,33,129,11,131,6,99,106,86" hai1="39,20,102,52,67,87,73,63,115,128,79,132,68" hai2="113,2,21,123,81,27,65,125,126,78,77,105,108" hai3="98,112,100,122,16,18,41,103,84,64,47,109,57"/><T43/><D119/><U80/><E39/><V110/><F123/><W8/><G112/><T74/><D33/><U38/><E38/><V56/><F2/><W133/><G122/><T82/><D74/><U95/><E115/><V17/><F105/><W116/><G116/><T72/><D72/><U61/><E128/><N who="0" m="49225" /><D83/><U114/><E114/><V111/><F113/><W25/><G133/><T7/><D7/><U5/><E5/><V70/><F70/><W135/><G135/><T92/><D106/><U121/><E121/><V1/><F1/><W0/><G109/><T89/><AGARI ba="0,0" hai="6,11,13,40,43,82,86,89,91,92,99" m="49225" machi="89" ten="30,3000,0" yaku="19,1,52,1" doraHai="94" who="0" fromWho="0" sc="250,30,250,-10,250,-10,250,-10" /><INIT seed="0,1,0,4,2,128" ten="280,240,240,240" oya="0" hai0="59,5,122,104,132,131,126,32,64,120,75,80,70" hai1="33,15,56,113,14,17,12,79,38,55,63,6,71" hai2="133,45,91,98,92,124,112,22,26,74,85,34,2" hai3="88,65,127,58,47,110,76,109,117,101,60,134,50"/><T30/><D59/><U16/><E38/><V106/><F2/><W108/><G117/><T42/><D42/><U105/><E105/><V95/><F112/><W23/><G127/><T84/><D84/><U121/><E33/><V3/><F3/><W78/><G101/><T54/><D54/><U114/><E121/><V36/><F74/><W66/><G66/><T96/><D126/><U48/><E6/><V83/><F34/><W103/><G103/><N who="0" m="62567" /><D5/><U40/><E79/><V102/><F124/><W46/><G134/><T135/><D131/><U116/><E116/><V57/><F133/><N who="0" m="51274" /><D75/><U94/><E40/><V8/><F57/><W18/><G46/><T4/><D80/><U29/><E56/><V13/><F45/><W0/><G47/><T87/><D87/><U100/><E55/><V118/><F118/><W62/><G58/><T37/><D4/><U90/><E90/><V68/><F36/><W39/><G88/><T27/><D37/><U130/><E130/><V31/><F68/><W53/><G39/><T35/><D35/><U93/><E71/><V111/><F111/><W28/><G53/><T73/><D73/><U61/><E100/><V44/><F44/><W97/><G110/><T10/><D10/><U11/><E11/><V115/><F115/><W81/><G109/><T21/><D21/><U19/><E63/><AGARI ba="1,0" hai="27,30,32,63,64,70,120,122" m="51274,62567" machi="63" ten="30,18000,2" yaku="25,1,20,1,23,1,52,3" doraHai="128" who="0" fromWho="1" sc="280,183,240,-183,240,0,240,0" /><INIT seed="0,2,0,3,0,115" ten="463,57,240,240" oya="0" hai0="108,100,83,99,27,15,74,109,6,84,17,47,94" hai1="86,14,55,95,87,33,70,127,56,88,37,65,118" hai2="129,3,66,97,76,121,111,21,12,98,13,18,50" hai3="22,31,0,9,132,23,28,103,69,114,2,43,51"/><T77/><D6/><U36/><E127/><V126/><F3/><W10/><G69/><T81/><D27/><U79/><E33/><V72/><F121/><W105/><G51/><T48/><D15/><U59/><E70/><V7/><F126/><W131/><G43/><T125/><D17/><U128/><E128/><V63/><F129/><W4/><G103/><T113/><D125/><U19/><E118/><V101/><F111/><N who="0" m="42570" /><D113/><U124/><E124/><V8/><F50/><W71/><G71/><T104/><D48/><U78/><E65/><V73/><F76/><W24/><G105/><T5/><D5/><U60/><E59/><V93/><F97/><W58/><G58/><AGARI ba="2,0" hai="7,8,12,13,18,21,58,63,66,72,73,93,98,101" machi="58" ten="30,1000,0" yaku="7,1" doraHai="115" who="2" fromWho="3" sc="463,0,57,0,240,16,240,-16" /><INIT seed="1,0,0,5,1,21" ten="463,57,256,224" oya="1" hai0="58,113,24,5,16,116,3,25,0,119,29,52,22" hai1="104,39,63,57,20,75,64,107,34,74,31,135,131" hai2="43,46,40,17,112,85,6,19,42,109,68,70,45" hai3="76,83,67,91,97,96,72,59,8,108,32,2,28"/><U118/><E118/><V38/><F6/><W98/><G108/><T126/><D113/><U103/><E131/><V127/><F109/><W102/><G91/><T50/><D126/><U117/><E117/><V1/><F1/><W13/><G2/><T86/><D3/><U79/><E135/><V36/><F127/><W30/><G32/><T37/><D37/><U15/><E39/><N who="2" m="14891" /><F85/><W78/><G102/><T61/><D86/><U18/><E79/><N who="3" m="30250" /><G83/><T60/><D61/><U33/><E33/><V49/><F112/><W106/><G72/><T132/><D132/><U89/><E89/><V115/><F115/><W80/><G80/><T27/><D60/><U105/><REACH who="1" step="1"/><E103/><REACH who="1" ten="463,47,256,224" step="2"/><V99/><F68/><W100/><G100/><T114/><D114/><U125/><E125/><V90/><F70/><W82/><G82/><T66/><D119/><U129/><E129/><V9/><F90/><W124/><G124/><T95/><D116/><U121/><E121/><V92/><F92/><W123/><G123/><T101/><D95/><U41/><E41/><V134/><F42/><W81/><G81/><T128/><D101/><U94/><E94/><V4/><F43/><W122/><G122/><T7/><D128/><U62/><E62/><V12/><F40/><W35/><G35/><T26/><D29/><U88/><E88/><V77/><F77/><W87/><G30/><T10/><D0/><U93/><E93/><V14/><F134/><W120/><G28/><T53/><D50/><U73/><E73/><V71/><F49/><W111/><G120/><T55/><D66/><U54/><E54/><RYUUKYOKU ba="0,1" sc="463,-10,47,30,256,-10,224,-10" hai1="15,18,20,31,34,57,63,64,74,75,104,105,107" /><INIT seed="1,1,1,3,1,73" ten="453,77,246,214" oya="1" hai0="11,62,61,96,23,91,7,59,9,21,4,65,25" hai1="90,14,94,51,93,89,47,53,55,67,38,102,70" hai2="106,17,134,31,111,42,12,123,57,84,36,78,49" hai3="128,37,56,64,24,45,87,117,48,118,63,95,103"/><U112/><E112/><V77/><F123/><W30/><G128/><T129/><D129/><U3/><E3/><V109/><F106/><W43/><G37/><T115/><D115/><U34/><E34/><V85/><F134/><W10/><G10/><N who="0" m="3595" /><D61/><U72/><E72/><V39/><F31/><W75/><G75/><T0/><D0/><U81/><E38/><V120/><F39/><W46/><G46/><T114/><D114/><U107/><E107/><V83/><F36/><W35/><G87/><T28/><D23/><U26/><E26/><V5/><F5/><W32/><G32/><T131/><D131/><U68/><E14/><V27/><F27/><W132/><G132/><T122/><D122/><U66/><E47/><V71/><F71/><W13/><G13/><T2/><D2/><U60/><E60/><V127/><F127/><W121/><G121/><T74/><D74/><U135/><E135/><V22/><F120/><W79/><G117/><T100/><D100/><U97/><E102/><V98/><F12/><W125/><G125/><T86/><D96/><U110/><E97/><V50/><F98/><W16/><G118/><T20/><D20/><U6/><E110/><V19/><F22/><W82/><G103/><T113/><D113/><U15/><E15/><V41/><F57/><W40/><G56/><T33/><D33/><U116/><E116/><V44/><F44/><W133/><G45/><T54/><D65/><U76/><E6/><V126/><F126/><W99/><G64/><T124/><D124/><U130/><E130/><V69/><F69/><W104/><G104/><RYUUKYOKU ba="1,1" sc="453,15,77,-15,246,15,214,-15" hai0="4,7,21,25,28,54,59,62,86,91" hai2="17,19,41,42,49,50,77,78,83,84,85,109,111" /><INIT seed="2,2,1,3,2,87" ten="468,62,261,199" oya="2" hai0="127,85,50,51,35,48,104,122,110,125,102,79,97" hai1="54,106,105,30,115,94,15,107,132,4,69,90,12" hai2="33,121,7,128,32,84,20,8,76,52,14,29,73" hai3="16,116,108,53,124,3,134,22,57,93,99,83,65"/><V5/><F73/><W91/><G3/><T63/><D122/><U24/><E115/><V117/><F121/><W43/><G116/><T119/><D35/><U28/><E132/><V40/><F117/><W44/><G65/><T101/><D119/><U96/><E69/><V109/><F40/><W86/><G124/><N who="0" m="47691" /><D110/><U47/><E4/><V135/><F7/><W72/><G72/><T68/><D102/><U10/><E10/><V45/><F109/><W78/><G108/><T2/><D2/><U41/><E54/><V114/><F114/><W11/><G11/><T71/><D63/><U34/><REACH who="1" step="1"/><E28/><REACH who="1" ten="468,52,261,199" step="2"/><V113/><F29/><W112/><G134/><T46/><D71/><U38/><AGARI ba="2,2" hai="12,15,24,30,34,38,41,47,90,94,96,105,106,107" machi="38" ten="30,7900,0" yaku="1,1,2,1,0,1,52,1,53,0" doraHai="87" doraHaiUra="80" who="1" fromWho="1" sc="468,-22,52,105,261,-41,199,-22" /><INIT seed="3,0,0,5,4,28" ten="446,157,220,177" oya="3" hai0="135,116,63,59,76,49,98,115,39,35,111,70,46" hai1="125,104,91,123,34,54,62,37,96,53,26,51,15" hai2="108,8,42,118,11,110,117,23,75,105,81,47,52" hai3="73,67,124,129,113,66,38,50,101,0,4,112,68"/><W94/><G38/><T90/><D35/><U131/><E37/><N who="2" m="21967" /><F105/><W130/><G124/><T77/><D115/><N who="3" m="44105" /><G73/><T80/><D116/><U25/><E125/><V71/><F71/><W58/><G68/><T44/><D135/><U17/><E131/><N who="3" m="50186" /><G4/><T72/><D70/><U114/><E123/><V93/><F93/><W27/><G0/><T18/><D39/><U22/><E114/><V43/><F43/><W82/><G82/><T85/><D72/><U88/><E104/><V55/><F23/><W29/><G50/><T36/><D49/><U2/><E2/><V7/><F7/><W78/><G78/><T86/><D80/><U84/><E96/><V83/><F83/><W30/><G58/><T61/><D59/><N who="1" m="35191" /><E34/><V132/><F132/><W60/><G60/><T122/><D36/><U6/><E6/><V14/><F75/><W103/><G30/><T45/><D77/><U106/><E106/><V126/><F126/><W128/><N who="3" m="50194" /><W12/><DORA hai="3" /><G12/><T100/><D76/><U102/><E102/><N who="3" m="38922" /><G94/><T19/><D63/><U97/><E97/><V31/><F31/><W9/><G9/><T33/><D98/><U10/><E10/><N who="2" m="3627" /><F14/><W48/><G48/><T95/><D61/><U32/><E32/><AGARI ba="0,0" hai="27,29,32,66,67" m="38922,50194,44105" machi="32" ten="50,4800,0" yaku="19,1,52,1" doraHai="28,3" who="3" fromWho="1" sc="446,0,157,-48,220,0,177,48" /><INIT seed="3,1,0,3,4,90" ten="446,109,220,225" oya="3" hai0="8,21,53,15,65,71,120,48,25,96,24,113,94" hai1="89,77,124,109,134,10,19,116,6,54,130,105,103" hai2="58,33,102,118,76,68,42,39,114,115,74,64,129" hai3="38,73,111,86,16,106,104,79,75,88,22,34,52"/><W56/><G38/><T95/><D120/><U100/><E116/><V32/><F58/><W5/><G34/><N who="2" m="13417" /><F102/><W41/><G41/><T125/><D125/><U26/><E124/><V43/><F43/><W84/><G5/><T9/><D113/><U82/><E134/><V87/><F87/><W66/><G66/><T28/><D24/><U11/><E130/><V40/><F40/><W133/><G133/><T126/><D126/><U45/><E109/><V119/><F129/><W29/><G29/><T78/><D78/><U128/><E128/><V101/><F101/><W91/><G111/><T46/><D71/><U131/><E131/><V117/><F76/><W17/><G79/><T36/><D36/><U127/><E127/><V37/><F74/><W50/><G75/><T69/><D69/><U12/><E105/><V18/><F18/><W112/><G73/><T57/><D96/><U72/><E26/><V132/><F132/><W14/><G17/><T63/><D46/><U107/><E107/><V81/><F81/><N who="3" m="49167" /><G112/><N who="2" m="43049" /><F42/><W92/><AGARI ba="1,0" hai="14,16,22,50,52,56,86,91,92,104,106" m="49167" machi="92" ten="30,12000,1" yaku="25,1,52,1,54,3" doraHai="90" who="3" fromWho="3" sc="446,-41,109,-41,220,-41,225,123" /><INIT seed="3,2,0,5,1,102" ten="405,68,179,348" oya="3" hai0="128,119,105,118,113,79,47,65,116,23,26,18,13" hai1="1,88,114,86,15,70,74,4,135,71,29,56,96" hai2="69,20,127,97,75,52,81,28,19,31,125,46,129" hai3="22,134,104,92,8,132,54,37,35,21,124,87,108"/><W95/><G35/><T122/><D122/><U101/><E114/><V85/><F69/><W80/><G37/><T34/><D113/><U50/><E74/><V110/><F75/><W24/><G124/><T77/><D105/><U43/><E1/><V126/><F97/><W17/><G108/><T36/><D128/><U38/><E38/><V40/><F52/><W25/><G104/><T115/><D115/><U121/><E121/><V72/><F72/><W82/><G8/><T14/><D65/><U42/><E135/><N who="3" m="51754" /><G54/><T90/><D90/><U106/><E29/><V61/><F61/><W16/><G82/><T6/><D34/><U58/><E71/><V111/><F129/><W45/><G45/><T5/><D6/><U11/><E70/><V64/><F64/><W112/><G112/><T94/><D94/><U7/><E7/><V123/><F123/><W117/><G117/><T76/><REACH who="0" step="1"/><D5/><REACH who="0" ten="395,68,179,348" step="2"/><U59/><REACH who="1" step="1"/><E50/><REACH who="1" ten="395,58,179,348" step="2"/><N who="2" m="26951" /><F110/><W62/><G62/><T2/><D2/><U30/><E30/><V67/><F111/><W120/><G120/><T109/><D109/><U99/><E99/><V73/><F73/><W84/><G84/><T49/><D49/><U98/><E98/><V100/><F125/><W93/><G93/><T32/><D32/><U60/><E60/><V44/><F126/><W68/><G68/><T33/><D33/><U130/><E130/><V103/><F127/><W89/><AGARI ba="2,2" hai="16,17,21,22,24,25,80,87,89,92,95" m="51754" machi="89" ten="30,3000,0" yaku="20,1,54,1" doraHai="102" who="3" fromWho="3" sc="395,-12,58,-12,179,-12,348,56" owari="383,18.0,46,-45.0,167,-23.0,404,50.0" /></mjloggm>