<mjloggm ver="2.3"><GO type="169" lobby="0"/><UN n0="%EF%BC%88%E2%89%A7%E2%96%BD%E2%89%A6%EF%BC%89" n1="%E3%81%99%E3%81%9F%E3%81%A1%E3%81%AA%2E" n2="%EF%BC%A0%E6%A3%AE" n3="%4C%61%73%6B%26%59%75" dan="17,16,16,16" rate="2172.29,2057.69,2120.38,2123.36" sx="M,M,F,M"/><TAIKYOKU oya="0"/><INIT seed="0,0,0,2,5,41" ten="250,250,250,250" oya="0" hai0="103,82,42,135,23,88,9,71,73,99,97,110,126" hai1="95,66,52,81,113,127,19,64,102,109,124,0,105" hai2="49,80,70,130,85,107,111,63,89,92,22,129,56" hai3="68,112,7,69,75,122,100,39,6,76,48,78,96"/><T30/><D71/><U106/><E0/><V86/><F107/><W54/><G112/><T131/><D131/><N who="2" m="50186" /><F111/><W46/><G122/><T118/><D118/><U115/><E81/><V35/><F35/><W3/><G39/><T119/><D119/><U57/><E109/><V47/><F70/><W117/><G117/><T121/><D121/><U72/><E72/><V55/><F22/><W13/><G3/><T24/><D110/><U34/><E34/><V59/><F63/><W40/><G54/><T15/><D135/><U104/><E95/><V33/><F33/><W91/><G91/><AGARI ba="0,0" hai="47,49,55,56,59,80,85,86,89,91,92" m="50186" machi="91" ten="30,2000,0" yaku="19,1,52,1" doraHai="41" who="2" fromWho="3" sc="250,0,250,0,250,20,250,-20" /><INIT seed="1,0,0,1,0,15" ten="250,250,270,230" oya="1" hai0="78,34,114,56,22,101,89,43,77,1,99,113,60" hai1="27,80,82,94,110,20,6,36,7,132,72,116,83" hai2="128,65,75,127,98,120,41,131,53,135,88,92,64" hai3="58,71,69,107,126,47,2,115,40,28,103,14,18"/><U54/><E116/><V134/><F120/><W9/><G115/><T91/><D34/><U111/><E36/><V32/><F32/><W67/><G126/><T63/><D1/><U122/><E72/><V31/><F31/><W3/><G28/><T51/><D114/><U25/><E132/><N who="2" m="50731" /><F75/><W50/><G58/><T38/><D38/><U74/><E74/><V59/><F41/><W100/><G100/><T10/><D10/><U118/><E118/><V79/><F79/><W84/><G84/><T130/><D63/><U21/><E94/><V93/><F92/><W95/><G107/><T106/><D113/><U62/><E54/><V48/><F127/><W39/><G39/><T11/><D11/><U108/><E62/><V104/><F104/><W90/><G90/><T0/><D0/><U57/><E57/><V4/><F4/><N who="1" m="1577" /><E122/><V44/><F59/><W66/><G69/><T86/><D56/><U87/><E87/><V29/><F29/><W125/><G125/><T52/><D60/><U129/><E129/><AGARI ba="0,0" hai="44,48,53,64,65,88,93,98,128,129,131" m="50731" machi="129" ten="30,3900,0" yaku="19,1,20,1,54,1" doraHai="15" who="2" fromWho="1" sc="250,0,250,-39,270,39,230,0" /><INIT seed="2,0,0,4,4,4" ten="250,211,309,230" oya="2" hai0="96,69,27,8,129,80,106,14,36,7,133,55,54" hai1="47,28,61,19,97,40,76,121,57,113,135,32,29" hai2="51,71,41,25,93,89,73,105,72,92,56,88,44" hai3="122,37,110,30,103,50,104,102,119,1,132,65,75"/><V109/><F71/><W49/><G119/><T59/><D69/><U131/><E113/><V26/><F105/><W100/><G122/><T11/><D36/><U34/><E121/><V127/><F127/><W10/><G37/><T107/><D133/><U77/><E135/><V2/><F2/><W94/><G104/><T124/><D124/><U70/><E70/><V84/><F109/><W128/><G75/><T78/><D129/><U35/><E19/><V114/><F114/><W48/><G128/><T13/><D27/><U118/><E118/><V21/><F56/><W5/><G132/><T18/><D96/><U81/><E97/><V16/><F26/><W125/><G125/><T82/><D55/><U31/><E131/><V79/><F79/><W20/><G65/><T38/><D38/><U116/><E116/><V99/><AGARI ba="0,0" hai="16,21,25,41,44,51,72,73,84,88,89,92,93,99" machi="99" ten="20,7800,0" yaku="0,1,7,1,54,2" doraHai="4" who="2" fromWho="2" sc="250,-26,211,-26,309,78,230,-26" /><INIT seed="2,1,0,1,4,32" ten="224,185,387,204" oya="2" hai0="95,25,131,55,75,130,93,112,39,78,42,59,41" hai1="92,46,47,40,38,80,91,6,66,113,106,86,117" hai2="126,99,101,115,69,13,2,102,88,9,54,105,24" hai3="1,62,34,133,63,72,125,127,65,49,116,70,104"/><V67/><F115/><W52/><G116/><T109/><D112/><U35/><E113/><V56/><F126/><N who="3" m="48139" /><G104/><T28/><D109/><U33/><E106/><V87/><F101/><W110/><G72/><T77/><D93/><U71/><E117/><V128/><F128/><N who="0" m="49194" /><D95/><U83/><E47/><V26/><F67/><N who="3" m="41335" /><G34/><N who="0" m="20751" /><D39/><U8/><E66/><V37/><F69/><N who="3" m="42175" /><G110/><T97/><D97/><U58/><E71/><V20/><F37/><W85/><G85/><T107/><D107/><U48/><E33/><V44/><F99/><W108/><G108/><T132/><D75/><U19/><E35/><V94/><F102/><W129/><G129/><T103/><D103/><U119/><E119/><V68/><F105/><W4/><G4/><T43/><D132/><U122/><E122/><V36/><F68/><W135/><G1/><T22/><D22/><U53/><REACH who="1" step="1"/><E19/><REACH who="1" ten="224,175,387,204" step="2"/><V123/><F123/><W79/><G79/><T57/><D57/><AGARI ba="1,1" hai="49,52,57,133,135" m="42175,41335,48139" machi="57" ten="30,7700,0" yaku="18,1,34,2,54,1" doraHai="32" who="3" fromWho="0" sc="224,-80,175,0,387,0,204,90" /><INIT seed="3,0,0,5,2,33" ten="144,175,387,294" oya="3" hai0="113,108,116,115,133,121,123,87,20,46,91,99,65" hai1="28,31,89,48,37,110,6,95,101,120,30,104,118" hai2="24,109,73,21,52,79,3,77,11,83,57,86,128" hai3="105,134,29,84,17,126,9,35,1,119,90,2,78"/><W58/><G119/><T10/><D65/><U135/><E120/><N who="0" m="46153" /><D20/><U131/><E37/><V67/><F128/><W112/><G112/><N who="0" m="43083" /><D46/><U53/><E110/><V68/><F109/><W32/><G32/><T100/><D10/><U69/><E69/><V18/><F67/><W42/><G9/><T34/><D34/><U14/><E101/><V54/><F68/><W70/><G35/><T47/><D47/><U127/><E104/><V72/><F54/><W22/><G22/><T0/><D0/><U96/><E135/><V130/><F130/><W59/><G1/><T36/><D36/><U98/><E127/><V43/><F43/><W16/><G2/><T94/><D108/><U71/><E71/><V41/><F41/><W12/><G42/><T61/><D61/><U132/><E132/><V117/><F117/><W107/><G134/><T74/><D133/><U97/><E118/><V125/><F125/><W114/><G114/><T92/><D116/><U50/><E131/><V15/><F3/><W60/><G70/><T38/><D38/><U19/><E6/><V27/><F27/><W81/><G60/><T4/><D4/><U56/><REACH who="1" step="1"/><E48/><REACH who="1" ten="144,165,387,294" step="2"/><V80/><F86/><W25/><G126/><T51/><D51/><U75/><E75/><AGARI ba="0,1" hai="74,75,87,91,92,94,99,100" m="43083,46153" machi="75" ten="30,3900,0" yaku="11,1,34,2" doraHai="33" who="0" fromWho="1" sc="144,49,165,-39,387,0,294,0" /><INIT seed="4,0,0,1,4,101" ten="193,126,387,294" oya="0" hai0="122,34,47,125,25,118,121,33,116,63,129,57,62" hai1="66,11,106,69,76,28,67,19,13,79,130,83,87" hai2="114,97,56,2,105,100,80,1,60,111,37,71,133" hai3="26,43,6,15,119,70,39,72,50,29,3,93,99"/><T21/><D125/><U32/><E130/><V108/><F133/><W49/><G119/><T48/><D21/><U35/><E79/><V42/><F114/><W86/><G72/><T59/><D25/><U94/><E28/><V104/><F80/><W77/><G3/><N who="2" m="1033" /><F56/><W65/><G39/><T81/><D81/><U12/><E106/><N who="2" m="63759" /><F60/><W135/><G70/><T20/><D20/><U45/><E45/><N who="2" m="23759" /><F71/><W110/><G65/><T23/><D23/><U89/><E13/><V10/><F10/><W127/><G135/><T117/><D117/><U84/><REACH who="1" step="1"/><E69/><REACH who="1" ten="193,116,387,294" step="2"/><V18/><F18/><W103/><G15/><T8/><D129/><U9/><E9/><V41/><F41/><W24/><G43/><T4/><D8/><U16/><E16/><V112/><F112/><W40/><G29/><T82/><D47/><U0/><E0/><V5/><F5/><W78/><G6/><T54/><D4/><U14/><E14/><V61/><F61/><W44/><G78/><T30/><D30/><U22/><E22/><V7/><F7/><W128/><G77/><T73/><D118/><U85/><E85/><V51/><F51/><W95/><G50/><T17/><D116/><U38/><E38/><V102/><F105/><W88/><G128/><T126/><D48/><U113/><E113/><V131/><F131/><W53/><G40/><T68/><D68/><U31/><E31/><V75/><F75/><W120/><G86/><T55/><D73/><U98/><E98/><AGARI ba="0,1" hai="98,102,104,108,111" m="23759,63759,1033" machi="98" ten="30,3900,0" yaku="23,1,52,2" doraHai="101" who="2" fromWho="1" sc="193,0,116,-39,387,49,294,0" /><INIT seed="5,0,0,4,4,128" ten="193,77,436,294" oya="1" hai0="78,57,88,120,53,21,50,90,91,117,6,80,73" hai1="98,129,32,89,124,60,56,127,126,33,46,58,68" hai2="42,37,12,25,44,82,113,23,14,63,15,1,72" hai3="59,54,77,41,62,118,28,2,107,49,64,131,16"/><U101/><E129/><V135/><F113/><W70/><G131/><T18/><D117/><U43/><E89/><V110/><F135/><W29/><G2/><T87/><D6/><U116/><E116/><V102/><F102/><W24/><G107/><T108/><D108/><U11/><E11/><V133/><F133/><W47/><G77/><T106/><D106/><N who="1" m="63799" /><E56/><V122/><F110/><W111/><G111/><T99/><D120/><U45/><E45/><V17/><F1/><W27/><G118/><T109/><D99/><U10/><E10/><V134/><F134/><W97/><G97/><T85/><REACH who="0" step="1"/><D109/><REACH who="0" ten="183,77,436,294" step="2"/><U0/><E0/><V86/><F122/><W38/><G27/><AGARI ba="0,1" hai="18,21,27,50,53,57,73,78,80,85,87,88,90,91" machi="27" ten="40,8000,1" yaku="1,1,2,1,54,1,53,1" doraHai="128" doraHaiUra="52" who="0" fromWho="3" sc="183,90,77,0,436,0,294,-80" /><INIT seed="6,0,0,0,1,101" ten="273,77,436,214" oya="2" hai0="42,67,49,89,29,66,68,16,71,72,132,117,108" hai1="77,86,109,122,5,64,53,75,123,69,23,96,111" hai2="104,30,41,3,63,82,97,31,40,37,94,11,128" hai3="39,106,133,38,8,124,50,61,92,45,130,120,34"/><V1/><F63/><W24/><G120/><T20/><D72/><U27/><E75/><V102/><F82/><W54/><G124/><T131/><D108/><U83/><E5/><V51/><F94/><W84/><G130/><T9/><D117/><U125/><E125/><V80/><F80/><W55/><G8/><T98/><D131/><U114/><E114/><V78/><F78/><W6/><G6/><T56/><D132/><U22/><E22/><V127/><F51/><W44/><G106/><T88/><D68/><U4/><E4/><N who="2" m="1423" /><F127/><W73/><G73/><T0/><D0/><U48/><E122/><V107/><F107/><W118/><G118/><T103/><D71/><U62/><E123/><V90/><F90/><N who="3" m="53319" /><G34/><T135/><D103/><U115/><E115/><V2/><F37/><W70/><G39/><T95/><D89/><U79/><E79/><V47/><F128/><W10/><G10/><T100/><D100/><U93/><E93/><V36/><F41/><W126/><G126/><T12/><D42/><U129/><E129/><V81/><F81/><W17/><G133/><T59/><D135/><U105/><E96/><V52/><F52/><N who="3" m="20011" /><G50/><T116/><D49/><U74/><E105/><V99/><F99/><W87/><G87/><T119/><D116/><U25/><E74/><V113/><F3/><W26/><G38/><T85/><D85/><U35/><E53/><V18/><F2/><W60/><G70/><T65/><D119/><U7/><E48/><V58/><F36/><W76/><G76/><T21/><D29/><N who="1" m="19903" /><E7/><V112/><F112/><W91/><G60/><RYUUKYOKU ba="0,0" sc="273,15,77,15,436,-15,214,-15" hai0="9,12,16,20,21,56,59,65,66,67,88,95,98" hai1="23,25,62,64,69,77,83,86,109,111" /><INIT seed="7,1,0,3,2,67" ten="288,92,421,199" oya="3" hai0="62,3,32,69,20,25,118,17,56,28,7,27,73" hai1="105,128,74,111,80,58,102,38,40,44,33,26,0" hai2="19,90,70,31,52,129,48,55,59,85,18,79,116" hai3="64,92,8,127,133,45,5,123,113,78,108,41,22"/><W51/><G123/><T135/><D73/><U1/><E111/><V49/><F70/><W29/><G108/><T30/><D118/><U132/><E128/><V42/><F42/><W21/><G113/><T35/><D135/><U12/><E132/><V16/><F129/><W114/><G114/><T87/><D87/><U103/><E12/><V71/><F71/><W84/><G133/><T125/><D56/><U77/><E58/><N who="2" m="33031" /><F79/><W86/><G127/><T126/><D62/><U98/><REACH who="1" step="1"/><E102/><REACH who="1" ten="288,82,421,199" step="2"/><V76/><F76/><W130/><G130/><T107/><D126/><U10/><E10/><V54/><F31/><W95/><G29/><T100/><D125/><U65/><E65/><V66/><F116/><W89/><G64/><T37/><D30/><U93/><E93/><N who="2" m="54479" /><F49/><W36/><G36/><T4/><D37/><U63/><E63/><AGARI ba="1,1" hai="16,18,19,54,55,59,63,66" m="54479,33031" machi="63" ten="30,3900,0" yaku="8,1,54,2" doraHai="67" who="2" fromWho="1" sc="288,0,82,-42,421,52,199,0" owari="288,9.0,40,-46.0,473,57.0,199,-20.0" /></mjloggm>