<mjloggm ver="2.3"><GO type="41"/><UN n0="%E3%81%84%E3%81%A8%E3%81%A8%E3%81%B5%E3%82%86" n1="%74%61%69%74%73%75" n2="%E3%82%A6%E3%83%AB%E3%83%88%E3%83%A9%E7%AB%8B%E7%9B%B4" n3="%E3%81%9F%E3%82%8D%E3%81%86%E3%81%A8%E3%81%94%E3%82%8D%E3%81%86" dan="15,13,15,14" rate="1927,1876,1979,1913" sx="M,M,M,M"/><TAIKYOKU oya="0"/><INIT seed="0,0,0,0,0,72" ten="250,250,250,250" oya="0" hai0="11,50,79,20,112,13,35,77,63,69,100,109,51" hai1="2,34,129,105,124,31,49,64,89,96,85,81,37" hai2="135,10,111,45,24,41,86,58,101,16,18,121,131" hai3="84,38,132,47,12,104,66,61,73,67,82,76,88"/><T110/><D112/><U40/><E37/><V48/><F121/><W94/><G132/><T22/><D35/><U68/><E2/><V44/><F135/><W1/><G1/><T42/><D100/><U117/><E117/><V93/><F131/><W14/><G67/><T116/><D116/><U127/><E129/><V133/><F133/><W87/><G87/><T54/><D22/><U128/><E128/><V23/><F111/><N who="0" m="42506" /><D20/><U91/><E68/><V25/><F45/><W7/><G7/><N who="0" m="3327" /><D42/><U107/><E64/><V80/><F58/><W55/><G104/><N who="1" m="40010" /><E34/><V120/><F120/><W46/><G46/><N who="0" m="28023" /><D50/><U102/><E31/><V71/><F71/><W36/><G36/><T118/><D118/><U4/><E4/><V83/><F25/><W29/><G29/><T59/><D69/><U17/><E17/><V56/><F56/><W33/><G33/><T62/><D62/><U113/><E49/><V99/><F10/><W74/><G55/><AGARI ba="0,0" hai="55,59,63,77,79" m="28023,3327,42506" machi="55" ten="30,11600,0" yaku="14,1,10,1,52,2" doraHai="72" who="0" fromWho="3" sc="250,116,250,0,250,0,250,-116" /><INIT seed="0,1,0,2,2,19" ten="366,250,250,134" oya="0" hai0="34,96,12,16,110,35,2,92,38,31,60,86,102" hai1="98,69,4,118,54,63,7,85,106,131,22,81,70" hai2="56,78,0,115,124,103,91,122,15,133,65,61,125" hai3="14,89,113,21,66,59,94,87,13,50,46,83,52"/><T67/><D2/><U45/><E70/><V40/><F0/><W53/><G113/><T43/><D110/><U97/><E131/><V64/><F103/><W17/><G66/><T130/><D130/><U134/><E134/><V111/><F78/><W3/><G3/><T27/><D34/><U99/><E106/><V42/><F91/><W112/><G112/><T29/><D31/><U33/><E33/><V95/><F95/><W10/><G83/><T72/><D72/><U135/><E135/><V108/><F15/><W9/><G14/><T36/><D43/><N who="2" m="16426" /><F133/><W128/><G128/><T120/><D86/><U32/><E32/><V41/><F115/><W47/><G47/><T51/><D51/><AGARI ba="1,0" hai="9,10,13,17,21,46,50,51,52,53,59,87,89,94" machi="51" ten="30,12000,2" yaku="7,1,25,2,8,1,52,1,54,1" doraHai="19" who="3" fromWho="0" sc="366,-123,250,0,250,0,134,123" /><INIT seed="1,0,0,3,4,134" ten="243,250,250,257" oya="1" hai0="76,9,115,16,59,45,54,124,48,87,30,14,55" hai1="72,126,36,68,101,46,33,73,107,29,105,26,8" hai2="69,20,99,109,67,65,57,79,53,71,64,27,24" hai3="93,78,1,111,75,106,4,66,51,11,129,25,127"/><U37/><E8/><V135/><F135/><W116/><G106/><T97/><D115/><U132/><E132/><V63/><F109/><W0/><G111/><T62/><D124/><U21/><E21/><V40/><F79/><W123/><G123/><T49/><D30/><U56/><E56/><V61/><F24/><W88/><G1/><T133/><D133/><U117/><E117/><V112/><F112/><W118/><G66/><N who="2" m="25705" /><F99/><W113/><G113/><T52/><D97/><U100/><E68/><N who="2" m="42095" /><F20/><W34/><G78/><T23/><D76/><U110/><E110/><V42/><F27/><W58/><G75/><T119/><D119/><N who="3" m="45609" /><G25/><N who="0" m="14567" /><D87/><U5/><E5/><V44/><F42/><W89/><G34/><T22/><D22/><U96/><E126/><V102/><F102/><W128/><G127/><T43/><D48/><AGARI ba="0,0" hai="40,44,48,53,57,63,69,71" m="42095,25705" machi="48" ten="30,8000,1" yaku="35,5" doraHai="134" who="2" fromWho="0" sc="243,-80,250,0,250,80,257,0" /><INIT seed="2,0,0,0,1,49" ten="163,250,330,257" oya="2" hai0="67,11,6,36,96,132,39,26,105,17,95,117,118" hai1="52,54,47,107,50,55,74,115,87,111,129,108,61" hai2="120,73,3,32,62,0,106,92,57,93,100,113,7" hai3="43,78,14,59,122,124,88,41,68,9,37,35,12"/><V18/><F120/><W128/><G68/><T79/><D105/><U15/><E107/><V81/><F113/><W23/><G35/><T97/><D132/><U89/><E74/><V34/><F106/><W28/><G122/><T1/><D79/><U80/><E115/><V53/><F93/><W2/><G2/><T123/><D123/><U58/><E129/><V134/><F134/><W66/><G78/><T40/><D67/><U91/><E91/><V38/><F38/><W126/><G128/><T130/><D130/><U10/><E111/><V84/><F73/><W125/><G37/><T101/><D40/><N who="3" m="15433" /><G23/><N who="0" m="13679" /><D97/><U98/><E98/><V63/><F34/><W85/><G28/><T102/><D101/><U42/><E108/><V4/><F32/><W119/><G119/><AGARI ba="0,0" hai="1,6,11,36,39,95,96,102,117,118,119" m="13679" machi="119" ten="30,1000,0" yaku="12,1" doraHai="49" who="0" fromWho="3" sc="163,10,250,0,330,0,257,-10" /><INIT seed="3,0,0,4,1,42" ten="173,250,330,247" oya="3" hai0="123,87,103,25,57,117,52,95,106,113,69,110,85" hai1="49,82,31,59,115,119,11,65,9,28,92,81,50" hai2="51,99,26,88,112,10,19,64,47,108,124,122,17" hai3="104,13,15,70,107,118,89,23,37,20,73,22,14"/><W56/><G70/><T39/><D123/><U68/><E68/><V38/><F38/><W126/><G37/><T102/><D117/><U6/><E65/><V55/><F112/><W61/><G118/><T105/><D113/><U111/><E119/><V35/><F124/><W91/><G73/><T101/><D39/><U80/><E115/><V109/><F122/><W77/><G77/><T67/><D110/><N who="2" m="42602" /><F64/><W84/><G126/><T76/><D67/><U48/><E111/><V130/><F130/><W100/><G100/><T98/><D69/><U5/><E59/><V12/><F35/><W120/><G120/><T45/><D45/><U24/><E92/><N who="2" m="56711" /><F26/><W127/><G127/><T121/><D121/><U97/><E97/><V78/><F78/><W75/><G75/><T58/><D25/><U44/><E24/><V71/><F71/><W7/><G7/><AGARI ba="0,0" hai="7,10,12,17,19,47,51,55" m="56711,42602" machi="7" ten="30,3900,0" yaku="14,1,52,1,54,1" doraHai="42" who="2" fromWho="3" sc="173,0,250,0,330,39,247,-39" /><INIT seed="4,0,0,5,0,8" ten="173,250,369,208" oya="0" hai0="3,24,81,115,83,11,63,9,66,113,23,53,109" hai1="50,120,59,107,126,49,117,119,13,131,116,52,84" hai2="123,88,19,15,38,67,20,80,6,111,132,90,65" hai3="16,130,100,17,97,58,105,0,4,77,102,27,44"/><T114/><D109/><U82/><E107/><V96/><F111/><W29/><G130/><T128/><D128/><U101/><E101/><V51/><F38/><W10/><G102/><T85/><D53/><U46/><E120/><V31/><F123/><W26/><G26/><T56/><D3/><U1/><E1/><V48/><F132/><W135/><G135/><T43/><D43/><U124/><E131/><V37/><F37/><W40/><G58/><T91/><REACH who="0" step="1"/><D83/><REACH who="0" step="2"/><U14/><E126/><V64/><F80/><W22/><REACH who="3" step="1"/><G77/><REACH who="3" step="2"/><T60/><D60/><U69/><E124/><V125/><F125/><W30/><G30/><AGARI ba="0,2" hai="9,11,23,24,30,56,63,66,81,85,91,113,114,115" machi="30" ten="40,3900,0" yaku="1,1,15,1,53,0" doraHai="8" doraHaiUra="45" who="0" fromWho="3" sc="163,59,250,0,369,0,198,-39" /><INIT seed="4,1,0,0,1,77" ten="222,250,369,159" oya="0" hai0="57,13,83,131,133,94,58,38,135,121,32,26,105" hai1="4,117,33,108,5,53,93,65,134,2,49,0,98" hai2="23,70,72,69,101,99,48,130,104,62,71,3,16" hai3="63,115,28,127,89,76,73,107,54,66,12,85,106"/><T17/><D121/><U111/><E65/><V43/><F3/><N who="1" m="1065" /><E117/><V34/><F34/><W55/><G28/><T64/><D105/><U27/><E98/><V1/><F1/><W118/><G118/><T95/><D38/><U102/><E102/><V132/><F72/><W19/><G76/><T8/><D131/><U61/><E61/><V67/><F130/><W37/><G73/><T122/><D122/><U80/><E80/><V124/><F124/><W97/><G37/><T15/><D15/><U47/><E93/><N who="0" m="35337" /><D64/><U113/><E113/><V40/><F132/><N who="0" m="50762" /><D32/><U29/><E134/><V81/><F69/><W78/><G115/><T6/><D83/><U45/><E45/><V60/><F81/><W100/><G78/><T110/><D110/><N who="1" m="42027" /><E53/><V84/><F70/><W51/><G107/><T21/><AGARI ba="1,0" hai="6,8,13,17,21,26,57,58" m="50762,35337" machi="21" ten="30,1500,0" yaku="20,1" doraHai="77" who="0" fromWho="0" sc="222,18,250,-6,369,-6,159,-6" /><INIT seed="4,2,0,2,0,95" ten="240,244,363,153" oya="0" hai0="112,2,119,44,36,75,54,24,64,12,26,38,52" hai1="121,50,29,118,82,16,73,81,34,71,87,90,56" hai2="19,115,101,107,48,129,80,113,97,135,65,91,93" hai3="102,1,67,25,21,59,109,40,43,17,66,13,22"/><T53/><D2/><U18/><E71/><V103/><F65/><W46/><G109/><T83/><D119/><U100/><E34/><V77/><F48/><W105/><G1/><T41/><D112/><N who="2" m="43082" /><F19/><W108/><G43/><T114/><D114/><U37/><E37/><V14/><F14/><W60/><G67/><T4/><D38/><U55/><E29/><V0/><F0/><W84/><G84/><T89/><D64/><U45/><E118/><V42/><F42/><W63/><G63/><T79/><REACH who="0" step="1"/><D89/><REACH who="0" step="2"/><U127/><E121/><V47/><F129/><W106/><G108/><T39/><D39/><U6/><E127/><V99/><F135/><W8/><G102/><T72/><D72/><U123/><E100/><N who="2" m="62863" /><F47/><W62/><G46/><T126/><D126/><U32/><E123/><V33/><F33/><W98/><G66/><T117/><D117/><U3/><E32/><V35/><F35/><W31/><G40/><T15/><D15/><U9/><E45/><V61/><F61/><W130/><G62/><T116/><D116/><U23/><E73/><AGARI ba="2,1" hai="73,77,80,91,93,99,101,103" m="62863,43082" machi="73" ten="30,8000,1" yaku="15,1,34,2,52,2" doraHai="95" who="2" fromWho="1" sc="230,0,244,-86,363,96,153,0" /><INIT seed="5,0,0,2,2,105" ten="230,158,459,153" oya="1" hai0="27,41,33,124,75,10,89,61,2,86,93,80,131" hai1="64,90,63,53,60,9,129,55,19,97,94,102,32" hai2="83,113,40,7,125,34,120,109,1,71,52,49,39" hai3="59,122,24,103,50,133,98,78,135,116,35,56,123"/><U29/><E32/><V92/><F7/><W73/><G24/><T99/><D131/><U126/><E29/><V48/><F83/><N who="3" m="45519" /><G35/><T26/><D124/><U132/><E129/><V30/><F92/><W79/><G50/><T11/><D75/><U12/><E126/><V70/><F30/><W38/><G38/><T85/><D41/><U5/><E132/><N who="3" m="50762" /><G59/><T96/><D61/><U17/><E102/><V14/><F14/><W65/><G56/><T101/><D2/><U110/><E110/><V108/><F34/><W57/><G57/><T18/><D33/><U47/><E64/><V44/><F1/><W119/><G65/><T15/><D10/><U16/><E53/><V115/><F125/><W37/><G37/><T0/><D0/><U8/><E8/><V117/><F39/><W88/><G79/><T72/><D26/><U134/><E134/><V128/><F128/><W84/><G98/><T127/><D27/><U46/><REACH who="1" step="1"/><E55/><REACH who="1" step="2"/><N who="2" m="30087" /><F71/><W6/><G103/><T13/><D127/><U106/><E106/><V42/><F70/><W104/><G104/><T77/><D15/><U45/><AGARI ba="0,1" hai="5,9,12,16,17,19,45,46,47,60,63,90,94,97" machi="45" ten="30,11700,0" yaku="1,1,0,1,8,1,54,1,53,0" doraHai="105" doraHaiUra="23" who="1" fromWho="1" sc="230,-39,148,127,459,-39,153,-39" /><INIT seed="5,1,0,4,2,51" ten="191,275,420,114" oya="1" hai0="59,9,10,4,45,109,21,105,16,30,76,90,14" hai1="129,40,103,44,104,26,18,25,67,63,108,71,77" hai2="92,41,43,61,27,89,99,39,65,20,6,111,46" hai3="64,80,55,70,19,33,117,125,73,101,114,7,96"/><U72/><E26/><V56/><F111/><W8/><G33/><T131/><D105/><U83/><E108/><V110/><F110/><W52/><G114/><T127/><D109/><U29/><E18/><V53/><F6/><W34/><G34/><T24/><D127/><U32/><E129/><V98/><F43/><W100/><G125/><T79/><D131/><U132/><E132/><V135/><F135/><W54/><G19/><T49/><D59/><U133/><E133/><V116/><F116/><W48/><G117/><T23/><D90/><U28/><E28/><V115/><F115/><W82/><G73/><T1/><REACH who="0" step="1"/><D9/><REACH who="0" step="2"/><U0/><E44/><V120/><F120/><W35/><G35/><T11/><D11/><U134/><E134/><V124/><F124/><W118/><G118/><T121/><D121/><U66/><E66/><V123/><F123/><W128/><G128/><T106/><D106/><U37/><E40/><AGARI ba="1,1" hai="1,4,10,14,16,21,23,24,30,40,45,49,76,79" machi="40" ten="30,3900,0" yaku="1,1,7,1,54,1,53,0" doraHai="51" doraHaiUra="88" who="0" fromWho="1" sc="181,52,275,-42,420,0,114,0" /><INIT seed="6,0,0,3,0,25" ten="233,233,420,114" oya="2" hai0="100,37,76,128,104,20,92,17,22,124,89,36,78" hai1="127,86,44,62,82,2,65,0,1,123,109,85,47" hai2="6,34,40,19,5,133,111,69,14,129,41,88,112" hai3="119,101,18,7,51,8,38,58,83,122,66,77,46"/><V132/><F69/><W64/><G38/><T105/><D128/><U102/><E127/><V81/><F41/><W108/><G122/><T32/><D32/><U4/><E102/><V93/><F81/><W103/><G108/><T13/><D124/><U11/><E109/><V118/><F111/><W29/><G18/><T61/><D61/><U91/><E123/><V33/><F40/><W97/><G119/><T52/><D52/><U31/><E86/><V75/><F75/><W79/><G77/><T116/><D116/><U43/><E47/><V50/><F50/><W121/><G121/><T35/><D35/><U80/><E80/><V95/><F118/><W74/><G101/><T73/><D100/><U60/><E60/><V15/><F129/><W55/><G58/><T45/><D45/><U3/><E62/><V72/><F72/><W57/><G57/><T99/><D20/><U16/><E65/><V70/><F19/><W30/><G64/><T130/><D130/><U68/><E68/><V42/><F42/><W53/><G55/><T125/><D125/><U84/><E84/><V49/><F49/><W96/><G66/><T120/><D120/><U107/><E107/><N who="0" m="41033" /><D73/><U134/><E134/><V27/><F70/><W87/><G74/><T39/><D76/><U117/><E117/><V48/><F48/><W94/><REACH who="3" step="1"/><G97/><REACH who="3" step="2"/><T135/><D78/><U131/><E131/><V10/><F132/><W28/><G28/><T26/><D135/><U71/><E71/><V90/><F133/><W59/><G59/><T24/><D37/><U113/><E31/><V98/><F98/><RYUUKYOKU ba="0,1" sc="233,15,233,-15,420,-15,104,15" hai0="13,17,22,24,26,36,39,89,92,99" hai3="7,8,29,30,46,51,53,79,83,87,94,96,103" /><INIT seed="7,1,1,0,5,128" ten="248,218,405,119" oya="3" hai0="43,122,134,87,1,115,7,67,9,88,40,119,27" hai1="61,111,106,133,25,17,120,92,118,29,54,31,107" hai2="50,59,24,126,78,60,22,84,65,132,8,39,85" hai3="99,89,116,129,42,105,94,52,71,49,41,110,11"/><W47/><G116/><T73/><D134/><U113/><E61/><V103/><F39/><W96/><G129/><T35/><D119/><U66/><E66/><V79/><F103/><W131/><G131/><T19/><D73/><U21/><E118/><V112/><F112/><W72/><G72/><T16/><D115/><U33/><E113/><V76/><F132/><W121/><G121/><T130/><D122/><U80/><E120/><V15/><F50/><W30/><G71/><T93/><D130/><U14/><E80/><V38/><F38/><W68/><G68/><T98/><D67/><U104/><E111/><V97/><F97/><W86/><G110/><T6/><D6/><U102/><E54/><V3/><F3/><W101/><G30/><T64/><D64/><U83/><E83/><V55/><F65/><W124/><G124/><T75/><D75/><U123/><E123/><V58/><F58/><W57/><G11/><T20/><D35/><U28/><E133/><V56/><F56/><W44/><REACH who="3" step="1"/><G99/><REACH who="3" step="2"/><T62/><D98/><U0/><E29/><N who="2" m="17559" /><F126/><W5/><G5/><AGARI ba="1,2" hai="5,8,15,55,59,60,76,78,79,84,85" m="17559" machi="5" ten="30,1000,0" yaku="8,1" doraHai="128" who="2" fromWho="3" sc="248,0,218,0,405,33,109,-13" owari="248,5,218,-18,438,53,96,-40" /></mjloggm>