<mjloggm ver="2.3"><GO type="169"/><UN n0="%E3%81%9F%E3%81%AC%E3%81%95%E3%82%93" n1="%E3%80%93%E6%9D%BE%E4%BA%95%EF%BC%A3%EF%BC%B3%E3%80%93" n2="%EF%BC%88%E2%89%A7%E2%96%BD%E2%89%A6%EF%BC%89" n3="%E3%83%87%E3%82%B8%E3%82%BF%E3%83%AB%E4%BB%99%E4%BA%BA" dan="16,16,16,16" rate="2070,2045,2120,2131" sx="M,M,M,F"/><TAIKYOKU oya="0"/><INIT seed="0,0,0,2,1,95" ten="250,250,250,250" oya="0" hai0="113,48,106,57,104,130,8,98,59,51,118,123,67" hai1="50,110,68,4,5,83,3,116,124,66,41,49,60" hai2="34,38,87,128,120,85,101,46,135,112,100,15,36" hai3="1,22,78,91,29,10,108,71,114,16,42,131,53"/><T43/><D118/><U111/><E116/><V121/><F34/><W35/><G71/><T132/><D113/><U119/><E119/><V2/><F2/><W133/><G42/><T37/><D123/><U94/><E124/><V62/><F62/><W14/><G78/><T69/><D8/><U25/><E83/><V12/><F46/><W24/><G53/><N who="0" m="31911" /><D98/><U18/><E3/><V99/><F135/><W74/><G74/><T77/><D77/><U125/><E125/><V117/><F117/><W129/><G91/><T76/><D76/><U6/><E41/><V93/><F93/><W63/><G63/><N who="0" m="40191" /><D132/><U30/><E18/><V54/><F112/><W26/><G114/><T52/><D130/><N who="3" m="49673" /><G133/><T47/><AGARI ba="0,0" hai="37,43,47,51,52,59,104,106" m="40191,31911" machi="47" ten="30,3000,0" yaku="24,1,54,1" doraHai="95" who="0" fromWho="0" sc="250,30,250,-10,250,-10,250,-10" /><INIT seed="0,1,0,5,2,59" ten="280,240,240,240" oya="0" hai0="68,37,53,45,97,73,81,88,62,98,40,131,90" hai1="94,18,41,10,134,78,2,49,28,95,63,51,42" hai2="108,128,48,84,57,82,36,15,38,87,113,72,74" hai3="21,103,17,13,66,29,89,100,105,86,106,12,32"/><T121/><D121/><U25/><E134/><V123/><F123/><W23/><G32/><T26/><D131/><U101/><E78/><V31/><F113/><W118/><G118/><T69/><D69/><U3/><E101/><V60/><F128/><W120/><G120/><T54/><D54/><U44/><E18/><V75/><F108/><W16/><G29/><T85/><D73/><U116/><E116/><V79/><F31/><W24/><G24/><T64/><D53/><U70/><E10/><V109/><F109/><W65/><G86/><T119/><D119/><U27/><E28/><V1/><F1/><W46/><G89/><T0/><D0/><U99/><E99/><V7/><F48/><W6/><G46/><T39/><D39/><U125/><E125/><V61/><F87/><W115/><REACH who="3" step="1"/><G6/><REACH who="3" ten="280,240,240,230" step="2"/><T33/><D33/><U67/><E27/><V4/><F4/><W77/><G77/><T14/><D26/><U124/><E25/><V19/><F7/><W133/><G133/><T102/><D90/><U30/><E30/><V93/><F74/><W127/><G127/><T111/><D111/><U43/><E124/><V117/><F117/><W11/><G11/><T58/><D14/><U52/><E2/><V112/><F75/><W132/><G132/><T104/><D98/><U110/><E3/><V8/><F72/><W71/><G71/><T129/><D129/><U22/><E110/><V76/><F76/><W50/><G50/><N who="1" m="18954" /><E22/><N who="2" m="11647" /><F79/><W122/><G122/><T92/><D68/><U96/><E96/><V56/><F84/><W55/><G55/><T107/><AGARI ba="1,1" hai="37,40,45,58,62,64,81,85,88,92,97,102,104,107" machi="107" ten="30,11700,0" yaku="5,1,0,1,52,1,54,1" doraHai="59" who="0" fromWho="0" sc="280,130,240,-40,240,-40,230,-40" /><INIT seed="0,2,0,3,1,69" ten="410,200,200,190" oya="0" hai0="81,23,117,7,111,105,84,20,5,31,122,24,49" hai1="107,32,118,67,30,78,2,87,133,45,47,108,44" hai2="64,74,17,98,61,43,119,63,34,101,132,29,6" hai3="68,131,116,71,52,134,82,27,123,54,76,80,37"/><T92/><D117/><U22/><E32/><V124/><F74/><W125/><G116/><T126/><D122/><U104/><E2/><V95/><F119/><W106/><G123/><T110/><D105/><U93/><E118/><V51/><F132/><W77/><G106/><T11/><D126/><U66/><E133/><V26/><F124/><W56/><G125/><T79/><D92/><U127/><E127/><V12/><F6/><W70/><G134/><T88/><D79/><U99/><E108/><N who="0" m="41513" /><D49/><U50/><E107/><V72/><F72/><W91/><G27/><N who="0" m="16871" /><D11/><U120/><E104/><V100/><F100/><W48/><G91/><T38/><D38/><U35/><E35/><V36/><F51/><W9/><G9/><T60/><D60/><U16/><E120/><V86/><F86/><W41/><G131/><T28/><AGARI ba="2,0" hai="5,7,23,24,28,81,84,88" m="16871,41513" machi="28" ten="30,6000,0" yaku="14,1,10,1,54,1" doraHai="69" who="0" fromWho="0" sc="410,66,200,-22,200,-22,190,-22" /><INIT seed="0,3,0,2,5,121" ten="476,178,178,168" oya="0" hai0="125,127,29,112,55,28,19,67,113,60,99,87,103" hai1="37,94,95,118,89,102,75,90,48,81,53,104,115" hai2="15,23,106,4,71,114,44,124,98,52,9,126,96" hai3="47,83,39,132,63,62,76,120,135,84,41,82,88"/><T33/><D87/><U109/><E37/><V24/><F71/><W111/><G120/><T13/><D55/><U18/><E118/><V79/><F79/><W107/><G107/><N who="0" m="63999" /><D33/><U80/><E115/><N who="0" m="44105" /><D19/><U1/><E1/><V25/><F106/><W74/><REACH who="3" step="1"/><G111/><REACH who="3" ten="476,178,178,158" step="2"/><T3/><D127/><U8/><E109/><V42/><F114/><W49/><G49/><T16/><D125/><U133/><E104/><V101/><F126/><W14/><G14/><T51/><D3/><U70/><E48/><N who="2" m="28679" /><F124/><W108/><G108/><T100/><D51/><U85/><E133/><AGARI ba="3,1" hai="39,41,47,62,63,74,76,82,83,84,88,132,133,135" machi="133" ten="40,5200,0" yaku="1,1,20,1,54,1,53,0" doraHai="121" doraHaiUra="31" who="3" fromWho="1" sc="476,0,178,-61,178,0,158,71" /><INIT seed="1,0,0,3,2,40" ten="476,117,178,229" oya="1" hai0="71,98,117,56,107,5,122,59,53,69,79,22,113" hai1="46,70,72,50,55,52,37,93,110,29,100,125,4" hai2="92,13,7,35,44,62,106,33,74,104,66,60,134" hai3="41,96,127,54,130,65,121,94,116,1,87,67,36"/><U43/><E72/><V23/><F74/><W51/><G121/><T111/><D5/><U81/><E70/><V132/><F92/><W28/><G116/><T47/><D79/><U61/><E29/><V34/><F7/><W99/><G1/><T45/><D113/><U31/><E31/><V102/><F102/><W77/><G36/><T82/><D53/><U9/><E125/><V101/><F101/><W108/><G41/><T10/><D10/><U25/><E25/><V39/><F13/><W19/><G28/><T8/><D8/><U21/><E21/><V103/><F23/><W114/><G114/><T105/><D22/><U14/><E110/><V123/><F123/><W63/><G108/><T78/><D111/><U91/><E37/><V128/><F128/><W2/><G130/><T64/><D64/><U126/><E126/><V57/><F62/><W27/><G2/><T26/><D26/><U3/><E3/><V11/><F11/><W131/><G131/><T118/><D78/><U68/><E68/><V115/><F115/><W119/><G119/><T75/><D75/><U129/><E129/><V17/><F17/><W38/><G19/><T48/><D122/><U58/><E100/><V6/><F6/><W135/><G27/><T12/><D12/><U124/><E124/><V95/><F95/><W86/><G94/><T49/><D82/><U109/><E109/><V0/><F0/><W84/><G127/><T83/><D83/><U73/><E73/><V112/><F112/><W16/><G77/><T88/><D98/><N who="1" m="57663" /><E81/><V42/><F104/><W90/><G96/><AGARI ba="0,0" hai="33,34,35,39,42,44,57,60,66,96,103,106,132,134" machi="96" ten="50,3200,0" yaku="6,1,52,1" doraHai="40" who="2" fromWho="3" sc="476,0,117,0,178,32,229,-32" /><INIT seed="2,0,0,1,4,25" ten="476,117,210,197" oya="2" hai0="114,111,42,4,8,22,87,101,131,65,102,49,60" hai1="67,132,18,1,45,29,48,56,122,2,126,52,105" hai2="88,37,95,112,16,128,47,109,55,41,40,17,129" hai3="83,53,99,81,61,31,96,7,13,93,34,117,14"/><V68/><F112/><W66/><G117/><T24/><D114/><U119/><E119/><V51/><F68/><W97/><G93/><T50/><D111/><U82/><E105/><V27/><F109/><W130/><G130/><N who="2" m="50281" /><F27/><W23/><G34/><T5/><D87/><U59/><E1/><V103/><F103/><W85/><G53/><T9/><D131/><U64/><E2/><V98/><F41/><W38/><G38/><T75/><D75/><U84/><E132/><V123/><F123/><W133/><G133/><T54/><D42/><U0/><E0/><V36/><F36/><W77/><G83/><T100/><D65/><N who="1" m="25163" /><E126/><V6/><F6/><N who="0" m="2666" /><D60/><U135/><E135/><V134/><F134/><W118/><G7/><T57/><D50/><U108/><E108/><V107/><F107/><W116/><G116/><T28/><AGARI ba="0,0" hai="8,9,22,24,28,49,54,57,100,101,102" m="2666" machi="28" ten="30,2000,0" yaku="8,1,52,1" doraHai="25" who="0" fromWho="0" sc="476,20,117,-5,210,-10,197,-5" /><INIT seed="3,0,0,1,0,72" ten="496,112,200,192" oya="3" hai0="102,122,125,131,109,74,73,69,82,111,130,4,71" hai1="22,134,92,76,27,5,113,7,3,12,46,95,40" hai2="60,89,13,28,6,118,25,31,66,26,24,85,61" hai3="106,120,10,135,62,94,20,63,36,16,33,67,108"/><W15/><G120/><T105/><D4/><U57/><E113/><V97/><F118/><W68/><G106/><T90/><D122/><U50/><E134/><V115/><F97/><W133/><G33/><T38/><D38/><U45/><E3/><V99/><F99/><W77/><G36/><T47/><D47/><U0/><E0/><V41/><F41/><W43/><G43/><T83/><D105/><U35/><E35/><V80/><F115/><W34/><G34/><T1/><D102/><U32/><E32/><V84/><F84/><W70/><G94/><T21/><D21/><U127/><E127/><V104/><F104/><W107/><G107/><T132/><D1/><U101/><E101/><V75/><F75/><N who="0" m="28682" /><D90/><U18/><E46/><V96/><F96/><W8/><G77/><T123/><D123/><U14/><E57/><N who="2" m="37167" /><F60/><W126/><G126/><T112/><D112/><U55/><E40/><V59/><F59/><W29/><G29/><T48/><D125/><U91/><E76/><V129/><F129/><N who="0" m="49162" /><D48/><U88/><E95/><V39/><F39/><W103/><G103/><T79/><D79/><U98/><REACH who="1" step="1"/><E91/><REACH who="1" ten="496,102,200,192" step="2"/><V42/><F42/><W44/><G44/><T124/><D124/><U53/><E53/><V87/><F87/><W81/><G135/><T64/><D132/><U11/><E11/><AGARI ba="0,1" hai="6,11,13,24,25,26,28,31,80,85,89" m="37167" machi="11" ten="30,1000,0" yaku="8,1" doraHai="72" who="2" fromWho="1" sc="496,0,102,-10,200,20,192,0" /><INIT seed="4,0,0,2,4,71" ten="496,92,220,192" oya="0" hai0="49,106,129,34,76,67,37,25,110,85,24,48,88" hai1="65,127,108,69,61,16,41,99,57,43,90,120,74" hai2="84,122,3,39,10,132,86,54,7,111,33,100,45" hai3="117,102,82,87,78,13,36,130,116,105,15,1,70"/><T31/><D106/><U2/><E2/><V40/><F111/><W44/><G70/><T80/><D110/><U68/><E74/><V98/><F122/><W50/><G1/><T131/><D67/><U103/><E108/><V26/><F132/><W9/><G130/><N who="0" m="49675" /><D37/><U135/><E120/><V63/><F54/><W134/><G134/><T38/><D38/><U73/><E73/><V21/><F63/><W56/><G15/><T114/><D114/><U66/><E135/><V62/><F33/><W75/><G56/><T18/><D76/><U77/><E77/><V42/><F42/><W35/><G36/><T121/><D121/><U124/><E90/><V52/><F52/><W46/><G35/><N who="0" m="20967" /><D18/><U115/><E115/><V30/><F62/><W59/><G75/><T125/><D125/><U107/><E69/><V104/><AGARI ba="0,0" hai="3,7,10,21,26,30,39,40,45,84,86,98,100,104" machi="104" ten="20,2700,0" yaku="0,1,7,1,52,1" doraHai="71" who="2" fromWho="2" sc="496,-13,92,-7,220,27,192,-7" /><INIT seed="5,0,0,2,3,19" ten="483,85,247,185" oya="1" hai0="54,4,109,124,57,108,52,78,42,15,84,5,40" hai1="38,28,134,39,117,21,126,128,68,123,29,47,1" hai2="93,121,122,135,58,43,22,112,8,62,36,105,16" hai3="133,95,89,7,81,41,12,11,79,77,50,45,23"/><U18/><E117/><V94/><F105/><W96/><G133/><T3/><D3/><U107/><E123/><V92/><F135/><W106/><G106/><T90/><D78/><U2/><E134/><V102/><F102/><W113/><G113/><T86/><D124/><U131/><E107/><V44/><F8/><W46/><G46/><T130/><D130/><N who="1" m="49707" /><E68/><V53/><REACH who="2" step="1"/><F112/><REACH who="2" ten="483,85,237,185" step="2"/><W120/><G120/><T6/><D109/><U33/><E126/><V17/><F17/><W127/><G127/><T37/><D108/><U63/><E33/><V110/><F110/><W67/><G67/><T72/><D72/><U56/><E1/><V118/><F118/><W101/><G23/><T24/><D6/><U85/><E2/><V35/><F35/><W82/><G101/><T75/><D75/><U97/><E29/><V20/><F20/><W111/><G111/><T71/><D5/><U61/><E28/><V116/><F116/><W59/><G77/><T9/><D71/><U48/><E97/><V129/><F129/><W26/><G79/><T51/><D4/><U88/><E21/><V76/><F76/><W114/><G114/><T119/><D119/><U100/><E18/><V73/><F73/><W70/><G96/><T49/><D86/><U115/><E100/><V104/><F104/><W55/><G11/><T34/><D34/><U103/><E103/><V66/><F66/><W13/><G7/><T80/><D84/><U83/><E115/><V132/><F132/><W87/><G70/><T98/><D98/><U65/><E63/><V91/><F91/><W99/><G99/><RYUUKYOKU ba="0,1" sc="483,-15,85,15,237,15,185,-15" hai1="38,39,47,48,56,61,65,83,85,88" hai2="16,22,36,43,44,53,58,62,92,93,94,121,122" /><INIT seed="5,1,1,0,2,24" ten="468,100,252,170" oya="1" hai0="121,41,103,133,44,33,32,63,97,52,106,47,10" hai1="130,109,3,115,76,65,61,129,8,40,134,108,99" hai2="110,18,60,11,50,57,15,127,29,105,128,117,48" hai3="46,132,89,51,22,81,68,71,74,119,96,35,64"/><U113/><E76/><V111/><F105/><W85/><G35/><T120/><D133/><U92/><E134/><V100/><F117/><W19/><G132/><T70/><D10/><U34/><E34/><N who="0" m="13417" /><D41/><U66/><E3/><V49/><F128/><N who="1" m="49257" /><E8/><V107/><F127/><W55/><G119/><T2/><D2/><U13/><E13/><V95/><F107/><W131/><G131/><T14/><D14/><U23/><E23/><V90/><F100/><W91/><G64/><N who="1" m="24682" /><E61/><V53/><F29/><W94/><G74/><T16/><D16/><U84/><E84/><V69/><F69/><W54/><G55/><T123/><D52/><U79/><E79/><V93/><REACH who="2" step="1"/><F93/><REACH who="2" ten="468,100,242,170" step="2"/><W58/><G68/><T83/><D70/><U77/><E77/><V6/><F6/><W101/><G71/><T122/><D122/><U126/><E126/><V7/><F7/><W26/><G101/><T59/><D83/><U78/><E78/><V28/><F28/><W30/><G19/><T43/><D120/><U9/><E40/><V98/><AGARI ba="1,2" hai="11,15,18,48,49,50,53,57,60,90,95,98,110,111" machi="98" ten="30,2000,0" yaku="1,1,0,1,53,0" doraHai="24" doraHaiUra="62" who="2" fromWho="2" sc="468,-6,100,-11,242,43,170,-6" /><INIT seed="6,0,0,5,5,55" ten="462,89,285,164" oya="2" hai0="124,4,130,122,75,53,125,97,82,41,105,62,106" hai1="109,61,102,52,77,99,43,26,91,60,118,10,74" hai2="15,127,134,86,44,100,11,22,85,111,17,14,5" hai3="126,56,34,68,83,3,21,103,78,110,90,58,6"/><V108/><F134/><W128/><G34/><T57/><D122/><U123/><E109/><N who="2" m="42059" /><F127/><N who="0" m="48714" /><D130/><U63/><E118/><V135/><F135/><W32/><G32/><T0/><D41/><U112/><E123/><V94/><F44/><W121/><G68/><T69/><D69/><U48/><E112/><V33/><F33/><W2/><G110/><T132/><D132/><U35/><E43/><V70/><F70/><W93/><G126/><T92/><D82/><U16/><E91/><N who="2" m="53615" /><F86/><W73/><G121/><T12/><D75/><U20/><E35/><V131/><F100/><W133/><G103/><N who="0" m="60839" /><D0/><U119/><E119/><V50/><F50/><W113/><G133/><T13/><D4/><U42/><E42/><V54/><F131/><W51/><G128/><T72/><D72/><U87/><E74/><V8/><F54/><W79/><G51/><T39/><D39/><U81/><E10/><AGARI ba="0,0" hai="5,8,10,11,14,15,17,22" m="53615,42059" machi="10" ten="30,1500,0" yaku="10,1" doraHai="55" who="2" fromWho="1" sc="462,0,89,-15,285,15,164,0" /><INIT seed="6,1,0,3,4,83" ten="462,74,300,164" oya="2" hai0="37,115,54,91,90,68,23,86,32,28,59,133,85" hai1="81,122,114,58,82,131,121,106,9,25,111,126,117" hai2="50,61,130,87,2,10,71,66,134,63,35,8,110" hai3="24,128,15,127,44,57,67,20,6,13,21,49,39"/><V4/><F134/><W19/><G127/><T123/><D123/><U34/><E106/><V36/><F36/><W125/><G125/><T104/><D104/><U0/><E126/><V124/><F124/><W30/><G128/><T80/><D32/><U12/><E82/><V102/><F130/><W17/><G39/><T31/><D37/><U84/><E131/><V79/><F35/><W118/><G118/><T38/><D38/><U72/><E72/><V43/><F110/><W51/><G6/><T119/><D68/><U100/><E100/><V5/><F102/><W56/><G67/><T45/><D45/><U112/><E0/><V107/><F107/><W27/><G30/><T41/><D41/><U94/><E94/><V69/><F69/><W29/><G29/><T88/><D133/><U62/><E25/><V26/><F26/><W53/><REACH who="3" step="1"/><G57/><REACH who="3" ten="462,74,300,154" step="2"/><T132/><D132/><U76/><E117/><V96/><F66/><W105/><G105/><T101/><D31/><U98/><E34/><V52/><F71/><W3/><G3/><T135/><D135/><U97/><E111/><V11/><F2/><W1/><G1/><T74/><D28/><U99/><E122/><V55/><F5/><W109/><G109/><T120/><D120/><U65/><REACH who="1" step="1"/><E121/><REACH who="1" ten="462,64,300,154" step="2"/><V42/><F4/><AGARI ba="1,2" hai="4,9,12,58,62,65,76,81,84,97,98,99,112,114" machi="4" ten="40,8000,1" yaku="1,1,2,1,52,1,53,1" doraHai="83" doraHaiUra="75" who="1" fromWho="2" sc="462,0,64,103,300,-83,154,0" /><INIT seed="7,0,0,1,5,90" ten="462,167,217,154" oya="3" hai0="95,127,51,22,15,59,132,16,130,8,43,113,6" hai1="112,71,29,99,14,57,75,69,96,83,76,45,12" hai2="48,97,131,134,114,73,86,53,5,121,44,109,18" hai3="27,108,60,11,125,39,28,105,126,104,91,79,2"/><W40/><G79/><T117/><D117/><U122/><E122/><V24/><F73/><W19/><G108/><T10/><D132/><U110/><E110/><V66/><F114/><W93/><G60/><T128/><D113/><U54/><E112/><V133/><F109/><W64/><G64/><T34/><D34/><U58/><E29/><V36/><F36/><W25/><G40/><T98/><D127/><N who="3" m="48649" /><G39/><T100/><D6/><U30/><E30/><V26/><F131/><N who="0" m="50218" /><D59/><U0/><E58/><V92/><F121/><W20/><G2/><T124/><D124/><U82/><E0/><V72/><F66/><W85/><G11/><T3/><D3/><U23/><E71/><V7/><F72/><W13/><G13/><T84/><D84/><U63/><E69/><V68/><F68/><W70/><G70/><T111/><D111/><U41/><E14/><V102/><F86/><W135/><G135/><N who="2" m="51721" /><F26/><W38/><G38/><T32/><D32/><AGARI ba="0,0" hai="19,20,25,27,28,32,85,91,93,104,105" m="48649" machi="32" ten="30,2900,0" yaku="18,1,52,1" doraHai="90" who="3" fromWho="0" sc="462,-29,167,0,217,0,154,29" /><INIT seed="7,1,0,5,4,129" ten="433,167,217,183" oya="3" hai0="104,31,80,70,39,27,84,107,25,45,85,91,105" hai1="112,74,118,64,111,40,123,110,35,103,0,21,15" hai2="131,16,116,57,71,100,99,2,9,79,20,76,128" hai3="126,44,13,86,61,10,124,120,72,50,33,65,38"/><W88/><G72/><T4/><D70/><U95/><E0/><V51/><F71/><W52/><G33/><T54/><D4/><U7/><E35/><V30/><F30/><W18/><G38/><T82/><D31/><U6/><E74/><V55/><F9/><W101/><G101/><T23/><D23/><U81/><E123/><V58/><F58/><N who="3" m="37047" /><G120/><T96/><D96/><U115/><E81/><AGARI ba="1,0" hai="10,13,18,44,50,52,81,86,88,124,126" m="37047" machi="81" ten="30,5800,0" yaku="25,1,54,2" doraHai="129" who="3" fromWho="1" sc="433,0,167,-61,217,0,183,61" /><INIT seed="7,2,0,2,2,122" ten="433,106,217,244" oya="3" hai0="8,64,79,90,50,30,117,58,91,9,128,135,14" hai1="130,12,6,39,119,43,32,44,33,110,88,76,87" hai2="78,25,67,120,1,5,132,61,104,93,113,56,42" hai3="134,55,115,15,3,108,125,92,85,46,38,49,77"/><W47/><G115/><T127/><D117/><U106/><E106/><V23/><F104/><W0/><G134/><T73/><D30/><U133/><E133/><V103/><F120/><W101/><G125/><T71/><D135/><U45/><E119/><V81/><F113/><W36/><G15/><T62/><D128/><U80/><E130/><V97/><F42/><W68/><G68/><T98/><D79/><U72/><E45/><V66/><F132/><W70/><G70/><T118/><D73/><U95/><E12/><V54/><F5/><W21/><G21/><T11/><D127/><U19/><E19/><V123/><F1/><W59/><G77/><T94/><D118/><U102/><E102/><V65/><F123/><W17/><G17/><T20/><D50/><U74/><E74/><V121/><F121/><W112/><G112/><T109/><D71/><U99/><E99/><V89/><F103/><W10/><G101/><N who="0" m="60631" /><D109/><U2/><REACH who="1" step="1"/><E110/><REACH who="1" ten="433,96,217,244" step="2"/><V63/><F97/><W13/><G108/><T126/><D126/><U82/><E82/><V52/><F81/><W51/><G47/><T69/><D69/><U53/><E53/><V116/><F54/><N who="3" m="30007" /><G3/><T105/><D105/><U107/><E107/><V60/><F116/><W16/><G0/><T129/><D129/><U22/><E22/><V124/><F124/><W111/><G111/><T48/><D48/><U96/><E96/><V26/><F23/><W114/><G114/><T18/><AGARI ba="2,1" hai="8,9,11,14,18,20,58,62,64,90,91" m="60631" machi="18" ten="30,1100,0" yaku="8,1" doraHai="122" who="0" fromWho="0" sc="433,27,96,-5,217,-5,244,-7" owari="460,56.0,91,-41.0,212,-19.0,237,4.0" /></mjloggm>