<mjloggm ver="2.3"><GO type="97"/><UN n0="%E3%81%A1%E3%82%81%E3%81%B4%E3%81%88%E3%81%9B" n1="%EF%BC%88%E2%89%A7%E2%96%BD%E2%89%A6%EF%BC%89" n2="%E6%A1%9C%E7%AB%9C%E2%80%A0%E3%82%BF%E3%83%9E" n3="%E5%8C%97%E6%AC%A7%E5%B9%BC%E5%A5%B3" dan="14,15,15,14" rate="1876,1999,1956,1878" sx="M,M,M,M"/><TAIKYOKU oya="0"/><INIT seed="0,0,0,3,3,5" ten="250,250,250,250" oya="0" hai0="54,106,121,70,135,3,19,13,110,34,1,57,55" hai1="37,123,133,68,12,50,10,124,117,30,52,64,4" hai2="80,127,44,45,41,118,85,86,28,92,76,109,78" hai3="46,122,113,97,75,24,49,132,36,31,96,27,25"/><T21/><D106/><U11/><E117/><V74/><F118/><W63/><G122/><T69/><D34/><U93/><E123/><V77/><F127/><W100/><G113/><T22/><D121/><U105/><E105/><V129/><F28/><W32/><G75/><T120/><D120/><U94/><E37/><V83/><F109/><W40/><G132/><T42/><D135/><U111/><E133/><V6/><F6/><W87/><G87/><N who="2" m="33289" /><F41/><W35/><G63/><T119/><D119/><U48/><E124/><V0/><F0/><W72/><G72/><T65/><D110/><U17/><E111/><V58/><F58/><W108/><G108/><T53/><D42/><U107/><E107/><V103/><F44/><W47/><G31/><T82/><D82/><N who="2" m="31274" /><F45/><W130/><G130/><T73/><D73/><U56/><E30/><V126/><F126/><W114/><G114/><T79/><D79/><U59/><E68/><V125/><F125/><W43/><REACH who="3" step="1"/><G96/><REACH who="3" ten="250,250,250,240" step="2"/><T88/><D69/><U16/><E64/><V20/><F74/><W91/><G91/><T101/><D70/><U14/><E4/><V112/><F112/><W26/><N who="3" m="6656" /><DORA hai="128" /><W8/><G8/><T39/><D88/><U18/><REACH who="1" step="1"/><E18/><REACH who="1" ten="250,240,250,240" step="2"/><V95/><F129/><W81/><G81/><T71/><D19/><U38/><E38/><V60/><F103/><W7/><G7/><T116/><D101/><U131/><E131/><V134/><F134/><W102/><G102/><T51/><D71/><U2/><E2/><V29/><F29/><W9/><G9/><T23/><D39/><U115/><E115/><RYUUKYOKU ba="0,2" sc="250,-15,240,15,250,-15,240,15" hai1="10,11,12,14,16,17,48,50,52,56,59,93,94" hai3="32,35,36,40,43,46,47,49,97,100" /><INIT seed="1,1,2,1,5,97" ten="235,255,235,255" oya="1" hai0="42,80,66,68,55,48,91,65,93,17,44,13,78" hai1="88,102,96,116,28,38,103,84,52,92,81,89,133" hai2="125,108,34,107,113,62,122,41,8,30,114,123,58" hai3="90,59,127,11,126,47,106,2,15,32,40,134,129"/><U119/><E38/><V14/><F107/><W71/><G71/><T46/><D68/><U117/><E28/><V64/><F125/><N who="3" m="47627" /><G32/><T94/><D94/><U72/><E133/><V104/><F104/><W53/><G106/><T22/><D42/><U7/><E7/><V105/><F105/><W18/><G134/><T79/><D44/><U10/><E10/><V118/><F41/><W61/><G129/><T3/><D3/><U4/><E4/><V27/><F118/><W132/><G132/><T130/><D130/><U12/><E12/><V70/><F70/><W57/><G90/><T128/><D128/><U33/><E33/><V95/><F95/><W0/><G59/><T111/><D111/><U73/><E52/><V6/><REACH who="2" step="1"/><F108/><REACH who="2" ten="235,255,225,255" step="2"/><W5/><G5/><T76/><REACH who="0" step="1"/><D80/><REACH who="0" ten="225,255,225,255" step="2"/><U49/><E49/><AGARI ba="1,4" hai="0,2,11,15,18,40,47,49,53,57,61" m="47627" machi="49" ten="30,1000,0" yaku="18,1" doraHai="97" who="3" fromWho="1" sc="225,0,255,-13,225,0,255,53" /><INIT seed="2,0,0,5,5,102" ten="225,242,225,308" oya="2" hai0="123,56,83,11,8,133,22,93,24,80,68,103,128" hai1="116,54,25,65,129,117,121,48,95,3,97,2,119" hai2="79,9,118,115,113,91,31,32,100,108,84,42,51" hai3="94,17,110,69,39,21,125,53,29,74,134,99,73"/><V49/><F118/><W41/><G125/><T89/><D68/><U7/><E121/><V6/><F108/><W27/><G134/><T35/><D35/><U104/><E129/><V127/><F127/><W58/><G110/><T67/><D123/><U61/><E25/><V44/><F100/><W18/><G69/><T66/><D128/><U5/><E104/><V12/><F51/><W90/><G74/><T38/><D38/><U71/><E3/><V20/><F32/><W126/><G73/><T33/><D33/><U75/><E75/><V131/><F131/><W14/><G126/><T46/><D133/><U81/><E81/><N who="2" m="47167" /><F91/><W76/><G76/><T63/><D46/><U109/><E2/><V26/><AGARI ba="0,0" hai="6,9,12,20,26,31,42,44,49,113,115" m="47167" machi="26" ten="30,1500,0" yaku="25,1" doraHai="102" who="2" fromWho="2" sc="225,-5,242,-5,225,15,308,-5" /><INIT seed="2,1,0,1,3,39" ten="220,237,240,303" oya="2" hai0="56,26,69,46,9,135,125,40,93,112,101,21,4" hai1="59,64,76,91,18,88,36,70,81,134,97,31,123" hai2="115,67,79,80,50,10,33,28,122,87,95,133,85" hai3="100,74,14,3,119,25,47,130,121,128,110,73,35"/><V96/><F122/><W61/><G121/><T17/><D69/><U7/><E123/><V77/><F115/><W72/><G119/><T98/><D112/><U75/><E36/><V114/><F114/><W2/><G110/><T71/><D71/><U51/><E134/><V41/><F133/><W118/><G118/><T20/><D135/><U92/><E7/><V108/><F108/><W66/><G100/><T104/><D125/><U54/><E31/><V13/><F67/><W132/><G132/><T111/><D111/><U8/><E91/><V116/><F116/><W106/><G106/><T60/><D21/><U45/><E70/><V15/><F33/><W24/><G47/><T34/><D34/><U82/><E75/><V19/><F28/><N who="3" m="19847" /><G14/><T57/><D60/><N who="1" m="37919" /><E76/><V78/><F85/><W107/><G25/><T49/><REACH who="0" step="1"/><D104/><REACH who="0" ten="210,237,240,303" step="2"/><U23/><E8/><V89/><F13/><AGARI ba="1,1" hai="4,9,13,17,20,26,40,46,49,56,57,93,98,101" machi="13" ten="30,8000,1" yaku="1,1,2,1,7,1,8,1,52,1,53,0" doraHai="39" doraHaiUra="84" who="0" fromWho="2" sc="210,93,237,0,240,-83,303,0" /><AGARI ba="1,0" hai="13,18,23,45,51,54,81,82,88,92,97" m="37919" machi="13" ten="30,2000,0" yaku="8,1,54,1" doraHai="39" who="1" fromWho="2" sc="303,0,237,20,157,-20,303,0" /><INIT seed="3,0,0,0,0,107" ten="303,257,137,303" oya="3" hai0="22,122,36,33,30,12,108,24,15,81,44,135,102" hai1="4,112,2,10,130,40,91,49,92,83,11,67,100" hai2="51,121,66,7,75,77,54,132,37,80,32,6,28" hai3="21,9,72,125,50,117,39,63,34,43,101,47,89"/><W126/><G117/><T29/><D122/><U118/><E112/><V19/><F121/><W74/><G34/><T65/><D102/><U115/><E115/><V5/><F132/><W18/><G101/><T96/><D135/><U84/><E118/><V111/><F111/><W78/><G9/><T94/><D108/><U131/><E67/><V119/><F119/><W93/><G78/><T106/><D65/><U60/><E60/><V87/><F37/><W133/><G63/><T14/><D106/><U45/><E100/><V48/><F66/><W59/><G59/><T105/><D105/><U129/><REACH who="1" step="1"/><E10/><REACH who="1" ten="303,247,137,303" step="2"/><V88/><F19/><W25/><G133/><T35/><D33/><U64/><E64/><V98/><F98/><N who="3" m="57647" /><G39/><T116/><D36/><U85/><E85/><V86/><F86/><W0/><G0/><T134/><D134/><U13/><E13/><V95/><REACH who="2" step="1"/><F54/><REACH who="2" ten="303,247,127,303" step="2"/><W52/><G52/><T127/><D116/><U61/><E61/><V62/><F62/><W113/><G113/><T109/><D109/><U16/><E16/><V55/><F55/><W69/><G69/><T57/><D29/><U73/><E73/><V38/><F38/><W103/><G103/><T104/><D30/><U114/><E114/><V23/><F23/><W71/><G71/><T124/><D22/><U58/><E58/><V8/><F8/><W46/><G46/><T31/><D57/><U123/><E123/><V20/><F20/><W26/><G26/><AGARI ba="0,2" hai="5,6,7,26,28,32,48,51,75,77,80,87,88,95" machi="26" ten="40,5200,0" yaku="1,1,52,1,54,1,53,0" doraHai="107" doraHaiUra="99" who="2" fromWho="3" sc="303,0,247,0,127,72,303,-52" owari="303,40.0,247,-15.0,199,-30.0,251,5.0" /></mjloggm>