<mjloggm ver="2.3"><GO type="169"/><UN n0="%EF%BC%88%E2%89%A7%E2%96%BD%E2%89%A6%EF%BC%89" n1="%59%48%56%48" n2="%E6%A1%9C%E8%8A%B1%E9%96%83%E3%80%85" n3="%69%6D%6D%6F%72%61%6C" dan="18,16,17,16" rate="2262,2089,2123,2058" sx="M,F,M,F"/><TAIKYOKU oya="0"/><INIT seed="0,0,0,5,2,27" ten="250,250,250,250" oya="0" hai0="94,24,87,67,134,115,47,52,4,111,73,20,12" hai1="98,60,42,76,5,70,132,33,86,59,11,84,44" hai2="91,3,99,56,97,109,32,96,104,68,36,79,129" hai3="88,81,22,63,37,19,130,116,113,78,135,105,120"/><T69/><D73/><U46/><E70/><V29/><F68/><W0/><G63/><T57/><D115/><U15/><E33/><V100/><F36/><W2/><G19/><T40/><D134/><U45/><E132/><V21/><F32/><W85/><G22/><T89/><D111/><U58/><E98/><V51/><F109/><W126/><G78/><T114/><D69/><U107/><E107/><V71/><F71/><W82/><G37/><T7/><D67/><U117/><E117/><V110/><F110/><W17/><G17/><T83/><D12/><U74/><E74/><V127/><F3/><W123/><G105/><T49/><D83/><U93/><E93/><V8/><F8/><W119/><G135/><T106/><D106/><U53/><E76/><V90/><F79/><W38/><G38/><T112/><D112/><U6/><E6/><V55/><F127/><W108/><G126/><T39/><REACH who="0" step="1"/><D114/><REACH who="0" ten="240,250,250,250" step="2"/><U92/><E92/><V35/><F104/><W10/><G113/><T23/><D23/><U61/><E42/><V30/><F21/><W50/><G108/><T65/><D65/><AGARI ba="0,1" hai="5,11,15,44,45,46,53,58,59,60,61,65,84,86" machi="65" ten="40,1300,0" yaku="8,1" doraHai="27" who="1" fromWho="0" sc="240,-13,250,23,250,0,250,0" /><INIT seed="1,0,0,5,0,12" ten="227,273,250,250" oya="1" hai0="37,54,91,71,132,130,45,79,39,122,18,104,13" hai1="83,85,21,36,72,107,49,77,1,103,27,94,34" hai2="65,125,56,20,129,134,98,109,33,42,29,113,66" hai3="11,7,43,6,102,106,22,53,0,108,60,59,2"/><U92/><E34/><V89/><F33/><W69/><G108/><T41/><D104/><U51/><E1/><V135/><F109/><W88/><G69/><T10/><D71/><U30/><E36/><V52/><F125/><W126/><G126/><T84/><D130/><U8/><E8/><V80/><F129/><W99/><G43/><T100/><D100/><U76/><E76/><V44/><F113/><W78/><G78/><T124/><D132/><N who="2" m="50730" /><F29/><W123/><G123/><T75/><D122/><U86/><E94/><N who="2" m="56655" /><F80/><W64/><G64/><T61/><D37/><U55/><E107/><V127/><F127/><W114/><G114/><T16/><D124/><U23/><E23/><V38/><F20/><W57/><G22/><T131/><D131/><U90/><E103/><V48/><AGARI ba="0,0" hai="38,42,44,48,52,56,65,66" m="56655,50730" machi="48" ten="30,2000,0" yaku="20,1,54,1" doraHai="12" who="2" fromWho="2" sc="227,-5,273,-10,250,20,250,-5" /><INIT seed="2,0,0,0,4,67" ten="222,263,270,245" oya="2" hai0="102,45,65,98,16,41,10,90,53,127,105,25,115" hai1="18,56,42,131,111,0,70,4,123,116,49,66,134" hai2="30,29,87,124,121,17,6,107,39,92,23,95,126" hai3="100,31,103,61,99,43,21,20,108,135,51,8,81"/><V2/><F107/><W128/><G108/><T32/><D115/><U52/><E116/><V60/><F39/><W133/><G128/><T72/><D72/><U88/><E111/><V9/><F60/><W106/><G103/><T82/><D127/><N who="2" m="48682" /><F121/><W129/><G129/><T76/><D53/><U15/><E131/><V75/><F75/><W47/><G8/><T79/><D65/><U77/><E77/><V96/><F87/><W97/><G97/><T112/><D112/><U93/><E42/><V50/><F50/><W54/><G81/><T1/><D32/><U91/><E0/><V24/><F95/><W38/><G61/><T114/><D114/><U71/><E4/><V69/><F69/><W104/><G104/><T12/><D1/><U22/><E134/><N who="3" m="51210" /><G31/><T120/><D120/><U110/><E110/><V3/><F3/><W117/><G117/><T26/><D79/><U74/><E74/><V85/><F85/><W63/><G63/><T28/><D28/><U5/><E5/><V109/><F109/><W36/><G36/><T86/><REACH who="0" step="1"/><D76/><REACH who="0" ten="212,263,270,245" step="2"/><U19/><E66/><V7/><F7/><W35/><G35/><T125/><D125/><U58/><E123/><V59/><F59/><AGARI ba="0,1" hai="20,21,38,43,47,51,54,59,99,100,106" m="51210" machi="59" ten="30,1000,0" yaku="20,1" doraHai="67" who="3" fromWho="2" sc="212,0,263,0,270,-10,245,20" /><INIT seed="3,0,0,2,3,107" ten="212,263,260,265" oya="3" hai0="43,34,68,50,25,91,82,35,77,101,104,130,132" hai1="26,69,85,0,39,113,12,125,22,37,59,5,27" hai2="2,31,71,120,84,23,42,87,79,72,90,119,121" hai3="61,99,9,103,102,76,92,96,83,115,54,131,53"/><W64/><G115/><T24/><D68/><U81/><E113/><V29/><F119/><W70/><G9/><T100/><D130/><U80/><E69/><V19/><F2/><W33/><G33/><T44/><D132/><U10/><E125/><V97/><F71/><W66/><G66/><T8/><D35/><U56/><E0/><V16/><F42/><W17/><G17/><N who="2" m="6729" /><F97/><W63/><G63/><T60/><D34/><U40/><E40/><V65/><F65/><W135/><G131/><T3/><D104/><U111/><E111/><V93/><F84/><W124/><G124/><T118/><D118/><U128/><E128/><V6/><F6/><W129/><G135/><T7/><D60/><U75/><E37/><V36/><F36/><W108/><G108/><T4/><D91/><U11/><E11/><V46/><F46/><W14/><G14/><T116/><D4/><U18/><E27/><V41/><F41/><W30/><G30/><T95/><D116/><U20/><E20/><V51/><F51/><W105/><REACH who="3" step="1"/><G129/><REACH who="3" ten="212,263,260,255" step="2"/><T86/><D24/><U32/><E32/><V48/><F23/><W13/><G13/><T109/><D109/><U57/><E22/><V28/><F28/><W134/><G134/><T67/><D67/><U127/><E26/><V73/><F29/><W52/><G52/><T110/><D110/><U122/><E127/><V114/><F31/><W55/><G55/><T133/><D133/><U58/><E18/><V89/><F114/><W1/><G1/><T94/><D25/><U47/><E12/><V88/><F120/><W38/><G38/><RYUUKYOKU ba="0,1" sc="212,15,263,-15,260,-15,255,15" hai0="3,7,8,43,44,50,77,82,86,94,95,100,101" hai3="53,54,61,64,70,76,83,92,96,99,102,103,105" /><INIT seed="3,1,1,2,0,12" ten="227,248,245,270" oya="3" hai0="8,134,42,92,95,44,110,39,45,135,40,35,29" hai1="60,88,23,119,47,3,26,87,122,99,48,14,132" hai2="69,31,125,79,68,46,21,115,103,114,131,86,20" hai3="22,53,109,72,113,66,28,126,107,18,133,123,85"/><W54/><G72/><T49/><D110/><U65/><E122/><V94/><F68/><W105/><G123/><T130/><D130/><U120/><E120/><V90/><F69/><W82/><G113/><T98/><D8/><U17/><E3/><V89/><F131/><W2/><G2/><T64/><D64/><U73/><E73/><V7/><F79/><W93/><G66/><T50/><D39/><U58/><E132/><N who="0" m="50729" /><D98/><U84/><E119/><V5/><F103/><W63/><G28/><T76/><D76/><U80/><E99/><V118/><F118/><W62/><G133/><T4/><D4/><N who="2" m="1610" /><F115/><W71/><G109/><T6/><D6/><U37/><E37/><V55/><F125/><W34/><G126/><T108/><D108/><U9/><E87/><N who="2" m="52543" /><F31/><W104/><G71/><T11/><D11/><U52/><E9/><V59/><F46/><W0/><G0/><T75/><D75/><U83/><E14/><V70/><F70/><W19/><G85/><T67/><D67/><U43/><E80/><N who="2" m="49479" /><F114/><W111/><G111/><T30/><D30/><U116/><E116/><V51/><AGARI ba="1,1" hai="20,21,51,55,59" m="49479,52543,1610" machi="51" ten="30,1100,0" yaku="8,1" doraHai="12" who="2" fromWho="2" sc="227,-4,248,-4,245,24,270,-6" /><INIT seed="4,0,0,3,1,72" ten="223,244,269,264" oya="0" hai0="59,70,93,23,112,117,45,4,13,78,50,5,125" hai1="3,46,122,49,110,79,9,27,18,116,109,28,43" hai2="14,68,39,6,99,53,95,52,126,115,90,92,118" hai3="105,100,51,55,61,104,35,113,63,77,34,69,60"/><T124/><D70/><U31/><E116/><V56/><F68/><W15/><G69/><T86/><D59/><U67/><E122/><V133/><F118/><W81/><G113/><T65/><D65/><U85/><E67/><V62/><F115/><W54/><G54/><T75/><D75/><U48/><E48/><V73/><F39/><W58/><G100/><T19/><D112/><U41/><E41/><V101/><F73/><W129/><G129/><T91/><D117/><U96/><E96/><N who="2" m="57367" /><F126/><N who="0" m="48746" /><D78/><U26/><E26/><V11/><F133/><W44/><G44/><T80/><D93/><U82/><E31/><V98/><F98/><W127/><G127/><T20/><D20/><U128/><E128/><V16/><F6/><W47/><G47/><T108/><D108/><U29/><E29/><V121/><F121/><W83/><G15/><T37/><D37/><U111/><E109/><V38/><F38/><W0/><G0/><T12/><D12/><U130/><E130/><V42/><F42/><AGARI ba="0,0" hai="4,5,13,19,23,42,45,50,80,86,91" m="48746" machi="42" ten="30,1500,0" yaku="18,1" doraHai="72" who="0" fromWho="2" sc="223,15,244,0,269,-15,264,0" /><INIT seed="4,1,0,4,3,103" ten="238,244,254,264" oya="0" hai0="22,110,72,89,12,49,53,90,105,121,98,129,120" hai1="34,124,14,76,2,102,63,85,106,109,79,100,108" hai2="56,52,16,42,7,68,67,107,23,44,112,59,36" hai3="88,55,65,66,1,27,8,93,135,58,4,31,28"/><T30/><D72/><U9/><E2/><V26/><F112/><W33/><G31/><T104/><D30/><U127/><E34/><V132/><F132/><W40/><G40/><T123/><D129/><U43/><E43/><V96/><F7/><W82/><G82/><T37/><D37/><U114/><E63/><V15/><F26/><W87/><REACH who="3" step="1"/><G135/><REACH who="3" ten="238,244,254,254" step="2"/><T77/><D110/><U21/><E109/><V94/><F42/><W134/><G134/><T118/><D118/><U32/><E108/><V62/><F36/><W25/><G25/><T115/><D115/><U117/><E114/><V10/><F10/><W128/><G128/><T133/><D133/><U45/><E9/><V17/><F17/><W19/><G19/><T119/><D119/><U113/><E113/><V126/><F126/><W35/><G35/><T86/><D12/><U5/><E14/><V74/><F74/><W24/><G24/><T78/><D22/><U50/><E21/><V111/><F111/><W130/><G130/><T95/><D77/><U57/><E76/><V80/><F80/><W84/><G84/><T18/><D18/><U83/><E79/><V13/><F13/><W122/><G122/><T81/><REACH who="0" step="1"/><D78/><REACH who="0" ten="228,244,254,254" step="2"/><U131/><E117/><V3/><F15/><W61/><AGARI ba="1,2" hai="1,4,8,27,28,33,55,58,61,65,66,87,88,93" machi="61" ten="20,5200,0" yaku="1,1,0,1,7,1,54,1,53,0" doraHai="103" doraHaiUra="101" who="3" fromWho="3" sc="228,-27,244,-14,254,-14,254,75" /><INIT seed="5,0,0,2,1,135" ten="201,230,240,329" oya="1" hai0="91,82,46,10,73,26,68,31,75,15,126,78,134" hai1="50,117,110,42,84,94,116,109,17,58,131,0,3" hai2="66,104,83,9,92,105,29,72,89,19,102,96,62" hai3="87,28,14,65,30,49,130,27,38,79,118,52,21"/><U32/><E32/><V100/><F29/><W8/><G38/><T64/><D134/><U71/><E71/><V2/><F104/><W115/><G115/><T12/><D73/><U132/><E132/><V41/><F41/><W59/><G130/><T43/><D91/><N who="1" m="53607" /><E131/><V23/><F105/><W53/><G118/><N who="1" m="45674" /><E17/><V61/><F72/><W97/><G97/><T34/><D10/><U124/><E42/><V33/><F33/><W35/><G35/><T125/><D64/><U93/><E93/><V69/><F62/><N who="3" m="38111" /><G49/><T70/><D70/><U16/><E16/><V4/><F83/><N who="3" m="47615" /><G30/><T48/><REACH who="0" step="1"/><D68/><REACH who="0" ten="191,230,240,329" step="2"/><U47/><E109/><V24/><AGARI ba="0,1" hai="2,4,9,19,23,24,61,66,69,89,92,96,100,102" machi="24" ten="20,1500,0" yaku="0,1,7,1" doraHai="135" who="2" fromWho="2" sc="191,-4,230,-7,240,25,329,-4" /><INIT seed="6,0,0,3,5,134" ten="187,223,265,325" oya="2" hai0="109,78,107,46,45,32,3,135,86,115,83,24,100" hai1="19,22,95,31,47,81,125,63,33,89,14,91,130" hai2="18,52,72,124,103,120,15,17,87,5,75,123,48" hai3="7,54,58,16,57,99,133,49,25,102,77,104,64"/><V127/><F103/><W62/><G133/><T113/><D3/><U97/><E130/><V105/><F105/><W112/><G112/><N who="0" m="43083" /><D135/><U129/><E129/><V61/><F61/><W21/><G77/><T6/><D6/><U1/><E1/><V94/><F5/><W68/><REACH who="3" step="1"/><G7/><REACH who="3" ten="187,223,265,315" step="2"/><T76/><D76/><U27/><E63/><V34/><F120/><W93/><G93/><T59/><D109/><U23/><E95/><V131/><F123/><W43/><G43/><T66/><D107/><U51/><E81/><V70/><F131/><W121/><G121/><T118/><D118/><U122/><E122/><V82/><F94/><W101/><G101/><T106/><D100/><U50/><E97/><V96/><F96/><W39/><G39/><T26/><D106/><U53/><E89/><V110/><F110/><W98/><G98/><T71/><D78/><U9/><E91/><V56/><F82/><W36/><G36/><T0/><D83/><U84/><E84/><V44/><F87/><W92/><G92/><T80/><D86/><U2/><E2/><V29/><F75/><W10/><G10/><T38/><D0/><U60/><E9/><V119/><F72/><W8/><G8/><T116/><D116/><U55/><E51/><V108/><F48/><W132/><G132/><T12/><D80/><U30/><E50/><V37/><F119/><W41/><G41/><T126/><D38/><U88/><E88/><V128/><F37/><W117/><G117/><T111/><D111/><U40/><E40/><V90/><F108/><W114/><G114/><T13/><D126/><RYUUKYOKU ba="0,1" sc="187,-10,223,-10,265,-10,315,30" hai3="16,21,25,49,54,57,58,62,64,68,99,102,104" /><INIT seed="7,1,1,1,4,57" ten="177,213,255,345" oya="3" hai0="79,133,69,0,95,117,96,118,28,67,78,63,71" hai1="100,83,3,75,114,108,73,51,49,58,123,132,125" hai2="135,11,98,36,88,17,93,10,41,7,127,113,121" hai3="102,84,122,105,45,26,40,44,43,111,16,65,37"/><W131/><G122/><T110/><D0/><U24/><E3/><V87/><F121/><W46/><G131/><T106/><D110/><U61/><E108/><V5/><F113/><W85/><G65/><T1/><D1/><U76/><E123/><V12/><F135/><W60/><G60/><T47/><D71/><U56/><E132/><V119/><F119/><W14/><G26/><T103/><D133/><U48/><E75/><V33/><F33/><W42/><G37/><T91/><D47/><U115/><E125/><V94/><F127/><W66/><G66/><T128/><D128/><U134/><E134/><V80/><F11/><W101/><G111/><T2/><D2/><U34/><E100/><N who="3" m="38506" /><G105/><T116/><REACH who="0" step="1"/><D28/><REACH who="0" ten="167,213,255,345" step="2"/><U54/><E58/><V31/><F31/><W13/><G46/><T109/><D109/><U6/><E114/><V89/><F36/><W68/><G45/><T72/><D72/><U107/><E115/><V4/><REACH who="2" step="1"/><F41/><REACH who="2" ten="167,213,245,345" step="2"/><W22/><G43/><T90/><D90/><U55/><E73/><V92/><AGARI ba="1,3" hai="4,5,7,10,12,17,80,87,88,89,92,93,94,98" machi="92" ten="30,8000,1" yaku="1,1,2,1,0,1,8,1,54,1,53,0" doraHai="57" doraHaiUra="120" who="2" fromWho="2" sc="167,-21,213,-21,245,113,345,-41" owari="146,-35.0,192,-21.0,358,46.0,304,10.0" /></mjloggm>