<mjloggm ver="2.3"><GO type="169"/><UN n0="%6B%6F%68%73%68%69" n1="%E7%88%86%E7%89%8C%E3%82%A6%E3%82%B7%E3%82%B8%E3%83%9E%E3%81%8F%E3%82%93" n2="%E3%83%95%E3%83%AA%E3%83%86%E3%83%B3" n3="%EF%BC%88%E2%89%A7%E2%96%BD%E2%89%A6%EF%BC%89" dan="17,18,16,18" rate="2192,2141,2101,2177" sx="M,M,M,M"/><TAIKYOKU oya="0"/><INIT seed="0,0,0,0,0,86" ten="250,250,250,250" oya="0" hai0="88,93,51,73,103,92,102,134,58,20,119,87,124" hai1="67,48,84,2,114,89,69,90,113,77,32,106,36" hai2="97,116,127,112,7,22,29,38,98,5,130,17,117" hai3="63,56,108,107,62,78,40,46,94,82,19,65,105"/><T13/><D73/><U26/><E36/><V126/><F38/><W81/><G108/><T9/><D119/><N who="2" m="45642" /><F98/><W61/><G61/><T55/><D134/><U128/><E106/><V3/><F97/><W123/><G123/><T72/><D72/><U11/><E128/><V6/><F112/><N who="1" m="43113" /><E77/><V101/><F101/><W12/><G94/><T39/><D39/><U28/><E84/><V31/><F130/><W121/><G121/><T80/><D124/><N who="2" m="47658" /><F3/><W122/><G122/><T34/><D34/><U0/><E48/><V129/><F129/><W43/><G107/><T104/><D104/><U16/><E2/><V53/><F53/><W1/><G1/><T99/><D20/><U25/><E0/><V75/><F75/><W47/><G105/><T49/><D49/><U57/><E11/><V21/><F21/><W111/><G78/><N who="0" m="46487" /><D93/><U115/><E115/><V66/><F66/><W4/><G65/><T71/><D71/><U23/><E69/><V33/><F33/><W45/><G82/><T44/><D44/><U54/><E67/><V15/><AGARI ba="0,0" hai="5,6,7,15,17,22,29,31" m="47658,45642" machi="15" ten="40,8000,1" yaku="12,1,18,1,34,2" doraHai="86" who="2" fromWho="2" sc="250,-40,250,-20,250,80,250,-20" /><INIT seed="1,0,0,3,2,88" ten="210,230,330,230" oya="1" hai0="4,18,25,81,132,46,111,130,77,129,92,109,86" hai1="41,79,70,99,22,48,98,106,53,93,62,117,47" hai2="113,110,101,42,85,43,60,102,87,91,100,84,133" hai3="104,103,80,115,21,74,120,119,68,9,125,1,124"/><U30/><E117/><V24/><F110/><N who="0" m="41994" /><D4/><U26/><E79/><V96/><F133/><W39/><G39/><T44/><D132/><U67/><E106/><V35/><F113/><W45/><G68/><T108/><N who="0" m="42002" /><T107/><DORA hai="66" /><D107/><U76/><E76/><V72/><F72/><W50/><G21/><N who="0" m="13495" /><D92/><U69/><E69/><V83/><F35/><W15/><G1/><T105/><D105/><U40/><REACH who="1" step="1"/><E99/><REACH who="1" ten="210,220,330,230" step="2"/><V135/><F96/><W64/><G104/><T17/><D17/><U2/><E2/><V114/><F135/><W31/><G119/><T61/><D61/><U57/><E57/><V122/><F60/><W78/><G78/><T63/><D63/><U131/><E131/><AGARI ba="0,1" hai="44,46,77,81,86,129,130,131" m="13495,42002" machi="131" ten="40,2600,0" yaku="19,1,14,1" doraHai="88,66" who="0" fromWho="1" sc="210,36,220,-26,330,0,230,0" /><INIT seed="2,0,0,1,1,64" ten="246,194,330,230" oya="2" hai0="36,102,96,126,60,49,76,35,9,61,12,44,120" hai1="90,52,92,45,127,128,104,93,87,115,69,88,30" hai2="121,0,103,122,110,7,19,135,85,38,33,114,70" hai3="41,31,39,68,71,113,89,72,65,6,11,73,134"/><V63/><F114/><W29/><G113/><T98/><D36/><U91/><E115/><V78/><F33/><W75/><G134/><T131/><D35/><U27/><E104/><V59/><F38/><W3/><G89/><T80/><D120/><U32/><E127/><V20/><F103/><W82/><G82/><T58/><D126/><U40/><E128/><V53/><F135/><W56/><G56/><T99/><D131/><U43/><E69/><V66/><F110/><W13/><G13/><T23/><D23/><U67/><E67/><V119/><F119/><W106/><G106/><T55/><D102/><U54/><E91/><V86/><F7/><W124/><G124/><T47/><D61/><U34/><E34/><V18/><F0/><W50/><G50/><T100/><D100/><U107/><E107/><V51/><F18/><W42/><G42/><T97/><N who="0" m="24576" /><DORA hai="26" /><T129/><D129/><U83/><E83/><V2/><F2/><W116/><G116/><T81/><D47/><U133/><E133/><V22/><F22/><W130/><G130/><T21/><D21/><U25/><E25/><V14/><REACH who="2" step="1"/><F78/><REACH who="2" ten="246,194,320,230" step="2"/><W5/><G5/><N who="0" m="3119" /><D76/><U16/><E16/><V95/><F95/><W84/><G6/><T111/><D111/><U125/><E125/><V109/><F109/><W132/><G132/><T123/><D123/><AGARI ba="0,1" hai="14,19,20,51,53,59,63,66,70,85,86,121,122,123" machi="123" ten="40,3900,0" yaku="1,1,52,1,53,0" doraHai="64,26" doraHaiUra="74,105" who="2" fromWho="0" sc="246,-39,194,0,320,49,230,0" /><INIT seed="2,1,0,5,0,42" ten="207,194,369,230" oya="2" hai0="75,16,114,120,105,87,60,88,109,61,89,81,24" hai1="18,1,69,12,23,108,134,117,3,30,78,104,113" hai2="119,100,31,124,56,135,68,118,99,15,121,106,7" hai3="63,127,86,131,33,59,21,43,62,66,54,125,91"/><V44/><F68/><W95/><G33/><T128/><D114/><U4/><E69/><V126/><F121/><W2/><G131/><T82/><D120/><U55/><E104/><V41/><F135/><W79/><G2/><N who="1" m="522" /><E55/><V107/><F106/><W74/><G43/><T80/><D105/><U84/><E84/><V122/><F122/><W37/><G37/><T92/><D128/><U112/><E78/><V40/><F31/><W9/><G9/><T0/><D0/><U83/><E83/><V45/><F56/><W64/><G21/><N who="0" m="13351" /><D75/><U48/><E48/><V96/><F15/><W50/><G79/><T76/><D109/><U111/><E117/><N who="2" m="44555" /><F7/><W110/><G110/><N who="1" m="42026" /><E134/><V6/><F6/><W102/><G74/><T93/><D76/><U116/><E116/><V25/><F25/><W36/><G36/><T67/><D67/><U34/><E4/><V71/><F71/><W14/><G66/><T47/><D47/><N who="2" m="17994" /><F96/><AGARI ba="1,0" hai="60,61,80,81,82,87,88,89,92,93,96" m="13351" machi="96" ten="30,3900,0" yaku="8,1,54,2" doraHai="42" who="0" fromWho="2" sc="207,42,194,0,369,-42,230,0" /><INIT seed="3,0,0,1,2,21" ten="249,194,327,230" oya="3" hai0="19,104,1,27,39,135,75,113,85,22,8,58,127" hai1="90,77,70,128,16,91,134,96,26,55,32,111,95" hai2="117,123,28,35,0,60,4,69,33,52,120,67,30" hai3="46,83,106,25,12,133,53,88,132,93,71,10,125"/><W82/><G106/><T108/><D75/><U2/><E70/><V81/><F117/><W80/><G71/><T65/><D104/><U15/><E2/><V121/><F81/><W59/><G46/><T41/><D113/><U29/><E111/><V73/><F73/><W110/><G125/><T37/><D108/><U129/><E134/><N who="3" m="51818" /><G110/><T56/><D135/><U66/><E66/><V64/><F64/><W92/><G25/><T100/><D100/><U5/><E5/><V43/><F43/><W54/><G59/><T99/><D127/><U126/><E126/><V61/><F4/><N who="3" m="3143" /><G93/><T97/><D58/><U98/><E77/><V115/><F115/><W49/><G49/><T34/><D56/><U17/><E55/><V13/><F0/><W9/><G9/><T40/><D65/><U116/><E116/><V38/><F38/><W14/><G14/><T78/><D39/><U3/><E3/><V62/><F13/><W50/><G50/><T102/><D37/><U47/><E47/><V118/><F118/><W79/><G79/><T89/><D78/><U84/><E15/><V114/><F114/><W23/><G23/><T124/><D124/><U51/><E51/><V87/><F52/><W36/><G36/><T48/><D1/><U18/><REACH who="1" step="1"/><E91/><REACH who="1" ten="249,184,327,230" step="2"/><V107/><F67/><W101/><G88/><T86/><D89/><U31/><E31/><N who="2" m="11819" /><F69/><W44/><G44/><T20/><D48/><U103/><E103/><V119/><F119/><W42/><G42/><T74/><D40/><U122/><E122/><V24/><F123/><W72/><G72/><T57/><D74/><RYUUKYOKU ba="0,1" sc="249,-15,184,15,327,-15,230,15" hai1="16,17,18,26,29,32,84,90,95,96,98,128,129" hai3="53,54,80,82,83,92,101" /><INIT seed="3,1,1,4,2,7" ten="234,199,312,245" oya="3" hai0="17,55,53,102,99,19,59,21,58,113,131,4,23" hai1="84,37,2,1,116,98,26,68,110,62,129,80,40" hai2="115,104,3,42,90,71,103,38,33,61,48,18,79" hai3="92,65,123,0,9,63,32,22,117,105,34,127,74"/><W30/><G92/><T77/><D113/><U85/><E110/><V121/><F90/><W86/><G86/><T15/><D131/><U72/><E129/><V16/><F79/><W8/><G74/><T50/><D77/><U52/><E116/><V122/><F38/><W60/><G105/><T46/><D4/><U128/><E128/><V76/><F76/><W78/><G78/><T11/><D23/><U130/><E130/><V100/><F33/><N who="3" m="12907" /><G65/><T125/><D125/><U70/><E62/><V5/><F48/><W106/><G106/><T89/><D89/><U24/><E40/><V120/><F42/><W126/><G117/><T112/><D55/><U135/><E135/><V66/><F115/><W27/><G123/><T13/><REACH who="0" step="1"/><D112/><REACH who="0" ten="224,199,312,245" step="2"/><U75/><E80/><V64/><F64/><W67/><G67/><T73/><D73/><U118/><E118/><V133/><F133/><W88/><G88/><T54/><D54/><U97/><REACH who="1" step="1"/><E52/><REACH who="1" ten="224,189,312,245" step="2"/><V47/><F122/><W43/><G43/><T107/><AGARI ba="1,3" hai="11,13,15,17,19,21,46,50,53,58,59,99,102,107" machi="107" ten="20,5200,0" yaku="1,1,0,1,7,1,52,1,53,0" doraHai="7" doraHaiUra="29" who="0" fromWho="0" sc="224,85,189,-14,312,-14,245,-27" /><INIT seed="4,0,0,5,1,21" ten="309,175,298,218" oya="0" hai0="8,104,97,90,67,31,70,7,120,86,100,27,128" hai1="35,84,20,113,118,25,4,121,131,133,41,23,75" hai2="85,68,59,33,30,51,32,114,54,50,80,77,69" hai3="92,45,57,76,82,49,12,98,101,111,62,124,17"/><T88/><D120/><U22/><E75/><V112/><F51/><W5/><G111/><T44/><D128/><U106/><E121/><V91/><F77/><W65/><G124/><T78/><D44/><U42/><E118/><V39/><F39/><W71/><G5/><T28/><D28/><U95/><E106/><V129/><F129/><W3/><G3/><T13/><D78/><U116/><E131/><V134/><F134/><W73/><G71/><N who="2" m="27209" /><F30/><W110/><G110/><T81/><D90/><U63/><E116/><V46/><F59/><W1/><G1/><T87/><D70/><U109/><E109/><V122/><F122/><W103/><G103/><T47/><D47/><U93/><E133/><V34/><F34/><W11/><G49/><T74/><D67/><U55/><E35/><V36/><F36/><W64/><REACH who="3" step="1"/><G45/><REACH who="3" ten="309,175,298,208" step="2"/><T119/><D119/><U61/><E4/><V18/><F50/><W60/><G60/><T43/><D43/><U96/><E42/><V127/><F46/><W2/><G2/><T115/><D115/><U24/><E113/><V99/><F127/><W105/><G105/><T58/><D58/><N who="1" m="35039" /><E41/><V117/><F114/><W126/><G126/><T6/><D6/><U26/><E63/><V125/><F112/><W0/><G0/><T107/><D107/><U40/><E40/><V14/><F117/><W9/><G9/><T66/><D104/><U89/><E23/><V16/><F125/><W132/><G132/><T102/><D8/><U130/><E130/><V52/><F33/><W56/><G56/><T135/><D135/><U15/><E15/><RYUUKYOKU ba="0,1" sc="309,-15,175,15,298,-15,208,15" hai1="20,22,24,25,26,84,89,93,95,96" hai3="11,12,17,57,62,64,65,73,76,82,92,98,101" /><INIT seed="5,1,1,1,0,16" ten="294,190,283,223" oya="1" hai0="35,39,127,101,21,115,74,18,9,100,103,59,49" hai1="12,125,64,10,50,32,106,116,123,112,91,55,73" hai2="104,111,6,119,88,133,135,67,93,102,52,36,65" hai3="110,48,122,54,89,81,69,124,113,128,31,14,58"/><U121/><E116/><V34/><F111/><W4/><G69/><T27/><D39/><U78/><E106/><V131/><F119/><W97/><G122/><T57/><D74/><U44/><E32/><V95/><F36/><W3/><G110/><T80/><D127/><U11/><E125/><V17/><F34/><W75/><G3/><T126/><D126/><U46/><E112/><V109/><F109/><W15/><G113/><T96/><D115/><U41/><E64/><V30/><F30/><W40/><G128/><T56/><D35/><U134/><E134/><V33/><F33/><W72/><G124/><T47/><D80/><U45/><E45/><V83/><F6/><W114/><G75/><T132/><D132/><U42/><E55/><V2/><F2/><W90/><G72/><T24/><D9/><U7/><E91/><V86/><F104/><W68/><G68/><T76/><D76/><U1/><E78/><V5/><F88/><W94/><G114/><T130/><D130/><U82/><E82/><V22/><F52/><W117/><G117/><T53/><REACH who="0" step="1"/><D27/><REACH who="0" ten="284,190,283,223" step="2"/><U51/><REACH who="1" step="1"/><E73/><REACH who="1" ten="284,180,283,223" step="2"/><V84/><F83/><W29/><G81/><T37/><D37/><U108/><E108/><V71/><F135/><W118/><G118/><T66/><D66/><U61/><E61/><V13/><F133/><W70/><G48/><T43/><D43/><U99/><E99/><AGARI ba="1,3" hai="18,21,24,47,49,53,56,57,59,96,99,100,101,103" machi="99" ten="40,5200,0" yaku="1,1,8,1,52,1,53,0" doraHai="16" doraHaiUra="28" who="0" fromWho="1" sc="284,85,180,-55,283,0,223,0" /><INIT seed="6,0,0,0,0,27" ten="369,125,283,223" oya="2" hai0="124,36,78,19,74,107,61,103,57,73,7,95,23" hai1="38,28,70,5,6,24,135,67,51,34,131,64,31" hai2="41,76,55,128,85,15,109,127,44,77,50,12,53" hai3="121,62,4,0,134,79,59,16,14,13,112,96,94"/><V116/><F116/><W60/><G121/><T20/><D36/><U47/><E38/><V10/><F128/><W119/><G119/><T42/><D42/><U92/><E131/><V1/><F127/><W91/><G134/><T75/><D107/><U113/><E135/><V117/><F117/><W87/><G112/><T115/><D78/><U97/><E113/><V65/><F109/><W9/><G0/><T123/><D123/><U106/><E106/><V37/><F65/><N who="1" m="25161" /><E34/><V133/><F133/><W132/><G132/><T45/><D115/><U105/><E105/><V80/><F76/><W120/><G120/><T43/><D7/><N who="1" m="2571" /><E24/><V29/><F1/><W114/><G114/><T118/><D118/><U89/><E70/><V25/><F10/><N who="3" m="6199" /><G59/><T111/><D111/><U125/><E125/><V63/><F55/><AGARI ba="0,0" hai="28,31,47,51,55,89,92,97" m="2571,25161" machi="55" ten="30,3900,0" yaku="8,1,52,2" doraHai="27" who="1" fromWho="2" sc="369,0,125,39,283,-39,223,0" /><INIT seed="7,0,0,4,1,60" ten="369,164,244,223" oya="3" hai0="100,74,40,50,113,45,44,127,135,54,42,108,109" hai1="94,0,92,26,55,2,5,68,8,56,28,14,90" hai2="105,84,103,121,72,120,59,111,132,31,47,93,20" hai3="52,123,62,78,79,76,89,115,67,88,24,15,70"/><W19/><G123/><T36/><D74/><U102/><E68/><V117/><F111/><W129/><G129/><T128/><D100/><U114/><E114/><V64/><F117/><W126/><G126/><T87/><D87/><U91/><E102/><V112/><F72/><W106/><G115/><T110/><D113/><U75/><E75/><V22/><F105/><W71/><G106/><T6/><D6/><U83/><E83/><V25/><F112/><W12/><G71/><T30/><D30/><U7/><E7/><V37/><F132/><W51/><G24/><T77/><D77/><U1/><E92/><V27/><F37/><W29/><G29/><T98/><D98/><U124/><E124/><V96/><F47/><W21/><REACH who="3" step="1"/><G12/><REACH who="3" ten="369,164,244,213" step="2"/><T73/><D127/><U63/><REACH who="1" step="1"/><E94/><REACH who="1" ten="369,154,244,213" step="2"/><N who="2" m="58775" /><F121/><W130/><G130/><T122/><D128/><U9/><E9/><V65/><F120/><W33/><G33/><AGARI ba="0,2" hai="0,1,2,5,8,14,26,28,33,55,56,63,90,91" machi="33" ten="40,2600,0" yaku="1,1,53,1" doraHai="60" doraHaiUra="23" who="1" fromWho="3" sc="369,0,154,46,244,0,213,-26" owari="369,47.0,200,-20.0,244,4.0,187,-31.0" /></mjloggm>