<mjloggm ver="2.3"><GO type="225"/><UN n0="%EF%BC%88%E2%89%A7%E2%96%BD%E2%89%A6%EF%BC%89" n1="%E3%81%B5%E3%81%8A%E3%82%93" n2="%E6%A1%9C%E8%8A%B1%E9%96%83%E3%80%85" n3="%E3%82%AF%E3%83%9E%E3%83%89" dan="16,16,17,16" rate="2083,2029,2165,2132" sx="M,M,M,M"/><TAIKYOKU oya="0"/><INIT seed="0,0,0,0,1,41" ten="250,250,250,250" oya="0" hai0="60,73,130,93,14,32,116,108,105,42,66,95,129" hai1="102,51,12,55,52,99,109,133,98,2,78,59,8" hai2="114,71,83,1,126,75,5,21,50,15,110,53,82" hai3="135,34,77,7,132,113,131,63,28,119,67,20,118"/><T68/><D116/><U61/><E109/><V11/><F114/><W10/><G77/><T103/><D73/><U38/><E38/><V26/><F110/><W64/><G64/><T85/><D108/><U90/><E2/><V121/><F121/><W97/><G113/><T122/><D122/><U70/><E78/><V19/><F126/><W104/><G20/><T106/><D32/><U31/><E31/><V100/><F71/><N who="3" m="42495" /><G131/><N who="0" m="50187" /><D42/><U27/><E27/><V111/><F111/><W40/><G40/><T29/><D29/><U47/><E133/><V16/><F100/><N who="3" m="62479" /><G119/><T86/><D14/><U54/><E70/><V18/><F75/><W107/><G118/><T80/><D86/><U6/><E90/><V25/><F25/><N who="3" m="18703" /><G107/><N who="0" m="40971" /><D103/><U76/><E76/><AGARI ba="0,0" hai="60,66,68,76,80,85,93,95" m="40971,50187" machi="76" ten="30,1500,0" yaku="19,1" doraHai="41" who="0" fromWho="1" sc="250,15,250,-15,250,0,250,0" /><INIT seed="0,1,0,4,1,109" ten="265,235,250,250" oya="0" hai0="4,49,88,47,43,10,39,93,37,76,67,106,8" hai1="135,114,56,34,112,65,46,72,134,24,0,60,113" hai2="89,132,23,91,124,101,68,92,102,117,3,107,22" hai3="40,33,38,66,50,1,108,73,62,5,85,21,133"/><T84/><D106/><U19/><E72/><V20/><F107/><W7/><G73/><T105/><D105/><U130/><E130/><V27/><F68/><W126/><G33/><T18/><D67/><U13/><E0/><V26/><F3/><W32/><G32/><T87/><D18/><U44/><E24/><N who="2" m="9259" /><F132/><N who="1" m="50729" /><E34/><V128/><F128/><W31/><G38/><T25/><D25/><U59/><E56/><V127/><F117/><W14/><G31/><T69/><D69/><U95/><E95/><V80/><F80/><W83/><G133/><T29/><D29/><U104/><E104/><V120/><F120/><W86/><G1/><T100/><D100/><N who="2" m="38506" /><F92/><W64/><G83/><N who="0" m="47207" /><D10/><AGARI ba="1,0" hai="10,13,19,44,46,59,60,65,112,113,114" m="50729" machi="10" ten="40,8000,1" yaku="11,1,20,1,52,3" doraHai="109" who="1" fromWho="0" sc="265,-83,235,83,250,0,250,0" /><INIT seed="1,0,0,1,3,44" ten="182,318,250,250" oya="1" hai0="28,64,61,21,2,46,115,52,8,60,40,4,69" hai1="112,76,134,59,6,103,15,87,36,47,32,88,74" hai2="105,13,51,58,45,96,107,102,120,114,92,62,119" hai3="126,98,68,23,67,97,50,42,73,89,18,54,5"/><U81/><E112/><V43/><F119/><W90/><G73/><T56/><D115/><U41/><E32/><V132/><F114/><W130/><G130/><T78/><D78/><U127/><E127/><V16/><F132/><W12/><G126/><T123/><D123/><U93/><E134/><V124/><F120/><W125/><G125/><T37/><D21/><U80/><E59/><V25/><F25/><W30/><G68/><T116/><REACH who="0" step="1"/><D28/><REACH who="0" ten="172,318,250,250" step="2"/><U48/><E103/><V19/><F124/><W109/><G30/><T27/><D27/><U35/><E35/><V34/><F34/><W75/><G75/><T49/><D49/><U108/><E48/><V10/><REACH who="2" step="1"/><F19/><REACH who="2" ten="172,318,240,250" step="2"/><W100/><G18/><T26/><D26/><U29/><E29/><V122/><F122/><W79/><G5/><T11/><D11/><U110/><E6/><V39/><F39/><W71/><G23/><T38/><D38/><U113/><E36/><V117/><F117/><AGARI ba="0,2" hai="2,4,8,37,40,46,52,56,60,61,64,69,116,117" machi="117" ten="40,5200,0" yaku="1,1,54,1,53,1" doraHai="44" doraHaiUra="70" who="0" fromWho="2" sc="172,72,318,0,240,-52,250,0" /><INIT seed="2,0,0,4,0,53" ten="244,318,188,250" oya="2" hai0="85,6,61,63,55,9,99,100,8,45,123,0,80" hai1="131,74,84,73,134,31,25,15,132,90,112,66,79" hai2="23,42,101,120,43,93,18,2,5,115,17,1,62" hai3="11,47,81,56,119,121,104,20,135,111,34,113,52"/><V32/><F115/><W124/><G104/><T38/><D123/><U87/><E112/><V96/><F120/><W14/><G34/><T21/><D8/><U72/><E131/><V68/><F32/><W76/><G121/><T48/><D38/><U78/><E66/><V125/><F125/><W110/><G113/><T83/><D21/><U41/><E41/><V102/><F102/><W64/><G119/><T28/><D28/><U95/><E15/><V116/><F116/><W22/><G47/><T92/><D83/><U133/><E84/><V98/><F98/><W88/><G64/><T60/><D60/><U128/><E128/><V10/><F2/><W86/><G124/><T58/><D45/><U30/><E30/><V70/><F18/><N who="3" m="8543" /><G76/><AGARI ba="0,0" hai="0,6,9,48,55,58,61,63,76,80,85,92,99,100" machi="76" ten="30,2000,0" yaku="7,1,52,1" doraHai="53" who="0" fromWho="3" sc="244,20,318,0,188,0,250,-20" /><INIT seed="3,0,0,4,3,21" ten="264,318,188,230" oya="3" hai0="50,86,73,68,109,108,1,37,114,129,99,44,135" hai1="60,40,24,102,126,127,80,81,74,133,34,92,17" hai2="84,4,65,51,106,118,121,2,69,5,11,94,3" hai3="90,41,52,9,54,36,48,125,119,39,23,105,28"/><W45/><G105/><T47/><D73/><U103/><E40/><V18/><F118/><W29/><G119/><T12/><D1/><U128/><E128/><V25/><F106/><W76/><G125/><N who="1" m="47626" /><E102/><V79/><F121/><W100/><G100/><T53/><D86/><U61/><E74/><V16/><F51/><W70/><G70/><T58/><D50/><U31/><E17/><V14/><F69/><W35/><G35/><T89/><D58/><U77/><E133/><V122/><F122/><W33/><G33/><T134/><D89/><U13/><E13/><V87/><F65/><W72/><G90/><T101/><D53/><U104/><E104/><V57/><F57/><W49/><G9/><T6/><D129/><U10/><E10/><V130/><F130/><W22/><G41/><T62/><D135/><U98/><E77/><V67/><F67/><W113/><G76/><T120/><D134/><U27/><E27/><V91/><F3/><W20/><G72/><T56/><D68/><U115/><E115/><V38/><F38/><W112/><G23/><T26/><D37/><U123/><E123/><V82/><F2/><W85/><G45/><T30/><D47/><U7/><E7/><V55/><F55/><W59/><G59/><T93/><D114/><U95/><E61/><V132/><F132/><W32/><G32/><N who="0" m="20567" /><D44/><U117/><E117/><V96/><F87/><AGARI ba="0,0" hai="20,22,28,29,36,39,48,49,52,54,85,87,112,113" machi="87" ten="25,4800,0" yaku="22,2,54,1" doraHai="21" who="3" fromWho="2" sc="264,0,318,0,188,-48,230,48" /><INIT seed="3,1,0,0,4,3" ten="264,318,140,278" oya="3" hai0="119,30,6,58,71,124,73,39,53,81,48,56,127" hai1="130,14,122,102,128,38,37,49,5,91,77,118,33" hai2="135,126,21,123,12,69,132,20,121,66,88,95,129" hai3="103,97,16,34,18,19,55,52,11,9,13,31,50"/><W72/><G72/><T1/><D119/><U116/><E122/><V10/><F66/><W105/><G34/><T89/><D71/><U61/><E102/><V104/><F104/><W75/><G75/><T29/><D39/><N who="1" m="14859" /><E77/><V62/><F62/><W114/><G114/><T93/><D58/><U32/><E91/><V65/><F65/><W98/><G31/><T82/><D6/><U134/><E134/><N who="2" m="51243" /><F69/><W40/><G98/><N who="0" m="57647" /><D1/><U41/><E61/><V26/><F95/><N who="3" m="58815" /><G11/><T51/><D73/><U125/><E125/><N who="0" m="48201" /><D48/><U70/><E70/><V74/><F126/><W23/><G105/><T25/><D29/><U47/><E118/><V22/><F74/><W54/><G9/><T111/><D111/><U63/><E63/><V92/><F92/><W28/><G28/><T86/><D86/><U67/><E116/><V90/><F129/><W106/><G106/><T107/><D107/><U45/><E130/><V94/><F94/><W112/><G112/><T76/><D76/><U96/><E96/><V68/><F68/><W2/><G2/><T7/><D81/><U42/><E128/><V59/><F59/><W109/><G109/><T8/><D82/><U113/><E113/><V57/><F57/><W115/><G115/><T17/><D51/><U24/><E49/><V15/><F26/><W0/><G0/><N who="0" m="103" /><D56/><U4/><E45/><AGARI ba="1,0" hai="13,16,18,19,23,40,45,50,52,54,55" m="58815" machi="45" ten="30,5800,0" yaku="8,1,54,2" doraHai="3" who="3" fromWho="1" sc="264,0,318,-61,140,0,278,61" owari="264,6.0,257,-14.0,140,-36.0,339,44.0" /></mjloggm>