<mjloggm ver="2.3"><GO type="41"/><UN n0="%E3%83%AD%E3%82%A4" n1="%EF%BC%88%E2%89%A7%E2%96%BD%E2%89%A6%EF%BC%89" n2="%35%35%35%35%35" n3="%E6%A1%83%E5%AD%90" dan="14,13,14,14" rate="1917,2010,1884,1876" sx="M,M,M,F"/><TAIKYOKU oya="0"/><INIT seed="0,0,0,1,5,12" ten="250,250,250,250" oya="0" hai0="123,93,95,124,17,120,81,100,66,105,9,64,99" hai1="60,14,52,37,10,31,57,92,1,3,49,118,36" hai2="111,63,112,41,77,27,75,59,16,42,85,107,117" hai3="40,19,127,21,74,65,88,38,133,76,24,53,97"/><T51/><D124/><U68/><E118/><V44/><F111/><W87/><G127/><T130/><D130/><U80/><E31/><V79/><F112/><W83/><G133/><T30/><D30/><U43/><E92/><V78/><F117/><W101/><G65/><T6/><D81/><U18/><E80/><V134/><F134/><W116/><G116/><T94/><D51/><U62/><E62/><V28/><F107/><W128/><G128/><T91/><D91/><U73/><E73/><V122/><F122/><W29/><G53/><T70/><D66/><N who="1" m="41031" /><E37/><V23/><F75/><W108/><G108/><T89/><D89/><U104/><E104/><V71/><F71/><W102/><G38/><T129/><D129/><U54/><E54/><N who="2" m="34295" /><F44/><AGARI ba="0,0" hai="1,3,10,14,18,36,43,44,49,52,57" m="41031" machi="44" ten="30,3900,0" yaku="24,1,52,1,54,1" doraHai="12" who="1" fromWho="2" sc="250,0,250,39,250,-39,250,0" /><INIT seed="1,0,0,4,3,67" ten="250,289,211,250" oya="1" hai0="6,131,50,107,5,79,18,65,72,99,126,88,60" hai1="80,61,28,69,97,108,122,76,33,75,92,40,85" hai2="47,7,115,8,62,117,21,31,95,96,27,63,48" hai3="111,49,3,15,11,32,46,38,53,135,51,16,68"/><U41/><E122/><V125/><F125/><W52/><G32/><T56/><D126/><U54/><E108/><V102/><F115/><W45/><G111/><T24/><D131/><U86/><E33/><V34/><F117/><W22/><G38/><T119/><D119/><U89/><E28/><V91/><F34/><W66/><G135/><T123/><D123/><U109/><E109/><V134/><F134/><W81/><G81/><T2/><D79/><U103/><E85/><V13/><REACH who="2" step="1"/><F102/><REACH who="2" step="2"/><W30/><G3/><T104/><D2/><U44/><E44/><V19/><F19/><W55/><G30/><T87/><D18/><U129/><E129/><V94/><F94/><W9/><REACH who="3" step="1"/><G55/><AGARI ba="0,1" hai="7,8,13,21,27,31,47,48,55,62,63,91,95,96" machi="55" ten="30,7700,0" yaku="1,1,7,1,8,1,53,1" doraHai="67" doraHaiUra="93" who="2" fromWho="3" sc="250,0,289,0,201,87,250,-77" /><INIT seed="2,0,0,3,5,55" ten="250,289,288,173" oya="2" hai0="120,64,123,66,34,52,27,110,16,132,5,32,48" hai1="29,117,0,133,101,103,131,98,23,85,134,38,135" hai2="74,28,58,94,45,43,109,116,77,75,11,83,118" hai3="62,89,30,22,112,56,53,2,31,19,20,115,121"/><V80/><F28/><N who="3" m="10795" /><G2/><T57/><D110/><U65/><E117/><V82/><F109/><W42/><G121/><T124/><D132/><U125/><E0/><V70/><F70/><W35/><G35/><T25/><D124/><U104/><E125/><V33/><F33/><W63/><G42/><T69/><D5/><U61/><E131/><V105/><F105/><W10/><G89/><T129/><D129/><U47/><E85/><V36/><F118/><W49/><G10/><T92/><D120/><U86/><E86/><V107/><F107/><W60/><G19/><T14/><D123/><U3/><E3/><V106/><F106/><W8/><G8/><T111/><D111/><U79/><E79/><V21/><F116/><W91/><G91/><T126/><D126/><U113/><E113/><AGARI ba="0,0" hai="20,22,49,53,56,60,62,63,112,113,115" m="10795" machi="113" ten="30,2000,0" yaku="11,1,52,1" doraHai="55" who="3" fromWho="1" sc="250,0,289,-20,288,0,173,20" /><INIT seed="3,0,0,0,3,113" ten="250,269,288,193" oya="3" hai0="126,8,104,29,13,63,127,4,120,83,95,117,59" hai1="72,134,88,28,123,110,26,2,56,11,106,41,21" hai2="18,10,81,23,42,19,74,35,60,103,130,37,50" hai3="125,84,69,115,14,78,27,100,109,33,71,70,1"/><W124/><G115/><T132/><D120/><U75/><E123/><V92/><F35/><W108/><G1/><T15/><D104/><U90/><E106/><V49/><F37/><W55/><G100/><T51/><D132/><U52/><E134/><V114/><F114/><W22/><G55/><T111/><D111/><N who="3" m="42569" /><G33/><T16/><D117/><U91/><E110/><V57/><F130/><W31/><G14/><T86/><D29/><U54/><E41/><V53/><F42/><W3/><G3/><T17/><D51/><U135/><E135/><V32/><F32/><W89/><G78/><T129/><D129/><U9/><E54/><V46/><F74/><W119/><G119/><T66/><D95/><AGARI ba="0,0" hai="22,27,31,69,70,71,84,89,95,124,125" m="42569" machi="95" ten="40,3900,0" yaku="14,1,10,1" doraHai="113" who="3" fromWho="0" sc="250,-39,269,0,288,0,193,39" /><INIT seed="3,1,0,0,2,110" ten="211,269,288,232" oya="3" hai0="29,43,85,9,91,68,36,52,72,113,97,80,24" hai1="55,112,14,47,122,131,0,71,38,103,39,128,134" hai2="45,108,4,77,125,73,102,90,70,10,126,100,74" hai3="30,81,6,20,61,111,87,135,67,32,58,75,31"/><W8/><G75/><N who="2" m="28681" /><F45/><W104/><G104/><T115/><D68/><U60/><E0/><V93/><F4/><W64/><G111/><T95/><D72/><U12/><E103/><N who="2" m="39467" /><F10/><W107/><G107/><T19/><D43/><U121/><E12/><V79/><F70/><W34/><G135/><T28/><D36/><N who="1" m="13867" /><E14/><V37/><F37/><W89/><G20/><N who="0" m="13343" /><D52/><U51/><E134/><V50/><F50/><W2/><REACH who="3" step="1"/><G67/><REACH who="3" step="2"/><T118/><D118/><U132/><E132/><V69/><F108/><W92/><G92/><T109/><D109/><U78/><E122/><V11/><F69/><W23/><G23/><T117/><D117/><U21/><E71/><V98/><F11/><W84/><G84/><T119/><D119/><U99/><E21/><V129/><F129/><W22/><G22/><T86/><D9/><U56/><E121/><V94/><F94/><W133/><G133/><T127/><D86/><U35/><E131/><V1/><F1/><W130/><G130/><T26/><D28/><AGARI ba="1,1" hai="2,6,8,28,30,31,32,34,58,61,64,81,87,89" machi="28" ten="40,3900,0" yaku="1,1,53,1" doraHai="110" doraHaiUra="59" who="3" fromWho="0" sc="211,-42,269,0,288,0,222,52" /><INIT seed="3,2,0,4,5,130" ten="169,269,288,274" oya="3" hai0="3,84,59,63,126,134,110,83,114,1,65,49,62" hai1="86,25,29,10,118,106,46,116,120,94,90,50,74" hai2="115,43,18,87,125,35,2,38,111,70,100,103,66" hai3="9,33,34,55,37,68,39,17,53,30,93,41,113"/><W131/><G131/><T48/><D126/><U23/><E120/><V78/><F111/><W69/><G113/><T121/><D121/><U123/><E123/><V102/><F125/><W101/><G30/><T73/><D114/><U71/><E74/><V133/><F115/><W107/><G41/><T60/><D110/><U22/><E71/><N who="3" m="27210" /><G93/><T132/><D73/><U61/><E106/><V109/><F109/><W54/><G17/><T117/><D117/><N who="1" m="45163" /><E61/><V129/><F129/><W82/><G82/><T31/><D31/><U92/><E10/><V36/><F43/><W81/><G81/><T20/><D20/><N who="1" m="15527" /><E94/><V26/><F78/><W97/><G9/><T15/><D15/><U104/><E104/><V8/><F87/><W127/><G127/><T72/><D72/><U64/><E64/><V112/><F112/><W16/><G16/><T108/><D108/><U6/><E6/><V95/><F95/><W58/><G58/><T57/><D63/><U80/><E92/><V88/><F66/><W85/><G85/><T128/><D128/><U21/><E21/><V19/><F70/><W96/><G101/><T5/><D83/><U13/><E13/><V135/><F102/><W40/><G40/><AGARI ba="2,0" hai="22,23,40,46,50,80,86,90" m="15527,45163" machi="40" ten="30,1000,0" yaku="12,1" doraHai="130" who="1" fromWho="3" sc="169,0,269,16,288,0,274,-16" /><INIT seed="4,0,0,2,0,118" ten="169,285,288,258" oya="0" hai0="77,44,0,88,5,124,59,14,99,110,27,23,9" hai1="135,89,20,38,116,115,37,67,87,113,30,98,50" hai2="26,102,85,109,16,51,121,106,56,122,8,48,29" hai3="134,125,73,57,28,90,71,45,72,94,21,104,15"/><T60/><D124/><U75/><E116/><V22/><F109/><W126/><G125/><T11/><D110/><U123/><E123/><V74/><F74/><W17/><G104/><T68/><D68/><U3/><E3/><V95/><F106/><W114/><G126/><T82/><D44/><U12/><E135/><V32/><F8/><W92/><G134/><T108/><D108/><U47/><E75/><V19/><F48/><W58/><G71/><T101/><D88/><U40/><E67/><V81/><F102/><W55/><G114/><N who="1" m="43530" /><E98/><V42/><F95/><W130/><G94/><T54/><D11/><U96/><E96/><V83/><F81/><W43/><G130/><T117/><D117/><U86/><E86/><V13/><F19/><W133/><G28/><T36/><D36/><U62/><E62/><V49/><F51/><N who="3" m="30975" /><G58/><T66/><D66/><U46/><E46/><V119/><F119/><W112/><G112/><T1/><D99/><U79/><E30/><V33/><F33/><W25/><G25/><T128/><D101/><U41/><E38/><V7/><F7/><W18/><G18/><T10/><D128/><U24/><E37/><V2/><F2/><W105/><G105/><T111/><D10/><U34/><E34/><V100/><F100/><W35/><G35/><T6/><D6/><U91/><E41/><V63/><F42/><W78/><G78/><T120/><D120/><U70/><E70/><V65/><F49/><N who="3" m="26815" /><G133/><T61/><D111/><U97/><E79/><AGARI ba="0,0" hai="13,16,22,26,29,32,56,63,65,79,83,85,121,122" machi="79" ten="30,7700,0" yaku="7,1,52,2,54,1" doraHai="118" who="2" fromWho="1" sc="169,0,285,-77,288,77,258,0" /><INIT seed="5,0,0,0,2,126" ten="169,208,365,258" oya="1" hai0="27,78,23,58,79,45,77,39,60,85,62,26,102" hai1="41,117,93,99,42,8,123,96,51,103,72,86,81" hai2="61,94,115,4,63,91,34,6,37,9,11,31,75" hai3="30,24,105,44,98,114,90,70,1,122,116,119,134"/><U22/><E123/><V2/><F75/><W109/><G122/><T125/><D125/><U133/><E117/><N who="3" m="45130" /><G1/><T127/><D127/><U48/><E133/><V132/><F37/><W46/><G134/><T15/><D102/><U71/><E71/><V20/><F132/><W43/><G70/><T111/><D111/><U19/><E72/><V59/><F115/><W128/><G109/><T118/><D118/><U87/><E8/><N who="2" m="3147" /><F34/><N who="3" m="20807" /><G114/><T129/><D129/><U95/><E103/><V113/><F113/><W28/><G28/><T36/><D15/><U100/><E100/><V107/><F107/><W110/><G110/><T57/><D78/><U73/><E73/><V40/><F40/><W29/><G29/><T14/><D14/><U32/><E32/><V131/><F2/><W7/><G7/><T55/><D23/><U92/><E92/><V16/><F31/><W80/><G105/><T101/><D101/><U82/><REACH who="1" step="1"/><E22/><REACH who="1" step="2"/><V56/><F20/><W3/><G80/><T74/><D74/><U35/><E35/><V54/><F131/><W10/><G128/><T67/><D27/><U53/><E53/><V112/><F94/><N who="3" m="56663" /><G43/><T76/><D26/><U66/><E66/><V130/><F130/><W25/><G25/><T12/><D67/><U13/><E13/><V108/><F112/><W50/><G10/><T104/><D12/><U0/><E0/><V68/><F68/><W17/><G3/><T121/><D121/><U64/><E64/><N who="2" m="38951" /><F108/><W88/><G88/><T124/><D124/><U65/><E65/><V21/><F91/><W84/><G84/><T89/><D85/><RYUUKYOKU ba="0,1" sc="169,-15,198,15,365,15,258,-15" hai1="19,41,42,48,51,81,82,86,87,93,95,96,99" hai2="4,6,16,21,54,59,63" /><INIT seed="5,1,1,3,0,129" ten="154,213,380,243" oya="1" hai0="90,8,50,38,112,37,5,25,36,107,77,2,126" hai1="114,55,15,113,76,116,87,123,82,85,44,108,0" hai2="130,91,135,29,1,62,40,54,57,102,79,53,30" hai3="81,19,56,134,11,39,7,119,115,9,31,42,18"/><U71/><E0/><V51/><F40/><W106/><G119/><T34/><D107/><U99/><E116/><V80/><F130/><W66/><G106/><T111/><D111/><U14/><E71/><V10/><F102/><W93/><G115/><N who="1" m="44042" /><E123/><V128/><F128/><W67/><G93/><T48/><D112/><U117/><E117/><V74/><F1/><W61/><G66/><T72/><D126/><U41/><E108/><V109/><F109/><W78/><G134/><T46/><D46/><U52/><E87/><V60/><F135/><W133/><G133/><T3/><D3/><U12/><E99/><V118/><F118/><W43/><G31/><T64/><D64/><U132/><E132/><V27/><F10/><W121/><G9/><T104/><D104/><U98/><E98/><V17/><F17/><W26/><G26/><T59/><D59/><U88/><E76/><V105/><F105/><W24/><G121/><T16/><D90/><U13/><N who="1" m="3584" /><DORA hai="83" /><U94/><E82/><V4/><F80/><W120/><G120/><T97/><D97/><U103/><E103/><V33/><F91/><W70/><G81/><T47/><D47/><U96/><E96/><V65/><F79/><W84/><G78/><T73/><D73/><U45/><E45/><V101/><F74/><W100/><G84/><T23/><REACH who="0" step="1"/><D34/><REACH who="0" step="2"/><U122/><E122/><V63/><F33/><W68/><G100/><T95/><D95/><U124/><E124/><V58/><F101/><W92/><G92/><T89/><D89/><U21/><E21/><N who="2" m="15599" /><F58/><W22/><G56/><T20/><D20/><RYUUKYOKU ba="1,2" sc="144,15,213,15,380,-15,243,-15" hai0="2,5,8,16,23,25,36,37,38,48,50,72,77" hai1="41,44,52,55,85,88,94" /><INIT seed="5,2,2,2,0,109" ten="159,228,365,228" oya="1" hai0="121,59,19,31,48,52,40,93,7,70,111,0,84" hai1="38,18,65,67,96,83,120,132,100,108,92,2,122" hai2="124,66,44,103,32,26,1,101,13,28,87,37,34" hai3="91,73,110,112,3,69,27,23,35,82,115,8,49"/><U61/><E2/><V43/><F1/><W20/><G69/><T80/><D111/><U56/><E108/><V47/><F124/><W16/><G110/><T117/><D117/><U128/><E38/><V81/><F34/><W134/><G134/><T98/><D70/><U29/><E132/><V33/><F33/><W53/><G73/><T12/><D121/><U11/><E128/><V99/><F66/><W104/><G104/><T15/><D31/><U75/><E67/><V79/><F99/><W14/><G82/><T62/><D7/><U68/><E68/><V10/><F47/><W36/><G36/><T106/><D106/><U57/><E57/><V129/><F129/><W51/><G91/><N who="0" m="55615" /><D0/><U25/><E75/><V130/><F130/><W45/><G51/><T63/><D19/><AGARI ba="2,2" hai="10,13,19,26,28,32,37,43,44,79,81,87,101,103" machi="19" ten="30,1000,0" yaku="7,1" doraHai="109" who="2" fromWho="0" sc="159,-16,228,0,365,36,228,0" /><INIT seed="6,0,0,3,1,50" ten="143,228,401,228" oya="2" hai0="53,116,40,112,125,74,65,121,54,22,38,17,44" hai1="60,102,115,12,51,85,128,93,72,42,100,75,19" hai2="78,77,76,88,95,29,103,134,37,110,79,59,105" hai3="99,94,104,119,130,83,66,69,52,20,9,118,107"/><V132/><F37/><W13/><G130/><T63/><D121/><U58/><E115/><V97/><F29/><W98/><G69/><T14/><D112/><U82/><E128/><V68/><F68/><W126/><G126/><T4/><D125/><U23/><E75/><V87/><F110/><W55/><G66/><T6/><D74/><U7/><E72/><V45/><F45/><W109/><G109/><T117/><D4/><U135/><E7/><V34/><F34/><W36/><G36/><T89/><D89/><N who="1" m="51383" /><E135/><N who="2" m="51755" /><F59/><W48/><G48/><T111/><D111/><U10/><E93/><V86/><N who="2" m="19968" /><DORA hai="46" /><V96/><AGARI ba="0,0" hai="86,87,88,95,96,97,103,105" m="19968,51755" machi="96" ten="50,12000,1" yaku="4,1,20,1,34,2,54,1" doraHai="50,46" who="2" fromWho="2" sc="143,-40,228,-40,401,120,228,-40" /><INIT seed="6,1,0,3,2,66" ten="103,188,521,188" oya="2" hai0="92,50,49,79,55,41,130,56,87,122,13,131,97" hai1="58,63,11,116,33,109,128,126,16,127,106,120,1" hai2="19,71,64,102,54,26,101,81,22,38,69,111,82" hai3="47,114,80,78,100,86,84,17,124,112,123,15,6"/><V94/><F111/><W34/><G123/><T40/><D122/><U25/><E109/><V0/><F0/><W8/><G34/><T74/><D74/><U3/><E120/><V61/><F38/><W42/><G100/><T48/><D13/><N who="1" m="7231" /><E106/><V37/><F37/><W23/><G124/><N who="1" m="47658" /><E116/><V27/><F54/><W9/><G86/><T107/><D107/><U117/><E117/><V103/><F94/><W118/><G118/><T115/><D115/><N who="3" m="44073" /><G6/><T119/><D119/><U35/><E128/><N who="0" m="49193" /><D79/><U113/><E113/><V121/><F121/><W36/><AGARI ba="1,0" hai="8,9,15,17,23,36,42,47,78,80,84" m="44073" machi="36" ten="30,2000,0" yaku="15,1,11,1" doraHai="66" who="3" fromWho="3" sc="103,-6,188,-6,521,-11,188,23" /><INIT seed="7,0,0,3,2,135" ten="97,182,510,211" oya="3" hai0="91,71,23,83,97,132,56,9,119,29,10,98,45" hai1="5,125,36,85,53,72,32,66,123,25,101,128,41" hai2="16,61,78,30,68,107,65,99,47,86,38,59,124" hai3="118,84,75,87,127,114,62,133,108,39,8,126,77"/><W129/><G114/><T130/><D119/><U73/><E123/><V54/><F30/><W48/><G118/><T116/><D116/><U89/><E5/><V58/><F124/><N who="3" m="47659" /><G133/><T134/><D132/><U31/><E101/><V79/><F68/><W0/><G129/><T80/><D134/><U35/><E35/><V60/><F107/><W69/><G108/><T43/><D130/><U131/><E125/><V52/><F99/><W117/><G117/><T11/><D71/><U82/><E131/><V103/><F103/><W18/><G39/><T26/><D56/><U96/><E128/><V6/><F6/><N who="3" m="1095" /><G18/><T57/><D57/><U94/><E36/><V3/><F3/><W44/><G75/><T1/><D1/><U28/><E73/><V37/><F37/><W102/><G102/><T55/><D55/><U110/><E72/><V13/><F38/><W113/><G77/><T21/><D21/><U42/><E110/><V50/><F86/><W109/><G109/><T7/><D7/><U104/><E53/><V93/><F93/><W115/><G62/><T70/><D70/><U112/><E112/><N who="3" m="43082" /><G69/><T106/><D106/><U90/><E104/><V81/><F81/><W95/><G95/><T120/><D83/><U27/><E66/><V40/><F54/><AGARI ba="0,0" hai="44,48,54,84,87" m="43082,1095,47659" machi="54" ten="30,12000,1" yaku="18,1,15,1,52,3" doraHai="135" who="3" fromWho="2" sc="97,0,182,0,510,-120,211,120" /><INIT seed="7,1,0,5,3,117" ten="97,182,390,331" oya="3" hai0="82,8,134,133,11,56,4,18,48,30,7,23,106" hai1="14,102,69,32,3,87,33,128,121,119,113,41,122" hai2="126,130,12,135,50,34,63,120,28,43,107,91,42" hai3="96,114,5,16,116,80,110,31,39,24,75,36,65"/><W92/><G116/><T2/><D106/><U51/><E3/><V17/><F120/><W46/><G110/><T19/><D82/><U85/><E69/><V67/><F135/><W129/><G129/><T54/><D30/><U74/><E119/><V99/><F126/><W29/><G114/><T88/><D23/><U62/><E62/><V103/><F130/><W53/><G5/><T73/><D73/><U49/><E128/><V66/><F34/><W47/><G65/><T71/><D71/><U127/><E74/><V60/><F28/><N who="3" m="10827" /><G39/><T58/><D56/><U101/><E14/><V81/><F66/><W105/><G36/><T1/><REACH who="0" step="1"/><D88/><REACH who="0" step="2"/><U89/><E89/><V97/><F91/><N who="3" m="55327" /><G105/><T22/><D22/><U90/><E90/><V94/><F107/><W64/><G80/><T93/><D93/><U108/><E32/><V111/><F94/><W132/><G75/><T98/><D98/><U40/><E33/><V61/><F99/><W15/><G132/><AGARI ba="1,1" hai="1,2,4,7,8,11,18,19,48,54,58,132,133,134" machi="132" ten="40,5200,0" yaku="1,1,9,1,20,1,53,0" doraHai="117" doraHaiUra="115" who="0" fromWho="3" sc="87,65,182,0,390,0,331,-55" owari="152,-35,182,-22,390,49,276,8" /></mjloggm>