<mjloggm ver="2.3"><GO type="43"/><UN n0="%E3%83%AD%E3%82%A4%E3%83%89%E5%AE%89%E8%97%A4" n1="%E3%81%A9%E3%81%86%E3%81%9B%E3%83%A9%E3%82%B9%E3%82%8B%E3%81%97" n2="%EF%BC%88%E2%89%A7%E2%96%BD%E2%89%A6%EF%BC%89" n3="%E7%AC%AC%E4%B8%89%E3%81%AE%E6%80%A7%E5%88%A5%E7%A7%80%E5%90%89" dan="13,13,15,15" rate="1857,1844,2020,2008" sx="M,M,M,F"/><TAIKYOKU oya="0"/><INIT seed="0,0,0,2,3,22" ten="250,250,250,250" oya="0" hai0="52,84,43,97,115,19,28,39,102,126,130,72,87" hai1="65,34,74,59,46,41,127,50,122,88,128,10,109" hai2="37,49,61,107,99,47,116,101,81,92,30,124,106" hai3="5,62,35,56,123,78,55,133,36,71,118,79,15"/><T7/><D115/><U125/><E122/><V60/><F37/><W23/><G123/><T105/><D72/><U42/><E74/><V12/><F116/><W112/><G35/><T38/><D130/><U80/><E128/><V63/><F124/><N who="1" m="47689" /><E34/><V27/><F12/><W131/><G36/><T83/><D126/><U117/><E117/><V31/><F31/><W68/><G131/><T90/><D28/><U77/><E109/><V108/><F81/><W1/><G118/><T111/><D111/><U14/><E77/><V66/><F108/><W54/><G112/><T121/><D121/><U18/><E88/><V96/><F66/><W48/><G133/><T76/><D7/><U95/><E95/><V100/><F92/><W132/><G132/><T11/><D43/><N who="1" m="24927" /><E80/><V0/><F0/><W69/><G1/><T33/><D33/><U73/><E73/><V4/><F4/><W26/><G5/><T94/><REACH who="0" step="1"/><D52/><REACH who="0" ten="240,250,250,250" step="2"/><U89/><E41/><V114/><F114/><W9/><G55/><T17/><D17/><U104/><E42/><V51/><REACH who="2" step="1"/><F47/><REACH who="2" ten="240,250,240,250" step="2"/><W16/><G16/><T3/><D3/><U64/><E18/><V135/><F135/><W119/><G119/><T86/><D86/><U24/><E65/><V98/><F98/><W6/><G6/><T40/><D40/><U129/><E64/><V2/><F2/><W20/><G54/><T110/><D110/><U44/><E129/><V67/><F67/><W91/><G71/><T13/><AGARI ba="0,2" hai="11,13,19,38,39,76,83,84,87,90,94,97,102,105" machi="13" ten="30,3000,0" yaku="1,1,0,1,53,0" doraHai="22" doraHaiUra="45" who="0" fromWho="0" sc="240,50,250,-10,240,-10,250,-10" /><INIT seed="0,1,0,2,0,65" ten="290,240,230,240" oya="0" hai0="132,54,66,102,25,91,10,60,67,39,3,68,45" hai1="69,86,16,14,88,37,27,12,94,46,89,42,26" hai2="41,2,36,112,8,117,123,122,29,40,33,101,96" hai3="92,104,130,119,20,50,100,13,118,125,74,83,97"/><T30/><D132/><U93/><E69/><V71/><F112/><W81/><G125/><T73/><D73/><U133/><E133/><V77/><F117/><W28/><G130/><T114/><D114/><U120/><E120/><V90/><F90/><W85/><G50/><T59/><D102/><U103/><E103/><V51/><F51/><W110/><G110/><T127/><D127/><U64/><E64/><V84/><F84/><W55/><G55/><T15/><D3/><U31/><E16/><V115/><F41/><W135/><G135/><T80/><D67/><U17/><E17/><V35/><F77/><W21/><G21/><T70/><D80/><U48/><E37/><V78/><F78/><W22/><G22/><T1/><D1/><U0/><E0/><V95/><F115/><W19/><G28/><T108/><D108/><U82/><E82/><V129/><F129/><W44/><G44/><T111/><D111/><U105/><E105/><N who="2" m="63655" /><F71/><W43/><G43/><T107/><D107/><U11/><E11/><V113/><F95/><W32/><G32/><N who="2" m="12361" /><F29/><W5/><G5/><N who="0" m="3535" /><D91/><U58/><E31/><V53/><F53/><W75/><G81/><T131/><D131/><U34/><E34/><V72/><F72/><W23/><G74/><T99/><D99/><U6/><E89/><V124/><F124/><W9/><G75/><T116/><D116/><N who="3" m="44585" /><G104/><T4/><D4/><U79/><E6/><N who="2" m="1111" /><F113/><W134/><G134/><T76/><D76/><U56/><E79/><V121/><F121/><W7/><G7/><T47/><D39/><U87/><E94/><V18/><F18/><RYUUKYOKU ba="1,0" sc="290,-15,240,-15,230,15,240,15" hai2="36,40,122,123" hai3="9,13,19,20,23,83,85,92,97,100" /><INIT seed="1,2,0,3,3,118" ten="275,225,245,255" oya="1" hai0="11,108,15,97,70,114,45,33,3,55,71,50,79" hai1="95,132,74,64,66,37,104,67,47,24,123,100,130" hai2="80,39,120,87,111,49,63,4,26,28,8,98,1" hai3="78,17,90,84,119,31,110,32,46,133,89,128,115"/><U48/><E130/><V83/><F39/><W121/><G119/><T30/><D114/><U59/><E104/><V94/><F111/><W9/><G110/><T54/><D108/><U107/><E107/><V13/><F120/><W76/><G121/><T27/><D3/><U7/><E123/><V38/><F38/><W117/><G115/><T16/><D79/><U25/><E74/><V5/><F49/><W56/><G117/><T113/><D113/><U88/><E132/><V131/><F131/><W6/><G128/><T124/><D124/><U58/><E100/><V18/><F63/><W77/><G133/><T61/><REACH who="0" step="1"/><D97/><REACH who="0" ten="265,225,245,255" step="2"/><N who="1" m="57575" /><E37/><V68/><F1/><W103/><G77/><T96/><D96/><U62/><E7/><V65/><F4/><W40/><G78/><T109/><D109/><U101/><E101/><V81/><F5/><W0/><G76/><T134/><D134/><U126/><E126/><V51/><F98/><W35/><G0/><T21/><D21/><U73/><E73/><V135/><F135/><W12/><G35/><T53/><D53/><N who="1" m="29855" /><E58/><AGARI ba="2,1" hai="11,15,16,27,30,33,45,50,54,55,58,61,70,71" machi="58" ten="40,1300,0" yaku="1,1,53,0" doraHai="118" doraHaiUra="102" who="0" fromWho="1" sc="265,29,225,-19,245,0,255,0" /><INIT seed="2,0,0,0,0,100" ten="294,206,245,255" oya="2" hai0="47,39,75,94,121,120,14,68,43,11,35,67,98" hai1="0,34,88,105,17,62,16,41,101,108,93,69,123" hai2="29,104,65,5,116,1,61,86,72,133,84,30,82" hai3="53,38,50,130,126,131,64,57,8,134,124,24,89"/><V118/><F72/><W109/><G24/><T37/><D37/><U58/><E41/><V106/><F1/><W112/><G89/><T51/><D35/><U107/><E108/><V95/><F5/><W125/><G8/><T97/><D75/><U119/><E119/><V115/><F115/><W27/><G27/><T71/><D51/><U110/><E34/><V73/><F73/><W54/><G112/><T25/><D25/><U18/><E110/><V114/><F114/><W2/><G2/><T13/><D13/><U70/><E0/><V85/><F82/><W28/><G28/><T83/><D83/><U4/><E4/><V80/><F80/><W22/><G22/><T6/><D98/><U55/><E123/><V32/><F95/><W49/><G109/><T87/><D87/><U81/><E81/><V31/><F32/><W91/><G91/><T117/><D117/><U63/><E101/><V44/><F44/><W42/><G64/><T46/><D46/><U129/><E129/><N who="3" m="49162" /><G38/><T12/><D12/><U59/><E70/><N who="0" m="26665" /><D67/><U74/><E69/><N who="2" m="42159" /><F133/><W60/><G42/><T113/><D113/><U103/><E74/><V99/><F99/><W66/><G134/><T48/><D39/><U10/><E103/><V90/><F90/><W122/><G122/><T9/><D9/><U40/><E10/><V56/><F56/><N who="3" m="32823" /><G66/><T33/><D33/><U19/><N who="1" m="4608" /><DORA hai="26" /><U132/><E132/><V77/><F77/><W52/><G52/><T23/><D23/><U15/><E88/><V45/><F45/><W135/><G135/><T79/><D79/><U76/><E76/><RYUUKYOKU ba="0,0" sc="294,10,206,-30,245,10,255,10" hai0="6,11,14,43,47,48,94,97,120,121" hai2="29,30,31,84,85,86,104,106,116,118" hai3="49,54,57,60,124,125,126" /><INIT seed="2,1,0,2,0,8" ten="304,176,255,265" oya="2" hai0="90,80,66,81,115,125,110,63,52,42,32,96,111" hai1="102,21,15,89,127,87,61,112,34,72,35,31,43" hai2="55,23,71,40,74,51,26,6,117,38,67,77,121" hai3="39,97,99,17,9,109,93,126,57,92,64,29,103"/><V108/><F117/><W94/><G39/><T19/><D115/><U0/><E72/><V3/><F121/><W78/><G109/><T10/><D32/><U86/><E112/><V133/><F133/><W28/><G126/><T16/><D125/><U37/><E0/><V4/><F108/><W59/><G78/><T82/><D42/><U73/><E73/><V58/><F77/><W88/><G94/><T135/><D135/><U22/><E127/><V83/><F83/><W113/><G113/><T1/><D52/><U65/><E102/><V84/><F84/><W129/><G129/><T60/><D19/><U95/><E22/><V41/><F74/><W128/><G128/><T85/><D96/><U76/><E37/><V33/><F33/><W20/><G9/><T14/><D1/><U11/><E43/><V123/><F123/><W7/><G7/><T116/><D116/><U53/><E53/><V49/><F49/><W70/><G70/><T45/><D45/><U36/><E36/><V54/><F54/><W107/><G107/><T101/><D101/><U48/><E48/><V131/><F131/><W106/><G106/><T5/><D5/><N who="2" m="2154" /><F3/><W79/><G79/><T25/><D110/><U120/><E120/><V122/><F38/><W104/><G104/><T47/><D111/><U2/><E2/><V68/><F122/><W100/><G100/><T24/><D80/><U46/><E76/><V130/><F130/><W118/><G118/><T62/><D81/><U69/><E35/><V27/><F67/><W44/><G44/><T13/><D66/><U132/><E65/><RYUUKYOKU ba="1,0" sc="304,0,176,0,255,0,265,0" /><INIT seed="3,2,0,3,3,50" ten="304,176,255,265" oya="3" hai0="101,45,30,4,115,135,71,96,51,109,61,105,12" hai1="69,128,31,26,82,5,94,0,83,80,9,28,122" hai2="120,67,125,11,39,25,15,108,65,16,81,130,134" hai3="41,35,43,131,52,60,85,37,20,78,44,90,34"/><W117/><G117/><T121/><D121/><U1/><E122/><V73/><F120/><W13/><G131/><T63/><D109/><U59/><E128/><V48/><F130/><W88/><G41/><T95/><D135/><U76/><E69/><V42/><F134/><W102/><G102/><T123/><D123/><U7/><E94/><V86/><F108/><W14/><G78/><T47/><D115/><U84/><E59/><V10/><F125/><W133/><G133/><T118/><D118/><U126/><E126/><V98/><F39/><W55/><G90/><T112/><D112/><U3/><E3/><V124/><F73/><W53/><G60/><T64/><D30/><U110/><E110/><V54/><F124/><W119/><G119/><T58/><D51/><U40/><E40/><V100/><F42/><W127/><G127/><T18/><D4/><U49/><E49/><V113/><F11/><W21/><G21/><T8/><REACH who="0" step="1"/><D105/><REACH who="0" ten="294,176,255,265" step="2"/><U27/><E31/><V32/><F113/><W38/><G38/><T19/><D19/><U29/><E28/><V111/><F111/><W75/><G75/><T72/><D72/><U103/><E29/><V91/><F32/><W114/><G114/><T66/><AGARI ba="2,1" hai="8,12,18,45,47,58,61,63,64,66,71,95,96,101" machi="66" ten="20,5200,0" yaku="1,1,0,1,7,1,53,1" doraHai="50" doraHaiUra="93" who="0" fromWho="0" sc="294,68,176,-15,255,-15,265,-28" /><INIT seed="4,0,0,2,2,19" ten="362,161,240,237" oya="0" hai0="20,70,33,125,55,12,65,82,5,28,14,100,79" hai1="53,3,18,83,104,124,26,85,68,72,40,105,89" hai2="77,128,91,119,22,88,118,112,73,36,1,44,10" hai3="54,134,41,76,60,64,126,29,17,38,66,86,132"/><T103/><D125/><U121/><E124/><V74/><F112/><W9/><G126/><T111/><D33/><U78/><E121/><V122/><F122/><W110/><G110/><T0/><D0/><U135/><E68/><V50/><F128/><W24/><G41/><T108/><D70/><U45/><E3/><V30/><F36/><W39/><G54/><T25/><D65/><U31/><E53/><N who="2" m="29895" /><F1/><W93/><G66/><T56/><D108/><U130/><E130/><V67/><F10/><W11/><G38/><T2/><D2/><U84/><E135/><N who="3" m="51754" /><G39/><T4/><D111/><U75/><E18/><V8/><F8/><W116/><G17/><T114/><D114/><U97/><E85/><V80/><F74/><W61/><G61/><N who="0" m="35999" /><D14/><U120/><E120/><V52/><F52/><W23/><G116/><N who="2" m="44585" /><F67/><W71/><G93/><T81/><D12/><U131/><E131/><V15/><F15/><W106/><G106/><T58/><D4/><U62/><E105/><V69/><F69/><W117/><G117/><T35/><D5/><U6/><E6/><V123/><F123/><W98/><G98/><T32/><D32/><U90/><E104/><V37/><F37/><W115/><G115/><T48/><D35/><U63/><E97/><V129/><F129/><W59/><G71/><T42/><D42/><U34/><E40/><V107/><F107/><W57/><G57/><T47/><D58/><U49/><E75/><V94/><F94/><W95/><G95/><T13/><D47/><U27/><E45/><V113/><F113/><W96/><G96/><T43/><D43/><RYUUKYOKU ba="0,0" sc="362,-15,161,-15,240,15,237,15" hai2="22,30,73,77,80,88,91" hai3="9,11,23,24,29,59,60,64,76,86" /><INIT seed="5,1,0,5,1,122" ten="347,146,255,252" oya="1" hai0="121,20,37,93,40,62,3,47,91,39,38,108,57" hai1="1,29,11,25,103,85,61,67,75,106,2,78,123" hai2="44,64,0,72,41,111,115,36,34,46,66,32,119" hai3="133,15,87,70,6,54,26,55,128,59,50,27,5"/><U89/><E123/><V105/><F119/><W83/><G70/><T110/><D121/><U82/><E11/><V49/><F72/><W80/><G133/><T48/><D3/><U104/><E104/><V118/><F118/><W52/><G128/><T10/><D10/><U107/><E107/><V125/><F105/><W126/><G126/><T42/><D20/><U116/><E116/><V56/><F125/><W97/><G97/><T13/><D13/><U132/><E132/><V81/><F0/><W14/><G59/><T33/><D33/><U117/><E117/><V63/><F115/><W24/><G50/><N who="0" m="26999" /><D91/><U90/><E90/><V16/><F66/><W113/><G113/><T23/><D23/><U17/><E17/><V86/><F16/><W31/><G31/><T68/><D93/><N who="1" m="54447" /><E29/><V28/><F28/><W84/><G15/><T102/><D102/><U53/><E53/><V43/><F32/><W18/><G14/><T65/><D68/><N who="1" m="42095" /><E25/><V51/><F34/><W8/><G8/><T9/><D9/><U120/><E120/><V88/><F36/><W74/><G74/><T95/><D95/><U79/><E79/><V98/><F98/><AGARI ba="1,0" hai="1,2,75,78,82,98,103,106" m="42095,54447" machi="98" ten="30,1500,0" yaku="24,1" doraHai="122" who="1" fromWho="2" sc="347,0,146,18,255,-18,252,0" /><INIT seed="5,2,0,1,2,78" ten="347,164,237,252" oya="1" hai0="133,98,24,49,32,112,77,82,76,40,79,102,11" hai1="111,4,92,10,21,46,45,84,134,12,59,35,132" hai2="7,47,18,44,39,127,36,54,28,1,122,101,50" hai3="68,106,130,30,115,94,107,120,97,104,23,48,103"/><U100/><E35/><V75/><F122/><W5/><G120/><T25/><D112/><U83/><E111/><V2/><F75/><W31/><G68/><T73/><D133/><N who="1" m="51307" /><E59/><V19/><F127/><W116/><G116/><T15/><D40/><U34/><E34/><V125/><F125/><W118/><G118/><T88/><D49/><U9/><E21/><V95/><F28/><W16/><G115/><T85/><D73/><U124/><E124/><V65/><F65/><W81/><G5/><N who="0" m="3567" /><D32/><U37/><E37/><V57/><F57/><W6/><G6/><T91/><D102/><U96/><E10/><V93/><F101/><W27/><G48/><T33/><D33/><U41/><E41/><V119/><F50/><W51/><G51/><T13/><D13/><U29/><E29/><V64/><F64/><W62/><G62/><T3/><D3/><U131/><E131/><V63/><F63/><W70/><G70/><T0/><D0/><U129/><E129/><V69/><F69/><W87/><REACH who="3" step="1"/><G130/><REACH who="3" ten="347,164,237,242" step="2"/><T114/><D114/><U38/><E38/><V135/><F119/><W67/><G67/><T71/><D71/><U113/><E113/><V8/><F7/><W20/><G20/><T110/><D110/><U90/><AGARI ba="2,1" hai="4,9,12,45,46,83,84,90,92,96,100" m="51307" machi="90" ten="30,3000,0" yaku="20,1,52,1" doraHai="78" who="1" fromWho="1" sc="347,-12,164,46,237,-12,242,-12" /><INIT seed="5,3,0,4,5,36" ten="335,210,225,230" oya="1" hai0="22,91,127,53,31,95,50,113,26,17,84,38,30" hai1="105,14,63,83,112,15,4,108,20,88,79,134,125" hai2="80,122,16,73,72,51,58,106,37,121,5,130,104" hai3="52,23,81,44,64,124,70,74,18,12,100,6,13"/><U61/><E125/><V101/><F5/><W33/><G33/><T119/><D127/><U111/><E105/><N who="2" m="40555" /><F16/><W47/><G100/><T60/><D113/><U21/><E112/><V0/><F0/><W98/><G98/><T117/><D38/><U43/><E43/><V27/><F27/><W75/><G124/><T85/><D60/><N who="1" m="23115" /><E134/><V67/><F37/><W129/><G129/><T82/><D117/><U56/><E56/><V57/><F67/><W9/><G81/><T54/><D119/><U45/><E88/><V25/><F25/><W46/><G64/><T77/><REACH who="0" step="1"/><D54/><REACH who="0" ten="325,210,225,230" step="2"/><U29/><E111/><V41/><F122/><W55/><G70/><T114/><D114/><U40/><E108/><V102/><F121/><W118/><G118/><T131/><D131/><U86/><E29/><V90/><F130/><W11/><G52/><T32/><D32/><U68/><E4/><V48/><F48/><W35/><G35/><T120/><D120/><U126/><E126/><V97/><F51/><W19/><REACH who="3" step="1"/><G55/><REACH who="3" ten="325,210,225,220" step="2"/><T69/><D69/><U116/><E68/><V34/><F34/><W89/><G89/><T135/><D135/><U59/><E116/><V96/><F90/><W78/><G78/><T107/><D107/><U76/><E79/><V66/><F66/><W115/><G115/><T24/><D24/><AGARI ba="3,2" hai="6,9,11,12,13,18,19,23,24,44,46,47,74,75" machi="24" ten="40,1300,0" yaku="1,1,53,0" doraHai="36" doraHaiUra="71" who="3" fromWho="0" sc="325,-22,210,0,225,0,220,42" /><INIT seed="6,0,0,4,2,33" ten="303,210,225,262" oya="2" hai0="32,9,6,27,90,63,94,98,48,5,54,114,81" hai1="37,95,15,52,92,36,134,17,79,72,39,73,20" hai2="119,10,7,13,44,77,35,99,108,109,41,117,97" hai3="62,78,1,56,102,71,57,118,23,85,60,75,42"/><V96/><F35/><W126/><G75/><T69/><D114/><U38/><N who="1" m="9728" /><DORA hai="123" /><U51/><E134/><V34/><F34/><W83/><G71/><T84/><D69/><U4/><E4/><V76/><F76/><W55/><G126/><T86/><D63/><U8/><E8/><V46/><F77/><W93/><G118/><T21/><D32/><U129/><E129/><V64/><F64/><N who="3" m="38919" /><G1/><T80/><D86/><U121/><E121/><V29/><F29/><W45/><G23/><T124/><D124/><U49/><E73/><V135/><F135/><W2/><G2/><T47/><D9/><U100/><E100/><V106/><F106/><W59/><G59/><T131/><D131/><U128/><E128/><V67/><F67/><W87/><G87/><T104/><D104/><U125/><E125/><V25/><F25/><W101/><G93/><T11/><D11/><U82/><REACH who="1" step="1"/><E51/><AGARI ba="0,0" hai="42,45,51,55,57,62,78,83,85,101,102" m="38919" machi="51" ten="30,1000,0" yaku="8,1" doraHai="33,123" who="3" fromWho="1" sc="303,0,210,-10,225,0,262,10" /><INIT seed="7,0,0,5,1,91" ten="303,200,225,272" oya="3" hai0="96,68,8,19,13,37,67,11,69,41,7,40,128" hai1="76,127,85,101,12,66,30,99,26,126,38,25,59" hai2="28,102,42,9,86,104,44,78,134,1,43,35,132" hai3="34,89,56,15,0,27,21,62,133,16,22,57,111"/><W84/><G0/><T115/><D128/><U117/><E38/><N who="2" m="21623" /><F42/><W51/><G111/><T123/><D123/><U131/><E131/><V52/><F52/><N who="3" m="31775" /><G34/><T93/><D115/><U135/><E135/><V95/><F78/><W53/><G133/><N who="2" m="51305" /><F104/><W70/><G70/><T64/><D68/><U46/><E12/><V108/><F108/><W82/><G27/><T63/><D67/><U122/><E46/><V106/><F106/><W105/><G105/><T72/><D72/><U73/><E122/><V47/><F47/><W120/><G120/><T119/><D119/><U74/><E117/><V77/><F35/><W18/><G18/><T100/><D37/><U3/><E3/><AGARI ba="0,0" hai="3,7,8,11,13,19,40,41,63,64,69,93,96,100" machi="3" ten="30,2000,0" yaku="7,1,52,1" doraHai="91" who="0" fromWho="1" sc="303,20,200,-20,225,0,272,0" owari="323,42.0,180,-32.0,225,-17.0,272,7.0" /></mjloggm>