<mjloggm ver="2.3"><GO type="41" lobby="0"/><UN n0="%6D%61%63%61%6C%6C%61%6E" n1="%62%6F%6F%6B%6B%65%65%70" n2="%E3%82%A6%E3%83%AB%E3%83%88%E3%83%A9%E7%AB%8B%E7%9B%B4" n3="%6B%61%7A%75%6D%61%37%36" dan="14,13,16,13" rate="1932.10,1898.67,2047.36,1856.48" sx="M,M,M,M"/><TAIKYOKU oya="0"/><INIT seed="0,0,0,5,3,101" ten="250,250,250,250" oya="0" hai0="88,48,112,119,57,50,71,43,98,0,115,6,24" hai1="25,62,11,26,77,14,61,103,82,41,39,83,60" hai2="91,29,87,118,89,2,75,130,127,51,70,120,97" hai3="27,80,109,125,76,102,18,30,12,21,113,37,45"/><T135/><D71/><U107/><E41/><V52/><F2/><W85/><G109/><T72/><D72/><U123/><E123/><V96/><F75/><W100/><G125/><T19/><D119/><U93/><E39/><V34/><F120/><W23/><REACH who="3" step="1"/><G113/><REACH who="3" ten="250,250,250,240" step="2"/><T116/><D116/><U40/><E40/><AGARI ba="0,1" hai="12,18,21,23,27,30,37,40,45,76,80,85,100,102" machi="40" ten="40,2600,0" yaku="1,1,2,1,53,0" doraHai="101" doraHaiUra="49" who="3" fromWho="1" sc="250,0,250,-26,250,0,240,36" /><INIT seed="1,0,0,5,1,0" ten="250,224,250,276" oya="1" hai0="66,14,134,124,113,110,94,33,65,25,49,109,2" hai1="37,48,27,114,59,16,90,132,55,89,118,88,85" hai2="4,22,62,60,97,77,72,103,128,135,119,133,78" hai3="76,79,129,101,54,20,87,19,41,115,107,67,17"/><U45/><E118/><V28/><F119/><W123/><G115/><T125/><D113/><U70/><E132/><V18/><F28/><W95/><G123/><T86/><D2/><U122/><E122/><V26/><F128/><W111/><G129/><T9/><D134/><N who="2" m="51210" /><F72/><W21/><G107/><T83/><D49/><N who="1" m="31215" /><E37/><V120/><F120/><W13/><G67/><T23/><D33/><U46/><E70/><V31/><F31/><W40/><G111/><N who="0" m="42507" /><D94/><N who="1" m="54543" /><E114/><V99/><F99/><N who="3" m="59647" /><G54/><T8/><D66/><U93/><E93/><V74/><F74/><W15/><G87/><T104/><D65/><U32/><E32/><V29/><F97/><W131/><G131/><T7/><D104/><U39/><E39/><V24/><F103/><W58/><G58/><T91/><D9/><U50/><E50/><V51/><F51/><W96/><G96/><T64/><D64/><U63/><E63/><V5/><F62/><W44/><G44/><N who="1" m="17002" /><E48/><V42/><F60/><W1/><G1/><T92/><D92/><U30/><E30/><AGARI ba="0,0" hai="7,8,14,23,25,30,83,86,91,124,125" m="42507" machi="30" ten="30,2000,0" yaku="14,1,52,1" doraHai="0" who="0" fromWho="1" sc="250,20,224,-20,250,0,276,0" /><INIT seed="2,0,0,4,2,66" ten="270,204,250,276" oya="2" hai0="0,39,133,67,76,95,12,51,7,82,106,92,104" hai1="117,105,15,93,72,85,123,33,28,48,64,54,132" hai2="97,113,26,116,84,78,71,91,102,75,2,112,129" hai3="8,34,41,49,42,100,115,30,1,88,35,50,110"/><V29/><F2/><W52/><G100/><T45/><D39/><U77/><E72/><V14/><F116/><W87/><G115/><T58/><D0/><U56/><E105/><V24/><F129/><W103/><G103/><T80/><D104/><U69/><E117/><V16/><F78/><W10/><G30/><T23/><D106/><U96/><E132/><V135/><F75/><W108/><G1/><T65/><D65/><U101/><E123/><V118/><F118/><W4/><G4/><T37/><D37/><U131/><E131/><V86/><F135/><W73/><G73/><T79/><D80/><U13/><E33/><N who="3" m="12298" /><G49/><T89/><D92/><U40/><E40/><V17/><F102/><W57/><G42/><T18/><D82/><U44/><E28/><V125/><F29/><W59/><G59/><T60/><D7/><U111/><E111/><N who="3" m="42538" /><G41/><N who="0" m="25007" /><D133/><U99/><E99/><AGARI ba="0,0" hai="12,18,23,58,60,67,76,79,89,95,99" m="25007" machi="99" ten="30,1000,0" yaku="8,1" doraHai="66" who="0" fromWho="1" sc="270,10,204,-10,250,0,276,0" /><INIT seed="3,0,0,0,3,53" ten="280,194,250,276" oya="3" hai0="57,65,134,58,29,88,61,23,17,22,62,2,71" hai1="125,73,81,115,42,94,44,70,18,33,5,86,16" hai2="39,10,34,111,13,104,0,49,21,68,4,114,133" hai3="107,32,47,77,64,11,14,117,76,91,101,108,84"/><W20/><G117/><T45/><D2/><U127/><E70/><V132/><F39/><W130/><G32/><T46/><D71/><U25/><E115/><V60/><F104/><W87/><G130/><T54/><D134/><U56/><E5/><V131/><F114/><W1/><G1/><T95/><D29/><N who="1" m="19631" /><E73/><V26/><F131/><W102/><G64/><T67/><D54/><U122/><E94/><V97/><F97/><W27/><G108/><T74/><D74/><U35/><E35/><V3/><F49/><W105/><G87/><T100/><D100/><U52/><E122/><V50/><F50/><W92/><G107/><T41/><D41/><U106/><E106/><V7/><F60/><W37/><G105/><T135/><D135/><N who="2" m="51786" /><F68/><W129/><G47/><T75/><D75/><U80/><E44/><N who="0" m="17001" /><D17/><N who="1" m="6763" /><E42/><V120/><F120/><W51/><G37/><T66/><D66/><U112/><E112/><V9/><F34/><W118/><G51/><T119/><D119/><U36/><E36/><V59/><F111/><W79/><G118/><T116/><D116/><U82/><E86/><AGARI ba="0,0" hai="22,23,57,58,61,62,65,67,86,88,95" m="17001" machi="86" ten="30,7700,0" yaku="8,1,52,2,54,1" doraHai="53" who="0" fromWho="1" sc="280,77,194,-77,250,0,276,0" /><INIT seed="4,0,0,4,5,4" ten="357,117,250,276" oya="0" hai0="92,109,125,5,71,90,42,16,131,133,78,76,126" hai1="51,32,35,29,63,50,105,135,9,69,24,18,17" hai2="112,43,31,84,95,28,37,25,128,20,104,72,54" hai3="73,129,33,68,44,13,48,88,106,110,94,75,83"/><T52/><D71/><U134/><E105/><V107/><F72/><W61/><G106/><T102/><D102/><U41/><E69/><V58/><F128/><W118/><G118/><T65/><D65/><U81/><E81/><V108/><F108/><W39/><G39/><T53/><D131/><U80/><E80/><V82/><F112/><W67/><G129/><T97/><D5/><U12/><E63/><V85/><F31/><W10/><G33/><N who="1" m="12874" /><E41/><V132/><F132/><N who="1" m="50729" /><E50/><V115/><F115/><W91/><G91/><T14/><D42/><U87/><E51/><V26/><F43/><W77/><G110/><T22/><D109/><U47/><E87/><V36/><F82/><W40/><G75/><T1/><D1/><U7/><E47/><V103/><F37/><W86/><REACH who="3" step="1"/><G13/><REACH who="3" ten="357,117,250,266" step="2"/><T46/><D133/><U116/><E116/><V55/><F36/><W19/><G19/><T120/><D78/><U64/><E64/><V117/><F117/><W27/><G27/><N who="2" m="10249" /><F107/><W89/><G89/><T100/><D76/><U60/><E60/><V30/><F104/><W62/><G62/><T111/><D90/><U70/><E70/><V101/><F101/><W56/><G56/><T79/><D79/><U74/><E74/><V122/><F58/><W38/><G38/><T3/><D111/><U34/><AGARI ba="0,1" hai="7,9,12,17,18,24,29,34" m="50729,12874" machi="34" ten="30,7900,0" yaku="20,1,34,2,52,1" doraHai="4" who="1" fromWho="1" sc="357,-39,117,89,250,-20,266,-20" /><INIT seed="5,0,0,1,2,22" ten="318,206,230,246" oya="1" hai0="32,113,29,102,14,72,127,116,58,78,93,120,62" hai1="122,68,48,94,39,98,86,119,57,25,111,26,34" hai2="8,6,60,27,36,129,63,12,95,7,2,75,117" hai3="4,41,30,108,17,105,44,35,52,51,123,49,76"/><U130/><E119/><V97/><F36/><W43/><G123/><T33/><D116/><U91/><E122/><V103/><F75/><W109/><G105/><T114/><D120/><U19/><E68/><V132/><F117/><W104/><G104/><T3/><D3/><U110/><E39/><V70/><F129/><W69/><G69/><T56/><D78/><U125/><E130/><V16/><F132/><W61/><G43/><T79/><D79/><U133/><E133/><V134/><F134/><W73/><G61/><T28/><D72/><U40/><E125/><V112/><F112/><W55/><G41/><T121/><D121/><U90/><E34/><V88/><F70/><W115/><G115/><T92/><D127/><U53/><E40/><V126/><F126/><W96/><G96/><T11/><D62/><N who="2" m="23594" /><F2/><W101/><G101/><T18/><D102/><U87/><E19/><N who="2" m="8583" /><F103/><W1/><G73/><T135/><D135/><U15/><E15/><V42/><F42/><W66/><G76/><T83/><D14/><U23/><E87/><V82/><F82/><W85/><G66/><T45/><D83/><N who="1" m="49503" /><E23/><AGARI ba="0,0" hai="6,7,16,23,27,88,95,97" m="8583,23594" machi="23" ten="30,7700,0" yaku="8,1,52,1,54,2" doraHai="22" who="2" fromWho="1" sc="318,0,206,-77,230,77,246,0" /><INIT seed="6,0,0,2,2,3" ten="318,129,307,246" oya="2" hai0="96,128,15,54,59,5,42,18,74,49,30,111,29" hai1="2,71,122,11,26,124,0,97,37,123,82,56,84" hai2="53,62,33,7,80,36,52,19,35,127,102,27,85" hai3="130,40,25,125,50,93,16,44,14,105,67,68,94"/><V22/><F36/><W116/><G105/><T45/><D74/><U76/><E71/><V108/><F108/><W79/><G116/><T58/><D111/><U48/><E37/><V20/><F127/><W114/><G130/><T107/><D128/><U21/><E124/><V60/><F102/><W57/><G125/><T119/><D119/><U43/><E97/><V81/><F33/><W101/><G114/><T73/><D73/><U118/><E118/><V92/><F35/><W64/><G79/><T87/><D96/><U104/><E104/><V66/><F92/><W51/><G68/><T41/><D5/><N who="1" m="1463" /><E0/><V89/><F7/><W69/><G25/><T132/><D107/><U4/><E56/><N who="0" m="21545" /><D132/><U103/><E103/><V38/><F38/><W135/><G135/><T1/><D87/><U98/><E98/><V39/><F39/><W47/><G101/><T24/><D1/><U95/><E95/><N who="3" m="36362" /><G69/><T8/><D24/><U6/><E48/><V70/><F62/><W34/><G57/><T83/><D83/><U31/><E43/><AGARI ba="0,0" hai="8,15,18,29,30,41,42,43,45,49,54" m="21545" machi="43" ten="30,1000,0" yaku="8,1" doraHai="3" who="0" fromWho="1" sc="318,10,129,-10,307,0,246,0" /><INIT seed="7,0,0,4,2,69" ten="328,119,307,246" oya="3" hai0="3,26,106,134,49,79,40,102,104,133,107,55,17" hai1="71,41,61,92,13,81,45,96,97,64,90,4,22" hai2="131,123,65,37,126,119,57,66,130,75,112,89,63" hai3="116,27,132,0,105,80,62,70,103,51,1,29,128"/><W52/><G116/><T82/><D3/><U98/><E22/><V11/><F75/><W20/><G132/><N who="0" m="50795" /><D40/><U109/><E109/><V76/><F76/><W129/><G80/><T135/><D135/><U124/><E124/><V56/><F89/><W91/><G91/><T99/><D17/><U35/><E35/><V6/><F119/><W117/><G117/><T114/><D26/><U87/><E13/><V23/><F23/><W85/><G85/><N who="0" m="48351" /><D114/><U25/><E25/><V39/><F112/><W120/><G120/><T83/><D83/><U72/><E72/><V19/><F19/><W101/><G105/><T7/><D7/><U18/><E18/><V78/><F78/><W118/><G118/><T77/><D77/><U94/><REACH who="1" step="1"/><E4/><REACH who="1" ten="328,109,307,246" step="2"/><V42/><F126/><W36/><G0/><T86/><D86/><U9/><E9/><V113/><F113/><W125/><G1/><T34/><D34/><U73/><E73/><V93/><F11/><W47/><G125/><T44/><AGARI ba="0,1" hai="44,49,55,99,102,104,106,107" m="48351,50795" machi="44" ten="30,1100,0" yaku="20,1" doraHai="69" who="0" fromWho="0" sc="328,21,109,-3,307,-3,246,-5" owari="349,45.0,106,-39.0,304,10.0,241,-16.0" /></mjloggm>