<mjloggm ver="2.3"><GO type="169" lobby="0"/><UN n0="%E5%A4%A9%E8%A1%A3%E7%84%A1%E7%B8%AB%E3%82%88%E3%81%A4%E3%81%B0" n1="%E5%A4%A7%E7%8E%89%E5%B0%86" n2="%E3%82%AA%E3%82%BA%E3%82%B0%E3%83%AB%E3%83%BC%E3%83%97" n3="%EF%BC%88%E2%89%A7%E2%96%BD%E2%89%A6%EF%BC%89" dan="16,18,16,17" rate="2072.71,2226.38,2138.32,2187.07" sx="M,M,M,M"/><TAIKYOKU oya="0"/><INIT seed="0,0,0,1,4,57" ten="250,250,250,250" oya="0" hai0="46,40,84,11,17,61,6,74,36,18,82,54,75" hai1="21,60,123,120,50,69,68,27,43,128,64,25,10" hai2="34,92,131,80,39,62,41,106,132,12,71,127,32" hai3="2,47,135,100,29,86,133,56,83,22,49,97,96"/><T115/><D115/><U38/><E38/><V59/><F12/><W104/><G2/><T55/><D75/><U89/><E128/><V103/><F92/><W93/><G56/><T42/><D42/><U4/><E69/><V81/><F59/><W117/><G117/><T119/><D119/><U116/><E116/><V33/><F131/><W48/><G22/><T3/><D84/><U112/><E112/><V35/><F132/><N who="3" m="50763" /><G29/><T129/><D129/><U67/><E67/><V107/><F127/><W63/><G63/><T0/><D0/><U78/><E78/><V9/><F9/><W52/><G49/><T91/><D91/><U99/><E99/><V14/><F14/><W111/><G111/><T110/><D110/><U114/><E89/><V44/><N who="2" m="8192" /><DORA hai="95" /><V73/><F81/><W30/><G30/><T13/><D61/><U16/><E27/><V109/><F103/><N who="3" m="62575" /><G86/><T113/><D113/><U45/><REACH who="1" step="1"/><E114/><REACH who="1" ten="250,240,250,250" step="2"/><V7/><F109/><W79/><G83/><T118/><D118/><U90/><E90/><V85/><F85/><W134/><G134/><T77/><REACH who="0" step="1"/><D18/><REACH who="0" ten="240,240,250,250" step="2"/><U88/><E88/><V70/><F7/><W130/><G130/><T102/><D102/><U8/><E8/><AGARI ba="0,2" hai="3,6,8,11,13,17,36,40,46,54,55,74,77,82" machi="8" ten="30,18000,2" yaku="1,1,7,1,25,2,53,2" doraHai="57,95" doraHaiUra="66,51" who="0" fromWho="1" sc="240,200,240,-180,250,0,250,0" /><INIT seed="0,1,0,1,4,46" ten="440,60,250,250" oya="0" hai0="21,93,132,83,131,3,134,64,23,121,120,12,16" hai1="36,48,10,87,57,107,67,24,91,63,54,26,50" hai2="52,75,94,108,49,92,98,42,29,125,8,106,89" hai3="0,43,62,102,17,135,1,30,14,99,124,129,59"/><T51/><D131/><U126/><E36/><V128/><F106/><W130/><G43/><T112/><D3/><U117/><E117/><V18/><F75/><W38/><G38/><T103/><D112/><U73/><E73/><V118/><F118/><W101/><G30/><T81/><D64/><U88/><E107/><V32/><F42/><W104/><G102/><T25/><D121/><U84/><E126/><V82/><F128/><N who="3" m="49259" /><G135/><T61/><D61/><U39/><E39/><V105/><F105/><W40/><G40/><T58/><D120/><U116/><E10/><V5/><F125/><W31/><G31/><T97/><D134/><U69/><E116/><V35/><F29/><W71/><G71/><T85/><D132/><U9/><E9/><V72/><F108/><W7/><G7/><T4/><D85/><U80/><REACH who="1" step="1"/><E50/><REACH who="1" ten="440,50,250,250" step="2"/><V100/><F72/><W2/><G124/><T70/><D70/><U76/><E76/><V79/><F79/><W53/><G0/><T68/><D68/><U65/><E65/><V119/><F119/><W20/><AGARI ba="1,1" hai="1,2,14,17,20,53,59,62,99,101,104" m="49259" machi="20" ten="30,1100,0" yaku="19,1" doraHai="46" who="3" fromWho="3" sc="440,-6,50,-4,250,-4,250,24" /><INIT seed="1,0,0,2,1,14" ten="434,46,246,274" oya="1" hai0="121,80,72,17,75,64,131,1,58,30,106,45,73" hai1="0,69,92,135,132,6,67,82,39,46,116,111,130" hai2="112,97,59,128,78,34,126,118,71,129,65,115,100" hai3="94,81,55,9,22,77,63,23,57,98,12,109,76"/><U110/><E116/><V125/><F34/><W26/><G109/><N who="1" m="41482" /><E82/><V90/><F59/><W15/><G15/><T13/><D106/><U62/><E92/><N who="2" m="58407" /><F65/><W87/><G76/><T19/><D80/><U108/><N who="1" m="41490" /><U51/><DORA hai="29" /><E6/><V25/><F71/><W84/><G84/><T20/><D75/><U102/><E102/><V2/><F25/><W36/><G36/><T99/><D73/><U113/><E0/><V35/><F2/><W86/><G86/><T120/><D72/><U95/><E95/><V47/><F35/><W91/><REACH who="3" step="1"/><G26/><REACH who="3" ten="434,46,246,264" step="2"/><T105/><D1/><U83/><E83/><V93/><F118/><W4/><AGARI ba="0,1" hai="4,9,12,22,23,55,57,63,77,81,87,91,94,98" machi="4" ten="20,12000,2" yaku="1,1,2,1,0,1,7,1,8,1,53,1" doraHai="14,29" doraHaiUra="88,103" who="3" fromWho="3" sc="434,-30,46,-60,246,-30,264,130" owari="404,50.0,-14,-51.0,216,-18.0,394,19.0" /></mjloggm>