<mjloggm ver="2.3"><GO type="41"/><UN n0="%E3%82%B7%E3%83%A3%E3%83%8E%E3%83%93%E3%83%83%E3%83%88" n1="%E3%83%88%E3%82%A4%E3%83%84%E7%9A%87%E5%AD%90" n2="%EF%BC%88%E2%89%A7%E2%96%BD%E2%89%A6%EF%BC%89" n3="%E3%81%82%E3%81%AE%E3%81%88%E3%81%B3%E3%81%95%E3%81%88" dan="14,15,15,16" rate="2012,2040,1993,1974" sx="M,M,M,M"/><TAIKYOKU oya="0"/><INIT seed="0,0,0,2,1,2" ten="250,250,250,250" oya="0" hai0="0,76,49,58,65,92,20,100,46,132,7,68,75" hai1="24,16,134,50,67,135,12,45,85,40,53,106,107" hai2="73,54,77,1,88,56,52,23,9,83,124,11,99" hai3="96,57,30,114,108,128,51,115,87,104,89,127,78"/><T133/><D68/><U5/><E67/><V84/><F124/><W123/><G30/><T35/><D35/><U64/><E64/><V48/><F1/><W37/><G37/><T47/><D75/><U34/><E85/><V28/><F99/><W32/><G32/><T66/><D76/><U122/><E122/><V39/><F39/><W82/><G51/><T60/><D100/><U130/><E130/><V126/><F126/><W42/><G42/><T111/><D111/><U61/><E61/><V97/><F97/><W110/><G57/><T62/><D92/><U103/><E103/><V93/><REACH who="2" step="1"/><F54/><REACH who="2" ten="250,250,240,250" step="2"/><W22/><G127/><T71/><D0/><U59/><E106/><V18/><F18/><W125/><G125/><T98/><D98/><U116/><E107/><V80/><F80/><W10/><G104/><T101/><D71/><U112/><E53/><V119/><F119/><W25/><G96/><T74/><D66/><U29/><E116/><V8/><F8/><W13/><G110/><T17/><D17/><U69/><E112/><V70/><F70/><W81/><G108/><T27/><D65/><U129/><E69/><V36/><F36/><W117/><G117/><T4/><D101/><U90/><E129/><V3/><F3/><W43/><G128/><T95/><D132/><U131/><E135/><V44/><F44/><W26/><G114/><T91/><D47/><U118/><E45/><V79/><F79/><W33/><G78/><T15/><D46/><U21/><E131/><V19/><F19/><W63/><G115/><T6/><D133/><U41/><E134/><RYUUKYOKU ba="0,1" sc="250,-10,250,-10,240,30,250,-10" hai2="9,11,23,28,48,52,56,73,77,83,84,88,93" /><INIT seed="1,1,1,3,2,28" ten="240,240,270,240" oya="1" hai0="81,125,135,79,90,34,52,57,21,48,4,106,80" hai1="3,105,6,62,98,120,89,91,109,24,129,17,38" hai2="32,82,55,59,15,72,45,99,50,41,40,51,78" hai3="75,30,76,12,14,47,124,115,39,73,23,8,37"/><U27/><E120/><V25/><F15/><W60/><G76/><T36/><D125/><U18/><E38/><V85/><F99/><W133/><G115/><T126/><D126/><U69/><E129/><V102/><F102/><W1/><G1/><T88/><D36/><U130/><E130/><V49/><F72/><W61/><G47/><T11/><D135/><U121/><E121/><V42/><REACH who="2" step="1"/><F45/><REACH who="2" ten="240,240,260,240" step="2"/><W53/><G14/><T35/><D106/><U56/><E105/><V71/><F71/><W127/><G12/><T44/><D44/><U92/><E69/><V118/><F118/><W114/><G73/><T97/><D97/><U10/><E109/><V67/><F67/><W96/><G75/><T65/><D65/><U122/><E122/><V132/><F132/><W108/><G96/><T63/><D63/><U43/><E27/><V19/><F19/><W66/><G66/><T119/><D119/><U74/><E74/><V29/><AGARI ba="1,2" hai="25,29,32,40,41,42,49,50,51,55,59,78,82,85" machi="29" ten="30,4000,0" yaku="1,1,0,1,52,1,53,0" doraHai="28" doraHaiUra="9" who="2" fromWho="2" sc="240,-11,240,-21,260,63,240,-11" /><INIT seed="2,0,0,4,0,30" ten="229,219,323,229" oya="2" hai0="61,55,94,35,68,27,48,24,107,51,86,20,124" hai1="105,38,69,57,11,41,47,0,76,84,6,34,102" hai2="122,92,82,17,53,111,87,133,16,23,15,73,44" hai3="2,31,1,50,40,72,62,22,129,81,113,79,88"/><V132/><F122/><W96/><G129/><T37/><D37/><U5/><E5/><V25/><F73/><W119/><G119/><T89/><D107/><U43/><E43/><V99/><F111/><W91/><G62/><T45/><D124/><U4/><E4/><V56/><F44/><W104/><G104/><T85/><D85/><U114/><E114/><V83/><F133/><W116/><G116/><T98/><D98/><U115/><E115/><V135/><F132/><W117/><G91/><T59/><D68/><U18/><E69/><V108/><F108/><W19/><G31/><T130/><D130/><U75/><E84/><V67/><F67/><W125/><G125/><T126/><D126/><U77/><E77/><V13/><F135/><W71/><G71/><T26/><D48/><U123/><E123/><V80/><F87/><W131/><G50/><T58/><D58/><U93/><E93/><V74/><F74/><W118/><G72/><T39/><D39/><U70/><E70/><V95/><F99/><W21/><G96/><T33/><REACH who="0" step="1"/><D20/><REACH who="0" ten="219,219,323,229" step="2"/><U60/><E105/><V14/><REACH who="2" step="1"/><F17/><REACH who="2" ten="219,219,313,229" step="2"/><W120/><G19/><T7/><D7/><U106/><E18/><V110/><F110/><W49/><G131/><T100/><D100/><U54/><E102/><V3/><F3/><W103/><G1/><T12/><D12/><U10/><E106/><V101/><F101/><W112/><G103/><T127/><D127/><U65/><E0/><V46/><F46/><W36/><G118/><T8/><D8/><U134/><E10/><V121/><F121/><W78/><G117/><RYUUKYOKU ba="0,2" sc="219,15,219,-15,313,15,229,-15" hai0="24,26,27,33,35,45,51,55,59,61,86,89,94" hai2="13,14,15,16,23,25,53,56,80,82,83,92,95" /><INIT seed="2,1,2,3,4,59" ten="234,204,328,214" oya="2" hai0="86,128,76,20,102,6,39,56,84,96,26,116,37" hai1="120,123,95,101,69,12,50,13,125,62,36,48,54" hai2="115,0,85,82,126,5,46,79,71,117,10,70,65" hai3="15,61,41,35,52,27,9,107,109,105,99,75,78"/><V68/><F117/><W38/><G41/><T114/><D128/><U134/><E36/><V19/><F115/><W113/><G38/><T30/><D114/><U8/><E134/><V51/><F126/><W132/><G132/><T43/><D116/><U74/><E74/><V130/><F130/><W108/><G99/><T3/><D3/><U63/><E125/><V72/><F19/><W7/><G78/><T22/><D6/><U83/><E83/><V131/><F131/><W77/><G77/><T49/><D22/><U87/><E69/><V135/><F135/><W18/><G75/><T110/><D110/><N who="3" m="42601" /><G113/><T73/><D73/><U14/><E8/><V100/><F100/><W17/><G35/><T31/><D31/><U92/><E101/><V45/><F45/><W60/><G52/><T94/><D43/><U25/><E25/><V24/><F24/><W58/><G58/><T42/><D42/><U103/><E103/><V80/><F65/><W93/><G93/><N who="1" m="35914" /><E87/><V28/><F71/><W4/><G27/><T98/><D98/><U119/><E119/><V34/><F34/><W81/><G81/><T118/><D118/><U88/><E88/><V121/><F82/><W127/><G127/><T122/><D76/><U16/><E16/><N who="3" m="6250" /><G4/><T55/><D37/><U89/><E89/><V23/><F72/><W129/><G129/><T57/><D39/><U104/><E104/><AGARI ba="1,2" hai="7,9,15,60,61,104,105,107" m="6250,42601" machi="104" ten="30,7700,0" yaku="14,1,52,2,54,1" doraHai="59" who="3" fromWho="1" sc="234,0,204,-80,328,0,214,100" /><INIT seed="3,0,0,1,5,23" ten="234,124,328,314" oya="3" hai0="68,102,87,5,34,72,39,37,105,22,125,84,36" hai1="3,62,67,112,135,82,8,83,90,131,2,75,15" hai2="47,24,59,96,103,54,58,78,74,95,40,60,99" hai3="42,127,25,66,85,106,1,26,70,88,32,73,133"/><W126/><G32/><T130/><D72/><U41/><E135/><V114/><F114/><W21/><G106/><T108/><D34/><U33/><E131/><V80/><F96/><W76/><G1/><T12/><D130/><U0/><E112/><V91/><F58/><W46/><G76/><T117/><D108/><U38/><E33/><V20/><F103/><W10/><G73/><T119/><D125/><N who="3" m="47625" /><G21/><T55/><D68/><U79/><E90/><V69/><F69/><W18/><G18/><T81/><D105/><U52/><E83/><V31/><F47/><W50/><G10/><T122/><D122/><U61/><E67/><V134/><REACH who="2" step="1"/><F40/><REACH who="2" ten="234,124,318,314" step="2"/><W64/><G133/><AGARI ba="0,1" hai="20,24,31,54,59,60,74,78,80,91,95,99,133,134" machi="133" ten="40,8000,1" yaku="1,1,2,1,52,1,53,1" doraHai="23" doraHaiUra="53" who="2" fromWho="3" sc="234,0,124,0,318,90,314,-80" /><INIT seed="4,0,0,1,2,17" ten="234,124,408,234" oya="0" hai0="100,48,113,43,61,27,32,131,126,98,134,91,77" hai1="20,129,90,106,39,112,73,85,68,109,24,72,67" hai2="1,38,3,117,16,133,78,89,121,95,6,88,105" hai3="99,83,124,47,54,71,21,29,37,53,31,45,135"/><T130/><D113/><U66/><E129/><N who="0" m="49161" /><D134/><U62/><E112/><V12/><F117/><W107/><G71/><T28/><D126/><U34/><E109/><V123/><F105/><W0/><G0/><T87/><D77/><U44/><E106/><V7/><F38/><W52/><G124/><T86/><D61/><U80/><E34/><V10/><F133/><W22/><G37/><T30/><D28/><N who="3" m="10825" /><G107/><T41/><D48/><U35/><E35/><V63/><F78/><W26/><G26/><T92/><D87/><U96/><E67/><V55/><F1/><W36/><G36/><T23/><D32/><U64/><E66/><V125/><F125/><W56/><G56/><T13/><D13/><U58/><E96/><N who="2" m="57447" /><F3/><W60/><G60/><T25/><D25/><U40/><REACH who="1" step="1"/><E68/><REACH who="1" ten="234,114,408,234" step="2"/><V115/><F115/><W94/><G135/><T104/><AGARI ba="0,1" hai="23,27,30,41,43,86,91,92,98,100,104" m="49161" machi="104" ten="30,3000,0" yaku="19,1,52,1" doraHai="17" who="0" fromWho="0" sc="234,40,114,-10,408,-10,234,-10" /><INIT seed="4,1,0,0,2,97" ten="274,104,398,224" oya="0" hai0="6,126,135,25,54,8,14,5,109,62,3,56,4" hai1="49,74,78,95,18,82,98,100,15,67,112,46,80" hai2="71,66,45,13,85,43,103,60,132,114,91,58,79" hai3="27,68,40,39,72,24,0,81,61,120,102,119,59"/><T23/><D135/><U121/><E112/><V84/><F114/><W96/><G0/><T77/><D126/><U111/><E111/><V42/><F132/><W133/><G68/><T134/><D134/><U2/><E2/><V37/><F43/><W44/><G119/><T19/><D109/><U107/><E121/><V35/><F35/><W48/><G120/><T38/><D38/><U69/><E82/><V17/><F79/><W113/><G133/><T36/><D36/><U128/><E128/><V88/><F103/><W130/><G130/><T57/><D77/><U20/><E67/><V89/><REACH who="2" step="1"/><F71/><REACH who="2" ten="274,104,388,224" step="2"/><W105/><G113/><T116/><D116/><U92/><REACH who="1" step="1"/><E69/><REACH who="1" ten="274,94,388,224" step="2"/><V63/><F63/><W10/><G61/><T30/><D3/><U53/><AGARI ba="1,2" hai="15,18,20,46,49,53,74,78,80,92,95,98,100,107" machi="53" ten="20,8000,1" yaku="1,1,2,1,0,1,7,1,52,1,53,0" doraHai="97" doraHaiUra="117" who="1" fromWho="1" sc="274,-41,94,103,388,-21,224,-21" /><INIT seed="5,0,0,2,5,25" ten="233,197,367,203" oya="1" hai0="34,7,14,11,13,26,57,39,110,48,79,0,99" hai1="96,134,44,90,119,49,52,133,20,77,120,1,68" hai2="24,35,91,46,112,122,106,3,81,18,29,6,54" hai3="135,36,51,9,88,50,95,45,72,70,118,103,69"/><U12/><E68/><V71/><F106/><W128/><G72/><T65/><D110/><U27/><E120/><V61/><F122/><W56/><G36/><T94/><D39/><U111/><E1/><V131/><F131/><W53/><G135/><T117/><D117/><U75/><E119/><V115/><F18/><W78/><G78/><T74/><D74/><U114/><E114/><V107/><F107/><W59/><G103/><T40/><D79/><U82/><E111/><V127/><F127/><W19/><G128/><T28/><D65/><U33/><E33/><V87/><F71/><W126/><G126/><T84/><D84/><U102/><E12/><V8/><REACH who="2" step="1"/><F46/><REACH who="2" ten="233,197,357,203" step="2"/><W98/><G118/><T124/><D124/><U4/><E4/><V97/><F97/><W129/><G129/><T80/><D99/><U55/><E90/><V37/><F37/><W108/><G108/><T63/><D7/><U76/><E76/><V105/><F105/><W86/><G69/><T93/><D0/><U16/><REACH who="1" step="1"/><E55/><REACH who="1" ten="233,187,357,203" step="2"/><V22/><F22/><W132/><G70/><T47/><D34/><U101/><E101/><V116/><F116/><W64/><G53/><T130/><D14/><U30/><E30/><V100/><F100/><W89/><G89/><T43/><D13/><U85/><E85/><V121/><F121/><W62/><G86/><T5/><D28/><U58/><E58/><AGARI ba="0,2" hai="3,6,8,24,29,35,54,58,61,81,87,91,112,115" machi="58" ten="40,2600,0" yaku="1,1,52,1,53,0" doraHai="25" doraHaiUra="17" who="2" fromWho="1" sc="233,0,187,-26,357,46,203,0" /><INIT seed="6,0,0,2,0,96" ten="233,161,403,203" oya="2" hai0="47,15,55,127,12,71,115,8,135,134,9,83,69" hai1="33,101,107,80,120,126,84,110,97,99,3,72,123" hai2="2,32,103,73,131,94,37,128,45,105,64,34,42" hai3="98,40,14,48,124,35,65,63,67,86,108,39,6"/><V17/><F2/><W75/><G75/><T60/><D115/><U58/><E58/><V106/><F73/><W56/><G35/><N who="2" m="13353" /><F64/><W38/><G108/><T95/><D127/><U102/><E33/><V20/><F94/><W62/><G124/><T26/><D26/><U28/><E28/><V79/><F79/><W114/><G114/><T74/><D95/><N who="1" m="58559" /><E3/><V25/><F103/><W76/><G98/><T50/><D83/><U125/><E72/><V46/><F46/><W66/><G39/><T130/><D74/><U100/><E110/><V43/><F42/><W22/><G38/><T57/><D69/><U52/><E52/><V49/><F37/><W129/><G22/><T118/><D118/><U104/><E126/><V87/><F87/><W27/><G66/><T111/><D111/><U109/><E125/><V116/><F116/><W41/><G41/><T1/><D71/><U91/><E109/><V82/><F82/><N who="3" m="47431" /><G65/><T78/><D1/><U0/><E0/><V21/><F20/><W29/><G67/><T23/><D78/><U31/><E31/><V54/><F43/><W90/><G40/><T7/><D23/><U30/><E30/><V36/><F36/><W88/><G29/><T119/><D119/><U18/><E18/><V121/><F17/><W70/><G70/><T5/><D130/><U68/><E68/><V93/><F131/><W85/><G129/><T24/><D24/><U4/><E4/><V77/><F25/><W44/><G6/><T112/><D112/><U16/><E16/><V89/><F128/><W122/><G27/><T10/><D7/><RYUUKYOKU ba="0,0" sc="233,-10,161,30,403,-10,203,-10" hai1="80,84,91,99,100,102,104,107,120,123" /><INIT seed="7,1,0,3,1,57" ten="223,191,393,193" oya="3" hai0="101,68,82,29,95,37,135,14,107,30,16,98,108" hai1="75,36,13,66,124,91,93,42,103,6,71,23,110" hai2="10,7,61,100,60,49,115,65,48,120,40,50,31" hai3="84,43,105,41,127,53,106,54,59,85,88,18,130"/><W83/><G127/><T9/><D135/><U26/><E110/><V3/><F120/><W133/><G133/><T0/><D68/><U86/><E75/><V80/><F115/><W33/><G33/><T34/><D108/><U114/><E124/><V64/><F40/><N who="3" m="15435" /><G130/><T25/><D37/><U116/><E114/><V121/><F121/><W70/><G70/><T8/><D30/><U11/><E116/><V45/><F45/><W74/><G106/><T67/><D82/><U117/><E117/><V102/><F31/><W122/><G105/><T92/><REACH who="0" step="1"/><D67/><REACH who="0" ten="213,191,393,193" step="2"/><U58/><E71/><V81/><F80/><N who="3" m="49159" /><G122/><T32/><D32/><U21/><E103/><V19/><F81/><W90/><G74/><T24/><D24/><U119/><E119/><V126/><F126/><W46/><G46/><T79/><D79/><U38/><E38/><V4/><F4/><AGARI ba="1,1" hai="0,4,8,9,14,16,25,29,34,92,95,98,101,107" machi="4" ten="40,2600,0" yaku="1,1,54,1,53,0" doraHai="57" doraHaiUra="39" who="0" fromWho="2" sc="213,39,191,0,393,-29,193,0" owari="252,5.0,191,-31.0,364,47.0,193,-21.0" /></mjloggm>