<mjloggm ver="2.3"><GO type="41"/><UN n0="%E3%82%B0%E3%83%AB%E3%83%BC%E3%83%87%E3%82%A3%E3%82%A2" n1="%62%61%7A%7A%61%6E%69" n2="%E3%82%A6%E3%83%AB%E3%83%88%E3%83%A9%E7%AB%8B%E7%9B%B4" n3="%74%61%73%68" dan="14,14,15,13" rate="1903,1906,1956,1851" sx="M,M,M,M"/><TAIKYOKU oya="0"/><INIT seed="0,0,0,3,3,84" ten="250,250,250,250" oya="0" hai0="106,82,95,78,15,44,35,112,99,12,3,108,62" hai1="37,121,8,46,1,134,124,9,125,5,27,42,18" hai2="102,21,133,94,103,6,114,104,30,52,69,40,79" hai3="66,0,98,89,131,60,135,117,22,31,13,107,87"/><T55/><D112/><U56/><E121/><V63/><F114/><W26/><G0/><T68/><D108/><U36/><E134/><V14/><F104/><W100/><G135/><T120/><D106/><U105/><E105/><V80/><F40/><W28/><G131/><T118/><D118/><U81/><E81/><V43/><F43/><W65/><G117/><T45/><D120/><U64/><E37/><V61/><F69/><W58/><G13/><T88/><D35/><U48/><E9/><V49/><F102/><W119/><G119/><T34/><D34/><U75/><E75/><V7/><F7/><W113/><G113/><T130/><D130/><U122/><E122/><V83/><F83/><W39/><G39/><T53/><D3/><U85/><E85/><V116/><F116/><W47/><G47/><N who="0" m="17995" /><D62/><U50/><E56/><V38/><F38/><W11/><G11/><T19/><D68/><U54/><E64/><V59/><F133/><W70/><G70/><T67/><D67/><U74/><E74/><V29/><F63/><W91/><G66/><T115/><D115/><U20/><REACH who="1" step="1"/><E54/><REACH who="1" ten="250,240,250,250" step="2"/><N who="0" m="20489" /><D19/><U110/><E110/><V16/><F61/><W126/><G87/><AGARI ba="0,1" hai="12,15,78,82,87,88,95,99" m="20489,17995" machi="87" ten="30,5800,0" yaku="8,1,52,1,54,1" doraHai="84" who="0" fromWho="3" sc="250,68,240,0,250,0,250,-58" /><INIT seed="0,1,0,0,0,82" ten="318,240,250,192" oya="0" hai0="1,67,87,133,118,39,97,120,126,110,11,24,3" hai1="131,27,86,8,60,92,13,89,100,112,93,53,106" hai2="59,50,105,57,36,5,123,102,56,73,103,78,54" hai3="85,108,90,19,132,96,52,72,48,22,116,29,77"/><T47/><D120/><U71/><E131/><V84/><F73/><W94/><G116/><T0/><D118/><U28/><E106/><V134/><F36/><W20/><G108/><T76/><D110/><U128/><E128/><V34/><F34/><W83/><G132/><T125/><D133/><U42/><E42/><V15/><F105/><W98/><G29/><T70/><D97/><U114/><E93/><V32/><F32/><W18/><G18/><T44/><D24/><U63/><E100/><N who="2" m="38443" /><F134/><W117/><G117/><T66/><D39/><U25/><E63/><V43/><F43/><W6/><G6/><T124/><D11/><U10/><E10/><N who="2" m="4559" /><F123/><W69/><G69/><T119/><D119/><U51/><E60/><V26/><F26/><W41/><G41/><T121/><D121/><U30/><E30/><V62/><F62/><W68/><G68/><T122/><D122/><U33/><E27/><V80/><AGARI ba="1,0" hai="50,54,56,57,59,78,80,84" m="4559,38443" machi="80" ten="30,2000,0" yaku="8,1,52,1" doraHai="82" who="2" fromWho="2" sc="318,-11,240,-6,250,23,192,-6" /><INIT seed="1,0,0,4,1,50" ten="307,234,273,186" oya="1" hai0="44,134,29,79,73,101,57,18,7,21,86,131,133" hai1="66,81,96,59,82,91,22,78,47,69,52,135,14" hai2="42,93,126,107,34,118,48,105,4,123,120,114,68" hai3="12,62,60,112,75,20,129,119,40,108,104,115,98"/><U55/><E135/><N who="0" m="51721" /><D73/><U109/><E109/><V6/><F93/><W130/><G20/><T31/><D7/><N who="2" m="2602" /><F48/><W95/><G12/><N who="0" m="9415" /><D131/><N who="3" m="50185" /><G40/><T5/><D5/><U103/><E69/><V36/><F42/><W9/><G9/><T35/><D35/><U0/><E0/><V58/><F36/><W28/><G28/><T132/><D132/><U17/><E91/><V61/><F34/><W77/><G108/><T128/><D128/><U70/><E70/><V2/><F2/><W88/><G60/><T90/><D79/><U121/><E121/><V100/><F61/><W45/><G45/><T92/><D44/><U24/><E24/><V10/><F68/><W26/><G62/><T51/><D101/><U46/><E66/><V53/><F100/><N who="3" m="62487" /><G26/><T23/><D23/><U13/><E13/><V97/><F10/><W84/><G119/><T99/><D99/><U85/><E82/><AGARI ba="0,0" hai="75,77,82,84,88,95,112,115" m="62487,50185" machi="82" ten="30,8000,1" yaku="24,1,19,1,34,2,54,1" doraHai="50" who="3" fromWho="1" sc="307,0,234,-80,273,0,186,80" /><INIT seed="2,0,0,2,4,102" ten="307,154,273,266" oya="2" hai0="77,8,38,106,66,87,104,127,29,92,62,100,36" hai1="68,93,43,19,117,22,47,112,30,15,78,72,56" hai2="23,54,34,1,116,13,9,76,18,5,14,96,40" hai3="16,120,17,46,108,122,52,71,10,50,132,42,94"/><V7/><F40/><W28/><G71/><T55/><D29/><U32/><E68/><V118/><F76/><W53/><G108/><T60/><D8/><U91/><E117/><V73/><F73/><W21/><G132/><T51/><D127/><U67/><E112/><V85/><F85/><W135/><G135/><T86/><D77/><U0/><E0/><V2/><F54/><W35/><G35/><T83/><D83/><U63/><E78/><V20/><F96/><W3/><G3/><T103/><D92/><U98/><E72/><V84/><F84/><W31/><G94/><T4/><D55/><U64/><E32/><V69/><F69/><W37/><G53/><T26/><D26/><U24/><E24/><V128/><F34/><W115/><G115/><T123/><D51/><U12/><E43/><V124/><F124/><W80/><G80/><T6/><REACH who="0" step="1"/><D66/><REACH who="0" ten="297,154,273,266" step="2"/><U97/><E67/><V41/><F41/><W130/><G10/><T121/><AGARI ba="0,1" hai="4,6,36,38,60,62,86,87,100,103,104,106,121,123" machi="121" ten="25,12000,2" yaku="1,1,2,1,0,1,22,2,52,2,53,0" doraHai="102" doraHaiUra="110" who="0" fromWho="0" sc="297,130,154,-30,273,-60,266,-30" /><INIT seed="3,0,0,3,1,115" ten="427,124,213,236" oya="3" hai0="30,105,88,50,112,17,131,20,53,72,77,99,106" hai1="123,9,91,36,34,98,21,24,89,71,56,117,47" hai2="67,7,78,124,104,95,65,87,130,25,94,116,76" hai3="102,81,79,68,39,16,118,3,126,100,80,32,57"/><W12/><G68/><T134/><D134/><U28/><E71/><V74/><F25/><W13/><G39/><T15/><D112/><U58/><E123/><V66/><F7/><W90/><G32/><T84/><D131/><U4/><E47/><V40/><F87/><W8/><G3/><T109/><D109/><U35/><E36/><V38/><F38/><W132/><G132/><T0/><D0/><U54/><E58/><V92/><F130/><W46/><G46/><T133/><D133/><U110/><E110/><V55/><F55/><W120/><G120/><T6/><D72/><U82/><E82/><V26/><F26/><W122/><G122/><T64/><D64/><U62/><E117/><V128/><F74/><W48/><G118/><T108/><D108/><U19/><E28/><V44/><F44/><W85/><G126/><T70/><D70/><U121/><E121/><V10/><F116/><W129/><G129/><T59/><D50/><U101/><E91/><V111/><F128/><W60/><G48/><T125/><D30/><U97/><E97/><V75/><F75/><W27/><G27/><T23/><D77/><N who="2" m="29802" /><F111/><W93/><G81/><T127/><D106/><U1/><REACH who="1" step="1"/><E101/><REACH who="1" ten="427,114,213,236" step="2"/><V31/><F31/><W73/><REACH who="3" step="1"/><G13/><REACH who="3" ten="427,114,213,226" step="2"/><T83/><D127/><U135/><E135/><V43/><F124/><W119/><G119/><T113/><D125/><U29/><E29/><V5/><F43/><W51/><G51/><N who="0" m="31167" /><D113/><U2/><E2/><N who="2" m="311" /><F40/><W49/><G49/><T22/><D6/><U41/><E41/><V96/><F96/><W37/><G37/><T45/><D45/><RYUUKYOKU ba="0,2" sc="427,0,114,0,213,0,226,0" hai0="15,17,20,22,23,83,84,88,99,105" hai1="1,4,9,19,21,24,34,35,54,56,62,89,98" hai2="65,66,67,92,94,95,104" hai3="8,12,16,57,60,73,79,80,85,90,93,100,102" /><INIT seed="3,1,2,2,0,30" ten="427,114,213,226" oya="3" hai0="79,66,61,117,98,28,94,91,131,55,78,56,81" hai1="130,87,23,120,72,19,114,121,83,111,57,126,84" hai2="22,40,50,45,13,39,103,108,15,122,86,32,38" hai3="118,24,34,75,43,49,4,90,104,58,93,1,54"/><W128/><G75/><T14/><D117/><U110/><E57/><V109/><F103/><W133/><G104/><T97/><D131/><U95/><E130/><V37/><F122/><W47/><G128/><T2/><D2/><U33/><E33/><V134/><F134/><W85/><G118/><T0/><D0/><U105/><E23/><V89/><F32/><W80/><G133/><T112/><D112/><U65/><E65/><V69/><F69/><W76/><G1/><T102/><D28/><U82/><E19/><V115/><F22/><W7/><G34/><T60/><D14/><U116/><E105/><V71/><F71/><W51/><REACH who="3" step="1"/><G24/><REACH who="3" ten="427,114,213,216" step="2"/><T35/><D35/><U73/><E116/><V99/><F115/><W18/><G18/><T77/><D81/><U46/><E114/><V8/><F15/><W41/><G41/><T70/><REACH who="0" step="1"/><D78/><REACH who="0" ten="417,114,213,216" step="2"/><U74/><E74/><V123/><F13/><W11/><G11/><T48/><D48/><U59/><E95/><AGARI ba="1,4" hai="55,56,60,61,66,70,77,79,91,94,95,97,98,102" machi="95" ten="30,2000,0" yaku="1,1,7,1,53,0" doraHai="30" doraHaiUra="36" who="0" fromWho="1" sc="417,63,114,-23,213,0,216,0" /><INIT seed="4,0,0,5,1,103" ten="480,91,213,216" oya="0" hai0="42,66,88,44,123,80,134,121,65,131,46,68,119" hai1="53,47,112,6,3,37,73,93,18,127,113,96,82" hai2="102,86,61,33,52,72,107,128,41,122,63,1,19" hai3="130,62,31,60,87,45,49,106,83,32,64,57,59"/><T111/><D119/><U56/><E127/><V51/><F33/><W0/><G0/><T36/><D46/><U79/><E18/><V91/><F1/><W11/><G11/><T76/><D134/><U2/><E53/><V98/><F128/><W124/><G130/><T7/><D7/><U26/><E26/><V133/><F133/><W25/><G124/><T129/><D111/><U13/><E56/><V27/><F41/><W108/><G108/><T116/><D116/><U118/><E13/><V17/><F72/><W81/><G106/><T8/><D8/><U90/><E118/><V55/><F122/><W109/><G109/><T12/><D12/><U70/><E70/><V54/><F51/><W77/><G83/><T35/><D35/><U22/><E22/><V114/><F114/><W48/><REACH who="3" step="1"/><G45/><REACH who="3" ten="480,91,213,206" step="2"/><T5/><D44/><U29/><E29/><V9/><F9/><W115/><G115/><N who="1" m="44106" /><E6/><V58/><F19/><W50/><G50/><T120/><D80/><U117/><E117/><V95/><F63/><W34/><G34/><T69/><D36/><U43/><AGARI ba="0,1" hai="2,3,37,43,47,73,79,82,90,93,96" m="44106" machi="43" ten="30,2000,0" yaku="15,1,11,1" doraHai="103" who="1" fromWho="1" sc="480,-10,91,30,213,-5,206,-5" /><INIT seed="5,0,0,4,4,28" ten="470,121,208,201" oya="1" hai0="23,68,112,81,98,77,6,119,55,106,43,24,82" hai1="93,44,19,75,2,39,111,121,91,22,126,83,7" hai2="17,25,10,120,73,105,97,70,127,74,92,64,128" hai3="3,51,114,65,108,94,84,29,15,107,32,132,46"/><U86/><E126/><V102/><F17/><W21/><G107/><T76/><D119/><U38/><E111/><V123/><F10/><W33/><G65/><T11/><D68/><U60/><E121/><V45/><F45/><W89/><G108/><T14/><D43/><U30/><E30/><V56/><F56/><W34/><G3/><T80/><D112/><U124/><E124/><V50/><F50/><W87/><G114/><T115/><D115/><U1/><E7/><V100/><F127/><W48/><G132/><T53/><D106/><U31/><E31/><V52/><F52/><N who="0" m="20042" /><D98/><U12/><E60/><V88/><F25/><W113/><G113/><T129/><D129/><U125/><E125/><V13/><F13/><W72/><G72/><N who="2" m="27753" /><F64/><W117/><G117/><T57/><D57/><U63/><E63/><V122/><F70/><W36/><G15/><T134/><D134/><U42/><REACH who="1" step="1"/><E39/><REACH who="1" ten="470,111,208,201" step="2"/><V16/><F16/><AGARI ba="0,1" hai="6,11,14,16,23,24,76,77,80,81,82" m="20042" machi="16" ten="30,3900,0" yaku="8,1,54,2" doraHai="28" who="0" fromWho="2" sc="470,49,111,0,208,-39,201,0" /><INIT seed="6,0,0,5,2,51" ten="519,111,169,201" oya="2" hai0="41,15,86,98,81,36,46,127,118,106,13,50,134" hai1="4,135,57,29,132,26,0,111,63,74,7,38,93" hai2="109,60,72,114,45,121,64,8,22,100,70,113,27" hai3="16,34,40,30,125,103,24,110,33,102,119,128,17"/><V39/><F72/><W95/><G110/><T43/><D118/><U2/><E74/><V133/><F100/><W62/><G119/><T107/><D127/><U25/><E38/><V68/><F121/><W82/><G40/><T117/><D117/><U61/><E57/><V66/><F8/><W67/><G82/><T6/><D134/><U35/><E93/><V3/><F3/><W96/><G125/><T108/><D108/><U131/><E111/><V126/><F126/><W79/><G79/><T69/><D69/><U37/><E37/><V120/><F120/><W59/><G103/><T54/><D98/><U5/><E63/><N who="2" m="39967" /><F109/><W31/><G128/><T101/><D101/><U47/><E47/><V52/><F22/><W84/><G84/><T85/><D36/><U122/><E61/><N who="2" m="40271" /><F27/><AGARI ba="0,0" hai="16,17,24,27,30,31,33,34,59,62,67,95,96,102" machi="27" ten="40,2600,0" yaku="9,1,54,1" doraHai="51" who="3" fromWho="2" sc="519,0,111,0,169,-26,201,26" /><INIT seed="7,0,0,4,5,114" ten="519,111,143,227" oya="3" hai0="48,92,3,112,113,129,87,33,132,102,134,40,120" hai1="39,11,62,93,47,128,17,49,67,14,118,105,53" hai2="57,86,7,2,36,97,9,85,66,63,42,13,115" hai3="25,130,72,69,80,5,88,75,94,101,4,46,61"/><W91/><G46/><N who="0" m="25671" /><D33/><U12/><E105/><V103/><F115/><N who="0" m="44106" /><D3/><U6/><E128/><V16/><F42/><W59/><G69/><T52/><D129/><U56/><E39/><V99/><F36/><W31/><G130/><T10/><D10/><U64/><E93/><V104/><REACH who="2" step="1"/><F99/><REACH who="2" ten="519,111,133,227" step="2"/><W65/><G101/><T111/><D102/><U18/><E18/><V44/><F44/><W30/><G91/><N who="0" m="53375" /><D120/><U100/><E100/><V35/><F35/><W81/><G75/><T21/><D111/><U96/><E96/><V54/><F54/><W27/><G72/><T37/><D37/><U22/><REACH who="1" step="1"/><E118/><REACH who="1" ten="519,101,133,227" step="2"/><V76/><F76/><W131/><G131/><T82/><D82/><U133/><E133/><V98/><F98/><N who="3" m="57671" /><G81/><T51/><D21/><AGARI ba="0,2" hai="2,7,9,13,16,21,57,63,66,85,86,97,103,104" machi="21" ten="30,3900,0" yaku="1,1,7,1,54,1,53,0" doraHai="114" doraHaiUra="125" who="2" fromWho="0" sc="519,-39,101,0,133,59,227,0" owari="480,58.0,101,-40.0,192,-21.0,227,3.0" /></mjloggm>