<mjloggm ver="2.3"><GO type="97"/><UN n0="%EF%BC%88%E2%89%A7%E2%96%BD%E2%89%A6%EF%BC%89" n1="%E3%82%A2%E3%82%AD%E3%83%92%E3%83%88" n2="%70%6F%6F%63%68%61%6E%68" n3="%E3%81%8D%E3%82%87%E3%81%86%E3%81%97%E3%82%8D%E3%81%86" dan="15,14,15,15" rate="2026,1899,2033,1979" sx="M,M,M,M"/><TAIKYOKU oya="0"/><INIT seed="0,0,0,5,1,91" ten="250,250,250,250" oya="0" hai0="17,98,41,125,88,122,121,89,123,66,71,37,83" hai1="120,7,112,59,133,84,134,77,8,25,21,62,90" hai2="10,94,40,57,18,117,14,27,129,108,97,29,61" hai3="23,67,39,45,31,69,47,16,20,70,11,68,34"/><T5/><D125/><U130/><E120/><V100/><F117/><W107/><G34/><T56/><D71/><U9/><E77/><V4/><F129/><W51/><G107/><T87/><D5/><U46/><E46/><V131/><F131/><W132/><G132/><N who="1" m="50794" /><E130/><V55/><F108/><W76/><G76/><T48/><D41/><U15/><E8/><V0/><F40/><W42/><G67/><T75/><D37/><U3/><E112/><V1/><F4/><W81/><G81/><T96/><D75/><U22/><E3/><V79/><F79/><W19/><G11/><T30/><D30/><U102/><E102/><V128/><F128/><W54/><REACH who="3" step="1"/><G31/><REACH who="3" ten="250,250,250,240" step="2"/><T106/><D106/><U65/><E25/><V119/><F119/><W135/><G135/><T99/><D66/><U78/><E78/><V113/><F113/><W72/><G72/><T58/><D17/><AGARI ba="0,1" hai="16,17,19,20,23,39,42,45,47,51,54,68,69,70" machi="17" ten="40,2600,0" yaku="1,1,54,1,53,0" doraHai="91" doraHaiUra="124" who="3" fromWho="0" sc="250,-26,250,0,250,0,240,36" /><INIT seed="1,0,0,0,5,91" ten="224,250,250,276" oya="1" hai0="124,96,12,90,107,42,74,57,23,63,134,133,89" hai1="7,66,106,47,73,69,25,37,6,26,115,118,60" hai2="59,114,97,34,113,49,127,117,40,8,102,82,116" hai3="132,77,100,95,41,67,16,101,48,85,17,56,79"/><U62/><E118/><V129/><F34/><W71/><G71/><T109/><D74/><U32/><E115/><N who="2" m="44043" /><F8/><W80/><G132/><N who="0" m="50795" /><D42/><U87/><E73/><V19/><F19/><N who="3" m="7243" /><G79/><T125/><D109/><U29/><E25/><V75/><F59/><W2/><G2/><T58/><D12/><U4/><E87/><V88/><F49/><W81/><G81/><T103/><D23/><U44/><E37/><V10/><F10/><W123/><G123/><T43/><D43/><U135/><E135/><V28/><F28/><W98/><G41/><T9/><D57/><U93/><E106/><N who="2" m="63823" /><F40/><W0/><G0/><T18/><D18/><U94/><REACH who="1" step="1"/><E62/><REACH who="1" ten="224,240,250,276" step="2"/><V105/><F105/><W110/><G110/><T27/><D27/><U64/><E64/><V45/><F129/><W126/><G67/><N who="0" m="39415" /><D9/><U111/><E111/><V24/><F24/><W76/><G85/><T72/><D72/><U92/><AGARI ba="0,1" hai="4,6,7,26,29,32,44,47,60,66,69,92,93,94" machi="92" ten="30,12000,1" yaku="1,1,0,1,52,3,53,0" doraHai="91" doraHaiUra="70" who="1" fromWho="1" sc="224,-40,240,130,250,-40,276,-40" /><INIT seed="1,1,0,1,4,82" ten="184,370,210,236" oya="1" hai0="108,89,74,69,32,100,113,115,51,8,120,101,47" hai1="110,73,48,112,127,134,81,54,72,33,34,23,94" hai2="75,95,18,58,52,61,98,44,42,126,45,57,97" hai3="31,24,104,35,71,117,87,107,106,66,43,92,114"/><U70/><E112/><V131/><F75/><N who="1" m="28745" /><E23/><V119/><F119/><W16/><G114/><T2/><D115/><U15/><E15/><V62/><F131/><W28/><G28/><T67/><D113/><U84/><E70/><V27/><F126/><W13/><G43/><T63/><D120/><U116/><E94/><V53/><F42/><W4/><G4/><T96/><D74/><U85/><E81/><V30/><F98/><W39/><G39/><T9/><D32/><N who="1" m="12395" /><E116/><V86/><F30/><W14/><G117/><T65/><D69/><U1/><E1/><V124/><F124/><W64/><G14/><T122/><D2/><U111/><E127/><V22/><F86/><N who="1" m="33385" /><E134/><V93/><F93/><W41/><G71/><T68/><D68/><U21/><E21/><V40/><F40/><W118/><G118/><T7/><D100/><AGARI ba="1,0" hai="18,22,27,44,45,52,53,57,58,61,62,95,97,100" machi="100" ten="30,7700,0" yaku="7,1,9,1,8,1,54,1" doraHai="82" who="2" fromWho="0" sc="184,-80,370,0,210,80,236,0" /><INIT seed="2,0,0,2,4,43" ten="104,370,290,236" oya="2" hai0="67,115,89,16,38,114,78,112,10,32,65,45,109" hai1="18,90,21,123,88,83,2,125,6,133,85,82,110" hai2="23,105,116,57,14,100,73,56,46,106,47,28,33" hai3="49,12,102,86,118,26,54,55,108,1,129,25,52"/><V75/><F116/><W92/><G108/><T62/><D109/><U20/><E110/><V104/><F100/><W126/><G126/><T119/><D119/><U5/><E125/><V17/><F33/><W87/><G129/><T63/><D32/><U59/><E133/><V9/><F75/><W11/><G1/><T93/><D78/><U94/><E123/><V74/><F73/><W99/><G49/><T127/><D127/><U35/><E2/><V76/><F76/><W72/><G72/><T70/><D38/><U61/><E35/><V24/><F74/><W97/><G97/><T3/><D3/><U60/><E60/><V131/><F131/><W77/><G118/><T98/><D45/><U124/><E124/><V15/><F15/><W101/><G101/><T107/><D107/><U36/><E36/><V58/><AGARI ba="0,0" hai="9,14,17,23,24,28,46,47,56,57,58,104,105,106" machi="58" ten="40,7800,0" yaku="0,1,52,2" doraHai="43" who="2" fromWho="2" sc="104,-26,370,-26,290,78,236,-26" /><INIT seed="2,1,0,5,4,37" ten="78,344,368,210" oya="2" hai0="62,121,108,49,43,45,31,122,110,82,87,57,115" hai1="38,64,29,25,32,111,119,133,88,129,59,14,134" hai2="13,56,77,15,34,5,41,130,4,81,55,8,91" hai3="132,48,90,12,120,114,79,1,35,128,103,26,99"/><V117/><F34/><W60/><G132/><N who="1" m="50794" /><E119/><V74/><F117/><W94/><G128/><T46/><D31/><U85/><E38/><V70/><F70/><W39/><G120/><N who="0" m="46187" /><D115/><U68/><E14/><V104/><F104/><W69/><G1/><T125/><D87/><U67/><E129/><V51/><F130/><W33/><G39/><N who="0" m="21759" /><D82/><N who="1" m="49207" /><E111/><N who="0" m="42537" /><D125/><U65/><E59/><V113/><F113/><W47/><G35/><T131/><D131/><U96/><E96/><V21/><F91/><W112/><G90/><T10/><D10/><U18/><E18/><V76/><F76/><W123/><G79/><T16/><D16/><U50/><E50/><V53/><F53/><W22/><G33/><T116/><D116/><U61/><AGARI ba="1,0" hai="25,29,32,61,64,65,67,68" m="49207,50794" machi="61" ten="30,2000,0" yaku="20,1,54,1" doraHai="37" who="1" fromWho="1" sc="78,-6,344,23,368,-11,210,-6" /><INIT seed="3,0,0,1,5,76" ten="72,367,357,204" oya="3" hai0="132,93,96,69,130,9,55,53,123,115,7,25,33" hai1="86,135,110,3,77,35,101,20,39,28,61,97,18" hai2="108,131,126,91,88,13,2,17,94,111,41,128,23" hai3="62,45,103,21,70,81,121,47,14,4,29,100,119"/><W107/><G121/><T59/><D123/><U19/><E39/><V51/><F2/><W89/><G119/><T84/><D130/><N who="2" m="49706" /><F126/><W34/><G34/><T27/><D115/><U6/><E135/><V11/><F11/><W112/><G112/><T134/><D132/><U85/><E110/><N who="2" m="42027" /><F94/><W26/><G107/><T38/><D134/><U102/><E35/><V37/><F37/><W129/><G129/><T44/><D69/><U10/><E28/><V54/><F41/><W60/><G70/><T1/><D33/><U63/><E18/><V5/><F5/><W42/><G14/><T71/><D71/><U87/><E77/><V106/><F106/><W46/><G42/><T79/><D38/><U82/><E20/><V72/><F72/><W24/><G24/><T8/><D8/><U57/><E19/><V83/><F83/><W120/><G4/><T48/><D59/><AGARI ba="0,0" hai="13,17,23,51,54,59,88,91" m="42027,49706" machi="59" ten="30,3900,0" yaku="19,1,14,1,54,1" doraHai="76" who="2" fromWho="0" sc="72,-39,367,0,357,39,204,0" owari="33,-47.0,367,17.0,396,50.0,204,-20.0" /></mjloggm>