<mjloggm ver="2.3"><GO type="97"/><UN n0="%74%74%6B%69" n1="%59%48%56%48" n2="%EF%BC%88%E2%89%A7%E2%96%BD%E2%89%A6%EF%BC%89" n3="%6E%61%67%61%79%61%6E%3F" dan="13,14,14,14" rate="1975,1907,2060,2021" sx="M,F,M,M"/><TAIKYOKU oya="0"/><INIT seed="0,0,0,0,3,6" ten="250,250,250,250" oya="0" hai0="24,71,64,84,58,108,70,87,104,88,53,100,11" hai1="116,65,17,82,23,110,117,42,48,131,33,52,85" hai2="0,15,97,107,81,134,60,128,61,68,4,124,83" hai3="25,111,103,127,5,93,91,55,54,77,57,115,95"/><T27/><D104/><U44/><E33/><V122/><F0/><W12/><G115/><T80/><D100/><U50/><E110/><V126/><F122/><W9/><G111/><T94/><D108/><U13/><E131/><V62/><F68/><W67/><G127/><N who="2" m="48681" /><F134/><W113/><G113/><T28/><D11/><U106/><E106/><V99/><F128/><W86/><G77/><T46/><D46/><U109/><E65/><V114/><F114/><W26/><G67/><T76/><D64/><U79/><REACH who="1" step="1"/><E109/><REACH who="1" step="2"/><V20/><F107/><W112/><G112/><T118/><D118/><U39/><E39/><V92/><F99/><N who="3" m="59887" /><G55/><T119/><D119/><U96/><E96/><V8/><F20/><W21/><G21/><T19/><D19/><U2/><E2/><V18/><F18/><W1/><G1/><T30/><D30/><U105/><E105/><V66/><F66/><W121/><G121/><T73/><D73/><U7/><E7/><V35/><F35/><W56/><G56/><AGARI ba="0,1" hai="13,17,23,42,44,48,50,52,56,79,82,85,116,117" machi="56" ten="30,3900,0" yaku="1,1,7,1,54,1,53,0" doraHai="6" doraHaiUra="133" who="1" fromWho="3" sc="250,0,240,49,250,0,250,-39" /><INIT seed="1,0,0,0,1,43" ten="250,289,250,211" oya="1" hai0="76,121,107,133,21,49,80,90,129,41,15,39,14" hai1="53,98,6,124,11,74,38,71,130,16,85,52,61" hai2="132,7,57,34,19,77,111,18,78,35,122,87,116" hai3="128,31,120,60,109,131,25,113,93,79,45,114,110"/><U117/><E74/><V95/><F122/><W96/><G60/><T91/><D39/><U9/><E38/><V81/><F116/><W103/><G25/><T23/><D107/><U135/><E117/><V123/><F123/><W125/><G31/><T37/><D121/><U30/><E124/><V63/><F132/><W28/><G28/><T100/><D37/><U3/><E135/><V99/><F111/><N who="3" m="42507" /><G120/><T70/><D129/><N who="3" m="49737" /><G45/><T44/><D70/><U94/><E130/><V104/><F7/><W58/><G58/><T106/><D100/><U127/><E127/><V118/><F118/><W26/><G26/><T69/><D106/><U29/><E85/><V82/><F104/><W84/><G125/><T112/><D69/><U62/><E71/><V72/><F34/><W101/><G101/><T68/><D133/><U65/><E65/><V88/><REACH who="2" step="1"/><F35/><REACH who="2" step="2"/><W8/><G8/><N who="1" m="3146" /><E6/><V55/><AGARI ba="0,1" hai="18,19,55,57,63,72,77,78,81,82,87,88,95,99" machi="55" ten="20,5200,0" yaku="1,1,0,1,7,1,54,1,53,0" doraHai="43" doraHaiUra="4" who="2" fromWho="2" sc="250,-13,289,-26,240,62,211,-13" /><INIT seed="2,0,0,3,4,118" ten="237,263,302,198" oya="2" hai0="28,120,114,110,54,26,57,128,37,9,56,53,90" hai1="126,36,33,98,77,131,123,7,116,34,92,52,38" hai2="31,42,48,24,93,94,13,10,18,22,83,12,72" hai3="60,117,35,8,99,47,103,115,46,11,100,109,89"/><V61/><F61/><W134/><G117/><T87/><D114/><U3/><E116/><V75/><F72/><W82/><G35/><T124/><D37/><U86/><E131/><V25/><F75/><W129/><G129/><T70/><D128/><U97/><E126/><V104/><F104/><W29/><G29/><T78/><D124/><U4/><E52/><V132/><F132/><W112/><G134/><T119/><D70/><U81/><E3/><V0/><F0/><W80/><G109/><T133/><D119/><U84/><E81/><V49/><F83/><W113/><G60/><T102/><D110/><U6/><E6/><N who="2" m="3159" /><F25/><W30/><G30/><T68/><D68/><U23/><E92/><N who="2" m="35435" /><F42/><W27/><G27/><T17/><D133/><U105/><E77/><V21/><AGARI ba="0,0" hai="13,18,21,22,24,31,48,49" m="35435,3159" machi="21" ten="30,1500,0" yaku="8,1" doraHai="118" who="2" fromWho="2" sc="237,-5,263,-5,302,15,198,-5" /><INIT seed="2,1,0,5,5,9" ten="232,258,317,193" oya="2" hai0="102,59,92,132,114,94,120,67,135,12,74,41,30" hai1="2,77,76,86,113,7,96,115,88,56,127,130,20" hai2="6,14,95,51,11,122,44,112,23,71,35,66,87" hai3="98,70,13,36,125,16,24,19,45,116,69,124,72"/><V91/><F122/><W17/><G72/><T133/><D120/><U50/><E127/><N who="3" m="48714" /><G116/><T128/><D74/><U131/><E96/><V34/><F112/><N who="1" m="43081" /><E2/><V68/><F23/><N who="3" m="11663" /><G98/><T109/><D114/><U81/><E7/><V107/><F107/><W97/><G97/><T10/><D30/><U62/><E50/><V58/><F35/><W100/><G100/><T8/><D41/><U63/><E20/><V80/><F34/><W119/><G119/><T101/><D128/><N who="1" m="49195" /><E62/><N who="2" m="38231" /><F71/><N who="3" m="27147" /><G24/><T61/><D109/><U54/><AGARI ba="1,0" hai="54,56,63,76,77,81,86,88" m="49195,43081" machi="54" ten="30,2000,0" yaku="19,1,54,1" doraHai="9" who="1" fromWho="1" sc="232,-6,258,23,317,-11,193,-6" /><INIT seed="3,0,0,2,5,18" ten="226,281,306,187" oya="3" hai0="105,115,85,20,125,97,37,63,121,35,16,14,15" hai1="117,21,19,120,10,109,76,90,126,40,75,43,0" hai2="89,47,106,36,86,50,52,45,49,28,127,95,118" hai3="26,135,2,122,88,33,82,80,9,44,100,83,108"/><W61/><G122/><T65/><D115/><U77/><E120/><V59/><F118/><W34/><G100/><T114/><D114/><U55/><E109/><V93/><F106/><W48/><G108/><T29/><D37/><U27/><E117/><V129/><F129/><W110/><G110/><T102/><D125/><U25/><E126/><V4/><F127/><W62/><G135/><T119/><D121/><U41/><E75/><V11/><F28/><W23/><G33/><T78/><D119/><U5/><E55/><N who="2" m="30127" /><F36/><W98/><G34/><T132/><D132/><U22/><REACH who="1" step="1"/><E90/><REACH who="1" step="2"/><V134/><F134/><W54/><G2/><T57/><D35/><U53/><E53/><V51/><F89/><W133/><G133/><T73/><D73/><U96/><E96/><V103/><F86/><N who="3" m="50247" /><G98/><T81/><REACH who="0" step="1"/><D29/><AGARI ba="0,1" hai="0,5,10,19,21,22,25,27,29,40,41,43,76,77" machi="29" ten="40,5200,0" yaku="1,1,52,2,53,0" doraHai="18" doraHaiUra="66" who="1" fromWho="0" sc="226,-52,271,62,306,0,187,0" owari="174,-33.0,333,43.0,306,11.0,187,-21.0" /></mjloggm>