<mjloggm ver="2.3"><GO type="169"/><UN n0="%EF%BC%88%E2%89%A7%E2%96%BD%E2%89%A6%EF%BC%89" n1="%E4%B8%AD%E9%87%8E%2A%E6%A2%93" n2="%E3%81%98%E3%82%83%E3%82%80%E2%99%AD" n3="%E3%82%A2%E3%82%AB%E2%98%86%E3%82%A6%E3%83%BC%E3%83%94%E3%83%B3" dan="17,16,16,18" rate="2135,2098,2049,2179" sx="M,M,M,M"/><TAIKYOKU oya="0"/><INIT seed="0,0,0,0,2,57" ten="250,250,250,250" oya="0" hai0="55,60,30,134,59,51,67,96,26,80,70,44,130" hai1="103,9,63,28,71,75,128,40,76,12,8,0,94" hai2="56,84,127,106,88,2,83,68,43,123,93,133,129" hai3="39,18,41,95,7,119,124,65,117,112,54,97,17"/><T101/><D130/><U46/><E28/><V48/><F123/><W29/><G112/><T99/><D134/><U81/><E128/><V87/><F129/><W110/><G110/><T38/><D80/><U78/><E78/><V102/><F133/><W98/><G124/><T34/><D101/><U19/><E103/><V111/><F111/><W35/><G7/><T72/><D72/><U15/><E94/><V33/><F68/><W32/><G54/><T126/><D126/><U89/><E89/><V21/><F33/><W66/><G41/><AGARI ba="0,0" hai="26,30,34,38,41,44,51,55,59,60,67,70,96,99" machi="41" ten="40,7700,0" yaku="24,2,52,1" doraHai="57" who="0" fromWho="3" sc="250,77,250,0,250,0,250,-77" /><INIT seed="0,1,0,2,3,84" ten="327,250,250,173" oya="0" hai0="120,98,76,59,115,11,95,39,13,75,37,69,50" hai1="113,54,108,20,23,116,131,79,31,34,22,103,111" hai2="90,25,4,2,70,10,19,61,119,3,78,82,35" hai3="135,100,0,124,5,51,46,71,132,114,14,80,134"/><T127/><D69/><U53/><E116/><V7/><F119/><W56/><G71/><T52/><D120/><U30/><E79/><V17/><F61/><W109/><G114/><T57/><D115/><U86/><E113/><V77/><F70/><W47/><G0/><T33/><D33/><U63/><E63/><V104/><F104/><W72/><G109/><N who="1" m="42058" /><E103/><V49/><F49/><W91/><G100/><T99/><D127/><U74/><E74/><V55/><F55/><N who="1" m="21001" /><E131/><V73/><F73/><W48/><G56/><T92/><D59/><U64/><E64/><V107/><F107/><W12/><G124/><T36/><D76/><U85/><E34/><V67/><F67/><W105/><G105/><T88/><D75/><U133/><E133/><V60/><F60/><W96/><G72/><T87/><REACH who="0" step="1"/><D95/><REACH who="0" ten="317,250,250,173" step="2"/><U102/><E102/><V28/><F35/><W89/><G134/><T62/><D62/><U8/><E8/><V121/><F10/><W26/><G135/><T41/><D41/><U21/><N who="1" m="5120" /><DORA hai="110" /><U68/><E68/><V81/><F77/><W42/><G42/><T6/><AGARI ba="1,1" hai="6,11,13,36,37,39,50,52,57,87,88,92,98,99" machi="6" ten="30,18000,2" yaku="1,1,0,1,52,1,54,2,53,1" doraHai="84,110" doraHaiUra="129,44" who="0" fromWho="0" sc="317,193,250,-61,250,-61,173,-61" /><INIT seed="0,2,0,5,3,108" ten="510,189,189,112" oya="0" hai0="80,43,59,98,134,94,121,15,21,71,17,87,92" hai1="101,2,111,51,132,113,105,32,0,117,3,31,1" hai2="77,35,133,7,102,75,9,124,8,81,127,33,78" hai3="58,66,54,25,72,53,30,40,84,95,60,22,64"/><T125/><D71/><U27/><E117/><V96/><F133/><W29/><G72/><T13/><D121/><U19/><E111/><V74/><F74/><W112/><G40/><T67/><D43/><U44/><E132/><V114/><F78/><W99/><G112/><T129/><D129/><U45/><N who="1" m="0" /><DORA hai="26" /><U85/><E85/><V88/><F114/><W97/><G84/><T5/><D125/><N who="2" m="48202" /><F7/><W16/><G97/><T86/><D98/><U100/><E105/><N who="2" m="63687" /><F88/><N who="3" m="55783" /><G54/><T90/><D86/><U57/><E113/><V118/><F118/><W104/><G104/><T10/><D134/><U14/><E57/><V123/><F123/><W130/><G130/><T79/><D79/><U47/><REACH who="1" step="1"/><E51/><REACH who="1" ten="510,179,189,112" step="2"/><V49/><F49/><W69/><G69/><T55/><D67/><AGARI ba="2,1" hai="16,22,25,29,30,53,58,60,64,66,67" m="55783" machi="67" ten="30,12000,2" yaku="25,1,8,1,52,2,54,2" doraHai="108,26" who="3" fromWho="0" sc="510,-126,179,0,189,0,112,136" /><INIT seed="1,0,0,1,4,35" ten="384,179,189,248" oya="1" hai0="75,56,11,67,123,110,119,15,26,74,36,99,85" hai1="12,51,0,103,42,58,94,101,62,83,32,81,31" hai2="45,37,76,21,109,2,79,87,1,20,3,59,64" hai3="86,52,34,93,65,10,57,114,66,27,118,126,49"/><U116/><E116/><V113/><F113/><W131/><G114/><T115/><D36/><U33/><E12/><V17/><F109/><W41/><G126/><T40/><D40/><U29/><E51/><V53/><F64/><W73/><G73/><T135/><D135/><U43/><E58/><V19/><F37/><W117/><G131/><T23/><D123/><U96/><E94/><V105/><F45/><W48/><G10/><T97/><D75/><U7/><E7/><V6/><F6/><W91/><G34/><T78/><D74/><U121/><E96/><V92/><F105/><W98/><G27/><T133/><D133/><U124/><E62/><V70/><F70/><W125/><G125/><T68/><D68/><U50/><E50/><V47/><F47/><N who="3" m="25711" /><G98/><T63/><D110/><U134/><E134/><V100/><F100/><W77/><G77/><T16/><D119/><AGARI ba="0,0" hai="49,52,57,65,66,86,91,93,117,118,119" m="25711" machi="119" ten="30,2000,0" yaku="12,1,54,1" doraHai="35" who="3" fromWho="0" sc="384,-20,179,0,189,0,248,20" /><INIT seed="2,0,0,1,5,3" ten="364,179,189,268" oya="2" hai0="10,111,42,28,11,79,106,61,65,85,121,125,75" hai1="13,34,126,122,60,94,31,115,132,41,63,69,98" hai2="100,47,114,59,87,20,96,8,15,110,77,21,73" hai3="76,72,119,129,38,37,1,131,29,54,36,19,0"/><V67/><F114/><W80/><G119/><T6/><D75/><U46/><E115/><V127/><F73/><W68/><G19/><T44/><D106/><U91/><E122/><V95/><F127/><W45/><G68/><T83/><D121/><U27/><E132/><V118/><F118/><W108/><G108/><T16/><D111/><U50/><E126/><V128/><F110/><W120/><G120/><T82/><D28/><U93/><E69/><V40/><F128/><N who="3" m="49227" /><G29/><T23/><D125/><U101/><REACH who="1" step="1"/><E13/><REACH who="1" ten="364,169,189,268" step="2"/><V53/><F67/><W104/><G0/><T84/><D79/><U57/><E57/><V134/><F134/><W52/><G1/><T66/><D44/><U74/><E74/><V14/><F14/><W62/><G45/><T112/><D112/><U113/><E113/><V39/><F59/><W26/><G76/><T9/><D66/><U5/><E5/><V18/><REACH who="2" step="1"/><F53/><REACH who="2" ten="364,169,179,268" step="2"/><W70/><G52/><T78/><D65/><U24/><E24/><V12/><F12/><W88/><G26/><T55/><D55/><U107/><E107/><V4/><F4/><W124/><G104/><T130/><D6/><U43/><E43/><V99/><F99/><AGARI ba="0,2" hai="27,31,34,41,46,50,60,63,91,93,94,98,99,101" machi="99" ten="30,2000,0" yaku="1,1,7,1,53,0" doraHai="3" doraHaiUra="2" who="1" fromWho="2" sc="364,0,169,40,179,-20,268,0" /><INIT seed="3,0,0,1,3,1" ten="364,209,159,268" oya="3" hai0="130,109,85,74,14,92,11,28,122,123,29,31,0" hai1="64,19,80,45,95,103,121,101,134,86,78,26,83" hai2="41,127,27,116,126,57,72,49,112,30,79,129,99" hai3="44,3,39,32,2,33,117,48,12,94,23,22,13"/><W59/><G39/><T97/><D74/><U55/><E121/><V81/><F112/><W61/><G117/><T58/><D130/><U60/><E134/><V4/><F116/><W42/><G2/><T77/><D109/><U63/><E83/><V38/><F38/><W100/><G3/><T76/><D0/><U56/><E95/><V105/><F129/><W24/><G33/><T113/><D113/><U107/><E107/><V70/><F70/><W20/><G32/><T84/><D58/><N who="1" m="36983" /><E45/><V34/><F4/><W50/><G50/><T66/><D66/><U124/><E124/><V37/><F57/><W53/><REACH who="3" step="1"/><G24/><REACH who="3" ten="364,209,159,258" step="2"/><T133/><D123/><U115/><E115/><V120/><F49/><W25/><G25/><T68/><D122/><U98/><E26/><V16/><F120/><W102/><G102/><N who="0" m="60711" /><D133/><U87/><E103/><V106/><F126/><W9/><G9/><T18/><D68/><U132/><E101/><V21/><F127/><W71/><G71/><T54/><D11/><U96/><E132/><V10/><F10/><W67/><G67/><T114/><D114/><U52/><E60/><V43/><F37/><W17/><G17/><T119/><D18/><U36/><E19/><V15/><F105/><W35/><G35/><T5/><D119/><U118/><E36/><V40/><F106/><W47/><G47/><T125/><D125/><U90/><E118/><V51/><F51/><W128/><G128/><T108/><D14/><U89/><E56/><V62/><F62/><W88/><G88/><T46/><D46/><U69/><E90/><V131/><F131/><RYUUKYOKU ba="0,1" sc="364,-15,209,-15,159,15,258,15" hai2="15,16,21,27,30,34,40,41,43,72,79,81,99" hai3="12,13,20,22,23,42,44,48,53,59,61,94,100" /><INIT seed="3,1,1,2,3,14" ten="349,194,174,273" oya="3" hai0="19,7,30,101,134,10,126,79,106,23,6,105,90" hai1="51,52,56,122,35,118,43,80,111,0,70,65,107" hai2="95,9,121,33,58,108,49,72,133,115,16,8,55" hai3="77,34,2,1,86,135,24,27,47,83,97,5,62"/><W110/><G135/><T28/><D126/><U25/><E118/><V41/><F115/><W42/><G110/><T129/><D129/><U50/><E111/><V113/><F113/><W93/><G62/><T61/><D134/><U119/><E0/><V96/><F72/><W88/><G5/><N who="0" m="1547" /><D106/><U45/><E107/><V112/><F112/><W32/><G27/><T13/><D105/><U44/><E119/><V60/><F108/><W17/><G17/><N who="0" m="8375" /><D101/><U37/><E25/><V71/><F133/><W102/><G102/><T46/><D79/><U66/><E80/><V59/><F71/><W81/><G81/><T15/><D46/><N who="1" m="23919" /><E35/><V82/><F33/><W104/><G104/><T89/><D61/><N who="1" m="35975" /><E122/><V73/><F73/><W94/><G34/><T67/><D67/><N who="1" m="25611" /><E70/><V103/><F82/><W78/><G78/><T99/><D99/><U21/><E21/><V130/><F121/><W38/><G93/><T20/><D20/><U87/><E87/><V63/><F8/><W64/><G32/><T11/><D23/><U22/><E22/><V109/><F109/><W127/><G24/><T48/><D89/><U53/><E51/><V100/><F100/><W75/><G75/><T57/><D90/><U40/><E45/><V29/><F29/><W85/><G97/><T4/><D4/><U54/><AGARI ba="1,1" hai="40,44,50,53,54" m="25611,35975,23919" machi="54" ten="30,12000,2" yaku="35,5,54,1" doraHai="14" who="1" fromWho="1" sc="349,-31,194,133,174,-31,273,-61" /><INIT seed="4,0,0,3,1,25" ten="318,327,143,212" oya="0" hai0="130,17,77,12,87,114,29,86,134,122,20,34,54" hai1="14,113,99,71,132,40,81,84,117,105,88,64,41" hai2="93,100,127,116,46,115,0,21,109,135,27,83,125" hai3="2,79,94,65,91,47,23,28,52,51,121,3,39"/><T73/><D122/><U82/><E117/><V74/><F109/><W61/><G121/><T4/><D134/><U42/><E132/><V30/><F0/><W80/><G39/><T119/><D119/><U118/><E118/><V108/><F135/><W70/><G23/><T45/><D130/><U106/><E113/><V50/><F108/><W7/><G28/><T48/><D114/><U58/><E71/><V103/><F116/><W69/><G7/><T44/><D4/><U37/><E37/><V126/><F115/><W19/><G19/><T35/><D45/><U38/><E38/><V32/><F32/><W75/><REACH who="3" step="1"/><G70/><REACH who="3" ten="318,327,143,202" step="2"/><T16/><D34/><U15/><E106/><V90/><F74/><W11/><G11/><T60/><D17/><U89/><E105/><V33/><F21/><W66/><G66/><T1/><D1/><U43/><N who="1" m="10240" /><DORA hai="120" /><U95/><E82/><V107/><F83/><W131/><G131/><T128/><D128/><U31/><E31/><V85/><F107/><W112/><G112/><T124/><D29/><U22/><E22/><V72/><REACH who="2" step="1"/><F72/><REACH who="2" ten="318,327,133,202" step="2"/><W36/><G36/><T13/><D35/><U123/><E123/><V49/><F49/><W9/><G9/><T102/><D44/><U104/><E104/><V55/><AGARI ba="0,2" hai="27,30,33,46,50,55,85,90,93,100,103,125,126,127" machi="55" ten="30,7900,0" yaku="1,1,0,1,18,1,52,1,53,0" doraHai="25,120" doraHaiUra="57,6" who="2" fromWho="2" sc="318,-39,327,-20,133,99,202,-20" /><INIT seed="5,0,0,2,1,66" ten="279,307,232,182" oya="1" hai0="29,100,54,32,73,58,101,56,69,105,108,121,68" hai1="5,24,28,44,129,4,133,67,15,62,84,11,47" hai2="92,90,43,76,45,20,119,21,99,63,114,49,98" hai3="37,3,6,59,85,106,39,53,18,61,40,46,91"/><U82/><E129/><V93/><F119/><W126/><G106/><T8/><D108/><U17/><E133/><V19/><F76/><W7/><G126/><T70/><D73/><U12/><E5/><V128/><F128/><W96/><G39/><T10/><D121/><U87/><E87/><V130/><F130/><W88/><G3/><T127/><D127/><U125/><E125/><V135/><F135/><W118/><G118/><T42/><D42/><U22/><E84/><V72/><F72/><W75/><G75/><T103/><D105/><U25/><E82/><V80/><F114/><W38/><G38/><T120/><D120/><U89/><E89/><N who="2" m="55567" /><F80/><W111/><G111/><T60/><REACH who="0" step="1"/><D58/><REACH who="0" ten="269,307,232,182" step="2"/><U65/><E47/><V94/><F43/><W31/><G96/><T30/><D30/><U107/><E44/><V1/><F45/><W110/><G31/><T95/><D95/><U13/><E107/><V71/><F93/><W112/><G110/><T27/><AGARI ba="0,1" hai="8,10,27,29,32,54,56,60,68,69,70,100,101,103" machi="27" ten="40,8000,1" yaku="1,1,0,1,52,3,53,0" doraHai="66" doraHaiUra="116" who="0" fromWho="0" sc="269,90,307,-40,232,-20,182,-20" /><INIT seed="6,0,0,2,0,99" ten="359,267,212,162" oya="2" hai0="22,85,14,37,15,122,84,66,113,32,40,126,5" hai1="61,78,104,45,117,4,115,100,44,16,109,73,1" hai2="83,103,134,123,54,23,2,57,88,39,29,53,116" hai3="21,120,127,114,135,0,31,11,35,132,20,125,76"/><V12/><F116/><W46/><G76/><T77/><D32/><U25/><E109/><V101/><F123/><W130/><G46/><T121/><D37/><U108/><E108/><V43/><F2/><W26/><G120/><T128/><D40/><U50/><E117/><V94/><F134/><N who="3" m="51243" /><G114/><T92/><D66/><U58/><E115/><V93/><F43/><W27/><G130/><T87/><D77/><U69/><E69/><V33/><F39/><W8/><G35/><T18/><D92/><N who="2" m="35434" /><F33/><W72/><G72/><T56/><D128/><U111/><E1/><V9/><F23/><W6/><G8/><T36/><D36/><U42/><E73/><V34/><F29/><AGARI ba="0,0" hai="0,6,11,20,21,26,27,29,31,125,127" m="51243" machi="29" ten="30,3900,0" yaku="20,1,34,2" doraHai="99" who="3" fromWho="2" sc="359,0,267,0,212,-39,162,39" /><INIT seed="7,0,0,1,1,39" ten="359,267,173,201" oya="3" hai0="84,23,53,90,134,76,83,45,27,105,133,24,135" hai1="74,7,16,87,108,120,102,126,12,71,65,0,103" hai2="6,67,10,36,128,37,104,5,28,26,18,2,125" hai3="64,110,70,46,59,51,19,100,114,82,43,93,124"/><W119/><G119/><T77/><D105/><U13/><E74/><V101/><F67/><W118/><G118/><T60/><D60/><U11/><E120/><V4/><F101/><W91/><G114/><T69/><D69/><U89/><E108/><V49/><F104/><W32/><G32/><T34/><D34/><U21/><E126/><V95/><F125/><W66/><G70/><T111/><D111/><U47/><E65/><V121/><F121/><W25/><G110/><T78/><D23/><U96/><E71/><V130/><F95/><W56/><G100/><T109/><D109/><U38/><E96/><V15/><F49/><AGARI ba="0,0" hai="24,27,45,49,53,76,77,78,83,84,90,133,134,135" machi="49" ten="50,1600,0" yaku="20,1" doraHai="39" who="0" fromWho="2" sc="359,16,267,0,173,-16,201,0" owari="375,47.0,267,7.0,157,-34.0,201,-20.0" /></mjloggm>