<mjloggm ver="2.3"><GO type="169"/><UN n0="%EF%BC%88%E2%89%A7%E2%96%BD%E2%89%A6%EF%BC%89" n1="%E6%88%A6%E5%8A%9B%E5%A4%96%E3%83%9D%E3%83%BC%E3%82%AF%E2%99%82" n2="%E3%80%93%E6%9D%BE%E4%BA%95%EF%BC%A3%EF%BC%B3%E3%80%93" n3="%E3%81%B9%E3%81%A3%E3%81%93%E3%83%BC%E2%99%AA" dan="18,16,17,16" rate="2239,2037,2152,2072" sx="M,M,M,F"/><TAIKYOKU oya="0"/><INIT seed="0,0,0,0,4,7" ten="250,250,250,250" oya="0" hai0="87,22,134,60,129,118,35,82,93,97,27,90,36" hai1="13,85,8,57,45,121,135,71,44,94,112,64,116" hai2="109,92,106,47,42,46,2,114,125,28,0,6,107" hai3="59,23,119,120,86,65,108,53,131,31,26,89,78"/><T99/><D118/><U21/><E116/><V55/><F114/><W96/><G119/><T1/><D129/><U98/><E121/><V52/><F28/><W3/><G131/><T41/><D134/><U51/><E71/><V100/><F92/><W115/><G120/><T95/><D35/><U126/><E135/><V12/><F12/><W39/><G3/><T102/><D1/><U18/><E126/><V79/><F79/><W127/><G39/><T122/><D122/><U25/><E85/><V66/><F66/><W4/><G127/><T103/><D60/><N who="1" m="37903" /><E51/><V9/><F125/><W32/><G115/><T74/><D74/><U68/><E68/><V91/><F91/><W61/><G108/><T38/><REACH who="0" step="1"/><D41/><REACH who="0" ten="240,250,250,250" step="2"/><U77/><E112/><V117/><F117/><W34/><G34/><T14/><D14/><U33/><E33/><V62/><F62/><W69/><G32/><T63/><D63/><U128/><E128/><V19/><F42/><W72/><G69/><T10/><D10/><U17/><E77/><V56/><F9/><W16/><G72/><T11/><D11/><U101/><AGARI ba="0,1" hai="8,13,17,18,21,25,44,45,94,98,101" m="37903" machi="101" ten="30,2000,0" yaku="8,1,52,1" doraHai="7" who="1" fromWho="1" sc="240,-10,250,30,250,-5,250,-5" /><INIT seed="1,0,0,5,3,39" ten="230,280,245,245" oya="1" hai0="27,48,40,60,82,35,95,79,23,45,110,90,43" hai1="97,54,26,126,3,80,88,70,108,55,65,132,41" hai2="112,2,46,134,22,50,92,93,31,89,118,99,104" hai3="75,57,16,64,18,107,86,52,8,111,87,103,10"/><U30/><E3/><V4/><F118/><W98/><G75/><T106/><D106/><U21/><E132/><V74/><F74/><W130/><G130/><T73/><D35/><U101/><E126/><V71/><F71/><W81/><G111/><T102/><D110/><U119/><E119/><V91/><F104/><W47/><G86/><N who="0" m="48479" /><D60/><U13/><E108/><V72/><F72/><W7/><G64/><T0/><D102/><U120/><E120/><V15/><F112/><W44/><G44/><T28/><D0/><U109/><E109/><V1/><F134/><W62/><G47/><T133/><D73/><U124/><E124/><V100/><F100/><W33/><G33/><T121/><D121/><U69/><E70/><V42/><F31/><W105/><G105/><T56/><D56/><U53/><E69/><V114/><F114/><W36/><G36/><T17/><D133/><U94/><E65/><V127/><F127/><W83/><G83/><T76/><D76/><U117/><E117/><V14/><F14/><W68/><G68/><T49/><D28/><U34/><E13/><V6/><F2/><W122/><G122/><T77/><D77/><U63/><E34/><V58/><F58/><W9/><REACH who="3" step="1"/><G7/><REACH who="3" ten="230,280,245,235" step="2"/><T123/><D123/><U5/><E5/><V129/><F129/><W128/><G128/><T113/><D113/><U78/><E80/><V25/><F1/><W125/><G125/><T115/><D115/><U85/><E63/><V29/><F6/><W19/><G19/><T67/><D67/><U38/><E38/><V96/><F4/><W116/><G116/><RYUUKYOKU ba="0,1" sc="230,-15,280,-15,245,15,235,15" hai2="15,22,25,29,42,46,50,89,91,92,93,96,99" hai3="8,9,10,16,18,52,57,62,81,87,98,103,107" /><INIT seed="2,1,1,4,3,78" ten="215,265,260,250" oya="2" hai0="70,128,6,123,121,61,94,3,110,48,22,44,52" hai1="72,95,58,45,32,62,40,16,27,23,83,65,91" hai2="107,42,92,113,34,116,77,102,67,74,100,90,2" hai3="21,64,4,46,14,103,86,51,60,57,125,26,59"/><V0/><F34/><W28/><G125/><T133/><D133/><U80/><E32/><V96/><F113/><W131/><G131/><T82/><D128/><U47/><E72/><V29/><F29/><W130/><G130/><T15/><D110/><U115/><E115/><V85/><F116/><W18/><G103/><T33/><D33/><U84/><E47/><V120/><F120/><W36/><G36/><AGARI ba="1,1" hai="16,23,27,36,40,45,58,62,65,80,83,84,91,95" machi="36" ten="30,7700,0" yaku="7,1,52,2,54,1" doraHai="78" who="1" fromWho="3" sc="215,0,265,90,260,0,250,-80" /><INIT seed="3,0,0,4,3,80" ten="215,355,260,170" oya="3" hai0="133,128,81,102,53,35,55,77,121,20,62,79,120" hai1="4,129,83,9,67,11,78,49,118,85,82,76,43" hai2="69,46,8,47,127,125,26,75,92,0,13,135,36" hai3="58,24,87,89,74,52,57,114,10,16,6,93,122"/><W84/><G74/><T48/><D35/><U86/><E129/><V119/><F119/><W23/><G122/><T88/><D128/><U33/><E33/><V115/><F0/><W103/><G103/><T37/><D37/><U124/><E124/><V73/><F69/><W31/><G114/><T97/><D133/><U68/><E118/><V104/><F104/><W130/><G130/><T101/><D120/><U12/><E68/><V96/><F115/><W32/><G58/><N who="0" m="35167" /><D121/><U38/><E38/><V27/><F135/><W54/><G57/><N who="0" m="32935" /><D20/><U3/><E67/><V123/><F123/><W91/><G32/><T107/><D107/><U108/><E108/><V41/><F73/><W7/><G31/><T112/><D112/><U22/><E22/><V30/><F75/><W116/><G116/><T64/><D64/><U99/><E99/><V44/><F36/><W117/><G117/><T94/><D102/><U131/><E131/><V63/><F63/><W29/><G29/><T65/><D65/><U21/><E21/><V66/><F66/><W2/><G7/><T134/><D134/><U90/><E90/><N who="2" m="55319" /><F30/><W100/><G100/><T126/><D126/><N who="2" m="48138" /><F41/><W60/><G60/><T34/><D34/><U132/><E132/><V45/><N who="2" m="11776" /><DORA hai="71" /><V18/><AGARI ba="0,0" hai="8,13,18,26,27" m="11776,48138,55319" machi="18" ten="50,3200,0" yaku="4,1,18,1" doraHai="80,71" who="2" fromWho="2" sc="215,-8,355,-8,260,32,170,-16" /><INIT seed="4,0,0,0,5,69" ten="207,347,292,154" oya="0" hai0="45,43,105,127,111,84,109,25,61,104,72,55,94" hai1="99,13,52,82,135,91,130,85,38,1,132,115,48" hai2="60,77,24,116,65,49,125,31,74,32,42,36,131" hai3="121,8,50,78,63,9,88,107,80,118,110,123,19"/><T112/><D72/><U58/><E1/><V34/><F49/><W89/><G107/><T37/><D127/><U90/><E130/><V102/><F102/><W33/><G33/><T23/><D112/><U44/><E115/><V51/><F51/><W134/><G118/><T40/><D40/><N who="1" m="22551" /><E13/><V114/><F114/><W83/><G134/><N who="1" m="51242" /><E99/><V2/><F34/><W73/><G110/><N who="0" m="41995" /><D84/><U68/><E68/><N who="2" m="42023" /><F131/><W98/><G50/><T47/><D94/><U81/><E81/><N who="2" m="45239" /><F2/><W133/><G133/><T57/><D45/><U70/><E70/><V79/><F79/><AGARI ba="0,0" hai="48,52,58,79,82,85,90,91" m="51242,22551" machi="79" ten="30,3900,0" yaku="20,1,52,1,54,1" doraHai="69" who="1" fromWho="2" sc="207,0,347,39,292,-39,154,0" /><INIT seed="5,0,0,1,5,78" ten="207,386,253,154" oya="1" hai0="31,105,62,9,68,55,132,77,34,76,67,36,119" hai1="65,54,61,63,14,135,123,24,28,21,20,103,100" hai2="71,40,90,122,52,35,124,104,17,42,112,108,49" hai3="89,72,99,33,8,46,116,83,88,98,22,94,74"/><U30/><E123/><V117/><F122/><W95/><G33/><T133/><D119/><U0/><E0/><V13/><F71/><W16/><G116/><T48/><D36/><U134/><E14/><V91/><F35/><W29/><G29/><T75/><D105/><U58/><E134/><N who="0" m="51817" /><D9/><U106/><E106/><V7/><F108/><W18/><G46/><N who="0" m="28055" /><D75/><U115/><E115/><V53/><F104/><W50/><G50/><T102/><D102/><U66/><E54/><V27/><F53/><W80/><G22/><T73/><D73/><U64/><E135/><V93/><F112/><W57/><G57/><T38/><D38/><U41/><E41/><V111/><F111/><W25/><G25/><AGARI ba="0,0" hai="25,31,34,62,67,68,76,77" m="28055,51817" machi="25" ten="30,1000,0" yaku="20,1" doraHai="78" who="0" fromWho="3" sc="207,10,386,0,253,0,154,-10" /><INIT seed="6,0,0,5,1,5" ten="217,386,253,144" oya="2" hai0="4,42,16,87,76,47,37,1,67,86,61,54,130" hai1="35,88,3,17,92,26,55,126,132,68,79,31,45" hai2="70,91,99,14,119,29,66,103,60,80,84,85,57" hai3="39,30,112,89,20,114,135,98,69,94,77,7,72"/><V107/><F119/><W51/><G39/><T34/><D34/><U22/><E68/><V10/><F29/><W106/><G69/><T101/><D130/><U104/><E104/><V33/><F33/><W108/><G108/><T59/><D101/><U83/><E132/><V50/><F50/><W6/><G135/><T21/><D76/><U12/><E126/><V93/><F70/><W78/><G51/><T62/><D4/><U125/><E125/><V49/><F49/><W124/><G124/><T116/><D1/><U71/><E71/><V44/><F44/><W38/><G38/><T63/><D116/><U28/><E3/><V13/><F10/><W134/><G134/><T46/><D46/><U27/><E55/><V65/><F66/><W74/><G7/><T118/><D118/><U120/><E45/><V52/><REACH who="2" step="1"/><F65/><REACH who="2" ten="217,386,243,144" step="2"/><W115/><G6/><T32/><D32/><N who="1" m="20511" /><E31/><V36/><F36/><W58/><G58/><T75/><D67/><U102/><E35/><V9/><F9/><W53/><G30/><T133/><D133/><U96/><E22/><V8/><F8/><W121/><G20/><T113/><D59/><U43/><E43/><V105/><F105/><W100/><G53/><T109/><D54/><U41/><E41/><V73/><F73/><N who="3" m="28267" /><G121/><T19/><D21/><U129/><E120/><V25/><F25/><W97/><AGARI ba="0,1" hai="77,78,89,94,97,98,100,106,112,114,115" m="28267" machi="97" ten="40,8000,1" yaku="15,1,11,1,34,2" doraHai="5" who="3" fromWho="3" sc="217,-20,386,-20,243,-40,144,90" /><INIT seed="7,0,0,2,2,43" ten="197,366,203,234" oya="3" hai0="74,73,60,59,118,32,102,46,128,63,42,61,107" hai1="103,90,0,40,69,48,80,82,71,47,28,5,133" hai2="112,127,123,125,98,119,83,7,97,76,99,108,87" hai3="52,88,11,55,27,58,24,130,34,79,113,9,75"/><W13/><G130/><T35/><D118/><U134/><E103/><V114/><F7/><W12/><G113/><N who="2" m="43625" /><F119/><W94/><G75/><T25/><D128/><U65/><E28/><V15/><F15/><N who="3" m="5707" /><G34/><T132/><D132/><N who="1" m="50795" /><E65/><V106/><F108/><W86/><G79/><T121/><D121/><U62/><E62/><V131/><F131/><W36/><G36/><T129/><D129/><U110/><E110/><V2/><F2/><W49/><G55/><T89/><D59/><U56/><E56/><V93/><F123/><W96/><G96/><N who="2" m="36969" /><F106/><W115/><G115/><T18/><D46/><U85/><E5/><V64/><F64/><W92/><G92/><T16/><D107/><U109/><E0/><V23/><F23/><W37/><G37/><T44/><D102/><AGARI ba="0,0" hai="76,83,87,93,99,102,125,127" m="36969,43625" machi="102" ten="30,3900,0" yaku="15,1,34,2" doraHai="43" who="2" fromWho="0" sc="197,-39,366,0,203,39,234,0" owari="158,-34.0,366,47.0,242,4.0,234,-17.0" /></mjloggm>