<mjloggm ver="2.3"><GO type="41"/><UN n0="%70%61%72%75%6F%31%31" n1="%EF%BC%88%E2%89%A7%E2%96%BD%E2%89%A6%EF%BC%89" n2="%50%72%6F%66%2E%47%33" n3="%72%61%79%6C%75%63%6B" dan="15,15,15,14" rate="1979,2058,1991,1880" sx="M,M,M,M"/><TAIKYOKU oya="0"/><INIT seed="0,0,0,0,4,106" ten="250,250,250,250" oya="0" hai0="30,45,125,107,133,42,3,27,0,134,83,65,63" hai1="98,56,115,129,120,123,92,41,60,15,86,126,6" hai2="104,58,112,37,101,110,114,81,128,111,8,39,24" hai3="69,57,64,100,127,90,32,52,46,119,4,71,73"/><T78/><D107/><U130/><E41/><V55/><F8/><W88/><G119/><T33/><D125/><U17/><E6/><V102/><F24/><W75/><G32/><T113/><D113/><N who="2" m="43626" /><F81/><W132/><G100/><N who="2" m="38505" /><F104/><W89/><G4/><T48/><D134/><U34/><E34/><V36/><F55/><W96/><G96/><T94/><D94/><U82/><E115/><V13/><F13/><W53/><G132/><T97/><D97/><U77/><E126/><V85/><F85/><W25/><G127/><T93/><D93/><U84/><E84/><V95/><F95/><W40/><G25/><T51/><D51/><U99/><E99/><V9/><F58/><W62/><G71/><T131/><D133/><U50/><E92/><V10/><F10/><W2/><G2/><T72/><REACH who="0" step="1"/><D131/><REACH who="0" step="2"/><N who="1" m="50187" /><E98/><V66/><F128/><W61/><REACH who="3" step="1"/><G53/><REACH who="3" step="2"/><T54/><D54/><N who="1" m="33815" /><E50/><AGARI ba="0,2" hai="40,46,50,52,57,61,62,64,69,73,75,88,89,90" machi="50" ten="40,8000,1" yaku="1,1,52,2,54,2,53,0" doraHai="106" doraHaiUra="70" who="3" fromWho="1" sc="240,0,250,-80,250,0,240,100" /><INIT seed="1,0,0,3,1,123" ten="240,170,250,340" oya="1" hai0="20,79,94,101,1,115,65,63,4,16,50,14,61" hai1="112,88,48,0,120,114,13,129,42,96,67,46,130" hai2="122,105,133,110,11,103,108,128,87,116,5,55,23" hai3="72,86,106,76,18,40,30,74,9,118,66,33,134"/><U98/><E0/><V29/><F122/><W111/><G106/><T135/><D115/><N who="1" m="44075" /><E13/><V93/><F133/><W54/><G134/><T52/><D135/><U92/><E120/><V83/><F128/><N who="1" m="49257" /><E67/><V127/><F127/><W27/><G66/><T8/><D79/><U97/><AGARI ba="0,0" hai="42,46,48,88,92,96,97,98" m="49257,44075" machi="97" ten="40,3900,0" yaku="19,1,54,1" doraHai="123" who="1" fromWho="1" sc="240,-13,170,39,250,-13,340,-13" /><INIT seed="1,1,0,1,0,102" ten="227,209,237,327" oya="1" hai0="63,84,110,83,8,72,75,98,29,58,51,20,35" hai1="52,94,0,41,106,89,45,99,95,80,44,69,70" hai2="9,85,104,82,90,64,21,11,14,91,43,109,100" hai3="65,103,26,122,24,47,61,81,7,66,55,71,49"/><U93/><E0/><V28/><F109/><W88/><G122/><T36/><D36/><U59/><E80/><V56/><F43/><W53/><G7/><T68/><D110/><U76/><E76/><V62/><F11/><W128/><G128/><T135/><D135/><U32/><E32/><V87/><F100/><W13/><G13/><T125/><D20/><U57/><E106/><V10/><F104/><W54/><G103/><T116/><D116/><U133/><E133/><V3/><F3/><W46/><G66/><T25/><D125/><U118/><E118/><V120/><F120/><W1/><G1/><T101/><D8/><U12/><E12/><V30/><F21/><W117/><G117/><T124/><D51/><U115/><E115/><V97/><F97/><W6/><G6/><T113/><D124/><U105/><E105/><V27/><F27/><W22/><G47/><T40/><D40/><U4/><E4/><N who="2" m="3367" /><F10/><W16/><REACH who="3" step="1"/><G26/><REACH who="3" step="2"/><T31/><D113/><U96/><E45/><V114/><F114/><W126/><G126/><T38/><D101/><U37/><E59/><V129/><F129/><W42/><G42/><T134/><D58/><U108/><E108/><V132/><F132/><W86/><AGARI ba="1,1" hai="16,22,24,46,49,53,54,55,61,65,71,81,86,88" machi="86" ten="30,8000,1" yaku="1,1,0,1,54,2,53,1" doraHai="102" doraHaiUra="60" who="3" fromWho="3" sc="227,-21,209,-41,237,-21,317,93" /><INIT seed="2,0,0,0,2,113" ten="206,168,216,410" oya="2" hai0="90,28,21,91,11,45,27,62,100,37,127,94,39" hai1="66,43,129,123,82,12,120,3,98,117,83,114,86" hai2="81,70,19,7,75,135,130,132,124,126,68,52,77" hai3="58,5,53,107,16,118,105,29,102,31,101,56,93"/><V15/><F7/><W121/><G121/><N who="1" m="46666" /><E3/><V92/><F92/><W61/><G5/><T42/><D127/><N who="2" m="48682" /><F52/><W131/><G105/><T36/><D100/><U10/><E114/><V134/><F130/><W104/><G131/><T84/><D62/><U59/><E129/><V35/><F35/><W99/><G107/><T4/><REACH who="0" step="1"/><D91/><REACH who="0" step="2"/><U74/><E66/><V46/><F46/><W110/><G102/><T44/><D44/><U106/><E106/><V133/><F133/><W25/><G104/><T2/><AGARI ba="0,1" hai="2,4,11,21,27,28,36,37,39,42,45,84,90,94" machi="2" ten="20,2700,0" yaku="1,1,0,1,7,1,53,0" doraHai="113" doraHaiUra="115" who="0" fromWho="0" sc="196,37,168,-7,216,-13,410,-7" /><INIT seed="3,0,0,2,5,9" ten="233,161,203,403" oya="3" hai0="69,62,5,26,73,86,84,29,100,33,22,80,12" hai1="16,112,67,39,66,81,23,54,17,98,0,117,40" hai2="2,50,57,21,127,24,13,46,135,75,60,96,36" hai3="63,59,93,6,70,83,124,11,14,38,8,82,20"/><W131/><G38/><T114/><D114/><U103/><E112/><V122/><F2/><W101/><G70/><T132/><D132/><U113/><E0/><V107/><F135/><W49/><G131/><T90/><D100/><U106/><E113/><V120/><F127/><W10/><G124/><T52/><D73/><U68/><E117/><V58/><F36/><W94/><G49/><T91/><D69/><U51/><E68/><V56/><F75/><W45/><G45/><T85/><D33/><U111/><E111/><V76/><F76/><W133/><G133/><T37/><D37/><U74/><E40/><V110/><F110/><W115/><G115/><T79/><D91/><U61/><E39/><V87/><F87/><W99/><G94/><T15/><D5/><U55/><E61/><V128/><F128/><W1/><G20/><T32/><D32/><U77/><E17/><N who="2" m="10415" /><F24/><W72/><G72/><T4/><D4/><U41/><E41/><N who="2" m="24911" /><F96/><W65/><G10/><T130/><D130/><U109/><E109/><V123/><F107/><W35/><G35/><T125/><D125/><U53/><REACH who="1" step="1"/><E51/><REACH who="1" step="2"/><V105/><F60/><W108/><G108/><T92/><D79/><U47/><E47/><V3/><F3/><W7/><AGARI ba="0,1" hai="1,6,7,8,11,14,59,63,65,82,83,93,99,101" machi="7" ten="20,3900,0" yaku="0,1,7,1,52,1" doraHai="9" who="3" fromWho="3" sc="233,-13,151,-13,203,-13,403,49" /><INIT seed="3,1,0,2,5,127" ten="220,138,190,452" oya="3" hai0="9,67,94,45,41,10,93,97,28,98,35,42,12" hai1="1,0,102,6,80,40,44,134,122,87,14,7,81" hai2="110,89,63,79,131,72,20,135,105,26,125,30,8" hai3="75,17,77,49,65,15,112,68,111,74,62,55,104"/><W48/><G112/><T121/><D121/><U101/><E122/><V32/><F125/><W52/><G104/><T50/><D35/><U38/><E134/><V128/><F135/><W78/><G75/><T34/><D34/><U53/><E53/><V109/><F105/><W27/><G27/><T56/><D28/><U66/><E66/><V120/><F120/><W85/><G74/><T88/><D42/><U108/><E108/><N who="2" m="41579" /><F89/><W114/><G114/><T86/><D86/><U133/><E133/><V19/><F63/><W36/><G36/><T21/><D67/><U47/><E14/><N who="2" m="7623" /><F79/><W58/><G111/><T3/><D3/><N who="1" m="1099" /><E87/><V71/><F72/><W2/><G2/><T70/><D70/><U118/><E40/><V76/><F76/><W100/><G85/><T54/><D21/><U22/><E22/><V115/><F71/><W16/><G100/><N who="0" m="60463" /><D12/><U23/><E23/><V91/><F91/><W31/><G31/><T106/><D106/><U132/><E132/><V103/><F103/><N who="1" m="39433" /><E38/><V18/><F115/><W46/><G17/><T124/><D124/><U37/><E37/><V113/><F113/><W129/><G78/><T95/><D94/><U43/><E43/><V33/><F33/><W59/><G77/><T57/><D41/><U90/><E90/><V4/><F4/><N who="1" m="1577" /><E118/><V25/><AGARI ba="1,0" hai="18,20,25,26,30,32,128,131" m="7623,41579" machi="25" ten="30,8000,1" yaku="14,1,34,2,52,2" doraHai="127" who="2" fromWho="2" sc="220,-21,138,-21,190,83,452,-41" /><INIT seed="4,0,0,4,5,101" ten="199,117,273,411" oya="0" hai0="37,104,93,31,0,95,5,13,25,82,81,135,45" hai1="40,15,74,108,78,130,115,99,39,44,125,67,105" hai2="75,22,127,60,29,2,33,103,117,122,85,94,76" hai3="102,96,113,77,57,62,58,55,98,73,121,61,80"/><T110/><D0/><U92/><E108/><V28/><F117/><W11/><G113/><T118/><D118/><U35/><E35/><V123/><F127/><W84/><G121/><T133/><D37/><U16/><E125/><V66/><F75/><W90/><G11/><N who="0" m="4335" /><D45/><U128/><E67/><V120/><F2/><W51/><G102/><T59/><D59/><U64/><E64/><V3/><F33/><W9/><G9/><T7/><D7/><U34/><E34/><V47/><F3/><W48/><G48/><T12/><D12/><U131/><E115/><V53/><F22/><W79/><G79/><T72/><D104/><U97/><E105/><V111/><F111/><W14/><G14/><T116/><D110/><U114/><E114/><V63/><F103/><W106/><G106/><T23/><D116/><U1/><E1/><V6/><F6/><W87/><G73/><T46/><D46/><U134/><E92/><N who="0" m="35401" /><D72/><U109/><E109/><V19/><F19/><W43/><G43/><T83/><D135/><U42/><E42/><V54/><F47/><W71/><G71/><T129/><D129/><U112/><E134/><V124/><F124/><W89/><G51/><T50/><D50/><U10/><REACH who="1" step="1"/><E112/><REACH who="1" step="2"/><V100/><F123/><W49/><G49/><T41/><D41/><U24/><E24/><V30/><F122/><W18/><G62/><T21/><D133/><U70/><E70/><V88/><F120/><W68/><G68/><T56/><D25/><U26/><E26/><V36/><F66/><W65/><G65/><T4/><D82/><AGARI ba="0,1" hai="10,15,16,39,40,44,74,78,82,97,99,128,130,131" machi="82" ten="40,5200,0" yaku="1,1,19,1,54,1,53,0" doraHai="101" doraHaiUra="32" who="1" fromWho="0" sc="199,-52,107,62,273,0,411,0" /><INIT seed="5,0,0,0,1,27" ten="147,169,273,411" oya="1" hai0="0,31,134,48,133,22,53,81,36,18,54,41,82" hai1="107,4,23,126,88,9,28,51,123,130,49,42,32" hai2="58,30,74,109,12,56,13,52,26,103,110,19,96" hai3="90,47,60,45,113,131,93,55,65,99,11,83,85"/><U84/><E123/><V24/><F74/><W105/><G105/><T127/><D0/><U121/><E121/><V7/><F7/><W35/><G35/><T70/><D70/><U37/><E107/><V129/><F129/><W33/><G33/><T1/><D1/><U3/><E130/><V77/><F77/><W116/><G131/><T68/><D68/><U79/><E32/><V122/><F122/><W112/><G116/><T69/><D69/><U114/><E114/><V92/><F58/><W2/><G2/><T40/><D127/><U98/><E126/><V63/><F12/><W8/><G113/><T38/><D18/><U120/><E120/><V104/><F104/><W72/><G72/><T15/><D15/><U125/><E125/><V67/><F67/><W25/><G25/><T75/><D48/><U118/><E118/><V50/><F63/><W14/><G112/><T132/><D75/><U10/><E10/><V111/><REACH who="2" step="1"/><F30/><REACH who="2" step="2"/><W87/><G14/><T108/><D134/><U117/><E117/><V78/><F78/><W102/><G65/><T29/><REACH who="0" step="1"/><D22/><AGARI ba="0,1" hai="13,19,22,24,26,50,52,56,92,96,103,109,110,111" machi="22" ten="40,2600,0" yaku="1,1,54,1,53,0" doraHai="27" doraHaiUra="115" who="2" fromWho="0" sc="147,-26,169,0,263,36,411,0" /><INIT seed="6,0,0,2,4,30" ten="121,169,299,411" oya="2" hai0="111,20,42,64,46,13,5,37,110,25,122,126,39" hai1="113,73,112,116,18,107,60,26,125,22,15,78,123" hai2="128,28,4,62,40,38,121,41,119,68,47,35,27" hai3="94,102,29,118,84,80,101,10,7,59,103,129,127"/><V66/><F121/><W77/><G118/><T45/><D122/><U23/><E116/><V57/><F128/><W85/><G29/><T56/><D126/><U71/><E123/><V69/><F119/><W9/><G127/><T76/><D76/><U87/><E125/><V106/><F4/><W16/><G129/><T134/><D134/><U92/><E107/><V93/><F106/><W36/><G36/><T81/><D81/><N who="1" m="45263" /><E87/><V32/><F41/><W130/><G130/><T120/><D120/><U96/><E60/><V108/><F108/><W2/><G59/><T97/><D97/><U17/><E71/><V54/><F93/><W55/><G55/><T99/><D99/><U34/><E92/><V75/><F75/><W50/><G50/><T74/><D74/><U117/><E96/><V124/><F124/><W61/><G61/><N who="0" m="37927" /><D45/><U52/><E52/><V132/><F132/><W89/><REACH who="3" step="1"/><G103/><REACH who="3" step="2"/><T21/><D111/><U31/><E117/><V79/><F69/><W63/><G63/><T90/><D110/><U67/><E31/><V115/><F115/><N who="1" m="44105" /><E67/><V70/><F70/><W72/><G72/><T8/><D39/><U88/><E22/><N who="2" m="15479" /><F79/><W82/><G82/><T133/><D133/><U53/><E23/><N who="0" m="8777" /><D90/><U1/><E88/><V105/><F105/><W51/><G51/><AGARI ba="0,1" hai="32,35,38,40,47,51,54,57,62,66,68" m="15479" machi="51" ten="30,5800,0" yaku="24,1,52,2" doraHai="30" who="2" fromWho="3" sc="121,0,169,0,299,68,401,-58" /><INIT seed="6,1,0,5,5,17" ten="121,169,367,343" oya="2" hai0="60,30,29,98,75,125,43,114,66,76,122,51,119" hai1="115,105,3,92,58,2,71,22,26,53,47,37,112" hai2="62,13,42,39,31,103,27,82,74,14,128,16,40" hai3="88,33,8,79,15,93,96,12,123,90,61,21,131"/><V67/><F128/><W28/><G123/><T7/><D122/><U64/><E105/><V50/><F39/><W117/><G33/><T85/><D75/><U4/><E4/><V104/><F13/><W68/><G117/><T100/><D119/><U118/><E118/><V56/><F104/><W25/><G131/><T132/><D7/><U69/><E92/><V80/><F103/><W126/><G126/><T11/><D125/><U129/><E129/><V121/><F121/><W109/><G109/><T1/><D1/><N who="1" m="11" /><E64/><V108/><F108/><W20/><G79/><T10/><D132/><U102/><E102/><V83/><F74/><W5/><G68/><T133/><D114/><N who="1" m="43563" /><E47/><V46/><F40/><W45/><G45/><N who="0" m="26047" /><D133/><U19/><E37/><V86/><F27/><W116/><G116/><T70/><D70/><U23/><E23/><N who="2" m="11671" /><F31/><N who="0" m="11786" /><D98/><U52/><E53/><V97/><F97/><W106/><G106/><T99/><D99/><U113/><N who="1" m="43571" /><U59/><DORA hai="73" /><E59/><V134/><F134/><W41/><G41/><T0/><D0/><U81/><E81/><V24/><F24/><W94/><G15/><T36/><D36/><U110/><E110/><V130/><F130/><W87/><G61/><AGARI ba="1,0" hai="19,22,26,52,58,61,69,71" m="43571,11" machi="61" ten="40,5200,0" yaku="15,1,52,1,54,1" doraHai="17,73" who="1" fromWho="3" sc="121,0,169,55,367,0,343,-55" /><INIT seed="7,0,0,4,0,114" ten="121,224,367,288" oya="3" hai0="120,64,121,51,7,97,24,9,55,53,41,47,65" hai1="16,101,89,27,87,100,105,36,104,20,106,124,6" hai2="118,50,3,23,21,126,112,22,80,45,25,70,59" hai3="30,18,39,5,115,75,14,4,95,44,83,85,129"/><W40/><G115/><T117/><D97/><U52/><E124/><V82/><F118/><W131/><G30/><T17/><D41/><U29/><E36/><V61/><F126/><W19/><G75/><T60/><D7/><U11/><E29/><V8/><F112/><W122/><G95/><T96/><D96/><U76/><E76/><V13/><F70/><W91/><G122/><T125/><D125/><U31/><E31/><V62/><F3/><W35/><G35/><T111/><D9/><U90/><E90/><V26/><F82/><W69/><G69/><T109/><D17/><U34/><E34/><V108/><F80/><W58/><G58/><T72/><D24/><N who="2" m="9322" /><F59/><W49/><G39/><T102/><D102/><U38/><E38/><V133/><F108/><W1/><G1/><T81/><D81/><U73/><E73/><V132/><F133/><W78/><G91/><T2/><D72/><U123/><E123/><V84/><F84/><W10/><REACH who="3" step="1"/><G5/><REACH who="3" step="2"/><T63/><D2/><U56/><E89/><V130/><F132/><W12/><G12/><T67/><D67/><U77/><E77/><V94/><F94/><W86/><G86/><T116/><D47/><U79/><E79/><V28/><F28/><W135/><G135/><T46/><D46/><U103/><E87/><V66/><F13/><W54/><G54/><T110/><D110/><U42/><E6/><V48/><F66/><W15/><G15/><T57/><D57/><U119/><E56/><V134/><F134/><W127/><G127/><T68/><D68/><U99/><E104/><V128/><F45/><RYUUKYOKU ba="0,1" sc="121,15,224,-15,367,-15,278,15" hai0="51,53,55,60,63,64,65,109,111,116,117,120,121" hai3="4,10,14,18,19,40,44,49,78,83,85,129,131" /><INIT seed="7,1,1,5,0,131" ten="136,209,352,293" oya="3" hai0="60,71,44,109,127,0,87,14,57,30,22,116,115" hai1="78,101,54,82,51,19,69,117,13,125,63,16,1" hai2="126,91,75,5,84,135,124,92,96,66,70,77,86" hai3="18,33,59,121,97,20,7,47,110,85,24,28,79"/><W58/><G121/><T8/><D116/><U12/><E117/><V111/><F5/><W103/><G7/><T17/><D109/><U114/><E1/><V55/><F135/><W40/><G110/><T90/><D71/><U119/><E119/><V21/><F111/><W26/><G85/><T11/><D127/><N who="2" m="48682" /><F55/><W128/><G79/><T88/><D0/><U98/><E82/><N who="2" m="45375" /><F21/><W122/><G128/><T72/><D72/><U65/><E13/><V41/><F41/><W10/><G10/><T2/><D2/><U106/><E51/><V45/><F45/><W99/><G122/><T129/><D129/><U133/><E19/><V83/><F83/><W56/><REACH who="3" step="1"/><G103/><REACH who="3" step="2"/><T73/><D73/><U61/><E101/><V38/><F38/><AGARI ba="1,2" hai="18,20,24,26,28,33,38,40,47,56,58,59,97,99" machi="38" ten="40,12000,1" yaku="1,1,2,1,53,2" doraHai="131" doraHaiUra="94" who="3" fromWho="2" sc="136,0,209,0,352,-123,283,143" owari="136,-36.0,209,-19.0,229,3.0,426,52.0" /></mjloggm>