<mjloggm ver="2.3"><GO type="65"/><UN n0="%E3%81%82%E3%82%84%E3%81%8B%E3%82%8A%E3%82%93" n1="%E3%83%8F%E3%83%83%E3%83%88%E3%83%AA%E5%90%9B" n2="%EF%BC%88%E2%89%A7%E2%96%BD%E2%89%A6%EF%BC%89" n3="%46%45%49%4C%4F%4E%47" dan="9,6,8,9" rate="1653,1603,1803,1310" sx="F,M,M,M"/><TAIKYOKU oya="0"/><INIT seed="0,0,0,0,5,67" ten="250,250,250,250" oya="0" hai0="70,17,19,0,41,76,16,50,25,54,121,55,124" hai1="96,91,118,79,29,126,128,123,111,3,46,40,24" hai2="100,74,125,2,13,48,117,30,103,93,129,122,45" hai3="65,130,32,37,26,132,110,113,51,63,120,43,31"/><T34/><D121/><U85/><E123/><V61/><F122/><W23/><G120/><RYUUKYOKU type="kaze4" ba="0,0" sc="250,0,250,0,250,0,250,0" /><INIT seed="0,1,0,4,3,132" ten="250,250,250,250" oya="0" hai0="28,44,61,42,97,53,110,92,80,93,34,74,33" hai1="126,59,32,50,131,26,83,21,45,108,127,101,10" hai2="84,95,30,27,23,68,37,43,3,4,89,29,98" hai3="18,104,82,76,31,9,133,12,56,112,5,67,25"/><T47/><D110/><U105/><E105/><V115/><F115/><W116/><G133/><T54/><D74/><U120/><E101/><V109/><F109/><W79/><G104/><T46/><D80/><U86/><E108/><V24/><F68/><W11/><G112/><T41/><D46/><U35/><E120/><V38/><F43/><W107/><G107/><T52/><D28/><U39/><E39/><V8/><REACH who="2" step="1"/><F98/><REACH who="2" step="2"/><W125/><G116/><T121/><D54/><U55/><E131/><V57/><F57/><W113/><G113/><T100/><D97/><U96/><E96/><V91/><F91/><W70/><G56/><T90/><D90/><U119/><E119/><V63/><F63/><W114/><G114/><T49/><D61/><U15/><E59/><V48/><F48/><W17/><G70/><T88/><D49/><U72/><E72/><V36/><F36/><W14/><G67/><T102/><REACH who="0" step="1"/><D88/><REACH who="0" step="2"/><U87/><E83/><V66/><F66/><W58/><G58/><T7/><D7/><U64/><E64/><V6/><F6/><W1/><G82/><T73/><D73/><U81/><E81/><V129/><F129/><W122/><G5/><T51/><D51/><U134/><E134/><V0/><F0/><W71/><G1/><T117/><D117/><U106/><E55/><V111/><F111/><W135/><G135/><T99/><D99/><U62/><E62/><V19/><F19/><W40/><G71/><T124/><D124/><U16/><E127/><V128/><F128/><W65/><G125/><T13/><D13/><U123/><E126/><RYUUKYOKU ba="1,2" sc="240,15,250,-15,240,15,250,-15" hai0="33,34,41,42,44,47,52,53,92,93,100,102,121" hai2="3,4,8,23,24,27,29,30,37,38,84,89,95" /><INIT seed="0,2,2,4,0,18" ten="255,235,255,235" oya="0" hai0="123,121,22,97,110,41,105,61,65,21,67,81,131" hai1="42,90,117,104,107,75,31,57,129,6,102,23,46" hai2="91,3,72,84,9,32,11,62,70,88,40,134,125" hai3="99,37,36,119,118,76,15,56,108,78,135,27,14"/><T30/><D131/><U74/><E117/><V52/><F72/><W85/><G119/><T69/><D30/><U132/><E6/><V35/><F134/><W79/><G118/><T130/><D130/><U17/><E129/><V51/><F125/><W4/><G4/><T47/><D65/><U113/><E132/><V66/><F40/><W55/><G135/><T80/><D110/><U24/><E113/><V7/><F11/><W29/><G108/><T20/><D97/><U100/><E75/><V109/><F109/><W25/><G99/><T2/><D105/><U58/><E74/><V124/><F124/><W71/><G71/><T54/><D54/><U126/><E126/><V103/><F103/><W60/><G85/><T0/><D80/><U12/><E107/><V82/><REACH who="2" step="1"/><F91/><REACH who="2" step="2"/><W89/><G89/><T50/><REACH who="0" step="1"/><D81/><REACH who="0" step="2"/><U19/><E42/><V13/><F13/><W114/><G114/><T59/><D59/><AGARI ba="2,4" hai="3,7,9,32,35,51,52,59,62,66,70,82,84,88" machi="59" ten="30,7700,0" yaku="1,1,7,1,54,2,53,0" doraHai="18" doraHaiUra="96" who="2" fromWho="0" sc="245,-83,235,0,245,123,235,0" /><INIT seed="1,0,0,3,2,133" ten="162,235,368,235" oya="1" hai0="6,95,0,18,120,63,52,97,19,75,96,50,106" hai1="62,98,134,113,54,69,79,83,16,87,86,38,118" hai2="15,30,61,117,51,104,111,101,66,49,64,90,33" hai3="121,72,42,9,88,110,115,109,43,34,14,4,124"/><U3/><E38/><V102/><F117/><W67/><G115/><T74/><D120/><U5/><E118/><V112/><F112/><W48/><G121/><T26/><D63/><U1/><E113/><V130/><F130/><W107/><G107/><T119/><D119/><U89/><E134/><V93/><F111/><N who="3" m="42507" /><G72/><T28/><D106/><U36/><E36/><V129/><F129/><W46/><G88/><T24/><D95/><U70/><E70/><V105/><F105/><W47/><G34/><T91/><D91/><U12/><E98/><N who="0" m="37993" /><D52/><U76/><E5/><V21/><F104/><W123/><G123/><T73/><D50/><U27/><E27/><N who="0" m="10281" /><D6/><U132/><E132/><V59/><F49/><N who="3" m="26839" /><G14/><T41/><D28/><U13/><E13/><V35/><F15/><W22/><G4/><T17/><D41/><U44/><E79/><V114/><F90/><W60/><G9/><T53/><D53/><U23/><E69/><V84/><F114/><W99/><G99/><T103/><D103/><U122/><E122/><V78/><F102/><W81/><G81/><T100/><D100/><U82/><E62/><V10/><F101/><W56/><G22/><T108/><D108/><U40/><E40/><V7/><F21/><W135/><G135/><T8/><D8/><U39/><E39/><V37/><F10/><W57/><G57/><T25/><N who="0" m="10289" /><T58/><DORA hai="32" /><D58/><U55/><REACH who="1" step="1"/><E44/><REACH who="1" step="2"/><V131/><F7/><W71/><G124/><T94/><D94/><U11/><E11/><V68/><F93/><W80/><G80/><T128/><D128/><U31/><E31/><RYUUKYOKU ba="0,1" sc="162,10,225,10,368,-30,235,10" hai0="0,17,18,19,73,74,75" hai1="1,3,12,16,23,54,55,76,82,83,86,87,89" hai3="43,47,48,56,60,67,71" /><INIT seed="1,1,1,0,0,15" ten="172,235,338,245" oya="1" hai0="119,112,23,13,74,66,126,76,38,106,117,101,44" hai1="107,135,56,120,99,47,43,75,134,57,113,121,97" hai2="22,58,18,11,95,118,69,73,28,6,0,132,49" hai3="110,127,62,33,12,54,103,114,79,20,52,124,29"/><U32/><E32/><V59/><F118/><N who="0" m="45066" /><D23/><U90/><E75/><V80/><F69/><W55/><G114/><T109/><D13/><U105/><E113/><V111/><F111/><W116/><G116/><T42/><D112/><U68/><E68/><V37/><F37/><W50/><G110/><T39/><D66/><U125/><E125/><N who="3" m="48202" /><G103/><T19/><D19/><U130/><E130/><V45/><F132/><N who="1" m="50729" /><E90/><V104/><F104/><N who="1" m="40009" /><E43/><V14/><F95/><W98/><G98/><N who="1" m="37386" /><E47/><V128/><F128/><W24/><G12/><T27/><D126/><U63/><E63/><V77/><F28/><W9/><G9/><T17/><D17/><U94/><E94/><V108/><F108/><W72/><G20/><T10/><D109/><U48/><E48/><V93/><F93/><W35/><G62/><T61/><D61/><U96/><N who="1" m="37394" /><U70/><DORA hai="64" /><E70/><V102/><F102/><W83/><G35/><T60/><D101/><U16/><E16/><V53/><AGARI ba="1,1" hai="0,6,11,14,18,22,45,49,53,58,59,73,77,80" machi="53" ten="20,2700,0" yaku="0,1,7,1,52,1" doraHai="15,64" who="2" fromWho="2" sc="172,-8,235,-14,338,40,245,-8" /><INIT seed="2,0,0,5,5,101" ten="164,221,378,237" oya="2" hai0="0,64,66,44,100,72,40,91,43,37,68,17,67" hai1="31,29,134,83,39,5,111,127,61,81,73,115,114" hai2="15,19,70,82,132,89,50,54,125,88,36,120,106" hai3="57,9,130,27,124,84,75,3,42,53,22,16,26"/><V12/><F120/><W20/><G124/><T46/><D17/><U69/><E73/><V71/><F36/><W104/><G130/><T113/><D0/><U32/><E39/><V11/><F106/><W28/><G104/><T108/><D91/><U25/><E31/><V1/><F1/><W98/><G75/><T49/><D100/><U8/><E127/><V58/><F125/><W105/><G3/><T99/><D72/><U90/><E90/><N who="2" m="34923" /><F132/><W6/><G105/><T33/><D99/><U30/><E83/><V41/><F71/><W56/><G98/><T119/><D33/><U18/><E18/><N who="2" m="8479" /><F70/><W14/><G84/><T96/><D96/><U51/><E51/><V48/><F82/><W86/><G86/><T65/><N who="0" m="16384" /><DORA hai="102" /><T128/><D119/><U118/><E81/><V129/><F129/><W93/><G93/><T112/><D128/><U24/><E61/><N who="2" m="36055" /><F41/><W10/><G10/><AGARI ba="0,0" hai="10,15,19,48,50" m="36055,8479,34923" machi="10" ten="30,2900,0" yaku="8,1,54,1" doraHai="101,102" who="2" fromWho="3" sc="164,0,221,0,378,29,237,-29" /><INIT seed="2,1,0,1,0,76" ten="164,221,407,208" oya="2" hai0="102,115,88,23,59,47,110,15,63,83,95,120,124" hai1="51,50,48,134,56,9,34,1,74,43,46,112,111" hai2="96,87,103,92,13,45,29,4,0,68,39,123,89" hai3="126,91,22,17,31,30,109,36,131,53,108,35,16"/><V69/><F123/><W71/><G91/><T3/><D110/><N who="3" m="42601" /><G71/><T82/><D115/><U41/><E34/><V38/><F0/><W135/><G53/><N who="0" m="34287" /><D3/><U114/><E1/><V28/><F69/><W116/><G36/><T11/><D120/><U37/><E9/><N who="2" m="4263" /><F68/><W2/><G2/><T55/><D102/><U65/><E74/><V132/><F132/><W98/><G98/><N who="0" m="57703" /><D23/><U10/><E10/><V42/><F38/><W93/><G93/><T60/><D124/><U61/><E134/><V130/><F39/><W72/><G135/><T119/><D119/><U24/><E24/><V101/><F130/><W19/><G116/><T27/><D27/><U58/><E111/><V26/><F103/><W122/><G72/><T133/><D133/><U52/><E114/><V70/><F70/><W100/><G100/><T81/><D47/><N who="1" m="23983" /><E112/><V128/><F128/><W5/><G5/><N who="0" m="3567" /><D55/><U66/><E66/><V121/><F26/><W62/><G126/><T78/><D78/><U33/><E33/><V80/><F121/><W12/><G122/><T14/><D60/><AGARI ba="1,0" hai="43,46,48,50,51,52,56,58,60,61,65" m="23983" machi="60" ten="30,12000,2" yaku="35,5,54,1" doraHai="76" who="1" fromWho="0" sc="164,-123,221,123,407,0,208,0" /><INIT seed="3,0,0,3,0,28" ten="41,344,407,208" oya="3" hai0="69,40,134,54,114,132,60,35,71,85,128,61,43" hai1="101,102,93,23,92,15,9,72,7,52,91,121,83" hai2="18,44,8,75,78,42,30,131,81,117,48,112,118" hai3="74,17,10,119,4,12,133,3,24,5,64,76,70"/><W116/><G119/><T113/><D35/><U41/><E121/><V103/><F112/><N who="0" m="43114" /><D85/><U105/><E105/><V94/><F131/><W59/><G116/><T66/><D54/><U97/><E41/><N who="0" m="15945" /><D66/><U22/><E72/><V90/><F103/><W46/><G133/><N who="0" m="51307" /><D128/><U16/><E23/><V36/><F118/><W115/><G64/><T107/><D107/><U127/><E127/><V53/><F117/><W14/><G74/><T109/><D109/><U0/><E93/><V65/><F65/><W88/><G88/><T39/><D39/><U27/><E0/><V96/><F36/><W1/><G76/><T124/><D124/><U29/><E29/><V56/><F30/><W33/><G115/><T104/><D104/><U63/><E83/><V21/><F42/><W38/><G38/><T31/><D31/><U2/><E2/><V79/><F78/><W95/><G95/><T106/><D106/><U32/><E32/><V37/><F37/><W20/><G20/><T122/><D122/><U111/><E111/><V108/><F108/><W45/><G33/><T47/><D47/><U87/><E87/><V13/><F44/><W6/><G46/><T100/><D100/><U55/><E55/><V57/><F21/><W82/><G45/><T50/><D50/><U130/><E130/><V126/><F126/><W86/><G82/><T49/><D49/><U123/><E123/><V125/><F125/><W98/><G86/><T58/><D58/><AGARI ba="0,0" hai="7,9,15,16,22,27,52,58,63,91,92,97,101,102" machi="58" ten="40,8000,1" yaku="25,2,8,1,54,2" doraHai="28" who="1" fromWho="0" sc="41,-80,344,80,407,0,208,0" owari="-39,-54,424,52,407,21,208,-19" /></mjloggm>