<mjloggm ver="2.3"><GO type="169"/><UN n0="%E3%83%A4%E3%82%AD%E3%83%B3" n1="%E3%81%84%E3%81%A1%E3%81%8B%E3%82%8F%E2%99%AA" n2="%E3%81%99%E3%81%9F%E3%83%BC%E3%82%89%E3%81%84%E3%81%A8%E3%81%B3%E3%83%BC" n3="%EF%BC%88%E2%89%A7%E2%96%BD%E2%89%A6%EF%BC%89" dan="16,17,16,18" rate="2105,2206,2091,2235" sx="M,M,F,M"/><TAIKYOKU oya="0"/><INIT seed="0,0,0,5,5,23" ten="250,250,250,250" oya="0" hai0="123,24,48,7,8,56,14,130,49,87,112,47,125" hai1="84,126,93,127,98,69,4,39,122,73,20,30,66" hai2="62,16,18,106,34,91,55,100,129,59,101,78,90" hai3="82,79,119,35,85,96,94,115,76,52,107,68,0"/><T25/><D112/><U81/><E39/><V110/><F110/><W83/><G0/><T31/><D123/><U60/><E73/><V97/><F129/><W53/><G68/><T64/><D130/><U118/><E4/><V77/><F34/><W1/><G1/><T42/><D125/><U27/><E118/><V108/><F108/><W74/><G119/><T121/><D121/><U116/><E116/><V88/><REACH who="2" step="1"/><F101/><REACH who="2" ten="250,250,240,250" step="2"/><W10/><G35/><T11/><D11/><U29/><E122/><V36/><F36/><W92/><G115/><T40/><D31/><U102/><REACH who="1" step="1"/><E30/><REACH who="1" ten="250,240,240,250" step="2"/><V13/><F13/><W95/><REACH who="3" step="1"/><G10/><REACH who="3" ten="250,240,240,240" step="2"/><T89/><D8/><U46/><E46/><V67/><F67/><W3/><G3/><T37/><D47/><U61/><E61/><V6/><F6/><W132/><G132/><T131/><D7/><U71/><E71/><V21/><F21/><W86/><G86/><T133/><D87/><U134/><E134/><V104/><F104/><W51/><G51/><T111/><D49/><U109/><E109/><V22/><F22/><W70/><G70/><T33/><D48/><U5/><E5/><V75/><F75/><W57/><G57/><T135/><D56/><U45/><E45/><V103/><F103/><AGARI ba="0,3" hai="52,53,74,76,79,82,83,85,92,94,95,96,103,107" machi="103" ten="40,2600,0" yaku="1,1,54,1,53,0" doraHai="23" doraHaiUra="41" who="3" fromWho="2" sc="250,0,240,0,240,-26,240,56" /><INIT seed="1,0,0,0,0,104" ten="250,240,214,296" oya="1" hai0="128,40,55,74,6,133,123,14,101,48,2,102,78" hai1="68,134,110,93,99,95,77,135,22,27,73,97,39" hai2="4,23,70,94,125,86,66,85,44,80,51,29,62" hai3="38,103,92,15,17,8,21,54,88,107,131,37,63"/><U3/><E3/><V31/><F125/><W53/><G131/><T119/><D2/><U47/><E68/><V108/><F108/><W9/><G107/><T111/><D40/><U126/><E126/><V0/><F0/><W113/><G103/><T89/><D119/><U98/><E110/><V105/><F105/><W118/><G113/><T122/><D111/><U24/><E47/><V32/><F32/><W124/><G118/><T82/><D128/><U67/><E39/><V81/><F4/><W36/><G124/><T13/><D89/><U35/><E67/><V10/><F10/><W106/><G106/><T52/><D55/><U11/><E11/><V33/><F94/><N who="1" m="35849" /><E22/><V121/><F23/><W117/><G117/><T34/><D34/><U130/><E35/><V1/><F121/><N who="0" m="46090" /><D133/><N who="1" m="50699" /><E130/><V18/><F18/><W90/><G90/><T127/><D127/><U79/><E73/><V42/><F33/><W112/><G54/><T129/><D129/><U46/><E46/><V87/><REACH who="2" step="1"/><F1/><REACH who="2" ten="250,240,204,296" step="2"/><W72/><G9/><N who="0" m="4279" /><D14/><U7/><E7/><V60/><F60/><W45/><G63/><T83/><D83/><AGARI ba="0,1" hai="29,31,42,44,51,62,66,70,80,81,83,85,86,87" machi="83" ten="40,2600,0" yaku="1,1,53,1" doraHai="104" doraHaiUra="57" who="2" fromWho="0" sc="250,-26,240,0,204,36,296,0" /><INIT seed="2,0,0,0,0,55" ten="224,240,240,296" oya="2" hai0="24,102,44,77,114,0,72,83,9,32,119,88,60" hai1="2,111,73,116,37,64,103,98,93,13,12,5,133" hai2="130,38,42,51,26,65,79,63,70,59,61,132,104" hai3="56,50,54,126,71,106,67,95,76,53,122,108,120"/><V113/><F104/><W48/><G106/><T82/><D114/><U127/><E73/><V97/><F113/><W46/><G76/><T90/><D102/><U101/><E37/><V123/><F79/><W18/><G126/><T7/><D119/><U96/><E116/><V86/><F86/><W84/><G108/><T49/><D83/><U14/><E127/><V43/><F97/><W94/><G18/><T36/><D60/><U1/><E133/><V20/><F123/><W66/><G71/><T52/><REACH who="0" step="1"/><D36/><REACH who="0" ten="214,240,240,296" step="2"/><U112/><E112/><V131/><F38/><W30/><G122/><T58/><D58/><U80/><E80/><V75/><F132/><W21/><G120/><T105/><D105/><U45/><E45/><V6/><F75/><W34/><G94/><T109/><D109/><U125/><E111/><V92/><F51/><W87/><G95/><T89/><D89/><U129/><E125/><V47/><F92/><W8/><G50/><T19/><D19/><U3/><E129/><N who="2" m="49163" /><F6/><W124/><G48/><T121/><D121/><U22/><E5/><V16/><F47/><W57/><G46/><T35/><D35/><U41/><E93/><V118/><F118/><W91/><G34/><T78/><D78/><U10/><E103/><V69/><F69/><W134/><G91/><T17/><D17/><U31/><E101/><V28/><F28/><AGARI ba="0,1" hai="0,7,9,24,28,32,44,49,52,72,77,82,88,90" machi="28" ten="40,8000,1" yaku="1,1,54,2,53,1" doraHai="55" doraHaiUra="107" who="0" fromWho="2" sc="214,90,240,0,240,-80,296,0" /><INIT seed="3,0,0,1,0,56" ten="304,240,160,296" oya="3" hai0="109,119,52,7,1,135,46,32,64,93,2,105,74" hai1="68,15,28,39,20,12,26,107,31,62,94,123,59" hai2="96,80,27,3,118,112,116,29,63,25,42,24,90" hai3="108,115,38,85,79,104,76,110,127,129,21,99,40"/><W22/><G115/><T113/><D105/><U49/><E107/><V11/><F112/><W0/><G0/><T78/><D32/><U43/><E39/><V5/><F42/><W48/><G38/><T126/><D119/><U54/><E31/><V47/><F47/><N who="3" m="25703" /><G127/><T35/><D64/><U51/><E123/><V82/><F29/><W55/><G129/><T72/><D93/><U73/><E73/><V4/><F4/><W37/><G37/><T34/><D7/><U45/><E68/><V6/><F6/><W130/><G130/><T103/><D126/><U41/><E41/><V124/><F124/><W17/><G55/><T87/><D52/><U36/><E36/><V69/><F82/><N who="3" m="47303" /><G79/><T102/><D78/><U89/><REACH who="1" step="1"/><E51/><REACH who="1" ten="304,230,160,296" step="2"/><V114/><F114/><W33/><G104/><T66/><D113/><U67/><E67/><V132/><F118/><W9/><G110/><T44/><D109/><U81/><E81/><V117/><F80/><W75/><G108/><T106/><D106/><U8/><E8/><V70/><F70/><W23/><G75/><T133/><D66/><U58/><E58/><V97/><F117/><W83/><G83/><T98/><D74/><U131/><E131/><V125/><F116/><W77/><G9/><T16/><D72/><U19/><E19/><V10/><F10/><W60/><G17/><T50/><D16/><U57/><E57/><V18/><F18/><W84/><G77/><T128/><D128/><U101/><E101/><V100/><F125/><W120/><G120/><T121/><D121/><U65/><E65/><V134/><F11/><RYUUKYOKU ba="0,1" sc="304,-10,230,30,160,-10,296,-10" hai1="12,15,20,26,28,43,45,49,54,59,62,89,94" /><INIT seed="4,1,1,0,2,60" ten="294,260,150,286" oya="0" hai0="0,96,21,53,70,19,16,71,83,37,107,104,36" hai1="67,4,42,14,51,18,46,59,49,79,112,116,78" hai2="82,90,29,17,2,40,80,101,75,120,8,48,52" hai3="100,132,58,128,13,122,129,95,134,110,5,1,133"/><T125/><D0/><U119/><E4/><V56/><F120/><W91/><G110/><T92/><D71/><U115/><E79/><V61/><F101/><W103/><G1/><T41/><D125/><U54/><E78/><V50/><F75/><W131/><G58/><T73/><D73/><U44/><E18/><V43/><F29/><W47/><G47/><T63/><D83/><U124/><E14/><V111/><F111/><W65/><G65/><T39/><D41/><N who="2" m="15946" /><F2/><W74/><G122/><T9/><D9/><U106/><E106/><V62/><F8/><N who="3" m="4239" /><G74/><T38/><D38/><U85/><E85/><AGARI ba="1,1" hai="85,91,95,100,103,128,129,131,132,133,134" m="4239" machi="85" ten="40,2600,0" yaku="19,1,20,1" doraHai="60" who="3" fromWho="1" sc="294,0,260,-29,150,0,286,39" /><INIT seed="5,0,0,3,5,92" ten="294,231,150,325" oya="1" hai0="101,103,0,112,16,82,26,114,45,65,4,83,2" hai1="41,72,90,23,12,69,130,124,100,127,91,46,131" hai2="8,6,50,28,75,30,89,109,14,27,64,34,107" hai3="88,49,62,95,21,70,125,122,39,120,74,97,93"/><U106/><E69/><V77/><F109/><W87/><G74/><T18/><D65/><U9/><E23/><V63/><F77/><W53/><G39/><T113/><D45/><U117/><E72/><V134/><F75/><W56/><G125/><N who="1" m="48202" /><E117/><V68/><F134/><W35/><G35/><T123/><D123/><U102/><E90/><V115/><F115/><W116/><G116/><T80/><D4/><N who="1" m="3111" /><E91/><V86/><F30/><W78/><G78/><T61/><D26/><U66/><E66/><V36/><F36/><W111/><G111/><T71/><D71/><U15/><E15/><V59/><F107/><W85/><G70/><T47/><D47/><U51/><E106/><V118/><F118/><W29/><G120/><T104/><D104/><U19/><E19/><N who="0" m="7209" /><D61/><U96/><E96/><V38/><F38/><W133/><G62/><T31/><D31/><U55/><E41/><V48/><REACH who="2" step="1"/><F68/><REACH who="2" ten="294,231,140,325" step="2"/><W98/><G122/><T5/><D0/><U44/><E131/><V119/><F119/><W76/><G76/><T110/><D110/><U22/><E130/><V108/><F108/><W13/><G133/><T52/><D2/><U20/><E20/><V3/><F3/><W129/><G129/><T43/><D114/><U94/><E22/><V126/><F126/><W7/><G29/><T33/><D113/><U79/><E79/><V24/><F24/><W135/><G135/><T17/><D112/><U132/><E132/><V81/><AGARI ba="0,1" hai="6,8,14,27,28,34,48,50,59,63,64,81,86,89" machi="81" ten="20,5200,0" yaku="1,1,0,1,7,1,53,1" doraHai="92" doraHaiUra="10" who="2" fromWho="2" sc="294,-13,231,-26,140,62,325,-13" /><INIT seed="6,0,0,5,2,57" ten="281,205,202,312" oya="2" hai0="3,8,48,94,12,31,27,10,61,20,55,64,34" hai1="35,86,39,60,0,77,68,46,125,69,127,23,70" hai2="130,133,62,72,42,118,117,115,29,90,116,59,85" hai3="18,93,100,13,96,1,58,119,14,112,122,56,37"/><V124/><F72/><W102/><G37/><T44/><D3/><U107/><E35/><V22/><F42/><W73/><G73/><T28/><D28/><U83/><E0/><V24/><F115/><W80/><G1/><T41/><D41/><N who="1" m="22847" /><E23/><V109/><F109/><W15/><G122/><T50/><D50/><U135/><E107/><V49/><F133/><W67/><G119/><T104/><D104/><U76/><E76/><V106/><F106/><W7/><G7/><T63/><D64/><N who="1" m="40967" /><E135/><V79/><F79/><W36/><G36/><T5/><D34/><U101/><E101/><V25/><F130/><W74/><G102/><T30/><D30/><U95/><E95/><V128/><F128/><W134/><G134/><T120/><D10/><U21/><E21/><V43/><F124/><AGARI ba="0,0" hai="69,70,77,83,86,124,125,127" m="40967,22847" machi="124" ten="30,2000,0" yaku="18,1,52,1" doraHai="57" who="1" fromWho="2" sc="281,0,205,20,202,-20,312,0" /><INIT seed="7,0,0,5,5,79" ten="281,225,182,312" oya="3" hai0="107,127,23,56,129,109,135,118,112,97,72,3,63" hai1="90,51,69,8,120,52,85,94,117,98,96,53,93" hai2="12,43,0,128,16,10,111,101,95,4,13,49,76" hai3="68,55,25,1,7,47,92,82,67,18,108,122,114"/><W9/><G122/><T84/><RYUUKYOKU type="yao9" ba="0,0" sc="281,0,225,0,182,0,312,0" hai0="3,23,56,63,72,84,97,107,109,112,118,127,129,135" /><INIT seed="7,1,0,2,5,64" ten="281,225,182,312" oya="3" hai0="126,133,130,93,91,12,73,27,87,0,97,125,5" hai1="62,65,120,76,30,108,1,82,11,43,116,21,61" hai2="8,24,57,96,13,109,9,33,107,51,123,67,98" hai3="80,110,117,22,111,25,4,113,66,28,59,44,7"/><W71/><G71/><T31/><D73/><U81/><E108/><N who="3" m="41514" /><G113/><T56/><D0/><U35/><E43/><V3/><F109/><W47/><G117/><T79/><D133/><U17/><E30/><V77/><F123/><W118/><G80/><T132/><D132/><U135/><E35/><V84/><F3/><W19/><G118/><T63/><D130/><U54/><E135/><V95/><F107/><W115/><G115/><T38/><D38/><U112/><E120/><V41/><F33/><N who="3" m="20623" /><G59/><T124/><D79/><U68/><E116/><V78/><F24/><N who="3" m="14431" /><G66/><T129/><D87/><U18/><E81/><V39/><F39/><W10/><G4/><T114/><D114/><U14/><E112/><V55/><F67/><W15/><AGARI ba="1,0" hai="7,10,15,44,47" m="14431,20623,41514" machi="15" ten="30,1500,0" yaku="10,1" doraHai="64" who="3" fromWho="3" sc="281,-6,225,-6,182,-6,312,18" owari="275,8.0,219,-18.0,176,-32.0,330,42.0" /></mjloggm>