<mjloggm ver="2.3"><GO type="41"/><UN n0="%68%61%6E%61%6D%69%64%75" n1="%E9%83%A1%E5%B1%B1%E7%83%88%E7%81%AB" n2="%E3%81%82%E3%81%A3%E3%81%8F%E3%82%93%EF%BC%93%EF%BC%99" n3="%EF%BC%88%E2%89%A7%E2%96%BD%E2%89%A6%EF%BC%89" dan="14,15,13,15" rate="1899,1980,1815,1983" sx="M,M,M,M"/><TAIKYOKU oya="0"/><INIT seed="0,0,0,5,4,19" ten="250,250,250,250" oya="0" hai0="41,116,49,104,128,131,65,122,31,18,34,43,8" hai1="0,83,106,45,132,81,69,17,1,123,7,67,73" hai2="98,120,85,40,35,119,20,133,78,28,97,29,58" hai3="129,26,87,56,79,80,92,101,27,130,36,134,62"/><T46/><D122/><U12/><E123/><V70/><F120/><W75/><G36/><T124/><D116/><U44/><E106/><V32/><F70/><W24/><G134/><T109/><D104/><U110/><E132/><V55/><F133/><W111/><G111/><T107/><D107/><U91/><E110/><V6/><F6/><W42/><G42/><T4/><D43/><U21/><E1/><V105/><F119/><W38/><G38/><T51/><D51/><U2/><E2/><V126/><F40/><W102/><G75/><T115/><D115/><U112/><E112/><V74/><F74/><W114/><G114/><T13/><D65/><U72/><E72/><V66/><F66/><W108/><G108/><T96/><D96/><U113/><E113/><V64/><F64/><W30/><G30/><T54/><D41/><U23/><E67/><V9/><F9/><W48/><G48/><T117/><D117/><U103/><E103/><V93/><F105/><W94/><G102/><T121/><D121/><U53/><E73/><V25/><F29/><W14/><G14/><T57/><D109/><U90/><E0/><V99/><F126/><W135/><G135/><T10/><D124/><U60/><E7/><V39/><F39/><W100/><G100/><T88/><D46/><U71/><E60/><N who="2" m="35935" /><F78/><W61/><G61/><T5/><D5/><U15/><E53/><V33/><F33/><W86/><G101/><T118/><D118/><U77/><E77/><V68/><F68/><W95/><G87/><T16/><D34/><U76/><E76/><V37/><F37/><RYUUKYOKU ba="0,0" sc="250,-30,250,10,250,10,250,10" hai1="12,15,17,21,23,44,45,69,71,81,83,90,91" hai2="20,25,28,32,35,85,93,97,98,99" hai3="24,26,27,56,62,79,80,86,92,94,95,129,130" /><INIT seed="1,1,0,5,0,30" ten="220,260,260,260" oya="1" hai0="122,118,105,81,107,123,34,72,73,69,111,112,7" hai1="10,20,45,97,40,92,14,93,99,102,52,100,36" hai2="80,86,67,41,78,65,13,9,94,68,90,43,108" hai3="75,24,49,117,120,64,96,32,132,87,56,134,12"/><U0/><E0/><V47/><F108/><W25/><G75/><T119/><D7/><U29/><E29/><V114/><F114/><W125/><G120/><N who="0" m="46123" /><D69/><U91/><E20/><V59/><F59/><W79/><G117/><N who="0" m="44555" /><D34/><U2/><E2/><V55/><F55/><W61/><G125/><T127/><D127/><U71/><E71/><V89/><F89/><W109/><G109/><T54/><D54/><U44/><E44/><V60/><F67/><W101/><G12/><T74/><D81/><U128/><E128/><V85/><REACH who="2" step="1"/><F47/><REACH who="2" ten="220,260,250,260" step="2"/><W116/><G116/><T22/><D111/><U17/><E52/><V62/><F62/><W129/><G64/><T50/><D50/><U130/><E130/><V106/><F106/><N who="0" m="40458" /><D22/><U95/><E95/><V83/><F83/><W113/><G129/><T115/><AGARI ba="1,1" hai="72,73,74,112,115" m="40458,44555,46123" machi="115" ten="50,12000,2" yaku="28,2,13,1,31,2,34,2" doraHai="30" who="0" fromWho="0" sc="220,133,260,-61,250,-31,260,-31" /><INIT seed="2,0,0,2,3,51" ten="353,199,219,229" oya="2" hai0="12,2,71,85,5,125,69,64,8,114,129,7,1" hai1="84,75,102,118,20,44,78,93,22,107,106,94,130" hai2="109,24,29,10,0,79,126,45,63,58,26,127,28" hai3="27,47,122,18,21,100,104,34,90,131,86,132,128"/><V96/><F79/><W15/><G122/><T120/><D120/><U23/><E118/><V87/><F87/><W92/><G132/><T9/><D114/><U110/><E130/><N who="3" m="49706" /><G47/><T116/><D116/><U133/><E133/><V42/><F96/><N who="3" m="61447" /><G34/><T11/><D129/><U25/><E110/><V31/><F109/><W74/><G74/><T88/><D64/><U36/><E75/><V80/><F80/><W40/><G40/><T113/><D113/><U70/><E70/><V82/><F82/><W30/><G30/><T13/><D125/><N who="2" m="47626" /><F10/><W67/><G67/><T103/><D103/><U19/><E78/><V111/><F0/><W43/><G43/><T57/><D57/><U4/><E4/><V95/><F111/><W66/><G66/><T135/><D135/><U56/><E84/><V61/><F95/><W46/><G46/><T32/><D32/><U117/><E117/><V108/><F108/><W3/><G3/><T97/><D97/><U38/><E94/><V52/><F63/><W41/><G41/><T72/><D72/><U121/><E121/><V115/><F115/><W14/><AGARI ba="0,0" hai="14,15,18,21,27,86,90,92" m="61447,49706" machi="14" ten="30,1100,0" yaku="19,1" doraHai="51" who="3" fromWho="3" sc="353,-3,199,-3,219,-5,229,11" /><INIT seed="3,0,0,0,5,63" ten="350,196,214,240" oya="3" hai0="24,43,4,25,61,108,114,70,12,89,30,72,14" hai1="118,88,5,92,27,97,53,112,65,126,99,1,40" hai2="33,28,104,120,15,68,135,62,86,50,84,122,74" hai3="71,16,31,90,0,116,2,73,85,131,107,77,21"/><W96/><G116/><T133/><D72/><U60/><E112/><V45/><F74/><W129/><G71/><T82/><D114/><U93/><E40/><V113/><F113/><W34/><G34/><T124/><D43/><U48/><E118/><V115/><F115/><W23/><G31/><T128/><D25/><U87/><E126/><V18/><F104/><W83/><G23/><T55/><D124/><U79/><E79/><V98/><F98/><W19/><G96/><T59/><D70/><U125/><E125/><V11/><F28/><W109/><G107/><T37/><D37/><U106/><E106/><V121/><F33/><W9/><G109/><T49/><D49/><U132/><E132/><V110/><F110/><W46/><G46/><T20/><D108/><U95/><E27/><V47/><F135/><W52/><G52/><T64/><D55/><U94/><E5/><V130/><F130/><N who="3" m="49675" /><G9/><T29/><D128/><U134/><E1/><N who="3" m="618" /><G21/><T51/><D51/><U91/><E134/><V119/><F119/><W76/><G76/><T42/><D133/><U101/><E101/><V44/><REACH who="2" step="1"/><F50/><REACH who="2" ten="350,196,204,240" step="2"/><W111/><G111/><T67/><D30/><U75/><E75/><V127/><F127/><W26/><G26/><T81/><D29/><U105/><E105/><V22/><F22/><W32/><G32/><T100/><D20/><U56/><REACH who="1" step="1"/><E87/><REACH who="1" ten="350,186,204,240" step="2"/><V102/><F102/><W3/><G3/><T57/><D100/><U36/><E36/><V41/><F41/><W39/><G39/><T10/><D42/><U54/><E54/><V35/><F35/><W66/><G85/><RYUUKYOKU ba="0,2" sc="350,-15,186,15,204,15,240,-15" hai1="48,53,56,60,65,88,91,92,93,94,95,97,99" hai2="11,15,18,44,45,47,62,68,84,86,120,121,122" /><INIT seed="4,1,2,5,1,114" ten="335,201,219,225" oya="0" hai0="121,102,48,10,63,87,23,36,8,116,89,86,11" hai1="2,52,84,67,59,45,127,43,91,4,54,99,56" hai2="29,111,90,104,55,19,51,78,0,82,21,60,108" hai3="105,106,130,93,85,126,37,135,68,65,24,12,33"/><T134/><D121/><U25/><E127/><V115/><F104/><W35/><G37/><T123/><D36/><U49/><E2/><V13/><F0/><W53/><G126/><T122/><D123/><U42/><E4/><V32/><F115/><W88/><G135/><T16/><D122/><U95/><E25/><V17/><F60/><W62/><G130/><T73/><D73/><U79/><E67/><V77/><F29/><W81/><G12/><T101/><D134/><U131/><E131/><V39/><F39/><W7/><G7/><T129/><D129/><U40/><E54/><V9/><F32/><W124/><G124/><T76/><D63/><U92/><REACH who="1" step="1"/><E79/><REACH who="1" ten="335,191,219,225" step="2"/><V50/><F111/><W18/><G53/><T70/><D76/><N who="2" m="29290" /><F108/><W83/><G33/><T107/><D70/><U125/><E125/><V120/><F120/><W46/><G35/><T109/><D109/><U38/><E38/><V47/><F55/><W74/><G24/><T61/><D107/><U133/><E133/><V103/><F103/><AGARI ba="1,3" hai="40,42,43,45,49,52,56,59,84,91,92,95,99,103" machi="103" ten="40,5200,0" yaku="1,1,8,1,54,1,53,0" doraHai="114" doraHaiUra="58" who="1" fromWho="2" sc="335,0,191,85,219,-55,225,0" /><INIT seed="5,0,0,5,3,120" ten="335,276,164,225" oya="1" hai0="71,53,14,87,101,78,13,41,21,27,82,113,5" hai1="1,132,7,131,93,96,6,4,100,55,114,61,129" hai2="33,86,29,62,117,38,95,31,128,67,52,16,48" hai3="106,12,28,118,51,73,15,32,2,35,75,116,65"/><U36/><E114/><V58/><F117/><N who="3" m="45163" /><G106/><T17/><D71/><U3/><E36/><V54/><F128/><N who="1" m="49225" /><E132/><V72/><F72/><N who="3" m="27723" /><G2/><N who="1" m="522" /><E61/><V81/><F33/><N who="3" m="12875" /><G28/><T26/><D113/><U104/><E55/><N who="2" m="32103" /><F38/><W124/><G65/><T56/><D41/><U133/><E133/><V59/><F95/><AGARI ba="0,0" hai="4,6,7,93,95,96,100,104" m="522,49225" machi="95" ten="40,2000,0" yaku="19,1" doraHai="120" who="1" fromWho="2" sc="335,0,276,20,164,-20,225,0" /><INIT seed="5,1,0,2,5,40" ten="335,296,144,225" oya="1" hai0="11,15,109,71,129,56,114,116,4,21,84,32,57" hai1="128,22,102,9,31,86,45,69,94,122,18,90,17" hai2="130,29,115,123,10,83,42,126,26,125,119,53,89" hai3="46,132,95,59,34,37,135,111,127,98,6,80,5"/><U118/><E122/><V120/><F42/><N who="3" m="22863" /><G34/><T112/><D116/><U65/><E118/><V0/><F53/><W38/><G38/><T81/><D71/><U61/><E102/><V93/><F83/><W36/><G36/><T54/><D109/><U48/><E128/><V13/><F93/><W121/><G121/><N who="2" m="46665" /><F89/><N who="3" m="55663" /><G127/><N who="2" m="48649" /><F119/><W43/><G43/><T105/><D32/><U103/><E103/><V51/><F51/><W134/><G111/><T76/><D105/><U27/><REACH who="1" step="1"/><E9/><REACH who="1" ten="335,286,144,225" step="2"/><V39/><F130/><W82/><G134/><T52/><D129/><U117/><E117/><V16/><F39/><W124/><G135/><T97/><D114/><U2/><E2/><V24/><F0/><W44/><G132/><T47/><D112/><U79/><E79/><V20/><F115/><W107/><G124/><T64/><D11/><U110/><E110/><V68/><F68/><W50/><G107/><T72/><D76/><U41/><AGARI ba="1,1" hai="17,18,22,27,31,41,45,48,61,65,69,86,90,94" machi="41" ten="20,12000,1" yaku="1,1,0,1,7,1,52,1,53,1" doraHai="40" doraHaiUra="66" who="1" fromWho="1" sc="335,-41,286,133,144,-41,225,-41" /><INIT seed="5,2,0,0,1,32" ten="294,419,103,184" oya="1" hai0="63,126,31,113,108,45,98,75,29,27,37,18,80" hai1="47,55,0,68,120,49,36,131,3,30,61,109,101" hai2="105,92,106,33,72,85,96,41,89,23,116,16,82" hai3="84,94,69,87,5,111,129,102,17,38,48,42,52"/><U127/><E120/><V104/><F33/><W21/><G111/><T76/><D113/><U15/><E30/><V43/><F116/><W103/><G69/><T110/><D126/><U121/><E121/><V10/><F10/><W90/><G129/><T115/><D115/><U67/><E101/><V112/><F112/><W8/><G84/><T44/><D44/><U133/><E15/><V22/><F22/><W12/><G42/><T99/><D98/><U2/><E127/><V54/><F54/><W58/><REACH who="3" step="1"/><G38/><REACH who="3" ten="294,419,103,174" step="2"/><T59/><D110/><U130/><E109/><V6/><F72/><W71/><G71/><T1/><D108/><U9/><E36/><V124/><F124/><W56/><G56/><T77/><D37/><U20/><E133/><V28/><F28/><W65/><G65/><T93/><D31/><U97/><E97/><V26/><REACH who="2" step="1"/><F6/><REACH who="2" ten="294,419,93,174" step="2"/><W88/><G88/><AGARI ba="2,2" hai="16,23,26,41,43,82,85,88,89,92,96,104,105,106" machi="88" ten="40,8000,1" yaku="1,1,2,1,54,2,53,0" doraHai="32" doraHaiUra="122" who="2" fromWho="3" sc="294,0,419,0,93,106,174,-86" /><INIT seed="6,0,0,5,0,126" ten="294,419,199,88" oya="2" hai0="103,55,102,117,37,120,13,118,1,16,47,72,51" hai1="14,76,86,17,74,63,9,4,125,127,112,42,92" hai2="104,2,113,21,19,5,31,123,60,116,119,96,38" hai3="101,41,106,3,20,109,70,89,87,105,131,107,45"/><V71/><F38/><W6/><G109/><T134/><D1/><U91/><E42/><V15/><F123/><W28/><G131/><T40/><D120/><U58/><E112/><V54/><F113/><W77/><G70/><T26/><D72/><U94/><E94/><V121/><F121/><W115/><G115/><T49/><D134/><U33/><E33/><V12/><F12/><W23/><G77/><T80/><D26/><U29/><E29/><V57/><F71/><W46/><G101/><T73/><D37/><U50/><E50/><V88/><F31/><W67/><G67/><T8/><D73/><U79/><E74/><V81/><F81/><W61/><G61/><T93/><D80/><U98/><E4/><V84/><F5/><W36/><G45/><T122/><D122/><U56/><E56/><V32/><F2/><W66/><G66/><T90/><D118/><U30/><E30/><V68/><F32/><W24/><G20/><T99/><REACH who="0" step="1"/><D117/><REACH who="0" ten="284,419,199,88" step="2"/><U132/><E132/><V53/><F119/><W48/><G36/><T62/><D62/><U35/><E127/><V43/><F116/><W108/><G108/><T82/><D82/><U78/><E125/><V95/><F68/><W52/><G41/><T11/><D11/><U75/><E75/><V128/><F43/><W22/><G22/><T65/><D65/><N who="1" m="39159" /><E35/><V111/><F111/><W7/><REACH who="3" step="1"/><G3/><REACH who="3" ten="284,419,199,78" step="2"/><T64/><D64/><U110/><E110/><V25/><F128/><W97/><G97/><AGARI ba="0,2" hai="9,14,17,76,78,79,86,91,92,97,98" m="39159" machi="97" ten="30,1000,0" yaku="8,1" doraHai="126" who="1" fromWho="3" sc="284,0,419,30,199,0,78,-10" /><INIT seed="7,0,0,5,1,32" ten="284,449,199,68" oya="3" hai0="104,11,126,57,128,29,18,119,96,10,89,22,73" hai1="113,131,83,51,134,23,86,133,91,50,110,53,40" hai2="82,39,121,0,19,92,45,72,21,117,34,64,2" hai3="130,20,15,95,4,107,52,135,120,101,118,14,123"/><W122/><G118/><T80/><D119/><U111/><E23/><V17/><F117/><W115/><G130/><T127/><D128/><U102/><E131/><V56/><F121/><W69/><G69/><T12/><D29/><U99/><E40/><V68/><F68/><W48/><G107/><T125/><D57/><U35/><E35/><V47/><F34/><W65/><G65/><T93/><D104/><U1/><E1/><N who="2" m="619" /><F56/><W5/><G115/><T109/><D109/><U9/><E9/><V36/><F64/><W37/><G37/><N who="2" m="14409" /><F21/><W26/><G135/><N who="1" m="51722" /><E113/><V112/><F112/><W66/><G66/><T25/><D25/><U31/><E31/><V108/><F108/><N who="1" m="41513" /><E53/><V13/><F13/><W84/><G14/><T49/><D49/><U24/><E24/><V27/><F27/><W70/><G70/><T75/><D11/><U100/><E100/><V98/><F82/><W63/><G63/><T87/><D10/><U129/><E129/><V60/><F60/><W55/><G15/><T97/><D96/><U94/><AGARI ba="0,0" hai="50,51,83,86,91,94,99,102" m="41513,51722" machi="94" ten="30,1100,0" yaku="20,1" doraHai="32" who="1" fromWho="1" sc="284,-3,449,11,199,-3,68,-5" owari="281,8.0,460,56.0,196,-20.0,63,-44.0" /></mjloggm>