<mjloggm ver="2.3"><GO type="41"/><UN n0="%EF%BC%88%E2%89%A7%E2%96%BD%E2%89%A6%EF%BC%89" n1="%69%70%75%73%61%6D%75" n2="%E4%B9%99%E3%81%BD%E3%81%AB%E3%83%BC" n3="%6E%61%6C" dan="14,14,13,15" rate="2076,1845,1934,1976" sx="M,M,M,M"/><TAIKYOKU oya="0"/><INIT seed="0,0,0,1,3,110" ten="250,250,250,250" oya="0" hai0="118,81,28,104,135,130,27,61,52,124,112,133,126" hai1="101,90,91,97,8,20,30,71,88,115,12,37,53" hai2="87,25,66,85,15,29,38,0,13,82,127,26,24" hai3="95,92,19,99,106,125,47,103,11,59,131,22,18"/><T63/><D104/><U70/><E37/><V94/><F38/><W16/><G125/><N who="0" m="48235" /><D118/><U75/><E75/><V72/><F0/><W23/><G131/><T67/><D130/><U89/><E30/><V113/><F113/><W114/><G114/><T93/><D112/><U100/><E20/><V51/><F127/><W123/><G123/><T128/><D128/><U42/><E115/><V34/><F66/><W10/><G47/><T9/><D81/><U58/><E42/><V84/><F94/><W134/><G134/><N who="0" m="51211" /><D9/><N who="3" m="3081" /><G106/><T44/><D93/><U2/><E2/><V108/><F108/><W68/><G68/><T6/><D6/><U74/><E74/><V73/><F51/><W35/><G35/><N who="0" m="20895" /><D67/><U78/><E78/><V98/><F34/><W1/><G1/><T107/><D107/><U64/><E71/><V117/><F29/><W121/><G121/><T4/><D4/><U111/><E70/><V119/><F82/><W109/><G109/><T39/><D39/><U41/><E64/><V102/><F119/><W33/><G33/><T56/><D44/><U32/><E111/><V80/><F117/><W77/><G77/><T40/><D40/><U5/><E41/><V69/><F80/><W54/><G95/><T36/><D36/><U7/><E32/><V83/><F69/><W96/><G99/><T60/><AGARI ba="0,0" hai="52,56,60,61,63" m="20895,51211,48235" machi="60" ten="40,7800,0" yaku="18,1,20,1,54,1" doraHai="110" who="0" fromWho="0" sc="250,78,250,-26,250,-26,250,-26" /><INIT seed="0,1,0,5,4,100" ten="328,224,224,224" oya="0" hai0="49,18,123,107,46,97,77,52,90,102,114,5,121" hai1="119,126,65,24,115,55,81,76,79,85,16,78,13" hai2="9,127,43,41,51,53,2,120,17,10,3,15,73" hai3="116,12,124,112,106,29,39,113,101,61,69,89,67"/><T95/><D114/><U91/><E119/><V8/><F73/><W117/><G89/><T128/><D128/><U60/><E115/><V21/><F120/><W19/><G39/><T38/><D77/><U130/><E126/><V72/><F127/><W98/><G124/><T36/><D5/><U34/><E130/><V111/><F111/><W44/><G44/><T14/><D123/><U58/><E34/><V86/><F72/><W57/><G113/><T42/><D121/><U6/><E24/><V103/><F103/><W84/><G84/><T11/><REACH who="0" step="1"/><D42/><REACH who="0" step="2"/><U22/><REACH who="1" step="1"/><E6/><REACH who="1" step="2"/><V62/><F3/><W25/><G112/><T80/><D80/><U1/><E1/><V48/><F2/><W105/><G117/><T28/><D28/><U82/><E82/><V31/><F31/><W45/><G116/><T68/><D68/><U99/><E99/><AGARI ba="1,2" hai="11,14,18,36,38,46,49,52,90,95,97,99,102,107" machi="99" ten="30,12000,1" yaku="1,1,7,1,52,1,54,1,53,1" doraHai="100" doraHaiUra="4" who="0" fromWho="1" sc="318,143,214,-123,224,0,224,0" /><INIT seed="0,2,0,4,3,52" ten="461,91,224,224" oya="0" hai0="71,125,73,37,19,45,96,28,97,115,79,104,99" hai1="129,15,2,32,87,93,49,17,6,111,23,78,123" hai2="67,81,118,39,12,44,53,74,13,70,107,63,127" hai3="80,135,114,65,59,0,108,46,122,35,130,51,83"/><T75/><D71/><U62/><E123/><V82/><F107/><W121/><G108/><T95/><D115/><U20/><E111/><V9/><F118/><W34/><G0/><T31/><D125/><U3/><E32/><V54/><F127/><W98/><G98/><T29/><D104/><U77/><E129/><V30/><F74/><W16/><G114/><T69/><D69/><U109/><E109/><V91/><F39/><W113/><G113/><T86/><D19/><U40/><E3/><V120/><F120/><N who="3" m="46187" /><G34/><T133/><D133/><U61/><E2/><V36/><F54/><N who="3" m="32223" /><G35/><T25/><D25/><U132/><E132/><V102/><F102/><W85/><G130/><T66/><D66/><U84/><E6/><V90/><F36/><W68/><G46/><T1/><D1/><U11/><E40/><V100/><F100/><W18/><G135/><T8/><D45/><U134/><E134/><V33/><F33/><W124/><G83/><T4/><D37/><U7/><E49/><V14/><F81/><W43/><G43/><T57/><D99/><U5/><E93/><V126/><F82/><W55/><G55/><T47/><D95/><U116/><E116/><V64/><F126/><W72/><G72/><T88/><D75/><U112/><E112/><V38/><F44/><W48/><G48/><T50/><D73/><U92/><E77/><V117/><F53/><W89/><G124/><T105/><D105/><U101/><E78/><V94/><F117/><W22/><G22/><T128/><D128/><U60/><E23/><V42/><F38/><W76/><G76/><RYUUKYOKU ba="2,0" sc="461,-10,91,-10,224,-10,224,30" hai3="16,18,65,68,80,85,89" /><INIT seed="1,3,0,0,1,87" ten="451,81,214,254" oya="1" hai0="71,41,33,65,32,105,63,61,81,16,68,4,101" hai1="69,40,106,53,8,128,54,70,85,23,27,34,126" hai2="10,13,88,109,1,46,124,76,89,19,24,91,117" hai3="131,9,93,39,21,97,95,74,11,47,50,122,112"/><U120/><E120/><V83/><F117/><W103/><G74/><T0/><D41/><U96/><E34/><V73/><F124/><W135/><G39/><T133/><D81/><U49/><E40/><V110/><F46/><W134/><G112/><T99/><D133/><U20/><E8/><V3/><REACH who="2" step="1"/><F24/><REACH who="2" step="2"/><W60/><G122/><T43/><D43/><U118/><E126/><V100/><F100/><W116/><G116/><T86/><D101/><U72/><E118/><V7/><F7/><W119/><G119/><T45/><D45/><U113/><E27/><V48/><F48/><W75/><G60/><T18/><D63/><U90/><E128/><V15/><F15/><W66/><G131/><T129/><D61/><U104/><E49/><V64/><F64/><W17/><G66/><T115/><D65/><U130/><E130/><V108/><AGARI ba="3,1" hai="1,3,10,13,19,73,76,83,88,89,91,108,109,110" machi="108" ten="40,12000,2" yaku="1,1,0,1,14,1,52,3,54,1,53,0" doraHai="87" doraHaiUra="37" who="2" fromWho="2" sc="451,-33,81,-63,204,139,254,-33" /><INIT seed="2,0,0,3,2,126" ten="418,18,343,221" oya="2" hai0="110,47,25,14,20,17,72,42,83,34,80,38,113" hai1="21,35,119,104,16,60,115,65,129,111,28,123,39" hai2="79,75,33,90,22,132,100,92,71,9,91,103,52" hai3="31,41,106,135,43,70,97,124,101,27,112,36,58"/><V1/><F71/><W76/><G70/><T61/><D113/><U26/><E39/><V99/><F33/><W51/><G124/><T78/><D110/><U19/><E115/><V118/><F118/><W13/><G112/><T133/><D133/><U86/><E119/><V2/><F132/><W109/><G109/><T96/><D96/><U55/><E104/><V53/><F2/><W40/><G135/><T117/><D117/><U98/><E129/><V50/><F1/><W30/><G30/><T57/><D83/><U128/><E111/><V12/><F22/><W6/><G76/><T3/><D3/><U81/><E123/><V18/><F79/><W94/><G106/><T68/><D68/><U121/><E98/><V15/><F75/><W32/><G36/><T4/><D34/><U116/><E121/><V77/><F77/><W130/><G130/><T0/><D14/><U46/><E116/><V37/><F37/><W23/><G32/><T127/><D127/><U131/><E35/><V73/><F73/><W120/><G120/><T95/><D95/><U85/><E46/><N who="2" m="27735" /><F53/><N who="3" m="32063" /><G13/><T56/><D61/><U134/><E55/><V93/><F15/><W89/><G6/><T125/><D125/><U107/><E134/><V7/><F7/><W62/><G62/><T49/><D49/><U69/><E107/><V88/><F91/><AGARI ba="0,0" hai="23,27,31,40,41,43,89,91,94,97,101" m="32063" machi="91" ten="30,1000,0" yaku="8,1" doraHai="126" who="3" fromWho="2" sc="418,0,18,0,343,-10,221,10" /><INIT seed="3,0,0,5,0,133" ten="418,18,333,231" oya="3" hai0="86,32,105,16,37,125,79,83,48,96,19,31,20" hai1="74,135,120,73,134,81,29,39,35,0,24,117,34" hai2="113,102,43,103,64,128,62,14,58,38,92,85,8" hai3="132,106,116,13,70,77,72,104,41,9,11,65,87"/><W97/><G116/><T3/><D37/><U56/><E120/><V51/><F113/><W54/><G132/><N who="1" m="50730" /><E39/><V5/><F128/><W69/><G72/><T71/><D3/><U95/><E117/><V110/><F110/><W21/><G41/><T94/><D71/><U124/><E0/><V44/><F38/><W25/><G70/><T111/><D105/><U129/><E95/><V127/><F127/><W52/><G65/><T33/><D125/><U121/><E121/><V26/><F26/><W47/><G69/><T126/><D126/><U15/><E124/><V115/><F115/><W66/><G66/><T118/><D118/><U63/><E129/><V112/><F112/><W131/><G131/><T108/><D48/><U36/><E36/><V82/><F92/><W17/><G106/><T130/><D130/><U99/><E81/><V67/><REACH who="2" step="1"/><F64/><REACH who="2" step="2"/><W109/><G109/><T122/><D122/><U98/><E24/><V42/><F42/><W50/><G104/><T22/><D111/><U4/><E4/><V18/><F18/><N who="3" m="12471" /><G97/><T91/><D108/><U12/><E99/><V93/><F93/><W107/><G107/><T80/><D31/><U55/><E98/><V30/><F30/><W1/><G1/><T88/><D19/><U75/><E29/><V45/><F45/><W57/><G54/><T46/><D46/><U84/><E84/><V6/><F6/><W23/><G47/><T68/><D86/><U101/><E101/><V40/><F40/><W10/><G87/><T59/><D96/><U89/><E89/><AGARI ba="0,1" hai="5,8,14,43,44,51,58,62,67,82,85,89,102,103" machi="89" ten="30,7700,0" yaku="1,1,7,1,8,1,53,1" doraHai="133" doraHaiUra="60" who="2" fromWho="1" sc="418,0,18,-77,323,87,231,0" owari="418,52.0,-59,-56.0,410,21.0,231,-17.0" /></mjloggm>