<mjloggm ver="2.3"><GO type="169"/><UN n0="%E3%80%93%E6%9D%BE%E4%BA%95%EF%BC%A3%EF%BC%B3%E3%80%93" n1="%6B%65%69%2E" n2="%EF%BC%88%E2%89%A7%E2%96%BD%E2%89%A6%EF%BC%89" n3="%E3%81%94%E3%81%98%E3%82%83%E3%82%8B" dan="17,16,18,16" rate="2197,2026,2213,2141" sx="M,M,M,M"/><TAIKYOKU oya="0"/><INIT seed="0,0,0,5,2,114" ten="250,250,250,250" oya="0" hai0="46,35,37,50,6,3,8,66,125,19,25,38,91" hai1="93,33,65,102,117,134,30,36,29,43,42,82,67" hai2="17,0,73,132,94,53,11,68,109,111,59,98,40" hai3="86,28,22,126,51,79,112,128,135,123,110,21,54"/><T5/><D125/><U97/><E117/><V88/><F68/><W49/><G112/><T71/><D6/><U83/><E134/><V90/><F73/><W107/><G107/><T95/><D66/><N who="1" m="25099" /><E36/><V103/><F40/><N who="1" m="15401" /><E33/><V1/><F132/><W14/><G135/><T20/><D71/><U62/><E62/><N who="2" m="36207" /><F17/><W2/><G2/><N who="2" m="1129" /><F11/><W32/><G32/><T56/><D56/><U23/><E23/><V18/><F18/><W64/><G22/><T27/><D50/><U100/><E100/><V116/><F116/><W48/><G21/><T81/><D46/><U92/><E92/><V85/><F85/><W39/><G86/><T58/><D58/><U130/><E130/><V99/><F99/><W115/><G128/><T15/><D81/><AGARI ba="0,0" hai="29,30,81,82,83,93,97,102" m="15401,25099" machi="81" ten="30,1000,0" yaku="8,1" doraHai="114" who="1" fromWho="0" sc="250,-10,250,10,250,0,250,0" /><INIT seed="1,0,0,1,3,108" ten="240,260,250,250" oya="1" hai0="123,117,39,87,135,66,75,80,68,93,78,5,65" hai1="134,4,107,50,52,41,29,8,44,12,99,21,56" hai2="51,130,23,58,119,40,133,7,45,9,72,127,70" hai3="20,79,27,113,34,91,32,102,71,63,43,30,104"/><U36/><E134/><V42/><F72/><W128/><G128/><T114/><D117/><U37/><E107/><V25/><F119/><W31/><G79/><T109/><D39/><U28/><E99/><V76/><F70/><W54/><G43/><T85/><D109/><U64/><E37/><V131/><F76/><W33/><G31/><T2/><D135/><U121/><E121/><V0/><F133/><W92/><G104/><T67/><D123/><U125/><E125/><V1/><F1/><W100/><G71/><T73/><D68/><U57/><E21/><V26/><F127/><W47/><G47/><T69/><D69/><U90/><REACH who="1" step="1"/><E90/><REACH who="1" ten="240,250,250,250" step="2"/><V77/><F23/><W116/><G116/><T83/><D75/><U129/><E129/><V115/><F131/><W132/><G132/><T89/><D73/><U38/><E38/><V48/><F130/><W14/><G20/><T98/><D98/><U118/><E118/><V95/><F77/><W111/><G111/><T84/><D78/><U17/><E17/><V53/><F40/><W18/><G18/><T122/><D122/><U110/><E110/><V82/><F42/><W24/><G34/><T101/><D89/><U81/><E81/><V112/><F82/><W74/><G33/><T19/><D19/><U120/><E120/><V6/><F95/><W55/><G92/><T22/><D22/><U62/><AGARI ba="0,1" hai="4,8,12,28,29,36,41,44,50,52,56,57,62,64" machi="62" ten="30,6000,0" yaku="1,1,0,1,54,1,53,0" doraHai="108" doraHaiUra="97" who="1" fromWho="1" sc="240,-20,250,70,250,-20,250,-20" /><INIT seed="1,1,0,0,5,131" ten="220,320,230,230" oya="1" hai0="107,109,119,24,8,18,16,110,55,135,96,122,43" hai1="49,42,105,106,81,4,83,75,68,125,13,70,2" hai2="79,37,38,58,48,3,126,128,80,35,53,34,90" hai3="45,23,85,19,62,60,27,25,56,132,72,71,10"/><U88/><E2/><V114/><F3/><W134/><G72/><T95/><D119/><U11/><E125/><V0/><F0/><W69/><G10/><T14/><D107/><U57/><E106/><V100/><F128/><W54/><G45/><T44/><D55/><U52/><E105/><V92/><F100/><W15/><G85/><T46/><D122/><U118/><E118/><V116/><F114/><W117/><G117/><T22/><D135/><N who="3" m="51753" /><G60/><T97/><D46/><U108/><E108/><N who="0" m="41577" /><D95/><U73/><E73/><V9/><F126/><W115/><G115/><T101/><D101/><U41/><E70/><AGARI ba="1,0" hai="15,19,23,25,27,54,56,62,69,70,71" m="51753" machi="70" ten="30,7700,0" yaku="20,1,52,3" doraHai="131" who="3" fromWho="1" sc="220,0,320,-80,230,0,230,80" /><INIT seed="2,0,0,3,5,47" ten="220,240,230,310" oya="2" hai0="60,110,73,24,124,12,82,61,44,99,35,62,28" hai1="134,107,9,103,25,105,81,85,116,98,112,87,64" hai2="92,84,15,38,120,121,21,133,65,95,10,78,130" hai3="126,97,125,13,57,30,23,123,45,75,31,128,11"/><V26/><F38/><W0/><G75/><T39/><D110/><U109/><E116/><V59/><F133/><W91/><G123/><T55/><D124/><U79/><E112/><V40/><F130/><W115/><G0/><T101/><D12/><U94/><E64/><V117/><F40/><W3/><G3/><T96/><D96/><U29/><E9/><V37/><F37/><W71/><G71/><T89/><D89/><U2/><E2/><V16/><F117/><W5/><G128/><T122/><D82/><U36/><E36/><V69/><F69/><W80/><G115/><T17/><D73/><N who="1" m="43247" /><E29/><V111/><F111/><W102/><G57/><T100/><D17/><U33/><E33/><V52/><F65/><W72/><G23/><T132/><D122/><U70/><E25/><V118/><F118/><W22/><G22/><T77/><D77/><U1/><E1/><V135/><F120/><W48/><G126/><T14/><D14/><U93/><E70/><V34/><F135/><W18/><G5/><T51/><D132/><U49/><E49/><N who="2" m="31119" /><F34/><W83/><G72/><T43/><D99/><N who="1" m="59895" /><E109/><V127/><F127/><W88/><G125/><T76/><REACH who="0" step="1"/><D76/><REACH who="0" ten="210,240,230,310" step="2"/><U119/><E134/><V68/><F121/><W42/><G83/><T6/><D6/><U32/><E119/><V108/><F108/><W41/><G80/><T54/><D54/><U74/><E74/><V4/><F78/><W66/><G42/><T67/><D67/><U7/><E7/><V19/><F4/><W53/><G66/><T50/><D50/><U113/><E113/><V104/><F68/><RYUUKYOKU ba="0,1" sc="210,30,240,-10,230,-10,310,-10" hai0="24,28,35,39,43,44,51,55,60,61,62,100,101" /><INIT seed="3,1,1,2,1,8" ten="240,230,220,300" oya="3" hai0="51,26,41,90,96,50,47,130,44,104,55,84,129" hai1="101,38,18,30,92,71,25,82,14,99,70,133,106" hai2="5,12,35,132,110,32,63,108,118,21,111,60,76" hai3="31,116,43,121,53,124,97,126,29,94,68,67,0"/><W120/><G0/><T56/><D26/><U46/><E133/><V125/><F118/><W135/><G116/><T89/><D104/><U1/><E1/><V37/><F132/><W19/><G135/><T102/><D102/><U87/><E38/><V95/><F125/><N who="3" m="48235" /><G43/><T73/><D73/><U77/><E46/><V27/><F37/><W62/><G53/><T22/><D22/><U122/><E106/><V91/><F76/><W7/><G7/><T3/><D3/><U100/><E100/><V78/><F78/><W81/><G81/><T119/><D119/><U24/><E24/><V45/><F45/><W65/><G65/><T105/><D105/><U36/><E36/><V85/><F35/><W23/><G121/><T28/><D28/><U80/><E80/><V134/><F32/><W113/><G113/><T48/><D96/><U34/><REACH who="1" step="1"/><E122/><REACH who="1" ten="240,220,220,300" step="2"/><V17/><F134/><W40/><G120/><T57/><D47/><U83/><E83/><V75/><F75/><W115/><G115/><T86/><D130/><U6/><E6/><V9/><AGARI ba="1,2" hai="5,9,12,17,21,27,60,63,85,91,95,108,110,111" machi="9" ten="40,5200,0" yaku="0,1,14,1,52,1" doraHai="8" who="2" fromWho="2" sc="240,-14,220,-14,220,75,300,-27" /><INIT seed="4,0,0,2,2,132" ten="226,206,295,273" oya="0" hai0="57,104,64,67,16,109,94,91,23,126,54,17,111" hai1="115,121,12,83,13,85,99,98,107,92,130,40,66" hai2="131,46,125,60,80,72,122,74,52,37,19,1,135" hai3="87,15,69,26,50,78,128,31,79,48,103,47,73"/><T55/><D104/><U112/><E121/><V118/><F1/><W86/><G69/><T41/><D41/><U29/><E29/><V56/><F122/><W49/><G73/><T35/><D35/><U127/><E130/><V18/><F131/><W119/><G119/><T81/><D81/><U2/><E2/><V6/><F6/><W133/><G133/><T24/><D126/><U116/><E116/><V10/><F135/><W38/><G128/><T33/><D33/><U9/><E66/><V102/><F125/><W62/><G62/><N who="0" m="36151" /><D55/><U82/><E40/><V90/><F118/><W129/><G129/><T76/><D76/><U93/><E9/><V3/><F74/><W124/><G124/><T105/><D105/><U106/><REACH who="1" step="1"/><E85/><REACH who="1" ten="226,196,295,273" step="2"/><V11/><F72/><W25/><G87/><N who="0" m="52607" /><D111/><U8/><E8/><V30/><F10/><W44/><G86/><T134/><D109/><U113/><E113/><V14/><F11/><W77/><G31/><N who="0" m="17823" /><D134/><U34/><E34/><V120/><F120/><W65/><G65/><AGARI ba="0,1" hai="16,17,64,65,67" m="17823,52607,36151" machi="65" ten="30,2900,0" yaku="8,1,54,1" doraHai="132" who="0" fromWho="3" sc="226,39,196,0,295,0,273,-29" /><INIT seed="4,1,0,2,0,67" ten="265,196,295,244" oya="0" hai0="27,130,42,17,11,133,123,102,25,125,92,94,35" hai1="22,5,64,59,3,80,89,68,76,44,7,126,14" hai2="18,99,48,124,13,69,128,46,77,97,134,88,108" hai3="87,34,90,58,16,57,122,45,33,37,104,117,20"/><T71/><D123/><U78/><E126/><V101/><F108/><W73/><G73/><T0/><D71/><U79/><E3/><V114/><F69/><W132/><G117/><T83/><D125/><U36/><E36/><V31/><F124/><W100/><G122/><T115/><D42/><U51/><E68/><V62/><F114/><W8/><G8/><T116/><D116/><U66/><E80/><V61/><F77/><W111/><G111/><T84/><D115/><U54/><E89/><V63/><F134/><W15/><G132/><T56/><D133/><U21/><E44/><V6/><F128/><W135/><G135/><T74/><D74/><U28/><E28/><V110/><F110/><W50/><G37/><T70/><D70/><U103/><E103/><V23/><F6/><W24/><G100/><T29/><D130/><U95/><E95/><V30/><F88/><W55/><G104/><T109/><D109/><U119/><E119/><V53/><REACH who="2" step="1"/><F99/><REACH who="2" ten="265,196,285,244" step="2"/><W86/><G86/><T120/><D120/><U60/><E7/><V26/><F26/><W105/><G24/><T93/><D102/><U32/><E5/><V85/><F85/><W112/><G112/><T10/><D27/><U41/><E79/><V47/><F47/><W96/><G87/><T118/><D118/><U4/><E4/><V98/><F98/><W82/><G90/><N who="0" m="51487" /><D0/><U81/><E78/><V39/><F39/><W129/><G129/><T131/><D131/><U40/><E76/><V19/><F19/><W75/><G75/><T2/><D2/><U127/><E127/><V52/><F52/><RYUUKYOKU ba="1,1" sc="265,-10,196,-10,285,30,244,-10" hai2="13,18,23,30,31,46,48,53,61,62,63,97,101" /><INIT seed="5,2,1,1,0,19" ten="255,186,315,234" oya="1" hai0="123,14,83,87,27,116,3,6,115,81,20,93,77" hai1="40,43,128,90,106,60,66,69,48,5,25,108,57" hai2="63,80,111,1,7,13,65,12,11,95,59,96,49" hai3="75,126,101,125,50,131,32,134,67,16,29,54,102"/><U92/><E106/><V74/><F111/><W121/><G121/><T15/><D116/><U94/><E108/><V130/><F130/><W98/><G75/><T8/><D115/><U2/><E128/><V97/><F97/><W132/><G67/><T119/><D119/><U68/><E68/><V109/><F109/><W124/><G131/><T71/><D71/><U127/><E127/><V36/><F36/><W89/><G89/><T0/><D0/><U84/><E94/><V91/><F74/><W9/><G29/><T118/><D123/><U56/><E69/><V107/><F107/><W135/><G32/><T86/><D93/><U18/><E5/><V28/><F80/><W113/><G113/><T104/><D104/><U47/><E2/><V42/><F28/><W26/><G98/><T53/><D53/><N who="1" m="29855" /><E57/><V58/><F58/><W100/><G100/><T64/><D64/><U82/><E82/><V17/><F1/><W99/><G99/><T51/><D51/><U88/><E90/><V79/><F49/><W41/><G41/><T117/><D117/><U44/><E44/><V133/><F42/><W46/><G9/><T33/><D33/><U129/><E129/><V110/><F110/><W62/><G62/><T85/><D118/><U4/><E4/><V38/><F7/><W120/><G120/><T114/><D114/><U34/><E34/><V22/><F11/><W61/><G61/><T55/><D55/><U45/><E45/><V30/><F63/><W31/><G31/><N who="0" m="17895" /><D83/><U24/><E24/><V72/><F65/><W23/><AGARI ba="2,1" hai="16,23,26,46,50,54,101,102,124,125,126,132,134,135" machi="23" ten="40,8000,1" yaku="0,1,18,1,20,1,52,1,54,1" doraHai="19" who="3" fromWho="3" sc="255,-22,186,-42,315,-22,234,96" /><INIT seed="6,0,0,2,5,125" ten="233,144,293,330" oya="2" hai0="36,116,74,47,32,106,86,115,34,3,33,54,66" hai1="7,132,128,25,44,52,69,130,68,100,26,131,91" hai2="22,124,31,38,62,10,107,82,73,24,110,119,111" hai3="57,11,42,23,48,94,109,53,0,123,108,76,96"/><V89/><F38/><W9/><G123/><T14/><D3/><U104/><E132/><V43/><F107/><W5/><G11/><T37/><D74/><U64/><E7/><V35/><F43/><W16/><G76/><T122/><D106/><U114/><E114/><V60/><F124/><W121/><G42/><T113/><D122/><U78/><E78/><N who="2" m="44367" /><F119/><W1/><G1/><T45/><D116/><U58/><E44/><N who="0" m="16969" /><D54/><U27/><E64/><V85/><F10/><W65/><G65/><T12/><D66/><U2/><E2/><V112/><F35/><W127/><G127/><T20/><D20/><U46/><E46/><V61/><F112/><N who="0" m="43082" /><D86/><U71/><E91/><V70/><F85/><W83/><G121/><T92/><D92/><U129/><N who="1" m="32768" /><DORA hai="6" /><U95/><E95/><V102/><F89/><W120/><G83/><T51/><D51/><N who="1" m="31007" /><E104/><V135/><F135/><W29/><G120/><T49/><D49/><U126/><E126/><V75/><F75/><W50/><G50/><T90/><D90/><U15/><E15/><AGARI ba="0,0" hai="12,14,15,32,33,34,36,37" m="43082,16969" machi="15" ten="40,5200,0" yaku="28,2,15,1" doraHai="125,6" who="0" fromWho="1" sc="233,52,144,-52,293,0,330,0" /><INIT seed="7,0,0,0,3,28" ten="285,92,293,330" oya="3" hai0="88,31,63,82,4,129,112,37,75,80,113,40,72" hai1="27,9,127,41,11,104,116,51,2,108,54,84,124" hai2="85,44,103,61,77,16,79,32,69,62,58,64,26" hai3="0,96,12,76,55,98,49,36,71,50,122,53,125"/><W128/><G36/><T43/><D129/><U65/><E108/><V101/><F44/><W121/><G128/><T106/><D106/><U15/><E116/><V110/><F110/><W95/><G0/><T120/><D120/><U105/><E65/><V93/><F101/><W135/><G71/><T33/><D4/><U29/><E84/><V13/><F26/><W111/><G111/><T39/><D63/><U86/><E86/><V7/><F32/><W126/><G76/><T91/><D31/><U114/><E29/><V60/><F7/><W34/><G34/><AGARI ba="0,0" hai="33,34,37,39,40,43,72,75,80,82,88,91,112,113" machi="34" ten="25,8000,1" yaku="22,2,52,2,54,1" doraHai="28" who="0" fromWho="3" sc="285,80,92,0,293,0,330,-80" owari="365,47.0,92,-41.0,293,9.0,250,-15.0" /></mjloggm>