<mjloggm ver="2.3"><GO type="41"/><UN n0="%E3%81%8B%E3%81%AA%E3%81%B8%E3%81%B3" n1="%6E%61%6D%69%6B%61%7A%75" n2="%E3%81%BE%E3%81%86%E3%81%99%E3%82%8A%E3%82%93" n3="%E3%82%A6%E3%83%AB%E3%83%88%E3%83%A9%E7%AB%8B%E7%9B%B4" dan="13,14,13,15" rate="1810,1918,1838,1983" sx="M,M,M,M"/><TAIKYOKU oya="0"/><INIT seed="0,0,0,5,5,95" ten="250,250,250,250" oya="0" hai0="85,72,83,86,0,111,20,91,24,15,52,49,74" hai1="50,107,113,29,12,89,97,104,32,124,123,81,126" hai2="27,62,103,120,109,70,33,44,132,77,71,45,5" hai3="41,14,25,8,31,67,10,46,100,129,121,112,38"/><T3/><D111/><U9/><E123/><V133/><F109/><W99/><G112/><T82/><D15/><U56/><E113/><V17/><F120/><W98/><G121/><T39/><D39/><U84/><E29/><V76/><F5/><W16/><G16/><T116/><D116/><U65/><E32/><V43/><F33/><W51/><G129/><T122/><D122/><U4/><E97/><N who="3" m="36874" /><G38/><T48/><D74/><U19/><E19/><V61/><F17/><W118/><G118/><T73/><D72/><U40/><E40/><V102/><F27/><W114/><G114/><T106/><D73/><U92/><E92/><V130/><REACH who="2" step="1"/><F43/><REACH who="2" ten="250,250,240,250" step="2"/><W1/><G1/><T69/><D0/><U90/><E107/><V125/><F125/><W68/><G14/><T87/><D3/><U21/><E104/><V115/><F115/><W127/><G127/><N who="1" m="48682" /><E21/><V128/><AGARI ba="0,1" hai="44,45,61,62,70,71,76,77,102,103,128,130,132,133" machi="128" ten="25,12000,2" yaku="1,1,0,1,22,2,53,2" doraHai="95" doraHaiUra="75" who="2" fromWho="2" sc="250,-60,250,-30,240,130,250,-30" /><INIT seed="1,0,0,1,5,52" ten="190,220,370,220" oya="1" hai0="126,112,82,2,15,36,62,49,31,72,23,22,119" hai1="113,60,13,28,118,68,101,83,92,53,98,95,129" hai2="34,5,97,66,81,1,115,90,79,32,35,67,54" hai3="105,61,107,89,109,91,116,64,63,128,76,41,38"/><U94/><E118/><V71/><F115/><W59/><G76/><T123/><D119/><U48/><E113/><V69/><F1/><W74/><G74/><T19/><D112/><U106/><E129/><V57/><F5/><W11/><G116/><T50/><D123/><U25/><E83/><V99/><F71/><W80/><G41/><T78/><D126/><U103/><E13/><V125/><F125/><W3/><G38/><T7/><D36/><U9/><E9/><V88/><F69/><W77/><G77/><T75/><D75/><U96/><E68/><V21/><F21/><W65/><G128/><T102/><D102/><U10/><E60/><V37/><F37/><W17/><G109/><T135/><D135/><U45/><REACH who="1" step="1"/><E10/><REACH who="1" ten="190,210,370,220" step="2"/><V30/><F81/><W27/><G80/><T51/><D2/><U73/><E73/><V42/><F67/><W104/><G3/><T124/><D124/><U55/><E55/><V133/><F66/><W4/><G64/><T14/><D62/><U70/><E70/><V110/><F54/><W46/><G63/><T20/><D31/><U84/><E84/><V58/><F30/><W16/><G27/><T24/><REACH who="0" step="1"/><D7/><REACH who="0" ten="180,210,370,220" step="2"/><U40/><E40/><V85/><F42/><W130/><G4/><T111/><D111/><U120/><E120/><V127/><F110/><W100/><G61/><T131/><D131/><U134/><E134/><V44/><F133/><W117/><G130/><T33/><D33/><AGARI ba="0,2" hai="25,28,33,45,48,53,92,94,95,96,98,101,103,106" machi="33" ten="30,5800,0" yaku="1,1,7,1,53,1" doraHai="52" doraHaiUra="29" who="1" fromWho="0" sc="180,-58,210,78,370,0,220,0" /><INIT seed="1,1,0,1,0,103" ten="122,288,370,220" oya="1" hai0="57,34,26,97,7,92,40,96,64,118,104,8,70" hai1="78,108,50,119,33,58,115,132,88,61,87,23,54" hai2="10,49,89,62,109,36,51,106,24,5,111,124,16" hai3="41,21,86,130,35,43,107,83,73,85,121,110,44"/><U100/><E119/><V38/><F124/><W6/><G35/><T129/><D118/><U117/><E115/><V52/><F62/><W68/><G68/><T134/><D40/><U20/><E117/><V22/><F51/><W95/><G121/><T84/><D134/><U1/><E1/><V42/><F42/><W114/><G114/><T11/><D129/><U125/><E33/><V76/><F76/><W91/><G130/><T75/><D11/><U90/><E125/><V74/><F74/><W93/><G6/><T59/><D96/><U69/><E132/><V53/><F53/><W17/><G73/><T39/><D59/><N who="1" m="33239" /><E100/><V116/><F89/><N who="1" m="34409" /><E69/><V31/><F116/><W126/><G126/><T80/><D57/><U13/><E108/><N who="2" m="41547" /><F106/><W0/><G0/><N who="0" m="103" /><D84/><U72/><E13/><N who="2" m="5327" /><F31/><W71/><G71/><T113/><D92/><U79/><E72/><V4/><F4/><W25/><G110/><T98/><D113/><U105/><E105/><V99/><F99/><W81/><G107/><T82/><D97/><U120/><E120/><V18/><F18/><W37/><REACH who="3" step="1"/><G43/><REACH who="3" ten="122,288,370,210" step="2"/><T66/><D39/><U133/><E133/><V46/><AGARI ba="1,1" hai="16,22,24,36,38,46,49,52" m="5327,41547" machi="46" ten="30,4000,0" yaku="14,1,54,2" doraHai="103" who="2" fromWho="2" sc="122,-11,288,-21,370,53,210,-11" /><INIT seed="2,0,0,0,4,69" ten="111,267,423,199" oya="2" hai0="110,4,9,124,3,22,39,83,122,123,115,103,67" hai1="18,101,23,65,20,0,45,72,98,7,63,86,113" hai2="43,121,79,17,53,2,10,119,77,6,35,64,47" hai3="128,78,76,55,99,30,91,127,82,19,135,27,29"/><V33/><F119/><W93/><G127/><T88/><D115/><U21/><E72/><V50/><F121/><W96/><G135/><T24/><D110/><U58/><E113/><V54/><F64/><W62/><G128/><T129/><D124/><U13/><E0/><V132/><F132/><W15/><G99/><T133/><D67/><U87/><E7/><V40/><F40/><W75/><G78/><T28/><D133/><U90/><E45/><V5/><F5/><W108/><G108/><T74/><D129/><U26/><E26/><V1/><F1/><W57/><REACH who="3" step="1"/><G15/><REACH who="3" ten="111,267,423,189" step="2"/><T8/><D123/><U46/><E46/><V105/><F79/><W56/><G56/><T66/><D122/><U31/><E31/><V70/><F77/><W120/><G120/><T12/><D103/><U109/><E109/><V48/><F47/><W95/><G95/><T85/><D74/><U118/><E118/><V68/><F105/><W100/><G100/><T44/><D66/><U49/><E101/><V51/><F70/><W11/><G11/><T112/><D112/><U73/><E73/><V60/><F10/><W114/><G114/><T84/><D84/><U97/><E87/><V111/><F111/><W25/><G25/><T59/><D59/><U81/><E49/><V106/><F68/><W36/><G36/><T117/><D117/><U102/><REACH who="1" step="1"/><E98/><REACH who="1" ten="111,257,423,189" step="2"/><V42/><F48/><W89/><G89/><T131/><D131/><U116/><E116/><V134/><F50/><W92/><G92/><AGARI ba="0,2" hai="13,18,20,21,23,58,63,65,81,86,90,92,97,102" machi="92" ten="30,3900,0" yaku="1,1,7,1,8,1,53,0" doraHai="69" doraHaiUra="104" who="1" fromWho="3" sc="111,0,257,59,423,0,189,-39" /><INIT seed="3,0,0,1,5,127" ten="111,316,423,150" oya="3" hai0="95,75,93,58,13,73,72,22,119,62,69,133,24" hai1="105,104,80,121,6,65,2,59,106,63,0,113,131" hai2="57,84,51,96,23,7,44,16,17,89,122,87,74" hai3="107,39,128,31,40,56,90,30,61,27,35,47,123"/><W25/><G107/><T94/><D119/><U77/><E121/><V4/><F74/><W41/><G123/><T125/><D69/><U126/><E113/><V48/><F122/><W112/><G112/><T9/><D125/><U38/><E126/><V36/><F36/><W33/><G90/><T99/><D133/><U12/><E38/><V34/><F34/><W64/><G41/><T8/><D99/><U129/><E12/><V19/><F23/><W130/><AGARI ba="0,0" hai="25,27,30,31,33,35,39,40,47,56,61,64,128,130" machi="130" ten="30,11700,0" yaku="0,1,9,1,52,2" doraHai="127" who="3" fromWho="3" sc="111,-39,316,-39,423,-39,150,117" /><INIT seed="3,1,0,4,3,36" ten="72,277,384,267" oya="3" hai0="112,47,3,87,18,45,68,120,37,21,86,133,96" hai1="78,38,42,103,91,122,134,40,83,105,60,39,88" hai2="71,110,93,107,102,82,73,22,28,5,33,20,76" hai3="115,1,17,13,34,54,74,46,11,29,98,124,14"/><W15/><G115/><T65/><D3/><U119/><E122/><V75/><F110/><W116/><G74/><T97/><D120/><U72/><E60/><V118/><F118/><W80/><G116/><T135/><D112/><U121/><E121/><V99/><F5/><W51/><G124/><T130/><D68/><U66/><E66/><V63/><F75/><W101/><G1/><T41/><D65/><U43/><E119/><V67/><F93/><W26/><REACH who="3" step="1"/><G80/><REACH who="3" ten="72,277,384,257" step="2"/><T92/><D130/><U113/><E113/><V55/><F82/><W69/><G69/><T127/><D127/><U30/><E134/><N who="0" m="51209" /><D47/><U59/><E72/><V50/><F73/><W70/><G70/><T129/><D129/><U4/><E83/><V52/><F71/><W7/><G7/><T32/><D32/><U131/><E4/><V89/><F33/><W64/><G64/><T6/><D6/><U125/><E131/><V77/><F67/><W9/><G9/><T117/><D117/><U106/><E125/><V35/><F35/><W49/><G49/><T24/><D97/><U128/><E39/><V2/><F99/><W19/><G19/><T53/><D53/><U27/><E128/><V111/><F55/><W61/><G61/><T79/><D79/><U123/><E38/><V95/><F77/><W12/><G12/><T0/><D0/><U109/><E78/><V16/><F76/><W62/><G62/><T48/><D48/><U31/><E123/><V84/><F50/><W81/><G81/><T56/><D56/><U44/><E59/><V104/><F2/><W57/><G57/><RYUUKYOKU ba="1,1" sc="72,15,277,-15,384,-15,257,15" hai0="18,21,24,37,41,45,86,87,92,96" hai3="11,13,14,15,17,26,29,34,46,51,54,98,101" /><INIT seed="3,2,1,2,3,98" ten="87,262,369,272" oya="3" hai0="115,17,124,100,76,40,101,79,95,97,112,12,55" hai1="32,38,0,89,56,21,127,120,61,102,35,29,106" hai2="107,26,130,36,9,123,110,135,58,63,72,14,49" hai3="131,73,65,128,34,5,82,2,125,80,45,108,59"/><W134/><G34/><T111/><D40/><U19/><E38/><V83/><F110/><W16/><G5/><T31/><D31/><U121/><E0/><V60/><F36/><W104/><G2/><T8/><D111/><U53/><E127/><V117/><F117/><W48/><G108/><T103/><D124/><U13/><E35/><V7/><F107/><W6/><G6/><T24/><D24/><U27/><REACH who="1" step="1"/><E89/><REACH who="1" ten="87,252,369,272" step="2"/><V42/><F123/><W74/><G125/><T109/><D109/><U92/><E92/><V1/><F1/><W71/><G104/><T69/><D69/><U52/><E52/><V85/><F135/><W11/><G71/><T68/><D68/><U4/><E4/><V114/><F7/><W57/><G134/><T46/><D95/><U105/><E105/><V44/><F130/><N who="3" m="49707" /><G65/><T129/><D129/><U118/><E118/><V54/><F54/><N who="3" m="29967" /><G82/><T126/><D97/><AGARI ba="2,2" hai="13,19,21,27,29,32,53,56,61,97,102,106,120,121" machi="97" ten="40,5200,0" yaku="1,1,52,1,53,1" doraHai="98" doraHaiUra="30" who="1" fromWho="0" sc="87,-58,252,78,369,0,272,0" /><INIT seed="4,0,0,2,5,20" ten="29,330,369,272" oya="0" hai0="17,72,58,5,65,26,16,28,69,107,100,122,127" hai1="86,82,25,41,32,1,112,45,103,56,51,13,76" hai2="39,79,97,126,104,96,63,46,8,49,53,19,135" hai3="88,47,23,94,43,37,60,81,125,21,52,40,59"/><T42/><D72/><U131/><E1/><V133/><F126/><W106/><G106/><T117/><D122/><U83/><E112/><V109/><F109/><W22/><G125/><T119/><D117/><U64/><E131/><V24/><F79/><W2/><G2/><T61/><D119/><U89/><E103/><V80/><F80/><W55/><G81/><T12/><D127/><U92/><E13/><V108/><F108/><W15/><G43/><T123/><D42/><U111/><E111/><V113/><F113/><W95/><G95/><T90/><D123/><U78/><E64/><V67/><F104/><W33/><G33/><N who="0" m="20631" /><D90/><U34/><E56/><V116/><F39/><W77/><G77/><T48/><D5/><U68/><E68/><V99/><F8/><W84/><G55/><N who="0" m="32103" /><D12/><U87/><E25/><V44/><F116/><W73/><G73/><AGARI ba="0,0" hai="32,34,41,45,51,73,76,78,82,83,86,87,89,92" machi="73" ten="30,1000,0" yaku="7,1" doraHai="20" who="1" fromWho="3" sc="29,0,330,10,369,0,272,-10" /><INIT seed="5,0,0,3,2,123" ten="29,340,369,262" oya="1" hai0="99,98,14,111,118,54,93,42,69,1,19,72,130" hai1="62,126,17,11,65,107,127,71,73,74,56,60,18" hai2="44,7,77,31,133,79,64,25,45,33,9,3,117" hai3="43,37,30,112,28,66,96,106,36,50,67,0,80"/><U24/><E107/><V110/><F117/><W75/><G50/><T6/><D69/><U13/><E24/><V100/><F100/><W27/><G112/><T132/><D118/><U125/><REACH who="1" step="1"/><E18/><REACH who="1" ten="29,330,369,262" step="2"/><V78/><F133/><W92/><G106/><T22/><D132/><U49/><E49/><V104/><F104/><W105/><G105/><T21/><D130/><U115/><E115/><V113/><F113/><W29/><G27/><T46/><D72/><U59/><E59/><V134/><F134/><W41/><G0/><T114/><D114/><U2/><E2/><V85/><F3/><W40/><G37/><T51/><D1/><U35/><E35/><V131/><F131/><W76/><REACH who="3" step="1"/><G36/><REACH who="3" ten="29,330,369,252" step="2"/><T39/><D6/><U61/><E61/><V91/><F7/><W10/><G10/><T34/><D34/><U4/><E4/><V48/><F9/><W119/><G119/><T120/><D22/><U82/><E82/><V86/><F48/><W23/><G23/><T47/><D120/><U16/><E16/><V55/><F25/><W90/><AGARI ba="0,2" hai="28,29,30,40,41,43,66,67,75,76,80,90,92,96" machi="90" ten="30,4000,0" yaku="1,1,0,1,53,1" doraHai="123" doraHaiUra="88" who="3" fromWho="3" sc="29,-10,330,-20,369,-10,252,60" /><INIT seed="6,0,0,0,4,75" ten="19,310,359,312" oya="2" hai0="38,95,13,64,102,39,85,114,29,122,69,35,128" hai1="127,81,108,22,55,9,54,123,118,71,130,121,48" hai2="82,47,19,117,87,30,46,25,100,44,18,134,17" hai3="104,94,2,49,84,12,131,133,23,67,112,37,4"/><V116/><F100/><W88/><G37/><T124/><D85/><U119/><E108/><V89/><REACH who="2" step="1"/><F134/><REACH who="2" ten="19,310,349,312" step="2"/><W90/><G133/><T77/><D13/><U11/><E127/><V132/><F132/><W57/><G2/><T27/><D95/><U56/><E130/><V125/><F125/><W53/><G131/><T96/><D124/><U63/><E119/><V21/><AGARI ba="0,1" hai="17,18,19,21,25,30,44,46,47,82,87,89,116,117" machi="21" ten="30,3000,0" yaku="1,1,0,1,53,0" doraHai="75" doraHaiUra="51" who="2" fromWho="2" sc="19,-10,310,-10,349,40,312,-10" /><INIT seed="6,1,0,2,1,49" ten="9,300,389,302" oya="2" hai0="76,75,12,98,118,2,86,18,32,48,62,0,79" hai1="68,27,20,15,52,16,124,90,113,31,29,106,82" hai2="14,122,111,88,91,132,46,13,54,133,85,7,99" hai3="10,34,116,43,123,11,121,112,108,55,128,17,135"/><V130/><F122/><W127/><G43/><T1/><D118/><U60/><E106/><V59/><F111/><W125/><G34/><T9/><D32/><U84/><E113/><V26/><F130/><W69/><G69/><T28/><D28/><U131/><E131/><V22/><F46/><W3/><G128/><T56/><D75/><U105/><E105/><V58/><F58/><W65/><G65/><T41/><D98/><U63/><E124/><N who="3" m="47690" /><G116/><T33/><D33/><U78/><E68/><V101/><F7/><N who="3" m="1407" /><G108/><T24/><D86/><U89/><E31/><V30/><F91/><W40/><G40/><T97/><D24/><U19/><E29/><V81/><F132/><W134/><G112/><T4/><D97/><U119/><E119/><V8/><F8/><W38/><G38/><T39/><D39/><U70/><E70/><V126/><F126/><W50/><G17/><T109/><D109/><U35/><E35/><V104/><F133/><N who="3" m="50699" /><G11/><T95/><D95/><U129/><E129/><V61/><AGARI ba="1,0" hai="13,14,22,26,30,54,59,61,81,85,88,99,101,104" machi="61" ten="20,7800,0" yaku="0,1,7,1,52,1,54,1" doraHai="49" who="2" fromWho="2" sc="9,-27,300,-27,389,81,302,-27" owari="-18,-52.0,273,-13.0,470,57.0,275,8.0" /></mjloggm>