<mjloggm ver="2.3"><GO type="97"/><UN n0="%E3%81%82%E3%81%8B%E3%81%8A%E3%81%A8%E3%81%93" n1="%E9%BC%BB%E6%AF%9B%E5%A4%A7%E7%B4%8D%E8%A8%80" n2="%E3%82%A6%E3%83%AB%E3%83%88%E3%83%A9%E7%AB%8B%E7%9B%B4" n3="%6E%61%67%69%73%61%31%31" dan="13,13,15,15" rate="1883,1814,1971,2065" sx="M,M,M,F"/><TAIKYOKU oya="0"/><INIT seed="0,0,0,4,1,76" ten="250,250,250,250" oya="0" hai0="132,99,48,10,114,107,21,59,27,30,42,64,105" hai1="16,130,68,135,89,109,29,49,83,23,39,84,0" hai2="31,124,125,20,106,115,111,56,101,113,33,50,45" hai3="17,53,74,92,104,12,77,131,13,52,60,112,123"/><T116/><D116/><U9/><E68/><V46/><F33/><W14/><G104/><T43/><D114/><U122/><E39/><V134/><F106/><W126/><G131/><T65/><D132/><U118/><E135/><V35/><F101/><W82/><G126/><N who="2" m="48745" /><F35/><W5/><G123/><T1/><D107/><U55/><E122/><V47/><F134/><W80/><G112/><T98/><D105/><U11/><E118/><V86/><F111/><W63/><G5/><T75/><D75/><U36/><E109/><V72/><F72/><W117/><G117/><T97/><D1/><U37/><E36/><V22/><F31/><W28/><G28/><T127/><D127/><U62/><E37/><V32/><F32/><W19/><G77/><T128/><D128/><U120/><E120/><V94/><F20/><W70/><G74/><T61/><D10/><U57/><E130/><V58/><F22/><W73/><G73/><T66/><D48/><U85/><E0/><V51/><F94/><W87/><G70/><T40/><AGARI ba="0,0" hai="21,27,30,40,42,43,59,61,64,65,66,97,98,99" machi="40" ten="30,3000,0" yaku="0,1,8,1" doraHai="76" who="0" fromWho="0" sc="250,30,250,-10,250,-10,250,-10" /><INIT seed="0,1,0,1,1,2" ten="280,240,240,240" oya="0" hai0="31,117,109,62,88,73,52,38,33,112,90,87,85" hai1="17,1,108,65,37,101,132,129,32,42,40,35,57" hai2="16,70,47,125,53,36,4,54,44,49,116,127,51" hai3="19,39,8,80,97,72,99,133,64,74,24,69,27"/><T95/><D117/><U110/><E101/><V5/><F116/><W93/><G39/><T61/><D112/><U76/><E1/><V128/><F36/><W75/><G133/><T121/><D121/><U118/><E132/><V113/><F70/><W15/><G97/><T23/><D38/><U9/><E118/><V63/><F63/><W41/><G41/><N who="1" m="15978" /><E37/><V100/><F100/><W71/><G64/><T58/><D109/><N who="1" m="42091" /><E76/><V56/><F56/><W107/><G107/><T6/><D33/><U84/><E84/><V14/><F113/><W55/><G55/><T119/><D73/><U78/><E78/><V25/><F25/><W83/><G24/><T111/><D111/><U21/><E9/><V114/><F114/><W102/><REACH who="3" step="1"/><G27/><REACH who="3" ten="280,240,240,230" step="2"/><T59/><D119/><U96/><E96/><V43/><F43/><W13/><G13/><T29/><D52/><U30/><E30/><V0/><F0/><W46/><G46/><T48/><D48/><U89/><E89/><V122/><F122/><W123/><G123/><T67/><D67/><U12/><E129/><V98/><F98/><W60/><G60/><AGARI ba="1,1" hai="12,17,21,32,35,57,60,65" m="42091,15978" machi="60" ten="30,1000,0" yaku="14,1" doraHai="2" who="1" fromWho="3" sc="280,0,240,23,240,0,230,-13" /><INIT seed="1,0,0,1,1,29" ten="280,263,240,217" oya="1" hai0="27,56,108,74,43,102,54,113,55,126,86,131,79" hai1="132,67,68,93,103,61,14,20,120,129,80,48,34" hai2="115,92,8,134,44,78,6,60,119,72,76,58,32" hai3="16,112,28,2,11,65,90,41,117,71,4,59,99"/><U35/><E120/><V53/><F119/><W104/><G112/><T70/><D113/><U26/><E129/><V69/><F115/><W47/><G117/><T10/><D131/><U124/><E124/><V49/><F134/><W91/><G71/><T73/><D126/><U121/><E121/><V77/><F69/><W5/><G5/><T38/><D108/><U122/><E122/><V17/><F17/><W97/><G28/><T135/><D135/><U110/><E80/><V114/><F114/><W130/><G130/><T105/><D70/><U12/><E110/><V7/><F72/><W19/><G65/><T123/><D123/><U116/><E132/><V98/><F32/><W83/><G59/><T50/><D38/><U22/><E116/><V95/><F8/><W87/><G97/><T85/><D105/><U127/><E127/><V81/><F81/><W46/><G46/><T13/><D102/><U45/><E22/><V40/><REACH who="2" step="1"/><F95/><REACH who="2" ten="280,263,230,217" step="2"/><W18/><G104/><T109/><D74/><U125/><E125/><V25/><F25/><W84/><G99/><T133/><D73/><U51/><E93/><V94/><F94/><W39/><REACH who="3" step="1"/><G87/><REACH who="3" ten="280,263,230,207" step="2"/><T75/><D109/><U107/><E68/><V42/><F42/><W106/><G106/><T100/><D133/><U111/><E107/><V3/><F3/><W82/><G82/><T15/><D75/><U88/><E111/><V101/><AGARI ba="0,2" hai="6,7,40,44,49,53,58,60,76,77,78,92,98,101" machi="101" ten="30,4000,0" yaku="1,1,0,1,8,1,53,0" doraHai="29" doraHaiUra="30" who="2" fromWho="2" sc="280,-10,263,-20,230,60,207,-10" /><INIT seed="2,0,0,4,4,4" ten="270,243,290,197" oya="2" hai0="64,82,107,76,85,58,86,10,8,110,83,45,131" hai1="121,20,116,25,111,115,67,60,69,51,91,50,13" hai2="114,14,32,56,66,92,102,133,125,62,105,22,29" hai3="42,39,28,2,70,108,77,68,127,84,73,99,72"/><V31/><F114/><W79/><G2/><T11/><D107/><U109/><E115/><V1/><F1/><W9/><G108/><N who="1" m="41546" /><E121/><V41/><F125/><W96/><G127/><T23/><D110/><U80/><E116/><V134/><F105/><W135/><G135/><N who="2" m="51721" /><F32/><W24/><G42/><T106/><D106/><U101/><E101/><V38/><F41/><W6/><G39/><T124/><D124/><U37/><E37/><V40/><F40/><W119/><G119/><T128/><D45/><U26/><E13/><V54/><F38/><W49/><G49/><N who="1" m="18442" /><E20/><V74/><F74/><W61/><G6/><T89/><D23/><U95/><E80/><V16/><F102/><W57/><G72/><T88/><D76/><U126/><E126/><V132/><F92/><W103/><G77/><T3/><D3/><U112/><E112/><V104/><F104/><W130/><G79/><T47/><D47/><U5/><E5/><V120/><F120/><W90/><G103/><T7/><D7/><U52/><E52/><V27/><N who="2" m="51729" /><V0/><DORA hai="55" /><F0/><W118/><G73/><T87/><D87/><AGARI ba="0,0" hai="25,26,60,67,69,87,91,95" m="18442,41546" machi="87" ten="30,1000,0" yaku="14,1" doraHai="4,55" who="1" fromWho="0" sc="270,-10,243,10,290,0,197,0" /><INIT seed="3,0,0,0,1,39" ten="260,253,290,197" oya="3" hai0="78,23,20,105,121,9,119,6,69,51,19,104,71" hai1="101,25,17,33,15,74,3,10,2,77,120,116,92" hai2="5,112,72,109,98,132,60,115,70,68,83,134,82" hai3="28,55,21,56,88,126,37,108,84,67,29,91,111"/><W86/><G37/><T52/><D121/><U131/><E74/><V14/><F109/><N who="3" m="42059" /><G67/><T80/><D119/><U12/><E77/><V22/><F98/><W103/><G103/><T113/><D113/><U49/><E49/><V100/><F100/><W44/><G126/><T31/><D105/><U110/><E120/><V27/><F72/><W8/><G8/><T48/><D104/><U81/><E110/><V97/><F97/><W43/><G21/><T38/><D38/><U123/><E81/><V45/><F14/><W58/><G43/><T7/><D71/><U18/><E123/><V90/><F5/><N who="0" m="1546" /><D51/><U66/><E92/><V128/><F60/><N who="3" m="35871" /><G44/><N who="0" m="27655" /><D69/><U46/><E66/><V89/><F45/><W129/><G129/><T125/><D125/><U42/><E46/><V99/><F128/><W40/><G40/><T133/><D133/><U76/><E42/><V135/><F70/><W87/><G58/><T30/><D80/><N who="2" m="30762" /><F68/><W26/><G26/><T114/><D78/><U122/><E76/><V93/><F89/><AGARI ba="0,0" hai="28,29,84,86,87,88,89,91" m="35871,42059" machi="89" ten="30,5800,0" yaku="14,1,10,1,54,1" doraHai="39" who="3" fromWho="2" sc="260,0,253,0,290,-58,197,58" /><INIT seed="3,1,0,5,1,100" ten="260,253,232,255" oya="3" hai0="23,105,133,62,12,114,5,97,53,126,71,134,75" hai1="31,81,129,111,58,76,8,125,34,117,99,7,19" hai2="41,37,89,121,36,66,93,77,14,118,87,22,128" hai3="25,98,70,26,15,102,0,79,40,74,56,42,2"/><W39/><G70/><T108/><D75/><U73/><E117/><V103/><F118/><W78/><G74/><T49/><D114/><U116/><E111/><V127/><F121/><W50/><G39/><T115/><D115/><U16/><E116/><V38/><F127/><W92/><G2/><T96/><D108/><U69/><E125/><V80/><F128/><W85/><G0/><T32/><D32/><U44/><E69/><V123/><F123/><W86/><G15/><T20/><D126/><U67/><E129/><V112/><F112/><W90/><G56/><T63/><D5/><U72/><E44/><V48/><F66/><W27/><G50/><T57/><D71/><U4/><E99/><V18/><F103/><W124/><G124/><T130/><D130/><U84/><E73/><V11/><F48/><W104/><REACH who="3" step="1"/><G86/><REACH who="3" ten="260,253,232,245" step="2"/><T10/><D97/><U24/><E72/><V13/><F41/><AGARI ba="1,1" hai="25,26,27,40,41,42,78,79,85,90,92,98,102,104" machi="41" ten="40,7700,0" yaku="1,1,2,1,52,1,53,0" doraHai="100" doraHaiUra="51" who="3" fromWho="2" sc="260,0,253,0,232,-80,245,90" owari="260,6.0,253,-15.0,152,-35.0,335,44.0" /></mjloggm>