<mjloggm ver="2.3"><GO type="41"/><UN n0="%EF%BC%88%E2%89%A7%E2%96%BD%E2%89%A6%EF%BC%89" n1="%E6%BA%80%E6%9C%88%E3%81%95%E3%82%93" n2="%70%69%6B%6F%72%69%6E" n3="%E3%83%AD%E3%83%83%E3%82%AF%E3%82%92%E8%81%B4%E3%81%91" dan="15,13,14,13" rate="2041,1907,1872,2019" sx="M,M,M,M"/><TAIKYOKU oya="0"/><INIT seed="0,0,0,1,5,33" ten="250,250,250,250" oya="0" hai0="85,83,71,44,64,51,74,66,98,122,107,111,52" hai1="110,61,1,89,104,90,10,132,40,109,38,125,60" hai2="3,117,93,65,41,50,87,0,120,62,68,5,78" hai3="97,63,133,86,106,116,30,127,100,76,114,17,96"/><T58/><D122/><U72/><E72/><V20/><F120/><W4/><G114/><T43/><D111/><N who="1" m="42507" /><E104/><V119/><F20/><W11/><G127/><T102/><D74/><U21/><E21/><V42/><F5/><W37/><G30/><T45/><D71/><U18/><E132/><V12/><F12/><W48/><G37/><T135/><D135/><U55/><E125/><V108/><F108/><W47/><G63/><N who="1" m="24138" /><E55/><V70/><F70/><W32/><G32/><T129/><D129/><U134/><E134/><V77/><F93/><W91/><G76/><T34/><D34/><U2/><E18/><V69/><F62/><W94/><G17/><T22/><D22/><U92/><E10/><V8/><F8/><W57/><G133/><T113/><D113/><U19/><E19/><V9/><F9/><W99/><G116/><T130/><D130/><U13/><E13/><V27/><F27/><W73/><G73/><T75/><D75/><U6/><E6/><V103/><F103/><W128/><G128/><T56/><D56/><U67/><E67/><V24/><F24/><W82/><G57/><T31/><D31/><U39/><E90/><V131/><F131/><W46/><G106/><T88/><REACH who="0" step="1"/><D45/><REACH who="0" step="2"/><N who="1" m="23703" /><E39/><AGARI ba="0,1" hai="39,43,44,51,52,58,64,66,83,85,88,98,102,107" machi="39" ten="30,12000,1" yaku="1,1,7,1,54,2,53,1" doraHai="33" doraHaiUra="95" who="0" fromWho="1" sc="240,130,250,-120,250,0,250,0" /><INIT seed="0,1,0,2,2,69" ten="370,130,250,250" oya="0" hai0="51,40,78,54,129,58,30,110,111,77,102,120,62" hai1="63,15,119,74,104,34,101,10,26,115,82,21,46" hai2="97,89,7,116,3,23,41,83,103,100,47,112,128" hai3="50,27,105,118,36,85,6,48,43,45,121,123,13"/><T96/><D120/><N who="3" m="46153" /><G118/><T2/><D2/><U72/><E119/><V12/><F116/><W108/><G108/><N who="0" m="41515" /><D129/><U114/><E34/><V134/><F112/><N who="1" m="43049" /><E104/><V125/><F128/><W98/><G27/><T90/><D30/><U56/><E101/><V66/><F66/><W117/><G117/><T0/><D90/><U25/><E46/><V8/><F134/><W113/><G113/><T79/><D0/><U87/><E26/><V22/><F125/><W94/><G85/><T19/><D19/><N who="1" m="8695" /><E56/><V67/><F67/><W75/><G75/><T122/><D122/><U33/><E33/><V53/><F3/><W109/><G105/><N who="0" m="63687" /><D40/><U93/><E93/><V91/><F41/><W65/><G109/><T16/><D16/><N who="1" m="12455" /><E63/><AGARI ba="1,0" hai="51,54,58,62,63,77,78,79" m="63687,41515" machi="63" ten="30,2900,0" yaku="14,1,10,1" doraHai="69" who="0" fromWho="1" sc="370,32,130,-32,250,0,250,0" /><INIT seed="0,2,0,4,5,26" ten="402,98,250,250" oya="0" hai0="69,103,39,87,1,34,0,55,71,114,110,64,41" hai1="14,21,75,84,92,99,132,2,22,18,50,134,53" hai2="12,130,129,46,131,101,80,94,63,133,107,135,85" hai3="81,3,19,74,127,43,36,105,32,111,5,78,93"/><T29/><D114/><U113/><E2/><N who="0" m="1129" /><D55/><U56/><E75/><V7/><F63/><W90/><G105/><T120/><D120/><U58/><E113/><V37/><F7/><W106/><G106/><T104/><D87/><U123/><E123/><V6/><F6/><W124/><G19/><T17/><D17/><U11/><E11/><V65/><F12/><W38/><G32/><T66/><D66/><U98/><E58/><V96/><F65/><W70/><G70/><N who="0" m="26635" /><D64/><U54/><E53/><V76/><F37/><W31/><G43/><T91/><D91/><N who="1" m="53351" /><E21/><V77/><F46/><W44/><G44/><N who="0" m="23615" /><D110/><U9/><E9/><V83/><F94/><W27/><G111/><T15/><D15/><U72/><E72/><AGARI ba="2,0" hai="72,76,77,80,83,85,96,101,107,129,130,131,133,135" machi="72" ten="40,8000,1" yaku="19,1,34,3" doraHai="26" who="2" fromWho="1" sc="402,0,98,-86,250,86,250,0" /><INIT seed="1,0,0,3,1,17" ten="402,12,336,250" oya="1" hai0="26,56,35,104,75,13,43,135,22,23,97,116,72" hai1="70,2,133,27,95,91,54,29,117,126,92,90,103" hai2="20,78,82,94,119,59,8,45,88,101,99,33,11" hai3="38,47,87,62,125,131,106,83,31,109,18,118,127"/><U115/><E2/><V98/><F33/><W55/><G106/><T63/><D116/><U48/><E117/><V61/><F119/><W46/><G109/><T132/><D43/><U4/><E115/><V53/><F45/><W76/><G118/><T42/><D42/><U113/><E113/><V40/><F40/><W15/><G31/><N who="0" m="19959" /><D104/><U85/><E70/><V73/><F99/><W102/><G102/><T67/><D97/><U1/><E133/><N who="0" m="51273" /><D13/><U60/><E60/><V66/><F101/><W77/><G77/><T128/><D128/><U34/><E103/><V50/><F66/><W24/><G24/><T0/><D0/><U14/><E126/><V16/><F50/><W81/><G38/><T5/><D5/><U100/><E100/><V57/><F57/><N who="3" m="35135" /><G81/><T111/><D111/><U51/><E1/><V37/><F37/><W112/><G131/><T6/><D6/><U12/><E4/><V65/><F65/><W93/><G93/><T69/><D69/><U7/><E51/><V110/><F110/><W89/><G76/><T80/><D80/><U9/><E7/><V39/><F39/><W30/><G112/><T134/><D134/><U10/><E9/><V19/><F19/><W96/><G125/><T114/><D114/><U79/><E10/><V64/><F64/><W130/><G130/><T107/><D107/><U84/><E79/><V21/><F11/><N who="3" m="6527" /><G127/><T123/><D123/><U124/><E124/><V36/><F36/><W3/><G3/><T44/><D44/><AGARI ba="0,0" hai="12,14,27,29,34,44,48,54,84,85,90,91,92,95" machi="44" ten="30,2900,0" yaku="7,1,9,1" doraHai="17" who="1" fromWho="0" sc="402,-29,12,29,336,0,250,0" /><INIT seed="1,1,0,5,5,18" ten="373,41,336,250" oya="1" hai0="88,102,22,10,106,73,62,9,132,19,65,39,85" hai1="41,17,0,120,74,6,34,30,72,64,131,109,97" hai2="93,122,134,54,96,2,116,124,40,117,108,53,82" hai3="90,111,47,95,48,16,20,75,57,33,12,24,99"/><U31/><E120/><V44/><F2/><W86/><G75/><T32/><D73/><U25/><E109/><V121/><F82/><W81/><G111/><T77/><D39/><U126/><E126/><V50/><F108/><W7/><G57/><N who="0" m="37071" /><D32/><U60/><E131/><V91/><F124/><W89/><G33/><T71/><D71/><U35/><E41/><V130/><F130/><W105/><G105/><T37/><D37/><U83/><E97/><V8/><F8/><N who="0" m="3178" /><D106/><U28/><E83/><V80/><F80/><W127/><G127/><T119/><D119/><U14/><E31/><V3/><F3/><W67/><G67/><T107/><D107/><U98/><E98/><V69/><F69/><W51/><G7/><T42/><D42/><U68/><E30/><V26/><F117/><W58/><G58/><T94/><D132/><U52/><E52/><V55/><F134/><W5/><G5/><T103/><D77/><U112/><E35/><V123/><F116/><W84/><G47/><T1/><D1/><U114/><E112/><V104/><F104/><W56/><G56/><T59/><D59/><U133/><E133/><V135/><F135/><W129/><G99/><T4/><D4/><U21/><E114/><V61/><F61/><W66/><G66/><T49/><D49/><U78/><E78/><V92/><F92/><W13/><G129/><T101/><D101/><U76/><E76/><V45/><F45/><W87/><G87/><T23/><D19/><U100/><E100/><V113/><F113/><W27/><G86/><T36/><D36/><U118/><E118/><RYUUKYOKU ba="1,0" sc="373,10,41,10,336,10,250,-30" hai0="22,23,85,88,94,102,103" hai1="0,6,14,17,21,25,28,34,60,64,68,72,74" hai2="26,40,44,50,53,54,55,91,93,96,121,122,123" /><INIT seed="1,2,0,5,5,47" ten="383,51,346,220" oya="1" hai0="97,105,12,39,68,131,2,19,90,82,134,58,78" hai1="18,108,67,5,7,125,32,103,48,59,69,77,13" hai2="30,101,100,6,57,71,41,123,28,10,113,60,46" hai3="4,126,72,87,62,31,1,85,84,91,117,106,25"/><U3/><E32/><V26/><F71/><W88/><G72/><T56/><D68/><U52/><E125/><V133/><F123/><W50/><G106/><T42/><D2/><U23/><E108/><V8/><F133/><W99/><G126/><T36/><D134/><U11/><E5/><V40/><F113/><W44/><G117/><T89/><D131/><U86/><E103/><V120/><F120/><W55/><G62/><T75/><D90/><U132/><E132/><V96/><F100/><W49/><G99/><T37/><D42/><U20/><E69/><V81/><F81/><W130/><G130/><T104/><D104/><U33/><E67/><V110/><F110/><W79/><G79/><T116/><D116/><U124/><E33/><V51/><F41/><N who="3" m="24719" /><G4/><T129/><D129/><U135/><E135/><V122/><F30/><W80/><G1/><T9/><REACH who="0" step="1"/><D105/><REACH who="0" step="2"/><U64/><E124/><V65/><F122/><W114/><G91/><T118/><D118/><U102/><E64/><V43/><F43/><W17/><G114/><T27/><D27/><U109/><E109/><V107/><F6/><W119/><G119/><T35/><D35/><AGARI ba="2,1" hai="8,10,26,28,35,40,46,51,57,60,65,96,101,107" machi="35" ten="30,2000,0" yaku="7,1,52,1" doraHai="47" who="2" fromWho="0" sc="373,-26,51,0,346,36,220,0" /><INIT seed="2,0,0,2,0,18" ten="347,51,382,220" oya="2" hai0="38,101,2,21,94,28,48,15,86,82,118,47,104" hai1="111,16,24,127,117,20,25,8,10,26,73,87,64" hai2="53,13,43,46,52,114,32,98,89,93,55,70,35" hai3="78,115,60,124,103,5,4,96,91,44,75,71,40"/><V12/><F114/><W120/><G120/><T67/><D2/><U6/><E73/><V128/><F70/><W42/><G124/><T50/><D118/><U14/><E127/><V56/><F128/><W99/><G91/><T30/><D104/><U27/><E117/><V68/><F68/><W36/><G115/><T95/><D67/><U33/><E64/><V100/><F56/><W61/><G71/><T3/><D3/><N who="1" m="95" /><E111/><V105/><F35/><W129/><G129/><T7/><D38/><U121/><E121/><V107/><F32/><W49/><G49/><N who="0" m="19051" /><D47/><U37/><E37/><V88/><F107/><W22/><G36/><T62/><D62/><U106/><E87/><V66/><F66/><W116/><G61/><T135/><D135/><U80/><E80/><V41/><F46/><W69/><G60/><T45/><D45/><U65/><E65/><V58/><F58/><W123/><G44/><T39/><D39/><U134/><E106/><V112/><F112/><W113/><G113/><T54/><D54/><U108/><E108/><V90/><F105/><W34/><G123/><T11/><D101/><U132/><E33/><V85/><F85/><W0/><G34/><T126/><D126/><U92/><E92/><N who="0" m="35369" /><D21/><U63/><E63/><V31/><F31/><AGARI ba="0,0" hai="10,14,16,20,24,25,26,27,31,132,134" m="95" machi="31" ten="30,7700,0" yaku="34,2,52,1,54,1" doraHai="18" who="1" fromWho="2" sc="347,0,51,77,382,-77,220,0" /><INIT seed="3,0,0,0,2,13" ten="347,128,305,220" oya="3" hai0="118,35,135,115,130,61,27,128,1,19,125,127,23" hai1="57,87,74,52,63,59,91,134,75,123,2,6,68" hai2="114,111,15,36,43,47,28,10,26,3,71,105,41" hai3="80,121,16,76,124,113,100,65,103,86,93,78,133"/><W132/><G113/><T110/><D118/><U99/><E123/><V34/><F71/><W29/><G121/><T22/><D115/><U11/><E68/><V62/><F114/><W73/><G29/><N who="0" m="19903" /><D1/><U40/><E134/><N who="3" m="51818" /><G65/><T4/><D135/><U94/><E40/><V79/><F105/><W20/><G124/><N who="0" m="47691" /><D4/><U30/><E30/><V119/><F119/><W55/><G55/><T33/><D110/><U122/><E122/><V46/><F111/><W45/><G45/><T104/><D104/><U89/><REACH who="1" step="1"/><E57/><REACH who="1" step="2"/><V48/><F43/><W21/><G76/><T81/><D130/><U96/><E96/><V31/><F79/><W126/><G126/><T17/><D128/><U50/><E50/><V54/><F31/><W116/><G116/><T58/><D33/><U120/><E120/><V85/><F62/><W56/><G56/><T18/><D81/><AGARI ba="0,1" hai="2,6,11,52,59,63,74,75,81,87,89,91,94,99" machi="81" ten="30,3900,0" yaku="1,1,7,1,54,1,53,0" doraHai="13" doraHaiUra="24" who="1" fromWho="0" sc="347,-39,118,49,305,0,220,0" /><INIT seed="4,0,0,2,3,27" ten="308,167,305,220" oya="0" hai0="48,109,84,62,7,128,115,78,47,108,74,18,5" hai1="65,16,33,77,15,129,63,76,2,13,44,127,79" hai2="134,25,1,41,70,86,54,99,101,110,19,12,60" hai3="23,80,4,35,107,75,135,45,95,38,11,49,50"/><T0/><D128/><U61/><E129/><V123/><F1/><W43/><G107/><T82/><D115/><U8/><E2/><V72/><F72/><W21/><G35/><T113/><D113/><U103/><E33/><V126/><F110/><N who="0" m="42602" /><D0/><U88/><E103/><V73/><F73/><W125/><G125/><T94/><D18/><U102/><E102/><V67/><F123/><W122/><G135/><T98/><D62/><U85/><E44/><V81/><F41/><W119/><G119/><T105/><D74/><U121/><E127/><V31/><F126/><W34/><G34/><T130/><D105/><U10/><E65/><V29/><F25/><W106/><G106/><T32/><D32/><U56/><E56/><V112/><F134/><W9/><G95/><T17/><D17/><U104/><E104/><V64/><F64/><W100/><G4/><T36/><D36/><U40/><E40/><V111/><F111/><W90/><G43/><N who="0" m="24703" /><D130/><U92/><E121/><V132/><F132/><W53/><G38/><T26/><D26/><U124/><E124/><V116/><F112/><W46/><G75/><T42/><D42/><U89/><E89/><AGARI ba="0,0" hai="5,7,78,82,84,89,94,98" m="24703,42602" machi="89" ten="30,1500,0" yaku="10,1" doraHai="27" who="0" fromWho="1" sc="308,15,167,-15,305,0,220,0" /><INIT seed="4,1,0,4,0,31" ten="323,152,305,220" oya="0" hai0="119,97,25,120,104,111,114,42,34,53,8,112,35" hai1="14,99,105,118,41,49,66,94,103,7,91,130,133" hai2="77,6,45,135,32,128,122,20,0,48,27,90,123" hai3="24,26,95,46,72,80,16,56,3,61,43,127,33"/><T21/><D120/><U124/><E118/><V54/><F77/><W22/><G3/><T17/><D119/><U113/><E130/><V125/><F128/><W82/><G127/><T89/><D42/><U83/><E124/><V75/><F75/><W47/><G72/><T50/><D111/><U30/><E113/><N who="0" m="43625" /><D8/><U39/><E133/><V106/><F125/><W70/><G70/><T69/><D69/><U79/><E39/><V131/><F131/><W11/><G11/><T85/><D97/><U81/><E30/><V38/><F106/><W126/><G126/><T63/><D104/><U18/><E66/><V76/><F76/><W55/><G95/><N who="0" m="54703" /><D63/><U84/><E7/><V121/><F135/><W52/><G55/><T71/><D71/><U102/><E102/><V28/><F38/><W36/><REACH who="3" step="1"/><G47/><AGARI ba="1,0" hai="17,21,25,34,35,47,50,53" m="54703,43625" machi="47" ten="30,5800,0" yaku="15,1,52,2" doraHai="31" who="0" fromWho="3" sc="323,61,152,0,305,0,220,-61" /><INIT seed="4,2,0,3,3,71" ten="384,152,305,159" oya="0" hai0="2,21,20,26,49,37,8,128,96,102,65,78,19" hai1="81,60,46,114,69,118,63,86,77,111,58,76,98" hai2="90,54,50,48,127,29,135,17,67,88,56,106,112" hai3="105,116,38,125,30,66,134,36,87,47,64,92,57"/><T101/><D128/><U25/><E111/><V7/><F106/><W33/><G105/><T108/><D108/><U93/><E114/><V73/><F73/><W27/><G116/><T74/><D65/><U75/><E118/><V120/><F120/><W124/><G134/><T5/><D37/><N who="3" m="14441" /><G47/><T97/><D74/><U121/><E121/><V85/><F7/><W43/><G43/><T42/><D78/><U129/><E129/><V70/><F29/><W53/><G92/><T23/><D101/><U104/><E69/><V113/><F135/><W133/><G87/><T72/><D72/><U132/><E132/><V79/><F50/><N who="3" m="30903" /><G133/><T68/><D42/><U123/><E123/><V62/><F79/><W22/><G33/><T15/><D68/><U84/><E46/><V1/><F1/><W59/><G59/><T28/><D2/><U80/><E25/><V91/><F17/><W131/><G131/><T110/><D19/><U61/><E104/><V55/><F55/><W109/><G109/><T0/><D110/><U95/><E75/><V13/><F13/><W45/><G45/><T41/><D15/><U40/><E40/><V24/><F24/><W3/><G3/><T89/><D41/><U16/><E16/><V34/><F34/><W52/><G52/><T14/><D0/><U35/><E35/><V115/><F85/><W82/><G82/><T83/><D83/><U94/><REACH who="1" step="1"/><E58/><REACH who="1" step="2"/><V12/><F70/><W117/><G117/><T107/><D26/><U4/><E4/><V11/><F115/><W119/><G119/><T9/><D5/><U100/><AGARI ba="2,1" hai="60,61,63,76,77,80,81,84,86,93,94,95,98,100" machi="100" ten="30,8000,1" yaku="1,1,5,1,0,1,9,1,8,1,53,0" doraHai="71" doraHaiUra="39" who="1" fromWho="1" sc="384,-42,142,96,305,-22,159,-22" /><INIT seed="5,0,0,5,5,126" ten="342,238,283,137" oya="1" hai0="39,37,21,102,131,105,55,80,35,59,6,81,71" hai1="73,64,98,56,84,9,25,61,5,96,91,75,52" hai2="106,114,29,0,86,100,88,119,46,110,101,65,36" hai3="93,31,125,7,87,34,2,42,123,11,49,127,44"/><U124/><E124/><N who="3" m="47690" /><G123/><T85/><D71/><U104/><E25/><V40/><F0/><W8/><G8/><T60/><D35/><U48/><E75/><V18/><F119/><W41/><G93/><T116/><D116/><U10/><E73/><V129/><F110/><W4/><G4/><T77/><D6/><U69/><E104/><V58/><F29/><W82/><G31/><T79/><D131/><U54/><E10/><V72/><F72/><W95/><G95/><T97/><REACH who="0" step="1"/><D21/><REACH who="0" step="2"/><U89/><E54/><V67/><F129/><W133/><G34/><T122/><D122/><U111/><E111/><V94/><F106/><W117/><G117/><T13/><D13/><U38/><E38/><V19/><F114/><W57/><G133/><T32/><D32/><U115/><E115/><V24/><F67/><W92/><G7/><T33/><D33/><U23/><E23/><V113/><F113/><W103/><G2/><T62/><D62/><U26/><E26/><V16/><F24/><W99/><G11/><T66/><D66/><U17/><E17/><V45/><F65/><W128/><G128/><T107/><D107/><U51/><E51/><V132/><F132/><W121/><G121/><T90/><D90/><U30/><E30/><V78/><F19/><W15/><G15/><T53/><D53/><U14/><REACH who="1" step="1"/><E91/><REACH who="1" step="2"/><V118/><F118/><W134/><G134/><T28/><D28/><U50/><E50/><V1/><F18/><W74/><G49/><T135/><D135/><U63/><E63/><V3/><F16/><W76/><G41/><T22/><D22/><RYUUKYOKU ba="0,2" sc="332,15,228,15,283,-15,137,-15" hai0="37,39,55,59,60,77,79,80,81,85,97,102,105" hai1="5,9,14,48,52,56,61,64,69,84,89,96,98" /><INIT seed="5,1,2,5,4,123" ten="347,243,268,122" oya="1" hai0="68,96,88,12,129,17,130,107,100,41,9,95,30" hai1="105,10,50,48,74,32,93,118,29,69,49,62,64" hai2="106,58,102,7,38,44,66,19,108,87,80,39,22" hai3="97,112,43,78,2,3,120,92,71,11,109,114,26"/><U27/><E74/><V116/><F7/><W119/><G71/><T45/><D68/><U98/><E10/><V67/><F116/><W134/><G43/><T0/><D30/><U128/><E128/><N who="0" m="49257" /><D0/><U110/><E118/><V72/><F72/><W52/><G120/><T37/><D107/><U125/><E125/><V61/><F67/><W36/><G36/><T18/><D18/><U111/><REACH who="1" step="1"/><E93/><REACH who="1" step="2"/><V13/><F106/><W133/><G11/><T20/><D9/><U73/><E73/><V101/><F39/><W47/><G119/><T28/><D28/><U76/><E76/><V126/><F126/><W131/><G78/><T65/><D65/><U21/><E21/><V15/><F38/><W82/><G2/><T94/><D94/><U53/><E53/><V8/><F8/><W4/><G3/><T5/><D5/><U70/><E70/><V14/><F22/><W135/><G4/><T35/><D35/><U86/><E86/><V25/><F87/><W31/><G131/><T51/><D37/><U115/><E115/><N who="3" m="44074" /><G82/><T16/><D17/><U103/><AGARI ba="1,3" hai="27,29,32,48,49,50,62,64,69,98,103,105,110,111" machi="103" ten="30,18000,2" yaku="1,1,0,1,25,2,52,2,53,0" doraHai="123" doraHaiUra="85" who="1" fromWho="1" sc="347,-61,233,213,268,-61,122,-61" /><INIT seed="5,2,0,3,3,76" ten="286,446,207,61" oya="1" hai0="90,4,34,117,9,102,97,11,6,120,45,98,100" hai1="129,79,7,107,25,84,23,80,99,62,61,78,110" hai2="95,108,24,43,29,55,106,19,64,86,58,69,48" hai3="68,112,94,26,114,57,52,92,113,88,59,103,1"/><U66/><E110/><V27/><F106/><W74/><G68/><T65/><D34/><U32/><E129/><V96/><F108/><W63/><G1/><T116/><D45/><U126/><E7/><V35/><F43/><W2/><G2/><T81/><D90/><U20/><E126/><V73/><F73/><W105/><G105/><T5/><D65/><U39/><E39/><V104/><F86/><W21/><G74/><T109/><D109/><U85/><E61/><V71/><F95/><W83/><G103/><T77/><D77/><U30/><E84/><V51/><F51/><W44/><G44/><T40/><D40/><U132/><E78/><V41/><F41/><W111/><G59/><T46/><D46/><U130/><E132/><V128/><F128/><W49/><G49/><T60/><D60/><U33/><E33/><V133/><F133/><W17/><G111/><T72/><D72/><U31/><E31/><V56/><F56/><W70/><G70/><T91/><D4/><U38/><E38/><V121/><F121/><W89/><G89/><T75/><D91/><U125/><E130/><V22/><F64/><W47/><G47/><T127/><D75/><U118/><E125/><V101/><AGARI ba="2,0" hai="19,22,24,27,29,35,48,55,58,69,71,96,101,104" machi="101" ten="30,1100,0" yaku="0,1" doraHai="76" who="2" fromWho="2" sc="286,-5,446,-7,207,17,61,-5" /><INIT seed="6,0,0,5,4,92" ten="281,439,224,56" oya="2" hai0="85,30,102,111,46,24,93,125,118,67,41,54,120" hai1="43,78,5,72,77,84,133,40,99,114,73,107,56" hai2="6,1,33,100,32,119,13,116,117,45,110,15,50" hai3="39,130,104,115,36,94,112,69,12,23,101,21,89"/><V59/><F100/><W128/><G69/><T124/><D120/><U103/><E133/><V97/><F59/><W65/><G65/><T16/><D111/><U81/><E114/><N who="3" m="43562" /><G101/><T131/><D118/><U28/><E40/><V27/><F110/><W106/><G12/><T75/><D131/><N who="3" m="50217" /><G94/><T96/><D75/><U42/><E43/><V132/><F132/><W55/><G55/><T35/><D67/><U82/><E56/><V83/><F83/><W22/><G89/><T37/><D54/><U3/><E42/><V18/><F50/><W52/><G52/><T105/><D105/><AGARI ba="0,0" hai="21,22,23,36,39,104,105,106" m="50217,43562" machi="105" ten="40,8000,1" yaku="28,2,15,1,11,1,19,1" doraHai="92" who="3" fromWho="0" sc="281,-80,439,0,224,0,56,80" /><INIT seed="7,0,0,5,5,106" ten="201,439,224,136" oya="3" hai0="71,109,55,29,118,16,125,66,117,123,47,89,97" hai1="44,114,32,19,54,42,21,26,17,46,130,10,40" hai2="85,98,129,57,84,124,135,102,38,8,34,121,112" hai3="104,108,119,99,0,49,101,53,18,78,51,67,132"/><W90/><G119/><N who="0" m="45579" /><D89/><U4/><E114/><V92/><F34/><W111/><G0/><T122/><D97/><U120/><E32/><V20/><F38/><W94/><G132/><T31/><D16/><N who="1" m="12583" /><E120/><N who="0" m="46121" /><D29/><U2/><E130/><V1/><F121/><W81/><G18/><T62/><D31/><U115/><E115/><V131/><F112/><W58/><G67/><T65/><D109/><N who="3" m="42057" /><G51/><N who="0" m="29183" /><D66/><U127/><E2/><V35/><F35/><W27/><G27/><T91/><D91/><U80/><E80/><V61/><F135/><W5/><G5/><T69/><D125/><U36/><E4/><V103/><F124/><W28/><G28/><T30/><D30/><U37/><E127/><V50/><F20/><W86/><G104/><T6/><D6/><U24/><E17/><V77/><F8/><W60/><G60/><T110/><D110/><U128/><E19/><V72/><F1/><W13/><G13/><T45/><D45/><U23/><E24/><V116/><F116/><W48/><G48/><T113/><D113/><U63/><E23/><V76/><F50/><W79/><AGARI ba="0,0" hai="49,53,58,78,79,81,86,90,94,99,101" m="42057" machi="79" ten="30,1500,0" yaku="10,1" doraHai="106" who="3" fromWho="3" sc="201,-5,439,-5,224,-5,136,15" /><INIT seed="7,1,0,4,5,27" ten="196,434,219,151" oya="3" hai0="8,22,129,96,75,116,86,21,121,104,1,66,82" hai1="2,83,9,91,130,111,31,39,113,74,68,5,73" hai2="128,132,17,3,19,25,51,108,32,53,23,64,87" hai3="98,101,36,135,18,20,43,57,126,63,45,50,33"/><W30/><G135/><T124/><D121/><U12/><E113/><V80/><F3/><W94/><G126/><T0/><D116/><U52/><E130/><V106/><F106/><W99/><G99/><T67/><D129/><U95/><E111/><V37/><F108/><W54/><G33/><T69/><D124/><U10/><E39/><V58/><F37/><W122/><G122/><T40/><D75/><U61/><E31/><V55/><F128/><W16/><G36/><T131/><D131/><U35/><E35/><V100/><F100/><W7/><G7/><T118/><D118/><U88/><E83/><V133/><F32/><W24/><AGARI ba="1,0" hai="16,18,20,24,30,43,45,50,54,57,63,94,98,101" machi="24" ten="30,11700,0" yaku="0,1,8,1,52,1,54,1" doraHai="27" who="3" fromWho="3" sc="196,-40,434,-40,219,-40,151,120" /><INIT seed="7,2,0,0,4,67" ten="156,394,179,271" oya="3" hai0="54,77,59,126,8,129,40,114,57,53,92,134,64" hai1="10,16,128,61,72,42,14,118,43,20,107,55,127" hai2="95,0,48,74,102,109,103,93,84,130,123,31,17" hai3="87,62,75,120,7,97,66,117,35,28,51,12,24"/><W110/><G75/><T86/><D126/><U69/><E127/><V132/><F0/><W5/><G120/><T113/><D134/><U25/><E107/><V121/><F132/><W27/><G117/><T56/><D129/><U122/><E122/><N who="2" m="46603" /><F109/><W68/><G110/><T33/><D33/><U106/><E106/><V112/><F31/><W21/><G12/><T6/><D64/><U32/><E32/><V18/><F74/><W4/><G87/><T115/><D40/><U131/><E72/><V63/><F130/><N who="1" m="49705" /><E118/><V39/><F39/><W19/><G51/><T83/><D92/><N who="2" m="35402" /><F48/><W105/><REACH who="3" step="1"/><G4/><REACH who="3" step="2"/><T133/><D133/><U88/><E61/><V85/><F63/><W47/><G47/><T41/><D41/><U99/><E43/><V29/><F85/><W89/><G89/><T94/><D94/><N who="1" m="56775" /><E42/><V15/><F84/><W96/><G96/><T73/><D73/><U111/><E111/><V108/><F108/><W80/><G80/><T11/><D11/><U30/><E55/><V135/><F135/><W37/><G37/><T100/><REACH who="0" step="1"/><D100/><AGARI ba="2,1" hai="5,7,19,21,24,27,28,35,62,66,68,97,100,105" machi="100" ten="40,12000,1" yaku="1,1,25,2,52,1,53,0" doraHai="67" doraHaiUra="81" who="3" fromWho="0" sc="156,-126,394,0,179,0,261,136" owari="30,-47.0,394,19.0,179,-22.0,397,50.0" /></mjloggm>