<mjloggm ver="2.3"><GO type="41"/><UN n0="%E7%9C%9F%E5%86%AC" n1="%E3%83%AD%E3%83%AA%E3%81%A7%E3%81%99%EF%BC%81" n2="%E3%83%90%E3%83%B3%E3%83%96%E3%83%BC%E3%83%A1%E3%83%A2%E3%83%AA%E3%83%BC" n3="%E3%82%A6%E3%83%AB%E3%83%88%E3%83%A9%E7%AB%8B%E7%9B%B4" dan="14,14,14,15" rate="1945,1905,1951,1990" sx="F,M,M,M"/><TAIKYOKU oya="0"/><INIT seed="0,0,0,5,1,112" ten="250,250,250,250" oya="0" hai0="110,64,97,88,78,41,105,131,73,103,31,132,114" hai1="23,128,48,68,111,83,27,90,104,58,66,13,21" hai2="7,37,85,102,77,1,87,15,62,42,50,47,61" hai3="0,129,121,14,44,20,130,99,67,46,52,24,84"/><T113/><D31/><U109/><E104/><V119/><F119/><W51/><G0/><T120/><D120/><U16/><E68/><V59/><F1/><W79/><G121/><T35/><D35/><U11/><E128/><N who="3" m="49258" /><G67/><T133/><D64/><U116/><E116/><V9/><F102/><W56/><G14/><T45/><D45/><U118/><E118/><V122/><F122/><W55/><G99/><T10/><D10/><U2/><E2/><V107/><F107/><W108/><G108/><T71/><D71/><U12/><E12/><V25/><F25/><W26/><G26/><T39/><D39/><U75/><E23/><V6/><F6/><W92/><G92/><T127/><D41/><U72/><E90/><V34/><F34/><W69/><G69/><T53/><D88/><U80/><E80/><V30/><F30/><N who="3" m="17671" /><G55/><T100/><D53/><U94/><E94/><V93/><F87/><W81/><AGARI ba="0,0" hai="44,46,51,52,56,79,81,84" m="17671,49258" machi="81" ten="30,2000,0" yaku="19,1,54,1" doraHai="112" who="3" fromWho="3" sc="250,-10,250,-5,250,-5,250,20" /><INIT seed="1,0,0,5,4,122" ten="240,245,245,270" oya="1" hai0="90,41,120,77,86,7,32,92,31,73,29,76,6" hai1="98,135,35,129,33,13,15,51,99,59,10,62,118" hai2="65,79,97,101,50,70,106,9,48,63,114,105,116" hai3="16,42,71,102,128,52,91,22,89,74,119,54,0"/><U2/><E118/><V68/><F116/><W4/><G119/><T36/><D120/><U61/><E135/><V46/><F114/><W56/><G71/><T111/><D111/><U28/><E129/><V38/><F106/><W133/><G74/><T19/><D19/><U93/><E2/><V123/><F123/><W113/><G113/><T84/><D32/><U78/><E78/><N who="0" m="30313" /><D73/><U134/><E134/><V24/><F79/><W66/><G133/><T49/><D36/><U53/><E28/><N who="0" m="10825" /><D84/><U17/><E33/><V44/><F24/><W83/><G4/><T127/><D127/><U25/><E15/><V30/><F30/><W60/><G0/><T12/><D12/><U126/><E126/><V23/><F23/><W69/><G69/><T130/><D130/><U124/><E124/><V75/><F75/><W57/><G83/><T47/><AGARI ba="0,0" hai="6,7,41,47,49,86,90,92" m="10825,30313" machi="47" ten="30,1100,0" yaku="8,1" doraHai="122" who="0" fromWho="0" sc="240,11,245,-5,245,-3,270,-3" /><INIT seed="2,0,0,2,5,5" ten="251,240,242,267" oya="2" hai0="123,102,9,62,31,39,58,45,129,69,38,107,6" hai1="119,29,78,24,115,25,96,12,125,98,94,41,47" hai2="11,109,48,97,70,105,34,132,95,80,121,86,118" hai3="53,46,100,32,50,43,10,56,2,35,77,101,0"/><V7/><F121/><W49/><G2/><T67/><D123/><U20/><E115/><V14/><F118/><W103/><G77/><T19/><D19/><U30/><E119/><V110/><F34/><W130/><G130/><T17/><D17/><U91/><E125/><V65/><F132/><W8/><G0/><T21/><D129/><U82/><E12/><V133/><F133/><W51/><G35/><T131/><D131/><U120/><E120/><V15/><F105/><W27/><REACH who="3" step="1"/><G49/><REACH who="3" ten="251,240,242,257" step="2"/><T122/><D122/><U111/><E111/><N who="2" m="42507" /><F48/><W88/><G88/><T99/><D39/><U84/><E47/><V104/><F104/><W22/><G22/><T64/><D45/><U60/><E60/><V18/><F70/><W68/><G68/><T124/><D38/><U87/><E41/><V113/><F113/><W79/><G79/><T89/><D69/><U117/><E117/><V42/><F65/><W76/><G76/><T59/><D64/><U52/><E52/><V128/><F128/><W36/><G36/><T61/><D62/><U55/><E55/><V71/><F71/><W54/><G54/><T114/><D61/><U1/><E1/><V127/><F127/><W13/><G13/><T23/><D67/><U33/><AGARI ba="0,1" hai="20,24,25,29,30,33,78,82,84,87,91,94,96,98" machi="33" ten="20,1500,0" yaku="0,1,7,1" doraHai="5" who="1" fromWho="1" sc="251,-4,240,25,242,-7,257,-4" /><INIT seed="3,0,0,5,5,34" ten="247,265,235,253" oya="3" hai0="117,118,24,69,32,31,36,74,57,68,110,18,52" hai1="49,87,13,30,95,44,130,29,9,58,53,47,62" hai2="83,2,46,54,17,121,128,98,27,115,120,61,123" hai3="134,60,45,133,56,88,6,99,100,42,103,20,84"/><W8/><G20/><T96/><D36/><U37/><E130/><V12/><F115/><W105/><G100/><T113/><D113/><U94/><E37/><V19/><F128/><W39/><G56/><T40/><D40/><U28/><E87/><V64/><F83/><W4/><G60/><T116/><D74/><U65/><E44/><V11/><F2/><W41/><G41/><T101/><D110/><U114/><REACH who="1" step="1"/><E114/><REACH who="1" ten="247,255,235,253" step="2"/><V70/><F46/><W76/><G76/><T75/><D75/><U119/><E119/><V85/><F120/><W91/><G6/><AGARI ba="0,1" hai="6,9,13,28,29,30,47,49,53,58,62,65,94,95" machi="6" ten="40,5200,0" yaku="1,1,8,1,53,1" doraHai="34" doraHaiUra="43" who="1" fromWho="3" sc="247,0,255,62,235,0,253,-52" /><INIT seed="4,0,0,2,2,43" ten="247,317,235,201" oya="0" hai0="39,98,42,131,61,64,122,110,76,8,59,60,17" hai1="31,95,3,92,37,13,82,54,120,79,18,9,112" hai2="126,80,53,129,48,94,46,24,1,74,134,78,73" hai3="121,101,27,16,84,65,52,11,7,125,106,100,35"/><T26/><D122/><U4/><E120/><V32/><F126/><W85/><G121/><T58/><D110/><U90/><E31/><V111/><F111/><W55/><G65/><T40/><D131/><U75/><E112/><V38/><F129/><W34/><G125/><T6/><D39/><U127/><E127/><V56/><F134/><W113/><G113/><T130/><D130/><U41/><E54/><V118/><F118/><W103/><G106/><T15/><D76/><U47/><E90/><V29/><F1/><W57/><G55/><T44/><D98/><U109/><E109/><V97/><F38/><W133/><G133/><T67/><REACH who="0" step="1"/><D44/><REACH who="0" ten="237,317,235,201" step="2"/><U83/><REACH who="1" step="1"/><E83/><REACH who="1" ten="237,307,235,201" step="2"/><V14/><F80/><W105/><G105/><T124/><D124/><U81/><E81/><V104/><F46/><W87/><G101/><T25/><D25/><U28/><E28/><V128/><F24/><W102/><G27/><T10/><D10/><AGARI ba="0,2" hai="3,4,9,10,13,18,37,41,47,75,79,82,92,95" machi="10" ten="30,8000,1" yaku="1,1,7,1,25,2,52,1,53,0" doraHai="43" doraHaiUra="20" who="1" fromWho="0" sc="237,-80,307,100,235,0,201,0" /><INIT seed="5,0,0,4,1,18" ten="157,407,235,201" oya="1" hai0="131,83,102,113,53,26,117,120,75,125,39,23,42" hai1="37,121,7,17,9,105,51,111,16,52,124,74,56" hai2="94,132,12,54,11,80,91,108,130,25,24,1,133" hai3="104,95,34,35,98,31,85,58,128,21,96,47,10"/><U115/><E121/><V14/><F108/><W112/><G104/><T19/><D120/><U127/><E105/><V41/><F130/><W107/><G107/><T30/><D131/><U64/><E74/><V123/><F123/><W97/><G128/><T57/><D117/><U87/><E37/><V3/><F41/><W86/><G112/><T70/><D113/><U61/><E115/><V38/><F38/><W73/><G73/><T32/><D70/><U78/><E111/><V65/><F65/><W63/><G10/><T49/><D125/><N who="1" m="48203" /><E87/><N who="2" m="52607" /><F80/><W135/><G135/><N who="2" m="51785" /><F54/><W101/><G47/><T6/><D6/><U77/><E77/><V81/><F81/><W71/><G71/><T59/><D83/><U109/><E78/><V22/><F24/><N who="3" m="16783" /><G34/><T66/><D75/><U68/><E109/><V88/><F88/><N who="3" m="55399" /><G35/><T129/><D32/><U33/><E33/><V69/><F69/><W92/><G98/><T27/><D129/><U82/><E82/><V28/><F12/><AGARI ba="0,0" hai="7,9,12,16,17,51,52,56,61,64,68" m="48203" machi="12" ten="30,5800,0" yaku="18,1,54,2" doraHai="18" who="1" fromWho="2" sc="157,0,407,58,235,-58,201,0" /><INIT seed="5,1,0,2,3,96" ten="157,465,177,201" oya="1" hai0="93,31,42,127,65,35,95,34,69,103,113,57,77" hai1="0,6,8,52,55,117,48,19,86,116,3,24,79" hai2="88,11,81,39,12,1,126,75,20,5,115,128,83" hai3="98,111,63,104,131,102,70,38,134,124,4,97,114"/><U45/><E0/><V105/><F39/><W54/><G54/><T64/><D77/><U22/><REACH who="1" step="1"/><E55/><REACH who="1" ten="157,455,177,201" step="2"/><V51/><F115/><W72/><G114/><T120/><D113/><U68/><E68/><V56/><F126/><W99/><G70/><T36/><D69/><U30/><E30/><V61/><F128/><W60/><G131/><T9/><D31/><U29/><E29/><V90/><F1/><W28/><G28/><T118/><D127/><U16/><E16/><V66/><F5/><W92/><G4/><T15/><D34/><U50/><E50/><V46/><F51/><W71/><G71/><T58/><D35/><U80/><AGARI ba="1,1" hai="3,6,8,19,22,24,45,48,52,79,80,86,116,117" machi="80" ten="30,6000,0" yaku="1,1,0,1,54,1,53,0" doraHai="96" doraHaiUra="108" who="1" fromWho="1" sc="157,-21,455,73,177,-21,201,-21" /><INIT seed="5,2,0,2,2,45" ten="136,528,156,180" oya="1" hai0="60,80,98,48,35,90,2,62,109,131,1,135,91" hai1="0,15,41,83,54,61,55,81,105,46,95,118,17" hai2="93,114,13,101,111,22,3,30,12,77,26,103,82" hai3="73,76,11,68,8,53,96,65,51,100,130,9,107"/><U122/><E118/><V33/><F3/><W70/><G130/><T66/><D35/><U52/><E122/><V125/><F125/><W16/><G65/><T21/><D131/><U128/><E105/><V43/><F111/><W110/><G110/><T7/><D109/><U113/><E113/><V94/><F114/><W4/><G4/><T92/><D135/><U34/><E34/><V6/><F43/><W14/><G76/><T24/><D7/><U18/><E0/><V39/><F39/><W89/><G89/><T117/><D117/><U121/><E121/><V88/><F93/><W126/><G73/><T72/><D72/><U29/><E29/><V59/><F59/><W119/><G119/><T79/><D48/><N who="1" m="26703" /><E128/><V106/><F106/><W27/><G27/><T120/><D120/><U49/><E61/><V78/><F78/><W28/><G28/><T37/><D62/><U56/><E95/><V64/><F64/><W58/><REACH who="3" step="1"/><G126/><REACH who="3" ten="136,528,156,170" step="2"/><T57/><D66/><U10/><E18/><V75/><F75/><W99/><G99/><T23/><D98/><U25/><E25/><V74/><F74/><W50/><G50/><T69/><D24/><U40/><E40/><V108/><F108/><W86/><G86/><T47/><D79/><U123/><E123/><V63/><F88/><W71/><AGARI ba="2,1" hai="8,9,11,14,16,51,53,58,68,70,71,96,100,107" machi="71" ten="30,12000,2" yaku="1,1,0,1,52,1,54,1,53,3" doraHai="45" doraHaiUra="67" who="3" fromWho="3" sc="136,-32,528,-62,156,-32,170,136" /><INIT seed="6,0,0,5,1,94" ten="104,466,124,306" oya="2" hai0="3,127,27,106,113,62,42,85,112,60,47,70,61" hai1="57,97,35,56,124,130,20,76,0,102,98,14,81" hai2="22,29,65,84,49,92,114,123,58,129,5,103,125" hai3="121,11,41,26,120,37,25,89,134,107,117,43,63"/><V72/><F123/><W1/><G117/><T126/><D3/><U24/><E35/><V31/><F114/><N who="0" m="44138" /><D106/><U75/><E0/><V28/><F72/><W110/><G110/><T99/><D99/><U91/><E130/><V33/><F33/><W77/><G63/><N who="0" m="24139" /><D85/><N who="1" m="48295" /><E124/><N who="0" m="47657" /><D27/><U52/><E75/><V132/><F132/><W131/><G77/><T19/><N who="0" m="24147" /><T108/><DORA hai="4" /><D19/><U78/><E78/><V109/><F109/><W17/><G17/><T119/><D108/><U90/><E102/><V88/><F125/><W128/><G89/><N who="1" m="33802" /><E14/><V46/><F129/><W32/><G32/><T50/><D70/><U83/><E83/><N who="2" m="49183" /><F5/><W100/><G100/><T36/><D119/><U53/><E57/><V71/><F71/><W30/><G107/><T7/><D7/><U45/><E45/><V66/><F58/><W133/><G30/><T69/><D69/><U40/><E40/><N who="2" m="24775" /><F22/><W86/><G86/><T87/><D87/><U115/><E115/><V21/><F21/><W12/><G12/><T51/><AGARI ba="0,0" hai="36,42,47,50,51" m="47657,24147,44138" machi="51" ten="40,8000,1" yaku="15,1,18,1,34,2" doraHai="94,4" who="0" fromWho="0" sc="104,80,466,-20,124,-40,306,-20" /><INIT seed="7,0,0,5,2,11" ten="184,446,84,286" oya="3" hai0="99,105,113,17,41,116,49,83,73,131,110,46,81" hai1="21,91,122,63,19,100,124,95,51,132,32,79,27" hai2="48,20,72,31,97,39,59,120,8,123,50,65,6" hai3="29,117,70,14,84,62,86,24,88,23,121,57,104"/><W108/><G104/><T130/><D116/><U118/><E122/><V94/><F72/><W68/><G121/><T67/><D67/><U53/><E124/><V35/><F39/><W77/><G77/><T106/><D110/><U55/><E132/><V128/><F128/><N who="0" m="49194" /><D113/><U37/><E37/><V111/><F111/><W60/><G117/><T125/><D125/><U87/><E118/><V74/><F74/><W134/><G108/><T54/><D17/><U15/><E32/><V2/><F35/><W13/><G134/><T3/><D3/><U98/><E79/><V129/><F129/><W64/><G70/><T69/><D69/><U58/><E27/><V10/><F123/><W34/><G34/><T7/><D7/><U33/><E33/><V16/><F31/><W26/><G26/><T43/><D73/><U102/><E98/><V22/><F120/><W92/><G86/><T112/><D112/><U38/><E38/><V78/><F78/><W135/><G135/><T28/><D28/><U76/><E76/><V119/><F119/><W44/><G44/><AGARI ba="0,0" hai="15,19,21,44,51,53,55,58,63,87,91,95,100,102" machi="44" ten="30,3900,0" yaku="7,1,8,1,52,1" doraHai="11" who="1" fromWho="3" sc="184,0,446,39,84,0,286,-39" owari="184,-22.0,485,59.0,84,-42.0,247,5.0" /></mjloggm>