<mjloggm ver="2.3"><GO type="169" lobby="0"/><UN n0="%6B%75%73%6F%6A%69%6A%69" n1="%EF%BC%88%E2%89%A7%E2%96%BD%E2%89%A6%EF%BC%89" n2="%E5%AF%BE%E5%AD%90%E3%81%AE%E7%8E%8B%E6%A7%98" n3="%6D%65%24%6F" dan="16,17,17,16" rate="2056.39,2141.54,2161.99,2046.88" sx="M,M,M,M"/><TAIKYOKU oya="0"/><INIT seed="0,0,0,3,2,119" ten="250,250,250,250" oya="0" hai0="121,86,22,125,82,13,27,34,120,33,54,118,24" hai1="10,74,67,4,61,100,64,40,47,57,66,107,65" hai2="103,26,131,71,127,68,88,93,78,69,50,21,116" hai3="105,133,102,7,43,0,53,81,77,6,108,76,94"/><T31/><D118/><U80/><E107/><V97/><F116/><W3/><G105/><T110/><D54/><U52/><E100/><V36/><F36/><W135/><G43/><T112/><D86/><U37/><E67/><V56/><F131/><W123/><G108/><T132/><D82/><U39/><E39/><V11/><F127/><W20/><G20/><T60/><D60/><U51/><E80/><V96/><F78/><W128/><G128/><T106/><D106/><U87/><E87/><V92/><F11/><W15/><G15/><T98/><D98/><U32/><E32/><V1/><F1/><W17/><G17/><N who="0" m="10543" /><D112/><U18/><E74/><V117/><F117/><W14/><G53/><T2/><D2/><U59/><REACH who="1" step="1"/><E18/><REACH who="1" ten="250,240,250,250" step="2"/><V41/><F103/><W9/><G102/><T90/><D125/><U35/><E35/><V85/><F85/><W122/><G81/><T16/><D110/><U62/><E62/><V46/><F97/><W63/><G63/><T25/><D90/><U75/><E75/><V8/><F96/><W42/><G133/><T129/><D132/><U109/><E109/><V73/><F88/><W30/><G135/><T19/><D129/><U115/><E115/><V95/><F95/><W134/><G94/><T38/><D38/><U23/><E23/><V12/><F93/><W44/><G134/><T111/><D111/><U49/><E49/><V130/><F92/><W101/><G101/><T83/><D83/><U28/><E28/><N who="2" m="17487" /><F130/><W114/><G30/><N who="0" m="19655" /><D27/><U124/><E124/><V48/><F73/><W79/><G114/><T72/><D72/><RYUUKYOKU ba="0,1" sc="250,15,240,15,250,-15,250,-15" hai0="16,19,25,31,34,120,121" hai1="4,10,37,40,47,51,52,57,59,61,64,65,66" /><INIT seed="0,1,1,2,4,102" ten="265,255,235,235" oya="0" hai0="68,43,117,79,85,35,58,53,66,40,36,114,3" hai1="13,28,100,122,108,127,22,93,15,78,106,12,25" hai2="46,107,88,26,131,44,121,37,56,11,20,97,31" hai3="98,101,92,96,134,133,126,99,125,50,109,74,47"/><T67/><D3/><U81/><E122/><V135/><F121/><W113/><G113/><T6/><D6/><U118/><E118/><V16/><F135/><N who="3" m="51723" /><G50/><N who="0" m="31031" /><D85/><U77/><E127/><N who="3" m="48650" /><G47/><N who="0" m="23943" /><D79/><U116/><E116/><V59/><F131/><W112/><G112/><T38/><D35/><U34/><E108/><V95/><F107/><N who="3" m="63911" /><G109/><T29/><D29/><U69/><E34/><V41/><F46/><W33/><G33/><T115/><D117/><U87/><E69/><V73/><F73/><W2/><G2/><T27/><D115/><U64/><E28/><V105/><F105/><W51/><G51/><T21/><D114/><U5/><E106/><V54/><F54/><W76/><G92/><T55/><D38/><U4/><E93/><V90/><F59/><W94/><G94/><T129/><D68/><U104/><E104/><V42/><F56/><W103/><G103/><T84/><D66/><U130/><E64/><V14/><F42/><W32/><G32/><T65/><D43/><U9/><E100/><AGARI ba="1,1" hai="11,14,16,20,26,31,37,41,44,88,90,95,97,100" machi="100" ten="30,3900,0" yaku="7,1,54,2" doraHai="102" who="2" fromWho="1" sc="265,0,255,-42,235,52,235,0" /><INIT seed="1,0,0,4,1,25" ten="265,213,287,235" oya="1" hai0="91,97,37,85,38,65,121,89,83,59,33,126,122" hai1="108,30,7,22,72,110,41,50,107,0,73,63,134" hai2="120,40,39,99,82,2,8,23,71,135,119,75,96" hai3="46,9,68,77,125,92,56,31,103,69,84,133,60"/><U15/><E107/><V53/><F119/><W35/><G125/><T48/><D126/><U105/><E105/><V118/><F118/><W86/><G133/><T52/><D33/><U131/><E134/><V5/><F135/><W58/><G46/><T49/><D65/><U17/><E131/><V28/><F120/><W11/><G77/><T32/><D32/><U3/><E63/><V117/><F117/><W79/><G79/><T26/><D26/><N who="1" m="16727" /><E41/><V57/><F71/><W19/><G35/><T124/><D124/><U67/><E67/><V112/><F112/><W18/><G60/><T98/><D49/><U14/><E50/><V109/><F53/><W10/><G10/><T78/><D98/><U20/><E73/><V55/><F55/><W70/><G70/><T36/><REACH who="0" step="1"/><D97/><REACH who="0" ten="255,213,287,235" step="2"/><U130/><E130/><V74/><F96/><W104/><G104/><T95/><D95/><U102/><E102/><V87/><F99/><W54/><G92/><T64/><D64/><U132/><E132/><V61/><F61/><W93/><G93/><T115/><D115/><U21/><E72/><V66/><F75/><W34/><G103/><T29/><D29/><U129/><E129/><V116/><F74/><W62/><G34/><T114/><D114/><U1/><E20/><V90/><F23/><W111/><G62/><T13/><D13/><U101/><E101/><V44/><F116/><W106/><G106/><T6/><D6/><U88/><E14/><V12/><F12/><W80/><G31/><T100/><D100/><U45/><E7/><V47/><F28/><W27/><G27/><RYUUKYOKU ba="0,1" sc="255,30,213,-10,287,-10,235,-10" hai0="36,37,38,48,52,59,78,83,85,89,91,121,122" /><INIT seed="2,1,1,5,5,68" ten="285,203,277,225" oya="2" hai0="129,133,127,88,52,92,74,75,107,99,11,13,23" hai1="5,15,19,26,25,54,37,94,78,9,102,96,31" hai2="123,53,85,48,18,105,114,118,70,50,69,24,60" hai3="20,10,109,59,62,49,116,86,120,134,108,131,36"/><V33/><F114/><W61/><G120/><T57/><D107/><U17/><E54/><V110/><F123/><W56/><G116/><T135/><D23/><U2/><E78/><V93/><F118/><W91/><G131/><T34/><D34/><U67/><E37/><V125/><F125/><W7/><G134/><N who="0" m="51211" /><D127/><U98/><E67/><V58/><F105/><W4/><G20/><T6/><D129/><U41/><E41/><V27/><F33/><W111/><G36/><T64/><D64/><U46/><E46/><V128/><F128/><W101/><G101/><T45/><D45/><U90/><E2/><V126/><F126/><W73/><G73/><T132/><N who="0" m="51219" /><T79/><DORA hai="82" /><D79/><U117/><E117/><V97/><F70/><W22/><G22/><T130/><D130/><U38/><E38/><V51/><F69/><W76/><G76/><T113/><D113/><U121/><E121/><V12/><F110/><W84/><G91/><T44/><D44/><U77/><E77/><V29/><F29/><W43/><G43/><T55/><D55/><U83/><E31/><V47/><F47/><W100/><G100/><T122/><D122/><U95/><REACH who="1" step="1"/><E83/><REACH who="1" ten="285,193,277,225" step="2"/><V14/><F53/><W1/><G109/><T21/><D21/><U115/><E115/><V87/><F58/><W40/><G40/><T71/><D71/><U32/><E32/><V42/><F42/><W16/><G1/><T35/><D35/><U65/><E65/><V104/><F60/><AGARI ba="1,2" hai="6,11,13,52,57,60,74,75,88,92,99" m="51219" machi="60" ten="40,5200,0" yaku="20,1,54,2" doraHai="68,82" who="0" fromWho="2" sc="285,75,193,0,277,-55,225,0" /><INIT seed="3,0,0,0,2,27" ten="360,193,222,225" oya="3" hai0="103,26,104,22,124,9,92,121,14,85,64,67,76" hai1="93,30,131,7,114,111,37,49,12,123,66,50,112" hai2="47,113,77,81,61,29,89,95,52,41,127,51,75" hai3="80,133,33,57,0,34,44,53,106,135,38,3,1"/><W130/><G106/><T125/><D121/><U78/><E123/><V8/><F113/><W118/><G118/><T2/><D104/><U117/><E117/><V23/><F127/><N who="0" m="48714" /><D2/><U39/><E111/><V134/><F134/><N who="3" m="51211" /><G80/><N who="0" m="47239" /><D92/><U48/><E78/><V56/><F8/><W69/><G69/><T6/><D103/><U129/><E93/><V15/><F15/><W101/><G101/><T60/><D60/><U79/><E79/><V98/><F23/><W40/><G130/><N who="1" m="49674" /><E66/><V87/><REACH who="2" step="1"/><F29/><AGARI ba="0,0" hai="6,9,14,22,26,29,64,67" m="47239,48714" machi="29" ten="30,2000,0" yaku="18,1,52,1" doraHai="27" who="0" fromWho="2" sc="360,20,193,0,222,-20,225,0" /><INIT seed="4,0,0,4,2,13" ten="380,193,202,225" oya="0" hai0="46,107,104,64,119,116,4,112,62,18,133,53,11" hai1="15,109,90,94,130,24,22,115,37,78,29,12,99" hai2="85,129,82,16,91,75,122,51,125,59,95,56,93" hai3="100,72,8,45,17,92,71,79,103,7,28,86,36"/><T49/><D18/><U33/><E109/><V39/><F39/><W88/><G71/><T44/><D133/><U102/><E37/><V80/><F122/><W98/><G28/><T32/><D46/><U68/><E68/><V6/><F6/><W111/><G111/><T23/><D23/><U40/><E130/><V55/><F129/><W30/><G30/><T69/><D32/><U58/><E40/><V52/><F125/><W67/><G67/><T48/><D48/><U1/><E1/><V117/><F117/><W76/><G7/><T54/><D54/><U20/><E78/><N who="3" m="29738" /><G36/><T81/><D81/><N who="2" m="31338" /><F75/><W124/><G72/><T27/><D27/><U31/><E33/><V105/><F105/><W60/><G60/><T66/><D66/><U57/><E29/><V97/><F55/><W26/><G124/><T25/><D25/><U120/><E31/><V21/><F59/><W113/><G113/><T47/><D47/><U19/><E115/><V134/><F134/><W14/><G26/><T63/><D63/><U42/><E42/><V43/><F43/><W3/><G3/><T61/><D61/><U123/><E123/><V108/><F108/><W0/><G0/><N who="0" m="391" /><D112/><U101/><E120/><V132/><F132/><W74/><G74/><T87/><D119/><U121/><E121/><V127/><F127/><W96/><G45/><T35/><D116/><U34/><E34/><V50/><F50/><W73/><G73/><T126/><D35/><U128/><E128/><V106/><F51/><W77/><G77/><T114/><D114/><U2/><E2/><V5/><F56/><RYUUKYOKU ba="0,0" sc="380,-10,193,-10,202,-10,225,30" hai3="8,14,17,86,88,92,96,98,100,103" /><INIT seed="5,1,0,2,1,49" ten="370,183,192,255" oya="1" hai0="83,61,75,132,33,129,127,67,27,16,34,90,54" hai1="50,55,71,74,43,30,99,36,37,20,115,117,14" hai2="32,24,80,133,121,125,19,131,105,58,91,92,114" hai3="23,56,79,77,1,128,123,52,96,94,35,118,38"/><U93/><E74/><V26/><F121/><W31/><G123/><T111/><D111/><U89/><E117/><V69/><F69/><W63/><G1/><T13/><D132/><U39/><E115/><V95/><F105/><W21/><G38/><T9/><D129/><U51/><E71/><V135/><F32/><W57/><G128/><T130/><D130/><U66/><E66/><V45/><F131/><W17/><G35/><T98/><D127/><U11/><E43/><V119/><F119/><W120/><G120/><T65/><D34/><U109/><E109/><V102/><F125/><W12/><G57/><N who="0" m="34999" /><D33/><U101/><E101/><V85/><F45/><W82/><G82/><T25/><D75/><U110/><E110/><V81/><F114/><W107/><G107/><T5/><D27/><U47/><E50/><V78/><F58/><W88/><G118/><T134/><D134/><N who="2" m="51210" /><F102/><W22/><G31/><T4/><D4/><U64/><E64/><V53/><F26/><W126/><G126/><T59/><D59/><U42/><E42/><V113/><F113/><W122/><G122/><T29/><D29/><U73/><E73/><N who="2" m="43087" /><F53/><W6/><G6/><T112/><D112/><U2/><E2/><V3/><F3/><W103/><G103/><T70/><D70/><U108/><E108/><V15/><F24/><W41/><G41/><T86/><D98/><U97/><E97/><V60/><F60/><W46/><G46/><T10/><D25/><N who="1" m="16679" /><E36/><V40/><F40/><W68/><G68/><T116/><D116/><U104/><E104/><V100/><F100/><W48/><G48/><RYUUKYOKU ba="1,0" sc="370,0,183,0,192,0,255,0" hai0="5,9,10,13,16,65,67,83,86,90" hai1="11,14,37,39,47,51,55,89,93,99" hai2="15,19,81,85,91,92,95" hai3="12,17,21,22,23,52,56,63,77,79,88,94,96" /><INIT seed="5,2,0,4,1,127" ten="370,183,192,255" oya="1" hai0="114,46,54,3,7,82,59,37,65,120,116,128,110" hai1="18,133,40,21,53,14,125,129,101,109,23,131,19" hai2="8,25,49,87,67,36,11,30,10,28,38,20,6" hai3="86,105,68,122,102,27,13,95,106,9,64,78,1"/><U48/><E125/><V81/><F67/><W24/><G122/><T75/><D110/><U29/><E109/><V26/><F6/><W16/><G1/><T2/><D59/><U69/><E69/><V56/><F49/><W79/><G106/><T94/><D54/><U62/><E133/><V50/><F50/><W5/><G105/><T57/><D94/><U58/><E101/><V39/><F56/><W97/><G5/><T66/><D57/><U55/><E29/><V113/><F113/><W72/><G72/><T71/><D66/><U17/><E40/><V70/><F70/><W96/><G96/><T35/><D7/><U51/><E18/><V42/><F42/><W90/><G68/><T135/><D46/><U130/><E55/><V93/><F93/><N who="3" m="58671" /><G64/><T0/><D65/><U88/><E88/><V89/><REACH who="2" step="1"/><F39/><REACH who="2" ten="370,183,182,255" step="2"/><W104/><G104/><T112/><D37/><U52/><REACH who="1" step="1"/><E53/><REACH who="1" ten="370,173,182,255" step="2"/><V121/><F121/><W41/><G41/><T73/><D120/><U117/><E117/><V132/><F132/><W44/><G44/><T83/><D71/><U92/><E92/><V33/><AGARI ba="2,2" hai="8,10,11,20,25,26,28,30,33,36,38,81,87,89" machi="33" ten="30,2000,0" yaku="1,1,0,1,53,0" doraHai="127" doraHaiUra="32" who="2" fromWho="2" sc="370,-7,173,-12,182,46,255,-7" /><INIT seed="6,0,0,3,4,6" ten="363,161,228,248" oya="2" hai0="71,36,86,76,111,26,89,126,9,19,49,96,80" hai1="48,59,51,33,53,113,28,120,7,12,25,135,64" hai2="134,132,70,24,5,90,127,92,121,123,97,40,112" hai3="98,75,128,105,81,106,91,15,43,55,14,46,62"/><V41/><F70/><W32/><G32/><T110/><D36/><U18/><E135/><N who="2" m="51755" /><F24/><W8/><G128/><T82/><D71/><U23/><E120/><N who="2" m="46155" /><F112/><W118/><G118/><T103/><D126/><U20/><E113/><V69/><F69/><W133/><G133/><T116/><D49/><U100/><E100/><V125/><F5/><W84/><G75/><T21/><D9/><U34/><E64/><V85/><F41/><W78/><G14/><T61/><D61/><U130/><E130/><V22/><F22/><W58/><G98/><T83/><D116/><U17/><E7/><V94/><F40/><W39/><G78/><T1/><D1/><U101/><E101/><AGARI ba="0,0" hai="85,90,92,94,97,101,125,127" m="46155,51755" machi="101" ten="30,5800,0" yaku="20,1,34,2" doraHai="6" who="2" fromWho="1" sc="363,0,161,-58,228,58,248,0" /><INIT seed="6,1,0,5,1,70" ten="363,103,286,248" oya="2" hai0="50,127,108,122,15,45,24,124,130,30,21,126,119" hai1="47,29,85,96,135,72,133,111,73,98,27,53,31" hai2="55,60,107,23,89,7,48,54,112,43,38,113,102" hai3="64,97,129,6,76,120,34,5,63,28,83,2,36"/><V67/><F102/><W32/><G120/><T57/><D122/><U110/><E111/><V86/><F107/><W0/><G129/><T123/><D123/><U100/><E110/><V3/><F23/><W95/><G36/><T94/><D108/><U92/><E47/><N who="2" m="24055" /><F7/><W52/><G2/><T78/><D130/><U1/><E1/><V109/><F3/><W93/><G0/><T116/><D116/><U90/><E53/><N who="2" m="19979" /><F89/><W79/><G28/><T11/><D119/><U77/><E29/><V62/><F86/><W68/><G34/><T121/><D121/><U59/><E59/><N who="2" m="37279" /><F109/><W106/><G32/><T46/><D94/><N who="1" m="58455" /><E27/><V16/><F16/><W17/><G17/><N who="0" m="8447" /><D78/><U88/><E31/><V117/><F117/><W8/><G79/><T84/><D84/><U13/><E13/><V74/><F74/><N who="1" m="28777" /><E77/><V80/><F80/><AGARI ba="1,0" hai="80,85,88,90,92,96,133,135" m="28777,58455" machi="80" ten="30,3900,0" yaku="34,2,54,1" doraHai="70" who="1" fromWho="2" sc="363,0,103,42,286,-42,248,0" /><INIT seed="7,0,0,3,2,16" ten="363,145,244,248" oya="3" hai0="48,35,77,47,110,13,98,27,50,90,94,53,76" hai1="130,66,134,102,114,41,83,73,56,123,115,108,3" hai2="71,22,62,5,106,17,116,67,101,29,91,52,100" hai3="111,135,84,2,30,127,119,133,131,69,10,57,8"/><W36/><G119/><T87/><D110/><U61/><E123/><V125/><F116/><W21/><G69/><T93/><D35/><U11/><E134/><N who="3" m="51210" /><G36/><T109/><D109/><U128/><E108/><V31/><F125/><W4/><G111/><T105/><D105/><U124/><E102/><N who="2" m="39531" /><F106/><W40/><G40/><N who="0" m="24679" /><D27/><U49/><E83/><V107/><F71/><W51/><G127/><T97/><D13/><U74/><E124/><V6/><F67/><W85/><G10/><T59/><D87/><N who="3" m="33353" /><G131/><N who="1" m="50218" /><E11/><V28/><F91/><AGARI ba="0,0" hai="50,53,59,76,77,90,91,93,94,97,98" m="24679" machi="91" ten="30,1000,0" yaku="8,1" doraHai="16" who="0" fromWho="2" sc="363,10,145,0,244,-10,248,0" owari="373,47.0,145,-35.0,234,-17.0,248,5.0" /></mjloggm>