<mjloggm ver="2.3"><GO type="169" lobby="0"/><UN n0="%E3%81%B2%E3%81%BD%E3%81%8D%E3%82%88%E3%81%97" n1="%E3%81%91%E3%82%93%31%39%37%30" n2="%EF%BC%88%E2%89%A7%E2%96%BD%E2%89%A6%EF%BC%89" n3="%56%65%6E%75%73%53%61%79" dan="18,16,17,17" rate="2223.29,2131.66,2125.44,2182.30" sx="M,M,M,M"/><TAIKYOKU oya="0"/><INIT seed="0,0,0,4,2,3" ten="250,250,250,250" oya="0" hai0="67,113,34,86,10,4,80,61,35,18,78,8,103" hai1="24,105,83,79,92,56,126,36,99,60,104,28,31" hai2="53,21,17,74,50,14,5,39,66,119,20,0,13" hai3="111,89,47,16,71,88,52,37,115,116,81,109,101"/><T11/><D113/><U41/><E31/><V121/><F74/><W85/><G71/><T23/><D103/><U19/><E126/><V44/><F121/><W93/><G115/><T77/><D77/><U108/><E36/><V33/><F119/><W68/><G68/><T94/><D94/><U84/><E41/><V27/><F39/><W46/><G116/><T57/><D35/><U54/><E108/><N who="3" m="41546" /><G101/><T128/><D34/><U63/><E63/><V40/><F66/><W62/><G37/><T55/><D128/><U120/><E120/><V114/><F114/><W75/><G75/><T118/><D118/><U72/><E72/><V95/><F33/><W30/><G30/><T110/><D110/><U135/><E135/><V58/><F95/><W49/><G62/><T130/><D130/><U29/><E29/><V106/><F106/><W90/><G47/><T100/><D100/><U97/><E97/><V132/><F132/><W1/><G1/><T64/><REACH who="0" step="1"/><D4/><REACH who="0" ten="240,250,250,250" step="2"/><U122/><E122/><V45/><F5/><W9/><G93/><T59/><D59/><U42/><E105/><V32/><F58/><W117/><G117/><T98/><D98/><U91/><E104/><V48/><F32/><W65/><G65/><T82/><D82/><U26/><E83/><V6/><F6/><W38/><G38/><T7/><D7/><U76/><E79/><V107/><F107/><W127/><G127/><T131/><D131/><U134/><E76/><V124/><F124/><W125/><G125/><T51/><D51/><U69/><E92/><V2/><F48/><W73/><G81/><RYUUKYOKU ba="0,1" sc="240,30,250,-10,250,-10,250,-10" hai0="8,10,11,18,23,55,57,61,64,67,78,80,86" /><INIT seed="0,1,1,3,2,61" ten="270,240,240,240" oya="0" hai0="39,134,130,113,14,79,132,106,125,116,32,108,123" hai1="54,4,3,42,115,90,58,110,131,95,64,126,66" hai2="34,74,102,84,62,60,41,36,122,25,29,12,55" hai3="50,9,20,71,133,33,37,26,52,48,35,23,73"/><T70/><D79/><U112/><E42/><V47/><F74/><W119/><G119/><T69/><D14/><U10/><E126/><V0/><F0/><W87/><G73/><T17/><D17/><U51/><E131/><V89/><F122/><W57/><G37/><T88/><D88/><U65/><REACH who="1" step="1"/><E110/><REACH who="1" ten="270,230,240,240" step="2"/><V45/><F41/><W75/><G133/><T27/><D134/><U109/><E109/><V11/><F36/><W30/><G35/><T94/><D132/><U19/><E19/><V68/><F34/><W97/><G33/><T107/><D108/><U24/><E24/><V83/><F25/><W86/><G26/><T91/><D125/><U81/><E81/><V31/><F83/><W40/><G40/><T78/><D130/><U111/><E111/><V76/><F31/><W103/><G30/><T118/><D118/><U80/><E80/><V67/><F29/><W59/><G75/><T85/><D116/><U121/><E121/><V105/><F76/><W8/><G103/><T28/><D123/><U18/><E18/><V22/><F102/><W7/><G7/><T104/><D39/><U120/><E120/><V93/><F105/><W96/><G71/><T77/><D70/><U43/><E43/><V63/><F68/><W129/><G129/><T114/><D69/><U127/><E127/><V16/><F16/><W100/><G100/><T135/><D135/><U82/><E82/><V5/><F5/><W1/><G1/><T124/><D124/><U46/><E46/><V49/><F47/><W21/><G21/><T44/><D44/><U15/><E15/><RYUUKYOKU ba="1,2" sc="270,10,230,10,240,-30,240,10" hai0="27,28,32,77,78,85,91,94,104,106,107,113,114" hai1="3,4,10,51,54,58,64,65,66,90,95,112,115" hai3="8,9,20,23,48,50,52,57,59,86,87,96,97" /><INIT seed="0,2,2,4,2,61" ten="280,240,210,250" oya="0" hai0="50,48,18,123,52,44,38,103,97,39,82,70,84" hai1="108,72,1,5,111,79,80,119,0,2,114,110,127" hai2="14,36,115,76,12,105,47,46,67,102,128,65,92" hai3="95,9,19,29,71,22,98,6,113,59,45,93,73"/><T88/><D123/><U94/><E119/><V55/><F115/><W117/><G71/><T10/><D70/><U125/><E5/><V101/><F105/><W15/><G73/><T63/><D63/><U75/><E94/><V30/><F128/><W81/><G117/><T42/><D18/><U124/><E114/><V121/><F121/><W17/><G81/><T20/><D20/><U107/><E107/><V131/><F131/><W74/><G74/><AGARI ba="2,2" hai="0,1,2,72,74,75,79,80,108,110,111,124,125,127" machi="74" ten="60,12000,2" yaku="29,2,14,1,18,1,23,2" doraHai="61" who="1" fromWho="3" sc="280,0,240,146,210,0,250,-126" /><INIT seed="1,0,0,0,3,87" ten="280,386,210,124" oya="1" hai0="52,58,125,47,83,45,107,133,19,55,21,81,114" hai1="51,60,132,71,57,93,32,82,99,49,127,27,116" hai2="44,56,66,135,64,36,110,15,120,80,75,4,29" hai3="74,97,122,11,103,100,22,85,50,25,86,112,109"/><U76/><E116/><V62/><F120/><W28/><G74/><T126/><D107/><U31/><E127/><N who="0" m="48649" /><D55/><U128/><E128/><V37/><F110/><W34/><G109/><T121/><D114/><U79/><E132/><V117/><F117/><W101/><G112/><T105/><D105/><U119/><E71/><V10/><F135/><W38/><G38/><T24/><D133/><U13/><E13/><V78/><F29/><W3/><G122/><T5/><D5/><U43/><E43/><V70/><REACH who="2" step="1"/><F44/><REACH who="2" ten="280,386,200,124" step="2"/><N who="0" m="16970" /><D121/><U95/><E119/><V88/><F88/><W12/><G103/><T33/><D33/><U0/><E79/><V16/><F16/><N who="3" m="10503" /><G101/><T94/><D94/><U63/><E95/><V72/><F72/><W26/><G34/><T1/><D1/><U61/><E0/><V40/><F40/><W98/><G100/><T129/><D129/><U90/><REACH who="1" step="1"/><E57/><REACH who="1" ten="280,376,200,124" step="2"/><V102/><F102/><W17/><G3/><T130/><D130/><U77/><E77/><V123/><F123/><W65/><G26/><T113/><D113/><U8/><E8/><V48/><F48/><AGARI ba="0,2" hai="19,21,24,48,52,58,81,83" m="16970,48649" machi="48" ten="30,2000,0" yaku="18,1,54,1" doraHai="87" who="0" fromWho="2" sc="280,40,376,0,200,-20,124,0" /><INIT seed="2,0,0,0,4,87" ten="320,376,180,124" oya="2" hai0="29,14,130,86,59,13,107,61,65,133,71,40,41" hai1="49,132,31,100,95,119,47,88,46,76,74,51,39" hai2="123,92,33,6,80,25,36,82,34,50,113,3,131" hai3="91,102,114,116,30,112,115,83,72,16,73,21,104"/><V1/><F123/><W64/><G116/><T89/><D130/><U58/><E119/><V96/><F36/><W90/><G64/><T63/><D133/><U2/><E2/><V134/><F113/><W84/><G30/><T111/><D111/><U44/><E100/><V54/><F134/><W8/><G8/><T60/><D107/><U26/><E39/><V105/><F105/><W106/><G102/><T78/><D78/><U98/><E132/><V48/><F48/><W20/><G20/><T17/><D14/><U135/><E135/><V109/><F109/><W125/><G125/><T77/><D77/><U70/><E70/><V110/><F110/><W94/><G106/><T79/><D79/><U127/><E127/><V27/><F131/><W99/><G104/><T53/><D61/><U38/><E38/><V45/><F34/><W67/><G67/><T43/><D29/><U129/><E58/><V55/><F33/><W117/><G117/><T28/><D28/><U97/><E97/><V126/><F126/><W120/><G120/><T18/><REACH who="0" step="1"/><D13/><AGARI ba="0,0" hai="13,16,21,72,73,83,84,90,91,94,99,112,114,115" machi="13" ten="40,8000,1" yaku="11,1,52,2,54,1" doraHai="87" who="3" fromWho="0" sc="320,-80,376,0,180,0,124,80" /><INIT seed="3,0,0,3,5,75" ten="240,376,180,204" oya="3" hai0="105,77,3,111,48,74,112,41,106,27,23,83,91" hai1="114,15,49,36,104,59,96,32,6,84,35,39,43" hai2="2,103,37,25,115,19,108,80,11,95,100,127,128" hai3="88,30,134,16,46,40,101,51,17,78,125,131,99"/><W56/><G134/><T57/><D111/><U68/><E68/><V118/><F115/><W22/><G131/><T24/><D3/><U123/><E35/><V117/><F37/><W122/><G122/><T133/><D133/><U12/><E32/><V130/><F2/><W119/><G119/><N who="2" m="45577" /><F11/><W94/><G125/><T110/><D27/><U38/><E6/><V42/><F42/><W13/><G78/><T121/><D110/><U66/><E66/><V87/><F19/><N who="3" m="10607" /><G30/><T1/><D121/><U69/><E69/><V132/><F25/><W70/><G70/><T60/><D91/><U50/><E39/><V33/><F33/><W67/><G101/><N who="2" m="38985" /><F108/><W10/><G10/><T34/><D34/><U26/><E38/><V71/><F71/><W45/><G45/><T63/><D1/><U90/><E36/><V113/><F113/><W135/><G135/><T5/><D112/><U97/><E114/><V102/><F132/><W126/><G126/><T53/><D5/><U58/><E123/><V129/><F127/><W29/><G29/><T47/><REACH who="0" step="1"/><D63/><AGARI ba="0,0" hai="16,17,40,46,51,56,63,67,88,94,99" m="10607" machi="63" ten="30,5800,0" yaku="8,1,54,2" doraHai="75" who="3" fromWho="0" sc="240,-58,376,0,180,0,204,58" /><INIT seed="3,1,0,5,2,116" ten="182,376,180,262" oya="3" hai0="76,6,93,30,49,110,80,102,26,99,25,103,84" hai1="83,98,88,131,65,107,24,1,36,115,22,14,96" hai2="10,2,9,81,104,97,44,46,132,86,11,38,92" hai3="58,135,101,35,48,64,33,133,91,59,66,78,16"/><W19/><G78/><T15/><D110/><U90/><E1/><V28/><F132/><W122/><G91/><T75/><D103/><U119/><E36/><V3/><F104/><W100/><G48/><T130/><D130/><U52/><E131/><V63/><F28/><W123/><AGARI ba="1,0" hai="16,19,33,35,58,59,64,66,100,101,122,123,133,135" machi="123" ten="25,18000,2" yaku="0,1,22,2,52,2,54,1" doraHai="116" who="3" fromWho="3" sc="182,-61,376,-61,180,-61,262,183" /><INIT seed="3,2,0,5,0,47" ten="121,315,119,445" oya="3" hai0="99,64,52,126,83,2,18,101,76,71,68,15,1" hai1="54,110,134,102,33,22,82,23,40,50,78,44,90" hai2="81,103,73,21,12,30,95,60,62,93,63,55,45" hai3="77,5,11,119,29,42,6,108,65,36,0,10,32"/><W120/><G120/><T58/><D126/><U135/><E33/><V96/><F73/><W112/><G112/><T105/><D64/><U34/><E34/><V80/><F93/><W131/><G119/><T37/><D37/><U75/><E102/><V85/><F85/><W114/><G114/><T48/><D1/><U20/><E90/><V107/><F107/><W125/><G125/><T88/><D2/><U128/><E128/><V9/><F21/><W31/><G131/><T13/><D13/><U124/><E124/><V84/><F30/><W74/><G65/><T56/><D56/><U129/><E129/><V91/><F80/><N who="3" m="45111" /><G108/><T117/><D117/><U89/><E110/><V53/><REACH who="2" step="1"/><F45/><REACH who="2" ten="121,315,109,445" step="2"/><N who="3" m="23751" /><G32/><T59/><D105/><U121/><E89/><V130/><F130/><W123/><G123/><T79/><D101/><U61/><E121/><V35/><F35/><W25/><G25/><T28/><D28/><U27/><E27/><V97/><F97/><W3/><AGARI ba="2,1" hai="0,3,5,6,10,11,29,31" m="23751,45111" machi="3" ten="30,1500,0" yaku="25,1" doraHai="47" who="3" fromWho="3" sc="121,-7,315,-7,109,-7,445,31" /><INIT seed="3,3,0,5,0,19" ten="114,308,102,476" oya="3" hai0="6,116,53,130,64,86,85,58,112,17,48,113,88" hai1="57,118,38,99,134,23,79,77,40,14,54,126,89" hai2="105,20,73,69,65,36,46,22,98,81,106,93,0" hai3="42,91,110,111,31,51,35,4,104,9,29,135,8"/><W109/><G135/><T44/><D130/><U5/><E134/><V39/><F0/><W74/><G104/><T76/><D116/><U87/><E126/><V114/><F114/><N who="0" m="44138" /><D6/><U27/><E118/><V30/><F106/><W68/><G68/><T37/><D76/><U13/><E40/><V97/><F105/><W1/><G74/><T123/><D123/><U12/><E38/><V70/><F30/><W43/><G9/><T18/><D86/><U103/><E5/><V122/><F122/><W78/><G78/><T25/><D25/><U10/><E10/><V33/><F33/><W32/><G91/><T92/><D64/><U119/><E103/><V96/><F65/><W7/><G7/><T128/><D128/><U16/><E119/><V100/><F100/><W71/><G71/><T101/><D101/><U84/><E84/><V34/><F34/><N who="3" m="12843" /><G51/><N who="0" m="31039" /><D37/><U67/><E67/><V102/><F102/><W121/><G121/><T59/><D59/><U124/><E124/><V50/><F70/><W117/><G117/><T132/><D132/><U24/><E24/><V95/><F69/><W108/><N who="3" m="27648" /><DORA hai="131" /><W3/><G1/><T45/><D48/><N who="1" m="30919" /><E99/><V55/><F39/><W62/><G62/><T63/><D63/><U129/><E129/><V83/><F36/><W21/><G42/><T26/><D26/><U52/><E52/><V15/><F73/><W47/><G43/><T28/><D28/><N who="3" m="10825" /><G47/><AGARI ba="3,0" hai="17,18,44,45,47,85,88,92" m="31039,44138" machi="47" ten="30,2000,0" yaku="11,1,54,1" doraHai="19,131" who="0" fromWho="3" sc="114,29,308,0,102,0,476,-29" /><INIT seed="4,0,0,5,4,36" ten="143,308,102,447" oya="0" hai0="59,44,97,6,38,27,131,13,132,81,125,86,101" hai1="8,69,93,120,64,65,34,3,23,51,19,88,5" hai2="37,53,26,72,30,15,33,45,135,55,0,80,66" hai3="128,108,118,60,21,16,114,103,119,71,129,83,117"/><T22/><D131/><N who="3" m="50249" /><G108/><T105/><D125/><U61/><E120/><V99/><F0/><W24/><G114/><T110/><D132/><U116/><E116/><V98/><F66/><N who="3" m="41415" /><G103/><T68/><D110/><U113/><E113/><V46/><F135/><W43/><G83/><T121/><D68/><U130/><E130/><V115/><F115/><W102/><G102/><T96/><D96/><U41/><E34/><V74/><F15/><W29/><G43/><T85/><D59/><U123/><E123/><V109/><F109/><W63/><G63/><T94/><D105/><U28/><E28/><AGARI ba="0,0" hai="16,21,24,28,29,117,118,119" m="41415,50249" machi="28" ten="40,2600,0" yaku="19,1,54,1" doraHai="36" who="3" fromWho="1" sc="143,0,308,-26,102,0,447,26" /><INIT seed="5,0,0,4,2,80" ten="143,282,102,473" oya="1" hai0="9,133,17,88,105,11,43,104,127,55,112,27,58" hai1="52,39,102,48,61,90,108,26,66,40,135,109,82" hai2="129,2,78,110,42,28,96,67,107,75,10,1,22" hai3="46,15,19,32,50,30,62,20,35,69,7,29,93"/><U87/><E102/><V8/><F110/><W119/><G119/><T86/><D112/><U34/><E135/><V53/><F129/><W95/><G35/><T124/><D133/><U91/><E40/><V56/><F42/><N who="3" m="24919" /><G69/><T74/><D74/><U77/><E39/><V21/><F67/><W120/><G32/><T106/><D43/><U54/><E26/><V12/><F75/><W33/><G33/><T98/><D98/><U79/><E34/><V47/><F78/><W81/><G120/><T99/><D99/><U111/><E91/><V59/><F96/><W114/><G114/><T126/><D17/><U0/><E0/><V23/><F107/><W41/><G41/><T63/><D27/><U116/><E116/><V65/><F28/><W16/><G7/><T76/><D76/><N who="1" m="29259" /><E48/><N who="2" m="28831" /><F2/><W3/><G81/><AGARI ba="0,0" hai="9,11,55,58,63,81,86,88,104,105,106,124,126,127" machi="81" ten="50,6400,0" yaku="18,1,52,1,54,1" doraHai="80" who="0" fromWho="3" sc="143,64,282,0,102,0,473,-64" /><INIT seed="6,0,0,2,0,23" ten="207,282,102,409" oya="2" hai0="41,17,76,54,49,5,131,112,69,63,37,60,114" hai1="96,116,125,78,13,27,117,38,9,55,47,77,80" hai2="115,82,134,66,71,123,28,1,8,126,92,65,3" hai3="20,56,105,89,109,100,111,106,4,58,15,59,103"/><V118/><F123/><W110/><G89/><T34/><D34/><U52/><E125/><V51/><F118/><W98/><G4/><T84/><D5/><U135/><E135/><V130/><F126/><W102/><G98/><T101/><D101/><U42/><E78/><V87/><F71/><W26/><G15/><T12/><D131/><U21/><E96/><V45/><F134/><W40/><G40/><T11/><D37/><U35/><E35/><V90/><F130/><W99/><G99/><T2/><D2/><U70/><E70/><V39/><F115/><N who="0" m="44074" /><D41/><U120/><E120/><V32/><F39/><W75/><G75/><T73/><D73/><U127/><E127/><V67/><F8/><W48/><G48/><T46/><D69/><U61/><E61/><V25/><REACH who="2" step="1"/><F82/><AGARI ba="0,0" hai="11,12,17,46,49,54,60,63,76,82,84" m="44074" machi="82" ten="30,1000,0" yaku="15,1" doraHai="23" who="0" fromWho="2" sc="207,10,282,0,102,-10,409,0" /><INIT seed="7,0,0,4,3,131" ten="217,282,92,409" oya="3" hai0="19,128,14,44,99,92,52,60,11,34,127,5,21" hai1="104,69,56,24,28,130,103,39,46,108,109,97,78" hai2="12,129,49,90,48,22,124,30,89,121,18,112,134" hai3="84,36,68,9,35,81,6,96,13,17,41,100,85"/><W66/><G35/><T29/><D127/><U107/><E56/><V132/><F124/><W0/><G36/><T45/><D128/><U74/><E130/><V110/><F129/><W102/><G41/><T42/><D34/><U105/><E109/><V119/><F110/><W27/><G27/><T54/><D29/><U75/><E108/><V67/><F119/><W38/><G38/><T91/><D42/><U125/><E125/><V114/><F67/><W111/><G111/><T135/><D135/><N who="2" m="51754" /><F121/><W50/><G85/><T2/><D54/><U31/><E31/><V26/><F49/><W71/><G50/><T62/><D62/><U33/><E69/><V115/><F48/><W8/><G66/><T40/><D40/><U82/><REACH who="1" step="1"/><E75/><REACH who="1" ten="217,272,92,409" step="2"/><V4/><F90/><W23/><G102/><T64/><D64/><U10/><E10/><N who="2" m="4167" /><F89/><W86/><G9/><T32/><D32/><U83/><E83/><V55/><F55/><W120/><G81/><T16/><D52/><U20/><E20/><N who="2" m="15687" /><F114/><W117/><G100/><T15/><D60/><U95/><E95/><V80/><F80/><W3/><G71/><T118/><D118/><U25/><E25/><AGARI ba="0,1" hai="18,22,25,112,115" m="15687,4167,51754" machi="25" ten="30,12000,2" yaku="20,1,34,2,52,3" doraHai="131" who="2" fromWho="1" sc="217,0,272,-120,92,130,409,0" owari="217,-18.0,152,-35.0,222,2.0,409,51.0" /></mjloggm>