<mjloggm ver="2.3"><GO type="169" lobby="0"/><UN n0="%E3%81%B4%E3%81%AE" n1="%EF%BC%88%E2%89%A7%E2%96%BD%E2%89%A6%EF%BC%89" n2="%6B%6F%68%73%68%69" n3="%E3%83%97%E3%83%AD%E3%82%B8%E3%83%A3%E3%83%B3%E6%B0%8F" dan="16,17,16,16" rate="2107.20,2159.17,2153.11,2133.19" sx="M,M,M,M"/><TAIKYOKU oya="0"/><INIT seed="0,0,0,0,2,28" ten="250,250,250,250" oya="0" hai0="0,114,117,40,23,76,67,50,105,64,96,78,25" hai1="68,56,66,22,54,107,30,84,16,32,125,112,74" hai2="100,113,46,70,121,118,119,80,71,15,53,135,89" hai3="1,116,14,24,20,131,29,11,3,94,9,92,133"/><T108/><D117/><U43/><E74/><V134/><F113/><W81/><G116/><N who="2" m="44585" /><F100/><W126/><G81/><T48/><D114/><U12/><E107/><V13/><F121/><W102/><G102/><T110/><D0/><N who="3" m="73" /><G92/><T124/><D124/><U98/><E112/><V103/><F103/><W35/><G94/><T41/><D23/><U7/><E98/><V82/><F46/><W60/><G60/><T44/><D25/><U6/><E43/><V26/><F26/><N who="3" m="18871" /><G131/><T52/><D96/><U61/><E125/><V34/><F53/><W17/><G133/><N who="2" m="50697" /><F89/><W36/><G36/><T58/><D105/><U90/><E90/><V101/><F101/><W79/><G79/><T75/><D75/><U83/><E54/><V51/><F51/><W95/><G95/><T128/><D128/><U127/><E127/><V42/><F42/><W120/><G120/><T73/><D73/><U72/><E72/><V93/><F93/><W33/><G126/><T55/><D58/><U87/><E56/><V19/><F82/><W21/><G33/><T106/><D106/><U132/><E132/><V63/><F80/><W10/><G21/><T123/><D44/><U65/><E83/><V31/><F63/><W47/><G47/><T85/><D85/><N who="1" m="32843" /><E66/><V111/><F71/><W38/><G38/><T57/><D57/><U2/><E61/><V62/><F62/><W91/><G91/><T49/><D49/><U109/><E68/><V104/><F70/><W115/><G115/><T122/><AGARI ba="0,0" hai="40,41,48,50,52,55,64,67,76,78,108,110,122,123" machi="122" ten="25,9600,0" yaku="0,1,22,2,54,1" doraHai="28" who="0" fromWho="0" sc="250,96,250,-32,250,-32,250,-32" /><INIT seed="0,1,0,5,4,16" ten="346,218,218,218" oya="0" hai0="62,11,112,29,30,32,8,73,52,115,63,9,90" hai1="80,97,109,91,70,33,2,106,20,107,79,111,40" hai2="60,7,104,45,125,17,59,64,129,128,38,102,1" hai3="101,35,23,135,119,126,68,88,99,48,121,113,95"/><T92/><D73/><N who="1" m="43119" /><E33/><V21/><F125/><W3/><G3/><T18/><D32/><U34/><E34/><V118/><F118/><W58/><G35/><T5/><D5/><U87/><E2/><V76/><F76/><W41/><G126/><T130/><D130/><U25/><E70/><V83/><F83/><W28/><G135/><T46/><D115/><U37/><E40/><V116/><F116/><W93/><G113/><T39/><D112/><U47/><E47/><V51/><F38/><W67/><G119/><T84/><D18/><N who="1" m="12439" /><E97/><V53/><F102/><W82/><G121/><T133/><D133/><U12/><E12/><V65/><F104/><W110/><G110/><N who="1" m="41994" /><E37/><V61/><F1/><W75/><G68/><T42/><REACH who="0" step="1"/><D63/><REACH who="0" ten="336,218,218,218" step="2"/><U31/><E31/><V54/><F7/><W77/><G28/><T0/><D0/><U98/><E98/><V44/><F61/><W89/><G99/><T13/><D13/><U114/><E114/><V100/><F60/><W57/><G75/><T19/><D19/><U124/><E124/><V6/><F17/><W55/><G67/><T131/><D131/><U123/><E123/><V71/><F65/><W117/><G117/><T86/><D86/><U50/><E50/><V96/><F51/><W122/><G48/><T27/><D27/><U134/><E134/><V26/><F128/><W36/><G122/><T69/><D69/><U56/><E56/><AGARI ba="1,1" hai="8,9,11,29,30,39,42,46,52,56,62,84,90,92" machi="56" ten="40,7700,0" yaku="1,1,54,1,53,1" doraHai="16" doraHaiUra="85" who="0" fromWho="1" sc="336,90,218,-80,218,0,218,0" /><INIT seed="0,2,0,1,2,106" ten="426,138,218,218" oya="0" hai0="117,91,76,25,110,113,102,111,57,79,52,78,6" hai1="56,4,84,132,81,10,7,105,99,47,38,95,103" hai2="80,44,36,97,101,19,45,116,17,64,8,118,75" hai3="5,72,50,40,39,9,24,1,86,126,98,130,42"/><T93/><D117/><U2/><E132/><V120/><F120/><W30/><G72/><T3/><D113/><U33/><E33/><V12/><F64/><W53/><G126/><T131/><D131/><U74/><E7/><V26/><F36/><W61/><G130/><T104/><D25/><U65/><E95/><V43/><F43/><W109/><G109/><N who="0" m="41483" /><D6/><U73/><E65/><V124/><F124/><W11/><G11/><T15/><D3/><U55/><E47/><V37/><F37/><W51/><G61/><N who="0" m="36007" /><D15/><U68/><E68/><V23/><F116/><W96/><G1/><T100/><D104/><U0/><E38/><V114/><F114/><W34/><G5/><T22/><D22/><U62/><REACH who="1" step="1"/><E2/><REACH who="1" ten="426,128,218,218" step="2"/><V31/><F118/><W54/><G34/><T134/><D134/><U66/><E66/><V108/><F108/><W29/><G39/><T128/><D128/><U107/><E107/><V94/><REACH who="2" step="1"/><F31/><REACH who="2" ten="426,128,208,218" step="2"/><W16/><G30/><T83/><D83/><U135/><E135/><V69/><F69/><W18/><G29/><T41/><D41/><U121/><E121/><V115/><F115/><W63/><G42/><T90/><D93/><U67/><E67/><V70/><F70/><W59/><G40/><T60/><D60/><U13/><E13/><V88/><F88/><AGARI ba="2,2" hai="76,78,79,88,90,91,100,102" m="36007,41483" machi="88" ten="30,11600,0" yaku="14,1,10,1,54,2" doraHai="106" who="0" fromWho="2" sc="426,142,128,0,208,-122,218,0" /><AGARI ba="2,0" hai="0,4,10,55,56,62,73,74,81,84,88,99,103,105" machi="88" ten="30,8000,1" yaku="1,1,7,1,52,2,54,1,53,0" doraHai="106" doraHaiUra="89" who="1" fromWho="2" sc="568,0,128,80,86,-80,218,0" /><INIT seed="0,3,0,2,1,119" ten="568,208,6,218" oya="0" hai0="120,24,118,109,113,123,134,117,107,103,7,64,21" hai1="90,14,26,130,127,4,40,73,28,17,25,82,43" hai2="30,8,115,38,11,13,70,33,135,78,50,114,3" hai3="18,72,129,126,85,34,16,132,100,68,106,46,44"/><T23/><D64/><U99/><E127/><V75/><F38/><W112/><G72/><T32/><D107/><U77/><E130/><V35/><F70/><W15/><G68/><T105/><D103/><U41/><E4/><V124/><F50/><W10/><G34/><T12/><D105/><U61/><E28/><V1/><F75/><W37/><G126/><T56/><D56/><U0/><E0/><N who="2" m="75" /><F78/><W93/><G112/><N who="2" m="43049" /><F124/><W122/><G37/><T2/><D113/><U83/><E61/><V81/><F81/><W52/><G106/><T76/><D76/><U31/><E31/><V84/><F84/><W36/><G36/><T42/><D42/><U57/><E57/><V116/><F116/><W69/><G69/><T54/><D54/><U87/><REACH who="1" step="1"/><E99/><REACH who="1" ten="568,198,6,218" step="2"/><V96/><F96/><W62/><G62/><T66/><D118/><U27/><E27/><N who="2" m="18655" /><F135/><W80/><G132/><T86/><D134/><U71/><E71/><V58/><F58/><W92/><G44/><T5/><D117/><U59/><E59/><V9/><F35/><W45/><G46/><T111/><D32/><U125/><E125/><V88/><F88/><W65/><G45/><T89/><D89/><U22/><AGARI ba="3,1" hai="14,17,22,25,26,40,41,43,73,77,82,83,87,90" machi="22" ten="30,2000,0" yaku="1,1,0,1,53,0" doraHai="119" doraHaiUra="29" who="1" fromWho="1" sc="568,-13,198,39,6,-8,218,-8" owari="555,65.0,237,4.0,-2,-50.0,210,-19.0" /></mjloggm>