<mjloggm ver="2.3"><GO type="169"/><UN n0="%E3%82%A8%E3%83%AA%E3%83%B3%E2%99%AA" n1="%E3%83%B4%E3%81%81%E3%81%AB%E3%82%89%E3%81%82%E3%81%84%E3%81%99" n2="%E3%81%AF%E3%81%90%E3%82%8C%E3%83%9F%E3%83%B3%E3%83%88" n3="%EF%BC%88%E2%89%A7%E2%96%BD%E2%89%A6%EF%BC%89" dan="16,16,16,18" rate="2032,2059,2051,2187" sx="F,M,F,M"/><TAIKYOKU oya="0"/><INIT seed="0,0,0,5,1,12" ten="250,250,250,250" oya="0" hai0="103,78,74,81,82,40,80,117,114,34,29,47,130" hai1="93,135,76,14,66,39,4,98,60,50,53,43,26" hai2="119,48,62,46,129,23,124,125,28,70,108,83,61" hai3="96,15,35,95,33,115,69,97,22,131,105,21,51"/><T79/><D114/><U30/><E135/><V59/><F108/><W6/><G69/><T110/><D117/><U56/><E76/><V44/><F119/><W75/><G75/><T132/><D130/><U118/><E118/><V16/><F28/><W45/><G105/><T27/><D132/><U20/><E39/><V126/><F129/><W55/><G115/><T121/><D121/><U49/><E43/><V87/><F70/><W54/><G131/><T90/><D110/><U99/><E99/><V58/><F61/><W86/><G35/><T7/><D79/><U128/><E128/><V0/><F0/><W42/><G33/><T17/><D103/><N who="1" m="60879" /><E53/><N who="3" m="19978" /><G86/><T84/><D7/><U37/><E37/><V68/><F68/><W31/><G31/><T38/><REACH who="0" step="1"/><D82/><REACH who="0" ten="240,250,250,250" step="2"/><U64/><E4/><V63/><F63/><W85/><G6/><T107/><D107/><U9/><E60/><V104/><F104/><W72/><G95/><T122/><D122/><U52/><E56/><N who="2" m="21547" /><F62/><W5/><G5/><T1/><D1/><U106/><E106/><V120/><F120/><W67/><G67/><T89/><D89/><U116/><E116/><V65/><F65/><W109/><G109/><T24/><D24/><U73/><E66/><V113/><F113/><W18/><G15/><T3/><D3/><U10/><E64/><V127/><F127/><W94/><G94/><T8/><D8/><U32/><E10/><V133/><F133/><W19/><G45/><T36/><D36/><U25/><E9/><V77/><F48/><W102/><G51/><T123/><D123/><U13/><E49/><RYUUKYOKU ba="0,1" sc="240,15,250,-15,250,15,250,-15" hai0="17,27,29,34,38,40,47,74,78,80,81,84,90" hai2="16,23,44,46,77,83,87,124,125,126" /><INIT seed="0,1,1,1,4,44" ten="255,235,265,235" oya="0" hai0="35,8,87,64,119,78,88,86,59,74,116,52,7" hai1="58,99,37,94,33,40,107,50,84,75,130,117,42" hai2="112,85,6,29,73,129,66,32,43,76,61,15,55" hai3="48,83,47,57,102,51,70,30,127,109,3,27,128"/><T69/><D35/><U54/><E117/><V125/><F112/><W124/><G3/><T60/><D74/><U2/><E2/><V77/><F43/><W19/><G70/><T38/><D78/><U16/><E33/><V65/><F129/><W46/><G128/><T39/><D39/><U36/><E130/><V41/><F41/><W56/><G102/><T105/><D105/><U53/><E75/><V26/><F73/><W91/><G19/><T101/><D101/><U23/><E37/><V21/><F125/><N who="3" m="48203" /><G109/><T13/><D38/><U68/><E68/><V100/><F100/><W82/><G91/><T98/><D98/><U123/><E123/><V28/><F28/><W20/><G47/><T18/><D7/><U67/><E107/><V0/><F0/><W135/><G135/><T96/><D96/><U71/><E36/><V114/><F114/><W106/><G106/><T126/><D126/><U62/><E84/><V133/><F133/><W97/><G97/><T25/><D25/><U10/><E10/><N who="2" m="4567" /><F32/><W103/><G103/><T14/><D14/><N who="1" m="9623" /><E71/><V1/><F1/><W120/><G120/><T122/><D122/><U118/><E118/><V108/><F108/><W93/><G93/><N who="0" m="54423" /><D87/><U9/><E99/><V134/><F134/><W31/><G31/><T11/><D119/><U81/><E81/><N who="3" m="30730" /><G46/><T72/><D116/><U115/><E115/><V22/><F77/><W45/><G45/><T131/><D131/><U63/><E40/><V4/><F76/><W110/><G110/><T121/><D121/><U79/><E42/><V49/><F85/><W95/><G95/><RYUUKYOKU ba="1,1" sc="255,-10,235,-10,265,-10,235,30" hai3="20,27,30,48,51,56,57" /><INIT seed="1,2,1,4,3,83" ten="245,225,255,265" oya="1" hai0="9,118,110,86,131,56,65,33,97,105,58,3,36" hai1="28,95,6,2,132,82,55,100,10,16,31,25,72" hai2="63,98,85,35,90,91,46,59,76,22,89,73,0" hai3="32,126,19,23,52,24,108,113,104,93,70,66,4"/><U96/><E132/><V54/><F35/><W128/><G113/><T17/><D36/><U20/><REACH who="1" step="1"/><E55/><REACH who="1" ten="245,215,255,265" step="2"/><N who="2" m="34303" /><F0/><W115/><G52/><T129/><D3/><U53/><E53/><V5/><F54/><W49/><G115/><T47/><D129/><U41/><E41/><V84/><F89/><W48/><G128/><T50/><D131/><U21/><E21/><V29/><F90/><W27/><G23/><T125/><D33/><U99/><E99/><V92/><F91/><W67/><G32/><T94/><D97/><U109/><E109/><V64/><F98/><W127/><G108/><T57/><D110/><U77/><AGARI ba="2,2" hai="2,6,10,16,20,25,28,31,72,77,82,95,96,100" machi="77" ten="30,6000,0" yaku="1,1,0,1,54,1,53,0" doraHai="83" doraHaiUra="60" who="1" fromWho="1" sc="245,-22,215,86,255,-22,265,-22" /><INIT seed="1,3,0,2,0,58" ten="223,301,233,243" oya="1" hai0="87,101,108,6,127,45,42,38,65,5,50,21,75" hai1="76,109,57,46,4,15,48,92,17,84,129,68,67" hai2="52,69,115,16,18,110,55,77,19,64,1,123,36" hai3="118,105,134,32,53,26,117,71,39,113,91,20,30"/><U31/><E129/><V93/><F123/><W94/><G113/><T62/><D75/><U83/><E31/><V54/><F115/><W86/><G134/><T51/><D108/><U14/><E109/><V98/><F36/><W112/><G112/><T100/><D127/><U73/><E68/><V126/><F110/><W96/><G39/><T44/><D51/><U34/><E34/><V89/><F126/><W33/><G71/><T49/><D38/><U102/><E4/><V40/><F40/><W128/><G128/><T11/><D21/><U88/><E102/><V85/><F1/><W116/><REACH who="3" step="1"/><G53/><REACH who="3" ten="223,301,233,233" step="2"/><T132/><D132/><U41/><REACH who="1" step="1"/><E17/><REACH who="1" ten="223,291,233,233" step="2"/><V104/><F69/><W60/><G60/><AGARI ba="3,2" hai="14,15,41,46,48,57,60,67,73,76,83,84,88,92" machi="60" ten="40,18000,2" yaku="1,1,2,1,52,1,54,1,53,2" doraHai="58" doraHaiUra="8" who="1" fromWho="3" sc="223,0,291,209,233,0,233,-189" /><INIT seed="1,4,0,0,4,0" ten="223,500,233,44" oya="1" hai0="93,42,68,16,117,49,92,118,37,12,102,40,54" hai1="4,107,115,121,78,75,84,41,94,109,125,129,60" hai2="77,18,80,71,85,72,53,45,65,91,50,114,95" hai3="3,73,28,70,97,64,116,110,34,101,36,10,13"/><U74/><E121/><V130/><F130/><W135/><G13/><T96/><D68/><U15/><E115/><V30/><F114/><W32/><G116/><T57/><D93/><U76/><E107/><V79/><F30/><W111/><G135/><T83/><D83/><U2/><E129/><V14/><F79/><W87/><G87/><T19/><D19/><U21/><E41/><V104/><F104/><N who="3" m="63535" /><G73/><T55/><D55/><U131/><E131/><V81/><F80/><W44/><G44/><T61/><D37/><U89/><E78/><V98/><F71/><W56/><G56/><T113/><D113/><U120/><E76/><V11/><REACH who="2" step="1"/><F65/><REACH who="2" ten="223,500,223,44" step="2"/><W23/><G28/><T58/><D118/><U26/><E120/><V133/><F133/><W63/><G64/><N who="0" m="38967" /><D117/><U52/><E75/><AGARI ba="4,1" hai="11,14,18,45,50,53,72,75,77,81,85,91,95,98" machi="75" ten="40,1300,0" yaku="1,1,53,0" doraHai="0" doraHaiUra="123" who="2" fromWho="1" sc="223,0,500,-25,223,35,44,0" /><INIT seed="2,0,0,1,3,19" ten="223,475,258,44" oya="2" hai0="71,100,128,35,96,65,45,16,42,111,102,22,119" hai1="130,53,15,99,127,26,82,28,90,126,97,1,6" hai2="68,17,85,84,81,77,61,60,39,95,80,55,43" hai3="12,92,47,107,79,75,48,0,72,101,13,86,114"/><V36/><F95/><W89/><G114/><T76/><D35/><U91/><E130/><V83/><F43/><W135/><G135/><T56/><D128/><U118/><E118/><V110/><F110/><W131/><G131/><T94/><D111/><U46/><E1/><V58/><F81/><W21/><G0/><T57/><D71/><U132/><E132/><V5/><F5/><W122/><G122/><T106/><D76/><U73/><E6/><V70/><F17/><W62/><G62/><T32/><D32/><U121/><E15/><V59/><F77/><W74/><G79/><T10/><D10/><U25/><E73/><V51/><F51/><W109/><G109/><T116/><D106/><U31/><E46/><V115/><REACH who="2" step="1"/><F55/><REACH who="2" ten="223,475,248,44" step="2"/><W37/><G37/><T23/><D119/><U120/><E53/><V4/><F4/><W44/><G48/><T41/><D16/><U87/><E82/><V38/><F38/><W40/><G40/><T30/><D42/><U7/><E7/><V14/><F14/><W103/><G13/><T11/><D41/><U69/><E121/><V20/><F20/><W8/><G8/><T125/><D22/><U64/><E120/><V49/><F49/><W50/><G50/><T113/><D23/><U93/><E93/><V78/><F78/><W124/><G107/><T105/><D94/><U63/><E31/><V27/><F27/><W34/><G34/><T3/><D30/><U129/><E26/><V54/><F54/><W133/><G133/><T123/><D105/><U112/><E25/><V9/><F9/><W134/><G134/><RYUUKYOKU ba="0,1" sc="223,-10,475,-10,248,30,44,-10" hai2="36,39,58,59,60,61,68,70,80,83,84,85,115" /><INIT seed="2,1,1,2,3,53" ten="213,465,278,34" oya="2" hai0="59,78,46,57,50,4,67,88,27,35,24,113,125" hai1="2,20,123,102,77,79,69,36,103,126,42,116,80" hai2="74,68,73,120,81,100,65,131,72,47,61,85,76" hai3="55,133,5,83,122,37,48,58,119,28,52,127,101"/><V25/><F120/><W31/><G122/><T107/><D107/><U0/><E123/><V21/><F131/><W23/><G37/><T118/><D113/><U56/><E116/><V106/><F47/><N who="3" m="27679" /><G119/><T134/><D118/><U10/><E69/><V63/><F63/><N who="3" m="36319" /><G133/><T34/><D134/><U39/><E126/><V110/><F110/><W13/><G127/><T135/><D125/><U86/><E77/><V105/><REACH who="2" step="1"/><F100/><REACH who="2" ten="213,465,268,34" step="2"/><W114/><G101/><T8/><D135/><U17/><E103/><V97/><F97/><W45/><G114/><T14/><D78/><U87/><E102/><V98/><F98/><W130/><G130/><T16/><D88/><U92/><E79/><V75/><N who="2" m="18432" /><DORA hai="99" /><V121/><F121/><W19/><G5/><T6/><D4/><U95/><E39/><V9/><F9/><W93/><G83/><T18/><D6/><U124/><E10/><V90/><F90/><W26/><G93/><T115/><D8/><U132/><E80/><V11/><F11/><N who="3" m="6591" /><G45/><T22/><D46/><U60/><E92/><V94/><F94/><W1/><G1/><T29/><D50/><U62/><E132/><V89/><F89/><W49/><G49/><T96/><D96/><U111/><E124/><V33/><F33/><W15/><G15/><T108/><D35/><U71/><E111/><V3/><F3/><W82/><G82/><T109/><D34/><U7/><E0/><V129/><F129/><W43/><G43/><T64/><D14/><U91/><E2/><V54/><F54/><W40/><G40/><T128/><D109/><U41/><E41/><RYUUKYOKU ba="1,2" sc="213,-15,465,-15,268,15,34,15" hai2="21,25,61,65,68,76,81,85,105,106" hai3="23,26,28,31" /><INIT seed="2,2,2,4,1,16" ten="198,450,283,49" oya="2" hai0="35,72,46,106,14,6,71,85,91,117,108,65,103" hai1="64,93,38,130,13,128,66,124,2,115,119,98,126" hai2="31,90,61,47,76,21,50,82,26,45,8,53,83" hai3="4,127,28,40,3,23,73,107,57,60,79,29,80"/><V121/><F121/><W120/><G120/><T25/><D72/><U99/><E115/><V32/><F32/><W27/><G127/><N who="1" m="48682" /><E119/><V59/><F8/><W39/><G107/><T52/><D117/><U56/><E2/><V41/><F76/><W10/><G29/><T19/><D108/><U114/><E38/><V24/><F90/><W43/><REACH who="3" step="1"/><G39/><REACH who="3" ten="198,450,283,39" step="2"/><T87/><D106/><U22/><E114/><V18/><F47/><W129/><G129/><T97/><D46/><U122/><E122/><V89/><F89/><W109/><G109/><T0/><D91/><U63/><E130/><V44/><REACH who="2" step="1"/><F45/><REACH who="2" ten="198,450,273,39" step="2"/><W68/><G68/><T58/><D71/><U75/><E128/><V96/><F96/><W11/><G11/><T51/><D97/><U7/><E99/><V20/><AGARI ba="2,4" hai="18,20,21,24,26,31,41,44,50,53,59,61,82,83" machi="20" ten="20,18000,2" yaku="1,1,0,1,7,1,8,1,52,2,53,0" doraHai="16" doraHaiUra="30" who="2" fromWho="2" sc="198,-62,450,-62,273,226,39,-62" owari="136,-26.0,388,19.0,499,59.0,-23,-52.0" /></mjloggm>