<mjloggm ver="2.3"><GO type="41"/><UN n0="%E3%83%91%E3%83%BC%E3%83%AB%E3%83%A9%E3%82%A4%E3%82%B9" n1="%E3%82%B5%E3%83%BC%E3%82%BB%E3%83%B3" n2="%EF%BC%88%E2%89%A7%E2%96%BD%E2%89%A6%EF%BC%89" n3="%E2%98%86%E3%82%B1%E3%83%AD%E3%83%AD%E8%BB%8D%E6%9B%B9%E2%98%86" dan="14,14,14,14" rate="1880,1878,2028,1948" sx="M,M,M,M"/><TAIKYOKU oya="0"/><INIT seed="0,0,0,3,1,115" ten="250,250,250,250" oya="0" hai0="3,43,56,101,90,85,11,53,133,42,16,66,64" hai1="128,39,36,38,26,134,19,132,83,0,95,110,1" hai2="18,33,92,80,49,79,59,34,119,14,94,82,84" hai3="45,37,48,88,99,105,125,107,81,46,129,97,108"/><T130/><D3/><U50/><E128/><V22/><F119/><W7/><G129/><T87/><D130/><U116/><E83/><V93/><REACH who="2" step="1"/><F80/><REACH who="2" step="2"/><W47/><G37/><T67/><D133/><U102/><E116/><V5/><F5/><W51/><G125/><T4/><D101/><U40/><E132/><V121/><F121/><W27/><G108/><T96/><D4/><U65/><E134/><V113/><F113/><W31/><G7/><T74/><D74/><U52/><E110/><V117/><F117/><W30/><G81/><N who="0" m="49455" /><D87/><U55/><E65/><V60/><F60/><W100/><G30/><T118/><D96/><U8/><E1/><V2/><F2/><W75/><G75/><T109/><D118/><U122/><E0/><V77/><F77/><W123/><G123/><T6/><D109/><U32/><E122/><V106/><F106/><W63/><G63/><N who="0" m="36239" /><D6/><U89/><E102/><V24/><F24/><W58/><G88/><T91/><D91/><U9/><E26/><V71/><F71/><W61/><G99/><T15/><AGARI ba="0,1" hai="11,15,16,42,43,64,66,67" m="36239,49455" machi="15" ten="30,3000,0" yaku="8,1,54,1" doraHai="115" who="0" fromWho="0" sc="250,40,250,-10,240,-10,250,-10" /><INIT seed="0,1,0,4,0,112" ten="290,240,230,240" oya="0" hai0="63,17,96,97,132,129,15,52,57,18,43,104,22" hai1="125,82,60,24,44,119,77,42,123,59,28,72,6" hai2="133,41,36,111,73,61,58,47,130,30,115,87,114" hai3="135,89,131,49,100,53,48,83,50,13,85,94,78"/><T71/><D132/><U56/><E123/><V34/><F73/><W105/><G135/><T26/><D129/><U5/><E125/><V2/><F133/><W127/><G131/><T27/><D43/><U3/><E59/><V29/><F130/><W98/><G127/><T9/><D104/><U122/><E122/><V67/><F111/><W93/><G13/><T75/><D75/><U12/><E3/><V88/><F2/><W124/><G124/><T116/><D71/><U134/><E134/><V40/><F40/><W35/><G35/><T62/><D116/><U7/><E119/><V80/><REACH who="2" step="1"/><F34/><REACH who="2" step="2"/><W99/><REACH who="3" step="1"/><G105/><REACH who="3" step="2"/><T81/><D81/><U126/><E126/><V70/><F70/><W31/><G31/><AGARI ba="1,2" hai="29,30,31,36,41,47,58,61,67,80,87,88,114,115" machi="31" ten="40,5200,0" yaku="1,1,54,1,53,1" doraHai="112" doraHaiUra="55" who="2" fromWho="3" sc="290,0,240,0,220,75,230,-55" /><INIT seed="1,0,0,3,3,122" ten="290,240,295,175" oya="1" hai0="20,38,53,97,10,86,69,31,4,71,0,66,16" hai1="52,24,99,101,95,49,117,63,100,45,92,61,74" hai2="93,102,43,96,42,84,135,12,2,106,21,19,14" hai3="34,121,8,7,110,91,54,126,39,75,68,78,88"/><U116/><E74/><V82/><F135/><W27/><G121/><T13/><D38/><U36/><E36/><V85/><F2/><W62/><G126/><T128/><D128/><U33/><E117/><V26/><F106/><W76/><G39/><T67/><D97/><U56/><E116/><V1/><F1/><W112/><G112/><T40/><D40/><U41/><E63/><V28/><F12/><W51/><G68/><T107/><D107/><U73/><E73/><V60/><F60/><W98/><G62/><T17/><D17/><U103/><REACH who="1" step="1"/><E95/><REACH who="1" step="2"/><V47/><F47/><W22/><G75/><T64/><D71/><U125/><E125/><V18/><F18/><W5/><G51/><T94/><D69/><U11/><E11/><V118/><F118/><W81/><G8/><T105/><D105/><U79/><E79/><V65/><F65/><W129/><G78/><T127/><D127/><U89/><E89/><V130/><F130/><W55/><G91/><T134/><D67/><U108/><E108/><V50/><F50/><W119/><G110/><T90/><D66/><U131/><E131/><V32/><REACH who="2" step="1"/><F85/><REACH who="2" step="2"/><W113/><G129/><T83/><D64/><U46/><E46/><V3/><F3/><W124/><G119/><T57/><D86/><U80/><E80/><V23/><F23/><W9/><G22/><T29/><D83/><U120/><E120/><V115/><F115/><W114/><G81/><T48/><D134/><U133/><E133/><V44/><F44/><W109/><G113/><T35/><D20/><U77/><E77/><AGARI ba="0,2" hai="14,19,21,26,28,32,42,43,77,82,84,93,96,102" machi="77" ten="30,2000,0" yaku="1,1,7,1,53,0" doraHai="122" doraHaiUra="58" who="2" fromWho="1" sc="290,0,230,-20,285,40,175,0" /><INIT seed="2,0,0,5,1,18" ten="290,210,325,175" oya="2" hai0="115,69,119,117,36,73,104,29,129,111,41,88,19" hai1="74,32,113,106,98,51,25,105,21,20,50,70,90" hai2="42,91,127,132,60,131,35,22,46,107,121,31,86" hai3="61,67,116,76,47,80,64,49,109,28,100,102,57"/><V84/><F121/><W92/><G116/><T81/><D19/><U16/><E113/><V14/><F107/><W71/><G109/><T128/><D29/><U45/><E32/><V17/><F132/><W38/><G38/><T44/><D115/><U79/><E70/><V33/><F131/><N who="0" m="50250" /><D69/><U89/><E74/><V130/><F130/><W8/><G71/><T54/><D54/><U55/><E79/><V77/><F127/><W15/><G67/><T43/><D43/><U6/><E6/><V78/><F60/><W122/><G122/><T114/><D114/><U108/><E108/><V0/><F0/><W66/><G66/><T40/><D40/><U97/><E55/><V101/><F101/><W34/><G92/><T125/><D111/><U85/><E85/><V126/><F126/><W4/><G28/><T53/><D53/><U134/><E25/><V30/><F35/><W10/><G10/><T124/><D104/><U82/><E82/><N who="2" m="47183" /><F78/><W135/><G34/><T94/><D73/><U52/><E52/><V37/><F33/><W56/><G56/><T87/><D81/><U93/><E93/><N who="2" m="54519" /><F37/><W13/><G13/><T7/><D7/><U110/><E110/><V72/><F72/><W24/><G135/><T63/><D63/><U62/><E62/><V65/><F65/><W26/><G102/><T9/><D125/><U112/><E112/><V3/><F3/><W120/><G100/><T83/><D83/><U103/><E103/><V118/><F118/><N who="0" m="45066" /><D124/><U123/><E134/><V27/><F27/><W133/><G133/><T48/><D36/><U58/><E123/><RYUUKYOKU ba="0,0" sc="290,15,210,-15,325,15,175,-15" hai0="9,41,44,48,87,88,94" hai2="14,17,22,30,31,42,46" /><INIT seed="2,1,0,0,3,102" ten="305,195,340,160" oya="2" hai0="134,35,11,7,67,123,80,84,108,44,125,116,90" hai1="57,21,76,37,89,2,129,120,50,46,17,83,32" hai2="62,48,112,111,118,69,30,103,119,127,130,52,82" hai3="81,1,41,54,68,101,98,124,10,25,110,43,86"/><V115/><F30/><W60/><G124/><T5/><D123/><U132/><E32/><V109/><F103/><W131/><G110/><N who="2" m="41993" /><F82/><W97/><G131/><T126/><D108/><U70/><E129/><V42/><F130/><W29/><G97/><T34/><D116/><N who="2" m="44586" /><F127/><N who="0" m="48650" /><D134/><U40/><E132/><V104/><F42/><W0/><G43/><T121/><D121/><U19/><E120/><V114/><F104/><N who="3" m="63543" /><G54/><T26/><D67/><U31/><E70/><V88/><F88/><N who="3" m="51279" /><G41/><T96/><D96/><U39/><E2/><V117/><N who="2" m="44594" /><V75/><DORA hai="63" /><F75/><W133/><G10/><T24/><D44/><U106/><E106/><V105/><F105/><W78/><G78/><T71/><D71/><U16/><E89/><V56/><F69/><W36/><G36/><T12/><D5/><U13/><E57/><V47/><F47/><W14/><G14/><T92/><D80/><U128/><E128/><V77/><F77/><W79/><G79/><T85/><D85/><N who="1" m="48359" /><E39/><V135/><F135/><W65/><G133/><T94/><D94/><U33/><E37/><V113/><N who="2" m="29184" /><DORA hai="64" /><V59/><F59/><W58/><G58/><T28/><D28/><U3/><E3/><V6/><F6/><W72/><G72/><T27/><AGARI ba="1,0" hai="7,11,12,24,26,27,34,35,84,90,92" m="48650" machi="27" ten="30,1100,0" yaku="18,1" doraHai="102,63,64" who="0" fromWho="0" sc="305,14,195,-4,340,-6,160,-4" /><INIT seed="3,0,0,5,4,51" ten="319,191,334,156" oya="3" hai0="59,123,68,88,15,2,28,49,79,84,65,56,108" hai1="5,52,25,127,77,102,128,29,73,70,105,86,89" hai2="100,126,8,43,130,98,50,16,18,57,101,107,44" hai3="80,37,32,40,78,10,34,125,132,109,21,83,39"/><W92/><G132/><T46/><D2/><U122/><E70/><V69/><F69/><W17/><G125/><T114/><D123/><U14/><E122/><V48/><F126/><W27/><G109/><T38/><D108/><U67/><E127/><V53/><F130/><W20/><G92/><T134/><D134/><U113/><E128/><V26/><F101/><W104/><G104/><T95/><D28/><U76/><E113/><V33/><REACH who="2" step="1"/><F8/><REACH who="2" step="2"/><W30/><G10/><T91/><D114/><U87/><E102/><V19/><F19/><W99/><G99/><T106/><D106/><U119/><E105/><V47/><F47/><W112/><G112/><T85/><D79/><U135/><E135/><V9/><F9/><W12/><G83/><T121/><D121/><U96/><E77/><V103/><F103/><W23/><G40/><T116/><D68/><U35/><E76/><V133/><F133/><W58/><G58/><T72/><D59/><U120/><E120/><V36/><F36/><W3/><G3/><T61/><D38/><U118/><E119/><V75/><F75/><W117/><G117/><T63/><D72/><U24/><E118/><V124/><F124/><W74/><REACH who="3" step="1"/><G23/><REACH who="3" step="2"/><T7/><D116/><U90/><E73/><V13/><F13/><W55/><G55/><N who="0" m="30135" /><D56/><U82/><E52/><V62/><F62/><W111/><G111/><T60/><D60/><U31/><E14/><V64/><F64/><W115/><G115/><T6/><D65/><U4/><E67/><V131/><F131/><W22/><G22/><T42/><D63/><U41/><E82/><RYUUKYOKU ba="0,2" sc="319,-15,191,-15,324,15,146,15" hai2="16,18,26,33,43,44,48,50,53,57,98,100,107" hai3="12,17,20,21,27,30,32,34,37,39,74,78,80" /><INIT seed="3,1,2,5,3,11" ten="304,176,339,161" oya="3" hai0="63,89,123,37,58,125,87,84,132,124,106,108,53" hai1="3,29,25,45,52,41,17,19,46,133,93,119,72" hai2="101,42,74,109,12,10,104,80,23,32,21,126,6" hai3="98,97,26,78,77,88,50,95,111,65,60,130,117"/><W54/><G117/><T96/><D37/><U79/><E119/><V8/><F126/><W135/><G130/><T83/><D123/><U91/><E3/><V86/><F32/><W5/><G111/><T28/><D108/><U1/><E1/><V9/><F74/><W20/><G5/><T131/><D131/><U70/><E70/><V64/><F109/><W62/><G98/><T33/><D132/><U66/><E133/><V47/><F64/><W76/><G135/><T0/><D0/><U69/><E72/><V103/><F9/><W127/><G127/><T43/><D43/><U56/><E79/><N who="2" m="46367" /><F10/><W39/><G39/><T113/><D113/><U51/><E69/><V134/><F104/><W27/><G65/><T81/><D96/><U99/><E66/><V82/><F82/><W36/><G36/><T115/><D106/><U129/><E129/><V2/><F2/><W128/><G128/><T110/><D115/><U30/><E30/><V121/><F121/><W105/><G105/><T107/><D107/><U120/><E120/><V55/><F55/><W75/><G75/><T61/><D110/><U34/><REACH who="1" step="1"/><E46/><REACH who="1" step="2"/><V7/><F134/><W38/><G38/><AGARI ba="1,3" hai="17,19,25,29,34,38,41,45,51,52,56,91,93,99" machi="38" ten="30,8000,1" yaku="1,1,2,1,7,1,54,1,53,1" doraHai="11" doraHaiUra="49" who="1" fromWho="3" sc="304,0,166,113,339,0,161,-83" /><INIT seed="4,0,0,5,3,134" ten="304,279,339,78" oya="0" hai0="11,115,131,130,105,15,55,85,106,90,126,124,102" hai1="34,24,4,116,5,121,123,68,62,133,108,122,71" hai2="23,69,83,100,93,81,104,56,2,0,119,20,18" hai3="10,132,12,45,94,96,36,113,1,48,21,98,49"/><T60/><D102/><U27/><E133/><V92/><F119/><W17/><G132/><T7/><D115/><U74/><E116/><V59/><F69/><N who="1" m="26697" /><E74/><V22/><F18/><W89/><G113/><T75/><D75/><U77/><E34/><V51/><F104/><W58/><G98/><T128/><D60/><U125/><E77/><V95/><F100/><W112/><G112/><T39/><D39/><U50/><E108/><V26/><F51/><W52/><G36/><T30/><D30/><U97/><E97/><V19/><F19/><W70/><G70/><T14/><D55/><U28/><E28/><V35/><F26/><N who="1" m="9769" /><E50/><V25/><F25/><W114/><G114/><T67/><D67/><U37/><E37/><V64/><F35/><W127/><G1/><N who="2" m="617" /><F64/><W53/><REACH who="3" step="1"/><G127/><REACH who="3" step="2"/><N who="0" m="48683" /><D15/><U44/><E125/><V43/><F43/><W33/><G33/><T13/><D13/><U80/><E123/><V42/><F42/><W32/><G32/><T16/><D7/><U117/><E4/><V54/><F54/><W78/><G78/><T29/><D29/><U111/><E5/><V41/><F41/><W61/><G61/><T86/><D86/><U66/><E121/><V47/><F47/><W107/><G107/><T129/><N who="0" m="33280" /><DORA hai="120" /><T8/><D8/><AGARI ba="0,1" hai="8,10,12,17,21,45,48,49,52,53,58,89,94,96" machi="8" ten="40,5200,0" yaku="1,1,8,1,54,1,53,0" doraHai="134,120" doraHaiUra="103,65" who="3" fromWho="0" sc="304,-52,279,0,339,0,68,62" /><INIT seed="5,0,0,5,5,23" ten="252,279,339,130" oya="1" hai0="58,98,61,42,59,5,12,7,91,86,16,128,48" hai1="96,10,133,84,135,36,70,38,127,120,110,97,80" hai2="22,108,56,116,122,53,100,25,67,57,52,115,78" hai3="121,95,77,82,55,24,89,83,107,125,81,44,106"/><U0/><E120/><V37/><F122/><W8/><G121/><T66/><D128/><U31/><E70/><V29/><F116/><W75/><G125/><T65/><D98/><U92/><E127/><V33/><F108/><W118/><G118/><T93/><D42/><U45/><E97/><V17/><F37/><W109/><G109/><T114/><D114/><U111/><E31/><V30/><F115/><W130/><G130/><T79/><D79/><N who="1" m="46111" /><E10/><V129/><F129/><W28/><G82/><T71/><D71/><U117/><E45/><V101/><F78/><W134/><G134/><N who="1" m="51210" /><E0/><V47/><F47/><W14/><G83/><T41/><D41/><U113/><E113/><V49/><F67/><W26/><G106/><T3/><D3/><U72/><E72/><V15/><F30/><W103/><G28/><T69/><D69/><U18/><E18/><V39/><F39/><N who="1" m="14889" /><E117/><V68/><F68/><W19/><G44/><T32/><D32/><U64/><E64/><V74/><F74/><W119/><G55/><N who="0" m="32103" /><D66/><U46/><E46/><V20/><F33/><W102/><G119/><T90/><D90/><AGARI ba="0,0" hai="90,92,96,110,111" m="14889,51210,46111" machi="90" ten="30,1500,0" yaku="20,1" doraHai="23" who="1" fromWho="0" sc="252,-15,279,15,339,0,130,0" /><INIT seed="5,1,0,2,4,21" ten="237,294,339,130" oya="1" hai0="53,106,35,46,59,115,79,9,131,26,91,57,126" hai1="36,15,77,42,5,68,127,45,37,128,116,14,100" hai2="55,124,43,61,25,27,83,10,99,23,44,101,38" hai3="120,64,66,114,112,28,109,88,103,92,63,80,133"/><U58/><E116/><V54/><F124/><W105/><G120/><T18/><D106/><U22/><E68/><V90/><F10/><W13/><G109/><T110/><D110/><U97/><E127/><V19/><F61/><W75/><G133/><T81/><D126/><U56/><E37/><V94/><F83/><W117/><G117/><T39/><D39/><U41/><E41/><V118/><F118/><W16/><G103/><T49/><D91/><U119/><E119/><V95/><REACH who="2" step="1"/><F27/><REACH who="2" step="2"/><W87/><G105/><T98/><D26/><U86/><E5/><V82/><F82/><W89/><G28/><T69/><D81/><U84/><E77/><V129/><F129/><W48/><G75/><T134/><D79/><U122/><E128/><V85/><AGARI ba="1,1" hai="19,23,25,38,43,44,54,55,85,90,94,95,99,101" machi="85" ten="20,5200,0" yaku="1,1,0,1,7,1,52,1,53,0" doraHai="21" doraHaiUra="3" who="2" fromWho="2" sc="237,-14,294,-27,329,65,130,-14" /><INIT seed="6,0,0,0,0,19" ten="223,267,394,116" oya="2" hai0="84,0,38,110,109,40,50,13,24,32,72,15,134" hai1="118,58,91,94,6,83,79,105,55,30,74,101,85" hai2="36,18,135,82,89,102,78,49,70,77,27,46,44" hai3="122,45,129,106,34,23,14,116,54,11,42,51,99"/><V69/><F135/><W43/><G116/><T128/><D72/><U47/><E47/><V29/><F102/><W17/><G122/><T9/><D38/><U131/><E118/><V127/><F127/><W123/><G34/><T126/><D84/><U56/><E6/><V21/><F36/><W22/><G123/><T113/><D50/><U117/><E117/><V20/><F70/><W59/><G129/><T65/><D40/><U130/><E30/><V63/><F69/><W53/><G106/><T98/><D65/><U3/><E3/><V96/><F63/><W2/><G99/><T132/><D98/><U62/><REACH who="1" step="1"/><E58/><REACH who="1" step="2"/><V107/><F46/><W10/><G2/><T93/><D126/><U114/><E114/><V64/><F44/><W26/><G11/><T66/><D113/><U57/><E57/><V75/><F29/><W28/><G10/><T39/><D0/><U112/><E112/><V125/><F125/><W1/><REACH who="3" step="1"/><G1/><REACH who="3" step="2"/><T90/><D9/><U80/><E80/><V33/><F82/><W100/><G100/><T5/><D32/><U35/><E35/><V120/><F33/><W133/><G133/><T97/><D134/><U60/><E60/><AGARI ba="0,2" hai="14,17,22,23,26,28,42,43,45,51,53,54,59,60" machi="60" ten="30,8000,1" yaku="1,1,7,1,8,1,52,2,53,0" doraHai="19" doraHaiUra="124" who="3" fromWho="1" sc="223,0,257,-80,394,0,106,100" /><INIT seed="7,0,0,0,0,4" ten="223,177,394,206" oya="3" hai0="7,44,12,15,106,25,57,131,74,102,105,53,56" hai1="72,51,34,88,110,93,1,119,54,65,98,118,62" hai2="84,67,80,68,97,20,37,29,43,59,87,27,76" hai3="77,47,48,19,82,99,132,22,81,83,38,8,123"/><W69/><G123/><T39/><D74/><U89/><E110/><V63/><F37/><W129/><G38/><T113/><D39/><U115/><E72/><V36/><F36/><W24/><G69/><T126/><D126/><U114/><E34/><V21/><F43/><W104/><G132/><T127/><D127/><U58/><E89/><V16/><F97/><W70/><G70/><T85/><D131/><U33/><E33/><V30/><F68/><W94/><G104/><T116/><D116/><U50/><E50/><V6/><F6/><W103/><G129/><T109/><D109/><U108/><E108/><V32/><F32/><W11/><REACH who="3" step="1"/><G77/><REACH who="3" step="2"/><T78/><D106/><U124/><E124/><V128/><F128/><W31/><G31/><T23/><D105/><U112/><REACH who="1" step="1"/><E1/><REACH who="1" step="2"/><V96/><F30/><W92/><G92/><T73/><D78/><U2/><E2/><V79/><F79/><W125/><G125/><T46/><D73/><U40/><E40/><AGARI ba="0,2" hai="8,11,19,22,24,40,47,48,81,82,83,94,99,103" machi="40" ten="40,12000,1" yaku="1,1,8,1,52,2,53,1" doraHai="4" doraHaiUra="91" who="3" fromWho="1" sc="223,0,167,-120,394,0,196,140" /><INIT seed="7,1,0,2,4,56" ten="223,47,394,336" oya="3" hai0="53,6,76,29,14,73,27,84,61,122,12,21,63" hai1="40,103,18,100,43,99,91,7,110,70,26,93,23" hai2="114,102,59,35,66,9,52,96,134,51,77,48,123" hai3="5,85,74,19,4,127,117,65,25,118,3,133,11"/><W71/><G74/><T111/><D122/><U10/><E110/><V49/><F35/><W24/><G127/><T28/><D111/><U17/><E70/><V109/><F109/><W124/><G124/><T47/><D73/><U82/><E18/><V89/><F123/><W113/><G113/><T44/><D6/><U128/><E128/><V2/><F114/><W67/><G85/><T45/><D53/><U107/><E82/><V32/><F32/><W83/><G83/><T95/><D76/><U79/><E79/><V98/><F134/><W119/><G133/><T54/><D54/><U30/><E30/><V104/><F77/><W112/><G112/><T78/><D78/><U39/><E39/><V16/><F66/><W55/><G5/><T0/><D0/><U132/><E132/><V97/><F89/><W130/><G130/><T108/><D108/><U69/><E69/><V31/><F31/><W129/><G129/><T60/><D29/><U105/><E105/><V57/><F57/><W80/><G80/><T75/><D75/><U46/><E107/><V115/><F115/><W58/><G71/><T8/><D8/><U64/><E64/><V15/><REACH who="2" step="1"/><F2/><REACH who="2" step="2"/><W131/><G131/><T94/><REACH who="0" step="1"/><D84/><REACH who="0" step="2"/><U120/><E120/><V81/><F81/><W34/><G119/><T37/><D37/><U36/><E40/><V87/><F87/><W116/><G34/><T126/><D126/><U125/><E125/><V90/><F90/><W106/><G118/><T62/><N who="0" m="15872" /><DORA hai="88" /><T38/><D38/><U135/><E135/><V50/><AGARI ba="1,2" hai="9,15,16,48,49,50,51,52,59,96,97,98,102,104" machi="50" ten="30,12000,2" yaku="1,1,0,1,54,2,53,3" doraHai="56,88" doraHaiUra="92,86" who="2" fromWho="2" sc="213,-31,47,-31,384,143,336,-61" owari="182,-22,16,-48,527,62,275,8" /></mjloggm>