<mjloggm ver="2.3"><GO type="97"/><UN n0="%54%41%49%4A%49" n1="%EF%BC%88%E2%89%A7%E2%96%BD%E2%89%A6%EF%BC%89" n2="%E8%8A%B1%E5%A7%AB" n3="%6D%72%2E%61%64%75%6C%74" dan="14,15,15,13" rate="1957,2005,2011,1895" sx="M,M,M,M"/><TAIKYOKU oya="0"/><INIT seed="0,0,0,2,4,123" ten="250,250,250,250" oya="0" hai0="115,41,83,103,109,99,106,90,61,88,76,54,20" hai1="125,79,60,44,62,110,122,22,111,14,29,56,4" hai2="80,7,127,118,129,55,6,93,33,73,2,5,63" hai3="107,121,18,119,45,52,12,0,91,67,81,124,23"/><T37/><D115/><U130/><E122/><V82/><F33/><W72/><G107/><T8/><D37/><U64/><E125/><V135/><F127/><W46/><G0/><T86/><D41/><U104/><E104/><V32/><F32/><W40/><G119/><T96/><D8/><N who="1" m="4359" /><E79/><V28/><F2/><W19/><G121/><T84/><D20/><U24/><E44/><V25/><F118/><W11/><G124/><T58/><D109/><N who="1" m="41483" /><E62/><V78/><F135/><W53/><G67/><T112/><D112/><U134/><E130/><V128/><F93/><W70/><G70/><T65/><D65/><U94/><E94/><V1/><F1/><W48/><G72/><T133/><D133/><AGARI ba="0,0" hai="22,24,29,56,60,64,133,134" m="41483,4359" machi="133" ten="30,7700,0" yaku="14,1,52,3" doraHai="123" who="1" fromWho="0" sc="250,-77,250,77,250,0,250,0" /><INIT seed="1,0,0,2,0,98" ten="173,327,250,250" oya="1" hai0="18,124,68,101,3,27,44,70,42,43,133,50,22" hai1="60,132,106,77,104,10,21,4,25,135,16,88,64" hai2="94,8,114,129,75,59,14,30,65,127,79,58,80" hai3="134,78,17,82,123,66,35,90,56,51,126,62,67"/><U41/><E41/><V113/><F30/><W63/><G35/><T12/><D3/><N who="1" m="287" /><E77/><V89/><F129/><W49/><G123/><T33/><D133/><N who="1" m="51275" /><E88/><V86/><F65/><W122/><G122/><T99/><D124/><U71/><AGARI ba="0,0" hai="16,21,25,60,64,71,104,106" m="51275,287" machi="71" ten="30,3000,0" yaku="20,1,54,1" doraHai="98" who="1" fromWho="1" sc="173,-10,327,30,250,-10,250,-10" /><INIT seed="1,1,0,1,5,69" ten="163,357,240,240" oya="1" hai0="2,78,21,117,22,109,63,31,30,18,47,60,34" hai1="82,115,46,74,112,16,52,130,124,85,15,1,58" hai2="71,134,36,43,123,27,84,90,93,49,57,56,33" hai3="89,11,48,7,125,39,131,94,111,23,113,110,126"/><U81/><E1/><V25/><F123/><W133/><G48/><T122/><D117/><U67/><E130/><V114/><F71/><W77/><G39/><T20/><D2/><U38/><E124/><N who="3" m="47722" /><G113/><T98/><D122/><U108/><E108/><N who="3" m="41514" /><G23/><T41/><D109/><U118/><E118/><V95/><F114/><W4/><G77/><T35/><D78/><U103/><E38/><V55/><F33/><W40/><G40/><T0/><D0/><U24/><E112/><V68/><F68/><W83/><G11/><T54/><D98/><U119/><E115/><V59/><F134/><W86/><G7/><T53/><D35/><U61/><E119/><V32/><F32/><W13/><G13/><T62/><D34/><U51/><E15/><V76/><F43/><W9/><G9/><T104/><D18/><U37/><E16/><V121/><F36/><W99/><G4/><T44/><D104/><U29/><E51/><V107/><F121/><W92/><G131/><T70/><D70/><U66/><E37/><V42/><F42/><W5/><G5/><T91/><D91/><U10/><E10/><V100/><F49/><W80/><G133/><T65/><D65/><U101/><E66/><V135/><F135/><W105/><G105/><T73/><D73/><U79/><E79/><V64/><BYE who="1" /><F76/><W72/><G72/><T106/><D106/><U129/><E129/><V45/><F64/><W116/><G116/><T26/><D26/><N who="2" m="9738" /><F107/><W17/><G17/><T12/><D41/><U127/><E127/><V28/><F28/><N who="0" m="10794" /><D12/><U96/><E96/><N who="2" m="59407" /><F45/><AGARI ba="1,0" hai="20,21,22,44,45,47,53,54,60,62,63" m="10794" machi="45" ten="40,5200,0" yaku="28,2,8,1" doraHai="69" who="0" fromWho="2" sc="163,55,357,0,240,-55,240,0" /><INIT seed="2,0,0,0,4,45" ten="218,357,185,240" oya="2" hai0="94,103,91,30,15,124,6,51,96,37,13,83,61" hai1="84,82,22,58,20,25,118,3,74,122,32,131,16" hai2="14,24,35,11,113,33,87,109,12,65,107,75,49" hai3="7,77,19,5,111,73,128,50,39,99,112,21,92"/><V121/><F75/><W60/><G39/><T105/><D37/><U38/><E38/><V10/><F107/><W64/><G111/><T31/><D124/><U67/><E67/><V8/><F121/><W41/><G128/><T100/><D61/><UN n1="%EF%BC%88%E2%89%A7%E2%96%BD%E2%89%A6%EF%BC%89" /><U85/><E131/><V54/><F113/><W90/><G77/><T104/><D6/><U134/><E122/><V132/><F65/><W18/><G73/><T29/><D83/><U4/><E118/><V55/><F132/><W71/><G19/><T86/><REACH who="0" step="1"/><D51/><REACH who="0" ten="208,357,185,240" step="2"/><U115/><E82/><V1/><F49/><W101/><G112/><T117/><D117/><U81/><E81/><V127/><F127/><W44/><REACH who="3" step="1"/><G101/><REACH who="3" ten="208,357,185,230" step="2"/><T97/><AGARI ba="0,2" hai="13,15,29,30,31,86,91,94,96,97,100,103,104,105" machi="97" ten="30,4000,0" yaku="1,1,0,1,9,1,53,0" doraHai="45" doraHaiUra="68" who="0" fromWho="0" sc="208,60,357,-10,185,-20,230,-10" /><INIT seed="3,0,0,0,3,68" ten="268,347,165,220" oya="3" hai0="49,11,87,44,77,81,85,35,132,116,20,9,131" hai1="47,31,76,133,40,120,14,69,124,51,1,58,88" hai2="104,130,101,15,90,10,74,112,28,48,86,17,22" hai3="12,57,29,0,46,78,105,98,38,127,72,102,96"/><W24/><G0/><T66/><D35/><U41/><E1/><V129/><F74/><W56/><G127/><T19/><D116/><U117/><E117/><V52/><BYE who="1" /><F112/><W55/><G96/><T113/><D113/><U23/><E23/><V64/><F64/><W30/><G78/><T108/><D108/><U114/><E114/><V79/><F79/><W61/><G72/><T60/><D132/><UN n1="%EF%BC%88%E2%89%A7%E2%96%BD%E2%89%A6%EF%BC%89" /><U93/><E93/><BYE who="1" /><V106/><F101/><W99/><G99/><T6/><D131/><U36/><E36/><V18/><F28/><W53/><G12/><T4/><D87/><U89/><E89/><V67/><F67/><W34/><G30/><T119/><D119/><U7/><E7/><V134/><F134/><W62/><G46/><T65/><D60/><U122/><E122/><V118/><F118/><UN n1="%EF%BC%88%E2%89%A7%E2%96%BD%E2%89%A6%EF%BC%89" /><W115/><G115/><T111/><D111/><U59/><E133/><V8/><F8/><W16/><G16/><T73/><D73/><U63/><E120/><V109/><F109/><W123/><G123/><T43/><D20/><U95/><E124/><V103/><F103/><W26/><G26/><T97/><D97/><U25/><E14/><V84/><F86/><W5/><G5/><T42/><D42/><U54/><E41/><V70/><F70/><W45/><G45/><T33/><D19/><U126/><E47/><N who="2" m="27679" /><F18/><W50/><G50/><T71/><D33/><U94/><E51/><V21/><F22/><W82/><G82/><T27/><D71/><U91/><E126/><V125/><F125/><W110/><G110/><T3/><D27/><U100/><E25/><RYUUKYOKU ba="0,0" sc="268,15,347,-15,165,-15,220,15" hai0="3,4,6,9,11,43,44,49,65,66,77,81,85" hai3="24,29,34,38,53,55,56,57,61,62,98,102,105" /><INIT seed="3,1,0,4,3,46" ten="283,332,150,235" oya="3" hai0="35,2,58,99,47,134,80,42,48,50,43,67,62" hai1="131,12,4,13,49,10,114,16,89,1,41,69,8" hai2="27,71,56,45,115,110,68,128,90,102,66,21,52" hai3="5,39,122,91,96,81,106,113,7,70,20,38,107"/><W85/><G70/><T100/><D2/><U40/><E40/><BYE who="1" /><V133/><F115/><W14/><G122/><T37/><D35/><U101/><E101/><V33/><F33/><W75/><G113/><T94/><D134/><U130/><E130/><V132/><F102/><W57/><G75/><T92/><D80/><U76/><E76/><V19/><F128/><UN n1="%EF%BC%88%E2%89%A7%E2%96%BD%E2%89%A6%EF%BC%89" /><W111/><G111/><T30/><D30/><U124/><E69/><V51/><F110/><W65/><G39/><T125/><D125/><U97/><E124/><V59/><F90/><W6/><G38/><T31/><D31/><U11/><E11/><V93/><BYE who="1" /><F93/><W53/><G65/><T79/><D79/><U64/><E64/><V28/><F28/><W121/><G121/><T120/><D120/><U15/><E15/><V117/><F117/><W87/><G106/><T83/><D83/><U77/><E77/><V44/><F71/><W126/><G107/><T55/><D92/><U72/><E72/><V60/><REACH who="2" step="1"/><F68/><REACH who="2" ten="283,332,140,235" step="2"/><W22/><G126/><T74/><D74/><U32/><E32/><V103/><F103/><W82/><G96/><T63/><REACH who="0" step="1"/><D42/><REACH who="0" ten="273,332,140,235" step="2"/><U129/><E129/><V119/><F119/><W0/><G0/><T3/><D3/><U23/><E23/><V78/><F78/><N who="3" m="46263" /><G14/><T86/><D86/><U112/><E112/><V34/><F34/><W25/><G25/><T36/><D36/><U26/><E26/><V118/><F118/><W17/><G17/><T116/><D116/><U123/><E123/><V24/><F24/><W18/><G18/><T9/><D9/><U105/><E105/><RYUUKYOKU ba="1,2" sc="273,10,332,-30,140,10,235,10" hai0="37,43,47,48,50,55,58,62,63,67,94,99,100" hai2="19,21,27,44,45,51,52,56,59,60,66,132,133" hai3="5,6,7,20,22,53,57,82,87,91" /><INIT seed="3,2,2,2,2,25" ten="283,302,150,245" oya="3" hai0="9,78,1,68,47,75,12,77,109,10,124,36,93" hai1="61,17,71,117,95,106,79,49,76,29,7,31,111" hai2="104,115,89,46,98,64,20,105,48,132,42,50,122" hai3="43,97,62,23,40,51,90,58,24,92,118,15,0"/><W69/><G0/><T63/><D109/><U133/><E133/><V86/><F115/><W4/><G69/><T135/><D75/><U94/><E94/><V3/><F132/><W125/><G118/><T30/><D135/><U33/><E33/><V18/><F3/><W54/><G125/><T81/><D124/><U129/><E129/><V102/><F122/><W8/><REACH who="3" step="1"/><G51/><REACH who="3" ten="283,302,150,235" step="2"/><T99/><D1/><U66/><E66/><V100/><F64/><W80/><G80/><T2/><D2/><U85/><E85/><V127/><F127/><W6/><G6/><T116/><D116/><U28/><E28/><AGARI ba="2,3" hai="4,8,15,23,24,28,40,43,54,58,62,90,92,97" machi="28" ten="30,11600,0" yaku="1,1,7,1,8,1,52,1,53,0" doraHai="25" doraHaiUra="35" who="3" fromWho="1" sc="283,0,302,-122,150,0,235,152" owari="283,8.0,180,-22.0,150,-35.0,387,49.0" /></mjloggm>