<mjloggm ver="2.3"><GO type="9"/><UN n0="%E3%83%A1%E3%83%A2%E5%B8%B3" n1="%E3%83%99%E3%83%B3%E3%83%88%E3%83%8A%E3%83%BC" n2="%4E%6F%4E%61%6D%65" n3="%EF%BC%88%E2%89%A7%E2%96%BD%E2%89%A6%EF%BC%89" dan="7,9,0,2" rate="1730,1265,1500,1525" sx="M,M,F,M"/><TAIKYOKU oya="0"/><INIT seed="0,0,0,4,2,23" ten="250,250,250,250" oya="0" hai0="72,5,68,94,84,90,74,88,98,11,3,9,44" hai1="36,17,13,120,134,92,89,25,59,87,29,31,45" hai2="107,52,102,123,42,38,4,35,95,105,116,79,132" hai3="96,126,69,78,67,8,129,60,111,112,86,18,104"/><T57/><D68/><U1/><E120/><V71/><F71/><W48/><G112/><T2/><D2/><U53/><E1/><V65/><F35/><W93/><G129/><T51/><D57/><U124/><E31/><V63/><F4/><W43/><G126/><T16/><D9/><U58/><E134/><V117/><F65/><W97/><G111/><T135/><D135/><U109/><E109/><V19/><F132/><W131/><G131/><T24/><D24/><U21/><E124/><V40/><F79/><W41/><G104/><T81/><D16/><U115/><E115/><V7/><F7/><W73/><G73/><T125/><D125/><U54/><E36/><V76/><F76/><W56/><G69/><T28/><D28/><U101/><E101/><V130/><F102/><N who="3" m="60687" /><G97/><T27/><REACH who="0" step="1"/><D27/><REACH who="0" step="2"/><U85/><E45/><V113/><F130/><W10/><G18/><T64/><D64/><U80/><E59/><N who="2" m="35303" /><F113/><W122/><G10/><T119/><D119/><N who="2" m="45642" /><F19/><W39/><G67/><T100/><D100/><U50/><E54/><AGARI ba="0,1" hai="3,5,11,44,51,54,72,74,81,84,88,90,94,98" machi="54" ten="30,11600,0" yaku="1,1,7,1,54,1,53,1" doraHai="23" doraHaiUra="91" who="0" fromWho="1" sc="240,126,250,-116,250,0,250,0" /><INIT seed="0,1,0,0,3,39" ten="366,134,250,250" oya="0" hai0="31,80,82,25,65,95,112,52,17,84,124,110,90" hai1="76,133,27,122,79,40,9,53,21,135,35,129,104" hai2="1,60,111,63,67,88,4,44,58,73,48,11,0" hai3="28,131,68,89,103,23,100,96,123,19,62,14,30"/><T71/><D112/><U72/><E72/><V61/><BYE who="1" /><F73/><W22/><G131/><T121/><D121/><U15/><E15/><V20/><F111/><W128/><G123/><T16/><D124/><U42/><E42/><V45/><F1/><W54/><G128/><T8/><D8/><U120/><E120/><V37/><F37/><W99/><G68/><T46/><D110/><U132/><E132/><V34/><F34/><W119/><G119/><T81/><D71/><U116/><E116/><V87/><F20/><W77/><G77/><T51/><REACH who="0" step="1"/><D65/><REACH who="0" step="2"/><U113/><E113/><V117/><F117/><W74/><G30/><T125/><D125/><U102/><E102/><V49/><F67/><W118/><G103/><T115/><D115/><U105/><E105/><V106/><F106/><W83/><G100/><T64/><D64/><U41/><E41/><V66/><F66/><W127/><G118/><T69/><D69/><U126/><E126/><V130/><F130/><W18/><G127/><T50/><D50/><U114/><E114/><V38/><F38/><W93/><G28/><T12/><D12/><U57/><E57/><V91/><F49/><W10/><G10/><T101/><D101/><U6/><E6/><V36/><F36/><W107/><G107/><T3/><D3/><U85/><E85/><V109/><F58/><N who="3" m="35159" /><G74/><T7/><D7/><U33/><E33/><AGARI ba="1,1" hai="16,17,25,31,33,46,51,52,80,81,82,84,90,95" machi="33" ten="40,7700,0" yaku="1,1,54,2,53,0" doraHai="39" doraHaiUra="70" who="0" fromWho="1" sc="356,90,134,-80,250,0,250,0" /><BYE who="2" /><INIT seed="0,2,0,4,3,4" ten="446,54,250,250" oya="0" hai0="107,38,77,70,15,57,90,79,40,53,18,6,35" hai1="135,29,126,55,47,80,48,81,92,76,9,113,95" hai2="101,25,67,124,99,100,117,22,24,66,58,132,119" hai3="88,37,56,134,36,78,39,20,0,116,98,64,16"/><T11/><D35/><U69/><E69/><V68/><F68/><W102/><G116/><T111/><D107/><U133/><E133/><V42/><F42/><W72/><G134/><T3/><D70/><U19/><E19/><V128/><F128/><W123/><G123/><T32/><D32/><U75/><E75/><V121/><F121/><W114/><G114/><T61/><D40/><U97/><E97/><V106/><F106/><W13/><G0/><T1/><D38/><U17/><E17/><V50/><F50/><W62/><G88/><T45/><D45/><U85/><E85/><V31/><F31/><W103/><REACH who="3" step="1"/><G98/><REACH who="3" step="2"/><T44/><D1/><U84/><E84/><V83/><F83/><AGARI ba="2,1" hai="13,16,20,36,37,39,56,62,64,72,78,83,102,103" machi="83" ten="40,5200,0" yaku="1,1,2,1,54,1,53,0" doraHai="4" doraHaiUra="21" who="3" fromWho="2" sc="446,0,54,0,250,-58,240,68" /><INIT seed="1,0,0,4,0,24" ten="446,54,192,308" oya="1" hai0="109,102,77,132,11,85,80,133,0,72,119,117,41" hai1="62,67,61,15,46,127,129,81,58,4,103,95,2" hai2="71,131,124,99,21,6,105,55,90,63,54,59,28" hai3="69,135,70,110,10,9,50,36,121,122,64,93,13"/><U56/><E56/><V75/><F75/><W134/><G36/><T91/><D41/><U3/><E3/><V38/><F38/><W52/><G93/><N who="0" m="54511" /><D11/><N who="3" m="4105" /><G13/><T60/><D0/><U108/><E108/><V42/><F42/><W31/><G31/><T25/><D60/><U40/><E40/><V104/><F104/><W1/><G1/><T35/><D25/><U33/><E33/><V20/><F20/><W7/><G7/><T43/><D35/><U130/><E130/><V97/><F97/><W16/><G16/><T45/><D43/><U76/><E76/><V68/><F68/><N who="3" m="26219" /><G64/><T111/><D45/><U17/><E17/><V100/><F100/><W113/><G113/><T120/><D102/><U92/><E92/><V44/><F44/><N who="3" m="27719" /><G110/><N who="0" m="41995" /><D120/><U23/><E23/><V115/><F115/><W48/><G48/><T126/><D126/><U96/><E96/><V66/><F66/><W22/><G22/><T116/><AGARI ba="0,0" hai="72,77,80,116,117,119,132,133" m="41995,54511" machi="116" ten="40,5200,0" yaku="14,1,34,2" doraHai="24" who="0" fromWho="0" sc="446,52,54,-26,192,-13,308,-13" /><INIT seed="2,0,0,5,5,22" ten="498,28,179,295" oya="2" hai0="69,23,90,33,100,67,59,93,89,1,70,115,109" hai1="96,110,73,20,8,9,52,113,53,98,62,121,87" hai2="79,25,38,74,80,103,26,57,44,124,3,34,75" hai3="13,49,19,24,101,32,107,129,117,4,0,28,71"/><V88/><F88/><W7/><G117/><T42/><D115/><U91/><E91/><V104/><F104/><W58/><G129/><T125/><D33/><U99/><E99/><V123/><F123/><W40/><G71/><T134/><D134/><U126/><E126/><V78/><F78/><W21/><G0/><T122/><D125/><U84/><E84/><V82/><F82/><W72/><G72/><T131/><D122/><U51/><E51/><V55/><F55/><W35/><G35/><T16/><D131/><U43/><E43/><V114/><F114/><W15/><G15/><T46/><D109/><U95/><E95/><V39/><F39/><W86/><G86/><T106/><D1/><U30/><E30/><V97/><F97/><W10/><G32/><T119/><D106/><U94/><E94/><V63/><F63/><W14/><G14/><T116/><D119/><U102/><E102/><V41/><F41/><W45/><REACH who="3" step="1"/><G58/><REACH who="3" step="2"/><T17/><D116/><U77/><E77/><V133/><F133/><W29/><G29/><T92/><D70/><U81/><E81/><V135/><F135/><W65/><G65/><T37/><D69/><U31/><E31/><V60/><F60/><W85/><G85/><T64/><D67/><U61/><E61/><V11/><F11/><W56/><G56/><T132/><D64/><U2/><E2/><V36/><F36/><W83/><G83/><T120/><D59/><U68/><E68/><V18/><F18/><W66/><G66/><T108/><D120/><U105/><E105/><V50/><F50/><W6/><G6/><RYUUKYOKU ba="0,1" sc="498,-10,28,-10,179,-10,285,30" hai3="4,7,10,13,19,21,24,28,40,45,49,101,107" /><INIT seed="3,1,1,3,3,44" ten="488,18,169,315" oya="3" hai0="37,90,19,23,127,60,99,81,115,41,29,66,107" hai1="63,21,109,5,87,28,121,40,122,6,61,124,104" hai2="113,58,89,72,51,65,8,77,42,130,80,131,50" hai3="31,4,106,123,54,33,32,126,105,0,49,39,74"/><W56/><G123/><T78/><D127/><U95/><E95/><V92/><F92/><W69/><G126/><T18/><D29/><U134/><E134/><V112/><F112/><W26/><G69/><T34/><D115/><U35/><E35/><V1/><F1/><W110/><G110/><T67/><D34/><U100/><E100/><V30/><F30/><W16/><G33/><T48/><D66/><U82/><E82/><V24/><F24/><W43/><G74/><T68/><D37/><U45/><E45/><V85/><F85/><W27/><G39/><T15/><D107/><U129/><E129/><V108/><F108/><W84/><G43/><T133/><D133/><U38/><E38/><V91/><F91/><W120/><G120/><T125/><D125/><U9/><E9/><V102/><F102/><W71/><G71/><T119/><D119/><U2/><E2/><V14/><F14/><W97/><G97/><T25/><D90/><U135/><E135/><V114/><F114/><W12/><G27/><T88/><D88/><U7/><E7/><V75/><F75/><W128/><G128/><T98/><D48/><U94/><E94/><V111/><F111/><W132/><G132/><T62/><D41/><U93/><E93/><V73/><F73/><W3/><G84/><T52/><D62/><U70/><E70/><V47/><F47/><W36/><G36/><T96/><D52/><U79/><E79/><V55/><F55/><W116/><G116/><T46/><D46/><U118/><E118/><V22/><F22/><N who="3" m="11527" /><G0/><T13/><D99/><U11/><E11/><RYUUKYOKU ba="1,1" sc="488,-10,18,-10,169,-10,315,30" hai3="3,4,26,31,32,49,54,56,105,106" /><INIT seed="3,2,1,2,4,16" ten="478,8,159,345" oya="3" hai0="100,93,103,43,63,44,133,37,42,118,34,53,20" hai1="59,74,66,124,127,120,52,11,119,35,94,79,19" hai2="12,22,25,23,73,4,116,9,1,8,28,24,70" hai3="75,112,96,130,57,3,129,92,90,55,82,77,84"/><W72/><G3/><T108/><D118/><U60/><E60/><V132/><F132/><W48/><REACH who="3" step="1"/><G112/><REACH who="3" step="2"/><T128/><D133/><U64/><E64/><V21/><F21/><W76/><G76/><T98/><D128/><AGARI ba="2,2" hai="48,55,57,72,75,77,82,84,90,92,96,128,129,130" machi="128" ten="40,3900,0" yaku="1,1,19,1,53,0" doraHai="16" doraHaiUra="113" who="3" fromWho="0" sc="478,-45,8,0,159,0,335,65" /><INIT seed="3,3,0,0,2,42" ten="433,8,159,400" oya="3" hai0="74,0,91,84,75,44,117,133,11,99,21,124,70" hai1="125,26,135,92,30,86,35,87,34,81,56,110,109" hai2="16,2,57,9,53,95,54,107,46,36,51,129,88" hai3="31,5,102,134,122,73,121,19,130,64,132,14,45"/><W90/><G73/><T33/><D70/><U98/><E98/><V50/><F50/><W3/><G102/><T10/><D33/><U79/><E79/><V78/><F78/><W103/><G103/><T12/><D117/><U112/><E112/><V65/><F65/><W8/><G130/><T94/><D133/><N who="3" m="51305" /><G64/><T76/><D124/><U18/><E18/><V48/><F48/><W13/><G31/><T66/><D66/><U67/><E67/><V24/><F24/><W43/><G90/><T120/><D120/><N who="3" m="46185" /><G19/><T25/><D0/><U39/><E39/><AGARI ba="3,0" hai="3,5,8,13,14,39,43,45" m="46185,51305" machi="39" ten="30,2900,0" yaku="20,1,52,1" doraHai="42" who="3" fromWho="1" sc="433,0,8,-38,159,0,400,38" owari="433,23,-30,-53,159,-24,438,54" /></mjloggm>