<mjloggm ver="2.3"><GO type="41"/><UN n0="%E3%82%A6%E3%83%AB%E3%83%88%E3%83%A9%E7%AB%8B%E7%9B%B4" n1="%E9%80%9A%E3%82%8A%E3%82%82%E3%82%93" n2="%54%61%63%6B" n3="%62%69%6C%76%61" dan="15,14,13,14" rate="2011,1911,1825,1951" sx="M,M,M,M"/><TAIKYOKU oya="0"/><INIT seed="0,0,0,1,2,16" ten="250,250,250,250" oya="0" hai0="48,110,52,50,101,31,120,81,94,24,89,17,47" hai1="80,35,20,113,105,53,28,42,56,61,86,30,95" hai2="124,13,34,71,90,100,63,39,72,45,14,91,57" hai3="7,122,65,115,118,55,98,77,8,133,15,112,66"/><T18/><D120/><U25/><E105/><V49/><F72/><W32/><G118/><T78/><D101/><U99/><E113/><V21/><F34/><W134/><G32/><T37/><D37/><U68/><E68/><V107/><F124/><W5/><G122/><T70/><D70/><U33/><E42/><V62/><F13/><W3/><G77/><T75/><D50/><U132/><E132/><N who="3" m="50794" /><G3/><T93/><D93/><U76/><REACH who="1" step="1"/><E28/><REACH who="1" ten="250,240,250,250" step="2"/><V117/><F71/><W103/><G115/><T51/><D110/><U123/><E123/><V40/><F107/><N who="3" m="63991" /><G112/><T43/><D43/><U12/><E12/><V121/><F117/><W114/><G114/><T22/><REACH who="0" step="1"/><D51/><REACH who="0" ten="240,240,250,250" step="2"/><U88/><AGARI ba="0,2" hai="20,25,30,33,35,53,56,61,76,80,86,88,95,99" machi="88" ten="20,8000,1" yaku="1,1,0,1,7,1,52,1,54,1,53,0" doraHai="16" doraHaiUra="104" who="1" fromWho="1" sc="240,-40,240,100,250,-20,250,-20" /><INIT seed="1,0,0,1,1,29" ten="200,340,230,230" oya="1" hai0="68,70,39,129,14,41,17,101,8,31,125,106,32" hai1="20,105,90,59,75,76,66,83,15,56,65,102,93" hai2="9,48,5,55,84,79,88,71,103,12,77,91,99" hai3="122,52,119,72,74,6,123,11,117,36,61,132,42"/><U51/><E51/><V115/><F71/><W96/><G96/><T64/><D41/><U110/><E110/><V10/><F115/><W100/><G100/><T81/><D39/><U35/><E35/><V2/><F91/><W131/><G131/><T112/><D112/><U116/><E116/><N who="3" m="44618" /><G132/><T40/><D40/><U104/><E102/><V58/><F2/><N who="3" m="471" /><G61/><T37/><D37/><U38/><E38/><V134/><F10/><W47/><G52/><T97/><D129/><U24/><E15/><V109/><F109/><W98/><G98/><T13/><D13/><U113/><E113/><V49/><F48/><W107/><G107/><T7/><D70/><U46/><E46/><V21/><F21/><W34/><G34/><T19/><D81/><U43/><E43/><V30/><F134/><W22/><G22/><T127/><D68/><U124/><E65/><V82/><REACH who="2" step="1"/><F30/><REACH who="2" ten="200,340,220,230" step="2"/><W63/><G63/><T121/><D31/><U111/><E111/><V1/><F1/><W50/><G50/><T108/><D108/><U86/><E90/><V69/><F69/><W78/><G78/><T18/><D8/><U87/><E76/><V114/><F114/><W128/><G128/><T0/><D0/><U95/><E105/><AGARI ba="0,1" hai="5,9,12,49,55,58,77,79,82,84,88,99,103,105" machi="105" ten="30,3900,0" yaku="1,1,7,1,54,1,53,0" doraHai="29" doraHaiUra="26" who="2" fromWho="1" sc="200,0,340,-39,220,49,230,0" /><INIT seed="2,0,0,2,4,1" ten="200,301,269,230" oya="2" hai0="46,114,61,123,74,63,115,34,13,25,0,118,125" hai1="60,67,107,109,12,17,86,103,91,66,36,52,53" hai2="15,105,113,43,116,104,18,49,112,124,77,127,39" hai3="54,122,117,35,129,81,110,101,87,98,41,95,38"/><V121/><F121/><W45/><G122/><T134/><D46/><U100/><E36/><V56/><F116/><W84/><G117/><T40/><D40/><U10/><E109/><V19/><F77/><W89/><G110/><T8/><D61/><U47/><E107/><V90/><F39/><W24/><G129/><T57/><D57/><U16/><E47/><V71/><F71/><W111/><G111/><T70/><D63/><U68/><E66/><V11/><F19/><W55/><G35/><T76/><D76/><U62/><E17/><V22/><F43/><W79/><REACH who="3" step="1"/><G24/><REACH who="3" ten="200,301,269,220" step="2"/><T73/><D25/><U32/><E32/><V126/><F105/><AGARI ba="0,1" hai="38,41,45,54,55,79,81,84,87,89,95,98,101,105" machi="105" ten="30,7700,0" yaku="1,1,2,1,7,1,53,1" doraHai="1" doraHaiUra="72" who="3" fromWho="2" sc="200,0,301,0,269,-77,220,87" /><INIT seed="3,0,0,3,1,33" ten="200,301,192,307" oya="3" hai0="54,40,107,78,20,70,57,62,7,64,14,2,109" hai1="68,121,43,37,53,122,5,75,56,77,49,128,65" hai2="93,108,41,110,29,27,48,94,52,79,46,112,114" hai3="4,28,86,123,63,59,76,104,74,116,125,71,97"/><W18/><G123/><T135/><D107/><U30/><E30/><V96/><F79/><W115/><G18/><T51/><D78/><U73/><E128/><V106/><F106/><W90/><G28/><T84/><D84/><U12/><E12/><V11/><F94/><N who="3" m="54615" /><G4/><T85/><D85/><U72/><E5/><V55/><F11/><W8/><G8/><T44/><D135/><U21/><E21/><V45/><F110/><W9/><G9/><T87/><D87/><U34/><E34/><V95/><F95/><W61/><G116/><T120/><D109/><U50/><E50/><V1/><F1/><W24/><G24/><T131/><D131/><U126/><E77/><V129/><F129/><W13/><G13/><T42/><D120/><U22/><E126/><V99/><F99/><W113/><G71/><T16/><D40/><U6/><E22/><V132/><F132/><W102/><G125/><T127/><D127/><U119/><E119/><V23/><F108/><W105/><G105/><T69/><D69/><U35/><E35/><V10/><F10/><W15/><G15/><T19/><D19/><U117/><E6/><V89/><F41/><W36/><G36/><N who="0" m="21575" /><D7/><U88/><E117/><V47/><REACH who="2" step="1"/><F55/><REACH who="2" ten="200,301,182,307" step="2"/><N who="3" m="34047" /><G63/><T38/><D38/><U100/><E122/><V91/><F91/><W31/><G31/><T60/><D60/><U81/><E121/><V0/><F0/><AGARI ba="0,1" hai="0,2,14,16,20,51,54,57,62,64,70" m="21575" machi="0" ten="30,7700,0" yaku="24,1,52,2,54,1" doraHai="33" who="0" fromWho="2" sc="200,87,301,0,182,-77,307,0" /><INIT seed="4,0,0,0,5,77" ten="287,301,105,307" oya="0" hai0="115,66,46,4,82,32,110,95,134,101,35,41,9" hai1="29,62,91,88,44,99,78,68,127,27,123,120,18" hai2="21,2,60,19,111,56,133,125,22,69,126,90,119" hai3="6,10,86,114,112,28,1,108,37,31,43,25,131"/><T129/><D110/><U45/><E127/><V130/><F69/><W118/><G86/><T76/><D66/><U36/><E78/><V98/><F2/><W8/><G108/><T83/><D129/><U3/><E3/><V52/><F111/><W11/><G131/><T57/><D57/><U117/><E117/><V38/><F130/><W109/><G109/><T85/><D134/><U47/><E18/><V30/><F133/><W50/><G50/><T132/><D132/><U67/><E36/><V26/><F119/><W97/><G97/><T0/><D115/><N who="3" m="44073" /><G118/><T89/><D101/><U65/><E65/><V135/><F135/><W116/><G43/><T13/><D0/><U102/><E123/><V51/><F38/><W15/><G37/><T40/><D35/><U103/><E103/><V54/><F22/><W59/><G59/><T87/><D32/><U20/><REACH who="1" step="1"/><E120/><REACH who="1" ten="287,291,105,307" step="2"/><V104/><F30/><W42/><G116/><T12/><D12/><U48/><E48/><V122/><F122/><W24/><G31/><T94/><D41/><U53/><E53/><V64/><F104/><AGARI ba="0,1" hai="20,27,29,44,45,47,62,67,68,88,91,99,102,104" machi="104" ten="40,2600,0" yaku="1,1,54,1,53,0" doraHai="77" doraHaiUra="75" who="1" fromWho="2" sc="287,0,291,36,105,-26,307,0" /><INIT seed="5,0,0,0,4,67" ten="287,327,79,307" oya="1" hai0="129,132,22,51,37,101,128,114,131,55,113,90,14" hai1="13,17,57,87,29,93,78,72,68,96,88,77,23" hai2="118,53,5,31,70,49,63,89,117,43,58,106,27" hai3="127,33,47,56,65,30,64,41,116,83,91,9,26"/><U134/><E72/><V111/><F111/><W62/><G127/><T8/><D37/><U44/><E134/><V11/><F106/><W104/><G116/><T69/><D101/><U100/><E68/><V6/><F89/><W66/><G104/><T1/><D22/><U110/><E110/><V61/><F118/><W39/><G9/><T20/><D20/><U82/><E57/><V3/><F6/><W108/><G108/><T79/><D79/><U15/><E15/><V36/><F117/><W38/><G38/><T85/><D1/><U28/><E44/><V97/><F97/><W115/><G115/><T2/><D2/><U71/><E71/><V19/><F63/><W94/><REACH who="3" step="1"/><G83/><REACH who="3" ten="287,327,79,297" step="2"/><T48/><D113/><U120/><REACH who="1" step="1"/><E120/><REACH who="1" ten="287,317,79,297" step="2"/><V99/><F36/><W60/><G60/><T121/><D114/><U107/><E107/><V98/><F61/><W135/><G135/><T80/><D132/><U25/><E25/><V42/><F27/><W10/><G10/><T112/><D112/><U109/><E109/><V73/><F11/><W34/><G34/><T130/><D121/><U75/><E75/><V7/><F73/><W4/><G4/><T84/><D128/><U54/><E54/><V119/><F53/><W18/><G18/><T122/><D122/><U12/><E12/><V21/><F5/><W125/><G125/><T81/><D14/><U133/><E133/><V95/><F7/><W76/><G76/><AGARI ba="0,2" hai="13,17,23,28,29,76,77,78,82,87,88,93,96,100" machi="76" ten="40,7700,0" yaku="1,1,8,1,54,1,53,0" doraHai="67" doraHaiUra="40" who="1" fromWho="3" sc="287,0,317,97,79,0,297,-77" /><INIT seed="5,1,0,3,0,112" ten="287,414,79,220" oya="1" hai0="43,127,109,107,35,64,85,84,47,46,80,126,58" hai1="44,53,11,10,104,29,123,51,129,42,54,122,91" hai2="75,118,25,97,95,61,28,8,77,82,116,90,15" hai3="88,124,14,23,2,26,4,132,5,131,56,70,7"/><U69/><E104/><V94/><F61/><W120/><G70/><T76/><D35/><U62/><E29/><V60/><F60/><W52/><G120/><T105/><D58/><U130/><E91/><V34/><REACH who="2" step="1"/><F94/><REACH who="2" ten="287,414,69,220" step="2"/><W45/><G124/><T24/><D126/><U93/><E93/><V134/><F134/><W55/><G132/><T49/><D127/><U78/><E78/><V19/><AGARI ba="1,1" hai="8,15,19,25,28,34,75,77,82,90,95,97,116,118" machi="19" ten="20,8000,1" yaku="1,1,0,1,7,1,52,2,53,0" doraHai="112" doraHaiUra="50" who="2" fromWho="2" sc="287,-21,414,-41,69,93,220,-21" /><INIT seed="6,0,0,0,1,1" ten="266,373,162,199" oya="2" hai0="5,39,32,86,76,33,108,60,29,126,104,48,30" hai1="0,81,69,64,47,93,7,92,127,34,38,101,130" hai2="135,41,124,91,8,120,83,112,40,15,37,71,35" hai3="121,11,116,59,20,100,113,18,131,22,118,103,102"/><V94/><F120/><W114/><G121/><T50/><D76/><U96/><E34/><V95/><F35/><W68/><G68/><T75/><D104/><U54/><E54/><V122/><F122/><W9/><G59/><T3/><D3/><U99/><E127/><V31/><F71/><W24/><G131/><T85/><D126/><U123/><E123/><V57/><F124/><W28/><G28/><T115/><D108/><U13/><E0/><V111/><F31/><W51/><G51/><T107/><D107/><U132/><E132/><V134/><F111/><W53/><G53/><T78/><D78/><U109/><E109/><V63/><F37/><W119/><REACH who="3" step="1"/><G22/><REACH who="3" ten="266,373,162,189" step="2"/><T21/><D21/><U62/><E69/><V26/><F135/><W87/><G87/><T72/><D60/><U129/><E130/><V77/><F134/><W19/><G19/><T82/><D39/><U98/><E129/><V10/><F77/><W44/><G44/><T52/><D52/><U25/><E47/><V2/><F2/><W79/><G79/><T36/><D36/><U49/><E38/><V43/><F112/><AGARI ba="0,1" hai="9,11,18,20,24,100,102,103,112,113,114,116,118,119" machi="112" ten="50,6400,0" yaku="1,1,15,1,11,1,53,0" doraHai="1" doraHaiUra="84" who="3" fromWho="2" sc="266,0,373,0,162,-64,189,74" /><INIT seed="7,0,0,4,5,64" ten="266,373,98,263" oya="3" hai0="3,54,42,43,29,66,56,16,73,8,84,36,67" hai1="97,72,134,80,55,121,11,22,47,51,76,20,110" hai2="26,63,68,33,115,18,61,4,99,119,133,116,120" hai3="83,70,93,90,86,60,57,127,88,109,14,103,79"/><W78/><G109/><T129/><D73/><U117/><E110/><V21/><F4/><W1/><G127/><T102/><D29/><U19/><E121/><V126/><F63/><W104/><G1/><T92/><D3/><U28/><E28/><V114/><F21/><W105/><G70/><T53/><D36/><U98/><E134/><V2/><F2/><W96/><G14/><N who="0" m="7239" /><D54/><U77/><E77/><V46/><F18/><W37/><G37/><T34/><D34/><U106/><E106/><V49/><F99/><W30/><G30/><T6/><D6/><U85/><E72/><V13/><F13/><W69/><G69/><T48/><D129/><U75/><E75/><V111/><F111/><W62/><G62/><T50/><D102/><U12/><E117/><V113/><F26/><W23/><G23/><AGARI ba="0,0" hai="11,12,19,20,22,23,47,51,55,76,80,85,97,98" machi="23" ten="40,1300,0" yaku="8,1" doraHai="64" who="1" fromWho="3" sc="266,0,373,13,98,0,263,-13" owari="266,7.0,386,48.0,98,-40.0,250,-15.0" /></mjloggm>