<mjloggm ver="2.3"><GO type="169" lobby="0"/><UN n0="%E9%96%A2%E7%99%BD%E5%A4%B1%E8%84%9A" n1="%E6%B0%97%E6%A5%BD%E3%81%AB%E6%89%93%E3%81%A4" n2="%EF%BC%88%E2%89%A7%E2%96%BD%E2%89%A6%EF%BC%89" n3="%E3%81%A7%E3%81%93%E3%81%98" dan="17,16,17,16" rate="2138.96,2125.55,2123.18,2172.09" sx="M,M,M,M"/><TAIKYOKU oya="0"/><INIT seed="0,0,0,2,0,10" ten="250,250,250,250" oya="0" hai0="117,68,1,21,15,45,78,67,64,103,101,108,80" hai1="73,31,127,8,0,22,86,62,32,131,122,118,113" hai2="128,58,43,98,51,82,116,61,92,66,124,110,111" hai3="99,52,9,30,12,24,70,33,84,23,41,76,120"/><T96/><D117/><U4/><E118/><V26/><F124/><W106/><G120/><T56/><D1/><U17/><E122/><V109/><F116/><W6/><G70/><T2/><D2/><U126/><E73/><V19/><F128/><W11/><G41/><T63/><D108/><U115/><E131/><V121/><F121/><W14/><G33/><T69/><D45/><U89/><E62/><V48/><F82/><N who="3" m="47175" /><G106/><T112/><D112/><N who="1" m="43083" /><E31/><V72/><F72/><W95/><G52/><T36/><D36/><U57/><E57/><V77/><F77/><W123/><G123/><T16/><D67/><U59/><E59/><V28/><F19/><N who="3" m="8591" /><G95/><T35/><D35/><U44/><E44/><V42/><F42/><W39/><G39/><T37/><D37/><U104/><E104/><V20/><REACH who="2" step="1"/><F43/><REACH who="2" ten="250,250,240,250" step="2"/><W107/><G107/><T87/><D103/><AGARI ba="0,1" hai="20,26,28,48,51,58,61,66,92,98,103,109,110,111" machi="103" ten="40,8000,1" yaku="1,1,2,1,25,2,14,1,53,0" doraHai="10" doraHaiUra="83" who="2" fromWho="0" sc="250,-80,250,0,240,90,250,0" /><INIT seed="1,0,0,5,5,4" ten="170,250,330,250" oya="1" hai0="74,105,16,24,35,119,50,66,32,120,99,87,63" hai1="97,114,84,37,57,0,96,77,80,133,1,45,42" hai2="54,26,11,121,92,25,3,118,129,43,131,36,106" hai3="18,39,100,91,47,85,79,135,9,41,75,112,60"/><U31/><E114/><V128/><F106/><W65/><G112/><T93/><D74/><U48/><E133/><V29/><F121/><W123/><G123/><T53/><D120/><U94/><E31/><V70/><F70/><W17/><G135/><T21/><D119/><U69/><E69/><V111/><F118/><W89/><G100/><T109/><D105/><U49/><E96/><V44/><F111/><W117/><G117/><T102/><D87/><U116/><E116/><V83/><F92/><W23/><G75/><T28/><D109/><U59/><E37/><V2/><F54/><W5/><G79/><T13/><D66/><U127/><E127/><V86/><F11/><W104/><G104/><T73/><D73/><U134/><E134/><V108/><F108/><W56/><G23/><T40/><D40/><N who="1" m="24615" /><E0/><N who="2" m="43" /><F29/><W115/><G115/><T130/><D130/><U90/><E1/><V10/><F10/><W6/><G6/><T20/><REACH who="0" step="1"/><D63/><REACH who="0" ten="160,250,330,250" step="2"/><U88/><E77/><AGARI ba="0,1" hai="25,26,36,43,44,77,83,86,128,129,131" m="43" machi="77" ten="40,1300,0" yaku="19,1" doraHai="4" who="2" fromWho="1" sc="160,0,250,-13,330,23,250,0" /><INIT seed="2,0,0,2,0,108" ten="160,237,353,250" oya="2" hai0="73,58,98,30,87,89,23,117,115,38,14,76,29" hai1="130,5,101,116,3,45,82,109,7,0,112,11,119" hai2="68,36,24,124,35,66,90,133,19,41,27,33,10" hai3="42,123,26,39,100,1,72,75,20,135,21,52,53"/><V56/><F68/><W65/><G123/><T67/><D38/><U4/><E109/><V99/><F124/><W85/><G1/><T118/><D73/><U71/><E71/><V43/><F133/><W6/><G135/><T74/><D74/><U46/><E101/><V31/><F35/><W86/><G6/><T104/><D76/><U88/><E130/><V63/><F36/><W17/><G100/><T114/><D98/><U131/><E131/><V48/><F48/><W83/><G65/><T8/><D104/><U37/><E112/><N who="0" m="43049" /><D23/><U96/><E96/><V55/><F99/><W103/><G103/><T102/><D102/><U84/><E37/><V16/><F90/><W59/><G39/><T15/><D15/><U92/><E92/><V12/><F33/><W57/><G83/><N who="0" m="49407" /><D67/><U105/><E105/><V81/><F66/><W54/><G54/><T129/><D58/><U9/><REACH who="1" step="1"/><E5/><REACH who="1" ten="160,227,353,250" step="2"/><V97/><F97/><W77/><G77/><T25/><D129/><U61/><E61/><V49/><F63/><W47/><G72/><T126/><D126/><U120/><E120/><V64/><F81/><W22/><G75/><T32/><D30/><U79/><E79/><V93/><F31/><W40/><G26/><T113/><D113/><U44/><AGARI ba="0,1" hai="0,3,4,7,9,11,44,45,46,82,84,88,116,119" machi="44" ten="30,7900,0" yaku="1,1,0,1,9,1,54,1,53,0" doraHai="108" doraHaiUra="132" who="1" fromWho="1" sc="160,-20,227,89,353,-39,250,-20" /><INIT seed="3,0,0,5,2,36" ten="140,316,314,230" oya="3" hai0="82,87,14,23,28,11,111,112,64,63,9,133,115" hai1="15,105,27,89,5,75,8,86,26,107,65,127,51" hai2="93,24,42,70,38,54,61,134,52,33,72,95,125" hai3="122,41,99,78,10,55,77,29,110,97,83,17,79"/><W18/><G122/><T119/><D119/><U121/><E121/><V12/><F72/><W34/><G110/><T94/><D94/><U46/><E75/><V35/><F35/><W103/><G83/><T85/><D111/><U81/><E127/><V22/><F125/><W62/><G34/><T69/><D133/><U57/><E107/><V124/><F124/><W43/><G29/><T4/><D9/><U60/><REACH who="1" step="1"/><E105/><REACH who="1" ten="140,306,314,230" step="2"/><V71/><F134/><W59/><G99/><T113/><D82/><U13/><E13/><V49/><F12/><N who="3" m="7319" /><G18/><N who="0" m="10711" /><D28/><U91/><E91/><V58/><F93/><AGARI ba="0,1" hai="41,43,55,59,62,77,78,79,93,97,103" m="7319" machi="93" ten="30,5800,0" yaku="8,1,52,2" doraHai="36" who="3" fromWho="2" sc="140,0,306,0,314,-58,230,68" /><INIT seed="3,1,0,3,2,30" ten="140,306,256,298" oya="3" hai0="13,35,112,51,88,53,93,80,2,24,28,122,128" hai1="74,111,27,42,57,134,67,125,73,130,102,95,47" hai2="83,114,11,135,19,97,129,127,5,77,120,37,56" hai3="29,82,4,41,71,32,54,86,69,22,84,106,113"/><W34/><G113/><T7/><D122/><U60/><E111/><V104/><F120/><W48/><G41/><T63/><D112/><U89/><E125/><V126/><F114/><W109/><G4/><T110/><D110/><U81/><E134/><V44/><F135/><W100/><G109/><T103/><D128/><U25/><E130/><V61/><F19/><W20/><G100/><T101/><D80/><U118/><E118/><V33/><F129/><W123/><G106/><T85/><D63/><U92/><E102/><N who="2" m="62543" /><F61/><W62/><G123/><T124/><D124/><U70/><E70/><V0/><F56/><W75/><G75/><T38/><D38/><U72/><E81/><V108/><F108/><W105/><G105/><T6/><D2/><U65/><E67/><V90/><F90/><W12/><G62/><T116/><D116/><U78/><E78/><V15/><F15/><W55/><G12/><T59/><REACH who="0" step="1"/><D6/><REACH who="0" ten="130,306,256,298" step="2"/><U10/><E60/><V64/><F127/><W79/><G82/><T115/><D115/><U66/><E65/><V1/><F126/><W18/><G48/><T39/><D39/><U40/><E66/><V46/><F64/><W117/><G117/><T3/><D3/><U36/><E36/><V131/><F131/><W16/><G79/><T31/><D31/><AGARI ba="1,1" hai="16,18,20,22,29,31,32,34,54,55,69,71,84,86" machi="31" ten="25,12000,1" yaku="22,2,52,2,54,1" doraHai="30" who="3" fromWho="0" sc="130,-123,306,0,256,0,298,133" /><INIT seed="3,2,0,4,3,93" ten="7,306,256,431" oya="3" hai0="122,76,44,87,53,125,131,104,62,7,68,69,15" hai1="48,132,96,124,60,12,83,133,28,14,98,102,118" hai2="71,110,61,36,29,64,43,18,100,51,54,6,129" hai3="111,19,94,90,55,73,33,108,128,117,27,22,134"/><W112/><G117/><T97/><D122/><U91/><E118/><V78/><F29/><W101/><G112/><T113/><D113/><U40/><E124/><V26/><F6/><W75/><G128/><T13/><D131/><U59/><E28/><V41/><F129/><W17/><G134/><N who="1" m="51818" /><E40/><V114/><F114/><W88/><G33/><T56/><D125/><U85/><E48/><V89/><F78/><W1/><G1/><T38/><D7/><U45/><E45/><V5/><F5/><W9/><G55/><T82/><D69/><U21/><E102/><V66/><F100/><W39/><G39/><T120/><D120/><U32/><E32/><V63/><F36/><W20/><G9/><T77/><D77/><U135/><N who="1" m="51826" /><U95/><DORA hai="30" /><E83/><V47/><F89/><N who="3" m="34411" /><G101/><T24/><D24/><U8/><E21/><V58/><F41/><W50/><G50/><N who="0" m="30775" /><D104/><U121/><E121/><V84/><F43/><W127/><G94/><T34/><D34/><U119/><E119/><V46/><F51/><W65/><G127/><T67/><D97/><N who="1" m="37483" /><E8/><V31/><F46/><W126/><G126/><T79/><D79/><U25/><E25/><V107/><F26/><W109/><G27/><T116/><D116/><U99/><N who="1" m="37491" /><U72/><DORA hai="52" /><E72/><N who="3" m="27722" /><G22/><T81/><D81/><U2/><E2/><V3/><F3/><W123/><G123/><T37/><D37/><U49/><E49/><V70/><F47/><W105/><G105/><T35/><D35/><U4/><E4/><V57/><F107/><W11/><G11/><T23/><D23/><U115/><E115/><RYUUKYOKU ba="2,0" sc="7,15,306,15,256,-15,431,-15" hai0="13,15,38,44,62,67,68,76,82,87" hai1="12,14,59,60,85,91,95" /><INIT seed="4,3,0,3,1,61" ten="22,321,241,416" oya="0" hai0="10,88,49,15,2,35,42,67,16,38,116,92,110" hai1="71,113,18,115,47,93,11,46,70,12,132,74,76" hai2="130,77,45,31,48,134,111,43,75,135,51,9,66" hai3="107,44,123,114,64,30,60,95,128,26,40,21,0"/><T98/><D35/><U127/><E127/><V85/><F75/><W6/><G107/><T133/><D116/><U69/><E132/><N who="2" m="50731" /><F31/><W83/><G114/><N who="1" m="43530" /><E93/><V104/><F104/><W24/><G128/><T55/><D133/><U41/><E41/><V96/><F96/><W81/><G123/><T100/><D2/><U73/><E73/><V58/><F111/><W108/><G108/><T20/><D110/><U99/><E99/><V80/><F9/><W22/><G95/><N who="0" m="58463" /><D38/><U7/><E7/><V13/><F13/><W124/><G6/><T5/><D42/><U90/><E90/><V117/><F117/><W62/><G0/><T33/><D33/><U29/><E29/><V78/><F130/><W102/><G102/><T109/><D109/><U91/><E91/><N who="2" m="51623" /><F51/><N who="3" m="27015" /><G124/><T39/><D39/><U131/><E131/><V34/><F34/><W54/><G30/><T118/><D118/><U119/><E119/><V53/><F43/><W63/><G26/><N who="0" m="14599" /><D67/><U52/><E52/><V56/><F66/><W27/><G54/><T19/><D5/><U23/><E11/><V125/><F125/><W101/><G64/><T37/><D37/><U65/><E65/><V57/><AGARI ba="3,0" hai="45,48,53,56,57,58,77,78" m="51623,50731" machi="57" ten="30,1100,0" yaku="20,1" doraHai="61" who="2" fromWho="2" sc="22,-8,321,-6,241,20,416,-6" /><INIT seed="5,0,0,1,0,105" ten="14,315,261,410" oya="1" hai0="125,59,71,51,72,98,112,43,108,56,104,81,37" hai1="131,80,78,96,103,23,10,132,53,75,12,114,130" hai2="3,55,88,27,85,44,38,100,95,64,120,62,32" hai3="74,92,50,54,68,35,61,21,111,73,129,41,14"/><U134/><E23/><V126/><F120/><W79/><G35/><T84/><D108/><U20/><E20/><V58/><F3/><W109/><G129/><N who="1" m="49162" /><E53/><V18/><F126/><W106/><G106/><T42/><D71/><U47/><E47/><V1/><F1/><W102/><G41/><T6/><D72/><U63/><E63/><V118/><F118/><W29/><G79/><T26/><D98/><U99/><E12/><V127/><F127/><W87/><G61/><T123/><D104/><N who="1" m="63591" /><E10/><V45/><F38/><W7/><G68/><T107/><D112/><U133/><E99/><N who="2" m="59519" /><F32/><W46/><G109/><T93/><D107/><U77/><E77/><V9/><F55/><W117/><G111/><T128/><D93/><U101/><E101/><V36/><F36/><W70/><G70/><T11/><D26/><U91/><E91/><V121/><F27/><W28/><G102/><T17/><D125/><U48/><E48/><V22/><F9/><W124/><G124/><T8/><D123/><U110/><E110/><V39/><F39/><W115/><G21/><T57/><D128/><U90/><E90/><V82/><F121/><W5/><G50/><T0/><D37/><U60/><E60/><V19/><F22/><W65/><G54/><T89/><REACH who="0" step="1"/><D51/><REACH who="0" ten="4,315,261,410" step="2"/><U113/><AGARI ba="0,1" hai="75,78,80,113,114,132,133,134" m="63591,49162" machi="113" ten="40,18000,2" yaku="20,1,19,1,23,1,34,2,52,1" doraHai="105" who="1" fromWho="1" sc="4,-60,315,190,261,-60,410,-60" owari="-56,-56.0,505,61.0,201,-20.0,350,15.0" /></mjloggm>