<mjloggm ver="2.3"><GO type="169"/><UN n0="%4D%49%40%34%32%38" n1="%EF%BC%88%E2%89%A7%E2%96%BD%E2%89%A6%EF%BC%89" n2="%CE%9A%CE%95%CE%99" n3="%E5%B7%A3%E4%BD%9C%E3%82%8A%E3%83%89%E3%83%A9%E3%82%B4%E3%83%B3" dan="16,16,16,16" rate="2061,2047,2119,2078" sx="M,M,M,M"/><TAIKYOKU oya="0"/><INIT seed="0,0,0,2,3,32" ten="250,250,250,250" oya="0" hai0="49,93,9,60,130,47,28,82,120,92,95,36,111" hai1="101,56,54,110,10,127,31,70,51,65,105,41,108" hai2="129,122,22,52,71,7,68,87,121,104,113,79,128" hai3="13,91,100,21,14,43,12,133,4,39,57,80,48"/><T1/><D120/><N who="2" m="46186" /><F104/><W125/><G125/><T44/><D130/><N who="2" m="50282" /><F113/><W88/><G133/><T96/><D111/><U103/><E105/><V29/><F7/><W134/><G134/><T16/><D28/><U24/><E127/><V123/><F123/><W109/><G109/><N who="1" m="42090" /><E41/><V53/><F79/><W107/><G39/><T0/><D82/><U64/><E10/><V86/><F29/><W115/><G115/><T119/><D119/><U72/><E72/><V34/><F34/><W78/><G107/><T132/><D132/><U19/><E19/><V11/><F11/><W126/><G100/><N who="1" m="38474" /><E70/><N who="2" m="26667" /><F22/><AGARI ba="0,0" hai="22,24,31,51,54,56,64,65" m="38474,42090" machi="22" ten="30,1000,0" yaku="14,1" doraHai="32" who="1" fromWho="2" sc="250,0,250,10,250,-10,250,0" /><INIT seed="1,0,0,4,3,35" ten="250,260,240,250" oya="1" hai0="121,95,83,62,132,91,78,108,123,99,49,113,2" hai1="32,38,110,9,22,28,131,82,13,117,21,57,52" hai2="33,65,72,66,67,1,45,102,80,69,56,16,104" hai3="0,74,76,50,53,30,103,44,37,29,109,116,106"/><U10/><E38/><V70/><F33/><W24/><G109/><T68/><D113/><U23/><E117/><V101/><F1/><W115/><G115/><T48/><D108/><U127/><E110/><V98/><F102/><W18/><G116/><T47/><D132/><U40/><E40/><V6/><F6/><W134/><G134/><T8/><D68/><U120/><E120/><N who="0" m="46153" /><D62/><U79/><E127/><V73/><F45/><W25/><G103/><T90/><D90/><U124/><E124/><V59/><F73/><W88/><G106/><T128/><D128/><U111/><E131/><V39/><F39/><W63/><G63/><T105/><D105/><U94/><E94/><V119/><F119/><W122/><G122/><T41/><D8/><U19/><E111/><V92/><F104/><W85/><G76/><T55/><D2/><U42/><E42/><V20/><F70/><W3/><G74/><N who="0" m="43479" /><D55/><U100/><E100/><V7/><F7/><W125/><G125/><T34/><D34/><U61/><E9/><V93/><F69/><W81/><G37/><AGARI ba="0,0" hai="37,41,47,48,49,91,95,99" m="43479,46153" machi="37" ten="30,1000,0" yaku="13,1" doraHai="35" who="0" fromWho="3" sc="250,10,260,0,240,0,250,-10" /><INIT seed="2,0,0,0,5,87" ten="260,260,240,240" oya="2" hai0="104,112,76,121,2,5,131,34,102,94,20,110,12" hai1="64,50,6,48,88,67,129,9,89,25,85,42,58" hai2="81,113,133,135,66,115,130,22,32,15,31,39,55" hai3="127,33,30,93,41,116,108,114,57,51,54,125,56"/><V46/><F130/><W91/><G116/><T120/><D112/><U19/><E129/><V40/><F32/><W1/><G1/><T18/><D131/><U92/><E42/><V79/><F66/><N who="1" m="25129" /><E58/><V103/><F103/><W100/><G100/><T49/><D104/><U65/><E65/><V126/><F126/><N who="3" m="48139" /><G108/><T36/><D36/><U119/><E119/><V84/><F55/><W111/><G111/><T83/><D34/><U0/><E0/><V77/><F77/><W72/><G72/><T69/><D69/><U71/><E71/><V86/><F84/><N who="3" m="52455" /><G41/><T37/><D102/><U124/><E124/><V90/><F79/><W96/><G96/><T24/><D2/><U134/><E134/><N who="2" m="51211" /><F15/><W80/><G80/><T128/><D83/><N who="1" m="49215" /><E6/><V107/><F107/><W47/><G114/><T14/><D5/><U117/><E117/><V109/><F109/><W68/><G68/><T17/><D110/><U3/><E3/><V10/><F10/><W44/><G57/><T11/><D128/><U45/><E45/><V75/><F75/><W35/><G35/><T38/><D76/><U21/><E9/><V26/><AGARI ba="0,0" hai="22,26,31,39,40,46,81,86,90,113,115" m="51211" machi="26" ten="30,3000,0" yaku="20,1,52,1" doraHai="87" who="2" fromWho="2" sc="260,-10,260,-10,240,30,240,-10" /><INIT seed="2,1,0,3,4,134" ten="250,250,270,230" oya="2" hai0="104,8,30,3,125,29,16,52,89,12,6,48,33" hai1="80,44,135,110,129,92,61,17,106,132,31,91,23" hai2="37,111,72,50,66,13,24,62,127,2,59,79,4" hai3="102,49,108,40,96,55,64,36,84,38,27,45,83"/><V74/><F37/><W90/><G108/><T103/><D125/><U101/><E110/><V41/><F2/><W68/><G27/><T7/><D7/><U39/><E129/><V22/><F111/><W10/><G10/><T18/><D18/><U114/><E114/><V63/><F127/><W82/><G82/><T97/><D33/><U85/><E31/><V60/><F79/><W70/><G64/><T100/><D89/><U78/><E61/><V121/><F121/><W113/><G113/><T53/><D100/><U81/><E44/><N who="2" m="25871" /><F74/><W120/><G120/><T15/><D53/><U46/><E46/><V67/><F72/><W118/><G118/><T9/><REACH who="0" step="1"/><D3/><REACH who="0" ten="240,250,270,230" step="2"/><U58/><E101/><V51/><F67/><W98/><G36/><T0/><D0/><U65/><E39/><V43/><F43/><W122/><G122/><T54/><D54/><U130/><E91/><V86/><F4/><W93/><G40/><T131/><D131/><U57/><E130/><V128/><F128/><W20/><G38/><T73/><D73/><U19/><E17/><N who="2" m="12367" /><F66/><W124/><G124/><T28/><D28/><U35/><E65/><V107/><F107/><W123/><G123/><T14/><D14/><N who="1" m="9719" /><E106/><V47/><F13/><W105/><REACH who="3" step="1"/><G20/><REACH who="3" ten="240,250,270,220" step="2"/><T11/><D11/><U32/><E32/><V71/><F71/><W42/><G42/><T109/><D109/><U75/><E35/><V87/><F59/><AGARI ba="1,2" hai="6,8,9,12,15,16,29,30,48,52,59,97,103,104" machi="59" ten="30,7700,0" yaku="1,1,7,1,54,2,53,0" doraHai="134" doraHaiUra="133" who="0" fromWho="2" sc="240,100,250,0,270,-80,220,0" /><INIT seed="3,0,0,3,4,72" ten="340,250,190,220" oya="3" hai0="111,45,4,62,57,132,61,17,22,32,23,28,81" hai1="73,30,15,26,135,13,60,126,90,3,12,18,83" hai2="105,115,103,119,27,58,59,49,0,54,84,112,117" hai3="97,130,80,109,131,46,129,53,92,100,21,76,14"/><W127/><G127/><T96/><D111/><U104/><E126/><V101/><F0/><W1/><G1/><T56/><D132/><U108/><E104/><V102/><F105/><W9/><G21/><T38/><D4/><U94/><E3/><V124/><F124/><W40/><G53/><T34/><D28/><U6/><E135/><V44/><F27/><W7/><G109/><T35/><D96/><U125/><E125/><V11/><F11/><W67/><G67/><T52/><D81/><U47/><E108/><V29/><F29/><W88/><G100/><T25/><D23/><U87/><E60/><V89/><F59/><W123/><G123/><T70/><D70/><U114/><E114/><V43/><F112/><W10/><G10/><T8/><D8/><U118/><E6/><V71/><F71/><W78/><G80/><T86/><D86/><U120/><E120/><V128/><F115/><W79/><G76/><T93/><D93/><U19/><E118/><V121/><F121/><W36/><AGARI ba="0,0" hai="7,9,14,36,40,46,78,79,88,92,97,129,130,131" machi="36" ten="30,12000,1" yaku="0,1,19,1,52,2,54,1" doraHai="72" who="3" fromWho="3" sc="340,-40,250,-40,190,-40,220,120" /><INIT seed="3,1,0,5,1,8" ten="300,210,150,340" oya="3" hai0="67,73,3,74,116,75,77,48,103,121,109,16,31" hai1="68,112,117,42,94,93,41,104,105,111,107,20,22" hai2="45,91,15,70,26,78,96,87,53,119,63,131,97" hai3="44,64,60,128,72,61,115,43,102,127,62,71,49"/><W80/><G102/><T47/><D116/><U108/><E68/><V134/><F119/><W23/><G80/><T101/><D121/><U123/><E112/><V10/><F78/><W122/><G72/><T21/><D3/><U1/><E1/><V135/><F131/><W4/><G4/><T2/><D2/><U25/><E123/><V90/><F26/><W39/><G23/><N who="1" m="8746" /><E25/><V19/><F91/><W34/><G34/><T69/><D31/><U99/><E99/><V32/><F32/><W66/><G122/><T17/><D17/><U46/><E46/><V100/><F70/><N who="3" m="42247" /><G115/><T132/><D109/><N who="1" m="42059" /><E117/><V133/><F100/><W82/><G82/><T54/><D132/><U33/><E33/><V89/><F89/><W55/><G128/><T85/><D69/><U56/><E56/><N who="2" m="35215" /><F45/><N who="3" m="23807" /><G62/><T24/><D101/><U27/><E27/><V9/><F9/><W113/><G113/><T35/><D103/><U65/><E94/><AGARI ba="1,0" hai="10,15,19,87,90,94,96,97,133,134,135" m="35215" machi="94" ten="30,2000,0" yaku="20,1,52,1" doraHai="8" who="2" fromWho="1" sc="300,0,210,-23,150,23,340,0" /><INIT seed="4,0,0,5,2,45" ten="300,187,173,340" oya="0" hai0="117,59,129,52,61,121,21,93,23,88,4,40,42" hai1="26,7,91,69,68,104,72,57,60,43,5,58,123" hai2="53,125,135,102,85,64,116,33,29,73,6,118,19" hai3="22,92,106,44,9,46,20,105,24,134,86,97,62"/><T15/><D117/><U112/><E123/><V56/><F73/><W66/><G106/><T1/><D1/><U3/><E72/><V90/><F125/><W108/><G108/><T38/><D121/><U114/><E104/><V79/><F135/><W50/><G105/><T54/><D129/><U107/><E107/><V126/><F126/><W111/><G86/><N who="0" m="52375" /><D38/><U37/><E26/><N who="2" m="18615" /><F102/><W132/><G111/><T74/><D74/><U13/><E3/><V30/><F30/><W87/><G87/><T10/><D54/><N who="1" m="33847" /><E91/><V76/><F64/><W65/><G46/><T75/><D75/><U120/><E120/><V131/><F6/><W83/><G83/><T124/><D124/><U115/><E13/><V122/><F19/><N who="3" m="12319" /><G22/><AGARI ba="0,0" hai="4,10,15,21,22,23,40,42,52,59,61" m="52375" machi="22" ten="30,5800,0" yaku="8,1,54,2" doraHai="45" who="0" fromWho="3" sc="300,58,187,0,173,0,340,-58" /><INIT seed="4,1,0,5,4,18" ten="358,187,173,282" oya="0" hai0="37,70,32,120,85,77,84,12,17,101,81,121,103" hai1="127,95,129,57,102,72,100,60,4,24,43,53,11" hai2="97,117,45,130,41,39,110,49,107,36,82,14,79" hai3="114,9,46,99,15,131,111,20,3,90,122,51,109"/><T42/><D70/><U55/><E72/><V62/><F110/><W22/><G114/><T80/><D32/><U25/><E129/><V134/><F130/><W44/><G3/><T61/><D61/><U104/><E104/><V78/><F134/><W48/><G131/><T113/><D113/><U133/><E43/><V28/><F78/><W88/><G122/><T10/><D42/><U2/><E127/><V132/><F132/><W125/><G125/><T23/><D37/><U30/><E133/><V69/><F117/><W54/><G99/><T106/><D106/><U34/><E95/><V98/><F97/><W73/><G73/><T35/><D35/><U7/><E7/><V119/><F119/><W92/><G109/><T128/><D128/><U19/><REACH who="1" step="1"/><E55/><REACH who="1" ten="358,177,173,282" step="2"/><V66/><F107/><W50/><G111/><T56/><D120/><U93/><E93/><V33/><F41/><N who="3" m="24591" /><G92/><T8/><D121/><U5/><E5/><V63/><F82/><W31/><G51/><T123/><D123/><U83/><E83/><V112/><F49/><W27/><G54/><T6/><D81/><U86/><E86/><V96/><F112/><W47/><G50/><T40/><D85/><U94/><E94/><V126/><F36/><W29/><G47/><T38/><D38/><U21/><AGARI ba="1,1" hai="2,4,11,19,21,24,25,30,34,53,57,60,100,102" machi="21" ten="30,4000,0" yaku="1,1,0,1,52,1,53,0" doraHai="18" doraHaiUra="108" who="1" fromWho="1" sc="358,-21,177,53,173,-11,282,-11" /><INIT seed="5,0,0,2,1,60" ten="337,230,162,271" oya="1" hai0="54,107,94,9,76,42,123,71,73,108,113,127,53" hai1="39,13,16,130,28,135,106,34,1,133,7,52,21" hai2="104,59,95,17,83,128,29,5,111,15,70,57,115" hai3="114,92,49,93,98,110,38,3,36,50,61,41,69"/><U64/><E39/><V33/><F104/><W129/><G3/><T85/><D107/><U88/><E106/><V81/><F111/><W30/><G30/><T75/><D108/><U101/><E101/><V121/><F121/><W8/><G8/><T112/><D123/><U19/><E130/><V126/><F70/><W68/><G61/><T26/><D42/><U27/><E52/><V37/><F5/><W43/><G110/><T102/><D127/><U89/><E19/><V109/><F115/><W132/><G114/><T117/><D71/><U118/><E64/><V62/><F126/><W48/><G129/><T131/><D117/><U14/><E14/><V12/><F17/><W44/><G132/><N who="1" m="50762" /><E118/><V99/><F37/><W122/><G122/><T56/><D102/><U105/><E105/><V4/><F15/><W2/><G2/><T134/><D131/><U72/><E72/><V77/><F12/><W58/><G58/><T20/><D56/><U84/><E84/><V90/><F59/><W45/><REACH who="3" step="1"/><G93/><REACH who="3" ten="337,230,162,261" step="2"/><T18/><D94/><U86/><E86/><V10/><F109/><W40/><G40/><T55/><D134/><U80/><E80/><V23/><F83/><W79/><G79/><T22/><D113/><U25/><E1/><N who="2" m="271" /><F128/><W87/><G87/><T82/><D112/><U124/><E124/><V120/><F120/><W51/><N who="3" m="12288" /><DORA hai="125" /><W119/><G119/><T74/><D73/><U32/><E7/><V66/><F81/><W6/><G6/><T0/><D74/><U100/><E28/><V116/><F116/><W11/><G11/><T103/><D75/><RYUUKYOKU ba="0,1" sc="337,-10,230,-10,162,-10,261,30" hai3="36,38,41,43,44,45,68,69,92,98" /><INIT seed="6,1,1,5,3,124" ten="327,220,152,291" oya="2" hai0="68,69,12,1,72,88,76,44,125,47,27,110,130" hai1="95,92,80,94,103,122,60,53,31,132,71,39,127" hai2="73,26,9,19,54,17,41,15,8,50,24,91,112" hai3="114,111,81,79,11,4,83,25,10,61,6,113,51"/><V32/><F73/><N who="3" m="43247" /><G111/><T90/><D1/><U28/><E39/><V126/><F41/><W59/><G51/><T75/><D27/><U116/><E116/><V57/><F126/><W36/><G36/><T102/><D12/><U89/><E127/><V101/><F101/><W35/><G83/><T99/><D125/><U45/><E122/><V66/><F112/><N who="3" m="43115" /><G25/><N who="2" m="9833" /><F32/><W21/><G21/><T82/><D82/><U93/><E103/><V117/><F117/><W52/><G35/><T134/><D110/><U23/><E80/><V13/><F91/><W123/><G123/><T34/><D102/><U105/><E89/><V108/><F108/><W37/><G37/><T3/><D34/><U77/><E23/><N who="2" m="11711" /><F66/><W0/><G10/><AGARI ba="1,1" hai="8,9,10,13,19,50,54,57" m="11711,9833" machi="10" ten="30,1500,0" yaku="8,1" doraHai="124" who="2" fromWho="3" sc="327,0,220,0,152,28,291,-18" /><INIT seed="6,2,0,4,5,122" ten="327,220,180,273" oya="2" hai0="76,97,3,112,121,113,125,46,14,42,74,44,130" hai1="103,108,51,85,4,2,62,39,7,52,80,6,68" hai2="96,57,78,83,79,32,87,133,56,84,106,102,67" hai3="86,23,71,92,117,81,45,134,1,21,101,135,69"/><V48/><F32/><W19/><G117/><T36/><D3/><U12/><E39/><V82/><F133/><N who="3" m="50699" /><G1/><T105/><D121/><U0/><E103/><V37/><F37/><W75/><G75/><T15/><D125/><U109/><E12/><V31/><F31/><W13/><G45/><T88/><D130/><U16/><E16/><V116/><F116/><W38/><G38/><T34/><D34/><U18/><E18/><V63/><REACH who="2" step="1"/><F48/><REACH who="2" ten="327,220,170,273" step="2"/><W5/><G5/><T66/><D36/><U99/><E0/><V54/><F54/><W124/><G124/><T53/><D53/><U10/><E2/><V70/><AGARI ba="2,1" hai="56,57,63,67,70,78,79,82,83,84,87,96,102,106" machi="70" ten="20,12000,1" yaku="1,1,0,1,7,1,9,1,53,1" doraHai="122" doraHaiUra="64" who="2" fromWho="2" sc="327,-42,220,-42,170,136,273,-42" /><INIT seed="6,3,0,1,0,92" ten="285,178,306,231" oya="2" hai0="50,31,7,108,9,48,5,126,0,25,119,100,87" hai1="23,61,103,49,47,131,8,111,64,85,30,1,62" hai2="6,24,34,2,55,127,35,89,93,10,122,16,44" hai3="32,76,27,97,37,43,106,39,91,74,77,95,51"/><V53/><F122/><W68/><G68/><T112/><D108/><U132/><E111/><V84/><F127/><W46/><G106/><T28/><D126/><U11/><E132/><V21/><REACH who="2" step="1"/><F44/><REACH who="2" ten="285,178,296,231" step="2"/><W109/><G109/><T78/><D119/><U118/><E47/><V41/><F41/><W130/><G130/><T96/><D112/><U120/><E120/><V3/><F3/><W60/><G46/><T40/><D40/><U105/><E1/><V115/><F115/><W114/><G43/><T22/><D7/><U128/><E128/><V81/><F81/><W54/><G114/><T133/><D133/><U15/><E131/><V117/><F117/><W36/><G36/><T75/><D0/><U45/><E118/><V70/><F70/><W88/><G37/><T38/><D38/><U98/><E45/><V90/><F90/><W69/><G39/><T26/><D5/><U86/><E103/><V63/><F63/><W20/><G60/><T94/><D50/><U71/><E49/><V4/><F4/><W56/><G69/><T72/><D48/><U124/><E62/><V110/><F110/><W33/><G91/><T19/><D100/><N who="1" m="62615" /><E124/><V52/><AGARI ba="3,1" hai="2,6,10,16,21,24,34,35,52,53,55,84,89,93" machi="52" ten="30,11700,0" yaku="1,1,0,1,54,2,53,0" doraHai="92" doraHaiUra="102" who="2" fromWho="2" sc="285,-42,178,-42,296,136,231,-42" /><INIT seed="6,4,0,4,4,56" ten="243,136,432,189" oya="2" hai0="35,31,101,73,64,128,80,21,38,42,135,11,104" hai1="24,107,94,48,111,29,41,32,74,90,100,5,96" hai2="95,47,130,110,99,58,114,52,67,85,61,59,82" hai3="8,54,113,84,16,2,20,106,103,13,60,6,129"/><V119/><F119/><W81/><G129/><T10/><D35/><U23/><E111/><V15/><F110/><W45/><G113/><T117/><D104/><U89/><E74/><V37/><F114/><W9/><G106/><T70/><D101/><U63/><E5/><V91/><F130/><W46/><G103/><T116/><D38/><U115/><E115/><V55/><F15/><W27/><G60/><N who="0" m="40199" /><D42/><U123/><E123/><V108/><F108/><W120/><G120/><T125/><D128/><U134/><E134/><V75/><F75/><W126/><G126/><T83/><D125/><U79/><E79/><V51/><F37/><W44/><G54/><T57/><D135/><U71/><E23/><V132/><F132/><W98/><G98/><T112/><D112/><U18/><E18/><V62/><F99/><W93/><G93/><AGARI ba="4,0" hai="47,51,52,55,58,59,61,62,67,82,85,91,93,95" machi="93" ten="40,12000,1" yaku="8,1,52,2,54,1" doraHai="56" who="2" fromWho="3" sc="243,0,136,0,432,132,189,-132" /><INIT seed="6,5,0,4,5,29" ten="243,136,564,57" oya="2" hai0="111,50,26,106,62,122,131,89,102,36,3,60,70" hai1="119,69,32,46,95,116,39,56,124,88,63,43,83" hai2="13,127,77,28,97,12,71,86,37,34,96,11,103" hai3="114,55,17,51,54,31,87,5,132,10,15,59,79"/><V130/><F71/><W66/><G132/><T100/><D36/><U75/><E124/><V133/><F37/><W65/><G114/><T61/><D70/><U104/><E104/><V135/><F127/><W27/><G55/><T93/><D3/><U134/><E69/><V57/><F130/><W20/><REACH who="3" step="1"/><G5/><REACH who="3" ten="243,136,564,47" step="2"/><T125/><D125/><U30/><E134/><V67/><F135/><W48/><G48/><T23/><D62/><U73/><E119/><V81/><F133/><W108/><G108/><T82/><D61/><U35/><E116/><V92/><F97/><W22/><G22/><T101/><D60/><U74/><E83/><AGARI ba="5,1" hai="10,15,17,20,27,31,51,54,59,65,66,79,83,87" machi="83" ten="40,2600,0" yaku="1,1,8,1,53,0" doraHai="29" doraHaiUra="42" who="3" fromWho="1" sc="243,0,136,-41,564,0,47,51" /><INIT seed="7,0,0,5,3,51" ten="243,95,564,98" oya="3" hai0="73,16,50,86,85,103,58,28,133,37,22,62,105" hai1="116,79,52,29,88,13,7,80,17,34,68,53,47" hai2="23,135,124,31,27,127,70,100,48,123,33,111,21" hai3="102,4,118,77,114,75,26,19,106,24,55,93,78"/><W74/><G118/><T38/><D73/><U129/><E68/><V97/><F111/><W39/><G106/><T115/><D28/><U30/><E116/><V131/><F70/><W83/><G39/><T11/><D11/><N who="1" m="4351" /><E34/><V69/><F69/><W1/><G114/><T72/><D86/><N who="1" m="48415" /><E129/><V99/><F135/><W10/><G19/><T132/><D50/><N who="1" m="28895" /><E17/><V122/><F23/><W59/><G78/><T92/><D85/><U89/><E52/><V20/><F27/><W44/><G75/><T104/><D62/><U90/><AGARI ba="0,0" hai="29,30,88,89,90" m="28895,48415,4351" machi="90" ten="30,4000,0" yaku="8,1,52,1,54,1" doraHai="51" who="1" fromWho="1" sc="243,-10,95,40,564,-10,98,-20" owari="233,3.0,135,-26.0,554,65.0,78,-42.0" /></mjloggm>