<mjloggm ver="2.3"><GO type="97"/><UN n0="%EF%BC%88%E2%89%A7%E2%96%BD%E2%89%A6%EF%BC%89" n1="%E3%81%A6%E3%81%9D" n2="%52%79%6F%75" n3="%52%58%37%38" dan="15,13,14,14" rate="1991,1849,1922,1992" sx="M,M,M,M"/><TAIKYOKU oya="0"/><INIT seed="0,0,0,2,4,131" ten="250,250,250,250" oya="0" hai0="100,11,83,39,103,108,122,87,23,116,130,117,4" hai1="92,106,99,133,41,47,82,81,112,84,9,72,60" hai2="2,123,67,127,57,70,58,113,110,0,19,76,74" hai3="75,90,71,26,34,121,59,56,101,18,8,85,27"/><T119/><D39/><U28/><E112/><V17/><F113/><W3/><G71/><T88/><D122/><U111/><E133/><V124/><F123/><W128/><G121/><T53/><D130/><U65/><E111/><V55/><F110/><W91/><G128/><T5/><D108/><U33/><E106/><V49/><F70/><W132/><G75/><T97/><D23/><U89/><E33/><V64/><F76/><W95/><G101/><T42/><D42/><U40/><E28/><V32/><F74/><W44/><G44/><T61/><D11/><U66/><E72/><V22/><F32/><W135/><G26/><T94/><REACH who="0" step="1"/><D103/><REACH who="0" ten="240,250,250,250" step="2"/><U21/><E21/><V30/><F22/><W7/><G34/><T43/><D43/><U37/><E9/><V104/><F30/><W51/><G27/><T93/><D93/><U105/><E40/><V14/><F104/><W98/><G18/><T46/><D46/><U86/><E105/><V24/><F19/><W16/><G16/><T38/><D38/><U80/><REACH who="1" step="1"/><E66/><REACH who="1" ten="240,240,250,250" step="2"/><V107/><F64/><W20/><G20/><T102/><D102/><U79/><E79/><V69/><F67/><W29/><G29/><T50/><D50/><U6/><E6/><V54/><F49/><W125/><G51/><T118/><N who="0" m="30208" /><DORA hai="129" /><T68/><D68/><AGARI ba="0,2" hai="37,41,47,60,65,68,80,81,82,84,86,89,92,99" machi="68" ten="40,1300,0" yaku="1,1,53,0" doraHai="131,129" doraHaiUra="13,1" who="1" fromWho="0" sc="240,-13,240,33,250,0,250,0" /><INIT seed="1,0,0,1,0,76" ten="227,273,250,250" oya="1" hai0="10,134,92,65,104,123,83,59,77,67,85,88,125" hai1="97,36,8,108,91,42,128,124,129,127,80,84,116" hai2="106,118,16,44,94,99,130,115,119,87,2,19,49" hai3="41,107,120,112,33,79,100,13,69,105,103,24,75"/><U101/><E36/><V27/><F2/><W26/><G120/><T133/><D123/><U114/><E42/><V113/><F106/><W47/><G112/><N who="2" m="43081" /><F130/><N who="1" m="50281" /><E8/><V11/><F11/><W96/><G69/><T38/><D38/><U132/><E114/><V60/><F60/><W110/><G110/><T22/><D125/><N who="1" m="48203" /><E108/><V81/><F27/><W51/><G33/><T109/><D109/><U98/><E116/><N who="2" m="44587" /><F49/><W40/><G13/><T7/><D22/><U72/><E72/><V131/><F44/><W5/><G5/><T73/><D104/><N who="1" m="63535" /><E98/><V71/><F71/><W21/><G21/><T93/><D93/><U121/><E121/><V70/><F70/><W31/><G31/><T86/><D73/><U117/><E117/><V28/><F28/><W82/><G41/><T43/><D43/><U35/><E35/><V46/><F46/><W74/><G74/><T6/><D6/><U39/><E39/><V102/><F131/><W37/><G37/><T29/><D29/><U54/><E54/><V18/><F18/><W64/><G64/><T14/><REACH who="0" step="1"/><D67/><REACH who="0" ten="217,273,250,250" step="2"/><U95/><E95/><V52/><F52/><W30/><G30/><T15/><D15/><U90/><E90/><AGARI ba="0,1" hai="16,19,81,87,90,94,99,102" m="44587,43081" machi="90" ten="30,3900,0" yaku="11,1,52,1,54,1" doraHai="76" who="2" fromWho="1" sc="217,0,273,-39,250,49,250,0" /><INIT seed="2,0,0,1,3,71" ten="217,234,299,250" oya="2" hai0="15,49,132,63,131,2,64,127,88,32,130,29,23" hai1="41,47,76,95,65,10,106,109,94,91,135,125,12" hai2="8,112,116,133,46,57,27,45,34,53,85,20,33" hai3="48,129,36,118,74,126,37,31,5,72,9,98,35"/><V103/><F116/><W16/><G118/><T24/><D132/><U84/><E135/><V28/><F133/><W25/><G129/><N who="0" m="49163" /><D127/><U100/><E125/><V107/><F112/><W110/><G126/><T102/><D2/><U114/><E114/><V51/><F8/><W124/><G124/><T56/><D102/><U14/><E109/><V79/><F103/><W58/><G110/><T4/><D49/><U55/><E65/><V3/><F3/><W52/><G74/><T128/><N who="0" m="49171" /><T11/><DORA hai="99" /><D88/><U66/><E66/><V18/><F107/><W81/><G98/><T69/><D32/><U80/><E106/><V115/><F115/><W101/><G101/><T122/><D122/><U96/><E55/><V1/><F1/><W68/><G68/><AGARI ba="0,0" hai="4,11,15,23,24,29,56,63,64,68,69" m="49171" machi="68" ten="40,1300,0" yaku="19,1" doraHai="71,99" who="0" fromWho="3" sc="217,13,234,0,299,0,250,-13" /><INIT seed="3,0,0,2,1,43" ten="230,234,299,237" oya="3" hai0="31,46,34,99,4,38,95,122,5,65,86,41,20" hai1="59,32,80,94,42,24,113,2,78,133,51,0,111" hai2="79,28,7,13,127,119,134,11,53,29,132,75,135" hai3="64,104,87,71,128,102,126,81,58,121,54,9,30"/><W76/><G121/><T101/><D122/><U118/><E113/><V36/><F119/><W129/><G30/><N who="2" m="11881" /><F127/><W67/><G9/><T3/><D34/><U37/><E118/><V56/><F36/><W85/><G87/><T114/><D114/><U70/><E70/><V26/><F26/><W61/><G126/><T90/><D65/><U39/><E24/><V35/><F35/><W48/><G67/><T73/><D73/><U68/><E32/><V96/><F96/><W124/><G124/><T14/><D3/><U109/><E68/><V82/><F53/><W74/><G74/><T47/><D47/><N who="1" m="26103" /><E133/><V93/><F56/><W125/><G125/><T98/><D98/><U66/><E39/><V120/><F93/><W16/><G104/><T92/><REACH who="0" step="1"/><D31/><REACH who="0" ten="220,234,299,237" step="2"/><U69/><E37/><V107/><F120/><W57/><G71/><T131/><D131/><N who="3" m="50249" /><G102/><T130/><D130/><U12/><E69/><V17/><F107/><W108/><G108/><N who="1" m="41546" /><E2/><V106/><F106/><W97/><G97/><T110/><D110/><U62/><E0/><V88/><F135/><W103/><G103/><T19/><AGARI ba="0,1" hai="4,5,14,19,20,38,41,46,86,90,92,95,99,101" machi="19" ten="30,4000,0" yaku="1,1,0,1,52,1,53,0" doraHai="43" doraHaiUra="77" who="0" fromWho="0" sc="220,50,234,-10,299,-10,237,-20" /><INIT seed="4,0,0,3,4,36" ten="270,224,289,217" oya="0" hai0="80,20,124,14,107,37,76,89,16,52,71,38,67" hai1="68,132,56,19,86,12,130,24,42,69,106,45,47" hai2="91,65,3,4,97,75,26,121,17,84,48,6,10" hai3="13,22,117,122,119,39,51,98,11,25,126,61,125"/><T29/><D107/><U21/><E106/><V87/><F121/><W113/><G39/><T30/><D124/><N who="3" m="47721" /><G98/><T81/><D38/><U58/><E132/><V96/><F3/><W99/><G99/><N who="2" m="37961" /><F75/><W53/><G113/><T50/><D37/><U114/><E130/><V8/><F65/><W31/><G61/><T7/><D7/><N who="2" m="2602" /><F48/><W28/><G122/><T108/><D108/><U123/><E114/><V133/><F133/><W62/><G62/><T120/><D120/><U49/><E123/><V33/><F33/><W74/><G74/><T15/><D67/><U70/><E86/><N who="2" m="32811" /><F91/><W63/><G63/><T0/><D71/><U103/><E103/><V66/><F66/><W112/><G112/><T93/><D0/><U5/><REACH who="1" step="1"/><E47/><REACH who="1" ten="270,214,289,217" step="2"/><V32/><F32/><W43/><G119/><T41/><D76/><U135/><E135/><V34/><F34/><W100/><G100/><T134/><D134/><U116/><E116/><V101/><F101/><W127/><G117/><T27/><D80/><U40/><E40/><V85/><F85/><W57/><G43/><T44/><D41/><U46/><E46/><V54/><F54/><W82/><G82/><T115/><D81/><U83/><E83/><V60/><F60/><W95/><G127/><T94/><D115/><U129/><E129/><V128/><F128/><W109/><G109/><T73/><D73/><U64/><E64/><V79/><F79/><W78/><G78/><T77/><D77/><U35/><E35/><V105/><F105/><W59/><G53/><T2/><D52/><U110/><E110/><V111/><F111/><RYUUKYOKU ba="0,1" sc="270,-15,214,15,289,15,217,-15" hai1="5,12,19,21,24,42,45,49,56,58,68,69,70" hai2="8,10,17,26" owari="255,6.0,229,-17.0,314,41.0,202,-30.0" /></mjloggm>