<mjloggm ver="2.3"><GO type="97"/><UN n0="%E3%83%93%EF%BD%9E%E3%83%8E" n1="%4C%53%61%76%65%73%44" n2="%EF%BC%88%E2%89%A7%E2%96%BD%E2%89%A6%EF%BC%89" n3="%6E%6D%69%7A%75" dan="14,13,15,14" rate="1871,1808,1968,1863" sx="M,M,M,M"/><TAIKYOKU oya="0"/><INIT seed="0,0,0,1,5,128" ten="250,250,250,250" oya="0" hai0="55,54,93,114,21,72,35,78,31,2,100,129,48" hai1="19,88,12,105,113,62,8,51,27,83,116,98,7" hai2="46,63,18,53,64,22,79,87,52,125,33,9,15" hai3="68,134,115,133,122,84,44,120,42,5,26,45,40"/><T91/><D114/><U97/><E116/><V104/><F125/><W23/><G115/><T28/><D2/><U24/><E113/><V71/><F33/><W106/><G68/><T57/><D35/><U130/><E130/><V13/><F104/><W94/><G106/><T4/><D4/><U34/><E105/><V118/><F118/><W108/><G108/><T99/><D100/><U30/><E62/><V58/><F46/><N who="3" m="18027" /><G5/><T101/><D101/><U43/><E43/><N who="3" m="16426" /><G84/><T92/><D92/><U65/><E51/><V36/><F36/><W20/><G94/><T29/><D129/><U50/><E50/><V67/><F71/><W38/><G38/><T61/><D72/><U3/><E65/><V124/><F67/><W95/><G95/><T132/><D78/><U70/><E24/><V76/><F124/><W0/><G0/><T85/><D99/><U74/><E74/><V17/><REACH who="2" step="1"/><F76/><REACH who="2" ten="250,250,240,250" step="2"/><W16/><G23/><T6/><D21/><N who="1" m="11495" /><E70/><V112/><F112/><W111/><G111/><T117/><D117/><U73/><E73/><V32/><F32/><W11/><G11/><T1/><D54/><U127/><E127/><V109/><F109/><W10/><G10/><T81/><D55/><U107/><E107/><V60/><F60/><W75/><G75/><T135/><D61/><U25/><E25/><V102/><F102/><W121/><AGARI ba="0,1" hai="16,20,26,120,121,122,133,134" m="16426,18027" machi="121" ten="40,8000,1" yaku="13,1,52,2,54,1" doraHai="128" who="3" fromWho="3" sc="250,-40,250,-20,240,-20,250,90" /><INIT seed="1,0,0,0,5,29" ten="210,230,220,340" oya="1" hai0="58,6,63,10,93,9,118,18,116,23,72,109,55" hai1="31,50,52,12,41,26,17,14,11,37,101,67,91" hai2="2,124,59,7,105,99,112,82,114,68,121,84,77" hai3="132,86,61,27,24,13,47,128,53,33,126,57,127"/><U89/><E101/><N who="2" m="62655" /><F68/><W36/><G132/><T56/><D72/><U51/><E67/><V108/><F59/><W104/><G104/><T110/><D118/><U135/><E135/><V125/><F7/><W79/><G128/><T90/><D116/><U3/><E3/><V71/><F71/><W46/><G13/><T120/><D120/><U113/><E37/><V87/><F2/><W131/><G131/><T32/><D32/><U73/><E73/><N who="2" m="43311" /><F121/><W130/><G130/><T25/><D56/><N who="1" m="32791" /><E113/><N who="2" m="43627" /><F108/><N who="0" m="41578" /><D6/><U48/><E14/><V30/><F30/><W119/><G119/><T97/><AGARI ba="0,0" hai="9,10,18,23,25,55,58,63,90,93,97" m="41578" machi="97" ten="30,2000,0" yaku="25,1,14,1" doraHai="29" who="0" fromWho="0" sc="210,20,230,-10,220,-5,340,-5" /><INIT seed="2,0,0,0,2,117" ten="230,220,215,335" oya="2" hai0="38,75,29,13,116,48,103,27,92,93,78,127,79" hai1="119,128,52,124,36,43,133,20,18,113,107,4,95" hai2="14,41,98,45,39,118,68,19,10,83,99,135,114" hai3="15,62,87,89,3,6,90,49,1,73,85,121,55"/><V8/><F118/><W30/><G73/><T47/><D38/><U50/><E119/><V17/><F114/><W134/><G134/><T16/><D127/><U54/><E107/><V82/><F135/><W74/><G74/><T91/><D75/><U101/><E113/><V71/><F71/><W46/><G121/><T9/><D103/><U97/><E133/><V102/><F68/><W112/><G112/><T100/><D100/><U80/><E124/><V37/><F37/><W125/><G125/><T120/><D120/><U12/><E128/><V104/><REACH who="2" step="1"/><F98/><REACH who="2" ten="230,220,205,335" step="2"/><W86/><G3/><T84/><D116/><U59/><E4/><V51/><F51/><W67/><G6/><T24/><D29/><U56/><E36/><V132/><F132/><W26/><G30/><T58/><D27/><U81/><REACH who="1" step="1"/><E43/><REACH who="1" ten="230,210,205,335" step="2"/><V131/><F131/><W23/><G1/><T44/><D24/><U31/><E31/><V110/><F110/><W65/><G26/><T35/><D35/><U7/><E7/><V28/><F28/><W32/><G32/><T40/><D40/><U111/><E111/><V33/><F33/><W22/><G49/><AGARI ba="0,2" hai="12,18,20,49,50,52,54,56,59,80,81,95,97,101" machi="49" ten="30,8000,1" yaku="1,1,7,1,9,1,8,1,54,1,53,0" doraHai="117" doraHaiUra="63" who="1" fromWho="3" sc="230,0,210,100,205,0,335,-80" /><INIT seed="3,0,0,2,5,118" ten="230,310,205,255" oya="3" hai0="93,125,84,100,18,110,92,52,34,27,86,72,51" hai1="59,115,28,63,12,91,122,116,78,107,74,17,44" hai2="81,101,37,127,130,13,33,31,6,62,96,103,134" hai3="70,80,19,41,76,32,48,4,60,109,38,56,30"/><W47/><G109/><T133/><D110/><U106/><E116/><V135/><F37/><W98/><G4/><T15/><D133/><U43/><E115/><V108/><F108/><W22/><G70/><T102/><D125/><U111/><E111/><V46/><F127/><W54/><G98/><T21/><D72/><U11/><E122/><V112/><F112/><W24/><G80/><T90/><D84/><U73/><E28/><V99/><F130/><W82/><G82/><T14/><D100/><U42/><E42/><V39/><F62/><W95/><G95/><T29/><D102/><U105/><E91/><V61/><F61/><W2/><G76/><T0/><D0/><U64/><REACH who="1" step="1"/><E78/><REACH who="1" ten="230,300,205,255" step="2"/><V132/><F31/><W25/><REACH who="3" step="1"/><G2/><REACH who="3" ten="230,300,205,245" step="2"/><T77/><D77/><U75/><E75/><V119/><F119/><W57/><G57/><T65/><D90/><U16/><E16/><V123/><F134/><W69/><G69/><T120/><D18/><U128/><E128/><V85/><F135/><W104/><G104/><T23/><D29/><U36/><AGARI ba="0,2" hai="11,12,17,36,43,44,59,63,64,73,74,105,106,107" machi="36" ten="30,2000,0" yaku="1,1,0,1,53,0" doraHai="118" doraHaiUra="117" who="1" fromWho="1" sc="230,-5,300,40,205,-5,245,-10" owari="225,-17.0,340,43.0,200,-30.0,235,4.0" /></mjloggm>