<mjloggm ver="2.3"><GO type="169" lobby="0"/><UN n0="%E5%A4%A9%E5%9F%8E%E5%B0%8F%E6%AC%A1%E9%83%8E" n1="%E6%80%96%E3%81%8F%E3%81%AA%E3%81%84%E3%81%8A" n2="%EF%BC%88%E2%89%A7%E2%96%BD%E2%89%A6%EF%BC%89" n3="%E3%82%80%E3%83%BC%E3%82%80" dan="16,18,17,16" rate="2058.45,2223.82,2143.64,2093.38" sx="M,M,M,M"/><TAIKYOKU oya="0"/><INIT seed="0,0,0,3,0,129" ten="250,250,250,250" oya="0" hai0="18,33,92,67,127,63,84,10,131,107,49,40,83" hai1="16,134,119,24,50,58,36,109,99,23,0,91,75" hai2="22,4,80,26,132,30,115,13,57,122,15,35,128" hai3="70,86,125,123,65,62,93,104,126,77,81,97,105"/><T3/><D107/><U6/><E119/><V28/><F122/><W39/><G39/><T1/><D33/><U76/><E36/><V124/><F115/><W38/><G38/><T21/><D131/><U8/><E109/><V44/><F128/><W29/><G29/><T27/><D127/><N who="3" m="48649" /><G123/><T98/><D40/><U121/><E76/><V32/><F44/><W34/><G34/><T94/><D49/><U110/><E75/><V87/><F57/><W14/><G14/><T72/><D72/><U46/><E110/><V42/><F42/><W53/><G53/><T7/><D98/><U52/><E121/><V51/><F51/><W71/><G70/><T85/><D1/><U102/><E91/><AGARI ba="0,0" hai="62,65,71,77,81,86,91,93,97,104,105" m="48649" machi="91" ten="30,1000,0" yaku="18,1" doraHai="129" who="3" fromWho="1" sc="250,0,250,-10,250,0,250,10" /><INIT seed="1,0,0,1,1,2" ten="250,240,250,260" oya="1" hai0="125,9,133,7,126,5,79,110,64,91,92,101,63" hai1="52,132,82,29,39,11,122,115,62,41,96,14,119" hai2="22,106,86,50,129,111,85,58,99,28,87,45,72" hai3="12,75,130,104,27,61,67,116,97,135,57,128,21"/><U121/><E115/><V24/><F72/><W25/><G75/><T10/><D110/><U84/><E119/><V46/><F129/><W123/><G123/><T81/><D101/><U60/><E132/><V42/><F111/><W13/><G116/><T112/><D112/><U80/><E29/><V93/><F106/><W19/><G135/><T38/><D38/><U76/><E41/><V77/><F45/><W55/><G55/><T71/><D133/><U44/><E39/><V127/><F127/><N who="0" m="48650" /><D81/><U32/><E32/><V95/><F77/><W68/><G68/><T53/><D79/><U94/><E80/><V113/><F113/><W16/><G128/><T102/><D102/><N who="1" m="60695" /><E122/><V118/><F118/><W31/><G130/><T51/><D10/><U1/><E1/><V30/><F30/><W105/><G97/><N who="0" m="57503" /><D9/><U65/><E65/><V100/><F95/><W15/><REACH who="3" step="1"/><G19/><REACH who="3" ten="250,240,250,250" step="2"/><T56/><AGARI ba="0,1" hai="5,7,51,53,56,63,64,71" m="57503,48650" machi="56" ten="30,4000,0" yaku="18,1,52,2" doraHai="2" who="0" fromWho="0" sc="250,50,240,-20,250,-10,250,-10" /><INIT seed="2,0,0,3,2,41" ten="300,220,240,240" oya="2" hai0="79,115,76,104,110,47,36,26,35,132,82,40,130" hai1="89,15,85,6,8,131,39,59,13,114,108,37,10" hai2="49,27,135,3,88,97,60,98,20,45,127,12,87" hai3="73,64,56,21,66,123,100,128,103,91,1,2,30"/><V92/><F3/><W134/><G123/><T67/><D115/><U126/><E114/><V93/><F135/><W75/><G21/><T58/><D104/><U34/><E34/><V23/><F127/><W107/><G56/><T78/><D132/><U65/><E126/><V42/><F60/><W55/><G55/><T109/><D130/><U94/><E131/><V16/><F92/><W81/><G30/><AGARI ba="0,0" hai="12,16,20,23,27,30,42,45,49,87,88,93,97,98" machi="30" ten="30,12000,1" yaku="7,1,8,1,52,1,54,2" doraHai="41" who="2" fromWho="3" sc="300,0,220,0,240,120,240,-120" /><INIT seed="2,1,0,4,5,48" ten="300,220,360,120" oya="2" hai0="21,101,6,51,53,96,105,89,3,35,29,75,84" hai1="98,18,52,94,103,91,55,57,0,104,24,124,49" hai2="13,126,67,99,59,27,31,79,128,4,129,11,70" hai3="44,54,106,90,132,33,102,37,8,107,95,125,62"/><V5/><F70/><W46/><G33/><T88/><D75/><U1/><E124/><V38/><F38/><W71/><G132/><T131/><D131/><N who="2" m="50250" /><F79/><W111/><G125/><T120/><D120/><U45/><E18/><N who="2" m="8511" /><F126/><W127/><G37/><T41/><D35/><U110/><E24/><V2/><F2/><W17/><G17/><T112/><D112/><U113/><E113/><V87/><F99/><W68/><G68/><T76/><D96/><U40/><E110/><V19/><F87/><W85/><G71/><T134/><D84/><U81/><E81/><V36/><F36/><W22/><G85/><T12/><D3/><U82/><E82/><V115/><F115/><W58/><G127/><T20/><D76/><U123/><E123/><V118/><F118/><W10/><G111/><T97/><D97/><U73/><E73/><V109/><F19/><W28/><G106/><T65/><D6/><U34/><E104/><V119/><F119/><W43/><G107/><T72/><D105/><U135/><E135/><V77/><F77/><W25/><G102/><T93/><D72/><U42/><E103/><V15/><F15/><W9/><G90/><T69/><D12/><U92/><E92/><V14/><F14/><W80/><G95/><T133/><D93/><U56/><E0/><V63/><F109/><W60/><G80/><T66/><D69/><U130/><E1/><V26/><F26/><W32/><G25/><T78/><D134/><U86/><E130/><V7/><F27/><W39/><G39/><T117/><D133/><U61/><E86/><V50/><F31/><RYUUKYOKU ba="1,0" sc="300,-10,220,-10,360,30,120,-10" hai2="4,5,7,50,59,63,67" /><INIT seed="2,2,0,5,3,20" ten="290,210,390,110" oya="2" hai0="80,53,14,62,70,123,45,18,31,23,73,5,13" hai1="27,55,82,11,17,26,61,68,67,51,121,115,48" hai2="126,85,39,102,97,106,135,93,133,108,130,24,99" hai3="118,107,57,76,56,29,134,74,65,19,88,16,59"/><V71/><F71/><W7/><G118/><T114/><D123/><U131/><E115/><V36/><F126/><W104/><G134/><N who="2" m="51209" /><F130/><W91/><G65/><T64/><D114/><U83/><E131/><V21/><F85/><W111/><G111/><T75/><D31/><U47/><E121/><V42/><F42/><W87/><G7/><T110/><D110/><U12/><E82/><V3/><F3/><W124/><G124/><T33/><D33/><U116/><E116/><V69/><F69/><W46/><G46/><T41/><D53/><U6/><E6/><V1/><F1/><W132/><G132/><T109/><D109/><U105/><E105/><V86/><F86/><W4/><G4/><T96/><D96/><U77/><REACH who="1" step="1"/><E48/><REACH who="1" ten="290,200,390,110" step="2"/><V72/><F108/><W15/><G107/><T50/><D80/><U79/><E79/><V92/><F106/><W52/><G104/><T9/><AGARI ba="2,1" hai="5,9,13,14,18,23,41,45,50,62,64,70,73,75" machi="9" ten="30,1100,0" yaku="0,1" doraHai="20" who="0" fromWho="0" sc="290,27,200,-5,390,-7,110,-5" /><INIT seed="3,0,0,3,4,95" ten="317,195,383,105" oya="3" hai0="106,47,1,51,73,103,114,80,131,87,42,91,124" hai1="78,50,22,89,76,25,97,116,14,85,61,26,111" hai2="81,45,8,28,68,29,84,55,4,66,16,44,121" hai3="134,38,11,32,110,108,58,104,98,118,36,35,129"/><W40/><G118/><T41/><D1/><U18/><E111/><N who="3" m="42538" /><G134/><T6/><D6/><U77/><E116/><V113/><F113/><W96/><G104/><T93/><D114/><U37/><E37/><N who="3" m="14442" /><G40/><T130/><D41/><U56/><E50/><V17/><F121/><W63/><G11/><T23/><D106/><U123/><E123/><V9/><F9/><W86/><G86/><T67/><D87/><U107/><E107/><V52/><F8/><W90/><G90/><T46/><D91/><U79/><N who="1" m="19456" /><DORA hai="120" /><U125/><E125/><V117/><F117/><W12/><G12/><T39/><D42/><U27/><E97/><N who="3" m="37482" /><G129/><T13/><D130/><U57/><REACH who="1" step="1"/><E61/><REACH who="1" ten="317,185,383,105" step="2"/><V105/><F105/><W15/><G15/><T21/><D13/><U100/><E100/><V24/><F84/><W94/><G94/><AGARI ba="0,1" hai="14,18,22,25,26,27,56,57,85,89,94" m="19456" machi="94" ten="50,8000,1" yaku="1,1,8,1,53,2" doraHai="95,120" doraHaiUra="53,132" who="1" fromWho="3" sc="317,0,185,90,383,0,105,-80" /><INIT seed="4,0,0,3,2,36" ten="317,275,383,25" oya="0" hai0="96,111,48,81,70,56,99,86,135,116,52,97,115" hai1="124,130,102,106,73,119,22,121,68,47,7,5,58" hai2="101,18,13,19,55,24,27,79,94,107,113,14,2" hai3="109,132,69,29,71,134,118,35,129,64,37,122,26"/><T103/><D116/><U23/><E119/><V84/><F2/><W100/><G118/><T66/><D115/><U8/><E68/><V72/><F113/><W50/><G109/><T9/><D111/><U80/><E121/><V110/><F110/><W1/><G122/><T98/><D135/><U4/><E102/><V6/><F72/><W25/><G50/><T65/><D9/><U11/><E106/><V53/><F107/><W123/><G123/><T30/><D30/><U120/><E58/><V90/><F6/><W41/><G129/><T45/><D70/><U43/><E130/><V34/><F79/><W74/><G100/><T88/><REACH who="0" step="1"/><D45/><REACH who="0" ten="307,275,383,25" step="2"/><U10/><E120/><V61/><F19/><W51/><G69/><T105/><AGARI ba="0,1" hai="48,52,56,65,66,81,86,88,96,97,98,99,103,105" machi="105" ten="30,18000,2" yaku="1,1,2,1,0,1,54,2,53,1" doraHai="36" doraHaiUra="78" who="0" fromWho="0" sc="307,190,275,-60,383,-60,25,-60" owari="497,60.0,215,-18.0,323,12.0,-35,-54.0" /></mjloggm>