<mjloggm ver="2.3"><GO type="41"/><UN n0="%E3%81%95%E3%81%A8%EF%BC%95%EF%BC%90%EF%BC%90" n1="%6D%6F%63%68%69%31%32%31" n2="%E3%82%A6%E3%83%AB%E3%83%88%E3%83%A9%E7%AB%8B%E7%9B%B4" n3="%E7%8C%AB%E3%81%BE%E3%81%A3%E3%81%B7%E3%81%9F%E3%81%A4" dan="16,15,15,15" rate="2006,1934,2002,1982" sx="M,M,M,M"/><TAIKYOKU oya="0"/><INIT seed="0,0,0,4,3,115" ten="250,250,250,250" oya="0" hai0="129,127,120,56,82,69,51,66,71,31,106,4,79" hai1="28,32,85,133,91,130,26,24,10,94,62,58,57" hai2="123,67,37,99,60,110,50,72,77,33,88,53,20" hai3="124,41,93,83,46,54,25,40,112,3,63,76,7"/><T109/><D106/><U87/><E133/><V80/><F33/><W97/><G112/><T70/><D120/><U16/><E130/><V47/><F123/><W121/><G121/><T34/><D129/><U13/><E24/><V134/><F134/><W81/><G124/><T90/><D127/><U52/><REACH who="1" step="1"/><E58/><REACH who="1" ten="250,240,250,250" step="2"/><V118/><F60/><W75/><G25/><T8/><D71/><U42/><E42/><V39/><F67/><W14/><G41/><T9/><D70/><U95/><E95/><V18/><F39/><W27/><G63/><T64/><D69/><U86/><AGARI ba="0,1" hai="10,13,16,26,28,32,52,57,62,85,86,87,91,94" machi="86" ten="20,12000,2" yaku="1,1,0,1,7,1,54,2,53,1" doraHai="115" doraHaiUra="49" who="1" fromWho="1" sc="250,-60,240,130,250,-30,250,-30" /><INIT seed="1,0,0,1,3,116" ten="190,370,220,220" oya="1" hai0="94,79,34,62,115,131,47,102,23,31,0,12,92" hai1="98,133,65,44,19,111,84,71,117,20,25,105,127" hai2="48,63,41,87,78,22,121,3,100,114,96,130,42" hai3="134,52,55,21,126,15,16,119,69,46,86,8,17"/><U6/><E117/><V81/><F3/><W113/><G113/><T107/><D0/><U35/><E133/><V80/><F114/><W1/><G119/><T33/><D115/><U26/><E127/><V90/><F130/><W118/><G118/><T13/><D79/><U72/><E72/><V45/><F63/><W32/><G32/><T61/><D107/><U36/><E111/><V82/><F42/><W30/><G30/><T85/><D131/><U106/><E6/><V51/><F51/><W58/><G69/><T9/><D47/><U11/><E11/><V135/><F135/><W56/><G134/><T67/><D33/><U18/><E36/><V129/><F129/><W91/><G126/><T104/><D34/><U120/><E44/><V24/><F78/><W60/><G46/><T76/><D104/><U39/><E39/><V108/><F108/><W123/><G123/><T89/><D76/><U74/><E74/><V93/><REACH who="2" step="1"/><F121/><REACH who="2" ten="190,370,210,220" step="2"/><W4/><G1/><T59/><D62/><N who="1" m="40375" /><E120/><V110/><F110/><W43/><G43/><T68/><D68/><U29/><E106/><V5/><F5/><W132/><G132/><T66/><D66/><U109/><E109/><V124/><F124/><W40/><G40/><T38/><D38/><U64/><E64/><V97/><F97/><W37/><G37/><T57/><D57/><U125/><E125/><V28/><AGARI ba="0,1" hai="22,24,28,41,45,48,80,81,82,87,90,93,96,100" machi="28" ten="20,5200,0" yaku="1,1,0,1,7,1,8,1,53,0" doraHai="116" doraHaiUra="14" who="2" fromWho="2" sc="190,-13,370,-26,210,62,220,-13" /><INIT seed="2,0,0,0,2,52" ten="177,344,272,207" oya="2" hai0="56,117,96,2,6,126,58,39,125,123,77,29,38" hai1="101,100,48,130,99,50,118,61,47,4,116,53,124" hai2="54,46,15,43,97,129,7,87,75,106,121,37,70" hai3="16,89,1,27,78,10,14,93,95,9,45,62,110"/><V102/><F121/><W80/><G110/><T0/><D123/><U83/><E130/><V114/><F114/><W33/><G45/><T108/><D77/><U19/><E124/><N who="0" m="47721" /><D108/><U111/><E111/><V8/><F129/><W104/><G104/><T132/><D29/><U128/><E128/><V55/><F75/><W113/><G113/><T40/><D132/><U92/><E4/><V82/><F70/><W41/><G41/><T72/><D72/><U71/><E83/><V131/><F131/><W57/><G62/><T51/><D117/><U44/><E101/><V64/><F64/><W91/><G57/><N who="0" m="22123" /><D96/><U85/><E85/><V90/><AGARI ba="0,0" hai="7,8,15,37,43,46,54,55,82,87,90,97,102,106" machi="90" ten="20,2100,0" yaku="0,1,7,1" doraHai="52" who="2" fromWho="2" sc="177,-7,344,-7,272,21,207,-7" /><INIT seed="2,1,0,1,0,15" ten="170,337,293,200" oya="2" hai0="113,34,75,37,116,20,53,27,121,6,97,44,104" hai1="10,47,46,54,14,50,39,115,89,56,85,72,94" hai2="117,62,83,102,123,64,19,24,42,112,92,13,125" hai3="133,79,134,12,84,135,4,43,0,25,7,108,130"/><V33/><F123/><W99/><G43/><T76/><D53/><U114/><E72/><V5/><F117/><W63/><G108/><T101/><D20/><U36/><E47/><V23/><F112/><W58/><G130/><T1/><D116/><U66/><E66/><V131/><F131/><W51/><G51/><T8/><D113/><U120/><E120/><V122/><F122/><W91/><G0/><T17/><D17/><U109/><E109/><V88/><F125/><W52/><G79/><T90/><D90/><U74/><E74/><V3/><F42/><W67/><G99/><T87/><D87/><U119/><E119/><V60/><F83/><N who="3" m="49567" /><G12/><T48/><D48/><U61/><E39/><V106/><F106/><W132/><N who="3" m="34304" /><DORA hai="100" /><W65/><G25/><T38/><D44/><U111/><E36/><V30/><F102/><W55/><G55/><T26/><D26/><U31/><E31/><V82/><F82/><W81/><G81/><N who="0" m="45215" /><D121/><U59/><E111/><V77/><F77/><W105/><G105/><T95/><D95/><U96/><E115/><V45/><F45/><W40/><G40/><T126/><D126/><U57/><E114/><V70/><F60/><N who="3" m="35911" /><G67/><T110/><D110/><U103/><E61/><V18/><F3/><W86/><G86/><T16/><D16/><N who="1" m="8279" /><E46/><V21/><F5/><W32/><G32/><T118/><D118/><U49/><E49/><V41/><F41/><W2/><G2/><T129/><D129/><U78/><E78/><V128/><F128/><W68/><AGARI ba="1,0" hai="4,7,63,65,68" m="35911,34304,49567" machi="68" ten="60,4000,0" yaku="20,1,54,1" doraHai="15,100" who="3" fromWho="3" sc="170,-11,337,-11,293,-21,200,43" /><INIT seed="3,0,0,3,0,123" ten="159,326,272,243" oya="3" hai0="93,60,94,36,81,22,92,10,121,41,14,114,16" hai1="49,111,133,11,42,105,130,7,69,28,50,71,100" hai2="77,104,66,79,112,107,61,18,51,38,25,3,115" hai3="30,23,106,57,134,122,103,13,5,34,80,90,17"/><W19/><G122/><T8/><D121/><U12/><E133/><V89/><F18/><W48/><G34/><T0/><D114/><U86/><E130/><V124/><F25/><W44/><G134/><T31/><D36/><U82/><E111/><V84/><F51/><W54/><G30/><T87/><D41/><U75/><E75/><V40/><F61/><W97/><G5/><T120/><D120/><U27/><E42/><V74/><F66/><W29/><G29/><T88/><D0/><U15/><E15/><V67/><F67/><W135/><G135/><T76/><D31/><U37/><E37/><V113/><F40/><W52/><G19/><T59/><REACH who="0" step="1"/><D76/><REACH who="0" ten="149,326,272,243" step="2"/><U45/><E45/><V109/><F3/><W70/><G70/><T21/><D21/><U2/><E71/><V85/><F38/><W20/><G20/><T99/><D99/><U110/><E2/><V119/><F115/><W83/><REACH who="3" step="1"/><G90/><REACH who="3" ten="149,326,272,233" step="2"/><T46/><D46/><U96/><E69/><V33/><F89/><W65/><G65/><AGARI ba="0,2" hai="8,10,14,16,22,59,60,65,81,87,88,92,93,94" machi="65" ten="40,8000,1" yaku="1,1,8,1,54,2,53,0" doraHai="123" doraHaiUra="125" who="0" fromWho="3" sc="149,100,326,0,272,0,233,-80" /><INIT seed="4,0,0,2,2,128" ten="249,326,272,153" oya="0" hai0="100,0,59,33,78,6,19,87,92,41,70,88,89" hai1="108,132,50,123,44,10,114,47,64,109,86,14,79" hai2="52,63,120,124,48,91,80,102,112,9,27,3,67" hai3="68,74,107,106,66,93,61,40,110,22,104,38,95"/><T135/><D70/><U126/><E123/><V121/><F112/><W118/><G110/><T90/><D33/><U73/><E73/><V2/><F124/><W56/><G118/><T36/><D0/><U131/><E126/><V51/><F102/><W98/><G74/><T29/><D36/><U122/><E122/><V83/><F27/><W60/><G93/><T39/><D39/><U7/><E131/><V18/><F18/><W20/><G40/><T101/><D29/><U5/><E5/><V46/><F9/><W103/><REACH who="3" step="1"/><G38/><REACH who="3" ten="249,326,272,143" step="2"/><T99/><D41/><U31/><E31/><V32/><F121/><W57/><G57/><T115/><D59/><U76/><E76/><V35/><F120/><W134/><G134/><T17/><D135/><U37/><E37/><V25/><F80/><W58/><G58/><T34/><D115/><U77/><E77/><V71/><F83/><W43/><G43/><T85/><D78/><U21/><E21/><V12/><F35/><W69/><G69/><T84/><D34/><U24/><E24/><V72/><F25/><W65/><AGARI ba="0,1" hai="20,22,56,60,61,65,66,68,95,98,103,104,106,107" machi="65" ten="40,8000,1" yaku="1,1,0,1,53,2" doraHai="128" doraHaiUra="62" who="3" fromWho="3" sc="249,-40,326,-20,272,-20,143,90" /><INIT seed="5,0,0,3,2,72" ten="209,306,252,233" oya="1" hai0="42,123,122,73,128,34,121,130,64,86,13,3,66" hai1="131,118,99,45,23,28,108,37,30,98,10,90,48" hai2="101,119,87,1,107,53,114,126,68,94,12,95,44" hai3="135,24,127,109,43,22,102,58,27,26,71,104,2"/><U82/><E118/><V14/><F68/><W6/><G71/><T103/><D3/><U21/><E131/><N who="0" m="50217" /><D34/><U11/><E108/><V50/><F107/><W52/><G109/><T96/><D42/><U36/><E82/><V65/><F1/><W29/><G43/><T57/><D73/><U54/><E90/><V16/><F119/><W15/><G2/><T39/><D39/><U51/><E54/><V83/><F65/><N who="0" m="25194" /><D13/><U112/><E112/><V5/><F114/><W75/><G75/><T0/><D0/><U81/><E81/><V40/><F126/><W4/><G127/><T93/><D57/><U31/><E31/><V80/><F80/><W62/><G135/><T60/><D86/><U120/><E45/><V97/><F94/><W35/><G35/><T89/><D60/><U9/><E9/><V77/><F14/><W106/><G15/><T61/><D61/><U132/><E120/><N who="0" m="30721" /><T124/><DORA hai="111" /><D124/><U113/><E113/><V46/><F46/><W18/><G62/><T129/><N who="0" m="50225" /><T110/><DORA hai="49" /><D110/><U91/><REACH who="1" step="1"/><E91/><AGARI ba="0,0" hai="89,91,93,96,103" m="30721,25194,50225" machi="91" ten="60,3900,0" yaku="19,1,13,1" doraHai="72,111,49" who="0" fromWho="1" sc="209,39,306,-39,252,0,233,0" /><INIT seed="6,0,0,0,5,132" ten="248,267,252,233" oya="2" hai0="62,26,24,108,117,2,96,79,12,130,16,15,18" hai1="55,133,128,106,114,88,39,8,86,81,102,17,89" hai2="104,6,72,103,94,40,123,14,66,97,54,11,118" hai3="87,25,90,76,129,13,45,69,74,119,100,112,50"/><V7/><F123/><W77/><G119/><T19/><D108/><U33/><E33/><V80/><F118/><W121/><G121/><T60/><D117/><U68/><E68/><V115/><F115/><W105/><G69/><T70/><D2/><U58/><E39/><V28/><F66/><W51/><G129/><T120/><D70/><U37/><E37/><V65/><F65/><W5/><G112/><T46/><D120/><U127/><E114/><V67/><F67/><W34/><G105/><T9/><D79/><U124/><E128/><V0/><F28/><W42/><G100/><T134/><D134/><U61/><E133/><V78/><F54/><W31/><G74/><T44/><D96/><U84/><E102/><V64/><F64/><W135/><G135/><T3/><D3/><U101/><E101/><V52/><F52/><W82/><G5/><T43/><D43/><U32/><E32/><V75/><F7/><W48/><REACH who="3" step="1"/><G13/><REACH who="3" ten="248,267,252,223" step="2"/><N who="0" m="5195" /><D130/><U30/><E106/><V27/><F14/><W83/><G83/><T38/><D9/><U73/><E8/><V4/><F4/><W116/><G116/><T10/><D10/><U63/><E73/><V113/><F113/><W35/><G35/><T85/><D85/><U53/><E58/><V36/><F75/><W125/><G125/><T91/><D91/><U93/><E30/><V47/><F94/><W57/><G57/><T99/><D99/><U29/><E29/><V59/><F59/><W49/><AGARI ba="0,1" hai="25,31,34,42,45,48,49,50,51,76,77,82,87,90" machi="49" ten="30,2000,0" yaku="1,1,0,1,53,0" doraHai="132" doraHaiUra="109" who="3" fromWho="3" sc="248,-5,267,-5,252,-10,223,30" /><INIT seed="7,0,0,4,3,68" ten="243,262,242,253" oya="3" hai0="134,2,4,37,35,96,54,133,129,25,59,76,118" hai1="99,19,62,12,69,132,65,66,52,83,90,45,29" hai2="23,39,42,117,11,106,116,13,16,111,72,87,51" hai3="61,70,98,14,33,21,82,108,93,63,67,81,18"/><W120/><G120/><T78/><D118/><U109/><E109/><V53/><F106/><W103/><G108/><T71/><D71/><U8/><E132/><N who="0" m="50793" /><D129/><U110/><E110/><V123/><F72/><W3/><G3/><T112/><D112/><U43/><E29/><V48/><F111/><W95/><G33/><T88/><D37/><U127/><E127/><V77/><F123/><W56/><REACH who="3" step="1"/><G95/><REACH who="3" ten="243,262,242,243" step="2"/><N who="0" m="56423" /><D2/><U128/><E128/><V38/><F116/><W122/><G122/><T113/><D113/><U46/><E66/><AGARI ba="0,1" hai="14,18,21,56,61,63,66,67,70,81,82,93,98,103" machi="66" ten="30,5800,0" yaku="1,1,7,1,53,1" doraHai="68" doraHaiUra="17" who="3" fromWho="1" sc="243,0,262,-58,242,0,243,68" owari="243,4.0,204,-30.0,242,-16.0,311,42.0" /></mjloggm>