<mjloggm ver="2.3"><GO type="169" lobby="0"/><UN n0="%E6%82%A0%E9%9B%85" n1="%EF%BC%88%E2%89%A7%E2%96%BD%E2%89%A6%EF%BC%89" n2="%E3%81%B9%E3%81%A3%E3%81%93%E3%83%BC%E2%99%AA" n3="%E6%B0%97%E6%A5%BD%E3%81%AB%E6%89%93%E3%81%A4" dan="16,17,17,16" rate="2069.77,2138.87,2149.22,2167.31" sx="M,M,F,M"/><TAIKYOKU oya="0"/><INIT seed="0,0,0,5,2,74" ten="250,250,250,250" oya="0" hai0="112,6,65,14,2,126,88,37,63,59,44,17,92" hai1="100,35,119,30,67,66,84,64,83,34,118,57,50" hai2="48,96,125,82,87,135,9,26,123,10,81,85,109" hai3="105,42,45,3,73,68,127,114,15,54,33,106,71"/><T51/><D112/><U78/><E100/><V13/><F123/><W24/><G114/><T31/><D37/><U131/><E131/><V94/><F135/><W28/><G15/><T61/><D126/><U121/><E121/><V107/><F107/><N who="3" m="40971" /><G54/><T5/><D2/><U12/><E12/><V49/><F125/><W39/><G127/><T11/><D31/><U93/><E93/><V8/><F109/><W120/><G120/><T110/><D63/><U41/><E30/><V20/><F13/><W52/><G52/><N who="0" m="29799" /><D110/><U27/><E27/><V108/><F108/><W38/><G38/><T80/><D80/><U124/><E124/><V103/><F81/><W23/><G73/><T1/><D1/><U129/><E129/><V133/><F133/><W91/><G3/><T115/><D115/><U21/><E21/><V104/><F104/><W29/><G68/><T128/><D128/><U36/><E36/><V40/><F40/><W98/><G71/><T102/><D102/><U53/><REACH who="1" step="1"/><E41/><REACH who="1" ten="250,240,250,250" step="2"/><V56/><F20/><W16/><G29/><T90/><D90/><U43/><E43/><V76/><F26/><N who="3" m="14695" /><G91/><T113/><D113/><U62/><E62/><V47/><F47/><W116/><G24/><T69/><D69/><U55/><E55/><V70/><F70/><W22/><G22/><T132/><D132/><U60/><E60/><V0/><F0/><W77/><G28/><T134/><D134/><U117/><AGARI ba="0,1" hai="34,35,50,53,57,64,66,67,78,83,84,117,118,119" machi="117" ten="40,5200,0" yaku="1,1,0,1,52,1,53,0" doraHai="74" doraHaiUra="99" who="1" fromWho="1" sc="250,-26,240,62,250,-13,250,-13" /><INIT seed="1,0,0,0,1,51" ten="224,302,237,237" oya="1" hai0="118,20,130,42,99,109,97,121,79,7,101,48,16" hai1="122,62,21,132,100,63,32,36,88,73,26,22,72" hai2="19,12,37,135,67,35,127,125,49,77,5,126,89" hai3="96,111,61,129,83,66,56,58,29,80,113,90,120"/><U87/><E36/><V95/><F35/><W28/><G113/><T119/><D121/><U131/><E122/><V123/><F37/><W112/><G112/><T78/><D130/><U71/><E131/><V74/><F123/><W107/><G120/><T85/><D109/><U0/><E0/><V57/><F5/><W84/><G111/><T81/><D78/><U104/><E132/><V34/><F34/><W94/><G129/><T11/><D97/><N who="1" m="61455" /><E62/><V98/><F135/><W110/><G110/><T15/><D42/><U128/><E22/><V76/><F74/><W91/><G107/><T1/><REACH who="0" step="1"/><D48/><REACH who="0" ten="214,302,237,237" step="2"/><U54/><E128/><V24/><F49/><W64/><G83/><T103/><D103/><U75/><E75/><V69/><F76/><W8/><G8/><T53/><D53/><U9/><E54/><V47/><F77/><W23/><G23/><T33/><D33/><U60/><E73/><V50/><F98/><W52/><G66/><T39/><D39/><U124/><E72/><V117/><F67/><W86/><G96/><T108/><D108/><U68/><E32/><V44/><F125/><W115/><G115/><T10/><D10/><U133/><E124/><V30/><F126/><W92/><REACH who="3" step="1"/><G80/><REACH who="3" ten="214,302,237,227" step="2"/><T6/><D6/><U4/><E4/><V59/><F127/><W38/><G38/><T18/><D18/><U3/><E133/><V102/><F19/><W41/><G41/><T40/><D40/><U55/><E9/><V134/><F134/><W105/><G105/><AGARI ba="0,2" hai="1,7,11,15,16,20,79,81,85,99,101,105,118,119" machi="105" ten="30,7700,0" yaku="1,1,7,1,54,1,53,1" doraHai="51" doraHaiUra="13" who="0" fromWho="3" sc="214,97,302,0,237,0,227,-77" /><INIT seed="2,0,0,2,3,133" ten="311,302,237,150" oya="2" hai0="86,5,125,110,67,74,25,24,29,54,21,79,65" hai1="4,121,45,63,104,98,84,36,114,71,47,48,105" hai2="93,112,61,53,76,128,26,118,60,69,78,56,100" hai3="101,35,119,19,77,1,7,103,0,82,17,27,6"/><V38/><F128/><W124/><G82/><T23/><D74/><U8/><E114/><V106/><F112/><W88/><G27/><T40/><D40/><U131/><E131/><V96/><F118/><W135/><G77/><T94/><D110/><U68/><E121/><V97/><F38/><W49/><G49/><T13/><D79/><U64/><E71/><V33/><F97/><W80/><G80/><T66/><D5/><U120/><E120/><V91/><F106/><W34/><G135/><T31/><D13/><U52/><E84/><V44/><F44/><W50/><G50/><T32/><D54/><U18/><E18/><V22/><F100/><W59/><G59/><T116/><D116/><U62/><E62/><V20/><F33/><W122/><G122/><T123/><D32/><U113/><E98/><V9/><F9/><W15/><G119/><T73/><D73/><U11/><E11/><V3/><F22/><W111/><G15/><T2/><D2/><U70/><E70/><V90/><F90/><W37/><G37/><T134/><D123/><U99/><E99/><V14/><F14/><W92/><G92/><T129/><D134/><U72/><E72/><V28/><F3/><W75/><G75/><T115/><D115/><U43/><REACH who="1" step="1"/><E113/><REACH who="1" ten="311,292,237,150" step="2"/><V102/><F102/><W95/><G101/><T126/><D129/><U85/><E85/><V16/><REACH who="2" step="1"/><F28/><REACH who="2" ten="311,292,227,150" step="2"/><W130/><G103/><T127/><D94/><U83/><E83/><V117/><F117/><W107/><G95/><T30/><D30/><U12/><AGARI ba="0,2" hai="4,8,12,36,43,45,47,48,52,63,64,68,104,105" machi="12" ten="20,8000,1" yaku="1,1,0,1,7,1,54,1,53,1" doraHai="133" doraHaiUra="39" who="1" fromWho="1" sc="311,-20,292,100,227,-40,150,-20" /><INIT seed="3,0,0,2,2,94" ten="291,392,187,130" oya="3" hai0="96,110,45,60,74,23,93,67,135,103,47,30,113" hai1="105,71,0,63,35,133,48,68,130,19,28,52,81" hai2="56,118,115,80,73,29,21,18,10,20,55,22,54" hai3="34,111,12,42,98,70,25,2,49,40,7,59,107"/><W39/><G111/><T121/><D110/><U36/><E36/><V84/><F73/><W8/><G70/><T128/><D121/><U95/><E105/><V9/><F118/><W132/><G132/><T72/><D135/><U17/><E133/><V38/><F38/><W27/><G2/><T4/><D128/><U91/><E0/><V87/><F115/><W124/><G124/><T14/><D113/><U3/><E3/><V26/><F84/><W117/><G117/><T119/><D119/><U32/><E130/><V104/><F104/><W75/><G75/><T112/><D112/><U24/><E35/><V88/><F21/><W16/><G39/><T83/><D74/><U92/><E81/><V116/><F116/><W61/><G34/><T6/><D6/><U11/><E95/><V77/><F77/><W86/><G86/><T134/><D134/><U120/><E120/><V37/><F37/><W78/><G78/><T43/><D43/><N who="3" m="16425" /><G107/><T64/><D64/><U46/><E63/><N who="2" m="36247" /><F55/><N who="3" m="32239" /><G61/><T57/><D72/><U15/><E19/><V85/><F85/><AGARI ba="0,0" hai="11,15,17,24,28,32,46,48,52,68,71,85,91,92" machi="85" ten="30,2000,0" yaku="7,1,54,1" doraHai="94" who="1" fromWho="2" sc="291,0,392,20,187,-20,130,0" /><INIT seed="4,0,0,1,5,21" ten="291,412,167,130" oya="0" hai0="38,40,93,59,102,15,120,35,135,64,25,29,114" hai1="71,92,121,110,72,66,1,83,109,86,24,97,69" hai2="90,68,70,32,23,16,75,73,116,100,47,58,126" hai3="22,48,101,103,129,55,104,99,54,28,52,82,122"/><T50/><D120/><U133/><E1/><V108/><F108/><W12/><G122/><T134/><D38/><U56/><E121/><V78/><F32/><W26/><G129/><T33/><D114/><U30/><E72/><V37/><F126/><W89/><G103/><T87/><D15/><U107/><E107/><V31/><F116/><W81/><G12/><T17/><D17/><U112/><E133/><N who="0" m="50697" /><D87/><U18/><E112/><V95/><F31/><W13/><G13/><T9/><D9/><U19/><E69/><V10/><F10/><W131/><G131/><T34/><D40/><U62/><E71/><V44/><F37/><W124/><G124/><T117/><D117/><U113/><E113/><V132/><F70/><W36/><G36/><T84/><D84/><U4/><E4/><V85/><F68/><W123/><G123/><T80/><D80/><U53/><E110/><V106/><F132/><W128/><G128/><T60/><D50/><U67/><E109/><V11/><F11/><W57/><REACH who="3" step="1"/><G82/><REACH who="3" ten="291,412,167,120" step="2"/><T2/><D2/><U6/><E83/><N who="2" m="45535" /><F73/><W119/><G119/><T14/><D14/><U96/><E6/><V65/><F100/><W91/><G91/><T74/><D74/><U77/><E77/><V51/><F106/><W20/><G20/><T61/><D61/><U39/><E62/><N who="2" m="38103" /><F51/><W42/><G42/><T49/><D49/><U94/><E39/><V115/><F115/><W7/><G7/><T0/><D0/><U43/><E43/><V130/><F130/><W27/><G27/><T41/><D41/><U105/><E24/><N who="2" m="14439" /><F90/><W88/><G88/><RYUUKYOKU ba="0,1" sc="291,10,412,-30,167,10,120,10" hai0="25,29,33,34,35,59,60,64,93,102" hai2="44,47,85,95" hai3="22,26,28,48,52,54,55,57,81,89,99,101,104" /><INIT seed="4,1,1,0,2,77" ten="301,382,177,130" oya="0" hai0="55,63,128,0,20,41,83,130,122,104,29,50,8" hai1="126,80,25,69,32,58,34,132,124,40,48,7,119" hai2="133,9,6,18,72,60,13,66,109,49,54,33,90" hai3="36,75,67,44,86,4,116,64,53,62,14,35,68"/><T39/><D122/><U31/><E69/><V45/><F33/><W17/><G116/><T105/><D63/><U16/><E119/><V107/><F109/><W108/><G108/><T52/><D39/><U30/><E132/><V118/><F133/><W65/><G75/><T103/><D103/><U59/><E7/><V2/><F118/><W74/><G74/><T94/><D94/><U110/><E110/><V123/><F72/><W84/><G35/><T89/><D0/><U10/><E40/><V12/><F123/><W46/><G4/><T11/><D55/><U93/><E48/><V3/><F107/><N who="0" m="41034" /><D41/><U112/><E59/><V79/><F79/><W57/><G68/><T56/><D20/><U87/><E58/><V71/><F90/><W24/><G24/><T28/><D29/><U106/><E31/><V129/><F129/><N who="0" m="49770" /><D28/><U15/><E30/><V134/><F134/><W21/><REACH who="3" step="1"/><G36/><REACH who="3" ten="301,382,177,120" step="2"/><T98/><D98/><U127/><E34/><V113/><REACH who="2" step="1"/><F113/><REACH who="2" ten="301,382,167,120" step="2"/><W88/><G88/><T43/><D43/><U1/><E112/><V19/><F19/><W78/><G78/><T117/><D117/><U135/><E16/><V99/><F99/><W115/><G115/><T111/><D111/><U76/><E135/><V26/><F26/><W92/><G92/><T38/><D38/><U61/><E93/><V120/><F120/><W114/><G114/><T42/><D42/><U125/><E25/><V95/><F95/><W102/><G102/><T70/><D70/><U47/><E32/><V81/><F81/><W82/><G82/><T121/><D121/><U131/><E80/><RYUUKYOKU ba="1,3" sc="301,10,382,-30,167,10,120,10" hai0="8,11,50,52,56,83,89" hai2="2,3,6,9,12,13,18,45,49,54,60,66,71" hai3="14,17,21,44,46,53,57,62,64,65,67,84,86" /><INIT seed="4,2,3,1,3,41" ten="311,352,177,130" oya="0" hai0="55,118,23,6,101,121,116,114,102,68,46,111,24" hai1="72,108,53,135,43,70,90,80,65,44,99,38,66" hai2="8,58,22,17,128,103,74,56,104,54,131,133,30" hai3="120,107,105,35,36,82,130,42,96,40,5,64,29"/><T2/><D68/><U3/><E3/><V49/><F74/><W95/><G130/><N who="2" m="49705" /><F133/><W129/><G129/><T75/><D75/><U109/><E135/><V134/><F134/><W123/><G5/><T88/><D121/><N who="3" m="46665" /><G64/><T4/><D2/><U92/><E65/><V127/><F127/><W126/><G126/><T15/><D111/><U117/><E117/><V10/><F30/><W125/><G125/><T110/><D110/><U32/><E32/><V71/><F71/><W84/><G29/><T33/><D33/><U45/><E80/><V26/><F58/><W11/><G11/><N who="2" m="4137" /><F103/><N who="3" m="60831" /><G35/><T91/><D4/><U20/><E72/><V39/><F104/><N who="3" m="40011" /><G36/><AGARI ba="2,3" hai="17,22,26,36,39,49,54,56" m="4137,49705" machi="36" ten="30,1000,0" yaku="19,1" doraHai="41" who="2" fromWho="3" sc="311,0,352,0,177,46,130,-16" /><INIT seed="5,0,0,2,4,64" ten="311,352,223,114" oya="1" hai0="58,63,98,130,87,16,108,22,69,13,81,2,75" hai1="71,0,29,73,113,37,17,54,125,41,52,80,21" hai2="47,49,28,12,102,82,86,50,100,57,116,19,6" hai3="93,1,53,91,10,78,8,101,61,33,128,131,48"/><U77/><E0/><V3/><F116/><W34/><G101/><T119/><D119/><U68/><E29/><V39/><F28/><W90/><G78/><T117/><D117/><U89/><E113/><V126/><F126/><W96/><G61/><T79/><D108/><U111/><E111/><V133/><F133/><W92/><G48/><T36/><D2/><U134/><E134/><V5/><F3/><W70/><G1/><T97/><D36/><U121/><E121/><V14/><F39/><W51/><G51/><T9/><D130/><U45/><E125/><V107/><F50/><W24/><G24/><T26/><D69/><U103/><E103/><N who="2" m="39467" /><F57/><W42/><G96/><T55/><REACH who="0" step="1"/><D75/><REACH who="0" ten="301,352,223,114" step="2"/><U84/><E71/><V114/><F114/><W88/><G90/><T85/><D85/><U40/><E68/><V124/><F124/><W106/><G70/><T115/><D115/><U62/><E73/><V74/><F74/><W122/><G122/><T65/><D65/><U46/><E37/><V56/><F107/><W7/><G106/><T66/><D66/><U127/><E84/><V27/><F86/><W59/><G91/><T23/><D23/><U112/><E89/><V129/><F129/><W99/><G88/><T132/><D132/><U123/><E127/><V38/><F38/><W30/><G131/><T109/><D109/><U60/><E112/><V94/><F94/><W25/><G93/><T18/><AGARI ba="0,1" hai="9,13,16,18,22,26,55,58,63,79,81,87,97,98" machi="18" ten="20,12000,2" yaku="1,1,0,1,7,1,8,1,54,1,53,1" doraHai="64" doraHaiUra="76" who="0" fromWho="0" sc="301,130,352,-60,223,-30,114,-30" /><INIT seed="6,0,0,3,2,15" ten="431,292,193,84" oya="2" hai0="92,112,90,57,117,45,111,23,63,10,51,85,25" hai1="5,131,14,75,59,31,77,94,43,37,12,4,69" hai2="7,110,3,114,24,93,40,130,103,41,125,72,119" hai3="17,95,87,46,1,124,16,73,30,76,129,99,39"/><V26/><F119/><W52/><G124/><T80/><D117/><U86/><E69/><V128/><F72/><W100/><G129/><N who="2" m="49769" /><F125/><W56/><G1/><T32/><D111/><U44/><E75/><V33/><F110/><W27/><G73/><T60/><D32/><U71/><E71/><V97/><F114/><W126/><G126/><T91/><D112/><U48/><E131/><V104/><F33/><W89/><G76/><T47/><D10/><U68/><E68/><V35/><F35/><W13/><G39/><T115/><D60/><U105/><E105/><V19/><F7/><W38/><G38/><T18/><D51/><U22/><E37/><V2/><F2/><W0/><G0/><T50/><D50/><U58/><E5/><V107/><F3/><W134/><G134/><T62/><D62/><U98/><E31/><V121/><F26/><W64/><G46/><T42/><D42/><N who="2" m="16490" /><F121/><W106/><G64/><N who="0" m="39023" /><D115/><U36/><E36/><V67/><F67/><W83/><G106/><T120/><D120/><U29/><E29/><V9/><F9/><N who="3" m="6191" /><G30/><T132/><D132/><U127/><E127/><V135/><F135/><W133/><G133/><T55/><D55/><U108/><E108/><V109/><F109/><W116/><G116/><T122/><D122/><U65/><E65/><V102/><F102/><W11/><G11/><T54/><D54/><U88/><E4/><V74/><F74/><W61/><G27/><T82/><D90/><U96/><E77/><V53/><F53/><W101/><G100/><T8/><D8/><U20/><E88/><V84/><F84/><RYUUKYOKU ba="0,0" sc="431,10,292,-30,193,10,84,10" hai0="18,23,25,45,47,80,82,85,91,92" hai2="19,24,93,97,103,104,107" hai3="17,52,56,61,83,87,89,95,99,101" /><INIT seed="6,1,0,2,3,133" ten="441,262,203,94" oya="2" hai0="37,121,60,118,35,68,0,104,18,131,108,2,10" hai1="3,28,95,72,11,49,53,36,58,6,120,56,126" hai2="44,127,85,109,52,38,30,89,64,130,123,90,42" hai3="23,117,59,26,21,97,17,96,86,15,16,40,62"/><V54/><F123/><W5/><G117/><T101/><RYUUKYOKU type="yao9" ba="1,0" sc="441,0,262,0,203,0,94,0" hai0="0,2,10,18,35,37,60,68,101,104,108,118,121,131" /><INIT seed="6,2,0,1,1,47" ten="441,262,203,94" oya="2" hai0="63,41,56,82,30,18,84,88,87,22,104,75,51" hai1="16,91,106,40,107,52,13,121,113,120,60,15,42" hai2="69,3,35,57,124,89,85,129,74,133,135,76,2" hai3="20,131,7,127,80,24,112,92,73,114,99,67,8"/><V43/><F35/><W23/><G67/><T27/><D104/><N who="1" m="39979" /><E91/><V77/><F69/><W65/><G65/><T95/><D75/><U81/><E81/><V44/><F57/><W98/><G92/><T11/><D11/><N who="1" m="6207" /><E15/><V116/><F116/><W54/><G80/><T21/><D21/><U122/><E113/><V103/><F103/><W119/><G8/><T19/><D63/><U90/><E90/><V6/><F74/><W25/><G73/><T59/><D59/><AGARI ba="2,0" hai="40,42,52,59,60,120,121,122" m="6207,39979" machi="59" ten="40,5200,0" yaku="13,1,54,2" doraHai="47" who="1" fromWho="0" sc="441,-58,262,58,203,0,94,0" /><INIT seed="7,0,0,2,5,97" ten="383,320,203,94" oya="3" hai0="133,129,82,16,23,39,126,36,66,122,56,125,48" hai1="8,110,70,67,119,13,34,41,63,46,92,26,9" hai2="38,128,132,11,37,134,90,64,62,49,33,88,44" hai3="117,103,85,54,45,25,86,0,7,123,42,101,27"/><W2/><G7/><T135/><D122/><U96/><E110/><V12/><F33/><W94/><G94/><T74/><D74/><U19/><E119/><V71/><F128/><W5/><G5/><T100/><D100/><N who="3" m="38473" /><G45/><T84/><D129/><U81/><E81/><V99/><F38/><W22/><G22/><T53/><D66/><U109/><E109/><V120/><F37/><W83/><G83/><T6/><D6/><U130/><E130/><V21/><F120/><W4/><G4/><T118/><D118/><U1/><E1/><N who="3" m="618" /><G117/><T58/><D36/><U31/><E8/><V28/><F21/><W14/><G123/><T131/><D39/><U121/><E121/><V15/><F11/><W87/><G14/><T77/><D131/><U80/><E80/><V124/><F12/><W35/><G35/><T127/><D58/><U20/><E34/><V105/><F15/><AGARI ba="0,0" hai="15,16,23,48,53,56,77,82,84,125,126,127,133,135" machi="15" ten="40,2600,0" yaku="18,1,54,1" doraHai="97" who="0" fromWho="2" sc="383,26,320,0,203,-26,94,0" owari="409,51.0,320,12.0,177,-22.0,94,-41.0" /></mjloggm>