<mjloggm ver="2.3"><GO type="41" lobby="0"/><UN n0="%E3%82%A6%E3%83%AB%E3%83%88%E3%83%A9%E7%AB%8B%E7%9B%B4" n1="%E3%83%BC%52%E3%83%BC" n2="%E3%82%B7%E3%83%AD%E3%83%83%E3%82%B3%E2%99%AA" n3="%E3%82%8F%E3%81%9B%E3%82%8A%E3%82%93%EF%BC%A0%32" dan="16,13,14,15" rate="2024.85,1874.76,1916.10,2043.96" sx="M,M,M,M"/><TAIKYOKU oya="0"/><INIT seed="0,0,0,3,1,120" ten="250,250,250,250" oya="0" hai0="90,86,54,71,110,88,45,119,24,95,130,93,50" hai1="44,16,102,73,23,43,127,61,14,133,83,6,134" hai2="77,53,96,94,97,21,30,18,101,5,56,19,64" hai3="72,48,9,63,129,121,33,47,41,122,7,17,108"/><T126/><D119/><U113/><E113/><V12/><F77/><W35/><G72/><T34/><D71/><U4/><E102/><V22/><F5/><W58/><G17/><T0/><D0/><U32/><E32/><V59/><F30/><W78/><G78/><T123/><D123/><N who="3" m="47113" /><G108/><T8/><D126/><U89/><E127/><V114/><F114/><W38/><G38/><T67/><D130/><U37/><E61/><V31/><F31/><W57/><G129/><T106/><D106/><U111/><E111/><V125/><F125/><W112/><G112/><T60/><D110/><U131/><E131/><V81/><F81/><W115/><G115/><T92/><D8/><U87/><REACH who="1" step="1"/><E73/><REACH who="1" ten="250,240,250,250" step="2"/><V2/><F101/><W75/><G75/><T15/><D15/><U82/><E82/><V28/><F2/><N who="3" m="247" /><G63/><T52/><D24/><U42/><E42/><V74/><F74/><W116/><G116/><T99/><D34/><AGARI ba="0,1" hai="33,34,35,41,47,48,57,58" m="247,47113" machi="34" ten="30,1000,0" yaku="13,1" doraHai="120" who="3" fromWho="0" sc="250,-10,240,0,250,0,250,20" /><INIT seed="1,0,0,1,0,33" ten="240,240,250,270" oya="1" hai0="0,78,57,83,111,110,76,40,102,108,129,50,11" hai1="28,91,7,62,15,95,9,3,99,22,126,56,100" hai2="67,26,36,41,80,23,38,29,35,117,121,133,4" hai3="122,31,43,85,101,32,66,70,39,58,96,104,19"/><U87/><E126/><V93/><F121/><W46/><G58/><T103/><D129/><U84/><E84/><V44/><F117/><W79/><G122/><T123/><D123/><U127/><E127/><V30/><F133/><W120/><G120/><T107/><D107/><U72/><E72/><V94/><F67/><W113/><G113/><T75/><D78/><U125/><E125/><V130/><F130/><W65/><G19/><T86/><D86/><U55/><E28/><V98/><F80/><W8/><G8/><T116/><D116/><U71/><E71/><V47/><F4/><W51/><G39/><T45/><REACH who="0" step="1"/><D57/><REACH who="0" ten="230,240,250,270" step="2"/><U109/><E109/><V59/><F59/><W97/><G79/><T17/><D17/><U63/><E62/><V135/><F98/><W68/><G85/><T49/><D49/><U64/><E64/><V20/><F30/><W73/><G66/><T16/><D16/><U74/><E74/><V60/><F60/><N who="3" m="39975" /><G96/><T105/><D105/><U115/><E115/><V124/><F124/><W132/><G73/><T48/><D48/><U21/><REACH who="1" step="1"/><E15/><REACH who="1" ten="230,230,250,270" step="2"/><V54/><F29/><W82/><G70/><T27/><D27/><U18/><E18/><V14/><F26/><N who="3" m="18551" /><G82/><AGARI ba="0,2" hai="3,7,9,21,22,55,56,63,82,87,91,95,99,100" machi="82" ten="30,11600,0" yaku="1,1,7,1,52,1,53,1" doraHai="33" doraHaiUra="1" who="1" fromWho="3" sc="230,0,230,136,250,0,270,-116" /><INIT seed="1,1,0,5,0,12" ten="230,366,250,154" oya="1" hai0="39,27,44,85,18,57,54,109,67,99,108,33,64" hai1="19,104,131,51,103,53,110,38,62,60,29,49,119" hai2="6,123,3,26,82,45,97,120,128,113,56,124,63" hai3="10,47,46,135,81,102,59,115,118,87,21,111,83"/><U52/><E119/><V35/><F124/><W32/><G118/><T78/><D33/><U98/><E38/><V28/><F128/><W70/><G32/><T15/><D27/><U13/><E131/><V101/><F113/><W1/><G115/><T40/><D99/><U77/><E77/><V48/><F82/><W4/><G111/><T25/><D25/><U134/><E110/><N who="0" m="42601" /><D85/><U96/><E134/><V106/><F6/><W69/><G135/><T94/><D94/><U50/><E96/><V73/><F3/><W30/><G102/><T129/><D78/><U100/><E103/><V61/><F61/><W107/><G107/><T84/><D84/><U66/><E29/><V5/><F5/><W65/><G83/><T72/><D72/><U17/><E62/><V117/><F73/><W11/><G87/><T55/><D129/><U133/><E133/><V41/><F117/><W116/><G81/><T43/><D43/><U2/><E2/><V132/><F132/><W105/><G105/><T42/><D42/><U36/><E36/><V127/><F127/><W37/><G37/><T31/><D31/><U75/><E75/><V8/><F8/><W92/><G11/><N who="0" m="6527" /><D54/><AGARI ba="1,0" hai="26,28,35,41,45,48,54,56,63,97,101,106,120,123" machi="54" ten="30,1000,0" yaku="7,1" doraHai="12" who="2" fromWho="0" sc="230,-13,366,0,250,13,154,0" /><INIT seed="2,0,0,3,3,110" ten="217,366,263,154" oya="2" hai0="78,102,33,23,119,83,21,47,36,97,63,22,73" hai1="44,128,35,135,54,75,98,124,6,127,59,66,92" hai2="31,20,62,34,89,71,111,8,12,115,13,56,2" hai3="3,81,40,107,11,70,18,64,90,104,93,53,101"/><V113/><F71/><W32/><G32/><T41/><D119/><U94/><E75/><V39/><F39/><W50/><G18/><T60/><REACH who="0" step="1"/><D33/><REACH who="0" ten="207,366,263,154" step="2"/><U122/><E35/><V24/><F111/><W106/><G104/><AGARI ba="0,1" hai="21,22,23,36,41,47,60,63,73,78,83,97,102,104" machi="104" ten="40,5200,0" yaku="1,1,2,1,53,1" doraHai="110" doraHaiUra="42" who="0" fromWho="3" sc="207,62,366,0,263,0,154,-52" /><INIT seed="3,0,0,0,2,112" ten="269,366,263,102" oya="3" hai0="21,36,26,18,6,76,89,129,86,0,20,62,107" hai1="17,11,104,41,38,66,122,1,54,82,19,2,119" hai2="133,25,8,68,77,92,124,50,90,13,49,106,69" hai3="116,39,87,100,12,65,37,30,72,61,73,53,93"/><W52/><G30/><T96/><D36/><U128/><E104/><V67/><F106/><W127/><G127/><T115/><D115/><U29/><E29/><V33/><F124/><W114/><G114/><T71/><D129/><U135/><E54/><V108/><F77/><W5/><G116/><T97/><D76/><U123/><E82/><V43/><F133/><W57/><G39/><T3/><D3/><U14/><E66/><V48/><F43/><W51/><G37/><T81/><D107/><U58/><E58/><V83/><F83/><W130/><G130/><T59/><D71/><U85/><E85/><V10/><F108/><W121/><G121/><T134/><D134/><U78/><E78/><V35/><F69/><W9/><G53/><T118/><D118/><U117/><E14/><V24/><F68/><W4/><G4/><T64/><D0/><U103/><E103/><V27/><F67/><W125/><G125/><T91/><D6/><U60/><E60/><V80/><F80/><W31/><G31/><T132/><D132/><U84/><E84/><V113/><F113/><W126/><G126/><T101/><D101/><U88/><E41/><V56/><F56/><W120/><G120/><T28/><REACH who="0" step="1"/><D91/><REACH who="0" ten="259,366,263,102" step="2"/><U7/><E119/><V42/><F42/><W63/><G100/><T131/><D131/><U47/><E117/><V105/><F105/><W109/><G109/><T70/><D70/><U79/><E122/><V110/><F110/><W55/><G5/><T99/><D99/><U102/><E123/><V32/><F13/><AGARI ba="0,1" hai="13,18,20,21,26,28,59,62,64,81,86,89,96,97" machi="13" ten="30,3900,0" yaku="1,1,7,1,8,1,53,0" doraHai="112" doraHaiUra="46" who="0" fromWho="2" sc="259,49,366,0,263,-39,102,0" /><INIT seed="4,0,0,1,0,101" ten="308,366,224,102" oya="0" hai0="39,122,70,22,73,42,3,71,124,29,131,57,107" hai1="88,72,105,53,74,58,87,40,78,52,117,90,10" hai2="36,35,102,125,116,93,15,31,96,97,4,128,82" hai3="81,13,76,95,113,134,119,48,92,28,118,63,69"/><T80/><D22/><U12/><E117/><V37/><F116/><W66/><G118/><T34/><D57/><U45/><E105/><V17/><F4/><W24/><G119/><T47/><D122/><U132/><E132/><V32/><F82/><W111/><G134/><T46/><D46/><U133/><E133/><V11/><F125/><W14/><G113/><T56/><D56/><U60/><E90/><V120/><F120/><W25/><G111/><T41/><D41/><U20/><E20/><V75/><F75/><W54/><G92/><T84/><D84/><U55/><E78/><V26/><F128/><W91/><G91/><T8/><D124/><U108/><E108/><V126/><F126/><W27/><G95/><T130/><D130/><U129/><E129/><V49/><F96/><W59/><REACH who="3" step="1"/><G28/><REACH who="3" ten="308,366,224,92" step="2"/><T19/><D131/><U110/><E110/><V64/><F35/><W121/><G121/><T109/><D109/><U62/><E74/><AGARI ba="0,1" hai="13,14,24,25,27,48,54,59,63,66,69,74,76,81" machi="74" ten="40,1300,0" yaku="1,1,53,0" doraHai="101" doraHaiUra="99" who="3" fromWho="1" sc="308,0,366,-13,224,0,92,23" /><INIT seed="5,0,0,3,1,4" ten="308,353,224,115" oya="1" hai0="126,23,61,70,10,122,134,64,53,33,101,112,81" hai1="43,62,21,100,93,133,92,121,102,125,30,85,104" hai2="32,60,0,17,50,131,35,47,75,94,72,67,27" hai3="120,113,46,57,54,109,1,77,65,15,45,73,76"/><U31/><E121/><V58/><F0/><W106/><G120/><T14/><D122/><U132/><E104/><V78/><F131/><W18/><G109/><T34/><D126/><U124/><E43/><V97/><F32/><W28/><G113/><T86/><D112/><U96/><E62/><V9/><F35/><W19/><G106/><T79/><D134/><N who="1" m="51819" /><E21/><V68/><F68/><W39/><G1/><T29/><D101/><N who="1" m="39019" /><E85/><V44/><F75/><W107/><G107/><T116/><D116/><U128/><E96/><V118/><F118/><W66/><G28/><N who="1" m="10794" /><E128/><V59/><F72/><W40/><G73/><T51/><D23/><U2/><E2/><V108/><F97/><W123/><G123/><T55/><D29/><U91/><E91/><V11/><F60/><W82/><G40/><T119/><D119/><U52/><E52/><V5/><F108/><W99/><G54/><T135/><D135/><U42/><E42/><V63/><F58/><W56/><G99/><T111/><D111/><U105/><E105/><V8/><F59/><W117/><G117/><T114/><D55/><U87/><E87/><V7/><F7/><W127/><G127/><AGARI ba="0,0" hai="92,93,124,125,127" m="10794,39019,51819" machi="127" ten="40,12000,1" yaku="28,2,18,1,20,1" doraHai="4" who="1" fromWho="3" sc="308,0,353,120,224,0,115,-120" owari="308,11.0,473,58.0,224,-18.0,-5,-51.0" /></mjloggm>