<mjloggm ver="2.3"><GO type="225"/><UN n0="%E8%80%83%E3%81%88%E4%B8%AD%EF%BC%88%E6%9D%B1" n1="%EF%BC%88%E2%89%A7%E2%96%BD%E2%89%A6%EF%BC%89" n2="%E3%82%A6%E3%82%A3%E3%83%89%E3%82%A5%EF%BC%A0%E9%98%AA%E7%A5%9E" n3="%E5%AE%88%E8%AD%B7%E9%AC%BC%E7%A5%9E" dan="16,18,16,16" rate="2097,2128,2153,2179" sx="M,M,M,M"/><TAIKYOKU oya="0"/><INIT seed="0,0,0,0,2,128" ten="250,250,250,250" oya="0" hai0="34,8,119,108,123,111,83,93,25,115,21,112,127" hai1="64,12,86,78,32,120,101,38,4,6,57,42,74" hai2="72,16,54,114,80,0,13,1,15,26,85,129,81" hai3="53,82,37,11,29,104,116,97,17,105,47,71,56"/><T113/><D83/><N who="1" m="47479" /><E32/><V99/><F114/><W100/><G71/><T3/><D93/><U22/><E74/><V2/><F129/><W27/><G17/><T98/><D98/><U76/><E38/><V89/><F99/><W91/><G116/><T126/><D34/><U77/><E42/><V52/><F26/><W110/><G11/><T63/><D63/><N who="1" m="37999" /><E101/><V5/><F5/><N who="1" m="2153" /><E120/><V61/><F61/><W24/><G110/><N who="0" m="42027" /><D3/><U36/><E36/><V58/><F58/><W66/><G66/><T131/><D8/><U31/><E31/><V49/><F49/><W130/><G105/><T51/><D51/><U92/><E92/><V7/><F7/><W73/><G130/><T79/><D131/><U18/><AGARI ba="0,0" hai="12,18,22,76,77" m="2153,37999,47479" machi="18" ten="30,1100,0" yaku="8,1" doraHai="128" who="1" fromWho="1" sc="250,-5,250,11,250,-3,250,-3" /><INIT seed="1,0,0,2,5,37" ten="245,261,247,247" oya="1" hai0="30,104,124,34,128,77,6,91,120,15,108,82,44" hai1="99,94,131,51,17,1,48,16,70,73,46,47,25" hai2="53,118,36,29,109,58,0,54,100,102,85,59,88" hai3="49,20,98,56,123,7,65,50,27,86,2,122,45"/><U71/><E1/><V119/><F36/><W81/><G7/><T5/><D104/><U125/><E73/><V78/><F0/><W93/><G2/><T87/><D120/><U114/><E114/><V69/><F69/><W105/><G105/><T101/><D101/><N who="1" m="60663" /><E70/><V12/><F78/><W117/><G117/><T13/><D124/><U67/><E71/><V96/><F109/><W95/><G95/><T127/><D108/><U55/><E125/><V32/><F32/><W10/><G10/><T35/><D128/><U113/><E67/><V52/><F29/><W110/><G110/><T89/><D127/><U62/><E113/><V60/><F118/><W39/><G39/><T106/><D106/><U133/><E133/><V19/><F119/><W33/><G33/><T72/><D30/><U115/><E115/><V134/><F134/><W132/><G132/><T83/><D77/><U90/><E90/><V68/><F68/><W103/><G123/><T31/><D31/><U84/><E84/><V57/><F60/><N who="3" m="38023" /><G45/><N who="1" m="16906" /><E131/><V3/><F3/><W42/><G122/><T74/><D44/><U116/><E116/><V97/><F100/><W22/><G86/><AGARI ba="0,0" hai="5,6,13,15,34,35,72,74,82,83,86,87,89,91" machi="86" ten="25,1600,0" yaku="22,2" doraHai="37" who="0" fromWho="3" sc="245,16,261,0,247,0,247,-16" /><INIT seed="2,0,0,5,0,52" ten="261,261,247,231" oya="2" hai0="126,69,58,105,18,47,68,17,3,19,15,71,82" hai1="70,90,101,66,64,74,33,53,45,59,122,121,134" hai2="57,6,106,23,54,37,24,46,8,31,94,20,120" hai3="21,22,44,84,10,87,114,78,104,2,92,77,41"/><V49/><F106/><W67/><G104/><T5/><D105/><U95/><E33/><V75/><F75/><W34/><G34/><T118/><D3/><U132/><E74/><V0/><F120/><N who="1" m="46185" /><E101/><V97/><F37/><W117/><G117/><T116/><D47/><U55/><E45/><V1/><F1/><W27/><G67/><N who="1" m="25642" /><E70/><V11/><F11/><W127/><G127/><T38/><D38/><U135/><E59/><V85/><F85/><AGARI ba="0,0" hai="53,55,85,90,95,132,134,135" m="25642,46185" machi="85" ten="40,2600,0" yaku="20,1,13,1" doraHai="52" who="1" fromWho="2" sc="261,0,261,26,247,-26,231,0" /><INIT seed="3,0,0,2,5,79" ten="261,287,221,231" oya="3" hai0="41,37,12,76,22,14,15,121,25,102,69,65,57" hai1="134,51,130,129,68,64,132,88,122,126,49,75,52" hai2="86,45,30,94,36,118,95,74,40,32,26,31,47" hai3="113,4,133,20,60,96,104,128,120,48,28,119,1"/><W61/><G119/><T21/><D69/><U50/><E122/><V2/><F118/><W93/><G120/><T43/><D121/><U66/><E75/><V0/><F74/><W54/><G113/><T77/><D102/><U80/><E126/><V100/><F31/><W29/><G104/><T53/><D65/><N who="1" m="25195" /><E68/><V109/><F109/><W33/><G33/><T98/><D98/><U83/><E52/><V106/><F106/><W8/><G133/><N who="1" m="51306" /><E88/><V114/><F114/><W91/><G128/><AGARI ba="0,0" hai="49,50,51,80,83,128,129,130" m="51306,25195" machi="128" ten="40,12000,2" yaku="28,2,19,1,20,1,52,2" doraHai="79" who="1" fromWho="3" sc="261,0,287,120,221,0,231,-120" owari="261,6.0,407,51.0,221,-18.0,111,-39.0" /></mjloggm>