<mjloggm ver="2.3"><GO type="169"/><UN n0="%E6%A1%9C%E4%BA%95%E3%82%A2%E3%82%BD%E3%82%B3" n1="%E5%94%AF%E4%B8%98%E6%A9%98%E8%91%89" n2="%EF%BC%88%E2%89%A7%E2%96%BD%E2%89%A6%EF%BC%89" n3="%E3%81%99%E3%81%9F%E3%83%BC%E3%82%89%E3%81%84%E3%81%A8%E3%81%B3%E3%83%BC" dan="16,16,17,16" rate="2138,2086,2152,2063" sx="M,F,M,F"/><TAIKYOKU oya="0"/><INIT seed="0,0,0,5,2,102" ten="250,250,250,250" oya="0" hai0="132,25,34,5,119,124,118,68,59,114,64,3,108" hai1="21,43,117,89,73,74,113,63,24,42,121,123,67" hai2="35,107,51,19,126,27,9,78,22,82,17,97,70" hai3="120,49,87,18,11,80,110,52,91,57,55,26,6"/><T72/><RYUUKYOKU type="yao9" ba="0,0" sc="250,0,250,0,250,0,250,0" hai0="3,5,25,34,59,64,68,72,108,114,118,119,124,132" /><INIT seed="0,1,0,3,2,110" ten="250,250,250,250" oya="0" hai0="22,121,105,127,60,92,122,19,42,128,38,69,113" hai1="66,59,78,36,25,10,101,70,3,40,28,118,27" hai2="104,75,45,71,91,125,62,98,83,99,68,1,20" hai3="55,79,50,117,133,4,8,30,89,64,65,67,21"/><T134/><D105/><U35/><E118/><V29/><F1/><W47/><G117/><T43/><D92/><U52/><E101/><V63/><F125/><W107/><G133/><T15/><D127/><U34/><E78/><V85/><F75/><W56/><G107/><T58/><D134/><U61/><E3/><V7/><F71/><W96/><G79/><T17/><D69/><U37/><E10/><V81/><F7/><W6/><G8/><T24/><D128/><U86/><E86/><V46/><F104/><W126/><G126/><T90/><D90/><U132/><E132/><V82/><F68/><W87/><G96/><N who="2" m="36905" /><F85/><W129/><G129/><T103/><D103/><U84/><E84/><V39/><F39/><W74/><G74/><T13/><D24/><U16/><E40/><V77/><F91/><W80/><REACH who="3" step="1"/><G47/><REACH who="3" ten="250,250,250,240" step="2"/><N who="2" m="17929" /><F77/><W31/><G31/><T0/><D38/><U53/><E36/><V73/><F73/><W72/><G72/><T115/><D0/><U94/><E37/><V57/><F57/><W93/><G93/><T97/><D97/><U33/><E94/><V109/><F109/><W41/><G41/><T124/><D124/><U18/><E70/><V95/><F95/><W130/><G130/><T114/><D43/><U11/><E59/><V112/><F29/><W2/><G2/><T48/><D42/><U131/><E28/><V49/><F82/><W12/><G12/><T9/><REACH who="0" step="1"/><D48/><REACH who="0" ten="240,250,250,240" step="2"/><U5/><E131/><V100/><F49/><W26/><AGARI ba="1,2" hai="4,6,21,26,30,50,55,56,64,65,67,80,87,89" machi="26" ten="30,7900,0" yaku="1,1,0,1,8,1,53,1" doraHai="110" doraHaiUra="44" who="3" fromWho="3" sc="240,-40,250,-21,250,-21,240,102" /><INIT seed="1,0,0,5,5,62" ten="200,229,229,342" oya="1" hai0="88,77,97,41,16,106,63,21,128,28,85,1,129" hai1="117,133,114,22,126,68,122,15,23,66,78,59,103" hai2="79,64,46,75,112,119,40,49,0,18,42,102,74" hai3="95,34,109,134,132,76,17,111,6,84,45,108,7"/><U98/><E122/><V48/><F0/><W71/><G34/><T82/><D1/><U13/><E117/><V67/><F119/><W27/><G71/><T94/><D28/><U47/><E68/><V9/><F112/><W35/><G45/><T37/><D37/><U105/><E114/><V26/><F102/><W107/><G107/><T58/><D41/><U99/><E133/><N who="3" m="51306" /><G35/><T80/><D106/><U100/><E126/><V51/><F79/><W135/><G135/><T72/><D72/><U57/><E105/><V69/><F69/><W5/><G27/><T120/><D120/><U20/><E20/><N who="2" m="13591" /><F75/><W113/><G17/><T104/><D104/><U121/><E47/><N who="2" m="25703" /><F74/><W8/><G113/><T36/><D36/><U38/><E38/><V30/><F30/><W10/><G76/><T73/><D16/><U4/><E78/><V39/><F39/><W61/><G61/><T91/><REACH who="0" step="1"/><D21/><REACH who="0" ten="190,229,229,342" step="2"/><U33/><E121/><V83/><F9/><W54/><G10/><T93/><D93/><U31/><E33/><V60/><F49/><W70/><G8/><T52/><AGARI ba="0,1" hai="52,58,63,73,77,80,82,85,88,91,94,97,128,129" machi="52" ten="30,7900,0" yaku="1,1,0,1,54,2,53,0" doraHai="62" doraHaiUra="101" who="0" fromWho="0" sc="190,89,229,-39,229,-20,342,-20" /><INIT seed="2,0,0,2,5,16" ten="279,190,209,322" oya="2" hai0="115,30,55,41,35,118,54,114,80,87,93,100,106" hai1="101,132,28,113,108,25,131,97,44,78,76,68,117" hai2="43,105,19,48,60,2,33,51,3,123,98,34,85" hai3="12,86,129,59,124,10,94,130,37,64,95,31,42"/><V17/><F123/><W72/><G72/><T21/><D35/><U110/><E117/><V53/><F85/><W57/><G124/><T96/><D118/><U133/><E68/><V14/><F105/><W27/><G37/><T70/><D70/><U126/><E44/><V15/><F60/><W49/><G59/><T61/><D41/><U23/><E113/><V62/><F62/><W9/><G9/><T11/><D11/><U46/><E46/><V91/><F91/><W73/><G73/><T4/><D4/><U79/><E126/><V111/><F98/><W116/><G116/><T6/><D6/><U66/><E66/><V36/><F36/><W45/><G57/><T83/><D61/><U20/><E20/><V32/><F32/><W50/><G49/><T121/><D121/><U102/><E102/><V119/><F119/><W90/><G64/><T89/><D83/><U92/><REACH who="1" step="1"/><E131/><REACH who="1" ten="279,180,209,322" step="2"/><V63/><F43/><W74/><G130/><T128/><D128/><U88/><E88/><V107/><F33/><W29/><G129/><T127/><D127/><U81/><E81/><V120/><F34/><W1/><G45/><T56/><D80/><U84/><E84/><V112/><F112/><W122/><G86/><T109/><D114/><U8/><E8/><V5/><F120/><W104/><G10/><T125/><D115/><U26/><E26/><V7/><F53/><N who="0" m="19978" /><D125/><U38/><E38/><V99/><F99/><W13/><G42/><T40/><D40/><U77/><N who="1" m="19456" /><DORA hai="134" /><U52/><E52/><V58/><F63/><W71/><G71/><T65/><D87/><RYUUKYOKU ba="0,1" sc="279,-10,180,30,209,-10,322,-10" hai1="23,25,28,92,97,101,108,110,132,133" /><INIT seed="3,1,1,1,4,17" ten="269,210,199,312" oya="3" hai0="66,84,86,130,9,13,57,65,33,118,68,108,83" hai1="43,40,123,24,101,4,1,125,98,112,109,88,104" hai2="75,96,129,135,50,38,131,111,113,79,91,32,3" hai3="81,34,15,102,133,115,61,23,46,52,90,45,87"/><W49/><G34/><T77/><D33/><U59/><E123/><V100/><F38/><W117/><G115/><T122/><D122/><U55/><E112/><V62/><F3/><W11/><G117/><T93/><D118/><U120/><E120/><V127/><F32/><W14/><G133/><T72/><D68/><U16/><E1/><V103/><F62/><W18/><G102/><N who="2" m="38953" /><F50/><W76/><G61/><T121/><D121/><U80/><E4/><V27/><F27/><W110/><G110/><T73/><D108/><U126/><E109/><V69/><F69/><W42/><G76/><T12/><D57/><U8/><E55/><V114/><F111/><W74/><G74/><T2/><D2/><U26/><E26/><V25/><F25/><W97/><G97/><T128/><D77/><U64/><E64/><V58/><F58/><N who="3" m="33039" /><G42/><T132/><D132/><U70/><E59/><V94/><F135/><W124/><G124/><N who="1" m="47722" /><E70/><V31/><F31/><W35/><G35/><T82/><D9/><U134/><E134/><V5/><F127/><W60/><G60/><T30/><D30/><U19/><E19/><AGARI ba="1,1" hai="11,14,15,18,19,23,45,46,81,87,90" m="33039" machi="19" ten="30,5800,0" yaku="8,1,52,1,54,1" doraHai="17" who="3" fromWho="1" sc="269,0,210,-61,199,0,312,71" /><INIT seed="3,2,0,5,0,67" ten="269,149,199,383" oya="3" hai0="78,83,15,69,118,25,36,22,62,107,97,85,43" hai1="3,133,125,14,39,58,29,100,37,68,12,49,30" hai2="34,130,1,32,131,65,60,42,90,77,53,31,121" hai3="112,108,87,115,104,109,92,33,126,55,64,106,16"/><W28/><G64/><T101/><D15/><U88/><E3/><V96/><F1/><W113/><G126/><T95/><D118/><U59/><E100/><V103/><F121/><W135/><G135/><T0/><D0/><U20/><E133/><V18/><F77/><W117/><G117/><T70/><D62/><U94/><E125/><V72/><F72/><W52/><G28/><T56/><D56/><U50/><E94/><V99/><F42/><W57/><G33/><T110/><D110/><N who="3" m="42601" /><G16/><T84/><D43/><U71/><E20/><V41/><F96/><W82/><G92/><T66/><D66/><U5/><E5/><V6/><F6/><W89/><G55/><T35/><D36/><U98/><E98/><V21/><F99/><W80/><G82/><T127/><D35/><U10/><REACH who="1" step="1"/><E88/><REACH who="1" ten="269,139,199,383" step="2"/><V51/><F90/><W13/><G13/><T45/><D127/><U63/><E63/><AGARI ba="2,1" hai="52,57,63,80,87,89,104,106,112,113,115" m="42601" machi="63" ten="40,7700,0" yaku="14,1,10,1,54,1" doraHai="67" who="3" fromWho="1" sc="269,0,139,-83,199,0,383,93" /><INIT seed="3,3,0,0,5,79" ten="269,56,199,476" oya="3" hai0="22,40,75,44,121,52,56,41,20,89,26,101,15" hai1="90,10,110,61,119,93,59,11,103,108,8,53,104" hai2="77,131,12,62,69,72,94,51,35,122,47,24,6" hai3="58,38,120,106,134,17,13,63,83,78,37,66,102"/><W100/><G120/><T109/><D101/><U43/><E119/><V113/><F113/><W46/><G134/><T30/><D121/><U14/><E43/><V5/><F122/><W32/><G32/><T60/><D109/><U18/><E103/><V117/><F131/><W91/><G91/><T70/><D70/><U39/><E104/><V7/><F69/><W97/><G102/><T107/><D107/><U105/><E39/><V57/><F117/><W129/><G46/><T132/><D132/><U95/><E95/><V21/><F35/><W36/><G129/><T84/><D75/><U23/><REACH who="1" step="1"/><E105/><REACH who="1" ten="269,46,199,476" step="2"/><V135/><F135/><W25/><G38/><T1/><D1/><U16/><E16/><N who="2" m="12327" /><F72/><W99/><G97/><AGARI ba="3,1" hai="8,10,11,14,18,23,53,59,61,90,93,97,108,110" machi="97" ten="40,1300,0" yaku="1,1,53,0" doraHai="79" doraHaiUra="42" who="1" fromWho="3" sc="269,0,46,32,199,0,476,-22" /><INIT seed="4,0,0,4,0,8" ten="269,78,199,454" oya="0" hai0="4,74,56,123,5,84,48,29,93,100,85,64,113" hai1="116,114,124,53,22,91,7,37,96,19,71,46,61" hai2="94,126,16,127,82,45,77,28,42,89,62,122,33" hai3="108,72,97,2,40,54,39,13,130,102,52,133,55"/><T107/><D74/><U92/><E116/><V121/><F62/><W111/><G2/><T60/><D123/><U69/><E124/><N who="2" m="47659" /><F28/><W1/><G1/><T115/><D29/><U57/><E114/><N who="0" m="43529" /><D107/><U104/><E104/><V81/><F33/><W49/><G72/><T118/><D118/><U90/><E7/><N who="0" m="2633" /><D48/><U59/><E91/><V17/><F121/><W129/><G133/><T76/><D76/><U105/><E59/><V117/><F117/><W34/><G34/><T0/><D0/><U35/><E105/><V106/><F106/><N who="3" m="63823" /><G49/><T80/><D80/><N who="2" m="30826" /><F77/><W15/><G40/><T25/><D25/><U68/><E35/><V83/><F83/><W132/><G39/><T10/><D10/><U86/><E37/><N who="2" m="21711" /><F122/><W12/><G132/><T38/><D38/><U43/><E43/><V63/><F63/><W79/><G79/><T103/><D103/><U24/><REACH who="1" step="1"/><E46/><REACH who="1" ten="269,68,199,454" step="2"/><V87/><AGARI ba="0,1" hai="16,17,87,89,94" m="21711,30826,47659" machi="87" ten="30,2000,0" yaku="18,1,54,1" doraHai="8" who="2" fromWho="2" sc="269,-10,68,-5,199,30,454,-5" /><INIT seed="5,0,0,2,0,18" ten="259,63,229,449" oya="1" hai0="48,66,36,12,94,119,90,110,56,16,50,45,67" hai1="69,63,125,0,53,109,78,52,61,30,95,55,116" hai2="133,128,76,81,123,80,44,71,65,77,23,22,31" hai3="28,15,70,108,88,32,64,62,105,72,7,98,124"/><U99/><E116/><V132/><F123/><W42/><G108/><T6/><D36/><U38/><E0/><V11/><F128/><W112/><G72/><T134/><D110/><U9/><E109/><V40/><F11/><W14/><G112/><T96/><D119/><U17/><E38/><N who="2" m="21527" /><F31/><W104/><G124/><T115/><D115/><U103/><E125/><V83/><F65/><W73/><G73/><T46/><D6/><U111/><E111/><V25/><F25/><W51/><G104/><T37/><D37/><U93/><E78/><N who="2" m="30315" /><F71/><W27/><G7/><T26/><D26/><U89/><E30/><V92/><F92/><W39/><G39/><T129/><D129/><U20/><E9/><V85/><F85/><W68/><G70/><T79/><D79/><U87/><REACH who="1" step="1"/><E69/><REACH who="1" ten="259,53,229,449" step="2"/><V74/><F74/><W100/><G68/><T118/><D118/><U86/><E86/><V126/><F126/><W8/><G8/><T10/><D134/><AGARI ba="0,1" hai="22,23,80,81,83,132,133,134" m="30315,21527" machi="134" ten="30,3900,0" yaku="20,1,52,2" doraHai="18" who="2" fromWho="0" sc="259,-39,53,0,229,49,449,0" /><INIT seed="6,0,0,0,2,3" ten="220,53,278,449" oya="2" hai0="55,105,53,52,88,33,104,71,124,101,123,4,49" hai1="0,80,102,77,50,17,93,43,87,98,61,86,79" hai2="114,11,74,60,75,57,64,100,130,58,128,29,78" hai3="28,27,51,110,69,126,20,90,129,65,70,131,19"/><V83/><F114/><W85/><G110/><T45/><D33/><U40/><E0/><V15/><F100/><W13/><G65/><T9/><D123/><U2/><E2/><V96/><F96/><W48/><G126/><T39/><D124/><U109/><E109/><V18/><F74/><W115/><G115/><T59/><D71/><U7/><E61/><V103/><F103/><W63/><G70/><T54/><D39/><U72/><E72/><V99/><F99/><W23/><G63/><T81/><D101/><U24/><E50/><V94/><F94/><N who="3" m="54607" /><G69/><T37/><D37/><U122/><E122/><V84/><F75/><W67/><G67/><T42/><D81/><U8/><E24/><V38/><F38/><W117/><G117/><T73/><D73/><U36/><E17/><V22/><F58/><W1/><G1/><T106/><D88/><U92/><E36/><V62/><F62/><W56/><G56/><T134/><D134/><U16/><E16/><V76/><F76/><W5/><G5/><T31/><D31/><U14/><REACH who="1" step="1"/><E93/><REACH who="1" ten="220,43,278,449" step="2"/><V46/><F18/><W82/><G48/><T34/><D34/><U118/><E118/><V135/><F60/><W30/><G51/><T112/><D112/><U66/><E66/><V25/><F64/><W132/><G27/><T119/><D119/><U21/><E21/><V26/><F22/><W111/><G23/><T10/><D104/><U125/><E125/><V89/><F26/><W6/><G20/><T47/><D105/><U35/><E35/><V91/><F25/><W107/><G19/><T95/><D106/><RYUUKYOKU ba="0,1" sc="220,-10,43,30,278,-10,449,-10" hai1="7,8,14,40,43,77,79,80,86,87,92,98,102" /><INIT seed="7,1,1,4,5,21" ten="210,73,268,439" oya="3" hai0="2,8,80,102,110,120,71,101,6,38,94,86,100" hai1="125,22,60,95,25,0,11,50,103,84,42,63,116" hai2="26,109,62,90,115,7,61,67,135,65,68,88,99" hai3="127,93,48,132,107,131,29,78,33,20,41,70,92"/><W124/><G70/><T106/><D71/><U117/><E125/><V77/><F109/><W35/><G107/><T130/><D110/><U123/><E123/><V119/><F119/><W55/><G41/><T54/><D120/><U66/><E0/><V24/><F135/><W43/><G43/><T13/><D38/><U113/><E11/><V1/><F115/><W28/><G78/><T51/><D106/><U23/><E23/><V81/><F1/><W53/><G20/><T76/><D130/><U49/><E63/><V52/><F7/><W85/><G85/><T32/><D32/><U45/><E50/><V126/><F126/><W17/><G48/><T44/><REACH who="0" step="1"/><D2/><REACH who="0" ten="200,73,268,439" step="2"/><U40/><E116/><V37/><F37/><W58/><G131/><T121/><D121/><U91/><E117/><V97/><F68/><W74/><G35/><T96/><AGARI ba="1,2" hai="6,8,13,44,51,54,76,80,86,94,96,100,101,102" machi="96" ten="30,4000,0" yaku="1,1,0,1,8,1,53,0" doraHai="21" doraHaiUra="87" who="0" fromWho="0" sc="200,63,73,-11,268,-11,439,-21" owari="263,6.0,62,-44.0,257,-14.0,418,52.0" /></mjloggm>