<mjloggm ver="2.3"><GO type="41"/><UN n0="%E8%82%89%E5%A5%B4%E9%9A%B7" n1="%E4%BA%95%E4%B8%8A%E3%82%AB%E3%83%96%E3%83%AC%E3%83%A9%EF%BC%BE%EF%BC%BE" n2="%62%65%65%70%37%37" n3="%E3%82%A6%E3%83%AB%E3%83%88%E3%83%A9%E7%AB%8B%E7%9B%B4" dan="15,13,14,15" rate="1997,1875,1977,2004" sx="M,M,M,M"/><TAIKYOKU oya="0"/><INIT seed="0,0,0,5,5,10" ten="250,250,250,250" oya="0" hai0="30,97,8,72,26,28,41,71,50,63,29,106,129" hai1="2,43,64,132,119,6,105,89,124,22,126,21,102" hai2="19,7,57,45,20,68,3,91,25,31,52,83,93" hai3="111,11,107,66,77,85,1,48,81,62,121,95,128"/><T99/><D72/><U86/><E119/><V0/><F68/><W38/><G107/><T123/><D123/><U75/><E75/><V98/><F83/><W118/><G118/><T9/><D129/><U108/><E43/><V87/><F45/><W92/><G38/><T79/><D79/><U110/><E64/><V16/><F3/><W14/><G1/><T27/><D106/><U17/><E105/><V74/><F74/><W34/><G34/><T33/><D29/><U103/><E17/><V59/><F59/><W82/><G82/><T32/><D41/><U84/><E6/><V80/><F7/><W76/><G76/><T69/><D50/><U49/><E49/><V53/><F0/><W125/><G125/><T117/><REACH who="0" step="1"/><D63/><REACH who="0" ten="240,250,250,250" step="2"/><U39/><E39/><V40/><F40/><W122/><G128/><T134/><D134/><U56/><E56/><V127/><F127/><W104/><G104/><T135/><D135/><U114/><E132/><V36/><F36/><W54/><G121/><T24/><D24/><U47/><E47/><V113/><F113/><W18/><G122/><T70/><D70/><U58/><E58/><V5/><F5/><W116/><G116/><AGARI ba="0,1" hai="8,9,26,27,28,30,32,33,69,71,97,99,116,117" machi="116" ten="25,4800,0" yaku="1,1,22,2,53,0" doraHai="10" doraHaiUra="60" who="0" fromWho="3" sc="240,58,250,0,250,0,250,-48" /><INIT seed="0,1,0,5,3,38" ten="298,250,250,202" oya="0" hai0="110,120,35,77,95,64,17,81,89,14,90,126,9" hai1="16,18,112,87,54,135,111,39,106,15,102,119,1" hai2="117,41,118,124,52,127,34,92,3,63,91,0,104" hai3="131,80,122,40,99,60,30,21,58,7,42,69,50"/><T59/><D120/><U129/><E119/><N who="2" m="45579" /><F104/><W22/><G69/><T100/><D35/><U29/><E39/><V74/><F74/><W49/><G122/><T133/><D133/><U105/><E102/><V75/><F75/><W93/><G7/><T11/><D126/><N who="2" m="48170" /><F34/><W65/><G131/><T53/><D64/><U45/><E87/><N who="2" m="52351" /><F41/><N who="3" m="15979" /><G80/><T98/><D110/><U85/><E105/><V103/><F103/><N who="3" m="60911" /><G21/><T70/><D70/><U66/><E106/><V56/><AGARI ba="1,0" hai="0,3,52,56,63" m="52351,48170,45579" machi="56" ten="40,5200,0" yaku="12,1,18,1,54,1" doraHai="38" who="2" fromWho="2" sc="298,-27,250,-14,250,55,202,-14" /><INIT seed="1,0,0,3,1,113" ten="271,236,305,188" oya="1" hai0="116,85,20,4,100,6,72,12,15,88,9,78,21" hai1="63,3,103,58,25,39,18,124,35,92,49,118,1" hai2="130,43,61,133,50,89,17,135,70,94,27,59,48" hai3="117,28,40,31,127,95,120,22,46,87,37,108,67"/><U121/><E121/><V131/><F70/><W105/><G105/><T0/><D100/><U23/><E124/><V107/><F107/><W16/><G120/><T69/><D69/><U41/><E39/><V14/><F27/><W34/><G127/><T75/><D0/><U5/><E5/><V96/><F43/><W126/><G126/><T111/><D111/><U64/><E35/><V77/><F77/><W51/><G108/><T52/><D116/><U19/><E19/><V66/><F50/><W134/><G134/><N who="2" m="51209" /><F48/><W54/><G34/><T47/><D78/><U36/><E36/><V109/><F109/><W60/><G117/><T115/><D115/><U101/><E118/><V76/><F76/><W42/><G42/><T10/><D75/><U91/><E3/><V82/><F82/><W24/><G95/><N who="0" m="54671" /><D72/><U30/><E1/><V132/><N who="2" m="51217" /><V128/><DORA hai="99" /><F128/><W114/><G87/><T98/><D98/><N who="1" m="57631" /><E30/><V68/><F68/><W122/><G122/><T56/><D47/><AGARI ba="0,0" hai="18,23,25,41,47,49,58,63,64,101,103" m="57631" machi="47" ten="30,5800,0" yaku="8,1,52,2" doraHai="113,99" who="1" fromWho="0" sc="271,-58,236,58,305,0,188,0" /><INIT seed="1,1,0,1,0,102" ten="213,294,305,188" oya="1" hai0="94,46,124,135,3,38,122,100,93,96,0,34,75" hai1="19,85,56,24,121,71,47,5,22,118,69,10,12" hai2="133,51,15,59,18,62,23,35,74,73,80,115,107" hai3="67,33,32,134,36,128,78,72,92,17,11,120,50"/><U64/><E121/><V112/><F35/><N who="3" m="13387" /><G50/><T41/><D34/><U91/><E118/><V81/><F133/><W16/><G92/><T20/><D122/><U90/><E47/><V7/><F51/><W129/><G67/><T6/><D135/><U30/><E91/><V60/><F7/><W86/><G86/><T26/><D75/><N who="2" m="28682" /><F107/><W98/><G98/><T66/><D66/><U8/><E64/><N who="2" m="38943" /><F62/><W13/><G36/><T39/><D39/><U99/><E99/><V123/><F123/><W21/><G120/><T4/><D0/><U1/><REACH who="1" step="1"/><E56/><REACH who="1" ten="213,284,305,188" step="2"/><V113/><AGARI ba="1,1" hai="15,18,23,80,81,112,113,115" m="38943,28682" machi="113" ten="40,1500,0" yaku="11,1" doraHai="102" who="2" fromWho="2" sc="213,-5,284,-8,305,28,188,-5" /><INIT seed="2,0,0,5,1,102" ten="208,276,333,183" oya="2" hai0="82,16,66,132,12,21,103,123,115,5,37,70,55" hai1="63,98,116,68,91,119,131,29,34,62,42,64,28" hai2="60,121,127,130,79,129,20,4,45,31,125,99,38" hai3="117,57,71,53,0,6,30,72,25,43,46,111,22"/><V118/><F121/><W2/><G71/><T104/><D123/><U59/><E131/><N who="2" m="50187" /><F79/><W58/><G117/><T80/><D115/><U113/><E42/><N who="2" m="22743" /><F118/><W23/><G111/><T78/><D37/><U83/><E113/><V89/><F60/><W135/><G135/><T106/><D132/><U88/><E34/><V8/><F89/><W126/><G126/><N who="2" m="48137" /><F99/><W40/><G72/><T92/><D55/><U109/><E109/><V107/><F107/><W86/><G86/><T75/><D82/><U17/><E119/><V49/><F49/><W96/><G96/><T85/><D5/><U32/><E116/><V128/><F128/><W73/><G73/><T87/><D87/><U97/><E83/><V51/><F51/><W105/><G105/><T101/><D101/><U84/><E63/><V110/><F110/><W61/><G6/><T41/><D41/><U11/><E68/><V95/><F95/><W134/><G134/><T33/><D33/><U26/><E91/><V74/><F74/><W15/><G43/><T81/><D103/><U19/><E32/><V36/><F36/><W3/><G40/><T54/><D92/><N who="1" m="54279" /><E97/><V65/><F65/><W18/><REACH who="3" step="1"/><G61/><REACH who="3" ten="208,276,333,173" step="2"/><N who="0" m="40271" /><D54/><U108/><E98/><V93/><F4/><W94/><G94/><T120/><D120/><U67/><E108/><V122/><F93/><W56/><G56/><T44/><D44/><U39/><E39/><V114/><F122/><W133/><G133/><T76/><D75/><U1/><E59/><V7/><F114/><W14/><G14/><T9/><D9/><U27/><E1/><V90/><F8/><RYUUKYOKU ba="0,1" sc="208,15,276,-15,333,-15,173,15" hai0="12,16,21,76,78,80,81,85,104,106" hai3="0,2,3,15,18,22,23,25,30,46,53,57,58" /><INIT seed="3,1,1,2,5,82" ten="223,261,318,188" oya="3" hai0="76,123,11,55,78,81,41,15,94,16,14,116,25" hai1="129,121,86,73,27,62,5,112,42,70,91,127,49" hai2="106,37,40,92,114,120,45,28,4,48,32,119,134" hai3="54,107,43,113,61,115,29,99,53,56,34,75,83"/><W8/><G43/><T9/><D123/><U2/><E121/><V57/><F106/><W26/><G115/><T88/><D116/><U68/><E112/><V98/><F114/><W105/><G113/><T100/><D41/><U96/><E73/><V103/><F134/><W20/><G34/><T128/><D128/><U23/><E129/><V60/><F120/><W6/><G99/><N who="0" m="59511" /><D25/><U109/><E127/><V7/><F119/><W1/><G75/><T19/><D55/><U131/><E109/><V65/><F37/><W117/><G117/><T74/><D74/><U125/><E131/><V13/><F13/><W133/><G133/><T95/><D81/><U122/><E125/><V85/><REACH who="2" step="1"/><F85/><AGARI ba="1,1" hai="9,11,14,15,16,19,76,78,85,88,95" m="59511" machi="85" ten="30,7700,0" yaku="8,1,52,1,54,2" doraHai="82" who="0" fromWho="2" sc="223,90,261,0,318,-80,188,0" /><INIT seed="4,0,0,2,1,127" ten="313,261,238,188" oya="0" hai0="2,71,42,81,104,80,37,106,111,133,122,11,19" hai1="3,126,0,121,44,113,66,86,76,40,55,87,63" hai2="14,74,8,45,68,50,4,61,96,1,51,100,60" hai3="30,110,128,26,123,64,131,67,23,16,10,27,97"/><T7/><D122/><U13/><E121/><V70/><F74/><W98/><G110/><T130/><D71/><U6/><E126/><V28/><F28/><W118/><G118/><T21/><D111/><U82/><E87/><V34/><F34/><W24/><G123/><T93/><D93/><U114/><E55/><V84/><F84/><W57/><G10/><T116/><D116/><U65/><E65/><V62/><F1/><W117/><G117/><T85/><D133/><U90/><E90/><V18/><F51/><W35/><G26/><T39/><D81/><U69/><E13/><V54/><REACH who="2" step="1"/><F4/><REACH who="2" ten="313,261,228,188" step="2"/><W132/><G132/><T78/><D39/><U5/><E6/><V12/><F12/><W49/><G97/><T135/><D135/><U29/><E5/><V15/><F15/><W125/><G98/><T59/><D37/><N who="1" m="21519" /><E29/><V88/><F88/><W75/><G75/><T89/><D89/><U77/><E77/><V32/><F32/><W105/><G125/><T48/><D78/><U9/><E9/><V73/><F73/><W99/><G99/><T92/><D48/><U41/><E0/><V109/><F109/><W103/><G103/><T43/><D2/><U52/><E3/><V31/><F31/><W115/><G30/><T58/><D7/><U119/><E119/><V129/><F129/><W53/><G35/><T83/><D11/><U36/><E36/><V38/><F38/><W20/><G128/><T72/><D130/><U134/><E134/><V124/><F124/><W91/><G131/><T112/><D72/><U79/><E79/><V33/><F33/><RYUUKYOKU ba="0,1" sc="313,-10,261,-10,228,30,188,-10" hai2="8,14,18,45,50,54,60,61,62,68,70,96,100" /><INIT seed="5,1,1,0,1,46" ten="303,251,258,178" oya="1" hai0="63,15,100,57,19,33,29,49,128,48,13,0,120" hai1="117,39,112,133,55,94,98,27,21,3,25,86,62" hai2="78,129,9,6,108,77,127,53,12,114,26,68,113" hai3="54,38,61,7,89,84,18,135,79,43,37,71,1"/><U64/><E117/><V17/><F108/><W134/><G7/><T97/><D0/><U69/><E39/><N who="3" m="14858" /><G1/><T83/><D120/><U72/><E3/><V85/><F68/><W91/><G43/><T66/><D128/><U70/><E72/><V109/><F109/><W42/><G42/><T67/><D67/><U8/><E8/><V101/><F101/><W59/><G71/><T111/><D111/><U118/><E118/><V103/><F103/><W30/><G30/><T41/><D83/><U56/><E133/><N who="3" m="50698" /><G18/><T5/><D41/><U75/><E112/><N who="2" m="43115" /><F129/><W122/><G122/><T99/><D99/><U16/><E75/><V105/><F105/><W34/><G34/><T90/><D90/><N who="3" m="34313" /><G84/><T52/><D5/><U4/><E4/><V14/><F85/><W124/><G124/><T28/><D33/><U130/><E130/><V126/><F26/><W58/><G79/><N who="2" m="30217" /><F53/><W110/><G110/><T80/><D80/><U121/><E121/><V92/><F92/><W88/><N who="3" m="34321" /><W106/><DORA hai="76" /><G106/><T51/><D66/><U131/><E86/><V44/><F44/><W11/><G59/><T50/><N who="0" m="12800" /><DORA hai="115" /><T60/><D60/><U132/><E131/><V82/><F82/><W40/><G40/><T10/><REACH who="0" step="1"/><D15/><REACH who="0" ten="293,251,258,178" step="2"/><N who="1" m="9375" /><E70/><V47/><F14/><W125/><G125/><N who="2" m="47625" /><F6/><W73/><G73/><T31/><D31/><U123/><E132/><V104/><F104/><AGARI ba="1,2" hai="10,13,19,28,29,52,57,63,97,100,104" m="12800" machi="104" ten="50,16000,3" yaku="1,1,52,4,54,1,53,2" doraHai="46,76,115" doraHaiUra="95,102,107" who="0" fromWho="2" sc="293,183,251,0,258,-163,178,0" /><INIT seed="6,0,0,5,4,72" ten="476,251,95,178" oya="2" hai0="69,20,87,104,0,124,35,126,95,133,96,93,44" hai1="57,91,6,85,131,28,16,88,15,117,79,90,8" hai2="43,17,5,99,12,128,84,50,53,89,52,21,86" hai3="40,94,101,66,65,32,119,2,41,46,58,59,63"/><V70/><F70/><W78/><G32/><T54/><D69/><U115/><E117/><V134/><F128/><W13/><G2/><T73/><D73/><U4/><E131/><V127/><F134/><W26/><G26/><T98/><D35/><U114/><E28/><V130/><F127/><W103/><G119/><T10/><D104/><U125/><E125/><N who="0" m="48233" /><D133/><U108/><E108/><V56/><F130/><W109/><G109/><T49/><D87/><U122/><E122/><V129/><F129/><W105/><G105/><T55/><D20/><U7/><REACH who="1" step="1"/><E57/><REACH who="1" ten="476,241,95,178" step="2"/><V47/><F53/><W113/><G59/><T34/><D55/><U83/><AGARI ba="0,1" hai="4,6,7,8,15,16,79,83,85,88,90,91,114,115" machi="83" ten="40,12000,2" yaku="1,1,2,1,0,1,52,1,54,2,53,1" doraHai="72" doraHaiUra="14" who="1" fromWho="1" sc="476,-30,241,130,95,-60,178,-30" /><INIT seed="7,0,0,4,3,22" ten="446,371,35,148" oya="3" hai0="63,86,28,1,54,31,130,101,120,64,113,7,20" hai1="121,111,103,65,50,132,126,45,38,85,117,128,13" hai2="17,96,56,33,75,60,10,93,89,102,51,100,59" hai3="79,82,109,66,115,125,98,83,32,47,106,15,49"/><W0/><G0/><T19/><D120/><U46/><E103/><V29/><F75/><W40/><G115/><T62/><D113/><U119/><E85/><V88/><F33/><W92/><G125/><T12/><D130/><U23/><E23/><V68/><F68/><W8/><G109/><T127/><D127/><U84/><E84/><V134/><F134/><W70/><G106/><T90/><D101/><U97/><E97/><V110/><F110/><W11/><G66/><T53/><D1/><U95/><E95/><V30/><F100/><W58/><G70/><T123/><D7/><U99/><E99/><V122/><F122/><W25/><G58/><N who="0" m="36951" /><D123/><U77/><E77/><V41/><F10/><W44/><G8/><T57/><D53/><U124/><E13/><V94/><F89/><W72/><G83/><AGARI ba="0,0" hai="12,19,20,28,31,54,57,63,83,86,90" m="36951" machi="83" ten="30,1000,0" yaku="8,1" doraHai="22" who="0" fromWho="3" sc="446,10,371,0,35,0,148,-10" owari="456,55.0,371,17.0,35,-46.0,138,-26.0" /></mjloggm>