<mjloggm ver="2.3"><GO type="169"/><UN n0="%E3%81%AA%E3%83%BC%E3%81%8B%E3%82%80" n1="%E3%81%B2%E3%81%AE%E3%81%A8%E3%82%8A%E3%81%AE%E3%81%B2%E3%81%A8%E3%82%8A" n2="%E5%85%8B%E5%88%A9%E5%A5%A5%E4%BD%A9%E7%89%B9%E5%89%8C%CE%B6" n3="%EF%BC%88%E2%89%A7%E2%96%BD%E2%89%A6%EF%BC%89" dan="17,16,17,18" rate="2137,2027,2110,2221" sx="M,M,F,M"/><TAIKYOKU oya="0"/><INIT seed="0,0,0,2,0,124" ten="250,250,250,250" oya="0" hai0="121,49,23,47,26,24,102,93,34,19,100,54,51" hai1="105,18,2,12,17,27,110,101,36,77,113,56,76" hai2="111,119,6,109,39,118,57,70,92,59,35,29,129" hai3="5,8,106,99,50,15,14,10,122,7,58,127,43"/><T69/><D69/><U134/><E2/><V52/><F70/><W116/><G127/><T41/><D121/><U104/><E36/><V126/><F126/><W115/><G115/><T117/><D117/><N who="2" m="44554" /><F39/><W96/><G122/><T38/><D38/><U107/><E113/><V48/><F6/><W71/><G71/><T61/><D61/><U46/><E110/><N who="2" m="41995" /><F92/><W123/><G123/><T83/><D83/><U22/><E134/><V11/><F11/><W31/><G116/><T86/><D34/><U85/><E101/><V128/><F59/><W94/><G106/><T30/><D26/><AGARI ba="0,0" hai="26,29,35,48,52,57,128,129" m="41995,44554" machi="26" ten="40,8000,1" yaku="12,1,14,1,52,2,54,1" doraHai="124" who="2" fromWho="0" sc="250,-80,250,0,250,80,250,0" /><INIT seed="1,0,0,3,1,70" ten="170,250,330,250" oya="1" hai0="94,114,113,123,65,130,97,67,103,1,115,79,60" hai1="84,82,133,93,19,66,120,4,131,102,46,110,81" hai2="105,35,134,2,89,118,85,86,6,8,47,112,15" hai3="100,38,77,44,125,98,76,109,121,22,119,27,24"/><U3/><E120/><V50/><F118/><W122/><G119/><T90/><D1/><U107/><E131/><V127/><F105/><W69/><G69/><T18/><D79/><U124/><E124/><V34/><F127/><W73/><G125/><T28/><D130/><U95/><E133/><V25/><F134/><W5/><G5/><T52/><D28/><U135/><E135/><V63/><F112/><W132/><G132/><T54/><D123/><U75/><E107/><V33/><F63/><W96/><G96/><T92/><D18/><U55/><E110/><V40/><F86/><W74/><G109/><T10/><D10/><U126/><E126/><V62/><F62/><W61/><G61/><T83/><D83/><N who="1" m="31755" /><E75/><V29/><F2/><W64/><G64/><T30/><D30/><U13/><E3/><V16/><REACH who="2" step="1"/><F6/><REACH who="2" ten="170,250,320,250" step="2"/><W14/><G121/><T80/><D65/><U117/><E84/><V68/><F68/><W49/><G122/><T99/><REACH who="0" step="1"/><D80/><AGARI ba="0,1" hai="8,15,16,25,29,33,34,35,40,47,50,80,85,89" machi="80" ten="30,3900,0" yaku="1,1,7,1,54,1,53,0" doraHai="70" doraHaiUra="101" who="2" fromWho="0" sc="170,-39,250,0,320,49,250,0" /><INIT seed="2,0,0,1,2,88" ten="131,250,369,250" oya="2" hai0="71,66,89,98,33,131,107,14,78,75,103,53,64" hai1="90,116,84,59,81,106,128,48,77,95,19,8,34" hai2="101,56,82,113,134,49,112,9,65,72,24,73,40" hai3="117,47,11,44,29,83,12,42,4,86,118,36,43"/><V54/><F134/><W68/><G29/><T3/><D66/><U76/><E116/><V37/><F101/><W5/><G68/><T55/><D14/><N who="1" m="7623" /><E34/><V62/><F24/><W108/><G108/><T26/><D3/><U127/><E106/><V96/><F96/><W135/><G4/><T85/><D131/><U120/><E128/><V94/><F94/><W100/><G100/><T1/><D1/><U2/><E2/><V52/><F9/><W99/><G99/><T23/><D33/><U30/><E30/><V31/><F31/><W25/><G25/><T130/><D130/><U7/><E127/><V27/><F27/><W125/><G135/><T74/><D74/><U67/><E7/><V70/><F54/><W17/><G17/><T38/><D38/><U114/><E114/><N who="2" m="44139" /><F82/><W35/><G35/><T115/><D115/><U121/><E81/><V46/><AGARI ba="0,0" hai="37,40,46,49,52,56,62,65,70,72,73" m="44139" machi="46" ten="30,3000,0" yaku="24,1,54,1" doraHai="88" who="2" fromWho="2" sc="131,-10,250,-10,369,30,250,-10" /><INIT seed="2,1,0,5,0,64" ten="121,240,399,240" oya="2" hai0="58,2,94,29,17,93,70,57,102,14,73,113,4" hai1="117,45,40,105,122,49,34,79,78,68,86,90,8" hai2="62,114,127,19,11,84,92,53,116,82,106,118,39" hai3="129,52,42,98,16,115,26,97,131,87,134,31,80"/><V121/><F106/><W38/><G115/><T104/><D73/><U89/><E117/><V130/><F39/><W69/><G134/><T88/><D104/><U22/><E34/><V43/><F43/><W37/><G42/><T133/><D113/><U103/><E122/><V55/><F114/><W125/><G125/><T9/><D133/><U46/><E8/><V65/><F121/><W128/><G69/><T59/><D29/><U109/><E109/><V32/><F32/><N who="3" m="20599" /><G52/><T48/><D102/><U74/><E68/><V63/><F92/><W44/><G44/><T56/><D70/><U66/><E66/><V24/><F127/><W75/><G75/><T101/><D101/><U96/><E74/><V110/><F55/><W85/><G85/><T111/><D94/><U35/><E35/><V5/><F53/><W30/><G30/><T120/><D120/><U135/><E135/><V83/><F84/><W47/><G47/><T77/><D48/><U91/><E86/><V21/><F63/><W107/><G107/><T123/><D123/><U20/><REACH who="1" step="1"/><E46/><REACH who="1" ten="121,230,399,240" step="2"/><V36/><F65/><W72/><G72/><T18/><D9/><U15/><E15/><V112/><F112/><W10/><G98/><T13/><D13/><U100/><E100/><V1/><F116/><W6/><G97/><T119/><D119/><U0/><E0/><V95/><F118/><W81/><G87/><T51/><D2/><U3/><E3/><V71/><F71/><W23/><G10/><T12/><D12/><U33/><E33/><V54/><F11/><W61/><G129/><T99/><D99/><RYUUKYOKU ba="1,1" sc="121,-10,230,30,399,-10,240,-10" hai1="20,22,40,45,49,78,79,89,90,91,96,103,105" /><INIT seed="3,2,1,4,2,106" ten="111,260,389,230" oya="3" hai0="18,130,31,112,134,129,97,113,48,83,25,3,71" hai1="84,88,123,55,117,103,80,6,128,87,47,49,94" hai2="76,115,14,34,26,10,52,20,54,122,8,60,63" hai3="89,99,73,74,13,44,132,58,38,95,98,46,0"/><W24/><G0/><T124/><D71/><U114/><E114/><V2/><F115/><N who="0" m="44106" /><D97/><N who="1" m="59831" /><E123/><V40/><F122/><W82/><G132/><T111/><D48/><U36/><E36/><V78/><F40/><W1/><G1/><T39/><D39/><U131/><E87/><V110/><F34/><W50/><G38/><T43/><D43/><U67/><E67/><V22/><F2/><W7/><G24/><T33/><D83/><U35/><E6/><V102/><F102/><W109/><G99/><T70/><D70/><U119/><E35/><V65/><F110/><W91/><G109/><T29/><D111/><U116/><AGARI ba="2,1" hai="47,49,55,80,84,88,116,117,119,128,131" m="59831" machi="116" ten="40,2700,0" yaku="12,1,54,1" doraHai="106" who="1" fromWho="1" sc="111,-9,260,43,389,-9,230,-15" /><INIT seed="4,0,0,4,5,99" ten="102,303,380,215" oya="0" hai0="129,122,79,98,104,4,88,65,115,76,114,69,30" hai1="63,116,20,133,127,73,59,132,121,45,71,33,77" hai2="70,14,7,21,2,3,22,0,50,52,19,89,90" hai3="66,38,86,95,110,83,125,6,107,82,9,28,135"/><T100/><D4/><U130/><E116/><V58/><F70/><W103/><G38/><T105/><D30/><U78/><E121/><V29/><REACH who="2" step="1"/><F7/><REACH who="2" ten="102,303,370,215" step="2"/><W84/><G6/><T75/><D122/><U118/><E71/><V41/><F41/><W92/><G110/><T10/><D10/><U81/><E118/><V61/><F61/><W113/><G9/><T31/><D31/><U18/><E63/><V23/><F23/><W119/><G28/><T54/><D69/><U51/><E20/><V44/><F44/><W32/><G32/><T93/><D65/><U101/><E45/><V109/><F109/><W85/><G66/><T11/><D11/><U15/><E33/><V123/><F123/><W128/><G119/><T49/><D129/><U56/><E130/><V87/><F87/><W74/><G85/><N who="0" m="52367" /><D75/><U60/><E73/><V64/><F64/><W8/><G74/><T46/><D105/><U91/><E60/><V131/><F131/><W48/><G107/><T111/><D111/><U47/><E47/><V97/><F97/><W34/><G34/><T24/><D24/><AGARI ba="0,1" hai="0,2,3,14,19,21,22,24,29,50,52,58,89,90" machi="24" ten="40,2600,0" yaku="1,1,54,1,53,0" doraHai="99" doraHaiUra="108" who="2" fromWho="0" sc="102,-26,303,0,370,36,215,0" /><INIT seed="5,0,0,2,2,45" ten="76,303,406,215" oya="1" hai0="34,25,59,68,127,122,88,48,30,52,120,108,14" hai1="85,22,106,71,72,35,133,82,98,44,55,39,121" hai2="50,107,132,99,118,10,69,42,0,126,89,73,124" hai3="125,4,21,31,36,20,135,101,16,38,115,123,102"/><U37/><E121/><V116/><F73/><W100/><G123/><T56/><D68/><U26/><E72/><V28/><F69/><W46/><G125/><N who="2" m="48233" /><F28/><W53/><G4/><T74/><D127/><U27/><E71/><V8/><F132/><W104/><G104/><T83/><D108/><U3/><E3/><V97/><F89/><W111/><G111/><T70/><D70/><U119/><E133/><V129/><F129/><W76/><G76/><T91/><D122/><U6/><E6/><N who="2" m="1095" /><F10/><W12/><G135/><T81/><D120/><U110/><E110/><V1/><F1/><W63/><G102/><T92/><D91/><U96/><E119/><N who="2" m="45611" /><F107/><W18/><G31/><T105/><D105/><U112/><E106/><V77/><F77/><W80/><G18/><T94/><D94/><U29/><E29/><V13/><F13/><W2/><G12/><T54/><D14/><U57/><E112/><V24/><F24/><W23/><G115/><T66/><D74/><U95/><E27/><V130/><F130/><W87/><G2/><T113/><D113/><U61/><E26/><V64/><F64/><W103/><G21/><T128/><D66/><U5/><E22/><V86/><F86/><W65/><G23/><T75/><D75/><U49/><E85/><V134/><F134/><W19/><G20/><T93/><D128/><U117/><E117/><V62/><F62/><W40/><G65/><T67/><D67/><U78/><E61/><V51/><F42/><W7/><G19/><T17/><D17/><U33/><E78/><V79/><F79/><W60/><G16/><RYUUKYOKU ba="0,0" sc="76,-10,303,-10,406,30,215,-10" hai2="50,51,97,99" /><INIT seed="6,1,0,5,4,116" ten="66,293,436,205" oya="2" hai0="53,111,65,58,29,54,121,125,64,66,106,68,73" hai1="98,88,32,42,109,93,82,21,130,108,72,43,87" hai2="20,119,16,63,104,133,89,47,56,57,5,122,26" hai3="0,102,18,45,94,15,95,41,100,14,70,11,132"/><V55/><F119/><W83/><G0/><T48/><D106/><U114/><E32/><V52/><F104/><W107/><G70/><T105/><D105/><U60/><E114/><V91/><F133/><W49/><G132/><T39/><D73/><U3/><E72/><V10/><F47/><W35/><G35/><T25/><D111/><U69/><E3/><V97/><F122/><W33/><G33/><T128/><D25/><U115/><E115/><V62/><F97/><W36/><G36/><T8/><D29/><U99/><E130/><V77/><F77/><W17/><G83/><T23/><D23/><U31/><E99/><V126/><F126/><W34/><G34/><T46/><D8/><U80/><E80/><V92/><F92/><N who="3" m="35371" /><G107/><T78/><D78/><U9/><E9/><AGARI ba="1,0" hai="9,11,14,15,17,18,41,45,49,100,102" m="35371" machi="9" ten="30,1000,0" yaku="8,1" doraHai="116" who="3" fromWho="1" sc="66,0,293,-13,436,0,205,13" /><INIT seed="7,0,0,1,4,88" ten="66,280,436,218" oya="3" hai0="49,61,92,41,44,68,80,2,26,134,63,42,65" hai1="57,86,82,127,87,48,132,15,67,50,111,39,114" hai2="129,128,135,40,55,124,109,27,76,34,45,66,104" hai3="1,14,47,115,12,99,112,31,126,17,20,23,85"/><W10/><G126/><T98/><D2/><U29/><E127/><V30/><F124/><W131/><G131/><N who="2" m="50249" /><F135/><W81/><G1/><T35/><D134/><U24/><E132/><V102/><F109/><W106/><G31/><T33/><D80/><U130/><E130/><V46/><F66/><W71/><G71/><T91/><D26/><U54/><E111/><V107/><F76/><W121/><G121/><T5/><D5/><U119/><E39/><N who="2" m="21663" /><F102/><W116/><G116/><T11/><D11/><U100/><E119/><V69/><F69/><W108/><G47/><T62/><D42/><U103/><E114/><V37/><F37/><W97/><G106/><T53/><D33/><U118/><E118/><V74/><F74/><W123/><G123/><T32/><D32/><U125/><E125/><V59/><F46/><W13/><G108/><T36/><REACH who="0" step="1"/><D35/><REACH who="0" ten="56,280,436,218" step="2"/><U96/><E24/><V95/><F95/><W25/><G10/><T84/><D84/><U58/><E87/><V77/><F77/><W38/><G85/><T22/><D22/><U90/><E82/><V51/><AGARI ba="0,1" hai="27,30,34,51,55,59,104,107" m="21663,50249" machi="51" ten="30,1100,0" yaku="19,1" doraHai="88" who="2" fromWho="2" sc="56,-3,280,-3,436,21,218,-5" owari="53,-45.0,277,8.0,457,56.0,213,-19.0" /></mjloggm>