<mjloggm ver="2.3"><GO type="41"/><UN n0="%7A%69%69%6E%6B" n1="%E2%80%A1%E2%80%A0%E3%82%B3%E3%82%A6%E3%83%A1%E3%82%A4%E2%80%A0%E2%80%A1" n2="%E3%82%AB%E3%82%B7%E3%83%A4%E3%83%9E" n3="%EF%BC%88%E2%89%A7%E2%96%BD%E2%89%A6%EF%BC%89" dan="14,15,13,14" rate="1894,2019,1982,2030" sx="M,M,M,M"/><TAIKYOKU oya="0"/><INIT seed="0,0,0,4,3,62" ten="250,250,250,250" oya="0" hai0="105,63,128,65,24,113,29,7,119,56,94,66,64" hai1="118,21,30,88,97,25,51,61,117,102,48,31,15" hai2="92,45,13,46,36,52,38,75,22,43,78,37,11" hai3="91,58,32,114,133,40,42,127,6,1,39,111,84"/><T19/><D119/><U132/><E132/><V122/><F122/><W125/><G114/><T123/><D123/><U34/><E118/><V18/><F75/><W108/><G32/><T2/><D113/><U60/><E117/><V20/><F78/><W49/><G133/><T126/><D105/><U74/><E74/><V69/><F69/><W83/><G1/><T10/><D128/><U44/><E31/><V72/><F72/><W86/><G6/><T16/><D126/><N who="3" m="48137" /><G39/><T107/><D107/><U33/><E48/><V89/><F52/><N who="3" m="32015" /><G84/><T110/><D110/><AGARI ba="0,0" hai="40,42,83,86,91,108,110,111" m="32015,48137" machi="110" ten="30,3900,0" yaku="14,1,18,1,54,1" doraHai="62" who="3" fromWho="0" sc="250,-39,250,0,250,0,250,39" /><INIT seed="1,0,0,3,5,104" ten="211,250,250,289" oya="1" hai0="56,27,32,120,103,49,131,132,22,78,54,90,2" hai1="24,135,92,15,69,12,51,46,83,7,42,37,1" hai2="134,96,29,67,93,61,43,121,106,65,99,117,86" hai3="13,84,57,91,95,108,129,35,64,58,34,80,115"/><U110/><E69/><V50/><F121/><W118/><G115/><T41/><D120/><U21/><E135/><V30/><F117/><W18/><G118/><T53/><D2/><U127/><E127/><V87/><F134/><W116/><G116/><T74/><D132/><U76/><E110/><V39/><F106/><W112/><G112/><T70/><D70/><U97/><E1/><V44/><F39/><W47/><G129/><T111/><D131/><U17/><E37/><V85/><F61/><W19/><G108/><T94/><D111/><U48/><E51/><V107/><F107/><W66/><G47/><T133/><D103/><U105/><E105/><V101/><F96/><W45/><G45/><T128/><D128/><U119/><E119/><V100/><F101/><W14/><G95/><T79/><D32/><U60/><E60/><V11/><F11/><W10/><G35/><T68/><D41/><U36/><E36/><V113/><F113/><W73/><G73/><T63/><D68/><U98/><E92/><V5/><F5/><W124/><G34/><T77/><D133/><U122/><E122/><V114/><F114/><W71/><G124/><T23/><D23/><U8/><REACH who="1" step="1"/><E24/><REACH who="1" step="2"/><V31/><AGARI ba="0,1" hai="29,30,31,43,44,50,65,67,85,86,87,93,99,100" machi="31" ten="30,2000,0" yaku="0,1,8,1" doraHai="104" who="2" fromWho="2" sc="211,-5,240,-10,250,30,289,-5" /><INIT seed="2,0,0,3,4,12" ten="206,230,280,284" oya="2" hai0="34,113,17,117,121,90,23,5,0,36,37,126,114" hai1="28,54,108,81,44,11,109,82,38,97,105,51,57" hai2="134,95,110,21,32,52,103,48,131,31,8,61,102" hai3="29,62,26,84,33,79,73,87,71,59,92,67,99"/><V111/><F32/><W133/><G133/><T91/><D121/><U7/><E28/><V16/><F131/><W86/><G73/><T123/><D123/><U42/><E105/><V116/><F61/><W47/><G47/><T107/><D107/><U119/><E119/><V15/><F134/><W60/><G79/><T64/><D64/><U14/><REACH who="1" step="1"/><E97/><REACH who="1" step="2"/><V80/><F116/><W24/><G29/><T69/><D117/><U19/><E19/><N who="2" m="8679" /><F31/><W85/><G33/><T4/><D34/><U88/><E88/><V130/><F130/><W13/><G99/><T106/><D106/><U68/><E68/><V124/><F124/><W98/><G98/><T30/><D30/><U10/><E10/><V25/><F80/><AGARI ba="0,1" hai="7,11,14,38,42,44,51,54,57,80,81,82,108,109" machi="80" ten="40,1300,0" yaku="1,1,53,0" doraHai="12" doraHaiUra="100" who="1" fromWho="2" sc="206,0,220,23,280,-13,284,0" /><INIT seed="3,0,0,4,4,13" ten="206,243,267,284" oya="3" hai0="87,80,14,114,117,31,15,112,9,132,90,104,70" hai1="48,46,2,84,100,49,67,11,23,61,95,89,71" hai2="65,4,113,6,40,133,36,34,28,16,131,0,59" hai3="51,105,45,108,10,35,83,78,26,19,66,99,69"/><W74/><G108/><T103/><D117/><U126/><E126/><V130/><F133/><W18/><G10/><T42/><D70/><U111/><E111/><V76/><F36/><W12/><G12/><T88/><D31/><U44/><E100/><V94/><F76/><W134/><G134/><T37/><D132/><U101/><E101/><V38/><F38/><W62/><G105/><T8/><D42/><U107/><E107/><V43/><F113/><N who="0" m="43626" /><D37/><U129/><E129/><N who="2" m="49163" /><F0/><W86/><G99/><N who="0" m="61567" /><D90/><U3/><E11/><AGARI ba="0,0" hai="8,9,11,14,15,80,87,88" m="61567,43626" machi="11" ten="30,2000,0" yaku="11,1,54,1" doraHai="13" who="0" fromWho="1" sc="206,20,243,-20,267,0,284,0" /><INIT seed="4,0,0,1,5,42" ten="226,223,267,284" oya="0" hai0="112,123,25,130,31,51,111,60,19,43,81,107,44" hai1="132,117,52,113,133,14,46,100,24,49,66,86,85" hai2="109,63,96,35,119,22,82,36,108,68,126,61,18" hai3="94,45,134,67,57,27,80,70,71,92,124,102,131"/><T64/><D123/><U78/><E117/><V21/><F35/><W11/><G134/><N who="1" m="51818" /><E100/><V29/><F119/><W4/><G131/><T3/><D130/><U48/><E66/><V32/><F126/><W50/><G124/><T12/><D107/><U84/><E24/><V56/><F32/><W115/><G115/><T89/><D112/><U40/><E113/><V8/><F36/><W103/><G71/><T55/><D111/><U110/><E110/><V77/><F68/><W105/><G70/><T20/><D3/><U54/><E14/><V95/><F108/><W41/><G105/><T76/><D89/><U69/><E69/><V1/><F1/><W0/><G27/><T121/><D121/><U26/><E26/><V91/><F109/><W72/><G103/><T125/><D125/><U118/><E118/><V65/><F61/><W16/><G102/><T6/><D6/><U88/><E78/><V116/><F29/><W10/><G67/><T23/><D60/><U53/><E49/><V9/><F116/><W62/><G62/><T7/><D7/><U58/><E58/><V75/><F22/><W87/><G57/><T120/><D64/><U13/><E13/><AGARI ba="0,0" hai="8,9,13,18,21,56,63,65,75,77,82,91,95,96" machi="13" ten="30,1000,0" yaku="7,1" doraHai="42" who="2" fromWho="1" sc="226,0,223,-10,267,10,284,0" /><INIT seed="5,0,0,3,2,107" ten="226,213,277,284" oya="1" hai0="52,135,5,105,41,78,96,31,0,36,116,47,85" hai1="118,97,65,6,94,119,14,29,129,10,13,93,9" hai2="20,63,128,89,126,77,22,92,84,60,109,67,25" hai3="99,39,69,12,53,80,50,37,27,21,45,18,23"/><U54/><E129/><V56/><F126/><W2/><G2/><T55/><D135/><U17/><E65/><V8/><F128/><W33/><G33/><T64/><D64/><U57/><E29/><V133/><F109/><W43/><G69/><T15/><D116/><U117/><REACH who="1" step="1"/><E97/><REACH who="1" step="2"/><V11/><F133/><W115/><G99/><T72/><D31/><U100/><E100/><V131/><F131/><W19/><G115/><T103/><D72/><U120/><E120/><V68/><F20/><W3/><G23/><T106/><D106/><U86/><E86/><V83/><F68/><W40/><G21/><T73/><D85/><U71/><E71/><V24/><F60/><AGARI ba="0,1" hai="6,9,10,13,14,17,54,57,60,93,94,117,118,119" machi="60" ten="40,7700,0" yaku="1,1,53,2" doraHai="107" doraHaiUra="90" who="1" fromWho="2" sc="226,0,203,87,277,-77,284,0" /><INIT seed="5,1,0,4,3,78" ten="226,290,200,284" oya="1" hai0="11,21,55,61,129,122,86,126,37,59,83,28,47" hai1="40,127,100,5,121,2,128,3,43,81,23,98,16" hai2="35,82,107,80,130,102,66,134,12,90,114,103,14" hai3="85,92,77,74,50,36,123,15,104,75,52,69,84"/><U116/><E116/><V99/><F35/><W49/><G123/><T73/><D122/><U70/><E121/><V67/><F130/><W76/><G104/><T45/><D73/><U27/><E128/><V53/><F114/><W8/><G36/><T111/><D111/><U72/><E70/><V95/><F134/><W42/><G69/><T25/><D129/><U13/><E127/><V32/><F32/><W22/><G22/><T48/><D126/><U108/><E108/><V38/><F38/><W10/><G42/><T101/><D101/><N who="2" m="38410" /><F107/><W120/><G120/><T65/><D37/><U0/><E5/><V133/><F133/><W93/><G15/><N who="2" m="5673" /><F53/><AGARI ba="1,0" hai="8,10,49,50,52,53,74,75,76,77,84,85,92,93" machi="53" ten="25,3200,0" yaku="22,2,54,1" doraHai="78" who="3" fromWho="2" sc="226,0,290,0,200,-35,284,35" /><INIT seed="6,0,0,3,1,53" ten="226,290,165,319" oya="2" hai0="59,116,67,25,101,8,98,120,135,62,90,10,85" hai1="50,18,93,91,83,106,26,70,131,77,14,56,64" hai2="86,11,55,63,32,104,31,103,5,40,97,49,124" hai3="134,88,105,51,133,21,108,12,23,4,82,34,125"/><V54/><F124/><W39/><G39/><T111/><D111/><U38/><E38/><V121/><F121/><W27/><G108/><T24/><D120/><U94/><E106/><V22/><F86/><N who="3" m="50263" /><G105/><T37/><D37/><U102/><E70/><V46/><F63/><W13/><G125/><T76/><D76/><U117/><E131/><V6/><F32/><W15/><G4/><T130/><D130/><U132/><E132/><N who="3" m="50794" /><G51/><T19/><D135/><U129/><E129/><V95/><F104/><W87/><G87/><T43/><D43/><U29/><E117/><V72/><F72/><W42/><G42/><T115/><D115/><U69/><E69/><V109/><F109/><W71/><G71/><T16/><D116/><U45/><E102/><V119/><F119/><W75/><G75/><T57/><D101/><U123/><E123/><V110/><F110/><W30/><AGARI ba="0,0" hai="12,13,15,21,23,27,30,34" m="50794,50263" machi="30" ten="40,2700,0" yaku="20,1,54,1" doraHai="53" who="3" fromWho="3" sc="226,-7,290,-7,165,-13,319,27" /><INIT seed="7,0,0,4,2,91" ten="219,283,152,346" oya="3" hai0="1,117,67,104,128,97,57,109,125,4,100,132,7" hai1="110,48,87,75,89,47,65,11,112,69,63,114,2" hai2="29,12,108,106,59,31,24,25,21,40,0,46,88" hai3="45,62,66,39,120,14,36,84,119,83,42,113,123"/><W5/><G119/><T55/><D117/><U77/><E110/><V3/><F106/><W49/><G113/><T72/><D109/><U27/><E75/><V121/><F108/><W30/><G30/><T10/><D128/><U133/><E133/><V134/><F121/><W127/><G127/><T124/><D132/><U26/><E77/><V130/><F59/><N who="3" m="37215" /><G39/><T96/><D72/><U122/><E122/><V126/><F46/><W71/><G71/><T118/><D118/><U18/><E112/><V56/><F40/><W85/><G85/><T38/><D38/><U129/><E129/><V74/><F56/><W44/><G44/><T37/><D37/><U41/><E114/><V50/><F50/><W101/><G101/><T116/><D116/><U95/><REACH who="1" step="1"/><E18/><REACH who="1" step="2"/><V78/><F74/><W64/><G123/><T70/><D124/><U81/><E81/><V103/><F78/><W23/><G83/><T115/><D115/><U107/><E107/><V9/><F103/><W20/><G120/><T16/><D125/><U60/><E60/><V111/><F111/><W51/><G36/><T131/><D131/><U28/><E28/><V68/><F68/><W105/><G105/><T17/><D104/><U102/><E102/><V61/><F126/><W33/><G42/><T73/><D73/><U82/><E82/><V8/><F130/><W135/><G135/><T58/><D70/><U90/><E90/><V13/><F88/><W34/><G49/><T52/><D1/><N who="2" m="586" /><F134/><W22/><G51/><T76/><D76/><U80/><E80/><V99/><F61/><W19/><G19/><RYUUKYOKU ba="0,1" sc="219,-10,273,30,152,-10,346,-10" hai1="2,11,26,27,41,47,48,63,65,69,87,89,95" owari="209,-19.0,303,10.0,142,-36.0,346,45.0" /></mjloggm>