<mjloggm ver="2.3"><GO type="97"/><UN n0="%E5%B0%8F%E5%87%9B%E2%98%85" n1="%E3%82%A6%E3%83%AB%E3%83%88%E3%83%A9%E7%AB%8B%E7%9B%B4" n2="%E3%83%96%E3%83%AD%E3%83%B3%E3%83%89%E3%83%98%E3%82%A2" n3="%61%70%65%63" dan="16,15,14,13" rate="1960,1964,2028,1809" sx="M,M,M,M"/><TAIKYOKU oya="0"/><INIT seed="0,0,0,1,5,2" ten="250,250,250,250" oya="0" hai0="90,30,110,4,81,126,65,92,6,79,130,20,119" hai1="17,44,114,75,128,28,108,71,120,10,127,37,62" hai2="98,93,46,0,41,32,5,42,95,74,14,43,117" hai3="27,39,7,121,8,31,97,15,48,50,49,66,55"/><T33/><D119/><U100/><E100/><V89/><F32/><W115/><G39/><T82/><D33/><U73/><E62/><V112/><F112/><W45/><G121/><T83/><D65/><U102/><E102/><V24/><F74/><W85/><G115/><T134/><D134/><U56/><E56/><V118/><F0/><W69/><G97/><T58/><D130/><U104/><E17/><V52/><F24/><W72/><G72/><T38/><D126/><U25/><E28/><V122/><F122/><W36/><G36/><T78/><D38/><U106/><E10/><N who="2" m="4431" /><F93/><W88/><G66/><T40/><D110/><U64/><E64/><V35/><F35/><W103/><G103/><T12/><D40/><U19/><E25/><V63/><F63/><W124/><G69/><T16/><D30/><U113/><E19/><V129/><F129/><W3/><G3/><T61/><D58/><U99/><E106/><V96/><F96/><W11/><G11/><T23/><D61/><U57/><E99/><V94/><F94/><W76/><G76/><N who="0" m="29227" /><D23/><U87/><E57/><V132/><F132/><W9/><G9/><T51/><D51/><U84/><E44/><V77/><F43/><W109/><G124/><T111/><D111/><U123/><E114/><V68/><F68/><W67/><G67/><T131/><D131/><U86/><E123/><V47/><F47/><W125/><G125/><T101/><D101/><U21/><E120/><V13/><F13/><W70/><G70/><T29/><D29/><U1/><E71/><V116/><F77/><W22/><G109/><RYUUKYOKU ba="0,0" sc="250,10,250,-30,250,10,250,10" hai0="4,6,12,16,20,81,82,83,90,92" hai2="41,42,46,52,89,95,98,116,117,118" hai3="7,8,15,22,27,31,45,48,49,50,55,85,88" /><INIT seed="0,1,0,5,2,5" ten="260,220,260,260" oya="0" hai0="35,93,49,72,108,24,46,21,26,77,132,68,43" hai1="19,123,25,27,47,32,41,107,34,67,83,7,86" hai2="12,40,20,29,57,13,14,116,74,94,78,100,64" hai3="31,128,80,135,85,115,89,39,112,95,61,134,79"/><T16/><D68/><U76/><E123/><V121/><F121/><W23/><G39/><T130/><D130/><U70/><E107/><V98/><F40/><W11/><G128/><T50/><D132/><U37/><E70/><V71/><F71/><W38/><G38/><T118/><D118/><U129/><E67/><V65/><F116/><W18/><G31/><T120/><D120/><U44/><E129/><V97/><F98/><W104/><G104/><T122/><D122/><U53/><E47/><V0/><F0/><W2/><G61/><T10/><D77/><U6/><E53/><V133/><F133/><W117/><G117/><T81/><D81/><U113/><E113/><V73/><F78/><W30/><G30/><T28/><D72/><U55/><E55/><V75/><REACH who="2" step="1"/><F57/><REACH who="2" ten="260,220,250,260" step="2"/><W102/><G135/><T52/><D108/><U106/><E41/><V51/><F51/><W125/><G134/><T1/><D50/><U92/><E37/><V3/><F3/><W8/><G115/><T88/><D43/><U96/><E96/><V91/><F91/><W59/><G2/><T109/><D109/><U90/><E76/><V84/><F84/><W103/><G112/><T42/><D42/><U127/><E86/><V101/><F101/><N who="3" m="38411" /><G59/><T62/><D1/><U33/><E90/><V15/><N who="2" m="3584" /><DORA hai="126" /><V60/><F60/><W45/><G85/><N who="0" m="52367" /><D62/><U99/><E99/><V69/><F69/><W48/><G48/><T114/><D114/><U54/><E6/><V63/><F63/><W105/><G79/><T131/><D131/><U119/><E7/><V82/><F82/><RYUUKYOKU ba="1,1" sc="260,15,220,-15,250,15,260,-15" hai0="10,16,21,24,26,28,35,46,49,52" hai2="20,29,64,65,73,74,75,94,97,100" /><INIT seed="0,2,1,1,4,31" ten="275,205,265,245" oya="0" hai0="102,44,85,108,133,4,81,37,0,13,75,55,122" hai1="99,51,56,7,121,100,66,11,107,15,118,9,41" hai2="24,134,73,2,95,132,25,53,40,82,110,48,128" hai3="32,92,34,69,87,86,101,22,61,79,35,12,62"/><T38/><D122/><U131/><E118/><V63/><F2/><W114/><G114/><T67/><D133/><N who="2" m="51306" /><F110/><W5/><G69/><T10/><D108/><U8/><E131/><V76/><F128/><W97/><G87/><T45/><D102/><U124/><E124/><V18/><F95/><W60/><G86/><T20/><D75/><U26/><E121/><V78/><F76/><W90/><G79/><T94/><D94/><U33/><E41/><V123/><F123/><W112/><G112/><T106/><D106/><U77/><E77/><V117/><F117/><W127/><G127/><T1/><D67/><U52/><REACH who="1" step="1"/><E66/><REACH who="1" ten="275,195,265,245" step="2"/><V49/><F40/><W27/><G101/><T50/><D38/><U89/><E89/><V47/><F47/><W16/><REACH who="3" step="1"/><G5/><REACH who="3" ten="275,195,265,235" step="2"/><T116/><D4/><U125/><E125/><V46/><F78/><W88/><G88/><T74/><D116/><U96/><E96/><V59/><F73/><W83/><G83/><T111/><D74/><U42/><E42/><V130/><F82/><W14/><AGARI ba="2,3" hai="12,14,16,22,27,32,34,35,60,61,62,90,92,97" machi="14" ten="40,12000,2" yaku="1,1,0,1,52,3,54,1,53,0" doraHai="31" doraHaiUra="126" who="3" fromWho="3" sc="275,-62,195,-32,265,-32,235,156" /><INIT seed="1,0,0,4,4,56" ten="213,163,233,391" oya="1" hai0="54,125,134,57,108,8,20,133,82,76,21,4,12" hai1="129,94,99,92,113,100,66,104,36,11,7,49,34" hai2="95,5,40,115,2,89,46,79,73,106,68,51,35" hai3="67,87,112,41,78,13,18,65,32,91,121,64,60"/><U85/><E36/><V48/><F106/><W135/><G32/><T53/><D108/><U124/><E113/><V45/><F35/><W55/><G121/><T130/><D125/><U16/><E124/><V102/><F102/><W31/><G31/><T84/><D130/><U86/><E129/><V128/><F128/><W61/><G135/><T47/><D47/><U109/><E109/><V24/><F24/><W119/><G112/><T37/><D37/><U103/><E34/><V107/><F107/><W38/><G78/><T43/><D43/><U101/><E104/><V26/><F26/><W122/><G122/><T33/><D33/><U28/><E28/><V114/><F5/><W132/><G132/><N who="0" m="50795" /><D54/><U63/><E49/><AGARI ba="0,0" hai="4,8,12,20,21,49,53,57,76,82,84" m="50795" machi="49" ten="30,1000,0" yaku="20,1" doraHai="56" who="0" fromWho="1" sc="213,10,163,-10,233,0,391,0" /><INIT seed="2,0,0,3,2,28" ten="223,153,233,391" oya="2" hai0="47,106,66,85,95,123,110,90,114,31,17,101,54" hai1="105,116,52,35,98,22,3,65,30,81,120,19,6" hai2="26,32,39,109,57,13,131,60,107,23,108,40,1" hai3="132,125,96,118,44,25,14,134,89,78,82,61,58"/><V94/><F107/><W10/><G118/><T128/><D114/><U113/><E116/><V5/><F1/><W97/><G125/><T112/><D123/><U37/><E37/><V79/><F79/><W50/><G25/><T45/><D66/><U87/><E120/><V12/><F94/><W38/><G38/><T76/><D17/><U130/><E113/><V9/><F40/><W27/><G27/><T133/><D31/><U69/><E130/><V117/><F39/><W8/><G8/><T46/><D133/><U55/><E30/><N who="2" m="19543" /><F117/><W21/><G21/><T42/><D42/><U4/><E35/><V63/><F57/><W62/><G62/><T11/><D11/><U41/><E41/><V15/><F131/><W84/><G134/><T124/><D124/><U127/><E127/><V126/><F126/><W24/><G24/><T70/><D70/><U36/><E36/><V135/><F135/><W103/><G103/><T75/><D128/><U2/><E2/><N who="2" m="183" /><F23/><W119/><G89/><T49/><D112/><U68/><E3/><V88/><F88/><W33/><G33/><T0/><D0/><U59/><E69/><V72/><F72/><W56/><G56/><T122/><D122/><U99/><E68/><V92/><F92/><W91/><G91/><T29/><D29/><U86/><E105/><V80/><F80/><W129/><G119/><T77/><D77/><N who="1" m="46383" /><E87/><V67/><F67/><N who="3" m="39351" /><G129/><T53/><D76/><U34/><E34/><V7/><F7/><N who="1" m="2601" /><E65/><V100/><F100/><W74/><G74/><T115/><D75/><U73/><E73/><V43/><F43/><RYUUKYOKU ba="0,0" sc="223,-10,153,-10,233,30,391,-10" hai2="12,13,15,60,63,108,109" /><INIT seed="2,1,0,1,2,64" ten="213,143,263,381" oya="2" hai0="38,113,37,1,10,35,69,9,75,8,77,15,122" hai1="29,47,119,57,60,134,115,131,80,46,135,34,67" hai2="49,86,63,82,21,68,108,85,30,117,0,4,23" hai3="7,72,17,107,44,66,88,19,55,130,25,41,51"/><V54/><F117/><W123/><G107/><T101/><D122/><U126/><E29/><V110/><F4/><W98/><G72/><T78/><D113/><U79/><E34/><V40/><F0/><W65/><G123/><T12/><D35/><U42/><E119/><V27/><F40/><W24/><G130/><T133/><D1/><U31/><E31/><V120/><F120/><W124/><G124/><T103/><D10/><U73/><E115/><V104/><F104/><W92/><G7/><T56/><D56/><U39/><E126/><V58/><F23/><N who="3" m="13423" /><G41/><T43/><D43/><U87/><E47/><V53/><F82/><W116/><G116/><T18/><D18/><U6/><E131/><V97/><F97/><W32/><G32/><T94/><D94/><U26/><E26/><V74/><F74/><W106/><G106/><T83/><D83/><U13/><E13/><V33/><F33/><W90/><G90/><T95/><D95/><U91/><E6/><V84/><REACH who="2" step="1"/><F68/><REACH who="2" ten="213,143,253,381" step="2"/><W114/><G114/><T121/><D75/><U70/><E73/><V111/><F111/><W59/><G44/><AGARI ba="1,1" hai="21,27,30,44,49,53,54,58,63,84,85,86,108,110" machi="44" ten="40,2000,0" yaku="1,1,53,0" doraHai="64" doraHaiUra="2" who="2" fromWho="3" sc="213,0,143,0,253,33,381,-23" /><INIT seed="2,2,0,5,5,92" ten="213,143,286,358" oya="2" hai0="22,108,126,127,105,104,76,117,20,35,112,130,44" hai1="21,62,5,128,80,14,119,64,120,133,84,123,89" hai2="113,1,111,68,19,28,81,72,18,135,48,63,86" hai3="13,95,132,46,29,58,38,27,73,124,87,15,101"/><V96/><F113/><W24/><G73/><T129/><D44/><U91/><E119/><V3/><F72/><W75/><G75/><T71/><D35/><U39/><E39/><V118/><F118/><W65/><G132/><T115/><D71/><U59/><E133/><V100/><F135/><W57/><G124/><N who="0" m="47659" /><D117/><U37/><E128/><N who="0" m="49257" /><D76/><U50/><E37/><V60/><F28/><W97/><G38/><T114/><D108/><U69/><E69/><V47/><F3/><W74/><G74/><T131/><N who="0" m="49265" /><T66/><DORA hai="77" /><D66/><U125/><E125/><V40/><F1/><W43/><G43/><T12/><D12/><N who="3" m="4681" /><G46/><T98/><D98/><U70/><E70/><V8/><F68/><W103/><G103/><T94/><D94/><U85/><E50/><V23/><F8/><W4/><G4/><T9/><D9/><U49/><E49/><V32/><F32/><W17/><G65/><T88/><D88/><U78/><E78/><N who="2" m="46391" /><F111/><W36/><G36/><T2/><D2/><U25/><E14/><N who="2" m="9687" /><F19/><W34/><G34/><T26/><D26/><U33/><E5/><V116/><F116/><W67/><G67/><T11/><D11/><U61/><E33/><V41/><F41/><W54/><G29/><T42/><D42/><U6/><E6/><V56/><F56/><W45/><G58/><T107/><AGARI ba="2,0" hai="20,22,104,105,107,112,114,115" m="49265,47659" machi="107" ten="60,8000,1" yaku="28,2,18,1,19,1" doraHai="92,77" who="0" fromWho="0" sc="213,86,143,-22,286,-42,358,-22" /><INIT seed="3,0,0,0,4,4" ten="299,121,244,336" oya="3" hai0="21,100,125,119,132,40,110,18,20,15,92,26,95" hai1="103,128,25,124,115,62,12,84,3,16,69,106,76" hai2="99,60,42,8,64,118,2,66,13,59,102,108,47" hai3="89,7,32,34,53,75,72,24,38,77,52,65,91"/><W79/><G38/><T11/><D119/><U45/><E3/><V90/><F2/><W70/><G7/><T96/><D125/><U71/><E115/><V101/><F118/><W48/><G65/><T43/><D132/><U74/><E74/><V104/><F108/><W97/><G24/><T5/><D110/><U87/><E124/><V130/><F130/><W88/><G97/><T19/><REACH who="0" step="1"/><D95/><REACH who="0" ten="289,121,244,336" step="2"/><U80/><E128/><V120/><F120/><W30/><G70/><T98/><D98/><U51/><E106/><V78/><F104/><W135/><G135/><T105/><D105/><U58/><E103/><V28/><F28/><W36/><G30/><T29/><D29/><U82/><E69/><V116/><F116/><W73/><G36/><T134/><D134/><U46/><E71/><V133/><F133/><W126/><G126/><T67/><D67/><U22/><E82/><V63/><F78/><N who="3" m="29707" /><G48/><T111/><D111/><U127/><E127/><V107/><F101/><W35/><AGARI ba="0,1" hai="32,34,35,52,53,72,73,75,88,89,91" m="29707" machi="35" ten="50,18000,2" yaku="29,2,28,2,54,2" doraHai="4" who="3" fromWho="3" sc="289,-60,121,-60,244,-60,336,190" owari="229,3.0,61,-44.0,184,-22.0,526,63.0" /></mjloggm>