<mjloggm ver="2.3"><GO type="41"/><UN n0="%EF%BC%88%E2%89%A7%E2%96%BD%E2%89%A6%EF%BC%89" n1="%E3%83%87%E3%82%AA%E3%83%B3" n2="%E3%81%93%E3%81%93%E3%81%82%E3%83%BC%E3%82%93" n3="%EF%BD%8F%EF%BD%92%EF%BD%89%EF%BD%82%EF%BD%85" dan="15,14,14,15" rate="2063,1888,1849,1987" sx="M,M,M,M"/><TAIKYOKU oya="0"/><INIT seed="0,0,0,1,0,53" ten="250,250,250,250" oya="0" hai0="80,25,51,40,115,87,45,102,29,101,18,35,104" hai1="122,130,76,0,91,73,96,28,88,84,117,2,47" hai2="13,109,30,11,31,54,33,57,97,21,12,94,119" hai3="19,79,112,135,9,22,108,114,75,111,1,100,103"/><T83/><D115/><N who="3" m="44073" /><G1/><T42/><D104/><U70/><E70/><V65/><F33/><W128/><G9/><T68/><D68/><U55/><E117/><V131/><F119/><W132/><G19/><T23/><D42/><U105/><E122/><V46/><F109/><N who="3" m="42059" /><G22/><T85/><D85/><U60/><E130/><V37/><F131/><W116/><G116/><T32/><D83/><U74/><E2/><V106/><F106/><W44/><G44/><T15/><REACH who="0" step="1"/><D35/><REACH who="0" step="2"/><U120/><E120/><V63/><F37/><W77/><G128/><T43/><D43/><U129/><E105/><V134/><F134/><N who="3" m="51243" /><G75/><T93/><D93/><U90/><E74/><V6/><F94/><W127/><G127/><T61/><D61/><U20/><E73/><V118/><F63/><W56/><G56/><T133/><D133/><U124/><E124/><V121/><F57/><W17/><G17/><T126/><D126/><U99/><E129/><V71/><F118/><W110/><G110/><T26/><D26/><U67/><E60/><V36/><F36/><W14/><G14/><T7/><D7/><U98/><E47/><V64/><F46/><W125/><G125/><T95/><D95/><U8/><E0/><V78/><F6/><W5/><G5/><T66/><D66/><U27/><E67/><V123/><F64/><W10/><G10/><T3/><D3/><U59/><E8/><V113/><F65/><W50/><G50/><T58/><D58/><U69/><E69/><V16/><F121/><W49/><G49/><T107/><D107/><U81/><E59/><V4/><F123/><RYUUKYOKU ba="0,1" sc="240,10,250,10,250,-30,250,10" hai0="15,18,23,25,29,32,40,45,51,80,87,101,102" hai1="20,27,28,55,76,81,84,88,90,91,96,98,99" hai3="77,79,100,103" /><INIT seed="0,1,1,5,5,92" ten="250,260,220,260" oya="0" hai0="79,30,1,41,3,81,109,114,54,61,122,29,62" hai1="110,56,88,100,90,22,113,124,96,52,24,93,69" hai2="16,127,65,132,46,42,37,125,123,70,23,74,43" hai3="89,55,11,0,118,66,82,44,49,64,76,32,107"/><T8/><D114/><U133/><E110/><V10/><F123/><W21/><G32/><T17/><D122/><U128/><E69/><V2/><F74/><W98/><G118/><T4/><D109/><U121/><E113/><V94/><F132/><W18/><G0/><T86/><D1/><U25/><E121/><V57/><F43/><W104/><G104/><T20/><D41/><U116/><E116/><V50/><F2/><W78/><G11/><T59/><REACH who="0" step="1"/><D62/><REACH who="0" step="2"/><N who="1" m="36103" /><E133/><V131/><F42/><W106/><G66/><T60/><D60/><U26/><E128/><V99/><F65/><W129/><G64/><T15/><AGARI ba="1,2" hai="3,4,8,15,17,20,29,30,54,59,61,79,81,86" machi="15" ten="20,7800,0" yaku="1,1,0,1,7,1,53,1" doraHai="92" doraHaiUra="12" who="0" fromWho="0" sc="240,101,260,-27,220,-27,260,-27" /><INIT seed="0,2,0,0,2,24" ten="341,233,193,233" oya="0" hai0="48,61,23,74,97,85,70,71,33,45,6,7,93" hai1="38,17,60,25,5,46,18,80,132,130,76,78,21" hai2="8,42,19,88,105,83,32,122,15,28,92,120,49" hai3="135,133,11,1,53,20,30,4,79,29,101,108,69"/><T34/><D74/><U129/><E132/><N who="3" m="50762" /><G69/><T3/><D85/><U118/><E118/><V58/><F105/><W16/><G108/><T81/><D81/><U89/><E5/><V124/><F124/><W103/><G79/><T112/><D112/><U72/><E78/><V63/><F83/><W10/><G10/><T56/><D23/><U125/><E125/><V14/><F42/><W35/><G53/><T37/><D37/><U65/><E89/><V109/><F49/><W12/><G35/><T66/><D70/><U110/><E110/><V41/><F41/><W31/><AGARI ba="2,0" hai="1,4,11,12,16,20,29,30,31,101,103" m="50762" machi="31" ten="30,8000,1" yaku="20,1,52,3,54,1" doraHai="24" who="3" fromWho="3" sc="341,-42,233,-22,193,-22,233,86" /><INIT seed="1,0,0,1,0,36" ten="299,211,171,319" oya="1" hai0="42,52,88,122,3,6,79,56,75,40,20,77,35" hai1="84,8,89,128,114,64,115,45,38,106,30,26,31" hai2="17,72,70,12,127,113,135,112,9,118,126,14,33" hai3="105,100,43,132,93,120,1,74,81,16,124,61,78"/><U116/><E106/><V51/><F70/><W117/><G1/><T39/><D35/><U76/><E116/><V55/><F72/><W82/><G120/><T68/><D68/><U0/><E76/><N who="0" m="29257" /><D75/><U37/><E64/><V5/><F118/><W95/><G117/><T22/><D3/><U44/><E128/><V111/><F33/><W21/><G82/><T11/><D39/><U109/><E0/><V49/><F49/><W57/><G132/><T62/><D122/><U4/><E109/><V25/><F25/><W123/><G124/><N who="2" m="47657" /><F135/><W87/><G74/><T60/><D60/><U104/><E104/><V130/><F130/><W2/><G2/><T83/><D11/><U102/><E8/><N who="2" m="6343" /><F111/><W7/><G7/><T59/><D56/><AGARI ba="0,0" hai="5,9,12,51,55,56,112,113" m="6343,47657" machi="56" ten="30,1000,0" yaku="18,1" doraHai="36" who="2" fromWho="0" sc="299,-10,211,0,171,10,319,0" /><INIT seed="2,0,0,0,1,29" ten="289,211,181,319" oya="2" hai0="124,103,4,40,13,48,11,101,116,84,59,76,60" hai1="54,67,118,89,128,74,20,88,25,18,1,61,44" hai2="68,53,42,58,127,43,34,27,77,36,98,94,45" hai3="104,111,117,39,16,9,23,132,90,113,110,12,32"/><V10/><F68/><W21/><G39/><T35/><D124/><U102/><E74/><V70/><F70/><W47/><G104/><T93/><D116/><U122/><E118/><V80/><F127/><W119/><G47/><N who="0" m="25703" /><D35/><U64/><E1/><V79/><F43/><W49/><G49/><T125/><D125/><U51/><E128/><V83/><F10/><W0/><G90/><N who="0" m="53447" /><D76/><U17/><E102/><V7/><F7/><N who="3" m="1255" /><G132/><T109/><D109/><N who="3" m="41481" /><G113/><T129/><D129/><U38/><E38/><V14/><F79/><W73/><G73/><T112/><D112/><U5/><E5/><V99/><F99/><W131/><G131/><T6/><D6/><U62/><E122/><V134/><F134/><W24/><G32/><T57/><D57/><U123/><E123/><V56/><F56/><W78/><G78/><T107/><D107/><U63/><E64/><AGARI ba="0,0" hai="4,11,13,59,60,64,101,103" m="53447,25703" machi="64" ten="30,1000,0" yaku="8,1" doraHai="29" who="0" fromWho="1" sc="289,10,211,-10,181,0,319,0" /><INIT seed="3,0,0,0,0,45" ten="299,201,181,319" oya="3" hai0="42,117,109,60,80,25,26,74,94,37,46,83,12" hai1="91,95,111,70,92,66,119,100,121,32,133,128,59" hai2="120,4,1,20,15,56,75,51,108,41,99,19,90" hai3="13,55,38,7,8,58,115,84,34,112,77,50,22"/><W89/><G38/><T64/><D117/><U49/><E121/><V5/><F75/><W61/><G34/><T86/><D109/><U103/><E32/><V44/><F108/><W106/><G106/><T0/><D0/><U39/><E39/><V107/><F120/><W21/><G77/><T97/><D12/><U76/><E76/><V43/><F1/><W52/><G112/><T122/><D80/><U72/><E72/><V62/><F43/><W68/><G115/><T36/><D36/><U3/><E3/><V129/><F129/><W69/><G69/><T24/><D74/><U118/><E111/><V82/><F107/><W104/><G104/><T14/><D14/><U105/><E105/><V57/><F57/><N who="3" m="32919" /><G68/><T124/><D122/><U71/><E128/><V123/><F123/><W130/><G130/><T116/><D116/><U87/><E71/><V28/><F28/><W10/><G8/><T48/><D37/><U67/><E70/><V135/><F135/><W73/><G73/><T53/><D64/><U85/><E133/><V131/><F131/><W101/><G101/><T31/><D31/><U16/><E118/><V54/><REACH who="2" step="1"/><F82/><AGARI ba="0,0" hai="7,10,13,21,22,55,58,61,82,84,89" m="32919" machi="82" ten="30,5800,0" yaku="8,1,52,1,54,1" doraHai="45" who="3" fromWho="2" sc="299,0,201,0,181,-58,319,58" /><INIT seed="3,1,0,3,1,67" ten="299,201,123,377" oya="3" hai0="123,64,61,9,124,63,57,49,6,71,81,54,56" hai1="8,46,34,70,132,21,74,105,50,62,92,18,109" hai2="27,113,106,31,68,52,103,102,25,116,11,3,95" hai3="115,80,65,1,79,114,87,2,133,85,0,53,23"/><W26/><G65/><T125/><D81/><U98/><E105/><V12/><F116/><W32/><G32/><T15/><REACH who="0" step="1"/><D123/><REACH who="0" step="2"/><U35/><E109/><V120/><F113/><W47/><G115/><T99/><D99/><U22/><E132/><V128/><F120/><W66/><G114/><T38/><D38/><U48/><E74/><V41/><F128/><W76/><G133/><T29/><D29/><U121/><E121/><V88/><F3/><W117/><G2/><T96/><D96/><U55/><E35/><V43/><F31/><W78/><G1/><T77/><D77/><U127/><E34/><V86/><F106/><W39/><G76/><T14/><D14/><U20/><E127/><V118/><F118/><W91/><G39/><T122/><D122/><U90/><E48/><V5/><F68/><W93/><G117/><T94/><D94/><U119/><E119/><V7/><F7/><W72/><G93/><T101/><D101/><N who="2" m="38410" /><F41/><W104/><G104/><T40/><D40/><U130/><E130/><V42/><F43/><W60/><G0/><T51/><D51/><U45/><E70/><V129/><F42/><W73/><G78/><T30/><D30/><U58/><E50/><V97/><F129/><W134/><G79/><T83/><D83/><U10/><E46/><V112/><F112/><W110/><G47/><T16/><D16/><U108/><E45/><V89/><F52/><AGARI ba="1,1" hai="6,9,15,49,52,54,56,57,61,63,64,71,124,125" machi="52" ten="40,5200,0" yaku="1,1,52,1,54,1,53,0" doraHai="67" doraHaiUra="17" who="0" fromWho="2" sc="289,65,201,0,123,-55,377,0" /><INIT seed="4,0,0,3,0,94" ten="354,201,68,377" oya="0" hai0="76,74,69,7,126,34,46,9,52,83,116,31,101" hai1="86,113,95,24,87,108,28,131,132,16,102,11,127" hai2="82,56,96,73,110,36,35,37,4,29,68,6,5" hai3="61,93,123,85,21,22,84,130,63,10,48,23,53"/><T90/><D116/><U134/><E108/><V79/><F110/><W15/><G130/><T115/><D69/><U111/><E111/><V59/><F68/><W104/><G104/><T129/><D129/><U105/><E131/><V80/><F80/><W125/><G125/><T117/><D117/><U71/><E71/><V32/><F32/><W30/><G30/><T60/><D126/><U17/><E127/><V40/><F40/><W3/><G3/><T42/><D101/><U121/><E121/><V47/><F47/><W133/><G133/><T89/><D115/><U135/><E113/><V14/><F14/><W70/><G70/><T8/><D8/><U18/><E11/><V88/><F56/><N who="3" m="32807" /><G123/><T103/><D103/><U99/><E105/><V98/><F59/><W81/><G93/><T12/><D60/><N who="3" m="23113" /><G81/><T51/><REACH who="0" step="1"/><D42/><REACH who="0" step="2"/><U2/><E134/><V97/><REACH who="2" step="1"/><F88/><REACH who="2" step="2"/><W120/><G120/><T100/><D100/><U58/><E135/><V109/><F109/><W75/><G10/><T128/><D128/><U66/><E132/><V112/><F112/><W38/><G75/><T55/><D55/><U62/><REACH who="1" step="1"/><E2/><REACH who="1" step="2"/><V122/><F122/><W41/><G41/><T39/><D39/><U54/><E54/><V114/><F114/><W33/><G38/><T1/><D1/><U45/><E45/><V72/><F72/><W13/><G33/><AGARI ba="0,3" hai="16,17,18,24,28,33,58,62,66,86,87,95,99,102" machi="33" ten="40,8000,1" yaku="1,1,52,1,54,1,53,1" doraHai="94" doraHaiUra="26" who="1" fromWho="3" sc="344,0,191,110,58,0,377,-80" /><INIT seed="5,0,0,3,2,93" ten="344,301,58,297" oya="1" hai0="56,9,3,46,66,97,134,114,126,84,19,116,29" hai1="0,30,16,105,32,11,63,45,129,119,43,135,78" hai2="14,76,26,49,112,101,85,130,103,108,132,64,13" hai3="128,71,22,2,36,8,117,100,121,40,127,110,51"/><U24/><E105/><V77/><F108/><W28/><G110/><T17/><D116/><U35/><E119/><V80/><F132/><W102/><G71/><T69/><D69/><U75/><E135/><V52/><F130/><W82/><G117/><T18/><D134/><U61/><E129/><V58/><F112/><W47/><G128/><T33/><D114/><U70/><E35/><V42/><F26/><W113/><G113/><T62/><D126/><U68/><E63/><V27/><F27/><W120/><G36/><T131/><D131/><U20/><E61/><V81/><F42/><W21/><G127/><T124/><D124/><U92/><E92/><V88/><F64/><W60/><G60/><T15/><D3/><U12/><E78/><V59/><F59/><W5/><G82/><T31/><D84/><U106/><E106/><V73/><REACH who="2" step="1"/><F77/><REACH who="2" step="2"/><W94/><G120/><T10/><D56/><U7/><REACH who="1" step="1"/><E75/><REACH who="1" step="2"/><V23/><F23/><W91/><G22/><T90/><D66/><U67/><E67/><V72/><F72/><W123/><G123/><T89/><D33/><U74/><E74/><V83/><F83/><W39/><G21/><T4/><D62/><U86/><E86/><V1/><F1/><W125/><G2/><T65/><D65/><U38/><AGARI ba="0,2" hai="0,7,11,12,16,20,24,30,32,38,43,45,68,70" machi="38" ten="20,18000,2" yaku="1,1,0,1,7,1,24,2,54,1,53,1" doraHai="93" doraHaiUra="34" who="1" fromWho="1" sc="344,-60,291,200,48,-60,297,-60" owari="284,8.0,491,59.0,-12,-51.0,237,-16.0" /></mjloggm>