<mjloggm ver="2.3"><GO type="41"/><UN n0="%54%E5%90%89%E5%B2%A1%E5%85%89%E6%AD%A3" n1="%E3%82%BD%E3%82%B1%E3%83%83%E3%83%88" n2="%EF%BC%88%E2%89%A7%E2%96%BD%E2%89%A6%EF%BC%89" n3="%33%32%34%30" dan="15,14,15,13" rate="2008,1877,2064,1844" sx="M,M,M,M"/><TAIKYOKU oya="0"/><INIT seed="0,0,0,2,0,13" ten="250,250,250,250" oya="0" hai0="35,129,103,119,108,97,0,105,43,51,24,59,86" hai1="83,127,92,17,46,96,21,15,102,22,9,5,33" hai2="68,50,31,69,40,1,128,76,19,42,62,79,16" hai3="36,49,64,8,99,126,111,63,30,23,6,18,124"/><T110/><D119/><U11/><E127/><N who="3" m="48682" /><G36/><T75/><D0/><U134/><E134/><V88/><F1/><W109/><G49/><T94/><D75/><U32/><E33/><V106/><F106/><W133/><G99/><N who="0" m="61695" /><D86/><U114/><E114/><V122/><F122/><W56/><G30/><T74/><D74/><U132/><E132/><V80/><F128/><W87/><G133/><T78/><D129/><U61/><E32/><V81/><F31/><W66/><G64/><T100/><D78/><N who="2" m="29738" /><F62/><W34/><G34/><T29/><D59/><U52/><E83/><N who="2" m="31819" /><F50/><W71/><G71/><N who="2" m="27209" /><F88/><W54/><G66/><T101/><D51/><N who="1" m="28791" /><E61/><V104/><F104/><W65/><G65/><T95/><D43/><AGARI ba="0,0" hai="16,19,40,42,43" m="27209,31819,29738" machi="43" ten="30,8000,1" yaku="28,2,52,2,54,1" doraHai="13" who="2" fromWho="0" sc="250,-80,250,0,250,80,250,0" /><INIT seed="1,0,0,3,0,38" ten="170,250,330,250" oya="1" hai0="59,43,80,37,0,120,98,12,23,25,113,41,82" hai1="106,130,66,110,94,7,60,93,117,78,127,131,5" hai2="119,81,4,133,22,58,63,87,109,21,54,34,68" hai3="101,18,112,83,52,124,134,33,19,3,103,86,16"/><U11/><E117/><V56/><F119/><W128/><G112/><T27/><D0/><U108/><E106/><V105/><F105/><W107/><G33/><T35/><D113/><U30/><E30/><V111/><F34/><W39/><G39/><T123/><D98/><U31/><E31/><V15/><F68/><W20/><G3/><T2/><D2/><U40/><E127/><V74/><F74/><W13/><G124/><T26/><D37/><U95/><E78/><N who="2" m="46519" /><F133/><W67/><G67/><T1/><D1/><N who="1" m="431" /><E40/><N who="0" m="15433" /><D35/><U71/><E7/><V70/><F70/><W116/><G116/><T91/><D91/><U8/><E8/><N who="2" m="4487" /><F58/><W55/><G134/><T50/><D50/><U24/><E24/><N who="0" m="9321" /><D59/><U99/><E99/><V102/><F102/><N who="3" m="38923" /><G128/><AGARI ba="0,0" hai="60,66,71,93,94,95,108,110,128,130,131" m="431" machi="128" ten="40,2000,0" yaku="19,1" doraHai="38" who="1" fromWho="3" sc="170,0,250,20,330,0,250,-20" /><INIT seed="1,1,0,2,4,84" ten="170,270,330,230" oya="1" hai0="93,58,94,79,56,55,99,115,46,100,110,52,11" hai1="66,130,2,123,32,35,118,105,45,44,62,101,54" hai2="121,63,74,88,131,135,104,21,41,43,12,60,73" hai3="48,16,86,26,50,59,83,103,15,24,102,82,28"/><U75/><E123/><V8/><F104/><W96/><G83/><T117/><D117/><U34/><E118/><V98/><F121/><W70/><G70/><T30/><D115/><U87/><E130/><V128/><F135/><W7/><G7/><T92/><D110/><U111/><E75/><V89/><F21/><W91/><G59/><T68/><D68/><U38/><E2/><V134/><F134/><W14/><G14/><T25/><D79/><U119/><E119/><V90/><F98/><W49/><G96/><T22/><D46/><U95/><E111/><V72/><F12/><W127/><G127/><T20/><D11/><U122/><E122/><V57/><F8/><W18/><G18/><T112/><D112/><U5/><E5/><V109/><F109/><W37/><G37/><T19/><D19/><U61/><E105/><V40/><F63/><W17/><G17/><T10/><D10/><U33/><E33/><V47/><F47/><W23/><REACH who="3" step="1"/><G26/><REACH who="3" step="2"/><T9/><D9/><AGARI ba="1,1" hai="9,15,16,23,24,28,48,49,50,82,86,91,102,103" machi="9" ten="40,8000,1" yaku="1,1,2,1,8,1,52,1,54,1,53,0" doraHai="84" doraHaiUra="126" who="3" fromWho="0" sc="170,-83,270,0,330,0,220,93" /><INIT seed="2,0,0,2,5,112" ten="87,270,330,313" oya="2" hai0="1,4,7,110,31,100,81,78,120,88,12,13,50" hai1="62,2,103,113,10,68,52,8,77,87,14,129,30" hai2="28,124,79,22,108,93,37,117,130,84,91,33,18" hai3="51,0,74,119,75,118,82,32,44,105,42,127,29"/><V131/><F37/><W76/><G105/><T5/><D120/><U60/><E113/><V20/><F124/><W35/><G75/><T69/><D110/><U134/><E129/><N who="2" m="49163" /><F108/><W135/><G0/><T95/><D69/><U61/><E134/><V116/><F79/><W23/><G135/><T64/><D1/><U34/><E68/><V36/><F36/><W65/><G127/><T133/><D133/><U94/><E2/><V24/><F22/><W9/><G9/><T132/><D132/><U59/><E77/><V86/><F86/><W57/><G23/><T96/><D64/><U38/><E38/><V43/><F43/><W21/><G21/><T58/><D31/><U71/><E71/><V39/><F39/><W27/><REACH who="3" step="1"/><G35/><REACH who="3" step="2"/><T6/><D100/><U49/><E103/><V46/><F46/><W126/><G126/><T83/><D83/><U85/><E8/><V92/><F92/><W102/><G102/><T3/><D3/><U70/><E10/><V16/><F18/><W72/><G72/><T115/><D115/><U99/><E34/><V54/><F54/><W40/><G40/><T15/><D81/><U53/><E53/><V11/><F11/><W26/><G26/><AGARI ba="0,1" hai="16,20,24,26,28,33,84,91,93,116,117" m="49163" machi="26" ten="30,11600,0" yaku="19,1,52,2,54,1" doraHai="112" who="2" fromWho="3" sc="87,0,270,0,330,126,303,-116" /><INIT seed="2,1,0,5,1,97" ten="87,270,456,187" oya="2" hai0="17,8,6,113,14,71,99,74,105,23,107,45,31" hai1="91,133,115,29,32,135,72,116,68,7,101,65,61" hai2="30,123,82,108,100,51,89,85,24,59,58,4,64" hai3="94,80,114,21,56,126,92,55,25,110,119,93,69"/><V79/><F123/><W37/><G69/><T39/><D71/><U2/><E116/><V109/><F4/><W70/><G70/><T19/><D113/><U10/><E115/><V57/><F64/><W33/><G37/><T5/><D74/><U22/><E22/><N who="2" m="15639" /><F51/><W40/><G33/><T84/><D31/><U35/><E91/><V0/><F0/><W128/><G40/><T86/><D105/><U36/><E72/><V42/><F42/><W52/><G119/><T96/><D107/><U112/><E112/><V121/><F121/><W129/><G114/><T41/><D84/><U20/><E20/><V111/><F89/><W76/><G55/><T49/><D39/><U13/><E36/><V75/><F75/><W102/><G126/><T46/><D45/><U1/><E1/><V50/><F50/><W132/><G132/><T134/><D134/><U63/><E63/><V95/><F95/><W124/><G124/><T44/><D46/><U131/><E35/><V122/><F122/><W125/><G125/><T3/><D5/><U98/><E13/><V120/><F120/><W53/><G80/><T66/><D66/><U88/><E88/><V60/><F60/><W127/><G76/><T117/><D117/><U90/><E90/><V38/><F38/><W48/><G127/><T11/><REACH who="0" step="1"/><D86/><REACH who="0" step="2"/><U12/><E133/><V73/><F85/><W118/><G118/><T130/><D130/><U87/><E131/><V28/><F28/><N who="3" m="17455" /><G129/><T47/><D47/><U27/><E135/><V103/><AGARI ba="1,1" hai="57,58,59,73,79,82,100,103,108,109,111" m="15639" machi="103" ten="40,12000,1" yaku="14,1,10,1,52,2" doraHai="97" who="2" fromWho="2" sc="77,-41,270,-41,456,133,187,-41" /><INIT seed="2,2,0,1,1,2" ten="36,229,589,146" oya="2" hai0="92,76,58,66,121,126,125,64,82,79,72,11,133" hai1="34,107,100,80,15,4,90,128,5,81,119,70,109" hai2="124,78,105,69,83,7,88,68,23,106,17,67,99" hai3="18,110,111,135,73,87,102,84,38,31,50,19,22"/><V33/><F33/><W132/><G73/><T120/><D11/><U14/><E119/><V26/><F124/><N who="0" m="47722" /><D58/><U48/><E128/><V10/><F106/><W74/><G74/><T29/><D29/><U129/><E129/><V44/><F44/><W95/><G38/><T117/><D76/><U101/><E34/><V75/><F67/><W59/><G59/><T0/><D0/><U114/><E70/><V21/><F21/><W55/><G55/><T9/><D9/><U46/><E114/><V134/><F134/><N who="3" m="51243" /><G50/><T57/><D133/><U12/><E109/><N who="3" m="41482" /><G102/><N who="1" m="39530" /><E107/><V1/><F105/><W37/><G37/><T62/><D117/><U103/><E103/><V60/><F60/><W25/><G95/><T91/><D66/><U35/><E35/><V93/><AGARI ba="2,0" hai="1,7,10,17,23,26,68,69,75,78,83,88,93,99" machi="93" ten="30,6000,0" yaku="0,1,52,1,54,1" doraHai="2" who="2" fromWho="2" sc="36,-22,229,-22,589,66,146,-22" /><INIT seed="2,3,0,3,3,112" ten="14,207,655,124" oya="2" hai0="121,25,58,2,21,24,109,100,35,6,14,23,89" hai1="39,106,122,131,99,97,95,94,70,120,82,126,81" hai2="30,90,42,44,92,129,125,32,52,85,36,17,115" hai3="105,96,9,102,26,132,78,50,123,83,0,16,27"/><V119/><F119/><W61/><G123/><N who="1" m="47146" /><E70/><V65/><F65/><W108/><G108/><T75/><D121/><U114/><E39/><V53/><F115/><W51/><G132/><T10/><D75/><U134/><E114/><V12/><F129/><W118/><G118/><T1/><D109/><U72/><E126/><V7/><F7/><W68/><G27/><N who="0" m="10315" /><D58/><U74/><E134/><V69/><F69/><W19/><G51/><T20/><D89/><N who="1" m="55503" /><E106/><V43/><F125/><W4/><G50/><T103/><D100/><N who="1" m="60543" /><E131/><V29/><F43/><W13/><G26/><T62/><D103/><U56/><E56/><V63/><F32/><W130/><G130/><T71/><D62/><U57/><E57/><V18/><F63/><W107/><G107/><T76/><D71/><U133/><E133/><V104/><F104/><W101/><G101/><T127/><D127/><U45/><E45/><V3/><F44/><W128/><G128/><T111/><D76/><U28/><E28/><V80/><F30/><W79/><G79/><T93/><D93/><U59/><E59/><V98/><F42/><W64/><REACH who="3" step="1"/><G13/><REACH who="3" step="2"/><T55/><D111/><U33/><E33/><V48/><F12/><W60/><G60/><T34/><D55/><U91/><E91/><V73/><F53/><W86/><AGARI ba="3,1" hai="0,4,9,16,19,61,64,68,78,83,86,96,102,105" machi="86" ten="20,5200,0" yaku="1,1,0,1,7,1,54,1,53,0" doraHai="112" doraHaiUra="41" who="3" fromWho="3" sc="14,-16,207,-16,655,-29,114,71" owari="-2,-50.0,191,-1.0,626,72.0,185,-21.0" /></mjloggm>