<mjloggm ver="2.3"><GO type="169" lobby="0"/><UN n0="%E5%8F%A4%E6%B8%85%E6%B0%B4%E5%87%9B" n1="%E3%82%AF%E3%83%AC%E3%82%A2" n2="%E3%83%AA%E3%83%95%E3%83%AC%E3%82%AF%E3%83%86%E3%82%A3%E3%82%A2" n3="%EF%BC%88%E2%89%A7%E2%96%BD%E2%89%A6%EF%BC%89" dan="17,16,16,17" rate="2146.88,2100.47,2114.51,2161.03" sx="F,M,F,M"/><TAIKYOKU oya="0"/><INIT seed="0,0,0,2,4,108" ten="250,250,250,250" oya="0" hai0="71,53,38,10,23,118,52,119,74,103,66,58,96" hai1="49,91,33,98,56,112,39,5,132,102,92,0,68" hai2="22,82,72,70,28,76,67,41,45,34,31,110,107" hai3="127,109,46,95,21,111,35,134,90,131,20,114,59"/><T122/><D38/><U9/><E39/><V83/><F110/><N who="3" m="41995" /><G35/><T63/><D74/><U78/><E33/><V64/><F64/><W105/><G105/><T121/><D122/><U47/><E68/><V37/><F82/><W86/><G134/><T97/><D121/><U17/><E132/><V13/><F13/><W87/><G131/><T101/><D10/><U7/><E78/><V73/><F22/><N who="3" m="8811" /><G127/><T81/><D81/><U88/><E17/><V104/><F31/><W77/><G46/><T29/><D53/><U50/><E7/><V42/><F42/><W12/><G12/><T25/><D97/><U79/><E79/><V84/><F84/><W8/><G8/><T3/><D3/><U69/><E69/><V100/><F73/><W117/><G117/><T27/><D27/><U130/><E130/><V135/><F135/><W124/><G59/><T61/><REACH who="0" step="1"/><D103/><REACH who="0" ten="240,250,250,250" step="2"/><U55/><REACH who="1" step="1"/><E112/><REACH who="1" ten="240,240,250,250" step="2"/><V19/><F72/><W44/><G114/><T65/><D65/><U85/><E85/><V106/><F67/><W24/><G87/><T16/><D16/><U125/><E125/><V133/><F19/><W60/><G124/><T40/><D40/><AGARI ba="0,2" hai="0,5,9,40,47,49,50,55,56,88,91,92,98,102" machi="40" ten="30,7700,0" yaku="1,1,7,1,54,1,53,1" doraHai="108" doraHaiUra="32" who="1" fromWho="0" sc="240,-77,240,97,250,0,250,0" /><INIT seed="1,0,0,1,4,134" ten="163,337,250,250" oya="1" hai0="119,115,64,111,103,105,62,20,107,9,96,7,37" hai1="1,61,84,42,92,43,29,73,4,114,121,6,133" hai2="131,69,79,51,44,80,116,36,66,89,70,12,86" hai3="17,27,90,110,120,3,128,19,113,76,45,24,75"/><U106/><E121/><V97/><F116/><W47/><G113/><T125/><D111/><U85/><E114/><V117/><F117/><W31/><G120/><T91/><D119/><U102/><E133/><V48/><F36/><W88/><G3/><T50/><D37/><U46/><E73/><V109/><F109/><W101/><G110/><T10/><D91/><N who="3" m="34857" /><G75/><T104/><D115/><U94/><E106/><V78/><F131/><W77/><G101/><T2/><D50/><U56/><E29/><V122/><F122/><W58/><G58/><T82/><D82/><U112/><E112/><V33/><F33/><W60/><G60/><T126/><D20/><U57/><E61/><V98/><F70/><W135/><G128/><T0/><D104/><U100/><E46/><N who="3" m="17418" /><G31/><T32/><D32/><U25/><E25/><N who="3" m="9802" /><G135/><T13/><D107/><U41/><E41/><V93/><F69/><W72/><G72/><T26/><D26/><U95/><E95/><V54/><F93/><W129/><G129/><T83/><D83/><U132/><E132/><V18/><F51/><W28/><G28/><T124/><D10/><U81/><E81/><V87/><F80/><W35/><G35/><T38/><D38/><U118/><E118/><V39/><F39/><W53/><G53/><T15/><D2/><AGARI ba="0,0" hai="1,2,4,6,42,43,56,57,84,85,92,94,100,102" machi="2" ten="25,2400,0" yaku="22,2" doraHai="134" who="1" fromWho="0" sc="163,-24,337,24,250,0,250,0" /><INIT seed="1,1,0,2,2,83" ten="139,361,250,250" oya="1" hai0="123,108,135,72,3,125,109,60,1,101,37,124,110" hai1="56,78,23,25,130,98,81,36,33,66,14,79,63" hai2="57,52,118,89,8,133,85,114,0,9,128,127,74" hai3="17,26,84,71,117,86,22,39,53,119,54,42,30"/><U132/><E36/><V48/><F118/><N who="3" m="45067" /><G71/><T75/><D60/><U129/><E132/><V95/><F133/><W96/><G96/><T20/><D135/><U92/><E14/><V50/><F74/><N who="0" m="28202" /><D20/><U5/><E5/><V49/><F128/><N who="1" m="49257" /><E33/><V104/><F127/><N who="0" m="48714" /><D101/><N who="1" m="60615" /><E81/><V47/><F104/><W76/><G76/><T106/><D106/><U73/><E73/><V28/><F114/><W10/><G10/><N who="2" m="4201" /><F0/><N who="0" m="74" /><D123/><U29/><AGARI ba="1,0" hai="23,25,29,56,63,66,78,79" m="60615,49257" machi="29" ten="30,3000,0" yaku="25,1,19,1" doraHai="83" who="1" fromWho="1" sc="139,-11,361,33,250,-11,250,-11" /><INIT seed="1,2,0,0,5,16" ten="128,394,239,239" oya="1" hai0="109,101,98,68,3,19,38,28,51,31,27,133,37" hai1="59,5,6,12,100,45,8,44,41,105,77,96,78" hai2="20,47,43,50,129,103,14,91,63,117,110,93,75" hai3="74,21,99,62,88,125,114,25,131,132,76,65,66"/><U40/><E6/><V36/><F75/><W17/><G114/><T121/><D68/><U52/><E44/><V126/><F117/><W2/><G2/><T104/><D3/><U13/><E13/><V90/><F129/><W89/><G131/><T118/><D118/><U130/><E130/><V95/><F126/><W24/><G125/><T81/><D81/><U128/><E128/><V15/><F110/><W39/><G39/><T4/><D109/><U97/><E97/><N who="2" m="59823" /><F36/><W49/><G132/><T120/><D4/><U83/><E45/><V107/><F107/><W73/><G76/><T71/><D71/><U127/><E127/><V72/><F72/><W22/><G49/><T9/><D38/><U87/><REACH who="1" step="1"/><E78/><REACH who="1" ten="128,384,239,239" step="2"/><V26/><F15/><W102/><G73/><T18/><D98/><U60/><AGARI ba="2,1" hai="5,8,12,40,41,52,59,60,77,83,87,96,100,105" machi="60" ten="20,12000,1" yaku="1,1,2,1,0,1,7,1,54,1,53,0" doraHai="16" doraHaiUra="124" who="1" fromWho="1" sc="128,-42,384,136,239,-42,239,-42" /><INIT seed="1,3,0,1,1,116" ten="86,520,197,197" oya="1" hai0="99,93,32,119,7,100,39,71,14,35,80,74,26" hai1="90,6,87,84,76,118,54,105,48,13,104,117,88" hai2="114,91,8,42,122,58,109,110,10,44,52,65,24" hai3="47,27,12,1,31,33,56,66,53,62,59,29,36"/><U23/><E76/><V67/><F24/><W103/><G1/><T18/><D39/><U22/><E6/><V11/><F114/><W126/><G126/><T86/><D71/><U82/><E13/><V97/><F122/><W60/><G103/><T43/><D43/><U37/><E37/><V73/><F73/><W111/><G111/><N who="2" m="42505" /><F97/><W16/><G31/><T15/><D119/><U115/><E115/><V64/><F91/><W79/><G79/><T61/><D74/><U2/><E2/><V124/><F124/><W72/><G72/><T4/><D61/><U34/><E34/><V128/><F128/><W9/><G36/><T40/><D40/><U50/><E54/><V130/><F130/><W49/><REACH who="3" step="1"/><G62/><REACH who="3" ten="86,520,197,187" step="2"/><T17/><D35/><U132/><E82/><V38/><F11/><W102/><G102/><T25/><D32/><U21/><E23/><V70/><F10/><W106/><G106/><T94/><D80/><U112/><E112/><V63/><F8/><W5/><G5/><T101/><REACH who="0" step="1"/><D99/><REACH who="0" ten="76,520,197,187" step="2"/><U96/><E96/><V95/><F95/><W131/><G131/><T46/><D46/><AGARI ba="3,2" hai="9,12,16,27,29,33,46,47,49,53,56,59,60,66" machi="46" ten="40,2600,0" yaku="1,1,54,1,53,0" doraHai="116" doraHaiUra="108" who="3" fromWho="0" sc="76,-35,520,0,197,0,187,55" /><INIT seed="2,0,0,4,3,1" ten="41,520,197,242" oya="2" hai0="119,50,131,84,34,108,36,46,91,26,57,113,4" hai1="10,11,41,7,38,22,124,48,40,100,80,61,45" hai2="68,129,83,3,118,130,74,20,5,121,93,87,123" hai3="66,79,126,21,104,128,82,23,35,47,53,135,102"/><V96/><F68/><W12/><G35/><T71/><D71/><U55/><E124/><V132/><F20/><W122/><G122/><T31/><D108/><U75/><E100/><N who="2" m="60431" /><F118/><W19/><G126/><T133/><D113/><U112/><E112/><V69/><F69/><W73/><G135/><T88/><D119/><U65/><E22/><V95/><F132/><W134/><G134/><T63/><D133/><U114/><E114/><V115/><F115/><W43/><G128/><N who="2" m="49257" /><F74/><W105/><G102/><T62/><D36/><U107/><E107/><V76/><F95/><W99/><G99/><T0/><D131/><U86/><E75/><V51/><F51/><W42/><G105/><T120/><D120/><U127/><E127/><V92/><F92/><W28/><G104/><T89/><D84/><U109/><E109/><V78/><F78/><W33/><G21/><T125/><D125/><U17/><E38/><V18/><F18/><W27/><G79/><T44/><D50/><U70/><E17/><V110/><F110/><W24/><G73/><T111/><D111/><U56/><E70/><V6/><F3/><W14/><G82/><T39/><D39/><U59/><E45/><V77/><F77/><W32/><G32/><T8/><REACH who="0" step="1"/><D62/><REACH who="0" ten="31,520,197,242" step="2"/><U64/><E48/><V97/><F121/><W90/><G28/><T117/><D117/><U116/><E116/><V98/><F123/><W103/><G42/><T16/><D16/><U81/><E61/><V25/><F98/><W72/><G43/><T60/><D60/><U58/><E41/><V106/><F97/><W37/><G19/><RYUUKYOKU ba="0,1" sc="31,30,520,-10,197,-10,242,-10" hai0="0,4,8,26,31,34,44,46,57,63,88,89,91" /><INIT seed="3,1,1,5,2,107" ten="61,510,187,232" oya="3" hai0="27,126,103,2,7,25,86,56,38,54,21,59,36" hai1="6,87,88,12,132,97,44,118,85,77,79,66,61" hai2="123,91,134,64,30,94,42,98,72,29,84,45,55" hai3="23,67,110,28,51,80,39,127,41,65,106,99,112"/><W48/><G112/><T96/><D126/><U43/><E132/><V53/><F134/><W117/><G39/><T57/><D2/><U130/><E130/><V31/><F123/><W111/><G117/><T17/><D7/><U83/><E118/><V1/><F1/><W4/><G4/><T0/><D0/><U15/><E97/><V75/><F64/><N who="3" m="24651" /><G80/><T62/><D57/><U46/><E6/><V95/><F55/><W89/><G41/><T105/><D59/><U100/><E100/><V108/><F108/><N who="3" m="41515" /><G127/><T76/><D27/><U34/><E34/><V113/><F53/><W40/><G40/><T70/><D70/><U63/><E66/><V131/><F113/><W35/><G35/><T82/><AGARI ba="1,1" hai="17,21,25,36,38,54,56,62,76,82,86,96,103,105" machi="82" ten="30,1100,0" yaku="0,1" doraHai="107" who="0" fromWho="0" sc="61,24,510,-4,187,-4,232,-6" /><INIT seed="4,0,0,2,5,63" ten="85,506,183,226" oya="0" hai0="7,31,72,81,100,19,9,51,96,50,73,120,121" hai1="18,66,59,116,75,47,108,12,56,131,33,119,85" hai2="109,35,88,40,74,43,106,129,42,62,87,110,45" hai3="128,101,90,16,29,38,126,44,91,67,69,30,89"/><T52/><D31/><U133/><E108/><V115/><F106/><W70/><G128/><T53/><D19/><U36/><E131/><V113/><F129/><W3/><G3/><T58/><D73/><U57/><E33/><V24/><F74/><W15/><G126/><T118/><D118/><U76/><E75/><V48/><F35/><W41/><G101/><T130/><D130/><U134/><E36/><V28/><F28/><W82/><G82/><T78/><D51/><U95/><E47/><V111/><F24/><W5/><G5/><T4/><D53/><U21/><E76/><V123/><F123/><W22/><REACH who="3" step="1"/><G70/><REACH who="3" ten="85,506,183,216" step="2"/><T84/><D7/><U104/><E116/><V6/><F6/><W103/><G103/><T98/><D72/><U94/><E119/><V14/><F111/><W92/><G92/><T60/><D60/><AGARI ba="0,1" hai="15,16,22,29,30,38,41,44,60,67,69,89,90,91" machi="60" ten="40,5200,0" yaku="1,1,52,1,54,1,53,0" doraHai="63" doraHaiUra="83" who="3" fromWho="0" sc="85,-52,506,0,183,0,216,62" /><INIT seed="5,0,0,5,2,24" ten="33,506,183,278" oya="1" hai0="16,84,29,42,25,32,35,66,74,17,132,65,111" hai1="6,122,22,51,46,45,104,110,71,31,114,107,79" hai2="127,3,67,68,21,115,15,73,123,134,119,105,7" hai3="0,108,81,116,80,58,83,97,14,87,54,90,23"/><U37/><E122/><V53/><F53/><W34/><G0/><T59/><D74/><U130/><E71/><V82/><F67/><W70/><G34/><T43/><D132/><U78/><E114/><V30/><F21/><W101/><G70/><T44/><D111/><U62/><E110/><V100/><F15/><W57/><G116/><T13/><D35/><U20/><E130/><V92/><F7/><W120/><G120/><T112/><D112/><U12/><E62/><V85/><F30/><W26/><G14/><T33/><D33/><U126/><E126/><V117/><F100/><W118/><G118/><T19/><D84/><U38/><E12/><V77/><F85/><W135/><G108/><T113/><D113/><U72/><E72/><V75/><F75/><W106/><G135/><T48/><D43/><U52/><E6/><V47/><F68/><W56/><REACH who="3" step="1"/><G54/><REACH who="3" ten="33,506,183,268" step="2"/><T11/><REACH who="0" step="1"/><D59/><REACH who="0" ten="23,506,183,268" step="2"/><U129/><E46/><V64/><F47/><W39/><G39/><T125/><D125/><U124/><E45/><V55/><F127/><W60/><G60/><T128/><D128/><U95/><E38/><V4/><F119/><W50/><G50/><T94/><D94/><U99/><E51/><V96/><F92/><W27/><G27/><T28/><D28/><AGARI ba="0,2" hai="23,26,28,56,57,58,80,81,83,87,90,97,101,106" machi="28" ten="40,2600,0" yaku="1,1,52,1,53,0" doraHai="24" doraHaiUra="121" who="3" fromWho="0" sc="23,-26,506,0,183,0,268,46" owari="-3,-50.0,506,61.0,183,-22.0,314,11.0" /></mjloggm>