<mjloggm ver="2.3"><GO type="169"/><UN n0="%E3%82%A6%E3%82%A3%E3%83%89%E3%82%A5%EF%BC%A0%E9%98%AA%E7%A5%9E" n1="%74%61%72%6F%6F" n2="%EF%BC%88%E2%89%A7%E2%96%BD%E2%89%A6%EF%BC%89" n3="%E3%81%93%E3%82%93%E3%81%A1%E3%82%8F" dan="16,17,18,16" rate="2145,2169,2191,2038" sx="M,M,M,M"/><TAIKYOKU oya="0"/><INIT seed="0,0,0,2,0,122" ten="250,250,250,250" oya="0" hai0="17,1,57,37,72,120,5,16,91,2,55,60,48" hai1="67,89,70,111,62,75,43,134,118,6,59,117,94" hai2="135,106,27,78,108,81,19,121,88,114,128,79,51" hai3="0,116,87,25,77,68,36,104,8,63,69,34,123"/><T82/><D37/><U127/><E75/><V66/><F106/><W32/><G116/><T103/><D120/><U129/><E6/><V23/><F121/><W41/><G123/><T61/><D103/><U11/><E11/><V100/><F114/><W10/><G104/><T26/><D17/><U24/><E24/><V99/><F128/><W7/><G87/><T73/><D73/><U115/><E94/><N who="2" m="58487" /><F135/><W35/><G77/><T12/><D26/><U132/><E89/><V28/><F66/><W29/><G10/><T101/><D101/><U93/><E93/><V95/><F81/><W13/><G13/><T109/><D5/><U97/><E97/><N who="2" m="57575" /><F108/><W92/><G92/><T80/><D109/><U18/><E129/><V53/><F28/><W15/><G15/><T54/><D82/><U86/><E115/><V96/><F96/><W50/><G69/><T102/><D102/><U39/><E86/><V56/><AGARI ba="0,0" hai="19,23,27,51,53,56,78,79" m="57575,58487" machi="56" ten="30,2000,0" yaku="8,1,54,1" doraHai="122" who="2" fromWho="2" sc="250,-10,250,-5,250,20,250,-5" /><INIT seed="1,0,0,2,3,23" ten="240,245,270,245" oya="1" hai0="34,52,132,46,118,129,83,19,130,113,40,96,117" hai1="75,17,122,125,63,100,8,109,107,115,99,95,25" hai2="121,41,53,134,33,66,69,20,49,4,94,78,105" hai3="50,116,77,42,103,104,44,135,5,111,72,43,124"/><U18/><E122/><V84/><F105/><W82/><G116/><T65/><D113/><U85/><E115/><V114/><F33/><W58/><G135/><T71/><D34/><U11/><E75/><V0/><F134/><W126/><G111/><T93/><D83/><U16/><E125/><V98/><F114/><W7/><G43/><T51/><D132/><U28/><E109/><V14/><F121/><W54/><G103/><T62/><D19/><U10/><E63/><V89/><F0/><W38/><REACH who="3" step="1"/><G104/><REACH who="3" ten="240,245,270,235" step="2"/><T81/><D40/><U79/><E107/><V59/><F41/><W26/><G26/><T12/><D117/><U74/><E74/><V31/><F69/><W119/><G119/><T86/><D118/><U27/><E28/><V133/><F133/><W47/><G47/><T131/><D129/><U9/><N who="1" m="2048" /><DORA hai="36" /><U6/><E6/><AGARI ba="0,1" hai="5,6,7,38,42,44,50,54,58,72,77,82,124,126" machi="6" ten="40,2600,0" yaku="1,1,52,1,53,0" doraHai="23,36" doraHaiUra="128,90" who="3" fromWho="1" sc="240,0,245,-26,270,0,235,36" /><INIT seed="2,0,0,1,4,29" ten="240,219,270,271" oya="2" hai0="97,64,54,39,57,121,76,63,100,107,73,12,120" hai1="86,96,37,122,23,130,60,46,78,40,94,83,41" hai2="135,61,104,106,47,79,45,5,89,66,87,68,11" hai3="38,117,13,127,110,19,28,7,111,134,131,90,43"/><V84/><F135/><W81/><G117/><T22/><D39/><U65/><E122/><V42/><F79/><W62/><G134/><T0/><D0/><U128/><E40/><V98/><F47/><N who="3" m="24055" /><G7/><T50/><D76/><U103/><REACH who="1" step="1"/><E23/><REACH who="1" ten="240,209,270,271" step="2"/><V123/><F123/><W114/><G114/><T80/><D120/><U36/><E36/><V124/><F42/><W30/><G131/><T3/><D121/><U133/><E133/><V74/><F11/><W10/><G127/><T105/><D22/><U8/><E8/><V34/><F124/><W109/><G109/><T6/><D6/><U14/><E14/><V20/><F5/><W91/><G10/><T21/><D3/><U77/><E77/><V69/><F20/><W58/><G13/><T15/><D21/><U51/><E51/><V24/><F61/><W44/><G62/><T18/><D12/><U129/><E129/><V115/><F115/><W31/><G111/><T67/><D50/><U95/><E95/><V2/><F2/><W26/><G110/><T119/><D107/><U27/><E27/><V55/><F24/><W116/><G26/><T112/><D112/><U102/><E102/><V48/><F104/><W113/><G113/><T125/><D125/><U118/><E118/><V82/><F106/><W53/><G116/><T16/><D119/><U32/><E32/><V49/><F34/><W71/><G81/><T56/><D15/><U99/><E99/><V70/><F82/><W92/><G92/><T9/><D9/><U59/><AGARI ba="0,1" hai="37,41,46,59,60,65,78,83,86,94,96,103,128,130" machi="59" ten="30,4000,0" yaku="1,1,0,1,53,1" doraHai="29" doraHaiUra="88" who="1" fromWho="1" sc="240,-10,209,50,270,-20,271,-10" /><INIT seed="3,0,0,0,0,69" ten="230,259,250,261" oya="3" hai0="123,36,129,74,91,108,41,38,24,64,127,46,17" hai1="31,61,8,126,45,87,107,132,7,81,62,14,23" hai2="59,52,114,119,131,18,97,82,106,115,98,42,94" hai3="66,135,120,51,121,9,32,63,85,57,88,43,10"/><W11/><G32/><T49/><D123/><U116/><E107/><V35/><F35/><W29/><G29/><T50/><D74/><U25/><E126/><V133/><F119/><W0/><G0/><T47/><D127/><U84/><E132/><V99/><F133/><W27/><G27/><T89/><D64/><U95/><E116/><V6/><F131/><W92/><REACH who="3" step="1"/><G135/><REACH who="3" ten="230,259,250,251" step="2"/><T12/><D24/><U104/><E104/><V75/><F106/><W2/><G2/><T44/><D129/><U40/><E95/><V53/><F94/><W110/><G110/><T3/><D108/><U112/><E112/><V68/><F114/><W103/><G103/><T21/><D3/><U128/><E128/><V28/><F28/><W34/><G34/><T101/><D101/><U78/><REACH who="1" step="1"/><E87/><REACH who="1" ten="230,249,250,251" step="2"/><V5/><F115/><W20/><G20/><T100/><D100/><U13/><E13/><V67/><F75/><W33/><G33/><T70/><D21/><U48/><AGARI ba="0,2" hai="7,8,14,23,25,31,40,45,48,61,62,78,81,84" machi="48" ten="20,12000,2" yaku="1,1,0,1,7,1,25,2,8,1,53,0" doraHai="69" doraHaiUra="60" who="1" fromWho="1" sc="230,-30,249,140,250,-30,251,-60" /><INIT seed="4,0,0,3,2,131" ten="200,389,220,191" oya="0" hai0="64,45,20,40,58,65,114,93,49,29,48,122,92" hai1="3,24,74,69,2,17,91,57,21,101,14,134,132" hai2="51,70,43,119,35,55,25,88,15,89,22,73,28" hai3="79,102,83,82,80,38,78,85,97,75,106,62,11"/><T37/><D122/><U104/><E69/><V110/><F110/><W23/><G38/><T125/><D114/><U126/><E74/><V56/><F73/><W96/><G23/><T77/><D125/><U94/><E126/><V50/><F70/><W111/><G111/><T72/><D72/><U67/><E104/><V108/><F119/><W81/><G62/><T103/><D77/><U39/><E101/><V8/><F35/><W135/><G11/><T27/><D37/><U76/><E76/><V0/><F0/><W19/><G19/><T52/><REACH who="0" step="1"/><D103/><REACH who="0" ten="190,389,220,191" step="2"/><U47/><E39/><V71/><F108/><W32/><G32/><T107/><D107/><U133/><E47/><N who="2" m="25983" /><F71/><W116/><G116/><T6/><D6/><AGARI ba="0,1" hai="6,8,15,22,25,28,51,55,56,88,89" m="25983" machi="6" ten="30,2000,0" yaku="8,1,54,1" doraHai="131" who="2" fromWho="0" sc="190,-20,389,0,220,30,191,0" /><INIT seed="5,0,0,5,0,111" ten="170,389,250,191" oya="1" hai0="52,102,73,70,15,10,44,118,3,43,90,23,61" hai1="31,9,131,59,27,120,50,8,97,88,54,34,100" hai2="129,49,55,68,125,11,37,95,91,33,78,133,83" hai3="64,74,7,56,130,66,65,4,60,22,109,99,98"/><U79/><E120/><V104/><F104/><W20/><G109/><T126/><D118/><U69/><E69/><V13/><F37/><W116/><G74/><T94/><D73/><U26/><E79/><V134/><F33/><W6/><G116/><T76/><D76/><U42/><E131/><V135/><F68/><W32/><G32/><T35/><D35/><U84/><E27/><V19/><F129/><W115/><G130/><T62/><D126/><U103/><E42/><V89/><F125/><W18/><G115/><T87/><D102/><U53/><E53/><V119/><F119/><W82/><G82/><T105/><D105/><U77/><E77/><V0/><F0/><W45/><G45/><T114/><D114/><U67/><E67/><V86/><REACH who="2" step="1"/><F95/><REACH who="2" ten="170,389,240,191" step="2"/><W57/><G60/><T93/><D93/><U48/><E34/><V1/><F1/><W28/><G28/><T81/><D94/><U71/><E71/><V72/><F72/><W124/><G124/><T108/><D108/><U110/><E110/><V101/><F101/><W25/><G22/><T63/><D70/><U122/><E100/><V46/><AGARI ba="0,1" hai="11,13,19,46,49,55,78,83,86,89,91,133,134,135" machi="46" ten="30,4000,0" yaku="1,1,0,1,20,1,53,0" doraHai="111" doraHaiUra="39" who="2" fromWho="2" sc="170,-10,389,-20,240,50,191,-10" /><INIT seed="6,0,0,1,1,122" ten="160,369,290,181" oya="2" hai0="130,0,100,133,129,7,29,42,77,132,134,68,52" hai1="81,11,93,102,95,38,90,32,94,109,62,13,106" hai2="85,35,6,86,72,105,30,46,16,131,116,41,67" hai3="117,44,69,40,9,56,110,87,123,23,83,80,103"/><V128/><F72/><W34/><G69/><T79/><D100/><U64/><E38/><V107/><F6/><W58/><G34/><T37/><D68/><U78/><E32/><V8/><F67/><W118/><G123/><T120/><D120/><U31/><E31/><V104/><F116/><W49/><G110/><T48/><D29/><U73/><E109/><V1/><F30/><W15/><G83/><T43/><D7/><U27/><E27/><V45/><F35/><W60/><G103/><T59/><D0/><U96/><E13/><N who="2" m="7207" /><F1/><W51/><G23/><T70/><D70/><U114/><E11/><V22/><F22/><W33/><G51/><T24/><D24/><U2/><E114/><V82/><F41/><N who="0" m="15370" /><D37/><U91/><E2/><V76/><F85/><W63/><G33/><T36/><D36/><U53/><E53/><V101/><F101/><W5/><G60/><T126/><D126/><U26/><E26/><V108/><F108/><W65/><REACH who="3" step="1"/><G56/><REACH who="3" ten="160,369,290,171" step="2"/><T113/><D113/><U135/><E62/><V97/><F82/><W119/><G119/><T50/><D48/><U54/><E81/><V4/><F45/><W98/><G98/><T3/><D3/><U99/><E99/><V66/><F97/><W71/><G71/><T47/><D47/><U28/><E102/><V19/><F46/><W25/><G25/><T75/><D75/><U74/><E74/><V89/><F105/><W39/><G39/><T125/><D125/><U121/><E106/><V18/><F107/><W112/><G112/><T115/><D115/><U20/><E96/><V10/><F104/><RYUUKYOKU ba="0,1" sc="160,15,369,-15,290,-15,171,15" hai0="50,52,59,77,79,129,130,132,133,134" hai3="5,9,15,40,44,49,58,63,65,80,87,117,118" /><INIT seed="7,1,1,2,1,19" ten="175,354,275,186" oya="3" hai0="3,119,54,2,32,61,60,24,129,101,6,9,21" hai1="113,70,91,67,56,102,55,52,16,133,4,122,86" hai2="107,90,51,43,10,42,130,81,64,92,88,95,118" hai3="80,103,31,23,96,106,128,13,17,131,50,22,77"/><W33/><G33/><T97/><D119/><U117/><E122/><V62/><F107/><W12/><G50/><T87/><D129/><N who="3" m="49737" /><G31/><T100/><D32/><U108/><E70/><V124/><F124/><W127/><G127/><T110/><D110/><U134/><E108/><V135/><F135/><N who="1" m="51721" /><E4/><V8/><F118/><W98/><G96/><T47/><D2/><U93/><E113/><V15/><F130/><W41/><G41/><T34/><D34/><U25/><E102/><V40/><F51/><W35/><G35/><T121/><D121/><U104/><E104/><V94/><F81/><W99/><G99/><T69/><D69/><U85/><E85/><V7/><REACH who="2" step="1"/><F8/><REACH who="2" ten="175,354,265,186" step="2"/><N who="3" m="6279" /><G13/><T75/><D9/><U66/><E117/><V105/><F105/><W116/><G116/><T120/><D120/><U68/><E68/><AGARI ba="1,2" hai="7,10,15,40,42,43,62,64,68,88,90,92,94,95" machi="68" ten="40,2600,0" yaku="1,1,54,1,53,0" doraHai="19" doraHaiUra="45" who="2" fromWho="1" sc="175,0,354,-29,265,49,186,0" owari="175,-32.0,325,42.0,314,11.0,186,-21.0" /></mjloggm>