<mjloggm ver="2.3"><GO type="169" lobby="0"/><UN n0="%EF%BC%88%E2%89%A7%E2%96%BD%E2%89%A6%EF%BC%89" n1="%E3%81%A4%E3%81%B0%E3%81%8D%E3%81%A1%30%33" n2="%E3%82%B2%E3%82%AA%E3%83%AB%E3%82%B2%E3%83%8F%E3%82%B8%39%34" n3="%4E%4F%42%55%53%48%49" dan="17,17,16,16" rate="2117.03,2213.63,2060.41,2101.52" sx="M,M,M,M"/><TAIKYOKU oya="0"/><INIT seed="0,0,0,0,5,46" ten="250,250,250,250" oya="0" hai0="24,74,26,18,4,20,38,39,48,85,102,49,14" hai1="6,55,36,32,113,63,131,64,71,69,7,76,116" hai2="43,58,37,123,129,89,98,125,84,59,65,87,15" hai3="34,120,3,88,57,72,105,25,75,68,101,73,122"/><T115/><D74/><U117/><E32/><V124/><F123/><N who="3" m="47147" /><G3/><T10/><D115/><U33/><E33/><V41/><F129/><W61/><G68/><T126/><D126/><N who="2" m="48746" /><F15/><W134/><G134/><T28/><D102/><U5/><E69/><V100/><F37/><W91/><G101/><T8/><D85/><N who="2" m="32842" /><F89/><N who="3" m="34379" /><G105/><T9/><D38/><U67/><E36/><V97/><F65/><N who="3" m="39087" /><G34/><T21/><D39/><U62/><E67/><V56/><F100/><W27/><AGARI ba="0,0" hai="25,27,72,73,75" m="39087,34379,47147" machi="27" ten="40,2700,0" yaku="13,1,54,1" doraHai="46" who="3" fromWho="3" sc="250,-13,250,-7,250,-7,250,27" /><INIT seed="1,0,0,4,3,74" ten="237,243,243,277" oya="1" hai0="43,39,123,26,110,1,21,38,53,79,119,9,109" hai1="89,108,69,25,60,78,100,3,127,45,102,122,99" hai2="130,103,113,22,34,105,101,37,11,58,29,18,128" hai3="23,117,2,40,32,12,63,65,67,48,107,114,13"/><U126/><E3/><V0/><F37/><W133/><G2/><T91/><D119/><U90/><E122/><V86/><F105/><W57/><G32/><T70/><D70/><U42/><E25/><N who="2" m="18735" /><F86/><W111/><G107/><T72/><D123/><U36/><E108/><N who="0" m="41577" /><D53/><U33/><E33/><V125/><F58/><W98/><G111/><T80/><D91/><U68/><E100/><V115/><F125/><N who="1" m="47625" /><E78/><V82/><F82/><W19/><G117/><T52/><D43/><U88/><E60/><V64/><F64/><W41/><G67/><T93/><D93/><AGARI ba="0,0" hai="36,42,45,68,69,88,89,90,93,99,102" m="47625" machi="93" ten="30,2900,0" yaku="18,1,54,1" doraHai="74" who="1" fromWho="0" sc="237,-29,243,29,243,0,277,0" /><INIT seed="1,1,0,2,1,124" ten="208,272,243,277" oya="1" hai0="64,106,13,51,24,116,14,118,38,111,97,54,11" hai1="18,108,120,135,100,103,63,117,113,71,7,59,33" hai2="21,66,52,78,86,41,8,69,1,132,62,39,34" hai3="74,77,27,40,56,112,130,99,84,79,58,12,98"/><U32/><E120/><V19/><F34/><W73/><G40/><T25/><D38/><U68/><E7/><V89/><F78/><N who="3" m="29707" /><G12/><T121/><D121/><U0/><E0/><V81/><F132/><W46/><G46/><T134/><D134/><U67/><E135/><V57/><F39/><W23/><G27/><T80/><D80/><U26/><E113/><V10/><F41/><W20/><G84/><T5/><D64/><U4/><E4/><V45/><F45/><W88/><G112/><T2/><D2/><U50/><E117/><V3/><F3/><W61/><G61/><T70/><D70/><U96/><E103/><V123/><F1/><W22/><G88/><T30/><D13/><U114/><E114/><V131/><F123/><W16/><G16/><T115/><D115/><U119/><E18/><V37/><F37/><W133/><G133/><T36/><D36/><U49/><E26/><V95/><F81/><W110/><G110/><T65/><D25/><U90/><E90/><V55/><F10/><W127/><G127/><T93/><D111/><U83/><E108/><V122/><F8/><W35/><G35/><T91/><D116/><U15/><E119/><V9/><F122/><W92/><G92/><T82/><D118/><U87/><E15/><N who="2" m="9471" /><F9/><W76/><G76/><T129/><D82/><U101/><E33/><V105/><F105/><W44/><G44/><N who="0" m="28007" /><D106/><N who="1" m="63751" /><E101/><V28/><F28/><W6/><G6/><T48/><D30/><U125/><E125/><V42/><F89/><W29/><G29/><T17/><D5/><U104/><E32/><V126/><F126/><RYUUKYOKU ba="1,0" sc="208,0,272,0,243,0,277,0" /><INIT seed="2,2,0,2,3,52" ten="208,272,243,277" oya="2" hai0="106,129,62,119,16,107,26,18,27,5,76,122,48" hai1="38,65,31,25,135,3,9,44,17,0,15,43,53" hai2="84,46,71,60,126,14,96,22,121,49,124,55,47" hai3="81,1,94,28,29,114,112,64,34,30,50,7,127"/><V12/><F121/><W82/><G127/><N who="2" m="48681" /><F96/><W79/><G34/><T104/><D122/><U95/><E135/><V97/><F97/><W70/><G7/><T24/><D129/><U120/><E120/><V110/><F110/><W66/><G1/><T133/><D133/><U78/><E65/><N who="3" m="25194" /><G70/><T98/><D119/><U32/><E78/><V134/><F134/><W51/><G94/><T74/><D5/><U2/><E95/><V23/><F60/><W111/><G111/><T85/><D74/><U61/><E53/><V90/><F71/><W93/><G93/><T73/><D73/><U58/><REACH who="1" step="1"/><E61/><REACH who="1" ten="208,262,243,277" step="2"/><V21/><F47/><W4/><G79/><T92/><D62/><U87/><E87/><V109/><F109/><W36/><G114/><T102/><D85/><U13/><E13/><V80/><AGARI ba="2,1" hai="12,14,21,22,23,46,49,55,80,84,90" m="48681" machi="80" ten="30,1500,0" yaku="18,1" doraHai="52" who="2" fromWho="2" sc="208,-7,262,-7,243,31,277,-7" /><INIT seed="2,3,0,0,0,84" ten="201,255,274,270" oya="2" hai0="114,130,28,46,127,50,79,57,110,73,124,56,70" hai1="125,94,25,132,85,51,62,53,100,52,42,38,31" hai2="75,67,98,15,3,4,78,12,95,11,49,83,54" hai3="92,120,23,1,135,35,106,21,76,108,107,105,104"/><V128/><F67/><W133/><G107/><T17/><D28/><U118/><E118/><V10/><F128/><W37/><G37/><T123/><D17/><U81/><E132/><N who="3" m="50762" /><G35/><T69/><D79/><U43/><E125/><N who="0" m="48201" /><D73/><U0/><E0/><V14/><F11/><W34/><G34/><T119/><D119/><U129/><E38/><V113/><F113/><W112/><G1/><T22/><D22/><N who="3" m="8201" /><G120/><T58/><D123/><U91/><E129/><V8/><F8/><W29/><G29/><T36/><D130/><U115/><E115/><V77/><F77/><W121/><G76/><T59/><D114/><U41/><E25/><V66/><F66/><W9/><G112/><T93/><D93/><U116/><E31/><V60/><F60/><W55/><G9/><T131/><D110/><U32/><E32/><V72/><F72/><W5/><G5/><T13/><D131/><U102/><E116/><V101/><REACH who="2" step="1"/><F3/><REACH who="2" ten="201,255,264,270" step="2"/><W48/><G121/><T87/><D69/><U82/><E62/><V80/><F80/><N who="1" m="30825" /><E51/><V33/><F33/><W89/><G108/><T26/><D50/><U40/><N who="1" m="10240" /><DORA hai="103" /><U109/><E109/><V96/><F96/><N who="3" m="57359" /><G48/><T74/><D36/><U18/><E18/><V16/><F16/><W99/><G99/><T30/><D74/><U24/><E24/><V90/><F90/><W86/><G86/><T39/><D87/><U2/><E2/><V88/><F88/><W117/><G117/><T97/><D39/><U19/><E19/><V45/><AGARI ba="3,1" hai="4,10,12,14,15,45,49,54,75,78,83,95,98,101" machi="45" ten="20,7800,0" yaku="1,1,0,1,7,1,53,1" doraHai="84,103" doraHaiUra="47,126" who="2" fromWho="2" sc="201,-29,255,-29,264,97,270,-29" /><INIT seed="2,4,0,4,1,50" ten="172,226,361,241" oya="2" hai0="67,75,80,38,51,29,9,6,94,20,21,10,65" hai1="133,3,42,85,84,125,86,73,91,135,49,48,107" hai2="63,128,126,81,110,119,112,93,120,106,16,99,56" hai3="1,57,105,26,123,127,28,11,117,109,33,32,34"/><V46/><F120/><W90/><G105/><T54/><D38/><U87/><E3/><V130/><F119/><W101/><G101/><T72/><D94/><U17/><E73/><V30/><F112/><W44/><G123/><T53/><D29/><U74/><E74/><V71/><F71/><W24/><G117/><T77/><D51/><N who="1" m="19531" /><E107/><V39/><F106/><W5/><G44/><T41/><D6/><U40/><E17/><V58/><F30/><W45/><G45/><T102/><D102/><U47/><E47/><V15/><F126/><W100/><G100/><T88/><D77/><U98/><E98/><V68/><F68/><W122/><G127/><T131/><D131/><U12/><E12/><V111/><F81/><W23/><G122/><T43/><REACH who="0" step="1"/><D88/><REACH who="0" ten="162,226,361,241" step="2"/><U118/><E125/><V13/><F128/><W70/><G90/><T55/><D55/><U27/><E118/><V36/><F130/><W8/><G5/><T66/><D66/><U31/><E91/><V25/><F93/><W96/><G28/><T19/><D19/><U121/><E121/><V97/><F16/><W62/><G33/><T79/><D79/><U108/><E87/><V35/><F35/><W64/><G34/><T14/><D14/><U59/><E85/><V76/><F76/><W37/><G32/><T103/><D103/><U114/><E86/><V124/><F124/><W22/><G37/><T104/><D104/><U129/><E84/><V78/><F78/><W69/><G64/><T61/><D61/><U92/><E129/><V18/><F39/><W134/><G62/><T2/><D2/><RYUUKYOKU ba="4,1" sc="162,30,226,-10,361,-10,241,-10" hai0="9,10,20,21,41,43,53,54,65,67,72,75,80" /><INIT seed="3,5,1,2,0,116" ten="192,216,351,231" oya="3" hai0="24,80,86,119,93,91,82,69,123,133,129,51,2" hai1="118,56,4,53,39,111,47,106,17,11,132,77,6" hai2="34,76,75,41,68,83,18,114,9,29,36,10,79" hai3="135,35,121,90,117,122,105,19,23,25,42,67,128"/><W89/><G105/><T33/><D2/><U134/><E106/><V38/><F68/><W32/><G42/><T103/><D69/><U31/><E31/><V61/><F114/><W74/><G74/><T20/><D33/><N who="3" m="12873" /><G67/><T92/><D119/><U99/><E118/><V0/><F79/><W13/><G117/><T64/><D64/><U71/><E71/><V59/><F41/><W1/><G90/><T130/><D133/><N who="1" m="51307" /><E77/><V52/><F38/><W37/><G89/><T30/><D123/><N who="3" m="47113" /><G37/><T87/><D51/><U108/><E39/><V101/><F36/><W127/><G135/><T63/><D63/><N who="1" m="36239" /><E47/><V7/><F61/><W81/><G81/><T115/><D115/><U60/><E99/><V57/><F83/><W3/><G128/><N who="0" m="49259" /><D103/><U16/><E4/><V12/><F101/><W125/><G25/><T5/><D82/><U43/><E43/><V26/><F76/><W84/><G84/><T50/><D87/><U27/><E27/><V58/><F75/><W45/><G45/><T120/><D120/><U15/><E60/><V112/><F112/><W14/><G14/><T102/><D102/><U88/><E88/><V96/><F96/><W124/><AGARI ba="5,1" hai="1,3,13,19,23,124,125,127" m="47113,12873" machi="124" ten="40,18000,2" yaku="18,1,34,2,52,3" doraHai="116" who="3" fromWho="3" sc="192,-65,216,-65,351,-65,231,205" /><INIT seed="3,6,0,1,1,26" ten="127,151,286,436" oya="3" hai0="108,25,15,86,40,95,122,3,73,69,24,10,78" hai1="98,88,102,8,62,105,38,74,96,68,56,66,103" hai2="67,12,84,60,29,52,2,11,4,94,28,65,41" hai3="121,131,64,133,125,111,19,115,63,59,92,53,58"/><W93/><G121/><T47/><D122/><U127/><E127/><V100/><F41/><W106/><G106/><T35/><D69/><U37/><E74/><V46/><F2/><W71/><G125/><T1/><D108/><U113/><E113/><V76/><F100/><W7/><G115/><T117/><D117/><U30/><E56/><N who="2" m="34823" /><F46/><W27/><G111/><T114/><D114/><U23/><E8/><V91/><F76/><W87/><G7/><T75/><D75/><U109/><E109/><V107/><F107/><W82/><G131/><T9/><D73/><U39/><E88/><V51/><F51/><N who="3" m="31039" /><G133/><T33/><D78/><U101/><REACH who="1" step="1"/><E105/><REACH who="1" ten="127,141,286,436" step="2"/><V36/><F36/><W81/><G71/><T14/><D10/><U85/><E85/><V123/><F123/><W61/><G61/><T43/><D9/><U99/><E99/><V134/><F134/><W17/><G82/><T5/><D86/><U112/><E112/><V124/><F124/><W129/><G129/><T21/><D95/><U22/><E22/><V130/><F130/><W6/><G93/><T126/><D126/><U48/><E48/><V83/><F94/><W44/><G92/><T18/><D21/><U90/><E90/><V50/><F50/><W97/><G87/><T119/><D35/><U20/><E20/><V118/><F118/><W0/><G81/><T79/><D33/><U77/><E77/><V45/><F45/><W34/><G34/><T13/><D79/><U128/><E128/><V72/><F72/><W49/><G49/><T55/><D119/><U54/><E54/><V89/><F89/><RYUUKYOKU ba="6,1" sc="127,-15,141,15,286,15,436,-15" hai1="23,30,37,38,39,62,66,68,96,98,101,102,103" hai2="4,11,12,28,29,65,67,83,84,91" /><INIT seed="4,7,1,4,1,5" ten="112,156,301,421" oya="0" hai0="125,84,46,133,42,122,62,32,66,10,128,107,69" hai1="59,103,27,96,43,7,102,79,78,57,105,115,117" hai2="109,104,48,94,89,25,55,49,113,121,83,111,95" hai3="53,18,86,23,47,87,29,97,14,11,93,24,131"/><T101/><D122/><U108/><E117/><V36/><F121/><W45/><G131/><T39/><D128/><U63/><E108/><V82/><F104/><W30/><G30/><T2/><D133/><U3/><E102/><V116/><F36/><W64/><G64/><T41/><D84/><N who="3" m="32297" /><G53/><T34/><D42/><U73/><E43/><V12/><F116/><W120/><G120/><T99/><D125/><U19/><E73/><V28/><F113/><W56/><G56/><T135/><D135/><U77/><E115/><V68/><F68/><W17/><G29/><T127/><D127/><U26/><E19/><V51/><F55/><W0/><G0/><T81/><D81/><U88/><E88/><AGARI ba="7,1" hai="11,14,17,18,23,24,45,47,88,93,97" m="32297" machi="88" ten="30,3900,0" yaku="8,1,52,1,54,1" doraHai="5" who="3" fromWho="1" sc="112,0,156,-60,301,0,421,70" /><INIT seed="5,0,0,1,4,93" ten="112,96,301,491" oya="1" hai0="82,27,11,110,29,14,84,21,52,83,88,20,133" hai1="77,49,78,56,34,36,122,55,62,42,8,117,81" hai2="96,112,60,1,17,126,104,32,51,43,80,23,58" hai3="121,35,131,85,99,124,102,33,101,41,39,86,109"/><U87/><E122/><V103/><F32/><W92/><G121/><T135/><D110/><U72/><E117/><V132/><F1/><W113/><G109/><T90/><D21/><U44/><E34/><V116/><F116/><W38/><G124/><T28/><D28/><U71/><E8/><V48/><F126/><W114/><G131/><T30/><D30/><U12/><E12/><V64/><F132/><N who="0" m="50762" /><D52/><U107/><E107/><V100/><F112/><W70/><G41/><T79/><D83/><U98/><E98/><V6/><F6/><AGARI ba="0,0" hai="6,11,14,20,27,29,79,82,84,88,90" m="50762" machi="6" ten="30,2000,0" yaku="20,1,54,1" doraHai="93" who="0" fromWho="2" sc="112,20,96,0,301,-20,491,0" /><INIT seed="6,0,0,2,4,89" ten="132,96,281,491" oya="2" hai0="88,32,86,113,14,112,48,11,33,106,23,62,74" hai1="82,36,49,85,17,132,59,15,115,75,72,107,0" hai2="92,129,56,121,135,25,104,64,101,123,98,95,16" hai3="40,116,97,78,26,119,125,44,131,38,71,21,5"/><V4/><F135/><W47/><G125/><T80/><D106/><U79/><E0/><V94/><F129/><W8/><G131/><T50/><D23/><U65/><E36/><V57/><F4/><W34/><G34/><N who="0" m="13419" /><D62/><U53/><E132/><V35/><F35/><W18/><G71/><T46/><D74/><U124/><E115/><N who="0" m="44105" /><D46/><U68/><E124/><V28/><F28/><W114/><G114/><T30/><D30/><U29/><E29/><V111/><F111/><W130/><G130/><T39/><D39/><U128/><E128/><V7/><F7/><AGARI ba="0,0" hai="7,11,14,48,50,80,86,88" m="44105,13419" machi="7" ten="30,2000,0" yaku="15,1,54,1" doraHai="89" who="0" fromWho="2" sc="132,20,96,0,281,-20,491,0" /><INIT seed="7,0,0,4,0,8" ten="152,96,261,491" oya="3" hai0="54,50,33,42,43,74,28,112,5,46,59,105,71" hai1="10,55,17,103,69,62,130,39,122,131,86,37,1" hai2="24,97,114,3,106,35,76,23,9,63,111,83,135" hai3="119,77,44,12,115,6,2,22,13,40,132,32,78"/><W58/><G119/><T127/><D74/><U94/><E122/><V81/><F111/><W100/><G32/><T87/><D105/><U85/><E1/><V48/><F48/><W79/><G132/><T109/><D109/><U65/><E55/><V129/><F63/><W128/><G128/><T60/><D127/><U11/><E11/><V14/><F23/><W52/><G115/><T34/><D112/><U92/><E86/><V57/><F24/><W73/><G73/><T99/><D5/><U90/><E94/><V67/><F3/><W113/><G113/><T51/><D87/><U102/><E102/><V19/><F9/><W108/><G100/><T30/><D99/><U96/><E131/><V64/><F97/><W4/><G108/><T120/><D120/><U7/><E130/><V118/><F81/><W110/><G110/><T16/><D71/><U20/><E10/><V41/><F83/><W27/><G2/><T123/><D123/><U15/><REACH who="1" step="1"/><E7/><REACH who="1" ten="152,86,261,491" step="2"/><N who="3" m="2602" /><G40/><T72/><D43/><U68/><E68/><V134/><F41/><W82/><G44/><T47/><D46/><U95/><AGARI ba="0,1" hai="15,17,20,37,39,62,65,69,85,90,92,95,96,103" machi="95" ten="20,12000,2" yaku="1,1,0,1,7,1,52,1,53,2" doraHai="8" doraHaiUra="70" who="1" fromWho="1" sc="152,-30,86,130,261,-30,491,-60" owari="122,-38.0,216,-18.0,231,3.0,431,53.0" /></mjloggm>