<mjloggm ver="2.3"><GO type="41"/><UN n0="%E3%81%BD%E3%83%BC%E3%81%BD%E3%83%BC%E3%81%BD" n1="%EF%BC%88%E2%89%A7%E2%96%BD%E2%89%A6%EF%BC%89" n2="%E3%81%B2%E3%81%A7%E3%81%8B%E3%81%9A" n3="%E6%B1%A0%E7%94%B0%E3%81%AD%E3%81%93" dan="14,15,13,15" rate="1909,2006,1805,2053" sx="M,M,M,F"/><TAIKYOKU oya="0"/><INIT seed="0,0,0,5,2,112" ten="250,250,250,250" oya="0" hai0="79,95,88,38,54,10,135,111,74,0,46,45,69" hai1="98,119,22,99,19,34,103,51,53,33,28,105,24" hai2="36,62,100,102,85,13,5,83,81,93,84,91,60" hai3="120,61,113,3,73,31,87,132,133,65,16,108,80"/><T118/><D69/><U90/><E119/><V21/><F36/><W14/><G113/><T82/><D118/><U89/><E99/><V42/><F42/><W30/><G73/><T92/><D135/><N who="3" m="51785" /><G3/><T68/><D68/><U26/><REACH who="1" step="1"/><E34/><REACH who="1" ten="250,240,250,250" step="2"/><V59/><F102/><W40/><G120/><T107/><D111/><U58/><AGARI ba="0,1" hai="19,22,24,26,28,33,51,53,58,89,90,98,103,105" machi="58" ten="20,8000,1" yaku="1,1,2,1,0,1,7,1,53,1" doraHai="112" doraHaiUra="12" who="1" fromWho="1" sc="250,-40,240,90,250,-20,250,-20" /><INIT seed="1,0,0,0,5,97" ten="210,330,230,230" oya="1" hai0="93,3,109,36,56,46,65,112,59,106,117,91,13" hai1="20,66,27,127,84,105,102,129,120,108,95,35,55" hai2="23,6,67,100,14,0,11,104,12,39,110,99,22" hai3="81,119,10,28,70,79,72,9,80,107,38,123,132"/><U133/><E120/><V115/><F39/><W101/><G123/><T26/><D3/><U74/><E74/><V24/><F110/><W121/><G38/><T47/><D109/><U18/><E108/><V118/><F118/><W94/><G119/><T131/><D117/><U58/><E129/><V19/><F115/><W75/><G121/><T116/><D116/><U32/><E133/><V90/><F90/><W44/><G70/><T31/><D56/><U7/><E127/><V5/><F67/><W30/><G132/><T92/><D106/><U122/><E122/><V124/><F124/><W21/><G44/><T43/><D47/><U60/><E7/><V34/><F99/><W42/><G42/><T68/><D68/><U63/><E105/><V69/><F100/><W1/><G107/><T111/><D13/><N who="2" m="5226" /><F69/><W73/><G1/><T125/><D111/><U77/><E77/><V41/><F41/><W54/><G54/><T130/><D125/><U135/><E135/><V16/><F104/><W83/><G79/><T126/><D91/><U2/><E2/><V76/><F76/><W98/><REACH who="3" step="1"/><G21/><REACH who="3" ten="210,330,230,220" step="2"/><N who="2" m="7689" /><F5/><W53/><G53/><T33/><D126/><U64/><E55/><V8/><F8/><AGARI ba="0,1" hai="8,9,10,28,30,72,73,75,80,81,83,94,98,101" machi="8" ten="50,3200,0" yaku="1,1,52,1,53,0" doraHai="97" doraHaiUra="49" who="3" fromWho="2" sc="210,0,330,0,230,-32,220,42" /><INIT seed="2,0,0,2,1,63" ten="210,330,198,262" oya="2" hai0="121,90,30,34,42,89,60,58,66,43,24,118,94" hai1="108,22,72,131,6,7,102,76,45,67,74,71,103" hai2="135,35,18,33,26,55,80,40,87,15,98,78,49" hai3="13,14,53,110,64,104,21,52,16,44,113,28,99"/><V130/><F135/><W4/><G110/><T0/><D121/><U73/><E76/><V5/><F130/><W47/><G113/><T97/><D0/><U95/><E108/><V105/><F40/><W112/><G112/><T10/><D10/><U106/><E106/><V82/><F82/><W123/><G28/><T46/><D118/><U84/><E131/><V125/><F125/><W51/><G123/><T11/><D11/><U93/><E45/><V59/><F26/><W127/><G127/><T62/><D46/><U79/><E22/><V128/><F128/><W54/><G64/><T39/><D39/><U50/><E50/><V114/><F114/><W88/><G104/><T57/><D90/><U100/><E79/><V61/><F5/><W65/><G65/><AGARI ba="0,0" hai="24,30,34,42,43,57,58,60,62,65,66,89,94,97" machi="65" ten="30,7700,0" yaku="7,1,9,1,52,2" doraHai="63" who="0" fromWho="3" sc="210,77,330,0,198,0,262,-77" /><INIT seed="3,0,0,2,4,21" ten="287,330,198,185" oya="3" hai0="16,32,7,75,22,51,70,68,131,92,72,101,102" hai1="94,15,45,25,9,12,82,121,8,60,116,65,10" hai2="119,57,64,20,13,127,5,43,105,6,95,54,36" hai3="4,77,39,99,120,69,44,109,61,37,122,38,58"/><W83/><G69/><T115/><D32/><U42/><E121/><V114/><F105/><W62/><G99/><T11/><D131/><U97/><E82/><V63/><F114/><W124/><G4/><T3/><D115/><U104/><E104/><V31/><F119/><W117/><G117/><T130/><D130/><U88/><E116/><V106/><F106/><W74/><G124/><T14/><D70/><U89/><E89/><V108/><F127/><W87/><G109/><T126/><D68/><U35/><E35/><V23/><F108/><W55/><G74/><T26/><D126/><U46/><E25/><V2/><F2/><W86/><G61/><T33/><D51/><U113/><E113/><V84/><F36/><W67/><REACH who="3" step="1"/><G86/><REACH who="3" ten="287,330,198,175" step="2"/><T132/><D75/><U53/><E60/><V49/><F63/><W96/><G96/><T48/><D72/><U19/><E97/><V76/><F84/><W66/><G66/><T78/><D132/><U24/><E65/><V85/><F64/><W29/><G29/><T103/><D48/><AGARI ba="0,1" hai="37,38,39,44,48,55,58,62,67,77,83,87,120,122" machi="48" ten="40,7700,0" yaku="1,1,53,2" doraHai="21" doraHaiUra="118" who="3" fromWho="0" sc="287,-77,330,0,198,0,175,87" /><INIT seed="3,1,0,3,1,50" ten="210,330,198,262" oya="3" hai0="112,23,82,1,115,111,88,92,44,15,36,46,38" hai1="113,80,83,131,98,97,53,95,124,24,66,55,64" hai2="58,106,30,68,47,107,123,28,63,134,121,72,79" hai3="116,81,37,9,76,43,128,65,18,60,108,103,118"/><W56/><G103/><T119/><D1/><U75/><E113/><N who="0" m="43593" /><D119/><U52/><E124/><V32/><F47/><N who="0" m="17962" /><D82/><N who="1" m="31275" /><E75/><V117/><F79/><W101/><G101/><T96/><D111/><U120/><E120/><N who="2" m="46155" /><F30/><W94/><G128/><T87/><D96/><N who="1" m="36971" /><E131/><V132/><F117/><W86/><G108/><T57/><D57/><U29/><E95/><V130/><F72/><W35/><G94/><T54/><D23/><AGARI ba="1,0" hai="23,24,29,52,53,55,64,66" m="36971,31275" machi="23" ten="30,8000,1" yaku="8,1,52,3,54,1" doraHai="50" who="1" fromWho="0" sc="210,-83,330,83,198,0,262,0" /><INIT seed="4,0,0,2,3,23" ten="127,413,198,262" oya="0" hai0="79,69,71,126,110,20,60,73,45,10,108,80,74" hai1="43,57,52,61,0,135,3,50,91,1,100,44,56" hai2="77,17,134,94,49,22,42,116,25,78,15,106,67" hai3="113,12,16,86,37,7,124,123,103,63,24,48,38"/><T101/><D126/><U26/><E135/><V46/><F106/><W29/><G124/><T127/><D127/><U70/><E100/><V65/><F134/><W96/><G7/><T114/><D101/><U76/><E76/><V40/><F116/><W30/><G113/><T99/><D99/><U19/><E70/><N who="0" m="26633" /><D20/><U118/><E118/><V75/><F75/><W85/><G123/><T51/><D60/><U32/><E32/><V107/><F107/><W64/><G48/><T125/><D125/><U98/><E57/><V35/><F42/><W92/><G37/><T87/><D10/><U129/><E129/><V58/><F58/><N who="3" m="36983" /><G38/><T54/><D114/><U5/><E5/><V8/><F35/><W128/><G128/><T66/><D66/><N who="2" m="25098" /><F94/><W27/><G30/><AGARI ba="0,0" hai="8,15,17,22,25,30,40,46,49,77,78" m="25098" machi="30" ten="30,2000,0" yaku="8,1,52,1" doraHai="23" who="2" fromWho="3" sc="127,0,413,0,198,20,262,-20" /><INIT seed="5,0,0,2,3,122" ten="127,413,218,242" oya="1" hai0="132,50,3,38,43,9,82,114,28,57,105,84,20" hai1="10,12,30,106,77,66,65,103,48,112,125,23,89" hai2="131,62,40,26,71,93,102,63,95,33,18,135,78" hai3="133,109,5,87,42,111,2,110,90,72,124,97,46"/><U116/><E116/><V129/><F135/><W35/><G35/><T99/><D38/><U81/><E112/><V86/><F40/><W69/><G69/><T52/><D114/><U8/><E125/><V21/><F33/><W13/><G2/><T39/><D132/><U7/><E106/><V123/><F123/><W92/><G133/><T64/><D64/><U91/><E103/><V121/><F121/><W6/><G124/><T68/><D68/><U53/><E10/><V49/><F49/><W45/><G72/><T17/><D28/><U94/><E30/><V98/><F95/><W14/><G97/><T73/><D105/><U16/><E77/><V25/><F25/><W67/><G67/><N who="1" m="25610" /><E81/><N who="2" m="47415" /><F71/><W118/><G118/><T61/><D73/><U60/><E60/><V76/><F76/><W29/><G29/><T44/><D39/><U113/><E113/><V36/><F36/><W127/><G127/><T55/><D9/><U31/><E31/><V126/><F126/><W83/><G92/><T104/><D3/><U70/><E70/><V130/><AGARI ba="0,0" hai="18,21,26,62,63,93,98,102,129,130,131" m="47415" machi="130" ten="30,1100,0" yaku="19,1" doraHai="122" who="2" fromWho="2" sc="127,-3,413,-5,218,11,242,-3" /><INIT seed="6,0,0,0,5,19" ten="124,408,229,239" oya="2" hai0="76,83,122,97,104,124,24,126,39,130,103,102,128" hai1="31,105,89,113,106,32,11,62,35,110,63,52,80" hai2="120,13,40,4,101,132,14,85,65,43,17,18,114" hai3="73,57,108,36,70,12,133,64,127,107,53,41,71"/><V134/><F120/><W129/><G73/><T44/><D122/><U60/><E110/><V46/><F114/><W99/><G108/><T48/><D39/><U82/><E113/><V77/><F101/><W67/><G107/><T6/><D6/><U49/><E11/><N who="2" m="4327" /><F65/><N who="3" m="25163" /><G99/><T75/><D48/><U135/><E135/><N who="2" m="51755" /><F14/><W20/><G133/><T87/><D24/><U94/><E105/><V95/><F95/><W10/><G20/><T30/><D44/><U9/><E106/><V115/><F115/><W37/><G10/><T34/><D30/><U92/><E9/><V5/><F5/><W23/><G23/><T22/><D22/><U3/><E3/><V125/><F125/><N who="0" m="48234" /><D34/><U7/><E7/><V25/><F25/><W118/><G12/><T38/><D38/><U54/><E32/><V15/><F18/><W45/><G37/><T111/><D111/><U116/><E35/><V86/><F85/><W61/><G127/><T119/><D119/><U29/><E92/><V21/><F46/><W55/><G118/><T8/><D8/><U88/><E116/><V117/><F117/><W79/><G79/><T74/><D103/><U59/><E94/><V56/><F56/><N who="3" m="34959" /><G129/><AGARI ba="0,0" hai="74,75,76,83,87,97,102,104,128,129,130" m="48234" machi="129" ten="30,7700,0" yaku="19,1,18,1,34,2" doraHai="19" who="0" fromWho="3" sc="124,77,408,0,229,0,239,-77" /><INIT seed="7,0,0,4,3,127" ten="201,408,229,162" oya="3" hai0="88,62,119,76,53,118,75,73,63,109,131,25,24" hai1="46,41,20,60,50,56,72,59,26,34,40,8,85" hai2="31,69,124,70,29,106,32,43,125,116,49,121,96" hai3="1,61,54,97,2,21,19,86,78,79,12,15,91"/><W11/><G97/><T35/><D109/><U77/><E72/><V99/><F116/><W98/><G98/><T84/><D76/><U57/><E34/><V105/><F49/><W100/><G100/><T83/><D35/><U126/><E126/><V30/><F43/><W55/><G2/><T44/><D73/><U58/><E8/><V108/><F30/><W51/><G1/><T135/><D75/><U101/><E101/><V123/><F32/><W90/><G61/><T6/><D6/><U115/><E115/><V7/><F7/><N who="3" m="3199" /><G90/><T16/><D135/><U10/><E10/><V130/><F130/><W47/><G55/><T17/><D131/><U48/><E41/><V42/><F42/><W65/><G65/><T37/><D37/><U14/><E50/><V23/><F23/><W133/><G133/><T120/><D120/><U94/><E60/><N who="0" m="23081" /><D118/><U67/><E67/><V132/><F132/><W5/><G5/><T9/><D119/><U66/><E66/><V22/><F22/><W27/><G27/><N who="0" m="10315" /><D9/><U134/><E134/><V104/><F104/><W0/><G0/><T95/><D83/><AGARI ba="0,0" hai="15,19,21,47,51,54,78,79,83,86,91" m="3199" machi="83" ten="30,1500,0" yaku="8,1" doraHai="127" who="3" fromWho="0" sc="201,-15,408,0,229,0,162,15" /><INIT seed="7,1,0,1,3,2" ten="186,408,229,177" oya="3" hai0="29,97,76,105,131,90,37,73,61,92,20,84,56" hai1="94,134,91,103,102,120,114,3,22,126,72,107,33" hai2="26,14,47,50,119,66,42,101,11,48,104,57,5" hai3="34,80,81,4,130,132,67,54,122,64,88,82,118"/><W40/><G118/><T115/><D37/><U19/><E120/><V98/><F119/><W13/><G122/><T46/><D46/><U113/><E33/><V55/><F26/><W74/><G34/><T79/><D131/><U75/><E3/><V95/><REACH who="2" step="1"/><F66/><REACH who="2" ten="186,408,219,177" step="2"/><W68/><G67/><T111/><D111/><U65/><E65/><V28/><F28/><W44/><G68/><T25/><D115/><U27/><E114/><V10/><F10/><N who="3" m="4295" /><G64/><T60/><D25/><U121/><E113/><V85/><F85/><W112/><G112/><T77/><D29/><U96/><E121/><V1/><F1/><W87/><G130/><T70/><D84/><U86/><E103/><V69/><F69/><W18/><G132/><T6/><D70/><U100/><E134/><V15/><F15/><W123/><G123/><T127/><D73/><U31/><E102/><V30/><F30/><W24/><G74/><T53/><D127/><U9/><E126/><V133/><F133/><W17/><G40/><T7/><D105/><AGARI ba="1,1" hai="5,11,14,42,47,48,50,55,57,95,98,101,104,105" machi="105" ten="40,2600,0" yaku="1,1,52,1,53,0" doraHai="2" doraHaiUra="135" who="2" fromWho="0" sc="186,-29,408,0,219,39,177,0" owari="157,-34.0,408,50.0,258,6.0,177,-22.0" /></mjloggm>