<mjloggm ver="2.3"><GO type="169"/><UN n0="%E6%A1%9C%E8%8A%B1%E9%96%83%E3%80%85" n1="%EF%BC%88%E2%89%A7%E2%96%BD%E2%89%A6%EF%BC%89" n2="%E6%A3%92%E8%A7%92" n3="%47%61%4B%75" dan="18,18,16,17" rate="2211,2233,2081,2176" sx="M,M,M,M"/><TAIKYOKU oya="0"/><INIT seed="0,0,0,2,1,5" ten="250,250,250,250" oya="0" hai0="121,89,114,3,58,28,91,85,80,39,37,20,92" hai1="62,51,104,26,30,90,64,79,88,2,63,109,0" hai2="46,16,135,52,24,131,105,60,38,107,122,102,113" hai3="72,106,67,21,11,110,70,73,29,4,83,55,129"/><T87/><D114/><U118/><E104/><V120/><F113/><W27/><G110/><T41/><D121/><U68/><E118/><V10/><F135/><W66/><G106/><T42/><D3/><U95/><E109/><V18/><F131/><W93/><G129/><T123/><D123/><U99/><E79/><V124/><F124/><W12/><G70/><T125/><D125/><U82/><E51/><V81/><F38/><W13/><G13/><T34/><D34/><U130/><E130/><V101/><F81/><W25/><G25/><N who="0" m="16423" /><D37/><U22/><REACH who="1" step="1"/><E63/><REACH who="1" ten="250,240,250,250" step="2"/><V78/><F78/><W112/><G112/><T111/><D39/><U54/><E54/><V8/><F60/><W71/><G55/><T1/><D111/><U19/><E19/><V50/><F52/><W56/><G66/><T76/><D76/><U127/><E127/><V45/><F24/><W86/><G71/><T128/><D128/><U69/><E69/><V15/><F15/><W32/><G67/><T115/><D115/><U35/><E35/><V23/><REACH who="2" step="1"/><F23/><REACH who="2" ten="250,240,240,250" step="2"/><W117/><G21/><T132/><D132/><U40/><E40/><V98/><F98/><W48/><G27/><T61/><D1/><U77/><E77/><V36/><F36/><W134/><G32/><T31/><D41/><U103/><E103/><V65/><F65/><W75/><G134/><T108/><D42/><U133/><E133/><V33/><F33/><W59/><G117/><T6/><D108/><U17/><E17/><V94/><F94/><W53/><G93/><T14/><D61/><U7/><E7/><V119/><F119/><RYUUKYOKU ba="0,2" sc="250,-15,240,15,240,15,250,-15" hai1="0,2,22,26,30,62,64,68,82,88,90,95,99" hai2="8,10,16,18,45,46,50,101,102,105,107,120,122" /><INIT seed="1,1,2,1,4,44" ten="235,255,255,235" oya="1" hai0="26,129,69,7,130,117,114,71,18,1,127,67,58" hai1="6,98,87,109,24,23,111,60,30,112,82,3,128" hai2="94,61,56,50,54,79,48,12,32,2,41,52,77" hai3="133,106,110,84,17,122,35,120,113,123,89,14,65"/><U75/><E75/><V34/><F2/><W101/><G113/><T16/><D114/><U13/><E112/><V45/><F34/><W37/><G35/><T73/><D117/><U88/><E128/><N who="0" m="49257" /><D73/><U131/><E131/><V28/><F32/><W39/><G110/><N who="1" m="41994" /><E3/><V8/><F94/><W115/><G115/><T70/><D127/><U29/><E60/><V53/><F28/><W103/><G65/><T95/><D95/><U0/><E0/><V116/><F116/><W93/><G133/><T78/><D78/><N who="2" m="29706" /><F50/><W91/><G91/><T135/><D135/><U96/><E30/><V132/><F132/><W102/><REACH who="3" step="1"/><G106/><REACH who="3" ten="235,255,255,225" step="2"/><T11/><D26/><U74/><E74/><V126/><F126/><W36/><G36/><T62/><AGARI ba="1,3" hai="1,7,11,16,18,58,62,67,69,70,71" m="49257" machi="62" ten="40,2700,0" yaku="19,1,54,1" doraHai="44" who="0" fromWho="0" sc="235,60,255,-14,255,-8,225,-8" /><INIT seed="2,0,0,0,3,84" ten="295,241,247,217" oya="2" hai0="31,127,64,45,125,12,102,76,49,77,6,108,133" hai1="43,26,15,51,30,120,117,2,36,41,52,61,130" hai2="42,126,91,88,69,27,20,65,104,25,57,50,66" hai3="71,53,72,100,98,39,32,8,10,44,14,17,86"/><V9/><F104/><W118/><G72/><T4/><D108/><U34/><E2/><V35/><F69/><W128/><G32/><T135/><D102/><U23/><E117/><V96/><F126/><N who="0" m="48138" /><D64/><N who="2" m="24682" /><F35/><W81/><G128/><T87/><D31/><U103/><E130/><V33/><F33/><W70/><G118/><T114/><D114/><U28/><E36/><V18/><F96/><W5/><G39/><T83/><D76/><U67/><E103/><V55/><F42/><W121/><G121/><T131/><D131/><U95/><E120/><V115/><F115/><W134/><G134/><N who="0" m="51211" /><D12/><U129/><E15/><N who="2" m="7535" /><F25/><W124/><G124/><T107/><D107/><U29/><E34/><V22/><F20/><W21/><G10/><T82/><D82/><U59/><E129/><V54/><F55/><AGARI ba="0,0" hai="4,6,45,49,55,77,83,87" m="51211,48138" machi="55" ten="30,2000,0" yaku="18,1,20,1" doraHai="84" who="0" fromWho="2" sc="295,20,241,0,247,-20,217,0" /><INIT seed="3,0,0,0,4,125" ten="315,241,227,217" oya="3" hai0="26,53,127,121,8,65,28,110,131,25,100,22,30" hai1="128,4,64,51,39,41,85,104,48,111,56,91,132" hai2="27,54,97,80,87,14,122,20,59,94,63,12,46" hai3="124,67,68,10,42,29,0,135,134,88,18,73,3"/><W79/><G29/><T60/><D127/><U99/><E39/><V70/><F70/><W77/><G124/><T98/><D121/><U119/><E119/><V57/><F46/><W45/><G67/><T58/><D110/><U126/><E126/><V55/><F122/><W13/><G68/><T92/><D131/><U50/><E41/><V108/><F108/><W105/><G105/><T37/><D37/><U114/><E114/><V78/><F59/><W17/><G18/><T36/><D36/><U115/><E115/><V82/><F82/><W129/><G129/><T62/><D8/><U90/><E111/><V49/><F55/><W34/><G34/><T75/><D75/><U72/><E72/><V7/><F49/><W117/><G117/><T23/><D60/><N who="1" m="37895" /><E104/><V1/><F1/><W118/><G118/><T69/><D69/><U32/><E32/><V103/><REACH who="2" step="1"/><F7/><REACH who="2" ten="315,241,217,217" step="2"/><W133/><G0/><T107/><D107/><U11/><E50/><V35/><F35/><W47/><G3/><T21/><D21/><U95/><E51/><V113/><F113/><W31/><G45/><T106/><D106/><U83/><E48/><V109/><F109/><W16/><G47/><T43/><D43/><U102/><E128/><V6/><F6/><N who="3" m="3287" /><G42/><T52/><AGARI ba="0,1" hai="22,23,25,26,28,30,52,53,58,62,65,92,98,100" machi="52" ten="30,12000,2" yaku="0,1,9,1,25,2,8,1,54,1" doraHai="125" who="0" fromWho="0" sc="315,130,241,-30,217,-30,217,-60" /><INIT seed="4,0,0,2,4,9" ten="445,211,187,157" oya="0" hai0="50,83,22,76,55,41,118,109,12,96,80,69,73" hai1="116,51,111,119,7,20,21,33,58,29,128,131,134" hai2="88,13,86,44,81,82,3,106,72,37,130,98,25" hai3="32,42,121,62,105,74,63,31,85,46,114,78,27"/><T61/><D118/><N who="1" m="45099" /><E111/><V5/><F130/><N who="1" m="49705" /><E134/><V99/><F3/><W6/><G114/><T125/><D125/><U59/><E51/><V18/><F5/><W65/><G121/><T66/><D109/><U108/><E108/><V75/><F25/><W60/><G74/><T8/><D41/><U64/><E64/><V90/><F106/><W115/><G115/><T93/><D22/><N who="1" m="8811" /><E7/><V117/><F117/><W113/><G113/><T23/><D50/><U94/><E94/><V122/><F122/><W101/><G6/><T43/><D93/><U79/><E79/><V10/><F75/><W124/><G124/><T89/><D76/><U24/><AGARI ba="0,0" hai="24,29,33,58,59" m="8811,49705,45099" machi="24" ten="40,1500,0" yaku="19,1" doraHai="9" who="1" fromWho="1" sc="445,-7,211,15,187,-4,157,-4" /><INIT seed="5,0,0,3,4,40" ten="438,226,183,153" oya="1" hai0="85,91,99,126,94,69,93,54,135,122,102,108,20" hai1="56,105,32,6,68,27,124,112,106,63,119,82,51" hai2="121,131,90,15,77,37,12,62,61,120,76,52,83" hai3="65,74,17,14,101,79,107,127,64,28,22,19,80"/><U72/><E119/><V39/><F83/><W96/><G127/><T109/><D69/><U50/><E124/><V97/><F97/><W123/><G123/><T92/><D126/><U100/><E6/><V70/><F70/><W5/><G5/><T87/><D122/><U43/><E112/><V111/><F90/><W8/><REACH who="3" step="1"/><G28/><REACH who="3" ten="438,226,183,143" step="2"/><T1/><D108/><U3/><E3/><V30/><F30/><W66/><G66/><T4/><D4/><U45/><E105/><V130/><REACH who="2" step="1"/><F52/><REACH who="2" ten="438,226,173,143" step="2"/><W11/><G11/><T132/><D54/><U104/><E104/><V57/><F57/><W60/><G60/><T35/><D109/><AGARI ba="0,2" hai="12,15,37,39,61,62,76,77,109,111,120,121,130,131" machi="109" ten="25,3200,0" yaku="1,1,22,2,53,0" doraHai="40" doraHaiUra="55" who="2" fromWho="0" sc="438,-32,226,0,173,52,143,0" /><INIT seed="6,0,0,4,3,85" ten="406,226,225,143" oya="2" hai0="135,17,105,83,54,30,50,26,132,4,47,121,69" hai1="6,106,101,98,43,72,84,11,119,12,131,1,2" hai2="22,120,9,107,128,109,70,58,61,82,111,29,44" hai3="25,48,80,92,108,93,76,51,74,66,97,36,10"/><V130/><F107/><W65/><G108/><N who="2" m="41545" /><F120/><W5/><G36/><T90/><D121/><U40/><E72/><V116/><F116/><W53/><G25/><T55/><D105/><U103/><E119/><V52/><F70/><W7/><G7/><T110/><D110/><U14/><E131/><N who="2" m="50219" /><F9/><W87/><G74/><T94/><D69/><U91/><E103/><V73/><F22/><W42/><G42/><T15/><D132/><U96/><E96/><V100/><F100/><W117/><G117/><T102/><D102/><U33/><E33/><V20/><F20/><W8/><G92/><T71/><D94/><U59/><E1/><V112/><F29/><W124/><G8/><T28/><D71/><U35/><E35/><V18/><F18/><W125/><G125/><T126/><D17/><U122/><E122/><V68/><F68/><W57/><G48/><T32/><D50/><U41/><REACH who="1" step="1"/><E59/><REACH who="1" ten="406,216,225,143" step="2"/><V3/><F3/><W37/><G124/><T133/><D32/><U23/><E23/><V38/><F73/><W118/><G118/><T46/><D126/><U79/><E79/><V104/><F104/><W77/><G77/><T45/><D133/><U129/><E129/><V62/><F112/><W27/><G57/><T0/><D0/><U34/><E34/><V127/><F127/><W113/><G113/><T31/><D135/><U21/><E21/><V49/><F82/><AGARI ba="0,1" hai="2,6,11,12,14,40,41,43,82,84,91,98,101,106" machi="82" ten="40,2600,0" yaku="1,1,52,1,53,0" doraHai="85" doraHaiUra="75" who="1" fromWho="2" sc="406,0,216,36,225,-26,143,0" /><INIT seed="7,0,0,0,3,83" ten="406,252,199,143" oya="3" hai0="92,30,39,19,61,69,52,7,114,1,51,103,46" hai1="85,129,101,63,23,66,109,41,77,11,40,58,50" hai2="60,35,5,130,25,22,64,68,127,133,14,84,67" hai3="87,78,120,45,82,2,42,18,91,118,15,24,112"/><W48/><G118/><T20/><D39/><U135/><E109/><V26/><F133/><W31/><G120/><T116/><D116/><U10/><E135/><V38/><F38/><W73/><G2/><T110/><D110/><U59/><E101/><V36/><F36/><W119/><G119/><T90/><D30/><U13/><E23/><V93/><F67/><W34/><G112/><T105/><D105/><U29/><E29/><V70/><F70/><W102/><G102/><T131/><D103/><U55/><E129/><V111/><F130/><W17/><REACH who="3" step="1"/><G15/><REACH who="3" ten="406,252,199,133" step="2"/><T89/><D1/><U56/><E13/><V98/><F111/><W96/><G96/><T107/><D114/><U121/><E121/><V100/><F127/><W16/><G16/><T49/><D19/><U12/><E12/><V122/><F122/><W106/><G106/><T32/><D107/><U44/><E11/><V86/><F5/><W37/><G37/><T53/><D7/><U71/><E10/><V124/><F124/><W27/><G27/><T134/><D131/><U104/><E104/><V65/><F14/><W79/><G79/><T128/><D128/><U75/><E77/><V3/><F3/><W57/><G57/><T9/><D9/><U8/><E8/><V0/><F0/><W74/><G74/><T62/><D134/><U117/><E75/><V81/><F26/><W95/><AGARI ba="0,1" hai="17,18,24,31,34,42,45,48,73,78,82,87,91,95" machi="95" ten="20,12000,1" yaku="1,1,0,1,7,1,52,1,53,1" doraHai="83" doraHaiUra="47" who="3" fromWho="3" sc="406,-40,252,-40,199,-40,133,130" /><INIT seed="7,1,0,1,3,23" ten="366,212,159,263" oya="3" hai0="133,54,4,96,56,71,47,66,43,14,48,127,18" hai1="32,92,101,77,2,116,5,10,62,76,69,58,0" hai2="86,63,110,1,52,85,122,97,78,120,128,28,16" hai3="98,6,33,135,100,134,20,42,45,30,87,41,34"/><W103/><G6/><T90/><D127/><U61/><E116/><V17/><F1/><W132/><G87/><N who="2" m="33289" /><F110/><W25/><G100/><T12/><D133/><U84/><E0/><V15/><F78/><W27/><G34/><T50/><D4/><U68/><E32/><V83/><F83/><W19/><REACH who="3" step="1"/><G45/><REACH who="3" ten="366,212,159,253" step="2"/><N who="0" m="27983" /><D71/><U37/><E69/><V95/><F128/><W115/><G115/><T53/><D66/><U70/><E70/><V26/><F15/><W74/><G74/><T81/><D18/><U51/><E68/><V91/><F122/><W65/><G65/><T40/><D81/><U39/><E76/><V49/><F120/><W105/><AGARI ba="1,1" hai="19,20,25,27,30,33,41,42,98,103,105,132,134,135" machi="105" ten="30,18000,2" yaku="1,1,0,1,20,1,52,2,53,1" doraHai="23" doraHaiUra="29" who="3" fromWho="3" sc="366,-61,212,-61,159,-61,253,193" owari="305,11.0,151,-25.0,98,-40.0,446,54.0" /></mjloggm>