<mjloggm ver="2.3"><GO type="97"/><UN n0="%65%73%75" n1="%EF%BC%88%E2%89%A7%E2%96%BD%E2%89%A6%EF%BC%89" n2="%77%65%72%74%79" n3="%6E%61%67%69%73%61%31%31" dan="14,15,13,14" rate="1928,2057,1812,2009" sx="M,M,M,F"/><TAIKYOKU oya="0"/><INIT seed="0,0,0,5,2,40" ten="250,250,250,250" oya="0" hai0="4,64,14,68,7,111,22,1,26,77,120,108,109" hai1="123,31,74,113,62,102,128,18,61,30,104,49,15" hai2="82,93,34,39,8,55,16,23,2,99,103,105,5" hai3="10,37,87,92,6,81,32,47,79,33,94,107,73"/><T112/><D112/><U88/><E123/><V51/><F39/><W21/><G107/><T45/><D120/><U66/><E74/><V97/><F34/><W67/><G67/><T29/><D77/><U126/><E113/><V116/><F82/><W127/><G127/><T114/><D114/><U71/><E126/><V72/><F116/><W91/><G21/><N who="0" m="15567" /><D1/><U58/><E128/><V41/><F41/><N who="3" m="22959" /><G94/><T118/><D118/><U53/><E62/><V0/><F72/><W86/><G86/><T121/><D121/><U52/><E53/><V130/><F130/><W75/><G73/><T9/><D22/><U65/><E65/><V70/><F70/><W56/><G56/><T48/><D64/><U43/><E43/><V13/><F105/><W28/><G28/><T106/><D68/><U69/><E69/><V11/><F99/><W44/><G44/><T76/><D76/><U122/><E122/><V27/><F8/><W131/><G131/><T42/><D106/><U84/><E104/><V110/><F110/><N who="0" m="28162" /><T95/><DORA hai="38" /><D95/><U60/><E71/><V98/><F97/><W117/><G117/><T100/><D100/><U90/><E102/><V135/><F135/><W125/><G125/><T12/><D12/><U25/><E66/><V3/><F3/><W19/><G33/><T17/><AGARI ba="0,0" hai="4,7,9,14,17,42,45,48" m="28162,15567" machi="17" ten="40,12000,1" yaku="14,1,10,1,52,2" doraHai="40,38" who="0" fromWho="0" sc="250,120,250,-40,250,-40,250,-40" /><INIT seed="0,1,0,3,0,69" ten="370,210,210,210" oya="0" hai0="66,21,49,39,25,93,51,79,14,68,11,23,8" hai1="6,100,4,59,108,99,50,58,12,42,36,112,2" hai2="48,130,131,5,73,84,60,85,90,118,61,127,115" hai3="95,71,38,101,24,104,32,88,102,123,86,64,33"/><T45/><D79/><U70/><E70/><V120/><F120/><W17/><G123/><T63/><D93/><U134/><E2/><V22/><F115/><W56/><G56/><T67/><D67/><U117/><E117/><V116/><F73/><W7/><G7/><T75/><D75/><U111/><E112/><V10/><F127/><W128/><G128/><N who="2" m="49193" /><F22/><W34/><G38/><T78/><D78/><U52/><E134/><V105/><F48/><W113/><G113/><T0/><D0/><U37/><E59/><V87/><F105/><W109/><G109/><N who="1" m="42058" /><E42/><V3/><F90/><W107/><G107/><T94/><D94/><N who="1" m="58487" /><E4/><V124/><F124/><W43/><G43/><T62/><D68/><U74/><E74/><V53/><F53/><W103/><G104/><T55/><D66/><U41/><E41/><V82/><F82/><W96/><G64/><T83/><D55/><U65/><E65/><V135/><F135/><W125/><G71/><T16/><D83/><U40/><E40/><V92/><F92/><W97/><REACH who="3" step="1"/><G125/><REACH who="3" step="2"/><T1/><D39/><U77/><E77/><V13/><F3/><W81/><G81/><T89/><D1/><U46/><E58/><V15/><F15/><W30/><G30/><T126/><D126/><U119/><E119/><AGARI ba="1,1" hai="5,10,13,60,61,84,85,87,116,118,119" m="49193" machi="119" ten="40,2600,0" yaku="12,1,19,1" doraHai="69" who="2" fromWho="1" sc="370,0,210,-29,210,39,200,0" /><INIT seed="1,0,0,3,0,64" ten="370,181,249,200" oya="1" hai0="52,23,82,74,77,102,107,43,86,50,133,35,5" hai1="30,26,130,79,106,113,67,62,76,92,111,100,75" hai2="87,36,123,68,17,120,1,25,57,14,78,108,97" hai3="112,21,90,114,20,66,31,99,126,38,46,135,132"/><U127/><E113/><N who="3" m="43626" /><G66/><T18/><D35/><U7/><E130/><V124/><F36/><W13/><G99/><T55/><D5/><U125/><E92/><V121/><F1/><W109/><G90/><T44/><D74/><U51/><E51/><V49/><F124/><N who="1" m="47689" /><E7/><V105/><F68/><W93/><G93/><T37/><D133/><N who="3" m="51273" /><G126/><T10/><D37/><U70/><E75/><V45/><F25/><N who="3" m="16807" /><G46/><T98/><D107/><U88/><E88/><V41/><F57/><W116/><G38/><T40/><D102/><U56/><E56/><V94/><F105/><W12/><G116/><T118/><D98/><N who="1" m="61719" /><E111/><V39/><F108/><W110/><G12/><T11/><D118/><U58/><E58/><V53/><F78/><W115/><G115/><T101/><D101/><U128/><E128/><V117/><F117/><W2/><G2/><T48/><D43/><U65/><E65/><V72/><F72/><W122/><G122/><T28/><D40/><U9/><E9/><N who="2" m="6351" /><F87/><W104/><G104/><T34/><D11/><U96/><E96/><V131/><F123/><W3/><G3/><T32/><D10/><U129/><E129/><V29/><F131/><W73/><G73/><T42/><D48/><U95/><E95/><V71/><F121/><W54/><G109/><T119/><D119/><U81/><E81/><V91/><F120/><W16/><G110/><T4/><D82/><U80/><E80/><V8/><F8/><W63/><G63/><T27/><D50/><U47/><E47/><N who="2" m="27839" /><F29/><W60/><G60/><T24/><D28/><U19/><E30/><V15/><F15/><RYUUKYOKU ba="0,0" sc="370,-30,181,10,249,10,200,10" hai1="19,26,62,67,70,76,79" hai2="39,41,45,71,91,94,97" hai3="13,16,21,54" /><INIT seed="1,1,0,5,2,44" ten="340,191,259,210" oya="1" hai0="29,79,50,28,58,59,23,111,124,33,22,55,49" hai1="80,98,130,105,73,89,82,43,60,96,135,134,85" hai2="91,132,35,94,56,125,8,10,95,133,66,12,20" hai3="41,15,17,87,26,76,93,6,24,72,40,115,127"/><U109/><E43/><N who="3" m="16458" /><G72/><T64/><D33/><U122/><E60/><N who="2" m="38151" /><F35/><W65/><G65/><T70/><D70/><U21/><E21/><N who="0" m="7689" /><D111/><U34/><E34/><V75/><F75/><W71/><G71/><T121/><D121/><U45/><E45/><V5/><F125/><W37/><G37/><T25/><D124/><U13/><E13/><V11/><F20/><N who="3" m="11327" /><G115/><T81/><D25/><N who="3" m="9833" /><G127/><T84/><D64/><U4/><E122/><V120/><F120/><W63/><G63/><N who="0" m="36319" /><D59/><U48/><E109/><V0/><F0/><W126/><G126/><T74/><D74/><U62/><E73/><V99/><F95/><W119/><G119/><T90/><D79/><U2/><E2/><V101/><F101/><W16/><G6/><T9/><D9/><U108/><E4/><V113/><F113/><W83/><G93/><T36/><D36/><U61/><E108/><V86/><F99/><W69/><G69/><T46/><D46/><U14/><E98/><V57/><F57/><W77/><G76/><T78/><D78/><U54/><E96/><V129/><F129/><W110/><G110/><T100/><D100/><U53/><E130/><V39/><F39/><W30/><G30/><AGARI ba="1,0" hai="28,29,30,49,50,81,84,90" m="36319,7689" machi="30" ten="30,3900,0" yaku="8,1,52,2" doraHai="44" who="0" fromWho="3" sc="340,42,191,0,259,0,210,-42" /><INIT seed="2,0,0,2,1,35" ten="382,191,259,168" oya="2" hai0="0,53,5,104,61,89,82,98,47,102,94,44,8" hai1="107,123,133,88,37,56,26,17,108,13,74,106,60" hai2="57,84,121,90,81,119,6,43,83,10,30,63,125" hai3="67,99,112,118,96,55,32,78,126,45,113,73,80"/><V135/><F121/><W20/><G118/><T36/><D36/><U33/><E37/><V93/><F119/><W40/><G32/><T110/><D110/><U59/><E74/><V76/><F135/><W103/><G126/><T109/><D109/><U9/><E108/><V131/><F125/><W19/><G67/><T101/><D82/><U122/><E133/><V52/><F131/><W97/><G55/><T48/><D61/><U39/><E39/><V92/><F30/><W31/><G31/><T15/><D0/><U4/><E59/><V100/><F43/><W38/><REACH who="3" step="1"/><G103/><REACH who="3" step="2"/><T14/><D102/><U34/><E34/><V71/><F100/><W77/><G77/><T95/><D101/><U66/><E33/><V105/><F76/><W18/><G18/><T111/><D53/><U27/><E123/><V58/><F71/><W87/><G87/><T7/><D111/><U42/><E122/><V22/><F105/><W128/><G128/><T21/><D104/><U49/><E107/><V127/><F127/><W115/><G115/><T41/><D98/><U134/><E106/><V62/><F83/><W16/><G16/><T85/><D85/><U116/><E134/><V24/><F6/><W124/><G124/><T50/><D5/><U129/><E129/><V54/><F81/><W46/><G46/><T130/><D44/><N who="1" m="25751" /><E116/><V2/><F84/><W64/><G64/><T86/><D47/><U70/><E4/><N who="2" m="1303" /><F90/><W12/><AGARI ba="0,1" hai="12,19,20,38,40,45,73,78,80,96,97,99,112,113" machi="12" ten="30,4000,0" yaku="1,1,0,1,53,1" doraHai="35" doraHaiUra="79" who="3" fromWho="3" sc="382,-10,191,-10,259,-20,158,50" /><INIT seed="3,0,0,1,5,27" ten="372,181,239,208" oya="3" hai0="20,111,25,91,44,87,56,70,40,13,48,92,86" hai1="46,65,59,7,83,121,43,77,98,119,85,15,36" hai2="32,116,4,30,5,11,69,58,21,110,89,104,34" hai3="114,93,54,22,109,100,122,106,120,123,47,126,63"/><W31/><G114/><T133/><D70/><U41/><E119/><V23/><F69/><W132/><G132/><T74/><D74/><U115/><E115/><V95/><F104/><W72/><G72/><T45/><D133/><U68/><E121/><V24/><F110/><W0/><G0/><T16/><D56/><U38/><E68/><V96/><F116/><W84/><G109/><T49/><D111/><U97/><E65/><V1/><F5/><W9/><G9/><T90/><D25/><U53/><E7/><V66/><F32/><W39/><G106/><T117/><D117/><U108/><E108/><V12/><F1/><W107/><G107/><T82/><D45/><U71/><E71/><V8/><F11/><W73/><G73/><T42/><D42/><U103/><E15/><V33/><F33/><W3/><G3/><T35/><D35/><U6/><E6/><V2/><F2/><W105/><G105/><T19/><D19/><U51/><REACH who="1" step="1"/><E103/><REACH who="1" step="2"/><V26/><F26/><W67/><G39/><AGARI ba="0,1" hai="13,16,20,39,40,44,48,49,82,86,87,90,91,92" machi="39" ten="30,2000,0" yaku="7,1,54,1" doraHai="27" who="0" fromWho="3" sc="372,30,171,0,239,0,208,-20" owari="402,50.0,171,-33.0,239,4.0,188,-21.0" /></mjloggm>