<mjloggm ver="2.3"><GO type="169"/><UN n0="%E3%82%AA%E3%82%BA%E3%82%B0%E3%83%AB%E3%83%BC%E3%83%97" n1="%EF%BC%88%E2%89%A7%E2%96%BD%E2%89%A6%EF%BC%89" n2="%4D%2E%42%65%61%6D" n3="%E3%82%AF%E3%83%A9" dan="16,18,16,16" rate="2107,2199,2093,2109" sx="M,M,M,M"/><TAIKYOKU oya="0"/><INIT seed="0,0,0,0,4,95" ten="250,250,250,250" oya="0" hai0="7,46,14,32,83,104,133,130,98,128,117,0,92" hai1="5,108,59,48,40,9,31,111,30,21,2,135,25" hai2="100,20,109,4,113,1,49,65,18,112,19,97,88" hai3="120,122,41,56,10,16,58,74,102,15,37,134,63"/><T96/><D117/><U51/><E135/><V3/><F109/><W23/><G134/><T132/><D32/><U22/><E40/><V121/><F121/><W99/><G74/><T84/><D0/><U89/><E89/><V131/><F131/><N who="0" m="50218" /><D7/><U129/><E129/><V60/><F4/><W67/><G41/><T106/><D14/><U42/><E42/><V105/><F3/><W119/><G37/><T118/><D46/><U101/><E101/><V39/><F39/><W44/><G44/><T116/><D133/><U124/><E124/><V64/><F49/><W34/><G34/><T93/><D132/><U61/><E108/><V94/><F1/><W107/><G119/><N who="0" m="45611" /><D93/><U33/><E111/><V90/><F94/><W73/><G73/><T53/><D53/><U27/><E33/><V81/><F81/><W52/><REACH who="3" step="1"/><G10/><REACH who="3" ten="250,250,250,240" step="2"/><T127/><D127/><U29/><REACH who="1" step="1"/><E29/><REACH who="1" ten="250,240,250,240" step="2"/><V125/><F125/><W75/><G75/><T54/><D54/><AGARI ba="0,2" hai="2,5,9,21,22,25,27,30,31,48,51,54,59,61" machi="54" ten="30,7700,0" yaku="1,1,2,1,7,1,9,1,53,0" doraHai="95" doraHaiUra="11" who="1" fromWho="0" sc="250,-77,240,97,250,0,240,0" /><INIT seed="1,0,0,3,3,106" ten="173,337,250,240" oya="1" hai0="54,94,38,11,40,134,68,24,98,13,71,70,61" hai1="100,17,102,135,57,91,75,76,6,101,36,117,21" hai2="113,77,59,3,27,74,52,53,47,15,18,39,126" hai3="22,19,14,63,83,115,62,5,82,108,37,127,20"/><U26/><E117/><V12/><F3/><W32/><G115/><T0/><D134/><U112/><E112/><V60/><F113/><W111/><G32/><T58/><D0/><U131/><E135/><V67/><F126/><W107/><G107/><T86/><D86/><U118/><E118/><V41/><F27/><W48/><G37/><T31/><D38/><U46/><E131/><V4/><F4/><W121/><G121/><T110/><D40/><U65/><E6/><V93/><F93/><W119/><G119/><T29/><D110/><N who="3" m="42025" /><G5/><T9/><D31/><U81/><E91/><V124/><F124/><W55/><G22/><T35/><REACH who="0" step="1"/><D13/><REACH who="0" ten="163,337,250,240" step="2"/><U133/><E133/><V30/><F30/><W2/><G2/><T92/><D92/><U16/><E36/><V64/><F15/><W80/><G127/><T34/><D34/><U120/><E120/><V96/><F12/><W44/><AGARI ba="0,1" hai="14,19,20,44,48,55,62,63,80,82,83" m="42025" machi="44" ten="30,1100,0" yaku="14,1" doraHai="106" who="3" fromWho="3" sc="163,-3,337,-5,250,-3,240,21" /><INIT seed="2,0,0,1,0,63" ten="160,332,247,261" oya="2" hai0="123,85,32,91,102,35,81,71,53,48,100,106,73" hai1="19,110,119,115,27,87,103,76,78,135,97,117,3" hai2="22,6,116,65,37,58,13,61,112,10,36,80,38" hai3="93,109,89,104,88,57,121,5,84,77,51,132,52"/><V92/><F112/><W60/><G121/><T120/><D123/><U34/><E3/><V23/><F116/><W21/><G104/><T111/><D120/><U30/><E115/><V105/><F105/><W24/><G109/><T4/><D111/><U54/><E110/><V90/><REACH who="2" step="1"/><F80/><REACH who="2" ten="160,332,237,261" step="2"/><W127/><G127/><T128/><D106/><U94/><E119/><V108/><F108/><W8/><G132/><T45/><D128/><U83/><E135/><V75/><F75/><W12/><G93/><T14/><D73/><U124/><E117/><V96/><AGARI ba="0,1" hai="6,10,13,22,23,36,37,38,58,61,65,90,92,96" machi="96" ten="30,11700,0" yaku="1,1,0,1,52,1,53,1" doraHai="63" doraHaiUra="7" who="2" fromWho="2" sc="160,-39,332,-39,237,127,261,-39" /><INIT seed="2,1,0,5,4,79" ten="121,293,364,222" oya="2" hai0="11,80,21,71,93,14,8,46,113,89,126,105,118" hai1="48,36,35,56,23,20,63,86,70,60,34,128,97" hai2="45,5,26,121,64,85,6,90,3,75,30,28,68" hai3="102,65,49,119,78,66,9,50,106,110,15,94,17"/><V129/><F121/><W53/><G106/><T83/><D71/><U47/><E128/><V84/><F75/><W120/><G119/><T72/><D105/><U124/><E124/><V96/><F129/><W74/><G110/><T109/><D72/><U40/><E35/><V107/><F45/><W19/><G120/><T69/><D69/><U134/><E34/><V22/><F30/><W114/><G19/><N who="0" m="10487" /><D126/><U135/><E97/><V108/><F108/><W55/><G102/><T18/><D109/><U73/><E73/><V62/><F3/><W116/><G116/><T112/><D118/><U57/><E86/><V122/><F85/><W58/><G74/><T91/><D113/><U87/><E87/><V4/><F122/><W32/><G32/><T132/><D132/><N who="1" m="50731" /><E20/><V12/><F96/><W133/><G133/><T117/><D117/><U43/><E23/><V52/><F107/><W130/><G130/><T77/><D77/><U123/><E123/><V7/><F7/><W31/><G78/><T33/><D33/><U44/><E70/><V76/><F76/><W131/><G131/><T42/><D112/><U29/><E29/><V115/><F115/><W41/><G31/><T16/><D8/><U103/><E103/><V61/><F12/><W10/><G10/><T127/><D127/><U81/><E81/><N who="0" m="31305" /><D11/><U125/><E125/><V39/><F68/><W37/><G114/><T99/><D91/><U1/><E1/><V88/><F90/><W92/><G9/><T38/><D38/><U104/><E104/><V51/><F39/><W2/><G37/><T54/><D42/><RYUUKYOKU ba="1,0" sc="121,15,293,15,364,-15,222,-15" hai0="16,18,46,54,89,93,99" hai1="36,40,43,44,47,48,56,57,60,63" /><INIT seed="3,2,0,1,0,105" ten="136,308,349,207" oya="3" hai0="74,58,82,122,26,33,133,42,107,23,12,19,38" hai1="70,124,113,49,69,47,134,111,66,54,91,57,36" hai2="11,108,128,67,16,132,130,56,125,118,24,123,37" hai3="1,21,50,97,90,94,35,64,71,0,43,87,59"/><W46/><G35/><T48/><D122/><U110/><E91/><V78/><F118/><W73/><G73/><T109/><D107/><U25/><E25/><V13/><F37/><W2/><G71/><N who="1" m="27146" /><E113/><V62/><F123/><W52/><G64/><T101/><D101/><U60/><E134/><V84/><F132/><W6/><G21/><T55/><D133/><U63/><E124/><V44/><F125/><W98/><REACH who="3" step="1"/><G6/><REACH who="3" ten="136,308,349,197" step="2"/><T89/><D33/><U106/><E66/><V100/><F67/><W120/><G120/><T92/><D109/><U17/><E110/><V18/><F108/><W114/><G114/><T80/><D74/><U88/><E111/><V61/><F128/><W29/><G29/><T5/><D5/><U116/><E116/><V112/><F130/><W121/><G121/><T8/><D8/><U31/><E31/><V85/><F112/><W135/><G135/><T131/><D131/><U76/><E17/><V117/><F16/><W10/><G10/><T30/><D30/><U129/><E129/><V22/><F18/><W83/><G83/><T3/><D26/><U81/><E81/><V115/><F11/><W77/><G77/><T102/><D3/><U9/><E76/><V96/><F78/><W119/><G119/><T14/><D14/><U86/><E9/><V41/><F115/><W15/><G15/><T51/><D82/><N who="1" m="49239" /><E106/><V20/><F13/><W53/><G53/><T93/><D80/><U104/><E104/><V65/><F24/><W75/><G75/><T127/><D127/><U4/><E4/><V95/><F117/><W103/><G103/><RYUUKYOKU ba="2,1" sc="136,-15,308,15,349,-15,197,15" hai1="36,47,49,54,57,60,63" hai3="0,1,2,43,46,50,52,59,87,90,94,97,98" /><INIT seed="3,3,1,3,1,131" ten="121,323,334,212" oya="3" hai0="68,70,53,35,34,9,55,49,73,101,87,95,32" hai1="90,57,135,102,126,24,96,113,134,52,85,80,99" hai2="133,26,104,37,41,86,61,29,78,111,114,108,27" hai3="59,44,30,66,82,100,38,91,1,98,83,25,112"/><W67/><G1/><T76/><D73/><U116/><E113/><V47/><F133/><N who="1" m="50697" /><E126/><V10/><F114/><W21/><G112/><T5/><D101/><U71/><E116/><V48/><F104/><W28/><G28/><T69/><D95/><N who="1" m="58751" /><E71/><V63/><F10/><W132/><G91/><T105/><D105/><U58/><E24/><N who="2" m="9259" /><F29/><W107/><G132/><T22/><D22/><U23/><E23/><V39/><F78/><W125/><G125/><T106/><D106/><U42/><E42/><V8/><F8/><W33/><G21/><T46/><D55/><U79/><E52/><V130/><F130/><W117/><G117/><T3/><REACH who="0" step="1"/><D70/><REACH who="0" ten="111,323,334,212" step="2"/><U19/><E19/><V118/><F118/><W12/><G107/><T128/><D128/><U75/><E96/><V56/><F41/><W103/><G98/><T109/><D109/><U50/><E50/><V93/><F108/><W11/><G103/><T123/><D123/><U43/><E43/><V54/><F111/><W31/><G100/><T89/><D89/><U45/><E45/><V14/><F47/><W88/><G44/><T36/><D36/><U64/><E64/><V120/><F39/><W92/><G38/><T84/><D84/><U129/><E129/><V40/><F37/><W51/><G67/><T94/><D94/><AGARI ba="3,2" hai="57,58,75,79,80,85,90,94" m="58751,50697" machi="94" ten="30,7700,0" yaku="20,1,52,3" doraHai="131" who="1" fromWho="0" sc="111,-86,323,106,334,0,212,0" /><INIT seed="4,0,0,3,4,80" ten="25,429,334,212" oya="0" hai0="110,116,24,89,77,39,122,103,23,85,35,9,1" hai1="73,59,48,131,72,20,128,46,86,100,41,42,91" hai2="105,126,123,127,40,93,66,36,70,117,90,104,21" hai3="30,87,47,64,88,132,76,119,65,19,15,57,94"/><T22/><D122/><U83/><E100/><V32/><F32/><W55/><G119/><T78/><D116/><U5/><E5/><V98/><F123/><W44/><G30/><T97/><D39/><U124/><E124/><N who="2" m="47659" /><F117/><W25/><G25/><T0/><D110/><U45/><E59/><V11/><F11/><W114/><G114/><T18/><D35/><U69/><E20/><V10/><F10/><W58/><G76/><T118/><D118/><U52/><E69/><V129/><F129/><N who="1" m="49737" /><E41/><V26/><F40/><W7/><G7/><T79/><D23/><U133/><E133/><V49/><F36/><AGARI ba="0,0" hai="36,42,45,46,48,52,72,73,83,86,91" m="49737" machi="36" ten="30,3900,0" yaku="19,1,52,1,54,1" doraHai="80" who="1" fromWho="2" sc="25,0,429,39,334,-39,212,0" /><INIT seed="5,0,0,3,4,93" ten="25,468,295,212" oya="1" hai0="68,32,71,74,91,110,14,10,37,95,98,0,19" hai1="55,1,59,78,118,57,89,60,43,86,96,133,64" hai2="97,115,47,124,122,62,53,24,58,46,45,39,35" hai3="44,16,11,117,33,20,134,41,112,81,82,104,21"/><U27/><E118/><V70/><F122/><W84/><G33/><T26/><D37/><U22/><E1/><V76/><F76/><W72/><G104/><T87/><D74/><U125/><E125/><V49/><F124/><W106/><G106/><T23/><D110/><U7/><E133/><V50/><F97/><W75/><G112/><T25/><D25/><U119/><E119/><V48/><F24/><W38/><G134/><T131/><D131/><U13/><E43/><N who="2" m="22783" /><F35/><W3/><G82/><T36/><D36/><U99/><E78/><V63/><F115/><W121/><G121/><T65/><D65/><AGARI ba="0,0" hai="46,47,48,49,50,53,58,62,63,65,70" m="22783" machi="65" ten="30,8000,1" yaku="35,5" doraHai="93" who="2" fromWho="0" sc="25,-80,468,0,295,80,212,0" owari="-55,-56.0,468,57.0,375,18.0,212,-19.0" /></mjloggm>