<mjloggm ver="2.3"><GO type="169" lobby="0"/><UN n0="%E3%81%BE%E3%81%AA%E3%81%84%E3%81%9F%E3%82%88%E3%81%86%E3%81%98%E3%82%87" n1="%E3%83%8A%E3%82%AC%E3%83%A4%E3%83%9E" n2="%EF%BC%88%E2%89%A7%E2%96%BD%E2%89%A6%EF%BC%89" n3="%E3%81%A4%E3%81%AE%E3%81%A0%E2%98%86%E3%81%B2%E3%82%8D" dan="17,16,17,18" rate="2140.44,2073.09,2175.84,2202.88" sx="M,M,M,F"/><TAIKYOKU oya="0"/><INIT seed="0,0,0,2,5,132" ten="250,250,250,250" oya="0" hai0="56,38,5,74,133,73,109,120,12,124,49,90,82" hai1="103,118,43,27,58,17,37,84,123,80,29,6,11" hai2="14,16,23,93,53,86,126,91,32,7,66,125,122" hai3="96,135,60,95,113,52,102,128,116,10,107,131,98"/><T76/><D120/><U31/><E123/><V83/><F32/><W30/><G116/><T111/><D38/><U47/><E118/><V104/><F104/><W44/><G113/><T54/><D133/><U134/><E134/><V77/><F122/><W40/><G135/><T21/><D90/><U51/><E103/><V72/><F66/><W69/><G30/><T127/><D73/><U55/><E27/><V24/><F53/><W99/><G10/><N who="0" m="4175" /><D21/><U4/><E17/><V71/><F71/><W48/><G69/><T129/><D129/><N who="3" m="49737" /><G107/><T1/><D1/><U108/><E108/><AGARI ba="0,0" hai="49,54,56,74,76,82,108,109,111,124,127" m="4175" machi="108" ten="30,11600,0" yaku="14,1,10,1,52,2" doraHai="132" who="0" fromWho="1" sc="250,116,250,-116,250,0,250,0" /><INIT seed="0,1,0,5,0,52" ten="366,134,250,250" oya="0" hai0="51,69,85,126,35,42,39,99,9,131,73,109,114" hai1="102,98,40,18,8,49,110,70,50,62,122,129,76" hai2="11,20,22,133,0,79,116,112,25,28,57,66,106" hai3="81,33,82,67,134,10,29,32,64,43,90,56,13"/><T96/><D114/><U41/><E122/><V26/><F112/><W83/><G134/><T27/><D39/><U24/><E110/><V23/><F106/><W45/><G90/><T89/><D69/><U4/><E129/><V119/><F133/><W65/><G29/><N who="0" m="19903" /><D73/><U68/><E76/><V127/><F127/><W115/><G115/><T37/><D37/><U132/><E132/><V17/><F79/><W74/><G74/><T125/><D9/><U21/><E70/><V48/><F22/><W91/><G91/><T111/><D42/><U80/><E41/><V100/><F100/><W1/><G1/><T31/><D51/><U53/><E49/><V78/><F78/><W36/><REACH who="3" step="1"/><G56/><REACH who="3" ten="366,134,250,240" step="2"/><T101/><D31/><U95/><E68/><V3/><F3/><W87/><G87/><T124/><D131/><U84/><E84/><V121/><F121/><W6/><AGARI ba="1,1" hai="6,10,13,32,33,36,43,45,64,65,67,81,82,83" machi="6" ten="30,2000,0" yaku="1,1,0,1,53,0" doraHai="52" doraHaiUra="93" who="3" fromWho="3" sc="366,-11,134,-6,250,-6,240,33" /><INIT seed="1,0,0,1,5,16" ten="355,128,244,273" oya="1" hai0="116,19,97,65,125,44,61,95,130,70,62,109,64" hai1="20,77,46,110,5,135,49,122,127,88,71,59,10" hai2="39,74,17,94,85,79,92,54,1,124,37,6,131" hai3="41,24,40,22,51,134,112,118,69,108,80,8,120"/><U128/><E122/><V50/><F131/><W81/><G120/><T38/><D130/><U123/><E123/><V13/><F124/><W119/><G69/><T32/><D32/><U83/><E71/><V53/><F1/><W30/><G112/><T31/><D31/><U117/><E128/><V29/><F6/><W99/><G108/><T102/><D109/><U33/><E33/><V90/><F29/><W133/><G99/><T4/><D4/><U28/><E110/><V3/><F3/><W111/><G8/><T0/><D0/><U7/><E127/><V58/><F94/><W89/><G111/><T42/><D19/><U2/><E117/><N who="3" m="44554" /><G89/><T27/><D125/><U91/><E7/><V96/><F96/><W98/><G98/><T101/><D27/><U76/><E59/><V14/><F14/><W47/><G41/><T25/><D25/><U129/><E129/><V104/><F104/><W48/><G51/><T63/><D116/><U66/><E66/><V67/><F67/><W43/><G43/><T15/><D101/><U11/><E11/><V56/><F79/><N who="1" m="30281" /><E83/><AGARI ba="0,0" hai="22,24,30,40,47,48,80,81,83,133,134" m="44554" machi="83" ten="30,2000,0" yaku="12,1,52,1" doraHai="16" who="3" fromWho="1" sc="355,0,128,-20,244,0,273,20" /><INIT seed="2,0,0,4,2,43" ten="355,108,244,293" oya="2" hai0="42,18,114,82,111,67,88,49,28,32,12,112,89" hai1="93,135,107,22,16,48,6,74,3,27,19,121,83" hai2="26,64,81,5,2,30,39,117,99,116,124,14,98" hai3="34,134,50,7,57,52,131,90,17,46,128,115,80"/><V105/><F124/><W127/><G34/><T85/><D67/><U132/><E107/><V21/><F39/><W9/><G127/><T91/><D111/><U110/><E110/><V4/><F2/><W72/><G134/><N who="1" m="51242" /><E121/><V61/><F117/><W29/><G29/><T24/><D42/><U37/><E37/><V15/><F116/><W104/><G104/><T55/><D112/><U106/><E106/><V36/><F36/><W100/><G100/><T63/><D63/><U78/><E93/><V71/><F81/><W126/><G126/><T79/><D114/><U38/><E38/><V47/><F47/><W87/><G115/><T8/><D79/><U53/><E6/><V75/><F75/><W133/><G133/><T113/><REACH who="0" step="1"/><D113/><REACH who="0" ten="345,108,244,293" step="2"/><U70/><E70/><V109/><F109/><W45/><G72/><T41/><D41/><U118/><E118/><V33/><F71/><W1/><REACH who="3" step="1"/><G17/><REACH who="3" ten="345,108,244,283" step="2"/><T86/><D86/><U73/><E73/><V76/><F30/><W23/><G23/><T130/><D130/><AGARI ba="0,2" hai="1,7,9,45,46,50,52,57,80,87,90,128,130,131" machi="130" ten="40,8000,1" yaku="1,1,19,1,52,2,54,1,53,0" doraHai="43" doraHaiUra="102" who="3" fromWho="0" sc="345,-80,108,0,244,0,283,100" /><INIT seed="3,0,0,5,2,89" ten="265,108,244,383" oya="3" hai0="71,51,115,88,26,10,18,107,104,73,103,76,97" hai1="12,45,41,108,27,42,119,17,56,113,46,34,90" hai2="35,38,79,68,43,123,105,54,64,96,0,22,93" hai3="78,15,133,99,25,50,53,6,44,63,36,67,49"/><W120/><G120/><T122/><D122/><U1/><E113/><V39/><F35/><W65/><G133/><T62/><D115/><U85/><E1/><V128/><F0/><W21/><G36/><T109/><D109/><U94/><E108/><V57/><F105/><W82/><G99/><T74/><D104/><U75/><E119/><V47/><F123/><W59/><G6/><T106/><D106/><U131/><E131/><V86/><F128/><W20/><G15/><T126/><D126/><U33/><E75/><V81/><F39/><W132/><G132/><T70/><D51/><U16/><E56/><V134/><F134/><W55/><G25/><T7/><D62/><U66/><E66/><V92/><F22/><W58/><REACH who="3" step="1"/><G65/><REACH who="3" ten="265,108,244,373" step="2"/><T100/><D26/><U135/><E135/><V127/><F96/><W69/><G69/><T30/><D70/><U77/><E27/><V29/><F127/><W23/><G23/><T9/><D7/><U112/><E112/><V110/><F110/><W31/><G31/><T24/><D97/><N who="1" m="57559" /><E34/><V98/><F98/><W32/><G32/><T125/><D71/><U121/><E33/><V61/><REACH who="2" step="1"/><F29/><REACH who="2" ten="265,108,234,373" step="2"/><W80/><G80/><T124/><D30/><U101/><E121/><V40/><F40/><N who="1" m="15465" /><E101/><V60/><AGARI ba="0,2" hai="38,43,47,54,57,60,61,64,68,79,81,86,92,93" machi="60" ten="20,8000,1" yaku="1,1,0,1,7,1,52,2,53,0" doraHai="89" doraHaiUra="84" who="2" fromWho="2" sc="265,-20,108,-20,234,100,373,-40" /><INIT seed="4,0,0,1,1,75" ten="245,88,334,333" oya="0" hai0="22,113,102,97,24,99,126,30,33,72,92,2,18" hai1="56,68,70,112,84,86,82,125,93,37,124,66,35" hai2="122,64,15,19,133,135,76,98,25,41,114,134,1" hai3="48,42,116,67,12,13,7,118,110,57,53,95,73"/><T90/><D113/><U6/><E37/><V45/><F1/><W62/><G110/><T69/><D126/><N who="1" m="48747" /><E35/><V119/><F119/><W109/><G109/><T9/><D69/><N who="1" m="26731" /><E112/><V8/><F114/><W111/><G111/><T78/><D2/><U14/><E93/><V108/><F108/><W96/><G73/><T59/><D59/><U101/><E101/><V91/><F64/><W17/><G42/><T23/><D9/><N who="1" m="4407" /><E82/><V43/><F122/><W80/><G80/><T63/><D33/><U52/><E66/><V94/><F25/><W58/><G7/><T47/><D102/><U83/><E83/><V3/><F3/><W44/><G13/><T49/><D99/><U21/><E21/><V26/><F26/><W132/><G118/><T129/><D22/><U55/><E55/><V5/><F5/><W100/><G116/><T88/><D30/><U74/><E74/><V38/><F43/><W65/><G65/><T105/><D72/><U127/><E127/><V130/><F130/><W4/><G4/><T11/><D129/><U89/><E89/><V50/><F38/><W128/><G128/><T40/><D90/><U34/><E34/><V87/><F98/><W77/><G67/><T32/><D32/><U106/><E106/><V46/><F46/><W131/><G44/><T123/><D105/><U61/><AGARI ba="0,0" hai="52,56,61,84,86" m="4407,26731,48747" machi="61" ten="30,2000,0" yaku="18,1,54,1" doraHai="75" who="1" fromWho="1" sc="245,-10,88,20,334,-5,333,-5" /><INIT seed="5,0,0,2,3,119" ten="235,108,329,328" oya="1" hai0="19,65,55,127,41,48,9,25,116,21,78,107,26" hai1="6,120,81,62,98,83,89,63,99,100,73,71,64" hai2="105,16,17,80,10,52,57,23,32,47,85,40,15" hai3="11,28,122,129,50,130,49,75,42,24,33,54,126"/><U93/><E73/><V77/><F32/><W43/><G75/><T132/><D116/><U2/><E120/><V118/><F105/><W37/><G122/><T88/><D107/><U61/><E81/><V87/><F118/><W96/><G37/><T124/><D78/><U67/><E83/><V115/><F115/><W60/><G11/><T5/><D41/><N who="3" m="15369" /><G96/><T84/><D65/><U103/><E89/><V13/><F85/><W109/><G109/><T131/><D131/><N who="3" m="50185" /><G126/><T79/><D79/><U14/><E2/><V39/><F39/><W56/><AGARI ba="0,0" hai="24,28,33,49,50,54,56,60" m="50185,15369" machi="56" ten="30,1100,0" yaku="19,1" doraHai="119" who="3" fromWho="3" sc="235,-3,108,-5,329,-3,328,11" /><INIT seed="6,0,0,0,1,83" ten="232,103,326,339" oya="2" hai0="117,86,127,90,89,11,34,120,64,58,37,42,0" hai1="21,55,16,125,43,36,4,98,23,126,91,47,53" hai2="26,103,87,93,13,66,41,118,71,121,27,122,29" hai3="78,132,99,116,52,25,38,112,17,60,35,114,50"/><V33/><F118/><W12/><G38/><T113/><D120/><U18/><E4/><V115/><F115/><N who="3" m="44075" /><G116/><T123/><D113/><U129/><E129/><V94/><F41/><W73/><G132/><T46/><D123/><U31/><E31/><V110/><F110/><W2/><G2/><T130/><D117/><U95/><E21/><V22/><F13/><W70/><G99/><T24/><D130/><U15/><REACH who="1" step="1"/><E18/><REACH who="1" ten="232,93,326,339" step="2"/><V131/><F131/><W104/><G17/><T39/><D34/><U88/><E88/><V119/><F33/><W74/><G35/><T28/><D89/><U9/><E9/><V109/><F22/><W40/><G78/><T84/><D90/><U49/><E49/><V57/><F29/><W54/><G50/><T62/><D37/><U45/><E45/><V51/><F122/><W100/><G100/><T133/><D11/><U105/><E105/><V82/><F103/><W75/><G104/><T65/><D0/><U30/><E30/><V7/><F51/><W111/><G111/><T135/><D28/><U61/><E61/><V134/><F109/><W1/><G60/><T68/><D62/><U32/><E32/><V124/><F121/><W97/><G1/><T92/><D39/><U72/><E72/><V108/><F7/><W10/><G75/><T106/><D106/><U20/><E20/><V63/><F108/><W6/><G73/><T48/><D48/><U102/><E102/><V76/><F63/><W81/><G74/><T80/><D135/><U77/><E77/><V14/><F134/><W96/><G6/><T56/><D133/><RYUUKYOKU ba="0,1" sc="232,-10,93,30,326,-10,339,-10" hai1="15,16,23,36,43,47,53,55,91,95,98,125,126" /><INIT seed="7,1,1,3,5,125" ten="222,123,316,329" oya="3" hai0="12,129,84,75,7,51,85,14,5,40,62,68,6" hai1="134,58,22,87,11,44,123,69,107,0,96,34,133" hai2="63,120,30,47,8,41,46,54,112,79,101,3,16" hai3="121,42,135,81,102,80,61,38,74,119,20,78,104"/><W130/><G121/><T115/><D75/><U60/><E123/><V26/><F120/><W132/><G119/><T39/><D39/><U25/><E44/><N who="2" m="16939" /><F112/><W91/><G42/><T94/><D40/><U4/><E87/><V113/><F113/><W1/><G38/><T23/><D115/><U17/><E69/><V33/><F33/><W122/><G1/><T65/><D51/><U88/><E107/><V93/><F3/><W109/><G122/><T106/><D106/><U73/><E73/><V29/><F79/><W57/><G109/><T70/><D70/><U32/><E32/><V18/><F41/><W10/><G10/><T59/><D68/><U64/><E64/><V124/><F124/><W114/><G114/><T118/><D118/><U82/><E82/><V127/><F127/><W98/><G20/><T45/><D45/><U126/><E126/><V28/><F8/><W31/><G31/><T128/><D23/><U67/><E67/><V48/><F26/><W72/><G72/><T131/><D94/><U35/><E35/><V92/><F63/><W83/><G83/><T2/><D2/><U24/><E24/><V13/><F101/><W37/><G37/><T86/><AGARI ba="1,1" hai="5,6,7,12,14,59,62,65,84,85,86,128,129,131" machi="86" ten="40,12000,2" yaku="0,1,29,2,19,1,52,3" doraHai="125" who="0" fromWho="0" sc="222,133,123,-31,316,-31,329,-61" owari="355,45.0,92,-41.0,285,9.0,268,-13.0" /></mjloggm>