<mjloggm ver="2.3"><GO type="9"/><UN n0="%6C%61%74%74%65%30%31%35" n1="%EF%BC%88%E2%89%A7%E2%96%BD%E2%89%A6%EF%BC%89" n2="%4D%7E%73%EF%BC%9A%44%61%79%21" n3="%74%61%62%61%73%61" dan="4,7,13,3" rate="1633,1744,1927,1502" sx="F,M,M,M"/><TAIKYOKU oya="0"/><INIT seed="0,0,0,0,3,65" ten="250,250,250,250" oya="0" hai0="24,25,42,123,9,12,103,108,35,120,67,41,5" hai1="31,51,19,53,92,0,23,94,95,36,127,61,10" hai2="39,115,4,104,100,45,48,110,43,82,58,40,79" hai3="11,91,56,27,75,8,107,117,132,78,66,69,135"/><T122/><D67/><U18/><E36/><V71/><F110/><W28/><G69/><T87/><D103/><U50/><E127/><V90/><F115/><W77/><G107/><T134/><D134/><N who="3" m="51241" /><G117/><T98/><D98/><U16/><E0/><V54/><F100/><W86/><G75/><T126/><D126/><U60/><E10/><V68/><F104/><W30/><G27/><T74/><D74/><U49/><E53/><V111/><F111/><W112/><G112/><T7/><D108/><U114/><E114/><V81/><F43/><N who="0" m="16394" /><D87/><U102/><E102/><V34/><F34/><W37/><G37/><T22/><D9/><N who="3" m="3657" /><G66/><T33/><D12/><U124/><E124/><V52/><F4/><N who="0" m="1610" /><D22/><U20/><REACH who="1" step="1"/><E31/><REACH who="1" step="2"/><N who="3" m="11818" /><G56/><T6/><D6/><U106/><E106/><V109/><F109/><W1/><G1/><T88/><D88/><U116/><E116/><V131/><F54/><W72/><G72/><T59/><D59/><U105/><E105/><V96/><F131/><W76/><G76/><T128/><D128/><U32/><E32/><AGARI ba="0,1" hai="24,25,32,33,35,120,122,123" m="1610,16394" machi="32" ten="40,3900,0" yaku="28,2" doraHai="65" who="0" fromWho="1" sc="250,49,240,-39,250,0,250,0" /><INIT seed="0,1,0,4,1,0" ten="299,201,250,250" oya="0" hai0="122,131,58,49,24,91,134,13,129,40,45,100,59" hai1="111,16,39,4,10,21,79,30,102,73,76,65,41" hai2="89,120,125,83,116,94,69,74,71,22,55,31,121" hai3="77,7,57,20,34,1,68,37,44,9,127,54,46"/><T35/><D122/><U61/><E111/><V119/><F55/><W60/><G34/><T48/><D100/><U33/><E102/><V36/><F22/><W86/><G68/><T95/><D134/><U43/><E73/><V124/><F36/><W133/><G133/><T101/><D101/><U115/><E115/><V108/><F31/><W25/><G127/><N who="2" m="48713" /><F71/><W112/><G112/><T88/><D13/><N who="1" m="5319" /><E39/><V82/><F69/><W132/><G132/><T26/><D35/><U51/><E33/><V135/><F108/><W109/><G109/><T130/><D48/><U67/><E30/><V53/><F53/><W15/><G37/><T50/><D50/><U92/><E92/><V75/><F135/><W5/><G1/><T104/><D104/><U114/><E114/><V63/><F63/><W78/><G46/><T28/><D28/><U42/><E51/><V11/><F11/><W96/><G96/><N who="0" m="57447" /><D91/><U14/><E61/><V80/><F94/><W84/><G44/><T2/><D2/><U103/><E103/><V118/><F89/><W3/><G3/><T18/><D18/><U99/><E99/><V87/><F87/><N who="3" m="33323" /><G78/><AGARI ba="1,0" hai="14,16,21,41,42,43,65,67,76,78,79" m="5319" machi="78" ten="30,3900,0" yaku="8,1,52,1,54,1" doraHai="0" who="1" fromWho="3" sc="299,0,201,42,250,0,250,-42" /><INIT seed="1,0,0,5,0,103" ten="299,243,250,208" oya="1" hai0="127,96,3,123,17,77,8,42,46,107,20,69,55" hai1="54,66,29,124,122,47,56,35,12,70,24,97,19" hai2="50,10,115,40,68,45,133,73,116,95,75,15,7" hai3="63,64,89,9,58,61,91,28,87,44,1,134,60"/><U39/><E122/><V102/><F116/><W2/><G2/><T111/><D123/><U14/><E124/><V79/><F133/><W67/><G134/><T23/><D69/><U99/><E70/><V53/><F68/><W72/><G72/><T38/><D127/><U98/><E66/><V65/><F65/><W86/><G44/><T41/><D111/><U25/><E25/><V135/><F135/><W0/><G9/><T81/><D42/><U76/><E76/><V113/><F79/><W27/><G60/><T59/><D96/><U21/><E12/><V119/><F119/><W104/><G27/><T82/><D81/><U121/><E121/><V18/><F95/><W78/><G78/><T49/><D20/><U131/><E131/><V5/><F102/><W126/><G126/><T13/><D3/><U94/><E47/><V110/><F110/><W30/><G58/><T128/><D128/><U93/><REACH who="1" step="1"/><E39/><REACH who="1" step="2"/><V84/><F40/><W34/><G34/><T105/><D8/><U48/><AGARI ba="0,1" hai="14,19,21,24,29,35,48,54,56,93,94,97,98,99" machi="48" ten="30,11700,0" yaku="1,1,2,1,0,1,53,1" doraHai="103" doraHaiUra="51" who="1" fromWho="1" sc="299,-39,233,127,250,-39,208,-39" /><INIT seed="1,1,0,1,4,130" ten="260,360,211,169" oya="1" hai0="30,125,92,32,101,129,91,71,115,3,16,43,88" hai1="72,128,55,31,42,63,60,87,95,50,114,113,90" hai2="105,41,21,83,35,84,64,58,52,77,74,54,69" hai3="109,44,48,29,97,116,47,98,120,108,127,102,20"/><U75/><E128/><V66/><F35/><W93/><G120/><T24/><D115/><U78/><E114/><V14/><F105/><W76/><G76/><T19/><D125/><U89/><E113/><V13/><F74/><W0/><G0/><T106/><D129/><U23/><E75/><V33/><F33/><W7/><G127/><T49/><D71/><U119/><E119/><V40/><F69/><W133/><G7/><T51/><D3/><U65/><E42/><N who="2" m="16491" /><F54/><W61/><G116/><T28/><D101/><U68/><E72/><V67/><F21/><W22/><G61/><AGARI ba="1,0" hai="13,14,52,58,61,64,66,67,77,83,84" m="16491" machi="61" ten="30,2000,0" yaku="8,1,54,1" doraHai="130" who="2" fromWho="3" sc="260,0,360,0,211,23,169,-23" /><INIT seed="2,0,0,5,4,23" ten="260,360,234,146" oya="2" hai0="72,25,89,47,103,8,99,114,51,7,29,123,88" hai1="96,110,74,46,73,49,35,58,56,10,91,15,108" hai2="90,93,64,36,20,44,125,22,50,41,24,78,79" hai3="9,71,70,116,104,18,120,119,62,126,11,14,13"/><V66/><F125/><W54/><G120/><T21/><D123/><U118/><E35/><V107/><F107/><W6/><G104/><T122/><D122/><U94/><E118/><V77/><F36/><W113/><G126/><T101/><D114/><U30/><E30/><V57/><F22/><W92/><G113/><T87/><D72/><N who="1" m="27755" /><E49/><V111/><F111/><N who="1" m="42537" /><E46/><V37/><F57/><W32/><G32/><T128/><D128/><U34/><E34/><V106/><F106/><W17/><G6/><AGARI ba="0,0" hai="6,10,15,56,58,91,94,96" m="42537,27755" machi="6" ten="30,1000,0" yaku="14,1" doraHai="23" who="1" fromWho="3" sc="260,0,360,10,234,0,146,-10" /><INIT seed="3,0,0,1,2,80" ten="260,370,234,136" oya="3" hai0="85,118,13,49,21,114,92,27,69,5,51,86,68" hai1="1,125,63,121,52,65,56,2,48,54,22,135,67" hai2="83,97,6,122,82,124,120,96,132,17,57,19,71" hai3="70,39,60,99,113,134,119,101,47,98,41,25,77"/><W29/><G113/><T32/><D32/><U26/><E121/><N who="2" m="46699" /><F71/><W30/><G119/><T73/><D73/><U123/><E123/><V105/><F105/><W103/><G77/><T14/><D5/><U20/><E135/><V61/><F6/><W33/><G30/><T8/><D8/><U93/><E125/><V104/><F104/><W15/><G134/><T36/><D92/><U111/><E111/><V72/><F72/><W11/><G70/><N who="0" m="27243" /><D21/><N who="1" m="8299" /><E1/><V28/><F28/><W4/><REACH who="3" step="1"/><G60/><REACH who="3" step="2"/><T50/><D36/><U76/><E76/><V87/><F132/><W128/><G128/><T43/><D118/><U42/><E63/><V37/><F37/><W0/><G0/><T34/><D34/><U23/><E2/><V74/><F124/><W127/><G127/><T107/><D107/><U44/><E48/><V91/><F74/><W108/><G108/><T90/><D90/><U94/><E26/><V35/><F35/><W84/><G84/><N who="0" m="32363" /><D27/><U7/><E94/><V45/><F83/><W62/><G62/><T115/><D43/><U129/><E42/><V18/><F45/><W110/><G110/><T95/><D95/><U59/><E93/><V133/><F133/><W53/><G53/><AGARI ba="0,1" hai="17,18,19,53,57,61,82,87,91,96,97" m="46699" machi="53" ten="30,2000,0" yaku="13,1,52,1" doraHai="80" who="2" fromWho="3" sc="260,0,370,0,234,30,126,-20" /><INIT seed="4,0,0,4,1,41" ten="260,370,264,106" oya="0" hai0="127,47,57,130,8,45,25,9,115,4,59,97,50" hai1="51,135,14,78,134,6,101,63,129,15,43,70,75" hai2="12,29,112,114,53,19,30,32,3,24,1,90,104" hai3="105,100,128,28,18,58,52,88,65,5,125,20,113"/><T27/><D127/><U82/><E129/><V92/><F104/><W102/><G105/><T86/><D97/><U40/><E101/><V126/><F53/><W109/><G125/><T39/><D39/><U81/><E81/><V91/><F91/><W133/><G109/><T76/><D50/><U93/><E93/><V108/><F126/><W103/><G5/><T66/><D66/><N who="1" m="41311" /><E6/><V119/><F92/><W72/><G133/><N who="1" m="50698" /><E51/><V7/><F119/><W35/><G72/><T132/><D132/><U71/><E71/><V131/><F90/><W116/><G116/><T2/><D115/><N who="2" m="44074" /><F108/><W67/><G113/><T42/><D42/><AGARI ba="0,0" hai="14,15,40,42,43,75,78,82" m="50698,41311" machi="42" ten="30,1000,0" yaku="20,1" doraHai="41" who="1" fromWho="0" sc="260,-10,370,10,264,0,106,0" /><INIT seed="5,0,0,2,3,12" ten="250,380,264,106" oya="1" hai0="51,7,107,40,63,14,2,3,92,19,104,124,81" hai1="114,110,50,97,41,23,30,133,66,60,25,57,103" hai2="86,131,93,48,123,70,118,15,75,134,87,53,98" hai3="59,39,72,105,74,11,8,129,128,24,52,17,126"/><U33/><E114/><V37/><F123/><W80/><G39/><T79/><D124/><U43/><E133/><V132/><F118/><W6/><G105/><T69/><D69/><U120/><E120/><V9/><F70/><W5/><G126/><T77/><D63/><U127/><E127/><V90/><F75/><W88/><G24/><T73/><D79/><U130/><E130/><N who="3" m="50282" /><G11/><T111/><D111/><U68/><E110/><V78/><F37/><W117/><G74/><T135/><D135/><N who="2" m="51754" /><F78/><W16/><G17/><T18/><D51/><U27/><E50/><V101/><F101/><W106/><G106/><T47/><D92/><N who="1" m="58791" /><E68/><V56/><F131/><W62/><G117/><T91/><D91/><U89/><E89/><V84/><F98/><W71/><G71/><T49/><D3/><U102/><E102/><V36/><F36/><W67/><G72/><T0/><D0/><U122/><E122/><V54/><F54/><W115/><G67/><T22/><D19/><AGARI ba="0,0" hai="9,15,19,48,53,56,84,86,87,90,93" m="51754" machi="19" ten="30,2000,0" yaku="20,1,52,1" doraHai="12" who="2" fromWho="0" sc="250,-20,380,0,264,20,106,0" /><INIT seed="6,0,0,5,3,51" ten="230,380,284,106" oya="2" hai0="50,106,72,79,38,75,80,23,0,123,119,68,40" hai1="25,69,94,103,108,20,107,14,21,95,81,128,4" hai2="85,15,9,39,6,91,105,98,57,2,96,110,82" hai3="67,45,86,29,3,76,117,17,104,66,114,52,24"/><V19/><F39/><W74/><G74/><T101/><D23/><U83/><E108/><V97/><F105/><W13/><G117/><T22/><D22/><U116/><E69/><V56/><REACH who="2" step="1"/><F110/><REACH who="2" step="2"/><W122/><G122/><T30/><D123/><U36/><E107/><V125/><F125/><W62/><G3/><T37/><D119/><U135/><E36/><V84/><F84/><W89/><G104/><T120/><D38/><U47/><E116/><V134/><F134/><W131/><G131/><T34/><D120/><U53/><E135/><V46/><F46/><W11/><G45/><N who="0" m="23695" /><D50/><U32/><E47/><V28/><F28/><W7/><G29/><T65/><D75/><U124/><E124/><V77/><F77/><W113/><G76/><T78/><D79/><U54/><E25/><V55/><F55/><W132/><G132/><T118/><D118/><U112/><E54/><V44/><F44/><W26/><G24/><N who="0" m="18759" /><D0/><U100/><E53/><V90/><F90/><W27/><G26/><T93/><D93/><U42/><E95/><V126/><F126/><W109/><G109/><T63/><D101/><U59/><E94/><V71/><F71/><W133/><G133/><T70/><D70/><U102/><E103/><V35/><F35/><W33/><G33/><T5/><D5/><U10/><E102/><V58/><F58/><N who="3" m="35143" /><G27/><T1/><D106/><U121/><E32/><V16/><F16/><W73/><G7/><T48/><D1/><U18/><E4/><V60/><F60/><W92/><G73/><T129/><D48/><U49/><E121/><V115/><F115/><AGARI ba="0,1" hai="11,13,17,66,67,86,89,92,113,114,115" m="35143" machi="115" ten="30,8000,1" yaku="6,1,15,1,11,1,52,1,54,1" doraHai="51" who="3" fromWho="2" sc="230,0,380,0,274,-80,106,90" /><INIT seed="7,0,0,0,4,0" ten="230,380,194,196" oya="3" hai0="5,107,22,118,83,130,4,15,98,95,128,61,18" hai1="135,114,50,66,65,117,108,116,1,67,56,44,40" hai2="55,8,126,54,131,17,46,74,80,38,94,82,122" hai3="72,6,70,113,88,30,105,36,37,69,85,34,86"/><W14/><G113/><T2/><D118/><N who="1" m="45675" /><E114/><V100/><F74/><W102/><G72/><T52/><D2/><U27/><E108/><V35/><F35/><W101/><G105/><T39/><D107/><U84/><E135/><V24/><F38/><W68/><G34/><T58/><D39/><U115/><E1/><V76/><F126/><W112/><G112/><T103/><REACH who="0" step="1"/><D83/><REACH who="0" step="2"/><N who="2" m="31786" /><F131/><AGARI ba="0,1" hai="4,5,15,18,22,52,58,61,95,98,103,128,130,131" machi="131" ten="40,8000,1" yaku="1,1,19,1,52,2,54,1,53,0" doraHai="0" doraHaiUra="120" who="0" fromWho="2" sc="220,90,380,0,194,-80,196,0" owari="310,11,380,48,114,-39,196,-20" /></mjloggm>