<mjloggm ver="2.3"><GO type="169" lobby="0"/><UN n0="%E3%83%97%E3%83%AD%E3%82%B8%E3%83%A3%E3%83%B3%E6%B0%8F" n1="%6D%65%24%6F" n2="%EF%BC%88%E2%89%A7%E2%96%BD%E2%89%A6%EF%BC%89" n3="%E3%81%98%E3%81%9A%E3%83%BC" dan="16,16,18,16" rate="2146.64,2103.39,2199.89,2124.68" sx="M,M,M,M"/><TAIKYOKU oya="0"/><INIT seed="0,0,0,4,4,135" ten="250,250,250,250" oya="0" hai0="49,5,10,102,23,28,24,131,85,88,94,9,97" hai1="22,42,8,29,56,46,120,104,45,52,81,129,12" hai2="16,110,100,69,36,64,111,76,125,34,57,117,50" hai3="134,115,59,27,119,3,1,99,92,63,123,2,11"/><T112/><D131/><U37/><E120/><V103/><F34/><W84/><G115/><T55/><D112/><U31/><E104/><V66/><F36/><W71/><G119/><T101/><D5/><U54/><E129/><V72/><F117/><W67/><G134/><T132/><D101/><U38/><E81/><N who="2" m="45191" /><F69/><W19/><G123/><T79/><D79/><U48/><E22/><V87/><F87/><W89/><G27/><T53/><D132/><U61/><REACH who="1" step="1"/><E38/><REACH who="1" ten="250,240,250,250" step="2"/><V62/><F111/><W17/><G11/><N who="0" m="4107" /><D49/><U86/><E86/><V32/><F50/><W96/><G84/><T118/><D118/><U105/><E105/><V108/><F110/><W58/><G99/><T60/><D60/><U90/><E90/><V0/><F108/><W75/><G75/><T83/><AGARI ba="0,1" hai="23,24,28,53,55,83,85,88,94,97,102" m="4107" machi="83" ten="30,3000,0" yaku="8,1,54,1" doraHai="135" who="0" fromWho="0" sc="250,40,240,-10,250,-10,250,-10" /><INIT seed="0,1,0,0,0,107" ten="290,230,240,240" oya="0" hai0="51,94,96,125,26,16,98,47,4,36,60,88,58" hai1="109,62,64,6,27,106,86,115,46,44,61,89,135" hai2="105,79,100,29,108,9,24,19,104,121,0,37,92" hai3="30,32,3,91,74,128,112,43,72,54,15,123,12"/><T1/><D125/><U20/><E106/><V7/><F121/><W2/><G112/><T130/><D130/><U22/><E115/><V25/><F108/><W124/><G128/><T134/><D134/><U53/><E109/><V117/><F117/><W126/><G43/><N who="0" m="25087" /><D36/><U67/><E135/><V34/><F37/><W95/><G123/><T101/><D1/><U133/><E133/><V17/><F79/><W131/><G131/><T68/><D68/><U63/><E6/><V110/><F110/><W14/><G54/><N who="0" m="33879" /><D4/><U40/><E53/><V70/><F70/><W102/><G102/><T5/><D5/><U78/><E78/><V33/><F105/><W57/><G57/><T31/><D31/><U11/><E40/><V111/><F104/><W38/><G38/><T97/><D101/><U122/><E122/><V84/><F111/><W55/><G55/><T69/><D69/><U45/><E64/><V118/><F100/><W116/><G116/><T129/><D129/><U42/><E42/><V41/><F41/><W73/><G30/><T59/><D59/><U10/><E67/><V35/><F118/><W71/><G32/><T13/><D26/><N who="2" m="10346" /><F29/><W77/><G71/><T83/><D83/><N who="1" m="49375" /><E27/><V39/><F39/><W132/><G132/><T23/><AGARI ba="1,0" hai="13,16,23,88,94,96,97,98" m="33879,25087" machi="23" ten="30,6000,0" yaku="8,1,54,2" doraHai="107" who="0" fromWho="0" sc="290,63,230,-21,240,-21,240,-21" /><INIT seed="0,2,0,4,1,14" ten="353,209,219,219" oya="0" hai0="9,53,10,87,48,74,2,15,54,111,6,65,51" hai1="16,0,8,26,104,92,94,79,72,63,59,116,33" hai2="109,122,124,93,126,105,81,66,133,108,52,40,115" hai3="119,42,123,22,118,47,31,68,117,39,56,29,18"/><T83/><D74/><U75/><E104/><V128/><F122/><W135/><G68/><T49/><D111/><N who="2" m="42570" /><F105/><W91/><G123/><T43/><D43/><U1/><E116/><V129/><F115/><W58/><G135/><T62/><D2/><U120/><E120/><V44/><F81/><W97/><G97/><T37/><D9/><U3/><E33/><V127/><F66/><W102/><G102/><T88/><REACH who="0" step="1"/><D37/><REACH who="0" ten="343,209,219,219" step="2"/><U61/><E75/><V38/><F133/><W112/><G42/><T73/><D73/><U78/><E72/><V76/><F76/><W57/><G39/><T30/><D30/><U114/><E114/><V24/><F38/><W98/><G29/><T80/><D80/><U27/><E78/><V21/><F40/><W96/><G31/><T46/><D46/><U131/><E79/><V20/><F44/><W60/><G47/><T28/><D28/><U5/><E1/><V134/><F134/><W110/><G112/><T71/><AGARI ba="2,1" hai="6,10,15,48,49,51,53,54,62,65,71,83,87,88" machi="71" ten="30,6000,0" yaku="1,1,0,1,54,1,53,0" doraHai="14" doraHaiUra="55" who="0" fromWho="0" sc="343,76,209,-22,219,-22,219,-22" /><INIT seed="0,3,0,2,2,69" ten="419,187,197,197" oya="0" hai0="91,5,85,61,135,39,116,16,81,42,52,110,49" hai1="84,86,104,33,38,132,124,37,123,23,95,89,7" hai2="74,21,35,115,103,67,106,119,15,133,32,83,3" hai3="53,18,58,28,130,68,92,1,13,87,112,29,98"/><T40/><D116/><U56/><E123/><V10/><F115/><W80/><G112/><T44/><D135/><U9/><E33/><V64/><F133/><W62/><G1/><T34/><D34/><U60/><E132/><V26/><F119/><W93/><G68/><T2/><D110/><U46/><E104/><V134/><F134/><W27/><G130/><T108/><D108/><U82/><E46/><V128/><F128/><W22/><G13/><T36/><D61/><U66/><E23/><V63/><F103/><W65/><G65/><T109/><D109/><U131/><E124/><V113/><F106/><W54/><G53/><T31/><D31/><U77/><REACH who="1" step="1"/><E131/><REACH who="1" ten="419,177,197,197" step="2"/><V117/><F117/><W121/><G121/><T59/><D44/><U71/><E71/><V0/><F35/><W118/><G118/><T43/><REACH who="0" step="1"/><D16/><REACH who="0" ten="409,177,197,197" step="2"/><U24/><E24/><V125/><F26/><W100/><G18/><T57/><D57/><U90/><E90/><V20/><F32/><W76/><G29/><T114/><D114/><U50/><E50/><V6/><F113/><W101/><G101/><T75/><D75/><U129/><E129/><V96/><F74/><W72/><G72/><T99/><D99/><U47/><E47/><V19/><F96/><W107/><AGARI ba="3,2" hai="22,27,28,54,58,62,76,80,87,92,93,98,100,107" machi="107" ten="20,1500,0" yaku="0,1,7,1" doraHai="69" who="3" fromWho="3" sc="409,-10,177,-7,197,-7,197,44" /><INIT seed="1,0,0,1,0,8" ten="399,170,190,241" oya="1" hai0="6,2,107,31,65,62,15,98,81,123,134,51,129" hai1="35,41,90,118,104,3,77,91,24,100,36,58,5" hai2="117,17,132,108,79,54,4,46,9,71,120,7,21" hai3="39,110,82,19,56,113,121,97,0,111,27,43,70"/><U50/><E118/><V14/><F120/><W12/><G121/><T84/><D123/><U103/><E36/><V37/><F117/><W125/><G70/><T1/><D31/><U128/><E128/><V33/><F71/><W75/><G113/><T126/><D126/><U73/><E3/><V45/><F33/><W124/><G0/><T44/><D129/><U105/><E5/><V18/><F132/><W122/><G27/><T57/><D134/><U53/><E41/><V49/><F108/><N who="3" m="41515" /><G122/><T64/><D64/><U112/><E112/><V55/><F79/><N who="3" m="44415" /><G56/><T69/><D69/><U34/><E73/><V133/><F133/><W85/><G97/><T67/><D67/><U28/><E77/><V88/><F37/><W61/><G61/><T26/><D26/><U16/><E35/><V130/><F130/><W76/><G76/><N who="0" m="46119" /><D98/><U127/><E127/><V52/><F45/><N who="3" m="23807" /><G85/><T59/><D59/><U22/><E100/><V25/><REACH who="2" step="1"/><F88/><REACH who="2" ten="399,170,180,241" step="2"/><W20/><AGARI ba="0,1" hai="12,19,20,124,125" m="23807,44415,41515" machi="20" ten="30,2000,0" yaku="14,1,52,1" doraHai="8" who="3" fromWho="3" sc="399,-5,170,-10,180,-5,241,30" /><INIT seed="2,0,0,0,4,118" ten="394,160,175,271" oya="2" hai0="130,26,110,27,62,84,77,106,33,34,43,129,31" hai1="15,58,24,74,70,11,1,45,101,121,73,66,100" hai2="127,41,35,14,124,105,113,60,46,6,28,5,0" hai3="86,50,82,17,4,48,69,120,76,21,123,10,114"/><V7/><F105/><W72/><G69/><T2/><D106/><U88/><E1/><V111/><F113/><W32/><G32/><T12/><D43/><U38/><E70/><V61/><F0/><W36/><G36/><T92/><D2/><U75/><E24/><N who="2" m="18823" /><F14/><W49/><G114/><T122/><D110/><U107/><E107/><V16/><F16/><W117/><G117/><T89/><D122/><U102/><E38/><N who="2" m="21815" /><F111/><W39/><G39/><T47/><D47/><U30/><E30/><V97/><F97/><W67/><G67/><T55/><D77/><U132/><E45/><V80/><F80/><W44/><G44/><T116/><D116/><U59/><E132/><V99/><F99/><W23/><G86/><T91/><D12/><U125/><E125/><AGARI ba="0,0" hai="5,6,7,60,61,124,125,127" m="21815,18823" machi="125" ten="30,1500,0" yaku="18,1" doraHai="118" who="2" fromWho="1" sc="394,0,160,-15,175,15,271,0" /><INIT seed="2,1,0,5,1,83" ten="394,145,190,271" oya="2" hai0="18,49,134,130,102,48,29,108,1,80,91,43,75" hai1="8,74,125,53,40,95,27,76,100,20,58,65,23" hai2="3,98,14,46,32,110,47,79,11,63,114,22,103" hai3="126,88,10,85,35,92,133,96,109,5,90,13,81"/><V67/><F114/><W61/><G109/><T44/><D108/><U60/><E125/><V2/><F32/><W41/><G126/><T51/><D130/><U54/><E40/><V115/><F115/><W45/><G35/><T64/><D134/><U36/><E36/><V107/><F110/><W37/><REACH who="3" step="1"/><G61/><REACH who="3" ten="394,145,190,261" step="2"/><T24/><D1/><U82/><E8/><V21/><F11/><W4/><G4/><T56/><D75/><U78/><E20/><V84/><F22/><W19/><G19/><T31/><D18/><U12/><E12/><V38/><F21/><W128/><G128/><T9/><D9/><U131/><E131/><V89/><F14/><W117/><G117/><T68/><D29/><U62/><E62/><V0/><F0/><W50/><G50/><T30/><D30/><U121/><E121/><V99/><F2/><W69/><G69/><T127/><D127/><U111/><E111/><V104/><F3/><W25/><G25/><T66/><D68/><U73/><E23/><V86/><F63/><W28/><G28/><T129/><D129/><U17/><E17/><V119/><F119/><W118/><G118/><T71/><D71/><U124/><E27/><V122/><F122/><W15/><G15/><T116/><D116/><U113/><E124/><V52/><F38/><W97/><G97/><T70/><D70/><U55/><E113/><V59/><F99/><W57/><G57/><T26/><D26/><U105/><E58/><V112/><F98/><W120/><G120/><T77/><D56/><U6/><E60/><N who="2" m="35943" /><F112/><W106/><G106/><T132/><D31/><RYUUKYOKU ba="1,1" sc="394,-10,145,-10,190,-10,261,30" hai3="5,10,13,37,41,45,81,85,88,90,92,96,133" /><INIT seed="3,2,1,3,2,13" ten="384,135,180,291" oya="3" hai0="78,53,64,36,3,94,88,51,126,110,118,52,117" hai1="77,2,92,112,55,12,25,95,128,18,132,8,38" hai2="106,133,120,57,9,39,105,68,19,34,5,45,63" hai3="29,87,32,44,122,1,37,35,66,127,60,24,79"/><W85/><G122/><T98/><D110/><U102/><E112/><V82/><F120/><W114/><G114/><T49/><D126/><U131/><E38/><V23/><F34/><W0/><G127/><T30/><D3/><U11/><E77/><V16/><F68/><W111/><G35/><T6/><D36/><U93/><E132/><V59/><F133/><W101/><G111/><T61/><D78/><U99/><E25/><V67/><F106/><W40/><G87/><T41/><D6/><U42/><E42/><V71/><F105/><W91/><G79/><T104/><D104/><U26/><E26/><V121/><F121/><W48/><G101/><T89/><D41/><U116/><E116/><V83/><F39/><W17/><G37/><T10/><D10/><U135/><E135/><V47/><F59/><W69/><REACH who="3" step="1"/><G17/><REACH who="3" ten="384,135,180,281" step="2"/><T115/><D115/><U54/><E102/><V27/><F19/><W22/><G22/><T75/><D117/><U20/><E99/><V130/><F130/><N who="1" m="49705" /><E20/><V84/><F84/><W80/><AGARI ba="2,2" hai="0,1,24,29,32,40,44,48,60,66,69,80,85,91" machi="80" ten="20,3900,0" yaku="1,1,0,1,7,1,53,0" doraHai="13" doraHaiUra="109" who="3" fromWho="3" sc="384,-15,135,-15,180,-15,281,65" /><INIT seed="3,3,0,1,0,42" ten="369,120,165,346" oya="3" hai0="60,132,54,96,93,2,59,123,134,125,34,97,66" hai1="41,118,28,4,114,120,36,8,113,20,14,124,16" hai2="0,23,102,57,24,78,77,61,27,49,121,62,75" hai3="95,130,39,90,82,64,10,100,12,68,43,15,79"/><W33/><G33/><T122/><D34/><U116/><E36/><V67/><F0/><W72/><G100/><T6/><D125/><U19/><E41/><V80/><F121/><W11/><G130/><T29/><D29/><U104/><E104/><V86/><F102/><W111/><G68/><T94/><D6/><U25/><E120/><V129/><F129/><W37/><G64/><T32/><D32/><N who="1" m="20495" /><E124/><V46/><F75/><W7/><G111/><T128/><D2/><N who="1" m="23" /><E19/><N who="2" m="12415" /><F62/><W117/><G117/><AGARI ba="3,0" hai="14,16,20,113,114,116,117,118" m="23,20495" machi="117" ten="30,8000,1" yaku="24,1,12,1,34,2,54,1" doraHai="42" who="1" fromWho="3" sc="369,0,120,89,165,0,346,-89" /><INIT seed="4,0,0,2,1,37" ten="369,209,165,257" oya="0" hai0="80,118,94,29,62,39,77,15,78,76,66,68,110" hai1="91,105,92,52,16,58,90,10,119,82,128,56,134" hai2="19,47,130,36,60,2,97,64,113,120,89,0,83" hai3="41,93,117,84,85,11,100,79,74,132,108,9,72"/><T34/><D118/><U53/><E105/><V88/><F120/><W46/><G117/><T55/><D39/><U13/><E119/><V99/><F130/><W51/><G108/><T43/><D110/><U125/><E128/><V103/><F113/><W20/><G132/><T27/><D43/><U75/><E134/><V22/><F0/><W67/><G67/><T96/><D15/><U33/><E33/><V121/><F2/><W45/><G20/><T25/><D25/><U102/><E125/><V87/><F121/><W59/><G59/><N who="1" m="22570" /><E75/><V114/><F114/><W126/><G126/><T116/><D55/><N who="1" m="21067" /><E82/><V71/><F89/><W106/><G106/><T5/><D5/><U50/><E50/><V86/><F86/><W21/><G85/><T40/><D40/><U124/><E124/><V14/><REACH who="2" step="1"/><F103/><REACH who="2" ten="369,209,155,257" step="2"/><W35/><G84/><T38/><D116/><U73/><E73/><V28/><F28/><W8/><G100/><T23/><D29/><U101/><E91/><V122/><F122/><W115/><G74/><T42/><D34/><U17/><E90/><V135/><F135/><W69/><G72/><T12/><D76/><U44/><E102/><V57/><F57/><W112/><G79/><T111/><D78/><U63/><E63/><V65/><F65/><W98/><G35/><T54/><D77/><U129/><E129/><V109/><F109/><W123/><G123/><T133/><D111/><U49/><E101/><V1/><F1/><W70/><G115/><T31/><D133/><U127/><E127/><V107/><F107/><W104/><G112/><T3/><D3/><RYUUKYOKU ba="0,1" sc="369,-10,209,-10,155,30,257,-10" hai2="14,19,22,36,47,60,64,71,83,87,88,97,99" /><INIT seed="5,1,1,1,3,39" ten="359,199,185,247" oya="1" hai0="106,67,26,59,55,35,60,20,31,19,117,100,51" hai1="68,0,30,98,110,121,34,54,74,91,47,61,6" hai2="32,78,43,102,109,42,84,76,58,33,134,2,11" hai3="41,13,64,123,4,99,66,29,72,37,114,96,50"/><U62/><E121/><V80/><F109/><W82/><G123/><T16/><D117/><U21/><E74/><V71/><F71/><W79/><G29/><T73/><D73/><U95/><E34/><V15/><F2/><W104/><G114/><T22/><D22/><U1/><E110/><V127/><F127/><W70/><G37/><T5/><D5/><U94/><E6/><N who="2" m="3575" /><F32/><W10/><G70/><T8/><D8/><U7/><E7/><V57/><F33/><W118/><G118/><T130/><D130/><U90/><E68/><V18/><F134/><W36/><G36/><T92/><D106/><U107/><E107/><V40/><F102/><W93/><G104/><T12/><D12/><U116/><E116/><V63/><F18/><W28/><G28/><T105/><D105/><U124/><E124/><V86/><F63/><W133/><G133/><T88/><D100/><U112/><E112/><V103/><F103/><W77/><G79/><N who="2" m="30249" /><F86/><N who="3" m="48463" /><G99/><N who="0" m="57735" /><D35/><U44/><E30/><V56/><F58/><AGARI ba="1,1" hai="16,19,20,26,31,51,55,58,59,60,67" m="57735" machi="58" ten="30,3900,0" yaku="8,1,54,2" doraHai="39" who="0" fromWho="2" sc="359,52,199,0,185,-42,247,0" /><INIT seed="6,0,0,1,4,124" ten="411,199,143,247" oya="2" hai0="10,127,15,119,82,114,9,115,62,46,42,98,19" hai1="71,47,90,86,53,109,30,39,72,67,27,95,41" hai2="29,32,0,75,80,58,89,102,5,33,36,49,76" hai3="17,24,74,4,123,92,40,77,101,99,94,134,44"/><V85/><F36/><W35/><G123/><T51/><D127/><U69/><E109/><V20/><F102/><W13/><G4/><T117/><D82/><U126/><E126/><V93/><F20/><W73/><G134/><T65/><D98/><U133/><E133/><V38/><F38/><W131/><G77/><T113/><D9/><U118/><E118/><V43/><F29/><W104/><G24/><T108/><D108/><U107/><E72/><V129/><F129/><W34/><G131/><T50/><D50/><U57/><E107/><V1/><F58/><AGARI ba="0,0" hai="10,15,19,42,46,51,58,62,65,113,114,115,117,119" machi="58" ten="40,1300,0" yaku="15,1" doraHai="124" who="0" fromWho="2" sc="411,13,199,0,143,-13,247,0" /><INIT seed="7,0,0,1,0,15" ten="424,199,130,247" oya="3" hai0="5,107,25,63,2,26,34,1,130,18,123,14,49" hai1="19,76,16,83,93,122,127,71,117,90,50,88,94" hai2="129,11,134,35,4,58,128,60,121,109,47,55,82" hai3="7,61,17,73,37,101,70,39,44,103,125,115,8"/><W95/><G73/><T79/><D107/><U77/><E122/><V89/><F109/><W3/><G115/><T57/><D123/><U13/><E71/><V33/><F121/><W0/><G3/><T66/><D130/><U106/><E106/><V31/><F134/><W75/><G75/><T62/><D5/><U104/><E104/><V22/><F31/><W51/><G125/><T108/><D108/><U21/><E127/><V110/><F110/><W68/><G70/><T132/><D132/><U38/><E38/><V41/><F22/><W10/><G101/><T52/><D63/><U99/><E117/><V65/><F65/><W131/><G103/><T100/><D100/><U81/><E50/><V80/><F80/><N who="1" m="30793" /><E19/><V29/><F29/><W30/><G30/><T43/><D52/><U67/><E67/><V59/><F59/><W23/><G61/><T112/><D112/><U42/><E42/><V92/><F82/><W48/><G68/><T97/><D14/><U135/><E135/><V102/><F102/><W96/><G51/><T56/><D97/><AGARI ba="0,0" hai="13,16,21,76,77,88,90,93,94,97,99" m="30793" machi="97" ten="30,7700,0" yaku="8,1,52,1,54,2" doraHai="15" who="1" fromWho="0" sc="424,-77,199,77,130,0,247,0" owari="347,44.0,276,8.0,130,-37.0,247,-15.0" /></mjloggm>