<mjloggm ver="2.3"><GO type="97"/><UN n0="%E3%83%90%E3%82%A4%E3%83%90%E3%82%A4%E3%83%8B%E3%83%BC%E3%83%88" n1="%E3%83%8B%E3%82%B3%E5%A4%A7%E7%8E%8B" n2="%40%73%61%6B%75%72%61" n3="%EF%BC%88%E2%89%A7%E2%96%BD%E2%89%A6%EF%BC%89" dan="14,14,14,15" rate="1889,1921,1976,1956" sx="F,M,M,M"/><TAIKYOKU oya="0"/><INIT seed="0,0,0,5,2,15" ten="250,250,250,250" oya="0" hai0="67,53,16,124,98,22,59,65,9,18,71,45,92" hai1="12,39,50,76,55,110,32,7,38,102,120,123,134" hai2="108,33,122,127,42,26,101,24,75,4,72,47,52" hai3="83,68,91,28,1,105,84,70,8,132,58,27,109"/><T79/><D71/><U56/><E32/><V35/><F122/><W23/><G132/><T90/><D79/><U125/><E134/><V96/><F4/><W17/><G109/><T100/><D124/><U73/><E125/><V37/><F127/><W111/><G111/><T20/><D45/><U0/><E0/><V44/><F35/><W34/><G105/><T64/><D9/><U63/><E110/><V81/><F108/><W51/><G58/><T36/><D36/><U25/><E25/><V69/><F69/><W74/><G74/><T31/><D100/><U61/><E102/><V60/><F72/><W62/><G62/><N who="0" m="36207" /><D31/><U43/><E39/><V10/><F10/><W2/><G51/><T66/><D66/><U89/><E38/><V118/><F118/><W115/><G115/><T126/><D126/><U88/><E43/><V80/><F81/><W41/><G41/><T86/><D98/><U104/><E104/><V11/><F11/><W113/><G113/><T99/><D99/><U21/><E123/><V130/><F130/><W107/><G107/><T46/><D46/><U78/><E7/><V94/><F75/><W133/><G133/><T54/><D54/><U129/><E129/><V131/><F80/><W82/><G82/><T116/><D116/><U13/><E73/><V19/><F131/><W128/><G128/><T97/><D97/><U48/><E120/><V14/><F33/><W93/><G83/><T114/><D114/><U121/><E121/><V85/><F85/><W106/><G106/><T87/><D86/><U117/><E117/><V49/><F60/><RYUUKYOKU ba="0,0" sc="250,15,250,-15,250,15,250,-15" hai0="16,18,20,22,64,65,67,87,90,92" hai2="14,19,24,26,37,42,44,47,49,52,94,96,101" /><INIT seed="0,1,0,2,2,68" ten="265,235,265,235" oya="0" hai0="41,42,50,38,118,104,110,133,55,69,112,27,111" hai1="51,75,106,25,102,131,117,48,29,47,71,57,8" hai2="53,19,58,14,3,97,95,109,128,28,66,62,89" hai3="94,134,93,36,107,16,49,127,88,82,124,39,11"/><T120/><D104/><U9/><E71/><V90/><F3/><W92/><G107/><T21/><D120/><U108/><E75/><V70/><F109/><N who="0" m="41482" /><D118/><U122/><E117/><V77/><F128/><W46/><G134/><T5/><D112/><U34/><E108/><V101/><F77/><W83/><G11/><T40/><D69/><U20/><E34/><V103/><F28/><W125/><G16/><N who="0" m="12711" /><D5/><U84/><E122/><V81/><F90/><W113/><G113/><T6/><D6/><U114/><E114/><V121/><F81/><N who="3" m="30731" /><G88/><T86/><D86/><U100/><E131/><V45/><F45/><W96/><G96/><T126/><D126/><U73/><E73/><V23/><F121/><W32/><G32/><T79/><D79/><U26/><E84/><V30/><F30/><W33/><G33/><T24/><D24/><U105/><E106/><V52/><F53/><AGARI ba="1,0" hai="36,39,46,49,53,92,93,94,124,125,127" m="30731" machi="53" ten="40,5200,0" yaku="18,1,52,2" doraHai="68" who="3" fromWho="2" sc="265,0,235,0,265,-55,235,55" /><INIT seed="1,0,0,0,5,11" ten="265,235,210,290" oya="1" hai0="13,51,43,18,114,94,15,77,57,55,69,86,102" hai1="4,119,96,107,23,105,124,28,65,54,39,49,111" hai2="0,87,103,44,89,48,73,131,98,121,127,70,24" hai3="29,67,12,60,25,78,38,132,21,71,134,84,81"/><U125/><E39/><V33/><F70/><W5/><REACH who="3" step="1"/><G38/><REACH who="3" ten="265,235,210,280" step="2"/><T79/><D114/><U58/><E119/><V35/><F121/><W129/><G129/><T50/><D69/><U37/><E37/><V88/><F131/><W75/><G75/><T135/><D135/><U53/><E111/><V34/><F127/><N who="1" m="48713" /><E4/><V30/><F35/><W120/><G120/><T61/><D18/><U2/><E2/><V126/><F34/><W66/><G66/><N who="0" m="39215" /><D43/><U128/><E128/><V68/><F73/><W41/><G41/><T130/><D130/><U113/><E65/><V133/><F68/><W64/><G64/><T92/><D55/><N who="1" m="32111" /><E113/><V117/><F0/><W3/><G3/><T31/><D31/><U116/><E116/><V122/><F117/><W7/><G7/><T46/><D46/><U97/><E54/><V100/><F122/><W45/><G45/><T85/><D102/><U27/><E53/><V32/><F133/><W118/><G118/><T99/><D79/><U62/><E62/><V110/><F126/><W22/><G22/><T56/><D77/><U82/><E82/><V14/><F33/><W59/><G59/><T9/><D56/><U108/><E108/><V40/><F110/><W109/><G109/><T93/><D9/><AGARI ba="0,1" hai="5,9,12,21,25,29,60,67,71,78,81,84,132,134" machi="9" ten="40,5200,0" yaku="21,2,52,1,53,0" doraHai="11" doraHaiUra="47" who="3" fromWho="0" sc="265,-52,235,0,210,0,280,62" /><INIT seed="2,0,0,3,2,58" ten="213,235,210,342" oya="2" hai0="55,116,95,90,2,40,134,44,121,118,125,108,98" hai1="107,65,21,56,10,113,43,96,16,88,102,24,26" hai2="23,77,84,28,66,122,20,123,106,73,89,119,5" hai3="99,79,60,59,53,104,87,11,6,45,29,131,132"/><V70/><F119/><N who="0" m="45610" /><D108/><U83/><E113/><V49/><F106/><W68/><G132/><T15/><D121/><U52/><E65/><V64/><F5/><W94/><G131/><T3/><D134/><U80/><E43/><V72/><F122/><W114/><G114/><T50/><D125/><U14/><E26/><V124/><F123/><W12/><G68/><T63/><D15/><U38/><E38/><V111/><F111/><W103/><G29/><T17/><D17/><U57/><E57/><AGARI ba="0,0" hai="2,3,40,44,50,55,57,63,90,95,98" m="45610" machi="57" ten="30,2000,0" yaku="12,1,52,1" doraHai="58" who="0" fromWho="1" sc="213,20,235,-20,210,0,342,0" /><INIT seed="3,0,0,3,2,79" ten="233,215,210,342" oya="3" hai0="41,56,110,108,102,125,84,133,114,64,3,128,85" hai1="130,106,134,91,43,66,19,52,86,60,73,32,98" hai2="126,6,22,44,24,42,38,37,25,15,123,97,27" hai3="45,33,35,131,40,2,116,11,83,112,61,5,31"/><W49/><G116/><T124/><D3/><U93/><E73/><V14/><F126/><N who="0" m="48746" /><D41/><U48/><E130/><V105/><F123/><W119/><G119/><T72/><D64/><U122/><E122/><V34/><F34/><W81/><G131/><T89/><D56/><U9/><E134/><V36/><F105/><W1/><G112/><T17/><D17/><U92/><E32/><V68/><F68/><W16/><G1/><T21/><D21/><U94/><E43/><V101/><F101/><W74/><G35/><T58/><D58/><N who="1" m="37143" /><E106/><V63/><F97/><W53/><G74/><T90/><D128/><U46/><E98/><V80/><F63/><W20/><G61/><T118/><D118/><U95/><E92/><V0/><F0/><W104/><G40/><T47/><D133/><U88/><E91/><N who="0" m="34825" /><D47/><U13/><AGARI ba="0,0" hai="9,13,19,46,48,52,86,88,93,94,95" m="37143" machi="13" ten="30,4000,0" yaku="8,1,54,2" doraHai="79" who="1" fromWho="1" sc="233,-10,215,40,210,-10,342,-20" owari="223,-18.0,255,6.0,200,-30.0,322,42.0" /></mjloggm>