<mjloggm ver="2.3"><GO type="41"/><UN n0="%E3%83%99%E3%83%AD%E3%83%BC%E3%83%8B%E3%83%A3" n1="%E3%82%A6%E3%83%AB%E3%83%88%E3%83%A9%E7%AB%8B%E7%9B%B4" n2="%74%74%79%73%74" n3="%6D%61%67%6D%69%67%6D%61" dan="13,15,13,14" rate="1857,1959,1830,1914" sx="M,M,M,M"/><TAIKYOKU oya="0"/><INIT seed="0,0,0,3,4,127" ten="250,250,250,250" oya="0" hai0="108,52,115,77,106,37,35,92,133,63,83,66,47" hai1="9,31,46,102,110,91,58,82,14,10,118,30,85" hai2="130,39,78,114,99,2,96,73,117,121,44,123,131" hai3="67,79,72,41,40,120,11,21,107,7,6,90,62"/><T126/><D115/><U80/><E118/><V20/><F114/><W105/><G120/><T16/><D106/><U13/><E110/><V109/><F117/><W104/><G90/><T70/><D126/><U0/><E0/><V98/><F109/><W33/><G21/><T88/><D108/><U132/><E132/><V1/><F20/><W32/><G7/><T54/><D35/><U103/><E58/><V43/><F2/><W134/><G41/><T23/><D133/><U111/><E111/><V113/><F113/><W29/><G40/><T61/><D37/><U86/><REACH who="1" step="1"/><E91/><REACH who="1" ten="250,240,250,250" step="2"/><V8/><F121/><W74/><G134/><T60/><D47/><AGARI ba="0,1" hai="9,10,13,14,30,31,46,47,80,82,85,86,102,103" machi="47" ten="25,8000,1" yaku="1,1,2,1,22,2,8,1,53,0" doraHai="127" doraHaiUra="94" who="1" fromWho="0" sc="250,-80,240,90,250,0,250,0" /><INIT seed="1,0,0,0,4,116" ten="170,330,250,250" oya="1" hai0="73,95,117,82,28,23,29,92,34,53,112,38,25" hai1="26,0,113,50,62,121,66,101,109,37,123,33,119" hai2="130,70,60,4,9,19,124,41,94,20,54,55,105" hai3="110,83,27,15,86,103,87,114,22,77,84,129,58"/><U107/><E50/><V126/><F105/><W45/><G110/><T134/><D117/><U98/><E119/><V71/><F41/><W104/><G129/><T51/><D38/><U49/><E49/><V89/><F130/><W21/><G45/><T48/><D134/><U81/><E113/><V36/><F36/><W120/><G114/><T65/><D112/><U17/><E17/><V69/><F60/><W131/><G131/><T128/><D128/><U88/><E37/><V61/><F61/><W2/><G2/><T32/><D32/><U93/><E0/><V125/><F9/><W96/><G15/><T63/><D34/><U7/><E81/><V13/><REACH who="2" step="1"/><F4/><REACH who="2" ten="170,330,240,250" step="2"/><W99/><G104/><T14/><D63/><U90/><E7/><V39/><F39/><W97/><G103/><T16/><D65/><U76/><E109/><V78/><F78/><W127/><G77/><T10/><D73/><U64/><E76/><V67/><F67/><W72/><G72/><T30/><D82/><U46/><E66/><V1/><F1/><W12/><G83/><T80/><D80/><U118/><E118/><V91/><F91/><W43/><G43/><T68/><D68/><U133/><E90/><V18/><F18/><W31/><G31/><N who="0" m="11851" /><D51/><U100/><E62/><V6/><F6/><W135/><G135/><T56/><AGARI ba="0,1" hai="10,14,16,23,25,30,48,53,56,92,95" m="11851" machi="56" ten="30,2000,0" yaku="8,1,54,1" doraHai="116" who="0" fromWho="0" sc="170,30,330,-10,240,-5,250,-5" /><INIT seed="2,0,0,4,2,7" ten="200,320,235,245" oya="2" hai0="122,61,23,86,45,63,111,24,80,133,22,60,26" hai1="52,25,54,131,102,12,46,79,6,44,21,31,66" hai2="3,74,47,134,32,87,121,91,116,97,40,94,56" hai3="14,124,100,127,126,115,110,55,96,70,69,8,57"/><V10/><F121/><W120/><G110/><T20/><D122/><U82/><E102/><V37/><F116/><W72/><G72/><T106/><D106/><U2/><E2/><V48/><F32/><W29/><G29/><T113/><D113/><U27/><E66/><V90/><F74/><W42/><G42/><T30/><D111/><U77/><E131/><V99/><F134/><W89/><G89/><T105/><D105/><U13/><E6/><V103/><F37/><W16/><G115/><T81/><D133/><U83/><E21/><V76/><F76/><W53/><G53/><T85/><D45/><U130/><E130/><V62/><F103/><W65/><G65/><T112/><D112/><U93/><E93/><V95/><F3/><W88/><G120/><T36/><D36/><U68/><REACH who="1" step="1"/><E31/><REACH who="1" ten="200,310,235,245" step="2"/><V128/><F128/><W41/><G100/><T34/><D34/><U98/><E98/><N who="2" m="57687" /><F10/><W135/><G135/><T19/><D23/><U43/><E43/><V104/><F104/><W39/><G41/><T33/><D33/><U67/><E67/><AGARI ba="0,1" hai="40,47,48,56,62,67,87,91,95,97,99" m="57687" machi="67" ten="30,1500,0" yaku="8,1" doraHai="7" who="2" fromWho="1" sc="200,0,310,-15,235,25,245,0" /><INIT seed="2,1,0,1,0,88" ten="200,295,260,245" oya="2" hai0="125,15,31,123,61,90,8,109,33,55,48,14,98" hai1="9,84,0,44,119,63,122,95,49,94,6,2,29" hai2="5,18,42,104,73,40,113,91,50,75,13,80,45" hai3="101,62,25,131,69,128,16,58,53,72,68,115,52"/><V82/><F104/><W37/><G72/><T129/><D123/><U24/><E2/><V35/><F35/><W20/><G37/><T22/><D109/><U130/><E122/><V114/><F5/><W12/><G115/><T59/><D33/><U32/><E119/><V47/><F113/><W3/><G3/><T57/><D129/><N who="3" m="49737" /><G101/><T106/><D125/><U67/><E84/><V132/><F114/><W10/><G53/><T116/><D116/><U11/><E11/><V28/><F28/><AGARI ba="1,0" hai="10,12,16,20,25,28,52,58,62,68,69" m="49737" machi="28" ten="30,3900,0" yaku="19,1,54,2" doraHai="88" who="3" fromWho="2" sc="200,0,295,0,260,-42,245,42" /><INIT seed="3,0,0,1,0,128" ten="200,295,218,287" oya="3" hai0="110,71,88,82,94,86,91,135,34,87,26,53,111" hai1="72,32,22,47,106,35,122,36,99,74,19,9,116" hai2="20,105,45,104,58,70,83,49,5,12,55,13,119" hai3="80,93,60,17,33,98,63,4,25,100,85,77,134"/><W115/><G115/><T90/><D71/><U0/><E19/><V29/><F70/><W131/><G131/><T68/><D68/><U41/><E22/><V6/><F104/><W64/><G4/><T75/><D34/><U103/><E122/><V11/><F105/><W109/><G109/><N who="0" m="41483" /><D26/><U67/><E67/><V56/><F29/><W129/><G129/><T40/><D40/><U95/><E95/><V73/><F73/><W76/><G76/><N who="0" m="44319" /><D53/><U18/><E18/><V61/><F58/><W96/><G96/><N who="0" m="57415" /><D135/><U30/><E116/><V84/><F119/><W24/><G134/><T52/><D52/><U108/><E108/><V69/><F69/><W107/><G64/><T7/><D7/><N who="1" m="1255" /><E32/><V16/><F12/><W27/><G33/><T1/><D1/><U130/><E130/><V97/><F20/><W43/><G43/><T127/><D127/><U44/><E44/><V57/><F57/><W114/><G114/><T81/><D87/><U124/><E124/><V8/><F8/><W92/><G17/><T21/><D21/><U39/><E39/><V3/><F3/><W31/><G31/><T120/><D120/><U126/><E126/><V50/><F97/><W66/><G63/><T118/><D118/><U2/><E2/><V123/><F50/><W121/><G121/><T28/><D28/><U14/><E14/><V117/><F117/><W37/><G37/><T101/><D101/><U102/><E102/><V10/><F123/><W38/><G38/><T15/><D15/><U59/><E59/><V54/><F11/><W65/><G65/><T79/><AGARI ba="0,0" hai="79,81,86,90,91" m="57415,44319,41483" machi="79" ten="30,8000,1" yaku="5,1,14,1,34,2,54,1" doraHai="128" who="0" fromWho="0" sc="200,80,295,-20,218,-20,287,-40" /><INIT seed="4,0,0,2,1,113" ten="280,275,198,247" oya="0" hai0="110,35,125,69,42,3,109,28,87,2,47,100,65" hai1="128,64,82,8,27,99,32,48,12,49,23,97,24" hai2="106,108,58,46,1,118,104,4,74,95,7,63,101" hai3="78,90,17,61,60,26,38,131,29,85,115,62,72"/><T44/><D125/><U130/><E64/><V111/><F74/><W134/><G38/><T19/><D100/><U71/><E82/><V83/><F83/><W14/><G115/><T135/><D135/><U81/><E81/><V55/><F1/><N who="0" m="10" /><D87/><U18/><E71/><V133/><F133/><W119/><G134/><T120/><D19/><U121/><E121/><V107/><F111/><N who="0" m="42506" /><D120/><U36/><E36/><V21/><F108/><W75/><G78/><T80/><D80/><U112/><E112/><V89/><F101/><W20/><G131/><N who="1" m="50218" /><E32/><V41/><F21/><W122/><G122/><T37/><D37/><U56/><E27/><V96/><F4/><W51/><G75/><T92/><D42/><U33/><E33/><V91/><F7/><W11/><G72/><T31/><D92/><U53/><E49/><V116/><F89/><W0/><G51/><T15/><D65/><U124/><E124/><V45/><F41/><W67/><G0/><T102/><D15/><U77/><E77/><V132/><F132/><W98/><G67/><T22/><D69/><U84/><E84/><V13/><F13/><W68/><G68/><T6/><D35/><U86/><E86/><V30/><F30/><AGARI ba="0,0" hai="8,12,18,23,24,30,48,53,56,97,99" m="50218" machi="30" ten="30,1000,0" yaku="19,1" doraHai="113" who="1" fromWho="2" sc="280,0,275,10,198,-10,247,0" /><INIT seed="5,0,0,1,5,2" ten="280,285,188,247" oya="1" hai0="34,6,13,131,110,74,41,127,39,108,132,45,50" hai1="126,79,49,75,121,47,20,15,69,38,96,33,109" hai2="36,118,1,11,97,28,42,104,100,43,93,87,22" hai3="122,12,73,46,106,26,31,30,17,18,66,65,115"/><U68/><E33/><V7/><F118/><W3/><G106/><T80/><D34/><U58/><E79/><V76/><F36/><W61/><G73/><T82/><D132/><U90/><E75/><V107/><F104/><W85/><G122/><T77/><D131/><U37/><E121/><V0/><F1/><W29/><G3/><T98/><D82/><U67/><E90/><V71/><F71/><N who="1" m="27209" /><E96/><V23/><F22/><W24/><G61/><T112/><D112/><U78/><E20/><V44/><F44/><W51/><G115/><T4/><D127/><U128/><E15/><V70/><F70/><W81/><G24/><T91/><D39/><N who="1" m="14859" /><E78/><V99/><F87/><W52/><G26/><T21/><D21/><U14/><E14/><V25/><F76/><W63/><G63/><T5/><REACH who="0" step="1"/><D13/><REACH who="0" ten="270,285,188,247" step="2"/><U103/><E126/><V8/><REACH who="2" step="1"/><F11/><REACH who="2" ten="270,285,178,247" step="2"/><W120/><G120/><T27/><D27/><U94/><E128/><V48/><F48/><W54/><G12/><T32/><D32/><U95/><E49/><V89/><AGARI ba="0,2" hai="0,7,8,23,25,28,42,43,89,93,97,99,100,107" machi="89" ten="20,5200,0" yaku="1,1,0,1,7,1,52,1,53,0" doraHai="2" doraHaiUra="135" who="2" fromWho="2" sc="270,-13,285,-26,178,72,247,-13" /><INIT seed="6,0,0,0,5,112" ten="257,259,250,234" oya="2" hai0="96,24,66,87,124,30,74,103,82,46,7,102,121" hai1="110,120,98,18,41,58,76,59,11,2,1,50,92" hai2="100,49,48,101,72,45,73,3,33,62,20,108,126" hai3="114,12,4,128,69,47,71,13,43,134,25,111,14"/><V15/><F3/><W127/><G111/><T34/><D74/><U29/><E110/><V22/><F33/><W107/><G107/><T52/><D121/><U57/><E120/><V86/><F108/><W36/><G114/><T51/><D124/><U68/><E68/><V99/><F73/><W105/><G105/><T85/><D7/><U89/><E29/><V81/><F72/><W16/><G127/><T95/><D103/><U97/><E2/><V8/><F62/><W63/><G4/><T115/><D115/><U77/><E1/><V118/><F118/><W80/><G80/><T125/><D125/><U21/><E11/><V123/><F123/><W129/><G63/><T70/><D82/><U116/><E116/><V54/><F49/><W44/><G44/><T23/><D34/><U133/><E133/><V90/><F126/><W0/><G0/><T9/><REACH who="0" step="1"/><D9/><REACH who="0" ten="247,259,250,234" step="2"/><U32/><E32/><V83/><F81/><W61/><G134/><T131/><D131/><N who="3" m="50249" /><G61/><AGARI ba="0,1" hai="23,24,30,46,51,52,61,66,70,85,87,95,96,102" machi="61" ten="40,2600,0" yaku="1,1,54,1,53,0" doraHai="112" doraHaiUra="78" who="0" fromWho="3" sc="247,36,259,0,250,0,234,-26" /><INIT seed="7,0,0,5,1,86" ten="283,259,250,208" oya="3" hai0="106,95,44,21,135,82,41,124,12,68,109,58,63" hai1="18,28,15,53,3,119,134,81,69,103,50,48,5" hai2="111,8,110,61,2,113,123,84,94,122,125,52,6" hai3="30,99,11,49,75,131,23,102,56,33,104,128,88"/><W0/><G33/><T115/><D106/><U121/><E121/><V19/><F19/><W90/><G75/><T73/><D109/><U77/><E69/><V43/><F43/><W59/><G11/><T96/><D68/><U114/><E134/><V13/><F2/><W107/><G0/><T40/><D135/><U70/><E70/><V1/><F1/><W89/><G107/><T126/><D115/><U97/><E114/><V129/><F125/><W133/><G133/><T32/><D32/><U87/><E28/><V74/><F74/><W64/><G49/><T71/><D71/><U45/><E119/><V66/><F113/><W67/><G59/><T27/><D12/><U14/><E3/><V118/><F66/><W62/><G67/><T25/><D82/><U46/><E18/><V39/><F129/><N who="3" m="49739" /><G30/><T116/><D73/><U26/><E26/><V93/><F39/><W42/><G42/><T105/><D27/><U85/><E5/><V9/><F118/><W80/><G23/><T112/><D116/><U34/><E34/><V4/><F111/><W36/><G80/><T24/><D112/><U130/><E130/><V16/><F110/><W120/><G36/><T132/><D132/><U7/><E7/><V22/><F22/><W37/><G37/><T60/><D21/><U51/><E51/><V35/><F35/><W20/><G20/><T92/><D124/><U127/><E127/><V57/><F6/><W72/><G72/><T47/><D126/><U101/><E48/><V108/><F108/><W54/><G64/><T10/><D63/><U83/><E50/><RYUUKYOKU ba="0,0" sc="283,-10,259,-10,250,-10,208,30" hai3="54,56,62,88,89,90,99,102,104,120" /><INIT seed="7,1,0,3,3,94" ten="273,249,240,238" oya="3" hai0="89,5,62,51,122,6,119,31,133,74,7,46,114" hai1="113,29,9,103,76,19,93,110,63,115,17,20,52" hai2="125,99,55,102,24,116,83,45,43,40,87,60,54" hai3="92,84,100,69,95,73,56,1,34,35,105,112,42"/><W47/><G1/><T53/><D122/><U32/><E110/><V49/><F125/><W14/><G69/><T36/><D119/><U44/><E76/><V90/><F116/><W111/><G73/><T85/><D74/><U33/><E9/><V15/><F60/><W96/><G111/><T106/><D133/><U30/><E93/><V118/><F118/><W57/><G105/><T2/><D2/><U71/><E103/><V41/><F55/><W117/><G117/><T10/><D106/><U79/><E79/><V61/><F61/><W97/><G84/><T26/><D10/><U11/><E71/><V75/><F75/><W91/><G112/><T80/><D114/><N who="1" m="43531" /><E63/><V18/><F24/><W120/><G120/><T134/><D134/><U59/><E59/><V23/><REACH who="2" step="1"/><F41/><REACH who="2" ten="273,249,230,238" step="2"/><W70/><G70/><T86/><D62/><U124/><E124/><V58/><F58/><W50/><G57/><T37/><D26/><N who="1" m="14607" /><E52/><V131/><F131/><W66/><G56/><T128/><D128/><U127/><E127/><V72/><F72/><W82/><G66/><T64/><D64/><U77/><E44/><V78/><F78/><W135/><G135/><T129/><D129/><U16/><E77/><V81/><F81/><W28/><G82/><T13/><D80/><U3/><E19/><V126/><F126/><W12/><REACH who="3" step="1"/><G28/><REACH who="3" ten="273,249,230,228" step="2"/><N who="1" m="10858" /><E3/><V123/><F123/><W104/><G104/><AGARI ba="1,2" hai="15,18,23,40,43,45,49,54,83,87,90,99,102,104" machi="104" ten="30,3900,0" yaku="1,1,7,1,52,1,53,0" doraHai="94" doraHaiUra="67" who="2" fromWho="3" sc="273,0,249,0,230,62,228,-42" /><INIT seed="8,0,0,5,0,44" ten="273,249,292,186" oya="0" hai0="99,4,134,49,121,48,30,74,104,37,66,100,27" hai1="113,15,36,109,73,25,110,111,33,120,64,132,22" hai2="97,58,14,5,77,127,17,105,23,39,21,62,83" hai3="114,108,115,28,42,93,9,106,56,47,96,2,16"/><T3/><D37/><U125/><E64/><V130/><F39/><W29/><G106/><T89/><D121/><U0/><E15/><V85/><F130/><W75/><G108/><T68/><D134/><U129/><E22/><V61/><F105/><W102/><G75/><T46/><D46/><U7/><E25/><V131/><F127/><W119/><G56/><T88/><D74/><U123/><E7/><V65/><F131/><W133/><G133/><T12/><D3/><U135/><E111/><V38/><F38/><W124/><G124/><T13/><D13/><U32/><E32/><V40/><F40/><W67/><G67/><T51/><D12/><U95/><E95/><V128/><F97/><W81/><G119/><T112/><D4/><U70/><E110/><V126/><F128/><W91/><G2/><T118/><D112/><U52/><E52/><V43/><F126/><W59/><G59/><T11/><D11/><U71/><E71/><V117/><F43/><W84/><G16/><T76/><D118/><U90/><E90/><V63/><F117/><W101/><G9/><T31/><D76/><U6/><E6/><V50/><F5/><W57/><G57/><T60/><D31/><N who="3" m="11849" /><G115/><T35/><AGARI ba="0,0" hai="27,30,35,48,49,51,60,66,68,88,89,99,100,104" machi="35" ten="30,18000,2" yaku="0,1,25,2,52,3,54,1" doraHai="44" who="0" fromWho="0" sc="273,180,249,-60,292,-60,186,-60" owari="453,55.0,189,-21.0,232,3.0,126,-37.0" /></mjloggm>