<mjloggm ver="2.3"><GO type="169" lobby="0"/><UN n0="%E3%83%95%E3%83%AA%E3%83%86%E3%83%B3" n1="%4D%49%40%34%32%38" n2="%EF%BC%88%E2%89%A7%E2%96%BD%E2%89%A6%EF%BC%89" n3="%E3%81%A1%E3%81%8F%E3%81%8D" dan="16,17,17,18" rate="2097.31,2193.85,2154.58,2191.69" sx="M,M,M,M"/><TAIKYOKU oya="0"/><INIT seed="0,0,0,3,4,11" ten="250,250,250,250" oya="0" hai0="23,99,89,103,42,71,35,49,132,9,93,131,38" hai1="29,45,109,24,91,20,51,66,75,95,113,54,52" hai2="50,87,82,100,59,65,135,5,84,105,86,73,94" hai3="83,1,19,121,117,13,2,62,120,33,58,80,124"/><T55/><D35/><U14/><E75/><V85/><F135/><W46/><G33/><T111/><D71/><U39/><E39/><V72/><F5/><W114/><G117/><T30/><D132/><U122/><E122/><N who="3" m="47210" /><G114/><T34/><D34/><U67/><E113/><V119/><F119/><W63/><G46/><N who="0" m="25815" /><D38/><U28/><E28/><V112/><F112/><W17/><G17/><T6/><D131/><U4/><E54/><V32/><F32/><W26/><G26/><N who="0" m="16735" /><D111/><U123/><E109/><V77/><F65/><N who="3" m="39127" /><G63/><T106/><D106/><U90/><E123/><V10/><F105/><W116/><G116/><T134/><D134/><U97/><E90/><V61/><F61/><W3/><G124/><T102/><D55/><U76/><E76/><V21/><F72/><W53/><G53/><T101/><D6/><U22/><E22/><AGARI ba="0,0" hai="1,2,3,13,19,22,80,83" m="39127,47210" machi="22" ten="40,2600,0" yaku="13,1,52,1" doraHai="11" who="3" fromWho="1" sc="250,0,250,-26,250,0,250,26" /><INIT seed="1,0,0,5,2,118" ten="250,224,250,276" oya="1" hai0="71,5,111,3,99,78,0,112,56,34,46,32,15" hai1="52,93,26,66,82,55,20,9,14,54,67,72,107" hai2="114,68,123,70,104,79,75,98,64,108,43,21,109" hai3="121,122,4,83,135,13,97,117,96,45,59,28,119"/><U95/><E107/><V18/><F114/><W74/><G28/><T22/><D71/><U1/><E1/><V88/><F43/><W58/><G45/><T80/><D112/><U115/><E115/><V51/><F51/><W19/><G4/><T101/><D111/><N who="2" m="42570" /><F64/><N who="1" m="24617" /><E82/><N who="2" m="45439" /><F123/><N who="3" m="47115" /><G83/><T12/><D46/><U61/><E61/><V92/><F104/><W38/><G74/><T86/><D56/><N who="3" m="21545" /><G38/><T2/><D5/><N who="1" m="3375" /><E72/><V76/><F76/><W102/><G102/><T73/><D73/><U124/><E124/><V113/><F113/><W63/><G63/><T103/><D103/><U50/><E50/><V130/><F70/><W110/><G110/><T81/><D81/><U85/><E85/><V91/><F68/><W126/><G126/><T41/><D41/><U125/><E125/><V30/><F30/><AGARI ba="0,0" hai="20,26,30,52,54,55,93,95" m="3375,24617" machi="30" ten="30,2900,0" yaku="8,1,54,1" doraHai="118" who="1" fromWho="2" sc="250,0,224,29,250,-29,276,0" /><INIT seed="1,1,0,2,1,2" ten="250,253,221,276" oya="1" hai0="116,101,114,39,43,102,16,0,1,68,41,129,32" hai1="120,18,22,110,76,66,57,89,94,103,74,7,35" hai2="83,56,128,38,46,109,45,113,126,27,82,93,8" hai3="96,5,117,125,78,33,112,40,29,11,21,37,48"/><U98/><E120/><V107/><F107/><W10/><G112/><T100/><D114/><U75/><E35/><V34/><F113/><W6/><G33/><T77/><D116/><U19/><E110/><V130/><F109/><W51/><G117/><T44/><D32/><U4/><E76/><V53/><F126/><W62/><G125/><T47/><D68/><U134/><E134/><V104/><F104/><W31/><G78/><T28/><D28/><N who="3" m="10825" /><G37/><T90/><D129/><N who="2" m="49770" /><F34/><W131/><G131/><T26/><D90/><U99/><E75/><V85/><F27/><W12/><G62/><T13/><D26/><N who="1" m="14679" /><E74/><V72/><F72/><W17/><G96/><T60/><D60/><N who="1" m="38159" /><E19/><V123/><F123/><W49/><G40/><T15/><D77/><U119/><E119/><V71/><F71/><W36/><G36/><T106/><D106/><U95/><AGARI ba="1,0" hai="4,7,89,94,95,98,99,103" m="38159,14679" machi="95" ten="30,6000,0" yaku="8,1,52,2" doraHai="2" who="1" fromWho="1" sc="250,-21,253,63,221,-21,276,-21" /><INIT seed="1,2,0,5,1,117" ten="229,316,200,255" oya="1" hai0="19,48,51,109,36,55,105,31,126,7,120,30,87" hai1="74,111,59,101,9,72,17,98,53,39,40,25,89" hai2="118,75,95,110,15,65,38,78,93,20,5,134,52" hai3="67,54,41,24,113,57,58,66,133,103,43,132,91"/><U42/><E89/><V13/><F118/><W129/><G103/><T27/><D36/><U63/><E111/><V77/><F38/><W127/><G113/><T131/><D105/><U12/><E25/><V76/><F75/><W8/><G8/><T29/><D109/><U60/><E60/><V21/><F110/><W68/><G24/><T10/><D126/><U114/><E114/><V90/><F65/><N who="3" m="24587" /><G68/><T115/><D115/><U128/><E128/><V122/><F134/><N who="3" m="51819" /><G129/><T4/><D131/><U61/><E61/><V64/><F64/><W44/><G91/><T35/><D35/><U23/><E9/><N who="2" m="4271" /><F15/><W125/><G43/><T130/><D130/><U100/><E100/><V82/><F90/><W50/><G57/><T83/><D7/><U56/><E59/><V121/><F82/><W94/><G94/><N who="2" m="35849" /><F122/><W135/><N who="3" m="51827" /><W0/><DORA hai="84" /><G0/><T119/><D120/><U46/><E42/><V26/><F121/><W116/><G116/><T112/><D119/><U3/><REACH who="1" step="1"/><E3/><REACH who="1" ten="229,306,200,255" step="2"/><V34/><F26/><W102/><G102/><T108/><D112/><U86/><E86/><V37/><F77/><W45/><G45/><T49/><D108/><U28/><E28/><V1/><F78/><W33/><G33/><T2/><D27/><U16/><E16/><V96/><F34/><W85/><G85/><T123/><D19/><U124/><E124/><V18/><F76/><W80/><G80/><T97/><D123/><U32/><E32/><V92/><F1/><W99/><G99/><T73/><D97/><U22/><E22/><V107/><F21/><W62/><AGARI ba="2,1" hai="41,44,50,54,58,62,125,127" m="51827,24587" machi="62" ten="50,8000,1" yaku="5,1,20,1,34,2" doraHai="117,84" who="3" fromWho="3" sc="229,-22,306,-42,200,-22,255,96" /><INIT seed="2,0,0,2,5,68" ten="207,264,178,351" oya="2" hai0="105,76,34,19,58,59,117,120,103,114,36,71,57" hai1="124,112,81,118,89,92,87,111,102,72,43,14,61" hai2="56,66,65,130,64,32,108,104,91,40,93,77,84" hai3="128,51,49,83,16,11,115,31,74,53,6,25,94"/><V95/><F32/><W73/><G128/><T90/><D34/><U69/><E112/><V37/><F104/><W86/><G115/><T26/><D71/><U42/><E118/><V126/><F130/><W30/><G94/><T17/><D120/><U47/><E111/><V133/><F133/><W35/><G31/><T5/><D5/><U98/><E124/><V15/><F126/><W60/><G60/><T9/><D9/><U131/><E131/><V21/><F108/><W55/><G51/><T107/><D103/><U100/><E42/><V44/><F77/><W132/><G53/><T116/><D76/><U75/><E100/><V106/><F106/><N who="0" m="40458" /><D90/><U20/><E69/><V28/><F95/><W121/><G132/><T63/><D63/><U38/><REACH who="1" step="1"/><E61/><REACH who="1" ten="207,254,178,351" step="2"/><V48/><F37/><W29/><G121/><T127/><D127/><U52/><E52/><V135/><F135/><W41/><G55/><T80/><D36/><U0/><E0/><V12/><REACH who="2" step="1"/><F56/><REACH who="2" ten="207,254,168,351" step="2"/><W78/><G73/><T7/><D58/><U122/><E122/><V88/><F88/><W123/><G74/><T8/><D57/><U134/><E134/><V50/><F50/><W33/><G49/><T45/><D59/><U24/><E24/><AGARI ba="0,2" hai="12,15,21,24,28,40,44,48,64,65,66,84,91,93" machi="24" ten="40,3900,0" yaku="1,1,8,1,53,0" doraHai="68" doraHaiUra="99" who="2" fromWho="1" sc="207,0,254,-39,168,59,351,0" /><INIT seed="2,1,0,3,5,129" ten="207,215,227,351" oya="2" hai0="92,21,95,103,98,73,91,63,100,7,93,44,43" hai1="38,99,17,88,46,112,134,4,41,11,83,80,14" hai2="69,127,120,35,34,20,105,90,6,84,96,1,60" hai3="64,121,57,102,135,78,30,81,67,49,28,68,51"/><V62/><F120/><W65/><G121/><T8/><D73/><U52/><E112/><V19/><F127/><W74/><G68/><T82/><D63/><U47/><E134/><V94/><F1/><W39/><G135/><T40/><D82/><U109/><E109/><V113/><F113/><W24/><G39/><T70/><D70/><U33/><E33/><V0/><F0/><W75/><G102/><T15/><D100/><U87/><E99/><V77/><F6/><W119/><G119/><T104/><D21/><U86/><E4/><V117/><F117/><W101/><G101/><T89/><REACH who="0" step="1"/><D43/><REACH who="0" ten="197,215,227,351" step="2"/><U123/><E123/><V126/><F20/><W108/><G75/><T16/><D16/><U54/><REACH who="1" step="1"/><E46/><REACH who="1" ten="197,205,227,351" step="2"/><V3/><F35/><W50/><G108/><T5/><D5/><U37/><E37/><AGARI ba="1,2" hai="7,8,15,37,40,44,89,91,92,93,95,98,103,104" machi="37" ten="40,1300,0" yaku="1,1,53,0" doraHai="129" doraHaiUra="18" who="0" fromWho="1" sc="197,36,205,-16,227,0,351,0" /><INIT seed="3,0,0,0,1,34" ten="233,189,227,351" oya="3" hai0="115,104,108,109,127,65,86,101,77,7,98,38,68" hai1="15,46,36,85,89,133,55,100,58,59,74,125,90" hai2="99,81,20,57,56,6,8,131,14,128,64,48,121" hai3="53,9,80,67,82,102,18,1,116,37,40,60,107"/><W117/><G53/><T19/><D127/><U31/><E74/><V93/><F121/><W33/><G82/><N who="0" m="47439" /><D38/><U35/><E125/><V5/><F5/><N who="3" m="1199" /><G80/><T44/><D44/><U113/><E113/><V132/><F81/><W41/><G41/><T11/><D19/><U16/><E133/><V76/><F76/><W103/><G103/><T78/><D78/><U50/><E100/><V87/><F87/><W75/><G75/><T45/><D45/><U62/><E36/><V28/><F132/><W39/><G18/><T66/><D115/><U88/><E35/><V24/><F48/><W123/><G33/><T110/><D68/><U69/><E31/><V10/><F10/><W23/><G23/><T17/><D17/><U122/><E122/><V26/><F26/><W49/><G123/><T91/><D91/><N who="1" m="34891" /><E69/><V134/><F134/><W70/><G49/><T73/><D73/><U0/><E0/><AGARI ba="0,0" hai="0,7,11,65,66,98,101,104,108,109,110" m="47439" machi="0" ten="30,2000,0" yaku="14,1,52,1" doraHai="34" who="0" fromWho="1" sc="233,20,189,-20,227,0,351,0" /><INIT seed="4,0,0,5,4,91" ten="253,169,227,351" oya="0" hai0="88,129,127,96,86,9,121,126,123,51,60,107,12" hai1="72,101,82,13,135,17,130,100,43,74,8,52,56" hai2="14,22,49,117,21,87,92,122,80,133,89,34,99" hai3="36,1,28,26,124,18,46,11,105,118,109,66,110"/><T68/><D129/><U57/><E130/><V39/><F122/><W79/><G118/><T5/><D51/><U84/><E135/><V132/><F39/><W75/><G105/><T128/><D128/><U4/><E43/><V6/><F117/><W94/><G66/><N who="0" m="41031" /><D96/><U104/><E57/><V83/><F34/><W7/><G18/><T33/><D33/><U61/><E104/><V31/><F31/><W119/><G119/><T120/><D107/><U116/><E116/><V30/><F30/><W90/><G79/><T47/><D47/><U69/><E69/><V24/><F24/><W35/><G75/><T16/><D5/><U65/><E65/><V3/><F3/><W98/><REACH who="3" step="1"/><G124/><REACH who="3" ten="253,169,227,341" step="2"/><N who="0" m="47659" /><D121/><U125/><E125/><V108/><F133/><W76/><G76/><T73/><D73/><U106/><E106/><V15/><F132/><W58/><G58/><T114/><D114/><U19/><E74/><V54/><F6/><W50/><G50/><T115/><D115/><U67/><E72/><V70/><F70/><W29/><G29/><T2/><D2/><U38/><E38/><V0/><F0/><W95/><G95/><AGARI ba="0,1" hai="9,12,16,86,88,95,120,123" m="47659,41031" machi="95" ten="30,11600,0" yaku="18,1,52,1,54,2" doraHai="91" who="0" fromWho="3" sc="253,126,169,0,227,0,341,-116" /><INIT seed="4,1,0,2,1,49" ten="379,169,227,225" oya="0" hai0="115,16,107,3,33,48,72,28,50,76,114,15,17" hai1="73,59,6,87,109,54,12,44,105,9,122,74,86" hai2="116,52,119,89,32,20,84,79,7,69,63,24,61" hai3="2,132,128,29,101,42,5,123,94,46,103,21,30"/><T85/><D3/><U38/><E109/><V106/><F106/><W82/><G123/><T60/><D72/><U92/><E105/><V104/><F104/><W100/><G128/><T75/><D75/><U0/><E122/><V112/><F112/><N who="0" m="43050" /><D107/><U108/><E108/><V11/><F32/><W121/><G121/><T120/><D120/><U96/><E0/><V124/><F79/><W14/><G132/><T68/><D17/><U93/><E73/><V31/><F69/><W99/><G2/><T88/><D76/><U53/><E74/><V58/><F124/><W4/><G4/><T35/><D60/><N who="1" m="35951" /><E38/><V8/><F63/><W83/><G5/><T129/><D68/><U55/><E44/><V18/><F31/><W71/><G71/><T110/><D110/><U77/><E92/><N who="2" m="54311" /><F7/><W26/><G30/><T27/><D35/><U131/><E131/><V64/><F64/><W56/><G14/><T126/><D129/><U34/><E34/><V133/><F133/><W1/><G1/><T70/><D70/><U67/><E67/><V134/><F134/><W130/><G130/><T97/><D126/><U80/><E86/><V95/><F95/><W37/><G83/><N who="0" m="49215" /><D97/><U117/><E117/><AGARI ba="1,0" hai="8,11,18,20,24,52,58,61,116,117,119" m="54311" machi="117" ten="30,3900,0" yaku="12,1,52,1,54,1" doraHai="49" who="2" fromWho="1" sc="379,0,169,-42,227,42,225,0" /><INIT seed="5,0,0,0,1,93" ten="379,127,269,225" oya="1" hai0="54,31,22,112,53,65,9,131,67,101,103,117,12" hai1="32,76,127,55,60,40,107,71,121,84,4,37,2" hai2="87,111,44,41,73,57,105,132,70,30,64,92,11" hai3="19,68,89,17,95,130,21,108,46,49,77,134,128"/><U88/><E121/><V42/><F73/><W98/><G108/><T102/><D112/><U48/><E107/><V38/><F105/><W63/><G134/><T43/><D43/><U66/><E32/><V6/><F70/><W24/><G77/><T18/><D131/><N who="3" m="50217" /><G68/><T56/><D117/><U35/><E35/><V116/><F30/><N who="3" m="17679" /><G63/><N who="0" m="38119" /><D67/><U106/><E106/><V75/><F75/><W133/><G133/><T36/><D36/><U29/><E29/><V45/><F111/><W74/><G74/><T110/><D110/><U83/><E127/><V85/><F116/><W58/><G58/><T113/><D113/><U59/><E2/><V7/><F57/><W86/><G86/><T10/><D10/><U99/><E4/><V97/><F64/><W81/><G81/><T118/><D118/><U114/><E114/><V26/><F132/><W126/><G126/><T129/><D129/><U123/><E123/><V0/><F6/><W90/><G90/><T69/><D69/><U16/><E16/><V20/><F87/><W115/><G115/><T100/><N who="0" m="25600" /><DORA hai="61" /><T28/><D28/><U80/><E80/><V3/><F85/><W8/><G8/><T15/><D31/><U14/><E14/><V13/><F13/><W104/><G104/><T27/><D27/><U33/><E33/><V25/><F0/><W52/><AGARI ba="0,0" hai="17,19,46,49,52,89,95,98" m="17679,50217" machi="52" ten="30,4000,0" yaku="19,1,52,1,54,1" doraHai="93,61" who="3" fromWho="3" sc="379,-10,127,-20,269,-10,225,40" /><INIT seed="6,0,0,4,1,22" ten="369,107,259,265" oya="2" hai0="34,115,57,40,11,96,2,123,17,90,84,23,72" hai1="30,56,46,6,129,86,111,114,62,54,75,126,29" hai2="122,100,132,39,51,52,58,64,104,112,1,24,32" hai3="14,74,3,91,18,28,124,134,31,102,69,116,61"/><V82/><F39/><W44/><G116/><T41/><D72/><U133/><E111/><V71/><F1/><W65/><G74/><T8/><D34/><U131/><E114/><V43/><F43/><N who="0" m="16458" /><D2/><U10/><E75/><V35/><F122/><W67/><G3/><T88/><D115/><U81/><E46/><V38/><F38/><W53/><G102/><T12/><D123/><U55/><E55/><V105/><F112/><W99/><G67/><T47/><D47/><U79/><E126/><V21/><F132/><W48/><G134/><T70/><D96/><U135/><E135/><V92/><F82/><W15/><G15/><T87/><D70/><U117/><E117/><V19/><F35/><W108/><G124/><T42/><D57/><U97/><E97/><N who="2" m="59431" /><F32/><W13/><G13/><T93/><D42/><U73/><E73/><V120/><F120/><W89/><G108/><T36/><D36/><U25/><E133/><V60/><F105/><W20/><G99/><T45/><D45/><U80/><E80/><AGARI ba="0,0" hai="8,11,12,17,23,80,84,87,88,90,93" m="16458" machi="80" ten="30,2000,0" yaku="8,1,54,1" doraHai="22" who="0" fromWho="1" sc="369,20,107,-20,259,0,265,0" /><INIT seed="7,0,0,0,2,106" ten="389,87,259,265" oya="3" hai0="79,57,18,124,85,108,87,5,67,103,44,126,95" hai1="2,61,25,4,43,117,80,30,3,82,58,26,46" hai2="92,47,40,123,21,86,41,84,111,64,105,90,94" hai3="130,10,133,99,89,74,121,49,93,69,11,113,73"/><W20/><G121/><T14/><D108/><U131/><E117/><V27/><F105/><W65/><G69/><T42/><D5/><U12/><E131/><V127/><F111/><W71/><G71/><T45/><D67/><U35/><E26/><V101/><F127/><N who="0" m="48682" /><D57/><U128/><E128/><V97/><F123/><W48/><G130/><T77/><D103/><U22/><E3/><V109/><F109/><W60/><G133/><T76/><D95/><U36/><E58/><V125/><F125/><W34/><G34/><T129/><D129/><U51/><E51/><N who="2" m="27119" /><F40/><W98/><G113/><T118/><D118/><U115/><E61/><V55/><F55/><W63/><G93/><T81/><D87/><U68/><E68/><V24/><F64/><W0/><G65/><T88/><D42/><U50/><E50/><V110/><F110/><W75/><G75/><T17/><D17/><U104/><E104/><V107/><F107/><W132/><G132/><T116/><D116/><U7/><E7/><V102/><F102/><W32/><G32/><T72/><D72/><U6/><E6/><V56/><F56/><W100/><G100/><T8/><AGARI ba="0,0" hai="8,14,18,44,45,76,77,79,81,85,88" m="48682" machi="8" ten="30,2000,0" yaku="18,1,54,1" doraHai="106" who="0" fromWho="0" sc="389,20,87,-5,259,-5,265,-10" owari="409,51.0,82,-42.0,254,-15.0,255,6.0" /></mjloggm>