<mjloggm ver="2.3"><GO type="169" lobby="0"/><UN n0="%E6%82%A0%E9%9B%85" n1="%EF%BC%88%E2%89%A7%E2%96%BD%E2%89%A6%EF%BC%89" n2="%E3%83%95%E3%83%AA%E3%83%86%E3%83%B3" n3="%E6%9C%88%E5%8D%83%E4%B8%80%E5%A4%9C" dan="16,17,16,16" rate="2090.18,2170.34,2100.32,2094.22" sx="M,M,M,F"/><TAIKYOKU oya="0"/><INIT seed="0,0,0,5,2,31" ten="250,250,250,250" oya="0" hai0="84,14,110,27,85,130,87,45,10,92,132,86,88" hai1="81,109,90,62,16,94,1,47,34,69,39,93,26" hai2="38,114,53,115,32,3,106,95,50,42,133,71,116" hai3="127,2,101,36,66,77,96,7,12,43,102,60,117"/><T126/><D132/><U49/><E1/><V30/><F106/><W22/><G117/><T51/><D130/><U75/><E39/><V105/><F105/><W134/><G127/><T135/><D126/><U67/><E109/><V111/><F111/><W58/><G2/><T61/><D135/><U4/><E4/><V107/><F107/><W8/><G134/><T33/><D110/><U118/><E118/><V82/><F71/><W78/><G22/><T11/><D61/><U89/><E75/><V76/><F3/><W28/><G28/><T57/><D57/><U121/><E121/><V17/><F32/><W125/><G101/><T108/><D108/><U70/><E70/><V64/><F38/><W119/><G119/><T124/><D124/><U35/><E81/><V59/><F115/><W68/><G68/><T54/><REACH who="0" step="1"/><D14/><REACH who="0" ten="240,250,250,250" step="2"/><U15/><E15/><V55/><F133/><W123/><G125/><T129/><D129/><U103/><E62/><V25/><F116/><W23/><G123/><T18/><D18/><U98/><E16/><V100/><F17/><W5/><G58/><T113/><D113/><U48/><E69/><V56/><F59/><W44/><G60/><T46/><D46/><U79/><E47/><V91/><F56/><W128/><G12/><T104/><D104/><U120/><E120/><V0/><F114/><W73/><G44/><T74/><D74/><U9/><E67/><V19/><F64/><W52/><G66/><T112/><D112/><U99/><E49/><V20/><F0/><W83/><G128/><T97/><D97/><U37/><E48/><RYUUKYOKU ba="0,1" sc="240,30,250,-10,250,-10,250,-10" hai0="10,11,27,33,45,51,54,84,85,86,87,88,92" /><INIT seed="0,1,1,0,1,96" ten="270,240,240,240" oya="0" hai0="110,35,1,90,71,87,112,124,94,100,17,97,72" hai1="79,16,10,18,39,66,56,30,37,83,89,95,135" hai2="20,111,133,43,59,60,130,105,82,62,73,86,65" hai3="0,102,92,104,131,74,67,93,42,85,9,113,63"/><T4/><D112/><U3/><E135/><V68/><F133/><W115/><G113/><T116/><D116/><U13/><E3/><V119/><F119/><W77/><G131/><T22/><D35/><U64/><E30/><V44/><F130/><W24/><G74/><T125/><D71/><U109/><E109/><V36/><F111/><W55/><G42/><T19/><D72/><U88/><E39/><V48/><F73/><W101/><G104/><T21/><D110/><U49/><E37/><V117/><F117/><W5/><G55/><T76/><D76/><U45/><E18/><N who="0" m="6665" /><D4/><U128/><E128/><V108/><F108/><W6/><G24/><T15/><D15/><U114/><E114/><V129/><F129/><W78/><G115/><T126/><D1/><U57/><E66/><V99/><F20/><W14/><G5/><T103/><D103/><N who="3" m="39433" /><G0/><T47/><D47/><U118/><E118/><V58/><F36/><W52/><G67/><T40/><D40/><N who="1" m="24743" /><E64/><N who="2" m="39007" /><F68/><W26/><G26/><T25/><D25/><U107/><E107/><AGARI ba="1,1" hai="21,22,87,90,94,97,100,107,124,125,126" m="6665" machi="107" ten="30,2900,0" yaku="18,1,52,1" doraHai="96" who="0" fromWho="1" sc="270,42,240,-32,240,0,240,0" /><INIT seed="0,2,0,2,5,39" ten="312,208,240,240" oya="0" hai0="35,127,86,73,66,107,33,12,31,17,123,109,26" hai1="117,45,56,96,111,135,120,82,8,27,6,61,54" hai2="47,79,118,9,84,81,1,68,20,125,102,62,10" hai3="4,30,13,71,50,128,49,89,95,134,18,130,58"/><T34/><D123/><U3/><E120/><V87/><F125/><W133/><G71/><T132/><D73/><U114/><E117/><V32/><F32/><W124/><G30/><T94/><D107/><U74/><E114/><V37/><F118/><W104/><G4/><T91/><D127/><U25/><E111/><V92/><F10/><N who="3" m="6455" /><G104/><T72/><D72/><U115/><E115/><V76/><F20/><W93/><G95/><T108/><D66/><U65/><E135/><N who="3" m="51722" /><G124/><T112/><D132/><U97/><E82/><V99/><F9/><W59/><G58/><T98/><D112/><U119/><E119/><V55/><F1/><W23/><G23/><N who="0" m="11687" /><D98/><U2/><E2/><V11/><F11/><W78/><G78/><T44/><D44/><U51/><E74/><V53/><F79/><W126/><G126/><T0/><D0/><U43/><E97/><V100/><F87/><N who="3" m="52415" /><G59/><T21/><D34/><U52/><REACH who="1" step="1"/><E96/><REACH who="1" ten="312,198,240,240" step="2"/><V110/><F110/><W106/><G106/><T24/><D109/><U103/><E103/><V38/><F102/><W14/><G14/><T116/><D108/><U19/><E19/><V22/><F100/><W42/><G128/><T41/><D116/><U16/><E16/><V88/><F99/><W15/><G15/><T57/><D31/><U101/><E101/><V60/><F92/><W75/><G75/><T129/><D94/><U46/><E46/><V36/><F47/><N who="3" m="25847" /><G130/><T105/><D129/><U63/><E63/><V28/><F60/><W122/><G122/><T5/><D105/><U7/><E7/><V70/><F62/><W83/><G83/><RYUUKYOKU ba="2,1" sc="312,-15,198,15,240,-15,240,15" hai1="3,6,8,25,27,43,45,51,52,54,56,61,65" hai3="50" /><INIT seed="1,3,1,4,1,3" ten="297,213,225,255" oya="1" hai0="74,6,47,16,18,22,21,27,43,69,71,77,61" hai1="133,30,85,92,7,88,84,56,57,29,53,116,130" hai2="86,28,40,17,52,24,134,48,107,31,11,8,109" hai3="123,10,89,45,80,106,126,82,14,120,102,70,110"/><U51/><E116/><V81/><F107/><W5/><G110/><T100/><D100/><U131/><E133/><V34/><F109/><W128/><G126/><T12/><D74/><U15/><E57/><V23/><F134/><W39/><G70/><T118/><D118/><U101/><E101/><V115/><F40/><W117/><G128/><N who="1" m="49194" /><E85/><V58/><F115/><W108/><G108/><T41/><D77/><U67/><E67/><V13/><REACH who="2" step="1"/><F28/><REACH who="2" ten="297,213,215,255" step="2"/><W129/><G129/><T119/><D119/><U127/><E127/><V38/><F38/><W97/><G117/><T44/><D43/><U26/><E26/><V72/><F72/><W104/><G39/><T37/><D37/><U93/><E93/><V95/><F95/><W73/><G104/><T25/><D41/><U83/><E92/><V46/><F46/><W105/><G106/><T64/><D71/><U19/><E7/><V20/><F20/><AGARI ba="3,2" hai="15,19,20,29,30,51,53,56,83,84,88" m="49194" machi="20" ten="30,2900,0" yaku="19,1,54,1" doraHai="3" who="1" fromWho="2" sc="297,0,213,58,215,-38,255,0" /><INIT seed="1,4,0,5,2,90" ten="297,271,177,255" oya="1" hai0="127,128,47,36,23,30,42,73,45,131,14,67,135" hai1="69,53,102,122,25,101,107,95,83,27,86,111,103" hai2="112,82,87,100,20,54,3,97,94,104,51,118,113" hai3="38,55,130,40,133,79,44,39,56,33,75,124,26"/><U115/><E122/><V91/><F3/><W72/><G124/><T99/><D73/><U21/><E107/><V17/><F118/><W43/><G130/><N who="0" m="49707" /><D127/><U129/><E69/><V88/><F91/><W37/><G133/><T28/><D135/><U132/><E115/><V63/><F63/><W66/><G66/><T2/><D2/><U10/><E132/><V18/><F82/><W1/><G1/><T16/><D67/><U59/><E129/><V89/><F89/><W70/><G70/><T110/><D110/><U61/><E111/><V81/><F81/><W52/><G33/><T29/><D47/><U125/><E10/><V116/><F116/><W19/><G79/><T31/><D28/><U121/><E121/><V50/><F50/><N who="3" m="28743" /><G26/><N who="1" m="9738" /><E21/><V7/><F7/><W96/><G19/><T65/><D65/><U22/><E22/><V62/><F62/><N who="3" m="36127" /><G75/><T80/><D80/><U77/><E125/><V12/><REACH who="2" step="1"/><F18/><REACH who="2" ten="297,271,167,255" step="2"/><W106/><G72/><T71/><D71/><U78/><E77/><V8/><F8/><W120/><G120/><T108/><D108/><U9/><E9/><V105/><F105/><W41/><G106/><T0/><D0/><U4/><E4/><V58/><AGARI ba="4,1" hai="12,17,20,51,54,58,87,88,94,97,100,104,112,113" machi="58" ten="30,12000,2" yaku="1,1,0,1,25,2,52,1,54,1,53,0" doraHai="90" doraHaiUra="60" who="2" fromWho="2" sc="297,-34,271,-64,167,142,255,-34" /><INIT seed="2,0,0,1,1,77" ten="263,207,309,221" oya="2" hai0="97,105,54,78,90,84,12,131,100,35,108,80,52" hai1="15,7,116,133,65,36,76,106,13,51,9,1,125" hai2="93,103,62,40,81,59,61,135,47,21,70,41,53" hai3="24,132,14,99,111,127,60,107,115,29,119,96,43"/><V45/><F135/><W120/><G119/><T26/><D131/><U91/><E36/><V113/><F113/><W94/><G120/><T3/><D3/><U109/><E116/><V87/><F21/><W33/><G127/><T57/><D108/><U74/><E106/><V134/><F134/><W19/><G111/><T68/><D68/><U17/><E125/><V28/><F28/><W23/><G132/><T121/><D121/><U4/><E109/><V82/><F62/><W18/><G107/><T85/><D12/><U128/><E128/><V55/><F70/><W118/><G118/><T130/><D130/><U129/><E129/><V112/><F112/><W72/><G72/><T56/><D35/><U67/><E133/><V0/><F55/><W117/><G117/><T16/><D57/><U6/><E1/><V98/><F0/><W75/><G75/><T114/><D114/><U42/><E13/><V50/><REACH who="2" step="1"/><F87/><REACH who="2" ten="263,207,299,221" step="2"/><W64/><G115/><T86/><D86/><U30/><E30/><V5/><F5/><W66/><G60/><T104/><D85/><U20/><E20/><V48/><AGARI ba="0,1" hai="40,41,45,47,48,50,53,59,61,81,82,93,98,103" machi="48" ten="20,24000,3" yaku="1,1,0,1,7,1,9,1,8,1,52,2,53,2" doraHai="77" doraHaiUra="39" who="2" fromWho="2" sc="263,-80,207,-80,299,250,221,-80" /><INIT seed="2,1,0,2,0,112" ten="183,127,549,141" oya="2" hai0="100,36,34,82,123,38,67,115,117,76,92,12,14" hai1="25,97,119,13,6,127,133,16,5,105,109,24,102" hai2="101,60,66,135,35,118,45,77,51,39,56,129,58" hai3="78,98,23,33,48,0,54,107,8,104,69,26,99"/><V57/><F101/><W108/><G108/><T111/><D123/><U70/><E70/><N who="2" m="42311" /><F77/><W3/><G69/><T63/><D111/><U53/><E109/><V125/><F35/><W93/><G33/><T30/><D115/><U83/><E119/><V103/><F103/><W122/><G122/><T113/><D117/><U91/><E133/><V116/><F135/><W110/><G110/><T32/><D113/><U37/><E37/><V74/><F74/><W47/><G78/><T11/><D12/><U90/><E127/><V44/><F125/><W128/><G128/><T50/><D50/><U41/><E41/><N who="2" m="22591" /><F129/><W71/><G71/><T19/><D34/><U55/><E5/><V121/><F121/><W7/><G3/><T130/><D130/><U89/><E6/><V87/><F87/><W42/><G104/><T95/><D32/><U31/><E83/><V64/><F64/><W132/><G107/><T120/><D30/><U134/><E134/><V75/><F75/><W52/><G132/><T73/><D120/><U85/><E85/><V9/><F9/><W61/><G93/><T72/><D95/><U65/><E65/><V79/><F79/><W106/><G106/><T88/><D73/><U29/><E29/><V4/><F4/><W20/><G23/><T59/><D100/><U62/><E31/><V18/><F18/><W17/><G98/><AGARI ba="1,0" hai="11,14,19,36,38,59,63,67,72,76,82,88,92,98" machi="98" ten="30,2000,0" yaku="7,1,54,1" doraHai="112" who="0" fromWho="3" sc="183,23,127,0,549,0,141,-23" /><INIT seed="3,0,0,4,5,114" ten="206,127,549,118" oya="3" hai0="129,24,55,122,83,98,23,95,112,106,35,66,17" hai1="41,115,69,11,130,72,12,25,14,132,56,99,120" hai2="3,119,71,102,61,86,135,74,133,34,5,82,58" hai3="108,22,30,78,100,93,16,92,49,96,67,7,46"/><W1/><G108/><T70/><D112/><U37/><E72/><V101/><F71/><W60/><G30/><T51/><D122/><U26/><E69/><V80/><F34/><W63/><G78/><T39/><D39/><U54/><E115/><V91/><F119/><W104/><G7/><T113/><D113/><U107/><E120/><V77/><F3/><W13/><G1/><T38/><D38/><U15/><E130/><V6/><F101/><W33/><G33/><T27/><D129/><U110/><E110/><V65/><F102/><W29/><G29/><T76/><D106/><U52/><E132/><AGARI ba="0,0" hai="5,6,58,61,65,74,77,80,82,86,91,132,133,135" machi="132" ten="40,1300,0" yaku="20,1" doraHai="114" who="2" fromWho="1" sc="206,0,127,-13,549,13,118,0" /><INIT seed="4,0,0,0,4,134" ten="206,114,562,118" oya="0" hai0="68,79,127,58,50,130,65,85,98,124,53,69,4" hai1="25,76,46,80,132,15,45,26,49,115,125,11,95" hai2="42,93,17,21,62,96,2,121,122,120,35,118,128" hai3="108,64,92,117,112,63,71,133,47,22,135,61,77"/><T116/><D116/><U88/><E132/><N who="3" m="50762" /><G108/><T104/><D4/><U3/><E3/><V20/><F35/><W31/><G117/><T97/><D104/><U119/><E119/><V37/><F2/><W36/><G112/><T57/><D130/><U101/><E101/><V0/><F128/><W44/><G77/><T78/><D85/><N who="1" m="48263" /><E125/><N who="0" m="48201" /><D79/><U106/><E45/><V24/><F21/><W82/><G36/><T105/><D78/><U126/><E106/><V109/><F37/><W113/><G113/><T102/><D97/><N who="1" m="57575" /><E115/><V81/><F96/><W59/><G82/><T18/><D18/><N who="1" m="8575" /><E126/><V100/><F81/><W87/><G87/><T28/><D28/><U30/><E30/><V48/><F17/><W67/><G92/><T23/><D23/><U32/><E32/><V39/><F20/><W114/><G114/><T56/><D65/><U89/><E89/><V83/><F118/><W51/><G22/><T90/><D90/><U75/><E75/><V12/><F121/><W1/><G31/><T110/><D110/><U6/><E6/><V38/><F120/><W107/><G1/><T5/><D5/><U131/><E131/><V54/><F122/><W123/><G107/><T13/><D13/><U8/><E8/><V66/><F12/><W33/><G123/><T99/><D99/><U55/><AGARI ba="0,0" hai="25,26,46,49,55" m="8575,57575,48263" machi="55" ten="30,2000,0" yaku="8,1,54,1" doraHai="134" who="1" fromWho="1" sc="206,-10,114,20,562,-5,118,-5" /><INIT seed="5,0,0,0,3,77" ten="196,134,557,113" oya="1" hai0="132,47,16,3,113,86,106,82,64,72,105,7,11" hai1="135,85,14,30,80,98,119,46,124,116,59,6,93" hai2="66,108,36,18,58,76,29,118,65,63,99,104,33" hai3="133,49,27,97,111,35,92,74,89,34,102,125,110"/><U67/><E135/><V53/><F108/><W129/><G133/><T50/><D132/><U38/><E124/><V130/><F36/><W79/><G125/><T31/><D72/><U84/><E30/><V13/><F118/><W26/><G129/><T51/><D31/><U112/><E112/><V19/><F130/><W100/><G110/><T23/><D113/><U8/><E85/><V41/><F41/><W40/><G111/><T4/><D4/><U2/><E2/><V83/><F19/><W134/><G134/><T20/><D64/><U55/><E67/><V45/><F45/><W115/><G115/><T123/><D20/><U5/><E5/><V9/><F33/><W71/><G71/><T128/><D50/><U17/><E6/><V62/><F62/><W90/><G35/><T91/><D123/><U122/><E122/><V103/><F29/><W107/><G34/><T43/><D128/><U10/><E46/><V126/><F126/><W75/><G40/><T52/><D43/><U21/><E38/><V32/><F32/><W120/><G120/><T68/><D68/><U101/><E119/><V37/><F37/><W39/><G39/><T25/><AGARI ba="0,0" hai="3,7,11,16,23,25,47,51,52,82,86,91,105,106" machi="25" ten="20,8000,1" yaku="0,1,7,1,52,1,54,2" doraHai="77" who="0" fromWho="0" sc="196,80,134,-40,557,-20,113,-20" /><INIT seed="6,0,0,2,0,63" ten="276,94,537,93" oya="2" hai0="86,38,35,75,49,125,130,104,70,41,19,118,113" hai1="12,61,102,34,89,11,83,133,72,122,69,13,128" hai2="85,126,40,4,24,81,15,80,42,58,37,64,76" hai3="87,67,120,26,18,31,22,10,77,32,127,60,88"/><V1/><F126/><W90/><G120/><T74/><RYUUKYOKU type="yao9" ba="0,0" sc="276,0,94,0,537,0,93,0" hai0="19,35,38,41,49,70,74,75,86,104,113,118,125,130" /><INIT seed="6,1,0,0,0,85" ten="276,94,537,93" oya="2" hai0="79,50,10,82,74,38,134,0,108,87,51,127,55" hai1="22,129,112,95,123,60,16,104,83,92,72,42,18" hai2="71,36,49,121,76,30,31,96,8,39,75,120,29" hai3="125,19,27,132,67,73,116,103,1,14,7,109,130"/><V124/><F71/><W114/><G103/><T4/><D127/><U45/><E104/><V59/><F76/><W15/><G67/><T69/><D69/><U88/><E129/><V94/><F75/><W99/><G73/><T97/><D134/><U119/><E119/><V35/><F35/><W70/><G99/><T44/><D108/><U21/><E112/><V91/><F8/><N who="3" m="2159" /><G70/><T90/><D97/><U33/><E33/><V12/><F12/><W43/><G43/><N who="0" m="22647" /><D55/><U58/><E72/><V115/><F115/><W63/><G63/><T93/><AGARI ba="1,0" hai="0,4,10,50,51,74,79,82,87,90,93" m="22647" machi="93" ten="30,2000,0" yaku="25,1,52,1" doraHai="85" who="0" fromWho="0" sc="276,23,94,-6,537,-11,93,-6" /><INIT seed="7,0,0,0,4,13" ten="299,88,526,87" oya="3" hai0="38,117,119,9,46,72,66,54,107,81,104,122,65" hai1="43,36,51,134,125,130,45,68,86,74,124,11,126" hai2="21,110,77,49,131,98,14,20,6,59,82,12,94" hai3="64,48,39,62,37,58,84,112,69,96,2,80,0"/><W76/><G112/><T25/><D122/><U29/><E74/><V10/><F110/><W27/><G96/><T24/><D9/><U100/><E134/><V41/><F131/><W99/><G99/><T106/><D81/><U102/><E130/><V87/><F14/><W115/><G115/><T67/><D72/><U19/><E68/><V101/><F59/><W16/><G39/><T47/><D54/><U71/><E71/><V22/><F49/><W5/><G37/><T120/><D120/><U52/><E29/><V28/><F41/><W113/><G5/><T75/><D75/><U127/><E127/><V135/><F135/><W123/><G123/><T132/><D38/><U31/><E31/><AGARI ba="0,0" hai="6,10,12,20,21,22,28,31,77,82,87,94,98,101" machi="31" ten="40,1300,0" yaku="8,1" doraHai="13" who="2" fromWho="1" sc="299,0,88,-13,526,13,87,0" owari="299,10.0,75,-42.0,539,63.0,87,-31.0" /></mjloggm>