<mjloggm ver="2.3"><GO type="169" lobby="0"/><UN n0="%E5%A4%A2%E8%A6%8B%E3%82%8B%E5%B0%91%E5%A5%B3" n1="%E3%83%90%E3%83%AB%E3%81%B0%E3%82%8B" n2="%48%41%52%45%4D" n3="%EF%BC%88%E2%89%A7%E2%96%BD%E2%89%A6%EF%BC%89" dan="16,16,16,18" rate="2066.14,2063.79,2158.31,2199.98" sx="F,M,M,M"/><TAIKYOKU oya="0"/><INIT seed="0,0,0,2,3,4" ten="250,250,250,250" oya="0" hai0="127,30,125,12,26,85,10,73,123,68,8,23,78" hai1="44,34,1,52,135,6,82,54,91,80,69,32,84" hai2="59,56,72,134,87,17,92,46,129,48,77,37,86" hai3="9,96,14,111,35,0,97,18,3,11,38,25,27"/><T22/><D68/><U95/><E135/><V42/><F129/><W110/><G38/><T115/><D73/><U60/><E34/><V116/><F116/><W40/><G40/><T74/><D74/><U83/><E32/><V58/><F134/><W15/><G35/><T89/><D78/><U98/><E44/><V114/><F114/><W51/><G18/><N who="0" m="10567" /><D115/><U88/><E69/><V105/><F105/><W39/><G39/><T109/><D123/><U20/><E20/><V120/><F120/><W124/><G51/><T79/><D79/><U31/><E31/><V108/><F108/><W106/><G106/><T117/><D117/><U133/><E133/><V13/><F72/><W5/><G5/><T104/><D104/><U43/><E43/><V2/><F2/><W61/><REACH who="3" step="1"/><G61/><REACH who="3" ten="250,250,250,240" step="2"/><T90/><D109/><U112/><E112/><V7/><F7/><W94/><G94/><N who="0" m="54575" /><D90/><U119/><E91/><V24/><F37/><W66/><G66/><T65/><D65/><U21/><E119/><V103/><F77/><W47/><G47/><T29/><D29/><U53/><E60/><V16/><F103/><W57/><G57/><T99/><D99/><U55/><E98/><V41/><F41/><W132/><G132/><T130/><D130/><U121/><E121/><V28/><F28/><W63/><G63/><T70/><D70/><U122/><E122/><V33/><F33/><W75/><G75/><T62/><D62/><U50/><E50/><V113/><F113/><W64/><G64/><T71/><D71/><U101/><E101/><V107/><F107/><W19/><G19/><RYUUKYOKU ba="0,1" sc="250,15,250,-15,250,-15,240,15" hai0="8,10,23,26,30,125,127" hai3="0,3,9,11,14,15,25,27,96,97,110,111,124" /><INIT seed="0,1,1,1,3,94" ten="265,235,235,255" oya="0" hai0="77,82,129,135,104,1,42,85,87,109,51,47,91" hai1="30,67,26,46,40,63,133,43,115,120,116,95,76" hai2="36,64,31,8,29,96,65,23,24,19,119,122,34" hai3="74,98,66,105,25,2,113,128,45,99,71,61,118"/><T3/><D129/><U134/><E120/><V126/><F36/><W17/><G118/><T13/><D135/><N who="1" m="51723" /><E116/><V50/><F122/><W114/><G2/><T92/><D109/><U22/><E115/><V101/><F119/><W132/><G74/><T15/><D104/><U39/><E76/><V60/><F126/><W78/><G78/><T100/><D100/><U16/><E43/><V62/><F50/><W80/><G132/><T37/><D13/><U5/><E5/><V12/><F34/><W83/><G128/><T57/><D37/><U18/><E95/><N who="2" m="58527" /><F62/><W70/><G70/><AGARI ba="1,1" hai="16,18,22,26,30,39,40,46,63,67,70" m="51723" machi="70" ten="30,2000,0" yaku="20,1,54,1" doraHai="94" who="1" fromWho="3" sc="265,0,235,33,235,0,255,-23" /><INIT seed="1,0,0,1,2,93" ten="265,268,235,232" oya="1" hai0="19,74,72,21,130,129,97,59,8,87,110,40,127" hai1="60,48,32,52,44,43,58,102,51,17,39,37,24" hai2="117,135,128,85,14,65,95,111,5,22,120,73,66" hai3="81,30,133,9,109,119,76,63,100,103,67,35,61"/><U42/><E102/><V45/><F45/><W68/><G133/><T77/><D110/><U4/><E4/><V38/><F22/><W71/><G109/><T56/><D40/><U12/><E48/><V64/><F38/><W3/><G119/><T114/><D8/><U46/><E46/><V99/><F120/><W34/><G100/><T1/><D1/><U25/><E32/><V28/><F28/><W23/><G23/><T62/><D59/><U69/><E43/><V106/><F117/><W98/><G30/><T13/><D114/><U88/><E88/><V131/><F111/><W101/><G101/><T41/><D41/><U108/><E108/><V94/><F73/><N who="3" m="43151" /><G9/><T86/><D74/><U78/><E78/><V47/><F47/><W50/><G50/><T90/><D72/><U89/><E89/><N who="2" m="55791" /><F106/><N who="3" m="63863" /><G3/><T55/><D77/><U83/><E39/><V20/><F135/><W126/><G126/><T53/><D127/><U33/><E33/><V26/><F85/><W116/><G116/><T124/><D124/><U27/><E69/><V134/><F134/><W123/><G123/><T107/><D86/><U18/><E37/><V105/><F105/><W54/><G54/><T31/><D55/><U96/><E42/><V104/><F104/><W15/><G15/><T29/><D29/><U11/><E12/><V91/><F26/><W49/><G49/><T80/><D31/><U36/><E51/><V82/><F82/><W16/><G16/><T118/><D118/><U0/><E18/><N who="2" m="10327" /><F5/><W112/><G112/><T79/><D107/><U2/><E36/><V115/><F115/><RYUUKYOKU ba="0,0" sc="265,10,268,-30,235,10,232,10" hai0="13,19,21,53,56,62,79,80,87,90,97,129,130" hai2="64,65,66,91,94,128,131" hai3="34,35,61,63,67,68,71" /><INIT seed="2,1,0,5,1,3" ten="275,238,245,242" oya="2" hai0="72,0,94,89,86,101,87,68,90,30,10,23,4" hai1="76,2,58,93,116,54,133,82,46,36,99,122,83" hai2="92,48,129,44,135,120,108,34,14,130,106,103,98" hai3="35,29,78,96,65,74,31,41,56,107,104,51,62"/><V102/><F120/><W128/><G128/><N who="2" m="49257" /><F34/><W109/><G109/><T77/><D68/><U63/><E133/><V26/><F26/><W42/><G35/><T20/><D101/><U6/><E116/><V1/><F1/><W115/><G115/><T61/><D30/><N who="3" m="11273" /><G107/><T84/><D72/><U118/><E118/><V100/><F135/><W16/><G74/><T81/><REACH who="0" step="1"/><D61/><REACH who="0" ten="265,238,245,242" step="2"/><U113/><E122/><V67/><F106/><W121/><G62/><T45/><D45/><U37/><E46/><V40/><F108/><W47/><G104/><T12/><D12/><U24/><E113/><V88/><F14/><W75/><G47/><T127/><D127/><U119/><E119/><V18/><F18/><W66/><G16/><T110/><D110/><U49/><E63/><V22/><F22/><W27/><G75/><T131/><D131/><U111/><E111/><V85/><F67/><W19/><G66/><T32/><D32/><U70/><E70/><V97/><AGARI ba="1,1" hai="40,44,48,85,88,92,97,98,100,102,103" m="49257" machi="97" ten="40,3900,0" yaku="19,1,54,1" doraHai="3" who="2" fromWho="2" sc="265,-14,238,-14,245,52,242,-14" /><INIT seed="2,2,0,5,4,114" ten="251,224,297,228" oya="2" hai0="42,38,71,111,70,58,130,66,7,84,49,120,12" hai1="122,100,61,123,88,10,104,19,52,50,78,86,25" hai2="132,128,96,83,27,97,67,73,16,76,133,26,85" hai3="1,94,13,31,103,24,99,127,8,11,41,51,3"/><V17/><F128/><W91/><G127/><T126/><D7/><U81/><E61/><V101/><F67/><W72/><G72/><T35/><D12/><N who="1" m="7575" /><E104/><V118/><F118/><W65/><G65/><T75/><D75/><U53/><E100/><V63/><F63/><W48/><G11/><T18/><D35/><U113/><E113/><V135/><F73/><W21/><G3/><T14/><D38/><U93/><E25/><N who="2" m="9227" /><F97/><W115/><G115/><T34/><D34/><U62/><E62/><V102/><F101/><W29/><G29/><T69/><D66/><U79/><E53/><V116/><F116/><W39/><G1/><T125/><D71/><U32/><E32/><V44/><F44/><W0/><G0/><T28/><D28/><U77/><E93/><AGARI ba="2,0" hai="16,17,76,83,85,93,96,102,132,133,135" m="9227" machi="93" ten="30,2900,0" yaku="20,1,54,1" doraHai="114" who="2" fromWho="1" sc="251,0,224,-35,297,35,228,0" /><INIT seed="2,3,0,5,4,91" ten="251,189,332,228" oya="2" hai0="80,88,92,131,51,31,1,49,67,130,73,86,126" hai1="39,77,45,56,78,19,87,42,7,81,65,35,52" hai2="121,117,24,36,11,111,89,68,38,103,0,90,16" hai3="66,4,40,102,46,120,34,105,13,58,32,116,10"/><V85/><F121/><W61/><G116/><T63/><D1/><U96/><E7/><V125/><F117/><W6/><G120/><T55/><D126/><U28/><E65/><V48/><F68/><W127/><G127/><T59/><D31/><U5/><E5/><V119/><F119/><W22/><G4/><T41/><D41/><U27/><E19/><V83/><F125/><W14/><G105/><T9/><D9/><U135/><E135/><V50/><F111/><W37/><G102/><T108/><D108/><U107/><E107/><V128/><F128/><N who="0" m="49194" /><D67/><U122/><E122/><V100/><F0/><W98/><G98/><N who="0" m="57607" /><D73/><U79/><REACH who="1" step="1"/><E96/><REACH who="1" ten="251,179,332,228" step="2"/><V97/><F97/><W104/><G104/><T69/><D69/><U129/><E129/><V70/><F70/><W84/><G66/><T114/><D114/><U26/><E26/><V53/><F24/><W133/><G133/><T33/><D33/><U23/><E23/><V93/><F11/><W18/><G32/><T94/><D94/><U44/><E44/><V110/><F93/><W101/><G34/><T99/><D99/><U25/><E25/><V47/><F47/><W20/><G20/><T12/><D12/><U71/><E71/><V64/><F64/><N who="3" m="38967" /><G101/><T76/><AGARI ba="3,1" hai="49,51,55,59,63,76,80,86" m="57607,49194" machi="76" ten="30,4000,0" yaku="19,1,52,1,54,1" doraHai="91" who="0" fromWho="0" sc="251,59,179,-13,332,-23,228,-13" /><INIT seed="3,0,0,3,1,121" ten="310,166,309,215" oya="3" hai0="102,64,7,92,46,96,49,83,66,86,1,127,79" hai1="128,77,71,101,41,24,89,63,9,125,70,69,52" hai2="60,87,104,14,112,26,124,30,84,113,99,59,17" hai3="38,22,19,16,0,109,114,10,116,81,15,37,62"/><W133/><G116/><T28/><D127/><U94/><E125/><V82/><F124/><W58/><G114/><T33/><D33/><U3/><E128/><V119/><F119/><W61/><G133/><T110/><D110/><U97/><E77/><V123/><F123/><W130/><G130/><T74/><D28/><U12/><E41/><V106/><F87/><W76/><G109/><T103/><D103/><U134/><E134/><V54/><F106/><W98/><G98/><T111/><D111/><U100/><E24/><V51/><F60/><W122/><G122/><T67/><D1/><U45/><E3/><V68/><F68/><W35/><G35/><T132/><D7/><U43/><E43/><V50/><F50/><W29/><G29/><T20/><D20/><U32/><E32/><V88/><F99/><W72/><G62/><T42/><REACH who="0" step="1"/><D132/><REACH who="0" ten="300,166,309,215" step="2"/><U135/><E135/><V131/><F131/><W25/><REACH who="3" step="1"/><G0/><REACH who="3" ten="300,166,309,205" step="2"/><T80/><D80/><U21/><E63/><V65/><F113/><W27/><G27/><T39/><D39/><U18/><REACH who="1" step="1"/><E21/><REACH who="1" ten="300,156,309,205" step="2"/><V55/><F112/><W56/><G56/><T44/><D44/><U91/><E91/><V40/><F88/><W23/><G23/><T129/><D129/><U95/><E95/><V36/><F26/><W8/><G8/><T75/><AGARI ba="0,3" hai="42,46,49,64,66,67,74,75,79,83,86,92,96,102" machi="75" ten="30,7900,0" yaku="1,1,0,1,53,2" doraHai="121" doraHaiUra="107" who="0" fromWho="0" sc="300,109,156,-20,309,-20,205,-39" /><INIT seed="4,0,0,5,1,134" ten="409,136,289,166" oya="0" hai0="47,15,26,9,46,8,104,22,96,49,35,7,3" hai1="4,103,50,63,54,118,64,40,112,79,110,17,94" hai2="52,115,19,119,51,59,11,91,42,6,2,76,101" hai3="82,130,23,55,41,120,60,27,122,69,44,30,18"/><T56/><D104/><U74/><E110/><V5/><F119/><W34/><G130/><T39/><D96/><U75/><E118/><V106/><F115/><W81/><G69/><T121/><D121/><N who="3" m="46697" /><G55/><T128/><D128/><U0/><E40/><V77/><F6/><W10/><G10/><T100/><D100/><U36/><E36/><V37/><F91/><W67/><G60/><T43/><D35/><U99/><E79/><V132/><F132/><W73/><G67/><T107/><D107/><U16/><E112/><V21/><F101/><W28/><G73/><T58/><D8/><U117/><E117/><V1/><F106/><W97/><G97/><T127/><D3/><U80/><E4/><V62/><F37/><N who="3" m="21551" /><G30/><T32/><D47/><U84/><E74/><V98/><F98/><W48/><G48/><T95/><D49/><U131/><E75/><V25/><F2/><W124/><G124/><T13/><D127/><U114/><E0/><V116/><F116/><W133/><G133/><T68/><D68/><U113/><E131/><V20/><F42/><W83/><G83/><T111/><D9/><U129/><E129/><V108/><F108/><W29/><G29/><T65/><D7/><U66/><E114/><V57/><REACH who="2" step="1"/><F21/><REACH who="2" ten="409,136,279,166" step="2"/><W92/><G92/><T93/><D95/><U105/><E94/><V12/><F12/><AGARI ba="0,1" hai="12,18,23,27,28,34,81,82" m="21551,46697" machi="12" ten="30,1000,0" yaku="13,1" doraHai="134" who="3" fromWho="2" sc="409,0,136,0,279,-10,166,20" /><INIT seed="5,0,0,3,0,133" ten="409,136,269,186" oya="1" hai0="112,52,103,87,28,127,29,58,26,12,30,70,124" hai1="49,80,121,14,102,71,105,98,72,129,51,79,38" hai2="104,54,68,67,94,7,11,13,107,123,19,16,59" hai3="23,122,111,50,47,61,5,131,36,8,128,110,40"/><U42/><E129/><N who="3" m="49738" /><G122/><T88/><D112/><U77/><E121/><V114/><F123/><W33/><G33/><T32/><D70/><U113/><E113/><V117/><F117/><W130/><G130/><T55/><D12/><U41/><E71/><V48/><F114/><W24/><G61/><N who="0" m="36039" /><D55/><U39/><E14/><V62/><REACH who="2" step="1"/><F94/><REACH who="2" ten="409,136,259,186" step="2"/><W91/><G111/><T3/><D32/><U100/><E105/><AGARI ba="0,1" hai="7,11,13,16,19,48,54,59,62,67,68,104,105,107" machi="105" ten="40,8000,1" yaku="1,1,2,1,54,1,53,1" doraHai="133" doraHaiUra="9" who="2" fromWho="1" sc="409,0,136,-80,259,90,186,0" /><INIT seed="6,0,0,0,4,21" ten="409,56,349,186" oya="2" hai0="31,75,70,14,102,78,111,131,125,33,107,87,112" hai1="4,55,1,2,28,68,115,84,120,72,22,67,89" hai2="23,122,93,114,134,100,43,40,51,121,96,46,108" hai3="92,49,5,0,64,82,132,52,32,109,101,13,61"/><V95/><F114/><W30/><G0/><T18/><D87/><U129/><E129/><V17/><F134/><W80/><G109/><T60/><D78/><U86/><E72/><V8/><F108/><W97/><G132/><T62/><D14/><U119/><E119/><V91/><F8/><N who="3" m="4239" /><G30/><T7/><D18/><U90/><E115/><V74/><F74/><W34/><G34/><T10/><D131/><U19/><E28/><V116/><F116/><W128/><G32/><T94/><D125/><U44/><E120/><V54/><F122/><W81/><G128/><T126/><D62/><U26/><E67/><V88/><F121/><W24/><G24/><T59/><D94/><U45/><E68/><V6/><F6/><W41/><G41/><N who="2" m="15945" /><F93/><W69/><G69/><T15/><D107/><U103/><E103/><V20/><F20/><W73/><G73/><T98/><D75/><U133/><E133/><V12/><AGARI ba="0,0" hai="12,17,23,46,51,54,88,91,95,96,100" m="15945" machi="12" ten="30,3000,0" yaku="8,1,54,1" doraHai="21" who="2" fromWho="2" sc="409,-10,56,-10,349,30,186,-10" /><INIT seed="6,1,0,1,4,81" ten="399,46,379,176" oya="2" hai0="91,112,104,51,73,82,33,64,52,8,6,78,30" hai1="89,72,24,126,54,69,34,38,102,17,80,62,116" hai2="67,35,9,125,4,122,130,5,26,95,44,70,87" hai3="105,13,132,124,16,106,59,39,36,19,135,110,63"/><V108/><F122/><W41/><G124/><T94/><D104/><N who="3" m="40041" /><G110/><T1/><D112/><U90/><E126/><V127/><F130/><W84/><G84/><T98/><D64/><U86/><E116/><V128/><F128/><W43/><G63/><T114/><D114/><U123/><E123/><V65/><F108/><W131/><G59/><T111/><D111/><U76/><E38/><N who="3" m="14378" /><G131/><T85/><D33/><U96/><E72/><V53/><F5/><W25/><G25/><T77/><D30/><U31/><E17/><N who="3" m="6730" /><G13/><T21/><D21/><U109/><E109/><V50/><F125/><W133/><AGARI ba="1,0" hai="41,43,132,133,135" m="6730,14378,40041" machi="133" ten="40,8000,1" yaku="28,2,20,1,54,1" doraHai="81" who="3" fromWho="3" sc="399,-21,46,-21,379,-41,176,83" /><INIT seed="7,0,0,2,3,100" ten="378,25,338,259" oya="3" hai0="41,12,1,34,13,92,21,57,81,121,9,96,95" hai1="2,54,48,49,66,32,36,109,110,27,62,79,64" hai2="106,59,17,116,134,19,26,46,86,38,8,88,60" hai3="14,15,118,132,40,108,117,76,128,45,10,50,77"/><W101/><G132/><T55/><D121/><U115/><E79/><V47/><F134/><W124/><G124/><T102/><D34/><U103/><E27/><V99/><F116/><W69/><G69/><T35/><D35/><U11/><E11/><V29/><F8/><W113/><G113/><T68/><D68/><U87/><E87/><V18/><F38/><W6/><G128/><T51/><D81/><U43/><E103/><V104/><F99/><W0/><G108/><T89/><D41/><U44/><E2/><V39/><F47/><W31/><G31/><T58/><D21/><U42/><E32/><V133/><F133/><W67/><G67/><T85/><D1/><U28/><E28/><V84/><F84/><W127/><G127/><T125/><D125/><U123/><E123/><V20/><F46/><W4/><G101/><T126/><D126/><U72/><E72/><V112/><F39/><W120/><G120/><T24/><D24/><U56/><E115/><V16/><N who="2" m="4096" /><DORA hai="61" /><V82/><REACH who="2" step="1"/><F112/><REACH who="2" ten="378,25,328,259" step="2"/><W65/><G4/><N who="0" m="3111" /><D13/><U93/><E93/><V63/><F63/><W3/><G3/><T33/><D95/><U94/><E94/><V119/><F119/><N who="3" m="45579" /><G65/><AGARI ba="0,1" hai="20,26,29,59,60,65,82,86,88,104,106" m="4096" machi="65" ten="50,12000,2" yaku="1,1,52,3,54,2,53,0" doraHai="100,61" doraHaiUra="130,75" who="2" fromWho="3" sc="378,0,25,0,328,130,259,-120" owari="378,18.0,25,-47.0,458,55.0,139,-26.0" /></mjloggm>