<mjloggm ver="2.3"><GO type="41"/><UN n0="%77%72%61%74%68%5F%73%73" n1="%E3%82%A6%E3%83%AB%E3%83%88%E3%83%A9%E7%AB%8B%E7%9B%B4" n2="%E3%81%82%E3%81%86%E3%81%84%E3%81%88%E3%83%BC" n3="%6B%61%6E%65%67%6F%6E%33" dan="14,15,13,14" rate="1851,2026,1996,1917" sx="M,F,M,M"/><TAIKYOKU oya="0"/><INIT seed="0,0,0,3,2,34" ten="250,250,250,250" oya="0" hai0="50,37,18,96,57,15,52,66,16,76,70,13,110" hai1="21,0,45,117,114,20,33,118,9,104,122,120,1" hai2="116,4,79,54,47,132,133,101,17,124,39,11,35" hai3="93,32,28,64,36,126,86,98,68,44,46,81,51"/><T123/><D123/><U6/><E45/><V90/><F35/><W31/><G126/><T75/><D37/><U19/><E104/><V99/><F116/><N who="1" m="44649" /><E33/><V73/><F124/><W30/><G68/><T87/><D75/><U3/><E114/><V12/><F90/><W89/><G64/><T82/><D110/><U85/><E85/><V55/><F17/><W129/><G32/><T43/><D43/><U63/><E63/><V134/><F79/><W91/><G36/><T49/><D50/><U8/><E20/><V26/><F73/><W65/><G65/><T128/><D128/><U67/><E67/><V80/><F26/><W103/><G46/><T62/><D96/><U113/><E113/><V42/><REACH who="2" step="1"/><F80/><REACH who="2" ten="250,250,240,250" step="2"/><W23/><G129/><T78/><D76/><U92/><E92/><AGARI ba="0,1" hai="4,11,12,39,42,47,54,55,92,99,101,132,133,134" machi="92" ten="40,8000,1" yaku="1,1,2,1,20,1,53,1" doraHai="34" doraHaiUra="69" who="2" fromWho="1" sc="250,0,250,-80,240,90,250,0" /><INIT seed="1,0,0,4,0,6" ten="250,170,330,250" oya="1" hai0="111,135,38,37,25,128,31,48,11,99,130,119,87" hai1="24,19,97,41,61,116,109,88,77,2,75,5,4" hai2="26,45,55,93,125,9,13,22,7,57,68,20,89" hai3="127,101,49,102,108,105,54,134,44,129,16,32,90"/><U124/><E116/><V65/><F125/><W84/><G32/><T100/><D119/><U12/><E124/><V85/><F45/><W132/><G127/><T21/><D135/><U8/><E109/><V52/><F68/><W115/><G108/><T14/><D111/><U104/><E77/><V76/><F76/><W3/><G3/><T28/><D31/><U126/><E75/><V27/><F65/><W73/><G73/><T34/><D34/><U117/><E117/><V47/><F47/><W110/><G115/><T70/><D70/><U69/><E126/><V131/><F131/><N who="0" m="50218" /><D48/><U33/><E41/><V36/><F36/><W50/><G50/><T23/><D21/><N who="2" m="8298" /><F55/><W80/><G129/><T40/><D87/><U62/><E62/><AGARI ba="0,0" hai="7,9,13,26,27,52,57,62,85,89,93" m="8298" machi="62" ten="30,3900,0" yaku="8,1,52,1,54,1" doraHai="6" who="2" fromWho="1" sc="250,0,170,-39,330,39,250,0" /><INIT seed="2,0,0,5,1,127" ten="250,131,369,250" oya="2" hai0="54,7,3,134,28,53,100,131,2,44,130,32,37" hai1="109,111,133,112,93,116,126,12,135,84,110,62,16" hai2="40,85,4,104,87,92,120,8,76,29,59,19,121" hai3="41,73,80,57,68,10,72,123,71,78,113,45,94"/><V15/><F104/><W0/><G123/><T35/><D100/><U49/><E116/><V1/><F29/><W118/><G73/><T14/><D37/><U13/><E126/><V51/><F85/><W114/><G118/><T65/><D65/><U74/><E74/><V22/><F92/><W107/><G107/><T102/><D102/><U25/><E112/><N who="3" m="43114" /><G57/><T99/><D99/><U48/><E62/><V106/><F106/><W97/><G10/><N who="0" m="4447" /><D44/><U66/><E66/><V117/><F117/><W67/><G67/><T95/><D95/><U98/><E84/><V21/><F87/><W70/><G0/><N who="0" m="43" /><D53/><U89/><E25/><V56/><F76/><W43/><G45/><T63/><D54/><U20/><REACH who="1" step="1"/><E13/><REACH who="1" ten="250,121,369,250" step="2"/><V122/><F120/><W5/><G5/><T18/><D63/><U24/><E24/><V83/><F121/><W6/><G6/><T101/><D134/><AGARI ba="0,1" hai="12,16,20,48,49,89,93,98,109,110,111,133,134,135" machi="134" ten="50,8000,1" yaku="1,1,14,1,20,1,54,1,53,1" doraHai="127" doraHaiUra="11" who="1" fromWho="0" sc="250,-80,121,90,369,0,250,0" /><INIT seed="3,0,0,0,5,95" ten="170,211,369,250" oya="3" hai0="29,98,90,10,38,83,59,82,112,3,63,127,17" hai1="36,54,133,49,85,56,99,66,94,19,27,130,21" hai2="120,113,115,15,61,65,80,91,25,81,58,70,77" hai3="22,35,114,106,46,75,48,28,9,53,14,43,119"/><W72/><G106/><T103/><D38/><U30/><E36/><V123/><F70/><W11/><G119/><T71/><D71/><U69/><E130/><V89/><F25/><W55/><G35/><T108/><D29/><U76/><E133/><V68/><F68/><W110/><G9/><T100/><D103/><U84/><E69/><V74/><F15/><W102/><G102/><T93/><D127/><U37/><E37/><V6/><F6/><W107/><G107/><T52/><D108/><U62/><E76/><V116/><F116/><W92/><G114/><T128/><D112/><U86/><E49/><V118/><F118/><W135/><G135/><T26/><D128/><U8/><E8/><V124/><F124/><W111/><G92/><N who="0" m="58439" /><D3/><U101/><E19/><V31/><F31/><W78/><G78/><T131/><D131/><U23/><E23/><V12/><F12/><W109/><G22/><N who="0" m="13647" /><D10/><U40/><REACH who="1" step="1"/><E40/><REACH who="1" ten="170,201,369,250" step="2"/><V67/><F115/><W18/><G28/><T125/><D125/><U1/><E1/><V122/><F113/><W57/><G43/><T7/><D7/><U88/><E88/><V126/><F126/><W87/><G87/><AGARI ba="0,1" hai="52,59,63,82,83,87,90,93" m="13647,58439" machi="87" ten="30,3900,0" yaku="8,1,52,1,54,1" doraHai="95" who="0" fromWho="3" sc="170,49,201,0,369,0,250,-39" /><INIT seed="4,0,0,3,0,5" ten="219,201,369,211" oya="0" hai0="112,128,30,110,67,43,132,39,28,107,44,2,82" hai1="45,64,29,31,127,83,63,100,37,32,36,48,53" hai2="20,34,98,119,76,90,89,24,4,25,47,8,73" hai3="114,111,126,93,106,27,129,15,12,87,74,85,108"/><T10/><D107/><U102/><E127/><V46/><F119/><W96/><G74/><T60/><D132/><U6/><E37/><V18/><F73/><W130/><G126/><T95/><D128/><N who="3" m="49257" /><G27/><T9/><D112/><U109/><E36/><V103/><F76/><W42/><G42/><T105/><D105/><U13/><E109/><V56/><F34/><W125/><G125/><T115/><D115/><U80/><E32/><V121/><F25/><W91/><G114/><T54/><D110/><N who="3" m="42025" /><G15/><T22/><D2/><U38/><E38/><V1/><F47/><W68/><G68/><T84/><D95/><U134/><E134/><V116/><F46/><W69/><G69/><T58/><D67/><U49/><E29/><V3/><F116/><W50/><G50/><T70/><D70/><U81/><E31/><V133/><F3/><W118/><G118/><T75/><D75/><U33/><E33/><V11/><F133/><W92/><G106/><T51/><D39/><U23/><E49/><V55/><F8/><N who="0" m="3178" /><D22/><U7/><E7/><V88/><F4/><W79/><G92/><T135/><D135/><U65/><E65/><V122/><F1/><W113/><G113/><T124/><D124/><U19/><E6/><V0/><F0/><W86/><G12/><T14/><D14/><U61/><E64/><V66/><F66/><W123/><G123/><T101/><D101/><AGARI ba="0,0" hai="13,19,23,45,48,53,61,63,80,81,83,100,101,102" machi="101" ten="40,1300,0" yaku="8,1" doraHai="5" who="1" fromWho="0" sc="219,-13,201,13,369,0,211,0" /><INIT seed="5,0,0,4,1,112" ten="206,214,369,211" oya="1" hai0="15,60,9,91,1,47,29,36,16,93,73,77,44" hai1="39,75,125,76,133,65,42,118,14,107,3,72,62" hai2="24,35,25,81,128,71,53,103,51,114,108,37,105" hai3="127,89,100,98,26,43,30,4,10,134,20,120,13"/><U58/><E107/><V70/><F108/><W41/><G134/><T54/><D36/><U124/><E3/><V131/><F37/><W55/><G127/><N who="1" m="48714" /><E133/><V12/><F81/><W115/><G115/><T119/><D119/><U52/><E118/><V66/><F114/><W130/><G130/><N who="2" m="49705" /><F35/><W85/><G120/><T110/><D110/><U78/><E42/><V106/><F12/><W101/><G55/><T6/><D29/><U46/><E39/><V23/><F66/><W7/><G7/><T38/><D38/><U80/><E14/><V40/><F40/><W113/><G113/><T33/><D33/><U87/><E76/><V117/><F117/><W135/><G101/><T17/><D17/><U32/><E32/><V86/><F103/><W90/><G90/><T8/><D77/><U122/><E122/><V83/><F106/><W34/><G34/><T84/><D73/><U68/><E46/><N who="2" m="27895" /><F105/><W0/><G0/><T48/><D60/><AGARI ba="0,0" hai="52,58,60,62,65,68,72,75,78,80,87" m="48714" machi="60" ten="30,2900,0" yaku="18,1,54,1" doraHai="112" who="1" fromWho="0" sc="206,-29,214,29,369,0,211,0" /><INIT seed="5,1,0,0,5,103" ten="177,243,369,211" oya="1" hai0="96,119,86,53,27,54,17,9,124,48,0,51,80" hai1="91,90,68,111,3,102,106,31,37,15,4,72,50" hai2="117,107,76,126,84,16,98,13,62,61,7,73,18" hai3="77,99,66,109,85,123,120,95,21,82,12,25,43"/><U87/><E37/><V44/><F117/><W104/><G109/><T79/><D119/><U131/><E3/><V22/><F73/><W39/><G66/><T70/><D70/><U74/><E68/><V34/><F34/><W8/><G43/><T130/><D0/><U55/><E111/><V26/><F126/><W88/><G39/><T29/><D124/><U89/><E31/><V46/><F107/><W35/><G35/><T105/><D130/><U60/><E60/><N who="2" m="23147" /><F98/><W36/><G36/><T30/><D105/><U83/><E131/><V132/><F132/><W78/><G78/><T110/><D110/><U71/><E71/><V127/><F7/><W69/><G69/><T133/><D133/><U10/><E74/><V28/><F127/><W100/><G21/><N who="0" m="13743" /><D96/><U63/><E63/><V49/><F13/><W11/><G25/><T135/><D135/><U75/><E75/><V14/><F14/><W113/><G113/><T122/><D122/><U40/><E72/><V108/><F108/><W41/><G41/><T114/><D114/><U52/><E40/><N who="2" m="24711" /><F46/><W59/><G59/><N who="0" m="33191" /><D9/><U65/><E65/><V129/><F129/><W19/><REACH who="3" step="1"/><G8/><REACH who="3" ten="177,243,369,201" step="2"/><T57/><AGARI ba="1,1" hai="29,30,51,54,57,79,80,86" m="33191,13743" machi="57" ten="30,1100,0" yaku="8,1" doraHai="103" who="0" fromWho="0" sc="177,24,243,-6,369,-4,201,-4" /><INIT seed="6,0,0,2,2,66" ten="201,237,365,197" oya="2" hai0="127,2,103,8,133,82,111,54,75,86,51,58,30" hai1="121,34,113,91,109,59,107,55,18,117,73,65,11" hai2="17,56,88,5,40,13,46,63,27,4,38,124,43" hai3="32,26,92,28,52,62,106,77,20,53,36,134,69"/><V120/><F120/><W12/><G36/><T33/><D111/><U105/><E65/><V3/><F3/><W87/><G106/><N who="1" m="40458" /><E18/><V42/><F124/><W16/><G134/><T116/><D75/><U129/><E11/><N who="2" m="6335" /><F38/><W96/><G62/><T99/><D127/><U1/><E55/><N who="2" m="34207" /><F46/><W122/><G69/><T22/><D133/><U81/><E91/><V89/><F27/><W57/><G122/><T35/><D116/><U84/><E81/><V21/><F21/><W50/><G53/><T6/><D22/><U60/><E84/><V125/><F125/><W80/><G96/><T31/><D33/><U74/><E59/><V15/><F15/><W78/><REACH who="3" step="1"/><G92/><REACH who="3" ten="201,237,365,187" step="2"/><T24/><D35/><U64/><E60/><V130/><F130/><W23/><G23/><T118/><D118/><U14/><E34/><V98/><F98/><W29/><G29/><T85/><D30/><U45/><E121/><V119/><F119/><W37/><G37/><T126/><D126/><U44/><E117/><V97/><F97/><W102/><G102/><T112/><D31/><U114/><E129/><V72/><F72/><W101/><G101/><T95/><D82/><U48/><E74/><V83/><F83/><W39/><G39/><T135/><D135/><U90/><E73/><V76/><F76/><AGARI ba="0,1" hai="12,16,20,26,28,32,50,52,57,76,77,78,80,87" machi="76" ten="30,7700,0" yaku="1,1,7,1,54,2,53,0" doraHai="66" doraHaiUra="93" who="3" fromWho="2" sc="201,0,237,0,365,-77,187,87" /><INIT seed="7,0,0,1,2,114" ten="201,237,288,274" oya="3" hai0="65,62,55,34,49,86,96,93,122,111,15,130,101" hai1="81,91,98,14,74,48,20,118,90,123,44,121,113" hai2="8,61,69,46,132,134,54,115,5,116,108,52,35" hai3="78,71,7,110,112,28,0,17,40,75,129,66,94"/><W16/><G112/><T133/><D111/><U22/><E113/><V50/><F35/><W79/><G28/><T41/><D122/><U43/><E121/><V38/><F108/><W102/><G110/><T124/><D34/><U47/><E123/><V92/><F115/><W120/><G120/><T126/><D41/><U12/><E74/><V97/><F116/><W127/><G40/><T125/><D133/><N who="2" m="51306" /><F38/><W99/><G129/><T119/><D130/><U23/><E47/><V135/><F135/><W4/><G127/><T21/><D119/><U87/><E118/><V29/><F29/><W37/><G37/><T107/><D86/><U67/><E67/><N who="2" m="41199" /><F97/><W3/><G66/><T31/><D107/><U56/><E56/><V25/><F25/><W36/><G36/><T131/><D131/><U11/><E98/><V105/><F105/><W24/><G71/><N who="0" m="42423" /><D31/><U85/><REACH who="1" step="1"/><E11/><REACH who="1" ten="201,227,288,274" step="2"/><V63/><F8/><W1/><G75/><T33/><D33/><U6/><E6/><V84/><F5/><W117/><G7/><T19/><D55/><U39/><E39/><V103/><F54/><W82/><G4/><T77/><D77/><U45/><E45/><V76/><F76/><W100/><G79/><T60/><D60/><U68/><E68/><V64/><F63/><W18/><G117/><T9/><D49/><U106/><E106/><V83/><F46/><W59/><G59/><T72/><D72/><U32/><E32/><V10/><F50/><W128/><G128/><T70/><D70/><U51/><E51/><V53/><F10/><AGARI ba="0,1" hai="9,10,15,19,21,93,96,101,124,125,126" m="42423" machi="10" ten="30,1000,0" yaku="18,1" doraHai="114" who="0" fromWho="2" sc="201,20,227,0,288,-10,274,0" /><INIT seed="8,0,0,0,3,48" ten="221,227,278,274" oya="0" hai0="35,83,60,10,14,74,11,102,94,19,134,87,21" hai1="109,27,121,3,0,126,100,81,98,25,26,7,127" hai2="75,39,28,55,34,63,124,68,82,122,40,2,131" hai3="103,84,89,23,117,9,88,29,69,72,108,130,125"/><T104/><D35/><U135/><E121/><V105/><RYUUKYOKU type="yao9" ba="0,0" sc="221,0,227,0,278,0,274,0" hai2="2,28,34,39,40,55,63,68,75,82,105,122,124,131" /><INIT seed="8,1,0,3,5,80" ten="221,227,278,274" oya="0" hai0="91,125,25,32,94,103,3,86,41,70,90,123,107" hai1="40,33,46,83,55,51,77,53,100,64,120,134,30" hai2="59,1,119,87,17,7,79,61,6,132,34,73,116" hai3="5,35,131,42,36,29,113,26,68,50,57,108,88"/><T93/><D123/><U97/><E120/><V23/><F34/><W24/><G68/><T11/><D70/><U130/><E130/><V81/><F73/><W43/><G131/><T111/><D41/><U69/><E134/><V9/><F132/><W75/><G75/><T12/><D3/><U106/><E83/><V19/><F7/><W21/><G5/><T15/><D125/><U82/><E82/><V0/><F0/><W78/><G78/><T95/><D111/><U118/><E77/><V115/><F115/><W67/><G113/><T71/><D71/><U121/><E121/><V60/><F23/><W13/><G13/><T62/><D107/><U14/><E14/><V52/><F61/><W74/><G74/><T49/><D62/><N who="1" m="40087" /><E118/><AGARI ba="1,0" hai="1,6,9,17,19,52,59,60,79,81,87,116,118,119" machi="118" ten="40,8000,1" yaku="16,1,12,1,52,1,54,1" doraHai="80" who="2" fromWho="1" sc="221,0,227,-83,278,83,274,0" owari="221,-18.0,144,-36.0,361,47.0,274,7.0" /></mjloggm>