<mjloggm ver="2.3"><GO type="41"/><UN n0="%E3%82%B3%E3%82%BF%E3%83%84%E7%8A%AC" n1="%62%61%64%6F%62%61%6C%6C" n2="%E5%B0%8F%E6%B1%9F%E6%88%B8%E3%81%AE%E3%83%96%E3%83%A9%E3%83%94" n3="%EF%BC%88%E2%89%A7%E2%96%BD%E2%89%A6%EF%BC%89" dan="13,14,16,15" rate="1905,1939,2052,2031" sx="M,M,M,M"/><TAIKYOKU oya="0"/><INIT seed="0,0,0,4,1,49" ten="250,250,250,250" oya="0" hai0="20,7,134,83,30,124,79,111,98,90,35,66,18" hai1="58,105,57,39,55,65,54,47,122,81,68,67,77" hai2="33,70,102,106,32,82,89,120,53,6,109,114,123" hai3="63,14,27,28,43,74,23,29,4,40,42,69,129"/><T126/><D134/><U2/><E105/><V50/><F114/><W64/><G129/><T121/><D121/><U19/><E2/><V10/><F70/><W128/><G128/><T130/><D130/><U135/><E122/><V72/><F109/><W38/><G74/><T80/><D7/><U24/><E135/><V112/><F112/><W133/><G133/><T113/><D113/><U51/><E68/><V88/><F123/><W16/><REACH who="3" step="1"/><G38/><REACH who="3" ten="250,250,250,240" step="2"/><T59/><D111/><U76/><E39/><V92/><F120/><W12/><G12/><T104/><D126/><U100/><E100/><V13/><F106/><W26/><G26/><T25/><D124/><U99/><E99/><N who="2" m="59751" /><F72/><W71/><G71/><T34/><D104/><U84/><E76/><V97/><F33/><W60/><G60/><T31/><D98/><U73/><E73/><V8/><F32/><W17/><G17/><T61/><D35/><U85/><E85/><N who="2" m="50231" /><F13/><W1/><G1/><T0/><D0/><U86/><E86/><V107/><F107/><W132/><G132/><T116/><D34/><U78/><E19/><V117/><F117/><W46/><G46/><T52/><D116/><U87/><E24/><V3/><F3/><W118/><G118/><T93/><D31/><U9/><E47/><N who="2" m="27871" /><F6/><W44/><G44/><T127/><D30/><U22/><E77/><V56/><F56/><W45/><G45/><T11/><D79/><U62/><E78/><V36/><F36/><W96/><G96/><T131/><D131/><U94/><E87/><V41/><F41/><W103/><G103/><T91/><D18/><RYUUKYOKU ba="0,1" sc="250,-15,250,-15,250,15,240,15" hai2="8,10,89,97" hai3="4,14,16,23,27,28,29,40,42,43,63,64,69" /><INIT seed="1,1,1,3,5,134" ten="235,235,265,255" oya="1" hai0="18,120,103,105,97,78,125,37,23,69,40,2,108" hai1="74,90,17,128,62,15,41,30,53,0,68,135,71" hai2="61,98,49,77,130,47,27,35,48,104,95,54,92" hai3="20,86,33,25,75,117,22,39,10,51,107,99,118"/><U31/><E0/><V43/><F130/><W102/><G39/><T28/><D120/><U42/><E74/><V12/><F77/><W60/><G75/><T73/><D108/><U45/><E128/><V87/><F104/><W36/><G36/><T82/><D28/><U91/><E135/><V14/><F35/><W55/><G60/><T13/><D69/><U113/><E113/><V94/><F61/><W122/><G122/><T81/><D81/><U131/><E131/><V1/><F1/><W65/><G65/><T114/><D114/><U106/><E106/><V109/><F27/><W129/><G129/><T80/><D80/><U123/><E123/><V26/><F26/><W85/><G33/><T58/><D58/><N who="1" m="35151" /><E68/><V9/><F109/><W34/><G10/><T6/><D6/><U132/><E71/><V126/><F87/><N who="3" m="33291" /><G25/><T124/><REACH who="0" step="1"/><D2/><REACH who="0" ten="225,235,265,255" step="2"/><U67/><E132/><V4/><F98/><W59/><G34/><T50/><D50/><U70/><E30/><V57/><REACH who="2" step="1"/><F12/><REACH who="2" ten="225,235,255,255" step="2"/><W112/><G112/><T5/><D5/><U29/><E15/><V52/><F52/><W76/><G76/><T133/><D133/><U83/><E31/><V100/><F100/><W116/><AGARI ba="1,3" hai="20,22,51,55,59,99,102,107,116,117,118" m="33291" machi="116" ten="40,1500,0" yaku="12,1" doraHai="134" who="3" fromWho="3" sc="225,-5,235,-8,255,-5,255,48" /><INIT seed="2,0,0,4,5,60" ten="220,227,250,303" oya="2" hai0="51,66,18,89,134,110,64,42,17,104,70,76,61" hai1="34,83,24,101,126,33,119,32,4,97,48,30,88" hai2="22,21,92,85,118,54,43,95,9,71,90,106,10" hai3="7,108,127,50,135,77,123,94,121,41,120,73,52"/><V81/><F106/><W39/><G108/><T109/><D110/><U20/><E119/><V117/><F71/><W124/><G135/><T65/><D134/><U58/><E126/><N who="3" m="48170" /><G7/><T93/><D109/><U100/><E4/><V79/><F43/><W0/><G0/><T107/><D76/><U75/><E75/><V38/><F38/><W74/><G77/><T19/><D70/><U82/><E82/><V11/><F54/><W102/><G39/><T47/><REACH who="0" step="1"/><D61/><REACH who="0" ten="210,227,250,303" step="2"/><U84/><E97/><AGARI ba="0,1" hai="17,18,19,42,47,51,64,65,66,89,93,97,104,107" machi="97" ten="40,8000,1" yaku="1,1,2,1,52,3,53,0" doraHai="60" doraHaiUra="16" who="0" fromWho="1" sc="210,90,227,-80,250,0,303,0" /><INIT seed="3,0,0,1,2,124" ten="300,147,250,303" oya="3" hai0="66,18,77,101,29,38,109,12,39,129,86,127,16" hai1="88,34,37,11,26,72,21,112,62,54,114,134,82" hai2="125,30,61,43,110,36,14,6,130,128,48,31,98" hai3="100,69,56,93,96,23,4,118,105,2,108,123,28"/><W111/><G123/><T22/><D127/><U135/><E37/><V20/><F36/><W84/><G118/><T117/><D117/><U60/><E34/><V68/><F125/><W122/><G69/><T65/><D109/><N who="3" m="42057" /><G122/><T13/><D29/><U131/><E11/><N who="2" m="4471" /><F110/><W115/><G115/><T32/><D32/><U5/><E5/><V57/><F68/><W73/><G73/><T51/><D101/><U27/><E72/><V0/><F0/><W1/><G56/><T81/><D39/><U46/><E62/><V133/><F133/><N who="1" m="50697" /><E131/><N who="2" m="50219" /><F98/><W19/><G4/><T99/><D99/><U10/><E10/><V91/><F91/><N who="3" m="53479" /><G28/><T89/><D38/><U83/><E83/><V17/><F43/><W104/><G105/><T70/><D70/><U116/><E116/><V106/><F106/><W35/><G35/><T44/><D89/><U55/><E88/><V33/><F33/><W95/><G104/><T76/><D129/><U97/><E82/><V121/><F121/><W87/><G87/><T9/><D76/><U3/><E97/><V113/><F113/><W80/><G80/><T119/><D119/><U74/><E3/><V49/><F31/><W52/><G2/><T42/><AGARI ba="0,0" hai="9,12,13,16,18,22,42,44,51,65,66,77,81,86" machi="42" ten="20,5200,0" yaku="0,1,7,1,8,1,54,1" doraHai="124" who="0" fromWho="0" sc="300,52,147,-13,250,-13,303,-26" /><INIT seed="4,0,0,4,3,84" ten="352,134,237,277" oya="0" hai0="12,9,39,68,51,41,23,22,116,82,30,13,114" hai1="133,3,106,129,40,2,110,113,115,10,43,44,90" hai2="85,5,27,42,45,35,125,78,71,126,25,103,38" hai3="107,33,121,83,76,55,7,91,64,131,63,108,28"/><T81/><D116/><U135/><E110/><V66/><F85/><W101/><G108/><T11/><D68/><U49/><E43/><V36/><F36/><W97/><G121/><T100/><D39/><U92/><E106/><V61/><F25/><N who="3" m="18575" /><G131/><T109/><D109/><U60/><E60/><V72/><F5/><W98/><G55/><T37/><D37/><U56/><E56/><V0/><F0/><W88/><G98/><T86/><D100/><U54/><E40/><V128/><F128/><W46/><G46/><T14/><D114/><N who="1" m="43531" /><E129/><V130/><F130/><W26/><G26/><T104/><D104/><U118/><E118/><V93/><F93/><W127/><G127/><T47/><D81/><U19/><E19/><V99/><F78/><W73/><G7/><T119/><D119/><U79/><E79/><V96/><F96/><W59/><G59/><T16/><D30/><U105/><E105/><N who="2" m="63743" /><F72/><W69/><AGARI ba="0,0" hai="63,64,69,73,76,83,88,91,97,101,107" m="18575" machi="69" ten="30,7900,0" yaku="25,1,52,2,54,1" doraHai="84" who="3" fromWho="3" sc="352,-39,134,-20,237,-20,277,79" /><INIT seed="5,0,0,3,5,19" ten="313,114,217,356" oya="1" hai0="7,104,58,93,127,115,95,87,125,112,123,15,99" hai1="72,14,88,92,20,53,109,30,107,2,57,5,79" hai2="101,36,91,1,106,96,110,33,71,77,111,73,0" hai3="10,22,103,4,25,85,68,66,62,54,132,34,86"/><U50/><E107/><V39/><F91/><W89/><G132/><T29/><D29/><U129/><E129/><V52/><F52/><W94/><G103/><N who="0" m="62591" /><D58/><U98/><E109/><V43/><F111/><W133/><G133/><T16/><D7/><U65/><E65/><V3/><F110/><W97/><G54/><T78/><D123/><U51/><E2/><V8/><F71/><W23/><G34/><T126/><D78/><U84/><E72/><V9/><F33/><W81/><G25/><T42/><D42/><U44/><E5/><V69/><F69/><W90/><REACH who="3" step="1"/><G97/><REACH who="3" ten="313,114,217,346" step="2"/><T46/><D87/><U128/><E128/><V41/><F41/><W108/><G108/><T75/><D75/><U105/><E105/><V45/><F39/><W47/><G47/><T114/><D46/><U70/><E70/><V116/><F116/><W130/><G130/><T124/><D124/><U28/><E79/><V61/><F61/><W31/><G31/><T40/><D40/><N who="1" m="24839" /><E98/><V17/><F17/><AGARI ba="0,1" hai="14,17,20,28,30,51,53,57,84,88,92" m="24839" machi="17" ten="30,11600,0" yaku="25,1,8,1,52,1,54,1" doraHai="19" who="1" fromWho="2" sc="313,0,114,126,217,-116,346,0" /><INIT seed="5,1,0,0,3,130" ten="313,240,101,346" oya="1" hai0="95,127,102,133,99,67,10,125,83,52,114,55,91" hai1="40,117,75,0,13,49,129,92,33,111,20,134,90" hai2="98,45,39,43,63,68,5,78,123,42,79,128,120" hai3="1,126,4,105,41,93,62,32,37,60,80,107,110"/><U59/><E117/><V76/><F128/><W84/><G110/><T119/><D119/><U66/><E129/><V47/><F98/><W135/><G32/><T27/><D114/><U100/><E111/><V86/><F5/><W35/><G35/><T22/><D67/><U106/><E75/><V112/><F112/><W122/><G122/><T87/><D10/><U53/><E0/><V61/><F86/><W6/><G126/><N who="0" m="48139" /><D133/><U58/><E33/><V16/><F16/><AGARI ba="1,0" hai="16,22,27,52,55,83,87,91,95,99,102" m="48139" machi="16" ten="30,3900,0" yaku="18,1,54,2" doraHai="130" who="0" fromWho="2" sc="313,42,240,0,101,-42,346,0" /><INIT seed="6,0,0,3,2,70" ten="355,240,59,346" oya="2" hai0="125,113,98,49,7,27,95,44,120,99,37,42,60" hai1="52,61,16,6,90,22,58,81,39,123,72,124,89" hai2="84,69,31,29,117,11,24,93,109,65,54,12,112" hai3="103,15,133,92,83,87,57,96,118,17,122,41,4"/><V38/><F117/><W20/><G118/><T115/><D120/><U68/><E68/><V88/><F109/><W106/><G133/><T50/><D125/><U10/><E124/><V46/><F112/><N who="0" m="43082" /><D7/><U86/><E123/><V100/><F100/><W104/><G122/><T110/><D110/><U51/><E72/><V71/><F65/><W47/><G57/><T80/><D60/><U2/><E39/><V18/><F31/><W3/><G3/><T55/><D80/><U91/><REACH who="1" step="1"/><E61/><REACH who="1" ten="355,230,59,346" step="2"/><V8/><F8/><W25/><G106/><T127/><D127/><U129/><E129/><V26/><F26/><AGARI ba="0,1" hai="2,6,10,16,22,26,51,52,58,81,86,89,90,91" machi="26" ten="30,8000,1" yaku="1,1,7,1,54,2,53,1" doraHai="70" doraHaiUra="48" who="1" fromWho="2" sc="355,0,230,90,59,-80,346,0" owari="355,45.0,320,-8.0,-21,-52.0,346,15.0" /></mjloggm>