<mjloggm ver="2.3"><GO type="41"/><UN n0="%E3%81%B6%E3%81%9F%EF%BC%A0%E3%81%A1%E3%82%85%E3%81%86" n1="%73%68%69%73%73%6F%75" n2="%E3%82%A6%E3%83%AB%E3%83%88%E3%83%A9%E7%AB%8B%E7%9B%B4" n3="%E5%B9%B3%E4%BA%95%EF%BC%96%EF%BC%92%EF%BC%96" dan="16,15,15,13" rate="2156,1964,2020,1843" sx="M,M,F,M"/><TAIKYOKU oya="0"/><INIT seed="0,0,0,1,5,74" ten="250,250,250,250" oya="0" hai0="128,80,73,32,13,100,8,88,55,57,95,125,15" hai1="56,3,17,20,122,49,53,46,35,77,99,6,93" hai2="0,98,30,90,131,117,28,118,58,59,119,67,27" hai3="34,21,64,54,75,66,127,29,39,12,104,23,83"/><T38/><D32/><U50/><E122/><V113/><F113/><W134/><G104/><T111/><D38/><U69/><E35/><V40/><F0/><W65/><G39/><T5/><D125/><U124/><E69/><V47/><F131/><W81/><G127/><T31/><D128/><U84/><E124/><V112/><F112/><W16/><G34/><T85/><D31/><N who="2" m="11818" /><F27/><W42/><G75/><T51/><D111/><U4/><E3/><V68/><F68/><W70/><G70/><T94/><D73/><U129/><E129/><V135/><F67/><W72/><G72/><T130/><D130/><U60/><E84/><V86/><F98/><W109/><G109/><T41/><D41/><N who="1" m="24783" /><E77/><V10/><F10/><W96/><G134/><T25/><D25/><N who="1" m="14479" /><E50/><N who="2" m="26983" /><F135/><W126/><G42/><T33/><D33/><U79/><E79/><V22/><F22/><W133/><G126/><T108/><D108/><U87/><E87/><V36/><F36/><W132/><G133/><T63/><D15/><U114/><E114/><V7/><F7/><W103/><G132/><T2/><D2/><U106/><E106/><V14/><F14/><W78/><G81/><AGARI ba="0,0" hai="58,59,81,86,90,117,118,119" m="26983,11818" machi="81" ten="30,1000,0" yaku="12,1" doraHai="74" who="2" fromWho="3" sc="250,0,250,0,250,10,250,-10" /><INIT seed="1,0,0,5,1,118" ten="250,250,260,240" oya="1" hai0="85,8,80,127,90,121,59,86,27,45,87,0,97" hai1="50,112,31,99,75,65,26,98,68,51,3,125,17" hai2="11,92,94,66,105,35,32,29,38,34,2,70,5" hai3="47,10,74,131,19,81,43,7,48,82,130,44,71"/><U73/><E3/><V122/><F94/><W42/><G71/><T53/><D127/><U119/><E119/><V123/><F92/><W126/><G126/><T40/><D97/><U111/><E125/><V12/><F105/><W83/><G74/><T63/><D27/><U117/><E112/><V37/><F29/><W124/><G19/><T113/><D113/><U4/><E117/><V104/><F104/><W61/><G61/><T91/><D121/><N who="2" m="46090" /><F12/><W30/><G30/><T15/><D0/><U128/><E75/><V93/><F93/><W55/><G55/><T60/><D60/><AGARI ba="0,0" hai="2,5,11,32,34,35,37,38,60,66,70" m="46090" machi="60" ten="40,8000,1" yaku="23,1,52,3" doraHai="118" who="2" fromWho="0" sc="250,-80,250,0,260,80,240,0" /><INIT seed="2,0,0,0,2,2" ten="170,250,340,240" oya="2" hai0="117,107,50,58,113,127,128,102,12,9,55,28,96" hai1="87,125,135,84,92,27,132,48,74,69,54,6,51" hai2="22,122,88,13,81,105,110,63,3,7,78,99,5" hai3="41,116,1,46,37,21,53,29,64,79,91,90,109"/><V97/><F122/><W86/><G116/><T72/><D113/><U40/><E74/><V103/><F110/><W11/><G109/><T45/><D72/><U134/><E69/><V33/><F33/><W73/><G64/><T20/><D117/><U80/><E125/><V112/><F112/><W83/><G91/><T115/><D127/><U8/><E27/><V108/><F108/><W56/><G29/><T68/><D68/><U89/><E40/><V133/><F133/><W101/><G21/><T129/><D115/><U76/><REACH who="1" step="1"/><E54/><REACH who="1" ten="170,240,340,240" step="2"/><V31/><F31/><W62/><G101/><T124/><D124/><U14/><AGARI ba="0,1" hai="6,8,14,48,51,76,80,84,87,89,92,132,134,135" machi="14" ten="30,8000,1" yaku="1,1,2,1,0,1,20,1,52,1,53,0" doraHai="2" doraHaiUra="23" who="1" fromWho="1" sc="170,-20,240,90,340,-40,240,-20" /><INIT seed="3,0,0,5,3,105" ten="150,330,300,220" oya="3" hai0="3,28,133,85,111,40,56,86,126,31,52,7,121" hai1="10,91,45,22,15,14,87,62,39,25,0,46,17" hai2="26,73,20,120,68,29,34,134,95,54,79,16,78" hai3="8,65,97,82,53,125,23,71,74,135,89,101,84"/><W108/><G74/><T18/><D121/><U42/><E62/><V67/><F120/><W117/><G117/><T130/><D40/><U115/><E115/><V63/><F134/><W92/><G135/><T127/><D133/><U107/><E107/><V57/><F95/><W77/><G125/><N who="0" m="47627" /><D18/><U61/><E61/><V21/><F34/><W123/><G123/><T1/><D130/><U118/><E118/><V12/><F73/><W2/><G108/><T64/><D64/><U9/><E45/><V24/><F12/><W13/><G71/><T129/><D129/><U72/><E72/><V132/><F132/><W110/><G2/><N who="0" m="523" /><D7/><U60/><E60/><AGARI ba="0,0" hai="16,20,21,24,26,29,54,57,60,63,67,68,78,79" machi="60" ten="30,2000,0" yaku="7,1,54,1" doraHai="105" who="2" fromWho="1" sc="150,0,330,-20,300,20,220,0" /><INIT seed="4,0,0,1,5,60" ten="150,310,320,220" oya="0" hai0="43,120,113,12,56,70,134,39,33,54,95,5,58" hai1="80,38,71,85,59,130,84,50,0,123,55,4,1" hai2="135,2,64,115,45,78,89,24,69,72,27,112,68" hai3="83,16,49,26,31,108,119,104,3,93,97,57,6"/><T117/><D33/><U44/><E123/><V101/><F2/><W20/><G119/><T106/><D106/><U94/><E71/><V127/><F78/><W121/><G108/><T75/><D75/><U126/><E126/><V102/><F72/><W124/><G121/><T79/><D70/><U118/><E118/><V22/><F127/><W13/><G124/><T90/><D120/><U109/><E109/><V9/><F9/><N who="3" m="2271" /><G104/><T131/><D79/><U61/><E38/><V87/><F45/><W74/><G83/><T52/><D117/><U99/><E130/><V73/><F73/><W42/><G74/><T77/><D77/><U18/><E18/><V82/><F135/><W48/><G42/><T53/><D134/><U15/><E0/><V25/><F22/><W40/><G40/><T17/><D5/><U10/><E1/><V29/><F29/><W37/><G37/><T86/><D131/><U21/><E21/><V114/><F69/><W125/><G57/><T110/><D110/><U63/><E80/><V41/><F41/><W11/><G11/><T34/><D34/><U76/><E61/><AGARI ba="0,0" hai="24,25,27,61,64,68,82,87,89,101,102,112,114,115" machi="61" ten="50,3200,0" yaku="15,1,52,1" doraHai="60" who="2" fromWho="1" sc="150,0,310,-32,320,32,220,0" /><INIT seed="5,0,0,2,3,69" ten="150,278,352,220" oya="1" hai0="56,20,15,130,31,19,101,68,83,86,50,49,37" hai1="14,74,53,119,35,26,75,17,55,106,65,33,96" hai2="80,98,5,94,7,63,95,85,110,61,134,41,21" hai3="107,72,81,109,82,1,11,102,47,42,48,97,104"/><U60/><E119/><V114/><F110/><W89/><G109/><T2/><D68/><N who="1" m="42023" /><E74/><V71/><F71/><W132/><G107/><T44/><D2/><U78/><E33/><V9/><F95/><W127/><G132/><T93/><D130/><U18/><E75/><V99/><F134/><W125/><G11/><T108/><D108/><U126/><E126/><N who="3" m="48138" /><G1/><T8/><D37/><U91/><E91/><V133/><F133/><W120/><G120/><T111/><D111/><U62/><E78/><V16/><F41/><W29/><G29/><T124/><D124/><U3/><E3/><V135/><F135/><W39/><G72/><T40/><D101/><N who="1" m="62759" /><E62/><V121/><F121/><W43/><G89/><T34/><D34/><U24/><E24/><V103/><F99/><W128/><G128/><T38/><D93/><U59/><E59/><V22/><F22/><W6/><G6/><T64/><D64/><U117/><E117/><V90/><F7/><W118/><G118/><T66/><D56/><U51/><E51/><V105/><F105/><W45/><AGARI ba="0,0" hai="39,42,43,45,47,48,81,82,97,102,104" m="48138" machi="45" ten="30,2000,0" yaku="18,1,52,1" doraHai="69" who="3" fromWho="3" sc="150,-5,278,-10,352,-5,220,20" /><INIT seed="6,0,0,4,2,87" ten="145,268,347,240" oya="2" hai0="121,31,70,41,2,107,55,37,72,95,133,35,105" hai1="81,78,48,45,68,96,129,97,1,47,57,85,112" hai2="83,50,104,123,99,93,23,65,53,43,64,134,89" hai3="13,77,29,42,124,63,108,84,24,17,122,101,8"/><V132/><F123/><W56/><G122/><T76/><D121/><U61/><E68/><V116/><F116/><W40/><G108/><T21/><D21/><U15/><E1/><V73/><F43/><W0/><G124/><T52/><D133/><N who="2" m="51306" /><F104/><W120/><G0/><T111/><D111/><U25/><E129/><V32/><F32/><W20/><G101/><T126/><D126/><U100/><E112/><V27/><F83/><N who="3" m="47215" /><G120/><T28/><D95/><N who="1" m="58399" /><E97/><V44/><F73/><W135/><G135/><T30/><D35/><U67/><E25/><V51/><F51/><W69/><G69/><T6/><D70/><U58/><E15/><V79/><F79/><W3/><G3/><T59/><D55/><AGARI ba="0,0" hai="45,47,48,55,57,58,61,67,78,81,85" m="58399" machi="55" ten="30,1000,0" yaku="8,1" doraHai="87" who="1" fromWho="0" sc="145,-10,268,10,347,0,240,0" /><AGARI ba="0,0" hai="8,13,17,20,24,29,40,42,55,56,63" m="47215" machi="55" ten="30,1000,0" yaku="8,1" doraHai="87" who="3" fromWho="0" sc="135,-10,278,0,347,0,240,10" /><INIT seed="7,0,0,4,0,6" ten="125,278,347,250" oya="3" hai0="0,47,99,24,32,113,74,106,112,131,31,134,97" hai1="4,26,70,38,55,39,88,64,56,36,84,91,8" hai2="63,122,40,125,95,80,10,51,128,90,42,105,103" hai3="3,133,114,50,104,87,21,62,73,77,130,93,72"/><W132/><G130/><T11/><D97/><U46/><E26/><V18/><F105/><W22/><G3/><T13/><D47/><U9/><E4/><V65/><F125/><W34/><G104/><T14/><D74/><U12/><E12/><N who="2" m="7447" /><F128/><W110/><G34/><T120/><D99/><U44/><E70/><V82/><F103/><W20/><G114/><N who="0" m="44139" /><D106/><U27/><E27/><V29/><F29/><W19/><G19/><N who="0" m="8639" /><D120/><U78/><E64/><V48/><F122/><W79/><G110/><T69/><D131/><U30/><E78/><V43/><F63/><W107/><G107/><T85/><D69/><U52/><E30/><V76/><F65/><W66/><G50/><N who="2" m="18985" /><F76/><N who="3" m="29259" /><G93/><T68/><D85/><AGARI ba="0,0" hai="40,42,43,80,82,85,90,95" m="18985,7447" machi="85" ten="30,2000,0" yaku="8,1,52,1" doraHai="6" who="2" fromWho="0" sc="125,-20,278,0,347,20,250,0" owari="105,-39.0,278,8.0,367,46.0,250,-15.0" /></mjloggm>