<mjloggm ver="2.3"><GO type="41"/><UN n0="%E3%82%B1%E3%83%84%E5%B1%B1%E3%81%99%E3%81%9F%E3%81%81%CF%89" n1="%E5%95%8F%E9%A1%8C%E7%84%A1%E3%81%84%E3%81%8B%E3%82%89" n2="%E3%82%A6%E3%83%AB%E3%83%88%E3%83%A9%E7%AB%8B%E7%9B%B4" n3="%E3%81%8B%E3%81%95%E3%81%BD%E3%82%93" dan="14,16,15,13" rate="1879,2024,2006,1889" sx="M,M,M,M"/><TAIKYOKU oya="0"/><INIT seed="0,0,0,5,1,106" ten="250,250,250,250" oya="0" hai0="17,123,65,60,104,121,120,70,97,28,2,92,81" hai1="130,95,72,22,126,34,64,125,9,93,109,41,53" hai2="33,119,63,131,57,15,87,62,73,96,24,13,18" hai3="42,54,127,6,83,35,37,128,27,129,112,14,21"/><T4/><D104/><U86/><E34/><V52/><F131/><W8/><G37/><T30/><D17/><U56/><E64/><V7/><F119/><W55/><G42/><T76/><D4/><U74/><E41/><V98/><F73/><N who="1" m="28265" /><E9/><N who="2" m="4287" /><F33/><W68/><G68/><T115/><D2/><U11/><E11/><N who="2" m="6527" /><F24/><W47/><G47/><T40/><D40/><U0/><E0/><V12/><F87/><W103/><G55/><T3/><D3/><U46/><E46/><V51/><F12/><W100/><G54/><T1/><D1/><U132/><E130/><V58/><F58/><W135/><G35/><T29/><D115/><U48/><E132/><V118/><F118/><W20/><G135/><T84/><REACH who="0" step="1"/><D29/><REACH who="0" step="2"/><U16/><E109/><V71/><F71/><W107/><G129/><T80/><D80/><U78/><E78/><V117/><F117/><W75/><G83/><T94/><D94/><U38/><E38/><V102/><F102/><AGARI ba="0,1" hai="28,30,60,65,70,76,81,84,92,97,102,120,121,123" machi="102" ten="40,2000,0" yaku="1,1,53,0" doraHai="106" doraHaiUra="122" who="0" fromWho="2" sc="240,30,250,0,250,-20,250,0" /><INIT seed="0,1,0,1,5,75" ten="270,250,230,250" oya="0" hai0="55,25,54,22,36,77,111,38,52,68,95,66,134" hai1="43,50,13,33,108,40,12,21,131,82,128,127,124" hai2="15,126,17,7,46,24,106,123,3,115,110,60,96" hai3="23,79,109,135,116,11,63,72,16,41,2,57,125"/><T61/><D134/><U44/><E33/><V37/><F123/><W30/><G116/><T132/><D132/><U120/><E120/><V0/><F115/><W130/><G135/><T119/><D119/><U58/><E108/><V71/><F110/><W83/><G109/><T18/><D111/><U74/><E43/><V47/><F126/><N who="1" m="48169" /><E58/><V1/><F7/><W99/><G125/><T45/><D45/><U101/><E101/><V29/><F37/><W129/><G41/><T65/><D66/><U10/><E21/><V8/><F106/><W64/><G99/><T9/><D9/><U80/><E13/><V105/><F105/><W118/><G118/><T34/><D34/><U69/><E69/><V78/><F96/><W48/><G48/><T103/><REACH who="0" step="1"/><D77/><REACH who="0" step="2"/><N who="1" m="44087" /><E82/><V32/><REACH who="2" step="1"/><F78/><REACH who="2" step="2"/><W112/><G112/><T19/><D19/><AGARI ba="1,2" hai="10,12,19,40,44,50,128,131" m="44087,48169" machi="19" ten="30,2000,0" yaku="18,1,52,1" doraHai="75" who="1" fromWho="0" sc="260,-23,250,43,220,0,250,0" /><INIT seed="1,0,0,2,1,64" ten="237,293,220,250" oya="1" hai0="5,69,73,121,63,26,101,74,110,72,94,67,2" hai1="16,33,48,76,29,133,116,109,88,6,46,83,44" hai2="54,93,14,45,38,77,82,107,95,125,96,27,79" hai3="55,70,15,60,57,105,47,108,126,1,61,111,98"/><U118/><E133/><V10/><F125/><W89/><G1/><T91/><D121/><U62/><E6/><V87/><F107/><W122/><G15/><T36/><D36/><U7/><E7/><V43/><F27/><W97/><G105/><T51/><D110/><N who="3" m="42025" /><G89/><T129/><D129/><U9/><E109/><V32/><F32/><W81/><G81/><T13/><D2/><U41/><E62/><V37/><F37/><W20/><G20/><T132/><D132/><U17/><E33/><V42/><F79/><W135/><G135/><T134/><D101/><U112/><E29/><V8/><F8/><W104/><G104/><T49/><D134/><U131/><E112/><V28/><F28/><W21/><G21/><T31/><D5/><U128/><E46/><V24/><F24/><W59/><G122/><T85/><REACH who="0" step="1"/><D13/><REACH who="0" step="2"/><U103/><E103/><V39/><F39/><W130/><G130/><T66/><D66/><U71/><E131/><V11/><F38/><W123/><G123/><T30/><D30/><U90/><E128/><V100/><F11/><W34/><G126/><T58/><D58/><U102/><E102/><V120/><F120/><W92/><G59/><T113/><D113/><U53/><E9/><V3/><F3/><W23/><G57/><T65/><D65/><U114/><E114/><V117/><F14/><W127/><G127/><T124/><D124/><U106/><E118/><V56/><F117/><W52/><G47/><T4/><D4/><U119/><E116/><V50/><F10/><W18/><G18/><N who="1" m="7274" /><E119/><V68/><F45/><W22/><G34/><AGARI ba="0,1" hai="26,31,34,49,51,63,67,69,72,73,74,85,91,94" machi="34" ten="40,5200,0" yaku="1,1,6,1,52,1,53,0" doraHai="64" doraHaiUra="78" who="0" fromWho="3" sc="227,62,293,0,220,0,250,-52" /><INIT seed="2,0,0,0,5,99" ten="289,293,220,198" oya="2" hai0="125,102,4,114,52,110,16,6,73,133,76,50,94" hai1="53,121,27,119,75,78,19,40,96,58,32,69,82" hai2="129,77,41,107,104,34,3,1,56,51,86,112,15" hai3="92,38,33,71,98,62,113,22,8,83,90,42,10"/><V17/><F112/><W14/><G33/><T89/><D114/><U123/><E69/><V31/><F129/><W128/><G113/><T20/><D133/><U47/><E119/><V26/><F107/><W55/><G128/><T118/><D118/><U87/><E75/><V91/><F77/><W72/><G38/><T49/><D49/><U0/><E0/><V106/><F104/><W93/><G42/><T24/><D125/><U30/><E19/><V21/><F106/><W111/><G111/><T132/><D110/><U135/><E135/><V79/><F79/><W18/><G72/><T127/><D127/><U54/><E96/><V59/><F59/><W74/><G74/><T12/><D132/><U63/><REACH who="1" step="1"/><E54/><REACH who="1" step="2"/><V61/><F3/><W28/><G71/><T84/><D73/><U80/><E80/><V109/><F1/><W124/><G83/><T39/><D76/><U25/><E25/><V120/><F120/><W7/><G124/><T105/><D24/><U81/><E81/><V44/><F109/><W88/><G28/><T13/><D13/><U95/><E95/><V9/><F86/><W64/><G55/><T29/><D29/><U2/><E2/><V97/><F97/><W65/><G7/><T67/><D4/><U45/><E45/><V43/><F91/><W70/><G65/><T117/><D67/><U66/><E66/><N who="2" m="39207" /><F34/><W116/><G116/><T115/><D117/><U48/><AGARI ba="0,1" hai="27,30,32,40,47,48,53,58,63,78,82,87,121,123" machi="48" ten="30,2000,0" yaku="1,1,0,1,53,0" doraHai="99" doraHaiUra="5" who="1" fromWho="1" sc="289,-5,283,30,220,-10,198,-5" /><INIT seed="3,0,0,3,3,35" ten="284,313,210,193" oya="3" hai0="22,41,61,50,123,51,124,92,93,33,117,28,30" hai1="105,103,83,17,9,10,8,47,36,125,100,112,31" hai2="44,95,90,91,11,68,27,1,89,77,85,20,119" hai3="110,52,23,97,25,75,53,129,108,134,24,99,104"/><W15/><G75/><T126/><D123/><U45/><E112/><V120/><F68/><W102/><G129/><T13/><D117/><U18/><E31/><N who="0" m="11817" /><D61/><U21/><E36/><V4/><F119/><W107/><G134/><T114/><D114/><U111/><E105/><V115/><F115/><W3/><G3/><T38/><D33/><U2/><E2/><V127/><F127/><N who="0" m="48682" /><D38/><U87/><E125/><V79/><F120/><W40/><G40/><T101/><D101/><N who="1" m="38987" /><E111/><N who="3" m="42538" /><G99/><T5/><D41/><U7/><E7/><V96/><F44/><N who="1" m="16969" /><E21/><V73/><F73/><W122/><G122/><T116/><D116/><U16/><E87/><V49/><F49/><N who="0" m="18442" /><D22/><U43/><E43/><V88/><REACH who="2" step="1"/><F96/><REACH who="2" step="2"/><W67/><G107/><T131/><D131/><U98/><E98/><V94/><F94/><W128/><G128/><T60/><D60/><U80/><AGARI ba="0,1" hai="8,9,10,16,17,18,80,83" m="16969,38987" machi="80" ten="40,8000,1" yaku="28,2,8,1,54,1" doraHai="35" who="1" fromWho="1" sc="284,-20,313,90,200,-20,193,-40" /><INIT seed="4,0,0,5,1,108" ten="264,403,180,153" oya="0" hai0="42,132,30,12,21,123,113,5,128,100,49,48,45" hai1="68,23,25,26,70,16,55,61,4,99,32,50,73" hai2="51,98,71,72,126,0,117,58,10,56,46,96,3" hai3="88,44,9,82,1,105,93,34,119,81,110,11,35"/><T36/><D123/><U80/><E4/><V133/><F71/><W78/><G105/><T91/><D132/><U69/><E99/><V19/><F133/><W120/><G110/><T85/><D128/><U29/><E61/><V20/><F117/><W125/><G119/><T2/><D2/><U112/><E112/><V118/><F118/><W43/><G120/><T31/><D100/><U54/><REACH who="1" step="1"/><E50/><REACH who="1" step="2"/><V95/><F98/><W7/><G125/><T6/><D113/><U67/><E67/><V134/><F126/><W37/><G11/><T24/><D49/><U57/><E57/><V116/><F134/><W8/><G8/><N who="0" m="4111" /><D6/><U114/><E114/><V64/><F116/><W38/><G38/><T89/><D36/><U41/><E41/><V15/><F3/><W90/><G81/><N who="0" m="49327" /><D91/><U103/><E103/><V115/><F115/><W121/><G121/><T53/><D42/><U17/><E17/><AGARI ba="0,1" hai="17,21,24,30,31,45,48,53" m="49327,4111" machi="17" ten="30,1500,0" yaku="8,1" doraHai="108" who="0" fromWho="1" sc="264,25,393,-15,180,0,153,0" /><INIT seed="4,1,0,3,4,106" ten="289,378,180,153" oya="0" hai0="30,23,13,102,52,133,94,5,90,105,58,130,117" hai1="86,38,134,47,96,69,34,73,107,41,45,67,37" hai2="9,11,91,32,46,2,100,121,129,24,27,88,20" hai3="55,60,33,97,54,84,18,65,108,68,1,51,77"/><T35/><D117/><U126/><E86/><V120/><F100/><W99/><G1/><T10/><D133/><U89/><E89/><V50/><F129/><W26/><G108/><T62/><D130/><U57/><E57/><V110/><F110/><W98/><G33/><T12/><D35/><U113/><E134/><V43/><F32/><W16/><G26/><T128/><D128/><U82/><E34/><V81/><F120/><W123/><G123/><T44/><D44/><U114/><E126/><V63/><F121/><W42/><G42/><T79/><D79/><N who="1" m="44399" /><E47/><V74/><F27/><W66/><G66/><T93/><D105/><U59/><E59/><V6/><F11/><W70/><G70/><T101/><D94/><U28/><E28/><V53/><F63/><W72/><G84/><N who="0" m="52423" /><D30/><U116/><E38/><V61/><F61/><W48/><G48/><T80/><D80/><U132/><E132/><V21/><F53/><W125/><G125/><T85/><D85/><U83/><E83/><V39/><F50/><W56/><REACH who="3" step="1"/><G55/><REACH who="3" step="2"/><T15/><D15/><U76/><E67/><V111/><F111/><W92/><G92/><T19/><AGARI ba="1,1" hai="5,10,12,13,19,23,52,58,62,101,102" m="52423" machi="19" ten="30,3000,0" yaku="8,1,54,1" doraHai="106" who="0" fromWho="0" sc="289,43,378,-11,180,-11,143,-11" /><INIT seed="4,2,0,3,3,14" ten="332,367,169,132" oya="0" hai0="2,131,52,19,127,133,51,134,34,70,58,63,27" hai1="118,67,15,29,49,117,44,9,126,101,24,20,122" hai2="60,97,109,119,82,41,105,93,103,4,21,115,26" hai3="116,25,46,73,22,45,121,54,33,71,104,69,36"/><T75/><D75/><U40/><E122/><V62/><F109/><W13/><G104/><T130/><D2/><U8/><E126/><V1/><F115/><W91/><G73/><T85/><D127/><U37/><E101/><V65/><F119/><W0/><G0/><T57/><D70/><U96/><E96/><V124/><F124/><W48/><G116/><T30/><D85/><U120/><E120/><V100/><F41/><W38/><G33/><T95/><D95/><U123/><E123/><V112/><F112/><W110/><G121/><T64/><REACH who="0" step="1"/><D19/><REACH who="0" step="2"/><U35/><E118/><V128/><F1/><W125/><G125/><T68/><D68/><U32/><E117/><V79/><F105/><W31/><G71/><T18/><D18/><U66/><E37/><V59/><F4/><W113/><G69/><T55/><D55/><U74/><E74/><V89/><F128/><AGARI ba="2,1" hai="27,30,34,51,52,57,58,63,64,128,130,131,133,134" machi="128" ten="40,7700,0" yaku="1,1,19,1,54,1,53,0" doraHai="14" doraHaiUra="84" who="0" fromWho="2" sc="322,93,367,0,169,-83,132,0" /><INIT seed="4,3,0,0,0,56" ten="415,367,86,132" oya="0" hai0="107,5,54,12,34,57,119,44,106,0,8,91,82" hai1="122,39,60,65,4,80,46,98,25,35,101,76,41" hai2="22,115,59,111,38,28,130,84,99,95,55,13,116" hai3="127,125,3,63,19,102,110,131,6,118,94,43,48"/><T52/><D119/><U61/><E122/><V124/><F111/><W97/><G118/><T117/><D117/><U109/><E109/><V73/><F116/><W2/><G110/><T89/><D34/><U7/><E35/><V120/><F73/><W85/><G131/><T83/><D0/><U121/><E25/><V105/><F130/><W23/><G85/><T11/><D11/><U49/><E39/><V30/><F120/><W18/><G19/><T45/><D107/><U128/><E128/><V36/><F124/><W74/><G74/><T68/><D68/><U71/><E61/><V126/><F126/><N who="3" m="48139" /><G6/><T70/><D70/><U113/><E113/><V78/><F115/><W53/><G43/><T32/><D32/><U64/><E64/><V100/><F38/><W114/><G114/><T132/><D132/><U90/><E90/><N who="0" m="34313" /><D106/><U123/><E123/><V16/><F36/><W42/><G42/><T108/><D108/><U33/><E33/><V81/><REACH who="2" step="1"/><F105/><REACH who="2" step="2"/><W133/><G133/><T79/><D79/><U10/><E121/><V29/><F29/><W75/><G75/><T31/><D31/><U24/><E76/><V17/><F17/><W67/><G18/><T1/><D83/><U26/><E80/><V104/><F104/><W37/><G37/><T77/><D82/><U14/><E7/><V9/><F9/><W112/><G112/><T58/><D77/><U40/><E40/><V87/><F87/><W21/><G21/><T51/><D1/><U103/><E98/><V92/><F92/><W27/><G3/><T47/><D5/><U88/><E4/><RYUUKYOKU ba="3,1" sc="415,-10,367,-10,76,30,132,-10" hai2="13,16,22,28,30,55,59,78,81,84,95,99,100" /><INIT seed="5,4,1,5,3,66" ten="405,357,106,122" oya="1" hai0="63,50,78,18,108,124,112,134,11,22,33,79,0" hai1="133,115,30,131,103,107,83,127,85,32,67,77,126" hai2="34,42,74,3,98,105,122,113,132,57,46,2,45" hai3="10,90,111,59,121,76,81,89,52,86,80,116,47"/><U25/><E115/><V1/><F57/><W8/><G111/><T65/><D112/><U20/><E133/><V29/><F46/><W95/><G121/><T13/><D108/><U73/><E131/><V87/><F87/><W53/><G116/><T120/><D120/><U129/><E129/><V93/><F93/><W17/><G47/><T49/><D134/><U16/><E73/><V43/><F43/><W54/><G59/><N who="0" m="37119" /><D33/><U58/><E103/><N who="2" m="62711" /><F113/><W40/><G40/><T62/><D62/><N who="1" m="38359" /><E107/><V97/><F97/><W102/><G102/><T75/><D75/><U7/><E7/><V114/><F114/><W12/><G8/><T117/><D117/><U82/><E82/><V38/><F122/><W4/><G4/><N who="0" m="3303" /><D0/><N who="2" m="2" /><V48/><DORA hai="125" /><F48/><N who="0" m="18538" /><D124/><N who="1" m="47659" /><E32/><V51/><F51/><W61/><G61/><T91/><D91/><U31/><AGARI ba="4,1" hai="16,20,25,30,31,77,83,85" m="47659,38359" machi="31" ten="30,3000,0" yaku="18,1,54,1" doraHai="66,125" who="1" fromWho="1" sc="405,-14,357,52,106,-14,122,-14" /><INIT seed="5,5,0,1,1,11" ten="391,409,92,108" oya="1" hai0="31,90,29,22,107,19,70,0,30,48,83,4,64" hai1="66,73,34,104,98,65,3,39,59,93,91,109,102" hai2="53,76,132,72,51,131,63,92,134,112,40,62,58" hai3="44,88,97,57,100,43,87,82,84,5,108,8,23"/><U135/><E39/><V85/><F72/><W126/><G108/><T42/><D107/><U122/><E122/><V111/><F76/><W130/><G126/><T121/><D121/><U56/><E3/><V38/><F92/><W2/><G130/><T125/><D125/><U14/><E34/><V12/><F85/><W50/><G87/><N who="0" m="50559" /><D4/><U115/><E73/><V17/><F111/><W27/><G57/><T15/><D0/><U129/><E109/><V103/><F103/><W18/><G97/><T45/><D70/><U54/><E129/><V28/><F28/><W81/><G100/><T36/><D36/><U118/><E118/><V26/><F26/><W21/><G21/><N who="0" m="11519" /><D64/><U120/><E120/><V127/><F127/><W47/><G47/><T10/><D10/><U123/><E123/><V96/><F131/><W35/><G35/><T75/><D75/><U1/><E1/><V20/><F96/><W105/><REACH who="3" step="1"/><G105/><REACH who="3" step="2"/><T78/><D78/><U49/><E104/><V71/><F112/><W101/><G101/><T68/><D68/><U13/><E115/><V114/><F114/><W110/><G110/><T113/><D113/><U67/><E102/><V32/><F32/><W117/><G117/><T33/><D33/><U46/><E135/><N who="2" m="51755" /><F71/><W55/><G55/><T106/><D106/><U6/><E6/><V37/><F63/><W7/><G7/><T133/><D133/><U80/><E80/><AGARI ba="5,1" hai="2,5,8,18,23,27,43,44,50,80,81,82,84,88" machi="80" ten="30,3900,0" yaku="1,1,7,1,54,1,53,0" doraHai="11" doraHaiUra="25" who="3" fromWho="1" sc="391,0,409,-54,92,0,98,64" /><INIT seed="6,0,0,3,5,123" ten="391,355,92,162" oya="2" hai0="29,47,129,69,37,11,12,118,40,90,82,23,110" hai1="55,87,133,128,62,25,9,78,48,1,57,130,51" hai2="83,24,95,39,135,126,38,6,53,105,45,33,75" hai3="72,91,49,19,86,31,32,107,34,132,22,18,61"/><V43/><F105/><W44/><G72/><T63/><D118/><U79/><E133/><V60/><F135/><W119/><G107/><T30/><D129/><N who="1" m="49771" /><E25/><V20/><F126/><W85/><G119/><T100/><D100/><U76/><E87/><V103/><F33/><W10/><G132/><T68/><D68/><U114/><E114/><V88/><F6/><AGARI ba="0,0" hai="1,6,9,48,51,55,57,62,76,78,79" m="49771" machi="6" ten="30,1000,0" yaku="19,1" doraHai="123" who="1" fromWho="2" sc="391,0,355,10,92,-10,162,0" /><INIT seed="7,0,0,5,3,77" ten="391,365,82,162" oya="3" hai0="22,55,106,24,135,59,0,62,134,30,112,102,89" hai1="97,90,35,44,121,6,8,109,2,28,67,111,133" hai2="122,64,73,69,99,68,124,85,41,11,119,7,101" hai3="105,42,52,36,110,86,23,108,76,103,39,18,17"/><W132/><G132/><N who="0" m="50731" /><D0/><U74/><E121/><V46/><F119/><W70/><G70/><T37/><D37/><U26/><E133/><V96/><F122/><W63/><G105/><T27/><D89/><U72/><E90/><V16/><F124/><W92/><G103/><T13/><D13/><U71/><E44/><V3/><F64/><W82/><G92/><T19/><D102/><U91/><E91/><V84/><F84/><W100/><G100/><T94/><D94/><U12/><E12/><V88/><F73/><W14/><G18/><T9/><D9/><U31/><E31/><V87/><F87/><W126/><G126/><T57/><D57/><U32/><E32/><V80/><F16/><W47/><G39/><T4/><D4/><U48/><E48/><V83/><F83/><W79/><REACH who="3" step="1"/><G76/><REACH who="3" step="2"/><T50/><D106/><U95/><E95/><V29/><F29/><W93/><G93/><T33/><D112/><U40/><E97/><V54/><F54/><W20/><G20/><T120/><D120/><U130/><E40/><V98/><REACH who="2" step="1"/><F101/><REACH who="2" step="2"/><W66/><G66/><T131/><D55/><U127/><E127/><V43/><F43/><W21/><G21/><T60/><D22/><U45/><E67/><V49/><AGARI ba="0,2" hai="3,7,11,41,46,49,68,69,80,85,88,96,98,99" machi="49" ten="30,7900,0" yaku="1,1,0,1,52,1,54,1,53,0" doraHai="77" doraHaiUra="123" who="2" fromWho="2" sc="391,-20,365,-20,72,99,152,-39" owari="371,47,345,15,171,-23,113,-39" /></mjloggm>