<mjloggm ver="2.3"><GO type="169" lobby="0"/><UN n0="%E5%AF%BE%E5%AD%90%E3%81%AE%E7%8E%8B%E6%A7%98" n1="%EF%BC%88%E2%89%A7%E2%96%BD%E2%89%A6%EF%BC%89" n2="%E5%B0%8F%E6%9E%97" n3="%E6%B0%97%E6%A5%BD%E3%81%AB%E6%89%93%E3%81%A4" dan="17,17,16,16" rate="2139.99,2117.64,2043.70,2136.72" sx="M,M,M,M"/><TAIKYOKU oya="0"/><INIT seed="0,0,0,5,4,85" ten="250,250,250,250" oya="0" hai0="135,62,82,22,134,126,18,125,37,27,57,52,123" hai1="33,20,102,110,4,95,119,59,31,79,64,92,88" hai2="24,49,6,65,10,87,133,104,39,13,121,35,55" hai3="71,30,44,28,111,69,74,83,7,105,41,63,81"/><T77/><D123/><U97/><E119/><V38/><F121/><W36/><G111/><T53/><D37/><U120/><E120/><V43/><F104/><W117/><G117/><T34/><D34/><U2/><E110/><V1/><F133/><W40/><G105/><T72/><REACH who="0" step="1"/><D53/><REACH who="0" ten="240,250,250,250" step="2"/><U112/><E33/><V14/><F55/><W109/><G36/><T29/><D29/><U5/><E112/><V23/><F39/><W116/><G28/><T113/><D113/><U131/><E131/><V100/><F38/><W26/><G30/><T58/><D58/><U114/><E114/><V15/><F35/><W130/><G116/><T122/><D122/><U84/><E2/><V96/><F1/><W89/><G130/><T25/><D25/><N who="1" m="16807" /><E79/><V9/><F24/><W91/><G26/><T54/><D54/><U50/><E50/><V73/><F49/><W101/><G109/><T108/><D108/><U127/><E127/><AGARI ba="0,1" hai="18,22,27,52,57,62,72,77,82,125,126,127,134,135" machi="127" ten="40,7700,0" yaku="1,1,18,1,54,1,53,0" doraHai="85" doraHaiUra="118" who="0" fromWho="1" sc="240,87,250,-77,250,0,250,0" /><INIT seed="0,1,0,0,1,117" ten="327,173,250,250" oya="0" hai0="115,45,39,42,122,62,34,43,74,106,44,85,13" hai1="99,91,61,47,22,110,133,84,123,103,108,66,8" hai2="0,100,81,17,53,26,78,49,73,72,28,79,27" hai3="1,83,114,32,97,93,51,112,37,50,75,59,14"/><T109/><D74/><U65/><E8/><V69/><F69/><W130/><G1/><T132/><D106/><U135/><E22/><V15/><F0/><W86/><G130/><T126/><D34/><U70/><E66/><V5/><F5/><W40/><G32/><T127/><D85/><U11/><E11/><V55/><F100/><W77/><G75/><T80/><D80/><U82/><E47/><V58/><F28/><W38/><G112/><T36/><D13/><U64/><E64/><V29/><F29/><W101/><G114/><T24/><D24/><U121/><E99/><V23/><F55/><N who="3" m="32247" /><G37/><T125/><D115/><U119/><E103/><V54/><F54/><W134/><G38/><T16/><D16/><U102/><E102/><V89/><F89/><W67/><G134/><N who="1" m="51210" /><E119/><V131/><F131/><W118/><G118/><T52/><D132/><U21/><E21/><V57/><F57/><W95/><G67/><T33/><D33/><U48/><E48/><V30/><F30/><W7/><G101/><T76/><D76/><U63/><E63/><V128/><F128/><W9/><G97/><T18/><D18/><U35/><E35/><V94/><F94/><W98/><G98/><T120/><D109/><AGARI ba="1,0" hai="61,65,70,82,84,91,108,109,110,121,123" m="51210" machi="109" ten="30,7700,0" yaku="14,1,20,1,52,2" doraHai="117" who="1" fromWho="0" sc="327,-80,173,80,250,0,250,0" /><INIT seed="1,0,0,2,0,16" ten="247,253,250,250" oya="1" hai0="18,107,113,10,63,74,117,9,44,77,56,47,125" hai1="61,69,108,79,66,95,116,51,55,123,118,128,96" hai2="4,59,120,34,57,80,76,87,42,99,24,15,0" hai3="22,71,119,91,23,106,39,133,110,135,27,97,109"/><U72/><E123/><V2/><F120/><W45/><G119/><T102/><D113/><U92/><E128/><V98/><F2/><W30/><G71/><T83/><D117/><U20/><E108/><N who="3" m="41578" /><G39/><T33/><D33/><U17/><E95/><V124/><F0/><W32/><G45/><T89/><D125/><U78/><E79/><V94/><F124/><W73/><G73/><T52/><D89/><U21/><E78/><V126/><F126/><W3/><G3/><T131/><D131/><U86/><E72/><V121/><F121/><W11/><G11/><T85/><D74/><U50/><E50/><V88/><F42/><W19/><G19/><T25/><D10/><U111/><E111/><V115/><F115/><W46/><G46/><T75/><D75/><U38/><E38/><V35/><F35/><W122/><G122/><T6/><D6/><U114/><E114/><V112/><F112/><W65/><G65/><T5/><D5/><U134/><E134/><N who="3" m="51210" /><G91/><T105/><D9/><U130/><E130/><V41/><F41/><W127/><G127/><T84/><D47/><N who="1" m="28159" /><E116/><V93/><F4/><W64/><G64/><T48/><D44/><U129/><E129/><V104/><F104/><W36/><G36/><T53/><D48/><U68/><E68/><V90/><REACH who="2" step="1"/><F15/><REACH who="2" ten="247,253,240,250" step="2"/><W7/><G7/><T49/><D107/><U70/><E118/><V67/><F67/><W103/><AGARI ba="0,1" hai="22,23,27,30,32,97,103,106" m="51210,41578" machi="103" ten="40,8000,1" yaku="14,1,20,1,52,2" doraHai="16" who="3" fromWho="3" sc="247,-20,253,-40,240,-20,250,90" /><INIT seed="2,0,0,3,4,67" ten="227,213,220,340" oya="2" hai0="24,132,14,21,59,54,41,7,108,84,111,83,92" hai1="22,12,134,98,61,105,26,10,135,100,34,39,15" hai2="133,113,0,75,91,102,97,99,118,53,19,107,88" hai3="117,51,9,60,110,82,20,55,64,33,85,90,81"/><V35/><F0/><W127/><G117/><T42/><D132/><N who="1" m="50731" /><E34/><V95/><F133/><W45/><G33/><T5/><D92/><U120/><E120/><V78/><F35/><W63/><G110/><T104/><D104/><U30/><E39/><V56/><F118/><W50/><G127/><T126/><D126/><U128/><E128/><V86/><F113/><W1/><G1/><T17/><D111/><U76/><E76/><V38/><F38/><W2/><G81/><T112/><D112/><U101/><E101/><V115/><F115/><W28/><G2/><T13/><D108/><U77/><E77/><V119/><F119/><W106/><G106/><T94/><D94/><U36/><E36/><V116/><F116/><W96/><G96/><T129/><D129/><U71/><E10/><V8/><F75/><W65/><G9/><T69/><D69/><U32/><E22/><V130/><F130/><W44/><G20/><T27/><D7/><U125/><E125/><V121/><F121/><W109/><G109/><T87/><D87/><U124/><E124/><V66/><F66/><AGARI ba="0,0" hai="12,15,26,30,32,61,66,71,98,100,105" m="50731" machi="66" ten="30,3900,0" yaku="25,1,20,1,52,1" doraHai="67" who="1" fromWho="2" sc="227,0,213,39,220,-39,340,0" /><INIT seed="3,0,0,4,1,128" ten="227,252,181,340" oya="3" hai0="19,133,10,97,74,129,1,65,126,56,82,71,76" hai1="78,102,35,54,115,59,122,18,117,63,60,28,121" hai2="4,112,132,68,106,3,8,127,80,25,50,39,83" hai3="5,123,24,2,92,20,81,67,94,22,125,34,100"/><W101/><G123/><T89/><D56/><U105/><E115/><V12/><F112/><W48/><G125/><T30/><D19/><U46/><E117/><V96/><F39/><W114/><G114/><T79/><D89/><U17/><E78/><V124/><F68/><W57/><G81/><T109/><D97/><U110/><E46/><V29/><F3/><W88/><G2/><T93/><D93/><U13/><E17/><V14/><F14/><W33/><G5/><T26/><D79/><U31/><E35/><V62/><F62/><W99/><G20/><T0/><D126/><N who="2" m="48170" /><F50/><W118/><G118/><T41/><D129/><U104/><E13/><V69/><F69/><W58/><G48/><T61/><D109/><U75/><E110/><V73/><F73/><W120/><G120/><T91/><D91/><U7/><E75/><V131/><F131/><W23/><G88/><T87/><D1/><U66/><E121/><V53/><F53/><W98/><REACH who="3" step="1"/><G67/><REACH who="3" ten="227,252,181,330" step="2"/><T52/><D65/><U47/><E66/><V11/><F83/><W51/><G51/><T116/><D82/><U21/><E122/><V108/><F80/><W103/><G103/><T49/><D49/><U77/><E21/><V37/><F108/><W55/><G55/><T84/><D52/><U42/><E54/><V40/><F4/><W119/><G119/><T6/><D116/><U64/><E102/><V85/><F37/><W44/><G44/><T72/><D6/><U95/><E7/><V134/><F11/><W70/><G70/><T43/><D10/><U107/><E47/><V32/><F8/><RYUUKYOKU ba="0,1" sc="227,-10,252,-10,181,-10,330,30" hai3="22,23,24,33,34,57,58,92,94,98,99,100,101" /><INIT seed="3,1,1,3,2,5" ten="217,242,171,360" oya="3" hai0="69,83,33,58,104,28,47,44,113,15,128,96,133" hai1="125,110,114,10,108,99,127,14,30,41,53,93,117" hai2="67,115,82,76,34,7,54,78,19,116,123,121,118" hai3="100,129,50,25,48,63,91,8,16,57,0,86,92"/><W120/><G120/><N who="2" m="46153" /><F34/><W46/><G129/><T72/><D128/><U55/><E41/><V62/><F115/><W45/><G100/><T132/><D113/><U18/><E30/><V89/><F7/><W80/><G92/><T1/><D1/><U43/><E43/><V40/><F40/><W35/><G35/><T94/><D69/><U42/><E42/><V131/><F54/><N who="1" m="20489" /><E117/><N who="2" m="45163" /><F131/><W23/><G46/><T26/><D104/><U135/><E114/><V64/><F19/><N who="3" m="12543" /><G45/><T103/><D58/><U65/><E65/><N who="2" m="25163" /><F62/><W36/><G63/><T105/><D105/><U4/><E4/><V9/><F9/><W111/><G8/><T102/><D33/><U130/><E130/><V29/><F29/><W101/><G16/><T2/><D28/><U12/><E12/><V27/><F27/><W61/><G0/><T21/><D15/><U13/><E13/><V71/><F71/><W77/><G61/><T79/><D2/><U20/><E10/><V73/><F73/><W31/><G31/><N who="0" m="17871" /><D103/><N who="1" m="60911" /><E14/><V60/><F60/><W95/><G101/><T84/><D72/><U6/><E6/><V3/><F3/><W75/><G75/><T24/><D24/><U119/><E119/><V17/><F17/><W85/><G50/><T51/><D51/><U38/><E18/><V74/><F74/><W106/><G48/><T124/><D47/><U122/><E122/><V88/><F82/><W32/><G80/><T107/><D44/><U22/><E22/><V39/><F39/><W109/><G36/><T11/><D11/><U134/><E38/><V87/><F87/><W37/><G85/><RYUUKYOKU ba="1,1" sc="217,-10,242,-10,171,30,360,-10" hai2="76,78,88,89" /><INIT seed="4,2,1,3,0,14" ten="207,232,201,350" oya="0" hai0="115,39,122,101,95,3,52,20,90,119,94,8,124" hai1="128,46,30,84,2,110,73,19,40,69,37,120,60" hai2="111,64,13,58,76,41,99,98,33,5,75,24,25" hai3="29,78,88,97,56,74,93,96,32,42,81,68,113"/><T38/><D119/><U11/><E120/><V18/><F111/><W31/><G68/><T9/><D122/><U131/><E110/><V28/><F41/><W123/><G123/><T82/><D115/><U85/><E73/><V6/><F25/><W79/><G113/><T77/><D124/><U48/><E30/><V53/><F64/><W104/><G78/><T133/><D133/><U47/><E60/><V1/><F76/><W0/><G0/><T89/><D101/><U129/><E69/><V43/><F43/><W62/><G42/><T108/><D108/><U16/><E2/><V15/><F15/><W135/><G135/><T63/><D3/><U80/><E11/><N who="0" m="4169" /><D38/><U117/><E117/><V125/><F75/><W34/><G34/><T12/><D77/><N who="1" m="46095" /><E85/><V72/><F72/><W61/><G32/><T21/><D39/><U116/><E116/><V100/><F125/><W118/><G118/><T105/><D105/><U126/><E126/><V59/><F1/><W55/><G62/><T132/><D132/><U49/><E49/><V91/><F91/><N who="0" m="34826" /><D82/><U130/><E130/><V10/><F100/><W22/><G104/><T57/><D21/><U23/><E23/><V67/><F33/><W87/><REACH who="3" step="1"/><G22/><REACH who="3" ten="207,232,201,340" step="2"/><T112/><D112/><U109/><E109/><V103/><F10/><W51/><G51/><T134/><D134/><U83/><E83/><V71/><F71/><W45/><G45/><T54/><D54/><AGARI ba="2,2" hai="16,19,37,40,46,47,48,54,128,129,131" m="46095" machi="54" ten="30,7700,0" yaku="19,1,52,2,54,1" doraHai="14" who="1" fromWho="0" sc="207,-83,232,103,201,0,340,0" /><INIT seed="5,0,0,1,2,95" ten="124,335,201,340" oya="1" hai0="57,6,100,63,125,7,44,41,66,4,114,5,116" hai1="118,109,37,0,120,77,110,89,88,101,27,70,72" hai2="43,111,14,30,46,73,104,93,42,80,106,45,50" hai3="28,128,102,117,126,16,119,130,29,34,10,3,22"/><U51/><E37/><V81/><F111/><N who="1" m="42505" /><E0/><V107/><F30/><N who="3" m="11883" /><G34/><T84/><N who="0" m="1536" /><DORA hai="127" /><T75/><D75/><U79/><E70/><V113/><F73/><W74/><G3/><T97/><D116/><N who="3" m="44617" /><G126/><T67/><D125/><U91/><E120/><V23/><F113/><W18/><G74/><T131/><D114/><U40/><E118/><V134/><F134/><W64/><G64/><T121/><D121/><U94/><E27/><V8/><F8/><W85/><G85/><T19/><D84/><U54/><E40/><V82/><F93/><W69/><G69/><T61/><D19/><N who="3" m="7209" /><G10/><T31/><D31/><U9/><E9/><V49/><F23/><W115/><G115/><T15/><D15/><AGARI ba="0,0" hai="14,15,42,43,45,46,49,50,80,81,82,104,106,107" machi="15" ten="50,1600,0" yaku="9,1" doraHai="95,127" who="2" fromWho="0" sc="124,-16,335,0,201,16,340,0" /><INIT seed="6,0,0,1,0,61" ten="108,335,217,340" oya="2" hai0="13,20,22,104,71,87,103,70,34,109,105,55,85" hai1="19,3,5,80,11,126,2,82,79,16,127,42,110" hai2="77,25,62,38,18,73,91,47,81,67,26,107,27" hai3="30,119,88,1,114,122,101,94,92,124,53,100,102"/><V74/><F107/><W117/><G1/><T120/><D109/><U8/><E110/><V128/><F128/><W4/><G4/><T97/><D34/><U116/><E116/><V86/><F18/><N who="1" m="6697" /><E42/><V63/><F63/><W76/><G30/><T133/><D55/><U31/><E31/><V90/><F38/><W24/><G24/><T6/><D6/><N who="1" m="1111" /><E79/><V17/><F47/><W32/><G76/><T29/><D29/><U111/><E111/><V36/><F36/><W45/><G32/><T121/><D97/><U58/><E58/><V134/><F17/><W41/><G41/><T93/><D93/><U15/><E3/><V115/><F91/><W35/><G88/><T65/><D103/><U54/><E54/><V72/><F77/><W33/><G102/><T21/><D21/><U0/><E0/><V118/><F118/><W40/><G40/><T135/><REACH who="0" step="1"/><D13/><REACH who="0" ten="98,335,217,340" step="2"/><U68/><E15/><V46/><F27/><W75/><G119/><T112/><D112/><U60/><E5/><V43/><F115/><W12/><G114/><T56/><D56/><U57/><E57/><V37/><F25/><W131/><G33/><T66/><AGARI ba="0,1" hai="20,22,65,66,70,71,85,87,104,105,120,121,133,135" machi="66" ten="25,12000,2" yaku="1,1,0,1,22,2,52,2,53,0" doraHai="61" doraHaiUra="28" who="0" fromWho="0" sc="98,130,335,-30,217,-60,340,-30" /><INIT seed="7,0,0,2,3,84" ten="228,305,157,310" oya="3" hai0="22,106,62,98,13,43,132,32,37,129,95,1,87" hai1="61,104,18,28,12,82,66,113,72,130,90,88,0" hai2="71,93,39,68,14,83,73,80,19,121,74,114,35" hai3="59,85,70,127,2,125,77,101,46,103,40,4,92"/><W10/><G70/><T116/><D116/><U69/><E0/><V119/><F39/><N who="3" m="21791" /><G59/><T89/><D132/><U57/><E104/><V78/><F35/><W33/><G33/><T107/><D129/><U120/><E120/><V49/><F119/><W67/><G67/><T60/><D32/><U44/><E130/><V45/><F121/><W17/><G17/><T24/><D1/><U26/><E113/><V126/><F114/><W58/><G58/><T102/><D107/><U64/><E44/><V30/><F30/><W50/><G50/><T112/><D112/><U94/><E72/><V65/><F126/><N who="3" m="48139" /><G77/><T105/><D43/><U99/><E69/><V97/><F65/><W133/><G133/><T31/><D37/><U6/><E6/><V53/><F74/><W111/><G111/><T110/><D110/><U15/><E18/><V109/><F83/><W54/><G54/><T9/><D106/><U21/><E66/><V122/><F122/><W52/><G52/><T63/><D63/><U100/><E82/><V11/><REACH who="2" step="1"/><F109/><REACH who="2" ten="228,305,147,310" step="2"/><W81/><G81/><T76/><D76/><U20/><E64/><V96/><F96/><W56/><G56/><T117/><D117/><U38/><E57/><V29/><F29/><W8/><G10/><T124/><D124/><U36/><E28/><V135/><F135/><W86/><G86/><T23/><D23/><U27/><E21/><V41/><F41/><W5/><G4/><AGARI ba="0,1" hai="4,9,13,22,24,31,60,62,87,89,95,98,102,105" machi="4" ten="30,2000,0" yaku="7,1,52,1" doraHai="84" who="0" fromWho="3" sc="228,30,305,0,147,0,310,-20" owari="258,-14.0,305,40.0,147,-35.0,290,9.0" /></mjloggm>