<mjloggm ver="2.3"><GO type="65"/><UN n0="%E3%81%BF%E3%82%89%E3%81%BF%E3%82%89" n1="%EF%BC%88%E2%89%A7%E2%96%BD%E2%89%A6%EF%BC%89" n2="%31%36%39%38%34%42%35%42" n3="%54%61%6B%75%32%32%37" dan="2,4,2,12" rate="1478,1646,1307,1678" sx="M,M,M,M"/><TAIKYOKU oya="0"/><INIT seed="0,0,0,5,2,112" ten="250,250,250,250" oya="0" hai0="7,31,11,51,8,102,64,16,109,20,123,29,41" hai1="93,38,14,118,48,127,76,15,17,133,54,43,91" hai2="81,63,58,96,110,97,78,24,111,30,87,5,103" hai3="53,9,32,122,27,106,83,125,107,71,119,44,113"/><T59/><D123/><U129/><E133/><V84/><F5/><W128/><G113/><T42/><D109/><N who="2" m="41482" /><F96/><W4/><G122/><T45/><D102/><U92/><E127/><V37/><F37/><W77/><G125/><T28/><D42/><U39/><E129/><V85/><F87/><W66/><G128/><T33/><D33/><U132/><E132/><V61/><F61/><W69/><G53/><T121/><D121/><U79/><E118/><V21/><F78/><W13/><G44/><T75/><D75/><U90/><E54/><V6/><F6/><W89/><G89/><T86/><D86/><U82/><E43/><V108/><N who="2" m="41490" /><V67/><DORA hai="22" /><F81/><W26/><G119/><T18/><D7/><U72/><E17/><N who="0" m="6761" /><D20/><U70/><E70/><V40/><F40/><W99/><G99/><T100/><D100/><U19/><E19/><V124/><F124/><W55/><G55/><T117/><D117/><U52/><E52/><V98/><F98/><W95/><G95/><AGARI ba="0,0" hai="21,24,30,58,63,67,84,85,95,97,103" m="41490" machi="95" ten="40,5200,0" yaku="25,1,14,1,52,1" doraHai="112,22" who="2" fromWho="3" sc="250,0,250,0,250,52,250,-52" /><INIT seed="1,0,0,5,4,53" ten="250,250,302,198" oya="1" hai0="112,81,45,12,22,21,26,101,42,130,13,127,70" hai1="24,31,27,35,38,7,9,5,47,52,84,68,66" hai2="43,108,134,107,124,3,55,2,57,29,123,79,132" hai3="128,65,106,20,17,121,69,122,80,30,98,92,37"/><U10/><E27/><V102/><F123/><W28/><G37/><T18/><D112/><U76/><E68/><V77/><F29/><W58/><G106/><T60/><D127/><U104/><E66/><V93/><F43/><W119/><G119/><T116/><D116/><U11/><E104/><V72/><F107/><W40/><G40/><T114/><D114/><U75/><E75/><V129/><F72/><W73/><G69/><T59/><D70/><U94/><E38/><V110/><F124/><W89/><G128/><T14/><D130/><U32/><E32/><V120/><F120/><W117/><G117/><T111/><D111/><N who="2" m="42538" /><F129/><W44/><G44/><T54/><D101/><U51/><REACH who="1" step="1"/><E94/><REACH who="1" step="2"/><V64/><F93/><W6/><G122/><T74/><D81/><AGARI ba="0,1" hai="5,7,9,10,11,24,31,35,47,51,52,76,81,84" machi="81" ten="40,12000,1" yaku="1,1,2,1,54,1,53,1" doraHai="53" doraHaiUra="23" who="1" fromWho="0" sc="250,-120,240,130,302,0,198,0" /><INIT seed="1,1,0,1,0,75" ten="130,370,302,198" oya="1" hai0="134,91,131,18,116,19,113,102,122,9,119,33,3" hai1="12,108,6,118,103,40,47,90,69,32,76,27,0" hai2="107,55,106,94,22,130,105,99,70,128,2,77,15" hai3="34,74,50,1,129,25,79,71,30,117,61,26,89"/><U109/><E118/><V96/><F70/><W92/><G117/><T8/><D102/><U58/><E69/><V14/><F55/><W126/><G1/><T123/><D91/><U132/><E132/><V4/><F2/><W31/><G129/><N who="2" m="49769" /><F4/><W133/><G126/><T7/><D131/><U82/><E0/><V63/><F63/><W65/><G133/><T60/><D60/><U85/><E103/><N who="2" m="60823" /><F22/><W98/><G50/><T112/><D3/><U10/><E58/><V95/><F15/><W80/><G30/><T5/><D134/><U68/><E68/><V41/><F41/><W36/><G36/><T45/><D45/><U84/><E27/><V28/><F28/><W11/><G25/><T54/><REACH who="0" step="1"/><D54/><REACH who="0" step="2"/><U125/><E125/><V17/><F17/><W83/><G11/><T43/><D43/><U21/><E40/><V44/><F14/><W37/><G37/><T86/><D86/><U135/><E12/><V120/><F44/><W62/><G62/><T46/><D46/><U38/><E47/><V97/><F120/><W51/><G51/><T73/><D73/><U66/><E38/><V20/><F20/><W114/><G114/><T48/><D48/><U81/><E135/><V42/><F42/><W23/><REACH who="3" step="1"/><G83/><REACH who="3" step="2"/><T104/><D104/><N who="2" m="26626" /><V39/><DORA hai="59" /><F39/><W93/><G93/><T115/><D115/><U67/><E21/><AGARI ba="1,2" hai="21,23,26,31,34,61,65,71,74,79,80,89,92,98" machi="21" ten="40,8000,1" yaku="1,1,52,2,53,2" doraHai="75,59" doraHaiUra="29,64" who="3" fromWho="1" sc="120,0,370,-83,302,0,188,103" /><INIT seed="2,0,0,2,1,74" ten="120,287,302,291" oya="2" hai0="7,133,122,58,115,87,45,48,73,129,90,11,96" hai1="2,13,33,112,51,103,72,84,37,39,134,30,6" hai2="95,70,21,20,34,86,98,67,125,57,64,5,61" hai3="118,41,60,135,26,102,85,36,68,63,100,94,27"/><V99/><F125/><W111/><G118/><T19/><D122/><U101/><E72/><V1/><F34/><W12/><G135/><T16/><D115/><U126/><E112/><V83/><F1/><W121/><G121/><T55/><D133/><U50/><E134/><V24/><F5/><W88/><G111/><T53/><D129/><U104/><E126/><V17/><F21/><W131/><G131/><T89/><D73/><U47/><E2/><V9/><F64/><W106/><G106/><T44/><D96/><U92/><E104/><V52/><F52/><W91/><G36/><T110/><D110/><U10/><E33/><V105/><F105/><W54/><G41/><T32/><D32/><U128/><E128/><V65/><F70/><W97/><G68/><T93/><D90/><N who="1" m="53319" /><E37/><V14/><F67/><W59/><G60/><T31/><D31/><U69/><E69/><V80/><F80/><W127/><G127/><T109/><D109/><U46/><E30/><V0/><F0/><W114/><G114/><T23/><D23/><U79/><E79/><V66/><F66/><W3/><G3/><T56/><D45/><N who="1" m="16907" /><E39/><V124/><F124/><W49/><G49/><AGARI ba="0,0" hai="6,10,13,49,50,51,101,103" m="16907,53319" machi="49" ten="30,1000,0" yaku="8,1" doraHai="74" who="1" fromWho="3" sc="120,0,287,10,302,0,291,-10" /><INIT seed="3,0,0,3,3,15" ten="120,297,302,281" oya="3" hai0="16,66,82,31,59,22,135,52,88,115,32,99,48" hai1="23,84,131,114,118,20,51,61,49,97,109,39,92" hai2="62,112,79,28,60,37,17,42,70,19,33,110,121" hai3="4,94,30,86,7,80,124,6,129,123,41,120,36"/><W54/><G36/><T81/><D115/><U5/><E114/><V74/><F112/><W90/><G41/><T57/><D135/><U100/><E39/><V126/><F37/><W0/><G0/><T1/><D1/><U111/><E118/><V102/><F42/><W117/><G117/><T91/><D31/><U103/><E131/><V130/><F70/><W68/><G129/><T67/><D32/><U18/><E5/><V119/><F33/><W107/><G107/><T55/><D99/><N who="1" m="59495" /><E84/><V45/><F45/><W96/><G68/><T106/><D106/><N who="1" m="63855" /><E61/><V25/><F119/><W133/><G133/><T87/><D91/><U11/><E11/><V46/><F102/><W40/><G40/><T2/><D2/><U116/><E116/><V75/><F46/><W128/><G124/><T44/><D82/><U56/><E56/><V69/><F69/><W89/><G128/><T29/><D29/><U125/><E125/><V134/><F134/><W27/><REACH who="3" step="1"/><G54/><REACH who="3" step="2"/><T50/><REACH who="0" step="1"/><D44/><REACH who="0" step="2"/><U101/><E101/><V47/><F47/><W8/><G8/><T98/><D98/><U14/><E20/><AGARI ba="0,2" hai="4,6,7,20,27,30,80,86,89,90,94,96,120,123" machi="20" ten="40,2000,0" yaku="1,1,53,0" doraHai="15" doraHaiUra="53" who="3" fromWho="1" sc="110,0,297,-20,302,0,271,40" owari="110,-39,277,-12,302,10,311,41" /></mjloggm>