<mjloggm ver="2.3"><GO type="41"/><UN n0="%E7%A6%81%E7%85%99%E5%A4%A7%E5%A5%BD%E3%81%8D" n1="%6B%6F%68%73%68%69" n2="%E3%81%B2%E3%81%BE%E5%A8%98" n3="%E3%82%A6%E3%83%AB%E3%83%88%E3%83%A9%E7%AB%8B%E7%9B%B4" dan="13,14,13,15" rate="1923,1960,1844,1977" sx="M,M,M,M"/><TAIKYOKU oya="0"/><INIT seed="0,0,0,5,1,111" ten="250,250,250,250" oya="0" hai0="23,94,112,129,118,39,34,3,14,9,84,10,116" hai1="79,28,86,25,78,18,58,70,135,119,51,125,62" hai2="67,113,29,75,115,108,17,82,134,44,124,32,110" hai3="106,49,5,109,92,20,37,117,76,0,93,31,68"/><T105/><D39/><U91/><E119/><V40/><F124/><W126/><G92/><T1/><D105/><U47/><E125/><V27/><F134/><W24/><G126/><T72/><D72/><U95/><E70/><V33/><F33/><W45/><G68/><T46/><D46/><U57/><E135/><V102/><F17/><W50/><G106/><T122/><D84/><U11/><E58/><V98/><F67/><W101/><G50/><T83/><D83/><U30/><E30/><V19/><F19/><W42/><G93/><T4/><D94/><U120/><E120/><V55/><F55/><W100/><G109/><N who="2" m="42089" /><F82/><W43/><G117/><N who="0" m="45163" /><D122/><U128/><E18/><V54/><F54/><W131/><G43/><T41/><D41/><U87/><E87/><V114/><F75/><W80/><G49/><T8/><D129/><U53/><E11/><N who="0" m="4169" /><D34/><U107/><E107/><N who="2" m="63959" /><F115/><W88/><G131/><T104/><D104/><U21/><REACH who="1" step="1"/><E128/><REACH who="1" ten="250,240,250,250" step="2"/><V90/><F90/><W121/><G88/><T60/><D60/><U127/><E127/><V48/><AGARI ba="0,1" hai="27,29,32,40,44,48,113,114" m="63959,42089" machi="48" ten="30,4000,0" yaku="14,1,52,2" doraHai="111" who="2" fromWho="2" sc="250,-20,240,-10,250,50,250,-10" /><INIT seed="1,0,0,0,2,15" ten="230,230,300,240" oya="1" hai0="19,124,110,111,3,16,6,22,104,32,56,83,94" hai1="133,7,11,114,134,58,9,30,107,64,40,33,132" hai2="42,28,90,93,54,75,10,2,21,103,24,67,8" hai3="70,99,68,80,34,100,41,73,115,85,91,44,39"/><U74/><E107/><V78/><F42/><W18/><G115/><T81/><D104/><U48/><E74/><V88/><F67/><W98/><G34/><T135/><D32/><U47/><E114/><V4/><F10/><W95/><G98/><T17/><D124/><U112/><E112/><V49/><F103/><W37/><G37/><T69/><D69/><U130/><E130/><V101/><F101/><W126/><G126/><T116/><D116/><U121/><E121/><V0/><F0/><W14/><REACH who="3" step="1"/><G73/><REACH who="3" ten="230,230,300,230" step="2"/><T72/><D72/><U60/><E7/><V59/><REACH who="2" step="1"/><F93/><REACH who="2" ten="230,230,290,230" step="2"/><W119/><G119/><T63/><D94/><U50/><E132/><V128/><F128/><W51/><G51/><T13/><D135/><U109/><E134/><V123/><F123/><W127/><G127/><T102/><D102/><U38/><E133/><V31/><F31/><W120/><G120/><T97/><D97/><U20/><E50/><V113/><F113/><W125/><G125/><T55/><D3/><U89/><E48/><V66/><F66/><W65/><G65/><T23/><D6/><U131/><E64/><V61/><F61/><W118/><G118/><T53/><D53/><U43/><E60/><V25/><F25/><W62/><G62/><T79/><D83/><AGARI ba="0,2" hai="2,4,8,21,24,28,49,54,59,75,78,83,88,90" machi="83" ten="40,2600,0" yaku="1,1,54,1,53,0" doraHai="15" doraHaiUra="12" who="2" fromWho="0" sc="230,-26,230,0,290,46,230,0" /><INIT seed="2,0,0,5,0,25" ten="204,230,336,230" oya="2" hai0="114,83,18,102,52,61,66,40,53,42,131,110,26" hai1="43,117,65,128,31,106,97,85,132,118,77,19,101" hai2="29,69,30,72,104,103,116,67,49,86,64,80,100" hai3="10,112,88,8,27,120,96,70,5,113,92,13,127"/><V15/><F116/><W108/><G70/><T33/><D114/><U50/><E132/><V94/><F72/><W21/><G120/><T7/><D110/><U51/><E128/><V62/><F104/><W74/><G74/><T28/><D131/><U124/><E65/><N who="2" m="25163" /><F69/><W39/><G39/><T82/><D102/><N who="2" m="38954" /><F62/><W75/><G108/><T135/><D135/><U4/><E4/><V78/><F94/><W133/><G133/><T126/><D126/><U99/><E124/><V36/><F36/><W23/><G75/><T84/><D83/><U76/><E19/><V46/><F15/><W73/><G73/><T87/><D87/><U34/><E106/><V122/><F122/><W0/><G127/><T115/><D115/><U95/><E101/><V44/><F44/><W93/><G93/><T105/><D105/><U107/><E107/><V14/><F14/><W58/><G58/><T71/><D7/><U24/><E118/><V59/><F59/><W16/><REACH who="3" step="1"/><G23/><REACH who="3" ten="204,230,336,220" step="2"/><T79/><D18/><AGARI ba="0,1" hai="0,5,8,10,13,16,18,21,27,88,92,96,112,113" machi="18" ten="40,8000,1" yaku="1,1,2,1,54,2,53,1" doraHai="25" doraHaiUra="32" who="3" fromWho="0" sc="204,-80,230,0,336,0,220,90" /><INIT seed="3,0,0,3,0,83" ten="124,230,336,310" oya="3" hai0="37,0,72,127,98,34,102,12,118,9,133,113,77" hai1="4,85,16,47,101,90,30,55,64,24,27,45,53" hai2="111,68,22,11,84,97,109,73,116,130,57,7,20" hai3="106,36,71,119,3,123,81,114,33,121,91,126,128"/><W74/><G91/><T15/><D118/><U62/><E4/><V108/><F116/><W17/><G17/><T46/><D34/><U76/><E101/><V125/><F68/><W2/><G81/><N who="0" m="45223" /><D113/><U132/><E132/><V8/><F73/><W112/><G3/><T35/><D35/><U31/><E76/><V135/><F135/><W80/><G80/><T82/><D133/><U21/><E31/><V14/><F130/><W28/><G28/><T79/><D127/><U131/><E131/><V107/><F125/><W26/><G26/><T117/><D117/><U89/><E89/><V39/><F39/><W75/><G75/><N who="0" m="43391" /><D102/><U50/><E55/><V41/><F41/><W67/><G67/><T122/><D122/><U94/><E47/><V134/><F134/><W63/><G114/><T51/><D51/><U6/><E6/><N who="2" m="3351" /><F107/><W78/><G123/><T43/><D98/><U58/><E30/><V86/><F97/><W1/><G121/><T52/><D52/><U69/><E69/><V5/><F57/><W23/><G119/><T96/><D96/><U32/><E32/><V48/><F48/><W93/><G126/><T10/><D10/><U124/><E124/><V61/><F61/><W44/><G63/><T29/><D29/><U104/><E104/><V100/><F100/><W25/><G106/><T13/><D13/><AGARI ba="0,0" hai="13,16,21,24,27,45,50,53,58,62,64,85,90,94" machi="13" ten="30,7700,0" yaku="7,1,8,1,52,1,54,1" doraHai="83" who="1" fromWho="0" sc="124,-77,230,77,336,0,310,0" /><INIT seed="4,0,0,3,0,27" ten="47,307,336,310" oya="0" hai0="11,60,33,21,110,80,17,59,37,114,35,125,92" hai1="44,124,116,103,63,122,55,98,51,91,65,81,39" hai2="88,12,131,106,123,66,119,79,48,57,24,1,40" hai3="117,127,115,61,47,112,82,28,10,52,75,3,45"/><T89/><D37/><U132/><E116/><V32/><F123/><W118/><G82/><T62/><D125/><U67/><E122/><V73/><F106/><W42/><G75/><T14/><D114/><N who="3" m="43561" /><G10/><T104/><D104/><U53/><E124/><V25/><F1/><W0/><G3/><T129/><D129/><U77/><E132/><V50/><F131/><W16/><G0/><T107/><D107/><U87/><E39/><V102/><F119/><W68/><G127/><T13/><D62/><U26/><E55/><V46/><F102/><W2/><G2/><T101/><D101/><U6/><E6/><V38/><F25/><W105/><G105/><T126/><D80/><U90/><E65/><V18/><F66/><N who="3" m="41039" /><G16/><T128/><D128/><U113/><E113/><V23/><F57/><W70/><G70/><T74/><D126/><U99/><E99/><V4/><F4/><W8/><G8/><T111/><D74/><U49/><E49/><V100/><F100/><W69/><G28/><T9/><D9/><U83/><E98/><V108/><F108/><N who="0" m="41514" /><D13/><U15/><E15/><V78/><F73/><W58/><G69/><T93/><D11/><U5/><E103/><V85/><F38/><N who="3" m="21719" /><G47/><T84/><D93/><U135/><E44/><V54/><F12/><W36/><G36/><T64/><AGARI ba="0,0" hai="14,17,21,33,35,59,60,64,84,89,92" m="41514" machi="64" ten="30,1500,0" yaku="10,1" doraHai="27" who="0" fromWho="0" sc="47,15,307,-5,336,-5,310,-5" /><INIT seed="4,1,0,4,2,132" ten="62,302,331,305" oya="0" hai0="21,94,6,66,2,68,100,70,89,71,5,67,113" hai1="110,35,56,57,40,61,85,131,99,77,43,64,93" hai2="11,97,104,16,19,79,78,49,12,27,92,121,62" hai3="37,87,84,81,69,80,119,54,86,58,107,117,47"/><T102/><D113/><U3/><E35/><V14/><F121/><W8/><G69/><T115/><D115/><U53/><E3/><V65/><F104/><W4/><G107/><T106/><D106/><U111/><E131/><V50/><F19/><W135/><G135/><T26/><D2/><U38/><E38/><V116/><F116/><W130/><G130/><T32/><D32/><U9/><E9/><V25/><F14/><W44/><G37/><T91/><D94/><U98/><E110/><V125/><F125/><W96/><G96/><N who="1" m="36906" /><E111/><V95/><F95/><W39/><G39/><T48/><D48/><N who="1" m="30759" /><E77/><V123/><F123/><W103/><G103/><N who="0" m="39467" /><D21/><U31/><E31/><V76/><F50/><W75/><G75/><T127/><D26/><U82/><E82/><N who="3" m="31850" /><G117/><T59/><D59/><U90/><AGARI ba="1,0" hai="40,43,57,61,64,85,90,93" m="30759,36906" machi="90" ten="30,1100,0" yaku="8,1" doraHai="132" who="1" fromWho="1" sc="62,-6,302,14,331,-4,305,-4" /><INIT seed="5,0,0,1,1,116" ten="56,316,327,301" oya="1" hai0="96,22,103,109,89,131,56,83,120,27,37,5,19" hai1="54,40,123,75,12,65,108,1,133,57,9,63,97" hai2="135,77,104,16,127,28,24,39,53,68,70,14,64" hai3="98,106,101,93,6,90,79,26,69,45,114,129,121"/><U59/><E75/><V66/><F104/><W105/><G6/><T34/><D109/><U32/><E1/><V33/><F39/><W111/><G69/><T113/><D113/><U11/><E32/><V44/><F135/><W76/><G45/><T62/><D37/><U29/><E108/><V15/><F127/><W78/><G26/><T60/><D60/><U82/><E29/><V91/><F77/><W52/><G52/><T74/><D131/><U134/><E82/><V35/><F35/><W41/><G41/><T125/><D125/><U117/><E40/><V30/><F30/><W25/><G25/><T0/><D0/><U87/><E87/><V118/><F118/><W8/><G8/><T85/><D5/><U7/><E117/><V81/><F15/><W51/><G51/><T4/><D4/><U112/><E112/><V13/><F13/><W67/><G67/><T80/><D74/><U71/><E9/><V100/><F100/><W43/><G43/><T115/><D115/><U102/><E123/><V110/><F110/><W132/><G114/><T2/><D2/><U122/><E122/><V36/><F36/><W55/><G55/><T49/><D49/><U58/><REACH who="1" step="1"/><E54/><REACH who="1" ten="56,306,327,301" step="2"/><V95/><F81/><W18/><G111/><T47/><D34/><U94/><AGARI ba="0,1" hai="7,11,12,57,58,59,63,65,71,94,97,102,133,134" machi="94" ten="30,6000,0" yaku="1,1,2,1,0,1,53,0" doraHai="116" doraHaiUra="21" who="1" fromWho="1" sc="56,-20,306,70,327,-20,301,-20" /><INIT seed="5,1,0,3,0,23" ten="36,376,307,281" oya="1" hai0="26,20,60,53,6,22,25,121,81,89,28,108,116" hai1="49,125,103,102,24,77,72,110,37,91,58,46,87" hai2="9,98,62,76,132,44,115,64,105,57,34,36,41" hai3="1,0,12,2,86,13,79,70,133,8,17,3,122"/><U43/><E110/><V104/><F132/><W127/><G70/><T45/><D116/><U78/><E125/><V120/><F120/><W61/><N who="3" m="512" /><DORA hai="59" /><W14/><G122/><T82/><D108/><U27/><E37/><V80/><F34/><W124/><G133/><T52/><D121/><U63/><E72/><V109/><F109/><W10/><G86/><N who="0" m="50383" /><D6/><U54/><E78/><V134/><F134/><W50/><G79/><T101/><D101/><N who="1" m="38411" /><E77/><V100/><F115/><W5/><G50/><N who="0" m="28751" /><D82/><AGARI ba="1,0" hai="24,27,43,46,49,54,58,63,82,87,91" m="38411" machi="82" ten="30,11600,0" yaku="8,1,52,3" doraHai="23,59" who="1" fromWho="0" sc="36,-119,376,119,307,0,281,0" owari="-83,-58.0,495,59.0,307,11.0,281,-12.0" /></mjloggm>