<mjloggm ver="2.3"><GO type="169" lobby="0"/><UN n0="%E4%B8%80%E7%94%9F%E6%87%B8%E5%91%BD" n1="%EF%BC%88%E2%89%A7%E2%96%BD%E2%89%A6%EF%BC%89" n2="%E3%81%A1%E3%81%8F%E3%81%8D" n3="%E3%83%99%E3%83%AB%E3%81%A0%E3%81%91%E8%A8%AD%E5%AE%9A%EF%BC%96" dan="17,17,18,16" rate="2155,2132,2157,2053" sx="M,M,M,M"/><TAIKYOKU oya="0"/><INIT seed="0,0,0,3,2,50" ten="250,250,250,250" oya="0" hai0="65,103,51,113,2,27,68,74,46,10,14,56,53" hai1="128,0,132,69,23,12,79,124,134,118,127,29,33" hai2="129,133,96,99,82,42,55,111,39,100,75,105,6" hai3="80,89,85,25,93,31,106,121,120,38,117,19,76"/><T130/><D113/><U67/><E79/><V36/><F111/><W115/><G115/><T102/><D2/><U15/><E0/><V77/><F129/><W13/><G38/><T18/><D74/><U57/><E69/><V98/><F133/><N who="1" m="51305" /><E118/><V16/><F6/><W71/><G71/><T95/><D130/><U45/><E45/><V7/><F7/><W17/><G106/><T110/><D68/><U63/><E128/><V92/><F42/><W59/><G59/><T9/><D110/><U73/><E73/><V30/><F30/><W64/><G64/><T11/><D27/><N who="1" m="16639" /><E33/><V88/><F98/><W72/><G117/><T116/><D116/><U108/><E108/><V135/><F135/><W78/><G78/><T70/><D70/><U126/><AGARI ba="0,0" hai="12,15,57,63,67,124,126,127" m="16639,51305" machi="126" ten="40,2700,0" yaku="18,1,20,1" doraHai="50" who="1" fromWho="1" sc="250,-13,250,27,250,-7,250,-7" /><INIT seed="1,0,0,0,0,105" ten="237,277,243,243" oya="1" hai0="35,76,57,34,114,112,132,38,6,125,95,120,8" hai1="127,36,3,100,9,29,47,61,87,83,24,13,17" hai2="19,14,104,33,111,46,2,41,71,133,21,56,106" hai3="63,98,1,93,32,50,117,70,90,48,123,15,39"/><U131/><E131/><V72/><F71/><W65/><G1/><N who="0" m="79" /><D95/><U26/><E127/><V81/><F33/><N who="0" m="12298" /><D57/><U0/><E100/><V103/><F2/><W115/><G32/><T124/><D38/><U92/><E92/><V64/><F103/><W99/><G39/><T116/><D76/><U79/><E26/><V27/><F27/><W97/><G115/><N who="0" m="44075" /><D116/><U102/><E102/><V49/><F106/><W101/><G117/><T20/><D132/><U10/><E61/><V59/><F104/><W130/><G98/><T77/><D77/><U121/><E36/><V58/><F133/><W4/><G50/><T107/><D107/><U68/><E68/><V16/><F64/><W62/><G48/><T40/><D40/><U23/><E47/><V110/><REACH who="2" step="1"/><F19/><REACH who="2" ten="237,277,233,243" step="2"/><W12/><G65/><T45/><D125/><U44/><E17/><V108/><F108/><W37/><G70/><T80/><D124/><U134/><E3/><V60/><F60/><W86/><G62/><T119/><D119/><U28/><E0/><V84/><F84/><W128/><G63/><T75/><D120/><U91/><E121/><V118/><F118/><W18/><G123/><T11/><D45/><U135/><E44/><V109/><F109/><W52/><G101/><T78/><D20/><U7/><E135/><V30/><F30/><W113/><G113/><T67/><D67/><U89/><E134/><V85/><F85/><W94/><G86/><T54/><D11/><N who="1" m="4351" /><E29/><V51/><F51/><W73/><G37/><T66/><D66/><U82/><E91/><V96/><F96/><W5/><G90/><RYUUKYOKU ba="0,1" sc="237,10,277,10,233,10,243,-30" hai0="54,75,78,80" hai1="9,10,23,24,28,79,82,83,87,89" hai2="14,16,21,41,46,49,56,58,59,72,81,110,111" /><INIT seed="1,1,1,3,0,55" ten="247,287,243,213" oya="1" hai0="49,122,94,71,33,15,44,110,88,58,17,117,47" hai1="103,62,135,63,93,67,7,48,86,27,107,43,98" hai2="35,73,78,79,69,30,105,32,36,19,89,68,45" hai3="11,129,121,82,84,76,65,74,133,101,52,66,40"/><U54/><E135/><V119/><F105/><W1/><G121/><T6/><D71/><U50/><E7/><V16/><F119/><W106/><G40/><T116/><D33/><U113/><E113/><V61/><F89/><W72/><G133/><T90/><D116/><U41/><E107/><V81/><F78/><W39/><G39/><T2/><D117/><U8/><E8/><V91/><F91/><N who="0" m="34858" /><D2/><U26/><E86/><V24/><F35/><W95/><G129/><T0/><D0/><U87/><E87/><V77/><F77/><W114/><G114/><T97/><D6/><U120/><E120/><V109/><F109/><W60/><G72/><T99/><D110/><U111/><E111/><V92/><F92/><W131/><G131/><T21/><D122/><U96/><E96/><N who="0" m="36937" /><D94/><U29/><E93/><V3/><F3/><W38/><G106/><T25/><D25/><U112/><E112/><V13/><F19/><W34/><G34/><T5/><D5/><U102/><E98/><V59/><F36/><W20/><G95/><T128/><D128/><U115/><E115/><V42/><F42/><W100/><G38/><T46/><D49/><U104/><E104/><V57/><F69/><W22/><G74/><T70/><D70/><U56/><E27/><V23/><F68/><W51/><G1/><T14/><D15/><U85/><E102/><V132/><F132/><W4/><G100/><T130/><D130/><U123/><E103/><V83/><F24/><W125/><G101/><T64/><D64/><N who="1" m="38983" /><E123/><V31/><F13/><W37/><G4/><T28/><D28/><RYUUKYOKU ba="1,1" sc="247,30,287,-10,243,-10,213,-10" hai0="14,17,21,44,46,47,58" /><INIT seed="2,2,1,2,4,113" ten="277,277,233,203" oya="2" hai0="104,58,96,111,31,115,9,6,13,135,76,75,91" hai1="26,83,105,54,128,107,134,36,40,80,16,44,37" hai2="34,12,85,1,5,22,11,116,74,69,14,89,79" hai3="42,19,48,122,7,78,82,51,95,21,52,41,90"/><V45/><F69/><W130/><G130/><T100/><D115/><U0/><E0/><V133/><F34/><W28/><G122/><T66/><D111/><U24/><E128/><V73/><F116/><W33/><G7/><T106/><D31/><U118/><E118/><V102/><F102/><W43/><G33/><T17/><D135/><U57/><E134/><V125/><F133/><W35/><G35/><T60/><D91/><U112/><E112/><V129/><F129/><W124/><G124/><T132/><D132/><U114/><E114/><V32/><F32/><W15/><G28/><T103/><D103/><U101/><E37/><V20/><F125/><W29/><G29/><T59/><D106/><U38/><E38/><V70/><F70/><W49/><G78/><T120/><D120/><U127/><E127/><V18/><F79/><W81/><REACH who="3" step="1"/><G52/><REACH who="3" ten="277,277,233,193" step="2"/><T30/><D30/><U39/><E54/><V25/><F45/><W50/><N who="3" m="12288" /><DORA hai="64" /><W23/><G23/><T27/><D76/><U86/><E44/><V63/><F1/><W117/><G117/><T99/><D6/><U92/><E36/><V87/><F22/><W108/><G108/><T53/><D53/><U109/><E39/><V4/><F4/><W68/><G68/><T97/><D59/><U77/><E57/><V72/><F5/><W56/><G56/><T3/><D3/><U110/><E109/><V46/><F11/><W2/><G2/><T123/><D123/><U84/><E110/><V119/><F46/><W55/><G55/><T47/><D47/><U71/><E71/><V94/><F119/><RYUUKYOKU ba="2,2" sc="277,-10,277,-10,233,-10,193,30" hai3="15,19,21,41,42,43,81,82,90,95" /><INIT seed="3,3,2,1,1,14" ten="267,267,223,223" oya="3" hai0="18,87,100,133,41,110,67,74,105,30,77,80,35" hai1="44,135,54,7,31,122,79,69,132,34,82,113,97" hai2="75,119,61,13,109,76,3,6,102,55,20,48,40" hai3="93,95,94,112,118,72,131,32,42,78,36,28,116"/><W128/><G112/><T96/><D41/><U89/><E69/><V26/><F119/><N who="3" m="45611" /><G42/><T107/><D67/><U91/><E7/><V22/><F3/><W121/><G36/><T29/><D35/><U126/><E126/><V16/><F109/><W43/><G43/><T9/><D107/><U45/><E122/><V98/><F40/><W23/><G32/><T0/><D110/><U111/><E111/><V53/><F61/><W129/><G28/><T46/><D46/><N who="1" m="18027" /><E54/><V17/><F6/><W125/><G23/><T71/><D71/><U57/><E57/><V103/><F48/><W62/><G62/><T92/><D0/><U12/><E97/><V108/><F108/><W51/><G51/><T56/><D56/><U86/><E113/><V127/><F127/><W21/><G21/><T60/><D60/><U114/><E114/><V63/><F63/><W124/><G121/><T10/><D10/><U130/><E12/><V37/><F37/><W2/><G2/><T66/><D66/><U1/><E1/><V50/><F50/><W101/><G101/><T11/><D11/><U90/><E31/><V5/><F5/><W106/><G106/><T85/><D105/><U117/><E34/><V120/><F120/><W104/><G104/><T33/><D30/><U83/><E117/><V64/><F64/><W15/><G15/><N who="0" m="7535" /><D29/><U19/><E19/><V39/><F39/><W81/><AGARI ba="3,2" hai="72,78,81,93,94,95,124,125,128,129,131" m="45611" machi="81" ten="50,9600,0" yaku="19,1,34,2" doraHai="14" who="3" fromWho="3" sc="267,-35,267,-35,223,-35,223,125" /><INIT seed="3,4,0,3,4,124" ten="232,232,188,348" oya="3" hai0="52,48,39,77,72,54,56,0,26,30,11,12,14" hai1="71,37,78,94,3,106,76,7,110,101,133,44,113" hai2="43,27,1,33,8,51,103,83,32,53,129,125,34" hai3="89,22,128,41,74,105,95,119,122,23,2,21,38"/><W58/><G105/><T67/><D39/><U86/><E71/><V45/><F125/><W9/><G122/><T17/><D0/><U97/><E113/><V31/><F103/><W5/><G74/><T108/><D108/><U126/><E126/><V98/><F98/><W59/><G119/><T20/><D67/><U24/><E110/><V40/><F129/><W120/><G120/><T112/><D112/><U35/><E133/><V69/><F69/><W68/><G68/><T135/><D135/><U107/><E35/><V62/><F83/><W79/><G79/><T87/><D72/><U47/><E24/><V111/><F111/><W81/><G81/><N who="0" m="47535" /><D54/><U4/><E3/><V10/><F43/><W18/><G18/><T61/><D14/><U46/><E37/><V57/><REACH who="2" step="1"/><F1/><REACH who="2" ten="232,232,178,348" step="2"/><W55/><G41/><T75/><D75/><U104/><E101/><V100/><F100/><W93/><G128/><T15/><D15/><U60/><E97/><V88/><F88/><W134/><G89/><T99/><D99/><U6/><E78/><V50/><F50/><AGARI ba="4,1" hai="11,12,17,20,26,30,48,50,52,56,61" m="47535" machi="50" ten="30,2000,0" yaku="8,1,54,1" doraHai="124" who="0" fromWho="2" sc="232,42,232,0,178,-32,348,0" /><INIT seed="4,0,0,4,3,22" ten="274,232,146,348" oya="0" hai0="85,42,34,67,4,126,131,44,110,98,21,12,92" hai1="94,53,35,112,14,81,9,83,63,102,47,31,87" hai2="3,37,132,123,57,69,127,62,108,16,109,64,46" hai3="10,33,20,73,52,89,135,15,82,45,116,27,101"/><T90/><D34/><U111/><E111/><V49/><F3/><W114/><G116/><T8/><D110/><U40/><E112/><V118/><F123/><W113/><G33/><T75/><D75/><U107/><E107/><V96/><F118/><W30/><G101/><T41/><D131/><U95/><E31/><V55/><F132/><W130/><G135/><T134/><D134/><U59/><E35/><V68/><F127/><W32/><G130/><T100/><D126/><U133/><E133/><V24/><F96/><W1/><G73/><T17/><D67/><U48/><E102/><V129/><F129/><W91/><G32/><T65/><D65/><U125/><E125/><V29/><F29/><W74/><G1/><T72/><D72/><U66/><E66/><V106/><F106/><W99/><G99/><T97/><D44/><U105/><E105/><V5/><F5/><W104/><G104/><T88/><D98/><U119/><E119/><V103/><F103/><W51/><G74/><T71/><D71/><U115/><E115/><N who="3" m="44042" /><G82/><N who="1" m="31242" /><E87/><V38/><F38/><W58/><G45/><T43/><REACH who="0" step="1"/><D85/><REACH who="0" ten="264,232,146,348" step="2"/><U25/><E47/><V122/><F69/><W78/><G78/><T54/><D54/><U18/><E53/><V26/><F122/><W121/><G121/><T86/><D86/><U36/><E59/><V80/><F109/><W124/><G124/><T13/><AGARI ba="0,1" hai="4,8,12,13,17,21,41,42,43,88,90,92,97,100" machi="13" ten="30,12000,1" yaku="1,1,0,1,8,1,54,1,53,1" doraHai="22" doraHaiUra="19" who="0" fromWho="0" sc="264,130,232,-40,146,-40,348,-40" /><INIT seed="4,1,0,1,1,52" ten="394,192,106,308" oya="0" hai0="68,130,95,19,33,26,32,12,101,102,82,36,121" hai1="22,98,120,21,78,107,125,5,119,39,44,111,53" hai2="76,60,56,97,65,57,38,92,90,15,110,18,55" hai3="64,11,123,96,72,35,85,30,87,69,70,37,89"/><T115/><D36/><U49/><E111/><V58/><F110/><W34/><G72/><T7/><D121/><U9/><E120/><V114/><F38/><W109/><G109/><T61/><D115/><U0/><E119/><V131/><F114/><W99/><G37/><T62/><D130/><U23/><E125/><V63/><F131/><W48/><G123/><T124/><D124/><U29/><E39/><V104/><F104/><W128/><G128/><T10/><D82/><U134/><E134/><V74/><F74/><W8/><G48/><T118/><D118/><U24/><E78/><V51/><F76/><W43/><G64/><T14/><D68/><U6/><E6/><V66/><F15/><W25/><G25/><T75/><D75/><U91/><E107/><V67/><F18/><W47/><G47/><AGARI ba="1,0" hai="47,51,55,56,57,58,60,63,65,66,67,90,92,97" machi="47" ten="40,8000,1" yaku="8,1,52,3" doraHai="52" who="2" fromWho="3" sc="394,0,192,0,106,83,308,-83" /><INIT seed="5,0,0,1,0,1" ten="394,192,189,225" oya="1" hai0="36,57,69,99,17,67,4,91,132,97,103,60,129" hai1="82,34,65,134,86,45,64,78,29,13,33,58,120" hai2="107,20,84,24,126,26,2,98,90,9,85,71,110" hai3="109,10,94,93,54,133,135,52,63,92,14,35,105"/><U44/><E120/><V88/><F71/><W124/><G105/><T16/><D36/><U30/><E134/><N who="3" m="51210" /><G109/><T7/><D132/><U25/><E13/><V106/><F110/><W116/><G35/><T21/><D69/><U80/><E58/><V12/><F2/><W111/><G111/><T59/><D129/><U77/><REACH who="1" step="1"/><E86/><REACH who="1" ten="394,182,189,225" step="2"/><V42/><F85/><W28/><G14/><N who="0" m="9367" /><D59/><U6/><E6/><N who="0" m="2089" /><D103/><U83/><E83/><V72/><F12/><W31/><G116/><T113/><D113/><U32/><E32/><V43/><F72/><W61/><G10/><T37/><D37/><U66/><E66/><V112/><F9/><W125/><G125/><T119/><D119/><U102/><E102/><V8/><F126/><W95/><G124/><T74/><D74/><U49/><E49/><V114/><F8/><W23/><G63/><T48/><D48/><U108/><E108/><V22/><F114/><W40/><G61/><T115/><D115/><U18/><E18/><V73/><F73/><W127/><G127/><T100/><D100/><U39/><E39/><V131/><F112/><W46/><G31/><T5/><D5/><U76/><E76/><V104/><F131/><W87/><G87/><T79/><D79/><U0/><E0/><V130/><F84/><W89/><G28/><T123/><D123/><U56/><E56/><V68/><F68/><W122/><G122/><T55/><D67/><U96/><E96/><N who="0" m="36937" /><D17/><U53/><E53/><V11/><F130/><W117/><G52/><T70/><D70/><U118/><E118/><V121/><F106/><W27/><G117/><RYUUKYOKU ba="0,1" sc="394,15,182,15,189,-15,225,-15" hai0="55,57,60,91" hai1="25,29,30,33,34,44,45,64,65,77,78,80,82" /><INIT seed="5,1,1,1,4,134" ten="409,197,174,210" oya="1" hai0="69,133,131,61,29,79,66,0,47,21,3,96,5" hai1="107,84,82,73,128,36,43,116,102,106,54,13,135" hai2="92,71,57,17,49,117,59,7,40,126,55,86,109" hai3="77,56,118,18,90,11,67,88,46,94,103,115,34"/><U22/><E73/><V16/><F117/><W52/><G34/><T120/><D133/><U121/><E135/><V72/><F109/><W104/><G118/><T26/><D79/><U100/><E116/><V75/><F71/><W32/><G32/><T28/><D28/><U62/><E121/><V39/><F7/><W83/><G115/><T8/><D131/><U81/><E128/><V51/><F39/><W37/><G67/><T14/><D120/><U6/><E107/><V78/><F126/><W122/><G122/><T63/><D63/><U64/><E106/><V50/><F40/><W68/><G68/><T41/><D96/><U20/><E36/><AGARI ba="1,1" hai="0,3,5,8,14,21,26,29,36,41,47,61,66,69" machi="36" ten="30,1000,0" yaku="7,1" doraHai="134" who="0" fromWho="1" sc="409,23,197,-13,174,0,210,0" /><INIT seed="6,0,0,2,4,61" ten="432,184,174,210" oya="2" hai0="110,47,53,98,34,116,57,79,74,103,21,85,6" hai1="94,122,7,88,115,63,15,26,125,72,30,58,66" hai2="36,4,112,11,93,96,9,23,41,39,49,52,62" hai3="109,24,91,107,111,102,35,101,82,134,12,83,51"/><V132/><F112/><W56/><G134/><T1/><D34/><U0/><E72/><V60/><F132/><W105/><G12/><T59/><D74/><U87/><E0/><V77/><F77/><W44/><G56/><T76/><D110/><U127/><E122/><V10/><F4/><W54/><G35/><T121/><D121/><U104/><E104/><V78/><F78/><W55/><G24/><T8/><D47/><U123/><E115/><V45/><F23/><W32/><G32/><T129/><D59/><U80/><E123/><V133/><F133/><W92/><G92/><T68/><D68/><U13/><E80/><V100/><REACH who="2" step="1"/><F41/><REACH who="2" ten="432,184,164,210" step="2"/><W65/><G111/><T118/><D79/><U67/><E7/><V38/><AGARI ba="0,1" hai="9,10,11,36,38,39,45,49,52,60,62,93,96,100" machi="38" ten="40,18000,2" yaku="1,1,2,1,0,1,54,1,53,3" doraHai="61" doraHaiUra="5" who="2" fromWho="2" sc="432,-60,184,-60,164,190,210,-60" /><INIT seed="6,1,0,1,0,16" ten="372,124,354,150" oya="2" hai0="57,58,61,33,127,126,77,108,133,112,103,25,36" hai1="31,132,65,35,56,86,78,134,83,73,113,22,106" hai2="87,40,59,20,115,53,2,17,49,109,18,42,71" hai3="130,30,102,128,74,7,120,34,82,38,91,15,96"/><V19/><F71/><W4/><G120/><T48/><D108/><U37/><E106/><V28/><F2/><W41/><G38/><T99/><D36/><U64/><E113/><V0/><F0/><W90/><G41/><N who="2" m="15977" /><F115/><W88/><G34/><T123/><D112/><U44/><E35/><V85/><F109/><W50/><G30/><N who="0" m="19663" /><D123/><U122/><E122/><V97/><F97/><W81/><G50/><T8/><D77/><U12/><E37/><V98/><F98/><W80/><G15/><T129/><D129/><N who="3" m="49769" /><G74/><T5/><D48/><U105/><E105/><AGARI ba="1,0" hai="4,7,80,81,82,88,90,91,96,102,105" m="49769" machi="105" ten="40,2600,0" yaku="19,1,54,1" doraHai="16" who="3" fromWho="1" sc="372,0,124,-29,354,0,150,29" /><INIT seed="7,0,0,4,2,4" ten="372,95,354,179" oya="3" hai0="14,89,96,16,7,98,101,40,70,51,19,50,122" hai1="125,81,103,120,37,45,10,66,116,20,26,131,72" hai2="44,74,100,102,85,38,83,123,126,25,115,5,99" hai3="60,107,9,13,71,47,129,132,54,21,62,22,65"/><W111/><G107/><T108/><D122/><U67/><E120/><V52/><F123/><W90/><G129/><T33/><D70/><U130/><E116/><V104/><F74/><W76/><G132/><T15/><D33/><U110/><E110/><V78/><F102/><W82/><G111/><T34/><D34/><U114/><E103/><V73/><F126/><W55/><G90/><T53/><D7/><U12/><E125/><V30/><F115/><W69/><G47/><N who="0" m="25959" /><D101/><U109/><E114/><V79/><F5/><W39/><G39/><T119/><D119/><U133/><E109/><V75/><F79/><W29/><G29/><T24/><D24/><U88/><E133/><V68/><F68/><W46/><G46/><N who="0" m="27895" /><D108/><U43/><E72/><V17/><F17/><N who="0" m="6730" /><D98/><U80/><E131/><V127/><F127/><W23/><G69/><T61/><D61/><U0/><E130/><V121/><F121/><W28/><G28/><T57/><D57/><U113/><E113/><V134/><F134/><W86/><REACH who="3" step="1"/><G62/><REACH who="3" ten="372,95,354,169" step="2"/><T56/><D56/><U135/><E135/><V48/><F38/><W3/><G3/><T32/><D32/><AGARI ba="0,1" hai="25,30,32,44,48,52,73,75,78,83,85,99,100,104" machi="32" ten="30,2000,0" yaku="7,1,54,1" doraHai="4" who="2" fromWho="0" sc="372,-20,95,0,354,30,169,0" owari="352,15.0,95,-40.0,384,48.0,169,-23.0" /></mjloggm>