<mjloggm ver="2.3"><GO type="41"/><UN n0="%E3%82%BD%E3%82%A6%E3%83%AB%E3%81%B2%E3%81%A7" n1="%E3%83%AD%E3%82%B8%E3%82%AB%E3%83%AB%E6%B4%BE%E9%9B%80%E5%A3%AB" n2="%E3%82%A6%E3%83%AB%E3%83%88%E3%83%A9%E7%AB%8B%E7%9B%B4" n3="%E3%82%AA%E3%83%99%E3%83%83%E3%82%AB%E3%83%A0" dan="14,13,15,15" rate="1850,1923,2010,1861" sx="M,F,M,M"/><TAIKYOKU oya="0"/><INIT seed="0,0,0,2,5,23" ten="250,250,250,250" oya="0" hai0="62,82,11,86,55,122,12,112,45,3,75,79,69" hai1="84,34,66,49,81,16,61,129,60,2,33,28,113" hai2="126,24,88,83,1,120,118,70,71,8,21,80,51" hai3="47,13,67,68,116,26,133,100,132,92,97,52,25"/><T29/><D3/><U18/><E2/><V78/><F120/><W40/><G116/><T43/><D122/><U76/><E113/><V125/><F118/><W130/><G130/><T101/><D112/><U44/><E129/><V9/><F51/><W91/><G13/><T104/><D75/><U22/><E28/><V111/><F1/><W98/><G67/><T56/><D69/><U127/><E127/><N who="2" m="48651" /><F111/><W64/><G64/><T134/><D29/><U36/><E36/><V128/><F128/><W74/><G74/><T4/><D134/><N who="3" m="51817" /><G68/><T102/><REACH who="0" step="1"/><D104/><REACH who="0" ten="240,250,250,250" step="2"/><U106/><E106/><V31/><F71/><W135/><G135/><T123/><D123/><U30/><E30/><V96/><F70/><W114/><G114/><T17/><D17/><U42/><E18/><V46/><F31/><W131/><G131/><T105/><D105/><U6/><E6/><V53/><F8/><W15/><G15/><T99/><D99/><U37/><E34/><V39/><F9/><W77/><G98/><T35/><D35/><U0/><E33/><V27/><F96/><W108/><G108/><T90/><D90/><U87/><E0/><V73/><F21/><W110/><G110/><T94/><D94/><U5/><E5/><V10/><F10/><W115/><G115/><T32/><D32/><U121/><E121/><V89/><F89/><W119/><G91/><T59/><D59/><U41/><E22/><V65/><F88/><W54/><G119/><T103/><D103/><U95/><E95/><V93/><F93/><W72/><G92/><T57/><D57/><U19/><E19/><RYUUKYOKU ba="0,1" sc="240,30,250,-10,250,-10,250,-10" hai0="4,11,12,43,45,55,56,62,79,82,86,101,102" /><INIT seed="0,1,1,5,1,19" ten="270,240,240,240" oya="0" hai0="55,58,28,74,37,78,16,87,47,38,46,80,75" hai1="95,48,84,41,99,102,88,18,0,101,100,110,93" hai2="92,105,53,29,76,111,2,85,23,42,131,113,108" hai3="132,117,114,1,77,12,44,14,112,106,43,109,98"/><T125/><D28/><U130/><E0/><V54/><F105/><W83/><G109/><N who="2" m="42057" /><F2/><W49/><G117/><T127/><D46/><U27/><E130/><V25/><F113/><W22/><G132/><T21/><D74/><U32/><E110/><V33/><F131/><W3/><G3/><T51/><D75/><U9/><E32/><V35/><F42/><W40/><G1/><T121/><D121/><U122/><E122/><V63/><F63/><W10/><G40/><T133/><D133/><U72/><E72/><V90/><F76/><W123/><G123/><T96/><D96/><U128/><E128/><V81/><F81/><W30/><G98/><T45/><D47/><N who="1" m="25711" /><E9/><V62/><F62/><W82/><G106/><T52/><D55/><AGARI ba="1,1" hai="23,25,29,33,35,53,54,55,85,90,92" m="42057" machi="55" ten="30,2000,0" yaku="14,1,52,1" doraHai="19" who="2" fromWho="0" sc="270,-23,240,0,240,33,240,0" /><INIT seed="1,0,0,3,4,59" ten="247,240,273,240" oya="1" hai0="95,131,22,60,9,90,47,118,80,32,84,54,75" hai1="121,1,113,13,81,107,43,56,83,66,16,31,68" hai2="111,134,64,40,53,58,93,65,41,69,82,12,102" hai3="8,35,85,21,52,67,99,119,128,87,89,97,7"/><U135/><E113/><V42/><F82/><W57/><G35/><T6/><D32/><U38/><E121/><V124/><F93/><W45/><G128/><T25/><D131/><U36/><E1/><V28/><F102/><W125/><G125/><T49/><D118/><U11/><E107/><V88/><F88/><W44/><G119/><T73/><D80/><U104/><E104/><V63/><F12/><N who="3" m="5151" /><G21/><T133/><D133/><U30/><E68/><V10/><F10/><W29/><G67/><N who="2" m="25673" /><F28/><W46/><G29/><T20/><D22/><U78/><E81/><V55/><F134/><W37/><G37/><T39/><D39/><U94/><E38/><V117/><F117/><W100/><G100/><T0/><REACH who="0" step="1"/><D60/><REACH who="0" ten="237,240,273,240" step="2"/><U112/><E135/><V91/><F124/><W48/><G87/><T19/><AGARI ba="0,1" hai="0,6,9,19,20,25,47,49,54,73,75,84,90,95" machi="19" ten="20,5200,0" yaku="1,1,2,1,0,1,7,1,53,0" doraHai="59" doraHaiUra="110" who="0" fromWho="0" sc="237,62,240,-26,273,-13,240,-13" /><INIT seed="2,0,0,5,2,85" ten="299,214,260,227" oya="2" hai0="34,56,118,53,113,124,4,33,20,125,14,105,36" hai1="81,41,71,135,93,58,99,39,15,66,18,42,75" hai2="109,97,111,44,98,116,69,102,35,25,77,101,134" hai3="17,23,5,88,92,126,130,54,65,9,108,74,73"/><V70/><F116/><W55/><G108/><N who="2" m="41545" /><F77/><W129/><G126/><T82/><D105/><U114/><E71/><N who="2" m="27147" /><F44/><W6/><G65/><T51/><D36/><U43/><E114/><V50/><F50/><W79/><G79/><T49/><D113/><U115/><E115/><V117/><F117/><W0/><G5/><T76/><D118/><U46/><E135/><V119/><F119/><W127/><G127/><T103/><D103/><N who="2" m="39434" /><F134/><W12/><G74/><T84/><D124/><U122/><E122/><V13/><F13/><W80/><G80/><T1/><D1/><U27/><E27/><V16/><F35/><W19/><G73/><T72/><D72/><U2/><E2/><V68/><N who="2" m="27155" /><V48/><DORA hai="10" /><F48/><W47/><G47/><T32/><D125/><U83/><E75/><V110/><N who="2" m="41553" /><V52/><DORA hai="63" /><F52/><W107/><G107/><T40/><D33/><U28/><E46/><V132/><F132/><W133/><G133/><T30/><D34/><U29/><E39/><V78/><F78/><W123/><G123/><T26/><D32/><U24/><E15/><V89/><F89/><W87/><REACH who="3" step="1"/><G19/><REACH who="3" ten="299,214,260,217" step="2"/><T3/><D4/><U7/><E18/><V22/><AGARI ba="0,1" hai="16,22,25,97,98" m="39434,27155,41553" machi="22" ten="60,11700,0" yaku="14,1,10,1,54,1" doraHai="85,10,63" who="2" fromWho="2" sc="299,-39,214,-39,260,127,217,-39" /><INIT seed="2,1,0,4,3,122" ten="260,175,387,178" oya="2" hai0="94,117,7,103,83,65,10,107,29,104,38,95,67" hai1="92,25,109,131,124,12,2,132,115,90,64,80,121" hai2="93,111,79,6,14,61,26,21,71,126,34,70,19" hai3="11,57,36,0,63,133,28,78,44,47,32,54,43"/><V59/><F126/><W102/><G133/><T110/><D38/><U129/><E121/><V20/><F34/><W66/><G102/><T55/><D29/><U39/><E39/><V116/><F116/><W125/><G125/><T120/><D120/><U41/><E41/><V108/><F79/><W135/><G135/><T105/><D55/><U45/><E45/><V35/><F35/><W17/><G47/><T72/><D10/><U118/><E132/><V50/><F50/><W62/><G78/><T86/><D7/><U42/><E42/><V77/><F77/><W3/><G28/><T75/><D117/><U15/><E2/><V4/><F93/><W60/><G32/><T58/><D58/><U37/><E37/><V1/><F1/><W99/><G99/><T33/><D33/><U119/><E119/><V98/><F98/><W53/><G53/><T112/><D112/><U13/><E115/><V51/><F51/><W8/><G8/><T52/><D52/><U30/><E118/><V76/><F76/><W123/><G123/><T97/><D65/><U134/><E64/><N who="2" m="38975" /><F4/><W23/><G11/><T49/><D49/><U85/><E124/><V22/><F6/><W46/><G44/><T113/><D67/><U96/><E134/><V5/><F5/><W128/><G66/><T18/><D113/><U88/><E30/><N who="2" m="17735" /><F21/><W73/><G73/><T100/><D18/><U31/><E31/><V56/><F56/><W130/><G3/><T69/><D69/><U68/><E68/><V27/><F27/><N who="3" m="14831" /><G0/><T81/><D104/><U48/><E25/><V127/><F127/><RYUUKYOKU ba="1,0" sc="260,-15,175,-15,387,15,178,15" hai2="14,19,22,70,71,108,111" hai3="36,43,46,54,57,60,62,63,128,130" /><INIT seed="2,2,0,4,0,127" ten="245,160,402,193" oya="2" hai0="85,101,74,35,33,73,8,96,14,99,89,72,13" hai1="45,54,47,76,107,53,87,135,68,70,57,129,94" hai2="48,60,2,95,41,58,131,109,104,105,125,46,30" hai3="108,83,28,81,130,100,65,27,6,98,102,39,115"/><V90/><F2/><W18/><G108/><T79/><D79/><U5/><E107/><V34/><F125/><W3/><G39/><T69/><D69/><U1/><E1/><V44/><F34/><W51/><G115/><T7/><D14/><U20/><E5/><V64/><F30/><W117/><G117/><T67/><D67/><U92/><E135/><V128/><F46/><W61/><G18/><T91/><D96/><U78/><E20/><V17/><F17/><W23/><G51/><T37/><D89/><U49/><E87/><N who="2" m="52703" /><F109/><W26/><G27/><T24/><D37/><U93/><E57/><V80/><F80/><W38/><G38/><T119/><D24/><U110/><E110/><V59/><F59/><W16/><G102/><T32/><D119/><U43/><E43/><V22/><F22/><W40/><G40/><T29/><D29/><U133/><E133/><V121/><F121/><W52/><G28/><T124/><D124/><U9/><E9/><V88/><F88/><W12/><G3/><T42/><D42/><U15/><E15/><V86/><F86/><W62/><G65/><T113/><D113/><U123/><E123/><V31/><F31/><W111/><G111/><T25/><D25/><U56/><E56/><V122/><F122/><W126/><G126/><T50/><D35/><U36/><E36/><V55/><F64/><W120/><G120/><T66/><D66/><U134/><E134/><V11/><F11/><W118/><G118/><T132/><D33/><U116/><E116/><V106/><F41/><W21/><G6/><T97/><D132/><RYUUKYOKU ba="2,0" sc="245,-10,160,-10,402,30,193,-10" hai2="44,48,55,58,60,104,105,106,128,131" /><INIT seed="2,3,0,5,3,43" ten="235,150,432,183" oya="2" hai0="126,105,51,34,63,73,29,76,75,109,115,122,98" hai1="97,4,78,36,62,104,3,26,42,91,15,112,5" hai2="127,93,87,30,38,12,74,120,45,47,70,108,133" hai3="9,59,11,79,123,92,19,85,102,27,72,114,54"/><V33/><F38/><W64/><G123/><T10/><D51/><U22/><E112/><V44/><F74/><W7/><G114/><T117/><D63/><U14/><E3/><V90/><F120/><W101/><G72/><T18/><D29/><U0/><E0/><V125/><F70/><W16/><G64/><T81/><D18/><U82/><E62/><V69/><F69/><W132/><G132/><T99/><D10/><N who="3" m="3593" /><G7/><T46/><D46/><U21/><E104/><V32/><F133/><W95/><G79/><T40/><D40/><U13/><E22/><V1/><F1/><W121/><G121/><T128/><D98/><U113/><E113/><V35/><F12/><W65/><G65/><T23/><D23/><U8/><E8/><V56/><F108/><W2/><G2/><T96/><D96/><U48/><E36/><V20/><REACH who="2" step="1"/><F56/><REACH who="2" ten="235,150,422,183" step="2"/><W60/><G27/><AGARI ba="3,1" hai="20,27,30,32,33,35,44,45,47,87,90,93,125,127" machi="27" ten="50,18000,2" yaku="1,1,2,1,52,3,53,1" doraHai="43" doraHaiUra="25" who="2" fromWho="3" sc="235,0,150,0,422,199,183,-189" owari="235,4.0,150,-25.0,621,72.0,-6,-51.0" /></mjloggm>