<mjloggm ver="2.3"><GO type="41"/><UN n0="%E3%82%A6%E3%83%AB%E3%83%88%E3%83%A9%E7%AB%8B%E7%9B%B4" n1="%53%70%75%67" n2="%E3%81%AE%E3%82%8A%E3%82%BB%E3%83%8A" n3="%77%6F%6C%6C%61%77%73" dan="15,14,13,15" rate="1978,1904,2000,1964" sx="M,M,M,M"/><TAIKYOKU oya="0"/><INIT seed="0,0,0,0,4,91" ten="250,250,250,250" oya="0" hai0="7,117,4,51,52,47,59,2,38,46,36,37,79" hai1="96,82,14,124,55,50,78,116,106,103,53,105,32" hai2="89,102,73,88,69,29,26,25,100,45,81,9,125" hai3="92,22,90,13,130,17,110,133,122,85,83,0,63"/><T121/><D121/><U93/><E32/><V54/><F69/><W61/><G133/><T23/><D117/><U75/><E116/><V134/><F134/><W131/><G0/><T120/><D120/><U27/><E124/><V60/><F125/><W41/><G122/><T21/><D79/><U101/><E101/><V104/><F104/><W3/><G3/><T56/><D2/><U86/><E27/><V126/><F126/><W95/><G41/><T18/><D47/><U31/><E31/><V58/><F26/><W84/><G110/><T28/><D28/><U1/><E1/><V135/><F135/><W111/><G111/><T19/><D46/><U34/><E34/><V39/><F9/><W107/><G107/><T128/><D128/><N who="3" m="49193" /><G85/><T64/><D64/><U8/><E75/><V10/><F10/><W108/><G108/><T129/><D129/><U5/><REACH who="1" step="1"/><E55/><REACH who="1" ten="250,240,250,250" step="2"/><V20/><F54/><W12/><G12/><T72/><D72/><U113/><E113/><V68/><F73/><W62/><AGARI ba="0,1" hai="13,17,22,61,62,63,83,84,90,92,95" m="49193" machi="62" ten="30,4000,0" yaku="19,1,52,2" doraHai="91" who="3" fromWho="3" sc="250,-20,240,-10,250,-10,250,50" /><INIT seed="1,0,0,2,5,122" ten="230,230,240,300" oya="1" hai0="14,53,63,30,25,1,57,80,84,48,13,64,4" hai1="40,38,8,97,102,114,92,96,52,104,39,106,128" hai2="90,95,9,32,135,5,86,82,54,98,2,29,126" hai3="50,62,131,120,129,119,26,93,41,94,70,20,67"/><U43/><E114/><V49/><F135/><W76/><G120/><T134/><D1/><U116/><E116/><V123/><F123/><W10/><G119/><T71/><D4/><U127/><E127/><V55/><F126/><W79/><G10/><T115/><D134/><U88/><E128/><V108/><F108/><W27/><G27/><T89/><D115/><U35/><E35/><AGARI ba="0,0" hai="13,14,25,30,35,48,53,57,63,64,71,80,84,89" machi="35" ten="30,1000,0" yaku="7,1" doraHai="122" who="0" fromWho="1" sc="230,10,230,-10,240,0,300,0" /><INIT seed="2,0,0,2,3,130" ten="240,220,240,300" oya="2" hai0="102,133,63,22,27,31,0,74,101,11,17,112,45" hai1="121,128,41,56,94,2,118,87,66,111,131,95,91" hai2="10,33,46,12,51,96,4,92,81,24,134,52,19" hai3="15,90,77,89,80,75,124,85,43,3,48,62,83"/><V39/><F39/><W104/><G3/><T106/><D74/><U68/><E2/><V13/><F134/><W26/><G104/><T53/><D112/><U57/><E68/><V29/><F81/><W117/><G124/><T122/><D122/><U38/><E118/><V30/><F30/><W64/><G26/><T127/><D106/><U78/><E66/><V114/><F114/><W5/><G117/><T113/><D113/><U93/><E41/><V8/><F96/><W110/><G110/><T37/><D127/><U55/><E57/><V126/><F126/><W79/><G5/><T108/><D108/><U7/><E7/><V105/><F105/><W59/><G15/><N who="0" m="7423" /><D37/><U44/><E44/><V107/><F107/><W9/><G9/><T61/><D133/><U18/><E111/><V34/><REACH who="2" step="1"/><F92/><REACH who="2" ten="240,220,230,300" step="2"/><W20/><G80/><T97/><D0/><U86/><E38/><V65/><F65/><W47/><G75/><T67/><D97/><U40/><E121/><V16/><F16/><W73/><G73/><T42/><D67/><U60/><E18/><V135/><F135/><W69/><G69/><T21/><D31/><U99/><E99/><V70/><F70/><W120/><G120/><T36/><D36/><U119/><E119/><V35/><AGARI ba="0,1" hai="4,8,10,12,13,19,24,29,33,34,35,46,51,52" machi="35" ten="20,7800,0" yaku="1,1,0,1,7,1,54,1,53,0" doraHai="130" doraHaiUra="82" who="2" fromWho="2" sc="240,-26,220,-26,230,88,300,-26" /><INIT seed="2,1,0,1,5,85" ten="214,194,318,274" oya="2" hai0="15,119,1,19,60,129,59,78,102,133,9,88,33" hai1="22,73,96,48,43,100,112,123,40,38,34,18,90" hai2="101,121,82,79,105,70,98,61,58,76,135,74,57" hai3="69,56,5,114,25,35,87,65,20,122,66,94,107"/><V124/><F121/><W115/><G107/><T44/><D33/><U95/><E73/><V16/><F135/><W26/><G69/><T126/><D1/><U42/><E112/><V81/><F124/><W89/><G35/><T41/><D133/><U51/><E34/><V2/><F2/><W31/><G122/><T109/><D126/><U117/><E117/><V55/><F57/><W6/><G26/><T130/><D119/><U113/><E113/><N who="3" m="43018" /><G65/><T27/><D102/><U118/><E118/><V37/><F37/><W10/><G10/><T28/><D78/><U93/><E38/><V24/><F70/><W62/><AGARI ba="1,0" hai="5,6,20,25,31,56,62,66,87,89,94" m="43018" machi="62" ten="30,2000,0" yaku="11,1,52,1" doraHai="85" who="3" fromWho="3" sc="214,-6,194,-6,318,-11,274,23" /><INIT seed="3,0,0,2,2,57" ten="208,188,307,297" oya="3" hai0="14,45,1,99,71,34,41,22,10,65,84,51,17" hai1="130,82,135,61,4,21,7,18,3,106,20,85,53" hai2="59,60,118,110,123,116,105,40,73,74,72,107,50" hai3="26,68,117,42,102,83,9,96,133,36,131,5,33"/><W37/><G117/><T12/><D34/><U129/><E106/><V76/><F76/><W88/><G133/><T47/><D1/><U31/><E135/><V54/><F110/><W64/><G131/><T128/><D128/><U69/><E69/><V44/><REACH who="2" step="1"/><F123/><REACH who="2" ten="208,188,297,297" step="2"/><W92/><G37/><T2/><D2/><U25/><E129/><V97/><F97/><W80/><G36/><T134/><D134/><U113/><E130/><V67/><F67/><W70/><G64/><T15/><D99/><U98/><E3/><V49/><F49/><W75/><G75/><T108/><D108/><U35/><E98/><V77/><F77/><W38/><G102/><T39/><D84/><U8/><E85/><V56/><F56/><W81/><G38/><T23/><D65/><U120/><E120/><V19/><F19/><W48/><G70/><T58/><D58/><U32/><E18/><V46/><F46/><W30/><G68/><T111/><D111/><U93/><E7/><V28/><F28/><W24/><G48/><T114/><D71/><U100/><E4/><V112/><F112/><W104/><G104/><AGARI ba="0,1" hai="40,44,50,54,59,60,72,73,74,104,105,107,116,118" machi="104" ten="50,3200,0" yaku="1,1,52,1,53,0" doraHai="57" doraHaiUra="124" who="2" fromWho="3" sc="208,0,188,0,297,42,297,-32" /><INIT seed="4,0,0,4,4,101" ten="208,188,339,265" oya="0" hai0="46,51,109,4,18,130,40,13,43,106,54,12,108" hai1="66,72,9,95,97,84,65,24,120,37,105,27,49" hai2="2,96,16,127,32,61,114,20,118,39,56,132,14" hai3="68,104,34,15,36,87,48,5,93,53,70,55,115"/><T82/><D4/><U92/><E37/><V0/><F39/><W1/><G1/><T45/><D82/><U58/><E72/><V38/><F38/><W67/><G34/><T107/><D54/><U23/><E24/><V7/><F114/><W33/><G33/><T52/><D52/><U35/><E35/><V88/><F132/><W81/><G36/><T75/><D75/><U78/><E120/><V98/><F32/><W74/><G115/><T3/><D3/><U89/><E9/><V86/><F127/><W21/><G74/><T117/><D117/><U19/><E78/><V121/><F121/><W6/><G67/><T80/><D80/><U135/><E135/><V47/><F47/><W8/><G5/><T83/><D83/><U99/><E84/><V44/><F44/><W62/><G104/><T91/><D91/><U123/><E105/><N who="0" m="39945" /><D130/><U64/><E123/><V128/><F128/><W110/><G93/><T28/><D28/><U71/><E49/><V59/><F118/><W60/><G68/><T122/><D122/><U100/><REACH who="1" step="1"/><E71/><REACH who="1" ten="208,178,339,265" step="2"/><V26/><F26/><W29/><G70/><T10/><D13/><U30/><E30/><V11/><F0/><W41/><G29/><T42/><D51/><U63/><AGARI ba="0,1" hai="19,23,27,58,63,64,65,66,89,92,95,97,99,100" machi="63" ten="30,4000,0" yaku="1,1,0,1,8,1,53,0" doraHai="101" doraHaiUra="126" who="1" fromWho="1" sc="208,-20,178,50,339,-10,265,-10" /><INIT seed="5,0,0,1,3,94" ten="188,228,329,255" oya="1" hai0="72,108,58,39,103,104,123,14,93,16,71,49,126" hai1="120,10,105,129,37,63,22,92,83,3,96,88,50" hai2="70,107,11,95,85,122,19,53,64,55,59,135,112" hai3="101,38,65,79,109,97,134,69,128,67,9,119,82"/><U131/><E120/><V116/><F122/><W75/><G119/><T34/><D34/><U0/><E37/><V1/><F116/><W68/><G109/><T57/><D71/><U43/><E105/><V21/><F107/><W76/><G134/><T40/><D104/><U42/><E63/><V26/><F135/><W124/><G38/><T52/><D72/><U84/><E22/><V17/><F70/><W62/><G128/><N who="1" m="49226" /><E10/><V127/><F127/><W54/><G54/><N who="0" m="31951" /><D39/><U23/><E23/><V15/><F1/><N who="1" m="585" /><E50/><V66/><F112/><W24/><G9/><N who="0" m="6223" /><D126/><U8/><E8/><V132/><F132/><W36/><G36/><T33/><D108/><U61/><E61/><N who="2" m="36095" /><F53/><W20/><G68/><T87/><D33/><U115/><E115/><V51/><F51/><W29/><G67/><T117/><D123/><U45/><E45/><V114/><F114/><W86/><G124/><T74/><D117/><U28/><E28/><V133/><F133/><W90/><G75/><T35/><D74/><U60/><E60/><V89/><AGARI ba="0,0" hai="11,15,17,19,21,26,64,66,85,89,95" m="36095" machi="89" ten="30,1100,0" yaku="8,1" doraHai="94" who="2" fromWho="2" sc="188,-3,228,-5,329,11,255,-3" /><INIT seed="6,0,0,1,5,91" ten="185,223,340,252" oya="2" hai0="23,79,13,2,101,85,117,46,127,11,110,33,20" hai1="82,92,99,80,77,26,103,72,130,35,84,60,134" hai2="40,132,25,89,88,9,98,122,70,38,30,100,16" hai3="115,102,32,71,67,21,7,28,6,86,39,114,78"/><V93/><F122/><W36/><G32/><T15/><D101/><U113/><E130/><V31/><F70/><W14/><G102/><T69/><D69/><U56/><E134/><V96/><F132/><W61/><G78/><T97/><D110/><U4/><E4/><V68/><F68/><W22/><G86/><T131/><D97/><U129/><E129/><V118/><F118/><W12/><G12/><BYE who="3" /><N who="0" m="4683" /><D131/><U47/><E47/><V29/><F38/><UN n3="%77%6F%6C%6C%61%77%73" /><W0/><G0/><T54/><D54/><U42/><E42/><V19/><F40/><W58/><G71/><T63/><D46/><U37/><E37/><N who="3" m="14410" /><G28/><T45/><D33/><U41/><E41/><V135/><F135/><W94/><G94/><T119/><D85/><U125/><E35/><V124/><F124/><W81/><G81/><T109/><D79/><U90/><E125/><V51/><F98/><W10/><G6/><N who="0" m="1495" /><D109/><U121/><E121/><V24/><F51/><W18/><G7/><T34/><D63/><U107/><E60/><V74/><F74/><W95/><G95/><T53/><D127/><U52/><E56/><V62/><F62/><W27/><G61/><T76/><D76/><U126/><E126/><V1/><F100/><W111/><G67/><T57/><D34/><U17/><E52/><V108/><F108/><W104/><G58/><T5/><D5/><U55/><E55/><V64/><F64/><W3/><G111/><T87/><D57/><U83/><E80/><V50/><F96/><W65/><G65/><T73/><D53/><U116/><E83/><V106/><F106/><W75/><G104/><RYUUKYOKU ba="0,0" sc="185,0,223,0,340,0,252,0" /><INIT seed="7,1,0,4,0,83" ten="185,223,340,252" oya="3" hai0="18,60,125,89,30,31,63,122,1,77,88,28,70" hai1="19,131,97,112,48,20,132,43,103,128,106,79,15" hai2="95,22,50,2,8,13,111,96,134,105,78,104,80" hai3="58,21,73,113,39,11,40,87,34,59,120,86,82"/><W3/><G34/><T4/><D70/><U126/><E112/><V17/><F111/><W121/><G113/><T37/><D37/><U5/><E5/><V33/><F33/><W54/><G59/><T109/><D109/><U26/><E26/><V56/><F134/><W14/><G3/><T99/><D122/><U62/><E62/><N who="0" m="23593" /><D1/><U119/><E119/><V85/><F50/><W12/><G86/><T57/><D57/><U7/><E7/><V114/><F114/><W24/><G73/><T42/><D4/><U76/><E132/><V55/><F55/><W46/><G121/><T16/><D99/><U118/><E118/><V49/><F49/><W67/><G67/><T84/><D42/><U110/><E110/><V115/><F56/><W52/><G58/><T66/><D66/><U135/><E135/><V61/><F61/><W130/><G130/><T124/><D77/><U9/><E9/><V129/><F129/><N who="1" m="49737" /><E126/><N who="0" m="48745" /><D89/><U90/><E90/><V23/><F115/><W53/><G11/><T98/><D98/><U94/><E94/><AGARI ba="1,0" hai="16,18,28,30,31,84,88,94" m="48745,23593" machi="94" ten="30,7700,0" yaku="18,1,52,1,54,2" doraHai="83" who="0" fromWho="1" sc="185,80,223,-80,340,0,252,0" owari="265,7.0,143,-36.0,340,44.0,252,-15.0" /></mjloggm>