<mjloggm ver="2.3"><GO type="169"/><UN n0="%EF%BC%88%E2%89%A7%E2%96%BD%E2%89%A6%EF%BC%89" n1="%E3%81%A8%E3%81%84%E3%81%A4%E3%81%BE%E3%81%99%E3%81%9F%E3%81%81%E2%99%AA" n2="%E3%83%AA%E3%83%BC%E3%83%81%EF%BC%91" n3="%53%48%49%53%55%4B%45" dan="16,16,16,16" rate="2048,2142,2077,2059" sx="M,M,M,M"/><TAIKYOKU oya="0"/><INIT seed="0,0,0,5,4,22" ten="250,250,250,250" oya="0" hai0="16,54,126,21,36,56,42,93,70,89,58,18,9" hai1="65,131,80,120,62,129,77,64,74,6,66,92,7" hai2="35,15,102,61,13,52,122,46,25,128,114,12,20" hai3="38,34,87,107,130,99,17,41,68,125,4,91,101"/><T27/><D70/><U48/><E120/><V49/><F122/><W115/><G68/><T71/><D71/><U124/><E62/><V127/><F114/><W72/><G115/><T43/><D126/><U14/><E124/><V32/><F127/><W3/><G72/><T57/><D36/><U23/><E48/><V106/><F61/><W50/><G38/><T104/><D104/><U10/><E92/><V121/><F121/><W134/><G125/><T45/><D54/><U98/><E98/><V82/><F128/><N who="1" m="49225" /><E23/><V29/><F102/><W119/><G34/><T63/><D45/><U105/><E105/><V88/><REACH who="2" step="1"/><F106/><REACH who="2" ten="250,250,240,250" step="2"/><W118/><G130/><T47/><D63/><U67/><N who="1" m="16384" /><DORA hai="8" /><U85/><E74/><V75/><F75/><W24/><G107/><T33/><D33/><U1/><E1/><V0/><F0/><W11/><G101/><T40/><D47/><U84/><E84/><AGARI ba="0,1" hai="12,13,15,20,25,29,32,35,46,49,52,82,84,88" machi="84" ten="40,16000,3" yaku="1,1,52,4,54,2,53,3" doraHai="22,8" doraHaiUra="30,76" who="2" fromWho="1" sc="250,0,250,-160,240,170,250,0" /><INIT seed="1,0,0,0,0,79" ten="250,90,410,250" oya="1" hai0="122,34,37,69,113,52,11,19,23,48,98,77,24" hai1="130,80,88,128,59,5,75,47,35,120,133,81,17" hai2="115,26,78,46,58,4,8,93,30,64,57,83,117" hai3="36,108,132,39,95,107,105,25,109,55,13,86,97"/><U135/><E35/><V116/><F115/><W112/><G112/><T67/><D113/><U94/><E120/><V87/><F57/><W71/><G71/><T118/><D37/><N who="3" m="14409" /><G55/><T32/><D118/><U44/><E5/><V62/><F46/><N who="1" m="17449" /><E59/><V54/><F93/><W103/><G25/><T15/><D122/><U51/><E51/><V82/><F64/><W134/><G13/><T65/><D69/><U119/><E17/><V40/><F40/><W53/><G53/><T131/><D32/><U20/><E20/><V129/><F129/><N who="1" m="49769" /><E119/><V43/><F43/><W72/><G72/><T110/><D34/><U42/><E42/><V31/><F26/><W106/><G86/><T3/><D131/><U100/><E100/><V9/><F9/><W92/><G92/><T73/><D23/><U60/><E60/><V70/><F70/><W84/><G84/><T111/><D48/><U33/><E33/><V66/><F66/><W45/><G45/><T74/><D65/><U61/><E61/><V89/><F117/><W28/><G28/><T0/><D67/><U21/><E21/><V29/><F116/><W63/><G63/><T27/><D27/><U102/><E102/><V38/><F38/><W123/><G123/><T14/><D24/><U76/><E81/><N who="2" m="49391" /><F78/><W68/><G68/><T50/><D50/><U7/><E7/><V16/><F4/><W125/><G103/><T101/><D101/><U114/><E114/><V10/><F8/><W99/><G95/><T85/><D11/><U91/><E94/><V18/><F10/><W127/><G106/><T49/><D49/><RYUUKYOKU ba="0,0" sc="250,-15,90,15,410,15,250,-15" hai1="75,76,80,88,91,133,135" hai2="16,18,29,30,31,54,58,62,82,83" /><INIT seed="1,1,0,1,2,2" ten="235,105,425,235" oya="1" hai0="94,52,39,48,116,30,117,112,95,15,110,42,91" hai1="130,108,103,33,135,4,51,31,82,69,13,9,47" hai2="66,7,45,86,106,125,97,3,16,76,58,23,35" hai3="67,114,59,71,123,99,56,28,18,101,65,128,68"/><U50/><E69/><V88/><F35/><W70/><G114/><T74/><D112/><U44/><E135/><V83/><F125/><W19/><G123/><T53/><D74/><U1/><E130/><V5/><F3/><W111/><G128/><T41/><D110/><U127/><E108/><V134/><F134/><W12/><G28/><T10/><D30/><U0/><E127/><V85/><F45/><W46/><G111/><T89/><D39/><U40/><E103/><V87/><F106/><W122/><G122/><T133/><D133/><U119/><E119/><V126/><F126/><W32/><G32/><T131/><D131/><U124/><E124/><V14/><F97/><W36/><G36/><T22/><D22/><U20/><E33/><V107/><F107/><W100/><G46/><T37/><D37/><U6/><E6/><N who="2" m="2059" /><F76/><W80/><G80/><T90/><D116/><U96/><E96/><V29/><F29/><W79/><G79/><T43/><D117/><U54/><REACH who="1" step="1"/><E82/><REACH who="1" ten="235,95,425,235" step="2"/><V25/><F14/><W38/><G99/><T63/><D15/><U129/><E129/><V118/><F118/><W62/><G12/><T27/><D95/><U93/><E93/><V73/><F73/><W113/><G113/><T49/><D94/><U115/><E115/><V81/><F83/><W109/><G109/><T26/><D26/><AGARI ba="1,1" hai="0,1,4,9,13,20,26,31,40,44,47,50,51,54" machi="26" ten="40,7700,0" yaku="1,1,52,1,53,1" doraHai="2" doraHaiUra="17" who="1" fromWho="0" sc="235,-80,95,90,425,0,235,0" /><INIT seed="1,2,0,3,0,19" ten="155,185,425,235" oya="1" hai0="90,129,63,80,97,78,74,81,59,46,112,119,125" hai1="85,105,30,31,69,65,11,135,38,122,0,109,37" hai2="116,131,101,87,75,3,62,96,117,13,17,58,99" hai3="12,106,20,108,68,60,130,48,64,49,35,73,66"/><U110/><E105/><V4/><F75/><W127/><G106/><T50/><D119/><U121/><E85/><V10/><F131/><W123/><G73/><T67/><D129/><U14/><E0/><V111/><F111/><N who="1" m="42505" /><E135/><V8/><F87/><W103/><G108/><T92/><D112/><U2/><E2/><V115/><F115/><W45/><G130/><T39/><D125/><U128/><E65/><V133/><F133/><W100/><G35/><T32/><D32/><U126/><E69/><V36/><F36/><N who="1" m="13929" /><E128/><V16/><F17/><W83/><G123/><N who="1" m="47114" /><E126/><V9/><F10/><W5/><G127/><T113/><D113/><U118/><E118/><V23/><F9/><W1/><G1/><T41/><D39/><U34/><E34/><V28/><F28/><N who="1" m="10793" /><E11/><V15/><F3/><W88/><G66/><T102/><D80/><U22/><E14/><V44/><F44/><W91/><G68/><T114/><D114/><U132/><E132/><V93/><F99/><W56/><G45/><T61/><D61/><U24/><E24/><V54/><AGARI ba="2,0" hai="4,8,13,15,16,23,54,58,62,93,96,101,116,117" machi="54" ten="20,5200,0" yaku="0,1,7,1,52,1,54,1" doraHai="19" who="2" fromWho="2" sc="155,-15,185,-28,425,58,235,-15" /><INIT seed="2,0,0,3,4,106" ten="140,157,483,220" oya="2" hai0="45,128,105,125,27,88,6,17,114,57,51,115,15" hai1="90,86,4,80,64,25,30,31,123,108,34,83,2" hai2="107,38,28,41,20,66,131,1,37,121,82,18,135" hai3="122,65,23,36,85,84,69,130,9,104,0,14,8"/><V71/><F121/><W94/><G104/><T55/><D105/><U53/><E108/><V62/><F107/><W7/><G122/><T68/><D68/><U126/><E123/><V35/><F1/><W133/><G36/><T89/><D125/><U10/><E126/><V3/><F3/><W19/><G133/><T21/><D128/><U22/><E64/><V24/><F131/><W116/><G130/><T52/><D114/><U92/><E31/><V72/><F41/><W63/><G116/><T32/><D115/><U47/><E53/><V40/><F40/><W46/><G46/><T91/><D32/><U134/><E134/><V61/><F135/><W44/><G44/><T111/><D111/><U96/><E47/><V50/><F50/><W54/><G54/><T98/><D98/><U124/><E124/><V100/><F100/><W59/><G69/><T129/><D129/><U93/><E34/><V76/><F62/><W101/><REACH who="3" step="1"/><G8/><REACH who="3" ten="140,157,483,210" step="2"/><N who="0" m="4503" /><D55/><U99/><REACH who="1" step="1"/><E86/><REACH who="1" ten="140,147,483,210" step="2"/><V102/><F71/><W48/><G48/><T97/><D45/><U109/><E109/><V67/><F38/><W49/><G49/><T127/><D127/><U29/><E29/><V132/><F28/><W58/><G58/><T12/><D97/><AGARI ba="0,2" hai="0,7,9,14,19,23,59,63,65,84,85,94,97,101" machi="97" ten="40,1300,0" yaku="1,1,53,0" doraHai="106" doraHaiUra="70" who="3" fromWho="0" sc="140,-13,147,0,483,0,210,33" /><INIT seed="3,0,0,3,3,99" ten="127,147,483,243" oya="3" hai0="29,107,80,96,86,47,128,60,0,45,53,48,6" hai1="67,56,27,91,24,16,102,116,132,28,90,115,34" hai2="46,93,7,1,75,52,43,25,101,134,32,133,10" hai3="118,44,61,51,39,38,74,30,9,121,88,5,123"/><W127/><G118/><T77/><D128/><U59/><E116/><V64/><F75/><W50/><G74/><T85/><D29/><U66/><E115/><V4/><F64/><W49/><G30/><T106/><D60/><U89/><E132/><N who="2" m="50795" /><F25/><W117/><G117/><T129/><D129/><U54/><E59/><V105/><F105/><W21/><G21/><T63/><D63/><U82/><E82/><V20/><F20/><W84/><G61/><T113/><D113/><U131/><E131/><V13/><F32/><W36/><G44/><T68/><D68/><U17/><E27/><V97/><F52/><W35/><G35/><T124/><D124/><U122/><E122/><V31/><F31/><W71/><G71/><T55/><D86/><U18/><REACH who="1" step="1"/><E102/><REACH who="1" ten="127,137,483,243" step="2"/><V37/><F1/><W104/><G127/><T14/><D80/><U114/><E114/><V72/><F72/><W40/><G104/><T130/><D0/><U73/><E73/><V23/><F23/><W15/><REACH who="3" step="1"/><G40/><REACH who="3" ten="127,137,483,233" step="2"/><T78/><D107/><U112/><E112/><V42/><F43/><W87/><G87/><T100/><D85/><U57/><E57/><V3/><F3/><W103/><G103/><T12/><D130/><U58/><E58/><V41/><F42/><W94/><AGARI ba="0,2" hai="5,9,15,36,38,39,49,50,51,84,88,94,121,123" machi="94" ten="40,7800,0" yaku="1,1,0,1,54,1,53,0" doraHai="99" doraHaiUra="109" who="3" fromWho="3" sc="127,-26,137,-26,483,-26,233,98" /><INIT seed="3,1,0,4,1,42" ten="101,111,457,331" oya="3" hai0="62,47,55,29,72,48,53,96,37,115,10,11,129" hai1="85,111,22,43,99,118,114,27,26,84,18,39,58" hai2="45,67,123,12,9,95,133,52,68,104,54,121,3" hai3="44,102,91,82,64,83,109,126,17,120,20,23,88"/><W101/><G120/><N who="2" m="46153" /><F3/><W32/><G32/><T28/><D72/><U35/><E111/><V14/><F104/><W73/><G73/><T65/><D37/><U0/><E0/><V70/><F14/><W61/><G109/><T94/><D129/><U66/><E114/><V8/><F9/><W90/><G44/><T122/><D115/><U59/><E118/><V19/><F133/><W33/><G33/><T81/><D81/><N who="3" m="30729" /><G126/><T103/><D122/><U25/><E99/><V87/><F67/><W13/><G23/><T135/><D135/><U119/><E119/><V38/><F38/><W31/><G31/><N who="0" m="11851" /><D65/><U77/><E35/><V63/><F63/><W116/><G116/><T130/><D130/><U93/><E77/><V79/><F79/><W134/><G134/><T60/><D60/><U74/><E74/><V50/><F54/><W24/><G13/><T80/><D80/><U75/><E75/><V4/><F4/><W30/><G30/><T16/><D16/><U110/><E110/><V7/><F7/><W6/><G6/><T100/><D100/><U113/><E113/><V34/><F34/><W2/><G2/><T131/><D131/><U124/><E124/><V76/><F76/><W105/><G105/><T36/><D36/><U107/><E107/><V89/><AGARI ba="1,0" hai="8,12,19,45,50,52,68,70,87,89,95" m="46153" machi="89" ten="30,4000,0" yaku="13,1,52,1,54,1" doraHai="42" who="2" fromWho="2" sc="101,-11,111,-11,457,43,331,-21" /><INIT seed="4,0,0,4,2,73" ten="90,100,500,310" oya="0" hai0="22,63,104,37,109,48,20,67,72,36,122,86,97" hai1="51,130,125,31,23,33,114,0,115,58,113,8,94" hai2="29,27,46,92,1,117,77,88,30,40,96,65,6" hai3="52,106,28,134,60,103,59,34,69,135,12,17,108"/><T101/><D122/><U9/><E33/><V120/><F120/><W15/><G108/><T2/><D72/><U43/><E130/><V68/><F117/><W55/><G69/><T4/><D109/><U123/><E123/><V83/><F68/><W84/><G28/><T89/><D48/><U132/><E132/><N who="3" m="50730" /><G34/><T70/><D22/><U56/><E125/><V118/><F65/><W119/><G119/><T74/><D74/><U47/><E94/><V14/><F118/><W100/><G106/><T80/><REACH who="0" step="1"/><D20/><REACH who="0" ten="80,100,500,310" step="2"/><U3/><E23/><V93/><F29/><W111/><G111/><T124/><D124/><U112/><N who="1" m="28672" /><DORA hai="5" /><U87/><E31/><V66/><F30/><W32/><G32/><T90/><D90/><U64/><E87/><V126/><F88/><W13/><G84/><T62/><D62/><N who="1" m="37959" /><E58/><V128/><F126/><W78/><G78/><T50/><D50/><U81/><E81/><V91/><F77/><W11/><G103/><T127/><D127/><U102/><E102/><V71/><F83/><W35/><G100/><T116/><D116/><U42/><E42/><V41/><F91/><W99/><G35/><T110/><D110/><U133/><E133/><V18/><F41/><W53/><G99/><T25/><D25/><U10/><AGARI ba="0,1" hai="0,3,8,9,10,43,47,51" m="37959,28672" machi="10" ten="60,8000,1" yaku="15,1,11,1,52,3" doraHai="73,5" who="1" fromWho="1" sc="80,-40,100,90,500,-20,310,-20" /><INIT seed="5,0,0,0,0,20" ten="40,190,480,290" oya="1" hai0="16,33,72,2,106,60,7,58,12,81,123,122,115" hai1="24,29,61,126,10,66,74,92,25,34,48,44,83" hai2="135,125,82,13,57,17,35,85,46,103,109,39,93" hai3="88,50,67,55,76,79,117,11,53,32,45,36,128"/><U96/><E126/><V133/><F125/><W62/><G36/><T70/><D70/><U95/><E10/><V22/><F35/><W49/><G32/><T84/><D106/><U5/><E5/><V69/><F69/><W37/><G37/><T23/><D72/><U87/><E74/><V0/><F0/><W80/><G128/><T120/><D33/><U40/><E96/><N who="2" m="59791" /><F57/><N who="3" m="37327" /><G117/><T91/><D115/><U42/><E42/><V99/><F46/><N who="3" m="27831" /><G11/><T107/><D107/><U129/><E129/><V30/><F99/><W86/><AGARI ba="0,0" hai="45,50,55,76,79,80,86,88" m="27831,37327" machi="86" ten="30,2000,0" yaku="8,1,54,1" doraHai="20" who="3" fromWho="3" sc="40,-5,190,-10,480,-5,290,20" /><INIT seed="6,0,0,2,1,3" ten="35,180,475,310" oya="2" hai0="121,64,126,17,21,109,70,31,40,63,132,24,35" hai1="26,128,50,93,90,47,7,34,79,119,111,16,106" hai2="99,77,116,19,27,89,41,98,72,46,28,25,44" hai3="134,9,55,110,74,127,96,84,49,125,6,122,2"/><V60/><F116/><W67/><G74/><T95/><D121/><U88/><E106/><V30/><F19/><W10/><G110/><T80/><D109/><U97/><E111/><V104/><F72/><W45/><G122/><T100/><D132/><U92/><E119/><V130/><F77/><W87/><G134/><T101/><D126/><N who="3" m="48137" /><G67/><T112/><D112/><U91/><E128/><V37/><F104/><W62/><G62/><T66/><D40/><U123/><E123/><V115/><F60/><W61/><G61/><T69/><D69/><U113/><E113/><V36/><F115/><W56/><G56/><T48/><D66/><U12/><E79/><V43/><REACH who="2" step="1"/><F89/><REACH who="2" ten="35,180,465,310" step="2"/><W0/><G96/><T32/><D32/><U51/><E91/><V33/><F33/><W39/><G39/><T133/><D133/><U103/><E90/><V68/><F68/><W75/><G75/><T42/><D80/><U71/><E71/><V105/><F105/><W94/><G94/><T1/><D95/><U135/><E135/><V15/><F15/><W57/><G87/><T83/><D83/><U18/><E34/><V11/><F11/><N who="3" m="2519" /><G0/><T124/><D1/><U85/><E51/><V4/><F4/><W65/><G84/><T129/><D124/><U108/><E108/><V22/><F22/><W76/><G76/><T38/><D38/><U59/><E59/><V29/><F29/><W81/><G81/><T73/><D73/><U78/><E78/><V53/><F53/><W54/><G54/><T52/><D52/><N who="1" m="29791" /><E26/><V20/><F20/><W82/><G82/><T14/><D129/><AGARI ba="0,1" hai="25,27,28,30,36,37,41,43,44,46,98,99,129,130" machi="129" ten="25,9600,0" yaku="1,1,6,1,22,2,53,0" doraHai="3" doraHaiUra="102" who="2" fromWho="0" sc="35,-96,180,0,465,106,310,0" owari="-61,-56.0,180,-22.0,571,67.0,310,11.0" /></mjloggm>