<mjloggm ver="2.3"><GO type="41"/><UN n0="%EF%BC%88%E2%89%A7%E2%96%BD%E2%89%A6%EF%BC%89" n1="%E3%81%BF%E3%81%A9%E3%82%8A%E8%8C%B6" n2="%E6%A5%93%E9%9B%AA" n3="%64%67%77%6F%72%6B" dan="15,15,15,14" rate="2022,1955,1966,1959" sx="M,M,F,M"/><TAIKYOKU oya="0"/><INIT seed="0,0,0,4,2,125" ten="250,250,250,250" oya="0" hai0="130,40,115,66,29,4,18,13,67,54,122,19,28" hai1="75,69,56,26,50,95,132,84,131,89,116,108,111" hai2="94,41,112,124,128,16,129,53,118,1,46,10,104" hai3="11,45,85,123,14,135,43,90,32,126,87,30,36"/><T101/><D122/><U52/><E116/><V133/><F112/><W23/><G126/><T24/><D115/><U73/><E132/><V3/><F124/><W110/><G135/><T6/><D40/><U86/><E69/><V81/><F133/><W120/><G32/><T31/><D101/><U22/><E131/><N who="2" m="50251" /><F104/><W34/><G34/><T80/><D80/><U100/><E100/><V117/><F81/><W25/><G110/><N who="1" m="42026" /><E86/><V88/><F53/><W113/><G113/><T38/><D130/><U62/><E62/><V61/><F61/><W134/><G134/><T99/><D54/><U63/><E63/><V48/><F1/><W127/><G127/><T68/><D68/><U109/><N who="1" m="42034" /><U92/><DORA hai="2" /><E92/><V12/><F3/><W15/><G87/><AGARI ba="0,0" hai="10,12,16,41,46,48,87,88,94,117,118" m="50251" machi="87" ten="30,12000,2" yaku="19,1,52,3,54,2" doraHai="125,2" who="2" fromWho="3" sc="250,0,250,0,250,120,250,-120" /><INIT seed="1,0,0,3,1,58" ten="250,250,370,130" oya="1" hai0="108,40,89,101,61,28,98,15,106,67,1,37,27" hai1="59,24,112,119,80,93,43,132,117,114,79,124,48" hai2="7,21,120,20,121,109,11,77,10,72,33,135,75" hai3="32,23,123,96,8,31,46,16,128,85,83,134,126"/><U129/><E24/><V64/><F77/><W130/><G123/><T116/><D116/><N who="1" m="44619" /><E93/><V105/><F105/><W95/><G31/><T54/><D1/><U118/><E79/><V60/><F75/><W62/><G32/><T17/><D108/><U12/><E80/><V51/><F109/><W103/><G126/><T25/><D54/><N who="1" m="32199" /><E12/><V131/><F51/><W39/><G39/><T78/><D78/><U66/><E124/><V82/><F33/><W30/><G30/><T127/><D127/><U122/><E122/><V88/><F72/><W133/><G46/><T104/><D104/><U44/><E118/><V41/><F7/><W102/><G8/><T2/><D2/><U63/><E129/><V19/><F10/><W53/><G103/><T115/><D27/><U70/><E132/><V6/><F6/><W13/><G128/><T57/><D25/><U84/><E84/><V47/><F11/><W56/><REACH who="3" step="1"/><G130/><REACH who="3" ten="250,250,370,120" step="2"/><T29/><D29/><U49/><AGARI ba="0,1" hai="43,44,49,63,66,70,112,114" m="32199,44619" machi="49" ten="30,6000,0" yaku="34,2,52,1" doraHai="58" who="1" fromWho="1" sc="250,-20,250,70,370,-20,120,-20" /><INIT seed="1,1,0,2,3,119" ten="230,320,350,100" oya="1" hai0="80,105,103,110,6,101,118,133,27,66,89,64,4" hai1="78,127,52,5,94,44,15,104,128,8,7,131,18" hai2="99,35,74,11,96,43,29,21,69,126,77,98,30" hai3="0,45,62,76,61,55,109,34,106,93,95,57,51"/><U86/><E104/><V125/><F69/><W26/><G106/><T90/><D118/><U75/><E75/><V37/><F35/><W92/><G0/><T42/><D110/><U84/><E127/><N who="2" m="48651" /><F37/><W107/><G109/><T25/><D133/><U59/><E44/><V13/><F43/><W73/><G107/><T36/><D105/><U134/><E134/><V114/><F114/><W53/><G73/><T17/><D36/><U65/><E65/><V87/><F74/><W120/><G76/><T130/><D130/><N who="1" m="49707" /><E78/><V91/><F21/><W108/><G108/><T50/><D42/><U31/><E31/><V19/><F77/><W83/><G83/><AGARI ba="1,0" hai="11,13,19,29,30,83,87,91,96,98,99" m="48651" machi="83" ten="30,1000,0" yaku="18,1" doraHai="119" who="2" fromWho="3" sc="230,0,320,0,350,13,100,-13" /><INIT seed="2,0,0,3,0,99" ten="230,320,363,87" oya="2" hai0="83,89,112,84,21,16,6,56,3,135,19,62,12" hai1="67,75,94,119,131,90,134,105,93,1,51,132,124" hai2="87,9,28,100,79,74,17,77,48,78,80,20,2" hai3="92,121,32,97,126,53,61,110,29,0,106,104,76"/><V81/><F28/><W98/><G0/><T57/><D112/><U68/><E1/><V55/><F2/><W64/><G121/><T47/><D135/><U122/><E68/><V127/><F9/><W27/><G126/><T128/><D128/><U10/><E67/><V7/><F7/><W116/><G116/><T41/><D19/><U118/><E51/><V43/><F43/><W69/><G110/><T25/><D3/><U36/><E10/><V86/><F127/><W130/><G130/><T60/><D57/><U85/><E36/><V26/><F74/><W101/><G76/><T38/><D6/><U59/><E59/><V117/><F117/><W72/><G72/><T58/><D58/><U120/><E75/><V33/><F33/><W8/><G8/><T133/><D133/><U5/><E5/><V35/><F35/><W54/><G106/><T23/><D56/><U39/><E39/><V109/><F109/><W102/><AGARI ba="0,0" hai="27,29,32,53,54,61,64,69,92,97,98,101,102,104" machi="102" ten="20,12000,2" yaku="0,1,7,1,25,2,52,2" doraHai="99" who="3" fromWho="3" sc="230,-30,320,-30,363,-60,87,120" /><INIT seed="3,0,0,4,2,11" ten="200,290,303,207" oya="3" hai0="110,70,58,55,115,125,10,131,92,116,49,35,32" hai1="47,75,118,46,25,113,112,76,73,114,134,19,123" hai2="36,81,18,48,68,31,8,97,135,33,54,28,96" hai3="120,60,59,87,0,13,109,61,38,111,40,82,34"/><W91/><G120/><T101/><D116/><U15/><E123/><V39/><F68/><W106/><G0/><T65/><D110/><N who="3" m="41993" /><G106/><T89/><D115/><U50/><E134/><V71/><F71/><W51/><G34/><T119/><D119/><U7/><E118/><V79/><F135/><W98/><G98/><T74/><D74/><U95/><E7/><V24/><F31/><W1/><G1/><T53/><D125/><U103/><E25/><V77/><F77/><W16/><G38/><T41/><D131/><U26/><E26/><V90/><F36/><W78/><G78/><T69/><D41/><U129/><E129/><V122/><F39/><W9/><G59/><T37/><D37/><U12/><E19/><V124/><F124/><W86/><G86/><T44/><D101/><U23/><E76/><V132/><F132/><W63/><G51/><T83/><D32/><U5/><E112/><V133/><F79/><W17/><G40/><T94/><D35/><U52/><E50/><V6/><F122/><W21/><G21/><T4/><D70/><U130/><E23/><V66/><F97/><W22/><G22/><T27/><D69/><U85/><E130/><V80/><F96/><W64/><G64/><T126/><D65/><U62/><E113/><V45/><F66/><W93/><G93/><T128/><D128/><U29/><E95/><V14/><F133/><W2/><G2/><N who="0" m="279" /><D126/><U108/><E114/><V100/><F33/><W20/><G20/><T43/><D58/><U117/><E108/><V88/><F48/><W30/><G30/><T67/><D49/><RYUUKYOKU ba="0,0" sc="200,-10,290,-10,303,-10,207,30" hai3="9,13,16,17,60,61,63,82,87,91" /><INIT seed="3,1,0,2,5,75" ten="190,280,293,237" oya="3" hai0="0,123,74,96,36,114,27,66,2,121,124,97,56" hai1="91,46,116,79,86,34,100,133,131,90,13,92,55" hai2="37,88,47,78,87,89,129,19,9,52,102,73,14" hai3="7,77,33,58,111,28,99,48,112,30,49,41,11"/><W42/><G112/><T110/><D36/><U101/><E34/><V25/><F102/><W120/><G120/><T62/><D74/><U105/><E116/><V113/><F113/><W10/><G99/><T83/><D114/><U69/><E69/><V57/><F73/><W81/><G111/><T103/><D110/><U24/><E131/><V59/><F59/><W84/><G11/><T68/><D124/><U104/><E24/><V67/><F67/><W125/><G125/><T6/><D83/><N who="1" m="47487" /><E13/><V61/><F25/><W17/><G17/><T38/><D38/><U5/><E46/><V44/><F129/><W4/><G4/><T18/><D56/><U45/><E55/><V70/><F70/><W29/><G33/><T115/><D115/><U20/><E45/><N who="2" m="17483" /><F37/><W8/><G8/><N who="0" m="2119" /><D2/><U130/><E5/><V15/><F15/><N who="3" m="5599" /><G58/><T82/><D68/><U31/><E130/><V21/><F9/><W134/><G134/><T94/><D123/><U23/><E133/><V95/><F95/><W50/><AGARI ba="1,0" hai="28,29,30,41,42,48,49,50,77,81,84" m="5599" machi="50" ten="30,3000,0" yaku="8,1,52,1" doraHai="75" who="3" fromWho="3" sc="190,-11,280,-11,293,-11,237,33" /><INIT seed="3,2,0,3,2,23" ten="179,269,282,270" oya="3" hai0="18,28,10,30,20,133,72,65,109,95,3,5,117" hai1="45,35,44,113,131,74,110,119,111,90,101,129,47" hai2="57,27,121,94,126,22,99,36,120,71,58,135,54" hai3="33,68,81,100,80,40,24,51,59,89,118,134,104"/><W0/><G118/><T85/><D72/><U86/><E74/><V91/><F71/><W116/><G68/><T73/><D73/><U115/><E35/><V17/><F36/><W38/><G38/><T76/><D117/><U107/><E107/><V102/><F135/><W53/><G0/><T112/><D133/><U66/><E101/><V50/><F126/><W69/><G116/><T84/><D112/><N who="1" m="43083" /><E119/><V92/><REACH who="2" step="1"/><F57/><REACH who="2" ten="179,269,272,270" step="2"/><W108/><G69/><T122/><D109/><N who="1" m="41483" /><E66/><V62/><F62/><W97/><G108/><T75/><D65/><U78/><E78/><V93/><F93/><AGARI ba="2,1" hai="44,45,47,86,90,93,129,131" m="41483,43083" machi="93" ten="40,1300,0" yaku="14,1" doraHai="23" who="1" fromWho="2" sc="179,0,269,29,272,-19,270,0" /><INIT seed="4,0,0,0,0,65" ten="179,298,253,270" oya="0" hai0="35,3,21,91,72,71,2,109,121,101,132,64,50" hai1="112,36,34,100,29,114,8,48,15,44,55,39,59" hai2="25,79,56,82,75,46,94,45,6,33,110,57,37" hai3="119,60,120,89,47,102,19,111,9,116,38,73,105"/><T18/><D121/><U107/><E107/><V13/><F110/><W124/><G73/><T127/><D72/><U27/><E100/><V78/><F78/><W66/><G120/><T23/><D35/><U115/><REACH who="1" step="1"/><E44/><REACH who="1" ten="179,288,253,270" step="2"/><V99/><F46/><W67/><G102/><T7/><D101/><U74/><E74/><V117/><F45/><W85/><G105/><T95/><D109/><U22/><E22/><V31/><F117/><W0/><G111/><T134/><D23/><U54/><E54/><V118/><F118/><W96/><G119/><T4/><D21/><U92/><E92/><V84/><F75/><W126/><G116/><T87/><D95/><U123/><E123/><V10/><REACH who="2" step="1"/><F37/><REACH who="2" ten="179,288,243,270" step="2"/><W58/><G38/><T41/><D132/><U88/><E88/><AGARI ba="0,2" hai="6,10,13,25,31,33,56,57,79,82,84,88,94,99" machi="88" ten="30,7700,0" yaku="1,1,2,1,7,1,54,1,53,0" doraHai="65" doraHaiUra="106" who="2" fromWho="1" sc="179,0,288,-77,243,97,270,0" /><INIT seed="5,0,0,1,2,53" ten="179,211,340,270" oya="1" hai0="8,114,109,103,16,7,33,68,117,38,13,3,124" hai1="102,44,18,46,90,75,82,115,60,15,22,55,47" hai2="61,40,67,78,107,88,132,48,35,101,66,128,34" hai3="42,36,84,85,105,51,26,9,81,25,19,28,130"/><U73/><E115/><V12/><F78/><W104/><G36/><T135/><RYUUKYOKU type="yao9" ba="0,0" sc="179,0,211,0,340,0,270,0" hai0="3,7,8,13,16,33,38,68,103,109,114,117,124,135" /><INIT seed="5,1,0,2,3,44" ten="179,211,340,270" oya="1" hai0="76,21,16,17,41,0,120,52,12,19,65,124,84" hai1="9,36,43,108,135,86,72,3,28,6,18,11,134" hai2="4,50,25,13,10,104,35,14,87,91,46,58,105" hai3="22,85,33,29,27,94,127,103,115,68,37,23,125"/><U1/><E72/><V88/><F14/><W132/><G37/><T96/><D0/><U74/><E74/><V49/><F58/><W89/><G68/><T77/><D120/><U63/><E63/><V113/><F105/><W42/><G42/><T117/><D117/><U111/><E86/><V82/><F104/><W62/><G62/><T7/><D124/><U20/><E36/><V107/><F107/><W79/><G132/><N who="1" m="50730" /><E43/><V93/><F46/><W112/><G79/><N who="0" m="30283" /><D41/><U32/><E32/><V5/><F5/><W66/><G103/><T24/><D65/><U56/><E56/><V67/><F67/><W99/><G66/><T26/><D96/><U47/><E47/><V45/><F45/><W114/><G99/><T75/><D75/><U83/><E83/><V78/><F78/><W61/><G61/><T118/><D118/><U101/><E101/><V121/><F121/><W39/><G39/><T80/><D52/><U95/><E95/><V48/><F35/><W53/><G53/><T123/><D123/><U110/><E28/><V51/><F113/><W92/><G92/><T81/><D84/><U73/><E73/><V57/><F93/><W131/><G127/><T69/><D69/><U126/><E126/><V100/><F100/><W109/><G125/><T122/><D122/><U34/><E34/><V90/><F87/><W128/><G33/><T31/><D26/><N who="1" m="14615" /><E6/><V55/><F82/><N who="0" m="31850" /><D7/><U15/><E15/><AGARI ba="1,0" hai="12,15,16,17,19,21,24,31" m="31850,30283" machi="15" ten="30,2000,0" yaku="8,1,54,1" doraHai="44" who="0" fromWho="1" sc="179,23,211,-23,340,0,270,0" /><INIT seed="6,0,0,1,2,127" ten="202,188,340,270" oya="2" hai0="78,62,77,3,125,89,65,48,56,32,97,131,113" hai1="114,31,0,134,98,34,67,107,24,30,100,133,61" hai2="94,55,95,128,18,57,51,33,20,73,9,49,124" hai3="63,99,90,82,85,28,71,54,69,2,111,122,72"/><V1/><F73/><W11/><G122/><T15/><D3/><U88/><E88/><V46/><F124/><W119/><G111/><T135/><D125/><U81/><E81/><V10/><F33/><W5/><G119/><T96/><D113/><U19/><E19/><V108/><F108/><W80/><G28/><T27/><D135/><U21/><E114/><V37/><F37/><W39/><G99/><N who="0" m="37963" /><D32/><U102/><E102/><V126/><F126/><W47/><G63/><T101/><D101/><U41/><E41/><V17/><F1/><W132/><G132/><T68/><D68/><U93/><E93/><V130/><F18/><W123/><G123/><T76/><D27/><U112/><E112/><V105/><F105/><W50/><G39/><T12/><D131/><N who="2" m="50218" /><F95/><W25/><G80/><T60/><D60/><U103/><E103/><V13/><F94/><W104/><G104/><T75/><D75/><U7/><E21/><V87/><F87/><W115/><G72/><T59/><D89/><U110/><E110/><V52/><AGARI ba="0,0" hai="9,10,13,17,20,46,49,51,52,55,57" m="50218" machi="52" ten="30,12000,1" yaku="19,1,52,3,54,1" doraHai="127" who="2" fromWho="2" sc="202,-40,188,-40,340,120,270,-40" /><INIT seed="6,1,0,0,4,98" ten="162,148,460,230" oya="2" hai0="124,1,36,134,119,103,82,26,112,90,47,74,110" hai1="4,60,28,73,133,105,32,22,35,9,93,7,111" hai2="85,19,49,86,48,58,39,106,51,67,66,108,8" hai3="16,54,79,72,13,114,61,131,44,99,17,87,91"/><V83/><F39/><W43/><G131/><T100/><D1/><U18/><E105/><V2/><F106/><W126/><G114/><T71/><D71/><U15/><E60/><V10/><F2/><W132/><G126/><T125/><D110/><U12/><E73/><V127/><F127/><N who="0" m="48714" /><D112/><U135/><E93/><V14/><F8/><W0/><G0/><T24/><D134/><N who="1" m="51211" /><E111/><V77/><F108/><W130/><G132/><T46/><D119/><U40/><E40/><V38/><F38/><W64/><G130/><T121/><D121/><U52/><E52/><N who="2" m="32007" /><F86/><W31/><G54/><T29/><D36/><U55/><E55/><V27/><F67/><W104/><G72/><T118/><D118/><U76/><E76/><V34/><F66/><W50/><G79/><N who="0" m="44407" /><D90/><U3/><E7/><V70/><F70/><W117/><G117/><T122/><D24/><N who="1" m="18439" /><E35/><V62/><F34/><W21/><G64/><T30/><D30/><U41/><E41/><V95/><F62/><W25/><G61/><T11/><D122/><U63/><E63/><V101/><F51/><W84/><G31/><T116/><D116/><U92/><E92/><V5/><F5/><W97/><G104/><T89/><D29/><U115/><E115/><V59/><F49/><W96/><REACH who="3" step="1"/><G91/><REACH who="3" ten="162,148,460,220" step="2"/><T69/><D89/><U53/><E53/><V6/><F77/><W68/><G68/><T123/><D69/><U37/><E37/><V80/><F59/><W120/><G120/><T65/><D123/><U23/><E23/><AGARI ba="1,1" hai="13,16,17,21,23,25,43,44,50,84,87,96,97,99" machi="23" ten="40,5200,0" yaku="1,1,8,1,54,1,53,0" doraHai="98" doraHaiUra="56" who="3" fromWho="1" sc="162,0,148,-55,460,0,220,65" /><INIT seed="7,0,0,5,3,47" ten="162,93,460,285" oya="3" hai0="22,130,92,111,122,16,53,29,80,135,23,73,77" hai1="103,84,128,102,49,87,119,74,12,41,114,6,19" hai2="134,28,15,21,76,126,18,90,75,44,56,57,106" hai3="131,31,91,39,101,43,89,96,68,79,97,132,2"/><W125/><G2/><T83/><D122/><U118/><E114/><V50/><F106/><W61/><G132/><T123/><D123/><U36/><E128/><V67/><F75/><W65/><G131/><T26/><D130/><U81/><E74/><V27/><F76/><W8/><G125/><T7/><D111/><U133/><E133/><V51/><F126/><W0/><G79/><T104/><D104/><U86/><E36/><V127/><F134/><W124/><G97/><T69/><D69/><U11/><E19/><V40/><F51/><W52/><G43/><T24/><D135/><U113/><E113/><V14/><F67/><W108/><G39/><T42/><D42/><U63/><E63/><V48/><F48/><W17/><G108/><T35/><D7/><U10/><E10/><V71/><F71/><W25/><G52/><T78/><D92/><U82/><E102/><V59/><F127/><W46/><G46/><T72/><D53/><U54/><E103/><V117/><F117/><W58/><G124/><T34/><AGARI ba="0,0" hai="16,22,23,24,26,29,34,35,72,73,77,78,80,83" machi="34" ten="30,4000,0" yaku="0,1,9,1,54,1" doraHai="47" who="0" fromWho="0" sc="162,40,93,-10,460,-10,285,-20" owari="202,-20.0,83,-42.0,450,55.0,265,7.0" /></mjloggm>