<mjloggm ver="2.3"><GO type="41"/><UN n0="%E6%9E%9A%E6%96%B9%E3%81%9D%E3%82%93%E3%81%9D%E3%82%93" n1="%E3%82%AB%E3%83%83%E3%83%91%E3%83%89%E3%82%AD%E3%82%A2" n2="%EF%BC%88%E2%89%A7%E2%96%BD%E2%89%A6%EF%BC%89" n3="%4E%2D%54%61%6B%65%72" dan="14,13,14,14" rate="1887,1977,2073,1802" sx="M,M,M,M"/><TAIKYOKU oya="0"/><INIT seed="0,0,0,3,1,44" ten="250,250,250,250" oya="0" hai0="3,73,72,32,69,85,76,63,106,9,61,103,111" hai1="86,38,125,18,134,64,21,2,23,132,75,102,50" hai2="92,66,59,25,31,8,45,49,119,36,70,88,105" hai3="82,6,126,104,98,12,109,27,30,16,96,74,116"/><T117/><D117/><U1/><E38/><V90/><F119/><W122/><G116/><T95/><D32/><U48/><E75/><V79/><F105/><W133/><G109/><T128/><D69/><U121/><E102/><V22/><F70/><W15/><G133/><T14/><D3/><U129/><E64/><V4/><F79/><W99/><G126/><T120/><D120/><U77/><E125/><V47/><F36/><W5/><G122/><T41/><D41/><U35/><E35/><V131/><F131/><W19/><G104/><T28/><D128/><U71/><E71/><V114/><F114/><W123/><G123/><T7/><D28/><U42/><E42/><N who="2" m="24759" /><F47/><W53/><G82/><N who="0" m="45319" /><D111/><U54/><E54/><V108/><F108/><W60/><G74/><T87/><D73/><U67/><E67/><V93/><F8/><W46/><G27/><T62/><D85/><U24/><E121/><V58/><F4/><W17/><G30/><T83/><D83/><N who="1" m="47471" /><E23/><V115/><F115/><W43/><G60/><T52/><D52/><U0/><E129/><V112/><F112/><W94/><G53/><T101/><D63/><U81/><E81/><V34/><F34/><W40/><G94/><N who="2" m="36457" /><F66/><W57/><G57/><AGARI ba="0,0" hai="22,25,31,57,58,59,88,90" m="36457,24759" machi="57" ten="30,3900,0" yaku="8,1,52,1,54,1" doraHai="44" who="2" fromWho="3" sc="250,0,250,0,250,39,250,-39" /><INIT seed="1,0,0,3,4,23" ten="250,250,289,211" oya="1" hai0="109,31,4,108,104,30,74,64,100,59,47,134,3" hai1="122,89,101,21,114,113,56,85,70,52,12,81,16" hai2="75,98,125,76,117,42,78,1,135,41,8,37,126" hai3="13,27,73,106,92,131,86,87,130,123,14,51,105"/><U84/><E70/><V121/><F121/><W82/><G123/><T67/><D74/><U83/><E101/><V54/><F117/><W50/><G27/><T63/><D134/><U110/><E122/><V25/><F135/><W111/><G111/><N who="0" m="42571" /><D47/><U66/><E66/><V15/><F1/><W35/><G35/><T11/><D67/><U128/><E110/><V18/><F54/><W69/><G69/><T79/><D79/><N who="2" m="30250" /><F75/><W99/><G51/><T46/><D46/><U32/><E32/><V95/><F37/><W71/><G71/><T115/><D115/><U120/><E120/><V61/><F61/><W48/><G48/><T90/><D90/><U129/><E114/><V77/><F77/><N who="3" m="44335" /><G50/><T6/><D6/><U107/><E113/><V112/><F112/><W55/><G55/><T124/><D124/><N who="2" m="47722" /><F25/><W68/><G68/><T40/><D40/><U133/><E133/><V62/><F62/><W34/><G13/><T72/><D72/><U102/><E52/><V10/><F41/><W5/><G34/><T7/><D7/><U44/><E56/><V29/><F42/><W43/><G43/><T132/><D132/><U28/><E44/><V9/><F29/><W58/><G14/><T91/><D91/><AGARI ba="0,0" hai="8,9,10,15,18,91,95,98" m="47722,30250" machi="91" ten="30,1000,0" yaku="18,1" doraHai="23" who="2" fromWho="0" sc="250,-10,250,0,289,10,211,0" /><INIT seed="2,0,0,2,5,16" ten="240,250,299,211" oya="2" hai0="29,28,94,15,124,54,102,106,3,80,11,19,100" hai1="101,104,105,41,113,134,20,22,116,38,83,86,24" hai2="118,46,1,9,31,37,121,89,4,75,97,133,0" hai3="14,34,65,30,60,91,56,127,84,8,85,50,93"/><V5/><F121/><W53/><G127/><T23/><D106/><U115/><E116/><V17/><F75/><W13/><G34/><T71/><D71/><U33/><E134/><V44/><F118/><W120/><G30/><T108/><D108/><U39/><E33/><V111/><F111/><W78/><G120/><T132/><D132/><U12/><E101/><V72/><F72/><W57/><G8/><T135/><D135/><U95/><E95/><V98/><F133/><W61/><G78/><T92/><D124/><U51/><E12/><V103/><F31/><W32/><G32/><T18/><D3/><U55/><E24/><V43/><F17/><W40/><G84/><T73/><D73/><U68/><E86/><V69/><F69/><W42/><G61/><T126/><D126/><U99/><E83/><V66/><F66/><W48/><G48/><T90/><D80/><U52/><E99/><V128/><F128/><W63/><G63/><T27/><D54/><U21/><E68/><V88/><F103/><N who="0" m="39466" /><D92/><U107/><E51/><V6/><F37/><N who="1" m="13833" /><E41/><AGARI ba="0,0" hai="13,14,40,41,42,50,53,56,57,60,65,85,91,93" machi="41" ten="40,1300,0" yaku="8,1" doraHai="16" who="3" fromWho="1" sc="240,0,250,-13,299,0,211,13" /><INIT seed="3,0,0,5,0,52" ten="240,237,299,224" oya="3" hai0="6,122,67,57,134,29,86,90,84,77,18,33,49" hai1="10,34,44,135,59,109,120,76,19,64,46,93,118" hai2="114,24,94,88,101,61,12,15,85,127,51,62,3" hai3="112,124,56,9,65,48,126,80,89,53,60,0,119"/><W132/><G119/><T38/><D122/><U73/><E118/><V66/><F3/><W8/><G112/><T39/><D38/><U103/><E120/><V123/><F123/><W40/><G132/><T54/><D39/><U13/><E34/><V1/><F1/><W63/><G63/><T72/><D134/><U97/><E135/><V91/><F114/><W130/><G130/><T121/><D121/><U105/><E109/><V74/><F74/><W115/><G115/><T78/><D6/><U14/><E73/><V95/><F127/><N who="3" m="48683" /><G40/><T107/><D107/><U23/><E76/><V111/><F111/><W131/><G131/><T28/><D33/><U55/><E105/><V25/><F101/><W87/><G0/><T82/><D72/><U104/><E64/><V26/><F51/><W43/><G43/><T27/><D78/><U37/><E104/><V116/><F116/><W110/><G110/><T75/><D75/><U71/><E71/><AGARI ba="0,0" hai="8,9,48,53,56,60,65,71,80,87,89" m="48683" machi="71" ten="30,2900,0" yaku="18,1,52,1" doraHai="52" who="3" fromWho="1" sc="240,0,237,-29,299,0,224,29" /><INIT seed="3,1,0,4,1,56" ten="240,208,299,253" oya="3" hai0="112,86,80,10,13,120,126,103,5,54,90,52,46" hai1="41,75,119,107,65,100,114,102,130,29,67,39,37" hai2="73,48,99,77,66,27,30,61,87,110,50,40,82" hai3="85,64,15,76,111,22,4,12,55,21,79,2,33"/><W7/><G33/><T129/><D120/><U19/><E75/><V3/><F110/><W83/><G111/><T134/><D112/><U17/><E114/><V9/><F40/><W132/><G132/><T42/><D134/><U135/><E135/><V45/><F45/><W81/><G2/><T31/><D129/><U104/><E41/><V44/><F44/><W8/><G64/><T47/><D126/><U115/><E115/><V57/><F73/><W121/><G55/><T18/><D31/><U32/><E32/><V97/><F3/><W98/><G98/><N who="2" m="37385" /><F9/><W71/><G71/><T16/><D103/><U36/><E29/><V113/><F113/><W28/><G28/><T123/><D123/><U133/><E133/><V84/><F84/><W124/><G124/><T24/><D24/><U60/><E37/><V62/><F61/><W59/><G59/><T34/><D34/><U51/><E51/><V25/><F25/><W6/><G121/><T69/><D69/><U88/><E130/><V109/><F109/><W43/><G43/><T11/><D42/><U74/><E74/><V106/><F106/><W53/><G53/><N who="0" m="20587" /><D11/><U91/><E119/><V96/><N who="2" m="37393" /><V89/><DORA hai="26" /><F77/><W128/><G128/><T127/><D127/><U125/><E125/><V20/><AGARI ba="1,0" hai="20,27,30,48,50,57,62,66,82,87,89" m="37393" machi="20" ten="30,4000,0" yaku="8,1,52,2" doraHai="56,26" who="2" fromWho="2" sc="240,-11,208,-11,299,43,253,-21" /><INIT seed="4,0,0,5,3,130" ten="229,197,342,232" oya="0" hai0="82,22,12,62,119,77,18,116,65,20,134,121,19" hai1="30,39,123,128,110,56,108,21,24,26,107,126,86" hai2="25,60,84,79,31,101,1,118,99,57,69,102,81" hai3="129,120,78,68,54,66,49,5,103,37,67,41,53"/><T28/><D121/><U100/><E39/><V46/><F118/><W7/><G78/><T76/><D134/><U87/><E123/><V27/><F1/><W59/><G5/><T89/><D28/><U115/><E128/><V83/><F69/><W42/><G7/><T75/><D77/><U94/><E107/><V109/><F109/><W40/><G103/><T36/><D36/><U0/><E0/><V44/><F83/><W125/><G129/><T8/><D89/><U92/><E56/><V29/><F29/><W58/><G125/><T131/><D131/><U132/><E126/><V63/><F63/><N who="3" m="40031" /><G120/><T6/><D116/><U122/><E30/><V14/><F14/><W70/><G37/><T16/><REACH who="0" step="1"/><D119/><REACH who="0" step="2"/><U73/><E122/><V97/><F31/><W104/><G104/><T38/><D38/><U13/><E110/><V90/><F79/><W64/><G70/><AGARI ba="0,1" hai="6,8,12,16,18,19,20,22,62,65,70,75,76,82" machi="70" ten="40,3900,0" yaku="1,1,54,1,53,0" doraHai="130" doraHaiUra="88" who="0" fromWho="3" sc="219,49,197,0,342,0,232,-39" /><INIT seed="4,1,0,2,2,113" ten="268,197,342,193" oya="0" hai0="31,59,122,37,125,13,33,7,40,68,128,55,65" hai1="45,42,110,32,36,80,46,72,88,90,11,49,64" hai2="108,98,38,115,77,81,119,112,34,27,86,73,51" hai3="105,15,22,3,107,95,48,60,76,39,99,84,10"/><T131/><D122/><U69/><E32/><V58/><F38/><W78/><G3/><T21/><D68/><U56/><E110/><V67/><F108/><W104/><G39/><T4/><D65/><U35/><E35/><V124/><F124/><W1/><G1/><T75/><D75/><U63/><E11/><V70/><F70/><W5/><G60/><T83/><D125/><U52/><REACH who="1" step="1"/><E46/><REACH who="1" step="2"/><V6/><F34/><W12/><G22/><T71/><D33/><U18/><E18/><V53/><F112/><W41/><G5/><T16/><D4/><U130/><E130/><V0/><F6/><W121/><G121/><T129/><D7/><U97/><E97/><V94/><F115/><W118/><G99/><T14/><D31/><U50/><E50/><V57/><F51/><W101/><G48/><T126/><D37/><U47/><E47/><V117/><F98/><W8/><G8/><T17/><D126/><U44/><E44/><V23/><F0/><W132/><G10/><T61/><D40/><U2/><E2/><V135/><F23/><W30/><G41/><T19/><D21/><U116/><E116/><V92/><F119/><W62/><G118/><T25/><D25/><U123/><E123/><V66/><F117/><W20/><G20/><T91/><D71/><U127/><E127/><V29/><F27/><W89/><G12/><T85/><AGARI ba="1,1" hai="13,14,16,17,19,55,59,61,83,85,91,128,129,131" machi="85" ten="40,7800,0" yaku="0,1,19,1,54,1" doraHai="113" who="0" fromWho="0" sc="268,91,187,-27,342,-27,193,-27" /><INIT seed="4,2,0,2,1,64" ten="359,160,315,166" oya="0" hai0="14,58,16,133,134,98,30,71,2,12,124,88,1" hai1="77,82,6,74,62,22,132,123,106,39,52,119,61" hai2="129,78,80,108,15,40,28,131,103,9,96,94,85" hai3="105,24,126,120,38,8,76,34,47,11,25,41,66"/><T86/><D30/><U110/><E123/><V93/><F108/><W70/><G105/><T118/><D118/><U73/><E110/><V19/><F40/><W121/><G126/><T54/><D124/><U100/><E119/><V45/><F45/><W20/><G34/><T83/><D98/><U92/><E39/><V42/><F42/><W109/><G109/><T0/><D71/><U7/><E74/><V115/><F115/><W89/><G76/><T125/><D125/><U53/><E106/><V127/><F127/><W67/><G25/><T69/><D69/><U43/><E43/><V65/><F65/><W95/><G66/><T79/><D79/><U59/><E22/><V87/><REACH who="2" step="1"/><F28/><REACH who="2" step="2"/><W122/><G67/><T21/><REACH who="0" step="1"/><D12/><REACH who="0" step="2"/><U63/><E132/><V104/><F104/><W17/><REACH who="3" step="1"/><G70/><REACH who="3" step="2"/><T101/><D101/><U97/><E100/><V130/><F130/><W3/><G3/><T29/><D29/><U135/><E135/><V113/><F113/><W55/><G55/><T48/><AGARI ba="2,3" hai="0,1,2,14,16,21,48,54,58,83,86,88,133,134" machi="48" ten="40,12000,1" yaku="1,1,0,1,54,2,53,1" doraHai="64" doraHaiUra="51" who="0" fromWho="0" sc="349,156,160,-42,305,-42,156,-42" /><INIT seed="4,3,0,3,1,88" ten="505,118,263,114" oya="0" hai0="78,59,107,113,70,9,32,79,23,56,52,135,41" hai1="65,105,16,98,0,101,102,53,94,128,27,7,51" hai2="37,63,82,109,28,90,126,72,119,93,5,68,110" hai3="4,130,45,112,92,47,8,11,43,81,17,131,118"/><T29/><D113/><U127/><E65/><V75/><F37/><W25/><G118/><T58/><D107/><U39/><E39/><V87/><F28/><W99/><G112/><T3/><D32/><U64/><E64/><V129/><F5/><W69/><G69/><T100/><D135/><U76/><E76/><N who="2" m="46535" /><F63/><W106/><G106/><T86/><D70/><U48/><E7/><V21/><F21/><N who="3" m="13487" /><G81/><T83/><D100/><U96/><E0/><V108/><F68/><W73/><G73/><N who="2" m="28233" /><F119/><W38/><G47/><T115/><D115/><U30/><E51/><V40/><F40/><W20/><G20/><T71/><D71/><U80/><E16/><V44/><F44/><W55/><G55/><T22/><D41/><U6/><E6/><V10/><F10/><W31/><G31/><T132/><D132/><U2/><E2/><V60/><F60/><W12/><G11/><T84/><D3/><U1/><E1/><V121/><F121/><W46/><G46/><T54/><D29/><U50/><E53/><N who="0" m="20585" /><D9/><U133/><E48/><V122/><F122/><W19/><G99/><T124/><D124/><U97/><E50/><V67/><F67/><W85/><G85/><N who="0" m="32875" /><D83/><U49/><E80/><V74/><N who="2" m="28241" /><V57/><DORA hai="35" /><F110/><W91/><G4/><T125/><D125/><U36/><E127/><V62/><F126/><W15/><G8/><T134/><D134/><U42/><E133/><V114/><F109/><W66/><G66/><T14/><D14/><U33/><E30/><V117/><F108/><W13/><G19/><T95/><D22/><U26/><E33/><RYUUKYOKU ba="3,0" sc="505,-10,118,-10,263,-10,114,30" hai3="12,13,15,38,43,45,91,92,130,131" /><INIT seed="5,4,0,1,1,27" ten="495,108,253,144" oya="1" hai0="31,28,88,3,106,112,94,113,26,43,123,9,50" hai1="122,46,8,58,18,34,96,111,114,87,105,95,109" hai2="132,16,98,0,117,91,78,4,32,84,81,49,119" hai3="82,83,20,29,63,85,125,51,79,55,40,124,30"/><U102/><E122/><V131/><F132/><W45/><G63/><T36/><D106/><U12/><E34/><V126/><F126/><N who="3" m="48747" /><G20/><T65/><D65/><U52/><E46/><V33/><F131/><W121/><G121/><T53/><D36/><U99/><E87/><V1/><F49/><N who="3" m="26791" /><G83/><T108/><D108/><U48/><REACH who="1" step="1"/><E114/><REACH who="1" step="2"/><N who="0" m="44137" /><D123/><U17/><E17/><V70/><F16/><W5/><G5/><N who="0" m="1215" /><D43/><U76/><E76/><V35/><F78/><W80/><G80/><T37/><D37/><U128/><E128/><V10/><F81/><W44/><AGARI ba="4,1" hai="29,30,44,51,55,79,82,85" m="26791,48747" machi="44" ten="30,4000,0" yaku="18,1,52,2" doraHai="27" who="3" fromWho="3" sc="495,-14,98,-24,253,-14,144,62" /><INIT seed="6,0,0,4,1,95" ten="481,74,239,206" oya="2" hai0="56,112,134,82,54,125,114,135,86,9,92,35,48" hai1="39,32,27,81,63,30,26,43,17,16,13,94,53" hai2="65,41,31,119,91,14,45,18,22,77,66,6,49" hai3="102,85,118,23,42,96,120,34,83,70,51,90,132"/><V7/><F119/><W103/><G120/><T87/><D35/><U21/><E39/><V121/><F121/><W52/><G70/><T2/><D125/><U28/><E43/><V20/><F77/><W61/><G34/><T58/><D92/><U3/><E94/><V126/><F126/><W38/><G38/><T8/><D2/><U46/><E81/><V109/><F109/><W55/><G42/><T106/><D106/><U98/><E98/><V36/><F36/><W59/><G132/><N who="0" m="50731" /><D56/><U131/><E63/><V0/><F0/><W88/><G23/><T100/><D100/><U75/><E53/><V62/><F91/><N who="3" m="51647" /><G118/><T73/><D73/><U69/><E46/><V57/><F66/><W33/><G33/><T74/><D74/><U116/><E69/><V44/><REACH who="2" step="1"/><F45/><REACH who="2" step="2"/><N who="3" m="27759" /><G90/><N who="0" m="51543" /><D87/><U110/><E75/><V60/><F60/><W97/><G88/><T127/><D127/><U99/><E110/><V124/><F124/><W133/><G133/><T107/><D107/><U104/><E116/><V50/><F50/><W47/><G47/><T40/><D40/><U117/><E3/><V80/><F80/><W89/><G89/><T37/><D37/><U128/><E117/><V122/><F122/><W115/><G115/><AGARI ba="0,1" hai="8,9,48,54,58,112,114,115" m="51543,50731" machi="115" ten="30,2000,0" yaku="15,1,20,1" doraHai="95" who="0" fromWho="3" sc="481,30,74,0,229,0,206,-20" /><INIT seed="7,0,0,0,1,110" ten="511,74,229,186" oya="3" hai0="79,15,134,18,57,105,97,43,0,49,109,16,22" hai1="58,87,84,50,26,108,114,51,40,85,78,113,80" hai2="4,135,107,115,35,128,123,67,30,118,68,70,111" hai3="31,75,106,17,92,8,47,36,69,20,65,27,133"/><W116/><G116/><T88/><D109/><U54/><E108/><V12/><F12/><W81/><G106/><T95/><D0/><U72/><E26/><V52/><F30/><W28/><G75/><T56/><D134/><U62/><E40/><V63/><F4/><W104/><G104/><T25/><D105/><U86/><N who="1" m="21504" /><DORA hai="7" /><U83/><REACH who="1" step="1"/><E80/><REACH who="1" step="2"/><V42/><F111/><W76/><G133/><T59/><D49/><U124/><E124/><V39/><F135/><W9/><G36/><T73/><D79/><U61/><E61/><V64/><F63/><W99/><G69/><T21/><D73/><U82/><E82/><V100/><F70/><W121/><G121/><T74/><D74/><U129/><E129/><V77/><F68/><W37/><G37/><T5/><D43/><U55/><E55/><V127/><F42/><W2/><G2/><T45/><D45/><U98/><E98/><V6/><F39/><W103/><G65/><T33/><D33/><U101/><E101/><V10/><F64/><W48/><G81/><T91/><D5/><U60/><E60/><V71/><F67/><W131/><G131/><T14/><D25/><U38/><E38/><V125/><F128/><W96/><G96/><T120/><D120/><U132/><E132/><V122/><F123/><W11/><REACH who="3" step="1"/><G76/><REACH who="3" step="2"/><T29/><D29/><U112/><AGARI ba="0,2" hai="50,51,54,58,62,72,78,83,112,113,114" m="21504" machi="112" ten="50,12000,2" yaku="1,1,0,1,15,1,52,3,53,0" doraHai="110,7" doraHaiUra="34,24" who="1" fromWho="1" sc="511,-30,64,140,229,-30,176,-60" owari="481,58,204,0,199,-20,116,-38" /></mjloggm>