<mjloggm ver="2.3"><GO type="41"/><UN n0="%E3%81%8A%E3%81%8B%E3%81%BD%E3%82%93" n1="%E3%81%A1%E3%82%85%E3%82%93%E9%9B%80" n2="%E3%81%B8%E3%81%9F%E3%82%8C%E3%81%AA%E3%83%8D%E3%82%BA%E3%83%9F" n3="%E3%82%A6%E3%83%AB%E3%83%88%E3%83%A9%E7%AB%8B%E7%9B%B4" dan="14,15,13,15" rate="2003,2089,1933,1990" sx="M,M,M,M"/><TAIKYOKU oya="0"/><INIT seed="0,0,0,5,5,79" ten="250,250,250,250" oya="0" hai0="53,38,7,47,55,109,40,21,2,131,97,28,15" hai1="43,62,71,112,48,12,20,106,64,77,30,82,102" hai2="128,36,3,46,104,127,75,103,132,33,118,39,67" hai3="91,86,37,105,23,130,44,13,133,93,61,5,83"/><T125/><D2/><U63/><E112/><V69/><F103/><W85/><G105/><T27/><D125/><U31/><E62/><V122/><F67/><W17/><G130/><T65/><D131/><U96/><E43/><V9/><F46/><W51/><G37/><T8/><D109/><U107/><E107/><V14/><F14/><W0/><G61/><T1/><D65/><U52/><E20/><V18/><F9/><W99/><G133/><T81/><D97/><U57/><REACH who="1" step="1"/><E12/><REACH who="1" step="2"/><V58/><F18/><W45/><G0/><T29/><D29/><U26/><E26/><V92/><F92/><W95/><G5/><T120/><D120/><U19/><E19/><V98/><F58/><W129/><G129/><T41/><D41/><U56/><E56/><V74/><F98/><W4/><G4/><T6/><D6/><U110/><E110/><V108/><F36/><W59/><G59/><T24/><D24/><U100/><E100/><V50/><F50/><W101/><REACH who="3" step="1"/><G51/><REACH who="3" step="2"/><T34/><D81/><U60/><E60/><V114/><AGARI ba="0,2" hai="3,33,39,69,74,75,104,108,114,118,122,127,128,132" machi="114" ten="0,32000,5" yakuman="47" doraHai="79" who="2" fromWho="2" sc="250,-160,240,-80,250,340,240,-80" /><INIT seed="1,0,0,1,4,33" ten="90,160,590,160" oya="1" hai0="31,81,105,124,127,56,5,112,92,42,23,70,27" hai1="74,107,18,117,102,55,63,68,97,13,72,128,76" hai2="109,25,6,80,59,106,48,20,104,51,126,122,89" hai3="53,116,44,14,24,21,73,52,135,113,12,58,79"/><U4/><E117/><V54/><F109/><W9/><G113/><T130/><D105/><U7/><E128/><V2/><F122/><W29/><G116/><T87/><D70/><U121/><E121/><V115/><F115/><W71/><G71/><T0/><D112/><U65/><E55/><V36/><F126/><N who="0" m="48170" /><D42/><U11/><REACH who="1" step="1"/><E76/><REACH who="1" step="2"/><V95/><F106/><W101/><G79/><N who="0" m="46527" /><D130/><U103/><E103/><V64/><F104/><W123/><G101/><T96/><D56/><U125/><E125/><V22/><F80/><W78/><G123/><T129/><D129/><U108/><E108/><V10/><F36/><W132/><G78/><T46/><D92/><U131/><E131/><V32/><F64/><W94/><G94/><T3/><D46/><U91/><E91/><V82/><F82/><W118/><G118/><T69/><D69/><U75/><AGARI ba="0,1" hai="4,7,11,13,18,63,65,68,72,74,75,97,102,107" machi="75" ten="30,3000,0" yaku="1,1,0,1,53,0" doraHai="33" doraHaiUra="16" who="1" fromWho="1" sc="90,-10,150,40,590,-10,160,-10" /><INIT seed="1,1,0,2,1,102" ten="80,190,580,150" oya="1" hai0="4,110,10,23,114,39,94,85,22,70,65,6,53" hai1="21,108,0,16,134,100,34,79,55,89,42,82,68" hai2="105,60,62,67,84,90,32,101,91,78,56,5,126" hai3="125,95,129,54,25,26,33,64,52,18,135,11,45"/><U103/><E34/><V88/><F126/><W115/><G115/><T46/><D114/><U57/><E68/><V20/><F32/><W2/><G64/><T58/><D110/><U31/><E0/><V37/><F37/><W128/><G95/><T112/><D112/><U72/><E31/><V7/><F105/><W111/><G45/><T71/><D70/><U131/><E108/><V73/><F73/><W3/><G111/><T116/><D116/><U35/><E35/><V81/><F101/><W8/><G33/><T44/><D71/><U75/><E75/><V43/><F43/><W113/><G113/><T119/><D119/><U133/><E42/><V40/><F40/><W14/><G135/><N who="1" m="51722" /><E89/><N who="2" m="22787" /><V36/><DORA hai="97" /><F36/><W29/><G29/><T132/><D132/><U30/><E30/><V123/><F123/><W1/><G125/><T106/><D39/><U96/><E96/><V121/><F121/><W98/><G98/><T17/><D65/><U51/><E131/><V76/><F76/><W92/><G92/><T124/><D94/><U12/><AGARI ba="1,0" hai="12,16,21,51,55,57,72,79,82,100,103" m="51722" machi="12" ten="30,11700,0" yaku="20,1,52,2,54,1" doraHai="102,97" who="1" fromWho="1" sc="80,-40,190,120,580,-40,150,-40" /><INIT seed="1,2,0,5,4,41" ten="40,310,540,110" oya="1" hai0="7,127,42,87,67,6,116,126,13,71,75,51,4" hai1="105,46,22,21,88,52,111,39,69,19,104,30,61" hai2="130,55,84,118,94,96,107,119,112,115,129,64,17" hai3="66,92,114,85,9,23,14,122,81,63,27,18,86"/><U45/><E111/><V20/><F64/><W40/><G122/><T43/><D75/><U36/><E69/><V49/><F107/><W60/><G114/><N who="2" m="43561" /><F84/><W12/><G12/><T44/><D116/><N who="2" m="44586" /><F94/><W15/><G15/><T109/><D109/><U89/><E61/><V62/><F96/><W65/><G92/><T72/><D72/><U77/><E30/><V8/><F8/><W16/><G40/><T53/><D87/><U79/><E19/><V133/><F62/><W121/><G121/><T11/><D67/><N who="3" m="25609" /><G86/><T24/><D71/><U101/><E52/><V134/><F17/><W70/><G70/><T48/><D24/><U28/><E28/><V110/><F20/><W0/><G0/><T29/><D29/><U50/><E50/><V108/><F55/><W59/><G59/><T100/><D100/><AGARI ba="2,0" hai="21,22,36,39,45,46,77,79,88,89,100,101,104,105" machi="100" ten="25,12000,1" yaku="22,2,52,2,54,1" doraHai="41" who="1" fromWho="0" sc="40,-126,310,126,540,0,110,0" owari="-86,-59,436,24,540,64,110,-29" /></mjloggm>