<mjloggm ver="2.3"><GO type="41"/><UN n0="%E3%81%BA%E3%81%99%EF%BC%93" n1="%51%57%45" n2="%E3%82%A6%E3%83%AB%E3%83%88%E3%83%A9%E7%AB%8B%E7%9B%B4" n3="%E9%BA%BB%E9%9B%80%E2%98%86%E5%BB%83%E4%BA%BA" dan="14,14,15,13" rate="1931,1912,2015,1956" sx="F,M,M,M"/><TAIKYOKU oya="0"/><INIT seed="0,0,0,1,5,29" ten="250,250,250,250" oya="0" hai0="112,11,91,96,105,47,19,130,43,64,59,27,39" hai1="40,128,133,65,71,135,85,28,127,46,16,90,104" hai2="131,33,70,124,123,109,31,120,73,114,115,110,38" hai3="51,122,77,21,111,55,23,37,92,22,62,60,2"/><T132/><D112/><U134/><E104/><V0/><F31/><W13/><G37/><T76/><D130/><U108/><E128/><V74/><F74/><W89/><G2/><T79/><D132/><U57/><E108/><V4/><F4/><W93/><G111/><T7/><D64/><U12/><E127/><V30/><F30/><W61/><G122/><T1/><D59/><U117/><E117/><V101/><F101/><W116/><G116/><T87/><D105/><U44/><E71/><V3/><F3/><W36/><G36/><T52/><D96/><U83/><E28/><V53/><F53/><W34/><G34/><T63/><D27/><U5/><E5/><V10/><F10/><W25/><G77/><T129/><D19/><U18/><E12/><V68/><F68/><W72/><G13/><T102/><D102/><U118/><E118/><V97/><F97/><W107/><G107/><T98/><D98/><U58/><E46/><V42/><F42/><W26/><G72/><T88/><D129/><U48/><REACH who="1" step="1"/><E58/><REACH who="1" ten="250,240,250,250" step="2"/><V80/><F110/><W113/><G113/><T54/><D63/><AGARI ba="0,1" hai="16,18,40,44,48,57,63,65,83,85,90,133,134,135" machi="63" ten="40,8000,1" yaku="1,1,2,1,20,1,54,1,53,0" doraHai="29" doraHaiUra="35" who="1" fromWho="0" sc="250,-80,240,90,250,0,250,0" /><INIT seed="1,0,0,1,3,109" ten="170,330,250,250" oya="1" hai0="22,9,104,102,2,130,39,73,43,52,77,92,74" hai1="24,119,64,90,66,42,10,88,41,6,23,135,120" hai2="122,127,25,53,65,124,105,16,98,51,20,93,15" hai3="131,99,33,132,12,19,61,78,1,37,134,8,0"/><U28/><E119/><V57/><F105/><W91/><G37/><T101/><D22/><U110/><E120/><V97/><F122/><W5/><G78/><T63/><D63/><U111/><E135/><N who="3" m="51754" /><G61/><T4/><D130/><U129/><E129/><V21/><F65/><N who="1" m="25193" /><E42/><V35/><F35/><W83/><G83/><N who="0" m="45487" /><D74/><U14/><E41/><V94/><F124/><W45/><G45/><N who="0" m="23807" /><D104/><U54/><E54/><V106/><F127/><W82/><G82/><T95/><D52/><U115/><E90/><V126/><F126/><W75/><G91/><T89/><D95/><U3/><E88/><V112/><F106/><W40/><G75/><T76/><D76/><U117/><E14/><V114/><F94/><W108/><G99/><AGARI ba="0,0" hai="2,4,9,89,92,99,101,102" m="23807,45487" machi="99" ten="30,1000,0" yaku="25,1" doraHai="109" who="0" fromWho="3" sc="170,10,330,0,250,0,250,-10" /><INIT seed="2,0,0,5,3,25" ten="180,330,250,240" oya="2" hai0="60,19,1,92,84,12,86,90,44,43,122,116,129" hai1="52,134,110,83,64,36,63,14,81,42,20,105,10" hai2="78,41,123,9,77,58,7,133,30,87,97,95,17" hai3="8,34,16,124,103,13,94,47,80,6,114,74,2"/><V56/><F123/><W49/><G114/><T112/><D122/><U109/><E105/><V26/><F133/><W53/><G124/><T125/><D112/><U32/><E32/><V46/><F17/><W48/><G34/><T75/><D129/><U127/><E127/><V62/><F58/><W113/><G113/><T45/><D125/><U76/><E134/><V118/><F118/><W96/><G74/><T39/><D1/><U28/><E42/><V93/><F93/><W108/><G80/><T15/><D116/><U0/><E36/><V24/><F24/><W65/><G65/><T73/><D60/><U91/><E91/><V40/><F40/><W5/><G108/><T69/><D69/><U21/><E63/><V102/><F87/><W104/><G2/><T131/><D131/><U38/><E76/><V98/><F98/><W59/><REACH who="3" step="1"/><G104/><REACH who="3" ten="180,330,250,230" step="2"/><T82/><D75/><U100/><E81/><V27/><F78/><W130/><G130/><T89/><D73/><U101/><E83/><V61/><F77/><W119/><G119/><T50/><REACH who="0" step="1"/><D19/><REACH who="0" ten="170,330,250,230" step="2"/><U67/><E0/><V33/><F33/><W18/><G18/><T121/><D121/><U135/><E110/><V57/><F7/><W85/><G85/><T88/><D88/><U23/><E109/><V68/><F68/><W117/><G117/><T72/><D72/><U11/><E135/><V132/><F132/><W55/><AGARI ba="0,2" hai="5,6,8,13,16,47,48,49,53,55,59,94,96,103" machi="55" ten="20,8000,1" yaku="1,1,0,1,7,1,8,1,54,1,53,0" doraHai="25" doraHaiUra="115" who="3" fromWho="3" sc="170,-20,330,-20,250,-40,230,100" /><INIT seed="3,0,0,2,1,5" ten="150,310,210,330" oya="3" hai0="132,130,112,37,108,89,64,19,84,71,94,3,30" hai1="48,38,117,10,33,123,13,34,54,53,36,60,135" hai2="133,4,12,56,129,110,51,83,27,42,0,14,57" hai3="26,11,25,78,74,95,104,101,62,126,9,85,111"/><W120/><G120/><T122/><D122/><U106/><E123/><V21/><F56/><W15/><G126/><T7/><D108/><U31/><E106/><V128/><F57/><W39/><G39/><T81/><D130/><N who="2" m="50282" /><F83/><N who="3" m="45527" /><G15/><N who="2" m="5673" /><F51/><W76/><G76/><T63/><D132/><U109/><E48/><V98/><F42/><W107/><G62/><T69/><D112/><U47/><E60/><V72/><F98/><N who="3" m="61495" /><G107/><T32/><D37/><U24/><E38/><V1/><F72/><W125/><G125/><T8/><D19/><U28/><E36/><V43/><F43/><W40/><G40/><T68/><REACH who="0" step="1"/><D81/><REACH who="0" ten="140,310,210,330" step="2"/><U70/><E109/><V16/><F110/><W113/><G111/><T97/><D97/><U87/><E135/><V73/><F133/><W105/><G113/><T121/><D121/><U65/><E117/><V41/><F41/><W91/><G105/><T116/><D116/><U124/><E124/><V6/><F73/><W17/><G17/><T127/><D127/><U55/><E87/><V46/><F46/><W61/><G61/><T29/><D29/><U82/><E31/><V93/><F93/><W59/><G59/><T20/><D20/><U75/><E28/><V92/><F92/><W114/><G114/><T45/><D45/><U131/><E47/><V50/><F50/><W102/><G102/><T99/><D99/><U18/><E82/><V66/><F66/><W67/><G67/><T86/><D86/><U100/><E65/><V80/><F80/><W115/><G115/><T79/><D79/><U23/><E75/><V119/><F119/><W49/><G49/><RYUUKYOKU ba="0,1" sc="140,10,310,-30,210,10,330,10" hai0="3,7,8,30,32,63,64,68,69,71,84,89,94" hai2="0,1,4,6,16,21,27" hai3="9,11,25,26,85,91,95" /><INIT seed="3,1,1,5,5,41" ten="150,280,220,340" oya="3" hai0="83,4,85,40,92,36,44,34,88,56,15,27,122" hai1="54,132,55,58,26,57,38,16,10,89,14,71,78" hai2="113,81,32,43,111,67,68,77,11,66,95,120,80" hai3="3,19,63,82,107,128,97,79,64,8,110,46,52"/><W2/><G128/><T51/><D122/><U53/><E71/><V131/><F32/><W49/><G110/><T115/><D115/><U28/><E132/><V35/><F35/><W112/><G112/><T100/><D34/><U23/><E38/><V60/><F113/><W42/><G42/><T9/><D27/><U101/><E101/><V74/><F111/><W24/><G107/><T121/><D121/><U39/><E39/><V47/><F120/><W29/><G97/><N who="0" m="59431" /><D36/><U84/><REACH who="1" step="1"/><E78/><REACH who="1" ten="150,270,220,340" step="2"/><V130/><F130/><W90/><G79/><N who="0" m="46335" /><D56/><U98/><E98/><V108/><F131/><W114/><G114/><T65/><D65/><U17/><E17/><V18/><F108/><W104/><G19/><T5/><D5/><U22/><E22/><V69/><F18/><W102/><G102/><T6/><D6/><U20/><E20/><V30/><F11/><W93/><G8/><T127/><D127/><U37/><E37/><V87/><F30/><W94/><G29/><T96/><D96/><U116/><E116/><V33/><F33/><W99/><G99/><T0/><D0/><U119/><E119/><V134/><F134/><W21/><G2/><T76/><D76/><U75/><E75/><V50/><F67/><W126/><G3/><T86/><D86/><U13/><E13/><V1/><F1/><W105/><G21/><T45/><D88/><U124/><E124/><V59/><F80/><AGARI ba="1,2" hai="10,14,16,23,26,28,53,54,55,57,58,80,84,89" machi="80" ten="40,8000,1" yaku="1,1,8,1,54,1,53,1" doraHai="41" doraHaiUra="12" who="1" fromWho="2" sc="150,0,270,103,220,-83,340,0" /><INIT seed="4,0,0,0,0,119" ten="150,373,137,340" oya="0" hai0="79,11,113,112,80,103,125,127,4,52,90,67,95" hai1="27,25,65,57,47,117,17,41,16,39,56,75,10" hai2="73,124,131,50,49,20,106,31,43,134,107,0,122" hai3="34,86,128,30,135,87,115,121,9,21,74,24,2"/><T26/><D67/><U70/><E117/><V84/><F20/><W129/><G74/><T71/><D71/><U111/><E75/><V29/><F84/><W89/><G86/><N who="0" m="52695" /><D26/><U3/><E111/><V76/><F73/><W1/><G115/><N who="0" m="44107" /><D52/><U33/><E27/><V66/><F76/><W92/><G135/><T61/><D61/><U19/><E65/><V130/><F66/><W81/><G34/><T109/><D11/><U108/><E70/><V132/><F0/><N who="3" m="107" /><G92/><T45/><D4/><U120/><E10/><V8/><F8/><W77/><G77/><T36/><D45/><U62/><E25/><V42/><F124/><N who="0" m="47690" /><D36/><U78/><E47/><V91/><REACH who="2" step="1"/><F91/><REACH who="2" ten="150,373,127,340" step="2"/><W5/><G21/><T22/><D22/><U114/><E114/><V38/><F38/><W83/><G9/><T51/><D51/><U118/><E39/><V85/><F85/><W54/><G87/><N who="0" m="48543" /><D103/><U99/><E118/><V59/><F59/><W48/><G30/><T35/><D35/><U63/><E57/><V123/><AGARI ba="0,1" hai="29,31,42,43,49,50,106,107,122,123,130,131,132,134" machi="123" ten="25,12000,2" yaku="1,1,0,1,22,2,52,2,53,0" doraHai="119" doraHaiUra="133" who="2" fromWho="2" sc="150,-60,373,-30,127,130,340,-30" /><INIT seed="5,0,0,0,0,81" ten="90,343,257,310" oya="1" hai0="77,52,15,123,72,115,116,67,114,23,73,119,30" hai1="117,104,47,135,35,26,13,64,14,76,19,80,103" hai2="28,42,3,58,98,49,88,53,113,10,20,133,16" hai3="102,4,128,108,96,56,31,110,82,126,107,7,17"/><U109/><E117/><N who="0" m="45129" /><D67/><U100/><E104/><V127/><F28/><W63/><G31/><T22/><D77/><U87/><E35/><V131/><F3/><W71/><G71/><T11/><D52/><U129/><E26/><V92/><F127/><W18/><G126/><T1/><D73/><U29/><E29/><V51/><F131/><W46/><G46/><T50/><D72/><U120/><E64/><V68/><F68/><W101/><G128/><T106/><D50/><U93/><E47/><V6/><F133/><W65/><G82/><T0/><D106/><U2/><E2/><N who="0" m="1129" /><D123/><U36/><E93/><V32/><F32/><W94/><G94/><T132/><D30/><U121/><E80/><V118/><F118/><W62/><G65/><T9/><D132/><U69/><E36/><V12/><F42/><W78/><G107/><T25/><D25/><U48/><E135/><V59/><F113/><N who="0" m="43018" /><D15/><U70/><E13/><N who="2" m="5335" /><F58/><W79/><G56/><T83/><D83/><U124/><E70/><V27/><F12/><W90/><G90/><T39/><D39/><U8/><E69/><V54/><F54/><W61/><G63/><AGARI ba="0,0" hai="16,20,27,49,51,53,59,63,88,92,98" m="5335" machi="63" ten="30,7700,0" yaku="25,1,8,1,54,2" doraHai="81" who="2" fromWho="3" sc="90,0,343,0,257,77,310,-77" /><INIT seed="6,0,0,5,3,4" ten="90,343,334,233" oya="2" hai0="72,9,108,46,30,123,95,113,52,100,121,115,92" hai1="1,71,132,12,44,40,74,39,49,18,130,98,48" hai2="101,17,91,60,58,122,43,56,128,51,90,27,65" hai3="32,112,15,13,114,37,133,20,47,116,35,59,88"/><V66/><F122/><W11/><G116/><T124/><D30/><U57/><E1/><V68/><F101/><W41/><G59/><T54/><D72/><U82/><E71/><V50/><F68/><W23/><G133/><T118/><D46/><U131/><E132/><V10/><F128/><N who="1" m="49193" /><E98/><V110/><F110/><W45/><G88/><N who="2" m="33833" /><F27/><W34/><G41/><T14/><D100/><U106/><E106/><V126/><F126/><W33/><G34/><T0/><D0/><U127/><E127/><V61/><F43/><W2/><G2/><T67/><D67/><U119/><E57/><V80/><F80/><W79/><G79/><T129/><D129/><U28/><E28/><V36/><F36/><W3/><G3/><T125/><D14/><AGARI ba="0,0" hai="10,14,17,50,51,56,58,60,61,65,66" m="33833" machi="14" ten="30,5800,0" yaku="8,1,52,1,54,1" doraHai="4" who="2" fromWho="0" sc="90,-58,343,0,334,58,233,0" /><INIT seed="6,1,0,1,3,92" ten="32,343,392,233" oya="2" hai0="61,51,32,31,108,116,133,45,124,130,134,71,94" hai1="88,86,84,107,122,95,109,63,75,105,26,103,47" hai2="113,14,79,49,68,121,54,69,43,25,27,13,11" hai3="60,93,53,89,42,28,129,17,48,114,7,1,40"/><V72/><F121/><W64/><G28/><T104/><D104/><N who="1" m="40011" /><E63/><V123/><F123/><W59/><G1/><T62/><D94/><U125/><E47/><V58/><F72/><W96/><G7/><T8/><D32/><U67/><E67/><V29/><F79/><W22/><G114/><T39/><D31/><U112/><E26/><V83/><F83/><W6/><G6/><T41/><D8/><U76/><E122/><V117/><F117/><W128/><G129/><T80/><D80/><N who="1" m="45087" /><E112/><V110/><F110/><W99/><G99/><T34/><D34/><U73/><E109/><V30/><F113/><W65/><G65/><T23/><D23/><U38/><E38/><V5/><F43/><W46/><REACH who="3" step="1"/><G128/><REACH who="3" ten="32,343,392,223" step="2"/><T126/><D108/><U55/><E125/><N who="0" m="48233" /><D116/><U36/><E36/><V12/><F68/><W106/><G106/><T91/><D91/><N who="1" m="53735" /><E55/><V74/><F69/><W37/><G37/><T10/><D39/><U19/><E19/><V33/><F29/><W101/><G101/><T78/><D10/><U3/><E3/><V90/><F30/><W81/><G81/><T50/><D78/><U15/><E103/><V77/><F33/><W18/><G18/><T4/><D4/><U52/><E52/><V111/><F111/><W127/><G127/><T97/><D97/><U56/><E73/><V82/><F90/><W119/><G119/><T100/><D100/><U132/><E88/><V0/><AGARI ba="1,1" hai="0,5,11,12,13,14,25,27,49,54,58,74,77,82" machi="0" ten="30,1500,0" yaku="0,1" doraHai="92" who="2" fromWho="2" sc="32,-6,343,-6,392,28,223,-6" /><INIT seed="6,2,0,5,5,126" ten="26,337,420,217" oya="2" hai0="11,98,111,16,129,55,5,48,63,30,49,21,120" hai1="46,114,125,38,3,106,34,41,110,15,45,112,40" hai2="84,24,104,42,127,57,85,99,107,102,93,72,128" hai3="69,115,56,47,19,81,92,4,18,22,113,66,121"/><V117/><F57/><W109/><G69/><T82/><D120/><U70/><E3/><V8/><F42/><W65/><G121/><T25/><D111/><U67/><E34/><V27/><F8/><W74/><G74/><T95/><D82/><U6/><E106/><V0/><F0/><W88/><G81/><T91/><D129/><U20/><E20/><V75/><F24/><W54/><G4/><T50/><D30/><U37/><E15/><V119/><F27/><W29/><G47/><T77/><D77/><U71/><E6/><V36/><F36/><W86/><G29/><T101/><D101/><U94/><E94/><V13/><F13/><W62/><G109/><T39/><D39/><U14/><E14/><V31/><F31/><W58/><G58/><T103/><D103/><U10/><E10/><V132/><F132/><W68/><G65/><T9/><REACH who="0" step="1"/><D5/><REACH who="0" ten="16,337,420,217" step="2"/><U97/><E110/><V134/><F102/><W1/><G1/><T73/><D73/><U100/><E100/><V12/><F72/><W118/><G118/><T105/><D105/><U122/><E122/><V133/><F75/><W7/><G7/><T116/><D116/><U52/><E38/><V130/><F107/><W44/><G19/><T26/><D26/><U2/><E37/><V23/><F104/><W87/><G18/><T76/><D76/><U83/><E40/><V17/><F117/><W79/><G79/><T59/><AGARI ba="2,1" hai="9,11,16,21,25,48,49,50,55,59,63,91,95,98" machi="59" ten="30,12000,2" yaku="1,1,0,1,25,2,8,1,54,1,53,1" doraHai="126" doraHaiUra="51" who="0" fromWho="0" sc="16,136,337,-32,420,-62,217,-32" /><INIT seed="7,0,0,5,3,63" ten="152,305,358,185" oya="3" hai0="59,119,85,21,93,111,74,43,127,118,30,32,24" hai1="66,116,20,50,98,87,121,126,88,95,16,89,39" hai2="22,72,104,133,40,76,94,15,34,10,56,112,36" hai3="69,27,67,99,109,35,82,42,128,45,131,9,115"/><W8/><G115/><T124/><D74/><U47/><E121/><V113/><F104/><W91/><G109/><T68/><D43/><U25/><E126/><N who="0" m="48169" /><D85/><U18/><E116/><N who="0" m="44585" /><D93/><U73/><E73/><V108/><F133/><W134/><G134/><T41/><D41/><U79/><E79/><V60/><F34/><W17/><G82/><T37/><D59/><U84/><E39/><V1/><F22/><N who="3" m="13775" /><G35/><T123/><D37/><U64/><E18/><N who="2" m="8567" /><F1/><W6/><G99/><T31/><D68/><U90/><E87/><V77/><F108/><W125/><G91/><N who="1" m="34890" /><E84/><V78/><F94/><W83/><G83/><T65/><D65/><U100/><E100/><V130/><F72/><W13/><G8/><T11/><D111/><U106/><E106/><V120/><F120/><W96/><G96/><T52/><D52/><AGARI ba="0,0" hai="16,20,25,47,50,52,64,66,90,95,98" m="34890" machi="52" ten="30,12000,2" yaku="8,1,52,2,54,3" doraHai="63" who="1" fromWho="0" sc="152,-120,305,120,358,0,185,0" owari="32,-47.0,425,52.0,358,16.0,185,-21.0" /></mjloggm>