<mjloggm ver="2.3"><GO type="41"/><UN n0="%E3%82%A6%E3%83%AB%E3%83%88%E3%83%A9%E7%AB%8B%E7%9B%B4" n1="%EF%BC%BA%EF%BC%A5%EF%BC%B2%EF%BC%AF" n2="%77%61%68%61%40" n3="%E3%81%AE%E3%81%B6%E3%81%AA%E3%81%8C%EF%BC%97%EF%BC%93" dan="15,14,13,14" rate="1938,1922,1955,1907" sx="M,M,M,F"/><TAIKYOKU oya="0"/><INIT seed="0,0,0,5,3,7" ten="250,250,250,250" oya="0" hai0="100,12,27,18,130,121,133,11,14,120,59,95,38" hai1="16,97,80,126,69,66,43,90,131,72,78,81,50" hai2="39,44,107,36,82,128,85,35,65,45,57,60,92" hai3="89,8,17,32,34,84,94,68,113,77,93,86,118"/><T132/><D38/><U46/><E126/><V0/><F35/><W123/><G68/><T96/><D59/><U125/><E125/><V71/><F107/><W64/><G64/><T105/><D105/><U2/><E2/><V103/><F0/><W114/><G118/><T6/><D95/><U63/><E131/><V102/><F128/><W116/><G116/><T61/><D61/><U22/><E81/><V15/><F92/><W134/><G123/><N who="0" m="47179" /><D96/><U28/><E28/><V135/><F71/><W76/><G17/><T48/><D48/><U5/><E5/><V51/><F39/><W74/><G74/><T73/><D100/><U104/><E90/><V23/><F36/><W62/><G62/><T98/><D98/><U13/><E97/><V122/><F122/><W54/><G54/><T87/><D87/><U115/><E104/><V127/><F127/><W106/><G106/><T33/><D73/><U42/><REACH who="1" step="1"/><E115/><REACH who="1" ten="250,240,250,250" step="2"/><V40/><F82/><W3/><G89/><T99/><D99/><U79/><E79/><V109/><F85/><W24/><G76/><T10/><D130/><U58/><E58/><V111/><F102/><W67/><G77/><T21/><D33/><U108/><E108/><V129/><F103/><W20/><G34/><T70/><D70/><U4/><E4/><AGARI ba="0,1" hai="4,6,10,11,12,14,18,21,27,132,133" m="47179" machi="4" ten="30,11600,0" yaku="34,2,52,2" doraHai="7" who="0" fromWho="1" sc="250,126,240,-116,250,0,250,0" /><INIT seed="0,1,0,0,0,77" ten="376,124,250,250" oya="0" hai0="65,79,125,120,74,55,71,29,3,92,38,133,93" hai1="135,129,115,15,101,103,44,60,107,27,25,12,72" hai2="121,131,98,61,91,116,19,87,81,114,64,105,86" hai3="5,56,99,88,122,85,118,62,53,113,106,112,80"/><T78/><D65/><U0/><E0/><V47/><F114/><W41/><G118/><T22/><D71/><U51/><E115/><V82/><F121/><W7/><G122/><T130/><D38/><U1/><E1/><V90/><F116/><W119/><G119/><T10/><D120/><U73/><E60/><V42/><F19/><W96/><G41/><T132/><D10/><U104/><E44/><V45/><F131/><W16/><G112/><T66/><D66/><U94/><E51/><V13/><F13/><W89/><G113/><T23/><D29/><U26/><E94/><V17/><F17/><W8/><G106/><T2/><D74/><N who="1" m="28779" /><E129/><V123/><F123/><W111/><G111/><T11/><D11/><U97/><E135/><V43/><F105/><N who="1" m="40521" /><E97/><N who="3" m="37450" /><G89/><T117/><D117/><U50/><E50/><V102/><F102/><AGARI ba="1,0" hai="12,15,25,26,27,101,102,103" m="40521,28779" machi="102" ten="40,2600,0" yaku="28,2" doraHai="77" who="1" fromWho="2" sc="376,0,124,29,250,-29,250,0" /><INIT seed="1,0,0,1,3,81" ten="376,153,221,250" oya="1" hai0="120,49,53,128,113,97,17,119,8,41,70,47,100" hai1="122,95,121,88,133,135,96,32,79,82,106,9,51" hai2="18,74,77,58,64,44,2,127,7,84,86,116,98" hai3="19,85,39,101,4,35,28,72,130,89,50,43,68"/><U48/><E32/><V91/><F116/><W29/><G72/><T125/><D70/><U126/><E9/><V104/><F44/><W34/><G68/><T42/><D113/><U94/><E48/><V1/><F7/><W24/><G39/><T132/><D120/><U15/><E15/><V55/><F64/><W115/><G115/><T117/><D117/><U67/><E51/><V56/><F56/><W46/><G101/><T38/><D119/><U5/><E67/><V110/><F18/><W14/><G130/><T37/><D128/><U102/><E5/><V75/><F75/><W118/><G118/><T65/><D65/><U83/><E126/><V73/><F127/><W27/><G4/><T45/><D125/><U92/><E106/><V123/><F123/><N who="1" m="47113" /><E95/><V54/><F58/><W0/><G0/><T6/><D17/><U131/><E131/><V13/><F13/><W25/><G35/><T69/><D69/><U23/><E23/><V78/><F104/><W26/><G34/><T33/><D33/><U57/><E57/><V66/><F66/><W12/><G27/><T114/><D8/><U109/><E109/><V3/><F3/><W20/><G14/><T62/><D6/><U71/><E71/><V60/><F110/><W134/><G134/><N who="1" m="51210" /><E79/><V124/><F124/><W93/><AGARI ba="0,0" hai="12,19,20,24,25,26,28,29,43,46,50,85,89,93" machi="93" ten="30,4000,0" yaku="0,1,8,1,52,1" doraHai="81" who="3" fromWho="3" sc="376,-10,153,-20,221,-10,250,40" /><INIT seed="2,0,0,3,2,133" ten="366,133,211,290" oya="2" hai0="91,58,82,13,65,85,4,26,76,115,101,19,18" hai1="98,95,126,118,88,35,34,15,31,99,12,30,45" hai2="72,104,80,17,109,10,103,36,29,106,3,78,0" hai3="38,28,21,93,110,112,20,125,69,100,16,51,113"/><V114/><F114/><W67/><G38/><T52/><D115/><N who="3" m="44105" /><G125/><T6/><D101/><U60/><E118/><V122/><F122/><W134/><G134/><T102/><D65/><U24/><E126/><V40/><F17/><W74/><G74/><T63/><D102/><U96/><E45/><N who="2" m="23687" /><F29/><W50/><G110/><T119/><D119/><U73/><E73/><V105/><F109/><W7/><G7/><T59/><D59/><U121/><E121/><V70/><F70/><W81/><G81/><T41/><D41/><U123/><E123/><V2/><F10/><W49/><G67/><T86/><D26/><U14/><REACH who="1" step="1"/><E60/><REACH who="1" ten="366,123,211,290" step="2"/><V46/><F46/><W84/><G69/><T108/><D108/><U129/><E129/><V39/><F39/><W128/><G128/><T131/><D131/><U22/><E22/><V127/><F127/><W56/><G28/><T116/><D116/><U130/><E130/><V48/><F48/><W79/><G21/><T124/><D124/><U89/><E89/><V53/><F53/><N who="3" m="31807" /><G100/><T111/><D111/><U44/><E44/><V11/><F103/><W87/><G79/><T54/><D54/><U132/><E132/><V61/><F61/><W42/><G42/><T23/><REACH who="0" step="1"/><D19/><REACH who="0" ten="356,123,211,290" step="2"/><U9/><E9/><V107/><F11/><W32/><G16/><T66/><D66/><U68/><E68/><V135/><F135/><W27/><G50/><T71/><D71/><U117/><E117/><V37/><F37/><W55/><G49/><T75/><D75/><U83/><E83/><AGARI ba="0,2" hai="4,6,13,18,23,52,58,63,76,82,83,85,86,91" machi="83" ten="30,7700,0" yaku="1,1,7,1,8,1,54,1,53,0" doraHai="133" doraHaiUra="25" who="0" fromWho="1" sc="356,97,123,-77,211,0,290,0" /><INIT seed="3,0,0,4,5,11" ten="453,46,211,290" oya="3" hai0="114,36,74,31,94,135,24,1,23,125,105,18,106" hai1="128,98,97,56,72,82,81,124,29,9,117,20,134" hai2="123,3,120,85,121,84,104,132,73,92,76,119,88" hai3="113,118,16,78,10,28,30,90,40,122,111,4,49"/><W86/><G122/><T17/><D36/><U108/><E108/><V102/><F3/><W15/><G111/><T69/><D74/><U8/><E117/><V83/><F119/><W91/><G118/><T99/><D69/><U79/><E124/><V80/><F132/><W57/><G113/><T58/><D1/><U2/><E134/><V47/><F47/><W68/><G68/><T41/><D114/><U116/><E128/><V71/><F71/><W27/><G4/><T112/><D112/><U126/><E116/><V89/><F102/><W67/><G40/><T110/><D110/><U14/><E126/><V107/><AGARI ba="0,0" hai="73,76,80,83,84,85,88,89,92,104,107,120,121,123" machi="107" ten="40,12000,2" yaku="0,1,13,1,34,3,54,1" doraHai="11" who="2" fromWho="2" sc="453,-30,46,-30,211,120,290,-60" /><INIT seed="4,0,0,2,3,119" ten="423,16,331,230" oya="0" hai0="34,72,69,99,11,0,114,36,3,78,16,76,71" hai1="1,47,50,81,64,73,23,13,32,68,26,96,101" hai2="111,25,107,35,130,82,120,5,15,84,109,70,126" hai3="103,54,124,14,39,77,118,128,116,115,112,52,28"/><T100/><D114/><N who="3" m="43561" /><G39/><T106/><D16/><U94/><E1/><V29/><F70/><N who="0" m="26634" /><D76/><U20/><E32/><V55/><F107/><W93/><G77/><T57/><D11/><U85/><E64/><V19/><F5/><W91/><G103/><T49/><D49/><U10/><E73/><V56/><F130/><W7/><G128/><T86/><D86/><U45/><E68/><V8/><F126/><W41/><G41/><T59/><D59/><U37/><E37/><V62/><REACH who="2" step="1"/><F120/><REACH who="2" ten="423,16,321,230" step="2"/><W104/><G124/><T80/><D106/><U61/><E61/><V63/><F63/><W127/><G127/><T27/><D3/><U122/><E122/><V18/><F18/><W74/><G104/><N who="0" m="63519" /><D0/><U12/><E10/><V44/><F44/><N who="1" m="16969" /><E50/><V98/><F98/><W135/><G116/><T108/><D57/><U92/><E92/><V105/><F105/><W97/><G118/><T4/><D4/><U134/><E134/><V46/><F46/><W79/><G135/><T40/><D40/><U88/><E20/><V53/><F53/><W131/><G52/><T6/><D6/><U133/><E133/><V43/><F43/><W113/><G131/><T9/><D36/><U51/><E51/><V110/><F110/><W129/><G7/><T38/><D38/><U117/><E117/><V17/><F17/><AGARI ba="0,1" hai="12,13,17,23,26,81,85,88,94,96,101" m="16969" machi="17" ten="30,2000,0" yaku="8,1,54,1" doraHai="119" who="1" fromWho="2" sc="423,0,16,30,321,-20,230,0" /><INIT seed="5,0,0,3,1,27" ten="423,46,301,230" oya="1" hai0="24,88,103,132,74,59,86,65,68,9,13,90,129" hai1="62,135,31,121,45,44,126,2,56,98,66,124,58" hai2="105,73,12,53,75,36,109,32,100,101,67,52,72" hai3="117,46,1,63,133,34,134,95,81,76,37,5,122"/><U110/><E2/><V11/><F36/><W69/><G117/><T89/><D68/><U33/><E121/><V51/><F32/><W42/><G95/><T104/><D74/><U29/><E33/><V3/><F3/><W26/><G122/><T55/><D65/><U115/><E115/><V80/><F67/><N who="3" m="41215" /><G5/><T70/><D70/><U112/><E112/><V120/><F120/><W18/><G18/><T7/><D103/><U17/><E17/><V28/><F100/><W4/><G4/><T114/><D104/><U20/><E20/><V50/><F101/><W14/><G14/><T10/><D10/><U106/><E56/><V125/><F105/><W82/><G1/><T71/><D71/><U118/><E135/><N who="3" m="51722" /><G76/><T108/><D132/><U83/><E83/><V19/><F80/><W92/><G92/><T119/><D119/><U96/><E110/><V0/><F109/><W123/><G123/><T94/><D108/><U91/><E118/><V22/><F0/><W131/><G131/><T60/><D129/><U78/><E78/><V77/><F77/><W48/><G37/><T49/><D114/><U35/><E106/><V57/><F11/><W116/><G116/><T25/><D60/><U38/><E38/><V21/><F21/><W43/><G42/><T39/><D39/><U111/><E111/><V84/><F84/><W16/><G34/><T47/><D47/><N who="1" m="17995" /><E35/><V130/><F130/><W113/><G113/><T64/><D64/><U97/><E91/><AGARI ba="0,0" hai="7,9,13,24,25,49,55,59,86,88,89,90,91,94" machi="91" ten="40,2600,0" yaku="8,1,54,1" doraHai="27" who="0" fromWho="1" sc="423,26,46,-26,301,0,230,0" /><INIT seed="6,0,0,4,5,42" ten="449,20,301,230" oya="2" hai0="18,32,65,94,72,77,119,31,96,84,108,26,40" hai1="93,68,79,135,118,4,55,89,120,103,48,112,25" hai2="83,122,34,63,134,101,50,16,46,6,71,59,132" hai3="85,29,3,47,52,43,99,104,64,5,129,90,57"/><V61/><F34/><W9/><G29/><T100/><D108/><U81/><E48/><V111/><F111/><W10/><G64/><T86/><D72/><U127/><E55/><N who="2" m="30167" /><F6/><W110/><G110/><T15/><D77/><U105/><E25/><V28/><F28/><W74/><G74/><T106/><D119/><U54/><E54/><N who="2" m="34039" /><F101/><W13/><G129/><T121/><D121/><U51/><E51/><V87/><F16/><W0/><G10/><T115/><D94/><U95/><E4/><V27/><F27/><W7/><G99/><T1/><D86/><U44/><E103/><V117/><F83/><W49/><G104/><T67/><D84/><U14/><E89/><V126/><F87/><W128/><G128/><T36/><D1/><U12/><E81/><V75/><F75/><W58/><G0/><T23/><D96/><U97/><E79/><V39/><F117/><W38/><G3/><T131/><D100/><U19/><E97/><V45/><F122/><W66/><G7/><T73/><D106/><U70/><E105/><V91/><F91/><W2/><G2/><T56/><D73/><U17/><E118/><V35/><F35/><W37/><G90/><T41/><D18/><U124/><E120/><V107/><F107/><W22/><G85/><T133/><D26/><U69/><E69/><V116/><F116/><W130/><G130/><T78/><D131/><U80/><E80/><V113/><F113/><W102/><G102/><T92/><D115/><U114/><E44/><V8/><F8/><W60/><G22/><T109/><D23/><U24/><E24/><RYUUKYOKU ba="0,0" sc="449,-15,20,15,301,-15,230,15" hai1="12,14,17,19,68,70,93,95,112,114,124,127,135" hai3="5,9,13,37,38,43,47,49,52,57,58,60,66" /><INIT seed="7,1,0,4,0,4" ten="434,35,286,245" oya="3" hai0="21,49,68,10,65,43,119,86,91,29,93,30,5" hai1="50,106,20,108,11,53,13,69,128,76,63,127,18" hai2="104,67,59,1,116,36,88,6,14,70,12,0,80" hai3="19,71,64,40,103,28,79,73,72,111,16,45,113"/><W122/><G122/><T95/><D65/><U115/><E76/><V61/><F36/><W31/><G103/><T117/><D68/><U42/><E42/><V54/><F104/><W87/><G111/><T85/><D21/><U101/><E108/><V96/><F116/><W92/><G113/><T3/><D30/><U134/><E115/><V133/><F133/><W100/><G100/><T8/><D29/><U74/><E127/><V107/><F1/><W24/><G31/><T2/><D49/><U27/><E128/><V37/><F37/><W102/><G102/><T121/><D43/><U60/><E134/><V135/><F135/><W41/><G41/><T112/><D112/><U26/><E74/><V35/><F35/><W38/><G72/><T78/><D121/><U17/><E69/><V15/><F107/><W62/><G73/><T83/><D95/><U46/><E106/><V81/><F0/><W89/><REACH who="3" step="1"/><G79/><REACH who="3" ten="434,35,286,235" step="2"/><T39/><D78/><U33/><E101/><V125/><F125/><W51/><G51/><T55/><D39/><U118/><E118/><V56/><F6/><W94/><G94/><T129/><D119/><U130/><E130/><V120/><F120/><W58/><G58/><T57/><D117/><U77/><E77/><V82/><F70/><W110/><G110/><T132/><D129/><U98/><E98/><V34/><F59/><W25/><G25/><T124/><D132/><U90/><E90/><V47/><F47/><W23/><AGARI ba="1,1" hai="16,19,23,24,28,38,40,45,62,64,71,87,89,92" machi="23" ten="20,7800,0" yaku="1,1,0,1,7,1,54,1,53,0" doraHai="4" doraHaiUra="52" who="3" fromWho="3" sc="434,-27,35,-27,286,-27,235,91" /><INIT seed="7,2,0,2,4,101" ten="407,8,259,326" oya="3" hai0="135,133,67,114,0,104,53,79,29,37,43,91,56" hai1="61,15,18,58,26,113,116,22,48,39,7,100,10" hai2="24,5,132,42,54,17,2,88,131,74,122,45,90" hai3="13,23,83,112,9,72,124,51,3,128,63,123,31"/><W89/><G128/><T134/><D0/><U1/><E48/><V20/><F131/><W115/><G124/><T28/><D67/><U110/><E58/><V82/><F132/><W86/><G72/><T47/><D104/><U109/><E61/><V8/><F54/><W78/><G3/><T85/><D79/><U66/><E100/><V34/><F122/><W120/><G63/><N who="0" m="36239" /><D114/><N who="3" m="43561" /><G78/><T111/><D111/><U108/><E66/><V71/><F71/><W73/><G73/><T106/><D106/><U95/><E95/><AGARI ba="2,0" hai="28,29,37,43,47,85,91,95,133,134,135" m="36239" machi="95" ten="30,1000,0" yaku="20,1" doraHai="101" who="0" fromWho="1" sc="407,16,8,-16,259,0,326,0" owari="423,52.0,-8,-51.0,259,-14.0,326,13.0" /></mjloggm>