<mjloggm ver="2.3"><GO type="97"/><UN n0="%E9%B3%B3%E5%87%B0%E9%99%A2%E5%87%B6%E9%AD%94" n1="%EF%BC%88%E2%89%A7%E2%96%BD%E2%89%A6%EF%BC%89" n2="%E3%82%B2%E3%82%AA%E3%83%AB%E3%82%B2%E3%83%8F%E3%82%B8%39%34" n3="%53%69%6F" dan="14,15,14,14" rate="1914,1987,1937,1891" sx="M,M,M,M"/><TAIKYOKU oya="0"/><INIT seed="0,0,0,3,3,51" ten="250,250,250,250" oya="0" hai0="99,82,106,34,5,61,60,123,43,55,84,19,66" hai1="50,133,97,127,41,59,78,8,38,102,121,30,57" hai2="20,122,25,46,120,13,54,135,16,80,73,44,28" hai3="9,115,14,77,114,79,88,90,37,74,109,42,110"/><T129/><D123/><U125/><E121/><V132/><F80/><W112/><G42/><T32/><D34/><U53/><E133/><N who="2" m="51275" /><F73/><W83/><G37/><T29/><D32/><U86/><E30/><V76/><F76/><W126/><G126/><N who="1" m="48138" /><E8/><N who="2" m="6183" /><F44/><W105/><G105/><T35/><D29/><U124/><E124/><V100/><F100/><W52/><G79/><T118/><D35/><U36/><E41/><V68/><F68/><W111/><REACH who="3" step="1"/><G52/><REACH who="3" ten="250,250,250,240" step="2"/><T104/><D104/><N who="1" m="63567" /><E59/><V87/><F122/><W17/><AGARI ba="0,1" hai="9,14,17,74,77,83,88,90,109,110,111,112,114,115" machi="17" ten="40,8000,1" yaku="1,1,0,1,14,1,54,1,53,0" doraHai="51" doraHaiUra="22" who="3" fromWho="3" sc="250,-40,250,-20,250,-20,240,90" /><INIT seed="1,0,0,5,3,101" ten="210,230,230,330" oya="1" hai0="107,5,51,77,60,110,13,70,123,90,95,41,124" hai1="4,81,103,31,119,37,71,68,115,10,131,80,89" hai2="134,72,61,64,108,129,48,6,23,27,113,102,45" hai3="86,35,111,16,100,94,9,53,105,65,43,30,28"/><U78/><E119/><V15/><F129/><W69/><G53/><T55/><D123/><U12/><E131/><V97/><F72/><W18/><G43/><T36/><D70/><U116/><E116/><V38/><F38/><W112/><G86/><T84/><D110/><U11/><E115/><V114/><F108/><W66/><G94/><T49/><D36/><U126/><E126/><V122/><F122/><W42/><G42/><T67/><D124/><U133/><E133/><V106/><F134/><W40/><G40/><T74/><D74/><U130/><E130/><V73/><F73/><W93/><G93/><T34/><D34/><U29/><E37/><V135/><F135/><W17/><G111/><T1/><D1/><U33/><E103/><V32/><F32/><W26/><G112/><N who="2" m="43113" /><F15/><W98/><G30/><T14/><D5/><U63/><E33/><V104/><F6/><W88/><G88/><T20/><D77/><U52/><E10/><V96/><F48/><W24/><G66/><T2/><D49/><U46/><E71/><N who="2" m="42383" /><F45/><W117/><G117/><T132/><D132/><U85/><E68/><V109/><F109/><W91/><G91/><T8/><D51/><N who="1" m="28791" /><E63/><V120/><F120/><W44/><G44/><T62/><D62/><U0/><E0/><V99/><F102/><W128/><G128/><T25/><D2/><U92/><E78/><V79/><F79/><W19/><G9/><T58/><D8/><U22/><E22/><V127/><F127/><W121/><G121/><T57/><D41/><U59/><E59/><V83/><F23/><N who="3" m="13415" /><G69/><T7/><D7/><RYUUKYOKU ba="0,0" sc="210,-15,230,15,230,-15,330,15" hai1="4,11,12,29,31,80,81,85,89,92" hai3="17,18,19,26,28,35,65,98,100,105" /><INIT seed="1,1,0,4,4,63" ten="195,245,215,345" oya="1" hai0="4,25,44,111,121,134,50,110,30,48,1,88,61" hai1="3,115,35,6,13,71,94,7,101,52,135,104,117" hai2="18,42,119,133,2,46,36,86,62,74,31,28,11" hai3="34,116,23,0,112,58,93,103,32,92,75,55,77"/><U123/><E117/><V127/><F119/><W125/><G0/><T124/><D1/><U89/><E123/><V129/><F74/><W24/><G116/><T79/><D4/><U59/><E35/><V128/><F127/><W22/><G112/><T120/><D79/><U100/><E115/><V57/><F133/><W108/><G125/><T8/><D8/><U76/><E135/><V132/><F132/><W68/><G68/><T73/><D73/><U43/><E71/><V102/><F102/><N who="1" m="39529" /><E104/><V97/><F97/><W78/><G75/><T85/><D61/><N who="1" m="36071" /><E3/><V67/><F86/><W26/><G55/><N who="0" m="30087" /><D134/><U99/><E43/><V70/><F70/><W83/><G103/><T20/><D50/><U105/><E105/><V33/><F33/><W29/><G58/><T49/><D49/><U64/><E76/><V15/><REACH who="2" step="1"/><F2/><REACH who="2" ten="195,245,205,345" step="2"/><W47/><G34/><T9/><D124/><U109/><E99/><V17/><F17/><W10/><G32/><T39/><D9/><U40/><E6/><V118/><F118/><W82/><G10/><T122/><D39/><U51/><E7/><V114/><F114/><W84/><G22/><T72/><D72/><U96/><E96/><V5/><F5/><W60/><G23/><T130/><D130/><AGARI ba="1,1" hai="11,15,18,28,31,36,42,46,57,62,67,128,129,130" machi="130" ten="40,8000,1" yaku="1,1,19,1,52,1,53,2" doraHai="63" doraHaiUra="27" who="2" fromWho="0" sc="195,-83,245,0,205,93,345,0" /><INIT seed="2,0,0,3,2,25" ten="112,245,298,345" oya="2" hai0="111,105,64,35,5,15,7,48,128,38,37,116,125" hai1="86,33,101,108,109,100,18,73,93,75,16,97,91" hai2="67,71,24,122,23,117,69,124,106,68,131,26,2" hai3="99,13,126,27,120,112,70,14,62,0,3,1,12"/><V135/><F2/><W55/><G120/><T132/><D5/><U31/><E33/><V95/><F122/><W96/><G112/><T104/><D7/><U98/><E31/><V30/><F106/><W123/><G123/><T80/><D15/><U11/><E11/><V52/><F117/><W34/><G126/><T20/><D20/><U74/><E18/><V56/><F124/><W6/><G62/><T51/><D64/><U22/><E22/><V72/><F72/><W84/><G55/><T133/><D80/><U89/><E16/><V119/><F119/><W63/><G84/><T94/><D94/><N who="1" m="58455" /><E109/><V102/><F135/><N who="0" m="51786" /><D116/><U45/><E45/><V81/><F131/><W54/><G54/><T78/><D78/><U40/><E40/><V21/><F81/><W65/><REACH who="3" step="1"/><G6/><REACH who="3" ten="112,245,298,335" step="2"/><T92/><D125/><U127/><E127/><V32/><F67/><W36/><G36/><N who="0" m="13931" /><D128/><U61/><E108/><V88/><F102/><W66/><G66/><T8/><D111/><U130/><E130/><V57/><F57/><W9/><G9/><T107/><D8/><U90/><E61/><V85/><REACH who="2" step="1"/><F26/><REACH who="2" ten="112,245,288,335" step="2"/><W114/><G114/><T79/><D79/><U77/><E77/><V43/><F43/><W115/><G115/><T49/><D92/><AGARI ba="0,2" hai="73,74,75,86,89,90,91,92,93,97,101" m="58455" machi="92" ten="30,8000,1" yaku="35,5" doraHai="25" who="1" fromWho="0" sc="112,-80,245,100,288,0,335,0" /><INIT seed="3,0,0,1,4,99" ten="32,345,288,335" oya="3" hai0="48,59,73,55,13,40,90,43,120,122,134,72,119" hai1="34,108,101,106,92,113,91,64,112,76,11,37,131" hai2="109,56,46,30,93,58,65,126,42,66,47,31,125" hai3="107,5,102,50,4,53,49,110,69,104,97,74,19"/><W15/><G69/><T61/><D119/><U128/><E37/><V68/><F93/><W33/><G33/><T70/><D13/><U41/><E34/><V25/><F25/><W116/><G74/><T29/><D29/><U21/><E108/><V135/><F109/><W44/><G110/><T105/><D105/><U26/><E41/><V3/><F3/><W9/><G116/><T35/><D35/><U114/><E64/><N who="2" m="24683" /><F68/><W8/><G107/><T118/><D118/><U94/><E11/><V20/><F20/><W54/><G9/><T2/><D2/><U32/><E32/><V38/><F31/><W95/><G104/><T82/><D134/><U51/><E51/><V123/><F30/><W130/><G130/><N who="1" m="49706" /><E76/><V71/><F71/><W63/><G63/><T127/><D127/><N who="2" m="48650" /><F123/><W115/><G115/><T12/><D12/><U24/><E106/><V88/><F88/><W6/><G4/><T36/><D90/><U27/><E21/><V75/><F75/><W117/><G117/><T57/><D82/><U84/><E114/><V22/><F22/><W83/><G83/><T23/><D23/><U45/><E113/><V67/><N who="2" m="24691" /><V14/><DORA hai="89" /><F14/><W0/><G0/><T100/><D70/><U79/><E112/><V85/><F85/><W10/><G8/><T77/><D36/><U129/><E129/><V1/><F1/><W62/><G62/><T133/><D133/><U80/><E80/><V124/><N who="2" m="48658" /><V52/><DORA hai="18" /><F135/><W81/><G81/><T16/><D16/><U96/><E79/><V111/><F111/><W121/><G121/><RYUUKYOKU ba="0,0" sc="32,-30,345,10,288,10,335,10" hai1="24,26,27,45,84,91,92,94,96,101" hai2="38,42,46,47,52,56,58" hai3="5,6,10,15,19,44,49,50,53,54,95,97,102" /><INIT seed="3,1,0,5,5,20" ten="2,355,298,345" oya="3" hai0="116,97,73,78,96,53,36,87,132,133,98,46,112" hai1="54,49,134,130,113,45,99,80,19,84,88,89,74" hai2="18,41,85,22,10,71,120,101,72,103,86,122,1" hai3="76,9,34,15,108,38,50,70,105,39,129,111,68"/><W62/><G34/><T4/><D4/><U24/><E113/><V7/><F71/><N who="3" m="27179" /><G105/><T33/><D33/><U23/><E134/><N who="0" m="51817" /><D53/><U42/><E130/><V29/><F72/><W11/><G76/><T27/><D27/><U21/><E74/><V28/><F41/><W57/><G129/><T30/><D46/><U40/><E23/><V114/><F114/><W55/><G15/><T60/><D36/><N who="3" m="13865" /><G11/><T63/><D30/><U79/><E79/><V92/><F29/><W56/><G9/><T17/><D112/><U106/><E106/><V81/><F28/><W14/><G14/><T69/><D17/><U25/><E25/><V61/><F122/><W48/><G48/><T109/><D69/><U95/><AGARI ba="1,0" hai="19,21,24,40,42,45,49,54,80,84,88,89,95,99" machi="95" ten="30,7900,0" yaku="0,1,8,1,52,1,54,1" doraHai="20" who="1" fromWho="1" sc="2,-21,355,82,298,-21,345,-40" owari="-19,-52.0,437,53.0,277,-12.0,305,11.0" /></mjloggm>