<mjloggm ver="2.3"><GO type="169" lobby="0"/><UN n0="%EF%BC%88%E2%89%A7%E2%96%BD%E2%89%A6%EF%BC%89" n1="%E5%B0%8F%E6%9E%97" n2="%6B%65%72%6F%62%6F%75" n3="%E5%AF%BE%E5%AD%90%E3%81%AE%E7%8E%8B%E6%A7%98" dan="17,16,16,17" rate="2123.60,2044.54,2132.78,2137.84" sx="M,M,M,M"/><TAIKYOKU oya="0"/><INIT seed="0,0,0,5,5,8" ten="250,250,250,250" oya="0" hai0="41,125,0,29,114,62,66,51,26,80,76,48,23" hai1="49,128,84,97,99,65,89,2,1,4,74,112,118" hai2="7,61,60,73,40,127,96,115,110,126,82,52,22" hai3="102,30,11,32,13,131,98,134,10,116,79,33,14"/><T20/><D114/><U58/><E74/><V119/><F119/><W28/><G79/><T55/><D0/><U9/><E118/><V24/><F115/><W67/><G116/><T21/><D125/><N who="2" m="47626" /><F110/><W19/><G134/><T18/><D41/><U130/><E112/><V6/><F40/><W63/><G131/><N who="1" m="50218" /><E2/><V132/><F132/><W106/><G33/><T129/><D129/><U44/><E58/><N who="2" m="34887" /><F61/><W78/><G78/><T113/><D113/><U133/><E65/><V57/><F57/><W95/><G106/><T38/><D38/><U35/><E35/><V83/><F96/><W88/><G102/><T120/><D55/><N who="1" m="30119" /><E133/><V25/><F25/><W109/><G32/><T56/><D120/><U54/><E54/><V46/><F46/><W36/><G36/><T81/><D51/><U71/><E71/><V3/><F3/><W16/><G109/><T86/><D48/><U50/><E50/><V59/><F59/><AGARI ba="0,0" hai="10,11,13,14,16,19,28,30,59,63,67,88,95,98" machi="59" ten="30,12000,2" yaku="7,1,9,1,8,1,52,2,54,2" doraHai="8" who="3" fromWho="2" sc="250,0,250,0,250,-120,250,120" /><INIT seed="1,0,0,4,2,55" ten="250,250,130,370" oya="1" hai0="114,7,85,128,89,76,45,73,105,1,122,121,42" hai1="81,97,64,95,79,77,107,17,67,125,12,16,130" hai2="87,102,56,46,14,106,13,34,82,127,133,15,78" hai3="60,11,26,109,10,71,4,19,66,88,92,108,54"/><U36/><E36/><V113/><F34/><W21/><G54/><T52/><D105/><U61/><E107/><V49/><F113/><W20/><G20/><T99/><D114/><U131/><E125/><V40/><F133/><W6/><G6/><T8/><D128/><N who="1" m="49195" /><E67/><V126/><F106/><W90/><G11/><T93/><D99/><U123/><E123/><V3/><F102/><W100/><G100/><T31/><D31/><U50/><E50/><V37/><REACH who="2" step="1"/><F3/><REACH who="2" ten="250,250,120,370" step="2"/><W111/><G92/><T129/><D129/><U23/><E81/><V63/><F63/><W118/><G118/><T29/><D121/><U80/><E80/><V84/><F84/><W51/><G51/><T86/><D86/><U135/><E135/><V134/><F134/><W27/><G27/><T116/><D122/><U101/><E17/><V18/><F18/><W110/><G110/><T57/><D116/><U5/><E5/><V91/><F91/><W124/><G124/><T58/><D89/><U70/><AGARI ba="0,1" hai="12,16,23,61,64,70,77,79,95,97,101" m="49195" machi="70" ten="30,3000,0" yaku="19,1,54,1" doraHai="55" who="1" fromWho="1" sc="250,-10,250,40,120,-10,370,-10" /><INIT seed="1,1,0,1,5,130" ten="240,290,110,360" oya="1" hai0="41,106,28,125,124,91,123,17,95,43,51,40,126" hai1="56,132,109,12,134,49,35,15,58,102,129,85,72" hai2="50,4,92,31,38,11,2,94,133,78,48,107,116" hai3="114,54,14,1,42,63,105,86,60,39,93,64,33"/><U90/><E72/><V7/><F107/><W13/><G105/><T128/><D128/><U127/><E129/><V120/><F38/><W20/><G114/><T76/><D106/><U73/><E73/><V5/><F120/><W70/><G33/><T119/><D119/><U65/><E35/><V135/><F116/><W3/><G14/><N who="1" m="5162" /><E102/><V100/><F78/><W104/><G104/><T55/><D123/><U46/><E65/><V99/><F31/><W74/><G74/><T37/><D28/><U67/><E67/><V21/><F21/><W79/><G42/><T52/><D76/><U34/><E34/><V57/><F92/><W68/><G39/><T6/><D6/><N who="2" m="2666" /><F57/><W118/><G118/><T71/><D71/><U66/><E66/><V69/><F69/><W22/><G64/><T108/><D37/><U19/><E19/><V16/><F16/><W111/><G79/><T77/><D77/><U84/><E127/><V29/><F29/><W88/><G13/><T0/><D125/><U101/><E101/><V98/><F98/><W82/><G70/><T8/><D126/><U59/><E109/><V97/><F97/><N who="3" m="57511" /><G111/><T36/><D108/><U45/><E90/><V115/><F115/><W121/><G68/><T61/><D124/><U80/><E80/><V27/><F27/><W9/><G121/><T113/><D36/><U117/><E117/><V131/><F131/><W23/><G3/><T25/><D113/><U122/><E122/><V26/><F26/><W110/><G110/><T62/><D0/><U10/><E59/><V53/><F53/><W44/><G1/><RYUUKYOKU ba="1,0" sc="240,-10,290,-10,110,30,360,-10" hai2="2,7,11,48,50,94,99,100,133,135" /><INIT seed="2,2,0,2,1,25" ten="230,280,140,350" oya="2" hai0="77,1,22,104,76,28,64,135,21,74,30,69,111" hai1="129,92,106,103,102,10,17,11,75,99,72,60,6" hai2="42,34,35,49,116,125,67,134,89,79,100,27,101" hai3="53,110,86,62,94,65,113,29,96,19,15,8,95"/><V68/><F116/><W9/><G110/><T51/><D104/><U114/><E114/><V33/><F79/><N who="0" m="30282" /><D74/><U61/><E129/><V87/><F134/><W58/><G113/><T109/><D1/><U112/><E112/><V97/><F125/><W59/><G29/><N who="0" m="11371" /><D135/><U118/><E118/><V85/><F85/><W4/><G86/><T24/><D51/><U46/><E106/><V117/><F117/><W123/><G123/><T130/><D24/><U37/><E75/><V78/><F27/><W98/><G8/><T38/><D38/><U23/><E11/><V63/><F78/><W82/><G4/><T20/><D130/><U3/><E72/><V105/><F100/><W50/><G82/><T84/><D84/><U107/><E103/><V26/><F26/><W80/><G80/><T70/><D64/><U93/><E107/><V91/><REACH who="2" step="1"/><F87/><REACH who="2" ten="230,280,130,350" step="2"/><W127/><G127/><T126/><D126/><U81/><E3/><V31/><F31/><W7/><G7/><T121/><D121/><U5/><E5/><V45/><AGARI ba="2,1" hai="33,34,35,42,45,49,63,67,68,89,91,97,101,105" machi="45" ten="40,3900,0" yaku="1,1,0,1,53,0" doraHai="25" doraHaiUra="83" who="2" fromWho="2" sc="230,-15,280,-15,130,55,350,-15" /><INIT seed="2,3,0,3,4,90" ten="215,265,185,335" oya="2" hai0="68,103,11,23,83,9,46,65,101,122,48,13,32" hai1="58,64,16,106,57,60,6,73,33,17,56,71,80" hai2="79,109,69,72,130,74,30,49,126,88,26,35,38" hai3="115,61,47,99,127,119,100,77,107,116,3,41,39"/><V55/><F38/><W96/><G127/><T53/><D122/><U134/><E106/><V91/><F126/><W24/><G115/><T112/><D112/><U12/><E33/><V84/><F69/><W133/><G133/><T29/><D32/><U95/><E134/><V108/><F130/><W36/><G36/><T25/><D83/><U1/><E1/><V18/><F18/><W118/><G77/><T19/><D68/><U110/><E110/><N who="2" m="42603" /><F79/><W78/><G78/><T111/><D111/><U92/><E73/><N who="2" m="28267" /><F84/><W86/><G86/><T76/><D76/><U31/><E80/><V120/><F120/><W59/><G3/><T43/><D65/><U98/><E31/><V81/><F81/><W42/><G24/><T7/><REACH who="0" step="1"/><D43/><REACH who="0" ten="205,265,185,335" step="2"/><U135/><E135/><V2/><F2/><AGARI ba="3,1" hai="2,7,9,11,13,19,23,25,29,46,48,53,101,103" machi="2" ten="30,3900,0" yaku="1,1,2,1,7,1,53,0" doraHai="90" doraHaiUra="67" who="0" fromWho="2" sc="205,58,265,0,185,-48,335,0" /><INIT seed="3,0,0,1,5,31" ten="263,265,137,335" oya="3" hai0="2,6,135,125,46,66,24,73,69,67,38,114,7" hai1="91,75,33,19,61,108,133,120,96,74,1,126,82" hai2="103,21,54,113,29,117,79,70,10,45,111,28,48" hai3="65,57,94,118,14,47,30,68,109,97,4,35,78"/><W76/><G68/><T87/><D73/><U122/><E19/><V131/><F117/><W12/><G118/><T59/><D69/><U60/><E1/><V89/><F113/><W132/><G132/><T128/><D114/><U55/><E55/><V17/><F70/><W134/><G134/><T26/><D135/><U16/><E16/><V85/><F131/><W110/><G47/><T42/><D125/><U20/><E20/><V49/><F111/><N who="3" m="42507" /><G65/><T129/><D2/><U86/><E108/><V5/><F103/><N who="3" m="60855" /><G57/><T43/><D59/><U116/><E116/><V41/><F79/><N who="3" m="30251" /><G4/><T105/><D46/><U52/><E133/><V92/><F5/><W83/><G83/><T51/><D51/><U9/><E82/><V112/><F112/><W39/><G39/><T77/><D38/><U8/><E61/><V121/><F121/><W90/><G90/><T115/><D115/><U81/><E60/><V80/><F10/><W34/><G30/><T40/><D77/><U3/><E81/><V62/><F62/><W0/><G0/><T22/><D66/><U64/><E91/><V50/><F80/><W102/><G102/><T36/><D67/><U88/><E3/><V15/><REACH who="2" step="1"/><F50/><REACH who="2" ten="263,265,127,335" step="2"/><W124/><G124/><T25/><D6/><U104/><E126/><V99/><F99/><W32/><AGARI ba="0,1" hai="12,14,32,34,35" m="30251,60855,42507" machi="32" ten="40,12000,1" yaku="14,1,10,1,52,3" doraHai="31" who="3" fromWho="3" sc="263,-40,265,-40,127,-40,335,130" /><INIT seed="3,1,0,3,3,74" ten="223,225,87,465" oya="3" hai0="0,88,87,52,46,113,61,93,12,5,37,115,105" hai1="101,7,72,81,16,40,8,25,95,75,78,20,99" hai2="67,117,57,26,106,10,125,97,96,120,60,2,23" hai3="13,43,24,100,50,110,48,55,127,62,64,121,42"/><W56/><G100/><T92/><D105/><U94/><E40/><N who="3" m="15402" /><G24/><T11/><D37/><U109/><E109/><V31/><F117/><W128/><G13/><T85/><D0/><U45/><E45/><V65/><F120/><W17/><G17/><T134/><D134/><U58/><E58/><V84/><F125/><W122/><G127/><T130/><D130/><U33/><E33/><V53/><F106/><W59/><G128/><T66/><D87/><U103/><E75/><V22/><F22/><W14/><G14/><T18/><D93/><U41/><E41/><V102/><F102/><W32/><G32/><T63/><D5/><U108/><E108/><V69/><F69/><N who="3" m="42135" /><G110/><T15/><D15/><U107/><REACH who="1" step="1"/><E103/><REACH who="1" ten="223,215,87,465" step="2"/><V27/><F57/><N who="3" m="22091" /><G122/><T133/><D113/><U70/><E70/><V49/><F27/><W44/><G121/><T135/><D115/><U51/><E51/><AGARI ba="1,1" hai="44,48,50,51,55" m="22091,42135,15402" machi="51" ten="30,12000,1" yaku="35,5" doraHai="74" who="3" fromWho="1" sc="223,0,215,-123,87,0,465,133" /><INIT seed="3,2,0,5,0,56" ten="223,92,87,598" oya="3" hai0="29,37,50,34,100,38,48,88,43,22,90,96,126" hai1="21,18,107,111,79,121,116,105,124,132,87,71,25" hai2="19,32,6,104,63,70,13,61,74,89,10,23,2" hai3="40,8,36,65,76,127,44,12,92,119,95,16,28"/><W81/><G119/><T113/><D34/><U15/><E121/><V66/><F74/><W73/><G127/><T57/><D126/><U78/><E124/><V122/><F122/><W20/><G28/><T98/><D113/><U114/><E114/><V3/><F104/><W47/><G47/><N who="0" m="25727" /><D38/><U53/><E116/><V106/><F106/><W1/><REACH who="3" step="1"/><G65/><REACH who="3" ten="223,92,87,588" step="2"/><T112/><D112/><U55/><E111/><V0/><F32/><W123/><G123/><T125/><D125/><U83/><E132/><V60/><REACH who="2" step="1"/><F89/><REACH who="2" ten="223,92,77,588" step="2"/><W85/><G85/><T58/><D88/><U130/><E87/><V51/><F51/><W135/><G135/><T14/><D90/><U11/><E79/><V110/><F110/><W31/><G31/><T101/><D50/><U118/><E78/><V115/><F115/><W77/><G77/><T59/><D29/><U82/><E118/><V7/><F7/><AGARI ba="2,2" hai="1,7,8,12,16,20,36,40,44,73,76,81,92,95" machi="7" ten="40,12000,1" yaku="1,1,25,2,54,1,53,0" doraHai="56" doraHaiUra="84" who="3" fromWho="2" sc="223,0,92,0,77,-126,588,146" owari="223,2.0,92,-31.0,-49,-55.0,734,84.0" /></mjloggm>