<mjloggm ver="2.3"><GO type="41"/><UN n0="%E5%91%B3%E3%81%AE%E7%B4%A0%E3%81%AE%E7%B4%A0" n1="%E3%82%B4%E3%83%8F%E3%83%B3" n2="%E4%BD%90%E6%A9%8B%E7%9A%86%E4%BA%BA" n3="%EF%BC%88%E2%89%A7%E2%96%BD%E2%89%A6%EF%BC%89" dan="14,14,13,15" rate="1888,1898,1872,2061" sx="M,M,M,M"/><TAIKYOKU oya="0"/><INIT seed="0,0,0,0,4,93" ten="250,250,250,250" oya="0" hai0="107,5,35,116,79,8,51,72,60,109,86,127,56" hai1="36,37,83,4,110,123,105,62,2,39,87,11,117" hai2="28,115,124,101,91,32,68,52,19,66,14,120,130" hai3="77,17,104,33,92,30,42,20,23,65,10,119,22"/><T118/><D127/><U90/><E123/><V43/><F120/><W111/><G104/><T67/><D107/><U78/><E117/><V46/><F115/><W57/><G119/><T112/><D112/><U133/><E133/><V103/><F124/><W128/><G77/><T18/><D35/><U47/><E110/><V59/><F130/><W99/><G42/><T76/><D109/><U61/><E105/><V135/><F135/><W29/><G111/><T25/><D51/><U44/><REACH who="1" step="1"/><E78/><REACH who="1" step="2"/><V55/><F32/><W38/><G33/><T126/><D126/><U1/><E1/><V9/><F28/><W80/><G30/><T100/><D72/><U12/><E12/><V58/><F68/><W50/><G29/><T7/><D76/><U88/><E88/><V97/><F66/><W40/><G65/><T26/><D79/><U63/><AGARI ba="0,1" hai="2,4,11,36,37,39,44,47,61,62,63,83,87,90" machi="63" ten="40,2700,0" yaku="1,1,0,1,53,0" doraHai="93" doraHaiUra="94" who="1" fromWho="1" sc="250,-13,240,37,250,-7,250,-7" /><INIT seed="1,0,0,4,3,71" ten="237,277,243,243" oya="1" hai0="106,122,95,135,20,65,38,39,59,114,36,25,131" hai1="55,63,35,49,118,52,124,112,132,111,76,27,104" hai2="61,6,73,89,11,123,21,86,79,46,129,75,119" hai3="134,130,15,18,98,91,128,42,100,90,24,67,29"/><U107/><E112/><V62/><F123/><W108/><G67/><T45/><D114/><U69/><E118/><V28/><F119/><W23/><G42/><T53/><D122/><U74/><E132/><V40/><F129/><N who="3" m="49771" /><G134/><T96/><D106/><U7/><E124/><V34/><F34/><N who="3" m="20775" /><G108/><T110/><D110/><U4/><E111/><V72/><F79/><W109/><G109/><T117/><D117/><U68/><E76/><V50/><F28/><W47/><G47/><T78/><D135/><U37/><E74/><V120/><F120/><W41/><G41/><T88/><D131/><U85/><E85/><V121/><F121/><W13/><G13/><T115/><D115/><U26/><E49/><V133/><F21/><W19/><G18/><T125/><D125/><U3/><E63/><V82/><REACH who="2" step="1"/><F133/><REACH who="2" step="2"/><W102/><G102/><T8/><D78/><U30/><E30/><V58/><F58/><W99/><G99/><T84/><D8/><U31/><E31/><V10/><F10/><W94/><AGARI ba="0,1" hai="15,19,23,90,91,94,98,100" m="20775,49771" machi="94" ten="30,1100,0" yaku="19,1" doraHai="71" who="3" fromWho="3" sc="237,-3,277,-5,233,-3,243,21" /><INIT seed="2,0,0,3,0,117" ten="234,272,230,264" oya="2" hai0="109,6,127,49,47,75,80,100,51,30,60,83,5" hai1="10,18,115,65,57,48,33,21,23,120,135,14,74" hai2="66,12,128,71,39,41,107,54,125,9,112,53,63" hai3="123,97,64,22,130,73,15,44,91,124,61,25,134"/><V72/><F112/><W27/><G73/><T46/><D127/><U133/><E115/><V132/><F125/><W77/><G124/><T98/><D109/><U79/><E33/><V67/><F107/><W129/><G77/><T99/><D30/><U45/><E79/><V119/><F119/><W113/><BYE who="2" /><G113/><T13/><D75/><U90/><E74/><V68/><F68/><UN n2="%E4%BD%90%E6%A9%8B%E7%9A%86%E4%BA%BA" /><W24/><G134/><N who="1" m="51210" /><E90/><V62/><F72/><W31/><G44/><T11/><D60/><N who="1" m="38031" /><E120/><V103/><F132/><W101/><G91/><T1/><D1/><U17/><E18/><V19/><F103/><W50/><G123/><T35/><D35/><U126/><E126/><V93/><F128/><W42/><G130/><T58/><D13/><U4/><E4/><V2/><F71/><W34/><G129/><T96/><D11/><U92/><E92/><V20/><F2/><W85/><G34/><T59/><D98/><U116/><E116/><V32/><F32/><W0/><G97/><T94/><D94/><U104/><E104/><V108/><F108/><W82/><G101/><AGARI ba="0,0" hai="5,6,46,47,49,51,58,59,80,83,96,99,100,101" machi="101" ten="25,3200,0" yaku="22,2,8,1" doraHai="117" who="0" fromWho="3" sc="234,32,272,0,230,0,264,-32" /><INIT seed="3,0,0,5,4,50" ten="266,272,230,232" oya="3" hai0="32,94,126,112,64,127,121,67,111,27,68,97,10" hai1="99,57,104,131,101,89,58,37,102,45,33,74,125" hai2="71,48,86,83,3,110,65,31,124,56,69,134,14" hai3="4,98,84,40,128,63,118,49,25,109,129,59,43"/><W95/><G118/><T23/><D121/><U76/><E33/><V52/><F3/><W24/><G4/><T107/><D107/><U13/><E74/><V47/><F110/><W44/><G84/><T130/><D111/><U133/><E76/><V29/><F134/><W82/><G82/><T106/><D130/><N who="3" m="50281" /><G40/><T20/><D112/><U39/><E131/><V114/><F124/><W2/><G2/><T87/><D10/><U11/><E125/><N who="0" m="47625" /><D106/><U85/><E133/><V100/><F114/><W113/><G113/><T80/><D32/><U132/><E132/><V18/><F100/><N who="3" m="60511" /><G109/><T41/><D41/><U21/><E102/><V90/><F71/><W115/><G115/><T12/><D12/><U8/><E21/><N who="0" m="8265" /><D27/><U22/><E22/><V42/><F69/><W105/><G105/><T9/><D9/><U119/><E119/><V34/><F34/><W77/><G77/><N who="0" m="46479" /><D68/><U55/><E104/><V46/><F46/><W79/><G79/><T19/><D19/><U51/><E45/><V5/><F5/><W93/><G93/><T78/><D78/><U88/><E37/><V53/><F42/><W123/><G123/><T15/><D15/><U36/><E39/><V73/><F65/><AGARI ba="0,0" hai="24,25,43,44,49,59,63,65" m="60511,50281" machi="65" ten="30,1500,0" yaku="19,1" doraHai="50" who="3" fromWho="2" sc="266,0,272,0,230,-15,232,15" /><INIT seed="3,1,0,2,5,11" ten="266,272,215,247" oya="3" hai0="128,91,7,98,135,82,70,129,10,92,23,90,111" hai1="34,71,0,51,19,115,58,4,42,5,79,9,66" hai2="74,110,121,35,56,64,54,87,119,96,89,15,101" hai3="52,75,33,130,36,37,123,88,97,131,103,30,63"/><W1/><G123/><T44/><D70/><U62/><E34/><V14/><F121/><W16/><G1/><T29/><D135/><U95/><E115/><V43/><F119/><W102/><G75/><T41/><D111/><U18/><E4/><V122/><F122/><W104/><G103/><T25/><D82/><U127/><E127/><V13/><F74/><W114/><G114/><T113/><D113/><U100/><E79/><V107/><F110/><W73/><G73/><T117/><D117/><U116/><E116/><V134/><F35/><W60/><G33/><T61/><D61/><N who="3" m="23625" /><G30/><T76/><D76/><U46/><REACH who="1" step="1"/><E71/><REACH who="1" step="2"/><V47/><F64/><W80/><G131/><T85/><D129/><U57/><E57/><V112/><F134/><W81/><G130/><T26/><D128/><U59/><E59/><V12/><F112/><W68/><G68/><T31/><D7/><U77/><E77/><V50/><N who="2" m="3584" /><DORA hai="49" /><V27/><F27/><W38/><G38/><T86/><D26/><U109/><E109/><V105/><F56/><W21/><G37/><T17/><D25/><U124/><E124/><V125/><F125/><W120/><G36/><T6/><D6/><U28/><E28/><V48/><F107/><W45/><G120/><T2/><D29/><U22/><E22/><V32/><F32/><W99/><G104/><T78/><D31/><U55/><E55/><V65/><F65/><W40/><G52/><T67/><D23/><U94/><E94/><V72/><F72/><W3/><G21/><T132/><D92/><U83/><E83/><N who="2" m="49407" /><F43/><W20/><G40/><RYUUKYOKU ba="1,1" sc="266,-15,262,15,215,15,247,-15" hai1="0,5,9,18,19,42,46,51,58,62,66,95,100" hai2="47,48,50,54,96,101,105" /><INIT seed="4,2,1,2,1,22" ten="251,277,230,232" oya="0" hai0="5,61,133,13,70,26,114,2,42,77,20,38,37" hai1="75,87,30,130,107,83,129,14,116,3,112,82,43" hai2="74,80,121,63,95,73,72,85,40,32,60,10,17" hai3="110,115,120,92,23,89,48,103,6,90,65,1,67"/><T81/><D114/><U100/><E3/><V29/><F121/><W58/><G110/><T39/><D133/><U94/><E116/><V54/><F40/><W122/><G115/><T41/><D2/><U9/><E112/><V126/><F126/><W56/><G103/><T123/><D123/><N who="3" m="47145" /><G23/><T33/><D33/><U125/><E30/><V24/><F95/><W47/><G6/><T117/><D117/><U16/><E43/><V66/><F66/><N who="3" m="25099" /><G1/><T12/><D12/><U101/><E125/><V21/><F10/><W127/><G127/><T132/><D70/><U128/><E75/><V51/><F51/><W44/><G48/><T135/><D61/><U88/><REACH who="1" step="1"/><E101/><REACH who="1" step="2"/><V49/><F49/><W52/><G47/><T28/><D135/><U119/><E119/><V99/><F99/><AGARI ba="2,2" hai="9,14,16,82,83,87,88,94,99,100,107,128,129,130" machi="99" ten="40,8000,1" yaku="1,1,19,1,54,2,53,0" doraHai="22" doraHaiUra="106" who="1" fromWho="2" sc="251,0,267,106,230,-86,232,0" /><INIT seed="5,0,0,4,2,69" ten="251,373,144,232" oya="1" hai0="107,62,125,28,5,48,65,80,118,53,45,71,21" hai1="15,1,89,88,59,97,9,36,4,52,35,61,16" hai2="31,20,70,132,84,49,79,17,27,12,109,110,64" hai3="100,93,103,68,94,111,123,6,50,85,57,0,11"/><U119/><E36/><V60/><F132/><W91/><G111/><T46/><D118/><U34/><E119/><V10/><F49/><W67/><G123/><T113/><D113/><U8/><REACH who="1" step="1"/><E97/><REACH who="1" step="2"/><V101/><F101/><W74/><G103/><T86/><D125/><U112/><E112/><V135/><F135/><W51/><G100/><T18/><D107/><U96/><E96/><V3/><F79/><W117/><G117/><T54/><D5/><U83/><E83/><V33/><REACH who="2" step="1"/><F84/><REACH who="2" step="2"/><W73/><G85/><T82/><D86/><U130/><E130/><V115/><F115/><W116/><G116/><T72/><D72/><U98/><E98/><V99/><F99/><W63/><G74/><T133/><D133/><U75/><E75/><V37/><F37/><W47/><G73/><T104/><D82/><U77/><E77/><V102/><F102/><W81/><G81/><T127/><D80/><U42/><E42/><V30/><F30/><W106/><G106/><T38/><D28/><U41/><E41/><V78/><F78/><W44/><G94/><T29/><D104/><U76/><E76/><V108/><F108/><W22/><G93/><T39/><D29/><U55/><E55/><V25/><F25/><W87/><G87/><T105/><D105/><U95/><E95/><V13/><F13/><W14/><G91/><AGARI ba="0,2" hai="1,4,8,9,15,16,34,35,52,59,61,88,89,91" machi="91" ten="40,12000,1" yaku="1,1,54,3,53,1" doraHai="69" doraHaiUra="58" who="1" fromWho="3" sc="251,0,363,140,134,0,232,-120" /><INIT seed="5,1,0,3,4,67" ten="251,503,134,112" oya="1" hai0="133,87,114,132,135,119,69,42,99,130,12,16,93" hai1="7,123,110,14,49,8,101,25,1,121,118,89,74" hai2="94,75,6,23,102,31,111,98,96,0,35,61,57" hai3="32,36,79,15,3,95,58,103,24,115,86,27,26"/><U122/><E101/><V72/><F35/><W82/><G36/><T59/><D119/><U134/><E74/><V56/><F111/><W76/><G3/><T46/><D130/><U60/><E60/><V44/><F0/><W109/><G109/><T47/><D114/><U41/><E110/><V5/><F57/><W73/><G115/><T64/><D87/><U84/><E118/><V55/><F72/><W68/><G68/><T88/><D69/><U105/><E105/><V54/><F75/><W50/><G32/><T28/><D28/><U39/><E39/><V77/><F77/><N who="3" m="46415" /><G73/><T17/><D42/><U113/><E113/><V107/><F44/><W19/><G103/><T85/><D99/><U131/><E131/><V40/><F40/><W104/><G104/><T62/><D17/><U116/><E116/><V125/><F125/><W33/><G95/><T106/><D106/><U63/><E1/><V30/><F55/><N who="3" m="32119" /><G33/><T127/><D127/><U45/><E121/><V83/><F83/><W80/><G80/><T43/><D43/><U4/><E41/><V21/><F31/><W53/><G53/><T78/><D78/><U71/><E71/><V124/><F124/><W48/><G48/><T91/><D91/><U38/><E49/><V51/><F51/><W92/><G92/><T100/><D100/><U11/><E38/><V34/><F34/><W108/><G108/><T13/><D13/><U97/><E14/><V29/><F29/><W18/><G19/><T65/><D65/><U37/><E122/><V120/><F120/><W112/><G112/><T129/><D129/><RYUUKYOKU ba="1,0" sc="251,15,503,-15,134,-15,112,15" hai0="12,16,46,47,59,62,64,85,88,93,132,133,135" hai3="15,18,24,26,27,76,79" /><INIT seed="6,2,0,3,0,28" ten="266,488,119,127" oya="2" hai0="6,72,94,25,26,104,31,66,120,123,12,35,55" hai1="16,45,63,131,64,108,95,58,130,74,102,98,82" hai2="3,41,33,20,8,42,126,101,84,36,60,10,1" hai3="40,62,117,100,24,30,61,92,99,83,77,135,85"/><V79/><F101/><W110/><G117/><T93/><D104/><U125/><E108/><V91/><F126/><W88/><G110/><T115/><D72/><U50/><E125/><V13/><F79/><W103/><G135/><T105/><D105/><U89/><E16/><V7/><F33/><W37/><G37/><T128/><D128/><U111/><E111/><V86/><F60/><W133/><G133/><T122/><D115/><U44/><E44/><V22/><F36/><W65/><G40/><T39/><D39/><U118/><E118/><V46/><F46/><W124/><G124/><T121/><D66/><U80/><E74/><V75/><F75/><W0/><G0/><N who="2" m="73" /><F7/><W69/><REACH who="3" step="1"/><G61/><REACH who="3" step="2"/><T106/><D121/><U114/><E63/><V9/><F13/><W129/><G129/><T78/><D122/><U5/><E130/><V47/><F91/><W19/><G19/><T2/><D120/><U29/><E89/><V11/><N who="2" m="2560" /><DORA hai="43" /><V109/><F109/><W15/><G15/><T90/><D12/><U76/><E131/><V116/><F116/><W17/><G17/><T34/><D2/><U134/><E134/><V48/><F42/><W132/><G132/><T4/><D123/><U38/><E38/><V27/><F27/><W18/><G18/><T68/><D26/><U81/><E114/><V71/><F71/><W59/><G59/><T51/><D68/><U54/><E58/><V97/><F97/><W23/><AGARI ba="2,1" hai="23,24,30,62,65,69,77,83,85,88,92,99,100,103" machi="23" ten="20,5200,0" yaku="1,1,0,1,7,1,54,1,53,0" doraHai="28,43" doraHaiUra="52,70" who="3" fromWho="3" sc="266,-15,488,-15,119,-28,117,68" /><INIT seed="7,0,0,3,5,36" ten="251,473,91,185" oya="3" hai0="78,82,130,126,58,46,24,119,104,11,61,97,123" hai1="31,129,86,33,57,29,107,71,116,108,75,4,85" hai2="60,38,113,1,112,63,68,102,21,84,23,134,28" hai3="19,54,81,66,53,76,69,34,94,111,106,27,41"/><W125/><G106/><T89/><D104/><U51/><E108/><V37/><F1/><W32/><G111/><T25/><D89/><U90/><E71/><V100/><F28/><W79/><G125/><T115/><D97/><U17/><E75/><V39/><F68/><W72/><G76/><T80/><D78/><U128/><E107/><V96/><F84/><W127/><G127/><T109/><D58/><U121/><E121/><V16/><F134/><W70/><G70/><T22/><D61/><U8/><E116/><V7/><F7/><W0/><G0/><T5/><D80/><U110/><E110/><V3/><F3/><W30/><G34/><T99/><D82/><U43/><E17/><V59/><F16/><W49/><G94/><T118/><D99/><U98/><E98/><V26/><F96/><W73/><G73/><T42/><D46/><U91/><E33/><V50/><F50/><W117/><G19/><N who="0" m="12383" /><D42/><U44/><E57/><V120/><F120/><W14/><G14/><N who="0" m="5487" /><D123/><U65/><E128/><V135/><F135/><W55/><G117/><N who="0" m="44555" /><D109/><U105/><E44/><V132/><F26/><W88/><G88/><T6/><D25/><U48/><E91/><V40/><F132/><W103/><G103/><N who="2" m="39465" /><F40/><W124/><G124/><T9/><D126/><U92/><E90/><V77/><F77/><W52/><G41/><T47/><D47/><U101/><E43/><V12/><F12/><W56/><REACH who="3" step="1"/><G69/><REACH who="3" step="2"/><T122/><D122/><U87/><E105/><V114/><F59/><W74/><G74/><T64/><D130/><U15/><E129/><V133/><F133/><RYUUKYOKU ba="0,1" sc="251,-15,473,-15,91,15,175,15" hai2="21,23,37,38,39,60,63,112,113,114" hai3="27,30,32,49,52,53,54,55,56,66,72,79,81" /><INIT seed="7,1,1,5,5,110" ten="236,458,106,190" oya="3" hai0="87,64,71,83,96,90,119,68,105,66,127,80,15" hai1="41,92,3,11,120,106,65,126,17,114,20,32,44" hai2="85,116,76,51,67,39,24,81,2,46,62,113,108" hai3="78,121,21,82,58,57,19,8,56,128,47,72,95"/><W59/><G121/><T33/><D119/><U30/><E106/><V10/><F116/><W13/><G128/><T122/><D122/><U16/><E120/><V104/><F108/><W53/><G95/><T109/><D109/><U99/><E32/><V133/><F104/><W94/><G94/><T93/><D33/><U115/><E126/><V132/><F39/><W54/><G47/><T37/><D37/><U88/><E65/><V69/><F24/><W74/><G74/><T91/><D127/><U7/><E30/><V18/><F18/><W100/><G100/><T42/><D105/><U55/><E55/><V14/><F2/><W0/><G58/><T9/><D42/><U112/><E20/><V107/><F107/><W73/><G73/><T97/><D71/><U36/><AGARI ba="1,1" hai="3,7,11,16,17,36,41,44,88,92,99,112,114,115" machi="36" ten="30,12000,2" yaku="0,1,15,1,52,3,54,2" doraHai="110" who="1" fromWho="1" sc="236,-31,458,133,106,-31,190,-61" owari="205,1.0,591,68.0,75,-42.0,129,-27.0" /></mjloggm>