<mjloggm ver="2.3"><GO type="41"/><UN n0="%E3%81%97%E3%82%85%E3%81%86%E3%83%BC%E3%80%82" n1="%E3%82%A6%E3%83%AB%E3%83%88%E3%83%A9%E7%AB%8B%E7%9B%B4" n2="%4D%61%6E%6D%6F%73" n3="%E6%82%B2%E3%81%97%E3%81%BF%E3%81%AE%E8%B1%86%E8%85%90" dan="19,15,13,14" rate="2139,1990,1858,1882" sx="M,M,M,M"/><TAIKYOKU oya="0"/><INIT seed="0,0,0,4,0,14" ten="250,250,250,250" oya="0" hai0="3,110,108,76,130,66,87,84,74,8,77,23,99" hai1="48,35,52,117,72,46,134,54,30,78,45,18,73" hai2="51,68,97,10,2,31,79,15,113,101,67,105,55" hai3="12,124,29,5,25,112,50,135,88,80,24,86,41"/><T98/><D66/><U6/><E6/><V13/><F113/><W94/><G112/><T89/><D23/><U100/><E100/><V91/><F79/><N who="0" m="30282" /><D8/><U85/><E30/><V114/><F114/><W26/><G80/><T63/><D63/><U49/><E35/><V83/><F31/><W59/><G29/><T122/><D3/><U104/><E104/><V103/><F68/><W121/><G121/><T93/><D122/><U56/><E117/><V120/><F67/><W92/><G5/><T44/><D44/><U38/><E85/><N who="0" m="32841" /><D130/><U106/><E106/><V42/><F42/><W58/><G41/><T111/><D74/><U64/><E64/><V129/><F129/><W70/><G70/><T28/><D28/><U62/><E38/><V1/><F120/><W127/><G26/><T33/><D33/><U133/><E78/><V131/><F131/><W34/><G24/><T27/><D27/><U82/><E62/><V40/><F40/><W96/><G25/><T37/><D37/><U125/><E56/><V132/><F15/><W116/><G12/><T128/><D128/><U19/><REACH who="1" step="1"/><E82/><REACH who="1" ten="250,240,250,250" step="2"/><V16/><F83/><W115/><G34/><T123/><D123/><U4/><E4/><V53/><F2/><W75/><G59/><T107/><D107/><U17/><E17/><V32/><F105/><W9/><G58/><T39/><D39/><U21/><E21/><V126/><F32/><W20/><G20/><T47/><D47/><U109/><E109/><V36/><F1/><W118/><G116/><T0/><D0/><U90/><E90/><V65/><F36/><RYUUKYOKU ba="0,1" sc="250,15,240,15,250,-15,250,-15" hai0="89,93,98,99,108,110,111" hai1="18,19,45,46,48,49,52,54,72,73,125,133,134" /><INIT seed="0,1,1,2,3,16" ten="265,255,235,235" oya="0" hai0="50,83,8,129,55,5,24,66,70,95,26,120,77" hai1="31,32,69,123,11,43,121,13,65,100,134,47,40" hai2="128,18,3,4,90,44,38,112,9,60,82,106,109" hai3="17,15,116,114,42,64,54,41,23,21,0,71,39"/><T80/><D120/><U125/><E65/><V102/><F112/><W51/><G114/><T14/><D129/><U28/><E69/><V84/><F128/><W12/><G0/><T131/><D131/><U79/><E100/><V135/><F60/><W108/><G116/><T36/><D36/><U87/><E43/><V86/><F135/><W68/><G108/><T29/><D70/><U73/><E73/><V49/><F109/><W99/><G99/><T61/><D66/><U127/><E87/><V34/><F34/><W37/><G37/><T74/><D61/><U104/><E79/><V78/><F38/><W124/><G124/><N who="1" m="47690" /><E104/><V122/><F122/><N who="1" m="46601" /><E32/><V91/><F86/><W76/><G76/><T67/><D67/><U133/><E47/><V92/><F106/><W59/><G64/><T58/><D83/><U113/><E40/><V33/><F33/><W97/><G97/><T118/><D118/><U88/><E88/><V63/><F63/><W132/><G132/><N who="1" m="50794" /><E113/><V101/><F91/><W35/><G35/><T103/><D103/><U96/><E96/><V6/><F90/><W30/><G39/><T126/><D126/><U98/><E98/><V85/><F85/><W105/><G105/><T56/><D95/><U20/><E20/><V10/><F92/><W62/><G71/><T52/><D55/><U81/><E81/><V19/><F101/><W27/><G68/><T48/><D58/><U115/><E115/><V45/><F102/><W72/><G72/><T93/><D93/><U75/><E75/><V117/><F44/><W130/><G62/><T53/><D74/><RYUUKYOKU ba="1,1" sc="265,-10,255,30,235,-10,235,-10" hai1="11,13,28,31" /><INIT seed="1,2,1,3,1,122" ten="255,285,225,225" oya="1" hai0="39,102,47,119,26,57,93,56,6,21,62,84,9" hai1="41,45,59,68,10,2,124,30,132,85,75,79,111" hai2="24,118,65,7,8,36,106,101,114,58,112,34,110" hai3="0,1,49,15,22,31,70,51,134,12,16,97,95"/><U113/><E30/><V115/><F36/><W33/><G70/><T48/><D39/><U120/><E59/><V60/><F118/><W104/><G104/><T100/><D119/><U11/><E85/><V40/><F40/><W5/><G134/><T38/><D38/><U98/><E98/><N who="2" m="61751" /><F34/><W50/><G5/><T53/><D84/><U61/><E11/><V74/><F24/><W28/><G12/><T35/><D35/><U29/><E29/><V88/><F74/><W92/><G92/><T90/><D90/><U103/><E103/><V37/><F37/><W96/><G96/><T20/><D57/><U105/><E45/><V72/><F72/><W129/><G129/><T19/><D21/><U46/><E46/><V83/><F83/><W131/><G131/><T116/><D93/><U18/><E41/><V91/><F110/><W54/><G54/><T94/><D94/><U82/><E18/><V107/><F107/><W108/><G108/><T4/><D116/><U14/><E14/><AGARI ba="2,1" hai="7,8,14,58,60,65,88,91,112,114,115" m="61751" machi="14" ten="30,2000,0" yaku="11,1,54,1" doraHai="122" who="2" fromWho="1" sc="255,0,285,-26,225,36,225,0" /><INIT seed="2,0,0,5,4,66" ten="255,259,261,225" oya="2" hai0="98,115,41,29,62,54,27,109,135,20,79,106,113" hai1="95,130,81,77,39,57,28,112,0,100,33,69,3" hai2="84,6,104,128,64,19,131,93,91,119,86,67,58" hai3="78,89,47,76,116,72,26,45,110,21,97,46,63"/><V59/><F104/><W37/><G116/><T103/><D109/><U123/><E39/><V1/><F119/><W2/><G2/><T32/><D135/><U134/><E57/><V40/><F40/><W42/><G110/><T4/><D41/><U74/><E95/><V88/><F1/><W96/><G63/><T10/><D79/><U9/><E100/><V31/><F6/><W56/><G56/><T111/><D111/><U108/><E9/><V70/><F31/><W16/><G72/><T125/><D125/><U82/><E82/><V48/><F48/><W65/><G65/><T92/><D92/><U30/><E30/><V25/><F25/><W52/><G52/><T107/><D107/><U51/><E51/><V75/><F75/><W68/><G68/><T133/><D133/><U94/><E94/><V14/><F70/><W121/><G121/><T13/><D54/><U34/><E81/><V11/><F59/><W105/><G105/><T22/><REACH who="0" step="1"/><D62/><REACH who="0" ten="245,259,261,225" step="2"/><U87/><E77/><V12/><F93/><W117/><G78/><T35/><D35/><U38/><E34/><V53/><F53/><W15/><G76/><T49/><D49/><U126/><E87/><V44/><F58/><W124/><G124/><T102/><D102/><U8/><E8/><V71/><F11/><W122/><G42/><T5/><D5/><U114/><E114/><AGARI ba="0,1" hai="4,10,13,20,22,27,29,32,98,103,106,113,114,115" machi="114" ten="40,1300,0" yaku="1,1,53,0" doraHai="66" doraHaiUra="118" who="0" fromWho="1" sc="245,23,259,-13,261,0,225,0" /><INIT seed="3,0,0,3,5,56" ten="268,246,261,225" oya="3" hai0="106,42,13,48,3,132,7,70,99,125,105,65,45" hai1="21,54,121,6,110,31,94,11,4,78,75,92,116" hai2="68,28,43,126,17,100,115,124,16,14,72,130,69" hai3="98,35,127,58,64,133,93,120,95,24,37,40,89"/><W104/><G120/><T134/><D13/><U1/><E78/><V33/><F72/><W74/><G74/><T102/><D106/><U107/><E92/><V77/><F77/><W76/><G76/><T52/><D125/><N who="2" m="48234" /><F43/><W63/><G127/><T109/><D109/><U49/><E94/><V22/><F100/><W44/><G133/><N who="0" m="51307" /><D7/><U19/><E107/><V97/><F97/><W8/><G8/><T113/><D3/><U122/><E75/><V26/><F17/><W103/><REACH who="3" step="1"/><G89/><REACH who="3" ten="268,246,261,215" step="2"/><T0/><D113/><U117/><E121/><V62/><F115/><W90/><G90/><T5/><D0/><U60/><E122/><V112/><F112/><W50/><G50/><T88/><D88/><U61/><E11/><V85/><F85/><W135/><G135/><T46/><D5/><U10/><E6/><V47/><F130/><W23/><G23/><T38/><D99/><U119/><E31/><AGARI ba="0,1" hai="24,31,35,37,40,44,58,63,64,93,95,98,103,104" machi="31" ten="40,3900,0" yaku="1,1,52,1,53,0" doraHai="56" doraHaiUra="2" who="3" fromWho="1" sc="268,0,246,-39,261,0,215,49" /><INIT seed="3,1,0,0,0,51" ten="268,207,261,264" oya="3" hai0="104,105,5,20,36,41,132,114,101,60,56,120,103" hai1="55,117,23,90,16,130,85,73,88,77,49,62,95" hai2="0,54,24,68,74,32,65,57,10,110,72,107,38" hai3="48,81,118,44,17,39,37,83,80,115,82,52,42"/><W96/><G118/><T93/><D120/><U13/><E117/><V35/><F38/><W58/><G115/><T33/><D33/><U19/><E73/><V43/><F43/><W29/><G29/><T2/><D132/><U59/><E130/><V30/><F35/><W75/><G96/><T53/><D114/><U116/><E116/><V99/><F0/><W131/><G131/><T97/><D5/><U34/><E34/><V15/><F110/><W9/><G75/><T67/><D2/><U6/><E6/><V21/><F21/><W91/><G91/><T25/><D41/><U122/><E122/><V47/><F47/><W106/><G106/><T28/><D36/><U126/><E126/><V71/><F71/><W26/><G39/><T121/><D121/><U27/><E77/><V102/><F15/><W69/><G69/><T63/><REACH who="0" step="1"/><D103/><REACH who="0" ten="258,207,261,264" step="2"/><U111/><E111/><V86/><F10/><W123/><G123/><T109/><D109/><U134/><E134/><V129/><F129/><W45/><G37/><T11/><D11/><U64/><E90/><V70/><F32/><W108/><G108/><T78/><D78/><U3/><E3/><V7/><F7/><W125/><G9/><T119/><D119/><U112/><E112/><V128/><F128/><W46/><G125/><T50/><D50/><U1/><E1/><V61/><F74/><W133/><G133/><T18/><D18/><N who="1" m="10703" /><E27/><V14/><F24/><W94/><G26/><T84/><D84/><U92/><E92/><V66/><F72/><W12/><G94/><T89/><D89/><U113/><E113/><RYUUKYOKU ba="1,1" sc="258,15,207,15,261,-15,264,-15" hai0="20,25,28,53,56,60,63,67,93,97,101,104,105" hai1="16,19,49,55,59,62,64,85,88,95" /><INIT seed="4,2,1,1,3,51" ten="273,222,246,249" oya="0" hai0="48,102,64,2,6,114,110,19,62,78,103,90,24" hai1="65,126,15,53,60,63,133,20,98,17,132,0,37" hai2="124,59,10,81,11,7,27,88,57,70,89,23,5" hai3="97,105,127,14,128,92,79,8,85,18,112,82,73"/><T108/><D78/><U122/><E0/><V130/><F70/><W43/><G112/><T25/><D114/><U40/><E122/><V87/><F124/><W9/><G127/><T3/><D90/><U129/><E40/><V77/><F130/><W120/><G128/><T50/><D19/><U86/><E37/><V135/><F135/><N who="1" m="51785" /><E126/><V22/><F27/><N who="0" m="10314" /><D6/><U109/><E109/><N who="0" m="42089" /><D62/><U42/><E42/><V16/><F77/><W104/><G120/><T34/><D64/><U93/><E86/><V33/><F33/><W35/><G35/><T107/><D107/><U131/><E63/><V47/><F47/><W12/><G73/><T66/><D66/><U125/><E125/><V46/><F46/><W71/><G71/><T32/><D32/><U39/><E39/><V123/><F123/><W84/><G84/><T111/><D34/><U1/><E1/><N who="0" m="9" /><D111/><U101/><E65/><V75/><F87/><W69/><G69/><T52/><D48/><U83/><E83/><V56/><F81/><W44/><G105/><T21/><D21/><U67/><E67/><V134/><F134/><W95/><G104/><T72/><D72/><U4/><E4/><V13/><F75/><W116/><G79/><T106/><D106/><U99/><E99/><V36/><F36/><W38/><G97/><T115/><D115/><U76/><E76/><V100/><F23/><W58/><G38/><T26/><D26/><U119/><E129/><V74/><F74/><W55/><G18/><T113/><D113/><U28/><E131/><V54/><F7/><W117/><G95/><T96/><D96/><RYUUKYOKU ba="2,1" sc="273,30,222,-10,246,-10,249,-10" hai0="50,52,102,103" /><INIT seed="4,3,1,0,5,35" ten="303,212,236,239" oya="0" hai0="98,123,128,64,74,59,116,20,117,107,124,80,60" hai1="70,45,58,33,39,132,76,135,89,31,6,95,23" hai2="120,24,65,38,111,85,134,22,11,82,56,66,83" hai3="5,50,86,110,15,119,126,3,48,36,43,129,46"/><T114/><D123/><U97/><E70/><V87/><F38/><W67/><G110/><T49/><D114/><U2/><E33/><V13/><F111/><W17/><G119/><T106/><D124/><U54/><E76/><V121/><F121/><W102/><G126/><T127/><D127/><U30/><E45/><V8/><F120/><W1/><G102/><T18/><D128/><U108/><E39/><V41/><F41/><W77/><G129/><T0/><D0/><U53/><E53/><V84/><F134/><N who="1" m="51241" /><E23/><V10/><F13/><W72/><G67/><N who="2" m="25609" /><F56/><W40/><G40/><T101/><D107/><U104/><E104/><V113/><F113/><W118/><G118/><T130/><D130/><U79/><E79/><V4/><F4/><W96/><G96/><T52/><D80/><U62/><E108/><V78/><F78/><W9/><G86/><N who="2" m="22017" /><V51/><DORA hai="93" /><F51/><W34/><G34/><T103/><D74/><U26/><E26/><V125/><F125/><W7/><G7/><T105/><D105/><U25/><E25/><V81/><F24/><W12/><G12/><T16/><D116/><U47/><E47/><V14/><F14/><W61/><G61/><T92/><D117/><U42/><E42/><V37/><F37/><W57/><G57/><N who="0" m="32911" /><D106/><U68/><E68/><V131/><F131/><W21/><G1/><T28/><D28/><U69/><E69/><V88/><F22/><W63/><G63/><T91/><D20/><U27/><E27/><V71/><F71/><W73/><G73/><T19/><AGARI ba="3,1" hai="16,18,19,59,60,64,91,92,98,101,103" m="32911" machi="19" ten="30,11700,0" yaku="8,1,52,1,54,2" doraHai="35,93" who="0" fromWho="0" sc="303,136,212,-42,236,-42,239,-42" /><INIT seed="4,4,0,2,3,40" ten="439,170,194,197" oya="0" hai0="109,8,18,50,33,54,74,87,9,132,84,15,104" hai1="75,60,19,66,110,46,92,42,127,64,111,126,43" hai2="34,97,32,69,72,133,53,118,123,12,122,48,131" hai3="0,106,124,112,78,130,135,117,23,5,82,65,6"/><T68/><D74/><U4/><E4/><V17/><F69/><W99/><G23/><T100/><D68/><U37/><E92/><V91/><F72/><W63/><G117/><T10/><D33/><U20/><E19/><V128/><F118/><W11/><G6/><T77/><D109/><U45/><E20/><V119/><F119/><W103/><G112/><T90/><D132/><U115/><E75/><V44/><F133/><W21/><G21/><T83/><D100/><U47/><E115/><V120/><F97/><W129/><G135/><T2/><D104/><U71/><E64/><V14/><F91/><W116/><G116/><T52/><D2/><U114/><E114/><V29/><F29/><W13/><G13/><T22/><REACH who="0" step="1"/><D50/><REACH who="0" ten="429,170,194,197" step="2"/><U39/><E111/><V88/><F34/><W96/><G106/><T86/><D86/><U121/><E110/><V67/><F32/><W27/><G103/><T76/><D76/><U7/><E121/><V98/><F67/><W94/><G65/><T38/><D38/><N who="1" m="14347" /><E7/><V41/><F120/><W113/><G78/><T105/><D105/><U57/><E71/><V81/><F123/><W58/><G5/><T51/><D51/><U56/><E56/><V125/><F48/><W108/><G58/><T80/><AGARI ba="4,1" hai="8,9,10,15,18,22,52,54,77,80,83,84,87,90" machi="80" ten="30,11700,0" yaku="1,1,0,1,8,1,54,1,53,0" doraHai="40" doraHaiUra="30" who="0" fromWho="0" sc="429,139,170,-43,194,-43,197,-43" /><INIT seed="4,5,0,2,1,112" ten="568,127,151,154" oya="0" hai0="18,6,27,105,124,99,16,67,119,96,117,40,88" hai1="118,9,24,57,66,122,80,82,3,29,94,106,2" hai2="81,39,130,121,60,108,64,62,15,76,73,59,102" hai3="49,34,4,35,125,45,128,42,8,135,50,71,19"/><T97/><D105/><U93/><E57/><V74/><F108/><W129/><G71/><T36/><D124/><U0/><E66/><V87/><F121/><W84/><G125/><T79/><D79/><U110/><E9/><V53/><F39/><W21/><G135/><T127/><D127/><U116/><E106/><V1/><F1/><W134/><G134/><T37/><D6/><U107/><E107/><V65/><F53/><W75/><G49/><T78/><D78/><U32/><E110/><V69/><F130/><N who="3" m="50283" /><G84/><T89/><D67/><U33/><E122/><V41/><F41/><W54/><G54/><T120/><D120/><U92/><E24/><V30/><F102/><W85/><G85/><T63/><D63/><U52/><E29/><V95/><F95/><W25/><G75/><T10/><D10/><U90/><E90/><N who="0" m="34921" /><D27/><U100/><E100/><V5/><F30/><W91/><G91/><T17/><D40/><U109/><E52/><V104/><F104/><W72/><G72/><T58/><D58/><U11/><E11/><V28/><F28/><W111/><G111/><T68/><D68/><U101/><E101/><V13/><F73/><W23/><G23/><T103/><D103/><U83/><REACH who="1" step="1"/><E109/><REACH who="1" ten="568,117,151,154" step="2"/><V123/><F123/><W133/><G133/><T43/><D43/><U26/><E26/><V131/><F131/><W12/><AGARI ba="5,1" hai="4,8,12,19,21,25,34,35,42,45,50" m="50283" machi="12" ten="30,1100,0" yaku="19,1" doraHai="112" who="3" fromWho="3" sc="568,-10,117,-8,151,-8,154,36" /><INIT seed="5,0,0,3,2,135" ten="558,109,143,190" oya="1" hai0="20,46,88,50,16,113,133,109,55,2,15,130,78" hai1="42,17,21,4,106,121,97,86,75,85,45,51,62" hai2="126,22,5,102,58,114,56,131,64,87,36,29,1" hai3="31,96,74,44,101,59,72,61,37,134,128,116,90"/><U77/><E121/><V122/><F122/><W65/><G134/><T100/><D133/><U111/><E111/><V127/><F36/><W83/><G116/><T98/><D2/><U27/><E75/><V12/><F1/><W11/><G31/><T41/><D130/><U89/><E77/><V67/><F131/><W48/><G37/><T76/><D113/><U110/><E110/><V70/><F102/><W63/><G63/><T34/><D34/><U79/><E79/><V39/><F39/><W112/><G11/><T47/><D109/><U40/><E4/><V99/><F99/><W23/><G23/><T93/><D100/><U6/><E6/><V123/><F123/><W60/><G60/><T7/><D7/><U52/><E106/><V117/><F117/><W92/><G112/><T73/><D73/><U124/><E124/><N who="2" m="47659" /><F114/><W30/><G30/><T38/><AGARI ba="0,0" hai="15,16,20,38,41,46,47,50,55,76,78,88,93,98" machi="38" ten="20,5200,0" yaku="0,1,7,1,54,2" doraHai="135" who="0" fromWho="0" sc="558,52,109,-26,143,-13,190,-13" /><INIT seed="6,0,0,4,4,60" ten="610,83,130,177" oya="2" hai0="32,97,90,9,54,77,100,50,127,26,17,102,19" hai1="28,46,86,37,33,58,110,82,130,128,121,13,117" hai2="94,31,74,124,132,67,4,6,0,29,126,75,123" hai3="44,112,61,99,106,109,42,87,35,68,71,1,51"/><V22/><F123/><W5/><G109/><T81/><D127/><N who="2" m="48682" /><F132/><W38/><G87/><T66/><D66/><U16/><E110/><V92/><F0/><W34/><G112/><T84/><D32/><U21/><E117/><V45/><F45/><W65/><G71/><T107/><D100/><U91/><E121/><V12/><F12/><W113/><G51/><T88/><D26/><U2/><E2/><V73/><F67/><W105/><G113/><T79/><D90/><U70/><E70/><V8/><F8/><N who="3" m="2095" /><G99/><T53/><D53/><U95/><E28/><N who="2" m="10827" /><F22/><W56/><G56/><T69/><D69/><U104/><E33/><AGARI ba="0,0" hai="33,34,35,38,42,44,61,65,68,105,106" m="2095" machi="33" ten="30,3900,0" yaku="33,2,52,1" doraHai="60" who="3" fromWho="1" sc="610,0,83,-39,130,0,177,39" /><INIT seed="7,0,0,2,4,1" ten="610,44,130,216" oya="3" hai0="7,88,114,91,96,95,25,47,53,79,30,60,44" hai1="34,109,81,71,102,108,112,58,119,94,14,28,104" hai2="11,23,42,4,83,89,134,27,20,128,49,6,62" hai3="19,131,77,100,101,56,76,127,118,111,12,8,40"/><W70/><G70/><T85/><D79/><U125/><E94/><V18/><F128/><W26/><G131/><T123/><D7/><U16/><E58/><V9/><F134/><W41/><G118/><T75/><D75/><U133/><E81/><V84/><F62/><W74/><G127/><T2/><D2/><U38/><E102/><N who="3" m="39530" /><G74/><T63/><D114/><U29/><E14/><V65/><F65/><W48/><G111/><T15/><D15/><U117/><E16/><V21/><F27/><W92/><G92/><T45/><D123/><U61/><E61/><V39/><F39/><W10/><G26/><T110/><D110/><U103/><E103/><V55/><F42/><N who="3" m="16491" /><G10/><N who="2" m="3593" /><F18/><W90/><G90/><T54/><D54/><AGARI ba="0,0" hai="8,12,19,48,54,56,76,77" m="16491,39530" machi="54" ten="30,1500,0" yaku="8,1" doraHai="1" who="3" fromWho="0" sc="610,-15,44,0,130,0,216,15" /><INIT seed="7,1,0,3,3,83" ten="595,44,130,231" oya="3" hai0="67,110,7,116,101,106,62,12,21,47,72,93,45" hai1="29,56,19,33,130,27,22,89,103,14,53,39,87" hai2="60,48,70,100,65,73,35,86,90,84,25,23,111" hai3="124,127,38,4,68,113,129,64,81,94,32,63,46"/><W118/><G118/><T42/><D116/><U75/><E75/><V52/><F73/><W114/><G32/><T98/><D72/><U104/><E39/><V41/><F111/><W26/><G26/><T122/><D122/><U36/><E36/><V132/><F35/><W6/><G94/><T30/><D110/><U134/><E134/><V37/><F100/><W43/><G81/><T96/><D7/><U112/><E112/><N who="3" m="43114" /><G129/><T20/><D12/><U95/><E130/><V54/><F90/><W107/><G107/><T5/><D5/><AGARI ba="1,0" hai="4,5,6,38,43,46,63,64,68,124,127" m="43114" machi="5" ten="30,1500,0" yaku="15,1" doraHai="83" who="3" fromWho="0" sc="595,-18,44,0,130,0,231,18" /><INIT seed="7,2,0,4,2,97" ten="577,44,130,249" oya="3" hai0="3,41,51,42,22,83,40,7,86,58,23,93,92" hai1="31,105,9,56,77,106,70,19,17,128,33,96,121" hai2="59,74,111,98,125,6,67,34,101,90,126,95,64" hai3="26,76,71,10,103,80,112,5,1,27,45,122,82"/><W21/><G71/><T48/><D7/><U25/><E56/><V78/><F34/><W131/><G122/><T37/><D3/><U81/><E106/><V99/><F111/><W11/><G131/><T84/><D37/><U28/><E19/><V119/><F119/><W132/><G132/><T4/><D4/><U30/><E17/><V115/><F6/><W133/><G133/><T61/><D23/><U117/><E9/><V62/><F115/><W79/><G112/><T46/><D22/><U47/><E47/><V32/><F32/><W85/><G11/><T73/><D73/><U44/><E44/><V102/><F74/><W65/><G65/><N who="0" m="39095" /><D86/><U49/><E49/><N who="0" m="19017" /><D46/><U104/><E104/><V87/><F78/><AGARI ba="2,0" hai="40,41,42,78,83,84,92,93" m="19017,39095" machi="78" ten="30,1000,0" yaku="8,1" doraHai="97" who="0" fromWho="2" sc="577,16,44,0,130,-16,249,0" owari="593,70.0,44,-46.0,114,-29.0,249,5.0" /></mjloggm>