<mjloggm ver="2.3"><GO type="65"/><UN n0="%6C%69%78" n1="%EF%BC%88%E2%89%A7%E2%96%BD%E2%89%A6%EF%BC%89" n2="%4A%6F%68%6E%5F%6A%6F%68" n3="%E6%BA%80%E6%B6%B2%E3%82%BD%E3%83%A0%E3%83%AA%E3%82%A8%E5%B8%AB" dan="8,5,4,11" rate="1299,1628,1538,1823" sx="F,M,M,M"/><TAIKYOKU oya="0"/><INIT seed="0,0,0,3,2,61" ten="250,250,250,250" oya="0" hai0="121,34,36,72,95,50,125,128,130,94,80,98,70" hai1="122,23,83,132,99,45,37,33,86,69,41,5,6" hai2="76,64,13,53,91,134,18,123,96,46,65,54,39" hai3="101,100,47,22,108,90,68,93,75,35,44,49,127"/><T58/><D36/><U43/><E122/><V31/><F123/><W66/><G35/><T102/><D70/><U7/><E132/><V79/><F39/><W2/><G2/><T106/><D34/><U42/><E33/><V10/><F134/><W29/><G75/><T38/><D38/><U74/><E74/><V78/><F31/><W89/><G127/><T115/><D50/><U77/><E69/><V131/><F131/><N who="0" m="50218" /><D58/><U0/><E0/><V126/><F126/><W27/><G108/><T118/><D118/><U48/><E37/><V26/><F26/><W87/><G47/><T4/><D4/><U92/><REACH who="1" step="1"/><E23/><REACH who="1" step="2"/><V97/><F46/><W88/><G68/><T60/><D121/><U107/><E107/><V21/><F21/><W40/><G44/><T114/><D125/><U109/><E109/><V30/><F30/><W129/><G129/><T15/><D15/><U71/><E71/><V52/><F91/><AGARI ba="0,1" hai="5,6,7,41,42,43,45,48,77,83,86,91,92,99" machi="91" ten="40,2600,0" yaku="1,1,8,1,53,0" doraHai="61" doraHaiUra="17" who="1" fromWho="2" sc="250,0,240,36,250,-26,250,0" /><INIT seed="1,0,0,5,2,130" ten="250,276,224,250" oya="1" hai0="49,12,116,112,24,42,99,85,105,126,91,134,81" hai1="50,76,128,89,32,68,33,117,90,5,39,47,26" hai2="93,122,95,46,23,18,64,61,108,77,123,13,107" hai3="87,59,88,48,51,65,82,94,80,69,75,2,40"/><U54/><E117/><V114/><F108/><W125/><G2/><T45/><D116/><U14/><E128/><V55/><F107/><W83/><G69/><T106/><D112/><U133/><E68/><V92/><F114/><W70/><G70/><T3/><D3/><U37/><E76/><V53/><F77/><W25/><G125/><T56/><D126/><U29/><E33/><V20/><F122/><W110/><G110/><T30/><D134/><U96/><E133/><V119/><F119/><W73/><G25/><T41/><D12/><U10/><REACH who="1" step="1"/><E96/><REACH who="1" step="2"/><V44/><F123/><W62/><G75/><T17/><D99/><U35/><E35/><V74/><F74/><W100/><G73/><T27/><D17/><U1/><E1/><V127/><F127/><W115/><G115/><T84/><D30/><U103/><E103/><V102/><F102/><W104/><G100/><T22/><D22/><U7/><E7/><V36/><F23/><W58/><G104/><T78/><D41/><U121/><E121/><V4/><F4/><W129/><G129/><T63/><D91/><AGARI ba="0,1" hai="5,10,14,26,29,32,37,39,47,50,54,89,90,91" machi="91" ten="40,2000,0" yaku="1,1,53,0" doraHai="130" doraHaiUra="79" who="1" fromWho="0" sc="250,-20,266,30,224,0,250,0" /><INIT seed="1,1,0,4,4,81" ten="230,296,224,250" oya="1" hai0="88,72,39,65,78,70,108,33,131,17,106,84,93" hai1="37,83,130,86,14,5,82,87,128,19,92,43,3" hai2="28,100,13,79,103,58,29,134,48,95,74,89,47" hai3="24,96,107,118,80,91,32,69,64,53,109,54,63"/><U15/><E3/><V27/><F134/><W98/><G118/><T2/><D39/><U62/><E5/><V30/><F30/><BYE who="2" /><W102/><G109/><T11/><D2/><U4/><E4/><UN n2="%4A%6F%68%6E%5F%6A%6F%68" /><V117/><F74/><W8/><G8/><T68/><D33/><U97/><E62/><V135/><F135/><W71/><G71/><T119/><D119/><U51/><E37/><V59/><F79/><W7/><G7/><T9/><D17/><U18/><E43/><V10/><F117/><W123/><G123/><T66/><D108/><U40/><E40/><V124/><F124/><W22/><G22/><T52/><D106/><U44/><E44/><V61/><F59/><W36/><G36/><T125/><D125/><U127/><E51/><V122/><F122/><W121/><G98/><T104/><D104/><U110/><E110/><V34/><F29/><W120/><G120/><T16/><D131/><N who="1" m="50219" /><E127/><V31/><F31/><N who="3" m="19559" /><G121/><T77/><D72/><U105/><E105/><V113/><F113/><W1/><G1/><T85/><D93/><U50/><E50/><V35/><F13/><N who="1" m="4617" /><E82/><V133/><F133/><W21/><G21/><T56/><D56/><U55/><E55/><V42/><F10/><W38/><G38/><T45/><D45/><U129/><E129/><V76/><F76/><W46/><G46/><T75/><D75/><U112/><E112/><V126/><F126/><W90/><G90/><T111/><D111/><U23/><E83/><V73/><F73/><W116/><G116/><T25/><D25/><U41/><E41/><V12/><F12/><W6/><G6/><RYUUKYOKU ba="1,0" sc="230,-10,296,-10,224,-10,250,30" hai3="53,54,63,64,69,80,91,96,102,107" /><INIT seed="2,2,0,5,3,99" ten="220,286,214,280" oya="2" hai0="23,107,28,56,49,26,32,131,62,76,2,4,89" hai1="104,114,57,80,14,64,81,48,127,128,65,92,20" hai2="16,51,0,7,105,122,100,21,86,46,63,102,84" hai3="95,15,119,87,74,50,33,132,42,31,10,134,121"/><V82/><F122/><W112/><G121/><T129/><D107/><U47/><E104/><V40/><F63/><W54/><G74/><T36/><D36/><U17/><E114/><V8/><F105/><W60/><G119/><T83/><D89/><U19/><E128/><V18/><F18/><W34/><G112/><T22/><D49/><U72/><E127/><V11/><F86/><W85/><G42/><T108/><D62/><N who="1" m="37967" /><E72/><V52/><F11/><W29/><G60/><T116/><D56/><U110/><E65/><V44/><F44/><W94/><G50/><T67/><D67/><U1/><E1/><V118/><F40/><W117/><G117/><T35/><D83/><U69/><E69/><V123/><F123/><W25/><G54/><T12/><D76/><U13/><E92/><V96/><F96/><W78/><G78/><T126/><D108/><U68/><E68/><V3/><F3/><W98/><G98/><T109/><D126/><U73/><E73/><V27/><REACH who="2" step="1"/><F118/><REACH who="2" step="2"/><W66/><G10/><N who="0" m="2327" /><D116/><U59/><E110/><V75/><F75/><W37/><G66/><T58/><D58/><U79/><E59/><V43/><F43/><W41/><G41/><T133/><D109/><U5/><E5/><V113/><F113/><W24/><G37/><T124/><D124/><U45/><E45/><V125/><F125/><W77/><G87/><T70/><D70/><U38/><E38/><V39/><F39/><W120/><G85/><T9/><D133/><U130/><E47/><V103/><F103/><W135/><G120/><T30/><D35/><BYE who="0" /><U88/><E19/><RYUUKYOKU ba="2,1" sc="220,-10,286,-10,204,30,280,-10" hai2="0,7,8,16,21,27,46,51,52,82,84,100,102" /><UN n0="%6C%69%78" /><INIT seed="2,3,1,3,0,89" ten="210,276,234,270" oya="2" hai0="23,28,32,70,2,34,109,72,107,46,64,77,26" hai1="44,131,40,95,12,20,49,69,63,124,99,105,0" hai2="86,8,22,18,67,38,128,126,47,52,96,106,121" hai3="110,50,21,42,16,84,31,104,1,56,59,74,97"/><V33/><F121/><W114/><G1/><T25/><D46/><U53/><E0/><V80/><F128/><W19/><G84/><T118/><D118/><U83/><E131/><V61/><F33/><W35/><G74/><T87/><D87/><U54/><E124/><V6/><F38/><W92/><G35/><T134/><D23/><U130/><E130/><V101/><F126/><W3/><G3/><T111/><D134/><U51/><E105/><V14/><F67/><W116/><G116/><T57/><D57/><N who="1" m="35247" /><E69/><V10/><F10/><W135/><G104/><T90/><D90/><N who="1" m="55799" /><E83/><V39/><F39/><W127/><G127/><T58/><D58/><N who="1" m="33103" /><E20/><V81/><F86/><W115/><G135/><T78/><D107/><U100/><E12/><V66/><F47/><W120/><G120/><T123/><D123/><U94/><E94/><V132/><F132/><W62/><G115/><T9/><D78/><U85/><E85/><V73/><F73/><W108/><G114/><T30/><D77/><U5/><E5/><V48/><F66/><W91/><G62/><N who="0" m="40215" /><D72/><U43/><E100/><V75/><F75/><W98/><G98/><T117/><D117/><U71/><E71/><V133/><F133/><W60/><G60/><T112/><D112/><U76/><E76/><V29/><F61/><W82/><G82/><T15/><D15/><U79/><E79/><V4/><F29/><W36/><G31/><T55/><D55/><AGARI ba="3,1" hai="40,43,44,51,55" m="33103,55799,35247" machi="55" ten="30,2000,0" yaku="8,1,52,1" doraHai="89" who="1" fromWho="0" sc="210,-29,276,39,234,0,270,0" /><INIT seed="3,0,0,3,1,5" ten="181,315,234,270" oya="3" hai0="19,104,45,130,26,98,35,127,43,59,31,135,94" hai1="110,33,61,124,115,75,8,68,105,77,58,66,21" hai2="1,7,103,47,102,123,22,118,54,128,83,93,80" hai3="38,27,87,12,114,116,129,89,88,46,3,2,133"/><W36/><G116/><T84/><D104/><U62/><E115/><V18/><F118/><W78/><G114/><T10/><D98/><U125/><E33/><V52/><F123/><W71/><G71/><T81/><D59/><U107/><E110/><V15/><F128/><W106/><G106/><T99/><D130/><U67/><E21/><V90/><F1/><W109/><G109/><T57/><D127/><N who="1" m="48715" /><E8/><V41/><F7/><W4/><G129/><T111/><D135/><U32/><E32/><V85/><F83/><AGARI ba="0,0" hai="58,61,62,66,67,68,75,77,83,105,107" m="48715" machi="83" ten="30,1000,0" yaku="18,1" doraHai="5" who="1" fromWho="2" sc="181,0,315,10,234,-10,270,0" owari="181,-32,325,43,224,-18,270,7" /></mjloggm>