<mjloggm ver="2.3"><GO type="9"/><UN n0="%EF%BC%88%E2%89%A7%E2%96%BD%E2%89%A6%EF%BC%89" n1="%41%67%6E%65%77" n2="%4A%50%5F" n3="%4E%6F%4E%61%6D%65" dan="3,1,0,0" rate="1571,1467,1500,1500" sx="M,M,M,M"/><TAIKYOKU oya="0"/><INIT seed="0,0,0,3,4,50" ten="250,250,250,250" oya="0" hai0="44,128,64,100,48,7,31,45,110,124,59,123,67" hai1="132,51,82,116,8,86,75,84,57,126,62,12,52" hai2="36,97,10,73,90,5,41,20,114,72,134,111,4" hai3="54,0,65,46,21,91,14,16,112,56,9,33,26"/><T109/><D123/><U120/><E116/><V63/><F114/><W92/><G112/><T135/><D100/><U78/><E120/><V19/><F36/><W24/><G46/><N who="0" m="18027" /><D31/><U94/><E126/><V3/><F41/><W107/><G107/><T38/><D7/><U115/><E115/><V49/><F5/><W118/><G118/><T11/><D11/><U55/><E132/><V22/><F134/><W103/><G65/><N who="0" m="25163" /><D135/><U127/><E94/><V83/><F111/><N who="0" m="42506" /><D124/><U122/><E122/><V93/><F83/><W81/><G81/><T79/><D79/><U96/><E96/><V80/><F80/><W76/><G76/><T74/><D74/><U98/><E98/><V2/><F2/><W130/><G130/><T6/><D6/><U13/><E127/><V42/><F42/><W125/><G125/><T35/><D35/><U129/><E129/><V28/><F28/><N who="3" m="17423" /><G33/><T68/><D128/><U58/><E13/><N who="2" m="9327" /><F22/><N who="3" m="13639" /><G0/><T23/><D23/><U47/><E47/><V99/><F99/><N who="3" m="57759" /><G103/><T34/><D34/><U15/><E15/><N who="2" m="5575" /><F97/><W69/><G69/><T106/><D106/><U95/><E95/><V32/><F3/><W18/><G56/><T102/><D102/><U29/><E29/><V131/><F32/><W1/><G1/><T89/><D89/><U87/><E12/><V133/><F131/><W77/><G77/><T61/><D38/><U85/><N who="1" m="22016" /><DORA hai="60" /><U104/><E104/><V70/><F133/><W37/><G37/><T25/><D68/><U17/><E17/><V43/><F70/><W105/><G105/><T53/><D25/><U88/><E88/><RYUUKYOKU ba="0,0" sc="250,10,250,10,250,-30,250,10" hai0="48,53,59,61" hai1="8,51,52,55,57,58,62,75,78,82" hai3="9,14,18,54" /><INIT seed="0,1,0,1,0,6" ten="260,260,220,260" oya="0" hai0="117,79,60,47,36,104,53,17,131,84,15,9,66" hai1="110,90,113,63,21,61,132,133,107,20,95,48,89" hai2="59,18,51,72,77,64,105,32,111,109,85,30,33" hai3="120,56,125,97,1,70,12,54,41,29,11,114,19"/><T58/><D117/><U80/><E107/><V101/><F72/><W25/><G114/><T99/><D131/><U57/><E113/><V116/><F105/><W134/><G70/><T42/><D104/><U3/><E110/><N who="2" m="41995" /><F101/><W24/><G125/><T50/><D99/><U68/><E68/><V10/><F116/><W37/><G134/><N who="1" m="51818" /><E3/><V74/><F74/><W45/><G120/><T43/><REACH who="0" step="1"/><D36/><REACH who="0" step="2"/><U92/><E80/><AGARI ba="1,1" hai="9,15,17,42,43,47,50,53,58,60,66,79,80,84" machi="80" ten="40,12000,1" yaku="1,1,2,1,8,1,52,1,53,0" doraHai="6" doraHaiUra="91" who="0" fromWho="1" sc="250,133,260,-123,220,0,260,0" /><INIT seed="0,2,0,5,0,4" ten="383,137,220,260" oya="0" hai0="98,30,96,61,69,59,7,74,8,14,132,114,83" hai1="56,81,45,133,72,101,64,128,126,55,20,23,28" hai2="122,21,104,86,95,2,92,15,103,35,36,17,76" hai3="90,10,73,12,22,67,82,58,87,52,24,117,134"/><T47/><D114/><U48/><E128/><V66/><F2/><W110/><G110/><T57/><D132/><U119/><E133/><V16/><F122/><W51/><G134/><T29/><D69/><U3/><E119/><V18/><F36/><W39/><G39/><T116/><D116/><U60/><E126/><V34/><F66/><W111/><G111/><T70/><D70/><U19/><E3/><V46/><F104/><W130/><G130/><T80/><D47/><U68/><E101/><V11/><F21/><W71/><G73/><T0/><D0/><U78/><E28/><N who="0" m="10857" /><D74/><U65/><E19/><V75/><F75/><W53/><G71/><T97/><D59/><U123/><E65/><AGARI ba="2,0" hai="7,8,14,57,61,65,80,83,96,97,98" m="10857" machi="65" ten="30,2900,0" yaku="8,1,52,1" doraHai="4" who="0" fromWho="1" sc="383,35,137,-35,220,0,260,0" /><INIT seed="0,3,0,5,1,104" ten="418,102,220,260" oya="0" hai0="81,33,42,13,116,14,1,54,22,68,19,45,91" hai1="31,65,86,103,40,70,106,115,41,124,57,109,36" hai2="35,52,114,87,111,122,105,17,112,3,113,12,37" hai3="6,93,134,107,56,63,55,101,123,69,43,7,20"/><T32/><D116/><U128/><E109/><V48/><F37/><W50/><G134/><T92/><D68/><U15/><E128/><V2/><F105/><W94/><G123/><T26/><D1/><U61/><E124/><V127/><F122/><W51/><G107/><T131/><D131/><U46/><E115/><V98/><F127/><W53/><G69/><T60/><D81/><U135/><E135/><V5/><F111/><W28/><G43/><T18/><D60/><U125/><E125/><V110/><F110/><W77/><G77/><T47/><D54/><U9/><E41/><V88/><F98/><N who="3" m="59599" /><G94/><T99/><D47/><U72/><E31/><V27/><F35/><W59/><G63/><T108/><D108/><U62/><E72/><V71/><F71/><W24/><AGARI ba="3,0" hai="6,7,20,24,28,50,51,53,55,56,59" m="59599" machi="24" ten="30,1100,0" yaku="8,1" doraHai="104" who="3" fromWho="3" sc="418,-8,102,-6,220,-6,260,20" /><INIT seed="1,0,0,1,2,115" ten="410,96,214,280" oya="1" hai0="30,74,44,1,55,39,133,12,120,4,57,23,2" hai1="26,63,29,6,15,135,62,64,132,81,7,19,122" hai2="52,98,84,109,42,35,10,129,21,70,128,85,37" hai3="110,83,114,33,108,71,66,51,116,31,8,105,59"/><U107/><E122/><V131/><F70/><W65/><G105/><T18/><D74/><U5/><E107/><V13/><F35/><W27/><G114/><T56/><D120/><U102/><E102/><V89/><F37/><W119/><G8/><N who="0" m="4103" /><D2/><U86/><E86/><BYE who="1" /><V117/><F117/><N who="3" m="45131" /><G71/><T124/><D124/><U78/><E78/><V25/><F42/><W46/><G83/><T67/><D1/><U28/><E28/><V48/><F98/><W106/><G106/><T61/><D39/><U24/><E24/><V118/><F118/><W73/><G73/><T53/><D133/><UN n1="%41%67%6E%65%77" /><U58/><E81/><V36/><F109/><N who="3" m="42091" /><G59/><N who="0" m="37311" /><D30/><U99/><E99/><V113/><F36/><W75/><G75/><T104/><D104/><U96/><E96/><V41/><F41/><AGARI ba="0,0" hai="27,31,33,41,46,51,65,66" m="42091,45131" machi="41" ten="30,8000,1" yaku="12,1,14,1,52,3" doraHai="115" who="3" fromWho="2" sc="410,0,96,0,214,-80,280,80" /><INIT seed="2,0,0,4,2,110" ten="410,96,134,360" oya="2" hai0="67,88,46,73,33,85,75,121,48,96,35,8,11" hai1="128,47,16,97,7,65,74,1,24,105,118,10,82" hai2="34,133,3,9,22,129,55,38,119,25,23,109,124" hai3="130,40,53,15,76,36,63,122,127,32,12,123,113"/><V54/><F119/><W27/><G76/><T116/><D116/><U132/><E118/><V18/><F109/><W29/><G127/><T68/><D121/><U60/><E128/><V52/><F124/><W93/><G130/><T90/><D35/><U59/><E132/><V91/><F129/><W42/><G93/><N who="0" m="56375" /><D33/><U117/><E117/><V28/><F133/><W5/><G122/><T70/><D70/><U56/><E47/><V0/><F38/><W41/><G123/><T111/><D111/><U81/><E74/><V78/><F78/><W80/><G36/><T108/><D108/><U17/><E59/><V100/><F100/><W112/><G80/><N who="0" m="49191" /><D75/><U58/><E58/><V135/><F135/><W134/><G134/><T37/><D37/><U13/><E97/><V30/><F30/><W4/><G53/><N who="0" m="29847" /><D68/><U20/><REACH who="1" step="1"/><E105/><REACH who="1" step="2"/><V72/><F72/><W6/><REACH who="3" step="1"/><G63/><REACH who="3" step="2"/><T57/><D73/><U51/><E51/><V94/><F34/><W69/><G69/><T131/><D131/><U107/><E107/><V126/><F126/><W66/><G66/><T92/><D92/><U19/><E19/><V31/><F94/><W44/><G44/><T14/><D67/><U2/><E2/><V104/><F3/><W45/><G45/><T26/><D57/><U89/><E89/><V98/><F0/><W115/><AGARI ba="0,2" hai="4,5,6,12,15,27,29,32,40,41,42,112,113,115" machi="115" ten="40,16000,3" yaku="1,1,0,1,29,2,11,1,52,3,53,0" doraHai="110" doraHaiUra="101" who="3" fromWho="3" sc="410,-40,86,-40,134,-80,350,180" /><INIT seed="3,0,0,1,2,100" ten="370,46,54,530" oya="3" hai0="4,130,57,26,12,70,98,34,84,67,86,42,18" hai1="32,40,123,46,28,81,72,114,6,112,17,71,56" hai2="82,132,36,48,1,127,21,128,47,87,44,111,109" hai3="49,45,107,134,116,11,64,62,105,131,19,89,58"/><W110/><G116/><T108/><D108/><N who="2" m="41546" /><F1/><W103/><G110/><T51/><D130/><U53/><E123/><V59/><F21/><W39/><G131/><T104/><D4/><U73/><E71/><V126/><F128/><W55/><G134/><T124/><D124/><N who="2" m="47658" /><F132/><W69/><G89/><T60/><D57/><U95/><E6/><V30/><F30/><W5/><G19/><T91/><D51/><U79/><E73/><V14/><F87/><W23/><G103/><N who="0" m="62583" /><D42/><U16/><E95/><V43/><F14/><W9/><G23/><N who="0" m="11719" /><D91/><U93/><E93/><V83/><F82/><W94/><G94/><T38/><D38/><U85/><E72/><V8/><F8/><N who="3" m="3147" /><G5/><T13/><D13/><U80/><E80/><V120/><F83/><W41/><AGARI ba="0,0" hai="39,41,45,49,55,58,62,64,69,105,107" m="3147" machi="41" ten="30,6000,0" yaku="24,1,52,2" doraHai="100" who="3" fromWho="3" sc="370,-20,46,-20,54,-20,530,60" /><INIT seed="3,1,0,4,3,86" ten="350,26,34,590" oya="3" hai0="103,78,40,34,130,57,81,42,124,6,46,101,71" hai1="32,54,70,85,118,30,44,33,109,90,8,60,59" hai2="51,1,17,56,67,107,121,117,122,113,73,72,123" hai3="135,50,18,91,22,114,31,28,14,125,131,66,0"/><W105/><G105/><T58/><D71/><U38/><E109/><V75/><F56/><W92/><G114/><T95/><D34/><U48/><E118/><V82/><F67/><W93/><G0/><T47/><D130/><U80/><E8/><V96/><F1/><W129/><G66/><T65/><D124/><U126/><E30/><N who="3" m="11306" /><G125/><T127/><D127/><U45/><E126/><V100/><F117/><W74/><G74/><T53/><D6/><U25/><E25/><V5/><F113/><W112/><G112/><T87/><D65/><N who="1" m="41255" /><E45/><V108/><F51/><W52/><G135/><T99/><D103/><U11/><E11/><V84/><F5/><W62/><G62/><T116/><D116/><U88/><E90/><N who="2" m="51479" /><F17/><W41/><G41/><AGARI ba="1,0" hai="32,33,38,41,44,48,54,59,80,85,88" m="41255" machi="41" ten="30,3900,0" yaku="24,1,52,1,54,1" doraHai="86" who="1" fromWho="3" sc="350,0,26,42,34,0,590,-42" /><INIT seed="4,0,0,3,5,50" ten="350,68,34,548" oya="0" hai0="38,33,84,110,100,47,14,119,13,64,128,97,109" hai1="91,61,126,135,121,2,36,55,23,131,82,48,71" hai2="32,49,95,123,81,29,1,25,63,83,17,31,68" hai3="59,35,105,15,85,6,3,108,75,45,122,37,10"/><T70/><D119/><U101/><BYE who="2" /><E121/><V106/><F106/><W124/><G108/><N who="0" m="41579" /><D33/><U34/><E36/><V4/><F4/><W99/><G124/><T107/><D128/><U21/><E34/><V66/><F66/><W132/><G132/><T0/><D0/><U56/><E131/><V43/><F43/><W94/><G122/><T98/><D98/><U72/><E126/><V117/><F117/><W79/><G35/><T53/><D84/><U102/><E135/><V103/><F103/><N who="3" m="62719" /><G15/><N who="0" m="5643" /><D38/><U78/><E2/><V54/><F54/><W130/><G59/><T77/><D77/><U51/><E91/><V88/><F88/><W30/><G30/><T57/><D47/><U80/><E80/><V111/><F111/><W120/><G94/><T90/><D90/><U44/><E51/><V67/><F67/><W74/><G85/><T58/><D53/><U89/><E89/><V24/><F24/><W27/><G27/><T76/><D76/><U134/><E71/><V18/><F18/><W118/><G120/><T16/><D16/><U46/><E134/><V127/><F127/><W69/><G130/><T22/><D22/><N who="1" m="8203" /><E44/><V104/><F104/><W39/><G118/><T93/><D107/><U133/><E133/><V73/><F73/><N who="3" m="27659" /><G79/><T5/><D5/><U41/><E72/><V115/><F115/><W92/><G92/><T112/><D112/><U20/><N who="1" m="8211" /><U7/><DORA hai="26" /><E7/><V11/><F11/><W65/><G45/><T125/><D125/><U86/><AGARI ba="0,0" hai="41,46,48,55,56,61,78,82,86,101,102" m="8211" machi="86" ten="30,2000,0" yaku="8,1,52,1" doraHai="50,26" who="1" fromWho="1" sc="350,-10,68,20,34,-5,548,-5" /><INIT seed="5,0,0,0,0,111" ten="340,88,29,543" oya="1" hai0="11,25,120,38,72,29,114,96,37,116,63,76,130" hai1="102,103,69,35,113,68,88,112,66,75,93,56,125" hai2="44,57,124,87,60,4,8,123,91,121,98,5,110" hai3="89,71,135,40,28,41,64,117,119,67,55,26,1"/><U126/><E75/><V101/><F101/><N who="1" m="38409" /><E35/><V104/><F104/><W127/><G1/><T82/><D116/><N who="3" m="44617" /><G89/><T2/><D120/><U53/><E66/><N who="3" m="25130" /><G71/><N who="1" m="27210" /><E56/><V24/><F24/><W20/><G127/><T54/><D130/><U7/><E53/><V85/><F85/><W95/><G135/><T19/><D114/><N who="1" m="44139" /><E7/><V45/><F45/><W59/><G95/><T6/><D19/><U118/><E118/><V134/><F134/><W32/><G32/><T23/><REACH who="0" step="1"/><D96/><AGARI ba="0,0" hai="88,93,96,125,126" m="44139,27210,38409" machi="96" ten="40,12000,1" yaku="15,1,52,3,54,1" doraHai="111" who="1" fromWho="0" sc="340,-120,88,120,29,0,543,0" /><INIT seed="5,1,0,4,0,42" ten="220,208,29,543" oya="1" hai0="107,33,128,98,44,119,99,56,118,1,43,55,53" hai1="88,101,49,71,125,9,38,131,82,24,115,52,69" hai2="62,114,12,41,100,110,86,57,30,28,6,75,111" hai3="93,32,102,84,16,18,17,83,124,15,59,65,51"/><U106/><E115/><V130/><F130/><W80/><G32/><T39/><D128/><U36/><E131/><V66/><F66/><W54/><G124/><T40/><D33/><U10/><E125/><V48/><F48/><W8/><G65/><T94/><D1/><U108/><E108/><V116/><F116/><N who="0" m="44586" /><D94/><U70/><E24/><V95/><F95/><W21/><G102/><T105/><D56/><U87/><E106/><N who="0" m="40457" /><D44/><U135/><E101/><V97/><F97/><N who="0" m="36874" /><D39/><U20/><E135/><V96/><F96/><W132/><G132/><T89/><D89/><U113/><E20/><V61/><F61/><W29/><G29/><T58/><D58/><U85/><E85/><V23/><F23/><W72/><G72/><T5/><D5/><U31/><E113/><V117/><F117/><W134/><G134/><T63/><D63/><U129/><E129/><V37/><F37/><W92/><G80/><T34/><D34/><U25/><E38/><V120/><F120/><W50/><G93/><T27/><D27/><U104/><E104/><V112/><F112/><W19/><G92/><T4/><D4/><U74/><E74/><V0/><F0/><W47/><G47/><T76/><D76/><U14/><E36/><V123/><F123/><W77/><G77/><T11/><D11/><U73/><E73/><V45/><F45/><W35/><G35/><T79/><D79/><U133/><E14/><V122/><F122/><W90/><REACH who="3" step="1"/><G8/><REACH who="3" step="2"/><T22/><D22/><N who="1" m="15799" /><E133/><V64/><F64/><W3/><G3/><T68/><D68/><U81/><E81/><V109/><F109/><RYUUKYOKU ba="1,1" sc="220,10,208,10,29,-30,533,10" hai0="40,43,53,55" hai1="9,10,49,52,69,70,71,82,87,88" hai3="15,16,17,18,19,21,50,51,54,59,83,84,90" owari="230,3,218,-18,-1,-50,553,65" /></mjloggm>