<mjloggm ver="2.3"><GO type="169"/><UN n0="%EF%BC%88%E2%89%A7%E2%96%BD%E2%89%A6%EF%BC%89" n1="%E3%81%B9%E3%81%A3%E3%81%93%E3%83%BC%E2%99%AA" n2="%E6%AD%A6%E5%A3%AB%E6%B2%A2%E7%A7%80%E8%A1%8C" n3="%E5%8F%AF%E7%87%83%E6%80%A7%E9%AB%98%E5%9C%A7%E3%82%AC%E3%82%B9" dan="18,17,16,16" rate="2255,2184,2127,2079" sx="M,F,M,M"/><TAIKYOKU oya="0"/><INIT seed="0,0,0,5,0,100" ten="250,250,250,250" oya="0" hai0="25,131,133,24,52,36,99,28,76,71,11,7,16" hai1="45,40,18,46,58,12,13,126,56,35,65,134,1" hai2="103,5,41,38,75,33,43,122,88,66,62,110,64" hai3="124,80,67,93,85,72,86,116,69,123,51,68,27"/><T17/><D17/><U94/><BYE who="0" /><E1/><V109/><F75/><W3/><G3/><T4/><D4/><U39/><E35/><V111/><F33/><W112/><G112/><T6/><D6/><U63/><E134/><V14/><F103/><W8/><G116/><T87/><D87/><U9/><E126/><V106/><F106/><W50/><G72/><T108/><D108/><U60/><E46/><N who="2" m="23863" /><F14/><W120/><G8/><T34/><D34/><U53/><E13/><V118/><F5/><W135/><G27/><T104/><D104/><U59/><E94/><V42/><F88/><W128/><G67/><N who="2" m="25641" /><F122/><W83/><G93/><T30/><D30/><U89/><E89/><V61/><F118/><W119/><G119/><T129/><D129/><U114/><E114/><V91/><F91/><W55/><G128/><T23/><D23/><U47/><E47/><V49/><F49/><W96/><G96/><T78/><D78/><U57/><AGARI ba="0,0" hai="9,12,18,39,40,45,53,56,57,58,59,60,63,65" machi="57" ten="20,1500,0" yaku="0,1,7,1" doraHai="100" who="1" fromWho="1" sc="250,-7,250,15,250,-4,250,-4" /><INIT seed="1,0,0,0,0,119" ten="243,265,246,246" oya="1" hai0="112,32,47,8,90,110,20,99,65,55,51,56,41" hai1="107,2,29,35,61,106,79,52,25,62,84,91,73" hai2="95,64,93,72,120,13,44,121,80,118,4,48,53" hai3="94,87,40,85,101,83,98,117,132,16,10,75,31"/><U123/><E123/><V6/><F118/><W116/><G132/><T77/><D77/><U100/><E2/><V130/><F130/><W7/><G31/><T19/><D19/><U74/><E79/><V76/><F64/><W14/><G75/><UN n0="%EF%BC%88%E2%89%A7%E2%96%BD%E2%89%A6%EF%BC%89" /><T33/><D112/><U57/><E62/><V11/><REACH who="2" step="1"/><F6/><REACH who="2" ten="243,265,236,246" step="2"/><W113/><G113/><T111/><D65/><U69/><E69/><V92/><AGARI ba="0,1" hai="4,11,13,44,48,53,72,76,80,92,93,95,120,121" machi="92" ten="30,16000,3" yaku="1,1,2,1,0,1,52,2,53,3" doraHai="119" doraHaiUra="89" who="2" fromWho="2" sc="243,-40,265,-80,236,170,246,-40" /><INIT seed="2,0,0,4,5,100" ten="203,185,406,206" oya="2" hai0="56,86,1,65,36,46,93,43,42,41,35,53,125" hai1="19,54,95,116,32,29,62,130,52,26,60,55,131" hai2="59,118,47,72,23,67,70,69,34,112,124,98,76" hai3="39,2,114,79,22,102,7,31,14,37,74,28,15"/><V97/><F112/><W126/><G114/><T16/><D1/><U68/><E116/><V111/><F118/><W104/><G2/><T45/><D35/><U49/><E19/><V18/><F111/><W134/><G134/><T121/><D121/><U129/><E68/><V63/><F34/><W103/><G126/><T122/><D122/><U90/><REACH who="1" step="1"/><E49/><REACH who="1" ten="203,175,406,206" step="2"/><V81/><F124/><W61/><G39/><T58/><D125/><U106/><E106/><V38/><F70/><W44/><G7/><T82/><D36/><U127/><E127/><V105/><F69/><W57/><G104/><T11/><D16/><U107/><E107/><V66/><F105/><W9/><G37/><T33/><D11/><U24/><E24/><V117/><F117/><W85/><G9/><T8/><D8/><U135/><E135/><V21/><F18/><W133/><G133/><T77/><D33/><U101/><E101/><V91/><F38/><W110/><G103/><T64/><D93/><U115/><E115/><V128/><F23/><W132/><G102/><T99/><D64/><U75/><E75/><V88/><F67/><W25/><G74/><T92/><D65/><U120/><E120/><V109/><F21/><W4/><G4/><T5/><D5/><U78/><E78/><V40/><F76/><W119/><G132/><T108/><D77/><U13/><E13/><V96/><F72/><W123/><G123/><T12/><D92/><U87/><AGARI ba="0,1" hai="26,29,32,52,54,55,60,62,87,90,95,129,130,131" machi="87" ten="40,8000,1" yaku="1,1,0,1,19,1,54,1,53,0" doraHai="100" doraHaiUra="10" who="1" fromWho="1" sc="203,-20,175,90,406,-40,206,-20" /><INIT seed="3,0,0,5,2,100" ten="183,265,366,186" oya="3" hai0="29,96,1,40,48,71,81,128,65,66,116,109,99" hai1="43,35,83,62,58,20,21,64,117,18,7,105,122" hai2="126,134,61,79,5,131,95,41,33,6,80,34,121" hai3="76,110,27,70,9,38,10,57,28,74,107,8,92"/><W88/><G70/><T54/><D1/><U102/><E122/><V14/><F121/><W119/><G119/><T127/><D116/><U60/><E35/><V124/><F134/><W82/><G38/><T135/><D135/><U84/><E117/><V15/><F131/><W13/><G110/><T37/><D37/><U53/><E43/><V86/><F41/><W123/><G123/><T30/><D40/><U72/><E72/><V89/><F61/><W69/><G69/><T11/><D128/><U73/><E7/><N who="2" m="2571" /><F34/><W115/><G115/><T44/><D127/><N who="2" m="48682" /><F33/><W75/><G75/><AGARI ba="0,0" hai="14,15,75,79,80,86,89,95" m="48682,2571" machi="75" ten="30,1000,0" yaku="18,1" doraHai="100" who="2" fromWho="3" sc="183,0,265,0,366,10,186,-10" /><INIT seed="4,0,0,2,4,36" ten="183,265,376,176" oya="0" hai0="47,96,98,15,132,71,84,42,120,130,39,20,66" hai1="97,65,106,18,58,122,103,1,90,114,29,125,10" hai2="64,75,118,101,23,41,60,27,107,131,93,95,124" hai3="67,3,21,54,135,110,74,52,77,86,55,63,116"/><T100/><D120/><U43/><E122/><V22/><F118/><W7/><G116/><T85/><D132/><U82/><E125/><V62/><F131/><W5/><G110/><T80/><D130/><U108/><E29/><V128/><F128/><W88/><G135/><T123/><D123/><U28/><E28/><V81/><F124/><W89/><G74/><T26/><D15/><U76/><E108/><V68/><F60/><W112/><G112/><T51/><D39/><U127/><E90/><N who="3" m="34922" /><G3/><T53/><D84/><U32/><E32/><V12/><F12/><W121/><G121/><T33/><D33/><U34/><E34/><V35/><F81/><N who="3" m="47407" /><G21/><T105/><D98/><U83/><E114/><V57/><F75/><W31/><G31/><T109/><D109/><U133/><E76/><V79/><F79/><W6/><G6/><T16/><D85/><U30/><E30/><V94/><F35/><W69/><G69/><T91/><D91/><U4/><E127/><V87/><F68/><W59/><AGARI ba="0,0" hai="5,7,52,54,55,59,63,67" m="47407,34922" machi="59" ten="30,4000,0" yaku="8,1,54,2" doraHai="36" who="3" fromWho="3" sc="183,-20,265,-10,376,-10,176,40" /><INIT seed="5,0,0,3,3,12" ten="163,255,366,216" oya="1" hai0="95,4,20,70,1,93,44,57,43,55,80,60,6" hai1="36,41,64,13,85,131,83,98,45,7,22,67,40" hai2="109,115,53,113,99,133,117,18,23,100,15,34,24" hai3="126,17,51,125,88,0,123,29,76,108,132,105,42"/><U120/><E120/><V56/><F117/><W14/><G123/><T124/><D124/><N who="3" m="47721" /><G108/><T84/><D70/><U75/><E131/><V118/><F118/><W116/><G116/><T78/><D20/><U59/><E75/><V50/><F109/><W37/><G0/><T27/><D27/><U66/><E41/><V5/><F133/><W52/><G132/><T28/><D28/><U86/><E98/><V35/><F5/><W73/><G105/><T68/><D68/><U97/><E97/><V25/><F25/><W30/><G42/><T16/><D1/><U90/><E85/><V82/><F82/><N who="3" m="45327" /><G88/><T94/><REACH who="0" step="1"/><D16/><REACH who="0" ten="153,255,366,216" step="2"/><U2/><E2/><V19/><F19/><W135/><G135/><T54/><D54/><U21/><E21/><V119/><F119/><W127/><G37/><AGARI ba="0,1" hai="4,6,37,43,44,55,57,60,78,80,84,93,94,95" machi="37" ten="40,2600,0" yaku="1,1,53,1" doraHai="12" doraHaiUra="49" who="0" fromWho="3" sc="153,36,255,0,366,0,216,-26" /><INIT seed="6,0,0,5,4,20" ten="189,255,366,190" oya="2" hai0="16,78,134,111,19,37,67,109,45,86,112,83,101" hai1="48,96,100,132,133,91,44,15,116,63,104,23,6" hai2="40,35,50,66,3,119,126,89,13,122,131,27,65" hai3="30,47,107,113,129,125,42,26,68,106,128,8,36"/><V31/><F122/><W71/><G8/><T5/><D134/><N who="1" m="51819" /><E116/><V121/><F119/><W28/><G28/><T80/><D112/><U92/><E63/><V110/><F121/><W102/><G113/><T69/><D109/><U25/><E15/><V77/><F3/><W76/><G76/><T87/><D111/><U61/><E61/><V103/><F110/><W88/><G88/><N who="0" m="51271" /><D69/><N who="3" m="26697" /><G125/><T127/><D37/><U34/><E6/><V0/><F126/><W2/><G2/><T108/><D67/><U57/><E57/><V73/><F0/><W52/><G52/><T124/><D108/><U75/><E75/><V79/><F73/><W94/><G94/><T46/><D127/><U105/><E34/><V4/><F35/><N who="3" m="20951" /><G102/><T135/><D135/><U130/><E130/><AGARI ba="0,0" hai="36,42,47,106,107,128,129,130" m="20951,26697" machi="130" ten="30,3900,0" yaku="19,1,23,1,52,1" doraHai="20" who="3" fromWho="1" sc="189,0,255,-39,366,0,190,39" /><INIT seed="7,0,0,1,3,95" ten="189,216,366,229" oya="3" hai0="5,119,76,102,4,112,64,124,23,36,92,61,114" hai1="14,113,59,109,97,121,110,8,104,28,25,0,99" hai2="57,22,16,50,131,126,3,72,108,44,54,100,34" hai3="71,20,31,7,88,87,39,62,51,134,94,86,111"/><W49/><G39/><T91/><D119/><U53/><E0/><V48/><F108/><W80/><G111/><T11/><D36/><U103/><E121/><V84/><F131/><W107/><G107/><T2/><D124/><U122/><E122/><V24/><F126/><W93/><G134/><T58/><D76/><U69/><E69/><V13/><F72/><W129/><G129/><T123/><D123/><U30/><E113/><N who="0" m="43625" /><D5/><U105/><E30/><V116/><F116/><W82/><G7/><T77/><D77/><U96/><E105/><V18/><F3/><W75/><G75/><T81/><D23/><U90/><E90/><V19/><F100/><W63/><G71/><T65/><D81/><U78/><E78/><V67/><F34/><W101/><G101/><T1/><D102/><U46/><E46/><V133/><F133/><W132/><G132/><T117/><D117/><U29/><E29/><V74/><F74/><W37/><G37/><T12/><D64/><U60/><E109/><V127/><F127/><W21/><G31/><T66/><D65/><U130/><E130/><V128/><F128/><W32/><G32/><T38/><D38/><U79/><E79/><V6/><F67/><W35/><G35/><T15/><D1/><U89/><E89/><AGARI ba="0,0" hai="20,21,49,51,62,63,80,82,86,87,88,89,93,94" machi="89" ten="25,9600,0" yaku="22,2,8,1,54,1" doraHai="95" who="3" fromWho="1" sc="189,0,216,-96,366,0,229,96" /><INIT seed="7,1,0,4,2,19" ten="189,120,366,325" oya="3" hai0="3,20,71,115,15,117,92,101,35,106,104,97,29" hai1="84,50,4,75,39,88,8,113,120,22,80,58,107" hai2="78,30,43,112,5,17,7,1,18,14,49,48,11" hai3="54,109,32,6,70,42,100,81,82,60,34,28,31"/><W83/><G42/><T67/><D3/><U121/><E39/><V21/><F112/><W98/><G6/><N who="2" m="2057" /><F1/><W89/><G109/><T47/><D117/><U72/><E113/><V108/><F108/><W53/><G89/><T13/><D104/><U124/><E107/><V99/><F78/><W87/><G87/><T45/><D92/><U122/><E124/><V10/><F30/><W90/><G90/><T96/><D96/><U62/><E50/><N who="2" m="19563" /><F43/><W25/><G31/><T55/><D55/><U111/><E111/><V68/><F68/><W66/><REACH who="3" step="1"/><G34/><REACH who="3" ten="189,120,366,315" step="2"/><T85/><D85/><U46/><E46/><V129/><F129/><W65/><G65/><T74/><D35/><U116/><E116/><V134/><F134/><W33/><G33/><T114/><D114/><U105/><E105/><AGARI ba="1,1" hai="25,28,32,53,54,60,66,70,81,82,83,98,100,105" machi="105" ten="40,7700,0" yaku="1,1,25,2,53,0" doraHai="19" doraHaiUra="40" who="3" fromWho="1" sc="189,0,120,-80,366,0,315,90" owari="189,-21.0,40,-46.0,366,17.0,405,50.0" /></mjloggm>