<mjloggm ver="2.3"><GO type="41"/><UN n0="%41%70%70%6C%65%2A" n1="%E3%82%A6%E3%83%AB%E3%83%88%E3%83%A9%E7%AB%8B%E7%9B%B4" n2="%6B%32%33%6F%31%31" n3="%E3%82%AF%E3%83%89" dan="16,15,13,13" rate="2035,1960,1848,1864" sx="M,M,M,M"/><TAIKYOKU oya="0"/><INIT seed="0,0,0,3,2,7" ten="250,250,250,250" oya="0" hai0="38,75,126,100,13,34,79,135,68,72,42,58,112" hai1="91,49,120,23,54,45,109,71,43,129,130,97,102" hai2="121,122,41,31,82,114,87,4,28,105,40,55,30" hai3="117,110,90,1,115,84,83,12,99,60,67,10,47"/><T93/><D112/><U57/><E120/><V15/><F114/><W27/><G115/><T44/><D68/><U6/><E91/><V63/><F105/><W113/><G113/><T3/><D34/><U119/><E23/><V124/><F124/><W37/><G1/><T77/><D126/><U96/><E96/><V125/><F125/><W111/><G117/><T76/><D3/><U131/><E71/><V118/><F118/><W108/><G27/><T14/><D135/><U16/><E119/><V133/><F133/><W39/><G47/><T81/><D77/><U94/><E6/><V25/><F25/><W92/><G67/><T59/><D59/><U85/><E85/><V78/><F122/><W62/><G60/><T19/><D58/><U32/><E32/><V24/><F121/><W64/><G62/><T69/><D69/><U21/><E109/><V134/><F134/><W127/><G64/><T132/><D132/><U50/><E21/><V26/><F26/><W107/><G107/><T20/><D14/><U95/><E95/><V116/><F116/><W52/><G52/><T56/><D56/><U123/><E123/><V8/><F24/><W89/><G127/><T48/><D38/><U11/><E16/><AGARI ba="0,0" hai="10,12,16,37,39,83,84,89,90,92,99,108,110,111" machi="16" ten="40,5200,0" yaku="14,1,52,1,54,1" doraHai="7" who="3" fromWho="1" sc="250,0,250,-52,250,0,250,52" /><INIT seed="1,0,0,4,0,119" ten="250,198,250,302" oya="1" hai0="102,87,17,107,51,97,106,132,7,127,44,92,31" hai1="55,109,78,101,8,62,100,110,125,94,1,81,59" hai2="24,91,52,115,43,35,15,69,124,98,105,2,11" hai3="45,50,71,99,38,60,40,95,6,120,13,89,83"/><U37/><E37/><V80/><F115/><W34/><G34/><T12/><D31/><U68/><E68/><V22/><F124/><W96/><G120/><T84/><D127/><U117/><E117/><V123/><F123/><W63/><G71/><T57/><D7/><U18/><E125/><V66/><F43/><W67/><G67/><T103/><D132/><U76/><E76/><V25/><F25/><W36/><G36/><T3/><D57/><U47/><E47/><V23/><F23/><W113/><G113/><T42/><D3/><U116/><E116/><V9/><F35/><W54/><G99/><T16/><D17/><U53/><E53/><V14/><F2/><W129/><G83/><T20/><D92/><U19/><E94/><V93/><F105/><W73/><G73/><T29/><D29/><U4/><E18/><V30/><F80/><W49/><G129/><T104/><D104/><U27/><E19/><V133/><F133/><W118/><G118/><T86/><D86/><U72/><REACH who="1" step="1"/><E27/><REACH who="1" ten="250,188,250,302" step="2"/><V5/><F69/><W74/><G38/><T41/><D41/><U77/><E77/><V82/><F66/><W126/><G126/><T39/><D39/><U90/><E90/><V79/><F79/><W33/><G45/><T112/><D112/><U65/><E65/><V122/><F82/><W108/><G95/><T114/><D114/><U0/><E0/><V26/><F26/><W58/><G89/><T75/><D106/><U21/><E21/><V56/><F122/><W70/><G70/><T32/><D107/><U61/><E61/><V64/><F64/><RYUUKYOKU ba="0,1" sc="250,-10,188,30,250,-10,302,-10" hai1="1,4,8,55,59,62,72,78,81,100,101,109,110" /><INIT seed="1,1,1,2,3,127" ten="240,218,240,292" oya="1" hai0="13,67,82,74,93,134,0,128,126,54,45,72,18" hai1="98,52,132,91,26,43,99,78,97,61,31,77,22" hai2="32,118,119,33,86,89,56,27,48,35,57,53,79" hai3="129,110,8,39,44,133,124,111,65,49,60,30,14"/><U20/><E43/><V92/><F79/><W115/><G30/><T102/><D0/><U4/><E132/><V34/><N who="2" m="8192" /><DORA hai="9" /><V64/><F27/><W75/><G75/><T51/><D67/><U24/><E4/><V125/><F125/><W68/><G124/><T108/><D126/><U1/><E1/><V80/><F80/><W120/><G120/><T73/><D134/><U23/><E91/><V116/><REACH who="2" step="1"/><F64/><REACH who="2" ten="240,218,230,292" step="2"/><W28/><G133/><T47/><D82/><U6/><E77/><V84/><F84/><W29/><G65/><T131/><D108/><U113/><E78/><V90/><F90/><W63/><G111/><T104/><D74/><U76/><E76/><V62/><F62/><W36/><G110/><T59/><D73/><U17/><E26/><V100/><F100/><W21/><G63/><T135/><D72/><U117/><E61/><V103/><F103/><W11/><G60/><T7/><D135/><U95/><E24/><V42/><F42/><W83/><G83/><T5/><D102/><U114/><E97/><V69/><F69/><W50/><G68/><T81/><D81/><U105/><E98/><V40/><F40/><W101/><G101/><T55/><D104/><U71/><E99/><V107/><F107/><W130/><G28/><T88/><D88/><U106/><E31/><V87/><F87/><W16/><G29/><T37/><D93/><U66/><E106/><V2/><F2/><W58/><G14/><T123/><D13/><U70/><E105/><V19/><F19/><W112/><G16/><T25/><D18/><U121/><E17/><RYUUKYOKU ba="1,2" sc="240,-10,218,-10,230,30,292,-10" hai2="48,53,56,57,86,89,92,116,118,119" /><INIT seed="2,2,2,0,5,44" ten="230,208,260,282" oya="2" hai0="94,57,37,122,33,13,12,24,65,107,16,112,77" hai1="78,76,23,73,8,130,88,21,82,50,99,31,29" hai2="62,69,109,113,79,111,118,56,19,47,116,27,46" hai3="102,64,42,105,49,32,85,114,103,72,20,71,80"/><V70/><F19/><W104/><G32/><T117/><D107/><U119/><E119/><N who="2" m="45611" /><F27/><W39/><G39/><T9/><D117/><U34/><E34/><V35/><F79/><N who="1" m="30249" /><E73/><V97/><F97/><W3/><G3/><T125/><D37/><U127/><E8/><V129/><F35/><W132/><G72/><T5/><D122/><U11/><E11/><V18/><F18/><W58/><G114/><T123/><D112/><U10/><E10/><V28/><F28/><N who="1" m="10825" /><E127/><V108/><F113/><W15/><G20/><N who="0" m="13319" /><D125/><U0/><E0/><V95/><F95/><W30/><G30/><T36/><D36/><U126/><E126/><V115/><F129/><W90/><G15/><N who="0" m="5551" /><D123/><U55/><E130/><V135/><F135/><W66/><G132/><T38/><D38/><U110/><E110/><N who="2" m="28163" /><V4/><DORA hai="98" /><F4/><W61/><G105/><T81/><D94/><N who="1" m="56775" /><E82/><V96/><F96/><W40/><G104/><T89/><D33/><U120/><E120/><V63/><F115/><W68/><G80/><T92/><D77/><U87/><E87/><V83/><F83/><W131/><G85/><N who="0" m="52271" /><D81/><U17/><E17/><V26/><F26/><W100/><G131/><T84/><D84/><U51/><E23/><V91/><F91/><W45/><G90/><T128/><D128/><U53/><E21/><V60/><F56/><W41/><G58/><T54/><D13/><U14/><E14/><V101/><F101/><W48/><G103/><T25/><D12/><U121/><E121/><V106/><F106/><W1/><G102/><T7/><D25/><U134/><E134/><V133/><F133/><RYUUKYOKU ba="2,2" sc="230,-15,208,15,260,15,282,-15" hai1="50,51,53,55" hai2="46,47,60,62,63,69,70" /><INIT seed="2,3,2,4,5,14" ten="215,223,275,267" oya="2" hai0="49,21,114,34,120,86,39,54,87,71,57,72,19" hai1="12,33,95,58,131,42,105,5,15,106,18,101,108" hai2="22,8,31,115,132,29,2,36,74,11,52,135,123" hai3="45,97,117,103,0,85,133,92,27,16,98,53,40"/><V7/><F36/><W35/><G0/><T119/><D120/><U122/><E33/><V37/><F37/><W77/><G117/><T32/><D114/><U113/><E113/><V81/><F81/><W64/><G35/><T126/><D72/><U50/><E122/><V88/><F88/><W20/><G133/><N who="2" m="51273" /><F74/><W70/><G70/><T17/><D39/><U1/><E105/><V107/><F107/><W110/><G110/><T125/><D71/><U82/><E108/><V13/><F52/><W46/><G64/><T25/><D19/><U66/><E106/><V47/><F47/><W127/><G127/><N who="0" m="48651" /><D119/><U48/><E48/><V28/><F123/><W61/><G98/><T4/><D4/><U62/><E50/><V80/><F80/><N who="3" m="47247" /><G40/><T93/><D87/><U100/><E42/><V116/><F116/><W24/><G24/><T111/><D111/><U38/><E38/><V83/><F83/><W90/><G103/><T130/><D130/><U6/><E131/><V3/><F115/><W99/><G99/><T128/><D128/><U51/><E82/><V94/><F94/><W65/><G65/><T75/><D75/><U79/><E95/><V59/><F59/><AGARI ba="3,2" hai="16,20,27,45,46,53,59,61,90,92,97" m="47247" machi="59" ten="30,7700,0" yaku="25,1,8,1,52,1,54,1" doraHai="14" who="3" fromWho="2" sc="215,0,223,0,275,-86,267,106" /><INIT seed="3,0,0,1,0,66" ten="215,223,189,373" oya="3" hai0="125,91,39,3,60,13,99,7,132,81,95,29,129" hai1="120,44,90,87,117,62,111,46,134,118,110,83,68" hai2="131,25,73,104,12,23,64,126,84,42,36,59,56" hai3="133,86,16,32,106,49,19,112,102,22,40,97,108"/><W100/><G32/><T11/><D132/><U45/><E134/><V47/><F131/><W63/><G133/><T109/><D129/><U67/><REACH who="1" step="1"/><E120/><REACH who="1" ten="215,213,189,373" step="2"/><V61/><F126/><W127/><G127/><T51/><D125/><U123/><E123/><V18/><F104/><W35/><G106/><T124/><D124/><U26/><E26/><V30/><F73/><W85/><G112/><T50/><D109/><AGARI ba="0,1" hai="44,45,46,62,67,68,83,87,90,109,110,111,117,118" machi="109" ten="40,5200,0" yaku="1,1,14,1,52,1,53,0" doraHai="66" doraHaiUra="72" who="1" fromWho="0" sc="215,-52,213,62,189,0,373,0" /><INIT seed="4,0,0,0,4,26" ten="163,275,189,373" oya="0" hai0="52,88,127,59,75,123,79,33,115,94,34,97,95" hai1="41,23,22,35,8,48,6,32,128,49,131,55,121" hai2="54,45,76,39,17,38,58,64,116,119,92,21,101" hai3="118,80,3,18,77,60,103,37,113,12,27,122,108"/><T78/><D123/><U82/><E41/><V134/><F134/><W135/><G122/><T91/><D127/><U98/><E98/><V124/><F124/><W9/><G135/><T106/><D106/><U53/><E121/><V109/><F109/><W74/><G108/><T89/><D115/><U93/><E93/><V5/><F5/><W50/><G37/><T133/><D133/><U87/><E87/><V61/><F76/><W57/><G113/><T46/><D46/><U68/><E8/><V129/><F129/><W112/><G112/><T1/><D1/><U47/><E6/><V51/><F119/><W2/><G118/><T110/><D110/><U81/><E47/><V4/><F4/><W19/><G103/><T130/><D130/><U111/><E111/><V83/><F83/><W44/><G19/><T132/><D132/><U85/><E85/><V31/><F31/><W16/><G18/><T100/><D95/><U24/><E24/><V7/><F116/><W104/><G27/><T56/><D56/><U66/><E66/><V84/><F7/><W102/><G104/><T114/><D114/><U90/><E90/><V120/><F120/><W107/><G102/><T72/><D79/><U20/><E20/><V71/><F101/><W30/><G30/><T28/><D28/><U70/><AGARI ba="0,0" hai="22,23,32,35,48,49,53,55,68,70,81,82,128,131" machi="70" ten="25,3200,0" yaku="0,1,22,2" doraHai="26" who="1" fromWho="1" sc="163,-16,275,32,189,-8,373,-8" /><INIT seed="5,0,0,4,3,116" ten="147,307,181,365" oya="1" hai0="107,18,32,56,11,119,58,69,73,82,8,52,33" hai1="13,31,42,51,87,24,74,91,22,70,106,78,50" hai2="10,83,15,131,27,59,35,110,14,65,12,127,135" hai3="7,25,46,34,1,128,40,103,21,98,84,28,104"/><U71/><E106/><V96/><F110/><W132/><G132/><T30/><D107/><U26/><E70/><V29/><F135/><W85/><G128/><T100/><D69/><U120/><E71/><V77/><F131/><W112/><G112/><T63/><D100/><U118/><E118/><V60/><F127/><W111/><G111/><T105/><D105/><U37/><E74/><V57/><F96/><W72/><G72/><T130/><D130/><U124/><E78/><V0/><F0/><W64/><G64/><T115/><D115/><U75/><E75/><V20/><F35/><W61/><G61/><T108/><D108/><U17/><E124/><V39/><F39/><W43/><G43/><T97/><D97/><U23/><E37/><V2/><F2/><W6/><G34/><T125/><D125/><U62/><E62/><V49/><F49/><W109/><G109/><T101/><D101/><U133/><E133/><V38/><F38/><W54/><G54/><T55/><D119/><U99/><E99/><V81/><F59/><W113/><G113/><T4/><D18/><U66/><E120/><V126/><F126/><W122/><G122/><T123/><D123/><U88/><E66/><V68/><F68/><W45/><G45/><T36/><D36/><U53/><E13/><V80/><REACH who="2" step="1"/><F77/><REACH who="2" ten="147,307,171,365" step="2"/><W93/><G98/><T129/><D129/><U16/><E50/><V102/><F102/><W134/><G103/><T92/><D56/><N who="1" m="32831" /><E42/><V79/><F79/><W3/><G40/><T117/><D117/><U86/><E31/><V44/><F44/><W94/><G28/><RYUUKYOKU ba="0,1" sc="147,-15,307,15,171,15,365,-15" hai1="16,17,22,23,24,26,86,87,88,91" hai2="10,12,14,15,20,27,29,57,60,65,80,81,83" /><INIT seed="5,1,1,4,4,90" ten="132,322,186,350" oya="1" hai0="57,130,91,128,5,114,42,118,43,99,97,79,98" hai1="3,113,55,120,84,109,51,30,102,40,27,10,58" hai2="133,125,110,60,69,67,9,22,33,89,63,124,123" hai3="7,14,66,115,4,28,87,26,104,16,53,129,122"/><U81/><E120/><V20/><F110/><W76/><G122/><T1/><D118/><U86/><E109/><V39/><F123/><W71/><G104/><T134/><D79/><U31/><E86/><V2/><F39/><W49/><G129/><T41/><D5/><U77/><E30/><V70/><F33/><W18/><G115/><T62/><D1/><U44/><E113/><V74/><F74/><W47/><G71/><T72/><D72/><U6/><E102/><V121/><F121/><W107/><G66/><T116/><D116/><U75/><E84/><V127/><F133/><W13/><G107/><T48/><D114/><U80/><E80/><V117/><F117/><W105/><G105/><T45/><D134/><U11/><E11/><V54/><F54/><W17/><G76/><T64/><REACH who="0" step="1"/><D91/><REACH who="0" ten="122,322,186,350" step="2"/><U119/><E119/><V94/><F2/><W92/><G7/><T24/><D24/><U38/><E31/><V52/><F9/><W12/><G4/><T21/><D21/><U68/><E68/><V25/><F22/><W46/><G28/><T37/><D37/><U108/><E108/><V0/><F0/><W93/><G26/><AGARI ba="1,2" hai="3,6,10,26,27,38,40,44,51,55,58,75,77,81" machi="26" ten="40,3900,0" yaku="25,2" doraHai="90" who="1" fromWho="3" sc="122,0,322,62,186,0,350,-42" /><INIT seed="5,2,0,2,5,65" ten="122,384,186,308" oya="1" hai0="9,82,66,7,23,17,87,28,130,89,46,30,109" hai1="37,58,128,104,88,124,72,131,101,93,80,45,92" hai2="31,119,90,62,86,113,127,121,57,105,61,43,22" hai3="11,36,83,135,13,21,133,129,1,85,78,10,49"/><U55/><E92/><V34/><F119/><W120/><G36/><T15/><D130/><U14/><E45/><V71/><F121/><W74/><G129/><T59/><D109/><U56/><E56/><V63/><F127/><W40/><G120/><T122/><D122/><U47/><E47/><V25/><F105/><W77/><G74/><T132/><D132/><U102/><E37/><V2/><F2/><W115/><G115/><T97/><D97/><U81/><E55/><V123/><F123/><W27/><G1/><T134/><D134/><N who="3" m="51209" /><G78/><T70/><D46/><U44/><E58/><V95/><F43/><W100/><G100/><T52/><D70/><U76/><E44/><V64/><F113/><W98/><G98/><T35/><D66/><U18/><E102/><V112/><F112/><W4/><G49/><T29/><D35/><U54/><E81/><V41/><F41/><W73/><G73/><T51/><REACH who="0" step="1"/><D29/><REACH who="0" ten="112,384,186,308" step="2"/><U38/><E128/><V19/><REACH who="2" step="1"/><F57/><REACH who="2" ten="112,384,176,308" step="2"/><W94/><G40/><T75/><D75/><U111/><E131/><V24/><AGARI ba="2,2" hai="19,22,24,25,31,34,61,62,63,64,71,86,90,95" machi="24" ten="20,12000,2" yaku="1,1,2,1,0,1,7,1,52,1,53,1" doraHai="65" doraHaiUra="60" who="2" fromWho="2" sc="112,-32,384,-62,176,146,308,-32" /><INIT seed="6,0,0,1,2,125" ten="80,322,322,276" oya="2" hai0="48,107,99,119,27,22,67,9,82,8,130,122,129" hai1="87,45,98,75,102,114,127,72,20,21,64,57,66" hai2="14,128,135,47,28,37,105,13,131,39,15,51,6" hai3="116,60,30,121,65,42,84,94,108,70,24,52,100"/><V92/><F105/><W113/><G121/><T111/><D111/><U133/><E87/><V32/><F135/><W36/><G108/><T19/><D122/><U59/><E45/><V62/><F62/><W73/><G73/><T58/><D119/><U104/><E127/><V81/><F81/><W110/><G110/><T106/><D82/><U134/><E104/><V12/><F92/><W74/><G74/><T76/><D76/><U123/><E123/><V68/><F68/><W29/><G116/><T54/><D67/><U78/><E102/><V11/><F28/><W40/><G113/><T18/><D107/><U35/><E35/><V44/><F32/><W83/><G36/><T79/><D79/><U23/><E98/><V80/><F80/><W126/><G126/><T3/><D3/><U34/><E34/><V5/><N who="2" m="3072" /><DORA hai="1" /><V90/><F90/><W86/><G30/><T103/><REACH who="0" step="1"/><D19/><REACH who="0" ten="70,322,322,276" step="2"/><U0/><E0/><V10/><F39/><W2/><G2/><T120/><D120/><U50/><E78/><V16/><F37/><W46/><G83/><T49/><D49/><U101/><E50/><V85/><F16/><W77/><G77/><T7/><D7/><N who="2" m="2570" /><F85/><W91/><G86/><T4/><D4/><U63/><E75/><V41/><F41/><W96/><G42/><T31/><D31/><U124/><E72/><V56/><F51/><W88/><G40/><T97/><D97/><U38/><E124/><V118/><F118/><W61/><G84/><T26/><D26/><U132/><E38/><V93/><F11/><AGARI ba="0,1" hai="8,9,11,18,22,27,48,54,58,99,103,106,129,130" machi="11" ten="40,5200,0" yaku="1,1,52,2,53,0" doraHai="125,1" doraHaiUra="112,109" who="0" fromWho="2" sc="70,62,322,0,322,-52,276,0" /><INIT seed="7,0,0,4,1,121" ten="132,322,270,276" oya="3" hai0="60,32,62,34,55,9,26,104,68,110,69,84,47" hai1="54,103,109,122,3,13,91,37,73,4,86,115,125" hai2="132,50,25,113,46,95,27,131,48,42,14,51,82" hai3="126,81,111,119,96,88,5,53,31,44,116,85,90"/><W36/><G111/><T70/><D104/><U35/><E103/><V10/><F113/><W57/><G126/><T20/><D9/><U124/><E73/><V107/><F132/><W79/><G31/><T1/><D1/><U117/><E109/><V134/><F134/><W92/><G5/><T105/><D105/><U108/><E108/><V97/><F131/><W129/><G129/><T22/><D110/><U23/><E35/><V127/><F127/><N who="1" m="48713" /><E37/><V12/><F107/><W106/><G106/><T28/><D47/><U7/><E3/><V61/><F61/><W41/><REACH who="3" step="1"/><G79/><REACH who="3" ten="132,322,270,266" step="2"/><T64/><D68/><U114/><E7/><V30/><F82/><W38/><G38/><T45/><D28/><U67/><E4/><V72/><F72/><W11/><G11/><T94/><D94/><U56/><E122/><V128/><F128/><W78/><G78/><T63/><D63/><AGARI ba="0,1" hai="36,41,44,53,57,63,81,85,88,90,92,96,116,119" machi="63" ten="30,11600,0" yaku="1,1,7,1,54,1,53,1" doraHai="121" doraHaiUra="59" who="3" fromWho="0" sc="132,-116,322,0,270,0,266,126" owari="16,-48.0,322,12.0,270,-13.0,392,49.0" /></mjloggm>