<mjloggm ver="2.3"><GO type="41"/><UN n0="%E3%81%BE%E3%81%A3%E3%81%B4%E3%82%83" n1="%E6%AF%92%E9%A4%85" n2="%EF%BC%88%E2%89%A7%E2%96%BD%E2%89%A6%EF%BC%89" n3="%73%61%6D%6B%75%6E%32%33" dan="13,14,15,13" rate="1842,1881,2033,1866" sx="M,F,M,M"/><TAIKYOKU oya="0"/><INIT seed="0,0,0,2,5,116" ten="250,250,250,250" oya="0" hai0="60,125,130,131,120,27,19,81,77,115,92,88,6" hai1="129,117,65,128,61,46,10,9,113,12,43,63,103" hai2="96,11,4,123,14,124,17,62,36,15,32,24,98" hai3="119,105,132,121,85,91,13,70,28,42,57,110,112"/><T109/><D115/><U75/><E117/><V37/><F124/><W54/><G110/><T69/><D125/><U83/><E113/><V100/><F123/><W127/><G112/><T86/><D6/><U104/><E104/><V76/><F76/><W135/><G70/><T71/><D120/><U7/><E103/><V21/><F62/><W1/><G1/><T126/><D126/><U0/><E75/><V84/><F84/><W47/><G119/><T134/><D134/><U22/><E22/><V68/><F68/><W97/><G28/><T20/><D109/><U45/><E83/><V40/><F40/><W44/><G13/><T102/><D102/><U94/><E94/><V50/><F50/><W29/><G29/><T23/><D60/><U2/><E2/><N who="2" m="407" /><F98/><W93/><G127/><T34/><D34/><U41/><E41/><V133/><F14/><W90/><G105/><T108/><D23/><U25/><E25/><V87/><F87/><W30/><G30/><T66/><D108/><U89/><E89/><V52/><F133/><N who="3" m="51275" /><G42/><T33/><D33/><U107/><E107/><N who="2" m="63879" /><F32/><W58/><G121/><T78/><D66/><U80/><E80/><V106/><F106/><W16/><G16/><T73/><REACH who="0" step="1"/><D78/><REACH who="0" ten="240,250,250,250" step="2"/><U111/><E65/><V18/><F21/><W5/><G5/><T51/><D51/><U35/><E111/><V59/><F36/><W48/><G58/><T49/><D49/><U114/><E7/><V3/><F37/><W122/><G122/><T101/><D101/><U39/><E114/><V95/><F59/><W55/><G55/><T79/><D79/><RYUUKYOKU ba="0,1" sc="240,15,250,-15,250,-15,250,15" hai0="19,20,27,69,71,73,77,81,86,88,92,130,131" hai3="44,47,48,54,57,85,90,91,93,97" /><INIT seed="0,1,1,4,3,98" ten="255,235,235,265" oya="0" hai0="54,43,102,100,85,34,3,27,36,18,134,23,118" hai1="135,21,110,92,111,72,89,125,91,74,42,83,26" hai2="31,90,17,44,105,116,96,87,37,126,29,13,33" hai3="131,132,112,39,53,10,40,120,75,103,65,68,80"/><T61/><D118/><U122/><E122/><V8/><F116/><W71/><G120/><T7/><D134/><U76/><E135/><V55/><F126/><W106/><G132/><T15/><D85/><U28/><E125/><V86/><F33/><W63/><G112/><T51/><D61/><U46/><E72/><V12/><F37/><W95/><G95/><T19/><D43/><U104/><E104/><V127/><F127/><W56/><G10/><T133/><D36/><U101/><E101/><N who="0" m="39017" /><D133/><U1/><E1/><V117/><F105/><W49/><G131/><T38/><D38/><U25/><E25/><V81/><F87/><W41/><G80/><T16/><D34/><U60/><E60/><V121/><F96/><N who="3" m="61799" /><G41/><T115/><D3/><U67/><E67/><V62/><F121/><W93/><G93/><T99/><D99/><U88/><REACH who="1" step="1"/><E92/><REACH who="1" ten="255,225,235,265" step="2"/><V69/><F117/><W124/><G124/><T130/><D130/><U52/><E52/><V119/><F119/><W9/><G75/><T82/><D82/><U64/><E64/><V108/><F55/><W79/><G71/><T114/><D114/><U70/><E70/><V11/><F69/><W128/><G128/><T45/><D115/><U97/><E97/><V24/><F62/><W58/><G68/><T30/><D30/><U4/><E4/><N who="2" m="3079" /><F31/><W5/><G65/><T94/><D94/><U73/><E73/><V47/><F29/><W0/><G63/><T78/><D78/><U66/><E66/><V2/><F2/><W123/><G79/><T84/><D84/><U6/><E6/><V32/><F86/><RYUUKYOKU ba="1,2" sc="255,15,225,15,235,-15,265,-15" hai0="7,15,16,18,19,23,27,45,51,54" hai1="21,26,28,42,46,74,76,83,88,89,91,110,111" /><INIT seed="0,2,2,1,5,117" ten="270,240,220,250" oya="0" hai0="116,69,5,45,125,63,53,43,99,95,65,26,16" hai1="74,87,109,66,96,51,97,102,15,37,64,120,111" hai2="61,78,38,82,6,94,84,131,31,7,98,92,124" hai3="8,71,40,76,121,110,114,123,79,44,91,46,9"/><T25/><D125/><U36/><E74/><V107/><F38/><W54/><G71/><T122/><D116/><U21/><E120/><N who="3" m="46154" /><G110/><N who="1" m="41994" /><E51/><V135/><F124/><W68/><G114/><T35/><D5/><U90/><E36/><V106/><F135/><W130/><G68/><T67/><D122/><U28/><E37/><V112/><F112/><W33/><G130/><T132/><D132/><U42/><E42/><V3/><F131/><W104/><G104/><T55/><D65/><N who="1" m="25195" /><E102/><V19/><F107/><W73/><G54/><T10/><D53/><U128/><E128/><V32/><F106/><W133/><G73/><T29/><D55/><U81/><E28/><V48/><F31/><W75/><G75/><T103/><D43/><U115/><E115/><V41/><F41/><W59/><G59/><T127/><D127/><U70/><E70/><V62/><F61/><W118/><G40/><T101/><D69/><U85/><E85/><V34/><F62/><W113/><G113/><T14/><D63/><U72/><E72/><V1/><F84/><W108/><G33/><T88/><D67/><U58/><E58/><V27/><F34/><W119/><G108/><T47/><REACH who="0" step="1"/><D26/><REACH who="0" ten="260,240,220,250" step="2"/><U30/><E15/><V89/><F27/><AGARI ba="2,3" hai="21,27,30,81,87,90,96,97" m="25195,41994" machi="27" ten="30,1000,0" yaku="14,1" doraHai="117" who="1" fromWho="2" sc="260,0,240,46,220,-16,250,0" /><INIT seed="1,0,0,4,3,81" ten="260,286,204,250" oya="1" hai0="54,69,3,86,112,0,116,121,60,53,39,49,57" hai1="127,42,14,64,11,22,25,100,20,55,65,43,109" hai2="27,126,16,128,119,12,41,48,5,51,131,35,98" hai3="84,68,94,32,44,115,13,80,129,82,114,61,134"/><U10/><E127/><V122/><F119/><W74/><G32/><T124/><D124/><U132/><E132/><V76/><F126/><W15/><G134/><T1/><D116/><U97/><E109/><V130/><F122/><W17/><G129/><T89/><D121/><U101/><E55/><V4/><F76/><W30/><G30/><T79/><D112/><U90/><E90/><V96/><F35/><W45/><G94/><T59/><D39/><U75/><E75/><V71/><F71/><W104/><G104/><T36/><D36/><U40/><E97/><N who="2" m="37483" /><F27/><W18/><G61/><T34/><D34/><U26/><E43/><V125/><F125/><W135/><G135/><T8/><D79/><U23/><E23/><N who="2" m="11655" /><F41/><W50/><G50/><AGARI ba="0,0" hai="4,5,48,50,51,128,130,131" m="11655,37483" machi="50" ten="40,2600,0" yaku="19,1,54,1" doraHai="81" who="2" fromWho="3" sc="260,0,286,0,204,26,250,-26" /><INIT seed="2,0,0,2,5,51" ten="260,286,230,224" oya="2" hai0="39,27,10,101,125,76,50,43,79,108,60,116,82" hai1="102,73,71,53,130,59,42,132,118,58,121,22,77" hai2="70,119,26,54,31,20,97,90,41,72,61,111,68" hai3="115,49,126,48,103,2,123,128,112,75,86,104,107"/><V12/><F12/><W63/><G75/><T33/><D108/><U47/><E121/><V129/><F72/><W4/><G123/><T92/><D116/><U131/><E118/><V15/><F119/><W35/><G35/><T3/><D39/><U23/><E71/><V93/><F129/><N who="1" m="49161" /><E132/><V62/><F111/><W89/><G128/><T120/><D120/><U88/><E102/><V46/><F15/><W122/><G122/><T95/><D76/><U84/><E73/><V19/><F31/><W135/><G135/><T30/><D60/><N who="1" m="35919" /><E59/><N who="2" m="35063" /><F62/><W133/><G133/><T69/><D69/><U24/><E24/><V45/><F45/><W74/><G74/><T55/><D43/><U83/><E77/><V17/><F19/><W66/><G4/><T21/><D101/><U99/><E99/><V96/><F96/><W80/><G2/><T1/><D1/><U25/><E25/><V8/><F8/><W34/><G34/><T18/><D3/><U56/><E56/><V29/><F29/><W124/><G103/><T134/><D134/><U94/><E83/><V67/><F67/><W28/><G28/><T16/><D10/><U40/><E40/><V91/><F91/><W117/><G117/><T14/><D18/><U7/><E7/><V105/><F105/><N who="3" m="40523" /><G112/><T0/><D0/><U106/><E106/><V52/><F41/><W6/><G6/><T44/><REACH who="0" step="1"/><D125/><REACH who="0" ten="250,286,230,224" step="2"/><N who="3" m="48233" /><G115/><T36/><D36/><AGARI ba="0,1" hai="22,23,36,42,47,84,88,94" m="35919,49161" machi="36" ten="30,3900,0" yaku="19,1,52,1,54,1" doraHai="51" who="1" fromWho="0" sc="250,-39,286,49,230,0,224,0" /><INIT seed="3,0,0,1,1,102" ten="211,335,230,224" oya="3" hai0="75,49,113,9,12,25,96,14,89,68,97,129,37" hai1="85,74,126,73,54,48,2,0,130,121,56,15,10" hai2="65,134,120,46,71,66,60,17,8,21,124,123,111" hai3="62,125,44,45,23,58,55,20,112,47,131,133,18"/><W118/><G112/><T128/><D37/><U35/><E121/><N who="2" m="46667" /><F111/><W28/><G118/><T29/><D113/><U1/><E126/><V16/><F124/><W4/><G133/><T114/><D114/><U43/><E130/><V61/><F134/><W33/><G131/><T109/><D109/><U34/><E43/><V70/><F8/><W93/><G125/><T57/><D68/><N who="2" m="26154" /><F46/><W91/><G33/><T106/><D75/><U19/><REACH who="1" step="1"/><E85/><REACH who="1" ten="211,325,230,224" step="2"/><V127/><F127/><W86/><G4/><T31/><D129/><U76/><E76/><V69/><F21/><N who="3" m="8267" /><G18/><N who="2" m="7273" /><F69/><W79/><G79/><T50/><D128/><U51/><E51/><V59/><F59/><W80/><G80/><T67/><D57/><U101/><E101/><V26/><F26/><W90/><G90/><T6/><D49/><U105/><E105/><V5/><F5/><W84/><G84/><T41/><D50/><U40/><E40/><V99/><F99/><W27/><G27/><T115/><D106/><U135/><E135/><V72/><F72/><AGARI ba="0,1" hai="0,1,2,10,15,19,34,35,48,54,56,72,73,74" machi="72" ten="50,1600,0" yaku="1,1,53,0" doraHai="102" doraHaiUra="108" who="1" fromWho="2" sc="211,0,325,26,230,-16,224,0" /><INIT seed="4,0,0,1,1,34" ten="211,351,214,224" oya="0" hai0="22,73,62,23,116,105,71,56,53,61,121,134,117" hai1="0,7,122,111,29,36,126,123,88,131,104,16,49" hai2="133,44,108,125,77,45,67,41,60,76,81,10,118" hai3="12,101,3,43,11,106,132,31,79,39,14,94,35"/><T135/><D73/><U74/><E111/><V127/><F108/><W30/><G132/><N who="0" m="50731" /><D105/><U102/><E122/><V1/><F133/><W85/><G106/><T59/><D71/><U63/><E123/><V37/><F118/><N who="0" m="45674" /><D121/><U130/><E104/><V120/><F45/><W100/><G39/><T33/><D33/><U2/><E74/><N who="2" m="43159" /><F77/><W113/><G113/><T97/><D97/><U93/><E36/><V119/><F120/><W28/><G43/><T107/><D107/><U83/><E102/><V46/><F46/><W80/><G35/><T54/><AGARI ba="0,0" hai="22,23,53,54,56,59,61,62" m="45674,50731" machi="54" ten="30,1500,0" yaku="20,1" doraHai="34" who="0" fromWho="0" sc="211,15,351,-5,214,-5,224,-5" /><INIT seed="4,1,0,0,0,2" ten="226,346,209,219" oya="0" hai0="135,68,129,114,91,70,133,79,86,90,122,30,85" hai1="97,109,81,21,27,35,126,77,56,121,59,48,29" hai2="111,73,87,106,125,128,14,45,89,52,50,110,95" hai3="23,58,12,116,0,103,16,105,84,123,4,100,13"/><T41/><D122/><U31/><E109/><V96/><F128/><W99/><G123/><T28/><D129/><U108/><E121/><V34/><F125/><W25/><G116/><T71/><D41/><U115/><E108/><V134/><F134/><N who="0" m="51210" /><D79/><U119/><E115/><V82/><F34/><W131/><G131/><T53/><D53/><U11/><E119/><V67/><F67/><W69/><G69/><T39/><D39/><U44/><E126/><V88/><F73/><W42/><G42/><T118/><D114/><U17/><E35/><V72/><F72/><W104/><G84/><N who="0" m="32363" /><D118/><U7/><E97/><V74/><F74/><W83/><G83/><T107/><D107/><U112/><E112/><V26/><F106/><W63/><G103/><T120/><D120/><U9/><E77/><V64/><F64/><W10/><G105/><T24/><D24/><U98/><E81/><V40/><F26/><W22/><G23/><T62/><D62/><U78/><E98/><V124/><F124/><W66/><AGARI ba="1,0" hai="0,4,10,12,13,16,22,25,58,63,66,99,100,104" machi="66" ten="20,5200,0" yaku="0,1,7,1,52,1,54,1" doraHai="2" who="3" fromWho="3" sc="226,-27,346,-14,209,-14,219,55" /><INIT seed="5,0,0,0,1,48" ten="199,332,195,274" oya="1" hai0="57,80,62,44,10,5,3,85,97,96,69,56,63" hai1="6,65,75,37,79,121,41,98,105,68,128,94,118" hai2="113,78,106,60,4,99,42,13,114,117,73,91,17" hai3="51,22,134,54,72,53,93,82,123,18,66,58,122"/><U12/><E121/><V81/><F117/><W112/><G112/><N who="2" m="43113" /><F42/><W46/><G134/><T11/><D44/><U92/><E118/><V120/><F120/><W108/><G108/><T89/><D69/><U86/><E75/><V23/><F4/><W9/><G9/><T8/><D5/><U133/><E105/><V27/><F60/><W26/><G66/><N who="0" m="39239" /><D3/><U70/><E133/><V16/><F106/><W109/><G109/><T95/><D80/><U61/><E70/><V49/><F49/><W33/><G33/><T35/><D35/><U129/><E37/><V20/><F99/><W43/><G43/><T2/><D2/><U25/><E25/><N who="2" m="14471" /><F91/><W87/><G93/><T38/><D38/><U131/><E41/><V32/><F32/><W74/><G123/><T88/><D89/><U110/><E110/><V119/><F119/><W102/><G102/><T84/><D97/><U0/><E0/><V29/><F13/><W64/><G64/><AGARI ba="0,0" hai="8,10,11,57,63,64,84,85,88,95,96" m="39239" machi="64" ten="30,2000,0" yaku="8,1,54,1" doraHai="48" who="0" fromWho="3" sc="199,20,332,0,195,0,274,-20" /><INIT seed="6,0,0,1,5,48" ten="219,332,195,254" oya="2" hai0="45,42,35,82,133,15,98,24,59,21,97,113,57" hai1="2,85,31,60,25,100,43,130,114,22,129,3,115" hai2="101,55,14,127,116,51,96,88,10,95,23,5,122" hai3="56,32,104,47,50,76,63,119,125,19,44,94,91"/><V118/><F122/><W124/><G119/><T72/><D113/><N who="1" m="43019" /><E43/><V109/><F127/><N who="3" m="48715" /><G32/><T131/><D131/><N who="1" m="50187" /><E100/><V117/><F109/><W123/><G104/><T30/><D97/><U62/><E85/><V108/><F108/><W54/><G76/><T49/><D98/><U74/><E74/><V106/><F23/><W65/><G19/><T80/><D133/><U111/><E111/><V71/><F71/><N who="3" m="42431" /><G123/><T64/><D72/><U0/><AGARI ba="0,0" hai="0,2,3,22,25,31,60,62" m="50187,43019" machi="0" ten="40,2700,0" yaku="15,1,19,1" doraHai="48" who="1" fromWho="1" sc="219,-7,332,27,195,-13,254,-7" /><INIT seed="7,0,0,2,5,12" ten="212,359,182,247" oya="3" hai0="72,32,10,59,84,113,98,97,42,127,108,75,92" hai1="90,53,22,4,17,100,65,95,8,122,91,16,37" hai2="131,69,29,130,30,20,76,5,109,111,87,132,101" hai3="77,45,93,41,25,82,103,115,107,114,43,47,121"/><W68/><G121/><T50/><D32/><U125/><E122/><V129/><F69/><W71/><G107/><T128/><D108/><N who="2" m="41546" /><F101/><W15/><G25/><T73/><D10/><U64/><E125/><V24/><F76/><W2/><G2/><T135/><D127/><U106/><E106/><V78/><F78/><W83/><G15/><T26/><D26/><U23/><E37/><V57/><F57/><W49/><G103/><T81/><D42/><U116/><E116/><V39/><F39/><W9/><G9/><T70/><D50/><U0/><E100/><V1/><F87/><W66/><G66/><T14/><D59/><U51/><E65/><V54/><F54/><W74/><G93/><T124/><D14/><N who="1" m="5383" /><E64/><V31/><F132/><W11/><G11/><AGARI ba="0,0" hai="1,5,11,20,24,29,30,31,129,130,131" m="41546" machi="11" ten="40,5200,0" yaku="19,1,34,2" doraHai="12" who="2" fromWho="3" sc="212,0,359,0,182,52,247,-52" owari="212,-19.0,359,46.0,234,3.0,195,-30.0" /></mjloggm>