<mjloggm ver="2.3"><GO type="41"/><UN n0="%61%61%61%73" n1="%54%45%4E%48%4F%55" n2="%E3%81%9F%E3%82%8D%E3%81%86%E3%81%A8%E3%81%94%E3%82%8D%E3%81%86" n3="%E3%82%A6%E3%83%AB%E3%83%88%E3%83%A9%E7%AB%8B%E7%9B%B4" dan="13,13,14,15" rate="1864,1859,1907,1978" sx="M,M,M,M"/><TAIKYOKU oya="0"/><INIT seed="0,0,0,2,1,101" ten="250,250,250,250" oya="0" hai0="110,84,34,27,117,15,36,72,48,95,5,37,3" hai1="126,65,53,85,81,86,73,57,102,134,111,103,91" hai2="10,105,132,93,24,127,1,123,133,30,31,22,124" hai3="104,21,106,16,70,56,60,76,92,38,46,44,55"/><T45/><D72/><U49/><E134/><N who="2" m="51819" /><F93/><W54/><G76/><T129/><D117/><U2/><E2/><V8/><F105/><W14/><G70/><T25/><D3/><U112/><E112/><V120/><F1/><W23/><G92/><T29/><D129/><U28/><E111/><V40/><F40/><W96/><G96/><T63/><D25/><U100/><E126/><N who="2" m="48171" /><F31/><W66/><G66/><T87/><D110/><U113/><E113/><V58/><F58/><W83/><G83/><T64/><D95/><U82/><E73/><V116/><F116/><W42/><G46/><T17/><D37/><U7/><E7/><V47/><F47/><W75/><G75/><T77/><D5/><U11/><E11/><AGARI ba="0,0" hai="8,10,11,22,24,30,120,123" m="48171,51819" machi="11" ten="30,7700,0" yaku="20,1,18,1,34,2" doraHai="101" who="2" fromWho="1" sc="250,0,250,-77,250,77,250,0" /><INIT seed="1,0,0,3,5,59" ten="250,173,327,250" oya="1" hai0="100,129,19,124,135,34,32,95,132,110,27,85,88" hai1="118,4,115,52,94,86,3,119,42,114,78,70,79" hai2="50,63,77,62,104,45,65,102,126,133,51,23,43" hai3="66,122,16,107,120,125,14,21,29,116,69,87,11"/><U37/><E70/><V97/><F65/><W36/><G36/><T98/><D110/><U96/><E37/><V12/><F77/><W39/><G39/><T134/><D124/><U117/><E3/><V68/><F68/><W91/><G107/><T53/><D129/><U76/><E4/><V99/><F126/><W81/><G125/><T10/><D53/><U80/><E42/><V103/><F133/><W92/><G116/><T112/><D112/><U57/><E52/><V18/><F51/><W121/><G29/><T2/><D2/><U123/><E57/><V15/><F15/><W41/><G41/><T128/><D128/><U48/><E48/><V93/><AGARI ba="0,0" hai="12,18,23,43,45,50,62,63,93,97,99,102,103,104" machi="93" ten="20,5200,0" yaku="0,1,7,1,52,2" doraHai="59" who="2" fromWho="2" sc="250,-13,173,-26,327,52,250,-13" /><INIT seed="2,0,0,5,0,17" ten="237,147,379,237" oya="2" hai0="52,124,22,72,28,87,89,35,61,59,78,47,80" hai1="5,98,20,121,77,93,97,63,96,73,21,2,119" hai2="135,33,128,45,37,99,29,125,50,65,55,122,68" hai3="106,101,95,49,44,1,103,62,112,23,27,134,107"/><V114/><F99/><W40/><G112/><T25/><D124/><U10/><E119/><V66/><F29/><W58/><G1/><T86/><D47/><U90/><E121/><V24/><F24/><W69/><G69/><T81/><D72/><U14/><E63/><V53/><F66/><W117/><G117/><T18/><D35/><U13/><E73/><V41/><F33/><W26/><G26/><T43/><D43/><U120/><E120/><V70/><F125/><W108/><G134/><T15/><D15/><U0/><E77/><V91/><F135/><W39/><G39/><T79/><D89/><U38/><E38/><V36/><F114/><W64/><G108/><T85/><D85/><U82/><E82/><V111/><F91/><W4/><G4/><T100/><REACH who="0" step="1"/><D28/><REACH who="0" step="2"/><U110/><E110/><V34/><F111/><W123/><G123/><T104/><D104/><U16/><E2/><V71/><F34/><W109/><G109/><T132/><D132/><U3/><E3/><V130/><F122/><W126/><G126/><T129/><D129/><N who="2" m="49770" /><F65/><W54/><G106/><T57/><D57/><U7/><E7/><V48/><F41/><W118/><G107/><T105/><D105/><U94/><E94/><V51/><F45/><W30/><G118/><T92/><D92/><U9/><E14/><V76/><F76/><W133/><G133/><T32/><D32/><U88/><E90/><V8/><F70/><W11/><G40/><T12/><D12/><U6/><E6/><V131/><F71/><W75/><G44/><T84/><D84/><U60/><E60/><RYUUKYOKU ba="0,1" sc="227,15,147,15,379,-15,237,-15" hai0="18,22,25,52,59,61,78,79,80,81,86,87,100" hai1="0,5,9,10,13,16,20,21,88,93,96,97,98" /><INIT seed="3,1,1,5,0,37" ten="242,162,364,222" oya="3" hai0="132,99,1,55,0,39,44,111,124,68,130,129,38" hai1="77,69,17,58,116,22,48,78,83,120,7,82,73" hai2="113,126,98,47,60,46,70,128,50,119,13,89,92" hai3="84,112,118,121,5,97,42,30,122,114,2,24,19"/><W95/><G84/><T88/><D111/><U115/><E115/><V23/><F47/><W127/><G95/><N who="0" m="56807" /><D68/><U106/><E106/><V71/><F119/><W33/><G97/><T4/><D4/><U52/><E120/><V29/><F113/><N who="3" m="43627" /><G118/><T123/><D123/><N who="3" m="47113" /><G42/><N who="0" m="22615" /><D39/><U34/><E69/><V61/><F71/><W12/><G127/><T32/><D124/><U21/><E34/><V16/><F126/><W28/><G28/><T108/><D108/><U14/><E116/><V117/><F117/><W53/><G53/><T11/><D32/><U9/><E7/><V66/><F29/><W43/><G43/><T91/><D132/><U10/><REACH who="1" step="1"/><E9/><REACH who="1" step="2"/><V35/><F35/><W3/><G5/><T51/><D11/><AGARI ba="1,2" hai="2,3,11,12,19,24,30,33" m="47113,43627" machi="11" ten="30,2900,0" yaku="34,2" doraHai="37" who="3" fromWho="0" sc="242,-32,152,0,364,0,222,52" /><INIT seed="3,2,0,1,4,134" ten="210,152,364,274" oya="3" hai0="56,34,99,55,58,23,13,104,128,40,3,59,95" hai1="82,133,16,123,36,51,89,97,73,49,132,131,37" hai2="50,83,32,90,30,1,7,76,118,92,105,63,24" hai3="119,0,121,47,98,6,110,88,71,117,25,100,45"/><W22/><G71/><T54/><D34/><U85/><E123/><V8/><F105/><W101/><G121/><T80/><D3/><U91/><E131/><V113/><F113/><W67/><G0/><T42/><D128/><U26/><E73/><V102/><F102/><W12/><G67/><T75/><D104/><U68/><E68/><V84/><F63/><W115/><G115/><T9/><D75/><U77/><E77/><V116/><F50/><W17/><G110/><T96/><D80/><U44/><E37/><V107/><F107/><W14/><G117/><T126/><D126/><U11/><E36/><V69/><F69/><W125/><G119/><T38/><D38/><U87/><E97/><AGARI ba="2,0" hai="1,7,8,24,30,32,76,83,84,90,92,97,116,118" machi="97" ten="30,1000,0" yaku="7,1" doraHai="134" who="2" fromWho="1" sc="210,0,152,-16,364,16,274,0" /><INIT seed="4,0,0,2,0,2" ten="210,136,380,274" oya="0" hai0="68,64,8,107,20,92,43,61,47,41,34,21,82" hai1="11,78,49,38,12,83,109,123,86,5,40,28,80" hai2="115,16,85,130,105,60,6,98,96,101,56,45,26" hai3="127,29,59,46,77,22,113,17,88,128,132,32,124"/><T94/><D107/><U18/><E109/><V103/><F115/><W70/><G70/><T69/><D34/><U73/><E38/><V129/><F45/><W53/><G77/><T19/><D69/><U91/><E123/><V51/><F51/><W13/><G113/><T118/><D118/><U3/><E28/><V14/><F26/><W112/><G112/><T15/><D43/><U9/><E40/><V119/><F6/><W81/><G46/><T39/><D82/><U72/><E49/><V122/><F85/><AGARI ba="0,0" hai="3,5,9,11,12,18,72,73,78,80,83,85,86,91" machi="85" ten="30,2000,0" yaku="7,1,52,1" doraHai="2" who="1" fromWho="2" sc="210,0,136,20,380,-20,274,0" /><INIT seed="5,0,0,2,3,59" ten="210,156,360,274" oya="1" hai0="11,43,72,112,114,49,56,121,0,91,108,42,83" hai1="6,135,32,17,69,78,75,71,110,10,90,61,123" hai2="33,109,15,23,25,86,58,48,105,39,24,35,81" hai3="96,74,116,53,57,98,30,118,132,125,120,129,95"/><U77/><E123/><V47/><F39/><W111/><G30/><T63/><D121/><U92/><E135/><V126/><F105/><W119/><G120/><T89/><D108/><U103/><E32/><V82/><F126/><W107/><G111/><T40/><D89/><U66/><E103/><V12/><F109/><W1/><G1/><T127/><D127/><U31/><E31/><V46/><F58/><W101/><G125/><T106/><D106/><U80/><E110/><V51/><F23/><W117/><G132/><T122/><D122/><U104/><E78/><V5/><F86/><W2/><G2/><T62/><D72/><U18/><E104/><V85/><F85/><W55/><G119/><T84/><D0/><U131/><E131/><V29/><F29/><W22/><G74/><T130/><D11/><U64/><E64/><V3/><F3/><W134/><G134/><T124/><D124/><U67/><E6/><AGARI ba="0,0" hai="5,6,12,15,24,25,33,35,46,47,48,51,81,82" machi="6" ten="25,1600,0" yaku="22,2" doraHai="59" who="2" fromWho="1" sc="210,0,156,-16,360,16,274,0" /><INIT seed="6,0,0,2,1,85" ten="210,140,376,274" oya="2" hai0="95,9,32,31,90,131,41,47,89,109,68,114,11" hai1="10,54,35,76,7,96,6,25,83,17,57,13,52" hai2="80,12,19,92,75,99,91,62,60,108,28,117,44" hai3="20,121,66,127,133,79,124,48,49,104,24,128,71"/><V36/><F117/><W15/><G104/><T77/><D68/><U21/><E96/><V115/><F28/><W119/><G79/><T110/><D32/><U88/><E35/><V51/><F36/><W61/><G15/><T87/><D31/><U113/><E113/><V101/><F115/><W105/><G20/><T126/><D126/><N who="3" m="48169" /><G24/><T123/><D114/><U23/><E23/><V65/><F65/><W116/><G105/><T132/><D123/><U118/><E118/><N who="3" m="45098" /><G121/><T70/><D70/><U26/><E26/><V98/><F108/><W100/><G100/><T81/><D110/><U69/><E69/><V16/><F19/><W5/><G5/><T64/><D109/><U1/><E1/><V122/><F122/><W84/><G84/><T43/><D89/><U102/><E102/><V78/><F99/><W2/><G2/><T112/><D112/><U40/><E40/><V129/><F101/><W86/><G86/><T74/><D43/><U4/><E54/><V8/><F129/><W134/><G128/><T73/><D132/><AGARI ba="0,0" hai="48,49,61,66,71,132,133,134" m="45098,48169" machi="132" ten="40,8000,1" yaku="20,1,18,1,34,2" doraHai="85" who="3" fromWho="0" sc="210,-80,140,0,376,0,274,80" /><INIT seed="7,0,0,0,0,21" ten="130,140,376,354" oya="3" hai0="130,60,2,16,98,80,95,5,111,129,40,9,38" hai1="11,18,101,13,53,106,39,62,102,32,8,86,41" hai2="66,1,73,19,83,10,89,122,104,118,56,112,4" hai3="23,123,116,12,78,33,79,99,69,77,90,44,63"/><W14/><G33/><T131/><D111/><U0/><E32/><V109/><F109/><W25/><G116/><T26/><D80/><U113/><E113/><V35/><F118/><W105/><G123/><T128/><D129/><U110/><E110/><V51/><F112/><W50/><G69/><T108/><D108/><U46/><E106/><V88/><F104/><W7/><G63/><T97/><D60/><U67/><E86/><V15/><F35/><W48/><G105/><T107/><D40/><U49/><E0/><V37/><F37/><W58/><G58/><T17/><D38/><U82/><E8/><V20/><F66/><W31/><G7/><T52/><D52/><U28/><E28/><V30/><F122/><W75/><G75/><T47/><D47/><U64/><E82/><V54/><F30/><W127/><G127/><T74/><D74/><U42/><E42/><V121/><F121/><W85/><G99/><T81/><D81/><U119/><E119/><V100/><F100/><W45/><G45/><T55/><D55/><U132/><E132/><V134/><F134/><W103/><G103/><N who="0" m="62959" /><D26/><U59/><E67/><V57/><F57/><AGARI ba="0,0" hai="11,13,18,39,41,46,49,53,57,59,62,64,101,102" machi="57" ten="30,1000,0" yaku="7,1" doraHai="21" who="1" fromWho="2" sc="130,0,140,10,376,-10,354,0" owari="130,-37,150,-25,366,47,354,15" /></mjloggm>