<mjloggm ver="2.3"><GO type="225"/><UN n0="%E3%83%9E%E3%82%A4%E3%83%8A%E3%83%BC%E5%85%8E" n1="%61%6B%69%6E%61%72%69%30" n2="%E6%9C%AC%E7%89%A9%E5%A5%B3%E5%AD%90%E9%AB%98%E7%94%9F" n3="%EF%BC%88%E2%89%A7%E2%96%BD%E2%89%A6%EF%BC%89" dan="16,16,16,16" rate="2138,2088,2083,2036" sx="M,F,F,M"/><TAIKYOKU oya="0"/><INIT seed="0,0,0,1,5,85" ten="250,250,250,250" oya="0" hai0="96,7,42,104,5,8,69,72,77,82,50,100,127" hai1="10,40,124,54,53,21,17,99,67,129,11,44,64" hai2="116,65,80,6,35,51,113,134,4,37,86,60,47" hai3="22,132,46,91,0,135,45,78,18,90,20,3,83"/><T29/><D69/><U34/><E34/><V71/><F113/><W94/><G94/><T57/><D127/><U43/><E124/><V112/><F112/><W87/><G22/><T118/><D118/><U52/><E129/><V14/><F116/><W76/><G76/><T41/><D29/><U128/><E128/><V88/><F134/><N who="3" m="51243" /><G45/><T27/><D27/><U93/><E67/><V62/><F35/><W105/><G46/><T101/><D101/><N who="1" m="60655" /><E64/><V31/><F31/><W36/><G105/><T61/><D50/><N who="1" m="26911" /><E40/><V33/><F33/><W115/><G36/><T122/><D122/><U126/><E126/><V119/><F37/><W26/><G115/><T130/><D130/><U66/><E66/><V117/><F60/><W108/><G108/><T24/><D24/><AGARI ba="0,0" hai="10,11,17,21,24,52,53,54" m="26911,60655" machi="24" ten="30,2000,0" yaku="8,1,54,1" doraHai="85" who="1" fromWho="0" sc="250,-20,250,20,250,0,250,0" /><INIT seed="1,0,0,3,4,93" ten="230,270,250,250" oya="1" hai0="105,5,101,117,85,115,27,23,28,50,30,86,49" hai1="7,11,76,25,94,60,98,24,70,35,47,40,110" hai2="12,32,34,104,107,26,96,15,125,74,4,17,83" hai3="80,134,33,20,118,61,102,114,48,42,132,112,113"/><U21/><E35/><V31/><F34/><W55/><G33/><T2/><D117/><U95/><E76/><V119/><F119/><W116/><G102/><T3/><D115/><U124/><E124/><V14/><F125/><W52/><G80/><T66/><D66/><U128/><E128/><V92/><F4/><W109/><G109/><T0/><D5/><U111/><E94/><V63/><F17/><W126/><G126/><T72/><D72/><U6/><E6/><V9/><F9/><W38/><G20/><T62/><D62/><U29/><E25/><V77/><REACH who="2" step="1"/><F63/><REACH who="2" ten="230,270,240,250" step="2"/><W122/><G116/><T87/><REACH who="0" step="1"/><D30/><REACH who="0" ten="220,270,240,250" step="2"/><U16/><E29/><V44/><F44/><N who="3" m="23639" /><G118/><T56/><D56/><U100/><E60/><V103/><AGARI ba="0,2" hai="12,14,15,26,31,32,74,77,83,92,96,103,104,107" machi="103" ten="30,4000,0" yaku="1,1,0,1,52,1,53,0" doraHai="93" doraHaiUra="65" who="2" fromWho="2" sc="220,-10,270,-20,240,60,250,-10" /><INIT seed="2,0,0,0,0,19" ten="210,250,300,240" oya="2" hai0="70,52,35,47,61,95,6,100,66,135,131,108,75" hai1="81,84,109,16,8,119,44,51,115,25,72,76,54" hai2="57,82,83,91,105,110,98,129,12,134,97,31,106" hai3="111,26,58,1,13,113,42,94,125,123,117,86,89"/><V23/><F129/><W101/><G1/><T49/><D75/><U7/><E119/><V132/><F110/><W36/><G123/><T127/><D131/><U33/><E115/><V50/><F57/><W64/><G117/><T21/><D108/><U118/><E118/><V104/><F50/><W102/><G113/><T43/><D35/><U18/><E109/><V46/><F46/><W29/><G111/><T77/><D135/><N who="2" m="51754" /><F12/><W87/><G125/><T39/><D127/><U116/><E116/><V40/><F40/><W0/><G0/><T15/><D77/><U53/><E53/><V92/><F98/><W133/><G133/><T73/><D73/><U103/><E103/><V55/><F55/><W48/><G36/><T71/><D71/><U10/><E72/><V88/><F91/><W79/><G42/><T4/><D100/><U9/><REACH who="1" step="1"/><E7/><REACH who="1" ten="210,240,300,240" step="2"/><V17/><F17/><W99/><G102/><T41/><D41/><U5/><E5/><V96/><F96/><W128/><G99/><T90/><D4/><U45/><E45/><V65/><F65/><W114/><G64/><T24/><D6/><U28/><AGARI ba="0,1" hai="8,9,10,16,18,25,28,33,44,51,54,76,81,84" machi="28" ten="30,4000,0" yaku="1,1,0,1,54,1,53,0" doraHai="19" doraHaiUra="122" who="1" fromWho="1" sc="210,-10,240,50,300,-20,240,-10" /><INIT seed="3,0,0,2,4,94" ten="200,290,280,230" oya="3" hai0="18,16,33,95,99,25,6,101,102,108,80,68,61" hai1="116,56,67,120,2,74,46,21,86,119,125,127,105" hai2="89,71,55,52,84,65,15,128,50,72,100,5,109" hai3="0,82,23,31,30,42,57,70,63,85,75,1,111"/><W73/><G70/><T106/><D108/><U47/><E74/><V41/><F72/><W59/><G111/><T126/><D126/><N who="1" m="48139" /><E2/><V97/><F109/><W78/><G42/><T107/><D6/><U49/><E105/><V14/><F128/><W4/><G4/><T54/><D80/><U62/><E120/><V77/><F77/><W104/><G104/><T60/><D60/><U90/><E21/><V24/><F24/><W13/><G75/><T9/><D9/><U22/><E22/><V117/><F117/><N who="1" m="45129" /><E49/><V87/><F71/><W19/><G73/><T118/><D118/><U112/><E112/><V11/><F65/><N who="3" m="39151" /><G1/><T40/><D40/><U93/><AGARI ba="0,0" hai="46,47,56,62,67,86,90,93" m="45129,48139" machi="93" ten="30,2000,0" yaku="18,1,12,1" doraHai="94" who="1" fromWho="1" sc="200,-5,290,20,280,-5,230,-10" owari="195,-30.0,310,40.0,275,8.0,220,-18.0" /></mjloggm>