<mjloggm ver="2.3"><GO type="169"/><UN n0="%E3%83%87%E3%82%B8%E3%82%BF%E3%83%AB%E4%BB%99%E4%BA%BA" n1="%E3%82%82%E3%81%A3%E3%81%97%E3%83%BC" n2="%E3%82%B1%E3%82%BA" n3="%EF%BC%88%E2%89%A7%E2%96%BD%E2%89%A6%EF%BC%89" dan="17,16,16,18" rate="2114,2032,2099,2199" sx="F,M,M,M"/><TAIKYOKU oya="0"/><INIT seed="0,0,0,4,5,130" ten="250,250,250,250" oya="0" hai0="38,88,131,77,52,98,114,15,45,60,4,62,112" hai1="74,49,89,17,58,53,20,35,32,7,46,41,55" hai2="106,70,75,66,59,91,6,25,31,57,26,12,87" hai3="3,42,116,29,108,120,72,19,95,133,113,61,123"/><T125/><D131/><U71/><E74/><V73/><F106/><W5/><G72/><T128/><D128/><U80/><E71/><V78/><F70/><W48/><G95/><T86/><D125/><U9/><E80/><V94/><F26/><W124/><G61/><T122/><D122/><N who="3" m="46633" /><G48/><N who="0" m="28687" /><D38/><U64/><E64/><V90/><F90/><W129/><G42/><T83/><D114/><U54/><E58/><V56/><F66/><W67/><G67/><T43/><D43/><U21/><E89/><V33/><F78/><W36/><G36/><T16/><D4/><U69/><E69/><V37/><F37/><W2/><G129/><T134/><D112/><U63/><E63/><N who="0" m="24105" /><D134/><U51/><E51/><V76/><F76/><W14/><G124/><T47/><D47/><U44/><E44/><V13/><F6/><W28/><G133/><T135/><D135/><U101/><E101/><V85/><F75/><W11/><G113/><T97/><D77/><U24/><REACH who="1" step="1"/><E21/><AGARI ba="0,0" hai="15,16,21,83,86,88,97,98" m="24105,28687" machi="21" ten="30,11600,0" yaku="8,1,54,3" doraHai="130" who="0" fromWho="1" sc="250,116,250,-116,250,0,250,0" /><INIT seed="0,1,0,4,0,132" ten="366,134,250,250" oya="0" hai0="106,34,38,4,26,0,37,27,2,121,29,122,30" hai1="77,11,6,22,13,114,103,12,68,129,55,123,69" hai2="19,74,94,31,65,108,97,52,120,58,56,101,112" hai3="17,102,91,110,130,7,111,93,89,86,82,107,57"/><T90/><D106/><U21/><E123/><N who="0" m="47113" /><D90/><U33/><E33/><V5/><F108/><N who="3" m="41515" /><G7/><T23/><D38/><U80/><E129/><V100/><F74/><W42/><G42/><T84/><D84/><U67/><E114/><V73/><F73/><W35/><G17/><T59/><D59/><U39/><E39/><V41/><F41/><W15/><G15/><T126/><D37/><U53/><E103/><V48/><F112/><W24/><G24/><T28/><D28/><U25/><E77/><V87/><F31/><W32/><G57/><T113/><D113/><U45/><E45/><V96/><F5/><W92/><G130/><T135/><D135/><U119/><E6/><V1/><F1/><N who="0" m="618" /><D4/><U127/><E69/><V20/><F87/><N who="3" m="50423" /><G107/><T98/><D98/><AGARI ba="1,0" hai="32,35,86,91,92,93,98,102" m="50423,41515" machi="98" ten="30,1000,0" yaku="14,1" doraHai="132" who="3" fromWho="0" sc="366,-13,134,0,250,0,250,13" /><INIT seed="1,0,0,3,0,59" ten="353,134,250,263" oya="1" hai0="135,16,21,123,54,109,22,108,30,38,90,64,55" hai1="9,65,111,70,82,61,129,122,52,56,45,84,124" hai2="134,26,128,119,121,86,73,39,96,12,29,126,99" hai3="28,37,35,133,36,113,74,98,58,57,43,71,110"/><U47/><E122/><V23/><F73/><W94/><G113/><T17/><D123/><U4/><E124/><V105/><F39/><W127/><G74/><T11/><D38/><U114/><E114/><V66/><F121/><W49/><G71/><T88/><D11/><U24/><E129/><V78/><F128/><W48/><G127/><T25/><D64/><U14/><E111/><N who="0" m="42569" /><D135/><U83/><E24/><V102/><F134/><W32/><G133/><T20/><D20/><U15/><E15/><V132/><F132/><W42/><G110/><T85/><D90/><U91/><REACH who="1" step="1"/><E82/><REACH who="1" ten="353,124,250,263" step="2"/><V79/><F126/><W103/><G35/><T117/><D117/><U104/><E104/><V106/><F12/><W31/><G32/><T53/><D22/><U51/><AGARI ba="0,1" hai="4,9,14,45,47,51,52,56,61,65,70,83,84,91" machi="51" ten="20,18000,2" yaku="1,1,0,1,7,1,52,1,54,1,53,1" doraHai="59" doraHaiUra="81" who="1" fromWho="1" sc="353,-60,124,190,250,-60,263,-60" /><INIT seed="1,1,0,5,3,95" ten="293,314,190,203" oya="1" hai0="69,43,109,36,88,12,91,80,86,126,37,17,84" hai1="77,62,96,60,75,35,41,3,127,113,51,79,8" hai2="23,39,42,125,22,85,116,73,78,110,50,56,72" hai3="71,130,2,29,114,57,7,6,49,94,18,48,10"/><U14/><E113/><V104/><F104/><W76/><G114/><T54/><D109/><U45/><E35/><V98/><F116/><W16/><G71/><T21/><D126/><U65/><E127/><V119/><F119/><W0/><G130/><T105/><D105/><U83/><E77/><V108/><F125/><W90/><G29/><T34/><D34/><U117/><E117/><V63/><F39/><W64/><G76/><T31/><D69/><U66/><E3/><V122/><F122/><W55/><G64/><T25/><D43/><U133/><E133/><V53/><F85/><W26/><G49/><T4/><D4/><U93/><E66/><V106/><F78/><W131/><G26/><T132/><D132/><U89/><REACH who="1" step="1"/><E65/><REACH who="1" ten="293,304,190,203" step="2"/><V28/><F110/><W111/><G111/><T87/><D80/><U19/><AGARI ba="1,1" hai="8,14,19,41,45,51,60,62,75,79,83,89,93,96" machi="19" ten="20,18000,2" yaku="1,1,2,1,0,1,7,1,52,1,53,1" doraHai="95" doraHaiUra="38" who="1" fromWho="1" sc="293,-61,304,193,190,-61,203,-61" /><INIT seed="1,2,0,4,0,88" ten="232,497,129,142" oya="1" hai0="27,104,114,30,128,49,28,11,58,95,89,4,22" hai1="33,0,124,34,66,25,93,68,44,135,3,78,87" hai2="48,37,46,8,84,26,75,119,134,55,77,7,32" hai3="113,10,5,60,61,20,109,6,82,67,38,52,86"/><U129/><E68/><V56/><F119/><W53/><G38/><T29/><D104/><U54/><E66/><V70/><F134/><W103/><G113/><T69/><D69/><U105/><E105/><V108/><F70/><W1/><G109/><T31/><D128/><U40/><E135/><V97/><F108/><W12/><G103/><T35/><D114/><U24/><E129/><V83/><F97/><W117/><G117/><T111/><D111/><U51/><E124/><V94/><F26/><W118/><G118/><T125/><D125/><U19/><E40/><V76/><F32/><W116/><G116/><T133/><D133/><U62/><E62/><V16/><F77/><W42/><G42/><T96/><D35/><U99/><E87/><V65/><F65/><W101/><G61/><T18/><D31/><U14/><E78/><V71/><F71/><W132/><G132/><T15/><D30/><U2/><E34/><V23/><F23/><W126/><G20/><T121/><D121/><U122/><E33/><V102/><F37/><W92/><G126/><T130/><D130/><U79/><E79/><V39/><F39/><W106/><G106/><T36/><D36/><U123/><E123/><V131/><F131/><W21/><G67/><T80/><D80/><U115/><E115/><V64/><F64/><W90/><G60/><T45/><D58/><U110/><E110/><V107/><F56/><W50/><G50/><T120/><D120/><U100/><REACH who="1" step="1"/><E122/><REACH who="1" ten="232,487,129,142" step="2"/><V98/><F107/><W112/><G112/><T81/><D81/><U74/><E74/><V85/><F75/><RYUUKYOKU ba="2,1" sc="232,15,487,15,129,-15,142,-15" hai0="4,11,15,18,22,27,28,29,45,49,89,95,96" hai1="0,2,3,14,19,24,25,44,51,54,93,99,100" /><INIT seed="1,3,1,4,3,117" ten="247,502,114,127" oya="1" hai0="105,114,131,82,14,64,47,102,36,76,51,127,42" hai1="75,122,106,125,1,45,4,69,88,2,67,87,55" hai2="57,5,62,9,72,65,63,97,26,37,40,96,58" hai3="28,90,15,33,133,27,11,8,73,32,83,35,128"/><U119/><E119/><V20/><F72/><W59/><G128/><T24/><D114/><U92/><E75/><V39/><F39/><W21/><G133/><T89/><D131/><U109/><E106/><V123/><F40/><W66/><G15/><T95/><D127/><U80/><E125/><V121/><F37/><W104/><G104/><T107/><D64/><U19/><E4/><V10/><F96/><W60/><REACH who="3" step="1"/><G90/><REACH who="3" ten="247,502,114,117" step="2"/><T22/><D105/><U130/><E130/><V116/><F116/><W129/><G129/><T79/><D107/><U12/><E12/><V29/><F97/><W18/><G18/><T120/><D14/><U16/><E19/><V124/><F124/><W38/><G38/><T25/><D120/><U101/><E16/><V132/><F132/><W94/><G94/><T53/><D36/><U54/><E122/><V23/><F23/><W6/><G6/><T111/><D89/><U7/><E88/><V99/><F99/><W134/><G134/><T81/><D95/><U30/><E92/><V74/><F9/><W135/><G135/><T31/><D31/><U91/><E30/><V84/><F74/><W77/><AGARI ba="3,2" hai="8,11,21,27,28,32,33,35,59,60,66,73,77,83" machi="77" ten="40,5200,0" yaku="1,1,0,1,53,1" doraHai="117" doraHaiUra="61" who="3" fromWho="3" sc="247,-16,502,-29,114,-16,117,81" /><INIT seed="2,0,0,1,3,103" ten="231,473,98,198" oya="2" hai0="24,76,53,27,97,108,114,39,119,36,7,96,19" hai1="20,4,105,11,80,115,93,94,109,102,48,1,52" hai2="58,18,84,21,46,110,57,101,132,5,65,92,25" hai3="22,100,107,72,90,98,61,66,73,121,99,30,71"/><V43/><F132/><W37/><G121/><T13/><D119/><U26/><E115/><V40/><F110/><W41/><G90/><T69/><D108/><U117/><E109/><V118/><F118/><W60/><G99/><T86/><D69/><U127/><E117/><V6/><F40/><W47/><REACH who="3" step="1"/><G61/><REACH who="3" ten="231,473,98,188" step="2"/><T135/><D135/><U123/><E123/><V10/><F65/><W124/><G124/><T45/><D97/><U116/><E127/><V28/><F28/><W83/><G83/><T33/><D96/><U8/><E80/><V81/><F101/><W38/><G38/><T130/><D39/><U2/><E102/><V44/><F92/><W134/><G134/><T62/><D36/><U15/><E94/><V12/><F6/><W79/><G79/><T35/><D7/><U9/><E93/><V70/><F43/><W63/><G63/><T122/><D62/><U51/><E4/><V55/><F55/><W113/><G113/><T59/><D53/><U42/><E52/><V126/><F126/><W112/><G112/><T74/><D114/><U75/><E42/><V106/><F106/><W50/><G50/><T131/><D122/><U32/><E105/><V133/><F133/><W89/><G89/><T17/><D76/><U95/><E95/><V29/><F29/><W23/><G23/><T129/><D131/><U88/><E51/><V120/><F120/><W128/><G128/><T56/><D130/><U78/><E48/><V31/><F31/><W85/><G85/><T49/><D129/><U111/><E116/><V77/><F70/><W64/><G64/><RYUUKYOKU ba="0,1" sc="231,-15,473,-15,98,15,188,15" hai2="5,10,12,18,21,25,44,46,57,58,77,81,84" hai3="22,30,37,41,47,60,66,71,72,73,98,100,107" /><INIT seed="2,1,1,4,1,36" ten="216,458,113,203" oya="2" hai0="116,28,3,72,125,104,131,135,53,119,21,122,15" hai1="34,120,94,97,44,132,101,76,79,81,115,17,23" hai2="2,55,82,83,1,9,102,40,43,114,123,26,128" hai3="103,39,41,5,65,29,57,8,42,71,73,96,60"/><V52/><F123/><W20/><G73/><T113/><RYUUKYOKU type="yao9" ba="1,1" sc="216,0,458,0,113,0,203,0" hai0="3,15,21,28,53,72,104,113,116,119,122,125,131,135" /><INIT seed="2,2,1,4,5,134" ten="216,458,113,203" oya="2" hai0="120,45,135,14,3,47,131,105,52,90,83,128,21" hai1="18,24,61,15,68,126,29,129,88,12,56,119,16" hai2="115,74,34,57,43,133,108,72,67,101,27,9,46" hai3="123,86,82,64,70,107,93,41,32,125,19,111,23"/><V17/><F115/><W132/><G107/><T37/><D120/><U49/><E119/><V1/><F133/><W75/><G123/><T116/><D3/><U122/><E122/><V124/><F101/><W113/><G113/><T42/><D105/><U55/><E129/><N who="0" m="49737" /><D116/><U35/><E126/><V96/><F96/><W58/><G86/><N who="0" m="50527" /><D135/><U94/><E12/><V8/><F124/><W92/><G58/><T102/><D102/><U7/><E7/><V33/><F57/><W22/><G64/><T117/><D117/><U81/><E81/><V30/><F67/><W50/><G50/><N who="0" m="28767" /><D14/><U40/><E15/><V79/><F108/><W91/><G111/><T44/><D44/><U48/><E48/><V85/><F34/><W77/><G32/><T63/><D21/><N who="1" m="15503" /><E68/><V0/><F0/><W25/><G70/><T65/><D65/><U59/><E35/><V106/><F106/><W103/><G132/><T20/><D20/><U10/><E10/><V51/><F1/><W71/><G125/><T95/><D95/><U104/><E104/><V39/><F8/><W87/><G71/><T26/><D26/><U62/><E40/><V54/><F43/><W13/><G41/><T84/><D84/><N who="1" m="52487" /><E49/><V114/><F39/><W6/><G103/><T66/><D66/><AGARI ba="2,1" hai="16,18,55,56,59,61,62,66" m="52487,15503" machi="66" ten="30,3900,0" yaku="8,1,54,2" doraHai="134" who="1" fromWho="0" sc="216,-45,458,55,113,0,203,0" /><INIT seed="3,0,0,2,2,21" ten="171,513,113,203" oya="3" hai0="2,135,11,128,57,134,5,98,95,90,83,79,122" hai1="35,33,72,36,94,43,6,127,49,59,48,44,105" hai2="102,96,118,66,89,28,64,76,68,46,18,34,54" hai3="101,15,133,104,100,124,38,56,39,115,55,0,70"/><W41/><G0/><T103/><D122/><U31/><E105/><V78/><F118/><W63/><G115/><T114/><D114/><U8/><E72/><V125/><F125/><W25/><G124/><T77/><D128/><U27/><E127/><V69/><F89/><W22/><G133/><N who="0" m="50699" /><D57/><U109/><E109/><V51/><F18/><W97/><G100/><T7/><D7/><U3/><E35/><V84/><F84/><AGARI ba="0,0" hai="2,5,11,77,79,83,84,90,95,98,103" m="50699" machi="84" ten="30,1000,0" yaku="20,1" doraHai="21" who="0" fromWho="2" sc="171,10,513,0,113,-10,203,0" /><INIT seed="4,0,0,4,0,70" ten="181,513,103,203" oya="0" hai0="49,126,56,99,109,39,36,91,94,129,54,69,32" hai1="112,89,33,97,85,73,61,71,35,120,27,111,40" hai2="5,1,123,8,82,20,118,25,57,0,135,92,95" hai3="48,68,23,74,13,114,21,59,121,65,107,67,100"/><T7/><D32/><U60/><E111/><V38/><F123/><W132/><G74/><T14/><D109/><U81/><E120/><V18/><F135/><W103/><G121/><T115/><D69/><U30/><E40/><V76/><F118/><W83/><G132/><T6/><D115/><U29/><E112/><V106/><F106/><W46/><G114/><T84/><D129/><U42/><E42/><V55/><F0/><W3/><G3/><T113/><D113/><U63/><E71/><V75/><REACH who="2" step="1"/><F38/><REACH who="2" ten="181,513,93,203" step="2"/><W50/><G107/><T125/><D39/><U128/><E128/><V9/><F9/><W133/><G133/><T62/><D36/><U45/><E35/><V37/><F37/><W53/><G68/><T79/><D126/><U52/><E33/><V80/><F80/><W26/><G83/><N who="0" m="47231" /><D125/><U22/><E81/><V4/><F4/><W104/><G104/><T43/><D7/><U93/><E93/><V116/><F116/><W41/><G21/><T105/><D105/><U127/><E22/><V11/><F11/><W122/><G122/><T64/><D6/><U96/><E127/><V86/><F86/><W44/><G23/><T34/><D34/><U102/><E85/><V117/><F117/><W24/><G13/><T90/><D14/><U17/><E73/><V119/><F119/><W131/><G131/><T98/><D94/><U108/><E108/><V101/><F101/><W10/><G103/><T47/><D99/><U16/><E97/><V87/><F87/><W134/><G100/><T78/><D98/><U88/><E96/><V15/><F15/><RYUUKYOKU ba="0,1" sc="181,-10,513,-10,93,30,203,-10" hai2="1,5,8,18,20,25,55,57,75,76,82,92,95" /><INIT seed="5,1,1,1,2,104" ten="171,503,123,193" oya="1" hai0="68,83,29,116,22,97,33,47,91,6,82,126,7" hai1="19,1,36,81,70,74,45,37,32,39,86,20,34" hai2="16,122,43,78,49,42,24,26,119,63,23,92,94" hai3="113,61,51,17,112,55,44,72,110,28,18,40,128"/><U64/><E1/><V13/><F119/><W57/><G110/><T11/><D116/><U25/><E74/><V124/><F122/><W89/><G128/><T131/><D131/><U76/><REACH who="1" step="1"/><E45/><REACH who="1" ten="171,493,123,193" step="2"/><V12/><F124/><W0/><G72/><T101/><D126/><U21/><E21/><V85/><F63/><AGARI ba="1,2" hai="19,20,25,32,34,36,37,39,63,64,70,76,81,86" machi="63" ten="40,2000,0" yaku="1,1,53,0" doraHai="104" doraHaiUra="9" who="1" fromWho="2" sc="171,0,493,43,123,-23,193,0" /><INIT seed="5,2,0,3,4,33" ten="171,536,100,193" oya="1" hai0="49,61,10,81,1,43,96,13,8,36,69,20,7" hai1="115,121,82,39,83,21,62,132,42,100,89,58,18" hai2="101,28,118,110,75,103,134,6,51,109,32,70,5" hai3="93,72,30,122,84,65,133,59,102,113,80,12,112"/><U9/><E121/><V126/><F70/><W24/><G122/><T107/><D36/><U19/><E100/><V91/><F75/><W48/><G133/><T67/><D20/><U125/><E115/><N who="3" m="44106" /><G12/><T90/><D81/><U44/><E125/><V135/><F118/><W86/><G72/><T97/><D107/><U27/><E132/><V94/><F32/><N who="3" m="20551" /><G80/><T98/><D43/><U11/><E18/><V64/><F28/><W4/><G4/><T56/><D49/><U99/><E82/><V31/><F31/><W53/><G65/><T15/><D69/><U106/><E106/><V114/><F64/><W123/><G123/><T131/><D131/><U74/><E74/><V2/><F114/><W17/><G17/><T79/><D79/><U66/><REACH who="1" step="1"/><E83/><REACH who="1" ten="171,526,100,193" step="2"/><V35/><F126/><W71/><G102/><T128/><D128/><U46/><E46/><V40/><F101/><W78/><G93/><AGARI ba="2,1" hai="9,11,19,21,27,39,42,44,58,62,66,89,93,99" machi="93" ten="40,2000,0" yaku="1,1,53,0" doraHai="33" doraHaiUra="124" who="1" fromWho="3" sc="171,0,526,36,100,0,193,-26" /><INIT seed="5,3,0,1,2,3" ten="171,562,100,167" oya="1" hai0="83,105,96,116,44,103,40,73,82,87,119,23,47" hai1="28,52,131,80,86,27,66,31,51,41,124,13,14" hai2="37,108,129,92,24,106,56,134,9,20,102,90,93" hai3="81,60,45,72,17,42,68,121,110,97,54,12,126"/><U8/><E124/><V1/><F37/><W50/><G121/><T7/><D23/><U74/><E74/><V101/><F108/><W34/><G34/><T21/><D21/><U67/><E131/><V15/><F1/><W91/><G110/><T78/><D47/><U114/><E114/><V30/><F129/><W43/><G126/><T36/><D7/><U117/><E117/><V77/><F77/><AGARI ba="3,0" hai="36,40,44,73,77,78,82,83,87,96,103,105,116,119" machi="77" ten="30,1000,0" yaku="7,1" doraHai="3" who="0" fromWho="2" sc="171,19,562,0,100,-19,167,0" /><INIT seed="6,0,0,2,5,99" ten="190,562,81,167" oya="2" hai0="58,118,42,124,131,103,54,84,68,14,102,113,9" hai1="40,32,27,77,133,52,26,95,12,24,4,0,111" hai2="107,50,51,59,61,60,90,1,67,94,89,116,22" hai3="62,2,115,72,97,91,93,81,83,70,119,19,96"/><V85/><F1/><W16/><G2/><T10/><D68/><U36/><E111/><V8/><F116/><W106/><G119/><T121/><D118/><U17/><E133/><V49/><F107/><W18/><G115/><T53/><D121/><U79/><E32/><V87/><F22/><W23/><G23/><T82/><D113/><U101/><E0/><V47/><F8/><W43/><G43/><T132/><D132/><U64/><E4/><V56/><F47/><W109/><G109/><T75/><D75/><U3/><E3/><V45/><F45/><W104/><G72/><T65/><D42/><U134/><E64/><V135/><F135/><W117/><G117/><T71/><D71/><U130/><E130/><V128/><F128/><W92/><G106/><T120/><D131/><U48/><E134/><V127/><F127/><W33/><G33/><T21/><D124/><U44/><E40/><V66/><REACH who="2" step="1"/><F50/><REACH who="2" ten="190,562,71,167" step="2"/><W11/><G104/><T55/><D21/><U28/><E48/><V30/><F30/><W20/><G11/><T6/><D10/><U29/><E44/><V34/><F34/><W35/><G35/><T125/><D125/><U114/><E29/><V39/><F39/><W76/><G20/><T38/><D38/><U5/><E36/><V110/><F110/><W31/><G31/><T105/><D105/><U86/><E28/><V63/><F63/><W69/><G62/><N who="0" m="38103" /><D120/><U78/><E114/><V100/><F100/><N who="3" m="60423" /><G76/><AGARI ba="0,1" hai="6,9,14,53,54,55,76,82,84,102,103" m="38103" machi="76" ten="30,3900,0" yaku="8,1,52,2" doraHai="99" who="0" fromWho="3" sc="190,49,562,0,71,0,167,-39" /><INIT seed="7,0,0,1,0,29" ten="239,562,71,128" oya="3" hai0="113,97,31,76,53,2,68,27,98,70,102,129,109" hai1="84,125,128,34,95,46,57,42,40,116,36,56,19" hai2="7,50,114,48,47,0,88,58,13,39,122,64,104" hai3="121,91,117,133,111,55,100,49,35,80,81,79,69"/><W24/><G121/><T45/><D2/><U130/><E116/><V20/><F104/><W89/><G117/><T67/><D76/><U78/><E125/><V63/><F122/><W99/><G69/><T14/><D14/><U107/><E107/><V21/><F114/><W37/><G37/><T23/><D113/><U119/><E119/><V94/><F0/><W134/><G111/><T87/><D87/><U6/><E6/><V33/><F33/><W15/><G15/><T118/><D98/><U41/><E34/><V12/><F39/><W18/><G18/><T106/><D109/><U25/><E36/><V73/><F73/><N who="3" m="43119" /><G24/><T93/><D106/><U5/><E5/><V54/><F48/><W60/><G35/><T131/><D118/><U71/><E71/><V124/><F124/><W32/><G32/><T123/><D123/><U90/><E46/><V26/><F7/><W17/><G17/><T112/><D112/><U96/><E25/><V9/><F9/><W74/><G60/><T83/><D27/><U126/><E19/><V75/><F75/><W3/><G3/><T72/><D72/><U135/><E126/><V92/><F92/><N who="3" m="58471" /><G55/><T105/><D53/><U16/><E16/><N who="2" m="12551" /><F21/><W1/><G49/><T120/><D23/><U103/><E57/><V115/><F115/><W77/><G1/><T66/><D70/><U61/><E61/><V62/><F62/><W43/><G74/><T30/><D68/><U51/><E51/><V10/><F10/><W101/><G81/><T22/><D120/><U44/><E56/><V132/><F132/><W85/><G134/><RYUUKYOKU ba="0,0" sc="239,-10,562,-10,71,30,128,-10" hai2="12,13,47,50,54,58,63,64,88,94" owari="229,3.0,552,65.0,101,-40.0,118,-28.0" /></mjloggm>