<mjloggm ver="2.3"><GO type="169" lobby="0"/><UN n0="%E3%81%A4%E3%81%B0%E3%81%8D%E3%81%A1%30%33" n1="%E9%96%A2%E7%99%BD%E5%A4%B1%E8%84%9A" n2="%EF%BC%88%E2%89%A7%E2%96%BD%E2%89%A6%EF%BC%89" n3="%6D%65%24%6F" dan="16,16,19,17" rate="2135.40,2138.85,2251.65,2169.58" sx="M,F,M,M"/><TAIKYOKU oya="0"/><INIT seed="0,0,0,3,3,1" ten="250,250,250,250" oya="0" hai0="11,93,113,102,63,58,90,9,38,87,77,84,61" hai1="135,21,52,126,72,57,50,118,95,128,109,89,125" hai2="99,31,100,32,112,98,94,129,133,41,70,22,33" hai3="86,67,83,13,26,53,27,10,82,65,119,16,81"/><T7/><D113/><U64/><E72/><V56/><F70/><W8/><G119/><T78/><D38/><U105/><E105/><V110/><F112/><W47/><G8/><T18/><D102/><U60/><E118/><V34/><F110/><W42/><G86/><T28/><D28/><U71/><E109/><V6/><F41/><W29/><G53/><T96/><D18/><U5/><E135/><V2/><F133/><W132/><G132/><T116/><D116/><U111/><E111/><V23/><F129/><W122/><G122/><T54/><D63/><U130/><E21/><V108/><F108/><W14/><G14/><N who="0" m="5439" /><D11/><U45/><E5/><V120/><F120/><W97/><G97/><T20/><D20/><U36/><E89/><V66/><F31/><W43/><G27/><T40/><D40/><N who="3" m="15401" /><G47/><T131/><D131/><N who="1" m="50219" /><E95/><V68/><F94/><W101/><G101/><T127/><D127/><N who="1" m="48651" /><E36/><V24/><F100/><W80/><N who="3" m="20480" /><DORA hai="106" /><W134/><G134/><T75/><D75/><U104/><E104/><V4/><F33/><W19/><G29/><T85/><AGARI ba="0,0" hai="54,58,61,77,78,84,85,87,90,93,96" m="5439" machi="85" ten="30,3000,0" yaku="8,1,52,1" doraHai="1,106" who="0" fromWho="0" sc="250,30,250,-10,250,-10,250,-10" /><INIT seed="0,1,0,0,0,96" ten="280,240,240,240" oya="0" hai0="11,134,29,93,135,115,50,71,14,76,25,72,107" hai1="22,112,47,46,85,45,73,119,6,52,63,131,110" hai2="53,69,67,64,18,5,17,113,37,68,21,108,66" hai3="55,10,30,16,78,15,61,80,91,42,24,84,9"/><T54/><D71/><U31/><E73/><V35/><F35/><W33/><G42/><T2/><D107/><U127/><E119/><V1/><F113/><W128/><G128/><T126/><D2/><U58/><E131/><V94/><F37/><W90/><REACH who="3" step="1"/><G10/><REACH who="3" ten="280,240,240,230" step="2"/><T59/><D115/><U70/><E112/><V4/><F69/><W20/><G20/><N who="0" m="15527" /><D126/><U57/><E127/><V116/><F68/><W3/><G3/><T0/><D0/><U89/><E70/><V123/><F1/><W121/><G121/><T44/><D135/><U65/><E110/><V51/><F21/><W12/><G12/><T49/><D134/><U56/><E65/><V19/><F108/><W39/><G39/><T86/><D72/><U124/><E124/><V87/><F123/><W130/><G130/><T98/><D14/><U32/><E32/><V34/><F34/><W97/><G97/><T105/><D11/><U132/><E132/><V133/><F133/><W100/><G100/><N who="0" m="60495" /><D105/><U92/><E6/><V129/><F129/><W88/><G88/><T62/><D44/><U81/><E22/><V83/><F4/><W36/><G36/><T27/><D27/><U99/><E31/><V38/><F5/><W28/><G28/><T125/><D125/><U109/><E109/><V48/><F38/><W77/><G77/><AGARI ba="1,1" hai="45,46,47,52,56,57,58,63,77,81,85,89,92,99" machi="77" ten="40,2600,0" yaku="8,1,54,1" doraHai="96" who="1" fromWho="3" sc="280,0,240,39,240,0,230,-29" /><INIT seed="1,0,0,3,0,110" ten="280,279,240,201" oya="1" hai0="42,122,123,77,118,60,64,62,71,28,83,10,1" hai1="114,14,76,134,80,89,29,100,113,27,31,21,8" hai2="81,51,3,43,86,18,103,117,48,70,75,74,66" hai3="19,54,46,98,36,109,26,133,34,55,16,4,99"/><U82/><E134/><V93/><F3/><W131/><G133/><T105/><D105/><U79/><E100/><V15/><F117/><W94/><G109/><T67/><D28/><U52/><E31/><V91/><F70/><W53/><G4/><T119/><D42/><U11/><E89/><V85/><F66/><N who="0" m="25130" /><D10/><U97/><E97/><N who="2" m="59823" /><F43/><W95/><G131/><T112/><D1/><U125/><E125/><V84/><F75/><W127/><G127/><T61/><D71/><U7/><E8/><N who="2" m="6503" /><F74/><W12/><G34/><T2/><D2/><U96/><E96/><V116/><F116/><N who="0" m="44586" /><D83/><U44/><E82/><N who="2" m="49559" /><F86/><W92/><G36/><T6/><D77/><AGARI ba="0,0" hai="48,51,77,81,85" m="49559,6503,59823" machi="77" ten="30,1000,0" yaku="8,1" doraHai="110" who="2" fromWho="0" sc="280,-10,279,0,240,10,201,0" /><INIT seed="2,0,0,2,3,53" ten="270,279,250,201" oya="2" hai0="22,39,63,32,131,4,50,121,66,126,99,57,78" hai1="41,52,34,73,128,9,100,69,29,17,105,135,36" hai2="87,88,84,86,37,23,114,112,115,62,101,18,124" hai3="104,11,28,97,103,67,55,64,38,48,24,25,26"/><V108/><F37/><W90/><G38/><T31/><D39/><U15/><E73/><V65/><F101/><W116/><G116/><T122/><D32/><U54/><E69/><V91/><F124/><W2/><G28/><T47/><D126/><U113/><E113/><V85/><N who="2" m="21504" /><DORA hai="127" /><V117/><F117/><W21/><G90/><T82/><D131/><U1/><E41/><V93/><F108/><W20/><G2/><T14/><D99/><U129/><E36/><V51/><F51/><W71/><G11/><T35/><D35/><U75/><E75/><V110/><F93/><W6/><G6/><T81/><D4/><U72/><E72/><V30/><F30/><W123/><G123/><T119/><D119/><U0/><E135/><V60/><F110/><W134/><G134/><T106/><D106/><U58/><E54/><V80/><F80/><W107/><G107/><T77/><D122/><U130/><E100/><V19/><F62/><W45/><REACH who="3" step="1"/><G71/><REACH who="3" ten="270,279,250,191" step="2"/><T59/><D121/><U33/><E105/><V79/><F79/><W111/><G111/><T118/><D118/><U95/><E34/><V96/><F96/><W40/><G40/><N who="0" m="24935" /><D78/><U109/><E109/><V92/><F92/><W46/><G46/><T102/><D77/><U49/><E95/><V13/><REACH who="2" step="1"/><F18/><REACH who="2" ten="270,279,240,191" step="2"/><W70/><G70/><AGARI ba="0,2" hai="13,19,23,60,65,70,88,91,112,114,115" m="21504" machi="70" ten="60,11600,0" yaku="1,1,2,1,54,1,53,0" doraHai="53,127" doraHaiUra="133,7" who="2" fromWho="3" sc="270,0,279,0,240,136,191,-116" /><INIT seed="2,1,0,3,3,56" ten="270,279,376,75" oya="2" hai0="12,114,112,66,18,29,64,111,57,100,14,83,37" hai1="73,54,49,89,127,68,103,125,132,104,33,13,11" hai2="51,124,35,85,41,86,8,113,117,50,121,120,21" hai3="75,44,98,107,4,91,129,101,128,71,133,15,2"/><V26/><F35/><W42/><G2/><T109/><D37/><U61/><E73/><V77/><F117/><W16/><G4/><T63/><D66/><U72/><E72/><V3/><F113/><W65/><G75/><T94/><D29/><U25/><E132/><V130/><F130/><W52/><G133/><T79/><D94/><U118/><E118/><V55/><F124/><W23/><G91/><T96/><D96/><U60/><E68/><V80/><F85/><W119/><G119/><T84/><D100/><U76/><E76/><V87/><F87/><W126/><G126/><N who="1" m="48138" /><E89/><V19/><F41/><W62/><REACH who="3" step="1"/><G52/><REACH who="3" ten="270,279,376,65" step="2"/><T105/><D114/><U1/><E1/><V47/><F3/><W30/><G30/><T40/><D112/><U28/><E103/><V122/><F55/><W88/><G88/><T59/><D40/><U74/><E74/><V7/><F7/><W106/><G106/><T69/><D105/><U92/><E104/><V34/><F121/><W116/><G116/><T38/><D38/><AGARI ba="1,1" hai="15,16,23,38,42,44,62,65,71,98,101,107,128,129" machi="38" ten="40,5200,0" yaku="1,1,52,1,54,1,53,0" doraHai="56" doraHaiUra="31" who="3" fromWho="0" sc="270,-55,279,0,376,0,65,65" /><INIT seed="3,0,0,2,0,66" ten="215,279,376,130" oya="3" hai0="37,11,53,81,133,61,43,14,26,73,62,6,27" hai1="0,110,108,18,50,88,15,87,101,72,124,134,71" hai2="80,21,17,51,90,122,119,3,33,12,109,82,42" hai3="93,111,78,129,59,46,7,63,57,36,120,98,116"/><W58/><G120/><T9/><D133/><U55/><E134/><V28/><F119/><W31/><G116/><T2/><D61/><U83/><E101/><V38/><F38/><W79/><G129/><T118/><D118/><U75/><E0/><V102/><F122/><W100/><G7/><T70/><D53/><U126/><E71/><V68/><F109/><N who="1" m="42089" /><E18/><V4/><F102/><W77/><G111/><T84/><D62/><U113/><E113/><V8/><F68/><W16/><G31/><T24/><D70/><U52/><E15/><V131/><F90/><W5/><G5/><T97/><D97/><U127/><E55/><V115/><F115/><W65/><G36/><T25/><N who="0" m="6144" /><DORA hai="32" /><T106/><D106/><U35/><E35/><V92/><F33/><W114/><G114/><T105/><D105/><U132/><E132/><V135/><F28/><W1/><G1/><T123/><D123/><U89/><E89/><V56/><F135/><W29/><G29/><T121/><D121/><U10/><E10/><V64/><F8/><W13/><REACH who="3" step="1"/><G46/><AGARI ba="0,0" hai="46,50,52,72,75,83,87,88,124,126,127" m="42089" machi="46" ten="40,8000,1" yaku="18,1,14,1,54,2" doraHai="66,32" who="1" fromWho="3" sc="215,0,279,80,376,0,130,-80" /><INIT seed="4,0,0,2,3,10" ten="215,359,376,50" oya="0" hai0="119,96,99,25,37,30,40,1,8,123,22,59,23" hai1="24,49,89,17,131,81,27,18,82,103,92,5,134" hai2="53,26,126,48,66,68,55,69,32,93,118,117,73" hai3="29,3,88,0,51,133,129,52,100,58,97,14,91"/><T21/><D123/><U107/><E5/><V16/><F73/><W87/><G133/><T98/><D119/><N who="2" m="45578" /><F126/><W75/><G75/><T122/><D122/><U124/><E124/><V43/><F43/><W54/><G29/><T7/><REACH who="0" step="1"/><D59/><REACH who="0" ten="205,359,376,50" step="2"/><U36/><E134/><V127/><F127/><W50/><G129/><T114/><D114/><U12/><E131/><V74/><F68/><W39/><G39/><T115/><D115/><U105/><E36/><V101/><F69/><W130/><G130/><T41/><D41/><U111/><E111/><V6/><F55/><W44/><G0/><T77/><D77/><U60/><E107/><V31/><F53/><W9/><G3/><T64/><D64/><U102/><E105/><V120/><F66/><W63/><G63/><T62/><D62/><U90/><E60/><V65/><F65/><W46/><G58/><T108/><D108/><U104/><E104/><V132/><F120/><W72/><G72/><T28/><D28/><U125/><E125/><V13/><F31/><W112/><G112/><T121/><D121/><U113/><E113/><V57/><F74/><W78/><G78/><T2/><D2/><U42/><E42/><V85/><F57/><W45/><G45/><AGARI ba="0,1" hai="1,7,8,21,22,23,25,30,37,40,45,96,98,99" machi="45" ten="40,12000,1" yaku="1,1,53,3" doraHai="10" doraHaiUra="19" who="0" fromWho="3" sc="205,130,359,0,376,0,50,-120" owari="335,-6.0,359,16.0,376,47.0,-70,-57.0" /></mjloggm>