<mjloggm ver="2.3"><GO type="169" lobby="0"/><UN n0="%E5%98%98%E5%96%B0%E3%81%84%E5%96%B0%E3%81%84" n1="%EF%BC%88%E2%89%A7%E2%96%BD%E2%89%A6%EF%BC%89" n2="%E3%82%8A%E3%81%A8%E3%82%8B%E3%80%82%E3%80%82" n3="%EF%BC%A0%E6%A3%AE" dan="16,17,16,17" rate="2093,2125,2090,2164" sx="M,M,M,F"/><TAIKYOKU oya="0"/><INIT seed="0,0,0,3,1,78" ten="250,250,250,250" oya="0" hai0="70,36,114,117,3,39,124,91,8,130,24,61,128" hai1="131,7,29,42,115,103,96,9,19,112,92,23,48" hai2="37,104,72,134,46,113,73,81,55,93,56,80,109" hai3="127,133,67,102,64,107,126,54,34,101,85,38,77"/><T45/><D117/><U76/><E131/><N who="0" m="50217" /><D114/><N who="1" m="43563" /><E76/><V27/><F104/><W66/><G34/><T57/><D70/><U51/><E29/><V41/><F113/><W98/><G38/><N who="0" m="14379" /><D45/><U123/><E42/><V53/><F53/><W122/><G122/><T99/><D124/><N who="3" m="47657" /><G133/><T58/><D24/><N who="1" m="14463" /><E123/><V88/><F134/><W69/><G54/><N who="0" m="33975" /><D58/><U71/><E71/><V18/><F109/><W25/><G25/><T120/><D120/><U47/><E47/><V32/><F73/><W86/><G69/><T28/><D28/><U26/><E26/><V0/><F72/><W125/><N who="3" m="47665" /><W12/><DORA hai="4" /><G12/><AGARI ba="0,0" hai="7,9,12,48,51,92,96,103" m="14463,43563" machi="12" ten="30,2000,0" yaku="11,1,52,1" doraHai="78,4" who="1" fromWho="3" sc="250,0,250,20,250,0,250,-20" /><INIT seed="1,0,0,5,2,31" ten="250,270,250,230" oya="1" hai0="23,70,90,39,0,83,119,135,101,89,81,74,85" hai1="59,117,94,20,110,30,124,49,60,1,6,106,97" hai2="4,72,121,113,115,62,68,7,134,63,19,45,18" hai3="103,116,120,44,82,15,130,125,99,54,58,73,37"/><U50/><E117/><V67/><F72/><W126/><G116/><T3/><D70/><U16/><E106/><V79/><F79/><W100/><G120/><T114/><D119/><U108/><E124/><N who="3" m="47722" /><G130/><T17/><D114/><N who="2" m="43530" /><F121/><W95/><G73/><T2/><D39/><U118/><E118/><V29/><F134/><W52/><G82/><T80/><D101/><N who="1" m="60599" /><E6/><N who="2" m="2091" /><F29/><W36/><G103/><T86/><D135/><U132/><E1/><V122/><F122/><W46/><G15/><T98/><D98/><U22/><E132/><V133/><F133/><W14/><G14/><T25/><REACH who="0" step="1"/><D74/><REACH who="0" ten="240,270,250,230" step="2"/><U38/><E38/><N who="3" m="14954" /><G54/><T11/><D11/><U64/><E110/><V105/><F105/><W9/><G9/><T112/><D112/><U42/><E108/><V131/><F131/><W129/><G129/><T34/><D34/><U28/><E22/><V84/><F84/><AGARI ba="0,1" hai="0,2,3,17,23,25,80,81,83,84,85,86,89,90" machi="84" ten="50,1600,0" yaku="1,1,53,0" doraHai="31" doraHaiUra="91" who="0" fromWho="2" sc="240,26,270,0,250,-16,230,0" /><INIT seed="2,0,0,5,3,76" ten="266,270,234,230" oya="2" hai0="53,1,71,21,95,102,51,49,27,72,40,30,69" hai1="91,84,11,57,10,29,24,38,0,73,35,8,54" hai2="88,111,18,43,5,92,82,94,119,6,85,31,101" hai3="78,55,9,118,130,19,44,15,48,3,98,93,100"/><V17/><F119/><W80/><G118/><T105/><D105/><U123/><E123/><V115/><F115/><W46/><G130/><T67/><D1/><U63/><E38/><V32/><F43/><W23/><G3/><T131/><D40/><U70/><E73/><V90/><F111/><W127/><G127/><T133/><D49/><U106/><E106/><V124/><F124/><W34/><G34/><T20/><D131/><U117/><E117/><V87/><F31/><W26/><G44/><T16/><D72/><U25/><E70/><V4/><F32/><W14/><REACH who="3" step="1"/><G9/><REACH who="3" ten="266,270,234,220" step="2"/><T13/><D133/><U135/><E135/><V86/><REACH who="2" step="1"/><F101/><REACH who="2" ten="266,270,224,220" step="2"/><W7/><G7/><T56/><D102/><U120/><E120/><V77/><AGARI ba="0,2" hai="4,5,6,17,18,77,82,85,86,87,88,90,92,94" machi="77" ten="30,18000,2" yaku="1,1,2,1,0,1,9,1,8,1,52,1,54,1,53,0" doraHai="76" doraHaiUra="113" who="2" fromWho="2" sc="266,-60,270,-60,224,200,220,-60" /><INIT seed="2,1,0,4,1,114" ten="206,210,424,160" oya="2" hai0="6,24,26,77,109,84,52,23,96,22,43,94,132" hai1="48,14,55,98,130,54,82,115,46,31,28,9,120" hai2="135,93,68,27,111,4,108,99,8,61,57,72,58" hai3="110,45,81,124,70,129,118,42,104,127,12,95,19"/><V5/><F72/><W7/><G104/><T78/><D109/><N who="2" m="42058" /><F135/><W64/><G110/><T133/><D6/><N who="1" m="3383" /><E115/><V69/><F27/><W106/><G106/><T60/><D43/><N who="1" m="24671" /><E130/><V35/><F35/><W21/><G129/><T73/><D73/><U37/><E37/><V29/><F29/><N who="1" m="11337" /><E120/><V97/><F4/><W128/><G128/><T79/><D132/><U20/><E98/><N who="2" m="37387" /><F93/><W105/><G105/><T125/><D133/><U103/><E103/><V121/><F121/><W126/><G95/><T66/><D96/><U11/><E82/><V116/><F116/><W2/><G81/><T53/><D94/><U123/><E123/><V47/><F47/><W34/><G34/><T17/><D84/><U85/><E85/><V71/><F61/><N who="3" m="40207" /><G7/><T134/><D134/><U89/><E89/><V38/><F38/><N who="3" m="21719" /><G2/><AGARI ba="1,0" hai="2,5,8,57,58,68,69,71" m="37387,42058" machi="2" ten="40,3900,0" yaku="14,1,10,1" doraHai="114" who="2" fromWho="3" sc="206,0,210,0,424,42,160,-42" /><INIT seed="2,2,0,4,5,86" ten="206,210,466,118" oya="2" hai0="38,65,74,39,6,97,66,61,91,102,14,105,44" hai1="60,42,100,35,96,26,16,67,3,17,1,28,120" hai2="101,84,90,22,45,33,92,110,73,111,32,48,7" hai3="131,19,49,18,63,27,64,36,2,37,87,23,115"/><V82/><F7/><W89/><G115/><T53/><D74/><U117/><E117/><V125/><F125/><W98/><G131/><T129/><D129/><U9/><E42/><V46/><F22/><W77/><G2/><T43/><D39/><U78/><E78/><N who="2" m="44367" /><F101/><W72/><G72/><T85/><D6/><U21/><E120/><V108/><F46/><W70/><G77/><T20/><D20/><U127/><E127/><V121/><F121/><W118/><G118/><T93/><D14/><U119/><E119/><V109/><F109/><W94/><G49/><T31/><D31/><U112/><E112/><V123/><F123/><W71/><G71/><T29/><D29/><U58/><E9/><V113/><F113/><W135/><G135/><T0/><D0/><U104/><REACH who="1" step="1"/><E17/><REACH who="1" ten="206,200,466,118" step="2"/><V55/><AGARI ba="2,1" hai="32,33,45,48,55,84,90,92,108,110,111" m="44367" machi="55" ten="30,6000,0" yaku="14,1,10,1,52,1" doraHai="86" who="2" fromWho="2" sc="206,-22,200,-22,466,76,118,-22" /><INIT seed="2,3,0,4,5,3" ten="184,178,542,96" oya="2" hai0="64,74,60,114,70,92,33,81,32,63,83,112,65" hai1="62,26,46,51,121,49,97,2,89,50,86,8,132" hai2="58,41,61,7,71,80,5,18,16,20,4,15,107" hai3="56,95,99,47,133,76,113,120,115,45,21,39,82"/><V105/><F71/><W91/><G120/><T52/><D92/><U127/><E121/><V134/><F134/><W19/><G133/><T1/><D1/><U96/><E132/><V37/><F37/><W72/><G56/><T117/><D117/><U124/><E46/><V9/><F41/><W106/><G106/><T69/><REACH who="0" step="1"/><D74/><REACH who="0" ten="174,178,542,96" step="2"/><U22/><E2/><V110/><F110/><W30/><G39/><T94/><D94/><U55/><E127/><V122/><F122/><W135/><G135/><T129/><D129/><U73/><E124/><V118/><F118/><W57/><G113/><T67/><D67/><U90/><E73/><V79/><F80/><W131/><G115/><T40/><D40/><U130/><E130/><V14/><REACH who="2" step="1"/><F79/><REACH who="2" ten="174,178,532,96" step="2"/><W17/><G76/><T10/><D10/><U43/><E8/><V53/><AGARI ba="3,2" hai="4,5,7,9,14,15,16,18,20,53,58,61,105,107" machi="53" ten="30,18000,2" yaku="1,1,2,1,0,1,52,3,54,1,53,0" doraHai="3" doraHaiUra="125" who="2" fromWho="2" sc="174,-63,178,-63,532,209,96,-63" /><INIT seed="2,4,0,5,3,133" ten="111,115,741,33" oya="2" hai0="32,18,134,15,31,93,102,101,54,109,129,3,59" hai1="89,58,7,45,117,132,121,29,51,84,70,39,26" hai2="126,4,12,38,0,67,107,44,127,53,86,36,94" hai3="75,112,25,91,50,11,35,81,110,21,24,34,100"/><V46/><F107/><W61/><G112/><T33/><D3/><U27/><E70/><V66/><F0/><W115/><G115/><T108/><D134/><U13/><E117/><V52/><F4/><W63/><G110/><N who="0" m="42603" /><D129/><U125/><E132/><V119/><F12/><W60/><G100/><N who="0" m="38507" /><D31/><U131/><E121/><V92/><REACH who="2" step="1"/><F86/><REACH who="2" ten="111,115,731,33" step="2"/><W103/><G75/><T1/><D1/><U78/><E84/><V19/><F19/><W42/><G25/><T73/><D73/><U116/><E26/><V96/><F96/><W64/><G24/><T56/><D15/><U130/><E13/><V72/><F72/><W41/><G11/><T10/><D10/><U106/><E27/><V16/><F16/><W120/><G21/><T80/><D18/><U65/><E7/><V6/><F6/><W111/><G34/><T87/><D32/><U77/><E29/><V8/><F8/><W71/><G35/><T55/><D33/><U62/><E131/><V85/><F85/><W57/><G111/><T113/><D113/><U118/><E130/><V114/><F114/><W123/><G120/><T76/><D93/><U28/><E118/><AGARI ba="4,1" hai="36,38,44,46,52,53,66,67,92,94,118,119,126,127" machi="118" ten="25,18000,2" yaku="1,1,22,2,52,2,54,1,53,0" doraHai="133" doraHaiUra="104" who="2" fromWho="1" sc="111,0,115,-192,731,202,33,0" owari="111,-9.0,-77,-58.0,933,104.0,33,-37.0" /></mjloggm>