<mjloggm ver="2.3"><GO type="41" lobby="0"/><UN n0="%E5%A4%A9%E7%A7%A4%E6%89%93%E6%B3%95" n1="%E3%82%A6%E3%83%AB%E3%83%88%E3%83%A9%E7%AB%8B%E7%9B%B4" n2="%4D%43%E4%BA%8C%E6%9D%A1" n3="%E3%81%BB%E3%82%82%E3%81%B2%E3%81%A7%E7%8E%8B" dan="14,16,14,13" rate="1941.76,2016.16,1895.22,1880.62" sx="M,M,M,M"/><TAIKYOKU oya="0"/><INIT seed="0,0,0,4,0,99" ten="250,250,250,250" oya="0" hai0="38,24,44,32,76,67,41,65,124,30,95,105,125" hai1="120,115,114,88,118,68,72,53,58,86,47,23,39" hai2="123,26,31,12,21,19,92,75,83,29,18,112,7" hai3="104,108,126,0,97,8,85,131,80,20,111,36,70"/><T93/><D105/><U17/><E72/><V119/><F123/><W82/><G70/><T69/><D76/><U13/><E68/><V1/><F112/><W127/><G36/><T78/><D78/><U74/><E74/><V60/><F119/><W100/><G20/><T45/><D45/><U4/><E120/><V106/><F106/><W56/><G56/><T110/><D110/><N who="3" m="42025" /><G8/><T28/><D28/><U57/><E57/><V133/><F133/><W121/><G0/><T50/><D50/><U48/><E4/><V46/><F83/><W117/><G117/><T87/><D87/><U55/><E118/><V116/><F116/><W90/><G121/><T43/><D43/><U33/><E33/><V135/><F135/><W37/><G37/><T122/><D122/><U3/><E3/><V6/><F75/><W98/><G131/><T73/><D73/><U9/><E39/><V71/><F46/><W96/><G80/><T27/><D27/><U63/><REACH who="1" step="1"/><E23/><REACH who="1" ten="250,240,250,250" step="2"/><V130/><F1/><W35/><G35/><T49/><D69/><U16/><E16/><V84/><F7/><W42/><G42/><T2/><D32/><U132/><E132/><V107/><F6/><W52/><G127/><T81/><D125/><U102/><E102/><V11/><F71/><W62/><G126/><T5/><D124/><U134/><E134/><V40/><F21/><W128/><G128/><T103/><D103/><U61/><E61/><V22/><F130/><W25/><G25/><T64/><D2/><U15/><E15/><V10/><F12/><W51/><G62/><T101/><D5/><RYUUKYOKU ba="0,1" sc="250,-15,240,15,250,-15,250,15" hai1="9,13,17,47,48,53,55,58,63,86,88,114,115" hai3="51,52,82,85,90,96,97,98,100,104" /><INIT seed="1,1,1,5,4,20" ten="235,255,235,265" oya="1" hai0="75,87,44,2,52,28,89,27,80,17,131,39,53" hai1="9,116,113,100,90,45,31,35,112,42,91,124,82" hai2="48,110,12,78,15,13,8,125,115,123,60,25,46" hai3="50,19,77,55,105,40,85,64,107,74,58,73,21"/><U93/><E116/><V71/><F123/><W30/><G73/><T65/><D65/><U38/><E100/><V84/><F115/><W76/><G74/><T36/><D131/><U129/><E129/><V54/><F125/><W62/><G107/><T43/><D2/><U122/><E122/><V61/><F110/><W63/><G105/><T67/><D67/><U118/><E118/><V117/><F117/><W120/><G120/><T126/><D126/><U24/><E124/><V14/><F71/><W11/><G11/><T121/><D121/><U96/><E9/><V0/><F0/><W4/><G4/><T7/><D7/><U6/><E6/><V56/><F25/><W135/><G30/><T47/><D75/><U106/><E106/><V26/><F26/><W119/><G135/><T97/><D97/><U109/><E109/><V59/><F84/><W32/><G32/><T128/><D17/><U68/><REACH who="1" step="1"/><E68/><REACH who="1" ten="235,245,235,265" step="2"/><V98/><F8/><W130/><G130/><T41/><REACH who="0" step="1"/><D128/><REACH who="0" ten="225,245,235,265" step="2"/><U3/><E3/><V51/><F56/><W132/><G132/><T33/><AGARI ba="1,3" hai="27,28,33,36,39,41,43,44,47,52,53,80,87,89" machi="33" ten="20,12000,2" yaku="1,1,2,1,0,1,7,1,9,1,52,1,54,1,53,0" doraHai="20" doraHaiUra="104" who="0" fromWho="0" sc="225,153,245,-61,235,-31,265,-31" /><INIT seed="2,0,0,3,3,93" ten="378,184,204,234" oya="2" hai0="9,30,113,31,11,79,105,72,104,121,51,56,102" hai1="111,27,14,110,75,62,112,1,114,106,59,128,63" hai2="94,97,58,81,33,85,66,73,83,115,64,53,22" hai3="71,21,46,135,40,119,68,74,0,132,133,29,90"/><V96/><F33/><W134/><G119/><T99/><D121/><U25/><E75/><V70/><F115/><W50/><G0/><T8/><D113/><U84/><E84/><V20/><F73/><W125/><G74/><T41/><D105/><U10/><E106/><V55/><F94/><W13/><G125/><T65/><D41/><U18/><E59/><V57/><F85/><W67/><G67/><T69/><D69/><AGARI ba="0,0" hai="20,22,53,55,57,58,64,66,69,70,81,83,96,97" machi="69" ten="25,9600,0" yaku="22,2,52,2" doraHai="93" who="2" fromWho="0" sc="378,-96,184,0,204,96,234,0" /><INIT seed="2,1,0,1,5,8" ten="282,184,300,234" oya="2" hai0="25,122,49,110,63,94,59,69,36,85,70,114,12" hai1="132,28,125,68,0,66,90,67,26,112,100,121,29" hai2="79,60,30,62,48,124,126,95,104,37,74,6,14" hai3="20,35,61,32,120,129,102,83,127,41,21,24,56"/><V119/><F37/><W1/><G1/><T11/><D122/><U81/><E112/><V88/><F104/><W105/><G127/><N who="2" m="48681" /><F30/><W123/><G129/><T82/><D36/><U4/><E121/><V133/><F119/><W50/><G20/><T55/><D114/><U22/><E132/><V23/><F133/><W2/><G2/><T106/><D106/><U80/><E125/><V46/><F79/><W47/><G105/><T76/><D110/><U113/><E113/><V109/><F74/><W134/><G134/><T98/><D25/><U57/><E68/><V40/><F109/><W93/><G83/><T73/><D63/><U75/><E100/><V118/><F118/><W51/><G51/><T45/><D59/><U17/><E80/><V97/><F6/><W116/><G116/><T135/><D73/><U18/><E29/><V53/><F53/><W65/><G123/><T108/><D108/><U42/><E67/><V99/><F97/><W111/><G111/><T89/><D135/><U58/><E42/><V87/><F87/><W72/><G72/><T64/><D64/><U31/><E31/><V33/><F33/><W91/><G120/><T10/><D10/><U27/><E66/><V9/><F9/><W107/><G107/><T130/><REACH who="0" step="1"/><D130/><REACH who="0" ten="272,184,300,234" step="2"/><U39/><E39/><V84/><F62/><W128/><G128/><T7/><AGARI ba="1,1" hai="7,11,12,45,49,55,69,70,76,82,85,89,94,98" machi="7" ten="20,12000,2" yaku="1,1,2,1,0,1,7,1,52,1,53,1" doraHai="8" doraHaiUra="43" who="0" fromWho="0" sc="272,133,184,-31,300,-61,234,-31" /><INIT seed="3,0,0,1,1,129" ten="405,153,239,203" oya="3" hai0="20,79,7,128,107,112,81,29,9,66,44,125,86" hai1="110,22,126,77,59,94,78,34,83,5,124,92,132" hai2="48,67,21,36,104,6,96,75,120,135,76,111,61" hai3="25,8,101,91,46,18,35,3,100,114,84,49,118"/><W56/><G118/><T23/><D128/><U17/><E34/><V127/><F36/><W80/><G114/><T32/><D112/><U97/><E110/><V24/><F111/><W133/><G3/><T109/><D109/><U115/><E115/><V40/><F120/><W116/><G116/><T1/><D125/><U95/><E97/><V55/><F127/><W11/><G35/><T69/><D107/><U42/><E5/><V119/><F119/><W0/><G0/><T106/><D106/><U70/><E70/><V113/><F113/><W123/><G56/><T131/><D131/><U28/><E28/><V64/><F40/><W98/><G123/><T26/><D69/><U85/><E126/><V58/><F6/><W102/><G98/><T43/><D66/><U13/><E124/><V31/><F76/><W87/><G87/><T99/><D99/><U82/><E42/><V71/><F75/><W60/><G60/><T72/><REACH who="0" step="1"/><D86/><REACH who="0" ten="395,153,239,203" step="2"/><U57/><REACH who="1" step="1"/><E132/><REACH who="1" ten="395,143,239,203" step="2"/><V47/><F135/><W105/><G105/><T73/><D73/><AGARI ba="0,2" hai="13,17,22,57,59,73,77,78,82,83,85,92,94,95" machi="73" ten="40,8000,1" yaku="1,1,2,1,53,2" doraHai="129" doraHaiUra="74" who="1" fromWho="0" sc="395,-80,143,100,239,0,203,0" /><INIT seed="4,0,0,1,3,87" ten="315,243,239,203" oya="0" hai0="18,78,79,53,119,35,20,24,76,30,80,4,10" hai1="44,47,113,101,43,69,19,90,135,64,81,132,11" hai2="2,73,116,86,48,117,51,65,95,61,106,77,31" hai3="32,93,66,55,59,72,104,1,83,89,67,46,68"/><T133/><D133/><U99/><E47/><V63/><F106/><W100/><G1/><T134/><D134/><U74/><E113/><V26/><F2/><W9/><G32/><T103/><D119/><N who="2" m="45642" /><F61/><W17/><G104/><T120/><D120/><U52/><E64/><V96/><F73/><W0/><G0/><T125/><D125/><U49/><E69/><N who="2" m="42175" /><F86/><W39/><G39/><T40/><D103/><U23/><E132/><V124/><F77/><W115/><G72/><T57/><D40/><U28/><E135/><V37/><F37/><W14/><G68/><T50/><D10/><U127/><E127/><V8/><F8/><W128/><G115/><T58/><D4/><U121/><E121/><V71/><F71/><W6/><G6/><T3/><D3/><U15/><E74/><V105/><F105/><W112/><G112/><T107/><D107/><U27/><E43/><V129/><F129/><W62/><G128/><T114/><D114/><U21/><E101/><N who="2" m="60575" /><F124/><W130/><G130/><T97/><D79/><U91/><E99/><V110/><F110/><W122/><G122/><T33/><D97/><U42/><E42/><V34/><AGARI ba="0,0" hai="26,31,34,48,51" m="60575,42175,45642" machi="34" ten="30,1100,0" yaku="12,1" doraHai="87" who="2" fromWho="2" sc="315,-5,243,-3,239,11,203,-3" /><INIT seed="5,0,0,2,2,100" ten="310,240,250,200" oya="1" hai0="41,88,61,12,110,103,99,1,13,119,93,66,126" hai1="112,98,0,24,130,55,28,67,83,34,40,46,36" hai2="59,65,8,128,26,52,33,37,71,82,56,31,9" hai3="63,78,25,57,84,87,69,132,96,118,114,122,22"/><U124/><E0/><V2/><F37/><W7/><G114/><T85/><D1/><U111/><E112/><V120/><F120/><W53/><G132/><T10/><D110/><U60/><E111/><V92/><F71/><W70/><G122/><T108/><D108/><U14/><E124/><V129/><F82/><W19/><G7/><T29/><D126/><U105/><E130/><N who="2" m="50283" /><F2/><W42/><G42/><T123/><D41/><U15/><E83/><V3/><F3/><W23/><G23/><T51/><D123/><U4/><E4/><V121/><F121/><W101/><G118/><T18/><D29/><U97/><E55/><V81/><F92/><W43/><G43/><T135/><D135/><U115/><E115/><V11/><F81/><W76/><G70/><T58/><D119/><U77/><E77/><N who="3" m="29802" /><G69/><T50/><REACH who="0" step="1"/><D13/><REACH who="0" ten="300,240,250,200" step="2"/><U113/><E113/><V80/><F31/><W79/><G79/><T91/><D91/><U20/><E14/><V6/><F6/><W21/><G21/><T49/><D49/><U38/><E38/><V109/><F109/><W48/><G48/><T117/><D117/><U107/><E15/><V54/><F11/><W127/><G127/><T64/><D64/><U102/><E20/><V74/><F65/><W5/><G5/><T94/><AGARI ba="0,1" hai="10,12,18,50,51,58,61,66,85,88,93,94,99,103" machi="94" ten="20,8000,1" yaku="1,1,0,1,7,1,8,1,54,1,53,0" doraHai="100" doraHaiUra="73" who="0" fromWho="0" sc="300,90,240,-40,250,-20,200,-20" /><INIT seed="6,0,0,2,5,57" ten="390,200,230,180" oya="2" hai0="45,95,49,91,81,85,118,131,69,129,80,9,16" hai1="30,130,116,53,88,110,76,67,117,75,31,20,93" hai2="61,54,56,133,48,7,83,23,39,22,101,112,18" hai3="25,111,106,108,33,50,103,58,0,98,26,97,124"/><V37/><F7/><W19/><G0/><T64/><D64/><U2/><E110/><V120/><F120/><W132/><G132/><T24/><D69/><U135/><E2/><V21/><F133/><W42/><G124/><T114/><D114/><U89/><E135/><V51/><F112/><W115/><G115/><T74/><D118/><U10/><E130/><V27/><F39/><W72/><G72/><T13/><D24/><U113/><E113/><V52/><F37/><W87/><G97/><T96/><D74/><U41/><E41/><V128/><F128/><N who="0" m="49226" /><D96/><U70/><E89/><V68/><F68/><W109/><G33/><T60/><D60/><U127/><E127/><V43/><F101/><W15/><G87/><T126/><D126/><U14/><E31/><V28/><F28/><W82/><G82/><T99/><D99/><U1/><E67/><N who="2" m="39335" /><F83/><W122/><G122/><T78/><D78/><U94/><E70/><V125/><F125/><W36/><G36/><T102/><D102/><U11/><E76/><V40/><F40/><AGARI ba="0,0" hai="9,13,16,40,45,49,80,81,85,91,95" m="49226" machi="40" ten="30,2000,0" yaku="19,1,54,1" doraHai="57" who="0" fromWho="2" sc="390,20,200,0,230,-20,180,0" /><INIT seed="7,0,0,3,5,115" ten="410,200,210,180" oya="3" hai0="27,125,9,91,121,108,81,54,37,95,82,109,48" hai1="0,107,112,70,103,17,14,41,52,79,49,126,119" hai2="69,130,116,13,84,35,30,74,5,32,7,127,3" hai3="46,86,65,62,45,60,124,111,134,71,67,110,106"/><W105/><G105/><T132/><D37/><U23/><E70/><V61/><F74/><W118/><G86/><T64/><D64/><U66/><E66/><V26/><F69/><N who="3" m="42151" /><G106/><T53/><D9/><U29/><E0/><V92/><F3/><W114/><G114/><T76/><D27/><U120/><E120/><V94/><F35/><W58/><G124/><T8/><D125/><U51/><E126/><V42/><F127/><W33/><G33/><T2/><D2/><U93/><E107/><V10/><F61/><N who="3" m="40431" /><G134/><T123/><D132/><U73/><E112/><V43/><F5/><W57/><G118/><T78/><D8/><U16/><E119/><V75/><F75/><W131/><G131/><T96/><D96/><N who="1" m="59791" /><E79/><V1/><F130/><W25/><G25/><T38/><D95/><U90/><E73/><V129/><F129/><W122/><G122/><T59/><D91/><U101/><E101/><V39/><F116/><W89/><G89/><T47/><D78/><U85/><E29/><V36/><F1/><W63/><G63/><T19/><D76/><U15/><E17/><V50/><F84/><W100/><G100/><T6/><D123/><U97/><E97/><V99/><F99/><W88/><G88/><T44/><D121/><U128/><E128/><V98/><F98/><W83/><G83/><T72/><D72/><U133/><E133/><V11/><F7/><W31/><G31/><T34/><D82/><U77/><E77/><V24/><F30/><W117/><G117/><T104/><D81/><U68/><E90/><V102/><F102/><W40/><G62/><RYUUKYOKU ba="0,0" sc="410,0,200,0,210,0,180,0" owari="410,51.0,200,-20.0,210,1.0,180,-32.0" /></mjloggm>