<mjloggm ver="2.3"><GO type="65"/><UN n0="%E3%82%B7%E3%83%AD%E3%83%9E" n1="%EF%BC%88%E2%89%A7%E2%96%BD%E2%89%A6%EF%BC%89" n2="%65%69%72%61%67%62" n3="%E5%8D%83%E9%B3%A5" dan="8,9,3,5" rate="1540,1770,1523,1562" sx="M,M,M,M"/><TAIKYOKU oya="0"/><INIT seed="0,0,0,0,2,57" ten="250,250,250,250" oya="0" hai0="62,47,128,43,133,33,105,113,18,5,96,129,78" hai1="48,79,52,59,30,39,28,110,14,37,117,42,121" hai2="27,80,92,101,63,102,120,23,109,118,103,94,13" hai3="91,9,50,20,66,114,126,125,56,65,44,25,55"/><T22/><D113/><U115/><E121/><V72/><F120/><W123/><G114/><T74/><D133/><U84/><E117/><V86/><F118/><W71/><G123/><T67/><D33/><U77/><E115/><V45/><F109/><W106/><G106/><T83/><D5/><U35/><E110/><V131/><F131/><W135/><G135/><T32/><D32/><U73/><E73/><V8/><F45/><W130/><G130/><T82/><D82/><N who="1" m="47183" /><E37/><V111/><F111/><W21/><G9/><T64/><D64/><U75/><E75/><V127/><F127/><N who="3" m="48651" /><G21/><T0/><D0/><U36/><E36/><V41/><F41/><W119/><G119/><T61/><D96/><U51/><E39/><V108/><F108/><W104/><G104/><T70/><D105/><U112/><E112/><V12/><F72/><W6/><G6/><T4/><D4/><U11/><E79/><V29/><F13/><W31/><G71/><T107/><D107/><U34/><E34/><V97/><F94/><W69/><G69/><T19/><D61/><N who="1" m="36071" /><E35/><V134/><F134/><W17/><G91/><T1/><D1/><U58/><E42/><V99/><F63/><N who="3" m="36255" /><G31/><N who="1" m="11818" /><E58/><V60/><F60/><W89/><G89/><T15/><REACH who="0" step="1"/><D18/><AGARI ba="0,0" hai="11,14,18,48,51" m="11818,36071,47183" machi="18" ten="30,3900,0" yaku="8,1,52,1,54,1" doraHai="57" who="1" fromWho="0" sc="250,-39,250,39,250,0,250,0" /><INIT seed="1,0,0,1,1,108" ten="211,289,250,250" oya="1" hai0="78,8,59,126,12,91,29,53,44,33,97,50,64" hai1="130,86,100,27,134,39,9,38,2,73,49,119,43" hai2="4,101,99,1,80,131,48,104,30,115,135,41,128" hai3="133,20,66,102,55,121,113,105,96,51,106,35,109"/><U125/><E119/><V123/><F123/><W5/><G121/><T61/><D126/><U116/><E116/><V21/><F135/><W26/><G35/><T117/><D117/><U89/><E73/><V90/><F1/><W23/><G133/><T62/><D78/><U3/><E134/><V93/><F4/><W127/><G109/><T10/><D61/><U6/><E125/><V54/><F41/><W122/><G122/><T13/><D29/><U65/><E130/><N who="2" m="49707" /><F80/><W118/><G118/><T16/><D33/><U18/><E2/><V83/><F83/><W81/><G127/><T57/><D57/><U37/><E100/><V68/><F68/><W63/><G5/><T7/><D91/><U34/><E65/><V124/><F124/><W112/><G105/><T69/><REACH who="0" step="1"/><D97/><REACH who="0" step="2"/><U92/><E34/><V46/><F30/><W129/><G129/><T77/><D77/><U67/><E89/><V56/><F56/><W71/><G81/><T36/><D36/><U32/><E38/><V31/><F31/><W85/><G85/><T94/><D94/><U88/><E39/><V110/><F110/><W114/><REACH who="3" step="1"/><G26/><REACH who="3" step="2"/><T111/><D111/><U98/><E32/><V15/><F104/><W25/><G25/><T24/><D24/><U72/><E27/><V75/><F75/><W52/><G52/><T42/><D42/><U58/><E72/><V17/><F90/><W19/><G19/><T103/><D103/><U14/><E18/><V120/><F120/><W95/><G95/><T87/><D87/><U47/><E86/><V107/><F107/><W82/><G82/><RYUUKYOKU ba="0,2" sc="201,10,289,-30,250,10,240,10" hai0="7,8,10,12,13,16,44,50,53,59,62,64,69" hai2="15,17,21,46,48,54,93,99,101,115" hai3="20,23,51,55,63,66,71,96,102,106,112,113,114" /><INIT seed="2,1,2,2,1,98" ten="211,259,260,250" oya="2" hai0="12,33,29,89,60,47,55,96,58,134,105,117,71" hai1="80,53,14,41,79,94,10,42,73,2,17,76,87" hai2="5,45,6,31,119,103,16,28,99,85,0,57,70" hai3="32,123,131,68,24,91,26,74,135,101,92,50,111"/><V130/><F119/><W120/><G68/><T124/><D134/><U23/><E73/><V61/><F70/><W19/><G74/><T93/><D124/><U54/><E76/><V38/><F38/><W126/><G135/><T52/><D117/><U129/><E129/><V78/><F5/><W30/><G126/><T48/><D71/><U20/><E94/><V97/><F97/><W112/><G112/><T110/><D110/><U128/><E128/><V37/><F130/><W132/><G131/><T65/><D65/><U90/><E79/><V51/><F37/><W95/><G132/><T39/><D39/><U77/><E77/><V114/><F114/><W113/><G113/><T40/><D40/><N who="1" m="15467" /><E2/><V36/><F36/><W25/><G111/><T115/><D115/><U67/><E67/><V62/><F0/><W108/><G108/><T3/><D3/><U102/><E102/><V82/><F6/><W8/><G50/><T9/><D29/><U44/><E44/><V7/><F7/><W1/><G120/><T22/><D33/><U66/><E66/><V63/><F57/><W104/><G104/><T86/><D105/><U133/><E133/><V127/><F16/><W35/><G123/><T59/><D59/><U43/><N who="1" m="15475" /><U125/><DORA hai="49" /><E125/><V84/><F84/><N who="3" m="52327" /><G1/><T34/><D34/><N who="3" m="12841" /><G30/><T88/><D89/><U27/><E20/><V122/><F122/><W100/><G95/><T15/><D22/><U116/><E116/><V118/><F118/><W83/><G83/><N who="0" m="49247" /><D9/><U18/><AGARI ba="1,2" hai="10,14,17,18,23,27,53,54,80,87,90" m="15475" machi="18" ten="30,4000,0" yaku="8,1,52,2" doraHai="98,49" who="1" fromWho="1" sc="211,-11,259,63,260,-21,250,-11" /><INIT seed="3,0,0,1,5,64" ten="200,322,239,239" oya="3" hai0="129,89,121,123,10,32,125,127,14,77,11,135,19" hai1="108,100,76,53,94,27,81,36,96,70,101,128,67" hai2="45,87,21,116,65,54,114,68,124,41,72,9,63" hai3="98,40,2,44,22,103,48,78,25,84,60,74,133"/><W51/><G2/><T106/><D106/><U102/><E36/><V0/><F116/><W122/><G122/><N who="0" m="46603" /><D89/><U56/><E128/><V131/><F114/><W4/><G74/><T50/><D77/><U20/><E108/><V86/><F131/><W59/><G133/><T92/><D92/><U119/><E119/><V33/><F124/><N who="0" m="47690" /><D50/><U113/><E113/><V75/><F33/><W38/><G4/><N who="0" m="3399" /><D129/><U126/><E126/><V71/><F72/><W62/><G60/><T112/><D135/><U55/><E76/><V93/><F75/><W110/><G110/><T85/><D85/><U7/><E94/><V88/><F0/><W26/><G26/><T91/><D91/><U42/><E81/><V6/><F6/><W34/><G34/><T90/><D90/><U66/><E96/><V39/><F9/><W37/><G37/><T95/><D95/><U118/><E102/><V3/><F3/><W13/><G84/><T99/><D99/><U111/><E101/><V46/><F21/><W61/><G78/><T134/><D134/><U83/><E83/><V43/><F87/><W17/><G61/><T97/><D97/><U69/><E118/><V105/><F105/><W120/><G120/><T8/><D112/><U16/><E100/><V29/><F29/><W15/><G38/><T109/><D109/><U58/><E111/><V80/><F80/><W107/><G51/><T28/><D19/><U31/><E16/><V18/><F18/><W52/><AGARI ba="0,0" hai="13,15,17,22,25,40,44,48,52,59,62,98,103,107" machi="52" ten="20,3900,0" yaku="0,1,7,1,54,1" doraHai="64" who="3" fromWho="3" sc="200,-13,322,-13,239,-13,239,39" /><INIT seed="3,1,0,1,0,133" ten="187,309,226,278" oya="3" hai0="15,46,39,3,5,40,51,34,49,31,106,109,98" hai1="7,0,70,23,105,111,10,68,73,45,81,107,97" hai2="26,22,122,135,90,126,17,103,8,124,87,28,9" hai3="35,53,110,77,41,43,60,121,95,93,1,64,125"/><W132/><G1/><T80/><D109/><U129/><E111/><V6/><F122/><W76/><G110/><T108/><D108/><U89/><E129/><V79/><F135/><W16/><G35/><T57/><D3/><U117/><E117/><V4/><F103/><W78/><G132/><T74/><D57/><U58/><E58/><V52/><F79/><W37/><G121/><T36/><D36/><U83/><E83/><V69/><F69/><N who="1" m="26729" /><E23/><N who="2" m="15455" /><F87/><W65/><G37/><T32/><D32/><U11/><E89/><V86/><F52/><W25/><G25/><T50/><D98/><U84/><E84/><V48/><F48/><W116/><G116/><T12/><D106/><N who="1" m="40459" /><E97/><V19/><F90/><W14/><G64/><T115/><D115/><U75/><E11/><N who="2" m="4171" /><F86/><W104/><G104/><T20/><D34/><U66/><E66/><V123/><F123/><W100/><G53/><T134/><D134/><U24/><E45/><V99/><F99/><W55/><G55/><T128/><D128/><U72/><E24/><N who="2" m="14415" /><F19/><W114/><G114/><T61/><D61/><U112/><E112/><V54/><F54/><W82/><G100/><T120/><D120/><U101/><E101/><V130/><F130/><W92/><G82/><T127/><D127/><AGARI ba="1,0" hai="4,6,124,126,127" m="14415,4171,15455" machi="127" ten="30,12000,2" yaku="18,1,34,2,52,3" doraHai="133" who="2" fromWho="0" sc="187,-123,309,0,226,123,278,0" owari="64,-44,309,11,349,45,278,-12" /></mjloggm>