<mjloggm ver="2.3"><GO type="169"/><UN n0="%EF%BC%88%E2%89%A7%E2%96%BD%E2%89%A6%EF%BC%89" n1="%E3%83%AA%E3%83%95%E3%83%AC%E3%82%AF%E3%83%86%E3%82%A3%E3%82%A2" n2="%E5%A4%A7%E6%AD%A3%E9%BA%BB%E9%9B%80%E5%A8%98%E3%80%82" n3="%E5%A4%A2%E8%A6%8B%E3%82%8B%E5%B0%91%E5%A5%B3" dan="17,16,17,16" rate="2150,2140,2159,2103" sx="M,F,F,F"/><TAIKYOKU oya="0"/><INIT seed="0,0,0,0,0,31" ten="250,250,250,250" oya="0" hai0="6,126,18,129,103,127,53,102,105,14,74,50,92" hai1="86,64,11,76,2,84,56,124,4,100,37,81,114" hai2="45,107,134,17,119,25,0,28,80,72,68,116,47" hai3="87,75,128,20,132,21,113,39,41,67,71,61,88"/><T29/><D29/><U5/><BYE who="0" /><E37/><V16/><F107/><W115/><G75/><T133/><D133/><U19/><E114/><V120/><F120/><W24/><G132/><T82/><D82/><U85/><E124/><V79/><F0/><W33/><G128/><T130/><D130/><U10/><E100/><V97/><F68/><W44/><G21/><T34/><D34/><U32/><E19/><N who="2" m="7243" /><F97/><W125/><G125/><T22/><D22/><U42/><E42/><UN n0="%EF%BC%88%E2%89%A7%E2%96%BD%E2%89%A6%EF%BC%89" /><V46/><F134/><W13/><G13/><T111/><D105/><U101/><E101/><V96/><F96/><W65/><G65/><T62/><D103/><U112/><E112/><V26/><F28/><W94/><G33/><T91/><D129/><U83/><E32/><V49/><F49/><W108/><G108/><T30/><D111/><U66/><E56/><V57/><F57/><W58/><G71/><T90/><D74/><U55/><E55/><V12/><F12/><W7/><G7/><T70/><D6/><U131/><E131/><V78/><F79/><W3/><G3/><T27/><D70/><U123/><E123/><V95/><F95/><W122/><G122/><T35/><D92/><U36/><E36/><V43/><F43/><W59/><G59/><N who="0" m="35183" /><D50/><U98/><E98/><V51/><F51/><W118/><G118/><AGARI ba="0,0" hai="25,26,45,46,47,72,78,80,116,118,119" m="7243" machi="118" ten="30,2000,0" yaku="12,1,54,1" doraHai="31" who="2" fromWho="3" sc="250,0,250,0,250,20,250,-20" /><INIT seed="1,0,0,5,1,2" ten="250,250,270,230" oya="1" hai0="125,18,90,133,93,135,75,26,50,92,9,39,99" hai1="21,40,86,42,28,45,105,113,11,8,65,81,16" hai2="51,115,126,4,10,7,94,112,88,0,5,38,84" hai3="22,31,123,70,121,114,72,96,76,35,102,127,33"/><U58/><E105/><V79/><F38/><W17/><G114/><N who="2" m="43561" /><F126/><W100/><G127/><T101/><D125/><U116/><E116/><V30/><F30/><W49/><G70/><T43/><D75/><U20/><E113/><V85/><F51/><W111/><G100/><T104/><D39/><U48/><E40/><V132/><F132/><N who="0" m="50762" /><D90/><U89/><E28/><V6/><F79/><W29/><G29/><T124/><D124/><U54/><E21/><V131/><F131/><W1/><G1/><T77/><D77/><U110/><E65/><V52/><F52/><W15/><G76/><T27/><D50/><U60/><REACH who="1" step="1"/><E110/><REACH who="1" ten="250,240,270,230" step="2"/><V78/><F78/><W83/><G111/><T91/><D43/><U80/><E80/><V71/><F71/><W56/><G31/><T122/><D104/><U82/><E82/><V134/><F134/><W68/><G68/><T66/><D66/><U98/><E98/><AGARI ba="0,1" hai="0,4,5,6,7,10,84,85,88,94,98" m="43561" machi="98" ten="30,12000,2" yaku="11,1,52,4,54,1" doraHai="2" who="2" fromWho="1" sc="250,0,240,-120,270,130,230,0" /><INIT seed="2,0,0,2,1,58" ten="250,120,400,230" oya="2" hai0="11,80,61,69,33,72,112,110,91,45,102,36,117" hai1="100,111,29,113,93,24,81,126,118,119,44,26,76" hai2="50,92,132,15,88,49,28,120,74,84,89,108,125" hai3="82,47,12,98,37,20,95,103,134,41,30,54,53"/><V55/><F120/><W35/><G134/><T83/><D112/><U73/><E113/><V66/><F74/><W40/><G35/><T75/><D33/><U3/><E126/><V122/><F122/><W62/><G41/><T57/><D69/><U32/><E3/><V25/><F125/><W5/><G82/><T107/><D117/><U21/><E26/><V14/><F132/><W0/><G0/><T94/><D75/><U27/><E111/><V64/><F50/><W42/><G42/><T65/><D110/><U43/><E24/><V59/><F108/><W8/><G30/><T19/><D72/><U109/><E109/><V9/><F89/><W51/><G20/><T13/><D36/><U123/><E21/><N who="2" m="15407" /><F15/><W4/><G4/><AGARI ba="0,0" hai="4,9,14,49,55,59,64,66,84,88,92" m="15407" machi="4" ten="30,2900,0" yaku="8,1,54,1" doraHai="58" who="2" fromWho="3" sc="250,0,120,0,400,29,230,-29" /><INIT seed="2,1,0,5,2,35" ten="250,120,429,201" oya="2" hai0="109,112,51,101,87,124,80,130,4,69,16,50,39" hai1="78,46,7,89,126,90,75,59,86,115,108,30,64" hai2="72,20,26,118,82,48,63,58,27,81,88,128,103" hai3="61,117,120,71,131,122,79,107,43,47,55,73,65"/><V24/><F118/><W13/><G107/><T5/><D39/><U36/><E115/><V56/><F128/><W110/><G117/><T17/><D112/><U23/><E126/><V25/><F103/><W44/><G110/><T1/><D69/><U135/><E108/><V52/><F72/><W70/><G131/><T34/><D34/><U129/><E135/><V14/><F14/><W100/><G100/><T125/><D130/><U15/><E129/><V113/><F113/><W114/><G114/><T3/><D101/><U10/><E36/><V76/><F76/><W12/><G79/><T94/><D94/><U105/><E105/><V53/><REACH who="2" step="1"/><F88/><REACH who="2" ten="250,120,419,201" step="2"/><W32/><G73/><T119/><D119/><U96/><E75/><V67/><F67/><W66/><G12/><T22/><D109/><U49/><E78/><V42/><F42/><W132/><G13/><T77/><D77/><U37/><E90/><V95/><F95/><W134/><G43/><T31/><D80/><U18/><E89/><V92/><F92/><W123/><G122/><T33/><D87/><U2/><E86/><V133/><F133/><W6/><G132/><T8/><D124/><U116/><E116/><V57/><F57/><W60/><G134/><T0/><D125/><U11/><E64/><V98/><F98/><W111/><G111/><T104/><D104/><U127/><E96/><V45/><F45/><W9/><G120/><T74/><D74/><U102/><E127/><V29/><AGARI ba="1,1" hai="20,24,25,26,27,29,48,52,53,56,58,63,81,82" machi="29" ten="30,11700,0" yaku="1,1,0,1,8,1,54,1,53,0" doraHai="35" doraHaiUra="99" who="2" fromWho="2" sc="250,-40,120,-40,419,130,201,-40" /><INIT seed="2,2,0,0,3,62" ten="210,80,549,161" oya="2" hai0="123,91,43,111,119,122,4,105,52,76,40,109,23" hai1="26,110,9,132,79,133,31,61,115,69,126,130,15" hai2="57,100,16,75,95,90,71,121,87,42,56,85,10" hai3="73,33,108,58,72,27,84,118,131,60,112,103,41"/><V0/><F75/><W96/><G118/><T107/><D4/><U28/><E79/><V86/><F71/><W12/><G108/><N who="0" m="41547" /><D76/><U125/><E110/><V51/><F121/><N who="0" m="46090" /><D119/><U45/><E69/><V34/><F34/><W127/><G127/><N who="1" m="48650" /><E61/><V124/><F100/><W36/><G84/><T89/><D23/><N who="1" m="15455" /><E31/><V54/><F42/><N who="0" m="15914" /><D52/><U29/><E45/><V113/><F124/><W39/><G73/><T134/><D134/><N who="1" m="51819" /><E29/><V32/><F57/><W5/><G58/><T104/><AGARI ba="2,0" hai="89,91,104,105,107" m="15914,46090,41547" machi="104" ten="40,5200,0" yaku="28,2,14,1" doraHai="62" who="0" fromWho="0" sc="210,58,80,-15,549,-28,161,-15" /><INIT seed="3,0,0,2,1,38" ten="268,65,521,146" oya="3" hai0="112,63,88,60,51,85,123,49,83,109,5,58,59" hai1="14,44,104,41,100,120,71,8,87,131,108,78,11" hai2="74,34,13,66,18,31,23,99,121,68,2,114,129" hai3="89,4,84,130,128,91,75,15,64,125,126,52,26"/><W76/><G64/><N who="0" m="38935" /><D123/><U95/><E120/><V16/><F121/><W48/><G26/><T17/><D109/><U32/><E108/><V106/><F74/><W43/><G75/><T132/><D5/><U0/><E32/><V10/><F114/><W53/><G76/><T127/><D127/><N who="3" m="48649" /><G4/><T80/><D132/><U110/><E71/><V6/><F129/><N who="3" m="49771" /><G15/><T93/><D17/><U96/><E131/><V73/><F73/><W54/><G84/><N who="0" m="52359" /><D112/><U28/><E110/><V82/><F18/><W94/><G94/><T67/><D83/><U37/><E0/><V102/><F82/><W97/><G97/><T22/><D22/><U107/><E28/><V27/><F66/><W70/><G70/><AGARI ba="0,0" hai="2,6,10,13,16,23,27,31,34,68,70,99,102,106" machi="70" ten="40,5200,0" yaku="24,2,54,1" doraHai="38" who="2" fromWho="3" sc="268,0,65,0,521,52,146,-52" /><INIT seed="4,0,0,3,0,70" ten="268,65,573,94" oya="0" hai0="79,130,65,104,125,33,32,18,22,62,73,88,118" hai1="95,71,47,36,119,120,98,53,23,14,100,86,110" hai2="107,9,45,29,43,108,41,112,72,19,101,34,49" hai3="7,127,30,42,122,48,102,116,97,8,12,69,92"/><T60/><D118/><U31/><E119/><V35/><F108/><W58/><G116/><T129/><D104/><U114/><E110/><V81/><F112/><W66/><G122/><T117/><D117/><U44/><E120/><V57/><F43/><W67/><G69/><N who="0" m="42151" /><D125/><U28/><E71/><V15/><F29/><W78/><G127/><T3/><D3/><U54/><E114/><V52/><F101/><W27/><G78/><T59/><D79/><U132/><E132/><V87/><F72/><W115/><G115/><T94/><D73/><U63/><E86/><V93/><F93/><W64/><G42/><T13/><D59/><U103/><E14/><V123/><F107/><W83/><G83/><T21/><D21/><U131/><E23/><V61/><F123/><W56/><REACH who="3" step="1"/><G48/><REACH who="3" ten="268,65,573,84" step="2"/><T68/><D68/><U5/><E63/><V82/><F81/><W90/><G90/><AGARI ba="0,1" hai="9,15,19,34,35,41,45,49,52,57,61,82,87,90" machi="90" ten="30,2000,0" yaku="7,1,54,1" doraHai="70" who="2" fromWho="3" sc="268,0,65,0,573,30,84,-20" /><INIT seed="5,0,0,2,1,41" ten="268,65,603,64" oya="1" hai0="87,27,107,101,71,24,15,132,118,95,93,38,26" hai1="70,9,32,54,11,133,103,75,119,135,16,108,20" hai2="43,40,106,126,17,113,76,46,99,36,65,134,39" hai3="4,37,102,79,21,35,55,78,89,125,0,66,59"/><U67/><E32/><V111/><F76/><W7/><G35/><T33/><D33/><U105/><E119/><V13/><F111/><W127/><G37/><T86/><D118/><U63/><E108/><V29/><F29/><W120/><G120/><T128/><D71/><U123/><E75/><V124/><F65/><W69/><G102/><T112/><D112/><U97/><E123/><V73/><F73/><W60/><G21/><T74/><D74/><U98/><E54/><V1/><F1/><W121/><G89/><T114/><D114/><U56/><E70/><V3/><F3/><W47/><G47/><T90/><D132/><U85/><E85/><V96/><F134/><N who="1" m="51209" /><E98/><V58/><F113/><W122/><G122/><T2/><D2/><U131/><E131/><V6/><F99/><W94/><G0/><T50/><D128/><U77/><E77/><V130/><F96/><W25/><G121/><T115/><D115/><U52/><E67/><V117/><F130/><W18/><G79/><T61/><D87/><U51/><E63/><V104/><F117/><W110/><G78/><T28/><D86/><U48/><E48/><V129/><F39/><W49/><G110/><T62/><D62/><U88/><E88/><V92/><F36/><W57/><G69/><T68/><D68/><U30/><E30/><V81/><F129/><W5/><G94/><T44/><D61/><U100/><E100/><V80/><F92/><W14/><G25/><AGARI ba="0,0" hai="9,11,16,20,25,51,52,56,97,103,105" m="51209" machi="25" ten="30,5800,0" yaku="20,1,54,2" doraHai="41" who="1" fromWho="3" sc="268,0,65,58,603,0,64,-58" /><INIT seed="5,1,0,3,2,125" ten="268,123,603,6" oya="1" hai0="33,49,15,122,38,14,26,10,99,51,32,60,118" hai1="104,63,96,88,84,73,36,29,126,56,30,131,79" hai2="24,45,4,92,65,106,13,59,16,108,128,62,83" hai3="105,111,95,77,103,68,134,17,117,3,50,130,75"/><U109/><E36/><V116/><F106/><W89/><G17/><T91/><D38/><U64/><E109/><V115/><F108/><W40/><G40/><T28/><D122/><U135/><E126/><V52/><F116/><W35/><G50/><T34/><D118/><U61/><E135/><V86/><F4/><W8/><G8/><T127/><D127/><U25/><E79/><V42/><F24/><W124/><G89/><T37/><D37/><U119/><E73/><V94/><F115/><W58/><G58/><T41/><D60/><U71/><E119/><V20/><F42/><W18/><G18/><T74/><D74/><U100/><E131/><V107/><F107/><W66/><G95/><T129/><D129/><U48/><E48/><N who="2" m="28687" /><F128/><W7/><G103/><T93/><D15/><U54/><REACH who="1" step="1"/><E25/><REACH who="1" ten="268,113,603,6" step="2"/><V76/><AGARI ba="1,1" hai="13,16,20,59,62,65,76,83,86,92,94" m="28687" machi="76" ten="30,4000,0" yaku="8,1,54,2" doraHai="125" who="2" fromWho="2" sc="268,-11,113,-21,603,53,6,-11" owari="257,6.0,92,-31.0,656,76.0,-5,-51.0" /></mjloggm>