<mjloggm ver="2.3"><GO type="41" lobby="0"/><UN n0="%E5%9D%8A%E3%82%84%E3%82%BF%E3%82%AF" n1="%61%6B%61%75%73%61%67%69" n2="%E3%82%A6%E3%83%AB%E3%83%88%E3%83%A9%E7%AB%8B%E7%9B%B4" n3="%6E%69%79%61%72%69" dan="15,14,16,14" rate="1976.42,1931.05,2053.42,1957.20" sx="M,M,M,M"/><TAIKYOKU oya="0"/><INIT seed="0,0,0,4,3,82" ten="250,250,250,250" oya="0" hai0="57,89,135,126,42,17,128,53,10,134,93,18,56" hai1="109,103,119,52,94,111,65,45,85,133,49,54,121" hai2="122,47,12,91,124,113,36,101,44,48,28,25,59" hai3="7,41,26,69,77,114,23,98,123,22,15,102,125"/><T112/><D112/><U81/><E121/><V0/><F0/><W97/><G114/><T129/><D42/><U95/><E119/><V106/><F122/><W46/><G69/><T16/><D10/><U29/><E133/><N who="0" m="50697" /><D126/><U35/><E65/><V115/><F124/><W107/><G123/><T104/><D104/><U61/><E35/><V50/><F36/><W100/><G125/><T37/><D37/><U76/><E29/><V75/><F59/><N who="0" m="22602" /><D53/><U30/><E30/><V90/><F106/><W84/><G26/><T108/><D108/><N who="1" m="41547" /><E103/><V43/><F101/><W63/><G63/><T4/><D4/><U132/><E132/><V55/><F25/><W51/><G102/><T8/><D8/><U9/><E9/><V31/><F55/><N who="1" m="21033" /><E61/><V32/><F43/><AGARI ba="0,0" hai="43,45,49,76,81,85,94,95" m="21033,41547" machi="43" ten="30,3900,0" yaku="14,1,52,1,54,1" doraHai="82" who="1" fromWho="2" sc="250,0,250,39,250,-39,250,0" /><INIT seed="1,0,0,2,3,20" ten="250,289,211,250" oya="1" hai0="42,97,9,54,100,79,68,49,50,73,31,94,17" hai1="88,126,123,108,114,2,103,74,11,22,65,104,34" hai2="119,84,29,90,134,18,133,26,107,30,24,32,127" hai3="19,75,86,116,64,48,128,52,95,78,117,125,61"/><U40/><E123/><V87/><F107/><W131/><G75/><T37/><D68/><U98/><E114/><V83/><F119/><N who="3" m="45643" /><G19/><T77/><D37/><U91/><E34/><V112/><F112/><W15/><G15/><N who="0" m="7407" /><D73/><U51/><E74/><V39/><F39/><W28/><G28/><T102/><D31/><U6/><E126/><V56/><F127/><W59/><G125/><T111/><D111/><U7/><E108/><V46/><F18/><W93/><G78/><N who="0" m="29707" /><D42/><U25/><E7/><V81/><F46/><N who="3" m="27671" /><G86/><T47/><D50/><U110/><E65/><V43/><F43/><W0/><G0/><T130/><D130/><AGARI ba="0,0" hai="59,61,64,93,95,128,130,131" m="27671,45643" machi="130" ten="30,3900,0" yaku="19,1,12,1,54,1" doraHai="20" who="3" fromWho="0" sc="250,-39,289,0,211,0,250,39" /><INIT seed="2,0,0,3,2,87" ten="211,289,211,289" oya="2" hai0="51,85,40,124,95,47,25,119,108,112,90,42,110" hai1="81,100,72,60,10,61,122,31,54,6,17,5,62" hai2="127,88,71,64,116,14,53,98,37,91,68,96,39" hai3="0,46,35,92,83,65,104,125,13,78,94,32,43"/><V99/><F64/><W21/><G104/><T36/><D112/><U79/><E122/><V30/><F30/><W133/><G0/><T3/><D3/><U45/><E100/><V117/><F14/><W50/><G65/><T126/><D25/><U69/><E31/><V67/><F67/><W66/><G66/><T135/><D135/><U15/><REACH who="1" step="1"/><E69/><REACH who="1" ten="211,279,211,289" step="2"/><N who="2" m="26699" /><F53/><W4/><G133/><T109/><D119/><N who="2" m="45642" /><F127/><N who="0" m="48682" /><D42/><U132/><E132/><V49/><F49/><AGARI ba="0,1" hai="36,40,47,49,51,85,90,95,108,109,110" m="48682" machi="49" ten="40,5200,0" yaku="14,1,18,1,52,1" doraHai="87" who="0" fromWho="2" sc="211,62,279,0,211,-52,289,0" /><AGARI ba="0,0" hai="5,6,10,15,17,45,49,54,60,61,62,72,79,81" machi="49" ten="40,1300,0" yaku="1,1,53,0" doraHai="87" doraHaiUra="130" who="1" fromWho="2" sc="273,0,279,13,159,-13,289,0" /><INIT seed="3,0,0,2,0,29" ten="273,292,146,289" oya="3" hai0="47,48,46,51,123,16,135,130,80,28,15,76,98" hai1="34,132,18,124,107,25,7,33,104,112,3,39,42" hai2="85,91,129,17,78,36,128,22,63,121,108,9,93" hai3="66,12,8,5,92,86,99,1,41,10,83,81,32"/><W97/><G66/><T13/><D123/><U82/><E112/><V59/><F36/><W53/><G41/><T0/><D0/><U57/><E124/><V68/><F68/><W21/><G21/><T96/><D28/><U120/><E120/><V88/><F121/><W101/><G32/><T45/><D135/><U110/><E110/><V79/><F108/><W30/><G30/><T37/><D37/><U14/><E132/><V56/><F9/><W105/><G53/><T109/><D109/><U119/><E3/><V60/><F128/><W125/><G125/><T6/><D6/><U35/><E7/><V43/><F43/><W65/><G65/><T52/><D51/><U131/><E25/><V64/><F129/><W84/><G86/><N who="0" m="48391" /><D130/><U19/><E119/><V72/><F72/><W100/><REACH who="3" step="1"/><G84/><REACH who="3" ten="273,292,146,279" step="2"/><T90/><D98/><U102/><E131/><V38/><F38/><W2/><G2/><T62/><D96/><U26/><E42/><V116/><F116/><W44/><G44/><T74/><D47/><U49/><E39/><V20/><F20/><W95/><G95/><T70/><D46/><U69/><E107/><V122/><F122/><W133/><G133/><T127/><D127/><U61/><E104/><V23/><F23/><W11/><G11/><T27/><D45/><U73/><E102/><V106/><F106/><W113/><G113/><T114/><D114/><U89/><E73/><V58/><F64/><W103/><G103/><T134/><D74/><U40/><E40/><V111/><F22/><W118/><G118/><T67/><D134/><U55/><E55/><RYUUKYOKU ba="0,1" sc="273,-10,292,-10,146,-10,279,30" hai3="1,5,8,10,12,81,83,92,97,99,100,101,105" /><INIT seed="3,1,1,5,2,121" ten="263,282,136,309" oya="3" hai0="39,44,6,125,15,101,59,133,24,124,79,23,50" hai1="135,69,30,36,89,32,11,56,130,111,113,7,91" hai2="29,118,9,120,8,17,70,27,74,132,88,19,117" hai3="126,123,49,67,103,21,37,102,5,1,94,73,131"/><W10/><G123/><T16/><D79/><U82/><E69/><V83/><F70/><W33/><G33/><T119/><D119/><U76/><E113/><V114/><F74/><W75/><G37/><T110/><D101/><U90/><E36/><V104/><F104/><W31/><G67/><T52/><D133/><U14/><E135/><V87/><F132/><W46/><G126/><N who="0" m="48747" /><D39/><U40/><E130/><V61/><F120/><W66/><G66/><T96/><D96/><U41/><E56/><V12/><F61/><W71/><G71/><T77/><D77/><U78/><E76/><V42/><F42/><W4/><G4/><T128/><D128/><U95/><E95/><V55/><F55/><W48/><G131/><T62/><D6/><U22/><E32/><V65/><F65/><W64/><G64/><N who="0" m="39007" /><D24/><N who="1" m="16663" /><E111/><AGARI ba="1,1" hai="15,16,23,44,50,52,110,111" m="39007,48747" machi="111" ten="30,8000,1" yaku="18,1,52,2,54,2" doraHai="121" who="0" fromWho="1" sc="263,93,282,-83,136,0,309,0" /><INIT seed="4,0,0,0,2,25" ten="356,199,136,309" oya="0" hai0="72,80,117,15,33,55,48,98,41,86,10,77,87" hai1="42,53,38,18,68,45,2,4,131,31,128,17,89" hai2="73,0,71,62,121,134,130,23,28,109,110,92,70" hai3="54,44,126,93,32,63,30,99,56,85,59,47,90"/><T24/><D117/><U116/><E116/><V12/><F73/><W111/><G111/><T79/><D41/><U81/><E68/><V16/><F0/><W29/><G32/><T19/><D98/><U58/><E31/><N who="3" m="11786" /><G126/><T36/><D36/><U91/><E2/><V103/><F121/><W135/><G135/><T46/><REACH who="0" step="1"/><D79/><REACH who="0" ten="346,199,136,309" step="2"/><U9/><E38/><V84/><F134/><W27/><G27/><T122/><D122/><U118/><E42/><V76/><F76/><W106/><G106/><T11/><D11/><U39/><E118/><V3/><F109/><W108/><G108/><T67/><D67/><U57/><E39/><V20/><F110/><W102/><G102/><T101/><D101/><U22/><E9/><V13/><F103/><N who="3" m="60911" /><G59/><T123/><D123/><U43/><E57/><V94/><F70/><W7/><G7/><T78/><D78/><U34/><E58/><V5/><F5/><W40/><G40/><T95/><D95/><AGARI ba="0,1" hai="44,47,54,56,63,85,90,95" m="60911,11786" machi="95" ten="30,7700,0" yaku="8,1,52,3" doraHai="25" who="3" fromWho="0" sc="346,-77,199,0,136,0,309,87" /><INIT seed="5,0,0,5,4,62" ten="269,199,136,396" oya="1" hai0="23,21,123,97,61,46,121,92,24,113,50,2,88" hai1="10,47,20,44,115,48,85,56,114,131,43,28,77" hai2="32,135,66,83,6,64,76,87,37,51,18,124,31" hai3="125,4,0,54,90,26,70,133,36,120,127,134,12"/><U58/><E131/><V130/><F37/><W128/><G36/><T100/><D2/><U108/><E108/><V15/><F130/><W98/><G128/><T78/><D78/><U93/><E10/><V101/><F124/><N who="3" m="47691" /><G120/><N who="0" m="46155" /><D113/><N who="1" m="43019" /><E28/><V104/><F135/><N who="3" m="51723" /><G70/><T49/><D100/><U22/><E47/><V96/><F6/><W99/><G54/><N who="0" m="30007" /><D50/><U118/><E118/><V86/><F51/><W72/><G72/><T52/><D24/><U17/><E77/><V45/><F45/><W109/><G109/><T34/><D34/><U57/><E17/><V73/><F32/><W117/><G117/><T107/><D107/><U40/><E40/><V8/><REACH who="2" step="1"/><F31/><REACH who="2" ten="269,199,126,396" step="2"/><W39/><G39/><T53/><D61/><U103/><E103/><V35/><F35/><W82/><G4/><T80/><D80/><U67/><E93/><V71/><F71/><W122/><G122/><T29/><D29/><U16/><E85/><AGARI ba="0,1" hai="8,15,18,64,66,73,76,83,85,86,87,96,101,104" machi="85" ten="40,5200,0" yaku="1,1,52,2,53,0" doraHai="62" doraHaiUra="111" who="2" fromWho="1" sc="269,0,199,-52,126,62,396,0" /><INIT seed="6,0,0,2,0,106" ten="269,147,188,396" oya="2" hai0="98,34,11,52,14,123,53,31,74,109,134,50,4" hai1="96,3,5,56,85,86,63,87,45,90,66,78,32" hai2="91,0,83,113,102,122,1,17,6,40,107,128,89" hai3="69,108,44,21,16,41,100,126,36,92,127,26,88"/><V67/><F122/><W97/><G69/><T19/><D109/><U99/><E32/><V43/><F102/><W18/><G108/><T22/><D123/><U105/><E78/><V118/><F107/><W62/><G62/><T79/><D98/><U54/><E105/><V120/><F120/><W57/><G57/><T94/><D94/><U110/><E110/><V9/><F118/><W93/><REACH who="3" step="1"/><G18/><REACH who="3" ten="269,147,188,386" step="2"/><T103/><D19/><U60/><E99/><AGARI ba="0,1" hai="16,21,26,36,41,44,88,92,93,97,99,100,126,127" machi="99" ten="40,8000,1" yaku="1,1,2,1,54,2,53,0" doraHai="106" doraHaiUra="27" who="3" fromWho="1" sc="269,0,147,-80,188,0,386,90" /><INIT seed="7,0,0,1,0,41" ten="269,67,188,476" oya="3" hai0="3,78,77,79,56,59,129,42,0,65,112,107,25" hai1="44,93,68,13,128,109,104,88,126,76,53,131,82" hai2="75,10,20,18,108,12,47,121,5,9,134,86,99" hai3="37,71,29,45,19,15,34,64,51,8,125,116,4"/><W27/><G116/><T80/><D107/><U39/><E68/><V38/><F75/><W1/><G125/><T94/><D42/><U30/><E104/><V133/><F108/><W14/><G37/><T118/><D118/><U84/><E30/><V40/><F121/><W113/><G113/><T67/><D112/><U124/><E13/><V66/><F66/><W7/><G71/><T119/><D119/><U70/><E70/><V54/><F99/><W48/><G64/><N who="0" m="24651" /><D25/><U98/><E53/><V117/><F117/><W90/><G90/><T89/><D80/><U120/><E39/><V35/><F35/><W24/><G24/><T55/><D129/><N who="1" m="49739" /><E44/><V17/><F86/><W50/><G4/><T74/><D74/><U63/><E63/><V123/><F123/><W96/><G96/><N who="0" m="57423" /><D0/><U61/><E61/><V115/><F115/><W2/><REACH who="3" step="1"/><G45/><REACH who="3" ten="269,67,188,466" step="2"/><T11/><D59/><U101/><E120/><V87/><F38/><W6/><G6/><T103/><D56/><U46/><E46/><V105/><F47/><W32/><G32/><T73/><D55/><U21/><E109/><V16/><F54/><W97/><G97/><T114/><D114/><U102/><E21/><AGARI ba="0,1" hai="1,2,7,8,14,15,19,21,27,29,34,48,50,51" machi="21" ten="40,2000,0" yaku="1,1,53,0" doraHai="41" doraHaiUra="43" who="3" fromWho="1" sc="269,0,67,-20,188,0,466,30" owari="269,7.0,47,-45.0,188,-21.0,496,59.0" /></mjloggm>