<mjloggm ver="2.3"><GO type="41"/><UN n0="%50%59%58%49%53" n1="%E6%B7%B1%E6%B0%B4%E8%97%8D" n2="%EF%BC%88%E2%89%A7%E2%96%BD%E2%89%A6%EF%BC%89" n3="%28%2F%D0%B4%EF%BC%BC%2A%29" dan="14,14,15,14" rate="1913,2002,2004,1969" sx="M,F,M,F"/><TAIKYOKU oya="0"/><INIT seed="0,0,0,2,4,90" ten="250,250,250,250" oya="0" hai0="131,76,81,73,62,117,102,107,31,57,14,110,34" hai1="60,47,122,42,12,44,41,33,132,3,35,94,49" hai2="71,67,7,111,48,27,128,11,1,15,115,17,56" hai3="129,8,54,78,65,105,66,58,36,85,13,130,72"/><T4/><D117/><U70/><E122/><V74/><F115/><W113/><G36/><T68/><D131/><N who="3" m="50185" /><G105/><T20/><D110/><U53/><E3/><V121/><F121/><W120/><G72/><T0/><D68/><U77/><E132/><V75/><F111/><W63/><G113/><T61/><D34/><U39/><E77/><V50/><F128/><W25/><G25/><T91/><D0/><U28/><E28/><V22/><F71/><W123/><G123/><T40/><D40/><U114/><E114/><V24/><F24/><W43/><G43/><T21/><D62/><U135/><E135/><V45/><F27/><W108/><G108/><T19/><D31/><U55/><E12/><V103/><F103/><W92/><G78/><T32/><D32/><U30/><E30/><V82/><F82/><W46/><G46/><T52/><D4/><U95/><E39/><V79/><F79/><W106/><G106/><T69/><D69/><U119/><E70/><V101/><F101/><W127/><G127/><T116/><D116/><U93/><E119/><V83/><F83/><W99/><G85/><T96/><D91/><U97/><E97/><V16/><F67/><W104/><G104/><T64/><REACH who="0" step="1"/><D64/><REACH who="0" ten="240,250,250,250" step="2"/><U23/><E60/><V133/><F75/><W51/><G63/><T98/><D98/><U26/><E35/><V87/><F133/><W6/><G120/><T109/><D109/><U86/><E33/><V118/><F74/><W9/><G65/><T100/><D100/><U5/><E86/><V126/><F87/><W38/><G66/><T112/><D112/><RYUUKYOKU ba="0,1" sc="240,30,250,-10,250,-10,250,-10" hai0="14,19,20,21,52,57,61,73,76,81,96,102,107" /><INIT seed="0,1,1,5,3,70" ten="270,240,240,240" oya="0" hai0="102,12,114,122,77,127,37,32,22,97,4,7,119" hai1="66,41,21,40,47,49,16,15,52,126,99,57,20" hai2="110,112,105,50,93,89,42,88,19,87,92,61,33" hai3="31,55,132,91,101,109,3,115,83,1,103,13,134"/><T46/><D122/><U30/><E126/><V85/><F112/><W26/><G115/><T116/><D114/><U78/><E78/><V76/><F33/><N who="3" m="20727" /><G109/><T96/><D32/><U80/><E80/><V56/><F110/><W74/><G13/><T82/><D127/><U35/><E35/><V121/><F121/><W118/><G55/><T28/><D97/><U84/><E84/><V10/><F105/><W108/><G108/><T34/><D34/><U29/><E99/><V6/><F19/><W58/><G58/><T62/><D62/><N who="1" m="38223" /><E29/><V107/><F107/><W124/><G91/><T94/><D4/><U11/><E30/><V113/><F113/><W106/><G118/><T86/><D28/><U135/><E135/><N who="3" m="51754" /><G124/><T100/><D100/><N who="3" m="38473" /><G106/><T71/><D71/><U45/><E45/><V79/><F42/><AGARI ba="1,1" hai="11,15,16,20,21,40,41,42,47,49,52" m="38223" machi="42" ten="30,3900,0" yaku="8,1,54,2" doraHai="70" who="1" fromWho="2" sc="270,0,240,52,240,-42,240,0" /><INIT seed="1,0,0,0,3,76" ten="270,292,198,240" oya="1" hai0="15,12,55,0,69,9,110,23,26,22,118,30,31" hai1="8,74,72,24,57,48,3,122,13,18,91,129,68" hai2="38,79,52,123,95,47,28,106,101,25,32,121,103" hai3="73,5,87,11,125,86,19,93,97,7,133,75,120"/><U56/><E68/><V104/><F106/><W41/><G120/><T108/><D69/><U27/><E122/><V14/><F104/><W2/><G41/><T50/><D118/><U17/><E3/><V39/><F39/><W96/><G19/><T119/><D119/><U135/><E135/><V58/><F123/><W33/><G33/><T128/><D128/><U4/><E129/><V109/><F121/><W134/><G93/><T115/><D115/><U53/><E74/><V117/><F117/><W51/><G51/><T127/><D127/><U49/><E72/><V126/><F126/><W111/><G125/><T114/><D114/><U65/><E91/><V46/><F109/><W59/><G59/><T67/><D67/><U16/><E65/><V102/><F95/><W132/><G111/><N who="0" m="42539" /><D55/><AGARI ba="0,0" hai="4,8,13,16,17,18,24,27,48,49,53,55,56,57" machi="55" ten="40,7700,0" yaku="9,1,8,1,54,1" doraHai="76" who="1" fromWho="0" sc="270,-77,292,77,198,0,240,0" /><INIT seed="1,1,0,4,0,75" ten="193,369,198,240" oya="1" hai0="128,106,19,115,114,57,96,42,101,122,48,104,2" hai1="9,30,54,16,90,34,82,65,89,3,35,44,67" hai2="62,49,77,64,20,18,15,10,39,23,79,41,117" hai3="43,92,126,60,74,110,123,61,108,22,7,53,45"/><U63/><E3/><V80/><F39/><W129/><G74/><T8/><D122/><U59/><E30/><V52/><F41/><W98/><G123/><T103/><D128/><U132/><E132/><V112/><F112/><W36/><G129/><T51/><D57/><U99/><E35/><V100/><F100/><W68/><G7/><T46/><D51/><N who="1" m="29031" /><E34/><V91/><F117/><W6/><G6/><T21/><D8/><U31/><E31/><V55/><F91/><N who="1" m="34825" /><E82/><V97/><F97/><W37/><G37/><T32/><D2/><U12/><E99/><V125/><F125/><W95/><G126/><T131/><D32/><U5/><E5/><N who="2" m="3535" /><F80/><W118/><G118/><T116/><D116/><U119/><E119/><V0/><F0/><W70/><G98/><T105/><D131/><U135/><E135/><V87/><F87/><W27/><G68/><T58/><D103/><U133/><E133/><V4/><F4/><W14/><G70/><T86/><D86/><U121/><E121/><V40/><F40/><W111/><G14/><T13/><D114/><U93/><E93/><V1/><F1/><W47/><G92/><T113/><D115/><U83/><E83/><V26/><F20/><W29/><G95/><T120/><D113/><U25/><E25/><V11/><F11/><W88/><G88/><T76/><D120/><U130/><E130/><V56/><F64/><AGARI ba="1,0" hai="9,12,16,59,63,64,65,67" m="34825,29031" machi="64" ten="30,2900,0" yaku="8,1,54,1" doraHai="75" who="1" fromWho="2" sc="193,0,369,32,198,-32,240,0" /><INIT seed="1,2,0,1,5,69" ten="193,401,166,240" oya="1" hai0="48,75,97,63,64,105,21,121,7,28,57,45,110" hai1="125,30,62,89,77,2,129,25,96,118,72,101,103" hai2="68,33,86,43,52,20,99,23,134,132,37,108,104" hai3="130,17,41,79,113,10,13,74,58,93,61,80,5"/><U82/><E2/><V84/><F33/><W36/><G113/><T78/><D121/><U73/><E118/><V135/><F68/><W59/><G130/><T65/><D110/><U34/><E129/><V6/><F108/><W44/><G61/><T107/><D7/><U24/><E73/><V54/><F6/><W98/><REACH who="3" step="1"/><G5/><REACH who="3" ten="193,401,166,230" step="2"/><T87/><D63/><U18/><E62/><V102/><F20/><W31/><G31/><T112/><D21/><U53/><E30/><V88/><F23/><W49/><G49/><T14/><D28/><U8/><E34/><V56/><F56/><W0/><G0/><T90/><D57/><U76/><E8/><V95/><REACH who="2" step="1"/><F84/><REACH who="2" ten="193,401,156,230" step="2"/><W66/><G66/><T91/><D64/><U131/><E131/><V3/><F3/><W94/><G94/><T109/><D65/><U127/><E72/><V40/><F40/><W15/><G15/><T106/><D14/><U114/><E114/><V12/><F12/><W35/><G35/><T120/><D87/><U67/><E67/><V124/><F124/><W85/><G85/><T50/><D75/><U32/><E127/><V116/><F116/><W55/><G55/><T46/><D112/><U51/><E125/><V71/><F71/><W26/><G26/><T38/><D109/><U29/><E53/><V1/><F1/><W100/><AGARI ba="2,2" hai="10,13,17,36,41,44,58,59,74,79,80,93,98,100" machi="100" ten="20,5200,0" yaku="1,1,0,1,7,1,52,1,53,0" doraHai="69" doraHaiUra="111" who="3" fromWho="3" sc="193,-15,401,-28,156,-15,230,78" /><INIT seed="2,0,0,2,4,69" ten="178,373,141,308" oya="2" hai0="113,118,2,63,107,97,3,105,31,83,64,49,79" hai1="19,9,45,5,7,133,123,103,14,51,73,82,13" hai2="111,29,17,34,120,55,4,102,86,66,72,32,10" hai3="41,134,53,95,61,40,21,42,78,35,87,74,44"/><V22/><F72/><W67/><G35/><N who="2" m="13353" /><F55/><W1/><G1/><T122/><D122/><U106/><E123/><V115/><F86/><W91/><G74/><T50/><D118/><U127/><E106/><V65/><F102/><W38/><G78/><T89/><D113/><U108/><E103/><V132/><F66/><W68/><G134/><T30/><D89/><U100/><E133/><V114/><F65/><W76/><G76/><T58/><D97/><U57/><E100/><V46/><F46/><W126/><G126/><T59/><D64/><U26/><E127/><V110/><F132/><W70/><G70/><T92/><D92/><U75/><E75/><V37/><F29/><W25/><G53/><T90/><D90/><U60/><E82/><V8/><F37/><W117/><G117/><T125/><D125/><U33/><E73/><V27/><F120/><W43/><REACH who="3" step="1"/><G40/><REACH who="3" ten="178,373,141,298" step="2"/><T15/><D79/><U94/><E33/><V128/><F128/><W129/><G129/><T47/><D2/><U124/><E124/><V96/><F96/><W109/><G109/><N who="2" m="41481" /><F10/><W54/><G54/><T28/><D3/><AGARI ba="0,1" hai="3,4,8,17,22,27,114,115" m="41481,13353" machi="3" ten="30,11600,0" yaku="14,1,10,1,34,2" doraHai="69" who="2" fromWho="0" sc="178,-116,373,0,141,126,298,0" /><INIT seed="2,1,0,3,3,120" ten="62,373,267,298" oya="2" hai0="96,60,81,70,21,122,50,2,84,9,119,73,43" hai1="74,40,55,80,47,130,42,28,37,133,83,18,77" hai2="3,20,5,124,92,7,6,125,57,132,27,22,113" hai3="105,17,117,88,61,87,104,44,49,128,106,54,38"/><V12/><F57/><W13/><G117/><T23/><D122/><U126/><E130/><V108/><F92/><W48/><G128/><T66/><D119/><U34/><E126/><N who="2" m="48747" /><F113/><W86/><G38/><T63/><D73/><U15/><E133/><V4/><F132/><W93/><G61/><T135/><D135/><U68/><E68/><V0/><F108/><W26/><G26/><T30/><D63/><U100/><E83/><V8/><F22/><W58/><G86/><T67/><D67/><U72/><E72/><V97/><F97/><W91/><G91/><T14/><D2/><U69/><E69/><V1/><F1/><W98/><G98/><T78/><D96/><U52/><E100/><V116/><F116/><W90/><G90/><T45/><REACH who="0" step="1"/><D30/><AGARI ba="1,0" hai="0,3,4,5,6,7,8,12,20,27,30" m="48747" machi="30" ten="30,5800,0" yaku="18,1,34,2" doraHai="120" who="2" fromWho="0" sc="62,-61,373,0,267,61,298,0" /><INIT seed="2,2,0,3,4,94" ten="1,373,328,298" oya="2" hai0="67,109,131,119,89,71,92,7,59,38,28,1,132" hai1="11,8,5,113,16,60,100,23,134,15,111,48,84" hai2="18,87,83,45,61,82,10,70,46,130,88,69,120" hai3="105,107,79,95,75,73,114,13,72,0,14,86,19"/><V98/><F120/><W116/><G116/><T66/><D119/><U9/><E113/><V115/><F115/><W96/><G0/><T53/><D38/><U103/><E111/><V17/><F130/><W29/><G29/><T47/><D109/><U4/><E134/><V128/><F128/><W125/><G114/><T2/><D131/><U68/><E68/><V106/><F106/><W3/><G3/><T58/><D132/><U65/><E65/><V126/><F126/><W99/><G125/><T77/><D77/><U44/><E60/><V74/><F74/><W102/><G107/><T55/><D28/><U34/><E84/><N who="2" m="50199" /><F69/><W27/><G86/><T49/><D71/><U24/><E34/><V97/><F61/><W135/><G135/><T43/><D2/><U35/><E35/><V42/><F70/><W40/><G79/><T118/><D118/><U56/><E56/><V122/><F122/><W129/><G129/><T25/><D25/><U54/><E9/><V101/><F101/><W36/><G27/><T31/><D31/><U22/><E22/><V104/><F104/><W93/><G105/><T50/><D7/><U112/><E112/><V76/><F10/><W41/><G36/><T37/><D1/><AGARI ba="2,0" hai="1,4,5,8,11,15,16,23,24,44,48,54,100,103" machi="1" ten="30,2000,0" yaku="7,1,54,1" doraHai="94" who="1" fromWho="0" sc="1,-26,373,26,328,0,298,0" owari="-25,-53.0,399,50.0,328,13.0,298,-10.0" /></mjloggm>