<mjloggm ver="2.3"><GO type="169" lobby="0"/><UN n0="%E6%B0%97%E6%A5%BD%E3%81%AB%E6%89%93%E3%81%A4" n1="%EF%BC%88%E2%89%A7%E2%96%BD%E2%89%A6%EF%BC%89" n2="%E3%81%82%E3%82%8A%E3%81%8A%E3%81%A8" n3="%E3%82%A2%E3%83%AD%E3%82%A8%E3%82%AF%E3%83%B3" dan="16,18,17,16" rate="2152.34,2197.60,2123.40,2080.18" sx="M,M,M,M"/><TAIKYOKU oya="0"/><INIT seed="0,0,0,5,2,7" ten="250,250,250,250" oya="0" hai0="114,97,68,120,41,130,32,87,135,84,76,62,30" hai1="20,129,14,82,110,111,43,42,18,98,17,21,4" hai2="37,78,109,1,73,105,132,67,116,51,15,31,99" hai3="2,65,11,107,33,113,71,122,104,27,47,134,29"/><T45/><D120/><U85/><E4/><V74/><F37/><W16/><G113/><T128/><D114/><U52/><E98/><V54/><F1/><W19/><G122/><T133/><D97/><U66/><E66/><V53/><F67/><W92/><G134/><N who="0" m="51211" /><D68/><U22/><E129/><N who="0" m="49769" /><D76/><U126/><E42/><V90/><F78/><W106/><G71/><T103/><D103/><U6/><E43/><V86/><F99/><W89/><G65/><T91/><D62/><U117/><E85/><N who="0" m="32841" /><D30/><U94/><E82/><V60/><F60/><W12/><G29/><T125/><D32/><U102/><E94/><V118/><F31/><W79/><G92/><T8/><D8/><U56/><E102/><V48/><F132/><W61/><G11/><T38/><D91/><U124/><E21/><V46/><F90/><W101/><G89/><T88/><D88/><U75/><E22/><V3/><F86/><W64/><G101/><T55/><D55/><U50/><E20/><V95/><F95/><W26/><G79/><T108/><D108/><U81/><E110/><V0/><F109/><W39/><G33/><T57/><D57/><U23/><E56/><V115/><F54/><W34/><G61/><T63/><D63/><U80/><E111/><V77/><F53/><W58/><G58/><T5/><D5/><U69/><E69/><V112/><F77/><W93/><G34/><T9/><D9/><N who="1" m="6351" /><E6/><V28/><F28/><W72/><G93/><T44/><D45/><U121/><E121/><V127/><F46/><W83/><G47/><T25/><D25/><U10/><E52/><RYUUKYOKU ba="0,0" sc="250,30,250,-10,250,-10,250,-10" hai0="38,41,44,125" /><INIT seed="0,1,0,0,1,125" ten="280,240,240,240" oya="0" hai0="38,66,53,4,104,99,70,8,108,29,41,59,85" hai1="58,116,107,17,76,32,88,101,75,71,31,94,1" hai2="0,134,126,39,84,10,37,122,14,62,74,28,77" hai3="79,51,15,47,16,56,100,2,115,50,18,49,54"/><T9/><D108/><U24/><E71/><V123/><F126/><W55/><G115/><T133/><D133/><U83/><E1/><V46/><F0/><W129/><G2/><T72/><D72/><U132/><E116/><V48/><F134/><W131/><G100/><N who="0" m="62495" /><D85/><U35/><E132/><V105/><F105/><W130/><G79/><T68/><D68/><U114/><E114/><V111/><F28/><W22/><G18/><T73/><D73/><U30/><E17/><V103/><F103/><W95/><G95/><T93/><D93/><U98/><E58/><V96/><F96/><W67/><G67/><T23/><D23/><U102/><REACH who="1" step="1"/><E107/><REACH who="1" ten="280,230,240,240" step="2"/><V63/><F111/><W61/><AGARI ba="1,1" hai="15,16,22,47,49,50,51,54,55,56,61,129,130,131" machi="61" ten="30,12000,2" yaku="0,1,19,1,52,3,54,1" doraHai="125" who="3" fromWho="3" sc="280,-61,230,-31,240,-31,240,133" /><INIT seed="1,0,0,1,3,52" ten="219,199,209,373" oya="1" hai0="78,86,60,1,104,20,6,112,123,83,127,135,38" hai1="89,103,116,25,63,93,41,42,27,91,74,77,2" hai2="61,36,105,111,68,39,70,96,76,126,58,3,30" hai3="47,92,8,31,82,19,110,81,23,133,120,75,69"/><U51/><E2/><V55/><F3/><W95/><G120/><T113/><D123/><U57/><E116/><V28/><F111/><W46/><G69/><T53/><D127/><U43/><E74/><V100/><F76/><W119/><G110/><T26/><D135/><U62/><E77/><V106/><F126/><W13/><G133/><T54/><D104/><U121/><E121/><V131/><F131/><W9/><G119/><T12/><D1/><U97/><E51/><V99/><F30/><W79/><G82/><T94/><D38/><U40/><N who="1" m="10240" /><DORA hai="22" /><U32/><E63/><V35/><F70/><W125/><G125/><T21/><D94/><N who="1" m="58807" /><E32/><V101/><F68/><W67/><G79/><T50/><D113/><U37/><E37/><V117/><F117/><W66/><G75/><T98/><D98/><N who="1" m="57647" /><E91/><V64/><F64/><AGARI ba="0,0" hai="25,27,57,62,64" m="57647,58807,10240" machi="64" ten="40,12000,1" yaku="8,1,52,3" doraHai="52,22" who="1" fromWho="2" sc="219,0,199,120,209,-120,373,0" /><INIT seed="1,1,0,2,4,28" ten="219,319,89,373" oya="1" hai0="97,22,84,54,114,3,89,122,124,85,16,30,14" hai1="125,93,87,88,121,37,48,45,41,61,42,109,130" hai2="95,9,96,82,59,117,81,103,19,134,4,127,49" hai3="101,76,79,129,113,11,115,69,74,92,31,108,123"/><U135/><E121/><V50/><F117/><W10/><G69/><T111/><D111/><U29/><E109/><V64/><F127/><W65/><G108/><T32/><D114/><U26/><E125/><V62/><F134/><W60/><G123/><T5/><D124/><U1/><E1/><V7/><F19/><W0/><G31/><T46/><D122/><U133/><E130/><V70/><F70/><W55/><G129/><T132/><D132/><N who="1" m="50763" /><E61/><V72/><F72/><W40/><G74/><T66/><D66/><U75/><E75/><V27/><F27/><W24/><G24/><N who="0" m="18503" /><D97/><U71/><E71/><V107/><F107/><W102/><G65/><T99/><D99/><U36/><E42/><V116/><F116/><W118/><G40/><T73/><D73/><U58/><E58/><V8/><F8/><W131/><G11/><N who="0" m="2495" /><D89/><U105/><E105/><V106/><F106/><W39/><G118/><T35/><D35/><AGARI ba="1,0" hai="26,29,35,36,37,41,45,48,87,88,93" m="50763" machi="35" ten="30,5800,0" yaku="20,1,52,1,54,1" doraHai="28" who="1" fromWho="0" sc="219,-61,319,61,89,0,373,0" /><INIT seed="1,2,0,3,4,26" ten="158,380,89,373" oya="1" hai0="126,39,53,97,55,58,50,21,123,92,79,25,75" hai1="3,4,111,128,57,78,94,66,54,43,14,40,122" hai2="64,117,104,101,107,9,27,93,38,118,135,80,90" hai3="19,29,22,65,63,10,87,37,45,69,77,120,12"/><U134/><E122/><V121/><F121/><W98/><G120/><T15/><D126/><U31/><E3/><V33/><F38/><W35/><G35/><T131/><D123/><U86/><E134/><V105/><F135/><W89/><G77/><T130/><D39/><U30/><E128/><N who="0" m="49193" /><D79/><U70/><E66/><V102/><F64/><W127/><G98/><T74/><D53/><U23/><E70/><V28/><F80/><W129/><G127/><T82/><D82/><N who="1" m="47447" /><E94/><V95/><F9/><W47/><G37/><T0/><D15/><U73/><E73/><V112/><F112/><W59/><G69/><T34/><D34/><U113/><E113/><V60/><F60/><W76/><G129/><T115/><D0/><U13/><E111/><V24/><F24/><N who="3" m="16535" /><G76/><T44/><D115/><U56/><E14/><V41/><F41/><N who="1" m="15945" /><E57/><V99/><REACH who="2" step="1"/><F95/><AGARI ba="2,0" hai="10,12,19,45,47,59,63,65,87,89,95" m="16535" machi="95" ten="30,2000,0" yaku="8,1,52,1" doraHai="26" who="3" fromWho="2" sc="158,0,380,0,89,-26,373,26" /><INIT seed="2,0,0,5,3,85" ten="158,380,63,399" oya="2" hai0="35,112,22,78,119,81,71,77,59,80,33,57,110" hai1="83,31,88,66,126,135,10,67,30,103,107,46,89" hai2="134,32,114,52,39,87,51,25,97,14,48,23,0" hai3="133,90,102,49,37,106,115,120,122,24,56,45,1"/><V41/><F0/><W43/><G1/><T72/><D112/><U13/><E135/><V93/><F114/><W4/><G4/><T15/><D71/><U19/><E126/><V117/><F117/><W79/><G115/><T11/><D119/><U104/><E104/><V68/><F68/><W82/><G133/><T84/><D22/><U130/><E130/><V7/><F134/><W70/><G70/><T44/><D110/><U95/><E107/><V94/><F32/><W54/><G90/><N who="1" m="34922" /><E46/><N who="2" m="25679" /><F39/><W65/><G45/><T100/><D100/><U75/><E75/><V131/><F131/><W16/><G102/><T108/><D108/><U17/><E83/><V38/><F38/><W127/><G82/><T34/><REACH who="0" step="1"/><D44/><REACH who="0" ten="148,380,63,399" step="2"/><U5/><E103/><V73/><F73/><W55/><G127/><T27/><D27/><U62/><E95/><V118/><F118/><W76/><G106/><T86/><D86/><U121/><E121/><V53/><F87/><W40/><G120/><T60/><D60/><U113/><E62/><V63/><F63/><W61/><G61/><T26/><D26/><U12/><E113/><V29/><F94/><W21/><G122/><T9/><D9/><N who="1" m="6287" /><E67/><V96/><F93/><W18/><G65/><T92/><D92/><U28/><E66/><V36/><F97/><W98/><G98/><T3/><D3/><U42/><E42/><V116/><F96/><W64/><G43/><T132/><D132/><U99/><E99/><V129/><F116/><W91/><G40/><T8/><D8/><U20/><E20/><V2/><F129/><W58/><G21/><RYUUKYOKU ba="0,1" sc="148,15,380,15,63,-15,399,-15" hai0="11,15,33,34,35,57,59,72,77,78,80,81,84" hai1="5,10,13,19,28,30,31" /><INIT seed="3,1,1,5,3,99" ten="163,395,48,384" oya="3" hai0="5,54,122,78,129,132,16,62,19,124,66,85,107" hai1="12,115,101,133,23,126,4,42,0,1,89,60,56" hai2="61,14,46,83,127,2,106,80,53,120,117,7,15" hai3="116,13,49,91,87,119,26,82,84,135,20,134,9"/><W71/><G71/><T110/><D122/><U48/><E115/><V118/><F120/><W69/><G69/><T77/><D110/><U35/><E35/><V70/><F127/><W86/><G49/><T18/><D124/><U67/><E126/><V96/><F118/><W51/><G51/><T21/><D132/><N who="3" m="50729" /><G119/><T72/><D129/><U111/><E133/><V47/><F117/><W43/><G43/><T64/><D107/><U45/><E111/><V17/><F2/><W36/><G36/><T93/><D5/><U39/><E89/><V33/><F33/><W88/><G82/><T65/><D72/><U130/><E130/><V3/><F3/><W59/><G59/><N who="0" m="35191" /><D21/><U25/><E39/><V112/><F112/><W97/><G97/><T55/><D55/><U74/><E74/><V108/><F108/><W125/><G125/><T128/><D128/><U37/><E37/><V24/><F70/><W109/><G109/><T102/><D102/><U32/><E101/><V114/><F114/><W73/><G73/><T63/><D63/><U57/><E32/><V31/><F61/><W104/><G104/><T105/><D105/><U8/><E56/><V22/><F53/><W79/><G116/><T40/><D40/><U30/><AGARI ba="1,1" hai="0,1,4,8,12,23,25,30,42,45,48,57,60,67" machi="30" ten="20,1500,0" yaku="0,1,7,1" doraHai="99" who="1" fromWho="1" sc="163,-5,395,28,48,-5,384,-8" /><INIT seed="4,0,0,4,0,101" ten="158,423,43,376" oya="0" hai0="15,40,27,109,132,8,85,10,120,108,117,19,43" hai1="110,123,95,32,113,89,64,1,18,111,9,74,51" hai2="100,76,122,53,121,88,106,75,99,91,0,31,69" hai3="78,71,20,11,28,12,125,118,128,130,131,93,4"/><T104/><D117/><U66/><E74/><V86/><F0/><W38/><G71/><T87/><D120/><N who="2" m="46186" /><F69/><W55/><G38/><T44/><D132/><U30/><E123/><V92/><F31/><W103/><G118/><T124/><D124/><U107/><E107/><V134/><F53/><W37/><G37/><T98/><D27/><U112/><E51/><V13/><F13/><W73/><G55/><T46/><D98/><N who="1" m="57711" /><E30/><V63/><F63/><W90/><G103/><T77/><D77/><U96/><E96/><V61/><F61/><W48/><G48/><T34/><D34/><U21/><E32/><V41/><F41/><W105/><G125/><T50/><D104/><U82/><E82/><N who="2" m="45343" /><F91/><W129/><G90/><T126/><D126/><U17/><E1/><V24/><F24/><W36/><G36/><N who="0" m="21511" /><D8/><U57/><E9/><V119/><F119/><W39/><G11/><T102/><D50/><U26/><E18/><V22/><F22/><W83/><G20/><T6/><D43/><U35/><E35/><V65/><F65/><N who="1" m="25193" /><E57/><V42/><F42/><W72/><G128/><T47/><D19/><U3/><E3/><V115/><F115/><AGARI ba="0,0" hai="17,21,26,110,111,112,113,115" m="25193,57711" machi="115" ten="30,2000,0" yaku="15,1,11,1" doraHai="101" who="1" fromWho="2" sc="158,0,423,20,43,-20,376,0" /><INIT seed="5,0,0,3,5,76" ten="158,443,23,376" oya="1" hai0="58,86,10,27,106,91,124,115,7,61,30,129,18" hai1="24,35,81,110,74,63,75,85,89,0,15,66,117" hai2="103,71,107,44,53,49,133,54,114,52,78,21,26" hai3="33,104,31,120,19,29,32,130,34,48,128,116,8"/><U40/><E0/><V47/><F133/><W68/><G104/><T111/><D111/><U69/><E117/><V134/><F134/><W83/><G68/><T12/><D115/><U73/><E110/><V88/><F78/><W135/><G135/><T42/><D124/><U100/><E100/><V57/><F71/><W127/><G48/><T1/><D106/><U13/><REACH who="1" step="1"/><E40/><REACH who="1" ten="158,433,23,376" step="2"/><V80/><F114/><W17/><G116/><T94/><D42/><U123/><E123/><V77/><F103/><W112/><G120/><T121/><D121/><U43/><E43/><V25/><F107/><W45/><G112/><T6/><D129/><U113/><E113/><V65/><F77/><W11/><G128/><T9/><D1/><U108/><E108/><V39/><F39/><W97/><G130/><T101/><D9/><U105/><E105/><V41/><F47/><W84/><G45/><T92/><D101/><U22/><E22/><V62/><F21/><W98/><G11/><T64/><REACH who="0" step="1"/><D94/><REACH who="0" ten="148,433,23,376" step="2"/><U20/><E20/><AGARI ba="0,2" hai="6,7,10,12,18,20,27,30,58,61,64,86,91,92" machi="20" ten="30,8000,1" yaku="1,1,2,1,7,1,8,1,53,1" doraHai="76" doraHaiUra="5" who="0" fromWho="1" sc="148,100,433,-80,23,0,376,0" /><INIT seed="6,0,0,2,0,42" ten="248,353,23,376" oya="2" hai0="86,54,128,40,70,102,59,56,25,27,78,117,127" hai1="48,84,71,92,26,105,63,51,5,36,11,8,29" hai2="41,0,34,60,107,94,50,112,111,14,82,73,76" hai3="22,58,47,135,55,57,23,28,43,120,2,33,134"/><V16/><F107/><W115/><G2/><T75/><D127/><U97/><E36/><V113/><F0/><W83/><G83/><T99/><D128/><U100/><E84/><V30/><F111/><W32/><G120/><T91/><D70/><U46/><E92/><V129/><F129/><W24/><G115/><T119/><D40/><N who="1" m="24647" /><E51/><V90/><F30/><W37/><G58/><T20/><D75/><U101/><E101/><V77/><F34/><W93/><G93/><N who="0" m="54519" /><D78/><U21/><E21/><V131/><F131/><W19/><G23/><T3/><D20/><U81/><E81/><V110/><F110/><W4/><G28/><T108/><D108/><U80/><E80/><V96/><F60/><N who="3" m="35903" /><G4/><T126/><D117/><U132/><E5/><V7/><F7/><W74/><G74/><T9/><D119/><U13/><E13/><V125/><F125/><W45/><G33/><T79/><D79/><U109/><E109/><V72/><F77/><W44/><G32/><T52/><D126/><U35/><E132/><AGARI ba="0,0" hai="19,22,24,37,43,44,45,47,132,134,135" m="35903" machi="132" ten="30,7700,0" yaku="20,1,52,3" doraHai="42" who="3" fromWho="1" sc="248,0,353,-77,23,0,376,77" /><INIT seed="7,0,0,0,0,114" ten="248,276,23,453" oya="3" hai0="76,127,72,78,96,1,65,9,44,25,22,29,75" hai1="34,23,40,113,56,116,92,67,42,133,54,91,83" hai2="13,49,39,99,55,17,31,57,93,123,14,38,129" hai3="51,4,58,15,112,119,126,108,134,117,90,20,69"/><W87/><G58/><T110/><D110/><U130/><E34/><V33/><F129/><W24/><G20/><T105/><D127/><U125/><E125/><V120/><F31/><W47/><G87/><T107/><D65/><U98/><E113/><V0/><F33/><W53/><G90/><T121/><D121/><U12/><E133/><V95/><F0/><W111/><G51/><T102/><D44/><U122/><E122/><V97/><F49/><W104/><G53/><T30/><D30/><U63/><E130/><V131/><F131/><W6/><G24/><T109/><D109/><U77/><E116/><V94/><F57/><W74/><G117/><T115/><D115/><U81/><E67/><V135/><F95/><W86/><G69/><T103/><D76/><U19/><E81/><V61/><F61/><W16/><G119/><T18/><D78/><U52/><E54/><V79/><F79/><W80/><G104/><T118/><D118/><U35/><REACH who="1" step="1"/><E35/><REACH who="1" ten="248,266,23,453" step="2"/><V70/><F55/><W132/><G80/><T26/><D26/><U43/><E43/><V106/><F106/><W7/><G126/><T59/><D59/><U46/><E46/><V88/><F70/><W2/><G112/><T68/><D68/><U85/><AGARI ba="0,1" hai="12,19,23,40,42,52,56,63,77,83,85,91,92,98" machi="85" ten="20,8000,1" yaku="1,1,0,1,7,1,8,1,54,1,53,0" doraHai="114" doraHaiUra="60" who="1" fromWho="1" sc="248,-20,266,90,23,-20,453,-40" owari="228,-17.0,356,16.0,3,-50.0,413,51.0" /></mjloggm>