<mjloggm ver="2.3"><GO type="97"/><UN n0="%E3%83%AA%E3%83%B3%E5%AD%90%E6%B0%8F%E3%81%AD" n1="%EF%BC%88%E2%89%A7%E2%96%BD%E2%89%A6%EF%BC%89" n2="%CE%A3%E3%83%BB%CE%95" n3="%E3%83%90%E3%83%83%E3%83%86%E3%83%B3" dan="15,15,13,15" rate="1918,1984,1952,1902" sx="M,M,M,M"/><TAIKYOKU oya="0"/><INIT seed="0,0,0,5,0,105" ten="250,250,250,250" oya="0" hai0="16,83,39,92,70,110,47,81,97,1,22,17,64" hai1="119,63,30,68,128,49,102,131,66,2,56,44,125" hai2="75,106,103,42,107,10,15,32,31,99,78,101,48" hai3="118,94,114,96,80,69,41,120,72,43,14,54,117"/><T124/><D1/><U53/><E2/><V111/><F111/><W84/><G114/><T98/><D124/><U11/><E11/><V3/><F3/><W58/><G69/><T37/><D110/><U7/><E7/><V27/><F103/><W127/><G127/><T33/><D33/><U76/><E125/><V122/><F122/><W129/><G118/><T121/><D121/><U38/><E30/><V25/><F25/><W135/><G117/><T89/><D97/><U71/><E102/><V35/><F107/><W29/><G29/><T40/><D37/><U130/><E76/><V87/><F75/><W50/><G72/><T100/><D100/><U90/><E90/><V5/><F27/><W93/><G93/><T21/><D22/><U55/><E119/><V91/><F31/><W115/><G115/><T34/><D34/><U77/><E77/><V133/><F91/><W132/><G129/><T52/><D17/><U0/><E0/><V82/><F133/><N who="3" m="51275" /><G14/><T51/><D64/><U57/><E38/><V116/><F116/><W123/><G123/><T45/><REACH who="0" step="1"/><D70/><REACH who="0" ten="240,250,250,250" step="2"/><U62/><AGARI ba="0,1" hai="44,49,53,55,56,57,62,63,66,68,71,128,130,131" machi="62" ten="40,8000,1" yaku="0,1,19,1,34,3" doraHai="105" who="1" fromWho="1" sc="240,-40,250,90,250,-20,250,-20" /><INIT seed="1,0,0,5,3,55" ten="200,340,230,230" oya="1" hai0="91,4,106,15,73,9,120,42,127,121,64,57,122" hai1="105,83,30,5,11,89,98,111,132,40,94,17,66" hai2="7,34,58,39,76,56,26,116,101,96,52,88,82" hai3="3,10,86,102,31,70,108,21,0,126,69,65,93"/><U24/><E105/><V2/><F39/><W72/><G72/><T75/><D127/><U16/><E132/><V43/><F116/><W119/><G119/><T25/><D42/><U110/><E40/><V124/><F124/><W51/><G126/><T60/><D106/><U1/><E83/><V92/><F43/><W63/><G70/><T77/><D77/><U47/><E47/><V109/><F109/><N who="1" m="41481" /><E66/><V97/><F7/><W85/><G108/><T53/><D25/><U117/><E117/><V115/><F2/><W59/><G10/><T35/><D35/><AGARI ba="0,0" hai="1,5,11,16,17,24,30,35,89,94,98" m="41481" machi="35" ten="30,5800,0" yaku="14,1,10,1,54,1" doraHai="55" who="1" fromWho="0" sc="200,-58,340,58,230,0,230,0" /><INIT seed="1,1,0,0,1,63" ten="142,398,230,230" oya="1" hai0="102,134,34,21,70,2,38,76,107,81,39,12,103" hai1="96,62,124,47,111,64,104,129,123,17,9,89,29" hai2="112,57,14,40,58,78,85,71,80,69,82,135,8" hai3="131,59,25,132,90,6,99,5,23,30,98,20,7"/><U44/><E123/><V35/><F35/><W48/><G132/><T52/><D134/><U4/><E129/><V56/><F135/><W68/><G68/><T91/><D2/><U0/><E124/><V94/><F112/><W84/><G131/><T42/><D34/><U113/><E113/><V93/><F71/><W32/><G32/><T65/><D91/><U26/><E111/><V133/><F133/><W15/><G15/><T127/><D127/><U33/><E17/><V120/><F69/><W95/><G23/><T97/><D103/><U79/><E79/><V27/><F27/><W50/><G50/><T110/><D110/><U106/><E106/><V83/><F40/><W3/><G3/><T13/><D52/><AGARI ba="1,0" hai="5,6,7,20,25,30,48,52,59,84,90,95,98,99" machi="52" ten="40,2600,0" yaku="8,1,54,1" doraHai="63" who="3" fromWho="0" sc="142,-29,398,0,230,0,230,29" /><INIT seed="2,0,0,4,2,62" ten="113,398,230,259" oya="2" hai0="122,106,123,128,38,36,35,76,120,89,56,54,14" hai1="8,4,11,105,67,102,50,86,134,73,42,101,1" hai2="55,7,21,20,15,49,34,125,135,114,124,52,65" hai3="72,16,53,88,91,108,66,99,58,5,6,107,118"/><V115/><F34/><W127/><G118/><T104/><D35/><U41/><E73/><V26/><F135/><W51/><G72/><T37/><D128/><U96/><E134/><V85/><F7/><W59/><G127/><N who="2" m="48713" /><F15/><W40/><G40/><T110/><D76/><U100/><E67/><V33/><F33/><W43/><G43/><N who="1" m="16394" /><E105/><V113/><F65/><W48/><G108/><T0/><D0/><U12/><E1/><V45/><F85/><W121/><G121/><T84/><D110/><U29/><E29/><N who="2" m="17607" /><F55/><W126/><G126/><T112/><D14/><N who="1" m="5383" /><E86/><V132/><F132/><W25/><G107/><T80/><REACH who="0" step="1"/><D112/><REACH who="0" ten="103,398,230,259" step="2"/><U60/><E12/><V44/><F21/><W70/><G70/><T133/><D133/><U10/><E11/><V71/><F71/><W19/><G25/><T130/><D130/><U81/><E10/><V24/><F24/><W98/><G53/><T74/><D74/><U69/><E50/><AGARI ba="0,1" hai="36,37,38,50,54,56,80,84,89,104,106,120,122,123" machi="50" ten="50,1600,0" yaku="1,1,53,0" doraHai="62" doraHaiUra="61" who="0" fromWho="1" sc="103,26,398,-16,230,0,259,0" /><INIT seed="3,0,0,3,3,83" ten="129,382,230,259" oya="3" hai0="16,15,88,46,51,132,23,26,42,71,85,73,43" hai1="14,89,123,40,93,133,17,48,84,52,116,99,45" hai2="78,105,58,24,11,49,27,5,34,37,118,25,91" hai3="86,4,74,109,95,69,103,41,65,62,98,8,70"/><W19/><G74/><T130/><D73/><U87/><E123/><V76/><F118/><W66/><G41/><T79/><D132/><U81/><E133/><V20/><F37/><W22/><G109/><T104/><D130/><U7/><E116/><V56/><F105/><W100/><G65/><T111/><D104/><U127/><E127/><V60/><F34/><W1/><G70/><T107/><D107/><U10/><E81/><V77/><F49/><W9/><G9/><T47/><D111/><U29/><E29/><V114/><F114/><W115/><G115/><T67/><D79/><U128/><E128/><V36/><F36/><W96/><G96/><T3/><D3/><U101/><E101/><V63/><F91/><W57/><G69/><T82/><D71/><U64/><E64/><V39/><F39/><W53/><G66/><T0/><D0/><U124/><E124/><V122/><F122/><W31/><G31/><T129/><D129/><U121/><E121/><V134/><F134/><W33/><G33/><T55/><D67/><U108/><E108/><V54/><F20/><W38/><G38/><T112/><D112/><U75/><E75/><V6/><F11/><W13/><G95/><T44/><REACH who="0" step="1"/><D26/><REACH who="0" ten="119,382,230,259" step="2"/><U18/><E40/><AGARI ba="0,1" hai="15,16,23,40,42,43,44,46,47,51,55,82,85,88" machi="40" ten="40,12000,2" yaku="1,1,2,1,8,1,52,1,54,2,53,0" doraHai="83" doraHaiUra="28" who="0" fromWho="1" sc="119,130,382,-120,230,0,259,0" /><INIT seed="4,0,0,2,4,135" ten="249,262,230,259" oya="0" hai0="2,77,12,63,73,13,55,66,115,93,14,16,89" hai1="60,59,122,99,118,58,51,109,37,40,26,53,111" hai2="69,81,129,6,85,23,121,1,35,79,88,102,108" hai3="17,52,120,72,130,119,90,31,134,62,117,126,80"/><T61/><D2/><U21/><E118/><V20/><F35/><W105/><G105/><T64/><D115/><U95/><E122/><V5/><F121/><W46/><G120/><T8/><D73/><U4/><E4/><V24/><F1/><W116/><G134/><T123/><D77/><U28/><E37/><V76/><F69/><W98/><G31/><T70/><D123/><U47/><REACH who="1" step="1"/><E58/><REACH who="1" ten="249,252,230,259" step="2"/><V33/><F6/><W114/><G119/><T10/><D55/><U133/><E133/><V127/><F5/><W132/><G132/><T110/><D110/><U42/><E42/><V57/><F108/><W44/><G117/><T32/><D32/><U11/><E11/><N who="0" m="4137" /><D70/><U87/><E87/><V56/><F33/><W91/><G116/><T45/><D45/><U36/><E36/><V29/><F56/><W39/><G46/><T97/><D13/><U103/><AGARI ba="0,1" hai="21,26,28,40,47,51,53,59,60,95,99,103,109,111" machi="103" ten="20,2700,0" yaku="1,1,0,1,7,1,53,0" doraHai="135" doraHaiUra="83" who="1" fromWho="1" sc="249,-13,252,37,230,-7,259,-7" /><INIT seed="5,0,0,0,5,134" ten="236,289,223,252" oya="1" hai0="119,113,116,29,59,63,68,62,110,99,101,108,114" hai1="121,58,28,49,10,31,17,80,14,61,21,88,102" hai2="20,19,8,111,35,85,135,130,98,33,75,37,104" hai3="22,103,78,70,39,123,50,79,42,1,132,4,107"/><U13/><E121/><V45/><F75/><W30/><G123/><T15/><D29/><N who="1" m="11339" /><E102/><V125/><F135/><W65/><G132/><T3/><D3/><U93/><E80/><V73/><F73/><W128/><G39/><T84/><D15/><N who="1" m="9407" /><E49/><V106/><F111/><N who="0" m="42538" /><D84/><N who="1" m="52359" /><E10/><V60/><F8/><W115/><G103/><T94/><D68/><U52/><AGARI ba="0,0" hai="13,14,52,58,61" m="52359,9407,11339" machi="52" ten="30,6000,0" yaku="8,1,54,2" doraHai="134" who="1" fromWho="1" sc="236,-20,289,60,223,-20,252,-20" owari="216,-18.0,349,45.0,203,-30.0,232,3.0" /></mjloggm>