<mjloggm ver="2.3"><GO type="41"/><UN n0="%E3%82%B7%E3%83%AD%E3%83%83%E3%82%B3%E2%99%AA" n1="%E7%B4%AB%E7%B7%8B%EF%BC%A0%E6%B0%B4%E7%84%A1%E6%9C%88" n2="%33%35%31%36" n3="%EF%BC%88%E2%89%A7%E2%96%BD%E2%89%A6%EF%BC%89" dan="14,14,13,16" rate="1936,1923,1839,2106" sx="M,M,M,M"/><TAIKYOKU oya="0"/><INIT seed="0,0,0,4,5,125" ten="250,250,250,250" oya="0" hai0="80,53,77,35,112,73,49,118,124,29,31,116,129" hai1="76,21,82,26,90,46,132,33,81,88,27,71,93" hai2="102,87,56,101,126,122,104,92,97,0,24,127,52" hai3="48,41,19,83,45,62,114,98,12,30,20,55,109"/><T11/><D124/><N who="2" m="47658" /><F0/><W108/><G114/><T111/><D112/><U16/><E71/><V106/><F24/><W120/><G120/><T8/><D31/><U22/><E132/><V69/><F69/><W37/><G30/><T15/><D8/><U54/><E33/><V25/><F25/><W133/><G133/><T13/><D13/><U95/><E76/><V128/><F122/><W42/><G83/><N who="1" m="31754" /><E54/><V66/><F66/><W74/><G74/><T28/><D28/><N who="1" m="17487" /><E46/><V100/><F87/><W85/><G85/><T63/><D63/><U10/><E10/><V94/><F97/><W40/><G37/><T65/><D65/><U51/><E51/><N who="2" m="30751" /><F128/><W115/><G115/><T131/><D29/><U72/><E72/><V14/><F14/><W36/><G36/><T84/><D35/><U50/><E50/><V59/><F59/><W107/><REACH who="3" step="1"/><G62/><REACH who="3" ten="250,250,250,240" step="2"/><T135/><D73/><U34/><E34/><V3/><F3/><W5/><G5/><N who="0" m="3567" /><D135/><U60/><E60/><V130/><F130/><N who="0" m="49674" /><D111/><U17/><E17/><V68/><F68/><W67/><G67/><T38/><D38/><U7/><E7/><V32/><F32/><W4/><G4/><T23/><D23/><U121/><E121/><V96/><F96/><W134/><G134/><T44/><AGARI ba="0,1" hai="44,49,53,77,80,84,116,118" m="49674,3567" machi="44" ten="30,11700,0" yaku="19,1,52,3" doraHai="125" who="0" fromWho="0" sc="250,127,250,-39,250,-39,240,-39" /><INIT seed="0,1,0,4,2,11" ten="377,211,211,201" oya="0" hai0="13,92,59,55,98,34,66,25,91,79,15,105,62" hai1="26,133,3,116,20,101,49,22,111,93,85,56,72" hai2="54,31,135,52,82,24,95,57,68,99,81,33,132" hai3="122,115,71,4,123,63,100,14,84,86,16,118,102"/><T8/><D105/><U89/><E116/><V77/><F68/><W120/><G4/><T28/><D79/><U60/><E72/><V45/><F45/><W74/><G74/><T97/><D8/><U1/><E133/><V38/><F38/><W36/><G36/><T134/><D134/><N who="2" m="51242" /><F57/><W129/><G129/><T5/><D5/><U106/><E49/><V112/><F112/><W12/><G118/><T114/><D114/><U126/><E126/><V80/><F77/><W107/><G115/><T46/><D98/><U90/><E111/><V119/><F119/><W76/><G107/><T128/><D128/><U17/><E22/><V7/><F7/><W110/><G110/><T21/><D34/><U94/><E106/><V51/><F51/><AGARI ba="1,0" hai="13,15,21,25,28,46,51,55,59,62,66,91,92,97" machi="51" ten="40,7700,0" yaku="8,1,52,2" doraHai="11" who="0" fromWho="2" sc="377,80,211,0,211,-80,201,0" /><INIT seed="0,2,0,3,1,7" ten="457,211,131,201" oya="0" hai0="133,45,91,6,109,83,57,119,92,28,122,47,125" hai1="63,18,74,97,11,78,19,32,80,104,132,58,30" hai2="43,102,66,123,16,79,0,94,90,9,62,37,35" hai3="53,39,48,106,56,107,88,113,129,89,126,27,69"/><T49/><D122/><U115/><E132/><V59/><F123/><W40/><G113/><T29/><D119/><U103/><E115/><V131/><F131/><W87/><G129/><T121/><D121/><U8/><E30/><V75/><F35/><W93/><G126/><T108/><D133/><U95/><E32/><V73/><F102/><W99/><G69/><T60/><D125/><U46/><E46/><V128/><F128/><W44/><REACH who="3" step="1"/><G27/><REACH who="3" ten="457,211,131,191" step="2"/><T26/><D26/><U84/><E104/><V117/><F117/><W42/><G42/><N who="0" m="24759" /><D83/><AGARI ba="2,1" hai="39,40,44,48,53,56,83,87,88,89,93,99,106,107" machi="83" ten="30,7700,0" yaku="1,1,7,1,54,1,53,1" doraHai="7" doraHaiUra="77" who="3" fromWho="0" sc="457,-83,211,0,131,0,191,93" /><INIT seed="1,0,0,1,5,19" ten="374,211,131,284" oya="1" hai0="36,40,12,49,42,77,59,16,68,39,66,26,95" hai1="7,86,134,62,85,8,41,46,105,75,76,48,83" hai2="94,88,29,38,20,116,63,128,10,131,64,108,55" hai3="120,70,90,81,122,5,17,98,73,50,2,14,33"/><U109/><E105/><V28/><F38/><W32/><G70/><T54/><D77/><U91/><E134/><V110/><F116/><W45/><G120/><T74/><D74/><U100/><E100/><V23/><F10/><W129/><G122/><T97/><D26/><U127/><E127/><V103/><F55/><W92/><G129/><N who="2" m="49737" /><F103/><W9/><G81/><T35/><D35/><U114/><E114/><V82/><F82/><W96/><G96/><T119/><D119/><U31/><E75/><V4/><F4/><W24/><G24/><T44/><D40/><U135/><E135/><V43/><F43/><W69/><G69/><T125/><D125/><U51/><E109/><N who="2" m="42091" /><F29/><W67/><G73/><T104/><D104/><U126/><E31/><V115/><F28/><W60/><G67/><T53/><D53/><U118/><E126/><V11/><F11/><W30/><G30/><T13/><D13/><N who="1" m="5279" /><E118/><V78/><F78/><W61/><G32/><T113/><D113/><U72/><E72/><V99/><F115/><W22/><REACH who="3" step="1"/><G33/><REACH who="3" ten="374,211,131,274" step="2"/><T34/><D34/><U0/><E83/><V65/><F65/><W112/><G112/><T1/><D39/><U102/><E102/><V79/><F79/><W106/><G106/><T87/><D97/><U84/><E76/><V107/><F107/><W121/><G121/><T117/><D117/><U111/><E111/><V130/><F130/><W101/><G101/><T47/><D95/><U124/><E124/><V133/><F133/><W123/><G123/><T89/><D68/><AGARI ba="0,1" hai="20,23,63,64,68,88,94,99" m="42091,49737" machi="68" ten="30,8000,1" yaku="19,1,14,1,52,2,54,1" doraHai="19" who="2" fromWho="0" sc="374,-80,211,0,131,90,274,0" /><INIT seed="2,0,0,2,0,15" ten="294,211,221,274" oya="2" hai0="67,21,70,99,103,108,105,87,107,39,23,52,37" hai1="118,83,95,36,38,93,4,59,76,78,75,86,131" hai2="19,100,69,126,49,64,89,44,43,134,54,92,68" hai3="102,74,94,29,120,9,114,125,48,91,45,55,73"/><V24/><F126/><W60/><G120/><T130/><D107/><U104/><E4/><V66/><F134/><W14/><G125/><T28/><D130/><U25/><E131/><V40/><F100/><W72/><G114/><T133/><D133/><U30/><E104/><V88/><F89/><W7/><G29/><T33/><D108/><U34/><E118/><V65/><F69/><W122/><G122/><T58/><D87/><U82/><E59/><V81/><F68/><W47/><G60/><T57/><D57/><U79/><E78/><V41/><F81/><W80/><G102/><T71/><D71/><U119/><E119/><V12/><F24/><W46/><REACH who="3" step="1"/><G80/><REACH who="3" ten="294,211,221,264" step="2"/><T124/><D124/><U115/><E115/><V50/><F92/><W61/><G61/><N who="0" m="40303" /><D39/><U132/><E132/><V109/><F109/><W123/><G123/><T17/><D37/><U8/><E38/><V6/><F88/><W1/><G1/><T63/><D17/><U27/><E36/><V31/><F31/><W62/><G62/><T20/><D20/><U10/><E83/><V3/><F3/><W96/><AGARI ba="0,1" hai="7,9,14,45,46,47,48,55,72,73,74,91,94,96" machi="96" ten="30,2000,0" yaku="1,1,0,1,53,0" doraHai="15" doraHaiUra="77" who="3" fromWho="3" sc="294,-5,211,-5,221,-10,264,30" /><INIT seed="3,0,0,0,1,24" ten="289,206,211,294" oya="3" hai0="95,31,119,125,12,5,134,1,106,49,98,99,56" hai1="65,46,4,13,102,120,32,10,9,64,109,110,3" hai2="60,35,131,73,41,128,97,43,78,127,34,62,123" hai3="11,70,101,129,121,51,28,107,76,111,126,0,117"/><W124/><G70/><T67/><D119/><U132/><E120/><V21/><F123/><W113/><G76/><T118/><D118/><U30/><E102/><V83/><F97/><W59/><G121/><T105/><D1/><U135/><E46/><V88/><F21/><W52/><G117/><T71/><D71/><U39/><E39/><V115/><F115/><W112/><G129/><T68/><D68/><U108/><E65/><V94/><F127/><W33/><G111/><T20/><D98/><U26/><E64/><V17/><F17/><AGARI ba="0,0" hai="3,4,9,10,13,17,26,30,32,108,109,110,132,135" machi="17" ten="40,8000,1" yaku="14,1,34,3,52,1" doraHai="24" who="1" fromWho="2" sc="289,0,206,80,211,-80,294,0" /><INIT seed="4,0,0,3,3,64" ten="289,286,131,294" oya="0" hai0="111,45,124,2,131,17,28,95,33,134,70,110,47" hai1="88,0,3,15,10,85,22,104,74,91,133,107,44" hai2="25,4,16,123,58,76,80,53,61,109,97,63,87" hai3="23,101,5,27,57,68,75,46,18,65,116,26,115"/><T21/><D2/><U7/><E74/><V49/><F123/><W40/><G116/><T59/><D33/><U41/><E133/><V79/><F109/><N who="0" m="41482" /><D28/><U114/><E114/><V132/><F132/><W120/><G120/><T20/><D134/><U130/><E130/><V126/><F126/><W113/><G75/><T117/><D117/><U54/><E54/><V56/><F4/><W103/><G5/><T36/><D131/><U96/><E0/><V31/><F97/><W13/><G57/><T19/><D124/><U92/><E22/><N who="0" m="8809" /><D59/><U102/><E3/><V39/><F39/><N who="3" m="21791" /><G26/><T29/><D29/><U32/><E32/><V34/><F79/><W14/><G27/><T119/><D119/><U50/><REACH who="1" step="1"/><E91/><REACH who="1" ten="289,276,131,294" step="2"/><V52/><REACH who="2" step="1"/><F16/><REACH who="2" ten="289,276,121,294" step="2"/><N who="0" m="6218" /><D36/><U11/><E11/><V51/><AGARI ba="0,2" hai="25,31,34,49,51,52,53,56,58,61,63,76,80,87" machi="51" ten="20,12000,2" yaku="1,1,0,1,7,1,9,1,54,1,53,1" doraHai="64" doraHaiUra="30" who="2" fromWho="2" sc="289,-60,276,-30,121,140,294,-30" /><INIT seed="5,0,0,4,5,81" ten="229,246,261,264" oya="1" hai0="125,48,10,83,95,56,26,29,134,21,16,91,107" hai1="114,27,51,41,130,119,22,70,111,47,133,85,103" hai2="131,71,4,30,120,15,64,50,42,36,6,20,112" hai3="106,38,1,5,8,34,57,53,98,31,43,86,19"/><U92/><E119/><V135/><F120/><W33/><G31/><T76/><D107/><U7/><E114/><V121/><F121/><W28/><G28/><T93/><D134/><U54/><E70/><V9/><F135/><W129/><G129/><T35/><D125/><U37/><E133/><V69/><F131/><W66/><G66/><T110/><D110/><U87/><E130/><V13/><F36/><W52/><G53/><T88/><D10/><U63/><E7/><V46/><F112/><W59/><G59/><T80/><D80/><U40/><E111/><V17/><F64/><W90/><G19/><T116/><D116/><U24/><E63/><V105/><F105/><W18/><G18/><T39/><D39/><U23/><E37/><V84/><F30/><W126/><G126/><T123/><D123/><U44/><E47/><V99/><F99/><W72/><G72/><T102/><D102/><U65/><E65/><V14/><F6/><W77/><G77/><T61/><D48/><U62/><E62/><V74/><F74/><W127/><G127/><T101/><D101/><U117/><E117/><V25/><F69/><W0/><G0/><T100/><D100/><U67/><E67/><V104/><F104/><W79/><G79/><T124/><D124/><U68/><E68/><V109/><F71/><W75/><G75/><T94/><D35/><U113/><E113/><V132/><F132/><W82/><G106/><T11/><D61/><U45/><E44/><V60/><F60/><N who="3" m="35879" /><G98/><T12/><D56/><U115/><E115/><V128/><F128/><W118/><G118/><RYUUKYOKU ba="0,0" sc="229,15,246,-15,261,-15,264,15" hai0="11,12,16,21,26,29,76,83,88,91,93,94,95" hai3="1,5,8,33,34,38,43,82,86,90" /><INIT seed="6,1,0,1,1,28" ten="244,231,246,279" oya="2" hai0="37,62,21,6,134,86,122,88,22,105,10,126,103" hai1="50,123,53,51,68,79,63,59,65,114,35,80,14" hai2="30,45,135,60,48,24,89,57,46,52,49,38,42" hai3="91,70,94,115,67,47,8,40,124,93,7,20,107"/><V117/><F117/><W71/><G107/><T100/><D122/><U41/><E35/><V104/><F104/><W90/><G124/><T44/><D126/><U75/><E123/><V82/><F135/><W31/><G115/><T17/><D134/><U0/><E0/><V69/><F89/><W26/><G91/><T101/><D105/><U92/><E114/><V116/><F82/><W74/><G74/><T118/><D118/><U121/><E121/><V128/><F128/><W119/><G119/><T32/><D32/><U130/><E130/><V83/><F83/><W23/><G23/><T95/><D62/><U9/><E92/><V39/><F116/><W3/><G67/><T129/><D129/><U11/><E14/><V110/><F110/><W27/><G27/><T106/><D106/><U18/><E18/><V16/><F16/><W13/><G94/><T131/><D131/><U4/><E4/><V36/><F24/><W1/><G1/><T72/><D72/><U73/><E75/><V61/><F30/><W113/><G3/><T99/><D37/><N who="2" m="14442" /><F69/><W56/><G113/><T111/><D111/><U15/><E15/><V54/><AGARI ba="1,0" hai="39,42,45,46,48,49,52,54,57,60,61" m="14442" machi="54" ten="30,18000,2" yaku="35,5,54,1" doraHai="28" who="2" fromWho="2" sc="244,-61,231,-61,246,183,279,-61" /><INIT seed="6,2,0,1,2,25" ten="183,170,429,218" oya="2" hai0="65,130,5,132,56,47,45,87,133,15,20,23,109" hai1="104,102,35,42,27,135,107,64,0,19,75,55,31" hai2="33,117,49,99,103,112,51,71,48,122,60,40,39" hai3="24,79,68,44,90,26,78,38,95,98,57,121,134"/><V94/><F122/><W129/><G68/><T16/><D109/><U116/><E116/><V128/><F117/><W83/><G121/><T41/><D130/><U91/><E75/><V86/><F128/><W53/><G129/><T14/><D45/><U46/><E0/><V30/><F112/><W66/><G134/><T10/><D23/><U29/><E135/><V74/><F74/><W93/><G93/><T59/><D65/><U80/><E64/><V8/><F8/><W88/><G66/><T70/><D70/><U76/><E55/><V6/><F6/><W28/><G38/><T63/><D132/><U12/><E91/><V113/><F113/><W110/><G44/><T77/><D133/><U17/><E17/><V106/><F39/><W89/><G24/><T119/><D63/><U13/><E13/><V72/><F72/><W54/><G110/><T32/><D32/><U4/><E4/><V124/><F40/><W126/><G126/><T1/><D1/><U85/><E102/><V82/><F94/><W100/><G83/><N who="0" m="47599" /><D119/><U97/><E97/><V108/><F108/><W84/><G84/><T50/><AGARI ba="2,0" hai="5,10,14,15,16,20,41,47,50,56,59" m="47599" machi="50" ten="30,4000,0" yaku="25,1,8,1,54,1" doraHai="25" who="0" fromWho="0" sc="183,46,170,-12,429,-22,218,-12" /><INIT seed="7,0,0,4,2,33" ten="229,158,407,206" oya="3" hai0="81,87,26,110,65,97,47,2,95,37,88,67,107" hai1="64,45,127,131,126,11,128,34,4,9,3,109,25" hai2="61,74,31,35,66,6,94,70,44,83,113,56,23" hai3="117,98,18,90,36,59,21,52,15,72,93,51,73"/><W80/><G117/><T14/><D110/><U86/><E109/><V29/><F35/><W49/><G36/><T7/><D107/><U62/><E86/><V101/><F70/><W39/><G39/><T100/><D26/><U91/><E91/><V124/><F44/><W120/><G120/><T27/><D27/><U106/><E106/><V50/><F50/><W63/><G49/><T69/><D69/><U89/><E89/><V111/><F6/><W134/><G134/><T60/><D60/><U122/><E122/><V54/><F31/><W68/><G68/><T92/><D92/><U78/><E78/><V129/><F54/><W71/><G71/><T10/><D14/><U16/><E45/><V58/><F58/><W57/><G80/><T0/><D37/><U43/><E43/><V24/><F129/><N who="1" m="49737" /><E34/><V76/><F124/><N who="1" m="47657" /><E64/><AGARI ba="0,0" hai="15,18,21,51,52,57,59,63,64,72,73,90,93,98" machi="64" ten="30,2900,0" yaku="7,1,54,1" doraHai="33" who="3" fromWho="1" sc="229,0,158,-29,407,0,206,29" /><INIT seed="7,1,0,5,3,17" ten="229,129,407,235" oya="3" hai0="108,119,69,54,82,99,46,47,48,61,85,88,15" hai1="58,122,30,97,127,25,16,57,18,29,53,68,34" hai2="126,64,92,27,43,84,79,33,117,133,40,23,60" hai3="21,98,91,20,2,104,32,55,71,9,94,42,95"/><W66/><G32/><T121/><D121/><U56/><E68/><V131/><F117/><W93/><G104/><T70/><D119/><U59/><E122/><V106/><F106/><W73/><G73/><T80/><D108/><U118/><E118/><V102/><F33/><W86/><G71/><T24/><D47/><U135/><E135/><V103/><F133/><W22/><G66/><T112/><D80/><U96/><E127/><V125/><F131/><W0/><G42/><T26/><D112/><U100/><E30/><N who="2" m="17791" /><F103/><W134/><G134/><T129/><D129/><U124/><E124/><N who="2" m="47723" /><F102/><W116/><G116/><T120/><D120/><U81/><E81/><N who="2" m="47167" /><F92/><W113/><G113/><T72/><D72/><U37/><E37/><V83/><F83/><W12/><G95/><T130/><D130/><U39/><E39/><V41/><F41/><W4/><REACH who="3" step="1"/><G55/><REACH who="3" ten="229,129,407,225" step="2"/><T5/><D99/><U107/><REACH who="1" step="1"/><E97/><REACH who="1" ten="229,119,407,225" step="2"/><V105/><F105/><W78/><G78/><T45/><D70/><AGARI ba="1,2" hai="40,43,60,64,70" m="47167,47723,17791" machi="70" ten="30,2000,0" yaku="18,1,52,1" doraHai="17" who="2" fromWho="0" sc="229,-23,119,0,407,43,225,0" owari="206,-19.0,119,-38.0,450,54.0,225,3.0" /></mjloggm>