<mjloggm ver="2.3"><GO type="41"/><UN n0="%E3%82%AC%E3%83%AB%E3%83%87%E3%82%A3%E3%82%A2" n1="%E3%82%A6%E3%83%AB%E3%83%88%E3%83%A9%E7%AB%8B%E7%9B%B4" n2="%E8%96%A9%E6%91%A9%E3%81%AE%E9%A2%A8" n3="%E9%80%9A%E3%82%8C%E3%81%A3%EF%BC%81" dan="14,15,15,14" rate="2075,1978,1904,1980" sx="M,M,M,M"/><TAIKYOKU oya="0"/><INIT seed="0,0,0,1,5,20" ten="250,250,250,250" oya="0" hai0="5,12,77,78,35,80,129,86,72,49,56,125,43" hai1="25,108,119,73,58,131,91,9,16,46,0,69,81" hai2="98,121,44,36,89,1,126,107,120,22,2,65,21" hai3="116,133,64,92,7,31,38,105,132,104,118,14,93"/><T32/><D125/><U23/><E69/><V74/><F74/><W109/><G38/><T45/><D129/><U37/><E119/><N who="3" m="45610" /><G64/><T19/><D5/><U76/><E131/><V18/><F65/><W48/><G48/><T53/><D72/><U55/><E108/><V28/><F126/><W30/><G14/><T17/><D78/><U88/><E46/><V95/><F107/><N who="3" m="41035" /><G7/><T24/><D19/><U75/><E37/><V67/><F67/><W40/><G40/><T61/><REACH who="0" step="1"/><D24/><REACH who="0" ten="240,250,250,250" step="2"/><U85/><E75/><V103/><F121/><W52/><G109/><T39/><D39/><U90/><E0/><V10/><F120/><W102/><G30/><T6/><D6/><U33/><E9/><AGARI ba="0,1" hai="9,12,17,32,35,43,45,49,53,56,61,77,80,86" machi="9" ten="30,5800,0" yaku="1,1,7,1,53,1" doraHai="20" doraHaiUra="83" who="0" fromWho="1" sc="240,68,250,-58,250,0,250,0" /><INIT seed="0,1,0,5,4,45" ten="308,192,250,250" oya="0" hai0="92,96,115,86,69,3,60,103,72,100,47,67,44" hai1="80,125,40,88,28,54,98,111,81,128,123,89,35" hai2="76,11,24,7,48,119,90,77,135,36,122,39,50" hai3="25,43,126,74,63,6,93,33,4,65,99,124,113"/><T37/><D72/><U53/><E28/><V131/><F122/><W29/><G113/><T107/><D115/><U114/><E35/><V129/><F24/><W108/><G43/><T13/><D3/><U127/><E114/><V133/><F90/><N who="1" m="34921" /><E123/><V18/><F18/><W78/><G78/><N who="2" m="30313" /><F11/><W105/><G105/><T130/><D37/><N who="2" m="14410" /><F7/><W52/><G74/><T20/><D107/><U79/><E40/><V61/><F61/><W34/><G34/><T51/><D86/><U2/><E79/><V5/><F5/><W62/><G108/><T10/><D103/><U21/><E21/><V104/><F104/><W118/><G118/><T1/><D1/><U9/><E98/><V132/><F119/><W102/><G126/><N who="1" m="48138" /><E9/><V30/><F30/><W42/><G42/><T27/><D10/><U112/><E2/><V15/><F15/><W116/><G116/><T22/><D13/><U23/><E23/><V75/><F75/><W70/><G124/><T91/><D27/><U57/><E112/><V26/><F26/><W56/><AGARI ba="1,0" hai="4,6,25,29,33,52,56,62,63,65,70,93,99,102" machi="56" ten="30,2000,0" yaku="0,1,54,1" doraHai="45" who="3" fromWho="3" sc="308,-11,192,-6,250,-6,250,23" /><INIT seed="1,0,0,4,2,23" ten="297,186,244,273" oya="1" hai0="122,116,32,26,31,33,131,132,119,80,27,70,3" hai1="65,134,81,91,71,101,87,84,52,135,39,54,99" hai2="76,110,83,47,4,117,10,106,124,57,49,30,29" hai3="86,123,9,19,17,66,62,45,112,20,85,108,22"/><U6/><E39/><V12/><F117/><N who="0" m="45130" /><D80/><U73/><E65/><V37/><F110/><W115/><G123/><T74/><D74/><U50/><E71/><V56/><F124/><W55/><G108/><T98/><D98/><U24/><E6/><V118/><F106/><W111/><G111/><T104/><D104/><U34/><E84/><N who="2" m="48231" /><F37/><W126/><G126/><T18/><D70/><U94/><E73/><V133/><F133/><W121/><G121/><T100/><D100/><U1/><E1/><V88/><F88/><W114/><G45/><T109/><D109/><U67/><E67/><V69/><F69/><W89/><G55/><T51/><D51/><U61/><E61/><V16/><F118/><W14/><G89/><T77/><D77/><U13/><E13/><N who="2" m="5319" /><F56/><W21/><REACH who="3" step="1"/><G19/><REACH who="3" ten="297,186,244,263" step="2"/><T41/><D18/><U68/><E54/><N who="2" m="31951" /><F47/><W79/><G79/><T40/><D122/><U63/><E135/><V92/><F92/><W105/><G105/><T59/><D132/><U5/><E134/><V53/><F53/><W2/><G2/><T107/><D3/><U28/><E63/><V48/><F48/><W0/><G0/><T15/><D107/><U78/><E68/><AGARI ba="0,1" hai="9,14,17,20,21,22,62,66,68,85,86,112,114,115" machi="68" ten="50,1600,0" yaku="1,1,53,0" doraHai="23" doraHaiUra="72" who="3" fromWho="1" sc="297,0,186,-16,244,0,263,26" /><INIT seed="2,0,0,4,5,108" ten="297,170,244,289" oya="2" hai0="39,33,129,74,81,117,75,4,48,104,102,56,94" hai1="24,57,31,61,10,30,79,109,90,105,121,91,62" hai2="58,115,50,106,44,12,25,80,3,71,122,124,118" hai3="123,37,46,70,11,20,1,112,32,125,59,101,2"/><V40/><F122/><W76/><G123/><T0/><D39/><U29/><E105/><V83/><F118/><W92/><G70/><T87/><D104/><U16/><E121/><V103/><F3/><W49/><G32/><T7/><D129/><U88/><E109/><V8/><F71/><W47/><G125/><T84/><D84/><U98/><E98/><V14/><F124/><W89/><G76/><T126/><D33/><U107/><E107/><V54/><F25/><W22/><G101/><T85/><D85/><U131/><E131/><V17/><F115/><W68/><G68/><T19/><D0/><U97/><E97/><V15/><F106/><W21/><G112/><T34/><D34/><U60/><E79/><V133/><F103/><W127/><G127/><T9/><D7/><U27/><E57/><V55/><F133/><W86/><G59/><T67/><D4/><U43/><E43/><V99/><F99/><W113/><G113/><T95/><D56/><U77/><E77/><V13/><REACH who="2" step="1"/><F54/><REACH who="2" ten="297,170,234,289" step="2"/><W65/><G1/><T35/><D102/><U69/><E69/><V28/><F28/><W23/><G2/><T26/><D26/><U100/><E100/><V38/><AGARI ba="0,1" hai="8,12,13,14,15,17,38,40,44,50,55,58,80,83" machi="38" ten="30,3000,0" yaku="1,1,0,1,53,0" doraHai="108" doraHaiUra="111" who="2" fromWho="2" sc="297,-10,170,-10,234,40,289,-10" /><INIT seed="2,1,0,2,3,44" ten="287,160,274,279" oya="2" hai0="45,3,130,114,70,37,80,48,62,75,64,112,4" hai1="57,40,94,19,111,108,54,60,32,134,50,86,84" hai2="12,66,103,120,38,69,74,29,109,9,87,99,91" hai3="15,96,27,110,97,2,72,1,81,125,105,63,101"/><V107/><F120/><W116/><G116/><T49/><D130/><U33/><E134/><V71/><F38/><W58/><G125/><T93/><D93/><U104/><E104/><V10/><F109/><N who="1" m="42057" /><E19/><V88/><F74/><W95/><G110/><T42/><D114/><U124/><E124/><V39/><F39/><W5/><G27/><T17/><D17/><U79/><E40/><V30/><F9/><W115/><G115/><T61/><D61/><U76/><E94/><V135/><F135/><W126/><G126/><T128/><D128/><U13/><E13/><V90/><F87/><N who="1" m="33321" /><E60/><V6/><REACH who="2" step="1"/><F66/><REACH who="2" ten="287,160,264,279" step="2"/><W68/><G72/><T7/><D112/><U25/><E25/><V113/><F113/><W14/><G1/><T77/><D7/><U89/><E89/><V98/><F98/><W23/><G2/><T20/><D20/><U51/><E79/><V24/><F24/><W35/><G5/><T59/><D70/><AGARI ba="1,1" hai="6,10,12,29,30,69,70,71,88,90,91,99,103,107" machi="70" ten="40,3900,0" yaku="1,1,54,1,53,0" doraHai="44" doraHaiUra="132" who="2" fromWho="0" sc="287,-42,160,0,264,52,279,0" /><INIT seed="2,2,0,3,2,52" ten="245,160,316,279" oya="2" hai0="64,23,73,134,27,13,131,125,48,135,89,92,96" hai1="112,74,115,49,77,53,86,43,54,51,71,4,124" hai2="116,55,60,83,111,93,40,61,103,32,90,107,67" hai3="129,44,106,36,75,68,101,18,62,10,6,98,58"/><V56/><F116/><W2/><G129/><T22/><D73/><U12/><E74/><V113/><F113/><W14/><G75/><T97/><D131/><U46/><E71/><V41/><F32/><W24/><G24/><T110/><D110/><U121/><E121/><V122/><F122/><W82/><G82/><T76/><D76/><U87/><E87/><V30/><F30/><W119/><G68/><T127/><D64/><U16/><E4/><V26/><F26/><W11/><G119/><T78/><D78/><U38/><E124/><N who="0" m="47689" /><D48/><U81/><E38/><V102/><F107/><W3/><G36/><T63/><D63/><U37/><E37/><V35/><F35/><W108/><G108/><T8/><D97/><U79/><E79/><V105/><F105/><W65/><REACH who="3" step="1"/><G44/><REACH who="3" ten="245,160,316,269" step="2"/><T91/><D27/><U42/><E112/><V59/><F83/><W95/><G95/><N who="0" m="56431" /><D134/><U123/><E115/><V84/><REACH who="2" step="1"/><F111/><REACH who="2" ten="245,160,306,269" step="2"/><W20/><G20/><T47/><D23/><N who="1" m="11655" /><E123/><V133/><F133/><W109/><G109/><T99/><D22/><U69/><E69/><V72/><F72/><W34/><G34/><T0/><D135/><U70/><E70/><V94/><F94/><W66/><G66/><T117/><D117/><U80/><E80/><V15/><F15/><AGARI ba="2,2" hai="2,3,6,10,11,14,15,18,58,62,65,98,101,106" machi="15" ten="30,3900,0" yaku="1,1,7,1,52,1,53,0" doraHai="52" doraHaiUra="45" who="3" fromWho="2" sc="245,0,160,0,306,-45,269,65" /><INIT seed="3,0,0,5,1,44" ten="245,160,261,334" oya="3" hai0="117,1,113,93,5,112,21,75,50,85,19,77,126" hai1="70,88,32,41,86,83,38,22,76,131,119,49,53" hai2="87,61,40,132,96,100,58,116,64,47,2,81,98" hai3="7,106,115,18,135,24,108,3,134,54,104,120,23"/><W79/><G120/><T97/><D117/><U56/><E32/><V15/><F116/><W101/><G115/><T12/><D126/><U57/><E119/><V84/><F2/><W28/><G79/><T26/><D75/><U30/><E70/><V94/><F132/><N who="3" m="50731" /><G101/><T90/><D1/><U0/><E0/><V45/><F15/><N who="3" m="9695" /><G108/><T17/><D5/><U103/><E131/><V74/><F74/><W65/><G65/><T55/><D77/><U51/><E103/><V33/><F33/><N who="3" m="20615" /><G54/><T73/><D73/><U13/><E38/><V60/><F60/><W72/><G72/><T107/><D107/><U130/><E130/><V52/><F96/><W27/><G27/><T118/><D118/><U89/><E41/><V110/><F110/><W114/><G114/><T31/><D97/><U67/><E67/><V133/><F133/><W14/><G14/><T43/><D43/><U80/><E80/><V121/><F121/><W46/><G46/><N who="2" m="17417" /><F40/><W20/><G20/><N who="0" m="11303" /><D31/><U66/><E13/><V95/><F64/><W37/><G37/><T105/><D105/><U68/><E68/><V91/><F81/><W8/><AGARI ba="0,0" hai="3,7,8,104,106" m="20615,9695,50731" machi="8" ten="30,3000,0" yaku="24,1,20,1" doraHai="44" who="3" fromWho="3" sc="245,-10,160,-10,261,-10,334,30" /><INIT seed="3,1,0,1,0,72" ten="235,150,251,364" oya="3" hai0="0,95,84,41,46,55,112,78,28,35,65,14,85" hai1="6,123,33,93,113,96,111,134,135,19,2,32,98" hai2="69,77,15,5,70,61,107,22,36,108,68,64,11" hai3="129,121,106,89,90,8,126,20,114,38,119,81,102"/><W104/><G121/><T127/><D0/><U120/><E98/><V23/><F107/><W79/><G119/><T51/><D127/><U59/><E59/><V63/><F36/><W88/><G114/><T45/><D112/><U9/><E93/><V109/><F64/><W86/><G38/><T7/><D65/><U130/><E96/><V34/><F34/><N who="1" m="13417" /><E113/><V40/><F40/><W132/><G8/><T91/><D84/><U18/><E130/><V31/><F31/><W115/><G115/><T118/><D118/><U103/><E103/><V73/><F73/><N who="3" m="43247" /><G20/><N who="2" m="7721" /><F77/><W56/><G56/><T60/><D78/><U48/><E48/><V30/><F30/><W117/><G117/><T13/><D51/><U58/><E58/><V43/><F43/><W1/><G1/><T66/><D41/><U92/><E92/><V44/><F44/><W97/><G126/><T67/><D46/><U105/><E105/><N who="3" m="40554" /><G129/><T116/><D45/><U131/><E131/><V21/><N who="2" m="7729" /><V101/><DORA hai="54" /><F101/><W50/><G50/><T10/><D116/><U71/><E71/><N who="2" m="18179" /><V125/><DORA hai="42" /><F125/><W82/><G132/><N who="1" m="50730" /><E19/><V49/><F49/><W74/><G74/><T53/><D95/><AGARI ba="1,0" hai="82,86,88,89,90,95,97,102" m="40554,43247" machi="95" ten="30,18000,2" yaku="35,5,52,1,54,1" doraHai="72,54,42" who="3" fromWho="0" sc="235,-183,150,0,251,0,364,183" /><INIT seed="3,2,0,0,3,78" ten="52,150,251,547" oya="3" hai0="115,70,32,12,124,44,75,99,7,6,91,88,65" hai1="24,47,49,52,94,45,11,118,122,113,123,4,16" hai2="106,105,87,72,36,14,10,132,20,5,95,85,0" hai3="84,22,13,42,37,58,46,97,134,114,107,120,80"/><W110/><G120/><T130/><D124/><U126/><E113/><V131/><F36/><W66/><G114/><T117/><D130/><U76/><E118/><V34/><F34/><W54/><G110/><T43/><D32/><U73/><E126/><V39/><F39/><W48/><G134/><T17/><D117/><U125/><E125/><V135/><F72/><W109/><G109/><T59/><D115/><U62/><E123/><V64/><F64/><W90/><G66/><T71/><D75/><U60/><E122/><V104/><F131/><W63/><G107/><N who="2" m="27393" /><V89/><DORA hai="2" /><F20/><W28/><G97/><T119/><D119/><U53/><E73/><V27/><F27/><W31/><REACH who="3" step="1"/><G37/><REACH who="3" ten="52,150,251,537" step="2"/><T133/><D133/><N who="2" m="51274" /><F85/><W128/><G128/><T25/><D99/><U127/><E127/><V81/><F0/><W29/><G29/><T98/><D98/><U50/><E76/><V38/><F38/><W57/><G57/><T102/><D71/><U116/><E116/><V19/><F19/><AGARI ba="2,1" hai="13,19,22,28,31,42,46,48,54,58,63,80,84,90" machi="19" ten="40,12000,1" yaku="1,1,8,1,52,1,53,2" doraHai="78,2" doraHaiUra="51,79" who="3" fromWho="2" sc="52,0,150,0,251,-126,537,136" /><INIT seed="3,3,0,2,0,2" ten="52,150,125,673" oya="3" hai0="62,82,48,21,22,39,115,110,42,38,134,127,106" hai1="41,89,88,75,125,100,55,78,76,61,87,81,132" hai2="11,28,3,6,83,126,108,37,122,135,14,9,8" hai3="44,23,54,46,66,57,0,120,118,15,133,92,91"/><W90/><G120/><T18/><D106/><U69/><E41/><V25/><F37/><W35/><G0/><T79/><D110/><U58/><E69/><V52/><F108/><W97/><G35/><T116/><D116/><U64/><E125/><V102/><F122/><W93/><G118/><T24/><D127/><U4/><E100/><V19/><F126/><W112/><G66/><T131/><D131/><U49/><E132/><V59/><F135/><W74/><G74/><T85/><D134/><U98/><E75/><V30/><F102/><W47/><G112/><T104/><D104/><U101/><E78/><V60/><F25/><W77/><G77/><T129/><D129/><U34/><E34/><V43/><F43/><W20/><G133/><T105/><D105/><U96/><E96/><V40/><F40/><W10/><G93/><T27/><D115/><U95/><E4/><V71/><F71/><W114/><G91/><T86/><D62/><U119/><REACH who="1" step="1"/><E119/><REACH who="1" ten="52,140,125,673" step="2"/><V1/><F83/><W29/><G114/><T32/><D32/><U121/><E121/><V63/><F63/><N who="3" m="36279" /><G29/><T124/><D124/><U67/><E67/><V36/><F36/><W65/><G65/><T94/><D39/><U70/><AGARI ba="3,1" hai="49,55,58,61,64,70,76,81,87,88,89,95,98,101" machi="70" ten="20,8000,1" yaku="1,1,0,1,7,1,54,1,53,1" doraHai="2" doraHaiUra="45" who="1" fromWho="1" sc="52,-23,140,99,125,-23,673,-43" /><INIT seed="4,0,0,3,1,2" ten="29,239,102,630" oya="0" hai0="95,31,12,121,115,39,88,40,4,83,116,11,33" hai1="17,58,50,113,46,79,86,51,84,104,20,72,44" hai2="91,76,75,30,61,82,7,85,8,16,103,1,98" hai3="134,81,133,35,101,25,60,9,41,73,87,66,99"/><T6/><D115/><U111/><E104/><V78/><F30/><N who="3" m="19919" /><G41/><T97/><D121/><U48/><E111/><V13/><F61/><W122/><G73/><T135/><D116/><U55/><E72/><V112/><F75/><W67/><G9/><T128/><D128/><U23/><E113/><V38/><F38/><W26/><G26/><T80/><D135/><U74/><E74/><V90/><F112/><W71/><G67/><T15/><D31/><U53/><E79/><V37/><F37/><W54/><G54/><T0/><D33/><U96/><E96/><V100/><F76/><N who="3" m="46503" /><G122/><T69/><D69/><U49/><N who="1" m="12800" /><DORA hai="119" /><U19/><E55/><V22/><REACH who="2" step="1"/><F103/><REACH who="2" ten="29,239,92,630" step="2"/><W77/><G101/><T56/><D39/><U108/><E108/><V28/><F28/><W42/><G60/><T93/><D0/><U65/><E65/><V45/><F45/><W34/><G66/><T57/><D40/><U110/><E110/><V68/><F68/><W94/><G42/><T18/><D57/><U106/><E58/><V21/><F21/><W5/><G71/><T24/><D56/><U27/><E53/><V29/><F29/><W105/><G134/><T32/><D32/><U47/><E23/><V125/><F125/><W118/><G34/><T36/><D36/><U129/><E20/><V62/><F62/><W70/><G70/><T14/><D24/><U64/><E27/><V114/><F114/><W131/><G133/><T124/><D124/><U117/><E47/><V120/><F120/><W130/><G130/><T43/><D43/><U63/><E46/><V127/><F127/><RYUUKYOKU ba="0,1" sc="29,-10,239,-10,92,30,630,-10" hai2="1,7,8,13,16,22,78,82,85,90,91,98,100" /><INIT seed="5,1,1,5,3,7" ten="19,229,122,620" oya="1" hai0="108,126,116,82,19,131,68,100,132,41,17,16,129" hai1="40,69,15,80,47,120,128,51,104,36,39,26,118" hai2="58,52,60,59,98,5,96,45,77,44,85,113,53" hai3="121,61,119,127,48,6,91,50,49,63,111,123,134"/><U88/><E104/><V115/><F5/><W12/><G111/><T112/><D68/><U24/><E120/><V109/><F109/><W89/><G127/><T20/><D108/><U4/><E69/><V35/><F35/><W62/><G134/><T70/><D70/><U71/><E71/><V1/><F1/><W25/><G25/><N who="0" m="14471" /><D41/><U9/><E118/><V34/><F34/><W73/><G73/><T22/><D82/><U30/><E128/><N who="0" m="49225" /><D100/><U90/><E26/><V55/><F85/><W56/><G119/><T65/><D65/><U76/><E39/><V66/><F77/><W64/><G123/><T81/><D81/><U42/><E42/><V37/><F37/><W46/><G46/><N who="2" m="18025" /><F96/><W29/><G29/><T2/><D116/><U10/><E36/><V106/><F98/><W102/><G102/><T135/><D126/><U31/><E31/><V54/><F106/><W103/><G103/><T3/><D112/><N who="2" m="43082" /><F59/><W74/><G74/><T14/><D19/><U84/><E10/><V78/><F78/><W21/><G121/><T32/><D32/><U33/><AGARI ba="1,1" hai="4,9,15,24,30,33,40,47,51,76,80,84,88,90" machi="33" ten="20,18000,2" yaku="0,1,7,1,25,2,52,1,54,1" doraHai="7" who="1" fromWho="1" sc="19,-61,229,193,122,-61,620,-61" owari="-42,-54.0,422,22.0,61,-34.0,559,66.0" /></mjloggm>