<mjloggm ver="2.3"><GO type="97"/><UN n0="%EF%BC%88%E2%89%A7%E2%96%BD%E2%89%A6%EF%BC%89" n1="%79%61%6D%61%74%61" n2="%E3%83%9C%E3%82%B9%E3%82%B8%E3%83%A0" n3="%E3%83%AD%E3%83%BC%E3%83%A9%E8%93%AE%E7%94%B0" dan="15,13,17,14" rate="2035,1811,2047,1986" sx="M,M,M,M"/><TAIKYOKU oya="0"/><INIT seed="0,0,0,4,1,62" ten="250,250,250,250" oya="0" hai0="66,7,37,0,48,106,130,79,96,38,68,135,93" hai1="26,64,33,103,69,78,88,101,20,105,52,45,40" hai2="59,80,28,115,17,5,87,30,112,132,43,23,85" hai3="32,15,25,110,113,49,21,34,114,67,74,109,123"/><T129/><D106/><U120/><E120/><V63/><F132/><W19/><G74/><T2/><D135/><U50/><E78/><V97/><F5/><W127/><G49/><T107/><D107/><U1/><E1/><N who="0" m="617" /><D7/><U118/><E118/><V53/><F112/><W108/><G67/><T61/><D48/><U121/><E121/><V12/><F115/><N who="3" m="44043" /><G123/><T18/><D18/><U71/><E33/><N who="3" m="12906" /><G127/><T57/><D68/><U102/><E105/><V44/><F97/><W92/><G92/><T77/><D37/><U104/><E104/><V76/><REACH who="2" step="1"/><F85/><REACH who="2" step="2"/><W86/><G86/><T39/><D38/><AGARI ba="0,1" hai="12,17,23,28,30,38,43,44,53,59,63,76,80,87" machi="38" ten="30,7700,0" yaku="1,1,2,1,7,1,53,1" doraHai="62" doraHaiUra="55" who="2" fromWho="0" sc="250,-77,250,0,240,87,250,0" /><INIT seed="1,0,0,5,3,100" ten="173,250,327,250" oya="1" hai0="113,7,12,87,38,39,90,54,103,16,135,10,93" hai1="58,115,48,69,76,21,50,108,0,62,83,43,29" hai2="63,30,81,97,119,13,4,112,46,107,24,101,86" hai3="17,52,32,64,8,57,79,23,110,94,125,34,132"/><U18/><E115/><V71/><F112/><W111/><G132/><T104/><D113/><U31/><E0/><V122/><F122/><W88/><G79/><T19/><D135/><U14/><E69/><V3/><F46/><W74/><G74/><T129/><D129/><U44/><E48/><V56/><F119/><W109/><G64/><T89/><D89/><U42/><E43/><V85/><F3/><W106/><G106/><T116/><D116/><U75/><REACH who="1" step="1"/><E108/><REACH who="1" step="2"/><V99/><F71/><W80/><G125/><T68/><D68/><U47/><E47/><V70/><F70/><W114/><G114/><T133/><D133/><U2/><E2/><V84/><F63/><W78/><G78/><T96/><REACH who="0" step="1"/><D54/><AGARI ba="0,1" hai="14,18,21,29,31,42,44,50,54,58,62,75,76,83" machi="54" ten="30,2900,0" yaku="1,1,7,1,53,0" doraHai="100" doraHaiUra="67" who="1" fromWho="0" sc="173,-29,240,39,327,0,250,0" /><INIT seed="1,1,0,1,0,43" ten="144,279,327,250" oya="1" hai0="89,130,13,82,97,68,19,2,95,116,100,117,3" hai1="76,6,111,50,48,60,67,40,72,103,63,104,99" hai2="125,24,81,70,91,80,51,75,113,21,58,118,38" hai3="84,36,120,71,90,26,106,22,54,92,14,126,132"/><U27/><E6/><V73/><F70/><W119/><G120/><T101/><D68/><U25/><E63/><V129/><F38/><W20/><G106/><T87/><D130/><U133/><E133/><V52/><F118/><W42/><G132/><T45/><D117/><U5/><E5/><V37/><F37/><W85/><G119/><T9/><D116/><U23/><E111/><V59/><F129/><W11/><G71/><T35/><D35/><U112/><E112/><V8/><F125/><W105/><G105/><T17/><D101/><U83/><E27/><V0/><F0/><W94/><G126/><T12/><REACH who="0" step="1"/><D45/><REACH who="0" step="2"/><U121/><E121/><V115/><F113/><W66/><G36/><T98/><D98/><U110/><E110/><V61/><F115/><W29/><G42/><T69/><D69/><U18/><REACH who="1" step="1"/><E40/><REACH who="1" step="2"/><V77/><F61/><W56/><G66/><T64/><D64/><U55/><E55/><V107/><F52/><W7/><G22/><AGARI ba="1,2" hai="2,3,9,12,13,17,19,22,82,87,89,95,97,100" machi="22" ten="30,7700,0" yaku="1,1,7,1,53,2" doraHai="43" doraHaiUra="10" who="0" fromWho="3" sc="134,100,269,0,327,0,250,-80" /><INIT seed="2,0,0,0,1,28" ten="234,269,327,170" oya="2" hai0="103,5,89,3,132,106,48,110,94,100,135,77,25" hai1="2,41,4,88,15,105,29,27,108,67,73,87,111" hai2="129,57,119,60,125,113,40,22,30,116,32,69,72" hai3="84,131,90,98,18,97,74,37,39,66,82,80,24"/><V128/><F72/><W31/><G131/><N who="2" m="50249" /><F113/><W93/><G66/><T44/><D110/><N who="1" m="42027" /><E2/><V56/><F40/><W109/><G109/><T79/><D25/><U124/><E124/><V46/><F46/><W43/><G18/><T83/><D106/><U13/><E73/><V0/><F0/><W75/><G97/><N who="0" m="57551" /><D5/><U53/><E41/><V81/><F81/><W71/><G71/><T102/><D3/><U50/><E67/><N who="2" m="41191" /><F22/><W23/><G43/><N who="0" m="24607" /><D83/><N who="1" m="49279" /><E105/><V21/><F21/><W96/><G96/><T58/><D58/><N who="2" m="22634" /><F125/><W54/><G54/><T64/><D64/><U104/><E104/><V42/><F42/><W26/><G26/><AGARI ba="0,0" hai="26,30,32,116,119" m="22634,41191,50249" machi="26" ten="30,2900,0" yaku="19,1,52,1" doraHai="28" who="2" fromWho="3" sc="234,0,269,0,327,29,170,-29" /><INIT seed="2,1,0,1,0,126" ten="234,269,356,141" oya="2" hai0="20,42,57,70,105,97,102,62,117,23,61,73,75" hai1="9,125,123,83,10,92,76,104,60,5,127,58,53" hai2="91,119,66,107,26,11,85,41,67,114,100,121,65" hai3="110,101,108,48,17,14,122,135,49,56,51,120,25"/><V1/><F121/><W21/><G101/><T55/><D117/><U82/><E104/><V95/><F114/><W18/><G135/><T19/><D42/><U113/><E123/><V130/><F119/><W8/><G122/><T124/><D124/><N who="1" m="47691" /><E113/><V88/><F41/><W39/><G39/><T71/><D23/><U133/><E133/><V86/><F26/><W36/><G36/><T99/><D99/><U109/><E109/><V52/><F100/><W16/><G120/><T2/><D2/><N who="1" m="183" /><E76/><V37/><F107/><W32/><G32/><T22/><D22/><U29/><E29/><V30/><F30/><W15/><G56/><T132/><D132/><U87/><E10/><V4/><F37/><W24/><G17/><T96/><D96/><U89/><AGARI ba="1,0" hai="53,58,60,82,83,87,89,92" m="183,47691" machi="89" ten="30,1100,0" yaku="18,1" doraHai="126" who="1" fromWho="1" sc="234,-4,269,14,356,-6,141,-4" /><INIT seed="3,0,0,3,2,66" ten="230,283,350,137" oya="3" hai0="14,84,115,0,71,30,111,15,69,110,98,86,70" hai1="128,20,10,11,51,1,130,52,73,100,99,49,103" hai2="28,23,45,12,108,61,40,102,17,50,96,127,68" hai3="135,65,80,53,132,114,63,59,36,22,60,72,62"/><W35/><G35/><T125/><D0/><U21/><E1/><V105/><F108/><N who="0" m="41514" /><D125/><U27/><E27/><V46/><F127/><W9/><G72/><T54/><D115/><U2/><E2/><V19/><F28/><W75/><G9/><T88/><D30/><U13/><E13/><N who="0" m="4617" /><D54/><U31/><E31/><V107/><F19/><W57/><G114/><T106/><D106/><U16/><E99/><V43/><F107/><W55/><G22/><T33/><D33/><U133/><E133/><N who="3" m="51274" /><G80/><T89/><D98/><U42/><E42/><V24/><F24/><W95/><G95/><T85/><AGARI ba="0,0" hai="69,70,71,84,85,86,88,89" m="4617,41514" machi="85" ten="40,12000,2" yaku="28,2,14,1,52,3,54,1" doraHai="66" who="0" fromWho="0" sc="230,120,283,-30,350,-30,137,-60" owari="350,45.0,253,-15.0,320,12.0,77,-42.0" /></mjloggm>