<mjloggm ver="2.3"><GO type="169" lobby="0"/><UN n0="%E3%80%93%E6%9D%BE%E4%BA%95%EF%BC%A3%EF%BC%B3%E3%80%93" n1="%E3%81%A4%E3%81%AE%E3%81%A0%E2%98%86%E3%81%B2%E3%82%8D" n2="%E2%99%AA%E3%83%A2%E3%83%8E%E3%82%AF%E3%83%AD" n3="%EF%BC%88%E2%89%A7%E2%96%BD%E2%89%A6%EF%BC%89" dan="18,18,18,17" rate="2201.53,2194.84,2221.64,2161.31" sx="M,F,F,M"/><TAIKYOKU oya="0"/><INIT seed="0,0,0,2,3,4" ten="250,250,250,250" oya="0" hai0="3,131,16,106,0,60,63,56,41,32,101,98,5" hai1="40,69,85,73,55,124,21,75,129,112,92,50,82" hai2="128,10,97,14,115,87,86,42,99,58,18,11,35" hai3="25,79,66,22,104,20,135,33,76,122,78,47,62"/><T133/><BYE who="2" /><D32/><U27/><E69/><V9/><F9/><W100/><G122/><T96/><D133/><U110/><E110/><V72/><F72/><W46/><G135/><T132/><D132/><U89/><E129/><V44/><F44/><W51/><G33/><T67/><D131/><U48/><E124/><V108/><F108/><W12/><G100/><T53/><D41/><U7/><E112/><V34/><F34/><W121/><G104/><T19/><D98/><U81/><E7/><V119/><F119/><W107/><G107/><T36/><D36/><U109/><E109/><V84/><F84/><W6/><G121/><T117/><D117/><U8/><E8/><V111/><F111/><W94/><G94/><T88/><D88/><U54/><E40/><V130/><F130/><W61/><G66/><T71/><REACH who="0" step="1"/><D5/><REACH who="0" ten="240,250,250,250" step="2"/><U103/><E103/><V17/><F17/><AGARI ba="0,1" hai="0,3,16,17,19,53,56,60,63,67,71,96,101,106" machi="17" ten="40,12000,1" yaku="1,1,2,1,54,1,53,1" doraHai="4" doraHaiUra="64" who="0" fromWho="2" sc="240,130,250,0,250,-120,250,0" /><INIT seed="0,1,0,4,5,134" ten="370,250,130,250" oya="0" hai0="41,123,69,19,124,59,23,60,107,77,68,84,116" hai1="56,17,6,8,57,115,80,51,15,64,4,12,26" hai2="101,0,97,126,53,76,3,10,75,33,92,44,91" hai3="63,34,113,133,114,40,130,110,87,94,121,103,16"/><T24/><D116/><U49/><E115/><V122/><F122/><W120/><G34/><T67/><D123/><N who="3" m="47177" /><G40/><T66/><D107/><U109/><E109/><V35/><F35/><W102/><G110/><T106/><D106/><U55/><E26/><V28/><F28/><W54/><G133/><T82/><D124/><U112/><E112/><V61/><F61/><W47/><G130/><T78/><D41/><U25/><E25/><V125/><F125/><W117/><G117/><T132/><D132/><U43/><E80/><V70/><F70/><W18/><G103/><T83/><REACH who="0" step="1"/><D67/><REACH who="0" ten="360,250,130,250" step="2"/><U29/><E43/><V93/><F93/><W1/><G94/><T95/><D95/><U100/><E64/><V72/><F72/><AGARI ba="1,1" hai="19,23,24,59,60,66,68,69,72,77,78,82,83,84" machi="72" ten="30,2900,0" yaku="1,1,7,1,53,0" doraHai="134" doraHaiUra="108" who="0" fromWho="2" sc="360,42,250,0,130,-32,250,0" /><INIT seed="0,2,0,4,2,61" ten="402,250,98,250" oya="0" hai0="44,135,126,11,65,36,19,101,27,29,71,2,100" hai1="124,7,12,17,76,95,60,98,48,84,58,1,110" hai2="23,117,86,82,116,25,108,68,66,91,114,53,28" hai3="102,72,9,129,15,49,10,97,93,106,94,35,75"/><T109/><D135/><U31/><E110/><V38/><F38/><W115/><G35/><T56/><D109/><U14/><E124/><V8/><F8/><W119/><G119/><T134/><D126/><U80/><E31/><V22/><F22/><W70/><G115/><T120/><D134/><U50/><E1/><V63/><F63/><W105/><G129/><T81/><D71/><U125/><E7/><V21/><F21/><W0/><G70/><T122/><D81/><U107/><E107/><V130/><F130/><W64/><G64/><T40/><D101/><U83/><E83/><V92/><F92/><W69/><G69/><T59/><D100/><U96/><E125/><V128/><F128/><W33/><G33/><T4/><D19/><U99/><E95/><V34/><F34/><W87/><G0/><T133/><D133/><U52/><REACH who="1" step="1"/><E14/><REACH who="1" ten="402,240,98,250" step="2"/><V79/><F79/><W54/><G106/><T85/><D29/><U112/><E112/><V41/><F41/><W131/><G105/><T32/><D32/><U39/><E39/><V13/><F13/><W90/><G131/><T42/><D27/><U26/><E26/><V127/><F127/><W20/><G75/><UN n2="%E2%99%AA%E3%83%A2%E3%83%8E%E3%82%AF%E3%83%AD" /><T89/><D40/><U24/><E24/><V73/><F108/><W57/><G72/><T88/><D2/><U43/><E43/><V78/><F114/><W118/><G118/><T47/><D42/><U132/><E132/><V77/><F73/><W3/><G3/><T6/><D36/><U111/><E111/><V16/><F116/><W46/><G46/><T45/><D45/><U67/><E67/><RYUUKYOKU ba="2,1" sc="402,-15,240,15,98,-15,250,15" hai1="12,17,48,50,52,58,60,76,80,84,96,98,99" hai3="9,10,15,20,49,54,57,87,90,93,94,97,102" /><INIT seed="1,3,1,1,4,44" ten="387,255,83,265" oya="1" hai0="125,20,70,53,112,39,68,115,81,42,121,111,114" hai1="38,34,105,106,132,6,1,25,89,27,59,102,63" hai2="12,110,66,88,134,99,41,62,87,3,100,36,2" hai3="13,101,128,40,60,103,56,28,109,58,17,67,98"/><U83/><E38/><V131/><F110/><W15/><G109/><T5/><D111/><U10/><E132/><V126/><F131/><W18/><G128/><T22/><D5/><U11/><E11/><V52/><F126/><W75/><G75/><T117/><D20/><U29/><E102/><N who="3" m="38922" /><G28/><T64/><D22/><U107/><E27/><V48/><F134/><W77/><G77/><T33/><D33/><U65/><E83/><V49/><F36/><W4/><G40/><T120/><D81/><U116/><REACH who="1" step="1"/><E89/><REACH who="1" ten="387,245,83,265" step="2"/><V95/><F12/><W94/><G15/><T26/><D26/><U46/><E46/><N who="2" m="25679" /><F3/><W45/><G45/><T35/><D39/><U74/><E74/><V130/><F2/><W123/><G13/><T51/><D115/><U61/><E61/><V86/><F130/><W8/><G8/><T92/><D114/><U30/><E30/><V85/><F62/><N who="3" m="38343" /><G4/><T113/><D113/><U72/><E72/><V43/><F43/><W32/><G32/><T133/><D35/><U24/><E24/><V79/><F79/><W96/><G18/><T108/><D112/><U127/><E127/><V91/><F66/><N who="3" m="39191" /><G17/><T69/><D108/><U7/><E7/><V118/><F118/><AGARI ba="3,2" hai="1,6,10,25,29,34,59,63,65,105,106,107,116,118" machi="118" ten="40,2000,0" yaku="1,1,53,0" doraHai="44" doraHaiUra="82" who="1" fromWho="2" sc="387,0,245,49,83,-29,265,0" /><INIT seed="1,4,0,1,4,21" ten="387,294,54,265" oya="1" hai0="110,103,126,51,90,96,24,29,107,95,125,73,58" hai1="22,41,2,79,13,34,18,77,5,30,55,61,94" hai2="49,78,36,14,76,104,63,133,111,131,135,128,100" hai3="92,33,45,12,43,25,75,9,64,35,31,68,53"/><U23/><E41/><V112/><F36/><W116/><G75/><T50/><D110/><U27/><E94/><V129/><F49/><W85/><G116/><T59/><D73/><U37/><E37/><V120/><F14/><W70/><G35/><T57/><D107/><U20/><E61/><V127/><F63/><W124/><G53/><T72/><D72/><U0/><E55/><V16/><F16/><W109/><G109/><T1/><D1/><N who="1" m="619" /><E79/><N who="2" m="30251" /><F111/><W106/><G64/><T98/><D98/><U105/><E77/><V91/><F120/><W121/><G121/><T3/><D103/><U134/><E105/><V67/><F67/><W101/><G106/><T15/><D51/><U99/><E99/><N who="2" m="61471" /><F112/><W81/><G68/><T89/><D50/><U39/><E39/><V118/><F118/><W66/><G70/><T130/><D59/><U48/><E48/><V113/><F113/><W69/><G66/><T123/><D58/><U32/><E134/><N who="2" m="51211" /><F91/><N who="3" m="51631" /><G69/><T122/><D57/><U93/><E93/><V108/><F108/><W102/><G92/><T46/><D46/><U82/><E82/><V71/><F71/><W56/><G56/><T52/><D52/><U11/><E32/><V87/><F87/><W54/><G54/><T38/><D38/><U7/><AGARI ba="4,0" hai="5,7,11,13,18,20,22,23,27,30,34" m="619" machi="7" ten="40,18000,2" yaku="35,5,52,1" doraHai="21" who="1" fromWho="1" sc="387,-64,294,192,54,-64,265,-64" owari="323,12.0,486,59.0,-10,-51.0,201,-20.0" /></mjloggm>