<mjloggm ver="2.3"><GO type="169"/><UN n0="%E5%9F%BA%E7%A4%8E%E8%AB%96" n1="%E3%81%98%E3%81%9A%E3%83%BC" n2="%E3%81%84%E3%81%97%E3%81%97%E3%82%93%49%44%E7%B4%9B%E5%A4%B1" n3="%EF%BC%88%E2%89%A7%E2%96%BD%E2%89%A6%EF%BC%89" dan="16,16,16,17" rate="2106,2113,2076,2104" sx="M,M,M,M"/><TAIKYOKU oya="0"/><INIT seed="0,0,0,2,4,117" ten="250,250,250,250" oya="0" hai0="116,18,7,73,81,44,114,29,36,106,25,53,102" hai1="82,37,68,123,19,131,66,26,79,119,115,88,50" hai2="133,23,15,59,86,80,125,10,64,95,46,62,126" hai3="51,6,70,132,5,71,94,61,58,22,118,3,54"/><T108/><D116/><U39/><E119/><V69/><F133/><W9/><G132/><T128/><D114/><U57/><E115/><V47/><F95/><W40/><G118/><T87/><D128/><U100/><E100/><V65/><F23/><W49/><G5/><T32/><D7/><U92/><E68/><V2/><F2/><W83/><G83/><T97/><D73/><U107/><E107/><V127/><F65/><W12/><G94/><T101/><D101/><U34/><E123/><V129/><F69/><W91/><G91/><T99/><D99/><U72/><E131/><V103/><F103/><W43/><G71/><T105/><D108/><U89/><E89/><V55/><F64/><W24/><G3/><T28/><D28/><U1/><E1/><V75/><F75/><W110/><G110/><T16/><D105/><U56/><E56/><V33/><F33/><W48/><REACH who="3" step="1"/><G70/><REACH who="3" ten="250,250,250,240" step="2"/><T8/><D81/><U78/><E88/><N who="2" m="51271" /><F129/><W124/><G124/><T41/><D87/><U42/><E82/><V63/><F63/><W27/><G27/><T13/><D106/><U21/><E26/><V85/><F85/><W0/><G0/><T93/><D93/><U111/><E92/><V109/><F109/><W31/><AGARI ba="0,1" hai="6,9,12,22,24,31,40,43,48,49,51,54,58,61" machi="31" ten="30,4000,0" yaku="1,1,0,1,8,1,53,0" doraHai="117" doraHaiUra="90" who="3" fromWho="3" sc="250,-20,250,-10,250,-10,240,50" /><INIT seed="1,0,0,5,5,131" ten="230,240,240,290" oya="1" hai0="98,34,26,80,45,116,4,66,132,43,122,44,110" hai1="73,78,115,7,99,48,106,94,121,112,13,23,61" hai2="2,84,124,85,68,30,109,56,125,77,107,123,9" hai3="38,51,74,93,108,100,119,134,24,40,126,64,89"/><U114/><E121/><V28/><F123/><W117/><G74/><T6/><D122/><U52/><E106/><V79/><F68/><W31/><G108/><T129/><D116/><N who="3" m="44617" /><G126/><N who="2" m="48745" /><F107/><W111/><G111/><T62/><D110/><U49/><E73/><V55/><F109/><W118/><G118/><T69/><D129/><U60/><E78/><N who="2" m="29707" /><F9/><W101/><G38/><T25/><D80/><U113/><E113/><V37/><F2/><W0/><G64/><T70/><D70/><U18/><E48/><N who="2" m="30823" /><F37/><W103/><G0/><T81/><D81/><U53/><E7/><V42/><F42/><W8/><G8/><T50/><D4/><U97/><E53/><V20/><F20/><N who="3" m="15751" /><G40/><T105/><D6/><U57/><REACH who="1" step="1"/><E99/><REACH who="1" ten="230,230,240,290" step="2"/><V87/><AGARI ba="0,1" hai="28,30,84,85,87" m="30823,29707,48745" machi="87" ten="40,1500,0" yaku="18,1" doraHai="131" who="2" fromWho="2" sc="230,-4,230,-7,240,25,290,-4" /><INIT seed="2,0,0,2,5,30" ten="226,223,265,286" oya="2" hai0="93,43,97,128,85,32,45,4,89,69,66,22,55" hai1="0,73,131,76,116,80,49,9,104,109,108,94,52" hai2="24,57,31,132,29,122,17,83,35,56,129,134,133" hai3="38,3,117,74,99,44,98,20,92,79,16,64,54"/><V77/><F122/><W53/><G3/><T63/><D128/><U118/><E131/><V96/><F129/><W114/><G117/><T81/><D4/><U13/><E104/><V10/><F96/><W113/><G64/><T47/><D22/><U126/><E0/><V39/><F39/><W75/><G38/><T28/><D55/><N who="3" m="21001" /><G44/><T40/><D47/><U8/><E94/><V14/><REACH who="2" step="1"/><F31/><REACH who="2" ten="226,223,255,286" step="2"/><W103/><G99/><T21/><D45/><N who="1" m="27695" /><E118/><V7/><F7/><W12/><G79/><T123/><D123/><U33/><E116/><V65/><F65/><W106/><G106/><T135/><D135/><U50/><E76/><V19/><F19/><W70/><G70/><T72/><D69/><U6/><E6/><V120/><F120/><W91/><G103/><T82/><D66/><U127/><E127/><V121/><F121/><W46/><G46/><T112/><D40/><U130/><E126/><V115/><F115/><AGARI ba="0,1" hai="12,16,20,74,75,91,92,98,113,114,115" m="21001" machi="115" ten="30,2000,0" yaku="11,1,54,1" doraHai="30" who="3" fromWho="2" sc="226,0,223,0,255,-20,286,30" /><INIT seed="3,0,0,0,3,72" ten="226,223,235,316" oya="3" hai0="45,35,53,63,96,32,119,4,54,57,80,81,122" hai1="131,98,10,25,97,124,55,62,76,15,26,24,67" hai2="17,1,12,37,133,83,118,75,47,39,74,113,101" hai3="134,3,40,49,82,86,77,28,87,73,104,130,117"/><W121/><G117/><T114/><D119/><U5/><E131/><V79/><F118/><W36/><G3/><T110/><D122/><U100/><E124/><V60/><F1/><W8/><G104/><T44/><D96/><U58/><E100/><V21/><F113/><W9/><G121/><T90/><D4/><U94/><E94/><V6/><F133/><W132/><G130/><T11/><D11/><N who="3" m="4169" /><G36/><T16/><D114/><U68/><REACH who="1" step="1"/><E76/><REACH who="1" ten="226,213,235,316" step="2"/><V19/><F101/><W120/><G120/><T59/><D90/><U46/><E46/><V115/><F47/><N who="3" m="25831" /><G134/><T111/><REACH who="0" step="1"/><D63/><AGARI ba="0,1" hai="5,10,15,24,25,26,55,58,62,63,67,68,97,98" machi="63" ten="40,1300,0" yaku="1,1,53,0" doraHai="72" doraHaiUra="109" who="1" fromWho="0" sc="226,-13,213,23,235,0,316,0" /><INIT seed="4,0,0,0,3,63" ten="213,236,235,316" oya="0" hai0="84,15,81,65,35,93,41,75,131,117,77,52,38" hai1="31,55,36,74,91,80,42,68,116,124,121,56,8" hai2="79,85,128,123,107,109,122,133,9,72,10,59,54" hai3="87,49,110,129,5,94,108,12,89,7,119,30,28"/><T46/><D117/><U50/><E116/><V25/><F72/><W98/><G119/><T20/><D131/><U96/><E121/><V118/><F109/><W105/><G129/><T14/><D35/><U13/><E124/><V115/><F107/><W106/><G110/><T44/><D20/><U95/><E31/><N who="3" m="11818" /><G106/><T48/><REACH who="0" step="1"/><D65/><REACH who="0" ten="203,236,235,316" step="2"/><U23/><E23/><V76/><F118/><W71/><G108/><T4/><D4/><U132/><E132/><V126/><F133/><W34/><G5/><T19/><D19/><U69/><E69/><V29/><F128/><W32/><G7/><T100/><D100/><U97/><E68/><V78/><F123/><W62/><G32/><T111/><D111/><U103/><E103/><V17/><F122/><W18/><G34/><T73/><D73/><U39/><E74/><V125/><F17/><W113/><G71/><T82/><D82/><U11/><E80/><V57/><F126/><W60/><G18/><T86/><D86/><U66/><E97/><V45/><F125/><W1/><G87/><T67/><D67/><U47/><E66/><V61/><F85/><W104/><G98/><T92/><D92/><U26/><E95/><V33/><F33/><W90/><G94/><T6/><D6/><U130/><E96/><V120/><F120/><W70/><G105/><T135/><D135/><U64/><E64/><V127/><F127/><W112/><G104/><T134/><D134/><U58/><E130/><V101/><F101/><W40/><G70/><T16/><D16/><U2/><E8/><V3/><F29/><W102/><G102/><RYUUKYOKU ba="0,1" sc="203,30,236,-10,235,-10,316,-10" hai0="14,15,38,41,44,46,48,52,75,77,81,84,93" /><INIT seed="4,1,1,5,4,32" ten="233,226,225,306" oya="0" hai0="37,70,64,23,120,111,127,19,81,118,131,88,96" hai1="72,130,76,99,82,57,133,104,69,22,24,90,103" hai2="91,122,54,79,31,78,124,40,2,123,109,101,21" hai3="29,27,55,85,35,0,42,63,33,86,75,11,60"/><T92/><D118/><U49/><E69/><V8/><F101/><W126/><G75/><T41/><D120/><U47/><E133/><V6/><F109/><W62/><G126/><T26/><D127/><U105/><E130/><V115/><F124/><W106/><G35/><T128/><D111/><U80/><E57/><V51/><F40/><W112/><G112/><T28/><D81/><U65/><E65/><V16/><F115/><W4/><G42/><T135/><D135/><U119/><E119/><V114/><F114/><W12/><G106/><T102/><D28/><U13/><E13/><V84/><F31/><W77/><G77/><T74/><D74/><U132/><E82/><V46/><F122/><W134/><G134/><T58/><D70/><U94/><E132/><V107/><F107/><W125/><G125/><T56/><D102/><U89/><E89/><V73/><F73/><W1/><REACH who="3" step="1"/><G55/><REACH who="3" ten="233,226,225,296" step="2"/><T97/><D41/><U129/><E129/><N who="0" m="49737" /><D37/><U116/><E116/><V20/><F123/><W38/><G38/><T14/><D64/><U43/><REACH who="1" step="1"/><E103/><REACH who="1" ten="233,216,225,296" step="2"/><V48/><F79/><W83/><G83/><T87/><D14/><U36/><E36/><V44/><F78/><W52/><G52/><T67/><D67/><U98/><E98/><AGARI ba="1,3" hai="19,23,26,56,58,87,88,92,96,97,98" m="49737" machi="98" ten="30,2900,0" yaku="19,1,54,1" doraHai="32" who="0" fromWho="1" sc="233,62,216,-32,225,0,296,0" /><INIT seed="4,2,0,4,3,30" ten="295,184,225,296" oya="0" hai0="107,32,110,9,38,13,64,133,131,105,22,65,134" hai1="102,81,46,77,50,71,23,63,29,16,98,87,70" hai2="130,117,57,52,97,115,114,96,7,10,53,78,48" hai3="79,18,100,25,72,111,135,15,127,59,88,93,8"/><T35/><D38/><U61/><E29/><V90/><F78/><W116/><G111/><T99/><D22/><U27/><E71/><V24/><F130/><W62/><G116/><T43/><D43/><U120/><E120/><V12/><F117/><W129/><G129/><T101/><D131/><U119/><E119/><V51/><F24/><W69/><G135/><N who="0" m="51723" /><D107/><U123/><E70/><V49/><F90/><W44/><G69/><T112/><D112/><N who="2" m="43050" /><F51/><W132/><G25/><T128/><D128/><U1/><E1/><V73/><F73/><W5/><G72/><T80/><D80/><U85/><E85/><V42/><F42/><W126/><G132/><T40/><D40/><U26/><E26/><V82/><F82/><W34/><G79/><T94/><D105/><U74/><E74/><V45/><AGARI ba="2,0" hai="7,10,12,45,48,49,52,53,57,96,97" m="43050" machi="45" ten="30,2000,0" yaku="15,1,54,1" doraHai="30" who="2" fromWho="2" sc="295,-12,184,-7,225,26,296,-7" /><INIT seed="5,0,0,1,2,65" ten="283,177,251,289" oya="1" hai0="76,123,33,102,5,113,109,86,81,25,24,48,14" hai1="84,85,134,19,61,41,89,7,111,117,101,103,130" hai2="88,4,77,98,11,114,17,118,94,120,15,60,53" hai3="78,83,96,22,8,23,95,13,45,126,31,28,21"/><U49/><E117/><V67/><F120/><W125/><G45/><T91/><D109/><U52/><E111/><V37/><F118/><W0/><G0/><T63/><D123/><U3/><E134/><V16/><F37/><W93/><G78/><T135/><D135/><U74/><E74/><V106/><F106/><W29/><G83/><T110/><D110/><U6/><E130/><V64/><F77/><W80/><G80/><T62/><D113/><U39/><E85/><V79/><F79/><W128/><G128/><T26/><D33/><U127/><E127/><N who="3" m="48650" /><G96/><T90/><D102/><N who="1" m="38923" /><E3/><V124/><F114/><W115/><G115/><T107/><D107/><U56/><E39/><V99/><F99/><W122/><G122/><T69/><D48/><U42/><E19/><AGARI ba="0,0" hai="8,13,19,21,22,23,28,29,31,93,95" m="48650" machi="19" ten="40,1300,0" yaku="18,1" doraHai="65" who="3" fromWho="1" sc="283,0,177,-13,251,0,289,13" /><INIT seed="6,0,0,4,2,47" ten="283,164,251,302" oya="2" hai0="88,127,49,111,8,90,65,63,128,24,69,67,16" hai1="1,124,17,76,4,40,21,68,114,98,64,55,125" hai2="73,51,78,130,119,102,75,123,104,11,89,112,18" hai3="61,96,121,57,117,110,101,53,103,43,26,48,70"/><V113/><F123/><W59/><G121/><T50/><D111/><U54/><E114/><N who="2" m="44139" /><F119/><W82/><G117/><T28/><D127/><U79/><E98/><N who="2" m="61527" /><F130/><W106/><G110/><T31/><D128/><U22/><E40/><V116/><F116/><W74/><G70/><T133/><D133/><U94/><E94/><V42/><F89/><N who="0" m="34410" /><D69/><U129/><E129/><V15/><F78/><W92/><G26/><T109/><D109/><U62/><E1/><V99/><F99/><W87/><G74/><N who="2" m="28169" /><F42/><W80/><G43/><T30/><D63/><U120/><E120/><V33/><F33/><W85/><G103/><T91/><D91/><U81/><E4/><V44/><F44/><W108/><G106/><T34/><D34/><U29/><E62/><V6/><F51/><N who="0" m="19466" /><D8/><U107/><E107/><V66/><F66/><N who="0" m="25098" /><D16/><AGARI ba="0,0" hai="6,11,15,16,18" m="28169,61527,44139" machi="16" ten="30,2900,0" yaku="15,1,54,1" doraHai="47" who="2" fromWho="0" sc="283,-29,164,0,251,29,302,0" /><INIT seed="6,1,0,4,0,37" ten="254,164,280,302" oya="2" hai0="77,69,103,73,30,1,47,66,56,104,25,3,116" hai1="8,19,21,36,70,92,80,131,59,135,44,53,76" hai2="96,89,128,134,31,33,27,114,100,15,49,13,0" hai3="74,123,50,94,107,83,81,52,17,118,65,6,120"/><V126/><F0/><W122/><G107/><T88/><D116/><U51/><E135/><V127/><F114/><W98/><G118/><T71/><D73/><U124/><E124/><N who="2" m="47659" /><F134/><W5/><G65/><T75/><D56/><U130/><E8/><V109/><F128/><N who="1" m="49193" /><E92/><N who="2" m="58375" /><F109/><W2/><G2/><T79/><D79/><U95/><E95/><V93/><F49/><W20/><G74/><T14/><D14/><U57/><E80/><N who="3" m="30794" /><G123/><T78/><D75/><U90/><E90/><V22/><F33/><W113/><G113/><T55/><D88/><U121/><E76/><V39/><F39/><W68/><G122/><T32/><D1/><U72/><E72/><V110/><F110/><W18/><G120/><T9/><D77/><U54/><E121/><V63/><F63/><W117/><G117/><T60/><D78/><U40/><E70/><V105/><F105/><W106/><G68/><T61/><D61/><N who="1" m="36015" /><E21/><V16/><F89/><N who="3" m="55631" /><G20/><T4/><D71/><U101/><E101/><V87/><F93/><W23/><G23/><T42/><D103/><U129/><N who="1" m="49201" /><U45/><DORA hai="26" /><E19/><N who="3" m="7178" /><G106/><T43/><REACH who="0" step="1"/><D104/><REACH who="0" ten="244,164,280,302" step="2"/><U82/><E82/><V102/><F102/><W35/><G6/><T38/><D38/><U112/><E112/><V28/><F15/><W133/><G133/><T12/><D12/><U111/><E111/><V132/><F132/><W11/><G5/><T58/><D58/><AGARI ba="1,1" hai="36,40,44,45,51,54,58,59" m="36015,49201" machi="58" ten="40,8000,1" yaku="19,1,34,2,52,1" doraHai="37,26" who="1" fromWho="0" sc="244,-83,164,93,280,0,302,0" /><INIT seed="7,0,0,4,4,111" ten="161,257,280,302" oya="3" hai0="77,68,11,128,33,91,47,85,78,16,89,83,108" hai1="94,118,62,24,50,131,70,14,87,27,75,10,125" hai2="36,65,76,120,51,114,60,96,31,67,45,93,4" hai3="8,5,86,124,59,84,79,25,130,37,6,40,53"/><W127/><G130/><T48/><D108/><U104/><E131/><V90/><F36/><W109/><G109/><T69/><D33/><U3/><E3/><V21/><F114/><W43/><G25/><T123/><D123/><U55/><E75/><V12/><F120/><W17/><G37/><T28/><D128/><U105/><E125/><N who="3" m="48202" /><G17/><T102/><D28/><U0/><E0/><V106/><F106/><W88/><G79/><T46/><D46/><U72/><E72/><V63/><F76/><W132/><G132/><T80/><D102/><U115/><E115/><V49/><F4/><N who="3" m="1643" /><G8/><T113/><D113/><U44/><E118/><V18/><F31/><W64/><G64/><T38/><D38/><U9/><E105/><V23/><F23/><W133/><G133/><T35/><D35/><U101/><E104/><V134/><F134/><W122/><G122/><T74/><D69/><U58/><E70/><V97/><F67/><W34/><G34/><T41/><REACH who="0" step="1"/><D68/><REACH who="0" ten="151,257,280,302" step="2"/><U66/><E101/><V29/><F29/><W42/><G42/><T56/><D56/><U71/><E71/><V126/><F126/><W121/><G121/><T73/><D73/><U98/><E58/><V39/><F39/><W15/><G43/><T116/><D116/><U95/><E44/><V2/><F45/><W22/><G40/><T135/><D135/><U100/><E100/><V19/><F2/><W117/><G117/><T61/><D61/><U20/><E62/><V32/><F63/><W81/><G59/><T1/><D1/><U54/><E66/><V13/><F65/><W112/><G112/><RYUUKYOKU ba="0,1" sc="151,30,257,-10,280,-10,302,-10" hai0="11,16,41,47,48,74,77,78,80,83,85,89,91" /><INIT seed="8,1,1,0,1,11" ten="181,247,270,292" oya="0" hai0="10,92,59,43,0,65,126,71,19,50,7,89,14" hai1="109,2,47,77,46,107,123,20,39,113,44,23,88" hai2="119,31,73,4,124,12,17,54,24,9,78,45,91" hai3="127,49,21,3,93,8,95,76,55,40,15,79,96"/><T69/><D126/><U52/><E123/><V68/><F68/><W25/><G127/><T38/><D38/><U132/><E109/><V34/><F124/><W70/><G70/><T53/><D43/><U114/><E107/><V27/><F73/><W133/><G40/><T51/><D65/><U130/><E77/><N who="3" m="29770" /><G3/><T135/><D135/><U60/><E132/><V26/><F78/><W56/><G96/><T1/><D50/><U112/><E2/><V117/><F91/><W57/><G57/><T63/><D0/><U97/><E130/><V115/><F115/><W103/><G103/><T106/><D106/><U118/><E39/><V129/><F129/><W99/><G99/><T100/><D100/><U104/><E104/><V101/><F101/><W37/><G37/><T86/><REACH who="0" step="1"/><D63/><REACH who="0" ten="171,247,270,292" step="2"/><U6/><E114/><V5/><F119/><W128/><G133/><T105/><D105/><U16/><E118/><V28/><F117/><W108/><G128/><T84/><D84/><U82/><E113/><V36/><F36/><W62/><G62/><T110/><D110/><U29/><E112/><V98/><F98/><W30/><G108/><T33/><D33/><U120/><E97/><V18/><F34/><W116/><G116/><T67/><D67/><U102/><E102/><V131/><F131/><W58/><G58/><T66/><D66/><U121/><E121/><V75/><F45/><W85/><G85/><T90/><D90/><U87/><E46/><V80/><F75/><W13/><G56/><T134/><D134/><U74/><E120/><V122/><F122/><W83/><G49/><RYUUKYOKU ba="1,2" sc="171,30,247,-10,270,-10,292,-10" hai0="1,7,10,14,19,51,53,59,69,71,86,89,92" /><INIT seed="8,2,2,3,3,103" ten="201,237,260,282" oya="0" hai0="98,0,28,3,44,117,124,63,100,59,127,69,58" hai1="15,93,55,36,4,6,94,37,66,120,45,80,135" hai2="75,48,110,26,22,104,35,57,49,42,56,29,30" hai3="2,131,17,8,41,78,111,109,96,105,130,14,113"/><T128/><D117/><U74/><E120/><V33/><F75/><W101/><G113/><T70/><D28/><U13/><E135/><V73/><F73/><W67/><G78/><T99/><D44/><U31/><E31/><V114/><F114/><W52/><G41/><T1/><D128/><N who="3" m="49193" /><G67/><T132/><D132/><U5/><E66/><V125/><F104/><W34/><G34/><T108/><D108/><N who="3" m="41545" /><G52/><N who="0" m="34279" /><D58/><U19/><E55/><V97/><F57/><W76/><G76/><T88/><D88/><U20/><E45/><V86/><F56/><W47/><G47/><T40/><D40/><U119/><E119/><V32/><F42/><W65/><G65/><T81/><D81/><U50/><E50/><V7/><F49/><W60/><G2/><N who="0" m="515" /><T18/><DORA hai="82" /><D18/><U87/><E74/><V89/><F30/><W11/><G60/><T68/><D100/><U112/><E112/><V95/><F110/><W106/><G8/><T25/><D25/><N who="1" m="14495" /><E37/><V43/><F35/><W107/><AGARI ba="2,2" hai="11,14,17,96,101,105,106,107" m="41545,49193" machi="107" ten="40,8000,1" yaku="19,1,52,3" doraHai="103,82" who="3" fromWho="3" sc="201,-42,237,-22,260,-22,282,106" owari="159,-34.0,215,-18.0,238,4.0,388,48.0" /></mjloggm>