<mjloggm ver="2.3"><GO type="169"/><UN n0="%68%65%61%72%74%73%40" n1="%EF%BC%88%E2%89%A7%E2%96%BD%E2%89%A6%EF%BC%89" n2="%E9%BB%92%E7%82%B9%E8%99%8E" n3="%E5%A4%AA%E3%81%8F%E3%81%AA%E3%81%84%E3%81%8A" dan="16,18,16,17" rate="2059,2178,2113,2148" sx="M,M,M,M"/><TAIKYOKU oya="0"/><INIT seed="0,0,0,4,0,38" ten="250,250,250,250" oya="0" hai0="14,95,106,66,8,17,49,92,56,120,116,133,93" hai1="10,12,70,83,31,80,64,50,42,23,71,27,32" hai2="135,73,67,63,41,5,85,4,2,29,117,21,55" hai3="7,11,78,36,131,123,90,65,30,1,20,121,127"/><T26/><D133/><U19/><E70/><V61/><F73/><W86/><G36/><T88/><D120/><N who="3" m="46153" /><G131/><T76/><D116/><U44/><E71/><V94/><F117/><W37/><G37/><T34/><D106/><U48/><E64/><V102/><F135/><W51/><G127/><T119/><D119/><U25/><REACH who="1" step="1"/><E50/><REACH who="1" ten="250,240,250,250" step="2"/><V22/><F67/><W132/><G65/><T125/><D125/><U9/><E9/><V72/><F61/><W128/><G51/><T60/><D49/><U107/><E107/><V18/><F63/><W110/><G132/><T35/><D76/><U112/><E112/><V122/><F122/><W69/><G69/><T24/><D34/><U57/><E57/><V15/><F55/><W77/><G128/><T101/><D35/><U111/><E111/><V81/><F2/><W62/><G62/><T74/><D74/><U82/><E82/><V54/><F81/><N who="3" m="49487" /><G110/><T114/><D114/><U45/><E45/><V53/><F72/><W46/><G46/><T52/><D66/><U0/><E0/><V58/><F58/><W6/><G11/><T100/><REACH who="0" step="1"/><D88/><REACH who="0" ten="240,240,250,250" step="2"/><U96/><E96/><V113/><F113/><W109/><G109/><T87/><D87/><U33/><E33/><V43/><F85/><W75/><G75/><T129/><D129/><U97/><E97/><V89/><F89/><W103/><G78/><T124/><D124/><U91/><E91/><V39/><F39/><W105/><G77/><T47/><D47/><U40/><E40/><V115/><F115/><W126/><G126/><T98/><D98/><U99/><E99/><RYUUKYOKU ba="0,2" sc="240,15,240,15,250,-15,250,-15" hai0="8,14,17,24,26,52,56,60,92,93,95,100,101" hai1="10,12,19,23,25,27,31,32,42,44,48,80,83" /><INIT seed="0,1,2,0,1,8" ten="255,255,235,235" oya="0" hai0="40,54,53,34,116,29,94,21,105,57,64,37,80" hai1="61,95,67,82,83,25,84,126,56,106,81,133,110" hai2="28,16,93,90,73,86,98,68,65,27,9,107,6" hai3="66,63,69,15,96,55,38,42,11,24,118,85,102"/><T129/><D105/><U103/><E133/><V33/><F73/><W32/><G118/><T125/><D116/><U10/><E126/><V130/><F130/><W13/><G85/><T131/><D125/><U70/><E110/><V112/><F112/><W75/><G75/><T99/><D34/><U18/><E106/><V79/><F79/><W48/><G11/><T41/><D80/><U97/><E70/><V7/><F65/><W4/><G4/><T123/><D123/><U36/><E36/><V77/><F68/><W76/><G76/><T43/><D37/><U5/><E25/><V111/><F111/><W39/><G39/><T113/><D113/><U128/><E128/><N who="0" m="49225" /><D29/><U0/><REACH who="1" step="1"/><E18/><REACH who="1" ten="255,245,235,235" step="2"/><V104/><F104/><N who="3" m="63559" /><G38/><T135/><D135/><U114/><E114/><V72/><F107/><W91/><G24/><T51/><D21/><U3/><E3/><V31/><F27/><W23/><G23/><T49/><D64/><U60/><E60/><V2/><F2/><W58/><G32/><T109/><D109/><U127/><E127/><V46/><F33/><W101/><G66/><T1/><D1/><U87/><AGARI ba="1,3" hai="0,5,10,56,61,67,81,82,83,84,87,95,97,103" machi="87" ten="30,2000,0" yaku="1,1,0,1,53,0" doraHai="8" doraHaiUra="122" who="1" fromWho="1" sc="255,-11,245,53,235,-6,235,-6" /><INIT seed="1,0,0,0,1,80" ten="244,298,229,229" oya="1" hai0="2,77,12,51,87,44,19,118,48,78,26,28,103" hai1="11,21,25,134,95,71,112,73,6,54,5,101,57" hai2="13,29,100,41,82,22,117,52,58,66,89,18,8" hai3="108,53,130,74,129,127,7,24,62,125,9,106,133"/><U33/><E73/><V17/><F117/><W126/><G74/><T46/><D118/><U76/><E71/><V105/><F41/><W0/><G106/><T113/><D2/><U135/><E112/><V85/><F66/><W94/><G108/><T104/><D113/><U99/><E76/><V81/><F29/><W68/><G24/><T15/><D104/><U32/><E32/><V67/><F67/><N who="3" m="41079" /><G53/><N who="0" m="29831" /><D103/><U132/><E11/><V35/><F35/><W128/><G94/><T14/><D28/><U84/><E84/><N who="2" m="50319" /><F100/><W3/><G3/><T98/><D98/><U31/><REACH who="1" step="1"/><E33/><REACH who="1" ten="244,288,229,229" step="2"/><V4/><F105/><W59/><G59/><T20/><D87/><U91/><E91/><N who="2" m="51639" /><F22/><W45/><G45/><T63/><D78/><U96/><E96/><V37/><F37/><W56/><G56/><T39/><D77/><U42/><E42/><V30/><F30/><W70/><G70/><T111/><D39/><U60/><AGARI ba="0,1" hai="5,6,21,25,31,54,57,60,95,99,101,132,134,135" machi="60" ten="30,6000,0" yaku="1,1,0,1,20,1,53,0" doraHai="80" doraHaiUra="109" who="1" fromWho="1" sc="244,-20,288,70,229,-20,229,-20" /><INIT seed="1,1,0,4,1,46" ten="224,358,209,209" oya="1" hai0="114,122,118,75,38,22,23,82,59,45,0,130,89" hai1="16,49,60,25,52,17,120,68,133,10,5,40,2" hai2="76,105,77,94,111,129,36,42,100,78,11,39,41" hai3="107,123,81,80,88,110,69,7,64,117,113,34,21"/><U86/><E120/><V66/><F105/><W35/><G123/><T112/><D118/><U18/><E133/><V85/><F111/><W51/><G113/><T70/><D122/><U126/><E126/><V72/><F129/><W87/><G107/><T127/><D70/><U108/><E108/><V128/><F128/><W115/><G110/><T106/><D59/><U97/><E40/><V43/><F72/><W73/><G115/><T53/><D53/><U31/><E97/><V32/><F32/><W102/><G117/><T90/><D0/><U67/><E86/><V13/><F66/><W6/><G102/><T95/><D45/><U79/><E79/><V33/><F33/><W96/><G96/><T91/><D38/><U15/><E2/><V134/><F134/><W3/><G21/><T65/><D65/><U124/><E124/><V121/><F121/><W101/><G101/><T14/><D106/><U20/><E18/><V119/><F119/><W98/><G98/><T74/><D74/><U48/><E48/><V55/><F55/><W9/><G7/><T27/><D75/><U84/><E84/><V28/><F28/><W56/><G69/><T1/><D127/><U125/><E125/><V47/><F39/><W62/><REACH who="3" step="1"/><G51/><REACH who="3" ten="224,358,209,199" step="2"/><T30/><D114/><U4/><REACH who="1" step="1"/><E5/><REACH who="1" ten="224,348,209,199" step="2"/><N who="2" m="3311" /><F100/><W58/><G58/><AGARI ba="1,2" hai="4,10,15,16,17,20,25,31,49,52,58,60,67,68" machi="58" ten="30,12000,1" yaku="1,1,7,1,52,1,54,2,53,0" doraHai="46" doraHaiUra="93" who="1" fromWho="3" sc="224,0,348,143,209,0,199,-123" /><INIT seed="1,2,0,5,0,73" ten="224,491,209,76" oya="1" hai0="116,30,35,14,127,26,86,105,112,36,117,68,77" hai1="101,15,7,78,56,90,66,9,57,25,131,75,132" hai2="51,27,8,53,43,29,28,41,82,58,49,31,11" hai3="121,115,44,64,4,37,111,95,67,71,55,99,70"/><U122/><E122/><V63/><F27/><W129/><G121/><T23/><D68/><U83/><E132/><V24/><F24/><W74/><G115/><T126/><D36/><U13/><E101/><V3/><F82/><W48/><G74/><T12/><D105/><U42/><E131/><V69/><F3/><W128/><G4/><T134/><D86/><U47/><E25/><V20/><F20/><W46/><G111/><T114/><D77/><U76/><E76/><V6/><F6/><W79/><G79/><T52/><D52/><U100/><E100/><V34/><F34/><W123/><G123/><T39/><D39/><U40/><E40/><N who="2" m="15435" /><F69/><N who="3" m="26123" /><G37/><T93/><D93/><U33/><E33/><V97/><F97/><W21/><G21/><T113/><D134/><U130/><E130/><N who="3" m="50282" /><G46/><T50/><D50/><AGARI ba="2,0" hai="8,11,28,29,31,49,50,51,53,58,63" m="15435" machi="50" ten="30,1000,0" yaku="8,1" doraHai="73" who="2" fromWho="0" sc="224,-16,491,0,209,16,76,0" /><INIT seed="2,0,0,0,5,107" ten="208,491,225,76" oya="2" hai0="60,32,49,66,40,41,99,113,63,35,71,19,38" hai1="23,56,70,16,2,51,65,97,120,111,115,121,91" hai2="96,86,37,78,84,83,122,131,64,95,1,50,75" hai3="10,129,94,69,87,79,43,47,109,25,22,93,30"/><V92/><F37/><W34/><G109/><T108/><D113/><U24/><E2/><V45/><F1/><W14/><G129/><T119/><D108/><U54/><E111/><V39/><F39/><W101/><G69/><T106/><D119/><U48/><E115/><V125/><F122/><N who="1" m="47209" /><E51/><V28/><F131/><W5/><G34/><T82/><D38/><U33/><E33/><V12/><F125/><W118/><G118/><T11/><D63/><N who="1" m="40255" /><E91/><V18/><F28/><W80/><REACH who="3" step="1"/><G101/><REACH who="3" ten="208,491,225,66" step="2"/><T110/><D32/><U53/><E97/><V46/><F64/><W6/><G6/><T134/><D35/><U130/><E130/><V105/><F105/><W59/><G59/><T0/><D106/><U81/><E54/><V132/><F132/><W42/><G42/><T103/><D99/><U21/><E53/><V123/><F123/><W112/><G112/><T4/><D103/><U27/><E56/><V98/><F98/><W52/><G52/><T126/><D41/><U104/><E104/><V116/><F116/><W85/><G85/><T127/><D40/><U68/><E68/><V44/><F96/><W77/><G77/><T114/><D71/><U74/><E48/><AGARI ba="0,1" hai="5,10,14,22,25,30,43,47,48,79,80,87,93,94" machi="48" ten="30,12000,2" yaku="1,1,7,1,25,2,8,1,53,1" doraHai="107" doraHaiUra="36" who="3" fromWho="1" sc="208,0,491,-120,225,0,66,130" /><INIT seed="3,0,0,2,3,20" ten="208,371,225,196" oya="3" hai0="73,91,0,25,109,119,92,123,87,71,121,35,107" hai1="114,17,13,54,22,18,133,44,102,122,104,14,33" hai2="28,58,26,108,24,36,15,75,89,128,74,53,40" hai3="94,65,129,43,21,32,31,52,132,64,93,66,76"/><W60/><G132/><T78/><D119/><U47/><E122/><V16/><F108/><W5/><G129/><T130/><D71/><U124/><E114/><V126/><F128/><W97/><G32/><T84/><D130/><U83/><E33/><V10/><F126/><W56/><G5/><T96/><D0/><U105/><E124/><V79/><F89/><W135/><G135/><T11/><D109/><U30/><E133/><V2/><F2/><W68/><G76/><T59/><D11/><U81/><E30/><V116/><F116/><W100/><G43/><T111/><D59/><U41/><E54/><V120/><F120/><W19/><G31/><N who="0" m="19951" /><D84/><U50/><E44/><V23/><F79/><W125/><G125/><T1/><D1/><U38/><E38/><V86/><F86/><W63/><REACH who="3" step="1"/><G94/><REACH who="3" ten="208,371,225,186" step="2"/><T88/><D78/><U134/><E134/><V115/><F115/><W113/><G113/><T82/><D121/><U131/><E131/><V42/><F42/><W117/><G117/><T98/><D123/><U4/><E4/><V46/><REACH who="2" step="1"/><F26/><AGARI ba="0,1" hai="19,21,26,52,56,60,63,64,65,66,68,93,97,100" machi="26" ten="30,11600,0" yaku="1,1,7,1,52,1,54,1,53,0" doraHai="20" doraHaiUra="127" who="3" fromWho="2" sc="208,0,371,0,225,-116,186,126" /><INIT seed="3,1,0,4,1,7" ten="208,371,109,312" oya="3" hai0="44,61,113,67,90,91,14,38,123,0,57,66,28" hai1="74,73,5,39,98,17,110,95,101,86,43,71,118" hai2="19,131,100,104,47,37,51,36,10,130,96,48,41" hai3="122,75,134,59,115,40,34,4,89,106,13,76,65"/><W83/><G122/><T32/><D123/><U125/><E71/><V114/><F114/><W129/><G115/><T58/><D0/><U3/><E118/><V128/><F37/><W60/><G34/><T135/><D135/><U31/><E31/><V26/><REACH who="2" step="1"/><F26/><REACH who="2" ten="208,371,99,312" step="2"/><W117/><G134/><T108/><D113/><U22/><E39/><V11/><F11/><W87/><G117/><T21/><D108/><U120/><E110/><V18/><F18/><W112/><G112/><T53/><D38/><U99/><E17/><V107/><F107/><W81/><G106/><T50/><D32/><U20/><E125/><V27/><F27/><W102/><G129/><T105/><D105/><U55/><E120/><V80/><F80/><W109/><G109/><T72/><D28/><U9/><E9/><V62/><F62/><W82/><G82/><T42/><D61/><U92/><E20/><V94/><F94/><W85/><G75/><T116/><D72/><U77/><E22/><V54/><F54/><W1/><G40/><T30/><D42/><U79/><E43/><V63/><F63/><W25/><G25/><T84/><D53/><U33/><E55/><V46/><F46/><W8/><REACH who="3" step="1"/><G102/><REACH who="3" ten="208,371,99,302" step="2"/><T111/><D111/><U70/><E33/><V124/><F124/><W103/><G103/><T69/><D116/><U6/><E101/><V35/><F35/><W132/><G132/><T15/><D69/><U93/><E70/><V97/><F97/><W88/><G88/><T68/><D91/><U121/><E121/><V52/><F52/><W64/><G64/><T126/><D68/><RYUUKYOKU ba="1,2" sc="208,-15,371,-15,99,15,302,15" hai2="10,19,36,41,47,48,51,96,100,104,128,130,131" hai3="1,4,8,13,59,60,65,76,81,83,85,87,89" /><INIT seed="3,2,2,4,2,121" ten="193,356,114,317" oya="3" hai0="49,80,53,27,120,73,95,72,75,41,56,30,35" hai1="12,135,76,51,85,24,81,55,0,92,19,45,43" hai2="71,110,66,8,61,15,124,107,29,108,14,7,113" hai3="23,57,119,129,97,47,94,65,67,99,10,33,87"/><W77/><G119/><T109/><D120/><U86/><E135/><V114/><F107/><W96/><G33/><T74/><D41/><U63/><E0/><V36/><F36/><W133/><G133/><T127/><D127/><U106/><E106/><V83/><F124/><W125/><G125/><T5/><D5/><U122/><E122/><V132/><F132/><W131/><G10/><T54/><D95/><U64/><E24/><V37/><F37/><W59/><G47/><T84/><D53/><U90/><E64/><N who="3" m="24650" /><G23/><T112/><D112/><U25/><E25/><V11/><F29/><W123/><G123/><T6/><D6/><U111/><E111/><N who="2" m="42539" /><F83/><N who="3" m="47599" /><G94/><T17/><D109/><U58/><E19/><AGARI ba="2,2" hai="7,8,11,14,15,19,61,66,71,113,114" m="42539" machi="19" ten="30,7700,0" yaku="14,1,52,3" doraHai="121" who="2" fromWho="1" sc="193,0,356,-83,114,103,317,0" /><INIT seed="4,0,0,1,2,103" ten="193,273,217,317" oya="0" hai0="90,37,106,12,59,36,40,29,129,75,71,92,1" hai1="93,6,32,116,94,16,23,47,53,17,114,66,61" hai2="3,11,7,77,14,111,113,58,44,119,62,8,86" hai3="128,130,43,115,26,85,0,56,110,127,57,39,131"/><T63/><D75/><U21/><E32/><V105/><F111/><W27/><G110/><T22/><D1/><U124/><E116/><V9/><F105/><W135/><G0/><T97/><D71/><U76/><E124/><V88/><F119/><W5/><G5/><T48/><D129/><U95/><E6/><V134/><F134/><W24/><G135/><T104/><D48/><N who="1" m="28831" /><E76/><V126/><F126/><W82/><G127/><T121/><D121/><U41/><E41/><V19/><F113/><W42/><G115/><T125/><D125/><U79/><E79/><V99/><F77/><N who="3" m="46287" /><G39/><T80/><D80/><U15/><E114/><V34/><F34/><W100/><G100/><T13/><D13/><N who="1" m="9391" /><E61/><V69/><F69/><W123/><G123/><T49/><D49/><U117/><E117/><V28/><F28/><W2/><G2/><T18/><D29/><U87/><E66/><V35/><F35/><W70/><G70/><T132/><D132/><U133/><E133/><V10/><F99/><W102/><G102/><T73/><D73/><U55/><E55/><V118/><F44/><W72/><G72/><T96/><D40/><AGARI ba="0,0" hai="24,26,27,40,42,43,56,57,128,130,131" m="46287" machi="40" ten="40,1300,0" yaku="19,1" doraHai="103" who="3" fromWho="0" sc="193,-13,273,0,217,0,317,13" /><INIT seed="5,0,0,4,3,11" ten="180,273,217,330" oya="1" hai0="81,63,28,121,85,18,13,116,107,7,61,53,89" hai1="52,130,49,50,76,39,118,41,12,58,25,106,69" hai2="15,14,96,32,17,135,83,70,88,23,71,90,36" hai3="104,21,78,60,91,132,128,86,123,51,115,9,56"/><U54/><E118/><V127/><F32/><W133/><G123/><T95/><D121/><U64/><E106/><V24/><F135/><N who="3" m="51787" /><G104/><T125/><D125/><U35/><E76/><V111/><F127/><W119/><G119/><T113/><D113/><U43/><E130/><V117/><F111/><W66/><G115/><T72/><D107/><U40/><E35/><V30/><F117/><W77/><G128/><T109/><D109/><U4/><E25/><V48/><F36/><W44/><G21/><T57/><D116/><U93/><E93/><N who="2" m="56359" /><F71/><W38/><G9/><T79/><D28/><U129/><E129/><V126/><F70/><W5/><G5/><T74/><D7/><U94/><E94/><V1/><F1/><W131/><G38/><T75/><REACH who="0" step="1"/><D63/><REACH who="0" ten="170,273,217,330" step="2"/><N who="1" m="40095" /><E4/><V27/><F126/><W42/><G131/><T8/><AGARI ba="0,1" hai="8,13,18,53,57,61,72,74,75,79,81,85,89,95" machi="8" ten="20,8000,1" yaku="1,1,0,1,7,1,52,1,53,1" doraHai="11" doraHaiUra="80" who="0" fromWho="0" sc="170,90,273,-40,217,-20,330,-20" /><INIT seed="6,0,0,0,1,58" ten="260,233,197,310" oya="2" hai0="117,84,14,107,121,50,20,0,123,110,67,118,86" hai1="105,65,9,62,72,54,26,21,41,111,32,91,30" hai2="81,55,77,44,1,35,49,24,124,4,16,8,12" hai3="43,132,79,104,48,70,125,89,90,96,134,113,115"/><V40/><F124/><W53/><G70/><T98/><D0/><U23/><E105/><V36/><F35/><W119/><G119/><N who="0" m="45579" /><D110/><U120/><E72/><V39/><F24/><W57/><G125/><T100/><D67/><U25/><E111/><V19/><F12/><W29/><G29/><T13/><D50/><U78/><E78/><V45/><REACH who="2" step="1"/><F39/><REACH who="2" ten="260,233,187,310" step="2"/><W51/><G132/><T88/><D13/><U83/><E32/><V46/><F46/><N who="3" m="25695" /><G134/><T2/><D2/><U82/><E120/><V73/><AGARI ba="0,1" hai="1,4,8,16,19,36,40,44,45,49,55,73,77,81" machi="73" ten="20,18000,2" yaku="1,1,0,1,7,1,25,2,54,1,53,1" doraHai="58" doraHaiUra="76" who="2" fromWho="2" sc="260,-60,233,-60,187,190,310,-60" /><INIT seed="6,1,0,0,3,60" ten="200,173,377,250" oya="2" hai0="107,34,50,29,90,121,100,94,41,19,59,135,117" hai1="52,134,10,102,67,78,110,125,81,27,32,112,39" hai2="24,64,43,49,36,47,91,104,11,5,83,85,74" hai3="6,63,115,65,2,114,4,122,8,25,13,113,103"/><V70/><F104/><W80/><G122/><T77/><D121/><U54/><E110/><V82/><F24/><W61/><G103/><T86/><D117/><U120/><E39/><V7/><F36/><W75/><G25/><T124/><D135/><U46/><E120/><V71/><F64/><W111/><G111/><T53/><D124/><U119/><E134/><V22/><F22/><W38/><G38/><T17/><D107/><U93/><E119/><V58/><F58/><N who="3" m="37047" /><G63/><T72/><D34/><U33/><E125/><V132/><F132/><W127/><G127/><T96/><D29/><U128/><E32/><V42/><F71/><W30/><G30/><T99/><D41/><U106/><E106/><V15/><F70/><W108/><G108/><T123/><D123/><U97/><E27/><V16/><F74/><W116/><G116/><T84/><D72/><N who="1" m="43207" /><E33/><V73/><F73/><W9/><G75/><T109/><D109/><U56/><E67/><V18/><F7/><N who="3" m="1143" /><G80/><N who="0" m="47119" /><D100/><U62/><E102/><V76/><F76/><W1/><G6/><T131/><D131/><U69/><E128/><V129/><F129/><W0/><AGARI ba="1,0" hai="0,1,4,9,13,113,114,115" m="1143,37047" machi="0" ten="40,5200,0" yaku="15,1,11,1,52,1" doraHai="60" who="3" fromWho="3" sc="200,-14,173,-14,377,-27,250,55" /><INIT seed="7,0,0,4,5,102" ten="186,159,350,305" oya="3" hai0="113,109,30,75,122,83,125,108,81,116,99,60,93" hai1="34,97,123,63,49,55,126,85,43,6,11,18,52" hai2="1,21,15,130,104,74,28,0,67,40,73,77,134" hai3="95,114,89,101,2,96,128,44,64,32,86,33,68"/><W56/><G2/><T107/><D116/><U87/><E34/><V133/><F104/><W4/><G114/><T38/><D38/><U132/><E123/><V19/><F130/><W103/><G128/><T61/><D30/><U118/><E118/><V111/><F111/><N who="0" m="42570" /><D60/><U12/><E132/><N who="2" m="50795" /><F67/><W27/><G4/><T17/><D17/><U47/><E126/><V10/><F40/><W20/><G68/><T36/><D61/><U66/><E97/><V115/><F115/><W94/><G44/><T135/><D36/><U90/><E6/><V78/><F78/><W22/><G22/><T26/><D135/><U42/><E55/><V112/><F112/><W76/><G76/><T14/><D113/><U71/><E87/><V53/><F53/><W80/><G64/><T110/><D110/><U58/><E71/><V35/><F35/><W13/><G13/><T16/><D75/><N who="2" m="28682" /><F77/><W41/><G41/><T8/><D26/><AGARI ba="0,0" hai="0,1,10,15,19,21,26,28" m="28682,50795" machi="26" ten="30,1000,0" yaku="20,1" doraHai="102" who="2" fromWho="0" sc="186,-10,159,0,350,10,305,0" owari="176,-22.0,159,-34.0,360,45.0,305,11.0" /></mjloggm>