<mjloggm ver="2.3"><GO type="41"/><UN n0="%E9%AE%8E%E4%B8%80%E7%95%AA" n1="%E3%83%9E%E3%82%B5%E3%83%A4" n2="%E3%83%AA%E3%83%A7%E3%82%A6%E3%82%B1%E3%82%A4" n3="%E3%82%A6%E3%83%AB%E3%83%88%E3%83%A9%E7%AB%8B%E7%9B%B4" dan="13,14,14,15" rate="1815,1893,1906,1954" sx="M,M,M,M"/><TAIKYOKU oya="0"/><INIT seed="0,0,0,4,1,47" ten="250,250,250,250" oya="0" hai0="40,112,94,25,74,57,91,70,99,109,100,29,23" hai1="71,122,1,10,2,39,114,33,73,133,97,84,14" hai2="104,108,60,22,90,76,24,46,121,59,45,27,103" hai3="38,68,96,80,85,67,75,15,124,52,89,21,51"/><T120/><D112/><U93/><E133/><V56/><F121/><W42/><G75/><T11/><D120/><U106/><E114/><V32/><F108/><W119/><G119/><T135/><D135/><U53/><E122/><V127/><F127/><W0/><G0/><T117/><D117/><U128/><E128/><V66/><F32/><W110/><G110/><T78/><D109/><U88/><E33/><V54/><F76/><W44/><G124/><T35/><D70/><U125/><E125/><V5/><F5/><W107/><G107/><T58/><D40/><U4/><E71/><V61/><F104/><W98/><G15/><T81/><D35/><U3/><E39/><V101/><F90/><W43/><G21/><T79/><D79/><U8/><E73/><V126/><F126/><W82/><G82/><T95/><REACH who="0" step="1"/><D11/><REACH who="0" ten="240,250,250,250" step="2"/><U55/><REACH who="1" step="1"/><E10/><REACH who="1" ten="240,240,250,250" step="2"/><V48/><F45/><W18/><G44/><T19/><D19/><U132/><E132/><V72/><F72/><W116/><G18/><T87/><AGARI ba="0,2" hai="23,25,29,57,58,74,78,81,87,91,94,95,99,100" machi="87" ten="20,7800,0" yaku="1,1,0,1,7,1,53,1" doraHai="47" doraHaiUra="86" who="0" fromWho="0" sc="240,98,240,-26,250,-26,250,-26" /><INIT seed="0,1,0,0,1,56" ten="338,214,224,224" oya="0" hai0="89,10,110,122,53,19,116,97,44,125,73,27,1" hai1="115,84,43,131,49,113,42,21,98,106,24,74,108" hai2="105,2,34,23,31,83,71,59,33,94,132,5,72" hai3="126,9,25,86,51,26,102,67,101,18,15,134,129"/><T81/><D122/><U130/><E74/><V79/><F105/><W85/><G126/><T3/><D116/><U55/><E108/><V32/><F71/><W77/><G129/><N who="1" m="49162" /><E84/><N who="3" m="32362" /><G134/><T46/><D110/><U61/><E98/><V100/><F132/><W95/><G95/><T54/><D125/><U64/><E106/><V28/><F2/><W22/><G77/><T63/><D73/><U6/><E6/><V38/><F38/><W29/><G67/><T90/><D81/><U36/><E21/><V20/><F5/><W104/><G104/><T118/><D118/><U52/><E24/><V41/><F20/><N who="3" m="15527" /><G51/><T65/><D65/><U103/><E103/><V68/><F23/><W8/><G8/><T120/><D120/><U60/><E64/><V109/><F33/><W50/><G50/><T96/><D27/><U75/><E75/><V117/><F109/><W37/><G37/><T82/><D82/><U111/><E111/><V127/><F72/><W62/><G62/><N who="1" m="24170" /><E55/><V14/><F34/><W69/><G69/><T107/><D107/><U47/><E43/><V39/><F41/><W119/><G119/><T133/><D133/><U57/><AGARI ba="1,0" hai="36,42,47,49,52,57,113,115" m="24170,49162" machi="57" ten="30,12000,2" yaku="19,1,34,2,52,3,54,1" doraHai="56" who="1" fromWho="1" sc="338,-61,214,123,224,-31,224,-31" /><INIT seed="1,0,0,0,3,106" ten="277,337,193,193" oya="1" hai0="46,3,131,61,23,127,111,33,67,20,82,89,119" hai1="22,56,18,60,92,32,121,107,87,27,75,25,47" hai2="26,45,113,13,9,79,4,12,53,51,14,62,81" hai3="133,122,40,101,103,78,114,83,126,76,1,70,19"/><U100/><E121/><V43/><F113/><W98/><G19/><T7/><D33/><U71/><E71/><V93/><F93/><W64/><G40/><T124/><D119/><U120/><E120/><V130/><F130/><W49/><G49/><T116/><D116/><U42/><E107/><V10/><F10/><W88/><G64/><T128/><D46/><U96/><E75/><V110/><F110/><W69/><G1/><T8/><D82/><U38/><E87/><N who="2" m="48575" /><F26/><W50/><G50/><T63/><D89/><U24/><REACH who="1" step="1"/><E32/><REACH who="1" ten="277,327,193,193" step="2"/><V112/><F112/><W31/><G69/><T48/><D111/><U11/><E11/><V77/><F9/><W2/><G70/><T36/><D36/><U115/><E115/><V30/><F4/><W99/><G122/><T34/><D34/><U59/><E59/><V108/><F108/><W39/><G39/><T44/><D44/><U57/><E57/><V17/><F45/><W21/><G114/><T125/><D67/><AGARI ba="0,1" hai="18,22,24,25,27,38,42,47,56,60,67,92,96,100" machi="67" ten="30,2900,0" yaku="1,1,7,1,53,0" doraHai="106" doraHaiUra="84" who="1" fromWho="0" sc="277,-29,327,39,193,0,193,0" /><INIT seed="1,1,0,5,0,93" ten="248,366,193,193" oya="1" hai0="121,27,57,73,95,46,79,131,0,25,81,123,70" hai1="98,61,111,108,66,6,40,112,74,130,37,128,89" hai2="65,15,96,116,50,48,45,92,55,33,120,72,10" hai3="132,7,64,3,38,114,76,5,115,23,1,53,2"/><U20/><E112/><V43/><F120/><W122/><G53/><T62/><D70/><U26/><E74/><V30/><F116/><W100/><G64/><T63/><D0/><U36/><E6/><N who="3" m="2058" /><G100/><T90/><D131/><N who="1" m="50219" /><E40/><V101/><F72/><W31/><G76/><T83/><D123/><U86/><E20/><V21/><F33/><W80/><G80/><T75/><D121/><U133/><E26/><V77/><F65/><W129/><G38/><N who="1" m="14954" /><E133/><V4/><F77/><W39/><G39/><T84/><D46/><U82/><E98/><V8/><F8/><W78/><G78/><T49/><D75/><U17/><E17/><V99/><F99/><W9/><G129/><T88/><D49/><U113/><E113/><N who="3" m="43018" /><G122/><T102/><D62/><U97/><E97/><V110/><F43/><W124/><G9/><T107/><D107/><U52/><E52/><V119/><F55/><W22/><G132/><T42/><D102/><U24/><E24/><V18/><F101/><W69/><G69/><AGARI ba="1,0" hai="61,66,69,82,86,89,108,111" m="14954,50219" machi="69" ten="40,2000,0" yaku="19,1" doraHai="93" who="1" fromWho="3" sc="248,0,366,23,193,0,193,-23" /><INIT seed="1,2,0,0,3,26" ten="248,389,193,170" oya="1" hai0="38,122,120,59,29,105,115,14,78,85,83,97,57" hai1="7,50,58,74,135,81,37,106,9,91,101,92,3" hai2="100,86,12,32,40,123,60,47,4,66,49,79,88" hai3="33,128,8,34,99,125,73,56,53,42,127,109,36"/><U44/><E135/><V87/><F123/><N who="0" m="47146" /><D38/><U20/><E37/><V82/><F32/><N who="3" m="12395" /><G99/><T124/><D115/><U77/><E20/><V119/><F119/><W10/><G73/><T21/><D124/><N who="3" m="47689" /><G109/><T121/><N who="0" m="47154" /><T25/><DORA hai="52" /><D14/><U72/><E101/><AGARI ba="2,0" hai="21,25,29,57,59,78,83,85,97,101,105" m="47154" machi="101" ten="40,8000,1" yaku="13,1,52,3" doraHai="26,52" who="0" fromWho="1" sc="248,86,389,-86,193,0,170,0" /><INIT seed="2,0,0,4,0,10" ten="334,303,193,170" oya="2" hai0="38,62,65,19,97,113,0,22,114,69,71,131,20" hai1="121,40,3,55,68,12,26,126,21,1,91,61,106" hai2="6,118,66,4,17,85,64,81,54,78,101,7,96" hai3="84,93,90,43,132,41,82,35,103,28,107,98,47"/><V42/><F118/><W105/><G28/><T16/><D0/><U24/><E126/><V11/><F42/><W92/><G35/><T110/><D38/><U9/><E121/><V45/><F45/><W79/><G47/><T67/><D131/><U83/><E40/><V124/><F124/><W56/><G56/><T2/><D2/><U112/><E112/><V34/><F34/><W15/><G43/><T109/><D97/><U99/><E106/><N who="3" m="40458" /><G41/><T76/><D76/><U31/><E1/><V127/><F127/><W58/><G58/><T59/><D59/><N who="1" m="35071" /><E3/><V18/><F54/><W134/><G15/><T75/><D62/><U94/><E83/><V104/><REACH who="2" step="1"/><F17/><REACH who="2" ten="334,303,183,170" step="2"/><W48/><G48/><T133/><REACH who="0" step="1"/><D75/><AGARI ba="0,1" hai="75,79,82,84,90,92,93,98,103,132,134" m="40458" machi="75" ten="30,2000,0" yaku="34,2" doraHai="10" who="3" fromWho="0" sc="334,-20,303,0,183,0,170,30" /><INIT seed="3,0,0,1,3,53" ten="314,303,183,200" oya="3" hai0="121,80,27,125,37,20,106,118,70,76,84,55,4" hai1="17,81,42,56,35,62,32,11,112,43,69,34,124" hai2="110,36,83,94,39,9,65,22,100,115,68,51,1" hai3="44,61,63,41,25,101,82,116,132,48,134,24,88"/><W40/><G101/><T0/><D118/><U113/><E124/><V67/><F110/><W28/><G116/><T50/><D121/><U72/><E69/><V91/><F115/><W2/><G2/><T16/><D125/><U111/><E111/><V89/><F68/><W75/><G40/><T97/><D37/><U23/><E11/><V117/><F117/><W133/><G25/><T104/><D70/><U5/><E5/><V19/><F36/><W8/><G8/><T66/><D66/><N who="2" m="25098" /><F39/><W107/><G107/><T13/><D0/><U103/><E103/><V15/><F1/><W74/><G74/><T57/><D97/><U131/><E131/><V120/><F120/><W73/><G73/><T122/><D122/><U86/><E72/><V135/><F135/><W71/><G71/><T12/><D4/><U109/><E109/><V31/><F83/><W54/><G41/><T99/><D99/><U130/><E130/><V18/><F31/><W93/><G82/><T10/><D13/><U6/><E6/><V7/><F7/><W119/><G75/><T114/><REACH who="0" step="1"/><D114/><REACH who="0" ten="304,303,183,200" step="2"/><U129/><E113/><V3/><F3/><W127/><G127/><T95/><D95/><U90/><E112/><V98/><F15/><W30/><G119/><T102/><D102/><U126/><E126/><V47/><F100/><W21/><REACH who="3" step="1"/><G30/><REACH who="3" ten="304,303,183,190" step="2"/><T14/><D14/><U96/><E129/><V79/><F94/><W78/><G78/><T52/><D52/><N who="1" m="34055" /><E96/><AGARI ba="0,2" hai="21,24,28,44,48,54,61,63,88,93,96,132,133,134" machi="96" ten="40,7700,0" yaku="1,1,20,1,54,1,53,0" doraHai="53" doraHaiUra="64" who="3" fromWho="1" sc="304,0,303,-77,183,0,190,97" /><INIT seed="3,1,0,0,1,5" ten="304,226,183,287" oya="3" hai0="23,119,20,101,75,17,42,132,97,111,69,31,105" hai1="123,122,131,47,36,10,50,96,18,109,28,8,85" hai2="41,134,88,21,79,77,86,87,108,118,67,120,52" hai3="78,93,48,13,126,56,55,33,127,107,115,112,4"/><W12/><G33/><T11/><D111/><U95/><E131/><V1/><F108/><W73/><G107/><T51/><D119/><U59/><E109/><V94/><F118/><W24/><G78/><T92/><D132/><U80/><E28/><V38/><F134/><W63/><G73/><T135/><D135/><U65/><E18/><V133/><F133/><W35/><G35/><T49/><D69/><U25/><E25/><V71/><F1/><W7/><G24/><T103/><D75/><U46/><E123/><V44/><F120/><W34/><G34/><T26/><D42/><U114/><E114/><V54/><F71/><W81/><G81/><T100/><D105/><U76/><E36/><V22/><F67/><W82/><G82/><T53/><D51/><U9/><E122/><V99/><F79/><W83/><G83/><T68/><D68/><U70/><E70/><V19/><F22/><W29/><G29/><T39/><D39/><U104/><E104/><V91/><F77/><W90/><G112/><T32/><D32/><U124/><E124/><N who="3" m="47658" /><G63/><T89/><D89/><N who="1" m="55407" /><E50/><V64/><F38/><W113/><G113/><T57/><D11/><U125/><E125/><V110/><F110/><W37/><G37/><T116/><REACH who="0" step="1"/><D116/><REACH who="0" ten="294,226,183,287" step="2"/><U15/><E15/><AGARI ba="1,1" hai="15,17,20,23,26,31,49,53,57,92,97,100,101,103" machi="15" ten="30,7700,0" yaku="1,1,2,1,7,1,8,1,53,0" doraHai="5" doraHaiUra="0" who="0" fromWho="1" sc="294,90,226,-80,183,0,287,0" /><INIT seed="4,0,0,3,2,109" ten="384,146,183,287" oya="0" hai0="36,106,122,44,23,121,111,96,40,17,35,62,2" hai1="10,83,108,42,30,37,124,26,12,50,52,13,87" hai2="101,33,24,112,18,120,79,58,1,53,100,38,56" hai3="119,75,78,16,95,55,97,28,73,59,84,80,110"/><T103/><D2/><U46/><E124/><V118/><F120/><W47/><G28/><T113/><D113/><U60/><E108/><V98/><F112/><W69/><G69/><T91/><D111/><U88/><E60/><V57/><F38/><W105/><G47/><T134/><D134/><U14/><E10/><V131/><F1/><W74/><G110/><T127/><D127/><U99/><E99/><V32/><F131/><W90/><G55/><T76/><D76/><U64/><E64/><V34/><F118/><W9/><G59/><T3/><D3/><U43/><REACH who="1" step="1"/><E37/><REACH who="1" ten="384,136,183,287" step="2"/><V65/><F65/><W102/><G119/><T89/><D35/><AGARI ba="0,1" hai="12,13,14,26,30,35,42,43,46,50,52,83,87,88" machi="35" ten="40,8000,1" yaku="1,1,2,1,54,2,53,1" doraHai="109" doraHaiUra="49" who="1" fromWho="0" sc="384,-80,136,90,183,0,287,0" /><INIT seed="5,0,0,3,3,116" ten="304,226,183,287" oya="1" hai0="7,59,123,32,2,57,18,24,70,56,29,3,78" hai1="22,43,86,94,85,135,58,19,77,107,87,30,75" hai2="39,50,122,25,118,49,90,54,48,108,21,20,76" hai3="51,14,10,119,105,55,68,28,117,130,128,63,0"/><U92/><E135/><V80/><F118/><N who="3" m="45067" /><G105/><T132/><D70/><U106/><E30/><V8/><F108/><W124/><G28/><T38/><D38/><U45/><E58/><V31/><F39/><W66/><G0/><T120/><D78/><U67/><E67/><V99/><F122/><W98/><G98/><T35/><D132/><U61/><E61/><V88/><F54/><W127/><G14/><T23/><D7/><U81/><E107/><V16/><F8/><W65/><G65/><T125/><D125/><N who="3" m="48201" /><G10/><T47/><D47/><AGARI ba="0,0" hai="47,51,55,63,66,68,128,130" m="48201,45067" machi="47" ten="30,7700,0" yaku="12,1,18,1,34,2" doraHai="116" who="3" fromWho="0" sc="304,-77,226,0,183,0,287,77" /><INIT seed="6,0,0,0,0,134" ten="227,226,183,364" oya="2" hai0="17,127,81,59,53,96,90,26,58,48,28,101,39" hai1="76,102,123,7,4,65,5,113,109,72,14,83,92" hai2="0,9,21,132,128,97,122,8,19,69,129,52,87" hai3="84,23,70,107,88,91,43,95,41,131,106,30,103"/><V33/><F132/><W13/><G70/><T133/><D39/><U99/><E113/><V93/><F122/><W20/><G103/><T6/><D133/><U112/><E112/><V100/><F33/><W15/><G84/><T57/><D127/><U79/><E123/><V126/><F126/><W94/><G30/><T60/><D6/><U74/><E109/><V115/><F115/><W66/><G66/><T80/><D90/><U82/><REACH who="1" step="1"/><E65/><REACH who="1" ten="227,216,183,364" step="2"/><V47/><F69/><W32/><G32/><T71/><D71/><U68/><E68/><V51/><F0/><W42/><G42/><T63/><D17/><U22/><E22/><V2/><F2/><W11/><G11/><AGARI ba="0,1" hai="4,5,7,11,14,72,74,76,79,82,83,92,99,102" machi="11" ten="40,2600,0" yaku="1,1,9,1,53,0" doraHai="134" doraHaiUra="111" who="1" fromWho="3" sc="227,0,216,36,183,0,364,-26" /><INIT seed="7,0,0,5,3,108" ten="227,252,183,338" oya="3" hai0="38,70,48,7,20,119,55,118,64,96,46,11,103" hai1="81,88,39,56,52,41,131,127,117,62,90,77,69" hai2="19,78,43,128,94,14,54,89,74,2,66,30,18" hai3="132,63,86,65,26,25,102,5,134,40,53,120,35"/><W59/><G120/><T34/><D34/><U93/><E127/><V51/><F2/><W104/><G104/><T33/><D33/><U42/><E131/><V1/><F128/><W98/><G98/><T49/><D38/><U16/><E117/><V105/><F1/><W135/><G102/><T125/><D125/><U76/><E69/><V99/><F105/><W122/><G122/><T80/><D80/><U123/><E123/><V67/><F43/><N who="1" m="16393" /><E39/><V121/><F121/><W3/><G40/><T82/><D82/><U114/><E114/><V115/><F115/><W31/><G26/><T107/><D119/><U100/><E100/><V17/><F74/><W0/><G5/><T37/><D37/><U23/><E81/><V83/><F83/><W32/><G86/><T28/><D118/><U29/><E29/><V75/><F78/><N who="1" m="30313" /><E93/><V58/><F75/><W109/><G35/><T4/><D70/><U133/><E133/><V79/><F79/><W95/><G95/><T116/><D64/><N who="2" m="24618" /><F30/><W91/><G91/><T60/><D116/><U57/><E57/><V61/><F61/><N who="3" m="36079" /><G109/><T87/><D60/><U45/><E45/><V124/><F124/><W113/><G113/><T73/><D73/><U72/><E72/><V101/><F101/><W126/><G126/><T12/><D87/><U22/><E22/><AGARI ba="0,0" hai="14,17,18,19,22,51,54,58,89,94,99" m="24618" machi="22" ten="30,1000,0" yaku="8,1" doraHai="108" who="2" fromWho="1" sc="227,0,252,-10,183,10,338,0" owari="227,-17.0,242,4.0,193,-31.0,338,44.0" /></mjloggm>