<mjloggm ver="2.3"><GO type="169" lobby="0"/><UN n0="%4E%4F%42%55%53%48%49" n1="%E6%B9%8A%E3%81%AE%E9%87%A3%E5%B8%AB" n2="%EF%BC%88%E2%89%A7%E2%96%BD%E2%89%A6%EF%BC%89" n3="%E9%81%8A%E8%B5%B0" dan="17,16,17,17" rate="2136.33,2115.80,2127.55,2160.56" sx="M,M,M,F"/><TAIKYOKU oya="0"/><INIT seed="0,0,0,1,5,68" ten="250,250,250,250" oya="0" hai0="20,101,30,24,71,120,122,96,85,57,76,111,98" hai1="114,29,129,35,45,14,26,110,128,43,132,50,88" hai2="38,79,100,53,63,10,6,67,72,104,92,18,117" hai3="135,116,74,41,82,97,44,16,121,65,33,22,49"/><T1/><D1/><U102/><E102/><V64/><F104/><W89/><G121/><T103/><D71/><U2/><E2/><V37/><F53/><W25/><G116/><T59/><D111/><U77/><E110/><V105/><F18/><W106/><G135/><T9/><D9/><U80/><E132/><V56/><F117/><W0/><G0/><T127/><D127/><U130/><E14/><V126/><F126/><W81/><G33/><T69/><D69/><U119/><E119/><V58/><F105/><W113/><G113/><T91/><D76/><U115/><E77/><V78/><F92/><W109/><G109/><T99/><D120/><U48/><E48/><V90/><F100/><N who="0" m="38474" /><D122/><U60/><E60/><V11/><F90/><W52/><G106/><T93/><AGARI ba="0,0" hai="20,24,30,57,59,85,91,93,96,98,99" m="38474" machi="93" ten="30,1500,0" yaku="8,1" doraHai="68" who="0" fromWho="0" sc="250,15,250,-5,250,-5,250,-5" /><INIT seed="0,1,0,3,3,66" ten="265,245,245,245" oya="0" hai0="84,135,38,99,124,112,59,3,116,33,95,42,89" hai1="75,49,90,117,67,77,23,62,130,86,6,16,28" hai2="10,85,56,15,5,73,32,92,132,72,12,65,119" hai3="133,111,60,88,122,1,107,34,50,113,37,91,79"/><T53/><D116/><U47/><E117/><V100/><F119/><W83/><G113/><T121/><D112/><U45/><E28/><V0/><F32/><W78/><G111/><T106/><D121/><U69/><E130/><V36/><F36/><W27/><G1/><T102/><D124/><U43/><E6/><V81/><F132/><W24/><G133/><T114/><D135/><U103/><E103/><V70/><F0/><W61/><G37/><T9/><D114/><U26/><E47/><V14/><F70/><W101/><G122/><T58/><D33/><U125/><E125/><V13/><F100/><W55/><G107/><T63/><D38/><U126/><E126/><V110/><F110/><W29/><G101/><T115/><D115/><U17/><E77/><N who="3" m="29194" /><G34/><T30/><D42/><U134/><E134/><V46/><F46/><N who="3" m="28119" /><G29/><T7/><D30/><U44/><E17/><V104/><F104/><W98/><G83/><T39/><D39/><U82/><E45/><V128/><F128/><W109/><G109/><T22/><D59/><U93/><REACH who="1" step="1"/><E75/><REACH who="1" ten="265,235,245,245" step="2"/><V97/><F73/><W51/><G91/><T105/><D22/><U120/><E120/><V129/><F72/><W25/><G88/><T118/><D118/><U64/><E64/><V35/><F129/><W87/><G87/><T2/><D106/><U19/><E19/><V76/><F85/><W68/><G98/><T80/><D105/><U127/><E127/><V57/><F97/><W108/><G108/><T11/><D11/><U48/><E48/><V123/><F123/><W74/><G74/><T8/><D8/><RYUUKYOKU ba="1,1" sc="265,15,235,15,245,-15,245,-15" hai0="2,3,7,9,53,58,63,80,84,89,95,99,102" hai1="16,23,26,43,44,49,62,67,69,82,86,90,93" /><INIT seed="0,2,1,3,5,32" ten="280,250,230,230" oya="0" hai0="38,41,64,24,126,110,82,26,77,5,103,99,73" hai1="84,54,100,132,27,51,124,121,85,2,4,91,46" hai2="134,1,83,81,7,61,56,104,60,33,14,16,74" hai3="23,40,37,36,9,93,95,117,71,10,49,44,31"/><T109/><D126/><U62/><E121/><V130/><F104/><W68/><G117/><T89/><D64/><U65/><E132/><V29/><F74/><W58/><G31/><T25/><D89/><U42/><E124/><V21/><F134/><W57/><G23/><T127/><D127/><U47/><E100/><V75/><F75/><W39/><G49/><T55/><D55/><U133/><E133/><V116/><F116/><W112/><G44/><T105/><D41/><U120/><E120/><V108/><F108/><N who="0" m="41578" /><D5/><U6/><E27/><N who="2" m="18623" /><F130/><W8/><G40/><T20/><D38/><U13/><E13/><V11/><F60/><W76/><G76/><T63/><D63/><U101/><E101/><V90/><F90/><W28/><G28/><AGARI ba="2,1" hai="20,24,25,26,28,73,77,82,99,103,105" m="41578" machi="28" ten="30,2900,0" yaku="14,1,10,1" doraHai="32" who="0" fromWho="3" sc="280,45,250,0,230,0,230,-35" /><INIT seed="0,3,0,4,5,41" ten="325,250,230,195" oya="0" hai0="65,4,45,44,98,50,32,109,49,12,52,15,135" hai1="26,37,64,51,118,123,125,78,13,107,70,85,31" hai2="129,133,95,108,99,126,34,40,55,61,47,27,60" hai3="120,121,48,11,66,75,25,23,67,16,58,73,36"/><T0/><D32/><U28/><E37/><V88/><F126/><W77/><G36/><T24/><D135/><U18/><E31/><V128/><F133/><W20/><G11/><T30/><D109/><U6/><E118/><V89/><F108/><W92/><G92/><T86/><D65/><U87/><E123/><N who="3" m="47178" /><G20/><N who="0" m="15623" /><D0/><U113/><E125/><V2/><F2/><W39/><G39/><T116/><D4/><U81/><E6/><V19/><F89/><W96/><G96/><T29/><D29/><U124/><E124/><V43/><F34/><W83/><G75/><T111/><D111/><U91/><E107/><V63/><F129/><W82/><G82/><T132/><D132/><U90/><E113/><V22/><F128/><W72/><G72/><T76/><D98/><U114/><E114/><V21/><F22/><W97/><G97/><T94/><D116/><U3/><E3/><V80/><F80/><W8/><G8/><T84/><D76/><U119/><E119/><V112/><F112/><W17/><G17/><T110/><D110/><U122/><E122/><V1/><F1/><W134/><G134/><T68/><D68/><U46/><E70/><V117/><F117/><W59/><G67/><T38/><D38/><U14/><E64/><V74/><F74/><W54/><G66/><T71/><D71/><U62/><E78/><V35/><F35/><W100/><G100/><T102/><D102/><U33/><E18/><V131/><F131/><W56/><AGARI ba="3,0" hai="16,23,25,48,54,56,58,59,73,77,83" m="47178" machi="56" ten="30,2000,0" yaku="13,1,54,1" doraHai="41" who="3" fromWho="3" sc="325,-13,250,-8,230,-8,195,29" /><INIT seed="1,0,0,1,0,30" ten="312,242,222,224" oya="1" hai0="14,34,4,38,55,45,90,80,73,47,81,94,63" hai1="10,106,57,60,28,6,19,58,16,128,78,101,75" hai2="116,114,103,50,25,82,119,110,48,123,33,20,2" hai3="92,22,129,133,108,117,76,132,77,89,27,26,109"/><U42/><E42/><V46/><F123/><W71/><G71/><T66/><D34/><U53/><E75/><V11/><F114/><W37/><G37/><T124/><D124/><U15/><E128/><V85/><F110/><N who="3" m="42603" /><G129/><T70/><D55/><U99/><E78/><N who="3" m="30314" /><G117/><T23/><D73/><U3/><E28/><V52/><F103/><W51/><G51/><T9/><D23/><U130/><E130/><V41/><F33/><W59/><G59/><T107/><D107/><U135/><E135/><N who="3" m="51786" /><G22/><T17/><D47/><U88/><E3/><V1/><F1/><W32/><G32/><T79/><D45/><U62/><REACH who="1" step="1"/><E88/><REACH who="1" ten="312,232,222,224" step="2"/><V69/><F2/><W12/><G12/><T118/><D90/><U112/><E112/><V87/><F41/><W65/><G65/><AGARI ba="0,1" hai="6,10,15,16,19,53,57,58,60,62,65,99,101,106" machi="65" ten="30,5800,0" yaku="1,1,7,1,54,1,53,0" doraHai="30" doraHaiUra="84" who="1" fromWho="3" sc="312,0,232,68,222,0,224,-58" /><INIT seed="1,1,0,2,2,10" ten="312,300,222,166" oya="1" hai0="94,105,76,63,128,127,126,81,118,14,107,32,71" hai1="21,87,84,121,101,103,130,66,104,1,49,108,47" hai2="96,50,113,99,8,124,69,67,79,33,64,30,56" hai3="134,20,97,62,95,48,44,22,74,135,0,23,35"/><U42/><E121/><V12/><F69/><W7/><G74/><T34/><D94/><U58/><E1/><V11/><F124/><N who="0" m="47658" /><D118/><U53/><E130/><V112/><F79/><W109/><G109/><T122/><D122/><U102/><E102/><V88/><BYE who="1" /><F30/><W17/><G35/><N who="0" m="13355" /><D14/><U59/><E59/><V93/><F33/><W55/><G62/><T43/><D43/><U115/><E115/><N who="2" m="44107" /><F99/><W110/><G110/><T73/><D128/><U68/><E68/><V39/><F8/><W133/><G7/><T26/><D26/><U120/><E120/><V38/><F38/><W116/><G116/><T75/><D75/><U13/><E13/><V3/><F39/><W132/><N who="3" m="33792" /><DORA hai="45" /><W18/><REACH who="3" step="1"/><G0/><REACH who="3" ten="312,300,222,156" step="2"/><T24/><D63/><U52/><E52/><N who="2" m="31767" /><F3/><W111/><G111/><T72/><D72/><U90/><E90/><AGARI ba="1,1" hai="17,18,20,22,23,44,48,55,90,95,97" m="33792" machi="90" ten="70,8000,1" yaku="1,1,20,1,52,1,53,1" doraHai="10,45" doraHaiUra="9,86" who="3" fromWho="1" sc="312,0,300,-83,222,0,156,93" /><INIT seed="2,0,0,5,1,12" ten="312,217,222,249" oya="2" hai0="5,53,35,42,124,86,104,47,44,25,77,115,88" hai1="32,6,100,93,10,108,112,101,60,120,67,89,90" hai2="107,17,118,117,1,20,128,72,26,18,127,113,109" hai3="50,73,13,70,81,75,102,43,78,65,16,39,51"/><V57/><F72/><W9/><G75/><T103/><D115/><U79/><E79/><V69/><F69/><W98/><G39/><T68/><D68/><U4/><E4/><V121/><F107/><W14/><G43/><T71/><D71/><U131/><E131/><V84/><F121/><UN n1="%E6%B9%8A%E3%81%AE%E9%87%A3%E5%B8%AB" /><W130/><G130/><T19/><D5/><U96/><E32/><V56/><F128/><W22/><G65/><T111/><D77/><U7/><E112/><V91/><F1/><W105/><REACH who="3" step="1"/><G70/><REACH who="3" ten="312,217,222,239" step="2"/><T52/><D42/><U123/><E67/><V59/><F113/><W129/><G129/><T45/><D53/><U0/><E123/><V31/><F127/><W87/><G87/><T37/><D52/><U40/><E40/><V134/><F134/><W94/><G94/><T92/><D86/><U24/><E93/><V27/><F109/><W119/><G119/><T2/><D92/><U64/><E108/><V3/><F118/><W21/><G21/><T61/><D111/><U29/><E64/><V106/><F117/><W28/><G28/><T62/><D124/><U63/><E29/><N who="2" m="17607" /><F106/><W110/><G110/><T66/><D104/><U33/><E120/><V114/><F114/><W95/><G95/><T97/><D37/><U99/><E101/><V48/><F31/><W55/><G55/><T49/><D103/><U30/><E100/><V80/><F84/><W11/><G11/><T41/><D66/><U54/><E54/><V85/><F85/><W46/><G46/><T8/><D45/><U122/><E122/><V74/><F74/><W132/><G132/><T83/><D47/><RYUUKYOKU ba="0,1" sc="312,-10,217,-10,222,-10,239,30" hai3="9,13,14,16,22,50,51,73,78,81,98,102,105" /><INIT seed="3,1,1,2,4,50" ten="302,207,212,269" oya="3" hai0="81,76,58,12,127,129,54,29,97,66,111,57,36" hai1="22,93,72,21,88,91,132,59,123,83,33,94,61" hai2="17,42,49,122,34,70,85,131,92,112,18,89,28" hai3="27,125,60,11,102,104,103,63,68,47,32,117,40"/><W23/><G117/><T110/><D36/><U56/><E123/><V80/><F112/><W16/><G32/><T121/><D121/><U119/><E33/><V90/><F70/><W115/><G115/><T107/><D29/><U71/><E132/><V96/><F122/><W48/><G125/><T26/><D127/><U101/><E119/><V10/><F131/><W6/><G68/><T37/><D37/><U14/><E71/><V31/><F34/><W82/><G82/><T1/><D26/><U134/><E134/><V20/><F10/><W133/><G133/><T30/><D30/><N who="2" m="11306" /><F20/><W45/><G45/><AGARI ba="1,1" hai="17,18,42,45,49,80,85,89,90,92,96" m="11306" machi="45" ten="30,1000,0" yaku="8,1" doraHai="50" who="2" fromWho="3" sc="302,0,207,0,212,23,269,-13" /><INIT seed="4,0,0,0,1,90" ten="302,207,235,256" oya="0" hai0="93,35,75,43,118,49,56,0,11,9,19,128,65" hai1="50,12,39,17,70,76,86,68,6,100,123,88,57" hai2="2,61,14,107,62,4,74,135,116,109,46,122,117" hai3="52,54,96,37,101,24,59,112,53,132,81,16,8"/><T18/><D75/><U106/><E39/><V89/><F74/><W67/><G112/><T77/><D35/><U30/><E123/><V55/><F107/><W38/><G132/><T79/><D0/><U119/><E119/><V40/><F2/><W13/><G81/><T48/><D65/><U10/><E76/><V134/><F122/><W45/><G24/><T34/><D34/><U125/><E125/><V31/><F31/><W102/><G45/><T87/><D128/><U60/><E30/><V41/><F109/><W127/><G127/><T85/><D56/><U111/><E111/><V94/><F14/><W28/><G28/><T32/><D32/><U5/><E100/><V80/><F80/><W7/><G102/><T120/><D120/><U64/><E106/><V58/><F4/><N who="1" m="1641" /><E68/><V110/><F110/><W104/><REACH who="3" step="1"/><G7/><REACH who="3" ten="302,207,235,246" step="2"/><T21/><D118/><U66/><E70/><V72/><F117/><W121/><G121/><T22/><D43/><U51/><E66/><V114/><F116/><W71/><G71/><T115/><D115/><U99/><E64/><V27/><F114/><W36/><G36/><T98/><D79/><U113/><E113/><V97/><F134/><W84/><G84/><T73/><D77/><U95/><E86/><V91/><F135/><W108/><G108/><T78/><D78/><U69/><E69/><V15/><F40/><W42/><G42/><T126/><D73/><U130/><E130/><V20/><F72/><W105/><G105/><T82/><D126/><U33/><E33/><V133/><F133/><W1/><G1/><T3/><D3/><RYUUKYOKU ba="0,1" sc="302,-15,207,15,235,-15,246,15" hai1="10,12,17,50,51,57,60,88,95,99" hai3="8,13,16,37,38,52,53,54,59,67,96,101,104" /><INIT seed="5,1,1,4,3,107" ten="287,222,220,261" oya="1" hai0="25,90,129,93,64,39,88,58,44,59,43,49,2" hai1="80,127,132,91,67,34,112,133,41,10,32,74,78" hai2="24,100,89,26,56,21,121,60,76,30,94,117,73" hai3="63,75,17,95,77,104,71,98,125,108,14,97,51"/><U50/><E112/><V106/><F121/><W62/><G108/><T6/><D129/><U109/><E109/><V105/><F117/><W124/><G104/><T68/><D2/><U7/><E67/><V46/><F105/><W134/><G134/><N who="1" m="51818" /><E127/><N who="3" m="48714" /><G51/><T11/><D25/><U96/><E96/><N who="3" m="36970" /><G95/><T116/><D116/><U131/><E131/><V130/><F130/><W40/><G40/><T8/><D93/><U47/><E91/><V3/><F89/><W53/><G71/><T123/><D123/><U84/><E84/><V36/><F106/><W57/><G77/><T85/><D85/><U70/><E70/><V1/><F94/><W4/><G4/><T111/><D111/><U22/><E22/><V55/><F100/><W5/><G5/><T66/><D90/><U99/><E99/><V81/><REACH who="2" step="1"/><F26/><REACH who="2" ten="287,222,210,261" step="2"/><W128/><G128/><T12/><D88/><U126/><E126/><V101/><F101/><W87/><G87/><T20/><D68/><U42/><E42/><AGARI ba="1,2" hai="1,3,21,24,30,36,42,46,55,56,60,73,76,81" machi="42" ten="40,5200,0" yaku="1,1,52,1,53,1" doraHai="107" doraHaiUra="19" who="2" fromWho="1" sc="287,0,222,-55,210,75,261,0" /><INIT seed="6,0,0,3,3,47" ten="287,167,285,261" oya="2" hai0="114,51,94,9,54,117,60,14,32,39,83,100,96" hai1="30,17,33,111,80,28,8,69,77,37,13,4,113" hai2="97,108,71,40,85,122,58,120,105,10,16,74,43" hai3="20,128,134,135,129,41,36,102,22,109,1,73,11"/><V112/><F71/><W98/><G73/><T25/><D39/><U89/><E111/><V61/><F74/><W99/><G41/><T21/><D32/><U78/><E69/><V3/><F108/><W124/><G36/><T72/><D114/><U62/><E113/><V27/><F112/><W66/><G66/><T118/><D60/><U15/><E37/><V45/><F3/><W48/><G109/><T50/><D54/><U52/><E33/><V81/><F105/><W123/><G123/><T31/><D72/><U76/><E80/><V86/><F97/><W127/><G48/><N who="0" m="18475" /><D83/><U65/><E65/><V38/><F81/><W44/><G44/><T67/><D67/><U79/><N who="1" m="19968" /><DORA hai="92" /><U75/><E89/><V12/><F43/><W107/><G11/><T49/><N who="0" m="18483" /><T119/><DORA hai="106" /><D14/><U110/><E110/><V101/><F120/><W42/><G42/><T59/><D9/><U87/><E87/><V7/><F122/><W0/><G107/><T2/><D59/><N who="1" m="35175" /><E75/><V91/><F38/><W103/><AGARI ba="0,0" hai="0,1,20,22,98,99,102,103,124,127,128,129,134,135" machi="103" ten="25,8000,1" yaku="0,1,22,2,52,2" doraHai="47,92,106" who="3" fromWho="3" sc="287,-20,167,-20,285,-40,261,80" /><INIT seed="7,0,0,4,5,118" ten="267,147,245,341" oya="3" hai0="91,0,17,26,16,132,127,92,126,115,93,84,104" hai1="106,41,73,112,9,134,131,55,123,31,50,69,20" hai2="102,45,24,135,22,97,98,46,99,74,34,59,117" hai3="114,110,81,30,35,15,43,13,27,133,68,72,64"/><W67/><G114/><T2/><D104/><U79/><E69/><V70/><F70/><W39/><G110/><T8/><D115/><U47/><E112/><V54/><F74/><W44/><G133/><T53/><D132/><U75/><E134/><V125/><F117/><W76/><G68/><T121/><D121/><U28/><E131/><V3/><F3/><W7/><G7/><T122/><D122/><U29/><E106/><V105/><F34/><W71/><G71/><T108/><D108/><U85/><E123/><V103/><F135/><W96/><G96/><T86/><D53/><U52/><E20/><V4/><F4/><W63/><G63/><T124/><D26/><U32/><E32/><V25/><F125/><W95/><G95/><N who="0" m="36427" /><D8/><U38/><E9/><V14/><F14/><W90/><G90/><T6/><D6/><U101/><E101/><N who="2" m="38411" /><F105/><W78/><G78/><T23/><D23/><U88/><E79/><V83/><F83/><W12/><AGARI ba="0,0" hai="12,13,15,27,30,35,39,43,44,64,67,72,76,81" machi="12" ten="30,1500,0" yaku="0,1" doraHai="118" who="3" fromWho="3" sc="267,-5,147,-5,245,-5,341,15" owari="262,6.0,142,-36.0,240,-16.0,356,46.0" /></mjloggm>