<mjloggm ver="2.3"><GO type="41"/><UN n0="%EF%BC%88%E2%89%A7%E2%96%BD%E2%89%A6%EF%BC%89" n1="%E2%98%86%E3%81%99%E3%81%84%E3%81%99%E3%81%84%E2%98%86" n2="%70%6F%6E%6C%6F%6E" n3="%4E%4F%56%41%E3%81%86%E3%81%95%E3%81%8E" dan="14,15,14,13" rate="2048,1998,1880,1906" sx="M,M,M,M"/><TAIKYOKU oya="0"/><INIT seed="0,0,0,3,4,25" ten="250,250,250,250" oya="0" hai0="65,135,21,73,60,110,19,54,23,17,55,11,67" hai1="122,104,70,30,63,5,6,28,42,56,16,68,61" hai2="29,43,20,15,57,31,125,37,3,51,9,41,77" hai3="91,14,18,95,88,62,118,86,98,44,84,76,71"/><T134/><D11/><U53/><E104/><V79/><F37/><W92/><G118/><T83/><D73/><U133/><E122/><V1/><F125/><W59/><G71/><T109/><D83/><U101/><E101/><V46/><F20/><N who="3" m="11351" /><G44/><T128/><REACH who="0" step="1"/><D60/><REACH who="0" step="2"/><U85/><E70/><V123/><F123/><W32/><G76/><N who="2" m="29257" /><F1/><W13/><G62/><T12/><D12/><U116/><E63/><V112/><F3/><W72/><G13/><T50/><D50/><U69/><E69/><V93/><F15/><W35/><G72/><T100/><D100/><U78/><E68/><V130/><F9/><W94/><G32/><T58/><D58/><U22/><E116/><V106/><F57/><W34/><G59/><T132/><D132/><U40/><E133/><V66/><F51/><W10/><G35/><T8/><D8/><U107/><E107/><V48/><F106/><W36/><G34/><T124/><D124/><U49/><E61/><V0/><F0/><W64/><G10/><T24/><D24/><N who="1" m="14407" /><E78/><V111/><F48/><W74/><G74/><T4/><D4/><N who="1" m="1643" /><E85/><V7/><F46/><W75/><G75/><T113/><D113/><U80/><E80/><V47/><F47/><W102/><G36/><T117/><D117/><U121/><E121/><V87/><F87/><W81/><G81/><T90/><D90/><U129/><E129/><AGARI ba="0,1" hai="17,19,21,23,54,55,65,67,109,110,128,129,134,135" machi="129" ten="25,4800,0" yaku="1,1,22,2,53,0" doraHai="25" doraHaiUra="96" who="0" fromWho="1" sc="240,58,250,-48,250,0,250,0" /><INIT seed="0,1,0,1,4,50" ten="298,202,250,250" oya="0" hai0="82,92,16,7,51,94,121,0,58,67,68,54,47" hai1="23,69,42,95,87,103,108,38,2,27,123,64,126" hai2="119,48,81,101,99,11,3,10,18,83,24,110,56" hai3="15,132,135,124,133,107,76,26,65,21,44,130,90"/><T55/><D121/><U1/><E123/><V77/><F119/><W97/><G124/><T59/><D0/><U66/><E42/><V116/><F116/><W19/><G130/><T71/><D7/><U118/><E38/><V79/><F3/><W102/><G65/><T49/><D82/><U32/><E69/><V93/><F110/><W115/><G115/><T109/><D109/><U61/><E32/><V22/><F81/><W45/><G76/><T131/><D131/><U35/><E35/><V63/><F48/><W31/><REACH who="3" step="1"/><G90/><REACH who="3" step="2"/><T43/><D67/><U13/><E66/><N who="2" m="39271" /><F79/><W128/><G128/><T36/><D16/><U8/><E126/><V33/><F33/><AGARI ba="1,1" hai="15,19,21,26,31,33,44,45,97,102,107,132,133,135" machi="33" ten="40,2600,0" yaku="1,1,20,1,53,0" doraHai="50" doraHaiUra="89" who="3" fromWho="2" sc="298,0,202,0,250,-29,240,39" /><INIT seed="1,0,0,4,4,16" ten="298,202,221,279" oya="1" hai0="97,95,127,26,9,94,131,135,41,88,106,12,7" hai1="61,33,10,130,48,69,83,37,46,17,63,91,47" hai2="96,4,64,87,29,25,36,30,11,80,124,93,126" hai3="54,98,50,27,104,5,3,19,39,8,14,90,34"/><U120/><E120/><V103/><F36/><W74/><G74/><T118/><D118/><U116/><E33/><V81/><F64/><W128/><G128/><T122/><D122/><U109/><E116/><V67/><F30/><N who="3" m="19807" /><G39/><T28/><D131/><U86/><E130/><V45/><F45/><W125/><G125/><T43/><D127/><N who="2" m="48682" /><F67/><W111/><G111/><T115/><D115/><U89/><E69/><V117/><F117/><W66/><G66/><T132/><D106/><U102/><E37/><V65/><F65/><W133/><G133/><N who="0" m="51275" /><D95/><U60/><E47/><V22/><F87/><W21/><G104/><T6/><D7/><U113/><E102/><V79/><F79/><W57/><G98/><T105/><D105/><U71/><E71/><V40/><F40/><W110/><G110/><T129/><D129/><U44/><E44/><V101/><F101/><W31/><G31/><T56/><D56/><U52/><E113/><V72/><F72/><W59/><G90/><T55/><D55/><U35/><E35/><AGARI ba="0,0" hai="6,9,12,26,28,35,41,43,88,94,97" m="51275" machi="35" ten="30,2000,0" yaku="20,1,54,1" doraHai="16" who="0" fromWho="1" sc="298,20,202,-20,221,0,279,0" /><INIT seed="2,0,0,4,3,105" ten="318,182,221,279" oya="2" hai0="79,85,91,60,76,27,126,64,127,45,123,13,106" hai1="108,34,35,52,84,18,65,101,73,30,50,49,0" hai2="20,86,38,124,109,56,37,2,122,53,120,99,46" hai3="111,68,102,114,100,82,119,32,31,134,70,75,62"/><V16/><F2/><W121/><G119/><T116/><D123/><U125/><E73/><V36/><F124/><N who="0" m="47658" /><D116/><U97/><E50/><V87/><F99/><W48/><G121/><T83/><D106/><U61/><E18/><V28/><F28/><W29/><G48/><T57/><D27/><U96/><E84/><V131/><F131/><W3/><G3/><T55/><D13/><U12/><E12/><V71/><F71/><W63/><G134/><T58/><D45/><U129/><E97/><V78/><F46/><W104/><G111/><T94/><D94/><U135/><E30/><V132/><F132/><W9/><G9/><T54/><D64/><U1/><E0/><V23/><F23/><W42/><G104/><T25/><D25/><U51/><E1/><V15/><F109/><W10/><G10/><T11/><D11/><U133/><E135/><V88/><F87/><W130/><G130/><T33/><D33/><U112/><E129/><V4/><F78/><W17/><G32/><T110/><D110/><U5/><E133/><V6/><F122/><W107/><G107/><T7/><D7/><U118/><E5/><V80/><REACH who="2" step="1"/><F120/><REACH who="2" step="2"/><W59/><G70/><T22/><D22/><U89/><E108/><V47/><F47/><W103/><G68/><T44/><D44/><U24/><E125/><V93/><F93/><W95/><G95/><T67/><D58/><U77/><E118/><V66/><F66/><W26/><G59/><N who="0" m="34935" /><D67/><U117/><E117/><V14/><F14/><W39/><G31/><T40/><D40/><U90/><E35/><V128/><F128/><RYUUKYOKU ba="0,1" sc="318,15,182,-15,211,15,279,-15" hai0="55,57,76,79,83,85,91" hai2="4,6,15,16,20,36,37,38,53,56,80,86,88" /><INIT seed="2,1,1,2,5,39" ten="333,167,226,264" oya="2" hai0="61,35,58,16,67,53,135,51,63,92,125,10,3" hai1="57,2,75,37,52,82,85,17,121,71,19,96,24" hai2="80,131,114,113,126,112,22,55,50,41,127,77,101" hai3="100,118,65,132,130,45,14,38,18,78,20,62,30"/><V110/><F101/><W7/><G118/><T129/><D35/><U119/><E121/><V79/><F22/><W105/><G130/><T47/><D135/><U44/><E71/><V128/><F41/><W87/><G132/><T76/><D129/><N who="2" m="49738" /><F110/><W120/><G120/><T104/><D104/><U28/><E2/><V84/><F55/><W97/><G7/><T93/><D125/><N who="2" m="47626" /><F50/><W115/><G38/><T9/><D76/><AGARI ba="1,1" hai="76,77,79,80,84,112,113,114" m="47626,49738" machi="76" ten="40,12000,1" yaku="19,1,18,1,34,2" doraHai="39" who="2" fromWho="0" sc="333,-123,167,0,226,133,264,0" /><INIT seed="2,2,0,3,2,67" ten="210,167,359,264" oya="2" hai0="34,68,28,15,21,35,123,69,66,127,2,57,20" hai1="17,45,105,62,22,93,29,48,27,78,89,70,99" hai2="118,50,47,88,97,41,107,23,75,110,116,98,101" hai3="24,37,19,8,125,10,130,117,73,115,55,76,113"/><V54/><F75/><W61/><G117/><T46/><D123/><U60/><E105/><V80/><F110/><W14/><G37/><T25/><D2/><U134/><E134/><V79/><F41/><W108/><G108/><T49/><D127/><U114/><E114/><N who="3" m="43530" /><G125/><T83/><D83/><U43/><E70/><V96/><F118/><W36/><G36/><T132/><D132/><U63/><E78/><V71/><F71/><W82/><G130/><T72/><D72/><U31/><AGARI ba="2,0" hai="17,22,27,29,31,43,45,48,60,62,63,89,93,99" machi="31" ten="30,2000,0" yaku="0,1,8,1" doraHai="67" who="1" fromWho="1" sc="210,-7,167,26,359,-12,264,-7" /><INIT seed="3,0,0,3,4,2" ten="203,193,347,257" oya="3" hai0="6,84,35,122,37,62,83,132,121,112,61,106,131" hai1="63,33,58,78,127,49,55,48,13,3,118,52,1" hai2="51,135,25,108,15,29,64,5,120,17,82,74,47" hai3="0,26,71,117,57,42,46,24,70,76,114,111,54"/><W77/><G0/><T81/><D106/><U7/><E33/><V94/><F120/><W87/><G117/><T86/><D35/><U98/><E127/><V116/><F64/><W66/><G114/><T110/><D112/><U28/><E28/><V50/><F116/><W119/><G119/><T134/><D37/><U109/><E109/><V40/><F108/><W27/><G111/><T10/><D110/><U89/><E78/><V133/><F94/><W38/><G87/><T67/><D131/><U115/><E115/><V30/><F51/><N who="3" m="30943" /><G71/><T97/><D97/><U39/><E39/><V65/><F65/><W125/><G125/><T12/><D84/><U34/><E34/><V45/><F45/><W75/><G75/><T73/><D73/><U22/><E3/><V19/><F82/><N who="0" m="31242" /><D86/><U90/><E1/><V60/><F74/><W32/><G32/><T93/><D93/><U8/><E118/><V103/><F103/><W56/><G56/><N who="0" m="37287" /><D62/><AGARI ba="0,0" hai="24,26,27,38,42,46,62,66,70,76,77" m="30943" machi="62" ten="30,1500,0" yaku="24,1" doraHai="2" who="3" fromWho="0" sc="203,-15,193,0,347,0,257,15" /><INIT seed="3,1,0,1,0,68" ten="188,193,347,272" oya="3" hai0="86,5,82,32,40,80,79,123,51,73,26,35,131" hai1="22,72,91,25,14,33,83,16,69,44,2,93,4" hai2="74,98,52,85,31,13,38,108,65,58,8,130,24" hai3="97,19,23,115,107,17,71,104,76,63,43,81,96"/><W120/><G120/><T105/><D123/><U102/><E69/><V61/><F74/><W66/><G115/><T95/><D131/><U128/><E128/><V18/><F130/><W67/><G43/><T15/><D105/><U6/><E102/><V42/><F108/><W87/><G66/><T125/><D125/><U60/><E60/><V122/><F122/><W29/><G29/><T41/><D95/><U109/><E109/><V92/><F85/><W111/><G111/><T127/><D127/><U112/><E72/><V106/><F106/><W56/><G71/><T100/><D100/><U118/><E83/><V121/><F121/><W89/><G19/><T103/><D103/><U47/><E118/><V57/><F42/><W70/><G70/><T1/><D1/><U94/><E94/><V34/><F38/><W119/><G119/><T88/><D40/><U9/><E6/><V77/><F77/><W46/><G46/><T62/><D62/><U90/><E90/><V84/><F84/><N who="3" m="48167" /><G107/><T124/><D124/><U49/><E49/><V48/><F92/><N who="3" m="54335" /><G104/><T0/><D0/><U75/><E75/><V45/><F98/><W10/><G10/><N who="0" m="4559" /><D41/><U50/><E50/><V39/><F39/><W132/><G132/><T129/><D51/><U27/><E112/><V99/><F99/><W30/><G30/><N who="0" m="19543" /><D129/><U110/><E110/><V78/><F78/><W134/><G134/><T55/><D35/><U12/><E2/><V64/><F61/><W59/><G59/><T135/><D135/><U20/><E33/><V11/><F58/><W54/><G67/><N who="2" m="25673" /><F57/><W53/><G53/><AGARI ba="1,0" hai="53,55,73,79,80,82,86,88" m="19543,4559" machi="53" ten="30,2000,0" yaku="6,1,54,1" doraHai="68" who="0" fromWho="3" sc="188,23,193,0,347,0,272,-23" /><INIT seed="4,0,0,3,0,14" ten="211,193,347,249" oya="0" hai0="99,100,22,54,26,128,106,88,98,108,115,68,17" hai1="104,84,2,16,37,112,122,92,59,94,111,87,89" hai2="118,74,55,41,35,1,82,117,18,45,103,5,53" hai3="78,40,77,28,13,76,33,120,51,116,24,123,110"/><T125/><D115/><U52/><E111/><V67/><F35/><W133/><G110/><T47/><D108/><U134/><E2/><V119/><F103/><W73/><G116/><T46/><D128/><U6/><E6/><V124/><F67/><W58/><G133/><T25/><D125/><U36/><E104/><V42/><F124/><W93/><G93/><T127/><D127/><U4/><E4/><V49/><F1/><W63/><G13/><T83/><D68/><U50/><E122/><N who="3" m="46634" /><G73/><T72/><D26/><U32/><E32/><V130/><F5/><W65/><G77/><T21/><D21/><U0/><E0/><V39/><F82/><W102/><G102/><T66/><D66/><U8/><E134/><V29/><F29/><W15/><G15/><T135/><D135/><U11/><E112/><V109/><F74/><W70/><G70/><T71/><D71/><U90/><E8/><V80/><F80/><W38/><G38/><T64/><D64/><U43/><E43/><N who="2" m="22783" /><F18/><W75/><G75/><T132/><D132/><U27/><E11/><V30/><F30/><W3/><G3/><T85/><D72/><U96/><E96/><V129/><F109/><W97/><G97/><T121/><D121/><U56/><E59/><N who="2" m="33199" /><F55/><W61/><G28/><T86/><D98/><U12/><E12/><V114/><F114/><W79/><G33/><T126/><D126/><U81/><E81/><V9/><F9/><W57/><G65/><T69/><D85/><U48/><E50/><V10/><F10/><W60/><G51/><N who="0" m="29047" /><D69/><U95/><E94/><V34/><F34/><RYUUKYOKU ba="0,0" sc="211,10,193,10,347,10,249,-30" hai0="17,22,25,47,83,86,88,99,100,106" hai1="16,27,36,37,48,52,56,84,87,89,90,92,95" hai2="41,42,117,118,119,129,130" /><INIT seed="4,1,0,0,0,123" ten="221,203,357,219" oya="0" hai0="15,39,10,103,31,97,41,37,52,59,46,74,68" hai1="115,50,109,62,20,89,11,127,120,94,101,45,104" hai2="100,96,92,3,116,80,35,29,2,58,25,78,114" hai3="34,54,63,5,107,12,113,75,26,132,81,93,28"/><T30/><D74/><U102/><E120/><V13/><F116/><W56/><G107/><T1/><D39/><U91/><E104/><V43/><F114/><W65/><G132/><T60/><D1/><U8/><E109/><V23/><F43/><W42/><G113/><T98/><D68/><U77/><E77/><V122/><F122/><W6/><G42/><T86/><D86/><U27/><E127/><V18/><REACH who="2" step="1"/><F58/><REACH who="2" step="2"/><W84/><G56/><T72/><D72/><AGARI ba="1,1" hai="2,3,13,18,23,25,29,35,72,78,80,92,96,100" machi="72" ten="30,3900,0" yaku="1,1,2,1,7,1,53,0" doraHai="123" doraHaiUra="61" who="2" fromWho="0" sc="221,-42,203,0,347,52,219,0" /><INIT seed="5,0,0,2,3,54" ten="179,203,399,219" oya="1" hai0="76,66,100,107,67,102,1,99,78,25,80,47,58" hai1="124,62,41,60,96,64,36,103,44,105,86,52,119" hai2="93,34,135,39,21,27,117,7,57,37,73,113,32" hai3="13,122,130,12,43,35,19,38,2,14,56,30,132"/><U5/><E124/><V51/><F73/><W22/><G122/><T10/><D102/><U40/><E119/><V45/><F117/><W16/><G2/><T95/><D107/><U82/><E41/><V63/><F7/><W9/><G132/><T53/><D47/><U108/><E108/><V77/><F135/><W106/><G106/><T59/><D1/><U88/><E64/><N who="0" m="24617" /><D10/><U69/><E69/><V110/><F110/><W0/><G43/><T89/><D25/><U133/><E133/><V20/><F77/><N who="0" m="29802" /><D53/><U131/><E131/><V129/><F129/><W112/><G130/><T46/><D46/><U18/><E5/><V42/><F20/><W126/><G22/><T83/><D100/><U81/><E82/><AGARI ba="0,0" hai="58,59,80,82,83,89,95,99" m="29802,24617" machi="82" ten="30,3900,0" yaku="8,1,52,2" doraHai="54" who="0" fromWho="1" sc="179,39,203,-39,399,0,219,0" /><INIT seed="6,0,0,4,3,14" ten="218,164,399,219" oya="2" hai0="35,56,69,78,111,63,70,17,84,66,117,72,130" hai1="52,118,7,12,21,57,10,51,90,135,50,34,39" hai2="2,16,76,9,82,36,28,71,59,1,38,27,74" hai3="80,15,102,40,99,19,116,96,89,73,53,58,126"/><V95/><F71/><W32/><G116/><T79/><D111/><U4/><E118/><V129/><F129/><W115/><G32/><T45/><D117/><U87/><E34/><V11/><F1/><W134/><G40/><T55/><D35/><U0/><E39/><V29/><F29/><W85/><G115/><T127/><D130/><U132/><E4/><V109/><F109/><W33/><G33/><T48/><D127/><U91/><E0/><V49/><F11/><N who="3" m="6655" /><G126/><T123/><D123/><U18/><E51/><V60/><F49/><N who="3" m="31023" /><G73/><T23/><D72/><U54/><E54/><V62/><F95/><W106/><G134/><N who="1" m="51242" /><E87/><V68/><F62/><W121/><G121/><T6/><D6/><U43/><E43/><V104/><F104/><W3/><G3/><T8/><D8/><U120/><E120/><V100/><F100/><W98/><G106/><T41/><D84/><U75/><E75/><V46/><F68/><W24/><G102/><T133/><D70/><U107/><E107/><V122/><F122/><W114/><G114/><T86/><D86/><U44/><E44/><V97/><F97/><W64/><G64/><T31/><D133/><U61/><E61/><V125/><F125/><W5/><G5/><T103/><D103/><U26/><AGARI ba="0,0" hai="7,10,12,18,21,26,50,52,57,90,91" m="51242" machi="26" ten="30,4000,0" yaku="20,1,52,1,54,1" doraHai="14" who="1" fromWho="1" sc="218,-10,164,40,399,-20,219,-10" /><INIT seed="7,0,0,4,0,84" ten="208,204,379,209" oya="3" hai0="52,112,105,25,12,109,57,41,82,90,58,31,124" hai1="34,70,38,72,101,62,95,117,110,99,27,26,98" hai2="59,78,54,63,73,97,29,67,64,22,85,92,100" hai3="71,89,104,130,37,120,126,83,133,43,74,40,75"/><W24/><G120/><T123/><D105/><U61/><E72/><V125/><F73/><W0/><G104/><T113/><D123/><U93/><E110/><V111/><F111/><W69/><G0/><T13/><D109/><U36/><E117/><V33/><F33/><W35/><G89/><T121/><D124/><U76/><E76/><V119/><F119/><W18/><G18/><T47/><D121/><U65/><E61/><V108/><F125/><W122/><G122/><T28/><D90/><U53/><E53/><V39/><F39/><W6/><G6/><T80/><D41/><U42/><E34/><V68/><F68/><N who="3" m="26187" /><G43/><T2/><D2/><U106/><E106/><V14/><F108/><W8/><G8/><T128/><D128/><U107/><E107/><V94/><F29/><N who="0" m="11338" /><D25/><U5/><E5/><V66/><F22/><W1/><G1/><T118/><D118/><U127/><E127/><V131/><F14/><N who="0" m="5738" /><D47/><N who="1" m="24007" /><E38/><V102/><F131/><W48/><G126/><T7/><D7/><U60/><E62/><V9/><F9/><W19/><G130/><T46/><D46/><U21/><E21/><V87/><F78/><N who="3" m="44503" /><G35/><T88/><D88/><U51/><E51/><V129/><F129/><W135/><G48/><N who="0" m="30855" /><D58/><U55/><E55/><V56/><F56/><W15/><G24/><T11/><D11/><U44/><E44/><V134/><F87/><W115/><G75/><T49/><D49/><U81/><E81/><V4/><F4/><W3/><G3/><T30/><N who="0" m="11346" /><T16/><DORA hai="20" /><D16/><U86/><E86/><V96/><F85/><W32/><G32/><RYUUKYOKU ba="0,0" sc="208,10,204,10,379,10,209,-30" hai0="80,82,112,113" hai1="26,27,60,65,70,93,95,98,99,101" hai2="54,59,63,64,66,67,92,94,96,97,100,102,134" owari="218,2,214,-19,389,49,179,-32" /></mjloggm>