<mjloggm ver="2.3"><GO type="97"/><UN n0="%E5%8C%97%E3%81%AE%E3%83%AC%E3%82%AC%E3%83%AA%E3%82%A2" n1="%66%69%63%65" n2="%E3%81%A1%E3%81%87%E3%81%A3%E3%81%8B%E3%83%BC%E3%81%9A" n3="%EF%BC%88%E2%89%A7%E2%96%BD%E2%89%A6%EF%BC%89" dan="13,14,15,15" rate="1918,1972,1916,2010" sx="F,M,M,M"/><TAIKYOKU oya="0"/><INIT seed="0,0,0,0,2,24" ten="250,250,250,250" oya="0" hai0="94,43,59,19,15,65,63,131,66,58,108,28,32" hai1="50,77,0,6,121,78,112,48,37,16,21,82,92" hai2="85,90,18,120,116,51,8,73,44,70,12,30,62" hai3="49,2,57,41,98,103,45,99,91,54,96,133,124"/><T109/><D131/><U27/><E121/><V134/><F73/><W40/><G133/><T84/><D43/><U71/><E112/><V10/><F120/><W56/><G124/><T128/><D128/><U110/><E37/><V95/><F134/><W72/><G72/><T105/><D105/><U111/><E71/><V39/><F39/><W74/><G74/><T86/><D94/><U115/><E92/><V7/><F116/><W61/><G2/><T100/><D100/><U75/><E78/><V114/><F114/><W106/><G40/><T81/><D15/><U83/><E83/><V11/><F7/><W36/><REACH who="3" step="1"/><G91/><REACH who="3" ten="250,250,250,240" step="2"/><T67/><D19/><U17/><E17/><V79/><F79/><W76/><G76/><T34/><D81/><U122/><E115/><V64/><REACH who="2" step="1"/><F30/><REACH who="2" ten="250,250,240,240" step="2"/><W22/><G22/><T1/><D28/><U89/><E122/><V104/><F104/><W29/><G29/><T26/><D1/><U60/><E0/><V38/><F38/><W69/><G69/><T33/><D26/><U126/><E126/><V3/><F3/><W25/><G25/><T80/><D80/><U119/><E27/><V101/><F101/><W123/><G123/><T118/><D118/><U87/><E77/><V4/><F4/><W35/><G35/><T117/><D117/><U42/><E6/><V53/><AGARI ba="0,2" hai="8,10,11,12,18,44,51,53,62,64,70,85,90,95" machi="53" ten="20,5200,0" yaku="1,1,0,1,7,1,53,1" doraHai="24" doraHaiUra="13" who="2" fromWho="2" sc="250,-26,250,-13,240,72,240,-13" /><INIT seed="1,0,0,2,5,76" ten="224,237,312,227" oya="1" hai0="84,16,132,72,80,102,83,21,31,46,17,112,123" hai1="34,107,26,61,124,27,35,82,130,115,77,8,92" hai2="48,54,127,53,24,67,40,49,75,56,10,42,29" hai3="114,12,89,87,81,7,94,78,13,95,3,19,110"/><U106/><E115/><V90/><F75/><W93/><G114/><T128/><D123/><U70/><E130/><V25/><F127/><W50/><G110/><T37/><D112/><U55/><E124/><V11/><F67/><W120/><G120/><T66/><D66/><U79/><E92/><V1/><F1/><W63/><G63/><T135/><D102/><U32/><E8/><N who="2" m="3115" /><F90/><W122/><G122/><T59/><D59/><U104/><E55/><V62/><F62/><W74/><G3/><T126/><D126/><U57/><E57/><N who="2" m="32935" /><F29/><W51/><G7/><T101/><D101/><U58/><E58/><V86/><F86/><W133/><G133/><N who="0" m="51275" /><D128/><U65/><REACH who="1" step="1"/><E79/><REACH who="1" ten="224,227,312,227" step="2"/><V23/><F56/><W134/><G134/><T36/><D46/><U15/><E15/><V108/><F54/><W68/><G12/><T88/><D37/><U119/><E119/><V6/><F42/><W113/><G113/><T111/><D36/><U117/><E117/><V18/><F40/><W45/><G45/><T14/><D14/><U85/><AGARI ba="0,1" hai="26,27,32,34,35,61,65,70,77,82,85,104,106,107" machi="85" ten="40,7800,0" yaku="1,1,0,1,52,1,53,0" doraHai="76" doraHaiUra="69" who="1" fromWho="1" sc="224,-26,227,88,312,-26,227,-26" /><INIT seed="1,1,0,0,3,14" ten="198,315,286,201" oya="1" hai0="66,133,36,61,134,49,46,0,91,37,101,57,86" hai1="93,15,62,18,124,55,69,67,54,41,50,42,127" hai2="96,131,129,112,21,26,31,111,5,100,60,4,24" hai3="130,25,76,119,94,8,98,80,51,45,117,104,73"/><U48/><E93/><V23/><F60/><W72/><G130/><N who="2" m="49673" /><F111/><W92/><G8/><T88/><D0/><U121/><E15/><V135/><F135/><N who="0" m="51722" /><D101/><U13/><E13/><V20/><F20/><W53/><G73/><T128/><D128/><U32/><E18/><N who="2" m="12343" /><F112/><W105/><G92/><AGARI ba="1,0" hai="4,5,23,26,31,92,96,100" m="12343,49673" machi="92" ten="30,2000,0" yaku="19,1,52,1" doraHai="14" who="2" fromWho="3" sc="198,0,315,0,286,23,201,-23" /><INIT seed="2,0,0,4,4,76" ten="198,315,309,178" oya="2" hai0="32,124,104,97,27,123,110,13,63,20,125,42,16" hai1="89,40,111,35,81,122,60,56,115,34,38,75,44" hai2="6,61,121,126,65,53,15,48,134,132,37,31,103" hai3="87,128,18,0,84,88,62,91,45,52,112,107,96"/><V39/><F121/><W73/><G73/><T55/><D123/><U21/><E122/><V127/><F31/><W135/><G0/><T28/><D42/><U117/><E117/><V130/><F15/><W51/><G135/><N who="2" m="51753" /><F6/><W93/><G128/><T72/><D72/><U43/><E111/><V80/><F80/><N who="3" m="49159" /><G107/><T25/><D25/><U129/><E129/><V23/><F23/><W85/><G112/><T46/><D110/><U133/><E133/><V83/><F83/><W49/><G62/><T131/><D131/><U108/><E108/><V68/><F103/><W70/><G70/><T9/><D97/><U71/><E71/><V12/><F12/><W102/><G102/><T59/><D104/><U3/><E3/><V99/><F99/><W74/><G74/><T77/><D77/><U19/><E115/><V118/><F118/><W1/><G1/><T78/><D78/><U36/><E75/><V8/><F8/><W100/><G100/><T113/><D113/><U2/><E2/><V64/><F64/><W54/><G18/><T33/><REACH who="0" step="1"/><D46/><AGARI ba="0,0" hai="45,46,49,51,52,54,85,87,91,93,96" m="49159" machi="46" ten="30,7700,0" yaku="8,1,52,1,54,2" doraHai="76" who="3" fromWho="0" sc="198,-77,315,0,309,0,178,77" /><INIT seed="3,0,0,0,4,104" ten="121,315,309,255" oya="3" hai0="21,14,19,125,7,51,36,50,75,60,71,112,108" hai1="48,4,93,91,59,43,63,86,87,90,20,101,29" hai2="74,34,26,123,121,124,126,105,95,24,119,66,2" hai3="15,92,113,117,6,110,18,49,5,58,107,132,53"/><W130/><G117/><T98/><D112/><U115/><E115/><V79/><F105/><W25/><G107/><T88/><D125/><N who="2" m="48234" /><F2/><W52/><G113/><T102/><D108/><U80/><E4/><V128/><F119/><W99/><G110/><T1/><D36/><U83/><E43/><V30/><F128/><W35/><G130/><T134/><D134/><U129/><E129/><V133/><F133/><W37/><G37/><T109/><D109/><U64/><E48/><V122/><F66/><W84/><G132/><T67/><D102/><U27/><E101/><V31/><F95/><AGARI ba="0,0" hai="20,27,29,59,63,64,80,83,86,87,90,91,93,95" machi="95" ten="30,3900,0" yaku="7,1,9,1,8,1" doraHai="104" who="1" fromWho="2" sc="121,0,315,39,309,-39,255,0" owari="121,-38.0,354,45.0,270,7.0,255,-14.0" /></mjloggm>