<mjloggm ver="2.3"><GO type="41"/><UN n0="%64%61%6E" n1="%50%69%6E" n2="%6D%61%2D%63%68%61%6E" n3="%E3%82%A6%E3%83%AB%E3%83%88%E3%83%A9%E7%AB%8B%E7%9B%B4" dan="15,15,14,15" rate="2029,1996,1854,2001" sx="M,M,M,M"/><TAIKYOKU oya="0"/><INIT seed="0,0,0,2,1,68" ten="250,250,250,250" oya="0" hai0="87,86,94,114,109,7,107,77,98,93,4,102,133" hai1="61,91,16,2,74,47,88,65,31,59,35,128,26" hai2="23,76,70,67,49,112,123,108,84,71,64,11,80" hai3="53,29,79,33,92,75,96,39,90,81,63,60,9"/><T111/><D114/><U15/><E2/><V62/><F112/><W134/><G134/><T57/><D133/><U118/><E74/><V54/><F123/><W56/><G29/><T0/><D0/><U119/><E128/><V72/><F108/><N who="0" m="41546" /><D57/><U97/><E47/><V30/><F11/><W103/><G33/><T106/><D4/><U27/><E27/><V50/><F54/><W42/><G9/><T127/><D7/><U55/><E65/><V121/><F121/><W113/><G113/><T14/><D14/><U115/><E115/><V130/><F130/><W122/><G122/><T69/><D69/><U6/><E6/><V99/><F72/><W36/><G63/><T82/><D127/><U34/><E34/><V124/><F124/><W32/><G32/><T104/><D93/><U25/><E25/><V73/><F73/><AGARI ba="0,0" hai="73,77,82,86,87,94,98,102,104,106,107" m="41546" machi="73" ten="40,12000,1" yaku="14,1,10,1,34,2" doraHai="68" who="0" fromWho="2" sc="250,120,250,0,250,-120,250,0" /><INIT seed="0,1,0,0,3,127" ten="370,250,130,250" oya="0" hai0="25,36,12,64,108,39,92,52,115,11,18,74,79" hai1="50,120,61,130,81,119,87,97,69,111,3,78,98" hai2="60,109,132,23,30,20,94,31,62,82,110,16,121" hai3="114,116,68,51,88,93,117,28,27,35,72,24,66"/><T135/><D115/><U26/><E3/><V129/><F121/><W47/><G72/><T126/><D126/><U29/><E120/><V49/><F132/><W131/><G114/><T75/><D64/><N who="1" m="41103" /><E119/><V118/><F118/><W19/><G66/><T41/><D135/><U73/><E87/><V76/><F94/><W15/><G68/><T133/><D133/><U113/><E50/><V99/><F99/><W77/><G77/><T37/><D41/><U56/><E56/><V13/><F49/><W83/><G24/><T65/><D65/><U91/><E91/><V123/><F123/><W44/><G44/><T103/><D108/><N who="2" m="41578" /><F129/><W71/><G71/><T46/><D79/><U70/><E70/><V128/><F128/><W67/><G67/><T43/><D52/><U63/><E63/><N who="2" m="24107" /><F23/><W9/><G131/><T107/><D107/><U125/><E98/><V89/><F89/><W21/><G21/><T100/><D25/><U112/><E130/><V22/><F22/><W80/><G80/><T57/><D57/><U38/><E111/><V85/><AGARI ba="1,0" hai="13,16,20,30,31,76,82,85" m="24107,41578" machi="85" ten="30,2000,0" yaku="14,1,54,1" doraHai="127" who="2" fromWho="2" sc="370,-11,250,-6,130,23,250,-6" /><INIT seed="1,0,0,3,1,77" ten="359,244,153,244" oya="1" hai0="29,126,64,85,76,83,16,5,36,112,100,123,87" hai1="91,68,108,130,6,89,51,56,53,79,128,26,99" hai2="1,69,39,86,96,134,30,97,44,109,90,94,88" hai3="93,49,113,25,14,47,62,46,80,118,10,115,23"/><U102/><E68/><V78/><F1/><W35/><G35/><T48/><D112/><U114/><E114/><V73/><F69/><W81/><G118/><T120/><D36/><U17/><E6/><V34/><F30/><N who="3" m="17727" /><G113/><T2/><D64/><U41/><E79/><V95/><F34/><W45/><G115/><T111/><D29/><U57/><E41/><V107/><F39/><W21/><G21/><T103/><D126/><U119/><E119/><V58/><F44/><N who="3" m="17003" /><G62/><T24/><D48/><U70/><E70/><V63/><F109/><W66/><G66/><T31/><D111/><U131/><E108/><V135/><F63/><W61/><G61/><T116/><D116/><U105/><E57/><V19/><F58/><W40/><G93/><T125/><D125/><U74/><E74/><V101/><F19/><AGARI ba="0,0" hai="10,14,19,40,47,49,80,81" m="17003,17727" machi="19" ten="30,3900,0" yaku="8,1,52,2" doraHai="77" who="3" fromWho="2" sc="359,0,244,0,153,-39,244,39" /><INIT seed="2,0,0,0,5,30" ten="359,244,114,283" oya="2" hai0="94,73,68,135,83,105,0,82,48,66,89,81,67" hai1="86,98,92,55,123,76,100,85,65,112,77,34,133" hai2="60,109,117,49,70,69,8,71,28,37,27,113,91" hai3="36,39,74,50,38,121,24,53,46,35,18,31,87"/><V125/><F113/><W78/><G121/><T17/><D0/><U95/><E112/><V16/><F117/><W80/><REACH who="3" step="1"/><G18/><REACH who="3" ten="359,244,114,273" step="2"/><T42/><D17/><U23/><E123/><V110/><F37/><W26/><G26/><T72/><D135/><U22/><E65/><N who="2" m="41127" /><F125/><W93/><G93/><T99/><D105/><U118/><E118/><V75/><F75/><AGARI ba="0,1" hai="24,31,35,36,38,39,46,50,53,74,75,78,80,87" machi="75" ten="40,2600,0" yaku="1,1,52,1,53,0" doraHai="30" doraHaiUra="9" who="3" fromWho="2" sc="359,0,244,0,114,-26,273,36" /><INIT seed="3,0,0,0,1,32" ten="359,244,88,309" oya="3" hai0="62,70,122,81,132,63,40,75,84,120,72,26,18" hai1="45,7,13,5,37,113,57,99,69,112,35,66,41" hai2="46,64,105,24,21,34,98,118,86,30,133,107,83" hai3="79,125,129,4,88,65,49,27,12,101,108,135,110"/><W76/><G101/><T58/><D70/><U131/><E35/><V52/><F133/><W50/><G135/><T103/><D132/><U116/><E116/><V36/><F118/><W6/><G65/><T123/><D40/><U117/><E69/><V38/><F64/><W17/><G27/><T90/><D103/><U77/><E117/><V60/><F34/><W48/><G125/><T47/><D47/><U82/><E131/><V104/><F98/><W53/><G53/><T109/><D109/><N who="3" m="42089" /><G129/><T61/><D58/><U31/><E31/><V39/><F60/><W106/><G106/><T93/><D26/><U44/><E99/><V124/><F124/><W71/><G71/><T56/><D56/><U23/><E45/><V134/><F134/><W102/><G102/><T14/><REACH who="0" step="1"/><D93/><REACH who="0" ten="349,244,88,309" step="2"/><U114/><E57/><V68/><F68/><W97/><G6/><T10/><AGARI ba="0,1" hai="10,14,18,61,62,63,72,75,81,84,90,120,122,123" machi="10" ten="40,5200,0" yaku="1,1,2,1,0,1,53,0" doraHai="32" doraHaiUra="74" who="0" fromWho="0" sc="349,62,244,-13,88,-13,309,-26" /><INIT seed="4,0,0,2,5,48" ten="411,231,75,283" oya="0" hai0="32,27,127,2,83,87,44,63,47,43,100,69,38" hai1="104,84,54,16,39,24,92,0,122,86,78,93,72" hai2="126,134,98,28,133,36,45,8,135,42,121,132,41" hai3="61,71,51,65,108,62,22,81,66,20,103,128,115"/><T105/><D127/><U52/><E0/><V35/><F121/><W30/><G108/><T56/><D2/><U34/><E39/><V85/><F42/><W114/><G103/><T74/><D74/><U112/><E104/><V31/><F126/><W40/><G30/><T124/><D124/><U113/><E72/><V82/><F35/><W6/><G6/><T88/><D69/><U11/><E34/><V91/><N who="2" m="34304" /><DORA hai="130" /><V26/><F26/><W9/><G9/><T76/><D47/><U90/><E122/><V75/><F75/><W68/><G81/><T102/><D105/><U13/><E24/><V117/><F117/><W7/><G7/><T57/><D57/><U3/><E3/><V5/><REACH who="2" step="1"/><F98/><REACH who="2" ten="411,231,65,283" step="2"/><W58/><G40/><T97/><D32/><U101/><E101/><V111/><F111/><W23/><G128/><T60/><D27/><U131/><E131/><V55/><F55/><AGARI ba="0,1" hai="20,22,23,51,55,58,61,62,65,66,68,71,114,115" machi="55" ten="40,2600,0" yaku="9,1,52,1" doraHai="48,130" who="3" fromWho="2" sc="411,0,231,0,65,-26,283,36" /><INIT seed="5,0,0,3,5,104" ten="411,231,39,319" oya="1" hai0="55,115,15,37,51,44,67,103,43,101,73,60,100" hai1="42,116,126,102,129,4,123,68,65,58,62,23,50" hai2="17,117,75,38,48,74,39,47,33,13,28,49,92" hai3="14,66,112,34,87,27,9,114,21,6,96,69,128"/><U24/><E116/><V106/><F117/><W61/><G128/><T85/><D115/><U82/><E129/><V30/><F106/><W108/><G108/><T8/><D85/><U18/><E126/><V45/><F92/><W134/><G134/><T132/><D132/><U36/><E123/><V78/><F13/><W25/><G87/><T1/><D1/><U41/><E102/><V133/><F133/><W72/><G96/><T79/><D79/><U121/><E121/><V89/><F78/><W86/><G86/><T81/><D81/><U2/><E82/><V53/><F89/><W20/><G34/><T12/><D73/><N who="2" m="27658" /><F17/><W56/><G72/><T77/><D77/><U16/><E2/><V0/><F0/><W109/><G109/><T7/><D15/><U31/><E4/><V46/><F53/><W118/><G118/><T32/><D32/><U125/><E125/><V63/><F63/><W84/><G84/><T29/><D29/><N who="2" m="11370" /><F33/><W83/><G83/><T99/><D99/><U88/><E42/><V80/><F80/><W94/><G94/><T35/><D35/><U122/><E122/><V76/><F76/><W110/><G110/><T11/><D11/><U111/><E111/><V107/><F107/><W90/><G90/><T95/><D95/><U105/><E105/><V119/><F119/><W5/><G14/><T91/><D91/><U127/><E127/><V120/><F120/><W26/><G9/><T135/><D135/><U19/><E88/><V70/><F70/><W98/><G69/><N who="0" m="42215" /><D103/><U113/><E68/><V52/><F52/><W22/><G98/><RYUUKYOKU ba="0,0" sc="411,10,231,-30,39,10,319,10" hai0="7,8,12,37,43,44,51,55,100,101" hai2="38,39,45,46,47,48,49" hai3="5,6,20,21,22,25,26,27,56,61,66,112,114" /><INIT seed="6,1,0,3,0,132" ten="421,201,49,329" oya="2" hai0="63,105,6,54,5,103,43,82,62,76,46,7,52" hai1="77,80,1,49,123,84,133,126,130,121,86,17,94" hai2="79,117,70,2,35,108,61,106,3,95,78,85,41" hai3="88,120,27,18,102,100,81,74,32,50,131,64,73"/><V40/><F117/><W48/><G120/><N who="1" m="46154" /><E1/><V110/><F106/><W71/><G131/><T92/><D105/><U68/><E68/><V97/><F35/><W12/><G71/><T59/><D103/><N who="3" m="39465" /><G74/><T75/><D92/><U135/><E17/><V118/><F118/><W93/><G73/><T37/><D5/><U112/><E49/><N who="3" m="19050" /><G27/><T128/><D128/><U99/><E130/><V116/><F116/><W31/><G31/><T67/><D54/><U29/><E29/><V24/><F24/><W127/><G32/><T72/><D75/><N who="1" m="43071" /><E126/><V90/><F70/><AGARI ba="1,0" hai="6,7,37,43,46,52,59,62,63,67,70,72,76,82" machi="70" ten="30,2000,0" yaku="7,1,54,1" doraHai="132" who="0" fromWho="2" sc="421,23,201,0,49,-23,329,0" /><INIT seed="7,0,0,5,1,24" ten="444,201,26,329" oya="3" hai0="3,28,19,106,68,123,23,30,13,34,125,102,16" hai1="128,22,135,42,131,41,97,98,53,12,39,94,109" hai2="89,2,67,62,5,27,101,75,1,113,47,103,116" hai3="122,15,111,86,60,85,126,48,69,118,18,38,124"/><W129/><G38/><T96/><D123/><U119/><E53/><V11/><F116/><W50/><G122/><T37/><D37/><U120/><E94/><V51/><F113/><W84/><G118/><T112/><D3/><U74/><E119/><V77/><F1/><W64/><G111/><T57/><D68/><U105/><E120/><V114/><F114/><W25/><G25/><T130/><D34/><U6/><E22/><V21/><F89/><W17/><G129/><T115/><D115/><U121/><E12/><V91/><F91/><W72/><G72/><T70/><D70/><U56/><E56/><V110/><F110/><W9/><REACH who="3" step="1"/><G18/><REACH who="3" ten="444,201,26,319" step="2"/><T65/><D112/><U40/><E109/><V7/><F75/><W59/><G59/><T107/><D130/><U83/><E121/><V44/><F5/><W134/><G134/><T73/><D73/><U8/><E39/><V14/><F2/><W81/><G81/><T43/><D57/><U33/><E135/><V92/><F47/><W78/><G78/><T55/><D19/><U58/><E58/><V66/><F77/><W63/><G63/><T20/><D16/><U0/><E83/><V87/><F62/><W35/><G35/><T10/><D65/><U29/><E74/><V49/><F67/><W76/><G76/><T61/><D61/><U82/><E82/><V117/><F66/><W52/><G52/><T54/><D54/><U95/><E131/><V127/><F117/><W71/><G71/><T90/><D55/><U32/><E128/><V36/><F36/><W88/><G88/><T79/><D90/><RYUUKYOKU ba="0,1" sc="444,-10,201,-10,26,-10,319,30" hai3="9,15,17,48,50,60,64,69,84,85,86,124,126" /><INIT seed="7,1,1,0,2,82" ten="434,191,16,349" oya="3" hai0="18,100,39,93,31,119,60,2,19,71,115,7,20" hai1="41,52,91,103,0,108,113,14,84,77,43,127,56" hai2="45,16,66,57,23,48,131,80,122,118,123,106,58" hai3="135,117,13,34,53,133,94,121,47,3,64,35,76"/><W50/><G3/><T33/><D39/><U62/><E0/><V114/><F106/><W124/><G121/><T128/><D119/><U95/><E108/><V26/><F118/><W55/><G117/><T78/><D78/><U73/><E127/><V105/><F105/><W4/><G124/><T79/><D79/><U59/><E113/><V67/><F114/><W69/><G76/><T30/><D33/><U6/><E103/><V125/><F131/><W81/><G81/><T110/><D110/><U22/><E73/><V109/><F125/><W42/><G94/><T86/><D115/><U68/><E68/><V92/><F109/><W46/><G34/><T28/><D7/><U36/><E36/><V126/><F126/><W99/><G99/><T87/><D2/><U132/><E132/><N who="3" m="50762" /><G35/><T97/><D128/><U61/><E77/><V21/><F123/><W70/><G4/><T49/><D19/><U15/><E15/><V107/><F122/><W27/><G13/><T11/><D11/><U134/><E134/><V129/><F107/><W102/><G102/><T29/><D29/><U38/><E38/><V74/><F129/><W96/><G96/><T72/><D72/><U101/><E101/><V51/><F74/><W40/><G27/><T8/><D8/><N who="1" m="4375" /><E22/><V24/><F92/><W111/><G111/><T104/><D104/><U83/><E83/><V32/><F80/><W120/><G120/><T112/><D112/><U63/><E63/><N who="2" m="38255" /><F32/><W44/><G69/><T116/><D116/><U17/><E17/><N who="2" m="12335" /><F45/><N who="3" m="17515" /><G42/><T75/><D75/><U85/><E85/><V65/><F58/><RYUUKYOKU ba="1,1" sc="434,-30,191,10,16,10,349,10" hai1="41,43,52,56,59,61,62,84,91,95" hai2="16,23,26,48,51,65,67" hai3="40,47,50,53,55,64,70" /><INIT seed="7,2,1,3,4,48" ten="404,201,26,359" oya="3" hai0="37,58,77,22,101,66,118,115,106,79,127,111,91" hai1="112,42,124,19,21,23,47,125,0,82,73,128,3" hai2="53,12,49,17,99,24,68,97,41,108,50,76,27" hai3="7,83,56,135,13,119,2,46,78,84,86,70,80"/><W129/><G70/><T52/><D37/><U59/><E59/><V51/><F108/><W67/><G2/><T85/><D111/><U20/><E82/><V133/><F68/><W44/><G119/><T120/><D118/><U122/><E73/><V60/><F133/><W87/><G135/><T32/><D32/><U63/><E63/><V62/><F76/><N who="3" m="46087" /><G129/><T105/><D120/><U123/><E47/><V18/><F41/><W117/><G117/><T81/><D66/><U109/><E42/><V102/><F102/><W26/><G26/><T110/><D110/><U8/><E109/><V107/><F107/><W28/><G28/><T89/><D127/><N who="1" m="48715" /><E128/><V126/><F126/><W31/><G31/><T35/><D35/><U92/><E92/><V121/><F53/><W30/><G30/><T38/><D38/><U131/><E131/><V132/><F132/><W114/><G86/><T1/><D1/><N who="1" m="587" /><E112/><V34/><F12/><AGARI ba="2,1" hai="8,12,19,20,21,23,122,123" m="587,48715" machi="12" ten="40,5200,0" yaku="18,1,34,2" doraHai="48" who="1" fromWho="2" sc="404,0,201,68,26,-58,359,0" owari="404,50.0,269,-13.0,-32,-53.0,359,16.0" /></mjloggm>