<mjloggm ver="2.3"><GO type="225"/><UN n0="%E3%83%9E%E3%83%9E%E3%81%94%E9%A3%AF%E3%81%BE%E3%81%A0%EF%BC%9F" n1="%E6%9C%80%E9%80%9F%E3%82%AF%E3%83%B3%E2%99%AA" n2="%E5%8F%8D%E9%99%BD%E5%AD%90%E3%81%95%E3%82%93" n3="%EF%BC%88%E2%89%A7%E2%96%BD%E2%89%A6%EF%BC%89" dan="17,18,16,16" rate="2310,2145,2109,2035" sx="M,F,M,M"/><TAIKYOKU oya="0"/><INIT seed="0,0,0,0,3,70" ten="250,250,250,250" oya="0" hai0="41,20,14,128,107,85,44,46,112,42,87,82,0" hai1="65,30,8,110,118,28,54,126,4,56,16,10,130" hai2="60,91,63,73,88,13,72,103,5,38,131,24,106" hai3="89,59,135,74,99,102,57,53,105,35,108,58,92"/><T93/><D0/><U51/><E118/><V104/><F13/><W40/><G35/><T116/><D107/><U50/><E110/><V79/><F24/><W48/><G108/><T31/><D116/><U132/><E132/><V21/><F21/><W18/><G135/><T19/><D112/><U95/><E130/><V52/><F5/><W100/><G74/><T80/><D31/><N who="1" m="11819" /><E126/><V121/><F79/><W67/><G40/><N who="0" m="15467" /><D128/><U76/><E4/><V23/><F131/><W33/><G33/><T11/><D11/><N who="1" m="4139" /><E65/><V47/><F23/><W2/><G2/><T62/><D62/><N who="1" m="36119" /><E76/><V83/><F121/><W115/><G115/><T1/><D1/><U6/><E6/><V9/><F9/><W32/><G32/><T34/><D34/><U66/><E66/><V127/><F127/><W86/><G67/><T113/><D113/><U26/><E95/><V133/><F133/><W39/><G39/><T75/><D75/><U45/><E45/><N who="0" m="17513" /><D93/><U36/><E36/><V114/><F47/><W129/><G129/><T43/><N who="0" m="15475" /><T3/><DORA hai="69" /><D3/><U109/><E109/><V120/><F38/><W122/><G122/><T27/><D14/><U29/><E29/><V25/><F120/><W123/><G123/><T55/><D55/><U94/><E94/><V7/><F114/><W22/><REACH who="3" step="1"/><G102/><REACH who="3" ten="250,250,250,240" step="2"/><T119/><D119/><U134/><E134/><V17/><F103/><W111/><G111/><T125/><D125/><U61/><E61/><V90/><F73/><W49/><G49/><T97/><D80/><U124/><E124/><V78/><F72/><W37/><G37/><RYUUKYOKU ba="0,1" sc="250,-15,250,15,250,-15,240,15" hai1="16,26,50,51" hai3="18,22,48,53,57,58,59,86,89,92,99,100,105" /><INIT seed="1,1,1,1,3,44" ten="235,265,235,255" oya="1" hai0="100,95,66,41,49,46,42,52,53,21,7,33,123" hai1="79,24,94,99,110,55,60,29,76,83,108,111,91" hai2="70,34,128,3,75,103,22,124,74,122,88,102,57" hai3="129,89,40,8,65,17,1,101,36,73,30,135,23"/><U4/><E4/><V86/><F122/><W13/><G73/><T72/><D33/><N who="1" m="20647" /><E83/><V68/><F3/><W37/><G101/><T67/><D72/><U121/><E121/><V28/><F34/><W78/><G78/><N who="1" m="29738" /><E55/><N who="0" m="21065" /><D123/><U16/><E16/><V104/><F104/><W31/><G17/><T64/><D41/><U51/><E51/><V11/><F28/><W61/><G31/><T106/><D106/><U19/><E19/><V50/><F11/><W20/><G8/><T113/><D113/><U77/><N who="1" m="29746" /><U80/><DORA hai="6" /><E80/><V26/><F75/><W90/><G30/><T32/><D32/><U15/><E15/><V81/><F74/><W120/><G13/><T10/><D21/><U0/><E60/><V132/><F70/><W98/><G61/><T56/><D7/><U105/><E105/><V35/><F68/><W25/><G120/><T96/><D10/><U118/><E118/><V43/><F35/><W54/><G23/><T48/><D64/><U97/><E0/><V62/><F22/><W130/><G1/><T87/><D87/><AGARI ba="1,1" hai="87,91,94,97,99,108,110,111" m="29746,20647" machi="87" ten="40,3900,0" yaku="14,1,10,1" doraHai="44,6" who="1" fromWho="0" sc="235,-42,265,52,235,0,255,0" /><INIT seed="1,2,0,3,4,45" ten="193,317,235,255" oya="1" hai0="67,123,134,81,74,122,72,102,132,108,66,95,106" hai1="70,31,84,71,65,61,129,89,13,111,43,16,130" hai2="115,9,47,68,59,50,114,113,80,87,77,91,32" hai3="5,56,97,23,90,25,55,105,22,46,110,27,93"/><U28/><E43/><V96/><F32/><W35/><G110/><T30/><D30/><U63/><E111/><V53/><F68/><W94/><G105/><T44/><D44/><U37/><E37/><V41/><F9/><W92/><G5/><T128/><D66/><N who="1" m="41295" /><E84/><V118/><F118/><W2/><G2/><T15/><D67/><U3/><E89/><V69/><F69/><W60/><G35/><T88/><D15/><U17/><E3/><V82/><F96/><W79/><G79/><N who="0" m="44263" /><D74/><U48/><E17/><V64/><F64/><W116/><G116/><T112/><D108/><U109/><E109/><V6/><F6/><W20/><G46/><T1/><D1/><U8/><E48/><N who="2" m="31143" /><F82/><W117/><G117/><T78/><D78/><AGARI ba="2,0" hai="41,47,50,77,78,80,87,91,113,114,115" m="31143" machi="78" ten="30,3900,0" yaku="11,1,52,2" doraHai="45" who="2" fromWho="0" sc="193,-45,317,0,235,45,255,0" /><INIT seed="2,0,0,1,1,68" ten="148,317,280,255" oya="2" hai0="63,72,12,48,121,56,53,58,13,51,47,15,123" hai1="20,49,9,128,14,39,38,81,92,5,70,134,64" hai2="78,108,87,66,122,33,67,8,28,24,97,69,77" hai3="26,60,101,105,34,93,125,110,3,84,117,40,120"/><V75/><F122/><W0/><G105/><T102/><D72/><U76/><E134/><V42/><F75/><W36/><G117/><T21/><D123/><U71/><E128/><V46/><F69/><W113/><G120/><T45/><D121/><U16/><E70/><V116/><F116/><W27/><G113/><T133/><D133/><U30/><E30/><V107/><F108/><W25/><G34/><T132/><D132/><U112/><E112/><V82/><F78/><W17/><G110/><T59/><D102/><U104/><E104/><V4/><F97/><W91/><G125/><T99/><D99/><U31/><E31/><V43/><F107/><W18/><G3/><T50/><D53/><U10/><E92/><V103/><F103/><W7/><G101/><T88/><D63/><U129/><E129/><V85/><F87/><W98/><G98/><T80/><D21/><U106/><E106/><V6/><F43/><W131/><G131/><T22/><D22/><U52/><E64/><V61/><F61/><W44/><REACH who="3" step="1"/><G60/><REACH who="3" ten="148,317,280,245" step="2"/><T54/><D54/><U96/><E52/><V1/><REACH who="2" step="1"/><F6/><REACH who="2" ten="148,317,270,245" step="2"/><W111/><G111/><T11/><D11/><AGARI ba="0,2" hai="0,7,11,17,18,25,26,27,36,40,44,84,91,93" machi="11" ten="40,2600,0" yaku="1,1,52,1,53,0" doraHai="68" doraHaiUra="119" who="3" fromWho="0" sc="148,-26,317,0,270,0,245,46" /><INIT seed="3,0,0,5,3,70" ten="122,317,270,291" oya="3" hai0="34,126,111,135,92,58,46,127,47,60,74,134,44" hai1="115,53,114,3,30,29,93,122,31,54,62,131,90" hai2="123,59,120,2,35,107,75,100,32,108,87,91,64" hai3="41,84,55,104,78,102,117,101,61,88,8,113,106"/><W57/><G117/><T48/><D92/><U97/><E122/><V13/><F2/><W82/><G113/><T98/><D98/><U37/><E131/><V51/><F75/><W68/><G68/><T27/><D27/><U33/><E33/><V39/><F108/><W77/><G41/><T79/><D79/><N who="3" m="30217" /><G106/><T71/><D74/><U116/><E116/><V56/><F100/><N who="3" m="38507" /><G104/><T22/><D22/><U50/><E37/><V89/><F107/><W132/><G132/><T66/><D34/><U109/><E109/><V23/><F64/><W25/><G8/><T21/><D21/><U81/><E3/><V16/><F39/><W133/><G133/><T40/><D111/><U124/><E124/><V42/><F42/><W36/><G36/><T12/><D12/><U125/><E125/><V99/><F99/><W20/><G20/><T5/><D5/><U130/><E130/><V105/><F105/><W95/><G25/><T63/><D127/><U69/><E69/><V14/><F91/><W43/><G43/><T18/><D126/><U96/><E114/><V85/><F87/><W49/><G61/><T11/><D11/><U67/><E115/><V86/><F85/><W65/><G65/><T52/><D18/><U0/><E97/><V103/><F103/><W24/><G24/><T83/><D83/><AGARI ba="0,0" hai="49,55,57,82,83,84,88,95" m="38507,30217" machi="83" ten="30,2900,0" yaku="8,1,54,1" doraHai="70" who="3" fromWho="0" sc="122,-29,317,0,270,0,291,29" owari="93,-41.0,317,12.0,270,-13.0,320,42.0" /></mjloggm>