<mjloggm ver="2.3"><GO type="41"/><UN n0="%EF%BC%88%E2%89%A7%E2%96%BD%E2%89%A6%EF%BC%89" n1="%4D%61%78%69%4D" n2="%E3%83%8A%E3%82%B9%E3%83%93" n3="%E5%8F%A4%E6%89%8B%E6%A2%A8%E8%8A%B1%EF%BD%9E%E2%98%86" dan="18,14,14,15" rate="2172,1980,1883,1926" sx="M,M,M,F"/><TAIKYOKU oya="0"/><INIT seed="0,0,0,3,1,55" ten="250,250,250,250" oya="0" hai0="9,45,15,91,68,107,6,80,12,86,59,90,100" hai1="104,117,120,76,31,113,116,57,123,20,95,69,110" hai2="87,122,109,92,70,2,126,52,102,103,62,111,78" hai3="49,98,43,10,85,13,5,112,44,17,101,28,118"/><T84/><D68/><U3/><E3/><V16/><F2/><W71/><G118/><T88/><D45/><U114/><E69/><V40/><F40/><W83/><G112/><N who="1" m="43114" /><E104/><V97/><F122/><N who="1" m="46633" /><E76/><V67/><F126/><W29/><G71/><T64/><D107/><U32/><E95/><V0/><F0/><W24/><G24/><T129/><D129/><U134/><E57/><N who="2" m="35111" /><F67/><W108/><G108/><N who="2" m="41545" /><F70/><W133/><G133/><T54/><D100/><U38/><E38/><V8/><F102/><W1/><G1/><T94/><D64/><U75/><E110/><V14/><F87/><W65/><G65/><T37/><D37/><U7/><E75/><V23/><F78/><N who="3" m="46327" /><G17/><T36/><D36/><U124/><E134/><V127/><F127/><W63/><G63/><N who="0" m="36343" /><D12/><U25/><E124/><V89/><F103/><W99/><G99/><T128/><D128/><U77/><E77/><AGARI ba="0,0" hai="6,9,15,77,80,84,86,88,90,91,94" m="36343" machi="77" ten="30,5800,0" yaku="8,1,52,1,54,1" doraHai="55" who="0" fromWho="1" sc="250,58,250,-58,250,0,250,0" /><INIT seed="0,1,0,0,0,104" ten="308,192,250,250" oya="0" hai0="96,48,14,2,52,107,95,124,23,19,59,126,127" hai1="92,70,105,80,133,26,94,25,40,109,97,34,84" hai2="42,28,82,45,113,61,51,21,58,119,112,111,114" hai3="120,41,53,130,44,98,31,46,43,49,85,135,74"/><T118/><D118/><U57/><E70/><V30/><F82/><W13/><G74/><T1/><REACH who="0" step="1"/><D107/><REACH who="0" ten="298,192,250,250" step="2"/><U99/><E105/><V106/><F119/><W24/><G120/><T100/><AGARI ba="1,1" hai="1,2,14,19,23,48,52,59,95,96,100,124,126,127" machi="100" ten="30,12000,1" yaku="1,1,2,1,0,1,18,1,54,1,53,0" doraHai="104" doraHaiUra="123" who="0" fromWho="0" sc="298,133,192,-41,250,-41,250,-41" /><INIT seed="0,2,0,3,3,135" ten="431,151,209,209" oya="0" hai0="101,114,40,90,7,117,38,9,3,43,68,96,0" hai1="97,62,85,53,70,87,33,86,98,122,72,102,15" hai2="74,69,8,113,6,67,66,125,127,134,108,121,63" hai3="30,31,95,56,4,36,78,94,32,46,116,128,112"/><T115/><D117/><U79/><E122/><V109/><F74/><W12/><G112/><T124/><D68/><U54/><E33/><V83/><F121/><W132/><G116/><T77/><D77/><U61/><E15/><V28/><F113/><W120/><G120/><T80/><D0/><U84/><E70/><N who="2" m="42335" /><F28/><W14/><G132/><T27/><D27/><U81/><E72/><V118/><F118/><W59/><G128/><T52/><D38/><U100/><E53/><V11/><F83/><W58/><G78/><T25/><D25/><U21/><E21/><V71/><F134/><W106/><G106/><T129/><D129/><U34/><E34/><V37/><F37/><W64/><G64/><T130/><D130/><U99/><REACH who="1" step="1"/><E54/><REACH who="1" ten="431,141,209,209" step="2"/><V16/><F71/><W111/><G32/><T105/><D115/><U60/><AGARI ba="2,1" hai="60,61,62,79,81,84,85,86,87,97,98,99,100,102" machi="60" ten="40,12000,2" yaku="1,1,2,1,0,1,29,2,8,1,53,0" doraHai="135" doraHaiUra="50" who="1" fromWho="1" sc="431,-62,141,136,209,-32,209,-32" /><INIT seed="1,0,0,1,0,52" ten="369,277,177,177" oya="1" hai0="13,0,23,25,90,4,59,135,74,3,134,122,56" hai1="81,11,37,86,6,77,119,2,92,93,85,70,15" hai2="133,99,121,51,60,21,129,12,91,105,97,65,123" hai3="101,8,32,10,109,28,50,34,29,64,20,30,116"/><U68/><E119/><V132/><F51/><W42/><G101/><T131/><D122/><N who="2" m="46602" /><F12/><W63/><G116/><T47/><D74/><U18/><E37/><V82/><F21/><W67/><G109/><T16/><D131/><U128/><E128/><V103/><F129/><W127/><G127/><T88/><D47/><U72/><E86/><N who="2" m="50647" /><F60/><W44/><G20/><T40/><D40/><U5/><E5/><V73/><F65/><W124/><G124/><T98/><D13/><U100/><E70/><V94/><F73/><W75/><G75/><T95/><D90/><AGARI ba="0,0" hai="90,94,97,99,103,105,132,133" m="50647,46602" machi="90" ten="30,2000,0" yaku="34,2" doraHai="52" who="2" fromWho="0" sc="369,-20,277,0,177,20,177,0" /><INIT seed="2,0,0,3,4,49" ten="349,277,197,177" oya="2" hai0="16,106,86,17,78,109,101,43,91,129,110,118,52" hai1="26,89,50,0,12,127,22,133,32,3,64,107,111" hai2="34,67,46,68,96,58,48,15,23,99,35,62,47" hai3="79,36,102,108,77,135,8,65,105,41,134,42,1"/><V116/><F116/><W7/><G108/><N who="0" m="41579" /><D118/><U27/><E111/><V115/><F115/><W45/><G42/><T121/><D43/><U44/><E107/><V100/><F96/><N who="3" m="61639" /><G65/><T72/><D121/><U4/><E64/><V92/><F68/><W97/><G97/><N who="0" m="61743" /><D129/><U51/><E32/><V95/><F47/><W119/><G119/><T75/><D78/><U88/><E127/><V130/><F130/><W69/><G69/><T93/><D52/><U31/><E50/><V132/><F132/><AGARI ba="0,0" hai="1,7,8,36,41,45,77,79,132,134,135" m="61639" machi="132" ten="30,1000,0" yaku="20,1" doraHai="49" who="3" fromWho="2" sc="349,0,277,0,197,-10,177,10" /><INIT seed="3,0,0,5,2,108" ten="349,277,187,187" oya="3" hai0="100,41,122,135,128,58,120,126,121,95,124,56,88" hai1="79,74,107,76,32,130,9,127,37,75,132,123,91" hai2="66,105,106,133,33,102,59,36,52,4,8,94,73" hai3="53,60,63,104,43,7,68,72,47,103,22,86,96"/><W77/><G72/><T16/><D135/><U23/><E123/><V85/><F73/><W114/><G114/><T26/><D128/><U89/><E37/><V80/><F36/><W44/><G7/><T90/><D41/><U61/><E32/><V25/><F133/><W2/><G2/><T20/><D100/><U113/><E132/><V3/><F66/><W0/><G0/><T119/><D119/><U30/><E107/><V92/><F33/><W39/><G68/><T14/><D14/><U82/><E130/><V31/><F31/><W28/><G28/><T10/><D10/><U29/><E9/><V93/><F25/><W27/><G27/><T112/><D90/><U69/><E127/><N who="0" m="48681" /><D112/><U110/><E113/><V71/><F71/><W57/><G22/><T11/><D11/><U17/><E91/><V67/><F67/><W98/><G98/><AGARI ba="0,0" hai="16,20,26,56,58,88,95,98,120,121,122" m="48681" machi="98" ten="40,5200,0" yaku="18,1,54,2" doraHai="108" who="0" fromWho="3" sc="349,52,277,0,187,0,187,-52" /><INIT seed="4,0,0,3,2,14" ten="401,277,187,135" oya="0" hai0="33,88,134,1,109,106,86,135,31,105,83,78,90" hai1="118,26,46,113,60,20,3,93,65,116,132,68,51" hai2="67,75,62,28,89,54,119,50,19,127,12,71,131" hai3="38,44,56,22,70,69,85,42,77,103,98,52,99"/><T5/><D5/><U34/><E3/><V25/><F75/><W125/><G125/><T7/><D7/><U96/><E34/><V76/><F127/><W79/><G22/><T115/><D1/><U133/><E113/><V81/><F131/><W55/><G55/><T122/><D115/><U10/><E10/><V16/><F119/><W110/><G110/><T2/><D2/><U82/><E82/><V0/><F0/><W124/><G124/><T59/><D59/><U107/><E107/><N who="0" m="40969" /><D31/><U80/><E80/><V128/><F128/><W45/><G45/><T66/><D66/><U126/><E126/><V104/><F104/><W17/><G17/><T84/><D33/><U13/><E13/><V72/><F89/><N who="0" m="34410" /><D122/><U101/><E46/><V29/><F12/><W95/><G70/><T8/><D8/><U30/><E51/><V92/><F92/><W6/><G69/><T108/><D86/><U9/><E9/><V41/><F41/><W24/><G6/><T40/><D40/><U18/><E30/><V57/><F29/><W35/><G35/><AGARI ba="0,0" hai="16,19,25,28,35,50,54,57,62,67,71,72,76,81" machi="35" ten="30,7700,0" yaku="7,1,52,2,54,1" doraHai="14" who="2" fromWho="3" sc="401,0,277,0,187,77,135,-77" /><INIT seed="5,0,0,3,0,28" ten="401,277,264,58" oya="1" hai0="71,55,112,50,126,109,94,52,102,66,51,7,132" hai1="87,35,113,95,82,68,110,114,3,74,133,81,47" hai2="43,127,121,61,8,107,122,54,116,12,49,65,59" hai3="62,1,73,24,76,111,34,129,4,75,30,39,42"/><U17/><E3/><V45/><F107/><W135/><G62/><T27/><D109/><U57/><E68/><V84/><F116/><W64/><G64/><T60/><D112/><N who="1" m="43115" /><E110/><V92/><F127/><W9/><G111/><T98/><D126/><U130/><E130/><V10/><F121/><W58/><G58/><T83/><D132/><U37/><E133/><V97/><F122/><W90/><G90/><T104/><D7/><U56/><E17/><V86/><F65/><W40/><G40/><T67/><D67/><U36/><E35/><V41/><F43/><W115/><G115/><T15/><D15/><U18/><E18/><N who="2" m="8455" /><F10/><W123/><G123/><T13/><D13/><U20/><E20/><V46/><F46/><N who="3" m="23903" /><G135/><T108/><D108/><U93/><E74/><V118/><F118/><W16/><G129/><T77/><D27/><U63/><E47/><V120/><F120/><W124/><G124/><T21/><D21/><U23/><E23/><V79/><F79/><W91/><G91/><AGARI ba="0,0" hai="41,45,49,54,59,61,84,86,91,92,97" m="8455" machi="91" ten="30,1000,0" yaku="8,1" doraHai="28" who="2" fromWho="3" sc="401,0,277,0,264,10,58,-10" /><INIT seed="6,0,0,3,0,119" ten="401,277,274,48" oya="2" hai0="115,46,27,95,59,17,25,99,72,29,38,9,102" hai1="129,86,33,26,90,100,77,105,106,133,50,116,54" hai2="113,74,118,81,5,117,16,6,73,55,109,125,43" hai3="130,20,134,65,36,3,64,94,37,32,44,22,47"/><V19/><F43/><W84/><G32/><T8/><D72/><N who="2" m="27754" /><F55/><W87/><G3/><T11/><D115/><U126/><E116/><N who="2" m="44651" /><F81/><W107/><G107/><T132/><D132/><U93/><E133/><V49/><F49/><W14/><G134/><T23/><D38/><U1/><E1/><V123/><F113/><W121/><G130/><T39/><D39/><U0/><E129/><V78/><F78/><W71/><G71/><T56/><D46/><U28/><E0/><V13/><F13/><W42/><G42/><T92/><D92/><U96/><E106/><V40/><F40/><W85/><G94/><T114/><D114/><U91/><E77/><V76/><F76/><W135/><G135/><T52/><D59/><U120/><E105/><V97/><F97/><W21/><G14/><N who="0" m="9655" /><D29/><U30/><E30/><V58/><F58/><W60/><G60/><AGARI ba="0,0" hai="8,9,11,25,27,52,56,60,95,99,102" m="9655" machi="60" ten="30,2000,0" yaku="8,1,54,1" doraHai="119" who="0" fromWho="3" sc="401,20,277,0,274,0,48,-20" /><INIT seed="7,0,0,3,4,28" ten="421,277,274,28" oya="3" hai0="110,125,38,109,45,134,115,131,79,46,11,29,20" hai1="91,53,49,42,93,100,101,44,70,113,19,129,26" hai2="117,97,57,98,103,112,60,54,25,107,81,96,16" hai3="58,75,88,22,121,76,133,18,114,104,24,52,106"/><W99/><G121/><T17/><D115/><U59/><E70/><V68/><F117/><W95/><G114/><T7/><D79/><U72/><E72/><V128/><F112/><W9/><G133/><T92/><D131/><U0/><E0/><V39/><F39/><W123/><G123/><T1/><D125/><U61/><E113/><V127/><F127/><W63/><REACH who="3" step="1"/><G9/><REACH who="3" ten="421,277,274,18" step="2"/><T71/><D11/><U89/><E129/><V12/><F128/><W50/><G50/><T23/><D134/><U30/><E49/><V37/><F37/><W135/><G135/><T119/><D119/><U64/><E61/><V55/><F68/><W31/><G31/><T132/><D29/><U80/><E30/><V43/><F60/><W27/><G27/><T69/><D71/><U36/><E26/><V66/><F25/><W41/><G41/><T62/><D69/><U73/><E36/><V78/><F43/><W51/><G51/><T10/><D62/><U65/><E42/><V48/><F48/><W86/><G86/><T124/><D38/><U85/><E73/><V111/><F66/><W5/><G5/><T8/><D7/><U102/><E65/><V15/><F57/><W118/><G118/><T35/><D132/><U67/><E64/><V3/><F55/><W40/><G40/><T6/><D6/><U116/><E67/><V130/><F54/><W32/><G32/><T87/><D35/><U82/><E59/><V13/><F97/><W126/><G126/><T77/><D8/><U122/><E116/><V2/><F98/><W4/><G4/><T105/><D10/><RYUUKYOKU ba="0,1" sc="421,-10,277,-10,274,-10,18,30" hai3="18,22,24,52,58,63,75,76,88,95,99,104,106" /><INIT seed="7,1,1,0,0,88" ten="411,267,264,48" oya="3" hai0="40,77,91,38,98,63,96,17,52,11,49,110,112" hai1="126,62,104,68,10,9,79,101,73,36,134,0,108" hai2="12,115,18,24,93,69,50,20,59,78,28,27,19" hai3="75,122,130,94,15,87,8,116,6,119,107,41,99"/><W54/><G122/><T31/><D110/><U106/><E108/><V111/><F69/><W47/><G75/><T21/><D112/><U114/><E114/><V132/><F115/><W25/><G107/><T97/><D38/><U113/><E113/><V127/><F111/><W128/><G87/><T80/><D40/><U34/><E36/><V125/><F78/><W66/><G66/><T123/><D63/><U81/><E134/><V5/><F132/><W65/><G65/><T135/><D11/><U44/><E44/><V51/><F93/><W61/><G25/><T60/><D60/><U26/><E126/><N who="2" m="48139" /><F5/><W92/><G61/><T16/><D91/><U56/><E0/><V82/><F82/><W46/><G54/><T70/><D52/><U67/><E56/><V83/><F83/><W118/><G46/><T133/><D80/><U14/><E14/><N who="2" m="9303" /><F59/><W2/><G2/><T76/><D133/><U105/><E101/><V103/><F103/><W22/><G22/><T43/><D21/><U23/><REACH who="1" step="1"/><E34/><REACH who="1" ten="411,257,264,48" step="2"/><N who="2" m="20743" /><F27/><W72/><G72/><T30/><D135/><U3/><E3/><V117/><F117/><W89/><REACH who="3" step="1"/><G92/><REACH who="3" ten="411,257,264,38" step="2"/><T35/><D35/><U33/><E33/><V53/><F53/><W45/><G45/><T39/><D70/><U57/><E57/><V90/><F90/><W55/><G55/><T7/><D76/><U100/><E100/><V120/><F120/><W13/><G13/><T85/><D77/><U121/><E121/><V29/><F29/><AGARI ba="1,3" hai="9,10,23,26,29,62,67,68,73,79,81,104,105,106" machi="29" ten="40,1300,0" yaku="1,1,53,0" doraHai="88" doraHaiUra="84" who="1" fromWho="2" sc="411,0,257,46,264,-16,38,0" owari="411,51.0,303,10.0,248,-15.0,38,-46.0" /></mjloggm>