<mjloggm ver="2.3"><GO type="41"/><UN n0="%E3%82%BB%E3%83%8D%E3%82%AC%E3%83%AB%E4%BB%A3%E8%A1%A8" n1="%EF%BC%88%E2%89%A7%E2%96%BD%E2%89%A6%EF%BC%89" n2="%E9%BC%BB%E7%9F%A2" n3="%E3%83%A9%E3%82%B9%E5%A4%AA" dan="15,14,13,15" rate="1884,2074,1818,1937" sx="M,M,M,M"/><TAIKYOKU oya="0"/><INIT seed="0,0,0,4,4,116" ten="250,250,250,250" oya="0" hai0="126,121,99,124,52,78,7,42,23,120,68,127,63" hai1="16,131,29,72,103,59,55,58,18,83,36,122,12" hai2="14,134,123,95,1,105,49,57,30,79,77,22,67" hai3="96,60,76,97,50,4,6,85,21,3,61,71,112"/><T45/><D78/><U81/><E36/><V10/><F105/><W66/><G112/><T87/><D99/><U80/><E131/><V9/><F134/><W130/><G130/><T51/><D87/><U26/><E72/><V119/><F1/><W33/><G33/><T2/><D23/><N who="1" m="15583" /><E122/><N who="0" m="47209" /><D7/><U101/><E18/><V13/><F123/><W117/><G117/><T104/><D104/><U11/><E59/><V88/><F119/><W15/><G60/><AGARI ba="0,0" hai="11,12,16,55,58,60,80,81,83,101,103" m="15583" machi="60" ten="30,2000,0" yaku="8,1,54,1" doraHai="116" who="1" fromWho="3" sc="250,0,250,20,250,0,250,-20" /><INIT seed="1,0,0,0,3,41" ten="250,270,250,230" oya="1" hai0="12,93,123,76,102,58,84,39,33,90,135,9,125" hai1="98,67,134,78,26,35,106,20,111,99,18,117,100" hai2="5,103,62,71,69,113,89,126,86,110,133,130,37" hai3="120,14,107,105,82,129,19,32,74,83,40,114,131"/><U104/><E117/><V116/><F5/><W97/><G120/><T119/><D33/><U28/><E134/><V15/><F15/><W92/><G114/><T10/><D135/><U122/><E122/><V112/><F103/><N who="3" m="60839" /><G32/><T21/><D119/><U1/><E1/><V77/><F77/><N who="3" m="44343" /><G40/><T38/><D125/><U52/><E67/><V72/><F86/><W128/><G83/><T30/><D123/><U63/><E78/><V79/><F62/><W22/><AGARI ba="0,0" hai="14,19,22,105,107,128,129,131" m="44343,60839" machi="22" ten="30,1100,0" yaku="19,1" doraHai="41" who="3" fromWho="3" sc="250,-3,270,-5,250,-3,230,11" /><INIT seed="2,0,0,5,3,22" ten="247,265,247,241" oya="2" hai0="5,21,7,130,56,25,93,66,23,59,60,121,114" hai1="77,27,61,96,85,82,122,58,29,78,18,99,2" hai2="28,3,79,97,26,16,86,46,48,47,110,80,133" hai3="87,39,92,74,67,38,73,128,113,52,107,15,135"/><V83/><F133/><W10/><G107/><T134/><D121/><U19/><E2/><V4/><F3/><W123/><G123/><T1/><D134/><U41/><E41/><V100/><F4/><W53/><G135/><T57/><D114/><U108/><E108/><V94/><F110/><W6/><G113/><T127/><D127/><U88/><E122/><V91/><F48/><W62/><G128/><T20/><D130/><U34/><E99/><V64/><F64/><W63/><G73/><T106/><D106/><U75/><E96/><V120/><F120/><W65/><G74/><T111/><D111/><U81/><REACH who="1" step="1"/><E77/><REACH who="1" step="2"/><V84/><REACH who="2" step="1"/><F16/><REACH who="2" step="2"/><N who="3" m="8311" /><G38/><T8/><D1/><U32/><E32/><AGARI ba="0,2" hai="26,28,32,46,47,79,80,83,84,86,91,94,97,100" machi="32" ten="30,11600,0" yaku="1,1,7,1,52,1,53,1" doraHai="22" doraHaiUra="98" who="2" fromWho="1" sc="247,0,255,-116,237,136,241,0" /><INIT seed="2,1,0,0,5,4" ten="247,139,373,241" oya="2" hai0="78,9,0,51,1,93,41,11,130,21,82,115,10" hai1="86,25,102,20,120,113,54,89,36,61,55,105,100" hai2="126,123,40,134,23,106,71,131,33,96,68,43,72" hai3="59,34,95,114,62,109,79,5,75,7,104,128,24"/><V87/><F33/><W15/><G104/><T2/><D115/><U32/><E113/><V53/><F123/><W73/><G114/><T26/><D130/><U92/><E36/><V31/><F131/><W99/><G128/><T135/><D135/><U50/><E120/><V83/><F72/><W3/><G3/><T35/><D35/><U30/><E105/><V132/><F126/><W22/><G109/><T48/><D93/><U91/><E32/><V46/><F53/><W64/><G34/><T58/><D58/><U125/><E125/><V124/><F124/><W66/><G66/><T67/><D67/><U122/><E122/><V118/><F118/><W17/><G79/><T107/><D107/><U12/><E12/><V38/><F43/><W29/><G73/><T101/><D101/><U42/><E42/><V90/><F106/><W81/><G81/><T52/><D41/><U111/><E111/><V94/><F23/><N who="3" m="11711" /><G75/><T14/><D14/><U80/><E61/><V6/><F31/><W117/><G117/><T88/><D52/><N who="1" m="20011" /><E50/><V69/><REACH who="2" step="1"/><F6/><REACH who="2" step="2"/><W18/><G29/><T49/><D78/><AGARI ba="1,1" hai="38,40,46,68,69,71,78,83,87,90,94,96,132,134" machi="78" ten="40,3900,0" yaku="1,1,2,1,53,0" doraHai="4" doraHaiUra="121" who="2" fromWho="0" sc="247,-42,139,0,363,52,241,0" /><INIT seed="2,2,0,4,4,20" ten="205,139,415,241" oya="2" hai0="113,27,54,59,100,82,89,40,65,39,104,128,46" hai1="24,44,117,88,79,49,26,16,110,5,84,109,14" hai2="118,96,95,72,38,105,11,112,76,97,51,28,103" hai3="107,98,68,15,133,61,131,58,6,114,83,134,3"/><V21/><F38/><W66/><G3/><T56/><D113/><U122/><E117/><V63/><F112/><W124/><G114/><T64/><D128/><U120/><E79/><V132/><F118/><W130/><G83/><T71/><D104/><U101/><E101/><V78/><F132/><N who="3" m="50795" /><G68/><T127/><D127/><U19/><E5/><V62/><F11/><N who="3" m="4599" /><G124/><T126/><D126/><U42/><E19/><V30/><F72/><W47/><G47/><T0/><D82/><N who="1" m="49175" /><E110/><V121/><F121/><N who="1" m="46697" /><E109/><V102/><F51/><W22/><G22/><AGARI ba="2,0" hai="14,16,22,24,26,42,44,49" m="46697,49175" machi="22" ten="30,8000,1" yaku="13,1,52,2,54,2" doraHai="20" who="1" fromWho="3" sc="205,0,139,86,415,0,241,-86" /><INIT seed="3,0,0,4,1,24" ten="205,225,415,155" oya="3" hai0="74,76,46,84,77,120,30,5,119,85,4,54,51" hai1="32,12,112,122,69,64,13,126,101,15,106,21,57" hai2="60,33,56,7,36,92,19,59,94,108,40,82,128" hai3="109,1,86,14,107,3,2,133,63,79,66,134,62"/><W102/><G109/><T100/><D119/><U135/><E32/><V127/><F128/><W105/><G14/><T16/><D120/><U11/><E122/><V49/><F127/><W113/><G113/><T96/><D74/><U27/><E112/><V28/><F36/><W121/><G121/><T73/><D73/><U93/><E69/><V103/><F108/><W48/><G48/><T35/><D77/><U125/><E106/><N who="3" m="40458" /><G102/><T95/><D16/><N who="1" m="12711" /><E135/><N who="3" m="51722" /><G66/><T124/><D124/><N who="1" m="47723" /><E11/><V20/><F7/><W71/><G71/><T118/><D4/><U42/><E42/><V29/><F40/><W26/><G26/><T132/><D5/><U65/><E57/><V104/><F59/><W97/><G97/><AGARI ba="0,0" hai="12,13,15,64,65,93,97,101" m="47723,12711" machi="97" ten="30,2000,0" yaku="18,1,54,1" doraHai="24" who="1" fromWho="3" sc="205,0,225,20,415,0,155,-20" /><INIT seed="4,0,0,5,2,25" ten="205,245,415,135" oya="0" hai0="85,4,63,129,93,109,8,30,91,51,45,104,18" hai1="97,124,23,20,120,103,44,90,26,106,82,87,89" hai2="135,34,5,75,68,116,77,27,105,66,76,102,113" hai3="29,95,59,88,52,122,38,128,123,46,37,14,83"/><T0/><D104/><U69/><E120/><N who="3" m="46122" /><G128/><T71/><D129/><U130/><E130/><V92/><F116/><W40/><G83/><T21/><D109/><U35/><E124/><V73/><F113/><W61/><G14/><N who="0" m="5383" /><D71/><U86/><E69/><V81/><F92/><W78/><G78/><T57/><D0/><U112/><E112/><V28/><F5/><W43/><G43/><N who="0" m="25023" /><D30/><U72/><E72/><N who="2" m="43143" /><F77/><W133/><G133/><T84/><D84/><U108/><E108/><V115/><F115/><W7/><G7/><T6/><D6/><U49/><E35/><V32/><F32/><W127/><G127/><T118/><D118/><U41/><REACH who="1" step="1"/><E26/><REACH who="1" step="2"/><V10/><F135/><W2/><G2/><T22/><D18/><U110/><E110/><V111/><F111/><W101/><G101/><T94/><D94/><AGARI ba="0,1" hai="20,23,41,44,49,82,86,87,89,90,94,97,103,106" machi="94" ten="30,2000,0" yaku="1,1,7,1,53,0" doraHai="25" doraHaiUra="67" who="1" fromWho="0" sc="205,-20,235,30,415,0,135,0" /><INIT seed="5,0,0,0,0,84" ten="185,265,415,135" oya="1" hai0="55,134,50,46,14,6,57,34,104,132,47,78,97" hai1="94,67,2,48,33,86,126,28,1,71,74,82,51" hai2="9,125,72,99,131,17,68,22,118,23,38,129,123" hai3="85,88,26,44,24,95,60,116,13,119,79,102,73"/><U90/><E126/><V35/><F125/><W45/><G102/><N who="0" m="62543" /><D34/><U39/><E39/><V80/><F118/><N who="3" m="45099" /><G13/><T20/><D78/><U83/><E33/><V32/><F123/><W31/><G60/><T49/><D49/><U30/><E1/><V92/><F38/><W8/><G8/><N who="0" m="4375" /><D20/><U127/><E127/><V77/><F68/><W81/><G26/><T3/><D3/><U54/><E2/><V93/><F35/><AGARI ba="0,0" hai="24,31,35,44,45,73,79,81,85,88,95" m="45099" machi="35" ten="30,3900,0" yaku="12,1,52,1,54,1" doraHai="84" who="3" fromWho="2" sc="185,0,265,0,415,-39,135,39" /><INIT seed="6,0,0,4,1,99" ten="185,265,376,174" oya="2" hai0="72,48,62,118,55,112,79,126,21,68,116,14,104" hai1="8,31,77,82,46,25,128,23,28,89,94,30,54" hai2="75,102,24,50,117,81,41,95,96,131,4,91,105" hai3="133,92,80,120,20,90,44,19,6,93,115,53,45"/><V135/><F117/><N who="0" m="45162" /><D126/><U64/><E128/><V40/><F131/><W59/><G120/><T1/><D1/><U119/><E119/><V11/><F135/><W34/><G34/><T125/><D125/><U86/><E64/><V38/><F38/><W60/><G133/><T70/><D112/><U9/><E46/><V0/><F24/><W18/><G115/><T27/><D14/><U35/><E54/><V84/><F50/><W42/><G6/><T98/><D62/><U3/><E35/><V57/><F57/><W108/><G108/><T32/><D32/><U5/><REACH who="1" step="1"/><E9/><REACH who="1" step="2"/><V124/><F124/><W12/><G45/><T13/><D55/><U51/><E51/><V49/><F49/><W76/><G44/><T87/><D48/><U65/><E65/><V10/><F11/><W33/><G33/><T103/><D68/><U36/><E36/><V78/><AGARI ba="0,1" hai="0,4,10,40,41,75,78,81,84,91,95,96,102,105" machi="78" ten="30,11700,0" yaku="0,1,24,2,52,1" doraHai="99" who="2" fromWho="2" sc="185,-39,255,-39,376,127,174,-39" /><INIT seed="6,1,0,5,2,43" ten="146,216,503,135" oya="2" hai0="114,28,48,13,53,123,127,63,132,58,77,84,31" hai1="2,65,98,5,70,133,134,81,8,119,11,56,12" hai2="49,117,9,39,108,24,99,104,20,34,22,66,33" hai3="4,129,97,109,54,36,107,52,100,67,130,82,78"/><V88/><F117/><W55/><G109/><T10/><D123/><U101/><E70/><V37/><F108/><W120/><G120/><T18/><D114/><U64/><E81/><V121/><F121/><W41/><G4/><T6/><D132/><N who="1" m="50795" /><E56/><V90/><F66/><W30/><G67/><T35/><D127/><U26/><E26/><V0/><F9/><W128/><G30/><T32/><D32/><U131/><E131/><V23/><F49/><W118/><G118/><T87/><D35/><N who="2" m="13322" /><F24/><W75/><G55/><N who="0" m="34271" /><D6/><N who="1" m="3095" /><E119/><V69/><F99/><W79/><G78/><T126/><D126/><U111/><E111/><V7/><F7/><W27/><G27/><T40/><D77/><U42/><E42/><V110/><F110/><W73/><G75/><T85/><D40/><U68/><E68/><V91/><F69/><W21/><G21/><T106/><D106/><AGARI ba="1,0" hai="2,5,11,64,65,98,101,106" m="3095,50795" machi="106" ten="30,1000,0" yaku="20,1" doraHai="43" who="1" fromWho="0" sc="146,-13,216,13,503,0,135,0" /><INIT seed="7,0,0,5,5,134" ten="133,229,503,135" oya="3" hai0="107,35,0,68,101,34,60,131,106,86,80,52,115" hai1="3,62,66,19,57,64,49,98,22,113,97,25,40" hai2="121,109,105,28,39,84,72,129,70,12,17,23,18" hai3="58,81,44,55,13,42,75,85,93,48,53,7,103"/><W41/><G75/><T104/><D0/><U63/><E113/><V116/><F17/><W82/><G41/><T47/><D115/><U65/><E3/><V83/><F72/><W38/><G55/><T77/><D101/><U132/><E132/><V71/><F109/><W124/><G124/><T20/><D131/><U4/><E4/><V87/><F105/><W117/><G117/><T56/><D68/><U112/><E112/><V91/><F39/><W32/><G32/><T5/><D5/><U119/><E119/><V69/><F129/><W50/><G38/><T125/><D125/><U120/><E120/><V94/><F121/><W79/><G81/><T6/><D6/><U95/><E63/><V51/><F116/><W135/><G135/><T1/><D1/><U127/><E127/><V133/><F133/><W29/><G29/><T46/><REACH who="0" step="1"/><D20/><REACH who="0" step="2"/><U8/><E22/><V76/><F71/><W10/><G103/><T99/><D99/><U61/><E98/><V92/><F70/><W74/><G74/><T102/><D102/><U45/><E97/><V24/><F69/><W30/><G30/><T89/><D89/><U27/><E8/><V26/><F28/><W36/><G36/><T9/><D9/><U110/><E110/><V11/><F11/><W14/><G93/><T78/><D78/><U111/><E95/><V123/><F94/><W31/><G31/><T108/><D108/><U2/><E111/><V128/><F128/><W33/><G33/><AGARI ba="0,1" hai="33,34,35,46,47,52,56,60,77,80,86,104,106,107" machi="33" ten="50,3200,0" yaku="1,1,54,1,53,0" doraHai="134" doraHaiUra="96" who="0" fromWho="3" sc="123,42,229,0,503,0,135,-32" owari="165,-23.0,229,3.0,503,60.0,103,-40.0" /></mjloggm>