<mjloggm ver="2.3"><GO type="41"/><UN n0="%E3%82%A6%E3%83%AB%E3%83%88%E3%83%A9%E7%AB%8B%E7%9B%B4" n1="%73%61%6E%6B%61%6D%6F" n2="%E3%82%AB%E3%83%83%E3%83%91%E3%83%89%E3%82%AD%E3%82%A2" n3="%E3%82%A2%E3%82%B0%E3%83%8D%E3%82%B9%E3%83%81%E3%83%A3%E3%83%B3" dan="15,14,13,15" rate="1986,1939,1965,1974" sx="M,M,M,F"/><TAIKYOKU oya="0"/><INIT seed="0,0,0,4,1,25" ten="250,250,250,250" oya="0" hai0="66,82,7,62,3,35,30,4,129,104,126,108,118" hai1="11,63,57,1,102,134,54,84,114,0,123,78,75" hai2="15,110,125,65,85,116,10,50,67,132,56,14,53" hai3="49,68,115,61,131,127,27,43,103,106,41,58,21"/><T121/><D82/><U117/><E123/><V28/><F116/><W94/><G106/><T124/><D62/><U130/><E117/><V133/><F125/><W34/><G34/><T47/><D66/><U38/><E38/><V96/><F85/><W107/><G107/><T69/><D47/><U2/><E134/><V17/><F96/><N who="3" m="59799" /><G68/><T95/><D95/><U98/><E130/><V71/><F71/><W79/><G115/><T73/><D7/><U52/><E75/><V93/><F93/><W19/><G127/><T113/><D4/><U44/><E114/><V91/><F91/><W88/><G79/><T48/><D48/><U77/><E11/><V33/><F110/><W112/><G112/><T42/><D42/><U97/><E84/><V92/><F92/><W86/><G49/><T59/><D59/><U128/><E128/><V36/><F15/><W5/><G5/><T99/><D99/><U76/><E44/><V46/><F46/><W39/><G39/><T72/><D30/><U12/><E12/><V18/><F18/><W135/><G135/><N who="2" m="51785" /><F36/><W81/><G131/><T74/><D73/><U8/><E8/><V111/><F111/><W31/><G19/><T23/><D74/><U60/><E102/><V55/><F55/><AGARI ba="0,0" hai="21,27,31,41,43,55,58,61,81,86,88" m="59799" machi="55" ten="30,3900,0" yaku="8,1,52,1,54,1" doraHai="25" who="3" fromWho="2" sc="250,0,250,0,250,-39,250,39" /><INIT seed="1,0,0,3,3,112" ten="250,250,211,289" oya="1" hai0="122,33,44,67,119,59,28,43,104,129,55,31,56" hai1="126,133,41,108,61,50,70,9,97,101,106,127,117" hai2="72,48,115,83,86,51,60,37,73,62,71,87,53" hai3="130,19,84,68,29,105,75,20,36,27,14,4,100"/><U54/><E133/><V66/><F37/><W46/><G75/><T120/><D104/><U94/><E41/><V90/><F115/><W131/><G68/><T1/><D1/><U64/><E117/><V47/><F62/><W24/><G4/><T114/><D33/><U134/><E134/><V85/><F85/><W98/><G84/><T35/><D35/><U52/><E9/><V10/><F10/><W23/><G27/><T58/><D114/><U63/><E106/><V93/><REACH who="2" step="1"/><F48/><REACH who="2" ten="250,250,201,289" step="2"/><W99/><G36/><T124/><D122/><U96/><E96/><V34/><F34/><W32/><G99/><T81/><D120/><U40/><E63/><V110/><F110/><W6/><G32/><T88/><D67/><U26/><E108/><V102/><F102/><W49/><REACH who="3" step="1"/><G6/><REACH who="3" ten="250,250,201,279" step="2"/><T21/><D81/><U79/><E26/><V12/><F12/><W39/><G39/><T77/><D77/><AGARI ba="0,2" hai="47,51,53,60,66,71,72,73,77,83,86,87,90,93" machi="77" ten="30,3900,0" yaku="1,1,7,1,53,1" doraHai="112" doraHaiUra="89" who="2" fromWho="0" sc="250,-39,250,0,201,59,279,0" /><INIT seed="2,0,0,1,0,125" ten="211,250,260,279" oya="2" hai0="22,20,90,34,119,45,97,56,71,68,131,96,110" hai1="44,81,5,6,40,23,31,21,123,41,114,64,9" hai2="8,33,43,63,50,108,28,12,79,82,109,84,52" hai3="54,88,130,57,58,83,128,0,25,46,112,100,101"/><V93/><F33/><W135/><G0/><T74/><D34/><U102/><E114/><V39/><F28/><W129/><G112/><T2/><D2/><U78/><E102/><N who="3" m="39530" /><G135/><T111/><D74/><U132/><E132/><V72/><F63/><W67/><G67/><T35/><D35/><U4/><E123/><V92/><F39/><W69/><G69/><T16/><D45/><U120/><E120/><V86/><F43/><W87/><G25/><T17/><D90/><U134/><E134/><V80/><F72/><W91/><G91/><T49/><D49/><AGARI ba="0,0" hai="46,49,54,57,58,83,87,88,128,129,130" m="39530" machi="49" ten="40,8000,1" yaku="19,1,52,3,54,1" doraHai="125" who="3" fromWho="0" sc="211,-80,250,0,260,0,279,80" /><INIT seed="3,0,0,5,4,23" ten="131,250,260,359" oya="3" hai0="49,57,39,5,60,122,20,64,71,112,19,125,7" hai1="59,63,88,108,100,2,16,36,107,110,12,24,66" hai2="33,69,4,98,132,135,17,44,6,124,99,121,106" hai3="117,56,67,30,129,134,94,91,133,104,9,111,18"/><W83/><G104/><T81/><D122/><U131/><E36/><V123/><F69/><W90/><G117/><T105/><D112/><U109/><E2/><V80/><F33/><W128/><G30/><T58/><D105/><U25/><E131/><N who="3" m="50250" /><G67/><T8/><D125/><U73/><E73/><V62/><F62/><W54/><G111/><T37/><D37/><U102/><E88/><N who="3" m="33834" /><G94/><T34/><D34/><U97/><E102/><V101/><F124/><W52/><G83/><T45/><D81/><U84/><E84/><V96/><F80/><W77/><G77/><T47/><D39/><U55/><E66/><V72/><F72/><W82/><G82/><T87/><D87/><U3/><E3/><V130/><F130/><W40/><G40/><T38/><D38/><U118/><E118/><V115/><F115/><W26/><G9/><AGARI ba="0,0" hai="9,12,16,24,25,55,59,63,97,100,107,108,109,110" machi="9" ten="40,8000,1" yaku="14,1,52,2,54,1" doraHai="23" who="1" fromWho="3" sc="131,0,250,80,260,0,359,-80" /><INIT seed="4,0,0,4,2,101" ten="131,330,260,279" oya="0" hai0="31,86,10,73,124,39,48,109,85,116,56,26,91" hai1="110,57,17,76,2,75,112,108,117,5,107,27,94" hai2="78,41,47,52,34,61,103,113,12,55,11,133,105" hai3="30,15,66,131,93,3,81,22,35,106,119,82,77"/><T123/><D39/><U132/><E117/><V7/><F34/><W115/><G119/><T129/><D73/><U88/><E132/><V126/><F133/><W50/><G3/><T100/><D116/><U89/><E2/><V43/><F126/><W33/><G115/><T120/><D124/><U83/><E5/><V111/><F111/><W84/><G93/><T16/><D109/><U90/><E112/><V40/><F78/><W6/><G66/><T8/><D123/><U104/><E94/><V92/><F92/><W72/><G131/><T71/><D71/><U54/><E110/><V87/><F87/><W0/><G0/><T118/><D120/><U128/><E128/><V99/><F113/><W67/><G67/><T19/><D100/><U65/><E65/><V121/><F121/><W23/><G35/><T122/><D122/><U130/><E130/><V64/><REACH who="2" step="1"/><F47/><REACH who="2" ten="131,330,250,279" step="2"/><W125/><G33/><T38/><D118/><U9/><E108/><V44/><F44/><W45/><G84/><T24/><D129/><U4/><E4/><V58/><AGARI ba="0,1" hai="7,11,12,40,41,43,52,55,58,61,64,99,103,105" machi="58" ten="30,8000,1" yaku="1,1,0,1,52,1,54,1,53,1" doraHai="101" doraHaiUra="102" who="2" fromWho="2" sc="131,-40,330,-20,250,90,279,-20" /><INIT seed="5,0,0,2,1,96" ten="91,310,340,259" oya="1" hai0="2,41,79,15,29,63,42,53,115,114,120,125,20" hai1="107,119,55,121,98,57,62,21,81,97,46,28,111" hai2="73,6,77,58,61,117,74,60,10,124,67,104,133" hai3="51,95,132,88,102,40,92,34,91,87,76,100,7"/><U30/><E121/><V4/><F117/><W64/><G34/><T43/><D2/><U68/><E119/><V54/><F4/><W9/><G64/><T25/><D120/><U17/><E68/><V19/><F19/><W0/><G132/><T22/><D125/><U71/><E71/><V39/><F39/><W94/><G40/><T84/><D63/><U8/><E111/><V72/><F133/><W131/><G131/><T112/><D53/><U123/><E123/><V13/><F104/><W122/><G122/><T3/><D3/><U59/><E46/><V31/><F31/><W129/><G129/><T80/><D15/><U47/><E47/><V105/><F105/><W93/><G51/><T14/><D14/><N who="1" m="7367" /><E107/><V35/><F35/><W36/><G36/><T83/><D25/><N who="1" m="16431" /><E30/><V52/><F77/><W75/><REACH who="3" step="1"/><G91/><REACH who="3" ten="91,310,340,249" step="2"/><T38/><D38/><U118/><E118/><V33/><F33/><W113/><G113/><T106/><D29/><U49/><E81/><AGARI ba="0,1" hai="0,7,9,75,76,81,87,88,92,93,94,95,100,102" machi="81" ten="40,8000,1" yaku="1,1,52,2,54,1,53,1" doraHai="96" doraHaiUra="86" who="3" fromWho="1" sc="91,0,310,-80,340,0,249,90" /><INIT seed="6,0,0,0,3,119" ten="91,230,340,339" oya="2" hai0="44,73,5,89,27,35,67,65,77,54,36,131,6" hai1="42,92,31,96,112,70,124,111,85,9,38,110,52" hai2="133,55,135,86,32,8,130,12,39,17,23,127,58" hai3="79,26,61,0,103,57,91,40,118,99,132,53,75"/><V24/><F39/><W66/><G118/><T82/><D131/><U45/><E70/><V63/><F130/><W2/><G132/><N who="2" m="50761" /><F127/><W109/><G109/><T102/><D89/><U22/><E112/><V117/><F117/><W43/><G0/><T72/><D54/><U33/><E33/><V84/><F32/><W46/><G2/><T3/><D6/><AGARI ba="0,0" hai="6,8,12,17,23,24,55,58,63,84,86" m="50761" machi="6" ten="30,1500,0" yaku="20,1" doraHai="119" who="2" fromWho="0" sc="91,-15,230,0,340,15,339,0" /><INIT seed="6,1,0,0,0,44" ten="76,230,355,339" oya="2" hai0="59,15,31,5,96,94,73,107,77,126,3,83,24" hai1="11,41,47,30,14,70,64,118,119,62,85,112,129" hai2="127,99,115,2,53,56,32,37,1,51,81,89,21" hai3="18,74,104,13,39,25,100,40,0,58,33,65,78"/><V111/><F32/><W29/><G0/><T7/><D126/><U34/><E112/><V72/><F37/><W87/><G74/><T71/><D15/><U93/><E129/><V55/><F127/><W16/><G39/><T63/><D7/><U60/><E60/><V90/><F115/><W75/><G75/><T84/><D5/><U131/><E131/><V36/><F36/><W133/><G40/><T35/><D59/><U91/><E30/><V67/><F67/><W28/><G133/><T82/><D94/><U6/><REACH who="1" step="1"/><E34/><REACH who="1" ten="76,220,355,339" step="2"/><V9/><F111/><W45/><G33/><T27/><D83/><U86/><E86/><V43/><F81/><W114/><G87/><T116/><D84/><U101/><E101/><V125/><F72/><W20/><G114/><T66/><D27/><U22/><E22/><V109/><F21/><W61/><G100/><T57/><D116/><U8/><E8/><V102/><F9/><W80/><G20/><T108/><D108/><U97/><E97/><V92/><F109/><W50/><G29/><T135/><D135/><U46/><E46/><V103/><F125/><W113/><G45/><T10/><D57/><U48/><AGARI ba="1,1" hai="6,11,14,41,47,48,62,64,70,85,91,93,118,119" machi="48" ten="20,5200,0" yaku="1,1,0,1,7,1,52,1,53,0" doraHai="44" doraHaiUra="79" who="1" fromWho="1" sc="76,-14,220,65,355,-27,339,-14" /><INIT seed="7,0,0,1,4,68" ten="62,285,328,325" oya="3" hai0="20,95,98,82,78,135,102,108,88,120,49,1,38" hai1="107,125,36,74,73,128,47,85,77,50,39,101,106" hai2="113,67,104,70,93,35,91,83,132,37,115,80,81" hai3="89,65,41,97,15,6,103,19,54,26,127,18,121"/><W21/><G121/><T33/><D33/><U134/><E134/><V75/><F35/><W29/><G127/><T133/><D1/><U40/><E125/><V90/><F104/><W4/><G65/><T126/><D126/><U124/><E124/><V3/><F3/><W87/><G41/><T9/><D9/><U31/><E31/><V13/><F132/><W55/><G29/><T45/><D108/><U44/><E128/><V94/><F37/><W111/><G111/><T7/><D120/><U24/><E24/><V53/><F13/><W71/><G71/><T12/><D133/><U131/><E131/><V118/><F118/><W84/><G97/><T62/><D135/><U66/><E66/><V116/><F116/><W10/><G103/><T114/><D114/><N who="2" m="43530" /><F53/><N who="3" m="19979" /><G87/><T51/><D62/><U8/><E8/><V129/><F75/><W46/><G46/><T56/><D56/><U76/><E101/><V14/><F14/><W5/><G5/><T52/><D49/><U69/><E85/><V58/><F70/><W42/><G42/><T119/><D119/><U100/><E100/><V32/><F32/><W59/><G59/><T60/><D60/><U86/><E86/><V109/><F109/><W61/><G61/><T117/><D117/><U123/><E69/><V43/><F43/><W64/><G64/><T110/><D110/><U0/><E0/><V105/><F105/><W34/><G34/><T11/><D102/><U2/><E2/><V122/><F122/><W16/><G4/><T72/><D38/><U23/><E123/><V112/><N who="2" m="43538" /><V57/><DORA hai="22" /><F129/><RYUUKYOKU ba="0,0" sc="62,15,285,-15,328,-15,325,15" hai0="7,11,12,20,45,51,52,72,78,82,88,95,98" hai3="6,10,15,16,18,19,21,26,84,89" /><INIT seed="7,1,0,4,5,93" ten="77,270,313,340" oya="3" hai0="75,51,11,24,68,89,104,65,54,26,119,16,115" hai1="103,91,79,74,34,130,44,38,108,25,53,122,86" hai2="14,120,33,60,0,97,29,5,96,100,17,45,111" hai3="83,112,10,64,58,21,9,42,50,81,126,49,98"/><W78/><G112/><T131/><D119/><U41/><E108/><V114/><F111/><W12/><G126/><T101/><D115/><U23/><E130/><V99/><F114/><W37/><G37/><T69/><D75/><U129/><E129/><V8/><F60/><N who="3" m="37911" /><G98/><N who="0" m="61495" /><D131/><U27/><E34/><V4/><F45/><N who="3" m="25783" /><G50/><T61/><D69/><U22/><E122/><V57/><F4/><W109/><G109/><T30/><D54/><U128/><E128/><V102/><F120/><W127/><G127/><T105/><D51/><U43/><E103/><V2/><F57/><W40/><G40/><T66/><D66/><U32/><E32/><V63/><F63/><W125/><G125/><T72/><D26/><U88/><E74/><V55/><F55/><W132/><G132/><T135/><D135/><U134/><E134/><V77/><F77/><W118/><G118/><T15/><D72/><U20/><E38/><V3/><REACH who="2" step="1"/><F5/><REACH who="2" ten="77,270,303,340" step="2"/><W76/><G78/><T90/><D105/><U31/><E43/><V80/><F80/><N who="3" m="30795" /><G76/><T7/><D7/><U13/><E41/><V133/><F133/><W62/><G62/><T28/><D90/><N who="1" m="34347" /><E79/><V70/><F70/><W110/><G110/><T19/><D89/><U39/><E39/><V1/><N who="2" m="0" /><DORA hai="107" /><V117/><F117/><W47/><G47/><T52/><D52/><U121/><E121/><V67/><F67/><W56/><G56/><T71/><D71/><U6/><E44/><V116/><F116/><W94/><G94/><T73/><D73/><U59/><E59/><V46/><F46/><W92/><G92/><T113/><D113/><RYUUKYOKU ba="1,1" sc="77,10,270,-30,303,10,340,10" hai0="11,15,16,19,24,28,30,61,65,68" hai2="8,14,17,29,33,96,97,99,100,102" hai3="9,10,12,21" /><INIT seed="7,2,1,2,0,80" ten="87,240,313,350" oya="3" hai0="4,130,42,62,87,125,53,24,93,5,97,94,91" hai1="83,113,51,0,70,90,75,3,61,9,122,59,36" hai2="56,26,6,49,28,18,66,40,69,71,99,132,85" hai3="41,129,30,1,131,98,119,64,13,73,45,79,7"/><W48/><G119/><T100/><D125/><U37/><E122/><V34/><F132/><W123/><G123/><T88/><D130/><N who="3" m="49673" /><G1/><T95/><D42/><U117/><E75/><V27/><F6/><W96/><G64/><T67/><D24/><U76/><E70/><V31/><F18/><W116/><G116/><T29/><D29/><U52/><E117/><V14/><F14/><W124/><G124/><T39/><D39/><U46/><E113/><V89/><F99/><W57/><G30/><T133/><D133/><U105/><E105/><V15/><F15/><W19/><G7/><T121/><D121/><U126/><E126/><V38/><F38/><W92/><G57/><T11/><D53/><U115/><E115/><V50/><F49/><W54/><G92/><T12/><D5/><U101/><E3/><V2/><F2/><W47/><G79/><T16/><D4/><U102/><E76/><V127/><F127/><W23/><G73/><T20/><D100/><N who="1" m="38507" /><E0/><V78/><F78/><W103/><G103/><T74/><D74/><U135/><E135/><V55/><F66/><W108/><G108/><T10/><REACH who="0" step="1"/><D95/><REACH who="0" ten="77,240,313,350" step="2"/><U77/><E9/><V134/><F40/><W120/><G120/><T104/><D104/><U109/><E109/><V43/><F43/><W22/><G41/><T107/><D107/><U8/><E8/><V68/><F134/><W63/><G54/><T72/><D72/><U33/><E37/><V118/><F118/><W84/><G23/><T35/><D35/><U86/><E36/><V106/><F106/><W17/><G22/><T114/><D114/><RYUUKYOKU ba="2,2" sc="77,30,240,-10,313,-10,350,-10" hai0="10,11,12,16,20,62,67,87,88,91,93,94,97" owari="107,-39.0,230,-17.0,303,10.0,360,46.0" /></mjloggm>