<mjloggm ver="2.3"><GO type="169"/><UN n0="%6C%69%67%68%74%39%39" n1="%E3%83%95%E3%83%AA%E3%83%86%E3%83%B3" n2="%EF%BC%88%E2%89%A7%E2%96%BD%E2%89%A6%EF%BC%89" n3="%E5%94%AF%E4%B8%98%E6%A9%98%E8%91%89" dan="16,16,16,16" rate="2105,2047,2104,2083" sx="M,M,M,F"/><TAIKYOKU oya="0"/><INIT seed="0,0,0,0,1,2" ten="250,250,250,250" oya="0" hai0="37,123,98,0,7,130,73,60,91,86,126,132,10" hai1="21,50,20,102,125,78,76,129,92,63,52,99,53" hai2="81,38,109,39,94,131,12,117,61,31,116,18,1" hai3="115,127,42,9,48,55,23,62,44,64,11,45,69"/><T122/><D73/><U100/><E125/><V59/><F131/><W54/><G127/><T93/><D126/><U128/><E102/><V121/><F121/><W88/><G115/><T28/><D37/><U34/><E34/><V79/><F31/><W46/><G46/><T32/><D130/><N who="1" m="50283" /><E63/><V29/><F94/><W108/><G108/><T134/><D60/><U114/><E53/><N who="2" m="34031" /><F29/><W133/><G133/><N who="0" m="51307" /><D98/><U105/><E105/><V70/><F1/><W26/><G55/><T97/><D97/><U33/><E33/><V83/><F70/><W120/><G120/><N who="0" m="46123" /><D28/><U107/><E107/><V85/><F109/><W72/><G72/><T16/><D32/><U13/><E114/><V19/><F39/><W22/><G48/><T5/><D0/><U35/><E35/><V89/><F38/><W75/><G62/><T112/><D112/><U58/><E21/><V106/><F106/><W119/><G23/><T67/><D67/><U90/><E100/><V43/><F85/><W80/><G22/><T118/><D118/><U56/><E20/><N who="2" m="11335" /><F117/><W135/><G75/><T111/><D111/><U65/><E13/><AGARI ba="0,0" hai="5,7,10,13,16,86,91,93" m="46123,51307" machi="13" ten="30,11600,0" yaku="20,1,52,2,54,1" doraHai="2" who="0" fromWho="1" sc="250,116,250,-116,250,0,250,0" /><INIT seed="0,1,0,1,2,5" ten="366,134,250,250" oya="0" hai0="76,11,33,123,9,135,77,37,22,41,110,75,59" hai1="62,72,132,86,78,97,66,8,102,67,61,92,47" hai2="96,134,71,129,68,26,53,98,113,57,18,0,104" hai3="45,82,131,91,21,38,23,20,16,89,122,74,126"/><T19/><D33/><U7/><E132/><V120/><F0/><W121/><G131/><T87/><D123/><N who="3" m="47113" /><G126/><T116/><D116/><U90/><E47/><V2/><F2/><W94/><G38/><T95/><D75/><U39/><E39/><V65/><F65/><W130/><G45/><T70/><D70/><U109/><E109/><V46/><F46/><W99/><G130/><T14/><D37/><U36/><E36/><V60/><F129/><W34/><G34/><T44/><D135/><U13/><E72/><V103/><F113/><W58/><G58/><T1/><D1/><U4/><E78/><N who="0" m="30313" /><D110/><U125/><E125/><V43/><F43/><W51/><G51/><N who="0" m="27023" /><D59/><U85/><E7/><V133/><F120/><W118/><G118/><T119/><D119/><U3/><E3/><V93/><F134/><W35/><G35/><T69/><D69/><U54/><E54/><V80/><F133/><W111/><G111/><T83/><D95/><U127/><E127/><V56/><F56/><W106/><G106/><T49/><D49/><U24/><E86/><V10/><F71/><W32/><G32/><T6/><D6/><U28/><E67/><V52/><F68/><W108/><G108/><T50/><D50/><U55/><E66/><V30/><F104/><W115/><G115/><T84/><D87/><U81/><REACH who="1" step="1"/><E55/><REACH who="1" ten="366,124,250,250" step="2"/><V105/><F53/><W114/><G74/><T12/><D84/><U42/><E42/><V107/><F52/><W40/><G40/><T29/><D83/><U124/><E124/><V88/><F80/><W100/><G82/><T73/><D73/><RYUUKYOKU ba="1,1" sc="366,-10,124,30,250,-10,250,-10" hai1="4,8,13,24,28,61,62,81,85,90,92,97,102" /><INIT seed="1,2,1,1,4,67" ten="356,154,240,240" oya="1" hai0="29,131,96,77,16,128,103,74,15,47,32,130,20" hai1="110,68,2,97,127,42,26,22,59,129,114,133,98" hai2="8,10,105,78,75,132,0,55,56,45,80,60,104" hai3="79,94,57,123,101,50,14,91,64,46,90,85,86"/><U38/><E2/><V30/><F132/><W9/><G123/><T28/><D32/><U49/><E114/><V83/><F30/><W31/><G31/><T93/><REACH who="0" step="1"/><D47/><REACH who="0" ten="346,154,240,240" step="2"/><N who="1" m="25847" /><E133/><V65/><F45/><W102/><G46/><T113/><D113/><U95/><E127/><V11/><F0/><W35/><G35/><T107/><D107/><U25/><E129/><V63/><REACH who="2" step="1"/><F80/><AGARI ba="2,2" hai="15,16,20,28,29,74,77,80,93,96,103,128,130,131" machi="80" ten="40,5200,0" yaku="1,1,19,1,54,1,53,0" doraHai="67" doraHaiUra="118" who="0" fromWho="2" sc="346,78,154,0,240,-58,240,0" /><INIT seed="2,0,0,2,0,56" ten="424,154,182,240" oya="2" hai0="43,110,135,118,21,120,78,30,95,88,105,18,12" hai1="40,38,34,122,60,57,19,68,2,85,94,65,28" hai2="64,129,93,100,15,127,113,128,47,61,13,45,115" hai3="20,4,22,23,51,27,46,102,52,69,44,24,134"/><V59/><F100/><W104/><G134/><T117/><D120/><U90/><E122/><V80/><F80/><W48/><G4/><T96/><D110/><U7/><E19/><V81/><F81/><W62/><G104/><T3/><D3/><U6/><E2/><V101/><F101/><W84/><G102/><T130/><D105/><U132/><E132/><V11/><F93/><W55/><G84/><T109/><D109/><U108/><E108/><V87/><F87/><W50/><G50/><T133/><D78/><U33/><E57/><V17/><F15/><W123/><G123/><T77/><D77/><U32/><REACH who="1" step="1"/><E28/><REACH who="1" ten="424,144,182,240" step="2"/><V67/><F127/><W0/><G0/><T5/><D30/><U63/><E63/><N who="2" m="38015" /><F17/><W98/><G98/><T126/><D135/><U26/><E26/><V66/><F13/><W36/><G36/><T16/><D18/><U39/><E39/><V14/><F14/><W9/><G9/><T72/><D133/><U71/><E71/><N who="2" m="42447" /><F11/><W125/><G125/><T124/><D124/><U97/><E97/><V82/><F67/><AGARI ba="0,1" hai="20,22,23,24,27,44,46,48,51,52,55,62,67,69" machi="67" ten="40,5200,0" yaku="9,1,52,1,54,1" doraHai="56" who="3" fromWho="2" sc="424,0,144,0,182,-52,240,62" /><INIT seed="3,0,0,3,0,79" ten="424,144,130,302" oya="3" hai0="129,42,78,6,48,5,96,67,121,110,9,10,14" hai1="86,57,36,77,66,115,0,12,125,114,101,118,17" hai2="99,27,65,45,26,74,7,107,127,124,70,19,58" hai3="59,134,108,23,73,18,95,8,82,105,49,68,76"/><W71/><G105/><T32/><D121/><U92/><E0/><V61/><F7/><W31/><G31/><T34/><D67/><U89/><E36/><V83/><F45/><W21/><G21/><T130/><D78/><U119/><E125/><N who="2" m="48203" /><F70/><W37/><G37/><T16/><D96/><N who="1" m="59527" /><E77/><N who="2" m="44471" /><F19/><W123/><G123/><T53/><D42/><U102/><E102/><AGARI ba="0,0" hai="26,27,58,61,65,99,102,107" m="44471,48203" machi="102" ten="30,2000,0" yaku="18,1,52,1" doraHai="79" who="2" fromWho="1" sc="424,0,144,-20,130,20,302,0" /><INIT seed="4,0,0,4,0,100" ten="424,124,150,302" oya="0" hai0="14,61,82,24,111,135,67,20,70,41,92,58,19" hai1="47,108,16,80,50,32,121,87,130,115,22,72,106" hai2="65,98,102,13,63,85,17,104,101,126,54,86,2" hai3="45,112,83,99,15,89,55,105,35,64,128,40,62"/><T12/><D135/><U88/><E108/><V46/><F126/><W110/><G110/><T103/><D111/><U39/><E121/><V59/><F2/><W23/><G35/><T97/><D41/><U29/><E39/><V123/><F123/><W44/><G112/><T122/><D122/><U7/><E115/><V71/><F46/><W119/><G119/><T33/><D33/><U25/><E130/><V56/><F102/><W43/><G55/><T132/><D132/><U8/><E72/><V3/><F3/><W84/><G105/><T109/><D109/><U48/><E106/><V57/><REACH who="2" step="1"/><F54/><REACH who="2" ten="424,124,140,302" step="2"/><W27/><G45/><T96/><D103/><U78/><E47/><V76/><F76/><W0/><G44/><T113/><D113/><U5/><E78/><V133/><F133/><W127/><G0/><T129/><D129/><U75/><E75/><V4/><F4/><W74/><G74/><T125/><D125/><U118/><E118/><V79/><F79/><W95/><G127/><T68/><D68/><U90/><E90/><V66/><F66/><W114/><G114/><T31/><D70/><U81/><E7/><V30/><F30/><W21/><G128/><T120/><D31/><U60/><E5/><V107/><F107/><W34/><G43/><T134/><D134/><U93/><E29/><V6/><F6/><W37/><G40/><T10/><D120/><U49/><E88/><V36/><F36/><W42/><G89/><T11/><D67/><U91/><E91/><V9/><AGARI ba="0,1" hai="9,13,17,56,57,59,63,65,71,85,86,98,101,104" machi="9" ten="30,4000,0" yaku="1,1,0,1,52,1,53,0" doraHai="100" doraHaiUra="51" who="2" fromWho="2" sc="424,-20,124,-10,140,50,302,-10" /><INIT seed="5,0,0,0,1,33" ten="404,114,190,292" oya="1" hai0="52,80,95,17,108,19,12,38,16,122,82,10,44" hai1="78,64,109,28,96,128,63,42,129,120,114,88,116" hai2="113,68,81,87,91,90,110,37,62,60,1,53,36" hai3="22,101,43,54,117,26,93,40,45,125,118,86,49"/><U84/><E116/><N who="3" m="44650" /><G125/><T0/><D108/><U127/><E120/><V105/><F105/><W97/><G86/><T25/><D0/><U111/><E127/><V30/><F110/><N who="1" m="41993" /><E42/><V55/><F113/><W89/><G89/><T106/><D106/><U59/><E114/><V32/><F32/><W57/><G57/><T121/><D95/><N who="1" m="56423" /><E28/><AGARI ba="0,0" hai="22,26,28,40,43,45,49,54,93,97,101" m="44650" machi="28" ten="30,1000,0" yaku="12,1" doraHai="33" who="3" fromWho="1" sc="404,0,114,-10,190,0,292,10" /><INIT seed="6,0,0,4,1,74" ten="404,104,190,302" oya="2" hai0="88,103,38,34,71,19,77,56,26,123,98,131,118" hai1="110,89,40,67,42,105,53,133,132,46,10,116,125" hai2="72,44,25,107,9,87,33,52,35,127,106,60,13" hai3="45,97,11,84,36,85,91,65,66,122,24,124,18"/><V90/><F72/><W48/><G36/><T134/><D71/><U58/><E105/><V95/><F127/><W75/><G75/><T96/><D123/><U20/><E89/><V6/><F35/><W0/><G122/><T128/><D38/><U63/><E20/><V31/><REACH who="2" step="1"/><F60/><REACH who="2" ten="404,104,180,302" step="2"/><W12/><G124/><T68/><D34/><U92/><E125/><V39/><F39/><W50/><G50/><AGARI ba="0,1" hai="6,9,13,25,31,33,44,50,52,87,90,95,106,107" machi="50" ten="40,7700,0" yaku="1,1,54,1,53,1" doraHai="74" doraHaiUra="47" who="2" fromWho="3" sc="404,0,104,0,180,87,302,-77" /><INIT seed="6,1,0,5,0,34" ten="404,104,267,225" oya="2" hai0="40,60,57,16,42,11,78,27,90,120,0,67,112" hai1="70,9,36,126,122,117,68,21,13,59,119,23,49" hai2="98,61,87,104,7,1,108,43,134,30,44,83,89" hai3="73,127,22,101,110,85,81,116,123,63,72,8,131"/><V128/><F128/><W102/><G123/><T26/><D120/><U82/><E36/><V93/><F134/><W48/><G116/><T31/><D78/><U10/><E122/><V35/><F108/><W38/><G38/><T19/><D0/><U109/><E109/><V54/><F104/><W53/><G110/><T18/><D112/><U106/><E82/><V25/><F61/><W41/><G73/><T88/><D11/><U66/><E106/><V51/><F7/><W91/><G72/><T96/><D96/><U47/><E126/><V111/><F111/><W118/><G118/><T121/><D121/><U74/><E74/><V135/><F135/><W105/><G105/><T114/><D114/><U3/><E59/><V14/><F14/><W56/><G131/><T103/><D103/><U32/><E32/><V71/><F71/><N who="1" m="27177" /><E66/><V62/><F1/><W2/><G22/><N who="1" m="8202" /><E3/><V39/><F62/><W132/><G132/><T29/><D26/><U80/><E80/><V79/><REACH who="2" step="1"/><F39/><REACH who="2" ten="404,104,257,225" step="2"/><W107/><G107/><T17/><D60/><U24/><E24/><V125/><F125/><W12/><G2/><T99/><D27/><U6/><E10/><V129/><F129/><W130/><G130/><T28/><D28/><U52/><E119/><V46/><F46/><N who="3" m="25679" /><G127/><T20/><D31/><U92/><E117/><V84/><F84/><W37/><G37/><T77/><D29/><U64/><E64/><V97/><F97/><W86/><G86/><T100/><D99/><U113/><E113/><V55/><AGARI ba="1,1" hai="25,30,35,43,44,51,54,55,79,83,87,89,93,98" machi="55" ten="30,11700,0" yaku="1,1,0,1,53,2" doraHai="34" doraHaiUra="50" who="2" fromWho="2" sc="404,-40,104,-40,257,130,225,-40" /><INIT seed="6,2,0,4,1,9" ten="364,64,387,185" oya="2" hai0="20,121,130,105,26,111,75,81,28,5,129,14,47" hai1="78,44,67,33,74,36,107,73,57,101,23,4,97" hai2="40,63,87,62,103,110,118,42,104,19,70,76,131" hai3="37,56,48,89,10,12,83,21,65,68,85,119,2"/><V66/><F118/><W82/><G37/><T45/><D111/><U90/><E33/><V60/><F110/><W39/><G39/><T72/><D121/><U91/><E4/><V27/><F131/><N who="0" m="50186" /><D105/><U77/><E74/><N who="0" m="28201" /><D81/><U59/><E57/><V32/><F87/><W92/><G2/><T135/><D135/><U61/><E23/><V99/><F76/><W58/><G68/><T64/><D64/><U11/><E11/><AGARI ba="2,0" hai="5,11,14,20,26,28,45,47" m="28201,50186" machi="11" ten="30,2000,0" yaku="19,1,52,1" doraHai="9" who="0" fromWho="1" sc="364,26,64,-26,387,0,185,0" /><INIT seed="7,0,0,5,4,57" ten="390,38,387,185" oya="3" hai0="74,19,129,62,11,65,24,55,61,23,135,40,21" hai1="26,35,117,12,68,89,59,64,18,13,103,80,105" hai2="115,39,132,120,5,69,131,51,53,78,113,14,108" hai3="54,101,29,106,48,66,126,99,133,98,17,71,85"/><W91/><G133/><T88/><D74/><U43/><E59/><V20/><F108/><W92/><G126/><T93/><D135/><U125/><E125/><V118/><F132/><W15/><G29/><N who="0" m="17551" /><D129/><U22/><E117/><V82/><F118/><W3/><G3/><T27/><D65/><U95/><E43/><V102/><F39/><W16/><G98/><N who="0" m="57639" /><D40/><U109/><E109/><V10/><F131/><W111/><G111/><T38/><D38/><U107/><E80/><V94/><F120/><W86/><G86/><T32/><D32/><U31/><E105/><V87/><F20/><W49/><G49/><T45/><D11/><U60/><E95/><V81/><F81/><W124/><G124/><T79/><D79/><U97/><REACH who="1" step="1"/><E89/><REACH who="1" ten="390,28,387,185" step="2"/><V28/><F69/><W130/><G92/><T44/><D45/><U119/><E119/><V42/><F42/><W56/><G91/><T114/><D114/><N who="2" m="43530" /><F28/><W9/><G106/><T1/><D1/><U75/><E75/><V41/><F41/><W110/><G110/><T70/><D70/><U36/><E36/><V7/><F94/><W46/><G71/><T63/><D44/><U84/><E84/><V104/><F104/><W72/><G85/><T100/><D100/><U25/><AGARI ba="0,1" hai="12,13,18,22,25,26,31,35,60,64,68,97,103,107" machi="25" ten="20,12000,2" yaku="1,1,0,1,7,1,25,2,52,1,53,1" doraHai="57" doraHaiUra="67" who="1" fromWho="1" sc="390,-30,28,130,387,-30,185,-60" owari="360,45.0,158,-24.0,357,16.0,125,-37.0" /></mjloggm>