<mjloggm ver="2.3"><GO type="169"/><UN n0="%E6%94%B9%E6%82%9B%E4%B8%80%E5%8F%B7" n1="%E3%81%AF%E3%81%90%E3%82%8C%E3%83%9F%E3%83%B3%E3%83%88" n2="%E6%A3%92%E8%A7%92" n3="%EF%BC%88%E2%89%A7%E2%96%BD%E2%89%A6%EF%BC%89" dan="17,16,16,18" rate="2161,2067,2075,2231" sx="M,F,M,M"/><TAIKYOKU oya="0"/><INIT seed="0,0,0,4,1,49" ten="250,250,250,250" oya="0" hai0="19,123,95,81,2,38,69,101,108,96,26,113,80" hai1="34,102,47,41,70,21,10,68,72,131,87,106,64" hai2="133,23,42,94,5,48,36,77,8,11,61,56,118" hai3="45,54,55,67,84,17,89,90,83,65,91,50,32"/><T44/><D113/><U93/><E72/><V73/><F118/><W135/><G32/><T15/><D123/><U103/><E34/><V125/><F11/><W115/><G115/><T110/><D2/><U98/><E131/><V92/><F23/><W27/><G135/><T127/><D69/><U105/><E10/><V53/><F133/><W31/><G31/><T122/><D122/><U85/><E21/><V3/><F125/><W12/><G27/><T99/><D127/><U28/><E28/><V76/><F76/><W112/><G112/><T1/><D1/><U120/><E120/><V121/><F121/><W107/><G107/><T33/><D33/><U7/><E7/><V22/><F22/><W6/><G6/><T88/><D26/><U116/><E116/><V66/><F77/><N who="3" m="46191" /><G55/><T129/><D129/><U128/><E128/><V24/><F24/><W37/><G37/><T119/><D119/><U134/><E134/><V35/><F73/><W100/><G100/><T82/><D19/><U39/><E64/><V74/><F74/><W14/><G14/><T63/><D15/><U43/><E43/><V9/><F35/><W13/><G13/><T58/><D44/><U25/><E25/><V40/><F5/><W132/><G132/><T71/><D71/><N who="1" m="27179" /><E103/><V78/><F3/><W18/><G18/><T57/><D38/><U51/><E39/><V30/><F30/><W109/><G109/><N who="0" m="42091" /><D63/><U29/><E29/><V117/><F117/><W75/><G75/><T16/><D16/><U62/><E62/><V79/><F36/><W0/><G0/><T124/><D124/><RYUUKYOKU ba="0,0" sc="250,10,250,10,250,-30,250,10" hai0="57,58,80,81,82,88,95,96,99,101" hai1="41,47,51,85,87,93,98,102,105,106" hai3="12,17,45,50,54,65,67,89,90,91" /><INIT seed="0,1,0,3,2,79" ten="260,260,220,260" oya="0" hai0="68,67,94,61,66,55,69,120,122,98,87,52,102" hai1="63,0,129,90,62,101,22,40,123,13,28,77,130" hai2="25,76,18,95,119,50,7,12,71,84,31,73,4" hai3="92,20,10,35,117,65,118,47,57,134,27,21,59"/><T104/><D104/><U48/><E123/><V93/><F71/><W17/><G134/><T108/><D108/><U58/><E0/><V6/><F73/><W39/><G35/><T128/><D128/><N who="1" m="49259" /><E101/><V30/><F119/><W83/><G39/><T19/><D19/><N who="1" m="10607" /><E28/><V125/><F125/><W110/><G110/><T11/><D11/><U105/><E105/><V56/><F31/><W32/><G32/><T2/><D2/><U80/><E90/><V126/><F126/><W5/><G21/><T26/><D26/><U44/><E58/><V15/><F15/><W86/><G57/><T64/><D87/><AGARI ba="1,0" hai="40,44,48,62,63,77,80,87" m="10607,49259" machi="87" ten="30,2000,0" yaku="19,1,52,1" doraHai="79" who="1" fromWho="0" sc="260,-23,260,23,220,0,260,0" /><INIT seed="1,0,0,1,0,0" ten="237,283,220,260" oya="1" hai0="112,120,5,83,98,117,26,101,92,46,44,94,65" hai1="67,17,68,95,124,45,70,125,8,88,18,91,10" hai2="19,3,64,90,100,51,32,48,116,55,130,61,81" hai3="1,58,16,34,29,42,127,60,59,113,76,57,110"/><U107/><E107/><V111/><F32/><W56/><G113/><T115/><D117/><U119/><E45/><V123/><F116/><W87/><G1/><T54/><D120/><U12/><E119/><V93/><F123/><W66/><G127/><N who="1" m="48714" /><E67/><V25/><F3/><W30/><G110/><T79/><D65/><U132/><E132/><V114/><F111/><W84/><G42/><T38/><D92/><U20/><E10/><V103/><F81/><N who="3" m="47143" /><G34/><T75/><D26/><N who="1" m="14607" /><E91/><V53/><F114/><W118/><G118/><T105/><D94/><U6/><E18/><V73/><F73/><W2/><G2/><T7/><D46/><U24/><E24/><V50/><F103/><W49/><G49/><T122/><D122/><U62/><E62/><V78/><F100/><W11/><G87/><AGARI ba="0,0" hai="6,8,12,68,70,87,88,95" m="14607,48714" machi="87" ten="30,5800,0" yaku="18,1,52,1,54,1" doraHai="0" who="1" fromWho="3" sc="237,0,283,58,220,0,260,-58" /><INIT seed="1,1,0,2,5,37" ten="237,341,220,202" oya="1" hai0="31,105,85,103,43,77,120,49,33,88,25,12,53" hai1="42,117,69,133,112,76,70,86,16,59,1,126,127" hai2="75,90,56,6,78,79,71,11,47,23,106,10,116" hai3="36,19,32,14,81,111,110,87,95,65,72,66,134"/><U63/><E117/><V9/><F71/><W27/><G72/><T3/><D120/><U8/><E112/><V67/><F106/><W128/><G95/><T104/><D3/><U108/><E133/><V60/><F116/><W125/><G134/><T58/><D103/><U28/><E28/><V130/><F130/><W91/><G128/><T50/><D77/><U100/><E100/><V129/><F129/><W7/><G125/><N who="1" m="47626" /><E108/><N who="3" m="41514" /><G7/><T114/><D114/><U46/><E1/><V107/><F107/><W26/><G36/><T48/><D12/><N who="1" m="7175" /><E86/><V113/><F113/><W84/><G84/><T97/><D97/><U83/><E83/><V62/><F75/><W24/><G32/><T17/><D17/><U121/><E76/><V22/><F6/><W82/><G82/><T4/><D4/><U0/><E0/><V45/><F79/><W122/><G122/><T99/><D99/><U44/><E44/><V55/><F90/><W41/><G91/><T20/><D33/><U52/><E121/><V64/><F78/><N who="3" m="46519" /><G41/><T115/><D115/><U21/><E21/><AGARI ba="1,0" hai="14,19,21,24,26,27,65,66" m="46519,41514" machi="21" ten="30,1000,0" yaku="14,1" doraHai="37" who="3" fromWho="1" sc="237,0,341,-13,220,0,202,13" /><INIT seed="2,0,0,3,1,56" ten="237,328,220,215" oya="2" hai0="28,53,121,39,97,45,112,1,108,80,49,25,18" hai1="75,9,131,52,10,87,115,95,66,130,96,6,72" hai2="120,58,42,71,38,105,30,93,51,86,8,21,36" hai3="101,7,64,17,12,85,19,82,125,41,81,65,43"/><V122/><F105/><W46/><G101/><T63/><D121/><U100/><E115/><V0/><F71/><W84/><G7/><T109/><D112/><U111/><E111/><N who="0" m="42569" /><D1/><U23/><E66/><V114/><F114/><W107/><G107/><T127/><D127/><U40/><E40/><V35/><F35/><W29/><G29/><T11/><D39/><U15/><E23/><V67/><F38/><W14/><REACH who="3" step="1"/><G46/><REACH who="3" ten="237,328,220,205" step="2"/><T31/><D45/><U117/><E117/><V91/><F122/><W73/><G73/><T106/><D31/><U32/><E32/><V54/><F120/><W119/><G119/><T92/><D28/><U116/><E116/><V98/><F36/><W88/><G88/><T134/><D106/><U99/><E87/><V37/><F37/><W103/><G103/><T22/><D134/><U133/><E133/><V24/><F86/><W79/><G79/><T118/><D118/><U135/><E135/><V60/><F0/><W61/><G61/><T124/><D63/><U57/><E99/><V26/><F98/><W78/><G78/><T94/><D97/><U77/><E10/><V102/><F8/><W4/><G4/><T90/><D11/><U55/><E55/><V129/><F54/><W3/><G3/><T2/><D2/><U83/><REACH who="1" step="1"/><E75/><REACH who="1" ten="237,318,220,205" step="2"/><V110/><F110/><W74/><G74/><T76/><D53/><U62/><AGARI ba="0,2" hai="6,9,15,52,57,62,72,77,83,95,96,100,130,131" machi="62" ten="30,12000,2" yaku="1,1,2,1,0,1,52,1,54,1,53,1" doraHai="56" doraHaiUra="104" who="1" fromWho="1" sc="237,-30,318,140,220,-60,205,-30" /><INIT seed="3,0,0,5,3,119" ten="207,458,160,175" oya="3" hai0="67,69,90,60,76,25,100,96,12,58,123,16,72" hai1="3,14,101,61,52,81,47,126,120,50,86,42,54" hai2="2,20,65,105,41,135,27,82,46,102,99,40,115" hai3="129,88,55,70,113,85,4,66,125,26,77,92,103"/><W13/><G113/><T1/><D1/><U62/><E120/><V57/><F115/><W95/><G129/><T78/><D72/><U83/><E3/><V108/><F2/><W131/><G131/><T107/><D90/><U35/><E35/><V37/><F135/><W17/><G125/><T114/><D114/><U130/><E126/><V31/><F41/><W124/><G124/><T110/><D110/><U44/><E130/><V48/><F108/><W134/><G134/><T39/><D39/><U132/><E132/><V23/><F82/><W8/><G77/><T97/><D97/><U32/><E32/><V18/><F65/><W7/><G70/><T30/><D58/><U118/><E118/><V64/><F64/><W9/><G66/><T133/><D133/><U24/><E24/><V93/><F57/><W45/><G26/><T71/><D71/><U6/><E101/><V121/><F105/><W15/><G17/><T98/><D98/><U73/><E73/><V128/><F128/><W111/><G111/><T106/><D106/><U59/><E83/><V74/><F74/><W53/><G45/><N who="1" m="17482" /><E42/><V87/><F121/><W116/><G116/><T49/><D49/><N who="1" m="31119" /><E14/><V63/><F63/><W89/><G103/><T43/><D43/><U38/><E6/><V28/><F37/><W80/><G80/><T29/><D123/><U84/><E38/><V94/><F23/><W19/><G19/><T91/><D91/><AGARI ba="0,0" hai="18,20,27,28,31,40,46,48,87,91,93,94,99,102" machi="91" ten="40,1300,0" yaku="8,1" doraHai="119" who="2" fromWho="0" sc="207,-13,458,0,160,13,175,0" /><INIT seed="4,0,0,0,2,132" ten="194,458,173,175" oya="0" hai0="12,108,64,50,104,90,56,5,109,97,6,124,21" hai1="20,16,8,7,128,95,126,58,10,74,129,127,39" hai2="73,78,135,113,19,121,0,117,24,77,35,130,61" hai3="25,134,89,118,63,116,44,103,92,68,96,75,71"/><T67/><D21/><U99/><E39/><V13/><F121/><W15/><G134/><T14/><D50/><U31/><E58/><V23/><F135/><W42/><G75/><T47/><D47/><U48/><E48/><V98/><F117/><W93/><G25/><T66/><D56/><U22/><E74/><V52/><F130/><N who="1" m="50281" /><E31/><V4/><F73/><W72/><G72/><T1/><D1/><N who="1" m="111" /><E10/><V29/><F113/><W2/><G2/><T45/><D45/><U28/><E28/><V57/><F98/><W17/><G63/><T106/><D90/><N who="1" m="55799" /><E22/><V102/><F102/><W101/><G101/><T114/><D114/><U69/><E69/><V34/><F34/><W85/><G116/><T36/><D97/><U11/><E11/><AGARI ba="0,0" hai="0,4,11,13,19,23,24,29,35,52,57,61,77,78" machi="11" ten="40,5200,0" yaku="24,2,54,1" doraHai="132" who="2" fromWho="1" sc="194,0,458,-52,173,52,175,0" /><INIT seed="5,0,0,1,5,51" ten="194,406,225,175" oya="1" hai0="113,57,76,103,90,23,83,84,18,47,117,93,37" hai1="4,68,106,50,65,75,67,70,109,42,128,26,115" hai2="59,58,14,108,134,36,119,112,120,8,52,123,62" hai3="44,32,5,7,33,87,114,130,45,111,85,21,39"/><U49/><E75/><V24/><F119/><W25/><G111/><T133/><D117/><U88/><E106/><V2/><F108/><W105/><G105/><T12/><D113/><U0/><E109/><V55/><F36/><W46/><G114/><T13/><D133/><U132/><E115/><V92/><F112/><W82/><G39/><T102/><D12/><U110/><E132/><V97/><F2/><W38/><G38/><T17/><D17/><U89/><E110/><V99/><F24/><W91/><G130/><T129/><D129/><U104/><E128/><V116/><F116/><W20/><G20/><T40/><REACH who="0" step="1"/><D57/><REACH who="0" ten="184,406,225,175" step="2"/><U80/><E70/><V125/><F134/><W30/><G7/><T131/><D131/><U34/><E4/><V15/><F125/><W124/><G124/><T101/><D101/><U22/><E68/><V86/><F123/><W16/><G5/><T60/><D60/><U95/><E0/><V1/><F120/><W96/><G30/><T35/><D35/><U31/><E34/><V78/><F1/><W94/><REACH who="3" step="1"/><G87/><AGARI ba="0,1" hai="13,18,23,37,40,47,76,83,84,87,90,93,102,103" machi="87" ten="30,3900,0" yaku="1,1,7,1,53,1" doraHai="51" doraHaiUra="10" who="0" fromWho="3" sc="184,49,406,0,225,0,175,-39" /><INIT seed="6,0,0,1,4,50" ten="233,406,225,136" oya="2" hai0="68,30,74,104,72,14,117,5,38,48,107,95,111" hai1="51,133,6,2,55,24,132,25,7,119,105,20,62" hai2="129,114,59,39,22,56,71,98,115,63,21,10,46" hai3="15,19,66,49,47,97,52,36,83,128,87,43,45"/><V4/><F71/><W40/><G128/><T106/><D38/><U65/><E119/><V11/><F98/><W121/><G121/><T34/><D68/><U112/><E105/><V70/><F70/><W16/><G66/><T116/><D111/><U23/><E112/><V58/><F63/><W69/><G69/><T127/><D127/><U29/><E62/><V37/><F46/><W73/><G73/><T113/><D113/><N who="2" m="43018" /><F4/><W108/><G108/><T35/><D48/><U131/><E65/><V44/><F44/><W122/><G122/><T27/><D95/><U82/><E131/><V77/><F77/><W89/><G40/><T13/><D5/><U118/><E82/><V130/><F10/><N who="3" m="6263" /><G19/><T102/><D102/><U85/><E85/><V93/><F11/><W76/><G76/><T101/><D101/><U64/><E118/><N who="0" m="45673" /><D72/><U33/><E64/><V57/><N who="2" m="14848" /><DORA hai="81" /><V99/><F39/><W100/><G100/><T28/><D74/><U53/><E7/><V78/><F78/><W90/><G90/><T96/><D96/><AGARI ba="0,0" hai="36,43,45,47,49,52,83,87,89,96,97" m="6263" machi="96" ten="30,8000,1" yaku="25,1,52,2,54,2" doraHai="50,81" who="3" fromWho="0" sc="233,-80,406,0,225,0,136,80" /><INIT seed="7,0,0,1,0,118" ten="153,406,225,216" oya="3" hai0="104,125,35,111,18,49,108,66,92,16,10,90,53" hai1="40,51,46,131,28,68,101,112,79,115,70,135,109" hai2="12,60,121,5,88,87,126,65,93,45,97,2,106" hai3="95,20,52,72,59,39,94,37,17,11,82,124,69"/><W15/><G69/><T26/><D104/><U127/><E109/><V83/><F2/><W9/><G124/><T29/><D125/><U32/><E79/><V44/><F106/><W36/><G72/><T74/><D74/><U114/><E101/><V123/><F126/><W38/><G82/><T64/><D108/><U1/><E1/><V22/><F22/><W128/><G128/><T67/><D111/><U113/><E127/><V3/><F12/><W98/><G38/><T30/><D30/><U120/><E135/><V63/><F63/><W133/><G133/><T84/><REACH who="0" step="1"/><D10/><REACH who="0" ten="143,406,225,216" step="2"/><U105/><E70/><N who="2" m="42279" /><F3/><W7/><G11/><T14/><D14/><U86/><E68/><V27/><F27/><W34/><G34/><T107/><D107/><U43/><E32/><V25/><F25/><W21/><G21/><T8/><D8/><U85/><E86/><V99/><F97/><W77/><G98/><T134/><D134/><U110/><E85/><V73/><F73/><W47/><G9/><T89/><D89/><U102/><E51/><V24/><F24/><W58/><G15/><T100/><D100/><U0/><E102/><N who="2" m="60783" /><F5/><W41/><G7/><T80/><D80/><U42/><E105/><V132/><F132/><W31/><G37/><T48/><D48/><U96/><E46/><V78/><F88/><W129/><G39/><T103/><D103/><U116/><E96/><V6/><F6/><W62/><G36/><T57/><AGARI ba="0,1" hai="16,18,26,29,35,49,53,57,64,66,67,84,90,92" machi="57" ten="30,4000,0" yaku="1,1,0,1,54,1,53,0" doraHai="118" doraHaiUra="33" who="0" fromWho="0" sc="143,50,406,-10,225,-10,216,-20" owari="193,-31.0,396,49.0,215,2.0,196,-20.0" /></mjloggm>