<mjloggm ver="2.3"><GO type="225"/><UN n0="%EF%BC%88%E2%89%A7%E2%96%BD%E2%89%A6%EF%BC%89" n1="%E3%81%99%E3%81%AA%E3%81%8F%E3%81%98%E3%82%89" n2="%E3%83%95%E3%82%A7%E3%83%BC%E3%83%AA%E3%81%9F%E3%82%93" n3="%E9%AB%98%E7%94%BA%E3%83%B4%E3%82%A3%E3%83%B4%E3%82%A3%E3%82%AA%E2%98%86" dan="16,16,16,16" rate="2086,2036,2101,2018" sx="M,M,M,M"/><TAIKYOKU oya="0"/><INIT seed="0,0,0,4,5,50" ten="250,250,250,250" oya="0" hai0="110,130,33,84,39,134,83,133,55,22,26,57,37" hai1="116,60,113,49,21,45,93,114,89,125,103,76,7" hai2="53,59,115,94,86,51,34,100,29,104,9,10,14" hai3="112,78,2,128,31,74,24,4,43,96,131,25,102"/><T44/><D33/><U71/><E116/><V132/><F115/><N who="1" m="44041" /><E125/><V56/><F132/><N who="0" m="50794" /><D44/><U36/><E36/><V41/><F104/><N who="3" m="63559" /><G43/><T91/><D130/><N who="3" m="49705" /><G112/><T119/><D110/><U129/><E103/><V12/><F34/><W118/><G118/><T18/><D119/><U16/><E129/><V38/><F38/><W5/><G2/><T19/><D18/><U70/><E76/><V85/><F29/><W90/><G90/><T48/><AGARI ba="0,0" hai="19,22,26,37,39,48,55,57,83,84,91" m="50794" machi="48" ten="30,3000,0" yaku="20,1,52,1" doraHai="50" who="0" fromWho="0" sc="250,30,250,-10,250,-10,250,-10" /><INIT seed="0,1,0,2,4,74" ten="280,240,240,240" oya="0" hai0="38,12,17,112,84,44,26,119,131,91,70,41,135" hai1="89,15,102,62,34,52,92,8,114,115,51,30,29" hai2="90,101,64,32,49,80,19,111,99,82,28,68,16" hai3="130,69,128,86,11,54,31,33,56,24,123,79,116"/><T93/><D119/><U10/><E102/><V23/><F111/><W5/><G69/><T124/><D70/><U71/><E34/><V73/><F49/><W94/><G116/><T7/><D112/><N who="1" m="43051" /><E62/><V65/><F68/><W105/><G105/><T120/><D120/><U6/><E8/><V133/><F133/><W59/><G123/><T0/><D135/><U100/><E100/><V13/><F19/><W110/><G110/><T39/><D131/><N who="3" m="50217" /><G54/><T121/><D121/><U46/><E71/><V81/><F73/><W57/><G94/><T37/><D26/><U40/><E40/><V104/><REACH who="2" step="1"/><F90/><REACH who="2" ten="280,240,230,240" step="2"/><W2/><G59/><T83/><D38/><U78/><E78/><V50/><F50/><W36/><G36/><T25/><D39/><U18/><E6/><V117/><F117/><W47/><G47/><T126/><D7/><U48/><E51/><V96/><F96/><AGARI ba="1,1" hai="10,15,18,29,30,46,48,52,89,92,96" m="43051" machi="96" ten="30,2000,0" yaku="11,1,54,1" doraHai="74" who="1" fromWho="2" sc="280,0,240,33,230,-23,240,0" /><INIT seed="1,0,0,1,1,114" ten="280,273,207,240" oya="1" hai0="108,42,39,47,118,25,61,1,107,2,103,91,29" hai1="130,131,17,89,49,124,44,32,5,122,80,76,35" hai2="11,135,88,22,45,40,129,133,127,95,16,119,105" hai3="74,68,4,110,56,100,93,112,94,92,38,70,126"/><U125/><E122/><V111/><F111/><W26/><G112/><T71/><D91/><U24/><E5/><V96/><F129/><N who="1" m="49161" /><E89/><N who="2" m="55407" /><F127/><N who="1" m="48713" /><E17/><V31/><F119/><W83/><G4/><T113/><D113/><U72/><E24/><V33/><F105/><W19/><G110/><T132/><D108/><U104/><E104/><V20/><F11/><W46/><G26/><T121/><D121/><U36/><E36/><V58/><F58/><W87/><G19/><T54/><D25/><U55/><AGARI ba="0,0" hai="32,35,44,49,55,72,76,80" m="48713,49161" machi="55" ten="30,3000,0" yaku="19,1,18,1" doraHai="114" who="1" fromWho="1" sc="280,-10,273,30,207,-10,240,-10" /><INIT seed="1,1,0,0,5,13" ten="270,303,197,230" oya="1" hai0="112,131,53,72,60,12,135,70,33,109,32,64,10" hai1="31,6,15,18,126,69,4,113,8,116,50,40,89" hai2="58,106,93,43,17,134,110,48,105,127,46,74,130" hai3="28,119,45,38,78,2,81,9,3,36,22,115,117"/><U19/><E69/><V118/><F118/><N who="3" m="45067" /><G115/><T114/><D72/><U37/><E37/><N who="3" m="14442" /><G45/><T21/><D114/><U63/><E126/><V7/><F110/><W26/><G9/><T65/><D109/><U54/><E113/><V47/><F127/><W56/><G56/><T71/><D112/><U88/><E31/><V121/><F130/><W59/><G59/><T95/><D131/><U101/><E101/><V27/><F121/><W94/><G94/><T99/><D10/><N who="1" m="4567" /><E116/><V111/><F106/><W80/><G80/><T57/><D70/><U91/><E63/><V107/><F105/><W52/><G52/><T83/><D83/><U96/><E96/><V5/><F107/><W82/><G82/><T41/><D65/><U120/><E120/><V44/><F111/><W90/><G90/><T0/><D64/><U73/><E73/><AGARI ba="1,0" hai="2,3,22,26,28,73,78,81" m="14442,45067" machi="73" ten="30,1000,0" yaku="12,1" doraHai="13" who="3" fromWho="1" sc="270,0,303,-13,197,0,230,13" /><INIT seed="2,0,0,3,5,100" ten="270,290,197,243" oya="2" hai0="104,129,56,21,29,119,130,38,40,102,121,54,125" hai1="93,112,95,79,61,17,109,81,103,22,80,101,68" hai2="50,94,66,131,55,45,4,115,114,123,32,98,41" hai3="28,1,51,13,107,31,99,15,52,58,118,88,83"/><V49/><F123/><W19/><G118/><T132/><D121/><U59/><E112/><V85/><F131/><N who="0" m="50186" /><D125/><U48/><E109/><V8/><F32/><W5/><G1/><T77/><D77/><U0/><E0/><V18/><F18/><W26/><G26/><N who="0" m="16591" /><D132/><U11/><E11/><V117/><F66/><W35/><G35/><T71/><D71/><U76/><E48/><V84/><F117/><W33/><G33/><T24/><D24/><N who="1" m="14415" /><E68/><V6/><F115/><W60/><G107/><T10/><D10/><U91/><E95/><V86/><F8/><N who="3" m="4239" /><G60/><T36/><D40/><U16/><E16/><V53/><F114/><W122/><G122/><T72/><D72/><U126/><E126/><V127/><F127/><W97/><G97/><N who="0" m="61519" /><D119/><U20/><E20/><V65/><F65/><W113/><G113/><T62/><AGARI ba="0,0" hai="36,38,54,56,62" m="61519,16591,50186" machi="62" ten="30,2000,0" yaku="19,1,52,1" doraHai="100" who="0" fromWho="0" sc="270,20,290,-5,197,-10,243,-5" /><INIT seed="3,0,0,2,0,32" ten="290,285,187,238" oya="3" hai0="64,134,123,38,25,3,70,55,62,100,11,110,24" hai1="130,13,43,99,41,74,42,44,81,36,79,103,7" hai2="14,90,2,126,67,52,6,119,111,109,56,69,33" hai3="51,101,53,23,84,121,93,94,86,22,113,89,58"/><W37/><G113/><T48/><D123/><U125/><E125/><V76/><F119/><W95/><G121/><T80/><D134/><U71/><E71/><V20/><F126/><W46/><G101/><T50/><D100/><U29/><E130/><V115/><F115/><W21/><G37/><T34/><D110/><N who="2" m="41994" /><F33/><W104/><G104/><T65/><D38/><U4/><E29/><V92/><F76/><W18/><G86/><T61/><D34/><U9/><REACH who="1" step="1"/><E4/><REACH who="1" ten="290,275,187,238" step="2"/><V8/><F69/><W0/><G0/><T39/><D3/><U72/><E72/><V127/><F127/><W75/><G75/><T35/><D35/><U120/><E120/><V78/><F78/><W19/><G46/><T112/><D39/><U63/><E63/><N who="0" m="24073" /><D70/><U107/><AGARI ba="0,1" hai="7,9,13,36,41,42,43,44,74,79,81,99,103,107" machi="107" ten="20,2700,0" yaku="1,1,0,1,7,1,53,0" doraHai="32" doraHaiUra="129" who="1" fromWho="1" sc="290,-7,275,37,187,-7,238,-13" owari="283,8.0,312,41.0,180,-32.0,225,-17.0" /></mjloggm>