<mjloggm ver="2.3"><GO type="137"/><UN n0="%63%68%69%67%6F" n1="%64%6F%79%61%73%61" n2="%EF%BC%88%E2%89%A7%E2%96%BD%E2%89%A6%EF%BC%89" n3="%42%6C%6F%6E" dan="13,12,11,12" rate="1753,1651,1960,1784" sx="M,M,M,M"/><TAIKYOKU oya="0"/><INIT seed="0,0,0,1,4,26" ten="250,250,250,250" oya="0" hai0="2,60,10,38,39,76,107,48,15,46,91,75,18" hai1="86,72,33,88,93,54,105,116,29,28,90,127,16" hai2="95,125,19,67,102,45,121,55,96,23,25,49,17" hai3="32,80,56,3,103,42,74,1,129,59,53,58,65"/><T128/><D107/><U50/><E116/><V82/><F121/><W97/><G129/><T69/><D128/><U131/><E72/><V34/><F125/><W12/><G42/><T101/><D101/><U43/><E105/><V115/><F115/><W51/><G65/><T106/><D106/><U27/><E131/><V21/><F67/><W130/><G130/><T79/><D69/><U11/><E127/><V113/><F113/><W134/><G134/><T61/><D75/><U109/><E109/><V30/><REACH who="2" step="1"/><F82/><REACH who="2" step="2"/><W31/><G80/><T22/><D39/><U117/><E117/><V110/><F110/><W133/><G133/><T84/><D38/><U8/><E33/><V104/><F104/><W68/><G32/><T37/><D37/><U83/><E43/><V78/><F78/><W123/><G123/><T124/><D124/><U44/><E8/><V66/><F66/><W81/><G81/><T111/><D111/><U0/><E0/><V35/><F35/><W71/><G1/><T126/><D126/><U70/><E70/><V118/><F118/><W77/><G3/><T92/><D2/><U99/><REACH who="1" step="1"/><E27/><REACH who="1" step="2"/><V87/><F87/><W122/><G71/><T119/><D119/><U47/><E47/><V20/><AGARI ba="0,2" hai="17,19,20,21,23,25,30,34,45,49,55,95,96,102" machi="20" ten="30,4000,0" yaku="1,1,0,1,52,1,53,0" doraHai="26" doraHaiUra="100" who="2" fromWho="2" sc="250,-20,240,-10,240,60,250,-10" /><INIT seed="1,0,0,4,0,103" ten="230,230,300,240" oya="1" hai0="69,82,116,109,92,59,27,76,36,93,21,123,20" hai1="135,67,43,63,65,4,133,134,89,15,101,70,24" hai2="94,84,128,47,114,73,1,45,14,6,12,0,11" hai3="78,131,120,48,99,34,17,132,46,16,9,115,55"/><U112/><E112/><V91/><F73/><W18/><G120/><T29/><D116/><U28/><E43/><V38/><F114/><W10/><G115/><T97/><D123/><U122/><E122/><V64/><F128/><W13/><G131/><T56/><D36/><U61/><E101/><V5/><F64/><W127/><G127/><T44/><D69/><U41/><E41/><V26/><F26/><W81/><G132/><T130/><D130/><U58/><E89/><V71/><F71/><W87/><G34/><T40/><D109/><U96/><E96/><V95/><F38/><W117/><G117/><T53/><D40/><U102/><E102/><V125/><F125/><W35/><G35/><T72/><D93/><U77/><E77/><V57/><F57/><W90/><G9/><T75/><D75/><U126/><E126/><V68/><F68/><W107/><REACH who="3" step="1"/><G90/><REACH who="3" step="2"/><T33/><D33/><U39/><E39/><V51/><F91/><W105/><G105/><T121/><D121/><U129/><E129/><V22/><F11/><W79/><G79/><T108/><D108/><U52/><E65/><V106/><F106/><W37/><G37/><T60/><D21/><U3/><E3/><V80/><F22/><W83/><G83/><T66/><D44/><U124/><E124/><V119/><F80/><W42/><G42/><T88/><D56/><U49/><E63/><V31/><F119/><W19/><G19/><T118/><REACH who="0" step="1"/><D118/><REACH who="0" step="2"/><U113/><E113/><V85/><F31/><W98/><G98/><T30/><D30/><U54/><E28/><V23/><F23/><RYUUKYOKU ba="0,2" sc="220,10,230,-30,300,10,230,10" hai0="20,27,29,53,59,60,66,72,76,82,88,92,97" hai2="0,1,5,6,12,14,45,47,51,84,85,94,95" hai3="10,13,16,17,18,46,48,55,78,81,87,99,107" /><INIT seed="2,1,2,1,0,1" ten="230,200,310,240" oya="2" hai0="91,83,98,44,88,71,128,74,30,123,87,67,81" hai1="100,72,110,15,58,21,70,34,52,56,105,107,18" hai2="33,22,2,85,47,20,109,41,75,43,8,64,90" hai3="42,104,127,68,5,29,125,133,101,10,54,126,28"/><V16/><F75/><W17/><G133/><T7/><D71/><U3/><E70/><V77/><F33/><W124/><N who="3" m="32256" /><DORA hai="76" /><W95/><G104/><T112/><D67/><U102/><E72/><V111/><F77/><W96/><G68/><T46/><D112/><U40/><E34/><V103/><F103/><W94/><G42/><N who="2" m="15881" /><F64/><W114/><G114/><T49/><D123/><U35/><E35/><V66/><F66/><W31/><G17/><T82/><D128/><U99/><E3/><V115/><F47/><W11/><G11/><T106/><D30/><U73/><E73/><V19/><F115/><W24/><G95/><T116/><D116/><U131/><E131/><V93/><F2/><W120/><G54/><T122/><D122/><U129/><E129/><V59/><F59/><W13/><REACH who="3" step="1"/><G120/><REACH who="3" step="2"/><T89/><D106/><U25/><E40/><V4/><F8/><W51/><G51/><T36/><D36/><U9/><E107/><V65/><F65/><W50/><G50/><T55/><D7/><U61/><E58/><V12/><F4/><W117/><G117/><T134/><D134/><U45/><E45/><V32/><F19/><W23/><AGARI ba="1,3" hai="5,10,13,23,24,28,29,31,94,96,101" m="32256" machi="23" ten="60,12000,2" yaku="1,1,0,1,18,1,52,1,53,3" doraHai="1,76" doraHaiUra="86,26" who="3" fromWho="3" sc="230,-31,200,-31,310,-61,230,153" /><INIT seed="3,0,0,1,2,13" ten="199,169,249,383" oya="3" hai0="86,110,4,61,80,57,69,19,5,58,99,76,40" hai1="46,48,122,131,49,117,70,84,87,134,68,34,24" hai2="100,64,31,1,63,66,105,29,37,60,78,28,81" hai3="126,7,124,73,96,94,113,32,54,8,67,20,119"/><W0/><G32/><T98/><D110/><U41/><E122/><V72/><F1/><W27/><G119/><T6/><D69/><U10/><E117/><V22/><F37/><W23/><G113/><T45/><D58/><U30/><E10/><V108/><F108/><W97/><G73/><T107/><D107/><U18/><E134/><V59/><F22/><W128/><G67/><T12/><D61/><U65/><E131/><V112/><F112/><W21/><G128/><T116/><D57/><U82/><E49/><V111/><F111/><W89/><G96/><T56/><D56/><U42/><E42/><V85/><F72/><W39/><G54/><T75/><D116/><U102/><E102/><V130/><F130/><W77/><G77/><T43/><D75/><U93/><E93/><V104/><REACH who="2" step="1"/><F100/><REACH who="2" step="2"/><W35/><G39/><T106/><D106/><U53/><E68/><AGARI ba="0,1" hai="28,29,31,59,60,63,64,66,68,78,81,85,104,105" machi="68" ten="40,2600,0" yaku="1,1,2,1,53,0" doraHai="13" doraHaiUra="14" who="2" fromWho="1" sc="199,0,169,-26,239,36,383,0" /><INIT seed="4,0,0,5,2,59" ten="199,143,275,383" oya="0" hai0="49,93,74,8,37,43,29,77,87,35,91,83,68" hai1="110,119,9,12,48,23,42,33,52,73,113,96,21" hai2="127,111,26,25,123,92,114,58,14,10,27,1,118" hai3="115,78,64,70,31,134,131,130,72,125,121,75,40"/><T54/><D68/><U71/><E73/><N who="3" m="28234" /><G31/><T103/><D43/><U62/><E71/><V51/><F123/><W45/><G78/><T100/><D37/><U30/><E119/><V117/><F111/><W4/><G121/><T3/><D35/><U94/><E110/><V82/><F1/><W129/><G115/><T34/><D34/><U2/><E2/><V128/><F114/><W13/><G13/><T46/><D29/><U19/><E113/><V20/><F128/><W66/><G66/><T65/><D65/><U36/><E33/><V69/><F69/><W135/><G4/><T90/><REACH who="0" step="1"/><D90/><REACH who="0" step="2"/><N who="1" m="55383" /><E36/><V67/><F67/><W22/><G125/><T80/><D80/><U133/><E42/><V85/><F82/><W86/><G70/><T41/><D41/><U104/><E30/><V16/><F127/><W122/><G64/><T107/><D107/><U38/><E104/><V17/><F118/><W44/><G122/><T120/><D120/><U84/><E38/><V50/><F117/><W102/><G40/><T106/><D106/><U88/><E133/><V112/><F112/><W57/><G135/><T99/><D99/><U5/><E5/><AGARI ba="0,1" hai="3,5,8,46,49,54,74,77,83,87,91,93,100,103" machi="5" ten="40,2000,0" yaku="1,1,53,0" doraHai="59" doraHaiUra="18" who="0" fromWho="1" sc="189,30,143,-20,275,0,383,0" /><INIT seed="4,1,0,1,0,46" ten="219,123,275,383" oya="0" hai0="114,29,20,103,98,63,42,122,83,68,17,69,21" hai1="84,121,58,48,132,19,78,112,35,12,101,26,8" hai2="107,37,106,110,62,124,24,105,23,130,115,76,109" hai3="22,86,32,33,1,40,70,100,64,73,85,118,4"/><T47/><D122/><U131/><E121/><V30/><F130/><W65/><G118/><T27/><D114/><U15/><E101/><V77/><F115/><W80/><G73/><T6/><D83/><U74/><E112/><V45/><F124/><W41/><G70/><T134/><D6/><U60/><E132/><V82/><F62/><W39/><G100/><T75/><D75/><U123/><E123/><V31/><F31/><W90/><G39/><T67/><D134/><U120/><E120/><V81/><F81/><W61/><G1/><T129/><D129/><U18/><E131/><V71/><F71/><W126/><G126/><T3/><D3/><U125/><E125/><V92/><F92/><W38/><G38/><T88/><D20/><U55/><E74/><V108/><REACH who="2" step="1"/><F82/><REACH who="2" step="2"/><W113/><G113/><T16/><D69/><U87/><E35/><V135/><F135/><W96/><G33/><T10/><D10/><U11/><E26/><V49/><F49/><W116/><G32/><T57/><D68/><U9/><E9/><V127/><F127/><W79/><G61/><T36/><REACH who="0" step="1"/><D88/><REACH who="0" step="2"/><U102/><E102/><V54/><F54/><W111/><G90/><T72/><D72/><U59/><REACH who="1" step="1"/><E78/><REACH who="1" step="2"/><V94/><F94/><AGARI ba="1,3" hai="16,17,21,27,29,36,42,47,57,63,67,94,98,103" machi="94" ten="30,18000,2" yaku="1,1,7,1,25,2,54,1,53,1" doraHai="46" doraHaiUra="89" who="0" fromWho="2" sc="209,213,113,0,265,-183,383,0" /><INIT seed="4,2,0,5,0,105" ten="422,113,82,383" oya="0" hai0="78,86,68,22,33,18,28,39,69,27,6,117,4" hai1="31,57,71,94,120,122,83,53,61,13,58,3,106" hai2="50,17,131,113,60,129,132,96,36,59,54,118,70" hai3="34,130,51,1,135,38,125,37,128,42,104,133,2"/><T73/><D117/><U64/><E106/><V88/><F118/><W62/><G42/><T24/><D39/><N who="3" m="14857" /><G51/><T12/><D86/><U79/><E3/><N who="3" m="1034" /><G62/><T35/><D78/><U121/><E94/><N who="2" m="56391" /><F36/><W11/><G11/><T85/><D85/><U5/><E31/><V77/><F77/><W107/><G34/><N who="0" m="12811" /><D73/><U74/><REACH who="1" step="1"/><E53/><REACH who="1" step="2"/><V81/><F54/><W43/><G43/><T66/><D66/><U87/><E87/><V48/><F131/><N who="3" m="50219" /><G125/><T15/><D69/><U114/><E114/><V84/><F70/><W56/><G56/><T52/><D52/><U10/><AGARI ba="2,1" hai="5,10,13,57,58,61,64,71,74,79,83,120,121,122" machi="10" ten="40,5200,0" yaku="1,1,0,1,52,1,53,0" doraHai="105" doraHaiUra="95" who="1" fromWho="1" sc="422,-28,103,68,82,-15,383,-15" /><INIT seed="5,0,0,0,2,8" ten="394,171,67,368" oya="1" hai0="130,87,29,105,89,77,57,113,62,119,2,67,32" hai1="122,90,95,45,74,43,14,115,44,83,86,103,80" hai2="133,81,46,79,60,23,18,7,16,72,71,20,118" hai3="92,6,54,107,12,11,21,117,106,15,84,48,25"/><U75/><E122/><V64/><F118/><W96/><G117/><T110/><D119/><U38/><E115/><V125/><F125/><W19/><G25/><T51/><D113/><U13/><E103/><V85/><F133/><W24/><G84/><T98/><D110/><U101/><E101/><V100/><F100/><W97/><G24/><T33/><D130/><U61/><E61/><V50/><F7/><W123/><G97/><T59/><D2/><U82/><REACH who="1" step="1"/><E45/><REACH who="1" step="2"/><V124/><F124/><W66/><G123/><T0/><D105/><U65/><E65/><V68/><F68/><W42/><G66/><T10/><D67/><U91/><E91/><V9/><F72/><AGARI ba="0,1" hai="13,14,38,43,44,72,74,75,80,82,83,86,90,95" machi="72" ten="40,12000,1" yaku="1,1,52,2,53,1" doraHai="8" doraHaiUra="39" who="1" fromWho="2" sc="394,0,161,130,67,-120,368,0" owari="394,49,291,-11,-53,-55,368,17" /></mjloggm>