<mjloggm ver="2.3"><GO type="41"/><UN n0="%E9%87%8E%E4%B8%8A%E3%81%B6%E3%82%8A%E3%81%B6%E3%82%8A" n1="%E3%81%AE%E3%81%A9%E3%81%A3%E3%81%A1%2E" n2="%EF%BC%88%E2%89%A7%E2%96%BD%E2%89%A6%EF%BC%89" n3="%E3%81%8D%E3%82%85%E3%81%86%E3%82%8A%E6%B4%BE" dan="14,16,15,14" rate="1922,1981,1991,1988" sx="M,F,M,M"/><TAIKYOKU oya="0"/><INIT seed="0,0,0,2,2,53" ten="250,250,250,250" oya="0" hai0="128,103,89,109,115,86,126,82,10,31,48,79,88" hai1="95,23,70,94,7,134,110,59,116,2,57,46,91" hai2="25,106,41,123,49,84,55,100,76,39,13,0,11" hai3="3,4,30,118,83,33,19,90,21,92,120,119,5"/><T58/><D115/><U64/><E116/><V132/><F123/><W1/><G120/><T73/><D126/><U24/><E70/><V16/><F132/><W104/><G104/><T124/><D124/><U51/><E64/><V68/><F68/><W69/><G69/><T81/><D128/><U129/><E134/><V98/><F0/><W105/><G105/><T107/><D31/><U45/><E129/><V28/><F39/><W121/><G121/><T71/><D71/><U111/><E46/><V63/><F41/><W38/><G83/><T97/><D10/><U37/><E37/><V87/><F63/><W35/><G38/><T130/><D130/><U122/><E122/><V40/><F40/><W61/><G61/><T34/><D34/><N who="3" m="12809" /><G90/><N who="0" m="51535" /><D58/><N who="1" m="22027" /><E7/><N who="3" m="2634" /><G92/><T125/><D48/><U26/><E2/><N who="3" m="522" /><G30/><T133/><D125/><U42/><E94/><V60/><F106/><W56/><G56/><T131/><D131/><U62/><E62/><V112/><F60/><W77/><G118/><T52/><D52/><U114/><E114/><V135/><F55/><W65/><G65/><T43/><D43/><U108/><E23/><N who="2" m="15423" /><F112/><W80/><G119/><T47/><D47/><U101/><E101/><V102/><F135/><W36/><G36/><T54/><D54/><U127/><E127/><V14/><F102/><W93/><G93/><N who="0" m="58799" /><D133/><U78/><E78/><V32/><F76/><W9/><G77/><T99/><D107/><U96/><AGARI ba="0,0" hai="24,26,42,45,51,91,95,96,108,110,111" m="22027" machi="96" ten="40,8000,1" yaku="14,1,52,3" doraHai="53" who="1" fromWho="1" sc="250,-40,250,80,250,-20,250,-20" /><INIT seed="1,0,0,5,3,55" ten="210,330,230,230" oya="1" hai0="100,113,124,78,129,26,44,4,77,42,12,62,43" hai1="57,50,120,9,80,60,94,36,75,126,84,133,128" hai2="66,70,130,1,87,24,105,132,37,112,73,18,46" hai3="99,14,7,67,71,58,131,119,31,47,125,134,23"/><U109/><E120/><V22/><F73/><W52/><G134/><T3/><D3/><U61/><E36/><V83/><F105/><W92/><G131/><T79/><D113/><U25/><E128/><V0/><F112/><W101/><G125/><T30/><D124/><U123/><E123/><V82/><F130/><W106/><G119/><T91/><D129/><U93/><E75/><V110/><F132/><W6/><G106/><T20/><BYE who="3" /><D100/><U98/><E133/><V74/><F110/><W88/><G88/><T95/><D62/><U116/><E116/><V118/><F118/><W81/><G81/><T115/><D115/><U17/><E126/><V76/><F66/><UN n3="%E3%81%8D%E3%82%85%E3%81%86%E3%82%8A%E6%B4%BE" /><W107/><G107/><T45/><D4/><U19/><E109/><V111/><F70/><W89/><G89/><T117/><D12/><N who="1" m="7311" /><E25/><V5/><F111/><W49/><G71/><T34/><D34/><U86/><E19/><V56/><F1/><W21/><G14/><T127/><BYE who="3" /><D127/><U90/><E86/><V59/><F5/><W27/><G27/><UN n3="%E3%81%8D%E3%82%85%E3%81%86%E3%82%8A%E6%B4%BE" /><T96/><D117/><U10/><E10/><V53/><F0/><W35/><G35/><T16/><D30/><U54/><E94/><V51/><REACH who="2" step="1"/><F37/><REACH who="2" ten="210,330,220,230" step="2"/><W2/><G2/><T15/><REACH who="0" step="1"/><D26/><REACH who="0" ten="200,330,220,230" step="2"/><U65/><E65/><V39/><F39/><W28/><G67/><T85/><D85/><U13/><E13/><V69/><F69/><W64/><G6/><T104/><D104/><U97/><E97/><V135/><F135/><W11/><G7/><T122/><D122/><U32/><E32/><V40/><F40/><AGARI ba="0,2" hai="15,16,20,40,42,43,44,45,77,78,79,91,95,96" machi="40" ten="40,5200,0" yaku="1,1,8,1,54,1,53,0" doraHai="55" doraHaiUra="102" who="0" fromWho="2" sc="200,72,330,0,220,-52,230,0" /><INIT seed="2,0,0,4,0,28" ten="272,330,168,230" oya="2" hai0="105,52,117,62,128,91,30,63,87,94,54,125,109" hai1="80,38,127,25,6,44,50,111,57,97,7,8,55" hai2="82,70,58,31,110,92,79,101,51,76,61,16,56" hai3="83,84,130,49,35,102,131,1,37,124,77,85,13"/><V71/><F31/><W3/><G37/><T78/><D105/><U96/><E127/><V22/><F110/><W114/><G124/><T107/><D125/><U18/><E111/><V11/><F11/><W119/><G119/><T115/><D107/><U134/><E134/><V34/><F34/><W81/><G102/><T69/><D115/><U106/><E106/><V120/><F120/><W126/><G126/><T21/><D109/><U132/><E132/><V45/><F71/><W14/><G114/><T48/><D117/><U112/><E112/><V24/><F70/><W93/><G93/><T104/><D104/><U66/><E6/><V121/><F121/><W17/><G49/><T12/><D78/><N who="2" m="29738" /><F82/><W4/><G4/><T36/><D36/><U53/><E80/><V100/><F92/><W99/><G99/><T90/><D128/><U32/><E32/><V29/><F29/><W89/><G35/><T73/><D73/><U33/><E33/><V0/><F0/><W122/><G122/><T113/><D113/><U72/><E72/><V118/><F118/><W43/><G13/><T108/><D108/><U65/><E97/><V88/><F88/><W5/><G5/><T47/><D69/><U46/><E96/><V129/><F129/><N who="3" m="49163" /><G43/><N who="0" m="24703" /><D91/><U86/><E86/><V9/><F9/><AGARI ba="0,0" hai="1,3,9,14,17,77,81,83,84,85,89" m="49163" machi="9" ten="30,1000,0" yaku="19,1" doraHai="28" who="3" fromWho="2" sc="272,0,330,0,168,-10,230,10" /><INIT seed="3,0,0,3,1,133" ten="272,330,158,240" oya="3" hai0="117,54,71,21,85,110,98,122,39,94,84,126,132" hai1="44,5,1,77,124,31,40,42,9,127,34,6,116" hai2="135,56,26,37,64,18,45,70,48,99,102,12,66" hai3="111,3,58,134,95,67,59,128,115,104,125,107,0"/><W87/><G115/><T8/><D71/><U55/><E116/><V52/><F135/><W72/><G134/><T50/><D132/><U76/><E6/><V118/><F118/><W103/><G72/><T36/><D117/><U63/><E31/><V79/><F79/><W81/><G128/><T19/><D122/><U89/><E34/><V25/><F70/><W15/><G15/><T82/><D8/><U60/><E89/><V35/><F35/><W112/><G112/><T92/><D110/><U7/><E7/><V57/><F37/><W86/><G111/><T69/><D69/><U105/><E105/><V14/><F57/><W96/><G67/><N who="2" m="25641" /><F45/><W62/><G62/><T30/><D30/><U46/><E55/><V119/><F119/><W73/><G73/><T91/><D84/><U121/><E121/><V80/><F80/><W78/><G104/><T120/><D94/><U24/><E24/><N who="2" m="9323" /><F18/><W106/><G106/><T100/><D120/><U65/><E65/><V28/><F28/><W38/><G107/><T97/><D39/><U2/><E5/><V23/><F23/><W43/><G78/><T74/><D74/><U88/><E9/><V129/><F129/><W13/><G81/><T22/><D21/><U108/><E108/><V131/><F131/><W17/><G95/><AGARI ba="0,0" hai="12,14,48,52,56,95,99,102" m="9323,25641" machi="95" ten="30,2000,0" yaku="8,1,54,1" doraHai="133" who="2" fromWho="3" sc="272,0,330,0,158,20,240,-20" /><INIT seed="4,0,0,2,3,8" ten="272,330,178,220" oya="0" hai0="113,121,31,71,36,2,16,25,110,122,84,42,49" hai1="14,24,86,1,56,53,130,44,65,116,96,68,117" hai2="93,37,72,3,109,57,97,60,94,101,32,58,82" hai3="33,17,102,51,19,89,54,35,64,99,76,125,75"/><T30/><D2/><U85/><E1/><V98/><F109/><W123/><G125/><T7/><D113/><U21/><E130/><V59/><F37/><W87/><G64/><T52/><D71/><U129/><E129/><V104/><F3/><W22/><G123/><T103/><D103/><U120/><E120/><V27/><F60/><W66/><G66/><T4/><D110/><U115/><E115/><V48/><F48/><W90/><G75/><T9/><D84/><U95/><E117/><V107/><F32/><W0/><G0/><T46/><D30/><U80/><E116/><V88/><REACH who="2" step="1"/><F27/><REACH who="2" ten="272,330,168,220" step="2"/><W134/><G33/><T6/><D31/><U91/><E24/><V69/><F69/><W18/><G35/><T13/><REACH who="0" step="1"/><D25/><REACH who="0" ten="262,330,168,220" step="2"/><U63/><E68/><V15/><F15/><W124/><G87/><T81/><D81/><U26/><E86/><V38/><F38/><W5/><G22/><T133/><D133/><U92/><E80/><V39/><F39/><W83/><G134/><T62/><D62/><U45/><E26/><V74/><F74/><W23/><G23/><T108/><D108/><U127/><E21/><V40/><F40/><W105/><G83/><T114/><D114/><U34/><E34/><V20/><F20/><W119/><G119/><T41/><D41/><U55/><E14/><V128/><F128/><W61/><G61/><T70/><D70/><U77/><E85/><V11/><F11/><W43/><G43/><T10/><D10/><U50/><E63/><V28/><F28/><W135/><G135/><T78/><D78/><AGARI ba="0,2" hai="57,58,59,72,78,82,88,93,94,97,98,101,104,107" machi="78" ten="40,2600,0" yaku="1,1,54,1,53,0" doraHai="8" doraHaiUra="132" who="2" fromWho="0" sc="262,-26,330,0,168,46,220,0" /><INIT seed="5,0,0,4,1,102" ten="236,330,214,220" oya="1" hai0="122,30,133,77,110,73,14,66,44,45,9,80,52" hai1="105,130,0,97,121,39,93,104,53,92,87,15,23" hai2="79,123,134,20,125,67,74,41,76,51,4,111,13" hai3="31,99,7,22,32,24,34,90,29,68,63,40,84"/><U28/><E0/><V55/><F123/><W120/><G120/><T36/><D110/><U46/><E121/><V64/><F111/><W48/><G7/><T18/><D122/><U21/><E130/><V75/><F134/><W6/><G6/><T62/><D133/><U2/><E2/><V109/><F109/><W49/><G99/><T88/><D30/><U107/><E87/><V16/><F125/><W85/><G85/><T132/><D132/><U69/><E69/><V8/><F41/><W58/><G68/><T108/><D108/><U1/><E1/><V126/><F126/><W127/><G127/><T35/><D35/><U124/><E124/><V60/><F75/><W118/><G118/><T95/><D36/><U103/><E93/><V27/><F74/><W5/><G5/><T71/><REACH who="0" step="1"/><D52/><REACH who="0" ten="226,330,214,220" step="2"/><U96/><E28/><V38/><F38/><W89/><G31/><T72/><D72/><U113/><E39/><V59/><REACH who="2" step="1"/><F67/><REACH who="2" ten="226,330,204,220" step="2"/><N who="3" m="39415" /><G32/><T3/><D3/><U37/><E37/><V43/><F43/><W98/><G34/><T33/><D33/><U116/><E53/><V128/><F128/><W119/><G40/><T47/><D47/><AGARI ba="0,2" hai="4,8,13,16,20,27,47,51,55,59,60,64,76,79" machi="47" ten="30,8000,1" yaku="1,1,7,1,8,1,54,1,53,1" doraHai="102" doraHaiUra="10" who="2" fromWho="0" sc="226,-80,330,0,204,100,220,0" /><INIT seed="6,0,0,4,4,101" ten="146,330,304,220" oya="2" hai0="109,67,82,24,54,106,85,132,14,123,13,84,59" hai1="0,2,51,120,108,26,17,20,119,44,118,18,25" hai2="127,95,45,89,121,125,134,58,102,16,112,70,111" hai3="124,130,47,50,27,87,97,29,39,48,93,98,60"/><V86/><F121/><W3/><G3/><T46/><D123/><U41/><E108/><V126/><F70/><W52/><G39/><T30/><D109/><U40/><E120/><V56/><F111/><W90/><G130/><T12/><D132/><U131/><E131/><V114/><F134/><W76/><G124/><T72/><D67/><U38/><E38/><V116/><F116/><W105/><G76/><T135/><D135/><U104/><E104/><V65/><F45/><W133/><G133/><T36/><D36/><U57/><E57/><N who="2" m="22123" /><F65/><W53/><G60/><T100/><D46/><U69/><E69/><V21/><F102/><W94/><G105/><T1/><D1/><U64/><E64/><V113/><F127/><W22/><REACH who="3" step="1"/><G94/><REACH who="3" ten="146,330,304,210" step="2"/><T19/><D82/><U80/><E80/><V103/><F103/><W42/><G42/><T78/><D78/><U79/><E79/><V92/><F92/><W8/><G8/><T32/><D72/><U73/><E73/><V68/><F68/><W31/><G31/><T15/><D106/><U88/><E41/><V4/><F125/><W96/><G96/><T11/><REACH who="0" step="1"/><D100/><REACH who="0" ten="136,330,304,210" step="2"/><U6/><E0/><V35/><F126/><W115/><G115/><T74/><D74/><U63/><E2/><V43/><F114/><W7/><G7/><T107/><D107/><U128/><E6/><V28/><F4/><W66/><G66/><T122/><D122/><U99/><E128/><V34/><F113/><W129/><G129/><T62/><AGARI ba="0,2" hai="11,12,13,14,15,19,24,30,32,54,59,62,84,85" machi="62" ten="30,12000,2" yaku="1,1,0,1,53,4" doraHai="101" doraHaiUra="9" who="0" fromWho="0" sc="136,140,330,-30,304,-60,210,-30" /><INIT seed="7,0,0,2,1,12" ten="276,300,244,180" oya="3" hai0="124,82,109,22,97,34,63,118,8,25,35,72,126" hai1="43,61,28,33,58,1,104,19,98,24,116,107,56" hai2="86,44,45,41,135,7,80,125,9,111,47,64,76" hai3="62,99,49,30,121,128,66,84,38,93,3,27,112"/><W37/><G121/><T6/><D118/><U122/><E122/><V74/><F111/><W57/><G3/><T133/><D109/><U68/><E1/><V123/><F123/><W110/><G110/><T53/><D133/><U101/><E107/><V5/><F135/><W106/><G112/><T134/><D134/><U60/><E116/><V16/><F125/><N who="0" m="48234" /><D97/><U48/><E19/><V94/><F64/><W131/><G49/><T92/><D92/><U59/><REACH who="1" step="1"/><E68/><REACH who="1" ten="276,290,244,180" step="2"/><V119/><F119/><W71/><G106/><T17/><D72/><U50/><E50/><N who="2" m="26895" /><F74/><W67/><G84/><T89/><D63/><U105/><E105/><V75/><F75/><W78/><G71/><T32/><D82/><U114/><E114/><V18/><F94/><W85/><G66/><T39/><D39/><U31/><E31/><V79/><F79/><W96/><G78/><T117/><D117/><U51/><E51/><V113/><F113/><W23/><G85/><T115/><D115/><U20/><E20/><V42/><F42/><W100/><REACH who="3" step="1"/><G99/><REACH who="3" ten="276,290,244,170" step="2"/><T54/><D89/><U36/><E36/><AGARI ba="0,2" hai="23,27,30,36,37,38,57,62,67,93,96,100,128,131" machi="36" ten="40,12000,1" yaku="1,1,2,1,25,2,53,1" doraHai="12" doraHaiUra="91" who="3" fromWho="1" sc="276,0,290,-120,244,0,170,140" owari="276,8.0,170,-33.0,244,-16.0,310,41.0" /></mjloggm>