<mjloggm ver="2.3"><GO type="41"/><UN n0="%78%78%79%7A" n1="%E6%A1%9C%E7%94%B0%E3%83%95%E3%82%A1%E3%83%9F%E3%83%AA%E3%82%A2" n2="%EF%BC%AD%EF%BD%92%EF%BC%8E%E4%BA%9C%E7%A9%BA%E9%96%93" n3="%E3%82%A6%E3%83%AB%E3%83%88%E3%83%A9%E7%AB%8B%E7%9B%B4" dan="14,15,13,15" rate="1885,1914,1935,1994" sx="M,M,M,M"/><TAIKYOKU oya="0"/><INIT seed="0,0,0,3,0,28" ten="250,250,250,250" oya="0" hai0="103,32,34,131,4,8,29,12,31,67,61,41,101" hai1="54,55,57,91,112,98,17,89,35,92,16,86,80" hai2="90,114,102,118,115,109,2,59,15,9,19,33,113" hai3="134,46,72,81,44,42,53,38,119,25,97,135,24"/><T126/><D41/><U20/><E112/><V94/><F102/><W50/><G119/><T116/><D116/><U70/><E70/><V47/><F118/><W52/><G97/><T51/><D51/><U63/><E35/><V76/><F76/><W62/><G81/><T60/><D126/><U78/><E17/><V132/><F132/><N who="3" m="50731" /><G72/><T117/><D117/><U127/><E127/><V68/><F68/><W69/><G24/><T100/><D131/><U13/><REACH who="1" step="1"/><E55/><REACH who="1" step="2"/><V14/><F114/><W120/><G25/><T0/><D31/><U37/><E37/><V36/><F33/><W130/><G130/><T27/><D34/><U66/><E66/><V10/><F115/><W7/><G7/><T1/><REACH who="0" step="1"/><D67/><REACH who="0" step="2"/><U96/><E96/><V3/><F113/><W65/><G120/><T107/><D107/><U129/><E129/><V49/><F36/><W84/><G84/><T85/><D85/><U82/><E82/><V128/><F128/><W111/><G111/><T105/><D105/><U95/><E95/><V71/><F109/><W56/><G53/><T122/><D122/><U23/><E23/><V6/><F94/><W124/><G124/><T22/><D22/><U18/><E18/><V73/><F19/><W106/><G106/><T58/><D58/><AGARI ba="0,2" hai="38,42,44,46,50,52,56,58,62,65,69" m="50731" machi="58" ten="30,7700,0" yaku="20,1,34,2,54,1" doraHai="28" who="3" fromWho="0" sc="240,-77,240,0,250,0,250,97" /><INIT seed="1,0,0,1,1,6" ten="163,240,250,347" oya="1" hai0="8,42,123,97,63,76,55,104,102,61,85,9,18" hai1="81,59,28,21,33,78,50,105,29,69,82,48,127" hai2="75,34,100,106,56,120,113,4,101,80,110,47,88" hai3="49,114,41,23,90,92,73,70,46,54,117,87,94"/><U65/><E127/><V62/><F34/><W51/><G73/><T22/><D42/><U17/><E105/><V134/><F4/><W35/><G35/><T3/><D3/><U32/><E69/><V26/><F26/><W96/><G70/><T95/><D123/><U124/><E124/><V43/><F120/><W89/><G114/><T12/><D104/><U116/><E116/><V77/><F113/><W27/><G117/><T2/><D2/><U14/><E33/><V60/><F134/><W39/><REACH who="3" step="1"/><G54/><REACH who="3" step="2"/><T24/><D55/><N who="1" m="32231" /><E32/><V103/><F110/><W0/><G0/><T84/><D76/><U5/><E65/><V128/><F128/><W121/><G121/><T79/><D79/><U72/><E72/><V135/><F75/><W52/><G52/><T132/><D132/><U67/><E67/><V108/><F135/><W37/><G37/><T36/><D36/><U111/><E78/><V20/><F77/><W68/><G68/><T44/><D44/><U15/><E111/><V107/><F108/><W45/><G45/><T57/><D57/><U126/><E126/><V13/><F56/><W16/><AGARI ba="0,1" hai="16,23,27,39,41,46,49,51,87,89,90,92,94,96" machi="16" ten="20,5200,0" yaku="1,1,0,1,7,1,54,1,53,0" doraHai="6" doraHaiUra="130" who="3" fromWho="3" sc="163,-13,240,-26,250,-13,337,62" /><INIT seed="2,0,0,1,2,135" ten="150,214,237,399" oya="2" hai0="10,131,88,8,93,55,62,87,106,94,39,75,4" hai1="76,6,50,108,37,80,52,44,78,109,58,2,43" hai2="41,79,90,116,67,77,3,60,82,20,1,70,133" hai3="22,32,107,117,19,48,101,130,12,65,27,127,122"/><V46/><F133/><W89/><G122/><T100/><D75/><U14/><E14/><V129/><F129/><W59/><G117/><T15/><D39/><U0/><E78/><V73/><F79/><W118/><G118/><T61/><D131/><U29/><E29/><V81/><F116/><W26/><G101/><T7/><D106/><U23/><E23/><V71/><F71/><W125/><G107/><T95/><D55/><U119/><E119/><V56/><F20/><W40/><G32/><T16/><D100/><U91/><E91/><V111/><F111/><W72/><G72/><T13/><REACH who="0" step="1"/><D7/><REACH who="0" step="2"/><U33/><E6/><V24/><F73/><W86/><G130/><T30/><D30/><U97/><E52/><V36/><F36/><W53/><G65/><T134/><D134/><U112/><E37/><V45/><F67/><W102/><G40/><T110/><D110/><U126/><E112/><V64/><F41/><W28/><G102/><T35/><D35/><U25/><E108/><V68/><F64/><W84/><G28/><T51/><D51/><U57/><E109/><V113/><F113/><W128/><G128/><T99/><D99/><U92/><E33/><V34/><F34/><W47/><G86/><T49/><D49/><U104/><E104/><V103/><F103/><W85/><G85/><T18/><D18/><U54/><E54/><V132/><F132/><W42/><G42/><T83/><AGARI ba="0,1" hai="4,8,10,13,15,16,61,62,83,87,88,93,94,95" machi="83" ten="30,8000,1" yaku="1,1,0,1,8,1,54,2,53,0" doraHai="135" doraHaiUra="31" who="0" fromWho="0" sc="140,90,214,-20,237,-40,399,-20" /><INIT seed="3,0,0,4,2,75" ten="230,194,197,379" oya="3" hai0="115,60,85,94,17,67,133,80,110,122,45,43,5" hai1="124,135,9,79,86,49,35,28,7,19,134,90,46" hai2="117,92,63,6,109,68,18,16,108,4,97,83,76" hai3="27,8,14,69,42,116,11,87,114,22,15,111,118"/><W62/><G42/><T132/><D94/><U104/><E104/><V102/><F117/><W84/><G62/><T39/><D122/><U40/><E124/><V2/><F68/><W59/><G59/><T61/><D5/><U29/><E19/><V121/><F121/><W50/><G50/><T31/><D31/><U113/><E113/><V41/><F41/><W74/><G69/><T106/><D106/><U126/><E126/><V47/><F47/><W3/><G74/><T101/><D101/><U70/><E70/><V95/><F63/><W82/><G3/><T127/><D127/><U13/><E35/><V89/><F2/><W25/><G82/><T33/><D33/><U81/><REACH who="1" step="1"/><E90/><REACH who="1" step="2"/><V21/><F18/><W1/><G114/><T57/><D115/><U131/><E131/><V54/><F89/><W34/><G34/><T107/><D17/><U88/><E88/><V123/><F123/><W32/><G32/><T64/><D107/><U51/><E51/><V23/><F16/><W44/><G22/><T77/><REACH who="0" step="1"/><D110/><REACH who="0" step="2"/><U52/><E52/><V99/><F54/><W103/><G111/><T78/><D78/><U120/><E120/><V48/><F76/><W98/><G116/><T20/><D20/><U26/><E26/><V93/><F102/><W72/><G118/><T55/><D55/><U24/><E24/><V30/><F23/><W66/><G27/><T119/><D119/><U130/><E130/><V0/><F21/><W112/><G25/><T53/><D53/><U125/><E125/><V36/><F108/><W128/><G128/><T56/><AGARI ba="0,2" hai="39,43,45,56,57,60,61,64,67,77,80,85,132,133" machi="56" ten="30,8000,1" yaku="1,1,5,1,0,1,9,1,52,1,53,0" doraHai="75" doraHaiUra="12" who="0" fromWho="0" sc="220,100,184,-20,197,-20,379,-40" /><INIT seed="4,0,0,3,3,73" ten="320,164,177,339" oya="0" hai0="52,84,127,3,124,51,58,68,89,112,113,23,4" hai1="27,8,28,102,75,120,57,70,40,30,50,13,69" hai2="21,133,119,105,108,82,42,36,125,65,128,74,80" hai3="22,118,0,111,5,14,39,64,132,54,9,95,116"/><T91/><D4/><U109/><E120/><V115/><RYUUKYOKU type="yao9" ba="0,0" sc="320,0,164,0,177,0,339,0" hai2="21,36,42,65,74,80,82,105,108,115,119,125,128,133" /><INIT seed="4,1,0,3,0,123" ten="320,164,177,339" oya="0" hai0="116,72,130,36,93,110,49,129,64,75,106,6,21" hai1="43,29,22,113,40,79,120,8,31,125,82,74,19" hai2="5,1,46,114,122,108,131,83,127,103,4,81,135" hai3="9,16,89,78,47,65,95,59,97,118,33,107,124"/><T104/><D36/><U48/><E120/><V80/><F122/><W92/><G107/><T85/><D64/><U20/><E125/><V44/><F1/><W77/><G33/><T0/><D0/><U100/><E113/><V18/><F114/><W126/><G118/><T52/><D6/><U56/><E100/><V54/><F127/><N who="3" m="48683" /><G47/><T35/><D35/><U32/><E32/><V17/><F103/><W102/><G59/><T34/><D34/><U67/><E8/><V101/><F101/><W39/><G65/><T112/><D116/><U117/><E117/><V37/><F37/><W7/><G39/><T15/><D112/><U88/><E88/><V10/><F10/><W76/><G16/><N who="0" m="10399" /><D85/><U61/><E22/><V71/><F71/><W132/><G9/><T24/><D93/><U60/><E60/><V111/><F83/><W13/><G13/><T134/><D24/><U105/><E105/><V99/><F54/><W58/><G7/><T55/><D55/><U53/><E43/><V42/><F42/><W73/><G58/><N who="0" m="33039" /><D104/><U119/><E40/><V68/><F68/><W94/><G132/><T96/><D134/><U91/><E119/><V41/><F135/><W87/><G73/><T115/><D115/><U23/><E74/><V3/><F41/><W51/><G51/><T128/><D110/><U63/><E67/><V38/><F3/><W62/><G62/><T133/><D133/><U70/><E63/><V66/><F38/><W14/><G14/><T84/><D84/><U109/><E70/><V30/><F66/><W28/><G95/><T45/><D45/><RYUUKYOKU ba="1,0" sc="320,15,164,-15,177,-15,339,15" hai0="72,75,96,106,128,129,130" hai3="28,76,77,78,87,89,92,94,97,102" /><INIT seed="4,2,0,3,0,23" ten="335,149,162,354" oya="0" hai0="20,114,101,34,59,84,27,83,67,75,91,130,63" hai1="52,124,42,112,120,71,51,134,117,97,121,49,19" hai2="73,26,81,36,126,21,1,92,109,88,65,69,82" hai3="74,113,60,3,107,122,58,39,11,108,7,132,85"/><T4/><D34/><U123/><E97/><V2/><F109/><W70/><G58/><T17/><D114/><U93/><E117/><V87/><F36/><W86/><G85/><T76/><D101/><U104/><E104/><V30/><F126/><W125/><G86/><T22/><D130/><U29/><E29/><V43/><F43/><W116/><G60/><T72/><D4/><U46/><E93/><V16/><F65/><W98/><G98/><T47/><D47/><U37/><E19/><V28/><F69/><W38/><G11/><T64/><D64/><U53/><E124/><V89/><F2/><W115/><G7/><T45/><D45/><N who="1" m="27695" /><E71/><V99/><REACH who="2" step="1"/><F1/><REACH who="2" step="2"/><W68/><G39/><T41/><D41/><U44/><E112/><V14/><F14/><W119/><G70/><T133/><D133/><AGARI ba="2,1" hai="37,42,44,46,51,53,120,121,123,133,134" m="27695" machi="133" ten="40,5200,0" yaku="34,2,54,1" doraHai="23" who="1" fromWho="0" sc="335,-58,149,68,152,0,354,0" /><INIT seed="5,0,0,1,0,41" ten="277,217,152,354" oya="1" hai0="96,115,74,16,35,47,1,72,107,104,46,88,13" hai1="102,49,125,26,27,63,95,108,56,83,109,25,79" hai2="6,42,132,135,120,30,75,0,113,69,43,133,124" hai3="87,91,58,122,85,130,99,54,94,60,23,61,4"/><U97/><E125/><V29/><F124/><W103/><G122/><T12/><D35/><U81/><E49/><V19/><F120/><W127/><G127/><T37/><D37/><U38/><E38/><V50/><F69/><W111/><G111/><N who="1" m="42570" /><E79/><V101/><F101/><W21/><G130/><T126/><D126/><U128/><E128/><V118/><F75/><W114/><G114/><T55/><D1/><U89/><E102/><V98/><F98/><W33/><G33/><T134/><D55/><AGARI ba="0,0" hai="25,26,27,55,56,63,81,83,89,95,97" m="42570" machi="55" ten="30,1500,0" yaku="10,1" doraHai="41" who="1" fromWho="0" sc="277,-15,217,15,152,0,354,0" /><INIT seed="5,1,0,0,5,23" ten="262,232,152,354" oya="1" hai0="117,87,52,0,71,8,135,92,40,17,4,118,134" hai1="53,121,73,113,37,79,29,114,99,74,65,14,112" hai2="28,132,61,106,11,88,25,98,81,58,48,109,133" hai3="3,101,10,44,69,116,51,72,89,64,32,78,107"/><U122/><E37/><V2/><F109/><W5/><G116/><T12/><D71/><U57/><E65/><V80/><F2/><W105/><G89/><T115/><D40/><U27/><E14/><V15/><F48/><W13/><G13/><T127/><D115/><U103/><E79/><V63/><F106/><W62/><G101/><T66/><D66/><U123/><E53/><V76/><F63/><W91/><G91/><T130/><D87/><U9/><E9/><V125/><F125/><W84/><G84/><T59/><D92/><U24/><E57/><V68/><F68/><W54/><REACH who="3" step="1"/><G32/><REACH who="3" step="2"/><T110/><D127/><U7/><E74/><V104/><F76/><W128/><G128/><T97/><D130/><U39/><E73/><V102/><F81/><AGARI ba="1,1" hai="3,5,10,44,51,54,62,64,69,72,78,81,105,107" machi="81" ten="40,5200,0" yaku="1,1,53,2" doraHai="23" doraHaiUra="100" who="3" fromWho="2" sc="262,0,232,0,152,-55,344,65" /><INIT seed="6,0,0,4,3,24" ten="262,232,97,409" oya="2" hai0="128,98,115,119,118,130,0,50,135,28,41,40,78" hai1="20,109,61,1,63,59,131,77,62,12,97,71,7" hai2="37,66,79,2,95,9,4,70,17,57,45,100,34" hai3="56,6,84,110,67,108,105,121,3,80,31,123,88"/><V120/><F120/><W29/><G105/><T36/><D0/><U114/><E109/><V10/><F79/><W133/><G3/><T91/><D36/><U107/><E131/><V43/><F34/><W32/><G32/><T73/><D78/><U15/><E114/><V26/><F70/><W106/><G106/><T23/><D73/><U134/><E71/><V53/><F66/><W48/><G110/><T27/><D115/><U87/><E134/><V14/><F26/><W103/><G108/><T60/><D60/><U52/><E1/><V22/><F100/><W5/><G133/><T129/><D50/><U30/><E107/><V38/><F10/><W11/><G121/><T112/><D112/><U124/><E124/><V39/><REACH who="2" step="1"/><F95/><REACH who="2" step="2"/><W99/><G11/><T81/><D135/><U55/><E77/><V102/><F102/><W72/><G67/><T101/><D101/><U93/><E93/><V25/><F25/><W92/><G72/><T125/><D125/><U127/><E127/><V13/><F13/><W54/><G123/><T19/><D41/><U76/><E76/><V96/><F96/><W51/><G5/><T68/><D68/><U89/><E97/><V122/><F122/><W18/><G6/><T64/><D64/><U94/><E7/><V21/><F21/><W113/><G113/><T83/><D40/><U111/><E111/><V85/><F85/><W69/><G69/><T16/><D98/><U8/><E8/><V116/><F116/><N who="0" m="44586" /><D91/><U42/><E12/><V75/><F75/><W49/><G99/><T90/><D90/><U104/><E89/><RYUUKYOKU ba="0,1" sc="262,15,232,-15,87,15,409,-15" hai0="16,19,23,27,28,81,83,128,129,130" hai2="2,4,9,14,17,22,37,38,39,43,45,53,57" /><INIT seed="6,1,1,0,0,48" ten="277,217,102,394" oya="2" hai0="95,97,73,132,55,24,92,77,100,124,87,13,51" hai1="46,93,19,65,45,88,110,131,14,133,108,102,34" hai2="12,39,26,86,96,89,47,25,1,21,61,52,91" hai3="32,54,112,119,9,49,66,5,53,74,81,105,38"/><V18/><F1/><W62/><G119/><T122/><D73/><U104/><E34/><V70/><F39/><W27/><G38/><T2/><D2/><U50/><E133/><V8/><F70/><W30/><G105/><T82/><D122/><U67/><E131/><V33/><F33/><W15/><G112/><T123/><D123/><U118/><E118/><V126/><F126/><W121/><G121/><T72/><D132/><U4/><E4/><V23/><F96/><W107/><G107/><T125/><D24/><N who="2" m="9322" /><F91/><W134/><G134/><T83/><D13/><U57/><E104/><V127/><F127/><W35/><G35/><T42/><D42/><U76/><E102/><V71/><F71/><W68/><REACH who="3" step="1"/><G49/><REACH who="3" step="2"/><T28/><D125/><U113/><E113/><V116/><F116/><W7/><G7/><T63/><D124/><U11/><E108/><V130/><F130/><W128/><G128/><T90/><D63/><U84/><E110/><V3/><F3/><W79/><AGARI ba="1,2" hai="5,9,15,27,30,32,53,54,62,66,68,74,79,81" machi="79" ten="30,7900,0" yaku="1,1,0,1,52,2,53,0" doraHai="48" doraHaiUra="40" who="3" fromWho="3" sc="277,-21,217,-21,102,-40,384,102" /><INIT seed="7,0,0,3,4,6" ten="256,196,62,486" oya="3" hai0="110,39,4,66,10,89,88,114,103,59,74,12,73" hai1="109,78,91,80,98,113,46,33,102,19,20,112,105" hai2="130,25,121,40,94,13,24,8,108,120,133,100,1" hai3="54,23,49,45,117,107,95,31,17,128,26,84,29"/><W131/><G107/><T116/><D39/><U15/><E33/><V82/><F100/><W34/><G117/><T32/><D32/><U81/><E46/><V129/><F40/><W9/><G34/><T96/><D110/><U47/><E47/><V37/><F37/><W85/><G31/><T118/><D118/><U3/><E3/><V135/><F94/><W72/><G72/><T122/><D122/><N who="2" m="47210" /><F82/><W106/><G106/><T52/><D66/><U56/><E56/><V87/><F1/><W50/><G50/><T64/><D64/><U35/><E35/><V134/><F87/><W92/><G85/><T58/><D58/><U21/><E21/><V55/><F55/><W104/><G104/><T68/><D68/><U44/><E44/><V119/><F119/><W11/><G29/><T86/><D86/><U124/><E124/><V43/><F43/><W18/><G18/><T60/><D116/><U126/><E126/><V38/><F108/><W22/><G22/><T83/><D83/><U14/><E109/><V42/><F42/><W132/><G132/><T53/><D53/><U61/><E61/><V75/><F75/><W71/><G71/><T57/><D57/><U48/><E48/><V125/><F38/><W99/><G84/><T67/><D67/><U36/><E36/><V7/><F125/><W69/><G69/><T77/><D74/><N who="1" m="43095" /><E91/><V27/><AGARI ba="0,0" hai="7,8,13,24,25,27,129,130,133,134,135" m="47210" machi="27" ten="40,8000,1" yaku="20,1,13,1,34,2,52,1" doraHai="6" who="2" fromWho="2" sc="256,-20,196,-20,62,80,486,-40" owari="236,4,176,-22,142,-36,446,54" /></mjloggm>