<mjloggm ver="2.3"><GO type="225"/><UN n0="%E3%83%84%E3%82%AB%E3%83%B3%E3%83%9D%E3%83%97" n1="%E7%89%99%E6%B1%AA" n2="%E9%80%A2%E9%AD%94%E3%81%8C%E6%99%82" n3="%EF%BC%88%E2%89%A7%E2%96%BD%E2%89%A6%EF%BC%89" dan="16,16,16,16" rate="2028,2133,2088,2035" sx="M,M,M,M"/><TAIKYOKU oya="0"/><INIT seed="0,0,0,5,1,110" ten="250,250,250,250" oya="0" hai0="72,43,34,125,105,38,45,67,91,16,80,12,119" hai1="11,102,133,104,75,73,117,86,109,40,107,54,93" hai2="47,31,77,61,98,124,18,52,1,3,79,127,132" hai3="64,26,115,92,17,66,113,90,83,84,48,78,28"/><T131/><D105/><N who="1" m="40523" /><E40/><V89/><F31/><W74/><G17/><T114/><D34/><U7/><E54/><V85/><F98/><W10/><G10/><T122/><D125/><N who="2" m="48202" /><F18/><W33/><REACH who="3" step="1"/><G48/><REACH who="3" ten="250,250,250,240" step="2"/><T6/><D119/><U25/><E11/><V108/><F132/><W134/><G134/><T57/><D16/><U37/><E37/><V69/><F3/><W70/><G70/><T58/><D38/><U101/><E133/><V5/><F1/><W44/><G44/><T53/><D45/><U35/><E7/><V82/><F5/><W51/><G51/><T87/><D6/><U130/><E35/><V111/><F47/><W68/><G68/><T23/><D23/><U60/><E60/><V121/><F121/><W0/><G0/><T135/><D135/><U42/><E42/><V118/><F118/><W39/><G39/><T100/><D43/><U21/><E117/><V41/><F41/><W2/><G2/><T56/><D56/><U126/><E126/><V88/><F69/><W8/><G8/><T129/><D57/><U62/><E62/><V120/><F120/><W96/><G96/><T46/><D58/><U50/><E130/><V99/><F61/><W65/><AGARI ba="0,1" hai="26,28,33,64,65,66,74,78,83,84,90,92,113,115" machi="65" ten="30,8000,1" yaku="1,1,0,1,52,2,53,1" doraHai="110" doraHaiUra="76" who="3" fromWho="3" sc="250,-40,250,-20,250,-20,240,90" /><INIT seed="1,0,0,2,1,121" ten="210,230,230,330" oya="1" hai0="51,19,49,88,38,22,40,75,127,102,82,25,70" hai1="16,128,23,119,103,60,83,118,130,20,57,2,32" hai2="73,94,64,65,58,26,117,27,91,76,30,14,61" hai3="95,10,37,36,9,111,109,80,6,85,104,28,99"/><U55/><E32/><V47/><F117/><N who="1" m="44553" /><E2/><V110/><F110/><N who="3" m="41995" /><G28/><T69/><D127/><U68/><E103/><V89/><F76/><N who="3" m="46215" /><G104/><T107/><D102/><U105/><E105/><V0/><F73/><W96/><G10/><T78/><D107/><U108/><E108/><V39/><F0/><N who="3" m="199" /><G99/><T79/><D78/><U56/><E68/><V63/><F30/><W92/><G92/><T112/><D70/><U97/><E83/><V29/><F94/><W11/><G11/><T100/><D82/><U35/><E97/><V15/><F29/><W31/><G31/><T34/><D34/><U50/><E35/><V84/><F84/><W101/><AGARI ba="0,0" hai="36,37,95,96,101" m="199,46215,41995" machi="101" ten="30,7900,0" yaku="14,1,52,3" doraHai="121" who="3" fromWho="3" sc="210,-20,230,-39,230,-20,330,79" /><INIT seed="2,0,0,4,4,6" ten="190,191,210,409" oya="2" hai0="91,18,26,29,83,121,104,108,4,86,40,59,23" hai1="101,115,110,0,114,56,131,80,126,22,93,3,1" hai2="87,48,11,84,43,38,25,42,135,99,82,97,9" hai3="113,88,100,53,8,13,111,98,77,123,85,62,27"/><V63/><F38/><W51/><G77/><T33/><D108/><U119/><E110/><V66/><F135/><W68/><G27/><T24/><D121/><U55/><E119/><V64/><F25/><W132/><G132/><T21/><D104/><U107/><E107/><V2/><F2/><W133/><G133/><T120/><D120/><U34/><E34/><V78/><F48/><W20/><G20/><T73/><D73/><U128/><E80/><V35/><F35/><W5/><G113/><N who="1" m="43018" /><E22/><V117/><F117/><W118/><G118/><T92/><D33/><U69/><E69/><V12/><F12/><W31/><G31/><T105/><D105/><U61/><E93/><V50/><F50/><W37/><G37/><T30/><D40/><N who="2" m="15402" /><F87/><W71/><G111/><T44/><D4/><U72/><E101/><V7/><F7/><W96/><G123/><T57/><D44/><U16/><E72/><V79/><F79/><W45/><G62/><T58/><D18/><U103/><E103/><V67/><F63/><W65/><G100/><T52/><D92/><U32/><E32/><V14/><F14/><W28/><G28/><T125/><D125/><U95/><E95/><V54/><F54/><AGARI ba="0,0" hai="21,23,24,26,29,30,52,54,57,58,59,83,86,91" machi="54" ten="40,5200,0" yaku="9,1,8,1,54,1" doraHai="6" who="0" fromWho="2" sc="190,52,191,0,210,-52,409,0" /><INIT seed="3,0,0,2,0,109" ten="242,191,158,409" oya="3" hai0="18,74,124,57,40,125,36,92,108,99,98,107,63" hai1="83,29,59,2,34,45,130,66,65,78,0,94,33" hai2="42,52,126,31,80,28,27,1,6,127,9,39,11" hai3="67,61,58,111,55,32,73,23,104,14,129,86,110"/><W87/><G14/><T19/><D74/><U79/><E130/><V47/><F47/><W24/><G58/><T26/><D108/><U60/><E45/><V116/><F80/><W135/><G55/><T93/><D40/><U114/><E114/><V113/><F42/><W22/><G87/><T100/><D36/><U81/><E94/><V77/><F116/><W75/><G22/><N who="0" m="13655" /><D107/><U76/><E66/><V122/><F77/><W37/><G37/><T85/><D85/><U3/><REACH who="1" step="1"/><E29/><REACH who="1" ten="242,181,158,409" step="2"/><V15/><F122/><W131/><G131/><T105/><D93/><U30/><E30/><V72/><F72/><W49/><G75/><T97/><D92/><U118/><E118/><V41/><F113/><W71/><G73/><T25/><D105/><U50/><E50/><V132/><F41/><W10/><G104/><T20/><D100/><U121/><E121/><V21/><F39/><W95/><G129/><T44/><D44/><U117/><E117/><V70/><F70/><W8/><G71/><T91/><D125/><N who="2" m="47626" /><F132/><W96/><G135/><T120/><D120/><U88/><E88/><V133/><F133/><W13/><G110/><T115/><D115/><U119/><E119/><V5/><F52/><W35/><G111/><T128/><D128/><U12/><E12/><V102/><F102/><W43/><G13/><T89/><D124/><U103/><E103/><V64/><F64/><AGARI ba="0,1" hai="19,20,25,57,63,64,89,91,97,98,99" m="13655" machi="64" ten="30,1000,0" yaku="8,1" doraHai="109" who="0" fromWho="2" sc="242,20,181,0,158,-10,409,0" owari="262,6.0,181,-22.0,148,-35.0,409,51.0" /></mjloggm>