<mjloggm ver="2.3"><GO type="41"/><UN n0="%E5%BB%83%E4%BA%BA%E9%81%94%E9%9B%86%E5%90%88" n1="%62%6F%6E%73%69%72" n2="%73%68%6F%74%61%6B%75%6E" n3="%E3%82%A6%E3%83%AB%E3%83%88%E3%83%A9%E7%AB%8B%E7%9B%B4" dan="13,13,16,15" rate="1855,2061,2048,2002" sx="M,M,M,M"/><TAIKYOKU oya="0"/><INIT seed="0,0,0,0,2,128" ten="250,250,250,250" oya="0" hai0="39,77,20,108,135,81,15,59,27,66,45,2,53" hai1="125,92,122,101,85,134,26,17,74,116,87,117,93" hai2="5,46,79,14,10,67,37,110,75,6,49,36,56" hai3="114,40,35,95,25,31,76,38,65,62,16,126,109"/><T98/><D2/><U100/><E122/><V97/><F110/><W111/><G114/><T11/><D108/><N who="3" m="41545" /><G76/><T94/><D45/><U104/><E17/><V63/><F5/><W55/><G55/><T24/><D66/><U78/><E26/><V73/><F75/><W9/><G95/><T28/><D39/><U51/><E51/><V23/><F97/><W72/><G72/><T21/><D81/><U118/><E125/><V47/><F46/><W121/><G126/><T18/><D77/><U57/><E57/><V64/><F64/><W96/><G96/><T102/><D135/><U88/><E134/><V32/><F32/><W106/><G40/><T3/><D3/><U133/><E133/><V29/><F29/><W105/><G38/><T84/><D84/><N who="1" m="52231" /><E116/><V19/><F79/><W112/><G112/><T113/><D113/><U22/><E22/><V42/><REACH who="2" step="1"/><F73/><REACH who="2" ten="250,250,240,250" step="2"/><W48/><G121/><T123/><D123/><U44/><E44/><V0/><AGARI ba="0,1" hai="0,6,10,14,19,23,36,37,42,47,49,56,63,67" machi="0" ten="20,8000,1" yaku="1,1,2,1,0,1,7,1,53,1" doraHai="128" doraHaiUra="43" who="2" fromWho="2" sc="250,-40,250,-20,240,90,250,-20" /><INIT seed="1,0,0,1,0,110" ten="210,230,330,230" oya="1" hai0="28,56,119,126,17,116,128,103,63,50,58,42,24" hai1="65,134,54,92,41,99,31,27,112,64,14,105,59" hai2="66,60,86,70,48,121,0,120,45,111,52,87,62" hai3="113,127,4,96,84,69,10,2,16,124,102,73,51"/><U118/><E118/><V32/><F32/><W68/><G73/><T29/><D126/><N who="3" m="48169" /><G51/><T18/><D50/><U83/><E134/><V53/><F0/><W117/><G84/><T9/><D9/><U89/><E112/><V97/><F97/><W123/><G123/><T47/><D47/><U130/><E130/><V81/><F111/><W25/><G117/><T93/><D24/><U6/><E105/><V39/><F87/><W23/><G113/><T108/><D93/><AGARI ba="0,0" hai="2,4,10,16,23,25,68,69,93,96,102" m="48169" machi="93" ten="30,2000,0" yaku="18,1,54,1" doraHai="110" who="3" fromWho="0" sc="210,-20,230,0,330,0,230,20" /><INIT seed="2,0,0,0,4,9" ten="190,230,330,250" oya="2" hai0="28,65,56,59,109,97,34,20,92,43,78,91,47" hai1="130,122,52,81,114,60,66,99,115,49,120,27,126" hai2="123,11,128,87,32,70,46,3,58,105,110,42,135" hai3="63,111,124,127,84,35,104,77,7,93,24,74,10"/><V118/><RYUUKYOKU type="yao9" ba="0,0" sc="190,0,230,0,330,0,250,0" hai2="3,11,32,42,46,58,70,87,105,110,118,123,128,135" /><INIT seed="2,1,0,1,1,98" ten="190,230,330,250" oya="2" hai0="106,38,47,93,78,49,127,88,74,27,86,73,90" hai1="21,5,52,43,91,14,19,118,1,81,32,87,60" hai2="58,17,99,16,15,7,92,37,131,121,4,75,25" hai3="61,3,51,2,125,24,45,117,130,33,114,84,13"/><V104/><F121/><W120/><G24/><T67/><D38/><U96/><E118/><V82/><F104/><W65/><G13/><T95/><D67/><U18/><E32/><V46/><F131/><W35/><G84/><T63/><D63/><U132/><E132/><V89/><F37/><W50/><G65/><T116/><D116/><U122/><E122/><V69/><F69/><W115/><G45/><T8/><D106/><U128/><E128/><V57/><F75/><W29/><G29/><T123/><D123/><U77/><E1/><V109/><F46/><W20/><G20/><T30/><D8/><U66/><E5/><N who="2" m="2123" /><F109/><W53/><G130/><T97/><D78/><U0/><E0/><N who="3" m="42" /><G120/><T79/><D79/><U34/><E43/><V22/><F82/><W111/><G117/><T23/><REACH who="0" step="1"/><D127/><REACH who="0" ten="180,230,330,250" step="2"/><U133/><E133/><V26/><F25/><W64/><G125/><T39/><D39/><U59/><E66/><V40/><F40/><AGARI ba="1,1" hai="23,27,30,40,47,49,73,74,86,88,90,93,95,97" machi="40" ten="30,3900,0" yaku="1,1,7,1,54,1,53,0" doraHai="98" doraHaiUra="102" who="0" fromWho="2" sc="180,52,230,0,330,-42,250,0" /><INIT seed="3,0,0,3,5,89" ten="232,230,288,250" oya="3" hai0="58,64,70,27,104,125,83,0,49,77,46,11,45" hai1="100,93,132,67,117,71,33,75,69,114,91,129,9" hai2="3,68,8,4,37,73,88,97,59,63,72,96,116" hai3="99,38,53,28,94,57,85,22,56,21,130,62,76"/><W74/><G38/><T98/><D70/><U113/><E132/><V86/><F116/><W2/><G2/><T51/><D125/><U66/><E129/><V1/><F68/><W55/><G74/><T111/><D111/><U82/><E117/><V6/><F37/><W20/><G130/><T78/><D27/><U35/><E100/><V108/><F108/><W15/><G28/><T102/><D58/><U16/><E91/><V101/><F72/><W135/><G135/><T17/><D64/><U131/><E131/><V13/><F73/><W48/><G15/><T90/><D17/><U54/><E54/><V24/><F24/><W29/><G29/><T32/><D32/><U127/><E9/><V119/><F119/><W109/><G109/><T103/><D103/><U133/><E133/><V81/><F6/><W79/><REACH who="3" step="1"/><G85/><REACH who="3" ten="232,230,288,240" step="2"/><T47/><D0/><U112/><E127/><V80/><F3/><W41/><G41/><T34/><D34/><U40/><E40/><V84/><F1/><W110/><G110/><T52/><D11/><U123/><E35/><V95/><F86/><W121/><G121/><T31/><D31/><U25/><E123/><V23/><F97/><W39/><G39/><T44/><D51/><U42/><E42/><V43/><F43/><W61/><G61/><T26/><D26/><U7/><E33/><V115/><F84/><W18/><G18/><T124/><D124/><U19/><E75/><V120/><F120/><W87/><G87/><T36/><D36/><U105/><E112/><V60/><F60/><W10/><G10/><T30/><D30/><RYUUKYOKU ba="0,1" sc="232,15,230,-15,288,-15,240,15" hai0="44,45,46,47,49,52,77,78,83,90,98,102,104" hai3="20,21,22,48,53,55,56,57,62,76,79,94,99" /><INIT seed="3,1,1,4,4,46" ten="247,215,273,255" oya="3" hai0="64,22,132,103,20,42,109,104,60,84,75,35,125" hai1="27,74,28,32,61,51,135,96,1,127,55,58,2" hai2="13,123,5,126,43,54,57,3,33,111,100,62,118" hai3="72,49,92,124,26,52,80,11,113,50,121,81,133"/><W105/><G105/><T119/><D119/><U23/><E74/><V34/><F118/><W15/><G121/><T0/><D75/><U18/><E135/><V41/><F123/><W116/><G116/><T53/><D35/><U79/><E127/><V17/><F126/><W31/><G124/><T86/><D0/><U14/><E79/><V108/><F5/><W21/><G113/><T29/><D125/><U106/><E106/><V94/><F3/><W120/><G120/><T129/><D132/><U76/><E76/><V88/><F100/><W9/><G72/><T68/><D129/><U40/><E40/><V131/><F131/><W69/><G69/><T134/><D134/><U7/><E96/><N who="2" m="57415" /><F43/><W122/><G122/><T56/><D42/><U47/><REACH who="1" step="1"/><E7/><REACH who="1" ten="247,205,273,255" step="2"/><V87/><F41/><W83/><G133/><T25/><D109/><N who="2" m="42058" /><F87/><W48/><G92/><T71/><D86/><U90/><E90/><V89/><F89/><W101/><G101/><T98/><D84/><U73/><E73/><V77/><F77/><W36/><G36/><T63/><D22/><AGARI ba="1,2" hai="13,17,22,33,34,54,57,62" m="42058,57415" machi="22" ten="30,2000,0" yaku="14,1,54,1" doraHai="46" who="2" fromWho="0" sc="247,-23,205,0,273,43,255,0" /><INIT seed="4,0,0,3,2,99" ten="224,205,316,255" oya="0" hai0="13,23,92,47,104,135,4,51,38,109,62,124,133" hai1="63,30,34,102,8,69,2,127,48,58,49,57,9" hai2="128,79,85,95,1,122,125,7,70,54,12,10,42" hai3="53,105,43,25,112,59,67,52,36,61,131,74,89"/><T18/><D38/><U126/><E34/><V29/><F122/><W21/><G74/><T64/><D104/><U94/><E30/><V130/><F70/><W101/><G131/><N who="2" m="50217" /><F42/><W115/><G43/><T108/><D92/><U28/><E28/><V3/><F95/><W60/><G36/><T132/><D124/><N who="1" m="47659" /><E2/><N who="2" m="523" /><F125/><W96/><G89/><T6/><D51/><N who="1" m="19531" /><E69/><V56/><F79/><W123/><G123/><T50/><D50/><U81/><E81/><V118/><F85/><W15/><G15/><T82/><D82/><U16/><E63/><N who="2" m="36247" /><F29/><W78/><G78/><T77/><D47/><U32/><E32/><V80/><F80/><W45/><G45/><T86/><D86/><U120/><E120/><V129/><N who="2" m="50225" /><V19/><DORA hai="75" /><F118/><W121/><G121/><T26/><D77/><U22/><E57/><V5/><AGARI ba="0,0" hai="5,7,10,12,19" m="36247,523,50225" machi="5" ten="50,1600,0" yaku="19,1" doraHai="99,75" who="2" fromWho="2" sc="224,-8,205,-4,316,16,255,-4" /><INIT seed="5,0,0,3,2,0" ten="216,201,332,251" oya="1" hai0="29,108,75,68,16,117,90,109,110,50,80,112,21" hai1="48,26,99,101,45,106,104,36,121,129,67,59,116" hai2="119,5,3,69,13,97,64,58,9,34,39,120,88" hai3="1,122,124,56,133,103,60,63,4,71,87,47,78"/><U81/><E129/><V14/><F120/><W52/><G122/><T2/><D117/><U42/><E121/><V102/><F119/><W15/><G1/><T132/><D132/><U113/><E116/><V73/><F73/><W84/><G133/><T128/><D128/><U31/><E113/><V66/><F69/><W82/><G124/><T77/><D112/><U30/><E81/><V38/><F34/><W130/><G130/><T35/><D2/><U89/><E89/><V8/><F3/><W27/><G103/><T53/><D68/><U43/><E31/><V126/><F126/><W118/><G118/><T18/><D90/><U6/><E6/><N who="2" m="3223" /><F39/><W107/><G107/><T40/><D40/><U86/><E86/><V37/><F38/><W61/><G47/><T91/><D91/><U105/><E43/><V57/><F37/><W12/><G27/><T55/><D35/><U94/><E67/><N who="2" m="25643" /><F102/><W93/><G71/><T28/><D18/><U85/><E85/><V25/><F25/><W19/><G87/><T17/><D17/><U131/><E131/><V92/><AGARI ba="0,0" hai="5,9,14,57,58,88,92,97" m="25643,3223" machi="92" ten="30,7900,0" yaku="8,1,52,2,54,1" doraHai="0" who="2" fromWho="2" sc="216,-20,201,-39,332,79,251,-20" /><INIT seed="6,0,0,5,5,123" ten="196,162,411,231" oya="2" hai0="11,124,12,76,13,35,3,84,97,70,131,15,26" hai1="112,83,107,75,78,81,135,8,61,99,119,55,30" hai2="100,7,87,56,34,134,36,126,59,48,111,2,42" hai3="51,28,47,71,9,54,79,63,6,10,130,60,120"/><V127/><F34/><W82/><G120/><T40/><D70/><U27/><E112/><V25/><F36/><W93/><G130/><T90/><D131/><U116/><E135/><V77/><F134/><W21/><G71/><T32/><D124/><N who="2" m="47658" /><F100/><W85/><G93/><T37/><D37/><U5/><E83/><N who="2" m="47599" /><F2/><W133/><G133/><T66/><D66/><U74/><E55/><V4/><F25/><W19/><G28/><T98/><D40/><U88/><E61/><V109/><F42/><W1/><G10/><T69/><D69/><U64/><E64/><V14/><F14/><AGARI ba="0,0" hai="1,6,9,14,19,21,47,51,54,60,63,79,82,85" machi="14" ten="30,1000,0" yaku="7,1" doraHai="123" who="3" fromWho="2" sc="196,0,162,0,411,-10,231,10" /><INIT seed="7,0,0,4,5,99" ten="196,162,401,241" oya="3" hai0="4,83,8,12,26,108,39,109,91,84,103,41,105" hai1="118,53,3,76,59,64,68,111,94,32,134,117,122" hai2="45,58,121,65,130,104,86,100,128,107,34,50,80" hai3="112,28,124,78,110,1,115,119,114,60,16,71,133"/><W74/><G1/><T57/><D26/><U75/><E3/><V46/><F34/><W13/><G78/><T52/><D41/><U55/><E32/><V23/><F121/><W0/><G74/><T25/><D25/><U90/><E90/><V54/><F23/><W135/><G0/><T123/><D39/><U97/><E94/><V95/><F95/><W116/><G60/><T30/><D30/><U69/><E97/><N who="2" m="61455" /><F107/><W126/><G71/><N who="1" m="27210" /><E76/><N who="2" m="46343" /><F65/><W62/><G62/><T43/><D43/><U63/><E75/><V15/><F15/><W14/><G28/><T17/><D4/><U27/><E27/><V88/><F88/><W35/><G35/><T73/><D73/><U72/><E72/><V127/><F127/><N who="3" m="48683" /><G110/><T106/><D123/><U40/><E111/><V132/><F132/><N who="3" m="50763" /><G14/><T129/><D106/><U10/><E10/><AGARI ba="0,0" hai="10,13,16,112,114,115,116,119" m="50763,48683" machi="10" ten="40,18000,2" yaku="15,1,18,1,20,1,34,2,54,1" doraHai="99" who="3" fromWho="1" sc="196,0,162,-180,401,0,241,180" owari="196,-20.0,-18,-52.0,401,20.0,421,52.0" /></mjloggm>