<mjloggm ver="2.3"><GO type="169"/><UN n0="%6D%69%6E%6F%72%69%74%79" n1="%E3%83%96%E3%83%83%E3%83%91%E7%A5%9E" n2="%EF%BC%88%E2%89%A7%E2%96%BD%E2%89%A6%EF%BC%89" n3="%E3%83%81%E3%83%A3%E3%82%AA%E3%83%AA" dan="17,17,17,16" rate="2168,2152,2179,2093" sx="M,M,M,M"/><TAIKYOKU oya="0"/><INIT seed="0,0,0,3,4,51" ten="250,250,250,250" oya="0" hai0="92,62,70,81,66,10,2,22,134,127,14,85,5" hai1="111,88,87,120,26,28,71,89,45,75,23,67,35" hai2="29,0,32,59,96,124,44,15,18,116,122,34,61" hai3="108,98,77,24,131,130,54,90,13,30,20,119,84"/><T112/><D112/><U36/><E120/><V65/><F122/><W128/><G108/><T109/><D109/><U4/><E111/><V113/><F0/><W47/><G119/><T110/><D110/><U125/><E75/><V37/><F113/><W8/><G98/><T93/><D127/><U76/><E125/><V53/><F116/><W63/><G77/><T94/><D134/><U83/><E4/><V102/><F124/><W7/><G63/><T1/><REACH who="0" step="1"/><D22/><REACH who="0" ten="240,250,250,250" step="2"/><U135/><E135/><V100/><F32/><W58/><G131/><T16/><D16/><U42/><E35/><V117/><F117/><W118/><G118/><T43/><D43/><U21/><E23/><V19/><F34/><W56/><G130/><T104/><D104/><U129/><E129/><V48/><F19/><W60/><G128/><T46/><D46/><U82/><E21/><V39/><F29/><W49/><REACH who="3" step="1"/><G60/><REACH who="3" ten="240,250,250,240" step="2"/><T57/><D57/><U115/><E115/><V9/><REACH who="2" step="1"/><F102/><REACH who="2" ten="240,250,240,240" step="2"/><W55/><G55/><T79/><AGARI ba="0,3" hai="1,2,5,10,14,62,66,70,79,81,85,92,93,94" machi="79" ten="30,3000,0" yaku="1,1,0,1,53,0" doraHai="51" doraHaiUra="114" who="0" fromWho="0" sc="240,60,250,-10,240,-10,240,-10" /><INIT seed="0,1,0,2,5,99" ten="300,240,230,230" oya="0" hai0="30,32,113,126,87,90,31,39,25,109,91,67,59" hai1="103,14,26,129,128,36,44,81,86,19,70,0,1" hai2="58,134,65,49,132,50,60,94,27,38,23,62,69" hai3="82,28,131,96,77,118,80,95,110,133,2,22,120"/><T92/><D113/><U72/><E70/><V21/><F94/><W15/><G2/><T37/><D126/><U13/><E72/><V5/><F5/><W115/><G118/><T54/><D67/><U79/><E26/><V102/><F38/><W125/><G115/><T3/><D3/><U66/><E66/><V40/><F40/><W35/><G35/><T74/><D74/><U43/><E1/><V108/><F108/><W17/><G133/><N who="2" m="51305" /><F21/><W93/><G131/><T8/><D31/><U7/><E0/><V121/><F121/><W64/><G125/><T127/><D127/><U123/><E123/><V45/><F45/><W97/><G28/><T53/><D109/><U116/><E116/><V124/><F102/><N who="3" m="60687" /><G64/><T34/><D34/><U56/><E129/><V63/><F124/><W112/><G112/><T89/><D8/><U10/><E128/><V12/><F12/><W46/><G46/><T42/><D39/><U135/><E135/><V119/><F119/><W9/><G110/><T51/><D37/><U41/><E43/><V85/><F69/><W98/><G120/><T114/><D42/><U78/><E56/><V47/><F47/><W83/><G77/><T61/><D114/><U122/><E122/><V48/><F85/><W6/><G95/><T24/><D24/><U104/><E78/><V88/><F88/><W18/><G22/><T52/><D89/><U55/><E41/><V100/><F100/><W106/><G106/><T84/><D90/><U16/><E104/><V117/><F117/><W71/><G71/><T20/><D20/><U130/><E36/><RYUUKYOKU ba="1,0" sc="300,-15,240,-15,230,15,230,15" hai2="23,27,48,49,50,58,60,62,63,65" hai3="6,9,15,17,18,80,82,83,97,98" /><INIT seed="1,2,0,3,4,36" ten="285,225,245,245" oya="1" hai0="119,26,109,92,51,121,112,105,34,38,23,40,15" hai1="67,93,113,1,118,57,100,128,12,71,65,75,53" hai2="123,106,79,55,8,39,45,14,41,52,6,42,80" hai3="70,16,131,127,61,48,111,54,32,9,2,11,5"/><U77/><E113/><V85/><F123/><W64/><G32/><T101/><D105/><U117/><E1/><V86/><F106/><W47/><G111/><T59/><D112/><U110/><E128/><V3/><F3/><W78/><G127/><T82/><D119/><U72/><E71/><V125/><F125/><W56/><G78/><T25/><D109/><U96/><E110/><V74/><F74/><W58/><REACH who="3" step="1"/><G131/><REACH who="3" ten="285,225,245,235" step="2"/><T19/><D34/><U133/><E77/><N who="2" m="46223" /><F39/><W35/><G35/><T37/><D121/><U99/><E117/><V43/><F45/><W33/><G33/><T21/><D38/><U126/><E118/><V4/><F6/><W73/><G73/><T134/><D37/><U89/><E126/><V28/><F28/><W130/><G130/><T122/><D122/><U135/><E75/><V20/><F20/><W22/><G22/><T27/><D23/><U44/><E72/><V102/><F102/><W0/><G0/><T116/><D116/><U50/><E100/><V124/><F124/><W103/><G103/><T69/><D101/><U104/><E104/><V76/><F76/><W29/><G29/><T97/><D21/><U83/><E133/><V98/><F98/><W107/><G107/><T49/><D97/><U62/><E99/><V13/><F14/><AGARI ba="2,1" hai="2,5,9,11,14,16,47,48,54,56,58,61,64,70" machi="14" ten="40,5200,0" yaku="1,1,54,1,53,1" doraHai="36" doraHaiUra="10" who="3" fromWho="2" sc="285,0,225,0,245,-58,235,68" /><INIT seed="2,0,0,5,3,51" ten="285,225,187,303" oya="2" hai0="96,90,16,39,95,127,24,79,113,42,12,100,33" hai1="128,88,119,27,62,26,6,2,18,97,134,73,92" hai2="89,106,36,109,54,121,93,91,75,41,78,133,124" hai3="135,49,87,76,77,67,132,50,71,65,44,108,84"/><V85/><F121/><W115/><G108/><T22/><D113/><U129/><E119/><V58/><F133/><N who="3" m="51275" /><G71/><T59/><D79/><N who="3" m="30281" /><G115/><T38/><D127/><U107/><E134/><V94/><F124/><W103/><G103/><T35/><D42/><U74/><E107/><V80/><F106/><W1/><G1/><T28/><D35/><U13/><E2/><V118/><F118/><W86/><G44/><T4/><D4/><U98/><E6/><V114/><F114/><W11/><G11/><T7/><D7/><U30/><E97/><V64/><F109/><W46/><G46/><T15/><D15/><U45/><E45/><V117/><F117/><W130/><G130/><T17/><D17/><U20/><E62/><V3/><F3/><W131/><G131/><N who="1" m="50250" /><E27/><V110/><F110/><W61/><G61/><T9/><D33/><AGARI ba="0,0" hai="13,18,20,26,30,33,73,74,88,92,98" m="50250" machi="33" ten="30,2000,0" yaku="19,1,54,1" doraHai="51" who="1" fromWho="0" sc="285,-20,225,20,187,0,303,0" /><INIT seed="3,0,0,1,1,97" ten="265,245,187,303" oya="3" hai0="11,0,74,48,67,19,62,37,60,31,89,29,104" hai1="25,8,47,103,101,56,5,28,26,2,90,134,33" hai2="105,45,123,84,10,129,75,95,110,16,87,63,108" hai3="100,46,121,132,127,81,17,42,21,39,82,122,59"/><W18/><G132/><T73/><D37/><U117/><E134/><V99/><F123/><W24/><G127/><T7/><D104/><U4/><E117/><V88/><F129/><W54/><G18/><T112/><D112/><U79/><E79/><V65/><F75/><W32/><G32/><T111/><D111/><N who="2" m="42538" /><F45/><W53/><G53/><T55/><D19/><U34/><E47/><V27/><F105/><W131/><G131/><T85/><D73/><U6/><E5/><V22/><F10/><W102/><G122/><T14/><D74/><U70/><E70/><AGARI ba="0,0" hai="16,22,27,63,65,70,84,87,88,95,99" m="42538" machi="70" ten="30,3900,0" yaku="14,1,54,2" doraHai="97" who="2" fromWho="1" sc="265,0,245,-39,187,39,303,0" /><INIT seed="4,0,0,0,2,48" ten="265,206,226,303" oya="0" hai0="61,135,33,88,113,19,37,31,108,35,101,86,103" hai1="32,17,77,100,20,79,12,64,13,99,74,122,34" hai2="54,80,107,56,39,25,104,11,67,117,112,58,76" hai3="90,105,75,126,123,36,7,43,18,3,87,131,38"/><T45/><D113/><U119/><E122/><V98/><F112/><W66/><G75/><T78/><D78/><U129/><E119/><V109/><F117/><W47/><G105/><T92/><D135/><U89/><E129/><V133/><F109/><W22/><G126/><T16/><D108/><U60/><E89/><V106/><F39/><W116/><G116/><T85/><D85/><U15/><E34/><V49/><F133/><W110/><G110/><T84/><D84/><U82/><E77/><V10/><F98/><W51/><G66/><T30/><D61/><U130/><E32/><V2/><F25/><W44/><G131/><T21/><D35/><U40/><E40/><V9/><F67/><W81/><G44/><T65/><D65/><U23/><E130/><V68/><F68/><W28/><G28/><N who="0" m="10795" /><D33/><U128/><E128/><V4/><REACH who="2" step="1"/><F56/><REACH who="2" ten="265,206,216,303" step="2"/><W93/><G123/><T41/><D37/><U96/><E96/><V94/><F94/><W132/><G93/><T95/><D92/><U27/><E99/><V0/><F0/><W91/><G38/><T71/><D71/><U6/><E64/><V52/><F52/><W53/><G132/><T134/><D134/><U97/><E97/><V24/><F24/><W57/><G3/><T73/><D95/><U14/><E27/><V118/><F118/><W62/><G36/><T111/><D111/><U46/><N who="1" m="3584" /><DORA hai="83" /><U115/><E115/><V50/><F50/><W125/><G51/><T69/><D69/><U102/><E102/><V8/><F8/><W55/><G57/><T5/><D101/><U124/><E100/><RYUUKYOKU ba="0,1" sc="265,-10,206,-10,216,30,303,-10" hai2="2,4,9,10,11,49,54,58,76,80,104,106,107" /><INIT seed="5,1,1,2,2,44" ten="255,196,246,293" oya="1" hai0="131,51,83,10,102,135,120,7,32,54,126,26,36" hai1="124,88,28,121,84,87,116,42,89,31,122,86,33" hai2="0,58,129,97,115,30,64,40,1,110,61,114,123" hai3="45,47,63,111,113,125,68,39,50,95,108,98,56"/><U13/><E116/><V62/><F110/><W130/><G98/><T90/><D36/><U101/><E124/><V35/><F123/><W22/><G125/><T106/><D126/><U59/><E101/><V3/><F129/><W128/><G22/><T104/><D131/><N who="3" m="50217" /><G113/><N who="2" m="43017" /><F40/><N who="3" m="22687" /><G95/><T27/><D120/><U100/><E100/><V41/><F41/><N who="3" m="24943" /><G68/><T67/><D102/><U127/><E127/><V4/><F97/><W91/><G91/><T53/><D32/><U15/><E122/><V60/><F4/><W37/><G37/><T23/><D90/><U69/><E121/><V117/><F117/><W17/><G17/><T57/><D83/><U29/><E69/><V93/><F93/><W119/><G119/><T21/><D104/><U20/><E33/><V105/><F105/><W75/><G75/><T8/><D106/><U5/><E42/><V2/><N who="2" m="0" /><DORA hai="6" /><V43/><F43/><W46/><G46/><T73/><D7/><U38/><E38/><V80/><F80/><W81/><G81/><T71/><D73/><U65/><E15/><V133/><F35/><W96/><G96/><T94/><D94/><U77/><E77/><V92/><F92/><W12/><G12/><T85/><D85/><U99/><E99/><V76/><F76/><W66/><AGARI ba="1,1" hai="56,63,66,108,111" m="24943,22687,50217" machi="66" ten="30,7900,0" yaku="19,1,34,2,52,1" doraHai="44,6" who="3" fromWho="3" sc="255,-21,196,-40,246,-21,293,92" /><INIT seed="6,0,0,4,0,45" ten="234,156,225,385" oya="2" hai0="132,68,70,90,17,2,72,67,22,7,28,102,52" hai1="114,133,60,14,135,78,86,112,50,83,73,27,29" hai2="99,9,33,59,6,82,26,87,77,113,119,56,71" hai3="118,75,19,81,66,42,12,85,53,11,0,129,3"/><V117/><F71/><W124/><G66/><T127/><D72/><U51/><E60/><V35/><F113/><N who="1" m="43625" /><E14/><V116/><F99/><W44/><G124/><T23/><D102/><U134/><E73/><V96/><F96/><W47/><G75/><T40/><D40/><U10/><E10/><V121/><F121/><W110/><G129/><T63/><D127/><U8/><E8/><V55/><F26/><W16/><G19/><T131/><D131/><U88/><E78/><V93/><F93/><W97/><G97/><T30/><D70/><U24/><E24/><V62/><REACH who="2" step="1"/><F59/><REACH who="2" ten="234,156,215,385" step="2"/><W15/><G118/><T36/><D68/><U89/><E89/><V84/><F84/><W21/><G85/><T57/><D90/><U74/><E74/><V104/><F104/><W39/><G81/><T107/><D107/><U101/><E101/><V49/><F49/><W4/><G110/><T20/><D36/><U48/><E48/><V120/><F120/><W100/><G100/><T5/><D57/><U98/><E98/><V46/><F46/><W111/><G111/><T69/><D69/><U79/><E79/><V103/><F103/><W64/><G44/><T32/><D28/><U13/><E13/><AGARI ba="0,1" hai="6,9,13,33,35,55,56,62,77,82,87,116,117,119" machi="13" ten="40,2000,0" yaku="1,1,53,0" doraHai="45" doraHaiUra="109" who="2" fromWho="1" sc="234,0,156,-20,215,30,385,0" /><INIT seed="6,1,0,5,0,64" ten="234,136,245,385" oya="2" hai0="103,95,82,5,51,71,76,73,127,96,35,49,41" hai1="128,30,107,36,87,23,70,25,85,1,111,18,129" hai2="108,26,34,59,121,6,83,52,15,48,65,45,47" hai3="28,21,94,42,78,62,3,4,20,81,133,0,80"/><V37/><F121/><W86/><G3/><T106/><D35/><U124/><E111/><V58/><F108/><W113/><G28/><T131/><D5/><U56/><E107/><V115/><F115/><W99/><G133/><T50/><D131/><U17/><E36/><V27/><F37/><W89/><G42/><T122/><D122/><U44/><E1/><V101/><F101/><W57/><G113/><T13/><D127/><U9/><E124/><V22/><F34/><W46/><G46/><N who="2" m="17417" /><F83/><W110/><G110/><T104/><D41/><U91/><E44/><V14/><F6/><W29/><G29/><T116/><D116/><U114/><E114/><V125/><F125/><W123/><G123/><T67/><REACH who="0" step="1"/><D13/><REACH who="0" ten="224,136,245,385" step="2"/><N who="2" m="4618" /><F22/><W117/><G117/><T31/><D31/><U79/><E128/><V75/><F75/><W63/><G4/><T98/><D98/><U33/><E129/><V88/><F26/><W126/><G126/><T61/><AGARI ba="1,1" hai="49,50,51,61,67,71,73,76,82,95,96,103,104,106" machi="61" ten="30,4000,0" yaku="1,1,0,1,52,1,53,0" doraHai="64" doraHaiUra="54" who="0" fromWho="0" sc="224,53,136,-11,245,-21,385,-11" /><INIT seed="7,0,0,1,1,52" ten="277,125,224,374" oya="3" hai0="50,132,60,113,121,16,85,100,22,59,2,79,12" hai1="54,105,94,51,4,34,3,106,8,116,48,53,13" hai2="38,123,101,102,27,56,73,89,1,5,67,103,104" hai3="14,77,66,95,15,128,36,61,47,133,19,119,124"/><W114/><G119/><T118/><D2/><U129/><E34/><V46/><F73/><W10/><G114/><T21/><D118/><U6/><E116/><V81/><F104/><W112/><G112/><T40/><D113/><U45/><E129/><V109/><F109/><W20/><G133/><T110/><D110/><U55/><E54/><V88/><F123/><W43/><G124/><T42/><D132/><U11/><REACH who="1" step="1"/><E94/><REACH who="1" ten="277,115,224,374" step="2"/><V17/><F46/><AGARI ba="0,1" hai="3,4,6,8,11,13,45,46,48,51,53,55,105,106" machi="46" ten="30,7700,0" yaku="1,1,2,1,7,1,9,1,53,0" doraHai="52" doraHaiUra="82" who="1" fromWho="2" sc="277,0,115,87,224,-77,374,0" owari="277,8.0,202,-20.0,147,-35.0,374,47.0" /></mjloggm>