<mjloggm ver="2.3"><GO type="169" lobby="0"/><UN n0="%E2%98%85%E3%83%86%E3%82%AF%E3%83%8E%E3%83%8F%E3%82%A6%E3%82%B9%E2%98%85" n1="%E3%81%B4%E3%81%AE" n2="%E9%89%84%E9%A2%A8%E5%B0%91%E5%A5%B3" n3="%EF%BC%88%E2%89%A7%E2%96%BD%E2%89%A6%EF%BC%89" dan="16,16,16,18" rate="2097.44,2185.96,2143.88,2273.36" sx="F,M,F,M"/><TAIKYOKU oya="0"/><INIT seed="0,0,0,5,0,130" ten="250,250,250,250" oya="0" hai0="53,102,68,103,43,37,17,11,19,44,106,134,65" hai1="82,38,95,47,51,126,91,132,33,61,76,97,73" hai2="21,60,122,66,4,8,14,13,123,56,62,99,28" hai3="105,133,118,22,12,39,64,31,79,83,57,135,69"/><T94/><D106/><U71/><E132/><N who="3" m="50762" /><G118/><T127/><D127/><U48/><E126/><V0/><F0/><W113/><G113/><T88/><D134/><U16/><E33/><V42/><F42/><W3/><G3/><T77/><D77/><U74/><E38/><V78/><F78/><W75/><G39/><T70/><D53/><U85/><E51/><V55/><F99/><W111/><G111/><T2/><D19/><U72/><E72/><V119/><F119/><W120/><G120/><T100/><D65/><U24/><E61/><V1/><F1/><W124/><G105/><T25/><D2/><U110/><E71/><V9/><F21/><W6/><G69/><T67/><D67/><U10/><E110/><V23/><F23/><W114/><G114/><T30/><D17/><U129/><E129/><V80/><F28/><W46/><G46/><T36/><D11/><U104/><E104/><V117/><F117/><W26/><G124/><T59/><D59/><U112/><E112/><V90/><F123/><W96/><G96/><T131/><D37/><U101/><E97/><V18/><F122/><W49/><G64/><T89/><D131/><U15/><E47/><V5/><F66/><W58/><G49/><T128/><D128/><U29/><E48/><N who="2" m="30823" /><F4/><W52/><G52/><T98/><REACH who="0" step="1"/><D89/><REACH who="0" ten="240,250,250,250" step="2"/><U20/><E91/><V27/><F90/><W32/><G6/><T34/><AGARI ba="0,1" hai="25,30,34,36,43,44,68,70,88,94,98,100,102,103" machi="34" ten="30,12000,1" yaku="1,1,2,1,0,1,54,1,53,1" doraHai="130" doraHaiUra="41" who="0" fromWho="0" sc="240,130,250,-40,250,-40,250,-40" /><INIT seed="0,1,0,3,2,106" ten="370,210,210,210" oya="0" hai0="65,57,54,56,98,45,58,22,10,74,134,66,114" hai1="91,96,112,129,131,110,7,76,73,107,88,89,70" hai2="39,123,130,13,53,26,49,51,30,33,94,32,20" hai3="79,119,9,115,116,28,44,133,38,18,99,41,24"/><T109/><D114/><U108/><E112/><V83/><F39/><W62/><G115/><T25/><D134/><U46/><E70/><V16/><F123/><W17/><G133/><T95/><D109/><N who="1" m="42091" /><E7/><V118/><F118/><W100/><G79/><T111/><D111/><U52/><E46/><V43/><F130/><N who="1" m="49673" /><E52/><V97/><F83/><W93/><G62/><T126/><D126/><U104/><E96/><V64/><F64/><W86/><G119/><T35/><D45/><U67/><E67/><V122/><F122/><W63/><G116/><T42/><D42/><U103/><E103/><V132/><F132/><W75/><G63/><T15/><D54/><U60/><E60/><V59/><F43/><W128/><G128/><T80/><D65/><U14/><E14/><V8/><F51/><W135/><G135/><T29/><D66/><U68/><E68/><V11/><F33/><W117/><G44/><T71/><D35/><U0/><E0/><V12/><F13/><W69/><G69/><T125/><D71/><U55/><E55/><V81/><F81/><AGARI ba="1,0" hai="73,76,81,88,89,91,104,107" m="49673,42091" machi="81" ten="40,12000,2" yaku="14,1,19,1,34,2,52,1,54,1" doraHai="106" who="1" fromWho="2" sc="370,0,210,123,210,-123,210,0" /><INIT seed="1,0,0,4,5,44" ten="370,333,87,210" oya="1" hai0="58,11,53,130,91,48,113,70,37,22,25,32,68" hai1="4,21,116,81,90,101,41,59,30,9,110,63,38" hai2="54,3,99,36,112,10,111,107,34,128,29,131,96" hai3="105,17,52,127,120,109,89,71,12,20,98,83,45"/><U102/><E116/><V106/><F36/><W114/><G120/><T50/><D113/><U43/><E110/><V1/><F10/><W55/><G71/><T77/><D37/><U85/><E30/><V125/><F29/><W121/><G121/><T18/><D32/><U95/><E21/><V133/><F34/><W24/><G114/><T115/><D115/><U5/><E38/><V23/><F112/><W65/><G65/><T67/><D77/><U16/><E16/><V86/><F54/><W132/><G109/><T117/><D117/><U72/><E72/><V61/><F23/><W134/><G127/><T122/><D122/><U40/><E81/><V26/><F111/><W84/><G24/><T75/><D75/><U15/><REACH who="1" step="1"/><E4/><REACH who="1" ten="370,323,87,210" step="2"/><V60/><F26/><W28/><G28/><T64/><D11/><U51/><E51/><V103/><F125/><W97/><G20/><T7/><D7/><U6/><E6/><V124/><F124/><W62/><G17/><T0/><D18/><U19/><E19/><V33/><F33/><W31/><G31/><T129/><D22/><U94/><E94/><V92/><F92/><W108/><G83/><T13/><D68/><U42/><N who="1" m="10752" /><DORA hai="57" /><U78/><E78/><V88/><F61/><W39/><G62/><T80/><D70/><U56/><E56/><V100/><F60/><W76/><G39/><T66/><D58/><U69/><E69/><V93/><F133/><W35/><G132/><T14/><D50/><U2/><E2/><AGARI ba="0,1" hai="1,2,3,86,88,93,96,99,100,103,106,107,128,131" machi="2" ten="40,2600,0" yaku="9,1,54,1" doraHai="44,57" who="2" fromWho="1" sc="370,0,323,-26,87,36,210,0" /><INIT seed="2,0,0,5,4,15" ten="370,297,123,210" oya="2" hai0="108,119,66,135,130,115,56,83,2,77,82,85,55" hai1="21,80,43,71,74,128,23,97,45,29,47,13,88" hai2="69,49,131,124,59,32,73,102,41,42,103,44,72" hai3="120,133,53,101,17,134,79,33,34,22,10,30,104"/><V117/><F32/><N who="3" m="12395" /><G79/><T92/><D115/><U122/><E71/><V127/><F69/><W75/><G75/><N who="2" m="28745" /><F117/><W78/><G78/><T6/><D119/><U89/><E74/><V111/><F59/><W70/><G53/><T27/><D66/><U0/><E43/><N who="2" m="16395" /><F131/><W61/><G70/><T81/><D130/><U8/><E128/><V86/><F86/><W7/><G61/><T132/><D85/><U123/><E80/><V12/><F12/><N who="3" m="5215" /><G101/><N who="2" m="38409" /><F49/><W67/><G67/><T39/><D77/><U28/><E97/><V129/><F129/><W24/><G104/><T114/><D83/><U62/><E62/><V31/><F44/><W95/><G95/><T106/><D82/><U26/><E47/><V36/><F36/><W19/><G120/><T4/><D106/><U48/><E45/><V118/><F118/><W126/><G126/><T98/><D81/><U91/><E48/><V52/><F52/><W68/><G68/><T109/><D55/><U93/><E93/><V38/><F38/><W50/><G50/><T63/><D39/><U57/><E57/><V100/><F100/><W112/><G112/><T110/><D56/><U37/><E37/><V18/><F124/><W20/><G30/><T99/><D114/><U90/><E123/><V84/><F84/><W14/><AGARI ba="0,0" hai="14,17,19,20,22,24,133,134" m="5215,12395" machi="14" ten="30,7900,0" yaku="34,2,52,2" doraHai="15" who="3" fromWho="3" sc="370,-20,297,-20,123,-39,210,79" /><INIT seed="3,0,0,0,0,74" ten="350,277,84,289" oya="3" hai0="54,49,110,27,78,93,7,61,95,130,9,53,44" hai1="80,43,55,6,40,36,8,19,91,106,42,76,10" hai2="90,57,85,14,122,28,20,38,69,115,29,132,124" hai3="71,35,105,98,75,4,26,34,60,104,72,134,126"/><W2/><G126/><T25/><D130/><U17/><E106/><N who="3" m="41066" /><G98/><T1/><D110/><U113/><E36/><V108/><F69/><W22/><G22/><T79/><D95/><U114/><E91/><V64/><F108/><W31/><G35/><T62/><D93/><U101/><E101/><V32/><F124/><W87/><G87/><T81/><D78/><U3/><E55/><V89/><F32/><W83/><G83/><T47/><D62/><U41/><N who="1" m="10752" /><DORA hai="70" /><U117/><E117/><V50/><F57/><W86/><G86/><T100/><D100/><U48/><E48/><V120/><F85/><W52/><G52/><T51/><D61/><U109/><E109/><V59/><F59/><W128/><G134/><T37/><D37/><U56/><E56/><V68/><F132/><W63/><G63/><T99/><D99/><U11/><E11/><V33/><F33/><W67/><G128/><T123/><D123/><U58/><E58/><V39/><F90/><W131/><G131/><T116/><D116/><U88/><E88/><V66/><F89/><W45/><G45/><T112/><D112/><U13/><REACH who="1" step="1"/><E19/><REACH who="1" ten="350,267,84,289" step="2"/><V24/><F115/><W102/><G102/><T118/><D118/><U15/><E15/><V84/><F14/><W82/><G82/><T135/><D135/><U125/><E125/><V46/><F46/><W16/><G16/><T94/><D94/><U96/><E96/><V21/><F50/><W30/><G30/><T97/><D97/><U121/><E121/><V111/><F111/><W133/><G133/><T5/><D44/><U107/><E107/><RYUUKYOKU ba="0,1" sc="350,-15,267,15,84,-15,289,15" hai1="3,6,8,10,13,17,76,80,113,114" hai3="2,4,26,31,34,60,67,71,72,75" /><INIT seed="3,1,1,0,3,0" ten="335,282,69,304" oya="3" hai0="93,81,46,79,45,100,6,85,95,34,86,43,119" hai1="76,134,102,11,127,133,94,23,63,33,98,48,111" hai2="88,135,49,83,39,104,30,21,84,96,110,1,125" hai3="31,13,5,14,35,64,67,18,29,113,3,131,126"/><W51/><G113/><T2/><D119/><U90/><E111/><V16/><F39/><W92/><G126/><T12/><D34/><U87/><E127/><V72/><F125/><W117/><G117/><T108/><D2/><U15/><E33/><V19/><F110/><W109/><G109/><T27/><D108/><U128/><E128/><V66/><F135/><N who="1" m="51721" /><E76/><V57/><F1/><W112/><G112/><T120/><D120/><U37/><E37/><V36/><F36/><W25/><G131/><T68/><D68/><U20/><E63/><N who="2" m="38255" /><F104/><W69/><G69/><T24/><D95/><N who="1" m="54751" /><E48/><V26/><F72/><W61/><G61/><T71/><D71/><U22/><E22/><V82/><F82/><W122/><G122/><T116/><D116/><U32/><E32/><V101/><F49/><W52/><G3/><T55/><D55/><U58/><E58/><V89/><F101/><W115/><G115/><T105/><D105/><U17/><AGARI ba="1,1" hai="11,15,17,20,23,94,98,102" m="54751,51721" machi="17" ten="30,1100,0" yaku="20,1" doraHai="0" who="1" fromWho="1" sc="335,-4,282,24,69,-4,304,-6" /><INIT seed="4,0,0,1,0,82" ten="331,306,65,298" oya="0" hai0="22,8,58,48,98,23,97,28,59,25,73,91,38" hai1="40,106,29,64,96,0,74,62,133,36,31,6,10" hai2="68,14,21,42,85,78,79,114,117,34,45,2,19" hai3="93,101,27,130,67,9,35,119,20,63,54,108,125"/><T16/><D38/><U129/><E29/><V131/><F2/><W65/><G35/><T83/><D8/><U94/><E31/><V76/><F34/><W92/><G108/><T17/><D28/><U121/><E121/><V7/><F68/><W135/><G119/><T53/><D59/><U60/><E133/><V18/><F117/><W70/><G135/><T15/><D73/><U69/><E62/><V127/><F7/><W71/><G130/><T11/><D11/><U126/><E94/><V66/><F131/><W112/><G112/><T80/><D91/><U88/><E88/><V30/><F30/><W84/><G125/><T46/><REACH who="0" step="1"/><D58/><REACH who="0" ten="321,306,65,298" step="2"/><N who="1" m="36887" /><E10/><V37/><F127/><W57/><G9/><T47/><D47/><U75/><E36/><V39/><F39/><W132/><G132/><T86/><D86/><U100/><E74/><V107/><F114/><W109/><G84/><T95/><D95/><U128/><E75/><V118/><F118/><W113/><G113/><T124/><D124/><U89/><E126/><V120/><F120/><W72/><G72/><T3/><D3/><U116/><E0/><V87/><F107/><W56/><G56/><T115/><D115/><U4/><E129/><V105/><F105/><W104/><G93/><T43/><D43/><U12/><E128/><V44/><F44/><W5/><G104/><T111/><D111/><U123/><E106/><V81/><F19/><N who="3" m="12703" /><G109/><T77/><D77/><N who="2" m="29802" /><F85/><W50/><G5/><T122/><D122/><U102/><E123/><V55/><F79/><W51/><G92/><T33/><D33/><U13/><E116/><RYUUKYOKU ba="0,1" sc="321,30,306,-10,65,-10,298,-10" hai0="15,16,17,22,23,25,46,48,53,80,83,97,98" /><INIT seed="4,1,1,5,2,63" ten="351,296,55,288" oya="0" hai0="132,101,121,33,75,10,119,131,35,60,104,52,116" hai1="105,100,62,24,48,84,113,4,25,114,47,82,110" hai2="87,123,3,12,69,76,127,92,43,1,126,80,55" hai3="19,49,53,42,17,5,102,71,66,50,27,11,14"/><T99/><D121/><U106/><E110/><V30/><F123/><W13/><G102/><T79/><D131/><U38/><E4/><V36/><F69/><W85/><G71/><T46/><D132/><U90/><E38/><V9/><F30/><W103/><G103/><T98/><D99/><U96/><E106/><V56/><F92/><W58/><G85/><T40/><D10/><U86/><E86/><V94/><F94/><W134/><G134/><T28/><D79/><U8/><E8/><V129/><F129/><W51/><G66/><T22/><D22/><U39/><E62/><V130/><F130/><W117/><G117/><T118/><D75/><U95/><E39/><V128/><F128/><W34/><G42/><T120/><D120/><U41/><REACH who="1" step="1"/><E105/><REACH who="1" ten="351,286,55,288" step="2"/><V15/><F36/><W21/><G34/><T64/><D33/><U68/><E68/><V111/><F111/><W70/><G70/><T107/><D104/><U67/><E67/><V29/><F9/><AGARI ba="1,2" hai="5,9,11,13,14,17,19,21,27,49,50,51,53,58" machi="9" ten="30,2000,0" yaku="7,1,8,1" doraHai="63" who="3" fromWho="2" sc="351,0,286,0,55,-23,288,43" /><INIT seed="5,0,0,3,4,116" ten="351,286,32,331" oya="1" hai0="0,16,107,103,89,109,46,40,100,83,134,85,44" hai1="67,70,28,65,50,76,9,73,69,35,84,87,57" hai2="51,11,27,91,106,29,13,96,49,129,64,121,78" hai3="81,3,88,117,63,102,79,95,111,33,68,115,41"/><U66/><E9/><V123/><F129/><W25/><G111/><T17/><D0/><U118/><E118/><V74/><F64/><W47/><G3/><T54/><D109/><U127/><E127/><V20/><F78/><W48/><G117/><T133/><D54/><U80/><E35/><V4/><F74/><W14/><G115/><T104/><D107/><U18/><E28/><V10/><F11/><W82/><G68/><T71/><D71/><U37/><E37/><V61/><F61/><W45/><G63/><T62/><D62/><U122/><E70/><V130/><F130/><W131/><G131/><T60/><D60/><U86/><E69/><V2/><F2/><W31/><G102/><N who="0" m="38955" /><D104/><U101/><E101/><V12/><F12/><W99/><G79/><T32/><D32/><U90/><E18/><N who="0" m="7273" /><D40/><U26/><E26/><V135/><F106/><W52/><REACH who="3" step="1"/><G14/><REACH who="3" ten="351,286,32,321" step="2"/><T23/><D134/><U77/><E77/><V97/><F135/><W19/><G19/><T58/><D133/><U22/><E22/><V105/><F105/><W132/><G132/><T59/><D23/><U6/><E6/><V125/><F125/><W7/><G7/><T36/><D36/><AGARI ba="0,1" hai="25,31,33,36,41,45,47,48,52,81,82,88,95,99" machi="36" ten="30,7700,0" yaku="1,1,7,1,54,2,53,0" doraHai="116" doraHaiUra="56" who="3" fromWho="0" sc="351,-77,286,0,32,0,321,87" /><INIT seed="6,0,0,4,2,134" ten="274,286,32,408" oya="2" hai0="42,47,32,14,22,101,117,112,21,40,44,75,103" hai1="119,59,79,93,91,109,89,31,25,35,115,100,12" hai2="95,99,105,30,129,9,97,50,82,113,55,85,7" hai3="120,46,135,2,127,33,111,122,78,88,3,39,45"/><V81/><F129/><W6/><G33/><T28/><D75/><U110/><E119/><V48/><F113/><W58/><G46/><T13/><D112/><U126/><E115/><V37/><F37/><W49/><G78/><T4/><D32/><U96/><E79/><V71/><F71/><W29/><G29/><T36/><D117/><U65/><E110/><V67/><F67/><W118/><G49/><T73/><D73/><U34/><E109/><V130/><F130/><W0/><G88/><T60/><D60/><U61/><E35/><V76/><F30/><W87/><G87/><T19/><D28/><U104/><E104/><V18/><F105/><W94/><G94/><T70/><D70/><U68/><E68/><V80/><F18/><W125/><G6/><T102/><D4/><U20/><E34/><V5/><F5/><W108/><G58/><T10/><REACH who="0" step="1"/><D13/><REACH who="0" ten="264,286,32,408" step="2"/><U23/><E126/><N who="3" m="48138" /><G118/><T8/><D8/><U64/><E64/><V11/><F50/><AGARI ba="0,1" hai="10,14,19,21,22,36,40,42,44,47,50,101,102,103" machi="50" ten="40,1300,0" yaku="1,1,53,0" doraHai="134" doraHaiUra="116" who="0" fromWho="2" sc="264,23,286,0,32,-13,408,0" /><INIT seed="7,0,0,4,1,48" ten="287,286,19,408" oya="3" hai0="55,97,46,125,111,66,91,28,37,68,22,117,11" hai1="81,44,79,33,70,27,38,23,103,15,51,8,9" hai2="10,35,40,24,7,42,32,106,49,21,90,107,56" hai3="58,77,54,86,41,29,74,130,5,126,3,102,18"/><W12/><G74/><T61/><D117/><U96/><E70/><V13/><F106/><W84/><G130/><T19/><D111/><U67/><E38/><V112/><F112/><W95/><G29/><T78/><D78/><U128/><E33/><V71/><F71/><W119/><G41/><T62/><D28/><U82/><E128/><V52/><F107/><W75/><G5/><T110/><D110/><U114/><E67/><V43/><REACH who="2" step="1"/><F90/><REACH who="2" ten="287,286,9,408" step="2"/><N who="3" m="53703" /><G119/><T124/><D68/><U2/><E114/><V72/><F72/><W109/><G75/><T39/><D91/><U120/><E120/><V108/><F108/><W34/><G109/><T73/><D73/><U121/><E121/><V17/><AGARI ba="0,1" hai="7,10,13,17,21,24,32,35,40,42,43,49,52,56" machi="17" ten="30,7900,0" yaku="1,1,0,1,52,1,54,1,53,0" doraHai="48" doraHaiUra="64" who="2" fromWho="2" sc="287,-20,286,-20,9,89,408,-39" owari="267,7.0,266,-13.0,98,-40.0,369,46.0" /></mjloggm>