<mjloggm ver="2.3"><GO type="41"/><UN n0="%E9%AB%98%E6%A9%8B%E3%81%BF%E3%81%AA%E3%81%BF" n1="%E3%82%A6%E3%83%AB%E3%83%88%E3%83%A9%E7%AB%8B%E7%9B%B4" n2="%62%6F%62%6F%62%6F" n3="%EF%BD%8F%EF%BD%92%EF%BD%89%EF%BD%82%EF%BD%85" dan="14,15,14,15" rate="1926,1999,1857,1992" sx="M,M,M,M"/><TAIKYOKU oya="0"/><INIT seed="0,0,0,2,5,32" ten="250,250,250,250" oya="0" hai0="90,84,93,38,54,135,134,114,113,20,52,82,63" hai1="11,8,53,4,58,45,133,46,96,112,40,73,108" hai2="24,42,111,19,62,132,118,5,16,72,106,67,97" hai3="61,3,65,59,71,56,44,33,78,34,57,37,1"/><T83/><D38/><U49/><E112/><V35/><F72/><W103/><G78/><T47/><D20/><U116/><E116/><V51/><F111/><W48/><G37/><T130/><D130/><U109/><E73/><V127/><F132/><N who="0" m="50730" /><D47/><U107/><E133/><V70/><F5/><W18/><G103/><T7/><D7/><U124/><E46/><V22/><F127/><W14/><G33/><T120/><D120/><U79/><E79/><V98/><F118/><W128/><G34/><T77/><D63/><U87/><E124/><V91/><F97/><W2/><G128/><T26/><D26/><U99/><E87/><V28/><F42/><W50/><REACH who="3" step="1"/><G44/><REACH who="3" ten="250,250,250,240" step="2"/><T94/><D94/><U29/><E109/><V102/><F22/><AGARI ba="0,1" hai="1,2,3,14,18,22,48,50,56,57,59,61,65,71" machi="22" ten="50,12000,2" yaku="1,1,2,1,52,3,53,1" doraHai="32" doraHaiUra="17" who="3" fromWho="2" sc="250,0,250,0,250,-120,240,130" /><INIT seed="1,0,0,4,4,34" ten="250,250,130,370" oya="1" hai0="97,8,10,59,50,33,43,84,112,108,80,13,88" hai1="107,16,63,69,1,32,31,74,111,124,38,49,67" hai2="40,133,36,121,105,130,54,35,79,100,62,51,109" hai3="76,134,116,9,61,17,115,58,5,44,92,104,95"/><U102/><E74/><V29/><F79/><W85/><G115/><T117/><D33/><U52/><E38/><V122/><F54/><W120/><G120/><T30/><D117/><U20/><E124/><V125/><F51/><W27/><G134/><T86/><D30/><U83/><E111/><V23/><F23/><W78/><G104/><T68/><D68/><U72/><E1/><V106/><F62/><W90/><G116/><T55/><D112/><U39/><E39/><V21/><F21/><W126/><G44/><T26/><D108/><U131/><E131/><V82/><F82/><W14/><G126/><T56/><D43/><U123/><E123/><V11/><F11/><W4/><G92/><T135/><D26/><N who="1" m="18551" /><E72/><V37/><F100/><W60/><G60/><T22/><D135/><U71/><E83/><V113/><F29/><W12/><G27/><T15/><D97/><N who="1" m="61903" /><E71/><V127/><F40/><W6/><G14/><T25/><D25/><N who="1" m="14471" /><E49/><V19/><F19/><W0/><G0/><T47/><D22/><U118/><E118/><V7/><F7/><W103/><G103/><T70/><D70/><U45/><E45/><V132/><F113/><W96/><G96/><T129/><D129/><U53/><AGARI ba="0,0" hai="52,53,63,67,69" m="14471,61903,18551" machi="53" ten="30,6000,0" yaku="25,1,54,2" doraHai="34" who="1" fromWho="1" sc="250,-20,250,60,130,-20,370,-20" /><INIT seed="1,1,0,4,2,99" ten="230,310,110,350" oya="1" hai0="57,93,132,118,86,37,28,77,50,112,27,51,87" hai1="65,36,31,114,47,7,43,92,117,13,108,115,68" hai2="123,105,66,32,54,34,0,85,120,70,17,127,130" hai3="119,124,128,84,4,60,126,96,9,74,18,94,67"/><U48/><E117/><V15/><F0/><W49/><G74/><T53/><D37/><U52/><E31/><V72/><F72/><W101/><G128/><T29/><D118/><U82/><E82/><V89/><F105/><W100/><G119/><T16/><D112/><U3/><E3/><V135/><F127/><N who="3" m="48683" /><G84/><T106/><D106/><U111/><E13/><V116/><F130/><W2/><G18/><T21/><D132/><U5/><E5/><V6/><F135/><W24/><G24/><T76/><D87/><U133/><E7/><V73/><F73/><W23/><G49/><T42/><D28/><U125/><E92/><V104/><F6/><W102/><G23/><T79/><D29/><U45/><E125/><V97/><F116/><W107/><G107/><T134/><D134/><U20/><E20/><V40/><F120/><W75/><G75/><T69/><D69/><AGARI ba="1,0" hai="2,4,9,60,67,69,94,96,100,101,102" m="48683" machi="69" ten="30,7700,0" yaku="18,1,52,3" doraHai="99" who="3" fromWho="0" sc="230,-80,310,0,110,0,350,80" /><INIT seed="2,0,0,0,1,42" ten="150,310,110,430" oya="2" hai0="68,64,0,118,12,113,50,35,17,55,119,128,23" hai1="111,43,41,122,80,13,133,87,96,38,2,74,48" hai2="59,92,121,72,44,131,102,62,115,110,123,107,46" hai3="88,97,9,14,33,7,54,129,79,116,18,120,67"/><V81/><F115/><W34/><G120/><T126/><D113/><U70/><E70/><V135/><F107/><W16/><G116/><T27/><D0/><U95/><E2/><V5/><F72/><W6/><G67/><T99/><D68/><U56/><E74/><V69/><F81/><W82/><G129/><T37/><D64/><U24/><E38/><V112/><F5/><N who="3" m="1547" /><G33/><T65/><D37/><U134/><E13/><V114/><F131/><W125/><G125/><T84/><D65/><U25/><E122/><V73/><F73/><W30/><G30/><T31/><D128/><U45/><E41/><V78/><F78/><W3/><G34/><T75/><D75/><U76/><E56/><V89/><F102/><W15/><G3/><T52/><D55/><U109/><E24/><V85/><F69/><W57/><G79/><T86/><D126/><U100/><REACH who="1" step="1"/><E25/><REACH who="1" ten="150,300,110,430" step="2"/><V19/><F121/><W106/><G15/><T53/><D53/><U83/><E83/><V8/><F123/><W40/><G40/><T90/><D119/><U10/><E10/><V32/><F114/><W22/><G54/><T104/><D118/><U51/><E51/><V36/><F112/><W71/><G71/><T98/><D104/><U47/><E47/><V127/><F36/><W1/><G57/><T11/><D35/><U61/><E61/><V60/><F32/><W101/><G1/><T93/><D99/><U124/><E124/><V105/><F127/><W77/><G14/><T20/><D23/><U63/><E63/><V28/><F60/><W66/><G22/><T132/><D132/><AGARI ba="0,1" hai="43,45,48,76,80,87,95,96,100,109,111,132,133,134" machi="132" ten="40,8000,1" yaku="1,1,6,1,20,1,52,1,53,1" doraHai="42" doraHaiUra="39" who="1" fromWho="0" sc="150,-80,300,90,110,0,430,0" /><INIT seed="3,0,0,2,0,73" ten="70,390,110,430" oya="3" hai0="118,27,1,51,11,85,130,60,134,90,7,82,24" hai1="69,30,62,22,6,91,66,107,31,28,88,126,61" hai2="25,79,19,5,80,65,84,127,38,18,114,96,44" hai3="45,52,50,9,26,23,37,120,39,109,17,110,33"/><W68/><G68/><T2/><D118/><U99/><E126/><V14/><F114/><W15/><G120/><T131/><D60/><U53/><E6/><V4/><F127/><W63/><G63/><T129/><D51/><U72/><E72/><V74/><F65/><W64/><G64/><T115/><D2/><U40/><E40/><V106/><F74/><W132/><G132/><T3/><D3/><U119/><E119/><V41/><F106/><W128/><G128/><T16/><D134/><U135/><E135/><V34/><F96/><W46/><G33/><T124/><D124/><U58/><E22/><V92/><F92/><W54/><G54/><T0/><D0/><U67/><E53/><V89/><F89/><W57/><G57/><T86/><D86/><U87/><E87/><V104/><F104/><W117/><G117/><T121/><D121/><U133/><REACH who="1" step="1"/><E133/><REACH who="1" ten="70,380,110,430" step="2"/><V83/><F4/><N who="3" m="3495" /><G45/><T102/><D102/><AGARI ba="0,1" hai="28,30,31,58,61,62,66,67,69,88,91,99,102,107" machi="102" ten="40,2600,0" yaku="1,1,54,1,53,0" doraHai="73" doraHaiUra="113" who="1" fromWho="0" sc="70,-26,380,36,110,0,430,0" /><INIT seed="4,0,0,0,3,129" ten="44,416,110,430" oya="0" hai0="19,120,88,51,92,61,72,36,55,46,86,135,81" hai1="97,84,123,78,74,114,20,75,9,18,60,34,71" hai2="133,31,63,100,62,24,44,109,0,59,28,15,23" hai3="101,119,125,47,41,22,33,90,53,112,93,77,117"/><T67/><D120/><U1/><E34/><V65/><F133/><W32/><G112/><T30/><D36/><U83/><E123/><V80/><F0/><W89/><G77/><T76/><D30/><U40/><E114/><V48/><F109/><W108/><G108/><T99/><D19/><U122/><E122/><V27/><F100/><W16/><G53/><T8/><D8/><U103/><E40/><V58/><F15/><W49/><G125/><T131/><D131/><U95/><E60/><V107/><F80/><W91/><G33/><T14/><D14/><U25/><E71/><V126/><F107/><W43/><G32/><T82/><D82/><U52/><E52/><V132/><F132/><W3/><G3/><T110/><D110/><U102/><E102/><V70/><F126/><W111/><G111/><T38/><D38/><U45/><E45/><V106/><F106/><W121/><G43/><T94/><D94/><U13/><REACH who="1" step="1"/><E1/><REACH who="1" ten="44,406,110,430" step="2"/><V68/><F44/><W10/><G121/><T98/><REACH who="0" step="1"/><D135/><REACH who="0" ten="34,406,110,430" step="2"/><U130/><E130/><V5/><F68/><AGARI ba="0,2" hai="46,51,55,61,67,68,72,76,81,86,88,92,98,99" machi="68" ten="30,11600,0" yaku="1,1,2,1,7,1,54,1,53,0" doraHai="129" doraHaiUra="116" who="0" fromWho="2" sc="34,136,406,0,110,-116,430,0" owari="170,-23.0,406,21.0,-6,-51.0,430,53.0" /></mjloggm>