<mjloggm ver="2.3"><GO type="169" lobby="0"/><UN n0="%EF%BC%88%E2%89%A7%E2%96%BD%E2%89%A6%EF%BC%89" n1="%E3%83%97%E3%83%AD%E3%82%B8%E3%83%A3%E3%83%B3%E6%B0%8F" n2="%E5%B2%A1%E6%9D%91" n3="%56%65%6E%75%73%53%61%79" dan="17,17,17,18" rate="2147.44,2140.38,2142.00,2173.65" sx="M,M,M,M"/><TAIKYOKU oya="0"/><INIT seed="0,0,0,2,1,23" ten="250,250,250,250" oya="0" hai0="124,117,77,30,126,106,112,13,110,87,133,51,55" hai1="80,31,8,134,71,20,88,64,84,86,98,58,68" hai2="100,115,62,11,94,109,5,40,38,95,26,18,66" hai3="74,70,78,57,123,67,85,3,4,97,41,56,101"/><T47/><D117/><U27/><E134/><V32/><F115/><W114/><G114/><T0/><D112/><U19/><E98/><V121/><F121/><W116/><G116/><T59/><D0/><U7/><E31/><V37/><F109/><W103/><G74/><T127/><D106/><U63/><REACH who="1" step="1"/><E84/><REACH who="1" ten="250,240,250,250" step="2"/><V43/><F100/><W39/><G97/><T72/><D133/><U46/><E46/><V44/><F32/><W36/><G85/><T69/><D87/><U105/><E105/><V10/><F44/><W122/><G103/><T73/><D110/><U108/><E108/><V107/><F107/><W128/><G101/><T28/><D47/><U15/><AGARI ba="0,1" hai="7,8,15,19,20,27,58,63,64,68,71,80,86,88" machi="15" ten="20,8000,1" yaku="1,1,0,1,7,1,52,1,54,1,53,0" doraHai="23" doraHaiUra="130" who="1" fromWho="1" sc="250,-40,240,90,250,-20,250,-20" /><INIT seed="1,0,0,4,4,135" ten="210,330,230,230" oya="1" hai0="75,90,40,111,103,88,107,92,112,13,128,96,26" hai1="67,82,68,95,2,133,127,45,48,108,29,37,122" hai2="21,66,125,41,106,56,104,123,50,44,115,101,16" hai3="121,18,43,113,6,17,47,14,12,91,89,32,73"/><U28/><E127/><V71/><F71/><W70/><G113/><T98/><D112/><U34/><E122/><V97/><F123/><W27/><G121/><T15/><D128/><U132/><E2/><V42/><F115/><W55/><G73/><T33/><D111/><U114/><E37/><V83/><F83/><W105/><G105/><T126/><D126/><U46/><E114/><V51/><F125/><W4/><G70/><T87/><D75/><U131/><E131/><V39/><F41/><W60/><G32/><T94/><REACH who="0" step="1"/><D40/><REACH who="0" ten="200,330,230,230" step="2"/><U100/><E108/><V62/><REACH who="2" step="1"/><F106/><REACH who="2" ten="200,330,220,230" step="2"/><W9/><G43/><T5/><D5/><U8/><E132/><V36/><F36/><W72/><G72/><T134/><D134/><U35/><E133/><V1/><F1/><W3/><G3/><T109/><D109/><U69/><E69/><V85/><F85/><W0/><G0/><T54/><D54/><U61/><E68/><V79/><F79/><W64/><G6/><T59/><D59/><U78/><E78/><V74/><F74/><W99/><G55/><T20/><D20/><U76/><E76/><V84/><F84/><W10/><G47/><T53/><D53/><U49/><E45/><V119/><F119/><W25/><G4/><T118/><D118/><U7/><E46/><V30/><F30/><AGARI ba="0,2" hai="13,15,26,30,33,87,88,90,92,94,96,98,103,107" machi="30" ten="40,2600,0" yaku="1,1,54,1,53,0" doraHai="135" doraHaiUra="77" who="0" fromWho="2" sc="200,46,330,0,220,-26,230,0" /><INIT seed="2,0,0,2,3,27" ten="246,330,194,230" oya="2" hai0="89,46,105,32,124,125,78,75,76,77,73,85,50" hai1="55,37,48,43,6,28,4,81,21,110,106,123,31" hai2="80,9,111,44,61,26,120,83,97,133,98,122,114" hai3="56,51,68,134,79,130,3,18,102,67,57,17,29"/><V94/><F114/><W86/><G3/><T65/><D65/><U101/><E110/><V40/><F133/><W132/><G102/><T7/><D7/><U12/><E37/><V24/><F111/><W118/><G118/><T121/><D121/><U54/><E123/><V66/><F120/><W36/><G36/><T74/><D32/><U117/><E117/><V103/><F98/><W104/><G104/><T59/><D59/><U5/><E106/><V52/><F122/><W96/><G96/><T71/><D71/><U0/><E0/><V11/><F40/><W109/><G109/><T53/><REACH who="0" step="1"/><D105/><REACH who="0" ten="236,330,194,230" step="2"/><U82/><E5/><V16/><F66/><W19/><G68/><T131/><D131/><U63/><E6/><V14/><F11/><W99/><G130/><T33/><D33/><U38/><E4/><V119/><F119/><W39/><G57/><T129/><D129/><U60/><E38/><V116/><F116/><W45/><G39/><T95/><AGARI ba="0,1" hai="46,50,53,73,74,75,76,77,78,85,89,95,124,125" machi="95" ten="40,2700,0" yaku="1,1,0,1,53,0" doraHai="27" doraHaiUra="1" who="0" fromWho="0" sc="236,37,330,-7,194,-13,230,-7" /><INIT seed="3,0,0,0,3,51" ten="273,323,181,223" oya="3" hai0="45,129,59,95,30,105,11,31,38,15,69,47,60" hai1="111,2,102,54,116,6,128,24,57,42,66,41,29" hai2="110,135,112,73,115,44,8,52,92,9,26,35,132" hai3="91,79,114,56,88,10,97,3,122,134,82,93,55"/><W86/><G122/><T23/><D105/><U109/><E116/><V50/><F73/><W70/><G70/><T100/><D69/><U103/><E66/><V25/><F110/><N who="1" m="41993" /><E128/><V107/><F107/><W120/><G120/><T117/><D117/><U12/><E12/><V85/><F112/><W98/><G114/><T34/><D34/><N who="1" m="20775" /><E6/><V76/><F115/><W32/><G32/><T126/><D129/><U124/><E2/><V75/><F75/><W96/><G134/><N who="2" m="51241" /><F26/><W127/><G127/><T61/><D126/><U13/><E13/><V83/><F92/><W131/><G131/><T22/><D95/><U18/><E18/><V65/><F65/><W16/><G93/><T40/><D15/><U17/><E17/><V104/><F104/><W7/><REACH who="3" step="1"/><G16/><REACH who="3" ten="273,323,181,213" step="2"/><T130/><D130/><U118/><E124/><V108/><F108/><W4/><G4/><T119/><D119/><U123/><E123/><V37/><F37/><W77/><G77/><T72/><D38/><U67/><E118/><V48/><F48/><AGARI ba="0,1" hai="3,7,10,48,55,56,79,82,86,88,91,96,97,98" machi="48" ten="40,12000,1" yaku="1,1,52,1,54,1,53,1" doraHai="51" doraHaiUra="0" who="3" fromWho="2" sc="273,0,323,0,181,-120,213,130" /><INIT seed="3,1,0,0,4,95" ten="273,323,61,343" oya="3" hai0="19,101,4,38,2,72,91,92,32,9,121,70,108" hai1="90,10,127,125,134,128,96,87,42,60,79,109,53" hai2="12,46,67,35,20,26,7,5,51,85,86,117,82" hai3="47,135,29,59,122,69,15,73,16,64,56,107,48"/><W111/><G122/><T22/><D121/><U25/><E109/><V113/><F117/><W33/><G73/><T45/><D72/><U58/><E128/><V11/><F113/><W34/><G135/><T52/><D70/><U103/><E134/><V74/><F74/><W123/><G123/><T27/><D108/><U81/><E42/><V120/><F120/><W104/><G111/><T31/><D101/><U50/><E10/><V129/><F129/><W63/><G59/><T83/><D83/><U118/><E118/><V36/><F36/><W106/><G29/><T61/><D38/><U62/><E25/><V24/><F67/><W40/><REACH who="3" step="1"/><G69/><REACH who="3" ten="273,323,61,333" step="2"/><T55/><D45/><U37/><E58/><V6/><F35/><W21/><AGARI ba="1,1" hai="15,16,21,33,34,40,47,48,56,63,64,104,106,107" machi="21" ten="30,11700,0" yaku="1,1,2,1,0,1,54,1,53,0" doraHai="95" doraHaiUra="77" who="3" fromWho="3" sc="273,-40,323,-40,61,-40,333,130" /><INIT seed="3,2,0,1,1,10" ten="233,283,21,463" oya="3" hai0="94,123,36,29,52,88,125,22,59,90,73,121,2" hai1="85,49,42,3,118,20,62,26,72,63,95,32,120" hai2="113,130,126,68,115,6,46,110,74,25,101,31,112" hai3="30,13,54,111,114,37,87,86,117,23,9,83,1"/><W127/><G117/><T39/><D73/><U14/><E72/><V93/><F68/><W50/><G37/><T19/><D2/><U124/><E120/><V61/><F130/><W103/><G114/><T27/><D123/><U55/><E124/><V122/><F122/><W53/><G1/><T56/><D121/><U105/><E105/><V81/><F126/><W100/><G127/><T89/><D125/><U91/><E3/><V4/><F110/><W15/><G111/><T48/><D94/><U109/><E109/><V24/><F61/><W67/><G67/><T40/><D40/><U43/><E118/><V21/><F46/><N who="3" m="27863" /><G54/><T134/><D134/><U80/><E32/><V44/><F44/><W128/><G128/><T92/><D92/><U71/><E71/><V12/><F25/><N who="3" m="16703" /><G87/><T119/><D119/><U108/><E108/><V35/><F35/><W65/><G65/><T17/><REACH who="0" step="1"/><D59/><REACH who="0" ten="223,283,21,463" step="2"/><U7/><E43/><V135/><F12/><W41/><G41/><T79/><D79/><U107/><E42/><V132/><F132/><W77/><G15/><T66/><D66/><U131/><E131/><V133/><F133/><W70/><G70/><T57/><D57/><N who="1" m="33007" /><E107/><V11/><F11/><W58/><G58/><T38/><AGARI ba="2,1" hai="17,19,22,27,29,36,38,39,48,52,56,88,89,90" machi="38" ten="40,8000,1" yaku="1,1,0,1,54,2,53,0" doraHai="10" doraHaiUra="116" who="0" fromWho="0" sc="223,96,283,-22,21,-22,463,-42" owari="319,12.0,261,-14.0,-1,-50.0,421,52.0" /></mjloggm>