<mjloggm ver="2.3"><GO type="169"/><UN n0="%EF%BC%88%E2%89%A7%E2%96%BD%E2%89%A6%EF%BC%89" n1="%70%70%67%75%6E" n2="%E9%B7%B9%EF%BC%93" n3="%E6%96%B0%E8%B2%B4" dan="18,16,16,16" rate="2165,2047,2068,2063" sx="M,M,M,M"/><TAIKYOKU oya="0"/><INIT seed="0,0,0,2,1,31" ten="250,250,250,250" oya="0" hai0="122,5,70,88,106,66,18,103,37,94,73,112,98" hai1="97,68,43,90,10,91,107,12,63,55,96,121,65" hai2="80,118,102,74,78,33,75,85,24,6,29,71,15" hai3="23,124,40,20,36,41,2,99,67,77,127,58,51"/><T84/><D122/><U46/><E121/><V26/><F118/><W19/><G2/><T4/><D112/><U101/><E55/><V53/><F71/><W44/><G77/><T7/><D37/><U109/><E96/><V60/><F102/><W30/><G30/><T49/><D73/><U81/><E81/><V50/><F60/><W83/><G83/><T104/><D49/><U108/><E109/><V62/><F62/><W116/><G116/><T8/><D18/><U111/><E108/><V22/><F15/><W129/><G129/><T126/><D126/><U28/><E28/><V105/><F6/><W3/><G3/><T79/><D79/><U32/><E32/><V16/><REACH who="2" step="1"/><F105/><REACH who="2" ten="250,250,240,250" step="2"/><W119/><G119/><T115/><D115/><U82/><E111/><V25/><F25/><W131/><G131/><T130/><D130/><U128/><E128/><V57/><AGARI ba="0,1" hai="16,22,24,26,29,33,50,53,57,74,75,78,80,85" machi="57" ten="20,8000,1" yaku="1,1,0,1,7,1,52,1,54,1,53,0" doraHai="31" doraHaiUra="56" who="2" fromWho="2" sc="250,-40,250,-20,240,90,250,-20" /><INIT seed="1,0,0,3,5,105" ten="210,230,330,230" oya="1" hai0="119,15,94,89,61,1,46,11,96,28,27,93,43" hai1="52,23,102,103,37,115,26,60,100,98,30,10,133" hai2="34,70,104,55,130,20,14,77,132,108,128,109,44" hai3="95,124,0,78,112,120,131,68,134,31,73,6,3"/><U101/><E115/><V65/><F104/><W22/><G22/><T88/><D119/><U39/><E133/><V35/><F132/><W42/><G95/><T56/><D1/><U122/><E122/><V40/><F77/><W113/><G31/><T29/><D27/><U126/><E126/><V18/><F55/><W129/><G6/><T74/><D74/><U36/><E10/><V125/><F125/><W80/><G42/><T49/><D56/><U59/><N who="1" m="25600" /><DORA hai="50" /><U67/><REACH who="1" step="1"/><E98/><REACH who="1" ten="210,220,330,230" step="2"/><V24/><F130/><N who="3" m="49675" /><G124/><T38/><D38/><U16/><E16/><V12/><F128/><W116/><G134/><T90/><D96/><U135/><E135/><V64/><F18/><W127/><G127/><T9/><D11/><U66/><AGARI ba="0,1" hai="23,26,30,36,37,39,52,59,60,66,67" m="25600" machi="66" ten="50,24000,3" yaku="1,1,0,1,52,1,54,1,53,5" doraHai="105,50" doraHaiUra="17,99" who="1" fromWho="1" sc="210,-80,220,250,330,-80,230,-80" /><INIT seed="1,1,0,2,4,73" ten="130,470,250,150" oya="1" hai0="92,30,72,36,135,108,40,64,60,34,105,133,84" hai1="11,2,27,0,101,54,4,7,77,121,127,22,5" hai2="29,109,132,75,94,119,107,111,76,1,120,35,58" hai3="91,12,33,129,56,78,86,98,19,82,81,131,87"/><U97/><E121/><V89/><F120/><W44/><G33/><T67/><D105/><U53/><E127/><V31/><F119/><W15/><G56/><T50/><D72/><U124/><E124/><V110/><F132/><N who="0" m="50762" /><D34/><U112/><E112/><V57/><F107/><W32/><G32/><T8/><D30/><N who="2" m="11274" /><F1/><W62/><G62/><T118/><D118/><U95/><E77/><V45/><F35/><W65/><G65/><T14/><D36/><U99/><E97/><N who="2" m="57551" /><F45/><W100/><G44/><N who="0" m="25863" /><D108/><U16/><REACH who="1" step="1"/><E4/><REACH who="1" ten="130,460,250,150" step="2"/><V106/><F76/><W18/><G131/><T39/><D39/><U79/><E79/><V48/><F111/><W93/><G129/><T52/><D84/><U51/><E51/><V125/><F48/><W26/><G86/><T130/><D130/><U9/><AGARI ba="1,1" hai="0,2,5,7,9,11,16,22,27,53,54,95,99,101" machi="9" ten="30,11700,0" yaku="1,1,0,1,9,1,54,1,53,0" doraHai="73" doraHaiUra="102" who="1" fromWho="1" sc="130,-40,460,130,250,-40,150,-40" /><INIT seed="1,2,0,4,0,119" ten="90,590,210,110" oya="1" hai0="67,105,70,98,99,25,83,108,2,15,19,130,60" hai1="12,21,124,14,6,123,64,68,5,34,9,27,129" hai2="72,22,94,18,131,40,8,20,118,89,23,44,54" hai3="38,13,63,42,37,97,10,58,77,33,128,96,106"/><U79/><E79/><V80/><F131/><W102/><G33/><T87/><D130/><U69/><E123/><V115/><F118/><W31/><G128/><T82/><D2/><U1/><E64/><V52/><F115/><W45/><G31/><T53/><D108/><U116/><E68/><V127/><F127/><W49/><G97/><T28/><D53/><U103/><E103/><V117/><F117/><W50/><G77/><T61/><D61/><U46/><E46/><V107/><F107/><W0/><G50/><T30/><D30/><N who="1" m="19807" /><E69/><V113/><F113/><W132/><G0/><T135/><D135/><U95/><E95/><V47/><F72/><W75/><G75/><T93/><D105/><U86/><E86/><N who="2" m="52535" /><F80/><W59/><G132/><T39/><D39/><U26/><E116/><V57/><F40/><W73/><G73/><T41/><D41/><U32/><E124/><V65/><F65/><W110/><G110/><T24/><D83/><U17/><E129/><V133/><F133/><W35/><G35/><T7/><D93/><U111/><E111/><V125/><F125/><W114/><G114/><T48/><D82/><U74/><E74/><V16/><F47/><W88/><G88/><T109/><D109/><U120/><E120/><V3/><F44/><W134/><G134/><T81/><D81/><U51/><E51/><N who="2" m="30879" /><F54/><N who="3" m="34295" /><G58/><T66/><D70/><U36/><E36/><V101/><F101/><W76/><G76/><T122/><D122/><U92/><E92/><V62/><F62/><W84/><G84/><T78/><D87/><U91/><E32/><V112/><F112/><RYUUKYOKU ba="2,0" sc="90,-15,590,-15,210,15,110,15" hai2="3,8,16,18,20,22,23" hai3="10,13,37,38,42,45,49,96,102,106" /><INIT seed="2,3,0,3,4,18" ten="75,575,225,125" oya="2" hai0="12,110,93,101,67,89,87,0,15,45,55,120,17" hai1="3,85,30,7,22,135,122,128,4,44,130,42,83" hai2="105,57,37,10,115,49,108,14,96,94,88,117,106" hai3="119,98,66,131,99,39,32,109,38,127,6,60,77"/><V68/><F117/><W107/><G119/><T61/><D120/><U20/><E122/><V95/><F68/><W9/><G109/><T26/><D0/><U51/><E135/><V41/><F37/><W84/><G131/><N who="1" m="50218" /><E3/><V103/><F115/><W125/><G32/><T8/><D110/><U19/><E30/><V62/><F108/><W50/><G50/><T74/><D74/><U56/><E56/><V134/><F134/><W78/><G39/><T100/><D26/><N who="1" m="14623" /><E22/><V72/><F72/><W53/><G38/><T54/><D15/><U124/><E124/><V35/><F35/><W29/><G29/><T33/><D33/><U112/><E112/><V31/><F31/><W79/><G53/><T76/><D76/><AGARI ba="3,0" hai="4,7,42,44,51,76,83,85" m="14623,50218" machi="76" ten="30,2000,0" yaku="19,1,52,1" doraHai="18" who="1" fromWho="0" sc="75,-29,575,29,225,0,125,0" /><INIT seed="3,0,0,4,2,122" ten="46,604,225,125" oya="3" hai0="74,80,115,84,44,98,86,110,71,5,10,50,42" hai1="13,106,46,33,75,31,17,94,43,3,82,130,8" hai2="6,49,78,0,113,72,116,70,35,101,102,62,4" hai3="28,109,34,45,90,89,63,104,81,32,120,1,69"/><W24/><G120/><T61/><D115/><U117/><E106/><V129/><F116/><W83/><G1/><T12/><D110/><U76/><E117/><V41/><F129/><W118/><G118/><T36/><D98/><U53/><E130/><V112/><F35/><W18/><G104/><T96/><D96/><U9/><E53/><V114/><F41/><W56/><G69/><T26/><D74/><U128/><E128/><V58/><F49/><W105/><G105/><T37/><D26/><U30/><E94/><V132/><F70/><W66/><G34/><T131/><D131/><U54/><E54/><V14/><F132/><W52/><G109/><T29/><D29/><U134/><E33/><V135/><F135/><W64/><G18/><T59/><D71/><U25/><E25/><V121/><F121/><W47/><G83/><T87/><REACH who="0" step="1"/><D80/><REACH who="0" ten="36,604,225,125" step="2"/><U127/><E134/><V21/><F72/><W39/><G81/><T85/><N who="0" m="21504" /><DORA hai="23" /><T111/><D111/><U38/><E82/><V22/><F114/><W126/><G126/><T97/><D97/><U119/><E127/><V133/><F113/><W55/><G90/><T11/><D11/><U79/><E30/><V100/><F112/><W88/><G89/><T73/><D73/><U92/><E31/><V65/><F133/><W68/><G88/><T125/><D125/><U57/><E9/><V103/><F101/><W108/><G108/><T99/><D99/><U107/><E8/><V51/><F102/><W16/><G68/><T60/><D60/><U2/><E75/><V19/><F103/><W27/><G63/><RYUUKYOKU ba="0,1" sc="36,30,604,-10,225,-10,125,-10" hai0="5,10,12,36,37,42,44,50,59,61" /><INIT seed="4,1,1,2,4,127" ten="66,594,215,115" oya="0" hai0="7,56,40,91,115,6,71,61,18,130,101,120,70" hai1="133,30,52,64,17,0,135,2,51,110,50,100,24" hai2="54,23,117,123,112,19,90,16,95,60,45,121,21" hai3="78,39,10,67,103,126,32,77,73,9,66,94,12"/><T128/><D120/><U111/><E100/><V38/><F112/><W89/><G39/><T76/><D101/><U28/><E64/><N who="3" m="24618" /><G32/><T99/><D76/><N who="3" m="29289" /><G73/><T36/><D115/><U8/><E51/><N who="2" m="29039" /><F117/><W15/><G126/><T68/><D18/><N who="2" m="6698" /><F38/><W57/><G103/><T1/><D1/><N who="1" m="619" /><E50/><V63/><F123/><W80/><G80/><T47/><D91/><U42/><E52/><V46/><F121/><W104/><G57/><T93/><D93/><U48/><E48/><V129/><F46/><W134/><G104/><T26/><D26/><U88/><E88/><V34/><F34/><W41/><G41/><T87/><D87/><U4/><E42/><V109/><F109/><N who="1" m="41481" /><E17/><V75/><F129/><N who="0" m="49770" /><D99/><U20/><E28/><V62/><F75/><W118/><G134/><T79/><D79/><U59/><E59/><V92/><F92/><W35/><G35/><T125/><D125/><U13/><AGARI ba="1,1" hai="4,8,13,20,24,30,133,135" m="41481,619" machi="13" ten="40,2700,0" yaku="34,2" doraHai="127" who="1" fromWho="1" sc="66,-14,594,40,215,-8,115,-8" /><INIT seed="5,0,0,2,3,39" ten="52,634,207,107" oya="1" hai0="72,25,116,18,122,19,9,32,38,74,84,67,88" hai1="87,111,42,54,82,46,6,90,127,118,115,55,44" hai2="108,51,22,95,0,92,10,34,60,113,106,8,1" hai3="45,119,43,109,96,68,85,56,37,29,130,103,128"/><U3/><E118/><V100/><F34/><W124/><G109/><T14/><D116/><U41/><E111/><V35/><F108/><W20/><G119/><T99/><D122/><U31/><E115/><V27/><F113/><W104/><G68/><T13/><D38/><U17/><E127/><V2/><F35/><W98/><G124/><T59/><D99/><U65/><E3/><V48/><F106/><W69/><G69/><T105/><D105/><U52/><E6/><V91/><F60/><W47/><G98/><T28/><D59/><U131/><E131/><V83/><F100/><W79/><G56/><T114/><D67/><U120/><E120/><V49/><F83/><W61/><G61/><T50/><D50/><U30/><E65/><V40/><F40/><N who="1" m="15465" /><E17/><V101/><F101/><W102/><G47/><AGARI ba="0,0" hai="30,31,44,46,47,52,54,55,82,87,90" m="15465" machi="47" ten="30,12000,1" yaku="8,1,52,3,54,1" doraHai="39" who="1" fromWho="3" sc="52,0,634,120,207,0,107,-120" owari="52,-35.0,754,85.0,207,1.0,-13,-51.0" /></mjloggm>