<mjloggm ver="2.3"><GO type="41"/><UN n0="%EF%BC%88%E2%89%A7%E2%96%BD%E2%89%A6%EF%BC%89" n1="%E3%81%82%E3%81%8D%E3%82%89" n2="%E5%B1%B1%E6%9C%AC%E5%93%B2%E4%B9%9F%32%30%31%30" n3="%28%C2%B4%E3%83%BB%E3%83%BC%E3%83%BB%60%29%EF%BD%82" dan="16,15,13,14" rate="2133,1935,1985,1872" sx="M,M,M,M"/><TAIKYOKU oya="0"/><INIT seed="0,0,0,4,1,43" ten="250,250,250,250" oya="0" hai0="60,123,2,109,3,35,58,37,99,22,8,25,36" hai1="38,92,72,69,41,0,26,44,121,1,67,132,104" hai2="119,111,90,23,100,77,57,46,21,120,107,18,16" hai3="14,17,40,101,53,64,19,118,56,91,4,82,33"/><T31/><D123/><U61/><E104/><V79/><F120/><W113/><G118/><T15/><D109/><U70/><E121/><V34/><F34/><W45/><G113/><T94/><D2/><U112/><E72/><V98/><F111/><W127/><G33/><T124/><D3/><U59/><E112/><V130/><F119/><W88/><G127/><T134/><D35/><U80/><E132/><V65/><F130/><W74/><G64/><T50/><D50/><U86/><E92/><N who="2" m="58439" /><F90/><W105/><G105/><T12/><D12/><U71/><REACH who="1" step="1"/><E26/><REACH who="1" ten="250,240,250,250" step="2"/><N who="2" m="14631" /><F107/><W81/><G74/><T63/><D134/><U13/><E13/><N who="2" m="9679" /><F65/><W110/><G110/><T54/><D124/><U51/><E51/><V114/><F114/><W102/><G4/><T122/><D122/><U116/><E116/><V85/><F85/><W24/><G24/><T29/><D37/><U129/><E129/><V49/><F57/><W87/><G56/><T73/><D36/><U68/><N who="1" m="17408" /><DORA hai="96" /><U84/><E84/><V11/><F11/><W89/><G87/><T95/><D73/><U78/><AGARI ba="0,1" hai="0,1,38,41,44,59,61,67,78,80,86" m="17408" machi="78" ten="60,7900,0" yaku="1,1,0,1,52,1,53,0" doraHai="43,96" doraHaiUra="30,10" who="1" fromWho="1" sc="250,-39,240,89,250,-20,250,-20" /><INIT seed="1,0,0,0,5,30" ten="211,329,230,230" oya="1" hai0="49,90,53,107,89,2,31,66,35,117,121,125,60" hai1="115,131,127,37,29,12,15,87,3,39,109,58,22" hai2="133,42,118,36,67,33,64,114,91,71,103,57,68" hai3="104,96,26,108,130,16,13,120,110,102,83,52,77"/><U106/><E115/><V20/><F33/><W17/><G120/><T54/><D117/><U85/><E3/><V46/><F118/><W78/><G130/><T1/><D107/><U62/><E106/><V32/><F32/><W79/><G26/><T135/><D135/><U14/><E131/><V124/><F133/><W38/><G38/><T88/><D125/><U47/><E127/><V28/><F124/><W27/><G83/><T129/><D121/><U48/><E109/><N who="3" m="42090" /><G27/><T93/><D93/><U111/><E111/><V6/><F114/><W61/><G13/><T25/><D129/><U74/><E74/><V72/><F28/><W40/><G40/><T59/><REACH who="0" step="1"/><D54/><REACH who="0" ten="201,329,230,230" step="2"/><N who="1" m="29983" /><E39/><V69/><F36/><W5/><G5/><T97/><D97/><U84/><E37/><V34/><F6/><W24/><G24/><T73/><D73/><U4/><E4/><V99/><F72/><W116/><G116/><T105/><D105/><U45/><E29/><V0/><F99/><W76/><N who="3" m="19456" /><DORA hai="9" /><W44/><G44/><AGARI ba="0,1" hai="1,2,25,31,35,44,49,53,59,60,66,88,89,90" machi="44" ten="40,5200,0" yaku="1,1,52,1,54,1,53,0" doraHai="30,9" doraHaiUra="7,126" who="0" fromWho="3" sc="201,62,329,0,230,0,230,-52" /><INIT seed="2,0,0,1,3,49" ten="263,329,230,178" oya="2" hai0="19,86,125,27,57,39,74,100,134,103,12,106,89" hai1="50,46,84,127,28,78,68,129,59,128,101,44,69" hai2="3,76,34,115,40,60,56,82,21,124,73,10,4" hai3="96,42,45,132,110,65,33,66,120,98,29,88,81"/><V62/><F115/><W26/><G120/><T92/><D39/><U24/><E127/><V54/><F124/><W107/><G110/><T94/><D125/><U35/><E101/><N who="0" m="38985" /><D74/><U126/><E126/><V102/><F34/><W70/><G132/><T131/><D131/><N who="1" m="50251" /><E59/><V9/><F102/><W118/><G107/><T113/><D113/><U13/><E13/><V64/><F40/><W93/><G118/><T11/><D106/><U32/><E32/><V7/><F21/><W47/><G81/><N who="0" m="49359" /><D134/><U72/><E72/><V52/><F62/><W77/><G77/><T20/><D57/><U37/><E37/><V58/><F58/><W99/><G70/><N who="1" m="27242" /><E50/><V116/><F116/><W123/><G123/><T22/><D22/><U79/><E79/><V51/><F51/><W95/><G47/><T122/><D122/><U16/><E16/><AGARI ba="0,0" hai="11,12,16,19,20,27,92,94" m="49359,38985" machi="16" ten="30,2000,0" yaku="8,1,54,1" doraHai="49" who="0" fromWho="1" sc="263,20,329,-20,230,0,178,0" /><INIT seed="3,0,0,4,1,67" ten="283,309,230,178" oya="3" hai0="48,117,82,7,62,39,13,70,125,44,38,94,118" hai1="79,40,57,80,129,85,100,55,105,59,130,98,32" hai2="104,133,8,86,91,49,9,35,41,95,71,115,99" hai3="121,120,20,28,126,128,119,54,103,50,52,33,77"/><W47/><G119/><N who="0" m="45579" /><D94/><U65/><E32/><V14/><F115/><W30/><G33/><T75/><D82/><U5/><E40/><V83/><F133/><W2/><G2/><T73/><D13/><U61/><REACH who="1" step="1"/><E5/><REACH who="1" ten="283,299,230,178" step="2"/><V51/><F35/><W25/><G126/><T107/><D7/><U36/><E36/><V53/><F41/><W31/><G128/><T0/><D38/><U122/><E122/><V96/><F104/><W89/><G121/><T127/><D39/><U19/><E19/><N who="2" m="8647" /><F9/><W92/><G120/><T109/><D107/><U87/><E87/><N who="2" m="52735" /><F71/><W10/><G31/><T18/><D70/><U88/><E88/><N who="2" m="51295" /><F49/><AGARI ba="0,1" hai="49,55,57,59,61,65,79,80,85,98,100,105,129,130" machi="49" ten="40,1300,0" yaku="1,1,53,0" doraHai="67" doraHaiUra="11" who="1" fromWho="2" sc="283,0,299,23,230,-13,178,0" /><INIT seed="4,0,0,3,1,64" ten="283,322,217,178" oya="0" hai0="79,8,1,88,6,123,100,50,125,81,108,85,76" hai1="93,12,131,7,110,49,86,83,75,95,11,60,71" hai2="122,133,124,25,40,17,128,132,63,32,104,9,107" hai3="59,13,57,3,102,10,118,38,73,61,91,21,28"/><T68/><D123/><U18/><E110/><V39/><F122/><W77/><G118/><T97/><D108/><U58/><E131/><V15/><F128/><W105/><G38/><T96/><D125/><U34/><E34/><V120/><F120/><W26/><G3/><T23/><D68/><U135/><E135/><N who="2" m="51787" /><F124/><W54/><G91/><T130/><D130/><U33/><E33/><V30/><F39/><W126/><G126/><T66/><D66/><N who="1" m="39191" /><E71/><V46/><F40/><W116/><G116/><T114/><D114/><U121/><E75/><V94/><F46/><W103/><G105/><N who="2" m="40521" /><F63/><W47/><G47/><T22/><D50/><U43/><E121/><V92/><AGARI ba="0,0" hai="9,15,17,25,30,32,92,94" m="40521,51787" machi="92" ten="40,1500,0" yaku="20,1" doraHai="64" who="2" fromWho="2" sc="283,-7,322,-4,217,15,178,-4" /><INIT seed="5,0,0,4,0,91" ten="276,318,232,174" oya="1" hai0="133,20,67,110,41,113,54,64,8,62,125,131,36" hai1="89,109,119,6,123,93,13,48,128,135,39,5,30" hai2="85,121,57,63,32,45,0,55,104,27,7,130,53" hai3="56,59,97,76,108,80,122,74,22,114,34,58,84"/><U127/><E119/><V17/><F121/><W60/><G108/><T105/><D105/><U65/><E123/><V42/><F130/><W33/><G122/><T77/><D110/><U107/><E107/><V83/><F104/><W72/><G114/><T18/><D113/><U81/><E39/><V115/><F115/><W51/><G51/><T52/><D131/><U82/><E128/><V100/><F0/><W66/><G97/><T117/><D117/><U31/><E109/><V73/><F73/><W14/><G74/><T92/><D125/><U29/><E135/><V16/><F7/><N who="1" m="2569" /><E127/><V79/><F55/><W38/><G38/><T112/><D112/><U43/><E65/><V120/><F120/><W10/><G22/><T98/><D64/><U87/><E13/><V116/><F116/><W99/><G99/><T124/><D67/><U69/><E69/><V26/><F100/><W96/><G96/><T90/><D36/><U11/><E11/><V102/><F102/><W49/><G72/><T9/><D8/><U94/><E82/><V44/><F32/><W70/><REACH who="3" step="1"/><G49/><REACH who="3" ten="276,318,232,164" step="2"/><T1/><D20/><U71/><E71/><V61/><F61/><W15/><G15/><T19/><D62/><U134/><E134/><V23/><REACH who="2" step="1"/><F42/><REACH who="2" ten="276,318,222,164" step="2"/><W118/><G118/><T21/><D41/><U95/><E43/><V132/><F132/><W78/><G78/><T37/><D77/><N who="1" m="46511" /><E48/><V106/><F106/><W88/><G88/><AGARI ba="0,2" hai="29,30,31,88,89,93,94,95" m="46511,2569" machi="88" ten="40,12000,1" yaku="8,1,52,3,54,1" doraHai="91" who="1" fromWho="3" sc="276,0,318,140,222,0,164,-120" /><INIT seed="5,1,0,2,5,52" ten="276,458,222,44" oya="1" hai0="67,46,56,41,50,28,77,39,7,63,93,104,22" hai1="126,47,65,129,96,90,16,70,60,106,4,5,132" hai2="14,95,58,75,66,57,114,8,80,74,122,1,88" hai3="103,32,82,44,9,124,76,81,13,55,45,116,36"/><U115/><E115/><V97/><F122/><W92/><G32/><T91/><D104/><U84/><E132/><V69/><F1/><W120/><G120/><T71/><D77/><U26/><E129/><V53/><F114/><W33/><G33/><T49/><D7/><U68/><E68/><V78/><F53/><W83/><G116/><T35/><D35/><U24/><E126/><V43/><F43/><W29/><G29/><T61/><D22/><U3/><E47/><V34/><F34/><W23/><G124/><T38/><D28/><U37/><E37/><N who="0" m="13833" /><D93/><U125/><E125/><V113/><F113/><W117/><G117/><T105/><D91/><U2/><E5/><V135/><F135/><W79/><G23/><T85/><D85/><U6/><E6/><V100/><F100/><W101/><G36/><N who="0" m="21799" /><D105/><U73/><E73/><V11/><F75/><W107/><G107/><T31/><D31/><U25/><E4/><V110/><F14/><W19/><G55/><AGARI ba="1,0" hai="49,50,55,56,61,63,67,71" m="21799,13833" machi="55" ten="30,12000,2" yaku="35,5,52,1" doraHai="52" who="0" fromWho="3" sc="276,123,458,0,222,0,44,-123" owari="399,20.0,458,56.0,222,-18.0,-79,-58.0" /></mjloggm>