<mjloggm ver="2.3"><GO type="169" lobby="0"/><UN n0="%EF%BC%88%E2%89%A7%E2%96%BD%E2%89%A6%EF%BC%89" n1="%E3%81%92%E3%82%93%E3%81%9F%E3%82%8D" n2="%4B%E3%80%82" n3="%E3%81%91%E3%82%93%31%39%37%30" dan="18,16,17,16" rate="2189.18,2091.54,2155.33,2111.51" sx="F,M,M,M"/><TAIKYOKU oya="0"/><INIT seed="0,0,0,5,4,37" ten="250,250,250,250" oya="0" hai0="61,1,51,34,115,59,22,94,65,9,41,90,19" hai1="35,56,112,84,87,88,60,74,70,91,66,25,5" hai2="13,68,81,116,95,120,100,69,109,31,108,76,89" hai3="134,82,53,11,119,17,33,133,117,58,12,43,67"/><T2/><D34/><U47/><E74/><V71/><F120/><W114/><G114/><T93/><D115/><U20/><E112/><V23/><F116/><W101/><G33/><T135/><D135/><U104/><E35/><V21/><F100/><W64/><G101/><T128/><D128/><U55/><E104/><V6/><F31/><W107/><G107/><T121/><D121/><U130/><E5/><V96/><F6/><W127/><G82/><T98/><D9/><U50/><E130/><V131/><F131/><W85/><G85/><N who="1" m="32842" /><E70/><V124/><F124/><W46/><G127/><T86/><D51/><U29/><AGARI ba="0,0" hai="20,25,29,47,50,55,56,60,66,88,91" m="32842" machi="29" ten="30,2000,0" yaku="8,1,54,1" doraHai="37" who="1" fromWho="1" sc="250,-10,250,20,250,-5,250,-5" /><INIT seed="1,0,0,3,1,66" ten="240,270,245,245" oya="1" hai0="20,88,111,54,109,89,6,119,61,130,70,47,63" hai1="27,62,52,3,41,126,68,81,35,72,116,101,95" hai2="36,125,17,64,97,118,26,94,110,57,2,86,115" hai3="122,87,112,132,103,124,58,93,135,108,100,40,85"/><U129/><E116/><V18/><F118/><W28/><G40/><T98/><D119/><U74/><E3/><V31/><F36/><W43/><G43/><T19/><D130/><U45/><E129/><V56/><F2/><W76/><G28/><T65/><D6/><U22/><E126/><V131/><F125/><W107/><G58/><N who="0" m="35031" /><D47/><U44/><E35/><V90/><F131/><W120/><G124/><T80/><D80/><U73/><E81/><V60/><F115/><W78/><G93/><N who="0" m="56615" /><D89/><U46/><E101/><V29/><F110/><W113/><G107/><T5/><D5/><U121/><E95/><V114/><F114/><W96/><G96/><T37/><D37/><U1/><E1/><V9/><F57/><W123/><REACH who="3" step="1"/><G123/><REACH who="3" ten="240,270,245,235" step="2"/><T7/><D7/><U49/><E121/><V12/><F97/><W48/><G48/><T8/><D111/><AGARI ba="0,1" hai="76,78,85,87,100,103,108,111,112,113,120,122,132,135" machi="111" ten="25,12000,2" yaku="1,1,22,2,34,3,53,0" doraHai="66" doraHaiUra="24" who="3" fromWho="0" sc="240,-120,270,0,245,0,235,130" /><INIT seed="2,0,0,3,3,111" ten="120,270,245,365" oya="2" hai0="19,96,110,6,13,132,126,84,39,16,54,107,4" hai1="103,28,53,33,105,74,42,73,89,119,80,22,44" hai2="52,99,61,36,32,86,47,7,100,64,121,87,9" hai3="21,81,38,63,15,34,29,62,85,48,30,1,114"/><V67/><F121/><W23/><G38/><T128/><D39/><U95/><E33/><V2/><F32/><W3/><G34/><T122/><D122/><U59/><E119/><V93/><F67/><W102/><G102/><T68/><D68/><U10/><E105/><V8/><F8/><W27/><G48/><T123/><D123/><U69/><E69/><V72/><F72/><W45/><G45/><T117/><D110/><U97/><E10/><V57/><REACH who="2" step="1"/><F64/><REACH who="2" ten="120,270,235,365" step="2"/><W79/><G3/><T104/><D117/><U17/><E74/><V92/><F92/><W20/><G1/><T41/><D107/><U35/><E73/><V125/><F125/><W12/><G23/><T82/><D126/><U0/><E35/><V90/><F90/><W65/><G65/><T5/><D104/><U70/><E89/><V26/><F26/><W135/><G27/><T118/><D118/><U37/><E95/><V124/><F124/><W91/><G91/><T18/><D132/><U98/><E22/><V25/><F25/><W78/><G135/><T24/><D24/><U60/><E103/><V130/><F130/><W11/><G11/><T40/><D128/><U55/><E80/><V120/><F120/><W106/><G106/><T43/><D82/><U108/><E108/><V133/><F133/><W76/><G81/><T50/><D13/><U113/><E0/><V46/><F46/><W58/><G12/><T116/><D116/><U101/><E44/><V134/><F134/><W131/><G15/><T94/><D94/><U71/><E101/><V129/><F129/><W14/><G131/><RYUUKYOKU ba="0,1" sc="120,-10,270,-10,235,30,365,-10" hai2="2,7,9,36,47,52,57,61,86,87,93,99,100" /><INIT seed="2,1,1,3,5,31" ten="110,260,265,355" oya="2" hai0="114,22,52,119,2,90,15,6,69,74,81,50,59" hai1="1,100,106,93,61,53,24,29,105,117,109,101,123" hai2="84,54,14,12,13,8,79,64,80,94,118,62,70" hai3="120,3,78,121,116,112,73,98,63,110,28,5,99"/><V107/><F118/><W89/><G116/><T127/><D119/><U39/><E1/><V125/><F107/><W58/><G112/><T0/><D114/><U115/><E117/><V45/><F125/><W75/><G5/><T71/><D127/><U66/><E39/><V48/><REACH who="2" step="1"/><F94/><REACH who="2" ten="110,260,255,355" step="2"/><W26/><G121/><T126/><D126/><U103/><E93/><V51/><F51/><W130/><G120/><T42/><D50/><U97/><E123/><V95/><F95/><W7/><G63/><T27/><D81/><U104/><E61/><V131/><F131/><W16/><G130/><T72/><D71/><U76/><E106/><V46/><F46/><W9/><G58/><T17/><D69/><U33/><E105/><V47/><F47/><W122/><G122/><T128/><D128/><U30/><E104/><V113/><F113/><W10/><G3/><T21/><D0/><U40/><E115/><V68/><F68/><W96/><G7/><AGARI ba="1,2" hai="7,8,12,13,14,45,48,54,62,64,70,79,80,84" machi="7" ten="30,2900,0" yaku="1,1,7,1,53,0" doraHai="31" doraHaiUra="34" who="2" fromWho="3" sc="110,0,260,0,255,52,355,-32" /><INIT seed="2,2,0,1,3,65" ten="110,260,307,323" oya="2" hai0="94,31,19,71,38,58,108,132,106,21,131,69,92" hai1="53,99,122,120,121,127,135,13,26,51,103,42,14" hai2="118,130,29,16,4,116,91,50,48,56,5,105,35" hai3="24,97,112,46,1,84,52,15,33,70,63,113,9"/><V115/><F105/><W36/><G1/><T104/><D38/><U20/><E135/><V74/><F115/><W2/><G2/><T124/><D31/><U101/><E127/><V123/><F123/><W11/><G97/><T18/><D58/><U12/><E42/><V66/><F74/><W57/><G33/><T6/><D6/><U119/><E119/><V44/><F130/><W10/><G24/><T126/><D21/><U72/><E72/><V30/><F91/><W3/><G3/><T34/><D34/><U102/><E99/><V77/><F77/><W62/><G84/><T68/><D108/><U7/><E7/><V83/><F83/><W111/><G111/><T28/><D28/><U125/><E125/><N who="0" m="48233" /><D131/><U85/><E85/><V86/><F86/><W43/><G15/><T39/><D39/><U89/><E89/><V93/><F35/><W55/><REACH who="3" step="1"/><G55/><REACH who="3" ten="110,260,307,313" step="2"/><T61/><D132/><U75/><E75/><V22/><F30/><W81/><G81/><T79/><D79/><U54/><E51/><V88/><F48/><W17/><G17/><AGARI ba="2,1" hai="12,13,14,17,20,26,53,54,101,102,103,120,121,122" machi="17" ten="50,6400,0" yaku="29,2,13,1" doraHai="65" who="1" fromWho="3" sc="110,0,260,80,307,0,313,-70" /><INIT seed="3,0,0,5,0,93" ten="110,340,307,243" oya="3" hai0="123,94,131,121,87,120,118,41,127,29,75,52,19" hai1="134,14,97,77,54,84,71,117,72,59,18,10,112" hai2="92,105,126,130,46,122,25,24,45,129,2,34,39" hai3="107,3,103,42,63,60,28,132,78,89,135,133,7"/><W13/><G3/><T11/><D75/><U80/><E117/><V128/><F105/><W114/><G114/><T5/><D118/><U96/><E112/><V64/><F126/><W26/><G78/><T22/><D127/><U51/><E71/><V48/><F122/><W44/><G89/><T23/><D131/><U20/><E72/><V116/><F116/><W8/><G103/><T56/><D41/><U90/><E134/><V76/><F2/><W101/><G101/><T30/><D87/><N who="1" m="48527" /><E10/><V109/><F109/><W100/><G100/><T55/><D94/><AGARI ba="0,0" hai="14,18,20,51,54,59,84,90,94,96,97" m="48527" machi="94" ten="30,7700,0" yaku="25,1,8,1,52,2" doraHai="93" who="1" fromWho="0" sc="110,-77,340,77,307,0,243,0" /><INIT seed="4,0,0,1,4,98" ten="33,417,307,243" oya="0" hai0="54,6,33,10,35,84,56,51,40,70,36,43,101" hai1="104,72,44,100,94,3,128,127,18,15,124,16,4" hai2="28,34,79,134,41,14,126,122,102,111,95,130,25" hai3="8,88,107,58,29,85,87,5,106,62,27,11,69"/><T93/><D70/><U73/><E104/><V99/><F111/><W47/><G69/><T131/><D131/><U71/><E71/><V38/><F122/><W103/><G87/><T86/><D35/><U0/><E4/><V55/><F130/><W116/><G47/><T115/><D33/><U135/><E128/><V91/><F134/><W26/><G116/><T48/><D36/><U63/><E44/><V9/><F126/><N who="1" m="48169" /><E135/><V108/><F108/><W57/><G107/><T133/><D133/><U113/><E63/><V52/><F38/><W19/><G19/><N who="1" m="7210" /><E15/><V39/><F39/><W30/><G106/><T12/><D115/><U68/><E68/><V82/><F41/><N who="0" m="15946" /><D51/><U132/><E132/><V97/><F14/><W17/><G62/><T42/><N who="0" m="15954" /><T65/><DORA hai="60" /><D65/><U61/><E61/><V59/><F9/><W49/><G49/><T13/><D13/><U46/><E46/><V120/><F120/><W125/><G125/><T67/><D67/><U110/><E110/><V75/><F59/><W31/><G58/><T78/><D78/><U119/><E119/><V21/><F34/><W37/><G57/><T23/><D23/><U64/><E64/><V50/><F50/><W2/><G37/><T7/><D7/><U53/><E53/><V121/><F121/><W1/><G11/><T112/><D112/><U66/><E113/><V83/><F55/><W109/><G109/><T24/><D24/><U118/><E66/><V92/><F52/><W123/><G123/><T20/><D20/><U76/><E118/><V90/><F21/><W114/><G8/><RYUUKYOKU ba="0,0" sc="33,30,417,-10,307,-10,243,-10" hai0="6,10,12,48,54,56,84,86,93,101" /><INIT seed="4,1,0,2,3,66" ten="63,407,297,233" oya="0" hai0="15,35,62,118,106,13,69,16,51,6,49,17,100" hai1="52,2,21,11,97,28,18,123,83,124,50,7,76" hai2="80,96,99,41,48,95,109,86,29,23,102,133,12" hai3="78,46,39,108,45,61,135,81,116,82,36,130,119"/><T44/><D118/><U20/><E123/><V8/><F109/><W5/><G108/><T3/><D35/><U113/><E113/><V59/><F133/><W105/><G105/><T110/><D110/><U31/><E124/><V128/><F128/><W37/><G5/><T89/><D3/><U112/><E97/><V22/><F29/><W42/><G130/><T26/><D26/><U64/><E64/><V93/><F59/><W115/><G135/><T91/><D6/><U43/><E43/><V40/><F48/><W34/><G34/><T27/><D27/><U73/><E21/><V25/><F25/><W70/><G115/><T75/><D75/><U56/><E112/><V24/><F24/><AGARI ba="1,0" hai="2,7,11,18,20,24,28,31,50,52,56,73,76,83" machi="24" ten="30,2000,0" yaku="7,1,54,1" doraHai="66" who="1" fromWho="2" sc="63,0,407,23,297,-23,233,0" /><INIT seed="5,0,0,5,2,50" ten="63,430,274,233" oya="1" hai0="0,38,109,117,24,118,39,23,105,116,61,11,27" hai1="37,54,33,103,87,121,13,66,29,45,119,26,12" hai2="55,18,6,28,91,84,99,100,8,4,58,10,108" hai3="129,16,132,32,47,40,65,89,124,21,77,125,123"/><U120/><E119/><V110/><F28/><W81/><G123/><T83/><D105/><U72/><E72/><V69/><F69/><W17/><G32/><T94/><D109/><U52/><E66/><V85/><F110/><W25/><G65/><T35/><D35/><U93/><E12/><V101/><F108/><W53/><G129/><T73/><D94/><U34/><E34/><V96/><F18/><W90/><G132/><T135/><D135/><U42/><E13/><V104/><F91/><W2/><G2/><T46/><D61/><U107/><E107/><V111/><F111/><W115/><G115/><T98/><D98/><U43/><E43/><V92/><F8/><W51/><G40/><T41/><D38/><U44/><E44/><V31/><F31/><W74/><REACH who="3" step="1"/><G17/><REACH who="3" ten="63,430,274,223" step="2"/><T3/><D3/><U67/><E67/><V64/><F64/><W75/><G75/><T76/><REACH who="0" step="1"/><D23/><REACH who="0" ten="53,430,274,223" step="2"/><U122/><E33/><V70/><F70/><W19/><G19/><T1/><D1/><U68/><E122/><V95/><F104/><W102/><G102/><T22/><D22/><U5/><E103/><V78/><F101/><W59/><G59/><T9/><D9/><U57/><E57/><V15/><F100/><W56/><G56/><T97/><D97/><U88/><E121/><V30/><F58/><W79/><G79/><T62/><D62/><U48/><E120/><V131/><F78/><W127/><AGARI ba="0,2" hai="16,21,25,47,51,53,74,77,81,89,90,124,125,127" machi="127" ten="30,8000,1" yaku="1,1,0,1,18,1,52,1,54,1,53,0" doraHai="50" doraHaiUra="82" who="3" fromWho="3" sc="53,-20,430,-40,274,-20,223,100" /><INIT seed="6,0,0,5,4,127" ten="33,390,254,323" oya="2" hai0="65,85,75,126,131,34,25,110,87,73,64,4,128" hai1="74,8,78,98,60,82,101,123,104,6,51,70,77" hai2="93,120,5,102,112,129,49,72,132,115,45,122,40" hai3="44,81,24,55,11,1,15,121,57,125,53,124,18"/><V13/><F72/><W9/><G121/><T2/><D2/><U99/><E78/><V28/><F132/><W114/><G24/><T119/><D4/><U79/><E79/><V10/><F28/><W97/><G81/><T94/><D94/><U69/><E51/><V33/><F33/><W43/><G97/><T20/><D34/><U71/><E99/><N who="2" m="59759" /><F129/><N who="0" m="49738" /><D110/><U29/><E29/><V50/><F50/><W62/><G114/><AGARI ba="0,0" hai="5,10,13,40,45,49,112,114,115,120,122" m="59759" machi="114" ten="30,1500,0" yaku="15,1" doraHai="127" who="2" fromWho="3" sc="33,0,390,0,254,15,323,-15" /><INIT seed="6,1,0,0,3,66" ten="33,390,269,308" oya="2" hai0="4,24,52,53,124,16,11,59,117,35,6,125,56" hai1="42,129,25,111,119,126,95,132,135,57,110,49,61" hai2="31,15,44,9,51,85,1,68,118,10,62,36,73" hai3="69,13,130,77,67,46,93,116,37,90,60,50,63"/><V72/><F118/><W88/><G77/><T39/><D39/><U103/><E119/><V30/><F1/><W22/><G37/><T121/><D117/><U43/><E126/><V41/><F10/><W105/><G105/><T75/><D75/><U134/><E129/><V120/><F120/><W127/><G130/><T107/><D107/><U28/><E95/><V91/><F73/><W0/><G0/><T20/><D35/><N who="1" m="20879" /><E103/><V99/><F72/><W17/><G127/><T82/><D121/><U8/><E8/><V14/><F99/><W71/><G116/><T26/><D82/><U27/><E27/><V94/><F36/><W112/><G112/><T21/><D11/><U92/><E92/><V86/><F86/><W12/><G12/><T70/><REACH who="0" step="1"/><D16/><REACH who="0" ten="23,390,269,308" step="2"/><U81/><E81/><N who="2" m="49583" /><F9/><W23/><G23/><T18/><D18/><U83/><E83/><V79/><F31/><W104/><G104/><T58/><D58/><U7/><E57/><V34/><F30/><W131/><G131/><T87/><D87/><U48/><E135/><V123/><F34/><W47/><G93/><T101/><D101/><U97/><E134/><V40/><F123/><W122/><G122/><T2/><D2/><U19/><E19/><V100/><F100/><W84/><G84/><T113/><D113/><U33/><E33/><V64/><F94/><W80/><G80/><T5/><D5/><U114/><E7/><V74/><F74/><W29/><G29/><T133/><D133/><U54/><E132/><V108/><F79/><W65/><G47/><T45/><D45/><U98/><E114/><RYUUKYOKU ba="1,1" sc="23,15,390,-15,269,-15,308,15" hai0="4,6,20,21,24,26,52,53,56,59,70,124,125" hai3="13,17,22,46,50,60,63,65,67,69,71,88,90" /><INIT seed="7,2,1,5,2,86" ten="38,375,254,323" oya="3" hai0="13,126,61,127,3,27,128,119,76,10,33,88,52" hai1="56,98,7,37,1,115,123,82,101,12,108,40,120" hai2="45,118,26,9,78,85,72,11,20,114,121,80,32" hai3="97,18,71,46,79,24,30,4,106,83,29,68,102"/><W17/><G4/><T70/><D119/><U15/><E1/><V39/><F118/><W94/><G30/><T28/><D128/><U54/><E108/><V59/><F114/><W34/><G71/><T81/><D70/><U55/><E115/><V22/><F121/><W51/><G94/><T35/><D35/><U93/><E54/><V42/><F32/><W122/><G68/><T31/><D31/><U57/><E57/><V38/><F38/><W6/><G6/><T44/><D3/><U104/><E15/><V41/><F41/><W64/><G64/><T92/><D76/><U2/><E2/><V43/><F43/><W74/><REACH who="3" step="1"/><G122/><REACH who="3" ten="38,375,254,313" step="2"/><T0/><D0/><U62/><E93/><V110/><F22/><W129/><G129/><T132/><D132/><U91/><E123/><V117/><F117/><W134/><G134/><T100/><D100/><U47/><E101/><V90/><F59/><W96/><G96/><T103/><D103/><U8/><E98/><V36/><F36/><W48/><G48/><T73/><D73/><U87/><E120/><V19/><REACH who="2" step="1"/><F110/><REACH who="2" ten="38,375,244,313" step="2"/><W53/><AGARI ba="2,3" hai="17,18,24,29,34,46,51,53,74,79,83,97,102,106" machi="53" ten="20,3900,0" yaku="1,1,0,1,7,1,53,0" doraHai="86" doraHaiUra="131" who="3" fromWho="3" sc="38,-15,375,-15,244,-15,313,75" owari="23,-48.0,360,16.0,229,-17.0,388,49.0" /></mjloggm>