<mjloggm ver="2.3"><GO type="169" lobby="0"/><UN n0="%E3%83%AC%E3%83%87%E3%82%B9%E3%83%9E" n1="%E5%A4%A9%E8%A1%A3%E7%84%A1%E7%B8%AB%E3%82%88%E3%81%A4%E3%81%B0" n2="%EF%BC%88%E2%89%A7%E2%96%BD%E2%89%A6%EF%BC%89" n3="%E5%9F%BA%E7%A4%8E%E8%AB%96" dan="16,16,17,17" rate="2075.87,2055.17,2174.03,2158.13" sx="M,M,M,M"/><TAIKYOKU oya="0"/><INIT seed="0,0,0,0,4,135" ten="250,250,250,250" oya="0" hai0="17,125,23,94,131,123,132,106,3,54,100,20,120" hai1="130,60,78,57,58,93,105,73,5,88,65,86,66" hai2="103,72,116,124,85,30,41,96,114,21,56,119,61" hai3="126,115,63,8,84,133,36,14,11,110,90,40,0"/><T15/><D132/><U87/><E105/><V16/><F72/><W49/><G133/><T81/><D3/><U76/><E130/><V113/><F41/><W18/><G115/><T108/><D131/><U99/><E5/><V12/><F30/><W52/><G110/><T55/><D106/><U42/><E42/><V51/><F51/><W82/><G63/><T32/><D32/><U69/><E69/><V48/><F48/><W102/><G102/><T91/><D108/><U97/><E73/><V34/><F34/><W38/><G40/><T4/><D4/><U129/><E129/><V122/><F122/><W79/><G79/><T68/><D68/><U127/><E127/><V6/><F6/><N who="3" m="1095" /><G126/><T64/><D64/><U59/><E59/><V2/><F2/><W111/><G111/><T29/><D125/><U39/><E39/><V47/><F124/><W24/><G24/><T33/><D33/><U22/><E22/><V83/><F47/><AGARI ba="0,0" hai="11,14,18,36,38,47,49,52,82,84,90" m="1095" machi="47" ten="30,2000,0" yaku="25,1,54,1" doraHai="135" who="3" fromWho="2" sc="250,0,250,0,250,-20,250,20" /><INIT seed="1,0,0,4,0,96" ten="250,250,230,270" oya="1" hai0="78,68,61,36,43,74,116,60,83,58,111,44,42" hai1="51,95,28,1,14,91,107,114,49,97,120,98,72" hai2="109,63,90,125,113,57,34,85,101,108,39,59,52" hai3="2,81,119,23,56,84,93,19,35,102,8,131,100"/><U22/><E1/><V79/><F39/><W124/><G35/><T94/><D116/><U20/><E72/><V87/><F34/><W82/><G119/><T55/><D111/><N who="2" m="42570" /><F125/><W9/><G124/><T112/><D112/><U103/><E120/><V53/><F113/><W132/><G132/><T37/><D43/><U121/><E121/><V133/><F133/><W48/><G131/><T11/><D11/><N who="3" m="4169" /><G93/><T0/><D0/><U18/><REACH who="1" step="1"/><E114/><REACH who="1" ten="250,240,230,270" step="2"/><V73/><F73/><W13/><G2/><T10/><D74/><U3/><E3/><V134/><F134/><W33/><G33/><T88/><D36/><U105/><E105/><V30/><F79/><N who="3" m="46143" /><G82/><T106/><D83/><U99/><E99/><V89/><F87/><W25/><G13/><T123/><D106/><U40/><E40/><V69/><F85/><W41/><G41/><T122/><D122/><U26/><AGARI ba="0,1" hai="14,18,20,22,26,28,49,51,91,95,97,98,103,107" machi="26" ten="30,6000,0" yaku="1,1,0,1,52,1,53,0" doraHai="96" doraHaiUra="76" who="1" fromWho="1" sc="250,-20,240,70,230,-20,270,-20" /><INIT seed="1,1,0,0,5,126" ten="230,310,210,250" oya="1" hai0="65,44,119,31,52,109,13,61,112,70,53,91,16" hai1="68,8,95,82,29,71,64,72,108,75,36,34,98" hai2="92,46,97,85,23,131,74,42,89,37,79,35,134" hai3="1,77,129,6,60,124,40,78,62,84,12,38,9"/><U73/><E82/><V106/><F134/><W93/><G124/><T121/><D112/><U113/><E113/><V105/><F35/><W30/><G38/><T54/><D119/><U2/><E36/><V45/><F131/><W26/><G40/><T10/><D109/><U43/><E43/><V101/><F45/><W4/><G129/><T102/><D121/><U56/><E56/><V47/><F47/><W123/><G123/><T76/><D102/><U18/><E108/><V117/><F117/><W7/><G60/><T107/><D107/><U90/><E64/><V59/><F59/><W99/><G62/><T67/><D67/><U81/><E81/><N who="2" m="45303" /><F106/><W57/><G57/><T122/><D122/><U0/><E71/><V20/><AGARI ba="1,0" hai="20,23,37,42,46,85,89,92,97,101,105" m="45303" machi="20" ten="30,1100,0" yaku="24,1" doraHai="126" who="2" fromWho="2" sc="230,-4,310,-6,210,14,250,-4" /><INIT seed="2,0,0,3,0,108" ten="226,304,224,246" oya="2" hai0="110,10,16,102,45,17,66,56,95,84,93,29,131" hai1="5,51,124,127,8,94,109,90,49,107,30,62,13" hai2="34,57,111,71,21,1,64,115,78,35,83,20,58" hai3="118,81,129,19,0,135,75,28,9,72,132,22,38"/><V89/><F1/><W46/><G118/><T114/><D110/><U70/><E109/><V97/><F71/><W60/><G129/><T3/><D131/><U32/><E107/><V59/><F64/><W31/><G60/><T2/><D29/><U105/><E105/><V119/><F111/><W33/><G33/><T42/><D93/><U7/><E7/><V27/><F119/><W73/><G81/><T96/><D84/><U88/><E90/><V6/><F6/><N who="3" m="1223" /><G46/><T18/><D114/><U40/><E30/><V116/><F116/><W43/><G43/><T23/><D23/><U91/><E91/><V86/><F115/><W100/><G100/><T120/><D120/><U126/><E40/><V63/><F63/><W106/><G38/><T44/><D10/><U50/><E32/><V87/><F97/><W48/><G48/><T37/><REACH who="0" step="1"/><D44/><REACH who="0" ten="216,304,224,246" step="2"/><U77/><E77/><V39/><F20/><W112/><G106/><T76/><D76/><U12/><E8/><V103/><F103/><W133/><G112/><T101/><D101/><U123/><E123/><V26/><F21/><W55/><G31/><T113/><D113/><U47/><E47/><V125/><F35/><W41/><G28/><T92/><D92/><U74/><E5/><V24/><F34/><W134/><G134/><T15/><D15/><U54/><E74/><V79/><F79/><W14/><G41/><T69/><D69/><U130/><E130/><V68/><F68/><W99/><G99/><T98/><D98/><N who="1" m="57671" /><E70/><V61/><F78/><W117/><G117/><T67/><D67/><U53/><E53/><AGARI ba="0,1" hai="14,19,22,53,55,72,73,75,132,133,135" m="1223" machi="53" ten="40,2600,0" yaku="6,1,20,1" doraHai="108" who="3" fromWho="1" sc="216,0,304,-26,224,0,246,36" /><INIT seed="3,0,0,3,1,18" ten="216,278,224,282" oya="3" hai0="23,109,52,110,69,1,8,12,39,62,47,49,17" hai1="71,42,128,100,21,133,63,11,85,86,33,36,92" hai2="115,98,20,4,121,57,5,2,93,127,28,129,48" hai3="54,15,70,58,116,135,72,131,119,76,51,108,59"/><W99/><G99/><T101/><D101/><U61/><E33/><V104/><F104/><W117/><G70/><T84/><D84/><U45/><E128/><V7/><F115/><W64/><G131/><T22/><D39/><U123/><E123/><V35/><F35/><W10/><G135/><T74/><D74/><U34/><E34/><V44/><F121/><W65/><G108/><N who="0" m="41579" /><D1/><U16/><E11/><V6/><F129/><W37/><G37/><T29/><D29/><U78/><E133/><V103/><F127/><W95/><G95/><T82/><D82/><U60/><E71/><V132/><F132/><W9/><G76/><T112/><D112/><U97/><REACH who="1" step="1"/><E78/><REACH who="1" ten="216,268,224,282" step="2"/><V107/><F2/><W118/><G9/><T66/><AGARI ba="0,1" hai="8,12,17,22,23,47,49,52,62,66,69" m="41579" machi="66" ten="30,7900,0" yaku="14,1,52,2,54,1" doraHai="18" who="0" fromWho="0" sc="216,89,268,-20,224,-20,282,-39" /><INIT seed="4,0,0,2,5,14" ten="305,248,204,243" oya="0" hai0="20,13,124,56,135,4,112,65,104,55,28,68,105" hai1="48,78,60,58,81,45,67,106,111,79,120,95,34" hai2="38,32,131,1,31,21,25,118,96,43,130,29,52" hai3="30,47,89,63,6,122,107,36,12,72,83,109,51"/><T35/><D112/><U0/><E0/><V57/><F1/><W75/><G109/><T64/><D35/><U18/><E34/><V44/><F118/><W54/><G122/><T132/><D124/><U7/><E7/><V100/><F32/><W128/><G128/><T22/><D4/><U66/><E106/><V42/><F42/><W76/><G107/><T113/><D113/><U69/><E120/><V61/><REACH who="2" step="1"/><F31/><REACH who="2" ten="305,248,194,243" step="2"/><W73/><G30/><T92/><D28/><U99/><E111/><V114/><F114/><W16/><G36/><T129/><D129/><U49/><E69/><V39/><F39/><W80/><G6/><T41/><D68/><U33/><E33/><V116/><F116/><W98/><G63/><T115/><D41/><U108/><E108/><V101/><F101/><W90/><G98/><T84/><D115/><U127/><E60/><V46/><F46/><W19/><G76/><T103/><D103/><U24/><E79/><V87/><F87/><W126/><G126/><T2/><D84/><U93/><E78/><V133/><F133/><W11/><G89/><T123/><D2/><U37/><E99/><V110/><F110/><W82/><REACH who="3" step="1"/><G90/><REACH who="3" ten="305,248,194,233" step="2"/><T86/><D123/><U23/><E37/><V40/><F40/><W85/><G85/><T88/><D135/><U97/><E97/><V50/><F50/><W8/><G8/><T74/><D132/><U117/><E49/><V59/><F59/><W91/><G91/><T134/><D134/><U94/><E48/><V77/><F77/><W125/><G125/><T62/><D88/><U70/><E127/><RYUUKYOKU ba="0,2" sc="305,-15,248,-15,194,15,233,15" hai2="21,25,29,38,43,44,52,57,61,96,100,130,131" hai3="11,12,16,19,47,51,54,72,73,75,80,82,83" /><INIT seed="5,1,2,1,5,107" ten="290,233,209,248" oya="1" hai0="84,110,51,59,12,127,94,101,93,70,14,89,61" hai1="74,108,81,79,129,126,75,39,104,72,60,114,47" hai2="105,102,122,27,0,90,88,7,106,78,100,113,109" hai3="1,117,123,18,68,124,125,30,116,66,80,57,26"/><U15/><E104/><N who="2" m="40043" /><F27/><W92/><G68/><T13/><D110/><U19/><E108/><V55/><F55/><W35/><G80/><T91/><D101/><N who="2" m="39018" /><F7/><W16/><G92/><T42/><D127/><N who="3" m="48713" /><G123/><T48/><D70/><U67/><E126/><V56/><F56/><W2/><G66/><T77/><D77/><U65/><E129/><V86/><F0/><N who="3" m="107" /><G57/><T44/><D51/><U38/><E114/><V98/><F109/><W69/><G69/><T23/><D23/><U28/><E28/><V22/><F122/><W54/><G54/><N who="0" m="34039" /><D89/><N who="2" m="34410" /><F22/><W73/><G73/><T3/><D3/><U134/><E67/><V95/><F113/><W20/><G18/><T111/><D111/><U37/><E47/><V119/><F119/><W131/><G131/><T52/><D42/><U32/><E32/><V46/><F46/><W97/><G97/><T45/><D45/><U49/><E49/><V41/><F41/><W112/><G112/><T40/><D40/><U85/><E60/><V83/><F95/><AGARI ba="1,2" hai="12,13,14,44,48,52,84,91,93,94,95" m="34039" machi="95" ten="30,2000,0" yaku="8,1,54,1" doraHai="107" who="0" fromWho="2" sc="290,43,233,0,209,-23,248,0" /><INIT seed="6,0,0,2,4,3" ten="333,233,186,248" oya="2" hai0="37,1,80,106,134,96,26,104,56,51,60,118,69" hai1="64,16,15,0,135,45,59,20,33,102,50,70,68" hai2="120,55,49,21,115,125,87,39,12,108,71,111,54" hai3="76,65,5,9,40,131,89,67,66,29,123,58,38"/><V61/><F120/><W88/><G123/><T25/><D37/><U18/><E135/><V90/><F39/><W114/><G131/><T53/><D134/><U84/><E33/><V91/><F125/><W10/><G76/><T32/><D1/><U47/><E0/><V97/><F115/><W82/><G114/><T119/><D80/><U94/><E70/><V77/><F77/><W2/><G29/><T127/><D127/><U36/><E36/><V110/><F97/><W11/><G38/><T63/><D63/><N who="1" m="38015" /><E68/><V35/><F35/><W27/><G40/><T46/><D69/><U57/><E18/><N who="2" m="10439" /><F87/><W6/><G27/><T92/><D32/><U126/><E126/><V116/><F116/><N who="0" m="44586" /><D106/><U41/><E41/><V133/><F133/><W14/><G11/><T98/><D104/><U124/><E124/><V107/><F107/><W74/><G74/><T103/><D98/><N who="1" m="59735" /><E84/><V101/><F101/><W100/><G100/><T128/><D128/><U13/><E13/><V42/><F42/><AGARI ba="0,0" hai="25,26,42,46,51,53,56,60,92,96,103" m="44586" machi="42" ten="30,1000,0" yaku="12,1" doraHai="3" who="0" fromWho="2" sc="333,10,233,0,186,-10,248,0" /><INIT seed="7,0,0,5,0,61" ten="343,233,176,248" oya="3" hai0="10,71,32,9,26,135,54,57,45,63,84,113,22" hai1="14,127,5,18,72,27,129,119,81,17,31,115,131" hai2="49,97,111,133,73,48,112,6,92,40,98,1,53" hai3="85,83,68,59,62,37,134,101,38,43,8,125,128"/><W60/><G125/><T108/><D108/><U39/><E39/><V91/><F111/><W64/><G128/><N who="1" m="49226" /><E127/><V65/><F73/><W11/><G134/><T47/><D135/><U28/><E119/><V121/><F133/><W89/><G101/><T33/><D71/><U103/><E103/><V16/><F121/><W114/><G114/><T7/><D84/><U122/><E122/><V106/><F112/><W126/><G126/><T124/><D10/><N who="1" m="4431" /><E115/><V3/><F6/><W35/><G35/><T29/><D113/><U130/><N who="1" m="49234" /><U41/><DORA hai="78" /><E41/><V107/><F107/><W120/><G120/><T110/><D110/><U20/><E31/><V46/><F65/><W25/><G25/><T109/><D109/><U90/><E90/><V75/><F75/><W102/><G102/><T86/><D26/><U88/><E88/><V50/><F106/><W116/><G116/><T24/><D24/><U44/><E44/><V118/><F118/><W23/><G23/><T132/><D22/><U93/><E93/><V82/><F98/><W34/><G34/><T4/><D29/><U117/><E117/><V52/><F82/><W77/><G89/><T69/><D33/><U13/><E13/><V19/><F1/><W94/><G94/><T96/><D32/><U74/><E74/><V79/><F79/><AGARI ba="0,0" hai="17,18,20,27,28,72,79,81" m="4431,49234" machi="79" ten="40,2600,0" yaku="19,1,52,1" doraHai="61,78" who="1" fromWho="2" sc="343,0,233,26,176,-26,248,0" owari="343,44.0,259,6.0,150,-35.0,248,-15.0" /></mjloggm>