<mjloggm ver="2.3"><GO type="169"/><UN n0="%E3%81%84%E3%81%A1%E3%81%8B%E3%82%8F%E2%99%AA" n1="%E5%8E%9F%E5%AE%BF%E3%82%B8%E3%82%A7%E3%83%B3%E3%83%8C" n2="%E6%AF%94%E5%98%89%E7%A7%80%E4%BB%81" n3="%EF%BC%88%E2%89%A7%E2%96%BD%E2%89%A6%EF%BC%89" dan="17,16,16,16" rate="2149,2105,2111,2112" sx="M,M,M,M"/><TAIKYOKU oya="0"/><INIT seed="0,0,0,0,1,5" ten="250,250,250,250" oya="0" hai0="38,108,35,102,92,27,118,15,76,69,50,131,24" hai1="60,94,109,77,54,74,36,64,26,23,13,57,70" hai2="87,101,75,12,18,65,49,104,6,11,110,115,7" hai3="113,133,128,98,68,80,117,22,73,95,66,105,116"/><T122/><D69/><U62/><E36/><V83/><F75/><W34/><G34/><T97/><D38/><U39/><E39/><V47/><F115/><W111/><G22/><T2/><D2/><U127/><E127/><V130/><F65/><W53/><G53/><T84/><D118/><U125/><E125/><V124/><F124/><W82/><G66/><T0/><D0/><U52/><E109/><V119/><F119/><W17/><G17/><T88/><D76/><U107/><E107/><V25/><F110/><W112/><G68/><T96/><D96/><U46/><E13/><V61/><F61/><W32/><G32/><T30/><D108/><U51/><E94/><V4/><F104/><W19/><G19/><T63/><D63/><U37/><E37/><V85/><F101/><N who="3" m="62647" /><G111/><T16/><D131/><U59/><E74/><V56/><F130/><W120/><G120/><T89/><D27/><U81/><E77/><V106/><F56/><W86/><G73/><T67/><D67/><U45/><E81/><N who="3" m="31338" /><G128/><T79/><D79/><U126/><E126/><V71/><F71/><W103/><G103/><T29/><D29/><AGARI ba="0,0" hai="23,26,29,45,46,51,52,54,57,59,60,62,64,70" machi="29" ten="30,2000,0" yaku="7,1,54,1" doraHai="5" who="1" fromWho="0" sc="250,-20,250,20,250,0,250,0" /><INIT seed="1,0,0,1,3,71" ten="230,270,250,250" oya="1" hai0="57,23,104,78,51,27,38,103,58,2,54,97,56" hai1="135,119,77,130,46,106,13,121,84,36,115,88,111" hai2="50,93,39,29,89,22,66,68,21,62,76,35,52" hai3="110,118,100,95,0,6,81,86,124,5,101,94,26"/><U1/><E88/><V11/><F76/><W15/><G0/><T42/><D2/><U116/><E13/><V20/><F11/><W102/><G118/><T34/><D78/><U128/><E46/><V61/><F61/><W98/><G124/><T120/><D120/><U129/><E84/><V109/><F109/><W40/><G110/><T83/><D34/><U122/><E77/><V18/><F39/><W53/><G40/><T4/><D4/><N who="3" m="1641" /><G26/><T134/><D134/><U17/><E17/><V41/><F41/><W85/><G15/><T59/><D83/><U87/><E87/><N who="3" m="33290" /><G81/><T7/><D7/><U108/><E1/><V125/><F125/><W30/><G30/><T123/><D123/><N who="1" m="47115" /><E36/><V49/><F35/><W10/><G10/><T64/><D42/><U80/><E80/><V12/><F29/><W48/><G98/><T33/><D38/><U79/><E79/><V126/><F126/><W44/><AGARI ba="0,0" hai="44,48,53,94,95,100,101,102" m="33290,1641" machi="44" ten="30,1100,0" yaku="8,1" doraHai="71" who="3" fromWho="3" sc="230,-3,270,-5,250,-3,250,11" /><INIT seed="2,0,0,5,4,37" ten="227,265,247,261" oya="2" hai0="86,109,102,40,108,84,49,52,83,87,17,16,36" hai1="11,33,95,42,112,46,129,73,2,24,54,5,3" hai2="119,79,22,62,53,133,70,104,130,106,35,56,25" hai3="71,91,69,66,44,51,39,20,12,90,111,61,31"/><V10/><F35/><W27/><G111/><N who="0" m="42571" /><D102/><U135/><E112/><V128/><F119/><W28/><G71/><T120/><D83/><U43/><E73/><V4/><F70/><W78/><G39/><T97/><D97/><U134/><E2/><V41/><F79/><W7/><G31/><T118/><D120/><U77/><E77/><V38/><F133/><N who="1" m="50697" /><E129/><N who="2" m="49771" /><F38/><W14/><G78/><T88/><D88/><U13/><E3/><N who="2" m="287" /><F41/><N who="1" m="15369" /><E95/><V132/><F132/><W99/><G90/><T47/><D118/><U85/><E85/><N who="0" m="21761" /><T67/><DORA hai="131" /><D67/><U74/><E74/><V58/><F58/><AGARI ba="0,0" hai="16,17,36,40,47,49,52,58" m="21761,42571" machi="58" ten="40,8000,1" yaku="14,1,52,1,54,2" doraHai="37,131" who="0" fromWho="2" sc="227,80,265,0,247,-80,261,0" /><INIT seed="3,0,0,4,0,104" ten="307,265,167,261" oya="3" hai0="97,9,116,51,127,7,71,39,77,101,1,84,57" hai1="62,48,60,6,130,50,111,133,99,100,59,126,82" hai2="91,73,56,112,113,55,8,52,53,28,135,3,93" hai3="64,35,15,106,69,85,5,47,34,124,121,14,20"/><W103/><G103/><T12/><D127/><U19/><E130/><V90/><F28/><W65/><G106/><T110/><D39/><U122/><E126/><V38/><F38/><W128/><G121/><T31/><D71/><U134/><E122/><V83/><F56/><W86/><G69/><T115/><D31/><U33/><E6/><V11/><F135/><N who="1" m="51721" /><E33/><V17/><F11/><N who="3" m="4463" /><G35/><T120/><D115/><U58/><E82/><V119/><F119/><W24/><G34/><T22/><D110/><U46/><E19/><V94/><F3/><W117/><G117/><T16/><D120/><U4/><E4/><V107/><F107/><W72/><G72/><T68/><D68/><U42/><E111/><V36/><F36/><W67/><G47/><T66/><D116/><U125/><E125/><V74/><F17/><N who="3" m="12303" /><G124/><T108/><D108/><U29/><E29/><V0/><F0/><W87/><G128/><T75/><D1/><U114/><E114/><N who="2" m="44139" /><F8/><W44/><G44/><T92/><D9/><U105/><E59/><V109/><F109/><W45/><G45/><T10/><D10/><U89/><E89/><N who="2" m="33803" /><F83/><W129/><G129/><T61/><D7/><U95/><E105/><V123/><F123/><W25/><G15/><T2/><D2/><U30/><E30/><V79/><F79/><W27/><AGARI ba="0,0" hai="25,27,64,65,67,85,86,87" m="12303,4463" machi="27" ten="40,2100,0" yaku="8,1" doraHai="104" who="3" fromWho="3" sc="307,-7,265,-7,167,-7,261,21" /><INIT seed="3,1,0,3,0,106" ten="300,258,160,282" oya="3" hai0="87,83,56,134,26,104,3,7,126,8,75,96,12" hai1="101,130,17,34,73,95,78,44,41,118,114,112,113" hai2="129,9,10,98,92,23,102,42,79,33,57,5,18" hai3="19,72,2,88,0,131,4,70,125,29,82,15,111"/><W115/><G115/><T110/><D126/><U81/><E118/><V94/><F33/><W52/><G70/><T54/><D134/><U50/><E34/><V58/><F129/><W53/><G131/><T32/><D110/><U38/><E130/><V20/><F79/><W100/><G125/><T47/><D47/><U43/><E43/><V76/><F76/><W46/><G111/><T37/><D37/><U64/><E64/><V45/><F92/><W122/><G122/><T13/><D75/><U28/><E28/><V6/><F23/><N who="3" m="11775" /><G72/><T61/><D26/><U36/><E17/><V133/><F133/><W123/><G0/><T86/><D86/><U63/><REACH who="1" step="1"/><E63/><REACH who="1" ten="300,248,160,282" step="2"/><V80/><F5/><W59/><G4/><T107/><D32/><U74/><E74/><V135/><F135/><W51/><G29/><T69/><D3/><U71/><E71/><V109/><F109/><W39/><G2/><T68/><D69/><U97/><AGARI ba="1,1" hai="36,38,41,44,50,73,78,81,95,97,101,112,113,114" machi="97" ten="40,5200,0" yaku="1,1,0,1,52,1,53,0" doraHai="106" doraHaiUra="124" who="1" fromWho="1" sc="300,-14,248,65,160,-14,282,-27" /><INIT seed="4,0,0,0,5,31" ten="286,313,146,255" oya="0" hai0="96,123,48,68,44,43,58,41,38,118,90,37,95" hai1="39,25,35,100,110,62,131,10,53,108,21,42,49" hai2="76,99,104,86,0,33,17,91,20,75,55,73,103" hai3="30,74,127,18,101,24,59,119,113,97,32,71,5"/><T34/><D118/><U50/><E131/><V14/><F0/><W84/><G119/><T116/><D116/><U56/><E100/><V57/><F76/><W66/><G74/><T47/><D123/><U89/><E35/><V12/><F12/><W98/><G127/><T9/><D68/><U52/><E10/><V4/><F4/><W87/><G5/><T77/><D77/><U8/><E8/><V40/><F40/><W79/><G113/><T11/><D34/><U23/><E89/><V114/><F33/><W45/><G79/><T2/><D2/><U6/><E6/><V22/><F22/><W1/><G1/><T126/><D126/><U81/><E81/><V29/><F29/><W83/><G83/><T128/><D128/><U3/><E3/><V72/><F114/><W61/><G45/><T67/><REACH who="0" step="1"/><D67/><REACH who="0" ten="276,313,146,255" step="2"/><N who="1" m="39367" /><E21/><V129/><F129/><W94/><G71/><T60/><D60/><U80/><E23/><V124/><F124/><W26/><G61/><T109/><D109/><N who="1" m="42091" /><E25/><V121/><F121/><W112/><G26/><T120/><D120/><U102/><E102/><V132/><F75/><W82/><G101/><T69/><D69/><U107/><E107/><V115/><F115/><W63/><G32/><T19/><D19/><U51/><E80/><V65/><F73/><W117/><G82/><T92/><D92/><U46/><AGARI ba="0,1" hai="39,42,46,49,50,51,52,53" m="42091,39367" machi="46" ten="40,5200,0" yaku="34,2,54,1" doraHai="31" who="1" fromWho="1" sc="276,-26,313,62,146,-13,255,-13" /><INIT seed="5,0,0,4,1,25" ten="250,375,133,242" oya="1" hai0="89,77,0,87,20,34,1,74,83,107,133,93,82" hai1="16,19,128,35,61,90,114,69,81,78,47,9,5" hai2="64,62,86,65,23,56,94,79,100,120,76,84,48" hai3="44,27,30,104,7,53,131,24,116,103,36,4,125"/><U60/><E35/><V66/><F120/><W134/><G125/><T15/><D34/><U49/><E128/><V63/><F48/><W12/><G131/><T42/><D133/><U115/><E90/><V102/><F23/><N who="3" m="15647" /><G36/><T11/><D42/><U121/><E121/><V113/><F113/><N who="1" m="43017" /><E69/><V111/><F111/><W73/><G73/><T55/><D107/><U92/><E92/><V72/><F72/><W57/><G104/><T127/><D127/><U98/><E98/><V108/><F108/><W41/><G116/><T18/><D83/><U32/><E32/><V129/><F129/><W96/><G96/><T26/><REACH who="0" step="1"/><D55/><REACH who="0" ten="240,375,133,242" step="2"/><N who="1" m="30143" /><E81/><V50/><F94/><W17/><G134/><T33/><D33/><U43/><E43/><V126/><F126/><W112/><G41/><T13/><D13/><N who="1" m="5295" /><E78/><V51/><REACH who="2" step="1"/><F65/><REACH who="2" ten="240,375,123,242" step="2"/><W54/><G112/><T75/><D75/><U68/><E60/><V14/><F14/><W22/><G12/><T3/><D3/><U40/><E40/><V101/><F101/><W38/><G103/><T58/><D58/><AGARI ba="0,2" hai="50,51,56,58,62,63,64,66,76,79,84,86,100,102" machi="58" ten="25,12000,2" yaku="1,1,22,2,8,1,53,2" doraHai="25" doraHaiUra="52" who="2" fromWho="0" sc="240,-120,375,0,123,140,242,0" /><INIT seed="6,0,0,4,5,99" ten="120,375,263,242" oya="2" hai0="101,27,102,108,3,23,33,115,94,120,128,86,21" hai1="125,52,2,7,65,19,85,25,71,0,20,119,22" hai2="122,55,81,133,48,93,40,31,28,13,59,35,53" hai3="124,135,51,4,109,103,113,88,60,121,15,82,45"/><V11/><F122/><W14/><G109/><T83/><D3/><U16/><E119/><V58/><F35/><W37/><G37/><T12/><D120/><U26/><E125/><V131/><F40/><N who="3" m="24999" /><G124/><T68/><D68/><U104/><E104/><V95/><F133/><W46/><G135/><T69/><D69/><U80/><E7/><V67/><F67/><W77/><G46/><T29/><D33/><U126/><E126/><V90/><F81/><W78/><G113/><T34/><D34/><U107/><E107/><V50/><F131/><W24/><G24/><T61/><D128/><U92/><E92/><V1/><F1/><W117/><G117/><T132/><D115/><U106/><E106/><V57/><F57/><W10/><G60/><T76/><D108/><U127/><E127/><V97/><REACH who="2" step="1"/><F95/><REACH who="2" ten="120,375,253,242" step="2"/><W134/><G121/><T5/><D132/><U41/><E65/><V42/><F42/><W116/><G116/><T8/><D94/><U36/><E71/><V38/><F38/><W9/><G134/><T72/><D72/><U47/><E52/><V54/><F54/><W66/><G66/><T32/><REACH who="0" step="1"/><D61/><REACH who="0" ten="110,375,253,242" step="2"/><U79/><AGARI ba="0,2" hai="0,2,16,19,20,22,25,26,36,41,47,79,80,85" machi="79" ten="20,5200,0" yaku="0,1,7,1,9,1,54,1" doraHai="99" who="1" fromWho="1" sc="110,-13,375,72,253,-26,242,-13" /><INIT seed="7,0,0,0,5,118" ten="97,447,227,229" oya="3" hai0="133,129,97,131,115,40,106,27,67,11,14,88,59" hai1="51,119,120,68,45,64,2,105,12,112,61,6,70" hai2="73,72,80,21,74,90,110,42,29,34,23,104,44" hai3="89,62,122,82,52,124,31,63,25,103,102,114,50"/><W126/><G114/><T47/><D133/><U99/><E112/><V76/><F104/><W69/><G69/><T108/><D115/><U123/><E119/><V28/><F90/><W100/><G122/><T87/><D27/><U35/><E68/><V117/><F117/><W56/><G82/><T121/><D108/><U13/><E12/><V116/><F116/><W46/><G89/><T33/><D33/><U15/><E13/><V85/><F110/><W10/><G10/><T9/><D121/><U93/><E15/><V107/><F107/><W26/><G63/><T1/><D1/><U130/><E105/><V135/><F135/><W7/><G7/><T109/><D109/><U113/><E35/><V94/><F94/><W78/><G78/><T83/><D9/><U84/><E84/><V66/><F66/><N who="3" m="39239" /><G31/><T132/><D132/><U43/><E113/><V91/><F76/><W5/><G5/><T127/><D127/><AGARI ba="0,0" hai="25,26,46,50,52,100,102,103,124,126,127" m="39239" machi="127" ten="30,2900,0" yaku="18,1,54,1" doraHai="118" who="3" fromWho="0" sc="97,-29,447,0,227,0,229,29" /><INIT seed="7,1,0,0,1,130" ten="68,447,227,258" oya="3" hai0="19,2,81,7,65,82,115,4,95,126,120,42,51" hai1="55,34,6,107,74,94,134,62,108,16,3,132,91" hai2="66,29,40,68,26,52,5,128,76,27,10,92,80" hai3="75,0,73,113,110,9,31,87,15,32,98,64,93"/><W57/><G0/><T85/><D85/><U106/><E74/><V102/><F40/><W38/><G38/><T61/><D61/><U63/><E34/><V89/><F128/><W48/><G110/><T47/><D47/><U12/><E108/><V122/><F102/><W77/><G113/><T25/><D25/><U116/><E116/><V100/><F100/><N who="3" m="60495" /><G32/><T45/><D45/><U41/><E41/><V58/><F66/><W43/><G73/><T99/><D99/><U96/><E6/><V28/><F68/><W119/><G119/><T125/><D125/><U78/><E3/><V114/><F114/><W44/><G75/><T56/><D56/><N who="1" m="35103" /><E63/><V24/><F122/><W124/><G124/><T8/><D8/><N who="1" m="6151" /><E78/><V70/><F70/><W17/><G31/><T83/><D83/><U50/><E50/><N who="2" m="30999" /><F80/><N who="3" m="47503" /><G57/><T86/><D86/><U60/><E60/><V97/><F76/><W72/><G72/><T53/><D53/><U21/><E107/><V39/><F39/><W105/><G105/><T79/><D79/><U37/><E106/><V133/><F133/><N who="1" m="51305" /><E37/><V101/><F5/><W104/><G104/><T1/><D1/><U121/><E121/><V112/><F112/><W35/><G35/><T135/><D120/><U67/><E67/><AGARI ba="1,0" hai="9,15,17,43,44,48,64,67" m="47503,60495" machi="67" ten="30,1500,0" yaku="8,1" doraHai="130" who="3" fromWho="1" sc="68,0,447,-18,227,0,258,18" /><INIT seed="7,2,0,4,0,15" ten="68,429,227,276" oya="3" hai0="27,102,117,39,104,65,113,24,111,109,35,37,29" hai1="129,57,28,101,48,70,72,67,55,93,61,87,25" hai2="36,66,45,64,52,76,8,134,91,100,73,88,132" hai3="86,19,40,38,114,71,69,123,79,95,120,14,46"/><W4/><G4/><T118/><D102/><U115/><E72/><V85/><F73/><W7/><G7/><T56/><D104/><U51/><E129/><V12/><F100/><W110/><G110/><T30/><D56/><U17/><E17/><N who="2" m="8327" /><F36/><W131/><G131/><T77/><D65/><N who="2" m="25194" /><F76/><W20/><G114/><T63/><D77/><U127/><E115/><V125/><F85/><W121/><REACH who="3" step="1"/><G95/><REACH who="3" ten="68,429,227,266" step="2"/><T9/><D113/><U11/><E93/><V74/><F74/><W43/><G43/><T41/><D41/><U105/><E105/><V96/><F96/><W58/><G58/><T21/><D21/><U116/><E57/><V106/><F106/><W23/><G23/><T75/><D75/><U128/><E128/><V119/><F119/><W112/><G112/><T124/><D9/><U2/><E116/><V108/><F108/><W32/><G32/><T60/><REACH who="0" step="1"/><D124/><REACH who="0" ten="58,429,227,266" step="2"/><U53/><E11/><V84/><F125/><W98/><G98/><T78/><D78/><U26/><E127/><V130/><F130/><W135/><G135/><N who="2" m="51753" /><F84/><W122/><G122/><T0/><D0/><U99/><E2/><V13/><F13/><W31/><G31/><T16/><D16/><U103/><E55/><V33/><F33/><AGARI ba="2,2" hai="24,27,29,30,33,35,37,39,60,63,109,111,117,118" machi="33" ten="25,3200,0" yaku="1,1,22,2,53,0" doraHai="15" doraHaiUra="1" who="0" fromWho="2" sc="58,58,429,0,227,-38,266,0" owari="116,-38.0,429,52.0,189,-21.0,266,7.0" /></mjloggm>