<mjloggm ver="2.3"><GO type="169"/><UN n0="%E5%9C%B0%E7%8D%84%E3%83%A2%E3%83%BC%E3%83%89%E4%B8%AD" n1="%EF%BC%88%E2%89%A7%E2%96%BD%E2%89%A6%EF%BC%89" n2="%E6%AD%A6%E5%A3%AB%E6%B2%A2%E7%A7%80%E8%A1%8C" n3="%E3%83%97%E3%83%AD%E3%82%B8%E3%83%A3%E3%83%B3%E6%B0%8F" dan="16,18,16,17" rate="2056,2179,2071,2166" sx="F,M,M,M"/><TAIKYOKU oya="0"/><INIT seed="0,0,0,4,0,114" ten="250,250,250,250" oya="0" hai0="68,132,128,135,78,107,73,129,50,21,26,111,49" hai1="122,27,104,15,113,10,62,112,52,89,130,59,92" hai2="84,90,117,13,65,8,72,124,43,76,81,61,74" hai3="19,82,79,125,22,23,133,37,44,36,29,109,123"/><T91/><D68/><U67/><E104/><V80/><F124/><W11/><G109/><T87/><D107/><U40/><E122/><V60/><F43/><W2/><G133/><N who="0" m="51275" /><D78/><U25/><E40/><V41/><F41/><W20/><G125/><T39/><D73/><U53/><E130/><N who="0" m="50281" /><D39/><U4/><E113/><V115/><F115/><W31/><G123/><T97/><D97/><U88/><E89/><V121/><F121/><W63/><G63/><T35/><D35/><U0/><E0/><V30/><F61/><W17/><G44/><T119/><D111/><U105/><E105/><V55/><F72/><W69/><G69/><T9/><D9/><U108/><E108/><V47/><F74/><W103/><G37/><T86/><D119/><U1/><E1/><V120/><F117/><W100/><G36/><T98/><D98/><N who="1" m="57607" /><E112/><V95/><F120/><W42/><G79/><T14/><D14/><U38/><E38/><V16/><F76/><W7/><G42/><T75/><D75/><U110/><E110/><V12/><F12/><W48/><G2/><T6/><D6/><U94/><E27/><V102/><F13/><W66/><G7/><T96/><D96/><U24/><E25/><V83/><F8/><W101/><G11/><T58/><D58/><U71/><E24/><V118/><F118/><W99/><G99/><T33/><D33/><U34/><E34/><V46/><F84/><N who="0" m="32298" /><D91/><U64/><E94/><V54/><F95/><W56/><G56/><T77/><D77/><U18/><E4/><V93/><F90/><W28/><G101/><T45/><D45/><RYUUKYOKU ba="0,0" sc="250,15,250,15,250,-15,250,-15" hai0="21,26,49,50" hai1="10,15,18,52,53,59,62,64,67,71" /><INIT seed="0,1,0,2,3,76" ten="265,265,235,235" oya="0" hai0="21,123,40,22,34,117,83,102,24,52,33,101,104" hai1="53,54,75,61,51,68,99,78,77,105,128,28,70" hai2="92,87,39,37,60,41,49,17,95,129,55,10,36" hai3="79,127,82,43,26,38,107,71,93,3,48,30,81"/><T106/><D117/><U73/><E128/><V108/><F129/><W124/><G107/><T116/><D116/><U90/><E28/><V89/><F108/><W110/><G110/><T31/><D40/><U7/><E7/><V44/><F60/><W14/><G3/><T86/><D123/><U66/><E105/><V4/><F17/><W118/><G118/><T1/><D1/><U65/><E90/><V121/><F121/><W126/><G38/><T15/><D106/><U47/><E99/><V94/><REACH who="2" step="1"/><F41/><REACH who="2" ten="265,265,225,235" step="2"/><W114/><G43/><T109/><D109/><U56/><E70/><V11/><F11/><W122/><G71/><T131/><D131/><U12/><E68/><V115/><F115/><W20/><G122/><T132/><D132/><U97/><E61/><V19/><F19/><N who="3" m="10359" /><G114/><T8/><D8/><U46/><E66/><V62/><F62/><W18/><G18/><T57/><D31/><U16/><E65/><V91/><F91/><W96/><G79/><T32/><D102/><U130/><E130/><V45/><F45/><W80/><G48/><T13/><D101/><U59/><E77/><V23/><F23/><N who="3" m="15711" /><G96/><T50/><D22/><N who="1" m="11527" /><E97/><V113/><F113/><W29/><G29/><T69/><D69/><U67/><E78/><V0/><AGARI ba="1,1" hai="0,4,10,36,37,39,44,49,55,87,89,92,94,95" machi="0" ten="30,2000,0" yaku="1,1,0,1,53,0" doraHai="76" doraHaiUra="27" who="2" fromWho="2" sc="265,-11,265,-6,225,33,235,-6" /><INIT seed="1,0,0,2,2,72" ten="254,259,258,229" oya="1" hai0="11,7,57,106,64,132,77,120,73,129,124,45,119" hai1="37,16,118,81,27,126,96,97,109,121,10,32,30" hai2="52,69,6,104,0,98,60,95,13,26,75,80,99" hai3="108,115,135,123,83,15,17,35,105,107,47,49,103"/><U25/><E121/><V116/><F116/><W33/><G108/><T3/><D106/><U19/><E118/><V122/><F122/><W86/><G135/><T93/><D119/><U101/><E37/><V28/><F0/><W31/><G115/><T90/><D120/><U102/><E109/><V61/><F104/><W8/><G123/><T48/><D132/><U18/><E126/><V42/><F42/><W23/><G103/><N who="1" m="39434" /><E32/><V63/><F69/><W62/><G107/><T5/><D124/><U85/><E10/><V40/><F40/><W2/><G105/><T34/><D34/><U70/><E70/><V29/><F80/><W110/><G62/><T67/><D7/><U68/><E68/><V55/><F75/><W117/><G117/><T92/><D92/><U127/><E127/><V112/><F112/><W58/><G110/><T54/><D129/><U38/><E38/><V20/><F29/><W14/><G2/><T79/><D73/><U94/><E94/><V100/><F99/><N who="1" m="37961" /><E30/><V131/><F131/><W71/><G71/><T44/><D11/><AGARI ba="0,0" hai="6,11,13,20,26,28,52,55,60,61,63,95,98,100" machi="11" ten="40,2600,0" yaku="8,1,54,1" doraHai="72" who="2" fromWho="0" sc="254,-26,259,0,258,26,229,0" /><INIT seed="2,0,0,4,3,59" ten="228,259,284,229" oya="2" hai0="64,65,43,48,127,8,112,80,95,131,68,107,85" hai1="115,58,32,0,100,57,51,41,56,113,23,111,117" hai2="31,49,67,135,5,2,103,63,6,89,106,114,96" hai3="45,126,37,86,84,12,35,91,11,44,46,104,116"/><V128/><F114/><W17/><G126/><T83/><D107/><U19/><E32/><V120/><F120/><W69/><G116/><T3/><D112/><U122/><E117/><V81/><F128/><W18/><G104/><T34/><D34/><U119/><E119/><V30/><F135/><W78/><G69/><T99/><D131/><U88/><E122/><V87/><F49/><W28/><G37/><T108/><D127/><U15/><E111/><V121/><F121/><W132/><G132/><T109/><D85/><U124/><E0/><V71/><REACH who="2" step="1"/><F2/><REACH who="2" ten="228,259,274,229" step="2"/><W16/><G35/><T27/><D3/><U7/><E124/><V125/><F125/><W10/><G10/><T9/><D48/><U53/><E115/><V26/><F26/><W4/><G11/><T102/><D27/><U129/><E113/><V14/><F14/><W38/><G12/><T94/><D8/><U75/><E129/><V47/><F47/><W20/><G44/><T66/><D9/><U134/><E134/><V118/><F118/><W72/><G46/><T36/><D109/><U98/><E51/><V13/><F13/><W93/><G45/><T1/><D1/><U74/><E15/><V62/><F62/><W25/><G38/><T70/><D36/><U52/><E41/><V61/><F61/><W33/><G33/><T60/><D43/><U130/><E130/><V29/><AGARI ba="0,1" hai="5,6,29,30,31,63,67,71,81,87,89,96,103,106" machi="29" ten="30,18000,2" yaku="1,1,0,1,52,1,53,3" doraHai="59" doraHaiUra="24" who="2" fromWho="2" sc="228,-60,259,-60,274,190,229,-60" /><INIT seed="2,1,0,1,3,50" ten="168,199,464,169" oya="2" hai0="21,83,68,65,102,115,114,71,67,44,87,77,96" hai1="39,120,36,108,132,28,20,35,37,78,89,80,113" hai2="15,11,16,94,123,135,112,33,128,42,129,134,58" hai3="47,13,27,75,116,131,98,103,64,4,70,63,41"/><V86/><F123/><W121/><G121/><T6/><D6/><U24/><E113/><V57/><F112/><W0/><G0/><T91/><D115/><U29/><E120/><V84/><F42/><W9/><G131/><N who="2" m="50249" /><F33/><W7/><G116/><T79/><D114/><U111/><E132/><N who="2" m="50731" /><F94/><W106/><G75/><T26/><D71/><U66/><E66/><V124/><F124/><W109/><G109/><T59/><D68/><U22/><E35/><V127/><F127/><W117/><G117/><T46/><D67/><U52/><E108/><V133/><F133/><W122/><G122/><T32/><D32/><U69/><E111/><V31/><F31/><W56/><G70/><T5/><D5/><U12/><E29/><V110/><F110/><W88/><G27/><T51/><D26/><U130/><E69/><V54/><F58/><W2/><G56/><T10/><D59/><U49/><E130/><V48/><AGARI ba="1,0" hai="11,15,16,48,54,57,84,86" m="50731,50249" machi="48" ten="30,11700,0" yaku="19,1,20,1,52,1,54,1" doraHai="50" who="2" fromWho="2" sc="168,-40,199,-40,464,120,169,-40" /><INIT seed="2,2,0,2,1,20" ten="128,159,584,129" oya="2" hai0="62,72,10,31,17,50,111,125,25,3,78,24,92" hai1="33,52,46,121,38,14,19,26,76,56,99,58,59" hai2="15,42,54,7,47,23,70,63,87,35,22,67,28" hai3="43,95,113,48,30,100,90,122,83,2,12,107,128"/><V65/><F65/><W4/><G2/><T109/><D125/><U105/><E121/><V32/><F54/><W75/><G128/><T36/><D36/><U44/><E76/><V126/><F126/><W53/><G43/><T112/><D112/><U71/><E71/><V1/><F1/><W69/><G69/><T127/><D127/><U108/><E108/><N who="0" m="41545" /><D31/><U11/><E38/><V5/><F87/><W132/><G132/><T101/><D62/><U74/><E74/><V49/><F35/><W51/><G122/><T85/><D72/><U102/><REACH who="1" step="1"/><E52/><REACH who="1" ten="128,149,584,129" step="2"/><V45/><F45/><W66/><G53/><T16/><D50/><U6/><E6/><V18/><REACH who="2" step="1"/><F32/><REACH who="2" ten="128,149,574,129" step="2"/><W96/><G75/><T55/><D55/><U115/><E115/><V124/><F124/><W8/><G66/><T135/><D135/><U82/><E82/><V34/><F34/><W134/><G83/><N who="0" m="47351" /><D3/><U110/><E110/><V86/><F86/><W129/><G134/><T116/><D116/><U106/><E106/><V98/><F98/><W133/><G133/><T29/><D92/><U91/><E91/><V117/><F117/><W41/><G113/><T130/><D130/><U27/><E27/><AGARI ba="2,2" hai="5,7,15,18,22,23,27,28,42,47,49,63,67,70" machi="27" ten="40,3900,0" yaku="1,1,52,1,53,0" doraHai="20" doraHaiUra="103" who="2" fromWho="1" sc="128,0,149,-45,574,65,129,0" /><INIT seed="2,3,0,4,3,47" ten="128,104,639,129" oya="2" hai0="115,64,120,1,122,101,45,79,19,61,49,81,70" hai1="124,58,77,107,127,82,41,92,73,44,83,33,116" hai2="132,37,50,126,99,129,109,76,25,27,55,103,80" hai3="69,9,117,8,36,121,66,84,114,68,57,128,97"/><V100/><F37/><W106/><G36/><T31/><D1/><U90/><E116/><V72/><F126/><N who="1" m="48169" /><E33/><V86/><F132/><W62/><G117/><T43/><D115/><U118/><E107/><V3/><F3/><W94/><G121/><T46/><D101/><U13/><E118/><V4/><F4/><W16/><G114/><T26/><D19/><U123/><E123/><V59/><F129/><W96/><G128/><T29/><D46/><U105/><E105/><V93/><F109/><W75/><G75/><T134/><D134/><U91/><E82/><V38/><F38/><W39/><G39/><T15/><D15/><U17/><E58/><V20/><F72/><W87/><G106/><T113/><D113/><U12/><E12/><V34/><F34/><W52/><G69/><T7/><D7/><U24/><E24/><V14/><F103/><W22/><G68/><T85/><REACH who="0" step="1"/><D31/><REACH who="0" ten="118,104,639,129" step="2"/><U2/><E2/><V131/><F131/><W130/><G130/><T35/><AGARI ba="3,1" hai="26,29,35,43,45,49,61,64,70,79,81,85,120,122" machi="35" ten="20,8000,1" yaku="1,1,2,1,0,1,7,1,52,1,53,0" doraHai="47" doraHaiUra="133" who="0" fromWho="0" sc="118,99,104,-23,639,-43,129,-23" /><INIT seed="3,0,0,3,3,131" ten="217,81,596,106" oya="3" hai0="69,111,99,59,15,6,13,109,92,115,81,100,20" hai1="32,65,124,40,27,89,117,76,3,55,78,87,29" hai2="80,79,41,118,114,26,67,68,84,48,61,101,46" hai3="57,70,104,127,54,135,83,119,64,86,94,58,134"/><W18/><G127/><T16/><D69/><U14/><E3/><V113/><F118/><W98/><G119/><T21/><D115/><U122/><E122/><V95/><F101/><N who="3" m="60631" /><G104/><T35/><D35/><U2/><E2/><V77/><F77/><N who="3" m="46447" /><G54/><T28/><D81/><U90/><E117/><V7/><F95/><W1/><G1/><T5/><D59/><U24/><E124/><V45/><F26/><W133/><G18/><N who="0" m="10319" /><D28/><U110/><E24/><V50/><F7/><W44/><G44/><T62/><D62/><AGARI ba="0,0" hai="57,58,62,64,70,133,134,135" m="46447,60631" machi="62" ten="30,11600,0" yaku="20,1,52,3" doraHai="131" who="3" fromWho="0" sc="217,-116,81,0,596,0,106,116" /><INIT seed="3,1,0,2,1,102" ten="101,81,596,222" oya="3" hai0="1,39,90,106,104,128,55,42,64,38,107,125,34" hai1="75,18,83,108,116,61,22,127,76,124,15,11,2" hai2="67,129,97,50,27,99,74,4,103,71,29,14,112" hai3="113,8,118,109,13,30,17,86,35,117,115,101,82"/><W54/><G101/><T28/><D1/><U33/><E116/><N who="3" m="44650" /><G54/><T69/><D55/><U52/><E108/><V49/><F112/><W32/><G82/><T70/><D90/><U19/><E33/><N who="3" m="12874" /><G86/><T58/><D58/><U88/><E2/><V135/><F99/><W119/><G119/><T81/><D81/><U84/><E61/><V121/><F97/><W130/><G30/><T56/><D56/><U44/><E44/><V60/><F103/><W77/><G77/><T24/><D125/><U80/><REACH who="1" step="1"/><E52/><REACH who="1" ten="101,71,596,222" step="2"/><V68/><F60/><W133/><G109/><T89/><D128/><U3/><E3/><V91/><F67/><W53/><G53/><T98/><D64/><U37/><E37/><V105/><F50/><W73/><G130/><T57/><D57/><U94/><E94/><V85/><F49/><W92/><G92/><T12/><D39/><U48/><E48/><V31/><F129/><W16/><G115/><T40/><D38/><U87/><E87/><V110/><F110/><W26/><G113/><T78/><D70/><U36/><E36/><V0/><F85/><W21/><G73/><T114/><D69/><U134/><E134/><AGARI ba="1,1" hai="8,13,16,17,21,26,133,134" m="12874,44650" machi="134" ten="40,7700,0" yaku="34,2,54,1" doraHai="102" who="3" fromWho="1" sc="101,0,71,-80,596,0,222,90" owari="101,-30.0,-9,-51.0,596,70.0,312,11.0" /></mjloggm>