<mjloggm ver="2.3"><GO type="169" lobby="0"/><UN n0="%EF%BC%88%E2%89%A7%E2%96%BD%E2%89%A6%EF%BC%89" n1="%E3%83%99%E3%82%BF%E3%82%AA%E3%83%AA%E3%82%B9%E3%82%AF" n2="%E3%83%80%E3%83%A1%E9%9B%80%E5%A3%AB" n3="%E3%82%A2%E3%83%8B%E3%82%AA%E3%83%B3" dan="17,16,16,17" rate="2120,2059,2039,2131" sx="M,M,M,F"/><TAIKYOKU oya="0"/><INIT seed="0,0,0,1,0,14" ten="250,250,250,250" oya="0" hai0="104,48,94,8,135,51,122,117,2,50,10,95,62" hai1="12,107,75,76,69,72,93,78,98,23,55,110,36" hai2="120,89,25,41,56,30,77,81,43,33,6,52,9" hai3="44,27,88,57,85,128,64,5,131,32,101,34,20"/><T133/><D122/><U24/><E107/><V126/><F126/><W99/><G44/><T26/><D117/><U90/><E36/><V134/><F134/><N who="0" m="51210" /><D104/><U58/><E69/><V0/><F89/><W68/><G5/><N who="0" m="1079" /><D10/><U65/><E65/><V70/><F70/><W83/><G68/><T114/><D114/><U119/><E119/><V16/><F120/><W71/><G71/><T112/><D112/><U21/><E110/><V35/><F35/><W111/><G111/><T132/><D132/><U53/><E75/><V60/><F81/><W29/><G128/><T54/><D26/><U4/><E72/><V11/><F77/><N who="1" m="29801" /><E58/><AGARI ba="0,0" hai="48,50,51,54,58,62,94,95" m="1079,51210" machi="58" ten="30,1500,0" yaku="20,1" doraHai="14" who="0" fromWho="1" sc="250,15,250,-15,250,0,250,0" /><INIT seed="0,1,0,5,3,78" ten="265,235,250,250" oya="0" hai0="125,98,131,133,10,60,2,108,90,48,122,53,107" hai1="77,9,80,56,82,5,73,93,112,91,32,128,20" hai2="135,95,58,4,88,92,109,45,21,8,121,114,86" hai3="54,76,111,12,57,30,17,11,1,85,33,126,74"/><T106/><D122/><U69/><E69/><V75/><F75/><W65/><G65/><T83/><D125/><U97/><E32/><V51/><F121/><W96/><G126/><T46/><D133/><U102/><E128/><V89/><F114/><W36/><G36/><T124/><D124/><U104/><E112/><V3/><F135/><W13/><G74/><T47/><D131/><U71/><E71/><V34/><F34/><W31/><G111/><T101/><D108/><U7/><E9/><V15/><F58/><W23/><G33/><T42/><D107/><U35/><E35/><V134/><F134/><W130/><G1/><T25/><D25/><U26/><E56/><V123/><F123/><W120/><G130/><T55/><D60/><U70/><E70/><V116/><F116/><W6/><G96/><T43/><D10/><U87/><E80/><V14/><F109/><W61/><G120/><T40/><D2/><U16/><AGARI ba="1,0" hai="5,7,16,20,26,73,77,82,87,91,93,97,102,104" machi="16" ten="20,12000,2" yaku="0,1,7,1,24,2,52,1,54,1" doraHai="78" who="1" fromWho="1" sc="265,-61,235,123,250,-31,250,-31" /><INIT seed="1,0,0,4,3,90" ten="204,358,219,219" oya="1" hai0="110,35,65,72,100,33,62,4,45,83,122,60,126" hai1="113,120,6,5,95,1,56,82,116,3,78,11,128" hai2="20,81,131,49,106,14,10,23,107,117,44,32,55" hai3="92,18,54,105,94,29,58,96,57,64,121,51,7"/><U43/><E116/><V68/><F68/><W69/><G121/><T89/><D122/><U130/><E120/><V111/><F32/><W124/><G69/><T76/><D126/><U0/><E113/><V37/><F117/><W59/><G124/><T132/><D100/><U112/><E112/><V47/><F131/><N who="1" m="50217" /><E43/><V75/><F75/><W87/><G29/><T26/><D132/><U22/><E22/><V127/><F127/><W133/><G133/><T101/><D101/><U53/><E6/><V66/><F66/><W86/><G7/><T118/><D4/><U97/><E56/><N who="3" m="21610" /><G105/><T16/><D118/><U34/><E53/><V2/><F2/><W8/><G96/><T42/><D35/><U13/><E34/><V67/><F106/><W88/><G64/><T77/><D33/><U91/><E3/><V70/><F107/><W135/><G135/><T15/><D65/><U28/><E28/><V109/><F67/><W74/><G74/><AGARI ba="0,0" hai="0,1,5,11,13,74,78,82,91,95,97" m="50217" machi="74" ten="30,2900,0" yaku="19,1,52,1" doraHai="90" who="1" fromWho="3" sc="204,0,358,29,219,0,219,-29" /><INIT seed="1,1,0,5,0,97" ten="204,387,219,190" oya="1" hai0="19,34,123,12,109,88,36,0,30,82,1,46,116" hai1="2,135,131,89,45,51,93,83,120,62,68,18,3" hai2="70,87,55,64,25,114,113,98,65,76,27,112,129" hai3="42,9,99,95,79,4,61,26,108,23,43,66,103"/><U78/><E120/><V69/><F129/><W122/><G79/><T132/><D116/><U106/><E106/><V92/><F87/><W38/><G122/><T60/><D123/><U52/><E135/><V48/><F76/><W29/><G108/><T107/><D107/><U49/><E131/><V28/><F65/><W96/><G99/><T15/><D132/><U80/><E51/><V58/><F64/><W72/><G38/><T47/><D109/><U41/><E68/><N who="2" m="26219" /><F28/><W94/><G95/><T125/><D125/><U10/><E3/><V40/><F40/><W118/><G72/><T73/><D30/><U63/><E2/><V86/><F86/><W85/><G85/><N who="0" m="50231" /><D73/><U22/><E10/><V127/><F127/><W21/><G21/><T104/><D104/><U75/><E83/><V84/><F84/><W57/><G118/><T67/><D0/><AGARI ba="1,0" hai="0,4,9,23,26,29,42,43,57,61,66,94,96,103" machi="0" ten="30,7700,0" yaku="7,1,25,2,52,1" doraHai="97" who="3" fromWho="0" sc="204,-80,387,0,219,0,190,80" /><INIT seed="2,0,0,3,2,25" ten="124,387,219,270" oya="2" hai0="6,69,54,134,64,11,56,95,126,73,46,77,35" hai1="120,102,50,89,75,85,24,17,55,124,72,103,2" hai2="114,80,82,43,116,5,10,3,26,117,97,88,70" hai3="16,42,107,96,118,21,68,130,33,104,32,31,66"/><V18/><F70/><W129/><G118/><T45/><D126/><U36/><E36/><V81/><F114/><W86/><G86/><T51/><D134/><U59/><E2/><V19/><F43/><W65/><G42/><T34/><D69/><U90/><E124/><V39/><F39/><W63/><G66/><T41/><D64/><U110/><E110/><V87/><F97/><W71/><G68/><T109/><D109/><U98/><E120/><V8/><F8/><W92/><G33/><T23/><D23/><U111/><E111/><V47/><F47/><W84/><G84/><T76/><D95/><U53/><E53/><V15/><F3/><W125/><G125/><T57/><D57/><U94/><E89/><V131/><F131/><N who="3" m="50187" /><G32/><T4/><D73/><U28/><E17/><V93/><REACH who="2" step="1"/><F26/><REACH who="2" ten="124,387,209,270" step="2"/><N who="3" m="16847" /><G16/><AGARI ba="0,1" hai="5,10,15,16,18,19,80,81,82,87,88,93,116,117" machi="16" ten="40,18000,2" yaku="1,1,54,2,53,3" doraHai="25" doraHaiUra="14" who="2" fromWho="3" sc="124,0,387,0,209,190,270,-180" /><INIT seed="2,1,0,2,2,116" ten="124,387,399,90" oya="2" hai0="31,114,50,94,71,29,58,69,92,83,55,131,30" hai1="135,79,134,42,127,78,54,121,5,61,12,36,113" hai2="106,85,25,87,67,73,104,132,13,18,102,40,112" hai3="35,45,108,63,23,52,111,9,49,32,82,70,109"/><V3/><F3/><W27/><G82/><T60/><D114/><U11/><E113/><V117/><F112/><W86/><G86/><T122/><D131/><U41/><E127/><V128/><F117/><W76/><G76/><N who="1" m="29226" /><E36/><V80/><F73/><W93/><G93/><T59/><D83/><U20/><E121/><V19/><F128/><W10/><G9/><T77/><D77/><U96/><E96/><V64/><F132/><N who="1" m="50729" /><E20/><V37/><F37/><W16/><G10/><T65/><D122/><U0/><E12/><V53/><F40/><W72/><G72/><T123/><D123/><U57/><AGARI ba="1,0" hai="0,5,11,41,42,54,57,61" m="50729,29226" machi="57" ten="30,1100,0" yaku="20,1" doraHai="116" who="1" fromWho="1" sc="124,-4,387,14,399,-6,90,-4" /><INIT seed="3,0,0,1,2,82" ten="120,401,393,86" oya="3" hai0="113,92,88,89,59,50,120,129,18,56,100,106,52" hai1="31,83,122,68,128,37,80,26,131,32,81,99,45" hai2="124,105,70,4,77,27,93,54,84,7,96,67,8" hai3="20,41,46,116,107,36,47,39,130,110,127,53,133"/><W87/><G116/><T10/><D120/><U117/><E122/><V38/><F38/><W13/><G107/><T30/><D113/><U73/><E68/><V74/><F124/><W58/><G127/><T69/><D69/><U104/><E117/><V135/><F135/><W25/><G133/><T134/><D134/><U63/><E63/><V5/><F27/><W34/><G130/><T118/><D118/><U0/><E0/><V125/><F125/><W55/><G110/><T60/><D30/><U121/><E121/><V61/><F54/><W126/><G126/><T62/><D129/><U111/><E111/><V11/><F105/><W23/><G13/><N who="0" m="7479" /><D106/><U2/><E2/><V48/><F48/><W49/><G34/><T43/><D43/><U28/><E28/><V33/><F74/><W42/><G23/><T101/><D89/><U102/><E73/><V71/><F71/><W108/><G108/><T76/><D76/><U44/><E37/><V14/><F33/><W75/><G75/><T97/><D62/><U21/><E32/><V98/><F4/><W29/><G55/><AGARI ba="0,0" hai="50,52,55,56,59,60,88,92,97,100,101" m="7479" machi="55" ten="30,3900,0" yaku="8,1,54,2" doraHai="82" who="0" fromWho="3" sc="120,39,401,0,393,0,86,-39" /><INIT seed="4,0,0,5,3,98" ten="159,401,393,47" oya="0" hai0="21,115,110,6,62,19,112,90,102,5,96,92,38" hai1="17,117,47,93,86,99,74,24,56,26,36,29,124" hai2="109,9,89,46,127,69,10,2,116,78,4,103,91" hai3="32,12,14,76,83,72,123,18,63,41,45,49,87"/><T131/><D110/><U39/><E74/><V125/><F109/><W43/><G123/><T84/><D131/><U44/><E117/><V120/><F120/><W106/><G32/><T101/><D38/><U27/><E124/><V65/><F78/><W82/><G106/><T58/><D112/><U40/><E86/><V107/><F10/><W119/><G119/><T130/><D130/><U105/><E105/><V0/><F46/><W16/><G63/><T118/><D118/><U121/><E121/><V35/><F35/><W51/><G12/><N who="0" m="9447" /><D115/><U95/><E56/><V77/><F77/><W80/><G14/><T128/><D128/><U52/><E17/><V97/><F0/><W100/><G100/><N who="0" m="38507" /><D96/><U53/><E99/><V88/><F116/><W113/><G113/><T132/><D132/><U54/><E29/><V66/><F69/><W13/><G13/><T75/><D75/><U20/><E20/><V70/><F70/><W111/><G111/><T61/><D61/><U73/><E73/><V114/><F114/><W3/><G3/><T134/><D134/><U81/><E81/><N who="3" m="31338" /><G72/><T42/><D42/><AGARI ba="0,0" hai="24,26,27,36,39,40,42,44,47,52,53,54,93,95" machi="42" ten="40,2600,0" yaku="9,1,54,1" doraHai="98" who="1" fromWho="0" sc="159,-26,401,26,393,0,47,0" /><INIT seed="5,0,0,5,1,34" ten="133,427,393,47" oya="1" hai0="9,92,101,17,133,33,122,74,31,16,114,15,56" hai1="111,12,42,123,68,58,3,128,85,39,119,135,61" hai2="120,94,96,26,40,44,50,30,5,49,25,106,129" hai3="53,2,95,93,43,22,52,47,64,37,71,62,79"/><U13/><E119/><V38/><F120/><W65/><G79/><T88/><D74/><U1/><E68/><V69/><F69/><W89/><G2/><T18/><D122/><U14/><E123/><V21/><F106/><W76/><G76/><T51/><D114/><U28/><E111/><V46/><F129/><W87/><G64/><T112/><D112/><U104/><E104/><V23/><F5/><W78/><G78/><T108/><D108/><U86/><E135/><V99/><F38/><W131/><G131/><T134/><D101/><U124/><E128/><V0/><F94/><W116/><G116/><T98/><D31/><U29/><E124/><V102/><F102/><W103/><G103/><T4/><D33/><U80/><E39/><V8/><F8/><W90/><REACH who="3" step="1"/><G22/><REACH who="3" ten="133,427,393,37" step="2"/><T72/><D72/><U81/><E3/><V60/><F0/><W59/><G59/><T45/><REACH who="0" step="1"/><D56/><REACH who="0" ten="123,427,393,37" step="2"/><U84/><E58/><V105/><F105/><W73/><G73/><T57/><D57/><U36/><E1/><V48/><F60/><W91/><G91/><T118/><D118/><U63/><E61/><V130/><F130/><W83/><G83/><T41/><AGARI ba="0,2" hai="4,9,15,16,17,18,41,45,51,88,92,98,133,134" machi="41" ten="30,7900,0" yaku="1,1,0,1,54,2,53,0" doraHai="34" doraHaiUra="20" who="0" fromWho="0" sc="123,99,427,-39,393,-20,37,-20" /><INIT seed="6,0,0,5,5,88" ten="222,388,373,17" oya="2" hai0="118,85,95,101,82,103,29,43,45,46,102,80,98" hai1="62,17,97,120,124,134,27,94,130,135,132,109,25" hai2="112,115,53,52,119,61,78,3,39,131,26,47,111" hai3="54,74,37,127,35,114,68,129,13,83,110,49,86"/><V9/><F119/><W89/><G13/><T79/><D118/><U23/><E109/><V69/><F111/><W128/><G54/><T21/><D80/><U104/><E104/><V41/><F131/><W75/><G49/><N who="0" m="26815" /><D46/><U99/><E124/><V81/><F26/><AGARI ba="0,0" hai="21,26,29,79,82,85,95,98,101,102,103" m="26815" machi="26" ten="30,2000,0" yaku="8,1,52,1" doraHai="88" who="0" fromWho="2" sc="222,20,388,0,373,-20,17,0" /><INIT seed="7,0,0,3,2,128" ten="242,388,353,17" oya="3" hai0="75,27,31,105,115,133,24,37,54,1,12,79,33" hai1="122,17,120,82,26,80,18,60,87,92,34,41,22" hai2="23,28,51,114,116,119,131,45,14,98,56,71,8" hai3="50,58,0,69,10,5,2,29,134,43,124,103,39"/><W106/><G69/><T83/><D1/><U55/><E34/><V97/><F71/><W7/><G29/><T9/><D37/><U32/><E32/><V46/><F131/><W59/><G124/><T129/><D105/><U102/><E41/><V19/><F114/><W111/><G111/><T52/><D129/><U20/><E122/><V121/><F121/><W67/><G39/><T117/><D117/><U57/><E120/><V101/><F119/><W109/><G109/><T66/><D115/><U74/><E74/><V130/><F130/><W47/><G134/><T48/><D66/><U107/><E107/><V65/><F116/><W3/><G67/><T126/><D126/><U35/><E35/><V85/><F85/><W13/><REACH who="3" step="1"/><G7/><REACH who="3" ten="242,388,353,7" step="2"/><T113/><D113/><U68/><E68/><V15/><F28/><W91/><G91/><T99/><D31/><U30/><E30/><V89/><F89/><W63/><G63/><T125/><D125/><U104/><E60/><V123/><F123/><W77/><G77/><T78/><D79/><U4/><E4/><V81/><F65/><W16/><G16/><T61/><D61/><U96/><E18/><V86/><F19/><W36/><G36/><T53/><D33/><U70/><E17/><V95/><F101/><W108/><G108/><T90/><D78/><U135/><E102/><V84/><F23/><W72/><G72/><T21/><D90/><U118/><E22/><V40/><F51/><W62/><G62/><T132/><D75/><U93/><E20/><V49/><F49/><W110/><G110/><T11/><D21/><RYUUKYOKU ba="0,1" sc="242,-10,388,-10,353,-10,7,30" hai3="0,2,3,5,10,13,43,47,50,58,59,103,106" /><INIT seed="7,1,1,0,2,78" ten="232,378,343,37" oya="3" hai0="90,11,96,95,132,73,34,6,28,79,46,80,113" hai1="89,30,20,56,27,105,115,99,121,91,102,5,29" hai2="51,16,133,124,39,117,116,72,45,125,107,62,81" hai3="22,103,21,33,10,109,38,44,36,61,23,14,126"/><W32/><G109/><T54/><D132/><U4/><E121/><V7/><F107/><W75/><G75/><T13/><D113/><U67/><E115/><V127/><F7/><W25/><G126/><T83/><D34/><U35/><E35/><V135/><F39/><W42/><G103/><T88/><D28/><U93/><E30/><V31/><F31/><W119/><G119/><N who="2" m="45641" /><F62/><W71/><G36/><T19/><D6/><N who="1" m="2667" /><E105/><V58/><F58/><W43/><G42/><T101/><D80/><U94/><E93/><V130/><F130/><W2/><G2/><T108/><D108/><U37/><E37/><V26/><F26/><W111/><G111/><T59/><REACH who="0" step="1"/><D46/><REACH who="0" ten="222,378,343,37" step="2"/><U97/><E29/><V50/><F16/><W60/><G25/><T9/><D9/><U82/><E27/><V85/><F72/><W64/><REACH who="3" step="1"/><G61/><AGARI ba="1,2" hai="11,13,19,54,59,61,73,79,83,88,90,95,96,101" machi="61" ten="30,8000,1" yaku="1,1,7,1,52,1,54,1,53,1" doraHai="78" doraHaiUra="104" who="0" fromWho="3" sc="222,103,378,0,343,0,37,-83" owari="325,-7.0,378,48.0,343,14.0,-46,-55.0" /></mjloggm>