<mjloggm ver="2.3"><GO type="41"/><UN n0="%E3%83%99%E3%83%AB%E3%82%BC%E3%83%90%E3%83%96" n1="%EF%BC%88%E2%89%A7%E2%96%BD%E2%89%A6%EF%BC%89" n2="%E3%82%A2%E3%83%95%E3%83%AD%E3%82%B5%E3%83%A0%E3%83%A9%E3%82%A4" n3="%6D%72%2E%61%64%75%6C%74" dan="14,15,15,13" rate="1934,2001,1933,1895" sx="M,M,M,M"/><TAIKYOKU oya="0"/><INIT seed="0,0,0,0,2,29" ten="250,250,250,250" oya="0" hai0="122,63,15,75,46,4,14,83,26,50,71,20,120" hai1="42,58,86,98,93,69,72,60,130,78,87,114,32" hai2="24,135,18,67,80,124,6,3,1,44,108,99,10" hai3="16,125,107,79,121,104,102,30,55,65,5,17,21"/><T119/><D119/><U81/><E114/><V118/><F135/><W54/><G121/><T57/><D71/><U132/><E132/><V35/><F118/><W105/><G125/><T25/><D75/><U127/><E127/><V64/><F124/><W62/><G79/><T115/><D115/><U7/><E130/><V22/><F108/><W128/><G5/><T111/><D111/><U90/><E69/><V110/><F110/><W43/><G43/><T112/><D112/><U117/><E117/><V66/><F99/><W49/><G128/><T134/><D134/><U51/><E32/><V28/><F44/><W36/><G36/><T74/><D74/><U33/><E33/><V116/><F80/><W96/><G30/><T38/><D38/><U131/><E131/><V53/><F53/><W82/><G82/><T48/><D120/><U12/><E42/><V0/><REACH who="2" step="1"/><F116/><REACH who="2" ten="250,250,240,250" step="2"/><W61/><G54/><N who="0" m="34231" /><D83/><U40/><E40/><V109/><F109/><W37/><G37/><T2/><D122/><U91/><E98/><V85/><F85/><W70/><G62/><T95/><D46/><U89/><E72/><V126/><F126/><W97/><G97/><T59/><D48/><U9/><REACH who="1" step="1"/><E51/><REACH who="1" ten="250,240,240,250" step="2"/><V133/><F133/><W76/><G96/><T101/><D50/><U94/><E94/><V39/><F39/><W77/><G102/><T13/><D95/><U92/><E92/><V123/><F123/><W88/><G105/><T27/><D101/><U106/><E106/><V23/><F23/><W113/><G107/><T103/><D103/><U84/><E84/><V52/><F52/><AGARI ba="0,2" hai="7,9,12,52,58,60,78,81,86,87,89,90,91,93" machi="52" ten="30,8000,1" yaku="1,1,6,1,7,1,8,1,54,1,53,0" doraHai="29" doraHaiUra="19" who="1" fromWho="2" sc="250,0,240,100,240,-80,250,0" /><INIT seed="1,0,0,5,0,9" ten="250,340,160,250" oya="1" hai0="86,88,116,132,42,105,75,90,123,76,91,80,92" hai1="10,28,8,130,38,12,26,120,1,59,102,82,126" hai2="60,118,128,48,98,127,25,77,64,84,13,94,7" hai3="110,14,53,114,51,85,121,100,46,66,107,106,32"/><U87/><E120/><V101/><F118/><W115/><G121/><T103/><D42/><U99/><E38/><V89/><F128/><W104/><G32/><T47/><D123/><U35/><E130/><V19/><F127/><W119/><G110/><T135/><D47/><U27/><E126/><V133/><F133/><N who="0" m="51274" /><D116/><U78/><E1/><V49/><F7/><W3/><G3/><T5/><D5/><U112/><E112/><V6/><F6/><W22/><G119/><T108/><D108/><U125/><E125/><V72/><F25/><W33/><G33/><T117/><D117/><U93/><E27/><V131/><F131/><W15/><G100/><T37/><D37/><U70/><E70/><V31/><F31/><W134/><G66/><T29/><D29/><U57/><REACH who="1" step="1"/><E8/><REACH who="1" ten="250,330,160,250" step="2"/><V74/><F74/><W83/><G134/><T113/><D113/><U4/><AGARI ba="0,1" hai="4,10,12,26,28,35,57,59,78,82,87,93,99,102" machi="4" ten="20,18000,2" yaku="1,1,2,1,0,1,7,1,52,1,53,1" doraHai="9" doraHaiUra="24" who="1" fromWho="1" sc="250,-60,330,190,160,-60,250,-60" /><INIT seed="1,1,0,4,2,119" ten="190,520,100,190" oya="1" hai0="113,38,69,10,54,46,114,63,22,123,111,132,70" hai1="23,95,133,32,126,82,66,98,84,88,33,72,96" hai2="44,26,75,7,65,30,21,37,112,122,129,79,83" hai3="92,49,34,9,101,131,68,1,3,106,103,67,41"/><U11/><E133/><V128/><F65/><W127/><G34/><T56/><D10/><U108/><E126/><V51/><F112/><W50/><G127/><T17/><D132/><U100/><E108/><V8/><F51/><W60/><G131/><T76/><D76/><U87/><E66/><V105/><F105/><W20/><G41/><N who="0" m="22839" /><D22/><U58/><E58/><V94/><F94/><W93/><G9/><T59/><D111/><U130/><E130/><V135/><F135/><W47/><G20/><T4/><D17/><U12/><E23/><V80/><F80/><W14/><G14/><T125/><D4/><U5/><E72/><V71/><F71/><N who="0" m="27146" /><D125/><U13/><E13/><V25/><F25/><W115/><G106/><T120/><D59/><U61/><E61/><V110/><F110/><W77/><G77/><T19/><D19/><U43/><E43/><V99/><F99/><W28/><G28/><T45/><D45/><U90/><REACH who="1" step="1"/><E98/><REACH who="1" ten="190,510,100,190" step="2"/><V62/><F129/><W6/><G115/><AGARI ba="1,1" hai="54,56,63,113,114,115,120,123" m="27146,22839" machi="115" ten="30,7700,0" yaku="34,2,52,2" doraHai="119" who="0" fromWho="3" sc="190,90,510,0,100,0,190,-80" /><INIT seed="2,0,0,1,1,90" ten="280,510,100,110" oya="2" hai0="53,31,124,60,126,105,127,21,62,82,9,22,26" hai1="8,7,15,37,97,103,2,32,83,47,11,68,23" hai2="57,54,5,40,13,42,88,33,35,48,76,45,133" hai3="108,109,92,70,44,131,85,66,46,3,110,27,12"/><V128/><F133/><W10/><G3/><T58/><D105/><U84/><E32/><V30/><F128/><W123/><G123/><T73/><D9/><U80/><E68/><V111/><F42/><W102/><G131/><T130/><D130/><U98/><E23/><V38/><F76/><W120/><G120/><T49/><D73/><U51/><E37/><V94/><F111/><W114/><G114/><T69/><D82/><U55/><E103/><V19/><F5/><W107/><G107/><T25/><REACH who="0" step="1"/><D69/><REACH who="0" ten="270,510,100,110" step="2"/><U56/><E80/><V134/><F134/><W64/><G70/><T77/><D77/><U99/><E99/><V100/><F100/><W104/><G104/><T0/><D0/><U34/><E2/><V72/><F72/><W43/><G27/><T28/><AGARI ba="0,1" hai="21,22,25,26,28,31,49,53,58,60,62,124,126,127" machi="28" ten="30,12000,2" yaku="1,1,0,1,9,1,18,1,53,2" doraHai="90" doraHaiUra="17" who="0" fromWho="0" sc="270,130,510,-30,100,-60,110,-30" /><INIT seed="3,0,0,3,5,73" ten="400,480,40,80" oya="3" hai0="106,49,135,124,32,70,46,15,48,57,41,84,117" hai1="60,102,77,128,121,26,86,68,90,85,29,104,56" hai2="71,92,100,110,82,78,19,1,88,96,83,107,7" hai3="94,118,64,132,97,9,50,99,11,2,72,131,105"/><W120/><G72/><T79/><D106/><U109/><E121/><V38/><F71/><W23/><G120/><T47/><D32/><U24/><E68/><V54/><F38/><W31/><G118/><T74/><D74/><U113/><E113/><V112/><F112/><W0/><G132/><T14/><D135/><U30/><E77/><V34/><F34/><W36/><G36/><T81/><D117/><U33/><E128/><V115/><F115/><W22/><G131/><T51/><D70/><U129/><E129/><V103/><F7/><W63/><G50/><T75/><D75/><U98/><E109/><V101/><F1/><W89/><G105/><T3/><D3/><U27/><E90/><V16/><F110/><W119/><G119/><T114/><D114/><U66/><E26/><V44/><F83/><W134/><G134/><T53/><REACH who="0" step="1"/><D124/><REACH who="0" ten="390,480,40,80" step="2"/><U133/><E133/><V52/><F107/><W65/><G94/><T111/><D111/><U80/><E80/><V58/><F44/><W59/><G89/><T125/><D125/><U116/><E116/><V45/><F45/><W69/><G69/><T25/><D25/><U61/><E27/><V35/><F35/><W67/><G31/><T108/><D108/><U6/><E24/><V43/><F82/><W17/><G63/><T28/><D28/><U127/><E30/><V13/><F13/><W12/><G59/><T40/><AGARI ba="0,1" hai="14,15,40,41,46,47,48,49,51,53,57,79,81,84" machi="40" ten="20,12000,2" yaku="1,1,0,1,7,1,9,1,8,1,52,1,53,0" doraHai="73" doraHaiUra="130" who="0" fromWho="0" sc="390,130,480,-30,40,-30,80,-60" /><INIT seed="4,0,0,5,3,35" ten="520,450,10,20" oya="0" hai0="15,103,5,126,125,33,114,20,31,89,111,80,98" hai1="93,60,113,47,22,106,10,83,65,59,81,82,116" hai2="70,12,57,66,123,69,28,92,120,19,3,27,46" hai3="105,76,110,4,41,91,34,135,102,54,101,2,9"/><T23/><D114/><U1/><E116/><V112/><F46/><W8/><G34/><T16/><D5/><U124/><E106/><V72/><F72/><W21/><G110/><T121/><D121/><U109/><E109/><V63/><F112/><W131/><G135/><T14/><D111/><U133/><E133/><V74/><F74/><W55/><G131/><T62/><D33/><U49/><E124/><N who="0" m="47721" /><D62/><U85/><E113/><V77/><F77/><W17/><G105/><N who="0" m="63735" /><D31/><U88/><E22/><V79/><F3/><W7/><G76/><T108/><D108/><U44/><REACH who="1" step="1"/><E49/><REACH who="1" ten="520,440,10,20" step="2"/><V29/><F123/><W30/><G30/><T122/><D122/><U75/><E75/><V56/><F29/><W73/><G73/><T119/><D119/><U68/><E68/><V32/><F120/><W127/><G127/><T43/><D23/><U40/><E40/><V97/><F69/><W0/><G41/><T26/><D43/><U13/><E13/><V64/><F64/><W24/><G91/><T18/><D18/><U52/><E52/><AGARI ba="0,1" hai="0,2,4,7,8,9,17,21,24,52,54,55,101,102" machi="52" ten="40,8000,1" yaku="9,1,52,2,54,1" doraHai="35" who="3" fromWho="1" sc="520,0,440,-80,10,0,20,90" /><INIT seed="5,0,0,1,4,44" ten="520,360,10,110" oya="1" hai0="131,32,45,52,75,93,29,69,99,11,135,88,126" hai1="103,25,26,51,0,39,36,2,24,114,27,98,72" hai2="31,53,124,109,16,104,77,83,60,6,20,71,92" hai3="48,130,17,49,46,43,117,64,111,65,57,125,35"/><U96/><E114/><V76/><F104/><W119/><G35/><T3/><D69/><U12/><E72/><V62/><F109/><W112/><G17/><T22/><D75/><U87/><E87/><V13/><F124/><W23/><G23/><T133/><D32/><U100/><E25/><V84/><F71/><W66/><G111/><T33/><D33/><U91/><E91/><V1/><F1/><N who="1" m="617" /><E12/><V59/><F6/><W106/><G106/><T74/><D74/><U37/><E51/><V34/><F34/><W123/><G123/><T38/><D3/><U50/><E50/><V47/><F47/><N who="3" m="25727" /><G112/><T5/><D11/><U18/><E18/><V30/><F62/><N who="3" m="37967" /><G130/><T78/><D5/><U28/><E28/><V108/><F108/><W55/><G125/><T67/><D29/><N who="2" m="10762" /><F92/><W95/><G95/><T56/><D22/><U21/><E21/><V105/><F105/><W9/><G9/><T128/><D126/><U42/><E42/><V58/><F58/><W102/><G102/><AGARI ba="0,0" hai="24,26,27,36,37,39,96,98,100,102,103" m="617" machi="102" ten="40,3900,0" yaku="28,2" doraHai="44" who="1" fromWho="3" sc="520,0,360,39,10,0,110,-39" /><INIT seed="5,1,0,4,5,40" ten="520,399,10,71" oya="1" hai0="91,99,132,80,112,126,30,20,51,66,118,94,88" hai1="15,87,6,86,47,27,72,13,42,10,113,56,64" hai2="102,129,25,133,22,46,58,29,1,123,73,12,33" hai3="100,103,135,61,44,111,68,128,14,82,11,121,69"/><U34/><E72/><V17/><F73/><W38/><G111/><T81/><D118/><U76/><E113/><V117/><F123/><W119/><G121/><T98/><D112/><U35/><E15/><V79/><F117/><W70/><G119/><T131/><D126/><U41/><E27/><V45/><F79/><W85/><G128/><T53/><D131/><U101/><E101/><V78/><F129/><W26/><G135/><T48/><D132/><U125/><E125/><V116/><F78/><W3/><G26/><N who="0" m="16711" /><D66/><U120/><E120/><V18/><F116/><W39/><G61/><T89/><D48/><N who="1" m="26735" /><E87/><V54/><F133/><W63/><G3/><T130/><D130/><U23/><E23/><V8/><F102/><W95/><G63/><T28/><D28/><U52/><E42/><V134/><F18/><W5/><G39/><T114/><D114/><U84/><E86/><V2/><F1/><W96/><G103/><N who="0" m="60887" /><D99/><U110/><E110/><V0/><F0/><W62/><G62/><T24/><D24/><U105/><E105/><V57/><F57/><AGARI ba="1,0" hai="51,53,57,80,81,88,89,91" m="60887,16711" machi="57" ten="30,2000,0" yaku="8,1,54,1" doraHai="40" who="0" fromWho="2" sc="520,23,399,0,10,-23,71,0" owari="543,64.0,399,20.0,-13,-51.0,71,-33.0" /></mjloggm>