<mjloggm ver="2.3"><GO type="41"/><UN n0="%E6%B5%81%E5%A4%AA" n1="%EF%BC%88%E2%89%A7%E2%96%BD%E2%89%A6%EF%BC%89" n2="%6D%6F%6F%6E%6F" n3="%E3%81%A8%E3%81%8F%E3%82%82%E3%82%8A" dan="15,13,15,13" rate="1993,1964,1929,1865" sx="M,M,M,M"/><TAIKYOKU oya="0"/><INIT seed="0,0,0,1,4,122" ten="250,250,250,250" oya="0" hai0="106,103,18,65,99,60,129,41,115,84,63,79,12" hai1="125,19,13,80,85,27,17,71,43,90,34,28,3" hai2="56,108,135,21,48,97,1,8,32,77,111,47,113" hai3="23,20,62,86,118,100,16,24,50,38,98,112,101"/><T133/><D115/><U29/><E125/><V67/><F32/><W54/><G38/><T104/><D104/><U94/><E3/><V51/><F113/><W49/><G112/><T105/><D105/><U119/><E119/><V2/><F77/><W76/><G118/><T14/><D133/><U10/><E71/><V15/><F97/><W92/><G101/><T25/><D129/><U55/><E43/><V75/><F75/><W107/><G107/><T87/><D41/><U130/><E130/><V102/><F102/><W35/><G35/><T42/><D42/><U120/><E120/><V64/><F21/><W96/><G96/><T93/><D25/><U44/><E29/><V78/><F78/><W114/><G114/><T91/><D14/><U128/><E128/><V33/><F33/><W58/><G23/><T109/><D109/><N who="2" m="42058" /><F135/><W74/><G74/><T11/><D65/><N who="2" m="25162" /><F56/><W30/><G30/><T31/><D31/><U4/><E28/><V110/><N who="2" m="42066" /><V134/><DORA hai="123" /><F134/><W69/><G69/><T124/><D124/><U59/><E34/><V81/><F81/><AGARI ba="0,0" hai="16,20,24,49,50,54,58,62,76,81,86,92,98,100" machi="81" ten="40,2600,0" yaku="8,1,54,1" doraHai="122,123" who="3" fromWho="2" sc="250,0,250,0,250,-26,250,26" /><INIT seed="1,0,0,3,5,99" ten="250,250,224,276" oya="1" hai0="39,96,93,130,21,104,14,84,86,42,31,132,29" hai1="129,134,28,73,58,43,67,121,97,127,135,22,98" hai2="69,80,35,9,110,113,45,15,125,87,75,49,114" hai3="18,51,10,59,107,68,17,56,50,88,119,133,34"/><U57/><E73/><V41/><F75/><W48/><G68/><T52/><D104/><U20/><E121/><V2/><F2/><W63/><G107/><T53/><D132/><N who="1" m="50731" /><E43/><V11/><F35/><W6/><G133/><T109/><D130/><U8/><E129/><V82/><F69/><W12/><G34/><T120/><D109/><U54/><E127/><V24/><F24/><W76/><G76/><T131/><D120/><U70/><E8/><V77/><F11/><W16/><G119/><T3/><D3/><U83/><E83/><V65/><F82/><W25/><G25/><T23/><D131/><U95/><E70/><V44/><F65/><W7/><G7/><T13/><D39/><U92/><E28/><V126/><F45/><W111/><G111/><T89/><D42/><U32/><E32/><V38/><F38/><W60/><G88/><T47/><D47/><U40/><E40/><V85/><F110/><W116/><G116/><T124/><D124/><N who="2" m="47722" /><F87/><W118/><G118/><T115/><D89/><N who="1" m="55439" /><E67/><V61/><F61/><AGARI ba="0,0" hai="6,10,12,16,17,18,48,50,51,56,59,60,61,63" machi="61" ten="40,2600,0" yaku="8,1,54,1" doraHai="99" who="3" fromWho="2" sc="250,0,250,0,224,-26,276,26" /><INIT seed="2,0,0,4,3,99" ten="250,250,198,302" oya="2" hai0="15,68,10,92,77,98,11,116,70,88,35,132,82" hai1="44,114,46,117,66,23,34,9,128,84,101,71,24" hai2="107,38,133,118,87,72,41,74,42,37,75,17,43" hai3="6,78,55,0,28,36,53,119,60,111,52,89,65"/><V30/><F118/><W109/><G119/><T25/><D132/><U7/><E117/><V110/><F133/><W47/><G28/><T86/><D116/><U20/><E34/><V91/><F107/><W127/><G89/><T18/><D10/><U124/><E124/><V56/><F30/><W5/><G78/><T62/><D35/><U12/><E114/><V59/><F17/><W102/><G102/><T57/><REACH who="0" step="1"/><D25/><REACH who="0" step="2"/><U2/><E24/><V32/><F32/><W54/><G0/><T69/><D69/><U130/><E71/><V81/><REACH who="2" step="1"/><F110/><REACH who="2" step="2"/><N who="3" m="41995" /><G5/><T33/><D33/><U26/><E7/><V21/><F21/><W63/><G6/><T108/><D108/><U113/><E20/><V45/><F45/><W94/><G127/><T95/><D95/><U125/><E23/><V90/><F90/><W115/><G94/><T73/><D73/><U48/><E44/><V61/><F61/><W3/><G3/><T85/><D85/><U4/><E2/><V29/><F29/><W83/><G83/><T120/><D120/><U39/><E84/><V123/><F123/><W121/><G121/><T67/><AGARI ba="0,2" hai="11,15,18,57,62,67,68,70,77,82,86,88,92,98" machi="67" ten="20,5200,0" yaku="1,1,0,1,7,1,54,1,53,0" doraHai="99" doraHaiUra="134" who="0" fromWho="0" sc="240,72,250,-13,188,-26,302,-13" /><INIT seed="3,0,0,0,3,69" ten="312,237,162,289" oya="3" hai0="86,89,132,67,14,53,0,95,30,128,84,64,97" hai1="22,26,80,73,4,1,61,2,110,93,31,41,27" hai2="101,18,113,88,124,46,23,112,134,114,107,76,60" hai3="37,87,10,45,81,39,7,13,49,79,118,19,92"/><W70/><G70/><T135/><D0/><U3/><E110/><V100/><F76/><W42/><G118/><T38/><D30/><U56/><E41/><V82/><F107/><W125/><G125/><T130/><D86/><U20/><E4/><V90/><F60/><W21/><REACH who="3" step="1"/><G92/><REACH who="3" step="2"/><T6/><D95/><U131/><E93/><V99/><F124/><W12/><AGARI ba="0,1" hai="7,10,12,13,19,21,37,39,42,45,49,79,81,87" machi="12" ten="20,24000,3" yaku="1,1,2,1,0,1,7,1,25,2,52,2,53,0" doraHai="69" doraHaiUra="109" who="3" fromWho="3" sc="312,-80,237,-80,162,-80,279,250" /><INIT seed="3,1,0,5,2,12" ten="232,157,82,529" oya="3" hai0="81,113,28,70,112,131,10,118,3,123,119,86,45" hai1="80,124,93,128,56,40,52,36,22,2,39,9,74" hai2="79,75,104,107,37,14,117,120,87,105,33,11,99" hai3="109,17,95,64,122,62,66,24,82,67,134,63,43"/><W42/><G122/><T27/><D70/><U58/><E128/><V49/><F37/><W7/><G7/><T111/><D123/><U133/><E124/><V26/><F75/><W54/><G82/><T32/><D131/><U121/><E121/><V46/><F33/><W16/><G134/><T135/><D111/><U71/><E71/><V31/><F31/><W19/><G95/><T98/><D98/><U57/><E133/><V114/><F26/><W102/><G102/><T90/><D135/><U44/><E36/><V127/><F117/><W59/><G24/><T20/><D32/><U100/><E22/><V68/><F68/><W18/><G109/><T125/><D125/><U55/><E93/><V115/><F127/><W85/><G85/><T1/><D45/><U101/><E101/><V97/><F115/><N who="0" m="44106" /><D10/><U47/><E100/><V48/><F120/><W108/><G108/><T34/><D34/><U91/><E44/><V96/><F114/><W35/><G35/><T72/><D72/><U103/><E103/><V15/><F11/><W6/><G6/><T69/><D69/><U73/><E73/><V116/><F46/><W106/><G106/><T132/><D132/><U94/><E9/><V61/><F116/><AGARI ba="1,0" hai="1,3,20,27,28,81,86,90,116,118,119" m="44106" machi="116" ten="30,1000,0" yaku="11,1" doraHai="12" who="0" fromWho="2" sc="232,13,157,0,82,-13,529,0" /><INIT seed="4,0,0,5,0,80" ten="245,157,69,529" oya="0" hai0="67,117,31,53,13,132,97,91,49,122,36,18,133" hai1="56,65,58,4,84,63,9,30,87,123,50,107,10" hai2="66,45,28,116,47,90,114,5,110,48,95,25,76" hai3="22,126,46,41,86,135,60,55,38,7,37,99,82"/><T98/><D122/><U35/><E123/><V88/><F110/><W3/><G135/><N who="0" m="51787" /><D36/><U17/><E107/><V115/><F66/><W134/><G134/><T120/><D120/><U79/><E35/><V105/><F76/><W21/><G126/><T94/><D67/><U62/><E30/><V14/><F90/><W96/><G37/><T11/><D31/><U108/><E108/><V2/><F105/><W93/><G99/><N who="0" m="57823" /><D117/><U89/><E79/><V43/><F45/><AGARI ba="0,0" hai="11,13,18,45,49,53,97,98" m="57823,51787" machi="45" ten="30,1500,0" yaku="20,1" doraHai="80" who="0" fromWho="2" sc="245,15,157,0,69,-15,529,0" /><INIT seed="4,1,0,5,3,135" ten="260,157,54,529" oya="0" hai0="4,35,118,34,79,49,52,101,73,109,3,17,47" hai1="100,8,98,54,107,93,37,51,50,69,38,89,36" hai2="68,122,2,10,45,81,57,83,114,20,39,43,25" hai3="127,119,108,78,82,111,117,131,29,113,62,64,1"/><T70/><D118/><U55/><E69/><V48/><F68/><W123/><G29/><T128/><D70/><U75/><E75/><V13/><F2/><W14/><G14/><T80/><D101/><U28/><E28/><V42/><F122/><W46/><G1/><T63/><D128/><U112/><E112/><V30/><F114/><W124/><G82/><T88/><D63/><U15/><E51/><V11/><F11/><W60/><G78/><T87/><D109/><N who="3" m="42057" /><G46/><T61/><D61/><N who="3" m="23657" /><G113/><T94/><REACH who="0" step="1"/><D17/><REACH who="0" step="2"/><U0/><E100/><V56/><F30/><W33/><G64/><T53/><D53/><U120/><E55/><V32/><F32/><W71/><G33/><T65/><D65/><U16/><E54/><V102/><F102/><W26/><G71/><T84/><D84/><U121/><E121/><V66/><F66/><W24/><G123/><T110/><D110/><U134/><E120/><V115/><F115/><W116/><G131/><T22/><D22/><U72/><E134/><V5/><F20/><W9/><G9/><AGARI ba="1,1" hai="3,4,9,34,35,47,49,52,73,79,80,87,88,94" machi="9" ten="40,7700,0" yaku="1,1,54,2,53,0" doraHai="135" doraHaiUra="103" who="0" fromWho="3" sc="250,90,157,0,54,0,529,-80" /><INIT seed="4,2,0,5,3,67" ten="340,157,54,449" oya="0" hai0="80,60,13,114,90,73,113,20,122,81,132,133,68" hai1="33,134,99,23,30,14,49,87,112,7,1,105,10" hai2="25,41,65,40,94,31,104,44,42,83,62,69,50" hai3="48,12,72,26,116,29,126,39,70,85,21,27,86"/><T2/><D122/><U75/><E134/><N who="0" m="51817" /><D2/><U77/><E75/><V128/><F128/><W38/><G72/><T51/><D73/><U119/><E119/><V22/><F83/><W103/><G116/><T93/><D51/><U6/><E112/><N who="0" m="43113" /><D13/><U88/><E1/><V110/><F110/><W54/><G12/><T37/><D37/><U135/><E135/><V11/><F104/><W19/><G126/><T53/><D20/><U108/><E23/><V130/><F130/><W52/><G48/><T118/><D118/><U36/><E105/><V117/><F117/><W3/><G3/><T123/><D123/><U91/><E49/><V64/><F11/><W43/><G43/><T61/><D53/><U9/><E36/><V34/><F94/><W131/><G38/><T58/><D58/><U124/><E124/><V32/><F32/><W17/><G39/><T16/><D16/><U102/><E33/><V79/><F22/><W97/><G19/><T100/><D100/><U109/><E102/><V56/><F79/><W115/><G115/><T129/><D129/><U89/><E109/><V111/><F111/><W107/><G131/><T76/><D68/><U106/><E108/><V125/><F125/><W74/><G70/><T120/><D120/><U5/><E5/><V66/><F69/><W46/><G74/><N who="0" m="43031" /><D81/><U78/><E6/><V101/><F101/><W84/><REACH who="3" step="1"/><G46/><REACH who="3" step="2"/><T63/><D63/><U121/><E7/><V28/><F31/><W59/><G59/><T92/><D90/><U8/><E89/><V95/><F95/><N who="0" m="36426" /><D61/><U71/><E91/><V45/><F45/><RYUUKYOKU ba="2,1" sc="340,10,157,-30,54,10,439,10" hai0="60" hai2="25,28,34,40,41,42,44,50,56,62,64,65,66" hai3="17,21,26,27,29,52,54,84,85,86,97,103,107" /><INIT seed="4,3,1,0,3,43" ten="350,127,64,449" oya="0" hai0="96,14,20,102,46,2,132,76,116,8,17,122,37" hai1="64,42,19,21,117,71,133,6,115,75,27,57,39" hai2="77,119,40,93,86,65,35,54,48,70,11,125,126" hai3="91,28,53,45,38,32,18,3,118,25,85,55,88"/><T56/><D122/><U83/><E117/><V5/><F35/><W68/><G118/><T47/><D116/><U74/><E133/><V111/><F119/><W58/><G68/><T73/><D37/><U10/><E115/><V33/><F33/><W104/><G104/><T79/><D132/><U26/><E71/><V36/><F111/><W49/><G38/><T34/><D34/><U97/><E97/><V44/><F65/><W134/><G134/><T129/><D129/><U72/><E27/><V95/><F70/><W1/><G18/><T15/><D2/><U81/><E57/><V120/><F120/><W94/><G91/><T99/><D56/><U52/><E52/><V82/><F54/><W128/><G128/><T84/><D73/><U109/><E64/><V69/><F36/><W78/><G78/><N who="0" m="29739" /><D84/><U100/><E100/><V13/><REACH who="2" step="1"/><F69/><REACH who="2" step="2"/><W121/><G121/><T12/><D8/><U127/><E39/><V59/><F59/><W67/><G67/><T110/><D110/><U92/><E109/><V50/><F50/><AGARI ba="3,2" hai="1,3,25,28,32,45,49,50,53,55,58,85,88,94" machi="50" ten="30,3900,0" yaku="7,1,52,1,54,1" doraHai="43" who="3" fromWho="2" sc="350,0,127,0,54,-48,449,68" /><INIT seed="5,0,0,5,3,69" ten="350,127,6,517" oya="1" hai0="89,56,121,78,15,80,122,119,0,7,100,33,120" hai1="18,129,99,109,103,118,22,128,77,79,37,11,70" hai2="32,30,42,135,123,85,1,126,101,105,20,94,113" hai3="107,81,102,54,23,110,117,93,14,19,125,61,55"/><U8/><E118/><V10/><F32/><W49/><G110/><T2/><D33/><U41/><E70/><V31/><F105/><W116/><G107/><T88/><D119/><N who="3" m="45641" /><G125/><T62/><D100/><U21/><E109/><V59/><F123/><W50/><G81/><T27/><D27/><U82/><E41/><V67/><F101/><W86/><G61/><T29/><D29/><U52/><E52/><N who="3" m="20010" /><G102/><T98/><D15/><U71/><E71/><V5/><F126/><W87/><G93/><N who="0" m="56615" /><D89/><U6/><E103/><V95/><F94/><W4/><G4/><T74/><D7/><U134/><E6/><V75/><F75/><W76/><G76/><T9/><D9/><U90/><E8/><V131/><F95/><W72/><G72/><T114/><D114/><U51/><E11/><V12/><F113/><W68/><G68/><T26/><D26/><U24/><E24/><V97/><F97/><W43/><G43/><T25/><D25/><U127/><E99/><V92/><F42/><W66/><G66/><AGARI ba="0,0" hai="0,2,56,62,66,74,78,80,120,121,122" m="56615" machi="66" ten="30,2000,0" yaku="13,1,54,1" doraHai="69" who="0" fromWho="3" sc="350,20,127,0,6,0,517,-20" /><INIT seed="6,0,0,0,1,98" ten="370,127,6,497" oya="2" hai0="9,0,91,3,110,72,50,88,53,111,47,63,21" hai1="1,51,38,52,129,24,116,71,104,14,102,11,86" hai2="115,34,133,26,60,66,15,68,128,73,120,74,78" hai3="107,77,37,46,94,135,82,117,83,23,114,125,80"/><V134/><F120/><W132/><G23/><T126/><D72/><N who="2" m="27754" /><F15/><W93/><G46/><T70/><D126/><U19/><E116/><V59/><F78/><W61/><G61/><T32/><D32/><U10/><E38/><V22/><F128/><W124/><G77/><T113/><D113/><U57/><E71/><V67/><F115/><W25/><G25/><T2/><D9/><U36/><E36/><V56/><F22/><W127/><G107/><T18/><D70/><U54/><E129/><V130/><F130/><W7/><G7/><T49/><D63/><U17/><E24/><V81/><F81/><W99/><G99/><T69/><D69/><U96/><E1/><V92/><F92/><N who="3" m="35435" /><G37/><T40/><D111/><U103/><E86/><V27/><F34/><W62/><G62/><T106/><D106/><U105/><E96/><V87/><F87/><W64/><G64/><N who="2" m="24617" /><F60/><W45/><G45/><T76/><D76/><U12/><E51/><V97/><F97/><W33/><G33/><T95/><D110/><U119/><E119/><V42/><F68/><W109/><G109/><T100/><D95/><U44/><E44/><V123/><F123/><W118/><G114/><T31/><D31/><U55/><E55/><V79/><F79/><W29/><G29/><T43/><D43/><U75/><E75/><V35/><F35/><W5/><G5/><T108/><D108/><U101/><E101/><V20/><F42/><W4/><G4/><T8/><D100/><U112/><E112/><V30/><F27/><W85/><G85/><T65/><D40/><U13/><E13/><RYUUKYOKU ba="0,0" sc="370,-30,127,10,6,10,497,10" hai1="10,11,12,14,17,19,52,54,57,102,103,104,105" hai2="20,26,30,56,59,133,134" hai3="80,82,83,117,118,124,125,127,132,135" /><INIT seed="6,1,0,3,3,8" ten="340,137,16,507" oya="2" hai0="26,40,53,11,17,133,132,112,14,32,88,69,79" hai1="28,13,100,38,127,120,55,74,81,29,21,116,68" hai2="20,102,19,97,93,49,16,9,10,105,106,31,114" hai3="48,65,90,118,70,4,98,1,104,30,39,60,99"/><V12/><F114/><W107/><G118/><T73/><D69/><U45/><E116/><V52/><F31/><W108/><G108/><T82/><D40/><U91/><E68/><V6/><F10/><W130/><G130/><T124/><D112/><U56/><E127/><V46/><REACH who="2" step="1"/><F19/><REACH who="2" step="2"/><W134/><G30/><T61/><D124/><U75/><E29/><V25/><AGARI ba="1,1" hai="6,9,12,16,20,25,46,49,52,93,97,102,105,106" machi="25" ten="20,18000,2" yaku="1,1,2,1,0,1,7,1,52,1,54,2,53,0" doraHai="8" doraHaiUra="119" who="2" fromWho="2" sc="340,-61,137,-61,6,193,507,-61" /><INIT seed="6,2,0,4,3,126" ten="279,76,199,446" oya="2" hai0="91,110,23,17,75,68,106,102,85,96,114,16,90" hai1="128,40,33,47,51,117,55,95,98,6,25,39,119" hai2="8,125,7,123,131,70,24,45,4,43,82,56,71" hai3="2,72,62,3,87,105,92,53,77,74,31,122,112"/><V54/><F123/><W93/><G122/><T50/><D110/><U104/><E104/><V69/><F125/><W118/><G105/><T29/><D75/><U115/><E115/><V78/><F24/><W130/><G31/><T109/><D109/><U80/><E6/><V30/><F30/><W64/><G118/><T133/><D68/><U44/><E80/><V83/><F7/><W103/><G130/><T108/><D108/><U76/><E76/><V134/><F131/><W101/><G112/><T20/><D114/><U5/><E128/><V13/><F83/><W97/><G53/><T58/><D133/><U27/><E5/><V14/><F13/><W12/><G12/><T11/><D11/><U1/><E1/><V10/><F8/><W34/><G34/><T19/><D29/><U94/><E94/><V73/><F134/><W22/><G22/><T26/><D26/><U84/><E84/><V79/><F78/><W0/><G77/><T124/><D124/><U52/><E55/><V86/><F70/><W135/><G135/><T88/><D85/><U66/><E66/><V9/><F10/><W127/><G127/><T41/><REACH who="0" step="1"/><D58/><REACH who="0" step="2"/><U63/><E63/><N who="2" m="36247" /><F73/><W32/><G87/><T57/><D57/><U36/><E36/><V129/><F129/><W48/><G32/><T37/><D37/><U60/><E60/><V111/><F111/><W61/><G61/><T132/><D132/><U89/><REACH who="1" step="1"/><E33/><REACH who="1" step="2"/><V46/><F79/><W42/><G74/><T38/><D38/><U18/><E18/><N who="2" m="8527" /><F86/><W100/><G72/><T28/><D28/><U35/><E35/><RYUUKYOKU ba="2,2" sc="269,15,66,15,199,-15,446,-15" hai0="16,17,19,20,23,41,50,88,90,91,96,102,106" hai1="25,27,39,40,44,47,51,52,89,95,98,117,119" /><INIT seed="7,3,2,1,5,9" ten="284,81,184,431" oya="3" hai0="46,52,95,36,77,130,49,50,126,2,134,28,102" hai1="55,13,40,70,48,65,121,82,103,22,11,23,61" hai2="69,80,58,88,62,68,27,26,101,96,83,133,118" hai3="125,84,25,35,7,97,107,60,123,72,131,86,135"/><W34/><G123/><T106/><D106/><U73/><E121/><V122/><F118/><W108/><G72/><T89/><D102/><U21/><E103/><V124/><F133/><W4/><G135/><T12/><D134/><U111/><E111/><V90/><F124/><W24/><G125/><T0/><D126/><U74/><E40/><V47/><F47/><W112/><G112/><T127/><D127/><U6/><REACH who="1" step="1"/><E82/><REACH who="1" step="2"/><V10/><F83/><W104/><G108/><T19/><D36/><U17/><E17/><V33/><F122/><W94/><G131/><T59/><D130/><U37/><E37/><V29/><F80/><W98/><G60/><T43/><D43/><U32/><E32/><V109/><F109/><W18/><G18/><T79/><D19/><U39/><E39/><V14/><F27/><W129/><G129/><T44/><D28/><U128/><E128/><V105/><F69/><W63/><G63/><T119/><D119/><U15/><E15/><V51/><F68/><W8/><G94/><T85/><D12/><U71/><E71/><V3/><F62/><W16/><G16/><T53/><D2/><U30/><E30/><V91/><F3/><W113/><G113/><T87/><D0/><U81/><E81/><V78/><F26/><W56/><G8/><T117/><D117/><U1/><E1/><V67/><F29/><W76/><G76/><T42/><D79/><U93/><E93/><N who="2" m="58511" /><F78/><W92/><G92/><T5/><D77/><U110/><E110/><V100/><F33/><W66/><G35/><T115/><D115/><U132/><E132/><RYUUKYOKU ba="3,3" sc="284,-10,71,30,184,-10,431,-10" hai1="6,11,13,21,22,23,48,55,61,65,70,73,74" owari="274,7,101,-40,174,-23,451,56" /></mjloggm>