<mjloggm ver="2.3"><GO type="169" lobby="0"/><UN n0="%E3%83%A4%E3%82%AD%E3%83%B3" n1="%EF%BC%88%E2%89%A7%E2%96%BD%E2%89%A6%EF%BC%89" n2="%E3%81%B9%E3%81%A3%E3%81%93%E3%83%BC%E2%99%AA" n3="%48%75%6E%74%65%72%5F%44" dan="16,18,17,16" rate="2139.33,2245.91,2149.18,2171.30" sx="M,M,F,M"/><TAIKYOKU oya="0"/><INIT seed="0,0,0,3,2,12" ten="250,250,250,250" oya="0" hai0="56,117,51,6,91,49,113,0,108,13,114,83,110" hai1="92,14,63,22,29,106,62,88,99,28,57,73,135" hai2="94,82,52,67,75,53,42,24,103,87,130,27,81" hai3="39,7,125,61,93,15,76,121,21,45,115,102,10"/><T38/><D38/><U3/><E3/><V55/><F130/><W35/><G121/><T44/><D117/><U78/><E135/><V134/><F134/><W71/><G115/><T129/><D0/><U124/><E124/><V104/><F67/><W105/><G125/><T77/><D91/><U4/><E106/><V68/><F68/><W100/><G35/><T80/><D129/><U111/><E111/><N who="0" m="42537" /><D56/><U59/><E78/><V40/><F104/><W43/><G105/><T41/><D51/><U97/><E73/><V119/><F119/><W26/><G76/><T90/><D90/><U89/><E4/><V133/><F133/><W37/><G37/><T31/><D31/><U23/><E14/><V8/><F75/><W101/><G71/><T2/><D2/><U95/><AGARI ba="0,0" hai="22,23,28,29,57,59,62,63,88,89,92,95,97,99" machi="95" ten="25,8000,1" yaku="0,1,22,2,8,1,54,1" doraHai="12" who="1" fromWho="1" sc="250,-40,250,80,250,-20,250,-20" /><INIT seed="1,0,0,5,5,78" ten="210,330,230,230" oya="1" hai0="46,110,55,28,92,83,31,10,80,13,15,9,95" hai1="63,130,128,70,81,26,27,90,58,41,88,119,111" hai2="4,64,133,134,35,131,72,19,43,30,17,66,67" hai3="82,106,2,24,87,76,1,60,49,40,104,0,113"/><U16/><E119/><V129/><F4/><W32/><G113/><T25/><D110/><U53/><E111/><V71/><F71/><W48/><G48/><T22/><D46/><U6/><E6/><V68/><F68/><W69/><G40/><T126/><D126/><U51/><E41/><V132/><F43/><W97/><G49/><T33/><D55/><U123/><E123/><V23/><F72/><W56/><G69/><T91/><D33/><U45/><E70/><V120/><F35/><W61/><G97/><T44/><D44/><U47/><E47/><V93/><F93/><N who="0" m="35914" /><D91/><N who="1" m="34859" /><E130/><N who="2" m="49675" /><F120/><W42/><G42/><T77/><D77/><U65/><E128/><V29/><F23/><W39/><G39/><T57/><D57/><U86/><E16/><AGARI ba="0,0" hai="16,17,19,29,30,64,66,67,132,133,134" m="49675" machi="16" ten="40,8000,1" yaku="28,2,20,1,19,1,54,1" doraHai="78" who="2" fromWho="1" sc="210,0,330,-80,230,80,230,0" /><INIT seed="2,0,0,4,2,89" ten="210,250,310,230" oya="2" hai0="3,130,45,84,92,72,33,80,102,53,105,47,133" hai1="12,134,94,29,98,115,0,38,48,58,9,119,37" hai2="35,82,52,22,126,118,4,61,93,101,40,91,87" hai3="81,42,131,88,127,44,86,106,97,116,39,50,77"/><V103/><F35/><W16/><G116/><T51/><D3/><U79/><E119/><V30/><F118/><W76/><G127/><T57/><D33/><U15/><E115/><V124/><F4/><W56/><G131/><T49/><D130/><U71/><E71/><V62/><F40/><W132/><G132/><T63/><D105/><U32/><E134/><V68/><F68/><W107/><G76/><T8/><D72/><U83/><E0/><V90/><F124/><W112/><G112/><T74/><D74/><U120/><E120/><V13/><F126/><W108/><G108/><T7/><D133/><U10/><E32/><V24/><F13/><W5/><G5/><T11/><D7/><U113/><E29/><V104/><F104/><W2/><G2/><T25/><D25/><U110/><E113/><V99/><REACH who="2" step="1"/><F52/><REACH who="2" ten="210,250,300,230" step="2"/><W117/><G117/><T55/><D55/><U26/><E15/><V31/><F31/><W19/><G107/><T66/><D53/><U27/><E12/><V65/><F65/><W128/><G106/><T75/><D66/><U111/><E27/><V73/><F73/><W6/><G6/><T17/><D75/><U67/><E26/><V54/><F54/><W85/><G42/><T34/><D34/><U60/><E67/><V18/><F18/><W21/><G19/><T23/><D17/><U64/><E64/><V41/><F41/><W78/><G16/><T20/><D47/><U36/><E60/><AGARI ba="0,1" hai="22,24,30,60,61,62,82,87,90,91,93,99,101,103" machi="60" ten="40,7700,0" yaku="1,1,8,1,52,1,53,0" doraHai="89" doraHaiUra="109" who="2" fromWho="1" sc="210,0,250,-77,300,87,230,0" /><INIT seed="2,1,0,0,4,27" ten="210,173,387,230" oya="2" hai0="87,100,98,38,69,30,58,86,79,4,76,71,35" hai1="74,104,8,95,97,67,50,23,90,102,54,63,28" hai2="1,112,96,78,135,22,48,0,77,33,17,68,15" hai3="65,49,132,99,134,56,72,126,73,124,91,120,92"/><V57/><F68/><W133/><G120/><T61/><D38/><U13/><E74/><N who="3" m="28778" /><G65/><T19/><D4/><U11/><E104/><V7/><F112/><W46/><G56/><T62/><D19/><U6/><E90/><V59/><F33/><W131/><G49/><T114/><D114/><U129/><E129/><V55/><F135/><W18/><G46/><T82/><D35/><U84/><E84/><V43/><F43/><W34/><G34/><T20/><D61/><U45/><E8/><V52/><F96/><W125/><G18/><T14/><D14/><U40/><E40/><V51/><F7/><W127/><G127/><T70/><D86/><U66/><REACH who="1" step="1"/><E63/><REACH who="1" ten="210,163,387,230" step="2"/><V106/><REACH who="2" step="1"/><F106/><REACH who="2" ten="210,163,377,230" step="2"/><W53/><G53/><T75/><D87/><U26/><AGARI ba="1,2" hai="6,11,13,23,26,28,45,50,54,66,67,95,97,102" machi="26" ten="30,12000,2" yaku="1,1,2,1,0,1,8,1,52,1,53,1" doraHai="27" doraHaiUra="89" who="1" fromWho="1" sc="210,-31,163,143,377,-61,230,-31" /><INIT seed="3,0,0,3,3,129" ten="179,306,316,199" oya="3" hai0="122,66,29,63,62,132,54,67,103,8,46,113,116" hai1="65,78,12,23,84,125,6,30,97,39,128,41,34" hai2="50,133,3,64,40,73,19,37,76,20,15,83,96" hai3="16,89,85,74,0,99,102,48,92,57,38,35,68"/><W24/><G38/><T86/><D116/><U18/><E128/><V17/><F3/><W117/><G117/><T13/><D122/><U79/><E125/><V106/><F37/><W69/><G0/><T52/><D29/><U71/><E71/><V118/><F118/><W115/><G74/><T49/><D113/><U51/><E39/><V43/><F64/><W108/><G115/><T25/><D25/><U110/><E65/><V82/><F82/><W94/><G108/><T4/><D103/><U42/><E110/><V98/><F106/><W5/><G5/><T47/><D132/><U14/><E34/><V26/><F133/><W56/><G56/><T75/><D75/><U77/><E30/><V107/><F107/><W58/><G58/><T32/><D32/><U131/><E131/><V10/><REACH who="2" step="1"/><F50/><REACH who="2" ten="179,306,306,199" step="2"/><W70/><G48/><N who="0" m="28695" /><D67/><U126/><E51/><V121/><F121/><W55/><G55/><T90/><D66/><U45/><E42/><AGARI ba="0,1" hai="10,15,17,19,20,26,40,42,43,73,76,83,96,98" machi="42" ten="40,2600,0" yaku="1,1,53,1" doraHai="129" doraHaiUra="11" who="2" fromWho="1" sc="179,0,306,-26,306,36,199,0" /><INIT seed="4,0,0,2,4,52" ten="179,280,342,199" oya="0" hai0="128,7,105,81,19,39,97,120,111,44,1,35,17" hai1="55,90,21,80,30,32,15,20,45,16,25,124,11" hai2="82,76,126,131,87,47,42,10,48,96,129,103,37" hai3="121,72,38,101,116,24,46,99,68,9,23,33,134"/><T60/><D120/><U12/><E124/><V84/><F126/><W40/><G116/><T108/><D35/><U14/><E32/><V3/><F37/><W67/><G134/><T59/><D128/><U71/><E71/><V95/><REACH who="2" step="1"/><F87/><REACH who="2" ten="179,280,332,199" step="2"/><W113/><G121/><T31/><D39/><U85/><E21/><V8/><F8/><W100/><G38/><T57/><D111/><U125/><E125/><V102/><F102/><W69/><G9/><T27/><D108/><U53/><E53/><V66/><F66/><W64/><G67/><T118/><D118/><U132/><E132/><V26/><F26/><W58/><G64/><T93/><D27/><U123/><E123/><V75/><F75/><W29/><G100/><T2/><D2/><U79/><E79/><V110/><F110/><W6/><G72/><T115/><D1/><U74/><E74/><V104/><F104/><W63/><G101/><T119/><D105/><U49/><AGARI ba="0,1" hai="11,12,14,15,16,20,25,30,45,49,55,80,85,90" machi="49" ten="30,8000,1" yaku="0,1,25,2,8,1,54,1" doraHai="52" who="1" fromWho="1" sc="179,-40,280,90,332,-20,199,-20" /><INIT seed="5,0,0,5,3,66" ten="139,370,312,179" oya="1" hai0="123,84,12,39,125,72,28,60,55,67,58,114,119" hai1="90,8,38,6,36,83,97,51,70,126,34,111,9" hai2="101,57,46,17,13,62,48,103,93,23,31,65,102" hai3="98,41,16,121,124,92,64,135,56,21,77,109,75"/><U40/><E34/><V71/><F31/><W112/><G121/><T120/><D72/><U106/><E70/><V89/><F71/><W1/><G109/><T117/><D28/><U95/><E111/><V99/><REACH who="2" step="1"/><F89/><REACH who="2" ten="139,370,302,179" step="2"/><W25/><G135/><T22/><D123/><U49/><E90/><V11/><F11/><W7/><G124/><T82/><D120/><U52/><E9/><V42/><AGARI ba="0,1" hai="13,17,23,42,46,48,57,62,65,93,99,101,102,103" machi="42" ten="20,5200,0" yaku="1,1,0,1,7,1,8,1,53,0" doraHai="66" doraHaiUra="108" who="2" fromWho="2" sc="139,-13,370,-26,302,62,179,-13" /><INIT seed="6,0,0,3,5,70" ten="126,344,364,166" oya="2" hai0="67,86,103,96,17,22,50,135,14,58,12,85,37" hai1="92,25,88,16,87,66,51,99,112,32,107,94,6" hai2="64,24,44,113,63,133,130,7,46,38,39,15,18" hai3="69,23,115,77,72,20,126,89,110,52,71,62,54"/><V129/><F113/><W97/><G115/><T106/><D135/><U83/><E112/><V116/><F116/><W127/><G110/><T36/><D14/><U114/><E114/><V33/><F7/><W74/><G77/><T100/><D100/><N who="1" m="60535" /><E107/><V55/><F133/><W28/><G28/><T3/><D3/><U128/><E128/><N who="2" m="49259" /><F24/><W57/><G97/><T60/><REACH who="0" step="1"/><D50/><REACH who="0" ten="116,344,364,166" step="2"/><U26/><E51/><N who="2" m="29159" /><F46/><W93/><G62/><T80/><D80/><U122/><E83/><V2/><F2/><W125/><G125/><T73/><D73/><U91/><E26/><V84/><F33/><W108/><G108/><T117/><D117/><U76/><E25/><V109/><F109/><W8/><G127/><T104/><D104/><U27/><E27/><V29/><F29/><W124/><G126/><T9/><D9/><U11/><E11/><N who="2" m="6527" /><F84/><AGARI ba="0,1" hai="12,17,22,36,37,58,60,67,84,85,86,96,103,106" machi="84" ten="40,5200,0" yaku="1,1,52,2,53,0" doraHai="70" doraHaiUra="79" who="0" fromWho="2" sc="116,62,344,0,364,-52,166,0" /><INIT seed="7,0,0,4,5,29" ten="178,344,312,166" oya="3" hai0="66,99,58,55,102,126,74,15,87,37,65,45,116" hai1="95,111,39,61,110,38,133,121,128,11,89,119,67" hai2="73,106,60,50,93,82,36,27,134,71,130,30,107" hai3="49,13,42,92,85,47,101,100,7,22,123,31,125"/><W52/><G123/><T129/><D74/><U51/><E121/><V8/><F36/><W108/><G125/><T63/><D116/><U59/><E119/><V48/><F130/><W18/><G108/><T69/><D129/><U64/><E128/><V32/><F93/><W62/><G7/><T91/><D126/><U14/><E133/><V80/><F80/><W12/><G31/><T113/><D113/><U10/><E39/><V96/><F134/><W98/><G85/><T34/><D34/><U103/><E38/><V17/><F17/><W131/><G131/><T122/><D122/><U105/><E105/><V135/><F106/><W57/><REACH who="3" step="1"/><G12/><REACH who="3" ten="178,344,312,156" step="2"/><T0/><D15/><U19/><E111/><V20/><F135/><W56/><G56/><T114/><D0/><U33/><E14/><V46/><F73/><W124/><G124/><T2/><D2/><U1/><E1/><V44/><F30/><W26/><G26/><T97/><D114/><U76/><E59/><V25/><F27/><W28/><G28/><T88/><D69/><U54/><E110/><V16/><F25/><W127/><G127/><T53/><D87/><U81/><E76/><V40/><F71/><W5/><G5/><T118/><D118/><U21/><E19/><V120/><F16/><W3/><G3/><T75/><D75/><U86/><E86/><V90/><F120/><W117/><G117/><T72/><D72/><U24/><E24/><V78/><F78/><W79/><G79/><T23/><D99/><U83/><E83/><V112/><F82/><W68/><G68/><N who="0" m="42047" /><D97/><U94/><E81/><RYUUKYOKU ba="0,1" sc="178,-10,344,-10,312,-10,156,30" hai3="13,18,22,42,47,49,52,57,62,92,98,100,101" /><INIT seed="7,1,1,2,5,127" ten="168,334,302,186" oya="3" hai0="59,88,85,125,29,13,17,89,130,31,18,10,62" hai1="54,134,118,22,128,51,97,132,36,19,50,73,23" hai2="80,43,0,42,47,114,84,11,82,40,90,34,1" hai3="14,56,67,92,116,98,4,103,32,20,58,60,27"/><W69/><G116/><T21/><D130/><U68/><E128/><V5/><F34/><W131/><G131/><T30/><D125/><U100/><E118/><V9/><F114/><W33/><G69/><T12/><D85/><U38/><E68/><V102/><F102/><W39/><G39/><N who="1" m="14890" /><E73/><V81/><F47/><W129/><G129/><T24/><D24/><N who="1" m="14431" /><E23/><V112/><F112/><W109/><G109/><T95/><D95/><N who="1" m="58431" /><E54/><AGARI ba="1,1" hai="10,12,13,17,18,21,29,30,31,54,59,62,88,89" machi="54" ten="40,2600,0" yaku="8,1,54,1" doraHai="127" who="0" fromWho="1" sc="168,39,334,-29,302,0,186,0" owari="207,-19.0,305,40.0,302,10.0,186,-31.0" /></mjloggm>