<mjloggm ver="2.3"><GO type="41"/><UN n0="%6B%61%62%69%67%6F%6E" n1="%E3%82%A6%E3%83%AB%E3%83%88%E3%83%A9%E7%AB%8B%E7%9B%B4" n2="%E8%BE%B0%E5%B7%B3%E7%BF%A0" n3="%E8%B5%A4%E5%9F%8E%E4%B8%89%E9%83%8E" dan="13,15,15,13" rate="1969,2023,1863,1846" sx="M,M,F,M"/><TAIKYOKU oya="0"/><INIT seed="0,0,0,3,4,20" ten="250,250,250,250" oya="0" hai0="45,105,61,21,77,10,82,93,98,131,109,121,86" hai1="89,40,64,123,38,84,11,3,52,25,14,41,5" hai2="81,113,9,74,115,80,58,31,17,24,15,119,132" hai3="65,33,73,43,23,76,47,96,60,8,35,37,128"/><T135/><D121/><U97/><E123/><V102/><F132/><W134/><G134/><T117/><D117/><U0/><E64/><V95/><F119/><W124/><G124/><T103/><D135/><U107/><E38/><V51/><F74/><W78/><G128/><T133/><D133/><U28/><E3/><V67/><F115/><W83/><G76/><T27/><D131/><U49/><E0/><V1/><F1/><W2/><G23/><T72/><D109/><U6/><E6/><V71/><F71/><W55/><G55/><T39/><D39/><U7/><E7/><V114/><F114/><W44/><G44/><T100/><D45/><U111/><E111/><V69/><F69/><N who="3" m="42151" /><G96/><T130/><D130/><U118/><E118/><V53/><F67/><W92/><G92/><T50/><D50/><U54/><E107/><V68/><F68/><W75/><G75/><T36/><D36/><U125/><E97/><N who="2" m="59711" /><F113/><W110/><G110/><T16/><D10/><U19/><E5/><AGARI ba="0,0" hai="2,5,8,33,35,37,43,47,73,78,83" m="42151" machi="5" ten="30,3900,0" yaku="25,1,33,2" doraHai="20" who="3" fromWho="1" sc="250,0,250,-39,250,0,250,39" /><INIT seed="1,0,0,4,5,34" ten="250,211,250,289" oya="1" hai0="57,77,125,74,40,18,96,54,13,118,48,124,6" hai1="49,109,33,41,24,27,51,31,101,115,59,81,5" hai2="2,116,119,38,47,108,110,93,100,107,10,114,62" hai3="85,89,50,36,46,117,123,87,20,80,64,126,76"/><U83/><E115/><V55/><F93/><W32/><G36/><T28/><D118/><N who="2" m="45098" /><F114/><W99/><G32/><T103/><D28/><U4/><E27/><V65/><F55/><W79/><G117/><T8/><D40/><U73/><E109/><N who="2" m="42091" /><F38/><W21/><G123/><T120/><D120/><U26/><E26/><V25/><F25/><W95/><G126/><T19/><D77/><U133/><E133/><V14/><F47/><W97/><G64/><T66/><D66/><U127/><E127/><N who="0" m="48713" /><D74/><U92/><E81/><V75/><F75/><W71/><G71/><T112/><D112/><U44/><E83/><V113/><F113/><W121/><G121/><T15/><D15/><U11/><E73/><V16/><F100/><W86/><G86/><T78/><D78/><U7/><E92/><AGARI ba="0,0" hai="6,8,13,18,19,48,54,57,92,96,103" m="48713" machi="92" ten="30,1000,0" yaku="18,1" doraHai="34" who="0" fromWho="1" sc="250,10,211,-10,250,0,289,0" /><INIT seed="2,0,0,3,5,86" ten="260,201,250,289" oya="2" hai0="99,56,25,78,93,98,102,131,6,68,16,35,113" hai1="133,107,125,53,134,27,20,87,90,2,60,103,77" hai2="127,124,70,45,94,64,115,135,37,21,123,7,132" hai3="83,9,105,84,33,118,128,23,106,54,22,81,82"/><V62/><F7/><W46/><G118/><T126/><D113/><U96/><E2/><V42/><F21/><W17/><G33/><T43/><D68/><U101/><E77/><V91/><F115/><W36/><G36/><T95/><D131/><U57/><E101/><V117/><F117/><W114/><G114/><T59/><D126/><N who="2" m="48170" /><F123/><W85/><G128/><T5/><D78/><U19/><REACH who="1" step="1"/><E125/><REACH who="1" ten="260,191,250,289" step="2"/><V38/><F38/><W32/><G105/><T41/><D102/><U10/><E10/><V40/><F40/><W30/><G106/><T18/><REACH who="0" step="1"/><D35/><REACH who="0" ten="250,191,250,289" step="2"/><U0/><E0/><V65/><F65/><W3/><G32/><T100/><D100/><U31/><E31/><V4/><F4/><W67/><G3/><T108/><D108/><U79/><E79/><V48/><F37/><W89/><G30/><T52/><D52/><U55/><E55/><V1/><F1/><W47/><G67/><T116/><D116/><U92/><AGARI ba="0,2" hai="19,20,27,53,57,60,87,90,92,96,103,107,133,134" machi="92" ten="30,8000,1" yaku="1,1,0,1,52,1,53,2" doraHai="86" doraHaiUra="130" who="1" fromWho="1" sc="250,-20,191,100,250,-40,289,-20" /><INIT seed="3,0,0,5,0,128" ten="230,291,210,269" oya="3" hai0="109,46,62,75,45,71,16,19,49,40,27,41,120" hai1="126,8,102,116,88,95,79,135,117,53,7,89,18" hai2="65,91,78,110,15,82,55,134,60,11,74,33,113" hai3="127,20,25,64,70,10,119,68,93,57,54,107,14"/><W112/><G107/><T69/><D75/><U51/><E126/><V101/><F113/><W98/><G119/><N who="1" m="45642" /><E79/><V99/><F33/><W0/><G112/><T115/><D115/><U80/><E80/><V86/><F110/><W90/><G127/><T85/><D109/><U129/><E129/><V92/><F55/><W50/><G0/><T9/><D120/><U21/><E102/><V23/><F23/><W22/><G64/><T123/><D123/><U47/><E95/><V36/><F36/><W56/><G56/><T103/><D103/><U42/><E42/><V52/><F52/><W66/><G66/><T111/><D111/><U130/><E130/><V63/><F65/><W124/><G124/><T108/><D108/><U61/><E61/><V3/><F3/><W59/><G59/><T72/><D72/><U13/><E135/><V83/><REACH who="2" step="1"/><F134/><REACH who="2" ten="230,291,200,269" step="2"/><W122/><G122/><T76/><D41/><U34/><E34/><V133/><F133/><W30/><REACH who="3" step="1"/><G22/><REACH who="3" ten="230,291,200,259" step="2"/><T1/><D1/><AGARI ba="0,2" hai="1,7,8,13,18,21,47,51,53,88,89" m="45642" machi="1" ten="30,2000,0" yaku="12,1,54,1" doraHai="128" who="1" fromWho="0" sc="230,-20,291,40,200,0,259,0" /><INIT seed="4,0,0,3,1,49" ten="210,331,200,259" oya="0" hai0="53,95,54,98,24,131,14,99,64,74,110,85,88" hai1="90,56,124,63,48,132,120,25,82,96,0,8,2" hai2="71,3,23,107,113,91,89,28,73,94,77,134,133" hai3="32,105,1,30,6,41,21,114,123,47,11,129,121"/><T17/><D131/><U66/><E120/><V10/><F71/><W102/><G114/><T115/><D74/><U61/><E124/><V55/><F107/><W106/><G129/><T130/><D130/><U9/><E132/><N who="2" m="50795" /><F113/><W43/><G102/><T111/><D115/><U45/><E2/><V26/><F77/><W93/><G93/><T70/><D70/><U51/><E63/><V39/><F39/><N who="3" m="21951" /><G43/><T52/><D64/><U78/><E51/><V42/><F42/><W97/><G21/><N who="0" m="11447" /><D24/><U75/><E0/><V135/><F73/><W126/><G97/><T109/><AGARI ba="0,0" hai="52,53,54,85,88,95,98,99,109,110,111" m="11447" machi="109" ten="40,18000,2" yaku="10,1,52,3,54,2" doraHai="49" who="0" fromWho="0" sc="210,180,331,-60,200,-60,259,-60" /><INIT seed="4,1,0,2,0,81" ten="390,271,140,199" oya="0" hai0="132,126,8,24,25,40,0,70,130,92,7,84,96" hai1="48,59,113,131,60,129,41,64,85,54,112,4,114" hai2="97,110,74,99,133,115,3,65,37,91,39,83,117" hai3="46,15,104,47,38,121,109,77,62,86,12,66,17"/><T111/><D70/><U32/><E4/><V33/><F33/><W87/><G104/><T80/><D126/><U9/><E9/><V49/><F3/><W26/><G38/><T23/><D130/><N who="1" m="49675" /><E32/><V98/><F110/><W56/><G109/><T100/><D132/><U18/><E18/><V31/><F31/><W105/><G105/><T116/><D116/><U6/><E6/><V10/><F10/><W89/><G121/><T108/><D40/><U102/><E102/><V75/><F75/><W58/><G26/><T128/><D128/><U118/><E85/><V11/><F74/><W78/><G56/><T1/><D1/><U21/><E21/><V35/><F11/><N who="3" m="6303" /><G15/><T29/><REACH who="0" step="1"/><D24/><REACH who="0" ten="380,271,140,199" step="2"/><U42/><E118/><V55/><F133/><W68/><G68/><AGARI ba="1,1" hai="41,42,48,54,59,60,64,68,112,113,114" m="49675" machi="68" ten="40,8000,1" yaku="15,1,11,1,19,1,34,2" doraHai="81" who="1" fromWho="3" sc="380,0,271,93,140,0,199,-83" /><INIT seed="5,0,0,4,2,82" ten="380,364,140,116" oya="1" hai0="60,119,49,33,76,98,48,75,46,54,63,118,50" hai1="12,32,93,19,65,72,85,22,61,133,94,27,116" hai2="104,9,115,40,42,84,103,34,126,101,17,96,0" hai3="7,109,135,122,18,95,47,11,16,3,2,124,5"/><U21/><E32/><V91/><F34/><W29/><G122/><T26/><D75/><U28/><E72/><V83/><F126/><W121/><G121/><T67/><D76/><U55/><E116/><V58/><F115/><W130/><G109/><T73/><D73/><U80/><E55/><V59/><F103/><W14/><G47/><T6/><D6/><U97/><E133/><V78/><F42/><W114/><G114/><T30/><D98/><U35/><E35/><V120/><F120/><W106/><G106/><T64/><D26/><U53/><E53/><V86/><F40/><W44/><G44/><T74/><D74/><U38/><E38/><V68/><F68/><W123/><G123/><T79/><D79/><U99/><E99/><V77/><F77/><W56/><G56/><T100/><D100/><U45/><E45/><V113/><F113/><W20/><G95/><T62/><D30/><U92/><E97/><V134/><F134/><W127/><G130/><T125/><D33/><U4/><E4/><N who="3" m="1610" /><G29/><T43/><D125/><N who="3" m="48201" /><G135/><T25/><D25/><AGARI ba="0,0" hai="2,3,11,14,16,18,20,25" m="48201,1610" machi="25" ten="30,7700,0" yaku="18,1,34,2,54,1" doraHai="82" who="3" fromWho="0" sc="380,-77,364,0,140,0,116,77" /><INIT seed="6,0,0,4,1,91" ten="303,364,140,193" oya="2" hai0="47,72,49,3,2,128,58,119,115,90,118,131,68" hai1="82,26,53,100,41,74,61,22,4,110,81,76,132" hai2="12,34,103,59,32,99,84,117,14,24,64,17,27" hai3="105,96,112,71,28,9,133,35,79,6,101,73,8"/><V40/><F117/><N who="0" m="44554" /><D72/><U50/><E132/><V125/><F125/><W130/><G71/><T135/><D68/><U80/><E110/><V20/><F40/><W5/><G130/><N who="0" m="49707" /><D58/><U36/><E36/><V37/><F37/><W38/><G38/><T33/><D33/><U23/><E23/><V98/><F34/><W113/><G133/><T46/><D135/><U94/><E61/><V54/><F64/><W60/><G35/><T108/><D108/><U56/><E4/><V70/><F70/><W106/><G28/><T95/><D115/><N who="3" m="44105" /><G60/><T121/><D121/><U25/><E41/><V129/><F129/><W83/><G105/><T48/><D49/><U107/><E107/><V65/><F65/><W18/><G18/><T52/><D47/><U1/><E1/><V87/><F32/><W10/><AGARI ba="0,0" hai="5,6,8,9,10,73,79,83,96,101,106" m="44105" machi="10" ten="30,2000,0" yaku="15,1,11,1" doraHai="91" who="3" fromWho="3" sc="303,-5,364,-5,140,-10,193,20" /><INIT seed="7,0,0,5,1,22" ten="298,359,130,213" oya="3" hai0="24,73,31,38,20,59,48,57,3,122,7,21,108" hai1="40,118,36,34,26,49,70,5,11,67,47,114,42" hai2="60,37,135,29,27,10,96,74,64,134,12,105,19" hai3="98,107,100,101,131,90,23,76,106,32,116,35,88"/><W109/><G116/><T127/><D122/><U56/><E42/><V43/><F74/><W63/><G131/><T9/><D108/><U115/><E118/><V65/><F37/><W94/><G109/><T71/><D71/><U102/><E102/><N who="2" m="62663" /><F43/><W62/><G76/><T51/><D38/><U58/><E49/><V103/><F103/><W125/><G125/><T1/><D73/><U33/><E58/><V41/><F41/><W2/><G2/><T18/><D127/><U117/><E56/><V30/><F30/><W104/><G23/><T8/><D18/><U113/><E117/><V132/><F60/><N who="3" m="23083" /><G98/><T123/><D123/><U25/><E67/><V89/><F89/><N who="3" m="34411" /><G94/><T83/><D83/><U66/><E66/><V14/><F14/><W54/><G54/><T75/><D75/><U97/><E97/><V72/><F72/><W99/><G99/><T78/><D78/><U126/><E70/><V119/><F119/><W130/><G130/><T111/><D111/><U110/><E110/><V4/><F4/><W80/><G80/><T79/><D79/><U129/><E129/><V128/><F128/><W82/><G82/><T68/><D68/><U55/><E55/><V53/><F53/><W50/><G50/><T112/><D31/><U52/><E52/><V121/><F121/><W124/><G124/><T92/><D92/><U44/><E126/><V93/><F93/><W133/><G133/><T77/><D77/><U84/><E84/><V16/><F29/><W13/><G13/><T45/><D7/><U91/><E114/><V87/><F87/><W46/><G46/><RYUUKYOKU ba="0,0" sc="298,-15,359,-15,130,15,213,15" hai2="10,12,16,19,27,64,65,132,134,135" hai3="32,35,100,101,104,106,107" /><INIT seed="7,1,0,2,1,71" ten="283,344,145,228" oya="3" hai0="85,68,10,59,56,133,50,102,120,42,77,87,134" hai1="44,11,131,26,73,115,88,36,114,47,48,75,41" hai2="49,7,104,46,108,132,74,128,83,105,124,38,109" hai3="43,29,52,100,107,23,14,69,70,32,35,54,121"/><W112/><G121/><T45/><D120/><U94/><E26/><V95/><F49/><W99/><G112/><N who="1" m="43050" /><E11/><V113/><F113/><W91/><G43/><T84/><D68/><U98/><E131/><V19/><F19/><W15/><G69/><T79/><D102/><U123/><E123/><V72/><F7/><W34/><G70/><T130/><D130/><U82/><E82/><V12/><F12/><W129/><G129/><T28/><D28/><U78/><E78/><V127/><F128/><W90/><G29/><T106/><D106/><U89/><E89/><V2/><F2/><W65/><G65/><T135/><REACH who="0" step="1"/><D10/><REACH who="0" ten="273,344,145,228" step="2"/><U58/><E58/><AGARI ba="1,1" hai="42,45,50,56,58,59,77,79,84,85,87,133,134,135" machi="58" ten="50,6400,0" yaku="1,1,2,1,20,1,53,0" doraHai="71" doraHaiUra="64" who="0" fromWho="1" sc="273,77,344,-67,145,0,228,0" owari="350,44.0,277,8.0,145,-35.0,228,-17.0" /></mjloggm>