<mjloggm ver="2.3"><GO type="169"/><UN n0="%E6%AD%A6%E5%A3%AB%E6%B2%A2%E7%A7%80%E8%A1%8C" n1="%4C%49%54%48%49%55%4D" n2="%EF%BC%88%E2%89%A7%E2%96%BD%E2%89%A6%EF%BC%89" n3="%E3%81%94%E3%81%98%E3%82%83%E3%82%8B" dan="16,17,18,16" rate="2048,2140,2192,2126" sx="M,M,M,M"/><TAIKYOKU oya="0"/><INIT seed="0,0,0,2,2,48" ten="250,250,250,250" oya="0" hai0="15,107,54,74,131,71,43,89,65,75,104,30,56" hai1="57,83,121,114,19,76,102,2,33,95,120,81,14" hai2="17,100,118,113,35,101,90,132,82,28,84,13,64" hai3="51,0,87,91,72,129,60,24,3,85,93,38,12"/><T109/><D71/><U79/><E2/><V97/><F113/><W44/><G72/><T110/><D65/><U96/><E114/><V128/><F128/><W70/><G38/><T117/><D117/><U125/><E125/><V8/><F118/><W49/><G129/><T52/><D131/><U108/><E108/><N who="0" m="41577" /><D43/><U66/><E33/><V37/><F37/><W135/><G135/><T78/><D30/><U58/><E120/><V39/><F39/><W99/><G24/><T10/><D89/><U94/><E121/><V5/><F132/><W73/><G73/><N who="0" m="27659" /><D78/><U111/><E111/><V27/><F64/><W134/><G134/><T67/><D67/><U86/><E66/><V36/><F36/><W63/><G70/><T103/><D103/><U105/><E76/><V22/><REACH who="2" step="1"/><F97/><REACH who="2" ten="250,250,240,250" step="2"/><W116/><G116/><T122/><D122/><U123/><E123/><V40/><F40/><W69/><G99/><T68/><D68/><U34/><E96/><V7/><F7/><W98/><G98/><T130/><D130/><U42/><E42/><V124/><F124/><W31/><G69/><T32/><D32/><U55/><E34/><V88/><F88/><W45/><G91/><T112/><D112/><U80/><E102/><V62/><F62/><W9/><G63/><N who="0" m="36231" /><D54/><U6/><E55/><V11/><F11/><W92/><G9/><T106/><D106/><U26/><E105/><V1/><AGARI ba="0,1" hai="1,5,8,13,17,22,27,28,35,82,84,90,100,101" machi="1" ten="20,8000,1" yaku="1,1,0,1,7,1,24,2,53,0" doraHai="48" doraHaiUra="50" who="2" fromWho="2" sc="250,-40,250,-20,240,90,250,-20" /><INIT seed="1,0,0,1,5,81" ten="210,230,330,230" oya="1" hai0="43,24,100,35,55,0,15,104,33,109,39,125,41" hai1="94,19,87,47,40,133,21,18,115,106,135,108,130" hai2="27,77,57,107,101,42,88,114,22,60,99,83,29" hai3="65,67,28,1,69,34,25,79,7,16,58,62,102"/><U51/><E106/><V56/><F114/><W44/><G102/><T52/><D0/><U90/><E115/><V80/><F42/><W64/><G44/><T5/><D104/><U84/><E130/><V131/><F131/><W132/><G132/><N who="1" m="50762" /><E108/><V98/><F77/><W85/><G69/><T118/><D109/><U8/><E8/><V91/><F57/><W50/><G50/><T78/><D118/><U110/><E110/><V96/><F101/><W12/><G7/><T134/><D100/><U59/><E59/><V123/><F107/><W17/><G1/><T32/><D134/><U2/><E2/><V97/><F123/><W129/><G129/><T30/><D35/><U120/><E120/><V23/><F23/><W31/><G31/><T38/><D30/><U121/><E121/><V70/><F70/><W82/><REACH who="3" step="1"/><G17/><REACH who="3" ten="210,230,330,220" step="2"/><N who="1" m="6154" /><E21/><AGARI ba="0,1" hai="12,16,21,25,28,34,58,62,64,65,67,79,82,85" machi="21" ten="30,8000,1" yaku="1,1,7,1,52,1,54,1,53,1" doraHai="81" doraHaiUra="13" who="3" fromWho="1" sc="210,0,230,-80,330,0,220,90" /><INIT seed="2,0,0,3,0,41" ten="210,150,330,310" oya="2" hai0="128,9,76,50,78,68,114,82,73,125,55,75,91" hai1="79,36,8,90,133,80,106,116,61,37,135,39,56" hai2="6,98,5,10,134,49,29,15,93,117,40,54,60" hai3="4,64,35,104,58,97,96,83,70,105,119,42,19"/><V85/><F117/><W34/><G119/><T107/><D114/><U24/><E116/><V87/><F134/><N who="1" m="51209" /><E106/><V92/><F5/><W11/><G70/><T62/><D107/><U18/><E90/><V81/><F29/><W38/><G19/><T115/><D128/><U111/><E111/><V30/><F30/><W126/><G126/><T7/><D125/><U16/><E8/><V110/><F110/><W67/><G83/><T13/><D115/><U65/><E24/><V113/><F113/><W46/><G97/><T130/><D130/><U102/><E102/><V14/><F14/><W17/><G17/><T77/><D91/><U57/><E57/><N who="2" m="34871" /><F98/><W94/><G105/><T59/><D75/><AGARI ba="0,0" hai="16,18,36,37,39,56,61,65,75,79,80" m="51209" machi="75" ten="40,2600,0" yaku="20,1,54,1" doraHai="41" who="1" fromWho="0" sc="210,-26,150,26,330,0,310,0" /><INIT seed="3,0,0,5,1,89" ten="184,176,330,310" oya="3" hai0="0,102,91,58,108,12,74,66,72,133,120,49,126" hai1="25,113,82,101,84,122,36,93,127,5,17,128,62" hai2="59,83,64,1,44,123,130,112,129,30,104,39,88" hai3="131,96,42,13,103,97,8,37,67,124,29,75,4"/><W53/><G131/><T78/><D120/><U77/><E122/><V119/><F1/><W3/><G124/><T18/><D126/><U55/><E127/><V7/><F104/><W90/><G75/><T31/><D0/><U16/><E128/><V111/><F7/><W92/><G67/><T28/><D133/><U60/><E113/><V57/><F30/><W51/><G29/><T56/><D108/><U94/><E36/><V38/><F111/><W70/><G70/><T109/><D109/><U110/><E110/><V10/><F112/><W34/><G34/><T35/><D102/><U52/><E5/><V61/><F38/><W11/><G37/><T132/><D132/><U134/><E134/><V15/><F59/><W105/><G42/><T46/><D91/><U26/><E101/><V32/><F32/><W117/><G117/><T22/><D35/><U121/><E121/><V81/><F123/><W41/><G41/><T23/><D74/><U20/><E60/><V21/><F119/><W86/><G97/><T68/><D68/><U47/><E62/><V43/><F129/><W98/><G98/><T85/><D72/><U100/><E100/><V87/><F130/><W125/><G125/><T54/><D66/><U33/><E33/><V118/><F118/><W19/><G51/><T48/><D23/><N who="1" m="13543" /><E47/><V79/><F21/><W63/><G63/><T45/><D45/><U95/><AGARI ba="0,0" hai="17,20,26,52,55,77,82,84,93,94,95" m="13543" machi="95" ten="30,12000,2" yaku="8,1,52,3,54,2" doraHai="89" who="1" fromWho="1" sc="184,-30,176,120,330,-30,310,-60" /><INIT seed="4,0,0,4,2,34" ten="154,296,300,250" oya="0" hai0="86,128,85,3,101,17,1,71,42,53,18,40,57" hai1="90,79,129,14,126,11,134,69,44,81,121,21,106" hai2="124,56,132,80,123,94,62,68,127,15,74,63,113" hai3="8,67,20,28,91,116,58,52,133,75,16,49,50"/><T135/><D71/><U99/><E121/><V73/><F123/><W39/><G39/><T31/><D101/><U29/><E134/><V35/><F35/><W107/><G116/><T32/><D135/><U110/><E110/><V105/><F105/><W51/><G133/><T83/><D128/><U25/><E129/><V38/><F38/><W98/><G75/><T66/><D66/><U115/><E126/><V88/><F80/><W27/><G67/><T23/><D32/><U9/><E115/><V33/><F33/><W2/><G107/><T87/><D83/><U65/><E44/><V89/><F68/><W97/><G2/><N who="0" m="523" /><D31/><U26/><E26/><V24/><F24/><W95/><G98/><T4/><D4/><U93/><E106/><V103/><F103/><W6/><G6/><T131/><D131/><U104/><E104/><V100/><F100/><W54/><G54/><T30/><D30/><U130/><E130/><V59/><F132/><W61/><G8/><T112/><D112/><U120/><E120/><V70/><F70/><W60/><G60/><N who="0" m="35887" /><D18/><AGARI ba="0,0" hai="16,18,20,27,28,49,50,51,52,58,61,91,95,97" machi="18" ten="40,5200,0" yaku="8,1,54,2" doraHai="34" who="3" fromWho="0" sc="154,-52,296,0,300,0,250,52" /><INIT seed="5,0,0,5,2,34" ten="102,296,300,302" oya="1" hai0="5,30,2,126,63,54,108,111,95,110,59,115,17" hai1="10,38,77,87,114,22,104,36,66,55,0,37,12" hai2="85,4,93,42,3,48,105,1,41,15,33,52,71" hai3="11,70,46,61,106,113,29,8,18,62,60,69,73"/><U103/><E114/><V53/><F105/><W131/><G106/><T81/><D115/><U26/><E66/><V122/><F71/><W35/><G113/><T45/><D126/><U39/><E0/><V109/><F33/><W96/><G73/><T31/><D17/><U47/><E103/><V9/><F122/><W89/><G131/><T32/><D32/><U100/><E100/><V51/><F109/><W86/><G96/><T21/><D21/><U82/><E104/><V74/><F74/><W24/><G46/><T133/><D133/><U98/><E98/><V129/><F129/><W56/><G56/><T112/><D112/><U76/><E76/><V94/><F85/><W121/><G121/><T101/><D81/><U20/><E26/><V58/><F15/><W6/><G18/><T128/><D128/><U99/><E99/><V25/><F25/><W67/><G70/><T88/><D101/><U7/><N who="1" m="9216" /><DORA hai="50" /><U134/><REACH who="1" step="1"/><E134/><REACH who="1" ten="102,286,300,302" step="2"/><V40/><REACH who="2" step="1"/><F3/><REACH who="2" ten="102,286,290,302" step="2"/><W117/><G24/><T64/><D2/><U92/><E92/><V116/><F116/><W13/><G117/><T19/><D19/><U16/><E16/><V84/><F84/><W91/><G86/><T14/><D14/><U132/><E132/><V23/><F23/><W49/><G13/><T135/><D5/><U90/><E90/><V124/><F124/><W127/><G91/><T79/><D135/><U97/><E97/><V107/><F107/><W43/><G89/><T83/><D79/><U57/><E57/><AGARI ba="0,2" hai="1,4,9,40,41,42,48,51,52,53,57,58,93,94" machi="57" ten="40,12000,2" yaku="1,1,9,1,52,3,54,1,53,0" doraHai="34,50" doraHaiUra="72,130" who="2" fromWho="1" sc="102,0,286,-120,290,140,302,0" /><INIT seed="6,0,0,4,2,66" ten="102,166,430,302" oya="2" hai0="101,84,24,30,70,116,82,87,98,25,83,53,23" hai1="134,112,126,43,51,74,47,130,22,78,54,63,0" hai2="110,62,133,57,13,99,41,16,90,11,81,46,108" hai3="19,114,38,79,20,39,89,32,48,42,102,65,80"/><V113/><F113/><W15/><G32/><T124/><D124/><U75/><E126/><V1/><F1/><W85/><G114/><T34/><D116/><U56/><E112/><V73/><F133/><W107/><G65/><T94/><D53/><U93/><E134/><V109/><F73/><W69/><G69/><T103/><D103/><U44/><E130/><V115/><F115/><W122/><G122/><T33/><D70/><U120/><E120/><V125/><F125/><W21/><G21/><T18/><D84/><U8/><E22/><V71/><F71/><W29/><G29/><T123/><D123/><U60/><E60/><V17/><F17/><W40/><G102/><T61/><D61/><U100/><E78/><V52/><F99/><W59/><G107/><T9/><D9/><U58/><E58/><V49/><F90/><W86/><G39/><T91/><REACH who="0" step="1"/><D33/><REACH who="0" ten="92,166,430,302" step="2"/><U36/><E8/><V2/><F109/><W77/><G86/><T67/><D67/><U106/><E75/><V6/><F110/><W96/><G85/><T105/><AGARI ba="0,1" hai="18,23,24,25,30,34,82,83,87,91,94,98,101,105" machi="105" ten="20,2700,0" yaku="1,1,0,1,7,1,53,0" doraHai="66" doraHaiUra="50" who="0" fromWho="0" sc="92,37,166,-7,430,-13,302,-7" /><INIT seed="7,0,0,3,1,54" ten="129,159,417,295" oya="3" hai0="68,87,80,97,131,0,133,94,103,113,76,56,29" hai1="88,121,7,127,19,104,73,4,32,40,89,93,33" hai2="63,28,12,50,71,18,128,124,81,118,9,37,90" hai3="53,34,5,8,85,98,64,86,31,130,106,126,30"/><W112/><G112/><T20/><D68/><U122/><E104/><V58/><F37/><W2/><G130/><T134/><D131/><U105/><E105/><V60/><F118/><W91/><G126/><T119/><D119/><U129/><E129/><V10/><F128/><W67/><G86/><T38/><D38/><U96/><E127/><V41/><F71/><W66/><G34/><T100/><D0/><U70/><E73/><V132/><F132/><W78/><G78/><T62/><D113/><U101/><E70/><V57/><F28/><W115/><G115/><T36/><D36/><U74/><E74/><V48/><F9/><W13/><G2/><T116/><D116/><U23/><E40/><V123/><F123/><W65/><N who="3" m="16384" /><DORA hai="111" /><W24/><G24/><N who="0" m="16519" /><D134/><U27/><E122/><V47/><F124/><W61/><G98/><T102/><D133/><U45/><E121/><V95/><F81/><N who="3" m="49583" /><G106/><T135/><D135/><U108/><E108/><V84/><F48/><W26/><G26/><T120/><D120/><U14/><E33/><V75/><F75/><W99/><G99/><T55/><D97/><U17/><E32/><V11/><F11/><W51/><G61/><AGARI ba="0,0" hai="10,12,18,41,47,50,57,58,60,61,63,84,90,95" machi="61" ten="40,5200,0" yaku="8,1,52,2" doraHai="54,111" who="2" fromWho="3" sc="129,0,159,0,417,52,295,-52" owari="129,-37.0,159,-24.0,469,57.0,243,4.0" /></mjloggm>