<mjloggm ver="2.3"><GO type="169" lobby="0"/><UN n0="%E3%81%91%E3%82%93%31%39%37%30" n1="%E3%82%B2%E3%82%AA%E3%83%AB%E3%82%B2%E3%83%8F%E3%82%B8%39%34" n2="%48%49%45%49" n3="%EF%BC%88%E2%89%A7%E2%96%BD%E2%89%A6%EF%BC%89" dan="16,16,16,18" rate="2081.18,2043.85,2047.02,2184.01" sx="M,M,M,M"/><TAIKYOKU oya="0"/><INIT seed="0,0,0,3,3,109" ten="250,250,250,250" oya="0" hai0="97,83,24,100,128,48,15,68,13,122,131,57,21" hai1="135,51,55,30,104,79,9,29,25,46,47,65,1" hai2="102,26,2,70,94,64,134,73,111,16,77,40,124" hai3="113,6,14,10,22,34,12,60,63,23,107,67,35"/><T45/><D68/><U132/><E104/><V31/><F2/><W91/><G107/><T90/><D122/><U129/><E129/><N who="0" m="49737" /><D57/><U71/><E79/><V121/><F40/><W33/><G113/><T126/><D126/><U72/><E72/><V69/><F124/><W108/><G108/><T114/><D90/><U112/><E112/><V75/><F134/><N who="1" m="51241" /><E46/><V88/><F121/><W37/><G37/><T117/><D83/><U17/><E1/><V119/><F102/><W32/><G32/><T105/><D117/><U84/><E84/><V76/><F119/><W82/><G14/><T110/><D114/><U8/><E17/><V81/><F75/><W133/><G133/><T103/><D103/><U43/><E30/><V125/><F77/><W59/><REACH who="3" step="1"/><G63/><REACH who="3" ten="250,250,250,240" step="2"/><T80/><D110/><U86/><E25/><V98/><F111/><W20/><G20/><T101/><D15/><U130/><E8/><V39/><F125/><W38/><G38/><T99/><D13/><U19/><E9/><V93/><F39/><W116/><G116/><T96/><D21/><U28/><E130/><V58/><F26/><W5/><G5/><T54/><D24/><U52/><E19/><V56/><F16/><W123/><G123/><T41/><D105/><U127/><E127/><V7/><F7/><W49/><G49/><T89/><D101/><U62/><E28/><V44/><F31/><W18/><G18/><T106/><D106/><U0/><E29/><V66/><F73/><W61/><G61/><T120/><D120/><U4/><E4/><V87/><F70/><W27/><G27/><RYUUKYOKU ba="0,1" sc="250,-10,250,-10,250,-10,240,30" hai3="6,10,12,22,23,33,34,35,59,60,67,82,91" /><INIT seed="1,1,1,0,1,58" ten="240,240,240,270" oya="1" hai0="13,46,130,98,107,100,85,114,19,122,124,68,57" hai1="38,73,76,89,90,60,96,23,113,5,127,112,99" hai2="27,3,105,110,41,9,51,53,2,81,66,135,91" hai3="116,80,1,97,33,67,24,64,39,43,117,106,34"/><U6/><E38/><V70/><F105/><W108/><G1/><T63/><D114/><U37/><E37/><V88/><F41/><W94/><G106/><T55/><D122/><U32/><E32/><N who="3" m="12394" /><G24/><T21/><D68/><U84/><E73/><V101/><F101/><N who="3" m="60599" /><G108/><T71/><D71/><U35/><E35/><V48/><F27/><W74/><G43/><T120/><D120/><U121/><E121/><V118/><F3/><W28/><G28/><T125/><D130/><U82/><E113/><V109/><F2/><W69/><G69/><T95/><D46/><U54/><E112/><V0/><F0/><W22/><G22/><T16/><REACH who="0" step="1"/><D19/><REACH who="0" ten="230,240,240,270" step="2"/><U129/><E129/><V103/><F70/><W72/><G117/><T119/><D119/><U128/><E128/><V92/><F118/><W30/><G116/><T7/><D7/><U126/><E5/><V133/><F110/><W45/><G45/><T111/><D111/><U52/><E6/><V4/><F4/><W61/><G30/><T50/><D50/><U77/><E127/><V42/><F109/><W8/><G39/><T59/><D59/><U36/><E126/><V132/><F51/><W25/><G74/><T40/><D40/><U14/><E36/><V123/><F123/><W104/><G72/><T79/><D79/><U26/><E77/><V29/><F29/><W44/><G44/><T15/><D15/><U65/><E14/><V10/><F42/><W11/><G25/><T87/><D87/><U56/><E76/><V17/><F17/><W134/><G134/><T62/><D62/><U115/><E60/><RYUUKYOKU ba="1,2" sc="230,30,240,-10,240,-10,270,-10" hai0="13,16,21,55,57,63,85,95,98,100,107,124,125" /><INIT seed="2,2,2,0,5,75" ten="260,230,230,260" oya="2" hai0="130,61,25,116,120,107,39,95,12,54,68,28,65" hai1="133,86,99,16,96,74,43,117,114,26,20,134,84" hai2="18,57,104,103,128,100,36,79,30,123,35,40,92" hai3="122,10,11,112,88,76,77,6,102,60,87,105,15"/><V83/><F123/><W119/><G119/><T52/><D120/><U126/><E117/><V23/><F104/><W82/><G122/><T2/><D116/><U80/><E114/><V97/><F128/><W31/><G112/><T81/><D2/><U27/><E126/><V50/><F36/><W42/><G31/><T131/><D39/><U13/><E43/><V33/><F100/><W129/><G129/><N who="0" m="49163" /><D107/><U70/><E70/><V0/><F30/><W41/><G60/><T48/><D95/><U69/><E69/><V90/><F0/><W1/><G105/><T101/><D101/><U94/><E74/><V73/><F103/><W14/><G102/><T62/><D62/><U66/><E66/><V118/><F118/><W3/><G3/><T108/><D108/><U38/><E38/><V115/><F115/><W98/><G1/><T49/><D12/><U59/><E94/><V32/><F32/><W22/><G22/><N who="0" m="15415" /><D81/><U44/><E80/><V93/><F92/><N who="3" m="56583" /><G77/><T58/><D68/><U125/><E125/><V45/><REACH who="2" step="1"/><F57/><REACH who="2" ten="260,230,220,260" step="2"/><W135/><G135/><T85/><D85/><N who="1" m="32875" /><E134/><V64/><F64/><W53/><G53/><AGARI ba="2,3" hai="48,49,52,53,54,58,61,65" m="15415,49163" machi="53" ten="30,2000,0" yaku="19,1,54,1" doraHai="75" who="0" fromWho="3" sc="260,56,230,0,220,0,260,-26" /><INIT seed="3,0,0,4,4,10" ten="316,230,220,234" oya="3" hai0="22,19,83,126,42,112,54,26,45,74,85,28,64" hai1="63,46,1,43,109,95,29,107,130,106,72,100,113" hai2="99,111,39,17,59,18,118,89,78,4,41,62,55" hai3="96,87,70,91,75,33,40,122,16,0,14,103,128"/><W102/><G122/><T50/><D74/><U37/><E72/><V11/><F118/><W132/><G0/><T49/><D112/><U121/><E113/><V105/><F111/><W30/><G75/><T129/><D129/><U135/><E121/><V71/><F71/><W101/><G70/><T134/><D134/><U123/><E123/><V94/><F105/><W66/><G132/><T5/><D5/><U60/><E109/><V76/><F39/><W97/><G128/><T61/><D126/><U114/><E130/><V3/><F41/><W120/><G120/><T116/><D116/><U51/><E1/><V125/><F125/><W68/><G40/><T133/><D133/><U32/><E135/><V7/><REACH who="2" step="1"/><F4/><REACH who="2" ten="316,230,210,234" step="2"/><W58/><G68/><T77/><D42/><U108/><E37/><V56/><F56/><W53/><G66/><T24/><D45/><U98/><E107/><V93/><F93/><N who="3" m="54527" /><G33/><T21/><D54/><U20/><E32/><V80/><F80/><W34/><G34/><T119/><D119/><U6/><E106/><V47/><F47/><W92/><G92/><T104/><D104/><U44/><E108/><V8/><F8/><N who="3" m="6215" /><G30/><T35/><D35/><U23/><E114/><V2/><F2/><W38/><G38/><T82/><D82/><U36/><E36/><V15/><F15/><W57/><G57/><AGARI ba="0,1" hai="19,21,22,24,26,28,49,50,57,61,64,77,83,85" machi="57" ten="30,2000,0" yaku="7,1,8,1" doraHai="10" who="0" fromWho="3" sc="316,30,230,0,210,0,234,-20" /><INIT seed="4,0,0,4,4,86" ten="346,230,210,214" oya="0" hai0="41,99,52,102,11,88,21,12,26,7,83,48,132" hai1="51,92,71,131,31,3,53,85,135,40,109,75,63" hai2="36,15,8,134,96,129,54,28,87,67,91,17,80" hai3="106,118,14,42,64,77,1,2,112,47,119,19,78"/><T111/><D132/><U105/><E75/><V114/><F134/><W20/><G112/><T9/><D111/><U16/><E105/><V94/><F114/><W18/><G106/><T122/><D122/><U29/><E109/><V39/><F129/><W35/><G35/><T115/><D115/><U103/><E131/><V93/><F93/><W84/><G64/><T73/><D41/><U126/><E3/><V81/><F81/><W108/><G108/><T116/><D116/><U49/><E135/><V104/><F104/><W98/><G98/><T62/><D62/><U45/><E126/><V33/><F67/><W74/><G74/><T76/><D11/><U27/><E71/><V97/><F97/><W95/><G118/><T44/><D102/><U100/><E63/><V43/><F43/><W70/><G70/><T55/><D55/><U117/><E117/><V32/><F54/><W61/><G61/><T69/><D69/><U23/><E103/><V37/><REACH who="2" step="1"/><F28/><REACH who="2" ten="346,230,200,214" step="2"/><W110/><G110/><T123/><D123/><U65/><E65/><V127/><F127/><W133/><G133/><T50/><D50/><U101/><E100/><AGARI ba="0,1" hai="8,15,17,32,33,36,37,39,80,87,91,94,96,100" machi="100" ten="40,5200,0" yaku="1,1,52,1,53,1" doraHai="86" doraHaiUra="89" who="2" fromWho="1" sc="346,0,230,-52,200,62,214,0" /><INIT seed="5,0,0,5,5,48" ten="346,178,262,214" oya="1" hai0="7,55,104,40,5,112,94,69,92,0,68,67,39" hai1="17,96,123,95,3,116,58,86,71,87,128,121,111" hai2="6,108,43,37,61,49,91,79,113,64,93,42,34" hai3="52,62,129,8,98,73,45,53,88,29,132,47,50"/><U35/><E71/><V110/><F34/><W23/><G73/><T101/><D112/><U130/><E116/><V99/><F37/><W97/><G132/><T124/><D104/><U44/><E35/><V90/><F113/><W126/><G126/><T135/><D124/><U133/><E133/><V15/><F79/><W12/><G129/><N who="1" m="49770" /><E3/><V27/><F27/><N who="3" m="16639" /><G88/><T74/><D0/><U102/><E111/><V114/><F91/><W59/><G47/><T66/><D74/><U119/><E119/><V51/><F114/><W20/><G20/><T16/><D101/><U54/><E44/><V84/><F110/><W127/><G127/><T4/><D135/><U131/><N who="1" m="49778" /><U2/><DORA hai="125" /><E2/><V10/><F108/><W11/><G11/><T77/><D69/><U28/><E28/><V65/><F99/><W72/><G72/><T70/><D70/><U103/><E103/><V60/><F43/><W76/><G76/><T122/><D68/><U85/><E17/><AGARI ba="0,0" hai="8,12,17,45,50,52,53,59,62,97,98" m="16639" machi="17" ten="30,7700,0" yaku="8,1,52,2,54,1" doraHai="48,125" who="3" fromWho="1" sc="346,0,178,-77,262,0,214,77" /><INIT seed="6,0,0,1,3,86" ten="346,101,262,291" oya="2" hai0="72,53,130,73,21,39,70,92,103,56,67,50,71" hai1="123,44,49,2,15,18,26,11,89,118,8,119,127" hai2="37,87,62,129,126,63,27,22,85,133,98,111,106" hai3="14,131,77,122,94,45,117,91,35,69,7,10,120"/><V65/><F37/><W93/><G117/><T46/><D71/><U83/><E127/><V19/><F126/><W5/><G69/><T25/><D130/><U59/><E123/><V115/><F129/><W58/><G35/><T29/><D70/><U114/><E114/><V88/><F115/><W43/><G131/><T81/><D81/><U48/><E26/><V68/><F133/><W80/><G5/><T57/><D57/><U36/><E36/><V90/><F111/><W121/><G58/><T1/><D1/><U102/><E102/><V74/><F74/><W108/><G108/><T125/><D125/><U100/><E100/><V104/><F98/><W42/><G42/><T134/><D134/><U66/><E2/><V112/><F63/><W79/><G80/><T64/><D64/><U28/><E28/><V82/><F112/><W99/><REACH who="3" step="1"/><G94/><AGARI ba="0,0" hai="19,22,27,62,65,68,82,85,87,88,90,94,104,106" machi="94" ten="30,11600,0" yaku="7,1,52,2,54,1" doraHai="86" who="2" fromWho="3" sc="346,0,101,0,262,116,291,-116" /><INIT seed="6,1,0,4,4,39" ten="346,101,378,175" oya="2" hai0="50,70,76,131,57,5,4,127,14,129,75,107,61" hai1="43,108,93,54,10,101,74,90,102,97,68,116,80" hai2="30,133,99,48,71,9,69,73,103,91,113,2,105" hai3="86,26,65,63,24,111,128,89,109,98,112,53,87"/><V47/><F73/><W17/><G128/><T115/><D107/><U72/><E68/><V19/><F113/><W96/><G112/><T104/><D104/><N who="1" m="63535" /><E54/><V23/><F133/><W56/><G111/><T130/><D115/><U117/><E10/><V124/><F124/><W27/><G109/><T134/><D127/><U22/><E22/><V121/><F121/><W85/><G89/><T62/><D134/><U118/><E43/><V40/><F91/><W94/><G94/><T34/><D34/><U33/><E33/><V18/><F30/><W3/><G3/><T64/><D50/><U132/><E132/><V79/><F79/><W8/><REACH who="3" step="1"/><G65/><REACH who="3" ten="346,101,378,165" step="2"/><T15/><D76/><U126/><E126/><V41/><F2/><W35/><G35/><T81/><D81/><U100/><E108/><V106/><F106/><W28/><G28/><T42/><D131/><U36/><E36/><V88/><F88/><W31/><G31/><T25/><D130/><U92/><E80/><V82/><F82/><W7/><G7/><T21/><D129/><U77/><E77/><V84/><F105/><W38/><G38/><T44/><D5/><U123/><E123/><V119/><F19/><W13/><AGARI ba="1,1" hai="8,13,17,24,26,27,53,56,63,85,86,87,96,98" machi="13" ten="40,5200,0" yaku="1,1,0,1,8,1,53,0" doraHai="39" doraHaiUra="1" who="3" fromWho="3" sc="346,-14,101,-14,378,-27,165,65" /><INIT seed="7,0,0,4,1,103" ten="332,87,351,230" oya="3" hai0="26,56,135,54,126,98,4,20,102,35,34,42,33" hai1="52,44,55,83,70,1,5,105,124,73,59,62,106" hai2="12,81,117,7,88,18,71,116,21,93,134,99,132" hai3="63,19,95,84,65,57,79,112,30,8,10,49,29"/><W11/><G112/><T76/><D42/><U64/><E124/><V115/><F71/><W53/><G19/><T69/><D69/><U74/><E1/><V118/><F115/><W14/><G14/><T13/><D126/><U80/><E5/><V68/><F68/><W15/><G15/><T39/><D39/><U27/><E27/><V77/><REACH who="2" step="1"/><F7/><REACH who="2" ten="332,87,341,230" step="2"/><W113/><G113/><T38/><D135/><U111/><E111/><V108/><F108/><W82/><REACH who="3" step="1"/><G95/><REACH who="3" ten="332,87,341,220" step="2"/><T90/><D4/><U67/><E70/><AGARI ba="0,2" hai="8,10,11,29,30,49,53,57,63,65,70,79,82,84" machi="70" ten="40,3900,0" yaku="1,1,2,1,53,0" doraHai="103" doraHaiUra="101" who="3" fromWho="1" sc="332,0,87,-39,341,0,220,59" /><INIT seed="7,1,0,0,5,14" ten="332,48,341,279" oya="3" hai0="18,54,50,40,114,102,98,19,11,5,120,53,122" hai1="107,106,89,9,132,121,92,68,34,91,20,58,105" hai2="42,0,22,6,101,72,76,59,124,41,83,63,31" hai3="113,10,133,117,47,97,79,55,52,33,56,127,25"/><W103/><G117/><T1/><D114/><U39/><E68/><V30/><F124/><W8/><G127/><T93/><D40/><U100/><E34/><V131/><F131/><W16/><G113/><T130/><D130/><U108/><E121/><V15/><F0/><W48/><G133/><T26/><D54/><U129/><E129/><V95/><F6/><W125/><G79/><T21/><D19/><U71/><E71/><V69/><F69/><W82/><G82/><T134/><D134/><U88/><E39/><V90/><F101/><W12/><G125/><T4/><D4/><U7/><E132/><V45/><F15/><W74/><G74/><T29/><D29/><U38/><E38/><V36/><F22/><N who="3" m="13511" /><G33/><T81/><D81/><U128/><E128/><V37/><F42/><W115/><G115/><T104/><D104/><U3/><E108/><V126/><F37/><W86/><G86/><T43/><D43/><U23/><REACH who="1" step="1"/><E58/><AGARI ba="1,0" hai="1,5,11,18,21,26,50,53,58,93,98,102,120,122" machi="58" ten="30,2000,0" yaku="7,1,52,1" doraHai="14" who="0" fromWho="1" sc="332,23,48,-23,341,0,279,0" owari="355,45.0,25,-47.0,341,14.0,279,-12.0" /></mjloggm>