<mjloggm ver="2.3"><GO type="41"/><UN n0="%E9%9B%BB%E6%B0%97%E7%8A%AC%28%27%CF%89%27%29" n1="%EF%BC%88%E2%89%A7%E2%96%BD%E2%89%A6%EF%BC%89" n2="%73%61%6E%64%75%61%6E" n3="%E3%81%91%E3%82%93%31%39%37%30" dan="15,15,15,15" rate="1981,2014,1961,1975" sx="M,M,M,M"/><TAIKYOKU oya="0"/><INIT seed="0,0,0,1,5,127" ten="250,250,250,250" oya="0" hai0="95,24,64,42,47,105,43,116,13,69,123,80,72" hai1="124,53,19,100,52,106,118,120,25,10,119,78,115" hai2="97,110,79,11,23,55,31,57,104,44,94,3,135" hai3="12,33,131,5,93,102,90,15,14,114,76,36,99"/><T86/><D116/><U7/><E124/><V125/><F125/><W129/><G114/><T28/><D123/><U81/><E120/><V82/><F104/><W83/><G36/><T48/><D105/><U71/><E71/><V98/><F135/><W17/><G33/><T134/><D134/><U6/><E115/><V108/><F44/><W92/><G5/><T34/><D13/><U87/><E119/><V67/><F67/><W85/><REACH who="3" step="1"/><G17/><REACH who="3" ten="250,250,250,240" step="2"/><T26/><D34/><U84/><E118/><V111/><F3/><W45/><G45/><T126/><D126/><U9/><E6/><V22/><F11/><W40/><G40/><T1/><D42/><U29/><E9/><V21/><F31/><W30/><G30/><T39/><D28/><U49/><E19/><V4/><F4/><W58/><G58/><T77/><D43/><U46/><E10/><V35/><F35/><W61/><G61/><T132/><D47/><U117/><E7/><V0/><F0/><W107/><G107/><T65/><D1/><U122/><E117/><V75/><F94/><W41/><G41/><T50/><D95/><U91/><E122/><V73/><REACH who="2" step="1"/><F73/><AGARI ba="0,1" hai="12,14,15,73,76,83,85,90,92,93,99,102,129,131" machi="73" ten="40,5200,0" yaku="1,1,52,2,53,0" doraHai="127" doraHaiUra="130" who="3" fromWho="2" sc="250,0,250,0,250,-52,240,62" /><INIT seed="1,0,0,4,4,60" ten="250,250,198,302" oya="1" hai0="10,17,22,53,112,105,81,103,70,75,127,23,62" hai1="65,59,128,56,14,55,19,122,15,124,100,107,52" hai2="0,68,4,48,73,30,113,134,92,97,117,85,93" hai3="99,2,121,109,79,37,120,118,77,16,31,110,131"/><U129/><E122/><V91/><F117/><W108/><G37/><T101/><D112/><U54/><E124/><V102/><F113/><W80/><G31/><T39/><D39/><U133/><E133/><V36/><F134/><W41/><G41/><T130/><D127/><U49/><E55/><V9/><F36/><W63/><G2/><T111/><D111/><U24/><E24/><V135/><F135/><W25/><G118/><T5/><D130/><N who="1" m="50283" /><E19/><V88/><F73/><W72/><G79/><T57/><D70/><U84/><E84/><V32/><F48/><W96/><G131/><T61/><D61/><N who="1" m="38079" /><E54/><V69/><F32/><W64/><G96/><AGARI ba="0,0" hai="14,15,49,52,56,96,100,107" m="38079,50283" machi="96" ten="30,5800,0" yaku="19,1,52,1,54,1" doraHai="60" who="1" fromWho="3" sc="250,0,250,58,198,0,302,-58" /><INIT seed="1,1,0,0,0,66" ten="250,308,198,244" oya="1" hai0="41,96,30,39,59,20,131,0,25,12,19,36,87" hai1="60,29,40,63,135,31,56,2,119,134,68,77,84" hai2="45,22,114,117,92,3,105,72,86,43,108,102,53" hai3="97,51,78,48,4,23,126,67,132,130,54,73,109"/><U7/><E119/><V103/><F117/><W15/><G73/><T118/><D118/><U101/><E101/><V128/><F72/><W81/><G126/><T94/><D131/><U42/><E2/><V6/><F128/><W44/><G130/><T32/><D41/><N who="1" m="15979" /><E7/><V11/><F108/><W57/><G109/><T33/><D33/><U111/><E111/><V95/><F114/><W34/><G34/><T122/><D122/><U112/><E112/><V24/><F53/><W83/><G132/><N who="1" m="50730" /><E77/><V28/><F86/><W123/><G123/><T8/><D87/><U133/><E84/><V88/><F105/><W127/><G97/><T61/><D0/><U74/><E74/><V69/><F69/><W50/><G4/><T116/><D116/><U99/><E99/><V62/><F62/><N who="1" m="23593" /><E133/><V113/><F113/><W16/><G78/><T85/><D85/><U89/><E89/><V107/><F107/><W80/><G80/><T49/><D32/><U90/><E90/><V76/><F76/><W9/><G83/><T75/><D75/><U129/><E129/><V115/><F115/><W79/><G81/><T17/><D96/><U125/><E125/><V47/><F95/><W121/><G127/><T98/><D94/><U104/><E104/><V93/><F93/><W26/><G79/><T1/><D98/><U52/><E68/><V37/><F88/><W106/><G106/><T120/><D120/><U124/><E124/><V13/><F92/><W10/><G121/><T91/><D91/><U5/><E5/><V70/><F70/><W14/><G10/><T100/><D8/><RYUUKYOKU ba="1,0" sc="250,-10,308,30,198,-10,244,-10" hai1="29,31,52,56" /><INIT seed="1,2,0,1,1,74" ten="240,338,188,234" oya="1" hai0="49,67,89,85,104,76,99,127,59,28,106,117,87" hai1="126,12,124,88,68,115,90,64,128,129,58,29,31" hai2="125,69,71,55,63,56,35,73,79,40,54,123,96" hai3="27,91,101,131,43,108,36,103,62,0,16,110,77"/><U111/><E115/><V26/><F123/><W95/><G0/><T20/><D117/><U11/><E68/><V97/><F125/><N who="1" m="48233" /><E111/><V130/><F130/><N who="1" m="50281" /><E64/><V135/><F135/><W100/><G131/><T42/><D127/><U52/><E29/><V23/><F40/><W80/><G62/><T46/><D67/><U114/><E31/><V51/><F35/><W121/><G43/><T70/><D59/><U39/><E39/><V17/><F71/><W2/><G2/><T18/><D28/><U112/><E112/><V47/><F69/><W15/><G27/><T98/><D70/><U44/><E44/><V37/><F37/><W41/><G41/><T30/><D30/><U107/><E107/><V93/><F93/><W113/><G36/><T1/><D1/><U53/><E114/><V134/><F134/><W132/><G132/><T60/><D106/><U50/><E53/><V133/><F133/><W9/><G113/><T24/><D104/><U118/><E118/><V4/><F4/><AGARI ba="2,0" hai="4,11,12,50,52,58,88,90" m="50281,48233" machi="4" ten="30,11600,0" yaku="18,1,19,1,54,2" doraHai="74" who="1" fromWho="2" sc="240,0,338,122,188,-122,234,0" /><INIT seed="1,3,0,2,5,98" ten="240,460,66,234" oya="1" hai0="125,41,0,86,73,42,108,104,112,61,5,60,1" hai1="71,99,9,58,84,14,80,82,65,101,23,133,72" hai2="79,115,19,78,75,40,22,91,105,47,94,63,128" hai3="59,97,20,124,30,48,36,102,89,2,37,10,113"/><U103/><E71/><V32/><F32/><W57/><G113/><T46/><D112/><U45/><E133/><V77/><F115/><W55/><G124/><T25/><D108/><U121/><E121/><V120/><F120/><W88/><G37/><T68/><D104/><U129/><E129/><V74/><F128/><W24/><G36/><T106/><D106/><U16/><E72/><V119/><F105/><W11/><G2/><T56/><D73/><U114/><E114/><V54/><F119/><W26/><G26/><T83/><D0/><U93/><E45/><V126/><F126/><W31/><G59/><T67/><D25/><N who="1" m="14567" /><E103/><V52/><F75/><W87/><G31/><T38/><D125/><U135/><E135/><V70/><F74/><W96/><G96/><T13/><D1/><U69/><E69/><V29/><F29/><W122/><G122/><T90/><D46/><U132/><E132/><V51/><F63/><W118/><G118/><T130/><D38/><U34/><E34/><V92/><F70/><W35/><G35/><T28/><D130/><U66/><E58/><V12/><F94/><N who="3" m="58679" /><G89/><T4/><D28/><U3/><E3/><V21/><REACH who="2" step="1"/><F22/><REACH who="2" ten="240,460,56,234" step="2"/><W109/><G109/><T131/><D68/><U76/><E80/><AGARI ba="3,1" hai="10,11,20,24,30,48,55,57,80,87,88" m="58679" machi="80" ten="30,3900,0" yaku="8,1,52,1,54,1" doraHai="98" who="3" fromWho="1" sc="240,0,460,-48,56,0,234,58" /><INIT seed="2,0,0,2,2,31" ten="240,412,56,292" oya="2" hai0="124,62,125,45,52,24,81,115,29,87,86,93,71" hai1="33,26,55,134,105,84,32,116,112,36,58,82,47" hai2="74,66,4,20,57,117,72,28,113,111,90,123,30" hai3="41,104,63,68,89,100,94,77,70,135,122,88,130"/><V22/><F113/><W110/><G122/><T56/><D115/><U109/><E112/><V99/><F123/><W132/><G41/><T96/><D71/><U120/><E120/><V9/><F117/><W102/><G63/><T37/><D37/><U64/><E105/><V92/><F111/><W133/><G104/><T69/><D69/><U118/><E109/><V19/><F74/><W3/><G3/><T44/><D87/><U10/><E134/><V21/><F72/><W97/><G110/><T7/><D7/><U27/><E64/><V128/><F19/><W15/><G15/><T0/><D0/><U78/><E10/><V79/><F79/><W95/><G77/><T83/><D83/><U53/><E36/><V25/><F128/><W42/><G42/><T121/><D121/><U49/><E26/><V91/><F91/><W40/><G40/><T65/><D65/><U1/><E1/><V51/><F30/><W114/><G114/><T61/><D61/><U54/><E27/><V59/><F66/><W2/><G2/><T101/><D24/><U103/><E103/><N who="3" m="39466" /><G70/><T126/><REACH who="0" step="1"/><D29/><REACH who="0" ten="230,412,56,292" step="2"/><U108/><E108/><V46/><F4/><W18/><G68/><T13/><D13/><U12/><E12/><V23/><REACH who="2" step="1"/><F9/><REACH who="2" ten="230,412,46,292" step="2"/><W85/><G18/><T75/><D75/><N who="1" m="43359" /><E118/><V98/><F98/><W35/><G130/><T11/><D11/><U106/><E116/><V50/><F50/><W67/><G67/><T43/><D43/><AGARI ba="0,2" hai="20,21,22,23,25,28,43,46,51,57,59,90,92,99" machi="43" ten="40,3900,0" yaku="1,1,8,1,53,0" doraHai="31" doraHaiUra="131" who="2" fromWho="0" sc="230,-39,412,0,46,59,292,0" /><INIT seed="2,1,0,5,3,64" ten="191,412,105,292" oya="2" hai0="112,62,84,60,45,61,130,5,99,51,118,3,33" hai1="80,122,32,43,24,49,81,131,15,100,74,23,19" hai2="1,89,10,111,40,125,6,4,53,121,56,83,22" hai3="55,70,135,128,115,14,126,79,52,38,58,63,113"/><V13/><F121/><W67/><G79/><T69/><D112/><U110/><E122/><V65/><F125/><W85/><G85/><T2/><D33/><U46/><E131/><V132/><F132/><W59/><G14/><T117/><D130/><U7/><E110/><V109/><F40/><W16/><G128/><T54/><D5/><U104/><E74/><V27/><F65/><W129/><G129/><T77/><D99/><U72/><E72/><V0/><F83/><W90/><G90/><T39/><D39/><U26/><E32/><V31/><F89/><W108/><G16/><T120/><D120/><U93/><E104/><V96/><F96/><W9/><G9/><T134/><D134/><U116/><E116/><N who="0" m="44649" /><D69/><U30/><E7/><V8/><REACH who="2" step="1"/><F13/><REACH who="2" ten="191,412,95,292" step="2"/><W82/><G82/><AGARI ba="1,1" hai="2,3,45,51,54,60,61,62,77,82,84" m="44649" machi="82" ten="30,1000,0" yaku="12,1" doraHai="64" who="0" fromWho="3" sc="191,23,412,0,95,0,292,-13" /><INIT seed="3,0,0,5,4,34" ten="214,412,95,279" oya="3" hai0="54,15,132,112,72,57,125,100,55,16,5,73,110" hai1="33,117,68,26,12,11,64,88,127,2,38,39,91" hai2="49,129,108,7,93,99,6,47,21,67,75,122,121" hai3="123,81,84,3,135,83,53,52,41,45,37,94,106"/><W9/><G106/><T105/><D110/><U102/><E117/><V131/><F108/><W65/><G123/><N who="2" m="47113" /><F67/><W97/><G65/><T85/><D125/><U101/><E127/><V134/><F21/><W59/><G135/><T109/><D109/><U90/><E68/><V13/><F75/><W17/><G53/><T95/><D132/><U78/><E78/><V62/><F62/><W120/><G120/><T89/><D112/><U114/><E114/><V119/><F119/><W118/><G118/><T104/><D73/><U56/><E39/><V133/><F134/><W111/><G111/><T70/><D70/><U116/><E38/><V128/><F13/><W61/><G17/><T40/><D104/><U86/><E116/><V25/><F25/><W8/><G83/><T74/><D16/><N who="1" m="8223" /><E33/><V58/><F58/><W29/><G29/><T14/><D105/><U63/><E26/><V32/><F32/><W66/><G66/><T4/><D74/><U79/><E2/><V43/><F133/><W46/><G3/><T42/><D72/><U126/><E126/><V23/><F23/><W103/><REACH who="3" step="1"/><G46/><REACH who="3" ten="214,412,95,269" step="2"/><T30/><D30/><U36/><E64/><V107/><F107/><W71/><G71/><T92/><D100/><AGARI ba="0,1" hai="6,7,43,47,49,93,99,100,128,129,131" m="47113" machi="100" ten="40,2600,0" yaku="19,1,13,1" doraHai="34" who="2" fromWho="0" sc="214,-26,412,0,95,36,269,0" /><INIT seed="4,0,0,4,2,36" ten="188,412,131,269" oya="0" hai0="16,131,116,18,53,35,23,117,58,104,43,6,130" hai1="0,22,97,81,89,96,69,61,20,19,85,21,99" hai2="73,50,2,92,1,112,51,75,82,34,102,115,133" hai3="77,52,121,108,86,27,63,109,128,31,49,119,47"/><T120/><D120/><U78/><E0/><N who="2" m="107" /><F34/><W129/><G121/><T93/><D104/><U72/><E69/><V45/><F133/><W71/><G77/><T107/><D107/><U118/><E118/><V76/><F102/><W30/><G86/><T101/><D35/><U33/><E33/><V66/><F66/><N who="3" m="41439" /><G27/><T70/><D70/><U103/><E61/><V132/><F132/><W98/><G98/><N who="0" m="59599" /><D6/><U29/><E29/><V94/><F45/><W44/><G31/><T135/><D135/><U15/><REACH who="1" step="1"/><E103/><REACH who="1" ten="188,402,131,269" step="2"/><V79/><F79/><W13/><G30/><T91/><D117/><U67/><E67/><V46/><F76/><W110/><G119/><T134/><D116/><U42/><E42/><V41/><F51/><N who="3" m="28775" /><G13/><T26/><D134/><U111/><E111/><V88/><F75/><W48/><G48/><T8/><D91/><U126/><E126/><V25/><F73/><W87/><G87/><T54/><D54/><AGARI ba="0,1" hai="47,49,54,108,109,110,128,129" m="28775,41439" machi="54" ten="30,3900,0" yaku="34,2,54,1" doraHai="36" who="3" fromWho="0" sc="188,-39,402,0,131,0,269,49" /><INIT seed="5,0,0,5,0,94" ten="149,402,131,318" oya="1" hai0="96,120,42,70,64,84,55,72,78,35,117,89,97" hai1="7,118,132,53,71,73,21,49,61,104,74,11,80" hai2="90,46,18,43,92,60,69,134,79,6,31,114,103" hai3="0,1,39,75,128,108,76,62,109,87,107,17,100"/><U47/><E118/><V57/><F134/><W28/><G17/><T25/><D117/><U101/><E132/><V121/><F121/><W125/><G87/><T135/><D135/><U123/><E123/><V111/><F111/><W83/><G28/><T59/><D42/><U66/><E21/><V65/><F114/><W86/><G86/><T12/><D120/><U32/><E32/><V126/><F126/><W45/><G125/><T50/><D12/><U41/><E80/><V38/><F31/><W99/><G62/><T127/><D127/><U30/><E30/><V37/><F79/><W93/><G93/><T131/><D131/><U119/><E119/><V91/><F38/><W106/><G106/><T34/><D78/><U113/><E113/><V67/><F6/><W5/><G128/><T51/><D72/><U105/><E105/><V10/><F67/><W82/><G82/><T29/><D35/><U9/><E9/><V13/><REACH who="2" step="1"/><F69/><REACH who="2" ten="149,402,121,318" step="2"/><W124/><G124/><T44/><D70/><U54/><E71/><V129/><F129/><W48/><G39/><T19/><D64/><U122/><E66/><V95/><F95/><W24/><G5/><T102/><D19/><U115/><E7/><V26/><F26/><W81/><G24/><T23/><D34/><U3/><E122/><V110/><F110/><W63/><G76/><T88/><D102/><U33/><E101/><V20/><F20/><W116/><G116/><T14/><D14/><U8/><E104/><V133/><F133/><W56/><G100/><T16/><D29/><U22/><E22/><V36/><F36/><RYUUKYOKU ba="0,1" sc="149,-10,402,-10,121,30,318,-10" hai2="10,13,18,37,43,46,57,60,65,90,91,92,103" /><INIT seed="6,1,1,0,2,25" ten="139,392,151,308" oya="2" hai0="15,134,27,97,109,73,120,62,24,29,104,100,121" hai1="75,94,28,115,60,34,70,88,44,35,57,52,96" hai2="110,129,8,82,107,81,86,30,19,38,12,76,83" hai3="101,0,80,108,78,36,116,61,64,5,125,69,51"/><V131/><F38/><W84/><G108/><T66/><D73/><U37/><E115/><V87/><F107/><W68/><G116/><T48/><D109/><U39/><E75/><V118/><F118/><W65/><G101/><T85/><D134/><U45/><E70/><V106/><F106/><W22/><G125/><T53/><D85/><U46/><REACH who="1" step="1"/><E35/><REACH who="1" ten="139,382,151,308" step="2"/><V72/><F110/><W102/><G69/><T77/><D121/><U90/><E90/><V111/><F111/><W130/><G68/><T14/><D120/><U135/><E135/><V79/><F30/><W21/><G78/><AGARI ba="1,2" hai="8,12,19,72,76,78,79,81,82,83,86,87,129,131" machi="78" ten="40,2000,0" yaku="9,1" doraHai="25" who="2" fromWho="3" sc="139,0,382,0,151,43,308,-23" /><INIT seed="6,2,0,0,0,129" ten="139,382,194,285" oya="2" hai0="125,12,102,44,107,11,30,48,99,46,116,100,22" hai1="55,108,27,58,76,131,83,26,6,4,101,114,94" hai2="103,93,2,96,57,5,81,128,40,14,60,56,70" hai3="72,62,33,98,35,50,0,77,1,120,41,121,17"/><V105/><F128/><W52/><G72/><T119/><D125/><U36/><E36/><V91/><F2/><W97/><G77/><T68/><D68/><U19/><E131/><V63/><F40/><W65/><G41/><T47/><D102/><U9/><E108/><V104/><F104/><W64/><G50/><T115/><D115/><U110/><E110/><V80/><F70/><W13/><G13/><T95/><D48/><U31/><E114/><V87/><F63/><W117/><G62/><T39/><D39/><U84/><E19/><V130/><F130/><W86/><G86/><T89/><D22/><N who="1" m="15831" /><E9/><N who="2" m="4399" /><F105/><W118/><G17/><T113/><D30/><U38/><E38/><V59/><F80/><W78/><G78/><T23/><D113/><U74/><E74/><V133/><F133/><W45/><G45/><T34/><D34/><U112/><E27/><V75/><F75/><W53/><AGARI ba="2,0" hai="0,1,33,35,52,53,64,65,97,98,117,118,120,121" machi="53" ten="25,6400,0" yaku="0,1,22,2,54,1" doraHai="129" who="3" fromWho="3" sc="139,-18,382,-18,194,-34,285,70" /><INIT seed="7,0,0,2,4,11" ten="121,364,160,355" oya="3" hai0="120,43,34,39,23,74,60,108,97,122,51,113,116" hai1="0,112,12,64,75,111,53,90,21,45,62,68,20" hai2="30,118,71,76,87,73,32,81,132,123,57,79,54" hai3="58,29,38,47,69,42,119,59,84,133,131,50,37"/><W93/><G119/><T22/><D108/><U65/><E0/><V100/><F71/><W10/><G29/><T117/><D34/><U78/><E111/><V66/><F118/><W28/><G28/><T41/><D97/><U124/><E112/><V130/><F66/><N who="1" m="25705" /><E68/><V70/><F70/><W48/><G69/><T55/><D113/><U18/><E124/><V128/><F100/><W85/><G131/><N who="2" m="50217" /><F73/><W88/><G133/><T99/><D74/><U134/><E75/><V40/><F40/><W61/><G59/><T105/><D99/><U15/><E78/><N who="2" m="46519" /><F132/><W35/><G35/><T129/><D105/><U26/><E134/><V92/><F92/><W114/><G114/><T8/><D129/><U107/><E107/><V33/><F123/><W7/><G85/><T1/><D1/><U126/><E126/><V77/><F30/><W121/><G38/><T4/><D117/><U110/><E110/><V94/><F94/><W31/><G31/><T96/><D39/><U98/><E53/><V25/><F25/><W49/><G37/><T24/><D116/><U102/><E102/><V80/><F80/><W3/><G121/><T89/><D120/><U95/><E95/><V86/><F86/><W46/><G46/><T104/><D122/><U127/><E127/><V125/><F125/><W5/><G5/><T91/><D4/><U63/><E98/><V106/><F106/><W135/><G135/><T36/><D104/><U16/><E45/><V17/><F17/><N who="1" m="6761" /><E26/><V13/><F33/><W56/><G56/><T19/><D24/><U109/><E109/><V52/><F32/><RYUUKYOKU ba="0,0" sc="121,-10,364,-10,160,-10,355,30" hai3="3,7,10,42,47,48,49,50,58,61,84,88,93" /><INIT seed="7,1,0,4,0,68" ten="111,354,150,385" oya="3" hai0="64,2,95,122,131,21,83,20,18,46,57,30,66" hai1="70,100,53,127,16,31,104,65,36,11,134,25,12" hai2="124,121,50,80,35,60,123,48,73,38,69,97,74" hai3="32,29,113,111,51,78,10,114,17,106,71,96,45"/><W92/><G106/><T89/><D2/><U43/><E127/><V115/><F124/><W135/><G71/><T130/><D122/><N who="2" m="46602" /><F38/><W110/><G78/><T33/><D83/><U52/><E134/><V55/><F35/><W101/><G135/><T126/><D126/><U6/><E6/><V44/><F115/><N who="3" m="44043" /><G29/><T79/><D79/><U87/><E87/><V27/><F27/><W98/><G32/><T82/><D82/><U86/><E86/><V23/><F23/><W42/><G98/><T102/><D102/><U125/><E125/><V128/><F128/><W0/><G17/><T40/><D33/><N who="1" m="20719" /><E43/><N who="2" m="24607" /><F97/><W19/><G19/><T54/><D131/><U9/><E9/><V116/><F116/><W85/><G85/><T41/><D130/><U39/><E36/><V103/><F103/><W90/><G101/><T77/><D77/><U81/><E81/><V108/><F108/><W24/><G24/><T107/><D107/><U37/><E37/><V133/><F133/><W56/><G56/><T26/><D40/><U120/><E39/><V4/><F4/><AGARI ba="1,0" hai="0,4,10,42,45,51,90,92,96,110,111" m="44043" machi="4" ten="30,1500,0" yaku="15,1" doraHai="68" who="3" fromWho="2" sc="111,0,354,0,150,-18,385,18" owari="111,-39.0,354,15.0,132,-27.0,403,51.0" /></mjloggm>