<mjloggm ver="2.3"><GO type="41"/><UN n0="%EF%BC%88%E2%89%A7%E2%96%BD%E2%89%A6%EF%BC%89" n1="%6B%61%33%6B%61%33%38%39" n2="%63%61%74%74%61%6B%69%64" n3="%E8%93%AE%E4%B9%9F" dan="14,15,14,15" rate="2038,1950,1958,1966" sx="M,M,M,M"/><TAIKYOKU oya="0"/><INIT seed="0,0,0,5,0,58" ten="250,250,250,250" oya="0" hai0="98,10,55,8,66,32,6,50,120,46,103,69,25" hai1="63,76,95,101,128,88,26,21,84,135,121,92,99" hai2="89,113,70,4,3,2,47,36,52,127,29,49,90" hai3="18,42,111,9,117,102,19,85,124,123,80,109,5"/><T38/><D120/><U28/><E121/><V108/><F113/><W100/><G123/><T97/><D38/><U129/><E135/><V62/><F29/><W33/><G33/><T131/><D131/><U48/><E76/><V40/><F127/><W56/><G117/><T74/><D74/><U77/><E77/><V0/><F4/><W27/><G124/><T41/><D41/><U43/><E43/><V16/><F108/><W114/><G114/><T20/><D32/><U35/><E35/><V87/><F87/><W106/><G42/><T94/><D98/><U134/><E134/><V67/><REACH who="2" step="1"/><F16/><REACH who="2" step="2"/><W91/><G19/><T112/><D112/><U126/><E126/><V24/><F24/><W79/><G18/><T71/><D8/><U7/><E7/><V73/><F73/><W78/><G27/><T118/><D118/><U51/><E128/><V68/><F68/><W82/><G111/><T45/><D10/><U130/><E129/><V72/><F72/><W115/><G109/><T14/><D6/><U37/><E130/><V61/><F61/><W64/><G115/><T132/><D69/><U60/><E37/><V59/><AGARI ba="0,1" hai="0,2,3,36,40,47,49,52,59,62,67,70,89,90" machi="59" ten="30,12000,2" yaku="1,1,0,1,24,2,52,1,54,1,53,0" doraHai="58" doraHaiUra="11" who="2" fromWho="2" sc="250,-60,250,-30,240,130,250,-30" /><INIT seed="1,0,0,2,5,0" ten="190,220,370,220" oya="1" hai0="89,131,106,69,126,7,84,128,82,127,119,43,12" hai1="8,29,26,31,57,70,28,90,61,109,22,24,98" hai2="65,74,88,68,64,73,110,36,93,95,11,117,49" hai3="75,71,118,108,102,130,41,63,52,16,54,18,112"/><U30/><E70/><V132/><F36/><W81/><G112/><T21/><D69/><U2/><E109/><V97/><F117/><W17/><G118/><T125/><D119/><U80/><E8/><V94/><F132/><W13/><G108/><T113/><D113/><U99/><E2/><V55/><F110/><W122/><G122/><T6/><D106/><U19/><N who="1" m="7680" /><DORA hai="135" /><U33/><E33/><V34/><F34/><W72/><G130/><N who="0" m="49707" /><D43/><U40/><E40/><V92/><F68/><W35/><G35/><T104/><D104/><U51/><E51/><V103/><F74/><W1/><G1/><T120/><D120/><U107/><E107/><V59/><F73/><W20/><G102/><T10/><D21/><U50/><E50/><V32/><F32/><W48/><G71/><T23/><D23/><U124/><E80/><V134/><F134/><W39/><G39/><T76/><D6/><U87/><E26/><V101/><F11/><W15/><G41/><T79/><AGARI ba="0,0" hai="7,10,12,76,79,82,84,89,125,126,127" m="49707" machi="79" ten="40,12000,2" yaku="18,1,19,1,52,4" doraHai="0,135" who="0" fromWho="0" sc="190,120,220,-60,370,-30,220,-30" /><INIT seed="2,0,0,0,3,63" ten="310,160,340,190" oya="2" hai0="71,66,25,67,80,12,117,119,30,27,114,89,57" hai1="28,26,11,85,14,104,41,56,61,123,118,108,78" hai2="51,83,44,52,112,95,23,37,130,24,92,86,132" hai3="32,9,13,0,98,4,102,103,107,5,8,72,122"/><V87/><F112/><W33/><G122/><T2/><D2/><U99/><E123/><V3/><F3/><W93/><G72/><T42/><D114/><U45/><E118/><N who="0" m="45065" /><D42/><U69/><E108/><V73/><F37/><W38/><G38/><T1/><D1/><U60/><E69/><V36/><F36/><W55/><G103/><T109/><D109/><U29/><E99/><V20/><F130/><W58/><REACH who="3" step="1"/><G107/><REACH who="3" step="2"/><T74/><D74/><U79/><E104/><V126/><F73/><W64/><G64/><N who="0" m="24619" /><D71/><U34/><E85/><V75/><F87/><W10/><G10/><T76/><D76/><U22/><E78/><V134/><F75/><W88/><G88/><T15/><D57/><U129/><E79/><V113/><F113/><W48/><AGARI ba="0,1" hai="0,4,5,8,9,13,32,33,48,55,58,93,98,102" machi="48" ten="20,2700,0" yaku="1,1,0,1,7,1,53,0" doraHai="63" doraHaiUra="128" who="3" fromWho="3" sc="310,-7,160,-7,340,-13,180,37" /><INIT seed="3,0,0,5,5,32" ten="303,153,327,217" oya="3" hai0="46,110,98,24,102,52,112,80,35,85,30,108,65" hai1="72,107,109,84,58,91,69,113,49,114,0,12,127" hai2="103,106,14,76,38,99,115,68,89,41,51,1,104" hai3="70,21,73,40,45,11,48,4,7,62,2,64,130"/><W13/><G73/><T6/><D112/><U50/><E72/><V53/><F115/><W22/><G130/><T29/><D65/><U18/><E107/><V20/><F68/><W25/><G25/><T43/><D6/><U134/><E69/><V23/><F76/><W101/><G101/><T117/><D117/><U95/><E109/><N who="0" m="42089" /><D30/><U82/><E127/><V44/><F106/><W120/><G120/><T15/><D15/><U28/><E28/><V122/><F122/><W10/><AGARI ba="0,0" hai="2,4,7,10,11,13,21,22,40,45,48,62,64,70" machi="10" ten="30,3000,0" yaku="0,1,52,1" doraHai="32" who="3" fromWho="3" sc="303,-10,153,-10,327,-10,217,30" /><INIT seed="3,1,0,0,1,60" ten="293,143,317,247" oya="3" hai0="10,39,40,42,114,38,124,8,41,68,110,0,70" hai1="127,2,17,99,76,105,104,88,78,44,123,121,65" hai2="116,12,117,45,82,19,132,26,94,20,16,55,129" hai3="113,107,6,72,90,80,46,101,120,59,128,91,9"/><W35/><G35/><T122/><D122/><U33/><E33/><V89/><F82/><W28/><G28/><T134/><D124/><U18/><E44/><V102/><F102/><W56/><G120/><T23/><D0/><U52/><E2/><V92/><F132/><W64/><G113/><T14/><D114/><U7/><E7/><V106/><F106/><W135/><G128/><T51/><D134/><U1/><E1/><V22/><F129/><W37/><G135/><T87/><D110/><U111/><E111/><V36/><F94/><W27/><G27/><T67/><D51/><U11/><E11/><N who="0" m="4137" /><D87/><U71/><E127/><V4/><F4/><W96/><G37/><N who="0" m="13835" /><D23/><U31/><E31/><V77/><F77/><W133/><G133/><T115/><D14/><U32/><E32/><V109/><F109/><W25/><G25/><T81/><D81/><U98/><E71/><N who="0" m="27177" /><D115/><U24/><E24/><V47/><F47/><W5/><G46/><T86/><D86/><U125/><E125/><V49/><F36/><W108/><G108/><T13/><D13/><U119/><E119/><V3/><REACH who="2" step="1"/><F3/><REACH who="2" step="2"/><W73/><G5/><T85/><D85/><AGARI ba="1,1" hai="12,16,19,20,22,26,45,49,55,85,89,92,116,117" machi="85" ten="30,7700,0" yaku="1,1,2,1,7,1,54,1,53,0" doraHai="60" doraHaiUra="126" who="2" fromWho="0" sc="293,-80,143,0,307,90,247,0" /><INIT seed="4,0,0,2,1,100" ten="213,143,397,247" oya="0" hai0="73,98,87,17,65,36,134,47,104,106,119,102,50" hai1="14,130,116,64,105,26,56,1,135,81,112,129,58" hai2="6,7,42,88,57,78,74,40,125,30,46,3,132" hai3="131,122,29,34,9,62,55,109,37,39,75,52,127"/><T49/><D73/><U120/><E1/><V72/><F30/><W25/><G75/><T123/><D119/><U8/><E116/><V126/><F57/><W111/><G122/><T67/><D123/><U97/><E120/><V107/><F107/><W27/><G131/><N who="1" m="50186" /><E26/><V108/><F108/><W2/><G127/><T19/><D134/><U16/><E135/><V21/><F21/><W133/><G133/><T94/><D36/><U15/><E112/><V118/><F132/><W80/><G80/><T32/><D32/><U86/><E97/><V20/><F20/><W85/><G85/><T53/><D49/><U13/><E105/><V10/><F118/><W33/><G62/><T114/><D114/><U24/><E24/><V91/><F46/><W101/><G101/><T18/><REACH who="0" step="1"/><D106/><REACH who="0" step="2"/><U60/><E58/><V70/><F74/><W43/><G109/><T0/><D0/><U59/><E59/><V77/><F72/><W23/><G111/><T31/><D31/><U48/><E48/><V117/><F3/><W124/><G124/><T79/><D79/><AGARI ba="0,1" hai="8,13,14,15,16,56,60,64,79,81,86" m="50186" machi="79" ten="30,2000,0" yaku="19,1,54,1" doraHai="100" who="1" fromWho="0" sc="203,-20,143,30,397,0,247,0" /><INIT seed="5,0,0,1,2,101" ten="183,173,397,247" oya="1" hai0="39,52,116,45,90,26,48,110,8,40,135,18,134" hai1="16,3,54,9,109,29,38,127,119,98,17,87,10" hai2="105,2,108,66,103,49,75,89,19,63,33,88,97" hai3="120,84,77,31,129,128,24,131,20,34,60,12,62"/><U122/><E119/><V74/><F2/><W27/><G120/><T41/><D116/><U68/><E122/><V44/><F33/><W91/><G77/><T30/><D110/><U6/><E109/><V81/><F108/><W133/><G12/><N who="0" m="7431" /><D90/><U78/><E68/><V28/><F28/><W25/><G133/><N who="0" m="50699" /><D39/><U71/><E71/><V72/><F19/><W56/><G34/><AGARI ba="0,0" hai="26,30,34,40,41,45,48,52" m="50699,7431" machi="34" ten="30,2000,0" yaku="20,1,54,1" doraHai="101" who="0" fromWho="3" sc="183,20,173,0,397,0,247,-20" /><INIT seed="6,0,0,0,1,96" ten="203,173,397,227" oya="2" hai0="31,69,3,94,126,106,95,11,81,130,9,5,64" hai1="22,24,28,109,13,38,119,27,16,123,47,53,84" hai2="75,35,76,86,6,111,92,50,124,14,128,133,60" hai3="120,78,25,55,45,37,44,51,41,80,57,110,66"/><V83/><F35/><W88/><G120/><T72/><D106/><U62/><E109/><V17/><F111/><W85/><G110/><T12/><D130/><U23/><E119/><V26/><F128/><W107/><G107/><T121/><D121/><U70/><E123/><V68/><F6/><W71/><G25/><T59/><D69/><U100/><E100/><V2/><F2/><W118/><G118/><T93/><D126/><U129/><E129/><V65/><F124/><W63/><REACH who="3" step="1"/><G44/><REACH who="3" step="2"/><T1/><D3/><U48/><E70/><V125/><F125/><W108/><G108/><T87/><D1/><U102/><E38/><V73/><F26/><W90/><AGARI ba="0,1" hai="37,41,45,51,55,57,63,66,71,78,80,85,88,90" machi="90" ten="30,8000,1" yaku="1,1,0,1,24,2,54,1,53,0" doraHai="96" doraHaiUra="105" who="3" fromWho="3" sc="203,-20,173,-20,397,-40,217,90" /><INIT seed="7,0,0,5,0,80" ten="183,153,357,307" oya="3" hai0="38,121,54,93,123,119,83,51,90,127,46,96,62" hai1="65,61,4,72,18,98,50,31,57,110,102,13,76" hai2="113,59,34,78,16,27,63,45,126,125,135,10,39" hai3="106,107,36,17,86,115,69,53,73,111,66,19,28"/><W49/><G36/><T89/><D119/><U105/><E110/><V35/><F113/><W117/><G73/><T108/><D108/><U47/><E31/><V91/><F78/><W12/><G111/><T81/><D127/><N who="2" m="48650" /><F135/><W32/><G117/><T70/><D38/><U101/><E4/><V87/><F45/><W133/><G115/><T131/><D131/><U129/><E129/><V130/><F130/><W40/><G133/><T64/><D90/><U97/><E76/><V75/><F75/><W44/><G107/><T82/><AGARI ba="0,0" hai="46,51,54,62,64,70,81,82,83,89,93,96,121,123" machi="82" ten="30,1100,0" yaku="0,1" doraHai="80" who="0" fromWho="0" sc="183,11,153,-3,357,-3,307,-5" owari="194,-21.0,150,-35.0,354,46.0,302,10.0" /></mjloggm>