<mjloggm ver="2.3"><GO type="169"/><UN n0="%E3%81%94%E3%81%98%E3%82%83%E3%82%8B" n1="%E3%82%B3%E3%83%AD%E3%83%A9%E3%83%89" n2="%EF%BC%88%E2%89%A7%E2%96%BD%E2%89%A6%EF%BC%89" n3="%E3%81%B2%E3%81%BD%E3%81%8D%E3%82%88%E3%81%97" dan="16,16,18,17" rate="2138,2092,2184,2146" sx="M,M,M,M"/><TAIKYOKU oya="0"/><INIT seed="0,0,0,4,5,12" ten="250,250,250,250" oya="0" hai0="98,79,8,33,42,65,14,30,52,3,76,90,82" hai1="46,20,10,17,124,89,88,127,50,29,93,106,110" hai2="43,58,25,122,44,69,63,53,36,117,28,78,104" hai3="112,16,105,130,19,96,83,68,0,54,119,114,94"/><T81/><BYE who="2" /><D3/><U116/><E106/><V72/><F72/><W125/><G105/><T51/><D65/><U131/><E116/><V97/><F97/><W5/><G119/><T7/><D42/><U24/><E110/><V55/><F55/><W133/><G68/><T129/><D129/><U132/><E131/><V39/><F39/><W91/><G130/><T37/><D37/><U41/><E132/><V47/><F47/><W71/><G71/><T11/><D33/><U23/><E10/><V111/><F111/><W1/><G133/><T126/><D30/><U107/><E107/><V87/><F87/><W35/><G35/><T64/><D64/><U120/><E120/><V6/><F6/><W80/><G5/><T62/><D62/><U40/><E40/><V38/><F38/><W9/><G1/><UN n2="%EF%BC%88%E2%89%A7%E2%96%BD%E2%89%A6%EF%BC%89" /><T84/><D126/><N who="1" m="48171" /><E93/><V73/><F104/><W21/><G0/><T109/><D109/><U2/><E2/><V77/><F117/><W66/><G125/><T95/><D11/><U61/><E61/><N who="2" m="36047" /><F73/><W74/><G74/><T85/><D52/><U118/><E118/><V108/><F108/><W121/><G66/><T48/><AGARI ba="0,0" hai="7,8,14,48,51,76,79,81,82,84,85,90,95,98" machi="48" ten="30,6000,0" yaku="0,1,9,1,8,1" doraHai="12" who="0" fromWho="0" sc="250,60,250,-20,250,-20,250,-20" /><INIT seed="0,1,0,3,0,43" ten="310,230,230,230" oya="0" hai0="112,53,21,60,116,39,5,87,80,35,122,3,105" hai1="29,84,127,131,0,6,52,48,89,125,78,38,44" hai2="73,132,100,34,98,23,117,46,113,33,95,96,62" hai3="114,71,58,2,121,126,4,70,109,94,55,31,9"/><T130/><D35/><U41/><E131/><V15/><F73/><W102/><G109/><T129/><D112/><U45/><E78/><V97/><F113/><W50/><G126/><N who="1" m="48138" /><E29/><V11/><F117/><W24/><G114/><T74/><D116/><U88/><E84/><V67/><F132/><W1/><G1/><T37/><D74/><U90/><E6/><V104/><F23/><W25/><G121/><T75/><D75/><U81/><E81/><V54/><F97/><W64/><G64/><T40/><D105/><U59/><E0/><V51/><F62/><W91/><G102/><T22/><D122/><U13/><E13/><V27/><F67/><W26/><REACH who="3" step="1"/><G31/><REACH who="3" ten="310,230,230,220" step="2"/><T79/><D3/><U49/><E38/><V17/><REACH who="2" step="1"/><F27/><REACH who="2" ten="310,230,220,220" step="2"/><W110/><G110/><T83/><D130/><U123/><E123/><V56/><F56/><AGARI ba="1,2" hai="41,44,45,48,49,52,56,59,88,89,90" m="48138" machi="56" ten="30,8000,1" yaku="18,1,52,2,54,2" doraHai="43" who="1" fromWho="2" sc="310,0,230,103,220,-83,220,0" /><INIT seed="1,0,0,1,4,82" ten="310,333,137,220" oya="1" hai0="72,49,132,115,42,59,107,84,56,79,9,60,125" hai1="68,20,94,122,108,23,43,7,41,44,55,91,131" hai2="96,85,2,13,87,75,90,53,69,22,77,81,47" hai3="14,128,118,97,25,51,66,88,105,10,130,63,57"/><U116/><E116/><V110/><F2/><W133/><G118/><T99/><D115/><U61/><E122/><V86/><F69/><W1/><G1/><T29/><D125/><U3/><E131/><N who="3" m="50218" /><G133/><T38/><D132/><U76/><E76/><V109/><F22/><W89/><G25/><T114/><D38/><U93/><E93/><N who="2" m="56375" /><F13/><W39/><G39/><T24/><D72/><U16/><E20/><V50/><F75/><W135/><G135/><T112/><D9/><U98/><E108/><N who="2" m="41579" /><F81/><W70/><G97/><T71/><D99/><U52/><E3/><V65/><F77/><W58/><G105/><T117/><D107/><U67/><E7/><V19/><F65/><W36/><G36/><T6/><D117/><U15/><REACH who="1" step="1"/><E43/><REACH who="1" ten="310,323,137,220" step="2"/><V18/><AGARI ba="0,1" hai="18,19,47,50,53,85,86,87" m="41579,56375" machi="18" ten="40,8000,1" yaku="14,1,52,3" doraHai="82" who="2" fromWho="2" sc="310,-20,323,-40,137,90,220,-20" /><INIT seed="2,0,0,4,5,24" ten="290,283,227,200" oya="2" hai0="6,27,12,76,88,118,7,101,93,115,94,32,51" hai1="106,132,17,98,123,125,49,78,55,56,11,97,22" hai2="18,28,83,35,85,37,60,86,117,61,102,135,128" hai3="120,41,84,111,124,114,0,131,16,42,134,8,113"/><V87/><F37/><W46/><G120/><T90/><D115/><N who="3" m="44041" /><G111/><T66/><D101/><U116/><E116/><V67/><F117/><W3/><G124/><T105/><D105/><U92/><E125/><V39/><F39/><W68/><G68/><T91/><D118/><U73/><E123/><V29/><F128/><W53/><G131/><T40/><D76/><U21/><E132/><V81/><F135/><W25/><G134/><T74/><D74/><U15/><E106/><V89/><F102/><W110/><G110/><T129/><D66/><U70/><E70/><V1/><F1/><N who="3" m="587" /><G84/><N who="2" m="32361" /><F35/><W122/><G122/><T77/><D77/><U50/><E78/><V31/><F67/><W100/><G100/><T71/><D71/><U33/><E33/><V108/><F108/><W62/><G8/><T69/><D69/><U75/><E97/><V127/><F127/><W2/><G2/><T112/><D129/><U34/><E34/><V38/><F38/><W57/><G46/><T19/><D112/><U26/><E75/><V99/><F99/><W47/><G47/><T30/><D94/><U109/><E73/><V103/><F103/><W14/><G14/><T20/><REACH who="0" step="1"/><D93/><REACH who="0" ten="280,283,227,200" step="2"/><U79/><E109/><V9/><F81/><W58/><G41/><T107/><D107/><U95/><E95/><V96/><F96/><W4/><G42/><T82/><D82/><U44/><E98/><V80/><F83/><W130/><G130/><T36/><D36/><U48/><E92/><V54/><F54/><W23/><G53/><T63/><D63/><U65/><E55/><V59/><F59/><RYUUKYOKU ba="0,1" sc="280,15,283,-15,227,15,200,-15" hai0="6,7,12,19,20,27,30,32,40,51,88,90,91" hai2="9,18,28,29,31,60,61,80,87,89" /><INIT seed="2,1,1,5,2,131" ten="295,268,242,185" oya="2" hai0="5,112,89,12,85,7,108,48,110,33,31,47,49" hai1="22,119,90,95,6,107,37,60,77,94,43,64,17" hai2="129,16,128,116,81,66,11,52,124,96,120,106,57" hai3="100,104,28,113,56,91,4,53,87,10,20,27,55"/><V0/><F120/><W19/><G113/><T69/><D69/><U133/><E119/><V132/><F116/><W103/><G28/><T73/><D73/><U72/><E107/><V40/><F66/><W126/><G126/><T44/><D112/><U121/><E121/><V86/><F40/><W65/><G65/><T34/><D31/><U38/><E6/><V14/><F0/><W76/><G76/><T26/><D26/><U114/><E114/><V109/><F124/><W13/><G104/><T122/><D122/><U84/><E43/><V18/><F109/><W92/><REACH who="3" step="1"/><G55/><REACH who="3" ten="295,268,242,175" step="2"/><T74/><D110/><U32/><E77/><V68/><F129/><W117/><G117/><T36/><D108/><U70/><E64/><V98/><F128/><W93/><G93/><T1/><D34/><U135/><E32/><V79/><F106/><W39/><G39/><T123/><D33/><U50/><E94/><V67/><F67/><W83/><G83/><T97/><D36/><U82/><E82/><V42/><F68/><W102/><G102/><T61/><D123/><U99/><E38/><V58/><F42/><W9/><G9/><T24/><D74/><U15/><E72/><V30/><F30/><W111/><G111/><T105/><D105/><U127/><E37/><V75/><F75/><W63/><AGARI ba="1,2" hai="4,10,13,19,20,27,53,56,63,87,91,92,100,103" machi="63" ten="20,8000,1" yaku="1,1,0,1,7,1,8,1,53,1" doraHai="131" doraHaiUra="59" who="3" fromWho="3" sc="295,-21,268,-21,242,-41,175,103" /><INIT seed="3,0,0,0,0,57" ten="274,247,201,278" oya="3" hai0="128,59,117,16,90,119,1,131,37,29,17,62,135" hai1="84,120,101,66,95,102,13,73,85,42,9,58,111" hai2="10,11,132,104,24,126,121,123,124,107,36,96,5" hai3="112,45,20,25,50,31,69,87,15,74,108,28,94"/><W64/><G74/><T99/><D37/><U71/><E120/><N who="2" m="46155" /><F36/><W130/><G130/><N who="0" m="49707" /><D1/><U91/><E73/><V122/><N who="2" m="46163" /><V125/><DORA hai="60" /><F132/><W67/><G112/><T83/><D29/><U105/><E71/><V79/><F79/><W39/><G39/><T14/><D135/><U70/><E70/><V81/><F81/><W97/><G108/><T6/><D6/><U76/><E111/><V109/><F109/><W26/><G69/><T7/><D7/><N who="1" m="3263" /><E105/><N who="2" m="40523" /><F5/><W8/><G87/><N who="0" m="50559" /><D99/><U22/><E84/><V88/><F24/><W41/><G26/><T68/><D68/><U46/><E76/><V55/><F55/><W3/><G31/><T0/><D0/><U56/><E42/><V77/><F77/><W43/><G43/><T116/><D14/><U35/><E85/><V93/><AGARI ba="0,0" hai="10,11,88,93,96,124,125,126" m="40523,46163" machi="93" ten="60,7900,0" yaku="18,1,13,1,54,1" doraHai="57,60" who="2" fromWho="2" sc="274,-20,247,-20,201,79,278,-39" /><INIT seed="4,0,0,4,0,92" ten="254,227,280,239" oya="0" hai0="72,8,68,134,109,83,85,131,31,100,36,59,98" hai1="21,67,110,132,60,3,39,63,79,18,48,13,91" hai2="126,24,113,116,104,106,119,27,114,102,46,90,128" hai3="95,101,96,76,66,74,45,6,20,65,47,15,115"/><T129/><D68/><U58/><E110/><V120/><F46/><W55/><G115/><N who="2" m="44041" /><F120/><W56/><G74/><T125/><D36/><U94/><E39/><V12/><F126/><W84/><G76/><T82/><D31/><U14/><E3/><V17/><F90/><W127/><G84/><T2/><D72/><U75/><E132/><V44/><F44/><N who="3" m="16971" /><G127/><T71/><D71/><U0/><E0/><V93/><F93/><W87/><G87/><T43/><D43/><U49/><E14/><V123/><F123/><W11/><G20/><T69/><D69/><U51/><E63/><AGARI ba="0,0" hai="6,11,15,55,56,63,65,66,95,96,101" m="16971" machi="63" ten="30,2000,0" yaku="8,1,52,1" doraHai="92" who="3" fromWho="1" sc="254,0,227,-20,280,0,239,20" /><INIT seed="5,0,0,5,3,127" ten="254,207,280,259" oya="1" hai0="64,15,14,101,89,8,53,57,60,131,79,116,11" hai1="28,49,124,123,121,85,39,72,104,94,76,73,74" hai2="96,47,118,23,75,66,31,69,70,33,95,126,44" hai3="91,55,56,88,119,62,130,120,109,21,112,1,111"/><U42/><E104/><V16/><F75/><W29/><G130/><T125/><D116/><U40/><E39/><V41/><F118/><W17/><G119/><T103/><D125/><U4/><E124/><V98/><F126/><W134/><G120/><T71/><D79/><U34/><E4/><V7/><F7/><W25/><G1/><T122/><D122/><U86/><E76/><V80/><F80/><W114/><G134/><T81/><D131/><U107/><E107/><V27/><F66/><W90/><REACH who="3" step="1"/><G29/><REACH who="3" ten="254,207,280,249" step="2"/><T82/><D71/><U84/><E123/><V22/><F69/><W2/><G2/><T105/><D105/><U108/><E121/><V0/><F0/><W117/><G117/><T110/><D110/><AGARI ba="0,1" hai="17,21,25,55,56,62,88,90,91,109,110,111,112,114" machi="110" ten="40,2600,0" yaku="1,1,54,1,53,0" doraHai="127" doraHaiUra="68" who="3" fromWho="0" sc="254,-26,207,0,280,0,249,36" /><INIT seed="6,0,0,2,3,39" ten="228,207,280,285" oya="2" hai0="101,122,23,116,44,118,19,112,14,16,55,40,73" hai1="8,66,65,26,68,117,12,111,49,15,82,53,90" hai2="107,2,58,41,114,132,76,86,92,120,20,25,30" hai3="94,69,89,71,104,99,127,7,10,57,103,128,80"/><V29/><F2/><W3/><G127/><T121/><D73/><U123/><E111/><V61/><F107/><W42/><G128/><T131/><D131/><U100/><E117/><V63/><F120/><W28/><G28/><T1/><D1/><U46/><E123/><V67/><F114/><W77/><G57/><T18/><D112/><U96/><E68/><V5/><F5/><W113/><G113/><T124/><D124/><U37/><E37/><V59/><F132/><W36/><G89/><T9/><D101/><U31/><E90/><N who="2" m="53335" /><F76/><W106/><G94/><T34/><D34/><U56/><E82/><V119/><F119/><N who="0" m="45610" /><D55/><U91/><E91/><V98/><F98/><W129/><G106/><T51/><D19/><U54/><E96/><V74/><F74/><N who="3" m="43063" /><G129/><T79/><D79/><U72/><E72/><V78/><F78/><W135/><G135/><T134/><D134/><U108/><E100/><V21/><F30/><W4/><G4/><T33/><D33/><U50/><E108/><V32/><F32/><W70/><G71/><T84/><D84/><U0/><E0/><V83/><F83/><W95/><G95/><T64/><D64/><U24/><E31/><V47/><F29/><W35/><G35/><T93/><D93/><U88/><E65/><N who="2" m="39095" /><F25/><AGARI ba="0,0" hai="9,14,16,18,23,25,40,44,51,121,122" m="45610" machi="25" ten="30,3900,0" yaku="12,1,52,1,54,1" doraHai="39" who="0" fromWho="2" sc="228,39,207,0,280,-39,285,0" /><INIT seed="7,0,0,3,0,40" ten="267,207,241,285" oya="3" hai0="73,117,45,34,28,94,82,17,62,124,30,27,110" hai1="125,86,68,77,2,105,21,55,35,123,135,83,38" hai2="1,130,48,29,79,108,97,74,61,31,118,120,46" hai3="81,12,49,103,84,90,121,131,101,6,24,87,64"/><W113/><G121/><T39/><D110/><U111/><RYUUKYOKU type="yao9" ba="0,0" sc="267,0,207,0,241,0,285,0" hai1="2,21,35,38,55,68,77,83,86,105,111,123,125,135" /><INIT seed="7,1,0,0,2,43" ten="267,207,241,285" oya="3" hai0="97,78,39,5,26,29,18,48,2,24,62,8,129" hai1="128,72,110,14,3,74,34,86,99,41,49,37,31" hai2="80,126,98,114,131,134,89,127,92,12,25,106,83" hai3="124,27,60,102,4,104,105,96,66,120,69,59,54"/><W57/><G120/><T1/><D39/><U46/><E110/><V17/><F25/><W119/><G119/><T115/><D1/><U82/><E3/><V81/><F12/><W125/><G4/><T64/><D129/><U53/><E128/><V112/><F17/><W9/><G9/><T75/><D115/><N who="2" m="44074" /><F131/><W116/><G116/><T133/><D133/><U94/><E14/><V23/><F23/><W28/><G105/><T52/><D18/><U22/><E34/><V36/><F36/><W121/><G121/><T47/><D29/><U70/><E70/><V73/><F134/><W55/><G55/><T88/><D78/><U61/><E61/><V93/><F106/><W16/><G16/><T111/><D75/><U68/><E68/><V108/><F108/><W85/><G85/><T44/><D111/><U109/><E109/><V13/><F13/><W123/><G123/><T20/><D20/><U33/><E33/><V101/><F73/><W51/><G59/><T15/><D2/><U63/><E22/><V79/><F79/><W117/><G117/><T0/><D0/><U76/><E31/><V58/><F58/><W103/><G103/><T87/><D97/><AGARI ba="1,0" hai="80,81,83,89,92,93,97,98,101,126,127" m="44074" machi="97" ten="40,5200,0" yaku="15,1,34,2" doraHai="43" who="2" fromWho="0" sc="267,-55,207,0,241,55,285,0" /><INIT seed="8,0,0,5,3,24" ten="212,207,296,285" oya="0" hai0="127,25,7,101,36,66,14,133,82,91,3,20,67" hai1="59,51,134,15,65,39,135,9,50,78,29,49,58" hai2="30,60,26,56,129,90,44,16,74,111,128,69,27" hai3="11,70,46,99,120,118,115,6,31,131,13,96,34"/><T32/><D36/><U35/><E39/><V121/><F121/><W43/><G120/><T123/><D123/><U18/><E78/><V48/><F69/><W10/><G118/><T77/><D101/><U40/><E40/><N who="2" m="24583" /><F74/><W109/><G109/><T17/><D127/><U130/><E130/><N who="2" m="50283" /><F111/><W94/><G131/><T71/><D133/><N who="1" m="50699" /><E65/><N who="2" m="39047" /><F30/><W107/><G70/><T97/><D71/><U83/><E83/><V12/><F90/><W112/><G107/><T5/><D3/><U124/><E124/><V21/><AGARI ba="0,0" hai="12,16,21,26,27" m="39047,50283,24583" machi="21" ten="30,2000,0" yaku="19,1,54,1" doraHai="24" who="2" fromWho="2" sc="212,-10,207,-5,296,20,285,-5" owari="202,-20.0,202,-30.0,316,42.0,280,8.0" /></mjloggm>