<mjloggm ver="2.3"><GO type="169"/><UN n0="%E6%A3%92%E8%A7%92" n1="%E3%82%B9%E3%83%91%E3%83%BC%E3%82%AF%E3%82%B9" n2="%EF%BC%88%E2%89%A7%E2%96%BD%E2%89%A6%EF%BC%89" n3="%E6%AF%94%E5%98%89%E7%A7%80%E4%BB%81" dan="16,17,17,16" rate="2066,2146,2151,2098" sx="M,F,M,M"/><TAIKYOKU oya="0"/><INIT seed="0,0,0,2,3,11" ten="250,250,250,250" oya="0" hai0="110,53,41,29,37,107,80,102,130,68,9,55,101" hai1="51,103,88,6,122,35,104,96,81,52,129,64,30" hai2="26,127,109,91,0,16,56,134,45,112,108,40,21" hai3="100,70,28,39,61,27,113,85,111,49,116,25,59"/><T57/><D68/><U119/><E119/><V105/><F105/><W118/><G39/><T135/><D29/><U92/><E122/><V31/><F112/><W12/><G113/><T86/><D41/><U78/><E129/><V5/><F127/><W84/><G70/><T46/><D130/><U43/><E43/><V18/><F134/><W121/><G121/><T50/><D135/><U71/><E6/><V58/><F91/><W117/><G49/><T19/><D107/><U126/><E126/><V125/><F125/><W10/><G27/><T14/><D110/><N who="2" m="42602" /><F5/><W67/><G100/><T87/><D37/><U60/><E30/><V22/><F0/><W38/><G38/><T23/><D23/><U90/><E35/><V34/><F22/><W128/><G128/><T98/><D98/><U74/><REACH who="1" step="1"/><E104/><REACH who="1" ten="250,240,250,250" step="2"/><V63/><F34/><W20/><REACH who="3" step="1"/><G111/><REACH who="3" ten="250,240,250,240" step="2"/><T7/><D7/><AGARI ba="0,2" hai="7,10,12,20,25,28,59,61,67,84,85,116,117,118" machi="7" ten="40,5200,0" yaku="1,1,2,1,52,1,53,0" doraHai="11" doraHaiUra="132" who="3" fromWho="0" sc="250,-52,240,0,250,0,240,72" /><INIT seed="1,0,0,0,1,35" ten="198,240,250,312" oya="1" hai0="107,15,11,34,112,95,31,84,128,121,61,59,87" hai1="53,79,27,4,125,126,69,115,25,1,123,132,101" hai2="127,94,114,108,10,30,99,2,12,103,26,45,110" hai3="58,16,71,39,106,96,38,89,64,117,70,130,124"/><U134/><E69/><V42/><F127/><N who="1" m="48649" /><E79/><V65/><F114/><W19/><G124/><T50/><D107/><U9/><E101/><V76/><F76/><W17/><G117/><T82/><D121/><U100/><E100/><V105/><F94/><W51/><G130/><T86/><D128/><U40/><E40/><V33/><F65/><W29/><G29/><T73/><D73/><U54/><E115/><V113/><F113/><W43/><G106/><T88/><D112/><U104/><E104/><V37/><F12/><W32/><G32/><T18/><D31/><U20/><E123/><V135/><F135/><N who="1" m="51753" /><E27/><V62/><F62/><W55/><G43/><T97/><D34/><U78/><E78/><V77/><REACH who="2" step="1"/><F77/><REACH who="2" ten="198,240,240,312" step="2"/><W93/><G64/><N who="0" m="38975" /><D50/><U36/><E36/><V133/><F133/><W0/><G39/><T85/><N who="0" m="22016" /><DORA hai="120" /><T131/><D131/><U8/><E8/><V21/><F21/><W13/><G38/><T72/><D72/><U49/><E49/><V83/><F83/><AGARI ba="0,1" hai="11,15,18,82,83,88,95,97" m="22016,38975" machi="83" ten="40,2600,0" yaku="8,1,54,1" doraHai="35,120" who="0" fromWho="2" sc="198,36,240,0,240,-26,312,0" /><INIT seed="2,0,0,5,0,9" ten="234,240,214,312" oya="2" hai0="72,108,71,98,113,57,135,85,104,73,115,111,100" hai1="28,40,65,35,31,6,124,90,117,55,120,49,26" hai2="74,17,21,16,39,69,81,63,78,75,2,56,0" hai3="46,94,24,66,91,121,86,119,84,18,131,122,87"/><V42/><F69/><W97/><G131/><T19/><D57/><U8/><E117/><V70/><F70/><W36/><G119/><T14/><D71/><U118/><E118/><V112/><F112/><N who="0" m="43082" /><D19/><U41/><E124/><V43/><F74/><N who="0" m="28778" /><D14/><U110/><E110/><N who="0" m="42025" /><D85/><U109/><E65/><V83/><F17/><W12/><G66/><T107/><D135/><U7/><E7/><V105/><F2/><W10/><G36/><T129/><D129/><U47/><E28/><V67/><F0/><W54/><G24/><T27/><D27/><U34/><E34/><V51/><F39/><W93/><G46/><T77/><D77/><U45/><E109/><V23/><F23/><W62/><G62/><T96/><D96/><U32/><E32/><V4/><F4/><W130/><G130/><T68/><D68/><U88/><E55/><V5/><F5/><W25/><G25/><T127/><D127/><U114/><E114/><V133/><F51/><W116/><G54/><T128/><D128/><U48/><E120/><V123/><F123/><W92/><G116/><T79/><D79/><U50/><E48/><V11/><F78/><W80/><G122/><T29/><D29/><U13/><AGARI ba="0,0" hai="6,8,13,26,31,35,40,41,45,47,49,50,88,90" machi="13" ten="20,8000,1" yaku="0,1,7,1,9,1,52,1,54,1" doraHai="9" who="1" fromWho="1" sc="234,-20,240,80,214,-40,312,-20" /><INIT seed="3,0,0,1,0,46" ten="214,320,174,292" oya="3" hai0="4,63,19,9,68,94,102,36,15,97,115,40,64" hai1="51,100,12,62,17,82,16,127,53,109,43,11,29" hai2="8,61,92,99,117,47,25,31,134,116,123,111,37" hai3="113,125,135,108,24,33,48,122,129,21,69,52,106"/><W84/><RYUUKYOKU type="yao9" ba="0,0" sc="214,0,320,0,174,0,292,0" hai3="21,24,33,48,52,69,84,106,108,113,122,125,129,135" /><INIT seed="3,1,0,1,3,9" ten="214,320,174,292" oya="3" hai0="14,52,24,97,29,50,131,54,30,135,69,121,5" hai1="118,75,34,124,74,48,3,72,116,37,84,12,40" hai2="62,47,133,114,96,70,25,112,76,64,2,21,82" hai3="1,45,13,44,17,126,68,109,117,104,120,95,128"/><W130/><G120/><T119/><D121/><U26/><E3/><V28/><F133/><W36/><G117/><T122/><D119/><U7/><E37/><V94/><F47/><W42/><G68/><T38/><D38/><U103/><E103/><V110/><F2/><W31/><G1/><T108/><D69/><U58/><E84/><V89/><REACH who="2" step="1"/><F110/><REACH who="2" ten="214,320,164,292" step="2"/><W8/><G109/><T85/><D122/><U79/><E116/><V80/><F80/><W92/><G45/><T86/><D135/><U77/><E118/><V105/><F105/><W32/><G104/><T18/><D108/><U22/><E40/><V61/><F61/><W134/><G134/><T23/><D131/><N who="3" m="50217" /><G126/><T83/><D83/><U98/><E124/><V43/><F43/><W57/><G95/><T129/><D129/><U10/><E48/><V106/><F106/><W35/><G92/><T102/><D50/><U93/><E93/><V16/><F16/><W71/><G31/><T56/><D30/><U101/><E101/><V49/><F49/><W125/><G125/><T81/><D81/><U19/><E19/><V99/><F99/><W107/><G107/><T51/><D5/><U53/><E98/><V59/><F59/><W123/><G57/><T90/><D102/><U39/><E7/><V73/><AGARI ba="1,1" hai="21,25,28,62,64,70,73,76,82,89,94,96,112,114" machi="73" ten="20,2700,0" yaku="1,1,0,1,7,1,53,0" doraHai="9" doraHaiUra="15" who="2" fromWho="2" sc="214,-8,320,-8,164,40,292,-14" /><INIT seed="4,0,0,2,5,77" ten="206,312,204,278" oya="0" hai0="74,116,48,4,58,82,50,124,119,125,14,71,54" hai1="61,3,53,105,7,39,132,130,120,42,78,128,16" hai2="66,86,72,6,22,96,34,100,8,104,57,85,36" hai3="44,107,40,32,110,70,38,80,37,122,123,17,45"/><T117/><D71/><U31/><E105/><V101/><F34/><W90/><G107/><T15/><D4/><U121/><E31/><V108/><F108/><W52/><G110/><T25/><D25/><U13/><E132/><V106/><F36/><W33/><G70/><T93/><D93/><U135/><E135/><V79/><F22/><W81/><G17/><T1/><D1/><U51/><E61/><V75/><F57/><W126/><G90/><T73/><D50/><U5/><E42/><V0/><F66/><W43/><REACH who="3" step="1"/><G52/><REACH who="3" ten="206,312,204,268" step="2"/><T99/><D99/><U76/><E53/><V23/><F96/><W87/><G87/><T109/><D73/><U18/><E16/><V103/><F75/><W21/><G21/><T56/><D58/><U65/><E18/><V20/><F72/><W55/><G55/><T98/><D98/><U112/><E65/><V35/><F35/><W24/><G24/><T129/><D109/><U64/><E64/><V9/><F100/><W127/><AGARI ba="0,1" hai="32,33,37,38,40,43,44,45,80,81,122,123,126,127" machi="127" ten="25,12000,2" yaku="1,1,0,1,22,2,52,2,53,0" doraHai="77" doraHaiUra="89" who="3" fromWho="3" sc="206,-60,312,-30,204,-30,268,130" /><INIT seed="5,0,0,1,5,114" ten="146,282,174,398" oya="1" hai0="15,66,67,90,27,63,103,33,48,69,31,76,5" hai1="134,112,6,97,79,68,92,135,113,131,4,123,106" hai2="95,36,111,42,125,7,1,47,0,39,83,104,94" hai3="2,49,40,121,12,22,53,38,87,101,62,130,122"/><U117/><E68/><V86/><F111/><W8/><G130/><T21/><D67/><U109/><E123/><V59/><F125/><W45/><G2/><T119/><D90/><U72/><E131/><V56/><F104/><W133/><G101/><T118/><D76/><U26/><E26/><V60/><F36/><W51/><G49/><T74/><D74/><U91/><E4/><V99/><F7/><W34/><G34/><T58/><D103/><N who="1" m="62831" /><E6/><V3/><F99/><W70/><G22/><T54/><REACH who="0" step="1"/><D21/><REACH who="0" ten="136,282,174,398" step="2"/><U55/><E109/><V64/><REACH who="2" step="1"/><F59/><REACH who="2" ten="136,282,164,398" step="2"/><N who="3" m="33215" /><G122/><T128/><D128/><U124/><E112/><V41/><F41/><W24/><G121/><T93/><D93/><U43/><E113/><V44/><F44/><W105/><G105/><T25/><D25/><U115/><E43/><V65/><F65/><W23/><G24/><T30/><D30/><U126/><E115/><V61/><F61/><W19/><G62/><T75/><D75/><U89/><E92/><V129/><F129/><W71/><G40/><T102/><D102/><U78/><E72/><V11/><F11/><AGARI ba="0,2" hai="5,11,15,27,31,33,48,54,58,63,66,69,118,119" machi="11" ten="40,5200,0" yaku="1,1,52,2,53,0" doraHai="114" doraHaiUra="35" who="0" fromWho="2" sc="136,72,282,0,164,-52,398,0" /><INIT seed="6,0,0,4,0,124" ten="208,282,112,398" oya="2" hai0="90,84,44,3,135,110,75,97,100,50,129,19,40" hai1="89,65,69,82,58,24,122,66,33,38,118,41,119" hai2="132,36,74,62,109,5,20,45,53,54,15,81,114" hai3="42,8,28,95,51,106,76,92,94,91,86,83,26"/><V123/><F123/><W68/><G106/><T27/><D3/><U102/><E58/><V0/><F132/><W59/><G68/><T113/><D75/><U96/><E65/><V128/><F114/><W121/><G8/><T127/><D113/><U9/><E9/><N who="2" m="4527" /><F0/><W18/><G18/><T104/><D135/><U21/><E122/><V107/><F107/><W111/><G111/><T116/><D110/><U72/><E33/><V112/><F109/><W37/><G37/><T80/><D127/><U52/><E38/><V79/><F112/><W67/><G121/><T10/><D116/><U133/><E66/><V134/><F134/><W48/><G67/><T43/><D43/><U13/><E69/><V7/><F7/><W1/><G1/><T115/><D115/><U103/><E72/><V98/><F98/><W64/><G42/><T71/><D71/><U88/><E96/><V99/><F99/><W34/><G64/><T55/><D40/><U61/><E41/><N who="2" m="22695" /><F128/><W60/><G60/><T29/><D19/><N who="1" m="12351" /><E133/><V22/><F62/><W6/><G6/><T14/><D14/><U131/><E131/><V25/><F25/><W125/><G125/><T35/><REACH who="0" step="1"/><D10/><REACH who="0" ten="198,282,112,398" step="2"/><U30/><E13/><V31/><F31/><W101/><G28/><T87/><D87/><N who="1" m="50295" /><E30/><V85/><F74/><W46/><G86/><T47/><D47/><U70/><E119/><V126/><F126/><W39/><G46/><T2/><D2/><U105/><E118/><V49/><F49/><W120/><G51/><T93/><D93/><U57/><E105/><V4/><F4/><W78/><G95/><RYUUKYOKU ba="0,1" sc="198,15,282,-15,112,15,398,-15" hai0="27,29,35,44,50,55,80,84,90,97,100,104,129" hai2="20,22,53,54,79,81,85" /><INIT seed="6,1,1,5,1,115" ten="213,267,127,383" oya="2" hai0="32,119,121,88,67,74,2,3,76,11,129,109,55" hai1="97,117,10,27,48,54,30,5,134,58,70,64,116" hai2="53,118,7,111,99,106,103,17,36,71,38,102,87" hai3="31,126,35,107,22,98,92,44,49,29,45,112,113"/><V94/><F71/><W33/><G107/><T18/><D121/><U75/><E75/><V62/><F111/><W19/><G35/><T128/><D32/><U20/><E134/><V79/><F118/><W95/><G33/><T61/><D55/><U85/><E85/><V43/><F7/><W69/><G69/><T42/><D42/><U9/><E9/><V90/><F43/><N who="3" m="24735" /><G45/><T65/><D109/><U1/><REACH who="1" step="1"/><E97/><REACH who="1" ten="213,257,127,383" step="2"/><V50/><F103/><W15/><G98/><T59/><D11/><U100/><E100/><V40/><F79/><W72/><G72/><T132/><D74/><U66/><E66/><V93/><F106/><W101/><G101/><T25/><D67/><U86/><E86/><V21/><F40/><W57/><G113/><T120/><D132/><U130/><E130/><V51/><F62/><AGARI ba="1,2" hai="1,5,10,20,27,30,48,54,58,62,64,70,116,117" machi="62" ten="40,5200,0" yaku="1,1,52,2,53,0" doraHai="115" doraHaiUra="84" who="1" fromWho="2" sc="213,0,257,75,127,-55,383,0" /><INIT seed="7,0,0,1,3,109" ten="213,332,72,383" oya="3" hai0="83,64,22,4,29,132,41,6,94,66,39,34,47" hai1="74,84,17,10,2,121,40,49,53,31,7,78,91" hai2="45,123,113,27,108,99,3,110,21,54,73,51,134" hai3="114,65,77,0,71,80,97,33,37,129,115,63,107"/><W79/><G37/><T102/><D34/><U87/><E121/><V127/><F123/><W59/><G0/><T122/><D122/><U60/><E31/><V119/><F134/><W133/><G133/><T56/><D83/><U18/><E60/><V62/><F119/><W13/><G33/><T90/><D102/><U25/><E25/><V20/><F127/><W16/><G71/><T43/><D43/><U126/><E126/><V68/><F73/><W96/><G79/><T26/><D132/><U12/><E40/><V101/><F3/><W52/><G65/><T88/><D90/><U1/><E1/><V8/><F8/><N who="3" m="6183" /><G107/><T128/><D128/><U70/><E70/><V14/><F110/><W11/><G11/><T32/><D32/><U76/><E74/><V30/><F108/><W95/><G95/><T38/><D38/><U85/><E91/><V112/><F14/><W72/><G129/><T57/><D66/><U5/><E18/><V24/><F62/><W117/><G117/><T67/><D67/><U130/><E130/><V75/><F75/><W35/><G35/><T105/><D105/><U89/><E89/><V131/><F68/><W36/><G36/><T106/><D106/><U50/><E50/><V15/><F15/><W120/><G120/><T48/><D64/><U111/><E111/><V125/><F125/><W46/><G46/><T93/><D47/><U9/><REACH who="1" step="1"/><E5/><REACH who="1" ten="213,322,72,383" step="2"/><V104/><REACH who="2" step="1"/><F131/><REACH who="2" ten="213,322,62,383" step="2"/><W124/><G124/><T98/><D4/><U81/><E81/><V82/><F82/><W118/><G80/><T28/><D6/><U61/><E61/><RYUUKYOKU ba="0,2" sc="213,-15,322,15,62,15,383,-15" hai1="2,7,9,10,12,17,49,53,76,78,84,85,87" hai2="20,21,24,27,30,45,51,54,99,101,104,112,113" owari="198,-20.0,337,14.0,77,-42.0,388,48.0" /></mjloggm>