<mjloggm ver="2.3"><GO type="41"/><UN n0="%E3%83%AC%E3%82%A4%E5%AD%90%EF%BC%92%EF%BC%95" n1="%E3%82%A6%E3%83%AB%E3%83%88%E3%83%A9%E7%AB%8B%E7%9B%B4" n2="%E3%82%A2%E3%82%8A%E3%83%BC%E3%83%8A" n3="%E3%81%97%E3%82%85%E3%81%86%E3%83%BC%E3%80%82" dan="17,15,13,19" rate="2019,1924,1857,2166" sx="F,M,F,M"/><TAIKYOKU oya="0"/><INIT seed="0,0,0,4,1,1" ten="250,250,250,250" oya="0" hai0="59,56,80,27,13,62,14,119,19,47,51,72,32" hai1="17,112,71,66,68,28,12,97,115,121,101,6,135" hai2="109,122,61,42,22,8,88,82,99,90,48,33,34" hai3="76,54,4,53,45,44,15,98,46,49,2,117,110"/><T94/><D119/><U126/><E121/><V57/><F122/><W60/><G117/><T24/><D32/><U132/><E28/><V25/><F109/><W105/><G110/><T124/><D124/><U78/><E78/><V31/><F8/><W75/><G2/><T11/><D72/><U63/><E71/><V40/><F90/><W39/><G105/><T91/><D80/><U67/><E67/><V128/><F128/><W9/><G98/><N who="0" m="57695" /><D14/><U104/><E126/><V41/><F34/><W127/><G127/><T108/><D108/><U96/><E96/><V111/><F111/><W58/><G39/><T87/><D87/><U73/><E73/><V65/><F33/><W35/><G35/><T77/><D77/><U125/><E125/><V43/><N who="2" m="10752" /><DORA hai="16" /><V102/><F48/><W74/><G74/><T23/><D62/><U37/><E37/><V3/><F3/><W30/><G75/><T5/><D27/><U83/><E83/><V0/><F0/><W118/><G118/><T100/><D100/><U29/><E101/><V55/><F102/><W131/><G76/><T18/><D18/><U114/><E17/><V123/><F123/><W85/><G85/><T7/><D7/><U120/><E6/><V116/><F116/><W36/><G36/><T134/><D134/><U133/><E120/><V106/><F106/><W70/><G70/><T26/><D26/><U95/><E104/><V52/><F99/><W92/><G131/><T84/><D84/><AGARI ba="0,0" hai="22,25,31,52,55,57,61,65,82,84,88" m="10752" machi="84" ten="50,8000,1" yaku="8,1,52,1,54,2" doraHai="1,16" who="2" fromWho="0" sc="250,-80,250,0,250,80,250,0" /><INIT seed="1,0,0,0,0,116" ten="170,250,330,250" oya="1" hai0="35,82,14,80,100,112,32,3,81,111,5,54,16" hai1="101,28,77,2,47,117,96,21,4,76,114,67,115" hai2="84,128,66,125,26,74,133,85,92,70,123,129,93" hai3="17,124,48,90,62,53,8,83,63,89,61,113,18"/><U46/><E117/><V27/><F74/><W44/><G124/><T118/><D118/><U43/><E47/><V45/><F45/><W109/><G109/><T108/><D112/><U72/><E67/><V64/><F125/><W37/><G113/><T91/><D100/><U25/><E77/><V79/><F79/><W11/><G37/><T15/><D91/><U12/><E12/><V7/><F7/><W9/><REACH who="3" step="1"/><G83/><REACH who="3" ten="170,250,330,240" step="2"/><T10/><D3/><U38/><E114/><V135/><F70/><W41/><G41/><T68/><D68/><U97/><E115/><V13/><F13/><W65/><G65/><T1/><D1/><U102/><E2/><V20/><F20/><W29/><G29/><T52/><D15/><U33/><E21/><V34/><F34/><N who="0" m="12842" /><D5/><U86/><E4/><V122/><AGARI ba="0,1" hai="26,27,64,66,84,85,92,93,122,123,128,129,133,135" machi="122" ten="25,8000,1" yaku="0,1,22,2,52,2" doraHai="116" who="2" fromWho="2" sc="170,-20,250,-40,330,90,240,-20" /><INIT seed="2,0,0,5,5,23" ten="150,210,420,220" oya="2" hai0="44,0,31,9,2,7,21,130,117,33,131,91,105" hai1="34,37,65,99,26,88,39,89,55,62,64,122,119" hai2="114,18,76,51,82,79,16,58,35,70,124,1,50" hai3="40,107,71,90,85,5,4,53,22,97,60,11,120"/><V83/><F114/><W133/><G133/><T8/><D105/><U68/><E119/><V3/><F70/><W106/><G120/><T28/><D91/><U111/><E122/><V108/><F35/><W6/><G40/><T20/><D44/><U29/><E65/><V52/><F124/><W96/><G11/><N who="0" m="4171" /><D7/><U109/><E55/><N who="2" m="32119" /><F3/><N who="0" m="1066" /><D33/><U112/><E112/><V128/><F1/><W77/><G77/><N who="2" m="29769" /><F128/><N who="0" m="49194" /><D117/><U48/><E48/><V19/><F108/><N who="1" m="41545" /><E89/><V80/><F83/><W56/><G71/><T45/><D45/><AGARI ba="0,0" hai="16,18,19,45,51,52,80,82" m="29769,32119" machi="45" ten="30,5800,0" yaku="8,1,54,2" doraHai="23" who="2" fromWho="0" sc="150,-58,210,0,420,58,220,0" /><INIT seed="2,1,0,5,2,41" ten="92,210,478,220" oya="2" hai0="61,59,80,23,105,103,135,93,123,52,121,98,60" hai1="75,89,55,58,72,109,114,74,97,65,0,94,124" hai2="3,8,106,68,122,81,108,46,86,83,95,104,127" hai3="37,16,87,17,128,107,117,77,51,39,20,90,111"/><V13/><F68/><W35/><G35/><T102/><D135/><U134/><E0/><V82/><F3/><W42/><G117/><T126/><D126/><U119/><E119/><V15/><F122/><W71/><G71/><T31/><D80/><U113/><E134/><V64/><F64/><W116/><G116/><T76/><D76/><U22/><E124/><V54/><F127/><W50/><G107/><T49/><D123/><U85/><E65/><V36/><F108/><W100/><G100/><N who="0" m="38443" /><D105/><U56/><E109/><V131/><F131/><W120/><G120/><T40/><D40/><U133/><E133/><V7/><F15/><W11/><G128/><T84/><D84/><U6/><E6/><V92/><F86/><W79/><G42/><T25/><D121/><U9/><E85/><V21/><F21/><W14/><G111/><T12/><D12/><U28/><E9/><V73/><F106/><W53/><G39/><T48/><D48/><U101/><E101/><AGARI ba="1,0" hai="23,25,31,49,52,59,60,61,93,98,101" m="38443" machi="101" ten="30,2000,0" yaku="8,1,54,1" doraHai="41" who="0" fromWho="1" sc="92,23,210,-23,478,0,220,0" /><INIT seed="3,0,0,1,3,18" ten="115,187,478,220" oya="3" hai0="69,125,68,106,77,24,94,43,87,130,51,25,120" hai1="61,3,82,46,132,35,52,127,59,54,42,57,104" hai2="60,29,107,131,92,113,2,101,111,128,102,31,7" hai3="12,70,58,62,49,90,9,33,96,27,4,119,85"/><W105/><G119/><T110/><D106/><U16/><E104/><V17/><F113/><W117/><G117/><T79/><D120/><U78/><E35/><V8/><F111/><W103/><G49/><T109/><D43/><U95/><E3/><V135/><F60/><W0/><G0/><T64/><D51/><U114/><E114/><V118/><F118/><W74/><G74/><T75/><D75/><U129/><E129/><N who="2" m="49739" /><F135/><W37/><G37/><T21/><D130/><U50/><E132/><V32/><F107/><W23/><G33/><T15/><D15/><U10/><E95/><V55/><F55/><W115/><G70/><N who="0" m="27243" /><D64/><U44/><E127/><V65/><F65/><W76/><G76/><N who="0" m="29259" /><D87/><N who="1" m="48599" /><E42/><V73/><F73/><W134/><G134/><T63/><D94/><U19/><E10/><V116/><F92/><W36/><G36/><T81/><D81/><U26/><E19/><V83/><F17/><W66/><G115/><T99/><D99/><U67/><E67/><V112/><F83/><W11/><G12/><T84/><D84/><U34/><E34/><V123/><F32/><W47/><G4/><T88/><D125/><U30/><E30/><V5/><F29/><W28/><G47/><T1/><D1/><U86/><E86/><V93/><F31/><W80/><AGARI ba="0,0" hai="9,11,23,27,28,58,62,66,80,85,90,96,103,105" machi="80" ten="20,3900,0" yaku="0,1,7,1,52,1" doraHai="18" who="3" fromWho="3" sc="115,-13,187,-13,478,-13,220,39" /><INIT seed="3,1,0,5,0,52" ten="102,174,465,259" oya="3" hai0="14,76,85,49,96,15,68,91,88,37,127,84,135" hai1="6,86,134,129,11,118,123,102,128,47,121,23,79" hai2="78,130,83,109,71,87,27,82,105,4,58,65,101" hai3="69,81,24,41,0,25,31,32,60,97,50,104,44"/><W38/><G24/><T20/><D37/><U74/><E47/><V26/><F71/><W90/><G50/><T115/><D68/><U106/><E23/><V126/><F4/><W94/><G81/><T7/><D127/><U9/><E6/><V53/><F126/><W5/><G104/><T3/><D3/><U93/><E11/><V62/><F130/><N who="1" m="50281" /><E9/><V48/><F109/><W13/><G0/><T89/><D135/><U122/><E134/><V125/><F125/><W39/><G39/><T42/><D115/><U110/><E110/><V57/><REACH who="2" step="1"/><F83/><REACH who="2" ten="102,174,455,259" step="2"/><W36/><G5/><T103/><D7/><U19/><E118/><V17/><F17/><W70/><G70/><T21/><D14/><U45/><E121/><V100/><F100/><W10/><G13/><T98/><D103/><U112/><E112/><V61/><F61/><W133/><G60/><T111/><D111/><U64/><E102/><V30/><F30/><W28/><G28/><T117/><D117/><U12/><E12/><V33/><F33/><W56/><G69/><T73/><D15/><U66/><E122/><V51/><F51/><W124/><G124/><T18/><D18/><U108/><E19/><V8/><F8/><W1/><G133/><T92/><D49/><U67/><E123/><V29/><F29/><W75/><G36/><T2/><D2/><U120/><E120/><V34/><F34/><W22/><G32/><T116/><D116/><U113/><E113/><V80/><F80/><W55/><G1/><T40/><D21/><U59/><E108/><V95/><F95/><W77/><G10/><RYUUKYOKU ba="1,1" sc="102,-10,174,-10,455,30,259,-10" hai2="26,27,48,53,57,58,62,65,78,82,87,101,105" /><INIT seed="4,2,1,3,4,129" ten="92,164,485,249" oya="0" hai0="27,18,17,43,47,37,113,33,65,23,52,67,125" hai1="10,120,66,115,89,90,82,14,121,63,71,119,93" hai2="36,69,135,131,102,13,126,19,20,91,81,53,124" hai3="42,55,22,62,79,45,103,1,49,21,50,96,98"/><T41/><D33/><U64/><E119/><V12/><F69/><W123/><G123/><T70/><D113/><U54/><E115/><V51/><F36/><W95/><G1/><T48/><D125/><N who="2" m="48234" /><F131/><W34/><G34/><T134/><D134/><U9/><E66/><N who="0" m="25097" /><D37/><U35/><E35/><V6/><F135/><W8/><G62/><T86/><D70/><U108/><E108/><V127/><F6/><W111/><G111/><T80/><D17/><U76/><E54/><V16/><F102/><W112/><G112/><T106/><D106/><U117/><E117/><V60/><F60/><W122/><G122/><T40/><D40/><U15/><E63/><V0/><F0/><W84/><G8/><T25/><D25/><U133/><E64/><V28/><F127/><W75/><G75/><T101/><D101/><U11/><E71/><V78/><F91/><AGARI ba="2,1" hai="18,23,27,41,43,47,48,52,80,86,91" m="25097" machi="91" ten="30,2900,0" yaku="8,1,54,1" doraHai="129" who="0" fromWho="2" sc="92,45,164,0,485,-35,249,0" /><INIT seed="4,3,0,1,3,106" ten="137,164,450,249" oya="0" hai0="43,30,31,95,27,105,66,131,36,97,55,125,77" hai1="50,130,83,99,54,114,22,61,100,58,135,10,0" hai2="107,7,80,28,94,117,57,47,90,29,111,115,120" hai3="53,1,81,93,6,39,70,133,119,129,4,60,102"/><T17/><D105/><U9/><E130/><V75/><F115/><W59/><G119/><T25/><D125/><U132/><E114/><V134/><F111/><W40/><G133/><N who="1" m="51274" /><E0/><V52/><F107/><W63/><G129/><T79/><D131/><U35/><E35/><V41/><F134/><W71/><G93/><T48/><D43/><U103/><E22/><V104/><F104/><W19/><G102/><N who="1" m="38954" /><E99/><V122/><F7/><W110/><G110/><T89/><D36/><U62/><E83/><V68/><F68/><W84/><G70/><T78/><D66/><U121/><E121/><V11/><F11/><AGARI ba="3,0" hai="9,10,11,50,54,58,61,62" m="38954,51274" machi="11" ten="30,1000,0" yaku="20,1" doraHai="106" who="1" fromWho="2" sc="137,0,164,19,450,-19,249,0" /><INIT seed="5,0,0,3,3,62" ten="137,183,431,249" oya="1" hai0="19,56,33,18,73,17,59,127,7,31,116,135,51" hai1="25,61,30,83,52,42,124,86,126,84,45,26,93" hai2="16,118,32,54,99,132,24,11,49,75,66,28,23" hai3="8,60,4,39,72,29,5,35,36,43,1,27,74"/><U133/><E133/><V80/><F118/><W68/><G5/><T57/><D73/><N who="3" m="28265" /><G43/><T104/><D104/><U63/><E93/><V77/><F132/><W125/><G125/><N who="1" m="48234" /><E26/><V41/><F41/><W131/><G131/><T44/><D116/><U6/><E6/><V70/><F99/><W78/><G78/><T114/><D127/><U58/><E83/><V110/><F110/><W111/><G111/><T38/><D38/><N who="1" m="21719" /><E63/><V96/><F96/><W0/><G1/><T65/><D135/><U103/><E103/><V122/><F122/><W69/><G69/><T15/><D33/><AGARI ba="0,0" hai="25,30,33,52,58,61,84,86" m="21719,48234" machi="33" ten="30,2900,0" yaku="18,1,54,1" doraHai="62" who="1" fromWho="0" sc="137,-29,183,29,431,0,249,0" /><INIT seed="5,1,0,3,1,3" ten="108,212,431,249" oya="1" hai0="8,103,119,106,19,36,15,10,85,65,47,111,92" hai1="73,38,53,29,71,23,118,62,79,116,52,130,87" hai2="42,128,6,102,114,28,0,105,33,70,46,32,101" hai3="12,22,57,58,21,90,48,91,98,54,69,61,45"/><U56/><E73/><V17/><F17/><W110/><G110/><T107/><D119/><U88/><E38/><N who="2" m="21847" /><F102/><W2/><G2/><T97/><D111/><U18/><E71/><V43/><F43/><W37/><G69/><T40/><D65/><U74/><E29/><V109/><F109/><W39/><G39/><T26/><D26/><U76/><E74/><V100/><F100/><W16/><G37/><T60/><D60/><U13/><E118/><V104/><F70/><W132/><G132/><T25/><D25/><U11/><E116/><V1/><F128/><W117/><G117/><T133/><D133/><U95/><E130/><V30/><F30/><W126/><G126/><T24/><D24/><U115/><E115/><V34/><F114/><W68/><G68/><T5/><REACH who="0" step="1"/><D85/><REACH who="0" ten="98,212,431,249" step="2"/><U64/><E64/><V134/><F134/><W125/><G61/><T94/><D94/><U49/><REACH who="1" step="1"/><E11/><REACH who="1" ten="98,202,431,249" step="2"/><V93/><F28/><W77/><G22/><T14/><AGARI ba="1,2" hai="5,8,10,14,15,19,36,40,47,92,97,103,106,107" machi="14" ten="20,5200,0" yaku="1,1,0,1,7,1,52,1,53,0" doraHai="3" doraHaiUra="55" who="0" fromWho="0" sc="98,75,202,-27,431,-14,249,-14" /><INIT seed="6,0,0,1,1,88" ten="173,175,417,235" oya="2" hai0="133,108,25,35,126,29,104,22,56,5,0,128,87" hai1="76,84,92,112,11,131,102,1,110,6,42,18,54" hai2="36,38,47,4,69,51,95,130,74,107,66,134,60" hai3="75,82,15,93,24,30,65,3,10,21,106,20,14"/><V57/><F107/><W68/><G106/><T58/><D104/><U55/><E110/><V61/><F74/><W8/><G3/><T39/><D39/><U113/><E42/><V115/><F4/><W16/><G68/><T132/><D108/><U70/><E70/><V121/><F121/><W111/><G65/><T9/><D126/><U67/><E67/><V118/><F118/><W50/><G111/><T86/><D128/><U116/><E116/><V127/><F127/><W44/><G82/><T114/><D114/><N who="1" m="44139" /><E131/><V53/><F115/><W43/><G75/><T34/><D58/><U90/><E76/><V64/><F130/><W26/><G93/><T71/><D56/><U129/><E129/><V19/><F134/><N who="0" m="51818" /><D71/><U59/><E59/><V32/><F32/><AGARI ba="0,0" hai="0,5,9,22,25,29,32,34,35,86,87" m="51818" machi="32" ten="30,1000,0" yaku="20,1" doraHai="88" who="0" fromWho="2" sc="173,10,175,0,417,-10,235,0" /><INIT seed="7,0,0,1,3,76" ten="183,175,407,235" oya="3" hai0="60,6,32,12,38,82,124,54,36,78,121,128,83" hai1="86,42,58,129,51,61,91,47,81,85,2,17,75" hai2="96,10,11,5,113,7,31,41,56,118,89,33,90" hai3="46,107,135,130,14,132,63,92,94,28,0,48,8"/><W66/><G107/><T44/><D121/><U102/><E2/><V18/><F118/><W116/><G28/><T45/><D32/><U34/><E34/><V62/><F41/><W99/><G0/><T88/><D124/><U55/><E75/><V123/><F123/><W104/><G104/><T74/><D128/><U80/><E129/><V13/><F113/><W84/><G84/><T40/><D60/><U16/><REACH who="1" step="1"/><E102/><REACH who="1" ten="183,165,407,235" step="2"/><V79/><F33/><W114/><G130/><T103/><D103/><U106/><E106/><V52/><F31/><W68/><G135/><T117/><D117/><U105/><E105/><V4/><F79/><AGARI ba="0,1" hai="16,17,42,47,51,55,58,61,79,80,81,85,86,91" machi="79" ten="30,12000,2" yaku="1,1,7,1,8,1,52,2,54,1,53,0" doraHai="76" doraHaiUra="134" who="1" fromWho="2" sc="183,0,165,130,407,-120,235,0" /><INIT seed="8,0,0,1,5,81" ten="183,295,287,235" oya="0" hai0="75,51,114,60,65,5,32,44,128,45,17,18,130" hai1="9,92,79,121,21,112,86,53,39,76,88,117,62" hai2="28,101,85,37,56,22,4,87,16,29,123,0,71" hai3="55,84,72,96,27,20,107,118,120,26,105,67,57"/><T1/><D75/><U12/><E39/><V122/><F71/><W108/><G72/><T99/><D32/><U119/><E121/><V25/><F37/><W7/><G108/><T2/><D99/><U116/><E112/><V111/><F111/><W36/><G36/><T34/><D34/><U54/><E21/><V104/><F104/><W46/><G120/><T94/><D94/><U70/><E54/><V109/><F109/><W6/><G67/><T50/><D5/><N who="1" m="3119" /><E53/><V82/><F101/><W64/><G64/><AGARI ba="0,0" hai="62,64,70,76,79,86,88,92,116,117,119" m="3119" machi="64" ten="30,3900,0" yaku="16,1,52,1,54,1" doraHai="81" who="1" fromWho="3" sc="183,0,295,39,287,0,235,-39" owari="183,-32.0,334,43.0,287,9.0,196,-20.0" /></mjloggm>