<mjloggm ver="2.3"><GO type="169" lobby="0"/><UN n0="%EF%BC%88%E2%89%A7%E2%96%BD%E2%89%A6%EF%BC%89" n1="%E3%81%98%E3%82%83%E3%82%80%E2%99%AD" n2="%E3%81%A1%E3%81%87%E3%81%A3%E3%81%8B%E3%83%BC%E3%81%9A" n3="%E6%B0%91%E8%8A%B8" dan="18,16,16,17" rate="2186.60,2052.37,2091.50,2123.71" sx="M,M,M,M"/><TAIKYOKU oya="0"/><INIT seed="0,0,0,5,1,120" ten="250,250,250,250" oya="0" hai0="102,77,31,14,81,29,87,46,50,84,109,9,126" hai1="93,105,122,16,12,101,6,25,52,111,90,100,63" hai2="57,20,65,32,79,8,43,99,118,3,35,15,33" hai3="135,91,86,54,11,123,113,78,134,80,47,41,19"/><T30/><D126/><U4/><E111/><V89/><F3/><W106/><G113/><T51/><D102/><N who="1" m="39531" /><E105/><V82/><F118/><W127/><G106/><T104/><D104/><U92/><E25/><V116/><F116/><W40/><G127/><T75/><D109/><U95/><E90/><V66/><F43/><W119/><G119/><T26/><D26/><U85/><E85/><V130/><F130/><W18/><G123/><T72/><D84/><U45/><E122/><V88/><F20/><W1/><G78/><T62/><D62/><U21/><E63/><V131/><F131/><W28/><G28/><T22/><D22/><U114/><E114/><V128/><F128/><W112/><G112/><T110/><D110/><U56/><E56/><V121/><F121/><W59/><G1/><T37/><D37/><U97/><E97/><V71/><F71/><W98/><G98/><T44/><D51/><AGARI ba="0,0" hai="4,6,12,16,21,45,51,52,92,93,95" m="39531" machi="51" ten="30,3900,0" yaku="8,1,54,2" doraHai="120" who="1" fromWho="0" sc="250,-39,250,39,250,0,250,0" /><INIT seed="1,0,0,2,4,134" ten="211,289,250,250" oya="1" hai0="120,81,96,15,50,110,98,9,107,62,119,109,28" hai1="13,10,83,75,19,117,116,7,55,24,100,68,41" hai2="44,129,82,99,57,135,78,95,59,113,29,106,8" hai3="21,37,34,58,73,47,77,124,80,6,128,52,56"/><U35/><E68/><V93/><F135/><W103/><G34/><T26/><D119/><U25/><E41/><V101/><F129/><W66/><G128/><T104/><D81/><U53/><E100/><V114/><F29/><W36/><G103/><T12/><D50/><U125/><E35/><V92/><F44/><W20/><G6/><T72/><D62/><U17/><E75/><N who="2" m="43359" /><F8/><W79/><G47/><T3/><D72/><U132/><E132/><V45/><F45/><W4/><G4/><T87/><D87/><U63/><E83/><V14/><F14/><N who="0" m="5162" /><D9/><U5/><E63/><V118/><F118/><W126/><G66/><T38/><D38/><N who="3" m="14953" /><G79/><T127/><D3/><U49/><E10/><V32/><F32/><W70/><G70/><T115/><D26/><U131/><E131/><V121/><F121/><W64/><G64/><T111/><D120/><U94/><E13/><V105/><F105/><N who="0" m="40522" /><D28/><U74/><E74/><V122/><F122/><W18/><G58/><T85/><D110/><U16/><E116/><V90/><F59/><W31/><G31/><T27/><D27/><U133/><E133/><V48/><F57/><W86/><G73/><T88/><D115/><N who="2" m="44042" /><F48/><N who="3" m="30727" /><G18/><T123/><D123/><U0/><E117/><V30/><F30/><W11/><G11/><T84/><D111/><U97/><E24/><V71/><F71/><W65/><G65/><T54/><D109/><U43/><E25/><V67/><F67/><W46/><G46/><T102/><D54/><U22/><E53/><V1/><F1/><W33/><G33/><T91/><D102/><U2/><E0/><RYUUKYOKU ba="0,0" sc="211,-15,289,-15,250,15,250,15" hai2="90,92,93,95,99,101,106" hai3="20,21,77,80,86,124,126" /><INIT seed="2,1,0,5,1,31" ten="196,274,265,265" oya="2" hai0="79,124,57,87,83,81,0,66,111,126,101,125,29" hai1="28,80,20,24,14,121,61,114,117,98,102,46,88" hai2="123,100,85,40,99,12,34,72,50,67,37,47,78" hai3="60,64,135,2,103,133,112,17,21,110,27,95,108"/><V118/><F118/><W109/><G2/><T92/><D0/><U48/><E117/><V9/><F123/><W7/><G7/><T16/><D111/><U15/><E114/><V56/><F72/><W22/><G112/><T49/><D29/><U63/><E121/><V51/><F34/><W128/><G128/><T119/><D119/><U42/><E61/><V86/><F78/><W33/><G33/><T131/><D131/><U134/><E134/><V129/><F129/><W90/><G103/><T122/><D122/><U6/><E6/><V96/><F37/><W127/><G21/><T97/><D81/><U77/><E63/><N who="2" m="38375" /><F51/><W93/><G127/><T73/><D66/><U130/><E130/><V45/><F45/><W53/><G53/><N who="0" m="31919" /><D16/><U52/><E42/><V10/><F10/><W71/><REACH who="3" step="1"/><G95/><REACH who="3" ten="196,274,265,255" step="2"/><T13/><D13/><U1/><E1/><V35/><F12/><W84/><AGARI ba="1,1" hai="17,22,27,60,64,71,84,90,93,108,109,110,133,135" machi="84" ten="40,8000,1" yaku="1,1,2,1,0,1,14,1,53,1" doraHai="31" doraHaiUra="23" who="3" fromWho="3" sc="196,-21,274,-21,265,-41,255,93" /><INIT seed="3,0,0,2,4,15" ten="175,253,224,348" oya="3" hai0="121,115,131,0,127,10,102,37,5,47,29,36,53" hai1="86,125,72,17,106,107,103,124,111,78,123,110,26" hai2="20,65,64,73,30,33,100,18,31,108,56,80,67" hai3="4,101,61,129,52,85,118,41,28,92,40,54,68"/><W8/><G118/><T119/><D121/><U42/><E123/><V128/><F108/><N who="1" m="41513" /><E42/><N who="3" m="16490" /><G68/><T88/><D102/><U98/><E26/><V49/><F128/><W35/><G35/><T77/><D77/><U27/><E27/><V58/><F33/><W70/><G70/><T24/><D119/><U57/><E57/><V83/><F100/><W39/><G39/><T19/><D131/><U82/><E17/><V21/><F73/><W23/><G129/><T116/><D116/><U126/><E72/><V32/><F32/><W6/><G28/><N who="2" m="10793" /><F21/><W69/><G69/><T1/><D1/><U95/><AGARI ba="0,0" hai="78,82,86,95,98,103,106,107,124,125,126" m="41513" machi="95" ten="40,8000,1" yaku="18,1,14,1,34,2" doraHai="15" who="1" fromWho="1" sc="175,-20,253,80,224,-20,348,-40" /><INIT seed="4,0,0,3,1,57" ten="155,333,204,308" oya="0" hai0="124,118,7,132,127,61,79,104,34,28,93,123,77" hai1="110,49,101,105,31,126,82,6,106,119,99,14,29" hai2="114,90,26,48,74,130,92,17,9,10,55,30,33" hai3="80,22,19,62,27,4,75,20,47,133,0,52,107"/><T70/><D123/><U3/><E110/><V134/><F74/><W95/><G107/><T78/><D118/><U53/><E119/><V81/><F114/><W65/><G133/><T56/><D104/><U46/><E3/><V122/><F122/><W94/><G0/><T87/><D70/><U36/><E106/><V100/><F134/><W35/><G35/><T1/><D132/><U83/><E36/><V71/><F71/><W102/><G4/><T67/><D28/><U38/><E38/><V131/><F100/><W54/><G102/><T135/><D34/><U129/><E129/><N who="2" m="49163" /><F81/><W66/><G75/><T23/><D23/><U2/><E2/><V18/><F10/><W108/><G108/><T116/><D135/><U117/><E126/><N who="0" m="48169" /><D116/><U76/><E117/><V64/><F64/><N who="3" m="24683" /><G80/><N who="0" m="47519" /><D93/><U11/><E82/><V111/><F9/><AGARI ba="0,0" hai="1,7,9,56,61,67,77,78" m="47519,48169" machi="9" ten="30,2900,0" yaku="18,1,52,1" doraHai="57" who="0" fromWho="2" sc="155,29,333,0,204,-29,308,0" /><INIT seed="4,1,0,4,3,91" ten="184,333,175,308" oya="0" hai0="96,75,18,31,52,70,30,34,128,123,97,105,84" hai1="54,16,11,117,76,29,99,66,88,72,35,130,38" hai2="129,81,135,64,59,33,73,15,7,63,107,20,40" hai3="74,94,92,69,46,131,23,58,102,133,67,25,50"/><T113/><D75/><U101/><E117/><V103/><F33/><W134/><G74/><T132/><D70/><U80/><E38/><V124/><F124/><W6/><G69/><T61/><D123/><U60/><E130/><V79/><F129/><W24/><G131/><T95/><D128/><U45/><E29/><N who="0" m="10761" /><D34/><U77/><E35/><V51/><F135/><N who="3" m="51723" /><G6/><T12/><D105/><U71/><E72/><V114/><F114/><W89/><G102/><T82/><D113/><U41/><E54/><V93/><F107/><W111/><G111/><T122/><D122/><U0/><E0/><V49/><F40/><N who="3" m="24903" /><G89/><N who="0" m="53671" /><D132/><U27/><E71/><V42/><F42/><W121/><G121/><T44/><D82/><U13/><E80/><V110/><F110/><W53/><G67/><T2/><D2/><U22/><E66/><V87/><F73/><W5/><G5/><T83/><D83/><U21/><E76/><V4/><F4/><W118/><G118/><T39/><D39/><U26/><E77/><V10/><REACH who="2" step="1"/><F20/><REACH who="2" ten="184,333,165,308" step="2"/><W14/><G23/><N who="0" m="11719" /><D44/><U9/><E45/><V100/><F100/><W116/><G116/><T57/><AGARI ba="1,1" hai="52,57,61,96,97" m="11719,53671,10761" machi="57" ten="30,6000,0" yaku="8,1,52,1,54,1" doraHai="91" who="0" fromWho="0" sc="184,73,333,-21,165,-21,308,-21" /><INIT seed="4,2,0,3,2,126" ten="257,312,144,287" oya="0" hai0="39,98,12,26,44,52,25,107,82,115,90,114,19" hai1="106,118,85,11,20,15,4,2,117,104,74,112,116" hai2="127,9,96,18,65,28,91,67,75,29,119,21,16" hai3="80,86,92,129,24,135,111,10,55,68,69,59,102"/><T100/><D39/><U60/><E74/><V70/><F75/><W134/><G111/><T35/><D35/><U105/><E112/><N who="0" m="43049" /><D82/><U56/><E85/><V34/><F127/><W41/><G41/><T76/><D90/><U87/><E87/><V121/><F121/><W71/><G80/><T53/><D76/><U108/><E108/><V101/><F119/><W63/><G102/><T84/><D84/><U58/><E60/><V47/><F91/><W51/><G86/><T3/><D3/><U32/><E32/><V13/><F70/><W120/><G120/><T48/><D53/><U89/><E89/><V72/><F72/><W131/><G92/><T128/><D128/><N who="3" m="49225" /><G24/><T8/><AGARI ba="2,0" hai="8,12,19,25,26,44,48,52,98,100,107" m="43049" machi="8" ten="30,3000,0" yaku="15,1,54,1" doraHai="126" who="0" fromWho="0" sc="257,36,312,-12,144,-12,287,-12" /><INIT seed="4,3,0,2,5,31" ten="293,300,132,275" oya="0" hai0="96,111,6,42,74,20,133,14,41,97,50,128,18" hai1="64,39,58,119,70,9,52,83,92,21,26,72,30" hai2="53,47,124,80,114,134,129,11,78,125,94,57,65" hai3="23,19,135,36,28,85,75,91,45,101,109,132,68"/><T110/><D74/><U95/><E39/><V1/><F129/><W76/><G109/><N who="0" m="41483" /><D133/><N who="3" m="51273" /><G68/><T104/><D128/><U90/><E119/><V44/><F134/><W103/><G28/><T127/><D127/><U99/><E70/><V15/><F1/><W117/><G117/><T35/><D104/><U54/><E9/><V37/><F114/><W46/><G76/><T69/><D69/><U24/><E24/><V60/><F94/><N who="3" m="54639" /><G75/><T27/><D6/><U4/><E4/><V73/><F37/><W98/><G36/><T120/><D120/><U32/><E72/><V25/><F25/><N who="3" m="14591" /><G103/><T87/><D87/><U131/><E131/><V122/><F122/><W61/><G61/><T112/><D112/><U71/><E71/><V49/><REACH who="2" step="1"/><F47/><REACH who="2" ten="293,300,122,275" step="2"/><W88/><G101/><T51/><D27/><U106/><E106/><V59/><F59/><W130/><G130/><T40/><D35/><U123/><E32/><V2/><F2/><W77/><G45/><T12/><D14/><U22/><E123/><V34/><F34/><W3/><G46/><T16/><D41/><U5/><E26/><V38/><F38/><W33/><G33/><T63/><D42/><U56/><E95/><V62/><F62/><W82/><G3/><T86/><D40/><U79/><E92/><V8/><F8/><W29/><G82/><T102/><D102/><U105/><E83/><V116/><F116/><W84/><G98/><T81/><D97/><U7/><E99/><V55/><F55/><W121/><G121/><T107/><D96/><U93/><E54/><V89/><F89/><W126/><G88/><RYUUKYOKU ba="3,1" sc="293,-10,300,-10,122,30,275,-10" hai2="11,15,44,49,53,57,60,65,73,78,80,124,125" /><INIT seed="5,4,1,0,2,71" ten="283,290,152,265" oya="1" hai0="75,32,29,8,10,67,116,9,36,106,34,108,118" hai1="78,89,87,107,73,30,55,70,7,129,127,63,123" hai2="95,59,24,39,82,65,74,76,121,28,19,83,124" hai3="117,103,51,14,12,86,97,84,44,66,46,50,38"/><U48/><E123/><V115/><F121/><W0/><G0/><T72/><D67/><U60/><E107/><V133/><F124/><W6/><G117/><N who="0" m="45163" /><D29/><U88/><E127/><V20/><F133/><W90/><G66/><T100/><D100/><U22/><E7/><V77/><F115/><W56/><G56/><T81/><D81/><N who="1" m="47543" /><E70/><V64/><F95/><N who="3" m="58815" /><G38/><T92/><D92/><U131/><E73/><V109/><F109/><W58/><G58/><T17/><D17/><U53/><E22/><V91/><F91/><N who="1" m="34889" /><E30/><V101/><F101/><W119/><G119/><T94/><D94/><U23/><E23/><V130/><F130/><N who="1" m="49673" /><E53/><V96/><F96/><W1/><G1/><T57/><D106/><U113/><E113/><V128/><F128/><W62/><G6/><T68/><D68/><U45/><AGARI ba="4,1" hai="45,48,55,60,63" m="49673,34889,47543" machi="45" ten="30,3000,0" yaku="19,1,54,1" doraHai="71" who="1" fromWho="1" sc="283,-14,290,52,152,-14,265,-14" /><INIT seed="5,5,0,3,5,80" ten="269,342,138,251" oya="1" hai0="10,56,8,102,42,103,55,107,131,46,49,30,99" hai1="77,84,97,114,27,91,94,121,123,109,119,15,76" hai2="39,129,108,61,47,83,82,19,59,66,1,21,96" hai3="89,28,51,6,24,0,71,104,78,73,11,5,111"/><U68/><E68/><V45/><F108/><W44/><G111/><T130/><D30/><U112/><E109/><V37/><F1/><W86/><G71/><T57/><D103/><N who="1" m="60855" /><E119/><V20/><F129/><N who="0" m="49162" /><D57/><U88/><E27/><V13/><F96/><W7/><G104/><T26/><D26/><U92/><E15/><V133/><F133/><W43/><G78/><N who="1" m="30314" /><E91/><V132/><F132/><W12/><G73/><T58/><D58/><U62/><E62/><AGARI ba="5,0" hai="8,10,42,46,49,55,56,62,99,102,107" m="49162" machi="62" ten="30,1000,0" yaku="19,1" doraHai="80" who="0" fromWho="1" sc="269,25,342,-25,138,0,251,0" /><INIT seed="6,0,0,2,0,35" ten="294,317,138,251" oya="2" hai0="53,96,65,76,71,118,60,97,73,87,92,83,28" hai1="91,20,25,41,12,55,14,113,81,49,17,79,108" hai2="129,34,78,63,120,31,26,32,112,56,117,131,121" hai3="69,1,98,111,46,100,102,36,9,119,3,64,58"/><V84/><F117/><W99/><G119/><T104/><D28/><U50/><E108/><V77/><F112/><W122/><G111/><T29/><D29/><U80/><E41/><V23/><F120/><W13/><G69/><T54/><D118/><U116/><E116/><V101/><F121/><W8/><G122/><T133/><D133/><U5/><E79/><N who="2" m="30219" /><F84/><W132/><G132/><T68/><D68/><U135/><E113/><V61/><F61/><W72/><G72/><T16/><D16/><N who="1" m="12423" /><E5/><V57/><F57/><W38/><G58/><T48/><D97/><U93/><E14/><V123/><F123/><W52/><G13/><T125/><D48/><N who="1" m="18539" /><E55/><N who="2" m="34207" /><F101/><W89/><G89/><T27/><D73/><U19/><E135/><V66/><F66/><W75/><G64/><T30/><D65/><U115/><E115/><V10/><F10/><W67/><G67/><T37/><D60/><U39/><E39/><V22/><F22/><W130/><G75/><T105/><D37/><U128/><E128/><AGARI ba="0,0" hai="23,26,31,32,34,128,129,131" m="34207,30219" machi="128" ten="30,1500,0" yaku="19,1" doraHai="35" who="2" fromWho="1" sc="294,0,317,-15,138,15,251,0" /><INIT seed="6,1,0,4,3,89" ten="294,302,153,251" oya="2" hai0="20,91,39,21,53,37,0,83,8,107,49,43,104" hai1="3,109,36,95,12,73,44,119,29,54,97,14,71" hai2="105,55,117,129,2,106,135,118,116,108,41,114,126" hai3="50,45,68,112,134,77,25,98,120,5,131,7,74"/><V96/><F2/><W24/><G120/><T13/><D0/><U93/><E109/><V38/><F108/><W111/><G111/><T78/><D107/><U33/><E3/><V1/><F1/><W28/><G68/><T9/><D104/><U30/><E71/><V11/><F11/><N who="0" m="4170" /><D39/><U42/><E73/><V82/><F114/><W16/><G74/><T10/><D78/><U40/><E119/><V65/><F126/><W92/><G77/><T69/><D43/><U123/><E42/><V127/><F127/><W56/><G56/><N who="0" m="32815" /><D37/><U90/><E33/><V27/><F129/><W15/><G131/><T72/><D69/><U79/><E79/><V75/><F135/><W66/><G66/><T70/><D70/><U6/><E54/><V124/><F124/><W17/><G112/><T67/><D67/><U63/><E63/><V81/><F65/><W51/><G134/><T102/><D102/><U76/><E76/><V61/><F27/><N who="3" m="10315" /><G28/><T88/><D72/><U62/><E62/><V113/><F113/><W103/><G50/><T86/><D91/><U85/><E123/><V110/><F110/><W52/><G15/><T125/><D125/><U80/><E12/><V94/><F75/><W34/><G34/><T58/><D58/><U46/><E46/><N who="2" m="23863" /><F106/><W100/><G100/><T18/><AGARI ba="1,0" hai="10,13,18,20,21,83,86,88" m="32815,4170" machi="18" ten="30,2000,0" yaku="8,1,54,1" doraHai="89" who="0" fromWho="0" sc="294,23,302,-6,153,-11,251,-6" /><INIT seed="7,0,0,5,2,39" ten="317,296,142,245" oya="3" hai0="114,20,73,61,96,44,6,81,50,56,19,93,132" hai1="16,129,113,87,62,66,12,43,49,135,15,53,65" hai2="36,116,27,126,0,8,105,7,54,101,9,5,107" hai3="100,26,128,120,111,92,89,41,98,17,57,121,45"/><W10/><G128/><T123/><D123/><U108/><E129/><V22/><F116/><W24/><G111/><T23/><D132/><U79/><E108/><V95/><F36/><W67/><G100/><N who="0" m="60431" /><D73/><U46/><E113/><V3/><F126/><W75/><G75/><T109/><D114/><U118/><E135/><V31/><F101/><W51/><G24/><T124/><D124/><U122/><E122/><V35/><F95/><W33/><G33/><T80/><D6/><U18/><E118/><V13/><F54/><W52/><G67/><N who="1" m="25610" /><E87/><V2/><F2/><W104/><G104/><T131/><D131/><U88/><E88/><V64/><F64/><W70/><G70/><T77/><D109/><U85/><E85/><V119/><F119/><W21/><REACH who="3" step="1"/><G10/><REACH who="3" ten="317,296,142,235" step="2"/><T127/><D127/><U110/><E110/><V102/><F102/><W103/><G103/><T59/><D23/><U68/><E68/><V55/><F55/><W134/><G134/><T117/><D117/><U34/><E34/><V130/><F130/><W84/><G84/><T4/><D20/><U76/><E76/><V47/><F47/><W91/><G91/><T133/><D44/><U83/><E79/><V32/><F32/><W78/><G78/><T30/><D77/><U90/><E90/><V40/><F40/><W48/><AGARI ba="0,1" hai="17,21,26,41,45,48,51,52,57,89,92,98,120,121" machi="48" ten="20,12000,1" yaku="1,1,0,1,7,1,52,1,54,1,53,0" doraHai="39" doraHaiUra="125" who="3" fromWho="3" sc="317,-40,296,-40,142,-40,235,130" owari="277,8.0,256,-14.0,102,-40.0,365,46.0" /></mjloggm>