<mjloggm ver="2.3"><GO type="41"/><UN n0="%E4%B8%80%E7%99%BA%E3%83%84%E3%83%A2%E4%B9%8B%E5%8A%A9" n1="%4B%6F%6E%4B%65%6E" n2="%E3%82%A6%E3%83%AB%E3%83%88%E3%83%A9%E7%AB%8B%E7%9B%B4" n3="%E7%89%8C%E7%8E%8B%E4%BD%8D" dan="14,14,15,15" rate="1887,1879,2008,1929" sx="F,M,M,M"/><TAIKYOKU oya="0"/><INIT seed="0,0,0,1,4,84" ten="250,250,250,250" oya="0" hai0="116,66,124,61,4,36,15,127,113,23,91,3,122" hai1="105,12,56,40,24,55,7,93,76,53,112,72,107" hai2="2,83,27,14,16,37,86,80,44,65,79,96,59" hai3="42,63,39,6,89,19,74,118,111,29,28,32,110"/><T100/><D122/><U52/><E40/><V46/><F2/><W45/><G74/><T31/><D116/><U69/><E69/><V130/><F37/><W131/><G118/><T103/><D36/><U135/><E135/><V95/><F95/><W57/><G6/><T82/><D3/><U128/><E112/><V26/><F130/><W58/><G131/><T50/><D50/><U92/><E76/><V134/><F96/><W114/><G114/><T34/><D34/><U38/><E72/><V97/><F97/><W0/><G0/><T49/><D49/><U18/><E38/><V41/><F83/><W17/><G58/><T75/><D75/><U129/><E56/><V43/><F134/><W98/><G19/><N who="0" m="10751" /><D31/><U81/><E81/><V132/><F132/><W106/><G29/><T20/><D20/><U25/><E7/><V109/><F109/><W48/><G28/><T119/><D4/><U51/><E51/><V70/><F70/><W108/><G32/><T88/><D82/><U133/><E133/><V21/><F44/><W73/><G73/><T125/><D113/><U22/><E129/><V10/><F46/><W64/><G39/><T99/><D103/><U33/><E33/><V47/><F47/><W120/><G120/><T94/><D119/><U35/><E35/><V117/><F117/><W30/><G30/><T85/><D85/><U101/><E101/><V1/><F1/><W13/><G106/><N who="1" m="40458" /><E128/><V11/><F11/><N who="3" m="6335" /><G111/><T123/><D123/><U60/><E60/><N who="2" m="38047" /><F10/><W54/><G42/><AGARI ba="0,0" hai="14,16,21,26,27,41,42,43,79,80,86" m="38047" machi="42" ten="30,2000,0" yaku="8,1,54,1" doraHai="84" who="2" fromWho="3" sc="250,0,250,0,250,20,250,-20" /><INIT seed="1,0,0,3,4,74" ten="250,250,270,230" oya="1" hai0="56,8,86,80,81,69,90,7,17,117,85,27,104" hai1="127,38,28,112,53,72,108,41,71,97,31,33,51" hai2="123,113,76,42,49,92,10,60,119,66,1,106,6" hai3="20,100,93,115,18,129,134,103,109,0,3,105,21"/><U110/><E112/><V68/><F106/><W48/><G105/><T88/><D69/><U26/><E31/><V118/><F123/><W52/><G115/><T4/><D104/><U23/><E71/><V84/><F113/><W57/><G129/><T40/><D117/><U29/><E127/><V91/><F42/><W114/><G114/><T11/><D40/><U5/><E5/><V77/><REACH who="2" step="1"/><F49/><REACH who="2" ten="250,250,260,230" step="2"/><W70/><G134/><T107/><D107/><U34/><E41/><V25/><F25/><W62/><G109/><N who="1" m="42090" /><E38/><V131/><F131/><W30/><G0/><T45/><D45/><N who="1" m="27887" /><E29/><V54/><F54/><W125/><G52/><T99/><D27/><U126/><E126/><V14/><F14/><W44/><G30/><T132/><D132/><U37/><E37/><V122/><F122/><W124/><G3/><T22/><D99/><U75/><E97/><V55/><F55/><W50/><G124/><T12/><REACH who="0" step="1"/><D56/><REACH who="0" ten="240,250,260,230" step="2"/><U9/><E9/><AGARI ba="0,2" hai="4,7,8,9,11,12,17,22,80,81,85,86,88,90" machi="9" ten="40,8000,1" yaku="1,1,2,1,9,1,8,1,54,1,53,0" doraHai="74" doraHaiUra="61" who="0" fromWho="1" sc="240,100,250,-80,260,0,230,0" /><INIT seed="2,0,0,5,3,44" ten="340,170,260,230" oya="2" hai0="0,19,29,116,14,131,123,31,91,28,124,56,27" hai1="17,34,117,57,72,1,46,33,38,128,106,132,61" hai2="65,108,3,54,12,59,126,39,9,77,90,89,26" hai3="11,2,112,92,115,35,130,125,135,96,66,127,111"/><V76/><F3/><W13/><G66/><T107/><D107/><U70/><RYUUKYOKU type="yao9" ba="0,0" sc="340,0,170,0,260,0,230,0" hai1="1,17,33,34,38,46,57,61,70,72,106,117,128,132" /><INIT seed="2,1,0,1,4,34" ten="340,170,260,230" oya="2" hai0="90,91,30,92,59,31,75,134,82,99,23,60,20" hai1="66,116,97,64,74,62,48,135,41,40,46,13,43" hai2="120,125,76,38,8,21,131,106,61,102,124,83,78" hai3="122,7,35,100,111,37,86,12,119,69,128,105,101"/><V57/><F38/><W6/><G69/><T49/><D134/><U1/><E74/><V19/><F120/><W53/><G105/><T67/><D49/><U56/><E116/><V25/><F131/><W27/><G53/><T70/><D70/><U44/><E13/><V16/><F102/><W11/><G7/><T129/><D129/><U63/><E97/><V45/><F106/><W113/><G86/><N who="0" m="50519" /><D75/><U112/><E135/><V2/><F45/><N who="1" m="17513" /><E112/><V14/><F2/><W50/><G37/><T127/><D127/><N who="2" m="48714" /><F83/><W117/><G117/><T88/><D91/><U52/><E1/><V89/><F89/><W26/><G101/><T108/><D108/><U36/><E36/><V107/><F107/><W5/><G111/><T42/><D42/><N who="1" m="10755" /><U132/><DORA hai="93" /><E132/><V29/><F29/><AGARI ba="1,0" hai="20,23,29,30,31,59,60,67,88,92,99" m="50519" machi="29" ten="30,3900,0" yaku="8,1,52,1,54,1" doraHai="34,93" who="0" fromWho="2" sc="340,42,170,0,260,-42,230,0" /><INIT seed="3,0,0,3,5,116" ten="382,170,218,230" oya="3" hai0="86,35,50,127,97,14,32,49,16,101,75,115,94" hai1="31,59,111,130,95,132,21,112,76,65,79,133,36" hai2="107,120,100,129,13,67,29,77,62,87,15,2,56" hai3="85,78,34,122,11,33,8,83,1,40,25,60,119"/><W23/><G119/><T82/><D75/><U93/><E36/><V99/><F2/><W105/><G105/><T63/><D127/><U43/><E43/><V69/><F129/><W58/><G40/><T71/><D115/><U118/><E112/><V121/><F56/><W12/><G1/><T44/><D63/><U41/><E41/><V54/><F54/><W52/><G8/><T37/><D37/><U10/><E10/><V73/><F73/><W125/><G125/><T7/><D7/><U28/><E111/><V46/><F46/><W47/><G47/><T113/><D71/><U57/><E130/><V88/><F77/><W106/><G106/><T96/><D96/><U103/><E103/><V126/><F29/><W5/><REACH who="3" step="1"/><G122/><REACH who="3" ten="382,170,218,220" step="2"/><N who="2" m="47209" /><F126/><W18/><AGARI ba="0,1" hai="5,11,12,18,23,25,33,34,52,58,60,78,83,85" machi="18" ten="20,7800,0" yaku="1,1,0,1,7,1,54,1,53,0" doraHai="116" doraHaiUra="70" who="3" fromWho="3" sc="382,-26,170,-26,218,-26,220,88" /><INIT seed="3,1,0,0,5,54" ten="356,144,192,308" oya="3" hai0="68,17,74,86,117,132,8,122,53,6,81,43,97" hai1="92,123,21,128,129,78,63,34,41,75,23,99,0" hai2="131,70,28,71,91,55,121,47,95,3,118,44,135" hai3="22,15,60,85,66,82,100,38,65,14,56,51,61"/><W98/><G38/><T9/><D117/><U4/><E34/><V48/><F3/><W62/><G51/><T39/><D68/><U49/><E123/><V31/><F118/><W58/><G61/><T59/><D74/><U96/><E63/><V25/><F121/><W67/><G66/><T50/><D122/><U27/><E96/><V57/><F131/><N who="1" m="50249" /><E78/><V125/><F125/><W30/><G30/><T7/><D43/><U104/><E75/><V16/><F135/><W24/><G85/><T102/><D39/><U115/><E104/><V106/><F106/><W116/><G82/><T29/><D17/><U119/><E119/><V10/><F71/><W120/><G120/><T52/><D53/><U103/><E115/><V76/><F76/><W45/><G45/><N who="2" m="17481" /><F70/><W32/><G32/><T80/><D29/><N who="1" m="17647" /><E23/><N who="2" m="13543" /><F10/><W87/><G116/><T134/><D9/><N who="1" m="2183" /><E49/><V72/><F72/><W83/><G98/><AGARI ba="1,0" hai="28,31,48,55,57,91,95,98" m="13543,17481" machi="98" ten="30,3900,0" yaku="8,1,52,1,54,1" doraHai="54" who="2" fromWho="3" sc="356,0,144,0,192,42,308,-42" /><INIT seed="4,0,0,1,0,104" ten="356,144,234,266" oya="0" hai0="135,102,95,60,97,40,105,29,112,32,74,35,103" hai1="88,113,70,85,83,23,10,92,79,50,11,77,65" hai2="90,57,24,46,93,101,117,127,91,52,28,14,89" hai3="36,48,13,116,86,119,68,107,129,47,8,121,123"/><T20/><D74/><U12/><E113/><V17/><F46/><W111/><G107/><T71/><D40/><U34/><E34/><V73/><F73/><W110/><G86/><T108/><D112/><U26/><E79/><V27/><F117/><N who="3" m="45131" /><G68/><T31/><D135/><U41/><E70/><V30/><F127/><W5/><G36/><T45/><D45/><U39/><E39/><V72/><F72/><W22/><G129/><T130/><D130/><U3/><E65/><V118/><F118/><W19/><G48/><T81/><D81/><U61/><E61/><V53/><F93/><W80/><G80/><T2/><D2/><U67/><E67/><V59/><F101/><W75/><G75/><T115/><D115/><U37/><E37/><V1/><F1/><N who="3" m="47" /><G47/><T126/><D103/><U78/><E77/><V128/><F128/><W131/><G131/><T49/><D49/><U42/><E50/><V54/><F57/><W25/><G13/><T125/><D102/><U109/><E12/><V0/><F0/><W6/><G6/><T120/><D105/><U114/><E3/><V16/><F59/><W44/><G44/><T133/><D60/><U63/><E63/><V94/><F94/><W69/><G69/><T43/><D95/><U98/><E114/><V4/><F4/><W15/><G15/><T96/><D71/><U99/><E99/><V38/><F38/><W56/><G56/><T132/><D96/><U55/><E55/><V134/><F14/><W58/><G58/><T62/><D97/><U7/><E7/><V51/><F54/><W100/><G100/><RYUUKYOKU ba="0,0" sc="356,-10,144,-10,234,-10,266,30" hai3="19,22,25,110,111,121,123" /><INIT seed="5,1,0,2,4,68" ten="346,134,224,296" oya="1" hai0="130,72,53,98,93,123,128,48,76,90,51,77,120" hai1="118,103,46,65,19,70,17,71,116,115,22,127,75" hai2="4,49,124,40,57,131,13,26,67,55,134,5,80" hai3="126,135,96,37,110,114,112,1,3,132,73,11,50"/><U35/><E75/><V133/><F124/><W81/><G50/><N who="0" m="18987" /><D53/><U23/><E35/><V9/><F131/><N who="0" m="50218" /><D72/><U52/><E103/><V66/><F40/><W30/><G96/><T89/><D89/><U41/><E127/><V20/><F5/><N who="3" m="1455" /><G30/><T85/><D85/><U104/><E104/><V31/><REACH who="2" step="1"/><F80/><REACH who="2" ten="346,134,214,296" step="2"/><W125/><G81/><T82/><D82/><U99/><E118/><V101/><F101/><W69/><G126/><T129/><D129/><U32/><E116/><V109/><F109/><W8/><G110/><T117/><D117/><U87/><E87/><V74/><F74/><W94/><G73/><T0/><D0/><U43/><E99/><V24/><F24/><W25/><G25/><T27/><D27/><U111/><E111/><V6/><F6/><W29/><G3/><T122/><AGARI ba="1,1" hai="76,77,90,93,98,120,122,123" m="50218,18987" machi="122" ten="40,2700,0" yaku="13,1,19,1" doraHai="68" who="0" fromWho="0" sc="346,40,134,-14,214,-8,296,-8" /><INIT seed="6,0,0,0,4,88" ten="386,120,206,288" oya="2" hai0="38,121,30,14,4,19,48,125,21,77,111,110,44" hai1="67,43,134,108,106,23,103,50,91,98,3,20,18" hai2="52,46,107,128,1,32,5,7,58,40,11,135,132" hai3="95,65,79,89,12,26,99,54,0,61,41,33,97"/><V126/><F107/><W51/><G0/><T86/><D38/><U8/><E3/><V35/><F7/><W129/><G41/><N who="0" m="24591" /><D30/><U92/><E67/><V55/><F126/><W127/><G79/><T85/><D85/><U117/><E117/><V84/><F84/><W72/><G12/><N who="0" m="9447" /><D125/><U45/><E108/><V70/><F70/><W112/><G51/><T109/><D121/><U114/><E134/><N who="2" m="51243" /><F128/><W29/><G54/><N who="2" m="20521" /><F58/><W133/><G72/><T82/><D111/><U118/><E118/><V131/><F131/><W9/><G129/><T2/><D2/><U56/><E56/><V25/><F25/><W87/><G127/><T62/><D62/><U42/><E114/><V75/><F75/><W64/><G112/><T10/><AGARI ba="0,0" hai="4,10,14,77,82,86,109,110" m="9447,24591" machi="10" ten="30,1100,0" yaku="25,1" doraHai="88" who="0" fromWho="0" sc="386,11,120,-3,206,-5,288,-3" /><INIT seed="7,0,0,2,3,127" ten="397,117,201,285" oya="3" hai0="42,10,131,92,118,26,22,77,135,56,123,47,122" hai1="121,20,39,116,85,14,1,3,86,79,73,108,51" hai2="29,115,78,41,119,125,105,128,69,52,38,129,130" hai3="44,8,62,126,35,112,49,28,61,101,102,100,81"/><W132/><G126/><T90/><D77/><U48/><E39/><V113/><F105/><W110/><G132/><T70/><D70/><U117/><E79/><V19/><F125/><W54/><G112/><N who="2" m="43081" /><F78/><W91/><G28/><T66/><D10/><U107/><E107/><V23/><F29/><W89/><G35/><T34/><D56/><U31/><E121/><V11/><F11/><W0/><G110/><T76/><D76/><U13/><E31/><V46/><F69/><W25/><G25/><T109/><D66/><U2/><E108/><V120/><F120/><W72/><G72/><T97/><D34/><U12/><E20/><V7/><F7/><W32/><G32/><T80/><D80/><U45/><E45/><V24/><F119/><W106/><G106/><T40/><D40/><U98/><E98/><V111/><F111/><W87/><G0/><T133/><D118/><N who="1" m="45675" /><E73/><V68/><F68/><W71/><G71/><T21/><D109/><U59/><E59/><V74/><F74/><W15/><REACH who="3" step="1"/><G89/><REACH who="3" ten="397,117,201,275" step="2"/><T5/><D90/><U55/><E55/><AGARI ba="0,1" hai="19,23,24,38,41,46,52,55,128,129,130" m="43081" machi="55" ten="40,12000,2" yaku="19,1,15,1,52,3,54,1" doraHai="127" who="2" fromWho="1" sc="397,0,117,-120,201,130,275,0" owari="397,49.0,-3,-50.0,331,13.0,275,-12.0" /></mjloggm>