<mjloggm ver="2.3"><GO type="169"/><UN n0="%EF%BC%88%E2%89%A7%E2%96%BD%E2%89%A6%EF%BC%89" n1="%50%72%6F%66%2E%47%33" n2="%E3%81%AF%E3%81%90%E3%82%8C%E3%83%9F%E3%83%B3%E3%83%88" n3="%E3%82%A8%E3%83%AA%E3%83%B3%E2%99%AA" dan="18,16,16,16" rate="2193,2038,2049,2033" sx="M,M,F,F"/><TAIKYOKU oya="0"/><INIT seed="0,0,0,5,5,88" ten="250,250,250,250" oya="0" hai0="7,116,22,38,41,98,86,1,113,94,87,110,19" hai1="127,26,29,71,44,66,90,46,104,105,43,107,125" hai2="5,9,73,13,18,62,57,20,121,97,123,64,85" hai3="48,52,68,82,81,89,3,80,36,78,91,53,51"/><T92/><D116/><U72/><E72/><V69/><F73/><W16/><G68/><T124/><D113/><U96/><E71/><V55/><F85/><W27/><G36/><T93/><D124/><N who="1" m="47691" /><E66/><V129/><F129/><W109/><G3/><T24/><D110/><U12/><E12/><V56/><F97/><W106/><G106/><T132/><D132/><U63/><E63/><V21/><F21/><N who="3" m="13735" /><G78/><T75/><D75/><U100/><E90/><N who="3" m="34314" /><G109/><T135/><D135/><U115/><E115/><V34/><F34/><W15/><G15/><T117/><D117/><U6/><E6/><V42/><F42/><W126/><G126/><T79/><D98/><U11/><E11/><V0/><REACH who="2" step="1"/><F69/><REACH who="2" ten="250,250,240,250" step="2"/><W2/><G2/><T50/><D79/><U128/><E128/><V30/><F30/><W8/><G8/><T40/><D38/><U118/><E118/><V28/><F28/><W33/><G33/><T45/><REACH who="0" step="1"/><D41/><REACH who="0" ten="240,250,240,250" step="2"/><U119/><E119/><V67/><F67/><W61/><G61/><AGARI ba="0,2" hai="0,5,9,13,18,20,55,56,57,61,62,64,121,123" machi="61" ten="30,7700,0" yaku="1,1,7,1,53,2" doraHai="88" doraHaiUra="59" who="2" fromWho="3" sc="240,0,250,0,240,97,250,-77" /><INIT seed="1,0,0,3,1,120" ten="240,250,337,173" oya="1" hai0="30,98,40,74,116,61,67,92,6,22,108,134,65" hai1="75,56,4,107,62,17,59,68,23,60,102,97,78" hai2="103,114,15,129,76,33,89,18,7,122,9,124,109" hai3="42,29,132,84,41,55,130,20,35,66,100,77,43"/><U26/><E4/><V32/><F122/><W50/><G35/><T127/><D74/><U37/><E37/><V96/><F114/><W104/><G132/><T27/><D116/><U39/><E39/><V94/><F129/><W113/><G130/><T2/><D134/><U86/><E75/><V46/><F124/><W64/><G113/><T85/><D127/><U54/><E68/><V57/><F76/><W1/><G1/><T21/><D40/><U81/><REACH who="1" step="1"/><E59/><REACH who="1" ten="240,240,337,173" step="2"/><V111/><F57/><W106/><G106/><T13/><D6/><U5/><E5/><V44/><F7/><W82/><G104/><T69/><D2/><U10/><E10/><V112/><F112/><W34/><G34/><T93/><D69/><U12/><E12/><V105/><F33/><W125/><G125/><T128/><D13/><U135/><E135/><V53/><F32/><W25/><REACH who="3" step="1"/><G100/><REACH who="3" ten="240,240,337,163" step="2"/><T24/><D128/><U49/><AGARI ba="0,2" hai="17,23,26,49,54,56,60,62,78,81,86,97,102,107" machi="49" ten="20,7800,0" yaku="1,1,0,1,7,1,53,1" doraHai="120" doraHaiUra="83" who="1" fromWho="1" sc="240,-26,240,98,337,-26,163,-26" /><INIT seed="1,1,0,4,1,89" ten="214,338,311,137" oya="1" hai0="25,64,76,80,17,128,54,39,40,113,104,13,33" hai1="10,32,18,94,77,30,31,96,57,50,42,43,68" hai2="5,24,115,1,99,101,4,112,85,60,130,53,86" hai3="21,14,123,114,98,73,102,2,15,93,95,105,51"/><U59/><E68/><V41/><F130/><W84/><G123/><T11/><D113/><N who="2" m="43594" /><F41/><N who="1" m="15369" /><E32/><V38/><F38/><W26/><G114/><T103/><D128/><U12/><E77/><V16/><F60/><W62/><G73/><T91/><D64/><U90/><E50/><V63/><F53/><W135/><G2/><T124/><D40/><U126/><E126/><V56/><F56/><AGARI ba="1,0" hai="10,12,18,30,31,56,57,59,90,94,96" m="15369" machi="56" ten="30,2900,0" yaku="8,1,52,1" doraHai="89" who="1" fromWho="2" sc="214,0,338,32,311,-32,137,0" /><INIT seed="1,2,0,4,5,65" ten="214,370,279,137" oya="1" hai0="52,1,83,33,17,135,38,77,105,72,7,37,104" hai1="115,42,41,129,44,96,88,132,43,53,109,128,80" hai2="95,73,125,111,34,127,84,130,87,93,75,76,67" hai3="126,39,49,66,99,108,10,28,123,0,102,119,89"/><U31/><E115/><V81/><F34/><W71/><G123/><T79/><D135/><U15/><E132/><V16/><F67/><W133/><G133/><T45/><D33/><U85/><E109/><V3/><F3/><W113/><G113/><T50/><D77/><U57/><E31/><V56/><F56/><W24/><G108/><T4/><D17/><U26/><E26/><V90/><F111/><W27/><G27/><T55/><D55/><U46/><E15/><V6/><F6/><W59/><G39/><T68/><D68/><U11/><E11/><V118/><F16/><W30/><G89/><T21/><D21/><U82/><E96/><V103/><F118/><W134/><G119/><T120/><D120/><U100/><E100/><V18/><F18/><W78/><G78/><T107/><REACH who="0" step="1"/><D7/><REACH who="0" ten="204,370,279,137" step="2"/><U131/><REACH who="1" step="1"/><E80/><REACH who="1" ten="204,360,279,137" step="2"/><V86/><F127/><W12/><G126/><T23/><D23/><U40/><E40/><V92/><F125/><W63/><G134/><T29/><D29/><U98/><E98/><N who="2" m="59871" /><F130/><W36/><G30/><T62/><D62/><AGARI ba="2,2" hai="41,42,43,44,46,53,57,62,82,85,88,128,129,131" machi="62" ten="50,9600,0" yaku="1,1,19,1,54,1,53,0" doraHai="65" doraHaiUra="114" who="1" fromWho="0" sc="204,-102,360,122,279,0,137,0" /><INIT seed="1,3,0,0,1,116" ten="102,482,279,137" oya="1" hai0="125,15,102,107,32,115,76,36,87,60,47,26,49" hai1="124,57,113,66,78,25,112,122,70,133,88,33,93" hai2="103,10,130,8,31,39,123,68,94,120,28,58,72" hai3="110,16,51,131,109,65,11,135,71,74,97,54,75"/><U92/><E122/><V19/><F68/><W95/><G135/><T56/><D115/><U4/><E70/><V64/><F72/><W106/><G131/><T129/><D36/><U82/><E133/><V132/><F39/><W52/><G106/><T86/><D129/><U99/><E124/><V45/><F132/><W128/><G128/><T73/><D125/><U50/><E4/><V43/><F130/><W101/><G65/><T6/><D73/><U100/><E25/><V23/><F43/><W104/><G54/><T77/><D102/><U38/><E33/><V127/><F45/><W17/><G104/><T46/><D107/><U3/><E3/><V34/><F127/><W81/><G71/><T2/><D2/><U59/><E38/><V35/><F103/><W111/><G11/><N who="2" m="4137" /><F94/><W37/><G37/><T84/><D6/><U13/><E113/><V134/><F58/><N who="3" m="33055" /><G75/><T55/><D15/><U41/><E112/><V22/><F64/><W105/><G105/><T89/><D89/><U83/><E66/><V14/><F134/><W42/><G42/><T0/><D0/><U117/><E41/><V118/><F118/><W53/><G53/><N who="0" m="33807" /><D47/><U69/><E117/><V48/><F48/><W108/><N who="3" m="27648" /><DORA hai="24" /><W63/><G63/><T12/><D55/><U7/><E50/><V114/><F114/><W1/><G1/><T29/><D49/><U91/><E69/><V96/><F96/><W119/><G119/><T5/><D46/><U62/><E99/><V40/><F40/><W98/><G98/><T27/><D87/><N who="1" m="50303" /><E62/><V90/><F35/><W18/><G74/><RYUUKYOKU ba="3,0" sc="102,-10,482,-10,279,-10,137,30" hai3="16,17,18,81,95,97,101" /><INIT seed="2,4,0,2,4,17" ten="92,472,269,167" oya="2" hai0="22,73,115,58,45,132,105,13,27,114,74,48,121" hai1="67,118,101,14,11,33,91,51,106,5,9,69,25" hai2="135,122,133,23,107,68,103,24,130,44,79,127,31" hai3="71,93,28,116,21,72,75,120,95,112,66,19,16"/><V26/><F122/><W49/><G120/><T47/><D121/><U6/><E118/><V94/><F107/><W124/><G116/><T85/><D132/><N who="2" m="50762" /><F68/><W37/><G37/><T7/><D105/><U87/><E51/><V80/><F130/><W76/><G124/><T57/><D115/><U56/><E56/><N who="0" m="21609" /><D73/><U65/><E69/><V117/><F117/><W77/><G49/><T35/><D74/><U128/><E128/><V36/><F127/><W97/><G97/><T104/><D35/><U43/><E43/><N who="2" m="22631" /><F26/><W55/><G71/><T99/><D104/><U8/><E25/><V113/><F113/><W4/><G28/><N who="0" m="17527" /><D114/><U70/><E106/><V98/><F80/><W63/><G112/><T92/><D85/><U134/><E70/><V46/><F46/><W30/><G75/><T52/><D47/><U54/><E134/><V32/><F79/><W90/><G72/><T0/><D0/><U50/><E14/><V84/><F84/><W34/><G77/><T109/><D109/><U10/><E87/><V39/><F39/><W119/><G76/><T96/><D92/><U53/><E5/><V129/><F129/><W108/><G4/><T88/><D88/><U60/><E6/><V64/><F64/><W82/><G66/><T126/><D126/><U86/><E91/><V12/><F12/><W40/><G90/><T41/><D41/><U81/><E65/><V131/><F131/><W61/><G40/><T102/><D102/><U125/><E67/><V100/><F100/><W3/><G119/><T111/><D111/><U89/><N who="1" m="2048" /><DORA hai="38" /><U123/><E125/><RYUUKYOKU ba="4,0" sc="92,15,472,-15,269,15,167,-15" hai0="7,13,45,48,52,96,99" hai2="23,24,31,32,94,98,103" /><INIT seed="2,5,0,0,1,35" ten="107,457,284,152" oya="2" hai0="67,42,64,114,90,8,111,110,65,15,37,36,97" hai1="11,104,83,99,69,45,108,9,82,128,121,27,117" hai2="59,75,118,87,105,113,48,134,89,4,102,72,71" hai3="106,51,88,78,25,120,13,100,135,18,126,2,14"/><V119/><F113/><W38/><G120/><T50/><D114/><U124/><E108/><N who="0" m="41513" /><D97/><U20/><E117/><V94/><F71/><W6/><G38/><N who="0" m="14955" /><D90/><U61/><E128/><V91/><F4/><W41/><G78/><T47/><D15/><U12/><E124/><V44/><F59/><W28/><G126/><T70/><D8/><U123/><E45/><V58/><F58/><W52/><G135/><T86/><D86/><U76/><E61/><AGARI ba="5,0" hai="42,47,50,61,64,65,67,70" m="14955,41513" machi="61" ten="30,3900,0" yaku="14,1,34,2" doraHai="35" who="0" fromWho="1" sc="107,54,457,-54,284,0,152,0" /><INIT seed="3,0,0,2,0,47" ten="161,403,284,152" oya="3" hai0="21,103,114,108,13,9,26,130,70,112,65,106,40" hai1="8,77,95,99,119,56,3,107,64,80,41,23,83" hai2="88,135,89,104,34,133,17,132,2,72,32,131,74" hai3="30,58,90,48,76,29,126,68,10,81,59,105,7"/><W101/><G68/><T100/><D108/><U33/><E33/><N who="2" m="12907" /><F2/><W6/><G126/><T128/><D40/><U16/><E107/><V15/><F104/><W0/><G7/><N who="0" m="3263" /><D65/><U98/><E119/><V12/><F131/><N who="0" m="50218" /><D70/><U31/><E41/><V46/><F46/><W79/><G90/><N who="2" m="34921" /><F17/><W75/><G79/><T117/><D117/><U67/><E16/><V54/><F54/><W24/><G59/><T42/><D42/><U122/><E64/><V22/><F22/><W129/><G129/><T11/><D11/><U5/><E8/><V84/><F84/><W28/><G101/><N who="0" m="38987" /><D106/><U94/><E98/><V61/><F61/><W66/><G105/><T115/><D115/><U39/><E99/><V35/><N who="2" m="12915" /><V86/><DORA hai="118" /><F86/><W20/><REACH who="3" step="1"/><G66/><REACH who="3" ten="161,403,284,142" step="2"/><T124/><D124/><U123/><E67/><V102/><F102/><W116/><G116/><T45/><D45/><U55/><E56/><V62/><F62/><W43/><G43/><T93/><D93/><U110/><E94/><V111/><F111/><W63/><G63/><T113/><D113/><U82/><E95/><V71/><F71/><W27/><G27/><T60/><D60/><U4/><E55/><AGARI ba="0,1" hai="0,6,10,20,24,28,29,30,48,55,58,75,76,81" machi="55" ten="40,7700,0" yaku="1,1,52,1,53,1" doraHai="47,118" doraHaiUra="18,36" who="3" fromWho="1" sc="161,0,403,-77,284,0,142,87" /><INIT seed="3,1,0,1,5,0" ten="161,326,284,229" oya="3" hai0="116,122,126,3,82,13,130,104,112,106,12,117,8" hai1="87,123,62,103,99,41,128,133,113,92,23,119,29" hai2="108,94,84,6,7,48,121,38,93,107,88,22,24" hai3="76,36,80,15,110,67,105,5,109,75,114,1,35"/><W120/><G120/><T73/><D122/><U96/><E123/><V65/><F38/><W124/><G15/><N who="0" m="5707" /><D82/><U86/><E113/><V46/><F107/><N who="0" m="41002" /><D73/><U81/><E41/><N who="2" m="24655" /><F121/><W53/><G53/><T118/><D8/><U27/><E119/><V127/><F108/><N who="3" m="41579" /><G114/><T19/><D19/><U42/><E42/><V63/><F127/><W132/><G124/><T55/><D55/><U2/><E2/><V95/><F63/><W10/><G67/><T58/><D3/><U115/><E115/><V28/><F65/><W68/><G68/><T61/><D112/><U134/><E128/><V9/><F9/><W102/><G35/><T101/><D126/><U70/><E96/><V77/><F77/><W83/><G83/><AGARI ba="1,0" hai="6,7,22,24,28,83,84,88,93,94,95" m="24655" machi="83" ten="30,7700,0" yaku="8,1,52,2,54,1" doraHai="0" who="2" fromWho="3" sc="161,0,326,0,284,80,229,-80" /><INIT seed="4,0,0,0,5,75" ten="161,326,364,149" oya="0" hai0="102,78,16,11,59,36,55,112,40,126,2,22,26" hai1="118,72,111,96,64,50,24,57,52,125,9,106,18" hai2="87,95,86,74,53,84,68,51,99,123,49,66,0" hai3="34,61,90,17,44,93,43,39,56,121,7,104,91"/><T88/><D126/><U14/><E111/><V32/><F0/><W69/><G104/><T132/><D132/><U105/><E125/><V98/><F123/><W130/><G34/><T29/><D112/><U108/><E108/><V117/><F117/><W20/><G130/><T45/><D102/><U103/><E118/><V27/><F74/><W37/><G7/><T70/><D70/><U100/><E72/><V109/><F109/><W120/><G69/><T31/><D78/><U97/><E64/><V60/><F53/><W63/><G39/><T71/><D71/><U79/><E79/><V3/><F3/><W110/><G110/><T92/><D11/><U6/><REACH who="1" step="1"/><E24/><REACH who="1" ten="161,316,364,149" step="2"/><V46/><F27/><W128/><G121/><T15/><D26/><U82/><E82/><V10/><F66/><W134/><G120/><T38/><D2/><U76/><E76/><V77/><F77/><W47/><G128/><T48/><REACH who="0" step="1"/><D36/><REACH who="0" ten="151,316,364,149" step="2"/><U5/><AGARI ba="0,2" hai="5,6,9,14,18,50,52,57,96,97,100,103,105,106" machi="5" ten="30,12000,2" yaku="1,1,0,1,9,1,54,1,53,2" doraHai="75" doraHaiUra="94" who="1" fromWho="1" sc="151,-60,316,140,364,-30,149,-30" /><INIT seed="5,0,0,2,3,78" ten="91,456,334,119" oya="1" hai0="12,123,85,133,17,15,121,41,124,18,14,33,69" hai1="8,97,39,25,134,44,34,3,94,129,73,63,99" hai2="105,60,59,74,0,88,54,42,112,119,38,31,100" hai3="122,68,90,24,93,57,132,35,131,118,115,16,110"/><U46/><E73/><V51/><F119/><W96/><G122/><N who="0" m="46603" /><D69/><U10/><E129/><V7/><F74/><W98/><G131/><T47/><D124/><U103/><E134/><V29/><F112/><W107/><G110/><T66/><D66/><U19/><E39/><V21/><F38/><W2/><G132/><T11/><D133/><U52/><E3/><V1/><F42/><W70/><G118/><T116/><D116/><U86/><E86/><V64/><F1/><W23/><G2/><T20/><D85/><U22/><E34/><V108/><F108/><W36/><G36/><N who="0" m="21927" /><D33/><U102/><E63/><V49/><F49/><W48/><G35/><T117/><D117/><U125/><E125/><V106/><F51/><W127/><G127/><T82/><D14/><U79/><E79/><V126/><F60/><W80/><G115/><T111/><D111/><U113/><E113/><V40/><F40/><W109/><G109/><T135/><D135/><U43/><E43/><V37/><F126/><W30/><G70/><T101/><D101/><U53/><E44/><V65/><F100/><W13/><G68/><T55/><D55/><N who="1" m="21067" /><E46/><V26/><F37/><W81/><G107/><T67/><D67/><U130/><E130/><V95/><F106/><W50/><G98/><T77/><D77/><U92/><AGARI ba="0,0" hai="8,10,19,22,25,92,94,97,99,102,103" m="21067" machi="92" ten="30,3000,0" yaku="8,1,54,1" doraHai="78" who="1" fromWho="1" sc="91,-10,456,30,334,-10,119,-10" /><INIT seed="5,1,0,2,4,95" ten="81,486,324,109" oya="1" hai0="122,132,13,121,66,30,87,75,106,65,123,97,109" hai1="61,126,92,70,41,57,119,56,33,80,39,76,25" hai2="21,117,44,83,11,51,111,37,27,34,46,68,100" hai3="105,22,42,48,2,69,55,38,96,49,47,19,52"/><U113/><E119/><V86/><F117/><W63/><G2/><T29/><D109/><U59/><E113/><V110/><F68/><W26/><G49/><T18/><D75/><U78/><E126/><V45/><F34/><W94/><G105/><T40/><D40/><U5/><E5/><V114/><F114/><W124/><G124/><T82/><D132/><U20/><E33/><V93/><F11/><W127/><G127/><T118/><D118/><U90/><E39/><V64/><F64/><N who="0" m="24682" /><D82/><U125/><E41/><V54/><F37/><W91/><G38/><T115/><D87/><N who="1" m="48535" /><E76/><N who="2" m="46439" /><F111/><W24/><G69/><T135/><D135/><U17/><E70/><V116/><F116/><W43/><REACH who="3" step="1"/><G26/><REACH who="3" ten="81,486,324,99" step="2"/><T7/><D115/><U8/><E25/><V130/><F110/><W131/><G131/><T84/><D121/><U101/><E125/><V71/><F130/><W81/><G81/><T107/><D122/><U58/><E61/><V88/><F71/><W73/><G73/><T4/><D123/><U16/><E92/><V99/><F100/><W31/><G31/><AGARI ba="1,1" hai="21,27,31,44,45,46,51,54,88,93,99" m="46439" machi="31" ten="30,3900,0" yaku="8,1,52,1,54,1" doraHai="95" who="2" fromWho="3" sc="81,0,486,0,324,52,99,-42" /><INIT seed="6,0,0,4,3,10" ten="81,486,376,57" oya="2" hai0="108,14,1,114,64,55,78,57,73,135,84,35,123" hai1="69,86,38,26,19,67,27,125,82,127,4,110,11" hai2="60,25,40,15,52,80,17,113,5,76,81,116,49" hai3="109,18,6,13,36,20,7,77,75,89,128,104,12"/><V90/><F116/><W29/><G36/><T44/><D1/><N who="1" m="399" /><E110/><V58/><F113/><W122/><G109/><T65/><D35/><U43/><E19/><V115/><F115/><W54/><G122/><T56/><D135/><U97/><E97/><V2/><F2/><W98/><G128/><T53/><D73/><U107/><E107/><V120/><F120/><W74/><G29/><T88/><D123/><U134/><E134/><V121/><F121/><W105/><G54/><N who="0" m="20491" /><D78/><N who="1" m="46423" /><E43/><V95/><F76/><W130/><G130/><T31/><D31/><U92/><E92/><V131/><F131/><W24/><G104/><T33/><D33/><U119/><E38/><V16/><F5/><N who="3" m="1547" /><G105/><T8/><D108/><U21/><E119/><V102/><F102/><W68/><G68/><T59/><D114/><U62/><E21/><N who="2" m="13487" /><F40/><W124/><G77/><T32/><D32/><U111/><E111/><V118/><F118/><W99/><G75/><T101/><D101/><U129/><E129/><V93/><F60/><W100/><G74/><T79/><D79/><U126/><AGARI ba="0,0" hai="26,27,62,67,69,125,126,127" m="46423,399" machi="126" ten="30,1100,0" yaku="18,1" doraHai="10" who="1" fromWho="1" sc="81,-3,486,11,376,-5,57,-3" /><INIT seed="7,0,0,5,5,19" ten="78,497,371,54" oya="3" hai0="83,35,45,101,120,62,9,24,26,71,135,0,99" hai1="12,14,132,89,128,21,105,92,11,112,60,102,75" hai2="46,68,72,131,100,115,55,29,125,126,7,51,70" hai3="15,33,66,3,5,8,43,38,98,82,86,13,40"/><W127/><G33/><T110/><D120/><U58/><E75/><V48/><F72/><W117/><G117/><T104/><D135/><U81/><E132/><V91/><F100/><W77/><G127/><N who="2" m="48649" /><F91/><W31/><G31/><N who="0" m="19943" /><D110/><U52/><E128/><V69/><F7/><W118/><G118/><T27/><D45/><U96/><E112/><V18/><F18/><W47/><G43/><T79/><D9/><U28/><E105/><V107/><F29/><W122/><G122/><T129/><D129/><U133/><E133/><V41/><F107/><W93/><REACH who="3" step="1"/><G66/><REACH who="3" ten="78,497,371,44" step="2"/><N who="0" m="41431" /><D0/><U63/><E63/><V10/><F131/><W121/><G121/><T90/><D90/><AGARI ba="0,1" hai="3,5,8,13,15,38,40,47,77,82,86,90,93,98" machi="90" ten="30,2900,0" yaku="1,1,7,1,53,0" doraHai="19" doraHaiUra="67" who="3" fromWho="0" sc="78,-29,497,0,371,0,44,39" /><INIT seed="7,1,0,1,2,34" ten="49,497,371,83" oya="3" hai0="111,5,74,121,12,134,15,114,116,45,59,83,4" hai1="104,52,120,90,33,46,14,16,80,29,58,129,97" hai2="28,64,106,133,37,96,95,10,53,76,117,18,119" hai3="92,24,30,112,82,9,56,1,54,99,113,17,85"/><W8/><G17/><T27/><D121/><U108/><E108/><V103/><F53/><W31/><G85/><T55/><D111/><U77/><E120/><V47/><F18/><W23/><G82/><T107/><D107/><U6/><E129/><V38/><F47/><W89/><G31/><T132/><D74/><U21/><E33/><V68/><F95/><W135/><G135/><N who="0" m="51755" /><D83/><U39/><E39/><V35/><F10/><W32/><G32/><T118/><D45/><U130/><E130/><V11/><F96/><W22/><G22/><T0/><D114/><N who="3" m="44137" /><G1/><T26/><D55/><U42/><E52/><V57/><F37/><W13/><G13/><N who="0" m="5195" /><D59/><U40/><E58/><V62/><F64/><W123/><G123/><T72/><D72/><U19/><E29/><V86/><F38/><W131/><G131/><T93/><D93/><N who="1" m="56503" /><E104/><V49/><F86/><W122/><G122/><T69/><D69/><U101/><E6/><N who="0" m="2665" /><D0/><U78/><E19/><V100/><F28/><W65/><G65/><T87/><D87/><U3/><E21/><V50/><F35/><W124/><G124/><T48/><D48/><AGARI ba="1,0" hai="8,9,23,24,30,48,54,56,89,92,99" m="44137" machi="48" ten="30,1500,0" yaku="15,1" doraHai="34" who="3" fromWho="0" sc="49,-18,497,0,371,0,83,18" /><INIT seed="7,2,0,5,2,102" ten="31,497,371,101" oya="3" hai0="40,103,123,130,5,61,18,66,26,92,73,49,48" hai1="38,71,76,81,67,80,111,0,74,96,32,133,13" hai2="60,110,47,23,83,68,104,2,70,19,69,43,15" hai3="75,134,94,82,99,33,87,9,105,46,84,72,118"/><W1/><G33/><T28/><D123/><U57/><E0/><V129/><F110/><W63/><G63/><T117/><D117/><U90/><E111/><V135/><F2/><W119/><G46/><T79/><D130/><U4/><E133/><V14/><F135/><W108/><G9/><T35/><D5/><U17/><E32/><V58/><F129/><W8/><G134/><T127/><D127/><U131/><E131/><V6/><F104/><W93/><G108/><T21/><D73/><N who="3" m="28233" /><G8/><T45/><D79/><U77/><E77/><V11/><F83/><W62/><G62/><T106/><D92/><N who="3" m="35433" /><G1/><T3/><D3/><U30/><E4/><V39/><F70/><W114/><G114/><T22/><D48/><U126/><E71/><V52/><AGARI ba="2,0" hai="6,11,14,15,19,23,39,43,47,52,58,60,68,69" machi="52" ten="20,2700,0" yaku="0,1,7,1,54,1" doraHai="102" who="2" fromWho="2" sc="31,-9,497,-9,371,33,101,-15" owari="22,-48.0,488,59.0,404,20.0,86,-31.0" /></mjloggm>