<mjloggm ver="2.3"><GO type="41"/><UN n0="%72%61%79%6C%75%63%6B" n1="%EF%BC%88%E2%89%A7%E2%96%BD%E2%89%A6%EF%BC%89" n2="%66%61%69%6E%74%68" n3="%4E%4F%56%41%E3%81%86%E3%81%95%E3%81%8E" dan="14,13,14,13" rate="1882,1988,1939,1904" sx="M,M,M,M"/><TAIKYOKU oya="0"/><INIT seed="0,0,0,5,5,92" ten="250,250,250,250" oya="0" hai0="5,8,117,2,16,78,122,79,75,115,81,119,27" hai1="114,133,121,3,47,130,129,30,26,56,77,123,86" hai2="107,73,40,20,89,9,106,96,65,125,108,69,134" hai3="1,18,85,132,35,60,88,76,41,109,58,110,45"/><T37/><D115/><U43/><E3/><V14/><F73/><W6/><G35/><T82/><D122/><U118/><E118/><V90/><F40/><W70/><G76/><T103/><D103/><U112/><E56/><V39/><F39/><N who="3" m="21695" /><G70/><T29/><D37/><N who="1" m="21999" /><E86/><V22/><F65/><N who="3" m="39063" /><G18/><T46/><D46/><U15/><E15/><V52/><F69/><W10/><G132/><T4/><D4/><U48/><E48/><V25/><F22/><W83/><G1/><T131/><D131/><N who="1" m="50187" /><E77/><V91/><F134/><W34/><G34/><T72/><D16/><U97/><E97/><V120/><F96/><W98/><G98/><T128/><D128/><U124/><E133/><V102/><F120/><N who="1" m="46153" /><E124/><V104/><F125/><W87/><G87/><T71/><D71/><U13/><E13/><V61/><F14/><W42/><G42/><T100/><D100/><U24/><E24/><V99/><F25/><W44/><G44/><T113/><D113/><U50/><E50/><V116/><F102/><W105/><G6/><T53/><D53/><U94/><E94/><V93/><F93/><W63/><G63/><T135/><D135/><U80/><E80/><V0/><F61/><W12/><G83/><T64/><D64/><U101/><E101/><V62/><F62/><W126/><G12/><T28/><D28/><U11/><E11/><V49/><F9/><W55/><G10/><T74/><D74/><U127/><E127/><V36/><F0/><W7/><G126/><T33/><AGARI ba="0,0" hai="2,5,8,27,29,33,72,75,78,79,81,82,117,119" machi="33" ten="20,12000,1" yaku="0,1,7,1,9,1,23,2" doraHai="92" who="0" fromWho="0" sc="250,120,250,-40,250,-40,250,-40" /><INIT seed="0,1,0,2,4,91" ten="370,210,210,210" oya="0" hai0="44,113,108,41,63,18,40,45,114,14,79,129,12" hai1="33,90,77,102,112,117,37,21,28,86,67,69,35" hai2="27,39,109,126,116,110,83,19,89,7,58,50,59" hai3="73,81,106,82,48,122,11,56,47,92,74,53,127"/><T134/><D129/><U103/><E117/><V25/><F116/><W42/><G122/><T29/><D134/><U121/><E112/><V80/><F39/><W46/><G106/><T75/><D108/><U130/><E37/><V105/><F105/><W15/><G127/><T76/><D29/><U135/><E121/><V118/><F118/><W99/><G74/><T55/><D75/><U111/><E130/><V101/><F7/><W36/><G73/><T4/><D4/><U38/><E111/><V66/><F101/><W65/><G47/><T16/><D55/><U94/><E135/><V125/><F50/><W31/><G31/><T26/><D63/><U20/><E38/><V93/><F89/><W49/><G36/><T115/><D115/><U123/><E123/><V30/><F19/><N who="3" m="8703" /><G65/><T57/><D57/><U5/><E5/><V119/><F119/><W131/><G131/><T70/><D70/><U107/><E77/><V78/><F78/><W100/><AGARI ba="1,0" hai="42,46,48,49,53,56,81,82,92,99,100" m="8703" machi="100" ten="30,2000,0" yaku="8,1,52,1" doraHai="91" who="3" fromWho="3" sc="370,-11,210,-6,210,-6,210,23" /><INIT seed="1,0,0,4,3,45" ten="359,204,204,233" oya="1" hai0="48,79,106,16,85,95,92,74,34,52,128,77,43" hai1="99,73,96,2,111,114,10,134,131,7,22,63,65" hai2="5,20,130,57,122,78,25,14,32,47,90,28,24" hai3="11,33,94,120,40,82,88,121,8,54,89,62,26"/><U104/><E134/><V102/><F122/><W123/><G40/><T23/><D106/><U1/><E114/><V31/><F78/><N who="0" m="29706" /><D34/><U127/><E73/><V21/><F102/><W100/><G82/><T66/><D66/><U115/><E115/><V125/><F47/><W18/><G100/><T17/><D74/><U76/><E131/><V13/><F130/><W119/><G119/><T70/><D70/><U118/><E118/><V132/><F57/><W113/><G113/><T110/><D110/><U35/><E127/><V116/><F90/><W135/><G135/><T30/><D128/><U15/><E35/><N who="2" m="20871" /><F132/><W53/><G33/><T81/><D43/><U83/><E111/><V67/><F67/><W4/><G121/><T75/><D75/><U29/><E104/><V101/><F101/><W84/><G123/><T107/><D107/><U133/><E133/><V39/><F39/><W124/><G124/><T19/><D81/><U97/><E83/><V51/><F51/><W68/><G68/><T64/><D64/><U71/><REACH who="1" step="1"/><E76/><REACH who="1" step="2"/><V41/><F116/><W12/><G120/><T91/><D95/><U61/><E61/><V105/><F105/><W49/><G62/><T87/><D87/><U36/><E36/><V103/><F32/><W3/><G84/><T55/><D48/><U112/><E112/><V72/><F72/><W37/><G49/><T38/><D38/><U42/><E42/><V109/><F41/><W98/><G37/><T50/><D50/><U86/><E86/><V56/><F109/><W80/><G80/><T6/><D6/><U27/><AGARI ba="0,1" hai="1,2,7,10,15,22,27,29,63,65,71,96,97,99" machi="27" ten="30,11700,0" yaku="1,1,5,1,0,1,53,1" doraHai="45" doraHaiUra="9" who="1" fromWho="1" sc="359,-39,194,127,204,-39,233,-39" /><INIT seed="1,1,0,0,4,28" ten="320,321,165,194" oya="1" hai0="35,63,50,55,135,6,4,106,64,18,89,57,93" hai1="33,61,51,96,16,22,114,131,103,113,29,14,27" hai2="87,21,98,20,117,86,79,88,75,95,118,125,52" hai3="74,25,120,73,30,19,69,38,100,32,15,72,104"/><U54/><E131/><V105/><F125/><W65/><G120/><T42/><D135/><U80/><E80/><V83/><F87/><W122/><G38/><T90/><D106/><U78/><E61/><V109/><F109/><W5/><G122/><T110/><D110/><U128/><E78/><V62/><F118/><W1/><G19/><T71/><D35/><U47/><REACH who="1" step="1"/><E128/><REACH who="1" step="2"/><V102/><F117/><W124/><G124/><T45/><D90/><U132/><E132/><V107/><F107/><AGARI ba="1,1" hai="14,16,22,27,29,33,47,51,54,96,103,107,113,114" machi="107" ten="30,11600,0" yaku="1,1,7,1,52,1,54,1,53,0" doraHai="28" doraHaiUra="116" who="1" fromWho="2" sc="320,0,311,129,165,-119,194,0" /><INIT seed="1,2,0,4,0,36" ten="320,440,46,194" oya="1" hai0="65,129,57,83,53,81,21,80,69,87,52,20,109" hai1="10,64,73,94,127,51,14,79,71,44,39,97,84" hai2="105,38,43,6,124,123,118,100,2,115,90,74,60" hai3="132,25,134,112,58,76,34,67,70,75,120,18,72"/><U23/><E127/><V98/><F90/><W19/><G120/><T15/><D109/><U77/><E39/><V40/><F123/><W4/><G112/><T85/><D129/><U5/><E73/><V37/><F118/><W46/><G4/><T32/><D32/><U130/><E130/><V47/><F60/><N who="3" m="38295" /><G70/><T31/><D69/><U128/><E128/><V110/><F110/><W49/><G34/><T33/><D33/><U13/><E71/><V102/><F102/><W29/><G29/><T62/><D15/><U122/><E64/><V7/><F124/><W30/><G30/><T101/><D101/><U42/><E122/><V111/><F111/><W55/><G25/><N who="0" m="16807" /><D21/><U82/><E77/><V9/><F7/><W88/><G88/><N who="0" m="51239" /><D81/><U103/><E23/><V108/><F108/><W61/><G61/><T0/><D0/><AGARI ba="2,0" hai="0,5,10,13,14,42,44,51,79,82,84,94,97,103" machi="0" ten="30,2900,0" yaku="7,1,52,1" doraHai="36" who="1" fromWho="0" sc="320,-35,440,35,46,0,194,0" /><INIT seed="1,3,0,1,5,54" ten="285,475,46,194" oya="1" hai0="65,86,119,97,102,12,128,135,41,134,101,30,66" hai1="120,28,1,114,76,62,125,90,132,52,0,87,37" hai2="46,89,103,107,110,59,80,109,115,104,19,43,67" hai3="16,50,69,92,70,91,85,60,32,81,27,117,98"/><U106/><E106/><V47/><F115/><W2/><G117/><T14/><D119/><U58/><E114/><V116/><F116/><W79/><G2/><T64/><D128/><U124/><E120/><V129/><F129/><W6/><G6/><T118/><D118/><U73/><E37/><V131/><F131/><W72/><G50/><T96/><D41/><U22/><E132/><N who="0" m="50729" /><D86/><U113/><E113/><V23/><F104/><W4/><G4/><T71/><D30/><U39/><E39/><V83/><F47/><W21/><G32/><T108/><D108/><N who="2" m="41578" /><F89/><W88/><REACH who="3" step="1"/><G60/><REACH who="3" step="2"/><T29/><D71/><U94/><E1/><V5/><F5/><W130/><G130/><T133/><D133/><U13/><E0/><V3/><F3/><W95/><AGARI ba="3,1" hai="16,21,27,69,70,72,79,81,85,88,91,92,95,98" machi="95" ten="20,8000,1" yaku="1,1,0,1,7,1,54,2,53,0" doraHai="54" doraHaiUra="26" who="3" fromWho="3" sc="285,-23,475,-43,46,-23,184,99" /><INIT seed="2,0,0,4,0,50" ten="262,432,23,283" oya="2" hai0="11,47,108,77,120,134,81,76,16,30,65,60,118" hai1="114,119,117,124,68,3,17,52,82,1,12,87,31" hai2="91,67,43,10,86,89,78,35,73,94,15,64,99" hai3="88,127,133,62,125,63,28,93,29,131,102,21,61"/><V69/><F35/><W22/><G133/><T2/><D120/><U49/><E114/><V36/><F69/><W105/><G131/><T5/><D108/><U44/><E68/><V95/><F73/><W37/><G37/><T25/><D134/><U33/><E124/><N who="3" m="47690" /><G102/><T39/><D16/><U20/><E33/><V90/><F78/><W41/><G41/><T32/><D118/><U115/><E31/><N who="3" m="11850" /><G105/><T42/><REACH who="0" step="1"/><D81/><REACH who="0" step="2"/><U9/><E115/><V13/><F13/><W34/><G34/><T7/><D7/><U83/><E119/><V112/><F112/><W100/><G100/><T107/><D107/><U116/><E117/><V113/><F113/><W132/><G132/><T103/><D103/><U27/><E116/><V84/><F90/><W58/><G58/><AGARI ba="0,1" hai="2,5,11,25,30,32,39,42,47,58,60,65,76,77" machi="58" ten="30,2000,0" yaku="1,1,7,1,53,0" doraHai="50" doraHaiUra="135" who="0" fromWho="3" sc="252,30,432,0,23,0,283,-20" /><INIT seed="3,0,0,2,2,36" ten="282,432,23,263" oya="3" hai0="119,3,83,133,94,107,129,7,99,109,46,135,10" hai1="82,118,40,125,59,123,54,41,93,20,49,70,74" hai2="28,71,24,39,60,86,38,48,111,90,95,31,89" hai3="130,113,44,80,121,102,108,100,42,127,75,15,81"/><W2/><G2/><T12/><D119/><U120/><E70/><V4/><F31/><W37/><G121/><T68/><D109/><U27/><E118/><V43/><F111/><W62/><G113/><T56/><D129/><U76/><E125/><V69/><F4/><W26/><G108/><T103/><D68/><U79/><E79/><V19/><F71/><W22/><G130/><T84/><D107/><U126/><E126/><V58/><F19/><W128/><G128/><T64/><D46/><U85/><E123/><V50/><F50/><W98/><G15/><T35/><D35/><U122/><E120/><V106/><F106/><W23/><G127/><T0/><D56/><U8/><E122/><V124/><F124/><W1/><G1/><T11/><D64/><U96/><E8/><V115/><F115/><W91/><G80/><T63/><D63/><U32/><E74/><V18/><F18/><W21/><G62/><T67/><D67/><U57/><E57/><V25/><F25/><W65/><G26/><T29/><D29/><N who="1" m="17639" /><E32/><V9/><F69/><W92/><REACH who="3" step="1"/><G65/><REACH who="3" step="2"/><T77/><REACH who="0" step="1"/><D3/><REACH who="0" step="2"/><U116/><E116/><V51/><F60/><W112/><G112/><T73/><D73/><U131/><E131/><V17/><F24/><W45/><G45/><T61/><D61/><U47/><E47/><V33/><F33/><W87/><G87/><T132/><D132/><U72/><E72/><V55/><F86/><W117/><G117/><T114/><D114/><U52/><E54/><V105/><F55/><W34/><G34/><T97/><D97/><U5/><E96/><RYUUKYOKU ba="0,2" sc="272,15,432,-15,23,-15,253,15" hai0="0,7,10,11,12,77,83,84,94,99,103,133,135" hai3="21,22,23,37,42,44,75,81,91,92,98,100,102" /><INIT seed="3,1,2,3,0,19" ten="287,417,8,268" oya="3" hai0="28,1,121,90,57,47,71,65,12,125,74,2,101" hai1="76,79,111,11,48,88,32,27,15,72,87,14,84" hai2="30,117,63,22,45,119,42,31,64,69,92,60,20" hai3="68,66,38,135,73,8,46,129,24,94,120,0,18"/><W105/><G73/><T99/><D121/><U130/><E72/><V131/><F117/><W85/><G105/><T7/><D125/><U34/><E130/><V41/><F119/><W81/><G120/><T61/><D74/><U51/><E111/><V134/><F131/><W93/><G129/><T9/><D28/><U17/><E34/><V50/><F134/><W39/><G135/><T91/><D2/><U56/><E32/><V102/><F42/><W67/><G39/><T37/><D37/><U83/><E27/><V59/><F69/><W118/><G118/><T75/><D75/><U96/><E96/><N who="2" m="59655" /><F63/><W114/><G114/><T103/><D47/><U107/><E107/><V97/><F97/><W26/><G38/><T100/><D99/><U35/><E35/><V112/><F112/><W5/><G46/><T13/><D71/><U43/><E43/><V82/><F82/><W113/><G113/><T78/><D78/><N who="1" m="29739" /><E84/><V110/><F110/><W77/><G68/><T126/><D126/><U49/><E15/><V122/><F122/><W86/><G86/><T40/><D40/><U127/><E127/><V128/><F128/><W80/><G80/><T109/><D109/><U44/><E44/><V53/><F41/><W3/><G3/><T116/><D116/><U124/><E124/><V36/><F36/><W10/><G10/><T108/><D108/><U70/><E70/><V58/><F45/><W106/><G106/><T23/><D1/><U4/><E4/><V54/><F64/><N who="3" m="24619" /><G26/><T104/><D104/><U16/><E56/><V55/><F55/><W21/><AGARI ba="1,2" hai="0,5,8,18,21,24,77,81,85,93,94" m="24619" machi="21" ten="30,3000,0" yaku="5,1,52,1" doraHai="19" who="3" fromWho="3" sc="287,-11,417,-11,8,-11,268,53" owari="276,-12,406,50,-3,-50,321,12" /></mjloggm>