<mjloggm ver="2.3"><GO type="169" lobby="0"/><UN n0="%EF%BC%88%E2%89%A7%E2%96%BD%E2%89%A6%EF%BC%89" n1="%E3%81%B4%E3%81%AE" n2="%4C%49%54%48%49%55%4D" n3="%6D%65%24%6F" dan="17,16,16,16" rate="2162.91,2100.31,2101.83,2123.93" sx="M,M,F,M"/><TAIKYOKU oya="0"/><INIT seed="0,0,0,1,3,24" ten="250,250,250,250" oya="0" hai0="106,55,92,110,0,63,64,122,102,77,134,11,121" hai1="112,50,103,95,31,111,74,69,125,26,37,67,48" hai2="41,49,18,71,133,23,75,91,46,66,54,70,47" hai3="8,59,86,2,88,32,56,97,124,38,68,81,7"/><T76/><D106/><U89/><E37/><V42/><F133/><W14/><G68/><T40/><D134/><U130/><E74/><V65/><F75/><W126/><G38/><T128/><D128/><U114/><E130/><V72/><F72/><W27/><G2/><T98/><D40/><U78/><E78/><V21/><F91/><W127/><REACH who="3" step="1"/><G97/><REACH who="3" ten="250,250,250,240" step="2"/><T43/><D98/><N who="1" m="57711" /><E112/><V85/><F71/><W34/><G34/><T107/><D0/><U90/><E114/><V6/><F70/><W132/><G132/><T100/><D121/><U58/><E69/><V16/><F85/><W17/><G17/><T45/><D122/><U3/><E3/><V36/><F6/><W60/><G60/><T87/><D63/><U131/><E131/><V80/><F18/><W39/><G39/><T109/><D109/><U62/><E111/><V12/><F21/><W61/><G61/><T116/><D110/><U33/><E62/><V10/><F23/><W4/><G4/><T22/><D22/><U30/><E33/><V53/><REACH who="2" step="1"/><F80/><REACH who="2" ten="250,250,240,240" step="2"/><W99/><G99/><T29/><D64/><AGARI ba="0,2" hai="10,12,16,36,41,42,46,47,49,53,54,64,65,66" machi="64" ten="40,8000,1" yaku="1,1,2,1,54,1,53,2" doraHai="24" doraHaiUra="51" who="2" fromWho="0" sc="250,-80,250,0,240,100,240,0" /><INIT seed="1,0,0,4,2,124" ten="170,250,340,240" oya="1" hai0="130,62,75,89,12,105,54,36,68,58,71,11,116" hai1="113,28,8,92,21,35,15,65,44,64,115,49,118" hai2="20,48,10,29,103,7,39,41,66,23,67,40,83" hai3="26,53,95,111,126,25,106,3,102,129,51,13,90"/><U31/><E118/><V99/><F39/><W119/><G3/><T34/><D105/><U93/><E35/><V63/><F83/><W110/><G119/><T43/><D34/><U5/><E115/><V2/><F29/><W94/><G126/><T61/><D75/><U52/><E113/><V1/><F1/><W88/><G106/><T79/><D79/><U27/><REACH who="1" step="1"/><E31/><REACH who="1" ten="170,240,340,240" step="2"/><V97/><F67/><AGARI ba="0,1" hai="5,8,15,21,27,28,44,49,52,64,65,67,92,93" machi="67" ten="40,12000,1" yaku="1,1,2,1,8,1,54,1,53,1" doraHai="124" doraHaiUra="17" who="1" fromWho="2" sc="170,0,240,130,340,-120,240,0" /><INIT seed="1,1,0,4,3,36" ten="170,370,220,240" oya="1" hai0="86,95,75,8,114,30,64,107,103,109,124,57,132" hai1="80,56,105,82,14,119,88,42,44,10,35,66,84" hai2="48,13,25,70,50,126,125,99,102,28,46,32,2" hai3="98,1,3,39,26,90,53,43,118,59,6,4,21"/><U127/><E127/><N who="2" m="48651" /><F2/><W69/><G69/><T115/><D75/><U18/><E119/><V94/><F70/><W31/><G118/><T33/><D124/><U89/><E105/><V68/><F68/><W111/><G111/><T96/><D132/><U106/><E35/><V22/><F46/><W51/><G1/><T135/><D135/><U122/><E106/><V76/><F76/><W79/><G79/><T55/><D64/><U40/><E122/><V34/><F13/><W9/><G4/><T61/><D109/><U120/><E120/><V72/><F72/><W47/><G90/><T134/><D134/><U24/><E24/><N who="2" m="18439" /><F34/><W65/><G98/><T93/><D86/><N who="1" m="50247" /><E44/><V92/><F92/><W128/><REACH who="3" step="1"/><G65/><REACH who="3" ten="170,370,220,230" step="2"/><T0/><D115/><U73/><E73/><V5/><F5/><W29/><G29/><AGARI ba="1,1" hai="22,25,29,48,50,94,99,102" m="18439,48651" machi="29" ten="30,1000,0" yaku="18,1" doraHai="36" who="2" fromWho="3" sc="170,0,370,0,220,23,230,-13" /><INIT seed="2,0,0,2,4,82" ten="170,370,243,217" oya="2" hai0="44,73,125,111,95,55,117,84,80,87,76,20,29" hai1="102,67,104,13,68,25,9,100,62,89,26,42,114" hai2="43,77,48,17,113,49,64,41,75,86,37,61,57" hai3="7,131,24,130,1,93,72,22,71,32,132,47,119"/><V23/><F113/><W107/><G119/><T33/><D33/><U4/><E114/><V66/><F75/><W10/><G107/><T97/><D117/><U3/><E3/><V109/><F109/><W129/><G72/><T116/><D116/><U6/><E6/><V127/><F127/><W120/><G71/><T85/><D125/><U133/><E133/><V15/><F66/><W16/><G132/><T110/><D29/><U27/><E104/><V36/><F36/><W70/><G70/><T40/><D55/><U65/><E42/><N who="2" m="15883" /><F37/><W56/><G47/><T123/><D20/><U51/><E51/><N who="2" m="19531" /><F77/><W50/><G50/><T115/><D115/><U96/><E67/><V101/><F101/><W124/><G124/><T54/><D54/><U30/><E30/><V74/><F74/><W59/><G120/><T58/><D58/><U106/><E102/><V134/><F134/><W34/><G93/><T90/><REACH who="0" step="1"/><D123/><REACH who="0" ten="160,370,243,217" step="2"/><U105/><E65/><V128/><F128/><W63/><G56/><T135/><D135/><U52/><E68/><V69/><F69/><W39/><G39/><AGARI ba="0,1" hai="39,40,44,73,76,80,84,85,87,90,95,97,110,111" machi="39" ten="40,8000,1" yaku="1,1,52,3,53,0" doraHai="82" doraHaiUra="5" who="0" fromWho="3" sc="160,90,370,0,243,0,217,-80" /><INIT seed="3,0,0,3,5,53" ten="250,370,243,137" oya="3" hai0="59,64,51,61,5,70,17,116,39,76,93,82,30" hai1="125,15,43,96,119,19,60,71,113,72,114,77,68" hai2="24,58,9,84,18,74,99,32,21,28,16,27,135" hai3="40,29,20,7,83,101,126,124,11,65,129,4,35"/><W37/><G129/><T69/><D116/><U2/><E2/><V111/><F74/><W109/><G109/><T102/><D39/><U34/><E34/><V13/><F111/><W110/><G110/><T91/><D5/><U88/><E119/><V94/><F135/><W115/><G115/><T132/><D30/><U23/><E125/><N who="3" m="48234" /><G35/><T12/><D102/><U33/><E33/><V38/><F38/><W10/><G101/><T54/><D132/><U31/><E31/><V75/><F75/><W81/><G65/><T107/><D107/><U128/><E128/><V133/><F133/><W42/><G37/><T79/><D82/><N who="3" m="31241" /><G20/><T106/><D106/><U92/><E23/><V86/><REACH who="2" step="1"/><F58/><REACH who="2" ten="250,370,233,137" step="2"/><W14/><G29/><T130/><D130/><U55/><E72/><V66/><F66/><W67/><G67/><T45/><D70/><U121/><E71/><V112/><F112/><W122/><G122/><T36/><D36/><U44/><E68/><V131/><F131/><W8/><G14/><T6/><D69/><U117/><E15/><V57/><F57/><W25/><G25/><T120/><D120/><U118/><E121/><V134/><F134/><W95/><G95/><T108/><D108/><U50/><E113/><V62/><F62/><W73/><G73/><T56/><D64/><U52/><E114/><V49/><F49/><W85/><G85/><N who="0" m="52463" /><D61/><U22/><E118/><V97/><F97/><W48/><G48/><T105/><D105/><U123/><E117/><V78/><F78/><N who="0" m="29738" /><D56/><U47/><E123/><V89/><AGARI ba="0,1" hai="9,13,16,18,21,24,27,28,32,84,86,89,94,99" machi="89" ten="20,5200,0" yaku="1,1,0,1,7,1,54,1,53,0" doraHai="53" doraHaiUra="1" who="2" fromWho="2" sc="250,-13,370,-13,233,62,137,-26" /><INIT seed="4,0,0,2,2,64" ten="237,357,295,111" oya="0" hai0="86,3,89,93,87,20,72,76,36,85,13,127,108" hai1="51,45,126,65,39,116,81,112,92,77,125,128,27" hai2="67,133,40,99,17,82,95,32,49,122,66,54,130" hai3="78,79,61,80,19,34,30,121,107,109,50,38,118"/><T42/><D3/><U132/><E116/><V37/><F32/><W117/><G38/><T83/><D127/><N who="1" m="48651" /><E132/><V22/><F133/><W12/><G109/><T114/><D114/><U29/><E128/><V26/><F122/><W53/><G107/><T2/><D2/><U47/><E112/><V135/><F135/><W18/><G121/><T59/><D108/><U84/><E39/><V60/><F130/><W4/><G30/><T88/><D36/><U62/><E92/><V91/><F82/><W6/><G34/><T97/><D42/><U70/><E51/><V52/><F37/><W101/><G101/><T35/><D35/><AGARI ba="0,0" hai="27,29,35,45,47,62,65,70,77,81,84" m="48651" machi="35" ten="30,2000,0" yaku="18,1,52,1" doraHai="64" who="1" fromWho="0" sc="237,-20,357,20,295,0,111,0" /><INIT seed="5,0,0,5,4,23" ten="217,377,295,111" oya="1" hai0="102,132,15,22,117,56,58,122,111,100,88,123,108" hai1="79,92,36,39,68,63,131,50,85,115,91,34,73" hai2="121,17,10,134,101,45,89,27,118,32,113,75,90" hai3="8,65,133,135,33,0,20,1,112,125,2,110,53"/><U35/><E73/><V81/><F121/><N who="0" m="46090" /><D117/><U26/><E79/><V129/><F118/><W19/><G65/><T97/><D132/><N who="3" m="50761" /><G53/><T95/><D15/><U82/><E35/><V124/><F134/><W127/><G110/><N who="0" m="42027" /><D22/><U16/><E34/><V107/><F32/><W42/><G42/><T13/><D13/><U77/><E39/><V57/><F45/><W18/><G33/><T7/><D7/><U104/><E36/><V61/><F57/><AGARI ba="0,0" hai="56,57,58,88,95,97,100,102" m="42027,46090" machi="57" ten="30,2000,0" yaku="13,1,54,1" doraHai="23" who="0" fromWho="2" sc="217,20,377,0,295,-20,111,0" /><INIT seed="6,0,0,1,1,71" ten="237,377,275,111" oya="2" hai0="56,133,111,79,80,57,3,115,78,39,54,62,94" hai1="107,122,47,28,87,22,63,76,25,6,33,72,17" hai2="10,82,30,112,124,12,31,24,13,44,20,52,95" hai3="123,98,84,42,64,32,4,45,59,86,5,2,116"/><V113/><F124/><W89/><G123/><T77/><D111/><U127/><E107/><V114/><F82/><W55/><G32/><T9/><D133/><U69/><E122/><V105/><F105/><W60/><G116/><T43/><D115/><U91/><E127/><V27/><F95/><W104/><G2/><T128/><D128/><U90/><E72/><V16/><F44/><W93/><G104/><T41/><D80/><U1/><E76/><V46/><F46/><W125/><G125/><T11/><D3/><U15/><E47/><V108/><F52/><W92/><G64/><N who="0" m="38983" /><D39/><U129/><E129/><V99/><F99/><W106/><G106/><T21/><D21/><U66/><E87/><V29/><F108/><W50/><REACH who="3" step="1"/><G86/><REACH who="3" ten="237,377,275,101" step="2"/><T48/><D94/><U23/><E33/><V40/><F40/><AGARI ba="0,1" hai="9,11,40,41,43,48,54,57,77,78,79" m="38983" machi="40" ten="30,1000,0" yaku="8,1" doraHai="71" who="0" fromWho="2" sc="237,20,377,0,275,-10,101,0" /><INIT seed="7,0,0,2,1,127" ten="257,377,265,101" oya="3" hai0="4,31,79,54,74,9,90,87,109,68,117,69,104" hai1="107,67,83,44,1,115,118,5,88,72,124,108,58" hai2="15,77,119,73,113,130,131,114,50,123,91,52,71" hai3="27,45,102,65,135,99,97,39,81,48,43,94,63"/><W7/><G135/><T16/><D117/><U17/><E108/><V29/><F119/><W49/><G7/><T20/><D109/><U101/><E107/><V89/><F71/><W23/><G81/><N who="0" m="47551" /><D69/><U32/><E32/><V25/><F15/><W53/><G97/><T56/><D104/><U105/><E105/><V3/><F3/><W40/><G39/><T10/><D68/><U60/><E101/><V19/><F19/><W62/><G65/><T103/><D103/><U128/><E44/><V28/><F123/><W66/><G66/><T38/><D38/><U112/><E17/><V13/><F13/><W21/><G21/><T96/><D74/><U129/><E118/><V93/><F77/><W134/><G134/><T24/><D31/><N who="2" m="11850" /><F25/><W70/><G70/><T14/><D10/><U8/><E124/><V75/><F75/><W125/><G125/><T57/><D54/><U59/><E59/><N who="2" m="33175" /><F73/><W22/><G40/><T64/><D64/><U36/><E36/><V82/><F82/><W47/><REACH who="3" step="1"/><G22/><REACH who="3" ten="257,377,265,91" step="2"/><T2/><D2/><U78/><E1/><V42/><F42/><W120/><G120/><T6/><D4/><U41/><E5/><V98/><F89/><W121/><G121/><T122/><D122/><U61/><E88/><V0/><F0/><W30/><AGARI ba="0,1" hai="23,27,30,43,45,47,48,49,53,62,63,94,99,102" machi="30" ten="20,7800,0" yaku="1,1,0,1,7,1,8,1,53,0" doraHai="127" doraHaiUra="55" who="3" fromWho="3" sc="257,-26,377,-26,265,-26,91,88" /><INIT seed="7,1,0,2,4,74" ten="231,351,239,179" oya="3" hai0="23,7,21,25,11,101,8,104,0,9,59,66,123" hai1="51,48,100,53,135,40,133,80,10,115,70,72,127" hai2="56,97,105,117,68,17,92,98,58,62,5,73,79" hai3="103,47,83,36,14,94,22,129,3,116,128,96,20"/><W107/><G3/><T124/><D123/><U87/><E70/><V81/><F117/><W110/><G116/><T84/><D124/><U89/><E127/><V34/><F34/><W18/><G110/><T15/><D0/><U131/><E115/><V13/><F5/><W6/><G6/><T2/><D2/><U85/><E131/><N who="3" m="50250" /><G107/><T60/><D21/><U28/><E100/><V19/><F105/><W113/><G113/><T121/><D121/><U111/><E111/><V99/><F92/><W49/><G36/><T41/><D41/><U46/><E72/><V37/><F37/><W126/><G126/><T67/><D67/><U130/><E130/><V120/><F120/><W38/><G38/><T31/><REACH who="0" step="1"/><D84/><REACH who="0" ten="221,351,239,179" step="2"/><N who="1" m="50311" /><E40/><V122/><F122/><W134/><G134/><T109/><D109/><U132/><E135/><V57/><REACH who="2" step="1"/><F13/><REACH who="2" ten="221,351,229,179" step="2"/><W54/><G83/><T95/><D95/><U106/><E133/><V102/><F102/><W90/><G103/><T71/><D71/><U75/><E132/><V64/><AGARI ba="1,2" hai="17,19,56,57,58,62,64,68,73,79,81,97,98,99" machi="64" ten="40,5200,0" yaku="1,1,0,1,52,1,53,0" doraHai="74" doraHaiUra="108" who="2" fromWho="2" sc="221,-14,351,-14,229,75,179,-27" owari="207,-19.0,337,44.0,304,10.0,152,-35.0" /></mjloggm>