<mjloggm ver="2.3"><GO type="169" lobby="0"/><UN n0="%EF%BC%88%E2%89%A7%E2%96%BD%E2%89%A6%EF%BC%89" n1="%E9%8A%80%E9%81%8A%E7%A7%81%E4%BA%BA" n2="%E7%8B%AC%E6%AD%A9" n3="%4B%E3%80%82" dan="18,16,17,17" rate="2171.47,2056.96,2183.46,2137.95" sx="M,M,M,M"/><TAIKYOKU oya="0"/><INIT seed="0,0,0,3,0,103" ten="250,250,250,250" oya="0" hai0="22,0,28,72,106,104,88,9,118,46,21,92,123" hai1="5,80,89,30,119,87,1,117,84,91,125,32,61" hai2="25,83,34,15,130,2,110,8,31,99,35,97,38" hai3="39,60,112,19,69,115,109,96,44,57,120,79,73"/><T18/><D123/><U59/><E125/><V48/><F38/><W94/><G120/><T81/><D118/><U76/><E32/><V67/><F130/><W71/><G109/><T105/><D28/><U51/><E30/><V128/><F128/><W114/><G73/><T49/><D72/><U129/><E129/><V78/><F35/><W122/><G79/><T45/><D81/><U20/><E20/><V90/><F90/><W26/><G122/><T62/><D62/><U132/><E132/><V55/><F67/><W100/><G44/><T41/><D46/><U4/><E51/><V6/><F110/><W16/><G39/><T108/><D108/><U107/><E107/><V82/><F2/><W40/><G40/><T98/><REACH who="0" step="1"/><D18/><REACH who="0" ten="240,250,250,250" step="2"/><U47/><E47/><V121/><F121/><W17/><REACH who="3" step="1"/><G26/><REACH who="3" ten="240,250,250,240" step="2"/><T75/><D75/><U74/><E74/><V126/><F78/><W10/><G10/><T133/><D133/><U66/><E76/><V63/><F8/><W113/><N who="3" m="28672" /><DORA hai="127" /><W93/><G93/><T54/><D54/><AGARI ba="0,2" hai="16,17,19,54,57,60,69,71,94,96,100" m="28672" machi="54" ten="70,8000,1" yaku="1,1,54,1,53,1" doraHai="103,127" doraHaiUra="58,131" who="3" fromWho="0" sc="240,-80,250,0,250,0,240,100" /><INIT seed="1,0,0,1,0,123" ten="160,250,250,340" oya="1" hai0="22,9,29,111,37,65,7,96,97,14,101,60,94" hai1="103,18,118,34,76,81,72,133,39,79,44,113,17" hai2="12,71,88,42,73,99,48,126,5,92,58,84,21" hai3="36,106,119,89,68,134,13,127,85,55,8,83,117"/><U63/><E118/><N who="3" m="45066" /><G68/><T15/><D37/><U31/><E113/><V3/><F71/><W40/><G106/><T20/><D111/><U49/><E39/><V70/><F70/><W109/><G134/><T121/><D121/><U110/><E133/><V30/><F73/><W130/><G130/><T50/><D29/><U2/><E2/><V64/><F126/><W87/><G127/><T66/><D66/><U95/><E110/><V124/><F124/><W57/><G109/><T115/><D115/><U10/><E79/><V77/><F3/><W107/><G107/><T61/><D61/><U35/><E63/><N who="2" m="38007" /><F30/><W122/><G122/><T11/><D50/><U38/><E38/><V100/><F77/><W131/><G131/><T28/><D28/><U27/><E35/><V33/><F33/><W47/><G89/><T26/><D26/><U82/><E82/><N who="2" m="49175" /><F48/><N who="3" m="30951" /><G83/><T4/><REACH who="0" step="1"/><D97/><REACH who="0" ten="150,250,250,340" step="2"/><U135/><E135/><V53/><F99/><W114/><G114/><T90/><D90/><U69/><E34/><V108/><F108/><W93/><G93/><T128/><D128/><U24/><E95/><V0/><F92/><W67/><G67/><T74/><D74/><U102/><E72/><V51/><F51/><W116/><G116/><T46/><D46/><U6/><E44/><V98/><F98/><W105/><G105/><T19/><D19/><AGARI ba="0,1" hai="8,13,19,36,40,47,85,87" m="30951,45066" machi="19" ten="30,1000,0" yaku="12,1" doraHai="123" who="3" fromWho="0" sc="150,-10,250,0,250,0,340,20" /><INIT seed="2,0,0,1,2,123" ten="140,250,250,360" oya="2" hai0="49,85,1,115,52,67,120,45,43,119,127,66,112" hai1="20,29,103,26,10,37,35,53,42,91,60,80,25" hai2="93,40,13,106,51,97,17,33,30,76,65,2,121" hai3="11,75,78,71,109,84,92,135,8,98,63,113,130"/><V21/><F121/><W56/><G71/><T111/><D1/><U87/><E103/><V89/><F2/><W15/><G113/><N who="0" m="43595" /><D85/><U62/><E10/><V19/><F65/><N who="0" m="24586" /><D120/><U88/><E91/><V116/><F116/><W44/><G75/><T22/><D22/><U23/><E53/><V77/><F106/><W58/><G135/><T54/><D119/><U64/><E64/><V134/><F134/><W69/><G78/><T131/><D131/><U83/><E83/><V61/><F61/><W100/><G84/><T46/><D127/><U110/><E35/><V41/><F33/><W96/><G130/><T68/><D68/><U125/><E125/><V132/><F30/><W55/><G69/><T82/><D82/><U79/><E79/><N who="2" m="30283" /><F132/><W99/><G100/><T94/><D94/><U31/><E31/><V4/><F4/><W73/><G92/><T81/><D81/><U9/><E80/><V38/><F38/><W3/><G73/><T129/><D129/><U95/><E37/><V47/><F19/><W117/><G117/><T108/><D54/><AGARI ba="0,0" hai="13,17,21,40,41,47,51,54,89,93,97" m="30283" machi="54" ten="30,1500,0" yaku="8,1" doraHai="123" who="2" fromWho="0" sc="140,-15,250,0,250,15,360,0" /><INIT seed="2,1,0,1,0,24" ten="125,250,265,360" oya="2" hai0="34,70,90,120,57,121,52,54,18,63,133,53,31" hai1="126,116,76,97,98,14,4,67,32,43,12,79,132" hai2="105,41,103,3,17,60,91,23,69,28,83,1,30" hai3="37,71,44,92,68,127,117,102,19,2,129,134,96"/><V8/><F41/><W6/><G117/><T95/><D133/><U62/><E116/><V80/><F105/><W56/><G134/><T112/><D112/><U36/><E132/><V135/><F103/><W35/><G129/><T88/><D70/><U50/><E36/><V46/><F135/><W20/><G127/><T51/><D18/><U104/><E126/><V15/><F46/><W64/><G35/><T66/><D51/><U119/><E119/><V100/><F100/><W110/><G110/><T40/><D40/><U33/><E104/><V75/><F83/><W10/><G37/><T49/><D49/><U111/><E50/><V118/><F118/><W25/><G44/><T27/><REACH who="0" step="1"/><D90/><REACH who="0" ten="115,250,265,360" step="2"/><U26/><E43/><V74/><F91/><W22/><G71/><T114/><D114/><U13/><E111/><V125/><F125/><W122/><G68/><T131/><D131/><U99/><E4/><V77/><F69/><W59/><G64/><T86/><AGARI ba="1,1" hai="27,31,34,52,53,54,57,63,66,86,88,95,120,121" machi="86" ten="30,12000,2" yaku="1,1,0,1,52,1,54,2,53,1" doraHai="24" doraHaiUra="58" who="0" fromWho="0" sc="115,133,250,-31,265,-61,360,-31" /><INIT seed="3,0,0,5,3,6" ten="248,219,204,329" oya="3" hai0="90,102,101,43,131,103,109,60,9,99,122,48,22" hai1="23,42,104,66,130,117,55,71,40,133,0,89,115" hai2="41,31,70,93,25,34,111,24,62,10,112,79,19" hai3="129,126,65,12,32,7,56,4,64,21,51,35,84"/><W28/><G126/><T85/><D122/><U94/><E115/><V105/><F105/><W33/><G129/><T11/><D109/><U72/><E104/><V67/><F111/><W5/><G84/><T75/><D75/><U77/><E130/><V110/><F110/><W63/><G51/><T127/><D131/><U82/><E0/><V87/><F112/><W26/><REACH who="3" step="1"/><G12/><REACH who="3" ten="248,219,204,319" step="2"/><T58/><D127/><U53/><E72/><V1/><F87/><W100/><G100/><T2/><D2/><U74/><E74/><V121/><F1/><W29/><G29/><T120/><D120/><U20/><E117/><V119/><F119/><W37/><G37/><T46/><D99/><U69/><E133/><V39/><F39/><W16/><G16/><T125/><D125/><U61/><E61/><V18/><F18/><W45/><G45/><T17/><D85/><U108/><E108/><V88/><F121/><W124/><G124/><T3/><D3/><U68/><E77/><V98/><F79/><W86/><G86/><T27/><REACH who="0" step="1"/><D90/><REACH who="0" ten="238,219,204,319" step="2"/><U116/><E89/><V96/><F96/><W76/><G76/><T8/><D8/><U54/><E116/><V132/><F132/><W128/><G128/><T95/><D95/><U106/><E94/><V78/><F78/><W57/><G57/><T80/><D80/><U50/><E82/><V44/><F10/><W107/><G107/><T38/><D38/><U118/><E106/><V97/><F97/><W134/><G134/><T36/><D36/><U15/><E118/><V113/><F98/><W30/><G30/><T52/><AGARI ba="0,2" hai="9,11,17,22,27,43,46,48,52,58,60,101,102,103" machi="52" ten="30,16000,3" yaku="1,1,5,1,0,1,8,1,52,2,54,1,53,1" doraHai="6" doraHaiUra="49" who="0" fromWho="0" sc="238,180,219,-40,204,-40,319,-80" /><INIT seed="4,0,0,0,4,87" ten="418,179,164,239" oya="0" hai0="27,34,44,70,102,71,80,65,96,94,121,12,60" hai1="112,134,28,40,24,105,84,9,37,43,47,14,135" hai2="67,133,126,130,106,72,89,107,93,117,131,49,132" hai3="11,97,29,5,99,61,88,33,56,16,31,39,4"/><T103/><D121/><U53/><E105/><N who="2" m="39947" /><F67/><W86/><G39/><T58/><D44/><U100/><E100/><V118/><F49/><W122/><G122/><T127/><D103/><U79/><E112/><V8/><F8/><W1/><G5/><T129/><D129/><N who="2" m="49162" /><F72/><W48/><G48/><T111/><D70/><U46/><E53/><V85/><F126/><W25/><G31/><T19/><D127/><U50/><E79/><V62/><F62/><W10/><G10/><T21/><D71/><U57/><E57/><V78/><F78/><W77/><G77/><T68/><D68/><U82/><E9/><V51/><F51/><W13/><G1/><T95/><D34/><U125/><E125/><V110/><F110/><W7/><G7/><T114/><D111/><U101/><E50/><V38/><F38/><W22/><G33/><T45/><D114/><U6/><E37/><V59/><F59/><W115/><G115/><T108/><D108/><U3/><E47/><V64/><F64/><N who="3" m="38951" /><G4/><T41/><D45/><U128/><E46/><V52/><F52/><W35/><G35/><T120/><D120/><U32/><E32/><V92/><F92/><AGARI ba="0,0" hai="11,13,16,22,25,29,86,88,92,97,99" m="38951" machi="92" ten="30,7700,0" yaku="8,1,52,1,54,2" doraHai="87" who="3" fromWho="2" sc="418,0,179,0,164,-77,239,77" /><INIT seed="5,0,0,2,4,50" ten="418,179,87,316" oya="1" hai0="21,16,5,111,134,4,0,35,113,45,60,93,3" hai1="55,96,94,108,17,46,33,32,91,36,90,109,70" hai2="112,62,26,77,29,127,87,76,95,15,52,130,120" hai3="10,64,78,49,8,37,30,92,132,133,71,105,82"/><U28/><E70/><V54/><F120/><W131/><G105/><T135/><D111/><N who="1" m="42571" /><E28/><V74/><F74/><W81/><G37/><T104/><D104/><U31/><E31/><V18/><F130/><W79/><G30/><T88/><D35/><N who="1" m="13387" /><E17/><V34/><F127/><W40/><G92/><T19/><D113/><U84/><E36/><V38/><F38/><W73/><G131/><T121/><D121/><U122/><E122/><V85/><F112/><W114/><G114/><T12/><D45/><U44/><E55/><V98/><F77/><W53/><G40/><T9/><D60/><U51/><E51/><V107/><F107/><W86/><G64/><T48/><D48/><U110/><N who="1" m="42579" /><U83/><AGARI ba="0,0" hai="44,46,83,84,90,91,94,96" m="13387,42579" machi="83" ten="50,4800,0" yaku="4,1,10,1" doraHai="50" who="1" fromWho="1" sc="418,-16,179,48,87,-16,316,-16" /><INIT seed="5,1,0,0,3,47" ten="402,227,71,300" oya="1" hai0="95,61,94,78,97,132,107,32,9,130,52,35,41" hai1="8,23,77,36,123,121,92,89,0,71,50,34,42" hai2="67,1,108,57,56,6,98,133,80,113,18,5,96" hai3="59,2,17,105,11,39,124,126,58,72,4,7,12"/><U79/><E34/><V109/><F80/><W90/><G72/><T54/><D107/><U82/><E36/><V29/><F29/><W111/><G111/><T43/><D132/><U26/><E71/><V74/><F74/><W55/><G39/><T45/><D130/><U33/><E33/><V62/><F133/><W22/><G105/><T87/><D32/><U128/><E128/><V102/><F113/><W66/><G7/><T21/><D35/><U134/><E134/><V49/><F18/><W110/><G110/><T14/><D21/><U83/><E0/><V53/><F98/><W131/><G131/><T10/><D61/><U24/><E8/><V127/><F127/><N who="3" m="48683" /><G66/><T30/><D30/><U91/><E42/><N who="0" m="15881" /><D45/><U122/><E122/><V64/><F64/><W25/><G90/><N who="0" m="53599" /><D78/><U60/><E60/><V101/><F101/><W76/><G76/><T19/><D10/><U51/><REACH who="1" step="1"/><E92/><REACH who="1" ten="402,217,71,300" step="2"/><V104/><F109/><W69/><G69/><T115/><D115/><U106/><E106/><V65/><F108/><W85/><G2/><T84/><D84/><U20/><AGARI ba="1,1" hai="20,23,24,26,50,51,77,79,82,83,89,91,121,123" machi="20" ten="25,18000,2" yaku="1,1,0,1,22,2,52,2,53,0" doraHai="47" doraHaiUra="31" who="1" fromWho="1" sc="402,-61,217,193,71,-61,300,-61" /><INIT seed="5,2,0,5,0,15" ten="341,410,10,239" oya="1" hai0="84,6,33,85,16,31,27,93,36,38,130,75,71" hai1="56,63,89,90,11,44,54,76,1,108,2,92,4" hai2="74,77,133,110,17,88,79,70,37,83,32,49,123" hai3="3,116,134,39,35,19,28,48,30,18,69,43,73"/><U52/><E108/><V57/><F123/><W53/><G73/><T104/><D75/><U26/><E76/><V34/><F37/><W0/><G69/><T47/><D104/><U51/><E26/><V23/><F70/><W105/><G105/><T20/><D71/><U61/><E61/><V128/><F110/><W121/><G121/><T10/><D130/><U8/><E92/><V22/><F128/><W125/><G39/><T7/><D36/><U117/><E117/><V58/><F133/><W40/><G116/><T102/><D38/><U109/><E109/><V119/><F119/><W64/><G134/><T114/><D47/><U106/><E106/><V59/><F49/><W45/><G64/><T127/><D127/><U132/><E132/><V62/><F62/><W9/><G125/><T72/><D72/><U67/><E67/><V55/><F55/><W103/><G103/><T14/><D114/><U111/><E111/><V107/><F107/><W113/><G113/><T126/><D126/><U68/><E68/><V95/><F79/><W21/><G35/><T118/><D118/><U112/><E112/><V66/><F66/><W13/><G3/><N who="0" m="383" /><D6/><AGARI ba="2,0" hai="1,2,4,6,8,11,44,51,52,54,56,63,89,90" machi="6" ten="40,3900,0" yaku="9,1,54,1" doraHai="15" who="1" fromWho="0" sc="341,-45,410,45,10,0,239,0" /><INIT seed="5,3,0,0,0,103" ten="296,455,10,239" oya="1" hai0="107,72,9,63,115,91,11,114,89,35,95,86,126" hai1="122,110,92,109,24,116,106,46,36,87,132,134,99" hai2="130,101,93,119,105,41,49,13,43,1,45,78,0" hai3="34,8,113,117,30,58,55,48,67,94,21,3,19"/><U125/><E122/><V118/><F130/><W6/><G113/><N who="0" m="43019" /><D35/><U28/><E116/><V47/><F78/><W54/><G117/><T129/><D129/><U50/><E36/><V111/><F111/><N who="1" m="42505" /><E125/><V98/><F118/><W22/><G67/><T84/><D72/><U77/><E77/><V124/><F124/><W73/><G73/><T96/><D126/><U97/><E87/><V82/><F82/><W123/><G123/><T7/><D63/><U74/><E74/><V4/><F119/><W112/><G112/><T70/><D70/><U52/><E106/><V65/><F65/><W76/><G76/><T10/><D107/><U51/><E51/><V69/><F69/><W68/><G68/><T80/><D86/><U5/><E5/><AGARI ba="3,0" hai="5,7,9,10,11,80,84,89,91,95,96" m="43019" machi="5" ten="30,1000,0" yaku="15,1" doraHai="103" who="0" fromWho="1" sc="296,19,455,-19,10,0,239,0" /><INIT seed="6,0,0,3,2,107" ten="315,436,10,239" oya="2" hai0="86,12,50,14,90,81,117,111,103,48,33,69,41" hai1="82,110,21,73,123,84,127,18,19,27,122,115,2" hai2="30,40,13,42,62,68,108,35,26,5,43,70,95" hai3="32,77,88,85,78,38,116,87,132,20,134,63,8"/><V92/><F108/><W16/><G116/><T9/><D33/><U113/><E110/><V52/><F68/><W79/><G32/><T109/><D69/><U114/><E2/><V0/><F0/><W120/><G120/><N who="1" m="46122" /><E127/><V76/><F76/><W119/><G119/><T93/><D117/><U74/><E18/><V91/><F91/><AGARI ba="0,0" hai="19,21,27,73,74,82,84,91,113,114,115" m="46122" machi="91" ten="40,8000,1" yaku="15,1,13,1,52,2" doraHai="107" who="1" fromWho="2" sc="315,0,436,80,10,-80,239,0" owari="315,12.0,516,61.0,-70,-57.0,239,-16.0" /></mjloggm>