<mjloggm ver="2.3"><GO type="169" lobby="0"/><UN n0="%41%53%41%50%49%4E" n1="%EF%BC%88%E2%89%A7%E2%96%BD%E2%89%A6%EF%BC%89" n2="%E6%B0%97%E6%A5%BD%E3%81%AB%E6%89%93%E3%81%A4" n3="%E3%81%B3%E3%82%8A%E3%81%B3%E3%82%8A%E2%98%86%E3%83%93%E3%83%AA%E3%83%BC" dan="18,18,16,17" rate="2269.85,2188.84,2142.97,2175.60" sx="M,M,M,M"/><TAIKYOKU oya="0"/><INIT seed="0,0,0,2,2,43" ten="250,250,250,250" oya="0" hai0="67,102,30,78,35,36,100,109,23,82,59,108,21" hai1="34,18,121,95,38,119,105,76,89,5,127,69,65" hai2="81,46,115,26,112,123,17,93,124,27,57,97,13" hai3="56,73,9,44,104,128,63,107,88,72,99,29,74"/><T8/><D35/><U61/><E105/><V103/><F123/><W70/><G70/><T40/><D8/><U126/><E34/><V53/><F124/><N who="1" m="47657" /><E119/><V131/><F131/><W113/><G113/><T64/><D36/><U129/><E5/><V19/><F81/><W101/><G128/><T87/><D40/><U7/><E7/><V79/><F79/><W77/><G29/><T39/><D39/><U24/><E76/><V33/><F33/><W125/><G125/><T60/><D64/><U84/><E129/><V118/><F118/><W122/><G122/><T106/><D106/><U55/><E38/><V98/><F98/><W83/><G107/><T96/><D96/><U75/><E75/><V133/><F133/><W52/><G9/><T90/><D78/><U42/><E42/><V66/><F115/><W45/><REACH who="3" step="1"/><G88/><REACH who="3" ten="250,250,250,240" step="2"/><T16/><D30/><U117/><E121/><V114/><F112/><W110/><G110/><N who="0" m="42603" /><D21/><N who="1" m="13367" /><E117/><V32/><F114/><W134/><G134/><T62/><D62/><U10/><E10/><N who="2" m="6327" /><F32/><W54/><G54/><AGARI ba="0,1" hai="54,55,61,65,69,84,89,95" m="13367,47657" machi="54" ten="30,1000,0" yaku="18,1" doraHai="43" who="1" fromWho="3" sc="250,0,250,20,250,0,240,-10" /><INIT seed="1,0,0,0,2,32" ten="250,270,250,230" oya="1" hai0="9,63,129,24,3,59,128,107,6,22,13,104,98" hai1="69,88,120,5,39,70,122,109,28,62,83,71,37" hai2="27,35,117,96,58,4,131,57,8,105,123,87,100" hai3="45,125,114,17,38,134,19,11,49,112,73,64,92"/><U53/><E28/><V56/><F123/><W126/><G73/><T21/><D13/><U10/><E109/><V48/><F117/><W16/><G38/><T20/><D24/><U108/><E108/><V68/><F131/><N who="0" m="50250" /><D98/><U44/><E62/><V40/><F68/><W113/><G134/><T118/><D118/><U86/><E39/><V33/><F87/><W15/><G64/><AGARI ba="0,0" hai="3,6,9,20,21,22,59,63,64,104,107" m="50250" machi="64" ten="30,2000,0" yaku="19,1,52,1" doraHai="32" who="0" fromWho="3" sc="250,20,270,0,250,0,230,-20" /><INIT seed="2,0,0,2,1,71" ten="270,270,250,210" oya="2" hai0="107,98,119,36,89,47,103,29,25,114,14,124,122" hai1="54,37,2,76,102,20,23,46,94,104,18,58,82" hai2="5,57,13,10,108,9,112,41,69,7,55,3,118" hai3="100,116,93,8,74,42,31,130,64,24,83,106,33"/><V84/><F118/><W28/><G116/><T67/><D119/><U38/><E2/><V48/><F112/><W53/><G130/><T87/><D114/><U133/><E104/><V115/><F115/><W68/><G31/><T113/><D113/><U59/><E133/><V40/><F69/><W30/><G30/><T15/><D124/><U6/><E6/><V43/><REACH who="2" step="1"/><F84/><REACH who="2" ten="270,270,240,210" step="2"/><W105/><G68/><T11/><D87/><U96/><E59/><V27/><F27/><W77/><G24/><T70/><D25/><U49/><E58/><V129/><F129/><W110/><G74/><T45/><D70/><U75/><E23/><V4/><F4/><W65/><G33/><T12/><D122/><U121/><E121/><V117/><F117/><W86/><G86/><T35/><D35/><U120/><E120/><V99/><F99/><W123/><G123/><T131/><D98/><U52/><E54/><V51/><F51/><W79/><G53/><T126/><D131/><U66/><E66/><V125/><F125/><W63/><G65/><T56/><D126/><U39/><E38/><V1/><F1/><W134/><G64/><T32/><D56/><U60/><E60/><V0/><F0/><W101/><G63/><T128/><D36/><U85/><E75/><V22/><F22/><W34/><G34/><T19/><D67/><U72/><E72/><V135/><F135/><W92/><G134/><T132/><D132/><U26/><AGARI ba="0,1" hai="18,20,26,37,39,46,49,52,76,82,85,94,96,102" machi="26" ten="20,8000,1" yaku="0,1,7,1,52,2,54,1" doraHai="71" who="1" fromWho="1" sc="270,-20,270,90,240,-40,210,-20" /><INIT seed="3,0,0,5,5,115" ten="250,360,200,190" oya="3" hai0="132,39,48,17,0,31,25,21,47,123,99,121,6" hai1="10,130,41,42,49,104,131,80,109,102,95,114,29" hai2="122,60,126,72,15,34,78,79,24,19,119,116,84" hai3="93,134,43,1,44,128,40,107,52,20,108,22,55"/><W12/><G107/><T45/><D132/><U23/><E114/><V111/><F111/><W129/><G1/><T90/><D39/><U58/><E104/><V53/><F126/><W81/><G134/><T110/><D110/><U92/><E109/><V74/><F122/><W101/><G108/><T97/><D45/><U67/><E10/><V35/><F60/><W36/><G43/><T8/><D90/><U5/><E5/><V71/><F71/><W59/><G81/><T85/><D85/><U69/><E80/><V113/><F113/><W91/><G101/><T63/><D63/><N who="1" m="38391" /><E69/><V14/><F84/><N who="3" m="52455" /><G55/><T120/><REACH who="0" step="1"/><D31/><REACH who="0" ten="240,360,200,190" step="2"/><U28/><E29/><V87/><F87/><W62/><G12/><T2/><D2/><U64/><E102/><V30/><F30/><W117/><G117/><T54/><AGARI ba="0,1" hai="0,6,8,17,21,25,47,48,54,97,99,120,121,123" machi="54" ten="30,2000,0" yaku="1,1,0,1,53,0" doraHai="115" doraHaiUra="61" who="0" fromWho="0" sc="240,30,360,-5,200,-5,190,-10" /><INIT seed="4,0,0,2,2,130" ten="270,355,195,180" oya="0" hai0="56,83,17,102,122,69,120,50,31,16,127,59,65" hai1="12,110,66,14,105,61,10,94,100,8,85,89,37" hai2="116,75,47,34,135,103,63,54,57,87,7,46,132" hai3="62,128,5,117,30,121,0,51,64,107,9,67,71"/><T113/><D113/><U33/><E33/><V41/><F116/><W42/><G117/><T58/><D127/><U115/><E37/><V15/><F75/><W108/><G108/><T60/><D31/><U48/><E110/><V80/><F34/><W106/><G128/><T21/><D102/><U20/><E105/><V1/><F1/><W82/><G121/><T97/><D97/><N who="1" m="59447" /><E115/><V111/><F103/><W2/><G2/><T27/><D50/><U32/><E32/><V26/><F26/><W3/><G3/><T73/><REACH who="0" step="1"/><D17/><REACH who="0" ten="260,355,195,180" step="2"/><U52/><E48/><N who="2" m="26703" /><F111/><W28/><G28/><T114/><D114/><U4/><E61/><V18/><F18/><W134/><G30/><T44/><D44/><U53/><E4/><V92/><F47/><W76/><G51/><T55/><D55/><U118/><E53/><V79/><F7/><W39/><G67/><T68/><D68/><U40/><E66/><V96/><F54/><W125/><G125/><T88/><D88/><U22/><E52/><N who="2" m="34215" /><F132/><W11/><G134/><T13/><D13/><U78/><E118/><V133/><F135/><W35/><G35/><T90/><D90/><U23/><E89/><N who="2" m="55311" /><F133/><W24/><G24/><T74/><D74/><U25/><E25/><V101/><F101/><W45/><G11/><N who="1" m="4138" /><E40/><V98/><F98/><W91/><G91/><T123/><D123/><U81/><AGARI ba="0,1" hai="12,14,20,22,23,78,81,85" m="4138,59447" machi="81" ten="30,1100,0" yaku="8,1" doraHai="130" who="1" fromWho="1" sc="260,-5,355,21,195,-3,180,-3" /><INIT seed="5,0,0,3,3,93" ten="255,376,192,177" oya="1" hai0="35,123,75,37,95,74,6,98,14,44,112,68,103" hai1="31,87,7,130,67,107,96,81,16,21,23,100,126" hai2="5,65,15,3,41,90,56,8,97,102,120,62,48" hai3="66,133,10,19,59,118,71,39,79,25,110,78,86"/><U12/><E130/><V104/><F120/><W92/><G110/><T51/><D37/><U113/><E113/><V135/><F135/><W89/><G39/><T83/><D112/><U4/><E67/><V2/><REACH who="2" step="1"/><F90/><REACH who="2" ten="255,376,182,177" step="2"/><W134/><G133/><T84/><D123/><U80/><E126/><V55/><F55/><W13/><G134/><T50/><D75/><U61/><E61/><V69/><F69/><W49/><G71/><T85/><D74/><U27/><E80/><V30/><F30/><W129/><G129/><T72/><D72/><U33/><E33/><V42/><F42/><W17/><G118/><T124/><D68/><U122/><E122/><V9/><F9/><W28/><G19/><T73/><D73/><U82/><E82/><V111/><F111/><W38/><G38/><T34/><D83/><U108/><E108/><V32/><F32/><W40/><G40/><T53/><D35/><U121/><E121/><V101/><F101/><W24/><G28/><T63/><D34/><U45/><E45/><AGARI ba="0,1" hai="2,3,5,8,15,41,45,48,56,62,65,97,102,104" machi="45" ten="40,2600,0" yaku="1,1,52,1,53,0" doraHai="93" doraHaiUra="64" who="2" fromWho="1" sc="255,0,376,-26,182,36,177,0" /><INIT seed="6,0,0,1,2,121" ten="255,350,218,177" oya="2" hai0="74,118,126,47,84,19,52,4,14,125,32,99,39" hai1="1,26,59,12,37,66,109,91,87,18,129,17,67" hai2="31,80,46,75,124,58,53,8,5,127,88,50,30" hai3="77,132,68,101,96,62,86,78,42,89,112,3,69"/><V71/><F71/><W35/><G3/><T131/><D74/><U119/><E37/><V38/><F30/><W103/><G35/><T130/><D32/><U107/><E1/><N who="2" m="47" /><F31/><W10/><G10/><N who="0" m="4423" /><D118/><U104/><E119/><V24/><F24/><W55/><G69/><T105/><D19/><U83/><E104/><V60/><F75/><W90/><G68/><T54/><D84/><U128/><E107/><V44/><F38/><W114/><G42/><N who="0" m="23007" /><D99/><U33/><E33/><V111/><F111/><W27/><G27/><T100/><D100/><N who="3" m="38473" /><G55/><N who="0" m="21035" /><D105/><U79/><E26/><V116/><F116/><W48/><G48/><T61/><D61/><U92/><E18/><V94/><F80/><N who="3" m="49351" /><G62/><T40/><D40/><U70/><E70/><V135/><F60/><W11/><G11/><T98/><D98/><U56/><E56/><V113/><F58/><W120/><G120/><T2/><D2/><U22/><E59/><V122/><F122/><W117/><G117/><T9/><D9/><U45/><E45/><V34/><F44/><W85/><G96/><T23/><D23/><U133/><E22/><V95/><F34/><W106/><G106/><T49/><D49/><U41/><E41/><V72/><F46/><W6/><G6/><T110/><D110/><U21/><E109/><V93/><F53/><W76/><G132/><T97/><D97/><N who="1" m="57503" /><E133/><V57/><F135/><W51/><G51/><T134/><D134/><U43/><E43/><V102/><F50/><W81/><AGARI ba="0,0" hai="76,77,78,81,85,90,112,114" m="49351,38473" machi="81" ten="40,2700,0" yaku="34,2" doraHai="121" who="3" fromWho="3" sc="255,-7,350,-7,218,-13,177,27" /><INIT seed="7,0,0,0,5,120" ten="248,343,205,204" oya="3" hai0="94,17,91,72,109,54,48,63,128,66,83,92,59" hai1="16,95,114,47,7,43,57,101,53,70,30,85,74" hai2="129,46,108,32,82,9,23,67,133,28,115,56,134" hai3="65,41,69,60,87,3,126,105,102,64,88,34,45"/><W75/><G75/><T24/><D109/><U77/><E70/><V100/><F115/><W50/><G3/><T31/><D128/><U135/><E135/><N who="2" m="51723" /><F129/><W26/><G65/><T36/><D36/><U84/><E57/><V42/><F32/><W38/><G126/><T125/><D125/><U130/><E77/><V96/><F9/><W21/><G34/><T5/><D5/><U22/><E95/><N who="2" m="58399" /><F82/><W68/><G68/><T44/><D17/><U55/><E16/><V118/><F118/><W117/><G117/><T33/><D72/><U25/><E74/><V97/><F97/><W131/><G131/><T113/><D113/><U13/><E13/><V49/><F23/><W79/><G79/><T98/><D92/><U4/><E4/><V124/><F124/><W119/><G119/><T89/><D83/><U15/><E15/><V29/><F108/><W35/><G35/><T106/><D106/><U127/><E53/><N who="2" m="31791" /><F67/><W12/><G12/><T86/><D86/><U19/><E55/><V90/><F90/><AGARI ba="0,0" hai="24,31,33,44,48,54,59,63,66,89,90,91,94,98" machi="90" ten="30,1000,0" yaku="7,1" doraHai="120" who="0" fromWho="2" sc="248,10,343,0,205,-10,204,0" owari="258,6.0,343,44.0,195,-30.0,204,-20.0" /></mjloggm>