<mjloggm ver="2.3"><GO type="169"/><UN n0="%E5%AF%9B%E3%83%94%E3%82%A8%E3%83%AD" n1="%E2%80%9C%72%61%69%6E%E2%80%9D" n2="%E5%B8%B8%E7%A3%90%E7%B7%9A%E7%89%B9%E5%88%A5%E5%BF%AB%E9%80%9F" n3="%EF%BC%88%E2%89%A7%E2%96%BD%E2%89%A6%EF%BC%89" dan="16,16,17,16" rate="2059,2113,2143,2085" sx="M,M,F,M"/><TAIKYOKU oya="0"/><INIT seed="0,0,0,4,4,117" ten="250,250,250,250" oya="0" hai0="3,71,20,123,122,102,32,101,49,81,119,86,96" hai1="103,22,28,42,113,26,87,89,5,115,34,46,98" hai2="72,30,19,114,106,60,76,120,112,56,97,78,35" hai3="29,1,31,125,8,62,61,91,17,57,66,59,48"/><T15/><D32/><U93/><E5/><V67/><F120/><N who="0" m="46122" /><D49/><U129/><E34/><V84/><F72/><W64/><G1/><T75/><D20/><U24/><E24/><V118/><F118/><W132/><G48/><T79/><D15/><U108/><E108/><V116/><F116/><W2/><G2/><T100/><D71/><U95/><REACH who="1" step="1"/><E129/><REACH who="1" ten="250,240,250,250" step="2"/><V70/><F35/><W9/><G132/><T80/><D119/><U45/><E45/><V104/><F112/><W51/><G125/><T16/><D3/><U40/><E40/><V52/><F114/><W133/><G133/><T65/><D16/><U111/><E111/><V50/><F19/><W92/><G51/><AGARI ba="0,1" hai="22,26,28,42,46,51,87,89,93,95,98,103,113,115" machi="51" ten="40,1300,0" yaku="1,1,53,0" doraHai="117" doraHaiUra="105" who="1" fromWho="3" sc="250,0,240,23,250,0,250,-13" /><INIT seed="1,0,0,0,1,38" ten="250,263,250,237" oya="1" hai0="11,131,97,133,95,107,132,43,89,2,14,86,5" hai1="104,15,114,16,71,125,96,72,124,85,101,48,4" hai2="128,76,65,44,59,41,29,84,68,66,1,13,18" hai3="50,93,53,62,51,127,28,23,105,42,56,112,70"/><U92/><E72/><V9/><F128/><W78/><G112/><T36/><D131/><U26/><E114/><V73/><F68/><W7/><G105/><T64/><D64/><U81/><E71/><V116/><F116/><W74/><G127/><N who="1" m="48714" /><E4/><V90/><F29/><W123/><G123/><T61/><D61/><U34/><E48/><V32/><F32/><W55/><G7/><T98/><D2/><U30/><E104/><V21/><F59/><W31/><G70/><T27/><D27/><U130/><E130/><V119/><F119/><W100/><G74/><T103/><REACH who="0" step="1"/><D97/><REACH who="0" ten="240,263,250,237" step="2"/><U129/><E129/><V35/><F1/><W102/><G62/><T67/><D67/><U39/><E26/><V6/><F66/><W69/><G69/><T94/><D94/><U111/><E92/><V109/><F65/><W80/><G93/><T134/><D134/><U10/><E96/><V52/><F35/><W120/><G120/><T113/><D113/><U17/><E34/><V87/><F109/><W88/><G100/><T82/><D82/><U3/><E101/><V108/><F108/><W126/><G102/><T91/><D91/><U75/><E3/><V46/><F90/><W33/><G88/><T110/><D110/><U0/><E0/><V106/><F106/><W8/><G126/><T19/><D19/><U63/><E17/><V24/><F18/><W45/><G80/><T117/><D117/><U115/><E81/><V83/><F24/><W99/><G99/><T49/><D49/><U47/><E111/><V40/><F83/><W20/><G51/><T22/><D22/><RYUUKYOKU ba="0,1" sc="240,30,263,-10,250,-10,237,-10" hai0="5,11,14,36,43,86,89,95,98,103,107,132,133" /><INIT seed="2,1,1,2,5,68" ten="270,253,240,227" oya="2" hai0="7,37,42,97,20,64,125,118,1,13,45,60,84" hai1="24,48,5,47,101,105,36,106,44,90,28,112,120" hai2="16,104,10,53,77,63,54,116,25,4,115,3,8" hai3="32,85,127,55,124,59,74,18,51,132,91,123,65"/><V130/><F116/><W89/><G123/><T100/><D1/><U71/><E112/><V33/><F115/><W75/><G32/><T80/><D118/><U76/><E120/><V57/><F104/><W11/><G132/><T81/><D125/><N who="3" m="48201" /><G65/><T134/><D134/><U27/><E71/><V102/><F102/><W93/><G91/><T69/><D84/><U31/><E76/><V122/><F122/><W87/><G87/><T26/><D7/><U128/><E5/><V79/><F130/><W121/><G121/><T30/><REACH who="0" step="1"/><D13/><AGARI ba="1,1" hai="11,13,18,51,55,59,74,75,85,89,93" m="48201" machi="13" ten="30,1000,0" yaku="18,1" doraHai="68" who="3" fromWho="0" sc="270,-13,253,0,240,0,227,23" /><INIT seed="3,0,0,3,3,28" ten="257,253,240,250" oya="3" hai0="21,71,98,69,82,135,129,99,104,60,24,107,61" hai1="115,25,109,118,88,112,100,33,97,13,76,49,78" hai2="105,90,18,32,38,81,22,131,94,29,127,84,95" hai3="64,122,92,102,58,44,108,6,56,16,46,19,48"/><W54/><G122/><T51/><D129/><U132/><E109/><V74/><F38/><W67/><G108/><T70/><D135/><U7/><E132/><V77/><F131/><W123/><G123/><T89/><D51/><U47/><E118/><V72/><F127/><W17/><G6/><T11/><D11/><U75/><E112/><V91/><F105/><W5/><G5/><T93/><D82/><U14/><E115/><V106/><F106/><W125/><G125/><T113/><D113/><U126/><E126/><V96/><F29/><W43/><G56/><T42/><D42/><U86/><E25/><V134/><F134/><W34/><G34/><T20/><D89/><U30/><E30/><V62/><F62/><N who="0" m="24170" /><D24/><U121/><E121/><V133/><F133/><W53/><G46/><T3/><D93/><N who="1" m="58415" /><E33/><V124/><F124/><W39/><REACH who="3" step="1"/><G53/><REACH who="3" ten="257,253,240,240" step="2"/><T52/><D52/><N who="1" m="29759" /><E7/><V37/><F32/><W80/><G80/><T45/><D45/><U83/><E75/><V55/><F55/><W111/><G111/><T50/><D69/><U4/><E4/><V128/><F128/><W101/><G101/><T63/><D70/><U27/><E27/><V1/><F74/><W87/><G87/><T57/><D71/><U2/><E2/><V73/><F1/><W85/><G85/><T116/><D3/><U15/><AGARI ba="0,1" hai="13,14,15,76,78,83,86,88" m="29759,58415" machi="15" ten="30,4000,0" yaku="8,1,54,2" doraHai="28" who="1" fromWho="1" sc="257,-10,253,50,240,-10,240,-20" /><INIT seed="4,0,0,5,1,116" ten="247,303,230,220" oya="0" hai0="75,30,131,67,107,26,119,85,106,24,71,39,103" hai1="33,134,59,109,2,54,129,27,48,43,72,104,115" hai2="89,13,6,10,84,135,50,130,45,117,97,36,44" hai3="28,47,34,63,86,120,70,23,88,114,96,77,90"/><T118/><D39/><U11/><E109/><V99/><F130/><W111/><G111/><T29/><D75/><U95/><E104/><V65/><F135/><W51/><G34/><T100/><D131/><U81/><E129/><V40/><F65/><W19/><G114/><T76/><D67/><U101/><E134/><V125/><F125/><W1/><G1/><T74/><D74/><U82/><E43/><V113/><F113/><W55/><G28/><T69/><D85/><U132/><E132/><V102/><F102/><W7/><G7/><T17/><D17/><U108/><E108/><V93/><F117/><W80/><G120/><T60/><D60/><U52/><E54/><AGARI ba="0,0" hai="6,10,13,36,40,44,45,50,54,84,89,93,97,99" machi="54" ten="30,1000,0" yaku="7,1" doraHai="116" who="2" fromWho="1" sc="247,0,303,-10,230,10,220,0" /><INIT seed="5,0,0,1,0,124" ten="247,293,240,220" oya="1" hai0="129,74,42,7,25,61,128,96,22,132,115,69,133" hai1="113,19,109,47,59,5,27,50,49,98,135,24,57" hai2="31,53,66,55,29,90,87,119,8,101,130,40,14" hai3="70,13,78,80,75,92,111,107,91,33,41,65,17"/><U9/><E113/><V73/><F73/><W23/><G111/><T15/><D74/><U38/><E38/><V10/><F119/><W81/><G33/><T30/><D115/><U117/><E117/><V122/><F122/><W54/><G107/><T123/><D123/><U72/><E72/><V85/><F40/><W46/><G80/><T48/><D96/><U44/><E109/><V12/><F66/><W18/><G54/><T16/><D7/><U83/><E135/><N who="0" m="51785" /><D69/><U11/><E83/><V84/><F90/><W56/><G70/><T125/><D61/><U64/><E98/><V2/><F2/><W6/><G6/><T71/><D71/><U35/><E5/><V121/><F121/><W116/><G116/><T52/><D42/><U68/><E68/><V79/><F79/><W120/><G120/><T104/><D104/><U134/><E134/><V0/><F0/><W106/><G106/><T21/><D125/><U20/><E64/><V76/><F87/><W97/><G18/><T60/><D60/><U28/><E19/><V43/><F43/><W110/><G110/><T108/><D108/><U3/><E3/><V77/><F101/><W26/><G65/><T67/><D67/><U88/><E28/><V99/><F99/><W37/><REACH who="3" step="1"/><G56/><AGARI ba="0,0" hai="15,16,21,22,25,30,48,52,56,128,129" m="51785" machi="56" ten="30,8000,1" yaku="20,1,52,2,54,2" doraHai="124" who="0" fromWho="3" sc="247,80,293,0,240,0,220,-80" /><INIT seed="6,0,0,5,4,76" ten="327,293,240,140" oya="2" hai0="119,60,29,86,120,25,1,124,54,53,108,84,72" hai1="111,83,13,126,112,68,15,28,51,96,19,77,37" hai2="82,74,17,43,58,104,105,98,55,106,2,41,127" hai3="59,27,132,63,57,49,133,107,56,34,122,97,47"/><V66/><F2/><W95/><G107/><T12/><D72/><U26/><E37/><V5/><F5/><W61/><G122/><T131/><D1/><U40/><E111/><V45/><F127/><W10/><G10/><T33/><D120/><U14/><E68/><V128/><F128/><W64/><G34/><T125/><D108/><U50/><E126/><V90/><F66/><W89/><G27/><T101/><D101/><U110/><E110/><V48/><F41/><W115/><G115/><T46/><D119/><U103/><E112/><V18/><F98/><W109/><G109/><T8/><D131/><U79/><E19/><V130/><F130/><W24/><G24/><T117/><D117/><U87/><E77/><V22/><F22/><W3/><G3/><T67/><D46/><U91/><E40/><V16/><F74/><W100/><G100/><T11/><D33/><U88/><E91/><V36/><REACH who="2" step="1"/><F106/><REACH who="2" ten="327,293,230,140" step="2"/><W81/><G64/><T38/><D67/><U75/><E75/><V129/><F129/><W69/><G69/><T94/><D124/><U4/><E4/><V70/><F70/><W118/><G118/><T123/><D125/><U121/><E121/><V32/><F32/><W85/><G133/><T134/><D134/><U31/><E96/><V135/><F135/><W92/><G132/><T71/><D71/><U52/><E52/><V65/><F65/><W7/><G7/><T39/><D54/><U73/><E73/><V44/><F44/><W6/><G6/><T21/><D123/><U114/><E114/><V80/><F80/><W0/><G0/><RYUUKYOKU ba="0,1" sc="327,-10,293,-10,230,30,140,-10" hai2="16,17,18,36,43,45,48,55,58,82,90,104,105" /><INIT seed="6,1,1,3,1,85" ten="317,283,260,130" oya="2" hai0="67,90,35,78,73,61,49,92,33,50,82,113,105" hai1="32,119,2,31,98,34,71,29,134,94,88,22,66" hai2="4,103,5,131,115,97,126,70,62,43,124,84,72" hai3="28,68,1,54,120,59,95,101,121,9,132,65,58"/><V39/><F72/><W46/><G28/><T38/><D105/><U83/><E119/><V69/><F115/><W87/><G132/><T30/><D38/><U16/><E2/><V14/><F131/><W7/><G46/><T130/><D130/><U40/><E134/><V44/><F62/><W102/><G68/><N who="2" m="26217" /><F14/><W114/><G114/><T122/><D122/><U13/><E40/><V75/><F75/><W93/><G65/><T76/><D76/><U125/><E125/><N who="2" m="48235" /><F84/><W36/><G36/><T25/><D35/><U20/><E32/><V79/><F79/><W55/><G87/><T86/><D113/><U17/><E34/><V24/><F24/><W117/><G1/><T60/><D60/><U129/><E129/><V48/><F39/><W128/><G128/><T8/><D8/><U23/><E66/><V57/><F57/><AGARI ba="1,1" hai="25,30,33,49,50,57,61,67,73,78,82,86,90,92" machi="57" ten="30,2000,0" yaku="7,1,52,1" doraHai="85" who="0" fromWho="2" sc="317,33,283,0,260,-23,130,0" /><INIT seed="7,0,0,4,4,60" ten="350,283,237,130" oya="3" hai0="17,14,119,78,116,45,118,123,91,44,90,56,55" hai1="77,41,89,86,101,117,19,131,0,34,74,127,9" hai2="2,28,15,27,80,102,132,124,29,75,130,79,114" hai3="83,94,63,93,1,70,26,10,59,37,16,108,113"/><W18/><G37/><T4/><D4/><U120/><E34/><V109/><F2/><W100/><G70/><T11/><D123/><U46/><E120/><V21/><F109/><W107/><G108/><T134/><D78/><U67/><E131/><V5/><F130/><W50/><G113/><T24/><D24/><U105/><E127/><V87/><F124/><W42/><G107/><T104/><D104/><U92/><E117/><V22/><F132/><W6/><G83/><T133/><D90/><U39/><E67/><V58/><F114/><W81/><G81/><T61/><D91/><U96/><E19/><V53/><F102/><W35/><G35/><T54/><D54/><U62/><E62/><V52/><F75/><W69/><G69/><T85/><D85/><U98/><E98/><V12/><F5/><W7/><G7/><T49/><D49/><U43/><E43/><V106/><F106/><W82/><G82/><T110/><D110/><U32/><E32/><V111/><F111/><W128/><G128/><T38/><D38/><U115/><E115/><V51/><F53/><N who="3" m="34287" /><G26/><AGARI ba="0,0" hai="12,15,21,22,26,27,28,29,51,52,58,79,80,87" machi="26" ten="40,5200,0" yaku="9,1,8,1,54,1" doraHai="60" who="2" fromWho="3" sc="350,0,283,0,237,52,130,-52" owari="350,45.0,283,-12.0,289,9.0,78,-42.0" /></mjloggm>