<mjloggm ver="2.3"><GO type="41"/><UN n0="%E5%8F%A4%E6%B8%85%E6%B0%B4%E5%87%9B" n1="%E9%BE%8D%E4%B9%8B%E5%8A%A9" n2="%E3%82%A6%E3%83%AB%E3%83%88%E3%83%A9%E7%AB%8B%E7%9B%B4" n3="%6B%65%69%72%79%6F" dan="16,15,15,14" rate="2077,2030,1977,1860" sx="F,M,M,F"/><TAIKYOKU oya="0"/><INIT seed="0,0,0,1,4,87" ten="250,250,250,250" oya="0" hai0="102,18,128,111,26,100,31,38,60,78,126,55,29" hai1="129,64,82,107,65,53,121,56,50,41,95,37,71" hai2="20,116,16,130,35,68,49,40,57,4,34,28,44" hai3="17,3,52,101,109,25,48,84,30,112,6,42,63"/><T39/><D126/><U104/><E121/><V27/><F68/><W94/><G112/><T23/><D128/><U123/><E123/><V99/><F130/><W74/><G74/><T88/><D78/><U36/><E82/><V72/><F72/><W59/><G3/><T70/><D111/><U12/><E129/><V98/><F116/><W117/><G117/><T1/><D1/><U119/><E119/><V127/><F127/><W61/><G109/><T69/><D69/><U79/><E79/><V75/><F75/><W97/><G6/><T77/><D77/><U76/><E76/><V47/><F4/><W10/><G42/><T122/><D122/><U131/><E131/><V110/><F110/><W80/><G30/><T46/><D39/><U103/><E103/><V135/><F135/><W96/><G96/><T89/><D38/><U66/><E71/><V91/><F57/><W120/><G120/><T92/><D70/><U9/><E36/><V14/><F47/><W45/><G45/><T105/><D105/><U62/><E37/><V106/><F106/><W118/><G118/><T132/><D132/><U113/><E113/><V43/><F43/><W5/><G5/><T125/><D125/><U108/><E108/><V13/><F13/><N who="3" m="7351" /><G25/><T0/><D0/><U83/><E107/><V33/><REACH who="2" step="1"/><F99/><REACH who="2" step="2"/><W86/><G84/><N who="0" m="52231" /><D46/><U2/><E104/><V8/><F8/><W7/><G7/><T24/><D24/><U67/><E2/><V11/><F11/><W81/><G86/><T15/><D26/><U58/><E9/><V114/><F114/><W21/><G21/><RYUUKYOKU ba="0,1" sc="250,-15,250,-15,240,15,250,15" hai2="14,16,20,27,28,33,34,35,40,44,49,91,98" hai3="48,52,59,61,63,80,81,94,97,101" /><INIT seed="1,1,1,4,1,114" ten="235,235,255,265" oya="1" hai0="134,109,10,89,30,63,43,101,55,23,93,71,79" hai1="47,36,86,113,1,116,72,100,69,122,117,121,70" hai2="115,42,99,16,9,15,50,21,90,19,74,78,24" hai3="135,27,95,104,126,129,130,92,105,65,112,25,73"/><U35/><E100/><V14/><F115/><W6/><G112/><T107/><D107/><N who="3" m="41033" /><G65/><T85/><D101/><U46/><E86/><V131/><F131/><N who="3" m="50187" /><G6/><T82/><D109/><U22/><E72/><V5/><F74/><W2/><G2/><T60/><D134/><U26/><E1/><V0/><F78/><W133/><G73/><T77/><D43/><U13/><E113/><V29/><F42/><W44/><G44/><T32/><D32/><U38/><E13/><V84/><F99/><W108/><G108/><T28/><D77/><U7/><E35/><V75/><F75/><W67/><G67/><T97/><D10/><U88/><E22/><V4/><F50/><W119/><G119/><T68/><D71/><U12/><E12/><V120/><F120/><W3/><G3/><T41/><D68/><U106/><E106/><V56/><F56/><W132/><G126/><T39/><D41/><U83/><E7/><V17/><REACH who="2" step="1"/><F5/><REACH who="2" step="2"/><W111/><G111/><T128/><D79/><U54/><E122/><V98/><F98/><W34/><G34/><T11/><D97/><U53/><E121/><V49/><F49/><W62/><G62/><T20/><D63/><U123/><E123/><V48/><F48/><W127/><G127/><T64/><D60/><U103/><E103/><V51/><F51/><W33/><G33/><T37/><D128/><U87/><E87/><V66/><F66/><W125/><G125/><T57/><D64/><U18/><E36/><V124/><F124/><W8/><G8/><T76/><D39/><U52/><E38/><V45/><F45/><RYUUKYOKU ba="1,2" sc="235,-15,235,-15,245,15,265,15" hai2="0,4,9,14,15,16,17,19,21,24,29,84,90" hai3="25,27,92,95,132,133,135" /><INIT seed="2,2,2,2,0,58" ten="220,220,260,280" oya="2" hai0="52,67,7,85,9,50,118,64,123,74,131,122,90" hai1="117,104,43,129,11,102,59,132,101,53,18,127,1" hai2="29,56,49,78,110,32,4,51,55,111,83,61,38" hai3="128,76,69,94,72,84,31,54,99,3,73,98,24"/><V26/><F38/><W96/><G3/><T87/><D74/><N who="3" m="28777" /><G69/><T27/><D118/><U120/><E117/><V19/><F4/><W89/><G54/><T93/><D27/><U37/><E120/><V77/><F19/><W97/><G24/><T71/><D87/><U0/><E0/><V15/><F15/><W135/><G31/><T17/><D17/><U88/><E1/><V130/><F130/><W44/><G44/><T21/><D131/><U16/><E129/><V34/><F34/><W133/><G128/><T42/><D21/><U95/><E104/><V114/><F114/><W121/><G121/><T126/><D42/><U119/><E43/><V100/><F100/><N who="3" m="60439" /><G76/><T75/><D67/><U46/><E119/><V109/><REACH who="2" step="1"/><F78/><REACH who="2" step="2"/><W12/><G12/><N who="0" m="5183" /><D122/><U108/><E18/><V125/><F125/><W25/><G25/><T47/><D126/><U22/><E127/><V23/><F23/><W65/><G65/><T115/><D123/><U86/><E22/><V36/><F36/><W92/><AGARI ba="2,3" hai="84,89,92,97,98,99,133,135" m="60439,28777" machi="92" ten="40,2700,0" yaku="34,2" doraHai="58" who="3" fromWho="3" sc="220,-9,220,-9,250,-15,280,63" /><INIT seed="3,0,0,2,3,92" ten="211,211,235,343" oya="3" hai0="3,64,61,105,58,53,17,26,86,109,107,45,63" hai1="134,94,49,100,76,35,31,7,121,25,24,71,127" hai2="73,39,28,40,65,112,74,106,21,78,75,51,131" hai3="37,81,128,19,10,1,99,125,115,135,0,111,20"/><W117/><G81/><T103/><D3/><U70/><E71/><V14/><F112/><W120/><G10/><T60/><D109/><U48/><E70/><V13/><F39/><W84/><G84/><T27/><D107/><U122/><E7/><V47/><F131/><W5/><G99/><T116/><D116/><U46/><E76/><V79/><F65/><W95/><G95/><T126/><D126/><U89/><E100/><V85/><F106/><W16/><G16/><T67/><D105/><U36/><E134/><V11/><F85/><W23/><G19/><T32/><D32/><U97/><E127/><V38/><F38/><W41/><G20/><T59/><D103/><U30/><E36/><V91/><F91/><W83/><G23/><T87/><D60/><U69/><E69/><V123/><F123/><W22/><G22/><T6/><D6/><U98/><E98/><V68/><F68/><W62/><G83/><T133/><D133/><U104/><E104/><V9/><F21/><W82/><G82/><T101/><D101/><U93/><E93/><V44/><F28/><W80/><G80/><T132/><D132/><U18/><E18/><V33/><F33/><W96/><G117/><T108/><D17/><U57/><E31/><V130/><F130/><W118/><G128/><T113/><D113/><U15/><E25/><V88/><F88/><W29/><G115/><T66/><D66/><U42/><E15/><N who="2" m="5643" /><F47/><W54/><G118/><T110/><D45/><U77/><E77/><N who="2" m="29195" /><F44/><W12/><G135/><T43/><D43/><U50/><E57/><V129/><F129/><RYUUKYOKU ba="0,0" sc="211,10,211,10,235,10,343,-30" hai0="26,27,53,58,59,61,63,64,67,86,87,108,110" hai1="24,30,35,42,46,48,49,50,89,94,97,121,122" hai2="9,11,40,51,73,74,75" /><INIT seed="4,1,0,0,5,114" ten="221,221,245,313" oya="0" hai0="9,81,126,69,55,51,44,62,118,70,37,21,38" hai1="12,59,34,29,64,128,57,24,127,33,17,23,41" hai2="84,53,6,36,103,122,7,28,109,124,82,112,19" hai3="77,110,121,63,48,80,14,94,30,89,99,40,31"/><T75/><D75/><U72/><E72/><V8/><F112/><W3/><G3/><T45/><D81/><U101/><E101/><V87/><F122/><W123/><G110/><T66/><D9/><U73/><E73/><V90/><F109/><W54/><G40/><N who="0" m="22543" /><D21/><U135/><E41/><V4/><F36/><W86/><G63/><T13/><D13/><U71/><E135/><V65/><F124/><W52/><G14/><T96/><D96/><U79/><E79/><V104/><F65/><W47/><REACH who="3" step="1"/><G54/><REACH who="3" step="2"/><N who="0" m="30063" /><D126/><U132/><E127/><V95/><F53/><W11/><G11/><T120/><D120/><AGARI ba="1,1" hai="30,31,47,48,52,77,80,86,89,94,99,120,121,123" machi="120" ten="40,5200,0" yaku="1,1,13,1,54,1,53,0" doraHai="114" doraHaiUra="100" who="3" fromWho="0" sc="221,-55,221,0,245,0,303,65" /><INIT seed="5,0,0,3,5,70" ten="166,221,245,368" oya="1" hai0="21,94,133,95,127,51,112,83,123,12,107,61,135" hai1="96,63,28,35,72,69,46,124,59,47,68,57,56" hai2="7,90,109,31,49,64,8,54,48,104,73,44,58" hai3="85,115,102,29,55,33,34,10,3,84,71,117,17"/><U113/><E72/><V89/><F109/><W87/><G71/><T18/><D107/><U76/><E76/><V36/><F104/><W88/><G3/><T32/><D32/><U52/><E124/><V131/><F131/><W25/><G34/><T118/><D118/><U92/><E113/><V119/><F119/><W114/><G117/><T105/><D105/><U106/><E69/><V11/><F36/><W2/><G102/><T101/><D127/><U82/><E82/><V100/><F100/><W86/><G55/><T65/><D112/><N who="3" m="43049" /><G2/><T53/><D123/><U128/><E128/><V121/><F121/><W108/><G108/><T91/><D101/><U39/><E106/><V120/><F73/><W132/><G132/><T62/><D83/><U19/><E19/><V23/><F120/><W67/><G67/><T6/><D6/><U93/><E93/><V4/><F64/><W97/><G97/><T125/><D125/><U41/><E47/><V42/><F7/><W14/><G84/><T27/><D27/><U99/><E99/><V75/><F75/><W111/><G111/><T103/><D103/><U116/><E68/><V0/><F0/><W134/><G134/><T77/><D77/><U50/><E63/><V30/><F4/><W13/><G14/><T9/><D9/><N who="2" m="3658" /><F23/><W15/><G13/><T37/><D37/><U130/><E130/><V24/><F24/><W126/><G126/><T79/><D79/><U129/><E129/><V38/><F38/><W98/><G98/><T1/><D133/><U66/><E116/><V22/><F22/><W78/><G78/><RYUUKYOKU ba="0,0" sc="166,-15,221,-15,245,15,368,15" hai2="30,31,42,44,48,49,54,58,89,90" hai3="10,15,17,25,29,33,85,86,87,88" /><INIT seed="6,1,0,2,5,39" ten="151,206,260,383" oya="2" hai0="115,0,100,41,128,58,123,36,121,64,13,10,95" hai1="112,130,87,83,109,19,18,77,35,96,44,78,129" hai2="37,89,120,50,47,17,23,124,105,70,111,28,97" hai3="48,98,62,49,65,74,21,29,55,71,125,12,1"/><V113/><F37/><W110/><G110/><T118/><D118/><U80/><E35/><V68/><F120/><W59/><G1/><T72/><D72/><U22/><E109/><V61/><F111/><W84/><G74/><T43/><D0/><U7/><E7/><V134/><F28/><W31/><G125/><T25/><D36/><U103/><E112/><V3/><F3/><W126/><G126/><T38/><D38/><U99/><E44/><V34/><F34/><W106/><G106/><T92/><D115/><U116/><E116/><V82/><F124/><W60/><G71/><T40/><D128/><U45/><E45/><V75/><F113/><W76/><G98/><T93/><D100/><U46/><E46/><V135/><F61/><W85/><G62/><T27/><D64/><U90/><E103/><N who="2" m="62703" /><F89/><W15/><G65/><T8/><D58/><U94/><E99/><V107/><F107/><W117/><G117/><T24/><REACH who="0" step="1"/><D13/><REACH who="0" step="2"/><U56/><E56/><V132/><F70/><W53/><G12/><T101/><D101/><U66/><E66/><V9/><F68/><W42/><G15/><T2/><D2/><U88/><E130/><V52/><F75/><W131/><G59/><T26/><N who="0" m="6656" /><DORA hai="86" /><T81/><D81/><U108/><E83/><V79/><F82/><W114/><G131/><T104/><D104/><U102/><E129/><V4/><F134/><W30/><G114/><T20/><D20/><U54/><E108/><V127/><F135/><W73/><G21/><T16/><D16/><U69/><E69/><V6/><F132/><W14/><G73/><RYUUKYOKU ba="1,1" sc="141,30,206,-10,260,-10,383,-10" hai0="8,10,40,41,43,92,93,95,121,123" /><INIT seed="7,2,1,0,2,82" ten="171,196,250,373" oya="3" hai0="130,58,31,30,40,95,92,65,128,134,36,12,103" hai1="57,94,77,59,81,83,105,8,98,114,24,111,16" hai2="88,44,26,38,99,17,64,18,63,5,1,4,89" hai3="47,48,133,14,117,71,15,54,39,70,37,67,124"/><W120/><G14/><T131/><D134/><U80/><E111/><V84/><F1/><W97/><G15/><T100/><D36/><N who="3" m="13897" /><G97/><T56/><D40/><U112/><E105/><V11/><F44/><W0/><G0/><T135/><D135/><U122/><E122/><V102/><F38/><W132/><G120/><T60/><D12/><N who="1" m="7175" /><E24/><V6/><F11/><W7/><G7/><T73/><D73/><U121/><E121/><V75/><F75/><W85/><G85/><T25/><D58/><U93/><E77/><V43/><F43/><N who="3" m="24703" /><G117/><T41/><D41/><U49/><E49/><V68/><F26/><W116/><G116/><T113/><D113/><N who="1" m="43627" /><E94/><N who="0" m="35881" /><D31/><U50/><E50/><V2/><F2/><W96/><G96/><T74/><D74/><U101/><AGARI ba="2,1" hai="57,59,80,81,83,93,98,101" m="43627,7175" machi="101" ten="30,2000,0" yaku="15,1,54,1" doraHai="82" who="1" fromWho="1" sc="171,-7,196,36,250,-7,373,-12" owari="164,-34,232,-17,243,4,361,47" /></mjloggm>