<mjloggm ver="2.3"><GO type="41"/><UN n0="%E4%B8%98%E5%89%B2" n1="%EF%BC%88%E2%89%A7%E2%96%BD%E2%89%A6%EF%BC%89" n2="%E3%81%99%E3%81%9F%E3%81%A1%E3%81%AA%2E" n3="%E3%82%AA%E3%82%AB%E3%83%AB%E3%83%88" dan="13,14,13,15" rate="1828,2056,1877,1985" sx="M,M,M,M"/><TAIKYOKU oya="0"/><INIT seed="0,0,0,5,4,92" ten="250,250,250,250" oya="0" hai0="15,5,23,128,95,81,73,51,27,102,47,76,135" hai1="86,125,36,96,110,4,113,32,46,16,14,45,56" hai2="8,87,28,118,116,53,130,100,9,57,2,18,12" hai3="82,58,31,17,104,44,83,74,123,62,106,117,35"/><T3/><D135/><U121/><E121/><V50/><F130/><W1/><G117/><N who="2" m="45161" /><F28/><W40/><G1/><T10/><D128/><U6/><E32/><V93/><F2/><W131/><G131/><T71/><D71/><U11/><E125/><V103/><F9/><W132/><G132/><T99/><D3/><U107/><E113/><V37/><F37/><W33/><G123/><T39/><D39/><U129/><E129/><V63/><F63/><W70/><G17/><T98/><D95/><U68/><E68/><V66/><F66/><N who="3" m="41303" /><G82/><T77/><D77/><U22/><E110/><V20/><F8/><W26/><G58/><T114/><D102/><U124/><E124/><V115/><F115/><W119/><G35/><T42/><REACH who="0" step="1"/><D114/><REACH who="0" step="2"/><U112/><E112/><V61/><F61/><W72/><G119/><T67/><D67/><U54/><E36/><V21/><F103/><W30/><G74/><T59/><D59/><U111/><E56/><V84/><F100/><W79/><G31/><AGARI ba="0,1" hai="5,10,15,23,27,31,42,47,51,73,76,81,98,99" machi="31" ten="30,11600,0" yaku="1,1,7,1,52,2,53,0" doraHai="92" doraHaiUra="69" who="0" fromWho="3" sc="240,126,250,0,250,0,250,-116" /><INIT seed="0,1,0,3,2,20" ten="366,250,250,134" oya="0" hai0="87,25,72,95,52,31,104,125,47,27,100,23,112" hai1="102,78,18,71,90,29,86,103,114,80,117,82,37" hai2="67,63,46,85,97,2,73,7,113,98,34,89,101" hai3="115,58,42,128,12,43,38,131,28,110,132,14,55"/><T1/><D72/><U40/><E71/><V9/><F73/><W60/><G115/><T81/><D112/><U53/><E114/><V127/><F113/><W26/><G110/><T107/><D1/><U70/><E70/><V76/><F76/><W6/><G132/><T84/><D125/><U21/><E117/><V24/><F127/><W51/><G38/><T22/><D107/><U120/><E120/><V48/><F101/><W122/><G122/><T39/><D104/><U96/><E29/><V3/><F3/><W119/><G119/><T49/><D39/><U41/><E53/><V135/><F135/><W64/><G43/><T75/><D75/><U106/><E103/><V30/><F63/><W124/><G42/><T57/><D47/><U99/><E37/><V94/><REACH who="2" step="1"/><F67/><REACH who="2" step="2"/><W66/><G124/><T59/><D100/><U10/><E102/><V65/><F65/><W0/><G0/><T8/><D81/><U68/><E82/><V105/><F105/><W5/><G66/><T45/><D95/><U16/><E106/><V130/><F130/><N who="3" m="49707" /><G6/><T93/><D93/><U33/><E80/><V56/><F56/><N who="0" m="21578" /><D8/><U15/><E68/><V54/><AGARI ba="1,1" hai="2,7,9,24,30,34,46,48,54,85,89,94,97,98" machi="54" ten="20,8000,1" yaku="1,1,0,1,7,1,52,1,53,1" doraHai="20" doraHaiUra="50" who="2" fromWho="2" sc="366,-41,250,-21,240,93,134,-21" /><INIT seed="1,0,0,1,2,114" ten="325,229,333,113" oya="1" hai0="54,125,120,21,49,17,14,12,81,101,98,135,105" hai1="15,7,127,92,26,117,46,115,87,11,84,56,88" hai2="128,51,96,6,80,108,2,30,16,89,85,91,42" hai3="0,62,13,10,65,57,27,50,43,4,109,103,131"/><U47/><E115/><V66/><F30/><W82/><G109/><T67/><D135/><U35/><E127/><V25/><F108/><W40/><G131/><T19/><D125/><U76/><E117/><V53/><F42/><W72/><G103/><T60/><D120/><U3/><E3/><V31/><F66/><W75/><G27/><T102/><D81/><U116/><E116/><V70/><F70/><W90/><G0/><T83/><D83/><U34/><E34/><V29/><F6/><W71/><G43/><T20/><D101/><U78/><E35/><V1/><F1/><W33/><G33/><T95/><D105/><U45/><E26/><V58/><F2/><W133/><G133/><T77/><D77/><U99/><REACH who="1" step="1"/><E56/><REACH who="1" step="2"/><V118/><F118/><W74/><G90/><T5/><D102/><U94/><E94/><N who="2" m="56399" /><F128/><W134/><G134/><T93/><D95/><U97/><E97/><V22/><AGARI ba="0,1" hai="16,22,25,29,31,51,53,58,80,85,91" m="56399" machi="22" ten="30,2000,0" yaku="8,1,54,1" doraHai="114" who="2" fromWho="2" sc="325,-5,219,-10,333,30,113,-5" /><INIT seed="2,0,0,5,1,116" ten="320,209,363,108" oya="2" hai0="127,43,87,49,124,85,99,55,113,16,68,129,47" hai1="97,57,123,63,132,102,50,0,10,101,114,60,8" hai2="24,48,96,84,130,100,18,118,115,64,56,44,121" hai3="80,134,67,128,119,14,98,34,94,71,78,17,21"/><V111/><F115/><W32/><G119/><T117/><D117/><U30/><E114/><V131/><F118/><W9/><G134/><T35/><D113/><U90/><E132/><V52/><F121/><W69/><G128/><N who="2" m="49193" /><F111/><W86/><G21/><T41/><D129/><U36/><E36/><V15/><F24/><W25/><G25/><T92/><D35/><U13/><E0/><V51/><F84/><W22/><G22/><T1/><D1/><U58/><E30/><V93/><F64/><W7/><G7/><T46/><D68/><U107/><E107/><V33/><F33/><W4/><G4/><T37/><D127/><U109/><E109/><V126/><F126/><W135/><G135/><T20/><D124/><U82/><E82/><V81/><F81/><W66/><G71/><T29/><D29/><U76/><E76/><V75/><F75/><W112/><G112/><T110/><D55/><U6/><E123/><V91/><F91/><W108/><G108/><T95/><D110/><U133/><E90/><V26/><F26/><W103/><REACH who="3" step="1"/><G67/><REACH who="3" step="2"/><T27/><REACH who="0" step="1"/><D95/><REACH who="0" step="2"/><U38/><E133/><V70/><F70/><W39/><G39/><T122/><D122/><U3/><E38/><V19/><F15/><W89/><G89/><AGARI ba="0,2" hai="16,20,27,37,41,43,46,47,49,85,87,89,92,99" machi="89" ten="30,3900,0" yaku="1,1,7,1,54,1,53,0" doraHai="116" doraHaiUra="106" who="0" fromWho="3" sc="310,59,209,0,363,0,98,-39" /><INIT seed="3,0,0,5,5,95" ten="369,209,363,59" oya="3" hai0="86,2,135,114,42,87,71,65,59,37,66,11,103" hai1="102,121,106,92,19,128,24,77,5,0,125,34,23" hai2="40,47,64,96,75,69,104,115,26,118,7,28,31" hai3="10,94,100,20,134,131,101,112,132,4,57,58,108"/><W73/><G73/><T97/><D71/><U49/><E121/><V79/><F115/><W107/><G112/><T14/><D114/><U70/><E128/><V56/><F56/><W116/><G116/><T29/><D2/><U9/><E106/><V119/><F7/><W1/><G131/><T46/><D29/><U109/><E70/><V3/><F3/><W67/><G107/><T68/><D68/><U60/><E60/><N who="2" m="40071" /><F31/><W133/><G108/><T123/><D123/><U41/><E109/><V12/><F12/><W15/><G67/><T84/><D59/><N who="3" m="22537" /><G94/><T90/><D90/><U53/><E92/><V35/><F47/><W122/><G122/><T78/><D78/><U81/><E77/><V83/><F40/><W129/><G129/><T8/><D8/><U43/><E9/><V85/><F85/><W39/><G39/><T13/><D13/><U130/><E0/><V27/><F27/><W117/><G117/><T16/><REACH who="0" step="1"/><D135/><REACH who="0" step="2"/><N who="3" m="34561" /><W48/><DORA hai="54" /><G48/><T52/><D52/><U36/><E53/><V32/><F119/><W72/><G72/><T80/><D80/><U61/><E81/><V93/><F118/><W21/><G21/><T91/><D91/><U30/><E49/><V38/><F83/><W111/><G111/><T6/><D6/><U62/><E5/><V45/><F79/><W51/><G51/><T63/><D63/><U127/><E62/><V98/><F32/><W124/><G124/><T88/><D88/><U89/><E127/><V25/><F35/><W126/><G126/><T105/><AGARI ba="0,1" hai="11,14,16,37,42,46,65,66,84,86,87,97,103,105" machi="105" ten="30,16000,3" yaku="1,1,0,1,52,1,54,1,53,4" doraHai="95,54" doraHaiUra="99,82" who="0" fromWho="0" sc="359,170,209,-40,363,-40,59,-80" owari="529,63.0,169,-23.0,323,12.0,-21,-52.0" /></mjloggm>