<mjloggm ver="2.3"><GO type="41"/><UN n0="%E3%82%A6%E3%83%AB%E3%83%88%E3%83%A9%E7%AB%8B%E7%9B%B4" n1="%E3%81%AB%E3%82%83%E3%82%93%E3%81%88%E3%82%82%E3%82%93" n2="%6D%61%73%6B%61%72%61%73" n3="%E5%85%AB%E9%9B%B2%E7%B4%AB" dan="15,14,16,15" rate="2027,2011,2050,2086" sx="M,M,M,F"/><TAIKYOKU oya="0"/><INIT seed="0,0,0,5,0,104" ten="250,250,250,250" oya="0" hai0="76,0,99,16,42,102,73,44,18,12,128,58,54" hai1="29,130,26,89,119,57,65,14,133,49,43,117,35" hai2="13,46,17,47,11,20,9,111,30,39,3,88,55" hai3="98,34,15,105,80,66,115,51,32,84,123,33,106"/><T71/><D71/><U108/><E130/><V109/><F30/><W69/><G115/><T40/><D0/><U79/><E108/><N who="2" m="41547" /><F3/><W114/><G114/><T36/><D42/><U93/><E79/><V75/><F75/><W56/><G123/><T112/><D112/><U95/><E95/><V25/><F39/><W41/><G69/><T94/><D128/><U5/><E133/><V24/><F9/><W21/><G98/><T100/><D100/><U31/><E31/><N who="2" m="17799" /><F25/><W126/><G126/><T50/><REACH who="0" step="1"/><D12/><REACH who="0" ten="240,250,250,250" step="2"/><U53/><E43/><V121/><F121/><W127/><G41/><T63/><D63/><U4/><E14/><V8/><F11/><W59/><G15/><T72/><D72/><U52/><E65/><V85/><F55/><W10/><G66/><T27/><D27/><U118/><REACH who="1" step="1"/><E53/><REACH who="1" ten="240,240,250,250" step="2"/><V86/><F13/><W37/><G127/><T134/><D134/><U103/><E103/><V22/><F8/><W87/><G10/><T74/><D74/><U61/><E61/><V96/><F22/><W92/><G21/><T77/><D77/><U64/><E64/><V83/><F17/><W91/><G32/><T129/><D129/><U48/><E48/><V60/><F60/><W97/><G51/><T67/><D67/><U62/><E62/><V81/><F96/><AGARI ba="0,2" hai="4,5,26,29,35,49,52,57,89,93,96,117,118,119" machi="96" ten="40,8000,1" yaku="1,1,54,1,53,2" doraHai="104" doraHaiUra="2" who="1" fromWho="2" sc="240,0,240,100,250,-80,250,0" /><INIT seed="1,0,0,0,2,112" ten="240,340,170,250" oya="1" hai0="98,128,83,39,18,41,100,28,102,48,52,11,13" hai1="14,12,29,130,119,106,95,117,70,65,62,89,8" hai2="122,113,71,121,45,108,120,3,2,96,38,50,133" hai3="1,107,61,127,30,37,116,0,51,109,33,125,26"/><U58/><E106/><V90/><F38/><W91/><G37/><T124/><D39/><U36/><E36/><V67/><F108/><W22/><G107/><T132/><D41/><U7/><E29/><V40/><F113/><W77/><G77/><T103/><D124/><N who="3" m="47689" /><G61/><T75/><D128/><U19/><E130/><V104/><F133/><W126/><G51/><T20/><D132/><U24/><E24/><V80/><F104/><W63/><G63/><T47/><D75/><U64/><E64/><V118/><F118/><W27/><G116/><T82/><D98/><U84/><REACH who="1" step="1"/><E70/><REACH who="1" ten="240,330,170,250" step="2"/><V134/><F134/><W105/><G105/><T68/><D68/><U60/><E60/><V56/><F71/><W44/><G126/><T57/><D57/><U131/><E131/><V59/><F67/><W110/><G110/><T79/><D79/><U10/><AGARI ba="0,1" hai="7,8,10,12,14,19,58,62,65,84,89,95,117,119" machi="10" ten="20,18000,2" yaku="1,1,0,1,7,1,52,2,53,1" doraHai="112" doraHaiUra="87" who="1" fromWho="1" sc="240,-60,330,190,170,-60,250,-60" /><INIT seed="1,1,0,1,1,74" ten="180,520,110,190" oya="1" hai0="97,10,62,56,128,98,135,15,113,22,110,87,68" hai1="73,105,125,59,43,121,132,9,37,32,31,27,20" hai2="6,33,94,131,84,66,93,81,34,106,38,86,120" hai3="2,0,57,35,26,49,69,28,117,118,45,76,4"/><U21/><E121/><V129/><F120/><W115/><G69/><T112/><D68/><U64/><E105/><V36/><F106/><W103/><G115/><T39/><D39/><N who="2" m="14890" /><F66/><W70/><G70/><T47/><D47/><U51/><E37/><V100/><F6/><W107/><G57/><T95/><D22/><U108/><E73/><V77/><F100/><W127/><G127/><T1/><D56/><U63/><E125/><V42/><F42/><W29/><G29/><T119/><D62/><U48/><E132/><V88/><F94/><W30/><G30/><T18/><D95/><U5/><E108/><V50/><F50/><W53/><G4/><T61/><D110/><U80/><E48/><V133/><F133/><W58/><G58/><T23/><D61/><U99/><E99/><V109/><F109/><W41/><G41/><T7/><D98/><U72/><E72/><V52/><F52/><W55/><G53/><T60/><D97/><U24/><E80/><V46/><F46/><W71/><G71/><T3/><D60/><U92/><E92/><V111/><F111/><W13/><G107/><T82/><D135/><U67/><E67/><V91/><F91/><W44/><G103/><T25/><D113/><U126/><E126/><V83/><F93/><W19/><G44/><T96/><D96/><U116/><E116/><N who="3" m="44650" /><G76/><N who="0" m="46535" /><D119/><U85/><E85/><V75/><F75/><W90/><G90/><T14/><D112/><U114/><E114/><V40/><F40/><W8/><AGARI ba="1,0" hai="0,2,8,13,19,26,28,35,45,49,55" m="44650" machi="8" ten="30,1100,0" yaku="12,1" doraHai="74" who="3" fromWho="3" sc="180,-4,520,-6,110,-4,190,14" /><INIT seed="2,0,0,0,3,43" ten="176,514,106,204" oya="2" hai0="26,87,31,118,110,10,123,107,11,48,34,97,25" hai1="69,122,66,61,115,53,83,40,133,126,0,104,35" hai2="102,121,32,33,71,80,19,37,82,47,124,77,58" hai3="2,12,63,27,67,46,41,129,54,38,5,44,103"/><V13/><F71/><W108/><G2/><T55/><D123/><U131/><RYUUKYOKU type="yao9" ba="0,0" sc="176,0,514,0,106,0,204,0" hai1="0,35,40,53,61,66,69,83,104,115,122,126,131,133" /><INIT seed="2,1,0,1,2,22" ten="176,514,106,204" oya="2" hai0="40,2,27,120,3,109,24,132,75,106,114,74,55" hai1="87,117,42,60,115,71,86,65,20,95,43,126,9" hai2="34,81,1,37,131,8,15,92,66,118,54,99,108" hai3="119,6,125,83,64,96,53,25,116,111,88,61,49"/><V100/><F118/><W46/><G111/><T94/><D114/><U102/><E117/><V77/><F37/><W41/><G125/><T13/><D120/><U78/><E115/><V56/><F108/><W80/><G6/><T85/><D106/><U5/><E126/><V121/><F121/><W90/><G116/><T112/><D112/><U59/><E86/><V107/><F34/><W103/><G119/><T26/><D109/><U57/><E71/><V128/><F1/><W35/><G41/><T58/><D40/><U23/><E59/><V30/><F30/><W123/><G123/><T16/><D132/><U101/><E43/><V73/><F66/><W98/><G80/><T76/><D75/><U70/><E42/><V113/><F113/><W17/><G83/><T129/><D74/><U31/><E70/><V79/><F79/><W122/><G122/><T7/><D129/><U39/><E39/><V84/><F15/><W11/><G11/><N who="0" m="4351" /><D3/><U62/><E62/><N who="2" m="36119" /><F8/><W45/><G35/><T32/><D32/><U93/><E78/><V69/><F69/><W135/><G135/><T33/><D2/><U67/><E31/><V133/><F133/><W127/><G127/><T134/><D33/><U105/><E105/><V38/><F38/><W4/><G64/><T18/><D134/><U28/><E28/><V0/><F0/><W72/><G72/><T68/><D68/><U36/><E36/><V130/><F73/><W19/><G61/><N who="0" m="36063" /><D76/><U12/><E65/><V104/><AGARI ba="1,0" hai="77,81,84,92,99,100,104,107,128,130,131" m="36119" machi="104" ten="40,2100,0" yaku="19,1" doraHai="22" who="2" fromWho="2" sc="176,-8,514,-8,106,24,204,-8" /><INIT seed="2,2,0,0,1,52" ten="168,506,130,196" oya="2" hai0="29,8,3,132,103,32,61,72,92,67,64,111,19" hai1="87,57,2,82,128,39,135,116,47,78,88,134,68" hai2="16,104,91,50,119,118,90,130,123,89,44,127,9" hai3="77,11,24,59,133,40,100,5,14,79,7,76,102"/><V108/><F123/><W23/><G133/><N who="1" m="50698" /><E2/><V22/><F104/><W30/><G40/><T131/><D67/><U21/><E68/><V109/><F130/><W35/><G35/><T86/><D72/><U54/><E116/><V69/><F69/><W81/><G5/><T56/><D131/><U49/><E128/><V113/><F9/><W4/><G4/><T10/><D3/><U1/><E1/><V105/><F105/><W27/><G27/><T114/><D114/><U94/><E39/><V20/><F113/><W51/><G81/><T0/><D0/><U33/><E33/><V31/><F31/><W120/><G120/><T112/><D112/><U55/><E21/><V48/><F127/><W45/><G45/><T18/><D132/><U43/><E57/><V6/><F6/><W17/><G7/><T74/><D29/><U36/><E36/><V106/><F106/><W12/><G12/><T84/><D32/><U66/><E66/><V26/><F22/><W62/><REACH who="3" step="1"/><G51/><REACH who="3" ten="168,506,130,186" step="2"/><N who="2" m="19497" /><F44/><W41/><G41/><T37/><D37/><U65/><E65/><AGARI ba="2,1" hai="11,14,17,23,24,30,59,62,65,76,77,79,100,102" machi="65" ten="40,8000,1" yaku="1,1,8,1,52,1,53,1" doraHai="52" doraHaiUra="63" who="3" fromWho="1" sc="168,0,506,-86,130,0,186,96" /><INIT seed="3,0,0,3,2,91" ten="168,420,130,282" oya="3" hai0="49,94,63,8,22,55,72,133,98,30,107,17,9" hai1="46,44,57,59,128,112,130,11,3,115,53,86,100" hai2="108,40,126,129,25,123,111,12,35,16,38,27,102" hai3="47,87,26,88,131,52,124,69,20,24,78,7,29"/><W116/><G116/><T127/><D107/><U132/><E3/><V92/><F129/><N who="1" m="49769" /><E100/><V5/><F5/><W109/><G131/><T85/><D72/><U70/><E11/><N who="2" m="6175" /><F126/><W10/><G69/><T60/><D127/><U83/><E70/><V0/><F0/><W43/><G124/><T1/><D30/><U77/><E132/><V99/><F35/><W68/><G68/><T120/><D120/><U125/><E125/><V96/><F123/><W28/><G78/><T79/><D133/><U41/><E53/><V4/><F4/><W18/><G109/><N who="2" m="42057" /><F99/><W106/><G106/><T19/><D1/><U31/><E31/><V21/><F21/><W67/><G26/><N who="2" m="9737" /><F40/><W119/><G43/><T2/><D2/><U42/><E86/><V62/><F62/><W37/><G87/><T105/><D85/><U118/><E83/><V32/><F32/><W34/><G34/><T23/><D98/><U103/><E103/><V95/><F38/><W50/><G37/><T104/><D49/><U74/><E77/><V84/><F84/><W45/><G28/><T39/><D39/><U114/><E74/><V54/><F54/><W121/><G29/><T6/><D55/><U65/><E65/><V122/><F122/><W135/><G121/><T134/><D79/><U14/><E118/><V15/><F15/><N who="3" m="5599" /><G119/><T110/><D6/><U80/><E14/><V36/><F36/><W113/><G67/><T97/><D110/><U117/><E80/><V71/><F71/><W90/><G135/><T89/><D134/><U56/><E117/><V64/><F64/><W93/><G52/><RYUUKYOKU ba="0,0" sc="168,-15,420,15,130,15,282,-15" hai1="41,42,44,46,56,57,59,112,114,115" hai2="92,95,96,102" /><INIT seed="4,1,0,1,2,122" ten="153,435,145,267" oya="0" hai0="112,115,49,71,23,73,98,130,64,107,8,86,123" hai1="72,68,116,94,58,66,48,3,91,5,32,103,21" hai2="14,51,90,9,114,110,105,53,101,106,22,70,45" hai3="127,75,24,84,59,74,89,7,63,109,52,6,39"/><T132/><D73/><U10/><E32/><V47/><F70/><W55/><G39/><T33/><D33/><U57/><E72/><V62/><F110/><W34/><G127/><T69/><D123/><U25/><E68/><N who="0" m="26185" /><D64/><U124/><E116/><V78/><F114/><N who="0" m="43562" /><D8/><U81/><E124/><V88/><F22/><W31/><G75/><T119/><D119/><U36/><E36/><V1/><F1/><W85/><G74/><T44/><D130/><U111/><E111/><V12/><F78/><W4/><G109/><T61/><D61/><U102/><E81/><V65/><F65/><W54/><REACH who="3" step="1"/><G85/><REACH who="3" ten="153,435,145,257" step="2"/><T30/><D86/><U26/><E103/><V42/><F101/><W60/><G60/><T133/><D98/><U117/><E102/><V108/><F62/><W2/><G2/><T19/><D107/><U135/><E117/><V43/><F108/><W126/><G126/><T16/><D30/><U93/><E66/><V125/><F106/><W92/><AGARI ba="1,1" hai="4,6,7,24,31,34,52,54,55,59,63,84,89,92" machi="92" ten="30,4000,0" yaku="1,1,0,1,54,1,53,0" doraHai="122" doraHaiUra="99" who="3" fromWho="3" sc="153,-21,435,-11,145,-11,257,53" /><INIT seed="5,0,0,0,3,19" ten="132,424,134,310" oya="1" hai0="131,89,125,97,81,6,27,24,72,119,133,29,26" hai1="64,67,65,108,11,16,123,30,93,124,105,36,96" hai2="73,118,49,54,107,117,12,132,100,80,134,69,41" hai3="3,106,88,111,126,21,79,43,25,91,32,39,37"/><U104/><E36/><V83/><F69/><W87/><G111/><T90/><D119/><N who="2" m="45578" /><F41/><W61/><G3/><T135/><D72/><U101/><E123/><V63/><F63/><W99/><G32/><T71/><D71/><U82/><E108/><V53/><F54/><W85/><G126/><T9/><D81/><U13/><E124/><V86/><F73/><W46/><G79/><T59/><D125/><U4/><E82/><V45/><F12/><W115/><G37/><T66/><D97/><U78/><E78/><V48/><F86/><W70/><G87/><T74/><D74/><U7/><REACH who="1" step="1"/><E30/><REACH who="1" ten="132,414,134,310" step="2"/><V10/><F83/><W112/><G39/><T55/><D29/><U47/><E47/><V102/><F80/><W94/><G46/><T84/><D135/><U120/><E120/><V56/><F45/><W42/><G112/><T130/><D133/><U23/><E23/><V103/><F134/><W35/><G21/><T0/><D130/><U28/><E28/><V114/><F132/><W129/><G129/><T31/><D31/><U57/><E57/><V50/><F114/><W52/><G115/><T14/><D131/><U95/><E95/><V51/><F107/><AGARI ba="0,1" hai="4,7,11,13,16,64,65,67,93,96,101,104,105,107" machi="107" ten="40,3900,0" yaku="1,1,54,1,53,0" doraHai="19" doraHaiUra="109" who="1" fromWho="2" sc="132,0,414,49,134,-39,310,0" /><INIT seed="5,1,0,2,4,1" ten="132,463,95,310" oya="1" hai0="51,91,81,107,134,110,83,89,6,117,82,27,49" hai1="0,52,26,41,68,71,55,45,22,76,20,31,44" hai2="39,33,56,133,40,90,124,80,46,9,113,29,104" hai3="53,109,57,135,59,61,85,38,129,106,95,8,101"/><U73/><E0/><V60/><F104/><W111/><G38/><T103/><D107/><U100/><E100/><V93/><F124/><W128/><G135/><T50/><D103/><U116/><E116/><V12/><F133/><W88/><G8/><T18/><D134/><U7/><E73/><V65/><F80/><W123/><G123/><T69/><D69/><U114/><E114/><V2/><F2/><W87/><G85/><T17/><D117/><U35/><E76/><V67/><F113/><W63/><G101/><T105/><D105/><U66/><E66/><V16/><F29/><W64/><REACH who="3" step="1"/><G106/><REACH who="3" ten="132,463,95,300" step="2"/><T4/><D110/><AGARI ba="1,1" hai="53,57,59,61,63,64,87,88,95,109,110,111,128,129" machi="110" ten="40,5200,0" yaku="1,1,2,1,54,1,53,0" doraHai="1" doraHaiUra="10" who="3" fromWho="0" sc="132,-55,463,0,95,0,300,65" /><INIT seed="6,0,0,1,1,98" ten="77,463,95,365" oya="2" hai0="48,86,55,85,127,122,22,50,20,17,123,99,0" hai1="87,9,115,110,69,1,119,34,96,46,124,30,19" hai2="10,105,7,16,92,88,26,35,49,11,84,112,78" hai3="103,107,61,8,128,91,4,43,130,106,94,104,2"/><V97/><F35/><W31/><G31/><T33/><D33/><U14/><E119/><V121/><F121/><W18/><G43/><T108/><D0/><U47/><E69/><V56/><F112/><W38/><G38/><T76/><D108/><U80/><E110/><V6/><F56/><W100/><G61/><T83/><D123/><U68/><E68/><V117/><F117/><W5/><G18/><T23/><D122/><U75/><E75/><V53/><F53/><W102/><REACH who="3" step="1"/><G4/><REACH who="3" ten="77,463,95,355" step="2"/><T13/><D50/><U134/><E1/><V132/><F49/><W3/><G3/><T32/><D127/><U81/><E30/><V67/><F6/><W113/><G113/><T52/><D55/><U133/><E124/><V65/><F7/><W114/><G114/><T27/><D32/><U39/><E115/><V116/><F116/><W125/><G125/><T36/><D36/><U79/><E39/><V58/><F67/><W57/><G57/><T111/><D111/><U109/><E34/><V89/><F58/><W71/><G71/><T44/><D17/><U12/><E109/><V25/><F65/><W24/><G24/><T42/><D27/><U54/><E14/><V120/><F16/><W93/><G93/><T82/><D13/><U41/><E41/><V72/><F120/><W21/><G21/><T90/><D42/><U40/><E40/><V28/><F28/><W37/><G37/><T95/><REACH who="0" step="1"/><D22/><REACH who="0" ten="67,463,95,355" step="2"/><U45/><E54/><V126/><F126/><W62/><G62/><T129/><D129/><U74/><E12/><V66/><F25/><W70/><G70/><RYUUKYOKU ba="0,2" sc="67,15,463,-15,95,-15,355,15" hai0="20,23,44,48,52,76,82,83,85,86,90,95,99" hai3="2,5,8,91,94,100,102,103,104,106,107,128,130" /><INIT seed="7,1,2,1,5,92" ten="82,448,80,370" oya="3" hai0="111,68,125,4,116,95,32,110,107,19,98,52,76" hai1="29,70,89,56,84,106,37,44,12,38,90,26,53" hai2="16,34,101,60,35,48,109,25,77,99,124,82,121" hai3="115,80,20,97,117,127,8,61,94,79,11,93,75"/><W9/><G117/><T10/><D116/><U126/><E106/><V120/><F109/><W129/><G115/><T81/><D107/><U74/><E70/><V64/><F124/><W27/><G127/><T57/><D68/><U23/><E74/><N who="2" m="43319" /><F48/><W104/><G129/><T55/><D125/><U112/><E126/><V114/><F114/><W123/><G123/><N who="2" m="47177" /><F16/><W122/><G122/><T40/><D40/><U66/><E112/><V2/><F25/><W130/><G130/><T73/><D32/><U47/><E89/><V108/><F2/><W21/><G61/><T58/><D19/><U63/><E38/><V103/><F108/><W131/><G131/><T134/><D134/><U67/><E37/><V87/><F87/><W133/><G133/><T91/><D57/><U39/><E39/><V24/><F24/><W3/><G3/><T49/><D55/><U18/><E66/><V46/><F46/><W50/><G50/><T36/><D36/><U85/><E67/><V17/><F17/><W113/><G113/><T15/><AGARI ba="1,2" hai="4,10,15,49,52,58,73,76,81,91,95,98,110,111" machi="15" ten="20,5200,0" yaku="0,1,7,1,52,1,54,1" doraHai="92" who="0" fromWho="0" sc="82,75,448,-14,80,-14,370,-27" owari="157,-24.0,434,53.0,66,-43.0,343,14.0" /></mjloggm>