<mjloggm ver="2.3"><GO type="41"/><UN n0="%E3%82%84%E3%82%93%E3%82%8F%E3%82%8A" n1="%42%42%50" n2="%E3%81%B2%E3%81%A3%E3%81%B4%E3%81%93%E3%82%93" n3="%E3%82%A6%E3%83%AB%E3%83%88%E3%83%A9%E7%AB%8B%E7%9B%B4" dan="15,13,14,15" rate="1968,1834,1996,1985" sx="M,M,M,M"/><TAIKYOKU oya="0"/><INIT seed="0,0,0,4,0,94" ten="250,250,250,250" oya="0" hai0="68,74,131,70,35,55,4,38,80,109,51,121,11" hai1="98,120,16,37,82,100,125,32,78,128,8,85,73" hai2="104,44,13,7,10,25,76,86,108,95,34,57,110" hai3="9,45,66,18,83,43,60,0,102,133,48,17,118"/><T53/><D38/><U46/><E120/><V92/><F104/><W89/><G118/><T49/><D35/><U59/><E128/><V39/><F57/><W27/><G102/><T111/><D121/><U1/><E125/><V54/><F25/><W113/><G113/><T64/><D131/><U130/><E130/><V93/><F34/><W50/><G18/><T21/><D21/><U12/><E32/><V40/><F54/><N who="0" m="20490" /><D74/><U79/><E1/><V33/><F33/><W115/><G115/><T134/><D80/><U15/><E59/><V81/><AGARI ba="0,0" hai="7,10,13,39,40,44,76,81,86,92,93,95,108,110" machi="81" ten="30,1100,0" yaku="0,1" doraHai="94" who="2" fromWho="2" sc="250,-5,250,-3,250,11,250,-3" /><INIT seed="1,0,0,0,3,85" ten="245,247,261,247" oya="1" hai0="57,95,61,68,43,135,110,90,129,16,37,84,66" hai1="72,49,77,133,55,28,54,96,81,115,105,29,131" hai2="109,24,92,114,67,86,62,56,26,83,17,12,50" hai3="94,18,52,134,79,63,14,34,118,2,87,8,121"/><U70/><E115/><V119/><F114/><W64/><G34/><T6/><D6/><U32/><E70/><V38/><F119/><W59/><G2/><T35/><D35/><U112/><E112/><V117/><F38/><W113/><G113/><T65/><D135/><U80/><E133/><V13/><F117/><W69/><G121/><T101/><D101/><U78/><E131/><V1/><F13/><W82/><G118/><T7/><D7/><U116/><E116/><V53/><F1/><W23/><G134/><T107/><D129/><U4/><E4/><V48/><F48/><W47/><G47/><T122/><D107/><U75/><E32/><V98/><F98/><W11/><REACH who="3" step="1"/><G94/><REACH who="3" ten="245,247,261,237" step="2"/><T20/><D122/><U27/><E105/><V126/><F92/><W102/><G102/><T22/><D110/><U19/><E81/><V45/><F109/><W33/><G33/><T91/><D95/><U58/><E80/><V46/><F126/><W108/><G108/><T123/><D123/><U39/><E39/><V15/><F46/><W10/><G10/><T40/><D37/><U51/><E75/><V128/><F128/><W5/><G5/><T124/><D124/><U60/><E72/><V25/><REACH who="2" step="1"/><F17/><REACH who="2" ten="245,247,251,237" step="2"/><W31/><G31/><T71/><D16/><U103/><E19/><V30/><F30/><W42/><G42/><T93/><D93/><N who="1" m="58767" /><E29/><V76/><AGARI ba="0,2" hai="12,15,24,25,26,45,50,53,56,62,67,76,83,86" machi="76" ten="30,4000,0" yaku="1,1,0,1,8,1,53,0" doraHai="85" doraHaiUra="99" who="2" fromWho="2" sc="245,-10,247,-20,251,60,237,-10" /><INIT seed="2,0,0,0,3,13" ten="235,227,311,227" oya="2" hai0="31,33,96,132,58,130,6,131,107,68,112,35,73" hai1="116,57,135,115,74,59,134,28,48,79,10,91,77" hai2="127,18,45,101,29,5,38,39,49,80,62,51,72" hai3="70,103,128,78,69,120,100,4,109,60,64,84,87"/><V24/><F127/><W53/><G4/><T46/><D73/><U93/><E115/><V19/><F5/><W104/><G53/><T42/><D112/><U75/><E116/><V25/><F101/><W44/><G44/><T23/><D68/><U56/><E28/><V108/><F62/><W94/><G60/><T90/><D6/><U111/><E48/><V50/><F108/><W32/><G94/><T97/><D132/><N who="1" m="50731" /><E111/><V105/><F105/><W133/><G133/><T83/><D58/><U122/><E122/><V41/><F39/><W9/><G32/><T118/><D118/><U76/><E10/><V67/><F67/><W26/><G9/><T36/><D35/><U7/><E7/><V86/><F72/><N who="1" m="27689" /><E93/><V89/><REACH who="2" step="1"/><F25/><REACH who="2" ten="235,227,301,227" step="2"/><W65/><G26/><N who="0" m="16863" /><D107/><U99/><E91/><V40/><F40/><W114/><G104/><T22/><D90/><U2/><E79/><V82/><F82/><W21/><G78/><T47/><D83/><U14/><E77/><V110/><F110/><W54/><G109/><T1/><D42/><U98/><E76/><V52/><F52/><W123/><G54/><T34/><D36/><U119/><E119/><V81/><F81/><W106/><G106/><T63/><D63/><U88/><E2/><V3/><F3/><W43/><G43/><T121/><D1/><U16/><E88/><V55/><F55/><W0/><G0/><T20/><D121/><U92/><E92/><V17/><F17/><W37/><G37/><T113/><D113/><U117/><E117/><V126/><F126/><W102/><G114/><T30/><D30/><RYUUKYOKU ba="0,1" sc="235,-15,227,15,301,15,227,-15" hai1="14,16,56,57,59,98,99" hai2="18,19,24,29,38,41,45,49,50,51,80,86,89" /><INIT seed="2,1,1,0,5,45" ten="220,242,316,212" oya="2" hai0="19,48,104,90,67,109,3,70,106,127,64,110,4" hai1="18,72,77,102,31,81,10,98,9,7,17,61,88" hai2="24,66,43,126,83,65,75,121,0,79,62,91,40" hai3="60,34,129,120,51,30,85,111,73,96,115,44,57"/><V113/><F121/><W47/><G73/><T87/><D4/><U124/><E124/><V99/><F113/><W26/><G115/><T1/><D127/><U14/><E31/><V23/><F126/><W63/><G120/><T29/><D29/><U105/><E61/><V93/><F0/><W20/><G129/><T107/><D19/><U92/><REACH who="1" step="1"/><E10/><REACH who="1" ten="220,232,316,212" step="2"/><V69/><F65/><W118/><G60/><T46/><D67/><U49/><E49/><V16/><AGARI ba="1,2" hai="16,23,24,40,43,62,66,69,75,79,83,91,93,99" machi="16" ten="20,3900,0" yaku="0,1,7,1,54,1" doraHai="45" who="2" fromWho="2" sc="220,-14,232,-14,316,62,212,-14" /><INIT seed="2,2,0,4,1,121" ten="206,218,378,198" oya="2" hai0="56,87,129,102,117,50,113,84,57,124,44,1,99" hai1="6,8,93,120,16,61,116,106,15,33,35,105,36" hai2="94,92,66,89,72,96,97,60,88,53,28,133,76" hai3="64,37,125,47,52,13,90,38,127,0,126,18,14"/><V115/><F115/><W31/><G0/><T107/><D1/><U51/><E36/><V110/><F53/><W43/><G64/><T109/><D113/><U62/><E116/><V30/><F133/><W103/><G31/><T20/><D117/><U108/><E120/><V123/><F123/><W70/><G70/><T101/><D129/><U68/><E108/><V69/><REACH who="2" step="1"/><F110/><REACH who="2" ten="206,218,368,198" step="2"/><W26/><G52/><T81/><D109/><U39/><E35/><V78/><F78/><W25/><G126/><T55/><D124/><U132/><E33/><V73/><F73/><W40/><G125/><T21/><D55/><U135/><E132/><V80/><AGARI ba="2,1" hai="28,30,60,66,69,72,76,80,88,89,92,94,96,97" machi="80" ten="30,11700,0" yaku="1,1,0,1,9,1,54,1,53,0" doraHai="121" doraHaiUra="45" who="2" fromWho="2" sc="206,-41,218,-41,368,133,198,-41" /><INIT seed="2,3,0,4,1,115" ten="165,177,501,157" oya="2" hai0="60,88,33,19,83,123,9,72,54,34,12,126,49" hai1="95,27,2,56,129,112,40,87,66,78,128,93,8" hai2="111,57,134,77,92,118,48,73,96,31,102,104,97" hai3="6,55,105,69,13,91,70,108,42,18,30,17,16"/><V0/><F0/><W90/><G105/><T67/><D123/><U38/><E112/><V130/><F31/><W103/><G103/><T131/><D131/><N who="1" m="50251" /><E38/><V135/><F130/><W39/><G42/><T32/><D126/><U81/><E40/><V53/><F111/><W14/><G39/><T125/><D125/><U25/><E2/><V10/><F10/><W100/><G100/><T120/><D120/><U52/><E8/><V3/><F3/><W20/><G108/><T76/><D88/><N who="3" m="33833" /><G69/><T113/><D113/><U89/><E66/><V85/><F97/><W28/><G70/><T109/><D109/><U51/><E93/><V1/><F1/><W22/><G6/><T133/><D133/><N who="2" m="50698" /><F73/><AGARI ba="3,0" hai="25,27,51,52,56,73,78,81,87,89,95" m="50251" machi="73" ten="30,2000,0" yaku="19,1,54,1" doraHai="115" who="1" fromWho="2" sc="165,0,177,29,501,-29,157,0" /><INIT seed="3,0,0,2,1,56" ten="165,206,472,157" oya="3" hai0="10,83,93,134,8,100,85,109,60,47,70,64,30" hai1="129,40,0,71,121,77,99,32,84,122,124,34,9" hai2="115,2,97,48,68,20,50,119,42,27,38,14,65" hai3="110,128,82,111,4,103,76,33,89,57,112,43,59"/><W130/><G33/><T18/><D134/><U81/><E71/><V52/><F2/><W123/><G123/><T3/><D109/><N who="3" m="41481" /><G112/><T69/><D69/><U67/><E129/><N who="3" m="49770" /><G103/><T104/><D104/><U79/><E122/><V35/><F115/><W29/><G29/><T113/><D113/><U80/><E124/><V125/><F35/><W31/><G31/><T92/><D30/><U91/><E121/><V101/><F125/><W75/><G4/><T95/><D47/><U11/><E34/><V63/><F101/><W127/><G127/><T118/><D118/><U22/><E32/><V6/><F119/><W25/><G25/><T17/><D100/><U21/><E0/><V94/><F27/><W41/><G89/><T120/><D120/><U90/><E99/><V74/><F6/><W36/><G36/><T72/><D3/><U88/><E91/><V7/><F38/><W62/><G59/><T98/><D98/><U107/><E90/><V106/><F106/><W12/><G12/><T39/><D39/><U105/><E88/><V78/><F14/><W44/><G44/><T108/><D108/><U16/><E105/><V26/><F7/><W28/><G28/><T86/><D8/><U58/><E11/><V126/><F26/><W1/><G1/><T96/><D10/><U116/><E9/><V5/><F126/><W13/><G13/><T87/><D96/><U19/><E58/><V46/><F5/><W114/><G114/><T53/><D17/><U55/><E19/><V37/><F37/><W45/><G45/><T49/><D18/><U24/><E16/><RYUUKYOKU ba="0,0" sc="165,-10,206,-10,472,-10,157,30" hai3="41,43,57,62,75,76,82" /><INIT seed="3,1,0,1,1,76" ten="155,196,462,187" oya="3" hai0="54,44,96,55,32,71,117,46,81,35,132,68,22" hai1="131,43,121,127,95,85,123,23,106,14,24,128,21" hai2="37,64,48,77,28,57,94,97,82,5,3,36,56" hai3="125,126,58,15,66,59,86,92,12,18,89,75,10"/><W29/><G29/><T119/><D96/><U34/><E106/><V20/><F5/><W67/><G75/><T7/><D7/><U40/><E95/><V39/><F3/><W115/><G115/><T73/><D73/><U6/><E85/><V84/><F48/><W118/><G118/><T111/><D22/><N who="1" m="8203" /><E43/><V63/><F57/><N who="3" m="21515" /><G15/><T109/><REACH who="0" step="1"/><D132/><REACH who="0" ten="145,196,462,187" step="2"/><U8/><E6/><V33/><F33/><W102/><G102/><T17/><D17/><U107/><E34/><V51/><F28/><W30/><G30/><T133/><D133/><U50/><E123/><V2/><F20/><W79/><G125/><T129/><D129/><U108/><E131/><V52/><F2/><W16/><G126/><T112/><D112/><U90/><E128/><V100/><F63/><W26/><G18/><T53/><D53/><U69/><E121/><V27/><F64/><N who="3" m="24619" /><G26/><T122/><D122/><U103/><E24/><V134/><F134/><W110/><G110/><T116/><D116/><U83/><E108/><V130/><F130/><W25/><G25/><T120/><D120/><U74/><E127/><V105/><F27/><W1/><G1/><T4/><D4/><U61/><E74/><V135/><F135/><W70/><G16/><T31/><D31/><U114/><E114/><V41/><F41/><W65/><G65/><T47/><D47/><U45/><E45/><V72/><F72/><W87/><G70/><T98/><D98/><U101/><E69/><V99/><F97/><W88/><G10/><T0/><D0/><U124/><E124/><V104/><AGARI ba="1,1" hai="36,37,39,51,52,56,77,82,84,94,99,100,104,105" machi="104" ten="40,5200,0" yaku="0,1,52,1,54,1" doraHai="76" who="2" fromWho="2" sc="145,-14,196,-14,462,65,187,-27" /><INIT seed="4,0,0,1,2,129" ten="131,182,527,160" oya="0" hai0="89,24,64,47,55,109,46,41,63,31,67,17,28" hai1="12,66,65,113,37,40,14,87,102,68,49,128,79" hai2="94,61,69,133,115,19,78,76,52,99,0,13,27" hai3="83,130,32,35,6,96,93,18,29,90,58,108,57"/><T8/><D109/><U42/><E37/><V82/><F0/><W88/><G108/><T26/><D89/><U20/><E128/><V30/><F115/><W85/><G130/><T56/><D28/><U112/><E102/><V25/><F69/><W84/><G6/><T4/><D17/><U117/><E117/><V71/><F71/><W131/><G131/><T116/><D116/><U62/><E66/><V126/><F126/><W125/><G125/><T11/><D11/><U91/><E79/><V73/><F76/><W1/><G1/><T70/><D26/><U95/><E49/><V43/><F43/><N who="1" m="16425" /><E20/><V5/><F5/><W111/><G111/><T48/><D67/><U103/><E103/><V38/><F38/><W120/><G120/><T3/><REACH who="0" step="1"/><D41/><REACH who="0" ten="121,182,527,160" step="2"/><U72/><E91/><V135/><F27/><W92/><G29/><T134/><D134/><N who="2" m="51210" /><F25/><W98/><G18/><T121/><D121/><U124/><E65/><V100/><F30/><W132/><G132/><T16/><D16/><U39/><E124/><V9/><F52/><W34/><G34/><AGARI ba="0,1" hai="3,4,8,24,31,34,46,47,48,55,56,63,64,70" machi="34" ten="30,2900,0" yaku="1,1,7,1,53,0" doraHai="129" doraHaiUra="127" who="0" fromWho="3" sc="121,39,182,0,527,0,160,-29" /><INIT seed="4,1,0,2,5,89" ten="160,182,527,131" oya="0" hai0="39,18,38,21,11,17,82,83,134,2,108,84,133" hai1="45,122,99,3,85,98,107,7,16,112,94,75,72" hai2="10,92,56,78,46,104,4,73,79,60,23,32,118" hai3="41,19,59,93,125,48,40,105,71,111,47,74,96"/><T100/><D100/><U26/><E122/><V81/><F104/><W42/><G74/><T101/><D101/><U54/><E107/><V20/><F32/><W65/><G105/><T9/><D2/><U0/><E112/><V113/><F79/><W1/><G1/><T77/><D108/><U62/><E85/><V129/><F129/><W132/><G111/><T106/><D106/><U35/><E99/><V67/><F113/><W57/><G71/><T70/><D70/><U31/><E16/><N who="0" m="6249" /><D21/><U12/><E12/><V49/><F118/><W28/><G28/><T130/><D130/><U58/><E45/><V87/><F73/><W109/><G109/><T34/><D34/><U116/><E116/><V80/><F81/><W88/><G125/><T115/><D115/><U76/><E76/><V127/><F127/><W50/><G132/><N who="0" m="50795" /><D83/><U51/><E3/><V6/><F23/><W102/><G102/><T53/><D53/><U24/><E0/><V120/><F20/><W52/><G19/><T135/><N who="0" m="50803" /><T86/><DORA hai="44" /><D84/><U13/><E7/><N who="2" m="2603" /><F10/><AGARI ba="1,0" hai="9,10,11,38,39,77,82,86" m="50803,6249" machi="10" ten="40,3900,0" yaku="20,1,54,1" doraHai="89,44" who="0" fromWho="2" sc="160,42,182,0,527,-42,131,0" /><INIT seed="4,2,0,5,0,106" ten="202,182,485,131" oya="0" hai0="50,8,53,34,91,62,123,64,51,125,28,46,80" hai1="134,27,114,49,112,81,25,3,10,86,88,117,121" hai2="9,100,19,90,54,43,61,87,119,45,18,104,7" hai3="102,115,67,84,60,14,1,2,30,37,47,113,23"/><T95/><D123/><U89/><E121/><V130/><F130/><W21/><G102/><T36/><D125/><U72/><E117/><V77/><F119/><W128/><G47/><T97/><D36/><U26/><E134/><V68/><F100/><W133/><G37/><T93/><D8/><U118/><E118/><V70/><F104/><W58/><G128/><T32/><D28/><U76/><E49/><V69/><F77/><W44/><G44/><T33/><D51/><U122/><E122/><V40/><F40/><W96/><G96/><T129/><D129/><U101/><E101/><V99/><F99/><W132/><G84/><T31/><D31/><U16/><E3/><V24/><F24/><W5/><G58/><T127/><D127/><U17/><E89/><V65/><F54/><W13/><G67/><T116/><D116/><U82/><REACH who="1" step="1"/><E10/><REACH who="1" ten="202,172,485,131" step="2"/><V78/><F90/><W22/><G60/><T59/><D97/><U94/><E94/><V120/><F120/><W108/><G108/><T15/><D95/><U57/><E57/><V55/><F70/><W98/><G98/><T66/><D93/><U48/><E48/><V109/><F69/><W38/><G38/><T52/><REACH who="0" step="1"/><D15/><REACH who="0" ten="192,172,485,131" step="2"/><N who="3" m="5641" /><G30/><T126/><D126/><U105/><E105/><V4/><F9/><N who="3" m="2223" /><G2/><T75/><D75/><U85/><E85/><AGARI ba="2,2" hai="32,33,34,46,50,52,53,59,62,64,66,80,85,91" machi="85" ten="40,3900,0" yaku="1,1,54,1,53,0" doraHai="106" doraHaiUra="124" who="0" fromWho="1" sc="192,65,172,-45,485,0,131,0" /><INIT seed="4,3,0,0,0,27" ten="257,127,485,131" oya="0" hai0="43,62,92,40,89,15,52,100,115,53,123,79,69" hai1="1,13,110,61,77,10,83,31,19,76,80,59,65" hai2="84,131,127,29,102,34,126,33,74,88,124,56,90" hai3="30,12,116,132,99,104,57,0,98,46,70,120,97"/><T93/><D123/><U87/><E110/><V107/><F74/><W49/><G0/><T20/><D79/><U67/><E1/><V7/><F7/><W73/><G73/><T6/><D115/><U54/><REACH who="1" step="1"/><E31/><REACH who="1" ten="257,117,485,131" step="2"/><V28/><F131/><W60/><G30/><N who="2" m="11881" /><F56/><W44/><G57/><T26/><D69/><U37/><E37/><V51/><F51/><W109/><G49/><T108/><D108/><U23/><E23/><V38/><F38/><W18/><G70/><T134/><D20/><U66/><E66/><V35/><F84/><AGARI ba="3,1" hai="10,13,19,54,59,61,65,67,76,77,80,83,84,87" machi="84" ten="30,7700,0" yaku="1,1,7,1,9,1,8,1,53,0" doraHai="27" doraHaiUra="16" who="1" fromWho="2" sc="257,0,117,96,485,-86,131,0" /><INIT seed="5,0,0,3,2,17" ten="257,213,399,131" oya="1" hai0="99,14,39,69,122,65,98,26,60,108,131,20,10" hai1="77,118,29,76,100,129,40,31,82,66,127,71,64" hai2="104,47,75,134,57,94,18,102,130,123,5,44,89" hai3="97,110,107,23,32,50,109,106,79,22,78,3,85"/><U55/><E118/><V25/><F75/><W125/><G32/><T28/><D108/><U12/><E129/><V83/><F123/><W49/><G85/><T74/><D131/><U133/><E133/><V128/><F130/><W120/><G97/><T27/><D74/><U113/><E113/><V1/><F128/><W30/><G30/><N who="1" m="11274" /><E71/><V87/><F134/><W52/><G52/><T124/><D39/><U81/><E127/><V86/><F104/><W93/><G93/><T2/><D2/><U116/><E116/><V38/><F5/><W56/><G56/><T90/><D124/><U8/><E40/><V63/><F1/><W43/><G43/><T115/><D122/><U105/><E105/><V35/><F38/><W121/><G3/><T70/><D70/><U4/><E100/><V34/><F35/><W80/><G80/><N who="1" m="30826" /><E55/><N who="2" m="34239" /><F34/><W88/><REACH who="3" step="1"/><G125/><REACH who="3" ten="257,213,399,121" step="2"/><T101/><D115/><U126/><E126/><V33/><F86/><W19/><G19/><T68/><D68/><U16/><E4/><V132/><F33/><W61/><G61/><T92/><D99/><U54/><E54/><V67/><F83/><W7/><G7/><T41/><D41/><U91/><E66/><V15/><F67/><W48/><G48/><T111/><D111/><U62/><E64/><V96/><F94/><W51/><G51/><T24/><D101/><U46/><E62/><V9/><F96/><W37/><G37/><T73/><D73/><U119/><E119/><V13/><F102/><W58/><G58/><T84/><D98/><U53/><E91/><AGARI ba="0,1" hai="22,23,49,50,78,79,88,91,106,107,109,110,120,121" machi="91" ten="25,12000,2" yaku="1,1,22,2,52,2,54,1,53,0" doraHai="17" doraHaiUra="21" who="3" fromWho="1" sc="257,0,213,-120,399,0,121,130" /><INIT seed="6,0,0,5,0,107" ten="257,93,399,251" oya="2" hai0="125,52,44,1,117,86,95,81,24,115,14,99,69" hai1="38,76,93,77,68,58,55,72,64,89,100,49,12" hai2="10,60,75,129,32,132,48,37,11,123,41,97,92" hai3="6,98,51,21,105,110,79,35,19,67,128,104,2"/><V57/><F32/><W63/><G104/><T40/><D1/><U73/><E38/><V80/><F37/><W91/><G35/><T17/><D69/><U102/><E77/><V134/><F123/><W84/><G6/><T18/><D117/><U87/><E68/><V78/><F129/><W16/><G2/><T106/><D106/><U50/><E64/><V42/><F42/><W4/><G4/><T0/><D0/><U122/><E122/><V25/><F25/><W45/><G128/><T116/><D116/><U101/><E76/><V109/><F109/><W66/><G19/><T111/><D111/><U13/><REACH who="1" step="1"/><E50/><REACH who="1" ten="257,83,399,251" step="2"/><V130/><F48/><W22/><G67/><T83/><D125/><U103/><N who="1" m="26112" /><DORA hai="29" /><U113/><E113/><V114/><F130/><W118/><G79/><T54/><D115/><U59/><E59/><V96/><F114/><W43/><G118/><T36/><D36/><U7/><E7/><V27/><F57/><W135/><G51/><T94/><D44/><U33/><E33/><V39/><F78/><W88/><G45/><T133/><D40/><U121/><E121/><V5/><F41/><W120/><G43/><T8/><D54/><U15/><AGARI ba="0,1" hai="12,13,15,49,55,58,72,73,87,89,93" m="26112" machi="15" ten="50,8000,1" yaku="1,1,0,1,52,2,53,0" doraHai="107,29" doraHaiUra="56,61" who="1" fromWho="1" sc="257,-20,83,90,399,-40,251,-20" /><INIT seed="7,0,0,4,1,12" ten="237,173,359,231" oya="3" hai0="34,81,55,134,94,95,50,35,113,0,70,51,26" hai1="133,97,101,52,64,123,112,109,92,102,103,93,41" hai2="131,88,25,23,72,66,74,128,29,9,11,90,80" hai3="21,37,96,78,108,36,116,132,76,124,71,100,56"/><W125/><G71/><T135/><D70/><U105/><E109/><V54/><F66/><W43/><G116/><T126/><D0/><U2/><E123/><V68/><F68/><W84/><G108/><T104/><D104/><U79/><E2/><V6/><F54/><W62/><G43/><T117/><D117/><U110/><E110/><V82/><F6/><W30/><G37/><T24/><D81/><U89/><E112/><V16/><F29/><W65/><G36/><T22/><D22/><U118/><E118/><V31/><F31/><W69/><G69/><T48/><D55/><U19/><E133/><N who="0" m="50697" /><D126/><N who="3" m="48745" /><G84/><T45/><D45/><U17/><E105/><V60/><F60/><W14/><G132/><T122/><D122/><U77/><E41/><V59/><F59/><W40/><G40/><T33/><D113/><U61/><E93/><AGARI ba="0,0" hai="24,26,33,34,35,48,50,51,93,94,95" m="50697" machi="93" ten="40,5200,0" yaku="28,2,20,1" doraHai="12" who="0" fromWho="1" sc="237,52,173,-52,359,0,231,0" owari="289,9.0,121,-38.0,359,46.0,231,-17.0" /></mjloggm>