<mjloggm ver="2.3"><GO type="169"/><UN n0="%E3%82%A2%E3%82%B9%E3%82%BF%E3%83%8A" n1="%E5%8F%AF%E7%87%83%E6%80%A7%E9%AB%98%E5%9C%A7%E3%82%AC%E3%82%B9" n2="%E3%81%BE%E3%81%82%E3%82%8D" n3="%EF%BC%88%E2%89%A7%E2%96%BD%E2%89%A6%EF%BC%89" dan="16,16,16,17" rate="2044,2091,2079,2127" sx="M,M,M,M"/><TAIKYOKU oya="0"/><INIT seed="0,0,0,2,0,93" ten="250,250,250,250" oya="0" hai0="34,115,108,32,103,30,98,97,6,60,33,120,43" hai1="5,47,131,78,92,107,88,48,41,99,124,100,111" hai2="121,18,38,86,9,2,80,77,26,83,17,36,123" hai3="132,122,73,52,135,127,55,42,31,61,56,126,37"/><T44/><D120/><U57/><E111/><V3/><F86/><W74/><G31/><T129/><D115/><U29/><E131/><V68/><F26/><W7/><G7/><T109/><D129/><U76/><E124/><N who="3" m="47658" /><G122/><T105/><D6/><U0/><E29/><V24/><F24/><W101/><G101/><T125/><D125/><U91/><E5/><V72/><F9/><W50/><G73/><T8/><D8/><U4/><E4/><V21/><F21/><W118/><G74/><T90/><D60/><U15/><E15/><V85/><F77/><N who="1" m="29801" /><E107/><V119/><F72/><W49/><G118/><T69/><D69/><U28/><E28/><V63/><F85/><W75/><G75/><T81/><D30/><U22/><E22/><V117/><F63/><W71/><G71/><AGARI ba="0,0" hai="2,3,17,18,36,38,68,71,80,83,117,119,121,123" machi="71" ten="25,1600,0" yaku="22,2" doraHai="93" who="2" fromWho="3" sc="250,0,250,0,250,16,250,-16" /><INIT seed="1,0,0,3,3,64" ten="250,250,266,234" oya="1" hai0="21,55,93,75,35,105,71,53,83,119,117,13,19" hai1="28,78,24,112,49,111,120,68,66,130,20,69,32" hai2="127,15,97,121,50,38,0,62,61,46,43,94,124" hai3="34,10,41,76,22,104,80,122,17,100,125,45,81"/><U90/><E120/><V37/><F121/><W31/><G122/><T23/><D105/><U116/><E112/><V6/><F0/><W135/><G125/><N who="2" m="48201" /><F15/><W132/><G10/><T63/><D35/><U108/><E116/><V12/><F12/><W92/><G104/><T128/><D128/><U73/><E130/><V91/><F6/><W82/><G76/><T96/><D23/><U7/><E66/><V26/><F26/><W101/><G31/><T85/><D75/><U58/><E7/><V44/><F38/><N who="3" m="21687" /><G92/><T14/><D14/><U59/><E32/><V70/><F70/><N who="1" m="27241" /><E49/><V47/><F47/><W102/><G34/><T8/><D117/><U115/><E115/><V4/><F4/><W1/><G1/><T33/><D33/><U95/><E78/><V133/><F133/><N who="3" m="51275" /><G102/><T106/><D119/><U36/><E36/><V74/><F74/><W110/><G101/><T16/><D93/><U51/><E51/><V126/><F126/><W30/><G100/><T9/><D96/><N who="1" m="57463" /><E73/><V52/><AGARI ba="0,0" hai="37,43,44,46,50,52,61,62,91,94,97" m="48201" machi="52" ten="30,2000,0" yaku="18,1,54,1" doraHai="64" who="2" fromWho="2" sc="250,-5,250,-10,266,20,234,-5" /><INIT seed="2,0,0,0,4,16" ten="245,240,286,229" oya="2" hai0="123,15,12,69,32,101,114,26,135,131,49,70,75" hai1="89,128,56,11,122,37,7,92,33,10,6,78,24" hai2="63,2,106,113,14,96,98,48,105,109,82,28,8" hai3="1,0,31,3,36,52,25,107,46,54,21,27,119"/><V125/><F113/><W67/><G119/><T42/><D114/><U9/><E37/><V4/><F125/><W53/><G107/><T55/><D123/><U91/><E122/><V19/><F109/><W132/><G132/><T127/><D75/><U50/><E78/><V118/><F118/><W5/><G67/><T71/><D127/><U20/><E33/><V47/><F28/><W29/><G36/><T133/><D131/><U57/><E128/><V88/><F63/><W68/><G68/><T130/><D130/><U86/><E91/><V30/><F30/><W85/><G85/><T103/><D32/><U77/><E77/><V116/><F116/><W62/><G62/><T40/><D133/><U66/><E66/><V38/><F38/><W110/><G110/><T90/><D135/><U34/><E34/><V59/><F59/><N who="1" m="22601" /><E50/><V23/><F98/><W74/><G74/><T126/><D126/><U13/><E13/><V72/><F72/><W61/><G61/><T100/><D70/><U39/><E39/><V73/><F73/><W17/><G17/><AGARI ba="0,0" hai="6,7,9,10,11,17,20,24,86,89,92" m="22601" machi="17" ten="30,2000,0" yaku="8,1,52,1" doraHai="16" who="1" fromWho="3" sc="245,0,240,20,286,0,229,-20" /><INIT seed="3,0,0,3,5,65" ten="245,260,286,209" oya="3" hai0="85,118,38,94,51,32,87,116,1,16,84,122,71" hai1="52,86,114,81,5,27,120,73,112,93,130,2,45" hai2="83,13,113,20,131,30,14,34,119,47,9,111,77" hai3="135,74,104,4,12,44,80,105,50,35,70,63,28"/><W11/><G135/><T95/><D38/><U125/><E120/><V102/><F119/><W78/><G28/><T41/><D1/><U64/><E73/><V56/><F113/><W39/><G35/><T6/><D6/><U90/><E130/><V23/><F131/><W108/><G108/><T107/><D107/><U7/><E125/><V89/><F102/><W75/><G75/><T0/><D0/><U126/><E126/><V49/><F34/><W134/><G134/><T25/><D122/><U132/><E132/><V91/><F111/><W29/><G29/><T10/><D32/><U96/><E64/><V60/><F89/><W79/><G79/><T33/><D33/><U115/><E27/><V48/><F48/><W133/><G39/><T109/><D51/><U69/><E69/><V61/><F61/><W62/><G133/><T76/><D71/><U40/><E2/><V97/><F91/><W8/><G8/><T18/><D10/><U121/><E121/><V129/><F97/><W103/><G103/><T46/><D109/><U99/><E99/><V24/><F23/><W127/><G127/><T101/><D76/><U67/><E67/><N who="2" m="39303" /><F9/><W58/><G70/><T17/><D25/><U42/><E115/><V53/><F129/><W92/><G92/><N who="0" m="35371" /><D101/><N who="1" m="60559" /><E114/><V98/><F98/><W36/><G36/><N who="0" m="21799" /><D118/><U31/><E112/><V100/><F100/><W88/><G88/><T68/><D116/><U72/><E72/><V106/><F106/><N who="3" m="41067" /><G44/><T117/><D117/><U21/><E45/><V26/><F26/><W15/><G15/><T3/><D3/><U123/><E123/><RYUUKYOKU ba="0,0" sc="245,10,260,-30,286,10,209,10" hai0="16,17,18,68,84,85,87" hai2="13,14,20,24,30,47,49,53,77,83" hai3="4,11,12,50,58,62,63,74,78,80" /><INIT seed="3,1,0,1,4,9" ten="255,230,296,219" oya="3" hai0="13,53,127,81,59,69,85,115,104,106,83,98,122" hai1="11,42,39,95,80,3,50,52,23,90,61,14,132" hai2="33,111,102,75,51,2,19,64,100,131,62,120,70" hai3="96,109,26,135,116,22,16,78,35,47,126,37,94"/><W118/><G126/><T108/><D69/><U25/><E3/><V65/><F2/><W99/><G135/><T93/><D122/><U18/><E132/><V15/><F33/><W12/><G109/><T123/><D123/><U125/><E125/><V5/><F5/><W107/><G107/><T97/><D127/><U110/><E110/><V10/><F111/><W86/><G37/><T34/><D34/><U88/><E39/><V57/><F120/><W82/><G47/><T92/><D108/><U28/><E42/><V7/><F7/><W113/><G113/><T41/><D41/><U8/><E61/><V87/><F75/><W54/><G54/><T114/><D59/><N who="1" m="33175" /><E80/><V17/><F65/><W74/><G74/><T71/><D71/><U112/><E112/><V30/><F30/><W84/><G84/><T49/><D53/><U60/><E60/><V117/><F62/><W48/><G48/><T40/><D40/><U66/><E66/><V130/><F51/><W128/><G128/><T101/><D49/><U55/><E55/><V27/><F130/><W46/><G46/><T91/><D13/><N who="1" m="7463" /><E95/><V68/><F131/><W89/><REACH who="3" step="1"/><G99/><REACH who="3" ten="255,230,296,209" step="2"/><T76/><REACH who="0" step="1"/><D81/><REACH who="0" ten="245,230,296,209" step="2"/><U45/><E45/><V44/><F44/><W31/><AGARI ba="1,2" hai="12,16,22,26,31,35,78,82,86,89,94,96,116,118" machi="31" ten="30,12000,1" yaku="1,1,2,1,0,1,52,1,54,1,53,0" doraHai="9" doraHaiUra="6" who="3" fromWho="3" sc="245,-41,230,-41,296,-41,209,143" /><INIT seed="3,2,0,0,3,40" ten="204,189,255,352" oya="3" hai0="42,98,77,18,86,29,52,105,134,9,69,8,104" hai1="32,36,60,75,90,48,93,70,71,72,17,88,59" hai2="13,96,80,118,56,78,34,39,124,26,106,123,82" hai3="43,25,35,7,113,61,125,6,3,101,126,132,51"/><W58/><G113/><T54/><D69/><U21/><E36/><V5/><F118/><W38/><G38/><T49/><D29/><U65/><E32/><V20/><F34/><W10/><G132/><T116/><D116/><U85/><E90/><V89/><F124/><N who="3" m="47723" /><G101/><T121/><D121/><U133/><E133/><V92/><F106/><W45/><G6/><T81/><D134/><U53/><REACH who="1" step="1"/><E71/><REACH who="1" ten="204,179,255,352" step="2"/><V115/><F39/><W135/><G135/><T31/><D31/><U100/><E100/><V44/><F89/><W46/><G35/><T67/><D67/><U131/><E131/><V33/><F33/><W14/><G25/><AGARI ba="2,1" hai="17,21,25,48,53,59,60,65,70,72,75,85,88,93" machi="25" ten="30,3900,0" yaku="1,1,7,1,54,1,53,0" doraHai="40" doraHaiUra="130" who="1" fromWho="3" sc="204,0,179,55,255,0,352,-45" /><INIT seed="4,0,0,4,3,32" ten="204,234,255,307" oya="0" hai0="61,50,4,40,20,133,60,22,5,76,74,102,95" hai1="70,87,117,72,35,99,42,48,122,63,30,66,111" hai2="47,67,82,28,110,71,9,93,39,23,84,86,2" hai3="41,15,24,43,96,37,120,29,16,68,19,57,21"/><T27/><D133/><U12/><E117/><V112/><F110/><W126/><G68/><T36/><D36/><U59/><E122/><V118/><F118/><W75/><G75/><T53/><D40/><N who="3" m="15433" /><G37/><T49/><D49/><U46/><E111/><V6/><F112/><W134/><G126/><T62/><D22/><U90/><E72/><V89/><F39/><W0/><G0/><T105/><D105/><U54/><E99/><V125/><F125/><W131/><G131/><T85/><D74/><U17/><E30/><V100/><F47/><W101/><G134/><T58/><D76/><U44/><E35/><V7/><F7/><W56/><G120/><T119/><D119/><U11/><E42/><V8/><F8/><N who="3" m="6247" /><G29/><T108/><D108/><U127/><E127/><V81/><F28/><W92/><AGARI ba="0,0" hai="19,21,24,56,57,92,96,101" m="6247,15433" machi="92" ten="30,2000,0" yaku="8,1,54,1" doraHai="32" who="3" fromWho="3" sc="204,-10,234,-5,255,-5,307,20" /><INIT seed="5,0,0,2,4,94" ten="194,229,250,327" oya="1" hai0="29,118,2,48,89,125,68,113,75,46,107,61,103" hai1="42,24,10,79,130,41,72,30,116,121,63,84,99" hai2="11,83,14,47,110,97,62,90,126,60,57,19,134" hai3="52,73,18,78,87,33,101,7,74,123,69,9,119"/><U66/><E121/><V85/><F110/><W20/><G69/><T45/><D118/><U21/><E116/><V115/><F126/><W22/><G33/><T35/><D2/><U127/><E72/><V67/><F134/><W77/><G123/><T32/><D125/><U55/><E127/><V49/><F115/><W38/><G38/><T39/><D39/><U102/><E130/><V56/><F62/><W92/><G74/><T43/><D75/><U93/><E55/><N who="2" m="30143" /><F57/><W58/><G73/><T91/><D113/><U53/><E53/><V23/><F23/><W81/><G77/><T133/><D133/><U71/><E10/><V76/><F76/><W106/><G18/><T8/><D68/><U27/><E27/><V51/><F51/><N who="3" m="31007" /><G106/><T59/><D107/><U112/><E112/><V50/><F50/><W96/><G119/><T135/><D35/><U36/><E36/><V86/><F86/><W100/><G100/><T82/><D32/><U117/><E117/><V129/><F129/><W108/><G108/><T12/><D135/><U40/><E40/><V4/><F4/><W64/><G64/><T88/><D103/><U70/><E70/><V65/><F65/><W16/><G7/><N who="0" m="3103" /><D29/><U105/><E105/><V98/><AGARI ba="0,0" hai="11,14,19,56,60,67,83,85,90,97,98" m="30143" machi="98" ten="30,7900,0" yaku="25,1,8,1,52,2" doraHai="94" who="2" fromWho="2" sc="194,-20,229,-39,250,79,327,-20" /><INIT seed="6,0,0,0,1,26" ten="174,190,329,307" oya="2" hai0="12,41,104,97,84,123,132,66,24,89,76,58,13" hai1="56,131,88,59,31,109,55,53,125,91,100,25,44" hai2="75,10,7,57,34,93,19,115,94,79,107,130,134" hai3="124,90,108,87,95,33,72,85,63,113,128,37,98"/><V126/><F107/><W64/><G37/><T61/><D123/><U20/><E109/><V68/><F68/><W6/><G108/><T117/><D117/><U127/><E131/><V69/><F69/><W112/><G72/><T110/><D110/><U52/><E100/><V86/><F130/><W4/><G128/><T119/><D119/><U78/><E78/><V47/><F75/><W29/><G124/><N who="1" m="47690" /><E44/><V101/><F34/><W8/><G33/><T42/><D132/><U5/><E5/><V81/><F126/><W0/><G4/><T27/><D76/><U116/><E116/><V35/><F35/><W38/><G29/><T16/><D12/><U17/><E17/><V32/><F32/><W103/><G38/><T11/><D104/><U102/><E102/><V23/><F101/><W92/><REACH who="3" step="1"/><G87/><REACH who="3" ten="174,190,329,297" step="2"/><T122/><D122/><U135/><E135/><V74/><F134/><W71/><AGARI ba="0,1" hai="0,6,8,63,64,71,85,90,92,95,98,103,112,113" machi="71" ten="30,8000,1" yaku="1,1,2,1,0,1,53,2" doraHai="26" doraHaiUra="111" who="3" fromWho="3" sc="174,-20,190,-20,329,-40,297,90" /><INIT seed="7,0,0,4,4,67" ten="154,170,289,387" oya="3" hai0="47,87,51,10,68,4,123,81,21,90,112,102,36" hai1="5,65,107,131,15,56,18,33,12,69,114,1,64" hai2="25,24,91,13,22,77,23,54,0,74,71,16,110" hai3="76,6,40,79,103,61,95,17,111,38,39,100,28"/><W58/><G38/><T113/><D123/><U45/><E69/><V52/><F110/><W27/><G39/><T35/><D35/><U127/><E107/><V99/><F0/><W48/><G6/><T80/><D36/><U109/><E109/><V128/><F128/><W19/><G28/><T29/><D102/><N who="3" m="38953" /><G95/><T134/><D134/><U101/><E33/><V94/><F74/><W14/><G27/><T104/><D104/><U119/><E119/><V2/><F77/><W89/><G89/><T88/><D68/><U53/><E1/><V20/><F2/><W73/><G73/><T106/><D106/><U118/><E118/><V44/><F71/><W60/><G19/><T133/><D133/><U59/><E101/><V92/><F92/><W41/><G61/><T34/><D34/><U32/><E32/><V124/><F124/><W129/><G129/><T97/><D29/><U49/><E131/><V121/><F121/><W7/><G7/><T115/><D21/><N who="1" m="11463" /><E127/><V75/><F75/><W84/><G76/><N who="0" m="46471" /><D81/><U85/><E85/><V82/><F82/><W117/><G84/><T3/><D97/><U70/><E70/><V62/><F25/><W63/><G79/><T125/><D125/><U26/><E26/><V43/><F24/><W86/><G86/><T116/><D116/><U132/><E132/><V120/><F120/><W37/><G111/><T93/><D93/><U30/><E30/><V135/><F135/><W8/><G117/><T83/><D83/><U55/><E45/><V72/><F44/><W96/><G96/><T122/><D122/><U46/><E46/><RYUUKYOKU ba="0,0" sc="154,30,170,-10,289,-10,387,-10" hai0="3,4,10,47,51,88,90,112,113,115" owari="184,-22.0,160,-34.0,279,8.0,377,48.0" /></mjloggm>