<mjloggm ver="2.3"><GO type="41"/><UN n0="%E3%82%A6%E3%82%AD%E3%83%A3%E3%83%8A%E3%82%B2" n1="%E3%82%A6%E3%83%AB%E3%83%88%E3%83%A9%E7%AB%8B%E7%9B%B4" n2="%E6%9E%9A%E6%96%B9%E3%81%9D%E3%82%93%E3%81%9D%E3%82%93" n3="%E3%81%84%E3%81%A1%E3%82%85%E3%81%93" dan="14,15,14,14" rate="1937,1997,1980,1874" sx="M,M,M,M"/><TAIKYOKU oya="0"/><INIT seed="0,0,0,0,2,81" ten="250,250,250,250" oya="0" hai0="41,74,2,23,29,128,115,68,9,28,78,95,130" hai1="72,134,107,97,135,6,35,16,52,120,84,112,66" hai2="80,67,86,45,14,87,88,62,101,129,49,30,116" hai3="121,36,33,25,127,7,50,105,27,22,111,117,10"/><T47/><D68/><U0/><E72/><V55/><F116/><W63/><G105/><T8/><D115/><U73/><E73/><V5/><F129/><N who="0" m="49770" /><D2/><U99/><E35/><V124/><F124/><W60/><G36/><N who="0" m="21927" /><D95/><U46/><E6/><V26/><F101/><W3/><G117/><T24/><D29/><U79/><E0/><V42/><F55/><W1/><G63/><T38/><D38/><U32/><E66/><V37/><F37/><W83/><G60/><T82/><AGARI ba="0,0" hai="8,9,23,24,28,74,78,82" m="21927,49770" machi="82" ten="30,1500,0" yaku="19,1" doraHai="81" who="0" fromWho="0" sc="250,15,250,-5,250,-5,250,-5" /><INIT seed="0,1,0,5,0,67" ten="265,245,245,245" oya="0" hai0="25,58,46,105,92,64,103,72,98,73,126,10,97" hai1="19,114,41,21,8,44,43,108,118,107,123,49,38" hai2="13,6,52,16,56,65,40,87,15,94,39,113,29" hai3="17,36,27,54,63,102,131,60,11,81,7,101,122"/><T1/><D126/><U55/><E107/><V69/><F113/><W31/><G36/><T95/><D105/><U59/><E123/><V62/><F29/><W133/><G122/><T34/><D34/><U18/><E118/><V99/><F87/><W132/><G63/><T26/><D46/><U100/><E100/><V3/><F3/><W130/><G17/><T71/><D58/><U68/><E114/><V135/><F135/><N who="3" m="51787" /><G81/><T0/><D64/><U134/><E134/><V35/><F35/><N who="3" m="20991" /><G54/><T80/><D80/><U22/><E8/><V9/><F39/><W111/><G60/><T83/><D83/><U66/><E43/><V109/><F40/><W90/><G90/><T12/><D10/><U37/><E37/><V104/><F104/><W116/><G116/><T70/><REACH who="0" step="1"/><D12/><REACH who="0" ten="255,245,245,245" step="2"/><U14/><E44/><V42/><F15/><N who="3" m="5631" /><G111/><T57/><D57/><U112/><E108/><V4/><F109/><W110/><G110/><T86/><D86/><U106/><E112/><V48/><REACH who="2" step="1"/><F42/><REACH who="2" ten="255,245,235,245" step="2"/><W93/><G93/><T23/><D23/><U32/><E106/><V127/><F127/><W89/><G131/><T76/><D76/><U119/><E41/><V50/><F50/><W28/><G130/><T47/><D47/><U24/><E119/><V125/><F125/><W75/><G75/><T45/><D45/><U129/><E129/><V51/><F51/><W2/><G2/><T61/><D61/><N who="1" m="40015" /><E32/><V96/><F96/><W82/><G82/><T84/><D84/><U78/><E38/><V20/><F20/><W85/><G85/><T115/><D115/><U74/><E74/><RYUUKYOKU ba="1,2" sc="255,10,245,10,235,10,245,-30" hai0="0,1,25,26,70,71,72,73,92,95,97,98,103" hai1="14,18,19,21,22,24,49,55,59,78" hai2="4,6,9,13,16,48,52,56,62,65,69,94,99" /><INIT seed="0,2,2,0,2,7" ten="265,255,245,215" oya="0" hai0="23,40,67,115,80,49,97,122,117,70,44,24,112" hai1="55,45,11,91,15,78,71,83,28,73,27,64,105" hai2="37,8,57,1,9,30,96,75,94,111,113,84,135" hai3="41,54,60,108,118,72,79,19,119,14,89,32,86"/><T13/><D117/><U69/><E105/><V16/><F113/><W36/><G32/><T39/><D122/><U116/><E116/><V3/><F37/><W58/><G79/><T106/><D39/><U10/><E64/><V56/><F111/><W65/><G72/><T68/><D80/><U109/><E109/><V43/><F75/><W100/><G108/><T123/><D123/><U5/><E91/><V12/><F135/><W0/><G0/><T17/><D106/><U2/><E55/><V51/><F1/><W4/><G4/><T33/><D97/><U21/><REACH who="1" step="1"/><E45/><REACH who="1" ten="265,245,245,215" step="2"/><N who="2" m="26047" /><F3/><W53/><G118/><T82/><D67/><U81/><E81/><V102/><F84/><W90/><G90/><T74/><D82/><U38/><E38/><V121/><F121/><W120/><G120/><T124/><D74/><U25/><E25/><V126/><F126/><W66/><G65/><T62/><D124/><U92/><E92/><V18/><F30/><W42/><G100/><T127/><D127/><U85/><E85/><V110/><F110/><W129/><G119/><T77/><D115/><U35/><E35/><V31/><F31/><W76/><G76/><T98/><D112/><U46/><E46/><V34/><F34/><W88/><G89/><T133/><D44/><U93/><E93/><V47/><F47/><N who="3" m="23975" /><G42/><T125/><D33/><U6/><AGARI ba="2,3" hai="2,5,6,10,11,15,21,27,28,69,71,73,78,83" machi="6" ten="20,12000,2" yaku="1,1,0,1,7,1,52,2,53,1" doraHai="7" doraHaiUra="20" who="1" fromWho="1" sc="265,-62,245,156,245,-32,215,-32" /><INIT seed="1,0,0,0,3,99" ten="203,401,213,183" oya="1" hai0="75,107,39,10,135,97,105,92,68,131,32,43,96" hai1="104,51,70,7,13,4,26,56,59,113,130,64,82" hai2="103,118,27,28,121,123,6,98,9,21,132,5,110" hai3="111,8,20,18,129,134,2,15,71,108,109,90,93"/><U60/><E113/><V48/><F118/><W80/><G71/><T29/><D68/><U63/><E130/><V22/><F110/><W58/><G129/><T124/><D39/><U54/><E104/><V24/><F132/><W65/><G134/><T102/><D43/><U101/><E70/><V33/><F48/><W79/><G65/><T66/><D66/><U87/><E51/><V41/><F41/><W116/><G116/><T17/><D17/><U62/><E62/><V45/><F45/><W69/><G69/><T19/><D19/><U53/><E64/><V76/><F76/><W37/><G37/><T34/><D10/><U46/><E46/><V1/><F6/><W122/><G122/><T61/><D61/><U81/><E26/><V30/><REACH who="2" step="1"/><F33/><REACH who="2" ten="203,401,203,183" step="2"/><W120/><G120/><T23/><D135/><U52/><E7/><V74/><F74/><W86/><G2/><T89/><D75/><U44/><E44/><V77/><F77/><W127/><G127/><T126/><D34/><U91/><E4/><V72/><F72/><W112/><G112/><T67/><D131/><U49/><E49/><V115/><F115/><W42/><G42/><T84/><D32/><U0/><E63/><V94/><AGARI ba="0,1" hai="1,5,9,21,22,24,27,28,30,94,98,103,121,123" machi="94" ten="20,8000,1" yaku="1,1,0,1,7,1,9,1,52,1,53,0" doraHai="99" doraHaiUra="85" who="2" fromWho="2" sc="203,-20,401,-40,203,90,183,-20" /><INIT seed="2,0,0,1,4,32" ten="183,361,293,163" oya="2" hai0="65,29,126,43,40,120,34,26,13,130,67,80,108" hai1="20,81,88,63,2,91,134,51,74,64,99,54,44" hai2="109,118,89,111,52,49,83,106,17,53,23,117,97" hai3="37,110,78,135,62,31,101,92,69,50,72,59,60"/><V95/><F106/><W9/><G37/><T21/><D108/><N who="2" m="41546" /><F83/><W115/><G110/><T76/><D120/><U4/><E134/><V102/><F102/><W38/><G38/><T93/><D130/><U46/><E46/><N who="2" m="27703" /><F53/><W22/><G135/><T42/><D126/><U121/><E121/><V48/><F48/><W11/><G72/><T105/><D105/><U127/><E127/><V58/><F58/><W124/><G78/><T25/><D93/><U12/><E81/><V70/><F70/><W133/><G69/><T3/><D80/><U39/><E74/><V103/><F103/><W85/><G133/><T14/><D76/><U68/><E39/><V56/><F56/><W28/><G124/><T90/><D90/><U0/><E91/><V15/><AGARI ba="0,0" hai="15,17,23,89,95,97,117,118" m="27703,41546" machi="15" ten="30,6000,0" yaku="14,1,10,1,54,1" doraHai="32" who="2" fromWho="2" sc="183,-20,361,-20,293,60,163,-20" /><INIT seed="2,1,0,3,3,33" ten="163,341,353,143" oya="2" hai0="75,91,26,72,125,89,17,11,18,122,73,83,100" hai1="30,7,21,123,47,113,119,76,79,90,82,101,51" hai2="132,133,0,50,131,71,80,128,31,68,34,135,64" hai3="116,129,55,94,8,124,48,41,107,54,92,62,12"/><V42/><F0/><W61/><G107/><T65/><D65/><U4/><E119/><V40/><F80/><W46/><G116/><T57/><D57/><U28/><E113/><V127/><F34/><W103/><G124/><T52/><D125/><U22/><E123/><V27/><F27/><W78/><G78/><T13/><D122/><U23/><E101/><V96/><F31/><W105/><G105/><T67/><D67/><U39/><E39/><V25/><F96/><W49/><G129/><N who="2" m="49737" /><F25/><W87/><G41/><N who="2" m="15977" /><F50/><W102/><G92/><T9/><D100/><U84/><E30/><V70/><F64/><W19/><G102/><T81/><D26/><U58/><E28/><V126/><AGARI ba="1,0" hai="68,70,71,126,127,132,133,135" m="15977,49737" machi="126" ten="50,24000,3" yaku="30,2,28,2,20,1,19,1,34,2" doraHai="33" who="2" fromWho="2" sc="163,-81,341,-81,353,243,143,-81" /><INIT seed="2,2,0,2,3,50" ten="82,260,596,62" oya="2" hai0="61,64,120,15,81,121,123,104,84,134,127,108,17" hai1="90,135,73,113,106,107,99,60,16,78,103,19,12" hai2="42,88,115,66,71,69,41,23,13,6,126,93,122" hai3="102,97,63,132,32,5,89,62,28,83,27,118,36"/><V44/><F126/><W112/><G118/><T59/><D108/><U10/><E113/><V124/><F122/><W80/><G112/><T29/><D104/><U86/><E135/><V56/><F115/><W11/><G36/><T14/><D134/><U129/><E129/><V30/><F124/><W35/><G132/><T24/><D127/><U22/><E106/><V116/><F116/><W21/><G63/><T46/><D46/><U110/><E110/><V48/><F30/><W18/><G62/><T37/><D37/><U45/><E60/><V131/><F131/><W128/><G128/><T47/><D47/><U67/><E67/><V85/><F41/><W95/><G35/><T7/><D7/><U3/><E45/><V70/><F56/><W75/><G75/><T58/><D58/><U79/><E73/><V0/><F0/><W53/><G53/><T51/><D51/><U109/><E109/><V54/><F42/><W119/><G119/><T72/><D17/><U33/><E33/><V26/><F6/><W77/><G77/><T74/><D74/><U76/><E3/><V87/><F87/><W65/><G65/><T91/><REACH who="0" step="1"/><D72/><REACH who="0" ten="72,260,596,62" step="2"/><U57/><E57/><V92/><F70/><W82/><G5/><T31/><D31/><U2/><E19/><V117/><F69/><W52/><G11/><T125/><D125/><U49/><E49/><V43/><F71/><W20/><G18/><T39/><D39/><U34/><E10/><V1/><F117/><W96/><G32/><AGARI ba="2,1" hai="14,15,24,29,32,59,61,64,81,84,91,120,121,123" machi="32" ten="40,1300,0" yaku="1,1,53,0" doraHai="50" doraHaiUra="130" who="0" fromWho="3" sc="72,29,260,0,596,0,62,-19" /><INIT seed="3,0,0,4,2,114" ten="101,260,596,43" oya="3" hai0="111,127,82,67,62,97,110,83,102,78,48,100,121" hai1="21,49,52,125,79,101,42,129,9,69,43,132,29" hai2="57,6,33,60,8,73,24,10,85,63,126,16,40" hai3="103,22,37,15,93,17,120,44,19,80,5,90,76"/><W112/><G112/><T56/><D48/><U0/><E69/><V72/><F126/><W3/><G120/><T64/><D127/><U65/><E65/><V89/><F40/><W71/><G17/><T12/><D121/><U122/><E122/><V84/><F33/><W119/><G119/><T123/><D123/><U98/><E129/><V47/><F47/><W38/><G71/><T26/><D26/><U55/><E132/><V107/><F107/><W20/><G103/><T115/><D115/><U39/><E39/><V46/><F46/><W31/><G31/><T41/><D41/><U108/><E108/><N who="0" m="41513" /><D12/><U116/><E0/><V86/><F89/><W88/><G20/><T105/><D102/><U14/><E79/><V91/><F91/><W11/><G38/><T7/><D7/><U30/><E30/><V35/><F35/><W118/><G93/><T87/><D83/><U124/><E21/><V2/><F2/><W109/><G109/><T54/><AGARI ba="0,0" hai="54,56,62,64,67,78,82,87,97,100,105" m="41513" machi="54" ten="30,1100,0" yaku="14,1" doraHai="114" who="0" fromWho="0" sc="101,11,260,-3,596,-3,43,-5" /><INIT seed="4,0,0,4,4,109" ten="112,257,593,38" oya="0" hai0="23,98,16,93,33,54,105,118,26,132,30,51,25" hai1="108,19,102,135,121,84,100,88,11,43,69,0,46" hai2="39,61,10,58,52,53,59,123,29,89,106,81,34" hai3="91,63,116,103,80,104,7,13,82,49,92,2,22"/><T48/><D132/><U4/><E69/><V28/><F123/><W17/><G116/><T3/><D3/><U114/><E108/><V112/><F39/><W83/><G104/><T86/><D118/><U47/><E121/><V32/><F106/><W101/><G2/><T31/><D31/><U115/><E19/><V110/><F110/><W50/><G7/><T44/><D105/><U37/><E47/><V8/><F34/><W78/><G78/><T79/><D51/><N who="3" m="19465" /><G63/><T68/><D68/><U35/><E35/><V133/><F32/><W113/><G113/><N who="1" m="43018" /><E135/><V45/><F133/><W66/><G66/><T95/><REACH who="0" step="1"/><D98/><AGARI ba="0,0" hai="13,17,22,80,82,83,91,92,98,101,103" m="19465" machi="98" ten="30,1000,0" yaku="8,1" doraHai="109" who="3" fromWho="0" sc="112,-10,257,0,593,0,38,10" /><INIT seed="5,0,0,0,1,117" ten="102,257,593,48" oya="1" hai0="18,135,106,71,28,7,130,102,13,42,22,0,105" hai1="109,1,82,15,113,45,83,98,41,47,81,34,126" hai2="75,23,58,19,134,100,25,16,115,95,39,129,66" hai3="110,85,133,48,62,49,38,119,122,112,86,61,8"/><U89/><E1/><V53/><F39/><W36/><G119/><T69/><D42/><U123/><E34/><V79/><F115/><W4/><G112/><T14/><D130/><U114/><E113/><V65/><F129/><W128/><G128/><T132/><D28/><U33/><E33/><V96/><F134/><W37/><G133/><N who="0" m="51275" /><D102/><U107/><E114/><V55/><F19/><W2/><G110/><T72/><D72/><U46/><E107/><N who="0" m="40969" /><D0/><U125/><E109/><V99/><F75/><W17/><G17/><T80/><D80/><U12/><E41/><V127/><F79/><W87/><REACH who="3" step="1"/><G122/><REACH who="3" ten="102,257,593,38" step="2"/><T9/><AGARI ba="0,1" hai="7,9,13,14,18,22,69,71" m="40969,51275" machi="9" ten="40,1500,0" yaku="20,1" doraHai="117" who="0" fromWho="0" sc="102,25,257,-7,593,-4,38,-4" /><INIT seed="6,0,0,4,3,116" ten="127,250,589,34" oya="2" hai0="15,12,130,6,117,135,39,5,121,59,80,29,102" hai1="113,42,47,23,41,73,119,127,10,16,86,44,21" hai2="97,99,85,104,40,79,18,25,45,38,61,4,98" hai3="31,30,81,95,77,68,74,110,49,34,114,57,55"/><V76/><F4/><W9/><G110/><T52/><D39/><U22/><E73/><V64/><F104/><W106/><G68/><T124/><D117/><U72/><E72/><V94/><F25/><W118/><G106/><T89/><D135/><U109/><E119/><V101/><F18/><W107/><G107/><T75/><D130/><U125/><E109/><V108/><F108/><W17/><G118/><T78/><D124/><N who="1" m="47691" /><E113/><V24/><F24/><W53/><G34/><T20/><D102/><U133/><E133/><V0/><F0/><W36/><G36/><T54/><D29/><U33/><E33/><V37/><F37/><W87/><G114/><T115/><D115/><U92/><E92/><V63/><F63/><W60/><G74/><T69/><D69/><U28/><E86/><V65/><F65/><W67/><G95/><T8/><D20/><U26/><E28/><V14/><F14/><N who="3" m="7375" /><G67/><T122/><D89/><U70/><E70/><V3/><F3/><W128/><G128/><T82/><D75/><U56/><E26/><V88/><REACH who="2" step="1"/><F101/><REACH who="2" ten="127,250,579,34" step="2"/><W84/><G84/><T123/><D78/><U71/><E16/><V51/><F51/><W7/><G7/><T13/><D8/><U103/><E10/><V1/><F1/><W120/><G120/><T131/><D131/><U93/><E103/><V48/><F48/><W126/><G126/><T111/><D111/><U2/><E2/><V46/><F46/><AGARI ba="0,1" hai="30,31,46,49,53,55,57,60,77,81,87" m="7375" machi="46" ten="30,1000,0" yaku="8,1" doraHai="116" who="3" fromWho="2" sc="127,0,250,0,579,-10,34,20" /><INIT seed="7,0,0,3,3,71" ten="127,250,569,54" oya="3" hai0="35,25,75,122,92,37,81,26,123,22,110,59,132" hai1="86,41,97,87,67,94,50,101,76,61,88,24,12" hai2="60,28,131,115,17,74,83,55,52,79,47,93,19" hai3="44,91,13,112,126,100,72,118,39,20,102,127,18"/><W120/><G72/><T106/><D110/><U68/><E76/><V53/><F115/><W23/><G118/><T1/><D1/><U30/><E12/><V103/><F131/><W135/><G120/><T134/><D106/><U45/><E101/><V129/><F129/><W95/><G112/><T16/><D37/><U0/><E0/><V57/><F28/><W58/><G23/><AGARI ba="0,0" hai="23,24,30,41,45,50,61,67,68,86,87,88,94,97" machi="23" ten="30,2000,0" yaku="7,1,54,1" doraHai="71" who="1" fromWho="3" sc="127,0,250,20,569,0,54,-20" owari="127,-27.0,270,7.0,569,67.0,34,-47.0" /></mjloggm>