<mjloggm ver="2.3"><GO type="169" lobby="0"/><UN n0="%EF%BC%88%E2%89%A7%E2%96%BD%E2%89%A6%EF%BC%89" n1="%E4%BA%9B%E6%B8%A1%E3%82%92%E8%B6%85%E3%81%88%E3%82%8B%E8%80%85" n2="%6B%6F%67%65%70%61%6E" n3="%E3%81%AD%E3%82%8A%E3%82%B4%E3%83%9E" dan="18,16,18,16" rate="2247.07,2059.40,2219.63,2071.10" sx="M,M,M,M"/><TAIKYOKU oya="0"/><INIT seed="0,0,0,3,0,69" ten="250,250,250,250" oya="0" hai0="129,61,105,118,2,13,119,133,77,125,32,16,28" hai1="7,128,109,31,124,84,18,74,35,99,29,64,10" hai2="43,82,3,103,5,67,36,96,93,0,132,60,47" hai3="79,41,39,55,25,115,94,134,71,34,54,65,86"/><T120/><D105/><U112/><E109/><V117/><F132/><W9/><G134/><T14/><D133/><U90/><E74/><V57/><F117/><N who="0" m="44554" /><D61/><U92/><E124/><V75/><REACH who="2" step="1"/><F5/><REACH who="2" ten="250,250,240,250" step="2"/><W135/><G135/><T42/><D125/><U80/><E7/><V89/><F89/><W102/><G115/><T72/><D120/><U30/><E112/><V11/><F11/><W4/><G9/><T22/><D77/><AGARI ba="0,1" hai="0,3,36,43,47,57,60,67,75,77,82,93,96,103" machi="77" ten="40,2600,0" yaku="1,1,52,1,53,0" doraHai="69" doraHaiUra="121" who="2" fromWho="0" sc="250,-26,250,0,240,36,250,0" /><INIT seed="1,0,0,2,1,84" ten="224,250,276,250" oya="1" hai0="81,13,82,88,102,80,86,122,106,65,76,121,48" hai1="6,129,97,63,51,46,38,87,126,107,20,104,23" hai2="33,37,96,112,67,99,92,119,134,95,12,69,100" hai3="58,34,74,59,55,15,105,1,9,62,35,21,28"/><U71/><E38/><V30/><F119/><W57/><G74/><N who="0" m="43031" /><D65/><U52/><E126/><V45/><F134/><W101/><G1/><T42/><D13/><U83/><E129/><V111/><F111/><W40/><G40/><T27/><D27/><U123/><E123/><N who="0" m="47113" /><D48/><U19/><E6/><V94/><F12/><W53/><G57/><T75/><D42/><U91/><E97/><V78/><F78/><W26/><G101/><T120/><D120/><U31/><E31/><V125/><F125/><W66/><G105/><T93/><D75/><U118/><E118/><V49/><F37/><W70/><G70/><T4/><D4/><U128/><E128/><V79/><F67/><W131/><G131/><T25/><D25/><U60/><E23/><V0/><F69/><W16/><REACH who="3" step="1"/><G66/><REACH who="3" ten="224,250,276,240" step="2"/><T117/><D117/><U50/><E71/><V8/><F0/><W103/><G103/><T72/><D72/><U116/><E116/><V24/><F100/><W36/><G36/><T90/><D90/><U44/><E104/><V108/><F45/><W109/><G109/><T5/><D5/><U114/><E107/><V89/><F108/><W11/><G11/><T7/><D7/><U73/><E73/><V10/><F8/><W98/><G98/><AGARI ba="0,1" hai="81,82,86,88,93,98,102,106" m="47113,43031" machi="98" ten="30,12000,2" yaku="24,1,13,1,34,2,52,1,54,1" doraHai="84" who="0" fromWho="3" sc="224,130,250,0,276,0,240,-120" /><INIT seed="2,0,0,3,2,5" ten="354,250,276,120" oya="2" hai0="60,69,19,13,110,108,20,103,130,134,65,17,116" hai1="29,70,129,95,89,31,93,123,81,21,23,101,75" hai2="76,68,32,9,41,15,43,4,37,38,63,50,86" hai3="48,2,107,59,66,83,84,119,54,78,98,40,105"/><V61/><F32/><W109/><G119/><T57/><D116/><U120/><E70/><V30/><F30/><N who="1" m="11273" /><E129/><V122/><F122/><N who="1" m="46633" /><E101/><V118/><F118/><W49/><G2/><T12/><D134/><U10/><E10/><V91/><F68/><W80/><G109/><N who="0" m="42091" /><D130/><U133/><E133/><V46/><F43/><W22/><G66/><T25/><D103/><U132/><E132/><V0/><F0/><W28/><G80/><T45/><D45/><U128/><E128/><V135/><F135/><W96/><G107/><T1/><D1/><U88/><E81/><N who="2" m="47399" /><F91/><N who="1" m="34889" /><E75/><V102/><F102/><W34/><G105/><T87/><D87/><U67/><E67/><V47/><F47/><N who="3" m="25703" /><G34/><T73/><D73/><U42/><E42/><V72/><F72/><W16/><G28/><N who="0" m="17447" /><D69/><U56/><E56/><V39/><AGARI ba="0,0" hai="4,9,15,37,38,39,41,46,50,61,63" m="47399" machi="39" ten="30,3000,0" yaku="25,1,52,1" doraHai="5" who="2" fromWho="2" sc="354,-10,250,-10,276,30,120,-10" /><INIT seed="2,1,0,2,4,123" ten="344,240,306,110" oya="2" hai0="43,76,46,131,24,63,10,45,102,132,107,121,87" hai1="16,113,109,77,65,57,89,83,115,23,122,54,72" hai2="112,42,86,30,135,74,13,78,116,66,75,12,3" hai3="79,106,27,92,1,90,99,95,29,130,38,36,35"/><V41/><F112/><W14/><G1/><T59/><D121/><U96/><E122/><V21/><F3/><W51/><G106/><T37/><D132/><U64/><E64/><V25/><F116/><W134/><G134/><T129/><D45/><U31/><E65/><V104/><F104/><W100/><G130/><N who="0" m="49675" /><D10/><U40/><E31/><V61/><F135/><W67/><G79/><T17/><D102/><U15/><E40/><V84/><F75/><W6/><G51/><T50/><D107/><U68/><E68/><V97/><F97/><W82/><G82/><N who="0" m="47559" /><D24/><U62/><REACH who="1" step="1"/><E109/><REACH who="1" ten="344,230,306,110" step="2"/><V2/><F42/><W58/><G67/><N who="0" m="39423" /><D17/><U0/><E0/><V103/><F2/><W49/><G6/><T44/><D44/><U18/><E18/><V33/><F66/><W70/><G70/><T5/><D5/><U91/><E91/><V60/><F41/><W19/><G19/><T133/><D133/><U53/><E53/><V52/><F52/><N who="3" m="32015" /><G36/><AGARI ba="1,1" hai="36,37,43,46,50" m="39423,47559,49675" machi="36" ten="30,1000,0" yaku="19,1" doraHai="123" who="0" fromWho="3" sc="344,23,230,0,306,0,110,-13" /><INIT seed="3,0,0,4,4,126" ten="367,230,306,97" oya="3" hai0="63,98,127,15,116,86,71,35,118,11,10,47,115" hai1="82,75,57,42,30,24,33,77,59,66,107,106,125" hai2="105,8,74,12,18,88,67,6,111,19,94,53,0" hai3="83,130,121,37,113,72,61,49,21,1,23,22,64"/><W69/><G113/><T39/><D35/><U78/><E125/><V27/><F105/><W31/><G121/><T7/><D115/><U97/><E42/><V41/><F74/><W92/><G1/><T68/><D127/><U84/><E66/><V44/><F111/><W38/><G31/><T20/><D98/><U89/><E77/><V48/><F67/><W100/><G49/><T40/><D20/><U65/><E65/><V13/><F27/><W76/><REACH who="3" step="1"/><G130/><REACH who="3" ten="367,230,306,87" step="2"/><T95/><D118/><U91/><E107/><V96/><F0/><W5/><G5/><T87/><D116/><U52/><E106/><V14/><F6/><W54/><G54/><T2/><D63/><U80/><E52/><V128/><F128/><W122/><G122/><T103/><D2/><U109/><E109/><V29/><F29/><W32/><G32/><T56/><D7/><U123/><E123/><V34/><F34/><W79/><G79/><T3/><D3/><U46/><E30/><V60/><F19/><W101/><G101/><T62/><D103/><U90/><E33/><V51/><REACH who="2" step="1"/><F60/><REACH who="2" ten="367,230,296,87" step="2"/><W133/><G133/><T36/><D62/><U135/><E135/><V117/><F117/><W99/><AGARI ba="0,2" hai="21,22,23,37,38,61,64,69,72,76,83,92,99,100" machi="99" ten="30,3000,0" yaku="1,1,0,1,53,0" doraHai="126" doraHaiUra="134" who="3" fromWho="3" sc="367,-10,230,-10,296,-10,87,50" /><INIT seed="3,1,0,1,5,120" ten="357,220,286,137" oya="3" hai0="73,40,67,116,77,83,76,61,72,130,13,20,128" hai1="22,89,30,38,121,46,99,129,17,0,43,111,114" hai2="66,59,56,118,82,18,52,109,51,125,35,55,4" hai3="100,33,21,91,8,113,71,85,16,135,90,6,132"/><W44/><G113/><T37/><D116/><U86/><E114/><V58/><F35/><W122/><G122/><T117/><D117/><U105/><E121/><V5/><F118/><W134/><G71/><N who="0" m="42479" /><D20/><U14/><E0/><V60/><F125/><W7/><G33/><T9/><D13/><U79/><E129/><N who="0" m="49769" /><D9/><U108/><E30/><V31/><F31/><W75/><G75/><N who="0" m="43423" /><D77/><U69/><E79/><V124/><F124/><W25/><G100/><T93/><D93/><U39/><E69/><V63/><F82/><N who="3" m="49463" /><G8/><T45/><AGARI ba="1,0" hai="37,40,45,72,73" m="43423,49769,42479" machi="45" ten="30,2000,0" yaku="19,1,23,1" doraHai="120" who="0" fromWho="0" sc="357,23,220,-6,286,-6,137,-11" /><INIT seed="4,0,0,1,0,19" ten="380,214,280,126" oya="0" hai0="104,75,66,65,47,28,60,88,42,69,15,98,115" hai1="27,79,120,54,49,11,64,0,106,103,32,10,92" hai2="23,100,119,36,58,122,62,111,25,73,109,81,76" hai3="129,94,16,93,112,83,59,89,121,61,124,37,5"/><T17/><D75/><U133/><E106/><V39/><F122/><W63/><G37/><T22/><D115/><U6/><E120/><V135/><F135/><W68/><G121/><T118/><D118/><U71/><E133/><V107/><F119/><W84/><G112/><T31/><D66/><U51/><E79/><V95/><F107/><W102/><G5/><T45/><D45/><U128/><E128/><V18/><F39/><W77/><G129/><T7/><D7/><U110/><E110/><V80/><F36/><W46/><G46/><T96/><D96/><U3/><E64/><V56/><F56/><W134/><G134/><T55/><D55/><U29/><E71/><V34/><F81/><W101/><G124/><T30/><D30/><U123/><E123/><V41/><F41/><W74/><G93/><T13/><D13/><U82/><E82/><V85/><F34/><W90/><G90/><T108/><D108/><U2/><E11/><V132/><F132/><W53/><G63/><T97/><D97/><U50/><E54/><V4/><F4/><W116/><G68/><T67/><D67/><U52/><E52/><N who="2" m="34119" /><F73/><W40/><G40/><T14/><D104/><U125/><E125/><V113/><F113/><W48/><G116/><T72/><D72/><U91/><E103/><N who="3" m="39434" /><G61/><T114/><D114/><U20/><REACH who="1" step="1"/><E32/><REACH who="1" ten="380,204,280,126" step="2"/><V105/><F105/><W24/><G77/><T126/><D126/><U131/><E131/><V8/><F8/><W21/><G74/><T86/><D69/><U33/><E33/><V12/><F100/><W117/><G117/><T9/><D9/><RYUUKYOKU ba="0,1" sc="380,-15,204,15,280,-15,126,15" hai1="0,2,3,6,10,20,27,29,49,50,51,91,92" hai3="16,21,24,48,53,59,83,84,89,94" /><INIT seed="5,1,1,0,3,30" ten="365,219,265,141" oya="1" hai0="3,43,61,44,130,83,49,88,41,23,111,92,29" hai1="119,64,60,99,16,50,80,132,126,10,67,98,110" hai2="2,25,77,52,6,94,112,127,93,122,86,7,5" hai3="45,53,89,27,48,68,55,100,131,101,120,116,24"/><U34/><E119/><V128/><F122/><W47/><G120/><T114/><D3/><U26/><E110/><V75/><F127/><W82/><G116/><T69/><D111/><U70/><E126/><V39/><F39/><W12/><G68/><T42/><D114/><U106/><E106/><V57/><F75/><W121/><G121/><T59/><D69/><U36/><E36/><V105/><F105/><W109/><G109/><T97/><D83/><U21/><E132/><V46/><F128/><W9/><G131/><T22/><D130/><U14/><E64/><V58/><F2/><W134/><G134/><T37/><D37/><U85/><E50/><N who="2" m="28759" /><F25/><W73/><G73/><T79/><D79/><U95/><E95/><N who="2" m="36363" /><F112/><W51/><G27/><N who="0" m="16631" /><D23/><U124/><E124/><V18/><F18/><N who="3" m="8463" /><G24/><T129/><D129/><U13/><E34/><V56/><F86/><AGARI ba="1,1" hai="45,47,48,51,53,55,82,86,89,100,101" m="8463" machi="86" ten="30,2000,0" yaku="25,1,8,1" doraHai="30" who="3" fromWho="2" sc="365,0,219,0,265,-23,141,33" /><INIT seed="6,0,0,5,0,81" ten="365,219,242,174" oya="2" hai0="16,23,98,123,120,109,54,106,13,115,42,112,85" hai1="70,37,118,38,130,104,58,88,68,25,114,32,94" hai2="76,126,36,69,5,74,132,3,77,93,73,49,60" hai3="131,31,82,29,48,122,0,62,119,127,43,24,11"/><V10/><F36/><W8/><G119/><T47/><D109/><U55/><E104/><V51/><F126/><W107/><G122/><T99/><D54/><U75/><E75/><V20/><F132/><W64/><G107/><T67/><D67/><U46/><E118/><V33/><F33/><W21/><G127/><T44/><D85/><U72/><E72/><V100/><F74/><W28/><G131/><T15/><D106/><U45/><E130/><V71/><F20/><W103/><G103/><T2/><D2/><U34/><E114/><N who="0" m="43561" /><D13/><U90/><E55/><V101/><F73/><W1/><G1/><T56/><D56/><U83/><E58/><V18/><F3/><W121/><G121/><N who="0" m="46667" /><D47/><U96/><E25/><V129/><F129/><W116/><G116/><T52/><D52/><U133/><E96/><V102/><F71/><W12/><G0/><T95/><D95/><U6/><E94/><V134/><F93/><W84/><G84/><T35/><D35/><U30/><E83/><V50/><F69/><W17/><G82/><T113/><D113/><U80/><E80/><V91/><F60/><W40/><G8/><T59/><D59/><U63/><E63/><V65/><F65/><W9/><G9/><T61/><D61/><U86/><E86/><V4/><F91/><W108/><G108/><T105/><D105/><U53/><E70/><V110/><F110/><W87/><G87/><T26/><D26/><U92/><E68/><V57/><F57/><N who="3" m="36943" /><G43/><T41/><D41/><U79/><E34/><V135/><F10/><W124/><G124/><T22/><D22/><RYUUKYOKU ba="0,0" sc="365,15,219,-15,242,-15,174,15" hai0="15,16,23,42,44,98,99" hai3="11,12,17,21,24,28,29,31,40,48" /><INIT seed="7,1,0,4,0,27" ten="380,204,227,189" oya="3" hai0="121,54,56,135,3,30,40,123,101,102,13,51,24" hai1="127,75,52,20,57,117,65,98,31,6,15,67,82" hai2="122,42,97,112,28,113,94,2,120,91,96,85,119" hai3="64,107,60,109,108,44,87,133,95,105,53,68,21"/><W116/><G116/><T80/><D3/><U36/><E36/><V1/><F119/><W124/><G124/><T49/><D135/><U4/><E117/><V92/><F28/><W25/><G133/><T129/><D129/><U26/><E127/><V41/><F85/><W78/><G44/><T115/><D115/><N who="2" m="44106" /><F42/><W74/><G74/><T71/><D71/><U86/><E98/><V84/><F41/><W70/><G53/><T73/><D80/><U23/><E75/><V14/><F14/><W83/><G95/><T79/><D30/><U0/><E0/><N who="2" m="107" /><F97/><W47/><G47/><T50/><D13/><U59/><E23/><V58/><F58/><N who="1" m="22025" /><E52/><V72/><F72/><W126/><G70/><T131/><D56/><U9/><E4/><V130/><F130/><W88/><G78/><AGARI ba="1,0" hai="6,9,15,20,26,31,65,67,78,82,86" m="22025" machi="78" ten="30,2000,0" yaku="8,1,52,1" doraHai="27" who="1" fromWho="3" sc="380,0,204,23,227,0,189,-23" owari="380,47.0,227,3.0,227,-17.0,166,-33.0" /></mjloggm>