<mjloggm ver="2.3"><GO type="41"/><UN n0="%EF%BC%88%E2%89%A7%E2%96%BD%E2%89%A6%EF%BC%89" n1="%E3%81%B2%E3%82%89%E3%81%A3%E3%81%93%E2%96%BC" n2="%E5%AE%87%E5%AE%99%E3%83%A1%E3%83%80%E3%83%AD%E3%83%83%E3%82%BF%E3%83%BC" n3="%E3%83%93%E3%83%AA%E3%83%9F%E3%83%AA" dan="15,14,14,14" rate="1999,1974,1955,1930" sx="M,M,M,M"/><TAIKYOKU oya="0"/><INIT seed="0,0,0,0,3,2" ten="250,250,250,250" oya="0" hai0="113,29,50,117,127,39,98,21,83,128,134,71,109" hai1="68,105,118,0,97,19,7,31,51,89,44,45,20" hai2="82,41,95,131,38,88,107,86,81,90,34,26,15" hai3="64,102,78,40,69,122,48,77,33,112,13,14,70"/><T110/><D39/><U111/><E118/><V87/><F107/><W129/><G112/><T42/><D71/><U32/><E68/><V72/><F131/><W36/><G33/><T123/><D113/><U60/><E60/><V9/><F38/><W124/><G36/><T132/><D117/><U22/><E32/><V120/><F120/><W91/><G129/><T55/><D128/><U18/><E31/><V35/><F41/><W43/><G122/><T119/><D119/><U94/><E89/><V3/><F3/><W85/><G102/><T57/><D123/><U54/><E45/><V53/><F53/><W58/><G64/><T79/><D42/><U56/><E105/><V92/><F72/><W75/><G75/><N who="0" m="43519" /><D98/><U73/><E73/><V59/><F59/><W4/><G58/><T23/><D127/><U11/><E44/><V66/><F66/><W30/><G30/><T65/><D65/><U17/><E111/><N who="0" m="42505" /><D29/><U99/><E97/><V116/><F116/><W46/><G124/><T125/><D125/><U84/><E84/><V130/><F130/><W108/><G108/><T8/><D8/><U27/><E27/><V1/><F35/><W62/><G43/><T24/><D24/><U115/><E115/><V121/><F121/><W61/><G40/><T63/><D63/><U100/><AGARI ba="0,0" hai="0,7,11,17,18,19,20,22,51,54,56,94,99,100" machi="100" ten="30,2000,0" yaku="0,1,52,1" doraHai="2" who="1" fromWho="1" sc="250,-10,250,20,250,-5,250,-5" /><INIT seed="1,0,0,2,0,94" ten="240,270,245,245" oya="1" hai0="14,72,1,35,82,91,71,108,32,20,73,104,107" hai1="85,19,67,96,117,83,39,59,100,42,87,115,133" hai2="114,124,106,48,75,126,16,84,54,103,65,105,113" hai3="8,92,74,93,7,51,43,34,41,45,13,53,81"/><U28/><E117/><V66/><F75/><N who="0" m="28746" /><D14/><U78/><E115/><N who="2" m="44043" /><F84/><W70/><G34/><N who="0" m="12843" /><D20/><U62/><E42/><V98/><F105/><N who="0" m="40522" /><D82/><U37/><E28/><V123/><F123/><W36/><G70/><T130/><D91/><U116/><E87/><V132/><F132/><W10/><G43/><T55/><D55/><U119/><E133/><V47/><F16/><W122/><G122/><T33/><D33/><U52/><E116/><V4/><F4/><W120/><G120/><T109/><D130/><U86/><E86/><V11/><F11/><W110/><G110/><N who="0" m="42603" /><D71/><U15/><E119/><V69/><F69/><W0/><G53/><T2/><AGARI ba="0,0" hai="1,2" m="42603,40522,12843,28746" machi="2" ten="40,8000,1" yaku="28,2,14,1,31,2" doraHai="94" who="0" fromWho="0" sc="240,80,270,-40,245,-20,245,-20" /><INIT seed="2,0,0,1,2,104" ten="320,230,225,225" oya="2" hai0="92,9,78,51,17,18,55,53,129,3,44,32,28" hai1="59,94,121,114,23,70,34,29,49,30,77,19,99" hai2="132,118,48,93,52,130,40,8,14,116,61,54,110" hai3="106,86,46,81,80,38,56,108,119,112,97,71,31"/><V27/><F130/><W13/><G71/><T65/><D129/><U15/><E70/><V85/><F132/><W115/><G119/><T12/><D3/><U84/><E121/><V126/><F126/><W89/><G31/><T37/><D37/><U76/><E114/><V79/><F110/><W98/><G108/><T36/><D36/><U4/><E4/><V127/><F127/><W131/><G131/><T74/><D65/><U82/><E34/><V102/><F118/><W105/><G56/><T125/><D125/><U20/><E20/><V95/><F116/><W69/><G69/><T58/><D92/><U21/><E21/><V24/><F102/><W135/><G135/><T73/><D18/><U33/><E33/><V67/><F67/><W10/><G38/><T87/><D87/><U90/><E76/><V100/><F100/><W88/><G88/><T123/><D123/><U113/><E113/><N who="3" m="43594" /><G46/><T122/><D122/><U2/><E2/><V57/><F40/><W63/><G63/><T7/><D78/><U6/><E6/><N who="2" m="3351" /><F79/><W1/><G1/><T109/><D109/><U66/><E66/><V124/><F124/><W41/><G41/><T101/><D101/><U35/><E35/><V117/><F117/><W47/><G47/><T43/><D43/><U16/><E19/><V0/><F0/><W68/><G68/><T72/><D17/><U133/><E133/><V120/><F120/><W134/><G134/><T39/><D39/><U75/><E99/><N who="3" m="37898" /><G81/><T11/><D44/><U26/><E26/><N who="2" m="9771" /><F85/><W107/><G107/><T111/><D111/><U42/><E42/><RYUUKYOKU ba="0,0" sc="320,-30,230,10,225,10,225,10" hai1="15,16,23,29,30,49,59,75,77,82,84,90,94" hai2="48,52,54,57,61,93,95" hai3="10,13,80,86,89,105,106" /><INIT seed="2,1,0,3,5,2" ten="290,240,235,235" oya="2" hai0="25,129,87,16,0,42,114,96,104,94,20,81,34" hai1="132,7,61,85,19,63,36,93,31,24,83,106,69" hai2="97,77,14,49,55,59,26,28,72,79,65,53,51" hai3="50,125,54,58,15,4,48,119,98,47,112,102,86"/><V101/><F65/><W29/><G119/><T33/><D114/><U116/><E106/><V91/><F91/><W108/><G112/><T39/><D129/><U135/><E116/><V68/><F68/><W92/><G125/><T46/><D0/><U78/><E36/><V38/><F38/><W18/><G29/><T74/><D74/><U133/><E19/><V11/><F72/><W66/><G108/><T95/><D104/><U37/><E37/><V128/><F128/><W89/><G66/><T121/><D121/><U40/><E40/><V75/><F75/><W60/><G4/><T84/><D95/><U5/><E93/><N who="2" m="58543" /><F26/><W131/><G131/><T21/><D21/><N who="1" m="15759" /><E69/><V10/><F28/><W115/><G115/><T118/><D84/><U6/><AGARI ba="1,0" hai="5,6,7,61,63,78,83,85,132,133,135" m="15759" machi="6" ten="40,8000,1" yaku="20,1,52,3" doraHai="2" who="1" fromWho="1" sc="290,-21,240,83,235,-41,235,-21" /><INIT seed="3,0,0,5,0,87" ten="269,323,194,214" oya="3" hai0="16,83,0,93,36,103,53,3,129,40,23,110,81" hai1="42,82,7,111,9,124,84,8,125,121,70,107,130" hai2="77,58,120,29,28,75,1,59,48,133,6,31,102" hai3="14,33,72,94,61,62,99,46,97,26,39,2,15"/><W115/><G72/><T114/><D129/><U100/><E121/><V104/><F120/><W79/><G2/><T43/><D114/><U123/><E123/><V92/><F133/><W20/><G115/><T12/><D110/><U44/><E70/><V71/><F71/><W68/><G79/><T19/><D36/><U127/><E111/><V21/><F104/><W80/><G80/><N who="0" m="30795" /><D3/><U22/><E22/><V76/><F21/><W109/><G109/><T60/><D0/><U73/><E73/><V85/><F75/><W65/><G33/><T63/><D19/><U45/><E130/><V112/><F112/><W30/><G62/><N who="0" m="23595" /><D53/><U32/><E32/><V66/><F66/><W131/><G131/><T126/><D126/><U116/><E116/><V18/><F18/><W122/><G122/><T50/><D50/><U37/><E44/><V98/><F1/><W118/><G118/><T95/><D103/><U25/><E7/><V27/><F6/><W10/><G39/><T117/><D117/><U34/><E100/><V135/><F135/><W41/><G41/><AGARI ba="0,0" hai="12,16,23,40,41,43,93,95" m="23595,30795" machi="41" ten="30,2000,0" yaku="8,1,54,1" doraHai="87" who="0" fromWho="3" sc="269,20,323,0,194,0,214,-20" /><INIT seed="4,0,0,2,3,22" ten="289,323,194,194" oya="0" hai0="32,116,100,21,28,31,24,91,105,11,101,112,36" hai1="87,113,119,107,81,8,117,96,59,16,92,132,7" hai2="114,50,30,3,122,127,86,76,73,99,35,17,0" hai3="72,82,15,83,108,94,12,38,63,131,118,6,110"/><T33/><D116/><U79/><E107/><V67/><F122/><W126/><G118/><T69/><D36/><U23/><E132/><V14/><F73/><W44/><G131/><T90/><D69/><U128/><E59/><V54/><F114/><W109/><G126/><T10/><D112/><U62/><E62/><V25/><F127/><W134/><G134/><T104/><D21/><U29/><E29/><V45/><F67/><W120/><G120/><T40/><D40/><U61/><E61/><V124/><F124/><W123/><G123/><T93/><D93/><U71/><E71/><V115/><F115/><W20/><G94/><T121/><D121/><U66/><E66/><V26/><F26/><AGARI ba="0,0" hai="10,11,24,26,28,31,32,33,90,91,100,101,104,105" machi="26" ten="25,9600,0" yaku="22,2,52,2" doraHai="22" who="0" fromWho="2" sc="289,96,323,0,194,-96,194,0" /><INIT seed="4,1,0,4,0,76" ten="385,323,98,194" oya="0" hai0="36,107,25,50,42,103,94,39,90,2,84,16,123" hai1="108,111,29,65,52,19,75,6,43,5,69,100,121" hai2="12,15,82,80,45,96,54,106,31,125,93,13,132" hai3="37,81,4,18,0,8,74,86,97,51,47,64,14"/><T44/><D123/><U116/><E121/><V134/><F106/><W99/><G74/><T129/><D2/><U48/><E43/><V67/><F67/><W34/><G64/><T24/><D129/><U119/><E29/><V122/><F122/><W28/><G37/><T110/><D110/><U41/><E41/><V131/><F131/><W61/><G61/><T55/><D39/><U56/><E100/><V32/><F125/><W35/><G35/><T114/><D114/><U118/><E75/><V79/><F79/><W95/><G95/><T89/><D89/><U128/><E128/><V26/><F45/><W105/><G105/><T104/><D103/><U30/><E30/><V27/><F54/><W60/><G60/><T117/><D25/><U68/><E19/><V66/><F66/><W40/><G0/><T59/><REACH who="0" step="1"/><D117/><REACH who="0" ten="375,323,98,194" step="2"/><U63/><E111/><V109/><F109/><W3/><G3/><T57/><D57/><U120/><E108/><V135/><F26/><W78/><G18/><T17/><D17/><U130/><E120/><V113/><REACH who="2" step="1"/><F113/><REACH who="2" ten="375,323,88,194" step="2"/><W87/><REACH who="3" step="1"/><G86/><REACH who="3" ten="375,323,88,184" step="2"/><T33/><D33/><U83/><E130/><V85/><F85/><W49/><G49/><T115/><D115/><U133/><E48/><V91/><AGARI ba="1,3" hai="12,13,15,27,31,32,80,82,91,93,96,132,134,135" machi="91" ten="40,8000,1" yaku="1,1,0,1,20,1,52,2,53,0" doraHai="76" doraHaiUra="112" who="2" fromWho="2" sc="375,-41,323,-21,88,113,184,-21" /><INIT seed="5,0,0,0,4,61" ten="334,302,201,163" oya="1" hai0="71,63,116,18,64,38,75,53,80,37,113,104,91" hai1="9,46,103,74,78,105,22,12,96,57,1,134,62" hai2="23,33,111,4,6,82,127,58,114,133,81,65,125" hai3="2,26,131,49,95,106,128,52,25,69,93,24,42"/><U50/><E1/><V10/><F33/><W43/><G2/><T135/><D116/><U76/><E134/><V118/><F118/><W101/><G106/><T132/><D113/><U122/><E22/><V45/><F111/><W0/><G69/><T100/><D18/><U126/><E74/><V98/><F133/><N who="0" m="51274" /><D53/><U5/><E122/><V86/><F114/><W123/><G0/><T88/><D75/><U56/><E126/><N who="2" m="48139" /><F45/><W109/><G123/><T107/><D107/><U117/><E117/><V110/><F110/><W129/><G109/><T8/><D8/><U112/><E112/><V87/><F98/><W90/><G101/><T108/><D108/><U89/><E89/><N who="0" m="34377" /><D80/><N who="2" m="30826" /><F23/><W29/><G29/><T79/><D79/><U7/><E7/><N who="2" m="2603" /><F10/><W72/><G72/><T54/><D54/><U36/><E36/><V3/><F3/><W67/><G67/><T92/><D104/><U20/><E20/><V16/><F16/><W28/><G28/><T85/><D85/><N who="2" m="32266" /><F58/><W21/><G21/><T97/><AGARI ba="0,0" hai="37,38,63,64,71,92,97,100" m="34377,51274" machi="97" ten="30,4000,0" yaku="20,1,52,1,54,1" doraHai="61" who="0" fromWho="0" sc="334,40,302,-20,201,-10,163,-10" /><INIT seed="6,0,0,0,2,84" ten="374,282,191,153" oya="2" hai0="116,14,125,105,68,36,74,71,28,135,13,59,5" hai1="31,113,24,0,60,77,124,128,30,69,111,100,26" hai2="22,67,3,76,98,63,82,118,11,9,37,48,54" hai3="16,32,90,120,89,87,119,91,61,15,19,95,102"/><V4/><F118/><W23/><G32/><T85/><D74/><U58/><E111/><V33/><F37/><W42/><G119/><T6/><D36/><U99/><E69/><V79/><F33/><W108/><G120/><T94/><D105/><U8/><E77/><V62/><F11/><W104/><G108/><T18/><D116/><U109/><E109/><V72/><F76/><W43/><G104/><T49/><D135/><U112/><E128/><V123/><F123/><W46/><G61/><T134/><D134/><U114/><E124/><V129/><F129/><W25/><G102/><T131/><D131/><U103/><E103/><V45/><F98/><W96/><G87/><T115/><D28/><U93/><E30/><V38/><F38/><W41/><REACH who="3" step="1"/><G46/><REACH who="3" ten="374,282,191,143" step="2"/><T1/><D125/><U17/><E113/><V44/><F63/><W50/><G50/><T47/><D47/><U64/><E112/><V7/><F44/><W86/><G86/><T97/><D115/><U88/><E100/><V10/><F22/><AGARI ba="0,1" hai="15,16,19,22,23,25,41,42,43,89,90,91,95,96" machi="22" ten="40,12000,2" yaku="1,1,8,1,52,3,54,1,53,0" doraHai="84" doraHaiUra="55" who="3" fromWho="2" sc="374,0,282,0,191,-120,143,130" /><INIT seed="7,0,0,3,3,50" ten="374,282,71,273" oya="3" hai0="126,88,67,116,66,109,39,76,42,74,79,57,98" hai1="52,48,84,53,64,30,27,20,97,44,118,106,62" hai2="107,37,33,65,103,73,45,82,75,113,60,19,86" hai3="63,18,25,128,38,133,16,90,51,115,104,13,81"/><W80/><G115/><T100/><D116/><U94/><E106/><V23/><F33/><W47/><G38/><T71/><D109/><U101/><E118/><V119/><F119/><W26/><G104/><T56/><D71/><U114/><E114/><V117/><F117/><W129/><G133/><T99/><D126/><U41/><REACH who="1" step="1"/><E84/><REACH who="1" ten="374,272,71,273" step="2"/><V125/><F113/><W36/><G36/><T49/><D39/><U122/><E122/><V87/><F125/><W12/><G63/><T17/><D74/><U121/><E121/><V93/><F107/><W54/><G129/><T24/><D99/><U3/><E3/><V8/><F75/><W35/><G128/><T55/><D98/><U130/><E130/><V1/><F1/><W95/><G35/><T124/><D124/><U110/><E110/><V102/><F73/><W5/><G5/><T68/><D76/><U89/><E89/><V2/><F2/><W77/><G77/><T127/><D79/><U46/><E46/><V58/><F86/><N who="3" m="52695" /><G12/><T69/><D127/><U32/><E32/><V11/><F37/><W83/><G18/><T22/><D17/><U111/><E111/><V134/><F45/><W0/><G0/><T6/><D6/><U29/><E29/><V112/><F112/><W21/><AGARI ba="0,1" hai="13,16,21,25,26,47,51,54,80,81,83" m="52695" machi="21" ten="30,6000,0" yaku="8,1,52,1,54,1" doraHai="50" who="3" fromWho="3" sc="374,-20,272,-20,71,-20,273,70" /><INIT seed="7,1,0,2,0,83" ten="354,252,51,343" oya="3" hai0="12,122,8,18,40,41,86,52,49,104,111,76,9" hai1="28,64,129,22,44,11,68,6,70,112,123,66,121" hai2="74,98,107,5,77,113,1,4,46,63,60,67,56" hai3="3,7,97,85,19,100,15,35,134,54,30,62,24"/><W72/><G72/><T34/><D122/><U93/><E129/><V27/><F113/><W47/><G134/><T94/><D34/><U61/><E112/><V53/><F46/><W92/><G7/><T88/><D104/><U99/><E44/><V110/><F110/><W126/><G3/><T106/><D106/><U2/><E22/><V79/><F1/><W108/><G108/><T57/><D111/><U69/><E28/><V31/><F74/><W115/><G115/><T17/><D76/><U101/><E70/><V127/><F127/><W16/><G126/><T25/><D25/><U87/><E87/><V20/><F107/><W13/><G85/><T48/><D48/><U125/><E125/><V96/><F77/><W59/><REACH who="3" step="1"/><G47/><REACH who="3" ten="354,252,51,333" step="2"/><T36/><D36/><U114/><E114/><V32/><F32/><W21/><G21/><T82/><D82/><U119/><REACH who="1" step="1"/><E119/><REACH who="1" ten="354,242,51,333" step="2"/><V73/><F73/><W117/><G117/><T71/><D71/><U29/><E29/><V103/><F79/><W14/><AGARI ba="1,2" hai="13,14,15,16,19,24,30,35,54,59,62,92,97,100" machi="14" ten="30,11700,0" yaku="1,1,0,1,54,1,53,1" doraHai="83" doraHaiUra="50" who="3" fromWho="3" sc="354,-40,242,-40,51,-40,333,140" owari="314,11.0,202,-20.0,11,-49.0,473,58.0" /></mjloggm>