<mjloggm ver="2.3"><GO type="41"/><UN n0="%79%61%73%75%63%79%75" n1="%EF%BC%88%E2%89%A7%E2%96%BD%E2%89%A6%EF%BC%89" n2="%E3%83%8A%E3%83%A6%E3%83%84%E3%83%A1%E3%82%A6%E3%82%B5%E3%82%AE" n3="%E3%81%86%E3%81%90%E3%81%86%E3%81%90%E3%81%86%E3%81%90%E3%81%85" dan="14,15,13,13" rate="1909,2015,1923,1845" sx="M,M,M,M"/><TAIKYOKU oya="0"/><INIT seed="0,0,0,4,2,86" ten="250,250,250,250" oya="0" hai0="120,112,122,30,92,72,9,76,13,85,100,73,83" hai1="35,43,54,38,48,113,69,128,82,95,103,74,21" hai2="42,52,114,127,27,70,126,97,6,57,91,55,130" hai3="88,49,133,71,96,18,39,34,47,65,67,16,19"/><T134/><D30/><U117/><E35/><V124/><F114/><W2/><G2/><T66/><D112/><U119/><E69/><V121/><F121/><W14/><G133/><T24/><D24/><U11/><E113/><V17/><F70/><W8/><G34/><T1/><D1/><U111/><E128/><V81/><F6/><N who="3" m="3351" /><G71/><T31/><D31/><U20/><E111/><V98/><F42/><N who="3" m="24823" /><G39/><T4/><D134/><U131/><E131/><V104/><F130/><W101/><G101/><T123/><D66/><U106/><E103/><V46/><F104/><W75/><G75/><T22/><D22/><U102/><E102/><V84/><F46/><W115/><G115/><T10/><D10/><U32/><E106/><V53/><F57/><W68/><G68/><T90/><REACH who="0" step="1"/><D100/><REACH who="0" ten="240,250,250,250" step="2"/><U62/><E21/><AGARI ba="0,1" hai="17,21,27,52,53,55,81,84,91,97,98,124,126,127" machi="21" ten="50,6400,0" yaku="18,1,52,1,54,1" doraHai="86" who="2" fromWho="1" sc="240,0,250,-64,250,74,250,0" /><INIT seed="1,0,0,0,2,91" ten="240,186,324,250" oya="1" hai0="127,43,50,10,118,37,81,114,92,76,62,85,95" hai1="119,93,44,63,121,130,38,16,103,79,104,99,17" hai2="61,90,117,27,2,111,115,101,23,89,108,36,135" hai3="40,129,11,132,105,78,134,65,26,133,45,66,7"/><U131/><E121/><V55/><F117/><W4/><G105/><T6/><D118/><U30/><E119/><V0/><F36/><W86/><G26/><T51/><D114/><U34/><E79/><V113/><F101/><W53/><G129/><N who="1" m="49162" /><E63/><V88/><F135/><W109/><G109/><N who="2" m="42057" /><F61/><W122/><G122/><T33/><D33/><U124/><E124/><V1/><F55/><W77/><G53/><T71/><D127/><U75/><E75/><V102/><F102/><W42/><G86/><T112/><D112/><N who="2" m="43082" /><F23/><W3/><G45/><N who="0" m="25919" /><D37/><U72/><E72/><V68/><F27/><W110/><G110/><T82/><D82/><U47/><E104/><V39/><F39/><W56/><G56/><T74/><D74/><U70/><E70/><AGARI ba="0,0" hai="0,1,2,68,70,88,89,90" m="43082,42057" machi="70" ten="50,8000,1" yaku="28,2,14,1,11,1,54,1" doraHai="91" who="2" fromWho="1" sc="240,0,186,-80,324,80,250,0" /><INIT seed="2,0,0,5,4,42" ten="240,106,404,250" oya="2" hai0="44,72,102,65,111,57,49,114,9,47,88,51,20" hai1="53,15,2,98,1,48,123,128,73,112,25,50,95" hai2="133,34,106,121,60,127,39,52,38,122,58,54,26" hai3="35,0,70,130,4,120,94,84,30,56,31,68,32"/><V113/><F106/><W110/><G120/><T23/><D72/><U22/><E112/><V96/><F113/><W33/><G110/><T134/><D114/><U13/><E123/><V85/><F96/><W119/><G130/><T93/><D102/><U107/><E73/><V100/><F100/><W83/><G119/><T124/><D111/><U62/><E107/><V109/><F109/><W37/><G37/><T82/><D82/><U27/><E128/><V132/><F85/><W66/><G0/><T117/><D9/><U3/><E62/><V131/><F34/><W5/><G94/><T76/><D76/><U104/><E104/><V41/><F26/><W6/><G56/><T78/><D78/><U18/><E27/><V12/><F12/><W61/><G84/><N who="0" m="52359" /><D134/><U90/><REACH who="1" step="1"/><E48/><REACH who="1" ten="240,96,404,250" step="2"/><N who="0" m="18505" /><D124/><U40/><E40/><V19/><F131/><W108/><G108/><T116/><D116/><U10/><E10/><V69/><F41/><W67/><G83/><T64/><D117/><U43/><E43/><V92/><F122/><W45/><G61/><N who="0" m="37935" /><D65/><U101/><E101/><V21/><F121/><W126/><G126/><T7/><D7/><U89/><E89/><V105/><F127/><W86/><G35/><T63/><D63/><U29/><E29/><V115/><F60/><W79/><G79/><T75/><D75/><U103/><E103/><V55/><F115/><W80/><G31/><T129/><D129/><U81/><E81/><V28/><F28/><W87/><G30/><T71/><D71/><U14/><E14/><V99/><F69/><W118/><G118/><T17/><D20/><RYUUKYOKU ba="0,1" sc="240,15,96,15,404,-15,250,-15" hai0="17,23,44,47" hai1="1,2,3,13,15,18,22,25,50,53,90,95,98" /><INIT seed="3,1,1,5,4,83" ten="255,111,389,235" oya="3" hai0="87,57,112,63,24,79,129,70,27,111,116,66,118" hai1="54,91,18,132,38,62,31,127,86,59,0,13,53" hai2="77,81,95,4,78,94,71,23,120,80,134,29,65" hai3="50,36,67,64,3,51,12,130,19,85,25,113,34"/><W14/><G113/><T74/><D112/><U56/><E38/><V45/><F120/><W102/><G36/><T89/><D111/><U101/><E0/><V93/><F4/><W128/><G3/><T131/><D70/><U110/><E110/><V55/><F71/><W96/><G34/><T41/><D41/><U11/><E132/><V103/><F134/><W5/><G102/><T6/><D6/><U32/><E127/><V84/><F65/><W105/><G105/><T125/><D79/><U119/><E119/><N who="0" m="45609" /><D74/><U17/><E101/><V92/><F55/><W88/><G96/><T135/><D135/><U16/><E31/><V104/><F45/><W28/><G5/><T1/><D1/><U107/><E32/><V39/><F23/><W98/><G98/><T49/><D49/><N who="3" m="18441" /><G28/><T48/><D48/><N who="1" m="30759" /><E107/><V121/><F29/><W58/><G25/><T68/><D68/><U44/><E44/><V73/><F39/><W90/><G58/><T60/><D125/><U61/><E61/><V106/><F121/><W115/><G115/><T52/><D66/><N who="3" m="25129" /><G19/><T100/><D63/><U20/><E11/><V46/><F46/><W69/><G69/><T37/><D100/><U114/><E114/><V99/><AGARI ba="1,1" hai="73,77,78,80,81,84,92,93,94,95,99,103,104,106" machi="99" ten="30,16000,3" yaku="0,1,35,6,52,1" doraHai="83" who="2" fromWho="2" sc="255,-41,111,-41,389,173,235,-81" /><INIT seed="4,0,0,4,2,74" ten="214,70,562,154" oya="0" hai0="70,69,24,63,19,50,33,0,77,36,103,73,91" hai1="25,132,41,78,130,127,113,55,109,72,53,118,47" hai2="65,48,20,13,125,133,4,60,26,95,3,28,83" hai3="129,9,38,126,64,61,68,56,120,62,131,94,42"/><T124/><D36/><U2/><E118/><V59/><F125/><W52/><G9/><T12/><D0/><U135/><E109/><V105/><F105/><W54/><G94/><T87/><D103/><U10/><E25/><V1/><F1/><W40/><G120/><T23/><D124/><U46/><E127/><V22/><F133/><N who="1" m="51273" /><E130/><N who="3" m="49674" /><G126/><T101/><D101/><U49/><E113/><V114/><F114/><W97/><G97/><T84/><D73/><U57/><E57/><V58/><F95/><W66/><G40/><T119/><D119/><U102/><E102/><V115/><F3/><W112/><G112/><T76/><D50/><N who="1" m="28895" /><E41/><V88/><F115/><W75/><G75/><T128/><D128/><U37/><E37/><V134/><F134/><W35/><G35/><T6/><D63/><U45/><E45/><AGARI ba="0,0" hai="38,42,45,52,54,56,61,62,64,66,68" m="49674" machi="45" ten="30,7700,0" yaku="19,1,34,2,54,1" doraHai="74" who="3" fromWho="1" sc="214,0,70,-77,562,0,154,77" owari="214,-19.0,-7,-51.0,562,67.0,231,3.0" /></mjloggm>