<mjloggm ver="2.3"><GO type="41"/><UN n0="%EF%BC%88%E2%89%A7%E2%96%BD%E2%89%A6%EF%BC%89" n1="%6C%69%62%72%61%2D%32%35" n2="%52%57" n3="%6E%65%6F%61%6C%65%78" dan="15,13,13,13" rate="2056,1956,1901,1943" sx="M,M,M,M"/><TAIKYOKU oya="0"/><INIT seed="0,0,0,3,3,82" ten="250,250,250,250" oya="0" hai0="60,2,16,8,85,77,78,33,125,117,36,22,55" hai1="132,100,48,103,72,86,122,25,130,31,113,119,89" hai2="114,68,14,131,126,3,133,110,0,61,120,105,30" hai3="75,35,47,46,95,28,74,71,19,10,64,81,6"/><T41/><D117/><U107/><E119/><V9/><F30/><W91/><G71/><T111/><D125/><U106/><E31/><V59/><F14/><W67/><G19/><T87/><D33/><U53/><E122/><V112/><F59/><W56/><G35/><T45/><D111/><U57/><E130/><V42/><F61/><W73/><G28/><T109/><D109/><U40/><E40/><V121/><F42/><W12/><G81/><T104/><D104/><U17/><E72/><V29/><F9/><W102/><G102/><T129/><D129/><U32/><E32/><V50/><F29/><W66/><REACH who="3" step="1"/><G56/><REACH who="3" step="2"/><N who="0" m="34847" /><D8/><U39/><E107/><V124/><F121/><W27/><G27/><N who="0" m="14791" /><D2/><U58/><E106/><V80/><F3/><W18/><G18/><T84/><D36/><U1/><E39/><V92/><F126/><W96/><AGARI ba="0,1" hai="6,10,12,46,47,64,66,67,73,74,75,91,95,96" machi="96" ten="40,2700,0" yaku="1,1,0,1,53,0" doraHai="82" doraHaiUra="15" who="3" fromWho="3" sc="250,-13,250,-7,250,-7,240,37" /><INIT seed="1,0,0,1,2,5" ten="237,243,243,277" oya="1" hai0="89,122,117,91,104,77,68,10,46,19,110,29,121" hai1="48,45,26,131,4,113,128,72,134,23,57,74,22" hai2="40,15,125,60,109,59,108,103,102,82,61,17,105" hai3="11,116,27,7,58,55,115,30,38,24,21,126,100"/><U112/><E4/><V63/><F40/><W83/><G38/><T132/><D117/><U107/><E57/><V71/><F71/><W20/><G116/><T9/><D104/><U85/><E85/><V31/><F31/><W73/><G115/><N who="1" m="44106" /><E26/><V35/><F35/><W101/><G126/><T1/><D68/><U12/><E12/><V65/><F125/><W34/><G83/><T36/><D132/><U54/><E107/><V0/><F0/><W49/><G73/><N who="1" m="28266" /><E45/><V88/><F105/><W6/><G6/><T114/><D46/><U119/><E119/><V75/><F75/><W94/><G94/><T92/><D114/><U33/><E33/><V62/><F109/><W44/><G44/><T70/><D92/><U76/><E76/><V28/><F28/><W47/><G47/><T56/><D29/><U43/><E43/><V78/><F78/><W99/><G99/><T87/><D77/><U41/><E41/><V42/><F42/><W79/><G79/><T66/><D56/><U3/><E3/><V8/><F108/><W135/><G135/><T111/><D1/><U98/><E98/><V93/><F82/><W123/><G34/><T32/><D32/><U127/><E127/><V124/><F124/><W80/><G80/><T84/><D111/><U51/><E134/><V13/><F13/><N who="3" m="5375" /><G123/><T129/><D110/><U18/><E18/><AGARI ba="0,0" hai="18,20,21,24,27,30,49,55,58,100,101" m="5375" machi="18" ten="30,2000,0" yaku="8,1,52,1" doraHai="5" who="3" fromWho="1" sc="237,0,243,-20,243,0,277,20" /><INIT seed="2,0,0,1,3,61" ten="237,223,243,297" oya="2" hai0="38,86,105,106,120,48,117,17,131,1,34,16,135" hai1="14,11,71,88,94,37,73,63,18,50,98,56,64" hai2="108,122,9,27,103,115,91,128,133,43,36,47,58" hai3="24,23,99,39,132,22,92,53,76,114,45,29,54"/><V25/><F122/><W62/><G76/><T74/><RYUUKYOKU type="yao9" ba="0,0" sc="237,0,223,0,243,0,297,0" hai0="1,16,17,34,38,48,74,86,105,106,117,120,131,135" /><INIT seed="2,1,0,5,4,113" ten="237,223,243,297" oya="2" hai0="55,44,13,58,3,30,97,71,99,21,100,85,60" hai1="79,110,15,42,33,26,54,125,121,11,92,84,67" hai2="41,59,70,40,34,45,78,129,90,25,115,131,135" hai3="122,64,62,123,77,50,133,83,116,17,43,130,52"/><V120/><F115/><W16/><G130/><N who="2" m="49673" /><F120/><W128/><G128/><T107/><D3/><U68/><E110/><V22/><F70/><W69/><G133/><T112/><D112/><U63/><E121/><V66/><F34/><W27/><G43/><N who="2" m="16457" /><F135/><W134/><G134/><T24/><D71/><U106/><E125/><V4/><F78/><W1/><G1/><T8/><D85/><U37/><E37/><V56/><F45/><W19/><G27/><T5/><D44/><U12/><E42/><V7/><F90/><W53/><G116/><T75/><REACH who="0" step="1"/><D97/><REACH who="0" step="2"/><U132/><E84/><V73/><F73/><AGARI ba="1,1" hai="5,8,13,21,24,30,55,58,60,73,75,99,100,107" machi="73" ten="40,2600,0" yaku="1,1,2,1,53,0" doraHai="113" doraHaiUra="81" who="0" fromWho="2" sc="227,39,223,0,243,-29,297,0" /><INIT seed="3,0,0,3,3,7" ten="266,223,214,297" oya="3" hai0="72,61,14,39,90,117,33,126,17,129,125,116,8" hai1="15,127,57,37,86,1,81,84,50,19,43,26,85" hai2="95,32,80,74,92,58,113,87,67,21,111,11,59" hai3="102,38,104,27,52,98,41,56,47,124,120,63,112"/><W122/><G124/><N who="0" m="47723" /><D72/><U29/><E1/><V134/><F113/><W13/><G112/><T105/><D105/><U12/><E37/><V68/><F32/><W107/><G107/><T28/><D39/><U110/><E110/><V31/><F74/><W132/><G132/><T40/><D40/><U66/><E127/><V55/><F111/><W96/><G96/><T30/><D61/><U48/><E81/><V49/><F134/><W82/><G82/><T135/><D90/><U9/><E43/><V89/><F68/><W4/><REACH who="3" step="1"/><G27/><REACH who="3" step="2"/><N who="0" m="18591" /><D135/><U78/><E78/><V83/><F83/><W6/><G6/><T118/><D129/><U93/><E26/><V34/><F34/><W94/><G94/><T20/><D30/><U100/><E29/><V45/><F95/><W109/><G109/><T123/><D123/><U131/><E131/><V3/><F92/><W5/><G5/><T62/><D62/><N who="1" m="38223" /><E93/><V115/><F115/><W35/><G35/><T121/><D121/><U76/><E76/><V25/><F3/><W73/><G73/><T10/><AGARI ba="0,1" hai="8,10,14,17,20,116,117,118" m="18591,47723" machi="10" ten="40,8000,1" yaku="18,1,34,2,52,2" doraHai="7" who="0" fromWho="0" sc="266,90,223,-20,214,-20,287,-40" /><INIT seed="4,0,0,2,1,104" ten="356,203,194,247" oya="0" hai0="30,68,52,126,38,50,120,111,94,60,83,108,41" hai1="103,85,122,70,89,47,71,81,44,31,48,75,53" hai2="11,87,62,0,95,67,34,72,3,98,131,78,100" hai3="51,112,114,69,93,23,127,119,132,9,88,110,79"/><T116/><D120/><U49/><E122/><V26/><F131/><W54/><G119/><T91/><D116/><U77/><E103/><V86/><F0/><W105/><G110/><N who="0" m="42027" /><D126/><U16/><E31/><V8/><F3/><W61/><G127/><T113/><D113/><U117/><E117/><V37/><F37/><W42/><G105/><T134/><D134/><U17/><E71/><V102/><F102/><W74/><G132/><T97/><D30/><U20/><E70/><V65/><F65/><W5/><G42/><T45/><D83/><U57/><E57/><V121/><F121/><W27/><G69/><T130/><D130/><U128/><E128/><V76/><F76/><W90/><G61/><T36/><D68/><U1/><E1/><V66/><F66/><W107/><G107/><T80/><D80/><U63/><E63/><V125/><F125/><W99/><G90/><T59/><AGARI ba="0,0" hai="36,38,41,45,50,52,59,60,91,94,97" m="42027" machi="59" ten="30,3000,0" yaku="10,1,54,1" doraHai="104" who="0" fromWho="0" sc="356,30,203,-10,194,-10,247,-10" /><INIT seed="4,1,0,4,0,34" ten="386,193,184,237" oya="0" hai0="1,42,53,101,116,121,80,20,126,40,93,22,125" hai1="133,4,26,12,102,107,8,54,50,67,84,45,124" hai2="108,38,48,31,94,46,97,81,75,29,6,90,120" hai3="132,65,122,27,25,3,135,77,15,0,130,28,68"/><T30/><D121/><U18/><E107/><V113/><F108/><W111/><G77/><T49/><D116/><U118/><E118/><V95/><F120/><W131/><G65/><T23/><D30/><U24/><E102/><V134/><F113/><W123/><G68/><T72/><D72/><U5/><E124/><N who="0" m="47721" /><D80/><U35/><E133/><V69/><F134/><W51/><G51/><T110/><D110/><U73/><E73/><V87/><F69/><W79/><G79/><T59/><D1/><U86/><E67/><V63/><F38/><W78/><G78/><T60/><D60/><U56/><E56/><V103/><F75/><W17/><G111/><T64/><D64/><U106/><E106/><V39/><F39/><W55/><G55/><T58/><D58/><U61/><E61/><V96/><F63/><W119/><G119/><T89/><D101/><U16/><E18/><V70/><F6/><W66/><G66/><T43/><D40/><U105/><E105/><V7/><F7/><N who="1" m="2633" /><E35/><V109/><F109/><W62/><G62/><T88/><D89/><U100/><E100/><V74/><F74/><W104/><G104/><T99/><AGARI ba="1,0" hai="20,22,23,42,43,49,53,59,88,93,99" m="47721" machi="99" ten="30,3000,0" yaku="18,1,54,1" doraHai="34" who="0" fromWho="0" sc="386,33,193,-11,184,-11,237,-11" /><INIT seed="4,2,0,4,3,92" ten="419,182,173,226" oya="0" hai0="6,101,41,102,49,87,4,125,75,22,96,73,129" hai1="119,9,105,132,126,113,55,48,124,63,122,54,60" hai2="71,27,109,79,70,74,57,11,13,58,98,51,91" hai3="44,130,8,18,95,114,35,135,112,56,77,67,24"/><T0/><D129/><U72/><E105/><V29/><F109/><W26/><G130/><T117/><D117/><U94/><E72/><V76/><F74/><W28/><G135/><T59/><D125/><N who="1" m="48235" /><E119/><V69/><F71/><W38/><G77/><N who="2" m="29769" /><F70/><W82/><G82/><T99/><D0/><U121/><E9/><V93/><F69/><W66/><G95/><T39/><D39/><U36/><E94/><V16/><F51/><W5/><G38/><T45/><D75/><U62/><E36/><V15/><F15/><W111/><G111/><T20/><D87/><U120/><E48/><V37/><F37/><W68/><G68/><T31/><D73/><U23/><E23/><AGARI ba="2,0" hai="11,13,16,23,27,29,57,58,91,93,98" m="29769" machi="23" ten="30,3900,0" yaku="8,1,52,1,54,1" doraHai="92" who="2" fromWho="1" sc="419,0,182,-45,173,45,226,0" /><INIT seed="5,0,0,0,4,112" ten="419,137,218,226" oya="1" hai0="41,61,30,32,7,35,98,96,34,50,123,85,56" hai1="93,94,107,62,114,12,76,95,110,13,66,67,57" hai2="131,27,43,68,49,130,11,17,71,81,28,29,89" hai3="126,105,5,22,79,63,54,26,133,46,15,82,70"/><U20/><E114/><V69/><F43/><W118/><G105/><T127/><D7/><U9/><E107/><V25/><F49/><W135/><G126/><T64/><D127/><U120/><E120/><V55/><F55/><W3/><G3/><T33/><D123/><U129/><E129/><N who="2" m="49163" /><F11/><N who="3" m="4591" /><G70/><N who="2" m="17921" /><V18/><DORA hai="117" /><F89/><W124/><G124/><T73/><D50/><U60/><E110/><V59/><F59/><N who="3" m="35319" /><G46/><T91/><D41/><U119/><E76/><V58/><F58/><W97/><G97/><T104/><D98/><U86/><E86/><V99/><F99/><W36/><G36/><T23/><D96/><U108/><E108/><V4/><F4/><W40/><G40/><T16/><D56/><U90/><E90/><V88/><F88/><W42/><G42/><T38/><D91/><U74/><E74/><V116/><F81/><W100/><G100/><T132/><D73/><U19/><E119/><V39/><F39/><W134/><G118/><T72/><D38/><U102/><E102/><V77/><F77/><W2/><G2/><T6/><D104/><U128/><E128/><V10/><F10/><W31/><G82/><T121/><D121/><U48/><E48/><V75/><F75/><W24/><G24/><N who="2" m="9289" /><F116/><W8/><G8/><T45/><D72/><U47/><E47/><V122/><F122/><W52/><G52/><T92/><D45/><U1/><E1/><V109/><F109/><W14/><G79/><T125/><D125/><U111/><E111/><V83/><F83/><W80/><G80/><T44/><D44/><U113/><E57/><V103/><F103/><RYUUKYOKU ba="0,0" sc="419,-15,137,-15,218,15,226,15" hai2="17,18,28,29" hai3="14,22,26,31,133,134,135" /><INIT seed="6,1,0,1,1,97" ten="404,122,233,241" oya="2" hai0="5,135,4,108,102,30,127,20,87,16,49,67,55" hai1="18,134,115,61,25,90,91,52,10,100,28,34,56" hai2="77,99,6,37,69,129,62,29,74,82,73,50,85" hai3="118,110,66,119,59,93,12,47,116,122,114,42,21"/><V51/><F37/><W86/><G110/><T96/><D108/><U26/><E115/><V121/><F121/><W92/><G122/><T70/><D135/><U14/><E134/><V103/><F129/><W36/><G114/><T15/><D127/><U109/><E109/><V128/><F128/><W81/><G66/><T64/><D30/><U98/><REACH who="1" step="1"/><E25/><REACH who="1" step="2"/><V1/><F74/><W89/><G116/><T41/><D70/><U76/><E76/><V111/><F111/><W17/><G118/><T72/><D72/><U78/><E78/><V80/><F29/><W38/><G119/><T125/><D125/><U79/><E79/><V71/><F1/><W120/><G120/><T24/><D24/><U94/><AGARI ba="1,1" hai="10,14,18,26,28,34,52,56,61,90,91,94,98,100" machi="94" ten="20,8000,1" yaku="1,1,0,1,7,1,52,1,54,1,53,0" doraHai="97" doraHaiUra="106" who="1" fromWho="1" sc="404,-21,112,93,233,-41,241,-21" /><INIT seed="7,0,0,5,0,73" ten="383,205,192,220" oya="3" hai0="20,130,133,28,117,94,45,82,93,124,15,119,43" hai1="30,56,60,10,61,62,110,16,131,78,114,80,103" hai2="134,128,3,121,31,89,4,54,135,44,102,76,92" hai3="83,11,122,8,64,97,50,81,66,46,98,90,35"/><W12/><G122/><T47/><D124/><U19/><E110/><V75/><F121/><W69/><G35/><T39/><D133/><N who="2" m="50698" /><F102/><W79/><G69/><T26/><D130/><U125/><E131/><V52/><F128/><W107/><G107/><T13/><D82/><N who="3" m="31241" /><G79/><T85/><D45/><U113/><E125/><V116/><F116/><W115/><G115/><N who="1" m="44042" /><E103/><V9/><F31/><W53/><G90/><T38/><D26/><U37/><E37/><V58/><F44/><W109/><G109/><T36/><D20/><U1/><E1/><V132/><N who="2" m="50706" /><V55/><DORA hai="106" /><F75/><W72/><G72/><T70/><D94/><U129/><E30/><V71/><F71/><W95/><G95/><T96/><D70/><U33/><E33/><V2/><F2/><W127/><G127/><T5/><D85/><N who="1" m="48279" /><E129/><V6/><F6/><N who="3" m="3095" /><G11/><T41/><D5/><U67/><E10/><V87/><F58/><W7/><G7/><T108/><D108/><U22/><E19/><V59/><F59/><W51/><G51/><T17/><D38/><U18/><E18/><V68/><F68/><W48/><G48/><T105/><D105/><U88/><E88/><V99/><F87/><W77/><G77/><AGARI ba="0,0" hai="3,4,9,52,54,55,76,77,89,92,99" m="50706" machi="77" ten="50,8000,1" yaku="20,1,52,2,54,1" doraHai="73,106" who="2" fromWho="3" sc="383,0,205,0,192,80,220,-80" owari="383,48.0,205,-19.0,272,7.0,140,-36.0" /></mjloggm>