<mjloggm ver="2.3"><GO type="137"/><UN n0="%42%6C%6F%6E" n1="%EF%BC%88%E2%89%A7%E2%96%BD%E2%89%A6%EF%BC%89" n2="%E3%81%B2%E3%81%93%E3%81%86%E3%81%9B%E3%82%93" n3="%EF%BD%8D%EF%BD%8A%EF%BD%84%EF%BC%9F%EF%BD%97" dan="12,11,11,12" rate="1827,1915,1602,1626" sx="M,M,M,M"/><TAIKYOKU oya="0"/><INIT seed="0,0,0,4,4,106" ten="250,250,250,250" oya="0" hai0="70,92,55,26,18,77,66,75,4,20,40,58,100" hai1="10,64,24,29,117,21,97,69,131,105,94,86,95" hai2="116,30,38,15,129,112,36,83,99,22,62,76,123" hai3="126,0,59,80,114,12,134,65,61,68,11,41,81"/><T98/><D70/><U49/><E117/><V2/><F123/><W39/><G114/><T50/><D4/><U25/><E131/><V71/><F129/><W119/><G119/><T48/><D66/><U46/><E105/><V121/><F112/><W13/><G134/><T135/><D135/><U9/><E25/><V56/><F2/><W14/><G126/><T96/><D40/><U113/><E113/><V17/><F71/><W23/><G23/><T43/><D43/><U51/><E69/><V101/><F30/><W88/><G68/><T133/><D133/><U87/><E64/><V124/><F124/><W33/><G33/><T128/><D128/><U31/><E31/><V91/><F91/><W102/><G102/><T93/><D50/><N who="1" m="18955" /><E46/><V107/><F121/><W63/><G63/><T57/><D57/><U52/><E52/><V6/><F6/><W85/><G0/><T118/><D118/><U108/><E108/><V34/><F34/><W72/><G41/><T78/><D75/><U67/><E67/><V120/><F120/><W28/><G28/><T130/><REACH who="0" step="1"/><D130/><REACH who="0" step="2"/><U37/><E37/><V115/><F116/><W122/><G122/><T32/><D32/><U1/><E1/><V35/><F35/><W132/><G132/><T82/><D82/><U42/><E42/><V19/><F115/><W73/><G39/><T44/><D44/><U74/><E74/><V103/><F38/><W79/><G81/><T8/><D8/><U16/><E9/><V104/><F36/><W53/><G73/><T90/><AGARI ba="0,1" hai="18,20,26,48,55,58,77,78,90,92,93,96,98,100" machi="90" ten="20,7800,0" yaku="1,1,0,1,7,1,8,1,53,0" doraHai="106" doraHaiUra="7" who="0" fromWho="0" sc="240,88,250,-26,250,-26,250,-26" /><INIT seed="0,1,0,0,3,15" ten="328,224,224,224" oya="0" hai0="106,100,112,6,53,134,116,14,63,23,65,122,64" hai1="82,85,127,132,50,102,94,87,76,78,12,90,0" hai2="17,123,113,66,98,95,129,93,33,3,41,75,111" hai3="101,92,56,71,86,48,83,28,24,26,97,61,91"/><T69/><D122/><U103/><E0/><V30/><F75/><W22/><G71/><T68/><D116/><U67/><E132/><V135/><F123/><W32/><G48/><T2/><D112/><U124/><E67/><V44/><F113/><W11/><G11/><T37/><D134/><U89/><E12/><V131/><F3/><W62/><G56/><T21/><D2/><U117/><E50/><V4/><F111/><W104/><G104/><T99/><D37/><U46/><E46/><V79/><F4/><W8/><G8/><T55/><D21/><U77/><REACH who="1" step="1"/><E117/><REACH who="1" step="2"/><V42/><F135/><W128/><G128/><T74/><D65/><U25/><E25/><V110/><F66/><W105/><G105/><T43/><D43/><U57/><E57/><V58/><F58/><W9/><G9/><T84/><D69/><U35/><E35/><V108/><F33/><W80/><G32/><T72/><D68/><U107/><E107/><V20/><F131/><W45/><G45/><T115/><D64/><U114/><E114/><V5/><F44/><W126/><G26/><T52/><D115/><U120/><E120/><V39/><F129/><W34/><G34/><T59/><D14/><U18/><E18/><V133/><F17/><W125/><G83/><T16/><D6/><U73/><E73/><V54/><F5/><W81/><G81/><T119/><D119/><U60/><E60/><V27/><F133/><W130/><G130/><T36/><D74/><U49/><E49/><V38/><F27/><W96/><G62/><T70/><D72/><U40/><E40/><RYUUKYOKU ba="1,1" sc="328,-10,214,30,224,-10,224,-10" hai1="76,77,78,82,85,87,89,90,94,102,103,124,127" /><INIT seed="1,2,1,5,3,56" ten="318,244,214,214" oya="1" hai0="12,33,88,71,114,118,93,9,63,48,110,109,8" hai1="102,107,15,80,92,20,38,25,123,6,3,65,54" hai2="5,36,97,49,101,52,94,117,67,73,50,7,30" hai3="77,111,43,19,82,44,99,106,116,42,89,105,98"/><U119/><E123/><V72/><F117/><W45/><G111/><N who="0" m="42507" /><D118/><U104/><E38/><V53/><F36/><W125/><G116/><T62/><D114/><U91/><E119/><V70/><F30/><W66/><G66/><T61/><D71/><U34/><E3/><V60/><F73/><W115/><G115/><T128/><D128/><U46/><E34/><V2/><F2/><W83/><G89/><T86/><D33/><U16/><E65/><V124/><F124/><W74/><G74/><T131/><D131/><U76/><E102/><V75/><F72/><W18/><REACH who="3" step="1"/><G77/><REACH who="3" step="2"/><T41/><D41/><U4/><E107/><V24/><F75/><W28/><G28/><T85/><D85/><N who="1" m="48263" /><E104/><V26/><F5/><W96/><G96/><T22/><D48/><N who="1" m="28951" /><E25/><V35/><F7/><W126/><AGARI ba="2,2" hai="18,19,42,43,44,45,82,83,98,99,105,106,125,126" machi="126" ten="25,6400,0" yaku="1,1,0,1,22,2,53,0" doraHai="56" doraHaiUra="113" who="3" fromWho="3" sc="318,-18,244,-34,214,-18,204,90" /><INIT seed="2,0,0,2,4,110" ten="300,210,196,294" oya="2" hai0="127,74,49,66,7,6,26,86,58,109,103,78,132" hai1="90,124,31,128,135,18,36,76,62,121,95,23,9" hai2="79,118,17,4,24,72,41,104,39,30,60,65,47" hai3="19,130,29,34,119,16,77,105,102,21,44,57,133"/><V22/><F118/><W82/><G119/><T122/><D74/><U101/><E36/><V27/><F104/><W33/><G44/><T117/><D109/><U89/><E135/><V80/><F4/><W15/><G133/><T11/><D117/><U64/><E128/><V83/><F79/><W96/><G130/><T42/><D122/><U52/><E124/><V70/><REACH who="2" step="1"/><F72/><REACH who="2" step="2"/><W28/><G34/><AGARI ba="0,1" hai="17,22,24,27,30,34,39,41,47,60,65,70,80,83" machi="34" ten="30,5800,0" yaku="1,1,2,1,7,1,53,0" doraHai="110" doraHaiUra="111" who="2" fromWho="3" sc="300,0,210,0,186,68,294,-58" /><INIT seed="2,1,0,2,4,45" ten="300,210,254,236" oya="2" hai0="58,105,103,134,98,65,90,54,40,133,47,3,32" hai1="87,75,53,56,28,9,24,99,0,7,85,26,69" hai2="115,132,43,23,125,112,48,49,101,30,57,16,130" hai3="91,66,10,129,15,89,94,5,100,22,6,114,39"/><V50/><F125/><W59/><G114/><T78/><D3/><U52/><E75/><V38/><F57/><W67/><G39/><T135/><D32/><U110/><E110/><V128/><F132/><W111/><G111/><T123/><D123/><U117/><E117/><V107/><F30/><W102/><G129/><N who="2" m="49769" /><F101/><N who="3" m="39019" /><G22/><T25/><D78/><U19/><E69/><V21/><F21/><W11/><G10/><T61/><D25/><U79/><E79/><V74/><F74/><W35/><G35/><T1/><D1/><U41/><E41/><V46/><F107/><W122/><G122/><T12/><D12/><AGARI ba="1,0" hai="12,16,23,38,43,46,48,49,50,112,115" m="49769" machi="12" ten="30,12000,1" yaku="19,1,52,3,54,1" doraHai="45" who="2" fromWho="0" sc="300,-123,210,0,254,123,236,0" /><INIT seed="2,2,0,3,1,93" ten="177,210,377,236" oya="2" hai0="56,18,10,46,121,131,59,104,83,60,84,33,34" hai1="114,102,51,122,85,113,106,13,115,71,76,19,40" hai2="73,118,101,11,112,62,12,35,55,132,108,39,58" hai3="124,47,23,119,80,109,90,17,5,41,7,107,21"/><V32/><F118/><W82/><G119/><T25/><D121/><U15/><E122/><V70/><F39/><W53/><G107/><T49/><D131/><U50/><E71/><V75/><F112/><W72/><G72/><T130/><D130/><U61/><E61/><V65/><F75/><W43/><G124/><T28/><D104/><U88/><E76/><V99/><F73/><W1/><G1/><T38/><D38/><U69/><E69/><V81/><F81/><N who="3" m="31339" /><G109/><T78/><D34/><U0/><E0/><V64/><F64/><W87/><G47/><T57/><D10/><U36/><E36/><V22/><F22/><N who="3" m="8203" /><G17/><T20/><D60/><U54/><E40/><N who="3" m="15434" /><G53/><T27/><REACH who="0" step="1"/><D59/><REACH who="0" step="2"/><U105/><E105/><V68/><F68/><W86/><G90/><T79/><D79/><U14/><E19/><V91/><F62/><W111/><G111/><T96/><D96/><U9/><E9/><V2/><F99/><W77/><G77/><T42/><AGARI ba="2,1" hai="18,20,25,27,28,33,42,46,49,56,57,78,83,84" machi="42" ten="20,5200,0" yaku="1,1,0,1,7,1,53,1" doraHai="93" doraHaiUra="29" who="0" fromWho="0" sc="167,68,210,-15,377,-28,236,-15" /><INIT seed="3,0,0,2,0,58" ten="235,195,349,221" oya="3" hai0="99,33,83,96,37,56,114,19,126,53,132,44,122" hai1="5,71,42,9,133,46,36,51,26,0,98,74,87" hai2="109,4,78,7,107,70,62,61,105,110,103,90,104" hai3="25,115,129,100,89,23,120,86,64,135,15,59,17"/><W54/><G120/><T68/><D122/><U20/><E133/><V127/><F70/><W82/><G115/><T116/><D116/><U81/><E71/><V97/><F90/><W102/><G135/><T28/><D68/><U35/><E35/><V65/><F65/><W8/><G129/><T32/><D132/><U50/><E98/><V49/><F49/><W52/><G64/><T124/><D114/><U125/><E125/><N who="0" m="48233" /><D37/><U85/><E85/><V27/><F27/><W38/><G38/><T41/><D83/><U55/><E55/><V73/><F127/><W40/><G40/><T67/><D67/><U130/><E130/><V43/><F43/><W77/><G54/><T93/><D28/><U29/><REACH who="1" step="1"/><E87/><REACH who="1" step="2"/><V12/><F73/><W2/><G2/><T75/><D33/><U31/><E31/><V117/><F117/><W3/><G3/><T121/><D32/><U34/><E34/><V60/><F78/><AGARI ba="0,1" hai="0,5,9,20,26,29,36,42,46,50,51,74,78,81" machi="78" ten="40,8000,1" yaku="1,1,25,2,53,1" doraHai="58" doraHaiUra="39" who="1" fromWho="2" sc="235,0,185,90,349,-80,221,0" /><INIT seed="4,0,0,5,4,31" ten="235,275,269,221" oya="0" hai0="81,15,116,52,9,2,62,39,91,68,35,87,110" hai1="23,14,114,32,119,82,21,88,104,56,70,16,105" hai2="33,130,83,37,65,69,55,126,24,132,98,122,124" hai3="59,94,117,17,120,13,30,25,89,61,28,34,48"/><T118/><D2/><U47/><E119/><V8/><F122/><W128/><G117/><T7/><D35/><U134/><E114/><V77/><F37/><W86/><G120/><T112/><D112/><U95/><E134/><V46/><F132/><W58/><G30/><T12/><D39/><U19/><E70/><V36/><F130/><W101/><G101/><T74/><D110/><U1/><E1/><V123/><F123/><W6/><G128/><T125/><D125/><N who="2" m="48234" /><F98/><W102/><G102/><T133/><D133/><U5/><E5/><V66/><F69/><W51/><G6/><T93/><D118/><U72/><E32/><V78/><F8/><W71/><G71/><T29/><D29/><U84/><E47/><V108/><F108/><W10/><REACH who="3" step="1"/><G59/><REACH who="3" step="2"/><T18/><D116/><U22/><E56/><V0/><F46/><W57/><G57/><T97/><D68/><U109/><E109/><V85/><F36/><W50/><G50/><T63/><D74/><U90/><E72/><V127/><F127/><W92/><G92/><T103/><REACH who="0" step="1"/><D52/><AGARI ba="0,1" hai="10,13,17,25,28,34,48,51,52,58,61,86,89,94" machi="52" ten="30,7700,0" yaku="1,1,7,1,52,1,54,1,53,0" doraHai="31" doraHaiUra="115" who="3" fromWho="0" sc="235,-77,275,0,269,0,211,87" /><INIT seed="5,0,0,1,0,33" ten="158,275,269,298" oya="1" hai0="91,18,131,41,102,100,72,96,127,118,107,115,112" hai1="14,114,83,5,11,8,97,42,104,113,49,13,1" hai2="125,103,135,105,123,76,48,59,34,81,65,53,50" hai3="122,32,98,74,68,12,69,61,78,88,75,22,30"/><U129/><E129/><V95/><F34/><W0/><G122/><T26/><D118/><U80/><E104/><V117/><F123/><W38/><G38/><T70/><D70/><U101/><E101/><V64/><F105/><W89/><G69/><T10/><D131/><U47/><E97/><V82/><F125/><W116/><G116/><T46/><D127/><U66/><E66/><N who="2" m="25707" /><F48/><W121/><G61/><T77/><D102/><U128/><E128/><V63/><F117/><W55/><G68/><T9/><D72/><U60/><E60/><V133/><F76/><W56/><G121/><T6/><D77/><U21/><E21/><V57/><F95/><W3/><G75/><T134/><D134/><N who="2" m="51210" /><F103/><W130/><G130/><T51/><D91/><U20/><E20/><V108/><F108/><W39/><G39/><T19/><D26/><U44/><E44/><V73/><F73/><W2/><G32/><T84/><D84/><U52/><E42/><V25/><F25/><W27/><G98/><T110/><D110/><U71/><E71/><V99/><F99/><W94/><G94/><T40/><D40/><U120/><E120/><V124/><F124/><W35/><G78/><T90/><D90/><U24/><E24/><V16/><F16/><W31/><G31/><T132/><D9/><U106/><E106/><V79/><F79/><W4/><G74/><T23/><D132/><U45/><E45/><V29/><F29/><W36/><G36/><T67/><D67/><AGARI ba="0,0" hai="50,53,57,59,63,67,81,82" m="51210,25707" machi="67" ten="30,1000,0" yaku="20,1" doraHai="33" who="2" fromWho="0" sc="158,-10,275,0,269,10,298,0" /><INIT seed="6,0,0,3,4,81" ten="148,275,279,298" oya="2" hai0="51,87,82,26,130,4,59,102,33,70,111,6,3" hai1="96,71,32,17,50,14,131,45,104,46,99,133,122" hai2="132,35,64,86,67,100,116,2,106,79,74,75,37" hai3="20,49,113,85,48,15,22,109,115,128,61,124,1"/><V56/><F116/><W19/><G109/><T120/><D111/><U9/><E32/><V16/><F2/><W5/><G124/><T29/><D120/><U129/><E122/><V94/><F37/><W134/><G134/><T39/><D70/><U84/><E133/><V135/><F35/><W27/><G61/><T114/><D39/><U68/><E104/><V7/><F7/><W63/><G63/><T12/><D130/><N who="1" m="49675" /><E46/><V73/><F132/><W10/><G128/><T103/><D114/><N who="3" m="43529" /><G85/><T53/><D3/><U21/><E9/><V30/><F30/><AGARI ba="0,0" hai="1,5,10,15,19,20,22,27,30,48,49" m="43529" machi="30" ten="30,2000,0" yaku="15,1,11,1" doraHai="81" who="3" fromWho="2" sc="148,0,275,0,279,-20,298,20" /><INIT seed="7,0,0,3,3,110" ten="148,275,259,318" oya="3" hai0="121,105,58,41,90,75,133,60,114,111,48,83,106" hai1="11,39,59,91,64,25,125,17,12,52,18,70,87" hai2="26,5,47,30,35,62,57,63,97,21,104,7,67" hai3="36,31,129,55,128,0,92,65,71,86,95,42,40"/><W2/><G31/><T20/><D111/><U22/><E125/><V61/><F47/><W123/><G123/><T113/><D121/><U84/><E39/><V81/><F35/><W98/><G86/><N who="0" m="50527" /><D75/><U102/><E102/><V107/><F107/><W78/><G78/><T50/><D133/><U115/><E115/><N who="0" m="44041" /><D41/><N who="3" m="15977" /><G36/><T88/><D20/><U120/><E120/><V4/><REACH who="2" step="1"/><F81/><REACH who="2" step="2"/><W1/><G95/><T24/><D24/><U73/><E73/><V14/><F14/><W80/><G80/><T122/><D122/><U99/><E70/><V56/><F56/><W8/><G71/><T89/><D106/><U6/><E64/><V135/><F135/><W23/><G92/><T37/><D105/><U54/><E6/><V119/><F119/><W109/><G109/><T49/><D37/><U72/><E72/><V76/><F76/><W27/><G65/><AGARI ba="0,1" hai="48,49,50,58,60,65,88,89" m="44041,50527" machi="65" ten="30,12000,2" yaku="15,1,11,1,52,3,54,1" doraHai="110" who="0" fromWho="3" sc="148,130,275,0,249,0,318,-120" /><INIT seed="8,0,0,2,5,80" ten="278,275,249,198" oya="0" hai0="36,51,25,108,29,44,98,11,118,131,113,70,45" hai1="96,124,119,106,14,19,93,133,35,24,61,32,121" hai2="26,90,85,53,20,103,62,15,88,23,77,27,59" hai3="99,63,66,114,42,64,135,79,58,120,105,75,39"/><T125/><D70/><U112/><E121/><V31/><F77/><W128/><G120/><T40/><D113/><U104/><E112/><V10/><F103/><W82/><G114/><T2/><D131/><U60/><E119/><V46/><F46/><W95/><G128/><T12/><D2/><U83/><E133/><V73/><F73/><W97/><G135/><T65/><D118/><U49/><E124/><V101/><F101/><W81/><G81/><T7/><D125/><U41/><E106/><V22/><F90/><W87/><G75/><T69/><D108/><U21/><E104/><V5/><REACH who="2" step="1"/><F27/><REACH who="2" step="2"/><W123/><G123/><T122/><D122/><U110/><E110/><V28/><F28/><W107/><G107/><T3/><D98/><U89/><E83/><AGARI ba="0,1" hai="5,10,15,20,22,23,26,31,53,59,62,83,85,88" machi="83" ten="30,8000,1" yaku="1,1,7,1,8,1,52,1,54,1,53,0" doraHai="80" doraHaiUra="37" who="2" fromWho="1" sc="278,0,275,-80,239,90,198,0" owari="278,8,195,-30,329,42,198,-20" /></mjloggm>