<mjloggm ver="2.3"><GO type="169" lobby="0"/><UN n0="%E3%82%B3%E3%83%8F%E3%83%AB%E3%82%B9%E3%82%BF%E3%83%BC" n1="%E9%81%8A%E8%B5%B0" n2="%EF%BC%88%E2%89%A7%E2%96%BD%E2%89%A6%EF%BC%89" n3="%E2%84%83%2D%75%74%65" dan="16,17,17,16" rate="2063.26,2121.53,2197.60,2082.44" sx="F,F,M,M"/><TAIKYOKU oya="0"/><INIT seed="0,0,0,2,4,73" ten="250,250,250,250" oya="0" hai0="76,44,21,93,132,133,94,28,45,118,57,124,131" hai1="17,88,25,122,22,128,102,5,32,30,65,97,13" hai2="1,87,37,19,123,4,126,7,41,89,117,109,79" hai3="129,36,69,11,86,83,27,12,115,68,101,119,134"/><T24/><D118/><U110/><E122/><V77/><F123/><W39/><G119/><T38/><D38/><U16/><E128/><V18/><F117/><W10/><G115/><T106/><D106/><U50/><E110/><V71/><F71/><W112/><G112/><T78/><D131/><U49/><E65/><V64/><F109/><W46/><G129/><T14/><D124/><U33/><E33/><V34/><F34/><W120/><G120/><T6/><D57/><U104/><E5/><N who="2" m="2123" /><F1/><W3/><G3/><T63/><D63/><U67/><E67/><V103/><F37/><W43/><G36/><T80/><D80/><U55/><E55/><V58/><F103/><W96/><G27/><T54/><D54/><U74/><E74/><V82/><F41/><W90/><G134/><N who="0" m="51819" /><D45/><U92/><REACH who="1" step="1"/><E17/><REACH who="1" ten="250,240,250,250" step="2"/><N who="2" m="6155" /><F126/><W84/><G69/><T111/><D111/><U116/><E116/><V108/><F108/><W8/><G68/><T29/><D29/><U99/><AGARI ba="0,1" hai="13,16,22,25,30,32,49,50,88,92,97,99,102,104" machi="99" ten="20,12000,2" yaku="1,1,0,1,7,1,54,2,53,1" doraHai="73" doraHaiUra="20" who="1" fromWho="1" sc="250,-60,240,130,250,-30,250,-30" /><INIT seed="1,0,0,0,2,32" ten="190,370,220,220" oya="1" hai0="115,56,121,2,129,59,36,9,37,87,13,114,128" hai1="3,50,33,20,18,12,4,51,24,92,26,99,35" hai2="63,100,43,60,15,40,0,25,101,132,96,52,42" hai3="31,113,48,86,122,73,22,6,117,130,41,105,112"/><U79/><E79/><V89/><F132/><W72/><G122/><T69/><D69/><U133/><E133/><V1/><F25/><W67/><G105/><T11/><D13/><U83/><E83/><V77/><F77/><W97/><G67/><T94/><D94/><U70/><E70/><V68/><F68/><W53/><G41/><T102/><D87/><U16/><E33/><V47/><F89/><W91/><G97/><T103/><D121/><U80/><E80/><V95/><F101/><W39/><G39/><T135/><D135/><U57/><E26/><V5/><F15/><W8/><G130/><T106/><D106/><U107/><E107/><V98/><F98/><W49/><G73/><T116/><D116/><U75/><E75/><V131/><F131/><W81/><G72/><T58/><D59/><U76/><E76/><V44/><F5/><W74/><G74/><T64/><D64/><U10/><E57/><V54/><F63/><W78/><G78/><T46/><D46/><U109/><E109/><V61/><F60/><W23/><G49/><T108/><D108/><U71/><E71/><V84/><F61/><W118/><G112/><T65/><D65/><U124/><E124/><V126/><F126/><W66/><G66/><T19/><D19/><U45/><E45/><N who="2" m="17483" /><F84/><W17/><G113/><T111/><D111/><U90/><E35/><V38/><F38/><W34/><G34/><T93/><D93/><U104/><E104/><V55/><F42/><W134/><G134/><T127/><D127/><U62/><E62/><V82/><F82/><W30/><G81/><RYUUKYOKU ba="0,0" sc="190,10,370,10,220,10,220,-30" hai0="2,9,11,36,37,56,58,102,103,114,115,128,129" hai1="3,4,10,12,16,18,20,24,50,51,90,92,99" hai2="0,1,40,43,52,54,55,95,96,100" /><INIT seed="1,1,0,5,3,28" ten="200,380,230,190" oya="1" hai0="52,15,78,69,62,76,30,53,55,118,105,68,114" hai1="50,31,124,130,1,95,38,34,131,45,97,133,108" hai2="70,57,132,46,43,33,63,48,86,4,39,75,21" hai3="128,134,35,40,26,24,61,32,122,91,116,88,90"/><U71/><E38/><V109/><F75/><W65/><G122/><T18/><D118/><U59/><E71/><V13/><F109/><W89/><G40/><T0/><D0/><U126/><E1/><V11/><F132/><W127/><G134/><T47/><D114/><U12/><E133/><V96/><F33/><W110/><G110/><T22/><D105/><U23/><E59/><V101/><F70/><W102/><G102/><T64/><D69/><U120/><E120/><V74/><F74/><W16/><G116/><T135/><D135/><U79/><E79/><V25/><F86/><W20/><G128/><N who="1" m="49194" /><E108/><V54/><F39/><W111/><G111/><T104/><D104/><U94/><E23/><V8/><F8/><W7/><G7/><T9/><REACH who="0" step="1"/><D47/><REACH who="0" ten="190,380,230,190" step="2"/><U92/><E45/><V81/><F81/><W107/><G107/><T123/><D123/><U121/><E121/><V85/><F46/><W80/><G127/><T37/><D37/><U49/><E126/><V44/><F44/><W119/><G119/><T66/><D66/><U10/><E124/><V6/><F43/><W60/><G80/><T103/><D103/><U67/><E67/><V77/><F101/><W98/><G65/><T29/><D29/><U125/><E125/><V14/><F57/><W5/><G98/><T58/><D58/><U2/><E2/><V19/><F96/><W117/><G117/><T27/><AGARI ba="1,1" hai="9,15,18,22,27,30,52,53,55,62,64,68,76,78" machi="27" ten="30,8000,1" yaku="1,1,0,1,54,1,53,2" doraHai="28" doraHaiUra="73" who="0" fromWho="0" sc="190,93,380,-41,230,-21,190,-21" /><INIT seed="2,0,0,4,1,108" ten="283,339,209,169" oya="2" hai0="19,55,66,119,90,17,3,115,42,51,89,92,114" hai1="49,0,57,72,85,121,12,94,98,24,61,53,40" hai2="2,109,1,95,65,69,91,83,128,68,18,132,38" hai3="48,46,97,15,20,107,130,84,70,60,4,43,73"/><V124/><F38/><W50/><G73/><T21/><D119/><U133/><E0/><V74/><F124/><W39/><G130/><T125/><D3/><U105/><E72/><V5/><F128/><W116/><G116/><T80/><D125/><U47/><E105/><V41/><F41/><W6/><G6/><T106/><D106/><U118/><E118/><V37/><F37/><W71/><G84/><T14/><D42/><U33/><E121/><V16/><F132/><W75/><G75/><T117/><D117/><U32/><E133/><V93/><F109/><W123/><G123/><T9/><D66/><U112/><E112/><V36/><F36/><W54/><G60/><T78/><D78/><U82/><E24/><V100/><F74/><W23/><G39/><T13/><D90/><U76/><REACH who="1" step="1"/><E12/><REACH who="1" ten="283,329,209,169" step="2"/><V102/><F1/><W99/><G107/><T29/><D115/><U103/><AGARI ba="0,1" hai="32,33,40,47,49,53,57,61,76,82,85,94,98,103" machi="103" ten="20,8000,1" yaku="1,1,2,1,0,1,7,1,53,1" doraHai="108" doraHaiUra="77" who="1" fromWho="1" sc="283,-20,329,90,209,-40,169,-20" /><INIT seed="3,0,0,0,2,74" ten="263,419,169,149" oya="3" hai0="61,55,1,94,108,31,10,97,101,9,42,90,84" hai1="11,41,37,19,128,52,59,53,129,103,22,64,99" hai2="6,125,86,25,72,4,5,78,85,115,26,7,43" hai3="57,126,98,132,83,122,111,104,113,117,92,68,105"/><W89/><G68/><T32/><D108/><U2/><E37/><V70/><F115/><W81/><G113/><T46/><D1/><U121/><E41/><V40/><F70/><W39/><G39/><T96/><D96/><U112/><E121/><V58/><F125/><W110/><G122/><T77/><D55/><U65/><E112/><V67/><F72/><W100/><G57/><T102/><D102/><U29/><E29/><V33/><F4/><W66/><G66/><N who="1" m="25706" /><E11/><V88/><F33/><W8/><G8/><T30/><D61/><U54/><E2/><V14/><F14/><W62/><G62/><T80/><D31/><U119/><E119/><V34/><F34/><W60/><G60/><T130/><D101/><U15/><E99/><V56/><F67/><W82/><G117/><T45/><D30/><U76/><E103/><V120/><F120/><W0/><G0/><T87/><D97/><U131/><E76/><V38/><F38/><W114/><G114/><T50/><D32/><U28/><E28/><V13/><F43/><W133/><G126/><T47/><D130/><U48/><AGARI ba="0,0" hai="15,19,22,48,52,53,54,59,128,129,131" m="25706" machi="48" ten="40,2700,0" yaku="19,1,54,1" doraHai="74" who="1" fromWho="1" sc="263,-7,419,27,169,-7,149,-13" /><INIT seed="4,0,0,0,0,95" ten="256,446,162,136" oya="0" hai0="113,26,2,119,104,128,9,84,1,55,0,87,103" hai1="96,85,75,101,67,25,135,79,76,78,59,19,50" hai2="18,133,89,61,69,52,110,134,127,83,65,4,130" hai3="126,28,36,111,125,38,132,71,107,115,120,3,97"/><T63/><D119/><U70/><E75/><V105/><F110/><W90/><G111/><T43/><D43/><U46/><E70/><V92/><F127/><N who="3" m="48651" /><G115/><T16/><D113/><U74/><E74/><V72/><F105/><W44/><G71/><T24/><D128/><U14/><E135/><N who="2" m="51723" /><F130/><W49/><G132/><T10/><D63/><U20/><E85/><N who="2" m="52271" /><F4/><W99/><G120/><T80/><D55/><U7/><E7/><V58/><F18/><W66/><G3/><T73/><D73/><U116/><E116/><V8/><F8/><W60/><G28/><T12/><D10/><U131/><E131/><V98/><F72/><W15/><G15/><T6/><D87/><U88/><E67/><V123/><F123/><W86/><G60/><T68/><D68/><U39/><E39/><N who="3" m="14890" /><G66/><T64/><D64/><U54/><E14/><V32/><F32/><W91/><G107/><T21/><D6/><U124/><E124/><V82/><F98/><N who="3" m="37387" /><G86/><T23/><D2/><U53/><E96/><V42/><F42/><AGARI ba="0,0" hai="42,44,49,90,91" m="37387,14890,48651" machi="42" ten="30,7700,0" yaku="18,1,52,3" doraHai="95" who="3" fromWho="2" sc="256,0,446,0,162,-77,136,77" /><INIT seed="5,0,0,5,0,33" ten="256,446,85,213" oya="1" hai0="79,6,129,52,82,117,11,87,91,37,128,94,59" hai1="105,102,96,132,133,86,62,12,28,47,29,68,131" hai2="24,20,61,64,98,63,66,36,100,135,80,125,25" hai3="3,17,99,60,58,51,119,123,130,21,46,70,81"/><U118/><E118/><V97/><F36/><W34/><G34/><T126/><D117/><U78/><E131/><V95/><F135/><N who="1" m="51785" /><E47/><V30/><F125/><W107/><G119/><T49/><D37/><U134/><E134/><V0/><F0/><W115/><G70/><T113/><D113/><U1/><E1/><V111/><F111/><W50/><G123/><T71/><D71/><U121/><E121/><V42/><F42/><W73/><G3/><T40/><D40/><U26/><E12/><V93/><F80/><W124/><G115/><T54/><D126/><U35/><E29/><V45/><F45/><W5/><G5/><T89/><D89/><U72/><E86/><V76/><F76/><W74/><G81/><T22/><D22/><U10/><E10/><V83/><F83/><W31/><G31/><T8/><D6/><U39/><E39/><V55/><F25/><W116/><G116/><T32/><D32/><U92/><E92/><V27/><F27/><W127/><G130/><N who="0" m="50283" /><D54/><U13/><E13/><V23/><F23/><W75/><G124/><T104/><D104/><U19/><E19/><V90/><REACH who="2" step="1"/><F55/><REACH who="2" ten="256,446,75,213" step="2"/><N who="3" m="33887" /><G127/><T4/><D4/><U57/><E78/><V65/><AGARI ba="0,1" hai="20,24,30,61,63,64,65,66,90,93,95,97,98,100" machi="65" ten="30,4000,0" yaku="1,1,0,1,8,1,53,0" doraHai="33" doraHaiUra="77" who="2" fromWho="2" sc="256,-10,446,-20,75,50,213,-10" /><INIT seed="6,0,0,4,3,39" ten="246,426,125,203" oya="2" hai0="73,7,98,5,14,67,95,120,75,27,51,88,134" hai1="109,103,37,112,24,99,21,101,131,69,8,20,34" hai2="44,92,135,76,122,55,116,45,129,48,128,85,125" hai3="60,71,90,87,58,49,83,28,96,47,65,70,81"/><V84/><F122/><W68/><G28/><T1/><D120/><U50/><E112/><V115/><F116/><W59/><G59/><T121/><D121/><U82/><E37/><V94/><F115/><W31/><G31/><T118/><D118/><U40/><E69/><V15/><F125/><W111/><G96/><T35/><D1/><U33/><E109/><V80/><F135/><W78/><G111/><T41/><D134/><U9/><E131/><N who="2" m="50251" /><F15/><W32/><G32/><T123/><D123/><U117/><E117/><V22/><F22/><W53/><REACH who="3" step="1"/><G70/><REACH who="3" ten="246,426,125,193" step="2"/><T38/><D35/><U74/><E99/><V72/><F45/><W105/><G105/><T107/><D107/><U13/><E34/><V113/><F113/><W66/><G66/><T104/><D67/><U86/><E33/><V110/><F110/><W124/><G124/><T63/><D104/><U16/><E101/><V19/><F19/><W57/><G57/><T89/><D98/><U29/><E103/><V132/><F132/><W6/><G6/><T3/><D7/><U97/><E16/><V4/><F4/><W52/><G52/><T2/><D5/><U36/><E97/><V62/><F62/><W108/><G108/><T114/><D114/><U106/><E29/><V10/><F10/><W46/><G46/><T54/><D63/><U43/><E8/><V26/><F26/><W30/><G30/><T61/><D27/><U18/><E9/><V100/><F100/><W91/><G91/><T25/><D25/><U133/><E24/><V119/><F119/><W130/><G130/><T64/><D89/><RYUUKYOKU ba="0,1" sc="246,-15,426,-15,125,15,193,15" hai2="44,48,55,72,76,80,84,85,92,94" hai3="47,49,53,58,60,65,68,71,78,81,83,87,90" /><INIT seed="6,1,1,5,1,73" ten="231,411,140,208" oya="2" hai0="116,75,2,72,61,55,124,62,50,32,131,106,114" hai1="68,20,103,8,83,25,19,81,21,89,51,9,104" hai2="35,12,92,37,57,123,23,88,66,134,109,74,31" hai3="117,76,28,6,87,47,48,60,44,78,97,38,63"/><V53/><F123/><W125/><G117/><T29/><D2/><U34/><E34/><V52/><F37/><W82/><G125/><T71/><D106/><U100/><E68/><V113/><F74/><W16/><G28/><T105/><D105/><U59/><E104/><V27/><F113/><W90/><G6/><T111/><D114/><U18/><E59/><V91/><F109/><W93/><G38/><T110/><D29/><U95/><E51/><V58/><F134/><W22/><G76/><T70/><D32/><U115/><E115/><V65/><F35/><W56/><G56/><N who="2" m="21609" /><F12/><N who="3" m="9479" /><G44/><T129/><D50/><U26/><E95/><V33/><F33/><W126/><G126/><T85/><D85/><U86/><E83/><V101/><F101/><AGARI ba="1,1" hai="8,9,18,19,20,21,25,26,81,86,89,100,101,103" machi="101" ten="40,2600,0" yaku="9,1,8,1" doraHai="73" who="1" fromWho="2" sc="231,0,411,39,140,-29,208,0" /><INIT seed="7,0,0,1,1,43" ten="231,450,111,208" oya="3" hai0="20,115,15,71,51,27,106,103,33,26,9,16,37" hai1="125,121,54,10,124,111,110,135,133,39,85,7,31" hai2="80,83,36,66,23,94,6,60,112,4,92,67,119" hai3="68,73,104,90,30,58,132,41,42,22,2,52,44"/><W129/><G68/><T97/><D37/><U82/><E39/><V93/><F119/><W38/><G2/><T74/><D74/><U101/><E31/><V127/><F127/><N who="1" m="48713" /><E54/><V13/><F112/><W17/><G30/><T86/><D71/><U50/><E50/><V56/><F36/><W29/><G29/><T46/><D33/><U62/><E62/><V107/><F107/><W126/><G126/><T3/><D115/><U105/><E121/><V12/><F23/><W61/><G73/><T65/><D86/><U114/><E114/><V63/><F92/><W0/><G0/><T40/><D65/><U130/><E130/><V116/><REACH who="2" step="1"/><F116/><REACH who="2" ten="231,450,101,208" step="2"/><W47/><G104/><T75/><D20/><U120/><E120/><V8/><F8/><W59/><G38/><T34/><D34/><U113/><E113/><V88/><F88/><W91/><G91/><T45/><D9/><U109/><E101/><V98/><F98/><W95/><G95/><T89/><D97/><U87/><E105/><V1/><F1/><W118/><G90/><T123/><D123/><U102/><E102/><V117/><F117/><W11/><G11/><T69/><D103/><U96/><E96/><V32/><F32/><W131/><G118/><T79/><D106/><U21/><E21/><V64/><F64/><W78/><G22/><T25/><D89/><N who="1" m="51383" /><E87/><V19/><F19/><W53/><G17/><T57/><D75/><U122/><E122/><V70/><F70/><W55/><G131/><T35/><D69/><U24/><E24/><V72/><F72/><W134/><G129/><T76/><D35/><RYUUKYOKU ba="0,1" sc="231,-15,450,15,101,15,208,-15" hai1="7,10,109,110,111,133,135" hai2="4,6,12,13,56,60,63,66,67,80,83,93,94" owari="216,2.0,475,57.0,116,-38.0,193,-21.0" /></mjloggm>