<mjloggm ver="2.3"><GO type="41"/><UN n0="%E3%83%A1%E3%82%B1%E3%83%A1%E3%82%B1%4D%6B%2D%E2%85%A1" n1="%E3%82%A6%E3%83%AB%E3%83%88%E3%83%A9%E7%AB%8B%E7%9B%B4" n2="%4D%6F%6A%61%6F" n3="%E7%87%83%E3%81%88%E3%83%89%E3%83%A9" dan="15,15,13,13" rate="2026,2009,1842,1999" sx="M,M,M,F"/><TAIKYOKU oya="0"/><INIT seed="0,0,0,5,5,14" ten="250,250,250,250" oya="0" hai0="54,93,107,60,68,127,36,30,5,37,70,26,9" hai1="117,81,80,125,82,100,126,110,133,135,134,69,105" hai2="34,128,41,116,12,21,91,89,99,121,31,71,2" hai3="63,40,124,18,61,120,51,0,46,16,59,23,28"/><T47/><D107/><U32/><E32/><V44/><F121/><W95/><G0/><T123/><D123/><U39/><E39/><V45/><F116/><W67/><G120/><T3/><D127/><N who="1" m="48651" /><E69/><V24/><F71/><W8/><G124/><T103/><D68/><U73/><E117/><V33/><F128/><W122/><G122/><T56/><D70/><U10/><E10/><V74/><F74/><W104/><G104/><T22/><D103/><U75/><E110/><V83/><F91/><W106/><G106/><T17/><D47/><U115/><E115/><V72/><F72/><N who="1" m="27721" /><E105/><V48/><F45/><W97/><G63/><T96/><D96/><U35/><E35/><V76/><F99/><W19/><G8/><T66/><D93/><U119/><E119/><V4/><F76/><W43/><G40/><T20/><REACH who="0" step="1"/><D66/><REACH who="0" ten="240,250,250,250" step="2"/><U42/><E42/><V85/><F2/><W111/><G111/><T78/><D78/><U55/><E55/><V79/><F89/><N who="3" m="55535" /><G28/><T92/><D92/><U50/><E50/><V118/><F118/><W7/><G7/><T57/><D57/><U1/><E1/><V87/><F87/><W94/><G94/><T25/><AGARI ba="0,1" hai="3,5,9,17,20,22,25,26,30,36,37,54,56,60" machi="25" ten="20,7800,0" yaku="1,1,0,1,7,1,52,1,53,0" doraHai="14" doraHaiUra="108" who="0" fromWho="0" sc="240,88,250,-26,250,-26,250,-26" /><INIT seed="0,1,0,0,3,100" ten="328,224,224,224" oya="0" hai0="22,101,0,19,116,63,39,75,24,133,111,2,121" hai1="1,42,83,5,48,115,11,10,25,34,90,38,21" hai2="76,88,89,117,6,4,51,27,81,85,104,61,126" hai3="107,84,69,59,112,23,67,94,120,40,79,9,87"/><T134/><D39/><U60/><E38/><V96/><F117/><W7/><G112/><T43/><D116/><U44/><E34/><V99/><F126/><W26/><G69/><T113/><D43/><U77/><E115/><V65/><F27/><W110/><G110/><T129/><D75/><U122/><E122/><V82/><F51/><W58/><G120/><T66/><D113/><U41/><E90/><V53/><F53/><W135/><G135/><N who="0" m="51723" /><D121/><U8/><E60/><V12/><F4/><W14/><G40/><T36/><D36/><U128/><E42/><V118/><F118/><W95/><G107/><T31/><D129/><U20/><E128/><V35/><F35/><W33/><G33/><T78/><D78/><U114/><E114/><V119/><F119/><W97/><G67/><T18/><D101/><U70/><E70/><V72/><F12/><W47/><G47/><T13/><D111/><U91/><E91/><V56/><F6/><W37/><G37/><T123/><D123/><U102/><E102/><V30/><F30/><W64/><G64/><T71/><D19/><U68/><E68/><V131/><F131/><W45/><G45/><T132/><D132/><U3/><E5/><V127/><F127/><W28/><G79/><T80/><D80/><U106/><E83/><V103/><F96/><W49/><G97/><T108/><D108/><U15/><E77/><AGARI ba="1,0" hai="56,61,65,72,76,77,81,82,85,88,89,99,103,104" machi="77" ten="30,3900,0" yaku="7,1,52,1,54,1" doraHai="100" who="2" fromWho="1" sc="328,0,224,-42,224,42,224,0" /><INIT seed="1,0,0,3,2,132" ten="328,182,266,224" oya="1" hai0="27,17,55,56,48,134,109,90,12,133,1,123,5" hai1="7,58,4,6,120,15,44,76,70,43,96,30,117" hai2="81,20,38,32,94,63,124,71,129,10,0,125,68" hai3="74,54,52,53,16,49,97,118,41,128,61,95,86"/><U14/><E70/><N who="2" m="26667" /><F63/><W106/><G74/><T21/><D123/><U26/><E120/><V50/><F94/><W104/><G118/><T24/><D109/><U3/><E3/><V130/><F50/><W89/><G128/><N who="2" m="49257" /><F20/><W8/><G61/><T126/><D1/><U77/><E117/><V75/><F38/><W60/><G60/><T116/><D5/><U37/><E58/><V66/><F66/><W107/><G97/><T51/><D90/><U9/><E96/><V25/><F10/><W73/><G73/><T98/><D98/><U42/><E9/><V101/><F101/><W105/><G105/><T92/><D92/><U83/><E43/><V103/><F103/><W19/><REACH who="3" step="1"/><G8/><REACH who="3" ten="328,182,266,214" step="2"/><T64/><D116/><U88/><E14/><V122/><F122/><W91/><G91/><T127/><D64/><U23/><REACH who="1" step="1"/><E15/><REACH who="1" ten="328,172,266,214" step="2"/><V35/><F0/><W115/><G115/><T82/><D134/><U59/><E59/><V113/><F113/><W28/><G28/><T46/><D133/><U80/><E80/><V36/><F36/><W87/><G87/><AGARI ba="0,2" hai="4,6,7,23,26,30,37,42,44,76,77,83,87,88" machi="87" ten="40,7700,0" yaku="1,1,54,1,53,1" doraHai="132" doraHaiUra="85" who="1" fromWho="3" sc="328,0,172,97,266,0,214,-77" /><INIT seed="1,1,0,5,5,48" ten="328,269,266,137" oya="1" hai0="108,55,75,84,135,94,76,109,9,132,30,64,110" hai1="29,35,68,131,18,98,67,1,101,28,120,51,44" hai2="20,15,88,133,119,0,134,26,24,129,14,10,125" hai3="59,38,34,19,60,37,116,96,124,69,100,11,53"/><U42/><E1/><V99/><F119/><W63/><G34/><T65/><D75/><U47/><E120/><V8/><F88/><W111/><G116/><T62/><D30/><U128/><E67/><N who="0" m="25673" /><D9/><U31/><E68/><V61/><F61/><W49/><G124/><T2/><D2/><U56/><E35/><V90/><F90/><W81/><G111/><T118/><D118/><U17/><E56/><V104/><F99/><W130/><G130/><N who="1" m="49706" /><E47/><V23/><F104/><AGARI ba="1,0" hai="17,18,28,29,31,42,44,51,98,101,104" m="49706" machi="104" ten="30,1500,0" yaku="19,1" doraHai="48" who="1" fromWho="2" sc="328,0,269,18,266,-18,137,0" /><INIT seed="1,2,0,1,3,49" ten="328,287,248,137" oya="1" hai0="0,67,119,81,21,102,99,56,78,124,105,54,25" hai1="47,131,44,89,30,43,86,107,5,17,66,127,64" hai2="63,106,94,90,39,45,125,100,84,121,35,130,116" hai3="114,6,27,40,103,13,72,109,69,10,113,104,53"/><U133/><E107/><V87/><F121/><W38/><G69/><T117/><D0/><U96/><E96/><V123/><F123/><W41/><G72/><T46/><D124/><U8/><E127/><V7/><F116/><W126/><G126/><T51/><D67/><U82/><E131/><V115/><F125/><W23/><G109/><T97/><D97/><U88/><E30/><V55/><F130/><W32/><G32/><T42/><D21/><U80/><E17/><V9/><F115/><W135/><G135/><T18/><D18/><U132/><E132/><V128/><F35/><W111/><G111/><T4/><D4/><U108/><E133/><V36/><F128/><W91/><G91/><T98/><D98/><U118/><E118/><V92/><F39/><W76/><G76/><T83/><D25/><U33/><E33/><V95/><F36/><W71/><G103/><T3/><D3/><U65/><E108/><V19/><F19/><W11/><G104/><T101/><D101/><U34/><E34/><V60/><F100/><W59/><G71/><T129/><D83/><U57/><E57/><V37/><F37/><W48/><G11/><T74/><D129/><U68/><E68/><V28/><F28/><N who="3" m="17535" /><G38/><AGARI ba="2,0" hai="38,42,46,51,54,56,74,78,81,99,102,105,117,119" machi="38" ten="30,2000,0" yaku="7,1,52,1" doraHai="49" who="0" fromWho="3" sc="328,26,287,0,248,0,137,-26" /><INIT seed="2,0,0,1,0,106" ten="354,287,248,111" oya="2" hai0="116,104,134,52,60,135,15,19,130,64,98,58,121" hai1="90,7,50,36,94,24,109,6,120,16,103,72,55" hai2="29,102,21,30,49,69,13,26,101,47,133,42,2" hai3="97,110,54,84,85,115,95,99,9,43,92,83,114"/><V73/><F69/><W23/><G43/><T132/><D121/><U48/><E36/><V44/><F133/><W22/><G9/><N who="0" m="6639" /><D116/><U100/><E109/><V71/><F71/><W67/><G67/><T45/><D104/><U56/><E72/><V8/><F13/><W65/><G65/><T126/><D98/><N who="3" m="37385" /><G54/><T80/><D80/><U81/><E81/><V117/><F8/><W70/><G70/><T112/><D112/><N who="3" m="43049" /><G110/><T59/><D126/><U86/><E120/><V128/><F2/><W35/><G35/><T11/><D11/><U31/><E48/><V107/><F30/><W41/><G41/><T53/><D130/><U51/><E51/><V4/><F128/><W77/><G23/><T68/><D45/><U93/><E31/><V113/><F47/><W105/><G22/><T118/><D118/><U78/><E50/><V63/><F117/><W37/><G37/><T62/><D68/><U87/><E56/><V76/><F63/><W129/><G129/><T18/><D64/><U79/><E55/><V119/><F113/><W34/><G34/><T33/><D33/><U74/><E24/><V131/><F119/><W20/><G20/><T61/><D62/><U1/><E1/><V66/><F4/><W91/><G105/><T125/><D125/><U27/><E7/><V25/><F66/><W122/><G122/><T40/><D40/><U123/><E6/><V32/><F131/><W3/><G3/><T111/><D111/><U14/><E123/><V46/><F46/><W39/><G39/><T12/><D135/><U5/><E5/><V28/><F107/><RYUUKYOKU ba="0,0" sc="354,10,287,-30,248,10,111,10" hai0="12,18,52,53,58,59,60,61,132,134" hai2="21,25,26,28,29,32,42,44,49,73,76,101,102" hai3="77,83,84,85,91,92,95" /><INIT seed="2,1,0,1,2,129" ten="364,257,258,121" oya="2" hai0="22,16,67,57,9,42,105,82,91,100,71,83,111" hai1="99,102,49,75,126,37,40,112,41,46,62,17,33" hai2="123,29,44,106,31,118,68,135,107,77,51,70,56" hai3="79,103,130,63,50,20,61,14,90,97,132,39,124"/><V30/><F118/><W133/><G39/><T3/><D111/><U92/><E33/><V84/><F123/><W96/><G79/><T117/><D117/><U65/><E75/><V4/><F4/><W12/><G130/><T113/><D113/><U23/><E112/><V101/><F101/><W24/><G50/><T2/><D71/><U7/><E7/><V6/><F6/><W47/><G47/><T120/><D120/><U64/><E126/><V85/><F77/><W86/><G124/><T72/><D42/><U8/><E8/><V131/><F131/><W94/><G97/><T21/><D72/><U134/><E37/><V76/><F76/><W5/><G5/><T122/><D100/><U52/><E64/><V115/><F115/><W108/><G108/><T119/><D105/><U128/><E128/><V127/><F127/><W27/><G61/><T109/><D109/><U125/><E125/><V104/><F56/><W10/><G63/><T66/><D66/><U73/><E73/><V55/><F135/><N who="3" m="51787" /><G10/><T58/><D67/><U18/><E134/><V116/><F116/><W34/><G34/><T121/><D119/><U0/><E0/><V60/><F60/><W114/><G114/><T28/><D122/><U88/><E102/><V93/><F93/><N who="3" m="58767" /><G27/><T54/><D2/><U38/><E38/><V95/><REACH who="2" step="1"/><F95/><REACH who="2" ten="364,257,248,121" step="2"/><W89/><G89/><T32/><D91/><U80/><E80/><V11/><F11/><W35/><G35/><T81/><D121/><U36/><E92/><V110/><F110/><W87/><G87/><AGARI ba="1,1" hai="29,30,31,44,51,55,68,70,84,85,87,104,106,107" machi="87" ten="50,2400,0" yaku="1,1,53,0" doraHai="129" doraHaiUra="1" who="2" fromWho="3" sc="364,0,257,0,248,37,121,-27" /><INIT seed="2,2,0,4,5,21" ten="364,257,285,94" oya="2" hai0="16,88,54,78,106,32,49,58,3,70,28,56,103" hai1="118,90,40,61,12,20,73,76,26,14,126,43,9" hai2="19,116,98,25,27,124,121,81,95,91,97,13,31" hai3="7,8,109,11,119,6,120,79,77,130,85,99,65"/><V4/><F121/><W113/><G120/><T72/><D70/><U108/><E76/><V48/><F116/><W51/><G119/><T83/><D3/><U115/><E73/><V134/><F134/><W41/><G113/><T62/><D106/><U15/><E118/><V0/><F124/><W42/><G130/><T1/><D1/><U84/><E115/><V93/><F0/><W86/><G109/><T75/><D103/><U125/><E108/><V112/><F112/><W66/><G51/><T46/><D32/><U89/><E61/><V102/><F81/><W67/><G99/><T53/><D28/><U82/><E9/><N who="2" m="6575" /><F31/><W131/><G131/><T59/><D75/><U100/><E100/><V35/><F35/><W22/><G22/><T74/><D74/><U55/><E125/><V122/><F4/><W44/><G67/><T132/><D132/><U117/><E117/><V111/><F122/><W38/><REACH who="3" step="1"/><G44/><REACH who="3" ten="364,257,285,84" step="2"/><T52/><D46/><U10/><E126/><V104/><F111/><W101/><G101/><T110/><D110/><U18/><E10/><V71/><F104/><W24/><G24/><N who="2" m="9289" /><F71/><W60/><G60/><T5/><D62/><U63/><E89/><V17/><F48/><W39/><AGARI ba="2,1" hai="6,7,8,11,38,39,41,42,65,66,77,79,85,86" machi="39" ten="25,6400,0" yaku="1,1,0,1,22,2,53,0" doraHai="21" doraHaiUra="135" who="3" fromWho="3" sc="364,-18,257,-18,285,-34,84,80" /><INIT seed="3,0,0,0,3,118" ten="346,239,251,164" oya="3" hai0="30,89,2,42,129,8,123,39,61,108,1,105,58" hai1="10,88,121,104,82,34,120,23,112,20,86,81,3" hai2="99,65,52,13,26,69,110,87,115,72,83,70,102" hai3="40,63,4,100,71,135,132,94,127,116,35,27,51"/><W124/><G4/><T109/><D105/><U119/><E34/><V6/><F6/><W33/><BYE who="2" /><G116/><T76/><D76/><U46/><E46/><UN n2="%4D%6F%6A%61%6F" /><V25/><F115/><W134/><G100/><T57/><D129/><U55/><E55/><V133/><F133/><W54/><G94/><T73/><D73/><U43/><E43/><V67/><F110/><W96/><G96/><T78/><D78/><U29/><E119/><V97/><F72/><W117/><G117/><T128/><D128/><U125/><E10/><V130/><F130/><W106/><G106/><T37/><D30/><U74/><E29/><V11/><F11/><W7/><G7/><T107/><D107/><U22/><E3/><V131/><F131/><W19/><G40/><T85/><D8/><U5/><E5/><V126/><F13/><W17/><G71/><T41/><D85/><U36/><E36/><V79/><F79/><W15/><G63/><T53/><D89/><U90/><E104/><V84/><F102/><W103/><G103/><T111/><D61/><U9/><E9/><V50/><F50/><W21/><G33/><T59/><D53/><U77/><E125/><N who="3" m="48202" /><G35/><T44/><D59/><U48/><E48/><V60/><F60/><W31/><G15/><T14/><D14/><U0/><E0/><V75/><F75/><W66/><G66/><T38/><D38/><U32/><E32/><V28/><F126/><W92/><G92/><T114/><D109/><U80/><E112/><V45/><F45/><AGARI ba="0,0" hai="17,19,21,27,31,45,51,54,132,134,135" m="48202" machi="45" ten="40,3900,0" yaku="20,1,18,1" doraHai="118" who="3" fromWho="2" sc="346,0,239,0,251,-39,164,39" /><INIT seed="3,1,0,2,1,80" ten="346,239,212,203" oya="3" hai0="18,129,58,90,87,5,64,32,91,74,98,24,86" hai1="79,96,51,35,124,125,95,89,4,97,55,102,128" hai2="46,88,50,76,31,103,120,77,47,75,113,84,101" hai3="69,117,16,111,30,107,12,132,56,11,71,39,3"/><W38/><G117/><T27/><D74/><U72/><E35/><V67/><F113/><W41/><G30/><T45/><D129/><U68/><E68/><V92/><F31/><W10/><G107/><T104/><D32/><U44/><E128/><V8/><F8/><W106/><G106/><T63/><D104/><U19/><E4/><V21/><F21/><W0/><G132/><T81/><D45/><U62/><E79/><V26/><F26/><W105/><G105/><T94/><D5/><U43/><E72/><V85/><F67/><W109/><G56/><T114/><D114/><U130/><E130/><V40/><F47/><W121/><G121/><T83/><D18/><U93/><E19/><V61/><F61/><W123/><G123/><T119/><REACH who="0" step="1"/><D119/><REACH who="0" ten="336,239,212,203" step="2"/><U33/><E33/><V108/><F75/><W133/><G16/><T70/><D70/><U9/><E9/><V118/><F118/><W99/><G69/><T82/><D82/><U115/><E115/><V6/><F6/><W66/><G71/><T14/><D14/><U7/><E7/><V20/><F120/><W22/><G12/><T112/><D112/><U57/><AGARI ba="1,1" hai="43,44,51,55,57,62,89,93,95,96,97,102,124,125" machi="57" ten="30,1100,0" yaku="0,1" doraHai="80" who="1" fromWho="1" sc="336,-4,239,24,212,-4,203,-6" /><INIT seed="4,0,0,1,3,47" ten="332,263,208,197" oya="0" hai0="18,38,127,61,10,59,85,53,135,21,49,103,3" hai1="58,20,62,15,22,93,109,92,121,84,11,102,55" hai2="33,16,117,101,79,4,91,8,73,44,108,1,25" hai3="14,60,130,120,82,30,74,34,77,99,64,123,26"/><T122/><D122/><N who="3" m="46633" /><G99/><T48/><D127/><U69/><E69/><V19/><F108/><W110/><G14/><T39/><D135/><U119/><E119/><V118/><F101/><W52/><G110/><T88/><D103/><U81/><E109/><V78/><F91/><W17/><G17/><N who="2" m="6729" /><F73/><W134/><G134/><T112/><D10/><U24/><E121/><V80/><F44/><W114/><G114/><T51/><D3/><U71/><E71/><V128/><F80/><W131/><G52/><T29/><D29/><U0/><E0/><V42/><F42/><W124/><G124/><T72/><D72/><U96/><E24/><V68/><F68/><AGARI ba="0,0" hai="26,30,34,60,64,68,74,77,82,130,131" m="46633" machi="68" ten="30,2000,0" yaku="13,1,23,1" doraHai="47" who="3" fromWho="2" sc="332,0,263,0,208,-20,197,20" /><INIT seed="5,0,0,5,3,100" ten="332,263,188,217" oya="1" hai0="78,27,28,62,16,63,56,38,83,23,30,99,120" hai1="35,69,124,80,4,127,15,53,50,17,29,113,26" hai2="43,131,117,115,81,7,36,75,94,105,54,129,12" hai3="46,13,68,66,82,109,101,2,6,114,91,48,1"/><U77/><E69/><V14/><F54/><W45/><G109/><T65/><D38/><U112/><E80/><V118/><F14/><W92/><G45/><T95/><D120/><U135/><E77/><N who="2" m="44223" /><F12/><W55/><G68/><T51/><D51/><U132/><E50/><V126/><F7/><W40/><G66/><T111/><D111/><U122/><E4/><V52/><F43/><W119/><G40/><T96/><D96/><U85/><E53/><V70/><F52/><W76/><G119/><N who="2" m="45577" /><F70/><W104/><G13/><T84/><D62/><U64/><E64/><V24/><F24/><W110/><G6/><T41/><D41/><U0/><E122/><V25/><F25/><W8/><G110/><T33/><D33/><U44/><E44/><V37/><F37/><W106/><G8/><T34/><D34/><U128/><E0/><V130/><F36/><W90/><G1/><T18/><D30/><U67/><E67/><V71/><F71/><W11/><G2/><T103/><AGARI ba="0,0" hai="16,18,23,27,28,56,63,65,78,83,84,95,99,103" machi="103" ten="20,12000,2" yaku="0,1,7,1,25,2,8,1,54,1" doraHai="100" who="0" fromWho="0" sc="332,120,263,-60,188,-30,217,-30" /><INIT seed="6,0,0,2,4,125" ten="452,203,158,187" oya="2" hai0="75,40,63,57,78,42,81,117,20,65,59,2,54" hai1="95,116,25,84,111,30,112,99,66,39,64,115,134" hai2="24,56,70,79,17,131,18,118,114,89,41,77,132" hai3="49,98,68,113,119,121,135,1,60,126,48,90,71"/><V34/><F70/><W33/><G121/><T10/><D117/><U55/><E39/><V36/><F118/><W82/><G119/><T92/><D2/><U128/><E111/><V61/><F114/><W37/><G1/><T129/><D129/><U3/><E3/><V87/><F132/><W80/><G33/><T44/><D44/><U47/><E84/><V11/><F131/><W27/><G126/><T53/><D10/><U19/><E19/><V16/><F11/><W73/><G135/><T109/><D109/><U76/><E76/><V85/><F36/><W120/><G113/><N who="1" m="43594" /><E128/><V0/><F41/><W107/><G120/><T91/><D20/><U46/><E134/><V69/><F0/><W51/><G37/><T97/><D65/><N who="1" m="25195" /><E55/><N who="2" m="33951" /><F69/><W86/><G73/><T133/><D133/><U6/><E6/><V58/><F34/><W9/><G68/><T5/><D5/><U23/><E116/><V72/><F72/><W101/><G71/><T26/><D26/><U105/><E105/><V38/><F24/><W31/><G27/><T4/><D4/><U123/><E123/><V45/><F38/><W15/><G107/><T103/><D103/><AGARI ba="0,0" hai="23,25,30,46,47,95,99,103" m="25195,43594" machi="103" ten="30,1000,0" yaku="15,1" doraHai="125" who="1" fromWho="0" sc="452,-10,203,10,158,0,187,0" /><INIT seed="7,0,0,2,1,17" ten="442,213,158,187" oya="3" hai0="91,106,61,27,94,36,10,37,50,58,128,19,105" hai1="118,59,34,93,54,21,122,129,74,68,127,130,42" hai2="41,76,0,121,111,98,29,13,77,55,119,71,126" hai3="12,20,135,4,60,131,101,53,22,88,48,85,110"/><W108/><G135/><T65/><D128/><U49/><E34/><V6/><F41/><W52/><G101/><T67/><D37/><U81/><E68/><V104/><F55/><N who="3" m="21067" /><G60/><T5/><D36/><U63/><E122/><V72/><F98/><W35/><G35/><T109/><D50/><U124/><E81/><V75/><F77/><W1/><G131/><N who="1" m="50186" /><E74/><V69/><F76/><W38/><G1/><T11/><D11/><U16/><E93/><V30/><F13/><W79/><G38/><T84/><D67/><U45/><E118/><V99/><F99/><W83/><G79/><T47/><D47/><U82/><E82/><V15/><F6/><W46/><G4/><T89/><D109/><N who="3" m="42089" /><G12/><AGARI ba="0,0" hai="12,16,21,42,45,49,54,59,63,124,127" m="50186" machi="12" ten="30,3900,0" yaku="19,1,52,1,54,1" doraHai="17" who="1" fromWho="3" sc="442,0,213,39,158,0,187,-39" owari="442,54.0,252,5.0,158,-24.0,148,-35.0" /></mjloggm>