<mjloggm ver="2.3"><GO type="41"/><UN n0="%53%6F%27%73" n1="%4F%5A%E3%81%AE%E9%AD%94%E6%B3%95%E4%BD%BF%E3%81%84" n2="%EF%BC%88%E2%89%A7%E2%96%BD%E2%89%A6%EF%BC%89" n3="%E5%B9%B8%E5%AD%90%EF%BC%A5%EF%BC%B8" dan="13,16,15,13" rate="1824,1942,2013,1871" sx="F,F,M,M"/><TAIKYOKU oya="0"/><INIT seed="0,0,0,3,1,47" ten="250,250,250,250" oya="0" hai0="53,14,130,94,112,51,34,127,70,18,113,126,46" hai1="29,7,85,52,93,122,72,71,76,121,33,26,117" hai2="124,56,96,118,23,5,65,80,74,36,45,63,17" hai3="79,83,2,134,101,8,41,120,11,19,16,129,55"/><T4/><D70/><U9/><E117/><V49/><F118/><W22/><G101/><T32/><D130/><U109/><E71/><V81/><F124/><N who="0" m="47658" /><D4/><U6/><E72/><V27/><F74/><W90/><G90/><T86/><D86/><U115/><E109/><V50/><F5/><W38/><G120/><T13/><D94/><U48/><E115/><N who="0" m="44105" /><D14/><U132/><E132/><V66/><F66/><W133/><G129/><T31/><D31/><U92/><E92/><V100/><F36/><W15/><G2/><T131/><D131/><U106/><E106/><V135/><F135/><W110/><G110/><T69/><D69/><U60/><E6/><V54/><REACH who="2" step="1"/><F50/><REACH who="2" ten="250,250,240,250" step="2"/><W97/><G134/><T40/><D40/><U99/><E121/><V68/><F68/><W116/><G133/><T25/><D25/><U67/><E122/><V10/><F10/><AGARI ba="0,1" hai="10,13,18,32,34,46,51,53" m="44105,47658" machi="10" ten="30,2900,0" yaku="18,1,52,1" doraHai="47" who="0" fromWho="2" sc="250,39,250,0,240,-29,250,0" /><INIT seed="0,1,0,5,3,61" ten="289,250,211,250" oya="0" hai0="96,125,101,135,23,78,36,48,62,57,127,24,13" hai1="64,29,79,68,105,63,66,1,39,16,19,114,115" hai2="38,8,30,120,76,84,25,52,21,118,51,42,122" hai3="132,106,111,74,31,109,126,108,134,110,104,117,43"/><T32/><D36/><U35/><E1/><V45/><F118/><W9/><G117/><T71/><D78/><U87/><E39/><V40/><F8/><W72/><N who="3" m="28160" /><DORA hai="22" /><W130/><G130/><T37/><D37/><U75/><E105/><N who="3" m="40554" /><G126/><N who="0" m="48139" /><D135/><N who="3" m="51753" /><G43/><T11/><D32/><U102/><E35/><V67/><F42/><W56/><G9/><T88/><D71/><U129/><E129/><V73/><F73/><W58/><G31/><N who="0" m="17823" /><D48/><U12/><E75/><AGARI ba="1,0" hai="56,58,72,74,75" m="51753,40554,28160" machi="75" ten="70,8000,1" yaku="28,2,14,1,20,1" doraHai="61,22" who="3" fromWho="1" sc="289,0,250,-83,211,0,250,83" /><INIT seed="1,0,0,4,0,71" ten="289,167,211,333" oya="1" hai0="51,3,78,99,93,30,55,123,98,101,2,118,47" hai1="114,86,8,74,126,121,0,50,11,125,12,79,39" hai2="115,49,92,132,36,31,44,65,119,18,97,110,21" hai3="63,88,25,82,33,73,4,13,38,64,48,95,84"/><U96/><E121/><V109/><F119/><W26/><G48/><T131/><D118/><U58/><E114/><V6/><F115/><W34/><G38/><T53/><D123/><U104/><E74/><V24/><F132/><W16/><G4/><T106/><D131/><U105/><E0/><V37/><F65/><W87/><G73/><T77/><D3/><U29/><E29/><V41/><F6/><W83/><G34/><T128/><D2/><U27/><E27/><V135/><F31/><W120/><G120/><T124/><D124/><N who="1" m="47723" /><E39/><V90/><F135/><W43/><G43/><T35/><D128/><U102/><E105/><V75/><F75/><W46/><G46/><T66/><D55/><N who="1" m="32119" /><E12/><V127/><F127/><W19/><G33/><T60/><D93/><U22/><E22/><V52/><REACH who="2" step="1"/><F37/><REACH who="2" ten="289,167,201,333" step="2"/><W68/><G19/><T134/><D134/><U94/><E79/><V20/><F20/><W103/><G16/><T133/><D30/><U89/><AGARI ba="0,1" hai="8,11,86,89,94,96,102,104" m="32119,47723" machi="89" ten="30,1500,0" yaku="18,1" doraHai="71" who="1" fromWho="1" sc="289,-5,167,25,201,-5,333,-5" /><INIT seed="1,1,0,0,1,110" ten="284,192,196,328" oya="1" hai0="120,7,115,117,51,78,134,13,96,95,21,85,12" hai1="69,45,46,79,66,1,3,34,116,103,125,74,106" hai2="121,119,65,104,73,59,52,90,128,56,60,83,19" hai3="23,49,57,98,91,92,132,75,15,36,28,40,47"/><U18/><E34/><V10/><F121/><W76/><G132/><T25/><D117/><U114/><E116/><V100/><F119/><W70/><G70/><T77/><D120/><U82/><E125/><V39/><F39/><W87/><G75/><T4/><D134/><U48/><E106/><V29/><F128/><W53/><G76/><T86/><D51/><U127/><E103/><V68/><F29/><W0/><G0/><T129/><D129/><U108/><E108/><V26/><F73/><W24/><REACH who="3" step="1"/><G15/><REACH who="3" ten="284,192,196,318" step="2"/><T97/><D13/><U37/><E127/><V93/><F68/><W126/><G126/><T55/><D12/><U64/><E69/><V20/><F10/><W8/><G8/><T44/><D78/><U6/><E1/><V22/><F22/><W38/><G38/><T33/><D21/><U99/><E3/><V16/><F20/><W131/><G131/><T43/><D77/><U122/><E37/><V11/><F11/><W32/><G32/><T27/><D33/><U72/><E72/><V88/><F26/><W35/><G35/><T80/><D25/><U113/><E122/><V133/><F133/><W50/><G50/><T123/><D27/><U2/><E48/><V84/><F104/><W5/><G5/><T41/><D7/><U107/><E6/><V30/><F30/><W42/><G42/><T63/><D43/><U61/><E2/><V67/><F19/><W17/><G17/><T62/><D41/><U89/><E18/><V111/><F16/><W130/><G130/><T112/><D4/><U54/><E79/><V124/><F124/><RYUUKYOKU ba="1,1" sc="284,-10,192,-10,196,-10,318,30" hai3="23,24,28,36,40,47,49,53,57,87,91,92,98" /><INIT seed="2,2,1,4,3,107" ten="274,182,186,348" oya="2" hai0="10,109,124,51,129,111,7,29,72,40,12,81,119" hai1="28,59,135,75,106,50,11,77,98,15,94,102,46" hai2="60,39,8,30,23,92,20,93,58,14,65,100,33" hai3="118,42,0,126,67,69,130,108,24,36,21,6,97"/><V87/><F39/><W26/><G118/><T44/><D119/><U31/><E135/><V132/><F132/><W61/><G126/><T110/><D129/><U113/><E113/><V2/><F2/><W13/><G130/><T22/><D124/><U32/><E32/><V57/><F33/><W73/><G108/><T90/><D90/><U63/><E106/><V74/><F74/><W53/><G0/><T68/><D68/><U104/><E104/><V35/><F35/><W133/><G133/><T5/><D5/><U117/><E117/><V95/><F100/><W78/><G97/><T79/><D22/><N who="2" m="8234" /><F30/><AGARI ba="2,1" hai="7,10,12,29,30,40,44,51,72,79,81,109,110,111" machi="30" ten="40,2600,0" yaku="14,1,52,1" doraHai="107" who="0" fromWho="2" sc="274,42,182,0,186,-32,348,0" /><INIT seed="3,0,0,3,3,1" ten="316,182,154,348" oya="3" hai0="86,89,47,108,81,99,134,54,46,119,62,77,22" hai1="43,42,56,23,104,19,58,109,118,132,49,105,84" hai2="12,113,65,131,93,114,73,50,94,40,123,107,76" hai3="64,63,44,38,88,129,78,30,110,34,79,68,106"/><W126/><G126/><T72/><D119/><U80/><E109/><V3/><F3/><W26/><G129/><T28/><D134/><U0/><E118/><V41/><F107/><W4/><G110/><T111/><D72/><U125/><E132/><V35/><F35/><W70/><G70/><T124/><D124/><U127/><E0/><V95/><F131/><W13/><G106/><T9/><D99/><U101/><E127/><V120/><F65/><W82/><G38/><T37/><D37/><U14/><E125/><V69/><F69/><W6/><G44/><T128/><D128/><U2/><E2/><V53/><F12/><W96/><G13/><T48/><D111/><U83/><E83/><N who="2" m="45455" /><F40/><W85/><REACH who="3" step="1"/><G79/><REACH who="3" ten="316,182,154,338" step="2"/><T55/><D77/><U117/><E105/><V90/><F114/><W45/><G45/><T74/><D46/><U27/><E104/><V103/><F113/><W100/><G100/><T135/><D108/><U67/><E101/><V33/><F103/><W7/><G7/><T92/><D135/><U51/><E117/><V133/><F133/><W116/><G116/><T24/><D74/><U8/><E14/><V18/><F120/><W66/><G66/><T61/><D24/><U15/><E67/><V29/><F123/><W20/><G20/><T122/><D22/><U91/><E27/><V10/><F33/><W59/><G59/><N who="1" m="22570" /><E23/><V97/><F90/><W11/><G11/><T39/><D89/><U115/><E115/><V25/><F25/><W5/><G5/><T17/><D9/><U121/><E121/><V52/><F10/><W36/><G36/><RYUUKYOKU ba="0,1" sc="316,-15,182,15,154,-15,338,15" hai1="8,15,19,42,43,49,51,80,84,91" hai3="4,6,26,30,34,63,64,68,78,82,85,88,96" /><INIT seed="3,1,1,3,3,55" ten="301,197,139,353" oya="3" hai0="70,31,4,18,74,94,9,108,53,62,111,11,118" hai1="10,68,42,61,16,97,30,110,24,96,123,115,100" hai2="35,34,17,41,8,19,106,101,116,51,26,65,105" hai3="13,124,133,73,67,45,85,69,93,49,131,132,15"/><W135/><G73/><T63/><D118/><U84/><E123/><V39/><F116/><W52/><G124/><T37/><D74/><U75/><E75/><V130/><F39/><W32/><G32/><T89/><D31/><U72/><E72/><V46/><F130/><W5/><G131/><T98/><D37/><U117/><E115/><V23/><F65/><W122/><G122/><T107/><D107/><U22/><E117/><V21/><F8/><W47/><G47/><T33/><D33/><U113/><E110/><N who="0" m="42025" /><D70/><U78/><E42/><V114/><F114/><W77/><G5/><T112/><D112/><U0/><E113/><V104/><REACH who="2" step="1"/><F101/><REACH who="2" ten="301,197,129,353" step="2"/><W29/><G67/><T40/><D4/><U134/><E100/><V120/><F120/><W14/><G69/><T76/><D11/><U125/><E10/><V48/><F48/><W57/><G45/><T25/><D9/><U71/><E71/><V79/><F79/><W7/><G7/><T2/><D76/><U64/><E68/><V54/><F54/><W102/><G102/><T82/><D53/><U86/><E78/><V58/><F58/><W99/><G77/><T6/><D6/><U90/><E64/><V103/><F103/><W88/><G29/><T20/><D89/><U83/><E90/><V66/><F66/><W27/><G27/><AGARI ba="1,2" hai="17,19,21,23,26,27,34,35,41,46,51,104,105,106" machi="27" ten="40,2600,0" yaku="1,1,9,1,53,0" doraHai="55" doraHaiUra="119" who="2" fromWho="3" sc="301,0,197,0,129,49,353,-29" /><INIT seed="4,0,0,4,3,104" ten="301,197,178,324" oya="0" hai0="29,63,123,83,76,55,48,95,130,30,25,72,82" hai1="89,34,56,67,4,96,70,100,27,58,84,131,5" hai2="112,121,37,125,120,132,18,129,113,9,10,41,12" hai3="114,38,23,126,20,44,86,42,59,87,78,116,135"/><T93/><D123/><N who="2" m="47178" /><F37/><W81/><G116/><T66/><D130/><U71/><E131/><V108/><F41/><W68/><G68/><T50/><D83/><U117/><E117/><V16/><F129/><W22/><G114/><N who="2" m="44137" /><F108/><W103/><G126/><T134/><D134/><U62/><E71/><V3/><F125/><W128/><G135/><T115/><D115/><U109/><E109/><V45/><F45/><W122/><G122/><T0/><D0/><U60/><E60/><V75/><F75/><W98/><G128/><T119/><D119/><U2/><E2/><V79/><F79/><W61/><G86/><T74/><D29/><N who="1" m="19775" /><E4/><N who="2" m="1183" /><F132/><W51/><G38/><T31/><D66/><U43/><E43/><V101/><F101/><W133/><G133/><T118/><D63/><U14/><E89/><V88/><F88/><W49/><G49/><T52/><D76/><U57/><E84/><V1/><F1/><W69/><G69/><T111/><D118/><U13/><E5/><AGARI ba="0,0" hai="5,10,12,16,18" m="1183,44137,47178" machi="5" ten="30,7700,0" yaku="15,1,34,2,54,1" doraHai="104" who="2" fromWho="1" sc="301,0,197,-77,178,77,324,0" /><INIT seed="5,0,0,4,0,91" ten="301,120,255,324" oya="1" hai0="52,118,63,72,106,86,27,97,87,12,77,59,114" hai1="3,25,81,135,124,19,5,93,102,67,120,121,46" hai2="35,21,48,24,33,43,17,15,131,132,22,134,128" hai3="92,88,6,78,1,127,56,2,101,125,47,96,122"/><U50/><E67/><V133/><F48/><W31/><G122/><T85/><D118/><U62/><E135/><V100/><F43/><W20/><G78/><T69/><D114/><U116/><E116/><V45/><F45/><W66/><G47/><T23/><D12/><U30/><E124/><N who="3" m="47690" /><G6/><T38/><D38/><U41/><E62/><V58/><F58/><W105/><G31/><T51/><D72/><U55/><E3/><N who="3" m="1034" /><G20/><T108/><D108/><U44/><E5/><V18/><F100/><W32/><G32/><AGARI ba="0,0" hai="15,17,18,21,22,24,32,33,35,128,131,132,133,134" machi="32" ten="50,8000,1" yaku="20,1,34,3" doraHai="91" who="2" fromWho="3" sc="301,0,120,0,255,80,324,-80" /><INIT seed="6,0,0,4,5,40" ten="301,120,335,244" oya="2" hai0="5,34,119,59,115,19,97,3,64,9,117,14,33" hai1="21,37,55,77,51,70,69,85,41,4,128,93,114" hai2="11,2,44,109,118,23,66,104,78,101,17,49,99" hai3="110,80,61,22,46,91,30,29,13,92,24,75,81"/><V126/><F118/><N who="0" m="45066" /><D97/><U129/><E114/><V132/><F109/><W31/><G110/><T45/><D64/><U83/><E4/><V98/><F66/><W18/><G61/><T96/><D96/><U72/><E21/><V6/><F132/><W122/><G122/><T111/><D59/><U52/><E93/><V107/><F78/><W94/><G46/><T36/><D111/><U74/><E37/><V121/><F126/><W38/><G38/><T68/><D68/><U100/><E100/><V43/><F121/><W57/><G57/><T28/><D115/><U116/><E116/><V71/><F71/><W84/><G75/><T54/><D54/><U15/><E15/><V106/><REACH who="2" step="1"/><F99/><REACH who="2" ten="301,120,325,244" step="2"/><W12/><REACH who="3" step="1"/><G92/><REACH who="3" ten="301,120,325,234" step="2"/><T103/><D103/><U1/><E72/><V124/><F124/><W79/><G79/><T134/><D134/><U48/><E74/><V95/><F95/><W102/><G102/><T32/><D36/><U86/><E77/><V7/><F7/><W105/><G105/><T130/><D130/><U67/><E67/><V123/><F123/><W120/><G120/><T87/><D87/><U42/><REACH who="1" step="1"/><E83/><AGARI ba="0,2" hai="12,13,18,22,24,29,30,31,80,81,83,84,91,94" machi="83" ten="40,2600,0" yaku="1,1,8,1,53,0" doraHai="40" doraHaiUra="73" who="3" fromWho="1" sc="301,0,120,-26,325,0,234,46" /><INIT seed="7,0,0,4,2,27" ten="301,94,325,280" oya="3" hai0="116,91,54,14,50,63,3,89,94,100,0,32,51" hai1="47,131,117,34,132,80,28,75,35,92,81,19,2" hai2="41,61,86,69,109,104,8,120,59,16,24,6,21" hai3="83,107,52,29,133,88,98,103,31,135,68,114,124"/><W39/><G114/><T46/><D116/><U93/><E117/><V64/><F109/><W70/><G39/><T67/><D32/><U58/><E58/><V20/><F120/><W17/><G124/><T118/><D118/><U95/><E47/><V45/><F104/><W33/><G17/><T4/><D100/><U79/><E19/><V44/><F69/><N who="3" m="26731" /><G52/><T102/><D102/><U5/><E131/><V7/><F21/><W82/><G82/><T13/><D3/><U110/><E110/><V30/><F86/><N who="3" m="50271" /><G33/><T84/><D0/><U78/><E93/><V112/><F112/><W105/><G105/><T71/><D91/><U126/><E2/><V26/><F26/><W1/><G1/><T125/><D4/><N who="2" m="1578" /><F41/><W85/><G85/><T9/><D125/><U66/><E5/><V106/><F106/><W134/><AGARI ba="0,0" hai="29,31,98,103,107,133,134,135" m="50271,26731" machi="134" ten="40,12000,1" yaku="20,1,52,2,54,1" doraHai="27" who="3" fromWho="3" sc="301,-40,94,-40,325,-40,280,120" owari="261,-14.0,54,-45.0,285,9.0,400,50.0" /></mjloggm>