<mjloggm ver="2.3"><GO type="41"/><UN n0="%74%2D%61%67%65" n1="%E3%82%A6%E3%83%AB%E3%83%88%E3%83%A9%E7%AB%8B%E7%9B%B4" n2="%EF%BC%AF%E9%B7%B9%C3%97%E7%BE%BD%EF%BC%AF" n3="%5A%28%EF%BD%80%D0%94%C2%B4%5A%EF%BC%89" dan="13,15,15,14" rate="1815,2026,2005,1931" sx="M,M,M,M"/><TAIKYOKU oya="0"/><INIT seed="0,0,0,2,5,44" ten="250,250,250,250" oya="0" hai0="110,49,70,113,91,93,97,85,131,23,86,72,1" hai1="100,34,57,40,47,60,129,125,27,29,13,78,5" hai2="120,101,53,68,102,79,105,115,135,61,89,65,122" hai3="14,8,80,62,54,9,73,56,32,84,94,16,45"/><T21/><D113/><U64/><E125/><V107/><F115/><W51/><G32/><T7/><D72/><U36/><E129/><V134/><F79/><W67/><G73/><T71/><D131/><U133/><E133/><N who="2" m="50699" /><F53/><W42/><G94/><T46/><D86/><U33/><E78/><V123/><F89/><W48/><G8/><T3/><D21/><U39/><E39/><V4/><F4/><W130/><G130/><T26/><D110/><U104/><E13/><V31/><F31/><W116/><G116/><T11/><D3/><U128/><E5/><V18/><F18/><W106/><G106/><AGARI ba="0,0" hai="61,65,68,101,102,105,106,107,120,122,123" m="50699" machi="106" ten="40,1300,0" yaku="20,1" doraHai="44" who="2" fromWho="3" sc="250,0,250,0,250,13,250,-13" /><INIT seed="1,0,0,5,5,18" ten="250,250,263,237" oya="1" hai0="30,122,76,9,33,133,119,131,108,52,54,81,77" hai1="97,35,68,29,88,40,7,59,60,58,123,11,100" hai2="63,13,15,96,27,114,44,129,53,124,107,46,19" hai3="37,48,93,72,3,56,1,57,71,127,79,85,89"/><U128/><E123/><V106/><F129/><W20/><G37/><T75/><D131/><U101/><E128/><V118/><F118/><W70/><G127/><T38/><D119/><U14/><E68/><V24/><F124/><W10/><G71/><T25/><D38/><U12/><E35/><V67/><F114/><W132/><G70/><T92/><D122/><U5/><E29/><V65/><F19/><W22/><G132/><T115/><D133/><U98/><E40/><V64/><F96/><W31/><G31/><T90/><D77/><U43/><E43/><V2/><F2/><W134/><G134/><T94/><D94/><U95/><E60/><V47/><F63/><W117/><G117/><T78/><D78/><U42/><E42/><V49/><F53/><W61/><G48/><T73/><D73/><U0/><E0/><V82/><F82/><W116/><G116/><T135/><D135/><U62/><E62/><V121/><F49/><W110/><G57/><T113/><D54/><U102/><E98/><V4/><F4/><N who="3" m="1295" /><G3/><T87/><D9/><AGARI ba="0,0" hai="5,7,9,11,12,14,58,59,88,95,97,100,101,102" machi="9" ten="40,7700,0" yaku="9,1,8,1,54,1" doraHai="18" who="1" fromWho="0" sc="250,-77,250,77,263,0,237,0" /><INIT seed="1,1,0,5,2,0" ten="173,327,263,237" oya="1" hai0="75,39,30,105,35,26,115,64,95,4,121,32,126" hai1="5,34,96,135,47,22,36,71,106,40,119,101,100" hai2="19,127,46,117,14,103,132,21,51,29,25,68,116" hai3="134,52,18,15,85,79,56,48,82,17,16,73,92"/><U89/><E119/><V91/><F68/><W20/><REACH who="3" step="1"/><G134/><REACH who="3" ten="173,327,263,227" step="2"/><T87/><D121/><U61/><E135/><V77/><F132/><W123/><G123/><T114/><D115/><U129/><E129/><V31/><F127/><W13/><G13/><T93/><D114/><U109/><E109/><V104/><F77/><W80/><G80/><T70/><D126/><U81/><E81/><V28/><F91/><AGARI ba="1,1" hai="15,16,17,18,20,48,52,56,73,79,82,85,91,92" machi="91" ten="40,12000,2" yaku="21,2,25,2,54,2,53,0" doraHai="0" doraHaiUra="122" who="3" fromWho="2" sc="173,0,327,0,263,-123,227,133" /><INIT seed="2,0,0,1,4,24" ten="173,327,140,360" oya="2" hai0="105,45,114,117,91,100,104,46,64,103,67,57,133" hai1="23,5,51,30,95,3,12,15,76,87,127,80,11" hai2="98,88,56,94,83,126,47,125,66,106,38,39,113" hai3="63,41,69,93,111,115,22,17,121,37,82,110,73"/><V62/><F113/><W54/><G121/><T20/><D114/><U40/><E127/><V101/><F83/><W97/><G115/><T131/><D20/><U32/><E32/><V70/><F70/><W120/><G120/><T129/><D91/><U8/><E95/><V16/><F47/><W36/><G41/><T72/><D57/><U84/><E3/><V34/><F34/><W49/><G82/><T44/><D72/><U9/><E84/><V79/><F79/><W128/><G73/><T124/><D117/><U28/><E23/><V2/><F2/><W116/><G116/><T48/><D48/><U71/><E71/><V96/><REACH who="2" step="1"/><F16/><REACH who="2" ten="173,327,130,360" step="2"/><W123/><G69/><T132/><D46/><N who="1" m="26055" /><E11/><V85/><F85/><W18/><G18/><AGARI ba="0,1" hai="5,8,9,12,15,18,28,30,76,80,87" m="26055" machi="18" ten="30,7700,0" yaku="25,1,8,1,52,2" doraHai="24" who="1" fromWho="3" sc="173,0,327,87,130,0,360,-77" /><INIT seed="3,0,0,5,3,61" ten="173,414,130,283" oya="3" hai0="93,118,120,99,3,110,39,88,76,125,112,85,65" hai1="29,20,83,70,84,30,19,122,13,27,54,21,106" hai2="126,10,6,123,102,127,121,81,114,56,57,115,67" hai3="135,62,133,4,129,34,95,111,130,71,11,7,15"/><W128/><G34/><T66/><D118/><U44/><E106/><V109/><F102/><W52/><G111/><T94/><D120/><N who="2" m="46154" /><F81/><W38/><G38/><T74/><D110/><U79/><E70/><V97/><F97/><W124/><G95/><T64/><D3/><U119/><E119/><V2/><F109/><W45/><G45/><T72/><D39/><U43/><E122/><V73/><F73/><W68/><G7/><T113/><D125/><N who="2" m="47626" /><F56/><N who="3" m="35079" /><G124/><T60/><D60/><AGARI ba="0,0" hai="2,6,10,57,60,67,114,115" m="47626,46154" machi="60" ten="30,3900,0" yaku="13,1,18,1,52,1" doraHai="61" who="2" fromWho="0" sc="173,-39,414,0,130,39,283,0" /><INIT seed="4,0,0,3,1,67" ten="134,414,169,283" oya="0" hai0="89,30,22,10,106,125,74,18,111,53,60,72,58" hai1="52,102,108,87,23,95,48,99,113,17,83,19,13" hai2="59,47,51,44,24,35,38,133,28,124,68,128,81" hai3="91,129,54,64,45,33,127,11,21,78,36,6,112"/><T88/><D106/><U109/><E113/><V2/><F2/><W101/><G33/><T135/><D135/><U0/><E0/><V4/><F133/><W5/><G64/><T56/><D125/><U116/><E116/><V79/><F124/><W75/><G127/><T61/><D111/><U41/><E41/><V114/><F114/><W121/><G101/><T3/><D72/><U57/><REACH who="1" step="1"/><E19/><REACH who="1" ten="134,404,169,283" step="2"/><V1/><F128/><W94/><G112/><T126/><D126/><U70/><E70/><V103/><F1/><W63/><G129/><T115/><D115/><U122/><E122/><V49/><F68/><W104/><G121/><T12/><D3/><U31/><E31/><V90/><F4/><W130/><G130/><T132/><D132/><U131/><E131/><V39/><F28/><W43/><G6/><T29/><D29/><U42/><E42/><V110/><F110/><W16/><G5/><T14/><D30/><U7/><E7/><V55/><F35/><W107/><G16/><N who="0" m="8215" /><D74/><U123/><E123/><V85/><F24/><W69/><G75/><T34/><D34/><U118/><E118/><V76/><F38/><W15/><G36/><T25/><D25/><U40/><E40/><V8/><F39/><W73/><G43/><T27/><D27/><U86/><E86/><V97/><F85/><W120/><G73/><T82/><D82/><U65/><E65/><AGARI ba="0,1" hai="14,18,22,53,56,58,60,61,65,88,89" m="8215" machi="65" ten="30,5800,0" yaku="8,1,54,2" doraHai="67" who="0" fromWho="1" sc="134,68,404,-58,169,0,283,0" /><INIT seed="4,1,0,3,2,83" ten="202,346,169,283" oya="0" hai0="13,81,73,65,101,84,85,58,29,125,104,14,43" hai1="129,128,135,55,57,118,127,27,122,35,69,24,100" hai2="18,117,87,89,30,28,20,88,111,31,25,38,6" hai3="109,82,10,80,4,50,95,16,123,36,37,53,105"/><T47/><D73/><U45/><E69/><V63/><F111/><W133/><G105/><T15/><D29/><U110/><E110/><V26/><F38/><W19/><G109/><T124/><D104/><U116/><E45/><V113/><F113/><W41/><G95/><T90/><D101/><U61/><E122/><V9/><F117/><W126/><G123/><T62/><REACH who="0" step="1"/><D85/><REACH who="0" ten="192,346,169,283" step="2"/><U131/><E100/><V121/><F121/><W12/><G126/><T42/><D42/><U54/><E127/><V71/><F71/><W56/><G41/><T17/><D17/><U103/><E103/><V44/><F26/><N who="1" m="9769" /><E35/><V114/><F114/><W86/><G19/><T106/><D106/><U91/><E118/><V74/><F74/><W119/><G119/><T51/><AGARI ba="1,1" hai="13,14,15,43,47,51,58,62,65,81,84,90,124,125" machi="51" ten="30,6000,0" yaku="1,1,0,1,52,1,53,0" doraHai="83" doraHaiUra="67" who="0" fromWho="0" sc="192,73,346,-21,169,-21,283,-21" /><INIT seed="4,2,0,3,0,25" ten="265,325,148,262" oya="0" hai0="106,102,57,49,63,131,118,132,130,7,114,29,27" hai1="38,16,36,128,97,74,53,43,79,19,96,111,31" hai2="109,6,122,8,135,65,112,94,52,44,42,33,12" hai3="68,4,28,107,77,88,78,133,17,73,108,2,83"/><T48/><D118/><U129/><E79/><V30/><F109/><W20/><G107/><T105/><D7/><U125/><E74/><V92/><F122/><W113/><G108/><T32/><D114/><U80/><E80/><V76/><F112/><W47/><G113/><T75/><D75/><U22/><E43/><V46/><F135/><W115/><G115/><T119/><D119/><U99/><E111/><V72/><F65/><W5/><G68/><T18/><D132/><U51/><E125/><V61/><F72/><W85/><G133/><T41/><D18/><U81/><E81/><V95/><F76/><N who="3" m="29291" /><G73/><T70/><D70/><U21/><E38/><V58/><F42/><W82/><G2/><T11/><D11/><U71/><E36/><V45/><F33/><W23/><G47/><N who="0" m="25711" /><D49/><U104/><E104/><V14/><F12/><N who="3" m="9255" /><G83/><T39/><D39/><U60/><E71/><V56/><F56/><W15/><G15/><T55/><D102/><U24/><E60/><V64/><F64/><W126/><G126/><T86/><D86/><U101/><E101/><V89/><REACH who="2" step="1"/><F30/><REACH who="2" ten="265,325,138,262" step="2"/><W69/><G69/><T37/><D37/><U34/><E34/><V110/><F110/><W1/><G1/><T35/><D35/><U103/><E31/><V50/><F50/><W3/><G3/><T66/><D66/><U59/><E103/><V121/><F121/><W93/><G28/><T9/><D32/><U98/><N who="1" m="25088" /><DORA hai="54" /><U134/><E134/><V116/><F116/><W62/><G62/><T26/><D63/><U117/><E117/><V67/><F67/><W84/><G23/><RYUUKYOKU ba="2,1" sc="265,-30,325,10,138,10,262,10" hai1="16,19,21,22,24,51,53,59,128,129" hai2="6,8,14,44,45,46,52,58,61,89,92,94,95" hai3="4,5,82,84,85,88,93" /><INIT seed="5,3,1,0,3,110" ten="235,335,148,272" oya="1" hai0="78,49,60,35,53,40,120,44,29,34,43,1,121" hai1="77,111,100,31,12,102,9,32,17,51,14,134,97" hai2="61,80,118,122,19,115,5,127,83,130,13,117,73" hai3="90,11,23,57,68,48,135,126,30,119,107,27,74"/><U133/><E111/><V3/><F122/><N who="0" m="47210" /><D1/><U38/><E38/><V64/><F130/><W114/><G68/><T6/><D6/><U22/><E32/><N who="0" m="12329" /><D29/><U18/><E31/><V98/><F127/><W123/><G123/><T95/><D78/><U52/><E77/><V104/><F115/><W28/><G74/><T84/><D60/><U129/><E129/><V94/><F104/><W91/><G107/><T16/><D95/><U36/><E36/><V93/><F3/><W72/><G72/><T50/><D84/><U86/><E86/><V132/><F5/><W46/><G126/><T47/><D16/><U25/><E25/><V113/><F132/><W112/><G135/><N who="1" m="51722" /><E97/><V79/><F113/><N who="3" m="43627" /><G119/><T15/><D15/><U85/><E85/><V124/><F124/><W56/><G11/><T116/><D116/><U106/><E106/><V81/><F118/><W76/><G76/><T55/><AGARI ba="3,1" hai="40,43,44,47,49,50,53,55" m="12329,47210" machi="55" ten="40,1500,0" yaku="13,1" doraHai="110" who="0" fromWho="0" sc="235,34,335,-10,148,-7,272,-7" /><INIT seed="6,0,0,0,5,32" ten="269,325,141,265" oya="2" hai0="97,98,100,104,14,45,40,105,92,106,34,39,44" hai1="23,46,103,129,72,52,51,118,11,70,6,125,93" hai2="91,35,80,128,73,111,113,109,27,66,55,135,22" hai3="53,112,68,18,54,41,131,19,50,15,17,94,120"/><V74/><F35/><W88/><G120/><T86/><D34/><U64/><E72/><V101/><F66/><W26/><G68/><T62/><D62/><U77/><E118/><V48/><F113/><W12/><G131/><T33/><D33/><U61/><E129/><V96/><F128/><W24/><G112/><T10/><D86/><U123/><E77/><V56/><F135/><W71/><G71/><T108/><D108/><N who="2" m="41546" /><F91/><W1/><G1/><T116/><D116/><U21/><E123/><V79/><F74/><W87/><G41/><T130/><D130/><U5/><E125/><V115/><F115/><W69/><G69/><T114/><D114/><U31/><E31/><N who="2" m="17911" /><F96/><W8/><G53/><T121/><D45/><U99/><REACH who="1" step="1"/><E6/><REACH who="1" ten="269,315,141,265" step="2"/><V102/><AGARI ba="0,1" hai="48,55,56,73,79,80,101,102" m="17911,41546" machi="102" ten="30,1500,0" yaku="10,1" doraHai="32" who="2" fromWho="2" sc="269,-5,315,-5,141,25,265,-5" /><INIT seed="6,1,0,0,0,106" ten="264,310,166,260" oya="2" hai0="90,5,32,59,119,99,6,26,109,80,104,54,48" hai1="63,49,134,2,13,122,31,12,51,16,84,108,61" hai2="89,56,135,42,74,112,37,95,39,23,66,11,105" hai3="9,129,125,131,69,57,62,79,73,22,87,58,27"/><V15/><F105/><W43/><G125/><T123/><D123/><U4/><E2/><V128/><F135/><W20/><G43/><T18/><D109/><U34/><E108/><V96/><F112/><W110/><G110/><T132/><D132/><U19/><E31/><V47/><F128/><N who="3" m="49227" /><G9/><T75/><D119/><U25/><E34/><V64/><F74/><W0/><G0/><T24/><D24/><U21/><E134/><V35/><F35/><W100/><G87/><T116/><D116/><U115/><E115/><V81/><F39/><W38/><G100/><T30/><D18/><U113/><E113/><V101/><F23/><W50/><G38/><T1/><D1/><U17/><E17/><V77/><F56/><W3/><G3/><T14/><D104/><U93/><E122/><V103/><F77/><W126/><G126/><T111/><D111/><U28/><E4/><V45/><F45/><W67/><G50/><T127/><D127/><U91/><E28/><V117/><F117/><W133/><G133/><T85/><D5/><U41/><E25/><V70/><F70/><W71/><G71/><T36/><D6/><U88/><E91/><V118/><F118/><W7/><G7/><T120/><D90/><U72/><E72/><V130/><F130/><W82/><G22/><T53/><D32/><U94/><E94/><V121/><F121/><W76/><G79/><T10/><D120/><U29/><E29/><AGARI ba="1,0" hai="20,27,29,57,58,62,67,69,73,76,82" m="49227" machi="29" ten="30,2000,0" yaku="19,1,52,1" doraHai="106" who="3" fromWho="1" sc="264,0,310,-23,166,0,260,23" /><INIT seed="7,0,0,1,2,29" ten="264,287,166,283" oya="3" hai0="49,131,73,56,82,8,92,117,16,30,134,3,11" hai1="115,23,130,91,7,65,81,110,62,58,61,28,90" hai2="13,33,77,89,17,70,22,32,37,121,39,52,18" hai3="79,118,101,4,26,67,100,80,111,40,15,10,20"/><W102/><G118/><T1/><D117/><U88/><E110/><V55/><F70/><W0/><G111/><T45/><D30/><U103/><E130/><V9/><F77/><W85/><G67/><T76/><D131/><U27/><E115/><V125/><F125/><W106/><G40/><T107/><D107/><U63/><E7/><V25/><F121/><W120/><G120/><T95/><D11/><U99/><REACH who="1" step="1"/><E81/><REACH who="1" ten="264,277,166,283" step="2"/><V93/><F39/><W68/><G68/><T133/><D3/><U129/><E129/><V48/><F37/><W127/><G127/><T50/><D1/><U86/><E86/><V112/><F112/><W123/><G123/><T108/><D108/><U38/><E38/><V24/><F24/><W35/><G35/><T84/><D134/><U71/><E71/><V59/><F55/><W128/><G128/><T41/><D133/><U42/><E42/><V57/><F59/><W53/><G53/><T43/><D49/><U105/><AGARI ba="0,1" hai="23,27,28,58,61,62,63,65,88,90,91,99,103,105" machi="105" ten="30,4000,0" yaku="1,1,0,1,54,1,53,0" doraHai="29" doraHaiUra="66" who="1" fromWho="1" sc="264,-10,277,50,166,-10,283,-20" owari="254,-15.0,327,43.0,156,-34.0,263,6.0" /></mjloggm>