<mjloggm ver="2.3"><GO type="169"/><UN n0="%EF%BC%88%E2%89%A7%E2%96%BD%E2%89%A6%EF%BC%89" n1="%48%6F%6E%65%6B%6B%6F%5F" n2="%E6%A1%9C%E4%BA%95%E3%82%A2%E3%82%BD%E3%82%B3" n3="%E3%81%AF%E3%81%AA%E3%81%B3" dan="16,17,16,16" rate="2038,2147,2101,2086" sx="M,M,M,M"/><TAIKYOKU oya="0"/><INIT seed="0,0,0,0,4,88" ten="250,250,250,250" oya="0" hai0="55,100,17,110,38,60,10,77,41,28,49,35,93" hai1="15,97,78,72,42,9,16,47,96,104,58,107,119" hai2="69,59,84,111,68,112,46,117,12,70,121,5,98" hai3="61,36,50,19,1,101,44,113,8,89,108,122,32"/><T80/><D38/><U26/><E119/><V94/><F46/><W109/><G113/><T135/><D135/><U102/><E58/><V114/><F117/><W3/><G32/><T76/><D35/><U124/><E124/><V87/><F121/><W115/><G115/><T29/><D41/><U20/><E78/><N who="0" m="30313" /><D60/><U45/><E72/><V130/><F112/><W34/><G34/><T52/><D80/><U23/><E42/><V62/><F114/><W24/><G36/><T92/><D110/><N who="3" m="42601" /><G101/><T39/><D39/><U85/><E85/><V37/><F37/><W103/><G103/><T75/><D75/><U63/><E63/><V71/><F111/><W43/><G122/><T131/><D131/><U64/><E64/><V128/><N who="2" m="17920" /><DORA hai="67" /><V65/><F12/><N who="3" m="7559" /><G24/><T4/><D4/><U79/><E79/><V73/><F73/><W33/><G33/><T11/><D55/><U132/><E132/><V81/><F5/><W56/><G89/><T27/><D100/><U133/><E102/><N who="2" m="60759" /><F81/><W74/><G74/><T127/><D93/><U125/><E133/><V0/><F0/><W2/><G2/><T83/><D92/><U30/><E104/><V57/><F57/><W48/><G48/><T91/><D83/><U90/><E107/><V118/><F118/><W40/><G40/><T86/><D49/><U53/><E15/><V123/><F123/><W7/><G7/><T66/><D91/><U99/><E90/><V134/><F134/><W13/><G13/><T95/><D95/><U82/><E97/><V6/><F6/><W105/><G105/><T51/><D51/><RYUUKYOKU ba="0,0" sc="250,-15,250,-15,250,15,250,15" hai2="59,62,65,84,87,128,130" hai3="1,3,43,44,50,56,61" /><INIT seed="1,1,0,5,2,56" ten="235,235,265,265" oya="1" hai0="50,135,118,59,115,21,36,0,82,32,110,78,112" hai1="30,132,11,127,42,100,116,86,99,71,109,64,96" hai2="14,6,41,26,23,43,1,113,8,76,27,114,124" hai3="19,33,65,104,103,54,90,9,51,93,60,101,37"/><U10/><E116/><V122/><F76/><W45/><G33/><T133/><D36/><U94/><E127/><V68/><F68/><W47/><G104/><T95/><D32/><U88/><E132/><N who="0" m="50761" /><D0/><U3/><E42/><V77/><F77/><W75/><G75/><N who="0" m="43359" /><D21/><U117/><E117/><V134/><F134/><W49/><G37/><T62/><D118/><U12/><E30/><V22/><F43/><N who="3" m="24767" /><G9/><T79/><D79/><U2/><E109/><V111/><F41/><W61/><G19/><T128/><D50/><U126/><E126/><V66/><F66/><W67/><G65/><T25/><D25/><U91/><E11/><N who="2" m="2511" /><F124/><W87/><G67/><T125/><D110/><U73/><E73/><V38/><F38/><W17/><G17/><T102/><D125/><U107/><E64/><V39/><F39/><W29/><G29/><T119/><D119/><U55/><E71/><V105/><F105/><W69/><G69/><T52/><D128/><U18/><REACH who="1" step="1"/><E55/><REACH who="1" ten="235,225,265,265" step="2"/><V98/><F111/><W35/><G35/><T24/><D115/><N who="2" m="44042" /><F122/><W97/><G97/><N who="0" m="59711" /><D112/><U89/><E89/><V48/><F98/><W63/><AGARI ba="1,1" hai="47,51,54,60,61,63,87,90,93,101,103" m="24767" machi="63" ten="30,7900,0" yaku="8,1,52,3" doraHai="56" who="3" fromWho="3" sc="235,-21,225,-40,265,-21,265,92" /><INIT seed="2,0,0,1,4,133" ten="214,185,244,357" oya="2" hai0="15,7,116,55,59,113,60,117,99,32,17,98,66" hai1="103,93,27,19,33,104,121,112,118,35,119,130,111" hai2="106,28,88,4,29,1,115,61,127,36,109,90,126" hai3="71,41,56,30,134,45,85,91,94,42,34,123,37"/><V12/><F36/><W2/><G123/><T97/><D113/><U47/><E112/><V73/><F115/><W72/><G72/><T105/><D105/><U81/><E104/><V58/><F106/><W22/><G2/><T75/><D32/><U69/><E69/><V87/><F73/><W129/><G71/><T18/><D75/><U107/><E107/><V122/><F1/><W63/><G42/><T49/><D7/><U86/><E121/><V6/><F122/><W11/><G134/><T83/><D83/><U67/><E67/><V9/><F6/><W132/><G132/><T78/><D78/><U57/><E47/><V102/><F102/><W21/><G11/><T3/><D3/><U89/><E57/><V135/><F135/><W10/><G10/><T80/><D80/><U92/><E81/><N who="2" m="49263" /><F90/><W74/><G74/><T114/><D114/><U53/><E103/><V120/><F120/><W52/><REACH who="3" step="1"/><G129/><REACH who="3" ten="214,185,244,347" step="2"/><T31/><D116/><U38/><E130/><V20/><F20/><W46/><G46/><T26/><D117/><U44/><E118/><V5/><F5/><W8/><G8/><T100/><D100/><U54/><E119/><V14/><F14/><W68/><G68/><N who="0" m="42055" /><D15/><U40/><E33/><V77/><F77/><W51/><G51/><T82/><D49/><U96/><E35/><V131/><F131/><W50/><G50/><T128/><D128/><U13/><E13/><V0/><F12/><W62/><G62/><T110/><D59/><U39/><E39/><V65/><F109/><W125/><G125/><AGARI ba="0,1" hai="0,4,9,28,29,58,61,65,125,126,127" m="49263" machi="125" ten="30,12000,1" yaku="18,1,52,3,54,1" doraHai="133" who="2" fromWho="3" sc="214,0,185,0,244,130,347,-120" /><INIT seed="2,1,0,1,2,23" ten="214,185,374,227" oya="2" hai0="38,1,19,36,83,87,114,88,11,79,43,55,110" hai1="12,46,116,102,67,130,119,59,42,25,48,92,96" hai2="98,126,131,68,35,62,37,8,28,101,132,74,134" hai3="73,112,65,6,66,99,20,85,2,31,3,17,18"/><V41/><F8/><W118/><G73/><T26/><D114/><U78/><E130/><V89/><F89/><W117/><G99/><T108/><D1/><N who="3" m="9" /><G85/><T60/><D43/><U105/><E12/><V86/><F86/><W57/><G57/><N who="0" m="34879" /><D79/><U15/><E15/><V95/><F74/><W39/><G39/><T5/><D5/><U104/><E78/><V45/><F131/><W109/><G66/><T120/><D120/><U106/><E67/><V135/><F126/><W58/><G58/><T29/><D11/><U47/><E59/><V122/><F122/><W40/><G40/><T128/><D19/><U125/><E125/><V16/><F62/><W64/><G65/><T72/><D72/><U32/><REACH who="1" step="1"/><E47/><REACH who="1" ten="214,175,374,227" step="2"/><V115/><F68/><W51/><G64/><T75/><D128/><U34/><E34/><V33/><F115/><W103/><G112/><T84/><D110/><U61/><E61/><V81/><F81/><W76/><G109/><T50/><D83/><U9/><E9/><V22/><F28/><AGARI ba="1,1" hai="25,28,32,42,46,48,92,96,102,104,105,106,116,119" machi="28" ten="40,2600,0" yaku="1,1,52,1,53,0" doraHai="23" doraHaiUra="107" who="1" fromWho="2" sc="214,0,175,39,374,-29,227,0" /><INIT seed="3,0,0,4,2,73" ten="214,214,345,227" oya="3" hai0="8,0,114,77,35,39,30,70,103,31,21,51,88" hai1="82,81,106,85,44,80,94,26,72,110,121,120,62" hai2="74,83,15,113,135,126,22,16,46,64,109,78,27" hai3="29,10,13,11,33,115,130,92,61,117,1,32,124"/><W122/><G115/><T93/><D39/><U3/><E3/><V14/><F64/><W112/><G112/><T84/><D70/><U19/><E110/><V76/><F113/><W105/><G105/><T129/><D35/><U79/><E106/><V102/><F109/><W47/><G117/><T86/><D114/><U127/><E127/><V111/><F111/><W20/><G122/><T95/><D129/><U12/><E26/><V52/><F126/><W67/><G124/><T89/><D103/><U9/><E62/><V25/><F102/><W55/><G130/><T71/><D71/><U36/><E94/><V24/><F135/><W56/><G1/><T4/><D77/><N who="2" m="29802" /><F74/><W104/><G104/><T7/><D7/><U128/><E128/><V87/><F15/><W131/><G131/><T75/><D75/><U125/><E125/><V40/><F40/><W42/><G67/><T134/><D134/><U99/><E120/><V28/><F28/><W57/><G32/><T41/><D31/><U96/><E121/><V37/><F37/><W63/><G33/><T38/><D38/><U53/><E36/><V43/><F43/><W59/><G29/><T17/><D30/><U116/><E116/><V49/><F27/><W18/><G42/><T69/><D69/><U91/><E80/><V133/><F133/><W100/><G13/><N who="0" m="9391" /><D41/><U5/><E5/><V34/><F34/><W60/><G55/><T58/><D4/><U98/><E53/><V66/><F66/><W108/><G108/><T23/><D0/><U50/><E12/><V123/><F123/><W45/><G61/><RYUUKYOKU ba="0,0" sc="214,-10,214,-10,345,30,227,-10" hai2="14,16,22,24,25,46,49,52,83,87" /><INIT seed="4,1,0,3,5,85" ten="204,204,375,217" oya="0" hai0="62,114,52,39,11,34,101,38,41,10,80,127,37" hai1="133,118,97,59,7,46,91,98,3,21,93,0,129" hai2="18,58,100,120,121,64,28,134,8,110,103,99,113" hai3="81,6,56,57,25,112,78,17,116,74,84,94,75"/><T4/><D34/><U126/><E118/><V55/><F28/><W72/><G116/><T76/><D114/><U102/><E126/><V107/><F100/><W16/><G112/><T9/><D127/><U124/><E124/><V105/><F113/><W22/><G6/><T77/><D101/><U63/><E133/><V86/><F105/><W49/><G49/><T29/><D29/><U130/><E46/><V70/><F134/><W119/><G119/><T54/><D4/><U35/><E35/><V83/><F110/><W32/><G32/><T96/><D96/><U131/><E21/><V33/><F64/><W14/><REACH who="3" step="1"/><G94/><REACH who="3" ten="204,204,375,207" step="2"/><T106/><D106/><N who="1" m="63823" /><E7/><V68/><F33/><W73/><N who="3" m="18432" /><DORA hai="125" /><W26/><G26/><T92/><D92/><U111/><E111/><V15/><F120/><W43/><G43/><T24/><D41/><U51/><E51/><V47/><F121/><W87/><G87/><T1/><D24/><U122/><E122/><V23/><F47/><W19/><G19/><T79/><D1/><U5/><E5/><V135/><F135/><W65/><G65/><AGARI ba="1,1" hai="0,3,59,63,65,91,93,98,129,130,131" m="63823" machi="65" ten="30,8000,1" yaku="19,1,52,4" doraHai="85,125" who="1" fromWho="3" sc="204,0,204,93,375,0,207,-83" /><INIT seed="5,0,0,5,1,88" ten="204,297,375,124" oya="1" hai0="68,44,62,98,115,83,8,99,90,120,94,111,28" hai1="124,48,34,104,6,35,132,64,47,121,87,89,125" hai2="37,113,46,80,59,5,26,127,53,126,63,73,23" hai3="56,39,19,70,86,101,123,82,0,75,91,3,51"/><U41/><E121/><V27/><F5/><W79/><G123/><T22/><D111/><U15/><E104/><V12/><F12/><W25/><G70/><T29/><D120/><U52/><E64/><V129/><F129/><W110/><G110/><T45/><D115/><U57/><E132/><V107/><F107/><W32/><G39/><T78/><D98/><U114/><E114/><V128/><F128/><W93/><G101/><T60/><D8/><U108/><E108/><V74/><F113/><W50/><G50/><T58/><D68/><U54/><E54/><V118/><F27/><W71/><G71/><T81/><D62/><U55/><E55/><V7/><F7/><W133/><G133/><T49/><D22/><U31/><E15/><V9/><F9/><W95/><G51/><T16/><D16/><U130/><E6/><V30/><F80/><N who="0" m="30794" /><D78/><U33/><E31/><N who="0" m="11849" /><D49/><U135/><E130/><V65/><F118/><W117/><G117/><T92/><D92/><U122/><E122/><V67/><F67/><AGARI ba="0,0" hai="44,45,58,60,67,90,94,99" m="11849,30794" machi="67" ten="30,2000,0" yaku="8,1,52,1" doraHai="88" who="0" fromWho="2" sc="204,20,297,0,375,-20,124,0" /><INIT seed="6,0,0,2,5,76" ten="224,297,355,124" oya="2" hai0="135,13,30,81,98,104,105,63,26,110,91,95,108" hai1="82,57,64,66,107,101,79,28,120,18,2,111,97" hai2="56,31,127,114,129,44,54,99,90,75,88,122,112" hai3="9,60,74,7,37,117,39,32,34,40,92,78,119"/><V113/><F75/><W6/><G92/><T12/><D135/><U70/><E111/><V50/><F122/><W118/><G60/><T23/><D110/><U36/><E70/><V1/><F1/><N who="3" m="207" /><G7/><T29/><D108/><U41/><E120/><V15/><F127/><W24/><G40/><T61/><D30/><U72/><E2/><V106/><F129/><W67/><G67/><T0/><D0/><U69/><E69/><V126/><F126/><W19/><G19/><T116/><D116/><N who="3" m="29697" /><W3/><DORA hai="58" /><G3/><T125/><D125/><U71/><E71/><V47/><F31/><N who="3" m="19559" /><G34/><T94/><D94/><U84/><E64/><V89/><F15/><N who="0" m="5706" /><D105/><U43/><E41/><V17/><F17/><W102/><G102/><AGARI ba="0,0" hai="44,47,50,54,56,88,89,90,99,102,106,112,113,114" machi="102" ten="50,4800,0" yaku="15,1,54,1" doraHai="76,58" who="2" fromWho="3" sc="224,0,297,0,355,48,124,-48" /><INIT seed="6,1,0,4,5,88" ten="224,297,403,76" oya="2" hai0="70,41,86,135,73,29,69,5,87,34,116,26,119" hai1="104,47,132,91,68,57,19,28,105,106,55,20,1" hai2="117,60,7,112,21,42,22,10,81,118,123,128,97" hai3="80,33,78,100,54,111,126,25,30,133,8,82,65"/><V92/><F42/><W71/><G111/><T110/><D110/><U134/><E68/><V44/><F123/><W49/><G126/><T43/><D73/><U11/><E28/><V52/><F112/><W4/><G133/><T3/><D135/><N who="1" m="51755" /><E47/><V35/><F35/><W90/><G100/><T98/><D98/><U75/><E75/><V36/><F36/><W56/><G71/><N who="0" m="27147" /><D3/><U79/><E79/><V96/><F96/><W53/><G65/><T58/><D5/><N who="1" m="1455" /><E91/><V72/><F128/><W131/><G131/><T6/><D6/><U63/><E105/><V12/><F117/><N who="0" m="45130" /><D58/><U39/><E39/><V32/><F32/><W76/><G53/><T48/><D48/><U18/><E18/><V121/><F121/><W107/><G107/><T64/><D64/><U101/><E101/><V67/><F67/><W27/><G33/><T84/><AGARI ba="1,0" hai="26,29,34,41,43,84,86,87" m="45130,27147" machi="84" ten="40,1500,0" yaku="12,1" doraHai="88" who="0" fromWho="0" sc="224,18,297,-5,403,-8,76,-5" /><INIT seed="7,0,0,4,0,28" ten="242,292,395,71" oya="3" hai0="63,87,52,86,1,25,93,21,56,110,82,27,71" hai1="0,54,11,72,3,92,121,53,58,120,112,90,26" hai2="126,51,5,42,57,33,9,41,40,20,94,22,37" hai3="12,105,131,134,99,55,111,124,104,127,107,19,45"/><W39/><G111/><T102/><D1/><U106/><E106/><V98/><F37/><W123/><G123/><T62/><D110/><U10/><E72/><V78/><F78/><W6/><G6/><T70/><D27/><U88/><E26/><V97/><F97/><W24/><G24/><T129/><D129/><U65/><E58/><V116/><F116/><W74/><G74/><T130/><D130/><U114/><E92/><V108/><F33/><W84/><G131/><T30/><D63/><U81/><E65/><V34/><F34/><W67/><G67/><T80/><D80/><AGARI ba="0,0" hai="0,3,10,11,53,54,80,81,88,90,112,114,120,121" machi="80" ten="25,3200,0" yaku="22,2,54,1" doraHai="28" who="1" fromWho="0" sc="242,-32,292,32,395,0,71,0" owari="210,-19.0,324,12.0,395,50.0,71,-43.0" /></mjloggm>