<mjloggm ver="2.3"><GO type="169" lobby="0"/><UN n0="%73%61%77%6C%79" n1="%EF%BC%88%E2%89%A7%E2%96%BD%E2%89%A6%EF%BC%89" n2="%E3%82%A2%E3%82%AB%E2%98%86%E3%82%A6%E3%83%BC%E3%83%94%E3%83%B3" n3="%E5%B9%BC%E5%A5%B3%EF%BC%A0%E3%81%98%E3%82%85%E3%83%BC%E3%82%80" dan="17,17,16,16" rate="2133.60,2142.46,2073.24,2066.87" sx="M,M,M,F"/><TAIKYOKU oya="0"/><INIT seed="0,0,0,4,5,15" ten="250,250,250,250" oya="0" hai0="29,14,57,55,52,97,101,13,43,63,132,26,5" hai1="76,48,27,39,119,34,84,38,110,88,62,73,51" hai2="59,106,95,79,102,74,25,128,45,53,33,107,98" hai3="17,135,114,100,104,131,35,124,22,92,1,64,103"/><T8/><D132/><U10/><E119/><V46/><F128/><W9/><G114/><T12/><D43/><U87/><E73/><V86/><F33/><W70/><G35/><T49/><D29/><U117/><E117/><V31/><F106/><W93/><G135/><T129/><D26/><U7/><E110/><V80/><F31/><W24/><G131/><T0/><D129/><U113/><E113/><V130/><F25/><W126/><G104/><T116/><D116/><U58/><E39/><V118/><F130/><W83/><G83/><T20/><D20/><U11/><E38/><V89/><REACH who="2" step="1"/><F118/><REACH who="2" ten="250,250,240,250" step="2"/><W28/><G28/><T125/><D125/><U50/><E34/><V2/><F2/><W90/><G126/><T108/><D108/><U111/><E27/><V78/><F78/><W121/><G124/><T85/><D85/><U4/><E111/><V105/><F105/><W65/><G1/><T66/><REACH who="0" step="1"/><D49/><AGARI ba="0,1" hai="45,46,49,53,59,74,79,80,86,89,95,98,102,107" machi="49" ten="30,8000,1" yaku="1,1,7,1,24,2,53,1" doraHai="15" doraHaiUra="77" who="2" fromWho="0" sc="250,-80,250,0,240,90,250,0" /><INIT seed="1,0,0,0,0,30" ten="170,250,330,250" oya="1" hai0="74,110,83,5,88,92,9,14,98,25,125,28,66" hai1="60,104,29,50,26,117,95,34,116,81,124,108,12" hai2="8,86,58,2,38,105,135,48,87,131,123,22,106" hai3="96,93,134,18,21,71,19,36,57,127,75,79,20"/><U85/><E104/><V61/><F38/><W52/><G71/><T41/><D110/><U46/><E108/><V27/><F123/><W129/><G134/><T65/><D125/><U120/><E120/><V76/><F131/><W100/><G36/><T51/><D74/><U112/><E112/><V59/><F2/><W73/><G129/><T133/><D133/><U1/><E1/><V126/><F8/><W42/><G42/><T94/><D83/><U44/><E44/><V32/><F48/><W99/><G99/><T91/><D41/><U43/><E124/><V119/><F61/><W55/><G127/><T23/><REACH who="0" step="1"/><D51/><REACH who="0" ten="160,250,330,250" step="2"/><U89/><E60/><V16/><F135/><W56/><G75/><T132/><D132/><U111/><E111/><V90/><F126/><W121/><G73/><T10/><D10/><U122/><E122/><V113/><F113/><W103/><G121/><T82/><D82/><U102/><E81/><V35/><F119/><W115/><G115/><T84/><AGARI ba="0,1" hai="5,9,14,23,25,28,65,66,84,88,91,92,94,98" machi="84" ten="20,12000,2" yaku="1,1,0,1,7,1,8,1,54,1,53,2" doraHai="30" doraHaiUra="63" who="0" fromWho="0" sc="160,130,250,-60,330,-30,250,-30" /><INIT seed="2,0,0,1,4,127" ten="290,190,300,220" oya="2" hai0="68,19,75,90,53,59,15,65,102,119,20,40,11" hai1="97,96,122,37,133,47,12,31,100,39,99,56,6" hai2="1,104,132,114,92,54,115,71,72,25,67,134,30" hai3="64,29,77,28,35,101,120,16,88,66,93,17,113"/><V8/><F54/><W61/><G120/><T10/><D119/><U2/><E2/><V121/><F104/><W42/><G42/><T109/><D109/><U0/><E0/><V128/><F72/><W50/><G77/><T112/><D112/><N who="2" m="43050" /><F92/><W98/><G113/><T33/><D33/><U117/><E117/><V57/><F57/><W73/><G73/><T118/><D118/><U45/><E100/><V24/><F67/><W82/><G50/><T27/><D75/><U23/><E122/><V86/><F86/><N who="3" m="50263" /><G35/><T60/><D102/><U7/><E39/><V34/><F71/><W83/><G83/><T55/><D40/><U103/><E103/><V89/><F89/><W58/><G66/><T26/><D68/><U80/><E80/><V32/><F121/><W22/><G28/><T79/><D79/><U43/><E43/><V111/><F111/><W44/><G44/><T69/><D69/><U76/><E37/><V36/><F36/><W110/><G110/><T94/><D26/><AGARI ba="0,0" hai="16,17,22,26,29,58,61,64,93,98,101" m="50263" machi="26" ten="30,7700,0" yaku="25,1,8,1,54,2" doraHai="127" who="3" fromWho="0" sc="290,-77,190,0,300,0,220,77" /><INIT seed="3,0,0,3,5,86" ten="213,190,300,297" oya="3" hai0="7,42,72,129,73,53,70,123,125,38,68,12,45" hai1="134,44,121,113,111,35,85,10,124,32,48,87,61" hai2="64,105,49,99,80,76,30,128,122,77,9,1,3" hai3="97,117,130,89,36,109,83,25,65,43,6,118,19"/><W84/><G130/><T54/><D123/><U106/><E113/><V119/><F119/><W26/><G6/><T67/><D129/><U57/><E106/><V131/><F122/><W69/><G69/><T23/><D125/><U33/><E124/><V103/><F77/><W0/><G0/><T95/><D70/><U110/><E121/><V13/><F3/><W127/><G127/><T114/><D114/><U88/><E134/><V15/><F13/><W93/><G65/><T116/><D116/><U29/><E85/><V100/><F1/><W132/><G132/><T104/><D104/><U92/><E29/><V98/><F49/><W66/><G66/><T101/><D72/><U108/><E10/><V52/><F64/><W78/><G109/><T47/><D73/><U50/><E44/><V46/><F30/><W90/><G78/><T55/><D47/><U17/><E17/><V112/><F46/><W120/><G120/><T94/><D101/><U24/><E24/><V71/><F71/><W2/><G2/><T96/><D96/><U11/><E11/><V4/><F112/><W22/><G36/><T14/><D7/><U62/><E62/><V82/><F131/><W40/><G118/><T81/><D81/><N who="2" m="31338" /><F76/><W135/><G135/><T39/><D39/><U79/><BYE who="0" /><E79/><V75/><F75/><W21/><G117/><T37/><D37/><U59/><E59/><V107/><F128/><W60/><G60/><T126/><D126/><U8/><E8/><V56/><F56/><W18/><AGARI ba="0,0" hai="18,19,21,22,25,26,40,43,83,84,89,90,93,97" machi="18" ten="20,18000,2" yaku="0,1,7,1,9,1,8,1,52,2" doraHai="86" who="3" fromWho="3" sc="213,-60,190,-60,300,-60,297,180" /><INIT seed="3,1,0,4,3,29" ten="153,130,240,477" oya="3" hai0="23,123,56,33,133,14,52,21,65,110,83,107,132" hai1="22,63,106,7,73,57,130,82,69,104,81,127,86" hai2="5,51,49,59,119,38,39,134,46,98,2,103,0" hai3="121,35,96,36,77,76,26,4,11,30,31,1,19"/><W16/><G121/><T109/><D109/><U42/><E69/><V80/><F119/><W131/><G36/><T97/><D97/><U71/><E71/><V8/><F134/><W115/><G115/><T10/><D10/><U92/><E127/><V91/><F2/><W90/><G131/><T48/><D48/><U89/><E130/><V25/><F59/><W27/><G96/><T53/><D53/><UN n0="%73%61%77%6C%79" /><U85/><E73/><V66/><F66/><W15/><G90/><T67/><D123/><U120/><E120/><V129/><F129/><W75/><G75/><T13/><D110/><U118/><E118/><V40/><F49/><W117/><G117/><T72/><D107/><U28/><E7/><V18/><F25/><W114/><G114/><T74/><D33/><U70/><E70/><V68/><F18/><N who="3" m="6699" /><G77/><T111/><D111/><U84/><E42/><V100/><F68/><W94/><G94/><T108/><D108/><U34/><E34/><V135/><F135/><W101/><G101/><T6/><D52/><N who="1" m="34215" /><E106/><V41/><F103/><W112/><G112/><T45/><D83/><N who="1" m="31755" /><E104/><V9/><F39/><W32/><G76/><T105/><D105/><U93/><E93/><N who="2" m="58447" /><F38/><W37/><G37/><T88/><D132/><U3/><E3/><AGARI ba="1,0" hai="1,3,4,11,15,26,27,30,31,32,35" m="6699" machi="3" ten="30,24000,3" yaku="35,5,52,2,54,1" doraHai="29" who="3" fromWho="1" sc="153,0,130,-243,240,0,477,243" owari="153,-25.0,-113,-61.0,240,4.0,720,82.0" /></mjloggm>