<mjloggm ver="2.3"><GO type="169" lobby="0"/><UN n0="%EF%BC%88%E2%89%A7%E2%96%BD%E2%89%A6%EF%BC%89" n1="%6D%65%24%6F" n2="%E3%82%B3%E3%83%8F%E3%83%AB%E3%82%B9%E3%82%BF%E3%83%BC" n3="%E3%83%9A%E3%83%81%E3%83%A7%E3%83%BC%E3%83%AA%E3%83%B3" dan="18,16,16,18" rate="2146.71,2093.34,2100.81,2234.12" sx="F,M,F,M"/><TAIKYOKU oya="0"/><INIT seed="0,0,0,2,3,123" ten="250,250,250,250" oya="0" hai0="10,7,38,76,90,131,45,127,26,43,116,78,130" hai1="86,83,34,106,114,92,35,89,25,126,33,22,97" hai2="124,74,29,56,8,96,118,20,134,18,17,115,61" hai3="1,60,15,2,110,53,4,40,119,99,72,91,24"/><T68/><D116/><U79/><E126/><V11/><F74/><W30/><G72/><T49/><D127/><U19/><E114/><V14/><F124/><W23/><G40/><T75/><D68/><U3/><E3/><V128/><F115/><W58/><G119/><T42/><D26/><U84/><REACH who="1" step="1"/><E106/><REACH who="1" ten="250,240,250,250" step="2"/><V85/><F118/><W73/><G2/><T109/><D131/><U112/><E112/><V67/><F128/><W81/><G1/><T36/><D130/><U95/><E95/><V31/><F134/><W27/><G81/><T135/><D135/><U77/><E77/><V12/><F96/><AGARI ba="0,1" hai="19,22,25,33,34,35,79,83,84,86,89,92,96,97" machi="96" ten="40,1300,0" yaku="1,1,53,0" doraHai="123" doraHaiUra="113" who="1" fromWho="2" sc="250,0,240,23,250,-13,250,0" /><INIT seed="1,0,0,5,1,107" ten="250,263,237,250" oya="1" hai0="59,124,87,48,44,97,86,120,112,85,121,17,15" hai1="13,89,103,79,104,102,20,38,55,101,68,98,75" hai2="25,72,49,41,114,8,2,84,116,24,22,122,78" hai3="74,0,128,90,28,40,82,119,33,12,23,70,65"/><U123/><E123/><N who="0" m="47177" /><D112/><U6/><E38/><V45/><F122/><W92/><G0/><T96/><D59/><U54/><E68/><V73/><F116/><W106/><G106/><T69/><D69/><U64/><E64/><V71/><F71/><W77/><G40/><N who="0" m="24583" /><D124/><U118/><E118/><V36/><F114/><W94/><G128/><T88/><D88/><U76/><E76/><V132/><F132/><W135/><G135/><T19/><D19/><U58/><E55/><V56/><F25/><W50/><G90/><T113/><D113/><U95/><E104/><V126/><F126/><W67/><G28/><T57/><D57/><U109/><E109/><V52/><F84/><W125/><G77/><T62/><D62/><U66/><E66/><V32/><F32/><W129/><G33/><T91/><D91/><U35/><E35/><V111/><F78/><W131/><G65/><T3/><D3/><U93/><E93/><V26/><F111/><W11/><G67/><T134/><D134/><U29/><E29/><V30/><REACH who="2" step="1"/><F26/><REACH who="2" ten="250,263,227,250" step="2"/><W9/><G125/><T100/><D100/><U34/><E34/><V10/><F10/><AGARI ba="0,1" hai="10,15,17,85,86,87,96,97" m="24583,47177" machi="10" ten="30,1000,0" yaku="13,1" doraHai="107" who="0" fromWho="2" sc="250,20,263,0,227,-10,250,0" /><INIT seed="2,0,0,5,0,18" ten="270,263,217,250" oya="2" hai0="125,89,116,5,128,34,57,29,27,97,58,23,12" hai1="43,24,67,96,93,14,110,103,51,127,80,54,11" hai2="86,91,98,52,95,87,112,102,36,44,31,8,40" hai3="49,130,45,126,73,64,104,32,131,61,129,83,120"/><V41/><F112/><W122/><G104/><T25/><D128/><U60/><E127/><V81/><F8/><W46/><G32/><T123/><D123/><N who="3" m="47145" /><G83/><T9/><D116/><U19/><E110/><V56/><F31/><W70/><G73/><T3/><D125/><U16/><E43/><V21/><F21/><W50/><G126/><T35/><D35/><U59/><E80/><V115/><F115/><W118/><G118/><T66/><D66/><U132/><E132/><V85/><REACH who="2" step="1"/><F41/><REACH who="2" ten="270,263,207,250" step="2"/><W15/><G15/><T6/><D12/><U133/><E133/><V106/><F106/><W101/><G131/><T13/><D13/><U135/><E135/><V48/><AGARI ba="0,1" hai="36,40,44,48,52,56,81,85,86,87,91,95,98,102" machi="48" ten="20,7800,0" yaku="1,1,0,1,7,1,54,1,53,0" doraHai="18" doraHaiUra="74" who="2" fromWho="2" sc="270,-26,263,-26,207,88,250,-26" /><INIT seed="2,1,0,3,2,113" ten="244,237,295,224" oya="2" hai0="132,78,77,116,112,40,38,21,70,57,65,35,39" hai1="30,81,83,3,95,14,27,99,46,20,66,134,121" hai2="135,9,109,67,93,124,103,97,47,12,123,55,75" hai3="10,41,56,54,11,63,61,23,13,72,6,94,53"/><V87/><F123/><W28/><G72/><T18/><D112/><U51/><E3/><V107/><F75/><W26/><G41/><T90/><D35/><U130/><E121/><V59/><F135/><W49/><G53/><T31/><D31/><U60/><E134/><V128/><F128/><W88/><REACH who="3" step="1"/><G11/><REACH who="3" ten="244,237,295,214" step="2"/><T127/><D40/><U126/><E130/><V115/><F115/><W119/><G119/><T48/><D116/><U7/><E126/><V44/><F124/><W73/><G73/><T4/><D127/><U98/><E7/><V129/><F129/><W15/><G15/><T25/><D4/><U122/><E14/><V131/><F131/><W120/><G120/><T1/><D132/><U42/><E122/><V85/><F109/><W114/><G114/><T62/><D1/><U104/><E104/><V50/><F107/><W5/><G5/><T36/><D36/><U84/><E84/><AGARI ba="1,1" hai="6,10,13,23,26,28,49,54,56,61,63,84,88,94" machi="84" ten="30,8000,1" yaku="1,1,7,1,8,1,54,1,53,1" doraHai="113" doraHaiUra="17" who="3" fromWho="1" sc="244,0,237,-83,295,0,214,93" /><INIT seed="3,0,0,3,0,127" ten="244,154,295,307" oya="3" hai0="122,35,115,37,66,16,31,13,86,8,84,89,15" hai1="95,126,29,119,125,108,49,42,40,120,114,60,118" hai2="38,79,97,111,93,4,96,131,94,71,54,107,106" hai3="128,59,5,123,130,121,48,65,33,76,112,90,45"/><W23/><G33/><T20/><D122/><N who="3" m="46601" /><G76/><T135/><D37/><U53/><E29/><V6/><F79/><W27/><G5/><T19/><D135/><U87/><E87/><V109/><F38/><W43/><G90/><T101/><D115/><U73/><E73/><V18/><F18/><W25/><G23/><T50/><D66/><U99/><E95/><V92/><F92/><W12/><G12/><T78/><D101/><U129/><E99/><V116/><F116/><N who="1" m="44585" /><E120/><V64/><F4/><W39/><G27/><T26/><D78/><U30/><E30/><V47/><F6/><W62/><G25/><T74/><D74/><U32/><E32/><V81/><F81/><W70/><G112/><T63/><D63/><U7/><E7/><V110/><F94/><W17/><G17/><T10/><D89/><U9/><E9/><V2/><F2/><W72/><G72/><T67/><D67/><U80/><E80/><V36/><F97/><W24/><G24/><T56/><D35/><U41/><E114/><V14/><F93/><W88/><G88/><T105/><D105/><U104/><E104/><V21/><F96/><W34/><G34/><T77/><D77/><U0/><E0/><V134/><F107/><W102/><G102/><T82/><D82/><U117/><N who="1" m="44593" /><U85/><DORA hai="61" /><E85/><V55/><F106/><W58/><G58/><T103/><D103/><U124/><E60/><V46/><F21/><W100/><G100/><T57/><D86/><U83/><E83/><V51/><F14/><W68/><G68/><T22/><D84/><U11/><E125/><RYUUKYOKU ba="0,0" sc="244,-10,154,-10,295,-10,307,30" hai3="39,43,45,48,59,62,65,70,128,130" /><INIT seed="3,1,0,0,3,2" ten="234,144,285,337" oya="3" hai0="97,22,0,125,75,8,70,127,62,84,25,129,83" hai1="16,91,107,28,44,122,42,5,82,53,133,51,21" hai2="112,132,58,11,95,99,17,56,80,45,89,73,40" hai3="96,49,12,79,60,6,77,81,54,64,20,24,36"/><W57/><G36/><T43/><D75/><U105/><E122/><V87/><F112/><W109/><G109/><T50/><D97/><U93/><E28/><V76/><F132/><W135/><G135/><T63/><D129/><U7/><E82/><V39/><F17/><N who="3" m="12303" /><G96/><T13/><D0/><U98/><E133/><V46/><F46/><N who="3" m="27959" /><G81/><T120/><D120/><U115/><E115/><V123/><F123/><W48/><G48/><T119/><D70/><U102/><E42/><V106/><REACH who="2" step="1"/><F11/><AGARI ba="1,0" hai="6,11,12,57,60,64,77,79" m="27959,12303" machi="11" ten="30,2900,0" yaku="8,1,52,1" doraHai="2" who="3" fromWho="2" sc="234,0,144,0,285,-32,337,32" /><INIT seed="3,2,0,3,3,66" ten="234,144,253,369" oya="3" hai0="5,60,32,111,105,75,132,48,61,131,85,72,24" hai1="120,109,128,50,21,51,18,8,134,129,29,14,22" hai2="74,110,93,57,116,102,37,73,68,12,82,86,96" hai3="1,125,52,103,30,2,100,38,45,121,35,3,123"/><W76/><G76/><T17/><D105/><U20/><E51/><V23/><F116/><W33/><G125/><T107/><D107/><U95/><E50/><V78/><F37/><W130/><G130/><N who="1" m="50282" /><E95/><V90/><F110/><W135/><G135/><T27/><D111/><U46/><E46/><V9/><F23/><N who="1" m="8777" /><E109/><V119/><F119/><W89/><G89/><T36/><D36/><U55/><E55/><V91/><F57/><W127/><G127/><T122/><D48/><U94/><E94/><V42/><F42/><W87/><G87/><T15/><D85/><U53/><E53/><V7/><F90/><W126/><G126/><T6/><D72/><U56/><E56/><V54/><F54/><W81/><G52/><T114/><D75/><U67/><E67/><V44/><F44/><W34/><G30/><T113/><D61/><U118/><E118/><V0/><F73/><W133/><G133/><T83/><D60/><U25/><E134/><V47/><F47/><W31/><G31/><T80/><D132/><U79/><E79/><V88/><F91/><W97/><G81/><T101/><D83/><U115/><E115/><V41/><F41/><W71/><G71/><T11/><D80/><U58/><E58/><V106/><F68/><W108/><G108/><T77/><D77/><U70/><E70/><V13/><AGARI ba="2,0" hai="0,7,9,12,13,74,78,82,86,88,93,96,102,106" machi="13" ten="30,7900,0" yaku="0,1,24,2,54,1" doraHai="66" who="2" fromWho="2" sc="234,-22,144,-22,253,85,369,-41" /><INIT seed="4,0,0,0,1,123" ten="212,122,338,328" oya="0" hai0="129,74,113,10,34,17,32,110,29,103,98,100,96" hai1="120,122,30,22,11,91,119,87,83,104,9,62,93" hai2="36,12,53,130,24,13,116,18,101,118,115,121,46" hai3="31,63,66,133,58,33,132,106,1,41,86,39,128"/><T107/><D74/><U5/><E119/><N who="2" m="45611" /><F121/><W2/><G106/><T89/><D129/><U64/><E104/><V70/><F130/><W55/><G128/><T112/><D89/><U37/><E37/><V8/><F115/><N who="0" m="44106" /><D29/><U125/><E125/><V14/><F70/><W126/><G126/><T23/><D10/><U4/><E122/><V35/><F101/><W25/><G86/><T65/><D65/><U16/><E120/><V105/><F105/><W44/><REACH who="3" step="1"/><G66/><REACH who="3" ten="212,122,338,318" step="2"/><T59/><D107/><U49/><E30/><N who="2" m="19911" /><F53/><W94/><G94/><T21/><D98/><U135/><E93/><V52/><F52/><W67/><G67/><T0/><D96/><U102/><E64/><V69/><F69/><W81/><G81/><T90/><D103/><U45/><E102/><V84/><F84/><W48/><G48/><T72/><D100/><U43/><E135/><AGARI ba="0,1" hai="1,2,25,31,33,39,41,44,55,58,63,132,133,135" machi="135" ten="40,2600,0" yaku="1,1,20,1,53,0" doraHai="123" doraHaiUra="73" who="3" fromWho="1" sc="212,0,122,-26,338,0,318,36" /><INIT seed="5,0,0,3,2,95" ten="212,96,338,354" oya="1" hai0="2,21,13,118,72,67,116,74,5,52,125,98,112" hai1="65,117,45,109,12,44,40,96,64,14,7,104,32" hai2="1,83,101,56,100,20,34,113,85,18,19,8,50" hai3="54,55,107,128,66,62,121,103,134,69,80,86,133"/><U79/><E117/><V39/><F39/><W16/><G121/><T35/><D35/><U37/><E32/><V30/><F34/><W57/><G128/><T6/><D2/><U115/><E79/><V48/><F1/><W17/><G103/><T126/><D67/><U15/><E115/><V22/><F30/><W130/><G107/><T77/><D112/><U43/><E109/><V84/><F8/><W114/><G114/><T122/><D122/><U23/><E23/><V51/><F113/><W135/><G130/><T26/><D77/><U59/><E7/><V93/><F56/><W9/><G9/><N who="0" m="4271" /><D6/><U33/><E33/><V106/><F106/><W119/><G119/><T28/><D74/><U73/><E73/><V61/><F61/><N who="3" m="36031" /><G54/><T120/><D72/><U94/><E104/><V78/><F84/><W124/><G124/><N who="0" m="47723" /><D120/><U25/><E25/><N who="2" m="14487" /><F93/><W0/><G0/><T46/><D118/><U31/><E31/><V132/><F132/><W81/><G81/><T82/><D82/><U71/><E71/><V42/><F42/><W97/><G97/><T110/><D116/><U27/><E27/><AGARI ba="0,0" hai="19,22,27,48,50,51,78,83,85,100,101" m="14487" machi="27" ten="30,1000,0" yaku="8,1" doraHai="95" who="2" fromWho="1" sc="212,0,96,-10,338,10,354,0" /><INIT seed="6,0,0,1,0,49" ten="212,86,348,354" oya="2" hai0="61,16,31,70,45,132,50,110,26,59,133,89,6" hai1="11,73,42,24,17,123,20,114,87,102,34,83,106" hai2="122,88,51,116,97,38,117,103,108,8,65,90,121" hai3="18,69,27,35,135,80,84,55,4,57,22,129,25"/><V77/><F38/><W98/><G69/><T9/><D70/><U105/><E123/><N who="2" m="47115" /><F65/><W93/><G135/><T3/><D110/><U36/><E73/><V43/><F43/><W127/><G127/><T67/><D89/><N who="2" m="34410" /><F51/><N who="3" m="30975" /><G129/><T10/><D10/><U100/><E34/><V72/><F8/><W62/><G35/><T28/><D28/><U48/><E36/><V76/><F108/><W39/><G39/><T91/><D31/><U118/><E118/><N who="2" m="45675" /><F72/><W78/><G62/><T86/><D26/><U74/><E74/><V7/><F7/><W113/><G113/><T75/><D75/><U109/><E114/><V2/><F2/><W54/><G54/><T23/><D23/><U131/><E109/><V71/><F71/><W104/><G4/><T68/><D68/><U119/><E131/><V115/><F115/><W46/><G46/><T19/><D50/><U12/><E119/><V94/><AGARI ba="0,0" hai="76,77,94,97,103" m="45675,34410,47115" machi="94" ten="40,7800,0" yaku="34,2,54,1" doraHai="49" who="2" fromWho="2" sc="212,-26,86,-26,348,78,354,-26" /><INIT seed="6,1,0,5,0,60" ten="186,60,426,328" oya="2" hai0="90,74,67,58,119,1,126,113,70,19,103,72,2" hai1="112,76,49,132,125,134,28,94,63,57,77,92,20" hai2="23,75,71,131,56,110,129,61,38,5,25,46,107" hai3="0,116,78,101,54,24,93,133,84,35,80,17,73"/><V15/><F107/><W45/><G0/><T40/><D70/><U81/><E112/><V7/><F71/><W122/><G116/><T53/><D119/><U9/><E125/><V128/><F75/><W51/><G133/><T34/><D34/><U44/><E9/><V124/><F124/><W91/><G122/><T30/><D30/><U62/><E134/><V52/><F15/><W27/><G35/><T42/><D103/><U79/><E132/><V106/><F106/><W89/><G101/><T88/><D113/><U36/><E36/><V16/><F110/><W114/><G114/><T115/><D115/><U8/><E8/><V85/><F85/><W68/><G68/><T69/><D69/><U33/><E33/><V13/><F13/><W121/><G121/><T39/><D39/><U14/><E81/><V47/><F47/><W50/><G17/><T6/><D6/><U22/><E22/><V111/><F111/><W120/><G120/><T87/><D1/><U127/><E127/><V109/><F109/><W97/><G51/><T64/><D2/><U48/><E48/><N who="2" m="28695" /><F38/><W82/><AGARI ba="1,0" hai="24,27,45,50,54,73,78,80,82,84,89,91,93,97" machi="82" ten="20,1500,0" yaku="0,1,7,1" doraHai="60" who="3" fromWho="3" sc="186,-5,60,-5,426,-8,328,18" /><INIT seed="7,0,0,0,1,121" ten="181,55,418,346" oya="3" hai0="18,128,92,71,81,15,55,100,43,24,57,2,50" hai1="77,45,61,76,94,32,67,86,10,58,125,135,127" hai2="34,75,108,27,38,87,131,120,106,31,30,123,101" hai3="47,114,103,132,95,126,1,78,52,73,39,59,124"/><W22/><G1/><T105/><D105/><U40/><E32/><V72/><F38/><W83/><G114/><T21/><D71/><U36/><E10/><V111/><F131/><W0/><G0/><T70/><D70/><U56/><E86/><V12/><F12/><W60/><G132/><T5/><D128/><U104/><E94/><V102/><F87/><W130/><G130/><T107/><D107/><U109/><E77/><V42/><F42/><W97/><REACH who="3" step="1"/><G22/><REACH who="3" ten="181,55,418,336" step="2"/><T26/><D2/><U90/><E90/><V88/><F88/><W85/><G85/><T19/><D21/><U53/><E104/><V25/><F106/><W96/><G96/><T33/><D33/><AGARI ba="0,1" hai="25,27,30,31,33,34,72,75,101,102,108,111,120,123" machi="33" ten="25,6400,0" yaku="22,2,52,2" doraHai="121" who="2" fromWho="0" sc="181,-64,55,0,418,74,336,0" owari="117,-28.0,55,-44.0,492,58.0,336,14.0" /></mjloggm>