<mjloggm ver="2.3"><GO type="97"/><UN n0="%E5%9C%8B%E5%A3%AB%E7%84%A1%48%49%47%48" n1="%EF%BC%88%E2%89%A7%E2%96%BD%E2%89%A6%EF%BC%89" n2="%73%61%69%73%73%37%37%37" n3="%4E%61%4E%6F%4E%65" dan="14,15,14,13" rate="1922,2001,1921,1828" sx="M,M,M,M"/><TAIKYOKU oya="0"/><INIT seed="0,0,0,0,0,54" ten="250,250,250,250" oya="0" hai0="101,113,27,61,89,12,42,75,50,0,2,127,86" hai1="67,106,15,87,128,19,21,39,105,65,66,6,20" hai2="95,33,26,52,53,36,107,124,102,18,131,84,123" hai3="32,37,112,22,119,16,49,91,122,117,99,103,110"/><T69/><D113/><U132/><E39/><V25/><F123/><W83/><G112/><T68/><D127/><U62/><E132/><V34/><F124/><W4/><G122/><T114/><D114/><U44/><E128/><V64/><F131/><W45/><G32/><T98/><D75/><U82/><E44/><V46/><F64/><W71/><G71/><T126/><D126/><U28/><E6/><V134/><F134/><W38/><G110/><T10/><D27/><N who="1" m="16487" /><E106/><V51/><F36/><W93/><G4/><T56/><D69/><U7/><E105/><V100/><F107/><W24/><G117/><T109/><D68/><U29/><E7/><V92/><F18/><W59/><G59/><T63/><D109/><U23/><E29/><V35/><F84/><W116/><G116/><T94/><D63/><U60/><E23/><V129/><F129/><W57/><G57/><T14/><D14/><U58/><E62/><V78/><F78/><AGARI ba="0,0" hai="15,19,21,58,60,65,66,67,78,82,87" m="16487" machi="78" ten="30,2000,0" yaku="8,1,52,1" doraHai="54" who="1" fromWho="2" sc="250,0,250,20,250,-20,250,0" /><INIT seed="1,0,0,3,2,13" ten="250,270,230,250" oya="1" hai0="128,134,60,105,109,119,4,35,125,27,23,63,40" hai1="53,94,59,116,113,76,67,83,31,123,75,70,74" hai2="29,97,21,102,14,16,121,72,129,51,30,28,64" hai3="79,131,71,108,114,89,62,132,44,77,50,49,18"/><U110/><E123/><V26/><F121/><W78/><G114/><T106/><D119/><U32/><E116/><V80/><F129/><W47/><G131/><T126/><D35/><U92/><E113/><V118/><F118/><W19/><G108/><T36/><D109/><U66/><E75/><V41/><F64/><W82/><G132/><T88/><D128/><U124/><E110/><V12/><F80/><W43/><G71/><T38/><D134/><U98/><E124/><N who="0" m="47721" /><D4/><U22/><E32/><V1/><F1/><W56/><G82/><T15/><D15/><U112/><E112/><V117/><F72/><W2/><G89/><T90/><D40/><U127/><E127/><V6/><F6/><W61/><G2/><T48/><D48/><U11/><E11/><V24/><F24/><W122/><G122/><T9/><D9/><U99/><E70/><V133/><F133/><W91/><G91/><N who="0" m="34859" /><D27/><U115/><E115/><V95/><F117/><W103/><G103/><T10/><D23/><U107/><E22/><V57/><REACH who="2" step="1"/><F57/><REACH who="2" ten="250,270,220,250" step="2"/><W87/><G56/><T52/><D10/><U101/><E31/><V81/><F81/><W58/><G87/><T33/><D33/><U96/><E59/><V85/><F85/><W7/><G7/><T37/><D52/><U100/><E53/><V46/><AGARI ba="0,1" hai="12,14,16,21,26,28,29,30,41,46,51,95,97,102" machi="46" ten="30,8000,1" yaku="1,1,0,1,8,1,52,1,54,1,53,0" doraHai="13" doraHaiUra="73" who="2" fromWho="2" sc="250,-20,270,-40,220,90,250,-20" /><INIT seed="2,0,0,3,4,71" ten="230,230,310,230" oya="2" hai0="67,48,80,100,84,38,120,66,82,77,114,39,20" hai1="68,58,119,81,17,40,95,26,127,79,105,10,4" hai2="83,51,99,133,101,3,31,121,126,7,33,92,11" hai3="9,91,0,65,59,94,15,117,44,70,56,60,123"/><V128/><F121/><W75/><G123/><T55/><D120/><U115/><E68/><V89/><F126/><W19/><G117/><T122/><D122/><U86/><E105/><V124/><F128/><W29/><G75/><T118/><D118/><U88/><E119/><V125/><F133/><W35/><G0/><T111/><D111/><U108/><E115/><V25/><REACH who="2" step="1"/><F51/><REACH who="2" ten="230,230,300,230" step="2"/><W42/><G35/><T113/><D48/><U32/><E127/><V110/><F110/><W30/><G30/><T102/><D77/><U87/><E108/><V47/><F47/><W16/><G29/><T107/><D107/><U41/><E58/><V112/><F112/><W23/><G59/><T5/><D114/><U52/><E79/><V73/><F73/><W96/><G56/><T54/><D113/><U22/><E32/><V1/><F1/><W21/><REACH who="3" step="1"/><G19/><REACH who="3" ten="230,230,300,220" step="2"/><T18/><D18/><U63/><E17/><V109/><F109/><W64/><G64/><T62/><D67/><U78/><E4/><V27/><F27/><W69/><G69/><T98/><D66/><U8/><E26/><V2/><F2/><W43/><G43/><T49/><D5/><U6/><E40/><V85/><AGARI ba="0,2" hai="3,7,11,25,31,33,83,85,89,92,99,101,124,125" machi="85" ten="30,3000,0" yaku="1,1,0,1,53,0" doraHai="71" doraHaiUra="74" who="2" fromWho="2" sc="230,-10,230,-10,300,50,220,-10" /><INIT seed="2,1,0,2,2,129" ten="220,220,350,210" oya="2" hai0="52,36,49,17,116,32,104,18,117,24,99,83,70" hai1="1,59,97,91,64,72,25,94,28,133,56,106,76" hai2="65,68,120,6,102,81,14,124,127,4,112,34,135" hai3="87,89,37,29,60,122,128,101,27,23,96,114,10"/><V44/><F120/><W74/><G128/><T47/><D70/><U45/><E1/><V92/><F34/><W20/><G122/><T2/><D2/><U79/><E106/><V110/><F112/><W105/><G114/><T132/><D132/><U30/><E133/><V39/><F135/><W78/><G37/><T75/><D36/><U130/><E130/><V42/><F81/><W71/><G74/><T58/><D75/><U35/><E30/><V103/><F110/><W19/><G78/><T40/><D83/><U11/><E72/><V98/><F103/><W100/><G100/><N who="0" m="62495" /><D32/><U69/><E69/><V41/><F41/><W16/><G10/><T131/><D131/><U8/><E45/><V85/><F85/><W43/><G43/><T3/><D3/><U57/><REACH who="1" step="1"/><E64/><REACH who="1" ten="220,210,350,210" step="2"/><V63/><REACH who="2" step="1"/><F14/><REACH who="2" ten="220,210,340,210" step="2"/><W115/><G115/><T118/><D24/><U13/><E13/><V108/><F108/><W86/><G27/><T113/><D113/><U111/><E111/><V95/><F95/><W73/><G105/><T80/><D118/><U51/><E51/><V33/><F33/><W53/><G73/><T61/><D117/><U107/><E107/><V134/><F134/><W15/><G15/><T38/><D116/><U126/><E126/><AGARI ba="1,2" hai="4,6,39,42,44,63,65,68,92,98,102,124,126,127" machi="126" ten="40,3900,0" yaku="1,1,18,1,53,0" doraHai="129" doraHaiUra="31" who="2" fromWho="1" sc="220,0,210,-42,340,62,210,0" /><INIT seed="2,2,0,4,0,80" ten="220,168,402,210" oya="2" hai0="108,94,36,72,66,109,30,44,126,134,75,24,135" hai1="60,105,117,131,25,130,51,70,65,93,64,74,102" hai2="63,96,67,45,18,68,38,127,19,81,53,48,110" hai3="90,12,59,104,58,120,4,121,97,132,8,9,71"/><V11/><F127/><W34/><G71/><T103/><D126/><U41/><E117/><V21/><F110/><N who="0" m="42602" /><D66/><U114/><E114/><V29/><F96/><W13/><G34/><N who="0" m="20807" /><D103/><U54/><E74/><N who="0" m="28201" /><D94/><U22/><E64/><V10/><F81/><W52/><G132/><T88/><D88/><U129/><E105/><V47/><F29/><W119/><G119/><T92/><D92/><U40/><E93/><V39/><F39/><W83/><G104/><T95/><D95/><U91/><E91/><V23/><F21/><W111/><G111/><T100/><D100/><U123/><E123/><V35/><F35/><W128/><G128/><T82/><D82/><U7/><E7/><V50/><F38/><W17/><G97/><T27/><D27/><U20/><E102/><V6/><F6/><W2/><G2/><T98/><D98/><U76/><E76/><V107/><F107/><W3/><G3/><T28/><D28/><U99/><E99/><V106/><F106/><W15/><G15/><T57/><D57/><U16/><REACH who="1" step="1"/><E20/><REACH who="1" ten="220,158,402,210" step="2"/><V62/><F23/><W85/><REACH who="3" step="1"/><G59/><AGARI ba="2,1" hai="16,22,25,40,41,51,54,59,60,65,70,129,130,131" machi="59" ten="40,12000,2" yaku="1,1,2,1,19,1,54,1,53,2" doraHai="80" doraHaiUra="37" who="1" fromWho="3" sc="220,0,158,136,402,0,210,-126" /><INIT seed="3,0,0,4,4,43" ten="220,294,402,84" oya="3" hai0="16,52,70,41,58,73,97,79,134,76,19,98,18" hai1="61,85,119,90,89,126,14,5,112,92,96,4,12" hai2="132,88,51,64,2,10,3,7,86,35,34,93,91" hai3="120,95,113,100,109,131,71,133,122,77,117,67,102"/><W27/><G71/><T103/><D134/><U46/><E112/><V125/><F132/><W1/><G1/><T21/><D70/><U30/><E126/><V123/><F125/><W78/><G67/><T45/><D73/><U53/><E119/><V38/><F38/><W69/><G69/><T75/><D75/><U130/><E130/><V50/><F123/><N who="3" m="47147" /><G27/><T62/><D21/><U23/><E30/><V68/><F68/><W99/><G133/><T28/><D28/><U80/><E23/><V116/><F116/><W31/><G31/><T121/><D121/><U20/><E61/><V111/><F64/><W114/><G117/><T110/><D110/><U11/><E20/><V94/><F10/><W65/><G65/><T37/><REACH who="0" step="1"/><D98/><REACH who="0" ten="210,294,402,84" step="2"/><U60/><E12/><V56/><F111/><W87/><G109/><T104/><AGARI ba="0,1" hai="16,18,19,37,41,45,52,58,62,76,79,97,103,104" machi="104" ten="30,12000,2" yaku="1,1,2,1,0,1,52,1,54,2,53,0" doraHai="43" doraHaiUra="127" who="0" fromWho="0" sc="210,130,294,-30,402,-30,84,-60" owari="340,14.0,264,-14.0,372,48.0,24,-48.0" /></mjloggm>