<mjloggm ver="2.3"><GO type="169"/><UN n0="%E3%83%95%E3%83%AA%E3%83%86%E3%83%B3" n1="%E3%81%B9%E3%81%A3%E3%81%93%E3%83%BC%E2%99%AA" n2="%E7%99%BD%E9%AB%AA%E7%8C%AB" n3="%EF%BC%88%E2%89%A7%E2%96%BD%E2%89%A6%EF%BC%89" dan="16,17,16,18" rate="2103,2165,2011,2251" sx="M,F,F,M"/><TAIKYOKU oya="0"/><INIT seed="0,0,0,4,4,123" ten="250,250,250,250" oya="0" hai0="13,38,116,87,37,49,129,72,127,128,120,111,135" hai1="132,17,122,47,78,92,68,53,14,43,27,71,73" hai2="18,101,33,91,30,99,56,126,34,106,12,85,4" hai3="35,131,117,125,121,59,16,113,80,29,0,7,15"/><T19/><D120/><U63/><E122/><V134/><F126/><W107/><G107/><T84/><D116/><U3/><E3/><V40/><F134/><W62/><G117/><T57/><D72/><U41/><E27/><V74/><F74/><W23/><G113/><T36/><D135/><U86/><E73/><V94/><F4/><W1/><G131/><N who="0" m="50251" /><D127/><U67/><E53/><V21/><F40/><W54/><G121/><T100/><D100/><U58/><E132/><V70/><F70/><W5/><G125/><T25/><D25/><U119/><E43/><V75/><F75/><W130/><G130/><T103/><D103/><U60/><E60/><V22/><F22/><W48/><G1/><T2/><D2/><U44/><E44/><V8/><F8/><W109/><G0/><T51/><D111/><U45/><E45/><V69/><F69/><W20/><G109/><T110/><D110/><U6/><E119/><V115/><F115/><W66/><G80/><T77/><D77/><U104/><E104/><V90/><F30/><W11/><G35/><T98/><D98/><U52/><E67/><V46/><F46/><N who="3" m="27927" /><G29/><T32/><D32/><U39/><E78/><V105/><F106/><W88/><G88/><T76/><D57/><U112/><E112/><V50/><F91/><W124/><G124/><T89/><D76/><U10/><E86/><N who="0" m="32809" /><D89/><U31/><E92/><V133/><F133/><W118/><G118/><T95/><D95/><U114/><E31/><V42/><F42/><W65/><G65/><T24/><D24/><U55/><E114/><V81/><F105/><RYUUKYOKU ba="0,0" sc="250,10,250,-30,250,10,250,10" hai0="13,19,36,37,38,49,51" hai2="12,18,21,33,34,50,56,81,85,90,94,99,101" hai3="5,7,11,15,16,20,23,59,62,66" /><INIT seed="0,1,0,2,3,135" ten="260,220,260,260" oya="0" hai0="101,15,30,128,69,60,14,5,106,52,74,71,39" hai1="102,66,93,16,68,20,32,97,62,123,108,98,109" hai2="117,90,85,4,18,58,111,27,70,31,125,47,83" hai3="110,99,56,88,72,41,77,17,65,132,64,59,46"/><T40/><D74/><U76/><E123/><V49/><F117/><W44/><G110/><N who="1" m="42602" /><E32/><V92/><F111/><W79/><G132/><T33/><D71/><U91/><E76/><N who="3" m="29258" /><G72/><T116/><D116/><U104/><E20/><N who="2" m="15847" /><F70/><W129/><G17/><AGARI ba="1,0" hai="16,17,62,66,68,91,93,97,98,102,104" m="42602" machi="17" ten="30,2000,0" yaku="14,1,54,1" doraHai="135" who="1" fromWho="3" sc="260,0,220,23,260,0,260,-23" /><INIT seed="1,0,0,0,5,30" ten="260,243,260,237" oya="1" hai0="116,17,134,63,64,80,122,25,129,8,75,50,32" hai1="45,21,92,119,113,77,101,110,59,33,67,58,55" hai2="49,69,106,121,36,16,7,76,31,13,54,12,89" hai3="124,1,97,71,27,74,14,98,0,44,46,5,52"/><U117/><E113/><V20/><F106/><W94/><G74/><T79/><D116/><U100/><E33/><V11/><F121/><W29/><G71/><T90/><D122/><U95/><E77/><V123/><F123/><W103/><G124/><T38/><D38/><U47/><E110/><V73/><F69/><W37/><G37/><T9/><D129/><U53/><E21/><V109/><F109/><W114/><G114/><T24/><D134/><U105/><REACH who="1" step="1"/><E67/><REACH who="1" ten="260,233,260,237" step="2"/><V85/><F76/><W15/><G29/><T10/><D32/><U112/><E112/><V34/><F31/><W133/><G133/><T56/><D17/><U39/><E39/><V82/><F34/><W28/><G28/><T6/><D6/><U18/><E18/><V40/><F36/><W88/><G5/><T22/><D22/><U66/><E66/><V41/><F73/><W118/><G118/><T61/><D64/><U115/><E115/><V91/><REACH who="2" step="1"/><F89/><REACH who="2" ten="260,233,250,237" step="2"/><W84/><G88/><T83/><D75/><U99/><E99/><V70/><F70/><W86/><G98/><T104/><D79/><U107/><AGARI ba="0,2" hai="45,47,53,55,58,59,92,95,100,101,105,107,117,119" machi="107" ten="25,9600,0" yaku="1,1,0,1,22,2,53,0" doraHai="30" doraHaiUra="135" who="1" fromWho="1" sc="260,-32,233,116,250,-32,237,-32" /><INIT seed="1,1,0,3,2,134" ten="228,349,218,205" oya="1" hai0="78,16,120,31,35,28,7,36,108,73,107,27,80" hai1="40,72,25,26,0,13,55,115,132,6,22,61,102" hai2="20,59,54,18,11,57,79,83,1,33,86,2,89" hai3="58,117,49,105,15,98,109,68,103,76,116,17,43"/><U114/><E72/><V24/><F33/><W8/><G68/><T53/><D108/><U91/><E132/><V41/><F41/><W71/><G71/><T66/><D120/><U101/><E40/><V21/><F11/><W95/><G109/><T12/><D36/><U64/><E55/><V122/><F122/><W85/><G76/><T127/><D107/><U67/><E0/><V30/><F57/><W77/><G77/><T96/><D96/><U29/><E91/><V9/><F9/><W119/><G85/><T60/><D28/><U121/><E121/><V50/><F79/><W44/><REACH who="3" step="1"/><G58/><REACH who="3" ten="228,349,218,195" step="2"/><T125/><D53/><U111/><E111/><V104/><F54/><W97/><G97/><T131/><D131/><U70/><E70/><V118/><F59/><W3/><G3/><T113/><D113/><U133/><E114/><V128/><F1/><W56/><G56/><T52/><D52/><U48/><E115/><V110/><F2/><W99/><G99/><T112/><D112/><U34/><E67/><V94/><F110/><W123/><G123/><T14/><D66/><U126/><E64/><V46/><F128/><W5/><G5/><T4/><D60/><U37/><E6/><V87/><F87/><W81/><G81/><T63/><D63/><U88/><E61/><V62/><F62/><W23/><G23/><N who="0" m="11671" /><D4/><U42/><E133/><V32/><F21/><W38/><G38/><T124/><D7/><U74/><E22/><V100/><F83/><W10/><G10/><T84/><D84/><U82/><E37/><V130/><F130/><W106/><AGARI ba="1,1" hai="8,15,17,43,44,49,95,98,103,105,106,116,117,119" machi="106" ten="40,8000,1" yaku="1,1,5,1,0,1,12,1,53,0" doraHai="134" doraHaiUra="65" who="3" fromWho="3" sc="228,-21,349,-41,218,-21,195,93" /><INIT seed="2,0,0,2,0,20" ten="207,308,197,288" oya="2" hai0="9,89,25,77,50,132,123,87,40,32,29,104,97" hai1="16,51,126,59,90,133,71,47,57,80,46,60,102" hai2="134,100,64,3,52,66,82,118,84,43,18,93,75" hai3="63,108,79,55,131,49,19,69,117,7,113,42,34"/><V11/><F118/><W61/><G34/><T76/><D123/><U107/><E133/><V0/><F134/><W62/><G117/><T5/><D132/><U92/><E126/><V114/><F114/><W116/><G116/><T81/><D40/><U12/><E71/><V1/><F43/><W135/><G69/><T17/><D17/><U103/><E80/><V129/><F129/><W128/><G113/><T74/><D50/><U10/><E107/><V45/><F75/><W130/><G135/><T72/><D104/><U54/><E57/><V94/><F100/><W21/><G7/><T24/><D24/><U48/><E48/><N who="2" m="28687" /><F94/><W111/><G79/><T58/><D58/><U119/><E119/><V95/><F95/><W15/><REACH who="3" step="1"/><G42/><REACH who="3" ten="207,308,197,278" step="2"/><T91/><D77/><U122/><E122/><V27/><F0/><W8/><G8/><T38/><D76/><U36/><E36/><V109/><F1/><W105/><G105/><T53/><D38/><U106/><E106/><V83/><F3/><W115/><G115/><T6/><D6/><U127/><E127/><V28/><F11/><W22/><G22/><T101/><D9/><U110/><E47/><AGARI ba="0,1" hai="15,19,21,47,49,55,61,62,63,108,111,128,130,131" machi="47" ten="50,3200,0" yaku="1,1,19,1,53,0" doraHai="20" doraHaiUra="68" who="3" fromWho="1" sc="207,0,308,-32,197,0,278,42" /><INIT seed="3,0,0,0,0,60" ten="207,276,197,320" oya="3" hai0="86,104,37,58,94,120,22,27,66,54,55,62,119" hai1="127,101,20,103,83,73,98,74,46,51,129,99,131" hai2="39,23,10,71,57,109,93,88,35,68,116,40,108" hai3="75,65,16,118,111,82,130,21,19,102,135,34,87"/><W78/><G34/><T28/><D119/><U14/><E127/><V76/><F116/><W7/><G118/><T1/><D120/><U107/><E20/><V124/><F124/><W3/><G3/><T112/><D104/><U92/><E14/><V25/><F35/><W114/><G7/><T100/><D112/><U24/><E24/><V36/><F76/><W113/><G102/><T8/><D37/><U96/><E96/><V13/><F57/><W61/><G135/><T33/><D33/><U5/><E5/><V18/><F71/><W117/><G117/><T43/><D43/><U26/><E26/><V91/><F68/><W44/><G130/><N who="1" m="49674" /><E83/><V11/><F11/><W30/><G111/><N who="2" m="42569" /><F40/><AGARI ba="0,0" hai="40,46,51,73,74,92,98,99,101,103,107" m="49674" machi="40" ten="30,1000,0" yaku="19,1" doraHai="60" who="1" fromWho="2" sc="207,0,276,10,197,-10,320,0" /><INIT seed="4,0,0,4,1,13" ten="207,286,187,320" oya="0" hai0="81,3,78,134,46,27,73,44,25,49,132,121,124" hai1="15,1,23,117,10,103,114,125,29,52,0,123,92" hai2="39,9,26,83,110,12,41,42,45,28,64,91,93" hai3="43,96,120,129,101,122,105,112,30,69,56,60,59"/><T11/><D121/><N who="3" m="46697" /><G129/><T65/><D65/><U79/><E123/><V36/><F110/><W119/><G112/><T20/><D124/><U89/><E114/><V74/><F64/><N who="3" m="41095" /><G119/><T67/><D67/><U99/><E79/><V116/><F116/><W109/><G109/><T115/><D115/><U88/><E117/><V113/><F113/><W54/><G43/><T53/><D46/><U51/><E125/><V17/><F74/><W50/><G30/><T34/><D34/><U102/><E0/><V40/><F83/><W16/><G59/><T7/><REACH who="0" step="1"/><D27/><REACH who="0" ten="197,286,187,320" step="2"/><N who="1" m="16639" /><E1/><V94/><F39/><W4/><G4/><T97/><D97/><U108/><E108/><V106/><F36/><W48/><G56/><T55/><D55/><U100/><E100/><V63/><F45/><W133/><G54/><T21/><D21/><U86/><E103/><V70/><F70/><W2/><G96/><T62/><D62/><U8/><E102/><V126/><F63/><W57/><G101/><T76/><D76/><U71/><E71/><V87/><F126/><W38/><G57/><T127/><D127/><U111/><E111/><V85/><F106/><W90/><G105/><T47/><D47/><N who="1" m="27775" /><E8/><V118/><F118/><W66/><G66/><T32/><D32/><U77/><E77/><V128/><F41/><W84/><G38/><T75/><D75/><U107/><E107/><V58/><F58/><W131/><G50/><T135/><D135/><U82/><E10/><V22/><F42/><W95/><G48/><T80/><D80/><U18/><E15/><V6/><F40/><W68/><G68/><RYUUKYOKU ba="0,1" sc="197,15,286,15,187,-15,320,-15" hai0="3,7,11,20,25,44,49,53,73,78,81,132,134" hai1="18,82,86,88,89,92,99" /><INIT seed="4,1,1,3,5,36" ten="212,301,172,305" oya="0" hai0="10,71,115,78,47,53,24,39,128,84,64,4,132" hai1="76,31,23,32,79,68,44,73,111,20,28,38,127" hai2="16,133,72,57,70,2,104,41,94,1,100,3,63" hai3="91,85,69,117,95,77,92,46,86,135,105,50,19"/><T83/><D115/><U101/><E68/><V22/><F72/><W134/><G105/><T96/><D128/><U114/><E111/><V102/><F70/><W113/><G69/><T45/><D132/><N who="3" m="50729" /><G117/><T30/><D39/><U27/><E114/><V118/><F133/><W131/><G131/><T26/><D96/><U74/><E127/><V21/><F118/><W40/><G113/><T75/><D75/><U52/><E101/><V58/><F104/><W61/><G61/><T35/><D53/><U87/><E32/><V90/><F22/><W67/><G67/><T8/><D26/><U97/><E97/><V9/><F9/><W17/><G95/><T130/><D10/><U7/><E7/><V66/><F58/><W42/><G42/><T122/><D122/><U109/><E109/><V106/><F106/><W11/><G11/><T103/><D103/><U112/><E112/><V88/><F90/><W81/><AGARI ba="1,1" hai="17,19,40,46,50,77,81,85,86,91,92" m="50729" machi="81" ten="30,2000,0" yaku="20,1,52,1" doraHai="36" who="3" fromWho="3" sc="212,-11,301,-6,172,-6,305,33" /><INIT seed="5,0,0,5,0,96" ten="201,295,166,338" oya="1" hai0="97,31,68,25,78,133,12,60,10,41,18,61,113" hai1="14,88,135,73,127,107,29,98,2,95,128,46,19" hai2="65,124,23,92,50,119,67,38,7,27,69,106,54" hai3="37,3,55,64,93,87,85,5,132,130,91,99,51"/><U44/><E2/><V117/><F106/><W62/><G37/><T118/><D118/><U114/><E73/><V72/><F72/><W81/><G130/><T121/><D113/><U111/><E111/><V42/><F7/><W115/><G115/><T57/><D133/><U134/><E114/><V17/><F124/><W104/><G132/><N who="1" m="50730" /><E127/><V76/><F76/><W36/><G36/><T0/><D0/><U8/><E128/><V101/><F38/><W35/><G35/><T122/><D41/><U56/><E29/><V45/><F69/><W34/><G34/><T63/><D68/><U24/><E24/><V110/><F110/><W94/><G104/><T70/><D70/><U126/><E126/><V90/><F42/><W71/><G5/><T43/><D43/><U52/><E107/><V6/><F6/><W28/><G28/><T48/><D78/><U125/><E125/><V131/><F131/><W47/><G3/><T21/><REACH who="0" step="1"/><D97/><REACH who="0" ten="191,295,166,338" step="2"/><U59/><E59/><V15/><F119/><W66/><G99/><T89/><D89/><U49/><AGARI ba="0,1" hai="8,14,19,44,46,49,52,56,88,95,98" m="50730" machi="49" ten="30,6000,0" yaku="20,1,54,2" doraHai="96" who="1" fromWho="1" sc="191,-20,295,70,166,-20,338,-20" /><INIT seed="5,1,0,1,2,19" ten="171,365,146,318" oya="1" hai0="112,75,71,104,107,135,30,115,85,52,122,114,11" hai1="6,90,124,93,41,10,126,99,37,57,46,7,96" hai2="31,15,121,83,101,36,5,73,125,23,117,94,59" hai3="79,66,54,103,2,131,95,119,105,8,25,42,127"/><U130/><E130/><V58/><F117/><W62/><G105/><T109/><D109/><U33/><E33/><V4/><F121/><W87/><G119/><T18/><D75/><U78/><E78/><V38/><F125/><W60/><G131/><T61/><D122/><U45/><E57/><V43/><F73/><W56/><G127/><N who="1" m="48682" /><E46/><V53/><F83/><W49/><G42/><T133/><D71/><U97/><E7/><V67/><F43/><W3/><G79/><T76/><D30/><U28/><E28/><V91/><F36/><W20/><G62/><T51/><D61/><U14/><AGARI ba="1,0" hai="6,10,14,37,41,45,90,93,96,97,99" m="48682" machi="14" ten="30,1500,0" yaku="18,1" doraHai="19" who="1" fromWho="1" sc="171,-6,365,18,146,-6,318,-6" /><INIT seed="5,2,0,2,5,116" ten="165,383,140,312" oya="1" hai0="29,17,113,60,98,12,89,41,20,114,47,24,124" hai1="0,120,21,61,108,97,81,129,72,30,78,36,57" hai2="63,122,76,103,65,52,25,9,42,8,117,77,16" hai3="38,73,80,35,99,4,27,118,101,3,67,102,19"/><U69/><E129/><V71/><F117/><W32/><G38/><T14/><D124/><U44/><E0/><V18/><F122/><W128/><G118/><T127/><D127/><U95/><E69/><V7/><F42/><W58/><G35/><T79/><D79/><U59/><E120/><V31/><F103/><W130/><G3/><T91/><D60/><U90/><E108/><V40/><F40/><W15/><G4/><T23/><D14/><U88/><E59/><V64/><F64/><W28/><G73/><T132/><D132/><U56/><E56/><V49/><F76/><W13/><G80/><T75/><D75/><U115/><E44/><V5/><F77/><W51/><G13/><T133/><D98/><U83/><E83/><V131/><F7/><W123/><G123/><T66/><D66/><N who="1" m="39215" /><E36/><V68/><F68/><W107/><G102/><T87/><D133/><U135/><E115/><N who="0" m="44041" /><D87/><N who="1" m="48567" /><E135/><V93/><F131/><W70/><G58/><T105/><D105/><U104/><E104/><V119/><F119/><W110/><G110/><T54/><D54/><U109/><E109/><V39/><F39/><AGARI ba="2,0" hai="12,17,20,23,24,29,39,41,47,89,91" m="44041" machi="39" ten="30,1000,0" yaku="15,1" doraHai="116" who="0" fromWho="2" sc="165,16,383,0,140,-16,312,0" /><INIT seed="6,0,0,1,5,19" ten="181,383,124,312" oya="2" hai0="38,71,43,80,20,18,90,13,58,63,84,127,135" hai1="33,87,73,51,130,50,52,24,88,9,27,116,121" hai2="95,61,96,56,70,113,112,8,124,125,4,109,94" hai3="102,17,131,65,77,117,62,29,30,59,49,5,115"/><V3/><F70/><W107/><G117/><T133/><D71/><U53/><E73/><V16/><F109/><W85/><G131/><T114/><D114/><N who="2" m="44138" /><F61/><W100/><G5/><T55/><D127/><N who="2" m="48714" /><F56/><W81/><G115/><T15/><D15/><U76/><E130/><V67/><F67/><W105/><G105/><T132/><D43/><U1/><E121/><V110/><F110/><W42/><G107/><T134/><N who="0" m="33792" /><DORA hai="78" /><T66/><D38/><U21/><E116/><V91/><F95/><W98/><G17/><AGARI ba="0,0" hai="3,4,8,16,17,91,94,96" m="48714,44138" machi="17" ten="30,5800,0" yaku="15,1,18,1,54,1" doraHai="19,78" who="2" fromWho="3" sc="181,0,383,0,124,58,312,-58" /><INIT seed="6,1,0,3,2,67" ten="181,383,182,254" oya="2" hai0="37,102,81,23,1,85,47,82,35,62,95,24,120" hai1="61,68,19,52,50,14,127,6,53,39,48,116,131" hai2="119,96,91,125,3,77,45,134,92,84,7,29,49" hai3="17,41,83,18,86,56,26,63,112,59,99,74,60"/><V98/><F125/><W100/><G74/><T54/><D120/><U117/><E39/><V31/><F119/><W9/><G41/><T46/><D35/><U124/><E6/><V101/><F134/><W58/><G112/><T123/><D1/><U89/><E89/><V110/><F110/><W135/><G135/><T27/><D37/><U16/><E131/><V21/><F3/><W64/><G9/><T51/><D47/><U104/><E104/><V122/><F7/><W76/><G26/><T73/><D73/><U88/><E88/><V121/><F122/><W33/><G33/><T113/><D113/><U87/><E87/><V109/><F109/><W128/><G128/><T43/><D27/><U70/><E61/><V114/><F114/><W72/><G72/><T12/><D12/><AGARI ba="1,0" hai="12,14,16,19,48,50,52,53,68,70,116,117,124,127" machi="12" ten="25,12000,2" yaku="22,2,52,2,54,2" doraHai="67" who="1" fromWho="0" sc="181,-123,383,123,182,0,254,0" /><INIT seed="7,0,0,5,5,106" ten="58,506,182,254" oya="3" hai0="26,20,85,104,68,118,55,133,107,75,71,72,78" hai1="121,10,61,64,38,1,98,97,129,51,16,126,77" hai2="112,0,41,101,130,114,74,116,108,76,82,69,86" hai3="44,27,60,117,3,66,52,127,8,35,22,92,11"/><W83/><G35/><T47/><D118/><U120/><E38/><V89/><F0/><W79/><G127/><T39/><D133/><U73/><E126/><V96/><F69/><W100/><G3/><T45/><D39/><U84/><E97/><V43/><F116/><W32/><G32/><T54/><D78/><U2/><E51/><V12/><F108/><W59/><G117/><T105/><D85/><U99/><E84/><V31/><F31/><N who="3" m="17911" /><G83/><T29/><D29/><U94/><E99/><V57/><F12/><W53/><G79/><T119/><D119/><U132/><E132/><V14/><F14/><W88/><G100/><T7/><D7/><U48/><E1/><V103/><F103/><W110/><G110/><T67/><D20/><U56/><E48/><V33/><F33/><W23/><G23/><T111/><D26/><U125/><E125/><V87/><F87/><N who="3" m="52255" /><G44/><T9/><D9/><AGARI ba="0,0" hai="8,9,11,52,53,59,60,66" m="52255,17911" machi="9" ten="30,5800,0" yaku="8,1,54,2" doraHai="106" who="3" fromWho="0" sc="58,-58,506,0,182,0,254,58" /><INIT seed="7,1,0,3,1,129" ten="0,506,182,312" oya="3" hai0="96,22,114,39,128,100,23,11,62,58,57,87,113" hai1="28,31,126,132,4,17,101,102,7,6,135,21,32" hai2="118,110,131,43,18,53,46,44,41,19,109,9,107" hai3="8,38,79,24,47,64,85,99,55,105,117,116,82"/><W63/><G8/><T27/><D39/><U84/><E84/><V70/><F107/><W122/><G122/><T66/><D128/><U67/><E67/><V133/><F131/><W65/><G65/><T51/><D87/><U125/><E101/><V0/><F118/><W52/><G55/><T35/><D11/><U119/><E102/><V111/><F70/><W36/><G24/><T72/><D72/><U123/><E119/><V50/><F53/><W42/><G36/><T95/><D35/><U2/><E2/><V15/><F0/><W61/><G105/><T91/><D91/><U89/><E89/><V13/><F111/><W30/><G30/><N who="1" m="11306" /><E32/><V69/><F69/><W45/><G99/><T25/><D25/><N who="1" m="14511" /><E123/><V93/><F93/><W12/><G12/><T1/><D1/><U134/><AGARI ba="1,0" hai="4,6,7,125,126,132,134,135" m="14511,11306" machi="134" ten="40,12000,2" yaku="20,1,34,2,52,3" doraHai="129" who="1" fromWho="1" sc="0,-31,506,123,182,-31,312,-61" owari="-31,-53.0,629,73.0,151,-25.0,251,5.0" /></mjloggm>