<mjloggm ver="2.3"><GO type="169" lobby="0"/><UN n0="%EF%BC%88%E2%89%A7%E2%96%BD%E2%89%A6%EF%BC%89" n1="%E3%83%88%E3%83%90%E3%82%BE" n2="%6B%6F%68%73%68%69" n3="%E3%81%98%E3%82%83%E3%82%80%E2%99%AD" dan="17,17,17,16" rate="2135,2159,2136,2051" sx="M,M,M,M"/><TAIKYOKU oya="0"/><INIT seed="0,0,0,0,0,105" ten="250,250,250,250" oya="0" hai0="67,73,29,5,61,23,19,30,129,45,40,101,8" hai1="71,12,31,85,33,83,46,65,49,9,87,104,76" hai2="6,82,1,114,100,126,39,55,128,62,60,127,116" hai3="28,52,66,121,96,58,3,63,123,32,99,109,14"/><T15/><D129/><U115/><E104/><V89/><F114/><W103/><G3/><T91/><D101/><U56/><E71/><V54/><F39/><W21/><G109/><T119/><D91/><U70/><E70/><V37/><F37/><W117/><G117/><T106/><D106/><U98/><E115/><V53/><F128/><W88/><G32/><T84/><D84/><U134/><E134/><V69/><F116/><W125/><G125/><T80/><D80/><U107/><E33/><V92/><F100/><W113/><G113/><T78/><D78/><U24/><E107/><V130/><F82/><W81/><G103/><T110/><D73/><U16/><E98/><N who="3" m="37418" /><G121/><T7/><D119/><U57/><E87/><N who="2" m="52287" /><F69/><W35/><G35/><T44/><D110/><U36/><E36/><V133/><F133/><W0/><G0/><T22/><D5/><U132/><E132/><V74/><F130/><W41/><G41/><T102/><D102/><U111/><E111/><V68/><F68/><W17/><G28/><N who="0" m="10859" /><D40/><U11/><E11/><N who="2" m="2511" /><F74/><W48/><G123/><T86/><D86/><U93/><E93/><V112/><F112/><W42/><G42/><T90/><D90/><U59/><E31/><V25/><F127/><W97/><G81/><T27/><D23/><U122/><E122/><V50/><F126/><W26/><G97/><T34/><D34/><U72/><E72/><V47/><F25/><W95/><G26/><T75/><D75/><U43/><E24/><V131/><F131/><W94/><G88/><T51/><D51/><U2/><E2/><V108/><F108/><RYUUKYOKU ba="0,0" sc="250,0,250,0,250,0,250,0" hai0="7,8,15,19,22,27,44,45,61,67" hai1="9,12,16,43,46,49,56,57,59,65,76,83,85" hai2="47,50,53,54,55,60,62" hai3="14,17,21,48,52,58,63,66,94,95" /><INIT seed="0,1,0,4,5,126" ten="250,250,250,250" oya="0" hai0="125,80,38,30,20,48,78,88,51,133,98,84,119" hai1="123,28,21,112,128,87,103,7,59,73,99,92,41" hai2="70,9,39,62,102,16,46,14,95,27,77,75,71" hai3="129,32,89,50,24,2,23,25,4,31,36,83,22"/><T26/><D119/><U33/><E123/><V81/><F62/><W8/><G36/><T109/><D125/><U54/><E73/><V117/><F117/><W72/><G72/><T105/><D38/><U74/><E74/><V76/><F76/><W86/><G129/><T58/><D133/><U96/><E33/><V115/><F115/><W101/><G101/><T52/><D109/><U64/><E112/><V1/><F1/><W63/><G63/><N who="0" m="36295" /><D105/><U100/><E41/><V110/><F110/><W131/><G131/><T82/><D82/><U53/><E128/><V42/><REACH who="2" step="1"/><F27/><REACH who="2" ten="250,250,240,250" step="2"/><W93/><G25/><T108/><D108/><U0/><E0/><V57/><F57/><W61/><G61/><T68/><D68/><U37/><E59/><V130/><F130/><W111/><G111/><T29/><D29/><U85/><E28/><V17/><F17/><W35/><G35/><T45/><D45/><U18/><E18/><V56/><F56/><W122/><G122/><T13/><D13/><U55/><E64/><V120/><F120/><W132/><G132/><T44/><D44/><U107/><E7/><V118/><F118/><W104/><G32/><T65/><D65/><U69/><E69/><V5/><F5/><W113/><G24/><T91/><D78/><U60/><E60/><V135/><F135/><W66/><G66/><T34/><D34/><U121/><E121/><V15/><F15/><W127/><G127/><T19/><D30/><U134/><E134/><V6/><F6/><W12/><G31/><T49/><D98/><AGARI ba="1,1" hai="9,14,16,39,42,46,70,71,75,77,81,95,98,102" machi="98" ten="40,5200,0" yaku="1,1,54,1,53,1" doraHai="126" doraHaiUra="79" who="2" fromWho="0" sc="250,-55,250,0,240,65,250,0" /><INIT seed="1,0,0,4,4,80" ten="195,250,305,250" oya="1" hai0="120,102,116,9,119,60,48,25,89,44,26,41,110" hai1="28,46,71,32,122,86,124,52,18,33,8,135,23" hai2="114,0,14,54,118,105,22,87,97,133,75,103,21" hai3="20,30,98,131,59,6,34,115,100,74,39,55,58"/><U107/><E122/><V24/><F0/><W77/><G115/><T117/><D120/><U104/><E71/><V70/><F75/><W31/><G39/><T94/><D110/><U3/><E135/><V47/><F118/><W95/><G34/><T36/><D102/><U125/><E8/><V1/><F1/><W19/><G131/><T65/><D9/><U76/><E3/><V7/><F70/><W57/><G6/><T69/><REACH who="0" step="1"/><D36/><REACH who="0" ten="185,250,305,250" step="2"/><U78/><E107/><V67/><F105/><W82/><REACH who="3" step="1"/><G55/><REACH who="3" ten="185,250,305,240" step="2"/><T129/><D129/><U38/><E52/><V4/><F54/><W68/><G68/><T53/><D53/><U83/><E38/><V79/><F114/><W91/><G91/><T85/><AGARI ba="0,2" hai="25,26,41,44,48,60,65,69,85,89,94,116,117,119" machi="85" ten="30,4000,0" yaku="1,1,0,1,52,1,53,0" doraHai="80" doraHaiUra="108" who="0" fromWho="0" sc="185,60,250,-20,305,-10,240,-10" /><INIT seed="2,0,0,1,3,108" ten="245,230,295,230" oya="2" hai0="98,121,122,13,6,106,35,110,70,117,39,96,49" hai1="105,95,115,55,22,71,54,10,5,19,14,120,100" hai2="92,93,38,123,37,132,76,0,45,7,128,50,52" hai3="111,28,11,33,63,118,87,53,85,77,131,72,68"/><V130/><F123/><W75/><G118/><T86/><D39/><U30/><E120/><V99/><F132/><W94/><G111/><T74/><D74/><U16/><E105/><V134/><F134/><W47/><G131/><N who="2" m="50217" /><F76/><W58/><G68/><T9/><D70/><U127/><E71/><V109/><F109/><W113/><G33/><T80/><D35/><U51/><E127/><V42/><F7/><W56/><G28/><T34/><D34/><U114/><E30/><V97/><F0/><W44/><G11/><T102/><D110/><U12/><E5/><V46/><F38/><W29/><G29/><T59/><D117/><U89/><E100/><V32/><F32/><W112/><G94/><AGARI ba="0,0" hai="37,42,45,46,50,52,92,93,94,97,99" m="50217" machi="94" ten="30,2900,0" yaku="19,1,54,1" doraHai="108" who="2" fromWho="3" sc="245,0,230,0,295,29,230,-29" /><INIT seed="2,1,0,2,1,131" ten="245,230,324,201" oya="2" hai0="4,29,34,66,68,77,121,98,116,96,11,16,122" hai1="115,19,85,33,94,18,32,99,10,134,7,108,27" hai2="89,109,114,111,2,83,93,60,100,52,15,53,73" hai3="80,125,78,22,3,104,61,28,65,49,41,51,118"/><V58/><F2/><W69/><G118/><T86/><D116/><U95/><E115/><V110/><F114/><W64/><G104/><T103/><D96/><U26/><E108/><V14/><F100/><W67/><G3/><N who="0" m="415" /><D16/><U57/><E57/><V0/><F0/><W133/><G125/><T1/><D86/><U88/><E7/><V74/><F53/><W6/><G6/><T107/><D77/><U117/><E117/><V87/><F83/><W12/><G65/><T120/><D1/><U126/><E126/><V82/><F82/><W105/><G105/><T124/><D124/><U129/><E129/><V17/><F15/><W76/><G41/><T39/><D39/><U92/><E92/><V91/><REACH who="2" step="1"/><F89/><REACH who="2" ten="245,230,314,201" step="2"/><W101/><G101/><T25/><D122/><U56/><E88/><V43/><F43/><W31/><G80/><T63/><AGARI ba="1,1" hai="25,29,34,63,66,68,98,103,107,120,121" m="415" machi="63" ten="30,2000,0" yaku="25,1,23,1" doraHai="131" who="0" fromWho="0" sc="245,33,230,-6,314,-11,201,-6" /><INIT seed="3,0,0,0,1,89" ten="278,224,303,195" oya="3" hai0="5,130,117,96,65,48,102,17,3,2,73,49,53" hai1="135,35,34,111,18,119,99,127,92,70,85,108,93" hai2="30,14,13,19,88,74,32,86,106,114,38,107,40" hai3="110,78,55,24,47,42,45,103,72,112,20,95,33"/><W25/><G112/><T116/><D73/><U28/><E70/><V100/><F114/><W27/><G33/><T56/><D130/><U69/><E69/><V4/><F74/><W9/><G110/><N who="1" m="42026" /><E135/><V1/><F14/><W63/><G72/><T22/><D65/><U36/><E36/><V15/><F15/><W134/><G78/><T16/><D49/><U60/><E119/><V21/><F100/><W126/><G126/><T8/><D17/><U101/><E127/><V128/><F128/><W90/><G103/><T54/><D53/><U39/><E39/><V62/><F62/><W75/><G75/><T129/><D2/><U97/><E60/><V77/><F77/><W37/><G9/><T41/><D41/><U125/><E125/><V52/><F52/><W50/><G63/><T94/><REACH who="0" step="1"/><D129/><REACH who="0" ten="268,224,303,195" step="2"/><U87/><E18/><V66/><F66/><W64/><G64/><T76/><D76/><U44/><E44/><V79/><F79/><W123/><G134/><T113/><D113/><U115/><E115/><V98/><F40/><W67/><G67/><T91/><D91/><N who="1" m="55487" /><E28/><V124/><F124/><W133/><G133/><T46/><D46/><U80/><E80/><V122/><F30/><W84/><G123/><T58/><D58/><U31/><E31/><AGARI ba="0,1" hai="20,24,25,27,31,37,42,45,47,50,55,84,90,95" machi="31" ten="30,2900,0" yaku="7,1,52,1" doraHai="89" who="3" fromWho="1" sc="268,0,224,-29,303,0,195,39" /><INIT seed="3,1,0,1,1,30" ten="268,195,303,234" oya="3" hai0="59,20,36,68,96,103,126,102,62,63,13,125,131" hai1="119,79,130,55,51,121,60,97,7,92,69,98,134" hai2="3,72,42,0,106,133,109,8,110,78,123,66,33" hai3="54,99,38,2,34,4,1,50,14,107,31,81,41"/><W43/><G38/><T124/><D36/><U37/><E121/><V67/><F106/><W45/><G81/><T90/><D131/><U44/><E130/><V116/><F116/><W115/><G115/><T118/><D118/><U127/><E119/><V94/><F123/><W101/><G14/><T47/><D47/><U65/><E134/><V6/><F42/><W11/><REACH who="3" step="1"/><G2/><REACH who="3" ten="268,195,303,224" step="2"/><T104/><D125/><U28/><E127/><V120/><F0/><W17/><G17/><T23/><D126/><U77/><E37/><V88/><F3/><W112/><G112/><T32/><D124/><U39/><E39/><V84/><F120/><W29/><G29/><T89/><D13/><U75/><E28/><V83/><F133/><W80/><G80/><T122/><D122/><U71/><E75/><V52/><F72/><W15/><G15/><T135/><D135/><U25/><E79/><V53/><F78/><W87/><G87/><T82/><D82/><U111/><E77/><V22/><F83/><W58/><G58/><T18/><D59/><U61/><E69/><V9/><F84/><W64/><G64/><T128/><D68/><U16/><E65/><V19/><F67/><W73/><G73/><T49/><D128/><U70/><E70/><V91/><F66/><W129/><G129/><T24/><D18/><U21/><E71/><V100/><F19/><W117/><G117/><T27/><D27/><AGARI ba="1,1" hai="1,4,11,27,31,34,41,43,45,50,54,99,101,107" machi="27" ten="40,3900,0" yaku="1,1,52,1,53,0" doraHai="30" doraHaiUra="108" who="3" fromWho="0" sc="268,-42,195,0,303,0,224,52" /><INIT seed="3,2,0,1,2,16" ten="226,195,303,276" oya="3" hai0="124,77,135,42,110,45,19,11,20,106,112,134,22" hai1="100,88,75,61,5,80,85,34,122,114,50,82,43" hai2="27,47,113,63,55,116,86,91,123,101,109,74,46" hai3="15,104,108,95,65,25,92,54,93,41,102,52,97"/><W129/><G129/><T35/><D35/><U23/><E122/><V120/><F116/><W111/><G41/><T18/><D106/><U105/><E114/><V83/><F113/><W103/><G65/><T6/><D112/><U64/><E34/><V62/><F109/><N who="3" m="42059" /><G103/><T121/><D121/><N who="2" m="46666" /><F101/><W10/><G25/><T78/><D110/><U26/><E5/><AGARI ba="2,0" hai="5,10,15,52,54,92,93,95,97,102,104" m="42059" machi="5" ten="30,5800,0" yaku="14,1,10,1,54,1" doraHai="16" who="3" fromWho="1" sc="226,0,195,-64,303,0,276,64" /><INIT seed="3,3,0,5,3,92" ten="226,131,303,340" oya="3" hai0="86,66,108,72,70,75,87,2,30,41,50,7,88" hai1="12,100,46,52,82,118,127,18,21,113,135,84,125" hai2="132,67,37,119,83,79,121,20,11,124,78,97,8" hai3="74,80,43,22,4,47,32,77,1,15,73,122,107"/><W34/><G122/><T106/><D106/><U90/><E113/><V129/><F121/><W130/><G130/><T63/><D108/><U128/><E128/><V94/><F129/><W6/><G74/><T54/><D30/><U105/><E135/><V59/><F37/><N who="3" m="21999" /><G107/><T65/><D65/><U0/><E0/><V69/><F119/><W112/><G112/><T131/><D87/><U134/><E134/><V57/><F132/><W13/><G22/><T16/><D41/><U31/><E31/><V117/><F117/><W38/><G4/><T45/><D131/><U114/><E114/><V53/><F20/><W9/><G38/><T17/><D75/><U5/><E5/><V25/><F79/><W68/><G68/><T14/><D72/><U56/><E46/><V48/><F69/><W58/><G58/><T42/><D2/><U123/><E123/><V91/><F59/><W104/><G104/><T81/><REACH who="0" step="1"/><D42/><REACH who="0" ten="216,131,303,340" step="2"/><U126/><E118/><V51/><F67/><W33/><AGARI ba="3,1" hai="1,6,9,13,15,32,33,34,73,77,80" m="21999" machi="33" ten="30,1500,0" yaku="25,1" doraHai="92" who="3" fromWho="3" sc="216,-8,131,-8,303,-8,340,34" /><INIT seed="3,4,0,4,3,61" ten="208,123,295,374" oya="3" hai0="65,69,116,115,121,11,43,113,107,36,77,62,109" hai1="47,101,19,59,133,99,89,53,96,33,1,56,94" hai2="28,55,16,106,22,134,78,39,105,21,12,30,29" hai3="34,122,58,131,100,75,57,127,114,93,91,123,74"/><W31/><G114/><N who="0" m="43531" /><D107/><U6/><E33/><V14/><F39/><W118/><G118/><T76/><D116/><U48/><E133/><V124/><F78/><N who="0" m="30314" /><D121/><U51/><E6/><V4/><F134/><W32/><G131/><T66/><D109/><U111/><E111/><V8/><F124/><W38/><G100/><T67/><D11/><U82/><E1/><V27/><F55/><W5/><G5/><T26/><D26/><U44/><E19/><N who="2" m="12767" /><F105/><W40/><G127/><T13/><D13/><U132/><E132/><V79/><F79/><W125/><G125/><T80/><D80/><U95/><E82/><V135/><F106/><W2/><G2/><T3/><D3/><U70/><E70/><V84/><F84/><W10/><G122/><T24/><D24/><U103/><E89/><V126/><F135/><W119/><G119/><T42/><D42/><AGARI ba="4,0" hai="42,44,47,48,51,53,56,59,94,95,96,99,101,103" machi="42" ten="30,3900,0" yaku="7,1,9,1,8,1" doraHai="61" who="1" fromWho="0" sc="208,-51,123,51,295,0,374,0" /><INIT seed="4,0,0,3,4,126" ten="157,174,295,374" oya="0" hai0="28,96,68,111,38,87,1,14,73,33,77,61,2" hai1="130,42,56,19,70,105,93,112,119,16,53,117,39" hai2="63,27,106,23,10,92,36,30,104,90,107,134,69" hai3="9,125,37,41,67,102,25,59,103,44,17,100,82"/><T31/><D111/><U29/><E105/><V7/><F36/><W47/><G125/><T95/><D38/><U24/><E70/><V6/><F134/><W101/><G47/><T12/><D73/><U43/><E112/><V109/><F109/><W86/><G67/><T76/><D68/><U60/><E119/><V120/><F120/><W15/><G59/><T65/><D33/><U46/><E43/><V52/><F69/><W5/><G103/><N who="0" m="60831" /><D1/><U20/><E117/><V121/><F121/><W123/><G123/><T58/><D2/><U118/><E118/><V48/><F63/><W62/><G62/><T49/><D49/><U22/><E22/><V64/><F64/><W78/><REACH who="3" step="1"/><G25/><REACH who="3" ten="157,174,295,364" step="2"/><T81/><D77/><U94/><E46/><V108/><F108/><W97/><G97/><T74/><D74/><U115/><E56/><V3/><F27/><W128/><G128/><T18/><D14/><U129/><E24/><V83/><F3/><W110/><G110/><T40/><D40/><U51/><E42/><V88/><F106/><W13/><G13/><T113/><D113/><U71/><E115/><V26/><F107/><W45/><G45/><T98/><D98/><U66/><E130/><V35/><F104/><W133/><G133/><T0/><D0/><U91/><E129/><V54/><F48/><W114/><G114/><T72/><D72/><U79/><E51/><V89/><F26/><W131/><G131/><T34/><D34/><U127/><E71/><V135/><F35/><W55/><G55/><T4/><D4/><AGARI ba="0,1" hai="4,5,9,15,17,37,41,44,78,82,86,100,101,102" machi="4" ten="40,1300,0" yaku="1,1,53,0" doraHai="126" doraHaiUra="21" who="3" fromWho="0" sc="157,-13,174,0,295,0,364,23" /><INIT seed="5,0,0,1,2,45" ten="144,174,295,387" oya="1" hai0="79,38,36,123,81,117,35,119,102,84,69,18,57" hai1="29,130,65,120,108,124,50,88,114,17,25,72,132" hai2="22,97,4,49,115,16,32,52,99,39,66,2,103" hai3="68,118,128,13,113,129,87,80,34,70,31,24,61"/><U15/><E120/><V6/><F39/><W98/><G113/><T21/><D69/><U133/><E72/><V126/><F32/><W55/><G118/><T131/><D35/><N who="1" m="20911" /><E65/><V107/><F66/><W0/><G0/><T9/><D123/><U95/><E114/><V134/><F115/><W73/><G73/><T54/><D131/><N who="3" m="50249" /><G98/><T47/><D102/><U105/><E130/><V127/><F134/><N who="1" m="51817" /><E105/><V110/><F99/><W82/><G13/><T62/><D9/><N who="1" m="6383" /><E124/><V90/><F126/><W94/><G94/><T19/><D19/><U67/><E67/><V7/><F127/><W59/><G82/><T92/><D92/><U109/><E50/><V40/><F107/><W112/><G112/><T5/><D36/><U71/><E71/><V111/><F103/><W116/><G116/><T28/><D28/><U33/><E33/><V83/><F83/><W8/><G8/><T74/><D74/><U135/><N who="1" m="51825" /><U46/><DORA hai="48" /><E46/><V101/><F101/><W121/><G121/><T77/><D117/><U75/><E75/><V78/><F97/><AGARI ba="0,0" hai="88,95,97,108,109" m="6383,51825,20911" machi="97" ten="40,3900,0" yaku="20,1,54,1" doraHai="45,48" who="1" fromWho="2" sc="144,0,174,39,295,-39,387,0" /><INIT seed="5,1,0,3,3,32" ten="144,213,256,387" oya="1" hai0="109,72,103,71,55,15,79,129,50,42,53,93,24" hai1="86,81,44,12,92,2,39,67,115,135,101,23,13" hai2="78,74,6,41,91,69,85,94,20,38,127,5,116" hai3="121,76,19,29,34,16,97,128,105,36,120,10,65"/><U104/><E104/><V107/><F107/><W58/><G36/><T112/><D71/><U87/><E135/><V96/><F116/><W90/><G128/><T124/><D109/><U28/><E115/><V102/><F69/><W0/><G76/><T45/><D112/><U22/><E67/><V122/><F122/><W4/><G34/><T119/><D119/><U75/><E75/><V17/><F127/><W31/><G120/><T84/><D129/><U21/><E28/><V68/><F68/><W88/><G90/><T59/><D124/><U33/><E33/><V26/><F41/><W126/><G126/><T46/><D72/><U37/><E2/><V57/><F38/><W106/><G106/><T60/><D24/><U25/><E25/><V43/><F43/><W108/><G108/><T18/><D79/><N who="1" m="46399" /><E39/><V7/><F74/><W52/><G65/><T51/><D103/><U61/><E61/><V63/><F78/><W64/><G64/><T117/><D117/><U133/><E133/><V66/><F102/><W35/><G121/><T70/><D70/><U125/><E125/><V40/><F40/><W123/><G123/><T113/><D113/><U80/><E101/><V100/><F100/><W99/><G105/><T83/><D83/><U110/><E110/><V114/><F114/><W131/><G131/><T54/><D93/><U111/><E92/><V98/><AGARI ba="1,0" hai="5,6,7,17,20,26,57,63,66,85,91,94,96,98" machi="98" ten="30,2000,0" yaku="0,1,8,1" doraHai="32" who="2" fromWho="2" sc="144,-6,213,-11,256,23,387,-6" /><INIT seed="6,0,0,5,0,64" ten="138,202,279,381" oya="2" hai0="104,40,100,108,94,109,111,95,43,35,120,38,37" hai1="122,107,114,1,54,67,25,63,27,13,131,23,2" hai2="102,19,127,62,70,126,59,124,112,10,11,86,17" hai3="30,39,52,58,132,74,18,12,14,99,41,98,106"/><V60/><F112/><W9/><G74/><T29/><D120/><U117/><E107/><V90/><F102/><W24/><G132/><T46/><D35/><U26/><E117/><V128/><F128/><W42/><G106/><T45/><REACH who="0" step="1"/><D29/><REACH who="0" ten="128,202,279,381" step="2"/><U79/><E122/><V135/><F135/><W6/><G30/><T121/><D121/><U50/><E131/><V0/><F126/><W33/><G33/><T31/><D31/><U133/><E133/><V66/><F124/><W56/><G39/><T7/><D7/><U55/><E114/><V93/><F127/><W68/><G6/><T75/><D75/><U22/><E1/><V49/><F0/><W118/><G118/><T77/><D77/><U53/><E2/><V89/><F19/><W81/><G18/><T113/><D113/><U105/><E79/><V65/><F17/><W73/><G73/><T116/><D116/><U101/><E25/><V130/><F130/><W96/><G24/><T80/><D80/><U97/><E26/><V84/><F49/><W69/><G81/><AGARI ba="0,1" hai="10,11,59,60,62,65,66,70,81,84,86,89,90,93" machi="81" ten="30,2900,0" yaku="7,1,52,1" doraHai="64" who="2" fromWho="3" sc="128,0,202,0,279,39,381,-29" /><INIT seed="6,1,0,2,2,55" ten="128,202,318,352" oya="2" hai0="54,102,116,89,10,26,28,22,108,80,6,134,62" hai1="14,19,96,13,17,44,51,25,78,69,77,107,84" hai2="31,99,74,21,23,3,98,93,35,91,48,50,124" hai3="60,72,46,65,83,36,33,92,81,86,4,75,67"/><V132/><F3/><W120/><G120/><T121/><D121/><U123/><E69/><V0/><F0/><W119/><G119/><T29/><D116/><U130/><E123/><V87/><F74/><W7/><G33/><T16/><D108/><U112/><E112/><V82/><F35/><W52/><G36/><T131/><D131/><U34/><E130/><V2/><F2/><W110/><G110/><T9/><D102/><U61/><E61/><V49/><F124/><W43/><G43/><T64/><D134/><U101/><E34/><V40/><F132/><W127/><G127/><T88/><D54/><U12/><E25/><V115/><F115/><W133/><G133/><T15/><D9/><U57/><E57/><V113/><F113/><W66/><G75/><T24/><D80/><N who="3" m="30793" /><G72/><T30/><REACH who="0" step="1"/><D26/><REACH who="0" ten="118,202,318,352" step="2"/><U63/><E101/><V53/><F40/><W97/><G66/><T79/><D79/><U117/><E78/><V38/><F82/><W39/><G67/><T129/><D129/><U76/><E76/><V37/><F53/><W41/><G52/><T5/><D5/><U20/><E77/><V122/><F122/><W103/><G4/><T59/><AGARI ba="1,1" hai="6,10,15,16,22,24,28,29,30,59,62,64,88,89" machi="59" ten="30,12000,2" yaku="1,1,0,1,8,1,52,1,54,2,53,1" doraHai="55" doraHaiUra="11" who="0" fromWho="0" sc="118,133,202,-31,318,-61,352,-31" /><INIT seed="7,0,0,4,2,124" ten="251,171,257,321" oya="3" hai0="135,79,101,53,42,130,3,76,26,55,92,2,71" hai1="12,37,51,32,61,133,115,64,100,108,30,89,0" hai2="80,120,43,86,65,106,68,132,88,85,59,74,9" hai3="94,20,104,5,113,123,103,31,21,15,125,75,60"/><W28/><G123/><T46/><D71/><U69/><E108/><V72/><F106/><W83/><G125/><T131/><D135/><U121/><E121/><V67/><F120/><W127/><G127/><T98/><D26/><U36/><E0/><N who="0" m="41" /><D55/><U82/><E133/><V23/><F132/><W33/><G113/><T99/><D53/><U13/><E115/><V112/><F112/><W84/><G104/><T117/><D99/><U134/><E134/><V126/><F126/><W14/><G75/><T78/><D117/><U17/><E51/><V77/><F68/><W73/><G73/><T4/><D4/><U90/><E12/><N who="3" m="4650" /><G60/><T105/><D105/><U7/><E7/><V114/><F114/><W93/><G5/><T91/><D101/><U107/><E89/><V41/><F9/><W39/><G33/><T119/><D119/><U1/><E1/><V29/><F74/><W70/><G70/><T22/><D22/><N who="3" m="8809" /><G39/><N who="0" m="21855" /><D78/><U24/><E90/><V118/><F118/><W45/><G45/><T87/><D98/><U96/><REACH who="1" step="1"/><E82/><REACH who="1" ten="251,161,257,321" step="2"/><V57/><F80/><W19/><G103/><T56/><D91/><U34/><E34/><V122/><F88/><W95/><G83/><T110/><D110/><U49/><E49/><V10/><F122/><W97/><G97/><T52/><D131/><U109/><E109/><V47/><F29/><W116/><G31/><T6/><D130/><U129/><E129/><V111/><F111/><W81/><G28/><T35/><D35/><U8/><AGARI ba="0,1" hai="8,13,17,24,30,32,36,37,61,64,69,96,100,107" machi="8" ten="20,12000,2" yaku="1,1,0,1,7,1,25,2,53,1" doraHai="124" doraHaiUra="11" who="1" fromWho="1" sc="251,-30,161,130,257,-30,321,-60" /><INIT seed="8,0,0,1,0,75" ten="221,291,227,261" oya="0" hai0="6,44,2,76,30,98,31,56,129,82,107,33,8" hai1="35,92,96,87,41,85,118,79,22,111,38,105,23" hai2="55,16,34,116,104,50,24,131,11,109,12,0,132" hai3="9,68,80,72,58,128,66,119,14,47,17,7,113"/><T89/><D129/><U122/><E122/><V54/><F109/><W26/><G119/><T77/><D33/><U51/><E111/><V83/><F104/><W57/><G113/><T4/><D107/><U95/><E35/><V10/><F131/><W94/><G128/><T135/><D135/><U81/><E38/><V73/><F132/><W32/><G47/><T19/><D44/><N who="1" m="25999" /><E105/><V49/><F116/><W48/><G68/><T1/><D1/><U121/><E121/><V18/><F34/><W84/><G72/><T62/><D2/><U134/><E134/><V86/><F73/><W15/><G94/><N who="1" m="35882" /><E118/><V120/><F120/><W71/><G71/><T64/><D98/><U27/><E96/><V125/><F125/><W108/><G108/><T70/><D70/><U90/><E27/><V110/><F110/><W28/><G66/><T63/><D63/><U36/><E36/><V103/><F103/><W67/><G67/><T65/><D65/><U61/><E61/><V93/><F93/><AGARI ba="0,0" hai="22,23,79,81,85,87,90,93" m="35882,25999" machi="93" ten="30,2000,0" yaku="8,1,52,1" doraHai="75" who="1" fromWho="2" sc="221,0,291,20,227,-20,261,0" owari="221,-18.0,311,41.0,207,-29.0,261,6.0" /></mjloggm>