<mjloggm ver="2.3"><GO type="41"/><UN n0="%E3%82%8C%E3%81%83%E3%82%89" n1="%52%65%4D%61%72%69%6D%6F" n2="%EF%BC%88%E2%89%A7%E2%96%BD%E2%89%A6%EF%BC%89" n3="%70%65%61%63%68%63%61%74" dan="15,16,15,14" rate="1978,2002,2069,1934" sx="F,M,M,M"/><TAIKYOKU oya="0"/><INIT seed="0,0,0,0,4,105" ten="250,250,250,250" oya="0" hai0="89,109,17,80,22,44,91,59,68,127,100,38,16" hai1="103,111,87,37,97,8,49,0,78,43,92,36,115" hai2="6,129,76,9,128,99,85,118,123,29,107,28,5" hai3="102,56,73,25,27,90,133,18,60,110,120,83,117"/><T39/><D100/><U61/><E111/><V93/><F123/><W13/><G117/><T7/><D7/><N who="2" m="2570" /><F118/><W70/><G110/><T4/><D68/><U10/><E115/><V98/><F9/><W35/><G120/><T131/><D109/><U126/><E126/><V122/><F107/><W108/><G133/><T104/><D127/><U53/><E0/><V84/><F122/><W40/><G102/><T2/><D4/><U42/><E37/><V3/><F3/><W11/><G40/><N who="1" m="15402" /><E61/><V77/><F93/><W114/><G114/><T64/><D104/><U19/><E36/><V79/><F85/><W74/><G70/><T33/><D33/><U71/><E71/><V47/><F84/><W55/><G35/><T65/><D65/><U82/><E19/><V14/><F47/><AGARI ba="0,0" hai="8,10,47,49,53,78,82,87,92,97,103" m="15402" machi="47" ten="30,1000,0" yaku="8,1" doraHai="105" who="1" fromWho="2" sc="250,0,250,10,250,-10,250,0" /><INIT seed="1,0,0,1,4,47" ten="250,260,240,250" oya="1" hai0="12,113,96,75,134,95,15,4,3,68,48,33,81" hai1="19,54,16,24,42,127,13,80,50,34,67,28,116" hai2="0,11,121,91,101,41,79,37,31,89,130,56,103" hai3="25,125,94,17,6,49,61,87,38,30,29,97,39"/><U8/><E116/><V115/><F121/><W59/><G6/><T135/><D68/><U45/><E127/><V111/><F115/><W66/><G125/><T72/><D33/><U100/><E100/><V88/><F111/><W21/><G87/><T77/><D72/><U64/><E80/><V122/><F122/><W22/><G39/><T119/><D119/><U93/><E93/><V2/><F130/><W112/><G112/><T55/><D113/><U133/><E133/><N who="0" m="50697" /><D3/><U71/><E71/><V18/><F31/><W32/><G38/><T124/><D4/><U5/><REACH who="1" step="1"/><E54/><REACH who="1" step="2"/><V40/><F103/><W20/><G32/><T9/><D124/><U43/><E43/><V57/><F41/><W10/><G22/><T65/><D65/><AGARI ba="0,1" hai="5,8,13,16,19,24,28,34,42,45,50,64,65,67" machi="65" ten="40,7700,0" yaku="1,1,52,1,54,1,53,0" doraHai="47" doraHaiUra="86" who="1" fromWho="0" sc="250,-77,250,87,240,0,250,0" /><INIT seed="1,1,0,3,5,49" ten="173,337,240,250" oya="1" hai0="40,42,53,90,97,57,20,108,44,36,33,104,123" hai1="14,2,101,35,19,37,50,73,15,83,5,11,62" hai2="32,76,87,102,24,135,75,117,48,9,124,59,77" hai3="51,110,115,71,18,21,128,13,113,120,78,109,72"/><U58/><E37/><V99/><F117/><W126/><G120/><T80/><D33/><U55/><E35/><V79/><F135/><W45/><G71/><T105/><D108/><N who="3" m="41577" /><G128/><T7/><D123/><U107/><E107/><V8/><F124/><W66/><G66/><T106/><D7/><U85/><E101/><V1/><F75/><W119/><G119/><T16/><D42/><U91/><E73/><V70/><F70/><W23/><G126/><T27/><D80/><U88/><E2/><V114/><F114/><N who="3" m="43531" /><G78/><T92/><REACH who="0" step="1"/><D106/><REACH who="0" step="2"/><U64/><E5/><V22/><F32/><W25/><G72/><T96/><D96/><U130/><E130/><V28/><F99/><W122/><G122/><T121/><D121/><U98/><E98/><V31/><F87/><W4/><G4/><T6/><D6/><U127/><E127/><V81/><F1/><W94/><G94/><T39/><D39/><U129/><E129/><V41/><F81/><W86/><G86/><T3/><D3/><U61/><E83/><V116/><F116/><W29/><G45/><T30/><D30/><U134/><E85/><V132/><F28/><W60/><G51/><AGARI ba="1,1" hai="16,20,27,36,40,44,51,53,57,90,92,97,104,105" machi="51" ten="30,7700,0" yaku="1,1,7,1,52,1,54,1,53,0" doraHai="49" doraHaiUra="131" who="0" fromWho="3" sc="163,90,337,0,240,0,250,-80" /><INIT seed="2,0,0,0,3,132" ten="253,337,240,170" oya="2" hai0="117,41,101,64,59,114,88,81,42,98,84,48,134" hai1="17,80,28,44,95,2,61,39,30,85,54,5,45" hai2="29,7,20,9,110,128,118,62,76,93,72,66,51" hai3="79,53,12,97,102,127,105,121,6,96,108,57,130"/><V3/><F118/><W125/><G121/><T94/><D114/><U1/><E1/><V99/><F128/><W115/><G115/><T63/><D134/><U104/><E104/><V122/><F122/><W21/><G108/><T82/><D117/><U69/><E2/><V32/><F110/><W126/><G130/><T46/><REACH who="0" step="1"/><D82/><REACH who="0" step="2"/><U100/><E80/><V71/><F72/><W35/><G79/><T13/><D13/><U131/><E131/><V34/><F76/><W75/><G75/><T11/><D11/><U106/><E39/><V112/><F112/><W91/><G35/><T90/><D90/><U74/><E74/><V15/><F51/><N who="3" m="30911" /><G91/><T22/><D22/><U47/><E100/><V133/><F133/><W50/><G21/><T4/><D4/><U37/><E5/><V135/><F135/><W10/><G97/><T92/><D92/><U113/><E113/><V123/><F123/><W31/><G50/><T120/><D120/><U56/><E37/><V16/><REACH who="2" step="1"/><F29/><AGARI ba="0,1" hai="6,10,12,29,31,96,102,105,125,126,127" m="30911" machi="29" ten="30,7700,0" yaku="18,1,52,3" doraHai="132" who="3" fromWho="2" sc="243,0,337,0,240,-77,170,87" /><INIT seed="3,0,0,1,2,75" ten="243,337,163,257" oya="3" hai0="50,59,100,10,66,93,54,14,101,132,102,69,64" hai1="125,18,88,28,121,44,80,122,76,6,29,90,73" hai2="4,114,103,86,15,112,1,119,85,110,134,39,30" hai3="72,118,27,87,7,127,3,123,65,26,37,133,129"/><W21/><G123/><T104/><D104/><U71/><E71/><V12/><F119/><W9/><G118/><T55/><D132/><U98/><E125/><V20/><F134/><W68/><G133/><T120/><D120/><U116/><E116/><V35/><F39/><W22/><G72/><T79/><D69/><U117/><E117/><V34/><F110/><W45/><G129/><T67/><D93/><U91/><E6/><V8/><F103/><W31/><G127/><T52/><REACH who="0" step="1"/><D79/><REACH who="0" step="2"/><U106/><E122/><V131/><F131/><W108/><G108/><T82/><D82/><U99/><E121/><V89/><F114/><W13/><G68/><T77/><D77/><U94/><E106/><V0/><F112/><W124/><G124/><T107/><D107/><U11/><E94/><V41/><F89/><W113/><G113/><T109/><D109/><U57/><E99/><V48/><F86/><W96/><G96/><T61/><D61/><U105/><E98/><V78/><F85/><W51/><G87/><T74/><D74/><U19/><E105/><V60/><F60/><W128/><G128/><T135/><D135/><U81/><E81/><V83/><F83/><W25/><G37/><T70/><D70/><U32/><E73/><V36/><F36/><W23/><G65/><T111/><D111/><U5/><E80/><V62/><F62/><W126/><G126/><T16/><AGARI ba="0,1" hai="10,14,16,50,52,54,55,59,64,66,67,100,101,102" machi="16" ten="30,8000,1" yaku="1,1,0,1,8,1,54,2,53,0" doraHai="75" doraHaiUra="33" who="0" fromWho="0" sc="233,90,337,-20,163,-20,257,-40" /><INIT seed="4,0,0,3,2,62" ten="323,317,143,217" oya="0" hai0="69,86,27,3,121,81,115,85,122,98,15,32,100" hai1="118,16,84,41,30,82,4,23,56,34,10,131,77" hai2="21,67,50,35,95,20,74,61,5,43,94,28,87" hai3="75,54,114,33,117,110,47,133,120,38,111,45,89"/><T72/><D3/><U91/><E118/><V39/><F74/><W7/><G117/><T129/><D115/><U71/><E71/><V123/><F123/><W12/><G120/><T29/><D129/><U96/><E131/><V24/><F39/><W19/><G33/><T52/><D15/><U6/><E34/><V31/><F5/><W58/><G114/><T64/><D52/><U1/><E6/><V40/><F50/><W90/><G75/><T78/><D85/><U14/><E30/><V128/><F128/><W2/><G133/><T17/><D17/><U60/><E41/><V103/><F103/><W97/><G110/><T125/><D86/><U37/><E37/><V44/><F44/><W119/><G119/><T26/><D26/><U109/><E109/><V66/><F87/><W93/><G38/><T73/><D73/><U55/><REACH who="1" step="1"/><E96/><REACH who="1" step="2"/><V132/><F35/><W130/><G111/><T113/><D122/><U112/><E112/><V53/><F132/><W99/><G130/><T8/><D113/><U105/><E105/><V126/><F40/><W42/><G7/><T48/><D121/><U25/><E25/><N who="2" m="16431" /><F43/><W135/><G42/><T79/><D69/><U68/><E68/><V102/><F126/><W49/><G135/><T63/><D125/><U18/><E18/><V88/><F102/><W46/><G99/><T108/><D98/><U101/><E101/><V124/><F124/><W106/><G106/><T0/><D100/><U36/><E36/><V80/><F31/><W127/><G127/><T116/><D108/><U51/><E51/><V76/><F24/><RYUUKYOKU ba="0,1" sc="323,-10,307,30,143,-10,217,-10" hai1="1,4,10,14,16,23,55,56,60,77,82,84,91" /><INIT seed="5,1,1,5,3,58" ten="313,337,133,207" oya="1" hai0="61,37,92,22,119,100,66,89,43,52,131,57,81" hai1="50,88,75,115,118,121,77,44,94,95,15,84,18" hai2="12,56,17,31,112,45,38,124,11,14,70,73,28" hai3="71,19,76,111,126,35,108,29,62,8,116,23,24"/><U51/><E118/><V127/><F73/><W68/><G116/><T122/><D119/><U49/><E121/><V110/><F70/><W93/><G126/><N who="2" m="48169" /><F110/><W106/><G106/><T98/><D131/><U46/><E115/><V5/><F112/><W91/><G76/><T7/><D7/><U97/><E75/><V134/><F134/><W9/><G108/><T6/><D6/><U129/><E129/><V83/><F83/><W0/><G0/><T125/><D125/><U120/><E120/><V80/><F80/><W135/><G135/><T26/><D122/><U113/><E113/><V65/><F38/><W79/><G79/><T102/><D81/><N who="1" m="47151" /><E94/><V87/><F87/><W63/><G71/><T105/><D43/><U55/><E46/><V69/><F45/><W21/><G68/><T90/><D37/><U42/><E42/><V85/><F85/><N who="3" m="52463" /><G35/><T16/><D105/><U20/><AGARI ba="1,1" hai="15,18,20,44,49,50,51,55,88,95,97" m="47151" machi="20" ten="30,3000,0" yaku="8,1,54,1" doraHai="58" who="1" fromWho="1" sc="313,-11,337,43,133,-11,207,-11" /><INIT seed="5,2,0,5,2,114" ten="302,380,122,196" oya="1" hai0="67,38,119,100,107,18,5,11,10,0,110,84,28" hai1="123,39,130,108,35,59,126,96,125,88,98,3,2" hai2="12,29,91,44,53,124,89,128,102,13,43,131,115" hai3="16,95,129,21,135,104,54,101,41,133,27,1,99"/><U63/><E123/><V97/><F29/><W66/><G41/><T55/><D38/><U19/><E35/><V57/><F124/><N who="1" m="47721" /><E39/><V48/><F115/><W60/><G1/><N who="1" m="10" /><E130/><V72/><F72/><W121/><G121/><T118/><D110/><U37/><E37/><V87/><F131/><W56/><G129/><T80/><D67/><N who="1" m="39423" /><E108/><V134/><F128/><W51/><REACH who="3" step="1"/><G104/><REACH who="3" step="2"/><T122/><D107/><U9/><E88/><V69/><F89/><W65/><G65/><T58/><D122/><U42/><E42/><V20/><F91/><W79/><G79/><T116/><D100/><U24/><E24/><V61/><F43/><W76/><G76/><T117/><D117/><U8/><E8/><V47/><F102/><W111/><G111/><T74/><D11/><U70/><E70/><AGARI ba="2,1" hai="16,21,27,51,54,56,60,66,70,95,99,101,133,135" machi="70" ten="40,2600,0" yaku="1,1,54,1,53,0" doraHai="114" doraHaiUra="33" who="3" fromWho="1" sc="302,0,380,-32,122,0,186,42" /><INIT seed="6,0,0,4,5,54" ten="302,348,122,228" oya="2" hai0="32,72,21,88,17,43,20,100,126,117,112,13,124" hai1="57,131,115,4,120,76,59,73,24,93,36,5,22" hai2="103,91,80,23,67,114,125,74,9,134,110,85,30" hai3="96,105,26,87,39,6,18,3,132,94,101,7,121"/><V62/><F114/><W70/><G121/><T98/><D112/><U97/><E36/><V45/><F134/><W77/><G132/><T86/><D32/><U11/><E115/><V69/><F125/><N who="0" m="48234" /><D43/><U109/><E120/><V75/><F110/><W118/><G118/><T28/><D72/><U14/><E109/><V15/><F103/><W106/><G70/><T119/><D28/><U55/><E131/><V25/><REACH who="2" step="1"/><F45/><REACH who="2" step="2"/><W68/><G101/><T34/><D119/><U10/><E73/><V38/><F38/><W129/><G39/><T92/><D117/><U128/><E128/><V37/><F37/><W78/><G129/><T113/><D113/><U83/><E4/><AGARI ba="0,1" hai="4,9,15,23,25,30,62,67,69,74,75,80,85,91" machi="4" ten="30,2900,0" yaku="1,1,7,1,53,0" doraHai="54" doraHaiUra="33" who="2" fromWho="1" sc="302,0,348,-29,112,39,228,0" /><INIT seed="6,1,0,5,3,2" ten="302,319,151,228" oya="2" hai0="89,127,50,57,38,6,104,45,116,114,21,84,70" hai1="68,85,95,98,81,111,61,52,47,19,0,76,120" hai2="28,15,9,48,54,110,92,31,132,102,7,17,39" hai3="115,42,129,34,87,3,55,51,106,126,101,71,56"/><V112/><F39/><W73/><G126/><T43/><D70/><U99/><E111/><V133/><F110/><W35/><G129/><T24/><D114/><U23/><E120/><V11/><F112/><W20/><G73/><T74/><D74/><U122/><E122/><V118/><F118/><W62/><G115/><T65/><D127/><U100/><E0/><N who="2" m="231" /><F92/><W49/><G20/><T135/><D104/><U72/><E72/><V46/><F102/><W121/><G121/><T44/><D116/><U14/><E68/><V90/><F90/><W124/><G124/><T97/><D97/><N who="1" m="59455" /><E47/><V78/><F78/><W82/><G3/><T26/><D26/><U37/><E37/><V33/><F33/><W125/><G125/><T80/><D57/><AGARI ba="1,0" hai="14,19,23,52,57,61,76,81,85,98,99" m="59455" machi="57" ten="30,2000,0" yaku="8,1,54,1" doraHai="2" who="1" fromWho="0" sc="302,-23,319,23,151,0,228,0" /><INIT seed="7,0,0,3,2,18" ten="279,342,151,228" oya="3" hai0="54,127,88,76,73,126,67,8,21,19,35,100,57" hai1="122,39,49,55,17,29,117,33,34,101,37,52,50" hai2="99,84,64,134,123,1,4,74,132,38,15,93,24" hai3="83,129,60,66,124,108,112,62,118,5,41,63,80"/><W135/><G118/><T61/><D35/><U89/><E122/><V107/><F123/><W30/><G108/><T23/><D100/><U28/><E101/><V58/><F74/><W97/><G112/><T91/><D76/><U3/><E117/><V119/><F119/><W116/><G116/><T90/><D73/><U75/><E75/><V68/><F38/><W14/><G135/><T87/><D87/><U98/><E17/><V26/><F1/><W59/><G129/><T32/><D32/><U133/><E3/><V77/><F68/><W70/><G124/><N who="0" m="47659" /><D67/><U25/><E133/><V16/><F4/><W44/><G30/><T110/><D110/><U65/><E65/><V0/><F0/><W104/><G104/><T72/><D72/><U48/><E39/><V113/><F107/><W128/><G128/><T92/><D92/><U47/><E37/><V13/><F113/><W12/><G97/><T125/><D125/><U20/><E48/><V106/><F106/><W120/><G120/><T56/><D56/><U109/><E109/><V102/><F134/><W111/><G111/><T121/><D121/><U131/><E131/><V95/><F132/><W69/><G70/><T2/><D2/><U10/><E34/><V85/><F13/><AGARI ba="0,0" hai="8,13,19,21,23,54,57,61,88,90,91" m="47659" machi="13" ten="30,7700,0" yaku="18,1,52,2,54,1" doraHai="18" who="0" fromWho="2" sc="279,77,342,0,151,-77,228,0" owari="356,46.0,342,14.0,74,-43.0,228,-17.0" /></mjloggm>