<mjloggm ver="2.3"><GO type="169"/><UN n0="%E2%80%9C%72%61%69%6E%E2%80%9D" n1="%EF%BC%88%E2%89%A7%E2%96%BD%E2%89%A6%EF%BC%89" n2="%E5%A4%A7%E6%AD%A3%E9%BA%BB%E9%9B%80%E5%A8%98%E3%80%82" n3="%E8%B6%85%E4%BA%BA%EF%BC%AD" dan="16,17,17,17" rate="2113,2213,2187,2123" sx="M,M,F,M"/><TAIKYOKU oya="0"/><INIT seed="0,0,0,3,3,9" ten="250,250,250,250" oya="0" hai0="64,21,109,101,135,5,100,93,54,94,6,58,133" hai1="128,49,79,119,81,95,43,107,129,96,114,0,91" hai2="130,76,82,4,33,17,74,124,132,103,72,104,42" hai3="55,123,36,39,60,59,32,63,67,70,122,84,40"/><T45/><D64/><U34/><E34/><V116/><F33/><W16/><G84/><T48/><D58/><U118/><E0/><V18/><F74/><W117/><G32/><T24/><D109/><U113/><E107/><V106/><F4/><N who="0" m="1642" /><D100/><U88/><E91/><V10/><F106/><W15/><G117/><N who="1" m="44554" /><E49/><V51/><F116/><W108/><G108/><T102/><D102/><U52/><E52/><V62/><F62/><W80/><G80/><T89/><D89/><U131/><E43/><V30/><F42/><W98/><G98/><T13/><D101/><U22/><E22/><V50/><F51/><W71/><G71/><T2/><D2/><U38/><E38/><V35/><F50/><W99/><G99/><T46/><D46/><U12/><E12/><V56/><F104/><W73/><G73/><AGARI ba="0,0" hai="73,79,81,88,95,96,113,114,128,129,131" m="44554" machi="73" ten="40,8000,1" yaku="19,1,34,2,54,1" doraHai="9" who="1" fromWho="3" sc="250,0,250,80,250,0,250,-80" /><INIT seed="1,0,0,5,3,41" ten="250,330,250,170" oya="1" hai0="25,105,24,109,33,83,61,125,98,58,89,18,51" hai1="118,29,70,133,87,75,108,92,86,106,38,131,31" hai2="73,95,30,76,6,135,126,116,12,127,129,54,59" hai3="117,80,55,39,81,96,124,128,52,69,97,10,42"/><U114/><RYUUKYOKU type="yao9" ba="0,0" sc="250,0,330,0,250,0,170,0" hai1="29,31,38,70,75,86,87,92,106,108,114,118,131,133" /><INIT seed="1,1,0,4,5,126" ten="250,330,250,170" oya="1" hai0="28,12,10,54,43,68,65,125,111,34,80,91,117" hai1="118,93,60,95,90,9,133,134,107,96,18,42,103" hai2="135,105,41,50,89,25,35,128,6,58,44,84,121" hai3="116,19,33,38,2,57,113,64,40,36,98,49,8"/><U0/><E42/><V5/><F121/><W78/><G113/><T11/><D117/><U87/><E118/><V110/><F110/><W100/><G33/><T31/><D125/><U46/><E46/><V70/><F70/><W71/><G78/><T45/><D111/><U7/><E60/><V66/><F105/><W24/><G116/><T75/><D54/><U47/><E47/><V29/><F135/><W55/><G40/><T123/><D123/><U1/><E1/><V59/><F128/><W69/><G24/><T72/><D72/><U124/><E124/><V127/><F127/><W74/><G74/><T122/><D75/><U61/><E61/><V120/><F120/><W27/><G27/><T76/><D34/><U83/><REACH who="1" step="1"/><E18/><REACH who="1" ten="250,320,250,170" step="2"/><V109/><F109/><W104/><G64/><T21/><D43/><U52/><E52/><V77/><F66/><W48/><G48/><T15/><D65/><U14/><E14/><V85/><F58/><W30/><G30/><T37/><D28/><U26/><E26/><V17/><F17/><W92/><G19/><T88/><D31/><U13/><E13/><V130/><F59/><W22/><G38/><T39/><D37/><U81/><E81/><V56/><F56/><W108/><G36/><T79/><D80/><U62/><E62/><V16/><F16/><W129/><G69/><T119/><D68/><U23/><E23/><V114/><F25/><W3/><G71/><T94/><D21/><U86/><E86/><V20/><F29/><W131/><G108/><T97/><D39/><U73/><E73/><V63/><F20/><RYUUKYOKU ba="1,1" sc="250,-10,320,30,250,-10,170,-10" hai1="0,7,9,83,87,90,93,95,96,103,107,133,134" /><INIT seed="1,2,1,2,2,107" ten="240,350,240,160" oya="1" hai0="14,36,68,9,39,134,1,18,49,72,95,21,106" hai1="97,13,32,123,0,81,29,30,24,43,117,65,6" hai2="86,56,77,37,102,94,114,74,53,63,16,82,7" hai3="88,62,112,70,115,92,108,12,4,52,64,26,17"/><U73/><E123/><V96/><F37/><W124/><G4/><T35/><D106/><U41/><E117/><V75/><F114/><W44/><G26/><T33/><D68/><U116/><E30/><V110/><F110/><W27/><G27/><T10/><D134/><U8/><E116/><V76/><F76/><W101/><G101/><T135/><D135/><U54/><E65/><V122/><F122/><W58/><G44/><T23/><D49/><U45/><E97/><V51/><F7/><W104/><G104/><T129/><D95/><U47/><E54/><V60/><F60/><W128/><G108/><T5/><D72/><U79/><REACH who="1" step="1"/><E0/><REACH who="1" ten="240,340,240,160" step="2"/><V48/><F16/><W131/><G124/><T28/><D18/><U130/><E130/><N who="3" m="49706" /><G64/><T31/><D129/><U119/><E119/><V83/><F53/><W84/><G70/><T85/><D28/><U61/><E61/><V34/><F63/><W121/><G121/><T111/><D31/><U57/><E57/><V69/><F56/><W25/><G25/><T126/><D111/><U98/><E98/><V42/><F69/><W103/><G103/><T120/><D120/><U22/><E22/><AGARI ba="2,2" hai="12,17,22,52,58,62,84,88,92,112,115" m="49706" machi="22" ten="30,3900,0" yaku="19,1,54,2" doraHai="107" who="3" fromWho="1" sc="240,0,340,-45,240,0,160,65" /><INIT seed="2,0,0,5,2,119" ten="240,295,240,225" oya="2" hai0="23,134,60,53,3,125,94,87,59,109,96,73,88" hai1="80,130,2,61,105,37,122,67,58,114,15,1,4" hai2="22,51,28,127,101,84,99,29,50,118,13,48,121" hai3="124,83,9,44,112,47,21,89,16,74,131,11,45"/><V35/><F118/><W31/><G31/><T36/><D109/><U66/><E105/><V26/><F127/><W76/><G124/><T62/><D125/><U64/><E37/><V102/><F121/><W68/><G68/><T132/><D73/><U19/><E122/><V10/><F35/><W69/><G69/><T30/><D3/><U38/><E38/><V12/><F29/><W18/><G131/><T100/><D36/><U85/><E114/><V46/><F84/><W128/><G128/><T86/><D60/><U123/><E123/><V32/><F32/><W82/><G112/><T5/><D5/><U52/><E4/><V98/><F46/><W110/><G110/><T90/><D30/><U117/><E117/><V41/><F41/><W20/><G89/><N who="0" m="34411" /><D23/><U70/><E70/><V8/><F8/><W115/><G115/><T39/><D39/><U57/><E130/><V133/><F133/><AGARI ba="0,0" hai="53,59,62,86,87,94,96,100,132,133,134" m="34411" machi="133" ten="30,2000,0" yaku="20,1,54,1" doraHai="119" who="0" fromWho="2" sc="240,20,295,0,240,-20,225,0" /><INIT seed="3,0,0,2,2,96" ten="260,295,220,225" oya="3" hai0="50,59,83,45,117,133,30,79,36,2,106,97,126" hai1="20,13,119,110,122,69,127,123,6,68,1,27,75" hai2="24,103,100,87,115,98,35,10,47,72,99,95,108" hai3="70,11,37,104,61,113,78,109,101,86,71,132,23"/><W9/><G113/><T7/><D117/><U8/><E119/><V107/><F72/><W112/><G112/><T12/><D133/><U29/><E75/><V111/><F115/><W57/><G37/><T33/><D126/><U25/><E127/><V60/><F47/><W81/><G132/><T73/><D59/><U67/><E110/><N who="2" m="42027" /><F10/><W5/><G109/><T26/><D12/><U62/><E69/><V131/><F131/><W116/><G11/><N who="0" m="2551" /><D50/><U44/><E27/><V17/><F87/><W130/><G23/><T114/><D114/><U39/><E39/><V22/><F60/><W65/><G130/><T82/><D82/><U121/><E44/><V134/><F134/><W135/><G135/><T55/><D45/><U129/><E129/><V31/><F17/><W85/><G85/><T41/><D73/><U92/><E1/><V48/><F48/><W49/><G49/><T46/><D46/><U42/><E42/><V32/><AGARI ba="0,0" hai="22,24,31,32,35,95,98,99,100,103,107" m="42027" machi="32" ten="30,4000,0" yaku="14,1,52,2" doraHai="96" who="2" fromWho="2" sc="260,-10,295,-10,220,40,225,-20" /><INIT seed="4,0,0,3,1,16" ten="250,285,260,205" oya="0" hai0="32,101,126,123,68,3,31,110,116,84,125,130,18" hai1="26,59,75,103,67,22,4,109,63,90,50,49,34" hai2="93,28,35,10,29,95,89,61,45,12,120,83,96" hai3="122,5,87,78,44,91,77,94,107,6,23,54,102"/><T46/><D116/><U27/><E75/><V48/><F120/><W7/><G122/><T65/><D123/><U53/><E109/><V71/><F35/><W132/><G132/><T85/><D110/><U113/><E113/><V8/><F8/><W51/><G107/><T105/><D3/><U128/><E128/><V19/><F83/><W0/><G0/><T39/><D130/><U17/><E103/><V74/><F74/><W60/><G102/><T82/><D18/><U79/><E79/><V21/><F10/><W24/><REACH who="3" step="1"/><G60/><REACH who="3" ten="250,285,260,195" step="2"/><N who="0" m="39975" /><D101/><U133/><E133/><V117/><F117/><W114/><G114/><T99/><D105/><U36/><E63/><V131/><F131/><W88/><G88/><T25/><D126/><U38/><E90/><N who="2" m="55351" /><F61/><W72/><G72/><T56/><D125/><U119/><E119/><V100/><F100/><W73/><G73/><T15/><D99/><U135/><E135/><V47/><F71/><W127/><G127/><T37/><D85/><U11/><E36/><V41/><F45/><W70/><G70/><T1/><D46/><U121/><E38/><V124/><F124/><W14/><G14/><T111/><D15/><U97/><E121/><V30/><F89/><W118/><G118/><T13/><D111/><U43/><E97/><V9/><F95/><W80/><G80/><T98/><D82/><U57/><E50/><V108/><F108/><W129/><G129/><T104/><D39/><U62/><E49/><V33/><F33/><W40/><G40/><T20/><D37/><U42/><E62/><V2/><F2/><W134/><G134/><RYUUKYOKU ba="0,1" sc="250,-15,285,-15,260,15,195,15" hai2="9,12,19,21,28,29,30,41,47,48" hai3="5,6,7,23,24,44,51,54,77,78,87,91,94" /><INIT seed="5,1,1,1,0,89" ten="235,270,275,210" oya="1" hai0="56,79,30,98,2,116,104,129,42,95,126,92,48" hai1="61,4,64,86,135,68,6,123,69,102,97,110,78" hai2="22,45,107,108,59,124,119,24,120,50,36,118,53" hai3="70,83,29,66,113,23,62,43,85,106,77,10,54"/><U121/><E135/><V20/><F108/><W75/><G106/><T90/><D116/><U100/><E110/><V82/><F120/><W11/><G113/><T99/><D2/><U130/><E130/><V125/><F107/><W111/><G111/><T117/><D117/><U87/><E78/><V13/><F13/><W47/><G75/><T40/><D104/><U134/><E97/><V63/><F82/><W33/><G33/><T88/><D129/><U76/><E76/><V44/><F22/><W21/><G54/><N who="0" m="31815" /><D126/><N who="2" m="48746" /><F36/><W35/><G35/><T74/><D74/><U7/><E134/><V81/><F81/><W16/><G23/><T57/><D79/><U3/><E3/><V131/><F131/><W71/><G71/><T41/><D30/><U128/><E128/><V114/><F114/><W0/><G29/><T1/><D1/><U9/><E69/><V34/><F34/><W31/><G31/><T49/><D57/><U52/><E123/><V51/><F20/><W25/><REACH who="3" step="1"/><G0/><REACH who="3" ten="235,270,275,200" step="2"/><T67/><D67/><U32/><E32/><V55/><F24/><W12/><G12/><T80/><D80/><U58/><E121/><V122/><F122/><W27/><G27/><T28/><D28/><U5/><E64/><AGARI ba="1,2" hai="44,45,50,51,53,55,59,63,64,118,119" m="48746" machi="64" ten="30,3900,0" yaku="18,1,34,2" doraHai="89" who="2" fromWho="1" sc="235,0,270,-42,275,62,200,0" /><INIT seed="6,0,0,1,0,132" ten="235,228,337,200" oya="2" hai0="85,46,84,78,31,130,8,118,20,65,101,28,127" hai1="5,129,73,6,92,50,75,70,115,19,108,111,67" hai2="106,103,48,0,105,93,77,94,49,96,97,27,74" hai3="95,22,64,128,83,44,16,71,60,45,80,89,26"/><V122/><F0/><W57/><G128/><T110/><D110/><U63/><E129/><V47/><F122/><W81/><REACH who="3" step="1"/><G71/><REACH who="3" ten="235,228,337,190" step="2"/><T124/><D130/><U72/><E111/><V40/><F74/><W1/><G1/><T21/><D118/><U2/><E108/><V32/><F77/><W135/><G135/><T121/><D78/><U104/><E73/><V112/><F112/><W29/><G29/><T123/><D28/><U90/><E115/><V37/><F32/><W119/><G119/><T39/><D31/><U102/><E75/><V30/><F30/><W59/><G59/><T38/><D121/><U43/><E72/><V91/><F27/><W114/><G114/><T69/><D69/><U76/><E76/><V15/><F15/><W42/><G42/><T61/><D123/><U56/><E2/><V98/><F106/><W41/><G41/><T17/><D46/><N who="1" m="25951" /><E70/><V10/><F10/><W68/><G68/><T23/><D8/><U125/><E104/><V116/><F116/><W33/><G33/><T86/><D21/><U36/><E56/><V120/><F120/><W55/><G55/><T133/><D133/><U62/><E67/><V66/><F66/><W13/><G13/><T11/><D65/><U54/><E54/><V7/><F105/><W35/><G35/><T134/><D134/><U9/><E9/><V82/><F40/><W109/><G109/><T79/><D11/><U52/><E52/><V58/><F47/><W18/><G18/><T3/><D17/><U4/><E19/><V53/><F58/><W51/><G51/><T25/><D3/><RYUUKYOKU ba="0,1" sc="235,-10,228,-10,337,-10,190,30" hai3="16,22,26,44,45,57,60,64,80,81,83,89,95" /><INIT seed="7,1,1,4,0,86" ten="225,218,327,220" oya="3" hai0="128,14,114,35,110,118,115,105,133,89,6,4,104" hai1="98,83,82,68,55,129,37,72,59,108,47,97,87" hai2="57,38,99,119,120,45,50,36,66,112,56,121,71" hai3="77,76,18,62,74,39,100,28,5,41,34,125,65"/><W117/><G117/><T22/><D110/><U79/><E68/><V131/><F119/><W84/><G74/><T111/><D118/><U122/><E122/><N who="2" m="47211" /><F112/><N who="0" m="43050" /><D111/><U23/><E129/><V1/><F1/><W85/><G125/><T102/><D35/><U69/><E69/><V29/><F131/><W3/><G100/><T61/><D128/><U49/><E108/><V17/><F29/><W80/><G18/><N who="0" m="10583" /><D133/><U13/><E37/><V130/><F130/><W113/><G113/><T88/><D61/><U96/><E47/><V33/><F33/><W16/><G28/><T70/><D70/><U31/><E31/><V93/><F71/><N who="3" m="42423" /><G34/><T8/><D4/><U67/><E13/><V101/><F17/><W60/><G16/><T20/><D20/><U19/><E19/><V103/><F66/><W58/><G77/><T40/><D40/><U9/><E67/><V12/><F12/><W44/><G5/><T63/><D63/><U73/><E23/><V135/><F135/><W64/><G3/><N who="0" m="95" /><D102/><U134/><E134/><V94/><F103/><W46/><G46/><T42/><D42/><U15/><E9/><V25/><F45/><W95/><G95/><T2/><D2/><U26/><E15/><V32/><F94/><W106/><G106/><AGARI ba="1,1" hai="88,89,104,105,106" m="95,10583,43050" machi="106" ten="30,8000,1" yaku="15,1,11,1,52,2,54,1" doraHai="86" who="0" fromWho="3" sc="225,93,218,0,327,0,220,-83" owari="318,12.0,218,-18.0,327,42.0,137,-36.0" /></mjloggm>