<mjloggm ver="2.3"><GO type="41"/><UN n0="%E6%A5%BD%E5%9C%92%E3%81%AE%E5%B7%AB%E5%A5%B3" n1="%77%65%7A%32" n2="%EF%BC%AA%EF%BC%AA" n3="%EF%BC%88%E2%89%A7%E2%96%BD%E2%89%A6%EF%BC%89" dan="13,13,13,15" rate="1887,1873,1934,2059" sx="F,M,M,M"/><TAIKYOKU oya="0"/><INIT seed="0,0,0,3,4,104" ten="250,250,250,250" oya="0" hai0="12,66,117,107,57,56,58,23,47,103,131,9,108" hai1="97,125,69,31,90,133,92,2,10,112,122,78,29" hai2="53,63,59,68,34,72,96,33,0,123,8,13,21" hai3="70,121,26,4,102,84,77,98,126,130,64,128,41"/><T44/><D117/><U94/><E69/><V115/><F123/><W49/><G121/><T116/><D116/><U119/><E122/><V114/><F115/><W62/><G126/><T25/><D131/><N who="3" m="50217" /><G4/><N who="0" m="3111" /><D107/><U86/><E119/><V134/><F134/><W61/><G26/><T16/><D108/><U105/><E112/><V3/><F68/><W113/><G113/><T5/><D103/><U135/><E133/><V37/><F37/><W65/><G77/><T89/><D5/><U100/><E135/><V46/><F72/><W19/><G19/><T80/><D66/><N who="3" m="25705" /><G84/><AGARI ba="0,0" hai="16,23,25,44,47,56,57,58,80,84,89" m="3111" machi="84" ten="30,2900,0" yaku="8,1,54,1" doraHai="104" who="0" fromWho="3" sc="250,29,250,0,250,0,250,-29" /><INIT seed="0,1,0,5,1,128" ten="279,250,250,221" oya="0" hai0="82,119,68,47,126,70,115,21,120,19,29,74,87" hai1="71,39,52,96,106,109,81,10,118,3,67,35,12" hai2="112,1,65,33,83,58,2,80,105,102,45,86,18" hai3="69,51,20,108,110,111,17,13,75,116,114,34,46"/><T56/><D115/><U62/><E35/><V97/><F112/><W124/><G114/><T131/><D119/><U77/><E118/><V130/><F130/><W44/><G116/><T15/><D120/><U37/><E3/><V90/><F33/><W95/><G124/><T125/><D74/><U26/><E26/><V66/><F83/><W94/><G75/><T43/><D131/><U133/><E133/><V84/><F86/><W27/><G69/><T24/><D56/><U121/><E121/><V30/><F30/><N who="3" m="19807" /><G46/><T63/><D63/><U22/><E109/><N who="3" m="27906" /><W49/><DORA hai="59" /><G49/><T73/><D73/><U107/><E22/><V92/><F45/><W101/><G101/><T14/><D68/><U78/><E96/><V135/><F135/><W8/><G8/><T53/><D70/><U38/><E52/><AGARI ba="1,0" hai="13,17,20,44,51,52,94,95" m="27906,19807" machi="52" ten="40,2600,0" yaku="14,1,54,1" doraHai="128,59" who="3" fromWho="1" sc="279,0,250,-29,250,0,221,29" /><INIT seed="1,0,0,4,2,20" ten="279,221,250,250" oya="1" hai0="108,56,125,102,53,124,74,65,75,79,51,23,50" hai1="87,105,17,107,127,98,7,112,29,80,32,69,25" hai2="54,72,88,49,115,132,126,64,52,110,58,62,55" hai3="90,101,60,38,104,12,77,93,113,9,100,39,135"/><U73/><E112/><V84/><F126/><N who="0" m="48746" /><D108/><U57/><E69/><V96/><F110/><W21/><G113/><T106/><D65/><U78/><E127/><V81/><F132/><W71/><G135/><T33/><D33/><U120/><E120/><V4/><F115/><W46/><G77/><T18/><D79/><U8/><E17/><V43/><F4/><W5/><G21/><T41/><D102/><U2/><E98/><V35/><F35/><W36/><G104/><T16/><D106/><U97/><E97/><V92/><F72/><N who="0" m="27690" /><D23/><U45/><E45/><AGARI ba="0,0" hai="16,18,41,45,50,51,53,56" m="27690,48746" machi="45" ten="30,2000,0" yaku="18,1,54,1" doraHai="20" who="0" fromWho="1" sc="279,20,221,-20,250,0,250,0" /><INIT seed="2,0,0,1,3,78" ten="299,201,250,250" oya="2" hai0="59,27,87,0,125,93,49,34,127,62,77,39,122" hai1="7,54,41,22,128,123,31,79,51,131,65,14,2" hai2="23,47,12,3,63,26,53,66,18,80,115,130,28" hai3="81,36,64,55,68,75,105,89,35,52,46,96,69"/><V48/><F115/><W113/><G35/><T61/><D39/><U108/><E123/><V82/><F3/><W1/><G1/><T24/><D0/><U32/><E2/><V97/><F97/><W9/><G113/><T132/><D122/><U13/><E65/><V118/><F130/><N who="1" m="49705" /><E108/><V17/><F17/><W90/><G9/><T95/><D132/><U116/><E116/><V110/><F110/><W20/><G20/><T109/><D109/><U5/><E41/><V4/><F4/><N who="1" m="1609" /><E32/><V50/><F50/><W112/><G64/><T135/><D135/><U15/><E79/><V42/><F42/><W25/><G112/><T72/><D34/><U106/><E106/><V101/><F101/><W84/><G105/><T56/><D72/><U117/><E117/><V71/><REACH who="2" step="1"/><F118/><REACH who="2" step="2"/><W33/><G36/><T103/><D49/><U21/><E31/><V44/><F44/><AGARI ba="0,1" hai="13,14,15,21,22,44,51,54" m="1609,49705" machi="44" ten="30,1000,0" yaku="19,1" doraHai="78" who="1" fromWho="2" sc="299,0,201,20,240,-10,250,0" /><INIT seed="3,0,0,0,5,16" ten="299,221,230,250" oya="3" hai0="66,38,101,90,46,5,64,85,44,7,39,48,15" hai1="117,74,4,54,123,122,60,40,18,77,28,30,134" hai2="14,104,81,29,61,107,126,94,57,34,100,118,96" hai3="33,125,109,26,36,111,24,12,87,93,11,68,23"/><W105/><G105/><T2/><D2/><U1/><E117/><V121/><F126/><W106/><G106/><T95/><D101/><U13/><E134/><V91/><F118/><W97/><G68/><T98/><D39/><U132/><E132/><V10/><F121/><W43/><G125/><T70/><D38/><U47/><E1/><V71/><F71/><W52/><G87/><T45/><D70/><U55/><E4/><N who="0" m="1609" /><D85/><U82/><E123/><V128/><F128/><W41/><G33/><T99/><D98/><U119/><E119/><V129/><F129/><W53/><G11/><T92/><D95/><U83/><E83/><V63/><F34/><W0/><G12/><T131/><D131/><U69/><E122/><V89/><F29/><N who="3" m="17567" /><G26/><T42/><D15/><U76/><E76/><V37/><F37/><W56/><G53/><T17/><D17/><U80/><E80/><V65/><F104/><W3/><G36/><T51/><D51/><U72/><E72/><V19/><F63/><N who="3" m="36231" /><G3/><T49/><D45/><U25/><E28/><V73/><F107/><W127/><G0/><T113/><D113/><U133/><E60/><V110/><F110/><N who="3" m="41995" /><G127/><T8/><D8/><U22/><E69/><V50/><F73/><W103/><AGARI ba="0,0" hai="41,43,93,97,103" m="41995,36231,17567" machi="103" ten="30,11700,0" yaku="14,1,10,1,52,1,54,1" doraHai="16" who="3" fromWho="3" sc="299,-39,221,-39,230,-39,250,117" /><INIT seed="3,1,0,0,2,35" ten="260,182,191,367" oya="3" hai0="106,62,21,52,55,58,99,117,2,60,96,86,129" hai1="37,27,30,73,31,111,89,25,109,135,48,101,7" hai2="104,93,18,115,34,54,11,29,43,98,80,128,74" hai3="51,121,130,49,112,6,42,45,105,26,67,85,113"/><W84/><G105/><T12/><D2/><U0/><E37/><V19/><F115/><W56/><G121/><T81/><D117/><U24/><E135/><V8/><F128/><W133/><G130/><T40/><D40/><U132/><E132/><V38/><F104/><W79/><G133/><T110/><D110/><U33/><E73/><V72/><F54/><W1/><G26/><T126/><D126/><U76/><E76/><V83/><F43/><W124/><G124/><T53/><D129/><U23/><E101/><V71/><F38/><W87/><G79/><N who="0" m="46399" /><D106/><U39/><E39/><V107/><F71/><W131/><G131/><T4/><D58/><U65/><E65/><V5/><F29/><W122/><G122/><T91/><D4/><U32/><E89/><V17/><F34/><W36/><G36/><T69/><D69/><U15/><E48/><V63/><F63/><N who="0" m="24106" /><D91/><U92/><E92/><V123/><F123/><W46/><G56/><T82/><D82/><U118/><E118/><V95/><F107/><W100/><G67/><T57/><D57/><U47/><E47/><V116/><F116/><W77/><G77/><T16/><AGARI ba="1,0" hai="12,16,21,52,53,55,96,99" m="24106,46399" machi="16" ten="30,4000,0" yaku="8,1,54,2" doraHai="35" who="0" fromWho="0" sc="260,43,182,-11,191,-11,367,-21" /><INIT seed="4,0,0,0,3,128" ten="303,171,180,346" oya="0" hai0="103,100,31,37,62,15,32,38,104,41,114,81,80" hai1="90,124,99,22,111,130,3,63,135,56,28,71,48" hai2="10,122,13,16,65,5,127,67,78,75,106,116,2" hai3="0,105,18,79,97,30,44,12,119,36,24,50,27"/><T82/><D114/><U89/><E3/><V93/><F122/><W21/><G0/><T61/><D32/><U20/><E130/><V66/><F106/><W118/><G36/><T42/><D31/><U109/><E71/><V72/><F127/><W132/><G79/><T91/><D104/><U129/><E129/><V14/><F78/><W60/><G60/><N who="0" m="23147" /><D15/><U68/><E124/><V76/><F76/><W29/><G29/><T69/><D69/><U1/><E1/><V17/><F93/><W26/><G30/><T7/><D7/><U117/><E68/><V33/><F33/><W34/><G34/><T126/><D91/><U70/><E70/><V96/><F96/><W87/><G87/><T46/><D46/><U98/><E117/><V83/><F83/><W52/><REACH who="3" step="1"/><G132/><REACH who="3" step="2"/><T110/><D38/><U47/><E135/><V84/><F84/><W43/><G43/><T58/><D42/><U35/><E28/><V73/><REACH who="2" step="1"/><F116/><REACH who="2" step="2"/><W9/><G9/><T19/><D126/><U25/><E109/><V55/><F55/><W112/><G112/><T74/><D41/><U101/><E111/><V113/><F113/><W134/><G134/><T88/><D110/><U59/><E99/><V108/><F108/><W53/><G53/><T64/><D74/><U85/><E98/><V133/><F133/><W77/><G77/><T23/><D64/><U39/><E85/><V11/><F11/><W51/><G51/><T121/><D37/><U120/><E39/><V102/><F102/><AGARI ba="0,2" hai="12,18,21,24,26,27,44,50,52,97,102,105,118,119" machi="102" ten="40,2600,0" yaku="1,1,54,1,53,0" doraHai="128" doraHaiUra="4" who="3" fromWho="2" sc="303,0,171,0,170,-26,336,46" /><INIT seed="5,0,0,0,1,93" ten="303,171,144,382" oya="1" hai0="116,35,66,25,102,123,101,0,107,74,105,4,45" hai1="55,16,92,67,5,89,95,20,129,68,91,118,130" hai2="19,39,61,70,51,113,6,106,12,11,124,94,86" hai3="128,135,15,26,122,58,41,78,10,53,60,110,132"/><U88/><E118/><V42/><F124/><W112/><G110/><T40/><D116/><U77/><E77/><V44/><F106/><W56/><G122/><T133/><D74/><U33/><E33/><V82/><F39/><W64/><G112/><T46/><D123/><U126/><E126/><V84/><F70/><W32/><G128/><N who="1" m="49258" /><E5/><V34/><F34/><W3/><G3/><T8/><D133/><N who="3" m="51273" /><G41/><T87/><D66/><U13/><E55/><V120/><F120/><W1/><G1/><T98/><D40/><U27/><E68/><V97/><F61/><N who="3" m="35983" /><G78/><T31/><REACH who="0" step="1"/><D87/><REACH who="0" step="2"/><U90/><N who="1" m="23040" /><DORA hai="100" /><U96/><E67/><V17/><F86/><W36/><G64/><T73/><D73/><U43/><E43/><V28/><F113/><W22/><G36/><T79/><D79/><U131/><N who="1" m="49266" /><U83/><DORA hai="48" /><E83/><V23/><F28/><W121/><G121/><T30/><D30/><N who="1" m="17767" /><E96/><AGARI ba="0,1" hai="0,4,8,25,31,35,45,46,96,98,101,102,105,107" machi="96" ten="40,16000,3" yaku="1,1,9,1,52,4,53,2" doraHai="93,100,48" doraHaiUra="103,47,49" who="0" fromWho="1" sc="293,170,171,-160,144,0,382,0" /><INIT seed="6,0,0,4,5,123" ten="463,11,144,382" oya="2" hai0="12,70,17,83,88,10,67,8,134,6,126,7,74" hai1="125,95,131,0,114,120,62,64,130,45,96,63,90" hai2="3,14,59,113,117,20,44,22,127,103,112,18,102" hai3="38,115,77,122,11,78,101,58,26,21,84,76,16"/><V23/><F117/><W61/><G122/><T129/><D129/><N who="1" m="49163" /><E0/><V1/><F127/><W111/><G111/><T72/><D126/><U56/><E125/><V132/><F44/><W40/><G115/><N who="2" m="44105" /><F59/><W71/><G71/><T128/><D128/><U133/><E120/><V81/><F81/><W80/><G101/><N who="2" m="38409" /><F132/><W73/><G73/><T85/><D134/><U35/><E35/><V121/><F121/><W135/><G135/><T4/><D17/><U33/><E33/><V106/><F106/><W109/><G109/><T51/><D70/><U79/><E133/><V49/><F49/><W43/><G11/><AGARI ba="0,0" hai="1,3,11,14,18,20,22,23" m="38409,44105" machi="11" ten="30,1500,0" yaku="15,1" doraHai="123" who="2" fromWho="3" sc="463,0,11,0,144,15,382,-15" /><INIT seed="6,1,0,5,1,47" ten="463,11,159,367" oya="2" hai0="20,28,99,21,5,89,73,123,130,101,30,8,61" hai1="70,77,109,112,100,95,108,102,12,116,11,29,31" hai2="64,110,0,68,32,38,114,56,81,51,75,37,4" hai3="117,60,104,106,125,25,52,126,66,72,33,82,50"/><V24/><F68/><N who="3" m="42055" /><G117/><T27/><D73/><U62/><E70/><V121/><F121/><W124/><G72/><T118/><D130/><U107/><E116/><V111/><F114/><W49/><G82/><T119/><D123/><U133/><E112/><V34/><F75/><W57/><G49/><T67/><D89/><U23/><E133/><V39/><F81/><W19/><G19/><T26/><D8/><U74/><E107/><N who="3" m="41002" /><G25/><T84/><D84/><U79/><E74/><V120/><F120/><W78/><G33/><T9/><D9/><U35/><E35/><V55/><F24/><W94/><G94/><T128/><D5/><U98/><E62/><V69/><F0/><W1/><G78/><T129/><D118/><U36/><E36/><V92/><F4/><W113/><G113/><T3/><D119/><U97/><E95/><V58/><F92/><W134/><G1/><T71/><D3/><U63/><E63/><N who="2" m="40095" /><F32/><W122/><G122/><T43/><D43/><U86/><E86/><V88/><F34/><W127/><N who="3" m="31744" /><DORA hai="44" /><W17/><G17/><T96/><D101/><U87/><E87/><V131/><F88/><W90/><G134/><T132/><D132/><U103/><E23/><V15/><F15/><W80/><G80/><T41/><D41/><U85/><E85/><V13/><F13/><W16/><G16/><T91/><D91/><AGARI ba="1,0" hai="50,52,57,90,91" m="31744,41002,42055" machi="91" ten="60,8000,1" yaku="18,1,52,2,54,1" doraHai="47,44" who="3" fromWho="0" sc="463,-83,11,0,159,0,367,83" /><INIT seed="7,0,0,3,5,79" ten="380,11,159,450" oya="3" hai0="50,114,39,121,84,102,111,77,45,44,17,60,26" hai1="87,25,103,69,5,54,61,78,20,2,134,92,41" hai2="116,129,22,110,11,99,51,38,123,97,128,80,101" hai3="96,19,36,1,72,43,59,88,76,55,91,49,3"/><W130/><G130/><N who="2" m="50281" /><F110/><W13/><G36/><T35/><D111/><U21/><E134/><V18/><F38/><W119/><G43/><T30/><D114/><U6/><E41/><V107/><F116/><W4/><G119/><T47/><D121/><U82/><E69/><V24/><F123/><W126/><G126/><T125/><D125/><U105/><E105/><V57/><F11/><W83/><G4/><T117/><D117/><U29/><E2/><V93/><F51/><W86/><G96/><T42/><D102/><U75/><E21/><V108/><F57/><W112/><G91/><T95/><D60/><U120/><E120/><V66/><F66/><W9/><G112/><T65/><D65/><U53/><E75/><V16/><F108/><W15/><G15/><T0/><D0/><U131/><E131/><V104/><F18/><W74/><G74/><T52/><D44/><U31/><E31/><V85/><F99/><W109/><G109/><T34/><D17/><U122/><E122/><V70/><F70/><W8/><G9/><T67/><D67/><U33/><E33/><V118/><F118/><W23/><G8/><T48/><D39/><U40/><E40/><V90/><AGARI ba="0,0" hai="16,22,24,80,85,90,93,97,101,104,107" m="50281" machi="90" ten="30,4000,0" yaku="19,1,52,1,54,1" doraHai="79" who="2" fromWho="2" sc="380,-10,11,-10,159,40,450,-20" owari="370,17.0,1,-50.0,199,-20.0,430,53.0" /></mjloggm>