<mjloggm ver="2.3"><GO type="41"/><UN n0="%EF%BC%88%E2%89%A7%E2%96%BD%E2%89%A6%EF%BC%89" n1="%E6%98%9F%E5%B1%91%E3%81%98%E3%81%8E%E3%83%BC" n2="%E3%82%BD%E3%83%BC%E3%83%8A%E3%83%B3%E3%82%B9" n3="%E7%89%9B%E9%87%8E%E3%81%82%E3%82%86%E3%81%BF" dan="15,14,13,14" rate="2029,1902,1827,1955" sx="M,M,M,F"/><TAIKYOKU oya="0"/><INIT seed="0,0,0,3,2,132" ten="250,250,250,250" oya="0" hai0="88,4,28,47,17,120,90,110,125,105,111,57,55" hai1="7,49,59,0,101,15,42,25,64,60,30,67,18" hai2="126,65,52,75,72,37,102,26,98,16,134,78,106" hai3="79,109,83,61,21,70,66,127,39,29,91,104,69"/><T113/><D120/><U45/><E101/><V128/><F134/><W123/><G109/><N who="0" m="41483" /><D113/><U116/><E116/><V1/><F37/><W62/><G104/><T71/><D71/><U19/><E0/><V5/><F1/><W56/><G39/><T97/><D125/><U40/><E67/><V41/><F5/><W100/><G123/><T68/><D68/><U3/><E3/><V115/><F41/><W9/><G100/><N who="0" m="62607" /><D4/><U93/><E93/><V107/><F115/><W2/><G127/><T131/><D131/><U48/><E7/><V12/><F26/><W84/><G69/><T54/><D28/><U103/><E103/><V63/><F126/><W118/><G70/><T27/><D47/><U31/><E25/><V121/><F121/><W96/><G56/><T13/><D27/><U133/><E133/><V14/><F107/><W92/><G118/><T8/><D54/><U122/><E122/><V46/><F12/><W89/><G66/><T76/><D76/><U32/><E32/><V108/><F78/><W129/><G79/><T34/><D34/><U74/><E74/><V6/><F128/><W53/><G53/><T36/><D36/><U35/><E35/><V114/><F6/><W85/><G129/><T86/><D86/><U22/><E19/><V87/><F114/><W43/><G84/><T44/><D44/><AGARI ba="0,0" hai="15,18,22,30,31,40,42,44,45,48,49,59,60,64" machi="44" ten="40,2600,0" yaku="9,1,8,1" doraHai="132" who="1" fromWho="0" sc="250,-26,250,26,250,0,250,0" /><INIT seed="1,0,0,3,1,133" ten="224,276,250,250" oya="1" hai0="91,48,120,25,116,30,135,54,42,36,79,35,73" hai1="102,33,97,45,53,15,132,75,31,126,21,105,1" hai2="71,111,122,72,78,84,7,124,23,129,127,44,28" hai3="109,61,41,46,117,58,70,60,125,63,104,118,47"/><U5/><E75/><V66/><F122/><W94/><G104/><T80/><D116/><N who="3" m="44649" /><G94/><T85/><D120/><U26/><E132/><V128/><F7/><W0/><G0/><T121/><D121/><U93/><E126/><N who="2" m="48171" /><F72/><W69/><G125/><T113/><D135/><U13/><E45/><N who="3" m="16906" /><G41/><T62/><D113/><U101/><E53/><V51/><F66/><N who="3" m="39191" /><G109/><T11/><D11/><N who="1" m="2479" /><E13/><V59/><F111/><W24/><G24/><T3/><D25/><U100/><E105/><V27/><F71/><AGARI ba="0,0" hai="61,63,69,70,71" m="39191,16906,44649" machi="71" ten="30,3900,0" yaku="12,1,34,2" doraHai="133" who="3" fromWho="2" sc="224,0,276,0,250,-39,250,39" /><INIT seed="2,0,0,4,1,37" ten="224,276,211,289" oya="2" hai0="43,102,61,84,5,39,56,127,76,114,87,135,2" hai1="67,69,129,11,65,59,48,109,3,125,41,113,0" hai2="49,27,70,62,1,99,9,60,74,78,107,14,68" hai3="92,77,51,133,80,134,131,38,79,7,118,16,13"/><V103/><F1/><W53/><G38/><T94/><D114/><U17/><E113/><V8/><F78/><W26/><G118/><T28/><D135/><N who="3" m="51721" /><G131/><T123/><D123/><U45/><E129/><V20/><F74/><W116/><G116/><T89/><D127/><U34/><E34/><V25/><F70/><W30/><G7/><T66/><D102/><U97/><E125/><V57/><F68/><W98/><G80/><T115/><D115/><U73/><E73/><V44/><F8/><N who="3" m="6183" /><G26/><T46/><D28/><U81/><E109/><V83/><F27/><W117/><G30/><T111/><D111/><U19/><E81/><V64/><F83/><W50/><G117/><T42/><D76/><N who="3" m="29257" /><G53/><T47/><D5/><U18/><E69/><V101/><F101/><AGARI ba="0,0" hai="50,51,92,98,101" m="29257,6183,51721" machi="101" ten="30,2000,0" yaku="20,1,54,1" doraHai="37" who="3" fromWho="2" sc="224,0,276,0,211,-20,289,20" /><INIT seed="3,0,0,3,1,4" ten="224,276,191,309" oya="3" hai0="31,0,112,92,106,55,8,134,3,115,50,66,24" hai1="131,38,107,108,99,93,59,19,61,104,79,1,111" hai2="125,43,85,105,47,80,64,16,118,72,102,60,41" hai3="120,20,81,33,21,32,91,23,124,90,119,51,30"/><W37/><G37/><T2/><D106/><U130/><E38/><V45/><F118/><W121/><G119/><T42/><D134/><U12/><E1/><V68/><F72/><W114/><G114/><N who="0" m="43563" /><D66/><U132/><E132/><V44/><F125/><W5/><G124/><T128/><D128/><N who="1" m="49195" /><E79/><V13/><F102/><W69/><G69/><T40/><D92/><U98/><E59/><V18/><F105/><N who="1" m="40521" /><E61/><V14/><F14/><W86/><G51/><T77/><D77/><U65/><E65/><V67/><F18/><W133/><G133/><T39/><D39/><U103/><E99/><V26/><F26/><W135/><G135/><T62/><D62/><U10/><AGARI ba="0,0" hai="10,12,19,93,98,103,108,111" m="40521,49195" machi="10" ten="40,2700,0" yaku="19,1,52,1" doraHai="4" who="1" fromWho="1" sc="224,-7,276,27,191,-7,309,-13" /><INIT seed="4,0,0,3,4,134" ten="217,303,184,296" oya="0" hai0="14,99,97,93,70,82,78,128,109,92,86,64,81" hai1="44,40,19,87,74,94,83,96,16,39,133,6,127" hai2="69,85,48,26,120,110,2,75,71,46,118,45,77" hai3="112,126,50,80,36,34,66,91,28,131,51,65,76"/><T7/><D128/><U52/><E74/><V41/><F120/><W31/><G36/><T88/><D109/><U130/><E130/><V129/><F110/><W108/><G126/><T47/><D47/><U55/><E6/><V121/><F121/><W49/><G112/><T90/><D81/><U8/><E133/><V95/><F129/><W103/><G34/><T54/><D54/><U15/><E19/><V53/><F118/><W24/><G108/><T107/><D107/><U58/><E127/><V106/><F2/><W111/><G111/><T68/><REACH who="0" step="1"/><D64/><REACH who="0" ten="207,303,184,296" step="2"/><U42/><E55/><V37/><F106/><W56/><G66/><T67/><D67/><U17/><E42/><V63/><F75/><W84/><G65/><T72/><D72/><U102/><E83/><V12/><F71/><W122/><G131/><T62/><D62/><U35/><E52/><V3/><F69/><W0/><G80/><T73/><D73/><U43/><E43/><V104/><F104/><W59/><G122/><T100/><D100/><U38/><E102/><V4/><F37/><W18/><G103/><T98/><D98/><U57/><E96/><V5/><F3/><W117/><G0/><T79/><D79/><U123/><E40/><V10/><F45/><W135/><G76/><T60/><D60/><U9/><E44/><V132/><F63/><W32/><G59/><T89/><D89/><U20/><E39/><V27/><F41/><W13/><G56/><T33/><D33/><U11/><E38/><V113/><F113/><W22/><G32/><T61/><D61/><U101/><E123/><RYUUKYOKU ba="0,1" sc="207,30,303,-10,184,-10,296,-10" hai0="7,14,68,70,78,82,86,88,90,92,93,97,99" /><INIT seed="4,1,1,0,5,126" ten="237,293,174,286" oya="0" hai0="96,61,130,58,121,16,50,83,84,103,52,75,80" hai1="53,113,22,68,86,102,122,134,72,34,78,43,64" hai2="79,49,123,54,28,42,56,120,18,88,98,109,115" hai3="105,89,70,95,30,81,12,62,41,131,128,93,117"/><T97/><D121/><U40/><E122/><V118/><F109/><W94/><G105/><T112/><D112/><U21/><E34/><V125/><F115/><W6/><G30/><T7/><D130/><N who="3" m="49705" /><G117/><T65/><D75/><U127/><E72/><V31/><F118/><W24/><G24/><T8/><D103/><U4/><E102/><V38/><F125/><W44/><G62/><T17/><D7/><U77/><E4/><V2/><F123/><W45/><G70/><T133/><D133/><U5/><E134/><V20/><F2/><W48/><G44/><N who="0" m="27719" /><D80/><U35/><E5/><V23/><F120/><W11/><G81/><T27/><D27/><U119/><E119/><V110/><F110/><W3/><G3/><T15/><D17/><U71/><E127/><V0/><F0/><W33/><G33/><T104/><D104/><U74/><E35/><V29/><F38/><W25/><G25/><T85/><D85/><AGARI ba="1,1" hai="6,11,12,41,45,48,85,89,93,94,95" m="49705" machi="85" ten="30,7700,0" yaku="19,1,52,3" doraHai="126" who="3" fromWho="0" sc="237,-80,293,0,174,0,286,90" /><INIT seed="5,0,0,0,1,33" ten="157,293,174,376" oya="1" hai0="120,83,114,37,19,84,74,72,38,86,132,20,44" hai1="4,3,128,31,22,122,43,52,32,0,69,45,116" hai2="117,28,71,24,89,78,129,108,5,77,94,119,60" hai3="123,11,113,47,75,51,48,79,26,97,134,7,18"/><U56/><E69/><V53/><F108/><W6/><G123/><T112/><D120/><U87/><E122/><V135/><F129/><W101/><G113/><N who="0" m="43627" /><D132/><U91/><E116/><V76/><F135/><W14/><G134/><T110/><D110/><U133/><E32/><V17/><F5/><W12/><G51/><T104/><D104/><U34/><E34/><V100/><F100/><W73/><G79/><N who="0" m="46207" /><D86/><U39/><E128/><V125/><F125/><W70/><G26/><N who="0" m="14623" /><D44/><U63/><E133/><V13/><F119/><W8/><G18/><T50/><D50/><U107/><E107/><V36/><F36/><AGARI ba="0,0" hai="36,37,38,72,74" m="14623,46207,43627" machi="36" ten="30,1000,0" yaku="15,1" doraHai="33" who="0" fromWho="2" sc="157,10,293,0,174,-10,376,0" /><INIT seed="6,0,0,4,1,19" ten="167,293,164,376" oya="2" hai0="23,45,80,104,112,120,43,2,74,34,57,58,66" hai1="68,105,32,42,108,86,131,48,128,37,102,10,54" hai2="49,125,124,84,38,1,92,113,69,3,73,133,87" hai3="44,72,82,91,90,62,28,126,106,31,118,22,12"/><V135/><F73/><W132/><G106/><T75/><D34/><U50/><E108/><V99/><F69/><W6/><G118/><T123/><D66/><U109/><E109/><V8/><F38/><W67/><G126/><N who="2" m="48745" /><F49/><W25/><G132/><N who="2" m="50761" /><F113/><W51/><G72/><T79/><D75/><U117/><E68/><V78/><F78/><W114/><G114/><T60/><D112/><U93/><E117/><V71/><F71/><W9/><G82/><T17/><D104/><U13/><E32/><V24/><F24/><W40/><G31/><T77/><D77/><U53/><E105/><V0/><F8/><W61/><G61/><T83/><D60/><U134/><E134/><V63/><F63/><W7/><G7/><T98/><D74/><U36/><E42/><V121/><F121/><W115/><G115/><T97/><D123/><U33/><E33/><V41/><F41/><W88/><G62/><T35/><D120/><U65/><E65/><AGARI ba="0,0" hai="6,9,12,22,25,28,40,44,51,65,67,88,90,91" machi="65" ten="40,5200,0" yaku="8,1,52,1,54,1" doraHai="19" who="3" fromWho="1" sc="167,0,293,-52,164,0,376,52" /><INIT seed="7,0,0,4,0,37" ten="167,241,164,428" oya="3" hai0="96,132,121,123,28,74,108,6,104,126,122,78,125" hai1="39,45,116,91,54,133,47,124,103,23,117,0,59" hai2="9,83,88,31,114,55,84,57,64,56,40,12,63" hai3="20,92,2,22,128,71,113,115,130,97,25,14,33"/><W10/><G71/><T82/><D108/><U41/><E0/><V49/><F114/><N who="3" m="43531" /><G2/><T72/><D132/><U7/><E7/><V100/><F100/><N who="3" m="60455" /><G33/><T131/><D131/><N who="3" m="50217" /><G25/><T68/><D68/><U129/><E129/><V34/><F31/><W8/><G8/><T36/><D28/><U42/><E133/><V38/><F34/><W65/><G65/><T32/><D32/><U27/><E124/><V119/><F119/><N who="1" m="45641" /><E103/><V95/><F38/><W1/><G1/><T17/><D36/><N who="1" m="21671" /><E91/><V4/><F83/><W13/><G13/><T77/><D82/><U61/><E27/><V85/><F40/><W106/><G106/><T21/><D104/><U3/><E3/><V109/><F109/><W66/><G66/><T75/><D126/><U16/><E23/><V86/><AGARI ba="0,0" hai="4,9,12,49,55,56,57,63,64,84,85,86,88,95" machi="86" ten="20,5200,0" yaku="0,1,7,1,8,1,54,1" doraHai="37" who="2" fromWho="2" sc="167,-13,241,-13,164,52,428,-26" owari="154,-35.0,228,3.0,216,-18.0,402,50.0" /></mjloggm>