<mjloggm ver="2.3"><GO type="41"/><UN n0="%6C%61%6E%31%32%33" n1="%E3%82%A6%E3%83%AB%E3%83%88%E3%83%A9%E7%AB%8B%E7%9B%B4" n2="%E3%82%82%E3%81%88%E3%81%A3%E3%81%8F%E3%81%99" n3="%E3%81%A7%E3%81%8B%E3%81%B0%E3%81%A4%E3%81%93%E3%81%A1%E3%82%83%E3%82%93" dan="13,15,15,14" rate="1894,1988,2045,1871" sx="M,M,M,M"/><TAIKYOKU oya="0"/><INIT seed="0,0,0,4,3,102" ten="250,250,250,250" oya="0" hai0="106,101,131,21,123,129,121,0,39,9,122,67,8" hai1="134,86,49,35,132,76,83,71,5,119,26,15,116" hai2="2,37,12,135,57,70,13,62,127,110,14,78,105" hai3="44,22,60,6,17,124,19,59,47,25,92,111,27"/><T41/><D67/><U98/><E71/><V24/><F2/><W100/><G111/><T99/><D21/><U45/><E26/><V93/><F37/><W87/><G124/><T66/><D66/><U126/><E35/><V54/><F70/><W46/><G6/><N who="0" m="1095" /><D9/><U7/><E7/><V68/><F68/><W79/><G79/><T48/><D48/><U51/><E51/><V36/><F36/><W117/><G117/><T96/><D96/><U112/><E15/><V88/><F127/><W61/><G61/><T90/><D90/><U18/><E18/><N who="3" m="6666" /><G22/><T91/><D91/><U52/><E5/><V107/><F110/><W84/><G100/><T114/><D114/><U95/><E126/><V65/><F78/><W32/><G32/><T97/><D97/><U115/><E116/><V128/><F65/><N who="3" m="39071" /><G92/><T118/><D118/><U133/><REACH who="1" step="1"/><E119/><REACH who="1" ten="250,240,250,250" step="2"/><V72/><F24/><AGARI ba="0,1" hai="24,25,27,44,46,47,84,87" m="39071,6666" machi="24" ten="30,1000,0" yaku="8,1" doraHai="102" who="3" fromWho="2" sc="250,0,240,0,250,-10,250,20" /><INIT seed="1,0,0,0,2,123" ten="250,240,240,270" oya="1" hai0="126,95,122,69,100,132,83,17,87,89,129,119,112" hai1="127,37,84,64,102,22,33,93,61,68,46,19,82" hai2="49,32,135,114,38,15,45,90,60,92,131,81,20" hai3="53,6,130,121,113,52,80,65,35,133,66,98,103"/><U31/><E127/><V110/><F38/><W27/><G113/><T14/><D122/><U5/><E5/><V9/><F32/><W3/><G121/><T18/><D69/><U97/><E46/><V13/><F114/><W109/><G3/><T43/><D112/><U107/><E37/><V48/><F135/><W72/><G72/><T79/><D119/><U54/><E54/><V28/><F131/><W63/><G65/><T8/><D129/><U4/><E4/><V111/><F81/><W23/><G35/><T57/><D126/><U86/><E93/><V96/><F60/><W2/><G109/><N who="2" m="41481" /><F49/><W44/><G130/><T11/><D132/><U70/><E70/><V21/><F28/><W115/><G115/><T101/><D57/><U134/><E134/><V12/><F9/><W85/><G44/><T74/><D43/><AGARI ba="0,0" hai="12,13,15,20,21,43,45,48,90,92,96" m="41481" machi="43" ten="30,7700,0" yaku="14,1,52,3" doraHai="123" who="2" fromWho="0" sc="250,-77,240,0,240,77,270,0" /><INIT seed="2,0,0,2,4,135" ten="173,240,317,270" oya="2" hai0="46,89,30,95,86,35,125,52,130,25,33,17,131" hai1="107,43,7,70,68,118,10,55,11,112,12,105,84" hai2="87,2,42,15,0,18,26,50,21,129,44,96,106" hai3="110,109,127,103,73,47,71,82,32,122,39,40,51"/><V108/><F129/><N who="0" m="49162" /><D17/><U132/><E43/><V58/><F108/><N who="3" m="41579" /><G122/><T6/><D6/><U98/><E84/><V116/><F116/><W88/><G127/><T37/><D125/><U78/><E98/><V100/><F87/><N who="3" m="50295" /><G73/><T49/><D37/><U121/><E78/><V111/><F111/><W94/><G32/><AGARI ba="0,0" hai="25,30,32,33,35,46,49,52,86,89,95" m="49162" machi="32" ten="30,2000,0" yaku="19,1,54,1" doraHai="135" who="0" fromWho="3" sc="173,20,240,0,317,0,270,-20" /><INIT seed="3,0,0,5,5,9" ten="193,240,317,250" oya="3" hai0="34,109,99,38,40,49,87,110,42,16,100,115,74" hai1="28,29,15,73,30,107,19,134,131,14,18,4,127" hai2="53,103,94,56,52,105,104,129,69,72,113,108,20" hai3="37,95,48,60,128,121,84,83,5,92,27,117,111"/><W43/><G121/><T66/><D34/><U65/><E107/><V64/><F69/><W77/><G117/><T67/><D74/><U57/><E73/><V85/><F72/><W89/><G37/><T11/><D38/><U33/><E33/><V124/><F113/><W25/><G128/><T125/><D87/><U82/><E131/><V112/><F112/><W114/><G114/><T8/><D115/><U6/><E82/><V133/><F129/><W31/><G111/><N who="0" m="42507" /><D49/><U86/><E86/><V22/><F108/><W63/><G95/><N who="0" m="58495" /><D125/><U61/><E127/><V45/><F124/><W0/><G0/><T13/><D11/><U7/><REACH who="1" step="1"/><E134/><REACH who="1" ten="193,230,317,250" step="2"/><V119/><F133/><W132/><G132/><T116/><D116/><U71/><E71/><V50/><F119/><W80/><G80/><T23/><D40/><U123/><E123/><V62/><F105/><W26/><G43/><T90/><D42/><U2/><E2/><V126/><F104/><W3/><G3/><T39/><D39/><U12/><AGARI ba="0,1" hai="4,6,7,12,14,15,18,19,28,29,30,57,61,65" machi="12" ten="40,24000,4" yaku="1,1,0,1,29,2,8,1,52,3,53,3" doraHai="9" doraHaiUra="1" who="1" fromWho="1" sc="193,-60,230,250,317,-60,250,-120" /><INIT seed="4,0,0,4,4,23" ten="133,480,257,130" oya="0" hai0="112,107,52,65,33,4,47,19,9,0,60,92,94" hai1="84,27,62,93,119,110,28,38,61,26,91,128,63" hai2="82,125,31,118,127,66,86,72,104,100,18,48,14" hai3="133,108,79,25,132,75,96,99,111,16,109,46,89"/><T64/><D112/><U17/><E38/><V51/><F72/><W30/><G75/><T97/><D33/><U5/><E119/><V11/><F118/><W95/><G79/><T68/><D64/><U45/><E110/><V134/><F134/><N who="3" m="51819" /><G46/><T59/><D19/><U40/><E5/><V73/><F73/><W36/><G36/><T7/><D7/><U43/><E128/><V121/><F121/><W20/><G30/><T21/><D21/><U6/><E6/><V105/><F66/><W49/><G49/><N who="2" m="19017" /><F31/><W70/><G99/><T135/><D135/><U88/><E28/><V42/><F100/><W122/><G122/><T124/><D47/><U15/><E45/><V80/><F42/><N who="1" m="15913" /><E91/><N who="2" m="51655" /><F82/><W81/><G81/><T117/><D117/><U1/><E1/><V74/><F74/><W13/><G13/><T32/><D32/><U71/><E71/><AGARI ba="0,0" hai="16,20,25,70,71,89,95,96,108,109,111" m="51819" machi="71" ten="40,5200,0" yaku="20,1,52,1,54,1" doraHai="23" who="3" fromWho="1" sc="133,0,480,-52,257,0,130,52" /><INIT seed="5,0,0,5,3,4" ten="133,428,257,182" oya="1" hai0="87,28,14,23,1,38,99,35,16,60,24,40,36" hai1="132,64,12,94,116,128,6,84,17,72,80,41,42" hai2="70,32,15,5,46,75,111,92,7,123,65,67,31" hai3="39,21,77,44,69,112,13,73,49,85,101,113,30"/><U118/><E6/><V89/><F123/><W37/><G69/><T98/><D87/><U8/><E128/><V25/><F75/><W20/><G101/><T129/><D129/><U61/><E132/><V133/><F133/><W114/><G73/><T9/><D60/><U108/><E108/><V74/><F74/><W3/><G3/><T26/><D26/><U34/><E34/><V22/><F111/><W95/><G30/><T27/><D27/><U29/><E29/><V62/><F67/><W51/><G51/><T135/><D135/><U68/><E94/><V115/><F115/><W83/><G95/><T43/><D43/><U119/><REACH who="1" step="1"/><E72/><REACH who="1" ten="133,418,257,182" step="2"/><V96/><F32/><W81/><G81/><T134/><D134/><U122/><E122/><V78/><F78/><AGARI ba="0,1" hai="8,12,17,41,42,61,64,68,78,80,84,116,118,119" machi="78" ten="40,3900,0" yaku="1,1,52,1,53,0" doraHai="4" doraHaiUra="33" who="1" fromWho="2" sc="133,0,418,49,257,-39,182,0" /><INIT seed="5,1,0,5,4,92" ten="133,467,218,182" oya="1" hai0="47,87,57,10,27,101,132,126,23,35,38,77,115" hai1="53,90,99,60,73,31,76,129,82,33,42,119,117" hai2="17,8,0,75,128,89,80,12,105,70,127,91,5" hai3="110,108,124,49,83,98,20,96,25,114,68,19,118"/><U14/><E31/><V79/><F70/><W32/><G32/><T113/><D126/><U69/><E33/><V39/><F127/><W67/><G124/><T64/><D132/><U135/><E42/><V121/><F121/><W84/><G114/><N who="0" m="43531" /><D35/><U3/><E3/><V100/><F128/><W63/><G118/><T48/><D10/><U24/><E24/><V65/><F65/><W71/><G71/><T62/><D87/><U2/><E2/><V46/><F12/><W86/><G86/><T43/><D77/><U56/><E69/><V81/><F81/><W116/><G116/><T107/><D27/><U44/><E44/><V9/><F9/><W95/><G49/><T50/><D23/><U58/><E129/><V34/><F34/><W37/><G37/><T109/><D107/><U54/><E14/><V16/><F91/><W103/><REACH who="3" step="1"/><G98/><REACH who="3" ten="133,467,218,172" step="2"/><T131/><D131/><U85/><E135/><V111/><F111/><W78/><AGARI ba="1,1" hai="19,20,25,63,67,68,78,83,84,95,96,103,108,110" machi="78" ten="20,12000,2" yaku="1,1,2,1,0,1,7,1,52,1,53,1" doraHai="92" doraHaiUra="15" who="3" fromWho="3" sc="133,-31,467,-61,218,-31,172,133" /><INIT seed="6,0,0,5,0,5" ten="102,406,187,305" oya="2" hai0="133,88,17,40,117,128,9,110,98,8,123,114,78" hai1="47,126,113,46,97,35,118,60,22,54,52,12,25" hai2="72,49,34,127,135,99,29,7,96,28,15,67,75" hai3="50,100,111,13,73,103,76,77,24,87,105,108,94"/><V10/><F135/><W70/><G70/><T84/><D110/><U45/><E35/><V74/><F127/><W58/><G73/><T130/><D123/><U89/><E126/><V106/><F34/><W63/><G105/><T95/><D40/><U62/><E12/><V19/><F106/><W71/><G71/><T1/><D1/><U32/><E32/><V83/><F83/><W21/><G13/><T101/><D17/><U57/><E113/><V65/><F49/><W0/><G50/><T134/><D78/><N who="3" m="30313" /><G0/><T82/><D117/><U121/><E121/><V125/><F125/><W59/><G59/><T102/><D102/><U36/><E36/><V4/><F19/><N who="3" m="12351" /><G111/><T69/><D114/><U20/><E118/><V26/><F26/><W68/><G68/><T43/><D43/><U41/><E41/><V112/><F112/><W120/><G120/><T93/><D93/><N who="1" m="56495" /><E25/><V53/><F53/><N who="3" m="34255" /><G108/><T91/><D69/><U124/><E124/><V18/><F18/><W85/><G85/><T61/><D61/><U33/><E33/><V2/><F2/><W14/><G14/><T16/><D16/><U6/><E6/><V64/><REACH who="2" step="1"/><F4/><REACH who="2" ten="102,406,177,305" step="2"/><W55/><G55/><T131/><REACH who="0" step="1"/><D101/><REACH who="0" ten="92,406,177,305" step="2"/><U119/><E119/><V31/><AGARI ba="0,2" hai="7,10,15,28,29,31,64,65,67,72,74,75,96,99" machi="31" ten="40,18000,2" yaku="1,1,2,1,0,1,29,2,52,1,53,0" doraHai="5" doraHaiUra="51" who="2" fromWho="2" sc="92,-60,406,-60,177,200,305,-60" /><INIT seed="6,1,0,4,1,108" ten="32,346,377,245" oya="2" hai0="50,24,1,32,54,70,101,9,112,4,81,36,33" hai1="41,71,59,98,88,66,3,11,46,84,16,40,119" hai2="75,120,53,99,61,90,29,80,126,130,31,128,22" hai3="124,5,57,23,65,39,93,132,25,87,62,77,82"/><V60/><F120/><W18/><G39/><T114/><D70/><U73/><E71/><V121/><F121/><W79/><G132/><T13/><D36/><U8/><E73/><V95/><F126/><W52/><G124/><T94/><D81/><U118/><E3/><V96/><F96/><W28/><G5/><T19/><D101/><U131/><E131/><N who="2" m="50219" /><F22/><W129/><G129/><T125/><D94/><N who="1" m="56647" /><E46/><V111/><F111/><W10/><G93/><T135/><D125/><U100/><E100/><V89/><F89/><W7/><G28/><N who="2" m="10825" /><F53/><W0/><REACH who="3" step="1"/><G65/><REACH who="3" ten="32,346,377,235" step="2"/><T17/><D135/><U127/><E127/><V133/><F133/><W104/><G104/><T123/><D123/><U38/><E38/><V47/><F95/><W21/><G21/><N who="0" m="13359" /><D54/><U43/><E119/><V72/><F80/><W51/><G51/><T106/><D50/><U67/><E118/><V76/><F61/><W103/><G103/><T68/><D68/><U48/><E66/><V85/><F60/><W34/><G34/><N who="0" m="13419" /><D106/><U109/><E109/><V113/><F76/><AGARI ba="1,1" hai="0,7,10,18,23,25,52,57,62,76,77,79,82,87" machi="76" ten="30,3900,0" yaku="1,1,7,1,54,1,53,0" doraHai="108" doraHaiUra="91" who="3" fromWho="2" sc="32,0,346,0,377,-42,235,52" /><INIT seed="7,0,0,4,2,32" ten="32,346,335,287" oya="3" hai0="2,123,53,106,11,68,112,10,120,133,109,80,46" hai1="114,90,58,98,26,61,34,86,6,128,117,62,107" hai2="67,83,4,13,18,45,64,19,48,102,121,93,77" hai3="63,87,12,39,55,41,25,65,130,49,17,131,127"/><W89/><G130/><T95/><D106/><U92/><E128/><V101/><F121/><N who="0" m="46666" /><D68/><U5/><E117/><V82/><F4/><N who="1" m="1641" /><E34/><V100/><F93/><W24/><G127/><T108/><D80/><N who="2" m="30762" /><F77/><W96/><G96/><T78/><D95/><N who="1" m="54743" /><E107/><V57/><F57/><N who="3" m="37103" /><G41/><T35/><D78/><U132/><E132/><V111/><F111/><N who="0" m="42570" /><D53/><N who="1" m="33999" /><E114/><V47/><F48/><W125/><G125/><T72/><D46/><N who="2" m="17418" /><F13/><W0/><G0/><T37/><D37/><U135/><E135/><V3/><F3/><W119/><G119/><T1/><D72/><U33/><E33/><V105/><F105/><W56/><G39/><T99/><D99/><U21/><E62/><V75/><F75/><W91/><G131/><T73/><D73/><U118/><E118/><V7/><F7/><W50/><G50/><T115/><D35/><U85/><E85/><V38/><F38/><W16/><G87/><T28/><D28/><N who="1" m="17487" /><E92/><V54/><F54/><W51/><G51/><T22/><D133/><U23/><E23/><V104/><F104/><W60/><G49/><T9/><D22/><U103/><E98/><V52/><F52/><W29/><G29/><T15/><D15/><U79/><E79/><V134/><F134/><W8/><G17/><AGARI ba="0,0" hai="17,18,19,64,67,100,101,102" m="17418,30762" machi="17" ten="30,3900,0" yaku="28,2,8,1" doraHai="32" who="2" fromWho="3" sc="32,0,346,0,335,39,287,-39" owari="32,-47.0,346,15.0,374,47.0,248,-15.0" /></mjloggm>