<mjloggm ver="2.3"><GO type="169" lobby="0"/><UN n0="%E5%A0%80%E3%82%B9%E3%82%B9%E3%83%A0" n1="%E7%88%B6%E3%81%A1%E3%82%83%E3%82%93%E8%A6%8B%E3%81%A6%E3%82%8B%EF%BC%9F" n2="%E3%83%99%E3%82%BF%E3%82%AA%E3%83%AA%E3%82%B9%E3%82%AF" n3="%EF%BC%88%E2%89%A7%E2%96%BD%E2%89%A6%EF%BC%89" dan="16,16,16,17" rate="2048,2022,2114,2107" sx="F,M,M,M"/><TAIKYOKU oya="0"/><INIT seed="0,0,0,1,5,79" ten="250,250,250,250" oya="0" hai0="55,18,30,88,132,99,33,115,40,32,44,47,10" hai1="6,15,3,2,64,98,50,134,126,82,122,72,71" hai2="104,54,83,85,96,80,53,66,36,110,100,114,97" hai3="17,90,42,127,74,4,31,22,26,93,69,21,111"/><T11/><D115/><U27/><E122/><V24/><F114/><W46/><G74/><T49/><D132/><U105/><E134/><V112/><F112/><W102/><G127/><T8/><D18/><U7/><E71/><V60/><F36/><W62/><G111/><T77/><D77/><U73/><E64/><V133/><F133/><W124/><G124/><T28/><D32/><U121/><E27/><V0/><F0/><W128/><G128/><T78/><D78/><U108/><E108/><V89/><F110/><W14/><G102/><T84/><D99/><U65/><E65/><V94/><F24/><W38/><G4/><T23/><D23/><U39/><E39/><V92/><F104/><W119/><G119/><T81/><REACH who="0" step="1"/><D33/><REACH who="0" ten="240,250,250,250" step="2"/><U29/><E98/><V68/><REACH who="2" step="1"/><F83/><REACH who="2" ten="240,250,240,250" step="2"/><W109/><G109/><T16/><D16/><U45/><E82/><V41/><F41/><W120/><G42/><T117/><D117/><U135/><E126/><V51/><F51/><AGARI ba="0,2" hai="8,10,11,28,30,40,44,47,49,51,55,81,84,88" machi="51" ten="40,12000,1" yaku="1,1,8,1,52,1,54,1,53,0" doraHai="79" doraHaiUra="58" who="0" fromWho="2" sc="240,140,250,0,240,-120,250,0" /><INIT seed="0,1,0,4,4,95" ten="380,250,120,250" oya="0" hai0="135,35,83,113,89,4,121,66,133,122,33,77,107" hai1="105,130,62,112,118,81,75,11,92,99,79,41,117" hai2="94,52,71,115,55,97,43,8,15,134,123,124,78" hai3="14,16,104,29,57,120,102,126,108,119,70,28,116"/><T86/><D113/><U114/><E41/><V21/><F115/><N who="1" m="44073" /><E11/><V31/><F123/><N who="0" m="47114" /><D107/><U34/><E34/><V10/><F71/><W1/><G70/><T47/><D66/><U91/><E62/><V22/><F124/><W90/><G104/><T24/><D4/><U58/><E58/><V23/><F134/><N who="0" m="51210" /><D47/><U46/><E46/><V53/><F43/><W69/><G69/><T0/><D0/><U103/><E130/><V56/><F78/><W87/><G1/><T128/><D128/><U106/><E106/><V67/><F31/><W27/><G29/><N who="0" m="19623" /><D35/><U25/><E25/><V37/><F37/><W100/><G27/><T45/><D45/><U59/><E59/><V64/><F56/><W36/><G57/><T7/><D7/><U44/><E44/><V84/><F84/><AGARI ba="1,0" hai="75,79,81,84,91,92,99,103,105,117,118" m="44073" machi="84" ten="30,8000,1" yaku="24,1,11,1,34,2,52,1" doraHai="95" who="1" fromWho="2" sc="380,0,250,83,120,-83,250,0" /><INIT seed="1,0,0,2,4,71" ten="380,333,37,250" oya="1" hai0="44,133,42,25,31,76,47,94,6,69,127,93,15" hai1="64,79,18,131,46,63,4,108,27,9,97,61,122" hai2="20,7,39,36,1,65,115,54,126,19,13,82,124" hai3="0,30,123,112,105,102,68,49,66,75,2,130,98"/><U28/><E122/><V74/><F115/><W72/><G123/><T129/><D69/><U29/><E131/><V16/><F65/><W50/><G50/><T81/><D129/><U89/><E79/><N who="2" m="44407" /><F7/><W52/><G130/><T77/><D127/><N who="2" m="48682" /><F1/><W90/><G112/><T34/><D133/><U26/><E108/><V91/><F91/><W51/><G0/><T120/><D120/><U111/><E111/><V95/><F95/><W62/><G2/><T135/><D135/><U92/><E46/><V84/><F84/><W106/><G106/><T56/><D47/><U107/><E107/><V67/><F67/><W8/><G75/><T88/><D94/><U58/><E63/><V35/><F35/><W104/><G72/><T21/><D34/><U55/><E64/><V86/><F86/><W24/><G105/><T11/><D81/><U83/><E83/><V3/><F3/><W80/><G80/><T38/><D56/><U22/><REACH who="1" step="1"/><E27/><REACH who="1" ten="380,323,37,250" step="2"/><N who="2" m="14727" /><F54/><W128/><G128/><T73/><D73/><U48/><E48/><V116/><F116/><W41/><G49/><T121/><D121/><U53/><E53/><V14/><F14/><AGARI ba="0,1" hai="4,9,14,18,22,26,28,29,55,58,61,89,92,97" machi="14" ten="30,12000,1" yaku="1,1,7,1,25,2,8,1,53,0" doraHai="71" doraHaiUra="33" who="1" fromWho="2" sc="380,0,323,130,37,-120,250,0" owari="380,18.0,453,55.0,-83,-58.0,250,-15.0" /></mjloggm>