<mjloggm ver="2.3"><GO type="41"/><UN n0="%6D%72%2E%61%64%75%6C%74" n1="%E6%96%B0%E5%B0%91%E5%A5%B3%E6%99%82%E4%BB%A3" n2="%EF%BC%88%E2%89%A7%E2%96%BD%E2%89%A6%EF%BC%89" n3="%E3%83%96%E3%83%A9%E3%83%83%E3%82%AF%E3%82%B8%E3%83%A7%E3%83%BC%E3%82%AF" dan="13,13,13,13" rate="1890,2078,1996,1914" sx="M,M,M,M"/><TAIKYOKU oya="0"/><INIT seed="0,0,0,4,4,111" ten="250,250,250,250" oya="0" hai0="131,68,64,49,120,60,44,36,86,22,129,89,104" hai1="75,33,1,118,8,47,3,79,40,123,90,5,127" hai2="48,16,71,76,17,38,26,97,115,85,87,35,94" hai3="101,99,133,28,78,95,77,125,55,31,107,113,105"/><T63/><D104/><U80/><E123/><V25/><F38/><W23/><G113/><T122/><D22/><U42/><E118/><V0/><F0/><W32/><G133/><T12/><D12/><U88/><E127/><V72/><F71/><W124/><G32/><T61/><D89/><U9/><E33/><V116/><F116/><W29/><G23/><T81/><D36/><N who="1" m="21895" /><E42/><V65/><F35/><W21/><G21/><T24/><D24/><N who="2" m="9322" /><F72/><W6/><G6/><AGARI ba="0,0" hai="1,3,5,6,8,9,75,79,80,88,90" m="21895" machi="6" ten="30,2000,0" yaku="25,1,54,1" doraHai="111" who="1" fromWho="3" sc="250,0,250,20,250,0,250,-20" /><INIT seed="1,0,0,0,0,13" ten="250,270,250,230" oya="1" hai0="40,77,119,90,111,24,135,65,41,46,29,69,6" hai1="60,106,96,110,82,79,85,53,102,132,95,64,93" hai2="116,94,49,8,7,131,71,78,14,87,91,18,81" hai3="36,10,27,21,72,56,97,58,104,54,17,128,105"/><U11/><E132/><V92/><F131/><W23/><G128/><T38/><D135/><U34/><E34/><V118/><F71/><W125/><G125/><T26/><D111/><U35/><E35/><V109/><F109/><W122/><G122/><T76/><D119/><U63/><E110/><V89/><F49/><W103/><G72/><T133/><D133/><U2/><E2/><V123/><F123/><W70/><G70/><T57/><D6/><U28/><E28/><V15/><F92/><W126/><G126/><T88/><D69/><U130/><E130/><V39/><F39/><W124/><G124/><T80/><D65/><U99/><E99/><V73/><REACH who="2" step="1"/><F89/><REACH who="2" step="2"/><W115/><G115/><T43/><D38/><U121/><E121/><V120/><F120/><W32/><G36/><T16/><D46/><U134/><E134/><V20/><AGARI ba="0,1" hai="7,8,14,15,18,20,73,78,81,87,91,94,116,118" machi="20" ten="20,5200,0" yaku="1,1,0,1,7,1,52,1,53,0" doraHai="13" doraHaiUra="101" who="2" fromWho="2" sc="250,-13,270,-26,240,62,230,-13" /><INIT seed="2,0,0,2,5,108" ten="237,244,302,217" oya="2" hai0="72,80,4,41,19,115,30,53,104,86,113,77,95" hai1="102,9,120,26,20,130,111,3,57,112,40,34,32" hai2="117,132,71,83,0,114,18,43,65,68,58,99,10" hai3="46,67,135,96,59,119,81,22,15,47,128,124,44"/><V134/><F117/><W70/><G119/><T36/><D30/><U133/><E120/><V93/><F43/><W6/><G135/><N who="2" m="51753" /><F83/><W73/><G128/><T89/><D4/><U38/><E102/><N who="2" m="60783" /><F114/><N who="0" m="43530" /><D53/><U101/><E101/><V35/><F35/><W107/><G70/><T92/><D19/><U60/><E112/><V74/><F74/><W90/><G124/><T64/><D64/><U87/><E130/><V109/><F109/><W37/><G37/><T49/><D49/><U45/><E111/><V66/><F66/><W94/><G107/><T91/><D41/><U54/><E133/><V127/><F127/><W24/><G73/><T61/><D61/><U17/><E3/><V1/><F1/><W13/><G81/><N who="0" m="49359" /><D36/><U121/><E121/><V97/><F0/><W69/><G69/><T29/><D29/><U51/><E9/><V131/><F131/><W62/><REACH who="3" step="1"/><G6/><REACH who="3" step="2"/><T21/><D104/><U82/><REACH who="1" step="1"/><E38/><REACH who="1" step="2"/><V79/><F71/><W16/><AGARI ba="0,2" hai="13,15,16,22,24,44,46,47,59,62,67,90,94,96" machi="16" ten="30,8000,1" yaku="1,1,2,1,0,1,8,1,54,1,53,0" doraHai="108" doraHaiUra="39" who="3" fromWho="3" sc="237,-20,234,-20,302,-40,207,100" /><INIT seed="3,0,0,3,0,44" ten="217,214,262,307" oya="3" hai0="62,83,6,134,29,13,64,114,46,125,96,2,84" hai1="123,72,126,21,67,55,16,60,132,135,131,42,15" hai2="69,99,73,115,75,104,43,20,78,110,27,111,31" hai3="12,58,26,36,107,25,128,76,51,90,18,41,133"/><W81/><G133/><N who="1" m="51274" /><E72/><V68/><F115/><W40/><G128/><T124/><D125/><U48/><E123/><V70/><F43/><N who="3" m="16459" /><G107/><T118/><D2/><U47/><E126/><V74/><REACH who="2" step="1"/><F78/><REACH who="2" step="2"/><W33/><G76/><T85/><D114/><U105/><E131/><V23/><F23/><N who="3" m="11719" /><G36/><T98/><D124/><U9/><E105/><V120/><F120/><W38/><G38/><T108/><D134/><U52/><E9/><V87/><F87/><N who="3" m="50543" /><G33/><T79/><D96/><U61/><E61/><V101/><AGARI ba="0,1" hai="20,27,31,68,69,70,73,74,75,99,101,104,110,111" machi="101" ten="50,3200,0" yaku="1,1,0,1,53,0" doraHai="44" doraHaiUra="109" who="2" fromWho="2" sc="217,-8,214,-8,252,42,307,-16" /><INIT seed="4,0,0,3,1,118" ten="209,206,294,291" oya="0" hai0="125,63,119,131,42,23,73,122,20,87,0,53,129" hai1="36,32,21,25,79,95,92,60,77,91,4,123,58" hai2="50,108,86,106,43,22,8,85,45,10,134,24,59" hai3="93,67,69,81,12,64,89,121,1,130,15,37,27"/><T76/><D0/><U61/><E36/><V124/><F108/><W74/><G1/><T83/><D119/><U102/><E32/><V112/><F106/><W38/><G130/><N who="0" m="49675" /><D125/><U75/><E4/><V105/><F105/><W35/><G121/><T101/><D101/><U120/><E75/><V16/><F124/><W98/><G38/><T117/><D117/><U70/><E70/><V29/><F112/><W33/><G37/><T65/><D42/><U66/><E61/><V49/><F134/><W80/><G35/><T78/><D122/><U5/><E5/><V72/><F72/><W46/><G46/><T13/><D13/><N who="3" m="5193" /><G33/><T11/><D11/><N who="2" m="4138" /><F29/><W3/><G3/><T96/><D96/><U103/><E120/><V14/><F24/><W132/><G69/><N who="0" m="42175" /><D53/><AGARI ba="0,0" hai="14,16,22,43,45,49,50,53,59,85,86" m="4138" machi="53" ten="30,2000,0" yaku="8,1,54,1" doraHai="118" who="2" fromWho="0" sc="209,-20,206,0,294,20,291,0" /><INIT seed="5,0,0,1,0,112" ten="189,206,314,291" oya="1" hai0="44,51,105,48,1,10,109,14,66,68,85,43,56" hai1="97,3,55,119,92,60,11,12,41,65,81,58,52" hai2="18,8,15,4,100,28,34,114,127,20,45,77,79" hai3="108,117,57,24,32,42,118,135,33,29,63,13,126"/><U16/><E119/><N who="3" m="45578" /><G108/><T80/><D105/><U23/><E41/><V86/><F114/><W50/><G135/><T87/><D1/><U93/><E81/><V102/><F127/><W76/><G126/><T9/><D68/><U70/><E70/><V98/><F45/><N who="3" m="25911" /><G13/><T103/><D103/><U120/><E120/><V111/><F111/><W124/><G76/><T27/><D27/><U123/><E123/><V0/><F86/><W64/><G124/><T31/><D31/><U110/><E110/><V78/><F98/><W84/><G84/><T67/><D87/><U53/><REACH who="1" step="1"/><E97/><REACH who="1" step="2"/><V71/><F71/><W46/><G46/><T129/><D109/><U89/><E89/><V72/><F72/><W83/><G83/><T35/><D80/><U25/><E25/><AGARI ba="0,1" hai="0,4,8,15,18,20,25,28,34,77,78,79,100,102" machi="25" ten="40,2600,0" yaku="24,2" doraHai="112" who="2" fromWho="1" sc="189,0,196,-26,314,36,291,0" /><INIT seed="6,0,0,5,2,74" ten="189,170,350,291" oya="2" hai0="96,50,43,118,130,116,32,48,110,36,15,34,59" hai1="24,112,55,73,20,11,35,53,0,57,103,62,45" hai2="109,31,51,119,129,23,10,60,58,111,95,54,121" hai3="97,1,27,107,41,30,39,22,40,114,16,98,87"/><V104/><F121/><W5/><G114/><T81/><D110/><N who="2" m="41994" /><F104/><W28/><G1/><T92/><D130/><U84/><E73/><V85/><F129/><W44/><G40/><T91/><D15/><U2/><E112/><V29/><F119/><N who="0" m="45610" /><D81/><U123/><E123/><V47/><F10/><W105/><G5/><T37/><D59/><U17/><E35/><N who="0" m="13353" /><D43/><U75/><E75/><V132/><F132/><W135/><G135/><T126/><D126/><U4/><E0/><V7/><F7/><W86/><G105/><T71/><D71/><U26/><E103/><V115/><F115/><W113/><G113/><T13/><D13/><U102/><E102/><V56/><F56/><W6/><G6/><T101/><D101/><U19/><E45/><V66/><F23/><W25/><G107/><T9/><D9/><U80/><E24/><V120/><F120/><W82/><G87/><T124/><D124/><U65/><REACH who="1" step="1"/><E19/><REACH who="1" step="2"/><V61/><F47/><W52/><G27/><T63/><D63/><U18/><E18/><V12/><F61/><W133/><G133/><T88/><D91/><AGARI ba="0,1" hai="2,4,11,17,20,26,53,55,57,62,65,80,84,91" machi="91" ten="30,2000,0" yaku="1,1,7,1,53,0" doraHai="74" doraHaiUra="8" who="1" fromWho="0" sc="189,-20,160,30,350,0,291,0" /><INIT seed="7,0,0,0,5,29" ten="169,190,350,291" oya="3" hai0="96,130,103,19,4,76,43,121,22,47,18,60,7" hai1="86,126,127,97,54,94,104,108,72,88,124,5,2" hai2="101,11,114,123,135,8,63,93,89,69,125,74,67" hai3="55,78,14,68,48,27,25,65,30,0,35,9,40"/><W87/><G0/><T24/><D130/><U10/><E108/><V133/><F74/><W45/><G27/><T79/><D121/><U64/><E72/><V20/><F123/><W75/><G75/><T36/><D60/><U113/><E113/><V85/><F125/><W84/><G78/><T120/><D120/><U50/><E64/><V106/><F114/><W37/><G65/><T53/><D53/><U1/><E104/><V71/><F71/><W56/><REACH who="3" step="1"/><G68/><REACH who="3" step="2"/><T61/><D61/><U110/><E110/><V132/><F20/><W21/><G21/><T26/><D79/><U31/><E1/><V34/><F34/><W62/><G62/><T23/><D76/><U98/><REACH who="1" step="1"/><E31/><REACH who="1" step="2"/><V131/><F131/><W129/><G129/><T44/><D47/><AGARI ba="0,2" hai="2,5,10,47,50,54,86,88,94,97,98,124,126,127" machi="47" ten="40,8000,1" yaku="1,1,2,1,18,1,54,1,53,0" doraHai="29" doraHaiUra="70" who="1" fromWho="0" sc="169,-80,180,100,350,0,281,0" owari="89,-41,280,-12,350,45,281,8" /></mjloggm>