<mjloggm ver="2.3"><GO type="41"/><UN n0="%66%65" n1="%E3%82%A6%E3%83%AB%E3%83%88%E3%83%A9%E7%AB%8B%E7%9B%B4" n2="%E3%81%9F%E3%81%A3%E3%81%9F%E3%81%A3%E3%81%9F" n3="%E3%81%9F%E3%81%BE%E3%81%93%E3%81%A3%E3%81%A1" dan="14,15,13,13" rate="1894,1978,1962,1803" sx="M,M,M,F"/><TAIKYOKU oya="0"/><INIT seed="0,0,0,3,4,75" ten="250,250,250,250" oya="0" hai0="90,81,2,38,131,30,73,70,42,118,89,135,62" hai1="93,24,103,71,55,115,124,56,27,86,109,79,120" hai2="47,108,85,129,130,45,114,67,121,133,99,83,104" hai3="63,64,40,5,76,17,16,35,94,116,69,128,127"/><T31/><D118/><U7/><E71/><V51/><F121/><W132/><G116/><T50/><D38/><U10/><E120/><V97/><F114/><W54/><G132/><T66/><D2/><U29/><E115/><V78/><F133/><W117/><G117/><T88/><D135/><U68/><E68/><V106/><F67/><W119/><G119/><T98/><D131/><N who="2" m="50186" /><F45/><W58/><G128/><T43/><D98/><N who="2" m="37386" /><F108/><W126/><G5/><T57/><D70/><U21/><E109/><V60/><F60/><W11/><G35/><T95/><D95/><U122/><E122/><V25/><F25/><W49/><G94/><T112/><D112/><U6/><E27/><V28/><F28/><W91/><G11/><T23/><D23/><U18/><E103/><V36/><F36/><W134/><G134/><T92/><D92/><U4/><E93/><V8/><F8/><W52/><G54/><AGARI ba="0,0" hai="47,51,54,78,83,85,104,106" m="37386,50186" machi="54" ten="30,2000,0" yaku="19,1,52,1" doraHai="75" who="2" fromWho="3" sc="250,0,250,0,250,20,250,-20" /><INIT seed="1,0,0,1,4,122" ten="250,250,270,230" oya="1" hai0="103,34,69,5,8,47,97,119,11,22,121,105,124" hai1="0,106,130,99,56,15,59,75,72,49,17,73,54" hai2="32,64,96,18,12,78,42,95,13,90,127,14,110" hai3="126,88,41,92,109,120,4,116,39,117,48,86,52"/><U76/><E0/><V131/><F32/><W98/><G120/><T25/><D119/><N who="3" m="45641" /><G4/><T107/><D121/><U115/><E115/><V128/><F127/><W114/><G114/><T66/><D124/><U101/><E130/><N who="2" m="49707" /><F64/><W31/><G126/><T36/><D107/><U91/><E76/><V129/><F129/><W104/><G31/><T65/><D66/><U108/><E59/><V53/><F42/><W80/><G109/><T57/><D57/><U111/><REACH who="1" step="1"/><E91/><REACH who="1" ten="250,240,270,230" step="2"/><V2/><F78/><N who="3" m="46359" /><G104/><T93/><D105/><U51/><E51/><V27/><F2/><W113/><G113/><T9/><D69/><U81/><E81/><V79/><F79/><W44/><G39/><T19/><D36/><U71/><E71/><V1/><F1/><W33/><G41/><T24/><D65/><U83/><E83/><V135/><F53/><W68/><G68/><T70/><D70/><U132/><E132/><V82/><F135/><W63/><G63/><T10/><D47/><U58/><E58/><V89/><F82/><W112/><G112/><T125/><D125/><U38/><E38/><V29/><F89/><W40/><G40/><T60/><D60/><U6/><E6/><V26/><F90/><W45/><G45/><T100/><D5/><U85/><E85/><V50/><F50/><W37/><G37/><T118/><D118/><U134/><E134/><V20/><F96/><W43/><G43/><T62/><D62/><U23/><AGARI ba="0,1" hai="15,17,23,49,54,56,72,73,75,99,101,106,108,111" machi="23" ten="40,12000,1" yaku="1,1,0,1,52,2,53,0" doraHai="122" doraHaiUra="7" who="1" fromWho="1" sc="250,-40,240,130,270,-40,230,-40" /><INIT seed="1,1,0,4,0,115" ten="210,370,230,190" oya="1" hai0="114,109,107,131,43,38,66,33,52,106,47,135,118" hai1="4,134,41,16,108,76,93,112,119,7,70,58,30" hai2="67,26,116,91,121,8,0,20,48,17,95,83,28" hai3="62,2,5,23,72,99,15,3,104,25,31,37,78"/><U22/><E70/><V10/><F121/><W77/><G62/><T133/><D114/><U125/><E112/><V34/><F67/><W53/><G53/><T29/><D109/><U89/><E108/><V84/><F0/><W130/><G130/><T59/><D131/><U61/><E76/><V45/><F95/><W126/><G126/><T80/><D80/><U6/><E125/><V86/><F86/><W60/><G60/><T46/><D33/><U132/><E41/><V27/><REACH who="2" step="1"/><F116/><REACH who="2" ten="210,370,220,190" step="2"/><W94/><G94/><T123/><D123/><U36/><E119/><V44/><F44/><W24/><G2/><T55/><D118/><U85/><E132/><N who="0" m="50761" /><D107/><U102/><E134/><V74/><F74/><W56/><G104/><T50/><D106/><U97/><E36/><V100/><F100/><W87/><G37/><T113/><D113/><U65/><E85/><V75/><F75/><W35/><G72/><T69/><D29/><U128/><E128/><V71/><F71/><W129/><G87/><T101/><D101/><U98/><E98/><V49/><F49/><W88/><G129/><T14/><D69/><U11/><E30/><V63/><F63/><W19/><G3/><T21/><D66/><U13/><REACH who="1" step="1"/><E102/><REACH who="1" ten="210,360,220,190" step="2"/><V120/><F120/><W105/><G105/><T117/><D117/><U111/><E111/><V18/><F18/><W42/><G99/><T64/><D64/><U96/><E96/><V39/><F39/><W122/><G122/><T1/><D1/><AGARI ba="1,2" hai="1,4,6,7,11,13,16,22,58,61,65,89,93,97" machi="1" ten="30,11600,0" yaku="1,1,7,1,54,1,53,1" doraHai="115" doraHaiUra="54" who="1" fromWho="0" sc="210,-119,360,139,220,0,190,0" /><INIT seed="1,2,0,0,5,63" ten="91,499,220,190" oya="1" hai0="92,106,91,65,84,2,131,26,86,49,11,20,125" hai1="104,107,31,39,79,3,89,17,12,13,5,128,55" hai2="60,32,129,28,35,122,113,37,111,44,24,115,41" hai3="58,117,100,18,16,68,130,121,118,70,83,87,72"/><U22/><E39/><V56/><F122/><W66/><G121/><T124/><D106/><U50/><E79/><V14/><F111/><W53/><G72/><T45/><D131/><U59/><E128/><V33/><F129/><W74/><G130/><T43/><D2/><U25/><E13/><V38/><F38/><W105/><G74/><T23/><D11/><U30/><E30/><V19/><F113/><W73/><G73/><T132/><D132/><U134/><E134/><V52/><REACH who="2" step="1"/><F115/><REACH who="2" ten="91,499,210,190" step="2"/><W120/><G120/><T98/><D125/><U4/><E107/><V76/><F76/><W48/><G118/><T112/><D112/><U62/><E104/><V127/><F127/><W57/><G117/><T34/><D124/><U36/><E36/><V96/><F96/><W97/><G70/><T77/><D77/><U116/><E116/><V109/><F109/><W21/><G68/><T99/><D98/><U29/><E3/><V8/><AGARI ba="2,1" hai="8,14,19,24,28,32,33,35,37,41,44,52,56,60" machi="8" ten="20,8000,1" yaku="1,1,0,1,7,1,54,1,53,1" doraHai="63" doraHaiUra="6" who="2" fromWho="2" sc="91,-22,499,-42,210,96,190,-22" /><INIT seed="2,0,0,1,0,10" ten="69,457,306,168" oya="2" hai0="71,90,41,120,104,54,128,20,2,22,43,102,74" hai1="11,53,98,4,125,122,30,75,24,130,57,8,49" hai2="72,114,78,69,88,92,52,60,106,61,18,31,34" hai3="12,44,21,33,96,36,66,99,97,124,47,13,23"/><V94/><F114/><W46/><G36/><T29/><D120/><U84/><E75/><V119/><F119/><W40/><G33/><T83/><D2/><U91/><E130/><V28/><F106/><W73/><G124/><T116/><D116/><U80/><E125/><V16/><F72/><W131/><G73/><T27/><D128/><U38/><E38/><V67/><F78/><W3/><G3/><T39/><D71/><U26/><E98/><V37/><F37/><W14/><G131/><T6/><D6/><U135/><E135/><V1/><F1/><W65/><G40/><T42/><D39/><U64/><E64/><AGARI ba="0,0" hai="12,13,14,21,23,44,46,47,64,65,66,96,97,99" machi="64" ten="50,16000,3" yaku="29,2,28,2,8,1,52,3" doraHai="10" who="3" fromWho="1" sc="69,0,457,-160,306,0,168,160" /><INIT seed="3,0,0,1,3,74" ten="69,297,306,328" oya="3" hai0="76,93,46,121,60,123,119,112,66,43,61,29,101" hai1="96,118,99,78,56,81,54,70,127,32,73,45,11" hai2="132,2,113,53,129,35,83,90,114,50,4,13,67" hai3="39,64,107,69,104,31,122,23,75,77,25,106,42"/><W86/><G122/><T38/><D119/><U16/><E70/><V20/><F35/><W65/><G75/><T84/><D112/><U24/><E118/><V47/><F2/><W22/><G22/><T108/><D108/><U135/><E135/><V44/><F132/><W55/><G69/><T95/><D61/><U58/><E127/><V126/><F126/><W110/><G110/><T79/><D29/><U88/><E32/><V7/><F67/><W34/><G34/><T92/><D84/><U94/><E99/><V82/><F129/><W111/><G111/><T3/><D3/><U87/><E73/><V105/><F105/><W33/><G33/><T40/><D101/><U15/><E24/><V12/><F50/><AGARI ba="0,0" hai="11,15,16,45,50,54,56,58,78,81,87,88,94,96" machi="50" ten="40,8000,1" yaku="8,1,52,1,54,2" doraHai="74" who="1" fromWho="2" sc="69,0,297,80,306,-80,328,0" /><INIT seed="4,0,0,1,2,55" ten="69,377,226,328" oya="0" hai0="128,24,105,108,51,60,94,110,123,118,100,132,54" hai1="103,122,29,13,99,75,23,34,134,83,27,89,74" hai2="133,59,114,65,107,101,85,58,69,7,130,95,64" hai3="4,87,56,109,115,52,31,104,92,72,135,71,102"/><T57/><D123/><U53/><E122/><V86/><F107/><W112/><G104/><T70/><D118/><U18/><E134/><V106/><F106/><W49/><G135/><T124/><D132/><U126/><E126/><V2/><F133/><W98/><G72/><T43/><D105/><U66/><E103/><V50/><F114/><N who="3" m="43563" /><G31/><T77/><D77/><U39/><E39/><V119/><F119/><W96/><G96/><T8/><D8/><U113/><E113/><V97/><F130/><W78/><G71/><T40/><D128/><U42/><E42/><N who="0" m="15913" /><D124/><U44/><E66/><N who="2" m="25707" /><F69/><W14/><G109/><N who="0" m="42091" /><D70/><U84/><E99/><V3/><F3/><W5/><G14/><T38/><D38/><U79/><E79/><V129/><F2/><W81/><AGARI ba="0,0" hai="4,5,49,52,56,78,81,87,92,98,102" m="43563" machi="81" ten="30,4000,0" yaku="15,1,52,1,54,1" doraHai="55" who="3" fromWho="3" sc="69,-20,377,-10,226,-10,328,40" /><INIT seed="5,0,0,5,5,76" ten="49,367,216,368" oya="1" hai0="134,113,127,99,47,34,94,48,1,12,51,49,44" hai1="103,43,38,74,9,50,46,36,68,56,63,37,110" hai2="4,24,96,108,32,102,85,10,106,73,30,14,132" hai3="67,33,13,116,25,93,115,114,122,125,71,128,120"/><U92/><E74/><V119/><F119/><W29/><G93/><T69/><D1/><U87/><E9/><V100/><F73/><W88/><G116/><T78/><D34/><U53/><E103/><V52/><F108/><W19/><G88/><N who="0" m="55751" /><D69/><U26/><E26/><V28/><F132/><W41/><G128/><T75/><D75/><U118/><E118/><V91/><F102/><W86/><G125/><T65/><D134/><U20/><E20/><V105/><F30/><W112/><G86/><T131/><D127/><U57/><E92/><V70/><F70/><W22/><G41/><T31/><D131/><U124/><E124/><V98/><F106/><W18/><G18/><T77/><D113/><U0/><E0/><V64/><F64/><W130/><G130/><T39/><D65/><N who="1" m="41023" /><E87/><V82/><F105/><W2/><G2/><T90/><D39/><N who="1" m="14923" /><E110/><V83/><F100/><W16/><G19/><T81/><D31/><U89/><E89/><V45/><F83/><W129/><G129/><T104/><D104/><U79/><E79/><N who="0" m="30217" /><D12/><U58/><AGARI ba="0,0" hai="38,43,46,50,53,56,57,58" m="14923,41023" machi="58" ten="30,18000,2" yaku="24,1,35,5" doraHai="76" who="1" fromWho="1" sc="49,-60,367,180,216,-60,368,-60" owari="-11,-51.0,547,64.0,156,-24.0,308,11.0" /></mjloggm>