<mjloggm ver="2.3"><GO type="169"/><UN n0="%E6%9C%88%E5%8D%83%E4%B8%80%E5%A4%9C" n1="%EF%BC%88%E2%89%A7%E2%96%BD%E2%89%A6%EF%BC%89" n2="%E6%AF%94%E5%98%89%E7%A7%80%E4%BB%81" n3="%E3%81%A9%E3%82%80%E3%81%93" dan="16,17,16,16" rate="2077,2120,2086,2120" sx="F,M,M,M"/><TAIKYOKU oya="0"/><INIT seed="0,0,0,3,2,21" ten="250,250,250,250" oya="0" hai0="89,66,12,38,20,71,58,80,54,82,27,119,25" hai1="124,16,123,90,132,28,72,33,44,23,113,120,101" hai2="29,88,109,43,51,41,97,129,45,85,0,112,48" hai3="46,91,62,118,32,17,77,68,61,121,22,35,15"/><T57/><D119/><U111/><E72/><V110/><F112/><W131/><G118/><T98/><D38/><U115/><E101/><V52/><F0/><W73/><G121/><T74/><D74/><U1/><E132/><V107/><F129/><W122/><G122/><T55/><D66/><U117/><E117/><V14/><F14/><W87/><G131/><T60/><D71/><U78/><E78/><V106/><F29/><W3/><G3/><T104/><D104/><U92/><E1/><V13/><F13/><W108/><G108/><N who="2" m="41577" /><F97/><W83/><G46/><T134/><D134/><U7/><E7/><V63/><F63/><W26/><G68/><T34/><D34/><U5/><E44/><N who="2" m="27751" /><F41/><W8/><G35/><T133/><D133/><U56/><E5/><V94/><AGARI ba="0,0" hai="43,45,48,85,88,94,106,107" m="27751,41577" machi="94" ten="30,4000,0" yaku="14,1,54,2" doraHai="21" who="2" fromWho="2" sc="250,-20,250,-10,250,40,250,-10" /><INIT seed="1,0,0,5,5,63" ten="230,240,290,240" oya="1" hai0="13,4,128,116,66,15,25,103,124,28,120,3,64" hai1="111,56,26,121,41,119,75,134,58,89,79,93,31" hai2="118,71,47,80,114,127,43,46,24,104,7,36,78" hai3="76,97,73,94,0,129,10,96,2,40,32,82,8"/><U113/><E121/><V33/><F118/><W34/><G129/><T83/><D116/><U21/><E119/><V90/><F114/><W117/><G117/><T98/><D128/><U54/><E113/><V69/><F104/><W74/><G40/><T22/><D120/><U105/><E105/><V100/><F100/><W135/><G94/><N who="0" m="58839" /><D3/><U95/><E134/><V77/><F127/><W45/><G45/><T14/><D124/><U131/><E131/><V30/><F46/><W55/><G55/><T9/><D4/><U122/><E122/><V12/><F90/><W49/><G49/><T1/><D1/><U57/><E41/><V101/><F101/><W123/><G82/><T72/><D72/><U99/><E111/><V133/><F78/><W11/><G11/><T42/><D9/><U106/><E106/><V112/><F112/><W38/><G123/><T102/><D42/><U110/><E110/><V81/><F81/><W44/><G44/><T18/><D102/><N who="1" m="60783" /><E79/><V84/><F133/><W19/><G76/><T16/><D83/><U61/><E75/><V37/><F37/><W50/><G135/><T6/><D6/><U67/><E54/><V108/><F108/><W92/><G38/><T88/><D88/><U91/><E91/><V109/><F109/><W68/><G68/><T39/><D39/><U17/><E17/><AGARI ba="0,0" hai="13,14,15,16,17,18,22,25,28,64,66" m="58839" machi="17" ten="30,7700,0" yaku="8,1,52,2,54,1" doraHai="63" who="0" fromWho="1" sc="230,77,240,-77,290,0,240,0" /><INIT seed="2,0,0,4,2,40" ten="307,163,290,240" oya="2" hai0="18,71,130,11,79,3,89,48,52,41,36,30,49" hai1="58,100,13,64,20,81,101,60,14,125,55,90,110" hai2="133,69,96,124,114,35,87,4,129,34,33,92,29" hai3="62,120,27,106,45,1,39,38,127,131,132,54,118"/><V44/><F114/><W15/><G1/><T91/><D71/><U86/><E125/><V63/><F124/><W56/><G127/><T28/><D130/><U113/><E113/><V109/><F129/><W122/><G106/><T85/><D36/><N who="3" m="13865" /><G15/><N who="0" m="7551" /><D3/><U84/><E110/><V68/><F109/><W111/><G27/><T95/><D79/><U93/><E64/><V46/><F29/><W67/><G111/><T53/><D41/><U105/><E105/><V103/><F133/><W21/><G21/><T82/><D49/><U22/><E22/><V50/><F4/><W42/><G131/><T6/><D6/><U47/><E20/><V88/><F63/><N who="3" m="36247" /><G132/><T98/><D53/><U59/><E13/><V123/><F123/><W121/><G118/><T104/><D104/><U26/><E14/><V17/><F17/><W115/><G115/><T43/><D43/><U31/><E26/><V107/><REACH who="2" step="1"/><F50/><REACH who="2" ten="307,163,280,240" step="2"/><N who="3" m="26935" /><G122/><T2/><D2/><U73/><E31/><V117/><F117/><W74/><G74/><T94/><D28/><U70/><E73/><V12/><F12/><W126/><G126/><T57/><D30/><U102/><E81/><AGARI ba="0,1" hai="48,52,57,81,82,85,89,91,94,95,98" m="7551" machi="81" ten="30,2000,0" yaku="8,1,54,1" doraHai="40" who="0" fromWho="1" sc="307,30,163,-20,280,0,240,0" /><INIT seed="3,0,0,4,0,57" ten="337,143,280,240" oya="3" hai0="75,26,115,25,72,58,101,124,81,98,122,18,71" hai1="13,134,20,100,111,52,61,10,14,59,62,5,70" hai2="56,31,118,48,79,78,135,19,40,42,47,43,29" hai3="97,93,110,4,117,27,85,33,121,55,37,96,68"/><W16/><G117/><T84/><D122/><U83/><E134/><V116/><F135/><W8/><G121/><T17/><D71/><U132/><E132/><V125/><F125/><W50/><G68/><T22/><D124/><U126/><E126/><V9/><F118/><W3/><G37/><T38/><D38/><U69/><E111/><V103/><F116/><W127/><G127/><T65/><D115/><U23/><E100/><V67/><F103/><W133/><G133/><T89/><D25/><U54/><E83/><V7/><F19/><W80/><G110/><T15/><D65/><U131/><E131/><V21/><F21/><W108/><G93/><T123/><D58/><N who="1" m="35031" /><E69/><V128/><F128/><W12/><G108/><T113/><D113/><U41/><E70/><V92/><F92/><W99/><G33/><T104/><REACH who="0" step="1"/><D123/><REACH who="0" ten="327,143,280,240" step="2"/><U64/><E64/><V82/><F56/><N who="3" m="32887" /><G27/><T105/><D105/><U102/><E102/><V95/><F67/><W45/><G45/><T36/><D36/><U51/><E14/><V90/><F47/><AGARI ba="0,1" hai="5,10,13,20,23,41,47,51,52,59,62" m="35031" machi="47" ten="30,7700,0" yaku="8,1,52,2,54,1" doraHai="57" who="1" fromWho="2" sc="327,0,143,87,280,-77,240,0" /><INIT seed="4,0,0,4,4,26" ten="327,230,203,240" oya="0" hai0="64,106,58,31,71,14,63,11,111,110,128,5,95" hai1="77,109,115,70,83,114,54,103,66,57,72,25,41" hai2="43,125,47,17,100,104,88,21,86,112,56,20,16" hai3="6,13,94,124,44,81,80,27,67,135,40,30,87"/><T97/><D106/><U117/><E117/><V19/><F112/><N who="1" m="43049" /><E109/><N who="0" m="41481" /><D128/><U7/><E41/><V1/><F1/><W107/><G107/><T24/><D71/><U37/><E37/><V65/><F100/><W116/><G116/><T35/><D95/><U10/><E103/><V91/><F104/><W73/><G73/><T12/><D97/><U42/><E42/><V75/><F75/><W51/><G135/><T60/><D63/><N who="1" m="40287" /><E25/><V123/><F125/><W90/><G124/><T55/><D64/><U96/><E96/><V46/><F123/><W23/><REACH who="3" step="1"/><G67/><REACH who="3" ten="327,230,203,230" step="2"/><T79/><D79/><U34/><E77/><V101/><F65/><W131/><G131/><T108/><D108/><U127/><E72/><V15/><F43/><W92/><G92/><T32/><D12/><U48/><E127/><V61/><F15/><W119/><G119/><T118/><D118/><U59/><E83/><V133/><F133/><W102/><G102/><T120/><D120/><U3/><E34/><AGARI ba="0,1" hai="5,11,14,24,31,32,34,35,55,58,60" m="41481" machi="34" ten="30,2900,0" yaku="10,1,52,1" doraHai="26" who="0" fromWho="1" sc="327,39,230,-29,203,0,230,0" /><INIT seed="4,1,0,4,2,5" ten="366,201,203,230" oya="0" hai0="125,59,16,86,128,130,58,85,110,84,55,79,100" hai1="53,78,24,112,12,44,11,34,81,76,22,109,115" hai2="66,82,80,95,111,126,69,99,96,25,102,73,41" hai3="108,33,72,91,36,38,13,57,30,68,63,37,26"/><T119/><D119/><U8/><E109/><V75/><F111/><W19/><G108/><T2/><D110/><U124/><E124/><V29/><F126/><W83/><G68/><T28/><D28/><N who="1" m="17431" /><E34/><V48/><F73/><W6/><G6/><T131/><D125/><U54/><E76/><V107/><F75/><W47/><G72/><T45/><D79/><U10/><E12/><V74/><F74/><W120/><G120/><T132/><D132/><U127/><E127/><V129/><F129/><W39/><G83/><T103/><D2/><U62/><E62/><V3/><F3/><W27/><G27/><T21/><D45/><U14/><E14/><V134/><F134/><W71/><G91/><T51/><D59/><U101/><E101/><V77/><F77/><W121/><G121/><T123/><D123/><U113/><E44/><V106/><F106/><W65/><G47/><T116/><D116/><U0/><E0/><V52/><F41/><W98/><G98/><T20/><D21/><U93/><E93/><V18/><F99/><W56/><N who="3" m="9216" /><DORA hai="32" /><W46/><REACH who="3" step="1"/><G46/><REACH who="3" ten="366,201,203,220" step="2"/><T42/><REACH who="0" step="1"/><D42/><REACH who="0" ten="356,201,203,220" step="2"/><U117/><E117/><V60/><F69/><W43/><G43/><T114/><D114/><U70/><E70/><V118/><F118/><W87/><G87/><AGARI ba="1,2" hai="8,10,11,53,54,78,81,87,112,113,115" m="17431" machi="87" ten="40,8000,1" yaku="15,1,11,1,52,3" doraHai="5,32" who="1" fromWho="3" sc="356,0,201,103,203,0,220,-83" /><INIT seed="5,0,0,1,0,107" ten="356,304,203,137" oya="1" hai0="124,50,17,83,117,88,14,93,98,43,135,29,18" hai1="90,87,73,104,130,102,74,84,129,12,10,85,34" hai2="101,26,100,72,24,45,27,35,128,36,39,113,49" hai3="44,96,123,19,95,47,65,133,80,25,103,119,68"/><U106/><E34/><V71/><F71/><W134/><G123/><T86/><D117/><U32/><E32/><V2/><F2/><W66/><G119/><T94/><D124/><U3/><E3/><V110/><F35/><W127/><G80/><T77/><D135/><N who="3" m="51721" /><G127/><T131/><D131/><N who="1" m="50187" /><E90/><V13/><F110/><W54/><G68/><T82/><D29/><U11/><E11/><V33/><F33/><W21/><G54/><T1/><D1/><U7/><E102/><V38/><F128/><W46/><AGARI ba="0,0" hai="19,21,25,44,46,47,65,66,95,96,103" m="51721" machi="46" ten="30,1100,0" yaku="20,1" doraHai="107" who="3" fromWho="3" sc="356,-3,304,-5,203,-3,137,11" /><INIT seed="6,0,0,3,1,59" ten="353,299,200,148" oya="2" hai0="11,54,92,118,37,13,104,25,12,32,57,112,33" hai1="0,19,22,100,65,125,86,95,23,89,131,124,81" hai2="6,24,17,60,28,61,9,96,77,134,127,111,116" hai3="45,27,71,53,76,55,117,2,51,114,34,129,87"/><V48/><F116/><W1/><G117/><T56/><D104/><U42/><E0/><V69/><F69/><W128/><G71/><T14/><D37/><U105/><E131/><V18/><F134/><W49/><G114/><T52/><D112/><U75/><E42/><V46/><F127/><N who="1" m="48713" /><E65/><V135/><F135/><W29/><G76/><T39/><D39/><U110/><E110/><V72/><F72/><W74/><G87/><T106/><D106/><U38/><E38/><V5/><F111/><W108/><G74/><T80/><D80/><U85/><E19/><N who="2" m="7179" /><F77/><W7/><G108/><T132/><D11/><U20/><E75/><V83/><F83/><W93/><G93/><T91/><D132/><U36/><E36/><V79/><F96/><W78/><G78/><T115/><D115/><U107/><E100/><V109/><F79/><AGARI ba="0,0" hai="20,22,23,79,81,85,86,89,95,105,107" m="48713" machi="79" ten="30,1000,0" yaku="18,1" doraHai="59" who="1" fromWho="2" sc="353,0,299,10,200,-10,148,0" /><INIT seed="7,0,0,3,0,9" ten="353,309,190,148" oya="3" hai0="99,51,46,25,114,56,82,80,27,89,128,135,101" hai1="93,2,61,22,63,5,84,102,50,19,71,64,91" hai2="30,104,35,7,17,38,126,18,34,72,67,116,57" hai3="1,120,92,108,73,21,41,130,127,47,75,69,53"/><W103/><G120/><T109/><D109/><U54/><E102/><V55/><F72/><W10/><G69/><T11/><D128/><U43/><E43/><V113/><F104/><W6/><G108/><T100/><D135/><U40/><E40/><V129/><F38/><W119/><G119/><T96/><D114/><U118/><E118/><V52/><F113/><W31/><G130/><T79/><D56/><U134/><E134/><V32/><F129/><W24/><G53/><T3/><D89/><U121/><E121/><V98/><F116/><W33/><G21/><T110/><D3/><U81/><E63/><V112/><F112/><W49/><REACH who="3" step="1"/><G127/><REACH who="3" ten="353,309,190,138" step="2"/><T125/><D125/><U90/><E54/><V70/><F126/><W4/><G4/><T28/><D110/><U87/><E71/><V23/><F7/><W59/><G59/><T60/><D46/><U117/><E22/><V44/><F70/><W0/><G0/><T13/><D11/><U45/><E45/><V29/><F44/><W39/><G39/><T86/><D60/><U97/><E5/><V106/><F57/><W36/><G36/><T66/><D51/><U62/><E2/><V132/><F132/><W16/><G16/><T123/><D123/><U124/><E117/><V48/><F48/><W95/><G95/><T76/><D28/><U122/><E124/><V85/><F23/><W83/><G83/><T131/><D80/><U42/><E122/><V58/><F58/><W68/><G68/><T12/><D82/><N who="1" m="49431" /><E19/><V77/><F18/><W115/><G115/><T26/><D131/><U14/><E81/><RYUUKYOKU ba="0,1" sc="353,-10,309,-10,190,-10,138,30" hai3="1,6,10,24,31,33,41,47,49,73,75,92,103" /><INIT seed="7,1,1,2,3,105" ten="343,299,180,168" oya="3" hai0="73,7,29,133,60,92,134,79,58,23,80,101,131" hai1="57,42,22,10,53,96,93,5,15,135,4,77,109" hai2="1,41,132,21,94,0,28,17,16,84,34,54,32" hai3="61,27,111,126,104,43,81,102,37,24,50,31,122"/><W106/><G122/><T123/><D123/><U85/><E109/><V13/><F54/><W44/><G111/><T124/><D7/><U86/><E135/><N who="0" m="51721" /><D131/><U121/><E121/><V115/><F41/><W62/><G126/><T69/><D69/><U113/><E113/><V89/><F132/><W103/><G50/><T67/><D124/><U36/><E4/><V125/><F125/><W68/><G81/><T108/><D108/><U47/><E22/><V25/><F115/><W6/><G6/><T76/><D79/><U98/><E77/><V119/><F119/><W2/><G2/><T52/><D23/><U114/><E114/><V64/><F64/><W18/><G18/><T11/><D11/><U88/><REACH who="1" step="1"/><E98/><REACH who="1" ten="343,289,180,168" step="2"/><V100/><F34/><W65/><G62/><AGARI ba="1,2" hai="5,10,15,36,42,47,53,57,62,85,86,88,93,96" machi="62" ten="30,7700,0" yaku="1,1,2,1,7,1,54,1,53,0" doraHai="105" doraHaiUra="107" who="1" fromWho="3" sc="343,0,289,100,180,0,168,-80" owari="343,14.0,389,49.0,180,-22.0,88,-41.0" /></mjloggm>