<mjloggm ver="2.3"><GO type="169" lobby="0"/><UN n0="%EF%BC%88%E2%89%A7%E2%96%BD%E2%89%A6%EF%BC%89" n1="%E5%A4%AA%E3%81%8F%E3%81%AA%E3%81%84%E3%81%8A" n2="%E3%83%A9%E3%83%A0%E3%81%A1%E3%82%83%E3%82%93%E2%98%86" n3="%E3%81%A4%E3%81%B0%E3%81%8D%E3%81%A1%30%33" dan="17,18,16,17" rate="2149.86,2194.30,2130.57,2205.21" sx="M,M,F,M"/><TAIKYOKU oya="0"/><INIT seed="0,0,0,1,2,101" ten="250,250,250,250" oya="0" hai0="16,134,30,103,2,92,71,132,97,75,126,7,85" hai1="28,90,106,67,118,22,99,20,116,56,45,59,121" hai2="64,44,95,19,117,104,135,0,21,83,78,35,77" hai3="68,12,47,84,27,69,29,123,105,65,57,70,124"/><T74/><D71/><U96/><E121/><V120/><F35/><W61/><G124/><T13/><D30/><U51/><E28/><V108/><F120/><W31/><G123/><T3/><D126/><U111/><E111/><V62/><F0/><N who="0" m="42" /><D85/><U39/><E39/><V37/><F108/><W53/><G12/><T102/><D102/><U17/><E67/><V113/><F113/><W34/><G31/><T49/><D49/><U41/><E90/><V5/><F5/><W91/><G47/><T122/><D7/><U60/><E60/><V88/><F117/><W23/><G105/><T119/><D119/><U127/><E127/><V10/><F10/><W66/><REACH who="3" step="1"/><G34/><REACH who="3" ten="250,250,250,240" step="2"/><T107/><D122/><U129/><E106/><V26/><F104/><W48/><G48/><T14/><D14/><U6/><E51/><V72/><F44/><W130/><G130/><T98/><D13/><U24/><E45/><V15/><F15/><W63/><G63/><T38/><D38/><U89/><E129/><V80/><F37/><W94/><AGARI ba="0,1" hai="23,27,29,53,57,61,65,66,68,69,70,84,91,94" machi="94" ten="30,2000,0" yaku="1,1,0,1,53,0" doraHai="101" doraHaiUra="32" who="3" fromWho="3" sc="250,-10,250,-5,250,-5,240,30" /><INIT seed="1,0,0,2,4,18" ten="240,245,245,270" oya="1" hai0="0,87,2,123,38,92,28,90,60,36,17,121,65" hai1="106,97,126,48,89,41,53,64,42,55,25,26,118" hai2="99,107,39,44,98,103,122,101,31,16,75,11,93" hai3="104,127,13,131,57,79,33,81,68,63,80,40,135"/><U43/><E118/><V1/><F122/><N who="0" m="46602" /><D28/><U21/><E126/><V61/><F75/><W67/><G104/><T15/><D2/><U66/><E106/><V51/><F39/><W100/><G33/><T46/><D46/><N who="1" m="27799" /><E55/><V133/><F133/><W69/><G100/><T84/><D84/><U117/><E117/><V120/><F120/><W124/><G40/><T32/><D32/><U94/><E26/><V72/><F72/><W9/><G135/><T62/><D0/><U10/><E10/><V74/><F74/><W82/><G79/><T3/><D3/><U132/><E132/><V22/><F31/><AGARI ba="0,0" hai="21,25,31,41,42,43,64,66,89,94,97" m="27799" machi="31" ten="30,2900,0" yaku="8,1,52,1" doraHai="18" who="1" fromWho="2" sc="240,0,245,29,245,-29,270,0" /><INIT seed="1,1,0,0,2,30" ten="240,274,216,270" oya="1" hai0="4,88,83,20,116,98,130,13,117,38,37,122,114" hai1="2,84,128,24,92,74,6,1,15,82,127,35,47" hai2="115,77,132,134,61,50,120,34,23,9,78,41,0" hai3="135,65,131,28,27,60,101,118,67,110,44,52,43"/><U76/><E128/><V95/><F120/><W96/><G110/><T106/><D114/><U124/><E47/><N who="2" m="25967" /><F115/><W36/><G135/><N who="2" m="51753" /><F23/><W25/><G131/><T64/><D122/><U21/><E15/><V39/><F39/><W72/><G72/><T66/><D38/><U93/><E35/><V99/><F61/><W17/><G118/><T100/><D37/><U119/><E119/><V69/><F69/><W112/><G112/><T111/><D130/><U125/><E74/><V10/><F34/><W86/><G86/><T33/><D33/><U102/><E102/><N who="2" m="60799" /><F10/><W75/><G75/><T16/><D116/><U70/><E70/><V3/><F9/><W87/><G87/><T11/><D117/><U91/><E6/><V109/><F109/><W51/><G17/><T12/><REACH who="0" step="1"/><D111/><REACH who="0" ten="230,274,216,270" step="2"/><U26/><E125/><V113/><F113/><W90/><G36/><T53/><D53/><U45/><E124/><V68/><F68/><W8/><G52/><T108/><D108/><U73/><E127/><V58/><F58/><W29/><G44/><T103/><D103/><U133/><E133/><V18/><F18/><W32/><G101/><T7/><D7/><U14/><E45/><V62/><F62/><W71/><G60/><T121/><D121/><U5/><E5/><V49/><F49/><W81/><G51/><T94/><D94/><U63/><E93/><V56/><F56/><W80/><G71/><T129/><D129/><U19/><REACH who="1" step="1"/><E63/><REACH who="1" ten="230,264,216,270" step="2"/><V31/><F3/><AGARI ba="1,2" hai="1,2,3,14,19,21,24,26,73,76,82,84,91,92" machi="3" ten="40,3900,0" yaku="1,1,2,1,53,0" doraHai="30" doraHaiUra="54" who="1" fromWho="2" sc="230,0,264,62,216,-42,270,0" /><INIT seed="1,2,0,4,5,18" ten="230,326,174,270" oya="1" hai0="124,12,127,67,85,49,74,61,50,90,35,109,126" hai1="91,108,23,20,46,117,84,76,102,82,9,77,120" hai2="62,47,5,55,129,119,112,135,31,13,79,87,105" hai3="7,123,60,59,57,6,68,19,78,11,113,131,65"/><U81/><E120/><V37/><F119/><W10/><G123/><T69/><D74/><U8/><E117/><V42/><F105/><W128/><G78/><N who="1" m="30314" /><E102/><V75/><F75/><W88/><G113/><T14/><D35/><U3/><E3/><V33/><F112/><W1/><G19/><T72/><D72/><U22/><E108/><V114/><F114/><W48/><G88/><T45/><D109/><U24/><E24/><V97/><F129/><N who="3" m="49739" /><G48/><N who="0" m="18539" /><D45/><U122/><E122/><V80/><F135/><W58/><G58/><T130/><D130/><U2/><E2/><AGARI ba="2,0" hai="1,2,6,7,10,11,57,59,60,65,68" m="49739" machi="2" ten="30,1000,0" yaku="19,1" doraHai="18" who="3" fromWho="1" sc="230,0,326,-16,174,0,270,16" /><INIT seed="2,0,0,3,2,108" ten="230,310,174,286" oya="2" hai0="49,118,26,58,113,85,11,17,128,28,32,20,39" hai1="21,9,129,13,90,86,37,73,35,68,101,84,18" hai2="5,69,125,38,0,88,2,4,27,71,99,77,78" hai3="60,72,55,56,98,126,25,81,109,50,122,59,24"/><V16/><F38/><W133/><G122/><T48/><D39/><U54/><E73/><V115/><F115/><W61/><G109/><T79/><D113/><U22/><E35/><V103/><F125/><W6/><G133/><T10/><D118/><U134/><E37/><V47/><F47/><W43/><G126/><T102/><D128/><U75/><E75/><V33/><F5/><W31/><G6/><T124/><D102/><U34/><E34/><V74/><F74/><W36/><G36/><T105/><D105/><U62/><E134/><V70/><F4/><W93/><G81/><N who="0" m="47295" /><D32/><U117/><E117/><V123/><F123/><W130/><G72/><T92/><D92/><U12/><E101/><V132/><F132/><W7/><G7/><T112/><D112/><U66/><E129/><V104/><F88/><N who="3" m="55591" /><G31/><T80/><D80/><U76/><E76/><V95/><F95/><W127/><G127/><T121/><D28/><U91/><E91/><V8/><F33/><W3/><G3/><T100/><D100/><U135/><E135/><V29/><F29/><W96/><G96/><T45/><D124/><U107/><E107/><V40/><F40/><W106/><G106/><T94/><D94/><U87/><E90/><V65/><F65/><N who="3" m="39047" /><G130/><T111/><D111/><U97/><E97/><V114/><F114/><W42/><G42/><N who="0" m="24631" /><D121/><U15/><E54/><AGARI ba="0,0" hai="10,11,17,20,26,49,54,58" m="24631,47295" machi="54" ten="30,1000,0" yaku="8,1" doraHai="108" who="0" fromWho="1" sc="230,10,310,-10,174,0,286,0" /><INIT seed="3,0,0,1,2,50" ten="240,300,174,286" oya="3" hai0="17,65,135,56,70,51,42,120,125,3,117,97,123" hai1="58,77,82,129,16,79,100,114,15,94,124,91,38" hai2="1,23,49,109,29,134,90,62,53,13,52,4,45" hai3="47,41,112,85,107,74,32,57,78,21,99,83,37"/><W20/><G112/><T64/><D3/><U86/><E114/><V19/><F134/><W40/><G32/><T105/><D105/><U128/><E38/><V110/><F29/><W116/><G116/><T7/><D7/><U11/><E124/><V133/><F133/><W84/><G40/><T92/><D70/><U93/><E93/><V55/><F62/><W60/><G85/><T111/><D111/><N who="2" m="42506" /><F90/><W39/><G39/><T75/><D117/><U2/><E2/><V88/><F88/><W12/><G12/><T87/><D125/><U126/><E126/><V113/><F113/><W66/><REACH who="3" step="1"/><G84/><REACH who="3" ten="240,300,174,276" step="2"/><T25/><D87/><U95/><E129/><V61/><F61/><W69/><G69/><T101/><D135/><U63/><E128/><V122/><F122/><W9/><G9/><AGARI ba="0,1" hai="1,4,9,13,19,23,45,49,52,53,55" m="42506" machi="9" ten="30,8000,1" yaku="14,1,52,3,54,1" doraHai="50" who="2" fromWho="3" sc="240,0,300,0,174,90,276,-80" /><INIT seed="4,0,0,2,4,73" ten="240,300,264,196" oya="0" hai0="48,12,36,84,85,14,67,74,115,127,129,70,37" hai1="111,32,105,114,95,128,4,30,45,46,53,102,123" hai2="25,1,117,80,79,38,11,75,72,27,61,88,110" hai3="10,101,58,35,133,21,3,40,29,8,112,134,100"/><T23/><D74/><U69/><E111/><V26/><F110/><W42/><G112/><T49/><D70/><U66/><E123/><V76/><F117/><W87/><G35/><T121/><D67/><U99/><E4/><V7/><F38/><W119/><G119/><T22/><D127/><U55/><E128/><V71/><F75/><W97/><G87/><T109/><D109/><U17/><E17/><V59/><F71/><W41/><G58/><T104/><D104/><U56/><E95/><V2/><F2/><W132/><G3/><T52/><D52/><N who="1" m="20043" /><E56/><V93/><F76/><W108/><G108/><T24/><D24/><N who="1" m="18503" /><E114/><V9/><F9/><N who="3" m="3691" /><G97/><T6/><D6/><U18/><E18/><V31/><F31/><W98/><G98/><T116/><D116/><U77/><E77/><V124/><F124/><W131/><G131/><T96/><D96/><U57/><E57/><V5/><F5/><W34/><G34/><T68/><D68/><U62/><AGARI ba="0,0" hai="45,46,62,66,69,99,102,105" m="18503,20043" machi="62" ten="30,2000,0" yaku="25,1,54,1" doraHai="73" who="1" fromWho="1" sc="240,-10,300,20,264,-5,196,-5" /><INIT seed="5,0,0,4,2,95" ten="230,320,259,191" oya="1" hai0="20,59,79,33,46,23,44,16,99,17,112,57,66" hai1="50,127,125,28,91,113,21,130,118,37,77,82,108" hai2="49,106,19,24,111,116,14,83,134,131,38,15,90" hai3="72,7,103,133,123,71,32,63,53,45,60,43,100"/><U119/><E37/><V5/><F38/><W104/><G72/><T109/><D33/><U114/><E50/><V10/><F111/><W0/><G32/><T8/><D79/><U51/><E51/><V84/><F116/><N who="1" m="44585" /><E21/><N who="0" m="8265" /><D109/><U65/><E65/><V105/><F131/><W132/><G123/><T92/><D112/><N who="1" m="43115" /><E28/><V22/><F134/><W61/><G71/><T93/><D93/><U34/><E34/><V110/><F110/><W67/><G67/><T54/><D66/><U126/><E108/><V52/><F24/><W128/><G53/><T3/><D3/><U73/><E91/><V47/><AGARI ba="0,0" hai="5,10,14,15,19,22,47,49,52,83,84,90,105,106" machi="47" ten="20,2700,0" yaku="0,1,7,1,54,1" doraHai="95" who="2" fromWho="2" sc="230,-7,320,-13,259,27,191,-7" /><INIT seed="6,0,0,4,4,121" ten="223,307,286,184" oya="2" hai0="122,132,93,92,23,28,76,67,126,103,68,33,88" hai1="3,85,51,46,5,29,63,90,109,27,9,123,39" hai2="21,81,26,65,52,75,113,131,102,48,129,72,117" hai3="101,89,97,19,31,38,83,66,105,15,99,73,14"/><V7/><F117/><W44/><G31/><T91/><D33/><U58/><E123/><V98/><F65/><W112/><G112/><T57/><D68/><U74/><E74/><V37/><F7/><W130/><G130/><N who="2" m="49673" /><F37/><W30/><G30/><T116/><D132/><U49/><E109/><V12/><F12/><W50/><G66/><T36/><D36/><U77/><E77/><V69/><F69/><W82/><G38/><T118/><D76/><U24/><E39/><V54/><F113/><W114/><G73/><N who="2" m="28233" /><F81/><W133/><G133/><T0/><D67/><U125/><E125/><V134/><F48/><W59/><G114/><T35/><D116/><U115/><E115/><V2/><F2/><W56/><G15/><T18/><D0/><U13/><E3/><V70/><F70/><W10/><G82/><T87/><D118/><U110/><E51/><V1/><F1/><W64/><G64/><T45/><D122/><U6/><E6/><V17/><F134/><W62/><G62/><T80/><D80/><U53/><E110/><V8/><F8/><W47/><G47/><T61/><D45/><U40/><E29/><V128/><F128/><W124/><G124/><T95/><D126/><U108/><E108/><V104/><AGARI ba="0,0" hai="17,21,26,52,54,98,102,104" m="28233,49673" machi="104" ten="30,3000,0" yaku="19,1,54,1" doraHai="121" who="2" fromWho="2" sc="223,-10,307,-10,286,30,184,-10" /><INIT seed="6,1,0,0,0,18" ten="213,297,316,174" oya="2" hai0="94,108,134,115,96,5,113,31,68,116,77,9,13" hai1="32,88,86,44,40,119,59,41,8,39,83,48,50" hai2="22,6,29,34,105,93,107,127,19,91,71,1,122" hai3="130,118,2,120,58,79,46,101,85,65,37,21,97"/><V62/><F122/><W35/><G35/><T12/><D108/><U66/><E119/><V87/><F127/><W72/><G2/><T55/><D68/><U69/><E32/><V20/><F34/><W3/><G3/><T82/><D116/><U16/><E69/><V63/><F6/><W0/><G0/><T10/><D31/><U133/><E133/><V70/><F1/><W74/><G74/><T92/><D55/><N who="1" m="30087" /><E39/><V110/><F110/><W90/><G120/><T11/><D134/><U132/><E132/><V36/><F36/><W38/><G38/><T106/><D106/><U33/><E33/><V28/><F19/><W26/><G118/><T123/><D123/><U103/><E103/><V53/><F53/><W95/><G37/><T98/><D98/><U57/><E66/><V100/><F100/><W126/><G126/><T24/><D24/><U109/><E109/><V52/><F52/><W111/><G111/><T27/><D27/><U61/><E61/><V42/><F42/><N who="1" m="16489" /><E50/><V124/><F124/><W81/><G46/><T125/><D125/><U84/><E84/><V76/><F87/><W89/><G72/><N who="0" m="43303" /><D96/><U30/><E30/><V80/><F91/><W78/><G78/><T131/><D94/><U121/><E121/><V25/><F76/><W104/><G104/><T64/><D92/><U23/><E8/><N who="0" m="3177" /><D64/><U102/><E102/><V67/><F93/><W112/><G65/><T73/><D73/><U45/><E45/><V99/><F67/><W7/><G101/><T129/><N who="0" m="3185" /><T4/><DORA hai="75" /><D4/><U43/><E43/><V54/><F105/><RYUUKYOKU ba="1,0" sc="213,-10,297,30,316,-10,174,-10" hai1="16,23,57,59,83,86,88" /><INIT seed="7,2,0,4,2,86" ten="203,327,306,164" oya="3" hai0="6,23,2,102,55,132,116,130,100,117,119,18,126" hai1="68,41,65,58,109,32,22,72,63,57,66,0,35" hai2="82,123,74,91,105,24,59,97,27,75,104,43,133" hai3="125,39,80,30,131,51,110,76,108,19,118,36,3"/><W84/><G3/><T13/><D130/><U10/><E109/><N who="3" m="42090" /><G118/><T127/><D132/><U50/><E72/><V70/><F70/><W89/><G131/><T135/><D135/><U120/><E120/><V61/><F133/><W34/><G125/><N who="0" m="47627" /><D55/><U98/><E22/><V40/><F123/><W1/><G1/><T16/><D16/><U45/><E98/><V73/><F104/><W78/><G19/><T71/><D71/><U52/><E58/><V47/><F105/><W4/><G4/><T101/><D101/><U90/><E65/><V49/><F43/><W20/><G34/><T112/><D112/><U67/><E66/><V62/><F62/><W21/><G51/><T42/><D42/><U124/><E124/><V37/><F49/><W107/><G107/><T56/><D56/><U99/><E0/><V115/><F115/><W121/><G121/><T38/><D38/><N who="3" m="14377" /><G30/><T128/><D128/><U7/><E7/><V96/><F37/><W31/><G31/><T54/><D54/><U25/><E35/><V114/><F114/><W92/><G76/><T46/><D46/><U81/><E32/><V95/><F47/><W87/><AGARI ba="2,0" hai="20,21,78,80,84,87,89,92" m="14377,42090" machi="87" ten="30,3000,0" yaku="10,1,52,1" doraHai="86" who="3" fromWho="3" sc="203,-12,327,-12,306,-12,164,36" /><INIT seed="7,3,0,1,0,117" ten="191,315,294,200" oya="3" hai0="72,20,123,120,11,46,36,118,6,104,2,121,79" hai1="47,105,33,57,37,80,45,93,21,16,4,115,77" hai2="67,26,85,13,87,109,56,18,127,27,63,48,28" hai3="29,94,19,1,60,30,96,91,130,129,42,131,100"/><W38/><G1/><T68/><D118/><U114/><E105/><V107/><F107/><W35/><G35/><T55/><D104/><U5/><E33/><V82/><F109/><W44/><G60/><T9/><D68/><U135/><E135/><V97/><F127/><W39/><G39/><T23/><D11/><U50/><E93/><V86/><F97/><W52/><G19/><T22/><D55/><N who="1" m="31991" /><E37/><V74/><F74/><W75/><G75/><T59/><D59/><U70/><E70/><V88/><F48/><W124/><G124/><T81/><D22/><U90/><E90/><V49/><F49/><W110/><G110/><T84/><D84/><N who="2" m="32362" /><F28/><W111/><G111/><T103/><D103/><U83/><E77/><V116/><F116/><W7/><G7/><N who="1" m="2634" /><E115/><V54/><F67/><W62/><REACH who="3" step="1"/><G100/><REACH who="3" ten="191,315,294,190" step="2"/><T126/><D126/><U119/><E119/><V24/><F13/><W133/><G133/><T53/><D53/><U113/><E113/><V98/><F18/><W8/><G8/><T14/><D14/><N who="1" m="9367" /><E114/><V66/><F66/><W58/><AGARI ba="3,1" hai="29,30,38,42,44,52,58,62,91,94,96,129,130,131" machi="58" ten="40,12000,1" yaku="1,1,0,1,19,1,54,1,53,0" doraHai="117" doraHaiUra="73" who="3" fromWho="3" sc="191,-43,315,-43,294,-43,190,139" owari="148,-35.0,272,7.0,251,-15.0,329,43.0" /></mjloggm>