<mjloggm ver="2.3"><GO type="41"/><UN n0="%70%61%7A" n1="%79%75%63%6B%79" n2="%EF%BC%88%E2%89%A7%E2%96%BD%E2%89%A6%EF%BC%89" n3="%70%61%72%75%6F%31%31" dan="15,13,13,16" rate="1893,1849,1981,2022" sx="F,M,M,M"/><TAIKYOKU oya="0"/><INIT seed="0,0,0,2,1,93" ten="250,250,250,250" oya="0" hai0="50,79,0,26,99,85,76,31,17,123,37,90,132" hai1="106,53,91,68,3,84,33,24,28,100,55,77,133" hai2="22,126,69,51,124,39,56,112,34,97,75,61,128" hai3="101,65,115,54,27,9,125,58,1,38,102,43,59"/><T40/><D123/><U113/><E68/><V92/><F112/><W14/><G115/><T10/><D37/><U48/><E133/><V96/><F34/><W135/><G1/><T110/><D132/><U32/><E113/><V64/><F128/><W71/><G135/><T47/><D110/><U49/><E3/><V88/><F75/><W30/><G71/><T83/><D0/><U60/><E77/><V130/><F130/><W109/><G109/><T78/><D10/><U73/><E73/><V114/><F114/><W105/><G65/><T108/><D108/><U121/><E121/><V98/><F39/><W52/><G38/><T94/><REACH who="0" step="1"/><D17/><REACH who="0" step="2"/><U11/><E11/><V120/><F120/><W36/><G36/><T70/><D70/><U13/><E32/><AGARI ba="0,1" hai="26,31,32,40,47,50,76,78,79,83,85,90,94,99" machi="32" ten="30,5800,0" yaku="1,1,7,1,52,1,53,0" doraHai="93" doraHaiUra="129" who="0" fromWho="1" sc="240,68,250,-58,250,0,250,0" /><INIT seed="0,1,0,5,5,117" ten="308,192,250,250" oya="0" hai0="48,11,85,17,64,123,74,135,16,31,21,122,88" hai1="42,63,113,100,98,102,10,39,66,34,97,121,41" hai2="67,12,118,70,79,89,47,110,50,52,9,78,83" hai3="62,129,99,30,18,19,109,5,112,68,23,115,3"/><T46/><D74/><U130/><E113/><V93/><F118/><W71/><G109/><T20/><D135/><U69/><E34/><V106/><F106/><W84/><G129/><T86/><D64/><U29/><E130/><V73/><F110/><W104/><G3/><T103/><D103/><U49/><E10/><V60/><F78/><W22/><G5/><T96/><D86/><U53/><E29/><V51/><F51/><W55/><G30/><T33/><D33/><U87/><E87/><V7/><F89/><W72/><G72/><T134/><D134/><U95/><E121/><V124/><REACH who="2" step="1"/><F93/><REACH who="2" step="2"/><W54/><G104/><T1/><D96/><U44/><REACH who="1" step="1"/><E39/><REACH who="1" step="2"/><V40/><F40/><W14/><G115/><T108/><D108/><U128/><E128/><V38/><F38/><W116/><G112/><T75/><D123/><U27/><E27/><V92/><F92/><AGARI ba="1,2" hai="41,42,44,49,53,63,66,69,92,95,97,98,100,102" machi="92" ten="30,3900,0" yaku="1,1,7,1,9,1,53,0" doraHai="117" doraHaiUra="126" who="1" fromWho="2" sc="308,0,182,62,240,-42,250,0" /><INIT seed="1,0,0,1,1,120" ten="308,244,198,250" oya="1" hai0="130,107,57,91,55,50,121,67,36,110,128,104,124" hai1="2,22,127,135,102,68,106,114,82,75,76,85,108" hai2="93,39,63,112,9,24,41,42,90,53,97,21,35" hai3="18,125,84,27,8,74,72,33,58,133,86,115,83"/><U49/><E114/><V116/><F116/><W32/><G115/><T129/><D129/><U65/><E2/><V71/><F112/><W13/><G125/><T0/><D121/><U10/><E127/><V16/><F39/><W12/><G133/><T64/><D124/><U98/><E135/><V45/><F35/><W31/><G33/><T20/><D0/><U113/><E10/><V43/><F9/><W87/><G83/><T5/><D36/><U51/><E113/><V69/><REACH who="2" step="1"/><F45/><REACH who="2" step="2"/><W95/><G8/><T131/><D131/><U70/><E22/><V44/><F44/><W14/><G32/><T61/><D128/><U56/><E68/><V80/><F80/><W15/><G72/><T78/><D20/><U123/><E123/><V105/><F105/><W66/><G74/><T11/><D107/><U94/><E70/><V60/><F60/><W118/><G118/><T3/><D61/><N who="1" m="38055" /><E108/><V96/><F96/><W103/><G86/><T7/><D104/><U1/><E1/><V62/><F62/><W89/><G84/><T101/><D110/><U48/><E48/><V29/><F29/><W73/><G31/><T4/><D3/><U132/><E132/><V81/><F81/><W126/><G126/><T52/><D50/><U28/><E28/><V88/><F88/><AGARI ba="0,1" hai="49,51,75,76,82,85,88,94,98,102,106" m="38055" machi="88" ten="30,2900,0" yaku="24,1,54,1" doraHai="120" who="1" fromWho="2" sc="308,0,244,39,188,-29,250,0" /><INIT seed="1,1,0,3,0,68" ten="308,283,159,250" oya="1" hai0="90,19,94,97,2,38,88,69,30,100,9,45,42" hai1="108,98,10,3,123,65,20,32,76,131,18,133,130" hai2="72,82,71,48,89,1,57,92,93,116,46,47,107" hai3="122,15,35,8,49,103,96,105,56,60,13,62,135"/><U14/><E123/><V106/><F116/><W33/><G122/><T121/><D121/><U129/><E65/><V34/><F71/><W67/><G135/><T117/><D117/><U120/><E76/><V16/><F34/><W0/><G0/><T125/><D69/><U26/><E120/><V50/><F1/><W78/><G78/><T83/><D125/><U79/><E79/><V44/><F72/><W84/><G84/><T126/><D126/><U104/><E98/><V55/><F50/><W39/><G39/><T91/><D30/><N who="1" m="19543" /><E104/><V66/><F66/><W63/><G49/><T58/><D58/><U87/><E87/><V36/><F36/><W28/><G13/><T75/><D19/><U85/><E85/><V43/><F43/><W77/><G77/><N who="0" m="44479" /><D100/><U118/><E118/><V11/><F107/><W37/><G37/><T7/><AGARI ba="1,0" hai="2,7,9,38,42,45,88,90,91,94,97" m="44479" machi="7" ten="30,4000,0" yaku="25,1,52,1,54,1" doraHai="68" who="0" fromWho="0" sc="308,43,283,-21,159,-11,250,-11" /><INIT seed="2,0,0,3,0,88" ten="351,262,148,239" oya="2" hai0="23,96,56,58,90,76,127,32,126,66,53,125,10" hai1="3,103,69,106,122,39,101,44,131,51,17,115,105" hai2="7,94,43,67,118,61,74,77,82,19,59,64,5" hai3="1,86,34,40,52,26,46,113,62,116,112,65,12"/><V87/><F118/><W63/><G1/><T119/><D32/><U117/><E39/><V120/><F120/><W114/><G116/><T55/><D119/><U98/><E117/><V108/><F108/><W97/><G97/><T18/><D76/><U33/><E115/><V110/><F110/><W128/><G128/><T45/><D10/><U29/><E122/><V100/><F43/><W92/><G12/><N who="0" m="9671" /><D66/><U134/><E134/><V91/><F67/><W121/><G121/><T80/><D45/><U27/><E131/><V85/><F100/><W41/><G34/><T31/><D31/><U4/><E17/><V35/><F35/><W30/><G30/><T20/><D20/><U71/><E4/><V75/><REACH who="2" step="1"/><F19/><REACH who="2" step="2"/><W54/><G65/><T16/><D16/><U42/><E103/><V13/><F13/><W132/><G132/><T109/><D109/><U0/><E0/><V28/><F28/><W50/><G26/><T11/><D127/><U135/><E3/><V57/><F57/><W123/><G123/><T95/><D56/><U83/><E135/><V84/><F84/><W36/><G40/><T14/><D126/><U6/><E6/><AGARI ba="0,1" hai="5,6,7,59,61,64,74,75,77,82,85,87,91,94" machi="6" ten="40,3900,0" yaku="1,1,52,1,53,0" doraHai="88" doraHaiUra="38" who="2" fromWho="1" sc="351,0,262,-39,138,49,239,0" /><INIT seed="2,1,0,1,3,100" ten="351,223,187,239" oya="2" hai0="25,4,63,107,12,134,69,33,58,113,82,122,37" hai1="114,128,47,127,126,103,75,111,108,44,85,95,65" hai2="68,112,0,55,18,38,67,130,110,32,94,109,124" hai3="57,54,129,64,89,17,91,31,3,16,26,40,92"/><V120/><RYUUKYOKU type="yao9" ba="1,0" sc="351,0,223,0,187,0,239,0" hai2="0,18,32,38,55,67,68,94,109,110,112,120,124,130" /><INIT seed="2,2,0,5,0,27" ten="351,223,187,239" oya="2" hai0="127,55,100,33,81,48,37,97,1,121,31,62,70" hai1="87,103,46,80,38,67,88,73,107,123,133,69,21" hai2="53,15,30,23,129,10,51,84,110,86,28,85,19" hai3="114,130,44,64,26,122,24,118,111,95,45,76,4"/><V93/><F129/><W20/><G122/><T47/><D1/><U112/><E112/><V0/><F110/><W3/><G118/><T131/><D121/><U7/><E133/><V49/><F0/><W108/><G130/><T8/><D131/><U50/><E38/><V128/><F128/><W79/><G64/><T104/><D127/><U119/><E119/><V68/><F68/><W109/><G114/><T106/><D81/><U78/><E7/><N who="2" m="3551" /><F93/><W59/><G59/><T77/><D77/><N who="3" m="29769" /><G95/><T89/><D89/><U39/><E39/><V66/><F66/><W41/><G24/><T16/><D37/><U82/><E123/><V11/><F11/><N who="3" m="2463" /><G41/><T92/><D62/><U90/><E67/><V83/><F83/><W6/><G6/><T22/><D70/><U125/><E69/><V72/><F72/><W96/><G96/><T17/><D33/><U5/><E5/><V98/><F98/><W13/><G13/><T120/><D120/><U43/><E125/><V105/><F105/><W132/><G132/><T94/><D106/><U113/><E113/><V12/><F49/><W40/><G40/><T42/><D42/><U135/><E135/><V29/><F85/><W60/><G60/><T32/><D32/><U25/><E107/><V101/><F101/><W134/><G134/><T9/><D104/><U74/><E103/><V36/><F36/><W58/><G58/><AGARI ba="2,0" hai="12,19,23,28,29,30,51,53,58,84,86" m="3551" machi="58" ten="30,11600,0" yaku="8,1,52,3" doraHai="27" who="2" fromWho="3" sc="351,0,223,0,187,122,239,-122" /><INIT seed="2,3,0,2,4,25" ten="351,223,309,117" oya="2" hai0="127,35,36,5,103,82,26,9,42,104,133,90,115" hai1="130,97,1,132,24,121,19,28,61,84,113,57,49" hai2="32,27,100,135,72,78,89,81,65,56,21,88,93" hai3="112,76,60,12,55,63,96,52,38,29,77,95,45"/><V111/><F32/><W14/><G38/><T114/><D127/><U110/><E113/><V126/><F126/><W92/><G112/><T74/><D90/><U105/><E121/><V68/><F68/><W10/><G45/><T33/><D133/><U118/><E110/><V125/><F125/><W62/><G96/><T106/><D26/><U47/><E118/><V91/><F135/><W109/><G109/><T37/><D82/><U59/><E130/><V119/><F119/><W17/><G29/><T102/><D9/><U79/><E1/><V107/><F111/><W98/><G12/><T99/><D42/><U40/><E19/><V67/><F107/><W70/><G70/><T122/><D99/><U94/><E105/><V124/><F124/><W22/><G10/><T54/><D54/><U123/><E123/><V71/><F71/><W46/><G95/><T128/><D128/><U73/><E73/><V44/><F44/><W86/><G86/><T87/><D87/><U31/><E24/><V7/><F7/><W53/><REACH who="3" step="1"/><G46/><REACH who="3" step="2"/><T66/><D74/><U80/><E132/><V51/><F93/><W120/><G120/><T6/><D122/><U8/><E8/><V4/><F100/><AGARI ba="3,1" hai="14,17,22,52,53,55,60,62,63,76,77,92,98,100" machi="100" ten="40,5200,0" yaku="1,1,8,1,54,1,53,0" doraHai="25" doraHaiUra="108" who="3" fromWho="2" sc="351,0,223,0,309,-61,107,71" /><INIT seed="3,0,0,3,1,67" ten="351,223,248,178" oya="3" hai0="57,6,105,75,27,107,89,103,120,134,123,118,26" hai1="81,47,24,95,5,101,99,93,10,122,63,112,61" hai2="128,72,50,42,124,69,71,135,18,126,14,51,1" hai3="2,133,64,19,22,110,100,130,83,30,41,37,96"/><W8/><G133/><T131/><D75/><U91/><E122/><V56/><F1/><W60/><G130/><T80/><D118/><U48/><E112/><V97/><F135/><W116/><G116/><T86/><D6/><U87/><E24/><V104/><F128/><W17/><G30/><T59/><D131/><U45/><E45/><N who="2" m="25911" /><F72/><W119/><G119/><T77/><D134/><U62/><E81/><V129/><F129/><W31/><G31/><T84/><D80/><U85/><E85/><V79/><F79/><W106/><G83/><T114/><D89/><U74/><E74/><V121/><F121/><W109/><G37/><T38/><D38/><U46/><REACH who="1" step="1"/><E48/><REACH who="1" step="2"/><V108/><F51/><W3/><G110/><T33/><D114/><U132/><E132/><V43/><F108/><W66/><G109/><T76/><D33/><U70/><E70/><V88/><F71/><W68/><G68/><T13/><D123/><U36/><E36/><V98/><F69/><W28/><G96/><T35/><D35/><U34/><E34/><V125/><F98/><W94/><G60/><T115/><D115/><U113/><E113/><V52/><F97/><W82/><G82/><T44/><D120/><U111/><E111/><V16/><F126/><W73/><G73/><T4/><D84/><U12/><AGARI ba="0,1" hai="5,10,12,46,47,61,62,63,87,91,93,95,99,101" machi="12" ten="30,4000,0" yaku="1,1,0,1,8,1,53,0" doraHai="67" doraHaiUra="65" who="1" fromWho="1" sc="351,-10,213,50,248,-10,178,-20" /><INIT seed="4,0,0,2,4,78" ten="341,263,238,158" oya="0" hai0="92,55,60,107,97,61,64,134,87,132,90,29,15" hai1="119,133,118,126,4,83,52,30,27,96,102,112,22" hai2="110,25,127,86,69,50,117,105,51,108,95,104,53" hai3="77,36,115,23,39,38,98,63,34,84,45,65,35"/><T129/><D29/><U26/><E126/><V121/><F69/><W72/><G72/><T46/><D129/><U9/><E133/><N who="0" m="51305" /><D15/><U57/><E112/><V67/><F67/><W44/><G115/><T40/><D55/><U6/><E27/><V106/><F121/><W1/><G1/><T114/><D114/><U128/><E128/><V49/><F127/><W19/><G98/><T122/><D122/><U82/><E119/><V21/><F117/><W93/><G35/><T100/><D64/><U13/><E118/><V47/><F47/><W131/><G34/><T101/><D101/><U31/><E31/><V74/><F74/><W116/><G116/><T48/><AGARI ba="0,0" hai="40,46,48,60,61,87,90,92,97,100,107" m="51305" machi="48" ten="30,1500,0" yaku="20,1" doraHai="78" who="0" fromWho="0" sc="341,15,263,-5,238,-5,158,-5" /><INIT seed="4,1,0,0,2,23" ten="356,258,233,153" oya="0" hai0="81,86,126,19,120,95,8,31,83,17,58,3,62" hai1="106,119,124,121,53,52,108,6,9,42,133,44,43" hai2="92,88,13,96,28,63,49,33,102,61,116,18,134" hai3="0,79,76,78,16,25,87,41,71,4,110,60,118"/><T48/><D120/><U129/><E106/><V10/><F134/><W114/><G110/><T91/><D126/><U32/><E121/><V82/><F116/><W93/><G118/><T99/><D31/><U89/><E119/><V109/><F109/><W90/><G41/><T67/><D3/><U85/><E108/><V59/><F33/><W131/><G114/><T64/><D83/><U107/><E107/><V75/><F28/><W113/><G113/><T115/><D115/><U24/><E133/><V105/><F49/><W117/><G117/><T39/><D39/><U38/><E42/><V22/><F10/><W29/><G131/><T68/><D68/><U69/><E69/><V94/><F59/><W7/><G0/><T72/><D72/><U11/><E11/><V130/><F130/><W35/><REACH who="3" step="1"/><G16/><REACH who="3" step="2"/><N who="0" m="6219" /><D8/><U51/><E129/><V101/><F101/><W54/><G54/><N who="0" m="34135" /><D48/><U127/><E53/><V65/><F65/><AGARI ba="1,1" hai="4,7,25,29,35,60,65,71,76,78,79,87,90,93" machi="65" ten="40,2600,0" yaku="1,1,52,1,53,0" doraHai="23" doraHaiUra="128" who="3" fromWho="2" sc="356,0,258,0,233,-29,143,39" /><INIT seed="5,0,0,0,3,97" ten="356,258,204,182" oya="1" hai0="115,75,64,107,10,34,65,31,110,134,56,17,133" hai1="131,35,71,102,47,74,73,117,130,96,50,21,95" hai2="16,43,63,52,25,42,94,19,114,26,6,55,121" hai3="68,84,62,32,30,92,37,70,135,113,72,54,80"/><U78/><E117/><V104/><F104/><W51/><G37/><T67/><D75/><U108/><E35/><V23/><F121/><W77/><G135/><N who="0" m="51723" /><D110/><U29/><E71/><V79/><F114/><W69/><G113/><T2/><D107/><U59/><E78/><V22/><F79/><W116/><G116/><T58/><D115/><U28/><E108/><V45/><F6/><W33/><G30/><T20/><D34/><U57/><E28/><V44/><F94/><W9/><G62/><AGARI ba="0,0" hai="16,19,22,23,25,26,42,43,44,45,52,55,62,63" machi="62" ten="25,8000,1" yaku="22,2,8,1,54,2" doraHai="97" who="2" fromWho="3" sc="356,0,258,0,204,80,182,-80" /><INIT seed="6,0,0,4,4,128" ten="356,258,284,102" oya="2" hai0="56,24,12,29,22,21,60,103,39,122,17,83,34" hai1="77,68,55,106,100,133,94,6,104,82,37,129,66" hai2="90,95,131,97,86,101,18,81,108,116,13,9,43" hai3="51,115,5,121,50,88,117,112,65,125,41,26,27"/><V0/><F116/><W32/><G121/><T40/><D122/><U28/><E129/><V30/><F131/><W47/><G117/><T35/><D103/><U64/><E37/><V71/><F108/><W135/><G32/><T126/><D126/><U46/><E6/><V132/><F132/><W102/><G102/><T107/><D107/><U119/><E119/><V87/><F71/><W16/><G5/><T99/><D99/><U111/><E111/><V14/><F0/><W134/><G125/><T52/><REACH who="0" step="1"/><D83/><REACH who="0" step="2"/><U92/><E106/><V79/><F30/><W1/><G1/><T11/><D11/><U127/><E104/><V110/><F110/><W7/><G7/><T114/><D114/><N who="3" m="43561" /><G65/><T96/><D96/><U3/><E127/><V123/><F123/><W70/><G70/><T49/><D49/><U75/><E100/><V45/><F9/><W31/><G31/><T23/><D23/><U57/><E68/><V124/><F124/><W19/><G51/><T61/><D61/><U67/><E3/><V118/><F118/><W120/><G120/><T10/><D10/><U85/><E28/><V8/><F8/><W53/><G41/><T54/><D54/><U15/><E55/><V89/><F18/><N who="3" m="6699" /><G88/><T38/><D38/><U73/><E94/><V74/><F90/><W113/><N who="3" m="43569" /><W33/><DORA hai="48" /><G33/><T69/><D69/><U105/><E92/><V62/><F89/><W44/><G44/><AGARI ba="0,1" hai="12,17,21,22,24,29,34,35,39,40,44,52,56,60" machi="44" ten="40,8000,1" yaku="1,1,52,1,54,1,53,1" doraHai="128,48" doraHaiUra="93,58" who="0" fromWho="3" sc="346,90,258,0,284,0,102,-80" /><INIT seed="7,0,0,1,1,66" ten="436,258,284,22" oya="3" hai0="51,56,76,83,57,31,22,91,97,69,119,124,102" hai1="111,20,82,128,107,43,85,46,110,86,5,26,133" hai2="17,112,55,44,109,103,84,73,61,19,28,12,116" hai3="25,96,127,59,14,52,65,121,18,114,130,125,7"/><W93/><G121/><T8/><D119/><U39/><E107/><V68/><F116/><W90/><G114/><T113/><D113/><U40/><E128/><V1/><F73/><W63/><G130/><T64/><D124/><U47/><E133/><V48/><F112/><W126/><G7/><T135/><D135/><U79/><E5/><V16/><F1/><W37/><G37/><T99/><D69/><U122/><E122/><V75/><F75/><W11/><REACH who="3" step="1"/><G25/><REACH who="3" step="2"/><T71/><D71/><U35/><E111/><V104/><F109/><W74/><G74/><T132/><D132/><U94/><E110/><V70/><F68/><W3/><G3/><T134/><D134/><U4/><E4/><V98/><F70/><W78/><G78/><T100/><D76/><U9/><E39/><V32/><F12/><W120/><G120/><T33/><D33/><U118/><E35/><V89/><F32/><W62/><G62/><T10/><D51/><U95/><E118/><V15/><F61/><W27/><G27/><T42/><D31/><U53/><E20/><V6/><F28/><W77/><G77/><T30/><D22/><U88/><E26/><V23/><F6/><W34/><G34/><T101/><D30/><U60/><E9/><V41/><F15/><W36/><G36/><T106/><D10/><U29/><E29/><V0/><F0/><W54/><AGARI ba="0,1" hai="11,14,18,52,54,59,63,65,90,93,96,125,126,127" machi="54" ten="40,12000,1" yaku="1,1,0,1,18,1,54,1,53,0" doraHai="66" doraHaiUra="67" who="3" fromWho="3" sc="436,-40,258,-40,284,-40,12,130" /><INIT seed="7,1,0,0,3,117" ten="396,218,244,142" oya="3" hai0="79,74,114,33,85,17,24,75,6,84,129,67,91" hai1="36,45,81,135,87,134,127,61,10,8,66,46,5" hai2="27,70,9,101,83,59,133,3,15,34,131,0,110" hai3="80,19,68,132,120,100,115,51,62,113,108,130,106"/><W30/><G130/><T23/><D129/><U58/><E127/><V102/><F131/><W107/><G132/><T26/><D6/><U64/><E64/><V109/><F70/><W32/><G108/><T21/><D33/><U43/><E46/><V125/><F133/><W29/><G80/><T98/><D114/><N who="3" m="43529" /><G100/><T1/><D1/><U37/><E135/><V54/><F125/><W11/><G51/><T93/><D67/><U118/><E118/><V44/><F110/><W7/><G68/><T88/><D79/><U42/><E134/><V2/><F109/><W76/><G76/><T38/><D38/><U89/><E10/><V69/><F69/><W92/><G62/><T65/><D65/><U13/><REACH who="1" step="1"/><E43/><REACH who="1" step="2"/><V50/><F44/><W53/><G53/><T105/><D105/><N who="3" m="39945" /><G120/><T56/><D56/><U119/><E119/><V82/><F59/><W39/><G32/><T95/><D98/><U97/><E97/><V73/><F34/><W18/><G39/><AGARI ba="1,1" hai="5,8,13,36,37,39,42,45,58,61,66,81,87,89" machi="39" ten="30,3900,0" yaku="1,1,7,1,53,1" doraHai="117" doraHaiUra="86" who="1" fromWho="3" sc="396,0,208,52,244,0,142,-42" owari="396,50,260,6,244,-16,100,-40" /></mjloggm>