<mjloggm ver="2.3"><GO type="41"/><UN n0="%E4%B9%9D%E9%AD%94" n1="%70%65%6E%5F%63%68%61%6E" n2="%70%6F%6E%70%69%6D%6F%6E" n3="%EF%BC%88%E2%89%A7%E2%96%BD%E2%89%A6%EF%BC%89" dan="14,14,14,15" rate="1933,1906,1954,2031" sx="M,M,F,M"/><TAIKYOKU oya="0"/><INIT seed="0,0,0,3,2,0" ten="250,250,250,250" oya="0" hai0="127,44,134,76,94,131,68,38,120,90,35,4,114" hai1="29,32,97,10,82,2,112,57,115,98,65,40,102" hai2="62,47,87,63,12,11,75,59,117,14,133,110,80" hai3="111,123,66,126,73,72,128,64,93,129,3,100,107"/><T81/><D120/><U96/><E40/><V18/><F110/><W108/><G123/><T99/><D114/><U70/><E32/><V50/><F133/><W130/><G3/><T6/><D134/><U16/><E29/><V91/><F75/><N who="3" m="28747" /><G126/><T43/><D127/><U60/><E82/><V124/><F124/><W74/><G74/><T105/><D68/><U135/><E135/><V45/><F117/><W71/><G71/><T22/><D35/><U37/><E37/><V13/><F47/><W79/><G79/><T58/><D105/><U7/><E102/><V122/><F63/><W41/><G41/><T25/><D58/><U95/><E95/><V21/><F21/><W1/><G1/><T19/><REACH who="0" step="1"/><D131/><REACH who="0" ten="240,250,250,250" step="2"/><U15/><REACH who="1" step="1"/><E70/><REACH who="1" ten="240,240,250,250" step="2"/><V26/><F122/><W92/><G107/><T121/><D121/><U46/><E46/><V30/><F45/><W104/><G104/><T39/><D39/><U24/><E24/><V54/><F26/><W89/><G111/><T27/><D27/><U51/><E51/><V56/><F30/><W132/><G108/><T116/><D116/><U9/><AGARI ba="0,2" hai="2,7,9,10,15,16,57,60,65,96,97,98,112,115" machi="9" ten="30,8000,1" yaku="1,1,0,1,52,1,54,1,53,1" doraHai="0" doraHaiUra="34" who="1" fromWho="1" sc="240,-40,240,100,250,-20,250,-20" /><INIT seed="1,0,0,3,2,51" ten="200,340,230,230" oya="1" hai0="86,72,23,59,33,90,26,56,58,38,112,120,131" hai1="124,18,100,48,39,55,47,73,92,118,109,123,20" hai2="115,24,110,67,1,52,45,111,128,114,129,70,50" hai3="60,107,89,69,80,104,8,46,135,34,81,130,63"/><U119/><E123/><V96/><F1/><W122/><G34/><T7/><D72/><U5/><E124/><V40/><F96/><W127/><G122/><T103/><D38/><U101/><E73/><V62/><F24/><W3/><G127/><T64/><D112/><U4/><E39/><V125/><F125/><W83/><G135/><T30/><D131/><N who="2" m="50250" /><F40/><W14/><G130/><T65/><D103/><U21/><E21/><V78/><F78/><W25/><G3/><T79/><D79/><U99/><E101/><V102/><F102/><W84/><G69/><T87/><D87/><U28/><E28/><V68/><F68/><W43/><G25/><T93/><D120/><U134/><E134/><V113/><AGARI ba="0,0" hai="45,50,52,62,67,70,110,111,113,114,115" m="50250" machi="113" ten="40,12000,2" yaku="11,1,19,1,34,2,52,1,54,1" doraHai="51" who="2" fromWho="2" sc="200,-30,340,-60,230,120,230,-30" /><INIT seed="2,0,0,3,1,60" ten="170,280,350,200" oya="2" hai0="4,63,126,70,122,12,83,107,23,15,20,109,19" hai1="101,105,90,38,134,42,52,73,3,115,93,95,57" hai2="51,26,55,6,77,117,75,47,36,79,58,123,124" hai3="76,46,1,67,89,114,14,33,92,91,37,11,13"/><V128/><F117/><W17/><G33/><T80/><D107/><U78/><E3/><V56/><F123/><W94/><G114/><T104/><D104/><U98/><E134/><V88/><F124/><W110/><G110/><T30/><D126/><U48/><E115/><V129/><F6/><W116/><G116/><T34/><D109/><U0/><E0/><V5/><F5/><W120/><G120/><T106/><D106/><U21/><E95/><V96/><F26/><W100/><G1/><T72/><D72/><U16/><E78/><V25/><F25/><W54/><G76/><N who="2" m="29257" /><F36/><W131/><G131/><N who="2" m="50249" /><F75/><W130/><G130/><T87/><D4/><U74/><E38/><V9/><F9/><W50/><G37/><T125/><D125/><U132/><E132/><V86/><F96/><W97/><G14/><T135/><D135/><U35/><E35/><V69/><F69/><W71/><REACH who="3" step="1"/><G94/><AGARI ba="0,0" hai="47,51,55,56,58,86,88,94" m="50249,29257" machi="94" ten="30,2900,0" yaku="19,1,54,1" doraHai="60" who="2" fromWho="3" sc="170,0,280,0,350,29,200,-29" /><INIT seed="2,1,0,0,1,111" ten="170,280,379,171" oya="2" hai0="69,73,85,117,9,104,80,64,1,90,127,60,109" hai1="22,17,71,99,32,24,43,48,6,2,30,103,134" hai2="16,47,65,93,10,35,12,115,88,45,83,97,19" hai3="125,66,108,95,119,36,44,18,128,33,123,129,4"/><V54/><F35/><W78/><G33/><T56/><D109/><U13/><E134/><V135/><F135/><W49/><G108/><T14/><D104/><U38/><E71/><V105/><F105/><W76/><G123/><T133/><D127/><U7/><E38/><V62/><F115/><W0/><G125/><T46/><D46/><U114/><E114/><V94/><F83/><W86/><G36/><T8/><D73/><U110/><E110/><V100/><F54/><W34/><G34/><T42/><D42/><U107/><REACH who="1" step="1"/><E2/><REACH who="1" ten="170,270,379,171" step="2"/><V58/><REACH who="2" step="1"/><F19/><REACH who="2" ten="170,270,369,171" step="2"/><W87/><G18/><T72/><D133/><U75/><E75/><V84/><AGARI ba="1,2" hai="10,12,16,45,47,58,62,65,84,88,93,94,97,100" machi="84" ten="20,18000,2" yaku="1,1,2,1,0,1,7,1,8,1,54,2,53,0" doraHai="111" doraHaiUra="101" who="2" fromWho="2" sc="170,-61,270,-61,369,203,171,-61" /><INIT seed="2,2,0,1,5,0" ten="109,209,572,110" oya="2" hai0="37,58,133,77,113,95,119,110,98,56,125,26,107" hai1="80,61,48,114,81,135,120,108,132,35,57,115,50" hai2="23,39,45,25,28,118,112,122,76,109,92,130,16" hai3="4,128,43,63,99,93,124,29,10,41,22,78,129"/><V33/><F112/><N who="1" m="43049" /><E35/><V121/><F118/><W131/><G124/><T91/><D37/><U116/><E81/><V102/><F76/><W59/><G78/><T40/><D40/><U83/><E83/><V27/><F130/><W96/><G22/><T30/><D125/><U17/><E17/><V87/><F109/><W49/><G29/><T90/><D110/><U69/><E80/><V44/><F87/><W36/><G36/><T7/><D77/><U62/><E108/><V46/><REACH who="2" step="1"/><F39/><REACH who="2" ten="109,209,562,110" step="2"/><W34/><G128/><T64/><D119/><U2/><E116/><V82/><F82/><W15/><G131/><T127/><D113/><U111/><E111/><V53/><F53/><W13/><G129/><T14/><D127/><U67/><E2/><V117/><F117/><W21/><G41/><T97/><D97/><AGARI ba="2,1" hai="16,23,25,27,28,33,44,45,46,92,97,102,121,122" machi="97" ten="40,3900,0" yaku="1,1,54,1,53,0" doraHai="0" doraHaiUra="55" who="2" fromWho="0" sc="109,-45,209,0,562,55,110,0" /><INIT seed="2,3,0,5,2,57" ten="64,209,617,110" oya="2" hai0="102,69,45,114,84,67,91,13,74,115,76,103,24" hai1="37,81,3,27,61,98,116,107,108,95,120,90,123" hai2="16,65,48,31,72,117,23,80,86,100,89,75,131" hai3="111,11,96,101,0,77,71,12,49,68,109,26,125"/><V39/><F39/><W5/><G125/><T6/><D45/><U15/><E3/><V70/><F131/><W14/><G77/><T47/><D47/><U32/><E37/><V127/><F127/><W30/><G49/><T52/><D24/><U105/><E116/><V64/><F64/><W124/><G124/><T85/><D74/><U25/><E108/><N who="3" m="41546" /><G71/><T104/><D104/><U126/><E126/><V38/><F38/><W113/><G68/><T112/><D76/><U135/><E135/><V94/><F48/><W97/><G113/><T2/><D2/><U41/><E41/><V34/><F117/><W128/><G128/><T10/><D85/><U110/><E110/><V54/><F54/><W40/><G40/><T33/><D33/><U7/><E81/><V19/><F34/><N who="3" m="20823" /><G97/><T129/><D129/><U60/><E105/><AGARI ba="3,0" hai="0,5,11,12,14,96,101,105" m="20823,41546" machi="105" ten="30,1000,0" yaku="14,1" doraHai="57" who="3" fromWho="1" sc="64,0,209,-19,617,0,110,19" /><INIT seed="3,0,0,0,3,99" ten="64,190,617,129" oya="3" hai0="29,80,0,115,118,71,77,10,53,47,8,125,108" hai1="85,84,30,124,60,66,31,104,129,45,89,74,87" hai2="13,44,1,16,40,42,33,134,112,103,54,48,34" hai3="76,65,27,56,127,93,57,102,72,98,75,21,88"/><W62/><G127/><T111/><D71/><U51/><E129/><V119/><F1/><W22/><G76/><T61/><D118/><U86/><E74/><V135/><F112/><W94/><G57/><T4/><D29/><U133/><E104/><V116/><F103/><W26/><G26/><T15/><D125/><U6/><E133/><N who="2" m="50699" /><F54/><W131/><G131/><T92/><D92/><U69/><E6/><V23/><F42/><W50/><G50/><T68/><D68/><U110/><E110/><N who="0" m="42025" /><D115/><U39/><E39/><V19/><F19/><W24/><G24/><T126/><D126/><U120/><E120/><V95/><F95/><W128/><G128/><T96/><D96/><U5/><E5/><V101/><F101/><W121/><G121/><T67/><D67/><U36/><E36/><V9/><F9/><W14/><G14/><T28/><D28/><U90/><E90/><V130/><F130/><W2/><G2/><T38/><D61/><U70/><E70/><V82/><F82/><W123/><G123/><T106/><D106/><U37/><E37/><V43/><F40/><W11/><G11/><T114/><D114/><U79/><E79/><V7/><F7/><W97/><G21/><T63/><D63/><U12/><E12/><V55/><F43/><W35/><G35/><AGARI ba="0,0" hai="13,16,23,33,34,35,44,48,55,116,119" m="50699" machi="35" ten="30,2000,0" yaku="20,1,54,1" doraHai="99" who="2" fromWho="3" sc="64,0,190,0,617,20,129,-20" /><INIT seed="4,0,0,1,2,121" ten="64,190,637,109" oya="0" hai0="33,107,87,106,101,2,14,29,110,20,3,15,122" hai1="57,118,11,6,34,24,43,102,23,80,131,115,59" hai2="92,104,62,84,18,60,63,39,128,111,123,129,66" hai3="7,95,77,30,36,98,4,38,91,50,25,105,8"/><T132/><D122/><U51/><E118/><V93/><F104/><W79/><G105/><T127/><D101/><U16/><E102/><V45/><F123/><W65/><G65/><T56/><D106/><U112/><E131/><N who="2" m="50251" /><F111/><W117/><G117/><T74/><D107/><U46/><E34/><V125/><F125/><W73/><G50/><T85/><D74/><U35/><E35/><V69/><F18/><W97/><G97/><T21/><D33/><U100/><E100/><V86/><F86/><N who="0" m="32778" /><D29/><U116/><E80/><V47/><F47/><W5/><G8/><T109/><D56/><U75/><E75/><V130/><F130/><W76/><REACH who="3" step="1"/><G73/><REACH who="3" ten="64,190,637,99" step="2"/><T27/><D127/><U78/><E116/><V17/><F66/><W0/><G0/><N who="0" m="43" /><D132/><U41/><E59/><V96/><F69/><W55/><G55/><T108/><D27/><U37/><E24/><V70/><F70/><W120/><G120/><T61/><D61/><U49/><E57/><V72/><F72/><W26/><G26/><T42/><D42/><U99/><E43/><N who="2" m="22783" /><F96/><W67/><G67/><T32/><D32/><AGARI ba="0,1" hai="4,5,7,25,30,32,36,38,76,77,79,91,95,98" machi="32" ten="40,1300,0" yaku="1,1,53,0" doraHai="121" doraHaiUra="58" who="3" fromWho="0" sc="64,-13,190,0,637,0,99,23" /><INIT seed="5,0,0,3,2,78" ten="51,190,637,122" oya="1" hai0="73,127,97,84,133,126,30,49,119,52,29,95,66" hai1="108,79,113,39,13,125,54,3,106,44,1,124,58" hai2="5,74,46,116,87,18,55,81,99,60,94,41,7" hai3="117,32,31,26,38,114,110,103,132,67,65,118,131"/><U47/><E106/><V112/><F74/><W121/><G121/><T72/><D119/><N who="3" m="45577" /><G110/><T17/><D66/><N who="3" m="25097" /><G132/><T135/><D84/><U27/><E113/><V57/><F18/><W105/><G131/><T21/><D21/><U85/><E108/><V12/><F12/><W14/><G38/><T71/><D71/><U23/><E13/><V2/><F2/><W90/><G114/><T35/><D17/><U9/><E39/><V122/><F112/><W134/><G134/><N who="0" m="51211" /><D95/><U20/><E79/><V28/><F28/><N who="0" m="10858" /><D97/><U51/><E85/><V75/><F75/><N who="0" m="28746" /><D35/><U61/><E47/><AGARI ba="0,0" hai="47,49,52,126,127" m="28746,10858,51211" machi="47" ten="40,2600,0" yaku="20,1,54,1" doraHai="78" who="0" fromWho="1" sc="51,26,190,-26,637,0,122,0" /><INIT seed="6,0,0,2,5,46" ten="77,164,637,122" oya="2" hai0="110,5,4,17,80,42,75,120,119,77,81,104,131" hai1="93,48,3,91,69,85,51,1,76,47,129,128,15" hai2="10,39,59,115,52,68,82,9,78,84,105,66,19" hai3="117,11,107,30,20,127,34,35,116,109,28,123,118"/><V61/><F39/><W23/><G107/><T111/><D42/><U95/><E69/><V62/><F105/><W134/><G123/><T56/><D17/><U130/><E76/><V24/><F115/><W53/><G53/><T16/><D56/><U58/><E15/><V71/><F71/><W86/><G86/><T98/><D16/><U135/><E135/><V40/><F40/><W113/><G109/><N who="0" m="41483" /><D5/><U92/><E58/><V26/><F24/><W112/><G127/><T73/><D4/><U79/><E79/><V102/><F102/><W121/><G121/><T83/><D120/><U106/><E47/><V97/><F97/><W94/><G94/><T29/><D29/><N who="3" m="11369" /><G11/><T125/><D125/><U33/><E106/><V122/><F122/><W37/><G37/><T12/><D12/><U101/><E33/><N who="3" m="12298" /><G134/><T49/><D49/><N who="1" m="19019" /><E101/><V31/><F19/><W124/><G124/><T74/><D119/><U36/><E36/><V65/><F65/><W60/><G60/><T0/><D0/><AGARI ba="0,0" hai="0,1,3,85,91,92,93,95,128,129,130" m="19019" machi="0" ten="40,8000,1" yaku="19,1,52,3" doraHai="46" who="1" fromWho="0" sc="77,-80,164,80,637,0,122,0" owari="-3,-50.0,244,4.0,637,74.0,122,-28.0" /></mjloggm>