<mjloggm ver="2.3"><GO type="225"/><UN n0="%62%75%7A%7A%73%61%77" n1="%E3%82%A2%E3%83%AD%E3%82%A8%E3%82%AF%E3%83%B3" n2="%E3%81%97%E3%81%BE%E3%81%9F%E3%82%8D%E3%81%86%EF%BC%A0" n3="%EF%BC%88%E2%89%A7%E2%96%BD%E2%89%A6%EF%BC%89" dan="17,16,16,17" rate="2145,2144,2127,2110" sx="M,M,M,M"/><TAIKYOKU oya="0"/><INIT seed="0,0,0,4,4,59" ten="250,250,250,250" oya="0" hai0="28,111,33,43,103,45,39,96,49,23,32,6,48" hai1="78,92,51,61,0,7,133,24,40,66,64,22,126" hai2="3,109,115,1,97,112,19,80,113,17,77,68,95" hai3="84,94,29,62,47,2,31,52,114,36,35,41,27"/><T56/><D6/><U13/><E126/><V108/><F68/><W18/><G2/><N who="2" m="521" /><F95/><W9/><G114/><N who="2" m="29185" /><V34/><DORA hai="20" /><F97/><W88/><G31/><T70/><D70/><U98/><E133/><V50/><F50/><W26/><G9/><T15/><D111/><N who="2" m="42570" /><F34/><W100/><G100/><T58/><D48/><U53/><E92/><V44/><F44/><W30/><G36/><T102/><D39/><U86/><E98/><V130/><F130/><W135/><G41/><T122/><D103/><U116/><E40/><V5/><F5/><W57/><G47/><T38/><D38/><U104/><E7/><V65/><F65/><W89/><G89/><T106/><D33/><U16/><E64/><V63/><F63/><W14/><G35/><T21/><D32/><U131/><E61/><V99/><F99/><W128/><G128/><T37/><D37/><U42/><E66/><V12/><F12/><W101/><G101/><T127/><D15/><U124/><E42/><V117/><F117/><W110/><G110/><T118/><D118/><U60/><E116/><V121/><F121/><W125/><G62/><T87/><D122/><U74/><E60/><V25/><F25/><W93/><G27/><N who="0" m="16495" /><D56/><U107/><E13/><V76/><F80/><N who="3" m="49159" /><G57/><T46/><D58/><U55/><E24/><V79/><AGARI ba="0,0" hai="17,19,76,77,79" m="42570,29185,521" machi="79" ten="50,6400,0" yaku="28,2,14,1" doraHai="59,20" who="2" fromWho="2" sc="250,-32,250,-16,250,64,250,-16" /><INIT seed="1,0,0,4,4,32" ten="218,234,314,234" oya="1" hai0="128,100,71,16,28,48,73,5,120,10,34,42,12" hai1="75,88,101,29,69,26,35,3,22,131,37,52,114" hai2="13,63,59,44,122,104,129,133,124,72,130,79,76" hai3="102,103,93,112,58,46,80,96,66,64,51,15,2"/><U98/><E114/><V83/><F122/><W68/><G112/><T126/><D73/><U118/><E118/><V115/><F115/><W91/><G2/><T82/><D71/><U17/><E75/><V53/><F104/><W86/><G68/><T18/><D120/><U123/><E69/><V40/><F79/><W38/><G38/><T54/><D42/><U33/><E123/><V61/><F133/><W67/><G15/><T109/><D109/><U77/><E37/><V27/><F27/><W70/><G70/><T99/><D128/><N who="2" m="49258" /><F13/><W89/><REACH who="3" step="1"/><G58/><REACH who="3" ten="218,234,314,224" step="2"/><T30/><D12/><U9/><E131/><V55/><F124/><W116/><G116/><T41/><D126/><U105/><E3/><V94/><F94/><W14/><G14/><T92/><D92/><U97/><E105/><V23/><F23/><W132/><G132/><T21/><D21/><U62/><E22/><V125/><F125/><W36/><G36/><T56/><D56/><U111/><E33/><V8/><F8/><W45/><G45/><T74/><D10/><U81/><E9/><V1/><F1/><W6/><G6/><T25/><D5/><U85/><E35/><V106/><F106/><W107/><G107/><T121/><D34/><U7/><E7/><V50/><F63/><W4/><G4/><T20/><D20/><U134/><E62/><V119/><F119/><W135/><G135/><T110/><D121/><U65/><E134/><V87/><F72/><W84/><G84/><T31/><D74/><U24/><E85/><V117/><F117/><W47/><G47/><T11/><D11/><RYUUKYOKU ba="0,1" sc="218,-15,234,-15,314,15,224,15" hai2="40,44,50,53,55,59,61,76,83,87" hai3="46,51,64,66,67,80,86,89,91,93,96,102,103" /><INIT seed="2,1,1,3,2,72" ten="203,219,329,239" oya="2" hai0="50,129,49,54,34,94,15,39,80,61,104,14,58" hai1="1,106,109,64,45,13,27,115,108,119,82,25,46" hai2="121,99,135,132,17,29,92,65,5,66,81,30,69" hai3="118,40,26,21,8,111,98,37,103,133,76,22,122"/><V110/><F110/><N who="1" m="42601" /><E1/><V3/><F121/><W113/><G113/><T2/><D39/><U85/><E115/><V73/><F17/><W101/><G37/><T90/><D2/><U134/><E119/><V23/><F5/><W87/><G111/><T19/><D104/><U88/><E134/><N who="2" m="51243" /><F3/><W59/><G122/><T96/><D34/><U112/><E112/><V130/><F130/><W89/><G118/><T60/><D129/><U48/><E106/><V12/><F12/><N who="0" m="4650" /><D19/><U18/><E64/><N who="2" m="24683" /><F23/><W120/><G22/><T9/><D9/><N who="1" m="6447" /><E45/><V32/><F69/><W52/><G120/><T42/><D80/><U4/><E4/><V86/><F73/><W126/><G21/><T68/><D68/><U57/><E57/><V16/><F16/><W78/><G59/><N who="0" m="34935" /><D42/><AGARI ba="1,1" hai="25,27,42,46,48,82,85,88" m="6447,42601" machi="42" ten="30,2000,0" yaku="14,1,54,1" doraHai="72" who="1" fromWho="0" sc="203,-23,219,33,329,0,239,0" /><INIT seed="3,0,0,5,5,49" ten="180,252,329,239" oya="3" hai0="29,2,128,101,26,41,82,105,56,14,13,16,58" hai1="67,61,134,24,69,118,47,129,33,83,91,94,87" hai2="81,25,43,12,95,107,42,66,9,28,62,124,23" hai3="117,86,72,64,39,97,112,54,7,90,126,37,5"/><W45/><G72/><T103/><D2/><U3/><E129/><V65/><F107/><W15/><G117/><T75/><D128/><U132/><E118/><V6/><F81/><W21/><G112/><T115/><D115/><U111/><E3/><V135/><F124/><W40/><G126/><T88/><D41/><U60/><E111/><V46/><F135/><N who="1" m="51753" /><E47/><V100/><F46/><W57/><G39/><T34/><D13/><U44/><E44/><V17/><F6/><W102/><G64/><N who="2" m="24681" /><F62/><W110/><G110/><T125/><D125/><U122/><E60/><V116/><F116/><W85/><G85/><T63/><D105/><U32/><E122/><V104/><F104/><W10/><G5/><T127/><D127/><U73/><E24/><V11/><F11/><W121/><G121/><T27/><D27/><U19/><E19/><V92/><F100/><W123/><G123/><T106/><D106/><U68/><E68/><V84/><F84/><W96/><G102/><T52/><D58/><U98/><E73/><V0/><F0/><W130/><G130/><T80/><D75/><U38/><E38/><V30/><F30/><W51/><G21/><T70/><D70/><U4/><E4/><V78/><F78/><AGARI ba="0,0" hai="32,33,61,67,69,78,83,87,91,94,98" m="51753" machi="78" ten="30,1000,0" yaku="20,1" doraHai="49" who="1" fromWho="2" sc="180,0,252,10,329,-10,239,0" owari="180,-32.0,262,6.0,319,42.0,239,-16.0" /></mjloggm>