<mjloggm ver="2.3"><GO type="41"/><UN n0="%E3%83%AD%E3%83%BC%E3%82%B9%E3%83%88%E3%83%81%E3%82%AD%E3%83%B3" n1="%EF%BC%88%E2%89%A7%E2%96%BD%E2%89%A6%EF%BC%89" n2="%E5%88%87%E6%88%B8%E5%B7%9D" n3="%6E%61%6F%6E%6F%72%69" dan="13,15,13,14" rate="1848,2009,1941,1878" sx="M,F,M,M"/><TAIKYOKU oya="0"/><INIT seed="0,0,0,0,4,125" ten="250,250,250,250" oya="0" hai0="89,53,93,61,56,17,11,5,135,3,112,98,45" hai1="104,18,86,83,113,76,85,108,131,33,68,81,15" hai2="97,64,90,130,47,92,1,118,103,38,35,65,84" hai3="26,67,72,9,91,20,0,34,119,42,82,62,128"/><T116/><D116/><U133/><E68/><V28/><F1/><W106/><G119/><T127/><D127/><U101/><E113/><V102/><F118/><W23/><G106/><T10/><D135/><U21/><E133/><V24/><F103/><W36/><G34/><T58/><D112/><U4/><E33/><V78/><F78/><W48/><G48/><T6/><D58/><U73/><E108/><V71/><F130/><W7/><G26/><T129/><D17/><U134/><E134/><V122/><F122/><W75/><G128/><T2/><D45/><U57/><E131/><AGARI ba="0,0" hai="2,3,5,6,10,11,53,56,61,89,93,98,129,131" machi="131" ten="40,7700,0" yaku="9,1,52,2" doraHai="125" who="0" fromWho="1" sc="250,77,250,-77,250,0,250,0" /><INIT seed="0,1,0,2,2,113" ten="327,173,250,250" oya="0" hai0="7,32,114,110,60,93,49,33,3,53,76,106,41" hai1="16,35,5,108,57,130,47,70,79,20,94,73,133" hai2="18,66,115,43,98,121,1,12,126,59,24,61,81" hai3="56,102,87,122,65,118,82,34,77,124,62,67,19"/><T11/><D106/><U109/><E70/><V26/><F1/><W72/><G122/><T91/><D114/><U99/><E35/><V116/><F115/><W129/><G34/><T22/><D76/><U97/><E133/><V96/><F116/><W39/><G39/><T86/><D110/><N who="1" m="42603" /><E130/><V80/><F126/><W105/><G118/><T85/><D41/><U127/><E127/><V13/><F43/><W131/><G124/><T52/><D60/><U83/><E5/><V23/><F12/><W44/><G44/><T68/><D53/><U36/><E57/><V42/><F42/><W30/><G30/><T38/><D38/><U31/><E31/><V135/><F135/><W103/><G105/><T4/><D4/><U17/><E94/><V28/><F121/><W111/><G111/><T107/><D107/><U128/><E128/><N who="3" m="49226" /><G72/><T78/><D22/><U92/><E92/><V21/><REACH who="2" step="1"/><F26/><REACH who="2" ten="327,173,240,250" step="2"/><W45/><G67/><T84/><D3/><U69/><E36/><V63/><F63/><W132/><G132/><T117/><D117/><U37/><E37/><V104/><F104/><W25/><G45/><T0/><D0/><U29/><E47/><V54/><F54/><W64/><G64/><T6/><D52/><U112/><E112/><V2/><F2/><W10/><G25/><T120/><D120/><U58/><E69/><V51/><F51/><W74/><G74/><T134/><D49/><U55/><E55/><V125/><F125/><W71/><G71/><T101/><D68/><U27/><E58/><V40/><F40/><W48/><G48/><T100/><D134/><RYUUKYOKU ba="1,1" sc="327,-30,173,10,240,10,250,10" hai1="16,17,20,27,29,73,79,83,97,99" hai2="13,18,21,23,24,28,59,61,66,80,81,96,98" hai3="10,19,56,62,65,77,82,87,102,103" /><INIT seed="1,2,1,3,1,114" ten="297,183,250,260" oya="1" hai0="126,106,71,134,94,25,119,108,2,116,107,24,0" hai1="47,81,80,9,127,102,29,133,16,84,98,105,125" hai2="83,45,19,131,88,66,48,7,77,69,32,61,90" hai3="75,79,21,74,70,89,68,59,8,130,26,135,110"/><U6/><E133/><V53/><F32/><W27/><G135/><T112/><D134/><U123/><E123/><V52/><F131/><W50/><G130/><T10/><D126/><N who="1" m="48139" /><E29/><V95/><F53/><W12/><G110/><T60/><D108/><U51/><E84/><V44/><F44/><W36/><G36/><T40/><D94/><U109/><E109/><V13/><F7/><W64/><G70/><T62/><D71/><U113/><E113/><V86/><REACH who="2" step="1"/><F95/><REACH who="2" ten="297,183,240,260" step="2"/><W38/><G38/><T63/><D112/><U22/><E47/><V35/><F35/><W14/><G68/><T104/><D40/><U54/><E54/><V55/><F55/><W72/><G64/><T97/><D97/><U111/><E111/><V57/><F57/><W20/><G59/><T1/><REACH who="0" step="1"/><D10/><AGARI ba="2,2" hai="10,13,19,45,48,52,61,66,69,77,83,86,88,90" machi="10" ten="30,8000,1" yaku="1,1,7,1,54,2,53,1" doraHai="114" doraHaiUra="42" who="2" fromWho="0" sc="297,-86,183,0,240,106,260,0" /><INIT seed="2,0,0,2,4,94" ten="211,183,346,260" oya="2" hai0="86,62,3,122,85,58,31,18,55,44,105,73,90" hai1="96,84,48,52,46,60,12,20,78,104,54,22,131" hai2="21,19,112,74,80,10,25,1,17,128,43,125,51" hai3="11,117,77,100,56,114,132,33,7,64,130,35,124"/><V120/><F120/><W107/><G117/><T67/><D122/><U61/><E131/><V98/><F112/><W108/><G130/><T47/><D105/><U135/><E135/><V88/><F128/><W133/><G114/><T30/><D73/><U9/><E104/><V79/><F125/><W102/><G124/><T97/><D3/><U45/><E96/><V106/><F1/><W34/><G77/><T41/><D18/><N who="1" m="8463" /><E46/><V59/><F10/><W71/><G71/><T113/><D113/><U81/><E60/><V50/><F43/><W111/><G64/><T121/><D121/><U29/><E29/><V36/><F36/><W24/><G24/><T0/><D0/><U53/><E61/><V126/><F126/><W27/><G27/><T65/><D41/><AGARI ba="0,0" hai="20,22,41,45,48,52,53,54,78,81,84" m="8463" machi="41" ten="30,2000,0" yaku="8,1,54,1" doraHai="94" who="1" fromWho="0" sc="211,-20,183,20,346,0,260,0" /><INIT seed="3,0,0,4,4,44" ten="191,203,346,260" oya="3" hai0="59,95,52,106,118,128,6,7,63,82,114,56,110" hai1="57,4,21,127,8,90,69,33,16,134,51,100,24" hai2="1,135,9,28,27,125,40,29,121,120,107,109,35" hai3="116,76,45,115,122,61,2,133,123,54,132,50,62"/><W102/><G2/><T12/><D106/><U98/><E69/><V13/><F107/><W14/><G76/><T101/><D118/><U103/><E33/><V66/><F66/><W68/><G102/><T117/><D110/><U89/><E134/><N who="3" m="51818" /><G14/><T22/><D117/><U43/><E127/><V31/><F109/><W65/><G116/><T37/><D37/><U5/><E103/><V104/><F104/><W47/><G115/><T73/><D114/><U92/><E43/><V0/><F40/><W17/><G17/><T36/><D36/><U41/><E41/><V48/><F125/><W39/><G62/><T83/><D73/><U42/><E42/><AGARI ba="0,0" hai="39,42,45,47,50,54,61,65,68,122,123" m="51818" machi="42" ten="30,11600,0" yaku="20,1,34,2,52,1" doraHai="44" who="3" fromWho="1" sc="191,0,203,-116,346,0,260,116" /><INIT seed="3,1,0,1,3,93" ten="191,87,346,376" oya="3" hai0="33,72,84,74,97,55,35,21,27,18,59,117,14" hai1="122,110,10,51,81,96,23,12,32,20,92,65,129" hai2="11,77,123,86,1,88,64,62,118,103,8,41,121" hai3="130,46,128,60,102,76,63,19,105,7,67,85,87"/><W3/><G3/><T42/><D117/><U13/><E122/><V133/><F118/><W107/><G7/><T101/><D42/><U79/><E110/><V83/><F103/><W98/><G107/><T34/><D27/><U75/><E32/><V119/><F119/><W54/><G63/><T44/><D44/><U124/><E129/><N who="3" m="49770" /><G76/><T91/><D72/><U71/><E124/><V5/><F133/><W95/><G105/><T47/><D47/><U113/><E113/><V61/><F41/><W15/><G46/><T36/><D36/><U116/><E116/><V25/><F25/><W131/><G54/><T90/><D74/><U104/><E104/><V132/><F132/><W66/><N who="3" m="49778" /><W120/><DORA hai="16" /><G120/><N who="2" m="46153" /><F62/><W49/><G49/><T125/><D125/><U114/><E114/><V26/><F26/><W58/><G67/><T52/><D55/><U9/><E65/><V112/><F112/><W70/><G70/><T82/><D91/><N who="1" m="55327" /><E71/><N who="2" m="42383" /><F11/><AGARI ba="1,0" hai="11,15,19,58,60,66,85,87,95,98,102" m="49778" machi="11" ten="40,3900,0" yaku="19,1,52,1" doraHai="93,16" who="3" fromWho="2" sc="191,0,87,0,346,-42,376,42" /><INIT seed="3,2,0,5,2,106" ten="191,87,304,418" oya="3" hai0="27,133,14,122,130,84,57,19,29,16,24,97,22" hai1="112,63,46,68,54,36,87,20,53,121,15,23,99" hai2="35,73,110,115,100,7,91,8,134,85,125,109,127" hai3="92,10,69,39,82,96,123,132,1,113,13,17,128"/><W12/><G113/><T95/><D122/><U18/><E121/><V74/><F35/><W98/><G123/><T107/><D107/><U88/><E112/><V64/><F100/><W11/><G69/><T131/><D84/><U79/><E68/><V89/><F64/><W81/><G39/><T62/><D133/><U50/><E36/><V5/><F134/><W117/><G132/><T37/><D27/><U126/><E126/><N who="2" m="48139" /><F115/><W103/><G117/><T34/><D37/><U72/><E72/><N who="2" m="27755" /><F91/><W80/><G1/><T59/><D19/><U119/><E119/><V0/><F5/><N who="3" m="3151" /><G128/><T47/><D47/><U60/><E54/><V67/><F67/><W135/><G135/><T129/><REACH who="0" step="1"/><D62/><REACH who="0" ten="181,87,304,418" step="2"/><U77/><E99/><AGARI ba="2,1" hai="11,13,17,80,81,82,92,96,98,99,103" m="3151" machi="99" ten="30,1500,0" yaku="8,1" doraHai="106" who="3" fromWho="1" sc="181,0,87,-21,304,0,418,31" /><INIT seed="3,3,0,3,2,27" ten="181,66,304,449" oya="3" hai0="31,49,48,134,28,78,44,58,76,80,133,117,46" hai1="21,99,116,33,9,66,12,135,23,51,128,115,92" hai2="91,118,43,5,107,109,113,16,45,65,11,53,70" hai3="41,7,60,98,84,74,30,103,85,111,35,130,81"/><W77/><G130/><T14/><D58/><U55/><E115/><V114/><F107/><W15/><G111/><T82/><REACH who="0" step="1"/><D14/><REACH who="0" ten="171,66,304,449" step="2"/><U0/><E12/><V129/><F109/><W72/><G15/><T6/><D6/><U95/><E128/><V68/><F129/><W36/><G7/><T61/><D61/><U18/><E0/><V38/><F114/><W124/><G60/><T71/><D71/><U96/><E116/><AGARI ba="3,1" hai="28,31,44,46,48,49,76,78,80,82,116,117,133,134" machi="116" ten="25,8000,1" yaku="1,1,22,2,52,2,53,0" doraHai="27" doraHaiUra="90" who="0" fromWho="1" sc="171,99,66,-89,304,0,449,0" owari="270,-13.0,-23,-52.0,304,10.0,449,55.0" /></mjloggm>