<mjloggm ver="2.3"><GO type="169"/><UN n0="%E3%81%A1%E3%82%83%E3%82%8B%E2%98%86%E3%83%9F" n1="%EF%BC%88%E2%89%A7%E2%96%BD%E2%89%A6%EF%BC%89" n2="%E3%80%93%E6%9D%BE%E4%BA%95%EF%BC%A3%EF%BC%B3%E3%80%93" n3="%E5%B2%A1%E6%9D%91" dan="16,16,16,16" rate="2056,2079,2108,2057" sx="M,M,M,F"/><TAIKYOKU oya="0"/><INIT seed="0,0,0,5,4,93" ten="250,250,250,250" oya="0" hai0="87,119,90,86,12,32,21,85,50,81,63,22,116" hai1="100,104,1,44,19,66,9,122,57,0,125,54,45" hai2="59,131,99,92,13,118,106,124,111,60,20,78,55" hai3="42,108,56,58,135,27,38,107,132,83,4,64,112"/><T3/><D32/><U23/><E122/><V14/><F111/><W120/><G112/><T65/><D3/><U68/><E125/><V109/><F109/><W97/><G108/><T98/><D119/><U36/><E68/><V102/><F124/><W28/><G120/><T2/><D2/><U43/><E66/><V127/><F127/><W61/><G4/><T62/><D116/><U26/><E45/><V96/><F118/><W84/><G42/><T101/><D50/><U123/><E9/><V34/><F34/><N who="3" m="20767" /><G38/><T105/><D63/><U69/><E69/><V88/><F131/><W48/><G48/><T24/><D12/><U95/><E104/><V110/><F110/><W35/><G35/><T8/><D8/><U25/><E25/><V133/><F133/><N who="3" m="51275" /><G58/><T130/><D130/><U79/><E123/><V117/><F117/><W46/><G46/><T17/><REACH who="0" step="1"/><D22/><REACH who="0" ten="240,250,250,250" step="2"/><U7/><E0/><V73/><REACH who="2" step="1"/><F20/><REACH who="2" ten="240,250,240,250" step="2"/><W103/><G61/><T134/><D134/><U121/><E23/><V126/><F126/><W74/><G64/><T31/><D31/><U47/><E121/><V41/><F41/><W30/><G30/><T94/><D94/><U82/><E95/><V129/><F129/><W89/><G56/><AGARI ba="0,2" hai="17,21,24,56,62,65,81,85,86,87,90,98,101,105" machi="56" ten="30,5800,0" yaku="1,1,7,1,52,1,53,0" doraHai="93" doraHaiUra="113" who="0" fromWho="3" sc="240,78,250,0,240,0,250,-58" /><INIT seed="0,1,0,5,0,105" ten="318,250,240,192" oya="0" hai0="41,121,90,17,42,30,89,133,85,31,99,114,111" hai1="19,11,71,98,92,107,36,1,109,2,101,78,64" hai2="28,45,9,22,119,15,122,46,8,20,134,37,72" hai3="65,24,34,54,103,43,106,23,53,76,16,57,80"/><T55/><D121/><U135/><E36/><V48/><F122/><W123/><G123/><T127/><D114/><U97/><E135/><V77/><F134/><W74/><G43/><T115/><D115/><U13/><E109/><V5/><F119/><W52/><G34/><T29/><D133/><U126/><E126/><V118/><F118/><W21/><G21/><T25/><D127/><U60/><REACH who="1" step="1"/><E78/><REACH who="1" ten="318,240,240,192" step="2"/><V125/><F125/><W128/><G128/><T87/><D111/><U44/><E44/><V104/><F45/><W70/><G70/><T58/><D99/><U120/><E120/><V93/><F37/><W38/><G38/><T132/><D132/><U67/><E67/><V0/><F28/><W33/><G33/><T63/><D42/><U35/><E35/><V94/><F104/><W62/><REACH who="3" step="1"/><G65/><REACH who="3" ten="318,240,240,182" step="2"/><T79/><D41/><U51/><E51/><V117/><F117/><W39/><G39/><T3/><D31/><U49/><E49/><V10/><F48/><W26/><G26/><T27/><D25/><U7/><E7/><V131/><F131/><W12/><G12/><T95/><D27/><U59/><E59/><V56/><F56/><W32/><G32/><T6/><D58/><U61/><E61/><V50/><F50/><W113/><G113/><T82/><D63/><U4/><E4/><V14/><F46/><W91/><G91/><AGARI ba="1,2" hai="1,2,11,13,19,60,64,71,91,92,97,98,101,107" machi="91" ten="30,3900,0" yaku="1,1,7,1,53,1" doraHai="105" doraHaiUra="66" who="1" fromWho="3" sc="318,0,240,62,240,0,182,-42" /><INIT seed="1,0,0,5,3,59" ten="318,302,240,140" oya="1" hai0="132,128,126,27,133,96,23,127,130,54,45,70,61" hai1="8,43,110,64,100,32,94,3,29,71,28,101,4" hai2="123,49,14,6,90,38,107,98,77,58,63,26,12" hai3="105,51,112,76,74,102,134,60,33,56,131,116,89"/><U53/><E110/><V17/><F38/><W34/><G112/><T21/><D96/><U48/><E43/><V75/><F123/><W65/><G116/><T7/><D7/><U19/><E19/><V109/><F109/><W36/><G36/><T104/><D104/><U72/><E72/><V122/><F122/><W44/><G134/><N who="0" m="51819" /><D70/><U121/><E121/><V18/><F49/><W57/><G131/><N who="0" m="50219" /><D61/><U25/><E29/><V84/><F107/><W30/><G57/><T97/><D97/><U10/><E10/><V62/><F58/><W86/><G102/><T50/><D27/><U37/><E37/><V40/><F26/><W92/><G105/><T24/><D24/><U79/><E100/><V117/><F6/><W113/><G113/><T47/><D47/><U15/><E101/><V9/><F117/><W42/><REACH who="3" step="1"/><G30/><REACH who="3" ten="318,302,240,130" step="2"/><T106/><D106/><U69/><E28/><V81/><F40/><W108/><G108/><T82/><D82/><AGARI ba="0,1" hai="33,34,42,44,51,56,60,65,74,76,82,86,89,92" machi="82" ten="40,2600,0" yaku="1,1,52,1,53,0" doraHai="59" doraHaiUra="66" who="3" fromWho="0" sc="318,-26,302,0,240,0,130,36" /><INIT seed="2,0,0,0,2,26" ten="292,302,240,166" oya="2" hai0="109,68,17,53,97,59,76,1,102,46,28,3,117" hai1="66,33,7,42,52,79,64,37,77,103,74,90,120" hai2="104,75,70,69,38,54,127,20,99,60,106,2,84" hai3="112,114,100,132,88,98,115,41,108,62,32,47,116"/><V0/><F127/><W12/><G116/><T105/><D117/><U89/><E120/><V51/><F38/><W15/><G108/><T124/><D109/><U61/><E33/><V34/><F75/><W18/><G132/><T14/><D68/><U73/><E103/><V58/><F34/><W93/><G62/><T91/><D76/><U57/><E7/><V107/><F99/><N who="3" m="57767" /><G32/><T55/><D91/><U43/><E37/><V130/><F130/><W87/><G87/><T29/><D124/><U123/><E61/><V71/><F84/><W35/><G35/><T8/><D46/><U131/><E57/><V24/><REACH who="2" step="1"/><F60/><REACH who="2" ten="292,302,230,166" step="2"/><W16/><G98/><T50/><REACH who="0" step="1"/><D55/><REACH who="0" ten="282,302,230,166" step="2"/><U19/><E52/><V94/><F94/><W39/><G100/><T83/><D83/><U36/><E131/><V135/><F135/><W6/><G115/><T44/><D44/><U113/><E113/><V63/><F63/><W82/><G114/><T80/><D80/><U27/><E123/><V85/><F85/><W4/><G82/><T49/><D49/><U125/><E125/><V5/><F5/><N who="3" m="2155" /><G112/><T133/><D133/><U9/><E36/><V10/><F10/><W31/><G47/><T65/><D65/><U13/><E9/><V128/><F128/><W40/><G39/><T121/><D121/><U119/><E119/><V129/><F129/><W111/><G111/><T81/><D81/><U72/><E72/><V56/><F56/><W22/><G40/><T122/><D122/><U110/><E110/><V21/><F21/><N who="3" m="11399" /><G41/><T96/><D96/><U67/><E43/><V118/><F118/><RYUUKYOKU ba="0,2" sc="282,10,302,-30,230,10,166,10" hai0="1,3,8,14,17,28,29,50,53,59,97,102,105" hai2="0,2,20,24,51,54,58,69,70,71,104,106,107" hai3="15,18,22,31" /><INIT seed="2,1,2,1,3,80" ten="292,272,240,176" oya="2" hai0="57,110,31,8,108,20,106,24,64,4,111,83,53" hai1="7,72,126,43,30,91,130,74,67,15,87,40,69" hai2="22,103,12,109,37,63,94,101,93,100,42,52,129" hai3="55,36,113,105,89,124,125,78,84,86,56,58,133"/><V27/><F37/><W23/><G36/><T97/><D64/><U47/><E130/><V85/><F129/><W11/><G113/><T127/><D127/><N who="3" m="48713" /><G133/><T66/><D66/><U19/><E126/><V18/><F42/><W14/><G105/><T51/><D83/><U62/><E7/><V102/><F109/><W92/><G23/><T112/><D112/><U75/><E30/><V5/><F103/><W3/><G3/><N who="0" m="31" /><D97/><U29/><E29/><V65/><F5/><N who="3" m="3439" /><G78/><T59/><D106/><U33/><E33/><V118/><F118/><W26/><G26/><T123/><D123/><U119/><E119/><V49/><F27/><W39/><G39/><T104/><D104/><U96/><E96/><V79/><F79/><W71/><G71/><T45/><AGARI ba="1,2" hai="20,24,31,45,51,53,57,59,108,110,111" m="31" machi="45" ten="30,1100,0" yaku="14,1" doraHai="80" who="0" fromWho="0" sc="292,34,272,-4,240,-6,176,-4" /><INIT seed="3,0,0,3,3,101" ten="326,268,234,172" oya="3" hai0="99,64,13,70,59,123,93,124,4,105,113,102,66" hai1="126,11,103,83,57,25,91,80,34,27,6,85,81" hai2="112,42,54,90,44,40,121,45,8,20,88,111,41" hai3="106,68,134,92,116,104,29,62,78,16,63,18,125"/><W60/><G116/><T43/><D123/><U21/><E126/><V133/><F112/><W117/><G117/><T53/><D113/><U98/><E34/><V3/><F121/><W135/><G68/><T14/><D43/><U97/><E57/><V89/><F111/><W94/><G125/><T46/><D46/><U72/><E72/><V30/><F133/><N who="3" m="50699" /><G29/><T19/><D70/><U130/><E130/><V50/><F3/><W132/><N who="3" m="50707" /><W15/><DORA hai="118" /><G78/><T96/><D124/><U100/><E100/><V52/><F8/><N who="3" m="6247" /><G18/><T37/><D4/><U48/><E27/><N who="2" m="16743" /><F54/><W2/><G2/><T75/><D75/><U120/><E120/><V0/><F0/><W108/><G108/><T49/><D14/><U110/><E110/><V22/><F22/><W10/><G10/><T73/><D73/><U38/><E11/><V67/><F67/><W9/><G9/><T47/><D19/><U33/><E6/><V65/><F65/><W71/><G71/><T55/><D13/><U32/><E32/><V95/><F44/><W82/><G82/><N who="1" m="31850" /><E33/><V119/><F119/><W69/><G69/><T129/><D129/><U107/><E21/><V39/><F39/><W84/><G84/><AGARI ba="0,0" hai="40,41,42,45,50,52,84,88,89,90,95" m="16743" machi="84" ten="30,3900,0" yaku="8,1,54,2" doraHai="101,118" who="2" fromWho="3" sc="326,0,268,0,234,39,172,-39" /><INIT seed="4,0,0,1,1,101" ten="326,268,273,133" oya="0" hai0="19,40,66,130,93,42,37,71,18,15,4,132,117" hai1="91,88,76,77,68,80,131,50,56,54,118,53,3" hai2="8,94,25,6,129,100,123,39,35,116,30,84,60" hai3="115,73,2,52,9,34,44,85,121,17,5,36,125"/><T90/><D117/><U28/><E118/><V110/><F116/><W133/><G115/><T10/><D132/><U113/><E68/><V127/><F39/><W49/><G121/><T12/><D130/><U27/><E3/><V120/><F110/><W105/><G133/><T126/><D126/><U99/><E131/><V16/><F127/><W81/><G125/><T64/><D71/><U95/><E113/><V38/><F38/><W31/><G73/><T69/><D4/><U14/><E14/><V97/><F129/><W70/><G70/><T57/><D69/><U89/><E54/><V111/><F111/><W62/><G36/><T74/><D74/><U124/><E124/><V112/><F112/><W128/><G128/><T135/><D135/><U33/><REACH who="1" step="1"/><E76/><REACH who="1" ten="326,258,273,133" step="2"/><V48/><F123/><W102/><G81/><T7/><D66/><U82/><E82/><V22/><F120/><W21/><G2/><T26/><D15/><U59/><E59/><V86/><F6/><W75/><G75/><AGARI ba="0,1" hai="27,28,33,50,53,56,75,77,80,88,89,91,95,99" machi="75" ten="30,3900,0" yaku="1,1,7,1,54,1,53,0" doraHai="101" doraHaiUra="43" who="1" fromWho="3" sc="326,0,258,49,273,0,133,-39" /><INIT seed="5,0,0,5,3,120" ten="326,307,273,94" oya="1" hai0="10,22,83,104,30,8,110,35,97,92,39,2,31" hai1="88,62,118,81,68,78,111,82,34,43,109,100,53" hai2="16,64,134,3,93,129,119,49,17,14,58,50,48" hai3="45,106,80,36,115,73,15,94,42,28,20,57,32"/><U12/><E34/><V135/><F3/><W69/><G106/><T131/><D39/><U103/><E118/><V37/><F37/><W19/><G69/><T126/><D104/><U127/><E127/><V79/><F119/><W24/><G115/><T6/><D83/><U55/><E43/><V47/><F129/><W63/><G94/><T124/><D131/><U27/><E27/><V91/><F79/><W70/><G70/><T85/><D85/><N who="1" m="50231" /><E12/><V59/><F47/><W60/><REACH who="3" step="1"/><G57/><REACH who="3" ten="326,307,273,84" step="2"/><T29/><D92/><U54/><E68/><V112/><F112/><W128/><G128/><T123/><D126/><U56/><E103/><V125/><F125/><W105/><G105/><T38/><D124/><U13/><E100/><V86/><F59/><W26/><G26/><T46/><D35/><U77/><E81/><V102/><F102/><W4/><G4/><T1/><D6/><U132/><E56/><V84/><F58/><W41/><G41/><T44/><D44/><U99/><E62/><V9/><F64/><W18/><G18/><T96/><D46/><U61/><E61/><V130/><F130/><W23/><G23/><T5/><D22/><U117/><E117/><V51/><F17/><W98/><G98/><T133/><D96/><U108/><E99/><V90/><N who="2" m="12800" /><DORA hai="116" /><V114/><F114/><W11/><G11/><T7/><D10/><U113/><E113/><V87/><F93/><W65/><G65/><T74/><D7/><U33/><E33/><V122/><F122/><W52/><G52/><T72/><D5/><U25/><E25/><V21/><F9/><RYUUKYOKU ba="0,1" sc="326,-15,307,-15,273,15,84,15" hai2="14,16,21,84,86,87,90,91,134,135" hai3="15,19,20,24,28,32,36,42,45,60,63,73,80" /><INIT seed="6,1,1,1,5,132" ten="311,292,288,99" oya="2" hai0="19,36,26,13,53,42,17,50,103,49,6,58,124" hai1="105,133,84,22,71,131,61,126,5,87,3,110,89" hai2="116,104,83,99,9,38,102,66,91,82,130,122,1" hai3="96,10,111,57,12,75,47,86,117,68,74,97,54"/><V98/><F116/><W114/><G117/><T52/><D103/><U46/><E110/><V21/><F122/><W51/><G68/><T113/><D113/><U80/><E105/><V77/><F38/><W112/><G111/><T39/><D42/><U67/><E133/><V29/><F130/><W134/><G134/><T41/><D41/><U27/><E131/><V78/><F66/><W45/><G86/><T32/><D32/><U100/><E100/><V33/><F33/><W63/><G74/><T76/><D76/><U72/><E72/><V55/><F82/><W85/><G85/><T4/><D13/><U119/><E119/><V40/><F40/><W123/><G75/><T2/><D58/><U30/><E46/><V64/><F64/><W65/><G47/><T88/><D88/><U31/><E87/><V37/><F37/><W48/><G48/><T108/><D108/><U120/><E120/><V127/><F98/><W128/><G123/><T121/><D121/><U62/><E62/><V44/><F91/><W92/><G128/><T20/><D20/><U60/><E60/><V90/><F90/><W35/><G35/><T109/><D109/><U93/><E80/><V69/><F69/><W101/><REACH who="3" step="1"/><G97/><REACH who="3" ten="311,292,288,89" step="2"/><T14/><D49/><U24/><E71/><V43/><F44/><W107/><G107/><T106/><D50/><U81/><E84/><V125/><F78/><W79/><G79/><T94/><D106/><U115/><E81/><V18/><F83/><W34/><G34/><T56/><D39/><U95/><E95/><N who="2" m="58751" /><F77/><W7/><AGARI ba="1,2" hai="7,10,12,45,51,54,57,63,65,92,96,101,112,114" machi="7" ten="30,2000,0" yaku="1,1,0,1,53,0" doraHai="132" doraHaiUra="70" who="3" fromWho="3" sc="311,-6,292,-6,288,-11,89,43" /><INIT seed="7,0,0,5,2,79" ten="305,286,277,132" oya="3" hai0="74,85,88,1,101,7,43,59,55,128,68,20,45" hai1="0,72,89,104,121,133,25,19,91,53,40,23,81" hai2="38,24,98,131,90,109,97,10,63,86,70,41,29" hai3="103,52,82,132,30,127,27,35,107,93,2,114,122"/><W115/><G122/><T6/><D68/><U67/><E121/><V13/><F109/><W119/><G119/><T33/><D33/><U117/><E0/><V11/><F131/><W22/><G107/><T120/><D120/><U94/><E117/><V125/><F125/><W9/><G127/><T129/><D74/><U130/><E104/><V113/><F113/><N who="3" m="43019" /><G132/><T12/><D101/><U26/><E133/><V112/><F112/><W16/><G82/><N who="0" m="49207" /><D1/><U3/><E3/><V134/><F134/><W62/><G2/><T39/><D20/><N who="1" m="13471" /><E72/><V124/><F124/><W83/><G83/><T65/><D65/><U49/><E130/><N who="0" m="50281" /><D12/><U87/><E67/><V21/><F70/><W99/><G9/><T37/><D37/><U34/><E34/><V17/><F10/><W106/><G106/><T105/><D105/><U111/><E111/><V15/><F38/><W110/><G110/><T76/><D76/><N who="1" m="46503" /><E94/><N who="2" m="54615" /><F41/><W116/><G116/><T77/><D77/><U92/><E92/><V36/><F36/><W31/><G35/><T100/><D100/><U96/><E40/><V5/><F63/><AGARI ba="0,0" hai="6,7,39,43,45,55,59,63" m="50281,49207" machi="63" ten="30,3900,0" yaku="19,1,52,1,54,1" doraHai="79" who="0" fromWho="2" sc="305,39,286,0,277,-39,132,0" owari="344,44.0,286,9.0,238,-16.0,132,-37.0" /></mjloggm>