<mjloggm ver="2.3"><GO type="169"/><UN n0="%EF%BC%91%E4%BD%8D%E3%81%AA%E3%82%89%E5%83%8D%E3%81%8F" n1="%EF%BC%88%E2%89%A7%E2%96%BD%E2%89%A6%EF%BC%89" n2="%E2%99%AA%E3%83%A2%E3%83%8E%E3%82%AF%E3%83%AD" n3="%E3%81%94%E3%81%98%E3%82%83%E3%82%8B" dan="16,18,17,16" rate="2163,2221,2138,2141" sx="F,M,F,M"/><TAIKYOKU oya="0"/><INIT seed="0,0,0,3,5,14" ten="250,250,250,250" oya="0" hai0="133,73,67,5,18,76,103,79,33,20,3,62,63" hai1="105,46,89,23,41,64,8,21,114,48,120,50,130" hai2="98,80,49,100,47,99,106,102,66,39,52,75,44" hai3="131,57,59,60,83,19,10,95,72,92,11,85,65"/><T56/><D33/><U4/><E105/><V109/><F109/><W87/><G72/><T36/><D36/><U22/><E120/><V96/><F96/><W54/><G131/><T82/><D133/><U117/><E114/><V0/><F0/><W134/><G134/><T25/><D79/><U91/><E130/><V61/><F61/><W2/><G2/><T35/><D35/><U16/><E117/><V126/><F126/><W113/><G113/><T129/><D129/><U125/><E125/><V32/><F32/><W24/><G85/><T29/><D103/><U27/><E64/><V45/><F45/><W115/><G115/><T121/><D121/><U30/><E48/><V70/><F70/><W135/><G135/><T104/><D104/><U97/><E97/><V84/><F84/><W86/><G86/><T124/><D124/><U108/><E108/><V69/><F69/><W107/><G107/><T88/><D62/><U15/><E22/><V116/><F116/><W123/><G123/><T74/><D74/><U31/><E31/><V132/><F132/><W28/><G28/><T77/><D29/><U68/><E68/><V7/><F7/><W58/><G58/><T122/><D122/><U118/><E118/><V94/><F94/><N who="3" m="35883" /><G59/><T12/><D76/><U6/><E6/><V13/><F13/><AGARI ba="0,0" hai="4,8,13,15,16,21,23,27,30,41,46,50,89,91" machi="13" ten="30,7700,0" yaku="7,1,8,1,52,1,54,1" doraHai="14" who="1" fromWho="2" sc="250,0,250,77,250,-77,250,0" /><INIT seed="1,0,0,4,4,45" ten="250,327,173,250" oya="1" hai0="17,11,91,24,114,23,26,115,37,94,46,92,66" hai1="48,126,49,31,78,63,6,81,70,47,108,18,133" hai2="111,124,12,29,68,7,55,74,71,80,65,3,97" hai3="5,34,61,25,28,95,122,123,109,54,85,76,38"/><U106/><E106/><V13/><F13/><W59/><G109/><T72/><D72/><U101/><E108/><V8/><F8/><W39/><G5/><T103/><D66/><U87/><E126/><V100/><F100/><W69/><G69/><T75/><D75/><U20/><E133/><V121/><F121/><W128/><G128/><T42/><D103/><U116/><E116/><V35/><F35/><W51/><G123/><T88/><D24/><N who="1" m="16775" /><E70/><V32/><F111/><W134/><G134/><T50/><D37/><U4/><E101/><V83/><F124/><W98/><G122/><T2/><D2/><U131/><E63/><V119/><F3/><W27/><G27/><T99/><REACH who="0" step="1"/><D11/><REACH who="0" ten="240,327,173,250" step="2"/><U10/><E131/><V44/><F65/><W96/><G39/><T41/><D41/><N who="1" m="24687" /><E10/><V1/><F74/><W73/><G38/><T60/><D60/><U77/><E18/><V90/><F1/><W105/><G73/><T135/><D135/><U112/><E112/><V118/><F119/><W52/><G105/><T107/><D107/><U15/><E15/><V22/><F118/><W67/><G67/><T53/><D53/><U102/><E102/><V113/><F55/><W130/><G130/><T132/><D132/><U64/><E64/><V104/><F104/><W16/><G16/><T43/><D43/><U79/><E49/><V120/><F12/><W56/><G51/><T93/><D93/><U21/><E4/><V86/><F7/><W40/><G40/><T84/><AGARI ba="0,1" hai="17,23,26,42,46,50,84,88,91,92,94,99,114,115" machi="84" ten="20,8000,1" yaku="1,1,0,1,7,1,52,1,54,1,53,0" doraHai="45" doraHaiUra="127" who="0" fromWho="0" sc="240,90,327,-40,173,-20,250,-20" /><INIT seed="2,0,0,4,1,79" ten="330,287,153,230" oya="2" hai0="38,119,82,65,76,9,66,64,89,102,132,12,95" hai1="3,49,107,43,96,112,15,111,67,55,101,29,130" hai2="91,116,70,100,13,98,47,19,104,92,54,16,71" hai3="30,72,58,36,51,56,63,46,134,11,108,105,44"/><V75/><F116/><W69/><G105/><T4/><D38/><U31/><E112/><V60/><F75/><W37/><G72/><T93/><D119/><U99/><E3/><V110/><F110/><W106/><G106/><T126/><D132/><U57/><E111/><V123/><F123/><W35/><G11/><T25/><D126/><U26/><E130/><V40/><F54/><N who="3" m="31839" /><G30/><T83/><D76/><U128/><E128/><V7/><F7/><W85/><G85/><N who="0" m="52399" /><D25/><U5/><E43/><V125/><F125/><W28/><G28/><T78/><D78/><U84/><E67/><V10/><F19/><W61/><G35/><T1/><D1/><U133/><E133/><V21/><F10/><W32/><G32/><T77/><D77/><U114/><E114/><V14/><F14/><W73/><G134/><T131/><D131/><U2/><E2/><V17/><F17/><W115/><G115/><T24/><D24/><U0/><E0/><V121/><F121/><W118/><G108/><T42/><D42/><U48/><E26/><V6/><F6/><W124/><G118/><T113/><D113/><U45/><E96/><AGARI ba="0,0" hai="4,9,12,64,65,66,82,83,95,96,102" m="52399" machi="96" ten="30,3900,0" yaku="8,1,52,2" doraHai="79" who="0" fromWho="1" sc="330,39,287,-39,153,0,230,0" /><INIT seed="3,0,0,2,1,52" ten="369,248,153,230" oya="3" hai0="22,50,41,122,110,28,59,43,97,61,27,31,106" hai1="2,115,87,71,20,94,3,119,32,123,39,37,93" hai2="101,6,117,63,62,54,81,107,103,7,36,5,65" hai3="91,17,16,34,0,8,133,74,70,116,126,19,77"/><W30/><G70/><T67/><D122/><U96/><E71/><V98/><F117/><W69/><G69/><T104/><D110/><U51/><E32/><V44/><F65/><W114/><G74/><T25/><D97/><U21/><E96/><V89/><F103/><W29/><G77/><T47/><REACH who="0" step="1"/><D43/><REACH who="0" ten="359,248,153,230" step="2"/><U66/><E123/><V108/><F108/><W13/><G116/><T78/><D78/><U112/><E119/><V4/><N who="2" m="1024" /><DORA hai="88" /><V14/><F98/><W40/><G40/><T79/><D79/><U130/><E115/><V80/><F107/><W72/><G114/><T68/><D68/><U82/><E112/><V12/><F101/><W53/><G0/><T102/><D102/><U135/><E2/><V90/><F89/><W57/><G126/><T73/><D73/><U49/><E3/><V128/><F90/><W85/><G72/><T56/><D56/><U134/><E134/><V125/><F125/><W124/><G133/><T10/><D10/><U46/><E135/><V64/><F128/><W92/><G124/><T75/><D75/><U15/><E130/><V131/><F131/><W121/><G121/><T113/><D113/><U48/><E87/><V111/><F111/><W109/><G109/><T60/><D60/><U55/><E46/><V18/><F63/><N who="3" m="36271" /><G34/><AGARI ba="0,1" hai="22,25,27,28,31,34,41,47,50,59,61,67,104,106" machi="34" ten="30,8000,1" yaku="1,1,7,1,52,1,53,2" doraHai="52,88" doraHaiUra="26,11" who="0" fromWho="3" sc="359,90,248,0,153,0,230,-80" /><INIT seed="4,0,0,5,5,117" ten="449,248,153,150" oya="0" hai0="36,43,110,123,83,118,55,86,7,51,77,3,120" hai1="47,115,58,105,40,2,46,88,128,30,60,103,48" hai2="28,57,61,133,126,56,14,101,134,85,8,44,5" hai3="42,68,80,100,89,1,29,81,65,91,119,17,4"/><T121/><D118/><U97/><E2/><V94/><F126/><W69/><G119/><T124/><D124/><U96/><E128/><V87/><F44/><W93/><G29/><T31/><D31/><U23/><E115/><V52/><F28/><W82/><G42/><T50/><D110/><U53/><E47/><V59/><F133/><W79/><G79/><T113/><D113/><U135/><E135/><V112/><F112/><W62/><G69/><T104/><D104/><U72/><E72/><V99/><F134/><W98/><G1/><T131/><D131/><U129/><E129/><V18/><F59/><W90/><G4/><T132/><D132/><U74/><E74/><V92/><F92/><W38/><G38/><T34/><D34/><U63/><E23/><V106/><F106/><W127/><G127/><T25/><D25/><U75/><E75/><V107/><F107/><W111/><G111/><T26/><D26/><U39/><E30/><V67/><REACH who="2" step="1"/><F5/><REACH who="2" ten="449,248,143,150" step="2"/><W11/><G17/><T122/><D122/><U130/><E130/><V32/><F32/><W114/><G114/><T71/><D71/><U102/><E105/><V37/><F37/><W20/><G20/><T21/><D21/><U0/><E39/><V12/><F12/><W27/><G27/><T95/><D95/><U10/><E0/><V9/><F9/><W19/><G19/><T16/><D16/><U49/><E10/><V66/><F66/><W116/><G116/><T45/><REACH who="0" step="1"/><D55/><REACH who="0" ten="439,248,143,150" step="2"/><U73/><E53/><V15/><F15/><W76/><G11/><AGARI ba="0,2" hai="3,7,11,36,43,45,50,51,77,83,86,120,121,123" machi="11" ten="40,12000,1" yaku="1,1,2,1,52,3,53,0" doraHai="117" doraHaiUra="54" who="0" fromWho="3" sc="439,140,248,0,143,0,150,-120" /><INIT seed="4,1,0,1,2,20" ten="579,248,143,30" oya="0" hai0="50,82,133,13,78,69,92,125,90,9,85,89,104" hai1="135,128,17,108,105,75,80,77,126,70,67,40,62" hai2="79,129,44,42,58,87,114,57,41,18,119,132,93" hai3="30,7,48,4,2,32,123,118,36,83,106,56,37"/><T127/><D69/><U68/><E68/><V102/><F114/><W84/><G106/><T11/><D104/><U100/><E17/><V91/><F129/><W24/><G118/><T6/><D133/><U45/><E108/><V95/><F132/><W111/><G111/><T3/><D50/><U5/><E5/><V10/><F119/><W14/><G123/><T19/><REACH who="0" step="1"/><D89/><REACH who="0" ten="569,248,143,30" step="2"/><U51/><E135/><V12/><F91/><W38/><G2/><T103/><D103/><U97/><E51/><V115/><F102/><W122/><G122/><T73/><AGARI ba="1,1" hai="3,6,9,11,13,19,73,78,82,85,90,92,125,127" machi="73" ten="30,3000,0" yaku="1,1,0,1,53,0" doraHai="20" doraHaiUra="112" who="0" fromWho="0" sc="569,43,248,-11,143,-11,30,-11" /><INIT seed="4,2,0,2,2,120" ten="612,237,132,19" oya="0" hai0="29,34,3,7,16,48,109,87,112,75,46,62,33" hai1="119,111,133,15,91,19,49,101,130,73,60,117,11" hai2="63,104,115,61,28,102,2,100,125,9,84,71,65" hai3="69,14,127,59,83,30,38,20,121,52,47,110,26"/><T23/><D75/><U41/><E73/><V92/><F104/><W50/><G121/><T27/><D112/><U4/><E101/><V122/><F122/><W118/><G118/><T116/><D116/><U45/><E133/><V126/><F115/><W66/><G127/><N who="2" m="48649" /><F28/><W37/><G69/><T17/><D62/><U32/><E32/><N who="0" m="12393" /><D48/><U80/><E130/><V85/><F61/><W78/><G110/><T97/><D87/><N who="2" m="33354" /><F92/><W135/><G135/><T134/><D46/><U82/><E45/><V25/><F25/><W103/><G103/><T56/><D97/><U67/><E60/><V54/><F54/><W124/><G124/><T35/><D56/><U98/><E119/><V95/><F95/><W64/><G14/><N who="0" m="9623" /><D134/><U6/><E98/><V58/><F71/><W108/><G108/><T96/><D96/><U18/><E111/><V74/><F74/><W93/><G93/><T113/><D113/><U12/><E117/><V94/><F94/><W81/><G78/><T89/><D89/><U99/><E91/><V43/><F43/><W21/><G38/><T24/><D109/><U44/><E41/><V51/><F51/><W39/><G39/><T76/><D76/><U36/><E49/><V129/><F100/><W55/><G37/><T128/><D128/><U40/><E36/><V107/><F129/><W8/><G66/><T53/><D53/><U5/><E40/><V1/><F102/><W132/><G64/><T105/><D105/><U10/><E99/><V123/><F107/><W42/><G132/><T131/><D131/><U86/><E67/><V114/><F65/><RYUUKYOKU ba="2,0" sc="612,0,237,0,132,0,19,0" /><INIT seed="5,3,0,0,2,29" ten="612,237,132,19" oya="1" hai0="9,61,47,100,64,40,119,14,22,44,19,55,99" hai1="51,66,107,86,56,34,72,21,17,73,127,117,83" hai2="114,87,12,79,25,54,129,133,48,93,70,112,81" hai3="109,125,52,126,71,113,20,134,31,101,80,116,89"/><U120/><E107/><V62/><F129/><W37/><G109/><T30/><D119/><U115/><E34/><V50/><F133/><W5/><G134/><T39/><D30/><U78/><E117/><V124/><F124/><N who="3" m="47723" /><G116/><T123/><D123/><U10/><E120/><V84/><F12/><W103/><G113/><N who="2" m="43625" /><F25/><N who="3" m="16807" /><G5/><T35/><D35/><U32/><E32/><V76/><F93/><W63/><G37/><T74/><D74/><U91/><E73/><V18/><F18/><W90/><G71/><T26/><D26/><U33/><E17/><V45/><F48/><W88/><G80/><T8/><D47/><U95/><E51/><V46/><F46/><W1/><G1/><T102/><D55/><U94/><E83/><N who="2" m="47207" /><F62/><W60/><G60/><T41/><D41/><U49/><E95/><V85/><F70/><W122/><G122/><T69/><D102/><U68/><E68/><V105/><F105/><AGARI ba="3,0" hai="8,9,14,19,22,39,40,44,61,64,69,99,100,105" machi="105" ten="30,1000,0" yaku="7,1" doraHai="29" who="0" fromWho="2" sc="612,19,237,0,132,-19,19,0" /><INIT seed="6,0,0,0,2,30" ten="631,237,113,19" oya="2" hai0="80,81,99,73,127,53,33,93,43,110,38,72,48" hai1="116,50,121,39,108,61,7,126,115,96,85,55,25" hai2="76,79,44,37,28,21,31,95,19,41,124,40,112" hai3="103,60,122,29,68,71,17,8,14,13,87,75,51"/><V123/><F123/><W106/><G75/><T24/><D110/><U111/><E39/><V54/><F112/><W62/><G122/><T16/><D43/><N who="2" m="16458" /><F37/><W22/><G106/><T20/><D38/><U27/><E116/><V130/><F130/><W132/><G132/><T58/><D127/><U86/><E126/><V94/><F124/><W88/><G103/><T120/><D120/><U114/><E121/><V45/><F28/><W128/><G128/><T23/><D33/><U12/><E108/><V92/><F31/><W6/><G29/><N who="0" m="17543" /><D73/><U63/><E111/><V74/><F74/><W56/><G51/><T70/><D72/><U82/><E96/><V2/><F2/><W4/><G4/><T26/><D70/><U105/><E105/><V100/><F100/><AGARI ba="0,0" hai="16,23,26,48,53,58,80,81,93,99,100" m="17543" machi="100" ten="30,2000,0" yaku="8,1,54,1" doraHai="30" who="0" fromWho="2" sc="631,20,237,0,113,-20,19,0" /><INIT seed="7,0,0,0,4,70" ten="651,237,93,19" oya="3" hai0="42,110,61,104,83,123,128,35,67,103,26,85,92" hai1="23,102,120,66,34,64,25,7,94,0,51,32,98" hai2="41,48,89,16,50,36,18,97,96,77,62,84,40" hai3="8,93,17,54,105,69,114,87,90,76,15,101,124"/><W80/><G124/><T60/><D123/><U52/><E120/><V2/><F2/><W28/><G114/><T107/><D110/><U111/><E32/><V57/><F77/><W33/><G69/><T12/><D128/><U37/><E34/><V78/><F78/><W58/><G33/><T73/><D42/><N who="2" m="16490" /><F36/><W9/><G28/><T43/><D43/><U127/><E23/><V47/><F96/><W55/><G105/><T46/><D46/><U109/><E94/><N who="2" m="54567" /><F97/><W59/><G101/><T65/><D12/><U79/><E25/><V130/><F130/><W22/><G59/><T20/><D61/><U72/><E52/><N who="3" m="20010" /><G58/><T117/><D65/><U31/><E31/><V91/><F91/><W21/><G21/><T108/><D60/><U100/><E100/><V13/><F47/><W119/><G119/><T118/><D103/><U38/><E102/><V133/><F133/><W44/><G44/><T113/><D67/><U24/><E66/><N who="2" m="39247" /><F18/><W29/><G29/><T30/><D20/><AGARI ba="0,0" hai="13,16,20,48,50" m="39247,54567,16490" machi="20" ten="30,2000,0" yaku="8,1,54,1" doraHai="70" who="2" fromWho="0" sc="651,-20,237,0,93,20,19,0" owari="631,73.0,237,4.0,113,-29.0,19,-48.0" /></mjloggm>