<mjloggm ver="2.3"><GO type="169"/><UN n0="%E3%81%A7%E3%81%93%E3%81%98" n1="%68%69%67%68%31%35%31%35" n2="%E5%A4%AA%E3%81%8F%E3%81%AA%E3%81%84%E3%81%8A" n3="%EF%BC%88%E2%89%A7%E2%96%BD%E2%89%A6%EF%BC%89" dan="17,16,17,18" rate="2200,2033,2189,2174" sx="M,M,M,M"/><TAIKYOKU oya="0"/><INIT seed="0,0,0,2,4,66" ten="250,250,250,250" oya="0" hai0="101,47,125,69,30,61,109,17,80,106,38,81,5" hai1="11,100,22,78,88,119,129,20,53,43,87,52,96" hai2="57,114,50,35,75,104,107,117,131,112,3,37,132" hai3="48,51,34,4,41,64,62,134,108,84,32,74,46"/><T44/><D5/><U8/><E119/><V85/><RYUUKYOKU type="yao9" ba="0,0" sc="250,0,250,0,250,0,250,0" hai2="3,35,37,50,57,75,85,104,107,112,114,117,131,132" /><INIT seed="0,1,0,4,2,114" ten="250,250,250,250" oya="0" hai0="23,135,100,22,47,67,92,74,68,76,77,71,61" hai1="49,21,112,56,50,113,40,16,48,129,9,20,58" hai2="44,65,117,122,17,127,30,87,69,27,52,134,124" hai3="32,4,83,19,43,13,128,91,42,64,86,133,97"/><T31/><D135/><U85/><E40/><V121/><F134/><W103/><G32/><T15/><D71/><U3/><E129/><V25/><F87/><W70/><G133/><T57/><D74/><U81/><E3/><V62/><F17/><W2/><G128/><T82/><D68/><U107/><E9/><V131/><F131/><W96/><G2/><T55/><D82/><U38/><E38/><V8/><F8/><W111/><G111/><T104/><D104/><U33/><E33/><V46/><F25/><W63/><G4/><T39/><D23/><U45/><E45/><V72/><F72/><W101/><G97/><N who="0" m="59431" /><D15/><N who="1" m="9247" /><E21/><V79/><F27/><W24/><G101/><T119/><D119/><U105/><E107/><V59/><F30/><W132/><G24/><N who="0" m="16791" /><D39/><U51/><E105/><V99/><F117/><W123/><G123/><N who="2" m="47113" /><F79/><N who="0" m="30282" /><D47/><N who="2" m="17962" /><F99/><W110/><G132/><T115/><D115/><N who="1" m="44107" /><E50/><AGARI ba="1,0" hai="50,52,59,62,65,69,124,127" m="17962,47113" machi="50" ten="30,3900,0" yaku="34,2,54,1" doraHai="114" who="2" fromWho="1" sc="250,0,250,-42,250,42,250,0" /><INIT seed="1,0,0,5,0,34" ten="250,208,292,250" oya="1" hai0="90,109,100,79,103,52,118,112,133,13,20,19,15" hai1="120,5,93,46,122,55,27,83,96,37,80,45,110" hai2="7,44,60,9,42,2,58,81,102,123,28,49,129" hai3="73,92,134,48,12,69,66,51,86,17,40,127,99"/><U24/><E110/><V6/><F123/><W33/><G73/><T10/><D118/><U130/><E130/><V84/><F129/><W38/><G33/><T75/><D112/><U105/><E105/><V70/><F28/><W131/><G131/><T88/><D109/><U8/><E37/><V32/><F32/><W132/><G127/><T91/><D133/><N who="3" m="51305" /><G86/><T82/><REACH who="0" step="1"/><D52/><REACH who="0" ten="240,208,292,250" step="2"/><U62/><E55/><V125/><F125/><W114/><G114/><T4/><AGARI ba="0,1" hai="4,10,13,15,19,20,75,79,82,88,90,91,100,103" machi="4" ten="30,7900,0" yaku="1,1,2,1,0,1,54,1,53,0" doraHai="34" doraHaiUra="31" who="0" fromWho="0" sc="240,89,208,-39,292,-20,250,-20" /><INIT seed="2,0,0,1,4,65" ten="329,169,272,230" oya="2" hai0="62,112,113,40,53,12,119,73,68,17,132,23,9" hai1="15,1,106,42,21,99,100,64,31,56,86,52,81" hai2="121,129,28,4,11,134,71,123,118,117,43,14,2" hai3="95,89,82,83,80,77,33,93,10,30,66,102,16"/><V128/><F43/><W88/><G66/><T5/><D73/><U70/><E1/><V67/><F134/><W44/><G33/><T41/><D132/><U49/><E42/><V114/><F114/><W29/><G44/><T87/><D119/><N who="2" m="45578" /><F28/><N who="3" m="10859" /><G77/><T131/><D131/><N who="2" m="50250" /><F14/><N who="3" m="7255" /><G102/><T47/><D112/><U39/><E39/><V115/><F115/><W45/><G45/><T48/><D113/><U127/><E127/><V96/><F96/><N who="3" m="57383" /><G80/><T20/><D87/><AGARI ba="0,0" hai="82,83,87,89,95" m="57383,7255,10859" machi="87" ten="30,3900,0" yaku="8,1,54,2" doraHai="65" who="3" fromWho="0" sc="329,-39,169,0,272,0,230,39" /><INIT seed="3,0,0,2,1,70" ten="290,169,272,269" oya="3" hai0="126,89,38,96,100,25,84,97,12,109,115,98,0" hai1="4,18,135,110,114,113,17,123,79,119,36,106,1" hai2="85,121,16,93,34,78,47,2,11,49,66,67,41" hai3="120,81,42,9,131,118,5,32,44,15,26,29,22"/><W132/><G120/><T104/><D0/><U128/><E79/><V75/><F34/><W134/><G118/><T8/><D109/><U43/><E18/><V51/><F121/><W45/><G131/><T91/><D126/><U28/><E17/><V99/><F75/><W24/><G81/><T82/><D115/><U59/><E28/><V94/><F51/><W65/><G65/><T102/><D25/><U125/><E59/><V87/><F2/><W48/><REACH who="3" step="1"/><G45/><REACH who="3" ten="290,169,272,259" step="2"/><T10/><D82/><U55/><E119/><V27/><F67/><W46/><G46/><T73/><D73/><U50/><E123/><V77/><F66/><W116/><G116/><T56/><D104/><U69/><E106/><V101/><F93/><W64/><G64/><T37/><D56/><U117/><E117/><V107/><F107/><W124/><G124/><T122/><D122/><U103/><E128/><V58/><F58/><W7/><G7/><T6/><D6/><U83/><E4/><V23/><F11/><W30/><AGARI ba="0,1" hai="5,9,15,22,24,26,29,30,32,42,44,48,132,134" machi="30" ten="30,3000,0" yaku="1,1,0,1,53,0" doraHai="70" doraHaiUra="53" who="3" fromWho="3" sc="290,-10,169,-10,272,-10,259,40" /><INIT seed="3,1,0,0,4,47" ten="280,159,262,299" oya="3" hai0="85,49,86,54,3,16,90,26,124,119,71,20,98" hai1="64,76,18,59,14,35,63,0,132,112,4,78,25" hai2="83,15,96,130,121,61,17,42,100,65,46,109,1" hai3="44,104,56,73,70,51,107,45,120,6,27,67,135"/><W82/><G107/><T117/><D71/><U116/><E112/><V74/><F1/><W66/><G104/><T12/><D3/><U93/><E132/><V34/><F34/><W2/><G2/><T36/><D36/><U99/><E116/><V11/><F109/><W10/><G120/><T79/><D124/><U97/><E0/><V111/><F111/><W75/><G75/><T133/><D133/><U106/><E4/><V32/><F32/><W84/><G73/><T134/><D134/><U80/><E106/><V31/><F31/><W30/><G135/><T77/><D98/><U39/><E39/><V72/><F121/><W81/><G70/><T50/><D26/><U103/><E80/><V129/><F83/><W131/><G131/><N who="2" m="50185" /><F96/><W68/><G68/><T62/><D62/><U114/><E114/><V5/><F100/><W29/><G6/><T126/><D126/><U48/><E97/><V123/><F5/><W94/><G94/><T55/><D117/><U24/><E48/><N who="0" m="18537" /><D119/><U19/><E35/><V13/><F13/><W125/><G125/><T23/><D23/><N who="1" m="13439" /><E25/><V8/><F123/><W57/><G27/><T38/><D38/><U87/><E87/><N who="0" m="33289" /><D90/><U69/><E69/><N who="2" m="42159" /><F11/><AGARI ba="1,0" hai="11,14,18,59,63,64,76,78,93,99,103" m="13439" machi="11" ten="30,1000,0" yaku="8,1" doraHai="47" who="1" fromWho="2" sc="280,0,159,13,262,-13,299,0" /><INIT seed="4,0,0,1,3,67" ten="280,172,249,299" oya="0" hai0="10,86,127,31,56,63,41,85,49,66,113,29,34" hai1="39,27,52,24,20,128,74,38,96,65,8,55,40" hai2="5,26,36,50,51,121,131,73,80,114,64,46,45" hai3="78,32,111,70,88,68,112,22,133,122,42,79,44"/><T115/><D127/><U6/><E74/><V76/><F121/><W16/><G32/><T94/><D10/><U123/><E123/><V19/><F114/><N who="0" m="43530" /><D34/><U25/><E128/><V107/><F107/><W134/><G112/><T58/><D41/><U92/><E20/><V84/><F131/><W102/><G102/><T98/><D49/><U130/><E130/><V90/><F5/><W15/><G111/><T109/><D56/><U103/><E65/><V1/><F1/><W23/><G122/><T12/><D12/><U72/><E72/><V60/><F36/><W93/><G23/><T119/><D119/><U59/><E40/><V97/><F97/><N who="3" m="57511" /><G78/><T2/><D2/><U108/><E108/><V69/><F26/><W81/><G81/><T21/><D109/><U106/><E106/><V0/><F0/><W53/><G53/><T9/><D9/><U135/><E135/><N who="3" m="51722" /><G79/><T129/><D129/><U11/><E55/><V28/><F28/><N who="0" m="10826" /><D21/><U126/><E126/><V101/><F76/><W13/><G15/><T100/><AGARI ba="0,0" hai="58,63,66,85,86,94,98,100" m="10826,43530" machi="100" ten="30,1500,0" yaku="15,1" doraHai="67" who="0" fromWho="0" sc="280,15,172,-5,249,-5,299,-5" /><INIT seed="4,1,0,2,5,118" ten="295,167,244,294" oya="0" hai0="86,11,104,60,58,4,98,30,25,108,37,87,6" hai1="39,93,21,5,20,33,19,134,103,26,73,88,94" hai2="71,15,78,119,115,133,113,97,90,129,36,40,83" hai3="123,10,34,35,128,45,67,106,100,102,41,23,124"/><T18/><D37/><U55/><E134/><V99/><F71/><W84/><G123/><T111/><D18/><U27/><E39/><V2/><F2/><W22/><G124/><T24/><D98/><N who="1" m="59863" /><E73/><V43/><F133/><W47/><G128/><T109/><D104/><U127/><E33/><V0/><F0/><W131/><G131/><T96/><D96/><N who="2" m="36938" /><F129/><W38/><G106/><T107/><D107/><U59/><E127/><V70/><F70/><W9/><G38/><T135/><D135/><U89/><E5/><V1/><F1/><W68/><G68/><T32/><D24/><U82/><E82/><V16/><F90/><W63/><G84/><T62/><D6/><U54/><E93/><V48/><F48/><W112/><G63/><T76/><D76/><U46/><E46/><V130/><F119/><W80/><G80/><T29/><D29/><N who="1" m="17607" /><E55/><V121/><F130/><W28/><G41/><T14/><REACH who="0" step="1"/><D62/><AGARI ba="1,0" hai="19,21,27,54,59,62,88,89" m="17607,59863" machi="62" ten="30,2000,0" yaku="8,1,54,1" doraHai="118" who="1" fromWho="0" sc="295,-23,167,23,244,0,294,0" /><INIT seed="5,0,0,5,4,54" ten="272,190,244,294" oya="1" hai0="112,104,126,51,132,89,128,90,74,65,20,134,43" hai1="55,98,86,15,12,85,107,39,77,36,82,93,94" hai2="116,61,37,26,16,72,117,46,71,101,11,125,88" hai3="121,34,14,10,106,4,87,123,76,99,62,28,35"/><U21/><E107/><V41/><F72/><W102/><G35/><T42/><D74/><U27/><E86/><V56/><F101/><W115/><G115/><T133/><D104/><U69/><E69/><V29/><F71/><W113/><G113/><T67/><D112/><U109/><E109/><V52/><F125/><W13/><G13/><T68/><D126/><U22/><E21/><V97/><F11/><W105/><G105/><T30/><D128/><U111/><E111/><V83/><F16/><W57/><G87/><T119/><D119/><U110/><E110/><V84/><F97/><W18/><G76/><T96/><D68/><U25/><E27/><V53/><F53/><W58/><G18/><T33/><D33/><AGARI ba="0,0" hai="26,29,33,37,41,46,52,56,61,83,84,88,116,117" machi="33" ten="30,7700,0" yaku="7,1,52,1,54,2" doraHai="54" who="2" fromWho="0" sc="272,-77,190,0,244,77,294,0" /><INIT seed="6,0,0,0,1,55" ten="195,190,321,294" oya="2" hai0="35,132,39,119,90,69,29,111,110,13,62,75,84" hai1="40,123,1,67,80,51,8,73,102,113,60,134,50" hai2="65,130,38,86,4,79,98,96,105,104,88,76,19" hai3="52,18,77,118,81,49,30,125,47,114,11,116,133"/><V85/><F38/><W17/><G125/><T131/><D75/><U94/><E113/><V58/><F4/><W106/><G106/><N who="2" m="41065" /><F19/><W34/><G114/><T31/><D39/><U64/><E134/><V48/><F48/><W21/><G133/><T44/><D132/><U7/><E123/><V0/><F65/><W78/><G34/><T89/><D131/><U15/><E40/><V93/><F58/><W33/><G33/><T66/><D119/><U107/><E107/><V16/><F16/><N who="3" m="6251" /><G118/><T20/><D35/><U9/><E67/><V3/><F3/><W128/><G128/><T124/><D124/><U63/><E60/><V12/><F12/><W129/><G129/><T70/><D70/><U97/><E8/><V115/><F0/><W126/><G126/><T36/><D36/><U25/><E25/><V108/><F130/><W87/><G11/><T53/><D69/><U72/><E1/><V92/><F115/><W135/><G135/><T109/><D109/><U120/><E120/><V2/><F2/><W103/><G116/><T23/><D110/><U99/><E97/><N who="2" m="37483" /><F108/><W61/><G61/><T32/><D32/><U122/><E122/><V127/><F127/><W117/><G117/><T101/><D111/><U22/><E22/><V68/><F68/><W54/><G54/><T27/><D53/><U82/><E9/><V59/><F59/><W112/><G112/><T28/><D20/><U26/><E7/><V42/><F42/><W74/><G21/><T5/><D23/><U121/><E121/><V37/><F37/><W24/><G24/><T91/><D27/><RYUUKYOKU ba="0,0" sc="195,-10,190,-10,321,30,294,-10" hai2="76,79,85,86,88,92,93" /><INIT seed="6,1,0,2,5,90" ten="185,180,351,284" oya="2" hai0="94,105,127,130,114,4,51,108,91,74,65,86,39" hai1="121,54,25,81,47,17,61,129,32,83,11,85,71" hai2="38,67,116,118,8,80,73,57,34,62,107,76,82" hai3="111,42,120,56,123,3,1,102,132,70,131,125,133"/><V113/><F107/><W2/><G102/><T126/><D39/><U48/><E129/><V23/><F34/><W9/><G70/><T106/><D108/><U84/><E121/><N who="3" m="46666" /><G42/><T44/><D74/><U117/><E117/><V89/><F38/><W103/><G103/><T69/><D130/><U21/><E32/><V77/><F113/><W115/><G131/><T26/><D114/><U124/><E124/><N who="0" m="47657" /><D4/><U96/><E71/><V63/><F89/><W55/><G125/><T53/><D26/><U33/><E33/><V22/><F8/><W5/><G111/><T98/><D98/><U134/><E134/><N who="3" m="51818" /><G115/><T30/><D30/><N who="1" m="17711" /><E61/><AGARI ba="1,0" hai="1,2,3,5,9,55,56,61" m="51818,46666" machi="61" ten="30,1000,0" yaku="20,1" doraHai="90" who="3" fromWho="1" sc="185,0,180,-13,351,0,284,13" /><AGARI ba="1,0" hai="44,51,53,61,65,69,86,91,94,105,106" m="47657" machi="61" ten="30,2000,0" yaku="18,1,52,1" doraHai="90" who="0" fromWho="1" sc="185,20,167,-20,351,0,297,0" /><INIT seed="7,0,0,4,0,1" ten="205,147,351,297" oya="3" hai0="47,3,128,127,73,57,109,16,113,24,46,123,59" hai1="20,58,37,134,60,74,103,21,76,4,112,120,90" hai2="27,85,2,87,121,10,78,117,94,98,12,104,133" hai3="14,49,69,118,6,25,33,18,62,89,124,126,64"/><W68/><G118/><T13/><D109/><U79/><E120/><V30/><F117/><W7/><G69/><T100/><D123/><U106/><E37/><V95/><F121/><W39/><G39/><T22/><D73/><U45/><E112/><V105/><F2/><W135/><G135/><T32/><D127/><N who="3" m="48681" /><G89/><T35/><D128/><U83/><E134/><V97/><F133/><W55/><G25/><T61/><D113/><U43/><E79/><V96/><F105/><W63/><G63/><T108/><D108/><U53/><E103/><V42/><F104/><W65/><G65/><T101/><D3/><U34/><E106/><V130/><F130/><W50/><G33/><T75/><D75/><U17/><E34/><V125/><F125/><W114/><G114/><T131/><D131/><U19/><E90/><V8/><F42/><W81/><G81/><T51/><D35/><U91/><E91/><V122/><F122/><W52/><G55/><N who="0" m="31999" /><D32/><U92/><E92/><N who="2" m="35371" /><F78/><W102/><G102/><N who="0" m="39531" /><D24/><U44/><E43/><V54/><F54/><AGARI ba="0,0" hai="13,16,22,46,47,54,59,61" m="39531,31999" machi="54" ten="30,2000,0" yaku="8,1,54,1" doraHai="1" who="0" fromWho="2" sc="205,20,147,0,351,-20,297,0" owari="225,-17.0,147,-35.0,331,42.0,297,10.0" /></mjloggm>