<mjloggm ver="2.3"><GO type="41" lobby="0"/><UN n0="%E2%98%86%E3%82%82%E3%81%B5%E3%82%82%E3%81%B5%E2%98%86" n1="%E3%82%A6%E3%83%AB%E3%83%88%E3%83%A9%E7%AB%8B%E7%9B%B4" n2="%6F%77%61%72%69%2D" n3="%E6%99%82%E9%9B%A8%E6%A1%9C%28%E7%9C%9F%29" dan="15,15,14,13" rate="1996,2010,1941,1918" sx="M,M,M,M"/><TAIKYOKU oya="0"/><INIT seed="0,0,0,5,4,28" ten="250,250,250,250" oya="0" hai0="29,17,73,133,109,14,89,114,85,32,57,90,80" hai1="81,11,134,111,7,36,60,16,53,19,78,30,15" hai2="20,84,100,76,108,65,39,67,42,125,0,52,6" hai3="119,24,97,68,128,49,51,130,66,55,107,74,122"/><T63/><D114/><U10/><E36/><V5/><F108/><W4/><G119/><T118/><D109/><U120/><E120/><V79/><F0/><W95/><G74/><T3/><D3/><U127/><E111/><V35/><F39/><W71/><G122/><T27/><D118/><U92/><E127/><V38/><F38/><W58/><G4/><T124/><D133/><U1/><E134/><V77/><F42/><W45/><G107/><T22/><D73/><U44/><E30/><V37/><F37/><W34/><G66/><T70/><D70/><U8/><E92/><V131/><F35/><W64/><G64/><T56/><D124/><U102/><E102/><V26/><F125/><W115/><G115/><T105/><D105/><U112/><E112/><V123/><F131/><N who="3" m="50219" /><G34/><T43/><D43/><U18/><E15/><V87/><F123/><W83/><G83/><T46/><D46/><U116/><E116/><V54/><F100/><N who="3" m="60479" /><G24/><T132/><D132/><U61/><E81/><V2/><F2/><W62/><G62/><N who="1" m="24170" /><E7/><N who="2" m="2571" /><F65/><W88/><G88/><T117/><D117/><U41/><E1/><V31/><F67/><W25/><G25/><T48/><D48/><N who="1" m="28807" /><E41/><AGARI ba="0,0" hai="41,45,49,51,55,58,68,71" m="60479,50219" machi="41" ten="30,1000,0" yaku="19,1" doraHai="28" who="3" fromWho="1" sc="250,0,250,-10,250,0,250,10" /><INIT seed="1,0,0,4,2,23" ten="250,240,250,260" oya="1" hai0="70,45,27,54,91,84,4,11,5,24,75,85,113" hai1="29,127,47,97,89,51,15,17,83,2,57,78,133" hai2="95,71,59,55,100,93,60,79,44,7,38,88,18" hai3="104,128,86,80,53,130,112,34,9,32,101,132,102"/><U8/><E2/><V120/><F120/><W105/><G112/><T52/><D70/><U73/><E127/><V39/><F7/><W25/><G132/><T87/><D75/><U35/><E133/><V10/><F79/><W77/><G9/><T28/><D28/><U109/><E57/><V19/><F19/><W41/><G41/><T62/><D113/><U117/><E117/><V94/><F100/><W122/><G122/><T42/><D91/><U61/><E61/><V82/><F71/><W108/><G108/><T92/><D92/><U107/><E109/><V1/><F44/><W111/><G111/><T63/><D42/><U16/><E89/><V123/><F123/><W114/><G114/><T129/><D129/><N who="3" m="49769" /><G53/><N who="0" m="20587" /><D45/><U49/><E47/><V125/><F125/><W121/><G121/><T76/><D76/><U13/><E97/><V118/><F118/><W110/><G110/><T74/><D74/><U81/><E107/><N who="3" m="41034" /><G34/><T21/><D21/><U134/><E134/><V126/><F126/><W26/><G32/><T6/><D11/><U69/><E69/><V22/><F1/><W124/><G124/><T98/><D98/><U115/><E115/><V40/><F40/><W50/><G50/><T119/><D119/><U33/><E8/><V46/><F46/><W135/><G135/><T65/><D65/><U99/><E99/><V103/><F10/><W90/><G77/><T43/><D43/><U20/><E78/><V66/><F66/><W67/><G67/><T3/><D3/><U12/><E73/><V30/><F103/><AGARI ba="0,0" hai="25,26,80,86,90,101,102,103" m="41034,49769" machi="103" ten="30,3900,0" yaku="19,1,52,2" doraHai="23" who="3" fromWho="2" sc="250,0,240,0,250,-39,260,39" /><INIT seed="2,0,0,1,3,5" ten="250,240,211,299" oya="2" hai0="100,22,19,65,34,102,99,82,43,60,36,67,135" hai1="48,13,20,124,110,26,16,132,101,11,120,54,130" hai2="51,10,6,93,46,4,115,23,126,80,35,59,63" hai3="104,105,8,14,41,114,113,131,122,109,108,85,40"/><V111/><F35/><W15/><G122/><T119/><D34/><U55/><E120/><V118/><F115/><N who="3" m="44043" /><G131/><T17/><D43/><N who="3" m="16457" /><G85/><T39/><D82/><U128/><E124/><V50/><F118/><W116/><G116/><T18/><D22/><U106/><E132/><V88/><F126/><W86/><G86/><T2/><D2/><U73/><E73/><V38/><F38/><W96/><G96/><T81/><D81/><U91/><E110/><N who="3" m="42602" /><G14/><T112/><D119/><U72/><E72/><V62/><F111/><W42/><N who="3" m="16465" /><W121/><DORA hai="32" /><G121/><T37/><D135/><U94/><E101/><V83/><F23/><W29/><G29/><T24/><D24/><U31/><E106/><V98/><F80/><W45/><G45/><T107/><D112/><U12/><E12/><N who="2" m="5191" /><F83/><W95/><G95/><T66/><D60/><N who="2" m="23082" /><F46/><W68/><G68/><T97/><REACH who="0" step="1"/><D107/><REACH who="0" ten="240,240,211,299" step="2"/><U71/><E71/><V134/><F134/><W30/><G30/><T0/><D0/><U133/><E133/><V61/><F61/><W90/><G90/><T123/><D123/><U33/><E33/><V69/><F69/><W9/><G15/><T58/><D58/><U21/><E21/><V84/><F59/><W27/><G27/><T117/><D117/><U57/><REACH who="1" step="1"/><E54/><REACH who="1" ten="240,230,211,299" step="2"/><V56/><F56/><W103/><G103/><AGARI ba="0,2" hai="17,18,19,36,37,39,65,66,67,97,99,100,102,103" machi="103" ten="50,12000,2" yaku="1,1,29,2,28,2,53,2" doraHai="5,32" doraHaiUra="1,92" who="0" fromWho="3" sc="240,140,230,0,211,0,299,-120" /><INIT seed="3,0,0,4,3,131" ten="380,230,211,179" oya="3" hai0="113,38,61,21,135,70,104,19,17,85,45,15,72" hai1="105,22,79,125,57,65,63,23,13,9,40,127,28" hai2="119,126,78,14,82,128,75,18,64,94,111,97,112" hai3="60,4,41,69,95,51,81,87,118,101,96,24,62"/><W2/><G118/><T35/><D35/><U42/><E105/><V115/><F119/><W83/><G69/><T7/><D72/><U89/><E79/><V8/><F128/><W108/><G108/><T6/><D104/><U122/><E122/><V92/><F111/><W26/><G83/><T36/><D70/><U1/><E1/><V56/><F126/><N who="1" m="48137" /><E89/><V106/><F106/><W100/><G2/><T16/><D61/><N who="3" m="23657" /><G4/><T59/><D59/><U37/><E37/><V34/><F34/><W121/><G121/><T123/><D123/><U31/><E31/><V86/><F64/><W39/><G39/><T67/><D67/><U74/><E74/><V120/><F56/><W3/><G3/><T33/><D33/><U32/><E32/><V109/><F109/><W27/><G100/><T91/><D45/><U52/><E65/><V80/><F120/><W43/><G51/><T77/><D77/><AGARI ba="0,0" hai="24,26,27,41,43,77,81,87,95,96,101" m="23657" machi="77" ten="30,1500,0" yaku="8,1" doraHai="131" who="3" fromWho="0" sc="380,-15,230,0,211,0,179,15" /><INIT seed="3,1,0,0,3,85" ten="365,230,211,194" oya="3" hai0="15,57,1,48,107,59,7,6,26,23,75,84,27" hai1="89,58,124,22,28,81,109,103,132,47,99,90,108" hai2="24,12,43,45,8,55,52,0,38,88,41,70,80" hai3="67,65,98,19,102,71,66,128,25,110,130,37,134"/><W77/><G37/><T115/><D107/><U50/><E81/><V63/><F0/><W118/><G118/><T135/><D75/><U95/><E124/><V33/><F33/><W104/><G134/><T21/><D135/><U87/><E132/><V78/><F24/><W61/><G110/><N who="1" m="42602" /><E58/><V131/><F131/><N who="3" m="50219" /><G77/><T34/><D34/><U51/><E87/><V46/><F63/><W123/><G123/><T112/><D1/><U31/><E51/><V93/><F70/><W62/><G71/><T68/><D68/><U49/><E49/><V11/><F45/><W113/><G113/><T119/><D119/><U10/><E10/><V69/><F41/><W56/><G56/><T116/><D116/><U44/><E22/><AGARI ba="1,0" hai="19,22,25,61,62,65,66,67,98,102,104" m="50219" machi="22" ten="30,1500,0" yaku="19,1" doraHai="85" who="3" fromWho="1" sc="365,0,230,-18,211,0,194,18" /><INIT seed="3,2,0,2,1,8" ten="365,212,211,212" oya="3" hai0="125,121,126,14,24,49,107,18,22,60,9,25,84" hai1="80,79,20,46,108,105,75,130,100,115,133,55,36" hai2="59,81,131,124,41,11,66,64,52,15,135,113,44" hai3="1,96,5,122,73,6,54,50,92,119,56,127,118"/><W83/><G122/><T31/><D107/><U82/><E115/><V29/><F113/><W97/><G96/><T2/><D60/><U77/><E130/><V102/><F102/><W3/><G127/><N who="0" m="48651" /><D84/><U43/><E133/><V129/><F124/><W67/><G67/><T98/><D98/><U90/><E100/><V39/><F135/><W35/><G35/><N who="0" m="20967" /><D49/><U28/><E105/><V68/><F29/><W85/><G73/><T78/><D78/><U63/><E90/><V72/><F64/><W87/><G85/><T19/><D2/><U27/><E55/><V12/><F81/><W69/><G69/><T123/><AGARI ba="2,0" hai="9,14,18,19,22,25,121,123" m="20967,48651" machi="123" ten="30,7900,0" yaku="18,1,34,2,52,1" doraHai="8" who="0" fromWho="0" sc="365,85,212,-22,211,-22,212,-41" /><INIT seed="4,0,0,3,0,73" ten="450,190,189,171" oya="0" hai0="79,40,17,20,70,49,74,98,2,78,4,13,135" hai1="26,63,86,9,108,37,91,3,35,38,48,124,43" hai2="68,118,107,89,57,88,121,23,125,47,6,29,72" hai3="11,130,114,76,97,85,77,110,46,93,0,69,122"/><T62/><D74/><U41/><E26/><V66/><F121/><W8/><G122/><T34/><D34/><U1/><E9/><V50/><F68/><W60/><G110/><T33/><D33/><U106/><E35/><V90/><F125/><W123/><G123/><T99/><D4/><U18/><E18/><V10/><F107/><W42/><G130/><T7/><D7/><U82/><E106/><V81/><F118/><W94/><G114/><T116/><D2/><U71/><E48/><V132/><F132/><W52/><G0/><T27/><D116/><U102/><E102/><V120/><F120/><W87/><G69/><T84/><D135/><U96/><E96/><N who="0" m="36905" /><D70/><U14/><E71/><V104/><F104/><W61/><G97/><T39/><D39/><U45/><E3/><V56/><F66/><W15/><G15/><T30/><D84/><U67/><E1/><V129/><F129/><W53/><G46/><N who="0" m="25799" /><D62/><U119/><E119/><V58/><F6/><W19/><G42/><T105/><D105/><U103/><E41/><V113/><F72/><W112/><G112/><T75/><D75/><U80/><E37/><V51/><F113/><W59/><G59/><T12/><D12/><U64/><E14/><V128/><F128/><W83/><G83/><T134/><D134/><U36/><E82/><V32/><F81/><W54/><G54/><T21/><AGARI ba="0,0" hai="13,17,20,21,27,30,78,79" m="25799,36905" machi="21" ten="30,6000,0" yaku="8,1,52,2" doraHai="73" who="0" fromWho="0" sc="450,60,190,-20,189,-20,171,-20" /><INIT seed="4,1,0,3,0,28" ten="510,170,169,151" oya="0" hai0="33,41,119,111,128,7,53,68,58,77,25,103,67" hai1="125,44,11,40,65,80,118,113,66,36,72,84,134" hai2="74,112,85,59,97,17,82,26,62,54,0,130,122" hai3="109,124,117,70,126,60,135,50,1,48,105,79,86"/><T21/><D119/><U110/><E118/><V101/><F122/><W120/><G109/><T45/><D7/><U99/><E110/><V34/><F0/><W71/><G117/><T88/><D103/><U23/><E125/><V20/><F112/><W75/><G1/><T89/><D111/><U98/><E134/><V123/><F130/><W29/><G75/><T127/><D77/><U83/><E72/><V47/><F74/><W31/><G105/><T108/><D108/><U104/><E104/><V121/><F47/><W87/><G135/><T46/><D46/><U69/><E69/><N who="3" m="26122" /><G79/><T16/><D33/><U24/><E11/><V18/><F18/><W9/><G9/><T129/><D127/><N who="3" m="48681" /><G60/><N who="0" m="35919" /><D67/><U92/><E66/><V90/><F34/><W78/><G78/><T116/><D68/><U4/><E65/><V91/><F101/><W2/><G2/><T107/><D107/><U114/><E4/><V55/><F55/><W106/><G106/><T132/><D132/><U94/><E113/><V43/><F43/><W10/><G10/><T51/><D116/><U15/><E114/><V56/><REACH who="2" step="1"/><F59/><REACH who="2" ten="510,170,159,151" step="2"/><W42/><G120/><T14/><D25/><U13/><E24/><V133/><F133/><W63/><G42/><T35/><D35/><U76/><E40/><V49/><F49/><N who="3" m="19051" /><G63/><T102/><D102/><U27/><E27/><V115/><F115/><W64/><G64/><T38/><D38/><U93/><E36/><V57/><F57/><W52/><G52/><T3/><D3/><U81/><E44/><V95/><AGARI ba="1,1" hai="17,20,26,54,56,62,82,85,90,91,95,97,121,123" machi="95" ten="30,7900,0" yaku="1,1,0,1,25,2,53,0" doraHai="28" doraHaiUra="131" who="2" fromWho="2" sc="510,-40,170,-21,159,92,151,-21" /><INIT seed="5,0,0,2,3,120" ten="470,149,251,130" oya="1" hai0="85,3,73,55,106,104,62,12,48,82,75,49,63" hai1="124,56,80,20,29,43,133,19,99,67,53,23,71" hai2="7,44,134,98,34,96,113,40,13,100,112,60,16" hai3="131,61,17,102,94,72,89,46,22,128,52,68,130"/><U35/><E35/><V109/><F34/><W18/><G72/><T30/><D3/><U78/><E67/><V87/><F7/><W101/><G68/><T5/><D30/><U115/><E71/><V92/><F134/><W24/><G17/><T10/><D73/><U51/><E133/><V47/><F60/><W27/><G27/><T65/><D75/><U129/><E129/><V135/><F135/><W41/><G41/><T97/><D65/><U1/><E1/><V111/><F87/><W4/><G4/><T91/><D48/><U33/><E33/><V21/><F96/><W126/><G126/><T54/><D54/><U0/><E0/><V86/><F86/><W31/><G31/><T25/><D25/><N who="1" m="16551" /><E124/><V32/><F32/><W121/><G121/><T107/><REACH who="0" step="1"/><D97/><REACH who="0" ten="460,149,251,130" step="2"/><U103/><E43/><V66/><F66/><W105/><G105/><T83/><D83/><U39/><E39/><V95/><F40/><W28/><G28/><T59/><AGARI ba="0,1" hai="5,10,12,49,55,59,62,63,82,85,91,104,106,107" machi="59" ten="30,4000,0" yaku="1,1,0,1,53,1" doraHai="120" doraHaiUra="77" who="0" fromWho="0" sc="460,50,149,-20,251,-10,130,-10" /><INIT seed="6,0,0,3,4,103" ten="510,129,241,120" oya="2" hai0="20,30,5,70,119,129,53,71,87,41,113,56,128" hai1="89,118,123,94,32,93,57,66,134,114,73,116,98" hai2="68,37,84,79,44,112,43,34,90,46,9,14,22" hai3="13,110,59,35,117,36,39,74,83,26,27,3,1"/><V58/><F68/><W126/><G110/><T109/><D109/><U16/><E32/><V40/><F34/><W85/><G117/><T54/><D113/><U106/><E114/><V18/><F79/><W133/><G74/><T101/><D41/><U42/><E73/><V131/><F131/><W2/><G126/><T107/><D5/><U65/><E123/><V4/><F58/><W99/><G99/><N who="0" m="61887" /><D119/><U111/><E106/><V88/><F112/><W47/><G133/><T121/><D121/><U76/><E76/><V115/><F115/><W50/><G59/><T82/><D20/><U28/><E28/><V25/><REACH who="2" step="1"/><F84/><REACH who="2" ten="510,129,231,120" step="2"/><W120/><G120/><T63/><D56/><U104/><E57/><V86/><F86/><W17/><G35/><T100/><D87/><U51/><E116/><V45/><F45/><W60/><G85/><T21/><D70/><U77/><E77/><V75/><F75/><W49/><G83/><T23/><D71/><U12/><E118/><V80/><F80/><W69/><G69/><T135/><D129/><U19/><E65/><V92/><F92/><W102/><G47/><T78/><D82/><U61/><E93/><V124/><F124/><W67/><G67/><T15/><D78/><U6/><E66/><V52/><F52/><W97/><G97/><T11/><D53/><U55/><E98/><V48/><AGARI ba="0,1" hai="4,9,14,18,22,25,37,40,43,44,46,48,88,90" machi="48" ten="20,12000,1" yaku="1,1,0,1,7,1,54,1,53,1" doraHai="103" doraHaiUra="7" who="2" fromWho="2" sc="510,-40,129,-40,231,130,120,-40" /><INIT seed="6,1,0,4,3,128" ten="470,89,361,80" oya="2" hai0="59,49,118,87,122,39,23,13,21,102,3,37,71" hai1="8,134,33,107,115,124,73,27,46,45,64,7,17" hai2="135,98,6,94,84,28,109,125,105,68,95,10,92" hai3="61,114,65,22,88,57,111,103,97,83,32,110,20"/><V93/><F68/><W67/><G32/><T77/><D122/><U100/><E73/><V4/><F28/><W76/><G114/><T34/><D34/><U19/><E64/><V48/><F125/><W43/><G43/><T58/><D71/><U50/><E46/><V79/><F109/><W91/><G110/><T108/><D3/><U51/><E51/><V131/><F131/><W78/><G65/><T90/><D77/><N who="3" m="29801" /><G111/><T54/><D102/><U74/><E74/><V55/><F135/><W24/><G24/><T75/><D75/><U2/><E50/><V130/><F105/><W11/><G11/><T113/><D108/><U52/><E45/><N who="2" m="28047" /><F130/><W41/><G41/><T38/><D113/><U47/><E47/><V116/><F116/><W126/><G126/><T72/><D72/><U0/><E124/><V101/><F10/><W1/><G1/><T40/><D40/><U69/><E115/><V120/><F120/><W133/><G133/><T14/><D118/><U86/><E134/><V15/><F15/><W9/><G9/><T36/><D14/><U29/><E69/><V12/><F12/><W66/><G66/><T121/><D121/><U99/><E0/><V44/><F44/><W53/><G67/><T35/><D13/><U56/><E52/><V112/><F112/><W81/><G103/><T96/><D54/><U60/><E56/><V82/><AGARI ba="1,0" hai="4,6,79,82,84,92,93,94,95,98,101" m="28047" machi="82" ten="30,1500,0" yaku="8,1" doraHai="128" who="2" fromWho="2" sc="470,-6,89,-6,361,18,80,-6" /><INIT seed="6,2,0,3,5,128" ten="464,83,379,74" oya="2" hai0="53,6,28,5,61,86,17,3,62,13,30,73,98" hai1="135,123,103,74,121,39,97,38,101,58,112,129,90" hai2="49,64,117,120,23,42,45,84,134,33,21,50,34" hai3="36,118,132,44,65,67,57,124,43,22,10,87,37"/><V113/><F117/><W83/><G118/><T94/><D73/><U16/><E74/><V95/><F120/><N who="1" m="46153" /><E129/><V125/><F33/><W77/><G132/><T24/><D86/><U110/><E110/><V56/><F134/><W15/><G124/><T130/><D130/><U127/><E135/><V81/><F34/><W19/><G36/><N who="1" m="13866" /><E58/><V35/><F35/><W29/><G57/><T25/><D3/><U8/><E127/><V88/><F125/><W109/><G109/><T20/><D5/><U59/><E59/><V31/><F113/><W46/><G44/><T96/><D6/><U47/><E47/><N who="2" m="25847" /><F31/><N who="0" m="11818" /><D96/><U41/><E41/><N who="2" m="24879" /><F81/><W82/><G83/><T106/><D106/><U60/><E60/><AGARI ba="2,0" hai="21,23,56,60,64,84,88,95" m="24879,25847" machi="60" ten="30,2900,0" yaku="8,1,54,1" doraHai="128" who="2" fromWho="1" sc="464,0,83,-35,379,35,74,0" /><INIT seed="6,3,0,2,1,129" ten="464,48,414,74" oya="2" hai0="2,1,65,24,22,14,85,55,91,67,28,58,128" hai1="29,86,34,74,47,103,82,33,89,53,38,35,51" hai2="12,66,122,20,102,26,115,23,13,118,112,80,52" hai3="95,31,30,56,46,19,48,94,18,98,108,121,119"/><V77/><F118/><W88/><G121/><T101/><D128/><U27/><E38/><V16/><F122/><W99/><G108/><T40/><D40/><U133/><E74/><V62/><F102/><W92/><G119/><T69/><D101/><U125/><E125/><V134/><F134/><W60/><G94/><T4/><D69/><U73/><E73/><V72/><F23/><W15/><G15/><T78/><D78/><U124/><E124/><V130/><F130/><W21/><G21/><T11/><D1/><U97/><REACH who="1" step="1"/><E133/><REACH who="1" ten="464,38,414,74" step="2"/><V41/><F41/><N who="3" m="24655" /><G31/><T61/><D2/><U110/><E110/><V84/><F72/><W116/><G30/><T93/><AGARI ba="3,1" hai="4,11,14,22,24,28,55,58,61,65,67,85,91,93" machi="93" ten="20,2700,0" yaku="0,1,7,1,8,1" doraHai="129" who="0" fromWho="0" sc="464,46,38,-10,414,-16,74,-10" /><INIT seed="7,0,0,3,5,30" ten="510,28,398,64" oya="3" hai0="104,80,73,61,36,47,6,8,87,72,10,90,25" hai1="107,96,1,38,11,135,50,71,16,2,46,58,103" hai2="84,117,93,19,56,26,32,13,45,110,130,91,22" hai3="119,123,118,82,115,120,109,128,94,15,131,23,51"/><W89/><G51/><T125/><D125/><U67/><E135/><V127/><F110/><W70/><G70/><T41/><D104/><U14/><E71/><V116/><F127/><W69/><G69/><T95/><D61/><U4/><E38/><V124/><F130/><N who="3" m="49707" /><G82/><T112/><D112/><U48/><E4/><V34/><F124/><W99/><G15/><T39/><D39/><U5/><E5/><V83/><F45/><W44/><G44/><T106/><D106/><U57/><E57/><V76/><F56/><W17/><G17/><T31/><D80/><U21/><E21/><V3/><F3/><W121/><G23/><T81/><D81/><U20/><E20/><V0/><F0/><W52/><G52/><T33/><D8/><U134/><E134/><V77/><F77/><W108/><G115/><T129/><D129/><U60/><REACH who="1" step="1"/><E50/><REACH who="1" ten="510,18,398,64" step="2"/><V59/><F59/><W98/><G108/><T133/><D133/><U63/><E63/><V92/><F92/><N who="3" m="56591" /><G109/><T40/><D40/><AGARI ba="0,1" hai="1,2,11,14,16,40,46,48,58,60,67,96,103,107" machi="40" ten="30,3900,0" yaku="1,1,7,1,54,1,53,0" doraHai="30" doraHaiUra="24" who="1" fromWho="0" sc="510,-39,18,49,398,0,64,0" owari="471,57.0,67,-33.0,398,20.0,64,-44.0" /></mjloggm>