<mjloggm ver="2.3"><GO type="169"/><UN n0="%EF%BC%88%E2%89%A7%E2%96%BD%E2%89%A6%EF%BC%89" n1="%E3%83%A4%E3%82%AD%E3%83%B3" n2="%6D%61%63%6A%72" n3="%4E%49%53%48%49" dan="18,17,17,16" rate="2187,2168,2151,2067" sx="M,M,M,M"/><TAIKYOKU oya="0"/><INIT seed="0,0,0,1,5,103" ten="250,250,250,250" oya="0" hai0="81,2,84,97,96,123,70,37,95,13,106,74,116" hai1="10,29,69,12,14,114,92,105,80,34,112,27,115" hai2="61,89,9,51,132,87,30,117,104,52,3,71,77" hai3="110,100,22,98,18,63,58,1,23,43,131,62,16"/><T24/><D2/><U85/><E92/><V55/><F132/><W126/><G1/><T134/><D37/><U128/><E69/><V88/><F117/><W107/><G131/><T31/><D70/><U60/><E60/><V73/><F104/><W118/><G126/><T57/><D116/><U19/><E128/><V111/><F111/><W72/><G72/><T78/><D123/><U33/><E14/><V7/><F30/><W90/><G110/><T50/><D134/><U4/><E105/><V75/><F77/><W26/><G43/><T48/><D13/><N who="1" m="5319" /><E85/><V113/><F113/><W21/><G118/><T17/><D17/><U5/><E80/><V64/><F55/><W40/><G40/><T124/><D124/><U8/><E19/><V94/><REACH who="2" step="1"/><F89/><REACH who="2" ten="250,250,240,250" step="2"/><W93/><G90/><T56/><D106/><U32/><AGARI ba="0,1" hai="5,8,12,27,29,32,33,34,112,114,115" m="5319" machi="32" ten="40,5200,0" yaku="11,1,34,2" doraHai="103" who="1" fromWho="1" sc="250,-26,250,62,240,-13,250,-13" /><INIT seed="1,0,0,0,1,134" ten="224,312,227,237" oya="1" hai0="115,79,44,80,8,113,96,91,119,56,109,77,87" hai1="114,78,135,7,67,71,47,53,57,127,70,16,51" hai2="66,121,90,60,73,103,37,61,99,111,13,39,64" hai3="36,45,132,59,106,133,26,33,68,94,22,4,42"/><U27/><E114/><V86/><F73/><W23/><G106/><T81/><D119/><U128/><E7/><V29/><F121/><W100/><G68/><T54/><D109/><U15/><E78/><V21/><F111/><W34/><G4/><T112/><D44/><U131/><E135/><N who="3" m="51786" /><G22/><T123/><D123/><U105/><E105/><V92/><F61/><W89/><G100/><T116/><D116/><U50/><E27/><V31/><F39/><W38/><G59/><T83/><D8/><U40/><E127/><V10/><F37/><W102/><G102/><T6/><D6/><U48/><E48/><V104/><F21/><W49/><G38/><T69/><D69/><U55/><E40/><V124/><F124/><W95/><G95/><T14/><D14/><U118/><E118/><V35/><F35/><W2/><G2/><T82/><D54/><U76/><E67/><V84/><F64/><W126/><G36/><T117/><D56/><U32/><E32/><V88/><F66/><W11/><G11/><T12/><D117/><U98/><E71/><V97/><F60/><W5/><G5/><T62/><D62/><U41/><E70/><V107/><F104/><W110/><G126/><T30/><D12/><U108/><E15/><V3/><F3/><W120/><G120/><T75/><D30/><U24/><E57/><V63/><F63/><W9/><G9/><T129/><D129/><U72/><E128/><V0/><F0/><W43/><G110/><T52/><D52/><N who="1" m="29791" /><E131/><V130/><F130/><W65/><G65/><T28/><D28/><U18/><E55/><RYUUKYOKU ba="0,0" sc="224,30,312,-10,227,-10,237,-10" hai0="75,77,79,80,81,82,83,87,91,96,112,113,115" /><INIT seed="2,1,0,4,1,74" ten="254,302,217,227" oya="2" hai0="32,120,119,0,21,80,14,88,98,103,2,110,133" hai1="87,17,24,115,101,36,123,57,72,53,95,73,135" hai2="25,7,66,8,91,78,58,16,27,22,67,70,15" hai3="127,122,28,132,104,81,61,118,109,125,134,94,100"/><V89/><F70/><W130/><G28/><T64/><D32/><U85/><E36/><V38/><F38/><W42/><G42/><T106/><D120/><U77/><E115/><V52/><F25/><W93/><G122/><T49/><D64/><N who="2" m="24618" /><F78/><W111/><G61/><AGARI ba="1,0" hai="7,8,15,16,22,27,52,58,61,89,91" m="24618" machi="61" ten="30,5800,0" yaku="8,1,54,2" doraHai="74" who="2" fromWho="3" sc="254,0,302,0,217,61,227,-61" /><INIT seed="2,2,0,0,3,6" ten="254,302,278,166" oya="2" hai0="88,14,112,95,7,74,56,131,85,41,99,67,44" hai1="62,47,110,82,135,97,78,45,96,117,43,46,40" hai2="100,114,94,77,87,108,98,55,28,3,79,83,65" hai3="129,49,101,30,36,48,133,116,13,53,113,51,119"/><V93/><F3/><W76/><G36/><T81/><D112/><U9/><E117/><V52/><F114/><W70/><G70/><T31/><D131/><U39/><E110/><V50/><F108/><W57/><G113/><T33/><D74/><U38/><E135/><V60/><F28/><W59/><G133/><T115/><D115/><U126/><E126/><V32/><F32/><W63/><G76/><T122/><D122/><U42/><E62/><V21/><F77/><W127/><G101/><T90/><D31/><U92/><E92/><V1/><F1/><W20/><G127/><T16/><D7/><U80/><E9/><V54/><F21/><W34/><G129/><T124/><D33/><U25/><E25/><V2/><F2/><W23/><G34/><T35/><D35/><U120/><E120/><V8/><F8/><W106/><G106/><T125/><D67/><U128/><E128/><V11/><F11/><W22/><G30/><T109/><D56/><U5/><E5/><V68/><REACH who="2" step="1"/><F93/><REACH who="2" ten="254,302,268,166" step="2"/><W73/><G119/><T89/><D109/><U18/><E18/><V134/><F134/><W104/><G116/><T132/><D132/><U105/><E105/><V84/><F84/><W61/><G73/><T103/><D125/><U29/><E29/><V121/><F121/><W10/><G104/><T102/><D124/><U66/><E78/><V111/><F111/><W91/><G23/><N who="0" m="11671" /><D103/><U72/><E72/><V24/><F24/><W58/><G91/><N who="0" m="51631" /><D102/><U19/><E19/><V15/><F15/><W69/><G13/><T12/><D12/><U64/><E82/><RYUUKYOKU ba="2,1" sc="254,15,302,-15,268,15,166,-15" hai0="41,44,88,89,90,95,99" hai2="50,52,54,55,60,65,68,79,83,87,94,98,100" /><INIT seed="2,3,1,5,1,44" ten="269,287,283,151" oya="2" hai0="0,64,111,109,113,129,9,37,42,54,112,38,102" hai1="40,79,98,58,50,4,10,1,62,134,97,77,56" hai2="104,133,106,95,45,123,19,47,72,49,43,115,3" hai3="130,131,11,52,128,6,90,73,127,46,36,27,132"/><V55/><F115/><N who="0" m="44106" /><D102/><U16/><E134/><V82/><F123/><W87/><G73/><T68/><D0/><U29/><E29/><V22/><F3/><W108/><G132/><T100/><D100/><U118/><E118/><V32/><F32/><W2/><G127/><T12/><D9/><U83/><E79/><V31/><F31/><W89/><G108/><N who="0" m="41547" /><D12/><N who="1" m="7191" /><E4/><V28/><F28/><W48/><G36/><N who="0" m="13931" /><D129/><U34/><E34/><V41/><F133/><W39/><G39/><T57/><D42/><U75/><E75/><V67/><F43/><W18/><REACH who="3" step="1"/><G87/><REACH who="3" ten="269,287,283,141" step="2"/><T74/><D74/><U114/><E114/><V17/><F72/><W85/><G85/><T53/><D68/><U21/><E97/><V117/><F117/><W116/><G116/><T91/><D91/><U65/><E98/><V33/><F104/><W92/><G92/><T13/><D13/><U88/><E1/><V69/><F106/><W20/><AGARI ba="3,2" hai="2,6,11,18,20,27,46,48,52,89,90,128,130,131" machi="20" ten="40,8000,1" yaku="1,1,0,1,19,1,52,1,54,1,53,0" doraHai="44" doraHaiUra="81" who="3" fromWho="3" sc="269,-23,287,-23,283,-43,141,109" /><INIT seed="3,0,0,0,3,77" ten="246,264,240,250" oya="3" hai0="71,129,131,32,78,45,29,112,109,114,119,107,24" hai1="19,95,54,79,99,26,4,0,74,43,28,57,66" hai2="42,18,91,33,8,53,16,92,110,56,58,61,88" hai3="17,9,51,38,36,111,50,72,103,133,25,40,115"/><W116/><G72/><T31/><D107/><U34/><E43/><V120/><F33/><W108/><G115/><N who="0" m="44075" /><D71/><U44/><E44/><V65/><F110/><N who="3" m="42027" /><G116/><T22/><D109/><U64/><E0/><V82/><F120/><W35/><G103/><T76/><D45/><U118/><E4/><V123/><F123/><W67/><G67/><T2/><D119/><U7/><E7/><V55/><F42/><W73/><G73/><T98/><D98/><U130/><E130/><N who="0" m="49673" /><D78/><U124/><E79/><V21/><F8/><W10/><G40/><T62/><D62/><U13/><E118/><V60/><F65/><W113/><G113/><T93/><D93/><U90/><E124/><V101/><F101/><W59/><G59/><T121/><D76/><U23/><E74/><V96/><F21/><N who="3" m="13487" /><G35/><T37/><D121/><U134/><E134/><V14/><F14/><W127/><G133/><T85/><D37/><N who="3" m="14441" /><G127/><T52/><D2/><U83/><E66/><V80/><F91/><W47/><G47/><T46/><D46/><U81/><REACH who="1" step="1"/><E64/><REACH who="1" ten="246,254,240,250" step="2"/><V94/><F94/><W97/><G51/><AGARI ba="0,1" hai="13,19,23,26,28,34,51,54,57,81,83,90,95,99" machi="51" ten="30,8000,1" yaku="1,1,2,1,7,1,52,2,53,0" doraHai="77" doraHaiUra="125" who="1" fromWho="3" sc="246,0,254,90,240,0,250,-80" /><INIT seed="4,0,0,4,1,89" ten="246,344,240,170" oya="0" hai0="24,73,37,135,59,25,46,83,94,3,117,100,13" hai1="5,42,116,109,62,7,75,18,85,14,133,61,9" hai2="134,127,44,50,39,63,67,105,98,77,80,40,0" hai3="54,15,113,101,30,58,74,128,41,126,1,87,68"/><T27/><D3/><U71/><E75/><V28/><F134/><W11/><G58/><T35/><D117/><U26/><E109/><V121/><F121/><W70/><G15/><T56/><D135/><U38/><E133/><V78/><F127/><W57/><G87/><T12/><D35/><U17/><E116/><V49/><F0/><W97/><G57/><T60/><D37/><U31/><E38/><V36/><F28/><W53/><G41/><T29/><D29/><U65/><E42/><V124/><F124/><W2/><G11/><T131/><D131/><U33/><E62/><V69/><F36/><W82/><G101/><T23/><D46/><U20/><E85/><V51/><F80/><W76/><G82/><T81/><D73/><U72/><E72/><V90/><F105/><W22/><G30/><T6/><D59/><U64/><E64/><V19/><F19/><W88/><G126/><T55/><D13/><AGARI ba="0,0" hai="5,7,9,13,14,17,18,20,26,31,33,61,65,71" machi="13" ten="30,1000,0" yaku="7,1" doraHai="89" who="1" fromWho="0" sc="246,-10,344,10,240,0,170,0" /><INIT seed="5,0,0,2,0,110" ten="236,354,240,170" oya="1" hai0="23,34,50,104,92,99,18,81,128,0,121,22,29" hai1="57,9,2,44,107,113,117,102,126,66,89,87,133" hai2="68,58,135,116,120,105,47,41,74,45,125,25,130" hai3="98,16,123,3,91,86,122,100,38,17,10,88,75"/><U60/><E117/><V59/><F74/><W69/><G38/><T115/><D0/><U94/><E126/><V28/><F105/><W129/><G69/><T7/><D104/><U35/><E35/><V40/><F68/><W77/><G75/><T119/><D119/><U52/><E133/><V78/><F78/><W51/><G129/><T112/><D7/><U134/><E134/><V97/><F135/><W111/><G111/><T36/><D36/><U27/><E27/><V84/><F116/><W106/><G123/><T109/><D109/><U48/><E113/><N who="0" m="43593" /><D128/><U8/><E2/><V37/><F125/><W118/><G122/><T82/><D121/><U93/><E107/><V70/><F70/><W42/><G77/><T96/><D50/><U15/><E15/><V13/><F13/><W4/><G91/><N who="0" m="55327" /><D99/><AGARI ba="0,0" hai="8,9,44,48,52,57,60,66,87,89,93,94,99,102" machi="99" ten="40,3900,0" yaku="8,1,54,1" doraHai="110" who="1" fromWho="0" sc="236,-39,354,39,240,0,170,0" /><INIT seed="5,1,0,1,0,95" ten="197,393,240,170" oya="1" hai0="0,115,76,41,71,3,83,53,134,70,130,102,4" hai1="129,92,128,94,21,44,80,88,121,36,45,17,135" hai2="122,6,30,18,29,50,11,86,104,106,93,61,133" hai3="25,125,101,1,127,108,57,119,99,58,7,90,49"/><U5/><E121/><V31/><F122/><W46/><G7/><T107/><D53/><U114/><E5/><V32/><F32/><W64/><G1/><N who="0" m="587" /><D4/><U67/><E67/><V42/><F133/><W103/><G108/><T111/><D111/><U87/><E135/><V132/><F132/><W113/><G25/><T60/><D134/><U24/><E114/><V62/><F18/><W63/><G113/><T2/><D2/><U13/><E13/><N who="2" m="5367" /><F106/><W124/><G58/><T23/><D23/><U47/><REACH who="1" step="1"/><E36/><REACH who="1" ten="197,383,240,170" step="2"/><V75/><F75/><W100/><G119/><T52/><D115/><U126/><E126/><V35/><F35/><W120/><G120/><T110/><D110/><U27/><E27/><V78/><F104/><W20/><G127/><T16/><D107/><U48/><E48/><V81/><F50/><W123/><G123/><T117/><D117/><U65/><E65/><V38/><F38/><W97/><G125/><T79/><D60/><U43/><E43/><V91/><F42/><N who="3" m="24791" /><G124/><T82/><D41/><U74/><E74/><V118/><F118/><W14/><G14/><T73/><D73/><U89/><E89/><V131/><F61/><W55/><G90/><T19/><D52/><U112/><E112/><V96/><F62/><W54/><G54/><T59/><D79/><U77/><E77/><V15/><F15/><W22/><G55/><T109/><D76/><U84/><E84/><V72/><F72/><W85/><G85/><T98/><D109/><U10/><E10/><V28/><N who="2" m="7168" /><DORA hai="33" /><V69/><F69/><W9/><G9/><T12/><D71/><RYUUKYOKU ba="1,1" sc="197,-30,383,10,240,10,170,10" hai1="17,21,24,44,45,47,80,87,88,92,94,128,129" hai2="78,81,86,91,93,96,131" hai3="20,22,57,63,64,97,99,100,101,103" /><INIT seed="5,2,1,1,2,48" ten="167,393,250,180" oya="1" hai0="69,36,52,73,18,88,104,27,24,23,78,29,1" hai1="50,57,63,76,95,116,66,100,13,20,128,121,11" hai2="61,53,109,72,8,112,122,26,71,83,14,62,130" hai3="127,56,55,85,30,102,42,134,58,126,131,74,79"/><U84/><E116/><V32/><F109/><W49/><G74/><T9/><D36/><U0/><E121/><V19/><F122/><W4/><G102/><T94/><D69/><U92/><E0/><V118/><F118/><W41/><G30/><T44/><D104/><U54/><E128/><V35/><F130/><W70/><G70/><T96/><D73/><U38/><E38/><V107/><F107/><W125/><G131/><T67/><D67/><U99/><E20/><V64/><F112/><W15/><G58/><T119/><D119/><U40/><E40/><V106/><F106/><W46/><G134/><T7/><D78/><U28/><E28/><V97/><F97/><W113/><G113/><T129/><D129/><U2/><E2/><V59/><REACH who="2" step="1"/><F26/><REACH who="2" ten="167,393,240,180" step="2"/><W10/><G127/><T87/><D27/><U124/><E124/><V22/><F22/><W91/><G126/><T114/><D114/><U86/><E76/><AGARI ba="2,2" hai="8,14,19,32,35,53,59,61,62,64,71,72,76,83" machi="76" ten="40,5200,0" yaku="1,1,52,1,53,1" doraHai="48" doraHaiUra="5" who="2" fromWho="1" sc="167,0,393,-58,240,78,180,0" /><INIT seed="6,0,0,5,2,64" ten="167,335,318,180" oya="2" hai0="106,19,31,115,121,46,43,86,10,98,28,40,94" hai1="32,103,96,44,87,61,16,132,126,123,54,134,58" hai2="21,102,12,27,45,101,118,83,124,18,113,73,33" hai3="104,135,76,20,15,109,72,8,75,41,60,55,91"/><V112/><F118/><W1/><G104/><T79/><D121/><U7/><E32/><V23/><F33/><W77/><G1/><T51/><D115/><N who="2" m="44106" /><F124/><W74/><G41/><T35/><D106/><U0/><E126/><V38/><F38/><W82/><G109/><T130/><D130/><U131/><E131/><V95/><F45/><W116/><G20/><T3/><D40/><U119/><E119/><V9/><F95/><W125/><G135/><N who="1" m="51754" /><E87/><V127/><F127/><W105/><G105/><T62/><D35/><U66/><E123/><V57/><F57/><W85/><G116/><T30/><D3/><U92/><E16/><N who="2" m="8207" /><F21/><W93/><G125/><T48/><D86/><U17/><E17/><V5/><F5/><W114/><G114/><T42/><D19/><U80/><E80/><V39/><F39/><W2/><G82/><T59/><D10/><N who="1" m="2407" /><E44/><V26/><F27/><W34/><G2/><T107/><D46/><U50/><E50/><N who="0" m="18985" /><D107/><U81/><E81/><V24/><F26/><W108/><G108/><T71/><D43/><U84/><E84/><V4/><F4/><W67/><G75/><T128/><D128/><U133/><N who="1" m="51762" /><U56/><DORA hai="65" /><E56/><V90/><F73/><W49/><G74/><T53/><D42/><U110/><E110/><V68/><F68/><W100/><G72/><T13/><D71/><U97/><E97/><V69/><F69/><W25/><G34/><T52/><D13/><U111/><E111/><V6/><F6/><W117/><G15/><T63/><D59/><U88/><E66/><V78/><F78/><W70/><G77/><RYUUKYOKU ba="0,0" sc="167,-15,335,15,318,15,180,-15" hai1="54,58,61,88,92,96,103" hai2="18,23,24,83,90,101,102" /><INIT seed="6,1,0,5,1,67" ten="152,350,333,165" oya="2" hai0="83,62,116,128,30,15,16,51,106,21,17,3,6" hai1="32,13,133,45,130,74,71,126,4,66,104,72,121" hai2="115,86,57,26,134,54,11,113,109,12,9,65,64" hai3="70,88,31,8,103,41,73,38,53,0,49,47,10"/><V56/><F134/><W77/><G103/><T87/><D106/><U68/><E32/><V18/><F109/><W110/><G31/><T27/><D128/><U93/><E93/><V129/><F129/><W76/><G110/><T34/><D116/><U19/><E130/><V44/><F44/><W25/><G25/><T84/><D62/><U20/><E104/><V135/><F135/><W105/><G105/><T107/><D107/><U111/><E111/><V75/><F75/><W122/><G70/><N who="1" m="26666" /><E66/><V40/><F40/><W59/><G76/><T114/><D114/><N who="2" m="43530" /><F57/><W60/><G0/><T79/><D51/><U39/><E133/><V123/><F123/><W108/><G108/><T37/><D37/><U5/><E39/><V69/><F69/><W7/><G38/><T90/><D17/><U61/><E61/><N who="2" m="35991" /><F26/><W29/><G122/><T81/><D3/><U36/><E121/><V80/><F11/><W98/><G7/><N who="1" m="2634" /><E45/><V118/><F118/><W119/><G47/><T82/><REACH who="0" step="1"/><D6/><REACH who="0" ten="142,350,333,165" step="2"/><U127/><E36/><V124/><F124/><AGARI ba="1,1" hai="13,19,20,72,74,124,126,127" m="2634,26666" machi="124" ten="30,7700,0" yaku="18,1,52,3" doraHai="67" who="1" fromWho="2" sc="142,0,350,90,333,-80,165,0" /><INIT seed="7,0,0,1,5,48" ten="142,440,253,165" oya="3" hai0="123,96,14,105,23,45,12,67,20,57,112,91,74" hai1="131,37,75,44,109,78,100,33,125,9,53,90,41" hai2="92,51,130,43,84,46,79,76,6,108,127,80,56" hai3="38,98,32,66,34,88,128,121,64,65,73,117,8"/><W86/><G73/><T77/><D123/><U71/><E109/><V129/><F108/><W50/><G38/><T122/><D122/><U62/><E33/><V24/><F127/><W31/><G121/><T124/><D124/><U7/><E125/><V29/><F6/><W0/><G117/><T28/><D74/><U3/><E100/><V10/><F10/><W25/><G98/><T118/><D118/><U13/><E131/><N who="2" m="50187" /><F92/><W40/><G128/><T111/><D111/><U94/><E13/><N who="0" m="5225" /><D105/><U126/><E126/><V102/><F102/><W115/><G34/><T17/><D77/><U89/><E94/><V26/><F29/><W103/><G103/><T107/><D107/><U116/><E116/><V54/><F79/><W69/><G69/><T5/><D5/><U104/><E104/><V27/><F27/><W119/><G8/><T82/><D112/><U4/><E4/><V22/><F22/><N who="0" m="8234" /><D28/><U18/><E18/><V72/><F72/><W70/><G0/><T61/><D17/><U85/><E85/><V21/><F21/><W1/><G1/><T99/><D45/><U97/><E97/><N who="0" m="37449" /><D82/><N who="1" m="45407" /><E71/><V134/><F24/><W35/><G70/><T39/><D39/><U47/><E47/><V36/><F26/><W87/><G119/><T114/><D114/><U101/><E101/><V120/><F120/><W60/><G115/><T81/><D81/><U113/><E113/><V49/><F36/><W93/><G86/><T68/><D68/><U63/><E63/><V42/><F80/><W95/><G95/><T59/><D91/><N who="1" m="34827" /><E62/><V15/><F84/><W132/><G35/><RYUUKYOKU ba="0,0" sc="142,15,440,15,253,-15,165,-15" hai0="57,59,61,67" hai1="3,7,9,37,41,44,53" owari="157,-24.0,455,55.0,238,4.0,150,-35.0" /></mjloggm>