<mjloggm ver="2.3"><GO type="169" lobby="0"/><UN n0="%E3%80%93%E4%BD%90%E5%A4%A9%E3%81%95%E3%82%93%E3%80%93" n1="%EF%BC%88%E2%89%A7%E2%96%BD%E2%89%A6%EF%BC%89" n2="%E3%83%9F%E3%82%B9%E5%8C%97%E5%8D%83%E4%BD%8F" n3="%E3%82%88%E3%81%8A%E3%81%96%E3%82%93" dan="16,19,16,16" rate="2111.22,2257.74,2100.94,2040.27" sx="F,M,F,M"/><TAIKYOKU oya="0"/><INIT seed="0,0,0,2,1,26" ten="250,250,250,250" oya="0" hai0="103,44,114,18,117,53,12,19,9,80,71,126,60" hai1="104,10,62,58,72,83,77,6,49,5,14,135,22" hai2="3,74,101,63,96,59,4,48,92,87,110,108,97" hai3="1,98,29,8,125,13,7,69,122,35,82,113,46"/><T16/><D114/><U28/><E104/><V130/><F74/><W39/><G113/><T129/><D117/><U128/><E128/><V21/><F130/><W120/><G69/><T112/><D112/><U41/><E135/><V133/><F133/><W38/><G125/><T88/><D129/><U17/><E41/><V76/><F48/><W94/><G1/><T81/><D126/><U66/><REACH who="1" step="1"/><E49/><REACH who="1" ten="250,240,250,250" step="2"/><V115/><F115/><W79/><G120/><T84/><D103/><U109/><E109/><V61/><F101/><W95/><G122/><T111/><D111/><U99/><E99/><V37/><F97/><W31/><G39/><T43/><D80/><U134/><E134/><V93/><F96/><W123/><G123/><T52/><D71/><U75/><E75/><V124/><F37/><W24/><G98/><T57/><D53/><U119/><E119/><V100/><F100/><W55/><G38/><AGARI ba="0,1" hai="9,12,16,18,19,38,43,44,52,57,60,81,84,88" machi="38" ten="30,11600,0" yaku="7,1,54,3" doraHai="26" who="0" fromWho="3" sc="250,126,240,0,250,0,250,-116" /><INIT seed="0,1,0,2,0,82" ten="376,240,250,134" oya="0" hai0="84,88,56,83,100,69,23,1,71,79,45,125,105" hai1="28,9,10,22,76,89,73,4,102,114,134,129,15" hai2="91,16,108,51,61,124,24,126,55,13,20,5,95" hai3="119,77,32,0,99,67,68,38,94,117,35,53,123"/><T6/><D125/><U81/><E114/><V132/><F108/><W104/><G0/><T46/><D1/><U128/><E134/><V64/><F132/><W120/><G38/><T37/><D6/><U40/><E102/><V90/><F5/><W122/><G104/><T130/><D130/><U17/><E40/><V41/><F41/><W8/><G8/><T86/><D37/><U135/><E135/><V96/><F90/><W42/><G42/><T116/><D116/><U57/><E28/><V80/><F80/><W3/><G3/><T58/><D105/><U101/><E101/><V60/><F13/><W72/><G77/><T107/><D107/><U109/><E109/><V36/><F36/><W27/><G72/><T11/><D11/><U21/><E57/><N who="0" m="22121" /><D71/><U7/><E89/><V106/><F106/><W2/><G2/><T50/><D69/><U131/><REACH who="1" step="1"/><E9/><REACH who="1" ten="376,230,250,134" step="2"/><V66/><F126/><W127/><G127/><T121/><D100/><U48/><E48/><V93/><F124/><W14/><G117/><T49/><D121/><U112/><E112/><V103/><F61/><W113/><G119/><T65/><D65/><U34/><E34/><V29/><F29/><W110/><G113/><T85/><D23/><AGARI ba="1,1" hai="4,7,10,15,17,21,22,23,73,76,81,128,129,131" machi="23" ten="40,2600,0" yaku="1,1,19,1,53,0" doraHai="82" doraHaiUra="70" who="1" fromWho="0" sc="376,-29,230,39,250,0,134,0" /><INIT seed="1,0,0,1,3,22" ten="347,269,250,134" oya="1" hai0="2,129,135,29,52,17,133,97,91,126,54,50,134" hai1="119,118,64,0,12,107,84,70,73,108,47,66,3" hai2="95,57,37,92,21,65,58,6,103,60,102,121,85" hai3="41,44,112,117,99,79,19,62,124,120,1,56,89"/><U132/><E73/><V111/><F121/><W59/><G112/><T5/><D126/><U101/><E101/><V31/><F37/><W18/><G120/><T131/><D29/><U81/><E107/><V114/><F114/><W82/><G1/><T61/><D61/><U10/><E132/><V14/><F111/><W128/><G124/><T96/><D5/><U94/><E94/><V20/><F95/><W26/><G117/><T105/><D2/><U30/><E30/><V23/><F102/><W93/><G128/><N who="0" m="49227" /><D91/><U32/><E32/><V35/><F35/><W67/><G59/><N who="0" m="33175" /><D105/><U16/><E3/><V25/><F58/><W7/><G7/><T77/><D54/><U69/><E0/><V116/><F116/><W98/><G98/><T63/><D63/><U40/><E70/><V100/><F100/><W8/><G8/><T27/><D77/><U110/><E69/><V80/><F14/><W46/><G46/><T86/><D86/><U75/><E119/><V4/><F4/><W123/><G123/><T87/><D87/><U39/><E118/><V42/><F42/><W125/><G125/><T55/><D55/><U76/><REACH who="1" step="1"/><E84/><REACH who="1" ten="347,259,250,134" step="2"/><V109/><F85/><W68/><G68/><T115/><D115/><U83/><E83/><V130/><F80/><W49/><G82/><T72/><D72/><U38/><E38/><V11/><F130/><W36/><G79/><T127/><D127/><U13/><E13/><V51/><F103/><W48/><G36/><T43/><D43/><U90/><E90/><V34/><F31/><W74/><G74/><T45/><D134/><RYUUKYOKU ba="0,1" sc="347,-10,259,30,250,-10,134,-10" hai1="10,12,16,39,40,47,64,66,75,76,81,108,110" /><INIT seed="1,1,1,0,2,95" ten="337,289,240,124" oya="1" hai0="64,22,60,113,28,78,31,120,62,17,111,38,14" hai1="97,39,30,109,59,61,69,50,6,107,127,129,7" hai2="33,49,3,80,12,91,77,108,131,82,110,1,93" hai3="54,101,124,35,117,2,102,32,70,130,99,20,25"/><U57/><E39/><V8/><F33/><W100/><G2/><T4/><D113/><U5/><E127/><V88/><F131/><W98/><G70/><T96/><D38/><U72/><E72/><V34/><F34/><W75/><G75/><T16/><D111/><N who="2" m="42538" /><F49/><W15/><G124/><T13/><D120/><U86/><E109/><V48/><F48/><W103/><G130/><T134/><D134/><U133/><E133/><V71/><F71/><W45/><G117/><T24/><D78/><U106/><E129/><V19/><F82/><W53/><G32/><T125/><D125/><U29/><E69/><V87/><F91/><W9/><G35/><T26/><D4/><U123/><E123/><V37/><F37/><W27/><N who="3" m="25600" /><DORA hai="21" /><W122/><G122/><T81/><D81/><U10/><E50/><V52/><F52/><N who="3" m="20075" /><G45/><T115/><D115/><U44/><E44/><V89/><F89/><W43/><G43/><T94/><D64/><U56/><E56/><V46/><F46/><W47/><G47/><T11/><D60/><U112/><E61/><V76/><F76/><W66/><G66/><T83/><D62/><U73/><E112/><V92/><F92/><W40/><G40/><T104/><D83/><U67/><E59/><V42/><F42/><W119/><G119/><T121/><D121/><U79/><E57/><V90/><F90/><W18/><G25/><N who="0" m="9835" /><D94/><U135/><E67/><V128/><F128/><W63/><G63/><T118/><D118/><U85/><E135/><V105/><F105/><W65/><G65/><T116/><D116/><U68/><E107/><RYUUKYOKU ba="1,1" sc="337,10,289,-30,240,10,124,10" hai0="11,13,14,16,17,22,28,31,96,104" hai2="1,3,8,12,19,77,80,87,88,93" hai3="9,15,18,20,27,98,99" /><INIT seed="2,2,1,5,0,38" ten="347,259,250,134" oya="2" hai0="36,7,68,24,86,56,111,124,14,108,75,0,90" hai1="1,95,76,44,45,120,109,11,106,6,78,117,32" hai2="126,31,5,80,129,4,71,89,3,53,51,135,12" hai3="103,59,58,29,97,131,19,77,72,62,70,25,47"/><V69/><F135/><W2/><G2/><T42/><D68/><U132/><E117/><V81/><F129/><W105/><G131/><T121/><D121/><U60/><E106/><V37/><F37/><W85/><G72/><T102/><D75/><U87/><E32/><V50/><F126/><W128/><G128/><T104/><D0/><U49/><E132/><V9/><F31/><W63/><G77/><T55/><D124/><U93/><E120/><V22/><F71/><W100/><G100/><T17/><D7/><U30/><E30/><V96/><F69/><W28/><G85/><T127/><D24/><U27/><E27/><V20/><F51/><W125/><G125/><T16/><D17/><U133/><E133/><V99/><F4/><W26/><G19/><T98/><D127/><U66/><E45/><V65/><F65/><W40/><G70/><T57/><D57/><U23/><E109/><V46/><F20/><W84/><G84/><T34/><D34/><U113/><E23/><V74/><F74/><W15/><G15/><T101/><D101/><U112/><E112/><V67/><F67/><W107/><G107/><T43/><D36/><U21/><E21/><V115/><F115/><W64/><G28/><T119/><D119/><U41/><E113/><V39/><F39/><N who="3" m="21919" /><G29/><T94/><D108/><U123/><E123/><V35/><F35/><W114/><G114/><T54/><D111/><U79/><REACH who="1" step="1"/><E87/><REACH who="1" ten="347,249,250,134" step="2"/><N who="2" m="50407" /><F22/><W18/><G18/><T130/><D130/><U110/><E110/><V48/><F46/><W134/><G134/><T73/><D104/><U61/><E61/><RYUUKYOKU ba="2,2" sc="347,-15,249,15,250,-15,134,15" hai1="1,6,11,41,44,49,60,66,76,78,79,93,95" hai3="25,26,58,59,62,63,64,97,103,105" /><INIT seed="3,3,2,2,2,103" ten="332,264,235,149" oya="3" hai0="104,77,50,44,128,99,28,5,89,19,18,95,102" hai1="14,112,71,54,49,34,33,106,56,48,119,117,130" hai2="81,11,107,60,67,127,98,32,41,70,129,16,79" hai3="114,135,38,134,65,24,69,105,82,73,62,9,87"/><W23/><G114/><T3/><D128/><U51/><E112/><V75/><F129/><W132/><G38/><T125/><D125/><U100/><E71/><V42/><F127/><W61/><G73/><T116/><D116/><N who="1" m="44619" /><E130/><V93/><F107/><W88/><G105/><T39/><D39/><U22/><E14/><V66/><F32/><N who="1" m="12393" /><E22/><V59/><F67/><W25/><G62/><T110/><D5/><U68/><E68/><V10/><F70/><W124/><G124/><T131/><D3/><U76/><E76/><V15/><REACH who="2" step="1"/><F11/><REACH who="2" ten="332,264,225,149" step="2"/><W113/><G113/><T120/><D131/><U111/><E111/><V123/><F123/><W12/><REACH who="3" step="1"/><G23/><REACH who="3" ten="332,264,225,139" step="2"/><T31/><D120/><U37/><E37/><V6/><F6/><AGARI ba="3,4" hai="6,9,12,24,25,61,65,69,82,87,88,132,134,135" machi="6" ten="40,12000,1" yaku="1,1,2,1,20,1,54,1,53,0" doraHai="103" doraHaiUra="97" who="3" fromWho="2" sc="332,0,264,0,225,-129,139,169" /><INIT seed="3,4,0,4,1,111" ten="332,264,96,308" oya="3" hai0="6,92,61,86,115,68,66,49,83,12,101,89,23" hai1="76,128,16,20,91,107,22,50,59,67,75,14,18" hai2="40,28,117,104,82,62,70,38,17,77,72,65,42" hai3="15,74,112,123,131,106,8,134,13,26,130,78,100"/><W60/><G123/><T2/><D2/><U94/><E107/><V44/><F117/><W36/><G36/><T35/><D35/><U81/><E128/><V7/><F104/><W84/><G74/><T30/><D115/><U69/><E69/><V24/><F42/><W4/><G134/><T32/><D32/><U88/><E94/><V73/><F7/><W116/><G116/><T1/><D1/><U27/><REACH who="1" step="1"/><E50/><REACH who="1" ten="332,254,96,308" step="2"/><V41/><F41/><W11/><G130/><T64/><D49/><U129/><E129/><V79/><F79/><W37/><G131/><T125/><D92/><U121/><E121/><V52/><F17/><W25/><G106/><T71/><D71/><U110/><E110/><V51/><F82/><W10/><G78/><T48/><D48/><U46/><E46/><V57/><F77/><W55/><G37/><T96/><D68/><U99/><E99/><V53/><F53/><W105/><G105/><T0/><D96/><U114/><E114/><V39/><F39/><W109/><G112/><T34/><D83/><U103/><E103/><V54/><F54/><W133/><G100/><T29/><D101/><U126/><E126/><V124/><F124/><W93/><G109/><T119/><D125/><U113/><E113/><V63/><F63/><AGARI ba="4,1" hai="14,16,18,20,22,27,59,63,67,75,76,81,88,91" machi="63" ten="40,5200,0" yaku="1,1,54,2,53,0" doraHai="111" doraHaiUra="43" who="1" fromWho="2" sc="332,0,254,74,96,-64,308,0" /><INIT seed="4,0,0,4,3,86" ten="332,328,32,308" oya="0" hai0="38,47,92,89,88,122,59,3,112,53,121,126,75" hai1="9,0,45,31,2,95,60,10,34,124,114,23,81" hai2="130,21,127,99,51,6,102,14,69,24,70,117,17" hai3="80,33,7,100,97,44,56,84,40,108,135,58,22"/><T87/><D3/><U43/><E34/><V82/><F130/><W107/><G108/><T16/><D75/><U134/><E134/><V1/><F127/><W111/><G111/><T15/><D126/><U29/><E124/><V118/><F1/><W65/><G33/><T77/><D77/><U105/><E105/><V26/><F82/><W37/><G135/><T85/><D112/><U72/><E114/><V48/><F70/><W25/><G7/><T18/><D18/><U28/><E23/><V115/><F69/><W41/><G41/><T101/><D101/><U39/><E2/><V113/><F115/><W49/><G65/><T132/><D132/><U5/><E10/><N who="2" m="4439" /><F113/><W20/><G37/><T133/><D47/><U110/><E110/><V30/><F30/><W106/><G106/><T46/><D46/><U129/><E129/><V68/><F68/><W94/><G107/><T35/><D38/><U116/><E116/><N who="2" m="44651" /><F26/><W67/><G67/><T11/><D133/><U13/><E13/><V27/><F24/><W109/><G109/><T91/><D35/><U104/><E104/><AGARI ba="0,0" hai="17,21,27,48,51,99,102,104" m="44651,4439" machi="104" ten="30,1000,0" yaku="12,1" doraHai="86" who="2" fromWho="1" sc="332,0,328,-10,32,10,308,0" /><INIT seed="5,0,0,2,4,42" ten="332,318,42,308" oya="1" hai0="19,26,70,119,87,71,80,37,92,101,0,65,23" hai1="5,1,45,24,110,72,62,28,102,66,114,109,10" hai2="69,97,53,100,103,16,135,40,50,13,14,116,58" hai3="78,55,57,126,31,36,38,105,68,130,117,75,46"/><U122/><E122/><V30/><F69/><W6/><G68/><T15/><D119/><U94/><E72/><V52/><F116/><W132/><G117/><T32/><D0/><U73/><E73/><V27/><F135/><W108/><G105/><T125/><D37/><U131/><E131/><V106/><F103/><W111/><G31/><T63/><D125/><U34/><E114/><V48/><F40/><W77/><G6/><T56/><D32/><U127/><E127/><V79/><F79/><W81/><G126/><T3/><D3/><U4/><E4/><V128/><F128/><W82/><G130/><T85/><D26/><U18/><E18/><V49/><F49/><W17/><G132/><T121/><D121/><U22/><E34/><V43/><F43/><W88/><G38/><T60/><D60/><U107/><E107/><V47/><REACH who="2" step="1"/><F16/><REACH who="2" ten="332,318,32,308" step="2"/><W113/><G17/><T115/><D70/><U11/><E102/><V120/><F120/><W91/><G36/><T9/><D71/><U29/><E29/><V33/><AGARI ba="0,1" hai="13,14,27,30,33,47,48,50,52,53,58,97,100,106" machi="33" ten="20,8000,1" yaku="1,1,0,1,7,1,52,1,54,1,53,0" doraHai="42" doraHaiUra="90" who="2" fromWho="2" sc="332,-20,318,-40,32,90,308,-20" /><INIT seed="6,0,0,3,0,8" ten="312,278,122,288" oya="2" hai0="126,98,97,104,124,66,4,77,99,0,61,58,78" hai1="55,123,46,130,96,11,60,73,85,72,67,107,121" hai2="63,18,13,80,45,35,40,108,82,135,106,3,64" hai3="32,16,50,115,128,91,54,15,39,109,27,10,52"/><V79/><F3/><W74/><G109/><T125/><D104/><U20/><E130/><V111/><F106/><W94/><G39/><T129/><D129/><U42/><E55/><V33/><F135/><W105/><G128/><T119/><D119/><U110/><E110/><V14/><F111/><W22/><G105/><T134/><D134/><U38/><E20/><V37/><F108/><W113/><G74/><T103/><D103/><N who="1" m="62951" /><E85/><V25/><F35/><W101/><G101/><T7/><D0/><U90/><E90/><V5/><F5/><AGARI ba="0,0" hai="4,5,7,58,61,66,77,78,97,98,99,124,125,126" machi="5" ten="50,1600,0" yaku="18,1" doraHai="8" who="0" fromWho="2" sc="312,16,278,0,122,-16,288,0" /><INIT seed="7,0,0,4,5,93" ten="328,278,106,288" oya="3" hai0="34,55,77,134,45,75,91,41,101,86,7,32,40" hai1="74,17,2,90,126,107,102,51,0,132,121,57,58" hai2="97,109,98,1,83,68,117,12,113,122,30,39,81" hai3="106,26,33,16,135,61,47,24,104,128,112,4,70"/><W66/><G128/><T105/><D55/><U3/><E74/><V123/><F68/><W127/><G4/><T49/><D134/><U88/><E121/><N who="2" m="46091" /><F1/><W60/><G135/><T5/><D41/><U111/><E132/><V87/><F39/><W89/><G127/><T108/><D108/><U21/><E111/><V84/><F30/><W36/><G112/><T25/><D77/><U6/><E6/><V56/><F109/><W46/><G26/><T100/><D75/><U18/><E126/><V78/><F117/><W20/><G33/><T76/><D76/><U114/><E114/><V29/><F113/><W64/><G89/><T38/><D38/><U63/><E51/><V48/><F29/><W79/><G79/><T110/><D110/><U133/><E133/><V62/><F12/><W27/><G27/><T125/><D125/><U52/><E58/><V80/><F48/><W31/><G31/><T116/><D116/><U28/><E28/><V94/><F56/><W99/><G36/><T67/><D34/><U8/><E8/><V118/><F118/><W95/><G47/><T73/><D45/><U129/><E129/><V35/><F35/><W23/><G46/><T82/><D32/><U15/><E18/><V10/><F10/><W13/><G20/><T11/><D5/><U53/><E53/><V130/><F130/><W96/><G13/><T54/><D7/><U42/><E42/><V115/><F115/><W50/><G50/><T14/><D40/><U59/><E59/><V69/><F69/><N who="3" m="42119" /><G95/><T119/><D119/><U124/><E124/><V92/><F62/><RYUUKYOKU ba="0,0" sc="328,-15,278,15,106,-15,288,15" hai1="0,2,3,15,17,21,52,57,63,88,90,102,107" hai3="16,23,24,61,66,70,96,99,104,106" /><INIT seed="7,1,0,2,0,15" ten="313,293,91,303" oya="3" hai0="29,13,129,122,10,17,68,24,128,63,39,19,132" hai1="81,3,89,71,50,22,8,115,72,113,2,28,18" hai2="27,67,96,66,119,116,30,97,64,12,37,87,107" hai3="48,40,47,100,135,99,120,58,4,43,85,41,26"/><W130/><G120/><T44/><D122/><U70/><E28/><V60/><F37/><W108/><G108/><T95/><D132/><U9/><E50/><V34/><F87/><W118/><G118/><T36/><D19/><U133/><E133/><V33/><F33/><W14/><G135/><T127/><D127/><U56/><E56/><V16/><F60/><W91/><G130/><N who="0" m="50283" /><D95/><U62/><E62/><V102/><REACH who="2" step="1"/><F97/><REACH who="2" ten="313,293,81,303" step="2"/><W79/><G85/><T75/><D75/><U83/><E72/><V55/><F55/><W31/><G99/><T54/><D68/><U32/><E32/><V52/><F52/><W123/><G123/><T35/><D63/><U42/><E71/><V51/><F51/><AGARI ba="1,1" hai="10,13,17,24,29,35,36,39,44,51,54" m="50283" machi="51" ten="30,2000,0" yaku="19,1,52,1" doraHai="15" who="0" fromWho="2" sc="313,33,293,0,81,-23,303,0" owari="346,45.0,293,-11.0,58,-44.0,303,10.0" /></mjloggm>