<mjloggm ver="2.3"><GO type="169"/><UN n0="%E3%81%8A%E5%8F%A3%E3%83%81%E3%83%A3%E3%83%83%E3%82%AF%E6%BA%80%E8%B2%AB" n1="%EF%BC%88%E2%89%A7%E2%96%BD%E2%89%A6%EF%BC%89" n2="%E3%81%93%E3%81%BE%E3%81%A3%E3%81%95%E3%82%93" n3="%E5%8F%AF%E7%87%83%E6%80%A7%E9%AB%98%E5%9C%A7%E3%82%AC%E3%82%B9" dan="16,18,16,17" rate="2106,2232,2056,2209" sx="F,M,M,M"/><TAIKYOKU oya="0"/><INIT seed="0,0,0,4,5,135" ten="250,250,250,250" oya="0" hai0="18,41,21,108,52,99,96,35,7,81,103,131,45" hai1="14,44,67,123,102,23,47,13,15,50,72,132,61" hai2="89,10,92,25,59,88,71,129,87,116,5,75,37" hai3="20,134,8,97,30,9,121,68,29,111,126,3,77"/><T63/><D35/><U95/><E72/><V55/><F71/><W113/><G68/><T107/><D131/><U64/><E123/><V124/><F37/><W26/><G77/><T82/><D108/><U32/><E32/><V1/><F75/><W49/><G49/><T85/><D7/><U48/><E132/><V33/><F116/><W119/><G97/><T110/><D110/><U58/><E23/><V65/><F65/><W27/><G111/><T125/><D125/><U4/><E4/><V104/><F104/><W51/><G51/><N who="1" m="19498" /><E67/><V62/><F89/><W74/><G74/><T6/><D6/><U66/><E66/><V46/><F46/><W127/><G134/><T84/><D107/><U128/><E128/><V120/><F129/><W105/><G105/><T73/><D73/><U17/><E17/><V86/><F120/><W24/><G121/><T130/><D130/><U133/><E133/><V38/><F38/><W69/><G69/><T78/><D45/><U106/><E106/><V101/><F101/><W28/><G119/><T39/><D103/><U19/><E19/><V118/><F118/><W16/><G113/><T70/><D70/><U31/><E31/><V94/><F33/><W90/><G90/><N who="0" m="51471" /><D39/><U91/><E102/><V54/><F88/><W36/><G36/><T93/><D18/><U109/><E109/><V12/><F5/><N who="3" m="1087" /><G9/><T83/><D21/><U11/><E11/><V117/><F10/><W100/><G100/><T56/><D78/><U40/><E40/><V79/><F117/><W76/><G76/><T53/><D41/><U80/><E80/><RYUUKYOKU ba="0,0" sc="250,-15,250,15,250,-15,250,15" hai1="13,14,15,44,47,58,61,64,91,95" hai3="16,20,24,26,27,28,29,30,126,127" /><INIT seed="1,1,0,3,2,12" ten="235,265,235,265" oya="1" hai0="97,69,50,62,79,36,26,1,112,91,83,75,0" hai1="27,122,32,129,30,43,85,67,107,58,102,37,118" hai2="9,20,47,25,61,49,56,2,33,96,17,86,55" hai3="132,13,11,42,89,52,111,66,110,120,94,16,63"/><U121/><E118/><V105/><F33/><W39/><G120/><T31/><D112/><U76/><E129/><V115/><F115/><W70/><G132/><T99/><D50/><U77/><E37/><V114/><F114/><W51/><G42/><T7/><D36/><U81/><E43/><V103/><F86/><W15/><G15/><T100/><D91/><U109/><E77/><V125/><F125/><W4/><G4/><T60/><D99/><U93/><E109/><V68/><F68/><W21/><G11/><T113/><D62/><U35/><E35/><V48/><F2/><W84/><REACH who="3" step="1"/><G39/><REACH who="3" ten="235,265,235,255" step="2"/><T22/><D7/><U101/><E121/><V87/><F9/><W92/><G92/><T131/><D113/><U95/><E122/><V19/><F87/><W74/><G74/><T10/><D10/><U38/><E38/><V130/><F130/><W41/><G41/><T126/><D131/><U54/><E95/><V108/><F108/><W78/><G78/><T45/><D126/><U73/><E93/><V104/><F104/><W117/><G117/><T34/><D1/><U106/><E73/><V8/><F8/><W64/><G64/><N who="0" m="41095" /><D0/><U5/><E5/><V23/><REACH who="2" step="1"/><F47/><AGARI ba="1,1" hai="13,16,21,47,51,52,63,66,70,84,89,94,110,111" machi="47" ten="40,8000,1" yaku="1,1,52,1,54,2,53,0" doraHai="12" doraHaiUra="127" who="3" fromWho="2" sc="235,0,265,0,235,-83,255,93" /><INIT seed="2,0,0,5,0,125" ten="235,265,152,348" oya="2" hai0="51,59,39,2,53,97,79,100,105,102,109,108,26" hai1="89,41,16,86,69,58,88,124,67,87,131,22,80" hai2="11,127,75,25,101,43,112,129,115,52,126,81,118" hai3="94,6,55,29,84,104,42,61,32,117,93,1,23"/><V78/><F43/><W33/><G117/><T68/><D68/><U99/><E124/><N who="2" m="47659" /><F25/><W82/><G104/><T17/><D2/><U107/><E69/><V92/><F11/><W66/><G42/><T123/><D123/><U77/><E41/><V40/><F40/><W110/><G55/><T73/><D102/><U37/><E37/><V44/><F118/><W119/><G119/><T95/><D39/><U133/><E133/><V5/><F5/><W48/><G48/><T62/><D51/><U71/><E71/><V98/><F44/><W96/><G6/><T72/><D26/><U27/><E131/><V7/><F52/><W35/><G1/><T56/><D53/><U31/><E31/><V9/><F9/><W4/><G4/><T70/><D70/><U90/><E67/><V12/><F12/><W114/><G35/><T64/><D64/><U14/><E14/><V50/><F50/><W135/><G33/><T65/><D65/><U34/><E34/><V19/><F19/><W134/><G32/><T120/><D17/><U57/><REACH who="1" step="1"/><E87/><REACH who="1" ten="235,255,152,348" step="2"/><V54/><F54/><W106/><G29/><T132/><D59/><U21/><E21/><V103/><F7/><W28/><G134/><T30/><D56/><U111/><E111/><V15/><F15/><W3/><G135/><T128/><D109/><U38/><E38/><V45/><F45/><W18/><G28/><T10/><D30/><U74/><E74/><V60/><F60/><W113/><G61/><T85/><D62/><U46/><E46/><V36/><F36/><W63/><G63/><T47/><D132/><RYUUKYOKU ba="0,1" sc="235,-10,255,30,152,-10,348,-10" hai1="16,22,27,57,58,77,80,86,88,89,90,99,107" /><INIT seed="3,1,1,2,3,27" ten="225,285,142,338" oya="3" hai0="23,1,95,11,32,68,5,103,71,89,4,19,7" hai1="34,134,108,121,24,49,48,3,60,9,110,44,38" hai2="51,120,83,75,13,8,67,114,135,117,12,64,118" hai3="31,66,133,76,125,43,57,33,77,65,55,41,94"/><W111/><G133/><T105/><D32/><U63/><E121/><V50/><F114/><W97/><G125/><T88/><D11/><U100/><E38/><V59/><F120/><W99/><G111/><N who="1" m="42538" /><E100/><V17/><F135/><W112/><G112/><T119/><D1/><U22/><E34/><V52/><F51/><N who="1" m="19529" /><E44/><V25/><F25/><W2/><G2/><T104/><D119/><U20/><E134/><V69/><F13/><W36/><G36/><T86/><D89/><U87/><E87/><V127/><F127/><W21/><G33/><T14/><REACH who="0" step="1"/><D103/><REACH who="0" ten="215,285,142,338" step="2"/><U78/><E78/><V6/><F118/><W122/><G122/><T102/><D102/><U129/><E22/><V61/><F117/><W101/><G77/><T74/><D74/><U73/><E73/><V93/><F75/><W18/><G76/><T72/><D72/><U92/><E9/><V81/><F93/><W128/><G101/><T126/><D126/><U40/><E3/><V37/><F6/><W91/><G94/><T79/><D79/><U107/><E92/><V29/><F8/><W10/><G10/><T46/><D46/><U85/><E20/><V106/><F83/><W54/><G21/><T53/><D53/><U131/><E131/><V130/><F130/><W96/><G128/><T123/><D123/><U45/><E129/><V42/><F81/><W109/><G109/><T115/><D115/><U15/><E45/><V28/><F52/><W35/><G54/><T47/><D47/><U80/><E80/><V82/><F82/><W113/><G55/><T0/><D0/><U132/><E132/><RYUUKYOKU ba="1,2" sc="215,30,285,-10,142,-10,338,-10" hai0="4,5,7,14,19,23,68,71,86,88,95,104,105" /><INIT seed="4,2,2,4,1,111" ten="245,275,132,328" oya="0" hai0="34,117,25,5,37,103,128,46,58,114,133,19,131" hai1="47,62,78,104,69,87,77,97,51,130,71,108,75" hai2="55,110,11,113,79,44,24,42,116,73,15,83,6" hai3="3,89,48,127,96,50,63,7,91,122,39,52,32"/><T66/><D5/><U17/><E75/><V70/><F110/><W16/><G39/><T119/><D103/><U132/><E108/><V20/><F70/><W102/><G32/><T135/><D19/><U23/><E130/><N who="0" m="49705" /><D25/><U60/><E132/><N who="0" m="50761" /><D34/><U41/><E71/><V74/><F55/><W118/><G7/><T101/><D101/><U31/><E69/><V30/><F116/><N who="0" m="44618" /><D114/><U33/><E33/><V61/><F61/><N who="1" m="23657" /><E104/><V93/><F93/><W64/><G102/><T107/><D107/><U10/><E97/><V38/><REACH who="2" step="1"/><F74/><REACH who="2" ten="245,275,122,328" step="2"/><W36/><G118/><T4/><D58/><U76/><E87/><V112/><AGARI ba="2,3" hai="6,11,15,20,24,30,38,42,44,73,79,83,112,113" machi="112" ten="30,8000,1" yaku="1,1,2,1,0,1,52,2,53,0" doraHai="111" doraHaiUra="56" who="2" fromWho="2" sc="245,-42,275,-22,122,116,328,-22" /><INIT seed="5,0,0,4,2,33" ten="203,253,238,306" oya="1" hai0="127,61,129,98,34,128,62,69,38,27,17,11,86" hai1="126,30,123,48,16,107,84,64,23,45,117,36,46" hai2="85,4,1,90,43,96,2,58,74,3,122,87,125" hai3="110,132,53,106,99,7,80,41,15,13,95,52,0"/><U108/><E123/><V105/><F74/><W31/><G110/><T55/><D38/><U14/><E107/><V25/><F122/><W42/><G106/><T57/><D98/><U73/><E73/><V121/><F121/><W83/><G132/><T100/><D100/><U66/><E117/><V49/><F4/><W50/><G31/><T102/><D102/><U22/><E108/><V82/><F96/><W63/><G0/><T59/><D69/><U21/><E126/><V119/><F105/><W118/><G118/><T115/><D127/><U93/><E36/><V104/><F104/><W135/><G135/><T91/><D115/><U9/><E30/><V103/><F103/><W101/><G63/><T81/><D34/><U39/><E39/><V111/><F111/><W24/><G24/><T54/><REACH who="0" step="1"/><D11/><REACH who="0" ten="193,253,238,306" step="2"/><U77/><E46/><V60/><F125/><W131/><G99/><T29/><D29/><U56/><E56/><V72/><F119/><W6/><G101/><T89/><D89/><N who="1" m="53415" /><E77/><V26/><F72/><W133/><G133/><T40/><D40/><AGARI ba="0,1" hai="9,14,16,21,22,23,40,45,48,64,66" m="53415" machi="40" ten="30,2900,0" yaku="8,1,54,1" doraHai="33" who="1" fromWho="0" sc="193,-29,253,39,238,0,306,0" /><INIT seed="5,1,0,3,5,15" ten="164,292,238,306" oya="1" hai0="57,50,75,106,133,114,8,31,115,80,25,81,49" hai1="44,129,65,28,92,2,3,41,43,86,33,47,1" hai2="120,27,66,71,48,118,95,37,62,45,67,35,12" hai3="108,20,82,64,29,30,9,34,24,63,127,70,22"/><U111/><E129/><V69/><F120/><W101/><G108/><T79/><D133/><U0/><E111/><V46/><F118/><W102/><G127/><T53/><D106/><U116/><E116/><V40/><F95/><W124/><G124/><T132/><D132/><U89/><E65/><V125/><F125/><W84/><G9/><T135/><D135/><U107/><E107/><V11/><F27/><W72/><G72/><T126/><D126/><U42/><N who="1" m="0" /><DORA hai="99" /><U96/><REACH who="1" step="1"/><E96/><REACH who="1" ten="164,282,238,306" step="2"/><V13/><F67/><W122/><G122/><T87/><D115/><U17/><E17/><V130/><F130/><W100/><REACH who="3" step="1"/><G30/><REACH who="3" ten="164,282,238,296" step="2"/><T6/><D114/><U19/><E19/><V39/><F71/><W88/><AGARI ba="1,2" hai="20,22,24,29,34,63,64,70,82,84,88,100,101,102" machi="88" ten="30,12000,2" yaku="1,1,2,1,0,1,52,3,54,1,53,0" doraHai="15,99" doraHaiUra="55,128" who="3" fromWho="3" sc="164,-31,282,-61,238,-31,296,143" /><INIT seed="6,0,0,0,5,3" ten="133,221,207,439" oya="2" hai0="50,45,22,77,117,35,107,105,55,51,2,27,28" hai1="125,78,66,69,14,21,40,24,82,63,46,25,119" hai2="9,85,32,106,104,112,47,48,37,94,129,75,29" hai3="6,38,39,23,98,126,36,34,41,54,60,113,80"/><V4/><F75/><W10/><G34/><T30/><D117/><U111/><E111/><V103/><F37/><W89/><G126/><T31/><D77/><U120/><E120/><V95/><F94/><W15/><G113/><T128/><D128/><U135/><E119/><V16/><F29/><W26/><G41/><T59/><D2/><U72/><E125/><V84/><F32/><W90/><G80/><T20/><D35/><U102/><E102/><V18/><F112/><W67/><G54/><T7/><D107/><U49/><E135/><V79/><F129/><W110/><G110/><T133/><D105/><U92/><E92/><V109/><F109/><W114/><G98/><T127/><D127/><U99/><E99/><V53/><F106/><W131/><G131/><T73/><D73/><U86/><E72/><V93/><F93/><W11/><G11/><T108/><D133/><U124/><E124/><V8/><F8/><W91/><G114/><T5/><D108/><U115/><E115/><V19/><F79/><W130/><G130/><T1/><D1/><U57/><E69/><V13/><F104/><W0/><G0/><T42/><D31/><U12/><E24/><AGARI ba="0,0" hai="5,7,20,22,24,27,28,30,42,45,50,51,55,59" machi="24" ten="40,8000,1" yaku="9,1,8,1,52,2" doraHai="3" who="0" fromWho="1" sc="133,80,221,-80,207,0,439,0" /><INIT seed="7,0,0,5,3,20" ten="213,141,207,439" oya="3" hai0="85,90,125,54,75,106,32,60,66,28,6,57,53" hai1="56,44,103,88,105,86,26,42,97,62,65,18,59" hai2="77,83,22,118,95,112,27,129,5,69,99,124,33" hai3="63,0,3,11,121,101,58,98,74,120,102,8,49"/><W24/><G74/><T116/><D75/><U89/><E59/><V119/><F33/><W91/><G91/><T72/><D72/><U64/><E64/><V1/><F69/><W92/><G49/><T4/><D106/><U9/><E86/><V38/><F38/><W40/><G40/><T23/><D32/><U130/><E130/><V2/><F5/><N who="0" m="2154" /><D125/><U52/><E65/><V48/><F48/><W16/><G11/><T25/><D116/><U110/><E110/><V78/><F119/><W133/><G102/><T113/><D113/><U36/><REACH who="1" step="1"/><E9/><REACH who="1" ten="213,131,207,439" step="2"/><V114/><F118/><W81/><G8/><T21/><D66/><U7/><E7/><V15/><F129/><W70/><G70/><T100/><D57/><U93/><E93/><V131/><F131/><W10/><G10/><T127/><D85/><U43/><E43/><V51/><F114/><W41/><G81/><T47/><D54/><U19/><E19/><V39/><F83/><W61/><G41/><T68/><D53/><U117/><E117/><V73/><F112/><W109/><G109/><T17/><D17/><U67/><E67/><V94/><F94/><W45/><G92/><T84/><D84/><U111/><E111/><V29/><F95/><W134/><G58/><T135/><D68/><U104/><E104/><V82/><F82/><W132/><G132/><T46/><D135/><U79/><E79/><V96/><F78/><W71/><G134/><T107/><D107/><U35/><E35/><V50/><F77/><W34/><G133/><T126/><D126/><U123/><E123/><V12/><F124/><RYUUKYOKU ba="0,1" sc="213,-10,131,30,207,-10,439,-10" hai1="18,26,36,42,44,52,56,62,88,89,97,103,105" owari="203,0.0,161,-34.0,197,-20.0,439,54.0" /></mjloggm>