<mjloggm ver="2.3"><GO type="41"/><UN n0="%E8%A5%BF%E5%9C%92%E5%AF%BA%E3%81%BE%E3%82%8A%E3%81%84" n1="%E9%9B%AA%E6%98%A5" n2="%E3%82%A6%E3%83%AB%E3%83%88%E3%83%A9%E7%AB%8B%E7%9B%B4" n3="%6B%6B%62%6E%61%72%74" dan="13,14,15,14" rate="1933,1853,1989,1800" sx="F,M,M,M"/><TAIKYOKU oya="0"/><INIT seed="0,0,0,3,4,93" ten="250,250,250,250" oya="0" hai0="52,16,20,48,30,33,81,134,84,125,91,69,19" hai1="126,47,32,66,22,79,39,8,115,44,17,118,110" hai2="76,86,119,88,25,6,105,61,35,96,4,123,14" hai3="77,37,57,12,132,51,10,85,99,53,21,28,124"/><T101/><D69/><U46/><E118/><V40/><F123/><W54/><G37/><T34/><D134/><U78/><E110/><V83/><F119/><W116/><G116/><T111/><D125/><U97/><E126/><V133/><F133/><W135/><G124/><T18/><D111/><U82/><E115/><V24/><F40/><W121/><G121/><T128/><D128/><U38/><E32/><V62/><F35/><W5/><G135/><T71/><D71/><U92/><E66/><V95/><F105/><W0/><G132/><T49/><D49/><U80/><E8/><N who="2" m="4359" /><F6/><W129/><G129/><T36/><D36/><U114/><E114/><V50/><F50/><W127/><G127/><T2/><D2/><U63/><E63/><AGARI ba="0,0" hai="24,25,61,62,63,76,83,86,88,95,96" m="4359" machi="63" ten="30,3900,0" yaku="8,1,52,1,54,1" doraHai="93" who="2" fromWho="1" sc="250,0,250,-39,250,39,250,0" /><INIT seed="1,0,0,3,4,7" ten="250,211,289,250" oya="1" hai0="28,14,24,51,31,135,84,49,16,93,133,126,100" hai1="70,6,98,40,92,103,105,120,71,10,87,18,106" hai2="37,109,61,64,33,9,54,123,35,113,80,132,12" hai3="60,13,46,79,108,131,88,125,129,95,23,101,78"/><U34/><BYE who="2" /><E120/><V39/><F39/><W82/><G108/><T21/><D126/><UN n2="%E3%82%A6%E3%83%AB%E3%83%88%E3%83%A9%E7%AB%8B%E7%9B%B4" /><U30/><E40/><V41/><F123/><W130/><G125/><T2/><D2/><U25/><E18/><V114/><F109/><W17/><G101/><T107/><D107/><U119/><E119/><V128/><F54/><W1/><G1/><T47/><D31/><U102/><E102/><V53/><F53/><W56/><G46/><T15/><D15/><U62/><E87/><V3/><F3/><W118/><G118/><T83/><D93/><U38/><E38/><V42/><F80/><W19/><G82/><T90/><D100/><U57/><E106/><V8/><F12/><W112/><G112/><N who="2" m="43113" /><F132/><N who="0" m="50762" /><D47/><U32/><E32/><AGARI ba="0,0" hai="14,16,21,24,28,32,49,51,83,84,90" m="50762" machi="32" ten="30,2000,0" yaku="20,1,54,1" doraHai="7" who="0" fromWho="1" sc="250,20,211,-20,289,0,250,0" /><INIT seed="2,0,0,4,3,26" ten="270,191,289,250" oya="2" hai0="111,95,66,44,32,119,101,73,36,25,74,108,42" hai1="19,12,105,116,89,39,8,3,115,18,13,1,69" hai2="5,43,71,35,130,93,107,53,127,94,21,68,112" hai3="65,20,81,16,92,37,87,41,29,97,82,117,40"/><V103/><F112/><W2/><G117/><T134/><D119/><U34/><E105/><V11/><F35/><W54/><G2/><T50/><D66/><U88/><E39/><V126/><F107/><W120/><G120/><T100/><D36/><U114/><E69/><V80/><F43/><W78/><G37/><T10/><D10/><U57/><E57/><V4/><F80/><W52/><G82/><T132/><D32/><U22/><E116/><V96/><F5/><W59/><G65/><T27/><D95/><U14/><E88/><V79/><F79/><W135/><G135/><T9/><D9/><N who="1" m="6415" /><E89/><V99/><F21/><W28/><G41/><T0/><D0/><N who="1" m="75" /><E34/><V104/><F104/><W6/><G40/><T61/><D61/><U90/><E90/><V33/><F33/><W121/><G121/><T31/><D74/><U109/><E109/><N who="0" m="42057" /><D73/><U122/><E122/><V84/><F71/><W118/><G118/><T124/><D100/><U129/><E129/><V102/><F68/><W64/><G64/><T131/><D101/><U49/><E49/><V17/><F84/><W60/><G54/><T83/><D83/><U45/><E45/><V85/><F53/><W38/><G38/><T58/><D131/><U128/><E128/><V23/><F85/><W86/><G86/><T110/><D110/><U98/><E98/><V15/><F130/><W67/><G67/><T106/><D106/><U133/><E133/><V7/><F99/><W46/><G46/><T47/><D132/><U72/><E72/><V62/><F96/><W24/><G97/><T63/><D134/><RYUUKYOKU ba="0,0" sc="270,-10,191,30,289,-10,250,-10" hai1="8,13,14,19,22,114,115" /><INIT seed="3,1,0,0,3,1" ten="260,221,279,240" oya="3" hai0="34,46,19,64,79,106,90,129,128,57,75,50,109" hai1="61,10,94,59,26,92,135,87,36,133,21,27,110" hai2="2,125,116,53,0,9,65,112,97,44,100,71,55" hai3="47,104,54,24,20,42,63,72,13,108,127,12,83"/><W70/><G104/><T99/><D34/><U35/><E35/><V130/><F55/><W22/><G127/><T131/><D109/><U89/><E36/><V37/><F116/><W69/><G108/><T51/><D46/><U118/><E110/><V121/><F112/><W62/><G70/><T101/><D90/><U15/><E118/><V122/><F125/><W60/><G69/><T93/><D106/><U33/><E33/><V23/><F23/><W124/><G124/><T6/><D19/><U58/><E27/><V14/><F65/><W25/><G72/><T31/><D31/><U102/><E102/><V113/><F71/><W40/><G83/><N who="0" m="45567" /><D6/><U82/><E59/><V32/><F32/><W56/><G47/><T78/><D78/><U119/><E119/><V5/><F113/><W105/><G105/><T123/><D123/><N who="2" m="47114" /><F130/><W77/><G77/><T134/><D134/><N who="1" m="51211" /><E58/><V18/><F18/><N who="3" m="12311" /><G54/><T84/><D84/><U29/><E61/><AGARI ba="1,0" hai="50,51,57,61,64,93,99,101,128,129,131" m="45567" machi="61" ten="30,1000,0" yaku="19,1" doraHai="1" who="0" fromWho="1" sc="260,13,221,-13,279,0,240,0" /><INIT seed="4,0,0,4,3,65" ten="273,208,279,240" oya="0" hai0="121,72,41,31,12,64,126,101,40,88,113,132,98" hai1="76,129,54,73,56,37,117,107,43,20,33,122,46" hai2="74,0,1,48,57,32,5,24,38,130,94,118,35" hai3="29,39,19,79,4,89,81,25,102,71,14,82,131"/><T63/><D121/><U53/><E117/><V2/><F94/><W13/><G39/><T99/><D72/><U34/><E122/><V23/><F48/><W17/><G131/><T105/><D132/><U50/><E129/><V116/><F57/><W77/><G71/><T61/><D126/><U9/><E107/><V96/><F96/><W119/><G119/><N who="2" m="45609" /><F38/><W55/><G4/><T109/><D113/><U84/><E73/><V95/><F95/><W103/><G55/><T87/><D98/><U60/><E20/><V92/><F92/><W128/><G128/><T45/><D109/><U8/><E84/><V80/><F80/><W111/><G111/><T133/><D133/><U7/><E76/><V11/><F74/><W16/><G89/><T85/><D85/><U124/><E124/><V70/><F70/><W66/><G19/><T86/><D86/><U90/><E90/><V97/><F97/><W44/><G66/><T115/><D115/><U28/><E28/><N who="2" m="17439" /><F130/><W110/><G44/><T67/><D64/><U58/><REACH who="1" step="1"/><E9/><REACH who="1" ten="273,198,279,240" step="2"/><V120/><F120/><W42/><G110/><T108/><D108/><U22/><E22/><V51/><F51/><W52/><G29/><T3/><D31/><U93/><E93/><V69/><F69/><W114/><G114/><T49/><D105/><U134/><E134/><V59/><F59/><W91/><G91/><T75/><D75/><U135/><E135/><V125/><F125/><W15/><G103/><T6/><D101/><U106/><E106/><V83/><F83/><W10/><G102/><T47/><D87/><U30/><E30/><RYUUKYOKU ba="0,1" sc="273,-15,198,15,279,15,240,-15" hai1="7,8,33,34,37,43,46,50,53,54,56,58,60" hai2="0,1,2,5,11,32,35" /><INIT seed="5,1,1,0,0,115" ten="258,213,294,225" oya="1" hai0="43,22,24,78,85,116,35,84,97,87,99,114,103" hai1="11,93,58,67,39,77,56,112,125,60,129,105,86" hai2="34,0,132,30,127,2,44,111,65,110,108,123,75" hai3="8,47,40,59,27,120,26,90,10,38,131,72,109"/><U54/><E112/><V119/><F65/><W70/><G120/><T32/><D114/><U25/><E105/><V88/><F44/><W104/><G104/><T13/><D78/><U74/><E74/><V63/><F63/><W68/><G72/><T80/><D13/><U55/><E129/><V92/><F75/><W81/><G131/><T122/><D122/><U82/><E125/><V64/><F64/><W61/><G109/><T50/><D80/><U49/><E39/><V66/><F66/><W46/><G46/><T95/><D116/><U113/><E113/><V73/><F73/><W134/><G134/><T71/><D71/><U53/><E93/><V62/><F62/><W106/><G106/><T45/><REACH who="0" step="1"/><D99/><REACH who="0" ten="248,213,294,225" step="2"/><U121/><E121/><V83/><F123/><W79/><G70/><T94/><D94/><U100/><E100/><V69/><F83/><W37/><G68/><T107/><D107/><U76/><E76/><V17/><F69/><W21/><G90/><T15/><D15/><U96/><E96/><V29/><F111/><W3/><G81/><T101/><D101/><U117/><E117/><V51/><F119/><W57/><G3/><T12/><D12/><U102/><E102/><V18/><F92/><W33/><G79/><T42/><D42/><U1/><REACH who="1" step="1"/><E25/><REACH who="1" ten="248,203,294,225" step="2"/><V89/><F127/><W91/><G27/><T16/><AGARI ba="1,3" hai="16,22,24,32,35,43,45,50,84,85,87,95,97,103" machi="16" ten="30,7900,0" yaku="1,1,0,1,54,1,53,1" doraHai="115" doraHaiUra="14" who="0" fromWho="0" sc="248,112,203,-40,294,-21,225,-21" /><INIT seed="6,0,0,4,4,111" ten="360,163,273,204" oya="2" hai0="10,72,115,66,36,133,116,13,104,19,83,0,88" hai1="51,78,24,94,55,31,131,79,14,44,17,16,49" hai2="12,15,122,53,99,37,2,33,82,61,84,95,60" hai3="100,119,90,58,129,132,56,108,73,117,80,103,40"/><V28/><F2/><W130/><G108/><T107/><D36/><U81/><E131/><N who="3" m="50186" /><G40/><T54/><D0/><U25/><E94/><V86/><F37/><W1/><G1/><T48/><D116/><N who="3" m="44617" /><G132/><T89/><D66/><U67/><E67/><V91/><F122/><W50/><G50/><T124/><D133/><U27/><E17/><V57/><F33/><W8/><G8/><T113/><D124/><U7/><E7/><V114/><F28/><W93/><G73/><T59/><D72/><U4/><E4/><V64/><F60/><W87/><G93/><T46/><D59/><AGARI ba="0,0" hai="56,58,59,80,87,90,100,103" m="44617,50186" machi="59" ten="30,1000,0" yaku="19,1" doraHai="111" who="3" fromWho="0" sc="360,-10,163,0,273,0,204,10" /><INIT seed="7,0,0,5,3,92" ten="350,163,273,214" oya="3" hai0="96,71,66,1,81,105,42,48,120,104,78,52,61" hai1="118,20,32,98,36,9,75,113,101,13,2,8,5" hai2="58,116,19,40,26,44,114,100,47,4,18,41,121" hai3="103,74,117,97,12,22,6,30,93,60,10,91,37"/><W109/><G117/><T82/><D120/><U133/><E118/><V124/><F116/><W106/><G109/><T51/><D1/><U134/><E75/><V99/><F124/><W11/><G74/><T129/><D129/><U84/><E84/><V79/><F79/><W102/><G37/><T80/><D78/><U86/><E86/><V38/><F4/><W90/><G106/><T17/><D17/><U110/><E36/><V115/><F121/><W73/><G73/><T16/><D42/><U21/><E110/><V125/><F58/><W112/><G112/><N who="2" m="43049" /><F26/><N who="3" m="16727" /><G91/><T94/><D48/><U128/><E113/><V107/><F125/><W31/><G31/><T25/><D25/><U127/><E127/><V111/><F111/><W56/><G11/><T49/><D49/><AGARI ba="0,0" hai="18,19,38,40,41,44,47,49,99,100,107" m="43049" machi="49" ten="30,2000,0" yaku="15,1,52,1" doraHai="92" who="2" fromWho="0" sc="350,-20,163,0,273,20,214,0" owari="330,44.0,163,-34.0,293,9.0,214,-19.0" /></mjloggm>