<mjloggm ver="2.3"><GO type="41"/><UN n0="%63%61%7A%61%69%6E" n1="%E9%BE%8D%E9%BE%8D%30%30" n2="%E3%82%A6%E3%83%AB%E3%83%88%E3%83%A9%E7%AB%8B%E7%9B%B4" n3="%E3%81%8B%E3%82%8C%E3%82%93%E3%81%8B%E3%82%8C%E3%82%93" dan="14,15,15,13" rate="1898,1960,1983,1820" sx="M,M,M,F"/><TAIKYOKU oya="0"/><INIT seed="0,0,0,5,1,52" ten="250,250,250,250" oya="0" hai0="126,19,129,58,122,11,118,25,123,92,56,65,60" hai1="62,75,6,2,120,84,27,130,79,39,22,128,94" hai2="0,7,77,88,83,71,115,3,104,87,61,73,80" hai3="28,97,81,107,119,36,114,18,105,33,93,35,110"/><T72/><D72/><U63/><E39/><V85/><F7/><W102/><G119/><T37/><D118/><U127/><E75/><V89/><F115/><W31/><G36/><T55/><D37/><U23/><E120/><V131/><F131/><W108/><G81/><T112/><D112/><U51/><E51/><V103/><F61/><W96/><G18/><T21/><D129/><N who="1" m="49771" /><E23/><V90/><F71/><W53/><G53/><T46/><D126/><U76/><E127/><V32/><F32/><W69/><G69/><T70/><D70/><U30/><E6/><V82/><F3/><W98/><G114/><T109/><D109/><U117/><E2/><V135/><F0/><W74/><G74/><T1/><D46/><U59/><E117/><V26/><F26/><W16/><G16/><T41/><D41/><U20/><E20/><V91/><F135/><W5/><G5/><T95/><D1/><U64/><E63/><V47/><F47/><W9/><G9/><T133/><D133/><U8/><E8/><V12/><F12/><W24/><G93/><N who="0" m="35915" /><D123/><U124/><E124/><V45/><F45/><W14/><G14/><T29/><D122/><U125/><E125/><V34/><F34/><W100/><REACH who="3" step="1"/><G96/><AGARI ba="0,0" hai="73,77,80,82,83,85,87,88,89,90,91,96,103,104" machi="96" ten="40,16000,3" yaku="9,1,35,6,54,1" doraHai="52" who="2" fromWho="3" sc="250,0,250,0,250,160,250,-160" /><INIT seed="1,0,0,0,5,83" ten="250,250,410,90" oya="1" hai0="32,4,75,25,85,44,74,55,125,79,33,2,50" hai1="53,130,47,114,126,86,89,115,82,99,6,28,1" hai2="34,48,60,122,14,69,129,135,118,45,102,19,37" hai3="66,127,119,61,0,95,65,70,9,67,108,59,20"/><U84/><E130/><V52/><F34/><W112/><G112/><T103/><D125/><U54/><E28/><V56/><F118/><W94/><G127/><T111/><D111/><U31/><E31/><V21/><F122/><W73/><G73/><T92/><D75/><U15/><E126/><V72/><F72/><W8/><G119/><T77/><D74/><U120/><E1/><V104/><F102/><W42/><G42/><T88/><D103/><U40/><E114/><V29/><F104/><W22/><G70/><T105/><D105/><U43/><E115/><V63/><F29/><W113/><G113/><T100/><D100/><U133/><E120/><V90/><F135/><W49/><G49/><T11/><REACH who="0" step="1"/><D25/><REACH who="0" ten="240,250,410,90" step="2"/><U16/><E133/><V87/><F129/><W27/><G108/><T57/><D57/><U36/><E6/><V62/><F69/><W10/><G0/><T123/><D123/><U117/><E117/><V109/><F109/><W64/><REACH who="3" step="1"/><G27/><REACH who="3" ten="240,250,410,80" step="2"/><T41/><D41/><U35/><E43/><V13/><F14/><W18/><G18/><T58/><D58/><U71/><E71/><V51/><F56/><W5/><G5/><T101/><D101/><U78/><E40/><V23/><F13/><W91/><G91/><T39/><D39/><U68/><E89/><V107/><F37/><W30/><G30/><T121/><D121/><U93/><E68/><V38/><F38/><W26/><G26/><T76/><AGARI ba="0,2" hai="2,4,11,32,33,44,50,55,76,77,79,85,88,92" machi="76" ten="30,7900,0" yaku="1,1,0,1,52,1,54,1,53,0" doraHai="83" doraHaiUra="128" who="0" fromWho="0" sc="240,99,250,-39,410,-20,80,-20" /><INIT seed="2,0,0,3,1,56" ten="339,211,390,60" oya="2" hai0="108,3,129,40,68,106,132,110,35,98,75,29,113" hai1="37,96,0,2,44,111,123,1,134,86,62,116,100" hai2="103,50,112,57,10,13,95,53,30,85,25,70,33" hai3="19,48,6,27,18,21,77,135,67,114,36,45,102"/><V55/><F70/><W91/><G135/><T126/><RYUUKYOKU type="yao9" ba="0,0" sc="339,0,211,0,390,0,60,0" hai0="3,29,35,40,68,75,98,106,108,110,113,126,129,132" /><INIT seed="2,1,0,0,3,72" ten="339,211,390,60" oya="2" hai0="116,51,117,54,36,119,86,112,76,30,61,79,62" hai1="20,16,22,87,132,105,25,81,38,17,89,64,91" hai2="14,92,32,21,59,18,113,63,48,84,131,26,1" hai3="45,19,124,33,40,107,80,6,74,93,69,43,2"/><V56/><F1/><W66/><G124/><T133/><D112/><U98/><E38/><V13/><F113/><W106/><G93/><T120/><D36/><U108/><E132/><V12/><F131/><W97/><G19/><T127/><D120/><U110/><E64/><V71/><F32/><W52/><G40/><T75/><D133/><U118/><E118/><V82/><F92/><W121/><G121/><T55/><D75/><U10/><E10/><V60/><F71/><W46/><G52/><N who="0" m="20011" /><D30/><U104/><E98/><V109/><F109/><N who="1" m="42089" /><E91/><V114/><F114/><W5/><G46/><T23/><D23/><U65/><E65/><V70/><F70/><W53/><G53/><T57/><D86/><U134/><E134/><V58/><REACH who="2" step="1"/><F48/><REACH who="2" ten="339,211,380,60" step="2"/><W68/><G68/><T11/><D51/><U94/><E94/><V37/><F37/><N who="3" m="21743" /><G6/><T123/><D123/><U3/><E3/><V103/><F103/><W28/><G97/><T47/><D47/><U135/><E135/><V9/><F9/><N who="3" m="2231" /><G33/><T122/><D122/><U39/><E39/><V35/><F35/><W34/><G69/><T42/><D42/><U78/><E89/><AGARI ba="1,1" hai="12,13,14,18,21,26,56,58,59,60,63,82,84,89" machi="89" ten="40,3900,0" yaku="1,1,8,1,53,0" doraHai="72" doraHaiUra="4" who="2" fromWho="1" sc="339,0,211,-42,380,52,60,0" /><INIT seed="2,2,0,4,4,88" ten="339,169,432,60" oya="2" hai0="85,68,64,34,36,45,118,39,79,99,59,46,1" hai1="115,125,57,26,44,131,13,109,53,107,102,92,15" hai2="133,37,18,56,89,104,112,41,42,10,106,32,83" hai3="61,24,27,62,105,116,117,119,23,135,72,38,11"/><V94/><F32/><W100/><G38/><T81/><D34/><U77/><E115/><V6/><F112/><W29/><G72/><T50/><D1/><U111/><E107/><V108/><F106/><W129/><G129/><T124/><D124/><U7/><E131/><V58/><F104/><W113/><G113/><T2/><D118/><U122/><E122/><V84/><F133/><W86/><G86/><T48/><D2/><U31/><E44/><V75/><F108/><N who="1" m="41545" /><E77/><V134/><F134/><W80/><G80/><T54/><D46/><U123/><E123/><V78/><F18/><W30/><G11/><T20/><D20/><N who="1" m="15815" /><E7/><V91/><F41/><W43/><G43/><T40/><D68/><U127/><E15/><V74/><F74/><W132/><G132/><T65/><D39/><U66/><E66/><V47/><F89/><W96/><REACH who="3" step="1"/><G135/><REACH who="3" ten="339,169,432,50" step="2"/><T82/><D36/><U97/><E13/><AGARI ba="2,1" hai="6,10,13,37,42,47,56,58,75,78,83,84,91,94" machi="13" ten="30,2900,0" yaku="7,1,52,1" doraHai="88" who="2" fromWho="1" sc="339,0,169,-35,432,45,50,0" /><INIT seed="2,3,0,1,4,22" ten="339,134,477,50" oya="2" hai0="63,89,116,125,107,10,48,95,65,24,55,6,71" hai1="84,101,110,98,50,34,74,79,75,52,124,104,17" hai2="85,11,53,66,130,36,61,58,87,122,133,68,16" hai3="26,8,1,97,42,105,7,117,33,18,91,100,112"/><V121/><F36/><W59/><G117/><T9/><D125/><U94/><E124/><V27/><F130/><W35/><G112/><T128/><D128/><U38/><E38/><V83/><F87/><W127/><G127/><T111/><D111/><U40/><E40/><V69/><F69/><W93/><G42/><T119/><D107/><U135/><E110/><V44/><F44/><W92/><G59/><T129/><D129/><U90/><E135/><V51/><F133/><W102/><G105/><T77/><D77/><U32/><E17/><V106/><F106/><W109/><G109/><T103/><D103/><U67/><E67/><V2/><F2/><W29/><G18/><T108/><D108/><U132/><E132/><V72/><F72/><W28/><REACH who="3" step="1"/><G92/><REACH who="3" ten="339,134,477,40" step="2"/><T31/><D119/><U4/><E4/><V73/><F68/><W20/><G20/><T62/><D116/><U14/><E75/><V82/><F73/><W12/><G12/><T118/><D118/><U123/><E14/><V15/><F121/><W57/><G57/><T0/><D71/><U43/><E43/><V86/><F122/><W131/><G131/><T64/><D9/><U99/><E123/><V5/><F83/><W30/><G30/><T41/><D41/><U46/><E99/><V114/><F114/><W76/><G76/><T126/><D126/><U88/><E90/><V96/><F96/><W54/><G54/><T56/><D89/><U21/><E21/><N who="2" m="13735" /><F82/><AGARI ba="3,1" hai="32,34,46,50,52,74,79,82,84,88,94,98,101,104" machi="82" ten="40,8000,1" yaku="24,2,54,2" doraHai="22" who="1" fromWho="2" sc="339,0,134,99,477,-89,40,0" /><INIT seed="3,0,0,0,5,3" ten="339,233,388,40" oya="3" hai0="51,121,57,75,35,72,125,65,64,10,42,31,71" hai1="123,5,97,15,41,99,90,56,126,93,16,101,49" hai2="134,68,86,108,127,98,8,62,38,80,102,131,23" hai3="100,79,2,84,46,33,1,9,4,70,89,81,24"/><W116/><G116/><T122/><D31/><U44/><E123/><V133/><F62/><W58/><G70/><T83/><D35/><U39/><E126/><V47/><F23/><W22/><G100/><T50/><D10/><U54/><E5/><V117/><F47/><W129/><G129/><T20/><D20/><U103/><REACH who="1" step="1"/><E99/><REACH who="1" ten="339,223,388,40" step="2"/><V95/><F98/><W12/><G33/><T66/><D125/><U32/><E32/><V104/><F127/><W135/><G135/><T0/><D122/><U109/><E109/><V40/><F108/><W67/><G46/><T37/><D121/><U118/><E118/><V113/><F117/><W29/><G79/><T120/><D120/><U11/><AGARI ba="0,1" hai="11,15,16,39,41,44,49,54,56,90,93,97,101,103" machi="11" ten="20,8000,1" yaku="1,1,0,1,7,1,54,1,53,1" doraHai="3" doraHaiUra="85" who="1" fromWho="1" sc="339,-20,223,90,388,-20,40,-40" /><INIT seed="4,0,0,0,0,4" ten="319,313,368,0" oya="0" hai0="10,64,122,33,128,1,79,24,26,106,109,103,104" hai1="74,91,95,88,119,84,90,114,127,32,108,15,71" hai2="73,18,129,82,115,81,20,37,70,111,112,89,44" hai3="107,21,54,68,43,7,63,130,85,14,31,40,0"/><T124/><D122/><U96/><E71/><V23/><F70/><W134/><G107/><T80/><D128/><U50/><E32/><V94/><F111/><W36/><G0/><T12/><D124/><U28/><E127/><V67/><F67/><W78/><G134/><T46/><D109/><U16/><E108/><V83/><F73/><W17/><G130/><T9/><D1/><U87/><E119/><V99/><F129/><W123/><G123/><T38/><D38/><U93/><E74/><V11/><F37/><W3/><G3/><T49/><D64/><U132/><E132/><V58/><F58/><N who="3" m="35287" /><G36/><T2/><D2/><U6/><E114/><N who="2" m="43563" /><F44/><W57/><G68/><T48/><D12/><AGARI ba="0,0" hai="11,12,18,20,23,81,82,83,89,94,99" m="43563" machi="12" ten="30,2000,0" yaku="15,1,52,1" doraHai="4" who="2" fromWho="0" sc="319,-20,313,0,368,20,0,0" /><INIT seed="5,0,0,3,4,104" ten="299,313,388,0" oya="1" hai0="79,35,1,63,134,43,36,59,109,90,86,135,58" hai1="30,12,40,11,112,49,114,7,54,44,74,56,82" hai2="108,80,120,133,48,9,31,24,39,118,95,85,123" hai3="29,129,83,27,23,105,28,75,115,127,60,107,45"/><U64/><E30/><V125/><F39/><W33/><G129/><T22/><D35/><U101/><E101/><V132/><F95/><W61/><G127/><T52/><D1/><U97/><E97/><V26/><F26/><W81/><G45/><T84/><D22/><U47/><E47/><V100/><F100/><W106/><G115/><T70/><D79/><U41/><E64/><V128/><F118/><W77/><G83/><T5/><D5/><U87/><E74/><V14/><F108/><W94/><G94/><T25/><D25/><U15/><E15/><V50/><F125/><W130/><G130/><T98/><D98/><U37/><REACH who="1" step="1"/><E41/><REACH who="1" ten="299,303,388,0" step="2"/><V51/><F128/><W69/><G69/><T103/><D103/><U18/><E18/><V124/><F124/><W34/><G23/><T10/><D70/><U67/><E67/><V121/><F31/><W111/><G111/><T38/><D43/><U92/><E92/><V113/><F24/><AGARI ba="0,1" hai="24,27,28,29,33,34,60,61,75,77,81,105,106,107" machi="24" ten="40,2600,0" yaku="9,1,52,1" doraHai="104" who="3" fromWho="2" sc="299,0,303,0,388,-26,0,36" /><INIT seed="6,0,0,3,2,79" ten="299,303,362,36" oya="2" hai0="19,36,26,80,104,37,29,64,77,13,18,5,8" hai1="75,32,51,14,74,11,71,76,12,91,92,115,109" hai2="20,122,114,23,52,110,24,82,61,16,117,42,133" hai3="128,54,129,78,84,83,7,124,118,73,31,121,15"/><V58/><F122/><W38/><G38/><T119/><D104/><U27/><E71/><V86/><F117/><W131/><G121/><T45/><D119/><U17/><E109/><V99/><F110/><W0/><G118/><T40/><D64/><U43/><E115/><V97/><F114/><W49/><G31/><T81/><D37/><U130/><E130/><N who="3" m="33282" /><W68/><DORA hai="57" /><G68/><T33/><REACH who="0" step="1"/><D81/><REACH who="0" ten="289,303,362,36" step="2"/><U96/><E74/><AGARI ba="0,1" hai="5,8,13,18,19,26,29,33,36,40,45,74,77,80" machi="74" ten="30,12000,2" yaku="1,1,2,1,7,1,52,1,53,2" doraHai="79,57" doraHaiUra="69,41" who="0" fromWho="1" sc="289,130,303,-120,362,0,36,0" /><INIT seed="7,0,0,3,5,124" ten="419,183,362,36" oya="3" hai0="90,117,17,49,116,35,66,63,99,5,83,50,61" hai1="45,134,81,78,60,44,70,28,7,16,129,39,71" hai2="27,112,79,67,65,101,25,13,29,105,33,130,55" hai3="96,48,54,91,15,59,20,114,62,94,14,110,23"/><W111/><G114/><T19/><D5/><U135/><E28/><V113/><F79/><W126/><G126/><T11/><D35/><U102/><E102/><V100/><F13/><W36/><G36/><T132/><D132/><U95/><E95/><V93/><F93/><W74/><G74/><T104/><D104/><U43/><E45/><V52/><F29/><W98/><G98/><T3/><D3/><U109/><E109/><N who="3" m="41482" /><G48/><T106/><D106/><U22/><E7/><V69/><F105/><W84/><G84/><T40/><D99/><U32/><E32/><V21/><F33/><W120/><G120/><T103/><D103/><U1/><E1/><V38/><F38/><W86/><G86/><T107/><D107/><U77/><E77/><V47/><F47/><W85/><G85/><T125/><D125/><U46/><E46/><V80/><F69/><W92/><G92/><T133/><D133/><N who="1" m="50699" /><E60/><V56/><F80/><W82/><G82/><T88/><D83/><U73/><E129/><V123/><F123/><W34/><G34/><T75/><D75/><U128/><E128/><V72/><F72/><W64/><G64/><T18/><D66/><U118/><E118/><V2/><F2/><W42/><G42/><T89/><D117/><U76/><E76/><V30/><F30/><W51/><G62/><N who="0" m="23563" /><D116/><U122/><E122/><V87/><F87/><W58/><G59/><T12/><D40/><U4/><E4/><V6/><F6/><W8/><G14/><AGARI ba="0,0" hai="14,16,22,39,43,44,70,71,73,78,81" m="50699" machi="14" ten="30,2000,0" yaku="20,1,54,1" doraHai="124" who="1" fromWho="3" sc="419,0,183,20,362,0,36,-20" owari="419,52.0,203,-20.0,362,16.0,16,-48.0" /></mjloggm>