<mjloggm ver="2.3"><GO type="41"/><UN n0="%E3%81%88%E3%82%82%E3%82%93" n1="%E3%83%8A%E3%83%B3%E3%83%90%E3%83%BC%EF%BC%98" n2="%EF%BC%88%E2%89%A7%E2%96%BD%E2%89%A6%EF%BC%89" n3="%42%6C%75%65%54%61%73%75" dan="13,14,15,14" rate="1884,1984,1994,1867" sx="M,M,M,M"/><TAIKYOKU oya="0"/><INIT seed="0,0,0,1,0,46" ten="250,250,250,250" oya="0" hai0="80,27,50,114,15,84,7,6,29,121,40,41,22" hai1="124,118,113,9,23,115,28,85,43,120,19,42,11" hai2="55,30,73,0,72,109,61,69,49,106,63,60,110" hai3="21,48,92,95,18,79,70,56,53,47,66,102,96"/><T81/><D121/><U34/><E120/><V37/><F0/><W74/><G70/><T93/><D114/><N who="1" m="43531" /><E124/><V112/><F106/><W1/><G1/><T4/><D93/><U94/><E34/><V26/><F112/><W45/><G92/><T54/><D15/><N who="1" m="9727" /><E28/><V82/><F37/><W127/><G127/><T71/><D71/><U105/><E105/><V3/><F3/><W107/><G107/><T10/><D10/><N who="1" m="3595" /><E118/><V104/><F104/><W99/><G74/><T31/><D31/><U5/><E5/><V76/><F69/><W101/><G79/><N who="0" m="46111" /><D81/><U12/><E12/><V126/><F126/><W68/><G68/><T134/><D134/><U64/><E64/><V83/><F83/><W77/><G77/><T90/><D90/><AGARI ba="0,0" hai="42,43,85,90,94" m="3595,9727,43531" machi="90" ten="30,1000,0" yaku="11,1" doraHai="46" who="1" fromWho="0" sc="250,-10,250,10,250,0,250,0" /><INIT seed="1,0,0,0,2,54" ten="240,260,250,250" oya="1" hai0="96,49,31,12,97,40,28,82,57,124,135,10,110" hai1="132,18,24,105,43,89,33,52,63,118,102,75,59" hai2="21,127,116,8,41,80,51,129,106,22,44,134,39" hai3="34,121,69,62,122,94,81,0,36,109,26,60,46"/><U95/><E118/><V84/><F116/><W14/><G0/><T5/><D110/><U16/><E75/><V113/><F134/><W91/><G109/><T119/><D135/><U93/><E105/><V77/><F127/><W55/><G81/><T74/><D124/><U50/><E102/><V27/><F106/><W3/><G3/><T4/><D4/><U92/><E33/><V123/><F123/><W104/><G104/><T38/><D38/><U1/><E1/><V19/><F129/><W58/><G14/><T72/><D119/><U126/><E126/><V47/><F113/><W45/><G46/><T108/><D74/><U100/><E100/><V83/><F83/><W70/><G69/><T76/><D108/><U71/><E71/><V30/><F8/><W131/><G131/><T120/><D120/><U7/><E7/><V79/><F79/><W61/><G62/><T20/><D20/><N who="1" m="13319" /><E18/><V73/><F73/><W25/><G34/><T115/><D115/><U6/><E6/><V111/><F111/><W112/><G112/><T128/><D128/><U117/><E117/><V90/><F19/><W2/><G2/><T13/><D13/><U86/><E132/><V23/><REACH who="2" step="1"/><F77/><REACH who="2" ten="240,260,240,250" step="2"/><W15/><G121/><T35/><D35/><U53/><E43/><AGARI ba="0,1" hai="21,22,23,27,30,39,41,43,44,47,51,80,84,90" machi="43" ten="30,3900,0" yaku="1,1,2,1,7,1,53,0" doraHai="54" doraHaiUra="67" who="2" fromWho="1" sc="240,0,260,-39,240,49,250,0" /><INIT seed="2,0,0,3,3,97" ten="240,221,289,250" oya="2" hai0="111,68,51,12,121,80,56,110,64,118,127,74,54" hai1="133,21,66,123,16,55,3,5,63,91,134,48,76" hai2="122,79,35,7,92,15,90,120,85,72,132,89,52" hai3="38,77,114,20,36,46,19,125,37,14,86,6,88"/><V95/><F35/><W11/><G125/><T116/><D74/><U30/><E123/><V2/><F2/><W98/><G114/><T129/><D80/><U1/><E30/><V87/><F132/><N who="1" m="50793" /><E76/><V39/><F39/><W42/><G98/><T33/><D33/><U17/><E91/><V104/><F104/><W34/><G34/><T29/><D29/><U50/><E5/><V81/><REACH who="2" step="1"/><F52/><REACH who="2" ten="240,221,279,250" step="2"/><W65/><G65/><T126/><D121/><U9/><E55/><V83/><F83/><W49/><G37/><T94/><D94/><U58/><E3/><V84/><F84/><W62/><G77/><T71/><D129/><U115/><E1/><V73/><F73/><W93/><REACH who="3" step="1"/><G62/><REACH who="3" ten="240,221,279,240" step="2"/><N who="0" m="39959" /><D71/><U40/><E63/><V103/><F103/><W22/><G22/><T130/><D130/><U32/><E21/><V75/><F75/><W70/><G70/><T113/><D113/><U13/><E115/><V4/><F4/><W105/><G105/><T26/><D126/><U25/><E32/><V57/><F57/><W8/><G8/><AGARI ba="0,2" hai="7,8,15,72,79,81,85,87,89,90,92,95,120,122" machi="8" ten="40,3900,0" yaku="1,1,9,1,53,0" doraHai="97" doraHaiUra="135" who="2" fromWho="3" sc="240,0,221,0,279,59,240,-39" /><INIT seed="2,1,0,4,2,9" ten="240,221,338,201" oya="2" hai0="7,91,68,60,15,32,126,116,99,75,93,86,121" hai1="14,59,5,73,123,12,17,57,135,109,69,19,125" hai2="90,104,79,3,120,100,130,128,118,56,80,110,134" hai3="112,84,18,108,35,43,111,61,83,95,70,0,8"/><V21/><F3/><W4/><G35/><T2/><D2/><U13/><E73/><N who="2" m="43119" /><F120/><W41/><G95/><T101/><D32/><U74/><E74/><V127/><F118/><W133/><G18/><T72/><D60/><U31/><E69/><V30/><F56/><W20/><G20/><T65/><D65/><U45/><E123/><V48/><F48/><W105/><G105/><T63/><D63/><U50/><E5/><V119/><F119/><W33/><G33/><T40/><D68/><U67/><E31/><V96/><F30/><W77/><G133/><T49/><D121/><U124/><E135/><V58/><F58/><N who="1" m="22025" /><E67/><V113/><F21/><W103/><G103/><T22/><D116/><U66/><E66/><V117/><F117/><W6/><G61/><T94/><D75/><U51/><E109/><N who="3" m="42058" /><G70/><T1/><D1/><U129/><E129/><N who="2" m="49771" /><F110/><W47/><G4/><T131/><D131/><U25/><E25/><V54/><F134/><W46/><G112/><T132/><D72/><U62/><E62/><V24/><F113/><W11/><G8/><T28/><D132/><U102/><E102/><V29/><F100/><W114/><G114/><T106/><D28/><U82/><E82/><V88/><F29/><W81/><G83/><T71/><D71/><U52/><E50/><V98/><F104/><W53/><G53/><T44/><D106/><U92/><E92/><N who="2" m="56327" /><F54/><W36/><G36/><T23/><D23/><U115/><E115/><V89/><F24/><W27/><G27/><T97/><D22/><U107/><E107/><V78/><F89/><W26/><G26/><RYUUKYOKU ba="1,0" sc="240,-15,221,15,338,-15,201,15" hai1="12,13,14,17,19,45,51,52,124,125" hai3="0,6,11,41,43,46,47,77,81,84" /><INIT seed="3,2,0,3,4,6" ten="225,236,323,216" oya="3" hai0="96,113,59,24,104,77,21,1,73,88,7,48,9" hai1="51,25,10,114,118,60,49,133,70,83,105,91,131" hai2="46,55,98,80,42,86,78,120,23,122,127,62,103" hai3="130,47,93,85,68,29,135,100,33,112,123,75,119"/><W95/><G123/><N who="2" m="47145" /><F127/><W4/><G68/><T72/><D104/><U26/><E114/><V53/><F23/><W39/><G119/><T44/><D59/><U37/><E37/><N who="2" m="21839" /><F62/><W111/><G112/><T64/><D64/><U94/><E118/><V14/><F14/><W109/><G75/><T108/><D108/><N who="3" m="41545" /><G135/><T0/><D0/><U13/><E133/><V67/><F67/><W12/><G100/><T116/><D116/><U34/><E105/><AGARI ba="2,0" hai="53,55,78,80,86,98,103,105" m="21839,47145" machi="105" ten="30,1000,0" yaku="13,1" doraHai="6" who="2" fromWho="1" sc="225,0,236,-16,323,16,216,0" /><INIT seed="4,0,0,5,1,58" ten="225,220,339,216" oya="0" hai0="133,6,114,111,36,134,116,101,77,23,9,59,126" hai1="70,102,11,131,44,46,48,72,100,118,110,89,112" hai2="78,71,53,17,73,61,51,91,4,82,28,10,124" hai3="104,32,16,56,12,119,52,45,109,19,35,97,31"/><T76/><D36/><U90/><E72/><V99/><F124/><W74/><G109/><T115/><D116/><U105/><E110/><V1/><F28/><W92/><G74/><T22/><D111/><U0/><E118/><V29/><F29/><W20/><G119/><T117/><D117/><U38/><E70/><V66/><F17/><W122/><G104/><T7/><D59/><U79/><E79/><N who="0" m="30281" /><D101/><U75/><E75/><V80/><F80/><W57/><G35/><T65/><D9/><U63/><E38/><V83/><F83/><W96/><G32/><T3/><D3/><U85/><E85/><V42/><F42/><W39/><G39/><T130/><D65/><U67/><E67/><V14/><F1/><W64/><G31/><T60/><D60/><U120/><E11/><V24/><F24/><N who="3" m="14343" /><G64/><T37/><D37/><U5/><E0/><V98/><REACH who="2" step="1"/><F91/><REACH who="2" ten="225,220,329,216" step="2"/><W121/><G19/><T88/><D88/><U26/><E90/><V128/><F128/><W27/><G12/><T30/><D30/><U95/><E89/><V62/><F62/><W125/><G125/><T93/><D126/><U47/><E131/><V132/><F132/><N who="0" m="50794" /><D130/><U86/><E63/><V127/><F127/><W113/><G27/><T87/><D87/><U68/><E86/><V13/><F13/><W18/><G18/><T50/><D93/><U103/><E95/><V21/><F21/><N who="0" m="7690" /><D50/><U94/><E48/><V25/><F25/><W81/><G92/><T106/><D106/><U123/><E94/><V54/><F54/><W55/><G55/><T15/><D15/><U40/><E105/><RYUUKYOKU ba="0,1" sc="225,15,220,-15,329,15,216,-15" hai0="6,7,114,115" hai2="4,10,14,51,53,61,66,71,73,78,82,98,99" /><INIT seed="4,1,1,0,3,123" ten="240,205,344,201" oya="0" hai0="19,6,100,26,57,47,118,95,70,133,97,110,52" hai1="18,120,98,89,82,107,23,75,16,20,51,114,109" hai2="10,81,28,12,63,1,67,7,69,71,2,99,21" hai3="108,33,27,53,134,80,31,62,15,64,131,132,128"/><T4/><D70/><U35/><E35/><V25/><F71/><N who="3" m="42391" /><G53/><T104/><D118/><U83/><E120/><V127/><F127/><W105/><G15/><T55/><D133/><N who="3" m="51305" /><G80/><T87/><D110/><U54/><E109/><V121/><F121/><W122/><G122/><T3/><D47/><N who="1" m="28031" /><E75/><V117/><F117/><W106/><G108/><T96/><D87/><U92/><E107/><AGARI ba="1,1" hai="27,31,33,105,106,107,128,131" m="51305,42391" machi="107" ten="30,2000,0" yaku="20,1,23,1" doraHai="123" who="3" fromWho="1" sc="240,0,205,-23,344,0,201,33" /><INIT seed="5,0,0,4,4,130" ten="240,182,344,234" oya="1" hai0="35,24,50,6,64,75,98,129,113,34,11,21,15" hai1="60,16,125,3,10,46,93,26,54,0,69,52,124" hai2="45,9,56,55,121,116,33,88,27,97,66,2,115" hai3="127,95,29,17,100,40,57,43,22,83,39,49,63"/><U99/><E54/><V61/><F121/><W7/><G127/><N who="1" m="48714" /><E69/><V4/><F116/><W23/><G39/><T68/><D129/><U12/><E26/><V80/><F115/><W79/><G7/><T123/><D75/><U103/><E46/><V114/><F114/><W32/><G32/><T109/><D109/><U59/><AGARI ba="0,0" hai="0,3,10,12,16,52,59,60,93,99,103" m="48714" machi="59" ten="30,6000,0" yaku="18,1,54,2" doraHai="130" who="1" fromWho="1" sc="240,-20,182,60,344,-20,234,-20" /><INIT seed="5,1,0,2,0,107" ten="220,242,324,214" oya="1" hai0="23,19,46,103,93,82,118,65,35,125,17,64,119" hai1="71,117,33,0,83,4,31,50,101,98,75,130,56" hai2="105,26,132,20,22,11,110,48,6,53,47,73,12" hai3="14,102,97,100,80,34,10,38,57,70,127,27,24"/><U29/><E117/><V69/><F110/><W86/><G70/><T8/><D35/><U58/><E71/><V133/><F105/><W92/><G38/><T21/><D8/><U9/><E130/><V7/><F69/><W39/><G39/><T41/><D82/><U126/><E126/><V111/><F111/><W77/><G127/><T3/><D3/><U59/><E33/><V122/><F122/><W43/><G43/><T123/><D123/><U30/><E50/><V74/><F6/><W76/><G57/><T62/><D125/><U15/><E0/><V1/><F1/><W32/><G34/><T78/><D78/><U16/><E4/><V84/><F84/><W51/><G51/><T68/><D103/><U115/><E115/><V91/><F91/><N who="3" m="51655" /><G32/><T54/><D54/><U44/><E44/><V66/><F66/><W108/><G108/><T89/><D65/><U2/><E2/><V94/><F94/><W5/><G102/><T128/><D128/><U55/><E55/><V134/><F22/><W52/><G52/><T49/><D19/><AGARI ba="1,0" hai="7,11,12,19,20,26,47,48,53,73,74,132,133,134" machi="19" ten="40,5200,0" yaku="20,1,52,2" doraHai="107" who="2" fromWho="0" sc="220,-55,242,0,324,55,214,0" /><INIT seed="6,0,0,0,5,23" ten="165,242,379,214" oya="2" hai0="30,49,22,6,103,31,101,27,2,86,61,56,1" hai1="58,78,73,46,84,124,13,92,16,32,126,20,127" hai2="54,121,130,128,110,67,68,60,77,117,111,123,42" hai3="88,113,106,100,82,108,40,69,41,109,74,95,89"/><V72/><F72/><W9/><G69/><T36/><D36/><U119/><E32/><V39/><F77/><W33/><G33/><T19/><D49/><U29/><E119/><V94/><F94/><W59/><G59/><T17/><D2/><U80/><E46/><N who="2" m="23903" /><F54/><W7/><G113/><T66/><D6/><U35/><E58/><V118/><F118/><W135/><G135/><T8/><D8/><U87/><E92/><V107/><F107/><W105/><G100/><T14/><D1/><U85/><E73/><V104/><F104/><W4/><G95/><T45/><D45/><U28/><E28/><V15/><F15/><W134/><G74/><T65/><D65/><U79/><E78/><V57/><F57/><W76/><G76/><T51/><D51/><U34/><E34/><V114/><F114/><W64/><G134/><T122/><D122/><N who="2" m="46602" /><F117/><W93/><G93/><T91/><D17/><U44/><E44/><V5/><F5/><W38/><G38/><T99/><D99/><U115/><E115/><V120/><F120/><W132/><G132/><T62/><D62/><U75/><E75/><V0/><F0/><W70/><G9/><T102/><REACH who="0" step="1"/><D14/><REACH who="0" ten="155,242,379,214" step="2"/><U18/><E18/><V116/><F116/><W71/><G64/><T50/><D50/><U96/><E96/><V83/><F67/><W3/><REACH who="3" step="1"/><G3/><REACH who="3" ten="155,242,379,204" step="2"/><T48/><D48/><U81/><E79/><V26/><F60/><W21/><G21/><T47/><D47/><U55/><E55/><V24/><F68/><W43/><G43/><T131/><D131/><U12/><E12/><V37/><F130/><RYUUKYOKU ba="0,2" sc="155,10,242,10,379,-30,204,10" hai0="19,22,27,30,31,56,61,66,86,91,101,102,103" hai1="13,16,20,29,35,80,81,84,85,87,124,126,127" hai3="4,7,40,41,70,71,82,88,89,105,106,108,109" /><INIT seed="7,1,2,4,0,120" ten="165,252,349,214" oya="3" hai0="123,35,90,27,59,85,41,108,84,13,110,25,128" hai1="78,26,134,89,127,92,70,126,64,81,77,132,135" hai2="48,8,93,36,102,129,5,4,83,131,75,87,73" hai3="109,40,52,119,69,56,122,94,111,96,80,30,98"/><W104/><G69/><T2/><D41/><U46/><E46/><V65/><F36/><W55/><G122/><T3/><D35/><U19/><E64/><V88/><F65/><W17/><G119/><T47/><D123/><U12/><E26/><N who="0" m="9737" /><D90/><U49/><E70/><V42/><F42/><W116/><G116/><T76/><D76/><N who="1" m="29291" /><E81/><V99/><F48/><N who="3" m="30727" /><G80/><T50/><D59/><U121/><E49/><V53/><F53/><W7/><G40/><T67/><D50/><U45/><E45/><V9/><F9/><W58/><G7/><N who="2" m="2633" /><F8/><W103/><G30/><T20/><D67/><U113/><E113/><V133/><F133/><W29/><G29/><T97/><D47/><U63/><E63/><V74/><F74/><W101/><G17/><T32/><D32/><U115/><E115/><V82/><F73/><W107/><G94/><T91/><D91/><U16/><E19/><V79/><F75/><W18/><G18/><N who="0" m="10319" /><D97/><N who="1" m="57487" /><E121/><V43/><F43/><W125/><G104/><T60/><D60/><U100/><E100/><N who="3" m="38474" /><G107/><T11/><D11/><AGARI ba="1,2" hai="11,12,16,126,127,132,134,135" m="57487,29291" machi="11" ten="40,2600,0" yaku="20,1,54,1" doraHai="120" who="1" fromWho="0" sc="165,-29,252,49,349,0,214,0" owari="136,-36.0,301,10.0,349,45.0,214,-19.0" /></mjloggm>