<mjloggm ver="2.3"><GO type="41"/><UN n0="%E3%83%94%E3%83%B3%E3%82%AF%E3%83%9E%E3%83%95%E3%83%A9%E3%83%BC" n1="%E3%82%A6%E3%83%AB%E3%83%88%E3%83%A9%E7%AB%8B%E7%9B%B4" n2="%6D%61%63%61%6C%6C%61%6E" n3="%E6%9D%8E%E5%8D%83%E9%AB%AA" dan="14,15,14,13" rate="1869,2013,2012,1850" sx="M,M,M,M"/><TAIKYOKU oya="0"/><INIT seed="0,0,0,4,4,12" ten="250,250,250,250" oya="0" hai0="73,81,25,52,14,135,90,75,59,6,112,97,50" hai1="119,64,103,7,29,41,104,42,88,134,69,13,118" hai2="128,67,120,123,113,28,63,48,22,121,35,47,80" hai3="23,38,108,34,19,131,91,105,84,4,114,56,40"/><T39/><D112/><U129/><E103/><V133/><F113/><W16/><G114/><T26/><D135/><U116/><E104/><V98/><F133/><W21/><G34/><T53/><D39/><U102/><E102/><V94/><F35/><W72/><G72/><T132/><D132/><U8/><E134/><V100/><F80/><W18/><G105/><T110/><D110/><U107/><E107/><V70/><F128/><W33/><G33/><T62/><D73/><U93/><E29/><V68/><F68/><W46/><G4/><T5/><D75/><U79/><E79/><V9/><F9/><W74/><G74/><T83/><D14/><U124/><E129/><V55/><F123/><W61/><G131/><T57/><D97/><U78/><E78/><V37/><F37/><W71/><G71/><T76/><D76/><U111/><E111/><V122/><F122/><W109/><G23/><T106/><D106/><U101/><E101/><V87/><F87/><W24/><G108/><T51/><REACH who="0" step="1"/><D62/><REACH who="0" ten="240,250,250,250" step="2"/><U65/><E119/><V117/><F117/><W125/><G109/><T32/><D32/><U36/><E118/><V20/><F121/><W92/><G125/><T3/><D3/><U60/><E116/><V96/><F120/><W130/><G130/><T86/><D86/><U126/><E36/><V127/><F127/><N who="1" m="48681" /><E64/><AGARI ba="0,1" hai="16,18,19,21,24,38,40,46,56,61,64,84,91,92" machi="64" ten="30,8000,1" yaku="7,1,52,3,54,1" doraHai="12" who="3" fromWho="1" sc="240,0,250,-80,250,0,250,90" /><INIT seed="1,0,0,2,1,66" ten="240,170,250,340" oya="1" hai0="7,11,34,29,85,89,26,12,122,114,61,22,27" hai1="35,52,106,101,16,118,59,65,124,126,62,14,71" hai2="102,131,115,94,120,96,30,2,31,98,6,134,50" hai3="41,38,90,55,78,113,99,64,123,72,95,13,19"/><U60/><E35/><V44/><F120/><W24/><G123/><T1/><D122/><U93/><E106/><V91/><F6/><W107/><G107/><T130/><D114/><U20/><E118/><V21/><F2/><W97/><G24/><T125/><D130/><U10/><E101/><V110/><F131/><W47/><G64/><T74/><D125/><U88/><REACH who="1" step="1"/><E10/><REACH who="1" ten="240,160,250,340" step="2"/><V112/><F134/><W43/><G113/><T54/><D11/><U104/><E104/><V108/><F21/><W117/><G117/><T56/><D34/><U121/><E121/><V87/><F112/><W67/><G99/><AGARI ba="0,1" hai="14,16,20,52,59,60,62,65,71,88,93,99,124,126" machi="99" ten="40,12000,1" yaku="1,1,52,1,54,3,53,0" doraHai="66" doraHaiUra="32" who="1" fromWho="3" sc="240,0,160,130,250,0,340,-120" /><INIT seed="1,1,0,2,3,13" ten="240,290,250,220" oya="1" hai0="5,57,134,81,34,69,10,55,6,75,115,52,8" hai1="2,71,15,35,127,33,62,7,37,26,93,36,43" hai2="65,79,91,88,74,58,61,135,32,46,84,30,85" hai3="23,18,41,22,73,128,48,131,83,108,126,49,77"/><U122/><E93/><V44/><F135/><W120/><G120/><T70/><D115/><U125/><E15/><V40/><F74/><W56/><G108/><T1/><D134/><U27/><E122/><V50/><F79/><W118/><G118/><T54/><D34/><N who="1" m="12811" /><E43/><V78/><F32/><W106/><G106/><T20/><D20/><U25/><E62/><V89/><F30/><W96/><G23/><T123/><D123/><U60/><E60/><V87/><F78/><W45/><G96/><T103/><D103/><U64/><E64/><V101/><F101/><W14/><REACH who="3" step="1"/><G126/><REACH who="3" ten="240,290,250,210" step="2"/><N who="1" m="48138" /><E71/><V66/><F66/><W16/><G16/><T53/><D69/><U3/><E7/><V86/><F86/><W92/><G92/><T24/><D70/><U0/><AGARI ba="1,1" hai="0,2,3,25,26,27,36,37" m="48138,12811" machi="0" ten="50,9600,0" yaku="28,2,18,1" doraHai="13" who="1" fromWho="1" sc="240,-33,290,109,250,-33,210,-33" /><INIT seed="1,2,0,3,2,117" ten="207,399,217,177" oya="1" hai0="32,79,1,21,91,77,78,2,15,61,111,82,13" hai1="51,128,55,23,3,115,131,69,28,49,31,95,118" hai2="80,38,17,71,27,87,57,64,102,126,129,62,94" hai3="109,105,114,70,16,104,116,47,81,33,44,42,92"/><U68/><E3/><V119/><F38/><W107/><G114/><T11/><D111/><U26/><E118/><V35/><F119/><W83/><G116/><T135/><D135/><U85/><E115/><V120/><F126/><W24/><G70/><T25/><D32/><U96/><E85/><V0/><F0/><W88/><G109/><T110/><D110/><U73/><E73/><V48/><F129/><N who="1" m="49737" /><E31/><V36/><F36/><W101/><G101/><T134/><D134/><U53/><E51/><V127/><F127/><W39/><G47/><T67/><D91/><U45/><E55/><V14/><F71/><W89/><G89/><AGARI ba="2,0" hai="23,26,28,45,49,53,68,69,89,95,96" m="49737" machi="89" ten="30,1500,0" yaku="19,1" doraHai="117" who="1" fromWho="3" sc="207,0,399,21,217,0,177,-21" /><INIT seed="1,3,0,0,0,18" ten="207,420,217,156" oya="1" hai0="64,93,1,119,82,27,117,24,0,59,42,96,26" hai1="72,8,113,105,47,41,99,78,125,79,32,126,97" hai2="95,69,121,19,104,63,135,34,92,94,2,70,127" hai3="109,13,131,86,60,67,90,14,15,129,106,37,89"/><U80/><E32/><V51/><F34/><W31/><G37/><T85/><D42/><U66/><E113/><V130/><F104/><W100/><G31/><T17/><D17/><U81/><E66/><V83/><F2/><W23/><G109/><T10/><D64/><U87/><E8/><V112/><F121/><W120/><G120/><T116/><D59/><U101/><E47/><V45/><F83/><W22/><G100/><T108/><D108/><U53/><E53/><V4/><F4/><W25/><G106/><T33/><D33/><U54/><E54/><V118/><F118/><W110/><G25/><T98/><D10/><U40/><E40/><V84/><F84/><W44/><G44/><T71/><D71/><U35/><E35/><V30/><F30/><W133/><G110/><T115/><D115/><U28/><E28/><V111/><F112/><W107/><G107/><T114/><D114/><U11/><E11/><V55/><F111/><W38/><G38/><T102/><REACH who="0" step="1"/><D98/><REACH who="0" ten="197,420,217,156" step="2"/><N who="1" m="61623" /><E41/><V73/><F70/><W128/><G133/><T9/><D9/><U65/><E65/><V7/><F135/><W74/><G67/><T5/><D5/><U123/><E123/><V6/><F7/><W62/><G131/><T52/><D52/><U77/><E99/><V20/><F130/><W56/><G129/><T16/><D16/><U3/><E97/><V36/><F6/><W49/><G56/><T48/><D48/><U43/><E43/><V39/><F36/><W50/><G128/><T57/><D57/><U21/><E3/><V103/><F39/><W12/><G50/><RYUUKYOKU ba="3,1" sc="197,30,420,-10,217,-10,156,-10" hai0="0,1,24,26,27,82,85,93,96,102,116,117,119" /><INIT seed="2,4,1,3,3,122" ten="227,410,207,146" oya="2" hai0="69,113,120,9,84,11,97,40,34,59,133,45,37" hai1="116,128,28,15,82,104,103,39,102,47,56,67,13" hai2="19,8,111,4,51,118,65,24,66,48,71,107,126" hai3="3,85,10,21,79,54,70,109,61,130,29,41,96"/><V35/><F107/><W76/><G109/><T81/><D120/><U87/><E116/><V63/><F118/><W36/><G130/><T0/><D113/><U88/><E128/><V27/><F126/><W46/><G96/><T112/><D112/><U132/><E132/><V38/><F38/><W129/><G129/><T95/><D133/><U106/><E106/><V101/><F101/><W32/><G32/><T52/><D69/><U23/><E39/><V17/><F35/><W92/><G29/><T110/><D110/><U33/><E33/><V26/><F111/><W124/><G124/><T135/><D34/><U68/><E68/><V98/><F98/><W78/><G21/><T14/><D135/><U44/><E104/><V16/><REACH who="2" step="1"/><F66/><REACH who="2" ten="227,410,197,146" step="2"/><W5/><G36/><T91/><D0/><AGARI ba="4,2" hai="0,4,8,16,17,19,24,26,27,48,51,63,65,71" machi="0" ten="40,18000,2" yaku="1,1,2,1,54,1,53,3" doraHai="122" doraHaiUra="20" who="2" fromWho="0" sc="227,-192,410,0,197,212,146,0" /><INIT seed="2,5,0,4,2,90" ten="35,410,409,146" oya="2" hai0="0,7,18,93,43,45,102,75,135,92,121,83,107" hai1="133,66,117,8,94,122,26,67,50,113,65,40,56" hai2="21,16,125,13,100,68,77,39,28,78,57,124,73" hai3="111,31,123,2,37,51,88,79,60,4,29,106,104"/><V15/><F39/><W27/><G37/><N who="0" m="21743" /><D121/><U105/><E105/><V110/><F68/><W36/><G36/><T97/><D135/><U114/><E117/><V58/><F73/><W23/><G123/><T6/><D18/><U22/><E122/><V128/><F128/><W91/><G79/><N who="0" m="44543" /><D6/><U120/><E120/><V3/><F3/><W19/><G60/><T115/><D115/><U34/><E34/><V131/><F131/><W85/><G106/><T118/><D118/><U14/><E133/><V52/><F100/><W12/><G104/><T35/><D35/><U55/><E40/><V44/><F44/><W82/><G111/><T130/><D130/><U20/><E114/><V63/><F28/><W86/><G51/><T81/><D81/><U11/><E113/><V38/><F38/><W101/><G101/><T32/><D32/><U71/><E71/><V53/><F110/><W70/><G70/><T116/><D116/><U69/><E69/><V59/><F59/><W127/><G127/><N who="2" m="48713" /><F15/><W76/><G12/><T80/><D80/><U24/><E14/><V64/><F64/><W87/><G31/><T42/><D42/><U126/><E126/><V30/><F30/><W95/><G29/><T99/><D99/><U33/><E33/><V108/><F108/><W61/><G4/><T132/><D132/><U119/><E66/><V48/><AGARI ba="5,0" hai="13,16,21,48,52,53,57,58,63,77,78" m="48713" machi="48" ten="30,6000,0" yaku="18,1,54,2" doraHai="90" who="2" fromWho="2" sc="35,-25,410,-25,409,75,146,-25" /><INIT seed="2,6,0,0,4,44" ten="10,385,484,121" oya="2" hai0="65,121,78,52,82,131,46,7,37,51,13,27,39" hai1="133,17,64,90,63,129,85,108,24,98,107,100,123" hai2="95,104,62,60,43,8,61,31,15,47,113,115,132" hai3="122,134,71,53,30,40,102,118,29,111,42,87,32"/><V16/><F104/><W79/><G118/><T96/><D121/><U72/><E17/><V54/><F132/><W112/><G122/><T18/><D131/><U10/><E123/><V91/><F31/><W9/><G71/><T74/><D65/><U19/><E129/><V57/><F113/><W120/><G120/><T69/><D69/><U3/><E133/><V99/><REACH who="2" step="1"/><F115/><REACH who="2" ten="10,385,474,121" step="2"/><W135/><G112/><T88/><D7/><U83/><E108/><V114/><F114/><W23/><G30/><T55/><D27/><U2/><E72/><V81/><F81/><W26/><G29/><T73/><D73/><U127/><E127/><V20/><F20/><W4/><G23/><T101/><D55/><U76/><E10/><V58/><F58/><W106/><G53/><T12/><D88/><U128/><E128/><V92/><F92/><W119/><G9/><T28/><D28/><U34/><E90/><V22/><F22/><W67/><G134/><T126/><D126/><U0/><E34/><V86/><F86/><W75/><G32/><T68/><D68/><U21/><E0/><V89/><F89/><W45/><G87/><T35/><D35/><U48/><E2/><V6/><F6/><W36/><G135/><T1/><D1/><U80/><E3/><V25/><F25/><W11/><G26/><T84/><D74/><U94/><E83/><V59/><F59/><W93/><G4/><T103/><D103/><U124/><E124/><V41/><F41/><W110/><G102/><T49/><D101/><U50/><E107/><V105/><F105/><W97/><G106/><RYUUKYOKU ba="6,1" sc="10,-15,385,15,474,15,121,-15" hai1="19,21,24,48,50,63,64,76,80,85,94,98,100" hai2="8,15,16,43,47,54,57,60,61,62,91,95,99" owari="-5,-51.0,400,20.0,499,60.0,106,-29.0" /></mjloggm>