<mjloggm ver="2.3"><GO type="169" lobby="0"/><UN n0="%E3%83%95%E3%83%AA%E3%83%86%E3%83%B3" n1="%EF%BC%88%E2%89%A7%E2%96%BD%E2%89%A6%EF%BC%89" n2="%E3%83%A4%E3%82%AD%E3%83%B3" n3="%E3%83%81%E3%83%BC%E3%82%BF%E3%83%BC" dan="16,18,17,16" rate="2075.27,2281.22,2163.02,2141.15" sx="M,M,M,M"/><TAIKYOKU oya="0"/><INIT seed="0,0,0,1,1,97" ten="250,250,250,250" oya="0" hai0="22,80,133,79,130,61,62,48,4,29,100,40,118" hai1="112,105,31,49,106,72,68,93,134,128,5,26,114" hai2="71,123,16,75,91,6,111,129,82,30,127,125,9" hai3="132,66,83,84,103,14,2,116,69,89,0,41,27"/><T70/><D118/><U124/><E124/><N who="2" m="47691" /><F123/><W126/><G126/><T108/><D70/><U73/><E68/><V77/><F71/><W135/><G116/><T28/><D130/><U64/><E64/><V102/><F30/><N who="0" m="11882" /><D133/><U57/><E5/><V20/><F129/><W55/><G27/><T85/><D108/><U17/><E17/><V11/><F111/><W13/><G41/><T44/><D4/><U115/><E134/><N who="3" m="51242" /><G55/><T81/><D81/><U46/><E128/><V99/><F91/><W98/><G66/><T107/><D22/><N who="1" m="15831" /><E57/><V78/><F78/><W104/><G69/><T42/><D42/><N who="1" m="24791" /><E93/><N who="2" m="58735" /><F6/><W25/><G25/><AGARI ba="0,0" hai="9,11,16,20,25,75,77,82" m="58735,47691" machi="25" ten="30,3900,0" yaku="18,1,52,1,54,1" doraHai="97" who="2" fromWho="3" sc="250,0,250,0,250,39,250,-39" /><INIT seed="1,0,0,3,2,35" ten="250,250,289,211" oya="1" hai0="16,62,45,65,125,60,95,116,98,40,122,93,74" hai1="8,64,17,89,83,63,53,20,108,72,85,38,127" hai2="22,18,67,121,102,81,58,41,115,82,69,97,106" hai3="110,99,68,6,78,103,117,100,51,15,9,105,130"/><U28/><E38/><V10/><F121/><W128/><G68/><T2/><D116/><U132/><E132/><V129/><F69/><W101/><G78/><T70/><D74/><U32/><E127/><V75/><F75/><W66/><G66/><T107/><D122/><U42/><E42/><V29/><F41/><W39/><G39/><T76/><D76/><U23/><E72/><V90/><F129/><N who="3" m="49771" /><G117/><T135/><D135/><U55/><E108/><V109/><F109/><W73/><G73/><T30/><D30/><U79/><E79/><V123/><F123/><W7/><G110/><T131/><D60/><U84/><E84/><V11/><F29/><W59/><G7/><T118/><D131/><U71/><E8/><V36/><F36/><W19/><G19/><T44/><D16/><U94/><E83/><V48/><F115/><W34/><G34/><T43/><D118/><U46/><E32/><V111/><F111/><W13/><G13/><T124/><D125/><U113/><E113/><V80/><F90/><W25/><G25/><T104/><D124/><U1/><E17/><V26/><F67/><W50/><G50/><T57/><D70/><U120/><E120/><V27/><F27/><W134/><G134/><T52/><D65/><U12/><E12/><V56/><F48/><W91/><G91/><T119/><D119/><U37/><E64/><V4/><F11/><W0/><G15/><T86/><D62/><U5/><E63/><V96/><F10/><W133/><G133/><T88/><D88/><N who="1" m="53519" /><E71/><V114/><F114/><W47/><G59/><N who="2" m="22569" /><F4/><W112/><G112/><RYUUKYOKU ba="0,0" sc="250,-15,250,-15,289,15,211,15" hai2="18,22,26,80,81,82,96,97,102,106" hai3="0,6,9,47,51,99,100,101,103,105" /><INIT seed="2,1,0,4,2,121" ten="235,235,304,226" oya="2" hai0="12,89,27,87,38,68,113,101,21,126,19,62,130" hai1="18,125,17,10,41,127,84,55,134,61,79,1,49" hai2="119,81,108,114,111,109,28,50,64,39,78,56,58" hai3="123,34,117,116,51,72,88,23,83,110,66,65,45"/><V16/><F39/><W11/><G34/><T67/><D113/><U107/><E107/><V90/><F114/><W131/><G123/><T8/><D126/><N who="1" m="48139" /><E41/><V86/><F119/><W20/><G131/><T29/><D130/><U2/><E61/><V122/><F122/><W129/><G129/><T133/><D133/><U135/><E84/><V80/><F28/><W98/><G72/><T25/><D38/><U3/><E79/><V13/><F64/><W118/><G11/><T30/><D101/><U99/><E99/><V60/><F60/><W97/><G110/><T54/><D54/><U71/><E71/><V128/><F128/><W15/><G98/><T24/><D30/><U9/><E55/><V33/><F33/><W70/><G70/><T115/><D115/><U92/><E92/><AGARI ba="1,0" hai="8,12,19,21,24,25,27,29,62,67,68,87,89,92" machi="92" ten="30,1000,0" yaku="7,1" doraHai="121" who="0" fromWho="1" sc="235,13,235,-13,304,0,226,0" /><INIT seed="3,0,0,2,2,8" ten="248,222,304,226" oya="3" hai0="31,17,25,48,60,41,112,119,30,7,62,35,4" hai1="57,89,132,47,36,121,82,105,125,100,0,114,68" hai2="12,107,26,28,79,3,126,94,11,42,135,39,77" hai3="109,86,123,72,73,113,29,75,99,19,64,61,23"/><W6/><G123/><T133/><D119/><U49/><E0/><V78/><F107/><W43/><G113/><T13/><D112/><U122/><E68/><V128/><F3/><W104/><G43/><T46/><D133/><U51/><E114/><V74/><F135/><W76/><G6/><T108/><D31/><U95/><E132/><V96/><F126/><W38/><G38/><T33/><D33/><U40/><E125/><V32/><F128/><W80/><G29/><T50/><D108/><U56/><E82/><V34/><F34/><W117/><G117/><T63/><REACH who="0" step="1"/><D50/><REACH who="0" ten="238,222,304,226" step="2"/><U1/><E51/><V37/><F28/><W67/><G109/><T10/><AGARI ba="0,1" hai="4,7,10,13,17,25,30,35,41,46,48,60,62,63" machi="10" ten="30,7900,0" yaku="1,1,2,1,0,1,52,1,53,0" doraHai="8" doraHaiUra="87" who="0" fromWho="0" sc="238,89,222,-20,304,-20,226,-39" /><INIT seed="4,0,0,2,3,109" ten="327,202,284,187" oya="0" hai0="112,79,98,54,4,97,99,68,37,101,135,131,67" hai1="9,40,17,66,93,88,70,117,103,116,87,132,23" hai2="31,89,6,12,77,20,82,105,1,26,48,42,76" hai3="80,10,104,21,134,3,55,124,28,11,120,52,22"/><T123/><D37/><U128/><E128/><V50/><F105/><W83/><G104/><N who="0" m="63535" /><D54/><N who="3" m="20521" /><G3/><T71/><D67/><U102/><E40/><V108/><F1/><W34/><G34/><T63/><D63/><U5/><E132/><V111/><F108/><W69/><G69/><N who="0" m="26699" /><D79/><N who="2" m="30282" /><F111/><W107/><G107/><T59/><D59/><U121/><E66/><V16/><F6/><W35/><G35/><T64/><D64/><U61/><E61/><V18/><F42/><W96/><G134/><T45/><D45/><U122/><E70/><V133/><F133/><W73/><G73/><T106/><D4/><U90/><E5/><V33/><F33/><W130/><G120/><T119/><D119/><U62/><E62/><V84/><F12/><W53/><G130/><T125/><D99/><U110/><E110/><V51/><AGARI ba="0,0" hai="16,18,20,26,31,48,50,51,82,84,89" m="30282" machi="51" ten="30,2000,0" yaku="8,1,54,1" doraHai="109" who="2" fromWho="2" sc="327,-10,202,-5,284,20,187,-5" /><INIT seed="5,0,0,1,2,38" ten="317,197,304,182" oya="1" hai0="76,39,46,63,6,99,13,30,26,128,41,115,75" hai1="49,58,27,54,25,23,40,45,123,89,111,107,114" hai2="129,35,105,72,43,100,78,44,61,60,121,101,37" hai3="36,104,9,29,95,103,77,69,109,17,55,84,124"/><U11/><E123/><V5/><F121/><W110/><G36/><T112/><D128/><U21/><E107/><V106/><F35/><W119/><G69/><T135/><D135/><U59/><E114/><N who="0" m="43561" /><D63/><U50/><E111/><V127/><F5/><W94/><G29/><T1/><D13/><U80/><E11/><V118/><F118/><W20/><G9/><N who="0" m="2255" /><D99/><U88/><E80/><V70/><F61/><W108/><G119/><T85/><D85/><U74/><E74/><V92/><F129/><W81/><G124/><T2/><D2/><U122/><E122/><V98/><F127/><W65/><G65/><T51/><D51/><U125/><E125/><V3/><F3/><W86/><G86/><T126/><D126/><U33/><E33/><V56/><F70/><W32/><G32/><N who="0" m="20567" /><D76/><U19/><E59/><V64/><F78/><W53/><G104/><T42/><D41/><U87/><E87/><V22/><F72/><AGARI ba="0,0" hai="39,42,46,72,75" m="20567,2255,43561" machi="72" ten="30,3900,0" yaku="15,1,23,1,52,1" doraHai="38" who="0" fromWho="2" sc="317,39,197,0,304,-39,182,0" /><INIT seed="6,0,0,1,5,2" ten="356,197,265,182" oya="2" hai0="59,1,25,20,44,14,6,84,5,46,117,66,67" hai1="73,92,131,61,37,120,11,81,95,70,54,0,125" hai2="40,85,72,115,113,75,19,29,16,112,100,32,47" hai3="23,39,105,104,7,96,41,38,51,114,124,86,56"/><V82/><F100/><W132/><G132/><T80/><D1/><U62/><E37/><N who="2" m="21903" /><F32/><W3/><G124/><T68/><D68/><U87/><E73/><N who="2" m="28235" /><F29/><W18/><G114/><T83/><D117/><U22/><E125/><V35/><F35/><W79/><G79/><AGARI ba="0,0" hai="16,19,79,82,85,112,113,115" m="28235,21903" machi="79" ten="40,3900,0" yaku="15,1,54,1" doraHai="2" who="2" fromWho="3" sc="356,0,197,0,265,39,182,-39" /><INIT seed="6,1,0,4,3,97" ten="356,197,304,143" oya="2" hai0="134,115,47,118,32,9,3,54,39,100,59,42,107" hai1="110,26,106,108,132,7,112,41,23,49,19,12,24" hai2="45,38,71,133,8,29,99,66,53,135,15,74,69" hai3="117,114,95,78,65,87,122,88,124,0,116,84,103"/><V89/><F74/><W79/><G0/><T64/><D32/><U48/><E106/><V27/><F66/><W14/><G65/><T68/><D115/><U13/><E112/><V46/><F46/><W104/><G114/><T4/><D134/><N who="2" m="51210" /><F53/><W130/><G14/><T75/><D75/><U81/><E132/><V35/><F89/><N who="3" m="53671" /><G130/><T58/><D118/><N who="3" m="45673" /><G124/><T82/><D82/><U50/><E81/><V113/><F113/><W126/><G122/><T28/><D54/><U102/><E12/><V18/><F99/><N who="3" m="61567" /><G126/><T121/><D64/><U67/><E67/><V86/><F86/><W16/><G16/><T57/><D121/><U17/><E17/><V10/><F10/><W43/><G43/><AGARI ba="1,0" hai="8,15,18,27,29,35,38,43,45,69,71" m="51210" machi="43" ten="30,1500,0" yaku="20,1" doraHai="97" who="2" fromWho="3" sc="356,0,197,0,304,18,143,-18" /><INIT seed="6,2,0,5,0,0" ten="356,197,322,125" oya="2" hai0="19,113,18,28,72,77,112,48,54,101,107,20,128" hai1="21,62,123,78,133,29,125,33,50,45,22,104,73" hai2="43,69,53,57,94,23,24,38,70,14,106,2,81" hai3="114,42,39,130,116,15,132,134,87,36,25,80,76"/><V90/><F2/><W49/><G25/><N who="0" m="16423" /><D128/><U17/><E104/><V74/><F106/><W105/><G105/><T16/><D77/><U75/><E133/><N who="3" m="51306" /><G116/><T41/><D72/><U122/><E125/><V5/><F38/><W89/><G130/><T93/><D41/><U127/><E127/><V103/><F43/><W111/><G111/><T59/><D93/><U6/><E62/><V129/><F129/><W124/><G124/><T34/><D34/><U82/><E73/><V98/><F74/><W68/><G68/><T44/><D44/><U52/><E33/><V96/><F70/><W26/><G26/><T131/><D131/><U61/><E61/><V79/><F79/><W27/><G27/><T102/><D107/><U12/><E29/><V55/><F69/><W56/><G114/><AGARI ba="2,0" hai="16,18,19,48,54,59,101,102,112,113,114" m="16423" machi="114" ten="30,2000,0" yaku="15,1,54,1" doraHai="0" who="0" fromWho="3" sc="356,26,197,0,322,0,125,-26" /><INIT seed="7,0,0,3,1,50" ten="382,197,322,99" oya="3" hai0="109,48,76,64,24,82,59,15,75,58,71,121,94" hai1="134,110,52,106,65,86,60,53,129,119,57,42,0" hai2="98,2,32,85,105,95,84,101,6,66,23,77,124" hai3="67,89,114,120,87,72,91,74,3,11,70,54,125"/><W47/><G120/><T37/><D121/><U19/><E106/><V90/><F32/><W12/><G3/><T22/><D37/><U117/><E0/><V1/><F66/><W68/><G125/><T28/><D109/><U127/><E110/><V100/><F23/><W73/><G114/><T49/><D71/><U46/><E127/><V118/><F6/><W40/><G67/><T62/><D59/><U92/><E19/><V44/><F44/><W135/><G135/><T79/><D79/><U17/><E17/><V51/><F124/><W21/><G21/><T78/><D78/><U126/><E126/><V14/><F14/><W20/><G20/><T34/><D94/><U56/><E129/><V69/><F69/><W122/><G122/><T36/><D36/><N who="1" m="21831" /><E134/><V81/><F51/><N who="3" m="29055" /><G40/><T45/><D45/><U29/><E29/><V63/><F118/><N who="1" m="45065" /><E57/><V99/><F63/><W132/><G91/><AGARI ba="0,0" hai="52,53,56,60,65,86,91,92" m="45065,21831" machi="91" ten="30,7700,0" yaku="12,1,52,2,54,1" doraHai="50" who="1" fromWho="3" sc="382,0,197,77,322,0,99,-77" owari="382,49.0,274,-13.0,322,12.0,22,-48.0" /></mjloggm>