<mjloggm ver="2.3"><GO type="169" lobby="0"/><UN n0="%E9%8A%80%E9%81%8A%E7%A7%81%E4%BA%BA" n1="%E2%98%85%E3%83%86%E3%82%AF%E3%83%8E%E3%83%8F%E3%82%A6%E3%82%B9%E2%98%85" n2="%E5%A4%AA%E3%81%8F%E3%81%AA%E3%81%84%E3%81%8A" n3="%EF%BC%88%E2%89%A7%E2%96%BD%E2%89%A6%EF%BC%89" dan="16,16,17,18" rate="2066.52,2020.89,2182.27,2181.31" sx="M,F,M,M"/><TAIKYOKU oya="0"/><INIT seed="0,0,0,0,1,70" ten="250,250,250,250" oya="0" hai0="59,90,14,40,101,63,78,72,3,19,91,46,120" hai1="79,113,126,104,45,35,65,13,22,53,27,125,121" hai2="20,115,88,0,97,123,122,32,5,99,37,66,111" hai3="64,11,95,107,69,49,56,133,93,85,108,33,17"/><T94/><D3/><U21/><E121/><V84/><F32/><W8/><G107/><T44/><D120/><U74/><E104/><V116/><F115/><W118/><G33/><T52/><D72/><U29/><E65/><V42/><F66/><W7/><G118/><T1/><D1/><U119/><E119/><V112/><F112/><W43/><G69/><T9/><D78/><U30/><E113/><V2/><F116/><W132/><G108/><T51/><D101/><U92/><E35/><V25/><F111/><W41/><G17/><T60/><D60/><U130/><E130/><V135/><F2/><N who="3" m="119" /><G11/><T109/><D109/><U15/><E92/><V114/><F5/><W10/><G10/><T83/><D83/><U124/><E79/><V77/><F0/><W6/><G6/><T28/><D28/><U106/><E106/><V34/><F34/><W36/><G95/><T47/><REACH who="0" step="1"/><D91/><REACH who="0" ten="240,250,250,250" step="2"/><U62/><E74/><V105/><F88/><W129/><G129/><T102/><D102/><U76/><E76/><V100/><F77/><W50/><G132/><T57/><D57/><N who="1" m="35119" /><E45/><N who="2" m="23759" /><F135/><W68/><G133/><T12/><D12/><U31/><E29/><V96/><F114/><W81/><G56/><T80/><D80/><U73/><E73/><V110/><F110/><W38/><G81/><T4/><D4/><U67/><E31/><N who="2" m="17831" /><F123/><W131/><G131/><T117/><D117/><U48/><E30/><V98/><F122/><W24/><G68/><T18/><D18/><U75/><E15/><V58/><F58/><W71/><G71/><T82/><D82/><U26/><E13/><RYUUKYOKU ba="0,1" sc="240,15,250,-15,250,15,250,-15" hai0="9,14,19,40,44,46,47,51,52,59,63,90,94" hai2="84,96,97,98,99,100,105" /><INIT seed="0,1,1,3,5,62" ten="255,235,265,235" oya="0" hai0="75,112,38,11,108,1,49,80,34,50,30,125,43" hai1="52,35,124,116,61,76,58,88,117,45,84,18,16" hai2="103,6,118,91,95,47,14,105,13,127,7,19,135" hai3="67,25,99,123,110,29,69,66,74,63,31,78,93"/><T122/><D122/><U2/><E2/><V120/><F120/><W133/><G123/><T114/><D125/><U94/><E35/><V27/><F105/><W42/><G133/><T87/><D87/><U130/><E124/><V0/><F103/><W90/><G110/><T56/><D56/><U44/><E130/><V97/><F127/><W89/><G42/><T4/><D49/><U113/><E113/><V131/><F0/><W15/><G74/><T36/><D50/><U33/><E33/><V17/><F131/><W54/><G78/><N who="0" m="44127" /><D108/><U109/><E109/><V46/><F135/><W12/><G89/><T37/><D43/><U60/><E117/><V23/><F118/><W83/><G83/><T73/><D73/><U28/><E116/><V121/><F121/><W20/><G31/><T98/><D98/><N who="1" m="57671" /><E28/><V96/><F96/><W115/><G115/><T81/><D81/><N who="1" m="47143" /><E61/><V85/><F97/><W57/><G69/><T82/><D82/><U101/><E101/><V68/><F68/><W104/><G104/><T132/><D132/><U55/><E55/><V10/><REACH who="2" step="1"/><F7/><REACH who="2" ten="255,235,255,235" step="2"/><W32/><G32/><T79/><D34/><U100/><E100/><V107/><F107/><W72/><G72/><T86/><D1/><U102/><E102/><V70/><F70/><W71/><G71/><T77/><D114/><U128/><E128/><V26/><F26/><W111/><G111/><T51/><D112/><U40/><E40/><V92/><F92/><W8/><G15/><T21/><D4/><AGARI ba="1,2" hai="4,8,12,20,25,29,54,57,63,66,67,90,93,99" machi="4" ten="30,7700,0" yaku="7,1,8,1,52,2" doraHai="62" who="3" fromWho="0" sc="255,-80,235,0,255,0,235,100" /><INIT seed="1,0,0,5,1,69" ten="175,235,255,335" oya="1" hai0="31,65,44,37,35,20,38,82,17,92,105,109,110" hai1="28,46,75,72,39,4,76,50,68,104,19,127,56" hai2="22,29,88,89,0,116,10,114,133,91,27,24,14" hai3="131,36,45,74,124,40,126,102,2,123,67,99,18"/><U83/><E68/><V121/><F121/><W43/><G123/><T135/><D105/><U95/><E104/><V98/><F116/><W58/><G74/><T122/><D122/><U26/><E127/><N who="3" m="48682" /><G2/><T7/><D135/><U118/><E118/><V16/><F133/><W128/><G18/><T30/><D7/><U115/><E115/><V51/><F114/><W42/><G99/><T9/><D9/><U134/><E134/><V85/><F0/><W13/><G13/><T130/><D130/><N who="3" m="49705" /><G102/><T55/><D65/><U6/><E19/><V90/><F98/><W94/><G94/><T25/><D92/><U80/><E95/><V111/><F111/><N who="0" m="42506" /><D82/><U77/><E56/><V81/><F27/><W11/><G11/><T62/><D62/><AGARI ba="0,0" hai="36,40,42,43,45,58,62,67" m="49705,48682" machi="62" ten="30,8000,1" yaku="18,1,19,1,34,2,52,1" doraHai="69" who="3" fromWho="0" sc="175,-80,235,0,255,0,335,80" /><INIT seed="2,0,0,2,4,56" ten="95,235,255,415" oya="2" hai0="58,78,124,3,22,37,1,79,120,19,88,125,91" hai1="123,104,23,96,89,55,116,135,118,61,122,49,67" hai2="65,6,110,60,75,72,10,82,53,102,34,100,74" hai3="63,17,40,108,105,18,77,68,62,126,66,132,119"/><V127/><F34/><W117/><G105/><T14/><D120/><N who="1" m="46123" /><E23/><V112/><F112/><W57/><G77/><N who="0" m="29195" /><D37/><U98/><E104/><V12/><F127/><N who="0" m="48714" /><D58/><N who="1" m="33135" /><E135/><V85/><F53/><W76/><G40/><T92/><D91/><U13/><E13/><V41/><F41/><W94/><G76/><T20/><D20/><U133/><E133/><V101/><F110/><W115/><G108/><T7/><D7/><U45/><E89/><V26/><F26/><W134/><G115/><T35/><D35/><U33/><E33/><V50/><F50/><W28/><G126/><T48/><D48/><U15/><E15/><V47/><F47/><W59/><G134/><T97/><AGARI ba="0,0" hai="1,3,14,19,22,88,92,97" m="48714,29195" machi="97" ten="30,2000,0" yaku="18,1,54,1" doraHai="56" who="0" fromWho="0" sc="95,20,235,-5,255,-10,415,-5" /><INIT seed="3,0,0,0,4,38" ten="115,230,245,410" oya="3" hai0="79,25,119,6,124,36,1,28,85,116,117,107,23" hai1="132,126,35,50,0,129,27,33,3,49,43,60,46" hai2="104,110,80,22,89,66,105,9,91,127,37,98,83" hai3="32,14,70,17,92,113,109,96,128,7,53,62,102"/><W16/><G113/><T61/><D107/><U40/><E126/><V134/><F37/><W59/><G32/><T108/><D124/><U118/><E129/><V69/><F127/><W58/><G128/><T75/><D75/><U51/><E132/><V73/><F9/><N who="3" m="4415" /><G70/><T54/><D36/><U55/><E118/><V67/><F22/><W71/><G71/><T94/><D108/><U65/><E35/><V63/><F134/><W81/><G109/><T24/><D6/><U8/><E0/><V11/><F11/><W26/><G26/><T112/><D1/><U95/><E8/><V13/><F13/><W20/><G20/><T47/><D112/><U56/><E3/><V72/><F110/><W90/><G59/><T5/><D5/><U122/><E122/><V78/><F67/><W18/><G81/><T100/><D25/><U120/><E120/><V52/><F105/><W135/><G135/><T133/><D133/><U84/><E27/><V106/><F104/><W82/><G82/><T97/><D117/><U45/><E33/><V48/><F106/><W86/><G86/><T64/><D85/><U99/><E84/><V125/><F125/><W15/><G15/><T29/><D29/><U4/><E4/><V101/><F73/><W123/><G123/><T42/><D116/><U10/><E10/><V34/><F34/><W68/><G68/><T44/><D119/><U39/><E65/><V93/><REACH who="2" step="1"/><F83/><REACH who="2" ten="115,230,235,410" step="2"/><W131/><G131/><T111/><D64/><U74/><E74/><V77/><F77/><W115/><G115/><T30/><D79/><U19/><E19/><RYUUKYOKU ba="0,1" sc="115,-30,230,10,235,10,410,10" hai1="39,40,43,45,46,49,50,51,55,56,60,95,99" hai2="48,52,63,66,69,72,78,80,89,91,93,98,101" hai3="16,17,18,53,58,62,90,92,96,102" /><INIT seed="3,1,1,4,0,122" ten="85,240,245,420" oya="3" hai0="131,100,68,30,11,81,34,119,15,111,96,123,105" hai1="84,56,125,18,29,5,54,72,33,133,80,35,74" hai2="120,124,130,24,3,107,62,13,89,132,41,61,97" hai3="98,12,14,6,118,40,38,86,90,117,9,22,115"/><W0/><G115/><T23/><D123/><U103/><E18/><V79/><F3/><W85/><G38/><T2/><D119/><U20/><E5/><V134/><F120/><W87/><G40/><T99/><D2/><U101/><E20/><V42/><F79/><W16/><REACH who="3" step="1"/><G0/><REACH who="3" ten="85,240,245,410" step="2"/><T39/><D39/><U109/><E133/><V82/><F41/><W92/><AGARI ba="1,2" hai="6,9,12,14,16,22,85,86,87,90,92,98,117,118" machi="92" ten="30,11700,0" yaku="1,1,2,1,0,1,54,1,53,0" doraHai="122" doraHaiUra="53" who="3" fromWho="3" sc="85,-40,240,-40,245,-40,410,140" /><INIT seed="3,2,0,4,1,12" ten="45,200,205,550" oya="3" hai0="20,119,102,53,110,2,134,28,133,73,78,120,4" hai1="98,11,63,29,97,18,35,116,48,80,121,117,83" hai2="103,26,112,132,107,24,34,22,128,45,99,43,36" hai3="6,7,89,122,9,69,76,3,50,88,77,68,135"/><W1/><G50/><T31/><D102/><U106/><E121/><V19/><F112/><W111/><G111/><T72/><D78/><U44/><E63/><V115/><F115/><W10/><REACH who="3" step="1"/><G135/><REACH who="3" ten="45,200,205,540" step="2"/><T109/><D120/><AGARI ba="2,1" hai="1,3,6,7,9,10,68,69,76,77,88,89,120,122" machi="120" ten="25,12000,1" yaku="1,1,2,1,22,2,54,1,53,0" doraHai="12" doraHaiUra="49" who="3" fromWho="0" sc="45,-126,200,0,205,0,540,136" owari="-81,-58.0,200,-20.0,205,1.0,676,77.0" /></mjloggm>