<mjloggm ver="2.3"><GO type="41"/><UN n0="%E9%B7%B9%E6%AD%A3%E3%81%AE%E5%80%85%EF%BC%9D%E5%AF%8C%E7%8C%AB" n1="%42%4C%55%45%42%4C%55%45" n2="%E3%81%93%E3%83%BC%E3%81%9F%E3%82%93" n3="%E3%82%A6%E3%83%AB%E3%83%88%E3%83%A9%E7%AB%8B%E7%9B%B4" dan="15,13,14,15" rate="1970,1912,1960,2033" sx="M,M,M,M"/><TAIKYOKU oya="0"/><INIT seed="0,0,0,1,0,35" ten="250,250,250,250" oya="0" hai0="70,103,63,14,21,25,107,77,121,116,91,22,69" hai1="5,132,61,34,2,27,30,59,122,49,55,17,115" hai2="134,1,60,124,3,62,37,131,11,82,110,42,56" hai3="118,46,57,97,87,102,24,64,92,75,72,15,126"/><T84/><D116/><U80/><E122/><V71/><F71/><W79/><G118/><T47/><D121/><U133/><E115/><V31/><F31/><W113/><G113/><T93/><D77/><U48/><E80/><V16/><F82/><W65/><G126/><T94/><D107/><U23/><E49/><V104/><F104/><W36/><G36/><T45/><D63/><U101/><E101/><V12/><F124/><W105/><G75/><T90/><D103/><U19/><E61/><V51/><F37/><W83/><G57/><T74/><D74/><U88/><E19/><V29/><F29/><W123/><G46/><T85/><D14/><U106/><E106/><V68/><F131/><W41/><G41/><T0/><D25/><U96/><E96/><V66/><F134/><W111/><G123/><T54/><D54/><U33/><E34/><V39/><F39/><W95/><G24/><T128/><D128/><U119/><E119/><V18/><F42/><W58/><G58/><T44/><REACH who="0" step="1"/><D47/><REACH who="0" ten="240,250,250,250" step="2"/><U127/><E127/><V20/><F51/><W112/><G112/><T13/><D13/><U135/><E27/><V43/><F43/><W86/><G15/><T10/><D10/><U28/><E133/><V6/><F6/><W7/><G7/><T4/><D4/><U78/><E5/><V117/><F117/><W130/><G130/><T99/><D99/><U120/><E132/><V38/><F38/><W89/><G64/><T32/><D32/><U8/><E33/><V109/><F62/><W76/><G65/><T73/><D73/><U9/><E135/><RYUUKYOKU ba="0,1" sc="240,30,250,-10,250,-10,250,-10" hai0="0,21,22,44,45,69,70,84,85,90,91,93,94" /><INIT seed="0,1,1,2,5,77" ten="270,240,240,240" oya="0" hai0="23,107,32,36,60,80,65,111,42,112,28,83,116" hai1="91,128,53,45,76,61,63,62,126,130,89,58,122" hai2="7,84,19,105,98,93,0,10,132,5,15,125,68" hai3="49,131,52,121,99,16,54,47,97,38,39,135,96"/><T124/><D112/><U88/><E122/><V67/><F105/><W74/><G74/><T115/><D115/><U119/><E119/><V33/><F33/><W4/><G121/><T79/><D116/><U101/><E101/><V59/><F68/><W46/><G4/><T12/><D32/><U120/><E120/><V129/><F129/><N who="1" m="49769" /><E76/><V85/><F7/><W43/><G131/><T34/><D79/><U56/><E126/><V57/><F125/><W127/><G127/><T48/><D36/><U18/><E18/><V113/><F132/><W14/><G135/><T109/><D107/><U2/><E2/><V134/><F134/><W9/><G39/><T64/><D124/><U86/><E45/><V30/><F30/><W92/><REACH who="3" step="1"/><G54/><REACH who="3" ten="270,240,240,230" step="2"/><T108/><D34/><U72/><E72/><V6/><F6/><W110/><G110/><T69/><D69/><U13/><E53/><V40/><F113/><W78/><G78/><T118/><D118/><U87/><E13/><V100/><F40/><W26/><G26/><N who="0" m="16479" /><D12/><U44/><E44/><V94/><F0/><W41/><G41/><T102/><D42/><U81/><E87/><N who="2" m="33355" /><F5/><W73/><G73/><T3/><D3/><U70/><E86/><V22/><F67/><W82/><G82/><N who="0" m="31275" /><D65/><U117/><E117/><V27/><F93/><AGARI ba="1,2" hai="9,14,16,38,43,46,47,49,52,92,93,96,97,99" machi="93" ten="40,5200,0" yaku="1,1,54,2,53,0" doraHai="77" doraHaiUra="55" who="3" fromWho="2" sc="270,0,240,0,240,-55,230,75" /><INIT seed="1,0,0,1,4,64" ten="270,240,185,305" oya="1" hai0="93,15,113,31,80,109,91,8,7,73,0,122,84" hai1="121,19,17,35,47,59,1,9,24,117,30,26,34" hai2="71,40,37,89,85,48,41,132,119,5,106,51,38" hai3="96,83,112,124,43,125,82,88,42,20,87,94,46"/><U11/><E121/><V49/><F106/><W52/><G112/><T100/><D113/><U69/><E69/><V101/><F119/><W60/><G82/><T92/><D122/><U127/><E117/><V95/><F101/><W66/><G20/><T129/><D109/><U29/><E59/><V99/><F71/><W58/><G66/><T28/><D129/><U3/><E47/><V128/><F128/><W107/><G107/><T105/><D0/><U21/><E127/><N who="3" m="48714" /><G46/><T86/><D93/><U54/><E54/><V76/><F132/><W32/><G32/><T110/><D110/><U68/><E68/><V75/><F75/><W108/><G108/><T61/><D61/><U116/><E116/><V74/><F74/><W53/><G53/><T39/><D39/><U23/><AGARI ba="0,0" hai="1,3,9,11,17,19,21,23,24,26,29,30,34,35" machi="23" ten="25,24000,3" yaku="0,1,22,2,35,6" doraHai="64" who="1" fromWho="1" sc="270,-80,240,240,185,-80,305,-80" /><INIT seed="1,1,0,5,2,5" ten="190,480,105,225" oya="1" hai0="41,16,97,93,38,111,3,29,48,90,51,72,79" hai1="121,9,44,73,85,125,92,47,75,88,71,112,114" hai2="49,27,80,70,67,83,101,133,33,35,89,34,105" hai3="37,118,132,87,61,66,59,62,84,21,68,124,24"/><U45/><E121/><V115/><F133/><W60/><G37/><T28/><D3/><U57/><E71/><V8/><F49/><W109/><G132/><T131/><D111/><U78/><E125/><V6/><F89/><W13/><G109/><T107/><D131/><U110/><E110/><V116/><F116/><W20/><G124/><T134/><D134/><U52/><E9/><V11/><F6/><W10/><G118/><T17/><D107/><U117/><E117/><V76/><F115/><W100/><G100/><T69/><D69/><U54/><E78/><V12/><F12/><W26/><G21/><T22/><D38/><U2/><E2/><V96/><F27/><W104/><G104/><T4/><D4/><U120/><E120/><V77/><F77/><W46/><G46/><T127/><D127/><U82/><E82/><V95/><F83/><W0/><G0/><T40/><D72/><U53/><E114/><V56/><F56/><W50/><G50/><N who="0" m="18987" /><D79/><U55/><E112/><V31/><F31/><N who="0" m="11850" /><D17/><U58/><N who="1" m="13312" /><DORA hai="7" /><U63/><REACH who="1" step="1"/><E58/><REACH who="1" ten="190,470,105,225" step="2"/><V65/><F105/><W39/><G68/><T94/><D94/><U74/><E74/><V25/><F70/><W113/><G59/><T14/><AGARI ba="1,1" hai="14,16,22,40,41,90,93,97" m="11850,18987" machi="14" ten="30,2000,0" yaku="8,1,54,1" doraHai="5,7" who="0" fromWho="0" sc="190,33,470,-11,105,-6,225,-6" /><INIT seed="2,0,0,4,4,20" ten="223,459,99,219" oya="2" hai0="33,55,78,134,124,26,61,68,50,84,71,62,14" hai1="63,116,58,4,9,18,39,1,82,104,74,83,95" hai2="5,43,90,15,86,29,87,17,110,10,0,34,103" hai3="53,73,105,48,99,59,135,129,31,76,49,85,113"/><V24/><F110/><W115/><G73/><T81/><D124/><U132/><E104/><V52/><F103/><N who="3" m="62719" /><G129/><T16/><D134/><U119/><E132/><V69/><F69/><W12/><G135/><T38/><D38/><U13/><E39/><V97/><F43/><W41/><G12/><T56/><D71/><U23/><E95/><V122/><F122/><W91/><G76/><T130/><D130/><U2/><E2/><V3/><F3/><W131/><G31/><T66/><D33/><U70/><E70/><V72/><F72/><W40/><G49/><T42/><D42/><U46/><E46/><V79/><F79/><W102/><G102/><T89/><D50/><U109/><E109/><V118/><F118/><W123/><G123/><T128/><D128/><U117/><E74/><V127/><F127/><W121/><G121/><T7/><D7/><U8/><E9/><V114/><F114/><N who="3" m="43531" /><G131/><T94/><D78/><U37/><E37/><V120/><F120/><W101/><G101/><T93/><D68/><U92/><E92/><AGARI ba="0,0" hai="40,41,48,53,59,85,91,92" m="43531,62719" machi="92" ten="30,1000,0" yaku="11,1" doraHai="20" who="3" fromWho="1" sc="223,0,459,-10,99,0,219,10" /><INIT seed="3,0,0,4,2,107" ten="223,449,99,229" oya="3" hai0="95,1,59,100,35,82,92,21,50,26,6,3,125" hai1="132,71,75,79,110,135,121,126,108,129,113,105,131" hai2="37,31,12,123,14,127,89,101,103,8,102,118,106" hai3="32,40,44,96,16,116,62,63,112,53,0,60,88"/><W111/><G0/><T7/><D35/><U29/><E29/><V90/><F118/><W10/><G32/><T98/><D125/><U55/><E126/><V78/><F127/><W128/><G116/><T57/><D3/><U64/><E121/><V4/><F37/><W69/><G112/><T67/><D1/><U49/><E113/><V77/><F106/><W115/><G115/><T13/><D13/><U83/><E105/><V34/><F123/><W73/><G69/><T68/><D68/><U15/><E15/><V87/><F90/><W43/><G73/><T76/><D92/><U24/><E24/><V48/><F31/><W18/><G128/><N who="1" m="49226" /><E64/><V70/><F70/><W122/><G122/><T45/><D67/><U56/><E71/><V17/><F48/><N who="3" m="28807" /><G111/><AGARI ba="0,0" hai="49,55,56,75,79,83,108,110,111,132,135" m="49226" machi="111" ten="30,3900,0" yaku="14,1,19,1,52,1" doraHai="107" who="1" fromWho="3" sc="223,0,449,39,99,0,229,-39" /><INIT seed="4,0,0,3,3,45" ten="223,488,99,190" oya="0" hai0="57,108,94,135,0,12,81,33,30,66,71,91,31" hai1="21,3,50,28,48,34,97,132,9,27,111,2,104" hai2="113,84,63,42,117,11,85,65,13,121,127,128,82" hai3="92,101,126,77,61,129,109,44,53,118,68,79,102"/><T6/><D0/><U49/><E111/><V70/><F121/><W120/><G61/><T103/><D71/><U14/><E132/><V73/><F117/><W90/><G44/><T134/><D108/><U40/><E40/><V110/><F110/><W56/><G53/><T100/><D33/><U35/><E104/><V72/><F127/><W54/><G54/><T86/><D135/><U51/><E97/><V10/><F128/><W1/><G56/><T125/><D125/><U4/><REACH who="1" step="1"/><E51/><REACH who="1" ten="223,478,99,190" step="2"/><V8/><F42/><W43/><G109/><T80/><D134/><U17/><E17/><V32/><F113/><W47/><G43/><T59/><D31/><U124/><E124/><V89/><F73/><W78/><G126/><T60/><D30/><U55/><E55/><V19/><F72/><W95/><G118/><T38/><D38/><U29/><E29/><V75/><F75/><W76/><G120/><T74/><D74/><U99/><E99/><V18/><F19/><W52/><G52/><T116/><D116/><U123/><E123/><V64/><F64/><W46/><G46/><T16/><D6/><U67/><E67/><V96/><F96/><W25/><G47/><T130/><D130/><U122/><E122/><V26/><REACH who="2" step="1"/><F85/><REACH who="2" ten="223,478,89,190" step="2"/><W112/><G129/><T24/><D16/><U119/><E119/><V83/><F83/><W5/><G112/><T133/><D86/><U15/><E15/><V37/><F37/><W7/><G1/><AGARI ba="0,2" hai="1,2,3,4,9,14,21,27,28,34,35,48,49,50" machi="1" ten="40,8000,1" yaku="1,1,52,3,53,0" doraHai="45" doraHaiUra="131" who="1" fromWho="3" sc="223,0,478,100,89,0,190,-80" /><INIT seed="5,0,0,1,2,46" ten="223,578,89,110" oya="1" hai0="77,69,89,19,36,111,123,86,52,57,49,109,23" hai1="99,134,84,118,81,133,131,21,120,22,40,92,126" hai2="44,54,12,20,7,132,42,60,116,25,53,29,55" hai3="106,83,104,112,33,47,62,75,73,10,35,88,79"/><U61/><E120/><V66/><F116/><W85/><G62/><T27/><D123/><U45/><E118/><V15/><F132/><W102/><G47/><T94/><D36/><U50/><E126/><V43/><F43/><W9/><G10/><T56/><D69/><U128/><E61/><V24/><F24/><W87/><G9/><T4/><D4/><U72/><E72/><N who="3" m="27722" /><G33/><T124/><D124/><U14/><E92/><V76/><F76/><W34/><G34/><T5/><D77/><N who="1" m="46127" /><E99/><V67/><F7/><W68/><G35/><T3/><REACH who="0" step="1"/><D57/><REACH who="0" ten="213,578,89,110" step="2"/><U58/><E58/><V108/><F108/><W117/><G68/><T51/><D51/><U122/><E122/><V80/><F80/><N who="3" m="49191" /><G117/><T129/><D129/><N who="1" m="49739" /><E14/><N who="2" m="5163" /><F60/><W121/><G121/><T78/><D78/><U93/><E134/><V95/><F95/><W125/><G125/><T71/><D71/><U59/><E93/><V0/><F0/><W18/><G104/><T130/><D130/><U30/><E133/><V115/><F115/><W17/><G112/><T31/><D31/><U26/><E59/><V90/><F90/><W82/><G18/><T32/><D32/><AGARI ba="0,1" hai="21,22,26,30,32,40,45,50" m="49739,46127" machi="32" ten="30,2900,0" yaku="19,1,52,1" doraHai="46" who="1" fromWho="0" sc="213,-29,578,39,89,0,110,0" /><INIT seed="5,1,0,3,0,61" ten="184,617,89,110" oya="1" hai0="45,67,104,93,89,56,20,31,35,29,0,11,37" hai1="130,100,108,101,14,27,13,132,109,72,128,77,88" hai2="36,53,30,118,96,80,112,16,121,86,28,8,58" hai3="111,97,83,73,94,98,75,84,1,19,117,7,48"/><U119/><E119/><V2/><F118/><W123/><G7/><T82/><D35/><U24/><E72/><N who="3" m="27722" /><G19/><T115/><D82/><U81/><E77/><V15/><F121/><W107/><G48/><T120/><D104/><U23/><E81/><V65/><F36/><W51/><G51/><T64/><D120/><U4/><E88/><N who="2" m="51271" /><F2/><W52/><G52/><T40/><D56/><U116/><E116/><V131/><F131/><W46/><G46/><T38/><D38/><U41/><E41/><V55/><F112/><W21/><G21/><T110/><D115/><U63/><E63/><N who="2" m="38135" /><F96/><W62/><G62/><T49/><D37/><U92/><E4/><V105/><F105/><W103/><G1/><T33/><D33/><U114/><E114/><V74/><F74/><W87/><G123/><T43/><D43/><U99/><E128/><V69/><F69/><W54/><G117/><T106/><D106/><U57/><E130/><V5/><F5/><W32/><G32/><T95/><D0/><U76/><E109/><V127/><F127/><W34/><G34/><T125/><D125/><U124/><E108/><V26/><F26/><W78/><G54/><AGARI ba="1,0" hai="8,15,16,28,30,53,54,55" m="38135,51271" machi="54" ten="30,7700,0" yaku="8,1,52,1,54,2" doraHai="61" who="2" fromWho="3" sc="184,0,617,0,89,80,110,-80" /><INIT seed="6,0,0,2,2,108" ten="184,617,169,30" oya="2" hai0="32,54,70,90,74,97,72,27,91,57,55,76,104" hai1="35,79,64,16,116,22,37,118,51,124,21,115,110" hai2="112,4,48,80,14,40,36,101,114,71,89,9,38" hai3="47,68,25,134,126,88,6,20,87,0,120,117,1"/><V31/><F71/><W39/><G68/><T121/><D121/><U132/><E35/><V30/><F101/><W34/><G120/><T75/><D70/><U66/><E37/><V41/><F38/><W15/><G117/><T50/><D76/><U122/><E110/><V109/><F109/><W99/><G126/><T100/><REACH who="0" step="1"/><D55/><REACH who="0" ten="174,617,169,30" step="2"/><U29/><E122/><V52/><F36/><W11/><G134/><T130/><D130/><U3/><E124/><V12/><F41/><W65/><G65/><T131/><D131/><U18/><E132/><V44/><F40/><W69/><G69/><T24/><D24/><U46/><E116/><V78/><F14/><W7/><G39/><T85/><D85/><U67/><E64/><V95/><F78/><W60/><G87/><T8/><D8/><U113/><E66/><V49/><F49/><W133/><G133/><T98/><D98/><U58/><E51/><V86/><REACH who="2" step="1"/><F80/><REACH who="2" ten="174,617,159,30" step="2"/><W77/><G15/><T63/><D63/><U119/><E118/><V125/><F125/><W84/><G60/><T13/><D13/><U106/><E119/><V5/><F5/><W56/><G6/><T94/><D94/><U82/><E79/><V128/><F128/><W129/><G129/><T111/><D111/><U123/><E123/><V73/><F73/><W2/><G77/><T61/><D61/><U43/><E43/><V93/><F93/><W42/><G42/><T83/><D83/><U17/><E82/><V62/><F62/><W96/><G7/><T59/><D59/><U23/><E58/><V102/><F102/><W19/><G56/><RYUUKYOKU ba="0,2" sc="174,15,617,-15,159,15,30,-15" hai0="27,32,50,54,57,72,74,75,90,91,97,100,104" hai2="4,9,12,30,31,44,48,52,86,89,95,112,114" /><INIT seed="6,1,2,0,4,119" ten="189,602,174,15" oya="2" hai0="64,12,14,28,99,16,115,112,48,45,110,31,97" hai1="32,23,84,127,71,75,79,2,59,113,124,122,135" hai2="72,56,90,100,57,39,50,69,78,52,55,21,80" hai3="98,120,92,108,109,123,53,81,47,58,37,0,20"/><V35/><F35/><W95/><G0/><T130/><D110/><N who="3" m="42601" /><G20/><T8/><D130/><U117/><E23/><V36/><F69/><W96/><G47/><T116/><D116/><U93/><E59/><V102/><F90/><N who="3" m="55319" /><G53/><N who="0" m="29839" /><D64/><U131/><E93/><V66/><F66/><W89/><G58/><T4/><D99/><U76/><E84/><V73/><F73/><W134/><G37/><T91/><D91/><U27/><E27/><V86/><F72/><W38/><G38/><T18/><D97/><U40/><E40/><V70/><F70/><W17/><G17/><N who="0" m="6763" /><D14/><U9/><E9/><V94/><F39/><W126/><G126/><T129/><D129/><U41/><E41/><V15/><F36/><W30/><G30/><T29/><D31/><U106/><E75/><V11/><F21/><W25/><G25/><T67/><D67/><U42/><E127/><V88/><F78/><W5/><G5/><T54/><D54/><U26/><E79/><V65/><F65/><W34/><G34/><T101/><D101/><U24/><E76/><V85/><F102/><N who="3" m="60767" /><G134/><T118/><D118/><U74/><E124/><V7/><F100/><W19/><G19/><T104/><D29/><U63/><E117/><V114/><F114/><N who="0" m="43562" /><D28/><U44/><E113/><V13/><F13/><W82/><G89/><T1/><D1/><U107/><E2/><V121/><F55/><W51/><G51/><T83/><D12/><U87/><E131/><V10/><F10/><W22/><G22/><T46/><D46/><U6/><E74/><V103/><F103/><W133/><G133/><T105/><D8/><RYUUKYOKU ba="1,2" sc="189,-10,602,-10,174,-10,15,30" hai3="81,82,120,123" /><INIT seed="7,2,2,4,1,82" ten="179,592,164,45" oya="3" hai0="83,58,91,52,69,57,35,127,73,101,79,44,49" hai1="3,67,2,105,133,132,55,45,28,126,106,75,34" hai2="30,21,115,104,77,47,33,50,26,112,98,93,95" hai3="74,9,42,1,17,113,117,24,59,18,5,20,103"/><W54/><G117/><T88/><D69/><U86/><E75/><V27/><F104/><N who="1" m="40041" /><E67/><V121/><F121/><W76/><G113/><N who="2" m="43593" /><F77/><W16/><G103/><T14/><D35/><U41/><E55/><N who="2" m="30175" /><F98/><W4/><G4/><T7/><D101/><U72/><E72/><V100/><F100/><W71/><G71/><T80/><D127/><U108/><E28/><AGARI ba="2,2" hai="21,26,27,28,30,33,93,95" m="30175,43593" machi="28" ten="30,1000,0" yaku="15,1" doraHai="82" who="2" fromWho="1" sc="179,0,592,-16,164,36,45,0" owari="179,-22.0,576,67.0,200,0.0,45,-45.0" /></mjloggm>