<mjloggm ver="2.3"><GO type="97"/><UN n0="%6A%6F%63%6B%65%79" n1="%E9%8D%9B%E5%86%B6%E5%B1%8B%E3%81%AE%E3%83%80%E3%82%A4%E3%82%B9%E3%82%B1" n2="%3B" n3="%EF%BC%88%E2%89%A7%E2%96%BD%E2%89%A6%EF%BC%89" dan="13,14,14,14" rate="1872,1870,1902,2062" sx="M,M,M,M"/><TAIKYOKU oya="0"/><INIT seed="0,0,0,4,0,87" ten="250,250,250,250" oya="0" hai0="30,129,28,39,77,113,72,133,36,25,99,131,57" hai1="53,4,49,79,64,74,78,26,94,9,58,1,117" hai2="83,44,80,101,71,35,16,123,7,116,6,86,70" hai3="61,112,18,107,104,37,92,0,60,96,66,98,75"/><T11/><D113/><U21/><E117/><V103/><F123/><W20/><G112/><T46/><D133/><U111/><E74/><V32/><F44/><W95/><G75/><T23/><D57/><U128/><E128/><N who="0" m="49225" /><D11/><U122/><E122/><V22/><F116/><W54/><G0/><T13/><D13/><U67/><E111/><V102/><F83/><W45/><G107/><T127/><D127/><U134/><E134/><V38/><F38/><N who="0" m="14378" /><D46/><U43/><E43/><V76/><F35/><W119/><G104/><T124/><D124/><U34/><E34/><V50/><F32/><W62/><G119/><T100/><D77/><U29/><E78/><V130/><F130/><W56/><G37/><T31/><D72/><U2/><E79/><V73/><F73/><W12/><G45/><T109/><D109/><U118/><E118/><V125/><F125/><W8/><G8/><T52/><D52/><U106/><E1/><V40/><F7/><W68/><REACH who="3" step="1"/><G61/><REACH who="3" step="2"/><T108/><D108/><U51/><E106/><AGARI ba="0,1" hai="23,25,28,30,31,99,100,106" m="14378,49225" machi="106" ten="30,1500,0" yaku="19,1" doraHai="87" who="0" fromWho="1" sc="250,25,250,-15,250,0,240,0" /><INIT seed="0,1,0,4,1,98" ten="275,235,250,240" oya="0" hai0="63,20,131,41,70,106,120,125,87,11,74,92,123" hai1="95,119,124,107,121,12,19,77,133,31,118,35,10" hai2="58,73,114,50,81,48,110,2,122,91,130,132,29" hai3="28,85,22,79,23,34,97,55,51,1,116,42,102"/><T17/><D74/><U111/><E107/><V94/><F122/><W38/><G116/><T82/><D131/><U53/><E121/><V65/><F114/><W46/><G1/><T49/><D125/><U6/><E124/><V40/><F2/><W93/><G34/><T25/><D106/><U44/><E77/><V108/><F130/><W129/><G129/><T9/><D123/><U37/><E6/><V80/><F132/><W66/><G66/><T61/><D70/><U26/><E133/><V7/><F7/><W13/><G28/><T88/><D120/><U69/><E69/><V135/><F135/><W52/><G13/><T45/><D82/><U104/><E104/><V64/><F29/><W47/><REACH who="3" step="1"/><G55/><REACH who="3" step="2"/><T126/><D126/><U103/><E119/><V15/><F15/><W84/><G84/><T24/><D25/><U83/><E118/><V75/><F65/><W4/><G4/><T27/><D24/><U33/><E53/><V89/><F64/><W18/><G18/><T32/><D32/><U101/><E35/><V112/><F75/><W56/><G56/><T14/><D9/><U59/><E59/><V43/><F58/><W109/><G109/><T5/><AGARI ba="1,1" hai="5,11,14,17,20,27,41,45,49,61,63,87,88,92" machi="5" ten="20,7800,0" yaku="0,1,7,1,8,1,54,1" doraHai="98" who="0" fromWho="0" sc="275,91,235,-27,250,-27,230,-27" /><INIT seed="0,2,0,1,4,49" ten="366,208,223,203" oya="0" hai0="11,132,117,62,127,6,124,86,109,29,112,81,98" hai1="5,40,131,120,15,41,128,74,19,73,3,13,53" hai2="134,118,58,33,27,37,28,121,130,94,80,70,100" hai3="126,106,23,92,61,9,31,60,17,101,83,2,48"/><T1/><D112/><U7/><E120/><V123/><F70/><W21/><G126/><N who="0" m="48171" /><D117/><U38/><E38/><V36/><F118/><W30/><G106/><T59/><D29/><N who="3" m="10761" /><G2/><T32/><D32/><U115/><E3/><V22/><F33/><W133/><G133/><T57/><D132/><U67/><E67/><V76/><F134/><W8/><G83/><T72/><D72/><U87/><E87/><V20/><F130/><N who="1" m="49705" /><E115/><V69/><F69/><W63/><G48/><T51/><D98/><U91/><E91/><V78/><F37/><W84/><G21/><T24/><D24/><U110/><E53/><V82/><F22/><W39/><G39/><T26/><D26/><U4/><E19/><V18/><F36/><W47/><G47/><T102/><D102/><U125/><E110/><V66/><F18/><W35/><G35/><T104/><D104/><U10/><E10/><V71/><F100/><W25/><G101/><T113/><D113/><U52/><E52/><V99/><F20/><W93/><G84/><T89/><D109/><U85/><E85/><V105/><F27/><W129/><G129/><T68/><D68/><U0/><E0/><V43/><F71/><W96/><G96/><T79/><D79/><U122/><E122/><V42/><F78/><W50/><G50/><T135/><D51/><U45/><E45/><V103/><F76/><W14/><G8/><T55/><D135/><U12/><E125/><V90/><F121/><W88/><G88/><N who="0" m="51279" /><D59/><U65/><E65/><V114/><F66/><W77/><G77/><T64/><D89/><U119/><E119/><RYUUKYOKU ba="2,0" sc="366,10,208,10,223,-30,203,10" hai0="1,6,11,55,57,62,64" hai1="4,5,7,12,13,15,40,41,73,74" hai3="9,14,17,23,25,60,61,63,92,93" /><INIT seed="0,3,0,0,2,81" ten="376,218,193,213" oya="0" hai0="110,35,58,0,128,131,80,117,132,126,63,114,27" hai1="94,89,79,32,101,60,37,33,28,76,124,57,23" hai2="1,103,129,36,104,109,92,68,121,39,55,70,112" hai3="7,91,44,31,61,40,118,90,54,106,34,6,134"/><T71/><D114/><U73/><E37/><V11/><F55/><W67/><G118/><T65/><D117/><U96/><E73/><V72/><F92/><W45/><G106/><T105/><D0/><U97/><E124/><V119/><F11/><W135/><G34/><T86/><D126/><U113/><E33/><V46/><F46/><N who="3" m="18027" /><G54/><T21/><D132/><N who="3" m="50729" /><G31/><N who="0" m="19967" /><D58/><U24/><E32/><V74/><F103/><W93/><G40/><T13/><D13/><U127/><E127/><V10/><F10/><W48/><G48/><T56/><D56/><U16/><E113/><V87/><F87/><N who="3" m="52447" /><G91/><N who="0" m="51655" /><D21/><U26/><E28/><V108/><F39/><W41/><G41/><T85/><D85/><U43/><E43/><V66/><F66/><W20/><G20/><T9/><D9/><U8/><E8/><V95/><F95/><W5/><G5/><T62/><D62/><U29/><E29/><V125/><F70/><AGARI ba="3,0" hai="6,7,61,67,70" m="52447,50729,18027" machi="70" ten="30,2000,0" yaku="20,1,52,1" doraHai="81" who="3" fromWho="2" sc="376,0,218,0,193,-29,213,29" /><INIT seed="1,0,0,5,4,55" ten="376,218,164,242" oya="1" hai0="121,45,0,104,15,111,25,119,108,86,93,16,5" hai1="42,77,123,112,84,63,34,22,117,65,100,6,39" hai2="76,134,131,67,91,68,33,53,44,60,50,43,8" hai3="116,36,66,78,12,118,24,94,133,120,103,122,101"/><U21/><E123/><N who="3" m="47146" /><G36/><T97/><D121/><U96/><E112/><V70/><F33/><W61/><G133/><T51/><D119/><N who="3" m="45609" /><G78/><T32/><D104/><U130/><E117/><V127/><F76/><W114/><G114/><T4/><D86/><U92/><E34/><V3/><F3/><W129/><G129/><T41/><D0/><U95/><E6/><V87/><F8/><W38/><G38/><T10/><D32/><U115/><E115/><V58/><F134/><W64/><G24/><T23/><REACH who="0" step="1"/><D4/><REACH who="0" step="2"/><U49/><E130/><V26/><F131/><W19/><G94/><T74/><D74/><U29/><E39/><V126/><F26/><W75/><G75/><T56/><D56/><N who="1" m="37095" /><E29/><V52/><F87/><W11/><G66/><T62/><D62/><U28/><E28/><V85/><F85/><W89/><G89/><AGARI ba="0,1" hai="5,10,15,16,23,25,41,45,51,89,93,97,108,111" machi="89" ten="40,2600,0" yaku="1,1,54,1,53,0" doraHai="55" doraHaiUra="99" who="0" fromWho="3" sc="366,36,218,0,164,0,242,-26" /><INIT seed="2,0,0,5,5,89" ten="402,218,164,216" oya="2" hai0="60,49,74,15,131,42,71,125,57,102,54,118,28" hai1="90,34,133,116,93,61,56,59,75,69,127,9,17" hai2="58,92,113,51,12,32,26,4,68,25,99,109,37" hai3="0,11,13,2,16,44,20,5,101,114,95,129,21"/><V73/><F113/><W39/><G114/><T79/><D131/><U77/><E34/><V134/><F73/><W84/><G129/><T52/><D125/><U47/><E116/><V31/><F68/><W62/><G39/><T64/><D74/><U23/><E127/><V33/><F37/><W24/><G44/><N who="0" m="25751" /><D79/><U135/><E47/><V128/><F128/><W123/><G123/><T81/><D81/><U6/><E6/><V126/><F126/><W3/><G62/><N who="0" m="40343" /><D102/><U46/><E46/><V41/><F134/><N who="1" m="51209" /><E9/><V1/><F109/><W91/><REACH who="3" step="1"/><G101/><REACH who="3" step="2"/><T14/><D118/><U82/><E69/><V65/><F33/><W132/><G132/><T130/><D130/><U72/><E61/><V97/><F32/><W45/><G45/><T115/><D115/><U121/><E121/><V104/><F104/><W53/><G53/><T50/><D28/><AGARI ba="0,1" hai="0,2,3,5,11,13,16,20,21,24,28,84,91,95" machi="28" ten="30,7700,0" yaku="1,1,7,1,52,1,54,1,53,0" doraHai="89" doraHaiUra="94" who="3" fromWho="0" sc="402,-77,218,0,164,0,206,87" /><INIT seed="3,0,0,3,2,119" ten="325,218,164,293" oya="3" hai0="23,32,64,14,12,107,112,24,41,104,88,31,90" hai1="96,48,35,5,61,19,116,83,6,20,115,17,122" hai2="132,44,15,121,51,131,45,118,102,9,125,113,95" hai3="91,110,103,82,106,59,53,57,10,2,128,117,68"/><W79/><G68/><T26/><D41/><U76/><E115/><V34/><F15/><W25/><G117/><T37/><D37/><U74/><E116/><V3/><F51/><W30/><G128/><T63/><D112/><U70/><E35/><V92/><F92/><W27/><G110/><T33/><D64/><U54/><E96/><V72/><F9/><W28/><G106/><T69/><D63/><U108/><E108/><V0/><F45/><W127/><G127/><T80/><D80/><U87/><E74/><V8/><F95/><W109/><G109/><T16/><D69/><U11/><E70/><V81/><F8/><W49/><G103/><T85/><D85/><U135/><E61/><V7/><F44/><W58/><G91/><T52/><D31/><N who="3" m="11817" /><G2/><T50/><D50/><U124/><E124/><V99/><F102/><W46/><G10/><T21/><D16/><U98/><E135/><V111/><F81/><W55/><G53/><AGARI ba="0,0" hai="12,14,21,23,24,26,32,33,52,53,88,90,104,107" machi="53" ten="25,6400,0" yaku="22,2,54,2" doraHai="119" who="0" fromWho="3" sc="325,64,218,0,164,0,293,-64" owari="389,49,218,-18,164,-34,229,3" /></mjloggm>