<mjloggm ver="2.3"><GO type="41"/><UN n0="%E3%83%8F%E3%83%B3%E3%82%B2%E3%83%BC%E3%83%97%E3%83%AD" n1="%E3%82%A6%E3%83%AB%E3%83%88%E3%83%A9%E7%AB%8B%E7%9B%B4" n2="%78%78%79%7A" n3="%E3%81%98%E3%82%87%E3%81%AB%E3%83%BC%E3%82%AB%E3%82%AA%E3%82%B9" dan="14,15,14,14" rate="1923,2022,1890,1914" sx="F,M,M,M"/><TAIKYOKU oya="0"/><INIT seed="0,0,0,2,5,35" ten="250,250,250,250" oya="0" hai0="48,72,91,57,46,126,60,81,129,118,59,16,24" hai1="10,122,104,93,105,64,70,84,12,134,53,74,8" hai2="66,108,106,87,112,88,0,85,26,20,76,14,67" hai3="19,45,69,78,115,30,29,73,107,15,113,6,25"/><T34/><D118/><U77/><E64/><V52/><F106/><W56/><G107/><T11/><D126/><U79/><E70/><V33/><F33/><W13/><G69/><T101/><D101/><U62/><E74/><V32/><F32/><W116/><G116/><T100/><D100/><U133/><E122/><V1/><F112/><W5/><G78/><T124/><D124/><U18/><E104/><V39/><F76/><W114/><G73/><T123/><D123/><U54/><E105/><V71/><F14/><N who="3" m="5131" /><G56/><T99/><D11/><U95/><E62/><V83/><F71/><W37/><G45/><T65/><D72/><U130/><E12/><V96/><F39/><W4/><G37/><T80/><D129/><U36/><E36/><V43/><F43/><W75/><G75/><T23/><D34/><U9/><E84/><V22/><F96/><W40/><G40/><N who="0" m="24647" /><D59/><U82/><E82/><V117/><F117/><W41/><G41/><T132/><D132/><U51/><E9/><V61/><F61/><W103/><G103/><T127/><D127/><U121/><E121/><V47/><F83/><W17/><G25/><T111/><D111/><U120/><E120/><V97/><F26/><W102/><G102/><T2/><D2/><U42/><E42/><V27/><F47/><W125/><G125/><T94/><AGARI ba="0,0" hai="16,23,24,57,60,65,80,81,91,94,99" m="24647" machi="94" ten="30,3000,0" yaku="8,1,54,1" doraHai="35" who="0" fromWho="0" sc="250,30,250,-10,250,-10,250,-10" /><INIT seed="0,1,0,5,0,66" ten="280,240,240,240" oya="0" hai0="24,47,90,62,33,36,15,76,31,75,106,39,86" hai1="40,7,49,83,52,81,4,101,134,34,55,74,94" hai2="97,115,25,124,37,127,119,131,19,132,129,80,38" hai3="88,78,87,71,46,58,122,128,84,13,27,3,108"/><T64/><D106/><U109/><E34/><V116/><F80/><N who="1" m="30793" /><E74/><V105/><F97/><W103/><G3/><T48/><D76/><U73/><E73/><V6/><F6/><N who="1" m="2089" /><E109/><V42/><F105/><W70/><G108/><T20/><D75/><U99/><E134/><V32/><F19/><W67/><G103/><T85/><D33/><U28/><E28/><V95/><F95/><W59/><G27/><T26/><D24/><U14/><E14/><V10/><F10/><W123/><G13/><T113/><D15/><U43/><E55/><V35/><F25/><W82/><G128/><N who="2" m="49225" /><F35/><W104/><G104/><T126/><D113/><U0/><E0/><V92/><F92/><W69/><G46/><AGARI ba="1,0" hai="40,43,46,49,52,94,99,101" m="2089,30793" machi="46" ten="30,2000,0" yaku="8,1,54,1" doraHai="66" who="1" fromWho="3" sc="280,0,240,23,240,0,240,-23" /><INIT seed="1,0,0,2,0,74" ten="280,263,240,217" oya="1" hai0="82,52,87,129,43,42,101,40,53,20,102,65,126" hai1="73,38,56,58,31,97,119,28,27,131,122,9,98" hai2="72,4,1,89,3,135,85,36,92,121,125,134,90" hai3="13,33,59,25,41,35,14,79,67,19,104,111,86"/><U81/><E122/><V93/><F36/><W68/><G104/><T61/><D126/><U22/><E38/><V103/><F103/><W51/><G68/><T12/><D129/><U128/><E9/><V21/><F121/><W120/><G120/><T10/><D20/><U91/><E119/><V84/><F21/><W16/><G111/><T15/><D101/><U11/><E11/><V46/><F46/><W48/><G67/><T133/><D102/><U112/><E112/><V105/><F105/><W109/><G109/><T78/><D133/><U69/><E69/><V113/><F125/><W2/><G2/><T39/><D39/><U60/><E31/><V26/><F26/><W99/><G99/><T50/><D53/><U64/><E58/><V94/><F4/><W55/><G25/><T95/><D95/><U17/><E28/><V8/><F8/><W100/><G100/><T110/><D110/><U130/><REACH who="1" step="1"/><E91/><REACH who="1" ten="280,253,240,217" step="2"/><N who="2" m="34827" /><F113/><W54/><G59/><N who="0" m="37055" /><D10/><U70/><E70/><V45/><F45/><AGARI ba="0,1" hai="12,15,40,42,43,45,50,52,78,82,87" m="37055" machi="45" ten="30,3900,0" yaku="8,1,52,1,54,1" doraHai="74" who="0" fromWho="2" sc="280,49,253,0,240,-39,217,0" /><INIT seed="2,0,0,2,2,6" ten="329,253,201,217" oya="2" hai0="40,53,123,73,7,35,64,107,47,12,48,60,117" hai1="94,59,22,41,105,78,77,31,5,114,72,111,130" hai2="10,58,14,116,44,125,91,113,63,109,18,45,96" hai3="17,67,4,88,74,66,82,132,39,27,92,36,38"/><V110/><F91/><W8/><G132/><T95/><D123/><U128/><E105/><V20/><F113/><W61/><G61/><T129/><D107/><U100/><E72/><V0/><F116/><W135/><G135/><T57/><D73/><U106/><E106/><V33/><F33/><W52/><G74/><T103/><D35/><U104/><E104/><V69/><F69/><W54/><G82/><T71/><D117/><U13/><E41/><V65/><F96/><W68/><G68/><T19/><D7/><U15/><E15/><V30/><F125/><W37/><G17/><T46/><D129/><U42/><E42/><V126/><F126/><W34/><G27/><T127/><D127/><U32/><E32/><V112/><F112/><W85/><G34/><T86/><D40/><U70/><E70/><V1/><F30/><W134/><G134/><T56/><D71/><U81/><E81/><V124/><F124/><W90/><G90/><N who="0" m="53719" /><D103/><U97/><E114/><V93/><F93/><W75/><G75/><T115/><D115/><U2/><E2/><N who="2" m="1131" /><F20/><AGARI ba="0,0" hai="12,19,20,46,47,48,53,56,57,60,64" m="53719" machi="20" ten="30,2000,0" yaku="25,1,8,1" doraHai="6" who="0" fromWho="2" sc="329,20,253,0,201,-20,217,0" /><INIT seed="3,0,0,0,2,100" ten="349,253,181,217" oya="3" hai0="87,8,34,3,27,72,32,113,81,95,134,120,105" hai1="126,84,31,17,88,24,103,129,15,10,0,122,133" hai2="130,13,14,101,104,26,116,49,22,124,107,93,30" hai3="86,82,47,71,83,76,132,63,6,7,111,97,90"/><W114/><G114/><T66/><D120/><U135/><E122/><V25/><F93/><W5/><G132/><T1/><D105/><U123/><E123/><V16/><F116/><W92/><G111/><T80/><D134/><U65/><E126/><V2/><F2/><W23/><G47/><T39/><D66/><U102/><E129/><V96/><F130/><W109/><G109/><T41/><D95/><U115/><E115/><V112/><F112/><W43/><G43/><T46/><D113/><U50/><E0/><V78/><F78/><W61/><G23/><T38/><D39/><U58/><E133/><V20/><F124/><W21/><G21/><T51/><D51/><U42/><E135/><V121/><F121/><W99/><G71/><T60/><D60/><U64/><E64/><V29/><F29/><W91/><REACH who="3" step="1"/><G99/><REACH who="3" ten="349,253,181,207" step="2"/><T110/><D110/><U19/><E42/><V69/><F69/><W70/><G70/><T9/><D41/><U36/><E36/><V28/><F28/><W18/><G18/><T52/><D46/><U79/><E31/><V11/><F11/><W4/><N who="3" m="1536" /><DORA hai="85" /><W74/><AGARI ba="0,1" hai="61,63,74,76,82,83,86,90,91,92,97" m="1536" machi="74" ten="40,12000,1" yaku="1,1,4,1,0,1,52,2,53,0" doraHai="100,85" doraHaiUra="68,117" who="3" fromWho="3" sc="349,-40,253,-40,181,-40,207,130" /><INIT seed="3,1,0,3,0,135" ten="309,213,141,337" oya="3" hai0="132,119,25,19,120,88,69,118,51,8,9,24,66" hai1="128,99,77,127,89,90,33,91,126,87,84,42,97" hai2="23,49,104,94,113,0,30,63,39,21,96,93,13" hai3="95,123,2,109,107,16,14,38,40,115,98,6,134"/><W58/><G134/><T57/><D120/><U3/><E42/><V82/><F0/><W133/><G133/><T74/><D132/><U92/><E33/><V59/><F39/><W32/><G123/><T44/><D74/><U80/><E3/><V5/><F104/><W129/><G115/><T28/><D69/><U116/><E116/><V11/><F49/><W112/><G112/><T55/><D25/><U100/><E128/><V1/><F113/><W65/><G32/><T34/><D118/><U101/><E87/><V67/><F82/><W70/><G129/><T15/><D119/><U41/><E41/><V4/><F4/><W64/><G107/><AGARI ba="1,0" hai="77,80,84,89,90,91,92,97,99,100,101,107,126,127" machi="107" ten="40,8000,1" yaku="34,3,52,2" doraHai="135" who="1" fromWho="3" sc="309,0,213,83,141,0,337,-83" /><INIT seed="4,0,0,1,0,57" ten="309,296,141,254" oya="0" hai0="68,103,100,120,43,22,102,19,27,89,28,72,70" hai1="97,8,23,74,130,87,33,104,112,7,77,49,18" hai2="65,0,93,101,133,94,1,88,113,55,15,122,20" hai3="126,99,39,45,114,42,129,32,37,131,12,31,16"/><T105/><D120/><U44/><E33/><V63/><F55/><W52/><G114/><T41/><D72/><U82/><E130/><V106/><F106/><W116/><G116/><T84/><D105/><U95/><E104/><V35/><F35/><W76/><G76/><T62/><D28/><U91/><E112/><V9/><F113/><W80/><G80/><T17/><D19/><U38/><E38/><V50/><F50/><W107/><G31/><T135/><D135/><U81/><E81/><V58/><F20/><W115/><G32/><T21/><D22/><U30/><E30/><V119/><F119/><W90/><G115/><T13/><D27/><U109/><E109/><V10/><F122/><W132/><G132/><T121/><D121/><U71/><E71/><V96/><F133/><W2/><G2/><T134/><D134/><U125/><E125/><V98/><F10/><W24/><G126/><T36/><D36/><U79/><E18/><AGARI ba="0,0" hai="0,1,9,15,18,58,63,65,88,93,94,96,98,101" machi="18" ten="30,3900,0" yaku="7,1,52,1,54,1" doraHai="57" who="2" fromWho="1" sc="309,0,296,-39,141,39,254,0" /><INIT seed="5,0,0,3,4,12" ten="309,257,180,254" oya="1" hai0="54,15,75,23,38,43,73,102,94,83,72,35,120" hai1="128,36,130,80,32,45,103,33,10,47,129,100,31" hai2="77,104,76,117,13,68,66,84,121,8,119,49,88" hai3="4,90,78,134,125,106,70,5,93,7,96,16,20"/><U99/><E31/><V105/><F66/><W6/><G70/><T61/><D35/><N who="1" m="13387" /><E80/><N who="2" m="49159" /><F68/><W98/><G106/><N who="2" m="41065" /><F13/><W71/><G71/><T41/><D83/><U132/><E99/><V52/><F52/><W108/><G78/><N who="2" m="30313" /><F8/><W133/><G108/><T110/><D110/><U82/><E36/><V14/><F14/><W3/><G3/><T114/><D114/><U50/><E50/><V40/><F40/><W19/><G20/><T0/><D0/><U97/><E45/><V27/><F27/><W64/><G64/><T107/><D107/><U18/><E47/><V118/><F49/><W79/><G79/><T21/><D120/><AGARI ba="0,0" hai="117,118,119,120,121" m="30313,41065,49159" machi="120" ten="40,5200,0" yaku="34,2,54,1" doraHai="12" who="2" fromWho="0" sc="309,-52,257,0,180,52,254,0" /><INIT seed="6,0,0,1,1,18" ten="257,257,232,254" oya="2" hai0="62,83,72,124,42,77,58,116,39,71,73,66,101" hai1="84,31,56,100,52,92,107,61,1,93,5,49,90" hai2="8,47,85,97,122,129,108,29,130,2,25,11,94" hai3="10,50,4,103,44,24,51,35,64,65,96,126,115"/><V21/><F85/><W135/><G126/><T37/><D124/><U119/><E119/><V75/><F75/><W68/><G135/><T33/><D116/><U95/><E107/><V6/><F122/><W114/><G68/><T34/><D58/><U81/><E31/><V79/><F79/><W69/><G69/><T86/><D101/><U70/><E5/><V111/><F47/><W118/><G118/><T99/><D99/><U30/><E1/><V7/><F94/><W109/><G109/><N who="2" m="42057" /><F97/><W131/><G131/><T45/><REACH who="0" step="1"/><D39/><REACH who="0" ten="247,257,232,254" step="2"/><U117/><E117/><V54/><F54/><W88/><G103/><T113/><D113/><U128/><E128/><V102/><F102/><W9/><G115/><T127/><D127/><U112/><E112/><V3/><AGARI ba="0,1" hai="2,3,6,7,8,11,21,25,29,129,130" m="42057" machi="3" ten="30,11700,0" yaku="10,1,34,2,52,1" doraHai="18" who="2" fromWho="2" sc="247,-39,257,-39,232,127,254,-39" /><INIT seed="6,1,0,5,2,40" ten="208,218,359,215" oya="2" hai0="56,126,32,89,82,98,134,39,43,41,47,110,2" hai1="23,132,68,133,73,100,108,20,29,5,113,63,58" hai2="31,65,103,109,92,6,35,85,71,4,102,135,17" hai3="34,101,62,15,75,38,88,24,53,94,45,3,106"/><V112/><F35/><W1/><G75/><T81/><D110/><U52/><E73/><V123/><F31/><W91/><G15/><T104/><D32/><U55/><E108/><V13/><F109/><W36/><G34/><T95/><D2/><U28/><E68/><V69/><F123/><W16/><G36/><T125/><D104/><U50/><E100/><V87/><F65/><W27/><G38/><T22/><D134/><N who="1" m="51819" /><E5/><V54/><F135/><W42/><G106/><T129/><D129/><U21/><E113/><V116/><F112/><W105/><G105/><T25/><D56/><AGARI ba="1,0" hai="20,21,23,28,29,50,52,55,56,58,63" m="51819" machi="56" ten="30,2000,0" yaku="20,1,54,1" doraHai="40" who="1" fromWho="0" sc="208,-23,218,23,359,0,215,0" /><INIT seed="7,0,0,5,5,112" ten="185,241,359,215" oya="3" hai0="121,80,101,94,126,61,26,77,129,103,19,72,119" hai1="8,13,114,28,1,54,98,23,55,75,93,62,96" hai2="30,100,74,73,122,60,18,46,37,99,42,69,86" hai3="2,33,84,95,127,130,115,29,39,59,32,57,15"/><W21/><G39/><T111/><D121/><U116/><E75/><V110/><F18/><W90/><G2/><T133/><D111/><U106/><E1/><V66/><F110/><W104/><G104/><T109/><D109/><U50/><E106/><V120/><F86/><W118/><G115/><T9/><D126/><U78/><E78/><V64/><F64/><W113/><G113/><T5/><D129/><U105/><E105/><N who="2" m="63647" /><F30/><W14/><G127/><T56/><D133/><U11/><E11/><V63/><F63/><W79/><G130/><T92/><D94/><U134/><E134/><V124/><F124/><W58/><G118/><T91/><D119/><U36/><E36/><V117/><F117/><W40/><G40/><T3/><D26/><U81/><E81/><V135/><F135/><W41/><G41/><T24/><D24/><U43/><E43/><V123/><AGARI ba="0,0" hai="37,42,46,60,66,69,73,74,120,122,123" m="63647" machi="123" ten="30,2000,0" yaku="13,1,23,1" doraHai="112" who="2" fromWho="2" sc="185,-5,241,-5,359,20,215,-10" owari="180,-32.0,236,4.0,379,47.0,205,-19.0" /></mjloggm>