<mjloggm ver="2.3"><GO type="169" lobby="0"/><UN n0="%EF%BC%88%E2%89%A7%E2%96%BD%E2%89%A6%EF%BC%89" n1="%E3%81%90%E3%81%9D%E3%83%BC" n2="%E6%AD%A6%E5%A3%AB%E6%B2%A2%E7%A7%80%E8%A1%8C" n3="%42%69%72%6F%72%69" dan="17,16,17,16" rate="2179.56,2077.47,2158.71,2008.86" sx="M,M,M,M"/><TAIKYOKU oya="0"/><INIT seed="0,0,0,0,5,122" ten="250,250,250,250" oya="0" hai0="130,12,116,45,87,96,121,81,65,112,98,58,85" hai1="91,76,78,52,67,84,9,120,0,72,55,99,83" hai2="63,133,92,77,102,124,134,2,51,94,48,24,66" hai3="33,14,21,118,57,128,110,19,104,29,131,61,18"/><T38/><D121/><U6/><E120/><V101/><F2/><W34/><G118/><T40/><D116/><U32/><E32/><V88/><F124/><W60/><G104/><T5/><D112/><U28/><E28/><V1/><F1/><W100/><G100/><T125/><D125/><U62/><E78/><V111/><F77/><W109/><G61/><T127/><D127/><U97/><E97/><V35/><F94/><W23/><G60/><T42/><D130/><N who="3" m="49705" /><G57/><T37/><D58/><U74/><E99/><N who="2" m="57735" /><F101/><W39/><G39/><T93/><D65/><U11/><E11/><V3/><F3/><W135/><G135/><N who="2" m="51721" /><F102/><W70/><G70/><T75/><D93/><U56/><E74/><V53/><F53/><W13/><G29/><T73/><D73/><U114/><REACH who="1" step="1"/><E114/><REACH who="1" ten="250,240,250,250" step="2"/><V86/><F35/><AGARI ba="0,1" hai="13,14,18,19,21,23,33,34,35,109,110" m="49705" machi="35" ten="30,8000,1" yaku="19,1,34,2,52,2" doraHai="122" who="3" fromWho="2" sc="250,0,240,0,250,-80,250,90" /><INIT seed="1,0,0,0,3,36" ten="250,240,170,340" oya="1" hai0="120,107,52,116,3,89,0,25,12,74,131,111,24" hai1="6,100,46,126,43,21,5,130,67,34,102,32,10" hai2="7,62,118,18,64,122,9,51,85,37,19,101,86" hai3="4,82,73,33,77,63,81,47,117,90,135,28,127"/><U29/><E67/><V104/><F37/><W39/><G4/><T20/><D74/><U42/><E21/><V87/><F122/><W109/><G109/><T110/><D120/><U40/><E46/><V11/><F118/><W71/><G117/><T31/><D116/><U50/><E50/><V99/><F51/><W68/><G127/><T124/><D107/><U61/><E61/><V54/><F54/><W75/><G135/><T80/><D124/><U53/><E126/><V88/><F11/><W79/><G90/><T121/><D121/><U30/><E53/><V45/><F45/><W58/><G58/><T8/><D131/><U83/><E83/><V69/><REACH who="2" step="1"/><F88/><REACH who="2" ten="250,240,160,340" step="2"/><W115/><G47/><T55/><D55/><U1/><E130/><V60/><F60/><W16/><G39/><T113/><D52/><U108/><E108/><V91/><F91/><W66/><G63/><T59/><D111/><U38/><E38/><V14/><AGARI ba="0,1" hai="7,9,14,18,19,62,64,69,85,86,87,99,101,104" machi="14" ten="30,4000,0" yaku="1,1,0,1,53,1" doraHai="36" doraHaiUra="98" who="2" fromWho="2" sc="250,-10,240,-20,160,50,340,-10" /><INIT seed="2,0,0,0,3,96" ten="240,220,210,330" oya="2" hai0="76,47,67,132,33,101,115,20,135,134,109,104,55" hai1="2,126,92,35,130,124,6,68,102,16,97,87,31" hai2="60,59,48,129,4,27,94,64,25,114,0,28,44" hai3="18,113,30,93,82,39,73,61,53,23,36,22,89"/><V112/><F129/><W19/><G113/><T17/><D33/><U15/><E68/><V77/><F27/><W29/><G39/><T46/><D115/><U13/><E130/><V116/><F116/><W34/><G36/><T98/><D109/><U32/><E2/><V107/><F107/><W49/><G34/><T1/><D1/><U58/><E31/><N who="3" m="11786" /><G73/><T62/><D55/><U95/><E58/><V133/><F133/><W84/><G61/><T110/><D76/><U125/><E13/><V86/><F4/><W10/><G82/><T66/><D110/><U117/><E6/><V9/><F0/><W65/><G65/><T8/><D8/><N who="1" m="6247" /><E117/><V88/><F9/><W100/><G10/><T14/><REACH who="0" step="1"/><D67/><REACH who="0" ten="230,220,210,330" step="2"/><U118/><E118/><V80/><F44/><W85/><G53/><T83/><D83/><U127/><E127/><V41/><F41/><W119/><G119/><T70/><AGARI ba="0,1" hai="14,17,20,46,47,62,66,70,98,101,104,132,134,135" machi="70" ten="30,7900,0" yaku="1,1,0,1,20,1,52,1,53,0" doraHai="96" doraHaiUra="51" who="0" fromWho="0" sc="230,89,220,-20,210,-39,330,-20" /><INIT seed="3,0,0,5,0,118" ten="319,200,171,310" oya="3" hai0="26,2,24,71,85,126,52,41,62,91,4,78,57" hai1="3,42,28,6,29,134,119,114,100,61,58,112,38" hai2="101,9,68,50,97,109,65,123,75,74,81,25,76" hai3="122,102,21,121,113,70,56,31,89,23,116,53,69"/><W37/><G116/><T106/><D106/><U98/><E119/><V124/><F109/><W63/><G113/><T67/><D126/><U1/><E38/><V59/><F124/><W99/><G37/><T40/><D78/><U86/><E42/><V17/><F68/><W80/><G70/><T66/><D2/><U87/><E58/><V93/><F74/><W43/><G43/><N who="0" m="16459" /><D4/><U125/><E98/><V110/><F110/><W51/><G80/><N who="0" m="49575" /><D71/><U16/><E6/><V84/><F75/><W73/><G73/><T0/><D0/><U108/><E108/><V10/><F123/><W8/><G69/><T72/><D72/><U120/><E125/><V19/><F50/><W104/><G51/><T88/><D88/><U82/><E100/><V30/><F10/><W54/><G89/><T15/><D15/><U131/><E82/><V12/><F30/><W79/><G31/><T20/><D24/><U27/><E27/><V49/><F49/><W95/><G79/><T18/><AGARI ba="0,0" hai="18,20,26,52,57,62,66,67" m="49575,16459" machi="18" ten="30,2000,0" yaku="8,1,54,1" doraHai="118" who="0" fromWho="0" sc="319,20,200,-5,171,-5,310,-10" /><INIT seed="4,0,0,5,4,111" ten="339,195,166,300" oya="0" hai0="24,47,23,28,69,79,11,76,122,15,53,35,63" hai1="91,81,82,20,30,66,61,128,78,56,92,10,94" hai2="13,67,116,42,36,57,49,114,3,21,41,0,17" hai3="54,12,105,29,84,90,48,100,43,38,115,102,25"/><T51/><D122/><U131/><E10/><V85/><F116/><W14/><G38/><T118/><D118/><U4/><E4/><V39/><F3/><W37/><G37/><T2/><D69/><U93/><E91/><V74/><F0/><W103/><G43/><T50/><D63/><U95/><N who="1" m="23552" /><DORA hai="113" /><U121/><E121/><V9/><F74/><W73/><G105/><T98/><D98/><U112/><E112/><V33/><F33/><W134/><G73/><T71/><D71/><U6/><E6/><V123/><F123/><W109/><G115/><T19/><D50/><U80/><REACH who="1" step="1"/><E78/><REACH who="1" ten="339,185,166,300" step="2"/><V7/><F7/><AGARI ba="0,1" hai="2,7,11,15,19,23,24,28,35,47,51,53,76,79" machi="7" ten="40,3900,0" yaku="24,2" doraHai="111,113" who="0" fromWho="2" sc="339,49,185,0,166,-39,300,0" /><INIT seed="4,1,0,2,4,28" ten="388,185,127,300" oya="0" hai0="133,52,19,92,129,14,64,41,55,89,16,3,36" hai1="49,34,4,79,88,69,94,73,119,85,27,66,53" hai2="24,61,63,50,20,118,43,100,30,111,78,125,115" hai3="104,8,93,58,76,70,135,48,29,86,124,122,91"/><T98/><D3/><U97/><E119/><V72/><F118/><W40/><G70/><T6/><D133/><U42/><E4/><V109/><F125/><W84/><G104/><T131/><D64/><U0/><E0/><V99/><F115/><W77/><G124/><T26/><D6/><U110/><E110/><V57/><F78/><W107/><G107/><T68/><D68/><U46/><E73/><V103/><F72/><W126/><G126/><T56/><D26/><U21/><E69/><V39/><F39/><W45/><G135/><T2/><D2/><U38/><E66/><V83/><F83/><W10/><G122/><T67/><D67/><U128/><E128/><N who="0" m="49225" /><D56/><U95/><E79/><N who="3" m="30282" /><G29/><T121/><D121/><U23/><E38/><V120/><F30/><W18/><G84/><T17/><D14/><U75/><E75/><V82/><F120/><W114/><G114/><T81/><D81/><U31/><REACH who="1" step="1"/><E42/><REACH who="1" ten="388,175,127,300" step="2"/><V51/><F43/><W59/><G40/><T54/><D41/><U71/><E71/><V25/><F111/><W37/><G37/><AGARI ba="1,1" hai="16,17,19,36,37,52,54,55,89,92,98" m="49225" machi="37" ten="40,7700,0" yaku="19,1,54,2" doraHai="28" who="0" fromWho="3" sc="388,90,175,0,127,0,300,-80" /><INIT seed="4,2,0,0,2,83" ten="478,175,127,220" oya="0" hai0="94,84,3,45,98,105,56,25,125,58,121,2,86" hai1="119,132,68,117,30,10,124,114,36,61,1,80,131" hai2="115,88,51,4,130,109,28,41,46,11,29,76,27" hai3="6,96,103,81,23,72,129,66,77,73,90,31,85"/><T78/><D121/><U32/><RYUUKYOKU type="yao9" ba="2,0" sc="478,0,175,0,127,0,220,0" hai1="1,10,30,32,36,61,68,80,114,117,119,124,131,132" /><INIT seed="4,3,0,5,3,85" ten="478,175,127,220" oya="0" hai0="71,45,41,48,106,133,19,47,0,90,117,39,102" hai1="118,94,35,2,44,10,60,64,67,52,125,34,76" hai2="6,77,92,101,112,4,32,111,75,80,84,88,27" hai3="126,58,57,70,121,120,43,134,82,29,36,50,68"/><T11/><D117/><U97/><E118/><V26/><F111/><W119/><G82/><T129/><D71/><N who="3" m="27177" /><G29/><T20/><D102/><U72/><E125/><V12/><F112/><W135/><G119/><T108/><D106/><U87/><E72/><V113/><F113/><W31/><G31/><T1/><D108/><U25/><E35/><V73/><F73/><W124/><G36/><T46/><D11/><U86/><E34/><V5/><F32/><W51/><G124/><T128/><D39/><U115/><E115/><V23/><F101/><W116/><G126/><T83/><D0/><U38/><E25/><V22/><F22/><W123/><G116/><T42/><D1/><U15/><E2/><V132/><F132/><N who="3" m="50731" /><G43/><T89/><D133/><U96/><E38/><V69/><F69/><W114/><G114/><T37/><D83/><N who="1" m="47463" /><E87/><N who="2" m="52255" /><F75/><W81/><G81/><T54/><D37/><U99/><E94/><V28/><F27/><W107/><G107/><T105/><D105/><U49/><E60/><V78/><F78/><W95/><G95/><T33/><D33/><U62/><E62/><V127/><F127/><W91/><G91/><T131/><D89/><U104/><E104/><V100/><F100/><W110/><G110/><T21/><D90/><U8/><E8/><AGARI ba="3,0" hai="4,5,6,8,12,23,26,28,77,80,84" m="52255" machi="8" ten="30,3900,0" yaku="8,1,52,1,54,1" doraHai="85" who="2" fromWho="1" sc="478,0,175,-48,127,48,220,0" /><INIT seed="5,0,0,1,2,56" ten="478,127,175,220" oya="1" hai0="116,47,13,67,102,33,19,55,71,81,23,100,90" hai1="78,86,66,114,26,77,70,37,128,28,5,74,53" hai2="109,54,35,58,89,29,17,85,49,76,59,30,32" hai3="65,63,64,42,93,75,25,7,94,11,98,69,14"/><U16/><E37/><V105/><F105/><W103/><G75/><T134/><D116/><U52/><E74/><V127/><F127/><W113/><G113/><T2/><D33/><U126/><E5/><V106/><F106/><W123/><G123/><T119/><D2/><U36/><E36/><V40/><F109/><W130/><G130/><T3/><D3/><U38/><E38/><V72/><F72/><W101/><G42/><T12/><D119/><U50/><E114/><V57/><F76/><W43/><G43/><T15/><D67/><U88/><E128/><V125/><F125/><W4/><G65/><T120/><D71/><U45/><E126/><V68/><F68/><W34/><G34/><T83/><D134/><U133/><E133/><V44/><F35/><W124/><G124/><T48/><D120/><U73/><E73/><V60/><F17/><W92/><G25/><N who="0" m="14591" /><D90/><U51/><E28/><N who="2" m="10859" /><F32/><W96/><REACH who="3" step="1"/><G92/><AGARI ba="0,0" hai="40,44,49,54,57,58,59,60,85,89,92" m="10859" machi="92" ten="30,2000,0" yaku="8,1,52,1" doraHai="56" who="2" fromWho="3" sc="478,0,127,0,175,20,220,-20" /><INIT seed="6,0,0,4,3,66" ten="478,127,195,200" oya="2" hai0="65,105,122,93,85,1,40,127,96,95,6,20,55" hai1="87,119,17,54,101,14,103,115,47,42,118,31,104" hai2="124,9,92,99,19,112,49,132,36,58,91,75,38" hai3="135,0,121,5,129,45,110,114,3,123,21,26,8"/><V24/><F124/><W76/><G76/><T33/><D33/><U70/><E115/><V53/><F112/><W73/><G45/><T18/><D122/><N who="3" m="46601" /><G73/><T106/><D127/><U80/><E31/><V68/><F68/><W12/><G114/><T116/><D6/><U25/><E25/><V94/><F75/><W83/><G83/><T100/><D1/><N who="3" m="585" /><G110/><T57/><D40/><U130/><E130/><V64/><F64/><W113/><G113/><T107/><D116/><U67/><E54/><V51/><F38/><W125/><G125/><T77/><D55/><U50/><E119/><V10/><F36/><W32/><G135/><T71/><D57/><U60/><E104/><V11/><F132/><W89/><G89/><T2/><D2/><U102/><E118/><V108/><F108/><W62/><G62/><T30/><D30/><U74/><E74/><V43/><F43/><W46/><G46/><T120/><D18/><U78/><REACH who="1" step="1"/><E103/><REACH who="1" ten="478,117,195,200" step="2"/><V63/><F24/><W41/><G129/><T61/><D100/><U82/><E82/><V126/><F126/><W133/><G133/><T44/><D85/><U59/><E59/><V39/><F58/><W35/><G41/><T81/><D81/><U134/><E134/><V98/><F53/><W23/><G26/><T131/><D120/><U27/><E27/><V34/><F94/><W84/><G32/><T7/><D95/><U22/><AGARI ba="0,1" hai="14,17,22,42,47,50,60,67,70,78,80,87,101,102" machi="22" ten="20,8000,1" yaku="1,1,0,1,7,1,52,1,53,1" doraHai="66" doraHaiUra="72" who="1" fromWho="1" sc="478,-20,117,90,195,-40,200,-20" /><INIT seed="7,0,0,5,3,65" ten="458,207,155,180" oya="3" hai0="63,105,82,43,103,46,59,89,74,67,24,120,31" hai1="28,100,111,53,32,85,42,80,132,113,66,84,115" hai2="38,95,44,77,8,2,123,49,79,22,83,118,109" hai3="13,37,17,129,98,106,124,29,40,36,110,12,70"/><W114/><G29/><T126/><D120/><U72/><E111/><V34/><F34/><W47/><G110/><T93/><D126/><U9/><E66/><V97/><F123/><W45/><G70/><T4/><D4/><U1/><E100/><V39/><F118/><W96/><G124/><T54/><D105/><U68/><E68/><V73/><F109/><W78/><G78/><T7/><D7/><N who="1" m="1263" /><E42/><V102/><F79/><W88/><G114/><N who="1" m="43530" /><E132/><V23/><F8/><W131/><G106/><T133/><D24/><N who="1" m="18439" /><E72/><V86/><F2/><W121/><G121/><T92/><D82/><U108/><E108/><V107/><F39/><W52/><G40/><T122/><D59/><U91/><E85/><V101/><F38/><W94/><G17/><T119/><D89/><U71/><E71/><V26/><F26/><W10/><G88/><T64/><D63/><U135/><E135/><V41/><F101/><W76/><G76/><T87/><D43/><U62/><E53/><V60/><F60/><AGARI ba="0,0" hai="60,62,80,84,91" m="18439,43530,1263" machi="60" ten="30,1000,0" yaku="15,1" doraHai="65" who="1" fromWho="2" sc="458,0,207,10,155,-10,180,0" owari="458,55.0,217,2.0,145,-35.0,180,-22.0" /></mjloggm>