<mjloggm ver="2.3"><GO type="41"/><UN n0="%64%64%5F%74%72%65%6E%6F" n1="%E3%82%A2%E3%82%A6%E3%83%81" n2="%E3%82%86%E3%83%BC%EF%BC%A0%E5%9F%BC%E7%8E%89" n3="%E3%82%A6%E3%83%AB%E3%83%88%E3%83%A9%E7%AB%8B%E7%9B%B4" dan="13,14,15,15" rate="1801,1994,1986,1961" sx="M,M,M,M"/><TAIKYOKU oya="0"/><INIT seed="0,0,0,4,0,91" ten="250,250,250,250" oya="0" hai0="87,57,21,107,90,92,18,40,69,128,62,78,82" hai1="52,39,108,76,109,132,93,113,58,71,43,44,46" hai2="27,63,133,89,55,37,127,120,79,31,115,122,1" hai3="123,119,19,41,66,65,104,124,0,9,47,16,74"/><T3/><D69/><U101/><E76/><V60/><F115/><W116/><G104/><T118/><D118/><U68/><E113/><V5/><F37/><W30/><G30/><T2/><D128/><U126/><E101/><V94/><F79/><W102/><G102/><T96/><D40/><U100/><E100/><V34/><F133/><W12/><G74/><T35/><D35/><U110/><E132/><V84/><F127/><W130/><G119/><T73/><D107/><U53/><E126/><V77/><F77/><W10/><G116/><T117/><D117/><U22/><E22/><V38/><F38/><W20/><G130/><T83/><D83/><U6/><E93/><V32/><F32/><W45/><G45/><T106/><D106/><U67/><E67/><V61/><F5/><W59/><G123/><T97/><D3/><U80/><E80/><V56/><REACH who="2" step="1"/><F1/><REACH who="2" ten="250,250,240,250" step="2"/><W75/><G0/><T125/><D2/><U51/><REACH who="1" step="1"/><E6/><REACH who="1" ten="250,240,240,250" step="2"/><V42/><F42/><W29/><G41/><T88/><D125/><U105/><E105/><V134/><F134/><W8/><G124/><T14/><REACH who="0" step="1"/><D90/><REACH who="0" ten="240,240,240,250" step="2"/><U95/><E95/><V28/><F28/><W17/><G29/><T54/><AGARI ba="0,3" hai="14,18,21,54,57,62,73,78,82,87,88,92,96,97" machi="54" ten="20,18000,2" yaku="1,1,2,1,0,1,7,1,52,1,54,1,53,0" doraHai="91" doraHaiUra="111" who="0" fromWho="0" sc="240,210,240,-60,240,-60,250,-60" /><INIT seed="0,1,0,3,1,2" ten="450,180,180,190" oya="0" hai0="134,103,117,64,116,48,77,24,129,60,67,54,120" hai1="1,128,82,33,91,127,11,44,122,102,43,21,34" hai2="86,110,99,18,14,7,90,71,22,114,121,9,93" hai3="55,3,57,37,49,30,97,45,65,70,29,42,36"/><T109/><D103/><U92/><E122/><V0/><F121/><W130/><G97/><T101/><D101/><U16/><E127/><V118/><F118/><N who="0" m="45674" /><D77/><U131/><E102/><V96/><F114/><W47/><G3/><T27/><D27/><U59/><E82/><V25/><F110/><W124/><G29/><T100/><D100/><U79/><E59/><V19/><REACH who="2" step="1"/><F71/><REACH who="2" ten="450,180,170,190" step="2"/><W126/><G126/><T104/><D24/><U73/><E131/><V51/><F51/><W46/><G124/><T94/><D104/><U72/><E128/><V87/><F87/><W4/><G130/><T20/><D94/><U10/><E73/><V112/><F112/><W133/><G37/><T26/><D129/><U17/><E72/><V40/><F40/><W62/><G133/><T69/><D120/><U35/><E43/><V12/><F12/><W5/><G30/><T88/><D109/><U58/><E92/><V108/><F108/><W56/><G70/><T52/><D134/><U74/><E74/><V84/><F84/><W81/><G81/><T23/><D26/><U32/><E1/><V78/><F78/><W39/><G39/><T132/><D132/><U53/><E79/><V76/><F76/><W125/><G125/><T31/><D31/><U63/><E35/><V119/><F119/><W106/><G106/><T105/><D105/><U15/><E34/><V8/><AGARI ba="1,1" hai="0,7,8,9,14,18,19,22,25,86,90,93,96,99" machi="8" ten="20,12000,2" yaku="1,1,0,1,7,1,52,1,53,2" doraHai="2" doraHaiUra="95" who="2" fromWho="2" sc="450,-61,180,-31,170,133,190,-31" /><INIT seed="1,0,0,1,5,81" ten="389,149,303,159" oya="1" hai0="87,75,77,84,8,55,131,82,69,34,74,27,53" hai1="26,133,33,6,20,122,72,80,68,56,94,4,83" hai2="48,16,67,112,46,130,35,98,40,14,7,109,103" hai3="19,79,32,118,39,28,50,106,44,10,37,126,49"/><U116/><E116/><V66/><F35/><W123/><G49/><T107/><D69/><U92/><E122/><V128/><F7/><W42/><G106/><T135/><D107/><U114/><E114/><V105/><F112/><W17/><G123/><T93/><D131/><N who="2" m="50218" /><F109/><W73/><G19/><T95/><D135/><U65/><E68/><V2/><F2/><W41/><G39/><T125/><D125/><U5/><E33/><V25/><F25/><W91/><G42/><T85/><D8/><AGARI ba="0,0" hai="8,14,16,40,46,48,66,67,98,103,105" m="50218" machi="8" ten="30,2000,0" yaku="19,1,54,1" doraHai="81" who="2" fromWho="0" sc="389,-20,149,0,303,20,159,0" /><INIT seed="2,0,0,1,2,121" ten="369,149,323,159" oya="2" hai0="42,13,74,122,84,19,73,6,8,63,44,75,58" hai1="111,100,54,46,21,61,82,11,7,90,120,105,66" hai2="129,115,123,26,91,16,12,9,107,119,29,80,110" hai3="79,5,40,70,15,78,102,93,127,88,56,50,18"/><V81/><F123/><W89/><G70/><T28/><D122/><U0/><E120/><V60/><F119/><W116/><G116/><T126/><D126/><U2/><E111/><V25/><F107/><W85/><G127/><T3/><D28/><U86/><E105/><V33/><F115/><W118/><G118/><T51/><D84/><U96/><E21/><V95/><F129/><W38/><G102/><T97/><D97/><U49/><E0/><V98/><F110/><W76/><G5/><T4/><REACH who="0" step="1"/><D3/><REACH who="0" ten="359,149,323,159" step="2"/><U128/><E128/><V59/><REACH who="2" step="1"/><F26/><REACH who="2" ten="359,149,313,159" step="2"/><W114/><G114/><T68/><D68/><U55/><E96/><V92/><F92/><W135/><G93/><T14/><D14/><U39/><E39/><V52/><AGARI ba="0,2" hai="9,12,16,25,29,33,52,59,60,80,81,91,95,98" machi="52" ten="20,12000,1" yaku="1,1,0,1,7,1,54,2,53,0" doraHai="121" doraHaiUra="65" who="2" fromWho="2" sc="359,-40,149,-40,313,140,159,-40" /><INIT seed="2,1,0,3,1,73" ten="319,109,453,119" oya="2" hai0="125,98,37,13,92,81,80,22,118,20,112,127,38" hai1="40,65,8,25,70,101,71,54,31,128,47,72,116" hai2="134,16,34,32,62,21,123,53,91,2,4,119,84" hai3="126,45,58,106,76,107,86,110,88,33,90,129,0"/><V1/><F123/><W135/><G58/><T35/><D35/><U46/><E116/><V26/><F119/><W19/><G45/><T36/><D13/><U42/><E128/><V67/><F134/><W9/><G19/><T108/><D118/><U49/><E101/><V66/><F66/><W59/><G59/><T60/><D60/><U105/><E105/><N who="3" m="39946" /><G9/><T44/><D44/><U132/><E132/><V109/><F109/><W12/><G12/><T93/><D98/><U23/><E72/><V39/><F39/><N who="0" m="9986" /><T117/><DORA hai="29" /><D117/><U85/><E8/><V69/><F53/><W6/><G33/><T100/><D100/><U104/><E104/><V28/><F34/><W56/><G56/><T18/><D18/><U83/><E54/><V82/><REACH who="2" step="1"/><F4/><REACH who="2" ten="319,109,443,119" step="2"/><W68/><G6/><T77/><D108/><U52/><E65/><V10/><F10/><W102/><G110/><T43/><D43/><U51/><REACH who="1" step="1"/><E40/><REACH who="1" ten="319,99,443,119" step="2"/><V3/><F3/><W5/><G0/><T50/><D112/><U74/><E74/><V97/><F97/><W130/><G135/><T103/><D103/><U99/><E99/><V27/><AGARI ba="1,2" hai="1,2,16,21,26,27,28,32,62,67,69,82,84,91" machi="27" ten="20,12000,1" yaku="1,1,0,1,7,1,52,1,54,1,53,0" doraHai="73,29" doraHaiUra="75,122" who="2" fromWho="2" sc="319,-41,99,-41,443,143,119,-41" /><INIT seed="2,2,0,5,2,42" ten="278,58,586,78" oya="2" hai0="19,95,57,119,84,33,132,109,43,93,3,37,78" hai1="24,64,104,102,99,16,81,97,103,128,126,86,5" hai2="30,133,69,45,34,67,65,1,26,10,27,53,113" hai3="14,41,91,52,77,21,17,107,40,2,105,125,61"/><V83/><F113/><W92/><G2/><T54/><D119/><U44/><E5/><V118/><F118/><W47/><G125/><T29/><D109/><U6/><E6/><V46/><F53/><W8/><G77/><T49/><D132/><U135/><E126/><V55/><F55/><W117/><G117/><T12/><D3/><U18/><E135/><V82/><F133/><W110/><G110/><T87/><D33/><U31/><E128/><V22/><F1/><W120/><G120/><T39/><D29/><U58/><E64/><V123/><F123/><W15/><G105/><T20/><D37/><U89/><E58/><V108/><F108/><W129/><G107/><T90/><D39/><U59/><E59/><V115/><F115/><W0/><G0/><T35/><D35/><U50/><E99/><V76/><F10/><W11/><G129/><T70/><D70/><U28/><E102/><V7/><F7/><W63/><G63/><T127/><D127/><U68/><E68/><V32/><F69/><W106/><G106/><T71/><D71/><U94/><E28/><V4/><F4/><W48/><G15/><T114/><D114/><U100/><E100/><V73/><F83/><W124/><G124/><T98/><D43/><N who="3" m="16457" /><G61/><T96/><D78/><U51/><E50/><V112/><F112/><W62/><G62/><T13/><D13/><U116/><E116/><V85/><F73/><W60/><G60/><T131/><D131/><U101/><E103/><AGARI ba="2,0" hai="12,19,20,49,54,57,84,87,90,93,95,96,98,103" machi="103" ten="30,2000,0" yaku="7,1,8,1" doraHai="42" who="0" fromWho="1" sc="278,26,58,-26,586,0,78,0" /><INIT seed="3,0,0,1,3,40" ten="304,32,586,78" oya="3" hai0="42,54,63,10,87,25,84,118,0,13,48,68,125" hai1="80,100,18,75,123,71,79,62,35,109,60,121,64" hai2="1,98,103,28,55,70,53,56,4,72,59,76,58" hai3="107,92,43,89,85,133,88,65,52,124,93,120,57"/><W69/><G107/><T81/><D118/><U61/><E100/><V24/><F70/><W82/><G120/><T77/><D125/><U44/><E109/><V30/><F72/><W127/><G82/><T101/><D0/><U117/><E117/><V114/><F114/><W34/><G34/><T12/><D42/><U119/><E119/><V31/><F76/><W83/><G83/><T111/><D111/><U90/><E35/><V126/><F126/><N who="3" m="48171" /><G133/><T23/><D101/><U104/><E104/><V46/><F24/><W129/><G129/><T36/><D36/><U33/><E33/><V5/><F1/><W19/><G19/><T134/><D134/><U96/><E123/><V108/><F108/><W49/><G43/><T11/><D68/><U73/><E73/><V67/><F67/><W86/><G69/><T26/><D63/><U105/><E121/><V131/><F131/><W95/><G95/><T113/><D113/><U32/><E32/><V37/><F37/><W94/><G94/><T132/><D132/><U50/><E18/><V91/><F91/><W45/><G65/><T29/><D87/><U74/><E74/><V3/><F3/><W102/><G102/><T22/><D11/><U38/><E38/><V110/><F110/><W130/><G130/><T66/><D10/><U9/><E9/><V16/><F5/><W8/><G8/><T99/><D66/><U17/><E17/><V15/><F4/><W106/><G106/><T21/><D99/><U20/><E20/><N who="0" m="7785" /><D25/><U78/><E78/><V122/><F122/><W7/><G7/><T39/><D39/><RYUUKYOKU ba="0,0" sc="304,15,32,-15,586,-15,78,15" hai0="12,13,23,26,29,48,54,77,81,84" hai3="45,49,52,57,85,86,88,89,92,93" /><INIT seed="3,1,0,3,2,38" ten="319,17,571,93" oya="3" hai0="46,130,119,81,113,75,26,73,47,45,121,24,12" hai1="40,89,15,58,124,72,31,94,65,6,100,82,101" hai2="109,88,18,1,129,79,53,29,69,102,95,64,44" hai3="7,103,114,54,11,55,70,3,34,43,9,96,27"/><W19/><G114/><T56/><D121/><U112/><E124/><V14/><F1/><W25/><G55/><T37/><D113/><U39/><E112/><V51/><F102/><W61/><G54/><T106/><D106/><U49/><E31/><V115/><F115/><W132/><G19/><T92/><D119/><U117/><E117/><V87/><F129/><W30/><G25/><T80/><D130/><U36/><E36/><V74/><F109/><W108/><G11/><T86/><D37/><U83/><E39/><V127/><F127/><W107/><G108/><T105/><D105/><U122/><E122/><V23/><F29/><W91/><G91/><T21/><D56/><U52/><E72/><V118/><F118/><W62/><G62/><T120/><D120/><U85/><E65/><V48/><F69/><W22/><G22/><T66/><D66/><U67/><E67/><V71/><F71/><W93/><G93/><T28/><D12/><U50/><E6/><V0/><F0/><W33/><G33/><T78/><D92/><U35/><E15/><V41/><F64/><N who="3" m="41231" /><G132/><T32/><REACH who="0" step="1"/><D81/><REACH who="0" ten="309,17,571,93" step="2"/><N who="1" m="30731" /><E35/><V84/><F95/><W42/><AGARI ba="1,1" hai="3,7,9,27,30,34,42,43,96,103,107" m="41231" machi="42" ten="30,6000,0" yaku="25,1,52,2" doraHai="38" who="3" fromWho="3" sc="309,-21,17,-21,571,-21,93,73" owari="288,9.0,-4,-50.0,550,64.0,166,-23.0" /></mjloggm>