<mjloggm ver="2.3"><GO type="41"/><UN n0="%E8%90%A9%E5%8E%9F%E8%81%96%E4%BA%BA" n1="%E3%81%BE%E3%83%BC%E3%81%B6%E3%81%97%E3%82%83%E3%82%93" n2="%EF%BC%88%E2%89%A7%E2%96%BD%E2%89%A6%EF%BC%89" n3="%6E%69%6B%71%75%65" dan="14,14,15,14" rate="1878,1891,2070,1937" sx="M,M,M,M"/><TAIKYOKU oya="0"/><INIT seed="0,0,0,3,2,44" ten="250,250,250,250" oya="0" hai0="114,132,85,4,63,115,27,129,102,21,42,93,134" hai1="133,100,45,51,84,130,28,56,62,48,47,67,96" hai2="46,111,91,58,123,64,77,124,81,126,2,120,86" hai3="24,73,60,61,39,14,15,37,118,23,127,107,3"/><T128/><D4/><U103/><E133/><N who="0" m="51305" /><D63/><U82/><E130/><N who="0" m="50281" /><D42/><N who="1" m="24631" /><E28/><V113/><F2/><W106/><G3/><T68/><D68/><U26/><E26/><V105/><F64/><W83/><G118/><T135/><N who="0" m="51313" /><T43/><DORA hai="30" /><D43/><N who="1" m="25087" /><E96/><V97/><F97/><W66/><G83/><T69/><D69/><U12/><E12/><V121/><F81/><W25/><G66/><T55/><D55/><U109/><E109/><V53/><F111/><W29/><G29/><N who="0" m="17647" /><D85/><U11/><E11/><V49/><F86/><W0/><G0/><T104/><D104/><U54/><E54/><V19/><F53/><W72/><REACH who="3" step="1"/><G23/><REACH who="3" step="2"/><T16/><D115/><U57/><E57/><V99/><F58/><W125/><AGARI ba="0,1" hai="14,15,24,25,37,39,60,61,72,73,106,107,125,127" machi="125" ten="25,12000,2" yaku="1,1,2,1,0,1,22,2,53,2" doraHai="44,30" doraHaiUra="70,38" who="3" fromWho="3" sc="250,-60,250,-30,250,-30,240,130" /><INIT seed="1,0,0,3,2,79" ten="190,220,220,370" oya="1" hai0="35,28,19,83,129,39,30,52,55,119,134,13,42" hai1="104,103,26,6,98,102,76,121,77,44,46,29,132" hai2="99,81,112,5,45,124,80,15,60,51,87,0,100" hai3="85,18,133,118,33,127,84,114,8,53,49,50,23"/><U73/><E121/><V113/><F124/><W14/><G33/><T135/><D119/><U75/><E132/><V70/><F0/><W47/><G114/><N who="2" m="44137" /><F87/><W109/><G127/><T3/><D3/><U22/><E6/><V71/><F5/><W78/><G133/><N who="0" m="50699" /><D129/><U128/><E128/><V66/><F15/><W57/><G118/><T58/><D35/><U37/><E37/><V48/><F71/><W89/><G109/><T41/><D39/><U91/><E91/><V130/><F130/><W16/><G78/><T122/><D122/><U31/><E22/><V25/><F25/><N who="3" m="14567" /><G89/><T67/><D67/><U105/><E26/><V90/><F90/><W125/><G125/><T120/><D120/><U54/><E54/><AGARI ba="0,0" hai="8,14,18,47,49,50,53,54,57,84,85" m="14567" machi="54" ten="30,2000,0" yaku="8,1,54,1" doraHai="79" who="3" fromWho="1" sc="190,0,220,-20,220,0,370,20" /><INIT seed="2,0,0,0,2,49" ten="190,200,220,390" oya="2" hai0="26,33,118,103,46,66,122,18,57,80,95,106,99" hai1="124,70,71,1,36,113,121,131,10,12,53,93,135" hai2="104,50,77,114,56,52,67,48,83,81,2,64,3" hai3="30,37,85,105,54,55,17,111,20,108,43,88,97"/><V116/><F116/><W5/><G5/><T132/><D122/><U11/><E113/><V127/><F114/><W6/><G6/><T63/><D132/><U16/><E36/><V91/><F104/><W112/><G30/><T69/><D118/><U24/><E135/><V38/><F38/><W92/><G112/><T9/><D80/><N who="2" m="30794" /><F127/><W68/><G68/><T72/><D72/><U28/><E124/><V19/><F2/><W102/><G37/><T21/><D46/><U42/><E42/><V7/><F3/><W86/><G43/><T115/><D115/><U15/><E121/><V39/><F39/><W78/><G86/><T76/><D76/><U22/><E1/><V87/><F7/><W94/><G105/><T27/><D9/><U58/><E93/><N who="2" m="54527" /><F77/><W123/><G123/><T110/><D110/><N who="3" m="42025" /><G78/><T96/><D33/><U82/><E131/><V4/><F4/><W31/><G31/><T34/><D34/><U13/><E82/><V8/><F50/><W117/><G117/><T65/><D69/><U100/><E100/><V126/><F126/><W119/><G119/><T133/><D133/><U40/><E40/><V101/><F101/><W90/><G102/><T98/><D98/><U25/><E13/><AGARI ba="0,0" hai="8,13,19,48,52,56,64,67" m="54527,30794" machi="13" ten="30,5800,0" yaku="8,1,52,1,54,1" doraHai="49" who="2" fromWho="1" sc="190,0,200,-58,220,58,390,0" /><AGARI ba="0,0" hai="13,17,20,54,55,85,88,90,92,94,97" m="42025" machi="13" ten="30,7700,0" yaku="14,1,52,2,54,1" doraHai="49" who="3" fromWho="1" sc="190,0,142,-77,278,0,390,77" /><INIT seed="2,1,0,3,3,105" ten="190,65,278,467" oya="2" hai0="94,23,1,13,75,24,33,83,97,20,34,120,68" hai1="37,100,121,18,29,115,132,122,31,38,8,70,90" hai2="11,42,40,85,80,135,116,6,53,63,59,79,104" hai3="127,81,108,98,58,19,119,76,131,92,60,130,72"/><V87/><F116/><W2/><G119/><T129/><D120/><N who="1" m="46187" /><E70/><V91/><F135/><W61/><G2/><T57/><D68/><U48/><E115/><V67/><F104/><W55/><G108/><T28/><D1/><U27/><E132/><V39/><F67/><W124/><G19/><T26/><D129/><N who="3" m="49161" /><G61/><T65/><D13/><N who="1" m="7463" /><E100/><AGARI ba="1,0" hai="55,58,60,72,76,81,92,98,100,124,127" m="49161" machi="100" ten="30,2000,0" yaku="19,1,52,1" doraHai="105" who="3" fromWho="1" sc="190,0,65,-23,278,0,467,23" /><INIT seed="3,0,0,3,2,96" ten="190,42,278,490" oya="3" hai0="134,130,105,90,78,120,114,75,54,47,89,83,69" hai1="121,2,128,132,123,74,14,1,38,40,113,88,20" hai2="26,98,66,92,109,41,131,50,49,53,17,58,129" hai3="31,32,25,102,112,71,73,67,127,22,103,86,118"/><W60/><G118/><T56/><D120/><U43/><E74/><V48/><F109/><W85/><G73/><T33/><D33/><U30/><E113/><V16/><F66/><W70/><G112/><T3/><D69/><U68/><E68/><V63/><F41/><W65/><G127/><T101/><D3/><U61/><E132/><V124/><F124/><W108/><G108/><T0/><D134/><U119/><E119/><V39/><F39/><W57/><G32/><T126/><D126/><U135/><E135/><V100/><REACH who="2" step="1"/><F26/><REACH who="2" step="2"/><W110/><G110/><T82/><D114/><U59/><E128/><AGARI ba="0,1" hai="16,17,48,49,50,53,58,63,92,98,100,128,129,131" machi="128" ten="40,8000,1" yaku="1,1,2,1,19,1,52,1,54,1,53,0" doraHai="96" doraHaiUra="81" who="2" fromWho="1" sc="190,0,42,-80,268,90,490,0" owari="190,-21.0,-38,-54.0,358,16.0,490,59.0" /></mjloggm>