<mjloggm ver="2.3"><GO type="169" lobby="0"/><UN n0="%E6%A3%92%E8%A7%92" n1="%E6%A1%82%E3%83%92%E3%83%8A%E3%82%AE%E3%82%AF" n2="%E3%81%A1%E3%81%8F%E3%81%8D" n3="%EF%BC%88%E2%89%A7%E2%96%BD%E2%89%A6%EF%BC%89" dan="17,16,18,18" rate="2169.63,2075.71,2250.22,2195.46" sx="M,F,M,M"/><TAIKYOKU oya="0"/><INIT seed="0,0,0,0,5,63" ten="250,250,250,250" oya="0" hai0="126,45,102,77,83,94,111,38,47,73,30,60,123" hai1="64,40,81,71,67,65,9,70,32,99,107,130,116" hai2="84,104,52,61,105,78,133,7,46,128,43,17,56" hai3="112,89,53,44,134,48,110,68,125,34,87,121,101"/><T6/><D123/><U91/><E116/><V74/><F128/><W120/><G112/><T124/><D30/><U39/><E32/><V122/><F122/><W26/><G125/><T0/><D111/><U85/><E130/><V49/><F133/><W92/><G134/><T58/><D47/><U16/><E40/><V41/><F74/><W118/><G118/><T109/><D109/><U66/><N who="1" m="16384" /><DORA hai="28" /><U23/><E9/><V19/><F7/><W35/><G68/><T108/><D108/><U117/><E39/><V88/><F78/><W100/><G110/><T10/><D94/><U31/><E117/><V113/><F43/><W90/><G121/><T59/><D102/><U3/><E3/><V22/><F113/><W18/><G120/><T13/><D13/><U24/><REACH who="1" step="1"/><E31/><REACH who="1" ten="250,240,250,250" step="2"/><V5/><F5/><W25/><G34/><T37/><D37/><U15/><E15/><V127/><F127/><N who="0" m="48682" /><D60/><U57/><E57/><V50/><F61/><W132/><G132/><T135/><D135/><U51/><E51/><V12/><F19/><W72/><G18/><T36/><D36/><U115/><E115/><V103/><F49/><W106/><G48/><T14/><D14/><U29/><E29/><V69/><F56/><W129/><G129/><T21/><D21/><U76/><E76/><V4/><F12/><W97/><G35/><T20/><D20/><U42/><E42/><AGARI ba="0,1" hai="0,6,10,38,42,45,58,59,73,77,83" m="48682" machi="42" ten="30,2900,0" yaku="25,1,18,1" doraHai="63,28" who="0" fromWho="1" sc="250,39,240,-29,250,0,250,0" /><INIT seed="0,1,0,3,2,135" ten="289,211,250,250" oya="0" hai0="69,113,123,42,103,57,106,37,45,114,58,46,100" hai1="18,112,131,101,48,124,77,14,108,70,74,0,127" hai2="134,126,120,110,1,54,21,86,34,97,119,64,52" hai3="41,117,4,39,32,98,130,83,125,111,75,5,82"/><T15/><D15/><U81/><E0/><V40/><F120/><W55/><G117/><T62/><D106/><U27/><E112/><V29/><F119/><W24/><G130/><T68/><D62/><U38/><E38/><V85/><F134/><W36/><G75/><T11/><D11/><U63/><E131/><V78/><F1/><W104/><G104/><T8/><D8/><U44/><E108/><V76/><F34/><W121/><G121/><T95/><D95/><U84/><E101/><V19/><F29/><W26/><G41/><T30/><D30/><U132/><E27/><V47/><F64/><W35/><G55/><N who="2" m="21033" /><F97/><W122/><G122/><T87/><D123/><U129/><E132/><V43/><F110/><W91/><G98/><T79/><D87/><N who="2" m="33290" /><F126/><N who="1" m="48169" /><E129/><V90/><F90/><W53/><G91/><T115/><D115/><U23/><E74/><V51/><F43/><W99/><G125/><T89/><D42/><N who="1" m="24599" /><E70/><V22/><F22/><W92/><G111/><T60/><D37/><U116/><E116/><V73/><F73/><W7/><G39/><T109/><D109/><U17/><E17/><V50/><F51/><W12/><G36/><T3/><D3/><U72/><E72/><V107/><F107/><W128/><G128/><T2/><D2/><U88/><E63/><V133/><F133/><W49/><G26/><AGARI ba="1,0" hai="19,21,26,40,47,50,76,78" m="33290,21033" machi="26" ten="30,2000,0" yaku="8,1,54,1" doraHai="135" who="2" fromWho="3" sc="289,0,211,0,250,23,250,-23" /><INIT seed="1,0,0,2,2,133" ten="289,211,273,227" oya="1" hai0="87,40,62,9,36,22,89,45,86,50,58,76,64" hai1="44,68,113,6,75,25,65,112,128,10,88,103,16" hai2="95,105,63,23,123,54,18,60,67,104,114,66,61" hai3="12,74,94,34,8,91,119,77,90,57,71,102,27"/><U109/><E75/><V107/><F123/><W99/><G71/><T134/><D134/><U92/><E128/><V37/><F37/><W120/><G120/><T93/><D22/><U1/><E109/><V80/><F114/><W84/><G119/><T20/><D20/><U48/><E103/><V130/><F130/><W82/><G34/><T116/><D116/><U100/><E100/><V2/><F2/><W28/><G28/><T106/><D106/><U121/><E121/><V13/><F95/><W52/><G27/><T26/><D26/><U129/><E129/><V0/><F0/><W115/><G115/><T127/><D9/><U31/><E16/><V39/><F39/><W98/><G98/><T43/><D43/><U118/><E118/><V124/><F124/><W17/><REACH who="3" step="1"/><G74/><REACH who="3" ten="289,211,273,217" step="2"/><T59/><D127/><U24/><E24/><V33/><F33/><W47/><G47/><T70/><D36/><U110/><E110/><V79/><F67/><W101/><G101/><T29/><D29/><U42/><E65/><V21/><F66/><W85/><G85/><T72/><D72/><U69/><E112/><V122/><F122/><W14/><G14/><T51/><D70/><U125/><E113/><V73/><F13/><W46/><G46/><T19/><D87/><N who="1" m="52255" /><E125/><V126/><F126/><W97/><G97/><T96/><D96/><U56/><E56/><V30/><F73/><W32/><G32/><T135/><D135/><U117/><E117/><V5/><F30/><W11/><G11/><T3/><D59/><U108/><E108/><V4/><F23/><W41/><G41/><RYUUKYOKU ba="0,1" sc="289,-15,211,15,273,-15,217,15" hai1="1,6,10,25,31,42,44,48,68,69" hai3="8,12,17,52,57,77,82,84,90,91,94,99,102" /><INIT seed="1,1,1,5,5,3" ten="274,226,258,232" oya="1" hai0="37,43,29,92,101,49,27,124,120,80,7,87,85" hai1="33,108,118,35,12,57,122,81,2,116,71,38,46" hai2="127,9,117,32,130,109,44,21,135,82,64,69,50" hai3="22,89,111,20,100,73,52,24,128,102,90,59,125"/><U62/><E71/><V53/><F32/><W4/><G73/><T106/><D37/><U1/><E122/><V63/><F117/><W119/><G119/><T61/><D106/><U88/><E1/><V75/><F109/><W84/><G111/><T132/><D120/><U83/><E2/><V94/><F130/><W67/><G67/><T42/><D61/><U10/><E108/><V47/><F135/><W5/><G128/><T56/><D124/><U110/><E110/><V34/><F34/><W18/><G20/><T98/><D87/><U31/><E35/><V16/><F127/><W107/><G125/><T36/><D36/><U40/><E118/><V17/><F94/><N who="3" m="54567" /><G90/><T11/><D132/><U77/><E116/><V74/><F82/><W26/><G26/><T93/><D93/><U126/><E126/><V30/><F30/><W28/><G28/><T121/><D27/><U129/><E129/><V86/><F86/><W103/><G107/><T113/><D29/><U79/><E33/><V78/><F78/><W99/><G99/><T95/><D92/><U23/><E88/><V104/><F104/><W112/><G112/><T48/><D113/><U45/><E45/><V70/><F70/><W105/><G105/><T39/><D39/><U51/><E38/><V133/><F133/><W115/><G115/><T97/><D97/><U91/><E91/><V96/><F96/><W25/><G25/><T114/><D114/><U19/><E79/><V60/><F69/><W0/><G0/><N who="0" m="487" /><D121/><U41/><E77/><V8/><F74/><W65/><G65/><T58/><D98/><RYUUKYOKU ba="1,1" sc="274,-10,226,-10,258,-10,232,30" hai3="4,5,18,22,24,52,59,100,102,103" /><INIT seed="2,2,1,4,0,41" ten="264,216,248,262" oya="2" hai0="107,43,15,42,127,60,111,125,102,86,79,115,23" hai1="75,88,95,74,19,14,132,108,30,110,48,29,52" hai2="53,104,105,120,35,89,6,73,87,18,11,113,70" hai3="85,94,62,24,93,112,5,81,63,58,109,78,71"/><V92/><F120/><W76/><G112/><T126/><D115/><U26/><E132/><V124/><F113/><W106/><G106/><T69/><D111/><N who="1" m="42539" /><E75/><V27/><F73/><W25/><G109/><T135/><D135/><U133/><E133/><V97/><F70/><W119/><G119/><T80/><D102/><U96/><E74/><V68/><F68/><W7/><G71/><T37/><D107/><U91/><E91/><V44/><F124/><W121/><G121/><T31/><D37/><U40/><E40/><V116/><F116/><W28/><G76/><T61/><D31/><U0/><E0/><V10/><F35/><W46/><G62/><N who="0" m="24171" /><D69/><U72/><E26/><N who="3" m="10346" /><G28/><T3/><D3/><U45/><E72/><V16/><F105/><W131/><G131/><T59/><D59/><U51/><E51/><N who="2" m="28903" /><F104/><W130/><G130/><T82/><D82/><U103/><E103/><N who="2" m="60839" /><F27/><W39/><G39/><T117/><D117/><U54/><E54/><V90/><F90/><W21/><G94/><T98/><D98/><U56/><E56/><V49/><F49/><W114/><G93/><T128/><D128/><U100/><E100/><V2/><F10/><AGARI ba="2,1" hai="10,14,19,29,30,45,48,52,88,95,96" m="42539" machi="10" ten="30,7700,0" yaku="14,1,52,1,54,2" doraHai="41" who="1" fromWho="2" sc="264,0,216,93,248,-83,262,0" /><INIT seed="3,0,0,3,5,97" ten="264,309,165,262" oya="3" hai0="41,126,120,96,107,8,59,94,128,42,48,27,21" hai1="125,61,118,83,121,38,104,80,75,55,130,92,108" hai2="91,24,57,109,56,18,33,70,44,25,19,3,14" hai3="6,54,127,62,68,72,115,63,67,119,99,103,69"/><W122/><G122/><T58/><D120/><U4/><E104/><V105/><F70/><W35/><G119/><T131/><D107/><U0/><E38/><V114/><F3/><W7/><G115/><T34/><D34/><U79/><E118/><V52/><F114/><W88/><G72/><T71/><D71/><U111/><E121/><V1/><F1/><W36/><G36/><T20/><D8/><U112/><E0/><V15/><F105/><W123/><G123/><T74/><D74/><U102/><E75/><V117/><F117/><W16/><G35/><T64/><D126/><U93/><E130/><V47/><F109/><W60/><G127/><T40/><D21/><U32/><E32/><V13/><F91/><W50/><G69/><T78/><D78/><U66/><E125/><V81/><F81/><W129/><G129/><T9/><D9/><U86/><E83/><V31/><F57/><N who="3" m="32983" /><G67/><T85/><D85/><U113/><E66/><V5/><F5/><N who="3" m="1547" /><G68/><T98/><D59/><N who="1" m="35071" /><E113/><V87/><F87/><W73/><G73/><T43/><D131/><U12/><E4/><V29/><F29/><W82/><G82/><T89/><D128/><U17/><E112/><V77/><F77/><W90/><G16/><N who="2" m="6185" /><F33/><W135/><G135/><T53/><D64/><U39/><E39/><V76/><F76/><W95/><AGARI ba="0,0" hai="60,62,63,88,90,95,99,103" m="1547,32983" machi="95" ten="30,6000,0" yaku="8,1,52,1,54,1" doraHai="97" who="3" fromWho="3" sc="264,-20,309,-20,165,-20,262,60" /><INIT seed="3,1,0,1,5,66" ten="244,289,145,322" oya="3" hai0="54,25,118,47,30,107,132,76,87,105,106,128,46" hai1="40,109,59,131,11,70,35,22,37,6,77,72,63" hai2="69,88,89,5,57,100,0,124,102,29,7,81,44" hai3="38,53,84,96,129,98,108,117,120,49,79,80,121"/><W64/><G117/><T99/><D118/><U86/><E35/><V122/><F124/><W13/><G38/><T56/><D99/><U19/><E109/><V50/><F122/><W15/><G129/><T48/><D128/><U90/><E70/><V58/><F29/><W110/><G64/><T113/><D132/><U71/><E71/><V43/><F69/><W18/><G98/><T31/><D31/><U125/><E125/><V32/><F32/><W112/><G96/><T94/><D113/><U4/><E4/><N who="2" m="1611" /><F0/><W55/><G112/><T92/><D92/><U133/><E133/><V127/><F127/><W41/><G41/><T119/><D119/><U82/><E40/><V103/><F81/><W78/><G18/><T130/><D130/><U23/><E37/><V116/><F116/><W68/><G68/><T83/><REACH who="0" step="1"/><D94/><REACH who="0" ten="234,289,145,322" step="2"/><U134/><E131/><V14/><F14/><W97/><G97/><T62/><D62/><U17/><E63/><V67/><F57/><W27/><G15/><T45/><D45/><U3/><E59/><V93/><F93/><W16/><G13/><T10/><D10/><U91/><E134/><V39/><F39/><W65/><G121/><T26/><D26/><U12/><E11/><V2/><F2/><W115/><G120/><T42/><D42/><U114/><E3/><V61/><AGARI ba="1,1" hai="43,44,50,58,61,67,88,89,100,102,103" m="1611" machi="61" ten="30,2000,0" yaku="8,1,54,1" doraHai="66" who="2" fromWho="2" sc="234,-6,289,-6,145,33,322,-11" /><INIT seed="4,0,0,5,5,65" ten="228,283,178,311" oya="0" hai0="70,63,107,124,59,76,100,56,33,46,14,86,36" hai1="43,5,28,98,130,25,123,104,1,129,39,94,131" hai2="8,17,115,119,23,66,117,10,45,109,60,37,3" hai3="35,134,80,51,97,81,32,69,113,110,27,93,105"/><T15/><D33/><U9/><E104/><V91/><F109/><W18/><G110/><T22/><D124/><U26/><E123/><V111/><F111/><W42/><G105/><T54/><D107/><U55/><E39/><V20/><F115/><W62/><G113/><T52/><D100/><U132/><E132/><V78/><F78/><W34/><G134/><T82/><D70/><U11/><E11/><V118/><F91/><W120/><G120/><T16/><D46/><U7/><E7/><V58/><F3/><W40/><G18/><T53/><D36/><U61/><E43/><N who="2" m="22767" /><F23/><W112/><G112/><T87/><D14/><AGARI ba="0,0" hai="8,10,14,17,20,58,60,66,117,118,119" m="22767" machi="14" ten="30,1000,0" yaku="12,1" doraHai="65" who="2" fromWho="0" sc="228,-10,283,0,178,10,311,0" /><INIT seed="5,0,0,0,4,44" ten="218,283,188,311" oya="1" hai0="85,26,40,123,125,3,23,126,112,9,0,128,25" hai1="51,111,118,76,115,122,73,70,60,134,32,108,64" hai2="86,37,127,42,58,77,121,57,63,83,13,10,82" hai3="87,132,22,2,96,28,100,117,39,94,16,116,129"/><U5/><E32/><V68/><F121/><W66/><G39/><T124/><D40/><U119/><E122/><V46/><F127/><W21/><G2/><T53/><D123/><U34/><E34/><V18/><F68/><W78/><G132/><T120/><D120/><U35/><E35/><V101/><F101/><W97/><G129/><T131/><D85/><U38/><E38/><V74/><REACH who="2" step="1"/><F63/><REACH who="2" ten="218,283,178,311" step="2"/><W27/><G117/><T130/><D112/><U54/><E115/><V61/><F61/><W113/><G116/><T59/><D131/><U7/><E60/><V114/><F114/><W135/><G113/><T88/><D130/><U110/><E118/><V84/><F84/><W29/><G135/><T98/><D128/><U105/><E70/><V109/><F109/><W103/><G87/><T55/><D126/><U71/><E119/><V12/><F12/><W102/><G102/><T4/><D3/><U1/><E1/><V72/><F72/><W91/><G103/><T75/><D75/><U17/><E73/><V80/><F80/><W50/><G100/><T6/><D125/><U41/><E71/><V11/><F11/><W90/><G97/><T36/><D124/><U92/><E110/><V49/><F49/><W47/><G96/><T20/><D9/><U95/><E51/><V33/><F33/><W45/><G50/><T31/><D0/><U62/><E108/><V104/><F104/><W69/><G69/><T67/><D98/><U19/><E111/><V30/><F30/><W56/><G29/><T65/><D31/><U8/><E105/><V52/><F52/><RYUUKYOKU ba="0,1" sc="218,-10,283,-10,178,30,311,-10" hai2="10,13,18,37,42,46,57,58,74,77,82,83,86" /><INIT seed="6,1,1,4,4,0" ten="208,273,208,301" oya="2" hai0="25,116,95,40,130,73,84,113,17,132,11,14,86" hai1="115,117,76,112,78,56,59,111,69,81,38,31,83" hai2="42,124,37,131,9,99,90,122,103,104,7,82,74" hai3="123,52,15,30,114,48,61,3,100,33,129,75,26"/><V119/><F122/><W72/><G3/><T97/><D73/><U94/><E69/><V23/><F119/><W77/><G123/><T85/><D116/><U133/><E117/><V21/><F131/><W41/><G129/><T5/><D130/><U79/><E38/><V108/><F108/><W16/><G100/><T44/><D132/><U20/><E111/><V134/><F134/><W18/><G77/><T50/><D113/><N who="1" m="43595" /><E94/><V105/><F105/><W109/><G109/><T89/><D25/><N who="1" m="16807" /><E133/><V80/><F124/><W66/><G114/><T58/><D58/><AGARI ba="1,1" hai="56,58,59,76,78,79,81,83" m="16807,43595" machi="58" ten="30,1000,0" yaku="15,1" doraHai="0" who="1" fromWho="0" sc="208,-13,273,23,208,0,301,0" /><INIT seed="7,0,0,4,4,120" ten="195,296,208,301" oya="3" hai0="45,123,61,135,104,17,80,8,68,14,119,93,98" hai1="99,74,57,131,101,22,134,32,42,130,111,69,118" hai2="15,66,6,83,116,105,34,5,121,94,133,46,97" hai3="40,41,106,129,77,79,92,16,13,33,24,125,85"/><W59/><G106/><T127/><D123/><U28/><E111/><V95/><F121/><W39/><G39/><T60/><D119/><U58/><E69/><V56/><F34/><W75/><G75/><T12/><D104/><N who="1" m="63551" /><E32/><V9/><F116/><W63/><G129/><N who="1" m="49162" /><E74/><V53/><F105/><W114/><G114/><T110/><D135/><U36/><E134/><V49/><F133/><W84/><G125/><T0/><D0/><U4/><E4/><N who="2" m="3495" /><F83/><N who="3" m="47215" /><G24/><T29/><D127/><U54/><E118/><V3/><F3/><W73/><G73/><T86/><D110/><U23/><E28/><V30/><F30/><W126/><G33/><T81/><D29/><U90/><E90/><N who="2" m="55511" /><F95/><W38/><G126/><T108/><D108/><U35/><E35/><V100/><F100/><W31/><G31/><T1/><D1/><U55/><E55/><N who="2" m="30135" /><F66/><N who="3" m="39295" /><G38/><T113/><D113/><U76/><E76/><V102/><F102/><W72/><G72/><T20/><D68/><U67/><E67/><V62/><AGARI ba="0,0" hai="5,6,53,56,62" m="30135,55511,3495" machi="62" ten="30,1100,0" yaku="8,1" doraHai="120" who="2" fromWho="2" sc="195,-3,296,-3,208,11,301,-5" /><INIT seed="8,0,0,0,0,11" ten="192,293,219,296" oya="0" hai0="116,114,112,12,111,38,67,107,95,50,30,66,18" hai1="94,62,85,10,84,103,79,81,58,21,34,131,83" hai2="1,133,71,101,3,118,23,57,80,77,135,61,109" hai3="60,5,56,22,39,52,41,9,28,87,36,29,132"/><T115/><D107/><U91/><E34/><V19/><F109/><W125/><G125/><T48/><D38/><U14/><E131/><V59/><F101/><W93/><G39/><T2/><D2/><N who="2" m="522" /><F71/><W0/><G132/><N who="2" m="50761" /><F61/><W31/><G36/><T44/><D111/><U17/><E103/><V68/><F68/><W69/><G69/><T51/><D116/><U122/><E122/><V20/><F20/><W15/><G41/><T53/><D30/><U97/><E21/><V4/><F4/><W119/><G119/><T108/><D108/><U26/><E26/><N who="2" m="14719" /><F118/><W75/><G0/><T45/><D95/><U74/><E83/><V40/><F40/><W35/><G35/><T113/><N who="0" m="29184" /><DORA hai="70" /><T98/><D98/><U89/><E89/><V73/><AGARI ba="0,0" hai="57,59,73,77,80" m="14719,50761,522" machi="73" ten="30,1100,0" yaku="20,1" doraHai="11,70" who="2" fromWho="2" sc="192,-5,293,-3,219,11,296,-3" /><INIT seed="9,0,0,0,0,76" ten="187,290,230,293" oya="1" hai0="115,93,49,74,99,102,125,33,129,52,83,77,85" hai1="82,7,5,13,91,124,88,1,98,14,97,35,54" hai2="96,46,112,9,57,111,10,29,90,134,109,87,62" hai3="114,48,60,17,119,117,30,101,11,89,8,78,84"/><U37/><E37/><V44/><F134/><W51/><G30/><T42/><D33/><U24/><E1/><V31/><F112/><W104/><G78/><T20/><D115/><U18/><E124/><V67/><F109/><W56/><G114/><T36/><D125/><U27/><E54/><V0/><F111/><W133/><G101/><T100/><D129/><U123/><E35/><V53/><F96/><W63/><G104/><T19/><D36/><U58/><E58/><V105/><F105/><W59/><G133/><T106/><D42/><U108/><E108/><V26/><F0/><W94/><G59/><T32/><D32/><U40/><E40/><V71/><F29/><W34/><G34/><T68/><D68/><U65/><E65/><V135/><F135/><W41/><G63/><T12/><D100/><U28/><E28/><V64/><F44/><N who="3" m="25615" /><G17/><T47/><REACH who="0" step="1"/><D106/><REACH who="0" ten="177,290,230,293" step="2"/><U118/><E118/><N who="3" m="45066" /><G51/><T126/><D126/><U79/><E18/><V55/><F71/><W113/><G113/><T120/><D120/><U81/><E123/><V4/><F62/><W122/><G122/><T2/><D2/><U69/><E69/><V121/><F31/><W21/><G21/><T128/><D128/><U95/><E79/><V132/><F121/><W73/><G73/><AGARI ba="0,1" hai="12,19,20,47,49,52,73,74,77,83,85,93,99,102" machi="73" ten="40,5200,0" yaku="1,1,52,1,54,1,53,0" doraHai="76" doraHaiUra="6" who="0" fromWho="3" sc="177,62,290,0,230,0,293,-52" /><INIT seed="10,0,0,0,1,53" ten="239,290,230,241" oya="2" hai0="49,39,105,65,115,10,25,70,4,15,27,14,0" hai1="2,12,94,44,116,131,132,125,133,82,73,114,88" hai2="77,120,11,121,26,58,28,9,78,102,118,34,45" hai3="89,17,80,98,57,55,129,128,62,91,84,16,97"/><V63/><F102/><W76/><G76/><T22/><D39/><U21/><E2/><V107/><F107/><W103/><G91/><T46/><D105/><U130/><E114/><V31/><F118/><W104/><REACH who="3" step="1"/><G98/><REACH who="3" ten="239,290,230,231" step="2"/><T117/><D117/><U35/><E88/><V24/><F78/><W135/><G135/><T124/><D115/><U75/><E116/><V38/><F77/><W71/><G71/><T127/><D70/><U113/><E133/><V119/><F119/><W66/><G66/><T101/><D65/><U111/><E113/><V79/><F79/><W50/><G50/><T23/><D101/><U69/><E69/><V134/><F134/><W19/><AGARI ba="0,1" hai="16,17,19,55,57,62,80,84,89,97,103,104,128,129" machi="19" ten="30,7900,0" yaku="1,1,0,1,52,1,54,1,53,0" doraHai="53" doraHaiUra="72" who="3" fromWho="3" sc="239,-20,290,-20,230,-39,231,89" owari="219,-18.0,270,7.0,191,-31.0,320,42.0" /></mjloggm>