<mjloggm ver="2.3"><GO type="169" lobby="0"/><UN n0="%E5%B8%B8%E7%A3%90%E7%B7%9A%E7%89%B9%E5%88%A5%E5%BF%AB%E9%80%9F" n1="%E3%83%AA%E3%82%B9%E3%83%83%E3%83%81" n2="%E3%81%BE%E3%81%AA%E3%81%84%E3%81%9F%E3%82%88%E3%81%86%E3%81%98%E3%82%87" n3="%EF%BC%88%E2%89%A7%E2%96%BD%E2%89%A6%EF%BC%89" dan="17,16,16,17" rate="2120.58,2009.71,2107.46,2134.99" sx="F,F,M,M"/><TAIKYOKU oya="0"/><INIT seed="0,0,0,1,5,36" ten="250,250,250,250" oya="0" hai0="133,43,128,46,9,86,123,125,124,0,103,66,20" hai1="29,51,85,74,24,64,131,42,105,135,63,81,91" hai2="129,26,97,95,80,18,82,67,106,102,35,101,62" hai3="22,19,104,60,88,71,59,84,132,98,68,122,87"/><T117/><D117/><U7/><E74/><V48/><F129/><W93/><G132/><T54/><D123/><U113/><E135/><V23/><F35/><W52/><G122/><T16/><D133/><U92/><E105/><V119/><F119/><W5/><G5/><N who="0" m="1191" /><D103/><U15/><E131/><V2/><F2/><W33/><G33/><T34/><D66/><U45/><E7/><V112/><F112/><W13/><REACH who="3" step="1"/><G104/><REACH who="3" ten="250,250,250,240" step="2"/><T27/><D34/><U75/><E113/><V44/><F106/><W90/><G90/><T78/><D128/><U39/><E91/><V110/><F101/><W4/><G4/><T76/><D54/><U69/><E64/><V118/><F118/><W73/><G73/><T38/><D86/><AGARI ba="0,1" hai="13,19,22,52,59,60,68,71,84,86,87,88,93,98" machi="86" ten="40,8000,1" yaku="1,1,54,2,53,2" doraHai="36" doraHaiUra="65" who="3" fromWho="0" sc="250,-80,250,0,250,0,240,90" /><INIT seed="1,0,0,5,1,66" ten="170,250,250,330" oya="1" hai0="86,32,49,18,76,53,70,30,135,127,16,107,10" hai1="123,34,63,78,114,0,35,13,1,7,67,42,59" hai2="74,47,58,132,125,113,54,98,61,5,82,64,95" hai3="130,88,120,60,129,103,24,4,28,14,3,2,27"/><U94/><E114/><V101/><F132/><W52/><G103/><T12/><D107/><U6/><E123/><V126/><F5/><W85/><G120/><T17/><D135/><U106/><E106/><V15/><F113/><W48/><G60/><T41/><D127/><N who="2" m="48650" /><F15/><W20/><G27/><T29/><D41/><U108/><E42/><V102/><F102/><W93/><G14/><T96/><D96/><U57/><E78/><N who="2" m="44375" /><F47/><N who="3" m="27679" /><G4/><T36/><D36/><U8/><E7/><V134/><F134/><W92/><G92/><T45/><D70/><U31/><E108/><V97/><F97/><W105/><G105/><T80/><REACH who="0" step="1"/><D32/><REACH who="0" ten="160,250,250,330" step="2"/><U99/><E34/><V110/><F110/><W100/><G100/><T119/><D119/><U72/><E35/><V21/><F98/><W124/><G124/><T11/><D11/><U39/><E8/><V9/><F9/><W116/><G116/><T91/><D91/><U90/><E90/><V62/><F101/><W43/><G43/><T38/><D38/><U112/><E39/><V79/><F21/><W56/><G2/><T122/><D122/><U22/><E99/><V37/><F37/><W133/><G3/><T89/><D89/><U51/><E0/><V83/><F79/><W104/><G104/><T73/><D73/><U50/><E72/><V77/><F77/><W25/><G133/><T128/><D128/><N who="3" m="49257" /><G56/><T131/><D131/><U55/><E59/><V65/><F58/><W118/><G118/><T44/><D44/><U26/><E57/><V19/><F65/><W40/><G40/><T23/><D23/><N who="1" m="15839" /><E67/><V117/><F64/><RYUUKYOKU ba="0,1" sc="160,15,250,-15,250,-15,330,15" hai0="10,12,16,17,18,29,30,45,49,53,76,80,86" hai3="20,24,25,28,85,88,93" /><INIT seed="2,1,1,0,1,46" ten="175,235,235,345" oya="2" hai0="123,68,95,71,84,90,21,55,20,107,75,128,91" hai1="89,0,112,133,45,65,111,51,36,2,35,48,25" hai2="4,6,62,3,52,38,118,130,53,74,103,9,99" hai3="132,58,70,22,109,105,82,106,37,101,33,119,127"/><V16/><F118/><W87/><G119/><T76/><D107/><U67/><E112/><V14/><F74/><W57/><G70/><T60/><D123/><U100/><E100/><V11/><F38/><W120/><G33/><T117/><D117/><U44/><E36/><V94/><F130/><W24/><G37/><T63/><D75/><U122/><E111/><V43/><F43/><W47/><G120/><T8/><D76/><U30/><E122/><V19/><REACH who="2" step="1"/><F62/><REACH who="2" ten="175,235,225,345" step="2"/><W10/><G109/><T102/><D60/><U85/><E133/><V124/><F124/><W129/><G127/><T66/><D63/><U34/><E65/><V126/><F126/><W69/><G129/><T114/><D66/><U86/><E67/><V26/><F26/><W116/><G24/><T50/><D128/><U23/><E35/><V40/><F40/><W113/><G116/><T27/><D27/><U125/><E34/><V121/><F121/><W64/><G64/><T131/><D131/><U41/><E125/><V15/><F15/><W31/><G113/><T13/><D114/><U7/><E2/><V92/><F92/><W77/><G106/><T39/><D39/><U88/><E0/><V110/><F110/><W32/><G105/><T98/><D13/><U83/><E41/><V78/><F78/><W134/><G77/><T61/><D61/><U49/><E7/><V80/><F80/><AGARI ba="1,2" hai="23,25,30,44,45,48,49,51,80,83,85,86,88,89" machi="80" ten="40,12000,2" yaku="9,1,8,1,52,3,54,1" doraHai="46" who="1" fromWho="2" sc="175,0,235,143,225,-123,345,0" /><INIT seed="3,0,0,1,2,41" ten="175,378,102,345" oya="3" hai0="73,129,67,47,66,8,6,60,23,77,116,111,59" hai1="55,134,63,45,2,14,103,50,17,98,49,65,0" hai2="76,13,82,57,118,93,112,36,35,70,94,38,74" hai3="130,97,85,16,51,48,20,4,24,75,133,53,58"/><W37/><G75/><T64/><D111/><U123/><E123/><V127/><F112/><W114/><G114/><T117/><D129/><U54/><E134/><V15/><F118/><W69/><G69/><T102/><D102/><U131/><E131/><V87/><F70/><W80/><G130/><T12/><D23/><U42/><E2/><V29/><F127/><W121/><G37/><T104/><D104/><U21/><E50/><V78/><F57/><W128/><G128/><T109/><D109/><U96/><E0/><V44/><F87/><W25/><G121/><T62/><D73/><U46/><E96/><V124/><F82/><W30/><G4/><T7/><D77/><U125/><E125/><V68/><F68/><W119/><G97/><T92/><D92/><U120/><E45/><V89/><F89/><W99/><G99/><T56/><D7/><U101/><E120/><V88/><F74/><W10/><G133/><T27/><D27/><U31/><E31/><V122/><F29/><W81/><G119/><T83/><D83/><U72/><E72/><V1/><F122/><W135/><G135/><T79/><D79/><U105/><E101/><V11/><F124/><W107/><G107/><T5/><D5/><U19/><E19/><V106/><F106/><W34/><G81/><T61/><D47/><U71/><AGARI ba="0,0" hai="14,17,21,42,46,49,54,55,63,65,71,98,103,105" machi="71" ten="20,2700,0" yaku="0,1,7,1,52,1" doraHai="41" who="1" fromWho="1" sc="175,-7,378,27,102,-7,345,-13" /><INIT seed="4,0,0,3,5,43" ten="168,405,95,332" oya="0" hai0="63,79,93,70,120,111,95,74,130,115,124,84,64" hai1="24,8,102,104,96,48,87,75,58,114,108,109,94" hai2="2,51,92,18,59,32,127,91,42,122,76,50,29" hai3="133,37,135,126,97,128,110,100,119,13,31,3,44"/><T36/><D120/><U30/><E75/><V10/><F122/><W66/><G3/><T90/><D36/><U82/><E114/><V17/><F76/><W81/><G119/><T15/><D115/><U112/><E112/><V7/><F127/><W132/><G126/><T52/><D124/><U33/><E104/><V16/><F59/><W85/><G110/><T9/><D111/><U134/><E134/><V14/><F2/><W71/><G31/><T22/><D22/><U107/><E107/><V0/><F0/><W38/><G13/><T4/><D130/><U40/><E8/><V62/><F62/><N who="3" m="40407" /><G44/><T23/><D23/><U55/><REACH who="1" step="1"/><E40/><REACH who="1" ten="168,395,95,332" step="2"/><V27/><REACH who="2" step="1"/><F42/><REACH who="2" ten="168,395,85,332" step="2"/><W65/><G133/><T123/><D123/><U5/><E5/><V78/><F78/><AGARI ba="0,2" hai="24,30,33,48,55,58,78,82,87,94,96,102,108,109" machi="78" ten="30,3900,0" yaku="1,1,7,1,53,1" doraHai="43" doraHaiUra="73" who="1" fromWho="2" sc="168,0,395,59,85,-39,332,0" /><INIT seed="5,0,0,2,0,110" ten="168,454,46,332" oya="1" hai0="79,24,5,73,78,46,29,85,133,87,3,70,126" hai1="120,68,97,114,10,122,0,42,52,15,130,115,16" hai2="128,50,55,28,94,95,59,108,102,123,109,31,117" hai3="113,84,19,65,58,86,93,47,2,98,49,14,1"/><U9/><E68/><V8/><F117/><W124/><G124/><T74/><D70/><U63/><E42/><V45/><F123/><N who="1" m="47145" /><E97/><V80/><F128/><W32/><G32/><T103/><D126/><U34/><E34/><V56/><F8/><W66/><G1/><T71/><D71/><U13/><E130/><V41/><F80/><W121/><G2/><T37/><D103/><U91/><E91/><V23/><F108/><W72/><G72/><T7/><D46/><U64/><E64/><V105/><F109/><W35/><G35/><T62/><D37/><U36/><E36/><V76/><F76/><W75/><G66/><T127/><D73/><U99/><E99/><N who="2" m="59775" /><F105/><W27/><G75/><T21/><D78/><U57/><E0/><V129/><F129/><W69/><G69/><T83/><D3/><U82/><E82/><V6/><F6/><W135/><G65/><T67/><D127/><U11/><E13/><V26/><F94/><W104/><G93/><T106/><D106/><U20/><E20/><N who="2" m="15431" /><F41/><W107/><G107/><T96/><D74/><U100/><E100/><V112/><F112/><N who="1" m="43049" /><E15/><V4/><F4/><W53/><G104/><T39/><D5/><U125/><E125/><V25/><AGARI ba="0,0" hai="23,25,31,45,50,55,56,59" m="15431,59775" machi="25" ten="30,1100,0" yaku="8,1" doraHai="110" who="2" fromWho="2" sc="168,-3,454,-5,46,11,332,-3" /><INIT seed="6,0,0,3,0,45" ten="165,449,57,329" oya="2" hai0="21,15,135,17,10,129,122,119,55,32,13,39,132" hai1="33,65,72,128,46,25,57,79,14,44,94,69,1" hai2="130,99,4,121,50,84,48,68,26,115,131,20,60" hai3="104,5,35,93,54,56,74,23,92,27,117,43,111"/><V51/><F121/><W18/><G104/><T91/><D39/><U40/><E1/><V67/><F115/><W97/><G74/><T125/><D122/><U101/><E69/><V98/><F4/><W34/><G117/><T114/><D91/><U102/><E46/><V82/><F84/><W118/><G118/><T113/><D119/><U49/><E79/><V24/><F82/><W106/><G106/><T105/><D55/><U103/><E72/><V109/><F109/><W36/><G5/><N who="0" m="3279" /><D105/><U8/><E25/><N who="2" m="9835" /><F20/><W41/><G93/><T120/><D120/><U88/><E33/><V75/><F75/><W9/><G9/><T22/><D32/><U80/><E128/><AGARI ba="0,0" hai="48,50,51,60,67,68,98,99,128,130,131" m="9835" machi="128" ten="30,11600,0" yaku="19,1,52,3" doraHai="45" who="2" fromWho="1" sc="165,0,449,-116,57,116,329,0" /><INIT seed="6,1,0,4,5,72" ten="165,333,173,329" oya="2" hai0="47,97,69,74,123,31,99,96,46,29,22,100,21" hai1="134,40,128,87,112,106,82,98,80,54,61,8,120" hai2="103,52,66,26,34,73,5,28,37,57,93,1,115" hai3="126,75,84,51,43,117,127,77,49,11,89,94,38"/><V55/><F37/><W50/><G117/><T105/><D69/><U15/><E112/><V95/><F73/><W39/><G11/><T88/><D123/><U101/><E134/><V135/><F135/><W67/><G67/><T18/><D74/><U3/><E3/><V109/><F115/><W104/><G104/><T53/><D105/><U2/><E2/><V119/><F119/><W62/><G62/><T7/><D7/><U6/><E128/><V44/><F44/><N who="0" m="16938" /><D100/><U9/><E40/><V4/><F109/><W33/><G33/><T122/><D53/><U59/><E120/><V116/><F116/><W113/><G113/><T130/><D122/><U79/><E82/><V20/><F34/><W81/><REACH who="3" step="1"/><G43/><REACH who="3" ten="165,333,173,319" step="2"/><T132/><D132/><U13/><E9/><V85/><F66/><W76/><G76/><T90/><D130/><U121/><E121/><V114/><F1/><W17/><G17/><T118/><D118/><U30/><E30/><N who="0" m="11273" /><D18/><U64/><E64/><V56/><F114/><W78/><G78/><T107/><D107/><U63/><E63/><V58/><F5/><W68/><G68/><T42/><D42/><U35/><E35/><V23/><F4/><W48/><N who="3" m="12288" /><DORA hai="83" /><W65/><G65/><T92/><D92/><U32/><E32/><V19/><F19/><W91/><G91/><AGARI ba="1,1" hai="21,22,88,90,91,96,97,99" m="11273,16938" machi="91" ten="30,7700,0" yaku="28,2,8,1,54,1" doraHai="72,83" who="0" fromWho="3" sc="165,90,333,0,173,0,319,-80" /><INIT seed="7,0,0,2,3,43" ten="255,333,173,239" oya="3" hai0="9,1,71,123,93,135,38,25,81,33,112,26,10" hai1="4,75,32,63,48,17,73,61,39,12,106,8,18" hai2="16,76,77,128,129,11,67,46,29,101,30,96,90" hai3="65,31,98,126,114,122,53,24,92,64,86,21,121"/><W49/><G114/><T124/><D123/><U85/><E39/><V87/><F67/><W68/><G126/><T88/><D71/><U102/><E32/><V35/><F35/><W110/><G110/><T3/><D81/><U111/><E111/><V22/><F11/><W82/><G68/><T60/><D60/><U80/><E75/><V113/><F113/><W91/><G122/><T70/><D70/><U117/><E73/><V51/><F128/><W115/><G115/><T127/><D112/><U41/><E102/><V120/><F129/><W83/><G121/><T97/><D38/><U66/><E106/><V116/><F116/><W28/><G28/><N who="0" m="19599" /><D26/><U40/><E61/><V54/><F96/><W45/><REACH who="3" step="1"/><G82/><REACH who="3" ten="255,333,173,229" step="2"/><T57/><D127/><U134/><E117/><V105/><F120/><W7/><G7/><T94/><D124/><U36/><E134/><V23/><F29/><W50/><G50/><T55/><D135/><U19/><E48/><V125/><F30/><W37/><G37/><T132/><D132/><U58/><E36/><V99/><F125/><W0/><G0/><T15/><D1/><U13/><E13/><V42/><F42/><W107/><G107/><T62/><D15/><U100/><E41/><V2/><F2/><W5/><G5/><T47/><D3/><U20/><E40/><V131/><F131/><W119/><G119/><T52/><D62/><U109/><E109/><V118/><F118/><W56/><G56/><T69/><D69/><U78/><E4/><V14/><F22/><W103/><AGARI ba="0,1" hai="21,24,31,45,49,53,64,65,83,86,91,92,98,103" machi="103" ten="20,12000,1" yaku="1,1,0,1,7,1,8,1,52,1,53,0" doraHai="43" doraHaiUra="34" who="3" fromWho="3" sc="255,-40,333,-40,173,-40,229,130" owari="215,-18.0,293,9.0,133,-37.0,359,46.0" /></mjloggm>