<mjloggm ver="2.3"><GO type="97"/><UN n0="%EF%BC%88%E2%89%A7%E2%96%BD%E2%89%A6%EF%BC%89" n1="%E3%81%BF%E3%82%8B%E3%81%AD%E3%81%93" n2="%E5%88%9D%E4%BB%A3%E3%81%9F%E3%81%A3%E3%81%A1%E3%82%83%E3%82%93" n3="%E6%AD%A6%E5%A3%AB%E6%B2%A2%E7%A7%80%E8%A1%8C" dan="14,13,13,15" rate="2045,1854,1854,1979" sx="M,F,M,M"/><TAIKYOKU oya="0"/><INIT seed="0,0,0,3,2,98" ten="250,250,250,250" oya="0" hai0="45,59,87,113,76,56,117,12,16,38,100,119,9" hai1="133,36,70,15,122,132,2,67,32,128,65,53,18" hai2="82,88,97,110,44,114,11,60,21,43,61,81,99" hai3="29,26,102,8,51,91,63,112,57,86,13,77,74"/><T116/><D113/><U105/><E105/><V50/><F114/><W23/><G112/><T85/><D100/><U72/><E72/><V6/><F21/><W39/><G39/><T107/><D107/><U106/><E36/><V123/><F123/><W131/><G131/><T49/><D38/><U80/><E122/><V24/><F24/><W42/><G74/><T78/><D87/><U3/><E32/><V30/><F30/><W127/><G127/><T37/><D37/><U121/><E121/><V124/><F110/><W20/><G77/><T62/><D85/><U73/><E106/><V40/><F40/><W25/><G102/><T120/><D120/><U79/><E128/><V103/><F124/><W48/><G42/><T17/><D17/><U68/><E53/><V19/><F97/><W58/><G26/><T115/><D115/><U1/><E15/><N who="2" m="5623" /><F19/><N who="3" m="8615" /><G23/><T69/><D69/><U96/><E18/><V93/><F103/><W89/><G58/><T125/><D125/><U135/><E96/><V41/><F43/><W35/><G35/><T28/><D28/><U126/><REACH who="1" step="1"/><E126/><REACH who="1" step="2"/><V108/><F108/><W95/><G25/><T5/><D119/><U14/><E14/><V71/><F71/><AGARI ba="0,1" hai="1,2,3,65,67,68,70,71,73,79,80,132,133,135" machi="71" ten="50,6400,0" yaku="1,1,20,1,53,1" doraHai="98" doraHaiUra="104" who="1" fromWho="2" sc="250,0,240,74,250,-64,250,0" /><INIT seed="1,0,0,3,3,65" ten="250,314,186,250" oya="1" hai0="43,13,52,5,96,30,36,110,108,42,57,89,17" hai1="78,73,67,37,86,14,7,23,15,82,77,124,0" hai2="105,48,114,75,100,95,104,4,9,2,127,24,55" hai3="81,12,64,115,20,32,125,25,118,129,107,119,34"/><U94/><E37/><V6/><F75/><W72/><G115/><T131/><D30/><U117/><E117/><N who="3" m="44554" /><G107/><T91/><D5/><U132/><E132/><V87/><F127/><W29/><G125/><T113/><D113/><U128/><E124/><V121/><F114/><W58/><G129/><T85/><D96/><U8/><E128/><V98/><F121/><W47/><G47/><N who="0" m="24007" /><D43/><U116/><E116/><V10/><F87/><W102/><G102/><T19/><D131/><U62/><E23/><V56/><REACH who="2" step="1"/><F24/><REACH who="2" step="2"/><W135/><G72/><T28/><D85/><U74/><E86/><V27/><F27/><W44/><G25/><T35/><D110/><U53/><E94/><V122/><F122/><W1/><G135/><T71/><D108/><U111/><E111/><V88/><F88/><W61/><G34/><T11/><D91/><U69/><E53/><V109/><F109/><W50/><G32/><T106/><D35/><U46/><E46/><V80/><F80/><AGARI ba="0,1" hai="0,7,8,14,15,62,67,69,73,74,77,78,80,82" machi="80" ten="40,3900,0" yaku="9,1,52,1" doraHai="65" who="1" fromWho="2" sc="250,0,314,49,176,-39,250,0" /><INIT seed="1,1,0,4,5,89" ten="250,363,137,250" oya="1" hai0="70,106,6,35,75,44,118,76,96,94,79,120,36" hai1="17,45,82,72,84,59,132,21,67,78,81,29,129" hai2="27,39,115,14,52,101,97,104,42,28,80,53,11" hai3="37,133,108,112,109,87,74,15,100,86,77,65,122"/><U66/><E132/><V33/><F115/><W134/><G37/><T105/><D35/><U85/><E72/><V113/><F80/><N who="3" m="45111" /><G65/><T61/><D118/><U123/><E123/><V1/><F1/><W22/><G122/><T19/><D120/><U83/><E129/><V64/><F113/><W18/><G112/><T34/><D34/><U49/><E29/><V60/><F42/><W32/><G32/><T57/><D70/><U88/><E82/><V99/><F39/><W9/><G100/><T30/><D30/><U2/><E2/><V121/><F97/><W98/><G98/><T51/><D36/><U103/><E103/><V0/><F0/><W125/><G125/><T58/><D6/><U119/><E59/><V126/><F121/><W116/><G116/><T114/><D75/><U25/><REACH who="1" step="1"/><E119/><REACH who="1" step="2"/><V20/><F126/><W73/><G73/><T8/><D58/><U93/><E93/><V56/><REACH who="2" step="1"/><F33/><REACH who="2" step="2"/><W128/><G134/><T23/><D114/><U117/><E117/><V3/><F3/><W54/><G133/><T47/><D106/><U5/><E5/><AGARI ba="1,2" hai="5,11,14,20,27,28,52,53,56,60,64,99,101,104" machi="5" ten="30,7700,0" yaku="1,1,7,1,54,1,53,1" doraHai="89" doraHaiUra="92" who="2" fromWho="1" sc="250,0,353,-80,127,100,250,0" /><INIT seed="2,0,0,1,3,34" ten="250,273,227,250" oya="2" hai0="62,114,95,84,112,107,104,11,126,59,6,12,7" hai1="116,124,76,125,18,46,96,39,55,75,130,103,63" hai2="93,21,20,71,25,42,99,17,13,16,115,94,118" hai3="98,58,121,66,49,45,128,24,19,8,31,119,111"/><V135/><F118/><W53/><G119/><T80/><D126/><N who="1" m="48747" /><E116/><V108/><F115/><W113/><G121/><T47/><D6/><U82/><E130/><V61/><F108/><W52/><G128/><T106/><D95/><U36/><E18/><V127/><F127/><W134/><G134/><T33/><D33/><U70/><E46/><V117/><F117/><W32/><G113/><T40/><D59/><N who="1" m="35327" /><E70/><V132/><F42/><W81/><G111/><T69/><D62/><U79/><E79/><V60/><F71/><W83/><G66/><T23/><D23/><U4/><E4/><V89/><F94/><AGARI ba="0,0" hai="36,39,75,76,82,94,96,103" m="35327,48747" machi="94" ten="30,1000,0" yaku="18,1" doraHai="34" who="1" fromWho="2" sc="250,0,273,10,227,-10,250,0" /><INIT seed="3,0,0,4,3,69" ten="250,283,217,250" oya="3" hai0="29,49,79,134,126,87,61,30,36,82,100,116,11" hai1="105,5,37,123,33,6,66,101,24,28,89,106,48" hai2="58,40,127,34,14,124,44,43,95,56,46,31,133" hai3="83,35,107,110,70,21,39,32,135,85,111,60,41"/><W118/><G107/><T47/><D116/><U115/><E115/><V109/><F109/><N who="3" m="41483" /><G118/><T102/><D134/><U94/><E123/><V62/><F133/><W15/><G135/><T13/><D126/><N who="2" m="48170" /><F14/><W59/><G70/><T128/><D61/><U81/><E81/><V93/><F34/><W86/><G15/><T12/><D36/><U23/><E66/><V2/><F2/><W77/><G21/><T104/><D128/><U99/><E105/><V1/><F1/><W84/><G41/><N who="2" m="15945" /><F62/><W71/><G71/><T68/><D68/><U131/><E37/><V9/><F9/><W114/><G39/><T0/><D0/><U75/><E75/><V8/><F8/><W120/><G120/><T113/><D12/><U112/><E112/><V27/><F31/><W4/><G4/><T96/><D113/><U121/><E121/><V54/><F27/><W3/><G3/><T129/><D102/><U90/><E131/><V38/><F54/><N who="3" m="33911" /><G114/><T67/><D129/><U76/><E76/><V65/><F38/><W130/><G130/><T26/><D26/><U78/><E78/><V10/><F10/><W57/><G57/><N who="2" m="22121" /><F65/><W19/><G19/><T22/><D67/><U52/><E90/><V51/><F51/><W125/><G125/><T119/><D22/><U108/><E33/><AGARI ba="0,0" hai="32,33,35,77,83,84,85,86" m="33911,41483" machi="33" ten="30,2900,0" yaku="14,1,10,1" doraHai="69" who="3" fromWho="1" sc="250,0,283,-29,217,0,250,29" /><INIT seed="3,1,0,0,5,13" ten="250,254,217,279" oya="3" hai0="135,67,134,131,81,68,91,17,108,15,132,127,103" hai1="129,115,96,48,19,57,41,71,130,59,101,99,8" hai2="51,112,106,36,22,54,30,56,64,72,83,34,58" hai3="21,65,110,50,60,38,49,88,47,42,32,79,63"/><W93/><G32/><T6/><D103/><U126/><E115/><V55/><F36/><W35/><G35/><T128/><D108/><U84/><E71/><V11/><F112/><W119/><G119/><T109/><D109/><U66/><E126/><V118/><F106/><W10/><G110/><T89/><D127/><U102/><E84/><V133/><F118/><W43/><G79/><T3/><D3/><U31/><E31/><V33/><F133/><W26/><G10/><N who="0" m="6391" /><D6/><U29/><E29/><V7/><F64/><W94/><G94/><T24/><D24/><U114/><E114/><V25/><F83/><W107/><G107/><T46/><D46/><N who="1" m="25679" /><E66/><V69/><F72/><W117/><G117/><T76/><D67/><U73/><E73/><V16/><F69/><W62/><G65/><T74/><D68/><U95/><E130/><AGARI ba="1,0" hai="74,76,81,89,91,128,130,131,132,134,135" m="6391" machi="130" ten="40,5200,0" yaku="19,1,20,1,52,1" doraHai="13" who="0" fromWho="1" sc="250,55,254,-55,217,0,279,0" owari="305,40.0,199,-30.0,217,-18.0,279,8.0" /></mjloggm>