<mjloggm ver="2.3"><GO type="169"/><UN n0="%EF%BC%88%E2%89%A7%E2%96%BD%E2%89%A6%EF%BC%89" n1="%43%2F%50" n2="%E3%81%9F%E3%81%AC%E3%81%95%E3%82%93" n3="%E3%81%B2%E3%81%AE%E3%81%A8%E3%82%8A%E3%81%AE%E3%81%B2%E3%81%A8%E3%82%8A" dan="18,16,16,16" rate="2250,2046,2077,2007" sx="M,M,M,M"/><TAIKYOKU oya="0"/><INIT seed="0,0,0,5,1,57" ten="250,250,250,250" oya="0" hai0="35,69,8,2,78,104,128,87,50,80,48,105,131" hai1="47,41,10,52,106,30,62,12,38,28,11,56,108" hai2="7,18,68,93,125,74,88,102,100,20,43,72,59" hai3="134,60,113,5,127,99,67,120,26,31,0,42,86"/><T130/><D35/><U45/><E108/><V76/><F68/><N who="3" m="42087" /><G113/><T115/><D115/><U96/><E45/><V21/><F7/><W123/><G134/><T97/><D69/><U95/><E106/><V65/><F125/><W126/><G42/><T29/><D29/><U25/><E12/><V71/><F71/><W90/><G99/><T73/><D73/><U51/><E38/><V103/><F43/><W116/><G116/><T9/><D2/><U132/><E132/><V118/><F118/><W4/><G0/><T70/><D70/><U49/><E49/><N who="0" m="19049" /><D105/><U53/><E41/><V44/><F44/><W55/><G55/><T3/><D3/><U61/><E62/><V75/><F76/><W58/><G58/><T6/><D6/><N who="3" m="2665" /><G26/><T14/><D14/><U114/><E114/><V19/><F59/><W15/><G15/><T122/><D97/><U91/><REACH who="1" step="1"/><E30/><REACH who="1" ten="250,240,250,250" step="2"/><V82/><F72/><W1/><G31/><T40/><D40/><U89/><E89/><V32/><F88/><W27/><G1/><T36/><D36/><U101/><E101/><V124/><F100/><W121/><G27/><T64/><D104/><U66/><E66/><V22/><F65/><W81/><AGARI ba="0,1" hai="81,86,90,120,121,123,126,127" m="2665,42087" machi="81" ten="40,2700,0" yaku="13,1,52,1" doraHai="57" who="3" fromWho="3" sc="250,-13,240,-7,250,-7,250,37" /><INIT seed="1,0,0,3,3,28" ten="237,233,243,287" oya="1" hai0="52,5,127,96,87,102,65,41,116,1,107,24,82" hai1="94,39,106,133,29,14,91,17,27,13,66,101,36" hai2="6,92,130,61,112,97,10,4,19,2,50,98,86" hai3="88,48,18,124,115,60,58,104,34,119,7,46,15"/><U103/><E66/><V108/><F108/><W38/><G115/><T51/><D116/><U53/><E13/><V78/><F112/><W55/><G119/><T76/><D127/><U45/><E133/><V100/><F130/><W128/><G128/><T83/><D65/><U20/><E53/><V57/><F50/><W37/><G104/><T71/><D71/><U54/><E54/><V56/><F56/><W93/><G7/><T114/><D114/><U81/><E81/><N who="2" m="47415" /><F97/><W129/><G124/><T49/><D41/><U64/><E64/><N who="2" m="38959" /><F2/><W135/><G129/><T9/><D24/><U111/><E111/><V22/><F10/><W132/><G34/><T95/><D107/><U43/><E39/><V123/><F123/><W0/><G0/><T35/><D35/><U47/><E45/><V70/><F70/><W69/><G69/><T99/><D99/><U31/><E106/><V44/><F44/><W113/><G113/><T109/><D109/><U117/><E117/><V25/><AGARI ba="0,0" hai="4,6,19,22,25,92,98,100" m="38959,47415" machi="25" ten="30,1100,0" yaku="8,1" doraHai="28" who="2" fromWho="2" sc="237,-3,233,-5,243,11,287,-3" /><INIT seed="2,0,0,4,2,32" ten="234,228,254,284" oya="2" hai0="129,31,88,29,63,94,132,87,9,36,50,115,96" hai1="85,72,14,100,38,57,30,98,128,3,25,0,116" hai2="134,97,89,80,26,126,110,77,75,34,62,53,86" hai3="27,64,108,91,1,52,130,104,5,90,35,82,78"/><V111/><F134/><W135/><G135/><T76/><D36/><U83/><E116/><V10/><F126/><W61/><G104/><T16/><D115/><U43/><E72/><V11/><F97/><W95/><G108/><N who="2" m="41513" /><F26/><W55/><G130/><T66/><D50/><U47/><E128/><V48/><F62/><W65/><G65/><T101/><D76/><U73/><E73/><V103/><F103/><W37/><G37/><T118/><D118/><U125/><E57/><N who="2" m="32935" /><F34/><W13/><G27/><T79/><D129/><U74/><E74/><V20/><F20/><W102/><G35/><T117/><D117/><U120/><E120/><V84/><F75/><W133/><G61/><T17/><D132/><U46/><E125/><V112/><F112/><W68/><G102/><T41/><D101/><U122/><E122/><V21/><F21/><W109/><G109/><T24/><D24/><U4/><E98/><V40/><F40/><W67/><G133/><T60/><D41/><U107/><E100/><V105/><F105/><W18/><G68/><N who="0" m="42055" /><D63/><U124/><E107/><V70/><F70/><W121/><G121/><T23/><D96/><U54/><E124/><V51/><F51/><W81/><G78/><T119/><D79/><U42/><E43/><V12/><F12/><W15/><G15/><N who="0" m="7279" /><D119/><U22/><E14/><V114/><F114/><W93/><G13/><T69/><D69/><U39/><E42/><V59/><F59/><W7/><G7/><T113/><D113/><U19/><E39/><V92/><AGARI ba="0,0" hai="10,11,77,80,84,86,89,92" m="32935,41513" machi="92" ten="30,3000,0" yaku="14,1,10,1" doraHai="32" who="2" fromWho="2" sc="234,-10,228,-10,254,30,284,-10" /><INIT seed="2,1,0,3,3,93" ten="224,218,284,274" oya="2" hai0="9,76,48,45,40,118,126,79,55,16,11,85,14" hai1="61,80,90,106,27,81,28,47,83,41,114,117,13" hai2="30,135,54,127,96,49,110,24,34,18,10,66,109" hai3="130,56,115,65,98,112,124,25,20,29,89,70,100"/><V6/><F66/><W59/><G130/><T105/><D105/><U52/><E114/><N who="3" m="43562" /><G124/><T2/><D126/><U102/><E117/><V94/><F127/><W133/><G133/><T57/><D118/><U1/><E1/><V123/><F123/><W26/><G89/><T23/><D2/><U99/><E13/><N who="2" m="7479" /><F135/><W84/><G84/><T72/><D72/><U0/><E0/><V132/><F132/><W4/><G4/><T50/><D85/><U129/><E129/><V46/><F6/><W134/><G134/><T78/><AGARI ba="1,0" hai="9,11,14,16,23,40,45,48,50,55,57,76,78,79" machi="78" ten="30,4000,0" yaku="0,1,8,1,54,1" doraHai="93" who="0" fromWho="0" sc="224,43,218,-11,284,-21,274,-11" /><INIT seed="3,0,0,3,3,104" ten="267,207,263,263" oya="3" hai0="2,14,122,88,114,19,74,98,38,109,100,5,92" hai1="1,41,54,26,79,64,8,40,52,93,127,67,72" hai2="91,58,75,46,99,31,87,25,68,63,85,24,84" hai3="50,59,42,97,128,117,21,28,66,44,32,16,77"/><W111/><G117/><T101/><D38/><U112/><E112/><V47/><F68/><W86/><G128/><T3/><D122/><U131/><E93/><V22/><F75/><W76/><G111/><T4/><D2/><U43/><E131/><V90/><F25/><W78/><G97/><T12/><D3/><U120/><E120/><V56/><F56/><W48/><G32/><T62/><D74/><U49/><E127/><V37/><F37/><W23/><G28/><T73/><D73/><U116/><E116/><V105/><F105/><W126/><G126/><T18/><D62/><U89/><E89/><N who="2" m="33803" /><F99/><W82/><G23/><N who="0" m="11719" /><D109/><U11/><E26/><V123/><F123/><W9/><G9/><N who="0" m="6607" /><D114/><U106/><E106/><V29/><F29/><W39/><G39/><T45/><D45/><U35/><E35/><V17/><F31/><W119/><G119/><T115/><D115/><U36/><E36/><V27/><F27/><N who="3" m="14759" /><G66/><AGARI ba="0,0" hai="17,22,24,46,47,58,63,66,84,85,87" m="33803" machi="66" ten="30,1000,0" yaku="8,1" doraHai="104" who="2" fromWho="3" sc="267,0,207,0,263,10,263,-10" /><INIT seed="4,0,0,5,3,8" ten="267,207,273,253" oya="0" hai0="70,87,123,35,0,115,57,7,27,24,22,31,66" hai1="69,125,100,20,29,102,122,97,98,38,9,6,121" hai2="28,107,95,108,36,128,30,64,58,54,132,19,44" hai3="33,124,101,67,118,119,21,135,15,53,74,59,60"/><T62/><D115/><U14/><E69/><V113/><F108/><W41/><G33/><T83/><D123/><U105/><E38/><V84/><F107/><W85/><G74/><T130/><D130/><U23/><E125/><V18/><F128/><W73/><G73/><T129/><D129/><U42/><E42/><V34/><F113/><W32/><G32/><T49/><D0/><U3/><E23/><V86/><F132/><W56/><G124/><T126/><D126/><U109/><E109/><V52/><F34/><W96/><G135/><T51/><D7/><U120/><E29/><N who="2" m="11371" /><F36/><W106/><G85/><N who="2" m="32873" /><F95/><W39/><G39/><T111/><D111/><U16/><REACH who="1" step="1"/><E122/><REACH who="1" ten="267,197,273,253" step="2"/><V133/><F133/><W127/><G127/><T88/><REACH who="0" step="1"/><D70/><REACH who="0" ten="257,197,273,253" step="2"/><U13/><E13/><V47/><F47/><W55/><G15/><T1/><D1/><U17/><E17/><AGARI ba="0,2" hai="17,22,24,27,31,35,49,51,57,62,66,83,87,88" machi="17" ten="30,5800,0" yaku="1,1,7,1,54,1,53,0" doraHai="8" doraHaiUra="103" who="0" fromWho="1" sc="257,78,197,-58,273,0,253,0" /><INIT seed="4,1,0,3,0,96" ten="335,139,273,253" oya="0" hai0="82,112,120,135,107,21,65,2,23,50,24,46,32" hai1="59,41,55,42,16,18,126,17,64,97,99,5,104" hai2="72,127,63,114,40,54,121,56,6,7,111,76,70" hai3="106,78,117,10,84,58,4,51,31,131,91,39,73"/><T47/><D2/><U67/><E126/><V29/><F111/><W52/><G117/><T69/><D107/><U115/><E115/><V123/><F114/><W37/><G131/><T66/><D32/><U92/><E5/><V128/><F128/><W43/><G43/><T0/><D0/><U98/><E104/><V86/><F72/><W105/><G31/><T27/><D69/><U45/><E92/><V71/><F40/><W34/><G34/><T119/><D82/><U118/><E118/><V85/><F29/><W38/><G78/><T20/><D120/><U44/><E42/><V30/><F30/><W9/><G73/><T109/><D109/><U95/><E95/><V22/><F22/><W113/><G113/><T87/><D87/><U75/><E75/><V53/><F76/><W15/><REACH who="3" step="1"/><G9/><REACH who="3" ten="335,139,273,243" step="2"/><T57/><D112/><U102/><E41/><V93/><F123/><W79/><G79/><T116/><D119/><U1/><E1/><V122/><F121/><W62/><G62/><T60/><D116/><U61/><REACH who="1" step="1"/><E102/><REACH who="1" ten="335,129,273,243" step="2"/><V130/><F122/><W125/><G125/><T103/><D103/><U88/><E88/><V89/><F89/><W108/><G108/><T100/><D100/><U94/><E94/><AGARI ba="1,2" hai="4,10,15,37,38,39,51,52,58,84,91,94,105,106" machi="94" ten="40,8000,1" yaku="1,1,54,1,53,2" doraHai="96" doraHaiUra="101" who="3" fromWho="1" sc="335,0,129,-83,273,0,243,103" /><INIT seed="5,0,0,5,3,73" ten="335,46,273,346" oya="1" hai0="120,132,23,83,95,5,69,47,135,84,80,109,88" hai1="125,51,121,81,89,108,38,111,133,49,94,119,129" hai2="122,79,33,128,97,116,70,42,63,19,107,52,134" hai3="0,60,82,106,67,45,20,57,36,10,25,55,44"/><U31/><E119/><V104/><F116/><W96/><G36/><T8/><D69/><U101/><E121/><V93/><F42/><W62/><G82/><T16/><D47/><U27/><E38/><V100/><F122/><W48/><G62/><T13/><D109/><N who="1" m="42059" /><E125/><V126/><F33/><W66/><G44/><T86/><D120/><U76/><E101/><V65/><F134/><N who="0" m="51242" /><D86/><N who="1" m="52535" /><E133/><V105/><F128/><W3/><G67/><T9/><D9/><U56/><E129/><V6/><F126/><W26/><G10/><T11/><D11/><U124/><E124/><V1/><F107/><W39/><G39/><T53/><D53/><U123/><E123/><V54/><F105/><W37/><G37/><T68/><D68/><U17/><E17/><V91/><F19/><W59/><G96/><T85/><D85/><N who="1" m="48295" /><E56/><V7/><F70/><W131/><G59/><T72/><D72/><U114/><E114/><V118/><F118/><W78/><G57/><T102/><D102/><U2/><E2/><AGARI ba="0,0" hai="2,5,8,13,16,23,80,83,84,88,95" m="51242" machi="2" ten="30,3900,0" yaku="20,1,54,2" doraHai="73" who="0" fromWho="1" sc="335,39,46,-39,273,0,346,0" /><INIT seed="6,0,0,5,5,103" ten="374,7,273,346" oya="2" hai0="65,56,116,121,102,40,13,49,2,97,55,119,51" hai1="36,38,124,105,32,43,9,19,59,110,74,117,62" hai2="108,52,78,3,31,60,106,79,68,20,28,18,16" hai3="46,37,90,12,135,22,57,54,48,86,39,122,129"/><V11/><F108/><W96/><G122/><T93/><D2/><U128/><E117/><N who="0" m="45129" /><D121/><U61/><E110/><V35/><F106/><W81/><G129/><T70/><D70/><U77/><E32/><V91/><F35/><W88/><G135/><T101/><D65/><U92/><E128/><V26/><F68/><W63/><G12/><T21/><D101/><U14/><E92/><V17/><F91/><W44/><G22/><T120/><D120/><U66/><E105/><V64/><F64/><W80/><G44/><N who="0" m="25735" /><D13/><U30/><E66/><V75/><F75/><W134/><G134/><T34/><D34/><U53/><E14/><N who="2" m="7263" /><F3/><W99/><G80/><T7/><D21/><U29/><E74/><V45/><F31/><W73/><G73/><T100/><D100/><U133/><E30/><V42/><F42/><W50/><G50/><T6/><AGARI ba="0,0" hai="6,7,51,55,56,93,97,102" m="25735,45129" machi="6" ten="30,1100,0" yaku="12,1" doraHai="103" who="0" fromWho="0" sc="374,11,7,-3,273,-5,346,-3" /><INIT seed="7,0,0,4,0,103" ten="385,4,268,343" oya="3" hai0="26,72,101,18,69,61,106,130,86,27,107,9,89" hai1="91,126,109,85,98,87,64,121,23,43,79,115,78" hai2="1,118,100,49,46,88,82,65,6,48,104,128,84" hai3="37,117,14,132,41,63,2,19,60,4,77,35,13"/><W81/><G117/><T30/><D72/><U29/><E23/><V51/><F118/><W114/><G35/><N who="0" m="20951" /><D107/><U0/><E64/><V110/><F110/><W93/><G114/><T12/><D27/><U75/><E29/><V125/><F125/><W119/><G119/><T59/><D59/><U90/><E43/><V68/><F128/><W135/><G93/><T108/><D89/><U96/><E0/><V8/><F68/><W124/><G124/><T102/><D102/><U105/><E126/><V111/><F65/><W94/><G94/><T39/><D86/><U116/><E116/><V42/><REACH who="2" step="1"/><F111/><REACH who="2" ten="385,4,258,343" step="2"/><W112/><G112/><T97/><D69/><U53/><E109/><V36/><F36/><W73/><G19/><T80/><D39/><U10/><E53/><V52/><F52/><W34/><G34/><T83/><D18/><U120/><E10/><V74/><F74/><W15/><G63/><T24/><D61/><U50/><E50/><V31/><F31/><W58/><G60/><T16/><D130/><U56/><E56/><V129/><F129/><W54/><G54/><T67/><D67/><U38/><E38/><V44/><F44/><N who="3" m="23599" /><G58/><T99/><D16/><U21/><E21/><V7/><F7/><W11/><G2/><T22/><D22/><U28/><E28/><V47/><F47/><W40/><G40/><T122/><D108/><U32/><E32/><V133/><F133/><N who="3" m="51275" /><G4/><T17/><D17/><U134/><E134/><V76/><F76/><W71/><G71/><T113/><D113/><U20/><E20/><V33/><F33/><W66/><G66/><RYUUKYOKU ba="0,1" sc="385,-15,4,-15,258,15,343,15" hai2="1,6,8,42,46,48,49,51,82,84,88,100,104" hai3="11,13,14,15,73,77,81" owari="380,48.0,-11,-51.0,273,-13.0,358,16.0" /></mjloggm>