<mjloggm ver="2.3"><GO type="41"/><UN n0="%70%6C%61%63%65%62%6F%4D" n1="%61%61%61%73" n2="%4E%4F%42%EF%BC%88%E7%89%B9%E5%88%A5%EF%BC%89" n3="%E3%82%A6%E3%83%AB%E3%83%88%E3%83%A9%E7%AB%8B%E7%9B%B4" dan="14,13,13,15" rate="1943,1860,1861,1972" sx="M,M,M,M"/><TAIKYOKU oya="0"/><INIT seed="0,0,0,0,0,4" ten="250,250,250,250" oya="0" hai0="33,64,108,100,52,105,134,106,85,7,13,99,24" hai1="62,66,121,22,124,112,132,61,73,37,126,120,97" hai2="76,42,125,104,49,18,114,14,91,87,135,46,92" hai3="57,122,34,71,26,101,116,75,74,79,119,11,27"/><T15/><D134/><U133/><E73/><V93/><F114/><W81/><G57/><T32/><D106/><U36/><E97/><V107/><F135/><N who="1" m="51785" /><E22/><V1/><F1/><W48/><G48/><T86/><D33/><U102/><E102/><V94/><F125/><N who="1" m="48233" /><E112/><V98/><F76/><W58/><G58/><T17/><D64/><U110/><E110/><V38/><F38/><N who="1" m="14953" /><E66/><V10/><REACH who="2" step="1"/><F93/><REACH who="2" step="2"/><W9/><G79/><T129/><D108/><U56/><E56/><V41/><F41/><W51/><G75/><T55/><D105/><U117/><E117/><V47/><F47/><W111/><G74/><T54/><D100/><AGARI ba="0,1" hai="10,14,18,42,46,49,87,91,92,94,98,100,104,107" machi="100" ten="30,3900,0" yaku="1,1,7,1,52,1,53,0" doraHai="4" doraHaiUra="35" who="2" fromWho="0" sc="250,-39,250,0,240,49,250,0" /><INIT seed="1,0,0,4,0,13" ten="211,250,289,250" oya="1" hai0="102,134,49,109,135,8,60,4,73,64,100,17,54" hai1="76,35,84,5,101,115,118,68,116,85,131,81,1" hai2="0,77,69,121,133,20,88,122,104,56,91,114,22" hai3="96,39,21,62,98,30,99,26,119,11,10,19,112"/><U87/><E68/><V120/><F104/><W59/><G39/><T58/><D73/><U93/><E35/><V52/><F69/><W31/><G112/><T41/><D109/><U126/><E5/><V40/><F0/><W53/><G119/><T2/><D41/><U66/><E66/><V97/><F40/><W92/><G30/><T108/><D108/><U32/><E32/><V16/><F114/><W129/><G129/><T63/><D63/><U110/><E115/><V61/><F77/><W44/><G44/><T95/><D17/><U75/><E110/><V50/><F133/><N who="0" m="50698" /><D95/><U15/><E15/><V103/><F61/><W24/><REACH who="3" step="1"/><G92/><REACH who="3" step="2"/><T65/><D65/><U6/><E131/><V90/><REACH who="2" step="1"/><F16/><REACH who="2" step="2"/><W70/><G70/><AGARI ba="0,2" hai="2,4,8,49,54,58,60,64,70,100,102" m="50698" machi="70" ten="30,1000,0" yaku="20,1" doraHai="13" who="0" fromWho="3" sc="211,30,250,0,279,0,240,-10" /><INIT seed="2,0,0,4,0,67" ten="241,250,279,230" oya="2" hai0="95,1,60,41,76,93,63,99,14,43,72,86,96" hai1="23,98,84,101,81,113,73,107,80,59,46,75,39" hai2="15,114,11,109,133,83,97,52,64,3,105,120,2" hai3="56,122,37,62,88,70,131,69,54,48,13,18,111"/><V78/><F120/><W0/><G0/><T58/><D1/><U125/><E113/><V27/><F114/><W36/><G122/><T92/><D72/><U106/><E125/><V24/><F133/><W121/><G121/><T21/><D86/><U82/><E59/><V44/><F109/><W77/><G77/><T65/><D76/><U16/><E46/><V112/><F112/><W104/><G104/><T57/><D41/><U53/><E39/><V90/><F64/><W108/><G18/><T130/><D43/><U119/><E53/><V17/><F27/><W12/><G12/><T33/><D33/><U38/><E38/><N who="3" m="14954" /><G13/><T61/><D130/><U117/><E84/><V126/><F24/><W8/><G88/><T68/><D68/><N who="3" m="26217" /><G8/><T128/><D128/><U19/><E19/><V5/><F126/><W30/><G30/><T71/><D71/><U31/><E31/><V28/><F28/><W135/><G131/><T25/><D14/><U123/><E123/><V32/><F32/><W35/><G35/><T34/><D34/><U66/><E66/><V4/><F4/><W40/><G135/><T100/><D65/><U42/><E107/><V10/><F105/><W129/><G129/><T116/><D116/><U110/><E119/><V134/><F2/><W87/><G87/><T51/><D100/><U85/><E117/><V22/><F11/><W47/><AGARI ba="0,0" hai="40,47,48,54,56,62,108,111" m="26217,14954" machi="47" ten="40,8000,1" yaku="34,2,52,3" doraHai="67" who="3" fromWho="3" sc="241,-20,250,-20,279,-40,230,80" /><INIT seed="3,0,0,5,3,97" ten="221,230,239,310" oya="3" hai0="88,44,87,21,64,31,116,111,59,82,79,8,80" hai1="5,48,10,54,24,119,22,125,35,84,96,53,134" hai2="94,85,69,20,128,90,45,92,11,75,41,27,121" hai3="112,14,102,115,7,63,101,23,103,43,40,2,39"/><W127/><G2/><T99/><D116/><U108/><E119/><V68/><F121/><W81/><G127/><T52/><D111/><U117/><E108/><V37/><F75/><W47/><G43/><T15/><D64/><U18/><E117/><V77/><F128/><W46/><G46/><T13/><D44/><U66/><E134/><V74/><F94/><W9/><G23/><T130/><D130/><U86/><E66/><V58/><F58/><W3/><G14/><T107/><D107/><U95/><E53/><V0/><F20/><W72/><REACH who="3" step="1"/><G63/><REACH who="3" step="2"/><T133/><D133/><U89/><E125/><V26/><F27/><W114/><G114/><T42/><D42/><U17/><E35/><V16/><F26/><W83/><G83/><T60/><D21/><U76/><E18/><V113/><F16/><W34/><G34/><T33/><D33/><U25/><E25/><V73/><F113/><W51/><G51/><T109/><D31/><U132/><E132/><V71/><REACH who="2" step="1"/><F77/><AGARI ba="0,1" hai="3,7,9,39,40,47,72,77,81,101,102,103,112,115" machi="77" ten="40,18000,2" yaku="1,1,25,2,52,3,53,0" doraHai="97" doraHaiUra="50" who="3" fromWho="2" sc="221,0,230,0,239,-180,300,190" /><INIT seed="3,1,0,5,4,103" ten="221,230,59,490" oya="3" hai0="48,116,64,56,68,127,111,26,44,133,61,97,98" hai1="27,83,106,113,79,1,49,32,39,7,28,20,132" hai2="16,9,67,30,3,23,102,22,31,76,54,25,17" hai3="18,112,10,85,2,55,42,93,75,129,110,95,19"/><W104/><G75/><T47/><D116/><U59/><E113/><V88/><F67/><W43/><G112/><T72/><D72/><U107/><E59/><V123/><F102/><W115/><G115/><T57/><D111/><U114/><E49/><V78/><F123/><W29/><G29/><N who="2" m="10761" /><F88/><W121/><G121/><T71/><D26/><U80/><E132/><V92/><F54/><W53/><G85/><T51/><D98/><U63/><E80/><V15/><F92/><W21/><G10/><T101/><D127/><U87/><E63/><V45/><F45/><W65/><G21/><N who="2" m="7689" /><F78/><W94/><G65/><T86/><D86/><U126/><E126/><V52/><F52/><W14/><G95/><T84/><D84/><U12/><E39/><V33/><F76/><W82/><G94/><T81/><D81/><U89/><E114/><V131/><F131/><W74/><G93/><T58/><D97/><U37/><E79/><V108/><F108/><W8/><G82/><T134/><D101/><U24/><E37/><V41/><F41/><W130/><G74/><T50/><D71/><U13/><E87/><V6/><F33/><W35/><G110/><T91/><D91/><U125/><E89/><V40/><F40/><W70/><G35/><T77/><D77/><U109/><E125/><V124/><F124/><W38/><G129/><T90/><D90/><U62/><E83/><V100/><F100/><W11/><G70/><T118/><D118/><U105/><E62/><V99/><F99/><W34/><G130/><T122/><D122/><U4/><E109/><V73/><F73/><RYUUKYOKU ba="1,0" sc="221,30,230,-10,59,-10,490,-10" hai0="44,47,48,50,51,56,57,58,61,64,68,133,134" /><INIT seed="4,2,0,4,5,31" ten="251,220,49,480" oya="0" hai0="11,25,99,20,131,71,130,22,111,89,6,61,34" hai1="90,70,55,104,103,44,112,77,49,69,68,46,0" hai2="106,124,1,64,45,41,81,82,113,115,107,88,60" hai3="80,127,14,65,62,27,4,40,42,43,39,26,12"/><T2/><D71/><U79/><E0/><V37/><F124/><W47/><G127/><T122/><D122/><U84/><E104/><V53/><F1/><W33/><G80/><T125/><D125/><U48/><E103/><V58/><F82/><W128/><G128/><N who="0" m="49195" /><D61/><U67/><E112/><V19/><F19/><W78/><G78/><T59/><D59/><U21/><E21/><N who="0" m="8297" /><D99/><U120/><E120/><V98/><F64/><W8/><G14/><T101/><D101/><U66/><E79/><V76/><F76/><W116/><G27/><T72/><D89/><U73/><E77/><V51/><F51/><W54/><G54/><T94/><D94/><U52/><E73/><V83/><F83/><AGARI ba="2,0" hai="44,46,48,49,52,55,66,67,68,69,70,83,84,90" machi="83" ten="40,2600,0" yaku="9,1,54,1" doraHai="31" who="1" fromWho="2" sc="251,0,220,32,49,-32,480,0" /><INIT seed="5,0,0,4,3,58" ten="251,252,17,480" oya="1" hai0="117,132,81,93,102,107,101,28,120,43,112,9,130" hai1="124,121,108,22,6,92,116,11,99,52,26,3,55" hai2="134,36,66,27,90,21,104,82,8,39,16,80,91" hai3="23,106,86,127,29,76,126,89,98,85,115,10,128"/><U95/><E121/><V19/><F104/><W25/><G128/><T57/><D117/><U20/><E116/><V73/><F134/><W33/><G115/><T61/><D120/><U119/><E119/><V46/><F66/><W48/><G10/><T60/><D112/><U87/><E124/><N who="3" m="47658" /><G76/><T109/><D132/><U103/><E108/><V14/><F73/><W54/><G33/><T62/><D107/><U75/><E75/><V67/><F67/><W15/><G15/><T71/><D71/><U131/><E131/><V41/><F39/><W113/><G113/><T37/><D37/><U53/><E26/><V64/><F64/><W125/><G125/><T96/><D43/><U118/><E118/><V122/><REACH who="2" step="1"/><F122/><REACH who="2" step="2"/><W18/><G106/><T123/><D123/><U4/><E4/><V0/><F0/><W97/><G86/><T63/><D109/><U1/><E1/><V77/><F77/><W44/><G97/><T74/><D130/><U135/><E135/><V69/><F69/><W47/><G98/><T114/><D114/><U111/><E111/><V72/><F72/><W13/><G85/><T35/><D74/><U51/><E87/><V94/><F94/><W2/><G2/><T30/><D81/><AGARI ba="0,1" hai="8,14,16,19,21,27,36,41,46,80,81,82,90,91" machi="81" ten="40,2600,0" yaku="1,1,54,1,53,0" doraHai="58" doraHaiUra="45" who="2" fromWho="0" sc="251,-26,252,0,7,36,480,0" /><INIT seed="6,0,0,4,3,84" ten="225,252,43,480" oya="2" hai0="43,123,120,45,64,88,22,114,16,38,61,96,126" hai1="107,31,72,86,36,116,19,7,50,39,119,133,15" hai2="44,87,41,128,26,47,14,109,95,73,106,30,131" hai3="83,9,70,124,94,0,135,3,125,110,60,69,89"/><V65/><F106/><W115/><G83/><T104/><D126/><N who="3" m="48745" /><G115/><T8/><D114/><U18/><E72/><V127/><F73/><W100/><G135/><T13/><D104/><U92/><E107/><V122/><F127/><W76/><G100/><T78/><D78/><U34/><E133/><V27/><F122/><W48/><G76/><T102/><D102/><U98/><E18/><V11/><F65/><N who="3" m="41127" /><G70/><T79/><D79/><U63/><E7/><N who="2" m="3455" /><F109/><W23/><G110/><T37/><D37/><U91/><E36/><V52/><F41/><W56/><G23/><T85/><D96/><U130/><E39/><V55/><F30/><W112/><G112/><T17/><D22/><U75/><E75/><V32/><F32/><W121/><G121/><T97/><D17/><U20/><E31/><V57/><F128/><W2/><G9/><T54/><D97/><U82/><E130/><V58/><F131/><W53/><G3/><T103/><D54/><N who="2" m="20522" /><F87/><AGARI ba="0,0" hai="0,2,48,53,56,87,89,94" m="41127,48745" machi="87" ten="30,2000,0" yaku="18,1,52,1" doraHai="84" who="3" fromWho="2" sc="225,0,252,0,43,-20,480,20" /><INIT seed="7,0,0,4,0,99" ten="225,252,23,500" oya="3" hai0="53,98,133,121,113,97,120,91,67,63,10,23,48" hai1="47,109,79,31,13,52,44,58,3,19,84,56,107" hai2="83,125,35,101,106,115,41,108,4,131,60,116,123" hai3="24,36,70,38,69,114,132,76,74,77,54,12,26"/><W103/><G12/><T94/><D133/><U127/><E127/><V92/><F4/><W104/><G132/><T73/><D73/><U85/><E109/><V7/><F7/><W122/><G74/><T20/><D10/><U42/><E107/><V11/><F11/><W129/><G104/><T81/><D113/><U134/><E134/><V1/><F60/><W110/><G114/><T51/><D81/><U27/><E3/><V18/><F18/><W33/><G110/><T57/><D51/><U43/><E79/><V61/><F61/><W25/><G25/><T49/><D49/><U17/><E13/><V135/><F41/><W5/><G5/><T130/><D130/><U30/><E27/><V29/><F101/><W95/><G95/><T6/><D6/><U89/><E89/><V0/><F83/><W105/><G105/><T21/><REACH who="0" step="1"/><D98/><REACH who="0" step="2"/><U117/><E117/><V102/><F92/><W55/><G129/><T28/><D28/><U34/><E34/><V72/><F102/><W37/><G37/><T62/><D62/><U16/><E19/><V68/><F29/><W90/><G103/><T50/><D50/><U75/><E75/><V111/><F111/><W93/><G90/><T80/><D80/><U66/><E52/><V71/><F0/><W32/><G93/><T64/><D64/><AGARI ba="0,1" hai="16,17,30,31,42,43,44,47,56,58,64,66,84,85" machi="64" ten="25,6400,0" yaku="22,2,8,1,54,1" doraHai="99" who="1" fromWho="0" sc="215,-64,252,74,23,0,500,0" owari="151,-25,326,13,23,-48,500,60" /></mjloggm>