<mjloggm ver="2.3"><GO type="41"/><UN n0="%E7%8A%AC%E4%BE%8D" n1="%61%6E%70%6F%6E%74%61%6E" n2="%E3%83%93%E3%83%AA%E3%83%9F%E3%83%AA" n3="%E3%82%A6%E3%83%AB%E3%83%88%E3%83%A9%E7%AB%8B%E7%9B%B4" dan="15,14,14,15" rate="1963,1834,1921,1925" sx="M,M,M,M"/><TAIKYOKU oya="0"/><INIT seed="0,0,0,3,0,125" ten="250,250,250,250" oya="0" hai0="133,45,78,83,135,110,55,69,31,134,85,9,104" hai1="50,6,76,32,120,42,25,100,34,80,23,38,20" hai2="98,96,127,14,103,115,107,12,77,10,39,65,40" hai3="94,74,114,48,81,64,119,101,67,121,54,91,21"/><T92/><D104/><U122/><E38/><V108/><F77/><W47/><G119/><T112/><D112/><U128/><E100/><V72/><F72/><W44/><G114/><T16/><D31/><U51/><E42/><V57/><F115/><W22/><G81/><T3/><D69/><U86/><E6/><V117/><F117/><W5/><G101/><T1/><D110/><U68/><E68/><V123/><F108/><W52/><G5/><T24/><D92/><U36/><E36/><V70/><F123/><W73/><G74/><T95/><D95/><U18/><E128/><V89/><F70/><W62/><G73/><T27/><D27/><U37/><E37/><V33/><F33/><W75/><G75/><T97/><D97/><U129/><E129/><V4/><F96/><W99/><G121/><T13/><D24/><U84/><E25/><V43/><F89/><W131/><G131/><T35/><D35/><U126/><E80/><V58/><F39/><W2/><G2/><T90/><D78/><U109/><E76/><V113/><F58/><N who="3" m="35143" /><G47/><T66/><REACH who="0" step="1"/><D66/><AGARI ba="0,0" hai="21,22,44,48,54,64,66,67,91,94,99" m="35143" machi="66" ten="30,2000,0" yaku="8,1,54,1" doraHai="125" who="3" fromWho="0" sc="250,-20,250,0,250,0,250,20" /><INIT seed="1,0,0,5,3,75" ten="230,250,250,270" oya="1" hai0="98,0,120,113,32,87,7,64,26,51,29,110,27" hai1="63,18,116,9,20,66,12,97,54,17,83,80,45" hai2="81,40,125,23,48,99,59,52,16,62,132,60,53" hai3="105,112,118,43,107,14,114,30,89,76,74,4,103"/><U50/><E116/><V34/><F34/><W13/><G30/><T102/><D113/><U109/><E109/><V42/><F125/><W57/><G4/><T56/><D110/><U135/><E135/><V1/><F1/><W126/><G57/><T121/><D26/><U21/><E9/><V11/><F11/><W131/><G43/><T73/><D73/><U77/><E97/><V67/><F132/><W25/><G25/><T117/><D117/><U47/><E66/><V68/><F99/><N who="3" m="61695" /><G14/><T92/><D7/><U115/><E115/><N who="3" m="44074" /><G13/><T111/><D0/><U122/><E122/><N who="0" m="47209" /><D111/><U71/><E71/><V58/><REACH who="2" step="1"/><F81/><REACH who="2" ten="230,250,240,270" step="2"/><N who="3" m="45207" /><G118/><T127/><D32/><U106/><E83/><V39/><F39/><W28/><G126/><T6/><D127/><U70/><E106/><V104/><F104/><W24/><G107/><T133/><D133/><U19/><E12/><AGARI ba="0,1" hai="12,16,23,40,42,48,52,53,58,59,60,62,67,68" machi="12" ten="30,7700,0" yaku="1,1,7,1,54,2,53,0" doraHai="75" doraHaiUra="2" who="2" fromWho="1" sc="230,0,250,-77,240,87,270,0" /><INIT seed="2,0,0,0,5,65" ten="230,173,327,270" oya="2" hai0="1,6,94,86,37,8,109,88,77,121,21,10,17" hai1="126,42,120,117,82,38,55,61,96,13,100,63,66" hai2="125,103,99,93,35,3,134,108,127,90,40,49,60" hai3="9,74,14,54,101,128,59,58,107,122,111,104,48"/><V11/><F35/><W69/><G74/><T24/><D121/><U106/><E120/><V5/><F108/><W78/><G107/><T114/><D109/><U16/><E117/><V118/><F118/><W4/><G111/><T72/><D114/><U133/><E126/><V98/><F60/><W39/><G39/><T91/><D37/><U68/><E133/><V73/><F73/><W110/><G110/><T92/><D10/><U123/><E123/><V2/><F134/><W95/><G104/><T31/><D72/><U15/><E38/><V119/><F119/><W132/><G132/><T12/><D77/><U33/><E42/><V25/><F25/><W30/><G78/><T26/><REACH who="0" step="1"/><D31/><REACH who="0" ten="220,173,327,270" step="2"/><U41/><E33/><V46/><F2/><W43/><G30/><T87/><AGARI ba="0,1" hai="1,6,8,12,17,21,24,26,86,87,88,91,92,94" machi="87" ten="20,12000,2" yaku="1,1,2,1,0,1,7,1,9,1,54,1,53,1" doraHai="65" doraHaiUra="0" who="0" fromWho="0" sc="220,130,173,-30,327,-60,270,-30" /><INIT seed="3,0,0,5,1,62" ten="350,143,267,240" oya="3" hai0="10,21,96,113,126,51,100,78,52,15,105,119,111" hai1="127,83,67,25,70,54,30,4,33,73,43,38,14" hai2="13,20,2,72,35,59,109,94,40,1,68,82,120" hai3="48,49,104,98,31,18,112,65,29,102,42,133,74"/><W41/><G74/><T47/><D119/><U129/><E127/><V95/><F35/><W77/><G112/><T115/><D126/><U128/><E54/><V22/><F68/><W45/><G77/><T93/><D111/><U12/><E4/><V39/><F120/><W90/><G133/><T60/><D78/><U91/><E43/><V27/><F40/><W53/><G42/><T26/><D60/><U87/><E73/><V36/><F82/><W50/><G90/><T84/><D84/><U134/><E38/><V5/><F72/><W108/><G108/><T92/><D113/><U85/><E85/><V0/><F109/><W19/><G53/><T75/><D75/><U71/><E71/><V118/><F59/><W101/><G45/><T34/><D34/><U44/><E44/><V9/><F118/><W76/><G76/><T97/><D115/><U3/><E3/><V114/><F114/><W103/><G41/><T131/><D131/><N who="1" m="50251" /><E134/><V121/><F121/><W6/><G6/><T61/><D61/><AGARI ba="0,0" hai="12,14,25,30,33,61,67,70,83,87,91" m="50251" machi="61" ten="30,2000,0" yaku="19,1,52,1" doraHai="62" who="1" fromWho="0" sc="350,-20,143,20,267,0,240,0" /><INIT seed="4,0,0,5,1,0" ten="330,163,267,240" oya="0" hai0="39,94,54,22,124,89,49,95,2,43,90,41,82" hai1="27,18,91,77,119,84,55,38,58,53,75,98,64" hai2="107,97,133,122,83,3,45,100,28,118,25,42,12" hai3="106,19,13,56,111,48,112,73,132,26,131,108,67"/><T99/><D124/><U23/><E119/><V126/><F118/><W8/><G106/><T15/><D2/><U11/><E38/><V76/><F126/><W68/><G73/><T17/><D82/><U110/><E110/><V69/><F12/><W125/><G48/><T5/><D39/><U51/><E75/><V72/><F122/><W31/><G56/><T87/><REACH who="0" step="1"/><D5/><REACH who="0" ten="320,163,267,240" step="2"/><U70/><E77/><V74/><F3/><W135/><G125/><T65/><D65/><U10/><E64/><V103/><F133/><N who="3" m="51275" /><G67/><T114/><D114/><U129/><E70/><V33/><F69/><W78/><G68/><T123/><D123/><U40/><E129/><V47/><F72/><W1/><G78/><T6/><D6/><U4/><E4/><V50/><F103/><W86/><G131/><T9/><D9/><U127/><E127/><V32/><F45/><AGARI ba="0,1" hai="15,17,22,41,43,45,49,54,87,89,90,94,95,99" machi="45" ten="30,11600,0" yaku="1,1,7,1,8,1,53,1" doraHai="0" doraHaiUra="46" who="0" fromWho="2" sc="320,126,163,0,267,-116,240,0" /><INIT seed="4,1,0,4,4,46" ten="446,163,151,240" oya="0" hai0="85,35,54,87,83,99,123,10,5,14,12,24,48" hai1="3,129,89,27,11,73,13,7,115,77,74,133,6" hai2="70,69,66,135,59,21,101,36,41,39,1,122,71" hai3="55,32,45,0,38,44,131,60,90,125,47,109,114"/><T22/><D123/><U105/><E105/><V25/><F1/><W15/><G0/><T72/><D35/><U95/><E133/><V50/><F122/><W57/><G32/><T126/><D126/><U29/><E129/><V28/><F101/><W17/><G109/><T86/><D99/><U43/><E115/><V62/><F135/><W91/><G114/><T75/><D14/><U130/><E130/><V106/><F106/><W9/><G131/><T68/><D68/><U53/><E43/><V4/><F4/><W51/><G125/><T31/><REACH who="0" step="1"/><D83/><REACH who="0" ten="436,163,151,240" step="2"/><U97/><E3/><V98/><REACH who="2" step="1"/><F98/><REACH who="2" ten="436,163,141,240" step="2"/><W120/><G120/><T16/><D16/><U58/><E6/><V19/><F19/><W102/><G38/><T80/><D80/><U113/><E113/><V81/><F81/><W33/><G17/><T100/><D100/><U23/><REACH who="1" step="1"/><E77/><REACH who="1" ten="436,153,141,240" step="2"/><V121/><F121/><W111/><G111/><T49/><D49/><AGARI ba="1,3" hai="7,11,13,23,27,29,49,53,58,73,74,89,95,97" machi="49" ten="30,7700,0" yaku="1,1,2,1,7,1,52,1,53,0" doraHai="46" doraHaiUra="37" who="1" fromWho="0" sc="436,-80,153,110,141,0,240,0" /><INIT seed="5,0,0,5,0,60" ten="356,263,141,240" oya="1" hai0="32,45,9,69,85,106,102,88,72,4,65,43,78" hai1="108,76,86,12,63,50,28,54,131,75,16,68,87" hai2="103,11,13,29,2,46,23,19,3,61,99,114,41" hai3="79,30,56,21,74,53,59,127,107,129,15,91,110"/><U94/><E75/><V0/><F114/><W119/><G107/><T25/><D32/><U92/><E28/><V135/><F135/><W71/><G71/><T40/><D25/><U62/><E68/><V89/><F89/><W7/><G79/><T48/><D78/><U115/><E115/><V18/><F61/><N who="1" m="23049" /><E131/><V39/><F29/><W31/><G30/><T126/><D72/><U96/><E108/><V5/><REACH who="2" step="1"/><F19/><REACH who="2" ten="356,263,131,240" step="2"/><W111/><G31/><T109/><D69/><U77/><E77/><V121/><F121/><W38/><G91/><T10/><D88/><N who="1" m="55303" /><E76/><V1/><F1/><W14/><G111/><T82/><D109/><U80/><E80/><V6/><F6/><W36/><G7/><T58/><D4/><U100/><E100/><V105/><AGARI ba="0,1" hai="0,2,3,5,11,13,18,23,39,41,46,99,103,105" machi="105" ten="20,2700,0" yaku="1,1,0,1,7,1,53,0" doraHai="60" doraHaiUra="130" who="2" fromWho="2" sc="356,-7,263,-13,131,37,240,-7" /><INIT seed="6,0,0,4,4,109" ten="349,250,168,233" oya="2" hai0="37,1,111,49,31,16,72,78,14,119,101,129,53" hai1="104,21,91,130,106,69,128,73,23,116,74,66,47" hai2="27,75,20,120,12,108,77,26,41,86,70,85,127" hai3="58,93,18,35,52,7,57,19,110,122,79,61,102"/><V40/><F108/><W4/><G35/><T71/><D37/><U30/><E116/><V11/><F70/><W34/><G34/><T33/><D1/><U92/><E47/><V9/><F120/><W25/><G79/><T42/><D111/><U100/><E30/><V132/><F75/><N who="1" m="28681" /><E66/><V90/><F127/><W99/><G110/><T48/><D119/><U56/><E56/><V29/><F132/><W3/><G122/><T125/><D71/><U131/><E69/><V89/><F77/><W126/><G126/><T5/><D125/><U0/><E0/><V135/><F135/><W65/><G3/><T121/><D121/><U8/><E8/><V94/><F27/><W63/><G19/><T62/><D31/><U64/><E64/><V76/><F76/><W43/><G43/><N who="2" m="16457" /><F12/><W82/><G82/><AGARI ba="0,0" hai="9,11,20,26,29,82,85,86,89,90,94" m="16457" machi="82" ten="30,1500,0" yaku="8,1" doraHai="109" who="2" fromWho="3" sc="349,0,250,0,168,15,233,-15" /><INIT seed="6,1,0,5,1,18" ten="349,250,183,218" oya="2" hai0="63,3,49,105,77,14,59,39,106,43,130,19,27" hai1="45,22,54,121,8,33,10,41,73,108,80,46,134" hai2="6,60,118,17,111,112,116,88,20,21,72,12,92" hai3="115,99,89,29,66,96,37,114,119,113,31,102,34"/><V75/><F112/><W28/><G37/><T53/><D3/><U128/><E108/><V15/><F111/><W13/><G119/><T132/><D130/><U109/><E33/><V9/><F118/><W81/><G66/><T36/><D132/><U76/><E109/><V69/><F116/><W67/><G67/><T84/><D27/><U16/><E134/><V82/><F82/><W126/><G126/><T122/><D122/><U58/><E128/><V24/><F60/><W30/><N who="3" m="7680" /><DORA hai="79" /><W127/><G127/><T35/><D35/><U1/><E121/><V120/><F69/><W71/><G71/><T87/><D105/><U124/><E124/><V65/><F65/><W50/><G34/><T100/><D100/><U98/><E98/><N who="2" m="57607" /><F75/><W117/><G117/><T107/><D107/><U135/><E135/><V94/><F72/><W86/><G102/><T38/><D106/><U23/><E1/><V48/><F120/><W131/><G131/><T93/><D93/><U0/><E0/><V40/><F94/><W52/><G13/><T44/><REACH who="0" step="1"/><D77/><REACH who="0" ten="339,250,183,218" step="2"/><U55/><E73/><V26/><F21/><AGARI ba="1,1" hai="14,19,21,36,38,39,43,44,49,53,59,63,84,87" machi="21" ten="40,5200,0" yaku="1,1,2,1,52,1,53,0" doraHai="18,79" doraHaiUra="78,91" who="0" fromWho="2" sc="339,65,250,0,183,-55,218,0" /><INIT seed="7,0,0,5,4,100" ten="404,250,128,218" oya="3" hai0="55,19,14,49,32,59,66,67,39,109,72,4,47" hai1="135,122,61,116,120,15,43,40,58,81,104,77,36" hai2="0,56,38,68,33,70,62,132,65,85,124,115,10" hai3="94,129,90,63,21,123,7,79,20,89,99,13,52"/><W11/><G129/><T17/><D109/><U133/><E15/><V75/><F75/><W92/><G79/><T110/><D110/><U125/><E36/><V84/><F33/><W9/><G123/><N who="1" m="47146" /><E61/><V3/><F38/><W130/><G130/><T96/><D32/><U30/><E30/><V93/><F124/><W44/><G11/><T57/><D96/><U31/><E31/><V91/><F115/><W105/><G105/><T37/><D72/><N who="1" m="43175" /><E58/><V78/><F132/><N who="1" m="50761" /><E40/><V50/><F0/><W41/><G41/><T74/><D39/><U86/><E43/><V87/><F50/><N who="3" m="28743" /><G63/><T88/><D37/><U108/><E108/><V76/><F10/><W26/><G26/><T106/><D4/><U127/><E86/><AGARI ba="0,0" hai="7,9,13,20,21,86,89,90,92,94,99" m="28743" machi="86" ten="30,2900,0" yaku="8,1,54,1" doraHai="100" who="3" fromWho="1" sc="404,0,250,-29,128,0,218,29" /><INIT seed="7,1,0,4,3,40" ten="404,221,128,247" oya="3" hai0="109,8,95,59,84,72,26,101,46,65,127,103,45" hai1="94,73,75,113,125,41,124,110,108,78,90,76,83" hai2="25,119,86,10,89,63,27,11,9,4,0,88,74" hai3="6,79,93,122,128,58,43,21,18,49,130,135,16"/><W123/><G79/><N who="1" m="30250" /><E41/><V111/><F74/><N who="1" m="28169" /><E113/><V5/><F119/><W52/><G6/><T33/><D72/><U85/><E83/><V14/><F111/><AGARI ba="1,0" hai="85,90,94,108,110,111,124,125" m="28169,30250" machi="111" ten="40,2600,0" yaku="34,2" doraHai="40" who="1" fromWho="2" sc="404,0,221,29,128,-29,247,0" owari="404,50.0,250,5.0,99,-40.0,247,-15.0" /></mjloggm>