<mjloggm ver="2.3"><GO type="41"/><UN n0="%EF%BC%88%E2%89%A7%E2%96%BD%E2%89%A6%EF%BC%89" n1="%E3%81%A3%E3%81%A6%E3%82%90%E2%98%86" n2="%79%30%30%31" n3="%E9%95%B7%E8%B0%B7%E5%B7%9D%E5%8B%87%E4%B9%9F%EF%BC%A0%E9%B7%B9" dan="15,14,13,14" rate="2015,1835,1872,1953" sx="M,M,M,M"/><TAIKYOKU oya="0"/><INIT seed="0,0,0,4,0,134" ten="250,250,250,250" oya="0" hai0="104,3,12,108,105,74,5,95,126,25,35,68,42" hai1="103,117,7,2,34,89,29,37,118,49,20,94,56" hai2="22,32,24,135,47,86,61,4,54,71,81,1,84" hai3="107,27,73,6,120,88,87,67,28,51,19,122,70"/><T11/><D42/><U46/><E103/><V69/><F135/><W93/><G107/><N who="0" m="41035" /><D95/><U106/><E106/><V65/><F32/><W112/><G73/><T62/><D12/><U15/><E2/><V23/><F23/><N who="3" m="15487" /><G112/><T79/><D108/><U63/><E37/><V101/><F101/><W80/><G19/><T96/><D96/><U115/><E34/><V44/><F71/><W85/><G6/><T40/><D40/><U55/><E115/><V125/><F125/><W114/><G114/><T48/><D48/><U60/><E63/><V14/><F1/><W90/><G51/><T26/><D26/><U38/><E38/><V78/><F84/><W43/><G43/><T21/><D21/><U102/><E102/><V77/><F77/><W50/><G50/><T130/><D130/><U72/><E72/><V52/><F47/><W113/><G113/><T16/><D16/><U8/><E20/><V33/><F33/><W30/><G30/><N who="0" m="19919" /><D126/><U18/><E29/><V133/><F133/><W76/><G90/><T132/><D132/><U121/><E121/><N who="3" m="46698" /><G70/><T66/><D79/><U82/><E18/><V41/><F41/><W59/><G59/><T123/><D123/><U13/><E13/><V31/><REACH who="2" step="1"/><F44/><REACH who="2" ten="250,250,240,250" step="2"/><W128/><G128/><T129/><D129/><U100/><E100/><V53/><F53/><W57/><G57/><T83/><D74/><U110/><E46/><V36/><F36/><W119/><G67/><T116/><D83/><U75/><E75/><V17/><F17/><W109/><G109/><T98/><D98/><U9/><E110/><V64/><F64/><RYUUKYOKU ba="0,1" sc="250,10,250,-30,240,10,250,10" hai0="3,5,11,62,66,68,116" hai2="4,14,22,24,31,52,54,61,65,69,78,81,86" hai3="76,80,85,87,88,93,119" /><INIT seed="0,1,1,3,5,127" ten="260,220,250,260" oya="0" hai0="6,16,130,72,1,92,122,48,44,32,115,106,27" hai1="134,68,117,97,71,81,105,25,55,53,52,54,2" hai2="93,35,95,42,79,113,98,65,13,41,30,110,69" hai3="77,111,8,58,29,80,34,70,120,51,96,135,38"/><T5/><D106/><U64/><E2/><V87/><F113/><W9/><G38/><T49/><D72/><U18/><E117/><V114/><F114/><W12/><G70/><T99/><D115/><U102/><E134/><V10/><F110/><W21/><G34/><T73/><D73/><U67/><N who="1" m="13312" /><DORA hai="133" /><U63/><E81/><V23/><F69/><W131/><G58/><T76/><D76/><U94/><E105/><V4/><F65/><W75/><G51/><T124/><D1/><U86/><E86/><V108/><F108/><W17/><G111/><T132/><D132/><U60/><E25/><V19/><F35/><W126/><G135/><T0/><D0/><U39/><E39/><V103/><F30/><W56/><G96/><T3/><D3/><U121/><REACH who="1" step="1"/><E18/><REACH who="1" ten="260,210,250,260" step="2"/><V36/><F36/><W57/><G17/><T31/><D16/><U128/><E128/><V43/><F93/><W84/><G131/><T112/><D130/><U129/><E129/><V15/><F87/><W66/><G84/><T50/><D92/><U109/><E109/><V78/><AGARI ba="1,2" hai="4,10,13,15,19,23,41,42,43,78,79,95,98,103" machi="78" ten="30,2000,0" yaku="0,1,8,1" doraHai="127,133" who="2" fromWho="2" sc="260,-11,210,-6,250,43,260,-6" /><INIT seed="1,0,0,1,3,68" ten="249,204,293,254" oya="1" hai0="38,87,28,17,122,120,83,62,133,116,104,37,9" hai1="98,33,124,76,24,78,135,46,31,118,20,103,126" hai2="8,127,47,15,53,134,132,19,44,27,95,18,60" hai3="81,55,130,25,86,1,67,59,102,41,56,57,50"/><U111/><E118/><V61/><F127/><N who="1" m="48681" /><E135/><N who="2" m="51755" /><F95/><W115/><G1/><T16/><D116/><U101/><E111/><V52/><F27/><W114/><G102/><N who="1" m="38922" /><E98/><V51/><F19/><N who="0" m="7242" /><D133/><U90/><E90/><V10/><F10/><W96/><G96/><T64/><D9/><U108/><E108/><V117/><F117/><W34/><G67/><T129/><D28/><U66/><E66/><V5/><F5/><W73/><G73/><T125/><D104/><U45/><E33/><V49/><AGARI ba="0,0" hai="8,15,18,44,47,49,51,52,53,60,61" m="51755" machi="49" ten="30,2000,0" yaku="20,1,54,1" doraHai="68" who="2" fromWho="2" sc="249,-5,204,-10,293,20,254,-5" /><INIT seed="2,0,0,0,3,81" ten="244,194,313,249" oya="2" hai0="83,108,0,37,91,23,27,71,25,33,84,59,76" hai1="34,97,19,125,103,119,36,75,70,100,96,58,6" hai2="5,29,14,107,128,110,56,72,123,69,35,126,52" hai3="7,60,18,98,104,4,26,93,80,124,49,65,41"/><V116/><RYUUKYOKU type="yao9" ba="0,0" sc="244,0,194,0,313,0,249,0" hai2="5,14,29,35,52,56,69,72,107,110,116,123,126,128" /><INIT seed="2,1,0,0,2,52" ten="244,194,313,249" oya="2" hai0="42,89,117,92,132,135,44,24,31,5,130,45,47" hai1="50,114,37,77,55,108,0,43,110,56,115,112,59" hai2="128,26,95,107,68,27,123,3,21,23,66,75,103" hai3="64,54,7,60,57,53,111,93,15,46,127,58,73"/><V106/><F75/><W51/><G73/><T14/><D117/><U71/><E0/><V101/><F123/><W131/><G131/><T99/><D130/><U98/><E77/><V124/><F128/><W62/><G127/><T65/><D65/><U104/><E98/><V1/><F124/><W16/><G7/><T48/><D5/><U91/><E104/><V76/><F76/><W17/><G111/><N who="1" m="42538" /><E91/><V41/><F41/><W61/><G15/><T116/><D14/><U80/><E80/><V122/><F122/><W125/><G125/><T97/><D97/><U49/><E71/><V13/><F13/><W36/><G36/><T83/><D83/><U32/><E32/><V6/><F68/><W10/><G10/><T28/><D28/><U25/><E25/><V102/><F66/><W22/><G22/><N who="2" m="8201" /><F6/><W100/><G62/><T35/><REACH who="0" step="1"/><D116/><REACH who="0" ten="234,194,313,249" step="2"/><U78/><E78/><V11/><F11/><W121/><G121/><T129/><D129/><U87/><E87/><V29/><F29/><W9/><G9/><T86/><D86/><U4/><E4/><V120/><F120/><W12/><G12/><T96/><D96/><AGARI ba="1,1" hai="16,17,46,51,53,54,57,58,60,61,64,93,96,100" machi="96" ten="40,8000,1" yaku="8,1,52,2,54,1" doraHai="52" who="3" fromWho="0" sc="234,-83,194,0,313,0,249,93" /><INIT seed="3,0,0,1,1,68" ten="151,194,313,342" oya="3" hai0="37,26,3,100,73,62,20,97,40,106,86,11,94" hai1="12,84,76,69,27,110,115,72,49,129,7,61,123" hai2="28,10,111,19,122,42,45,6,79,77,46,125,33" hai3="24,112,14,91,57,18,98,93,108,130,44,31,78"/><W132/><G78/><T60/><D73/><U103/><E103/><V117/><F122/><W43/><G112/><T104/><D3/><U102/><E102/><V96/><F117/><W22/><G132/><T82/><D11/><U17/><E72/><V66/><F125/><W89/><G130/><T47/><D106/><U34/><E129/><V1/><F111/><W92/><G57/><T107/><D107/><U116/><E116/><V21/><F66/><W81/><G108/><T59/><D104/><U133/><E110/><V87/><F96/><W15/><G81/><T113/><D113/><U39/><E39/><N who="2" m="21727" /><F46/><W2/><G2/><T83/><D86/><U25/><E115/><V121/><F121/><W8/><G15/><T105/><D105/><U131/><E131/><V16/><F19/><W0/><G0/><T119/><D119/><U75/><E75/><V88/><F87/><W63/><G63/><T67/><REACH who="0" step="1"/><D62/><REACH who="0" ten="141,194,313,342" step="2"/><U114/><E61/><V9/><F9/><W48/><G93/><T38/><D38/><U29/><E114/><V4/><F4/><W124/><G124/><T51/><D51/><U23/><E49/><V74/><F74/><W109/><G109/><T55/><D55/><U128/><E123/><V13/><F79/><W134/><G134/><T126/><D126/><U70/><E133/><V53/><F77/><W95/><G95/><T85/><D85/><U52/><E128/><V36/><F53/><W50/><G50/><T65/><D65/><U71/><E52/><V127/><F36/><W90/><AGARI ba="0,1" hai="8,14,18,22,24,31,43,44,48,89,90,91,92,98" machi="90" ten="20,3900,0" yaku="0,1,7,1,8,1" doraHai="68" who="3" fromWho="3" sc="141,-13,194,-13,313,-13,342,49" /><INIT seed="3,1,0,2,3,26" ten="128,181,300,391" oya="3" hai0="102,95,20,54,24,86,132,35,91,68,28,122,16" hai1="94,75,21,15,0,96,60,57,30,65,107,64,104" hai2="7,116,120,1,41,85,87,42,117,58,44,69,39" hai3="82,114,17,130,51,45,110,92,40,32,123,134,128"/><W34/><G82/><T56/><D122/><U29/><E75/><V48/><F120/><W125/><G114/><T109/><D109/><U131/><E0/><V38/><F69/><W8/><G123/><T73/><D132/><U74/><E74/><V62/><F1/><W101/><G134/><T4/><D73/><U9/><E131/><V100/><F100/><W6/><G17/><T89/><D68/><U84/><E84/><V111/><F7/><W98/><G125/><T23/><D4/><N who="1" m="3495" /><E107/><V77/><F111/><W66/><G66/><T49/><D102/><N who="1" m="60695" /><E104/><V121/><F121/><W71/><G71/><T113/><D113/><U59/><E21/><V70/><F77/><W12/><G110/><T119/><D119/><U10/><E10/><V76/><F76/><W5/><G5/><T72/><D72/><U124/><E124/><V135/><F135/><W55/><G40/><T127/><D127/><U37/><E37/><V2/><F2/><W133/><G133/><T63/><D91/><U126/><E126/><V93/><F93/><W99/><G99/><T80/><D80/><U115/><E115/><V36/><F87/><W112/><G112/><T47/><D47/><U106/><E106/><V31/><F85/><W103/><G103/><T67/><REACH who="0" step="1"/><D16/><REACH who="0" ten="118,181,300,391" step="2"/><U97/><E97/><V13/><F117/><W105/><G105/><T3/><D3/><U83/><E83/><V79/><F116/><W43/><G130/><T90/><D90/><U61/><AGARI ba="1,1" hai="29,30,57,59,60,61,64,65" m="60695,3495" machi="61" ten="30,4000,0" yaku="8,1,52,2" doraHai="26" who="1" fromWho="1" sc="118,-11,181,53,300,-11,391,-21" /><INIT seed="4,0,0,4,5,83" ten="107,234,289,370" oya="0" hai0="19,6,105,22,124,64,30,34,25,63,101,72,70" hai1="42,122,80,108,7,99,38,33,73,55,116,135,96" hai2="60,44,107,113,14,32,84,1,37,120,91,81,79" hai3="61,47,75,56,112,85,4,65,46,131,89,24,51"/><T36/><D124/><U26/><E122/><V23/><F120/><W58/><G75/><T40/><D6/><U71/><E116/><V67/><F113/><W11/><G112/><T106/><D72/><U77/><E108/><V92/><F107/><W115/><G115/><T59/><D59/><U49/><E71/><V35/><F1/><W41/><G24/><T117/><D117/><U52/><E135/><V54/><F37/><W2/><G131/><T48/><D48/><U28/><E7/><V8/><F23/><W100/><G100/><T128/><D128/><U21/><E38/><V98/><F44/><W9/><G11/><T29/><D29/><U104/><E104/><V88/><F91/><W18/><G18/><T74/><D74/><U90/><E33/><V15/><F54/><W3/><G47/><T57/><D57/><U86/><E42/><V93/><F93/><W109/><G109/><T121/><D121/><U66/><E66/><V94/><F94/><W69/><G3/><T31/><D31/><U97/><REACH who="1" step="1"/><E49/><REACH who="1" ten="107,224,289,370" step="2"/><V102/><F102/><W0/><G0/><T78/><D101/><U129/><E129/><V103/><F103/><W127/><G127/><T132/><D132/><U134/><E134/><V68/><F35/><W27/><G2/><T111/><D111/><U62/><E62/><V45/><F32/><W17/><G61/><T10/><D34/><U39/><E39/><V50/><F50/><W110/><G51/><T12/><REACH who="0" step="1"/><D78/><REACH who="0" ten="97,224,289,370" step="2"/><U130/><E130/><V5/><F45/><AGARI ba="0,2" hai="10,12,19,22,25,30,36,40,45,63,64,70,105,106" machi="45" ten="40,3900,0" yaku="1,1,2,1,53,0" doraHai="83" doraHaiUra="125" who="0" fromWho="2" sc="97,59,224,0,289,-39,370,0" /><INIT seed="4,1,0,4,3,106" ten="156,224,250,370" oya="0" hai0="39,38,117,21,49,100,16,79,56,13,27,12,105" hai1="7,32,108,47,9,24,11,90,93,30,75,52,115" hai2="116,131,89,134,109,23,122,54,2,88,55,36,127" hai3="71,22,118,43,92,34,66,123,73,17,15,85,40"/><T129/><D117/><U99/><E108/><V95/><F122/><W101/><G34/><T82/><D129/><U25/><E115/><V65/><F131/><W102/><G101/><T125/><D125/><U14/><E25/><V128/><F128/><W50/><G43/><T26/><D105/><U120/><E120/><V45/><F127/><W33/><G33/><T31/><D100/><U51/><REACH who="1" step="1"/><E11/><REACH who="1" ten="156,214,250,370" step="2"/><V59/><F109/><W103/><G118/><T132/><D132/><U124/><E124/><V69/><F134/><W70/><G123/><T53/><D27/><U91/><E91/><V28/><F116/><W58/><G103/><T77/><D77/><U62/><E62/><V112/><F89/><W57/><G102/><T76/><D76/><U80/><E80/><V133/><F112/><W81/><G81/><T135/><D135/><U104/><E104/><V37/><F133/><W86/><G86/><T96/><D96/><U119/><E119/><V6/><F88/><W126/><G85/><T3/><D3/><U44/><E44/><V20/><F2/><W111/><G111/><T46/><D46/><U83/><E83/><V41/><F45/><W113/><G113/><T35/><REACH who="0" step="1"/><D13/><REACH who="0" ten="146,214,250,370" step="2"/><U98/><E98/><V97/><F97/><W1/><G15/><T94/><D94/><U10/><E10/><V42/><F95/><W5/><G92/><T63/><D63/><U4/><E4/><V107/><F6/><W8/><G5/><T84/><AGARI ba="1,2" hai="12,16,21,26,31,35,38,39,49,53,56,79,82,84" machi="84" ten="20,7800,0" yaku="1,1,0,1,7,1,54,1,53,0" doraHai="106" doraHaiUra="130" who="0" fromWho="0" sc="146,101,214,-27,250,-27,370,-27" /><INIT seed="4,2,0,0,3,98" ten="247,187,223,343" oya="0" hai0="120,12,122,94,62,30,71,48,25,107,85,37,78" hai1="61,35,102,60,86,77,91,32,51,6,72,89,20" hai2="79,109,7,28,10,80,129,104,125,97,56,19,41" hai3="34,64,46,1,9,50,70,15,82,127,11,116,96"/><T135/><D37/><U0/><E35/><V84/><F109/><W123/><G34/><T132/><D107/><U69/><E32/><V5/><F129/><W23/><G1/><T87/><D12/><U44/><E69/><V126/><F28/><W121/><G116/><T95/><D48/><U42/><E89/><V52/><F41/><W22/><G82/><N who="0" m="47319" /><D62/><U18/><E0/><V40/><F40/><W49/><G70/><T110/><D71/><U59/><E6/><V103/><F19/><W21/><G64/><T99/><D25/><U115/><E77/><V117/><F117/><W63/><G63/><T16/><D16/><U101/><E72/><V66/><F66/><W111/><G15/><T74/><D30/><U58/><E115/><V100/><F100/><N who="1" m="38505" /><E60/><N who="2" m="35847" /><F10/><W75/><G9/><T118/><D118/><U81/><E61/><V36/><F36/><W24/><G24/><AGARI ba="2,0" hai="18,20,24,42,44,51,58,59,81,86,91" m="38505" machi="24" ten="30,7700,0" yaku="8,1,52,3" doraHai="98" who="1" fromWho="3" sc="247,0,187,83,223,0,343,-83" /><INIT seed="5,0,0,2,0,54" ten="247,270,223,260" oya="1" hai0="27,35,53,111,107,112,47,127,118,117,100,39,62" hai1="76,77,86,103,101,44,42,64,84,123,91,114,131" hai2="41,40,124,82,58,119,7,106,28,34,56,21,96" hai3="57,87,4,60,33,29,93,36,126,19,120,6,132"/><U71/><E123/><V32/><F119/><W122/><G36/><T52/><D111/><U125/><E125/><V128/><F124/><W0/><G0/><T8/><D127/><U130/><E64/><V59/><F128/><N who="1" m="49193" /><E71/><V26/><F82/><W83/><G132/><T115/><D8/><U89/><E42/><V129/><F129/><W133/><G133/><T25/><D107/><U99/><E44/><V88/><F7/><W45/><G45/><T109/><D109/><U95/><E114/><N who="0" m="43561" /><D100/><N who="1" m="38475" /><E89/><V16/><F106/><W116/><G116/><N who="0" m="44651" /><D35/><U104/><E104/><V78/><F78/><AGARI ba="0,0" hai="76,77,78,84,86,91,95,99" m="38475,49193" machi="78" ten="30,5800,0" yaku="19,1,34,2" doraHai="54" who="1" fromWho="2" sc="247,0,270,58,223,-58,260,0" /><INIT seed="5,1,0,2,0,47" ten="247,328,165,260" oya="1" hai0="28,66,53,93,46,131,30,117,67,49,58,110,56" hai1="75,18,2,65,96,7,5,94,135,10,81,130,73" hai2="24,125,69,106,6,3,51,40,63,82,50,27,109" hai3="16,84,48,68,38,15,100,36,60,25,80,114,12"/><U115/><E115/><V87/><F106/><W74/><G74/><T11/><D117/><U64/><E7/><V35/><F125/><W108/><G100/><T122/><D110/><U95/><E130/><V23/><F109/><W124/><G108/><T37/><D122/><U79/><E135/><V39/><F39/><W17/><G124/><T32/><D131/><U86/><E73/><V31/><F40/><W34/><G38/><T59/><D37/><U92/><E75/><V21/><F35/><W43/><G36/><T118/><D118/><U128/><E128/><V101/><F101/><W107/><G107/><T77/><D77/><U71/><E71/><V97/><F97/><W78/><G60/><T4/><D93/><U76/><E76/><V44/><F44/><W13/><G68/><T72/><D72/><U20/><REACH who="1" step="1"/><E96/><REACH who="1" ten="247,318,165,260" step="2"/><V98/><F98/><W8/><G114/><T104/><D4/><U116/><E116/><V55/><F3/><W54/><G8/><T88/><D11/><U83/><E83/><V126/><F6/><W70/><G70/><T26/><D67/><U121/><E121/><V85/><F126/><W134/><G134/><T99/><D66/><U22/><E22/><V41/><F41/><W61/><G43/><T112/><D112/><U90/><E90/><V19/><F69/><W9/><G9/><T29/><REACH who="0" step="1"/><D104/><REACH who="0" ten="237,318,165,260" step="2"/><U129/><E129/><V91/><REACH who="2" step="1"/><F87/><REACH who="2" ten="237,318,155,260" step="2"/><W120/><G120/><T113/><D113/><U127/><E127/><V103/><F103/><W1/><G84/><T0/><D0/><U111/><E111/><V119/><F119/><RYUUKYOKU ba="1,3" sc="237,10,318,10,155,10,260,-30" hai0="26,28,29,30,32,46,49,53,56,58,59,88,99" hai1="2,5,10,18,20,64,65,79,81,86,92,94,95" hai2="19,21,23,24,27,31,50,51,55,63,82,85,91" /><INIT seed="5,2,3,1,2,100" ten="247,328,165,230" oya="1" hai0="0,74,58,80,92,127,119,35,51,117,96,135,106" hai1="91,23,66,63,75,27,18,98,43,95,59,17,25" hai2="111,99,62,38,45,109,116,120,19,16,26,129,44" hai3="77,11,101,86,88,7,28,126,24,84,21,105,39"/><U54/><E75/><V83/><F120/><W133/><G39/><T34/><D0/><U67/><E43/><V89/><F116/><W53/><G133/><T41/><D106/><U112/><E112/><V90/><F38/><W107/><G101/><T52/><D135/><U125/><E125/><V130/><F26/><W102/><G102/><T128/><D127/><U15/><E27/><V40/><F62/><W87/><G126/><T124/><D124/><U103/><E103/><V14/><F14/><W131/><G131/><N who="2" m="50185" /><F83/><W49/><G77/><T10/><D128/><U104/><E104/><V47/><F40/><W3/><REACH who="3" step="1"/><G88/><REACH who="3" ten="247,328,165,220" step="2"/><N who="2" m="33897" /><F99/><W79/><G79/><T31/><D96/><U118/><E118/><V121/><F121/><W93/><G93/><T60/><D92/><U64/><E64/><V32/><F32/><W20/><G20/><AGARI ba="2,4" hai="15,17,18,20,23,25,54,59,63,66,67,91,95,98" machi="20" ten="30,11600,0" yaku="7,1,25,2,8,1" doraHai="100" who="1" fromWho="3" sc="247,0,328,162,165,0,220,-122" /><INIT seed="5,3,0,4,4,22" ten="247,490,165,98" oya="1" hai0="8,127,116,91,23,55,41,3,129,34,121,37,86" hai1="92,21,67,56,63,13,100,117,79,20,50,0,71" hai2="105,128,78,133,99,7,84,46,30,6,131,90,134" hai3="76,65,16,2,132,18,61,85,69,135,57,88,77"/><U80/><E0/><V64/><F64/><W112/><G2/><T15/><D34/><U28/><E117/><V25/><F46/><W53/><G112/><T12/><D116/><U114/><E114/><V96/><F105/><W14/><G132/><N who="2" m="50793" /><F78/><W43/><G43/><T47/><D121/><U32/><E32/><N who="2" m="20559" /><F6/><W11/><G18/><T98/><D3/><U31/><E71/><V119/><F119/><W126/><G126/><T29/><D127/><U26/><E50/><V118/><F118/><W17/><G17/><T122/><D122/><U59/><E59/><V10/><F10/><W97/><G97/><N who="2" m="37449" /><F7/><W36/><G36/><T9/><D37/><U113/><E113/><V87/><F87/><W83/><REACH who="3" step="1"/><G135/><REACH who="3" ten="247,490,165,88" step="2"/><T120/><D120/><U52/><E31/><V70/><F70/><W51/><AGARI ba="3,1" hai="11,14,16,51,53,57,61,65,69,76,77,83,85,88" machi="51" ten="20,12000,2" yaku="1,1,2,1,0,1,7,1,54,2,53,0" doraHai="22" doraHaiUra="42" who="3" fromWho="3" sc="247,-33,490,-63,165,-33,88,139" /><INIT seed="6,0,0,5,3,2" ten="214,427,132,227" oya="2" hai0="52,110,34,118,82,84,10,6,89,105,63,44,132" hai1="40,116,19,124,48,108,79,100,43,92,72,88,36" hai2="24,93,77,70,67,74,21,112,23,134,4,83,11" hai3="76,0,97,117,85,26,114,56,111,59,58,41,99"/><V78/><F112/><W28/><G26/><T96/><D110/><U49/><E36/><V32/><F134/><W8/><G111/><T120/><D120/><U106/><E108/><V109/><F109/><W128/><G28/><T103/><D118/><U126/><E116/><V17/><F78/><W38/><G38/><T131/><D34/><U122/><E122/><V61/><F93/><W15/><G0/><T46/><D131/><U107/><E106/><V62/><F61/><W69/><G69/><T27/><D27/><U80/><E19/><V73/><F32/><W37/><G37/><T53/><D132/><U51/><E100/><V60/><F60/><W39/><G39/><T75/><D75/><U31/><E31/><V119/><F119/><W9/><G9/><T129/><D129/><U57/><E57/><V30/><F23/><W71/><G71/><T66/><D46/><U20/><E20/><V12/><REACH who="2" step="1"/><F74/><REACH who="2" ten="214,427,122,227" step="2"/><W101/><G114/><T35/><D35/><U54/><E107/><V68/><F68/><W81/><G117/><T87/><D63/><U16/><E124/><V42/><F42/><W135/><G41/><T47/><D105/><U121/><E126/><V130/><F130/><W14/><G128/><T90/><D66/><U1/><E40/><V64/><F64/><W86/><G135/><T29/><D53/><U45/><E43/><V25/><F25/><W123/><G123/><T50/><D52/><U55/><E121/><V3/><F3/><W115/><G115/><T18/><D50/><U22/><E55/><V113/><F113/><W33/><G33/><RYUUKYOKU ba="0,1" sc="214,-10,427,-10,122,30,227,-10" hai2="4,11,12,17,21,24,30,62,67,70,73,77,83" /><INIT seed="6,1,1,2,5,79" ten="204,417,152,217" oya="2" hai0="118,80,73,22,46,39,15,43,76,71,29,68,124" hai1="132,0,45,54,131,3,16,108,42,28,81,27,47" hai2="103,34,96,89,128,24,30,65,94,88,32,66,123" hai3="51,122,14,23,53,85,19,119,11,2,125,75,58"/><V105/><F123/><W117/><G75/><T17/><D124/><U12/><E108/><V61/><F128/><W110/><G110/><T114/><D114/><U1/><E131/><V133/><F133/><W6/><G125/><T107/><D118/><U91/><E132/><V8/><F8/><W44/><G122/><T13/><D29/><U56/><E45/><V67/><F34/><W99/><G99/><T60/><D107/><U115/><E115/><V55/><F55/><W111/><G111/><T25/><REACH who="0" step="1"/><D60/><REACH who="0" ten="194,417,152,217" step="2"/><U109/><E109/><V52/><F52/><W38/><G38/><T100/><D100/><U72/><E54/><V135/><F135/><W112/><G112/><T59/><D59/><U134/><E56/><V126/><F126/><W98/><G44/><T93/><D93/><U26/><E47/><V120/><F120/><W18/><G18/><T90/><D90/><N who="2" m="34922" /><F94/><W10/><G119/><T69/><AGARI ba="1,2" hai="13,15,17,22,25,39,43,46,68,69,71,73,76,80" machi="69" ten="30,4000,0" yaku="1,1,0,1,52,1,53,0" doraHai="79" doraHaiUra="95" who="0" fromWho="0" sc="194,63,417,-11,152,-21,217,-11" /><INIT seed="7,0,0,3,5,114" ten="257,406,131,206" oya="3" hai0="93,68,1,31,40,109,89,120,27,129,60,91,110" hai1="97,47,112,70,38,87,37,96,100,14,20,133,28" hai2="102,8,124,79,6,113,26,85,86,0,119,121,134" hai3="130,131,21,34,80,69,84,106,75,5,101,56,111"/><W51/><G69/><T92/><D1/><U66/><E112/><V128/><F113/><W7/><G34/><T29/><D120/><U32/><E133/><V19/><F119/><W41/><G75/><T67/><D129/><N who="3" m="49161" /><G21/><T3/><D3/><U103/><E32/><V54/><F121/><W45/><G56/><T76/><D76/><U126/><E87/><V72/><F134/><W11/><G111/><T61/><D40/><U58/><E58/><V25/><F128/><W33/><G33/><T10/><D68/><U71/><E70/><V63/><F124/><W65/><G65/><T22/><D67/><U81/><E66/><V30/><F102/><W123/><G123/><T132/><D22/><U16/><E100/><V43/><F43/><W127/><G127/><T49/><D10/><U77/><E103/><V90/><F72/><W64/><G64/><T115/><D132/><U18/><E37/><V108/><F108/><W107/><G101/><T9/><D115/><U83/><E38/><V94/><F0/><N who="3" m="423" /><G7/><T55/><D110/><U104/><E71/><V59/><F6/><W15/><G15/><T99/><D109/><U2/><E2/><V39/><F39/><W44/><G44/><N who="0" m="28071" /><D9/><U24/><E47/><V82/><F30/><W12/><G12/><T23/><D31/><U95/><E28/><V122/><F122/><W88/><AGARI ba="0,0" hai="41,45,51,80,84,88,106,107" m="423,49161" machi="88" ten="30,3000,0" yaku="19,1,54,1" doraHai="114" who="3" fromWho="3" sc="257,-10,406,-10,131,-10,206,30" /><INIT seed="7,1,0,1,5,135" ten="247,396,121,236" oya="3" hai0="21,22,31,134,124,96,20,13,14,1,62,121,81" hai1="68,93,95,102,46,105,83,97,109,64,71,9,43" hai2="57,65,129,29,100,30,50,19,125,114,16,61,17" hai3="88,48,59,27,52,92,36,39,69,107,47,26,78"/><W51/><G107/><T45/><D1/><U101/><E109/><V73/><F114/><W103/><G69/><T94/><D121/><U108/><E108/><V34/><F73/><W28/><G78/><T38/><D134/><U6/><E83/><V18/><F100/><W35/><G103/><N who="0" m="60823" /><D38/><U54/><E64/><V41/><N who="2" m="4608" /><DORA hai="37" /><V66/><F129/><W82/><G82/><T113/><D31/><U116/><E116/><V77/><F77/><W80/><G80/><T75/><D75/><U44/><E105/><V127/><F34/><W32/><G32/><T55/><D81/><U90/><E68/><V33/><F33/><W106/><G106/><T3/><D3/><U12/><E71/><V85/><F85/><W70/><G70/><T118/><D118/><U15/><E15/><V91/><F91/><W111/><G111/><T79/><D79/><U24/><E24/><V89/><F89/><W25/><G39/><T72/><D72/><U0/><E0/><V123/><F123/><W74/><G36/><T8/><D113/><U115/><E115/><V84/><F84/><W119/><G119/><T42/><D14/><U120/><E120/><V110/><F110/><W132/><G132/><T86/><D86/><U98/><E54/><V56/><F57/><W63/><G74/><T10/><D10/><U23/><E23/><V60/><F60/><W7/><G7/><N who="0" m="3231" /><D20/><U133/><E133/><V99/><F99/><N who="3" m="57735" /><G63/><T128/><D62/><U49/><E46/><N who="2" m="25935" /><F65/><W130/><G130/><T126/><D128/><U131/><E131/><V11/><F11/><W76/><G76/><RYUUKYOKU ba="1,0" sc="247,-30,396,10,121,10,236,10" hai1="6,9,12,43,44,49,90,93,95,97,98,101,102" hai2="29,30,56,61,66,125,127" hai3="25,26,27,28,35,47,48,51,52,59" /><INIT seed="7,2,0,3,4,90" ten="217,406,131,246" oya="3" hai0="66,129,5,36,64,52,67,48,120,43,23,108,75" hai1="93,110,19,98,9,26,21,18,78,122,83,3,53" hai2="128,77,116,69,109,121,85,100,30,33,4,17,15" hai3="41,133,117,47,62,132,84,96,44,14,24,102,119"/><W49/><G24/><T80/><D108/><U131/><E110/><V111/><F69/><W13/><G62/><T16/><D120/><U1/><E122/><V61/><F121/><W10/><G47/><T57/><D129/><U0/><E131/><V135/><F111/><W28/><G28/><T46/><D5/><U112/><E112/><V81/><F128/><W65/><G65/><T99/><D99/><U60/><E60/><V55/><F116/><N who="3" m="44619" /><G84/><T97/><D97/><U101/><E53/><V87/><F135/><N who="3" m="51787" /><G10/><T95/><D95/><AGARI ba="2,0" hai="13,14,41,44,49,95,96,102" m="51787,44619" machi="95" ten="30,2900,0" yaku="20,1,52,1" doraHai="90" who="3" fromWho="0" sc="217,-35,406,0,131,0,246,35" /><INIT seed="7,3,0,0,1,132" ten="182,406,131,281" oya="3" hai0="51,115,72,75,23,80,126,47,3,121,74,9,37" hai1="56,86,54,99,26,103,16,66,41,114,110,67,104" hai2="84,81,21,124,65,128,38,31,59,63,119,35,91" hai3="82,17,53,52,34,4,92,123,95,2,49,28,33"/><W100/><G2/><T14/><D121/><U71/><E114/><V108/><F119/><W87/><G123/><T105/><D105/><U90/><E71/><V32/><F108/><W6/><G34/><T46/><D115/><U61/><E41/><V15/><F128/><W60/><G33/><T76/><D126/><U43/><E43/><V77/><F38/><W24/><G28/><T48/><D37/><U102/><E102/><V7/><F124/><W5/><G100/><T25/><D3/><U125/><E125/><V118/><F118/><W55/><G60/><T62/><D62/><U1/><E1/><V93/><F35/><W40/><G24/><T29/><D47/><U116/><E110/><V50/><F32/><W12/><G40/><T101/><D101/><U27/><E116/><V133/><F133/><W44/><G44/><T73/><REACH who="0" step="1"/><D46/><REACH who="0" ten="172,406,131,281" step="2"/><U122/><E122/><V97/><F7/><AGARI ba="3,1" hai="7,9,14,23,25,29,48,51,72,73,74,75,76,80" machi="7" ten="40,2600,0" yaku="1,1,2,1,53,0" doraHai="132" doraHaiUra="117" who="0" fromWho="2" sc="172,45,406,0,131,-35,281,0" owari="217,-18.0,406,50.0,96,-40.0,281,8.0" /></mjloggm>