<mjloggm ver="2.3"><GO type="97"/><UN n0="%62%6C%61%63%6B%5F%32%31" n1="%EF%BC%88%E2%89%A7%E2%96%BD%E2%89%A6%EF%BC%89" n2="%E7%8D%84%E9%95%B7%E3%83%91%E3%83%B3%E3%83%80" n3="%E6%96%AD%E5%B9%BA%E3%83%89%E3%83%A9%33" dan="13,15,14,15" rate="1868,1997,1979,2001" sx="M,M,M,M"/><TAIKYOKU oya="0"/><INIT seed="0,0,0,5,4,134" ten="250,250,250,250" oya="0" hai0="110,111,13,132,126,37,69,34,46,133,91,81,107" hai1="22,78,20,88,113,98,12,85,40,90,64,24,10" hai2="0,61,35,11,86,44,33,74,66,27,99,128,15" hai3="65,49,25,103,57,105,122,70,54,83,9,108,104"/><T121/><D69/><U38/><E113/><V47/><F74/><W75/><G108/><N who="0" m="41515" /><D34/><U106/><E64/><V62/><F0/><W76/><G122/><T72/><D13/><U102/><E78/><V67/><F128/><W31/><G9/><T87/><D46/><U39/><E40/><V1/><F1/><W45/><G70/><T2/><D2/><U14/><E14/><V58/><F99/><W101/><G105/><T26/><D26/><U5/><E22/><V3/><F3/><W41/><G65/><T79/><D37/><U23/><E23/><V63/><F86/><W109/><G104/><T52/><D52/><U59/><E59/><V36/><F62/><W18/><G18/><T129/><D121/><U112/><E90/><V123/><F123/><W51/><REACH who="3" step="1"/><G109/><REACH who="3" ten="250,250,250,240" step="2"/><T4/><D4/><U94/><REACH who="1" step="1"/><E112/><REACH who="1" ten="250,240,250,240" step="2"/><V80/><F67/><W32/><AGARI ba="0,2" hai="25,31,32,41,45,49,51,54,57,75,76,83,101,103" machi="32" ten="20,8000,1" yaku="1,1,2,1,0,1,7,1,53,1" doraHai="134" doraHaiUra="55" who="3" fromWho="3" sc="250,-40,240,-20,250,-20,240,100" /><INIT seed="1,0,0,0,2,48" ten="210,220,230,340" oya="1" hai0="24,37,33,52,26,92,110,62,107,18,41,94,96" hai1="104,114,85,78,79,125,2,30,47,22,53,90,135" hai2="25,77,122,109,111,40,120,44,123,5,99,13,71" hai3="70,102,65,32,27,74,10,95,105,124,51,112,72"/><U43/><E2/><V103/><F71/><W131/><G112/><T91/><D110/><N who="2" m="41994" /><F77/><W0/><G124/><T108/><D108/><U101/><E114/><V132/><F25/><W100/><G131/><T126/><D126/><U98/><E125/><V88/><F132/><W42/><G42/><T86/><D107/><U134/><E135/><V9/><F88/><W8/><G8/><T60/><D41/><U3/><E3/><V80/><F80/><W15/><G0/><T61/><D37/><U63/><E134/><V76/><F76/><W83/><G105/><T20/><D26/><U66/><E22/><V116/><F116/><W16/><G83/><N who="0" m="49631" /><D33/><U1/><E30/><V31/><F31/><W46/><G65/><T117/><D117/><U73/><E1/><V113/><F113/><W59/><G59/><N who="0" m="34919" /><D92/><U115/><E115/><V89/><F123/><W34/><G70/><T128/><D128/><U75/><E75/><V4/><F122/><W58/><G58/><T39/><D39/><U7/><E73/><V130/><F130/><W49/><G74/><T106/><D106/><U38/><E104/><N who="2" m="63615" /><F120/><W28/><G72/><T81/><D81/><U17/><E101/><AGARI ba="0,0" hai="18,20,24,61,62,94,96,101" m="34919,49631" machi="101" ten="30,3900,0" yaku="8,1,52,1,54,1" doraHai="48" who="0" fromWho="1" sc="210,39,220,-39,230,0,340,0" /><INIT seed="2,0,0,1,1,24" ten="249,181,230,340" oya="2" hai0="57,132,97,65,99,49,39,7,68,94,104,112,110" hai1="30,9,11,51,5,122,64,12,85,59,35,14,123" hai2="103,62,75,22,21,133,25,129,16,76,82,46,56" hai3="118,93,134,45,58,81,126,83,15,90,43,127,29"/><V84/><F133/><W10/><G118/><T78/><D112/><U63/><E85/><V120/><F120/><N who="1" m="46121" /><E51/><V116/><F116/><W13/><G29/><T100/><D132/><U101/><E101/><V8/><F129/><W80/><G134/><T31/><D110/><U111/><E111/><V119/><F119/><W4/><G58/><T1/><D39/><U128/><E128/><V18/><F8/><N who="1" m="3145" /><E5/><V28/><F103/><W23/><G23/><T88/><D78/><U87/><E87/><V102/><F102/><W54/><G15/><N who="1" m="5674" /><E35/><V74/><F46/><W109/><G54/><T55/><D7/><U106/><E106/><V125/><F74/><W115/><G115/><T92/><D1/><U44/><E44/><V37/><F37/><W79/><G79/><T32/><D104/><U105/><E105/><V96/><F75/><W86/><REACH who="3" step="1"/><G109/><REACH who="3" ten="249,181,230,330" step="2"/><T66/><REACH who="0" step="1"/><D68/><REACH who="0" ten="239,181,230,330" step="2"/><U107/><E107/><V117/><F76/><W69/><G69/><T71/><D71/><U130/><E130/><V73/><F82/><W121/><G121/><T0/><D0/><U3/><E3/><V47/><F117/><W135/><G135/><T36/><D36/><AGARI ba="0,2" hai="4,10,13,36,43,45,80,81,83,86,90,93,126,127" machi="36" ten="40,2600,0" yaku="1,1,53,1" doraHai="24" doraHaiUra="2" who="3" fromWho="0" sc="239,-26,181,0,230,0,330,46" /><INIT seed="3,0,0,3,3,21" ten="213,181,230,376" oya="3" hai0="99,40,58,135,62,22,71,84,48,70,44,78,85" hai1="49,114,7,93,26,73,33,51,69,3,18,120,45" hai2="9,106,110,28,126,92,103,31,16,104,50,38,131" hai3="20,17,68,46,13,6,95,65,122,116,133,66,132"/><W29/><G122/><T25/><D135/><N who="3" m="51785" /><G116/><T43/><D99/><U77/><E120/><V101/><F38/><W130/><G130/><T129/><D129/><U42/><E114/><V87/><F131/><W52/><G6/><T32/><D32/><U24/><E69/><V37/><F37/><W35/><G68/><T47/><D78/><U123/><E123/><V64/><F64/><W75/><G75/><T41/><D71/><U55/><E33/><V121/><F9/><W1/><G1/><T94/><D70/><U0/><E0/><V86/><F16/><W11/><G95/><T54/><D94/><U34/><E34/><V108/><F86/><W128/><G35/><T113/><D113/><U15/><E3/><V67/><F28/><W111/><G111/><T79/><D79/><U83/><E7/><V81/><F101/><W80/><G80/><T134/><D134/><U117/><E117/><V115/><F121/><W127/><G127/><T4/><D4/><U61/><E61/><V8/><F126/><W89/><G89/><T39/><REACH who="0" step="1"/><D43/><REACH who="0" ten="203,181,230,376" step="2"/><U90/><E93/><V74/><F92/><W5/><G5/><T14/><D14/><U98/><E98/><V107/><F115/><W53/><G13/><T119/><D119/><U109/><E90/><V12/><F108/><W76/><G76/><T59/><D59/><U105/><E109/><V118/><F12/><W102/><G128/><T88/><D88/><U91/><E91/><V60/><F110/><W82/><G102/><T112/><D112/><U97/><E97/><V27/><F103/><W63/><G46/><RYUUKYOKU ba="0,1" sc="203,30,181,-10,230,-10,376,-10" hai0="22,25,39,40,41,44,47,48,54,58,62,84,85" owari="233,3.0,171,-33.0,220,-18.0,376,48.0" /></mjloggm>