<mjloggm ver="2.3"><GO type="169" lobby="0"/><UN n0="%E3%81%A7%E3%81%93%E3%81%98" n1="%E3%82%A2%E3%83%8B%E3%82%AA%E3%83%B3" n2="%EF%BC%88%E2%89%A7%E2%96%BD%E2%89%A6%EF%BC%89" n3="%E3%81%B4%E3%81%83%E3%81%B4%E3%81%83" dan="17,16,18,17" rate="2156.38,2052.99,2278.64,2108.16" sx="M,M,M,M"/><TAIKYOKU oya="0"/><INIT seed="0,0,0,1,0,1" ten="250,250,250,250" oya="0" hai0="41,25,5,125,48,103,78,117,52,67,14,53,68" hai1="76,128,45,22,98,82,99,122,9,44,56,2,10" hai2="23,16,34,50,77,40,36,55,83,17,100,46,49" hai3="6,69,121,32,71,90,104,81,26,66,24,35,111"/><T65/><BYE who="3" /><D117/><U118/><E122/><V73/><F34/><W129/><G129/><T101/><D125/><U58/><E118/><V92/><F23/><W127/><G127/><T51/><D78/><U8/><E128/><V38/><F38/><W109/><G109/><T91/><D25/><U107/><E22/><V15/><F15/><UN n3="%E3%81%B4%E3%81%83%E3%81%B4%E3%81%83" /><W112/><G111/><T131/><D131/><U102/><E99/><V18/><REACH who="2" step="1"/><F55/><REACH who="2" ten="250,250,240,250" step="2"/><W97/><G35/><T62/><D53/><U95/><E2/><V124/><F124/><W113/><G32/><T21/><D21/><U79/><E9/><V116/><F116/><W60/><G113/><T47/><D65/><U132/><E8/><V135/><F135/><W119/><G112/><T94/><D14/><U89/><E132/><V74/><F74/><W126/><G66/><T87/><REACH who="0" step="1"/><D5/><REACH who="0" ten="240,250,240,250" step="2"/><U20/><E20/><V123/><F123/><W57/><G6/><T70/><D70/><U108/><E108/><V13/><F13/><W0/><G69/><T120/><D120/><U134/><E134/><V106/><F106/><W29/><G71/><T30/><D30/><U85/><E107/><V33/><F33/><W61/><G104/><T54/><D54/><U59/><E10/><V42/><F42/><W7/><G29/><T110/><D110/><U72/><E72/><V75/><F75/><W39/><G121/><T115/><D115/><U84/><E45/><AGARI ba="0,2" hai="41,45,47,48,51,52,62,67,68,87,91,94,101,103" machi="45" ten="30,5800,0" yaku="1,1,7,1,54,1,53,0" doraHai="1" doraHaiUra="4" who="0" fromWho="1" sc="240,78,250,-58,240,0,250,0" /><INIT seed="0,1,0,5,3,90" ten="318,192,240,250" oya="0" hai0="58,102,89,21,73,66,80,17,87,20,133,25,46" hai1="24,81,71,100,54,101,62,13,122,120,4,127,22" hai2="121,11,85,113,92,117,51,72,78,49,52,124,36" hai3="99,41,76,67,74,8,44,82,111,91,93,65,31"/><T70/><D70/><U114/><E127/><V5/><F121/><W47/><G111/><T134/><D73/><U63/><E114/><V106/><F113/><W118/><G118/><T129/><D129/><U110/><E110/><V125/><F106/><W32/><G32/><T83/><D102/><U103/><E81/><V86/><F36/><W16/><G31/><T27/><D46/><U1/><E1/><V68/><F68/><W42/><G44/><T19/><D83/><U64/><E54/><V0/><F51/><W14/><REACH who="3" step="1"/><G42/><REACH who="3" ten="318,192,240,240" step="2"/><T105/><D105/><U96/><E120/><V84/><F117/><W15/><G15/><T50/><D50/><AGARI ba="1,1" hai="8,14,16,41,47,50,65,67,74,76,82,91,93,99" machi="50" ten="30,8000,1" yaku="1,1,7,1,52,1,54,1,53,1" doraHai="90" doraHaiUra="45" who="3" fromWho="0" sc="318,-83,192,0,240,0,240,93" /><INIT seed="1,0,0,4,1,71" ten="235,192,240,333" oya="1" hai0="47,104,27,120,105,3,117,80,10,20,15,29,58" hai1="33,126,122,127,113,62,24,119,11,74,16,12,92" hai2="22,98,110,19,4,99,53,125,50,40,7,134,23" hai3="121,130,112,95,61,43,25,38,21,91,101,108,88"/><U17/><E122/><V89/><F110/><W28/><G121/><T42/><D120/><U64/><E74/><V54/><F134/><W114/><G108/><T102/><D117/><U78/><E119/><V97/><F125/><N who="1" m="47625" /><E78/><V123/><F123/><W81/><G101/><T73/><D58/><N who="1" m="36951" /><E113/><V37/><F89/><W69/><G130/><T66/><D66/><U26/><E92/><V100/><F100/><W9/><G69/><T30/><D30/><N who="1" m="19655" /><E26/><V96/><F96/><W14/><G95/><T103/><D104/><U106/><E106/><V57/><F23/><W76/><G112/><T65/><D105/><U67/><E67/><V118/><F118/><W85/><G114/><T0/><D65/><U84/><E84/><V82/><F82/><W41/><G61/><T116/><D116/><U109/><E109/><V107/><F107/><W128/><G128/><T94/><D94/><U18/><AGARI ba="0,0" hai="11,12,16,17,18" m="19655,36951,47625" machi="18" ten="30,3000,0" yaku="18,1,54,1" doraHai="71" who="1" fromWho="1" sc="235,-10,192,30,240,-10,333,-10" /><INIT seed="1,1,0,4,4,85" ten="225,222,230,323" oya="1" hai0="126,111,123,7,43,79,66,52,109,31,114,107,82" hai1="48,91,103,46,108,102,12,129,34,122,67,22,83" hai2="133,117,132,57,20,98,75,19,121,32,4,78,50" hai3="64,59,41,37,54,13,113,94,119,84,105,9,61"/><U80/><E34/><V8/><F32/><W49/><G105/><T130/><D114/><U118/><E122/><V106/><F121/><W87/><G113/><T63/><D123/><U77/><E118/><V38/><F38/><W72/><G72/><T128/><D107/><U58/><E129/><N who="0" m="49769" /><D43/><N who="1" m="24671" /><E108/><N who="0" m="41545" /><D31/><U96/><E77/><V127/><F117/><W23/><G23/><T25/><D25/><U73/><E73/><V68/><F20/><W1/><G1/><T100/><D7/><U62/><E80/><V60/><F4/><W6/><G119/><T30/><D30/><U29/><E29/><V5/><F5/><W17/><G6/><T116/><D116/><U115/><E115/><V16/><F75/><W76/><G76/><T131/><D100/><U93/><E83/><V86/><F106/><W90/><G41/><T14/><D14/><U26/><E26/><V88/><F78/><W101/><G101/><T53/><D126/><U99/><E99/><V95/><F98/><N who="3" m="57687" /><G37/><T51/><D51/><U27/><E27/><V2/><F50/><W10/><G10/><T71/><N who="0" m="49777" /><T134/><DORA hai="44" /><D134/><U56/><E56/><AGARI ba="1,0" hai="9,13,17,49,54,56,59,61,64,84,87" m="57687" machi="56" ten="30,3900,0" yaku="8,1,52,2" doraHai="85,44" who="3" fromWho="1" sc="225,0,222,-42,230,0,323,42" /><INIT seed="2,0,0,0,1,98" ten="225,180,230,365" oya="2" hai0="40,122,115,0,60,45,100,127,76,94,30,119,72" hai1="63,13,34,17,25,80,111,5,39,106,70,97,4" hai2="29,93,37,130,61,83,24,105,92,15,6,102,23" hai3="121,57,11,91,86,36,75,53,117,21,133,74,109"/><V47/><F130/><W99/><G117/><T49/><D115/><U135/><E135/><V66/><F83/><W67/><G121/><T43/><D122/><U82/><E39/><V50/><F37/><W116/><G116/><T96/><D119/><U101/><E111/><V126/><F126/><W38/><G109/><T131/><D127/><U120/><E120/><V123/><F123/><W19/><G67/><T7/><D131/><U78/><E80/><V64/><F105/><W87/><G38/><T88/><D30/><U52/><E17/><V42/><F102/><W48/><G36/><T12/><D0/><U124/><E124/><V128/><F66/><W107/><G133/><T16/><D7/><U113/><E113/><V84/><F84/><W65/><G65/><T68/><D72/><U89/><E89/><V32/><F128/><W81/><G11/><N who="0" m="6175" /><D68/><U104/><E104/><V62/><F62/><W56/><G56/><T18/><D76/><U8/><E8/><N who="2" m="4503" /><F32/><W71/><G71/><T14/><D60/><U46/><E13/><V85/><F85/><W132/><G86/><T110/><D110/><U103/><E70/><V2/><F2/><W114/><G132/><T31/><D43/><U3/><E3/><V44/><F44/><W35/><G35/><T51/><D51/><U26/><E63/><V79/><F79/><W129/><G129/><T134/><D134/><U10/><E78/><V95/><F61/><W54/><G114/><T77/><D77/><U112/><E112/><V27/><F64/><W69/><G75/><T118/><D118/><U59/><E46/><RYUUKYOKU ba="0,0" sc="225,-10,180,-10,230,30,365,-10" hai2="23,24,27,29,42,47,50,92,93,95" /><INIT seed="2,1,0,4,3,117" ten="215,170,260,355" oya="2" hai0="35,86,5,95,64,51,32,63,79,61,66,108,83" hai1="89,12,134,103,100,10,105,97,34,78,96,85,118" hai2="67,91,107,39,80,98,104,44,1,11,16,28,92" hai3="6,81,21,132,87,110,90,69,42,119,24,3,113"/><V93/><F28/><W59/><G119/><T47/><D108/><U121/><E34/><V123/><F67/><W128/><G69/><T124/><D124/><U125/><E118/><V101/><F80/><W65/><G110/><T37/><D37/><U8/><E125/><V75/><F75/><W116/><G116/><T56/><D5/><U120/><E78/><V29/><F29/><W57/><G42/><T72/><D95/><U114/><E114/><V40/><F123/><N who="1" m="47177" /><E134/><V41/><F41/><W19/><G132/><T127/><D72/><U94/><E12/><V15/><REACH who="2" step="1"/><F1/><REACH who="2" ten="215,170,250,355" step="2"/><W50/><G65/><T135/><D135/><U18/><E18/><V133/><F133/><W62/><G81/><AGARI ba="1,1" hai="8,10,81,85,89,94,96,97,100,103,105" m="47177" machi="81" ten="30,7700,0" yaku="13,1,52,3" doraHai="117" who="1" fromWho="3" sc="215,0,170,90,250,0,355,-80" /><INIT seed="3,0,0,1,5,96" ten="215,260,250,275" oya="3" hai0="111,108,46,57,19,129,125,25,115,103,24,13,8" hai1="30,92,9,70,120,107,61,22,84,100,71,79,6" hai2="14,77,101,78,36,88,11,56,34,60,0,48,75" hai3="72,90,40,109,113,104,45,27,134,16,68,38,1"/><W89/><G1/><T99/><D125/><U20/><E120/><V73/><F36/><W55/><G113/><T5/><D115/><U130/><E107/><V51/><F34/><W37/><G37/><T52/><D46/><U26/><E130/><V114/><F0/><W35/><G72/><T119/><D119/><U54/><E20/><V44/><F114/><W118/><G118/><T121/><D121/><U126/><E126/><V81/><F101/><W18/><G68/><T117/><D117/><U32/><E32/><V66/><F88/><W127/><G127/><T12/><D129/><U74/><E74/><V42/><F51/><W105/><G105/><T2/><D2/><U53/><E79/><V64/><F64/><W93/><G104/><T67/><D67/><U10/><E10/><V124/><F124/><W122/><G122/><T85/><D85/><U58/><E54/><V110/><F110/><N who="0" m="42026" /><D19/><U31/><E31/><V21/><F21/><W98/><G109/><T59/><D13/><U69/><E84/><V131/><F131/><W128/><G128/><T65/><D65/><U82/><E82/><V33/><F33/><W3/><G3/><T49/><D59/><U91/><E70/><V47/><F47/><W133/><G35/><T87/><D87/><N who="1" m="52351" /><E71/><V94/><F94/><AGARI ba="0,0" hai="5,8,12,24,25,49,52,57,94,99,103" m="42026" machi="94" ten="30,3900,0" yaku="14,1,52,1,54,1" doraHai="96" who="0" fromWho="2" sc="215,39,260,0,250,-39,275,0" /><INIT seed="4,0,0,4,4,51" ten="254,260,211,275" oya="0" hai0="18,7,117,130,50,12,3,131,119,30,101,89,6" hai1="135,125,121,133,109,113,33,83,8,105,123,127,66" hai2="132,85,14,39,110,64,88,24,10,126,57,63,5" hai3="55,42,54,87,96,106,92,129,74,53,70,69,84"/><T94/><D101/><U114/><E105/><V44/><F110/><W41/><G74/><T98/><D30/><U108/><E66/><V65/><F132/><N who="1" m="50761" /><E33/><V58/><F126/><N who="1" m="48137" /><E8/><V93/><F24/><W90/><G129/><N who="0" m="49163" /><D50/><U34/><E34/><V78/><F78/><W31/><G31/><T122/><D122/><N who="1" m="46603" /><E83/><V77/><F64/><W111/><G111/><AGARI ba="0,0" hai="108,109,111,113,114" m="46603,48137,50761" machi="111" ten="40,32000,5" yakuman="42" doraHai="51" who="1" fromWho="3" sc="254,0,260,320,211,0,275,-320" owari="254,5.0,580,69.0,211,-19.0,-45,-55.0" /></mjloggm>