<mjloggm ver="2.3"><GO type="169"/><UN n0="%E6%AF%94%E5%98%89%E7%A7%80%E4%BB%81" n1="%CE%9A%CE%95%CE%99" n2="%EF%BC%88%E2%89%A7%E2%96%BD%E2%89%A6%EF%BC%89" n3="%E5%BB%89%E5%A4%AA%E9%83%8E" dan="16,16,16,16" rate="2135,2108,2038,2129" sx="M,M,M,M"/><TAIKYOKU oya="0"/><INIT seed="0,0,0,1,4,93" ten="250,250,250,250" oya="0" hai0="100,58,124,117,50,133,7,43,23,66,14,33,19" hai1="108,26,95,89,59,72,109,53,2,64,11,119,57" hai2="135,8,80,32,6,21,127,70,39,47,98,86,103" hai3="125,81,79,129,88,122,77,83,123,107,130,65,34"/><T28/><D117/><U60/><E119/><V75/><F32/><W113/><G34/><T105/><D133/><U121/><E72/><V22/><F70/><W55/><G65/><T29/><D33/><U78/><E78/><N who="3" m="29706" /><G55/><T132/><D132/><U82/><E82/><N who="3" m="31242" /><G107/><T110/><D7/><U10/><E121/><N who="3" m="46090" /><G113/><T46/><D66/><U67/><E26/><V51/><F135/><W1/><G1/><T101/><D58/><U94/><E2/><V115/><F115/><W31/><G31/><T3/><D3/><U106/><E106/><V128/><F6/><W45/><G45/><T44/><D44/><U85/><E95/><V62/><F47/><W15/><G15/><T131/><D29/><U68/><E68/><V20/><F20/><W9/><G9/><T36/><D28/><U102/><E102/><V24/><F103/><W56/><G56/><T116/><D105/><U48/><REACH who="1" step="1"/><E64/><REACH who="1" ten="250,240,250,250" step="2"/><V84/><F24/><W114/><G114/><T0/><D101/><U74/><E74/><V40/><F75/><W18/><G88/><T25/><D100/><U126/><E126/><V71/><F127/><W61/><G125/><T17/><D124/><U112/><E112/><V76/><F71/><W37/><G37/><T92/><D36/><U30/><E30/><V13/><F39/><W38/><G38/><T120/><D0/><U97/><E97/><V16/><F98/><W4/><G129/><T104/><D131/><U90/><E90/><V52/><F128/><W91/><G91/><T118/><D118/><U96/><E96/><V41/><F76/><W99/><G130/><RYUUKYOKU ba="0,1" sc="250,-10,240,30,250,-10,250,-10" hai1="10,11,48,53,57,59,60,67,85,89,94,108,109" /><INIT seed="1,1,1,4,0,59" ten="240,270,240,240" oya="1" hai0="132,32,86,104,8,121,56,125,124,82,134,16,73" hai1="44,30,18,57,42,131,126,24,72,25,101,88,58" hai2="103,63,6,89,50,100,1,90,62,78,102,10,19" hai3="60,120,41,33,128,15,70,81,29,67,69,36,17"/><U3/><E72/><V22/><F78/><W35/><G120/><T92/><D104/><U48/><E3/><V119/><F50/><W38/><G128/><T84/><D32/><U105/><E126/><N who="0" m="48745" /><D73/><U80/><E131/><V52/><F119/><W98/><G81/><T127/><N who="0" m="48753" /><T106/><DORA hai="97" /><D106/><U91/><E18/><V23/><F23/><W79/><G79/><N who="0" m="46175" /><D56/><U34/><E25/><V49/><F89/><W68/><G35/><T113/><D113/><U4/><E4/><V37/><F90/><W71/><G98/><T123/><D92/><U64/><E58/><V31/><F31/><W14/><G29/><T61/><D86/><U53/><E64/><V28/><F28/><W114/><G33/><T115/><D61/><U85/><E91/><V47/><REACH who="2" step="1"/><F37/><REACH who="2" ten="240,270,230,240" step="2"/><W77/><G38/><T46/><D115/><U9/><E9/><V74/><F74/><W118/><G114/><T26/><D46/><U75/><E75/><V13/><AGARI ba="1,2" hai="1,6,10,13,19,22,47,49,52,62,63,100,102,103" machi="13" ten="30,16000,3" yaku="1,1,0,1,52,5,54,1,53,1" doraHai="59,97" doraHaiUra="108,0" who="2" fromWho="2" sc="240,-41,270,-81,230,183,240,-41" /><INIT seed="2,0,0,2,3,11" ten="199,189,413,199" oya="2" hai0="113,58,80,26,13,41,101,53,32,134,108,78,120" hai1="93,18,6,9,55,61,10,95,21,31,67,104,92" hai2="34,46,87,44,105,117,15,68,74,25,98,131,79" hai3="81,17,106,124,54,51,20,89,90,66,33,28,132"/><V1/><F1/><W12/><G106/><T129/><D120/><U40/><E104/><V19/><F74/><W91/><G132/><T71/><D134/><U130/><E130/><V84/><F68/><W56/><G124/><T123/><D129/><U37/><E55/><V14/><F131/><W70/><G33/><T72/><D71/><U38/><E31/><V107/><F117/><W125/><G125/><T135/><D123/><U86/><E86/><V48/><F34/><W7/><G28/><T83/><D135/><U94/><E40/><N who="2" m="24583" /><F107/><W8/><G66/><T77/><D113/><U75/><E75/><V128/><F105/><W49/><G70/><T82/><D72/><U57/><N who="1" m="23552" /><DORA hai="69" /><U133/><E133/><V116/><F98/><W4/><G4/><T115/><D115/><U126/><E126/><V3/><F3/><W0/><REACH who="3" step="1"/><G49/><REACH who="3" ten="199,189,413,189" step="2"/><T22/><D32/><U60/><E60/><V88/><F128/><W50/><G50/><T109/><D109/><U30/><E30/><V39/><F116/><W111/><G111/><T100/><D108/><U121/><E121/><V97/><F97/><W112/><G112/><T99/><D99/><U24/><REACH who="1" step="1"/><E9/><REACH who="1" ten="199,179,413,189" step="2"/><V103/><F103/><W35/><G35/><T36/><D101/><U62/><E62/><V27/><F39/><W119/><G119/><T118/><D100/><U102/><E102/><V2/><F46/><W110/><G110/><T45/><D118/><U59/><E59/><V64/><F64/><W122/><G122/><T73/><D58/><U76/><E76/><V42/><F79/><W52/><G52/><RYUUKYOKU ba="0,2" sc="199,-15,179,15,413,-15,189,15" hai1="6,10,18,21,24,37,38,57,61,67" hai3="0,7,8,12,17,20,51,54,56,81,89,90,91" /><INIT seed="3,1,2,1,2,75" ten="184,194,398,204" oya="3" hai0="28,9,132,77,12,25,108,65,102,98,1,8,103" hai1="42,66,109,36,85,35,124,86,122,60,39,4,10" hai2="131,111,99,21,81,31,49,7,74,41,54,67,50" hai3="125,90,78,114,87,55,6,94,135,76,29,43,33"/><W88/><G114/><T134/><D108/><U115/><E122/><V120/><F111/><W82/><G135/><N who="0" m="51755" /><D65/><U16/><E115/><V61/><F120/><W27/><G125/><T91/><D1/><U62/><E124/><V106/><F7/><W68/><G68/><T24/><D77/><U130/><E35/><V92/><F106/><W112/><G112/><T123/><D123/><U40/><E109/><V51/><F131/><W89/><G6/><N who="0" m="3095" /><D9/><U59/><E130/><V79/><F41/><W47/><G55/><T17/><D17/><U14/><E4/><V83/><F83/><W11/><G11/><T70/><D70/><U110/><E110/><V13/><F13/><W116/><G78/><T84/><D98/><U119/><E119/><V97/><F54/><W69/><G69/><T52/><D52/><U107/><E107/><V126/><F126/><W18/><G18/><T20/><D24/><U63/><E66/><V100/><F99/><W0/><G0/><T30/><D30/><U95/><E59/><V64/><REACH who="2" step="1"/><F61/><REACH who="2" ten="184,194,388,204" step="2"/><W5/><G5/><T117/><D117/><U32/><E62/><V101/><F101/><W53/><G53/><T56/><D56/><U3/><E63/><V22/><F22/><W57/><G57/><T71/><D71/><U37/><E60/><V93/><F93/><AGARI ba="1,3" hai="20,25,28,84,91,93,102,103" m="3095,51755" machi="93" ten="30,1000,0" yaku="20,1" doraHai="75" who="0" fromWho="2" sc="184,43,194,0,388,-13,204,0" /><INIT seed="4,0,0,0,2,51" ten="227,194,375,204" oya="0" hai0="82,135,75,92,23,87,6,101,88,0,59,133,111" hai1="46,121,123,134,47,38,106,100,42,66,86,9,31" hai2="56,89,90,20,115,113,80,68,15,61,74,93,78" hai3="3,107,39,34,99,29,105,73,10,63,40,22,37"/><T30/><D111/><U110/><E110/><V7/><F68/><W48/><G22/><T71/><D71/><U103/><E66/><N who="2" m="39207" /><F93/><W77/><G63/><T35/><D35/><U84/><E31/><V25/><F15/><W95/><G48/><T36/><D36/><U14/><E134/><N who="0" m="51209" /><D0/><U69/><E69/><V97/><F97/><W26/><G37/><T55/><D6/><U96/><E103/><V21/><F21/><W16/><G40/><T118/><D118/><U81/><E47/><V4/><F4/><W132/><G39/><T50/><D101/><U13/><E13/><V12/><F12/><W11/><G3/><T43/><D43/><U64/><E64/><V44/><F44/><W53/><G132/><T24/><D75/><U114/><E114/><N who="2" m="43531" /><F7/><W130/><G34/><T5/><D5/><U83/><E14/><V125/><F125/><W104/><G26/><T67/><D67/><U108/><E9/><V126/><F126/><W122/><G10/><T112/><D112/><U94/><E108/><V65/><F65/><W57/><G11/><T72/><D72/><U76/><REACH who="1" step="1"/><E106/><REACH who="1" ten="227,184,375,204" step="2"/><V45/><F45/><W62/><G105/><T32/><D32/><U127/><E127/><V60/><F25/><W117/><G104/><T98/><D98/><U129/><E129/><V18/><F20/><W131/><G99/><T79/><D30/><U33/><E33/><V70/><F18/><W58/><G29/><T109/><D109/><U102/><E102/><V52/><F70/><W91/><G107/><T28/><D28/><U54/><E54/><V85/><F74/><RYUUKYOKU ba="0,1" sc="227,-15,184,15,375,15,204,-15" hai1="38,42,46,76,81,83,84,86,94,96,100,121,123" hai2="52,60,78,80,85,89,90" /><INIT seed="5,1,1,4,4,71" ten="212,199,390,189" oya="1" hai0="97,48,91,109,124,113,112,120,117,110,92,123,45" hai1="88,8,40,121,59,36,50,95,72,58,2,122,51" hai2="29,10,3,28,42,13,102,46,77,20,64,128,61" hai3="19,103,14,69,53,126,84,21,105,27,9,125,37"/><U44/><E72/><V5/><F128/><W74/><G69/><T132/><D132/><U86/><E2/><V87/><F102/><W70/><G74/><T57/><D57/><U22/><E8/><V101/><F101/><W1/><G70/><T82/><D82/><U55/><E22/><V133/><F133/><W114/><G1/><T67/><D67/><U38/><REACH who="1" step="1"/><E59/><REACH who="1" ten="212,189,390,189" step="2"/><N who="2" m="36927" /><F3/><W76/><G9/><T89/><D45/><U0/><E0/><V32/><F20/><W127/><G21/><T106/><D124/><U31/><E31/><V17/><F32/><W131/><G125/><T18/><D18/><U68/><E68/><V25/><F17/><W16/><G19/><T111/><D106/><U107/><E107/><V62/><F25/><W35/><G16/><T23/><D23/><U39/><AGARI ba="1,2" hai="36,38,39,40,44,50,51,55,58,86,88,95,121,122" machi="39" ten="30,18000,2" yaku="1,1,0,1,52,3,54,1,53,0" doraHai="71" doraHaiUra="130" who="1" fromWho="1" sc="212,-61,189,203,390,-61,189,-61" /><INIT seed="5,2,0,2,2,47" ten="151,392,329,128" oya="1" hai0="41,55,57,131,112,13,124,42,50,22,64,118,9" hai1="4,18,61,10,38,95,36,122,107,16,28,100,108" hai2="51,76,83,24,12,33,66,93,19,62,39,87,20" hai3="85,94,71,109,0,65,52,7,60,113,98,27,88"/><U21/><E122/><V133/><F39/><W91/><G109/><T104/><D118/><U135/><E107/><V23/><F133/><W114/><G27/><T1/><D104/><U31/><E135/><V77/><F33/><W79/><G7/><T86/><D112/><N who="3" m="43113" /><G0/><T126/><D131/><U25/><E38/><V121/><F121/><W53/><G79/><T15/><D1/><U49/><E36/><V59/><F93/><AGARI ba="2,0" hai="52,53,60,65,71,85,88,91,93,94,98" m="43113" machi="93" ten="30,3900,0" yaku="15,1,54,2" doraHai="47" who="3" fromWho="2" sc="151,0,392,0,329,-45,128,45" /><INIT seed="6,0,0,1,4,74" ten="151,392,284,173" oya="2" hai0="95,76,78,133,38,80,1,14,105,66,110,108,53" hai1="107,123,132,122,45,61,99,3,41,89,4,120,17" hai2="6,93,124,43,15,92,23,82,117,85,56,33,84" hai3="25,50,69,40,59,119,96,48,9,129,42,51,47"/><V111/><F33/><W75/><G119/><T31/><D1/><U28/><E132/><V7/><F117/><W106/><G69/><T130/><D133/><U100/><E28/><V118/><F118/><W109/><G109/><T49/><D38/><N who="1" m="21687" /><E89/><V30/><F43/><W34/><G129/><T101/><D130/><U62/><E17/><N who="2" m="10687" /><F30/><W39/><G40/><T121/><D121/><U113/><E113/><V37/><F37/><W83/><G25/><T127/><D105/><U0/><E4/><N who="2" m="1579" /><F124/><W5/><G34/><T26/><D127/><U58/><E62/><V65/><F111/><W102/><G59/><N who="0" m="33199" /><D110/><U115/><E115/><V8/><F8/><W112/><G112/><T86/><D108/><U73/><E73/><V70/><F70/><W27/><G27/><T128/><D128/><U18/><E18/><V10/><F85/><W91/><G39/><T57/><D14/><U125/><E125/><V67/><F10/><W81/><G75/><T46/><D26/><U68/><E68/><V52/><F67/><AGARI ba="0,0" hai="0,3,58,61,67,99,100,107,120,122,123" m="21687" machi="67" ten="30,1000,0" yaku="13,1" doraHai="74" who="1" fromWho="2" sc="151,0,392,10,284,-10,173,0" /><INIT seed="7,0,0,3,3,123" ten="151,402,274,173" oya="3" hai0="3,110,59,121,63,19,90,41,7,6,82,78,67" hai1="68,96,129,65,112,60,64,35,73,29,30,48,26" hai2="113,53,86,126,124,66,0,20,57,83,31,38,24" hai3="14,62,2,39,81,133,135,89,8,109,99,51,46"/><W33/><G33/><T44/><D121/><U1/><E73/><V32/><F38/><W128/><G128/><T25/><D90/><U116/><E1/><V42/><F42/><W100/><G39/><T54/><D67/><U85/><E112/><V111/><F0/><W125/><G2/><T10/><D7/><U130/><E64/><V122/><F122/><W75/><G62/><T43/><D43/><U13/><E30/><V74/><F113/><W50/><G125/><N who="2" m="48233" /><F74/><W102/><G102/><T77/><D77/><U98/><E85/><V76/><F111/><W93/><G109/><T71/><D71/><U49/><E116/><V16/><F66/><W22/><G22/><T117/><D117/><U56/><E13/><N who="2" m="9231" /><F57/><W18/><G75/><N who="0" m="43359" /><D19/><U12/><E56/><V69/><F53/><W5/><G5/><T95/><D95/><U84/><E65/><V28/><F28/><W94/><G94/><T91/><D25/><U23/><E26/><V17/><F17/><W114/><G114/><T9/><D9/><U55/><E29/><V36/><F36/><W79/><G46/><T131/><D131/><U15/><E55/><V40/><F40/><W4/><G4/><T115/><D115/><U120/><E120/><V107/><F107/><W34/><G34/><T87/><D110/><U72/><E35/><V21/><F32/><W88/><G79/><T58/><D58/><U37/><E37/><V47/><F47/><W52/><G50/><N who="0" m="26895" /><D87/><U104/><E84/><N who="2" m="48231" /><F69/><W132/><G81/><T61/><D61/><U101/><E60/><V108/><F108/><W27/><G27/><RYUUKYOKU ba="0,0" sc="151,10,402,-30,274,10,173,10" hai0="3,6,10,54,59,63,91" hai2="21,24,31,86" hai3="8,14,18,51,52,88,89,93,99,100,132,133,135" /><INIT seed="7,1,0,4,1,53" ten="161,372,284,183" oya="3" hai0="80,7,40,27,90,21,125,8,106,37,113,86,102" hai1="64,35,77,20,131,126,87,15,134,97,82,116,0" hai2="98,123,92,50,62,66,44,118,120,119,135,108,103" hai3="45,33,85,25,83,127,28,5,52,46,71,81,14"/><W48/><G71/><T61/><D125/><U56/><E35/><V96/><F96/><W79/><G127/><T22/><D113/><U58/><E0/><V89/><F103/><W114/><G114/><T76/><D106/><U107/><E131/><V129/><F108/><W31/><G31/><T65/><D102/><U47/><E134/><V95/><F92/><W12/><G5/><T26/><D37/><U91/><E126/><V59/><F129/><W51/><REACH who="3" step="1"/><G83/><REACH who="3" ten="161,372,284,173" step="2"/><T30/><D40/><AGARI ba="1,1" hai="12,14,25,28,33,40,45,46,48,51,52,79,81,85" machi="40" ten="30,11600,0" yaku="1,1,2,1,7,1,54,1,53,0" doraHai="53" doraHaiUra="110" who="3" fromWho="0" sc="161,-119,372,0,284,0,173,129" /><INIT seed="7,2,0,0,2,124" ten="42,372,284,302" oya="3" hai0="85,133,88,95,108,75,81,7,26,46,55,121,93" hai1="32,63,127,41,61,43,129,34,134,77,125,74,94" hai2="89,97,67,113,120,39,106,122,60,131,54,70,11" hai3="87,135,49,84,13,80,132,103,33,48,4,5,37"/><W45/><G33/><N who="1" m="12906" /><E129/><V23/><F131/><W111/><G111/><T107/><D121/><N who="2" m="46698" /><F39/><W68/><G68/><T116/><D116/><U29/><E29/><V20/><F113/><W3/><G103/><T99/><D108/><U119/><E94/><N who="2" m="56527" /><F106/><W40/><G84/><T44/><D133/><N who="3" m="51273" /><G3/><T115/><D115/><U42/><E134/><V65/><F65/><W51/><G13/><T21/><D75/><U1/><E1/><V128/><F128/><W15/><G15/><T52/><D7/><U14/><E14/><V96/><F11/><W18/><G18/><T66/><D66/><U104/><E104/><V76/><F96/><W38/><G38/><T72/><D72/><U2/><E2/><V16/><F76/><AGARI ba="2,0" hai="4,5,37,40,45,48,49,51,76,80,87" m="51273" machi="76" ten="30,1500,0" yaku="20,1" doraHai="124" who="3" fromWho="2" sc="42,0,372,0,284,-21,302,21" /><INIT seed="7,3,0,1,2,80" ten="42,372,263,323" oya="3" hai0="24,52,107,82,93,88,112,78,7,22,6,0,91" hai1="48,74,124,102,97,125,135,127,43,85,79,132,98" hai2="119,38,40,60,110,20,108,87,3,77,31,53,70" hai3="42,114,2,8,109,130,69,56,75,27,26,83,21"/><W71/><G27/><T65/><D107/><N who="1" m="63951" /><E74/><V59/><F119/><W101/><G101/><T45/><D65/><U96/><E43/><V33/><F33/><W4/><G114/><T94/><D112/><U32/><E32/><V106/><F106/><W46/><G130/><T62/><D0/><U9/><E9/><V36/><F3/><W34/><G56/><T44/><D78/><U100/><E48/><V86/><F70/><W16/><G34/><T25/><D82/><N who="1" m="47327" /><E98/><V66/><F66/><W133/><G133/><T129/><D129/><U116/><E116/><V19/><F31/><W51/><G109/><T92/><D22/><U63/><E63/><V105/><F105/><AGARI ba="3,0" hai="96,100,105,124,125,127,132,135" m="47327,63951" machi="105" ten="30,7700,0" yaku="18,1,34,2,52,1" doraHai="80" who="1" fromWho="2" sc="42,0,372,86,263,-86,323,0" owari="42,-46.0,458,56.0,177,-22.0,323,12.0" /></mjloggm>