<mjloggm ver="2.3"><GO type="41"/><UN n0="%E8%B1%86%E8%85%90%E3%81%94%E9%A3%AF" n1="%E3%83%99%E3%83%AB%E3%82%AF" n2="%E3%82%8A%E3%82%93%E3%81%94%E3%81%95%E3%82%93%E9%9D%A9%E5%91%BD" n3="%EF%BC%88%E2%89%A7%E2%96%BD%E2%89%A6%EF%BC%89" dan="14,15,14,14" rate="1977,2060,1949,2040" sx="M,M,M,M"/><TAIKYOKU oya="0"/><INIT seed="0,0,0,2,5,81" ten="250,250,250,250" oya="0" hai0="4,9,29,26,32,85,60,104,59,67,79,11,28" hai1="92,68,100,34,114,18,120,23,75,54,27,64,24" hai2="93,7,110,96,91,12,43,123,78,46,88,101,72" hai3="90,102,5,17,19,77,99,80,47,89,37,15,3"/><T50/><D104/><U86/><E75/><V126/><F123/><W98/><G3/><T130/><D29/><U30/><E120/><V119/><F119/><W115/><G115/><T135/><D135/><U94/><E114/><V69/><F69/><W118/><G118/><T20/><D32/><U116/><E116/><V112/><F112/><W2/><G2/><T121/><D121/><U106/><E54/><V133/><F126/><W87/><G37/><T44/><D4/><U48/><E48/><V97/><F110/><W84/><G47/><T124/><D124/><U51/><E51/><V42/><F133/><W82/><G77/><T129/><D129/><U13/><E27/><V103/><F78/><W134/><G134/><T128/><D128/><U108/><E108/><V109/><F72/><W25/><G25/><T57/><D130/><U0/><E0/><V10/><F109/><W8/><G99/><T74/><D59/><U21/><E21/><V6/><F7/><W127/><G127/><T22/><D74/><U117/><E86/><V122/><F122/><W111/><G111/><T52/><D22/><U113/><E113/><V38/><F43/><W56/><G56/><T66/><D66/><U73/><E73/><V76/><F76/><W33/><G33/><T45/><D45/><U105/><E117/><V55/><F55/><W31/><G31/><T36/><D36/><U16/><E18/><V41/><F42/><W70/><G70/><T62/><REACH who="0" step="1"/><D62/><REACH who="0" step="2"/><N who="1" m="39959" /><E106/><AGARI ba="0,1" hai="6,10,12,38,41,46,88,91,93,96,97,101,103,106" machi="106" ten="30,2000,0" yaku="7,1,54,1" doraHai="81" who="2" fromWho="1" sc="240,0,250,-20,250,30,250,0" /><AGARI ba="0,0" hai="5,8,15,17,19,80,82,84,87,89,90,98,102,106" machi="106" ten="30,7700,0" yaku="7,1,9,1,52,2" doraHai="81" who="3" fromWho="1" sc="240,0,230,-77,280,0,250,77" /><INIT seed="1,0,0,2,2,38" ten="240,153,280,327" oya="1" hai0="67,103,63,133,72,49,84,96,30,114,111,126,118" hai1="70,52,61,2,17,12,75,21,120,81,74,40,15" hai2="59,58,107,25,9,36,106,33,116,23,51,16,86" hai3="122,20,109,27,85,94,39,0,71,47,26,28,76"/><U132/><E120/><V113/><F36/><W54/><G122/><T99/><D72/><U50/><E2/><V73/><F116/><W89/><G71/><T78/><D118/><U22/><E132/><V48/><F73/><W127/><G127/><T55/><D126/><U91/><E70/><V131/><F131/><W125/><G125/><T124/><D133/><U8/><E61/><V1/><F113/><W98/><G0/><T3/><D3/><U24/><E40/><V66/><F107/><W112/><G112/><T68/><D114/><U100/><E100/><V79/><F106/><W29/><G109/><T35/><D111/><U87/><E15/><N who="2" m="7279" /><F1/><W64/><G64/><T115/><D115/><U80/><E80/><N who="2" m="47391" /><F33/><W60/><G39/><T14/><D14/><U46/><REACH who="1" step="1"/><E22/><REACH who="1" step="2"/><V129/><F129/><W92/><G20/><T121/><D124/><U105/><E105/><V19/><F66/><W69/><G69/><T83/><D121/><U77/><E77/><V31/><F31/><AGARI ba="0,1" hai="8,12,17,21,24,31,46,50,52,74,75,81,87,91" machi="31" ten="30,18000,2" yaku="1,1,7,1,25,2,54,1,53,1" doraHai="38" doraHaiUra="4" who="1" fromWho="2" sc="240,0,143,190,280,-180,327,0" /><INIT seed="1,1,0,0,0,55" ten="240,333,100,327" oya="1" hai0="105,61,21,115,122,23,20,114,59,50,27,108,109" hai1="121,56,10,103,25,63,94,125,111,38,72,118,35" hai2="135,119,100,45,92,116,73,29,69,34,113,77,40" hai3="99,95,44,90,124,13,93,48,64,96,6,26,132"/><U131/><E121/><V8/><F69/><W82/><G132/><T30/><D105/><U133/><E118/><V102/><F113/><W87/><G124/><T91/><D50/><U126/><E72/><V31/><F135/><W60/><G26/><T54/><D122/><U134/><E38/><V15/><F73/><W14/><G95/><T110/><REACH who="0" step="1"/><D91/><REACH who="0" step="2"/><U85/><E133/><V78/><F116/><W46/><G48/><T7/><D7/><U47/><E134/><V37/><F119/><W39/><G6/><T22/><AGARI ba="1,1" hai="20,21,22,23,27,30,54,59,61,108,109,110,114,115" machi="22" ten="40,8000,1" yaku="1,1,0,1,14,1,52,1,53,0" doraHai="55" doraHaiUra="12" who="0" fromWho="0" sc="230,93,333,-41,100,-21,327,-21" /><INIT seed="2,0,0,1,0,50" ten="323,292,79,306" oya="2" hai0="18,35,128,98,116,30,1,95,87,74,130,91,133" hai1="49,84,112,60,51,56,37,114,44,63,125,54,100" hai2="69,59,38,119,3,52,88,67,46,64,7,33,90" hai3="23,47,22,14,97,82,131,103,86,41,13,123,61"/><V11/><F33/><W57/><G123/><T32/><D1/><U129/><E100/><V108/><F119/><W66/><G131/><T0/><D0/><U28/><E28/><V36/><F108/><W71/><G71/><T8/><D74/><U93/><E93/><V76/><F76/><W55/><G66/><T89/><D116/><U26/><E26/><V25/><F67/><W39/><G13/><T17/><D8/><U48/><E84/><V105/><F105/><W120/><G14/><T124/><D30/><U58/><E129/><N who="0" m="49769" /><D133/><U20/><E20/><V134/><F25/><W65/><G65/><T12/><D12/><U43/><E125/><V62/><F134/><W21/><G120/><T81/><D124/><U29/><E29/><V101/><F101/><W75/><G75/><T135/><D135/><U122/><E122/><V85/><F90/><W73/><G73/><T40/><D40/><U68/><E68/><V72/><F72/><W109/><G109/><T79/><D79/><U5/><E5/><V106/><F46/><W2/><G2/><T45/><D45/><U126/><E126/><V19/><F19/><AGARI ba="0,0" hai="17,18,19,32,35,81,87,89,91,95,98" m="49769" machi="19" ten="30,1000,0" yaku="19,1" doraHai="50" who="0" fromWho="2" sc="323,10,292,0,79,-10,306,0" /><INIT seed="3,0,0,3,0,10" ten="333,292,69,306" oya="3" hai0="120,90,106,135,92,1,98,128,103,50,20,30,115" hai1="125,47,36,86,48,108,78,11,130,37,59,27,68" hai2="95,109,58,24,55,129,123,72,131,5,52,40,28" hai3="64,133,119,83,87,29,22,113,14,15,101,112,99"/><W79/><G119/><T77/><D120/><U124/><E68/><V89/><F72/><W18/><G133/><T122/><D122/><U111/><E27/><V67/><F123/><W94/><G29/><T6/><D135/><U49/><E78/><V54/><F40/><W132/><G132/><T88/><D115/><U126/><E86/><N who="2" m="52663" /><F5/><W93/><G64/><T118/><D118/><U116/><E11/><V13/><F109/><N who="1" m="42057" /><E116/><V85/><F85/><W70/><G70/><T76/><D128/><N who="2" m="49226" /><F67/><W73/><REACH who="3" step="1"/><G14/><REACH who="3" step="2"/><T3/><D30/><U127/><E130/><V35/><F58/><W121/><G121/><T53/><D1/><U41/><E127/><V4/><F4/><W33/><G33/><T23/><D3/><U12/><E12/><AGARI ba="0,1" hai="12,13,24,28,35,52,54,55" m="49226,52663" machi="12" ten="30,7700,0" yaku="19,1,52,2,54,1" doraHai="10" who="2" fromWho="1" sc="333,0,292,-77,69,87,296,0" /><INIT seed="4,0,0,5,5,52" ten="333,215,156,296" oya="0" hai0="130,76,82,128,83,41,90,58,28,75,15,6,53" hai1="81,100,87,96,11,112,132,9,7,56,124,95,92" hai2="116,123,63,117,101,84,68,54,16,61,48,0,47" hai3="64,1,37,109,3,119,23,65,38,10,17,125,22"/><T86/><D41/><U78/><E132/><V104/><F0/><N who="3" m="75" /><G10/><T27/><D15/><U77/><E124/><V50/><F123/><W131/><G17/><T129/><D6/><U34/><E34/><V134/><F104/><W94/><G94/><T62/><D27/><U42/><E112/><V110/><F101/><W120/><G120/><T4/><D4/><U106/><E77/><V115/><F110/><W55/><G55/><T89/><D28/><U8/><E42/><N who="2" m="24695" /><F84/><W32/><G32/><T85/><D75/><U97/><E106/><V39/><F39/><N who="3" m="14859" /><G109/><T43/><D43/><U60/><E7/><V73/><F73/><W46/><G46/><T5/><D5/><U114/><E114/><V121/><F121/><W107/><G107/><T2/><D2/><U118/><E118/><N who="2" m="45675" /><F16/><W44/><G119/><T113/><D76/><U57/><REACH who="1" step="1"/><E60/><REACH who="1" step="2"/><N who="2" m="23115" /><F115/><AGARI ba="0,1" hai="53,58,62,82,83,85,86,89,90,113,115,128,129,130" machi="115" ten="50,9600,0" yaku="9,1,19,1,52,1" doraHai="52" who="0" fromWho="2" sc="333,106,205,0,156,-96,296,0" /><INIT seed="4,1,0,3,1,2" ten="439,205,60,296" oya="0" hai0="109,110,55,80,89,32,119,29,33,15,0,8,12" hai1="53,30,20,36,104,13,68,19,25,65,17,111,113" hai2="6,66,127,77,31,69,11,115,23,135,101,54,67" hai3="72,1,38,46,106,133,62,27,90,117,35,9,81"/><T56/><D119/><U18/><E111/><N who="0" m="42505" /><D80/><U131/><E104/><V58/><F115/><W94/><G117/><T108/><N who="0" m="42513" /><T71/><DORA hai="128" /><D71/><U42/><E131/><V75/><F101/><W93/><G106/><T118/><D118/><U4/><E113/><V51/><F127/><W122/><G122/><T120/><D120/><U61/><E53/><V57/><F75/><W40/><G72/><T16/><D89/><U24/><E36/><V59/><F77/><W98/><G81/><T5/><D56/><U70/><E42/><V83/><F83/><W116/><G116/><T103/><D103/><U28/><E68/><V88/><F69/><W47/><G93/><T124/><D55/><U102/><E102/><V85/><F135/><W100/><G100/><T107/><D107/><U87/><E87/><V97/><F97/><W73/><G73/><T50/><D50/><U84/><E84/><V78/><F78/><W86/><G86/><T43/><D43/><U114/><E114/><V79/><F79/><W74/><G74/><T26/><D124/><U91/><E91/><V123/><F123/><W52/><G90/><T121/><D121/><U10/><E70/><V7/><F11/><W76/><G9/><N who="0" m="2215" /><D15/><N who="1" m="5575" /><E61/><V48/><F23/><AGARI ba="1,0" hai="8,12,16,23,26,29,32,33" m="2215,42513" machi="23" ten="40,12000,1" yaku="10,1,34,2,52,1,54,1" doraHai="2,128" who="0" fromWho="2" sc="439,123,205,0,60,-123,296,0" owari="562,65.0,205,-19.0,-63,-56.0,296,10.0" /></mjloggm>