<mjloggm ver="2.3"><GO type="169" lobby="0"/><UN n0="%E8%B6%85%E3%83%87%E3%82%B8%E3%82%BF%E3%83%AB%E6%B4%BE" n1="%EF%BC%88%E2%89%A7%E2%96%BD%E2%89%A6%EF%BC%89" n2="%E8%B7%AF%E5%9C%B0%E8%A3%8F%E3%81%AE%E3%81%B2%E3%81%BE%E3%82%8F%E3%82%8A" n3="%E3%81%93%E3%81%BE%E3%81%A3%E3%81%95%E3%82%93" dan="17,17,17,17" rate="2138.33,2173.64,2148.62,2168.73" sx="M,M,M,M"/><TAIKYOKU oya="0"/><INIT seed="0,0,0,5,2,58" ten="250,250,250,250" oya="0" hai0="132,39,124,42,93,120,27,123,76,48,90,133,10" hai1="19,92,21,135,38,82,37,1,41,127,96,121,100" hai2="102,109,24,4,33,56,99,45,72,112,18,40,59" hai3="23,46,3,14,7,20,22,107,130,84,44,61,8"/><T43/><D27/><U64/><E121/><N who="0" m="46665" /><D10/><U105/><E1/><V83/><F112/><W36/><G107/><T104/><D104/><U108/><E41/><N who="0" m="15369" /><D76/><U134/><E38/><V131/><F4/><W62/><G3/><T53/><D90/><U114/><E37/><V97/><F97/><W87/><G130/><T85/><D85/><N who="3" m="32841" /><G36/><T5/><D93/><U98/><E114/><V118/><F59/><W35/><G35/><T89/><D89/><U32/><E32/><V77/><F56/><W52/><G46/><N who="0" m="27799" /><D5/><U11/><E11/><V12/><F33/><W71/><G71/><T0/><D0/><U126/><E82/><V54/><F24/><W17/><G7/><T13/><D13/><U67/><E105/><V73/><F77/><W117/><G117/><T115/><D115/><U25/><E98/><V70/><F99/><W47/><G47/><T65/><D124/><U60/><E127/><V128/><F12/><W30/><G30/><T16/><D16/><U63/><E126/><V111/><F18/><W94/><G94/><T68/><D39/><U50/><E19/><V129/><F83/><W55/><G44/><T29/><D29/><U125/><E92/><V110/><F118/><W9/><G8/><T78/><D78/><U122/><E96/><V103/><F128/><W66/><G9/><T34/><D34/><U79/><E125/><V88/><F129/><W95/><G95/><T106/><D106/><U6/><E6/><V101/><F131/><W75/><G14/><T86/><D86/><U74/><E79/><V28/><F28/><W2/><G17/><RYUUKYOKU ba="0,0" sc="250,30,250,-10,250,-10,250,-10" hai0="65,68,132,133" /><INIT seed="0,1,0,5,1,66" ten="280,240,240,240" oya="0" hai0="31,101,44,119,116,96,65,133,103,131,41,113,1" hai1="11,49,51,62,92,81,117,127,82,70,109,94,86" hai2="102,52,26,50,79,39,34,4,107,111,100,30,128" hai3="120,134,12,48,87,104,98,135,132,23,88,15,6"/><T5/><D31/><U47/><E117/><V45/><F111/><W114/><G114/><T20/><D20/><U84/><E109/><V29/><F128/><W3/><G3/><T40/><D5/><U97/><E127/><V53/><F30/><W108/><G108/><T43/><D1/><U64/><E11/><V95/><F107/><W129/><G129/><T57/><D131/><U21/><E21/><V76/><F39/><W83/><G120/><T46/><D96/><U99/><E47/><N who="0" m="17961" /><D113/><U72/><E72/><V106/><F106/><W126/><G126/><T38/><D38/><U118/><E118/><N who="0" m="45097" /><D133/><U17/><E17/><V93/><F4/><W124/><G6/><T112/><D112/><U27/><E27/><V130/><F130/><W10/><G124/><T67/><D101/><U19/><E19/><V60/><F102/><N who="3" m="62551" /><G10/><T78/><D78/><U24/><E24/><V35/><F35/><W105/><G105/><T63/><D103/><U91/><E99/><N who="2" m="59503" /><F95/><W125/><G125/><T16/><D16/><U0/><E0/><V115/><F115/><W13/><G23/><T90/><D90/><N who="1" m="55511" /><E92/><V69/><F34/><W32/><G32/><T25/><D25/><U54/><E82/><V59/><F26/><W22/><G22/><T56/><D63/><N who="1" m="40223" /><E86/><V74/><F29/><W36/><G36/><T89/><D89/><U73/><E73/><V77/><F74/><W110/><G110/><T85/><D85/><U9/><E9/><V80/><F80/><W33/><G33/><T37/><D37/><U75/><E75/><V7/><F7/><W8/><G8/><RYUUKYOKU ba="1,0" sc="280,0,240,0,240,0,240,0" hai0="40,41,43,56,57,65,67" hai1="49,51,54,62,81,84,91" hai2="45,50,52,53,59,60,69,76,77,79" hai3="12,13,15,48,83,87,88,132,134,135" /><INIT seed="0,2,0,0,4,18" ten="280,240,240,240" oya="0" hai0="15,81,130,51,80,106,22,39,88,91,41,27,90" hai1="13,68,59,56,46,72,19,97,34,79,35,110,1" hai2="23,47,127,30,86,11,102,5,49,94,113,108,85" hai3="65,14,20,0,133,87,8,6,96,40,16,36,42"/><T118/><D39/><U37/><E68/><V105/><F113/><W28/><G133/><T122/><D106/><U114/><E1/><V95/><F105/><W48/><G36/><T82/><D118/><U58/><E114/><V64/><F64/><W123/><G123/><T92/><D122/><U124/><E124/><V31/><F127/><W77/><G65/><T4/><D130/><U29/><E110/><V129/><F108/><W67/><G67/><T103/><D103/><U3/><E3/><V116/><F116/><W93/><G48/><T78/><D78/><U61/><E61/><V60/><F60/><W119/><G119/><T7/><D92/><N who="2" m="35370" /><F31/><W9/><G28/><N who="0" m="17527" /><D15/><U89/><E13/><N who="2" m="5359" /><F102/><W117/><G117/><T135/><D135/><U104/><E104/><V12/><F129/><W128/><G128/><T131/><D131/><U109/><E109/><V112/><F112/><W2/><G2/><T43/><D51/><U101/><E37/><V52/><F30/><W83/><G8/><T57/><D57/><U73/><E29/><V53/><F53/><W55/><REACH who="3" step="1"/><G55/><REACH who="3" ten="280,240,240,230" step="2"/><T98/><D98/><U66/><E66/><V99/><F99/><W54/><G54/><T115/><D115/><U71/><E97/><V45/><F45/><W69/><G69/><T121/><D121/><U111/><E46/><V125/><F125/><W21/><G21/><T50/><D50/><U120/><E71/><V25/><F47/><W44/><G44/><T84/><D84/><N who="2" m="32362" /><F49/><W75/><G75/><N who="1" m="28746" /><E120/><V70/><F70/><W62/><G62/><T107/><D107/><U32/><E111/><RYUUKYOKU ba="2,1" sc="280,15,240,-15,240,-15,230,15" hai0="4,7,41,43,80,81,82,88,90,91" hai3="0,6,9,14,16,20,40,42,77,83,87,93,96" /><INIT seed="0,3,1,2,4,28" ten="295,225,225,245" oya="0" hai0="99,40,31,103,34,111,69,43,12,49,129,126,66" hai1="107,45,96,27,120,83,68,9,132,95,13,84,70" hai2="108,54,89,56,85,52,24,88,62,74,116,124,128" hai3="98,133,10,86,18,39,109,4,11,65,58,50,3"/><T15/><D126/><U20/><E120/><V51/><F124/><W127/><G127/><T72/><D72/><U35/><E107/><V44/><F108/><W135/><G39/><T113/><D113/><U14/><E132/><N who="3" m="50762" /><G109/><T73/><D111/><U41/><E35/><V97/><F128/><W76/><G98/><T79/><D129/><U47/><E70/><V134/><F134/><W71/><G71/><T19/><D73/><U77/><E68/><V22/><F116/><W46/><G76/><T5/><D79/><U104/><E104/><V82/><F74/><W2/><G86/><T122/><D122/><U125/><E125/><V53/><F97/><W37/><G37/><T93/><D69/><U38/><E9/><N who="3" m="3082" /><G18/><T131/><D131/><U114/><E114/><V118/><F118/><W117/><G117/><T67/><D19/><U121/><E121/><V101/><F101/><W26/><G4/><T36/><D5/><U102/><REACH who="1" step="1"/><E45/><REACH who="1" ten="295,215,225,245" step="2"/><V105/><F105/><W94/><G2/><T119/><D119/><U61/><E61/><V64/><REACH who="2" step="1"/><F89/><REACH who="2" ten="295,215,215,245" step="2"/><W16/><G3/><T48/><D103/><U1/><E1/><V6/><F6/><W80/><G46/><T75/><D75/><U25/><E25/><V115/><F115/><W8/><G26/><T63/><D99/><U57/><E57/><V21/><F21/><W59/><G59/><T7/><D7/><U106/><E106/><V23/><F23/><W33/><G58/><T30/><D66/><U0/><E0/><V110/><F110/><W29/><G65/><T17/><D67/><U100/><E100/><RYUUKYOKU ba="3,3" sc="295,-15,215,15,215,15,245,-15" hai1="13,14,20,27,38,41,47,77,83,84,95,96,102" hai2="22,24,44,51,52,53,54,56,62,64,82,85,88" /><INIT seed="1,4,3,2,3,41" ten="280,230,230,230" oya="1" hai0="121,89,131,93,13,25,33,27,43,94,133,59,34" hai1="60,48,134,124,21,47,40,87,109,100,2,49,126" hai2="130,119,17,110,114,36,45,55,122,125,97,111,54" hai3="86,101,46,106,85,29,81,123,8,90,30,74,135"/><U113/><E113/><V61/><F114/><W71/><G71/><T12/><D43/><U19/><E2/><V84/><F119/><W50/><G74/><T88/><D59/><U44/><E134/><V14/><F122/><W82/><G123/><T83/><D121/><U129/><E129/><V39/><F130/><W51/><G135/><T78/><D131/><U16/><E109/><N who="2" m="41483" /><F125/><N who="1" m="48233" /><E100/><V7/><F7/><W118/><G118/><T56/><D56/><U65/><E87/><V96/><F61/><W35/><G35/><T105/><D133/><U28/><E28/><V42/><F36/><W92/><G8/><T102/><D102/><U15/><E19/><V73/><F73/><W22/><G106/><T108/><D108/><U95/><E95/><V115/><F84/><W37/><G101/><T24/><D105/><U72/><E72/><V80/><F80/><W26/><G30/><T67/><D67/><U77/><E77/><V31/><F31/><W79/><G92/><N who="0" m="35435" /><D83/><U5/><E5/><V116/><F116/><W18/><G29/><T58/><D58/><N who="1" m="37015" /><E44/><V10/><F115/><W52/><G82/><T3/><D78/><U128/><E128/><V0/><F0/><W11/><G79/><T23/><D3/><U66/><E66/><V6/><F6/><W57/><G86/><T91/><D23/><U76/><E76/><V120/><F120/><W98/><G85/><T107/><D107/><U69/><E69/><V103/><F103/><W1/><G81/><T9/><D9/><U99/><E99/><AGARI ba="4,3" hai="10,14,17,39,42,45,54,55,96,97,99" m="41483" machi="99" ten="30,2000,0" yaku="14,1,52,1" doraHai="41" who="2" fromWho="1" sc="280,0,230,-32,230,62,230,0" /><INIT seed="2,0,0,2,5,64" ten="280,198,292,230" oya="2" hai0="120,76,91,61,39,82,2,85,41,81,19,106,102" hai1="67,99,105,89,132,75,71,16,80,95,79,68,88" hai2="123,96,119,40,48,36,31,58,21,87,65,35,25" hai3="30,112,66,131,14,60,62,69,33,122,42,32,94"/><V108/><F119/><W97/><G122/><T13/><D2/><U52/><E67/><V57/><F123/><W117/><G117/><T0/><D0/><U109/><E109/><V72/><F72/><W44/><G112/><T18/><D120/><U3/><E3/><V129/><F108/><W78/><G131/><T74/><D39/><U115/><E115/><V9/><F36/><W56/><G30/><T103/><D41/><U22/><E132/><V107/><F35/><W93/><G14/><T45/><D45/><U46/><E105/><V37/><F37/><W38/><G78/><T4/><D4/><U28/><E28/><V114/><F9/><W121/><G121/><T73/><D61/><U101/><E89/><V1/><F1/><W27/><G27/><T125/><D125/><U51/><E101/><N who="0" m="38409" /><D13/><AGARI ba="0,0" hai="13,16,22,46,51,52,68,71,75,79,80,88,95,99" machi="13" ten="30,12000,2" yaku="7,1,52,2,54,3" doraHai="64" who="1" fromWho="0" sc="280,-120,198,120,292,0,230,0" /><INIT seed="3,0,0,1,2,57" ten="160,318,292,230" oya="3" hai0="124,51,59,47,101,131,4,26,63,91,113,83,61" hai1="56,33,44,132,71,52,40,6,27,108,122,1,87" hai2="84,37,53,100,95,80,93,119,24,22,12,50,55" hai3="45,28,36,31,107,76,135,97,10,88,123,48,29"/><W126/><G36/><T17/><D124/><U105/><E105/><V86/><F37/><W58/><G123/><T68/><D68/><U129/><E122/><V23/><F119/><W75/><G107/><T18/><D131/><U118/><E71/><V66/><F66/><W72/><G126/><T128/><D128/><U38/><E129/><V7/><F86/><W104/><G104/><T62/><D113/><U49/><E118/><V134/><F134/><W81/><G135/><T32/><D101/><U111/><E132/><V109/><F109/><N who="1" m="42057" /><E87/><V92/><F100/><W73/><G10/><T46/><D4/><U99/><E99/><V94/><F94/><W79/><G58/><T102/><D102/><U120/><E120/><V125/><F125/><W78/><G97/><T9/><D32/><U30/><E6/><V106/><F7/><W13/><G13/><N who="0" m="7343" /><D59/><U39/><E1/><V116/><F12/><W5/><G5/><T127/><D127/><U130/><E130/><V15/><F15/><W96/><G81/><T114/><D114/><U110/><N who="1" m="42065" /><U89/><DORA hai="65" /><E89/><V25/><F106/><W77/><N who="3" m="19968" /><DORA hai="43" /><W64/><G64/><T133/><D51/><AGARI ba="0,0" hai="27,30,33,38,39,40,44,49,51,52,56" m="42065" machi="51" ten="40,5200,0" yaku="14,1,52,1,54,1" doraHai="57,65,43" who="1" fromWho="0" sc="160,-52,318,52,292,0,230,0" /><INIT seed="4,0,0,4,4,12" ten="108,370,292,230" oya="0" hai0="74,127,34,53,21,13,101,116,83,4,124,72,87" hai1="94,108,95,67,85,42,82,35,106,50,130,105,134" hai2="30,24,100,64,6,70,43,54,122,115,14,90,102" hai3="57,56,78,113,41,19,55,60,132,47,48,104,40"/><T38/><D38/><U23/><E35/><V119/><F115/><W91/><G104/><T17/><D34/><U120/><E108/><V25/><F122/><W81/><G113/><T44/><D116/><U121/><E134/><V9/><F43/><W84/><G132/><T59/><D101/><U16/><E130/><V26/><F119/><W51/><G57/><T109/><D109/><U0/><E0/><V37/><F37/><W65/><G51/><T77/><D4/><U125/><E125/><N who="0" m="48201" /><D44/><N who="1" m="25879" /><E106/><V11/><F30/><W89/><G91/><T39/><D39/><U112/><E105/><V88/><F11/><W96/><G78/><T45/><D45/><U98/><E112/><V76/><F76/><W58/><G58/><T49/><AGARI ba="0,0" hai="13,17,21,49,53,59,72,74,77,83,87" m="48201" machi="49" ten="30,3000,0" yaku="18,1,52,1" doraHai="12" who="0" fromWho="0" sc="108,30,370,-10,292,-10,230,-10" /><INIT seed="4,1,0,1,2,16" ten="138,360,282,220" oya="0" hai0="131,51,93,135,98,14,83,104,90,3,54,42,116" hai1="58,21,26,70,69,60,92,107,49,123,65,30,17" hai2="47,25,118,57,132,125,6,50,22,100,4,75,133" hai3="62,111,79,20,108,121,91,2,1,76,77,114,67"/><T40/><D3/><U95/><E107/><V53/><F75/><W0/><G121/><T9/><D116/><U109/><E123/><V130/><F118/><W46/><G114/><T24/><D104/><U120/><E120/><V44/><F125/><W113/><G113/><T48/><D131/><U119/><E119/><V102/><F130/><W129/><G129/><T63/><D135/><N who="2" m="51786" /><F100/><W124/><G91/><T28/><D83/><U101/><E109/><V39/><F102/><W59/><G124/><T10/><D63/><U84/><E49/><N who="2" m="30895" /><F39/><W68/><G68/><T82/><D82/><U78/><E101/><V127/><F127/><W74/><G74/><T52/><D24/><U35/><E78/><V105/><F105/><W7/><G7/><N who="2" m="2601" /><F50/><N who="0" m="18986" /><D28/><AGARI ba="1,0" hai="22,25,28,44,47" m="2601,30895,51786" machi="28" ten="30,2000,0" yaku="20,1,52,1" doraHai="16" who="2" fromWho="0" sc="138,-23,360,0,282,23,220,0" /><INIT seed="5,0,0,1,5,68" ten="115,360,305,220" oya="1" hai0="102,59,75,123,82,133,115,106,15,70,130,5,28" hai1="113,127,66,109,108,55,45,31,121,125,20,10,12" hai2="85,79,11,114,60,77,95,1,69,62,49,101,80" hai3="43,58,86,74,132,4,8,90,18,67,122,16,21"/><U117/><E66/><V6/><F114/><W41/><G74/><T44/><D70/><U93/><E117/><V73/><F69/><W87/><G122/><T13/><D106/><U107/><E107/><V104/><F77/><W83/><G132/><T37/><D102/><U110/><E121/><V3/><F3/><W19/><G21/><T27/><D123/><U72/><E72/><V2/><F2/><W131/><G131/><T105/><D105/><U120/><E120/><V57/><F49/><W35/><G35/><T97/><D97/><U91/><E113/><V7/><F7/><W71/><G71/><T94/><D115/><U9/><E55/><V134/><F134/><W33/><G33/><T129/><D133/><U128/><E128/><N who="0" m="49257" /><D5/><U81/><E45/><V25/><F25/><W29/><G29/><T103/><D59/><U53/><E53/><V38/><F57/><W34/><G34/><N who="0" m="20767" /><D94/><U48/><E93/><V78/><F78/><W26/><G26/><T88/><D103/><U84/><E31/><V50/><F50/><W119/><G119/><T111/><D111/><U36/><E48/><V17/><F104/><W135/><G135/><T30/><D30/><U63/><E110/><V76/><F76/><W61/><REACH who="3" step="1"/><G87/><REACH who="3" ten="115,360,305,210" step="2"/><N who="0" m="50295" /><D75/><U56/><E109/><V99/><F73/><W42/><G42/><AGARI ba="0,1" hai="13,15,37,42,44" m="50295,20767,49257" machi="42" ten="30,3900,0" yaku="19,1,52,1,54,1" doraHai="68" who="0" fromWho="3" sc="115,49,360,0,305,0,210,-39" /><INIT seed="6,0,0,3,4,55" ten="164,360,305,171" oya="2" hai0="29,71,9,76,21,19,110,84,119,87,102,125,31" hai1="34,16,0,78,74,93,18,61,64,52,133,109,112" hai2="81,79,69,5,20,4,128,49,115,42,15,59,12" hai3="38,117,54,82,85,3,47,94,6,40,24,86,120"/><V88/><F69/><W7/><G120/><T50/><D71/><U17/><E0/><V91/><F115/><W63/><G117/><T103/><D110/><U97/><E109/><V30/><F128/><W127/><G127/><T60/><D125/><U39/><E34/><V83/><F30/><W135/><G135/><T41/><D119/><U2/><E2/><V96/><F42/><W105/><G105/><T36/><D36/><U48/><E39/><V1/><F1/><W68/><G3/><T66/><D9/><U57/><E112/><V104/><F104/><W23/><G94/><T11/><D11/><U130/><E130/><V134/><F134/><W73/><G73/><T51/><D66/><U118/><E118/><V70/><F70/><W13/><G13/><N who="2" m="5193" /><F20/><W43/><G43/><T37/><D37/><U44/><E133/><V116/><F116/><W90/><G68/><T80/><D41/><N who="1" m="24591" /><E74/><V99/><F79/><W27/><G86/><T89/><D29/><U124/><E78/><V98/><F83/><W72/><G72/><T25/><D31/><U101/><E124/><V35/><F35/><W113/><G113/><T33/><D33/><U123/><E123/><V22/><F22/><W65/><G23/><T53/><D76/><U126/><E126/><V77/><F77/><W75/><G75/><T106/><D106/><U56/><E18/><V121/><F121/><W58/><REACH who="3" step="1"/><G65/><REACH who="3" ten="164,360,305,161" step="2"/><T122/><D122/><U100/><E64/><V67/><F67/><W28/><G28/><T111/><D21/><U132/><E132/><V108/><F108/><W92/><G92/><RYUUKYOKU ba="0,1" sc="164,-10,360,-10,305,-10,161,30" hai3="6,7,24,27,38,40,47,54,58,63,82,85,90" /><INIT seed="7,1,1,3,5,68" ten="154,350,295,191" oya="3" hai0="134,89,15,88,121,19,43,130,87,132,9,84,52" hai1="108,30,107,126,127,51,36,110,77,55,4,44,11" hai2="125,25,66,59,47,33,116,113,106,109,133,2,78" hai3="27,94,129,91,23,13,53,85,58,37,45,86,21"/><W96/><G129/><T92/><D130/><U0/><E107/><V99/><F116/><W18/><G45/><T63/><D43/><N who="1" m="22631" /><E30/><V118/><F118/><W72/><G72/><T49/><D121/><U5/><E5/><V42/><F109/><W101/><G101/><T120/><D120/><U41/><E41/><V32/><F25/><W98/><G37/><T50/><D63/><U75/><E55/><V102/><F125/><N who="1" m="47625" /><E51/><V39/><F113/><W26/><G26/><T60/><D60/><U31/><E31/><V70/><F59/><W35/><G35/><N who="2" m="13385" /><F78/><W28/><REACH who="3" step="1"/><G98/><REACH who="3" ten="154,350,295,181" step="2"/><T7/><D7/><U82/><AGARI ba="1,2" hai="0,4,11,75,77,82,108,110" m="47625,22631" machi="82" ten="30,7900,0" yaku="25,1,18,1,23,1,52,1" doraHai="68" who="1" fromWho="1" sc="154,-21,350,102,295,-21,181,-40" owari="133,-37.0,452,56.0,274,7.0,141,-26.0" /></mjloggm>