<mjloggm ver="2.3"><GO type="41"/><UN n0="%EF%BC%88%E2%89%A7%E2%96%BD%E2%89%A6%EF%BC%89" n1="%66%6F%73%74%65%72" n2="%E6%9F%93%E4%BA%94%E9%83%8E" n3="%E9%BB%92%E3%81%84%E9%AB%AA%E3%81%AE%E5%B0%91%E5%A5%B3" dan="15,15,14,14" rate="2005,1980,1869,1895" sx="M,M,M,M"/><TAIKYOKU oya="0"/><INIT seed="0,0,0,0,1,79" ten="250,250,250,250" oya="0" hai0="131,17,124,111,121,16,85,22,70,40,37,134,57" hai1="25,94,34,49,88,12,3,13,48,75,52,95,105" hai2="32,19,77,0,44,118,127,30,97,11,50,120,123" hai3="80,38,103,2,60,73,1,76,55,83,106,100,26"/><T64/><D121/><U82/><E3/><V29/><F97/><W4/><G38/><T24/><D134/><U39/><E39/><V99/><F99/><W35/><G106/><T56/><D131/><U133/><E105/><V98/><F98/><W122/><G122/><T116/><D116/><U78/><E34/><V74/><F118/><W72/><G35/><T15/><D124/><U128/><E25/><V130/><F130/><W101/><G26/><T21/><D111/><U114/><E95/><V41/><F127/><W23/><G23/><T119/><D119/><U10/><E133/><V108/><F108/><W31/><G31/><T135/><D135/><U53/><E10/><V109/><F109/><W67/><G55/><T126/><D126/><U86/><E114/><V6/><F19/><W54/><G54/><T59/><D70/><U27/><E27/><V9/><F9/><W20/><G20/><T46/><D46/><U112/><E112/><V84/><F84/><W96/><G96/><T129/><D129/><U61/><E61/><V14/><F14/><W68/><G4/><T71/><D71/><U65/><E65/><V43/><F43/><W110/><G110/><T5/><D5/><U91/><E91/><V8/><F8/><W42/><G42/><T92/><D40/><U81/><E94/><V7/><F7/><W58/><G68/><T36/><REACH who="0" step="1"/><D64/><REACH who="0" ten="240,250,250,250" step="2"/><U89/><E128/><V93/><F123/><W90/><G67/><T107/><D107/><U33/><E89/><AGARI ba="0,1" hai="15,16,17,21,22,24,36,37,56,57,59,85,89,92" machi="89" ten="40,3900,0" yaku="1,1,54,1,53,0" doraHai="79" doraHaiUra="45" who="0" fromWho="1" sc="240,49,250,-39,250,0,250,0" /><INIT seed="0,1,0,0,4,43" ten="289,211,250,250" oya="0" hai0="31,42,89,83,6,26,124,127,107,52,50,35,102" hai1="90,76,59,66,33,88,47,135,112,54,24,61,106" hai2="4,17,68,8,74,67,14,80,118,114,39,9,77" hai3="132,120,122,101,126,7,86,87,100,53,19,3,129"/><T0/><D42/><U62/><E106/><V38/><F118/><W110/><G110/><T46/><D107/><U10/><E76/><V12/><REACH who="2" step="1"/><F114/><REACH who="2" ten="289,211,240,250" step="2"/><W27/><G126/><N who="0" m="48171" /><D102/><U117/><E112/><V64/><F64/><W34/><G101/><T95/><D83/><U123/><E117/><V78/><F78/><W48/><G100/><T20/><D6/><U70/><E123/><V125/><F125/><W69/><G7/><T23/><D0/><U57/><E135/><V105/><F105/><W98/><G3/><T5/><D5/><U104/><E104/><V99/><F99/><AGARI ba="1,1" hai="20,23,26,31,35,46,50,52,89,95,99" m="48171" machi="99" ten="30,5800,0" yaku="18,1,52,1,54,1" doraHai="43" who="0" fromWho="2" sc="289,71,211,0,240,-61,250,0" /><INIT seed="0,2,0,2,2,27" ten="360,211,179,250" oya="0" hai0="40,19,41,123,133,93,64,100,110,96,26,47,10" hai1="69,104,95,61,46,87,23,43,16,91,62,20,63" hai2="98,44,55,33,72,25,59,38,29,54,52,70,31" hai3="83,67,120,50,37,6,128,77,74,17,48,121,3"/><T106/><D123/><N who="3" m="47177" /><G37/><T85/><D133/><U107/><E69/><V1/><F72/><W13/><G128/><T94/><D110/><U60/><N who="1" m="15872" /><DORA hai="11" /><U114/><E114/><V84/><F1/><W28/><G28/><N who="2" m="10825" /><F70/><W130/><G67/><T15/><D64/><U108/><E108/><V116/><F33/><W102/><G102/><T124/><D40/><U14/><REACH who="1" step="1"/><E23/><REACH who="1" ten="360,201,179,250" step="2"/><V53/><F116/><W5/><G130/><T126/><D126/><U113/><E113/><V9/><F9/><N who="3" m="6319" /><G3/><T66/><D124/><U30/><E30/><V81/><F38/><AGARI ba="2,1" hai="14,16,20,38,43,46,87,91,95,104,107" m="15872" machi="38" ten="50,6400,0" yaku="1,1,52,1,54,1,53,0" doraHai="27,11" doraHaiUra="7,34" who="1" fromWho="2" sc="360,0,201,80,179,-70,250,0" /><INIT seed="1,0,0,5,4,133" ten="360,281,109,250" oya="1" hai0="43,71,87,94,17,127,40,72,18,65,93,51,85" hai1="96,53,104,42,78,10,124,81,122,134,70,117,33" hai2="21,66,119,125,106,102,60,56,38,22,49,55,30" hai3="14,89,5,19,107,54,79,63,123,0,8,58,128"/><U116/><E33/><V7/><F38/><W45/><G123/><T27/><D27/><U108/><E70/><V130/><F106/><W105/><G79/><T98/><D127/><U50/><E42/><N who="0" m="15913" /><D72/><U13/><E122/><V41/><F102/><W95/><G45/><T15/><D71/><U20/><E134/><V97/><F119/><W52/><G54/><T25/><D65/><U77/><E20/><V46/><F7/><W100/><G100/><T4/><D51/><U103/><E124/><V16/><F97/><W120/><G120/><T64/><D64/><U61/><E61/><V28/><F125/><W135/><G135/><T74/><D74/><U82/><E108/><V47/><F130/><W121/><G121/><T132/><D132/><U131/><E131/><V35/><F35/><W3/><G128/><T92/><D98/><U88/><E53/><V12/><F22/><W75/><G75/><T62/><D62/><U86/><E50/><V110/><F110/><W48/><G63/><T57/><D57/><U32/><E32/><V68/><F47/><W6/><G6/><T36/><D36/><U23/><E23/><V44/><F44/><W39/><G39/><T26/><D4/><N who="1" m="3271" /><E82/><V126/><F126/><W9/><REACH who="3" step="1"/><G0/><REACH who="3" ten="360,281,109,240" step="2"/><T80/><D17/><U34/><E116/><V90/><F46/><W24/><G24/><T101/><D25/><U111/><E117/><V31/><F55/><W29/><G29/><T115/><D26/><U113/><E111/><V118/><F31/><W112/><G112/><T91/><D115/><U83/><E113/><V69/><F118/><RYUUKYOKU ba="0,1" sc="360,-10,281,-10,109,-10,240,30" hai3="3,5,8,9,14,19,48,52,58,89,95,105,107" /><INIT seed="2,1,1,3,3,85" ten="350,271,99,270" oya="2" hai0="112,33,129,83,93,122,39,50,4,104,37,121,0" hai1="51,16,88,22,128,99,30,31,7,61,12,75,106" hai2="65,102,77,8,126,47,70,125,9,94,91,26,124" hai3="23,20,63,92,19,62,130,44,103,110,123,66,114"/><V17/><F70/><W127/><G123/><T45/><D112/><U67/><E75/><V55/><F65/><W18/><G114/><T34/><D129/><U32/><E32/><N who="0" m="12393" /><D93/><N who="1" m="56743" /><E106/><V24/><F77/><W82/><G130/><T133/><D83/><U73/><E7/><V132/><F102/><W113/><G82/><T3/><D121/><U5/><E5/><V78/><F78/><W111/><G113/><T76/><D122/><U120/><E73/><V60/><F132/><W95/><G44/><T109/><D104/><U11/><E11/><N who="2" m="4171" /><F17/><N who="3" m="6155" /><G66/><T74/><D133/><U14/><E128/><V107/><F107/><W59/><G59/><T135/><D135/><U46/><E120/><V100/><F100/><W43/><G103/><T117/><D74/><U115/><E115/><V21/><F21/><N who="3" m="8267" /><G43/><T29/><D76/><U41/><E67/><V25/><F47/><W56/><G56/><T86/><D39/><U15/><E61/><N who="3" m="23050" /><G127/><T116/><D37/><U87/><E87/><N who="2" m="52607" /><F60/><W68/><G68/><T108/><D45/><U84/><E84/><V57/><F57/><W53/><G53/><AGARI ba="1,1" hai="24,25,26,53,55,124,125,126" m="52607,4171" machi="53" ten="40,3900,0" yaku="18,1,52,1" doraHai="85" who="2" fromWho="3" sc="350,0,271,0,99,52,270,-42" /><INIT seed="2,2,0,0,1,93" ten="350,271,151,228" oya="2" hai0="15,43,24,112,64,106,38,31,96,61,79,0,45" hai1="134,30,73,100,26,116,86,52,120,58,104,6,32" hai2="92,20,90,122,51,80,77,16,47,60,81,41,103" hai3="37,123,99,21,108,22,39,91,65,23,66,3,67"/><V85/><F122/><W19/><G123/><T49/><D112/><U95/><E73/><V48/><F60/><W118/><G3/><T111/><D111/><U59/><E116/><V8/><F8/><W27/><G118/><T128/><D128/><U70/><E70/><V76/><F103/><W102/><G108/><T117/><D117/><U2/><E104/><V129/><F129/><W89/><G19/><T88/><D0/><U72/><E72/><V124/><F124/><W35/><G27/><T7/><D38/><U127/><E127/><V98/><F51/><W13/><G13/><T135/><D135/><U113/><E113/><V110/><F110/><W114/><G35/><T57/><D79/><N who="2" m="30282" /><F85/><W107/><REACH who="3" step="1"/><G114/><REACH who="3" ten="350,271,151,218" step="2"/><T94/><D106/><U125/><E120/><V46/><F46/><W56/><G56/><T131/><D131/><U53/><E125/><V14/><AGARI ba="2,1" hai="14,16,20,41,47,48,80,81,90,92,98" m="30282" machi="14" ten="30,6000,0" yaku="8,1,52,1,54,1" doraHai="93" who="2" fromWho="2" sc="350,-22,271,-22,151,76,218,-22" /><INIT seed="2,3,0,3,2,55" ten="328,249,227,196" oya="2" hai0="44,37,109,127,26,80,33,23,132,65,2,11,79" hai1="43,19,54,28,32,22,82,3,73,121,125,27,81" hai2="86,25,105,64,95,90,107,124,62,130,50,118,75" hai3="120,72,48,135,15,40,102,41,31,100,35,112,129"/><V114/><F75/><W126/><G120/><T99/><D127/><U76/><E3/><V24/><F118/><W29/><G72/><N who="0" m="43111" /><D132/><U39/><E125/><V84/><F124/><W36/><G126/><T134/><D134/><U20/><E82/><V57/><F114/><W88/><G135/><T104/><D23/><U87/><E73/><V94/><F130/><W96/><G36/><T123/><D65/><U122/><E43/><V14/><F14/><W46/><G129/><T70/><D70/><U68/><E39/><V30/><F50/><W116/><G116/><T6/><D109/><U78/><E78/><V133/><F133/><W5/><G35/><T71/><D71/><U66/><E66/><V45/><F45/><W69/><G40/><N who="0" m="22543" /><D123/><N who="1" m="47115" /><E19/><V113/><F113/><W83/><G69/><T21/><D21/><N who="1" m="8299" /><E68/><V92/><F92/><N who="3" m="56327" /><G83/><T131/><D131/><U9/><E9/><V16/><F107/><W17/><G112/><T4/><D4/><U110/><E110/><V77/><F105/><W42/><G5/><T111/><D111/><U7/><E7/><V49/><F77/><W108/><G41/><T101/><D26/><U13/><E13/><V61/><F25/><W1/><G1/><T103/><D33/><U97/><E97/><V18/><F62/><W51/><G51/><T119/><D119/><U0/><E0/><V106/><F49/><W58/><G108/><T128/><D128/><U89/><E76/><V53/><F106/><W93/><G42/><T56/><D2/><U34/><E34/><N who="2" m="20807" /><F64/><W59/><G48/><T10/><D104/><U60/><E60/><RYUUKYOKU ba="3,0" sc="328,-15,249,15,227,15,196,-15" hai1="27,28,32,54,81,87,89" hai2="16,18,53,57,61,84,86,90,94,95" /><INIT seed="2,4,0,4,5,19" ten="313,264,242,181" oya="2" hai0="69,76,5,129,112,52,88,128,123,61,20,84,97" hai1="72,77,1,83,103,82,64,47,48,94,66,16,42" hai2="117,12,50,113,116,85,132,74,0,14,49,130,8" hai3="91,57,120,75,124,111,54,7,78,79,56,32,30"/><V119/><F74/><W101/><G120/><T37/><D37/><U133/><E83/><V46/><F113/><W22/><G111/><T44/><D123/><U92/><E133/><V23/><F132/><W109/><G109/><T58/><D112/><U102/><E1/><V104/><F104/><W9/><G124/><T10/><D69/><U60/><E94/><V33/><F33/><W38/><G38/><T68/><D68/><U121/><E121/><V131/><F0/><W122/><G32/><T4/><D44/><U2/><E2/><V95/><F46/><W108/><G56/><T107/><D76/><U51/><E51/><N who="2" m="19467" /><F12/><N who="3" m="5183" /><G75/><T21/><D97/><N who="1" m="59687" /><E60/><V96/><F85/><W118/><G118/><T89/><D107/><U17/><E103/><N who="2" m="60831" /><F23/><N who="0" m="8778" /><D10/><U35/><E72/><V6/><F119/><W40/><G108/><T114/><D114/><U11/><E11/><V41/><F41/><W62/><G40/><T67/><D89/><U55/><E35/><V110/><F117/><W18/><G101/><T24/><D24/><U93/><E42/><V63/><F110/><W126/><G122/><T25/><D25/><U27/><E27/><V29/><F116/><W59/><G91/><T90/><D90/><U71/><E71/><V134/><F134/><W86/><G79/><T3/><D3/><U125/><E77/><V15/><F29/><W127/><G78/><T26/><D26/><U100/><E100/><V43/><F43/><W73/><G30/><T106/><D106/><U105/><E105/><V39/><F39/><W36/><G36/><T135/><D135/><U13/><E47/><RYUUKYOKU ba="4,0" sc="313,0,264,0,242,0,181,0" /><INIT seed="3,5,0,0,5,3" ten="313,264,242,181" oya="3" hai0="31,82,87,56,0,49,130,134,28,29,41,92,42" hai1="97,54,8,20,132,114,36,61,104,110,24,101,15" hai2="80,17,57,109,108,65,66,62,50,107,74,125,78" hai3="39,34,59,131,115,129,103,47,7,60,84,86,4"/><W27/><G103/><T11/><D134/><U75/><E36/><V46/><F107/><W111/><G115/><T43/><D130/><N who="3" m="49673" /><G111/><N who="2" m="42569" /><F125/><W100/><G100/><T121/><D121/><U118/><E75/><V96/><F96/><W19/><G39/><T105/><D105/><U16/><E132/><V93/><F93/><W40/><G40/><T30/><D30/><U45/><E114/><V2/><F2/><W106/><G47/><N who="0" m="25839" /><D0/><U123/><E123/><V135/><F135/><W79/><G79/><N who="0" m="46559" /><D11/><U85/><E85/><N who="3" m="32874" /><G106/><T124/><D124/><U22/><E110/><V13/><F62/><W83/><G83/><T81/><D81/><U73/><E73/><V99/><F57/><W90/><G90/><T89/><D56/><U116/><E61/><V51/><F99/><AGARI ba="5,0" hai="28,29,31,42,43,89,92,99" m="46559,25839" machi="99" ten="30,1000,0" yaku="8,1" doraHai="3" who="0" fromWho="2" sc="313,25,264,0,242,-25,181,0" /><INIT seed="4,0,0,0,1,71" ten="338,264,217,181" oya="0" hai0="2,110,122,55,125,62,14,50,99,102,81,3,7" hai1="83,64,1,47,108,54,46,25,37,119,106,51,80" hai2="66,118,74,29,34,127,129,67,113,94,133,15,72" hai3="17,21,132,6,107,31,19,9,93,87,123,90,8"/><T76/><D122/><U16/><E106/><V84/><F29/><W39/><G107/><T48/><D125/><U44/><E1/><V116/><F15/><W111/><G123/><T100/><D110/><U82/><E108/><V115/><F34/><W30/><G111/><T96/><D2/><U114/><E119/><N who="2" m="45611" /><F84/><W97/><G132/><T58/><D3/><U24/><E64/><N who="2" m="24619" /><F94/><N who="3" m="54623" /><G31/><T20/><D99/><U35/><E37/><V56/><F56/><W53/><G53/><T27/><D14/><U88/><E114/><N who="2" m="43531" /><F127/><W135/><G39/><T128/><D58/><N who="1" m="33119" /><E35/><V5/><F5/><W92/><G135/><T65/><D7/><U109/><E109/><V86/><F86/><W104/><G104/><T12/><D12/><U131/><E16/><N who="3" m="6218" /><G93/><T89/><D27/><N who="1" m="10315" /><E131/><V43/><F43/><W69/><G6/><T59/><D128/><U32/><E32/><V70/><F129/><W42/><G42/><T4/><D4/><U13/><E13/><V98/><F133/><W33/><G33/><T18/><D18/><U61/><E88/><V0/><F0/><W124/><G124/><T60/><D89/><U126/><E126/><V105/><F105/><W95/><G95/><T73/><D102/><U36/><E36/><V40/><F40/><W28/><G69/><N who="0" m="42151" /><D100/><U103/><E103/><V134/><F134/><W22/><G30/><T23/><D96/><U112/><E112/><V68/><F98/><W57/><G28/><T78/><D78/><U75/><E75/><AGARI ba="0,0" hai="68,70,72,74,75" m="43531,24619,45611" machi="75" ten="40,8000,1" yaku="28,2,12,1,15,1" doraHai="71" who="2" fromWho="1" sc="338,0,264,-80,217,80,181,0" /><INIT seed="5,0,0,4,4,1" ten="338,184,297,181" oya="1" hai0="131,30,58,9,130,92,77,89,98,105,88,124,104" hai1="128,45,25,83,59,60,5,14,22,44,133,112,135" hai2="108,28,12,91,26,43,70,56,66,97,37,122,129" hai3="40,54,81,32,73,8,68,72,79,86,75,65,39"/><U31/><E112/><V87/><F122/><W21/><G32/><T111/><D111/><U120/><E120/><V74/><F108/><W106/><G106/><N who="0" m="41067" /><D30/><U6/><E128/><N who="0" m="49193" /><D124/><U61/><E83/><V48/><F74/><W116/><G116/><T52/><D77/><U125/><E125/><V63/><F97/><W49/><G40/><T29/><D29/><U117/><E117/><V100/><F100/><W18/><G8/><T7/><D92/><U101/><E101/><V11/><F129/><W113/><G39/><T16/><D16/><U90/><E14/><V27/><F28/><W80/><G113/><T24/><D24/><U126/><E90/><V2/><F2/><W3/><G3/><N who="0" m="255" /><D98/><U134/><E126/><V47/><F87/><W23/><G81/><T119/><D119/><U85/><E85/><V20/><F91/><W99/><G99/><T34/><D34/><U64/><REACH who="1" step="1"/><E61/><AGARI ba="0,0" hai="52,58,61,88,89" m="255,49193,41067" machi="61" ten="30,7700,0" yaku="19,1,52,1,54,2" doraHai="1" who="0" fromWho="1" sc="338,77,184,-77,297,0,181,0" /><INIT seed="6,0,0,5,3,63" ten="415,107,297,181" oya="2" hai0="28,67,22,101,99,126,83,34,11,124,105,74,85" hai1="108,113,95,134,109,69,47,115,73,40,114,96,35" hai2="31,19,84,127,90,60,14,112,52,92,57,135,104" hai3="130,18,106,133,53,44,88,7,98,3,118,4,80"/><V102/><F31/><W111/><G118/><T25/><D74/><U45/><E35/><V70/><F70/><W41/><G111/><N who="1" m="42570" /><E73/><V33/><F33/><W10/><G130/><T0/><D22/><U132/><E95/><V97/><F112/><N who="1" m="28673" /><U24/><DORA hai="56" /><E96/><V64/><F135/><N who="1" m="51753" /><E24/><V65/><REACH who="2" step="1"/><F127/><REACH who="2" ten="415,107,287,181" step="2"/><W58/><G133/><T120/><D126/><U15/><E69/><V27/><F27/><W82/><G106/><T37/><D124/><U93/><E15/><V107/><F107/><W17/><G3/><T79/><D0/><U89/><E40/><V125/><F125/><W20/><G41/><T68/><D68/><U119/><E93/><V32/><F32/><W61/><G20/><AGARI ba="0,1" hai="14,19,20,52,57,60,64,65,84,90,92,97,102,104" machi="20" ten="30,24000,3" yaku="1,1,7,1,52,3,54,1,53,2" doraHai="63,56" doraHaiUra="128,62" who="2" fromWho="3" sc="415,0,107,0,287,250,181,-240" owari="415,22.0,107,-29.0,537,63.0,-59,-56.0" /></mjloggm>