<mjloggm ver="2.3"><GO type="169"/><UN n0="%EF%BC%88%E2%89%A7%E2%96%BD%E2%89%A6%EF%BC%89" n1="%E3%82%B6%E3%83%BC%E3%83%89" n2="%E3%83%9A%E3%83%81%E3%83%A7%E3%83%BC%E3%83%AA%E3%83%B3" n3="%43%2D%E3%83%93%E3%83%83%E3%82%AF" dan="16,16,17,17" rate="2114,2053,2113,2154" sx="M,M,M,M"/><TAIKYOKU oya="0"/><INIT seed="0,0,0,0,5,53" ten="250,250,250,250" oya="0" hai0="121,35,32,65,50,120,41,107,24,71,116,105,45" hai1="79,2,127,6,42,134,3,115,49,90,114,72,83" hai2="15,11,19,61,57,135,56,98,36,126,118,5,62" hai3="25,86,119,130,54,0,87,18,68,103,17,80,78"/><T20/><D116/><U8/><E127/><V21/><F36/><W93/><G0/><T97/><D20/><U104/><E134/><V89/><F126/><W99/><G119/><T46/><D46/><N who="1" m="25815" /><E104/><V40/><F135/><W63/><G130/><T55/><D55/><U77/><E77/><V131/><F131/><W47/><G25/><T132/><D132/><U26/><E26/><N who="2" m="14655" /><F40/><W122/><G122/><T44/><D44/><U34/><E90/><V4/><F118/><W81/><G47/><T124/><D124/><U38/><E38/><V76/><F76/><W111/><G111/><T12/><D107/><U82/><E83/><V84/><F98/><W43/><G43/><T91/><D91/><U112/><E34/><V64/><F5/><W31/><G31/><N who="0" m="19559" /><D35/><U117/><E117/><V39/><F39/><W94/><G94/><T60/><D12/><AGARI ba="0,0" hai="2,3,6,8,12,72,79,82,112,114,115" m="25815" machi="12" ten="30,1000,0" yaku="11,1" doraHai="53" who="1" fromWho="0" sc="250,-10,250,10,250,0,250,0" /><INIT seed="1,0,0,3,4,105" ten="240,260,250,250" oya="1" hai0="135,113,119,57,59,100,117,80,102,90,21,51,64" hai1="29,79,55,56,25,17,71,76,88,24,6,3,39" hai2="83,34,94,7,86,22,73,70,103,27,9,35,10" hai3="95,116,47,125,16,99,42,123,62,50,98,44,84"/><U33/><E39/><V130/><F70/><W91/><G123/><T78/><D113/><U133/><E71/><V108/><F108/><W53/><G125/><T14/><D135/><U38/><E38/><V85/><F130/><W129/><G129/><T132/><D132/><U127/><E133/><V5/><F103/><W104/><G116/><T82/><D90/><U40/><E40/><V93/><F83/><W101/><G62/><T122/><D51/><U96/><E127/><V45/><F45/><W128/><G128/><T58/><D58/><U0/><E0/><V134/><F134/><W118/><G118/><T81/><D81/><U46/><E46/><V75/><F22/><W67/><G67/><T41/><D41/><U124/><E124/><V87/><F87/><W54/><G47/><T12/><D21/><N who="1" m="13359" /><E6/><V68/><F68/><W131/><G131/><T110/><D64/><U30/><E29/><V65/><F65/><W97/><G16/><T109/><REACH who="0" step="1"/><D78/><REACH who="0" ten="230,260,250,250" step="2"/><U19/><E79/><V48/><F48/><W28/><G42/><T106/><D106/><U20/><E76/><V23/><F23/><W63/><G104/><T2/><D2/><U31/><E33/><V66/><F66/><W121/><G121/><AGARI ba="0,1" hai="12,14,57,59,80,82,100,102,109,110,117,119,121,122" machi="121" ten="25,3200,0" yaku="1,1,22,2,53,0" doraHai="105" doraHaiUra="43" who="0" fromWho="3" sc="230,42,260,0,250,0,250,-32" /><INIT seed="2,0,0,0,5,11" ten="272,260,250,218" oya="2" hai0="31,5,1,44,15,37,73,66,99,3,122,87,39" hai1="81,47,115,112,104,68,35,49,60,26,107,13,8" hai2="19,53,80,106,97,61,85,70,123,71,90,77,29" hai3="42,46,9,111,88,69,83,45,91,89,38,57,124"/><V84/><F123/><W32/><G32/><T93/><D73/><U119/><E119/><V101/><F29/><W86/><G69/><T54/><D122/><U116/><E116/><V75/><F84/><W67/><G111/><T43/><D37/><U95/><E81/><V20/><F53/><W94/><G124/><T10/><D66/><U127/><E127/><V22/><F61/><W100/><G46/><T120/><D120/><U4/><E95/><V82/><REACH who="2" step="1"/><F22/><REACH who="2" ten="272,260,240,218" step="2"/><W12/><G86/><T52/><D31/><U2/><E60/><V56/><F56/><W7/><G83/><T14/><D87/><U50/><E68/><V79/><F79/><W23/><G23/><T74/><D74/><U40/><E112/><V128/><F128/><W72/><G72/><T62/><D62/><U129/><E115/><V114/><F114/><W28/><G28/><T18/><D54/><U78/><E129/><V64/><F64/><W117/><G57/><T51/><D43/><U17/><E78/><V0/><F0/><W103/><G67/><T130/><D130/><U132/><E2/><V41/><F41/><W27/><G117/><T96/><D1/><U108/><E40/><V24/><AGARI ba="0,1" hai="19,20,24,70,71,75,77,80,82,85,90,97,101,106" machi="24" ten="20,12000,1" yaku="1,1,0,1,7,1,53,2" doraHai="11" doraHaiUra="65" who="2" fromWho="2" sc="272,-40,260,-40,240,130,218,-40" /><INIT seed="2,1,0,0,0,31" ten="232,220,370,178" oya="2" hai0="28,40,51,121,129,47,26,71,104,109,20,122,80" hai1="83,116,4,57,65,72,90,101,27,16,6,93,130" hai2="29,126,23,18,46,14,114,102,120,10,7,113,99" hai3="96,34,131,3,55,12,123,53,38,89,79,98,127"/><V106/><F120/><W9/><G3/><T11/><D109/><U67/><E116/><V117/><F117/><W134/><G123/><T59/><D71/><U43/><E130/><V54/><F126/><W84/><G38/><T39/><D104/><U61/><E43/><V81/><F81/><W85/><G131/><T124/><D124/><U48/><E72/><V100/><F100/><W70/><G70/><T135/><D135/><U111/><E111/><V2/><F29/><W44/><G127/><T87/><D129/><U119/><E119/><V37/><REACH who="2" step="1"/><F54/><REACH who="2" ten="232,220,360,178" step="2"/><W107/><G55/><T115/><D122/><U77/><E101/><V118/><F118/><W128/><G53/><T5/><D121/><U32/><E67/><V92/><F92/><W103/><G103/><T69/><D28/><U33/><E83/><V132/><F132/><W76/><G134/><T50/><D80/><U63/><E77/><V24/><F24/><W88/><G79/><T8/><D26/><U66/><E93/><V13/><F13/><W68/><G12/><T97/><D115/><U36/><E27/><V105/><F105/><W108/><G107/><T19/><D47/><U15/><E15/><V42/><AGARI ba="1,1" hai="2,7,10,14,18,23,37,42,46,99,102,106,113,114" machi="42" ten="30,6000,0" yaku="1,1,0,1,53,1" doraHai="31" doraHaiUra="41" who="2" fromWho="2" sc="232,-21,220,-21,360,73,178,-21" /><INIT seed="2,2,0,4,3,131" ten="211,199,433,157" oya="2" hai0="135,14,23,101,25,102,123,62,127,103,12,32,77" hai1="44,8,22,58,45,120,60,29,74,54,59,84,11" hai2="117,64,24,55,52,61,110,6,124,65,10,81,95" hai3="40,118,128,99,36,49,133,112,0,89,20,92,71"/><V47/><F117/><W73/><G73/><T66/><D123/><U114/><E114/><V111/><F124/><W109/><G0/><T79/><D127/><U93/><E120/><V94/><F81/><W35/><G35/><T113/><D113/><U129/><E129/><V82/><F82/><W30/><G71/><T15/><D32/><U26/><E74/><V43/><F24/><W122/><G36/><T39/><D39/><U28/><E28/><V91/><F94/><W57/><G118/><T56/><REACH who="0" step="1"/><D135/><REACH who="0" ten="201,199,433,157" step="2"/><U16/><E8/><V1/><F111/><W125/><G133/><T100/><N who="0" m="25600" /><DORA hai="17" /><T34/><D34/><U41/><E11/><V69/><F110/><W53/><G109/><T68/><D68/><U50/><E29/><AGARI ba="2,1" hai="12,14,15,23,25,29,56,62,66,77,79" m="25600" machi="29" ten="50,12000,2" yaku="1,1,8,1,52,1,53,3" doraHai="131,17" doraHaiUra="46,9" who="0" fromWho="1" sc="201,136,199,-126,433,0,157,0" /><INIT seed="3,0,0,3,0,97" ten="337,73,433,157" oya="3" hai0="122,70,54,106,3,25,72,117,112,96,66,1,23" hai1="94,78,57,2,17,59,69,89,9,88,8,52,10" hai2="83,5,107,42,46,125,135,90,26,64,12,76,95" hai3="53,61,6,13,128,58,51,113,62,120,68,11,82"/><W27/><G113/><T114/><D72/><U38/><E69/><V134/><F107/><W75/><G120/><T127/><D117/><U47/><E78/><V129/><F64/><W74/><G128/><T91/><D122/><U35/><E35/><V40/><F26/><W67/><G82/><T99/><D99/><U102/><E2/><V85/><F129/><W119/><G119/><T48/><D66/><U33/><E33/><V37/><F42/><W31/><REACH who="3" step="1"/><G61/><REACH who="3" ten="337,73,433,147" step="2"/><T121/><D121/><U28/><E28/><V44/><F83/><W50/><G50/><T55/><D48/><N who="1" m="28703" /><E38/><V71/><F37/><W116/><G116/><T126/><D114/><U43/><E43/><V49/><F49/><W132/><G132/><T32/><D112/><U100/><E17/><V0/><F40/><W98/><G98/><T80/><D96/><N who="1" m="57415" /><E89/><V39/><F90/><W22/><AGARI ba="0,1" hai="6,11,13,22,27,31,51,53,58,62,67,68,74,75" machi="22" ten="20,3900,0" yaku="1,1,0,1,7,1,53,0" doraHai="97" doraHaiUra="101" who="3" fromWho="3" sc="337,-13,73,-13,433,-13,147,49" /><INIT seed="3,1,0,4,1,46" ten="324,60,420,196" oya="3" hai0="73,12,9,7,32,109,103,110,4,89,2,35,104" hai1="56,84,58,14,54,135,132,41,66,67,24,22,119" hai2="20,74,97,99,114,79,48,64,8,80,130,44,83" hai3="60,31,49,82,127,81,121,63,69,117,108,42,17"/><W91/><G117/><T65/><D73/><U102/><E102/><V27/><F130/><W92/><G121/><T68/><D89/><U75/><E75/><V72/><F114/><W26/><G127/><T37/><D37/><U13/><E41/><V134/><F134/><N who="1" m="51241" /><E119/><V93/><F64/><N who="1" m="24617" /><E84/><V30/><F8/><W85/><G69/><T76/><D68/><U128/><E128/><V88/><F83/><N who="3" m="31755" /><G31/><T95/><D104/><U90/><E90/><V118/><F74/><W105/><G105/><T3/><D65/><U47/><E47/><V112/><F112/><W52/><G42/><T29/><D76/><U78/><E78/><V87/><F118/><W21/><G108/><N who="0" m="41579" /><D103/><U116/><E116/><V133/><F133/><W77/><G77/><T70/><D70/><U15/><E54/><AGARI ba="1,0" hai="20,27,30,44,48,54,72,79,80,87,88,93,97,99" machi="54" ten="30,3900,0" yaku="7,1,52,1,54,1" doraHai="46" who="2" fromWho="1" sc="324,0,60,-42,420,42,196,0" /><INIT seed="4,0,0,5,1,54" ten="324,18,462,196" oya="0" hai0="71,94,14,110,47,40,22,37,135,82,124,32,3" hai1="49,83,118,87,8,17,6,7,95,63,35,69,41" hai2="105,90,57,98,50,27,5,108,92,132,80,0,133" hai3="89,39,127,18,107,36,58,134,11,29,123,115,84"/><T125/><D32/><U116/><E35/><V128/><F108/><W20/><G115/><T91/><D3/><U126/><E126/><N who="0" m="48745" /><D71/><U30/><E30/><V114/><F114/><W15/><G107/><T129/><D129/><U64/><E95/><V45/><F128/><W106/><G106/><T12/><D135/><N who="2" m="51786" /><F105/><W48/><G123/><T122/><D122/><U103/><E103/><V68/><F68/><W38/><G134/><T74/><D110/><U34/><E34/><V113/><F113/><W75/><G75/><T117/><D117/><U121/><E121/><V56/><F80/><W100/><G100/><T51/><D37/><U44/><E17/><V120/><F120/><W86/><G29/><T23/><D82/><U131/><E131/><V104/><F104/><W53/><G127/><T26/><D74/><U76/><REACH who="1" step="1"/><E6/><REACH who="1" ten="324,8,462,196" step="2"/><V79/><F5/><W62/><G18/><N who="0" m="12663" /><D22/><U10/><E10/><V67/><F92/><W111/><G11/><T43/><D43/><U1/><AGARI ba="0,1" hai="1,7,8,41,44,49,63,64,69,76,83,87,116,118" machi="1" ten="20,5200,0" yaku="1,1,0,1,7,1,53,1" doraHai="54" doraHaiUra="2" who="1" fromWho="1" sc="324,-26,8,62,462,-13,196,-13" /><INIT seed="5,0,0,5,0,86" ten="298,70,449,183" oya="1" hai0="49,126,114,8,119,0,40,76,94,48,108,44,79" hai1="125,106,24,132,96,16,99,41,128,92,17,21,82" hai2="91,122,36,57,131,88,7,118,37,11,52,112,97" hai3="42,5,121,13,72,54,38,29,103,133,70,90,35"/><U23/><E132/><V51/><F122/><W39/><G72/><T62/><D108/><U104/><E128/><V113/><F118/><W117/><G70/><T18/><D119/><U80/><E125/><V30/><F30/><W1/><G1/><T28/><D126/><U89/><E41/><V110/><F110/><W61/><G103/><T56/><D114/><N who="2" m="44138" /><F131/><W2/><G2/><T63/><D28/><U93/><REACH who="1" step="1"/><E24/><REACH who="1" ten="298,60,449,183" step="2"/><V64/><F64/><W3/><G42/><T33/><D40/><U53/><E53/><V6/><F97/><W31/><G54/><T55/><D55/><U105/><E105/><V65/><F65/><W67/><G133/><T87/><D63/><U43/><E43/><V4/><F11/><W120/><G67/><T19/><D62/><U111/><E111/><V115/><F115/><W123/><G120/><T32/><D8/><U77/><E77/><V47/><F47/><W98/><G121/><T73/><D76/><U10/><E10/><V124/><F124/><W25/><G98/><T101/><D79/><U69/><E69/><V58/><F58/><W45/><G45/><T27/><D56/><U60/><E60/><V66/><F66/><W95/><G61/><T129/><D44/><U50/><E50/><V68/><F68/><W102/><G123/><T26/><D129/><U78/><E78/><V14/><F14/><W107/><G13/><T74/><D49/><U109/><E109/><V71/><F71/><W81/><G25/><T135/><D48/><U15/><E15/><V75/><F75/><W9/><G9/><T100/><D73/><RYUUKYOKU ba="0,1" sc="298,-15,60,15,449,15,183,-15" hai1="16,17,21,23,80,82,89,92,93,96,99,104,106" hai2="4,6,7,36,37,51,52,57,88,91" /><INIT seed="5,1,1,5,1,45" ten="283,75,464,168" oya="1" hai0="4,75,40,81,82,131,106,120,86,64,54,58,57" hai1="102,5,125,96,9,70,100,55,118,72,110,29,15" hai2="80,47,121,62,119,129,103,126,17,123,67,22,61" hai3="42,93,11,74,43,51,65,52,104,66,90,85,46"/><U44/><E118/><V87/><F119/><W7/><G104/><T133/><D106/><U97/><E125/><V108/><F108/><W111/><G74/><T60/><D131/><U84/><E72/><V20/><F129/><W27/><G27/><T109/><D109/><U132/><E70/><V21/><F126/><W73/><G73/><T124/><D124/><U92/><E110/><V63/><F103/><N who="1" m="39465" /><E132/><V28/><F28/><W128/><G128/><T99/><D133/><U95/><E29/><V127/><F127/><W76/><G76/><T35/><D35/><U50/><E84/><V38/><F67/><N who="3" m="25611" /><G111/><T2/><D75/><U130/><E130/><V33/><F33/><W26/><G26/><T68/><D68/><U98/><AGARI ba="1,1" hai="5,9,15,44,50,55,92,95,96,97,98" m="39465" machi="98" ten="30,3000,0" yaku="8,1,52,1" doraHai="45" who="1" fromWho="1" sc="283,-11,75,43,464,-11,168,-11" /><INIT seed="5,2,0,5,4,102" ten="272,118,453,157" oya="1" hai0="38,96,19,101,115,44,82,92,70,49,36,4,2" hai1="72,91,120,18,114,112,107,99,39,8,40,54,63" hai2="23,41,20,42,56,108,10,59,47,127,80,34,30" hai3="104,25,29,51,62,43,134,6,55,119,90,110,46"/><U94/><E72/><V32/><F108/><W24/><G110/><T3/><D115/><N who="1" m="44075" /><E120/><V53/><F127/><W121/><G121/><T28/><D70/><U87/><E40/><V66/><F10/><W35/><G119/><T75/><D28/><U1/><E39/><V126/><F126/><W7/><G104/><T117/><D117/><U135/><E135/><V132/><F132/><W105/><G105/><T133/><D133/><U27/><E1/><V131/><F131/><W12/><G134/><T50/><D2/><U128/><E128/><V0/><F0/><W33/><G12/><T22/><D3/><U48/><E63/><V71/><F71/><W125/><G125/><T45/><D4/><U84/><E107/><V57/><F66/><W113/><G113/><T52/><D82/><U37/><E37/><V76/><F53/><W65/><G55/><T95/><D75/><U124/><E124/><V60/><F60/><W17/><G90/><T93/><D38/><U9/><E8/><V116/><F116/><W21/><G35/><T88/><D101/><U26/><E27/><V98/><F32/><W14/><G25/><N who="0" m="14559" /><D36/><U69/><E69/><AGARI ba="2,0" hai="6,7,14,17,21,24,29,33,43,46,51,62,65,69" machi="69" ten="30,1000,0" yaku="7,1" doraHai="102" who="3" fromWho="1" sc="272,0,118,-16,453,0,157,16" /><INIT seed="6,0,0,1,5,88" ten="272,102,453,173" oya="2" hai0="71,70,82,83,25,72,47,123,104,111,92,119,19" hai1="48,18,67,91,45,60,36,98,110,131,107,73,63" hai2="74,120,86,96,66,87,11,101,58,99,46,59,109" hai3="77,94,103,105,20,29,115,40,93,0,21,38,17"/><V126/><F120/><W51/><G0/><T97/><D104/><U55/><E110/><V133/><F74/><W15/><G38/><T56/><D123/><U78/><E131/><V85/><F126/><W32/><G32/><T122/><D122/><U7/><E7/><V79/><F133/><W27/><G77/><T12/><D111/><U125/><E125/><V50/><F109/><W128/><G128/><T6/><D119/><U80/><E36/><V26/><F79/><W113/><G105/><T2/><D2/><U89/><E18/><V127/><F99/><W132/><G132/><T28/><D6/><U100/><REACH who="1" step="1"/><E60/><REACH who="1" ten="272,92,453,173" step="2"/><V13/><F127/><W54/><G17/><T90/><D19/><U1/><E1/><V16/><F26/><W114/><G27/><T31/><D25/><U57/><AGARI ba="0,1" hai="45,48,55,57,63,67,73,78,80,89,91,98,100,107" machi="57" ten="20,2700,0" yaku="1,1,0,1,7,1,53,0" doraHai="88" doraHaiUra="117" who="1" fromWho="1" sc="272,-7,92,37,453,-13,173,-7" /><INIT seed="7,0,0,5,3,60" ten="265,129,440,166" oya="3" hai0="34,0,94,82,57,78,14,32,76,1,74,99,47" hai1="101,84,70,134,126,95,20,97,109,23,125,22,8" hai2="13,21,46,130,107,114,117,17,68,19,64,31,112" hai3="106,55,108,25,80,128,30,102,86,93,131,133,51"/><W120/><G120/><T124/><D124/><U15/><E70/><V62/><F107/><W87/><G106/><T96/><D76/><U4/><E109/><V27/><F130/><N who="3" m="49707" /><G108/><T100/><D0/><U71/><E71/><V118/><F46/><N who="3" m="28151" /><G133/><T59/><D1/><U29/><E134/><V53/><F53/><W35/><G80/><T104/><D34/><U58/><E126/><V5/><F5/><W39/><G39/><T105/><D32/><U2/><E125/><V16/><F13/><W127/><G127/><T9/><D104/><U88/><E2/><V79/><F79/><W65/><G65/><T122/><D122/><U77/><E77/><V81/><F81/><W92/><G92/><T42/><D105/><U6/><E58/><V98/><REACH who="2" step="1"/><F98/><AGARI ba="0,0" hai="25,30,35,86,87,93,98,102" m="28151,49707" machi="98" ten="30,1500,0" yaku="19,1" doraHai="60" who="3" fromWho="2" sc="265,0,129,0,440,-15,166,15" /><INIT seed="7,1,0,2,5,104" ten="265,129,425,181" oya="3" hai0="33,134,53,101,0,9,21,82,111,118,74,109,120" hai1="73,17,19,116,4,56,66,62,57,54,16,91,23" hai2="71,80,98,113,99,95,132,2,83,92,84,41,42" hai3="72,27,128,127,69,32,49,89,100,87,67,115,7"/><W122/><G122/><T25/><D118/><U121/><E116/><V34/><F2/><W40/><G72/><T30/><D134/><U20/><E121/><V78/><F34/><W117/><G117/><T22/><D120/><U112/><E112/><V81/><F71/><W58/><G69/><T13/><D53/><U79/><E4/><V77/><F132/><W68/><G68/><T36/><D101/><U31/><E31/><V61/><F61/><W46/><G100/><T59/><D59/><U64/><E64/><V5/><F5/><W131/><G127/><T124/><D36/><U24/><E23/><N who="0" m="8713" /><D82/><U130/><E130/><V90/><F113/><W29/><G115/><T3/><D74/><U86/><E79/><N who="2" m="30219" /><F98/><W102/><G102/><AGARI ba="1,0" hai="41,42,80,81,83,84,90,92,95,99,102" m="30219" machi="102" ten="30,1000,0" yaku="8,1" doraHai="104" who="2" fromWho="3" sc="265,0,129,0,425,13,181,-13" owari="265,7.0,129,-37.0,438,53.0,168,-23.0" /></mjloggm>