<mjloggm ver="2.3"><GO type="41"/><UN n0="%34%34%38%34%39%39%39%32" n1="%74%6F%79%6F%6B%75%6E" n2="%E3%82%B3%E3%83%AD%E3%82%AC%E3%83%AA%E3%82%AD%E3%83%B3%E3%82%B0" n3="%EF%BC%88%E2%89%A7%E2%96%BD%E2%89%A6%EF%BC%89" dan="14,13,14,15" rate="1846,1895,1816,1991" sx="M,M,M,M"/><TAIKYOKU oya="0"/><INIT seed="0,0,0,1,1,121" ten="250,250,250,250" oya="0" hai0="73,100,111,90,88,62,86,56,74,43,95,17,38" hai1="96,76,101,23,94,104,135,10,33,24,8,114,123" hai2="52,60,53,110,105,116,113,132,92,126,36,63,93" hai3="130,124,61,46,51,82,109,98,11,108,20,83,27"/><T39/><D111/><N who="3" m="42569" /><G130/><T99/><D90/><U81/><E123/><V64/><F110/><W57/><G124/><T112/><D112/><U30/><E114/><V4/><F126/><W91/><G11/><T12/><D39/><U59/><E135/><V48/><F36/><W22/><G98/><T129/><D129/><U44/><E104/><V13/><F132/><W19/><G20/><T134/><D134/><U78/><E33/><V45/><F105/><W31/><G31/><T71/><D71/><U67/><E44/><V40/><F113/><W15/><G27/><T66/><D43/><U68/><E68/><V0/><F116/><W3/><G91/><T69/><D38/><U50/><E78/><V6/><F0/><W133/><G3/><T25/><D69/><U28/><E28/><V65/><F13/><W14/><G14/><T120/><D120/><U77/><E77/><V115/><F115/><W21/><G21/><T35/><D35/><U7/><E7/><V32/><F32/><W97/><G97/><T107/><REACH who="0" step="1"/><D25/><REACH who="0" ten="240,250,250,250" step="2"/><U1/><E1/><V128/><F128/><W42/><G133/><T70/><D70/><U122/><E122/><V75/><F4/><W125/><G125/><T47/><D47/><U127/><E127/><V16/><F6/><W26/><G26/><T9/><AGARI ba="0,1" hai="9,12,17,56,62,66,73,74,86,88,95,99,100,107" machi="9" ten="20,7800,0" yaku="1,1,0,1,7,1,54,1,53,0" doraHai="121" doraHaiUra="34" who="0" fromWho="0" sc="240,88,250,-26,250,-26,250,-26" /><INIT seed="0,1,0,1,5,18" ten="328,224,224,224" oya="0" hai0="107,21,25,41,51,77,13,134,57,9,68,66,110" hai1="33,37,88,114,127,99,125,97,26,39,98,89,12" hai2="115,76,16,34,47,87,81,80,102,84,117,44,124" hai3="91,83,85,86,133,71,112,27,4,130,118,65,48"/><T113/><D107/><U42/><E12/><V19/><F115/><W132/><G112/><T11/><D113/><U31/><E114/><V50/><F34/><W95/><G118/><T61/><D134/><N who="3" m="51817" /><G130/><T104/><D104/><U32/><E42/><V72/><F117/><W108/><G108/><T54/><D110/><U92/><E92/><V0/><F0/><W75/><G75/><T116/><D116/><U22/><E31/><V59/><F72/><W103/><G4/><T56/><D77/><U30/><E30/><V23/><F124/><N who="1" m="47689" /><E22/><V79/><F102/><W121/><G121/><T128/><D128/><U126/><N who="1" m="47697" /><U64/><DORA hai="78" /><E26/><N who="2" m="14695" /><F19/><W67/><G71/><T119/><D119/><U96/><N who="1" m="25088" /><DORA hai="90" /><U5/><E64/><V35/><F35/><N who="1" m="13385" /><E5/><V106/><F106/><W123/><G67/><T46/><D13/><U3/><E3/><V131/><F131/><W1/><G65/><T45/><D68/><U82/><E82/><V120/><F120/><W74/><G123/><T43/><D43/><U24/><E24/><V63/><F50/><W36/><G48/><T2/><D2/><U100/><E100/><V29/><F29/><W7/><G1/><T93/><D93/><U94/><E94/><V49/><F49/><W60/><G95/><T14/><D14/><U101/><E101/><V15/><F15/><W28/><G103/><T38/><D66/><AGARI ba="1,0" hai="44,47,59,63,66,76,79,80,81,84,87" m="14695" machi="66" ten="30,8000,1" yaku="8,1,52,3,54,1" doraHai="18,78,90" who="2" fromWho="0" sc="328,-83,224,0,224,83,224,0" /><INIT seed="1,0,0,2,5,94" ten="245,224,307,224" oya="1" hai0="9,93,28,7,86,53,103,1,52,38,91,30,105" hai1="58,4,72,31,24,17,87,118,76,100,46,56,130" hai2="43,77,71,33,92,5,131,16,42,97,55,69,29" hai3="68,113,122,109,135,128,106,96,70,83,50,63,80"/><U8/><E118/><V78/><F5/><W129/><G122/><T95/><D38/><U37/><E130/><N who="3" m="50282" /><G113/><T126/><D126/><U6/><E100/><V74/><F131/><W60/><G109/><T108/><D108/><U125/><E125/><V132/><F29/><W84/><G135/><T79/><D105/><U22/><E72/><V66/><F33/><W21/><G21/><T41/><D41/><U90/><E76/><V120/><F74/><W110/><G110/><T107/><D107/><U48/><E37/><V23/><F132/><W51/><G84/><T102/><D79/><U0/><E6/><V65/><F120/><W44/><G106/><T127/><D127/><U117/><E117/><V133/><F133/><W57/><G96/><T81/><D30/><U20/><E20/><V85/><F85/><W3/><G3/><T15/><D28/><U82/><REACH who="1" step="1"/><E31/><REACH who="1" ten="245,214,307,224" step="2"/><V111/><F111/><W116/><G116/><T75/><D75/><U115/><E115/><V98/><F23/><W19/><G19/><T64/><D1/><U13/><E13/><V25/><F16/><W54/><G80/><T10/><D10/><U49/><E49/><V112/><F112/><W47/><G83/><T18/><D18/><U61/><E61/><N who="3" m="23626" /><G50/><T121/><D121/><U2/><E2/><V14/><F14/><W89/><G89/><T123/><D123/><U27/><E27/><V35/><F25/><W104/><G104/><T40/><D103/><U39/><E39/><V101/><F101/><W134/><G134/><T67/><D102/><U36/><E36/><V32/><F92/><RYUUKYOKU ba="0,1" sc="245,-30,214,10,307,10,224,10" hai1="0,4,8,17,22,24,46,48,56,58,82,87,90" hai2="32,35,42,43,55,65,66,69,71,77,78,97,98" hai3="44,47,51,54,57,68,70" /><INIT seed="1,1,1,3,2,57" ten="215,224,317,234" oya="1" hai0="11,53,90,68,131,123,9,129,93,122,60,98,128" hai1="115,38,17,14,26,107,120,28,71,32,74,42,77" hai2="36,111,92,130,133,29,15,59,55,47,101,52,84" hai3="1,82,65,41,7,79,13,20,39,85,87,95,72"/><U97/><E120/><N who="0" m="46121" /><D53/><N who="2" m="20554" /><F36/><W23/><G65/><AGARI ba="1,1" hai="9,11,60,65,68,90,93,98,128,129,131" m="46121" machi="65" ten="40,5200,0" yaku="19,1,13,1,52,1" doraHai="57" who="0" fromWho="3" sc="215,65,224,0,317,0,234,-55" /><INIT seed="2,0,0,0,3,103" ten="280,224,317,179" oya="2" hai0="56,57,117,38,124,97,47,4,63,90,25,94,41" hai1="108,92,113,81,28,132,69,123,82,32,46,101,115" hai2="96,134,42,5,48,102,126,107,73,10,55,100,40" hai3="12,53,61,118,80,33,31,43,11,30,83,106,7"/><V133/><F73/><W36/><G118/><T58/><D117/><U23/><E69/><V128/><F102/><W87/><G33/><T68/><D124/><U67/><E67/><V64/><F64/><W16/><G106/><T127/><D127/><U39/><E32/><V3/><F126/><W13/><G36/><T79/><D79/><U122/><E132/><N who="2" m="50795" /><F128/><W85/><G43/><T125/><D125/><U49/><E39/><V15/><F3/><W24/><G24/><T20/><D4/><U17/><E28/><N who="3" m="10794" /><G61/><T14/><D14/><U104/><E108/><V110/><F110/><W88/><G53/><T52/><REACH who="0" step="1"/><D68/><REACH who="0" ten="270,224,317,179" step="2"/><U120/><E23/><V129/><F129/><W75/><G75/><T37/><D37/><U99/><E17/><AGARI ba="0,1" hai="17,20,25,38,41,47,52,56,57,58,63,90,94,97" machi="17" ten="30,8000,1" yaku="1,1,7,1,25,2,54,1,53,0" doraHai="103" doraHaiUra="109" who="0" fromWho="1" sc="270,90,224,-80,317,0,179,0" /><INIT seed="3,0,0,2,5,11" ten="360,144,317,179" oya="3" hai0="40,117,25,45,69,21,73,55,58,6,102,116,129" hai1="114,32,70,41,47,15,112,54,92,60,107,9,74" hai2="86,33,111,93,30,122,96,46,84,66,37,121,118" hai3="125,7,1,39,65,131,115,53,90,109,133,50,52"/><W38/><G115/><T97/><D73/><U5/><E107/><V0/><F66/><W61/><G125/><T130/><D6/><U106/><E106/><V83/><F0/><W126/><G126/><T48/><D97/><U124/><E124/><V120/><F118/><N who="0" m="45674" /><D102/><U76/><E32/><V43/><F111/><W8/><G133/><T59/><D21/><U87/><E74/><V95/><F33/><W34/><G131/><N who="0" m="50187" /><D25/><U81/><E92/><N who="2" m="35403" /><F30/><W79/><G109/><T57/><D69/><U75/><E75/><V12/><F96/><W27/><G79/><T22/><D22/><U105/><E105/><V80/><F12/><W4/><G4/><T135/><D135/><U88/><E70/><V16/><F16/><W13/><G1/><T3/><D3/><U82/><E82/><AGARI ba="0,0" hai="37,43,46,80,82,83,84,86,120,121,122" m="35403" machi="82" ten="40,1300,0" yaku="13,1" doraHai="11" who="2" fromWho="1" sc="360,0,144,-13,317,13,179,0" /><INIT seed="4,0,0,5,1,89" ten="360,131,330,179" oya="0" hai0="115,113,29,66,7,134,53,25,133,101,108,19,127" hai1="95,126,6,63,76,2,104,88,111,72,61,20,117" hai2="5,74,42,24,93,86,81,70,12,45,131,100,84" hai3="58,54,37,52,57,22,124,49,46,103,122,98,83"/><T23/><D101/><U32/><E111/><V40/><F70/><W87/><G124/><T17/><D66/><U8/><E104/><V91/><F131/><W78/><G122/><T112/><D53/><U121/><E121/><V119/><F119/><W43/><G22/><T56/><D56/><U125/><E32/><V92/><F74/><W128/><G128/><T109/><D127/><N who="1" m="48651" /><E117/><V123/><F123/><W97/><REACH who="3" step="1"/><G103/><REACH who="3" ten="360,131,330,169" step="2"/><T48/><D7/><U94/><E20/><V118/><F100/><W105/><G105/><T60/><D60/><AGARI ba="0,1" hai="37,43,46,49,52,54,57,58,60,78,83,87,97,98" machi="60" ten="30,3900,0" yaku="1,1,7,1,54,1,53,0" doraHai="89" doraHaiUra="31" who="3" fromWho="0" sc="360,-39,131,0,330,0,169,49" /><INIT seed="5,0,0,2,1,40" ten="321,131,330,218" oya="1" hai0="92,48,103,56,53,76,13,29,59,39,23,61,73" hai1="14,62,63,24,133,70,101,108,84,91,71,34,128" hai2="18,98,88,22,107,99,38,80,36,49,2,109,37" hai3="8,65,9,126,58,60,127,79,97,27,111,10,41"/><U116/><E116/><V115/><F2/><W81/><G111/><T67/><D39/><U44/><E108/><V66/><F109/><W78/><G97/><N who="0" m="59815" /><D73/><U121/><E121/><V130/><F107/><W21/><G41/><T106/><D106/><U43/><E133/><V17/><F130/><W87/><REACH who="3" step="1"/><G79/><REACH who="3" ten="321,131,330,208" step="2"/><T25/><D76/><U112/><E112/><V125/><F98/><W114/><G114/><T52/><D13/><U30/><E128/><V100/><F115/><W28/><AGARI ba="0,1" hai="8,9,10,21,27,28,58,60,65,78,81,87,126,127" machi="28" ten="30,2000,0" yaku="1,1,0,1,53,0" doraHai="40" doraHaiUra="3" who="3" fromWho="3" sc="321,-5,131,-10,330,-5,208,30" /><INIT seed="6,0,0,0,4,3" ten="316,121,325,238" oya="2" hai0="93,111,6,8,54,25,2,126,120,129,61,26,31" hai1="128,30,47,121,132,12,46,64,45,21,110,133,107" hai2="117,50,53,41,4,5,24,55,105,125,106,134,82" hai3="96,29,89,109,51,124,114,99,87,70,77,36,104"/><V10/><F117/><W35/><G109/><T85/><D120/><U115/><E110/><V60/><F106/><W113/><G36/><T22/><D111/><U65/><E107/><V94/><F105/><W43/><G70/><T68/><D129/><U86/><E86/><V59/><F10/><W18/><G124/><T13/><D126/><U75/><E75/><V39/><F125/><W119/><G119/><T127/><D127/><U49/><E30/><V34/><F134/><N who="1" m="51817" /><E12/><V83/><F34/><W32/><G77/><T103/><D2/><U33/><E33/><N who="3" m="12874" /><G29/><T56/><D68/><U20/><E128/><V38/><F38/><W72/><G72/><T98/><D26/><U80/><E80/><N who="2" m="30763" /><F39/><W17/><G43/><T100/><REACH who="0" step="1"/><D85/><REACH who="0" ten="306,121,325,238" step="2"/><U118/><E118/><V16/><F24/><W37/><G87/><T123/><D123/><U9/><E121/><V131/><F131/><W42/><G114/><T0/><D0/><U66/><E115/><V102/><F41/><W19/><G42/><T90/><AGARI ba="0,1" hai="6,8,13,22,25,31,54,56,61,90,93,98,100,103" machi="90" ten="20,8000,1" yaku="1,1,0,1,7,1,8,1,52,1,53,0" doraHai="3" doraHaiUra="79" who="0" fromWho="0" sc="306,90,121,-20,325,-40,238,-20" /><INIT seed="7,0,0,5,3,49" ten="396,101,285,218" oya="3" hai0="43,126,101,76,39,38,53,62,128,95,84,71,46" hai1="55,123,16,77,109,47,6,11,56,45,114,28,57" hai2="65,88,78,40,97,54,82,24,21,34,69,25,124" hai3="93,111,27,4,104,131,2,118,70,130,35,52,91"/><W19/><G70/><T22/><D126/><U125/><E125/><V120/><F124/><W26/><G104/><T1/><D128/><N who="3" m="49193" /><G118/><T89/><D1/><U17/><E109/><V20/><F120/><W92/><G111/><T66/><D22/><U105/><E105/><V85/><F34/><W106/><G106/><T8/><D8/><U48/><E123/><V98/><F69/><W42/><G42/><T36/><D101/><U67/><E114/><V90/><F40/><W107/><G107/><T94/><D95/><U83/><E28/><N who="2" m="17415" /><F65/><W132/><G132/><T30/><D30/><U23/><E17/><N who="2" m="12463" /><F54/><W41/><G41/><T116/><D116/><U100/><E100/><V64/><F64/><W68/><G68/><T112/><D112/><U9/><E67/><V113/><F113/><W44/><G35/><T87/><D53/><N who="1" m="31783" /><E83/><V129/><F129/><W96/><G19/><T13/><REACH who="0" step="1"/><D13/><REACH who="0" ten="386,101,285,218" step="2"/><N who="1" m="5303" /><E77/><V134/><F134/><W102/><G2/><T99/><D99/><AGARI ba="0,1" hai="78,82,85,88,90,97,98,99" m="12463,17415" machi="99" ten="30,2000,0" yaku="8,1,54,1" doraHai="49" who="2" fromWho="0" sc="386,-20,101,0,285,30,218,0" owari="366,46.0,101,-40.0,315,12.0,218,-18.0" /></mjloggm>