<mjloggm ver="2.3"><GO type="169" lobby="0"/><UN n0="%E6%A3%92%E8%A7%92" n1="%E3%82%B9%E3%83%86%E3%83%AB%E3%82%B9%6B%69%6E%6F" n2="%EF%BC%88%E2%89%A7%E2%96%BD%E2%89%A6%EF%BC%89" n3="%E7%8B%AC%E6%AD%A9" dan="17,16,17,18" rate="2192.49,2061.26,2163.68,2196.72" sx="M,F,M,M"/><TAIKYOKU oya="0"/><INIT seed="0,0,0,3,3,119" ten="250,250,250,250" oya="0" hai0="6,8,91,24,92,105,19,108,114,66,29,50,88" hai1="130,102,43,39,61,11,123,21,52,96,20,1,79" hai2="2,85,10,38,75,69,58,93,48,134,135,17,116" hai3="71,32,129,95,97,3,133,23,70,121,111,9,125"/><T65/><D114/><U59/><E79/><V53/><F75/><W104/><RYUUKYOKU type="yao9" ba="0,0" sc="250,0,250,0,250,0,250,0" hai3="3,9,23,32,70,71,95,97,104,111,121,125,129,133" /><INIT seed="0,1,0,5,0,42" ten="250,250,250,250" oya="0" hai0="107,79,124,0,110,119,10,20,48,57,104,130,89" hai1="64,66,50,86,12,5,60,15,54,11,40,27,70" hai2="93,121,116,118,34,69,8,122,25,13,45,28,33" hai3="29,113,114,106,75,71,78,80,1,73,16,135,63"/><T61/><D119/><N who="2" m="45610" /><F69/><W97/><G73/><T129/><D79/><U30/><E66/><V95/><F95/><W32/><G135/><T47/><D20/><U115/><E115/><V18/><F93/><W109/><G1/><T90/><D10/><U14/><E40/><V2/><F45/><W31/><G31/><T67/><D0/><U87/><E87/><V46/><F46/><W65/><G16/><T52/><D124/><U120/><E86/><V37/><F37/><W17/><G17/><T103/><D110/><U7/><E7/><N who="2" m="1143" /><F34/><W53/><G53/><T43/><D43/><U105/><E105/><N who="0" m="40521" /><D103/><U101/><E101/><V38/><F38/><W102/><REACH who="3" step="1"/><G109/><REACH who="3" ten="250,250,250,240" step="2"/><T56/><D56/><U22/><REACH who="1" step="1"/><E120/><REACH who="1" ten="250,240,250,240" step="2"/><V125/><F125/><W128/><G128/><AGARI ba="1,2" hai="47,48,52,57,61,67,89,90,128,129,130" m="40521" machi="128" ten="30,5800,0" yaku="19,1,52,1,54,1" doraHai="42" who="0" fromWho="3" sc="250,81,240,0,250,0,240,-61" /><INIT seed="0,2,0,3,2,36" ten="331,240,250,179" oya="0" hai0="75,17,8,18,113,103,2,99,81,118,76,42,56" hai1="125,100,117,93,41,57,69,78,72,116,23,22,65" hai2="50,48,98,16,96,122,102,31,64,24,34,54,82" hai3="6,84,67,39,119,25,92,3,115,61,110,9,107"/><T15/><D113/><U95/><E69/><V73/><F122/><W129/><G115/><T19/><D118/><U49/><E125/><V132/><F132/><W14/><G107/><T105/><D56/><U1/><E1/><V40/><F64/><W30/><G119/><T114/><D114/><U70/><E70/><V0/><F0/><W133/><G133/><T77/><D77/><U121/><E121/><V91/><F73/><W62/><G129/><T4/><REACH who="0" step="1"/><D42/><REACH who="0" ten="321,240,250,179" step="2"/><U134/><E117/><V53/><F40/><W38/><G67/><T135/><D135/><U59/><E78/><V79/><F79/><W27/><G62/><T90/><D90/><U29/><E59/><V13/><F91/><W11/><G61/><T94/><D94/><U21/><E41/><V120/><F120/><W88/><G110/><T131/><D131/><U5/><E57/><V83/><F83/><W44/><G44/><T97/><D97/><U47/><E47/><V63/><F82/><W112/><G112/><T104/><D104/><U58/><E95/><V68/><F63/><W108/><G108/><T28/><D28/><U45/><E29/><V124/><F68/><W20/><REACH who="3" step="1"/><G27/><REACH who="3" ten="321,240,250,169" step="2"/><T123/><D123/><U86/><E45/><V127/><F127/><W130/><G130/><T60/><D60/><U126/><E116/><V52/><F124/><W26/><G26/><T74/><D74/><U89/><E72/><V128/><F128/><W80/><G80/><T43/><D43/><U55/><E126/><V85/><F24/><W87/><G87/><T109/><D109/><U101/><E86/><RYUUKYOKU ba="2,2" sc="321,15,240,-15,250,-15,169,15" hai0="2,4,8,15,17,18,19,75,76,81,99,103,105" hai3="3,6,9,11,14,20,25,30,38,39,84,88,92" /><INIT seed="0,3,2,3,2,118" ten="336,225,235,184" oya="0" hai0="112,1,86,40,73,74,128,54,87,38,43,16,121" hai1="134,19,83,12,81,9,109,89,106,14,99,116,15" hai2="23,104,17,0,107,8,72,18,32,76,105,69,80" hai3="11,84,117,63,59,68,127,6,101,28,61,135,85"/><T113/><D1/><U123/><E116/><V92/><F32/><W29/><G117/><T64/><D64/><U131/><E109/><V47/><F69/><W34/><G68/><T33/><D33/><U103/><E134/><V57/><F57/><W56/><G101/><T26/><D26/><U13/><E131/><V94/><F47/><W10/><G6/><T46/><D54/><U108/><E108/><V82/><F82/><W122/><G34/><T126/><D46/><U21/><E123/><V130/><F130/><W119/><G119/><T35/><D35/><U115/><E115/><V75/><F75/><W58/><G135/><T52/><D52/><U30/><REACH who="1" step="1"/><E89/><REACH who="1" ten="336,215,235,184" step="2"/><V79/><F79/><W22/><G122/><T50/><D128/><U102/><E102/><V67/><F67/><W100/><G100/><T120/><D113/><U45/><E45/><V25/><REACH who="2" step="1"/><F0/><REACH who="2" ten="336,215,225,184" step="2"/><W4/><G63/><T96/><D120/><U90/><E90/><V88/><F88/><W55/><G61/><T66/><D121/><U132/><E132/><V78/><F78/><W71/><G71/><T51/><D66/><U37/><E37/><V129/><F129/><W5/><G59/><T53/><D38/><U49/><E49/><V111/><F111/><W31/><G58/><T124/><D51/><U91/><E91/><V24/><F24/><AGARI ba="3,4" hai="9,12,13,14,15,19,21,24,30,81,83,99,103,106" machi="24" ten="40,1300,0" yaku="1,1,53,0" doraHai="118" doraHaiUra="110" who="1" fromWho="2" sc="336,0,215,62,225,-22,184,0" /><INIT seed="1,0,0,2,0,3" ten="336,277,203,184" oya="1" hai0="109,64,106,93,91,82,53,15,45,61,114,86,94" hai1="78,129,131,132,41,118,23,102,127,73,57,79,38" hai2="35,46,29,30,6,90,83,113,68,100,69,44,124" hai3="34,19,59,117,27,13,120,104,89,4,39,98,121"/><U65/><E118/><V116/><F116/><W77/><G39/><T71/><D114/><U26/><E127/><V92/><F124/><W88/><G117/><T108/><D106/><U126/><E126/><V110/><F113/><W10/><G77/><T67/><D67/><U123/><E123/><V81/><F110/><N who="0" m="42602" /><D15/><U101/><E132/><V40/><F35/><W32/><G32/><T28/><D28/><N who="2" m="10858" /><F68/><W72/><G72/><T70/><D70/><U97/><E102/><V50/><F69/><W31/><G59/><T107/><D107/><U111/><E111/><V33/><F100/><W43/><G43/><T56/><D45/><N who="1" m="23735" /><E73/><V47/><F33/><W25/><G104/><T130/><D130/><N who="1" m="49675" /><E57/><V1/><F1/><W112/><G112/><T22/><D22/><U24/><E65/><V8/><F40/><W49/><G121/><T133/><D133/><U60/><E60/><AGARI ba="0,0" hai="53,56,60,61,64,71,82,86,91,93,94" m="42602" machi="60" ten="30,1000,0" yaku="14,1" doraHai="3" who="0" fromWho="1" sc="336,10,277,-10,203,0,184,0" /><INIT seed="2,0,0,2,1,116" ten="346,267,203,184" oya="2" hai0="123,39,132,18,102,106,110,15,122,37,57,1,100" hai1="6,82,28,112,2,52,115,20,95,93,83,27,84" hai2="33,19,16,107,131,113,29,80,11,79,96,46,109" hai3="64,31,73,120,99,26,53,50,63,38,59,119,128"/><V121/><F113/><W22/><G119/><T75/><D1/><U85/><E112/><V127/><F127/><W134/><G134/><T87/><D75/><U47/><E115/><V74/><F131/><W78/><G128/><T77/><D57/><U41/><E2/><V32/><F121/><W7/><G7/><T56/><D56/><U58/><E6/><V67/><F67/><W91/><G38/><T72/><D72/><U12/><E12/><V60/><F60/><W35/><G73/><T17/><D87/><N who="1" m="33355" /><E47/><V3/><F3/><W55/><G78/><T88/><D77/><U130/><E41/><V66/><F66/><W62/><G120/><T90/><D15/><U70/><E70/><V118/><F118/><W42/><G42/><T117/><D117/><U49/><E130/><V135/><F135/><W9/><G9/><T30/><D30/><U23/><E20/><V133/><F133/><W14/><G14/><T129/><D132/><U111/><E111/><V125/><F109/><W0/><G0/><T10/><D129/><U61/><E61/><V81/><F125/><W124/><G124/><T69/><D69/><U104/><E104/><V54/><F29/><W5/><G5/><T13/><D13/><U44/><E44/><V8/><F8/><W34/><G63/><T114/><D114/><U48/><E49/><N who="2" m="28983" /><F11/><W68/><G55/><T126/><D126/><U21/><E21/><V97/><F107/><W25/><G25/><T108/><D10/><U71/><E71/><V4/><F4/><W51/><G51/><T43/><D106/><U76/><E76/><RYUUKYOKU ba="0,0" sc="346,10,267,10,203,-30,184,10" hai0="17,18,37,39,43,88,90,100,102,108,110,122,123" hai1="23,27,28,48,52,58,82,83,93,95" hai3="22,26,31,34,35,50,53,59,62,64,68,91,99" /><INIT seed="3,1,0,1,1,135" ten="356,277,173,194" oya="3" hai0="82,115,5,105,61,69,65,56,93,101,81,106,78" hai1="102,13,108,126,9,11,75,47,22,99,134,86,95" hai2="44,130,74,28,119,133,125,36,16,64,100,67,46" hai3="116,50,30,98,42,104,83,60,17,34,122,12,21"/><W129/><G122/><T54/><D115/><U92/><E75/><V29/><F74/><W128/><G116/><T3/><D82/><U52/><E134/><V15/><F133/><W33/><G60/><T90/><D101/><U48/><E108/><V1/><F1/><W37/><G37/><T111/><D111/><U72/><E72/><V109/><F119/><W26/><G83/><T68/><D68/><U24/><E126/><V63/><F109/><W27/><G98/><T87/><D5/><U132/><E132/><V73/><F73/><W57/><G104/><T114/><D3/><U25/><E25/><V113/><F113/><W71/><G71/><T131/><D131/><N who="3" m="50249" /><G27/><T127/><D127/><U97/><E13/><V120/><F125/><W66/><G66/><N who="2" m="25129" /><F36/><W76/><G76/><T40/><D40/><U18/><REACH who="1" step="1"/><E86/><REACH who="1" ten="356,267,173,194" step="2"/><V107/><F130/><W117/><G117/><T53/><D114/><U91/><AGARI ba="1,1" hai="9,11,18,22,24,47,48,52,91,92,95,97,99,102" machi="91" ten="20,12000,2" yaku="1,1,2,1,0,1,7,1,8,1,54,1,53,1" doraHai="135" doraHaiUra="96" who="1" fromWho="1" sc="356,-31,267,133,173,-31,194,-61" /><INIT seed="4,0,0,5,0,12" ten="325,400,142,133" oya="0" hai0="126,67,21,8,127,114,32,111,92,54,131,124,20" hai1="28,65,133,62,7,104,132,41,34,9,50,26,116" hai2="83,121,25,59,106,75,38,117,39,93,100,14,66" hai3="2,0,123,113,43,103,107,101,42,10,74,70,87"/><T60/><D32/><U130/><E104/><V95/><F121/><W72/><G107/><T17/><D114/><U6/><E116/><V99/><F117/><W85/><G10/><T4/><D131/><U63/><E130/><V31/><F106/><W96/><G96/><T33/><D33/><U16/><E63/><N who="2" m="38271" /><F95/><W89/><G89/><T5/><D111/><U115/><E115/><V135/><F135/><N who="1" m="51785" /><E50/><V3/><F3/><W18/><G113/><T73/><D73/><U61/><E41/><V98/><F98/><W24/><G24/><T128/><D128/><U13/><E62/><V58/><F58/><AGARI ba="0,0" hai="6,7,9,13,16,26,28,34,58,61,65" m="51785" machi="58" ten="30,3900,0" yaku="20,1,52,1,54,1" doraHai="12" who="1" fromWho="2" sc="325,0,400,39,142,-39,133,0" /><INIT seed="5,0,0,2,3,80" ten="325,439,103,133" oya="1" hai0="85,17,66,129,107,124,0,37,49,36,82,62,8" hai1="130,50,114,115,73,122,26,9,64,6,96,108,44" hai2="23,54,18,55,42,57,113,24,14,19,110,135,84" hai3="31,87,102,116,90,101,105,132,53,32,56,112,28"/><U21/><E122/><V27/><F110/><W20/><G32/><T69/><D107/><U5/><E108/><V59/><F135/><W41/><G116/><T100/><D100/><U97/><E73/><V119/><F119/><W78/><G78/><T89/><D124/><U75/><E75/><V127/><F127/><W45/><G132/><T128/><D49/><U83/><E64/><V123/><F123/><W120/><G120/><T106/><D106/><U117/><E130/><N who="0" m="50281" /><D17/><U61/><E61/><V76/><F113/><N who="1" m="43017" /><E83/><N who="2" m="47207" /><F42/><W104/><G104/><T125/><D125/><U95/><E117/><V99/><F99/><W63/><G112/><T67/><D67/><U35/><E50/><N who="2" m="30935" /><F19/><W88/><G105/><T81/><D81/><U48/><E97/><V79/><F79/><W94/><G90/><T70/><D70/><U15/><E96/><V133/><F133/><W22/><G31/><T4/><AGARI ba="0,0" hai="0,4,8,36,37,62,66,69,82,85,89" m="50281" machi="4" ten="30,2000,0" yaku="19,1,52,1" doraHai="80" who="0" fromWho="0" sc="325,20,439,-10,103,-5,133,-5" /><INIT seed="6,0,0,0,1,55" ten="345,429,98,128" oya="2" hai0="74,64,35,118,71,103,66,99,31,10,21,123,23" hai1="127,8,109,102,37,0,105,40,117,62,115,119,125" hai2="9,56,47,73,39,86,94,14,111,90,135,58,91" hai3="70,93,106,89,48,33,42,98,113,17,130,81,5"/><V61/><F73/><W124/><G70/><T38/><D38/><U112/><E109/><V108/><F135/><W1/><G33/><T72/><D10/><U27/><E27/><V41/><F91/><W30/><G30/><T78/><D78/><U57/><E102/><V114/><F114/><N who="1" m="43561" /><E105/><V134/><F134/><W13/><G124/><N who="1" m="47690" /><E8/><V129/><F129/><W25/><G130/><T82/><D123/><U87/><E87/><V6/><REACH who="2" step="1"/><F61/><REACH who="2" ten="345,429,88,128" step="2"/><W75/><G113/><T52/><D74/><U69/><E62/><V107/><F107/><W88/><G106/><T95/><D72/><U77/><E119/><V4/><F4/><W65/><G75/><T92/><D118/><U29/><E77/><V11/><F11/><W59/><G5/><T16/><D103/><U101/><E101/><V43/><F43/><W83/><G89/><T104/><D104/><U122/><E40/><V36/><F36/><W7/><G7/><T100/><D100/><U3/><E37/><V96/><F96/><W97/><G97/><T34/><D99/><U120/><E117/><V44/><F44/><N who="3" m="25623" /><G1/><T32/><D82/><U2/><E3/><V15/><F15/><W26/><G83/><T51/><D95/><U133/><E2/><V54/><F54/><W126/><G81/><T116/><D92/><U45/><E0/><V85/><F85/><W121/><G126/><T63/><D116/><U46/><E133/><V19/><F19/><W68/><G98/><T80/><D80/><U50/><E122/><V60/><F60/><W110/><G121/><T28/><D16/><U12/><E120/><RYUUKYOKU ba="0,1" sc="345,-10,429,-10,88,30,128,-10" hai2="6,9,14,39,41,47,56,58,86,90,94,108,111" /><INIT seed="6,1,1,1,3,115" ten="335,419,118,118" oya="2" hai0="1,67,45,54,131,75,34,129,116,76,4,64,17" hai1="60,57,79,134,43,97,77,80,70,31,82,66,102" hai2="37,127,63,55,23,117,11,126,72,8,94,24,14" hai3="18,29,3,38,7,93,103,52,0,13,133,90,10"/><V20/><F72/><W74/><G74/><T71/><D34/><U28/><E43/><V50/><F37/><W39/><G133/><T25/><D25/><U40/><E40/><V118/><F63/><W100/><G0/><T128/><D17/><U87/><E70/><V51/><F94/><W9/><G29/><T53/><D4/><U85/><E134/><V105/><F105/><AGARI ba="1,1" hai="28,31,57,60,66,77,79,80,82,85,87,97,102,105" machi="105" ten="30,2000,0" yaku="7,1,9,1" doraHai="115" who="1" fromWho="2" sc="335,0,419,33,118,-23,118,0" /><INIT seed="7,0,0,0,3,0" ten="335,452,95,118" oya="3" hai0="98,49,62,12,85,26,101,42,73,89,106,34,134" hai1="81,94,78,79,120,2,59,91,126,124,11,9,5" hai2="116,117,113,92,133,109,127,128,132,104,8,23,80" hai3="29,125,68,38,69,108,58,10,14,60,16,88,47"/><W22/><G125/><N who="1" m="48234" /><E120/><V15/><F127/><W67/><G108/><T6/><D73/><U71/><E71/><V66/><F104/><W18/><G29/><T129/><D134/><N who="2" m="51818" /><F109/><W110/><G110/><T72/><D72/><U102/><E11/><V53/><F66/><W40/><REACH who="3" step="1"/><G88/><REACH who="3" ten="335,452,95,108" step="2"/><T65/><D89/><U119/><E91/><V25/><F128/><W64/><G64/><T4/><D65/><U112/><E79/><V44/><F80/><W21/><G21/><T50/><D129/><U52/><E78/><V1/><F113/><W45/><G45/><T27/><D34/><U35/><E35/><V33/><F33/><W74/><G74/><T107/><D98/><U37/><E81/><V76/><F76/><W118/><G118/><T135/><D135/><U3/><E119/><V19/><F92/><W100/><G100/><T43/><D101/><U121/><E102/><V48/><F1/><W32/><G32/><T7/><D107/><U56/><E112/><V41/><F41/><W24/><AGARI ba="0,1" hai="10,14,16,18,22,24,38,40,47,58,60,67,68,69" machi="24" ten="20,7800,0" yaku="1,1,0,1,7,1,54,1,53,0" doraHai="0" doraHaiUra="115" who="3" fromWho="3" sc="335,-26,452,-26,95,-26,108,88" /><INIT seed="7,1,0,2,5,131" ten="309,426,69,196" oya="3" hai0="94,87,9,134,95,15,43,104,24,110,67,52,111" hai1="135,65,105,35,20,30,51,79,36,118,82,50,2" hai2="21,77,72,22,34,100,27,46,99,66,39,4,122" hai3="19,13,28,88,74,116,26,16,103,54,130,41,1"/><W29/><G1/><T123/><D104/><U132/><E36/><V37/><F122/><W14/><G74/><T6/><D123/><U25/><E105/><V64/><F34/><W62/><G103/><T44/><D67/><U109/><E109/><V12/><F77/><W84/><G41/><T128/><D128/><U121/><E121/><V48/><F72/><W60/><G116/><T78/><D24/><N who="1" m="18887" /><E65/><V3/><F3/><W38/><G38/><T113/><D113/><U107/><E107/><V117/><F117/><W125/><G125/><T71/><D71/><U49/><E2/><V91/><F39/><W102/><G102/><T98/><D52/><U120/><E120/><V17/><F37/><W124/><G124/><T7/><D7/><U68/><E68/><V115/><F115/><W11/><G130/><T85/><D85/><N who="1" m="48351" /><E51/><V75/><F75/><W86/><G54/><T112/><D112/><U81/><E81/><V114/><F114/><W32/><G29/><T31/><D31/><N who="1" m="17831" /><E118/><V108/><F108/><W69/><G69/><T126/><D126/><U40/><E40/><V18/><F91/><W23/><G86/><T42/><D42/><U101/><E101/><V93/><REACH who="2" step="1"/><F4/><REACH who="2" ten="309,426,59,196" step="2"/><W58/><G58/><T53/><D111/><U83/><E83/><AGARI ba="1,1" hai="11,13,14,16,19,23,26,28,32,60,62,83,84,88" machi="83" ten="30,5800,0" yaku="7,1,54,2" doraHai="131" who="3" fromWho="1" sc="309,0,426,-61,59,0,196,71" /><INIT seed="7,2,0,2,2,38" ten="309,365,59,267" oya="3" hai0="83,87,108,26,54,131,52,121,88,110,11,16,99" hai1="48,30,9,55,4,29,24,58,20,56,70,134,47" hai2="21,3,39,18,127,95,2,85,36,119,113,33,68" hai3="0,65,8,124,103,27,80,115,72,82,101,12,73"/><W90/><G0/><T135/><D121/><U93/><E70/><V63/><F18/><W6/><G115/><T66/><D135/><U118/><E134/><V126/><F21/><W104/><G124/><T114/><D131/><U109/><E109/><V13/><F13/><W100/><G104/><T102/><D114/><U45/><E118/><V105/><F85/><W23/><G65/><T77/><D66/><U59/><E30/><V78/><F95/><W25/><G25/><T67/><D67/><U42/><E93/><V49/><F49/><W91/><G73/><T5/><D77/><U53/><REACH who="1" step="1"/><E47/><REACH who="1" ten="309,355,59,267" step="2"/><V81/><F78/><W125/><G125/><T62/><D110/><U107/><E107/><V71/><F63/><W60/><G60/><T51/><D108/><U76/><E76/><V37/><F81/><N who="3" m="31339" /><G72/><T84/><D62/><U86/><E86/><V57/><F37/><W123/><G123/><T19/><D87/><U69/><E69/><V28/><F28/><AGARI ba="2,1" hai="6,8,12,23,27,28,90,91,100,101,103" m="31339" machi="28" ten="30,1500,0" yaku="8,1" doraHai="38" who="3" fromWho="2" sc="309,0,355,0,59,-21,267,31" /><INIT seed="7,3,0,3,2,114" ten="309,355,38,298" oya="3" hai0="99,6,111,37,86,107,30,31,14,94,91,101,43" hai1="23,74,89,46,62,93,45,32,60,55,51,33,68" hai2="59,85,27,66,96,3,116,48,72,125,100,52,29" hai3="87,112,88,69,24,128,82,108,102,105,26,54,21"/><W83/><G69/><T15/><D111/><U22/><E74/><V119/><F72/><W25/><G108/><T47/><D6/><U34/><E46/><V122/><F3/><W109/><G109/><T56/><D56/><U98/><REACH who="1" step="1"/><E62/><REACH who="1" ten="309,345,38,298" step="2"/><V35/><F122/><W61/><G112/><T132/><D132/><U11/><E11/><V20/><F125/><W126/><G126/><T129/><D129/><U117/><E117/><V81/><F35/><W44/><G128/><T73/><D73/><U124/><E124/><V36/><F36/><W123/><G123/><T19/><REACH who="0" step="1"/><D14/><REACH who="0" ten="299,345,38,298" step="2"/><U40/><E40/><V75/><F75/><W0/><G0/><T17/><D17/><U41/><E41/><V4/><F4/><W118/><G118/><T38/><D38/><U67/><AGARI ba="3,2" hai="22,23,32,33,34,45,51,55,60,67,68,89,93,98" machi="67" ten="40,2700,0" yaku="1,1,0,1,53,0" doraHai="114" doraHaiUra="13" who="1" fromWho="1" sc="299,-10,345,56,38,-10,298,-16" owari="289,9.0,401,50.0,28,-47.0,282,-12.0" /></mjloggm>