<mjloggm ver="2.3"><GO type="97"/><UN n0="%E3%82%AE%E3%83%A3%E3%82%B0%EF%BC%91%EF%BC%90%EF%BC%90%E2%99%AA" n1="%EF%BC%88%E2%89%A7%E2%96%BD%E2%89%A6%EF%BC%89" n2="%4B%6F%6D%61%68%69%64%65" n3="%E3%83%93%E3%83%AA%E3%83%93%E3%83%AA%E4%B8%AD%E5%AD%A6%E7%94%9F" dan="13,14,13,13" rate="1868,2062,1832,1812" sx="M,M,M,F"/><TAIKYOKU oya="0"/><INIT seed="0,0,0,0,2,135" ten="250,250,250,250" oya="0" hai0="7,44,115,16,75,28,104,45,22,63,10,129,13" hai1="69,52,132,9,126,70,74,11,33,43,105,119,89" hai2="37,81,118,60,116,80,54,64,53,106,107,134,98" hai3="87,93,72,86,41,84,133,123,94,58,14,59,27"/><T96/><D115/><U91/><E119/><N who="2" m="45611" /><F37/><W112/><G72/><T40/><D75/><U121/><E74/><V100/><F107/><W65/><G112/><T17/><D129/><U127/><E105/><V47/><F134/><W1/><G133/><T15/><D63/><U130/><E33/><V26/><F26/><W131/><G1/><T82/><D82/><N who="2" m="31850" /><F47/><W122/><G131/><T34/><D104/><U73/><E73/><V12/><F12/><W42/><G27/><N who="0" m="18719" /><D96/><U0/><E132/><V68/><AGARI ba="0,0" hai="53,54,60,64,68,98,100,106" m="31850,45611" machi="68" ten="30,1100,0" yaku="12,1" doraHai="135" who="2" fromWho="2" sc="250,-5,250,-3,250,11,250,-3" /><INIT seed="1,0,0,4,4,49" ten="245,247,261,247" oya="1" hai0="38,8,45,77,83,99,7,97,126,1,68,95,50" hai1="36,66,129,31,20,62,105,127,130,67,107,102,33" hai2="15,112,2,21,6,123,14,93,69,100,114,84,43" hai3="19,121,34,118,3,86,111,17,92,22,29,116,54"/><U5/><E20/><V18/><F69/><W56/><G3/><T89/><D68/><N who="1" m="42071" /><E67/><V13/><F123/><W30/><G121/><T91/><D126/><U108/><E127/><V37/><F37/><W94/><G34/><T23/><D23/><U47/><E5/><V101/><F43/><W26/><G111/><T51/><D97/><N who="1" m="61647" /><E107/><V117/><F117/><N who="3" m="45163" /><G19/><T55/><D91/><U9/><E9/><N who="2" m="2263" /><F84/><W128/><G128/><N who="1" m="49258" /><E108/><V39/><F39/><W87/><G86/><T75/><REACH who="0" step="1"/><D55/><REACH who="0" step="2"/><U48/><E33/><V115/><F93/><N who="3" m="35947" /><G87/><T85/><D85/><U135/><E31/><V27/><AGARI ba="0,1" hai="13,14,15,18,21,27,100,101,112,114,115" m="2263" machi="27" ten="40,1500,0" yaku="11,1" doraHai="49" who="2" fromWho="2" sc="235,-4,247,-7,261,25,247,-4" /><INIT seed="2,0,0,0,4,47" ten="231,240,286,243" oya="2" hai0="83,135,26,107,108,19,43,33,97,130,52,36,35" hai1="92,51,65,81,125,95,85,96,62,57,22,28,53" hai2="115,58,99,63,4,101,7,86,32,94,41,118,61" hai3="40,37,122,76,29,12,10,126,42,2,98,82,64"/><V49/><F115/><W16/><G122/><T31/><D36/><U73/><E73/><V111/><F118/><W1/><G126/><T89/><D43/><U46/><E125/><V116/><F116/><W84/><G29/><T38/><D38/><U9/><E9/><V24/><F111/><W34/><G34/><T18/><D35/><U90/><REACH who="1" step="1"/><E96/><REACH who="1" step="2"/><V134/><F134/><W55/><G98/><T93/><D108/><U72/><E72/><V131/><F86/><W113/><G113/><T45/><D135/><U0/><E0/><V30/><F131/><W8/><G8/><T71/><D130/><U54/><E54/><V59/><F7/><W27/><G1/><T79/><D107/><U88/><E88/><V23/><F4/><W20/><G2/><T114/><D114/><U104/><E104/><V5/><F5/><W129/><G55/><T6/><D6/><U119/><E119/><V70/><BYE who="1" /><F70/><W133/><G129/><T68/><D71/><U50/><E50/><V25/><F49/><W13/><G133/><T17/><D68/><U112/><E112/><V75/><F75/><W66/><G37/><T48/><D19/><U109/><E109/><V11/><F41/><N who="3" m="15979" /><G10/><T106/><REACH who="0" step="1"/><D106/><REACH who="0" step="2"/><U117/><E117/><V132/><F132/><W124/><G124/><T121/><D121/><U39/><E39/><V91/><F91/><W120/><G120/><UN n1="%EF%BC%88%E2%89%A7%E2%96%BD%E2%89%A6%EF%BC%89" /><T102/><D102/><U103/><E103/><V105/><F105/><W14/><AGARI ba="0,2" hai="12,13,14,16,20,27,64,66,76,82,84" m="15979" machi="14" ten="30,2000,0" yaku="8,1,54,1" doraHai="47" who="3" fromWho="3" sc="221,-5,230,-5,286,-10,243,40" /><INIT seed="3,0,0,5,4,83" ten="216,225,276,283" oya="3" hai0="122,66,105,20,128,35,6,15,69,92,52,29,43" hai1="88,115,100,117,17,16,135,55,124,90,13,77,81" hai2="48,103,91,0,11,99,97,24,86,14,108,84,34" hai3="131,121,132,127,59,49,65,94,125,40,10,133,41"/><W3/><G121/><T111/><D105/><U21/><E115/><V37/><F37/><W39/><G3/><T12/><D122/><U58/><E135/><N who="3" m="51786" /><G10/><T113/><D113/><U62/><E124/><N who="3" m="47690" /><G39/><T98/><D43/><N who="3" m="16457" /><G94/><T76/><D76/><U114/><E114/><V74/><F0/><W57/><G49/><T110/><D35/><U67/><E117/><V19/><F48/><W27/><G27/><T109/><D69/><U38/><E38/><V26/><F74/><W60/><G131/><T72/><D128/><U31/><E100/><V44/><F34/><W32/><G32/><T56/><D72/><U33/><E33/><V82/><F108/><W80/><G80/><T47/><D66/><U63/><E31/><V23/><F44/><W129/><G129/><T107/><D47/><U71/><E17/><N who="2" m="12399" /><F103/><W89/><G89/><T101/><D107/><U78/><E78/><N who="2" m="46167" /><F26/><W50/><G50/><N who="0" m="30743" /><D6/><U123/><E123/><V85/><F91/><W30/><G30/><T22/><D29/><U2/><E2/><V134/><F134/><W25/><G25/><T53/><D53/><U87/><AGARI ba="0,0" hai="13,16,21,55,58,62,63,67,71,77,81,87,88,90" machi="87" ten="20,8000,1" yaku="0,1,7,1,52,1,54,2" doraHai="83" who="1" fromWho="1" sc="216,-20,225,80,276,-20,283,-40" owari="196,-30.0,305,40.0,256,6.0,243,-16.0" /></mjloggm>