<mjloggm ver="2.3"><GO type="169"/><UN n0="%EF%BC%88%E2%89%A7%E2%96%BD%E2%89%A6%EF%BC%89" n1="%E5%AF%9B%E3%83%94%E3%82%A8%E3%83%AD" n2="%E3%81%8A%E5%8F%A3%E3%83%81%E3%83%A3%E3%83%83%E3%82%AF%E6%BA%80%E8%B2%AB" n3="%E6%9C%AC%E7%89%A9%E5%A5%B3%E5%AD%90%E9%AB%98%E7%94%9F" dan="18,16,16,16" rate="2242,2037,2114,2117" sx="M,M,F,F"/><TAIKYOKU oya="0"/><INIT seed="0,0,0,2,5,132" ten="250,250,250,250" oya="0" hai0="71,6,20,111,26,64,55,118,77,93,102,22,103" hai1="46,38,92,100,60,28,33,81,50,10,49,83,87" hai2="129,97,113,98,95,112,62,36,53,12,116,23,8" hai3="106,11,89,43,76,45,121,16,52,42,68,134,130"/><T117/><D77/><U14/><E38/><V114/><F129/><W25/><G68/><T101/><D6/><U79/><E60/><V122/><F122/><W27/><G106/><T110/><D93/><U31/><E33/><V70/><F116/><W69/><G69/><T48/><D64/><U82/><E82/><V90/><F36/><W128/><G76/><T127/><D71/><U135/><E135/><V74/><F74/><W75/><G75/><T80/><D80/><U18/><E83/><V51/><F98/><W99/><G134/><T109/><D127/><U59/><E59/><V61/><F23/><N who="0" m="8746" /><D26/><U29/><REACH who="1" step="1"/><E46/><AGARI ba="0,0" hai="46,48,55,101,102,103,109,110,111,117,118" m="8746" machi="46" ten="40,3900,0" yaku="14,1,10,1" doraHai="132" who="0" fromWho="1" sc="250,39,250,-39,250,0,250,0" /><INIT seed="0,1,0,2,5,98" ten="289,211,250,250" oya="0" hai0="58,114,79,96,22,77,88,116,21,75,52,117,113" hai1="4,1,99,109,5,115,30,23,73,62,25,31,43" hai2="34,3,92,87,19,10,101,57,40,6,78,76,133" hai3="24,80,91,124,70,130,107,89,64,15,81,106,12"/><T123/><D123/><U9/><E73/><V60/><F133/><W11/><G24/><T37/><D37/><U0/><E43/><V125/><F125/><W27/><G27/><T28/><D75/><U33/><E62/><V72/><F34/><W55/><G11/><T69/><D69/><U42/><E42/><V26/><F40/><W119/><G64/><T61/><D117/><U48/><E48/><V100/><F72/><W97/><G97/><T66/><D116/><U94/><E115/><V38/><F38/><W86/><G86/><T90/><D114/><U131/><E131/><V14/><F26/><W108/><G55/><T122/><D122/><U93/><E109/><V16/><F92/><W95/><G95/><N who="0" m="56423" /><D113/><U63/><E63/><V44/><F44/><W127/><G108/><T129/><D129/><U46/><E46/><V32/><F32/><W121/><G130/><T132/><D132/><U126/><E126/><V54/><F87/><W74/><G74/><T45/><D90/><U128/><E128/><V39/><F39/><W104/><G104/><T47/><D28/><U118/><E118/><V17/><F3/><W51/><G119/><T13/><D45/><U135/><E135/><V18/><N who="2" m="4608" /><DORA hai="134" /><V68/><F68/><W2/><G70/><T105/><D13/><U84/><E1/><V41/><F41/><W102/><G121/><T83/><D105/><U7/><E0/><V85/><F76/><N who="0" m="29258" /><D83/><AGARI ba="1,0" hai="6,10,14,54,57,60,78,83,85,100,101" m="4608" machi="83" ten="50,8000,1" yaku="8,1,52,2,54,1" doraHai="98,134" who="2" fromWho="0" sc="289,-83,211,0,250,83,250,0" /><INIT seed="1,0,0,4,2,89" ten="206,211,333,250" oya="1" hai0="68,49,132,38,30,128,85,70,133,112,7,61,101" hai1="127,55,48,111,73,42,37,109,135,114,25,122,1" hai2="43,94,103,5,24,116,57,51,40,134,28,66,78" hai3="113,9,34,119,79,19,20,35,110,117,18,17,104"/><U82/><E1/><V108/><F116/><N who="3" m="44619" /><G104/><T36/><D7/><U41/><E122/><V39/><F5/><W93/><G79/><T102/><D30/><U32/><E114/><V75/><F108/><N who="1" m="41545" /><E127/><V50/><F134/><N who="0" m="51818" /><D112/><U131/><E135/><V69/><F78/><W72/><G72/><T46/><D128/><U45/><E131/><V59/><F75/><W92/><G110/><T27/><D27/><U8/><E8/><V63/><F24/><W87/><G87/><T81/><D101/><U98/><E37/><N who="0" m="14441" /><D102/><U95/><E73/><V100/><F28/><W10/><G20/><T33/><D33/><N who="3" m="12297" /><G113/><T88/><D61/><U99/><E82/><V26/><F63/><W47/><G47/><T125/><D125/><U11/><E11/><AGARI ba="0,0" hai="9,10,11,17,18,19,92,93" m="12297,44619" machi="11" ten="40,8000,1" yaku="28,2,12,1,52,2" doraHai="89" who="3" fromWho="1" sc="206,0,211,-80,333,0,250,80" /><INIT seed="2,0,0,0,0,101" ten="206,131,333,330" oya="2" hai0="10,63,108,18,15,107,104,73,87,98,43,113,20" hai1="91,0,75,36,55,100,48,95,58,9,31,72,25" hai2="61,132,96,131,5,117,79,41,127,11,62,94,90" hai3="45,81,126,13,84,27,125,130,24,22,57,120,76"/><V2/><F117/><W112/><G120/><T42/><D73/><U30/><E36/><V38/><F132/><W23/><G130/><T99/><D113/><U67/><E100/><V6/><F131/><W122/><G122/><T1/><D108/><U39/><E39/><V49/><F127/><N who="3" m="48651" /><G112/><T4/><D87/><U77/><E77/><V16/><F38/><W8/><G45/><T60/><D98/><U71/><E31/><V78/><F78/><W68/><G68/><T44/><D43/><U28/><E28/><V123/><F79/><W88/><G57/><T33/><D33/><U119/><E119/><V66/><F123/><W109/><G109/><T110/><D110/><U82/><E82/><V7/><F2/><W114/><G114/><T70/><D99/><U21/><E67/><V12/><F66/><W29/><G76/><T80/><D80/><U47/><E71/><V3/><F3/><W51/><G51/><T124/><D124/><U128/><E128/><V59/><F59/><W65/><G65/><T106/><REACH who="0" step="1"/><D70/><REACH who="0" ten="196,131,333,330" step="2"/><U34/><E34/><V134/><F134/><W52/><G84/><T14/><D14/><U111/><E111/><V56/><F41/><W103/><G81/><T74/><D74/><U97/><REACH who="1" step="1"/><E58/><REACH who="1" ten="196,121,333,330" step="2"/><V129/><F129/><W118/><G118/><T50/><AGARI ba="0,2" hai="1,4,10,15,18,20,42,44,50,60,63,104,106,107" machi="50" ten="30,8000,1" yaku="1,1,0,1,52,3,53,0" doraHai="101" doraHaiUra="89" who="0" fromWho="0" sc="196,100,121,-20,333,-40,330,-20" /><INIT seed="3,0,0,5,1,116" ten="296,101,293,310" oya="3" hai0="96,81,131,55,77,64,84,99,123,11,27,63,56" hai1="118,14,89,70,1,13,35,74,95,121,31,32,51" hai2="54,34,36,43,4,72,20,45,62,73,41,119,44" hai3="120,0,50,52,115,91,110,127,126,87,6,128,29"/><W106/><G106/><T48/><D131/><U78/><E1/><V67/><F119/><W47/><G128/><T69/><D123/><U130/><E70/><V94/><F34/><W129/><G129/><T5/><REACH who="0" step="1"/><D27/><REACH who="0" ten="286,101,293,310" step="2"/><U75/><E130/><V17/><F4/><W93/><G120/><T71/><D71/><U38/><E121/><V104/><F104/><W102/><G115/><T125/><D125/><U2/><E118/><V25/><F94/><W21/><G110/><T15/><AGARI ba="0,1" hai="5,11,15,48,55,56,63,64,69,77,81,84,96,99" machi="15" ten="20,5200,0" yaku="1,1,0,1,7,1,53,1" doraHai="116" doraHaiUra="80" who="0" fromWho="0" sc="286,62,101,-13,293,-13,310,-26" /><INIT seed="4,0,0,1,3,78" ten="348,88,280,284" oya="0" hai0="1,93,47,64,135,105,124,43,72,9,20,110,100" hai1="8,122,130,91,108,61,6,10,14,69,134,79,41" hai2="53,90,32,82,112,76,71,58,25,111,128,33,60" hai3="36,127,106,5,55,39,86,40,114,59,28,77,29"/><T107/><D124/><U19/><E122/><V94/><F111/><W68/><G68/><T54/><D54/><U80/><E108/><V65/><F128/><W63/><G106/><T117/><D117/><U2/><E130/><V30/><F112/><W125/><G114/><T109/><D93/><U97/><E134/><V48/><F33/><W73/><G73/><T15/><D15/><U88/><E41/><V84/><REACH who="2" step="1"/><F94/><REACH who="2" ten="348,88,270,284" step="2"/><W129/><G129/><T131/><D131/><U75/><REACH who="1" step="1"/><E97/><REACH who="1" ten="348,78,270,284" step="2"/><V104/><F104/><W13/><G125/><T42/><D107/><U26/><E26/><V95/><F95/><W118/><G127/><T7/><D105/><U23/><E23/><V51/><F51/><W66/><G118/><T103/><D109/><U0/><E0/><V12/><F12/><W83/><G36/><T99/><D110/><U49/><E49/><V24/><F24/><W46/><G39/><T35/><D99/><U3/><E3/><V4/><F4/><W56/><G5/><T27/><D7/><U57/><E57/><V116/><F116/><W81/><G13/><T62/><D1/><U44/><E44/><V38/><F38/><W31/><G46/><T119/><D47/><U87/><E87/><V98/><F98/><W96/><G96/><T101/><D119/><U85/><E85/><V121/><F121/><W22/><G22/><T113/><D20/><U67/><AGARI ba="0,2" hai="2,6,8,10,14,19,61,67,69,75,79,80,88,91" machi="67" ten="30,7900,0" yaku="1,1,0,1,52,1,54,1,53,0" doraHai="78" doraHaiUra="18" who="1" fromWho="1" sc="348,-39,78,99,270,-20,284,-20" /><INIT seed="5,0,0,5,1,109" ten="309,177,250,264" oya="1" hai0="64,43,72,76,118,29,117,77,88,129,4,41,91" hai1="89,42,98,5,53,19,132,87,45,52,56,90,97" hai2="59,115,66,112,107,92,99,28,102,47,133,116,20" hai3="14,30,95,83,131,106,7,23,37,35,33,70,127"/><U69/><E69/><V101/><F116/><W46/><G106/><T93/><D129/><U73/><E73/><V86/><F133/><W100/><G70/><T74/><D64/><U38/><E132/><V31/><F47/><W103/><G83/><T18/><D93/><U2/><E19/><V11/><F11/><W61/><G61/><T128/><D29/><U71/><E71/><V21/><F31/><W104/><G104/><T134/><D134/><U121/><E121/><V135/><F135/><W3/><G3/><T68/><D68/><U12/><E2/><V65/><F65/><W36/><G46/><T16/><D128/><U0/><E0/><V114/><F28/><W27/><G95/><T108/><D4/><U122/><E122/><V8/><F8/><W10/><G131/><T15/><D15/><U57/><E5/><V48/><F48/><W26/><G26/><T25/><D25/><U6/><E6/><V125/><F125/><W67/><G67/><T62/><D62/><N who="1" m="36103" /><E12/><V84/><F84/><W80/><G127/><T120/><D120/><U58/><E58/><V39/><F39/><W13/><G37/><T119/><D119/><U82/><E90/><N who="2" m="53335" /><F101/><W110/><G100/><T123/><D123/><U96/><E96/><V60/><AGARI ba="0,0" hai="20,21,59,60,66,99,102,107,112,114,115" m="53335" machi="60" ten="40,8000,1" yaku="15,1,11,1,52,3" doraHai="109" who="2" fromWho="2" sc="309,-20,177,-40,250,80,264,-20" /><INIT seed="6,0,0,3,5,0" ten="289,137,330,244" oya="2" hai0="116,72,6,60,32,103,65,76,40,81,96,45,38" hai1="67,134,26,4,115,122,85,64,30,94,75,110,31" hai2="77,84,86,35,51,33,112,83,1,127,34,68,123" hai3="57,125,120,41,28,22,100,39,97,95,131,105,44"/><V132/><F123/><W91/><G120/><T90/><D116/><U98/><E122/><V74/><F132/><W126/><G131/><T62/><D32/><U88/><E75/><V7/><F127/><N who="3" m="48651" /><G57/><T54/><D90/><U58/><E110/><V129/><F129/><W46/><G46/><T133/><D133/><U124/><E124/><V99/><F112/><W130/><G130/><T119/><D119/><U13/><E134/><V118/><F118/><W49/><G22/><T104/><D65/><U79/><E115/><V70/><F51/><W3/><G3/><T50/><D6/><U43/><E43/><V48/><F48/><W17/><G17/><T69/><D69/><U37/><E37/><V23/><F23/><W80/><G28/><T107/><REACH who="0" step="1"/><D104/><REACH who="0" ten="279,137,330,244" step="2"/><U109/><E109/><V47/><F70/><W21/><G105/><T128/><D128/><U93/><E79/><V16/><F68/><W27/><G91/><T117/><D117/><U18/><E67/><V92/><F35/><W24/><G80/><T66/><D66/><U102/><E64/><V10/><F34/><W5/><G5/><T63/><D63/><U87/><E4/><V8/><F33/><W113/><G113/><T11/><D11/><U36/><E88/><N who="2" m="55687" /><F8/><W20/><G20/><T111/><D111/><U71/><E71/><V89/><F89/><W25/><G21/><T78/><D78/><U15/><E102/><V114/><F114/><W53/><G27/><T106/><D106/><U55/><E26/><V82/><F77/><W9/><G9/><T19/><D19/><U56/><E18/><RYUUKYOKU ba="0,1" sc="279,15,137,-15,330,-15,244,15" hai0="38,40,45,50,54,60,62,72,76,81,96,103,107" hai3="24,25,39,41,44,49,53,95,97,100" /><INIT seed="7,1,1,3,2,13" ten="294,122,315,259" oya="3" hai0="122,130,108,100,58,120,64,54,127,109,99,60,50" hai1="89,128,1,92,105,30,52,23,115,19,102,94,15" hai2="39,129,77,110,124,70,79,66,106,119,27,17,97" hai3="61,123,107,65,20,68,73,14,75,10,31,49,3"/><W112/><G123/><N who="0" m="47147" /><D99/><U74/><E1/><V116/><F110/><N who="0" m="42602" /><D100/><U7/><E74/><V22/><F129/><W16/><G107/><T59/><D127/><U42/><E42/><V118/><F124/><W82/><G112/><T101/><D101/><U69/><E69/><V45/><F106/><W131/><G131/><AGARI ba="1,1" hai="50,54,58,59,60,64,130,131" m="42602,47147" machi="131" ten="40,2600,0" yaku="34,2" doraHai="13" who="0" fromWho="3" sc="294,39,122,0,315,0,259,-29" owari="333,43.0,122,-38.0,315,12.0,230,-17.0" /></mjloggm>