<mjloggm ver="2.3"><GO type="169"/><UN n0="%E3%83%AD%E3%83%AA%E3%83%BC%E3%82%BF%E3%81%AA%E7%84%BC%E8%82%89" n1="%E3%81%AF%E3%81%AA%E3%81%B3" n2="%EF%BC%88%E2%89%A7%E2%96%BD%E2%89%A6%EF%BC%89" n3="%E3%81%98%E3%82%83%E3%82%80%E2%99%AD" dan="16,16,17,16" rate="2088,2101,2142,2057" sx="M,M,M,M"/><TAIKYOKU oya="0"/><INIT seed="0,0,0,0,1,21" ten="250,250,250,250" oya="0" hai0="83,122,74,52,78,34,59,82,127,98,10,125,8" hai1="28,18,58,124,4,94,107,97,54,57,108,115,6" hai2="48,22,99,88,55,24,70,53,72,110,7,96,49" hai3="30,17,129,69,56,37,32,86,95,31,45,80,81"/><T5/><D122/><U39/><E108/><V128/><F72/><W62/><G69/><T50/><D34/><U33/><E124/><V135/><F70/><W132/><G132/><T26/><D83/><U92/><E107/><V43/><F135/><W103/><G129/><T90/><D26/><U44/><E115/><V13/><F43/><W109/><G109/><T73/><D73/><U75/><E75/><V121/><F121/><W133/><G133/><T36/><D36/><U101/><E18/><V100/><F100/><W87/><G17/><T25/><D25/><U126/><E126/><N who="0" m="48137" /><D5/><U35/><E92/><AGARI ba="0,0" hai="8,10,50,52,59,74,78,82,90,92,98" m="48137" machi="92" ten="30,2900,0" yaku="18,1,54,1" doraHai="21" who="0" fromWho="1" sc="250,29,250,-29,250,0,250,0" /><INIT seed="0,1,0,0,0,50" ten="279,221,250,250" oya="0" hai0="87,54,68,12,106,76,20,6,96,23,94,40,120" hai1="8,36,133,41,88,109,43,132,27,0,37,78,31" hai2="85,69,35,1,59,57,60,15,81,42,46,18,63" hai3="48,92,93,117,79,128,51,100,129,104,111,119,116"/><T33/><D68/><U110/><E78/><V127/><F35/><W19/><G111/><N who="1" m="42506" /><E0/><V66/><F1/><W101/><G79/><T32/><D106/><U65/><E8/><V39/><F127/><W72/><G72/><T28/><D120/><U126/><E65/><V5/><F5/><W83/><G83/><T34/><D40/><N who="1" m="15435" /><E88/><V67/><F69/><W45/><G19/><T53/><D76/><U107/><E107/><V113/><F113/><W115/><G115/><T108/><D87/><U103/><E103/><N who="3" m="39498" /><G104/><T22/><D108/><U30/><E126/><V24/><F24/><W56/><G56/><T3/><D3/><U2/><E2/><V4/><F4/><W125/><G125/><T26/><D6/><U58/><E58/><V95/><F95/><N who="3" m="36427" /><G45/><T13/><D26/><U29/><E27/><V62/><F62/><W131/><AGARI ba="1,0" hai="48,51,116,117,119,128,129,131" m="36427,39498" machi="131" ten="50,6400,0" yaku="28,2,19,1" doraHai="50" who="3" fromWho="3" sc="279,-33,221,-17,250,-17,250,67" /><INIT seed="1,0,0,5,2,71" ten="246,204,233,317" oya="1" hai0="67,14,2,17,25,93,131,45,84,87,103,73,47" hai1="118,94,28,10,127,88,46,90,105,70,109,82,114" hai2="81,83,5,0,132,76,80,37,60,124,18,108,78" hai3="85,54,32,62,51,13,44,38,134,7,121,68,135"/><U49/><E114/><V21/><F132/><N who="3" m="50731" /><G32/><T53/><D73/><U69/><E118/><V111/><F124/><W120/><G85/><T50/><D2/><U59/><E105/><V110/><F60/><W79/><G79/><T123/><D123/><U36/><E127/><V34/><F34/><W106/><G106/><T4/><D131/><U112/><E112/><V41/><F5/><W58/><G7/><T128/><D128/><U29/><E36/><V8/><F8/><W101/><G13/><T9/><D67/><U15/><E59/><V12/><REACH who="2" step="1"/><F0/><REACH who="2" ten="246,204,223,317" step="2"/><W16/><G120/><T65/><D4/><U126/><E126/><V125/><F125/><W89/><G121/><T133/><D9/><U119/><E119/><V100/><F100/><W42/><G101/><T11/><D133/><U39/><E10/><V97/><F97/><W61/><G68/><T122/><D122/><U75/><E70/><V66/><F66/><W74/><G62/><T23/><D65/><U33/><E69/><V27/><F27/><W72/><G61/><T102/><D102/><U86/><E33/><V113/><F113/><W98/><G98/><N who="0" m="59855" /><D11/><U129/><E129/><V19/><F19/><W1/><G1/><T3/><D25/><U31/><E15/><V56/><F56/><W40/><G58/><N who="0" m="33079" /><D3/><U57/><E57/><V6/><F6/><W22/><G44/><AGARI ba="0,1" hai="14,17,23,44,45,47,84,87" m="33079,59855" machi="44" ten="30,1000,0" yaku="8,1" doraHai="71" who="0" fromWho="3" sc="246,20,204,0,223,0,317,-10" /><AGARI ba="0,0" hai="12,18,21,37,41,44,76,78,80,81,83,108,110,111" machi="44" ten="50,6400,0" yaku="1,1,14,1,52,1,53,0" doraHai="71" doraHaiUra="30" who="2" fromWho="3" sc="266,0,204,0,223,64,307,-64" /><INIT seed="2,0,0,2,3,35" ten="266,204,287,243" oya="2" hai0="134,12,21,65,89,117,27,44,86,131,133,7,100" hai1="50,6,15,119,29,2,115,34,107,94,76,123,45" hai2="77,58,109,135,118,39,16,14,11,124,108,47,93" hai3="68,70,72,51,104,62,1,52,113,87,80,33,103"/><V5/><F118/><W36/><G36/><T114/><D117/><U63/><E107/><V4/><F135/><N who="0" m="51722" /><D114/><U38/><E115/><V49/><F124/><W130/><G113/><T95/><D131/><U74/><E119/><V81/><F93/><W110/><G130/><T67/><D100/><U75/><E38/><V56/><F39/><W60/><G33/><T10/><D44/><U54/><E123/><V32/><F32/><W46/><G72/><T125/><D125/><U25/><E76/><V57/><F81/><W31/><G31/><AGARI ba="0,0" hai="7,10,12,21,27,31,65,67,86,89,95" m="51722" machi="31" ten="30,1000,0" yaku="20,1" doraHai="35" who="0" fromWho="3" sc="266,10,204,0,287,0,243,-10" /><INIT seed="3,0,0,2,2,0" ten="276,204,287,233" oya="3" hai0="55,57,31,105,72,76,125,91,78,9,5,121,111" hai1="124,93,115,107,94,89,128,28,52,119,62,97,56" hai2="59,1,11,6,13,103,77,88,41,48,24,53,26" hai3="51,101,17,49,90,99,116,23,63,133,81,117,74"/><W87/><G133/><T45/><D105/><U109/><E115/><V79/><F1/><W66/><G74/><T54/><D121/><U132/><E109/><V14/><F103/><W82/><G82/><T123/><D123/><U129/><E107/><V67/><F67/><W36/><G36/><T21/><D111/><U69/><E119/><V42/><F14/><W46/><G46/><T85/><D125/><U10/><E132/><V134/><F134/><W61/><G116/><T47/><D72/><U75/><E75/><V25/><REACH who="2" step="1"/><F88/><REACH who="2" ten="276,204,277,233" step="2"/><W22/><G66/><T96/><D91/><U65/><E124/><V118/><F118/><W8/><G117/><T7/><D96/><U95/><E129/><V20/><F20/><W84/><G99/><T112/><D112/><U43/><E128/><V108/><F108/><W131/><G131/><T4/><D9/><U100/><E89/><V40/><AGARI ba="0,1" hai="6,11,13,24,25,26,40,41,42,48,53,59,77,79" machi="40" ten="30,8000,1" yaku="1,1,0,1,8,1,52,1,53,1" doraHai="0" doraHaiUra="44" who="2" fromWho="2" sc="276,-20,204,-20,277,90,233,-40" /><INIT seed="4,0,0,1,5,123" ten="256,184,367,193" oya="0" hai0="57,19,81,31,0,22,98,60,35,55,114,106,49" hai1="7,132,133,40,4,10,97,79,111,99,26,112,33" hai2="67,23,101,104,66,9,78,131,105,134,34,46,82" hai3="116,27,73,50,107,91,41,120,17,103,39,65,94"/><T11/><D114/><U96/><E40/><V47/><F34/><W36/><G116/><T29/><D35/><U6/><E112/><V3/><F3/><W51/><G73/><T71/><D81/><U102/><E102/><V117/><F117/><W110/><G120/><T119/><D119/><U52/><E79/><V21/><F9/><W38/><G65/><T53/><D98/><U24/><E10/><V68/><F82/><W93/><G107/><T5/><D106/><U125/><E125/><V87/><F87/><W121/><G121/><T25/><REACH who="0" step="1"/><D71/><REACH who="0" ten="246,184,367,193" step="2"/><U58/><E33/><V18/><F68/><W62/><G94/><T48/><D48/><U32/><E32/><V85/><F104/><W113/><G113/><T109/><D109/><U95/><E95/><V70/><F70/><W115/><G115/><T126/><D126/><U90/><E111/><V108/><F105/><W44/><G110/><T37/><D37/><U45/><E132/><V122/><F108/><W92/><G92/><T20/><D20/><U83/><E133/><V130/><F134/><W12/><G51/><T75/><D75/><U72/><E72/><V64/><F122/><W74/><G74/><T13/><D13/><U2/><E2/><V16/><F23/><W61/><G12/><T128/><D128/><U69/><E69/><V100/><F131/><W86/><G103/><N who="2" m="39497" /><F130/><W56/><G39/><T14/><D14/><U84/><REACH who="1" step="1"/><E45/><AGARI ba="0,1" hai="0,5,11,19,22,25,29,31,45,49,53,55,57,60" machi="45" ten="30,2900,0" yaku="1,1,7,1,53,0" doraHai="123" doraHaiUra="118" who="0" fromWho="1" sc="246,39,184,-29,367,0,193,0" /><INIT seed="4,1,0,1,1,130" ten="285,155,367,193" oya="0" hai0="115,77,45,31,65,52,79,135,69,17,131,15,18" hai1="107,39,63,67,76,127,118,73,126,84,59,27,56" hai2="96,21,108,122,128,97,0,55,83,74,81,44,99" hai3="50,36,5,88,34,8,71,132,90,98,16,62,23"/><T85/><D131/><U58/><E73/><V117/><F0/><W91/><G36/><T123/><D123/><U125/><E107/><V38/><F122/><W109/><G34/><T28/><D115/><U87/><E118/><V72/><F108/><W124/><G109/><T61/><D135/><U134/><E76/><V20/><F128/><W33/><G33/><T14/><D79/><U25/><E39/><V95/><F117/><W35/><G35/><T120/><D120/><U4/><E4/><V80/><F95/><W111/><G111/><T40/><D17/><U92/><E134/><V48/><F38/><W116/><G116/><T104/><D104/><U86/><REACH who="1" step="1"/><E92/><REACH who="1" ten="285,145,367,193" step="2"/><V19/><F74/><W64/><G132/><T24/><D77/><U9/><E9/><V47/><F72/><W110/><G110/><T3/><D3/><U114/><E114/><V6/><F6/><W102/><G8/><T133/><D133/><U106/><E106/><V121/><F121/><W1/><G1/><T60/><D69/><AGARI ba="1,1" hai="25,27,56,58,59,63,67,69,84,86,87,125,126,127" machi="69" ten="50,8000,1" yaku="1,1,29,2,18,1,53,0" doraHai="130" doraHaiUra="29" who="1" fromWho="0" sc="285,-83,145,93,367,0,193,0" /><INIT seed="5,0,0,4,2,77" ten="202,238,367,193" oya="1" hai0="67,1,37,11,70,98,100,48,104,96,90,62,39" hai1="15,115,109,52,106,54,89,4,6,135,92,125,132" hai2="124,36,38,8,91,14,49,134,71,118,79,83,44" hai3="85,17,65,19,101,87,10,20,0,64,84,59,113"/><U86/><E106/><V130/><F118/><W56/><G101/><T2/><D48/><U66/><E115/><V103/><F71/><W41/><G41/><T12/><D96/><U97/><E125/><V68/><F68/><W129/><G113/><T50/><D50/><U107/><E66/><V80/><F124/><W3/><G129/><T74/><D90/><U111/><E107/><V69/><F69/><W42/><G42/><T55/><D55/><N who="1" m="21035" /><E97/><V31/><F31/><W30/><G30/><T45/><D74/><U123/><E123/><V81/><F130/><W61/><G10/><T58/><D58/><U25/><E25/><V53/><F134/><N who="1" m="51241" /><E15/><V112/><F112/><W46/><G46/><T9/><D45/><U43/><E43/><V72/><F103/><W32/><G32/><T63/><D63/><U110/><AGARI ba="0,0" hai="4,6,86,89,92,109,110,111" m="51241,21035" machi="110" ten="40,7800,0" yaku="10,1,20,1,54,1" doraHai="77" who="1" fromWho="1" sc="202,-26,238,78,367,-26,193,-26" /><INIT seed="5,1,0,3,4,49" ten="176,316,341,167" oya="1" hai0="86,59,118,50,111,0,107,61,33,24,13,8,62" hai1="38,80,106,17,117,72,44,29,37,43,9,87,11" hai2="104,128,58,3,133,35,90,16,134,130,47,127,63" hai3="46,121,135,77,66,131,42,26,79,110,30,95,39"/><U125/><E117/><V114/><F3/><W122/><G110/><T74/><D107/><U105/><E125/><V81/><F104/><W12/><G131/><N who="2" m="50217" /><F35/><W113/><G135/><N who="2" m="51721" /><F114/><W2/><G113/><T101/><D74/><U102/><E38/><V5/><F5/><W97/><G2/><T14/><D118/><U103/><E72/><V116/><F116/><W23/><G66/><T40/><D111/><U6/><E29/><V31/><F31/><W92/><G12/><T88/><D101/><U20/><E105/><V100/><F100/><W132/><G132/><T119/><D119/><U76/><E106/><V67/><F47/><W27/><G27/><T53/><D0/><U99/><E99/><V89/><F127/><W71/><G95/><N who="0" m="54679" /><D33/><U25/><REACH who="1" step="1"/><E11/><REACH who="1" ten="176,306,341,167" step="2"/><V36/><F36/><W41/><G39/><T126/><D126/><U21/><E21/><V22/><F81/><W93/><G23/><T94/><D8/><U10/><E10/><V54/><F67/><W108/><G108/><T96/><D96/><U32/><E32/><V129/><F129/><W64/><G97/><T19/><D94/><U48/><E48/><V70/><F70/><W98/><G92/><T112/><D112/><U84/><E84/><V60/><F60/><W83/><G71/><T34/><D62/><U45/><E45/><V52/><F63/><W91/><G64/><T69/><D34/><U28/><E28/><V68/><F68/><W51/><G30/><T55/><D69/><U18/><E18/><V4/><F22/><W124/><G124/><T109/><D19/><U82/><E82/><RYUUKYOKU ba="1,1" sc="176,-10,306,30,341,-10,167,-10" hai1="6,9,17,20,25,37,43,44,76,80,87,102,103" /><INIT seed="5,2,1,5,1,24" ten="166,336,331,157" oya="1" hai0="13,102,72,101,42,15,75,9,65,45,62,10,48" hai1="59,18,124,43,29,5,77,73,56,55,16,79,86" hai2="8,19,53,106,115,108,1,91,116,96,49,14,26" hai3="114,46,121,6,98,100,103,74,118,78,126,51,64"/><U122/><E122/><V57/><F116/><W11/><G121/><T2/><D2/><U44/><E73/><V36/><F108/><W33/><G33/><T133/><D133/><U94/><E124/><V22/><F36/><W21/><G126/><T3/><D3/><U109/><E109/><V71/><F71/><W87/><G74/><T128/><D128/><U92/><E5/><V90/><F115/><W127/><G127/><T135/><D135/><U39/><E56/><V80/><F1/><W58/><G114/><T117/><D117/><U52/><E55/><V20/><F106/><W129/><G129/><T110/><D110/><U125/><E125/><V88/><F96/><W60/><G21/><N who="2" m="8297" /><F26/><W107/><G100/><T27/><D27/><U38/><E38/><V83/><AGARI ba="2,1" hai="8,14,19,49,53,57,80,83,88,90,91" m="8297" machi="83" ten="30,2000,0" yaku="8,1,54,1" doraHai="24" who="2" fromWho="2" sc="166,-7,336,-12,331,36,157,-7" /><INIT seed="6,0,0,5,0,91" ten="159,324,367,150" oya="2" hai0="71,16,32,59,74,69,10,120,79,112,13,134,5" hai1="135,115,118,21,11,78,117,63,133,128,49,55,39" hai2="68,9,87,34,14,56,20,125,86,124,119,57,129" hai3="132,72,121,61,70,73,38,42,43,26,27,116,45"/><V111/><F34/><W77/><G116/><N who="1" m="44650" /><E78/><V4/><F68/><W18/><G121/><T44/><D32/><U51/><E21/><V41/><F119/><W93/><G132/><N who="1" m="50762" /><E11/><V84/><F129/><W64/><G42/><T46/><D134/><U113/><E39/><V105/><F105/><W107/><G107/><T109/><D120/><U17/><E17/><V76/><F76/><W67/><G67/><T35/><D16/><U52/><E63/><V85/><F111/><W110/><G110/><T94/><D109/><U123/><E128/><V28/><F41/><W102/><G77/><T37/><D35/><U82/><E82/><V75/><F75/><W103/><G103/><T104/><D37/><U95/><E95/><V81/><F81/><W88/><G102/><T23/><D94/><U130/><E130/><V101/><F101/><W54/><G27/><T25/><D104/><U7/><E7/><V1/><F1/><W48/><G26/><T62/><D74/><U97/><E97/><V98/><F98/><W127/><G18/><N who="0" m="12535" /><D79/><U40/><E40/><V36/><F36/><W83/><G83/><T106/><D106/><U2/><E2/><V131/><F131/><W33/><G33/><T8/><D8/><U114/><E123/><V53/><F85/><N who="3" m="52367" /><G73/><T29/><D29/><U47/><E114/><V30/><F20/><W22/><G22/><T15/><D112/><U92/><E92/><V12/><F28/><W108/><G72/><T3/><D3/><U31/><E31/><V122/><F30/><W50/><G108/><T60/><D10/><U100/><E100/><RYUUKYOKU ba="0,0" sc="159,-10,324,30,367,-10,150,-10" hai1="47,49,51,52,55,113,115" /><INIT seed="7,1,0,0,0,17" ten="149,354,357,140" oya="3" hai0="94,4,134,44,111,101,124,46,104,80,125,20,106" hai1="61,108,5,26,123,132,3,53,60,91,96,112,95" hai2="71,68,70,56,77,24,74,82,92,1,89,33,122" hai3="38,19,93,0,13,105,64,79,72,15,62,67,57"/><W45/><G0/><T22/><D111/><U115/><E108/><V121/><F1/><W100/><G105/><N who="0" m="40555" /><D80/><U2/><E132/><V47/><F47/><N who="0" m="17962" /><D4/><U90/><E123/><N who="2" m="47115" /><F56/><W116/><G116/><T34/><D34/><U127/><E127/><N who="0" m="48713" /><D134/><U29/><E90/><V16/><F33/><W49/><G38/><T12/><D12/><U27/><E27/><V8/><F24/><W103/><G72/><T113/><D113/><N who="1" m="43595" /><E5/><V28/><F89/><W6/><G79/><T129/><D129/><U110/><E110/><V63/><F77/><W37/><G37/><T120/><D120/><U7/><E7/><V119/><F82/><W41/><G6/><T118/><D118/><U107/><E107/><V52/><F74/><W75/><G75/><T78/><D78/><U30/><E30/><V133/><F28/><W76/><G76/><T11/><D11/><U10/><E10/><V48/><F133/><W102/><G67/><T126/><N who="0" m="48721" /><T35/><DORA hai="65" /><D35/><N who="1" m="20919" /><E61/><V131/><F131/><W98/><REACH who="3" step="1"/><G15/><REACH who="3" ten="149,354,357,130" step="2"/><T86/><D86/><U55/><E2/><V83/><F119/><W18/><G18/><T32/><D32/><U58/><E3/><V88/><F16/><W59/><G59/><T66/><D66/><AGARI ba="1,1" hai="53,55,58,60,66,91,95,96" m="20919,43595" machi="66" ten="30,1000,0" yaku="15,1" doraHai="17,65" who="1" fromWho="0" sc="149,-13,354,23,357,0,130,0" owari="136,-26.0,377,47.0,357,16.0,130,-37.0" /></mjloggm>