<mjloggm ver="2.3"><GO type="41"/><UN n0="%E3%81%AE%E3%81%A3%E3%81%A9%E3%81%A1" n1="%E5%A4%A2%E8%BF%BD%E4%BA%BA" n2="%EF%BC%88%E2%89%A7%E2%96%BD%E2%89%A6%EF%BC%89" n3="%E3%81%BE%E3%81%95%E3%82%8B%EF%BC%91%EF%BC%90%EF%BC%91%EF%BC%90" dan="14,14,15,15" rate="1966,2053,2003,1960" sx="M,M,F,M"/><TAIKYOKU oya="0"/><INIT seed="0,0,0,1,4,99" ten="250,250,250,250" oya="0" hai0="31,70,34,130,74,100,28,5,69,110,71,97,80" hai1="42,13,49,117,88,47,78,127,65,27,77,57,16" hai2="30,0,9,36,23,8,75,85,121,20,51,83,66" hai3="4,18,101,128,17,92,29,131,76,44,84,93,59"/><T10/><D130/><U79/><E117/><V112/><F36/><W126/><G29/><T37/><D37/><U6/><E127/><V11/><F121/><W94/><G4/><T91/><D34/><U3/><E3/><V109/><F112/><W81/><G44/><T67/><D67/><U102/><E27/><V120/><F120/><W72/><G59/><T52/><D110/><U60/><E6/><V73/><F109/><W123/><G17/><T129/><D129/><N who="3" m="49737" /><G18/><T54/><D28/><U115/><E115/><V82/><F0/><W45/><G45/><T68/><D31/><U24/><E24/><V63/><F51/><W58/><G58/><T98/><D98/><U119/><E119/><V12/><F12/><W124/><G123/><T32/><D32/><U133/><E133/><V56/><F82/><N who="3" m="45319" /><G101/><T35/><D35/><U108/><E108/><V125/><F30/><W33/><G33/><T21/><D21/><U2/><E2/><V111/><F111/><W48/><G48/><T14/><N who="0" m="17408" /><DORA hai="89" /><T7/><D7/><U40/><E102/><V105/><F23/><W25/><G25/><T122/><D122/><U53/><E42/><V96/><F20/><W134/><G134/><T118/><D118/><U116/><E116/><V55/><F8/><W132/><G132/><T43/><D43/><U87/><E40/><V95/><F9/><W104/><G104/><T86/><REACH who="0" step="1"/><D74/><REACH who="0" ten="240,250,250,250" step="2"/><U135/><E135/><V114/><F73/><W39/><G39/><T106/><AGARI ba="0,1" hai="5,10,14,52,54,80,86,91,97,100,106" m="17408" machi="106" ten="60,18000,2" yaku="1,1,2,1,0,1,52,1,54,1,53,1" doraHai="99,89" doraHaiUra="103,46" who="0" fromWho="0" sc="240,190,250,-60,250,-60,250,-60" /><INIT seed="0,1,0,4,2,9" ten="430,190,190,190" oya="0" hai0="38,27,74,131,105,80,33,17,20,59,14,40,54" hai1="121,119,84,99,70,32,135,25,87,114,3,62,67" hai2="31,36,29,123,5,101,26,104,46,89,47,129,24" hai3="128,68,2,93,45,34,100,61,90,124,71,18,91"/><T16/><D105/><U78/><E3/><V107/><F123/><W92/><G2/><T35/><D131/><U77/><E121/><V109/><F129/><W7/><G34/><T133/><D133/><U49/><E119/><V58/><F109/><W113/><G7/><T130/><D130/><U94/><E135/><V57/><F89/><W96/><G113/><T125/><D125/><U22/><E32/><V28/><F5/><W120/><G120/><T0/><D0/><U97/><E97/><V73/><F73/><W66/><G128/><T39/><D40/><U115/><E49/><V1/><F1/><W102/><G124/><T64/><D64/><U126/><E78/><V51/><F36/><W4/><G4/><T110/><D33/><U112/><E77/><V75/><F75/><W106/><G106/><N who="2" m="40489" /><F51/><W60/><G45/><N who="2" m="16905" /><F101/><W48/><G48/><T43/><D110/><U63/><E63/><V69/><F69/><W116/><G116/><T83/><D74/><U37/><E37/><N who="0" m="13833" /><D43/><U103/><E126/><V81/><F81/><W15/><G61/><N who="0" m="36087" /><D35/><U98/><E99/><V127/><F127/><W95/><G71/><T56/><D56/><AGARI ba="1,0" hai="24,26,28,29,31,56,57,58" m="16905,40489" machi="56" ten="40,2600,0" yaku="28,2" doraHai="9" who="2" fromWho="0" sc="430,-29,190,0,190,29,190,0" /><INIT seed="1,0,0,5,4,8" ten="401,190,219,190" oya="1" hai0="84,93,105,127,29,12,57,3,51,83,91,54,122" hai1="135,18,128,16,21,0,38,9,36,63,30,35,11" hai2="2,69,113,62,114,31,46,27,4,5,74,34,123" hai3="107,118,55,58,68,98,44,50,131,17,41,79,49"/><U77/><E77/><V23/><F123/><W19/><G118/><T43/><D3/><U78/><E78/><V119/><F119/><W75/><G68/><T10/><D105/><U100/><E100/><V134/><F74/><W14/><G131/><T65/><D122/><U15/><E63/><V110/><F134/><W82/><G107/><T37/><D127/><U94/><E94/><V25/><F46/><W108/><G108/><T33/><D65/><U61/><E61/><V70/><F70/><W86/><G98/><T87/><D37/><U52/><E135/><V89/><F89/><W13/><G75/><T97/><D43/><U103/><E103/><V90/><F90/><W95/><G95/><T59/><D59/><U111/><E38/><V88/><F88/><W124/><G124/><T76/><D29/><U45/><E36/><V56/><F69/><W120/><G120/><T121/><D33/><U116/><E45/><V130/><F130/><W101/><G101/><T73/><REACH who="0" step="1"/><D121/><REACH who="0" ten="391,190,219,190" step="2"/><U28/><E128/><V117/><F2/><W47/><G58/><T126/><D126/><U39/><E39/><V22/><F56/><W48/><G48/><T1/><D1/><U96/><E116/><V92/><F117/><W129/><G129/><T32/><D32/><U81/><E35/><V7/><F34/><W6/><G41/><T133/><D133/><U132/><E132/><V106/><F106/><W85/><G55/><T72/><D72/><U26/><E0/><V71/><F71/><W66/><G50/><T40/><D40/><U20/><E52/><V60/><F113/><RYUUKYOKU ba="0,1" sc="391,30,190,-10,219,-10,190,-10" hai0="10,12,51,54,57,73,76,83,84,87,91,93,97" /><INIT seed="2,1,1,4,2,7" ten="421,180,209,180" oya="2" hai0="18,17,83,61,106,97,76,30,24,133,77,122,4" hai1="38,29,119,75,71,57,131,74,79,35,23,125,25" hai2="104,87,33,13,89,58,2,124,50,44,52,69,121" hai3="3,78,135,36,41,28,108,66,72,132,6,53,10"/><V67/><F121/><W40/><G53/><T117/><D122/><U32/><E71/><V34/><F124/><W129/><G41/><T16/><D133/><N who="3" m="51273" /><G28/><T107/><D117/><U93/><E38/><V5/><F104/><W65/><G65/><T103/><D107/><U111/><E125/><V46/><F2/><W88/><G66/><T9/><D61/><U14/><E119/><V98/><F69/><W96/><G96/><T47/><D47/><N who="2" m="17962" /><F33/><W39/><G40/><T109/><D109/><U42/><E111/><V126/><F34/><W62/><G62/><T116/><D116/><U27/><E42/><V82/><F126/><W92/><G108/><T31/><D24/><U80/><E35/><V1/><F1/><W127/><G127/><T120/><D120/><U105/><E32/><V134/><F134/><W115/><G115/><T54/><D54/><U37/><E37/><V0/><F0/><W81/><G129/><T85/><REACH who="0" step="1"/><D77/><REACH who="0" ten="411,180,209,180" step="2"/><U26/><E79/><V118/><F118/><W19/><G78/><T130/><D130/><U110/><E131/><V43/><F67/><W91/><G72/><T114/><D114/><U12/><E110/><V22/><F43/><W48/><G39/><T70/><D70/><U20/><E75/><V123/><F123/><W49/><G36/><T99/><D99/><U112/><E74/><V101/><F98/><W94/><G49/><T113/><D113/><U45/><E112/><V63/><F50/><W128/><G48/><T95/><D95/><U73/><E73/><V15/><F63/><W90/><G128/><T11/><D11/><RYUUKYOKU ba="1,2" sc="411,30,180,-10,209,-10,180,-10" hai0="4,9,16,17,18,30,31,76,83,85,97,103,106" /><INIT seed="3,2,2,3,0,69" ten="441,170,199,170" oya="3" hai0="36,70,117,44,93,51,126,112,99,24,96,88,66" hai1="47,62,65,114,39,48,133,40,89,129,20,78,134" hai2="132,26,102,97,16,76,127,14,3,50,77,55,37" hai3="41,9,80,92,30,38,58,11,56,81,59,111,6"/><W42/><G111/><T73/><D117/><U7/><E78/><V31/><F3/><W108/><G108/><T84/><D73/><U13/><E114/><V15/><F132/><W17/><G30/><T29/><D112/><U90/><E129/><V125/><F31/><W21/><G92/><T116/><D116/><U12/><E7/><V54/><F26/><W60/><G60/><T85/><D126/><N who="2" m="48138" /><F37/><W128/><G128/><T94/><D36/><U79/><E79/><N who="2" m="30283" /><F50/><W0/><G11/><T52/><D66/><U4/><E48/><V87/><F87/><W109/><G109/><T8/><D8/><U122/><E4/><V34/><F34/><W124/><G124/><T22/><D70/><U33/><E33/><V118/><F118/><W25/><REACH who="3" step="1"/><G42/><REACH who="3" ten="441,170,199,160" step="2"/><T130/><D130/><U61/><E61/><V101/><F101/><AGARI ba="2,3" hai="22,24,29,44,51,52,84,85,88,93,94,96,99,101" machi="101" ten="30,7700,0" yaku="7,1,8,1,54,2" doraHai="69" who="0" fromWho="2" sc="441,113,170,0,199,-83,160,0" /><INIT seed="4,0,0,5,4,50" ten="554,170,116,160" oya="0" hai0="64,9,69,114,93,129,7,77,48,92,29,23,126" hai1="1,24,6,43,21,127,96,31,57,11,27,10,125" hai2="15,72,39,33,12,134,101,98,58,88,76,100,66" hai3="124,87,53,74,20,65,67,56,86,62,80,40,19"/><T16/><D29/><U119/><E43/><V3/><F39/><W71/><G124/><T30/><D126/><N who="1" m="48139" /><E96/><V59/><F3/><W123/><G123/><T55/><D30/><N who="1" m="17679" /><E57/><N who="2" m="21515" /><F33/><W44/><G74/><T70/><D77/><U51/><E51/><V91/><F72/><W82/><G87/><T121/><D114/><U60/><E60/><V35/><F35/><W122/><G122/><T106/><D129/><U111/><E111/><V37/><F37/><W83/><G86/><T26/><D106/><U18/><E119/><V94/><F134/><W63/><G63/><T97/><D121/><U8/><E18/><V28/><F28/><W110/><G110/><T112/><D112/><U89/><E89/><N who="2" m="55631" /><F76/><W25/><REACH who="3" step="1"/><G71/><REACH who="3" ten="554,170,116,150" step="2"/><T133/><D70/><U5/><E1/><V47/><F66/><W131/><G131/><T108/><D64/><U135/><E135/><V107/><F47/><W118/><G118/><T34/><D69/><U4/><E4/><V73/><F73/><W79/><G79/><T14/><D133/><U81/><E81/><V46/><F46/><W128/><G128/><T116/><D7/><U130/><E130/><V103/><F107/><W13/><G13/><AGARI ba="0,1" hai="12,13,15,88,91,100,101,103" m="55631,21515" machi="13" ten="30,2000,0" yaku="8,1,54,1" doraHai="50" who="2" fromWho="3" sc="554,0,170,0,116,30,150,-20" /><INIT seed="5,0,0,3,5,33" ten="554,170,146,130" oya="1" hai0="61,96,129,80,94,55,6,113,7,47,59,69,0" hai1="39,121,67,45,74,131,14,63,81,27,107,124,17" hai2="28,103,60,19,132,43,92,127,12,2,13,88,117" hai3="76,64,32,70,22,119,112,46,9,130,65,21,51"/><U29/><E107/><V30/><F117/><W123/><G32/><T134/><D113/><U83/><E121/><V16/><F132/><W125/><G119/><T86/><D134/><U89/><E124/><V105/><F127/><W110/><G123/><T90/><D129/><U102/><E131/><V36/><F2/><W118/><G118/><T35/><D35/><U25/><E102/><V34/><F34/><W53/><G125/><T108/><D108/><U93/><E74/><V97/><F36/><W100/><G130/><T54/><D0/><U73/><E73/><V79/><F43/><W104/><G112/><T135/><D69/><U48/><E39/><V114/><F114/><W91/><G110/><T98/><D135/><U95/><E63/><V3/><F3/><W85/><G104/><T40/><D55/><U31/><E67/><V49/><F79/><W78/><G100/><T20/><D20/><U42/><E93/><N who="2" m="58799" /><F49/><W24/><G9/><T62/><D62/><U23/><E29/><N who="2" m="11371" /><F60/><W15/><G15/><N who="2" m="5705" /><F105/><W50/><G50/><N who="0" m="26983" /><D98/><AGARI ba="0,0" hai="16,19,88,92,98" m="5705,11371,58799" machi="98" ten="30,3900,0" yaku="8,1,54,2" doraHai="33" who="2" fromWho="0" sc="554,-39,170,0,146,39,130,0" /><INIT seed="6,0,0,0,5,105" ten="515,170,185,130" oya="2" hai0="67,28,74,0,37,50,10,4,102,131,43,81,73" hai1="120,49,83,93,1,97,134,69,42,30,13,52,45" hai2="114,12,46,6,51,110,94,71,24,89,5,11,26" hai3="70,40,76,25,121,63,101,84,126,87,125,100,53"/><V133/><F114/><W68/><G40/><T72/><D50/><U15/><E120/><V31/><F71/><W61/><G25/><T9/><D28/><U17/><E1/><V64/><F64/><W88/><G76/><N who="0" m="44167" /><D131/><U19/><E69/><V104/><F104/><W35/><G35/><T22/><D22/><U99/><E134/><V7/><F133/><W41/><G41/><T59/><D102/><U111/><E30/><V98/><F110/><W60/><G53/><T108/><D10/><U130/><E111/><V18/><REACH who="2" step="1"/><F31/><REACH who="2" ten="515,170,175,130" step="2"/><W78/><G70/><T122/><D108/><U85/><E130/><V91/><F91/><W23/><G68/><T95/><D122/><U128/><E128/><V27/><F27/><W119/><G121/><T33/><D67/><U107/><E107/><V113/><F113/><W80/><G125/><T77/><D77/><U55/><E19/><V32/><F32/><W123/><G126/><T47/><D33/><U116/><E17/><V103/><F103/><W92/><G123/><T124/><D124/><U66/><E66/><V58/><F58/><W34/><G34/><T82/><D59/><U48/><E116/><V56/><F56/><W129/><G119/><T65/><D65/><U127/><E127/><V38/><F38/><W75/><G129/><T2/><D37/><U57/><E57/><V115/><F115/><W16/><G101/><T109/><D109/><U117/><E117/><V112/><F112/><W96/><G100/><T29/><D29/><U135/><E135/><V132/><F132/><W44/><G44/><T118/><D47/><RYUUKYOKU ba="0,1" sc="515,-15,170,-15,175,15,130,15" hai2="5,6,7,11,12,18,24,26,46,51,89,94,98" hai3="16,23,60,61,63,75,78,80,84,87,88,92,96" /><INIT seed="6,1,1,1,3,51" ten="500,155,190,145" oya="2" hai0="76,31,9,0,50,87,66,13,43,90,42,80,103" hai1="4,74,109,105,54,6,28,94,73,1,78,121,104" hai2="22,88,95,93,130,25,60,63,70,40,86,20,91" hai3="111,81,3,101,132,35,131,14,44,10,33,125,97"/><V59/><F130/><W17/><G111/><T120/><D0/><U55/><E28/><V32/><F40/><W75/><G131/><T115/><D120/><U112/><E94/><V107/><F107/><W49/><G3/><T27/><D115/><U126/><E1/><V83/><F70/><W52/><G125/><T65/><D103/><U128/><E128/><V61/><F32/><W82/><G132/><T124/><D124/><U113/><E126/><V117/><F117/><W34/><REACH who="3" step="1"/><G75/><REACH who="3" ten="500,155,190,135" step="2"/><T46/><D42/><U57/><E109/><V106/><F106/><AGARI ba="1,2" hai="10,14,17,33,34,35,44,49,52,81,82,97,101,106" machi="106" ten="40,8000,1" yaku="1,1,2,1,52,1,54,1,53,0" doraHai="51" doraHaiUra="122" who="3" fromWho="2" sc="500,0,155,0,190,-83,135,103" /><INIT seed="7,0,0,2,5,81" ten="500,155,107,238" oya="3" hai0="13,109,133,12,41,32,61,118,111,14,48,126,100" hai1="115,33,91,16,17,77,65,1,51,46,101,25,90" hai2="84,96,99,123,52,120,44,69,15,36,108,83,59" hai3="107,40,8,68,71,122,43,73,3,76,18,79,70"/><W131/><G122/><N who="2" m="46633" /><F108/><W11/><G18/><T103/><D118/><U93/><E1/><V116/><F69/><W9/><G107/><T19/><D32/><U98/><E115/><V0/><F0/><W7/><G3/><T22/><D61/><U102/><E77/><N who="2" m="46191" /><F116/><W63/><G63/><T66/><D126/><U119/><E119/><V4/><F36/><W27/><G27/><T72/><D72/><U64/><E33/><V95/><F44/><W29/><G29/><T24/><D133/><U37/><E37/><V112/><F112/><W135/><G135/><T5/><D66/><U60/><E65/><V124/><F124/><W6/><G73/><T26/><D26/><U113/><E113/><V67/><F67/><W78/><REACH who="3" step="1"/><G131/><REACH who="3" ten="500,155,107,228" step="2"/><T23/><D109/><U50/><E25/><V28/><F28/><W45/><G45/><N who="0" m="25647" /><D111/><U30/><E30/><V129/><F129/><W85/><G85/><T82/><D24/><U42/><E17/><V80/><F4/><AGARI ba="0,1" hai="4,6,7,8,9,11,40,43,68,70,71,76,78,79" machi="4" ten="50,12000,1" yaku="1,1,29,2,28,2,53,0" doraHai="81" doraHaiUra="54" who="3" fromWho="2" sc="500,0,155,0,107,-120,228,130" owari="500,59.0,155,-24.0,-13,-51.0,358,16.0" /></mjloggm>