<mjloggm ver="2.3"><GO type="169" lobby="0"/><UN n0="%E2%99%AA%E3%83%A2%E3%83%8E%E3%82%AF%E3%83%AD" n1="%EF%BC%88%E2%89%A7%E2%96%BD%E2%89%A6%EF%BC%89" n2="%6B%75%73%6F%6A%69%6A%69" n3="%E3%81%99%E3%81%9F%E3%81%A1%E3%81%AA%2E" dan="18,17,16,16" rate="2214.77,2151.37,2032.08,2024.81" sx="F,M,M,M"/><TAIKYOKU oya="0"/><INIT seed="0,0,0,3,0,43" ten="250,250,250,250" oya="0" hai0="52,46,28,109,55,51,82,104,80,16,89,116,59" hai1="53,33,62,129,6,73,108,119,36,45,5,135,112" hai2="64,10,44,92,72,38,125,81,121,93,103,126,11" hai3="7,115,101,107,26,97,50,123,85,12,35,105,95"/><T75/><D116/><U68/><RYUUKYOKU type="yao9" ba="0,0" sc="250,0,250,0,250,0,250,0" hai1="5,6,33,36,45,53,62,68,73,108,112,119,129,135" /><INIT seed="0,1,0,2,0,66" ten="250,250,250,250" oya="0" hai0="43,27,125,86,20,117,65,42,98,108,132,40,94" hai1="26,23,97,96,135,88,36,51,59,106,15,10,134" hai2="87,4,75,100,30,104,115,102,133,74,130,68,62" hai3="93,53,124,72,83,25,71,80,33,31,121,39,82"/><T32/><D117/><U3/><E3/><V70/><F87/><W38/><G72/><N who="2" m="27689" /><F115/><W24/><G124/><T50/><D132/><N who="1" m="50731" /><E36/><V90/><F133/><W114/><G114/><T12/><D125/><U54/><E106/><V35/><F90/><W21/><G93/><T103/><D32/><U28/><E88/><V1/><F62/><W5/><G5/><AGARI ba="1,0" hai="5,10,15,23,26,28,51,54,59,96,97" m="50731" machi="5" ten="30,1000,0" yaku="20,1" doraHai="66" who="1" fromWho="3" sc="250,0,250,13,250,0,250,-13" /><INIT seed="1,0,0,3,3,17" ten="250,263,250,237" oya="1" hai0="128,95,5,29,113,1,127,14,2,133,10,94,121" hai1="57,74,69,7,85,3,13,68,78,104,116,82,39" hai2="50,40,18,30,93,31,8,54,25,125,9,72,108" hai3="119,36,81,130,70,99,117,97,106,77,48,71,107"/><U55/><E39/><V22/><F72/><W35/><G36/><T49/><D113/><U59/><E104/><V65/><F108/><W32/><G48/><T12/><D127/><U120/><E3/><V83/><F125/><W0/><G0/><T52/><D128/><U51/><E120/><V37/><F65/><W19/><G130/><T64/><D133/><U67/><E116/><N who="3" m="44618" /><G19/><T66/><D121/><U88/><E7/><V45/><F83/><W47/><G47/><N who="0" m="27711" /><D2/><U60/><REACH who="1" step="1"/><E13/><REACH who="1" ten="250,253,250,237" step="2"/><V73/><F73/><W34/><G106/><T129/><D1/><U38/><E38/><V56/><REACH who="2" step="1"/><F93/><AGARI ba="0,1" hai="51,55,57,59,60,67,68,69,74,78,82,85,88,93" machi="93" ten="30,5800,0" yaku="1,1,7,1,54,1,53,0" doraHai="17" doraHaiUra="112" who="1" fromWho="2" sc="250,0,253,68,250,-58,237,0" /><INIT seed="1,1,0,4,0,53" ten="250,321,192,237" oya="1" hai0="2,42,10,118,61,32,18,17,87,70,81,64,65" hai1="105,95,46,113,51,97,8,100,83,16,19,54,34" hai2="130,88,114,117,6,96,48,76,84,26,93,99,127" hai3="98,92,57,63,13,41,35,120,104,102,77,47,67"/><U12/><E113/><V110/><F117/><W60/><G120/><T0/><D118/><U68/><E68/><V119/><F119/><W101/><G77/><T5/><D32/><U29/><E34/><V103/><F114/><W33/><G13/><T52/><D42/><U134/><E134/><V78/><F110/><W62/><G104/><T25/><D65/><U73/><E29/><V24/><F130/><W27/><G102/><T72/><D72/><U9/><E105/><V90/><F127/><W91/><G91/><T75/><D75/><U94/><E94/><N who="2" m="58871" /><F6/><W20/><G35/><T38/><D38/><U133/><E133/><V3/><F3/><W28/><G33/><T49/><D25/><N who="2" m="9834" /><F48/><AGARI ba="1,0" hai="20,27,28,41,47,48,57,60,62,63,67,92,98,101" machi="48" ten="30,8000,1" yaku="7,1,25,2,8,1,52,1" doraHai="53" who="3" fromWho="2" sc="250,0,321,0,192,-83,237,83" /><INIT seed="2,0,0,0,0,91" ten="250,321,109,320" oya="2" hai0="6,95,51,34,116,74,82,81,110,32,89,73,79" hai1="54,121,130,52,19,26,45,41,90,123,67,15,25" hai2="102,63,75,3,8,120,124,94,12,101,76,118,83" hai3="113,36,127,28,47,49,58,7,14,105,35,68,77"/><V43/><F120/><N who="1" m="46153" /><E67/><V42/><F118/><W115/><G105/><T62/><D110/><U70/><E70/><V29/><F124/><W24/><G68/><T135/><D135/><U72/><E72/><V99/><F3/><W80/><G127/><T65/><D116/><U84/><E130/><V86/><F29/><W23/><G36/><T133/><D133/><U30/><E41/><V109/><F109/><W131/><G58/><T103/><D103/><U44/><E44/><V107/><F63/><W71/><G71/><T21/><D6/><U5/><E5/><V31/><F31/><W114/><G131/><T111/><D111/><U66/><E66/><V122/><F122/><W37/><G37/><T106/><D106/><U104/><E104/><V0/><F0/><W50/><G47/><T27/><D51/><N who="1" m="28783" /><E54/><V22/><F22/><W97/><G97/><T17/><D65/><U46/><E46/><V134/><F134/><W117/><G117/><T119/><D119/><U61/><E30/><V64/><F64/><W93/><G7/><T16/><D62/><U96/><E96/><V98/><REACH who="2" step="1"/><F75/><REACH who="2" ten="250,321,99,320" step="2"/><N who="3" m="43071" /><G115/><T60/><D60/><U57/><E61/><V10/><F10/><W88/><G114/><T1/><D1/><U78/><E25/><V4/><AGARI ba="0,1" hai="4,8,12,42,43,76,83,86,94,98,99,101,102,107" machi="4" ten="20,7800,0" yaku="1,1,0,1,7,1,52,1,53,0" doraHai="91" doraHaiUra="20" who="2" fromWho="2" sc="250,-26,321,-26,99,88,320,-26" /><INIT seed="2,1,0,0,4,33" ten="224,295,187,294" oya="2" hai0="95,90,102,112,46,130,36,89,100,105,69,93,86" hai1="74,60,48,64,110,94,19,7,132,58,119,96,121" hai2="114,26,17,117,15,103,133,62,2,126,54,45,115" hai3="85,131,41,56,63,75,1,12,106,11,70,91,57"/><V10/><F117/><W27/><G75/><T122/><D112/><U76/><E119/><V52/><F133/><W125/><G106/><T34/><D122/><U32/><E32/><V72/><F126/><W40/><G70/><T49/><D105/><U50/><E121/><V9/><F72/><W92/><G131/><T43/><D130/><U68/><E132/><V61/><F103/><W128/><G128/><T98/><D34/><U25/><E110/><V123/><F123/><W5/><G125/><T73/><D69/><U97/><E7/><V67/><F26/><W39/><G39/><T83/><D36/><U71/><E71/><V35/><F35/><W29/><G1/><T66/><D66/><U28/><E28/><V129/><F129/><W18/><G5/><T13/><D73/><U38/><E38/><V14/><F2/><W8/><G8/><T30/><D30/><U81/><E68/><V82/><F82/><W0/><G0/><T87/><REACH who="0" step="1"/><D13/><REACH who="0" ten="214,295,187,294" step="2"/><U101/><E64/><V135/><F135/><W104/><G104/><T24/><D24/><U107/><E25/><V37/><F67/><W6/><G27/><T99/><D99/><U84/><E107/><V3/><F3/><W108/><G29/><T120/><D120/><U79/><E97/><V53/><F37/><W113/><G113/><N who="2" m="43017" /><F45/><W21/><G12/><N who="2" m="4649" /><F17/><W55/><G18/><T88/><AGARI ba="1,1" hai="43,46,49,83,86,87,88,89,90,93,95,98,100,102" machi="88" ten="20,8000,1" yaku="1,1,0,1,7,1,8,1,54,1,53,0" doraHai="33" doraHaiUra="31" who="0" fromWho="0" sc="214,93,295,-21,187,-41,294,-21" /><INIT seed="3,0,0,4,2,89" ten="307,274,146,273" oya="3" hai0="13,6,70,27,32,45,4,49,37,110,107,29,18" hai1="34,118,99,0,17,53,3,112,28,47,126,83,39" hai2="87,111,58,117,36,127,129,116,84,95,67,115,25" hai3="62,96,123,2,75,106,76,133,24,55,79,9,69"/><W21/><G123/><T7/><D70/><U131/><E112/><V109/><F36/><W104/><G133/><T10/><D107/><U134/><E134/><V61/><F115/><W74/><G74/><T90/><D110/><N who="2" m="41994" /><F25/><W78/><G75/><T57/><D37/><U135/><E47/><V92/><F129/><W97/><G104/><T15/><D57/><U100/><E83/><V65/><F127/><W12/><G2/><T71/><D71/><U130/><E3/><V48/><F48/><W16/><G106/><T93/><D15/><U72/><E53/><V52/><F65/><W77/><G77/><T44/><REACH who="0" step="1"/><D49/><REACH who="0" ten="297,274,146,273" step="2"/><U26/><E39/><V64/><F64/><W85/><G69/><T63/><D63/><U119/><E135/><V120/><F67/><W56/><REACH who="3" step="1"/><G85/><AGARI ba="0,1" hai="4,6,7,10,13,18,27,29,32,44,45,85,90,93" machi="85" ten="40,5200,0" yaku="1,1,52,1,53,1" doraHai="89" doraHaiUra="22" who="0" fromWho="3" sc="297,62,274,0,146,0,273,-52" /><INIT seed="4,0,0,4,3,46" ten="359,274,146,221" oya="0" hai0="30,101,62,29,13,17,116,108,58,122,120,24,104" hai1="35,70,134,121,105,100,80,65,9,78,43,2,135" hai2="32,6,86,7,1,133,53,99,89,102,21,128,91" hai3="55,109,51,38,52,41,23,69,59,57,22,49,40"/><T95/><D116/><U5/><E121/><V119/><F32/><W88/><G69/><T118/><D104/><U74/><E35/><V50/><F119/><W130/><G109/><T19/><D118/><U126/><E126/><V44/><F133/><N who="1" m="50697" /><E43/><V25/><F128/><W10/><G10/><T113/><D113/><U111/><E111/><V54/><F1/><W79/><G130/><T114/><D114/><U87/><E87/><V71/><F71/><W93/><G79/><T61/><D108/><U77/><E77/><V96/><F54/><W82/><G82/><T31/><D120/><U48/><E48/><V125/><F125/><W117/><G117/><T14/><D122/><U127/><E127/><V73/><F73/><W20/><G38/><T47/><D47/><U107/><E100/><V72/><F72/><W129/><G129/><T124/><D124/><U12/><E12/><V64/><F64/><W131/><G131/><T28/><D13/><U67/><E67/><V132/><F132/><W4/><G4/><T98/><D14/><U0/><E2/><V76/><F76/><W123/><G123/><T94/><D94/><U83/><E83/><V115/><F115/><W112/><G112/><T34/><REACH who="0" step="1"/><D62/><AGARI ba="0,0" hai="0,5,9,62,65,70,74,78,80,105,107" m="50697" machi="62" ten="30,2000,0" yaku="20,1,23,1" doraHai="46" who="1" fromWho="0" sc="359,-20,274,20,146,0,221,0" /><INIT seed="5,0,0,5,1,64" ten="339,294,146,221" oya="1" hai0="55,103,9,33,29,131,114,68,60,124,8,44,40" hai1="37,2,91,98,76,109,110,6,12,79,4,130,49" hai2="30,123,86,101,28,132,20,115,93,104,113,1,126" hai3="94,72,47,34,88,121,48,39,105,89,108,21,15"/><U129/><E37/><V77/><F1/><W96/><G34/><T35/><D114/><N who="2" m="43530" /><F123/><W100/><G108/><N who="1" m="41578" /><E2/><V127/><F20/><W78/><G39/><T14/><D124/><N who="2" m="47658" /><F30/><W87/><G121/><T10/><D131/><N who="1" m="50187" /><E49/><V13/><F28/><W61/><G61/><T73/><D33/><U38/><E38/><V58/><F13/><W106/><G106/><T62/><D14/><U92/><E12/><V50/><F132/><W24/><G15/><T0/><D0/><U18/><E18/><V112/><N who="2" m="43538" /><V25/><DORA hai="57" /><F25/><W133/><G133/><T134/><D134/><U116/><E116/><V119/><F119/><W71/><G24/><T75/><D29/><U67/><E67/><V17/><F17/><W19/><G19/><T102/><D35/><U74/><E74/><V52/><F104/><W5/><G5/><AGARI ba="0,0" hai="4,5,6,76,79,91,92,98" m="50187,41578" machi="5" ten="30,2900,0" yaku="10,1,19,1" doraHai="64,57" who="1" fromWho="3" sc="339,0,294,29,146,0,221,-29" /><INIT seed="5,1,0,0,0,92" ten="339,323,146,192" oya="1" hai0="128,0,53,85,117,3,28,75,132,18,35,80,9" hai1="115,47,62,95,107,126,12,89,101,111,71,96,118" hai2="33,41,5,90,127,72,36,20,27,112,10,59,91" hai3="130,93,6,135,44,79,39,31,114,17,54,48,123"/><U119/><E126/><V25/><F72/><W29/><G123/><T14/><D117/><U129/><E129/><V122/><F127/><W109/><G109/><T15/><D75/><U103/><E111/><V106/><F122/><W124/><G124/><T30/><D132/><U134/><E134/><V63/><F33/><W55/><G135/><T70/><D70/><U22/><E115/><V49/><F106/><W73/><G39/><T65/><D65/><U52/><E103/><V56/><F36/><W13/><G130/><T87/><D128/><U102/><E71/><V76/><F76/><W4/><G114/><T116/><D116/><U100/><E107/><V83/><F112/><W120/><G120/><T121/><D121/><U43/><E43/><V1/><F83/><W16/><G93/><T84/><D80/><U32/><E32/><V40/><F27/><W57/><G79/><T68/><D68/><U8/><E22/><V104/><F104/><W99/><G99/><T24/><D30/><N who="3" m="11273" /><G73/><T108/><D108/><U67/><E67/><V21/><F21/><N who="3" m="11407" /><G17/><T64/><D64/><U50/><REACH who="1" step="1"/><E62/><AGARI ba="1,0" hai="4,6,44,48,54,55,57,62" m="11407,11273" machi="62" ten="30,2000,0" yaku="8,1,54,1" doraHai="92" who="3" fromWho="1" sc="339,0,323,-23,146,0,192,23" /><INIT seed="6,0,0,2,3,133" ten="339,300,146,215" oya="2" hai0="56,107,50,67,122,89,37,74,78,132,17,49,15" hai1="88,116,72,32,110,48,9,39,75,93,81,64,106" hai2="99,10,30,44,100,27,40,119,16,105,42,108,135" hai3="91,80,66,38,33,117,26,35,58,123,29,22,51"/><V76/><F119/><W92/><G117/><T125/><D122/><U12/><E39/><V18/><F135/><W68/><G123/><T103/><D37/><U85/><E116/><V69/><F69/><W70/><G38/><T128/><D132/><U23/><E32/><V95/><F108/><W131/><G131/><T63/><D128/><U90/><E106/><V25/><F76/><W19/><G80/><T101/><D125/><U7/><E64/><V120/><F120/><W53/><G66/><T79/><D89/><U54/><E23/><V77/><F77/><N who="0" m="29194" /><D107/><U111/><E111/><V87/><F27/><W109/><G109/><T73/><D73/><U121/><E121/><V5/><F105/><W28/><G35/><T20/><D74/><U98/><REACH who="1" step="1"/><E110/><REACH who="1" ten="339,290,146,215" step="2"/><V34/><F87/><W118/><G118/><T57/><D57/><AGARI ba="0,1" hai="7,9,12,48,54,57,72,75,81,85,88,90,93,98" machi="57" ten="30,8000,1" yaku="1,1,2,1,7,1,54,1,53,1" doraHai="133" doraHaiUra="11" who="1" fromWho="0" sc="339,-80,290,90,146,0,215,0" /><INIT seed="7,0,0,4,4,2" ten="259,380,146,215" oya="3" hai0="96,95,34,4,111,36,63,42,82,122,51,32,58" hai1="50,61,65,113,62,53,97,48,103,19,119,6,56" hai2="85,81,116,98,72,1,104,52,35,102,77,47,93" hai3="91,120,78,132,41,89,86,126,22,21,25,109,16"/><W40/><G120/><T27/><D36/><U3/><E119/><V10/><F116/><W68/><G68/><T115/><D122/><U108/><E113/><V106/><F35/><W90/><G132/><T123/><D111/><U80/><E80/><V12/><F1/><W79/><G126/><T71/><D123/><U129/><E129/><V101/><F106/><W46/><G109/><T112/><D71/><U135/><E135/><V69/><F69/><W24/><G86/><T44/><D82/><U99/><E99/><V84/><F102/><W14/><G14/><T73/><D73/><U30/><E30/><V0/><F0/><W8/><G8/><T49/><D49/><U121/><E19/><V17/><F104/><W66/><G66/><N who="0" m="39287" /><D27/><U75/><E75/><V107/><F107/><W60/><G60/><T9/><D9/><U45/><E108/><V114/><F114/><N who="0" m="43562" /><D4/><U7/><E7/><V59/><REACH who="2" step="1"/><F47/><REACH who="2" ten="259,380,136,215" step="2"/><W110/><G110/><T37/><D32/><U87/><E121/><V43/><F43/><N who="3" m="16459" /><G46/><T67/><D34/><U117/><E45/><V100/><F100/><W5/><G5/><T133/><D133/><U134/><E103/><V83/><F83/><W128/><G128/><T64/><D37/><U94/><E134/><V57/><F57/><W54/><G54/><T31/><D42/><U13/><E53/><V88/><F88/><W105/><G105/><T127/><D44/><U92/><E62/><AGARI ba="0,1" hai="10,12,17,52,59,62,72,77,81,84,85,93,98,101" machi="62" ten="30,3900,0" yaku="1,1,7,1,54,1,53,0" doraHai="2" doraHaiUra="20" who="2" fromWho="1" sc="259,0,380,-39,136,49,215,0" owari="259,6.0,341,43.0,185,-31.0,215,-18.0" /></mjloggm>