<mjloggm ver="2.3"><GO type="97"/><UN n0="%E3%83%AB%E3%83%BC%E3%82%BA" n1="%E3%82%A6%E3%83%AB%E3%83%88%E3%83%A9%E7%AB%8B%E7%9B%B4" n2="%46%72%61%6E%6B%38" n3="%E8%97%8D%E8%89%B2%E3%82%AB%E3%82%A8%E3%83%AB%E3%81%AE%E5%BC%9F%E5%AD%90" dan="14,15,15,13" rate="1900,1955,1954,1880" sx="M,M,M,F"/><TAIKYOKU oya="0"/><INIT seed="0,0,0,0,5,11" ten="250,250,250,250" oya="0" hai0="109,59,30,21,1,4,116,55,113,104,100,35,88" hai1="83,49,130,25,76,117,85,131,28,33,84,132,13" hai2="14,102,133,75,77,69,17,61,72,70,50,48,92" hai3="18,79,108,98,23,43,29,20,80,37,125,74,58"/><T87/><D116/><U46/><E117/><V32/><F32/><W10/><G125/><T81/><D113/><U39/><E39/><V96/><F133/><W57/><G108/><T3/><D35/><U94/><E94/><V24/><F24/><W126/><G126/><T135/><D135/><U7/><E85/><V101/><F77/><W15/><G98/><T47/><D109/><U127/><E127/><V66/><F70/><W54/><G54/><T73/><D4/><U99/><E99/><V106/><F75/><W26/><G37/><T64/><D64/><U115/><E115/><V6/><F6/><W123/><G43/><T53/><D47/><U103/><E103/><V124/><F72/><W45/><G45/><T16/><D30/><U86/><E86/><V51/><F106/><W56/><REACH who="3" step="1"/><G123/><REACH who="3" ten="250,250,250,240" step="2"/><T52/><D73/><U111/><E111/><V2/><F124/><W5/><G5/><T12/><REACH who="0" step="1"/><D59/><REACH who="0" ten="240,250,250,240" step="2"/><U65/><E65/><V38/><F66/><W63/><G63/><T129/><D129/><U107/><E132/><V122/><F61/><W112/><G112/><T31/><D31/><U44/><E44/><V67/><F67/><W8/><AGARI ba="0,2" hai="8,10,15,18,20,23,26,29,56,57,58,74,79,80" machi="8" ten="30,7900,0" yaku="1,1,0,1,52,1,53,1" doraHai="11" doraHaiUra="9" who="3" fromWho="3" sc="240,-39,250,-20,250,-20,240,99" /><INIT seed="1,0,0,0,1,135" ten="201,230,230,339" oya="1" hai0="107,91,9,55,59,71,16,129,10,51,35,14,33" hai1="85,113,23,62,118,38,122,2,123,65,32,124,5" hai2="103,87,77,133,89,3,24,78,6,100,88,109,92" hai3="93,57,134,25,75,117,112,128,46,61,115,66,116"/><U52/><E32/><V58/><F3/><W45/><G75/><T42/><D71/><N who="1" m="42423" /><E23/><V94/><F6/><W7/><G7/><T41/><D107/><U97/><E85/><N who="2" m="52239" /><F58/><W126/><G93/><T4/><D129/><U83/><E97/><V96/><F24/><W28/><G128/><T119/><D119/><N who="3" m="45641" /><G134/><T18/><D35/><U131/><E83/><N who="2" m="49407" /><F133/><W0/><G0/><T76/><D33/><U111/><E5/><V101/><F109/><W60/><G60/><T81/><D91/><AGARI ba="0,0" hai="77,78,91,94,96,100,101,103" m="49407,52239" machi="91" ten="30,12000,2" yaku="8,1,35,5,54,1" doraHai="135" who="2" fromWho="0" sc="201,-120,230,0,230,120,339,0" /><INIT seed="2,0,0,0,4,15" ten="81,230,350,339" oya="2" hai0="20,7,33,106,5,85,77,102,115,0,116,58,103" hai1="74,29,73,37,1,128,135,121,118,76,71,96,52" hai2="124,55,92,47,42,43,117,111,11,87,98,56,125" hai3="66,16,134,80,28,129,120,26,132,60,130,27,97"/><V40/><F117/><W39/><G120/><T110/><D58/><U94/><E52/><V9/><F87/><W109/><G39/><T123/><D85/><U122/><E29/><V38/><F38/><W54/><G80/><T79/><D20/><U3/><E94/><V68/><F47/><W17/><G54/><T49/><D49/><U108/><E96/><V69/><F111/><W12/><G109/><T93/><D110/><U78/><E76/><V25/><F25/><W48/><G48/><T50/><D93/><U126/><E78/><V89/><F56/><N who="3" m="37127" /><G97/><T104/><D50/><U45/><E45/><V53/><F55/><W90/><G90/><T13/><D13/><U119/><E3/><V133/><F53/><W2/><G2/><T4/><D5/><U86/><E86/><V70/><REACH who="2" step="1"/><F133/><REACH who="2" ten="81,230,340,339" step="2"/><N who="3" m="51307" /><G27/><T24/><D24/><U6/><E119/><V46/><F46/><W18/><G12/><T44/><D116/><U65/><E65/><V22/><F22/><AGARI ba="0,1" hai="16,17,18,22,26,28,129,130" m="51307,37127" machi="22" ten="30,8000,1" yaku="20,1,52,3,54,1" doraHai="15" who="3" fromWho="2" sc="81,0,230,0,340,-80,339,90" /><INIT seed="3,0,0,0,3,25" ten="81,230,260,429" oya="3" hai0="105,3,91,128,16,109,4,86,21,98,64,67,95" hai1="84,15,126,129,125,82,94,49,118,123,127,107,103" hai2="35,65,133,75,90,30,131,83,71,79,28,7,81" hai3="106,24,17,27,19,104,10,37,121,60,38,55,20"/><W47/><G121/><T97/><D109/><U61/><E123/><V101/><F35/><W68/><G10/><T18/><D128/><U93/><E61/><V43/><F131/><W120/><G19/><T22/><D3/><U26/><E15/><V122/><F122/><W6/><G27/><T9/><D105/><U112/><E129/><V58/><F71/><W14/><G14/><T23/><D4/><U73/><E49/><V119/><F119/><W42/><G6/><T57/><D9/><U115/><E26/><V2/><F133/><W40/><G55/><T63/><D57/><U114/><E73/><V33/><F33/><W44/><G120/><T117/><D63/><U32/><E32/><V74/><F43/><W48/><G48/><T87/><D117/><U113/><N who="1" m="29184" /><DORA hai="88" /><U76/><E118/><V8/><F58/><W72/><G72/><T11/><D11/><U29/><E29/><V78/><F65/><AGARI ba="0,0" hai="17,20,24,37,38,40,42,44,47,60,65,68,104,106" machi="65" ten="40,2000,0" yaku="9,1" doraHai="25,88" who="3" fromWho="2" sc="81,0,230,0,260,-20,429,20" owari="81,-42.0,230,-17.0,240,4.0,449,55.0" /></mjloggm>