<mjloggm ver="2.3"><GO type="169"/><UN n0="%E3%83%8E%E3%83%BC%E3%83%9E%E3%83%BC%E3%82%AF" n1="%49%47%41" n2="%EF%BC%88%E2%89%A7%E2%96%BD%E2%89%A6%EF%BC%89" n3="%E5%8F%AF%E7%87%83%E6%80%A7%E9%AB%98%E5%9C%A7%E3%82%AC%E3%82%B9" dan="16,16,17,16" rate="2028,2077,2144,2071" sx="M,M,M,M"/><TAIKYOKU oya="0"/><INIT seed="0,0,0,4,5,115" ten="250,250,250,250" oya="0" hai0="123,131,74,134,111,57,76,49,129,130,96,77,11" hai1="94,70,17,104,81,50,14,133,93,95,0,35,128" hai2="110,27,34,65,1,83,53,92,7,23,63,114,79" hai3="82,38,112,69,113,13,56,62,16,121,43,19,127"/><T22/><D123/><U4/><E35/><V21/><F114/><W20/><G69/><T80/><D77/><U41/><E70/><V66/><F110/><W9/><G121/><T44/><D134/><U10/><E104/><V54/><F34/><W51/><G38/><T91/><D111/><U100/><E133/><V71/><F66/><W78/><G127/><T119/><D57/><U40/><E81/><V55/><F92/><W67/><G43/><T2/><D22/><U116/><E128/><V72/><REACH who="2" step="1"/><F27/><REACH who="2" ten="250,250,240,250" step="2"/><W45/><G113/><T73/><D131/><U32/><E32/><V68/><F68/><W8/><G112/><T39/><D130/><U86/><E100/><V88/><F88/><W33/><G33/><T46/><D91/><U29/><E95/><V117/><F117/><W103/><G103/><T15/><D119/><U28/><E116/><V58/><F58/><W6/><G82/><T37/><D80/><U59/><E94/><V26/><F26/><W108/><G108/><T118/><D118/><U18/><E59/><V98/><F98/><W60/><G78/><T47/><D76/><U105/><E93/><V120/><F120/><W85/><G85/><T87/><D87/><U5/><E86/><V126/><F126/><W12/><G62/><T75/><D96/><U106/><E106/><V101/><F101/><W30/><G45/><T24/><D47/><U102/><E102/><V64/><F64/><W122/><G122/><T48/><D46/><U84/><E105/><V36/><F36/><W42/><G67/><T89/><D129/><U99/><E99/><RYUUKYOKU ba="0,1" sc="250,-10,250,-10,240,30,250,-10" hai2="1,7,21,23,53,54,55,63,65,71,72,79,83" /><INIT seed="1,1,1,1,4,118" ten="240,240,270,240" oya="1" hai0="87,71,39,53,79,80,40,14,21,109,78,59,112" hai1="135,2,18,101,94,75,47,55,1,114,91,68,60" hai2="116,113,38,96,100,123,50,72,42,128,104,125,26" hai3="82,46,49,122,92,89,9,5,93,99,16,17,102"/><U86/><E114/><V77/><F116/><W44/><G82/><T28/><D112/><U23/><E75/><V6/><F113/><W88/><G102/><T56/><D71/><U30/><E30/><V134/><F134/><W0/><G122/><T121/><D39/><U95/><E135/><V107/><F50/><W31/><G31/><T41/><D109/><U85/><E47/><N who="2" m="24023" /><F26/><W62/><G62/><T48/><D79/><U64/><E55/><V90/><F90/><W35/><G35/><T74/><D74/><U58/><E68/><V32/><F128/><W33/><G33/><T19/><D121/><U4/><E4/><V69/><F69/><W83/><G83/><T29/><REACH who="0" step="1"/><D56/><REACH who="0" ten="230,240,270,240" step="2"/><U61/><E58/><V25/><F123/><W124/><G124/><T13/><D13/><U65/><E2/><V45/><F77/><W131/><G131/><T106/><D106/><U111/><E1/><V73/><F107/><W120/><G120/><T54/><D54/><U24/><E111/><V10/><F125/><W119/><G119/><T52/><D52/><U81/><E65/><V76/><F76/><W84/><G46/><T67/><D67/><U103/><E64/><V97/><F45/><W7/><G7/><T63/><D63/><U133/><E133/><V105/><F73/><W51/><G51/><T70/><D70/><U98/><E61/><V22/><F72/><W57/><G57/><T115/><D115/><U37/><E60/><V15/><F105/><W108/><G108/><T3/><D3/><U110/><E110/><V8/><F104/><W12/><G0/><RYUUKYOKU ba="1,2" sc="230,15,240,-15,270,-15,240,15" hai0="14,19,21,28,29,40,41,48,53,59,78,80,87" hai3="5,9,12,16,17,44,49,84,88,89,92,93,99" /><INIT seed="2,2,2,0,4,127" ten="245,225,255,255" oya="2" hai0="95,120,11,69,88,99,22,108,77,62,106,27,60" hai1="119,4,111,109,75,71,13,41,18,28,81,16,46" hai2="94,67,55,32,90,87,19,85,114,10,52,3,34" hai3="63,42,70,38,134,64,101,9,116,117,51,59,8"/><V83/><F114/><W40/><G101/><T103/><D120/><U74/><E119/><V89/><F67/><W26/><G26/><T25/><D69/><U84/><E71/><V73/><F73/><W53/><G9/><T61/><D108/><N who="1" m="41547" /><E28/><V33/><REACH who="2" step="1"/><F19/><REACH who="2" ten="245,225,245,255" step="2"/><W92/><G134/><T96/><D77/><N who="1" m="46127" /><E75/><V58/><F58/><W0/><G117/><T17/><REACH who="0" step="1"/><D11/><REACH who="0" ten="235,225,245,255" step="2"/><N who="1" m="4327" /><E74/><V118/><F118/><W131/><G116/><T98/><D98/><U97/><E97/><V135/><F135/><W126/><G8/><T91/><D91/><U125/><E125/><V130/><F130/><W29/><G126/><T124/><D124/><U105/><E105/><V54/><F54/><W6/><G131/><T102/><D102/><U65/><E65/><V49/><F49/><AGARI ba="2,4" hai="16,18,41,46,49" m="4327,46127,41547" machi="49" ten="30,3900,0" yaku="25,1,14,1,54,1" doraHai="127" who="1" fromWho="2" sc="235,0,225,85,245,-45,255,0" /><INIT seed="3,0,0,1,3,17" ten="235,310,200,255" oya="3" hai0="117,45,100,56,54,80,130,24,40,95,43,109,18" hai1="3,16,119,1,9,133,13,50,102,62,71,30,134" hai2="72,74,112,23,78,111,89,115,94,103,52,84,20" hai3="60,131,57,93,33,85,51,28,129,37,120,42,8"/><W127/><G120/><T31/><D117/><U132/><E119/><V48/><F111/><W135/><G8/><T2/><D2/><U82/><E30/><V6/><F115/><W86/><G28/><T99/><D109/><U49/><E102/><V47/><F112/><W83/><G33/><T69/><D69/><U15/><E82/><N who="2" m="47191" /><F72/><W91/><G37/><T63/><D130/><N who="3" m="49673" /><G42/><T27/><D80/><U116/><E116/><V81/><F74/><W29/><G29/><T70/><D70/><U122/><E122/><V98/><F6/><W114/><G51/><N who="1" m="19466" /><E15/><V66/><F66/><AGARI ba="0,0" hai="1,3,9,13,16,62,66,71,132,133,134" m="19466" machi="66" ten="40,2600,0" yaku="20,1,54,1" doraHai="17" who="1" fromWho="2" sc="235,0,310,26,200,-26,255,0" /><INIT seed="4,0,0,0,4,124" ten="235,336,174,255" oya="0" hai0="108,34,42,59,45,86,18,29,64,33,12,58,82" hai1="39,121,96,50,47,99,75,21,31,111,131,79,84" hai2="19,115,20,70,68,54,17,44,40,7,36,87,118" hai3="119,123,63,102,66,73,48,103,69,61,130,62,38"/><T74/><D74/><U125/><E121/><V16/><F118/><W2/><G2/><T13/><D108/><U104/><E75/><V49/><F115/><W3/><G3/><T83/><D82/><U133/><E39/><V91/><F7/><W110/><G103/><T106/><D106/><U101/><E111/><V94/><REACH who="2" step="1"/><F20/><REACH who="2" ten="235,336,164,255" step="2"/><W76/><G110/><T81/><D34/><U114/><E125/><V22/><F22/><W51/><G119/><T85/><D33/><U35/><E114/><V41/><F41/><W97/><G123/><T134/><D42/><U10/><E21/><V28/><F28/><W25/><G38/><T23/><D23/><U8/><E31/><V92/><F92/><W126/><G126/><T15/><D29/><U135/><E35/><V128/><F128/><W53/><G25/><T1/><D18/><U60/><E131/><V5/><F5/><W100/><G130/><T27/><D27/><U107/><E107/><V90/><F90/><W72/><G100/><T105/><D105/><U129/><E129/><V55/><F55/><W46/><G76/><T122/><D1/><U24/><E24/><V37/><F37/><W112/><G112/><T93/><D122/><U95/><E104/><V52/><F52/><N who="3" m="29719" /><G69/><T120/><D120/><U77/><E101/><V89/><F89/><W116/><G116/><T43/><D12/><U32/><E32/><V88/><F88/><W26/><G26/><T6/><D13/><U65/><E79/><V109/><F109/><W78/><G78/><T67/><D15/><U9/><E77/><V30/><F30/><RYUUKYOKU ba="0,1" sc="235,-10,336,-10,164,30,255,-10" hai2="16,17,19,36,40,44,49,54,68,70,87,91,94" /><INIT seed="5,1,1,5,5,17" ten="225,326,194,245" oya="1" hai0="116,57,72,79,100,14,99,126,134,103,2,53,34" hai1="40,132,22,67,50,58,101,85,52,71,70,128,25" hai2="69,95,7,9,13,27,49,75,120,8,54,68,90" hai3="121,131,127,65,29,124,88,3,87,115,28,32,15"/><U10/><E128/><V26/><F120/><W0/><G121/><T23/><D2/><N who="3" m="553" /><G65/><T84/><D34/><U114/><E114/><V19/><F75/><W39/><G39/><T12/><D72/><U123/><E123/><V113/><F113/><W51/><G51/><T4/><D116/><U21/><E132/><V37/><F37/><W62/><G62/><T24/><D134/><U47/><E101/><V82/><F82/><W45/><G45/><T98/><D126/><N who="3" m="48169" /><G115/><T18/><D103/><U63/><E85/><V86/><F26/><W118/><G32/><T66/><D66/><U74/><E74/><V91/><F91/><W77/><G77/><T93/><D99/><U76/><E76/><V43/><F43/><W104/><G104/><T107/><D107/><U92/><E92/><V61/><F61/><W97/><G97/><T119/><D79/><U11/><E71/><V31/><F7/><W33/><G33/><T117/><D84/><U106/><E106/><V130/><F130/><W1/><N who="3" m="561" /><W30/><DORA hai="48" /><G15/><T111/><D14/><U129/><E129/><V20/><F8/><W109/><G131/><T108/><D119/><U56/><E70/><V73/><F73/><W102/><G102/><T125/><D117/><U83/><E83/><V59/><AGARI ba="1,1" hai="9,13,19,20,27,31,49,54,59,68,69,86,90,95" machi="59" ten="20,5200,0" yaku="0,1,7,1,52,2" doraHai="17,48" who="2" fromWho="2" sc="225,-14,326,-27,194,65,245,-14" /><INIT seed="6,0,0,1,0,2" ten="211,299,259,231" oya="2" hai0="42,54,107,51,124,92,49,112,63,8,99,72,27" hai1="59,110,26,70,105,66,102,31,109,3,84,89,43" hai2="58,80,135,32,5,115,10,29,13,60,48,20,108" hai3="24,97,50,36,11,74,111,125,17,98,90,81,75"/><V77/><F32/><W117/><G117/><T106/><D72/><U85/><E3/><V87/><F115/><W104/><G36/><T127/><D112/><U53/><E43/><V96/><F135/><W16/><G111/><T47/><D63/><U19/><E19/><V130/><F130/><W21/><G125/><N who="0" m="48203" /><D27/><U120/><E120/><V73/><F108/><W103/><G50/><T0/><D0/><U56/><E109/><V101/><F73/><W76/><G74/><T114/><D8/><U119/><E119/><V83/><F83/><W86/><G98/><T39/><D114/><U88/><E105/><N who="0" m="39945" /><D54/><U61/><E102/><AGARI ba="0,0" hai="39,42,47,49,51,92,99,102" m="39945,48203" machi="102" ten="30,1000,0" yaku="18,1" doraHai="2" who="0" fromWho="1" sc="211,10,299,-10,259,0,231,0" /><INIT seed="7,0,0,1,4,125" ten="221,289,259,231" oya="3" hai0="4,78,12,75,85,36,70,28,93,73,59,128,68" hai1="67,133,37,64,54,55,58,57,107,117,98,53,77" hai2="119,115,17,66,1,110,130,39,134,15,129,114,118" hai3="16,22,24,111,61,48,40,94,9,8,96,99,11"/><W45/><G111/><T65/><D36/><U20/><E117/><N who="2" m="44555" /><F39/><W113/><G113/><N who="2" m="43017" /><F110/><W21/><G61/><T83/><D128/><N who="2" m="49258" /><F134/><W5/><G21/><T56/><D70/><U27/><E37/><V116/><F116/><W42/><G42/><T87/><D68/><U82/><E133/><V49/><F66/><W95/><G5/><T86/><D4/><U92/><E67/><V46/><F1/><W106/><G106/><T50/><D65/><U103/><E107/><V84/><F84/><W51/><G51/><T69/><D87/><N who="1" m="48591" /><E64/><V132/><F132/><W71/><G71/><T6/><D86/><U0/><E0/><V10/><F49/><W38/><G38/><T33/><D85/><U135/><E135/><V47/><AGARI ba="0,0" hai="10,15,17,46,47" m="49258,43017,44555" machi="47" ten="40,8000,1" yaku="15,1,19,1,52,3" doraHai="125" who="2" fromWho="2" sc="221,-20,289,-20,259,80,231,-40" owari="201,-20.0,269,7.0,339,44.0,191,-31.0" /></mjloggm>