<mjloggm ver="2.3"><GO type="169" lobby="0"/><UN n0="%E3%81%8E%E3%81%A3%E3%81%97%E3%82%8A%E5%8E%B3%E9%81%B8" n1="%E9%AB%98%E7%94%BA%EF%BC%A0%E3%81%AA%E3%81%AE%E3%81%AF" n2="%EF%BC%88%E2%89%A7%E2%96%BD%E2%89%A6%EF%BC%89" n3="%E2%98%86%E3%82%82%E3%81%B5%E3%82%82%E3%81%B5%E2%98%86" dan="16,16,17,16" rate="2064.89,2055.91,2125.40,2043.39" sx="M,F,M,M"/><TAIKYOKU oya="0"/><INIT seed="0,0,0,3,5,112" ten="250,250,250,250" oya="0" hai0="74,77,92,94,103,59,23,64,48,10,49,43,42" hai1="66,80,50,90,29,89,14,118,32,55,33,45,100" hai2="25,135,102,27,109,99,78,105,26,110,58,124,39" hai3="12,131,36,44,79,67,129,16,122,30,127,19,11"/><T108/><D108/><N who="2" m="41578" /><F135/><W46/><G67/><T41/><D10/><U134/><E134/><V119/><F124/><W111/><G79/><T71/><D71/><U20/><E118/><V97/><F119/><W6/><G111/><T133/><D133/><U31/><E66/><V13/><F39/><W4/><G127/><T7/><D7/><N who="3" m="2601" /><G36/><T17/><D74/><U115/><E115/><V116/><F116/><W70/><G70/><T40/><D77/><U85/><E100/><V57/><F78/><W60/><G60/><N who="0" m="37919" /><D103/><U96/><E33/><V104/><F13/><N who="3" m="7231" /><G30/><T22/><D43/><U38/><E38/><V65/><F65/><W54/><G54/><T91/><D23/><U61/><E32/><V9/><F9/><N who="3" m="6543" /><G122/><T126/><D126/><U53/><E53/><V117/><F117/><W123/><G123/><T95/><D91/><U114/><E114/><V0/><F0/><W113/><G113/><T107/><D107/><N who="2" m="41034" /><F102/><W83/><G83/><T81/><D81/><U73/><E73/><V88/><F88/><W62/><G62/><T76/><D76/><U82/><E61/><V125/><F125/><W132/><G132/><T87/><D87/><N who="1" m="50407" /><E96/><AGARI ba="0,0" hai="25,26,27,57,58,96,97,99" m="41034,41578" machi="96" ten="40,5200,0" yaku="28,2,14,1" doraHai="112" who="2" fromWho="1" sc="250,0,250,-52,250,52,250,0" /><INIT seed="1,0,0,1,1,77" ten="250,198,302,250" oya="1" hai0="131,106,34,19,24,47,92,35,6,122,110,73,44" hai1="20,112,51,109,88,48,33,82,125,15,2,124,26" hai2="80,38,52,135,87,78,23,117,18,119,5,30,57" hai3="42,50,63,81,4,64,66,13,25,16,114,99,68"/><U61/><E2/><V127/><F38/><W53/><G114/><T98/><D106/><U43/><E112/><V69/><F69/><W130/><G130/><T93/><D131/><U55/><E33/><V115/><F115/><W132/><G132/><T70/><D70/><U29/><E109/><V75/><F135/><W118/><G118/><T10/><D110/><U91/><E43/><V49/><F127/><N who="1" m="48713" /><E15/><V76/><F5/><W107/><G64/><T84/><D73/><U74/><E74/><V104/><F104/><W71/><G71/><T86/><D122/><U8/><E8/><V45/><F30/><W3/><G3/><T100/><D35/><U22/><E22/><V108/><F108/><W21/><G42/><T97/><D34/><U67/><E55/><V27/><F75/><W56/><G4/><T1/><D19/><U32/><E32/><V94/><F45/><W121/><G121/><T83/><D24/><U39/><E39/><V28/><F28/><W90/><G107/><T129/><D129/><U11/><E11/><V116/><F116/><W133/><G133/><T105/><D105/><U17/><E29/><V7/><F7/><W120/><G120/><T14/><D1/><U36/><E36/><V12/><F27/><W54/><G25/><T128/><D128/><U95/><E95/><V59/><F94/><N who="3" m="56791" /><G54/><T79/><D86/><N who="1" m="50263" /><E91/><AGARI ba="0,0" hai="6,10,14,44,47,79,83,84,91,92,93,97,98,100" machi="91" ten="30,3900,0" yaku="7,1,8,1,52,1" doraHai="77" who="0" fromWho="1" sc="250,39,198,-39,302,0,250,0" /><INIT seed="2,0,0,2,2,132" ten="289,159,302,250" oya="2" hai0="126,60,70,95,120,19,128,48,49,76,73,81,90" hai1="36,117,14,28,24,32,124,134,111,12,104,43,110" hai2="61,21,87,13,6,115,102,116,118,94,17,133,54" hai3="46,31,107,131,99,85,96,9,67,97,33,0,119"/><V52/><F133/><W92/><G119/><T18/><D120/><U114/><E134/><V1/><F115/><W29/><G107/><T58/><D128/><U22/><E114/><V5/><F118/><W38/><G131/><T39/><D39/><U42/><E117/><V130/><F116/><W93/><G67/><T106/><D106/><U64/><E104/><V80/><F130/><W86/><G33/><T40/><D126/><U105/><E105/><V129/><F129/><W63/><BYE who="2" /><G63/><T69/><D69/><U34/><E64/><V83/><F83/><W82/><G38/><T8/><D70/><U23/><E36/><V112/><F112/><W84/><G82/><T113/><D113/><U88/><E88/><V47/><F47/><W65/><G65/><T27/><D40/><UN n2="%EF%BC%88%E2%89%A7%E2%96%BD%E2%89%A6%EF%BC%89" /><U109/><E42/><V91/><F1/><W41/><G41/><T103/><D103/><U11/><E43/><V30/><F30/><W15/><G46/><T79/><D76/><U37/><E37/><V77/><F102/><W122/><G0/><T72/><D72/><U68/><E68/><V127/><F127/><W100/><G122/><T50/><D27/><U53/><E53/><N who="2" m="20587" /><F61/><W78/><G78/><T45/><D45/><U35/><E124/><V125/><F125/><W75/><G75/><T44/><D44/><U20/><E14/><V98/><AGARI ba="0,0" hai="5,6,13,17,21,77,80,87,91,94,98" m="20587" machi="98" ten="30,3000,0" yaku="8,1,54,1" doraHai="132" who="2" fromWho="2" sc="289,-10,159,-10,302,30,250,-10" /><INIT seed="2,1,0,4,0,25" ten="279,149,332,240" oya="2" hai0="49,63,77,14,124,64,88,22,61,110,59,93,38" hai1="19,45,96,20,72,82,47,8,103,31,118,37,80" hai2="28,24,6,107,85,69,75,7,17,126,32,42,91" hai3="36,119,127,39,3,81,132,58,68,66,98,133,101"/><V43/><F75/><W41/><G119/><T67/><D110/><U54/><E118/><V44/><F107/><W15/><G3/><T99/><D124/><U83/><E37/><V114/><F69/><W56/><G81/><T74/><D38/><N who="3" m="14377" /><G15/><T115/><D115/><U4/><E72/><V97/><F126/><W106/><G41/><T55/><D74/><U109/><E109/><V51/><F42/><W121/><G121/><T65/><REACH who="0" step="1"/><D77/><REACH who="0" ten="269,149,332,240" step="2"/><U76/><E76/><V50/><F114/><W57/><G127/><T130/><D130/><U84/><E84/><V30/><F97/><W120/><G120/><T112/><D112/><U104/><E54/><V34/><F50/><W78/><G78/><T108/><D108/><U100/><E100/><V2/><F2/><W35/><G98/><T11/><D11/><U70/><E70/><V94/><F17/><AGARI ba="1,1" hai="14,17,22,49,55,59,61,63,64,65,67,88,93,99" machi="17" ten="40,8000,1" yaku="1,1,8,1,54,1,53,1" doraHai="25" doraHaiUra="90" who="0" fromWho="2" sc="269,93,149,0,332,-83,240,0" /><INIT seed="3,0,0,0,2,38" ten="362,149,249,240" oya="3" hai0="67,46,21,107,23,54,64,2,100,92,113,65,90" hai1="95,77,27,106,8,34,41,57,35,118,88,25,7" hai2="49,128,98,75,94,101,117,129,83,131,9,133,4" hai3="22,53,52,32,108,16,61,134,31,97,127,1,99"/><W17/><G1/><T66/><D2/><U24/><E106/><V40/><F117/><W26/><G134/><T42/><D113/><U110/><E118/><V119/><F119/><W116/><G116/><T30/><D30/><U33/><E110/><V132/><F75/><W44/><G127/><T5/><D5/><U29/><E77/><V104/><F83/><W43/><G108/><T63/><D54/><U58/><E29/><V71/><F71/><W135/><G135/><N who="2" m="51785" /><F104/><W72/><G72/><T120/><D100/><U13/><REACH who="1" step="1"/><E41/><REACH who="1" ten="362,139,249,240" step="2"/><V55/><F40/><W56/><G53/><T111/><D107/><U68/><E68/><V86/><F131/><W78/><G78/><T14/><D111/><U48/><E48/><V15/><F128/><W126/><G126/><T130/><D130/><U10/><E10/><V37/><F129/><W122/><G122/><T0/><D120/><U73/><E73/><V96/><F49/><N who="3" m="26783" /><G32/><T3/><D42/><U82/><E82/><V89/><F9/><W19/><AGARI ba="0,1" hai="16,17,19,22,26,31,52,56,61,97,99" m="26783" machi="19" ten="30,11700,0" yaku="8,1,52,1,54,2" doraHai="38" who="3" fromWho="3" sc="362,-39,139,-39,249,-39,240,127" /><INIT seed="3,1,0,2,5,109" ten="323,100,210,367" oya="3" hai0="127,71,2,3,135,75,25,13,27,41,50,100,64" hai1="133,52,90,30,111,81,32,85,87,60,39,14,40" hai2="65,53,86,8,56,122,12,116,93,51,97,1,22" hai3="120,129,43,54,10,28,83,118,125,121,134,47,35"/><W99/><G118/><T6/><D75/><U114/><E114/><V123/><F116/><W104/><G35/><T24/><D135/><U19/><E111/><V70/><F1/><W128/><G28/><T94/><D127/><U69/><E133/><V117/><F117/><W78/><G134/><T48/><D71/><U5/><E5/><V101/><F22/><W38/><G125/><T29/><D64/><U37/><E69/><V15/><F86/><W0/><G54/><T68/><D68/><U42/><E32/><V26/><F26/><W92/><G104/><T17/><D29/><U9/><E30/><V16/><REACH who="2" step="1"/><F15/><REACH who="2" ten="323,100,200,367" step="2"/><W18/><G0/><T66/><D27/><U46/><E87/><V82/><F82/><W132/><G83/><T59/><D25/><U79/><E79/><V89/><F89/><W4/><G78/><T11/><D24/><U112/><E112/><V72/><F72/><W107/><G132/><T126/><D2/><U61/><E37/><V96/><F96/><W58/><G38/><T131/><D126/><U115/><E115/><V110/><F110/><W55/><G99/><N who="0" m="59511" /><D3/><U31/><E39/><V21/><F21/><W36/><G36/><T7/><D13/><U23/><E23/><V130/><F130/><W113/><G129/><T95/><D131/><U119/><E119/><V91/><F91/><W73/><G113/><T45/><D6/><U44/><E31/><V20/><F20/><W62/><G4/><T84/><D7/><U33/><E33/><V103/><F103/><W63/><G128/><T49/><D84/><U124/><E124/><RYUUKYOKU ba="1,1" sc="323,-10,100,-10,200,30,367,-10" hai2="8,12,16,51,53,56,65,70,93,97,101,122,123" /><INIT seed="4,2,1,4,0,6" ten="313,90,230,357" oya="0" hai0="103,102,126,49,40,14,5,119,120,47,98,111,46" hai1="107,96,93,76,68,36,52,87,62,37,95,79,134" hai2="118,86,133,114,22,131,83,12,38,24,110,123,30" hai3="4,84,121,26,19,78,85,43,54,100,124,125,17"/><T29/><D120/><U94/><E134/><V81/><F110/><W128/><G128/><T35/><D111/><U108/><E108/><V20/><F123/><W18/><G121/><T59/><D119/><U89/><E107/><V33/><F118/><W32/><G43/><T63/><D126/><N who="3" m="48745" /><G100/><T109/><D109/><U132/><E132/><V117/><F86/><N who="3" m="33387" /><G78/><T122/><D122/><U10/><E68/><V25/><F38/><W7/><G54/><T67/><D47/><U27/><E27/><V23/><F25/><W105/><G105/><T16/><D5/><N who="3" m="2121" /><G26/><T75/><D75/><U104/><E104/><V88/><F117/><W99/><G99/><T77/><D77/><N who="1" m="29771" /><E36/><V115/><F133/><W106/><G106/><T56/><D98/><U130/><E37/><V44/><F131/><W97/><G97/><T55/><D103/><U41/><E41/><V112/><F44/><W51/><G51/><T129/><D102/><N who="1" m="60687" /><E130/><V13/><REACH who="2" step="1"/><F88/><REACH who="2" ten="313,90,220,357" step="2"/><W135/><G135/><T58/><D129/><U21/><E95/><V127/><F127/><W113/><G32/><T70/><D35/><U15/><E21/><V74/><F74/><W69/><G69/><T1/><D70/><U65/><E65/><V90/><F90/><W3/><G3/><T31/><D1/><U72/><E72/><V71/><F71/><W64/><G64/><T66/><D66/><U9/><E15/><AGARI ba="2,2" hai="12,13,15,20,22,23,24,30,33,81,83,112,114,115" machi="15" ten="50,3200,0" yaku="1,1,15,1,53,0" doraHai="6" doraHaiUra="116" who="2" fromWho="1" sc="313,0,90,-38,220,58,357,0" /><INIT seed="5,0,0,5,0,22" ten="313,52,278,357" oya="1" hai0="54,89,25,95,90,108,59,28,64,121,66,56,9" hai1="13,42,58,111,16,113,35,87,107,70,80,3,29" hai2="17,128,49,20,67,26,99,38,57,24,73,23,52" hai3="86,78,0,103,46,2,41,104,18,102,4,32,12"/><U133/><E70/><V129/><F38/><W88/><G32/><T131/><D131/><N who="2" m="50250" /><F73/><W84/><G78/><T109/><D121/><U48/><E3/><V62/><F99/><W53/><G84/><T55/><D9/><U60/><E107/><V125/><F125/><W79/><G79/><T120/><D120/><U105/><E105/><V114/><F114/><W94/><G4/><T21/><D109/><U74/><E74/><V126/><F126/><W132/><G132/><T101/><D108/><U51/><E113/><V31/><F49/><N who="3" m="26831" /><G0/><T77/><D77/><U130/><E111/><V14/><F14/><W76/><G2/><T98/><D59/><U100/><E100/><V15/><F15/><W71/><G71/><T135/><D135/><U96/><E96/><V63/><F63/><W65/><G104/><T72/><D72/><U119/><E133/><V10/><F10/><N who="3" m="6423" /><G76/><T117/><D117/><U1/><E1/><V43/><F43/><W61/><G65/><AGARI ba="0,0" hai="17,20,23,24,26,31,52,57,62,65,67" m="50250" machi="65" ten="30,7700,0" yaku="19,1,52,2,54,1" doraHai="22" who="2" fromWho="3" sc="313,0,52,0,278,77,357,-77" /><INIT seed="6,0,0,5,2,45" ten="313,52,355,280" oya="2" hai0="107,110,98,76,106,47,93,125,104,42,62,41,101" hai1="32,105,84,92,57,130,123,78,39,25,72,44,1" hai2="128,129,3,77,86,99,26,134,127,40,63,11,27" hai3="108,0,120,17,16,83,9,15,58,89,29,18,34"/><V71/><F127/><W126/><G120/><T81/><D125/><U122/><E57/><V4/><F134/><W30/><G126/><T36/><D42/><U73/><E44/><V135/><F135/><W113/><G58/><T102/><D110/><U94/><E25/><V97/><F40/><W111/><G89/><T74/><REACH who="0" step="1"/><D62/><REACH who="0" ten="303,52,355,280" step="2"/><U56/><E39/><V48/><F63/><W49/><G111/><T79/><D79/><U59/><E1/><V133/><F77/><W66/><G108/><T85/><D85/><U10/><E78/><V69/><F86/><W61/><G61/><T19/><D19/><U95/><E84/><V82/><F3/><W20/><G0/><T53/><D53/><U12/><E130/><V65/><F129/><W116/><G17/><T117/><D117/><U121/><E32/><V46/><F128/><W119/><G18/><T35/><D35/><U132/><E132/><V87/><F87/><W68/><G34/><T55/><D55/><U52/><E105/><V64/><F133/><W23/><G16/><T112/><D112/><U90/><E90/><AGARI ba="0,1" hai="36,41,47,74,76,81,90,93,98,101,102,104,106,107" machi="90" ten="40,1300,0" yaku="1,1,53,0" doraHai="45" doraHaiUra="60" who="0" fromWho="1" sc="303,23,52,-13,355,0,280,0" /><INIT seed="7,0,0,2,1,45" ten="326,39,355,280" oya="3" hai0="96,104,58,59,89,84,119,24,99,88,8,117,129" hai1="130,101,109,28,128,87,116,7,35,10,2,93,86" hai2="69,102,19,122,5,4,65,18,14,3,34,76,132" hai3="71,81,50,23,0,36,17,78,68,16,126,57,9"/><W6/><G36/><T41/><D41/><U92/><E116/><N who="0" m="44617" /><D8/><U49/><E109/><V32/><F76/><W135/><G135/><T64/><D64/><U133/><E133/><V20/><F132/><W100/><G126/><T97/><D24/><U51/><E10/><N who="2" m="2335" /><F65/><W108/><G100/><N who="0" m="62495" /><D58/><U98/><E7/><V75/><F102/><W66/><G108/><T107/><D59/><U73/><E2/><V37/><F75/><W131/><G131/><T124/><D129/><U113/><E73/><V42/><F42/><W44/><G57/><T134/><D134/><U62/><E28/><V80/><F80/><W91/><G91/><N who="0" m="34891" /><D124/><U54/><E35/><N who="2" m="13355" /><F69/><W38/><G38/><T52/><D52/><U82/><E82/><V40/><F40/><W61/><G23/><T33/><D33/><U46/><E101/><V56/><F56/><W121/><G121/><T105/><D84/><U29/><E29/><V48/><F37/><W22/><G22/><T77/><D77/><U25/><E25/><N who="2" m="14487" /><F48/><W111/><G111/><T27/><D27/><U11/><E11/><N who="2" m="6623" /><F5/><W106/><G106/><AGARI ba="0,0" hai="96,97,105,106,107" m="34891,62495,44617" machi="106" ten="30,3900,0" yaku="34,2,54,1" doraHai="45" who="0" fromWho="3" sc="326,39,39,0,355,0,280,-39" owari="365,46.0,39,-46.0,355,16.0,241,-16.0" /></mjloggm>