<mjloggm ver="2.3"><GO type="41"/><UN n0="%73%61%6E%64%75%61%6E" n1="%63%6F%63%6F%30%30" n2="%63%6C%75%6D%62%6C%65" n3="%EF%BC%88%E2%89%A7%E2%96%BD%E2%89%A6%EF%BC%89" dan="15,14,13,15" rate="1984,1937,1804,2009" sx="M,M,M,M"/><TAIKYOKU oya="0"/><INIT seed="0,0,0,0,4,89" ten="250,250,250,250" oya="0" hai0="17,5,102,67,69,15,8,96,53,133,106,135,71" hai1="76,64,107,38,80,92,27,54,21,83,132,39,123" hai2="45,60,95,68,32,70,44,114,43,28,94,127,112" hai3="46,23,105,20,98,7,11,56,73,134,59,50,113"/><T3/><D53/><U48/><E123/><V77/><F77/><W41/><G113/><T84/><D67/><U37/><E107/><V25/><F45/><W10/><G73/><T86/><D84/><U111/><E111/><V74/><F74/><W79/><G134/><N who="0" m="51211" /><D86/><U115/><E132/><V26/><F26/><W101/><G79/><T16/><D17/><U78/><E115/><V1/><F1/><W108/><G108/><T97/><D97/><U110/><E110/><V119/><F119/><W31/><G11/><AGARI ba="0,0" hai="3,5,8,11,15,16,69,71,96,102,106" m="51211" machi="11" ten="30,2900,0" yaku="20,1,54,1" doraHai="89" who="0" fromWho="3" sc="250,29,250,0,250,0,250,-29" /><INIT seed="0,1,0,5,0,68" ten="279,250,250,221" oya="0" hai0="28,135,52,78,3,99,12,110,90,53,111,72,103" hai1="18,131,20,16,22,1,8,55,109,122,95,87,9" hai2="108,82,118,129,44,67,45,11,83,81,57,75,134" hai3="91,42,70,128,13,94,89,88,64,86,33,4,27"/><T14/><D3/><U47/><E122/><V130/><F118/><W60/><G128/><T58/><D135/><U15/><E47/><V125/><F134/><W127/><G127/><T116/><D116/><U61/><E131/><V62/><F125/><W26/><G42/><T10/><D28/><U56/><E109/><N who="0" m="41481" /><D90/><N who="1" m="53727" /><E1/><V123/><F108/><W30/><REACH who="3" step="1"/><G26/><AGARI ba="1,0" hai="8,9,15,16,18,20,22,26,55,56,61" m="53727" machi="26" ten="30,2000,0" yaku="8,1,54,1" doraHai="68" who="1" fromWho="3" sc="279,0,250,23,250,0,221,-23" /><INIT seed="1,0,0,3,3,51" ten="279,273,250,198" oya="1" hai0="96,122,102,35,99,124,105,73,86,80,41,10,92" hai1="4,121,88,93,45,20,85,5,24,65,55,13,111" hai2="71,125,91,114,126,75,12,44,11,113,22,56,48" hai3="32,14,110,72,97,31,104,49,43,23,117,62,9"/><U29/><E121/><V47/><F91/><W46/><G72/><T78/><D35/><U81/><E65/><V135/><F75/><W112/><G112/><N who="2" m="43113" /><F135/><W63/><G117/><T38/><D41/><U76/><E111/><V27/><F71/><W103/><G110/><T30/><D30/><U39/><E13/><V77/><F77/><W70/><G32/><T129/><D38/><U106/><E106/><V60/><F60/><W79/><G79/><T1/><D10/><U109/><E109/><V116/><F56/><W134/><G134/><T3/><D129/><U120/><E120/><V2/><F2/><W119/><G119/><T17/><D122/><U19/><E29/><N who="2" m="17655" /><F116/><W100/><G100/><N who="0" m="62599" /><D17/><U57/><E45/><N who="2" m="17483" /><F48/><W0/><G0/><T90/><D124/><U15/><E39/><V107/><F107/><AGARI ba="0,0" hai="1,3,73,78,80,86,90,92,99,102,107" m="62599" machi="107" ten="30,1000,0" yaku="24,1" doraHai="51" who="0" fromWho="2" sc="279,10,273,0,250,-10,198,0" /><INIT seed="2,0,0,3,0,91" ten="289,273,240,198" oya="2" hai0="49,25,110,21,46,84,35,0,114,85,24,7,43" hai1="32,4,58,112,14,81,59,65,128,83,26,28,5" hai2="8,106,15,52,75,80,124,135,20,36,122,132,89" hai3="95,87,120,10,63,62,123,108,78,107,102,33,64"/><V19/><F122/><W113/><G33/><T30/><D114/><U41/><E112/><V96/><F36/><W105/><G113/><T73/><D73/><U101/><E128/><V13/><F124/><W100/><G10/><T68/><D68/><U99/><E41/><V69/><F69/><W115/><G115/><T127/><D127/><U17/><E83/><V22/><F75/><W61/><G64/><T125/><D125/><U88/><E101/><N who="3" m="39018" /><G78/><T53/><D110/><U37/><E37/><V34/><F106/><N who="3" m="40459" /><G87/><T12/><D0/><U82/><E82/><V121/><F34/><W18/><G18/><T79/><D79/><U134/><E134/><V55/><F80/><W51/><G51/><T97/><D7/><U90/><E90/><V67/><F67/><W23/><G23/><T70/><D70/><U93/><E81/><V111/><F20/><W117/><G117/><T77/><D77/><U45/><E45/><V56/><F111/><W47/><G47/><T44/><D12/><U130/><E130/><V109/><F109/><W40/><G40/><T42/><D43/><U118/><E118/><V71/><F71/><W57/><G108/><T94/><D25/><U76/><E76/><V126/><F126/><W54/><G95/><T103/><D35/><U39/><E39/><AGARI ba="0,0" hai="21,24,30,39,42,44,46,49,53,84,85,94,97,103" machi="39" ten="30,2000,0" yaku="7,1,52,1" doraHai="91" who="0" fromWho="1" sc="289,20,273,-20,240,0,198,0" /><INIT seed="3,0,0,5,1,34" ten="309,253,240,198" oya="3" hai0="10,2,76,32,37,9,27,74,50,4,12,80,6" hai1="26,81,114,112,97,38,119,43,109,33,98,78,20" hai2="126,121,57,108,101,128,17,106,51,104,55,111,107" hai3="22,8,132,0,68,122,41,63,48,79,60,90,85"/><W61/><G122/><T100/><D100/><U103/><E33/><V42/><F121/><W53/><G132/><T72/><D37/><U70/><E70/><V25/><F128/><W56/><G79/><T46/><D32/><U66/><E66/><V7/><F7/><W35/><G35/><T75/><REACH who="0" step="1"/><D27/><REACH who="0" ten="299,253,240,198" step="2"/><U120/><E120/><V110/><F101/><W105/><G105/><T58/><D58/><U83/><E119/><V124/><F42/><AGARI ba="0,1" hai="2,4,6,9,10,12,42,46,50,72,74,75,76,80" machi="42" ten="30,3900,0" yaku="1,1,7,1,52,1,53,0" doraHai="34" doraHaiUra="99" who="0" fromWho="2" sc="299,49,253,0,240,-39,198,0" /><INIT seed="4,0,0,1,1,16" ten="348,253,201,198" oya="0" hai0="91,74,109,36,65,94,105,97,88,50,61,9,96" hai1="100,33,53,39,113,10,112,11,104,55,83,2,51" hai2="63,20,7,95,84,106,103,42,78,12,71,59,124" hai3="40,75,101,126,68,14,56,70,47,82,17,0,6"/><T43/><D74/><U73/><E39/><V34/><F124/><W28/><G126/><T120/><D120/><U102/><E33/><V85/><F71/><W45/><G28/><T49/><D109/><U5/><E11/><V72/><F34/><W116/><G116/><T80/><D36/><U24/><E24/><V66/><F106/><W8/><G101/><N who="1" m="39018" /><E104/><V130/><F130/><W69/><G56/><N who="0" m="37031" /><D105/><U62/><E62/><V67/><F72/><W121/><G121/><T60/><D60/><U107/><E107/><V32/><F67/><W135/><G135/><T79/><D43/><U125/><E125/><V131/><F32/><W93/><G93/><N who="0" m="56359" /><D9/><U35/><E35/><V132/><F131/><W122/><G122/><T22/><D79/><N who="1" m="44527" /><E51/><V38/><F38/><W134/><G134/><T99/><D80/><U64/><E64/><V18/><F132/><W119/><G119/><T89/><D22/><U57/><E57/><V31/><F31/><W37/><G47/><T108/><D108/><U123/><E123/><V48/><F48/><W76/><G70/><T127/><D127/><U98/><E98/><V21/><F42/><W27/><G27/><T13/><D13/><U29/><E29/><V128/><F128/><W41/><G40/><T23/><D23/><AGARI ba="0,0" hai="0,6,8,14,17,23,37,41,45,68,69,75,76,82" machi="23" ten="30,7700,0" yaku="7,1,25,2,52,1" doraHai="16" who="3" fromWho="0" sc="348,-77,253,0,201,0,198,77" /><INIT seed="5,0,0,5,3,1" ten="271,253,201,275" oya="1" hai0="129,78,87,43,51,71,97,20,95,18,74,37,89" hai1="7,101,36,83,3,41,33,0,13,130,102,44,38" hai2="91,61,96,124,68,81,49,135,77,132,100,84,72" hai3="85,30,120,26,65,73,66,25,48,75,131,105,125"/><U24/><E38/><V56/><F68/><W123/><G85/><T126/><D71/><U106/><E130/><V115/><F49/><W62/><G48/><T58/><D126/><U114/><E114/><V15/><F15/><W9/><G9/><T59/><D129/><U14/><E14/><V69/><F69/><W16/><G131/><T80/><D37/><U94/><E106/><N who="2" m="63751" /><F56/><W112/><G125/><T23/><D74/><U11/><E83/><N who="2" m="49567" /><F61/><W57/><G57/><N who="0" m="21515" /><D18/><U60/><E60/><V42/><F42/><W86/><G62/><T2/><D2/><U119/><E119/><V122/><F124/><W93/><G30/><T31/><D31/><U99/><REACH who="1" step="1"/><E102/><REACH who="1" ten="271,243,201,275" step="2"/><V39/><F115/><W127/><G112/><T90/><D78/><U107/><E107/><V35/><F39/><W134/><G105/><T4/><D4/><U109/><E109/><V46/><F122/><W110/><G127/><T67/><D67/><U82/><E82/><V10/><F81/><W53/><G120/><T19/><D19/><U40/><E40/><V6/><F6/><W79/><G16/><T103/><D103/><U21/><E21/><V98/><F35/><W50/><G123/><T116/><D116/><U63/><E63/><V118/><F118/><W17/><G65/><T133/><D133/><U28/><AGARI ba="0,1" hai="0,3,7,11,13,24,28,33,36,41,44,94,99,101" machi="28" ten="30,6000,0" yaku="1,1,0,1,52,1,53,0" doraHai="1" doraHaiUra="12" who="1" fromWho="1" sc="271,-20,243,70,201,-20,275,-20" /><INIT seed="5,1,0,0,3,41" ten="251,313,181,255" oya="1" hai0="100,120,56,70,1,35,128,69,33,24,88,117,81" hai1="132,85,107,60,58,95,116,57,12,113,83,71,30" hai2="50,92,89,51,63,8,46,86,129,4,55,28,36" hai3="74,112,48,22,68,124,111,10,66,73,64,122,103"/><U90/><E116/><V134/><F134/><W6/><G122/><T52/><D117/><U53/><E107/><V14/><F129/><W82/><G111/><T34/><D1/><U123/><E123/><V32/><F36/><W108/><G108/><T121/><D128/><U72/><E71/><V2/><F32/><W75/><G103/><T114/><D114/><U84/><E132/><V3/><F28/><W118/><G118/><T87/><D121/><U39/><E72/><V65/><REACH who="2" step="1"/><F51/><REACH who="2" ten="251,313,171,255" step="2"/><W106/><G48/><T44/><D120/><U77/><E39/><V93/><F93/><W96/><G106/><T109/><D109/><U99/><E113/><V105/><F105/><W0/><G112/><T21/><D100/><U97/><E30/><V26/><F26/><W25/><G25/><T7/><D7/><U76/><E77/><V47/><F47/><W80/><G6/><T94/><D44/><U133/><E133/><V31/><F31/><W62/><G82/><T20/><D24/><U104/><E104/><V130/><F130/><W126/><G80/><T91/><D70/><AGARI ba="1,1" hai="2,3,4,8,14,46,50,55,63,65,70,86,89,92" machi="70" ten="30,3900,0" yaku="1,1,7,1,52,1,53,0" doraHai="41" doraHaiUra="27" who="2" fromWho="0" sc="251,-42,313,0,171,52,255,0" /><INIT seed="6,0,0,2,5,54" ten="209,313,223,255" oya="2" hai0="4,33,39,19,42,128,132,101,69,58,79,14,65" hai1="71,94,67,91,61,102,41,9,60,16,64,107,59" hai2="76,119,12,7,100,51,125,55,66,131,129,22,97" hai3="45,18,92,106,37,87,25,77,78,43,81,117,121"/><V13/><F119/><W15/><G117/><T75/><D33/><U99/><E41/><V5/><F125/><W80/><G106/><T120/><D120/><U109/><E109/><V82/><F66/><W88/><G121/><T113/><D69/><U21/><E9/><V57/><F13/><W84/><G25/><T29/><D29/><U105/><REACH who="1" step="1"/><E102/><REACH who="1" ten="209,303,223,255" step="2"/><V112/><F112/><W110/><G110/><T36/><D101/><U108/><E108/><V48/><F22/><W11/><REACH who="3" step="1"/><G92/><REACH who="3" ten="209,303,223,245" step="2"/><T23/><D113/><U83/><E83/><V62/><F131/><W38/><G38/><T52/><D128/><U56/><E56/><V31/><F129/><W123/><G123/><T34/><D39/><U134/><E134/><V111/><F111/><W8/><G8/><T118/><D132/><U96/><E96/><V10/><F10/><W40/><G40/><T17/><D42/><U44/><E44/><V130/><F130/><W27/><G27/><AGARI ba="0,2" hai="16,21,27,59,60,61,64,67,71,91,94,99,105,107" machi="27" ten="30,7700,0" yaku="1,1,7,1,52,1,54,1,53,0" doraHai="54" doraHaiUra="6" who="1" fromWho="3" sc="209,0,303,97,223,0,245,-77" /><INIT seed="7,0,0,0,1,114" ten="209,400,223,168" oya="3" hai0="123,67,116,90,127,54,42,119,83,80,103,48,63" hai1="87,104,68,36,49,70,47,97,118,55,131,0,79" hai2="19,113,56,72,28,111,58,31,126,121,71,27,81" hai3="110,1,32,29,78,57,135,133,3,53,16,12,109"/><W125/><G78/><T37/><D123/><U2/><E36/><V106/><F121/><W89/><G89/><T84/><D103/><U92/><E104/><V99/><F106/><W15/><G125/><T91/><D127/><U61/><E118/><V73/><F99/><W23/><G57/><N who="0" m="32967" /><D91/><U69/><E131/><V75/><F71/><W105/><G53/><T115/><D115/><U82/><REACH who="1" step="1"/><E61/><REACH who="1" ten="209,390,223,168" step="2"/><V60/><F60/><W85/><G105/><T4/><D119/><U77/><E77/><V22/><F126/><W30/><G85/><T6/><D116/><U62/><E62/><V132/><F73/><W25/><G30/><T107/><D107/><U33/><E33/><V9/><F31/><W101/><G101/><AGARI ba="0,1" hai="0,2,47,49,55,68,69,70,79,82,87,92,97,101" machi="101" ten="40,1300,0" yaku="1,1,53,0" doraHai="114" doraHaiUra="17" who="1" fromWho="3" sc="209,0,390,23,223,0,168,-13" owari="209,-19.0,413,51.0,223,2.0,155,-34.0" /></mjloggm>