<mjloggm ver="2.3"><GO type="169" lobby="0"/><UN n0="%EF%BC%88%E2%89%A7%E2%96%BD%E2%89%A6%EF%BC%89" n1="%E6%AD%A6%E5%A3%AB%E6%B2%A2%E7%A7%80%E8%A1%8C" n2="%E6%B9%8A%E3%81%AE%E9%87%A3%E5%B8%AB" n3="%4E%69%65%6C" dan="17,16,16,16" rate="2131.62,2125.60,2093.35,2068.72" sx="M,M,M,M"/><TAIKYOKU oya="0"/><INIT seed="0,0,0,2,1,117" ten="250,250,250,250" oya="0" hai0="79,23,20,120,4,106,132,66,128,28,51,82,37" hai1="97,47,59,36,54,42,115,123,76,96,17,9,69" hai2="29,92,39,122,16,133,58,131,78,68,6,125,3" hai3="91,43,104,32,62,85,5,102,112,61,64,75,88"/><T44/><D106/><U86/><E115/><V72/><F68/><W21/><G112/><T11/><D128/><U14/><E69/><V110/><F131/><W30/><G75/><T34/><D132/><U100/><E123/><V101/><F29/><W7/><G32/><T127/><D127/><U45/><E45/><V10/><F133/><W116/><G116/><T63/><D34/><U60/><E100/><V26/><F39/><W134/><G134/><T89/><D89/><U56/><E76/><V126/><F110/><W35/><G35/><T49/><D37/><U129/><E129/><V53/><F78/><W80/><G43/><T2/><D120/><U87/><E87/><V119/><F72/><W113/><G113/><T48/><D44/><U130/><E130/><V52/><F119/><W27/><G62/><T22/><D28/><U67/><E86/><V74/><F74/><W33/><G21/><T65/><REACH who="0" step="1"/><D63/><AGARI ba="0,0" hai="9,14,17,36,42,47,54,56,59,60,63,67,96,97" machi="63" ten="30,1000,0" yaku="7,1" doraHai="117" who="1" fromWho="0" sc="250,-10,250,10,250,0,250,0" /><INIT seed="1,0,0,1,2,87" ten="240,260,250,250" oya="1" hai0="35,78,41,44,22,119,93,28,53,20,64,105,47" hai1="135,97,31,130,61,85,68,109,121,114,8,104,92" hai2="73,118,50,94,19,15,2,95,25,11,110,112,42" hai3="52,84,69,46,124,83,108,106,74,115,72,29,39"/><U54/><E121/><V33/><F118/><W62/><G108/><T17/><D105/><U5/><E114/><V3/><F73/><W120/><G115/><T23/><D119/><U131/><E109/><V71/><F71/><W132/><G120/><T76/><D64/><U48/><E31/><V55/><F110/><W123/><G123/><T129/><D129/><U10/><E135/><V13/><F42/><W113/><G106/><T122/><D122/><U60/><E85/><V107/><F107/><W34/><G113/><T0/><D0/><U1/><E10/><V49/><F49/><W79/><G132/><T133/><D133/><U40/><E40/><V16/><F112/><W59/><G124/><T43/><D17/><U88/><E104/><V12/><F12/><W103/><G103/><T57/><D35/><U96/><E96/><V98/><F95/><W91/><G79/><N who="0" m="30251" /><D28/><U30/><E30/><V86/><F25/><W7/><G7/><T45/><D93/><U65/><REACH who="1" step="1"/><E61/><AGARI ba="0,0" hai="20,22,23,41,43,44,45,47,53,57,61" m="30251" machi="61" ten="30,1000,0" yaku="8,1" doraHai="87" who="0" fromWho="1" sc="240,10,260,-10,250,0,250,0" /><INIT seed="2,0,0,3,2,107" ten="250,250,250,250" oya="2" hai0="109,44,15,9,42,75,126,51,124,118,10,73,56" hai1="18,2,91,34,22,5,20,77,54,17,32,60,117" hai2="104,128,115,69,1,97,8,50,13,35,61,31,68" hai3="53,135,92,125,47,74,30,64,58,63,27,52,0"/><V134/><F115/><W127/><G0/><T29/><D109/><U96/><E77/><V70/><F1/><W16/><G135/><T90/><D118/><U57/><E117/><V72/><F72/><N who="0" m="27722" /><D29/><U12/><E5/><V85/><F134/><W14/><G74/><T26/><D26/><N who="1" m="14607" /><E2/><V89/><F50/><W98/><G47/><T116/><D116/><U103/><E103/><N who="2" m="62575" /><F128/><W130/><G130/><T45/><D56/><U106/><E106/><V99/><F99/><W120/><G120/><T95/><D44/><U38/><E38/><V114/><F114/><W100/><G27/><T83/><D83/><U36/><E36/><V102/><F102/><W24/><G24/><T6/><D15/><U121/><E121/><V3/><F13/><W41/><G41/><T65/><D6/><U62/><E62/><V129/><F129/><W110/><G110/><T43/><D43/><U78/><E78/><V111/><F111/><W101/><G30/><T39/><D39/><U122/><E122/><V88/><F61/><W131/><G131/><T28/><D28/><U119/><E119/><V93/><F69/><W86/><G101/><T132/><D132/><U76/><E60/><V7/><F70/><W80/><G64/><T84/><D65/><U33/><E33/><V82/><F68/><W46/><G46/><T133/><D133/><U59/><E34/><V23/><F35/><W81/><G53/><T25/><D25/><U66/><E32/><V113/><F113/><W37/><G37/><T40/><D40/><U123/><E54/><V55/><F55/><W19/><G52/><RYUUKYOKU ba="0,0" sc="250,30,250,-10,250,-10,250,-10" hai0="9,10,42,45,51,84,90,95,124,126" /><INIT seed="3,1,0,4,3,120" ten="280,240,240,240" oya="3" hai0="88,104,77,22,100,26,13,107,122,52,96,123,93" hai1="94,82,45,28,125,66,17,75,81,1,32,73,65" hai2="61,111,30,14,132,126,103,41,33,92,10,18,76" hai3="69,67,9,114,46,131,48,84,87,108,115,31,12"/><W4/><G131/><T6/><D77/><U44/><E1/><V91/><F103/><W15/><G31/><T95/><D107/><U105/><E105/><V74/><F41/><W127/><G127/><T86/><D104/><U101/><E28/><V35/><F126/><W97/><G97/><T11/><REACH who="0" step="1"/><D52/><REACH who="0" ten="270,240,240,240" step="2"/><U16/><E125/><V124/><F76/><W128/><G114/><T90/><D90/><U0/><E0/><V53/><F53/><W135/><G115/><T20/><D20/><U106/><E106/><V57/><F91/><W130/><G128/><T42/><D42/><U34/><E94/><V7/><F35/><W109/><G130/><T47/><D47/><U21/><REACH who="1" step="1"/><E21/><REACH who="1" ten="270,230,240,240" step="2"/><V29/><F124/><W19/><G135/><T80/><D80/><U39/><E39/><V113/><F132/><W68/><G67/><T24/><D24/><U112/><E112/><V89/><F113/><W3/><G3/><T58/><D58/><U62/><E62/><V133/><F57/><W98/><G69/><T50/><D50/><U99/><E99/><V59/><F59/><W36/><G68/><T121/><D121/><U110/><E110/><N who="3" m="42602" /><G98/><T8/><D8/><U49/><E49/><V71/><F111/><W63/><G36/><T23/><D23/><U117/><E117/><V38/><F38/><W72/><G63/><T55/><D55/><U2/><E2/><V64/><F133/><W54/><G72/><T27/><D27/><U102/><AGARI ba="1,2" hai="16,17,32,34,44,45,65,66,73,75,81,82,101,102" machi="102" ten="25,8000,1" yaku="1,1,0,1,22,2,54,1,53,0" doraHai="120" doraHaiUra="37" who="1" fromWho="1" sc="270,-21,230,103,240,-21,240,-41" /><INIT seed="4,0,0,4,0,51" ten="249,333,219,199" oya="0" hai0="105,128,20,37,13,8,10,6,33,85,126,22,125" hai1="55,120,65,3,24,12,135,75,103,88,77,19,18" hai2="29,39,63,79,131,114,118,86,97,122,4,98,80" hai3="23,91,71,14,32,43,116,78,54,45,74,44,38"/><T89/><D37/><U17/><E120/><V70/><F122/><W60/><G116/><T83/><D128/><U81/><E3/><V119/><F131/><W127/><G32/><T111/><D111/><U129/><E129/><V59/><F70/><W52/><G127/><N who="0" m="48651" /><D33/><U82/><E135/><V48/><F39/><W92/><G44/><T104/><D8/><U2/><E2/><V124/><F124/><W64/><G78/><T41/><D41/><U110/><E110/><V101/><F29/><W9/><G74/><T121/><D121/><U95/><E24/><V106/><F98/><W94/><G23/><AGARI ba="0,0" hai="6,10,13,20,22,23,83,85,89,104,105" m="48651" machi="23" ten="30,1500,0" yaku="18,1" doraHai="51" who="0" fromWho="3" sc="249,15,333,0,219,0,199,-15" /><INIT seed="4,1,0,2,3,53" ten="264,333,219,184" oya="0" hai0="77,49,7,118,22,87,1,123,56,99,79,82,133" hai1="73,6,40,14,58,68,126,80,96,132,74,112,104" hai2="95,48,94,30,3,41,109,13,88,47,125,108,62" hai3="122,42,92,90,60,83,63,28,23,21,0,65,11"/><T93/><D123/><U32/><E68/><V116/><F3/><W12/><G122/><T19/><D118/><U27/><E40/><V51/><F116/><W20/><G0/><T43/><D133/><U31/><E132/><V111/><F125/><W127/><G127/><T37/><D37/><U72/><E126/><V131/><F131/><W15/><G28/><T86/><D1/><U101/><E112/><V35/><F95/><W107/><G107/><T103/><D7/><U57/><REACH who="1" step="1"/><E80/><REACH who="1" ten="264,323,219,184" step="2"/><V26/><F13/><W24/><G83/><N who="0" m="47487" /><D43/><U4/><E4/><V124/><F124/><W66/><G42/><T115/><D115/><U120/><E120/><V8/><F41/><W64/><G24/><N who="0" m="14431" /><D49/><U38/><E38/><V2/><F51/><W33/><G33/><T39/><D39/><U128/><E128/><V98/><F48/><W129/><G129/><T16/><D56/><U18/><E18/><AGARI ba="1,1" hai="16,18,77,82,87,93,99,103" m="14431,47487" machi="18" ten="30,2900,0" yaku="8,1,54,1" doraHai="53" who="0" fromWho="1" sc="264,42,323,-32,219,0,184,0" /><INIT seed="4,2,0,4,2,120" ten="306,291,219,184" oya="0" hai0="108,84,135,29,7,83,26,127,44,69,130,70,102" hai1="125,101,3,23,28,103,11,123,121,104,5,1,65" hai2="14,59,113,27,31,114,118,62,2,37,78,6,49" hai3="67,96,0,66,72,32,36,41,25,74,122,52,19"/><T111/><D102/><U77/><E125/><V42/><F118/><W64/><G122/><T107/><D107/><U126/><E126/><V51/><F2/><W73/><G0/><T39/><D7/><U100/><E104/><V4/><F78/><W56/><G96/><T94/><D94/><U63/><E1/><V105/><F105/><W38/><G41/><N who="0" m="22591" /><D127/><U10/><E10/><N who="2" m="4423" /><F6/><W119/><G119/><T117/><D117/><U116/><E77/><V86/><F37/><W24/><G24/><T40/><D40/><U90/><E90/><V95/><F42/><W98/><G98/><T92/><D92/><U54/><E54/><N who="2" m="34167" /><F86/><W61/><REACH who="3" step="1"/><G19/><REACH who="3" ten="306,291,219,174" step="2"/><T89/><D26/><U88/><E116/><V133/><F27/><W16/><G16/><T80/><D29/><AGARI ba="2,1" hai="25,29,32,36,38,52,56,61,64,66,67,72,73,74" machi="29" ten="50,6400,0" yaku="1,1,54,1,53,1" doraHai="120" doraHaiUra="53" who="3" fromWho="0" sc="306,-70,291,0,219,0,174,80" /><INIT seed="5,0,0,1,1,43" ten="236,291,219,254" oya="1" hai0="16,31,58,14,55,15,128,33,99,59,132,26,105" hai1="67,109,69,20,41,63,37,125,87,92,131,111,0" hai2="36,28,38,79,17,113,45,44,86,120,52,39,2" hai3="97,22,119,56,85,103,6,68,116,23,24,54,104"/><U50/><E0/><V12/><F120/><W25/><G68/><T1/><D1/><U62/><E125/><V73/><F2/><W5/><G85/><T106/><D132/><U101/><E131/><V74/><F28/><W48/><G23/><T121/><D121/><U9/><E37/><V19/><F86/><W100/><G103/><T3/><D3/><U46/><E63/><V32/><F32/><W13/><G13/><T95/><D14/><U78/><E9/><V29/><F29/><N who="3" m="17559" /><G25/><T40/><D128/><U123/><E123/><V108/><F108/><W117/><AGARI ba="0,0" hai="5,6,48,54,56,97,100,104,116,117,119" m="17559" machi="117" ten="30,1100,0" yaku="12,1" doraHai="43" who="3" fromWho="3" sc="236,-3,291,-5,219,-3,254,11" /><INIT seed="6,0,0,2,1,98" ten="233,286,216,265" oya="2" hai0="64,51,66,27,109,93,71,72,44,26,90,135,45" hai1="110,68,47,53,119,81,13,3,37,14,117,25,134" hai2="65,5,107,11,40,85,24,42,63,94,95,100,0" hai3="18,83,87,86,92,16,7,32,52,22,114,74,78"/><V84/><F107/><W130/><G32/><T105/><D72/><U59/><E68/><V88/><F24/><N who="0" m="9258" /><D71/><U122/><E3/><V132/><F132/><W97/><G130/><T57/><D105/><U12/><E122/><V39/><F39/><W127/><G127/><T36/><D36/><U124/><E134/><V99/><REACH who="2" step="1"/><F85/><REACH who="2" ten="233,286,206,265" step="2"/><W116/><G87/><N who="0" m="52447" /><D135/><U121/><E25/><V10/><F10/><W54/><G74/><T4/><D109/><U67/><E110/><V33/><F33/><W61/><G86/><T49/><D4/><U31/><E37/><V129/><F129/><W82/><G7/><T60/><D66/><U38/><E67/><V62/><F62/><W73/><G61/><T70/><D70/><AGARI ba="0,1" hai="0,5,11,40,42,63,65,70,84,88,94,95,99,100" machi="70" ten="30,11600,0" yaku="1,1,7,1,52,1,54,1,53,0" doraHai="98" doraHaiUra="118" who="2" fromWho="0" sc="233,-116,286,0,206,126,265,0" /><INIT seed="6,1,0,3,1,134" ten="117,286,332,265" oya="2" hai0="40,90,92,23,89,6,25,26,29,37,0,2,50" hai1="111,28,60,10,102,118,91,132,4,78,81,112,96" hai2="13,32,22,130,119,59,107,85,35,113,98,103,124" hai3="12,131,74,61,93,3,106,56,52,30,114,9,88"/><V46/><F119/><W129/><G106/><T27/><D37/><U45/><E118/><V80/><F130/><N who="3" m="49675" /><G74/><T7/><D2/><U135/><E111/><V128/><F128/><W70/><G30/><T75/><D75/><U53/><E28/><V31/><F46/><W1/><G70/><T54/><D40/><U17/><E112/><V57/><F113/><W125/><G125/><T62/><D62/><U76/><E76/><V79/><F124/><W38/><G38/><T101/><D101/><U48/><E60/><V19/><F31/><W123/><G123/><T127/><D127/><U21/><E91/><V86/><REACH who="2" step="1"/><F85/><REACH who="2" ten="117,286,322,265" step="2"/><N who="3" m="52367" /><G114/><T66/><D0/><U109/><E135/><V68/><F68/><W42/><G42/><T108/><D108/><U121/><E132/><V73/><F73/><W122/><G122/><T69/><D69/><U65/><E121/><V43/><F43/><W34/><G34/><AGARI ba="1,1" hai="13,19,22,32,34,35,57,59,79,80,86,98,103,107" machi="34" ten="40,2000,0" yaku="1,1,53,0" doraHai="134" doraHaiUra="24" who="2" fromWho="3" sc="117,0,286,0,322,33,265,-23" /><INIT seed="6,2,0,4,1,56" ten="117,286,355,242" oya="2" hai0="21,84,43,52,83,17,117,54,38,118,37,20,72" hai1="28,45,104,66,77,36,2,121,70,75,6,51,71" hai2="30,100,65,4,62,73,81,25,128,59,132,67,126" hai3="22,97,55,27,99,74,53,123,109,40,101,130,1"/><V133/><F128/><W88/><G109/><T61/><D72/><U15/><E121/><V76/><F126/><W119/><G123/><T8/><D8/><N who="1" m="2135" /><E15/><V41/><F41/><W78/><G119/><N who="0" m="45579" /><D43/><N who="1" m="22759" /><E51/><V134/><F4/><W47/><G1/><T105/><D105/><U7/><E7/><V42/><F42/><W64/><G64/><T35/><D35/><U96/><E28/><V32/><F100/><W112/><G130/><T24/><D21/><U110/><E66/><AGARI ba="2,0" hai="25,30,32,59,62,65,66,67,73,76,81,132,133,134" machi="66" ten="40,3900,0" yaku="20,1,52,1" doraHai="56" who="2" fromWho="1" sc="117,0,286,-45,355,45,242,0" /><INIT seed="6,3,0,1,3,72" ten="117,241,400,242" oya="2" hai0="59,61,120,34,38,14,110,86,75,132,129,9,126" hai1="63,53,8,77,127,106,67,84,89,40,44,23,52" hai2="26,85,83,42,56,114,71,107,50,98,10,24,112" hai3="115,18,3,22,105,80,78,4,66,49,41,93,15"/><V109/><F71/><W108/><G108/><T96/><D120/><U30/><E106/><V134/><F109/><W60/><G105/><T54/><D110/><U57/><E127/><V20/><F10/><W74/><G115/><T91/><D126/><U37/><E77/><N who="2" m="46319" /><F134/><W64/><G3/><T13/><D132/><U43/><E43/><V118/><F118/><W32/><G32/><T135/><D135/><U6/><E23/><V102/><F20/><W47/><G4/><T35/><D129/><U19/><E30/><V7/><F7/><W117/><G117/><T70/><D75/><U16/><E53/><N who="2" m="31799" /><F42/><W68/><G93/><T27/><D70/><U12/><E67/><V48/><F48/><W104/><G104/><T1/><D38/><U99/><E99/><V124/><F124/><W39/><REACH who="3" step="1"/><G66/><REACH who="3" ten="117,241,400,232" step="2"/><T119/><D119/><U122/><E122/><V46/><F107/><W79/><G79/><T73/><D1/><U81/><AGARI ba="3,1" hai="6,8,12,16,19,37,40,44,52,57,63,81,84,89" machi="81" ten="20,5200,0" yaku="0,1,7,1,54,2" doraHai="72" who="1" fromWho="1" sc="117,-16,241,71,400,-29,232,-16" /><INIT seed="7,0,0,4,0,72" ten="101,312,371,216" oya="3" hai0="63,108,64,73,57,111,20,28,7,3,61,110,80" hai1="104,43,26,19,115,83,112,132,14,8,125,30,101" hai2="0,29,45,23,117,54,109,128,130,52,134,37,33" hai3="27,58,39,105,96,18,40,38,113,135,118,36,5"/><W77/><G118/><T114/><D114/><N who="1" m="43563" /><E125/><V4/><F117/><W81/><G113/><T70/><D20/><N who="1" m="15687" /><E132/><V53/><F109/><W91/><G135/><T42/><D28/><U35/><E35/><V123/><F134/><W98/><G5/><T124/><D124/><U21/><E43/><V93/><F33/><W78/><G18/><T51/><D42/><U49/><E49/><V131/><F123/><W48/><G27/><T71/><D51/><U1/><E83/><V25/><F37/><W121/><G121/><T12/><D3/><U15/><E1/><V46/><F93/><W41/><G58/><T24/><D24/><N who="1" m="14399" /><E8/><AGARI ba="0,0" hai="0,4,8,23,25,29,45,46,52,53,54,128,130,131" machi="8" ten="50,3200,0" yaku="19,1,54,1" doraHai="72" who="2" fromWho="1" sc="101,0,312,-32,371,32,216,0" owari="101,-40.0,280,8.0,403,50.0,216,-18.0" /></mjloggm>