<mjloggm ver="2.3"><GO type="41"/><UN n0="%E7%89%8C%E5%96%B0%E3%81%84" n1="%E3%81%86%E3%81%9F%E3%81%BE" n2="%43%48%52%4F%4E%55%53" n3="%E3%82%A6%E3%83%AB%E3%83%88%E3%83%A9%E7%AB%8B%E7%9B%B4" dan="15,15,15,15" rate="2012,1985,1958,1965" sx="M,M,M,M"/><TAIKYOKU oya="0"/><INIT seed="0,0,0,2,3,122" ten="250,250,250,250" oya="0" hai0="33,13,20,36,59,51,70,10,117,15,133,0,83" hai1="106,81,32,134,39,6,30,108,99,19,75,110,107" hai2="48,72,79,54,23,38,121,3,34,100,45,49,1" hai3="58,22,60,44,91,88,24,9,112,62,17,119,109"/><T94/><D117/><U111/><E39/><V63/><F121/><W27/><G112/><T47/><D70/><U116/><E116/><V89/><F34/><W73/><G73/><T76/><D33/><U135/><E6/><V43/><F100/><W41/><G119/><T97/><D133/><N who="1" m="50699" /><E99/><V66/><F89/><W132/><G109/><T105/><D105/><N who="1" m="39947" /><E19/><V14/><F48/><W57/><G132/><T126/><D36/><U16/><E16/><V113/><F113/><W92/><G9/><T74/><D0/><U131/><E131/><V5/><F23/><W93/><G17/><T86/><D20/><U124/><E124/><V64/><F14/><W61/><G22/><T52/><D126/><U87/><E75/><V7/><F7/><W125/><G125/><T8/><D74/><U101/><E101/><V128/><F5/><W42/><G60/><T129/><D129/><U26/><E87/><V11/><F11/><N who="0" m="4138" /><D47/><AGARI ba="0,0" hai="24,27,41,42,44,47,57,58,61,62,88,91,92,93" machi="47" ten="25,6400,0" yaku="22,2,8,1,54,1" doraHai="122" who="3" fromWho="0" sc="250,-64,250,0,250,0,250,64" /><INIT seed="1,0,0,0,1,84" ten="186,250,250,314" oya="1" hai0="88,6,17,27,32,116,128,120,5,129,101,45,112" hai1="124,68,30,74,126,54,18,122,63,36,82,72,133" hai2="78,70,85,113,93,97,15,44,99,65,132,89,115" hai3="13,131,47,55,29,23,40,135,53,123,79,26,22"/><U8/><E122/><V12/><F70/><W59/><G123/><T64/><D120/><U118/><E36/><V16/><F65/><W56/><G131/><T67/><D116/><U61/><E118/><V31/><F132/><W76/><G40/><T108/><D112/><N who="2" m="43082" /><F31/><W107/><G47/><T111/><D101/><U9/><E133/><V114/><N who="2" m="43090" /><V80/><DORA hai="117" /><F44/><W25/><G13/><T92/><D45/><U66/><E30/><V4/><F4/><W41/><G41/><T43/><D43/><U21/><E82/><V49/><F49/><W46/><G46/><T60/><D32/><U57/><E72/><N who="2" m="43079" /><F12/><W94/><G29/><T50/><D50/><U2/><E74/><V81/><F81/><W106/><G135/><T119/><D119/><U39/><E39/><V34/><F34/><W91/><G56/><T62/><D27/><N who="1" m="14775" /><E2/><V105/><F105/><W87/><G106/><T52/><D17/><U10/><E63/><V98/><F85/><W73/><G107/><T48/><D48/><N who="1" m="30919" /><E68/><V100/><F100/><W58/><G73/><T130/><D130/><U121/><E121/><V0/><F0/><W95/><G87/><T71/><D71/><U75/><E75/><V42/><F42/><W110/><G59/><T77/><D52/><U3/><E3/><V19/><F19/><W69/><G58/><T11/><D11/><AGARI ba="0,0" hai="11,15,16,89,93,97,98,99" m="43079,43090" machi="11" ten="40,5200,0" yaku="11,1,52,1,54,1" doraHai="84,117" who="2" fromWho="0" sc="186,-52,250,0,250,52,314,0" /><INIT seed="2,0,0,1,4,100" ten="134,250,302,314" oya="2" hai0="64,27,44,66,51,28,132,81,135,55,87,83,122" hai1="93,62,61,120,95,35,33,50,40,97,36,119,32" hai2="25,77,70,49,23,45,130,72,108,103,16,24,73" hai3="0,82,8,75,30,59,90,104,109,96,63,26,131"/><V58/><F70/><W91/><G8/><T110/><D122/><U114/><E119/><V46/><F130/><W106/><G0/><T105/><D110/><U18/><E36/><V39/><F108/><W74/><G109/><T42/><D42/><U10/><E114/><V101/><F25/><W6/><G6/><T128/><D128/><U48/><E120/><V14/><F39/><W43/><G43/><T85/><D27/><U84/><E40/><V29/><F58/><W78/><G131/><T129/><D28/><U134/><E134/><V133/><F133/><W31/><G31/><T22/><D22/><U124/><E124/><V80/><F72/><W112/><G112/><T111/><D129/><U38/><E38/><V92/><F92/><N who="1" m="35401" /><E84/><V60/><F60/><N who="1" m="23145" /><E97/><V53/><REACH who="2" step="1"/><F46/><REACH who="2" ten="134,250,292,314" step="2"/><W107/><G74/><T17/><D111/><U57/><E57/><V69/><F69/><W21/><REACH who="3" step="1"/><G96/><REACH who="3" ten="134,250,292,304" step="2"/><T94/><D135/><U1/><E1/><V41/><F41/><W117/><G117/><T126/><D132/><U54/><E54/><AGARI ba="0,2" hai="21,26,30,54,59,63,75,78,82,90,91,104,106,107" machi="54" ten="40,8000,1" yaku="1,1,52,3,53,0" doraHai="100" doraHaiUra="4" who="3" fromWho="1" sc="134,0,250,-80,292,0,304,100" /><INIT seed="3,0,0,0,1,0" ten="134,170,292,404" oya="3" hai0="68,16,44,31,72,10,126,42,91,122,14,58,89" hai1="51,93,66,54,132,5,1,59,82,115,70,117,22" hai2="90,26,53,28,55,8,100,25,79,130,114,20,133" hai3="108,13,4,40,98,131,71,6,101,85,116,84,95"/><W105/><G71/><T128/><D122/><U107/><E117/><V129/><F114/><W125/><G116/><T77/><D68/><U94/><E115/><V32/><F133/><W52/><G40/><T45/><D128/><U96/><E132/><V65/><F65/><W123/><G123/><T17/><D126/><U3/><E3/><V83/><F100/><W64/><G64/><T12/><D31/><U67/><E70/><V27/><F90/><W46/><G131/><N who="2" m="50185" /><F8/><W81/><G125/><T120/><D120/><U113/><E113/><V18/><F27/><W112/><G112/><T119/><D119/><U24/><E107/><V102/><F102/><W30/><G30/><T33/><D33/><U106/><E106/><V19/><F19/><W99/><G13/><T104/><D104/><U29/><E82/><V110/><F110/><W9/><G9/><T61/><D72/><AGARI ba="0,0" hai="18,20,25,26,28,32,53,55,72,79,83" m="50185" machi="72" ten="30,1000,0" yaku="19,1" doraHai="0" who="2" fromWho="0" sc="134,-10,170,0,292,10,404,0" /><INIT seed="4,0,0,5,5,20" ten="124,170,302,404" oya="0" hai0="57,68,118,17,102,21,94,36,105,121,6,86,43" hai1="31,130,117,131,127,126,115,132,135,12,95,3,85" hai2="81,35,122,134,83,47,79,33,88,111,76,97,32" hai3="66,67,119,34,41,18,14,93,107,69,42,128,99"/><T9/><D118/><U53/><E3/><V113/><F111/><W61/><G66/><T123/><D68/><U72/><E72/><V44/><F122/><W52/><G107/><T48/><D105/><U46/><E117/><V109/><F109/><W58/><G34/><T39/><D39/><U59/><E46/><V40/><F113/><W89/><G128/><N who="1" m="49194" /><E115/><V49/><F134/><N who="1" m="51241" /><E31/><V133/><F133/><W103/><G119/><T71/><D71/><U15/><E95/><V37/><F83/><W54/><G42/><T2/><D36/><U112/><E85/><V96/><F96/><W91/><G41/><T4/><D4/><U65/><E65/><V30/><F30/><W50/><G54/><T38/><D38/><U110/><E110/><V13/><F97/><W64/><G64/><T1/><D1/><U51/><E112/><V74/><F47/><W24/><G67/><T62/><D43/><U25/><E25/><V26/><F26/><W104/><G69/><T63/><D123/><U106/><E106/><V8/><F37/><W120/><G120/><T11/><D121/><U28/><E28/><V100/><F74/><W78/><G104/><T73/><D73/><U70/><E70/><V101/><F44/><W124/><G24/><T129/><D129/><U77/><E77/><V108/><F79/><W22/><G78/><T55/><D11/><U82/><E82/><V23/><F76/><W29/><G29/><T116/><D116/><U5/><E5/><V60/><F8/><W27/><G93/><T7/><D7/><U10/><E10/><V16/><F108/><RYUUKYOKU ba="0,0" sc="124,-10,170,30,302,-10,404,-10" hai1="12,15,51,53,59,126,127" /><INIT seed="5,1,0,3,0,73" ten="114,200,292,394" oya="1" hai0="34,133,70,109,63,25,58,68,134,92,114,40,44" hai1="20,100,24,22,89,55,83,121,2,91,7,56,88" hai2="62,26,60,48,115,36,45,125,14,35,5,105,86" hai3="130,71,32,74,107,96,27,59,23,117,19,76,113"/><U49/><E121/><V9/><F105/><W66/><G59/><T11/><D11/><U57/><E100/><V79/><F125/><W111/><G19/><T124/><D92/><U102/><E102/><V112/><F36/><W10/><G23/><T126/><D25/><U123/><E123/><V13/><F13/><W69/><G10/><T50/><D34/><U75/><E7/><V31/><F62/><W61/><G111/><T67/><D114/><N who="2" m="43562" /><F60/><W18/><G18/><T106/><D106/><U78/><E2/><V103/><F103/><N who="3" m="62951" /><G113/><T64/><D109/><U128/><E128/><V110/><F110/><W127/><G127/><N who="0" m="48683" /><D67/><U97/><E97/><V77/><F86/><W81/><G130/><T37/><D37/><U54/><REACH who="1" step="1"/><E24/><REACH who="1" ten="114,190,292,394" step="2"/><V47/><F47/><W116/><G116/><T99/><D99/><U38/><E38/><V1/><F1/><W39/><G39/><T95/><D95/><U119/><E119/><V84/><F84/><W29/><G117/><T51/><D51/><AGARI ba="1,1" hai="20,22,49,51,54,55,56,57,75,78,83,88,89,91" machi="51" ten="40,12000,1" yaku="1,1,9,1,52,1,54,1,53,0" doraHai="73" doraHaiUra="93" who="1" fromWho="0" sc="114,-123,190,133,292,0,394,0" owari="-9,-51.0,323,12.0,292,-11.0,394,50.0" /></mjloggm>