<mjloggm ver="2.3"><GO type="41"/><UN n0="%64%61%72%6C%69%6E%36%30" n1="%EF%BC%83%E2%99%AD%EF%BC%84%EF%BC%85" n2="%44%69%6E%6F%73%61%75%72" n3="%E3%82%A6%E3%83%AB%E3%83%88%E3%83%A9%E7%AB%8B%E7%9B%B4" dan="15,15,13,15" rate="1979,1943,1904,1968" sx="M,M,M,M"/><TAIKYOKU oya="0"/><INIT seed="0,0,0,4,1,44" ten="250,250,250,250" oya="0" hai0="130,65,17,127,66,53,6,3,61,15,40,112,82" hai1="68,57,4,29,100,20,32,92,131,37,46,74,135" hai2="80,84,79,101,73,63,124,89,19,117,49,105,48" hai3="8,115,93,102,25,47,134,50,59,28,36,0,132"/><T7/><D40/><U120/><E20/><V64/><F124/><W22/><G115/><T24/><D112/><U106/><E57/><V119/><F101/><W56/><G36/><T41/><D41/><U13/><E92/><V111/><F19/><W11/><G0/><T38/><D38/><U9/><E13/><V30/><F30/><W67/><G132/><T126/><D3/><U55/><E55/><V43/><F43/><W35/><G35/><T91/><D24/><U27/><E74/><V110/><F105/><W69/><G69/><T86/><D130/><U95/><E95/><V26/><F26/><W118/><G59/><N who="0" m="37055" /><D66/><U12/><E106/><V98/><F98/><N who="3" m="59727" /><G134/><T70/><D70/><U109/><E68/><N who="2" m="42015" /><F79/><W85/><G118/><N who="2" m="45065" /><F73/><W21/><G67/><T88/><D91/><U14/><E27/><V116/><N who="2" m="45073" /><V97/><DORA hai="45" /><F97/><W99/><G99/><T23/><D53/><U51/><E37/><V123/><F123/><W62/><G25/><T128/><D128/><U77/><E120/><V18/><F18/><W10/><G28/><T94/><D94/><U104/><E29/><V39/><F39/><W83/><G83/><T107/><D107/><U121/><E104/><V114/><F114/><W129/><G129/><T5/><D127/><U42/><E121/><V2/><F2/><W108/><G85/><T31/><D126/><U54/><E131/><V16/><F16/><W34/><G34/><T60/><D31/><U76/><E32/><V90/><F89/><W58/><G22/><T75/><D75/><U122/><E122/><V87/><F87/><RYUUKYOKU ba="0,0" sc="250,15,250,-15,250,15,250,-15" hai0="5,6,7,15,17,23,60,82,86,88" hai2="48,49,80,84,90,110,111" /><INIT seed="0,1,0,2,1,120" ten="265,235,265,235" oya="0" hai0="16,5,103,83,42,60,44,57,99,128,89,4,87" hai1="118,77,55,0,114,22,40,82,101,47,75,56,124" hai2="17,59,86,8,69,73,123,94,31,72,106,51,104" hai3="63,108,19,92,119,102,66,90,95,53,6,35,50"/><T109/><D128/><U71/><E71/><V14/><F123/><W54/><G35/><T28/><D28/><U130/><E118/><V33/><F69/><W93/><G6/><T68/><D68/><U29/><E0/><V133/><F133/><W3/><G3/><T70/><D70/><U98/><E124/><V91/><F73/><W64/><G63/><T115/><D115/><U135/><E135/><V27/><F72/><W10/><G102/><T26/><D109/><U43/><E130/><V39/><F39/><W30/><G30/><T48/><D26/><U100/><E100/><V81/><F94/><W12/><G108/><T61/><D61/><U58/><E43/><V116/><F116/><W125/><G125/><T126/><D126/><U45/><E45/><V122/><F122/><W2/><G2/><T112/><D112/><U113/><E55/><V97/><F97/><W107/><G107/><T20/><D103/><U78/><E78/><V88/><F91/><W1/><G1/><T46/><D46/><U85/><E75/><V38/><F38/><W21/><G10/><T105/><D105/><U9/><E9/><V132/><F132/><W79/><G79/><T67/><D99/><U74/><E74/><V80/><F80/><W84/><G54/><T127/><D127/><U18/><E113/><V41/><F41/><W32/><G32/><T23/><D23/><U110/><E40/><V121/><F121/><W24/><G24/><T37/><D37/><U25/><E114/><V129/><F129/><W15/><G119/><T13/><AGARI ba="1,0" hai="4,5,13,16,20,42,44,48,57,60,67,83,87,89" machi="13" ten="20,7800,0" yaku="0,1,7,1,8,1,54,1" doraHai="120" who="0" fromWho="0" sc="265,81,235,-27,265,-27,235,-27" /><INIT seed="0,2,0,5,2,87" ten="346,208,238,208" oya="0" hai0="120,60,36,91,81,30,75,74,135,125,47,107,70" hai1="50,121,64,17,38,126,73,31,5,57,134,109,106" hai2="133,22,97,115,8,27,85,79,33,55,10,130,4" hai3="105,26,7,104,67,6,95,54,112,61,113,116,66"/><T23/><D107/><U98/><E17/><V82/><F115/><W94/><G61/><T13/><D120/><U59/><E98/><V63/><F133/><W44/><G44/><T128/><D75/><U46/><E5/><V21/><F130/><W100/><G26/><T129/><D74/><U58/><E31/><V15/><F33/><W32/><G54/><T16/><D135/><U45/><E73/><V110/><F110/><W62/><G62/><T0/><D0/><U90/><E106/><V1/><F27/><W35/><REACH who="3" step="1"/><G100/><REACH who="3" ten="346,208,238,198" step="2"/><T68/><D60/><N who="1" m="37903" /><E46/><V2/><F63/><W65/><G65/><T122/><D70/><U77/><E45/><V93/><F55/><W118/><AGARI ba="2,1" hai="6,7,32,35,66,67,94,95,104,105,112,113,116,118" machi="118" ten="25,6400,0" yaku="1,1,0,1,22,2,53,0" doraHai="87" doraHaiUra="84" who="3" fromWho="3" sc="346,-34,208,-18,238,-18,198,80" /><INIT seed="1,0,0,5,2,2" ten="312,190,220,278" oya="1" hai0="29,4,62,55,56,40,133,31,13,92,5,108,18" hai1="10,78,54,24,46,61,26,96,122,132,36,109,97" hai2="60,134,93,103,80,79,89,66,27,112,71,7,113" hai3="99,50,53,126,128,101,65,23,33,0,130,9,102"/><U85/><E122/><V107/><F134/><W70/><G33/><T131/><D40/><U12/><E132/><V49/><F27/><W28/><G101/><T86/><D133/><U118/><E118/><V88/><F49/><W94/><G126/><T68/><D68/><U129/><E36/><V59/><F71/><W91/><G91/><T34/><D131/><U82/><E129/><V39/><F39/><W111/><G70/><T17/><D34/><U22/><E26/><V21/><F21/><W100/><G100/><T41/><D41/><U15/><E15/><V110/><F110/><W73/><G73/><T52/><D108/><U20/><E20/><V8/><F107/><W121/><G65/><T51/><D18/><U47/><E47/><V83/><F83/><W63/><G63/><T64/><D64/><U104/><E104/><V98/><F112/><W135/><G135/><T72/><D72/><U81/><E81/><V14/><REACH who="2" step="1"/><F113/><REACH who="2" ten="312,190,210,278" step="2"/><W90/><G111/><T87/><D31/><N who="1" m="17815" /><E109/><V75/><AGARI ba="0,1" hai="7,8,14,59,60,66,75,79,80,88,89,93,98,103" machi="75" ten="20,8000,1" yaku="1,1,0,1,7,1,52,1,54,1,53,0" doraHai="2" doraHaiUra="30" who="2" fromWho="2" sc="312,-20,190,-40,210,90,278,-20" /><INIT seed="2,0,0,1,4,69" ten="292,150,300,258" oya="2" hai0="106,51,83,95,67,19,38,37,132,135,108,3,25" hai1="20,61,127,80,29,128,44,49,124,42,32,90,117" hai2="65,119,2,10,78,85,28,36,63,88,17,110,109" hai3="113,7,26,1,59,66,99,60,45,48,115,123,8"/><V4/><F28/><W14/><G123/><T86/><D3/><U52/><E128/><V27/><F119/><W87/><G99/><T84/><D106/><U9/><E32/><V47/><F27/><W11/><G26/><T15/><D67/><U130/><E130/><V96/><F96/><W50/><G87/><T93/><D25/><U116/><E20/><V68/><F78/><W72/><G72/><T35/><D35/><U125/><E29/><V102/><F102/><W64/><G64/><T114/><D114/><N who="3" m="43529" /><G45/><T22/><D108/><N who="2" m="41578" /><F17/><AGARI ba="0,0" hai="1,7,8,11,14,17,48,50,59,60,66" m="43529" machi="17" ten="30,1000,0" yaku="11,1" doraHai="69" who="3" fromWho="2" sc="292,0,150,0,300,-10,258,10" /><INIT seed="3,0,0,2,0,71" ten="292,150,290,268" oya="3" hai0="36,105,49,116,6,117,95,59,78,43,64,135,77" hai1="81,94,134,111,85,87,113,66,47,133,57,112,23" hai2="65,84,22,38,89,104,26,93,72,10,70,50,34" hai3="98,44,130,132,27,99,13,68,41,122,29,118,17"/><W121/><G68/><T119/><D105/><U69/><E69/><V128/><F128/><W79/><G118/><T46/><D6/><U61/><E111/><V31/><F10/><W24/><G130/><T102/><D78/><U3/><E3/><V63/><F104/><W2/><G2/><T96/><D77/><U15/><E94/><V30/><F72/><W101/><G79/><T76/><D76/><U75/><E75/><V90/><F34/><W129/><G129/><T9/><D9/><U80/><E47/><V7/><F7/><W16/><G17/><T100/><D135/><U14/><E23/><V21/><F50/><W48/><G132/><T12/><D12/><U115/><E115/><V1/><F1/><W18/><G18/><T28/><D102/><U73/><E73/><V82/><F22/><W11/><G27/><T131/><D131/><U33/><E57/><V125/><F125/><W127/><G99/><T62/><D119/><U92/><E92/><V52/><F52/><W126/><G122/><T45/><D28/><U51/><E51/><V56/><F70/><W103/><G121/><T67/><D67/><U53/><E66/><V88/><F38/><W107/><REACH who="3" step="1"/><G103/><REACH who="3" ten="292,150,290,258" step="2"/><T5/><D5/><U37/><E134/><V4/><F4/><W97/><G97/><T58/><D117/><U54/><E133/><V83/><F31/><W86/><G86/><T55/><D116/><U109/><E87/><V120/><F120/><W74/><G74/><T91/><D100/><U106/><E85/><V35/><F35/><AGARI ba="0,1" hai="11,13,16,24,29,35,41,44,48,98,101,107,126,127" machi="35" ten="40,7700,0" yaku="1,1,54,1,53,1" doraHai="71" doraHaiUra="40" who="3" fromWho="2" sc="292,0,150,0,290,-77,258,87" /><INIT seed="3,1,0,5,3,131" ten="292,150,213,345" oya="3" hai0="120,48,31,18,59,63,15,109,54,16,33,123,111" hai1="39,72,122,66,25,89,35,101,1,68,94,116,55" hai2="47,105,4,90,95,125,52,6,86,100,74,108,107" hai3="106,26,85,57,20,92,27,99,115,9,0,49,126"/><W37/><G37/><T53/><D33/><U71/><E72/><V73/><F108/><N who="0" m="41546" /><D31/><U118/><E1/><V87/><F125/><W119/><G126/><T77/><D77/><U121/><E101/><V51/><F105/><W44/><G27/><T12/><D12/><U75/><E75/><V110/><F110/><W64/><G106/><T127/><D127/><U29/><E39/><V132/><F74/><W58/><G85/><T81/><D81/><U65/><E55/><V14/><F73/><W7/><G119/><N who="1" m="45610" /><E66/><V70/><F70/><N who="1" m="26665" /><E65/><V82/><F107/><W130/><G64/><T3/><D3/><U62/><E62/><V24/><F100/><W80/><G80/><T30/><D30/><U133/><E133/><V129/><F129/><W60/><G130/><T13/><D54/><U56/><E56/><V91/><F132/><W36/><G60/><T42/><D63/><U117/><N who="1" m="45618" /><U67/><DORA hai="23" /><E67/><V76/><F76/><W112/><G36/><T17/><D42/><U78/><E78/><V69/><F69/><W128/><G128/><T34/><D123/><U22/><E35/><V134/><F134/><W84/><G84/><AGARI ba="1,0" hai="22,25,29,84,89,94,121,122" m="26665,45618" machi="84" ten="40,2600,0" yaku="12,1,52,1" doraHai="131,23" who="1" fromWho="3" sc="292,0,150,29,213,0,345,-29" /><INIT seed="4,0,0,0,5,58" ten="292,179,213,316" oya="0" hai0="98,34,121,74,7,91,25,79,73,28,52,42,83" hai1="27,99,80,82,94,92,50,9,29,89,70,76,116" hai2="104,16,49,41,62,11,20,60,8,88,31,133,125" hai3="38,122,6,45,35,81,110,17,40,128,112,93,111"/><T32/><D121/><U59/><E70/><V15/><F104/><W130/><G35/><T48/><D42/><U132/><E132/><V24/><F133/><W67/><G6/><T86/><D7/><U30/><E116/><V106/><F106/><W10/><G10/><T131/><D131/><N who="3" m="50217" /><G81/><T78/><D78/><U84/><E9/><V77/><F77/><W3/><G3/><T43/><D43/><U108/><E108/><V5/><F125/><W129/><G129/><T13/><D34/><U57/><E30/><V113/><F113/><W105/><G105/><T102/><D13/><U126/><E126/><V65/><F65/><W36/><G36/><T135/><D135/><U123/><E123/><V69/><F69/><W85/><G112/><T95/><REACH who="0" step="1"/><D79/><REACH who="0" ten="282,179,213,316" step="2"/><U54/><E76/><V22/><F5/><W23/><G122/><T47/><AGARI ba="0,1" hai="25,28,32,47,48,52,73,74,83,86,91,95,98,102" machi="47" ten="20,12000,1" yaku="1,1,2,1,0,1,7,1,54,1,53,0" doraHai="58" doraHaiUra="72" who="0" fromWho="0" sc="282,130,179,-40,213,-40,316,-40" /><INIT seed="4,1,0,1,4,24" ten="412,139,173,276" oya="0" hai0="34,26,42,58,48,59,46,84,31,78,73,6,95" hai1="2,121,22,32,99,21,36,40,18,97,76,70,81" hai2="92,65,60,0,30,115,53,43,37,96,90,89,7" hai3="27,80,51,135,108,16,79,132,20,134,110,114,64"/><T106/><D106/><U52/><E32/><V101/><F115/><W39/><G39/><T61/><D73/><U94/><E70/><V103/><F37/><W88/><G114/><T74/><D74/><U91/><E2/><V129/><F129/><W122/><G122/><T25/><D59/><U62/><E121/><V120/><F120/><W131/><G131/><T45/><D6/><U123/><E97/><V127/><F127/><W49/><G64/><T11/><D11/><U50/><E62/><V9/><F43/><W33/><G33/><T38/><D26/><U67/><E67/><V15/><F0/><W102/><G102/><T19/><D19/><U29/><E40/><V130/><F130/><W100/><G100/><T44/><D38/><U69/><E69/><V66/><F30/><W107/><G107/><T126/><D126/><U116/><E116/><V118/><F118/><W13/><G27/><T125/><D125/><U83/><E36/><V104/><F103/><W12/><G12/><T4/><D4/><U14/><E76/><V111/><F111/><W85/><G79/><T113/><D113/><U93/><E93/><V109/><F109/><AGARI ba="1,0" hai="13,16,20,49,51,80,85,88,108,109,110,132,134,135" machi="109" ten="50,6400,0" yaku="20,1,54,2" doraHai="24" who="3" fromWho="2" sc="412,0,139,0,173,-67,276,67" /><INIT seed="5,0,0,4,1,116" ten="412,139,106,343" oya="1" hai0="19,59,53,1,74,61,67,8,32,98,84,41,56" hai1="69,80,5,14,114,42,37,118,20,77,110,66,49" hai2="112,124,21,60,73,48,17,92,63,111,31,46,10" hai3="70,51,89,128,107,88,7,135,100,0,130,120,23"/><U26/><E114/><V4/><F73/><W113/><G70/><T119/><D74/><U132/><E132/><V123/><F123/><W102/><G7/><T86/><D32/><U44/><E110/><V35/><F111/><W133/><G0/><T36/><D119/><U121/><E121/><V93/><F124/><W58/><G23/><T68/><D59/><U6/><E14/><V62/><F35/><W33/><G33/><T108/><D108/><U12/><E12/><V22/><F31/><W52/><G120/><T78/><D98/><U47/><E66/><V45/><F112/><W25/><G25/><T75/><D19/><U24/><E24/><V101/><F101/><N who="3" m="39019" /><G107/><T15/><D15/><U106/><E106/><V38/><F38/><W83/><G113/><T103/><D103/><U96/><E96/><V125/><F125/><W90/><G83/><T40/><D75/><U131/><E131/><AGARI ba="0,0" hai="51,52,58,88,89,90,128,130,131,133,135" m="39019" machi="131" ten="40,5200,0" yaku="19,1,54,2" doraHai="116" who="3" fromWho="1" sc="412,0,139,-52,106,0,343,52" /><INIT seed="6,0,0,5,1,75" ten="412,87,106,395" oya="2" hai0="128,96,101,4,8,42,9,61,37,21,11,105,32" hai1="112,56,85,24,45,55,97,40,16,13,57,47,33" hai2="19,20,2,79,27,89,66,103,31,126,46,30,118" hai3="43,6,28,111,98,87,38,25,73,124,18,122,125"/><V100/><F118/><W93/><G73/><T63/><D32/><U134/><E112/><V67/><F2/><W121/><G43/><T64/><D63/><U94/><E134/><V34/><F126/><W80/><G38/><T133/><D133/><U35/><E85/><V78/><F46/><W131/><G6/><T132/><D132/><U104/><E104/><V36/><F36/><W41/><G18/><T0/><D128/><U129/><E56/><V130/><F130/><W110/><G41/><T81/><D21/><U108/><E108/><N who="3" m="41514" /><G25/><T88/><D42/><U115/><E115/><V15/><F31/><W102/><G28/><T92/><D37/><U71/><E71/><V54/><F89/><W123/><G131/><T84/><REACH who="0" step="1"/><D105/><REACH who="0" ten="402,87,106,395" step="2"/><U14/><E40/><V116/><F116/><W49/><G49/><T107/><D107/><U119/><E35/><V59/><F67/><W72/><G72/><T91/><D91/><AGARI ba="0,1" hai="80,87,91,93,98,102,121,122,123,124,125" m="41514" machi="91" ten="40,2600,0" yaku="34,2" doraHai="75" who="3" fromWho="0" sc="402,-26,87,0,106,0,395,36" /><INIT seed="7,0,0,1,1,109" ten="376,87,106,431" oya="3" hai0="72,60,122,30,123,11,115,21,76,92,68,43,83" hai1="9,118,8,73,64,79,48,117,78,57,37,12,69" hai2="10,105,125,133,39,35,67,25,128,112,59,2,114" hai3="26,14,96,99,16,3,71,27,116,24,74,44,130"/><W51/><G71/><T1/><D92/><U81/><E37/><V0/><F67/><W85/><G74/><T120/><D21/><U29/><E69/><V42/><F59/><W41/><G3/><T28/><D28/><U49/><E79/><V4/><F105/><W86/><G116/><T95/><D95/><U134/><E134/><V77/><F77/><W7/><G7/><T31/><D31/><U89/><E29/><V102/><F102/><W127/><G127/><T101/><D101/><U131/><E131/><V91/><F91/><W84/><G130/><T135/><D30/><U103/><E103/><V15/><F128/><W53/><G41/><T46/><D135/><U121/><E121/><V100/><F100/><W22/><AGARI ba="0,0" hai="14,16,22,24,26,27,44,51,53,84,85,86,96,99" machi="22" ten="30,6000,0" yaku="0,1,8,1,54,1" doraHai="109" who="3" fromWho="3" sc="376,-20,87,-20,106,-20,431,60" owari="356,16.0,67,-43.0,86,-31.0,491,58.0" /></mjloggm>