<mjloggm ver="2.3"><GO type="137"/><UN n0="%E3%82%A8%E3%82%A2%E3%82%B3%E3%83%B3" n1="%EF%BC%88%E2%89%A7%E2%96%BD%E2%89%A6%EF%BC%89" n2="%68%75%6F" n3="%EF%BC%A0%E3%81%93%E3%81%AA%E3%81%9F" dan="13,11,12,12" rate="1733,1894,1671,1716" sx="M,M,M,F"/><TAIKYOKU oya="0"/><INIT seed="0,0,0,5,0,61" ten="250,250,250,250" oya="0" hai0="35,134,69,99,62,89,94,68,60,73,65,56,9" hai1="11,83,71,10,126,53,24,2,107,116,18,120,130" hai2="1,121,45,8,26,127,110,3,31,75,133,52,46" hai3="48,118,42,72,117,78,15,96,124,54,101,79,123"/><T87/><D73/><U132/><E107/><V17/><F121/><W128/><G42/><T4/><D35/><U115/><E71/><V12/><F127/><W32/><G32/><T22/><D134/><U105/><E105/><V28/><F75/><W38/><G38/><T109/><D109/><U64/><E53/><V33/><F110/><W77/><G123/><T6/><D22/><N who="1" m="13399" /><E83/><V98/><F133/><W111/><G111/><T34/><D34/><U119/><E64/><V93/><F28/><W81/><G128/><T0/><D6/><N who="1" m="1367" /><E132/><V13/><F12/><W5/><G124/><T95/><REACH who="0" step="1"/><D62/><REACH who="0" step="2"/><U7/><E126/><V91/><F33/><W50/><G118/><T97/><D97/><U84/><E120/><V20/><F3/><W106/><G117/><T104/><D104/><U14/><E130/><V63/><F1/><W82/><G15/><T125/><D125/><U86/><E119/><V44/><F63/><W114/><G5/><T66/><D66/><U37/><E116/><V27/><F26/><W74/><G114/><T29/><D29/><U58/><E115/><V131/><F131/><W36/><G36/><T39/><D39/><U92/><E37/><V135/><F135/><W129/><G129/><T103/><AGARI ba="0,1" hai="0,4,9,56,60,65,68,69,87,89,94,95,99,103" machi="103" ten="20,7800,0" yaku="1,1,0,1,7,1,52,1,53,0" doraHai="61" doraHaiUra="47" who="0" fromWho="0" sc="240,88,250,-26,250,-26,250,-26" /><INIT seed="0,1,0,5,4,62" ten="328,224,224,224" oya="0" hai0="33,3,67,83,82,101,11,2,28,31,16,22,78" hai1="89,110,107,17,4,103,113,42,94,102,64,53,39" hai2="132,10,121,134,32,111,86,99,115,114,87,71,84" hai3="45,118,55,57,23,123,66,125,54,14,112,56,117"/><T59/><D101/><U93/><E110/><V80/><F71/><W90/><G90/><T5/><D2/><U29/><E113/><V128/><F32/><W46/><G23/><T100/><D100/><U77/><E103/><V61/><F61/><W95/><G95/><T25/><D31/><U70/><E29/><V127/><F10/><W91/><G91/><T50/><D78/><U92/><E77/><V19/><F19/><W97/><G97/><T88/><D88/><U27/><E89/><V68/><F68/><W37/><G14/><N who="0" m="9495" /><D50/><U8/><E107/><V30/><F30/><W38/><G123/><T105/><D105/><U126/><E102/><V76/><F121/><W12/><G12/><T85/><D85/><N who="2" m="32874" /><F127/><W108/><G108/><T58/><D58/><U48/><E70/><V15/><F15/><W98/><G98/><T18/><D18/><U0/><E0/><V104/><F128/><W49/><G112/><N who="2" m="43049" /><F111/><W96/><G96/><T35/><D35/><U74/><E126/><V47/><F47/><N who="3" m="17931" /><G125/><T124/><D124/><U116/><E17/><V109/><F109/><W40/><G118/><T119/><D119/><U120/><E120/><V73/><F132/><W122/><G122/><T130/><D130/><U21/><E116/><V52/><F134/><W26/><G26/><T24/><D24/><U34/><E27/><V69/><F104/><W44/><G117/><T135/><D135/><U36/><E34/><V7/><F99/><W75/><G75/><T106/><D106/><U13/><E74/><V51/><F73/><W43/><G66/><T41/><D41/><RYUUKYOKU ba="1,0" sc="328,30,224,-10,224,-10,224,-10" hai0="3,5,11,25,28,33,59,67,82,83" /><INIT seed="0,2,0,4,4,34" ten="358,214,214,214" oya="0" hai0="68,12,40,66,35,29,37,131,55,105,135,133,22" hai1="57,116,75,90,47,38,72,42,41,13,7,63,60" hai2="52,8,112,49,102,109,101,15,122,39,54,74,65" hai3="76,125,121,95,89,30,45,28,130,19,83,111,23"/><T91/><D105/><U100/><E116/><V11/><F112/><W85/><G111/><T128/><D35/><U17/><E100/><V78/><F109/><W44/><G121/><T94/><D37/><U123/><E123/><V50/><F122/><W48/><G125/><T99/><D40/><U127/><E127/><V132/><F132/><N who="0" m="50762" /><D68/><U69/><E41/><V46/><F39/><W61/><G61/><T77/><D77/><U24/><E69/><V67/><F74/><W16/><G130/><N who="0" m="49707" /><D66/><N who="2" m="25098" /><F78/><W53/><G45/><T119/><D119/><U129/><E47/><N who="2" m="27711" /><F11/><W117/><G19/><AGARI ba="2,0" hai="8,15,19,46,50,54,101,102" m="27711,25098" machi="19" ten="30,2000,0" yaku="8,1,54,1" doraHai="34" who="2" fromWho="3" sc="358,0,214,0,214,26,214,-26" /><INIT seed="1,0,0,4,0,117" ten="358,214,240,188" oya="1" hai0="78,133,50,107,8,70,28,58,10,93,75,35,82" hai1="37,62,88,5,12,112,127,109,18,80,34,72,129" hai2="17,98,68,56,90,132,124,6,27,89,74,48,26" hai3="63,59,1,87,39,20,3,23,45,0,4,123,57"/><U106/><E106/><V60/><F124/><W73/><G73/><T96/><D133/><U32/><E112/><V113/><F132/><W84/><G123/><T91/><D107/><U40/><E127/><V66/><F113/><W130/><G130/><T2/><D70/><U38/><E129/><V97/><F74/><W79/><G79/><T9/><D2/><N who="3" m="513" /><W81/><DORA hai="104" /><G4/><T43/><D35/><U103/><E5/><V128/><F128/><W52/><G81/><T86/><D28/><U118/><E80/><V24/><F6/><W95/><G95/><T115/><D115/><U134/><E72/><V71/><F71/><W94/><G94/><T7/><D7/><U47/><E134/><V111/><F111/><W36/><G45/><T99/><REACH who="0" step="1"/><D58/><REACH who="0" step="2"/><N who="3" m="22025" /><G63/><T67/><D67/><U83/><E62/><V126/><F126/><W31/><G52/><T13/><D13/><U92/><E12/><V19/><F68/><W77/><G77/><T33/><D33/><U61/><E32/><V85/><F66/><W110/><G110/><T51/><D51/><U121/><E34/><V44/><F60/><W16/><G31/><T101/><D101/><U120/><E103/><V11/><F48/><W46/><G46/><AGARI ba="0,1" hai="8,9,10,43,46,50,75,78,82,86,91,93,96,99" machi="46" ten="40,2600,0" yaku="1,1,52,1,53,0" doraHai="117,104" doraHaiUra="69,114" who="0" fromWho="3" sc="348,36,214,0,240,0,188,-26" /><INIT seed="2,0,0,2,5,75" ten="384,214,240,162" oya="2" hai0="60,104,98,117,4,8,41,61,56,132,26,53,88" hai1="128,48,30,64,11,135,17,112,67,129,51,37,95" hai2="101,100,46,7,24,111,2,33,62,12,5,0,19" hai3="25,99,116,50,91,21,16,15,20,110,123,124,43"/><V106/><F111/><W36/><G116/><T71/><D117/><U103/><E37/><V1/><F106/><W27/><G123/><T49/><D132/><U86/><E112/><V84/><F46/><W74/><G110/><T105/><D26/><U44/><E135/><V115/><F62/><W130/><G74/><T83/><D71/><U69/><E30/><N who="2" m="19655" /><F84/><W87/><G99/><T82/><D105/><U122/><E122/><V34/><F100/><W9/><G130/><N who="1" m="50282" /><E69/><V38/><F101/><W55/><G124/><T121/><D121/><U13/><E51/><V18/><F38/><W59/><G36/><T72/><D104/><U23/><E11/><N who="2" m="6431" /><F115/><W80/><REACH who="3" step="1"/><G43/><REACH who="3" step="2"/><T6/><D72/><U10/><E86/><V63/><F34/><W28/><G28/><T94/><D41/><N who="1" m="24591" /><E103/><V107/><F107/><W79/><G79/><T65/><D65/><U120/><E120/><V54/><F54/><W90/><G90/><T78/><D78/><U109/><E109/><V57/><F63/><N who="0" m="24138" /><D8/><U77/><E77/><V70/><F70/><W97/><G97/><T131/><D131/><U134/><E134/><V42/><F42/><W52/><G52/><T40/><D40/><U89/><E10/><V32/><F32/><W118/><G118/><T35/><D35/><U127/><E127/><V73/><F73/><W68/><G68/><T114/><D114/><U29/><E29/><V93/><F93/><W22/><AGARI ba="0,1" hai="9,15,16,20,21,22,25,27,50,55,59,80,87,91" machi="22" ten="30,7900,0" yaku="1,1,0,1,8,1,54,1,53,0" doraHai="75" doraHaiUra="92" who="3" fromWho="3" sc="384,-20,214,-20,240,-39,152,89" /><INIT seed="3,0,0,1,1,39" ten="364,194,201,241" oya="3" hai0="96,110,15,122,99,94,83,42,112,87,72,10,34" hai1="53,77,8,31,74,4,79,40,105,102,93,9,113" hai2="104,48,21,95,7,61,13,1,36,91,19,50,6" hai3="108,127,90,20,119,76,29,75,47,114,11,69,89"/><W80/><G114/><T56/><D122/><U124/><E113/><V118/><F118/><W24/><G119/><T62/><D110/><U2/><E124/><V38/><F104/><W49/><G108/><T55/><D34/><U37/><E105/><V111/><F111/><W84/><G127/><T125/><D125/><U16/><E31/><V0/><F0/><W128/><G128/><T98/><D72/><U120/><E120/><V67/><F6/><W70/><G89/><T135/><D135/><U12/><E74/><V63/><F63/><W129/><G11/><T86/><D112/><U64/><E64/><V43/><F38/><W58/><G58/><T52/><D42/><U65/><E65/><V85/><F1/><W66/><G66/><T92/><D55/><U134/><E53/><V45/><REACH who="2" step="1"/><F7/><REACH who="2" step="2"/><W103/><G129/><T133/><D133/><U35/><E134/><V59/><AGARI ba="0,1" hai="13,19,21,36,43,45,48,50,59,61,67,85,91,95" machi="59" ten="20,8000,1" yaku="1,1,2,1,0,1,7,1,52,1,53,0" doraHai="39" doraHaiUra="5" who="2" fromWho="2" sc="364,-20,194,-20,191,90,241,-40" /><INIT seed="4,0,0,2,1,69" ten="344,174,281,201" oya="0" hai0="10,91,54,42,12,92,65,116,81,52,109,97,131" hai1="16,14,5,37,31,128,86,120,0,11,41,113,28" hai2="26,61,88,107,59,67,34,6,100,129,130,39,49" hai3="56,27,63,90,22,68,122,114,53,55,102,13,15"/><T76/><D116/><U47/><E120/><V117/><F117/><W38/><G38/><T62/><D42/><U133/><E128/><N who="2" m="49259" /><F39/><W3/><G122/><T77/><D131/><U51/><E133/><V43/><F6/><W17/><G114/><T4/><D109/><U57/><E113/><V58/><F107/><W118/><G118/><T78/><REACH who="0" step="1"/><D81/><REACH who="0" step="2"/><U73/><E73/><V70/><F43/><W25/><G3/><T135/><D135/><U103/><E103/><V85/><F100/><W119/><G102/><T18/><D18/><U46/><E86/><V124/><F124/><W19/><G119/><T134/><D134/><U74/><E74/><V83/><F49/><W110/><G110/><T126/><D126/><U7/><E7/><V94/><F83/><W121/><G121/><T71/><AGARI ba="0,1" hai="4,10,12,52,54,62,65,71,76,77,78,91,92,97" machi="71" ten="30,6000,0" yaku="1,1,0,1,54,1,53,0" doraHai="69" doraHaiUra="123" who="0" fromWho="0" sc="334,70,174,-20,281,-20,201,-20" /><INIT seed="4,1,0,3,2,126" ten="404,154,261,181" oya="0" hai0="111,98,28,65,119,128,19,45,103,4,48,114,135" hai1="58,57,78,35,40,32,60,127,86,67,38,2,8" hai2="55,124,92,118,17,18,3,125,134,121,85,29,94" hai3="84,7,51,20,113,95,75,83,132,61,22,12,24"/><T56/><D119/><U25/><E127/><N who="2" m="48715" /><F118/><W110/><G132/><T77/><D135/><U106/><E106/><V31/><F121/><W100/><G110/><T16/><D111/><U131/><E131/><V39/><F134/><W0/><G113/><T30/><D114/><U62/><E25/><V11/><F39/><W69/><G75/><T10/><D77/><U120/><E120/><V71/><F71/><W26/><G0/><T97/><D128/><U91/><E78/><V123/><F123/><W43/><G22/><T79/><D79/><U99/><E99/><V82/><F55/><W73/><G73/><T23/><D65/><U63/><E38/><V122/><F122/><W107/><G107/><T15/><D56/><U37/><E37/><V47/><F47/><W59/><G69/><T101/><D19/><N who="2" m="7178" /><F11/><W89/><G7/><T104/><D4/><U80/><E40/><V87/><F3/><W5/><G43/><T74/><D74/><U70/><E70/><V93/><F82/><W105/><G51/><T81/><D81/><U50/><E50/><V115/><F115/><W6/><G6/><T27/><D27/><U34/><E67/><V53/><F53/><N who="3" m="34031" /><G105/><T108/><D108/><U129/><E129/><V42/><F42/><W76/><G100/><T102/><D104/><U44/><E44/><V13/><F13/><W68/><G68/><T116/><D10/><U1/><E8/><V41/><F41/><W66/><G66/><T9/><D9/><U14/><E14/><V90/><F90/><W112/><G112/><T21/><D116/><U36/><E36/><RYUUKYOKU ba="1,0" sc="404,-15,154,15,261,15,181,-15" hai1="1,2,32,34,35,57,58,60,62,63,80,86,91" hai2="29,31,85,87,92,93,94" /><INIT seed="5,2,0,5,2,69" ten="389,169,276,166" oya="1" hai0="32,110,41,57,46,40,45,103,51,4,22,61,2" hai1="132,122,63,105,112,73,80,35,74,133,64,72,131" hai2="91,70,76,81,108,126,0,50,1,87,86,17,42" hai3="60,127,106,104,30,33,36,19,78,27,20,38,10"/><U31/><E122/><V58/><F108/><W77/><G127/><T93/><D110/><U92/><E105/><V88/><F70/><W117/><G117/><T115/><D32/><U68/><E112/><V48/><F126/><W111/><G111/><T13/><D115/><U15/><E131/><V102/><F102/><W12/><G106/><T29/><D2/><U8/><E92/><V129/><F129/><W109/><G109/><T94/><D103/><U34/><E80/><V71/><F71/><W84/><G104/><T96/><D96/><U26/><REACH who="1" step="1"/><E34/><REACH who="1" step="2"/><V53/><F76/><W123/><G123/><T54/><D94/><U98/><E98/><V67/><F1/><W14/><G60/><T82/><D93/><U125/><E125/><V85/><F0/><W37/><REACH who="3" step="1"/><G84/><REACH who="3" step="2"/><T114/><D114/><U107/><E107/><V21/><F85/><W3/><G3/><T28/><D61/><U39/><E39/><V66/><F86/><W135/><G135/><T16/><D51/><U25/><E25/><V95/><F48/><W124/><G124/><T119/><D119/><U7/><AGARI ba="2,2" hai="7,8,15,26,31,35,63,64,68,72,73,74,132,133" machi="7" ten="40,7800,0" yaku="1,1,0,1,53,1" doraHai="69" doraHaiUra="6" who="1" fromWho="1" sc="389,-28,159,104,276,-28,156,-28" /><INIT seed="5,3,0,2,4,95" ten="361,263,248,128" oya="1" hai0="91,111,114,62,68,12,7,26,44,43,52,100,23" hai1="42,106,108,97,48,56,29,65,98,38,121,63,88" hai2="21,101,74,47,53,27,61,49,113,131,89,5,135" hai3="87,69,35,4,58,55,133,82,13,70,76,75,129"/><U31/><E121/><V78/><F131/><W14/><G129/><T20/><D111/><U93/><E108/><V102/><F135/><W1/><G133/><T123/><D114/><U67/><E38/><V80/><F113/><W77/><G35/><T51/><D123/><U122/><E122/><V124/><F124/><W59/><G70/><T64/><D100/><U28/><E106/><V11/><F89/><W99/><G69/><T24/><D91/><U81/><E81/><V120/><F61/><W60/><G1/><T0/><D0/><U72/><E72/><V104/><F104/><W115/><G115/><T40/><D40/><U15/><E15/><V41/><F53/><W71/><G71/><T126/><D126/><U130/><E130/><V128/><F128/><W19/><G76/><T18/><D43/><U30/><N who="1" m="7680" /><DORA hai="37" /><U134/><E134/><V83/><F83/><W2/><G2/><T32/><D32/><U117/><E117/><V110/><F110/><W125/><G125/><T66/><D66/><N who="1" m="39271" /><E98/><V84/><F74/><W119/><G119/><T22/><D7/><U92/><E92/><V46/><F47/><AGARI ba="3,0" hai="42,47,48,65,67,88,93,97" m="39271,7680" machi="47" ten="40,12000,1" yaku="8,1,52,2,54,1" doraHai="95,37" who="1" fromWho="2" sc="361,0,263,129,248,-129,128,0" /><INIT seed="5,4,0,0,5,33" ten="361,392,119,128" oya="1" hai0="112,86,35,128,26,12,84,82,40,105,113,21,135" hai1="99,101,48,91,1,4,31,97,10,30,76,132,92" hai2="56,83,109,69,98,15,127,120,36,57,25,77,78" hai3="80,20,63,39,8,59,5,19,3,44,93,103,9"/><U75/><E132/><V14/><F120/><W87/><G9/><T60/><D105/><U38/><E38/><V28/><F109/><W13/><G39/><T49/><D135/><U96/><E48/><V18/><F127/><W54/><G103/><T73/><D73/><U107/><REACH who="1" step="1"/><E96/><REACH who="1" step="2"/><V72/><F36/><W68/><G68/><T27/><D128/><U17/><E17/><V79/><F69/><W123/><G123/><T42/><D113/><U37/><E37/><V52/><F98/><W65/><G44/><T118/><D118/><U2/><E2/><V95/><F57/><W119/><G119/><T29/><D112/><U126/><E126/><V58/><F56/><W102/><G102/><T67/><D49/><U125/><E125/><V24/><F28/><W94/><REACH who="3" step="1"/><G65/><REACH who="3" step="2"/><T50/><D67/><U108/><E108/><V134/><F134/><W61/><G61/><T71/><D60/><U133/><E133/><V7/><F72/><W110/><G110/><T121/><D121/><U47/><E47/><V111/><F111/><W70/><G70/><T124/><D71/><U90/><E90/><AGARI ba="4,2" hai="3,5,8,13,19,20,54,59,63,80,87,90,93,94" machi="90" ten="30,3900,0" yaku="1,1,7,1,52,1,53,0" doraHai="33" doraHaiUra="46" who="3" fromWho="1" sc="361,0,382,-51,119,0,118,71" /><INIT seed="6,0,0,2,3,40" ten="361,331,119,189" oya="2" hai0="78,92,95,91,112,104,8,24,76,14,50,115,72" hai1="100,49,6,11,116,80,134,30,90,110,126,135,103" hai2="105,63,96,59,74,131,121,125,4,56,101,28,23" hai3="62,17,89,33,52,71,114,82,43,10,64,120,20"/><V25/><F125/><W68/><G120/><T94/><D104/><U113/><E116/><V85/><F131/><W46/><G33/><T22/><D50/><U61/><E110/><V75/><F121/><W55/><G114/><N who="0" m="43563" /><D72/><U132/><E113/><V109/><F109/><W35/><G35/><T99/><D24/><U123/><E123/><V44/><F4/><W3/><G71/><T66/><D66/><U106/><E126/><V48/><F85/><W127/><G127/><T97/><D22/><U0/><E106/><V70/><F70/><W69/><G69/><T102/><D8/><U18/><E30/><V58/><REACH who="2" step="1"/><F63/><REACH who="2" step="2"/><W31/><G3/><T5/><D5/><U128/><E128/><V79/><F79/><N who="0" m="30250" /><D14/><U124/><E124/><V93/><F93/><N who="0" m="35946" /><D99/><U107/><E61/><V16/><F16/><W88/><G68/><T65/><D65/><U47/><E18/><V67/><F67/><W9/><G64/><T12/><D12/><U21/><E107/><V2/><F2/><W133/><G62/><T60/><D60/><U29/><E29/><V84/><F84/><W38/><G31/><T36/><D36/><U73/><E73/><V83/><F83/><W51/><G82/><T119/><D119/><U129/><E129/><V42/><AGARI ba="0,1" hai="23,25,28,42,44,48,56,58,59,74,75,96,101,105" machi="42" ten="30,11700,0" yaku="1,1,0,1,52,1,53,1" doraHai="40" doraHaiUra="26" who="2" fromWho="2" sc="361,-39,331,-39,109,127,189,-39" /><INIT seed="6,1,0,3,1,109" ten="322,292,236,150" oya="2" hai0="66,125,16,55,122,82,74,58,24,13,26,0,35" hai1="106,129,117,43,114,127,97,22,21,135,20,52,27" hai2="78,5,100,119,18,10,59,32,118,101,85,17,61" hai3="25,89,28,94,7,88,47,41,67,84,103,45,123"/><V124/><F32/><W49/><G123/><T79/><D122/><U75/><E117/><V53/><F124/><W102/><G7/><T14/><D125/><U9/><E127/><V65/><F118/><W8/><G8/><T110/><D110/><U42/><E75/><V37/><F37/><W116/><G116/><T115/><D115/><U96/><E135/><V98/><F119/><W121/><G121/><T133/><D133/><U91/><E129/><V6/><F6/><W83/><G67/><T60/><D0/><U108/><E108/><V126/><F126/><W70/><G70/><T44/><D35/><U99/><E114/><V130/><F130/><W104/><G104/><T90/><D90/><U50/><E106/><V46/><F101/><W80/><G80/><T11/><D13/><U131/><E131/><V72/><F72/><W64/><G47/><T31/><D31/><N who="1" m="17895" /><E9/><V134/><F134/><W76/><G76/><T39/><D39/><U92/><E21/><V30/><F30/><W29/><G64/><T23/><D23/><U4/><E22/><V128/><F128/><W57/><G25/><T120/><D120/><U1/><E4/><V95/><F10/><W15/><G15/><T40/><D40/><N who="1" m="15403" /><E1/><V51/><F5/><W48/><G29/><T93/><D93/><U33/><E33/><V36/><F36/><W62/><G28/><T56/><D44/><AGARI ba="1,0" hai="44,50,52,91,92,96,97,99" m="15403,17895" machi="44" ten="30,2000,0" yaku="8,1,54,1" doraHai="109" who="1" fromWho="0" sc="322,-23,292,23,236,0,150,0" /><INIT seed="7,0,0,5,5,12" ten="299,315,236,150" oya="3" hai0="78,130,111,129,124,49,127,26,35,133,72,126,100" hai1="59,113,19,36,95,8,83,101,79,89,29,48,97" hai2="110,90,46,30,4,105,60,39,107,42,112,63,98" hai3="28,120,57,9,32,116,66,85,1,33,27,21,43"/><W61/><G116/><T41/><D111/><U65/><E36/><V106/><F112/><W88/><G120/><T16/><D100/><U14/><E113/><V132/><F110/><W67/><G43/><T93/><D93/><U70/><E70/><V81/><F132/><W2/><G9/><T0/><D0/><U74/><E29/><V125/><F125/><W13/><G13/><T104/><D104/><U53/><REACH who="1" step="1"/><E65/><REACH who="1" step="2"/><V68/><F30/><W47/><G67/><T80/><D133/><U114/><E114/><V37/><F68/><W7/><G7/><T20/><D35/><U117/><E117/><V40/><F4/><W84/><G47/><AGARI ba="0,1" hai="16,20,26,41,47,49,72,78,80,124,126,127,129,130" machi="47" ten="50,6400,0" yaku="18,1,52,1,54,1" doraHai="12" who="0" fromWho="3" sc="299,74,305,0,236,0,150,-64" owari="373,46,305,11,236,-16,86,-41" /></mjloggm>