<mjloggm ver="2.3"><GO type="97"/><UN n0="%E5%BC%93%E9%9F%B3" n1="%E5%B9%B3%E5%92%8C%E3%83%80%E3%83%9E%E3%82%8B%E7%B3%BB%E9%9B%80%E5%A3%AB" n2="%EF%BC%A0%E3%81%82%E3%81%A3%E3%81%8D%E3%81%83%EF%BD%9E" n3="%EF%BC%88%E2%89%A7%E2%96%BD%E2%89%A6%EF%BC%89" dan="14,15,15,15" rate="1860,2049,1956,2025" sx="F,F,F,M"/><TAIKYOKU oya="0"/><INIT seed="0,0,0,3,2,104" ten="250,250,250,250" oya="0" hai0="45,66,122,135,40,129,96,67,38,4,119,98,125" hai1="34,134,90,78,110,71,126,23,123,111,70,94,93" hai2="99,115,59,86,41,89,43,80,53,35,87,51,113" hai3="31,24,112,83,74,65,5,11,50,54,130,2,132"/><T58/><D119/><U37/><E34/><V120/><F120/><W8/><G112/><T52/><D122/><U116/><E123/><V7/><F35/><W85/><G130/><T47/><D129/><U42/><E116/><V76/><F99/><W9/><G132/><T75/><D75/><U0/><E0/><V97/><F97/><W13/><G65/><T131/><D131/><U79/><E126/><V106/><F106/><W26/><G2/><T21/><D135/><U92/><E134/><V121/><F121/><W105/><G105/><T27/><D125/><U6/><E90/><V77/><F77/><N who="1" m="29193" /><E6/><V22/><F7/><W64/><G64/><T10/><D47/><N who="1" m="24015" /><E23/><V30/><F115/><W91/><G74/><T14/><D96/><U15/><E15/><V114/><F114/><W133/><G133/><T55/><D98/><U124/><E124/><V117/><F117/><W102/><G102/><T12/><D14/><U49/><E49/><V56/><F113/><W103/><G103/><T127/><D127/><U48/><E48/><V68/><F51/><W16/><G5/><T39/><D39/><U36/><E36/><V108/><F22/><N who="3" m="15831" /><G24/><T17/><D55/><U44/><E44/><AGARI ba="0,0" hai="8,9,11,13,16,44,50,54,83,85,91" m="15831" machi="44" ten="30,3900,0" yaku="25,1,8,1,54,1" doraHai="104" who="3" fromWho="1" sc="250,0,250,-39,250,0,250,39" /><INIT seed="1,0,0,2,1,132" ten="250,211,250,289" oya="1" hai0="8,105,51,34,10,114,131,56,125,110,36,47,75" hai1="84,80,42,58,48,82,25,133,64,119,99,6,24" hai2="49,71,38,60,78,90,128,104,14,28,55,116,92" hai3="135,98,68,57,44,46,62,73,22,89,120,26,134"/><U76/><E119/><V69/><F116/><W0/><G73/><T13/><D56/><U2/><E133/><N who="3" m="50698" /><G0/><T33/><D51/><U43/><E99/><V40/><F104/><W18/><G68/><T67/><D67/><U16/><E80/><V3/><F3/><W111/><G111/><T118/><D47/><U93/><E93/><V103/><F103/><W19/><G19/><T72/><D105/><U32/><E6/><V12/><F28/><W102/><G89/><T39/><D118/><U126/><E2/><V20/><F78/><W85/><G85/><T127/><D110/><U59/><E32/><N who="0" m="12393" /><D114/><U61/><E126/><N who="0" m="48137" /><D131/><U37/><E37/><N who="0" m="14409" /><D13/><U95/><E95/><V88/><F12/><W54/><G46/><T108/><D108/><U70/><E70/><V129/><F14/><W41/><G44/><T101/><D101/><U5/><E5/><V27/><F38/><W11/><G102/><T81/><D81/><U29/><E29/><V121/><F129/><W9/><G57/><T31/><D31/><U50/><E59/><V130/><F49/><N who="1" m="19049" /><E25/><V79/><F130/><W7/><G26/><T83/><D83/><U91/><E91/><V86/><F90/><W23/><G62/><T21/><D21/><AGARI ba="0,0" hai="16,21,24,42,43,58,61,64,76,82,84" m="19049" machi="21" ten="30,2900,0" yaku="8,1,54,1" doraHai="132" who="1" fromWho="0" sc="250,-29,211,29,250,0,289,0" /><INIT seed="1,1,0,0,3,87" ten="221,240,250,289" oya="1" hai0="132,116,19,133,25,112,21,82,42,97,81,30,114" hai1="99,12,119,11,3,96,6,67,129,108,51,10,4" hai2="83,53,111,41,15,22,104,123,93,130,78,52,38" hai3="109,135,68,69,89,73,106,63,32,48,46,47,55"/><U0/><E119/><V101/><F123/><W118/><G73/><T23/><D97/><U62/><E129/><V84/><F130/><W5/><G106/><T58/><D58/><U57/><E108/><V2/><F2/><W26/><G118/><T86/><D86/><U1/><REACH who="1" step="1"/><E51/><REACH who="1" ten="221,230,250,289" step="2"/><V107/><F111/><W59/><G48/><T54/><D42/><U126/><E126/><V79/><F41/><W56/><G109/><T102/><D116/><U16/><E16/><V103/><F38/><W80/><G5/><T100/><D100/><U121/><E121/><V131/><F131/><W76/><G63/><T49/><D102/><U50/><E50/><V31/><F103/><W40/><G40/><T74/><D74/><U24/><E24/><V17/><F101/><W120/><G26/><T66/><D49/><U44/><E44/><V20/><F17/><W91/><G47/><T75/><D75/><U71/><E71/><V113/><F104/><W90/><G68/><T27/><D19/><U28/><E28/><V34/><F31/><W13/><G69/><T45/><D45/><U9/><E9/><V60/><F107/><W117/><G46/><T36/><D36/><U110/><E110/><V105/><F60/><W61/><G61/><T92/><D30/><U85/><E85/><V70/><F84/><W29/><G117/><T37/><D37/><U65/><E65/><V33/><F105/><W98/><G29/><T77/><D66/><U115/><E115/><V122/><F113/><W125/><G120/><T35/><D112/><U8/><E8/><V95/><F122/><RYUUKYOKU ba="1,1" sc="221,-10,230,30,250,-10,289,-10" hai1="0,1,3,4,6,10,11,12,57,62,67,96,99" /><INIT seed="1,2,1,3,2,6" ten="211,260,240,279" oya="1" hai0="29,12,98,17,95,26,109,63,130,21,44,113,1" hai1="51,103,134,3,8,61,93,79,65,30,50,62,127" hai2="56,33,70,129,54,87,24,68,69,132,32,52,66" hai3="64,38,53,57,72,86,84,105,58,2,49,89,135"/><U55/><E134/><V10/><F132/><W83/><G38/><T112/><D113/><U121/><E121/><V91/><F129/><W60/><G135/><T92/><D112/><U108/><E127/><V110/><F110/><W22/><G105/><T9/><D109/><U40/><E79/><V82/><F24/><W111/><G2/><T94/><D130/><U11/><E30/><V107/><F107/><W75/><G111/><T88/><D1/><U123/><E3/><V19/><F66/><W81/><REACH who="3" step="1"/><G22/><REACH who="3" ten="211,260,240,269" step="2"/><T48/><REACH who="0" step="1"/><D63/><REACH who="0" ten="201,260,240,269" step="2"/><U15/><E62/><V39/><F39/><W28/><G28/><T42/><AGARI ba="2,3" hai="9,12,17,21,26,29,42,44,48,88,92,94,95,98" machi="42" ten="20,16000,3" yaku="1,1,2,1,0,1,7,1,8,1,52,1,54,1,53,1" doraHai="6" doraHaiUra="41" who="0" fromWho="0" sc="201,196,260,-82,240,-42,269,-42" /><INIT seed="2,0,0,3,4,13" ten="397,178,198,227" oya="2" hai0="103,2,105,0,101,116,69,118,63,40,55,131,68" hai1="42,98,122,11,14,57,73,111,61,91,71,12,24" hai2="72,108,31,121,17,93,45,132,77,106,9,43,30" hai3="74,86,120,115,100,60,130,78,46,51,53,97,34"/><V82/><F121/><W62/><G120/><T102/><D105/><U64/><E122/><V41/><F106/><W79/><G74/><T119/><D40/><U16/><E73/><V117/><F117/><W94/><G34/><T44/><D131/><U19/><E111/><V26/><F132/><W112/><G130/><T96/><D96/><U89/><E24/><V59/><F108/><W7/><G7/><T25/><D25/><U104/><E42/><V5/><F59/><W70/><G86/><T135/><D135/><U88/><E104/><V10/><F93/><W76/><G70/><N who="0" m="27243" /><D44/><U114/><E114/><AGARI ba="0,0" hai="46,51,53,60,62,76,78,79,94,97,100,112,114,115" machi="114" ten="40,1300,0" yaku="11,1" doraHai="13" who="3" fromWho="1" sc="397,0,178,-13,198,0,227,13" /><INIT seed="3,0,0,5,5,95" ten="397,165,198,240" oya="3" hai0="2,65,10,4,109,14,54,59,74,63,129,132,46" hai1="75,73,20,56,58,104,8,38,15,124,76,67,49" hai2="28,30,9,119,45,71,113,92,22,51,70,34,18" hai3="26,61,89,126,134,94,99,35,90,85,43,64,79"/><W111/><G43/><T120/><D74/><U101/><E38/><V55/><F113/><W1/><G1/><T36/><D120/><U5/><E124/><V91/><F119/><W69/><G126/><T29/><D29/><U82/><E73/><V130/><F130/><W33/><G134/><T47/><D129/><U32/><E32/><V116/><F116/><W77/><G111/><T57/><D109/><U133/><E133/><V11/><F34/><W110/><G110/><T125/><D132/><U98/><E67/><V122/><F122/><W39/><G39/><T3/><D125/><U23/><REACH who="1" step="1"/><E58/><REACH who="1" ten="397,155,198,240" step="2"/><V131/><F131/><W135/><G135/><T44/><REACH who="0" step="1"/><D36/><REACH who="0" ten="387,155,198,240" step="2"/><U27/><E27/><N who="2" m="14807" /><F70/><W128/><G69/><T86/><D86/><U78/><E78/><V25/><F71/><W48/><G79/><T83/><D83/><U112/><E112/><V115/><F115/><W62/><G77/><T17/><D17/><U81/><E81/><V13/><F25/><W93/><G128/><T0/><D0/><U102/><E102/><V66/><F66/><W16/><G64/><T80/><D80/><U41/><E41/><V68/><F68/><W106/><G16/><T52/><D52/><AGARI ba="0,2" hai="5,8,15,20,23,49,52,56,75,76,82,98,101,104" machi="52" ten="40,5200,0" yaku="1,1,52,1,54,1,53,0" doraHai="95" doraHaiUra="127" who="1" fromWho="0" sc="387,-52,155,72,198,0,240,0" owari="335,43.0,227,-17.0,198,-30.0,240,4.0" /></mjloggm>