<mjloggm ver="2.3"><GO type="97"/><UN n0="%61%72%69%73%74" n1="%E3%82%B9%E3%82%AD%E3%83%8A%E3%83%BC" n2="%EF%BC%88%E2%89%A7%E2%96%BD%E2%89%A6%EF%BC%89" n3="%50%4F%4E%E3%81%A1%E3%82%83%E3%82%93" dan="13,15,15,14" rate="1825,1953,1994,1914" sx="M,M,M,M"/><TAIKYOKU oya="0"/><INIT seed="0,0,0,4,5,53" ten="250,250,250,250" oya="0" hai0="10,134,47,17,38,13,71,55,118,119,42,132,120" hai1="40,70,72,108,115,111,58,135,79,64,37,9,2" hai2="61,103,50,68,1,86,6,73,75,54,67,29,19" hai3="130,76,114,34,15,26,8,104,131,31,90,101,83"/><T41/><D120/><U80/><E115/><V56/><F29/><W112/><G101/><T100/><D71/><U62/><E135/><N who="0" m="51753" /><D100/><U65/><E65/><V122/><F122/><W59/><G104/><T28/><D28/><U39/><E58/><V89/><F103/><W102/><G102/><T24/><D24/><U113/><E113/><N who="3" m="43626" /><G90/><T21/><D41/><U98/><E98/><V85/><F19/><N who="3" m="8679" /><G59/><T5/><D55/><U126/><E126/><V33/><F33/><W3/><G83/><T18/><D18/><U46/><REACH who="1" step="1"/><E37/><REACH who="1" ten="250,240,250,250" step="2"/><V95/><F67/><W87/><G87/><T116/><D119/><U96/><E96/><V25/><F86/><W133/><G76/><T121/><D121/><U127/><E127/><V124/><F124/><W4/><G133/><T45/><D45/><U109/><E109/><V48/><F85/><W7/><G3/><T77/><D77/><U20/><E20/><V128/><F73/><W14/><G14/><T81/><D81/><U0/><E0/><V27/><F1/><W129/><AGARI ba="0,1" hai="4,7,26,31,34,129,130,131" m="8679,43626" machi="129" ten="40,5200,0" yaku="19,1,34,2" doraHai="53" who="3" fromWho="3" sc="250,-26,240,-13,250,-13,250,62" /><INIT seed="1,0,0,2,4,69" ten="224,227,237,312" oya="1" hai0="2,86,96,116,112,22,32,61,4,17,55,46,12" hai1="40,18,120,57,130,29,74,38,72,3,114,103,14" hai2="81,8,44,76,99,70,119,87,79,106,89,91,134" hai3="58,16,59,0,67,123,26,135,83,39,51,5,47"/><U118/><E120/><V131/><F70/><W101/><G123/><T128/><D116/><U78/><E3/><V63/><F63/><W113/><G113/><T35/><D112/><U66/><E114/><V121/><F121/><W94/><G135/><T124/><D128/><U75/><E118/><V33/><F33/><W88/><G0/><T10/><D124/><U36/><E40/><V56/><F56/><W11/><G101/><T125/><D125/><U105/><E78/><N who="2" m="29739" /><F8/><W62/><G83/><T85/><D96/><U110/><E130/><V45/><F44/><W24/><G39/><T20/><D20/><U126/><E126/><V23/><F23/><W53/><G5/><T127/><D127/><U115/><E110/><V21/><F21/><W97/><G47/><T52/><D35/><U15/><E29/><V48/><F48/><W6/><G6/><T60/><D32/><U98/><E115/><V122/><F45/><W1/><G1/><T28/><D28/><U102/><E102/><N who="2" m="62815" /><F122/><W109/><G109/><T7/><D46/><U49/><E14/><AGARI ba="0,0" hai="11,14,16,24,26,51,53,58,59,62,67,88,94,97" machi="14" ten="40,5200,0" yaku="8,1,54,2" doraHai="69" who="3" fromWho="1" sc="224,0,227,-52,237,0,312,52" /><INIT seed="2,0,0,1,1,52" ten="224,175,237,364" oya="2" hai0="118,7,113,77,110,50,107,67,33,88,40,121,126" hai1="60,115,19,16,8,131,112,125,101,12,24,5,76" hai2="48,23,134,106,17,132,83,47,79,73,72,4,86" hai3="89,133,75,54,117,59,130,15,2,32,95,69,93"/><V28/><F106/><W49/><G117/><T22/><D107/><U120/><E76/><V109/><F28/><W51/><G2/><T96/><D118/><U65/><E101/><V78/><F4/><W124/><G133/><N who="2" m="51305" /><F79/><W42/><G75/><T66/><D33/><U55/><E131/><V97/><F97/><W0/><G69/><T108/><D113/><U43/><E125/><V98/><F98/><W39/><G39/><T38/><D38/><U44/><E120/><V87/><F87/><W9/><G0/><T37/><D37/><U102/><E102/><V31/><F31/><W103/><G130/><T119/><D119/><U36/><E55/><N who="2" m="30111" /><F109/><W57/><G124/><T84/><D126/><U82/><E82/><V135/><N who="2" m="51313" /><V1/><DORA hai="122" /><F1/><W105/><G32/><T63/><D121/><U58/><REACH who="1" step="1"/><E24/><AGARI ba="0,0" hai="17,23,24,72,73,78,83,86" m="30111,51313" machi="24" ten="40,2000,0" yaku="20,1" doraHai="52,122" who="2" fromWho="1" sc="224,0,175,-20,237,20,364,0" /><INIT seed="2,1,0,3,5,123" ten="224,155,257,364" oya="2" hai0="8,47,104,56,64,97,73,124,43,61,49,48,32" hai1="114,45,21,67,51,55,24,29,66,69,26,94,25" hai2="13,11,96,130,120,52,128,16,44,135,37,122,15" hai3="108,99,0,113,63,54,60,7,9,77,89,106,117"/><V111/><F135/><W87/><G117/><T79/><D32/><U119/><E119/><V70/><F70/><W50/><G113/><T78/><D124/><U103/><E114/><V83/><F83/><W58/><G108/><T88/><D73/><U28/><E69/><V46/><F96/><W62/><G106/><T19/><D104/><U107/><E107/><V75/><F75/><W10/><G99/><T42/><D8/><U101/><E26/><V112/><F112/><W34/><G34/><T20/><D48/><U95/><E95/><V98/><F98/><W81/><G10/><T127/><D43/><U59/><E94/><V39/><F111/><W110/><G110/><T5/><D5/><U1/><E1/><V115/><F115/><W129/><G129/><N who="2" m="49769" /><F15/><W3/><G3/><T57/><D57/><U84/><E84/><V90/><F90/><W134/><G134/><T40/><D40/><U31/><E31/><V38/><F44/><W2/><G2/><T131/><D131/><U6/><E6/><V118/><F118/><W12/><G0/><T30/><D127/><U121/><E121/><V17/><F17/><W22/><G22/><T36/><D30/><U33/><REACH who="1" step="1"/><E45/><REACH who="1" ten="224,145,257,364" step="2"/><V82/><F82/><W80/><G80/><T71/><D71/><U85/><E85/><V102/><F102/><AGARI ba="1,1" hai="21,24,25,28,29,33,51,55,59,66,67,101,102,103" machi="102" ten="40,1300,0" yaku="1,1,53,0" doraHai="123" doraHaiUra="91" who="1" fromWho="2" sc="224,0,145,26,257,-16,364,0" /><INIT seed="3,0,0,3,5,82" ten="224,171,241,364" oya="3" hai0="88,2,54,8,75,90,92,115,89,22,69,95,5" hai1="49,17,36,81,121,51,116,124,76,16,125,132,96" hai2="72,53,79,67,60,118,40,10,71,41,86,117,134" hai3="13,0,83,102,33,43,30,84,101,78,21,119,98"/><W93/><G0/><T106/><D69/><U12/><E36/><V108/><F72/><W104/><G119/><T110/><D106/><U114/><E114/><V120/><F120/><W48/><G33/><T32/><D32/><U111/><E121/><V74/><F74/><W100/><G104/><T3/><D75/><U64/><E64/><V29/><F29/><W87/><G30/><T34/><D115/><U61/><E61/><V133/><F108/><W6/><G21/><T127/><D34/><U50/><E111/><V15/><F53/><W103/><G48/><N who="1" m="12290" /><U99/><DORA hai="47" /><E116/><N who="2" m="44651" /><F79/><W26/><G26/><T35/><D35/><U59/><E132/><N who="2" m="50795" /><F86/><N who="3" m="48503" /><G43/><T91/><D127/><N who="1" m="48715" /><E59/><V39/><F39/><W68/><G68/><T85/><D110/><U113/><E113/><V112/><F112/><W77/><G77/><T7/><D54/><U105/><E105/><V44/><F44/><W109/><G109/><T128/><D128/><U23/><E17/><AGARI ba="0,0" hai="10,15,17,40,41,60,67,71" m="50795,44651" machi="17" ten="30,1000,0" yaku="20,1" doraHai="82,47" who="2" fromWho="1" sc="224,0,171,-10,241,10,364,0" owari="224,-18.0,161,-34.0,251,5.0,364,47.0" /></mjloggm>