<mjloggm ver="2.3"><GO type="41"/><UN n0="%EF%BC%88%E2%89%A7%E2%96%BD%E2%89%A6%EF%BC%89" n1="%E3%81%A1%E3%82%85%E3%82%8A%E3%81%A1%E3%82%85%E3%81%82" n2="%E3%83%99%E3%83%83%E3%83%86%E3%82%A3" n3="%E3%81%8B%E3%81%BC%E3%81%A1%E3%82%83%E3%82%B9%E3%83%BC%E3%83%97" dan="15,14,13,13" rate="2029,1921,1891,1809" sx="M,F,M,M"/><TAIKYOKU oya="0"/><INIT seed="0,0,0,5,2,77" ten="250,250,250,250" oya="0" hai0="66,69,98,91,42,101,13,39,71,27,5,65,129" hai1="56,38,60,50,102,86,55,135,11,97,67,12,79" hai2="108,99,58,44,4,21,6,126,40,8,59,47,106" hai3="49,105,41,76,89,115,35,96,118,10,64,14,74"/><T32/><D129/><U28/><E38/><V94/><F106/><W127/><G118/><T123/><D123/><U37/><E37/><V132/><F126/><W122/><G122/><T103/><D39/><U17/><E135/><V92/><F132/><W130/><G130/><T22/><D42/><U30/><E79/><V15/><F108/><W57/><G127/><T114/><D114/><U88/><E67/><N who="0" m="25609" /><D32/><U104/><REACH who="1" step="1"/><E60/><REACH who="1" ten="250,240,250,250" step="2"/><V33/><F40/><W62/><G76/><T68/><D68/><U84/><E84/><V7/><F33/><W31/><G115/><T16/><D71/><U46/><E46/><V25/><F47/><W43/><G74/><T87/><D69/><U95/><AGARI ba="0,1" hai="11,12,17,28,30,50,55,56,86,88,95,97,102,104" machi="95" ten="20,5200,0" yaku="1,1,0,1,7,1,54,1,53,0" doraHai="77" doraHaiUra="131" who="1" fromWho="1" sc="250,-26,240,62,250,-13,250,-13" /><INIT seed="1,0,0,3,2,30" ten="224,302,237,237" oya="1" hai0="45,19,107,46,42,53,16,123,112,106,43,95,64" hai1="71,5,35,56,116,49,58,32,90,2,11,99,115" hai2="68,39,51,36,80,76,94,41,9,44,117,130,0" hai3="126,59,129,79,81,10,38,13,37,69,92,17,86"/><U47/><E116/><V97/><F117/><W109/><G129/><T113/><D123/><U77/><E71/><V72/><F130/><W60/><G126/><T110/><D64/><U103/><E115/><V25/><F25/><W85/><G109/><T73/><D53/><U12/><E77/><V84/><F68/><W88/><REACH who="3" step="1"/><G69/><REACH who="3" ten="224,302,237,227" step="2"/><T61/><D110/><U63/><E58/><V54/><F72/><W6/><G6/><T78/><D73/><U91/><E56/><V128/><F128/><W4/><G4/><T102/><D112/><U124/><E124/><V131/><F131/><W127/><G127/><T33/><D113/><U111/><E111/><V28/><F39/><W105/><G105/><T29/><D106/><U14/><E5/><V21/><F36/><W52/><AGARI ba="0,1" hai="10,13,17,37,38,52,59,60,79,81,85,86,88,92" machi="52" ten="20,8000,1" yaku="1,1,0,1,7,1,54,2,53,0" doraHai="30" doraHaiUra="18" who="3" fromWho="3" sc="224,-20,302,-40,237,-20,227,90" /><INIT seed="2,0,0,2,1,72" ten="204,262,217,317" oya="2" hai0="118,124,18,112,32,1,135,28,99,97,91,67,50" hai1="117,77,63,100,54,15,55,65,23,108,27,111,7" hai2="47,92,6,43,62,103,52,34,69,10,9,122,127" hai3="64,132,53,130,114,90,29,85,110,82,24,3,115"/><V58/><F122/><W4/><G64/><T48/><D1/><U19/><E117/><V33/><F127/><W30/><G110/><N who="1" m="42026" /><E100/><V25/><F69/><W49/><G132/><T116/><D112/><N who="3" m="43049" /><G130/><T109/><D124/><U81/><E7/><V113/><F113/><W45/><G24/><T26/><D135/><U13/><E27/><V120/><F120/><W125/><G125/><T11/><D67/><U71/><E15/><V41/><F41/><W12/><G3/><T0/><D0/><U75/><AGARI ba="0,0" hai="13,19,23,54,55,63,65,71,75,77,81" m="42026" machi="75" ten="30,2000,0" yaku="14,1,52,1" doraHai="72" who="1" fromWho="1" sc="204,-5,262,20,217,-10,317,-5" /><INIT seed="3,0,0,3,1,122" ten="199,282,207,312" oya="3" hai0="2,31,109,84,9,46,10,108,70,26,24,117,38" hai1="14,78,15,34,90,12,81,39,119,20,86,126,106" hai2="77,6,44,96,116,114,113,102,61,133,134,27,62" hai3="23,54,132,42,92,36,40,66,41,29,45,88,82"/><W130/><G130/><T87/><D70/><U72/><E34/><V51/><F6/><W83/><G132/><N who="2" m="50793" /><F27/><N who="0" m="10282" /><D31/><U74/><E119/><V47/><F77/><W85/><G66/><T111/><D117/><U28/><E126/><V127/><F116/><W79/><G36/><T53/><D2/><U104/><E39/><V91/><F91/><W1/><G1/><T89/><D84/><U11/><E74/><V7/><F7/><W112/><G112/><N who="2" m="43113" /><F127/><W93/><G29/><T128/><D128/><U94/><E11/><V22/><F22/><W56/><G23/><T101/><D101/><U120/><E20/><V73/><F73/><W123/><G123/><T131/><D131/><U80/><E120/><V97/><F51/><W65/><G65/><T17/><D17/><U3/><E28/><V71/><F71/><W125/><G125/><T50/><D38/><U60/><E3/><V19/><F19/><W75/><G45/><N who="2" m="17481" /><F102/><W69/><REACH who="3" step="1"/><G69/><REACH who="3" ten="199,282,207,302" step="2"/><T8/><D9/><U0/><E0/><V30/><F30/><W76/><G76/><T118/><D118/><U95/><E78/><V105/><F105/><W103/><G103/><T129/><D129/><U68/><E104/><V67/><F67/><W115/><G115/><T58/><D46/><U5/><E106/><V21/><F21/><W99/><G99/><AGARI ba="0,1" hai="61,62,96,97,99" m="17481,43113,50793" machi="99" ten="40,5200,0" yaku="28,2,20,1" doraHai="122" who="2" fromWho="3" sc="199,0,282,0,207,62,302,-52" /><INIT seed="4,0,0,5,5,118" ten="199,282,269,250" oya="0" hai0="106,95,109,16,10,5,3,52,66,32,76,39,117" hai1="86,127,37,115,125,85,2,17,23,79,135,26,1" hai2="49,84,64,12,89,11,44,126,93,129,9,45,36" hai3="75,107,116,33,120,55,7,61,114,22,31,21,92"/><T34/><D106/><U132/><E37/><V131/><F126/><N who="1" m="48137" /><E115/><V98/><F64/><W91/><G114/><T102/><D117/><U96/><E96/><V105/><F36/><W27/><G120/><T56/><D39/><U80/><E86/><V15/><F44/><W54/><G116/><T78/><D66/><U14/><E26/><V19/><F105/><W20/><G107/><T68/><D68/><U134/><AGARI ba="0,0" hai="1,2,14,17,23,79,80,85,132,134,135" m="48137" machi="134" ten="40,2700,0" yaku="20,1,18,1" doraHai="118" who="1" fromWho="1" sc="199,-13,282,27,269,-7,250,-7" /><INIT seed="5,0,0,0,4,133" ten="186,309,262,243" oya="1" hai0="7,129,118,85,122,107,40,116,101,82,66,81,120" hai1="92,50,12,10,58,109,135,6,97,13,112,75,111" hai2="134,121,46,64,33,54,94,55,32,96,39,63,93" hai3="35,65,72,80,105,8,30,114,38,86,91,117,44"/><U24/><E112/><V26/><F121/><N who="0" m="46698" /><D7/><U89/><E75/><V128/><F134/><W61/><G114/><T29/><D29/><U77/><E77/><V17/><F128/><W49/><G105/><T125/><D40/><U37/><E37/><V98/><F39/><W88/><G117/><N who="0" m="45163" /><D66/><U11/><E135/><V14/><F33/><W1/><G72/><T31/><D31/><U27/><E50/><V104/><F26/><W76/><G38/><T3/><D3/><U78/><E78/><V123/><F32/><W9/><G1/><T108/><D108/><N who="1" m="41547" /><E58/><N who="2" m="36983" /><F104/><W0/><G0/><T113/><D113/><U16/><AGARI ba="0,0" hai="6,10,11,12,13,16,24,27,89,92,97" m="41547" machi="16" ten="30,3000,0" yaku="10,1,54,1" doraHai="133" who="1" fromWho="1" sc="186,-10,309,30,262,-10,243,-10" /><INIT seed="5,1,0,5,0,108" ten="176,339,252,233" oya="1" hai0="31,59,57,16,15,5,113,30,133,27,64,8,135" hai1="66,132,7,97,0,73,38,2,60,72,44,87,11" hai2="75,95,85,9,39,3,12,99,76,49,123,68,25" hai3="24,6,104,91,18,126,131,65,34,124,50,74,118"/><U40/><E132/><N who="0" m="50761" /><D64/><U101/><E87/><V111/><F39/><W13/><G104/><T22/><D59/><U107/><E2/><V1/><F75/><W79/><G65/><T29/><D57/><AGARI ba="1,0" hai="0,7,11,38,40,44,57,60,66,72,73,97,101,107" machi="57" ten="30,1500,0" yaku="7,1" doraHai="108" who="1" fromWho="0" sc="176,-18,339,18,252,0,233,0" /><INIT seed="5,2,0,4,3,10" ten="158,357,252,233" oya="1" hai0="106,121,86,43,128,63,97,98,4,46,89,0,114" hai1="64,104,50,16,65,29,83,132,99,91,95,38,68" hai2="17,7,51,19,41,12,56,28,109,39,105,40,130" hai3="117,18,74,6,78,93,79,107,100,36,135,23,67"/><U24/><E38/><V57/><F105/><W127/><G36/><T62/><D121/><U45/><E104/><V115/><F109/><W75/><G67/><T84/><D114/><U66/><E132/><V96/><F115/><W69/><G69/><T129/><D0/><U134/><E134/><V111/><F28/><W59/><G6/><T3/><D3/><U5/><E83/><V113/><F113/><W123/><G123/><T81/><D4/><U125/><E125/><V13/><F111/><W82/><G127/><T2/><D2/><U60/><E5/><V133/><F133/><W110/><G110/><T108/><D108/><U31/><E65/><V73/><F73/><W11/><G135/><T88/><D106/><U92/><E66/><V70/><F70/><W61/><G117/><T53/><D53/><U131/><E95/><V14/><F130/><N who="0" m="50282" /><D98/><U21/><E131/><V54/><F39/><W44/><G44/><T22/><D97/><U77/><E77/><V90/><F57/><W122/><G122/><T34/><D22/><U85/><E99/><V101/><F101/><W58/><G58/><T15/><D34/><U80/><E80/><V25/><F7/><W118/><G118/><T26/><D26/><U30/><E30/><V47/><F25/><W48/><G48/><N who="0" m="26719" /><D15/><U20/><E20/><V124/><F124/><W42/><G42/><AGARI ba="2,0" hai="16,21,24,29,31,42,45,50,60,64,68,85,91,92" machi="42" ten="30,2900,0" yaku="7,1,54,1" doraHai="10" who="1" fromWho="3" sc="158,0,357,35,252,0,233,-35" /><INIT seed="5,3,0,4,5,71" ten="158,392,252,198" oya="1" hai0="76,20,55,133,95,34,84,108,134,37,69,28,8" hai1="99,107,10,36,30,45,129,52,64,22,38,43,47" hai2="87,16,11,114,7,74,67,70,120,83,59,80,27" hai3="113,116,78,44,61,86,72,90,66,48,50,98,18"/><U128/><E107/><V122/><F70/><W29/><G116/><T68/><D34/><U35/><E35/><V57/><F74/><W104/><G113/><T73/><D73/><U13/><E99/><V97/><F114/><W126/><G29/><T4/><D108/><U123/><E64/><V106/><F80/><W12/><G126/><T109/><D109/><U96/><E96/><V62/><F57/><W41/><G48/><T93/><D76/><U51/><E123/><V2/><F27/><W110/><G110/><T111/><D111/><U77/><E77/><V42/><F42/><W117/><G117/><T15/><D55/><U19/><E38/><V127/><F127/><W3/><G3/><T75/><D75/><U100/><E100/><V130/><F16/><W121/><G121/><T81/><D81/><U89/><E89/><V85/><F85/><W103/><G72/><T101/><D101/><U5/><REACH who="1" step="1"/><E30/><REACH who="1" ten="158,382,252,198" step="2"/><V17/><F97/><W118/><G78/><T58/><D28/><U94/><E94/><V49/><F106/><W92/><G118/><T53/><D95/><U14/><AGARI ba="3,1" hai="5,10,13,14,19,22,36,43,45,47,51,52,128,129" machi="14" ten="30,11700,0" yaku="1,1,0,1,52,1,54,1,53,0" doraHai="71" doraHaiUra="112" who="1" fromWho="1" sc="158,-42,382,136,252,-42,198,-42" /><INIT seed="5,4,0,4,2,122" ten="116,518,210,156" oya="1" hai0="61,135,22,36,49,124,128,77,6,2,10,98,39" hai1="16,125,76,115,62,119,78,120,83,28,19,53,0" hai2="70,132,91,47,74,105,23,94,116,50,4,80,56" hai3="55,79,18,15,67,12,57,92,43,101,7,48,37"/><U40/><E120/><V93/><F70/><W87/><G79/><T112/><D112/><U127/><E119/><V60/><F105/><W66/><G37/><T69/><D124/><N who="1" m="47691" /><E0/><V131/><F116/><W44/><G7/><T42/><D135/><U106/><E106/><V108/><F132/><W86/><G15/><T35/><D128/><U71/><E40/><V25/><F4/><W14/><G14/><T41/><D35/><U89/><E78/><V126/><F131/><W45/><G101/><T129/><D129/><U75/><E115/><V81/><F74/><W88/><G87/><T17/><D77/><U117/><E117/><V103/><F108/><W123/><G123/><T113/><D113/><U20/><E89/><V51/><F103/><W68/><G68/><T109/><D109/><U38/><E38/><V13/><F13/><W32/><G32/><T85/><D41/><U118/><E118/><V97/><F94/><W46/><REACH who="3" step="1"/><G43/><REACH who="3" ten="116,518,210,146" step="2"/><T72/><D39/><U54/><E71/><V73/><F73/><W114/><G114/><T34/><D72/><U33/><E33/><V24/><F126/><W107/><G107/><T9/><D36/><U64/><E75/><V29/><F25/><W130/><G130/><T121/><D34/><U134/><E76/><V96/><F96/><W95/><G95/><T26/><D98/><U52/><E134/><V111/><F111/><W133/><G133/><T90/><D121/><U84/><E84/><V30/><F93/><W1/><G1/><N who="0" m="207" /><D85/><U59/><E83/><V27/><F97/><W82/><G82/><T58/><D2/><RYUUKYOKU ba="4,1" sc="116,-15,518,15,210,-15,146,15" hai1="16,19,20,28,52,53,54,59,62,64" hai3="12,18,44,45,46,48,55,57,66,67,86,88,92" /><INIT seed="5,5,1,1,1,115" ten="101,533,195,161" oya="1" hai0="4,110,125,17,87,41,39,59,103,70,129,89,119" hai1="0,106,65,113,48,131,88,54,97,83,134,61,26" hai2="79,55,24,33,67,16,133,15,128,58,20,107,95" hai3="130,86,76,127,122,64,7,11,126,50,68,124,29"/><U12/><E113/><V57/><F107/><W62/><G122/><T75/><D75/><U94/><E0/><V85/><F133/><W105/><G105/><T100/><D70/><U30/><E134/><V45/><F128/><W32/><G130/><T73/><D73/><U99/><E106/><V44/><F67/><W27/><G50/><T47/><D110/><U36/><E36/><V121/><F121/><W84/><REACH who="3" step="1"/><G76/><REACH who="3" ten="101,533,195,151" step="2"/><T18/><D129/><U69/><E131/><V14/><F79/><W132/><G132/><T10/><D39/><U38/><E38/><V78/><F78/><W28/><G28/><T109/><D109/><U34/><E83/><V82/><F82/><W6/><G6/><T112/><D4/><U53/><E48/><N who="2" m="29063" /><F45/><W93/><G93/><T37/><D47/><U118/><E94/><V120/><F120/><W51/><G51/><T43/><D37/><U80/><E80/><V21/><F33/><W104/><G104/><T114/><D112/><U111/><E34/><V102/><F102/><W8/><G8/><T123/><D10/><U77/><E111/><V40/><F40/><W117/><G117/><T42/><D114/><U35/><E118/><V101/><F21/><W5/><G5/><T25/><D119/><U98/><E77/><V135/><F135/><W46/><G46/><T49/><D103/><U3/><E35/><V74/><F74/><W81/><G81/><N who="0" m="49391" /><D100/><U22/><E30/><V23/><F101/><W66/><G66/><T9/><D123/><U63/><E65/><V92/><F92/><W1/><AGARI ba="5,2" hai="1,7,11,27,29,32,62,64,68,84,86,124,126,127" machi="1" ten="30,4000,0" yaku="1,1,0,1,18,1,53,0" doraHai="115" doraHaiUra="116" who="3" fromWho="3" sc="101,-15,533,-25,195,-15,151,75" /><INIT seed="6,0,0,5,3,134" ten="86,508,180,226" oya="2" hai0="125,86,98,132,41,79,53,128,122,76,37,2,119" hai1="19,101,104,49,12,36,107,121,16,9,0,20,123" hai2="73,33,74,57,66,106,124,62,70,6,32,85,43" hai3="59,1,81,25,51,100,5,82,26,118,67,61,10"/><V114/><F106/><W95/><G118/><T27/><D2/><U50/><E36/><V110/><F73/><W97/><G51/><N who="1" m="19466" /><E0/><V127/><F74/><W60/><G60/><T29/><D122/><N who="1" m="46603" /><E101/><V89/><F110/><W87/><G82/><T24/><D119/><U102/><E102/><V72/><F72/><W92/><REACH who="3" step="1"/><G92/><REACH who="3" ten="86,508,180,216" step="2"/><T34/><D37/><U133/><E133/><V120/><F120/><W14/><G14/><AGARI ba="0,1" hai="9,12,14,16,19,20,104,107" m="46603,19466" machi="14" ten="30,2000,0" yaku="13,1,54,1" doraHai="134" who="1" fromWho="3" sc="86,0,508,30,180,0,216,-20" /><INIT seed="7,0,0,2,3,114" ten="86,538,180,196" oya="3" hai0="123,20,128,97,14,116,66,126,42,72,17,38,81" hai1="131,3,108,50,34,1,101,32,9,5,94,86,85" hai2="28,39,79,36,52,21,10,89,119,109,73,51,98" hai3="16,41,125,11,12,135,55,129,22,60,62,40,93"/><W71/><G125/><T124/><D123/><U68/><E108/><V35/><F109/><W46/><G135/><T49/><D128/><U103/><E68/><V118/><F35/><W102/><G129/><T120/><D120/><U6/><E131/><V47/><F73/><W15/><G71/><T121/><D121/><U25/><E50/><V63/><F79/><W117/><G117/><T80/><D116/><U96/><E25/><V134/><F134/><W8/><G22/><T61/><D38/><U127/><E127/><V19/><F39/><W112/><G112/><T77/><D97/><U133/><E133/><V30/><F10/><W115/><G115/><T106/><D106/><U45/><E45/><V0/><F0/><W91/><G102/><T26/><D81/><U53/><E53/><V54/><F36/><W84/><G41/><T70/><D42/><U23/><E23/><V69/><F30/><W122/><G122/><T113/><D113/><U107/><E107/><V2/><F28/><W74/><G74/><T24/><D24/><U33/><E103/><V29/><F2/><W82/><G82/><T44/><REACH who="0" step="1"/><D26/><REACH who="0" ten="76,538,180,196" step="2"/><U99/><E99/><V67/><F29/><W13/><G40/><T65/><D65/><U64/><E64/><V88/><F54/><W37/><G37/><T87/><D87/><U18/><E18/><V104/><F89/><W75/><G75/><T83/><D83/><U43/><E43/><V76/><F76/><W48/><G16/><T58/><D58/><U92/><E92/><N who="2" m="56583" /><F104/><W57/><G57/><T132/><D132/><U78/><E78/><RYUUKYOKU ba="0,1" sc="76,0,538,0,180,0,196,0" hai0="14,17,20,44,49,61,66,70,72,77,80,124,126" hai1="1,3,5,6,9,32,33,34,85,86,94,96,101" hai2="19,21,47,51,52,63,67,69,118,119" hai3="8,11,12,13,15,46,48,55,60,62,84,91,93" /><INIT seed="7,1,1,2,1,127" ten="76,538,180,196" oya="3" hai0="31,62,86,89,111,82,102,106,5,108,84,64,35" hai1="7,72,29,63,126,122,93,60,80,112,52,95,107" hai2="50,37,115,90,91,65,79,43,110,85,41,129,12" hai3="116,34,128,38,100,114,134,23,53,113,119,132,96"/><W24/><G38/><T125/><D125/><U39/><E39/><V0/><F0/><W49/><G34/><T42/><D42/><U88/><E107/><V66/><F110/><W14/><G14/><T25/><D5/><U75/><E122/><V77/><F37/><W11/><G11/><T45/><D45/><U109/><E126/><V71/><F71/><W20/><G53/><T104/><D86/><U130/><E29/><V59/><F115/><N who="3" m="44043" /><G49/><T55/><D55/><U81/><E7/><V21/><F129/><W92/><G24/><T68/><REACH who="0" step="1"/><D106/><REACH who="0" ten="66,538,180,196" step="2"/><U105/><E105/><V44/><F43/><W30/><G128/><T10/><D10/><U9/><E130/><V57/><F91/><W120/><G120/><T4/><D4/><U103/><E88/><V124/><F124/><W48/><G48/><T97/><AGARI ba="1,2" hai="25,31,35,62,64,68,82,84,89,97,102,104,108,111" machi="97" ten="30,8000,1" yaku="1,1,0,1,25,2,53,1" doraHai="127" doraHaiUra="98" who="0" fromWho="0" sc="66,103,538,-21,180,-21,196,-41" owari="169,-3.0,517,61.0,159,-24.0,155,-34.0" /></mjloggm>