<mjloggm ver="2.3"><GO type="169"/><UN n0="%EF%BC%88%E2%89%A7%E2%96%BD%E2%89%A6%EF%BC%89" n1="%EF%BC%A6%EF%BC%B8%E9%9B%80%E5%A3%AB" n2="%E3%83%81%E3%83%A3%E3%82%AA%E3%83%AA" n3="%E3%81%9F%E3%82%8B" dan="17,17,16,16" rate="2151,2136,2122,2036" sx="M,M,M,M"/><TAIKYOKU oya="0"/><INIT seed="0,0,0,0,0,128" ten="250,250,250,250" oya="0" hai0="92,114,131,2,73,55,6,65,107,127,130,135,121" hai1="101,89,52,41,119,104,66,91,47,122,75,97,64" hai2="109,113,99,70,62,36,44,98,68,48,60,25,16" hai3="46,116,126,63,28,90,57,32,132,1,38,87,35"/><T95/><D73/><U51/><E119/><V0/><F0/><W81/><G116/><T12/><D107/><U4/><E122/><V8/><F36/><W84/><G1/><T45/><D2/><U59/><E4/><V40/><F109/><W50/><G38/><T20/><D114/><U124/><E124/><V49/><F49/><W129/><G126/><T10/><D127/><U94/><E75/><V115/><F115/><W93/><G129/><N who="0" m="49163" /><D121/><U29/><E29/><V112/><F112/><W102/><G28/><T134/><D65/><U86/><REACH who="1" step="1"/><E91/><REACH who="1" ten="250,240,250,250" step="2"/><V54/><F113/><W37/><G102/><T56/><D45/><U76/><E76/><V118/><F44/><W17/><G46/><T78/><D78/><U15/><E15/><V106/><F118/><W123/><G123/><T33/><D33/><U31/><E31/><V7/><F7/><W5/><G5/><T80/><D80/><U82/><E82/><V18/><F25/><W74/><G74/><T108/><D108/><U11/><E11/><V22/><F8/><W105/><G81/><T3/><D12/><U39/><AGARI ba="0,1" hai="39,41,47,51,52,59,64,66,86,89,94,97,101,104" machi="39" ten="20,5200,0" yaku="1,1,0,1,7,1,54,1,53,0" doraHai="128" doraHaiUra="111" who="1" fromWho="1" sc="250,-26,240,62,250,-13,250,-13" /><INIT seed="1,0,0,0,2,33" ten="224,302,237,237" oya="1" hai0="74,100,48,56,62,78,126,43,31,75,92,24,14" hai1="51,118,77,131,32,53,39,87,102,95,46,64,60" hai2="19,49,89,45,47,127,94,68,80,91,54,116,85" hai3="120,119,35,44,86,90,28,40,82,41,6,96,18"/><U1/><E32/><V103/><F68/><W63/><G120/><T121/><D121/><U37/><E118/><V107/><F127/><W115/><G119/><T69/><D126/><U58/><E131/><V55/><F107/><W16/><G115/><T110/><D110/><U5/><E77/><V42/><F103/><W84/><G6/><T8/><D69/><U125/><E125/><V73/><F73/><W111/><G96/><N who="0" m="59399" /><D78/><U129/><E129/><V106/><F106/><W2/><G2/><T72/><D72/><U13/><E13/><V70/><F70/><W79/><G111/><T130/><D75/><U98/><REACH who="1" step="1"/><E87/><REACH who="1" ten="224,292,237,237" step="2"/><V36/><F116/><W25/><G86/><T105/><D74/><U65/><E65/><V26/><F85/><W0/><G79/><T9/><D14/><U134/><E134/><V117/><F117/><W23/><G35/><T99/><D130/><U30/><E30/><V15/><F15/><W97/><G84/><T101/><D31/><U4/><E4/><V132/><F132/><W59/><G28/><T88/><D24/><U20/><E20/><V52/><F26/><W17/><G25/><T135/><D135/><U76/><E76/><V11/><F80/><W83/><G83/><T27/><D27/><U113/><E113/><V38/><F11/><AGARI ba="0,1" hai="1,5,11,37,39,46,51,53,58,60,64,95,98,102" machi="11" ten="40,7700,0" yaku="1,1,52,1,53,1" doraHai="33" doraHaiUra="3" who="1" fromWho="2" sc="224,0,292,87,237,-77,237,0" /><INIT seed="1,1,0,2,0,27" ten="224,379,160,237" oya="1" hai0="44,4,94,62,46,47,2,3,122,48,49,29,106" hai1="97,72,82,134,7,107,15,117,58,79,8,76,103" hai2="33,18,132,99,108,50,125,77,39,73,126,21,90" hai3="28,54,96,40,74,10,24,65,53,111,115,43,89"/><U101/><E134/><V37/><F132/><W30/><G74/><T100/><D122/><U114/><E79/><V32/><F108/><W102/><G115/><T16/><D106/><U12/><E114/><V105/><F50/><W91/><G111/><T22/><D4/><U118/><E101/><V35/><F77/><W19/><G65/><T78/><D2/><U121/><E121/><V83/><F73/><W92/><G89/><T55/><D78/><U60/><REACH who="1" step="1"/><E15/><REACH who="1" ten="224,369,160,237" step="2"/><V81/><F126/><W5/><G102/><T75/><D3/><U130/><E130/><V1/><F125/><W57/><G91/><T88/><D100/><U129/><E129/><V98/><F1/><W71/><G24/><N who="0" m="16535" /><D75/><U64/><AGARI ba="1,1" hai="7,8,12,58,60,64,72,76,82,97,103,107,117,118" machi="64" ten="20,3900,0" yaku="1,1,0,1,7,1,53,0" doraHai="27" doraHaiUra="41" who="1" fromWho="1" sc="224,-14,369,52,160,-14,237,-14" /><INIT seed="1,2,0,1,4,41" ten="210,421,146,223" oya="1" hai0="93,26,18,11,29,81,44,117,90,80,111,87,1" hai1="112,43,55,10,40,66,39,135,59,114,37,129,65" hai2="113,100,89,60,86,77,132,126,32,2,74,106,84" hai3="70,103,23,62,27,69,82,31,124,107,48,9,131"/><U78/><E78/><V15/><F2/><W6/><G124/><T56/><D117/><U120/><E10/><V51/><F32/><W115/><G115/><N who="1" m="44074" /><E120/><V21/><F60/><W49/><G131/><T30/><D111/><U101/><E101/><V3/><F3/><W13/><G82/><T68/><D68/><U123/><E123/><V79/><F132/><W24/><G103/><T14/><D1/><U46/><E129/><V25/><F126/><W133/><G107/><T85/><D26/><U127/><E127/><V50/><F15/><W28/><G133/><T45/><D56/><U116/><E116/><V109/><F113/><W99/><G99/><T54/><D93/><U58/><E135/><V134/><F134/><W7/><G7/><T63/><D63/><N who="1" m="36319" /><E59/><V34/><F34/><W121/><G121/><T83/><D83/><U67/><E43/><V8/><F8/><W20/><G70/><T92/><D92/><U33/><E33/><V104/><F100/><W17/><G6/><T72/><D72/><U42/><E40/><V95/><F95/><W130/><G130/><T108/><D81/><U119/><E119/><V71/><F74/><W75/><G75/><T0/><D0/><U35/><E35/><V122/><F122/><W88/><G88/><T53/><D85/><U64/><N who="1" m="16896" /><DORA hai="73" /><U61/><E61/><V128/><F89/><W96/><G96/><T4/><D4/><U16/><E16/><N who="2" m="12455" /><F128/><W47/><G62/><T118/><D118/><U22/><E22/><V76/><F71/><W12/><G69/><T5/><D90/><U105/><E105/><RYUUKYOKU ba="2,0" sc="210,-10,421,30,146,-10,223,-10" hai1="37,39,42,46" /><INIT seed="1,3,0,0,5,32" ten="200,451,136,213" oya="1" hai0="67,107,63,129,75,70,35,58,78,121,73,109,13" hai1="98,122,91,72,123,93,45,89,10,128,79,76,108" hai2="53,126,71,92,95,12,38,48,81,96,103,87,2" hai3="102,83,14,80,47,130,74,85,51,39,68,133,28"/><U56/><E56/><V36/><F71/><W49/><G68/><T119/><D119/><U19/><E45/><V4/><F126/><W20/><G102/><T99/><D109/><U90/><E19/><V66/><F66/><W6/><G74/><T105/><D129/><U37/><E10/><V25/><F25/><W46/><G130/><T3/><D121/><N who="1" m="46091" /><E37/><V41/><F41/><W111/><G111/><T44/><D78/><N who="1" m="29739" /><E128/><V11/><F81/><W106/><G39/><T100/><D58/><U69/><E69/><V33/><F33/><W127/><G28/><T29/><D13/><U82/><E108/><V110/><F110/><W117/><G6/><T21/><D21/><U26/><E26/><V43/><F43/><W116/><G20/><T135/><D44/><U61/><E61/><V27/><F27/><W88/><G14/><T60/><D60/><U30/><E30/><V125/><F125/><W84/><G127/><T120/><D29/><U55/><E55/><V115/><F115/><W65/><G65/><T54/><D35/><U131/><E131/><V104/><F12/><W112/><G46/><T101/><D54/><U50/><E50/><V114/><F114/><W18/><G112/><T17/><D17/><U134/><E134/><V22/><F22/><W5/><G18/><T86/><D135/><U77/><AGARI ba="3,0" hai="72,77,82,89,90,91,93,98" m="29739,46091" machi="77" ten="30,3000,0" yaku="34,2" doraHai="32" who="1" fromWho="1" sc="200,-13,451,39,136,-13,213,-13" /><INIT seed="1,4,0,5,2,94" ten="187,490,123,200" oya="1" hai0="122,135,14,115,118,9,29,50,0,108,5,120,133" hai1="51,46,31,82,8,88,90,132,83,58,19,89,41" hai2="106,75,124,116,112,68,37,117,77,95,74,24,111" hai3="48,67,36,114,104,128,69,71,97,7,100,86,123"/><U72/><E132/><N who="0" m="50761" /><D115/><U62/><E72/><V15/><F68/><W33/><G114/><T1/><D50/><U47/><E47/><V134/><F24/><W96/><G36/><T109/><D29/><U81/><E31/><V45/><F15/><W56/><G123/><N who="0" m="47147" /><D118/><U3/><E3/><AGARI ba="4,0" hai="0,1,3,5,9,14,108,109" m="47147,50761" machi="3" ten="40,8000,1" yaku="20,1,13,1,34,2" doraHai="94" who="0" fromWho="1" sc="187,92,490,-92,123,0,200,0" /><INIT seed="2,0,0,5,4,16" ten="279,398,123,200" oya="2" hai0="118,135,59,51,100,61,116,83,25,126,33,89,107" hai1="3,86,30,96,24,37,90,47,106,115,28,120,119" hai2="130,68,134,50,38,62,127,4,77,78,80,6,71" hai3="131,58,105,15,97,74,124,57,42,35,63,19,1"/><V31/><F38/><W104/><G35/><T10/><D135/><U34/><E115/><V45/><F130/><W60/><G131/><T40/><D126/><U5/><E119/><V95/><F134/><W67/><G1/><T69/><D10/><U12/><E30/><V54/><F127/><W125/><G74/><T85/><D69/><U29/><E29/><V41/><F78/><W32/><G32/><T75/><D75/><U101/><E120/><V18/><F31/><W14/><G42/><T11/><D11/><U112/><E3/><V92/><F71/><W117/><G117/><T13/><D13/><U9/><E112/><V22/><F68/><W123/><G123/><T79/><D33/><U129/><E129/><V7/><F62/><W73/><G73/><T82/><D25/><U108/><E47/><V27/><REACH who="2" step="1"/><F41/><REACH who="2" ten="279,398,113,200" step="2"/><W8/><G125/><T91/><D61/><U94/><E37/><V21/><F21/><W72/><G124/><T48/><D40/><U26/><E28/><V20/><F20/><W114/><G114/><T113/><D113/><U23/><E23/><V56/><F56/><W64/><G58/><T110/><D59/><U87/><E34/><V66/><F66/><W49/><G57/><T84/><D79/><U43/><E43/><V102/><F102/><W39/><G39/><T99/><D116/><U65/><E101/><V93/><F93/><W109/><G64/><T98/><D118/><U81/><E65/><V121/><F121/><W103/><G67/><T132/><D100/><U76/><E94/><V128/><F128/><W55/><G103/><RYUUKYOKU ba="0,1" sc="279,-10,398,-10,113,30,200,-10" hai2="4,6,7,18,22,27,45,50,54,77,80,92,95" /><INIT seed="2,1,1,0,1,80" ten="269,388,143,190" oya="2" hai0="92,78,26,10,52,44,57,103,120,100,90,62,11" hai1="104,38,94,45,65,106,111,115,67,83,42,36,40" hai2="99,2,16,24,131,109,32,85,113,17,130,88,27" hai3="4,96,55,19,135,91,98,105,86,0,41,56,79"/><V12/><F2/><W82/><G135/><T37/><D120/><U43/><E115/><V50/><F113/><W116/><G116/><T63/><D78/><U34/><E34/><V33/><F99/><W18/><G41/><T84/><D37/><U48/><E111/><V39/><F39/><W129/><G129/><N who="2" m="49161" /><F109/><W77/><G4/><T125/><D125/><U117/><E117/><V95/><F50/><N who="3" m="30839" /><G105/><T51/><D63/><U3/><E3/><V9/><F17/><N who="3" m="6155" /><G0/><T89/><D26/><AGARI ba="1,1" hai="9,12,16,24,26,27,32,33,85,88,95" m="49161" machi="26" ten="30,11600,0" yaku="19,1,52,1,54,2" doraHai="80" who="2" fromWho="0" sc="269,-119,388,0,143,129,190,0" /><INIT seed="2,2,0,4,3,115" ten="150,388,272,190" oya="2" hai0="78,92,46,102,80,126,33,52,48,25,113,110,93" hai1="6,74,51,37,21,127,30,17,76,49,43,69,10" hai2="20,88,13,120,5,27,14,44,71,117,41,63,106" hai3="84,134,9,7,26,68,67,108,32,135,1,91,97"/><V34/><F106/><W0/><G97/><T16/><D113/><U19/><E69/><V90/><F34/><W23/><G32/><T103/><D126/><U99/><E127/><V114/><F120/><W130/><G108/><T58/><D110/><U129/><E30/><V83/><F117/><W56/><G68/><T62/><D33/><U104/><E129/><V72/><F72/><W65/><G130/><T12/><D25/><U36/><E19/><V53/><F114/><W3/><G56/><T107/><D107/><U122/><E76/><V109/><F109/><W35/><G35/><T105/><D105/><U50/><E43/><V75/><F75/><W2/><G84/><N who="0" m="48151" /><D93/><U101/><E74/><V64/><F53/><W85/><G85/><T111/><D92/><U39/><E122/><V121/><F121/><W70/><G91/><T73/><D73/><U31/><E31/><V28/><F5/><W100/><G100/><T8/><D111/><U79/><E79/><V116/><F116/><W128/><G128/><T94/><D94/><U133/><E133/><N who="3" m="50698" /><G70/><T47/><D47/><U29/><E29/><AGARI ba="2,0" hai="0,1,2,3,7,9,23,26,29,65,67" m="50698" machi="29" ten="40,1300,0" yaku="20,1" doraHai="115" who="3" fromWho="1" sc="150,0,388,-19,272,0,190,19" /><INIT seed="3,0,0,3,0,77" ten="150,369,272,209" oya="3" hai0="23,0,128,43,38,129,57,25,65,24,72,127,91" hai1="115,73,83,4,45,131,36,9,68,56,11,19,108" hai2="116,104,17,58,97,12,75,88,63,96,94,84,112" hai3="69,48,95,117,31,28,20,32,44,79,22,10,109"/><W3/><G69/><T13/><D0/><U90/><E115/><V98/><F75/><W122/><G117/><T21/><D72/><U101/><E68/><V105/><F112/><W18/><G122/><T62/><D127/><U40/><E101/><V14/><F116/><W134/><G134/><T106/><D106/><U71/><E71/><V113/><F14/><W121/><G121/><T87/><D13/><U8/><E108/><V132/><F132/><W124/><G124/><T50/><D38/><U27/><E131/><V118/><F118/><W76/><G109/><T16/><D43/><U93/><E56/><V64/><REACH who="2" step="1"/><F113/><REACH who="2" ten="150,369,262,209" step="2"/><W7/><G3/><T39/><D39/><U110/><E73/><V80/><F80/><W61/><G32/><T29/><REACH who="0" step="1"/><D50/><REACH who="0" ten="140,369,262,209" step="2"/><U119/><E36/><V2/><F2/><W59/><G48/><T55/><D55/><U126/><E126/><V5/><F5/><W100/><G7/><T54/><D54/><U135/><E4/><V47/><F47/><W111/><G44/><T99/><D99/><U37/><E119/><V120/><F120/><W85/><G111/><T52/><D52/><U82/><E110/><V34/><F34/><W30/><G85/><T26/><D26/><U107/><E135/><V15/><F15/><W70/><G70/><T102/><D102/><U51/><E37/><V66/><F66/><W114/><G100/><T86/><D86/><N who="1" m="52439" /><E107/><V92/><F92/><AGARI ba="0,2" hai="16,21,23,24,25,29,57,62,65,87,91,92,128,129" machi="92" ten="40,2600,0" yaku="1,1,54,1,53,0" doraHai="77" doraHaiUra="123" who="0" fromWho="2" sc="140,46,369,0,262,-26,209,0" /><INIT seed="4,0,0,0,2,119" ten="186,369,236,209" oya="0" hai0="22,25,118,21,6,111,95,45,80,117,98,131,133" hai1="51,53,88,103,1,100,50,116,68,132,97,35,19" hai2="99,87,81,126,54,48,39,134,112,124,9,82,127" hai3="91,38,4,12,3,0,18,41,108,10,110,89,29"/><T71/><D71/><U16/><E116/><V2/><F39/><W73/><G73/><T101/><D133/><U105/><E35/><V8/><F112/><W33/><G41/><T58/><D131/><U63/><E1/><V79/><F134/><W31/><G38/><T57/><D111/><U59/><E103/><V37/><F37/><W66/><G66/><T52/><D6/><U85/><E132/><V96/><F82/><W32/><G91/><T128/><D128/><U75/><E75/><V135/><F135/><W94/><G89/><T129/><D129/><U115/><E115/><V55/><F55/><W11/><G94/><T43/><D80/><U61/><E51/><V64/><F64/><W5/><G12/><T104/><D104/><U13/><E68/><V69/><F69/><W49/><G49/><N who="0" m="28719" /><D43/><U67/><E67/><V14/><F2/><W42/><G42/><T46/><D46/><U74/><E74/><V109/><F109/><W120/><G18/><N who="0" m="12471" /><D22/><U34/><E34/><V60/><F124/><W83/><G83/><T92/><D92/><U72/><E72/><V44/><F127/><W113/><G113/><T47/><D47/><U17/><REACH who="1" step="1"/><E13/><REACH who="1" ten="186,359,236,209" step="2"/><V106/><F14/><W15/><G15/><T28/><D118/><U23/><E23/><V125/><F125/><W84/><G84/><T76/><D117/><U30/><E30/><V62/><F126/><W121/><AGARI ba="0,1" hai="0,3,4,5,10,11,29,31,32,33,108,110,120,121" machi="121" ten="25,16000,3" yaku="0,1,22,2,34,3,52,2" doraHai="119" who="3" fromWho="3" sc="186,-80,359,-40,236,-40,209,170" /><INIT seed="5,0,0,5,1,12" ten="106,319,196,379" oya="1" hai0="11,99,26,61,49,86,41,126,78,5,43,81,16" hai1="84,56,66,68,104,51,134,79,27,109,129,3,6" hai2="106,110,24,39,63,25,32,77,91,100,48,95,94" hai3="8,108,37,62,72,120,13,7,42,70,116,88,14"/><U133/><E104/><V80/><F39/><W46/><G120/><T103/><D126/><U15/><E68/><V65/><F94/><W127/><G72/><T60/><D5/><U4/><E3/><V0/><F0/><W135/><G127/><T76/><D76/><U118/><E118/><V36/><F36/><W31/><G108/><T58/><D49/><U67/><E109/><V54/><F32/><W44/><G116/><T105/><D60/><U117/><E129/><V55/><F100/><W73/><G73/><T1/><D1/><U128/><E128/><V96/><F106/><W64/><G31/><T130/><D130/><U113/><E117/><V28/><F28/><W90/><G135/><T45/><D45/><U119/><E119/><V92/><F92/><W34/><G34/><T102/><D102/><U35/><E35/><V52/><F48/><W112/><G112/><T50/><D50/><U71/><E71/><V122/><F122/><W89/><G44/><T82/><D82/><U87/><E113/><V98/><F98/><W19/><REACH who="3" step="1"/><G89/><REACH who="3" ten="106,319,196,369" step="2"/><T69/><D69/><U21/><E134/><V125/><F125/><W107/><G107/><T121/><D121/><U97/><E133/><V111/><F111/><W124/><G124/><T30/><D30/><U131/><E131/><V123/><F123/><W83/><G83/><T101/><D101/><U22/><E79/><V38/><F110/><W29/><G29/><T17/><D105/><U10/><E97/><V33/><F96/><W40/><G40/><T93/><D43/><U2/><E87/><V23/><F77/><RYUUKYOKU ba="0,1" sc="106,-10,319,-10,196,-10,369,30" hai3="7,8,13,14,19,37,42,46,62,64,70,88,90" /><INIT seed="6,1,1,2,1,88" ten="96,309,186,399" oya="2" hai0="59,51,14,65,86,119,42,115,6,96,108,2,60" hai1="94,27,81,127,111,13,52,99,8,10,69,126,120" hai2="61,117,43,83,98,57,47,45,9,135,106,64,97" hai3="63,35,101,33,125,100,130,21,129,93,77,7,20"/><V58/><F135/><W44/><G77/><T66/><D108/><U38/><E38/><V75/><F106/><W50/><G7/><T123/><D123/><U84/><E69/><V112/><F117/><W18/><G63/><T0/><D119/><U67/><E67/><V70/><F45/><W122/><G122/><T53/><D115/><U85/><E111/><V89/><F9/><W40/><G21/><T133/><D133/><U128/><E128/><N who="3" m="49258" /><G125/><T72/><D72/><U134/><E120/><V92/><F98/><N who="3" m="59471" /><G101/><T29/><D29/><U113/><E113/><V15/><F15/><AGARI ba="1,1" hai="15,18,20,33,35,40,44,50" m="59471,49258" machi="15" ten="30,2000,0" yaku="19,1,52,1" doraHai="88" who="3" fromWho="2" sc="96,0,309,0,186,-23,399,33" /><INIT seed="7,0,0,0,0,116" ten="96,309,163,432" oya="3" hai0="63,39,62,120,127,58,22,101,67,72,59,107,31" hai1="42,105,121,66,89,128,34,69,125,131,97,43,79" hai2="51,36,33,15,57,14,74,30,19,44,45,85,41" hai3="38,115,29,86,24,78,103,134,95,26,52,20,129"/><W126/><G38/><T94/><D127/><U110/><E125/><V130/><F74/><W96/><G115/><T77/><D39/><U16/><E34/><V71/><F71/><W68/><G68/><T18/><D107/><U28/><E79/><V9/><F33/><W117/><G117/><T113/><D113/><U123/><E28/><V88/><F30/><W21/><G126/><T60/><D120/><U13/><E66/><V12/><F57/><W118/><G134/><T50/><D72/><U106/><E69/><V65/><F65/><W25/><G129/><T2/><D2/><U46/><E110/><V23/><F130/><W87/><G118/><T90/><D77/><U104/><E131/><V76/><F23/><W122/><G122/><T11/><D11/><U17/><E128/><V99/><F99/><W80/><G87/><T3/><D3/><U112/><E97/><V5/><F5/><W10/><G10/><T98/><D90/><U1/><E89/><V135/><F76/><W7/><G7/><T93/><D93/><U53/><E105/><V111/><F111/><W114/><G114/><T108/><D108/><U119/><E119/><V70/><F70/><W64/><G64/><T84/><D84/><U124/><E124/><V82/><F135/><W37/><G29/><T133/><D133/><U83/><E112/><V32/><F32/><W47/><G78/><T35/><D35/><U0/><E0/><V75/><F75/><W8/><G96/><T61/><N who="0" m="15360" /><DORA hai="55" /><T91/><D67/><U81/><E121/><V6/><F9/><W4/><G8/><RYUUKYOKU ba="0,0" sc="96,0,309,0,163,0,432,0" owari="96,-40.0,309,11.0,163,-24.0,432,53.0" /></mjloggm>