<mjloggm ver="2.3"><GO type="97"/><UN n0="%E9%99%A4%E8%8F%8C%E5%AE%B6%E6%9C%A8%E7%B6%BF" n1="%E3%82%A6%E3%83%AB%E3%83%88%E3%83%A9%E7%AB%8B%E7%9B%B4" n2="%E9%A2%A8%E8%A6%8B%E3%83%AA%E3%82%B0%E3%83%AB" n3="%41%44%4E%4F%48" dan="14,15,13,14" rate="1964,1963,1812,1926" sx="M,M,F,M"/><TAIKYOKU oya="0"/><INIT seed="0,0,0,1,5,107" ten="250,250,250,250" oya="0" hai0="35,29,110,112,73,82,127,133,95,104,119,18,54" hai1="68,117,103,23,113,19,31,37,122,87,83,89,11" hai2="28,91,43,49,97,56,102,72,26,63,48,66,12" hai3="75,124,116,8,70,41,10,98,17,65,59,51,39"/><T93/><D119/><U47/><E68/><V1/><F1/><W36/><G116/><T118/><D112/><U88/><E117/><V106/><F72/><W15/><G124/><T85/><D118/><U60/><E122/><V42/><F91/><W79/><G98/><T134/><D54/><U99/><E113/><V27/><F12/><W81/><G70/><T58/><D58/><U46/><E60/><V131/><F131/><W76/><G76/><N who="0" m="44303" /><D35/><U108/><E108/><V24/><REACH who="2" step="1"/><F28/><REACH who="2" ten="250,250,240,250" step="2"/><W126/><G126/><T71/><D29/><U9/><E89/><V105/><F105/><W123/><G123/><T25/><D127/><U120/><E120/><V130/><F130/><W96/><G96/><T44/><D104/><U45/><E31/><V64/><F64/><W20/><G65/><T84/><D110/><U22/><E37/><V135/><F135/><W121/><G121/><T0/><D0/><U101/><E99/><V4/><F4/><W109/><G109/><T13/><D13/><U74/><E74/><V100/><F100/><W21/><G39/><T34/><D133/><U33/><E103/><V115/><F115/><W80/><G36/><T128/><D128/><U40/><E101/><V132/><F132/><W5/><G5/><T16/><D134/><U94/><E88/><V125/><F125/><W62/><G10/><T90/><D90/><U55/><E9/><V32/><F32/><W86/><G8/><T53/><D34/><U57/><E11/><V111/><F111/><W78/><G78/><T92/><D84/><U3/><E33/><V52/><F52/><RYUUKYOKU ba="0,1" sc="250,-10,250,-10,240,30,250,-10" hai2="24,26,27,42,43,48,49,56,63,66,97,102,106" /><INIT seed="1,1,1,3,3,91" ten="240,240,270,240" oya="1" hai0="50,15,45,37,60,102,132,124,1,35,75,7,43" hai1="82,116,0,49,28,20,21,40,31,80,17,93,83" hai2="77,127,52,87,121,113,71,96,14,55,65,24,118" hai3="61,81,64,46,3,32,44,68,101,11,27,133,78"/><U114/><E0/><V76/><F121/><W134/><G101/><T48/><D35/><U38/><E38/><V10/><F118/><W42/><G46/><T79/><D124/><U54/><E116/><V73/><F127/><W70/><G70/><T51/><D132/><U135/><E135/><V69/><F24/><W9/><G9/><N who="0" m="2287" /><D60/><U85/><E114/><V94/><F77/><W115/><G115/><T131/><D131/><U34/><E34/><V56/><F73/><N who="3" m="43215" /><G27/><T109/><D109/><U95/><E40/><V57/><F71/><W12/><G12/><T6/><D102/><U112/><E112/><V4/><F69/><W2/><G2/><T126/><D126/><U128/><E128/><V67/><F55/><W129/><G32/><T66/><D66/><U110/><E110/><V74/><F74/><W29/><G29/><N who="1" m="11338" /><E85/><V36/><F36/><N who="3" m="21575" /><G129/><T26/><D26/><N who="1" m="14607" /><E21/><V123/><F113/><W5/><AGARI ba="1,1" hai="3,5,11,61,64,68,133,134" m="21575,43215" machi="5" ten="30,2000,0" yaku="25,1,23,1" doraHai="91" who="3" fromWho="3" sc="240,-6,240,-11,270,-6,240,33" /><INIT seed="2,0,0,1,0,69" ten="234,229,264,273" oya="2" hai0="72,121,82,101,46,79,93,105,77,57,76,24,59" hai1="124,4,61,29,0,51,45,104,134,44,84,14,83" hai2="55,65,52,6,36,37,20,56,106,15,26,54,74" hai3="113,64,120,85,110,103,66,94,35,68,47,2,40"/><V135/><F74/><W23/><G120/><T127/><D121/><U128/><E0/><V122/><F135/><W28/><G35/><T100/><D127/><U34/><E104/><V30/><F106/><W58/><G2/><T16/><D105/><U50/><E134/><V3/><F3/><W60/><G68/><T49/><D79/><U27/><E124/><V67/><F122/><W1/><G1/><T9/><D77/><U53/><E128/><V112/><F112/><W8/><G8/><T32/><D32/><U131/><E131/><V132/><F132/><W107/><G107/><T89/><D101/><U87/><E61/><V38/><REACH who="2" step="1"/><F56/><REACH who="2" ten="234,229,254,273" step="2"/><W117/><G113/><T96/><D59/><U118/><E118/><V70/><F70/><W73/><G117/><T88/><D57/><U41/><E4/><V75/><F75/><W133/><G73/><T114/><D114/><U7/><E7/><V99/><F99/><W125/><G133/><T116/><D116/><U21/><E84/><V98/><F98/><W80/><G125/><T86/><D72/><U102/><E102/><V126/><F126/><W17/><G58/><T130/><D130/><U5/><E5/><V62/><F62/><W11/><G103/><T12/><REACH who="0" step="1"/><D24/><REACH who="0" ten="224,229,254,273" step="2"/><U19/><REACH who="1" step="1"/><E87/><REACH who="1" ten="224,219,254,273" step="2"/><V39/><N who="2" m="9728" /><DORA hai="119" /><V81/><F81/><AGARI ba="0,3" hai="14,19,21,27,29,34,41,44,45,50,51,53,81,83" machi="81" ten="40,5200,0" yaku="1,1,53,2" doraHai="69,119" doraHaiUra="22,48" who="1" fromWho="2" sc="224,0,219,82,254,-52,273,0" /><INIT seed="3,0,0,3,4,99" ten="224,301,202,273" oya="3" hai0="112,14,45,76,48,47,5,55,11,30,105,100,12" hai1="13,24,96,89,34,117,41,72,108,44,49,1,66" hai2="3,86,10,8,67,116,106,127,104,51,126,103,124" hai3="42,69,71,128,131,64,85,92,120,4,57,90,129"/><W68/><G120/><T83/><D112/><U21/><E1/><V37/><F116/><W115/><G42/><T46/><D30/><U62/><E72/><V53/><F37/><W17/><G115/><T60/><D60/><U135/><E117/><V22/><F67/><W19/><G4/><T59/><D14/><U16/><E135/><V7/><F22/><W88/><G90/><T61/><D61/><AGARI ba="0,0" hai="17,19,57,61,64,68,69,71,85,88,92,128,129,131" machi="61" ten="50,4800,0" yaku="19,1,54,1" doraHai="99" who="3" fromWho="0" sc="224,-48,301,0,202,0,273,48" owari="176,-32.0,301,10.0,202,-20.0,321,42.0" /></mjloggm>