<mjloggm ver="2.3"><GO type="97"/><UN n0="%EF%BC%88%E2%89%A7%E2%96%BD%E2%89%A6%EF%BC%89" n1="%73%75%62%69%65%72" n2="%33%C3%97%33" n3="%E4%B8%83%E9%A6%99" dan="15,14,14,14" rate="2045,1880,1938,1881" sx="M,F,F,F"/><TAIKYOKU oya="0"/><INIT seed="0,0,0,3,0,131" ten="250,250,250,250" oya="0" hai0="101,39,33,63,45,103,93,15,115,40,8,129,119" hai1="2,70,59,36,126,110,105,4,58,18,116,122,82" hai2="38,128,77,95,89,107,72,31,92,90,86,130,57" hai3="9,121,98,5,11,21,87,27,52,32,12,113,50"/><T28/><D119/><U51/><E116/><V34/><F38/><W71/><G113/><T14/><D115/><U91/><E122/><V97/><F31/><W22/><G71/><T132/><D129/><N who="2" m="49770" /><F34/><W117/><G117/><T123/><D123/><U23/><E70/><V24/><F57/><W76/><G121/><T61/><D15/><U17/><E105/><V7/><F7/><W85/><G32/><T84/><D28/><U96/><E36/><V75/><F24/><W65/><G65/><T135/><D33/><U42/><E126/><V74/><F107/><W69/><G69/><T56/><D84/><N who="3" m="32329" /><G76/><AGARI ba="0,0" hai="72,74,75,76,77,86,89,90,92,95,97" m="49770" machi="76" ten="40,5200,0" yaku="19,1,34,2" doraHai="131" who="2" fromWho="3" sc="250,0,250,0,250,52,250,-52" /><INIT seed="1,0,0,4,1,75" ten="250,250,302,198" oya="1" hai0="30,100,94,112,104,7,133,131,72,92,89,32,1" hai1="121,99,97,43,126,102,106,91,59,117,0,70,57" hai2="113,3,39,35,44,120,25,52,118,37,9,68,66" hai3="83,98,16,38,110,12,17,119,22,10,85,21,51"/><U28/><E117/><V105/><F118/><W82/><G38/><T26/><D112/><U64/><E121/><V29/><F120/><W78/><G119/><T2/><D133/><U8/><E126/><V127/><F113/><W132/><G132/><T31/><D131/><U124/><E124/><V80/><F127/><W19/><G110/><T55/><D72/><U13/><E0/><V15/><F105/><W41/><G98/><T54/><D31/><U115/><E115/><V34/><F34/><W134/><G134/><T114/><D114/><U6/><E28/><V48/><F3/><W129/><G129/><T109/><D109/><U50/><E70/><V18/><REACH who="2" step="1"/><F80/><REACH who="2" step="2"/><W49/><G82/><T46/><D104/><U63/><E106/><V11/><F11/><W81/><G81/><T88/><D1/><U95/><E102/><V71/><F71/><W47/><G49/><T86/><D100/><U73/><E73/><V69/><F69/><W56/><G56/><T5/><D2/><U103/><E103/><V116/><F116/><W79/><G78/><T122/><D122/><U67/><E50/><V61/><AGARI ba="0,1" hai="9,15,18,25,29,35,37,39,44,48,52,61,66,68" machi="61" ten="30,4000,0" yaku="1,1,0,1,54,1,53,0" doraHai="75" doraHaiUra="130" who="2" fromWho="2" sc="250,-10,250,-20,292,50,198,-10" /><INIT seed="2,0,0,3,2,92" ten="240,230,342,188" oya="2" hai0="129,10,96,52,116,81,18,121,84,134,89,87,85" hai1="60,109,5,26,73,112,59,32,132,58,99,39,135" hai2="131,72,117,56,49,28,71,108,100,30,110,47,124" hai3="23,48,103,79,65,17,53,43,3,133,42,82,105"/><V115/><F115/><W54/><G133/><N who="1" m="51274" /><E39/><V57/><F117/><W107/><G3/><T93/><D121/><U37/><E37/><V128/><F71/><W123/><G65/><T11/><D134/><U114/><E73/><V40/><F72/><W35/><G35/><T0/><D116/><U24/><E5/><V15/><F15/><W21/><G123/><T9/><D129/><N who="2" m="49738" /><F100/><W2/><G2/><T80/><D0/><U125/><E32/><V94/><F94/><W75/><G23/><T31/><D31/><N who="2" m="11818" /><F124/><W22/><G22/><T130/><D130/><U86/><E125/><V101/><F101/><W64/><G105/><T14/><REACH who="0" step="1"/><D52/><REACH who="0" step="2"/><U46/><E114/><V20/><F20/><AGARI ba="0,1" hai="9,10,11,14,18,20,80,81,84,85,87,89,93,96" machi="20" ten="40,8000,1" yaku="1,1,2,1,8,1,52,1,53,1" doraHai="92" doraHaiUra="19" who="0" fromWho="2" sc="230,90,230,0,342,-80,188,0" /><INIT seed="3,0,0,4,2,30" ten="320,230,262,188" oya="3" hai0="94,47,86,93,85,110,103,130,134,124,1,20,115" hai1="29,8,65,31,40,101,109,61,3,128,26,50,60" hai2="10,98,83,69,117,91,34,57,75,33,14,5,135" hai3="74,37,105,51,87,132,107,45,129,49,24,81,56"/><W76/><G132/><T17/><D1/><U48/><E128/><V7/><F117/><W104/><G129/><T102/><D130/><U6/><E109/><V55/><F135/><W131/><G131/><T54/><D134/><U9/><E101/><N who="0" m="38409" /><D124/><U53/><E9/><V90/><F69/><W16/><G56/><T18/><D115/><U62/><E65/><V46/><F46/><W84/><G37/><T108/><D17/><U111/><E111/><N who="0" m="42537" /><D54/><U19/><E40/><V100/><F7/><W25/><G49/><T77/><D47/><U96/><E96/><V116/><F116/><W68/><G68/><T35/><D35/><U23/><REACH who="1" step="1"/><E50/><REACH who="1" step="2"/><V127/><F127/><W133/><G133/><T67/><D67/><U27/><E27/><V82/><F98/><W126/><G126/><T58/><D86/><U97/><E97/><V22/><F100/><W52/><REACH who="3" step="1"/><G25/><REACH who="3" step="2"/><T72/><D72/><U63/><N who="1" m="15872" /><DORA hai="114" /><U89/><E89/><V112/><F75/><W12/><G12/><T95/><D77/><U36/><E36/><V4/><F112/><W2/><G2/><T71/><D71/><U28/><E28/><V41/><F91/><W39/><G39/><T21/><D85/><U118/><E118/><V106/><F90/><W43/><G43/><T88/><D88/><U120/><E120/><V11/><F41/><W44/><G44/><AGARI ba="0,2" hai="3,6,8,19,23,26,29,31,44,48,53" m="15872" machi="44" ten="50,3200,0" yaku="1,1,53,1" doraHai="30,114" doraHaiUra="15,73" who="1" fromWho="3" sc="320,0,220,52,262,0,178,-32" owari="320,42.0,272,7.0,262,-14.0,146,-35.0" /></mjloggm>