<mjloggm ver="2.3"><GO type="169" lobby="0"/><UN n0="%6E%61%69%74%61" n1="%E3%83%87%E3%82%B8%E3%82%BF%E3%83%AB%E4%BB%99%E4%BA%BA" n2="%EF%BC%88%E2%89%A7%E2%96%BD%E2%89%A6%EF%BC%89" n3="%EF%BC%A0%E6%A3%AE" dan="16,19,18,16" rate="2176.93,2229.00,2240.93,2077.15" sx="M,F,M,F"/><TAIKYOKU oya="0"/><INIT seed="0,0,0,3,2,72" ten="250,250,250,250" oya="0" hai0="84,18,7,49,6,0,3,74,80,130,23,26,90" hai1="95,58,32,114,106,54,37,103,5,75,108,61,52" hai2="39,129,59,101,9,56,63,41,34,46,10,19,111" hai3="113,81,57,135,124,92,119,78,29,121,15,71,127"/><T76/><D130/><U48/><E75/><V104/><F34/><W116/><G71/><T87/><D87/><U47/><E114/><V36/><F36/><W64/><G113/><T25/><D25/><U20/><E32/><V28/><F28/><W115/><G115/><T1/><REACH who="0" step="1"/><D49/><REACH who="0" ten="240,250,250,250" step="2"/><U60/><E37/><V31/><F39/><W14/><G119/><T55/><D55/><U120/><E120/><V68/><F129/><W102/><G121/><T88/><D88/><U100/><E103/><V62/><F101/><W22/><G102/><T30/><D30/><U33/><E100/><V118/><F31/><W94/><G29/><T107/><D107/><U133/><E106/><V125/><F104/><W40/><G116/><T89/><D89/><U117/><E52/><V99/><F118/><W43/><G127/><T123/><D123/><U109/><E54/><V85/><F125/><W65/><G124/><T91/><D91/><U51/><E51/><V21/><F85/><W27/><G27/><T44/><D44/><U105/><E47/><V12/><F46/><W42/><G135/><T11/><D11/><U35/><E48/><V93/><F99/><W132/><G132/><T66/><D66/><U122/><E133/><V16/><F93/><AGARI ba="0,1" hai="0,1,3,6,7,18,23,26,74,76,80,84,90,93" machi="93" ten="40,3900,0" yaku="1,1,52,1,53,0" doraHai="72" doraHaiUra="24" who="0" fromWho="2" sc="240,49,250,0,250,-39,250,0" /><INIT seed="0,1,0,2,3,118" ten="289,250,211,250" oya="0" hai0="134,132,65,100,58,77,64,101,68,51,96,73,107" hai1="11,63,28,40,33,60,99,43,93,115,83,0,24" hai2="131,46,38,54,45,81,89,22,67,9,29,88,55" hai3="104,23,90,86,129,32,133,109,85,6,122,76,108"/><T57/><D51/><U49/><E115/><V82/><F131/><W52/><G32/><T130/><D130/><U21/><E83/><N who="2" m="31755" /><F67/><N who="0" m="25674" /><D68/><U103/><E33/><V48/><F38/><W47/><G104/><T27/><D27/><U13/><E0/><V126/><F126/><W102/><G102/><N who="0" m="39531" /><D77/><U105/><E105/><V3/><F3/><W128/><G6/><T37/><D73/><U70/><E70/><V42/><F9/><W69/><G69/><T116/><D37/><U56/><E49/><N who="2" m="28983" /><F42/><W53/><G76/><T97/><D116/><U17/><REACH who="1" step="1"/><E63/><REACH who="1" ten="289,240,211,250" step="2"/><V14/><F14/><W19/><G128/><T98/><D107/><U127/><E127/><V44/><F44/><W18/><G47/><T92/><D92/><U120/><E120/><V59/><F45/><W34/><G129/><T16/><D16/><U26/><E26/><AGARI ba="1,1" hai="22,26,29,48,55,59,88,89" m="28983,31755" machi="26" ten="30,2000,0" yaku="8,1,54,1" doraHai="118" who="2" fromWho="1" sc="289,0,240,-23,211,33,250,0" /><INIT seed="1,0,0,4,1,16" ten="289,217,244,250" oya="1" hai0="104,66,45,33,0,97,105,43,18,61,41,40,101" hai1="106,108,91,121,13,69,113,131,71,110,9,22,12" hai2="6,59,102,47,124,82,111,127,93,67,76,115,39" hai3="119,83,37,48,58,122,78,85,72,10,23,55,100"/><U15/><E121/><V70/><F70/><W117/><G122/><T62/><D0/><U88/><E113/><V1/><F115/><W120/><G120/><T49/><D33/><U8/><E106/><V17/><F111/><N who="1" m="42537" /><E131/><V130/><F130/><W46/><G100/><T77/><D77/><U65/><E22/><V86/><F17/><W96/><G96/><T90/><D90/><N who="1" m="34347" /><E65/><V118/><F118/><N who="3" m="45067" /><G10/><AGARI ba="0,0" hai="8,9,10,12,13,15,69,71" m="34347,42537" machi="10" ten="40,12000,1" yaku="28,2,14,1,10,1,54,1" doraHai="16" who="1" fromWho="3" sc="289,0,217,120,244,0,250,-120" /><INIT seed="1,1,0,0,5,95" ten="289,337,244,130" oya="1" hai0="50,129,96,80,35,13,27,122,107,99,62,15,58" hai1="49,120,65,118,132,10,76,131,28,7,66,21,83" hai2="91,111,3,130,5,90,32,41,75,8,55,29,12" hai3="31,53,61,121,54,92,47,23,30,39,128,110,0"/><U73/><E118/><V123/><F75/><W79/><G121/><T44/><D129/><U126/><E120/><V9/><F123/><W86/><G128/><T2/><D2/><U77/><E131/><V87/><F130/><W72/><G0/><T81/><D122/><U124/><E77/><V134/><F134/><W117/><G117/><T40/><D35/><U68/><E132/><V52/><F41/><W93/><G110/><T74/><D27/><N who="1" m="16495" /><E49/><V24/><F111/><W103/><G72/><T105/><D105/><U114/><E114/><V14/><F91/><N who="3" m="53367" /><G79/><T51/><D107/><U88/><E88/><V100/><F100/><W84/><G39/><T94/><D51/><U78/><E78/><V127/><F127/><N who="1" m="48681" /><E68/><V102/><F102/><W57/><G84/><T19/><D74/><U101/><E101/><V67/><F3/><AGARI ba="1,0" hai="3,7,10,65,66,73,76,83" m="48681,16495" machi="3" ten="30,1500,0" yaku="18,1" doraHai="95" who="1" fromWho="2" sc="289,0,337,18,244,-18,130,0" /><INIT seed="1,2,0,2,5,103" ten="289,355,226,130" oya="1" hai0="52,125,50,66,81,53,42,110,92,34,118,134,89" hai1="127,48,75,121,17,37,44,1,78,3,63,104,88" hai2="14,11,123,70,57,71,28,85,122,12,23,133,124" hai3="69,31,102,131,43,76,0,117,20,54,45,13,68"/><U120/><E37/><V82/><F133/><W77/><G117/><T74/><D118/><U29/><E29/><V86/><F124/><W41/><G0/><T47/><D134/><U10/><E127/><V65/><F70/><W108/><G108/><T8/><D125/><U113/><E113/><V132/><F71/><W100/><G131/><T87/><D110/><U64/><E104/><V56/><F132/><W94/><G69/><T16/><D34/><U109/><E109/><V91/><F123/><W90/><G68/><T36/><D66/><U32/><E32/><V7/><F122/><W21/><G31/><T126/><D126/><U97/><E3/><V6/><F65/><W98/><G54/><T18/><D8/><U93/><E63/><V101/><F101/><N who="3" m="39019" /><G45/><T4/><D4/><U107/><E64/><V9/><REACH who="2" step="1"/><F86/><REACH who="2" ten="289,355,216,130" step="2"/><W19/><G21/><T62/><D74/><U67/><E67/><V114/><F114/><W83/><G77/><T99/><D62/><U27/><E78/><V51/><F51/><W33/><G33/><T24/><D36/><U59/><E48/><V119/><F119/><W128/><G128/><T95/><D99/><U111/><E97/><V73/><F73/><W106/><G106/><T55/><REACH who="0" step="1"/><D24/><AGARI ba="2,1" hai="6,7,9,11,12,14,23,24,28,56,57,82,85,91" machi="24" ten="40,5200,0" yaku="1,1,9,1,8,1,53,0" doraHai="103" doraHaiUra="130" who="2" fromWho="0" sc="289,-58,355,0,216,68,130,0" /><INIT seed="2,0,0,3,1,49" ten="231,355,284,130" oya="2" hai0="46,38,0,30,48,6,85,120,97,123,125,63,24" hai1="98,80,88,51,9,32,100,41,79,104,8,12,119" hai2="95,31,53,28,59,15,3,65,21,34,16,44,72" hai3="93,128,112,54,73,27,131,36,102,10,11,71,135"/><V33/><F72/><W110/><G73/><T17/><D125/><U121/><E119/><V1/><F34/><W117/><G117/><T67/><D38/><U29/><E121/><V99/><F33/><W122/><G122/><T70/><D17/><U89/><E29/><N who="2" m="11339" /><F3/><W47/><G71/><T52/><D85/><U111/><E32/><V58/><F1/><W101/><G112/><T66/><D66/><U62/><E62/><N who="2" m="38111" /><F44/><W130/><G135/><T13/><D0/><U82/><E9/><N who="3" m="3082" /><G110/><T23/><D6/><U74/><E111/><V92/><F99/><N who="3" m="59631" /><G27/><T109/><D13/><U114/><E114/><V84/><F84/><W35/><G35/><T42/><D109/><U132/><E132/><V133/><F133/><W103/><G36/><T90/><REACH who="0" step="1"/><D42/><REACH who="0" ten="221,355,284,130" step="2"/><U94/><E41/><V26/><F15/><W77/><G77/><T83/><D83/><U40/><E82/><V115/><F115/><W68/><G68/><T14/><D14/><U25/><E12/><V107/><F107/><W86/><G86/><T105/><D105/><U7/><E104/><V18/><F18/><W5/><G5/><T69/><D69/><U118/><E7/><V78/><F78/><W39/><G39/><T56/><D56/><U124/><E8/><V43/><F43/><W106/><G106/><T55/><D55/><U96/><E79/><V134/><F134/><W50/><AGARI ba="0,1" hai="47,50,54,102,103,128,130,131" m="59631,3082" machi="50" ten="40,2700,0" yaku="19,1,52,1" doraHai="49" who="3" fromWho="3" sc="221,-7,355,-7,284,-13,130,37" /><INIT seed="3,0,0,3,3,6" ten="214,348,271,167" oya="3" hai0="36,65,45,98,75,99,118,42,3,63,62,29,121" hai1="52,11,89,5,124,110,16,71,119,34,111,1,102" hai2="24,126,86,66,13,134,83,82,72,12,77,60,79" hai3="38,35,100,120,107,41,22,15,116,133,59,64,49"/><W115/><G120/><T56/><D118/><U55/><E71/><V51/><F134/><W10/><G116/><T129/><D121/><U9/><E34/><V84/><F126/><W85/><G35/><T80/><D129/><U105/><E119/><V17/><F72/><W76/><G115/><T69/><D29/><U73/><E73/><V54/><F24/><W96/><G38/><T113/><D113/><U91/><E124/><V57/><REACH who="2" step="1"/><F17/><REACH who="2" ten="214,348,261,167" step="2"/><W92/><G133/><T109/><D109/><U106/><E111/><V4/><F4/><W18/><G107/><T81/><D3/><U19/><E110/><V114/><F114/><W95/><G76/><T128/><D128/><U44/><E5/><V108/><F108/><W131/><G131/><T78/><REACH who="0" step="1"/><D80/><REACH who="0" ten="204,348,261,167" step="2"/><U43/><E1/><V20/><F20/><W7/><G22/><T74/><D74/><U87/><E19/><V40/><F40/><W0/><G18/><T47/><D47/><AGARI ba="0,2" hai="12,13,47,51,54,57,60,66,77,79,82,83,84,86" machi="47" ten="30,7700,0" yaku="1,1,7,1,9,1,8,1,53,0" doraHai="6" doraHaiUra="112" who="2" fromWho="0" sc="204,-77,348,0,261,97,167,0" /><INIT seed="4,0,0,3,2,134" ten="127,348,358,167" oya="0" hai0="107,5,126,1,59,77,45,4,114,70,106,124,83" hai1="75,53,92,129,18,105,43,17,55,37,22,122,9" hai2="81,51,97,94,91,54,31,93,85,40,74,68,100" hai3="88,86,115,96,2,62,69,130,32,89,121,50,120"/><T135/><D70/><U35/><E105/><N who="0" m="39945" /><D1/><U56/><E35/><V61/><F68/><W39/><G39/><T109/><D135/><U101/><E75/><V95/><F74/><W28/><G2/><T90/><D90/><U21/><E122/><N who="3" m="47210" /><G115/><T131/><D131/><U25/><E129/><V63/><F31/><W49/><G130/><T30/><D30/><U76/><E76/><V127/><F40/><W41/><G96/><T15/><D45/><U27/><E9/><V80/><F80/><N who="3" m="49223" /><G89/><T26/><D26/><U42/><E37/><V58/><F97/><W7/><G7/><N who="0" m="2635" /><D15/><U66/><E101/><V72/><F100/><W48/><G28/><T65/><D114/><U0/><E0/><V118/><F91/><W132/><G32/><T84/><D109/><U123/><E123/><V82/><F93/><W47/><G132/><T110/><D110/><U99/><E99/><V23/><F94/><W71/><G62/><T36/><D36/><U24/><E92/><V78/><F95/><W103/><G103/><T38/><D38/><U10/><E24/><V14/><F63/><W87/><G87/><T3/><D3/><U73/><E73/><V98/><F61/><W44/><G49/><T113/><D113/><U108/><E108/><V16/><F98/><W116/><G116/><T117/><D117/><U46/><E25/><V67/><F118/><W128/><G128/><T133/><D133/><U29/><E27/><V119/><F119/><W79/><G79/><T112/><D112/><U13/><E29/><V102/><F102/><W19/><G19/><T8/><D8/><RYUUKYOKU ba="0,0" sc="127,15,348,-15,358,-15,167,15" hai0="59,65,77,83,84,124,126" hai3="41,44,47,48,50,69,71" /><INIT seed="4,1,0,3,5,53" ten="142,333,343,182" oya="0" hai0="68,26,67,125,52,0,98,5,92,86,131,109,36" hai1="79,96,110,94,66,31,59,114,64,29,11,112,65" hai2="84,46,54,132,119,50,62,71,104,3,89,60,32" hai3="27,105,37,111,28,100,83,13,106,8,126,124,85"/><T38/><D131/><U81/><E110/><V12/><F3/><W118/><G37/><T39/><D125/><N who="3" m="48233" /><G111/><T99/><D109/><U34/><E11/><V47/><F32/><N who="3" m="20511" /><G100/><T133/><D133/><U88/><E34/><V75/><F75/><W93/><G93/><T51/><D26/><U97/><E97/><V113/><F104/><W63/><G63/><T58/><D68/><U135/><E135/><V15/><F71/><W14/><G118/><T7/><D67/><U80/><E59/><N who="2" m="33239" /><F119/><W41/><G41/><T90/><REACH who="0" step="1"/><D7/><REACH who="0" ten="132,333,343,182" step="2"/><U6/><E6/><V70/><F70/><W87/><G87/><T76/><D76/><U128/><E79/><V82/><F132/><W115/><G115/><N who="1" m="44074" /><E128/><V42/><F113/><W49/><G85/><T23/><D23/><U56/><E65/><V122/><F84/><W101/><G8/><AGARI ba="1,1" hai="0,5,8,36,38,39,51,52,58,86,90,92,98,99" machi="8" ten="40,7700,0" yaku="1,1,52,1,54,1,53,0" doraHai="53" doraHaiUra="43" who="0" fromWho="3" sc="132,90,333,0,343,0,182,-80" /><INIT seed="4,2,0,3,3,58" ten="222,333,343,102" oya="0" hai0="93,68,19,119,78,39,32,57,36,95,66,131,113" hai1="45,30,29,40,18,67,75,104,34,3,135,2,16" hai2="132,97,25,91,60,125,106,127,110,52,8,108,38" hai3="134,54,15,64,56,35,23,116,77,71,27,1,13"/><T83/><D119/><U130/><E104/><V79/><F38/><W85/><G116/><T99/><D113/><U24/><E75/><V9/><F79/><W47/><G134/><T63/><D131/><U62/><E135/><V126/><F25/><W109/><G1/><T0/><D0/><U72/><E72/><V12/><F132/><W31/><G109/><N who="2" m="42089" /><F12/><W92/><G35/><T101/><D32/><U114/><E130/><V102/><F91/><N who="3" m="53359" /><G71/><T59/><D95/><U81/><E114/><V94/><F106/><W129/><G77/><T124/><D124/><U61/><E30/><V111/><F111/><W82/><G82/><T88/><D101/><U50/><E81/><V37/><F37/><W48/><G129/><T11/><D39/><U21/><E2/><V89/><F102/><W96/><G96/><T90/><D36/><U107/><E107/><V133/><F133/><W7/><G7/><T5/><D90/><U49/><E3/><V103/><F103/><W55/><G64/><T84/><REACH who="0" step="1"/><D5/><REACH who="0" ten="212,333,343,102" step="2"/><U115/><E115/><V128/><F128/><W70/><G70/><T123/><D123/><U87/><E34/><V4/><F4/><W80/><G80/><T69/><D69/><U14/><E87/><V117/><F117/><W43/><G43/><T46/><D46/><U17/><E45/><V118/><F118/><W33/><G33/><T41/><D41/><U74/><E40/><V6/><F6/><W73/><G73/><T122/><D122/><U120/><E74/><V53/><F126/><W51/><AGARI ba="2,1" hai="13,15,23,27,31,47,48,51,54,55,56" m="53359" machi="51" ten="30,1100,0" yaku="8,1" doraHai="58" who="3" fromWho="3" sc="212,-7,333,-5,343,-5,102,27" /><INIT seed="5,0,0,0,4,79" ten="205,328,338,129" oya="1" hai0="8,33,25,13,41,108,128,101,77,105,81,37,23" hai1="12,83,29,26,1,134,59,6,55,2,131,122,106" hai2="17,14,11,35,39,51,52,121,0,99,132,48,109" hai3="42,20,127,64,107,69,74,72,47,129,124,100,38"/><U80/><E122/><V43/><F121/><W71/><G129/><T112/><D112/><U36/><E36/><V50/><F109/><W15/><G20/><T104/><D108/><U85/><E106/><V119/><F119/><W24/><G15/><T49/><D128/><U22/><E131/><V67/><F35/><W93/><G93/><T63/><D37/><U116/><E134/><V57/><F132/><W96/><G24/><T78/><D33/><U18/><E116/><V46/><F0/><W125/><REACH who="3" step="1"/><G64/><REACH who="3" ten="205,328,338,119" step="2"/><T10/><D104/><U40/><E1/><V9/><F67/><W68/><AGARI ba="0,1" hai="38,42,47,68,69,71,72,74,96,100,107,124,125,127" machi="68" ten="40,12000,2" yaku="1,1,2,1,0,1,18,1,23,2,53,0" doraHai="79" doraHaiUra="90" who="3" fromWho="3" sc="205,-30,328,-60,338,-30,119,130" /><INIT seed="6,0,0,4,4,53" ten="175,268,308,249" oya="2" hai0="24,15,123,96,117,98,51,106,31,95,122,33,128" hai1="14,63,74,124,38,9,52,4,66,94,90,101,16" hai2="69,132,0,39,104,64,37,57,100,85,115,73,2" hai3="99,40,84,5,48,107,93,65,10,20,19,44,108"/><V130/><F85/><W50/><G108/><T79/><D128/><U42/><E74/><V1/><F130/><W133/><G107/><T47/><D117/><U78/><E124/><V8/><F57/><W116/><G133/><T77/><D15/><U6/><E78/><V112/><F8/><W59/><G84/><T13/><D13/><U71/><E101/><V92/><F92/><W81/><G81/><T97/><D106/><U70/><E70/><V68/><F132/><W35/><G35/><T103/><D103/><U21/><E52/><V11/><F11/><W36/><G116/><T86/><D95/><U58/><E71/><N who="2" m="27211" /><F64/><W113/><G5/><T105/><D105/><U12/><E38/><N who="2" m="14347" /><F73/><W88/><G10/><T17/><D17/><N who="1" m="10423" /><E42/><V3/><F3/><W18/><G18/><T67/><D67/><U135/><E135/><V75/><F75/><W87/><G87/><AGARI ba="0,0" hai="4,6,9,12,16,58,63,66,87,90,94" m="10423" machi="87" ten="30,3900,0" yaku="8,1,52,1,54,1" doraHai="53" who="1" fromWho="3" sc="175,0,268,39,308,0,249,-39" /><INIT seed="7,0,0,5,2,95" ten="175,307,308,210" oya="3" hai0="77,103,99,16,131,70,85,64,14,68,59,79,100" hai1="33,65,67,117,129,31,105,112,106,89,101,111,72" hai2="20,12,116,42,132,126,71,123,107,27,84,13,74" hai3="133,91,38,78,121,135,57,36,17,110,56,50,130"/><W128/><G121/><T44/><D131/><N who="3" m="50217" /><G78/><T8/><D103/><U75/><E111/><V9/><F71/><W58/><G17/><T114/><D114/><U124/><E129/><V22/><F107/><W86/><G110/><T7/><D7/><U15/><E15/><V37/><F74/><N who="1" m="28201" /><E89/><V11/><F116/><W24/><G24/><T10/><D10/><N who="2" m="3594" /><F37/><N who="3" m="14443" /><G91/><T125/><D125/><U51/><E124/><V88/><F126/><W41/><G86/><T69/><D44/><AGARI ba="0,0" hai="41,44,50,56,57,58,133,135" m="14443,50217" machi="44" ten="40,7700,0" yaku="19,1,34,2" doraHai="95" who="3" fromWho="0" sc="175,-77,307,0,308,0,210,77" /><INIT seed="7,1,0,4,1,44" ten="98,307,308,287" oya="3" hai0="42,117,4,126,9,2,17,75,104,60,61,99,65" hai1="28,114,32,39,125,67,97,135,80,66,108,30,33" hai2="95,21,69,85,56,64,94,89,14,74,90,120,103" hai3="130,105,112,62,100,93,119,96,57,36,37,47,0"/><W54/><G119/><T71/><D117/><U13/><E39/><V16/><F74/><W49/><G112/><T86/><D126/><U58/><E108/><V79/><F120/><W43/><G130/><T83/><D60/><U5/><E125/><V98/><F69/><W87/><G0/><T38/><D17/><U134/><E114/><V22/><F79/><W88/><AGARI ba="1,0" hai="36,37,43,47,49,54,57,62,87,88,93,96,100,105" machi="88" ten="30,6000,0" yaku="0,1,52,1,54,1" doraHai="44" who="3" fromWho="3" sc="98,-21,307,-21,308,-21,287,63" owari="77,-42.0,286,-11.0,287,9.0,350,44.0" /></mjloggm>