<mjloggm ver="2.3"><GO type="41"/><UN n0="%E6%9C%A8%E6%9C%A8" n1="%E5%A4%A9%E5%8A%9B" n2="%E6%AC%B2%E6%9C%9B%E3%81%AB%E6%BA%80%E3%81%A1%E3%81%9F%E4%BB%8A%E6%97%A5" n3="%E3%82%A6%E3%83%AB%E3%83%88%E3%83%A9%E7%AB%8B%E7%9B%B4" dan="13,14,13,15" rate="1832,1957,1928,1982" sx="M,M,M,M"/><TAIKYOKU oya="0"/><INIT seed="0,0,0,5,3,0" ten="250,250,250,250" oya="0" hai0="78,19,24,73,8,61,110,34,102,47,116,45,103" hai1="55,57,16,89,65,72,22,56,114,13,7,3,29" hai2="113,111,100,12,36,77,52,59,21,94,14,9,39" hai3="112,98,60,91,121,101,115,44,49,51,133,80,128"/><T10/><D116/><U93/><E72/><V124/><F113/><W64/><G121/><T83/><D110/><U41/><E41/><V32/><F32/><W66/><G91/><T132/><D132/><U75/><E75/><V107/><F107/><W126/><G80/><T76/><D61/><U88/><E114/><V15/><F111/><W84/><G84/><T26/><D34/><U79/><E79/><N who="0" m="30249" /><D73/><U4/><E3/><V108/><F108/><W1/><G1/><T23/><D83/><U63/><E29/><V33/><F33/><W54/><G98/><T17/><D47/><U135/><E135/><V131/><F77/><W40/><G101/><N who="0" m="38411" /><D45/><U69/><E69/><V104/><F104/><W130/><G133/><T42/><D42/><U125/><E89/><V11/><F21/><AGARI ba="0,0" hai="8,10,17,19,21,23,24,26" m="38411,30249" machi="21" ten="30,1500,0" yaku="8,1" doraHai="0" who="0" fromWho="2" sc="250,15,250,0,250,-15,250,0" /><INIT seed="0,1,0,4,3,45" ten="265,250,235,250" oya="0" hai0="123,118,30,52,11,134,39,64,19,13,125,79,1" hai1="82,34,7,109,112,132,65,128,130,47,102,0,44" hai2="126,84,68,76,72,90,23,69,135,4,48,95,36" hai3="127,2,89,42,100,122,8,21,114,108,55,107,77"/><T93/><D39/><U41/><E34/><V92/><F36/><W131/><G21/><T29/><D123/><U59/><E112/><V28/><F126/><W3/><G8/><T54/><D118/><U105/><E132/><V58/><F135/><W38/><G89/><T22/><D134/><U5/><E47/><V49/><F4/><W94/><G94/><T26/><D125/><U87/><E109/><V115/><F115/><W116/><G55/><T101/><D79/><U85/><E102/><V12/><F95/><W10/><G10/><T110/><D110/><U15/><E105/><V129/><F129/><W88/><G88/><T35/><D30/><U71/><E71/><V60/><F69/><W63/><G63/><T120/><D120/><U62/><E0/><V124/><F68/><W70/><G100/><T43/><D43/><U133/><E133/><V51/><F124/><W121/><G42/><T74/><D74/><U18/><E85/><V119/><F119/><W57/><G57/><T91/><D101/><U46/><E46/><V67/><F72/><W37/><G77/><T56/><D64/><U106/><E106/><V25/><F76/><W104/><G70/><T32/><D56/><U113/><E5/><V9/><F9/><W33/><G127/><T86/><D35/><U53/><E7/><AGARI ba="1,0" hai="1,7,11,13,19,22,26,29,32,52,54,86,91,93" machi="7" ten="40,7700,0" yaku="24,2,54,1" doraHai="45" who="0" fromWho="1" sc="265,80,250,-80,235,0,250,0" /><INIT seed="0,2,0,5,1,38" ten="345,170,235,250" oya="0" hai0="108,130,41,53,131,52,59,24,119,111,133,29,115" hai1="17,37,86,8,70,28,105,135,12,83,27,104,128" hai2="39,114,60,126,124,32,42,121,54,46,56,94,118" hai3="97,76,93,15,55,107,96,116,102,0,43,40,109"/><T87/><D119/><U45/><E70/><V89/><F32/><W5/><G0/><T11/><D115/><U14/><E128/><N who="0" m="49193" /><D133/><U26/><E135/><V73/><F73/><W64/><G116/><T35/><D11/><U122/><E14/><V61/><F118/><W75/><G64/><T117/><D117/><U33/><E27/><V63/><F114/><W30/><G30/><T80/><D41/><U13/><E13/><V85/><REACH who="2" step="1"/><F121/><REACH who="2" ten="345,170,225,250" step="2"/><W68/><G75/><T21/><D35/><U88/><E122/><V49/><AGARI ba="2,1" hai="39,42,46,49,54,56,60,61,63,85,89,94,124,126" machi="49" ten="30,8000,1" yaku="1,1,2,1,0,1,52,1,53,1" doraHai="38" doraHaiUra="84" who="2" fromWho="2" sc="345,-42,170,-22,225,96,250,-22" /><INIT seed="1,0,0,2,2,87" ten="303,148,321,228" oya="1" hai0="6,84,126,111,88,74,114,135,85,39,22,130,1" hai1="107,3,5,44,106,128,16,96,49,62,42,13,51" hai2="50,10,33,25,81,11,124,45,103,82,113,59,55" hai3="91,63,19,122,23,24,120,7,18,92,41,121,112"/><U99/><E128/><V76/><F124/><W134/><G112/><T68/><RYUUKYOKU type="yao9" ba="0,0" sc="303,0,148,0,321,0,228,0" hai0="1,6,22,39,68,74,84,85,88,111,114,126,130,135" /><INIT seed="1,1,0,4,3,83" ten="303,148,321,228" oya="1" hai0="52,57,80,94,62,95,61,131,65,13,109,58,25" hai1="125,79,35,129,134,93,15,38,40,36,14,122,0" hai2="120,126,119,73,82,17,123,44,91,88,97,59,101" hai3="60,28,7,42,34,54,103,26,105,86,98,37,100"/><U99/><E35/><V87/><F119/><W56/><G103/><T90/><D109/><U85/><E122/><V1/><F1/><W18/><G7/><T9/><D131/><U96/><E0/><V78/><F44/><W112/><G112/><T76/><D90/><U22/><E129/><V128/><F128/><W33/><G42/><T114/><D25/><U72/><E72/><V89/><F59/><W115/><G37/><T45/><D45/><U132/><E125/><V81/><F17/><W70/><G115/><T117/><D117/><U30/><E40/><V107/><REACH who="2" step="1"/><F126/><REACH who="2" ten="303,148,311,228" step="2"/><W46/><G46/><T110/><D114/><U3/><E30/><V4/><F4/><W53/><G18/><T55/><D110/><U10/><E3/><V16/><F16/><W51/><G70/><T74/><D65/><U41/><E22/><V71/><F71/><W2/><G2/><T29/><D29/><U31/><E10/><V49/><F49/><W8/><G8/><T106/><D9/><U133/><E31/><V43/><F43/><W20/><G33/><T118/><D118/><U24/><E41/><V39/><F39/><N who="1" m="14889" /><E24/><V124/><F124/><W77/><G34/><T102/><D13/><N who="1" m="4619" /><E79/><AGARI ba="1,1" hai="73,78,79,81,82,87,88,89,91,97,101,107,120,123" machi="79" ten="40,12000,2" yaku="1,1,34,3,52,1,54,1,53,0" doraHai="83" doraHaiUra="6" who="2" fromWho="1" sc="303,0,148,-123,311,133,228,0" /><INIT seed="2,0,0,5,2,70" ten="303,25,444,228" oya="2" hai0="129,98,33,63,84,80,95,81,114,107,103,125,66" hai1="25,104,46,18,115,55,92,24,59,127,44,22,48" hai2="113,83,41,89,17,42,7,35,69,61,27,117,40" hai3="54,96,106,86,116,97,122,15,37,26,134,28,45"/><V99/><F113/><W29/><G116/><T6/><D33/><U34/><E104/><V43/><F117/><W111/><G122/><T30/><D6/><U62/><E115/><V2/><F40/><W39/><G29/><T93/><D114/><U32/><E127/><V91/><F7/><W119/><G119/><T64/><D30/><U3/><E3/><V72/><F2/><W4/><G134/><T67/><D125/><U49/><E25/><V101/><F72/><W68/><G68/><T36/><D129/><U87/><E87/><V19/><F83/><W74/><G74/><T53/><D36/><U123/><E123/><V13/><F69/><W73/><G73/><T135/><D135/><U21/><E21/><N who="2" m="13743" /><F35/><W12/><G106/><T108/><D108/><U133/><E92/><N who="2" m="58599" /><F61/><W79/><G111/><T131/><D131/><U10/><E133/><V14/><F14/><W130/><G130/><T57/><D107/><U94/><E94/><V1/><F1/><W112/><G112/><T132/><D132/><U56/><E10/><AGARI ba="0,0" hai="10,13,19,41,42,43,89,91" m="58599,13743" machi="10" ten="30,1500,0" yaku="8,1" doraHai="70" who="2" fromWho="1" sc="303,0,25,-15,444,15,228,0" /><INIT seed="2,1,0,4,2,66" ten="303,10,459,228" oya="2" hai0="86,135,102,22,92,26,21,72,89,6,67,98,50" hai1="53,119,25,112,38,68,110,131,51,56,117,116,129" hai2="104,106,52,113,76,3,13,118,59,71,57,11,95" hai3="133,28,93,70,48,96,62,65,101,87,27,127,108"/><V39/><F113/><W42/><G127/><T19/><D135/><U58/><E25/><V64/><F118/><N who="1" m="30209" /><U18/><DORA hai="63" /><E18/><V40/><F3/><W109/><G133/><T36/><D36/><U81/><E81/><V84/><F39/><W120/><G120/><T49/><D6/><U45/><E112/><V31/><F40/><W32/><G87/><T46/><D72/><U80/><E80/><V90/><F31/><W44/><REACH who="3" step="1"/><G93/><REACH who="3" ten="303,10,459,218" step="2"/><T97/><D86/><U126/><E126/><V91/><F106/><W24/><G24/><T5/><D97/><U0/><E0/><V9/><F104/><W124/><G124/><T14/><D26/><U132/><E132/><V94/><F94/><W20/><G20/><T103/><D22/><U111/><E68/><V88/><F95/><W100/><G100/><T61/><D102/><U4/><E4/><V37/><F71/><W114/><G114/><T115/><D115/><U8/><E8/><V30/><F9/><W1/><G1/><T125/><D125/><U33/><E33/><V54/><F11/><W122/><G122/><T105/><D5/><U123/><E123/><V78/><F84/><W74/><G74/><T10/><D105/><U85/><E85/><V75/><F75/><W47/><G47/><T7/><D46/><U16/><E16/><V34/><F34/><W73/><G73/><T128/><D103/><U99/><E99/><V35/><F35/><W130/><G130/><N who="1" m="49674" /><E58/><V69/><F57/><W55/><G55/><T79/><D128/><U41/><AGARI ba="1,1" hai="38,41,45,51,53,56,110,111" m="49674,30209" machi="41" ten="50,6400,0" yaku="19,1,34,2" doraHai="66,63" who="1" fromWho="1" sc="303,-17,10,77,459,-33,218,-17" /><INIT seed="3,0,0,3,4,75" ten="286,87,426,201" oya="3" hai0="115,91,49,53,93,29,26,123,61,57,87,16,109" hai1="46,69,62,0,105,34,101,37,48,56,32,80,36" hai2="18,98,76,12,40,7,77,84,74,64,24,129,114" hai3="27,125,86,11,14,118,133,60,23,124,116,72,31"/><W117/><G72/><T135/><D123/><U4/><E4/><V51/><F74/><W73/><G73/><T3/><D115/><U9/><E0/><V130/><F114/><W55/><G86/><T112/><D112/><U106/><E9/><V54/><F64/><W78/><G60/><T110/><D135/><U126/><E126/><N who="3" m="48746" /><G55/><T58/><D3/><U89/><E69/><V83/><F40/><W99/><G99/><T10/><D110/><U35/><E101/><V65/><F65/><W20/><G78/><T132/><D109/><U30/><E30/><V102/><F7/><N who="3" m="3455" /><G133/><T100/><D132/><U97/><E106/><V15/><F76/><W21/><AGARI ba="0,0" hai="20,21,23,27,31,116,117,118" m="3455,48746" machi="21" ten="40,7800,0" yaku="18,1,34,2" doraHai="75" who="3" fromWho="3" sc="286,-26,87,-26,426,-26,201,78" /><INIT seed="3,1,0,3,4,17" ten="260,61,400,279" oya="3" hai0="29,121,114,104,64,73,63,3,101,96,53,76,4" hai1="87,37,60,99,113,65,118,100,83,58,22,66,14" hai2="133,23,124,13,69,25,129,97,30,115,117,89,16" hai3="78,47,26,11,7,123,48,9,92,24,36,43,18"/><W86/><G123/><T75/><D53/><U91/><E37/><V34/><F69/><W107/><G107/><T44/><D121/><U132/><E118/><V51/><F117/><W130/><G130/><T40/><D29/><U98/><E132/><V122/><F115/><W27/><G36/><N who="0" m="21511" /><D76/><U80/><E113/><V90/><F122/><W103/><G103/><T56/><D56/><U102/><E66/><V55/><F129/><W119/><G119/><T46/><D46/><U125/><E83/><V38/><F133/><W31/><G31/><T84/><D84/><U127/><E127/><V105/><F38/><W54/><G54/><T20/><D20/><U6/><E6/><V88/><F124/><W33/><G33/><T12/><D12/><U59/><E59/><V108/><F108/><W95/><G11/><N who="0" m="2463" /><D114/><U77/><E125/><V109/><F109/><W62/><G62/><T21/><D21/><U61/><E61/><V28/><F28/><W70/><G70/><T32/><D63/><U2/><E2/><V41/><F41/><W85/><G18/><T19/><D64/><U50/><E50/><V1/><F1/><W57/><G57/><T135/><D19/><N who="1" m="10615" /><E77/><V112/><F112/><W0/><G78/><T110/><D110/><U52/><E65/><V126/><F126/><W81/><G81/><T93/><D135/><U116/><E116/><V120/><F120/><W39/><REACH who="3" step="1"/><G48/><REACH who="3" ten="260,61,400,269" step="2"/><T79/><D79/><U134/><E134/><V45/><F105/><W10/><G10/><T42/><D32/><U67/><E67/><V131/><F131/><W5/><G5/><RYUUKYOKU ba="1,1" sc="260,-30,61,10,400,10,269,10" hai1="52,58,60,80,87,91,98,99,100,102" hai2="13,16,23,25,30,34,45,51,55,88,89,90,97" hai3="0,7,9,24,26,27,39,43,47,85,86,92,95" /><INIT seed="3,2,1,1,0,2" ten="230,71,410,279" oya="3" hai0="25,86,135,101,44,113,76,100,127,132,69,90,110" hai1="33,79,9,30,28,133,70,22,5,56,35,13,116" hai2="128,43,125,115,126,7,45,129,88,119,57,42,23" hai3="95,91,65,3,52,48,24,31,14,109,84,106,107"/><W108/><G3/><T82/><D69/><U8/><E70/><V29/><F115/><W94/><G65/><T41/><D25/><U123/><E79/><V6/><F119/><W67/><G67/><T61/><D44/><U15/><E56/><V111/><F111/><N who="3" m="42571" /><G95/><T16/><D61/><U36/><E36/><V18/><F29/><N who="1" m="11369" /><E116/><V85/><F57/><N who="3" m="32903" /><G14/><N who="1" m="5130" /><E123/><V72/><F72/><W130/><G130/><N who="2" m="50281" /><F126/><W60/><G60/><T12/><D41/><N who="2" m="15370" /><F45/><W118/><G118/><T62/><D127/><U11/><E133/><N who="0" m="51273" /><D62/><U97/><E97/><V74/><F74/><W32/><AGARI ba="2,1" hai="24,31,32,84,91,94,106,107" m="32903,42571" machi="32" ten="30,6000,0" yaku="14,1,10,1,54,1" doraHai="2" who="3" fromWho="3" sc="230,-22,71,-22,410,-22,279,76" /><INIT seed="3,3,0,3,2,9" ten="208,49,388,355" oya="3" hai0="71,100,95,133,19,31,75,40,96,106,108,93,59" hai1="41,51,80,11,49,6,113,85,73,53,67,12,90" hai2="87,28,13,56,33,47,24,21,62,4,103,15,124" hai3="99,26,127,82,66,61,55,86,72,78,10,132,89"/><W131/><G55/><T64/><D108/><U48/><E73/><V8/><F124/><W46/><G46/><T29/><D133/><U37/><E113/><V54/><F103/><W52/><G132/><T36/><D75/><U135/><E135/><V34/><F87/><W104/><G52/><T109/><D71/><U97/><E67/><V123/><F123/><W17/><G127/><T25/><D109/><U102/><E37/><V60/><F60/><W42/><G42/><T23/><D36/><U5/><E53/><V92/><F92/><W57/><G131/><T88/><D40/><U112/><E112/><V44/><REACH who="2" step="1"/><F15/><REACH who="2" ten="208,49,378,355" step="2"/><W35/><G35/><AGARI ba="3,1" hai="4,8,13,21,24,28,33,34,35,44,47,54,56,62" machi="35" ten="40,5200,0" yaku="1,1,2,1,52,1,53,0" doraHai="9" doraHaiUra="121" who="2" fromWho="3" sc="208,0,49,0,378,71,355,-61" /><INIT seed="4,0,0,5,4,57" ten="208,49,449,294" oya="0" hai0="93,88,59,32,9,79,17,117,3,28,30,68,15" hai1="69,31,61,34,51,80,7,73,48,114,50,99,122" hai2="1,107,29,38,89,106,103,100,16,120,10,81,14" hai3="67,2,42,118,113,86,56,54,60,22,27,123,82"/><T105/><D117/><U110/><E122/><V71/><F120/><W33/><G2/><T53/><D68/><U125/><E114/><V66/><F38/><W108/><G33/><T72/><D105/><U87/><E125/><V115/><F115/><W109/><G118/><T41/><D3/><U131/><E73/><V83/><F29/><W35/><G35/><T26/><D41/><U116/><E116/><V102/><F1/><W134/><G134/><T95/><D72/><U40/><E131/><V45/><F45/><W75/><G75/><T127/><D79/><U43/><E7/><V112/><F112/><W85/><G113/><T128/><D127/><U47/><E110/><V121/><F121/><W135/><G135/><T13/><D128/><U92/><E31/><N who="0" m="11817" /><D32/><U58/><E34/><V133/><F133/><W37/><G123/><T5/><D95/><U62/><E69/><V4/><F4/><W64/><G109/><T124/><D124/><U132/><E58/><V11/><F11/><W6/><G108/><T12/><D5/><U126/><E126/><V0/><F0/><W77/><G6/><T119/><D119/><U25/><E25/><V76/><F76/><W21/><G37/><T65/><D65/><N who="3" m="25161" /><G42/><N who="1" m="15914" /><E47/><V70/><F70/><W78/><G27/><T63/><D26/><U129/><E129/><V74/><F74/><W52/><G54/><T19/><D9/><U18/><E18/><V90/><F107/><W101/><G101/><T91/><D91/><N who="2" m="34826" /><F106/><W96/><G96/><AGARI ba="0,0" hai="12,13,15,17,19,53,59,63,88,93,96" m="11817" machi="96" ten="30,5800,0" yaku="8,1,52,1,54,1" doraHai="57" who="0" fromWho="3" sc="208,58,49,0,449,0,294,-58" /><INIT seed="4,1,0,3,4,2" ten="266,49,449,236" oya="0" hai0="15,34,38,113,132,83,131,47,11,135,25,52,95" hai1="10,39,92,91,51,114,37,94,3,79,63,49,119" hai2="115,107,5,86,32,33,125,41,16,105,7,68,120" hai3="22,74,59,9,108,123,117,106,129,0,102,36,116"/><T58/><D113/><U99/><E119/><V14/><F115/><W24/><G59/><T101/><D131/><U134/><E114/><V109/><F109/><W96/><G22/><T27/><D83/><U35/><E35/><V62/><F41/><W46/><G24/><T30/><D27/><U18/><E134/><N who="0" m="51241" /><D47/><U78/><E94/><V66/><F125/><W20/><G20/><T133/><N who="0" m="51249" /><T4/><DORA hai="53" /><D38/><U93/><E18/><V29/><F120/><W80/><G108/><T110/><D110/><U12/><E3/><V126/><F126/><W40/><G123/><T48/><D95/><U45/><E63/><V82/><F107/><W127/><G127/><T88/><D101/><U87/><E51/><V73/><F105/><W28/><G28/><T84/><D84/><U64/><E64/><V56/><F68/><W81/><G81/><T72/><D72/><U31/><E31/><V100/><F73/><W61/><G61/><T70/><D70/><U23/><E23/><V124/><F100/><W17/><G129/><T26/><D26/><U65/><E65/><V43/><F124/><W121/><G121/><T97/><D97/><U75/><E75/><V122/><F122/><W111/><G111/><T103/><D103/><U90/><E37/><V76/><F86/><W1/><G17/><T42/><D42/><U8/><E39/><V89/><F43/><W57/><G46/><T55/><D55/><U77/><E12/><V54/><F82/><W60/><G40/><AGARI ba="1,0" hai="8,10,40,45,49,77,78,79,87,90,91,92,93,99" machi="40" ten="40,1300,0" yaku="8,1" doraHai="2,53" who="1" fromWho="3" sc="266,0,49,16,449,0,236,-16" /><INIT seed="5,0,0,5,1,43" ten="266,65,449,220" oya="1" hai0="3,54,62,17,22,86,109,55,130,23,67,118,19" hai1="46,9,91,70,127,5,104,135,20,61,82,63,7" hai2="80,8,36,27,78,133,79,21,107,60,11,116,28" hai3="15,42,85,122,57,34,39,32,119,29,90,47,4"/><U25/><E104/><V18/><F116/><W75/><G75/><T49/><D3/><U100/><E127/><V94/><F107/><W74/><G74/><T111/><D118/><U2/><E135/><V52/><F36/><W108/><G122/><T72/><D72/><U117/><E100/><V35/><F133/><W96/><G108/><T59/><D130/><U77/><E117/><V53/><F94/><W132/><G96/><T41/><D111/><U131/><E7/><V37/><F37/><W105/><G105/><T89/><D109/><U112/><E112/><V106/><F106/><W125/><G125/><T38/><D38/><U65/><E63/><V12/><F79/><W97/><G97/><T0/><D0/><U114/><E114/><V6/><F60/><W103/><G103/><T56/><D41/><U88/><E131/><V115/><F115/><W101/><G29/><T83/><D67/><U45/><E77/><V102/><F102/><W31/><G31/><T58/><D58/><U10/><E10/><V16/><F18/><AGARI ba="0,0" hai="17,18,19,22,23,49,54,55,56,59,62,83,86,89" machi="18" ten="40,1300,0" yaku="8,1" doraHai="43" who="0" fromWho="2" sc="266,13,65,0,449,-13,220,0" /><INIT seed="6,0,0,0,2,91" ten="279,65,436,220" oya="2" hai0="21,2,48,81,80,44,51,66,50,22,3,109,0" hai1="14,47,8,106,49,78,55,124,126,132,19,90,103" hai2="29,20,72,54,128,18,114,96,123,28,5,133,127" hai3="116,57,94,101,43,86,107,117,108,69,60,13,97"/><V84/><F72/><W89/><G69/><T102/><D109/><U125/><E78/><V16/><F123/><W131/><G108/><T120/><D120/><U9/><E103/><V130/><F114/><W58/><G131/><N who="2" m="50217" /><F127/><W37/><G43/><T118/><D118/><U77/><E106/><V99/><F5/><W42/><G42/><T98/><D66/><U122/><E77/><V34/><F34/><W36/><G37/><T64/><D64/><U46/><E122/><V113/><F113/><W56/><G36/><T30/><D44/><U25/><E132/><V115/><F115/><W7/><G60/><T67/><D67/><U40/><E25/><N who="2" m="14471" /><F133/><W45/><G45/><T52/><D30/><U82/><E46/><V59/><F84/><W6/><G116/><T71/><D71/><U41/><REACH who="1" step="1"/><E8/><REACH who="1" ten="279,55,436,220" step="2"/><V104/><F104/><W38/><G117/><T10/><D10/><U83/><E83/><V68/><F29/><W93/><G38/><T23/><D102/><U119/><E119/><V1/><F28/><W88/><G107/><T112/><D112/><U35/><E35/><V110/><F110/><W74/><G101/><T62/><D98/><U85/><AGARI ba="0,1" hai="9,14,19,40,41,47,49,55,82,85,90,124,125,126" machi="85" ten="40,8000,1" yaku="1,1,0,1,25,2,18,1,53,0" doraHai="91" doraHaiUra="100" who="1" fromWho="1" sc="279,-20,55,90,436,-40,220,-20" /><INIT seed="7,0,0,1,4,76" ten="259,145,396,200" oya="3" hai0="101,40,17,89,33,2,31,121,117,122,3,128,50" hai1="124,81,92,107,11,58,77,72,62,98,70,53,19" hai2="29,73,4,26,91,114,99,66,24,79,51,106,102" hai3="69,0,34,67,59,90,56,12,119,120,38,78,46"/><W110/><G34/><T55/><D101/><U97/><E70/><V9/><F66/><W28/><G28/><T85/><D117/><U100/><E124/><V43/><F91/><W74/><G120/><T13/><D128/><U116/><E116/><V71/><F71/><W7/><G119/><T16/><D40/><U48/><E11/><V10/><F114/><W118/><G118/><T94/><D122/><U96/><E107/><V86/><F73/><W25/><G25/><T41/><D121/><U6/><E6/><V113/><F113/><W123/><G123/><T32/><D41/><U131/><E131/><V45/><F29/><W21/><G46/><T134/><D134/><U88/><E100/><V30/><F30/><W87/><G38/><T104/><D104/><U65/><E65/><V57/><F57/><W115/><G115/><T133/><D133/><U47/><REACH who="1" step="1"/><E19/><REACH who="1" ten="259,135,396,200" step="2"/><V93/><F106/><W52/><G110/><T44/><D17/><U108/><E108/><V111/><F111/><W1/><G69/><T75/><D32/><U68/><E68/><V60/><F60/><N who="3" m="38279" /><G7/><T127/><D127/><U20/><E20/><V36/><F36/><W105/><G105/><T15/><D31/><U54/><AGARI ba="0,1" hai="47,48,53,54,58,62,72,77,81,88,92,96,97,98" machi="54" ten="20,8000,1" yaku="1,1,0,1,7,1,52,1,54,1,53,0" doraHai="76" doraHaiUra="109" who="1" fromWho="1" sc="259,-20,135,90,396,-20,200,-40" owari="239,4.0,225,-17.0,376,47.0,160,-34.0" /></mjloggm>