<mjloggm ver="2.3"><GO type="41"/><UN n0="%E3%82%A6%E3%83%AB%E3%83%88%E3%83%A9%E7%AB%8B%E7%9B%B4" n1="%75%74%69%64%61" n2="%6B%6F%7A%61%6D%61" n3="%E6%B6%85%E7%9C%A0" dan="15,13,14,15" rate="2011,1934,1899,1914" sx="M,M,M,M"/><TAIKYOKU oya="0"/><INIT seed="0,0,0,3,0,119" ten="250,250,250,250" oya="0" hai0="123,24,100,38,65,126,83,92,120,27,60,37,102" hai1="104,6,16,52,135,12,71,93,5,110,133,48,28" hai2="101,36,49,15,19,74,18,97,114,76,134,80,57" hai3="86,90,9,89,46,54,61,73,13,17,130,116,70"/><T111/><D83/><U125/><E104/><V32/><F114/><W128/><G73/><T8/><D8/><U26/><E71/><V66/><F134/><N who="1" m="51209" /><E110/><V56/><F36/><W118/><G46/><T72/><D72/><U7/><E93/><V95/><F32/><W34/><G34/><T59/><D111/><U22/><E125/><V82/><F82/><W29/><G29/><T105/><D105/><U50/><E50/><V35/><F35/><W43/><G43/><T20/><D126/><U106/><E106/><V81/><F81/><W41/><G41/><T64/><D92/><U47/><E28/><V1/><F1/><W44/><G44/><T33/><D33/><U132/><E132/><V79/><F79/><W45/><G45/><T129/><D20/><U69/><E69/><V96/><F96/><W108/><G70/><T91/><D59/><U77/><E77/><V113/><F113/><W107/><G107/><T98/><D98/><U21/><E21/><V23/><F66/><W2/><G2/><T88/><D129/><N who="3" m="49769" /><G108/><T78/><D78/><U117/><E117/><N who="3" m="45162" /><G86/><T68/><D68/><U84/><E84/><V25/><F49/><W40/><G40/><T11/><D11/><AGARI ba="0,0" hai="5,6,7,11,12,16,22,26,47,48,52" m="51209" machi="11" ten="30,3900,0" yaku="20,1,54,2" doraHai="119" who="1" fromWho="0" sc="250,-39,250,39,250,0,250,0" /><AGARI ba="0,0" hai="11,15,18,19,23,25,56,57,74,76,80,95,97,101" machi="11" ten="30,1000,0" yaku="7,1" doraHai="119" who="2" fromWho="0" sc="211,-10,289,0,250,10,250,0" /><INIT seed="1,0,0,5,1,78" ten="201,289,260,250" oya="1" hai0="4,89,127,26,21,125,14,129,15,81,107,1,46" hai1="47,71,75,123,100,104,124,132,10,41,91,99,61" hai2="90,114,19,66,128,7,17,69,77,63,13,134,101" hai3="3,50,97,56,68,112,95,49,43,8,106,5,84"/><U32/><E123/><V103/><F134/><W70/><G106/><T116/><D107/><U105/><E132/><V65/><F128/><W67/><G50/><T24/><D46/><U88/><E124/><N who="0" m="47689" /><D116/><U86/><E105/><V27/><F114/><W29/><G112/><T85/><D129/><U6/><E32/><V12/><F77/><W122/><G122/><T96/><D96/><U133/><E75/><V48/><F7/><W79/><G43/><T109/><D109/><U51/><E133/><V119/><F119/><W33/><G79/><T2/><D24/><U11/><E91/><V83/><F27/><W44/><G97/><T74/><D74/><U34/><E34/><V130/><F130/><W131/><G131/><T59/><D59/><U25/><E25/><V80/><F48/><W45/><G70/><T76/><D76/><U121/><E121/><V102/><F90/><W82/><G68/><T39/><D39/><U58/><E6/><V111/><F111/><W120/><G120/><T42/><D42/><U9/><E71/><V93/><F93/><W54/><G67/><N who="2" m="25609" /><F63/><W87/><G33/><T52/><D4/><U118/><E118/><V30/><F30/><W113/><G29/><N who="0" m="17615" /><D2/><U117/><E117/><V0/><F0/><W40/><G113/><T94/><D1/><U53/><REACH who="1" step="1"/><E11/><REACH who="1" step="2"/><N who="2" m="6303" /><F69/><W64/><G5/><T31/><D31/><U16/><E16/><V23/><AGARI ba="0,1" hai="13,19,23,80,83,101,102,103" m="6303,25609" machi="23" ten="30,4000,0" yaku="8,1,52,2" doraHai="78" who="2" fromWho="2" sc="201,-10,279,-20,260,50,250,-10" /><INIT seed="2,0,0,4,5,106" ten="191,259,310,240" oya="2" hai0="88,74,35,62,47,120,71,23,131,30,42,134,122" hai1="5,84,8,1,101,20,93,11,0,72,87,96,49" hai2="45,36,113,92,75,4,51,132,97,43,86,17,54" hai3="31,60,13,103,33,110,104,44,90,98,115,70,80"/><V2/><F113/><W65/><G110/><T27/><D23/><U39/><E39/><V102/><F132/><W67/><G67/><N who="0" m="41463" /><D88/><U32/><E32/><V57/><F75/><W15/><G115/><T9/><D9/><U64/><E64/><V25/><F86/><N who="3" m="50503" /><G44/><T77/><D134/><U135/><E135/><V40/><F40/><W6/><G6/><T52/><D52/><U114/><E72/><V112/><F112/><W108/><G108/><T10/><D10/><U3/><E114/><V107/><F107/><W133/><G133/><T129/><D47/><U94/><E20/><V100/><F2/><W79/><G79/><T29/><D29/><U73/><E73/><V111/><F111/><W85/><G85/><T68/><D42/><U66/><E66/><V56/><F4/><W89/><G89/><T83/><D68/><U59/><E11/><V53/><F102/><W105/><G105/><T128/><AGARI ba="0,0" hai="27,30,35,74,77,83,120,122,128,129,131" m="41463" machi="128" ten="30,4000,0" yaku="19,1,23,1,52,1" doraHai="106" who="0" fromWho="0" sc="191,40,259,-10,310,-20,240,-10" /><INIT seed="3,0,0,4,3,103" ten="231,249,290,230" oya="3" hai0="114,126,119,64,1,130,73,41,6,54,19,17,125" hai1="26,102,62,113,134,72,135,109,100,28,86,55,105" hai2="99,53,58,104,88,108,87,124,66,65,96,2,27" hai3="24,40,84,38,49,78,4,44,23,116,133,3,117"/><W8/><G38/><T10/><D64/><U45/><E72/><V42/><F108/><W46/><G46/><T82/><D119/><U80/><E113/><V5/><F124/><N who="0" m="47722" /><D54/><U0/><E0/><V69/><F42/><W91/><G78/><N who="0" m="44367" /><D114/><U71/><E109/><V18/><F69/><W90/><G133/><N who="1" m="50698" /><E45/><V20/><F5/><W37/><G37/><T94/><D130/><U39/><E39/><V79/><F79/><W25/><G25/><T101/><D41/><U43/><E43/><V74/><F74/><W85/><G117/><T57/><D57/><N who="1" m="35135" /><E105/><V15/><F2/><W129/><G116/><T122/><D122/><U30/><E71/><V67/><F104/><W60/><G129/><T59/><D59/><U21/><E30/><V120/><F27/><W51/><G60/><T61/><D61/><U56/><E56/><V47/><F47/><W35/><G51/><T31/><D31/><U50/><E50/><N who="2" m="31031" /><F120/><W95/><G35/><T92/><D101/><U93/><E93/><AGARI ba="0,0" hai="15,18,20,65,66,67,87,88,93,96,99" m="31031" machi="93" ten="30,3900,0" yaku="25,1,8,1,54,1" doraHai="103" who="2" fromWho="1" sc="231,0,249,-39,290,39,230,0" /><AGARI ba="0,0" hai="1,6,10,17,19,92,93,94" m="44367,47722" machi="93" ten="30,1000,0" yaku="18,1" doraHai="103" who="0" fromWho="1" sc="231,10,210,-10,329,0,230,0" /><INIT seed="4,0,0,4,5,89" ten="241,200,329,230" oya="0" hai0="132,99,97,14,39,38,18,17,29,53,126,131,32" hai1="104,42,101,122,113,92,90,16,133,65,127,48,2" hai2="78,135,80,103,95,28,84,46,94,64,7,77,0" hai3="114,11,93,13,76,12,60,108,74,44,10,25,15"/><T57/><D126/><U56/><E122/><V100/><F28/><W63/><G74/><T30/><D131/><U128/><E127/><V71/><F135/><W68/><G108/><T72/><D72/><U85/><E133/><V4/><F46/><W96/><G76/><T31/><D32/><U67/><E2/><V129/><F0/><W19/><G114/><T41/><D132/><U3/><E3/><V23/><F23/><W73/><G73/><T52/><D41/><U123/><E128/><V106/><F106/><W82/><G82/><T54/><D57/><U79/><E79/><V130/><F64/><W69/><G44/><T134/><D134/><U45/><E113/><V81/><F84/><W59/><G63/><T43/><D43/><U9/><E56/><V47/><F47/><W110/><G110/><T55/><N who="0" m="13824" /><DORA hai="66" /><T5/><D5/><U34/><E34/><V22/><F22/><W40/><G40/><T105/><D105/><U6/><E6/><V112/><F112/><W120/><G120/><T98/><D14/><N who="1" m="7247" /><E123/><V125/><F125/><W1/><G1/><T20/><D20/><U70/><E70/><AGARI ba="0,0" hai="4,7,70,71,77,78,80,81,94,95,100,103,129,130" machi="70" ten="25,12000,2" yaku="22,2,52,4" doraHai="89,66" who="2" fromWho="1" sc="241,0,200,-120,329,120,230,0" /><INIT seed="5,0,0,3,3,79" ten="241,80,449,230" oya="1" hai0="40,61,83,91,115,131,56,17,46,70,132,32,0" hai1="60,74,12,71,4,120,64,126,118,28,114,108,22" hai2="111,77,86,99,54,106,116,8,109,6,43,36,27" hai3="51,47,39,129,113,35,67,49,78,63,87,89,66"/><U33/><E120/><V81/><F116/><W57/><G129/><T59/><D32/><U80/><E118/><V19/><F43/><W103/><G67/><T23/><D0/><U58/><E114/><V101/><F36/><W13/><G35/><T75/><D115/><U73/><E126/><V7/><F7/><W98/><G78/><T125/><D125/><U93/><E108/><V30/><F19/><W45/><G39/><T117/><D117/><U62/><E33/><V52/><F111/><W53/><G113/><T122/><D131/><U95/><E74/><V68/><F68/><W119/><G119/><T24/><D122/><U26/><E73/><V112/><F112/><W85/><G13/><T105/><D105/><U2/><E80/><V34/><F109/><W124/><G89/><T48/><D132/><U38/><E12/><AGARI ba="0,0" hai="6,8,12,27,30,34,52,54,77,81,86,99,101,106" machi="12" ten="30,3900,0" yaku="7,1,52,1,54,1" doraHai="79" who="2" fromWho="1" sc="241,0,80,-39,449,39,230,0" /><INIT seed="6,0,0,2,3,6" ten="241,41,488,230" oya="2" hai0="46,104,86,89,22,50,25,91,100,62,85,52,30" hai1="47,45,58,26,43,1,120,130,124,90,69,39,77" hai2="99,127,96,41,63,48,2,95,133,27,110,129,122" hai3="101,107,94,114,44,113,51,36,33,17,92,97,116"/><V84/><F122/><W74/><G33/><T115/><D115/><N who="3" m="44041" /><G36/><T11/><D100/><U106/><E120/><V118/><F118/><W7/><G116/><T78/><D104/><U134/><E124/><V103/><F127/><W5/><G17/><T121/><D121/><U87/><E106/><V8/><F133/><W135/><G135/><T18/><D62/><U79/><E134/><V108/><F129/><W13/><G74/><T61/><D61/><U111/><E130/><V59/><F27/><W3/><G3/><T102/><D102/><U64/><E111/><V32/><F32/><W119/><G119/><T70/><D70/><U38/><E1/><V71/><F71/><W0/><G13/><N who="0" m="7487" /><D85/><U54/><E26/><V132/><F84/><W29/><G29/><T88/><D89/><U35/><E35/><V66/><F99/><W56/><G56/><T65/><D65/><U40/><E64/><V109/><F132/><W68/><G68/><T49/><D49/><U117/><E69/><V21/><F21/><W23/><G23/><T53/><D53/><U10/><E10/><V123/><F123/><W34/><G34/><T82/><AGARI ba="0,0" hai="22,25,30,46,50,52,78,82,86,88,91" m="7487" machi="82" ten="30,7900,0" yaku="8,1,52,1,54,2" doraHai="6" who="0" fromWho="0" sc="241,79,41,-20,488,-39,230,-20" /><INIT seed="7,0,0,1,3,64" ten="320,21,449,210" oya="3" hai0="53,94,78,1,79,7,84,126,27,40,14,77,72" hai1="21,59,116,133,22,47,24,91,96,95,103,17,85" hai2="46,66,98,67,68,32,25,127,8,82,54,65,45" hai3="110,108,10,83,12,49,28,44,100,33,23,120,35"/><W71/><G83/><T43/><D1/><U93/><E116/><V106/><F127/><W34/><G100/><T51/><D72/><U115/><E133/><V62/><F82/><W31/><G120/><T90/><D126/><U16/><E115/><V105/><F8/><W5/><G71/><T87/><D27/><U26/><E59/><V60/><F54/><W63/><G63/><T125/><D125/><U86/><E47/><V37/><F67/><W74/><G74/><T69/><D69/><U19/><E19/><V4/><F4/><W50/><G50/><T121/><D121/><U104/><E104/><V81/><F81/><W6/><G49/><T52/><D84/><U38/><E38/><V11/><F11/><N who="3" m="4207" /><G44/><N who="0" m="25991" /><D43/><U119/><E119/><V132/><F132/><W112/><G112/><T128/><D77/><U48/><REACH who="1" step="1"/><E48/><REACH who="1" step="2"/><V80/><F37/><W89/><G31/><T9/><D78/><U97/><AGARI ba="0,1" hai="16,17,21,22,24,26,85,86,91,93,95,96,97,103" machi="97" ten="20,12000,2" yaku="1,1,2,1,0,1,7,1,9,1,8,1,54,1,53,0" doraHai="64" doraHaiUra="70" who="1" fromWho="1" sc="320,-30,11,130,449,-30,210,-60" owari="290,9.0,141,-36.0,419,52.0,150,-25.0" /></mjloggm>