<mjloggm ver="2.3"><GO type="41"/><UN n0="%E5%92%B2%E3%81%A7%E9%BA%BB%E9%9B%80%E8%A6%9A%E3%81%88%E3%81%9F" n1="%E3%82%A6%E3%83%AB%E3%83%88%E3%83%A9%E7%AB%8B%E7%9B%B4" n2="%E6%96%B0%E8%97%A4%E5%8D%83%E5%B0%8B" n3="%E3%83%AD%E3%82%A4" dan="14,15,14,14" rate="1853,2024,2052,1931" sx="M,M,F,M"/><TAIKYOKU oya="0"/><INIT seed="0,0,0,5,2,31" ten="250,250,250,250" oya="0" hai0="79,58,32,34,23,0,36,75,99,25,94,2,98" hai1="64,47,39,19,12,72,106,76,16,68,5,51,101" hai2="54,15,90,128,132,61,41,124,110,87,33,107,46" hai3="92,26,118,67,96,55,40,65,70,122,45,27,123"/><T88/><D36/><U29/><E39/><V109/><F124/><W84/><G118/><T9/><D99/><U112/><E112/><V119/><F107/><W59/><G84/><T56/><D56/><U6/><E29/><V20/><F119/><W11/><G11/><T135/><D135/><U103/><E76/><V113/><F113/><W91/><G70/><T83/><D58/><U62/><E72/><V50/><F33/><W66/><G123/><T126/><D126/><U7/><E106/><V10/><F132/><W127/><G127/><T1/><REACH who="0" step="1"/><D9/><REACH who="0" ten="240,250,250,250" step="2"/><U38/><E38/><N who="2" m="21815" /><F10/><W97/><G122/><T130/><D130/><U121/><E121/><V53/><F128/><W3/><G97/><T131/><D131/><U18/><REACH who="1" step="1"/><E12/><REACH who="1" ten="240,240,250,250" step="2"/><V35/><F15/><W104/><G3/><T14/><D14/><U4/><N who="1" m="1536" /><DORA hai="117" /><U71/><E71/><V114/><F114/><W8/><G8/><T80/><D80/><U102/><E102/><V93/><F93/><W42/><G92/><T133/><D133/><U74/><E74/><V100/><F100/><W78/><G104/><T81/><D81/><U28/><E28/><AGARI ba="0,2" hai="0,1,2,23,25,28,32,34,75,79,83,88,94,98" machi="28" ten="40,12000,1" yaku="1,1,52,2,54,1,53,0" doraHai="31,117" doraHaiUra="116,57" who="0" fromWho="1" sc="240,140,240,-120,250,0,250,0" /><INIT seed="0,1,0,5,0,73" ten="380,120,250,250" oya="0" hai0="12,66,107,96,10,70,4,26,91,45,1,14,9" hai1="59,19,33,0,72,127,50,80,135,27,108,3,37" hai2="38,54,36,112,95,115,68,44,126,46,62,111,120" hai3="2,57,117,110,97,52,105,83,5,85,56,34,32"/><T31/><D45/><U24/><E50/><V102/><F120/><W15/><G117/><T101/><D91/><U51/><E51/><N who="2" m="29047" /><F102/><W35/><G2/><T99/><D99/><U125/><E59/><V121/><F95/><W133/><G110/><T132/><D10/><U128/><E80/><V119/><F121/><W86/><G133/><T93/><D93/><U94/><E94/><V71/><F111/><W129/><G129/><T76/><D76/><U131/><E72/><V109/><F109/><W64/><G105/><T134/><D14/><U42/><E108/><V67/><F119/><W25/><G97/><T41/><D12/><U49/><E37/><N who="2" m="14443" /><F71/><W88/><G85/><T92/><D92/><U40/><E19/><V124/><F44/><W87/><G86/><T98/><D98/><U116/><E116/><V106/><F106/><W43/><G25/><T11/><D11/><U8/><E8/><V100/><F100/><W53/><G43/><T17/><D17/><U29/><E40/><V122/><F122/><W39/><G39/><T81/><D41/><U13/><E42/><V63/><F63/><W104/><G104/><T82/><D81/><U48/><E13/><V84/><F84/><W74/><G74/><T7/><D82/><U77/><E29/><V130/><F130/><W58/><G64/><T123/><D123/><U47/><E47/><V78/><F78/><W23/><G5/><T28/><D7/><U18/><E77/><V89/><F89/><W6/><G6/><T16/><D16/><U103/><E18/><V20/><F20/><W30/><G30/><RYUUKYOKU ba="1,0" sc="380,-15,120,-15,250,15,250,15" hai2="62,67,68,112,115,124,126" hai3="15,23,32,34,35,52,53,56,57,58,83,87,88" /><INIT seed="1,2,0,0,4,66" ten="365,105,265,265" oya="1" hai0="124,55,121,10,104,76,118,24,51,18,17,2,89" hai1="9,112,114,72,20,107,116,6,31,102,53,14,126" hai2="119,32,131,117,35,37,30,98,54,79,70,49,68" hai3="3,132,135,11,57,74,134,106,64,62,23,34,60"/><U92/><E107/><V109/><F37/><W52/><G34/><T120/><D124/><U40/><E72/><V26/><F35/><W73/><G106/><T13/><D118/><U94/><E116/><V0/><F0/><W45/><G45/><T27/><D104/><U21/><E114/><V59/><F131/><W46/><G46/><T69/><D76/><U44/><E112/><V28/><F28/><W15/><G23/><T5/><D69/><U29/><E126/><V77/><F117/><W83/><G83/><T108/><D18/><U123/><E123/><V50/><F119/><W101/><G101/><T99/><D108/><U100/><E53/><V90/><F109/><W33/><G33/><T38/><D38/><U36/><E102/><V43/><F43/><W86/><G86/><T7/><D7/><U16/><E100/><V4/><F4/><W85/><G85/><T67/><D67/><U78/><E78/><V75/><F50/><W115/><G3/><T42/><D42/><U129/><E129/><V12/><F79/><W8/><G115/><T133/><D89/><U122/><E122/><N who="0" m="47209" /><D99/><U22/><REACH who="1" step="1"/><E6/><REACH who="1" ten="365,95,265,265" step="2"/><V87/><F75/><W113/><G113/><T1/><D55/><U127/><E127/><V93/><F77/><W105/><G105/><T25/><D5/><U130/><E130/><V111/><F111/><W125/><G125/><T80/><D2/><U96/><E96/><V58/><F98/><W128/><G128/><T63/><D1/><U61/><E61/><V48/><F54/><W110/><G110/><T91/><D63/><U71/><E71/><RYUUKYOKU ba="2,1" sc="365,-10,95,30,265,-10,265,-10" hai1="9,14,16,20,21,22,29,31,36,40,44,92,94" /><INIT seed="1,3,1,2,3,92" ten="355,125,255,255" oya="1" hai0="83,124,100,101,122,108,113,130,75,31,32,17,6" hai1="8,51,70,97,126,115,118,40,37,9,24,59,10" hai2="64,15,93,67,3,2,96,47,53,114,68,25,107" hai3="46,60,120,56,61,132,65,13,127,106,102,103,73"/><U49/><E70/><V12/><F107/><W7/><G120/><T48/><D6/><U50/><E118/><V131/><F3/><W125/><G73/><T116/><D31/><U135/><E115/><V0/><F0/><W128/><G46/><T52/><D32/><U95/><E37/><V134/><F2/><W54/><G128/><T104/><D130/><U42/><E126/><N who="3" m="48138" /><G132/><T112/><D124/><U123/><E123/><V74/><F74/><W78/><G78/><T27/><D122/><U39/><E39/><V87/><F131/><W62/><G106/><T84/><D116/><U16/><E59/><V44/><F68/><N who="3" m="42023" /><G61/><T129/><D75/><U86/><E86/><V28/><F44/><W45/><G45/><T5/><D5/><U99/><E135/><V11/><F134/><W30/><G30/><T20/><D129/><U98/><E95/><V33/><F114/><W38/><G38/><T35/><D35/><U119/><E119/><V72/><F72/><W21/><G7/><T63/><D63/><U80/><E80/><V1/><F1/><W55/><G54/><T91/><D101/><U26/><E16/><AGARI ba="3,1" hai="13,16,21,55,56,62,102,103" m="42023,48138" machi="16" ten="30,2000,0" yaku="18,1,54,1" doraHai="92" who="3" fromWho="1" sc="355,0,125,-29,255,0,255,39" /><INIT seed="2,0,0,1,3,103" ten="355,96,255,294" oya="2" hai0="0,17,20,87,124,109,24,126,83,11,65,1,88" hai1="101,108,76,96,28,78,94,81,47,53,67,107,25" hai2="114,79,115,68,129,49,55,35,14,112,135,127,131" hai3="132,73,7,119,89,9,104,102,33,95,105,63,60"/><V64/><F79/><W10/><G119/><T74/><D109/><U72/><E53/><V45/><F35/><W66/><G33/><T86/><D74/><U13/><E47/><V91/><F91/><W100/><G73/><T12/><D87/><U19/><E108/><V54/><F14/><W110/><G110/><T30/><REACH who="0" step="1"/><D65/><REACH who="0" ten="345,96,255,294" step="2"/><U15/><E76/><V77/><F77/><W69/><G66/><T71/><D71/><U39/><E67/><V34/><F68/><W80/><G69/><T62/><D62/><U16/><E39/><V134/><F64/><W85/><G85/><T120/><D120/><U37/><E37/><V90/><F115/><W31/><G132/><T130/><D130/><U3/><E72/><V23/><F134/><W6/><G80/><T59/><D59/><U41/><E81/><V97/><F135/><W27/><G63/><T123/><D123/><U99/><E78/><V70/><F131/><W4/><G60/><T21/><D21/><U98/><E98/><V36/><F23/><W118/><G10/><T42/><D42/><U128/><E41/><V38/><F129/><W92/><G9/><T125/><AGARI ba="0,1" hai="0,1,11,12,17,20,24,30,83,86,88,124,125,126" machi="125" ten="30,7900,0" yaku="1,1,0,1,18,1,54,1,53,0" doraHai="103" doraHaiUra="46" who="0" fromWho="0" sc="345,89,96,-20,255,-39,294,-20" /><INIT seed="3,0,0,0,1,90" ten="434,76,216,274" oya="3" hai0="86,113,2,4,42,26,53,93,112,43,129,71,1" hai1="126,5,38,130,23,8,100,111,94,36,108,92,46" hai2="134,77,74,41,34,127,88,20,47,95,89,17,16" hai3="60,78,33,105,132,119,117,99,40,57,24,82,85"/><W76/><G40/><T27/><D129/><U31/><E100/><V28/><F34/><W79/><G132/><T0/><D71/><U30/><E130/><V65/><F65/><W63/><G119/><T109/><D109/><N who="1" m="42059" /><E46/><V123/><F123/><W52/><G117/><T32/><D4/><U73/><E73/><V97/><F134/><W58/><G105/><T118/><D118/><U29/><E23/><V103/><F127/><W69/><G69/><T104/><D104/><U7/><E126/><V10/><F28/><N who="1" m="7169" /><U128/><DORA hai="110" /><E128/><V98/><F98/><W55/><G99/><T9/><D9/><U75/><E75/><V131/><F131/><W59/><G24/><N who="0" m="9259" /><D53/><N who="3" m="20553" /><G33/><T25/><D25/><U13/><E7/><V11/><F74/><W87/><G82/><T62/><D62/><AGARI ba="0,0" hai="57,58,59,60,62,63,76,78,79,85,87" m="20553" machi="62" ten="40,12000,1" yaku="28,2,8,1,54,1" doraHai="90,110" who="3" fromWho="0" sc="434,-120,76,0,216,0,274,120" /><INIT seed="3,1,0,5,3,98" ten="314,76,216,394" oya="3" hai0="93,103,88,14,121,110,95,16,70,31,52,119,71" hai1="94,20,130,51,41,73,54,1,4,74,131,23,75" hai2="101,18,80,100,66,78,99,0,102,90,76,19,67" hai3="49,113,10,38,61,69,84,36,56,24,32,112,135"/><W106/><G106/><T33/><D110/><U124/><E4/><V29/><F0/><W65/><G135/><T91/><D121/><U72/><E1/><V63/><F29/><W3/><G113/><T11/><D119/><U25/><N who="1" m="18944" /><DORA hai="92" /><U8/><E8/><V97/><F90/><W28/><G112/><T132/><D132/><U44/><E124/><V125/><F125/><W55/><G3/><T114/><D114/><U126/><E126/><V133/><F133/><W34/><G34/><T79/><D79/><N who="2" m="30250" /><F80/><W82/><G10/><T35/><D103/><U118/><E118/><V85/><F85/><W6/><G6/><T40/><D40/><U12/><E94/><V2/><F2/><W127/><G127/><T48/><D71/><U42/><E12/><V15/><F63/><W128/><G128/><T68/><D68/><U13/><E13/><V26/><F26/><W21/><G32/><T122/><D70/><U115/><E115/><V134/><F134/><W107/><G107/><T62/><D62/><U5/><E5/><V50/><F50/><W87/><G87/><T59/><D122/><U108/><E108/><V27/><F27/><W123/><G123/><T37/><D37/><U105/><E105/><V7/><F7/><W117/><G117/><T53/><D53/><U64/><E64/><N who="2" m="24619" /><F19/><W116/><G116/><T57/><D57/><U89/><E89/><AGARI ba="1,0" hai="21,24,28,36,38,49,55,56,61,65,69,82,84,89" machi="89" ten="30,1500,0" yaku="7,1" doraHai="98,92" who="3" fromWho="1" sc="314,0,76,-18,216,0,394,18" /><INIT seed="3,2,0,4,1,126" ten="314,58,216,412" oya="3" hai0="96,117,1,42,65,116,108,119,19,59,27,68,95" hai1="63,124,0,64,49,38,16,86,10,37,77,102,103" hai2="90,104,99,9,82,26,32,101,113,43,6,50,110" hai3="44,81,60,70,72,39,52,122,22,115,41,97,28"/><W25/><G115/><T111/><D1/><U83/><E0/><V35/><F110/><W66/><G122/><T14/><D68/><U13/><E49/><V53/><F43/><W127/><G127/><T74/><D74/><U120/><E120/><V135/><F135/><W11/><G11/><T56/><D42/><U7/><E7/><V40/><F40/><W112/><G112/><T4/><D4/><U17/><E124/><V24/><F32/><W23/><G97/><T34/><D34/><U48/><E48/><V131/><F35/><W118/><G118/><T47/><D47/><U51/><E51/><V61/><F61/><W76/><G52/><T123/><D27/><U100/><REACH who="1" step="1"/><E17/><REACH who="1" ten="314,48,216,412" step="2"/><V80/><F50/><W88/><G39/><T55/><D123/><U67/><E67/><V85/><F6/><W92/><G66/><T73/><D65/><U45/><E45/><V69/><F113/><W20/><G44/><T107/><D19/><U58/><AGARI ba="2,1" hai="10,13,16,37,38,58,63,64,77,83,86,100,102,103" machi="58" ten="30,7900,0" yaku="1,1,0,1,54,1,53,1" doraHai="126" doraHaiUra="75" who="1" fromWho="1" sc="314,-22,48,95,216,-22,412,-41" /><INIT seed="4,0,0,1,1,17" ten="292,143,194,371" oya="0" hai0="135,14,106,93,20,89,19,76,54,97,1,88,130" hai1="56,13,58,31,10,3,70,2,5,129,53,49,15" hai2="91,116,69,25,51,60,35,120,84,18,111,121,123" hai3="72,30,48,27,75,63,6,38,86,125,4,9,37"/><T50/><D135/><U55/><E70/><V74/><F74/><W65/><G125/><T78/><D130/><U21/><E129/><V66/><F111/><W52/><G38/><T59/><D1/><U110/><E110/><V92/><F116/><W96/><G37/><T117/><D117/><U57/><E57/><V105/><F105/><W82/><G96/><T46/><D46/><U26/><REACH who="1" step="1"/><E3/><REACH who="1" ten="292,133,194,371" step="2"/><V90/><F121/><W132/><G132/><T114/><D114/><U16/><E16/><V115/><F120/><W73/><G30/><T23/><D23/><U34/><E34/><V39/><F18/><W64/><G9/><T113/><D113/><U12/><E12/><V107/><F35/><W42/><G27/><T44/><D44/><U28/><E28/><V40/><F25/><W101/><G6/><T77/><D106/><U67/><E67/><N who="2" m="41191" /><F107/><W127/><G4/><T103/><AGARI ba="0,1" hai="14,19,20,50,54,59,76,77,78,88,89,93,97,103" machi="103" ten="30,11700,0" yaku="0,1,8,1,52,1,54,1" doraHai="17" who="0" fromWho="0" sc="292,127,133,-39,194,-39,371,-39" /><INIT seed="4,1,0,2,1,70" ten="419,94,155,332" oya="0" hai0="2,9,123,134,1,16,115,72,86,81,30,45,91" hai1="56,94,128,42,83,24,48,4,117,29,25,54,121" hai2="35,38,23,79,15,47,36,132,12,74,3,69,41" hai3="21,130,55,88,46,111,5,75,26,95,127,82,8"/><T114/><D134/><U112/><E121/><V51/><F35/><W59/><G111/><T22/><D123/><U78/><E117/><V131/><F69/><W93/><G127/><T0/><D9/><U13/><E128/><V32/><F32/><W68/><G68/><T120/><D120/><U64/><E112/><V39/><F3/><W76/><G130/><T108/><D108/><U129/><E129/><V106/><F106/><W27/><G46/><T65/><D65/><U73/><E64/><V96/><F131/><W110/><G110/><T18/><D30/><U44/><E29/><V133/><F96/><W113/><G113/><T89/><D18/><U40/><E40/><V7/><F7/><W67/><G67/><T135/><D135/><N who="2" m="51786" /><F23/><W105/><G105/><T122/><D122/><U124/><E124/><V20/><F20/><W77/><G76/><T101/><D101/><U58/><E58/><V107/><F107/><W90/><G90/><T53/><D91/><U84/><E73/><V97/><F97/><W28/><G88/><T43/><D53/><U33/><E33/><V100/><F100/><W103/><G27/><T14/><REACH who="0" step="1"/><D72/><REACH who="0" ten="409,94,155,332" step="2"/><U92/><E25/><V50/><F50/><AGARI ba="1,1" hai="0,1,2,14,16,22,43,45,50,81,86,89,114,115" machi="50" ten="40,7700,0" yaku="1,1,2,1,54,1,53,0" doraHai="70" doraHaiUra="119" who="0" fromWho="2" sc="409,90,94,0,155,-80,332,0" /><INIT seed="4,2,0,5,1,97" ten="499,94,75,332" oya="0" hai0="94,96,130,75,32,79,59,3,106,17,4,109,26" hai1="68,38,91,19,20,39,124,134,11,21,118,10,123" hai2="111,73,135,30,24,7,85,133,125,78,66,5,58" hai3="108,1,107,127,76,40,42,72,23,83,103,77,117"/><T80/><D130/><U87/><E68/><V132/><F73/><W47/><G117/><T28/><D109/><U126/><E118/><V29/><F78/><W113/><G108/><T99/><D99/><U89/><E123/><V44/><F44/><W61/><G1/><T37/><D17/><U69/><E69/><V57/><F85/><W34/><G34/><T84/><D59/><N who="2" m="22538" /><F66/><W22/><G113/><T122/><D122/><U112/><E112/><V46/><F46/><W53/><G77/><T36/><D94/><U120/><E120/><V131/><F111/><W55/><G127/><T64/><D84/><U121/><E121/><V49/><F49/><W62/><G62/><T56/><D56/><U25/><E87/><V9/><F125/><W16/><G61/><T116/><D64/><U41/><E41/><V14/><F131/><W6/><G42/><T27/><D27/><U0/><E0/><V35/><F30/><W105/><G105/><T8/><D116/><U104/><E104/><V31/><F31/><W12/><G6/><AGARI ba="2,0" hai="5,6,7,9,14,24,29,35,132,133,135" m="22538" machi="6" ten="40,1300,0" yaku="20,1" doraHai="97" who="2" fromWho="3" sc="499,0,94,0,75,19,332,-19" /><INIT seed="5,0,0,5,3,110" ten="499,94,94,313" oya="1" hai0="50,102,57,83,34,33,96,15,121,24,23,104,84" hai1="120,56,11,54,25,103,14,99,70,12,129,64,127" hai2="113,43,48,35,19,59,95,107,82,132,122,63,76" hai3="114,8,32,79,135,58,94,74,45,69,71,68,124"/><U98/><E120/><V77/><F107/><W61/><G32/><T42/><D121/><U0/><E127/><V21/><F35/><W92/><G124/><T66/><D15/><U73/><E73/><V52/><F122/><W126/><G126/><T80/><D80/><U6/><E129/><V89/><F132/><W38/><G135/><T17/><D42/><U20/><E70/><V65/><F43/><W10/><G114/><T47/><D47/><U134/><E134/><V101/><F101/><W55/><G79/><T62/><D50/><U37/><E37/><V22/><F113/><W97/><G74/><T111/><D111/><U118/><E118/><V28/><F28/><W133/><G133/><T130/><D130/><U72/><E72/><V40/><F40/><W26/><G26/><T106/><D104/><U78/><E78/><AGARI ba="0,0" hai="17,23,24,33,34,57,62,66,78,83,84,96,102,106" machi="78" ten="30,1000,0" yaku="7,1" doraHai="110" who="0" fromWho="1" sc="499,10,94,-10,94,0,313,0" /><INIT seed="6,0,0,5,4,12" ten="509,84,94,313" oya="2" hai0="30,104,121,88,42,25,105,96,77,0,22,76,83" hai1="114,62,36,128,75,56,71,123,90,86,57,102,38" hai2="111,135,134,32,16,54,7,4,119,51,66,40,73" hai3="98,109,60,97,28,3,17,124,26,133,15,69,29"/><V127/><F119/><W92/><G109/><T112/><D112/><U55/><E75/><V106/><F106/><W20/><G3/><T6/><D121/><U18/><E102/><V11/><F32/><W115/><G124/><T118/><D118/><U120/><E71/><V59/><F73/><W67/><G133/><N who="2" m="50697" /><F111/><W14/><G115/><T21/><D42/><U43/><E114/><V84/><F127/><W72/><G72/><T24/><D77/><U8/><E128/><V129/><F129/><W48/><G48/><T85/><D6/><U89/><E43/><V116/><F116/><W68/><G69/><T10/><D10/><U94/><E38/><V81/><F66/><W130/><G130/><T122/><D0/><U34/><E36/><V23/><F40/><W49/><G49/><T78/><D122/><U27/><E34/><V108/><F11/><W50/><G50/><T79/><D96/><U99/><E57/><V5/><F108/><W117/><G117/><T58/><D58/><U132/><E132/><V47/><F59/><W39/><G39/><T125/><D125/><U95/><REACH who="1" step="1"/><E8/><REACH who="1" ten="509,74,94,313" step="2"/><V65/><F65/><W61/><G67/><T126/><D126/><U74/><E74/><V131/><F131/><W80/><G68/><T2/><D105/><U93/><E93/><V46/><F46/><W87/><G92/><T103/><D104/><U82/><E82/><V53/><F53/><W63/><G61/><T1/><D103/><U35/><E35/><V52/><F54/><W44/><G44/><T45/><D45/><U100/><E100/><V19/><F23/><AGARI ba="0,1" hai="18,23,27,55,56,62,86,89,90,94,95,99,120,123" machi="23" ten="40,8000,1" yaku="1,1,6,1,25,2,52,1,53,0" doraHai="12" doraHaiUra="41" who="1" fromWho="2" sc="509,0,74,90,94,-80,313,0" /><INIT seed="7,0,0,3,1,81" ten="509,164,14,313" oya="3" hai0="56,26,13,127,59,19,65,93,128,85,77,51,35" hai1="17,119,38,126,95,135,66,12,90,124,104,96,80" hai2="15,54,22,133,83,0,36,57,61,60,105,48,58" hai3="42,45,7,91,114,14,116,100,132,74,1,52,118"/><W55/><G1/><T30/><D128/><U23/><BYE who="2" /><E38/><V82/><F82/><W115/><G74/><T112/><D127/><U28/><E119/><V86/><F86/><W120/><G120/><T87/><D112/><N who="3" m="43049" /><G132/><T79/><D59/><U109/><E104/><V43/><F43/><W102/><G91/><T53/><D65/><U134/><E109/><V131/><F131/><W123/><G123/><T97/><D77/><U46/><E46/><V64/><F64/><W130/><G130/><T4/><D4/><U25/><E135/><V88/><F88/><W111/><G111/><T117/><D79/><U129/><E134/><V2/><F2/><W72/><G72/><T8/><D117/><N who="3" m="45161" /><G7/><T94/><D94/><U84/><E129/><V121/><F121/><W31/><G14/><T11/><D11/><U98/><E124/><V73/><F73/><W37/><G31/><T107/><D107/><U69/><E126/><V106/><F106/><W122/><G122/><T62/><D62/><U24/><E69/><V21/><F21/><W33/><G33/><T89/><AGARI ba="0,0" hai="8,13,19,26,30,35,51,53,56,85,87,89,93,97" machi="89" ten="20,5200,0" yaku="0,1,7,1,52,2" doraHai="81" who="0" fromWho="0" sc="509,52,164,-13,14,-13,313,-26" owari="561,66.0,151,-25.0,1,-50.0,287,9.0" /></mjloggm>