<mjloggm ver="2.3"><GO type="41"/><UN n0="%E3%81%8D%E3%82%8A%E3%82%84%E3%81%BE" n1="%E6%94%BE%E9%8A%83%E8%AB%8B%E8%B2%A0%E4%BA%BA" n2="%E3%81%98%E3%82%83%E3%82%80%E2%99%AD" n3="%E3%82%A6%E3%83%AB%E3%83%88%E3%83%A9%E7%AB%8B%E7%9B%B4" dan="14,13,15,15" rate="1901,1806,2021,1966" sx="F,M,M,M"/><TAIKYOKU oya="0"/><INIT seed="0,0,0,1,3,94" ten="250,250,250,250" oya="0" hai0="61,13,100,12,44,0,121,65,53,8,37,103,58" hai1="108,113,21,95,45,117,134,2,110,34,97,114,133" hai2="69,57,102,135,46,90,83,55,115,101,75,79,6" hai3="74,22,26,91,42,93,125,70,130,43,62,132,16"/><T107/><D121/><U9/><E34/><V106/><F115/><N who="1" m="44041" /><E45/><V127/><F69/><W3/><G3/><T92/><D107/><U78/><E78/><V11/><F135/><N who="1" m="51721" /><E117/><V73/><F73/><W128/><G74/><T35/><D35/><U19/><E2/><V29/><F46/><W119/><G119/><T54/><D37/><U82/><E82/><V105/><F29/><W99/><G132/><T4/><D0/><U10/><E19/><V85/><F105/><W1/><G1/><T66/><D66/><U38/><E21/><V51/><F106/><W36/><G36/><T27/><D27/><U59/><E38/><V111/><F75/><W14/><G43/><T87/><D13/><U56/><E56/><V32/><F79/><W7/><G42/><T48/><D65/><U49/><E49/><V126/><F32/><W28/><G7/><T47/><D47/><U39/><E59/><V98/><F57/><W33/><REACH who="3" step="1"/><G125/><REACH who="3" ten="250,250,250,240" step="2"/><T124/><D124/><U41/><E39/><V40/><F40/><W76/><G76/><T24/><D4/><U23/><E41/><V116/><F127/><W15/><G15/><T120/><D12/><U71/><E71/><V88/><F116/><W30/><G30/><T60/><D120/><U118/><E118/><V25/><F126/><W52/><G52/><T31/><D53/><U89/><E23/><V122/><F55/><W80/><G80/><T50/><D31/><U77/><E77/><V131/><F83/><W5/><G5/><T18/><D54/><U112/><E112/><V84/><F6/><W72/><G72/><RYUUKYOKU ba="0,1" sc="250,-15,250,15,250,-15,240,15" hai1="9,10,89,95,97,108,110" hai3="14,16,22,26,28,33,62,70,91,93,99,128,130" /><INIT seed="1,1,1,3,4,33" ten="235,265,235,255" oya="1" hai0="128,70,37,106,68,95,38,65,40,1,130,127,39" hai1="52,71,12,112,25,135,107,41,134,11,57,61,85" hai2="114,26,13,81,55,66,117,80,74,60,21,125,32" hai3="7,89,10,98,18,42,49,87,34,46,23,28,97"/><U105/><E112/><V90/><F117/><W31/><G31/><T104/><D95/><U67/><E41/><V82/><F114/><W131/><G131/><N who="0" m="50219" /><D40/><U35/><E35/><V15/><F32/><W91/><G91/><T59/><D59/><U6/><E25/><V92/><F125/><W17/><G34/><T123/><D127/><U3/><E85/><V111/><F111/><W120/><G120/><T22/><D22/><U121/><E12/><V129/><F129/><W24/><G97/><T72/><D65/><U5/><E5/><V108/><F108/><W51/><G51/><T102/><D102/><U88/><E121/><V116/><F116/><W53/><G42/><T76/><D123/><U118/><E88/><V56/><F66/><W133/><G98/><T30/><D30/><U62/><REACH who="1" step="1"/><E118/><REACH who="1" ten="235,255,235,255" step="2"/><V29/><F74/><W100/><G100/><T19/><D72/><U115/><E115/><V113/><F113/><W75/><G75/><T48/><D19/><U126/><E126/><V78/><F78/><W69/><G18/><T45/><D76/><U63/><E63/><V58/><F15/><W27/><G17/><T2/><D104/><AGARI ba="1,2" hai="3,6,11,52,57,61,62,67,71,104,105,107,134,135" machi="104" ten="40,7700,0" yaku="1,1,52,1,54,1,53,0" doraHai="33" doraHaiUra="119" who="1" fromWho="0" sc="235,-80,255,100,235,0,255,0" /><INIT seed="1,2,0,1,3,54" ten="155,355,235,255" oya="1" hai0="61,93,87,50,109,110,31,42,7,15,59,36,126" hai1="101,28,74,55,0,64,3,81,125,62,97,23,124" hai2="92,96,70,26,43,69,129,67,71,105,57,89,35" hai3="25,60,94,90,40,63,118,9,37,115,112,48,10"/><U122/><E122/><V17/><F43/><W24/><G37/><T98/><D126/><U49/><E74/><V46/><F46/><W123/><G123/><T56/><D31/><U32/><E81/><V99/><F129/><W53/><G40/><T76/><D36/><U65/><E65/><V134/><F134/><W132/><G132/><T121/><D121/><U45/><E23/><V127/><F127/><N who="1" m="48713" /><E28/><V103/><F35/><W107/><G107/><T6/><D61/><N who="3" m="23625" /><G118/><T11/><D7/><U114/><E32/><V91/><F91/><W73/><G73/><T68/><D68/><N who="1" m="42007" /><E114/><V119/><F119/><W83/><G83/><N who="0" m="47591" /><D50/><U39/><E39/><V78/><F78/><W111/><G115/><T58/><D42/><U1/><E1/><V82/><F82/><W135/><G10/><T2/><D2/><U38/><E38/><V85/><F85/><W18/><G9/><T113/><D113/><U128/><E128/><V4/><F4/><W66/><G66/><T51/><D51/><U104/><AGARI ba="2,0" hai="0,3,45,49,55,97,101,104" m="42007,48713" machi="104" ten="30,1500,0" yaku="18,1" doraHai="54" who="1" fromWho="1" sc="155,-7,355,21,235,-7,255,-7" /><INIT seed="1,3,0,4,3,49" ten="148,376,228,248" oya="1" hai0="104,69,35,85,6,39,106,102,53,111,31,75,119" hai1="115,116,93,131,67,62,23,47,132,26,78,79,101" hai2="89,121,29,38,11,123,100,92,46,113,125,61,117" hai3="42,0,59,114,24,112,109,108,16,1,30,118,52"/><U18/><E116/><V45/><F117/><W130/><G42/><T124/><D39/><U71/><E115/><V135/><F113/><W128/><G118/><T55/><D111/><N who="3" m="42569" /><G112/><T81/><D119/><U80/><E131/><N who="3" m="50218" /><G16/><T68/><D75/><U9/><E132/><V5/><F29/><W40/><G40/><T58/><D6/><U21/><E9/><V19/><F19/><W65/><G65/><T91/><D124/><U82/><E23/><V72/><F125/><W50/><G114/><T127/><D127/><U107/><E107/><V83/><F100/><W56/><G56/><T73/><D73/><U87/><E101/><V14/><F61/><W84/><G84/><T88/><D58/><U8/><E8/><V57/><F57/><W120/><G120/><T34/><D91/><U3/><E3/><V33/><F38/><W77/><G77/><T105/><D102/><U2/><E2/><V4/><F121/><W13/><G13/><T25/><REACH who="0" step="1"/><D35/><AGARI ba="3,0" hai="0,1,24,30,35,50,52,59" m="50218,42569" machi="35" ten="30,7700,0" yaku="14,1,19,1,52,1,54,1" doraHai="49" who="3" fromWho="0" sc="148,-86,376,0,228,0,248,86" /><INIT seed="2,0,0,3,5,78" ten="62,376,228,334" oya="2" hai0="17,111,1,80,18,129,106,23,37,28,104,56,133" hai1="54,119,93,113,98,29,27,59,75,49,58,74,39" hai2="4,72,131,11,115,82,53,102,125,34,109,121,47" hai3="41,44,51,79,134,135,0,19,90,24,86,66,68"/><V107/><F121/><W120/><G0/><T61/><D1/><U14/><E39/><V48/><F115/><W21/><G120/><T96/><D111/><U124/><E113/><V55/><F34/><W6/><G6/><T13/><D129/><U62/><E119/><V97/><F131/><W108/><G108/><T16/><D37/><U26/><E14/><V63/><F109/><W40/><G40/><T60/><D133/><U20/><E27/><V132/><F132/><N who="3" m="50731" /><G79/><T128/><D128/><U57/><E124/><V38/><F125/><W85/><G66/><T88/><D28/><U117/><E117/><V77/><F63/><W22/><G68/><T12/><D60/><U46/><E58/><V42/><REACH who="2" step="1"/><F48/><REACH who="2" ten="62,376,218,334" step="2"/><W95/><G22/><T71/><D23/><U122/><E122/><V70/><F70/><W15/><G24/><T101/><D71/><U123/><E123/><V45/><F45/><W9/><G21/><T2/><D2/><AGARI ba="0,1" hai="2,4,11,38,42,47,53,55,72,77,82,97,102,107" machi="2" ten="30,18000,2" yaku="1,1,7,1,25,2,52,1,53,1" doraHai="78" doraHaiUra="43" who="2" fromWho="0" sc="62,-180,376,0,218,190,334,0" owari="-118,-62.0,376,18.0,408,51.0,334,-7.0" /></mjloggm>