<mjloggm ver="2.3"><GO type="97"/><UN n0="%E5%89%8D%E8%8C%B6%E7%A2%97" n1="%E3%83%89%E3%83%93%E3%83%BC" n2="%EF%BC%88%E2%89%A7%E2%96%BD%E2%89%A6%EF%BC%89" n3="%70%6F%72%6E" dan="13,14,14,14" rate="1855,1954,2042,1864" sx="M,M,M,F"/><TAIKYOKU oya="0"/><INIT seed="0,0,0,5,0,58" ten="250,250,250,250" oya="0" hai0="119,96,59,116,18,89,121,7,68,33,87,52,28" hai1="132,123,79,20,64,78,39,124,97,133,69,105,15" hai2="108,67,29,57,38,11,62,30,53,118,9,46,113" hai3="81,32,12,107,16,86,21,0,26,94,49,25,43"/><T5/><D68/><U71/><E123/><V61/><F113/><W23/><G107/><T22/><D121/><U76/><E39/><V120/><F120/><W36/><G36/><T83/><D96/><U44/><E44/><V47/><F118/><W72/><G72/><T102/><D102/><U40/><E40/><V129/><F129/><W104/><G104/><T17/><D17/><U101/><E124/><V100/><F108/><W125/><G0/><T54/><D54/><U60/><E71/><V41/><F100/><W55/><G125/><T45/><D45/><U85/><E20/><V19/><F47/><N who="3" m="25855" /><G32/><T109/><D109/><U98/><E98/><V24/><F19/><N who="3" m="12479" /><G55/><T126/><D126/><U134/><REACH who="1" step="1"/><E15/><REACH who="1" step="2"/><V1/><F1/><W35/><G35/><T66/><D119/><U70/><E70/><V63/><F38/><W122/><G122/><T42/><D116/><U92/><E92/><V8/><F41/><W6/><G12/><T4/><D42/><U90/><E90/><V2/><F46/><W50/><G94/><T37/><D37/><U112/><E112/><V99/><F2/><W84/><G23/><T13/><D66/><U14/><E14/><V74/><F67/><W51/><G26/><T80/><D80/><AGARI ba="0,1" hai="60,64,69,76,78,79,80,85,97,101,105,132,133,134" machi="80" ten="40,12000,2" yaku="1,1,20,1,52,1,53,3" doraHai="58" doraHaiUra="130" who="1" fromWho="0" sc="250,-120,240,130,250,0,250,0" /><INIT seed="1,0,0,4,0,39" ten="130,370,250,250" oya="1" hai0="31,70,94,14,28,18,74,75,35,24,89,48,127" hai1="52,11,17,93,106,103,114,44,63,124,60,13,32" hai2="105,132,126,46,71,91,21,110,121,2,37,58,61" hai3="112,115,30,77,7,50,107,119,104,4,99,78,6"/><U43/><E32/><V81/><F121/><W20/><G119/><T97/><D127/><U120/><E106/><N who="3" m="40490" /><G99/><T22/><D70/><U8/><E124/><V98/><F126/><W87/><G87/><T135/><D135/><U84/><E120/><V36/><F2/><W64/><G64/><T130/><D130/><U102/><E114/><N who="3" m="43562" /><G50/><T82/><D82/><U90/><E8/><V5/><F81/><W117/><G117/><T34/><REACH who="0" step="1"/><D48/><REACH who="0" step="2"/><N who="1" m="26655" /><E63/><V67/><F61/><W68/><G68/><T23/><D23/><U80/><E80/><V129/><F21/><W38/><G20/><T118/><D118/><U133/><E133/><V85/><F71/><W109/><G78/><T19/><D19/><U29/><E29/><V42/><F132/><W65/><G77/><T73/><D73/><U59/><AGARI ba="0,1" hai="11,13,17,52,59,60,84,90,93,102,103" m="26655" machi="59" ten="30,6000,0" yaku="8,1,52,1,54,1" doraHai="39" who="1" fromWho="1" sc="120,-20,370,70,250,-20,250,-20" /><INIT seed="1,1,0,0,2,65" ten="100,440,230,230" oya="1" hai0="90,103,77,55,113,83,58,68,15,79,11,8,131" hai1="33,31,78,54,121,116,38,6,26,49,85,29,106" hai2="91,10,45,135,80,86,59,108,120,134,93,104,20" hai3="128,111,130,53,112,71,72,16,127,24,118,62,132"/><U51/><E121/><V92/><F120/><W41/><G72/><T22/><D131/><N who="3" m="50217" /><G112/><T96/><D113/><U117/><E106/><V7/><F104/><W21/><G111/><T82/><D90/><U60/><E38/><V44/><F59/><N who="3" m="35183" /><G118/><T48/><D22/><U47/><E117/><V37/><F20/><W114/><G114/><T19/><D8/><U98/><E116/><V14/><F108/><W61/><G132/><N who="2" m="50729" /><F37/><W28/><G127/><T3/><D3/><U75/><E75/><V123/><F123/><W25/><G41/><T105/><D77/><U40/><E33/><V17/><F7/><W84/><G84/><T43/><D43/><U12/><E26/><V81/><F93/><W115/><G115/><T36/><D36/><U95/><E60/><V63/><F63/><W119/><G119/><T52/><D55/><U57/><E98/><N who="2" m="57631" /><F81/><W0/><G0/><T32/><D32/><U35/><E35/><V70/><F70/><W13/><G28/><T87/><REACH who="0" step="1"/><D82/><REACH who="0" step="2"/><N who="1" m="47319" /><E95/><V27/><F27/><W1/><G1/><T109/><D109/><U124/><E124/><V30/><F30/><W69/><G25/><T74/><D74/><U73/><E73/><V5/><F5/><W23/><G24/><T126/><D126/><U2/><E2/><V101/><F101/><W125/><G125/><T46/><D46/><U67/><E67/><V107/><F80/><W18/><G23/><T66/><D66/><U9/><AGARI ba="1,1" hai="6,9,12,29,31,40,47,49,51,54,57" m="47319" machi="9" ten="30,3000,0" yaku="25,1,8,1" doraHai="65" who="1" fromWho="1" sc="90,-11,440,43,230,-11,230,-11" /><INIT seed="1,2,0,3,5,0" ten="79,483,219,219" oya="1" hai0="19,66,46,28,62,130,45,43,70,11,42,74,21" hai1="30,133,7,27,6,12,67,93,103,48,85,116,33" hai2="88,57,56,59,90,71,69,102,54,120,5,107,87" hai3="109,119,112,8,53,128,9,39,65,44,64,26,111"/><U14/><E116/><V36/><F36/><W78/><G112/><T76/><D130/><U58/><E133/><V132/><F120/><W50/><G119/><T41/><D28/><U97/><E85/><V34/><F34/><W75/><G128/><T55/><D76/><U73/><E73/><V52/><F132/><W105/><G105/><T63/><D74/><U108/><E108/><N who="3" m="41546" /><G39/><N who="0" m="21695" /><D11/><N who="3" m="4169" /><G26/><T113/><D113/><U51/><E51/><V122/><F122/><W81/><AGARI ba="2,0" hai="44,50,53,64,65,75,78,81" m="4169,41546" machi="81" ten="30,1100,0" yaku="14,1" doraHai="0" who="3" fromWho="3" sc="79,-5,483,-7,219,-5,219,17" /><INIT seed="2,0,0,4,0,129" ten="74,476,214,236" oya="2" hai0="45,49,54,43,12,84,105,95,93,117,107,57,85" hai1="62,122,63,113,42,20,38,71,9,47,48,7,77" hai2="75,58,27,32,21,51,19,68,52,132,25,102,40" hai3="56,36,125,97,31,39,18,98,131,24,76,3,64"/><V1/><F75/><W92/><G3/><T2/><D117/><U100/><E113/><V5/><F68/><W94/><G131/><T17/><D2/><U46/><E122/><V82/><F102/><W23/><G125/><T4/><D4/><U70/><E100/><V72/><F40/><W109/><G109/><T126/><D126/><U73/><E20/><V133/><F72/><W87/><G39/><T121/><D121/><U37/><E63/><V28/><REACH who="2" step="1"/><F82/><REACH who="2" step="2"/><N who="3" m="47559" /><G36/><T111/><D111/><U34/><E37/><V59/><F59/><W103/><G56/><T120/><D120/><U8/><E42/><V60/><F60/><W114/><G114/><T67/><D107/><U106/><E62/><V78/><F78/><W86/><G64/><T108/><D108/><U91/><E77/><V16/><F16/><W115/><G115/><T44/><D105/><U116/><E73/><V29/><F29/><W11/><G31/><T130/><D130/><U35/><E38/><V104/><F104/><W22/><G18/><T65/><D45/><U30/><E106/><V26/><F26/><W88/><G24/><T110/><D110/><U118/><E30/><V123/><F123/><W135/><G135/><T10/><D93/><U66/><E66/><N who="0" m="25097" /><D95/><U33/><E118/><V61/><F61/><W112/><G112/><T134/><D134/><U128/><E116/><V83/><F83/><W53/><G92/><T41/><D41/><U69/><E128/><V96/><F96/><W6/><G97/><T55/><D43/><U0/><E71/><V13/><F13/><N who="3" m="5367" /><G53/><T14/><D14/><RYUUKYOKU ba="0,1" sc="74,10,476,-30,204,10,236,10" hai0="10,12,17,44,49,54,55,57,84,85" hai2="1,5,19,21,25,27,28,32,51,52,58,132,133" hai3="22,23,86,88,94,98,103" /><INIT seed="2,1,1,4,0,105" ten="84,446,214,246" oya="2" hai0="108,77,97,106,59,49,90,102,128,126,75,127,57" hai1="61,46,72,119,110,27,103,129,56,42,98,33,25" hai2="4,19,60,14,86,15,131,7,83,123,104,71,50" hai3="40,89,79,22,35,92,5,135,114,52,0,133,84"/><V118/><F123/><W80/><G35/><T88/><D59/><U120/><E119/><V29/><F118/><W51/><G114/><T26/><D26/><N who="1" m="9739" /><E33/><V111/><F104/><W101/><G40/><T54/><D108/><U30/><E72/><V78/><F111/><W66/><G66/><T55/><D128/><U121/><E129/><V18/><F131/><W12/><G101/><T64/><D64/><N who="1" m="38951" /><E30/><V10/><F29/><W96/><G0/><T130/><D130/><U91/><E110/><V122/><F122/><N who="1" m="47209" /><E103/><V93/><F93/><W58/><REACH who="3" step="1"/><G22/><REACH who="3" step="2"/><T37/><D37/><N who="1" m="21839" /><E91/><V81/><F71/><W20/><G20/><T68/><D68/><U113/><E113/><V125/><F4/><W74/><G74/><T69/><D69/><U47/><E47/><V44/><F44/><W16/><G16/><T65/><D65/><U45/><E45/><V95/><F18/><W17/><G17/><T94/><D55/><U41/><E41/><V107/><F19/><W112/><G112/><T76/><D76/><U115/><E115/><V62/><F78/><W124/><G124/><N who="0" m="47659" /><D106/><U38/><E38/><V3/><F107/><W21/><G21/><T31/><D31/><U134/><E134/><V32/><F125/><W70/><G70/><T87/><D87/><U34/><E34/><V23/><F32/><W1/><G1/><T53/><D53/><U36/><E36/><V85/><F3/><W13/><G13/><T43/><D43/><U73/><E73/><V39/><F15/><W9/><AGARI ba="1,2" hai="5,9,12,51,52,58,79,80,84,89,92,96,133,135" machi="9" ten="30,7900,0" yaku="1,1,0,1,54,1,53,1" doraHai="105" doraHaiUra="11" who="3" fromWho="3" sc="84,-21,446,-21,214,-40,236,102" /><INIT seed="3,0,0,0,5,4" ten="63,425,174,338" oya="3" hai0="50,68,109,8,99,119,117,5,112,26,72,30,57" hai1="55,6,81,33,129,79,105,16,126,104,77,44,114" hai2="12,100,23,15,40,32,86,38,35,1,103,91,75" hai3="125,51,53,66,82,17,25,49,76,47,94,7,78"/><W3/><G125/><T102/><D109/><U24/><E126/><V64/><F75/><W48/><G66/><T29/><D112/><U37/><E114/><V121/><F1/><W56/><G94/><T127/><D127/><U9/><E129/><V73/><F73/><W14/><G3/><T46/><D68/><U42/><E55/><V116/><F116/><W93/><G93/><T90/><D72/><N who="1" m="43175" /><E79/><V10/><F40/><N who="3" m="24679" /><G7/><T0/><D57/><U110/><E110/><V74/><F74/><W108/><G108/><T120/><D120/><U13/><E33/><V130/><F35/><W89/><G25/><T128/><D128/><U124/><E124/><V106/><F32/><W98/><G49/><T113/><D113/><U132/><E132/><V61/><F130/><W107/><G107/><T27/><D90/><U71/><E71/><V87/><F91/><W2/><G2/><T36/><D36/><U122/><E122/><V60/><F38/><W69/><G69/><T135/><D135/><U54/><E54/><V123/><F121/><W22/><G98/><T111/><D111/><U88/><E88/><V65/><F123/><W18/><G18/><T45/><D27/><U115/><E115/><V28/><F106/><W11/><G11/><T62/><D62/><U63/><E63/><V134/><F61/><W67/><G67/><T19/><D19/><U85/><E85/><AGARI ba="0,0" hai="14,17,22,51,53,56,76,78,82,85,89" m="24679" machi="85" ten="30,1500,0" yaku="8,1" doraHai="4" who="3" fromWho="1" sc="63,0,425,-15,174,0,338,15" /><INIT seed="3,1,0,0,2,74" ten="63,410,174,353" oya="3" hai0="38,23,18,95,28,122,97,44,106,123,114,103,105" hai1="69,43,31,11,80,36,101,92,1,37,60,2,133" hai2="34,129,102,53,26,3,109,117,83,25,35,39,4" hai3="20,64,113,42,96,91,50,76,124,78,111,116,22"/><W24/><G113/><T125/><D28/><U49/><E31/><V71/><F4/><W66/><G116/><T58/><D58/><U127/><E49/><V112/><F102/><W63/><G124/><T15/><D125/><U135/><E127/><V10/><F53/><W33/><G33/><T70/><D70/><U16/><E16/><V29/><F39/><W61/><G111/><T79/><D114/><U12/><E12/><V85/><F71/><W110/><G110/><T126/><D126/><U118/><E118/><V45/><F117/><W47/><G20/><T41/><D123/><U81/><E81/><V82/><F83/><W8/><G8/><T119/><D119/><U51/><E51/><V68/><F129/><W89/><G63/><T75/><D122/><U5/><E2/><V6/><F3/><W59/><G66/><T57/><D57/><U121/><E121/><V14/><F112/><W128/><G128/><T67/><D67/><N who="1" m="41191" /><E80/><V87/><F109/><W54/><G42/><T94/><D94/><U132/><E43/><V9/><F82/><W0/><G0/><T46/><D46/><U131/><E131/><V56/><F45/><W13/><G13/><T62/><D62/><U32/><E32/><V99/><F34/><W90/><G96/><AGARI ba="1,0" hai="1,5,11,36,37,92,96,101,132,133,135" m="41191" machi="96" ten="30,1000,0" yaku="20,1" doraHai="74" who="1" fromWho="3" sc="63,0,410,13,174,0,353,-13" owari="63,-44.0,423,53.0,174,-23.0,340,14.0" /></mjloggm>