<mjloggm ver="2.3"><GO type="41"/><UN n0="%E5%9C%AD%E4%B8%80%E9%83%8E" n1="%EF%BC%88%E2%89%A7%E2%96%BD%E2%89%A6%EF%BC%89" n2="%2E%37%7A" n3="%E9%83%A1%E5%B1%B1%E7%83%88%E7%81%AB" dan="14,15,14,13" rate="1926,1997,1910,1877" sx="M,M,M,M"/><TAIKYOKU oya="0"/><INIT seed="0,0,0,1,2,72" ten="250,250,250,250" oya="0" hai0="86,107,60,24,36,133,91,48,19,5,25,74,94" hai1="125,54,10,51,56,87,82,20,67,116,68,55,44" hai2="2,38,93,83,32,129,62,17,70,40,8,85,73" hai3="12,77,99,88,130,90,3,106,4,104,18,132,71"/><T124/><D36/><U58/><E116/><V120/><F32/><W76/><G71/><T118/><D118/><U22/><E125/><V30/><F30/><W128/><G132/><T101/><D133/><U127/><E127/><V27/><F27/><W100/><G106/><T63/><D124/><U113/><E113/><V103/><F73/><W52/><G4/><T15/><D5/><U0/><E68/><V28/><F28/><W35/><G35/><T34/><D34/><U53/><E0/><V47/><F2/><W123/><G52/><N who="1" m="20074" /><E10/><V42/><F8/><W102/><G102/><T50/><D74/><U16/><E67/><V115/><F103/><W46/><G46/><T49/><D101/><U105/><E105/><V92/><F115/><W89/><G3/><T14/><D107/><U80/><E22/><V7/><F70/><W78/><REACH who="3" step="1"/><G123/><REACH who="3" ten="250,250,250,240" step="2"/><T117/><D117/><U75/><E75/><V97/><F7/><W121/><G121/><T64/><D19/><U98/><E44/><V29/><F47/><W65/><G65/><T43/><D64/><U21/><E16/><V109/><F17/><W33/><G33/><T69/><D69/><U45/><E45/><V26/><F120/><W6/><G6/><T57/><D43/><U31/><E55/><V119/><F40/><W111/><G111/><T9/><D57/><U134/><E58/><V95/><F42/><W61/><G61/><N who="0" m="23627" /><D9/><AGARI ba="0,1" hai="9,12,18,76,77,78,88,89,90,99,100,104,128,130" machi="9" ten="40,8000,1" yaku="1,1,52,3,54,1,53,0" doraHai="72" doraHaiUra="112" who="3" fromWho="0" sc="250,-80,250,0,250,0,240,90" /><INIT seed="1,0,0,1,3,25" ten="170,250,250,330" oya="1" hai0="71,88,103,62,70,131,32,28,126,15,75,90,119" hai1="60,133,121,27,51,92,30,6,89,31,83,41,8" hai2="52,81,106,115,82,107,109,55,9,124,77,74,3" hai3="125,11,22,24,48,13,64,105,134,58,12,54,102"/><U29/><E121/><V1/><F124/><W66/><G125/><T42/><D126/><U110/><E133/><V72/><F109/><W34/><G34/><T120/><D119/><U4/><E110/><V132/><F9/><W26/><G134/><T78/><D120/><U47/><E60/><V127/><F132/><W20/><G102/><T68/><D131/><U23/><E83/><V37/><F127/><W123/><G105/><T57/><D42/><U63/><E63/><V129/><F129/><W17/><G123/><T16/><D103/><U19/><E8/><V130/><F130/><W135/><G135/><T67/><D78/><U104/><E104/><V53/><F37/><W7/><REACH who="3" step="1"/><G13/><REACH who="3" ten="170,250,250,320" step="2"/><T95/><D75/><U65/><E65/><V35/><F35/><W87/><G87/><AGARI ba="0,1" hai="4,6,19,23,27,29,30,31,41,47,51,87,89,92" machi="87" ten="40,12000,1" yaku="8,1,52,3" doraHai="25" who="1" fromWho="3" sc="170,0,250,130,250,0,320,-120" /><INIT seed="1,1,0,0,3,69" ten="170,380,250,200" oya="1" hai0="87,112,124,84,61,37,104,10,126,45,89,68,83" hai1="8,102,64,29,6,56,103,130,33,79,13,123,113" hai2="57,72,122,7,115,120,88,23,98,0,127,70,107" hai3="95,86,11,55,106,18,12,81,118,34,25,4,133"/><U58/><E123/><V135/><F70/><W22/><G106/><T71/><D112/><U43/><E113/><V20/><F72/><W76/><G133/><T132/><D132/><U85/><E130/><V111/><F135/><W35/><G118/><T105/><D10/><U24/><E43/><V128/><F115/><W92/><G35/><T39/><D45/><U5/><E5/><V82/><F128/><W50/><REACH who="3" step="1"/><G34/><REACH who="3" ten="170,380,250,190" step="2"/><T59/><D105/><U30/><E33/><V119/><F107/><W14/><G14/><T73/><D104/><U100/><E13/><V26/><F119/><W63/><G63/><T42/><D71/><U94/><E24/><V62/><F62/><W21/><G21/><T40/><D68/><U75/><E8/><V116/><F23/><W49/><G49/><T3/><D3/><U38/><E30/><V77/><F20/><W131/><G131/><T32/><D32/><U108/><E29/><V93/><F0/><W90/><G90/><T28/><D28/><U67/><E103/><V97/><F116/><W65/><G65/><T121/><D121/><U19/><E67/><V16/><F120/><W52/><G52/><N who="0" m="34023" /><D73/><U41/><E64/><V80/><F122/><W1/><G1/><T15/><D15/><U109/><E75/><V60/><F26/><W2/><G2/><T54/><D54/><U66/><E102/><V47/><F60/><W99/><G99/><T51/><D51/><U129/><E100/><V110/><F98/><W125/><G125/><N who="0" m="48235" /><D87/><U27/><E85/><V134/><F127/><W46/><AGARI ba="1,1" hai="4,11,12,18,22,25,46,50,55,76,81,86,92,95" machi="46" ten="20,8000,1" yaku="1,1,0,1,7,1,8,1,53,1" doraHai="69" doraHaiUra="44" who="3" fromWho="3" sc="170,-21,380,-41,250,-21,190,93" /><INIT seed="2,0,0,3,5,46" ten="149,339,229,283" oya="2" hai0="56,111,7,1,133,132,53,88,84,37,48,61,12" hai1="22,21,94,6,109,67,18,45,70,39,131,63,54" hai2="68,85,11,50,120,43,25,13,65,72,74,8,35" hai3="33,103,114,10,122,62,129,81,93,107,123,115,51"/><V29/><F120/><W59/><G33/><T99/><D1/><U101/><E131/><V95/><F65/><W127/><G107/><T38/><D99/><U100/><E109/><V4/><F68/><W23/><G10/><T2/><D2/><U31/><E6/><V34/><F34/><W80/><G129/><T14/><D111/><U96/><E31/><V36/><F36/><N who="0" m="13930" /><D61/><U41/><E101/><V47/><REACH who="2" step="1"/><F11/><REACH who="2" ten="149,339,219,283" step="2"/><W75/><G122/><T83/><D7/><U27/><E22/><V58/><F58/><W78/><G23/><T32/><D32/><U64/><E70/><V30/><F30/><W79/><G123/><T90/><D90/><AGARI ba="0,1" hai="4,8,13,25,29,35,43,47,50,72,74,85,90,95" machi="90" ten="40,7700,0" yaku="1,1,52,1,53,1" doraHai="46" doraHaiUra="0" who="2" fromWho="0" sc="149,-77,339,0,219,87,283,0" /><INIT seed="2,1,0,0,0,50" ten="72,339,306,283" oya="2" hai0="115,95,90,82,107,61,124,103,29,76,26,15,10" hai1="8,47,131,64,38,54,117,114,7,53,118,55,108" hai2="106,43,93,110,129,60,3,105,100,121,80,98,120" hai3="68,1,48,130,125,89,92,70,88,75,69,5,51"/><V42/><F3/><W16/><G75/><T9/><D115/><U37/><E114/><V127/><F42/><W44/><G51/><T99/><D124/><U30/><E131/><V34/><F43/><W45/><G125/><T22/><D15/><U122/><E108/><V31/><F34/><W81/><G5/><T4/><D4/><U6/><E122/><V66/><F31/><W41/><G44/><T123/><D123/><N who="2" m="47178" /><F60/><W84/><G1/><T57/><D107/><N who="2" m="40970" /><F66/><W72/><G72/><T134/><D134/><U39/><E47/><V101/><F127/><W73/><G73/><T133/><D133/><U20/><E64/><V28/><F28/><W65/><G130/><T77/><D90/><U109/><E109/><V14/><F14/><W86/><REACH who="3" step="1"/><G16/><REACH who="3" ten="72,339,306,273" step="2"/><T87/><REACH who="0" step="1"/><D76/><REACH who="0" ten="62,339,306,273" step="2"/><U56/><E6/><V32/><F129/><W94/><G94/><T17/><D17/><U63/><E30/><V71/><F93/><W36/><G36/><T97/><D97/><U96/><E96/><V83/><F98/><W27/><G27/><T23/><D23/><U59/><E20/><V78/><F110/><W102/><G102/><T126/><D126/><U132/><E132/><V18/><F100/><W113/><G113/><T135/><D135/><U40/><E37/><V79/><F101/><W24/><G24/><T52/><AGARI ba="1,2" hai="9,10,22,26,29,52,57,61,77,82,87,95,99,103" machi="52" ten="20,12000,2" yaku="1,1,0,1,7,1,8,1,52,1,54,1,53,0" doraHai="50" doraHaiUra="46" who="0" fromWho="0" sc="62,143,339,-31,306,-61,273,-31" /><INIT seed="3,0,0,1,5,131" ten="205,308,245,242" oya="3" hai0="4,9,53,91,67,86,35,87,64,98,20,85,66" hai1="62,110,11,82,26,127,19,81,57,72,8,39,37" hai2="73,117,135,60,125,63,58,42,97,114,15,36,80" hai3="48,49,54,116,78,25,83,76,0,107,46,119,104"/><W121/><G121/><T88/><D35/><U55/><E127/><V45/><F125/><W16/><G0/><T51/><D20/><N who="1" m="13599" /><E72/><V12/><F117/><W77/><G83/><N who="1" m="31754" /><E39/><V6/><F114/><W29/><G49/><T101/><D101/><U109/><E37/><V132/><F97/><W43/><G43/><T79/><D79/><U47/><E47/><V115/><F115/><W23/><REACH who="3" step="1"/><G29/><REACH who="3" ten="205,308,245,232" step="2"/><T123/><D123/><U96/><E110/><V68/><F42/><W34/><G34/><T130/><D130/><U56/><E109/><V10/><F36/><W44/><G44/><T102/><D51/><N who="1" m="30847" /><E96/><V13/><F45/><W120/><G120/><T112/><D112/><U27/><E27/><V5/><F13/><W122/><G122/><T113/><D113/><U106/><E106/><AGARI ba="0,1" hai="16,23,25,46,48,54,76,77,78,104,106,107,116,119" machi="106" ten="40,3900,0" yaku="1,1,54,1,53,0" doraHai="131" doraHaiUra="71" who="3" fromWho="1" sc="205,0,308,-39,245,0,232,49" /><INIT seed="3,1,0,5,0,135" ten="205,269,245,281" oya="3" hai0="45,112,11,69,71,105,90,134,35,133,29,60,41" hai1="129,7,25,107,23,66,109,83,18,0,98,21,93" hai2="48,95,65,31,111,81,108,78,70,8,75,88,58" hai3="2,80,36,59,14,40,26,119,51,113,3,86,19"/><W91/><G119/><T106/><D11/><U30/><E107/><N who="0" m="40969" /><D60/><U103/><E129/><V121/><F121/><W22/><G36/><N who="0" m="21671" /><D90/><U84/><E109/><N who="2" m="42059" /><F31/><W101/><G101/><T42/><D42/><U28/><E66/><V82/><F8/><W131/><G131/><T6/><D6/><U50/><E0/><V38/><F38/><W76/><G113/><T53/><D53/><U126/><E7/><V77/><F70/><N who="0" m="26634" /><D112/><U24/><E50/><V17/><F65/><W114/><G114/><T94/><D94/><U56/><E56/><V127/><F58/><W99/><G3/><T34/><D29/><U37/><E37/><V128/><F48/><W39/><G39/><T12/><D12/><U5/><E5/><V52/><F52/><N who="3" m="32159" /><G2/><T13/><D13/><U1/><E1/><V87/><F128/><W92/><G40/><T73/><D73/><U122/><E18/><V49/><F49/><W46/><G46/><T110/><D110/><U15/><E15/><AGARI ba="1,0" hai="14,15,19,22,26,76,80,86,91,92,99" m="32159" machi="15" ten="30,2900,0" yaku="8,1,54,1" doraHai="135" who="3" fromWho="1" sc="205,0,269,-32,245,0,281,32" /><INIT seed="3,2,0,4,4,51" ten="205,237,245,313" oya="3" hai0="34,94,20,23,33,95,27,24,8,80,117,103,96" hai1="46,60,109,78,1,73,26,79,87,101,100,10,120" hai2="38,5,89,55,85,118,7,12,105,43,22,119,84" hai3="0,77,13,14,52,11,121,42,31,123,75,45,63"/><W49/><G31/><T97/><D117/><U83/><E120/><V76/><F105/><W56/><G0/><T50/><D50/><U47/><E109/><V9/><F43/><W128/><G128/><T40/><D40/><U108/><E108/><V93/><F38/><W82/><REACH who="3" step="1"/><G14/><REACH who="3" ten="205,237,245,303" step="2"/><T91/><D8/><U36/><E10/><V135/><F9/><W44/><G44/><T15/><D15/><U134/><E1/><V65/><F12/><W116/><G116/><T110/><D110/><U54/><E46/><V88/><F119/><W122/><G122/><T37/><D37/><U102/><E47/><V127/><F118/><W104/><G104/><T72/><D72/><U6/><E73/><V57/><F127/><W62/><G62/><T99/><D34/><U25/><E60/><V90/><F22/><W32/><G32/><T41/><D33/><U59/><E26/><V133/><F135/><W111/><G111/><T64/><D27/><U35/><E25/><V115/><F133/><W71/><G71/><T81/><D24/><U86/><E134/><V2/><F2/><W16/><AGARI ba="2,1" hai="11,13,16,42,45,49,52,56,63,75,77,82,121,123" machi="16" ten="20,18000,2" yaku="1,1,0,1,7,1,52,1,54,2,53,0" doraHai="51" doraHaiUra="66" who="3" fromWho="3" sc="205,-62,237,-62,245,-62,303,196" /><INIT seed="3,3,0,2,4,134" ten="143,175,183,499" oya="3" hai0="34,25,130,121,33,35,24,22,26,100,71,70,42" hai1="6,29,99,54,91,83,117,92,44,105,73,0,109" hai2="102,107,61,94,3,46,133,126,93,95,59,116,124" hai3="108,15,41,57,88,68,110,63,28,48,81,65,98"/><W27/><G15/><T85/><D121/><U58/><E117/><V43/><F133/><W23/><G41/><T56/><D130/><U120/><E120/><V96/><F3/><W125/><G125/><N who="2" m="48233" /><F116/><W89/><G98/><T14/><D42/><U37/><E109/><N who="3" m="42090" /><G81/><T36/><D36/><U101/><E37/><N who="2" m="21871" /><F107/><W131/><G131/><T7/><D100/><U82/><E105/><V5/><F5/><W72/><G72/><T49/><D85/><U40/><E6/><V16/><F16/><W51/><G51/><T103/><D103/><U45/><E0/><V55/><AGARI ba="3,0" hai="55,59,61,93,94,95,96,102" m="21871,48233" machi="55" ten="30,7900,0" yaku="18,1,52,3" doraHai="134" who="2" fromWho="2" sc="143,-23,175,-23,183,88,499,-42" /><INIT seed="4,0,0,0,3,114" ten="120,152,271,457" oya="0" hai0="7,77,6,52,38,131,37,55,103,19,83,67,32" hai1="107,40,13,45,100,93,44,115,59,90,104,51,46" hai2="14,105,66,21,126,85,133,24,64,12,57,22,84" hai3="119,128,31,132,87,4,1,34,42,49,76,15,69"/><T74/><D131/><U47/><E115/><V62/><F105/><W10/><G69/><T29/><D103/><U58/><E100/><V75/><F75/><W134/><G128/><T102/><D102/><U61/><E13/><V78/><F133/><N who="3" m="51307" /><G1/><T88/><D67/><U91/><E91/><V121/><F57/><W120/><G31/><T112/><D112/><U43/><E43/><V96/><F84/><W9/><G34/><T86/><D38/><U11/><E11/><V92/><F12/><W135/><G10/><T18/><D37/><U79/><E79/><V48/><F92/><W123/><G119/><T73/><D29/><U117/><E117/><V41/><F41/><W36/><G36/><T0/><D32/><U89/><E89/><V30/><F30/><W56/><G56/><T130/><D130/><U98/><REACH who="1" step="1"/><E58/><REACH who="1" ten="120,142,271,457" step="2"/><V94/><F78/><W65/><G135/><T70/><D70/><U50/><E50/><V71/><F48/><W95/><G49/><T110/><D0/><U109/><E109/><V17/><F71/><W118/><G42/><T54/><D110/><U82/><E82/><V28/><F14/><W23/><G118/><T53/><D52/><AGARI ba="0,1" hai="40,44,45,46,47,51,52,59,61,90,93,98,104,107" machi="52" ten="40,2600,0" yaku="1,1,54,1,53,0" doraHai="114" doraHaiUra="35" who="1" fromWho="0" sc="120,-26,142,36,271,0,457,0" /><INIT seed="5,0,0,4,3,80" ten="94,178,271,457" oya="1" hai0="55,43,72,130,25,62,15,95,0,100,111,51,84" hai1="16,108,75,79,132,109,58,94,21,85,50,121,59" hai2="116,113,119,122,12,10,60,128,48,69,42,17,86" hai3="57,83,118,101,35,127,134,54,28,30,26,120,33"/><U114/><E121/><V49/><F122/><W133/><G120/><T66/><D111/><N who="1" m="42571" /><E114/><V14/><F113/><W93/><G127/><T11/><D0/><U31/><E132/><N who="3" m="50794" /><G118/><T4/><D72/><U52/><E75/><V36/><F116/><W53/><G83/><T124/><D130/><U117/><E117/><V2/><F119/><W107/><G107/><T96/><D124/><U8/><E8/><V88/><F2/><W40/><G40/><T38/><D25/><N who="1" m="14503" /><E31/><V78/><F10/><W73/><G73/><T99/><D38/><U45/><E79/><V68/><F78/><W56/><G30/><T106/><D43/><U103/><E103/><V77/><F42/><W23/><G101/><T89/><D99/><U13/><E13/><V6/><F14/><W97/><G97/><T61/><REACH who="0" step="1"/><D66/><REACH who="0" ten="84,178,271,457" step="2"/><U110/><E110/><V22/><F36/><W135/><G135/><T74/><D74/><U67/><E67/><V91/><F128/><W32/><G54/><T131/><D131/><U47/><E47/><AGARI ba="0,1" hai="4,11,15,47,51,55,61,62,84,89,95,96,100,106" machi="47" ten="30,7700,0" yaku="1,1,7,1,52,1,53,1" doraHai="80" doraHaiUra="3" who="0" fromWho="1" sc="84,87,178,-77,271,0,457,0" /><INIT seed="6,0,0,0,2,31" ten="171,101,271,457" oya="2" hai0="63,1,22,71,15,78,134,10,62,120,45,98,29" hai1="23,42,28,13,73,59,53,103,93,100,24,89,130" hai2="61,132,56,69,60,121,11,97,17,76,20,2,54" hai3="32,34,19,27,52,106,12,14,116,67,58,3,40"/><V36/><F36/><W9/><G106/><T41/><D120/><U113/><E130/><V26/><F121/><W25/><G40/><T96/><D1/><U115/><E73/><V95/><F132/><W48/><G67/><T50/><D71/><U83/><E42/><V128/><F128/><W77/><G77/><T114/><D114/><U30/><E30/><V88/><F76/><W84/><G116/><T94/><D134/><U105/><E83/><V55/><F69/><W51/><G3/><T118/><D118/><U101/><E105/><V92/><F95/><W6/><G84/><T86/><D22/><U110/><E110/><V108/><F108/><W35/><REACH who="3" step="1"/><G48/><REACH who="3" ten="171,101,271,447" step="2"/><T18/><D78/><U102/><N who="1" m="26112" /><DORA hai="75" /><U43/><E43/><V72/><F72/><W90/><G90/><T111/><D111/><U107/><E107/><V117/><F117/><W125/><G125/><T37/><D37/><U85/><REACH who="1" step="1"/><E13/><REACH who="1" ten="171,91,271,447" step="2"/><V44/><F2/><W21/><AGARI ba="0,2" hai="6,9,12,14,19,21,25,27,32,34,35,51,52,58" machi="21" ten="30,12000,2" yaku="1,1,0,1,52,3,54,1,53,1" doraHai="31,75" doraHaiUra="68,47" who="3" fromWho="3" sc="171,-30,91,-30,271,-60,447,140" /><INIT seed="7,0,0,3,4,44" ten="141,61,211,587" oya="3" hai0="18,109,89,16,97,14,115,114,62,61,76,83,94" hai1="27,53,71,38,22,36,124,121,9,132,131,60,13" hai2="134,32,59,77,11,84,119,56,41,57,26,105,101" hai3="85,103,33,39,37,75,120,52,10,31,15,67,133"/><W73/><G120/><T21/><D109/><U118/><E121/><V100/><F119/><W24/><G67/><T29/><D29/><U74/><E74/><V30/><F105/><W46/><G103/><T78/><D18/><U116/><E124/><V49/><F134/><W98/><G98/><T81/><D62/><U72/><E132/><V130/><F130/><W96/><G96/><T79/><REACH who="0" step="1"/><D61/><REACH who="0" ten="131,61,211,587" step="2"/><U43/><E131/><V87/><F30/><W108/><G133/><T80/><AGARI ba="0,1" hai="14,16,21,76,78,79,80,81,83,89,94,97,114,115" machi="80" ten="40,8000,1" yaku="1,1,2,1,0,1,54,1,53,1" doraHai="44" doraHaiUra="19" who="0" fromWho="0" sc="131,90,61,-20,211,-20,587,-40" owari="221,2.0,41,-46.0,191,-21.0,547,65.0" /></mjloggm>