<mjloggm ver="2.3"><GO type="169"/><UN n0="%EF%BC%88%E2%89%A7%E2%96%BD%E2%89%A6%EF%BC%89" n1="%E3%82%A4%E3%83%AC%E3%82%AE%E3%83%A5%E3%83%A9%E3%83%BC" n2="%EF%BC%A0%E3%82%8A%E3%82%87" n3="%E8%99%8E%E5%85%90%E6%9C%97" dan="18,16,16,18" rate="2245,2058,2027,2168" sx="M,M,M,M"/><TAIKYOKU oya="0"/><INIT seed="0,0,0,5,4,85" ten="250,250,250,250" oya="0" hai0="16,78,105,4,26,84,120,50,106,40,43,68,5" hai1="32,19,29,77,34,38,33,125,99,109,54,30,70" hai2="7,35,64,116,128,82,65,132,36,133,72,92,63" hai3="111,74,79,90,61,13,15,37,121,103,42,24,130"/><T112/><D68/><U17/><E38/><V88/><F116/><W58/><G103/><T127/><D112/><U57/><E70/><V60/><F35/><W87/><G111/><T110/><D120/><U44/><E109/><V76/><F36/><W119/><G119/><T100/><D110/><U107/><E44/><V102/><F102/><W20/><G79/><T123/><D123/><U25/><E77/><V108/><F7/><N who="0" m="2634" /><D106/><U59/><E125/><V51/><F51/><W22/><G74/><T131/><D105/><U118/><E118/><V62/><F108/><W8/><G130/><T69/><D69/><U80/><E80/><V48/><F48/><W9/><G121/><T86/><D127/><U89/><E107/><V114/><F114/><W28/><G42/><N who="0" m="15915" /><D131/><U126/><E126/><V23/><F23/><N who="3" m="15391" /><G37/><T2/><D2/><U12/><E32/><V94/><F94/><N who="3" m="54623" /><G22/><N who="0" m="13639" /><D100/><U122/><E33/><V53/><F128/><W52/><G20/><T6/><D78/><U66/><E34/><V96/><REACH who="2" step="1"/><F53/><REACH who="2" ten="250,250,240,250" step="2"/><W0/><G0/><T46/><D6/><U55/><E54/><AGARI ba="0,1" hai="46,50,54,84,86" m="13639,15915,2634" machi="54" ten="30,2900,0" yaku="8,1,54,1" doraHai="85" who="0" fromWho="1" sc="250,39,250,-29,240,0,250,0" /><INIT seed="0,1,0,2,1,33" ten="289,221,240,250" oya="0" hai0="50,109,56,83,23,90,26,36,60,37,54,31,8" hai1="106,133,134,112,108,5,29,89,19,32,61,117,27" hai2="107,71,24,48,10,92,80,104,93,119,128,94,25" hai3="3,103,96,44,13,76,18,82,14,81,87,124,1"/><T30/><D109/><U41/><E117/><V65/><F119/><W85/><G44/><T101/><D101/><U115/><E106/><V59/><F128/><W111/><G111/><T127/><D127/><U55/><E41/><V100/><F10/><W63/><G63/><T58/><D31/><U132/><E89/><V0/><F80/><W84/><G124/><T125/><D125/><U39/><E39/><V116/><F116/><W67/><G67/><T131/><D131/><U79/><E79/><V46/><F0/><W74/><G82/><T91/><D8/><U130/><E108/><V22/><F25/><W73/><G73/><T72/><D72/><U86/><E86/><V68/><F68/><W78/><G78/><T45/><D58/><N who="1" m="35039" /><E130/><V66/><F71/><W95/><REACH who="3" step="1"/><G14/><REACH who="3" ten="289,221,240,240" step="2"/><T113/><D83/><U35/><E132/><V34/><F66/><W110/><G110/><T42/><D37/><U9/><E134/><V28/><F65/><W121/><G121/><T2/><D36/><U43/><E133/><V99/><F46/><W4/><G4/><T122/><D122/><U114/><E43/><V51/><F59/><W70/><G70/><T40/><D40/><U47/><E47/><V102/><F34/><W126/><G126/><T98/><D42/><U7/><E35/><V120/><F120/><W12/><G12/><AGARI ba="1,1" hai="5,7,9,12,19,27,29,32,112,114,115" m="35039" machi="12" ten="30,1000,0" yaku="11,1" doraHai="33" who="1" fromWho="3" sc="289,0,221,23,240,0,240,-13" /><INIT seed="1,0,0,2,2,97" ten="289,244,240,227" oya="1" hai0="107,124,111,33,78,57,53,15,86,112,62,41,76" hai1="87,135,10,122,61,46,132,37,47,73,99,0,134" hai2="19,116,63,25,11,12,65,74,89,14,30,16,44" hai3="90,104,101,102,2,95,103,84,69,18,83,109,115"/><U40/><E122/><V24/><F116/><W121/><G2/><T127/><D112/><U51/><E73/><V98/><F74/><W131/><G69/><T100/><D33/><U93/><E87/><V130/><F130/><W29/><G29/><T94/><D111/><U133/><E61/><V58/><F44/><W1/><G1/><T92/><D41/><U105/><E105/><V66/><F66/><W7/><G7/><T60/><D15/><U54/><E132/><V3/><F3/><W4/><G4/><T85/><D107/><U120/><E120/><V5/><F5/><W38/><G38/><T20/><D20/><U126/><E126/><V128/><F128/><W6/><G6/><T48/><D48/><U77/><E77/><V59/><F59/><W79/><G121/><T113/><D57/><U117/><E117/><V88/><F98/><N who="3" m="61559" /><G18/><T68/><D68/><U43/><E0/><V31/><F24/><W70/><G70/><T50/><D113/><U52/><REACH who="1" step="1"/><E10/><REACH who="1" ten="289,234,240,227" step="2"/><V9/><REACH who="2" step="1"/><F31/><REACH who="2" ten="289,234,230,227" step="2"/><W81/><G131/><T106/><D127/><U125/><E125/><V75/><F75/><N who="3" m="43263" /><G115/><T22/><D124/><U39/><E39/><V96/><F96/><N who="3" m="57463" /><G109/><T55/><D50/><U23/><E23/><AGARI ba="0,2" hai="9,11,12,14,16,19,23,25,30,58,63,65,88,89" machi="23" ten="30,12000,2" yaku="1,1,7,1,9,1,8,1,54,2,53,0" doraHai="97" doraHaiUra="42" who="2" fromWho="1" sc="289,0,234,-120,230,140,227,0" /><INIT seed="2,0,0,4,2,43" ten="289,114,370,227" oya="2" hai0="105,86,125,39,6,130,79,69,89,85,51,18,97" hai1="73,54,119,81,77,96,82,90,60,74,117,40,11" hai2="65,92,98,45,104,12,113,72,110,35,48,36,0" hai3="71,42,7,23,68,135,66,26,30,127,28,78,41"/><V56/><F72/><W126/><G7/><T115/><D39/><U80/><E40/><V47/><F113/><W17/><G78/><T100/><D69/><U63/><E11/><V10/><F35/><W99/><G135/><T13/><D115/><U19/><E19/><V1/><F104/><W116/><G116/><T131/><D125/><N who="3" m="47625" /><G99/><T20/><D6/><U108/><E54/><N who="2" m="31815" /><F1/><W33/><G30/><T121/><D121/><U55/><E55/><V75/><F75/><N who="1" m="28681" /><E63/><V15/><F36/><W46/><G66/><T103/><D103/><U9/><E60/><V133/><F110/><W120/><G120/><T102/><D102/><U88/><E9/><V112/><F133/><W122/><G122/><T14/><D100/><U101/><E77/><V94/><F112/><W58/><G58/><T123/><D79/><U22/><E22/><V107/><F65/><W52/><G71/><T37/><D123/><U61/><E61/><V21/><F0/><W95/><G68/><T34/><D20/><U64/><E64/><V134/><F134/><W106/><G106/><T67/><D105/><N who="1" m="63655" /><E108/><V3/><F107/><W132/><G132/><T93/><D34/><U32/><E32/><V50/><F3/><W38/><G42/><T83/><D67/><U76/><E76/><V129/><F50/><N who="3" m="28759" /><G38/><T57/><D37/><U87/><E90/><V128/><F10/><W24/><G41/><T84/><D51/><U2/><E2/><V62/><F62/><W29/><G29/><T8/><D57/><U59/><E59/><V27/><F21/><N who="3" m="13359" /><G33/><T31/><D31/><U16/><E119/><RYUUKYOKU ba="0,0" sc="289,-10,114,-10,370,-10,227,30" hai3="23,26,28,95" /><INIT seed="3,1,0,0,2,76" ten="279,104,360,257" oya="3" hai0="132,96,62,44,90,45,2,58,101,102,43,0,124" hai1="134,18,78,111,103,69,48,118,22,3,65,105,83" hai2="94,88,31,106,79,97,12,133,107,114,16,13,93" hai3="81,32,100,52,122,127,8,92,51,46,53,123,28"/><W109/><G127/><T64/><D124/><U61/><E3/><V33/><F114/><W50/><G8/><T4/><D132/><U117/><E134/><V89/><F12/><W47/><G109/><T1/><D4/><U72/><E111/><V116/><F133/><W20/><G32/><T120/><D120/><U113/><E113/><V6/><F6/><W74/><G100/><T19/><D19/><U95/><E105/><V63/><F116/><W37/><G37/><T30/><D30/><U29/><E29/><V41/><F41/><W91/><G20/><T38/><REACH who="0" step="1"/><D45/><REACH who="0" ten="269,104,360,257" step="2"/><U55/><E18/><V75/><F16/><W57/><G28/><T21/><D21/><U27/><E22/><V85/><F31/><W119/><G119/><T35/><D35/><U126/><E126/><V115/><F33/><W49/><G123/><T56/><D56/><U9/><E9/><V110/><F115/><W99/><G122/><T98/><D98/><U24/><E117/><V66/><F110/><W39/><G47/><T25/><D25/><U36/><E118/><V86/><F97/><W121/><G121/><T15/><D15/><U7/><E7/><V5/><F13/><W11/><G11/><T59/><D59/><N who="1" m="33255" /><E27/><V68/><F5/><W60/><G46/><T104/><D104/><U125/><E24/><V71/><F71/><W10/><G10/><T130/><D130/><U82/><E125/><V54/><F107/><W26/><G26/><T73/><D73/><U67/><E72/><V42/><F106/><W34/><G74/><T129/><D129/><U17/><E69/><RYUUKYOKU ba="1,1" sc="269,30,104,-10,360,-10,257,-10" hai0="0,1,2,38,43,44,58,62,64,90,96,101,102" /><INIT seed="4,2,1,4,1,66" ten="299,94,350,247" oya="0" hai0="133,45,56,26,84,111,70,53,31,24,22,116,57" hai1="102,5,44,68,37,119,12,14,76,107,126,132,39" hai2="21,33,95,59,105,94,78,81,134,27,61,13,41" hai3="98,11,85,88,135,101,2,62,114,7,17,64,71"/><T34/><D116/><U3/><E119/><V55/><F105/><W67/><G114/><T124/><D124/><U82/><E126/><V92/><F134/><W60/><G17/><T109/><D133/><U28/><E132/><V69/><F33/><W118/><G135/><T77/><D45/><U36/><E28/><V128/><F128/><W32/><G32/><T48/><D56/><U40/><E14/><V16/><F41/><W15/><G118/><T96/><D96/><N who="1" m="61895" /><E12/><V50/><F27/><W91/><G15/><T29/><D70/><U51/><E51/><V72/><REACH who="2" step="1"/><F95/><REACH who="2" ten="299,94,340,247" step="2"/><W74/><G74/><T79/><REACH who="0" step="1"/><D84/><REACH who="0" ten="289,94,340,247" step="2"/><U123/><E123/><V121/><F121/><W87/><G85/><T83/><D83/><U75/><E68/><V80/><F80/><W112/><G87/><T47/><D47/><U23/><E82/><V54/><F54/><W100/><G71/><T131/><D131/><U35/><E75/><V90/><F90/><W1/><G91/><T18/><D18/><U46/><E40/><V52/><F52/><W0/><G88/><T103/><D103/><U108/><E37/><V65/><AGARI ba="2,3" hai="13,16,21,50,55,59,61,65,69,72,78,81,92,94" machi="65" ten="30,7900,0" yaku="1,1,0,1,52,1,54,1,53,0" doraHai="66" doraHaiUra="43" who="2" fromWho="2" sc="289,-41,94,-22,340,115,247,-22" /><INIT seed="5,0,0,1,4,62" ten="248,72,455,225" oya="1" hai0="93,69,17,80,56,81,117,10,71,133,9,29,82" hai1="44,115,89,126,106,98,119,42,25,104,73,13,101" hai2="110,86,134,87,2,16,21,57,38,135,127,49,37" hai3="34,46,35,123,47,79,30,20,33,102,129,31,61"/><U91/><E119/><V14/><F110/><W120/><G102/><T74/><D74/><U103/><E115/><V78/><F2/><W55/><G79/><T65/><D117/><U109/><E73/><V6/><F6/><W27/><G129/><T105/><D105/><U18/><E109/><V130/><F130/><W128/><G128/><T41/><D133/><N who="2" m="50698" /><F127/><W90/><G90/><T96/><D41/><U26/><E126/><V19/><F19/><W77/><G77/><T95/><D29/><U48/><E26/><V99/><F99/><W112/><G112/><T22/><D71/><U58/><E25/><V100/><F100/><W67/><G31/><T97/><D69/><U32/><E32/><V70/><F70/><W94/><G94/><N who="0" m="35851" /><D97/><U124/><E124/><V40/><F78/><W66/><G123/><T5/><D5/><U83/><E83/><V116/><F116/><W88/><G120/><T1/><D1/><U92/><E92/><V76/><F76/><W107/><G107/><T75/><D75/><U53/><E103/><V60/><F87/><W84/><G84/><T7/><D7/><U51/><REACH who="1" step="1"/><E106/><REACH who="1" ten="248,62,455,225" step="2"/><V28/><F28/><N who="3" m="17511" /><G33/><T121/><D121/><U11/><AGARI ba="0,1" hai="11,13,18,42,44,48,51,53,58,89,91,98,101,104" machi="11" ten="20,3900,0" yaku="1,1,0,1,7,1,53,0" doraHai="62" doraHaiUra="132" who="1" fromWho="1" sc="248,-13,62,49,455,-13,225,-13" /><INIT seed="5,1,0,2,1,107" ten="235,111,442,212" oya="1" hai0="14,106,7,50,131,38,128,62,63,119,122,57,134" hai1="52,91,47,120,0,77,72,124,98,32,86,31,33" hai2="69,66,37,84,96,89,88,56,18,39,74,51,58" hai3="59,133,49,46,78,108,135,15,100,117,64,114,27"/><U8/><E120/><V99/><F74/><W115/><G100/><T81/><D38/><U110/><E124/><V22/><F69/><W45/><G78/><T73/><D106/><U60/><E110/><V85/><F39/><W28/><G108/><T53/><D119/><U55/><E98/><N who="2" m="37419" /><F37/><W70/><G15/><T26/><D26/><U10/><E77/><V79/><F79/><W112/><G117/><T93/><D93/><U44/><E31/><V12/><F51/><W42/><G70/><T4/><D134/><N who="3" m="51209" /><G46/><T40/><D122/><U103/><E103/><V65/><F65/><W105/><G105/><T34/><D34/><U95/><E72/><V61/><F58/><W125/><G125/><T129/><D40/><U109/><E109/><V54/><F66/><W75/><G75/><T76/><D14/><U41/><E60/><AGARI ba="1,0" hai="4,7,50,53,57,60,62,63,73,76,81,128,129,131" machi="60" ten="40,2600,0" yaku="19,1,52,1" doraHai="107" who="0" fromWho="1" sc="235,29,111,-29,442,0,212,0" /><INIT seed="6,0,0,5,4,43" ten="264,82,442,212" oya="2" hai0="48,15,1,132,3,29,33,7,57,130,22,21,124" hai1="133,18,128,118,12,93,37,120,95,68,112,73,86" hai2="116,123,76,82,56,115,50,39,2,122,60,5,28" hai3="8,109,16,84,92,24,110,49,35,14,117,131,66"/><V104/><F104/><W102/><G117/><T23/><D57/><U97/><E68/><V114/><F116/><W6/><G66/><T64/><D64/><U52/><E118/><V67/><F28/><W79/><G131/><T81/><D81/><U96/><E128/><V58/><F5/><W62/><G62/><T71/><D48/><U36/><E73/><V54/><F2/><W55/><G79/><T32/><D71/><U9/><E112/><V85/><F85/><W63/><G63/><T103/><D103/><U31/><E133/><V70/><F82/><W126/><G126/><T101/><D101/><U30/><E86/><V127/><F39/><W119/><G119/><T88/><D88/><U105/><E105/><V44/><F76/><W129/><G129/><T94/><D94/><U13/><E9/><V91/><F91/><W20/><G35/><N who="0" m="13387" /><D124/><U75/><E75/><V111/><F127/><W17/><G109/><T90/><D90/><U38/><E38/><V106/><F111/><W25/><G110/><T10/><D132/><U107/><E107/><V69/><F106/><W72/><G72/><T125/><D125/><U19/><REACH who="1" step="1"/><E120/><REACH who="1" ten="264,72,442,212" step="2"/><N who="2" m="46123" /><F70/><W34/><G84/><T47/><D130/><U51/><E51/><V134/><F134/><W53/><G49/><T135/><D135/><U74/><E74/><V0/><F0/><W83/><G8/><T113/><D1/><U27/><E27/><V108/><F108/><W59/><G25/><N who="0" m="16575" /><D3/><U40/><E40/><V26/><F26/><W80/><G24/><T87/><D87/><U89/><E89/><V46/><F69/><RYUUKYOKU ba="0,1" sc="264,-15,72,15,442,15,212,-15" hai1="12,13,18,19,30,31,36,37,52,93,95,96,97" hai2="44,46,50,54,56,58,60,67,114,115" /><INIT seed="6,1,1,5,1,95" ten="249,87,457,197" oya="2" hai0="35,72,108,48,77,13,69,53,89,52,128,134,124" hai1="105,11,113,115,102,79,1,93,88,4,3,83,2" hai2="45,68,32,44,12,131,118,74,64,129,78,7,117" hai3="24,114,34,96,20,125,90,91,73,135,65,43,132"/><V46/><F32/><W123/><G123/><T92/><D35/><U66/><E66/><V18/><F7/><W55/><G73/><T107/><D107/><U122/><E122/><V41/><F78/><W86/><G34/><T98/><D69/><U28/><E28/><V126/><F74/><W76/><G65/><T62/><D108/><U31/><E31/><V116/><F18/><N who="3" m="12311" /><G43/><T17/><D128/><N who="2" m="49226" /><F12/><W61/><G125/><T81/><D124/><U8/><E102/><V99/><F99/><W84/><G76/><T36/><D36/><U42/><E42/><V10/><F10/><W63/><G114/><N who="1" m="43530" /><E105/><V75/><F75/><W80/><G86/><T112/><D112/><U59/><E59/><V26/><F26/><W0/><G0/><T130/><D72/><N who="1" m="43495" /><E8/><V57/><F126/><W49/><G135/><T110/><D134/><U87/><AGARI ba="1,1" hai="1,2,3,4,11,87,88,93" m="43495,43530" machi="87" ten="30,2000,0" yaku="15,1,54,1" doraHai="95" who="1" fromWho="1" sc="249,-6,87,33,457,-11,197,-6" /><INIT seed="7,0,0,1,2,35" ten="243,120,446,191" oya="3" hai0="31,133,88,87,60,10,101,2,68,36,84,106,12" hai1="105,26,95,49,110,37,40,119,116,114,78,128,61" hai2="53,127,20,34,32,80,47,48,51,45,117,122,63" hai3="104,83,97,14,17,50,112,115,29,52,73,70,79"/><W7/><G70/><T91/><D36/><U132/><E105/><V11/><F117/><N who="1" m="45129" /><E78/><V15/><F63/><W94/><G29/><T93/><D68/><U77/><E95/><V41/><F122/><W72/><G104/><T16/><D60/><U22/><E77/><V103/><F127/><W71/><G71/><T107/><D133/><U123/><E22/><V108/><F108/><W43/><G43/><T111/><D111/><U85/><E26/><V62/><F62/><W28/><G28/><T89/><D101/><U130/><E85/><V56/><F47/><N who="3" m="27743" /><G7/><T125/><D106/><U33/><E33/><V118/><F118/><W86/><G94/><T98/><D107/><U54/><E110/><V69/><F69/><W46/><G97/><T8/><D98/><U75/><E75/><V120/><F120/><W59/><G73/><T124/><D93/><U58/><E123/><V42/><F42/><W57/><G72/><T102/><D102/><U4/><E4/><V113/><F113/><W134/><G115/><T24/><D87/><U74/><E74/><V25/><F80/><W96/><G112/><T100/><D84/><U109/><E109/><V129/><F129/><N who="1" m="49769" /><E114/><V67/><F103/><W82/><G86/><T39/><D100/><U18/><E18/><V44/><F34/><W92/><G17/><T38/><D16/><U21/><E21/><V135/><F32/><W27/><G92/><T55/><D24/><U19/><E19/><V126/><F20/><W9/><G79/><T65/><D89/><U66/><E132/><V13/><F25/><W1/><G134/><RYUUKYOKU ba="0,0" sc="243,0,120,0,446,0,191,0" owari="243,4.0,120,-38.0,446,55.0,191,-21.0" /></mjloggm>