<mjloggm ver="2.3"><GO type="41"/><UN n0="%E8%B6%85%E9%88%B4%E6%9C%A8" n1="%EF%BC%88%E2%89%A7%E2%96%BD%E2%89%A6%EF%BC%89" n2="%E3%81%86%E3%81%9F%E3%81%BE" n3="%E3%82%BB%E3%82%A4%E3%83%90%EF%BD%9E" dan="15,15,13,14" rate="1986,1956,1893,1946" sx="F,M,M,M"/><TAIKYOKU oya="0"/><INIT seed="0,0,0,0,4,7" ten="250,250,250,250" oya="0" hai0="62,89,77,15,84,126,1,2,47,121,24,3,10" hai1="65,50,108,26,55,69,42,76,99,71,74,19,5" hai2="31,34,119,28,124,25,49,17,6,48,122,66,46" hai3="110,102,83,33,14,61,135,67,44,57,45,101,130"/><T38/><D121/><U22/><E108/><V27/><F122/><W129/><G110/><T85/><D126/><U131/><E131/><V43/><F119/><W128/><G33/><T104/><D104/><U95/><E5/><V63/><F124/><W0/><G0/><T103/><D103/><U113/><E42/><V64/><F49/><W41/><G135/><T93/><D62/><U94/><E113/><V90/><F6/><W18/><G83/><T51/><D38/><U115/><E115/><V68/><F64/><W11/><REACH who="3" step="1"/><G41/><REACH who="3" ten="250,250,250,240" step="2"/><T88/><D1/><U100/><E74/><V8/><F90/><W114/><G114/><T96/><D77/><U29/><E76/><V12/><REACH who="2" step="1"/><F34/><REACH who="2" ten="250,250,240,240" step="2"/><W52/><G52/><N who="0" m="29823" /><D2/><U86/><E55/><V78/><F78/><W87/><G87/><T13/><D3/><U92/><E86/><V81/><F81/><W120/><G120/><T59/><D85/><U56/><E65/><V53/><F53/><W4/><G4/><T40/><D40/><U106/><E100/><AGARI ba="0,2" hai="11,14,18,44,45,57,61,67,100,101,102,128,129,130" machi="100" ten="40,5200,0" yaku="1,1,19,1,52,1,53,0" doraHai="7" doraHaiUra="16" who="3" fromWho="1" sc="250,0,250,-52,240,0,240,72" /><INIT seed="1,0,0,2,2,69" ten="250,198,240,312" oya="1" hai0="2,6,102,111,135,121,117,62,90,85,3,12,13" hai1="101,53,1,14,132,103,99,70,109,34,39,33,93" hai2="24,37,129,127,116,19,50,123,28,115,22,114,67" hai3="82,45,0,55,7,35,23,47,42,43,64,48,21"/><U54/><E1/><V75/><F75/><W38/><G35/><T40/><D117/><U113/><E113/><N who="2" m="43019" /><F116/><W20/><G64/><T8/><D102/><U81/><E132/><V108/><F123/><W95/><G95/><T74/><D74/><U94/><E70/><V61/><F50/><W27/><G82/><T83/><D111/><U84/><E109/><V9/><F127/><W4/><G0/><T72/><D72/><U63/><E39/><V112/><F108/><W92/><G27/><T18/><D135/><U126/><E126/><V100/><F129/><W88/><REACH who="3" step="1"/><G55/><REACH who="3" ten="250,198,240,302" step="2"/><T86/><D121/><U80/><E14/><N who="2" m="7631" /><F112/><W15/><G15/><T57/><D3/><U25/><E25/><V36/><F100/><W71/><G71/><AGARI ba="0,1" hai="22,24,28,36,37,61,67,71" m="7631,43019" machi="71" ten="30,3900,0" yaku="11,1,52,2" doraHai="69" who="2" fromWho="3" sc="250,0,198,0,240,49,302,-39" /><INIT seed="2,0,0,5,1,102" ten="250,198,289,263" oya="2" hai0="126,49,10,13,66,115,65,24,8,63,37,61,11" hai1="127,114,27,30,18,1,97,123,120,19,39,35,3" hai2="90,60,86,110,81,47,36,69,28,7,73,105,122" hai3="9,17,92,79,29,107,119,67,55,72,103,125,2"/><V62/><F122/><N who="1" m="46633" /><E39/><V23/><F69/><W84/><G119/><T128/><D115/><U25/><E97/><V85/><F105/><W44/><G125/><T131/><D37/><U68/><E68/><V87/><F73/><W40/><G55/><T135/><D24/><N who="1" m="18887" /><E114/><V111/><F7/><W80/><G67/><N who="0" m="25611" /><D126/><U15/><E127/><V95/><F36/><W32/><G17/><N who="1" m="6154" /><E15/><V108/><F47/><W64/><G64/><T34/><D34/><U58/><E58/><V56/><F62/><W91/><G40/><T43/><D13/><U99/><E99/><N who="2" m="57847" /><F81/><W4/><G44/><N who="0" m="25759" /><D135/><U124/><E124/><V6/><F6/><W52/><G52/><T89/><D89/><U31/><E25/><N who="2" m="16447" /><F111/><W45/><G45/><T109/><D109/><N who="2" m="42090" /><F87/><W0/><G4/><T53/><D53/><AGARI ba="0,0" hai="53,56,60,85,86" m="42090,16447,57847" machi="53" ten="30,2900,0" yaku="14,1,10,1" doraHai="102" who="2" fromWho="0" sc="250,-29,198,0,289,29,263,0" /><INIT seed="2,1,0,1,2,133" ten="221,198,318,263" oya="2" hai0="132,2,103,0,62,5,16,12,100,15,73,46,23" hai1="42,86,84,92,65,77,96,64,94,87,124,24,72" hai2="54,69,79,66,35,128,113,51,52,111,11,27,49" hai3="80,131,93,38,39,43,83,32,89,107,18,26,129"/><V68/><F11/><W88/><G107/><T126/><D73/><U127/><E42/><V17/><F79/><W31/><G18/><T7/><D132/><U75/><E24/><V57/><F17/><W70/><G70/><N who="2" m="27241" /><F27/><W120/><G120/><T33/><D33/><U116/><E116/><V60/><F35/><W121/><G121/><T50/><D0/><U6/><E6/><N who="0" m="2057" /><D2/><U91/><E77/><V45/><F113/><W90/><G93/><N who="1" m="35946" /><E91/><V99/><F99/><W34/><G43/><T21/><D62/><U28/><E28/><V63/><F128/><N who="3" m="49227" /><G34/><T102/><D15/><U117/><E117/><V112/><F112/><W10/><G10/><T22/><D22/><U30/><E30/><V85/><F85/><W67/><G67/><N who="1" m="25674" /><E96/><V76/><F76/><W47/><G32/><T53/><D23/><U119/><E119/><V71/><F111/><W104/><G31/><T8/><D21/><U3/><E3/><V118/><F118/><W134/><G26/><T14/><D14/><U44/><E44/><N who="2" m="27687" /><F63/><W4/><G134/><T82/><D82/><U101/><E101/><V20/><F20/><W105/><G83/><T29/><D29/><U74/><AGARI ba="1,0" hai="72,74,75,84,86,87,124,127" m="25674,35946" machi="74" ten="40,8000,1" yaku="28,2,52,2" doraHai="133" who="1" fromWho="1" sc="221,-21,198,83,318,-41,263,-21" /><INIT seed="3,0,0,4,0,61" ten="200,281,277,242" oya="3" hai0="64,132,36,83,95,135,60,91,78,34,16,129,94" hai1="106,110,66,130,87,133,108,125,59,68,47,11,79" hai2="30,57,35,115,0,6,20,40,8,104,14,102,15" hai3="63,13,128,5,70,2,39,113,109,33,120,19,74"/><W121/><RYUUKYOKU type="yao9" ba="0,0" sc="200,0,281,0,277,0,242,0" hai3="2,5,13,19,33,39,63,70,74,109,113,120,121,128" /><INIT seed="3,1,0,5,4,46" ten="200,281,277,242" oya="3" hai0="59,36,110,5,66,103,133,1,114,26,125,24,17" hai1="124,80,64,104,27,37,71,30,48,129,12,88,118" hai2="89,93,51,116,14,98,112,113,0,57,60,108,109" hai3="92,28,121,2,6,99,61,47,83,111,73,115,94"/><W29/><G115/><N who="2" m="44105" /><F0/><W74/><G121/><T3/><D114/><U32/><E37/><V44/><F116/><W54/><G111/><N who="2" m="42569" /><F14/><W8/><G94/><T127/><D36/><U123/><E118/><V7/><F7/><W58/><G47/><T86/><D110/><U81/><E104/><V79/><F79/><W107/><G107/><T9/><D1/><U56/><E123/><V25/><F25/><W50/><G61/><T82/><D133/><U101/><E101/><V20/><F20/><W97/><G97/><T11/><D103/><U4/><E4/><V41/><F57/><W19/><G19/><T120/><D120/><U40/><E56/><V33/><F60/><W117/><G117/><T102/><D102/><U23/><E23/><V106/><F106/><W75/><REACH who="3" step="1"/><G83/><REACH who="3" ten="200,281,277,232" step="2"/><T52/><D17/><U43/><E81/><V84/><F98/><W16/><G16/><T85/><D82/><U65/><E80/><V76/><F76/><W49/><G49/><T38/><D38/><U42/><E48/><V100/><F100/><AGARI ba="1,1" hai="2,6,8,28,29,50,54,58,73,74,75,92,99,100" machi="100" ten="40,7700,0" yaku="1,1,52,1,53,1" doraHai="46" doraHaiUra="45" who="3" fromWho="2" sc="200,0,281,0,277,-80,232,90" /><INIT seed="3,2,0,2,3,58" ten="200,281,197,322" oya="3" hai0="11,69,122,53,0,45,1,114,106,60,111,90,115" hai1="78,89,96,44,62,65,80,71,38,87,46,131,97" hai2="126,26,110,77,84,13,101,68,102,2,86,132,113" hai3="118,112,99,34,129,121,19,105,50,135,43,128,55"/><W92/><G105/><T7/><D122/><U47/><E131/><V30/><F68/><W73/><G73/><T41/><D106/><U12/><E38/><V67/><F113/><N who="0" m="43018" /><D111/><U20/><E20/><V75/><F110/><W22/><G112/><T61/><D90/><U25/><E25/><V32/><F75/><W35/><G121/><T100/><D100/><U117/><E117/><V83/><F2/><W76/><G118/><T56/><D1/><U29/><E29/><V104/><F132/><W24/><G135/><T36/><D69/><U124/><E124/><V15/><F126/><W28/><G76/><T116/><D116/><U51/><E12/><V74/><F67/><W107/><G107/><T57/><D57/><U103/><E103/><V94/><F102/><W130/><G43/><T63/><AGARI ba="2,0" hai="0,7,11,36,41,45,53,56,60,61,63" m="43018" machi="63" ten="30,7900,0" yaku="11,1,52,3" doraHai="58" who="0" fromWho="0" sc="200,85,281,-22,197,-22,322,-41" /><INIT seed="4,0,0,2,2,5" ten="285,259,175,281" oya="0" hai0="23,118,42,30,131,21,108,61,39,133,113,109,69" hai1="106,95,55,75,132,89,3,121,13,19,96,38,41" hai2="107,70,97,123,114,15,84,24,44,26,115,125,1" hai3="48,17,40,36,25,127,47,91,101,43,34,18,110"/><T88/><D118/><U76/><E121/><V29/><F123/><W81/><G110/><N who="0" m="42603" /><D113/><N who="2" m="43018" /><F70/><W77/><G127/><T63/><D131/><U0/><E132/><V68/><F68/><W128/><G128/><T54/><D133/><U53/><E106/><V31/><F125/><W16/><G101/><T94/><D39/><U66/><E66/><V111/><F111/><W33/><G25/><N who="0" m="16703" /><D42/><U45/><E76/><V80/><F1/><W7/><G7/><T112/><D112/><U46/><E75/><V60/><F60/><W56/><G40/><T28/><D54/><U65/><E65/><V135/><F44/><W35/><G56/><T122/><D69/><U8/><REACH who="1" step="1"/><E55/><REACH who="1" ten="285,249,175,281" step="2"/><V90/><F107/><W93/><G36/><T103/><D122/><U67/><E67/><V134/><F134/><W12/><G43/><T73/><D73/><U102/><E102/><V130/><F135/><W58/><G58/><T116/><D103/><U4/><E4/><V59/><F130/><W79/><G79/><T82/><D116/><U22/><E22/><V51/><F59/><W120/><G120/><T105/><D105/><U10/><E10/><V52/><F52/><W99/><G77/><T92/><D21/><U71/><E71/><V117/><F117/><W20/><G35/><T37/><D82/><U119/><E119/><V72/><F72/><W6/><G34/><T50/><D88/><U49/><AGARI ba="0,1" hai="0,3,8,13,19,38,41,45,46,49,53,89,95,96" machi="49" ten="30,7900,0" yaku="1,1,0,1,52,1,53,1" doraHai="5" doraHaiUra="86" who="1" fromWho="1" sc="285,-39,249,89,175,-20,281,-20" /><INIT seed="5,0,0,1,0,83" ten="246,338,155,261" oya="1" hai0="106,77,12,94,56,33,90,67,23,35,64,119,117" hai1="19,44,38,105,36,71,31,124,75,87,25,10,21" hai2="130,30,4,120,45,116,0,125,118,100,129,16,11" hai3="51,104,107,121,9,72,42,65,15,59,134,96,2"/><U27/><E75/><V92/><F45/><W113/><G121/><T58/><D106/><U43/><E105/><V101/><F120/><W28/><G72/><T60/><D77/><U80/><E124/><V98/><F101/><W102/><G2/><T89/><D12/><U131/><E131/><V46/><F46/><W111/><G107/><T1/><D23/><U40/><E71/><V74/><F74/><W13/><G111/><T88/><D94/><U133/><E133/><V50/><F50/><W103/><G103/><T114/><D114/><U115/><E115/><V47/><F47/><W132/><G113/><T52/><D1/><U54/><E54/><V66/><F66/><W84/><G42/><T69/><D69/><U86/><E40/><V112/><F125/><W20/><G51/><T3/><D3/><U135/><E135/><N who="3" m="51754" /><G84/><T39/><D39/><U109/><E109/><V122/><F112/><W17/><G28/><T91/><D91/><U5/><E38/><V82/><F122/><W37/><G37/><T34/><REACH who="0" step="1"/><D67/><REACH who="0" ten="236,338,155,261" step="2"/><U24/><E80/><V95/><F82/><W78/><G104/><T85/><D85/><U70/><E70/><V29/><F95/><W41/><G65/><T7/><D7/><U14/><E25/><V73/><F130/><W26/><G26/><T81/><D81/><U18/><E5/><V68/><F68/><W8/><G78/><T108/><D108/><U110/><E110/><V49/><F129/><W62/><G102/><T79/><D79/><U57/><E27/><V99/><F73/><W61/><G15/><T123/><D123/><RYUUKYOKU ba="0,1" sc="236,30,338,-10,155,-10,261,-10" hai0="33,34,35,52,56,58,60,64,88,89,90,117,119" /><INIT seed="6,1,1,5,2,13" ten="266,328,145,251" oya="2" hai0="80,16,44,62,109,4,105,108,50,73,72,28,57" hai1="54,61,104,114,0,45,68,65,42,60,116,17,99" hai2="70,117,52,78,9,71,123,35,87,33,66,115,14" hai3="127,40,88,132,11,81,95,83,21,18,24,19,86"/><V125/><F123/><W84/><G132/><T106/><D106/><U92/><E0/><V15/><F117/><W82/><G127/><T48/><D105/><U128/><E116/><V112/><F125/><W12/><REACH who="3" step="1"/><G40/><REACH who="3" ten="266,328,145,241" step="2"/><T135/><D109/><U20/><E42/><V47/><F35/><W64/><G64/><T93/><D108/><U1/><E65/><V85/><F66/><W3/><G3/><T10/><D135/><U8/><E1/><V7/><F33/><W111/><G111/><T63/><D72/><U49/><E128/><V103/><F71/><W27/><G27/><T120/><D73/><U102/><E68/><V39/><F15/><W131/><G131/><T129/><D129/><U91/><E114/><N who="2" m="43563" /><F70/><W67/><G67/><T134/><D134/><U55/><E55/><V96/><F78/><AGARI ba="1,2" hai="11,12,18,19,21,24,78,81,82,83,84,86,88,95" machi="78" ten="30,12000,2" yaku="1,1,7,1,8,1,52,2,54,1,53,1" doraHai="13" doraHaiUra="74" who="3" fromWho="2" sc="266,0,328,0,145,-123,241,143" /><INIT seed="7,0,0,5,4,1" ten="266,328,22,384" oya="3" hai0="100,25,62,44,10,75,31,2,53,42,28,85,89" hai1="49,87,0,12,104,76,20,111,132,17,121,106,56" hai2="114,11,112,82,35,127,126,7,15,118,80,91,105" hai3="78,55,110,115,38,119,83,134,29,124,97,27,73"/><W58/><BYE who="2" /><G119/><T41/><D75/><U109/><E121/><V108/><F108/><W9/><G110/><T101/><D2/><U79/><E132/><V130/><F130/><W98/><G134/><T133/><D133/><U6/><E111/><V84/><F84/><W125/><G115/><T135/><D135/><U40/><E109/><V50/><F50/><W71/><G71/><T74/><D74/><U39/><E39/><V16/><F16/><W46/><G9/><T123/><D123/><U45/><E56/><UN n2="%E3%81%86%E3%81%9F%E3%81%BE" /><V13/><F105/><W33/><G46/><T14/><D31/><U90/><E106/><V77/><F35/><W113/><G38/><T65/><D53/><U51/><E104/><V99/><F118/><W88/><G88/><T67/><D67/><U26/><E51/><V120/><F120/><W54/><G54/><T92/><D42/><U5/><E0/><V61/><F61/><N who="3" m="36063" /><G113/><N who="2" m="43625" /><F99/><W21/><G33/><T70/><D44/><U93/><E26/><V122/><F122/><W8/><G8/><T102/><D41/><U23/><E20/><V116/><F116/><W103/><G21/><T117/><D117/><U34/><E34/><V48/><F91/><W69/><G27/><T95/><D95/><U43/><E40/><V72/><F48/><W3/><G3/><T63/><D63/><U37/><E37/><V47/><F47/><W59/><G73/><T19/><REACH who="0" step="1"/><D102/><REACH who="0" ten="256,328,22,384" step="2"/><U68/><E68/><V96/><F72/><W18/><G69/><T4/><D4/><AGARI ba="0,1" hai="4,5,6,12,17,23,43,45,49,76,79,87,90,93" machi="4" ten="40,8000,1" yaku="8,1,52,3" doraHai="1" who="1" fromWho="0" sc="256,-80,328,90,22,0,384,0" owari="176,-22.0,418,52.0,22,-48.0,384,18.0" /></mjloggm>