<mjloggm ver="2.3"><GO type="169" lobby="0"/><UN n0="%E3%83%A4%E3%82%AD%E3%83%B3" n1="%73%65%61%2D%6D%61%6E%32" n2="%EF%BC%A6%EF%BC%B8%E9%9B%80%E5%A3%AB" n3="%EF%BC%88%E2%89%A7%E2%96%BD%E2%89%A6%EF%BC%89" dan="16,16,17,17" rate="2110.51,2046.40,2179.77,2149.74" sx="M,M,M,M"/><TAIKYOKU oya="0"/><INIT seed="0,0,0,1,1,77" ten="250,250,250,250" oya="0" hai0="111,121,94,97,7,31,132,84,109,22,100,89,133" hai1="107,86,72,129,13,16,53,134,82,43,60,62,88" hai2="41,56,5,96,83,135,42,37,105,51,131,57,1" hai3="81,79,29,49,27,54,59,39,102,15,38,118,124"/><T18/><D31/><U125/><E107/><V128/><F37/><W80/><G118/><T123/><D7/><U64/><E129/><N who="2" m="49739" /><F5/><W98/><G124/><T52/><D18/><U65/><E125/><V78/><F1/><W110/><G15/><T101/><D22/><N who="1" m="11535" /><E72/><N who="2" m="43463" /><F135/><N who="0" m="51786" /><D52/><U36/><E36/><V3/><F3/><W19/><G19/><T127/><D127/><U50/><E134/><V0/><F0/><W34/><G110/><N who="0" m="41995" /><D101/><U48/><E43/><N who="2" m="16395" /><F51/><N who="1" m="19497" /><E53/><V23/><F23/><W67/><G38/><T95/><AGARI ba="0,0" hai="84,89,94,95,97,100,121,123" m="41995,51786" machi="95" ten="30,12000,1" yaku="20,1,14,1,10,1,34,2" doraHai="77" who="0" fromWho="0" sc="250,120,250,-40,250,-40,250,-40" /><INIT seed="0,1,0,1,3,109" ten="370,210,210,210" oya="0" hai0="88,69,102,11,101,122,25,132,62,1,29,13,124" hai1="50,77,53,40,64,83,92,105,31,128,4,113,20" hai2="81,45,42,114,118,133,120,89,127,98,12,63,51" hai3="38,119,36,56,3,27,33,68,5,10,108,73,129"/><T54/><D122/><U41/><E105/><V37/><F120/><W14/><G108/><T30/><D1/><U75/><E128/><V72/><F118/><W2/><G119/><T67/><D124/><U24/><E4/><V44/><F127/><W100/><G68/><T48/><D132/><U59/><E64/><V18/><F133/><W90/><G73/><T84/><D30/><U66/><E66/><V57/><F72/><W131/><G100/><T115/><D115/><U125/><E125/><V79/><F79/><W46/><G56/><T87/><D87/><U96/><REACH who="1" step="1"/><E113/><REACH who="1" ten="370,200,210,210" step="2"/><V104/><F104/><W7/><G7/><T76/><D67/><U110/><E110/><V86/><F114/><W28/><G131/><T49/><D69/><U70/><E70/><V85/><F37/><W6/><G129/><T0/><D0/><U71/><E71/><V97/><F45/><W21/><G5/><T121/><D121/><U135/><E135/><V19/><F57/><W93/><G46/><T134/><D134/><U8/><E8/><V126/><F126/><W65/><G65/><T39/><D11/><U43/><E43/><V16/><F42/><W9/><G2/><T26/><D39/><U58/><E58/><V52/><F63/><W130/><G130/><T23/><D62/><U91/><AGARI ba="1,1" hai="20,24,31,40,41,50,53,59,75,77,83,91,92,96" machi="91" ten="20,5200,0" yaku="1,1,0,1,7,1,53,1" doraHai="109" doraHaiUra="94" who="1" fromWho="1" sc="370,-27,200,65,210,-14,210,-14" /><INIT seed="1,0,0,5,5,20" ten="343,265,196,196" oya="1" hai0="113,120,16,89,71,88,49,4,51,134,119,124,43" hai1="40,94,63,86,13,35,0,36,21,95,12,19,29" hai2="67,41,128,80,102,59,85,100,31,22,69,110,17" hai3="91,81,105,92,26,109,99,132,62,11,72,118,84"/><U61/><E0/><V103/><F110/><W66/><G109/><T75/><D113/><U2/><E2/><V64/><F128/><W68/><G118/><T30/><D4/><U15/><E36/><V9/><F69/><W45/><G132/><T82/><D119/><U54/><E40/><V96/><F41/><W53/><G11/><T25/><D71/><U6/><E35/><V1/><F31/><W98/><G105/><T65/><D134/><U28/><E6/><V117/><F117/><W107/><G107/><T32/><D65/><U7/><E7/><V79/><F1/><W44/><G72/><T46/><D124/><U116/><E116/><V76/><F9/><W34/><G53/><T93/><D120/><U101/><E101/><V23/><F96/><W33/><G99/><T111/><D111/><U130/><E130/><V133/><F76/><W97/><G97/><T39/><D16/><U104/><E104/><V42/><F42/><W126/><G126/><T38/><D38/><U48/><E29/><V115/><F115/><W125/><G125/><T122/><D122/><U83/><E28/><V58/><F133/><W10/><G10/><T14/><D14/><N who="1" m="9463" /><E63/><V112/><F112/><W24/><G34/><T78/><D89/><N who="1" m="51423" /><E61/><V135/><F135/><W106/><G106/><T8/><D8/><U70/><E70/><V37/><F37/><W52/><G33/><T56/><D39/><U114/><E114/><V129/><F129/><W73/><G73/><T127/><D75/><U121/><E121/><V55/><F102/><N who="3" m="60743" /><G52/><T90/><D127/><U131/><E131/><RYUUKYOKU ba="0,0" sc="343,-15,265,15,196,-15,196,15" hai1="12,13,15,48,54,94,95" hai3="24,26,44,45,62,66,68,81,84,91" /><INIT seed="1,1,0,4,2,62" ten="328,280,181,211" oya="1" hai0="49,19,127,107,29,26,125,113,30,99,74,69,82" hai1="14,103,45,36,18,16,46,33,43,109,3,121,63" hai2="98,119,133,114,95,92,27,106,22,112,102,111,28" hai3="130,6,58,59,37,17,104,31,13,12,108,52,135"/><U105/><E121/><V72/><F119/><W66/><G104/><T15/><D113/><N who="2" m="43626" /><F72/><W24/><G37/><T57/><D69/><U32/><E3/><V101/><F111/><W53/><G108/><T4/><D4/><U39/><E109/><V21/><F133/><W93/><G135/><T25/><D74/><U110/><E110/><V48/><F48/><N who="3" m="30983" /><G130/><T86/><D107/><U2/><E2/><V85/><F85/><W115/><G115/><T94/><D86/><U77/><E77/><V80/><F80/><W122/><G6/><T124/><D82/><U35/><E63/><V96/><F106/><W76/><G76/><T128/><D128/><U56/><E56/><V50/><F50/><N who="3" m="31159" /><G31/><T11/><D30/><U64/><E105/><V88/><F101/><W75/><G75/><T60/><D49/><U44/><E103/><V67/><F67/><W123/><G66/><N who="0" m="39183" /><D29/><U8/><E64/><V61/><F61/><W7/><G123/><T78/><D78/><U1/><E1/><V68/><F68/><W41/><G122/><T9/><D99/><U131/><E131/><V84/><F96/><W73/><G73/><T40/><D94/><U54/><E54/><V126/><F126/><W129/><G129/><T38/><D40/><U10/><E39/><V23/><AGARI ba="1,0" hai="21,22,23,27,28,84,88,92,95,98,102" m="43626" machi="23" ten="30,2000,0" yaku="11,1,54,1" doraHai="62" who="2" fromWho="2" sc="328,-6,280,-11,181,23,211,-6" /><INIT seed="2,0,0,1,2,30" ten="322,269,204,205" oya="2" hai0="60,68,9,117,85,48,82,87,17,101,38,54,115" hai1="103,15,5,121,119,75,132,97,125,23,19,40,16" hai2="4,129,112,12,34,116,36,49,8,46,93,84,78" hai3="111,26,124,131,21,96,133,109,86,28,102,33,31"/><V69/><F112/><W2/><G124/><T11/><D115/><U13/><E119/><V72/><F116/><W18/><G131/><T92/><D38/><U10/><E125/><V55/><F129/><W110/><G133/><T14/><D117/><U104/><E132/><V90/><F69/><W57/><G2/><T35/><D35/><U74/><E121/><V79/><F72/><W1/><G1/><T73/><D73/><U67/><E67/><V123/><F123/><W99/><G86/><T100/><D11/><U43/><E40/><V107/><F107/><W135/><G135/><T42/><D42/><U6/><E43/><V39/><REACH who="2" step="1"/><F34/><REACH who="2" ten="322,269,194,205" step="2"/><W88/><G33/><T50/><D68/><U118/><E118/><V80/><F80/><W63/><G110/><T70/><D70/><U91/><E75/><V130/><F130/><W95/><G111/><T29/><D82/><U44/><E74/><V113/><F113/><W134/><G109/><T98/><D92/><U24/><E104/><V66/><F66/><N who="3" m="39279" /><G134/><T108/><D108/><U45/><E103/><V89/><F89/><W7/><G7/><T37/><D100/><U126/><E126/><V64/><F64/><W52/><G102/><T25/><D101/><U51/><E6/><V20/><F20/><W59/><G96/><T127/><D98/><U27/><E97/><V58/><F58/><W56/><G59/><N who="0" m="34935" /><D127/><U83/><E83/><V71/><F71/><W105/><G105/><T61/><D85/><U120/><E120/><V47/><F47/><W62/><AGARI ba="0,1" hai="18,21,26,28,31,52,56,62,88,95,99" m="39279" machi="62" ten="30,7900,0" yaku="25,1,8,1,54,2" doraHai="30" who="3" fromWho="3" sc="322,-20,269,-20,194,-39,205,89" /><INIT seed="3,0,0,2,1,48" ten="302,249,155,294" oya="3" hai0="84,123,116,51,98,132,34,113,70,1,92,46,60" hai1="67,104,64,108,2,59,31,71,131,80,44,121,61" hai2="85,69,32,126,122,33,43,118,125,29,77,28,102" hai3="82,134,45,11,20,30,76,73,127,16,106,72,129"/><W25/><G106/><T68/><D116/><U40/><E121/><V17/><F69/><W9/><G129/><T39/><D123/><U26/><E131/><V58/><F102/><W105/><G105/><T93/><D1/><U57/><E108/><V3/><F43/><W37/><G134/><T55/><D34/><N who="2" m="13418" /><F77/><W15/><G127/><N who="2" m="48649" /><F85/><W52/><G37/><T7/><D39/><U35/><E2/><V54/><F3/><W6/><G73/><T90/><D132/><U94/><E94/><V56/><F122/><W42/><G42/><T41/><D7/><U74/><E67/><V18/><F118/><W87/><G72/><T4/><D4/><U8/><E104/><V95/><F95/><W38/><G38/><T128/><D128/><U79/><E8/><V135/><F135/><W119/><G119/><T96/><D93/><U110/><E110/><V62/><F56/><W65/><G65/><T22/><D70/><U12/><E59/><V75/><F75/><W50/><G11/><T88/><D68/><U112/><E71/><V83/><F83/><W109/><G109/><T97/><D92/><U100/><E100/><V66/><F66/><W5/><AGARI ba="0,0" hai="5,6,9,15,16,20,25,30,45,50,52,76,82,87" machi="5" ten="30,12000,1" yaku="0,1,8,1,52,1,54,2" doraHai="48" who="3" fromWho="3" sc="302,-40,249,-40,155,-40,294,120" /><INIT seed="3,1,0,1,2,127" ten="262,209,115,414" oya="3" hai0="67,109,121,116,89,87,91,42,6,68,110,0,3" hai1="134,46,27,54,43,122,125,11,36,64,32,66,5" hai2="49,81,119,88,39,93,18,70,112,128,61,118,28" hai3="56,124,100,15,111,80,45,48,83,47,62,86,60"/><W103/><G124/><T40/><D116/><U132/><E125/><V7/><F39/><W21/><G111/><N who="0" m="42507" /><D121/><U59/><E122/><V117/><F112/><W8/><G21/><T131/><D6/><U22/><E32/><V29/><F7/><N who="3" m="3487" /><G45/><T20/><D20/><U76/><E76/><V37/><F81/><N who="3" m="31307" /><G86/><T74/><D74/><U78/><E78/><V90/><F37/><W53/><G62/><N who="0" m="40055" /><D131/><U9/><E22/><V129/><F49/><W75/><G75/><T10/><D10/><N who="1" m="3595" /><E27/><V107/><F107/><W97/><G97/><T105/><D105/><U71/><E5/><V16/><F61/><W133/><G133/><N who="1" m="51306" /><E71/><V51/><F70/><W19/><G19/><N who="2" m="7209" /><F51/><AGARI ba="1,0" hai="36,43,46,51,54,59,64,66" m="51306,3595" machi="51" ten="30,1000,0" yaku="20,1" doraHai="127" who="1" fromWho="2" sc="262,0,209,13,115,-13,414,0" /><INIT seed="4,0,0,4,2,16" ten="262,222,102,414" oya="0" hai0="124,5,94,135,79,11,131,97,10,70,63,19,18" hai1="123,117,92,101,99,119,17,68,3,133,113,112,93" hai2="59,60,65,91,53,84,29,87,25,55,54,100,78" hai3="75,34,125,69,21,7,12,116,42,0,39,134,111"/><T49/><D79/><U47/><E68/><V2/><F2/><W31/><RYUUKYOKU type="yao9" ba="0,0" sc="262,0,222,0,102,0,414,0" hai3="0,7,12,21,31,34,39,42,69,75,111,116,125,134" /><INIT seed="4,1,0,5,5,50" ten="262,222,102,414" oya="0" hai0="133,135,87,99,61,107,45,124,54,92,84,70,67" hai1="24,53,77,108,30,1,96,100,51,37,6,41,113" hai2="105,114,13,0,65,49,20,106,52,118,11,83,125" hai3="5,63,10,71,88,40,16,66,89,68,57,38,131"/><T19/><D124/><U120/><E108/><V18/><F125/><W127/><G127/><T17/><D107/><U126/><E120/><V115/><F65/><W44/><G131/><T12/><D87/><U72/><E126/><V117/><F83/><W14/><G5/><T25/><D84/><U2/><E6/><N who="2" m="1479" /><F105/><W73/><G73/><T95/><D25/><U128/><E128/><V134/><F106/><W81/><G81/><T8/><D19/><U48/><E48/><V26/><F134/><N who="0" m="51210" /><D99/><U15/><E15/><V76/><F76/><W47/><REACH who="3" step="1"/><G44/><REACH who="3" ten="262,222,102,404" step="2"/><T35/><D45/><U111/><E72/><V27/><F27/><W58/><G58/><T98/><D70/><AGARI ba="1,1" hai="10,14,16,38,40,47,57,63,66,68,70,71,88,89" machi="70" ten="40,5200,0" yaku="1,1,54,2,53,0" doraHai="50" doraHaiUra="91" who="3" fromWho="0" sc="262,-55,222,0,102,0,404,65" /><INIT seed="5,0,0,1,0,30" ten="207,222,102,469" oya="1" hai0="51,67,109,9,8,36,4,65,111,38,58,133,41" hai1="49,91,92,64,110,120,125,55,6,12,124,7,2" hai2="48,47,0,28,34,118,76,75,59,26,71,61,53" hai3="14,93,131,66,46,102,62,31,19,82,15,43,69"/><U114/><E120/><V88/><F0/><W27/><G131/><T89/><D133/><U79/><E114/><V73/><F118/><W117/><G117/><T3/><D111/><U130/><E130/><V94/><F71/><W116/><G116/><T96/><D109/><U39/><E110/><V107/><F107/><W104/><G93/><T17/><D41/><U81/><E39/><V132/><F76/><W72/><G19/><T85/><D96/><N who="1" m="57375" /><E64/><V87/><REACH who="2" step="1"/><F132/><REACH who="2" ten="207,222,92,469" step="2"/><W121/><G104/><T18/><D3/><U24/><E2/><V90/><F90/><W115/><G69/><T13/><D89/><U1/><E1/><V119/><F119/><W134/><G134/><T68/><D68/><U95/><E79/><V16/><F16/><W74/><G121/><T112/><D18/><U123/><E123/><V25/><F25/><W33/><G27/><T86/><D17/><U40/><E24/><V103/><F103/><W32/><G102/><T108/><D108/><U98/><E7/><V113/><F113/><W63/><G115/><T101/><D101/><N who="1" m="60639" /><E6/><V80/><F80/><W52/><G82/><T21/><D4/><U126/><E81/><V5/><F5/><W57/><G74/><T122/><D112/><U10/><E12/><V20/><F20/><W83/><G14/><T135/><D122/><U60/><E10/><V127/><F127/><W45/><G15/><T50/><D13/><U128/><E128/><V35/><F35/><W44/><G72/><T22/><D135/><U77/><E77/><V97/><F97/><W11/><G83/><T105/><D105/><RYUUKYOKU ba="0,1" sc="207,15,222,-15,92,15,469,-15" hai0="8,9,21,22,36,38,50,51,58,65,67,85,86" hai2="26,28,34,47,48,53,59,61,73,75,87,88,94" /><INIT seed="6,1,1,0,1,135" ten="222,207,107,454" oya="2" hai0="130,103,72,55,35,63,19,75,32,105,102,31,53" hai1="54,78,46,22,126,68,94,45,69,131,18,60,40" hai2="3,10,34,52,95,13,26,36,71,23,33,73,89" hai3="104,30,62,120,121,128,115,61,127,41,59,0,122"/><V109/><F73/><W101/><G0/><T47/><D130/><U98/><E131/><V5/><F109/><W99/><G128/><T21/><D31/><U16/><E78/><V100/><F100/><W112/><G41/><T58/><D35/><U110/><E110/><V77/><F77/><W85/><G127/><T119/><D32/><U28/><E126/><V113/><F113/><N who="3" m="43595" /><G30/><T66/><D119/><U107/><E107/><V29/><F36/><W79/><G59/><T25/><D103/><U114/><E114/><V111/><F111/><W51/><G51/><T37/><D102/><N who="1" m="60759" /><E69/><V70/><F34/><W67/><G67/><T24/><D105/><U65/><E68/><V125/><F125/><W49/><G49/><T134/><D134/><U84/><E65/><V117/><F117/><W83/><AGARI ba="1,1" hai="61,62,79,83,85,99,101,104,120,121,122" m="43595" machi="83" ten="40,2700,0" yaku="15,1,11,1" doraHai="135" who="3" fromWho="3" sc="222,-8,207,-8,107,-14,454,40" /><INIT seed="7,0,0,1,4,56" ten="214,199,93,494" oya="3" hai0="35,40,13,10,47,83,54,94,51,50,133,117,25" hai1="9,121,70,106,131,0,98,101,81,127,119,76,90" hai2="42,15,114,93,115,3,108,5,61,7,14,120,28" hai3="12,16,80,105,68,100,60,39,71,63,46,84,79"/><W111/><G46/><T67/><D117/><U4/><E121/><V41/><F93/><W102/><G84/><T65/><D133/><U99/><E119/><V97/><F97/><W26/><G39/><T88/><D83/><U112/><E112/><V23/><F28/><W95/><G80/><T2/><D2/><U103/><E131/><V52/><F3/><W129/><G71/><T91/><D25/><U21/><E127/><V118/><F118/><W64/><G68/><T128/><D35/><U92/><E70/><V38/><F38/><W20/><G95/><T17/><D128/><U1/><E1/><V82/><F82/><W6/><G102/><T55/><D40/><U130/><E130/><V24/><F24/><W104/><G26/><T72/><D72/><U123/><E123/><V29/><F120/><W34/><G100/><T18/><D18/><U49/><E21/><V132/><F23/><W11/><G20/><T110/><D110/><U77/><E49/><V85/><F85/><W124/><G111/><T86/><D91/><U22/><E22/><V134/><F29/><W109/><G129/><T30/><D30/><U58/><E58/><AGARI ba="0,0" hai="10,13,17,47,50,51,54,55,58,65,67,86,88,94" machi="58" ten="30,3900,0" yaku="7,1,8,1,54,1" doraHai="56" who="0" fromWho="1" sc="214,39,199,-39,93,0,494,0" owari="253,5.0,160,-24.0,93,-41.0,494,60.0" /></mjloggm>