<mjloggm ver="2.3"><GO type="41"/><UN n0="%E3%82%A6%E3%83%AB%E3%83%88%E3%83%A9%E7%AB%8B%E7%9B%B4" n1="%6D%69%73%61%6B%75" n2="%E8%B5%A4%E5%9F%8E%E4%B8%89%E9%83%8E" n3="%E5%90%88%E8%A1%86%E5%9B%BD" dan="15,13,13,14" rate="2016,1981,1852,1828" sx="M,M,M,M"/><TAIKYOKU oya="0"/><INIT seed="0,0,0,1,5,120" ten="250,250,250,250" oya="0" hai0="51,84,68,18,44,110,29,39,74,54,31,58,65" hai1="43,66,81,83,90,0,114,93,62,46,56,79,2" hai2="23,1,130,6,85,64,8,77,109,112,25,117,16" hai3="70,48,132,55,135,19,101,5,40,41,108,134,97"/><T88/><D74/><U11/><E114/><V53/><F112/><W80/><G5/><T15/><D68/><U78/><E2/><V116/><F130/><W7/><G70/><T36/><D36/><U3/><E3/><V133/><F64/><W50/><G7/><T122/><D122/><U76/><E0/><V82/><F133/><W128/><G80/><T95/><D110/><U94/><E11/><V38/><F38/><W69/><G128/><T30/><D39/><U32/><E32/><V10/><F10/><W127/><G69/><T113/><D113/><U12/><E12/><V67/><F67/><W61/><G61/><T102/><D102/><U42/><E46/><V115/><F115/><W123/><G123/><T98/><D98/><U124/><E124/><V59/><REACH who="2" step="1"/><F109/><REACH who="2" ten="250,250,240,250" step="2"/><W17/><G108/><T99/><D99/><N who="1" m="57783" /><E94/><V105/><F105/><W22/><G97/><T111/><D111/><U129/><E129/><V87/><F87/><W71/><G71/><T100/><D100/><U91/><E83/><V52/><F52/><W126/><G55/><T21/><REACH who="0" step="1"/><D65/><REACH who="0" ten="240,250,240,250" step="2"/><U57/><E66/><V35/><F35/><W119/><G101/><T9/><D9/><U26/><E43/><V96/><F96/><W4/><G135/><T89/><D89/><U49/><E91/><V107/><F107/><W28/><G41/><T14/><D14/><U63/><E42/><V33/><F33/><W27/><G40/><T73/><D73/><U47/><E79/><V24/><F24/><W34/><G34/><T103/><D103/><U45/><E26/><V118/><F118/><RYUUKYOKU ba="0,2" sc="240,15,250,-15,240,15,250,-15" hai0="15,18,21,29,30,31,44,51,54,58,84,88,95" hai2="1,6,8,16,23,25,53,59,77,82,85,116,117" /><INIT seed="0,1,2,5,5,72" ten="255,235,255,235" oya="0" hai0="107,99,38,2,100,96,109,7,53,82,20,1,54" hai1="110,64,83,56,30,105,69,21,10,95,124,89,133" hai2="62,57,43,122,59,103,131,35,13,79,31,11,120" hai3="71,67,60,116,52,113,132,86,117,46,134,3,40"/><T74/><D109/><U126/><E69/><V33/><F131/><W88/><G3/><T91/><D38/><U22/><E105/><V85/><F31/><W80/><G113/><T0/><D7/><U63/><E110/><V104/><F104/><W70/><G71/><T66/><D66/><U14/><E133/><N who="3" m="51306" /><G52/><T39/><D39/><AGARI ba="1,2" hai="39,40,46,60,67,70,80,86,88,116,117" m="51306" machi="39" ten="30,2000,0" yaku="20,1,54,1" doraHai="72" who="3" fromWho="0" sc="255,-23,235,0,255,0,235,43" /><INIT seed="1,0,0,5,2,22" ten="232,235,255,278" oya="1" hai0="61,95,92,7,123,90,31,114,10,24,124,127,126" hai1="66,43,125,105,116,21,56,65,130,75,17,135,103" hai2="39,53,33,117,40,112,107,110,51,93,9,113,74" hai3="83,8,64,119,73,94,101,30,18,104,5,23,38"/><U20/><E75/><V25/><F107/><W134/><G30/><T37/><D37/><U129/><E116/><V102/><F74/><W12/><G104/><T97/><D114/><U72/><E72/><V89/><F117/><W67/><G38/><T1/><D61/><U41/><E105/><V58/><F39/><W128/><G119/><T57/><D57/><U34/><E34/><V63/><F102/><W62/><G128/><N who="1" m="49258" /><E103/><V85/><F9/><W121/><G121/><T109/><D109/><U76/><E76/><V88/><F110/><W118/><G134/><T81/><D81/><U68/><E135/><V54/><F40/><N who="1" m="15433" /><E68/><V47/><REACH who="2" step="1"/><F89/><REACH who="2" ten="232,235,245,278" step="2"/><W55/><G73/><T13/><D123/><U70/><E70/><V42/><F42/><W32/><G118/><T50/><D126/><U60/><E125/><V2/><F2/><W52/><G101/><T106/><D106/><U86/><E66/><V100/><F100/><W6/><G67/><T15/><D124/><U45/><E45/><V11/><F11/><W71/><G8/><T4/><D127/><U87/><E21/><V29/><AGARI ba="0,1" hai="25,29,33,47,51,53,54,58,63,85,88,93,112,113" machi="29" ten="30,12000,2" yaku="1,1,0,1,52,1,54,1,53,2" doraHai="22" doraHaiUra="108" who="2" fromWho="2" sc="232,-30,235,-60,245,130,278,-30" /><INIT seed="2,0,0,3,0,44" ten="202,175,375,248" oya="2" hai0="92,124,59,84,89,16,62,88,119,20,90,43,10" hai1="32,81,5,35,123,38,110,39,69,76,66,58,29" hai2="48,134,56,30,13,51,104,129,37,63,55,86,60" hai3="132,49,70,40,117,99,71,14,109,108,36,74,28"/><V67/><F104/><W125/><G117/><T73/><D73/><U118/><E69/><V33/><F33/><W112/><G74/><T106/><D106/><U127/><E118/><V83/><F30/><W126/><G36/><T133/><D119/><U52/><E66/><V87/><F37/><W120/><G120/><T68/><D68/><N who="3" m="26153" /><G28/><T9/><D124/><N who="3" m="47721" /><G99/><T54/><D133/><U96/><E127/><V21/><F129/><W111/><G14/><T1/><D43/><U131/><E131/><V25/><F134/><W3/><G132/><T24/><D1/><U94/><E5/><V77/><F86/><W72/><G72/><T15/><D9/><U122/><E110/><V31/><F13/><W57/><G3/><T105/><D105/><U23/><E23/><V65/><F63/><W97/><G97/><T85/><D85/><U116/><E116/><V6/><F6/><AGARI ba="0,0" hai="6,10,15,16,20,24,54,59,62,84,88,89,90,92" machi="6" ten="30,7700,0" yaku="7,1,8,1,54,2" doraHai="44" who="0" fromWho="2" sc="202,77,175,0,375,-77,248,0" /><INIT seed="3,0,0,3,5,106" ten="279,175,298,248" oya="3" hai0="116,117,45,98,20,80,101,122,3,70,133,26,2" hai1="82,85,66,68,27,28,29,13,21,5,12,59,39" hai2="8,96,123,51,30,6,112,31,62,14,100,107,77" hai3="99,130,91,126,95,24,105,114,78,121,18,22,36"/><W76/><G114/><T60/><D122/><U102/><E68/><V90/><F123/><W10/><G121/><T42/><D133/><U124/><E39/><V0/><F112/><W46/><G105/><T84/><D60/><U50/><E124/><V23/><F77/><W93/><G126/><T88/><D70/><U1/><E1/><V135/><F135/><W81/><G130/><T58/><D58/><U35/><E35/><V57/><F51/><W72/><G76/><T74/><D74/><U63/><E29/><V38/><F38/><W120/><G120/><T55/><D55/><U69/><E5/><V49/><F49/><W65/><G65/><T54/><D54/><U97/><E50/><V48/><F48/><W129/><G129/><T7/><D45/><U132/><E69/><V79/><F90/><W44/><G36/><T134/><D42/><U87/><E132/><V15/><F79/><W33/><G33/><T25/><D134/><U73/><E73/><V83/><F83/><W47/><G44/><T108/><D108/><U17/><E17/><V92/><F107/><W43/><G43/><T16/><D25/><U53/><E53/><N who="2" m="34095" /><F0/><W32/><G32/><T110/><D110/><U86/><REACH who="1" step="1"/><E82/><REACH who="1" ten="279,165,298,248" step="2"/><V104/><F30/><W40/><G47/><T4/><D2/><U131/><E131/><V9/><F31/><W94/><G46/><T115/><D115/><U34/><E34/><V67/><F6/><W52/><G52/><T119/><REACH who="0" step="1"/><D3/><REACH who="0" ten="269,165,298,248" step="2"/><U61/><E61/><V111/><F111/><W89/><G40/><T127/><D127/><U113/><E113/><RYUUKYOKU ba="0,2" sc="269,15,165,15,298,-15,248,-15" hai0="4,7,16,20,26,80,84,88,98,101,116,117,119" hai1="12,13,21,27,28,59,63,66,85,86,87,97,102" /><INIT seed="4,1,2,5,2,133" ten="284,180,283,233" oya="0" hai0="32,117,82,42,135,93,114,129,112,34,17,121,25" hai1="67,99,85,79,125,110,57,86,90,94,21,41,39" hai2="28,44,48,120,10,13,89,31,77,22,56,61,76" hai3="49,37,105,40,50,26,3,98,73,131,130,0,83"/><T106/><D106/><U68/><E68/><V108/><F120/><W33/><G50/><T20/><D121/><U116/><E39/><V104/><F104/><W100/><G49/><T96/><D117/><U115/><E41/><V9/><F108/><W119/><G119/><T5/><D42/><U71/><E71/><V109/><F109/><W51/><G51/><T29/><D5/><U19/><E110/><V30/><F89/><W134/><G134/><T27/><D135/><U132/><E132/><V46/><F22/><W59/><G59/><T122/><D122/><U47/><E47/><V65/><F10/><W127/><G26/><T81/><D32/><U18/><E116/><V87/><F87/><W91/><G91/><T97/><D129/><N who="3" m="49161" /><G33/><T11/><D11/><U123/><E123/><V60/><F60/><W7/><G7/><T62/><D62/><N who="1" m="38351" /><E115/><N who="0" m="44073" /><D97/><U111/><E111/><V52/><F46/><N who="3" m="23823" /><G0/><T126/><D96/><U8/><E8/><V35/><REACH who="2" step="1"/><F35/><REACH who="2" ten="284,180,273,233" step="2"/><W14/><G3/><T2/><D2/><U24/><E85/><V23/><F23/><W1/><G1/><T70/><D93/><U88/><E90/><V64/><F64/><W95/><G95/><T43/><D70/><U124/><E86/><V92/><F92/><W118/><G118/><T78/><D43/><U12/><E79/><V72/><F72/><W54/><G73/><N who="0" m="43215" /><D82/><U80/><E80/><V69/><F69/><W16/><G83/><T45/><D45/><U53/><E53/><V6/><AGARI ba="1,3" hai="6,9,13,28,30,31,44,48,52,56,61,65,76,77" machi="6" ten="30,7900,0" yaku="1,1,0,1,8,1,54,1,53,0" doraHai="133" doraHaiUra="101" who="2" fromWho="2" sc="284,-40,180,-21,273,112,233,-21" /><INIT seed="5,0,0,1,5,4" ten="244,159,385,212" oya="1" hai0="60,110,83,44,21,76,40,75,108,26,14,116,84" hai1="34,27,52,35,71,41,98,3,112,36,10,1,66" hai2="64,73,16,30,9,54,48,18,105,12,132,19,74" hai3="106,20,46,93,124,57,109,97,79,115,22,61,78"/><U118/><E118/><V69/><F105/><W87/><G109/><T39/><D116/><U8/><E36/><V43/><F43/><W122/><G122/><T99/><D60/><U45/><E71/><V50/><F132/><W17/><G106/><T114/><D114/><U100/><E66/><V72/><F30/><W119/><G115/><T134/><D134/><U2/><E112/><V117/><F117/><W15/><G124/><T96/><D96/><U33/><E27/><V63/><REACH who="2" step="1"/><F48/><REACH who="2" ten="244,159,375,212" step="2"/><W104/><G104/><T126/><D126/><U24/><E41/><V11/><F11/><N who="3" m="6399" /><G119/><T82/><D110/><U127/><E127/><V111/><F111/><W62/><G22/><T135/><D135/><U51/><REACH who="1" step="1"/><E24/><REACH who="1" ten="244,149,375,212" step="2"/><V65/><F65/><W81/><G20/><T89/><D21/><U7/><E7/><V31/><F31/><W85/><G62/><T123/><D108/><U6/><E6/><V133/><F133/><W70/><G61/><T28/><D28/><U90/><E90/><V0/><F0/><W37/><G37/><T128/><D26/><U80/><E80/><V42/><F42/><W29/><G29/><T120/><D120/><U113/><E113/><V59/><AGARI ba="0,2" hai="9,12,16,18,19,50,54,59,63,64,69,72,73,74" machi="59" ten="30,8000,1" yaku="1,1,0,1,52,1,54,1,53,1" doraHai="4" doraHaiUra="49" who="2" fromWho="2" sc="244,-20,149,-40,375,100,212,-20" /><INIT seed="6,0,0,4,4,71" ten="224,109,475,192" oya="2" hai0="65,40,111,110,98,53,39,122,118,58,64,55,67" hai1="121,62,76,78,127,15,49,37,97,132,129,61,25" hai2="102,24,7,73,9,42,134,85,94,105,120,135,20" hai3="43,80,106,5,8,109,74,10,68,96,4,45,31"/><V63/><F120/><W18/><G109/><T100/><D122/><U72/><E121/><V36/><F73/><W103/><G31/><T17/><D17/><U1/><E127/><V11/><F105/><W126/><G126/><T101/><D98/><U119/><E119/><V93/><F63/><W48/><G68/><T91/><D91/><U30/><E129/><V28/><F85/><W75/><G18/><T82/><D82/><U89/><E132/><N who="2" m="50731" /><F102/><W81/><G75/><T54/><D118/><U90/><E1/><N who="2" m="239" /><F11/><W124/><G74/><T114/><D114/><U59/><E72/><V128/><F128/><W2/><REACH who="3" step="1"/><G124/><REACH who="3" ten="224,109,475,182" step="2"/><T12/><D111/><U38/><E30/><V13/><F13/><AGARI ba="0,1" hai="2,4,5,8,10,13,43,45,48,80,81,96,103,106" machi="13" ten="30,3900,0" yaku="1,1,2,1,7,1,53,0" doraHai="71" doraHaiUra="116" who="3" fromWho="2" sc="224,0,109,0,475,-39,182,49" /><INIT seed="7,0,0,1,4,26" ten="224,109,436,231" oya="3" hai0="126,95,44,46,49,115,11,19,75,62,123,35,112" hai1="120,37,38,105,55,127,25,56,7,77,69,133,92" hai2="82,63,118,14,73,85,36,78,24,110,87,103,97" hai3="4,90,79,12,47,54,117,96,113,124,48,8,102"/><W114/><G117/><T18/><D75/><U59/><E120/><V130/><F118/><W132/><G79/><T134/><D123/><U94/><E105/><V109/><F130/><W2/><G90/><T111/><D111/><U74/><E7/><V28/><F36/><W68/><G68/><T71/><D35/><U72/><E25/><V17/><F63/><W21/><G2/><T6/><D126/><U80/><E127/><V0/><F0/><W101/><G124/><T131/><D131/><U15/><E69/><V51/><F51/><W57/><G21/><T40/><D95/><U52/><E77/><V86/><F17/><W13/><G12/><N who="0" m="5239" /><D46/><U129/><E15/><V1/><F1/><W64/><G132/><T106/><D106/><U34/><E34/><V70/><F14/><W91/><G47/><T107/><D107/><U9/><E9/><V33/><REACH who="2" step="1"/><F70/><REACH who="2" ten="224,109,426,231" step="2"/><W83/><G64/><N who="0" m="41367" /><D134/><U121/><E133/><V43/><F43/><W67/><G67/><T10/><D19/><U41/><E121/><V84/><F84/><W128/><G128/><T5/><D18/><U30/><E129/><V99/><F99/><W60/><G60/><T81/><D5/><U108/><E41/><V29/><F29/><W3/><G3/><T88/><D10/><U50/><E50/><V16/><F16/><W45/><G96/><T76/><D76/><U53/><E53/><V100/><F100/><W93/><G102/><T122/><D122/><U42/><E42/><V20/><F20/><W61/><G101/><T39/><D39/><U119/><E119/><V58/><F58/><RYUUKYOKU ba="0,1" sc="224,15,109,-15,426,15,231,-15" hai0="40,44,49,81,88,112,115" hai2="24,28,33,73,78,82,85,86,87,97,103,109,110" owari="239,4.0,94,-41.0,451,55.0,216,-18.0" /></mjloggm>