<mjloggm ver="2.3"><GO type="169"/><UN n0="%E4%BB%99%E7%9F%B3%E5%85%88%E7%94%9F" n1="%7A%6B%75%72%74" n2="%EF%BC%88%E2%89%A7%E2%96%BD%E2%89%A6%EF%BC%89" n3="%E3%81%94%E3%81%98%E3%82%83%E3%82%8B" dan="16,17,18,16" rate="2048,2174,2171,2134" sx="M,M,M,M"/><TAIKYOKU oya="0"/><INIT seed="0,0,0,1,3,41" ten="250,250,250,250" oya="0" hai0="36,109,133,7,118,27,67,80,34,25,116,90,135" hai1="77,29,40,23,24,102,108,115,126,120,84,87,106" hai2="42,32,53,129,98,97,12,54,72,13,0,63,71" hai3="14,17,107,44,11,75,43,37,16,19,128,59,21"/><T79/><D7/><U73/><E120/><V64/><F129/><W113/><G113/><T123/><D123/><U65/><E115/><V60/><F0/><W91/><G128/><T31/><D67/><U39/><E126/><V68/><F72/><W134/><G134/><N who="0" m="51211" /><D36/><U104/><E108/><V76/><F32/><W30/><G75/><N who="0" m="43135" /><D109/><U56/><E73/><V18/><F76/><W101/><G30/><N who="0" m="19791" /><D90/><U10/><E77/><V95/><F18/><W88/><G59/><T103/><D103/><U4/><E56/><V70/><F70/><W130/><G130/><T111/><D111/><U51/><E65/><V89/><F42/><W62/><G62/><T52/><D52/><U47/><E39/><V2/><F64/><W50/><G37/><T74/><D74/><U86/><REACH who="1" step="1"/><E102/><REACH who="1" ten="250,240,250,250" step="2"/><V82/><F71/><W46/><G101/><T92/><D92/><U55/><E55/><V122/><F54/><W132/><G132/><T35/><AGARI ba="0,1" hai="27,31,35,116,118" m="19791,43135,51211" machi="35" ten="30,3000,0" yaku="20,1,23,1" doraHai="41" who="0" fromWho="0" sc="250,40,240,-10,250,-10,250,-10" /><INIT seed="0,1,0,3,1,97" ten="290,230,240,240" oya="0" hai0="7,22,74,34,113,18,124,129,122,8,9,106,30" hai1="45,29,48,49,119,81,89,36,108,133,20,87,26" hai2="110,127,75,130,79,55,112,102,82,25,39,51,77" hai3="31,132,94,35,83,43,72,95,0,56,111,3,6"/><T58/><D113/><U73/><E119/><V117/><F112/><W62/><G132/><T1/><D74/><U64/><E108/><V125/><F39/><W85/><G72/><T100/><D122/><U5/><E133/><V63/><F110/><W2/><G111/><T126/><D129/><U16/><E73/><V17/><F117/><W105/><G105/><T96/><D58/><U13/><E64/><V84/><F130/><W86/><G6/><T71/><D9/><U135/><E135/><V27/><F63/><W128/><G128/><T68/><D30/><U121/><E121/><V109/><F109/><W101/><G43/><T40/><D34/><U65/><E65/><V32/><F17/><W61/><G61/><T57/><D57/><U120/><E120/><V131/><F32/><W99/><G94/><T104/><D40/><U114/><E114/><V38/><F38/><W46/><G46/><T47/><D47/><U24/><E36/><V118/><F118/><W98/><G98/><T59/><D59/><U19/><E5/><V10/><F131/><W80/><G31/><T67/><D106/><U4/><E4/><V103/><F75/><W50/><G50/><T93/><D104/><U15/><E45/><N who="2" m="28143" /><F77/><W28/><G28/><T92/><D92/><U78/><E78/><V41/><F41/><W54/><REACH who="3" step="1"/><G35/><REACH who="3" ten="290,230,240,230" step="2"/><T52/><D7/><U42/><E42/><V116/><F116/><W115/><G115/><T88/><D93/><U14/><E48/><V53/><F82/><AGARI ba="1,1" hai="0,2,3,54,56,62,80,82,83,85,86,95,99,101" machi="82" ten="40,2600,0" yaku="1,1,52,1,53,0" doraHai="97" doraHaiUra="21" who="3" fromWho="2" sc="290,0,230,0,240,-29,230,39" /><INIT seed="1,0,0,2,1,65" ten="290,230,211,269" oya="1" hai0="111,106,121,103,82,99,63,81,48,64,115,17,51" hai1="72,123,126,14,4,117,5,44,7,60,41,95,54" hai2="134,57,92,24,31,78,46,40,84,16,70,21,8" hai3="80,127,2,125,3,25,74,76,67,49,32,71,105"/><U47/><E72/><V89/><F134/><W62/><G49/><T96/><D115/><U107/><E107/><V91/><F70/><W85/><G85/><T129/><D111/><U27/><E123/><V53/><F78/><W131/><G131/><T28/><D121/><U29/><E117/><V36/><F91/><W112/><G112/><T87/><D99/><U52/><E126/><N who="3" m="48138" /><G105/><T33/><D82/><U50/><E95/><V93/><F8/><W9/><G9/><T102/><D17/><U88/><E88/><V6/><F6/><W120/><G120/><T118/><D103/><U61/><E14/><V104/><F104/><W55/><G55/><T83/><D83/><U10/><E10/><V109/><F109/><W68/><G68/><T79/><D129/><U11/><E11/><V42/><F42/><W23/><G32/><T114/><D118/><U0/><E0/><V86/><F86/><W45/><G45/><T110/><D114/><U30/><E54/><V73/><F73/><W90/><G90/><T56/><D110/><U116/><E116/><V59/><F92/><W133/><G133/><T101/><D102/><U58/><E47/><V39/><F39/><W94/><G94/><T1/><D1/><U34/><REACH who="1" step="1"/><E30/><AGARI ba="0,0" hai="2,3,23,25,30,62,67,71,74,76,80" m="48138" machi="30" ten="30,2000,0" yaku="18,1,52,1" doraHai="65" who="3" fromWho="1" sc="290,0,230,-20,211,0,269,20" /><INIT seed="2,0,0,2,4,118" ten="290,210,211,289" oya="2" hai0="117,45,86,19,67,49,72,76,95,63,74,44,8" hai1="9,7,107,124,93,73,133,94,91,11,52,122,42" hai2="97,1,70,36,28,48,22,131,10,78,65,55,134" hai3="71,130,77,20,108,106,37,114,40,2,43,82,12"/><V53/><F36/><W34/><G34/><T99/><D117/><U102/><E73/><V100/><F134/><W17/><G2/><T89/><D45/><U81/><E133/><V90/><F131/><W57/><G71/><T14/><D74/><U103/><E42/><V58/><F78/><W84/><G130/><T128/><D72/><U27/><E107/><V18/><F90/><W83/><G106/><T123/><D123/><U32/><E124/><V126/><F126/><W105/><G105/><T31/><D31/><U13/><E81/><V46/><F28/><W104/><G104/><T23/><D128/><U35/><E27/><V96/><F100/><W38/><G108/><T50/><D44/><U109/><E109/><V135/><F135/><W119/><G119/><T116/><D116/><U87/><E94/><V3/><F70/><W60/><G114/><T54/><D67/><U68/><E68/><V33/><F65/><W120/><G83/><N who="0" m="47463" /><D8/><U30/><E30/><V4/><F33/><W88/><G120/><T75/><D75/><U79/><E122/><V127/><F1/><W125/><G125/><T15/><D15/><N who="1" m="5567" /><E79/><V129/><F127/><W61/><G77/><T6/><D6/><N who="1" m="3319" /><E35/><V62/><REACH who="2" step="1"/><F129/><REACH who="2" ten="290,210,201,289" step="2"/><W110/><G110/><T80/><D89/><U98/><E32/><V29/><F29/><W21/><G37/><T113/><D113/><U5/><E103/><V64/><F64/><N who="3" m="38927" /><G38/><T39/><D39/><U69/><E69/><V16/><F16/><W59/><G17/><T26/><D19/><U24/><E102/><V66/><F66/><W101/><G101/><RYUUKYOKU ba="0,1" sc="290,-10,210,-10,201,30,289,-10" hai2="3,4,10,18,22,46,48,53,55,58,62,96,97" /><INIT seed="2,1,1,1,0,103" ten="280,200,231,279" oya="2" hai0="104,133,15,126,30,66,80,83,98,88,8,135,121" hai1="115,57,27,99,56,24,82,35,42,109,25,97,132" hai2="67,100,122,125,131,10,119,4,45,101,90,62,74" hai3="59,17,81,124,84,85,51,1,117,20,75,63,53"/><V65/><F122/><W77/><G117/><T78/><D121/><U6/><E115/><V106/><F74/><W94/><G1/><T52/><D126/><U110/><E35/><V18/><F119/><W128/><G124/><T70/><D30/><U5/><E82/><V11/><F125/><W50/><G128/><T89/><D80/><U102/><E42/><V95/><F131/><W28/><G28/><T41/><D41/><U9/><E132/><N who="0" m="50761" /><D66/><U12/><E6/><V60/><F18/><W43/><G43/><T48/><D70/><U69/><E69/><V16/><F45/><W108/><G108/><N who="1" m="41578" /><E99/><N who="2" m="57847" /><F4/><W54/><G94/><AGARI ba="1,1" hai="5,9,12,24,25,27,56,57,94,97,102" m="41578" machi="94" ten="30,1000,0" yaku="14,1" doraHai="103" who="1" fromWho="3" sc="280,0,200,23,231,0,279,-13" /><INIT seed="3,0,0,5,1,127" ten="280,223,231,266" oya="3" hai0="114,39,109,112,3,18,36,82,93,13,52,128,102" hai1="88,6,50,59,30,1,92,63,115,44,64,111,91" hai2="10,90,95,89,86,94,37,120,108,77,71,24,99" hai3="116,66,31,98,81,40,107,75,46,124,131,100,7"/><W43/><G116/><T97/><D3/><U4/><E115/><N who="0" m="44073" /><D128/><U5/><E111/><V12/><F108/><W119/><G119/><T22/><D109/><U20/><E1/><V28/><F120/><W54/><G124/><T83/><D52/><N who="1" m="29767" /><E92/><V113/><F113/><W57/><G131/><T17/><D17/><U11/><E11/><V122/><F122/><W14/><G66/><T104/><D104/><U16/><E30/><V19/><F71/><W48/><G31/><T74/><D74/><U34/><E34/><V35/><F37/><AGARI ba="0,0" hai="13,18,22,36,37,39,82,83,93,97,102" m="44073" machi="37" ten="30,1000,0" yaku="11,1" doraHai="127" who="0" fromWho="2" sc="280,10,223,0,231,-10,266,0" /><INIT seed="4,0,0,5,3,35" ten="290,223,221,266" oya="0" hai0="89,5,73,1,37,25,51,112,28,113,4,57,49" hai1="21,99,120,110,75,47,88,125,43,118,97,3,94" hai2="12,124,17,24,71,39,55,62,30,67,115,0,117" hai3="107,61,9,15,23,34,6,105,42,20,48,109,19"/><T90/><D73/><U76/><E120/><V13/><F39/><W114/><G109/><T74/><D74/><U135/><E118/><V106/><F117/><W116/><G116/><T66/><D37/><U122/><E110/><V60/><F106/><W22/><G34/><T72/><D72/><U85/><E122/><V103/><F115/><N who="0" m="44106" /><D5/><U70/><E70/><V40/><F103/><W133/><G114/><T44/><D66/><U14/><E135/><V8/><F124/><W84/><G133/><T68/><D68/><U131/><E125/><V7/><F40/><W102/><G61/><T64/><D64/><U50/><E131/><V56/><REACH who="2" step="1"/><F17/><REACH who="2" ten="290,223,211,266" step="2"/><W58/><G102/><T127/><D127/><U33/><E43/><V82/><F82/><W36/><G36/><T130/><D130/><U77/><E75/><V96/><F96/><W87/><G107/><T11/><D57/><U65/><E99/><V41/><F41/><W26/><G105/><T31/><D31/><U132/><E97/><V59/><F59/><W92/><G42/><N who="0" m="24727" /><D51/><U95/><E50/><V81/><F81/><W121/><G121/><T79/><D79/><U111/><E77/><V93/><F93/><W46/><G92/><T129/><D129/><U54/><E95/><V32/><AGARI ba="0,1" hai="0,7,8,12,13,24,30,32,55,56,60,62,67,71" machi="32" ten="20,5200,0" yaku="1,1,0,1,7,1,52,1,53,0" doraHai="35" doraHaiUra="104" who="2" fromWho="2" sc="290,-26,223,-13,211,62,266,-13" /><INIT seed="5,0,0,0,3,13" ten="264,210,273,253" oya="1" hai0="34,3,103,98,27,20,17,119,133,120,85,60,89" hai1="62,104,26,56,106,77,122,100,83,63,132,99,101" hai2="107,76,81,43,41,54,65,33,37,49,86,90,53" hai3="66,24,127,126,67,18,25,111,75,29,87,50,109"/><U125/><E122/><V0/><F0/><W7/><G75/><T30/><D119/><U71/><E132/><V58/><F107/><W11/><G50/><T131/><D3/><U116/><E116/><V79/><F33/><N who="3" m="20647" /><G87/><T121/><D133/><U95/><E125/><N who="3" m="47626" /><G66/><T28/><D131/><U123/><E123/><N who="0" m="47177" /><D60/><U105/><E71/><V36/><F65/><W35/><G67/><T40/><D34/><U23/><E101/><V135/><F135/><W6/><G35/><T69/><D40/><N who="2" m="15434" /><F37/><W93/><G93/><N who="0" m="54447" /><D69/><U12/><E56/><N who="2" m="32815" /><F36/><W70/><G70/><T42/><D42/><U82/><E82/><V128/><F128/><W102/><G102/><T91/><D91/><U115/><E83/><V92/><F81/><W108/><G11/><T52/><D52/><U84/><E77/><V8/><F8/><W74/><G74/><T112/><D112/><U94/><E115/><V44/><F44/><W117/><G117/><T10/><D10/><U4/><E95/><AGARI ba="0,0" hai="17,20,27,28,30,95,98,103" m="54447,47177" machi="95" ten="30,2000,0" yaku="13,1,52,1" doraHai="13" who="0" fromWho="1" sc="264,20,210,-20,273,0,253,0" /><INIT seed="6,0,0,1,0,64" ten="284,190,273,253" oya="2" hai0="124,112,11,88,118,33,42,125,70,94,53,7,95" hai1="127,65,119,41,51,2,15,122,82,12,10,3,83" hai2="90,121,111,29,45,38,96,132,103,28,92,16,99" hai3="14,58,22,135,31,47,55,74,100,108,67,62,37"/><V123/><F132/><W57/><G108/><T21/><D33/><U101/><E119/><V113/><F111/><W98/><G74/><T81/><D70/><U61/><E122/><V18/><F113/><W1/><G1/><T48/><D42/><U56/><E127/><N who="0" m="48713" /><D112/><U27/><E101/><V71/><F71/><W26/><G135/><T104/><D21/><U79/><E27/><V60/><F60/><W9/><G37/><T0/><D104/><U134/><E134/><V50/><F38/><W97/><G47/><N who="0" m="27807" /><D118/><U39/><E83/><V25/><F121/><W46/><G46/><T128/><D128/><U17/><E39/><V13/><F25/><W75/><G75/><T36/><D36/><U93/><E93/><N who="2" m="58863" /><F123/><W72/><G72/><T102/><D102/><U69/><E15/><V44/><F44/><W32/><G32/><T129/><D129/><U117/><E117/><V110/><F13/><W114/><G114/><T63/><D63/><U73/><REACH who="1" step="1"/><E41/><REACH who="1" ten="284,180,273,253" step="2"/><N who="2" m="24879" /><F110/><W80/><G100/><T84/><AGARI ba="0,1" hai="0,7,11,81,84,88,94,95" m="27807,48713" machi="84" ten="30,2000,0" yaku="18,1,54,1" doraHai="64" who="0" fromWho="0" sc="284,30,180,-5,273,-10,253,-5" /><INIT seed="7,0,0,5,0,10" ten="314,175,263,248" oya="3" hai0="92,7,2,91,105,133,15,38,30,111,24,20,127" hai1="51,34,42,13,124,39,73,113,21,101,19,99,123" hai2="60,44,0,31,95,100,134,11,57,25,131,80,122" hai3="14,116,61,79,28,114,6,8,102,74,98,49,26"/><W37/><G37/><T9/><D105/><U66/><E123/><V86/><F122/><W12/><G116/><T56/><D38/><U50/><E34/><V104/><F104/><W59/><G114/><T62/><D111/><U5/><E73/><V27/><F134/><W128/><G128/><T70/><D70/><U76/><E113/><V35/><F131/><W119/><G119/><T65/><D127/><U130/><E124/><V84/><F27/><W115/><G115/><T29/><D133/><U18/><E130/><V118/><F118/><W120/><G120/><T77/><D77/><U82/><E66/><V93/><F44/><W47/><G79/><T72/><D72/><U17/><E39/><V83/><F83/><W69/><G69/><T132/><D132/><U87/><E21/><V53/><F100/><W55/><G74/><T106/><D106/><U63/><E63/><V112/><F86/><W45/><G14/><T67/><D2/><U85/><E85/><V96/><F96/><W97/><G102/><T108/><D108/><U88/><E76/><V46/><F112/><W126/><G126/><T103/><D103/><U36/><E36/><V121/><F121/><W33/><REACH who="3" step="1"/><G45/><REACH who="3" ten="314,175,263,238" step="2"/><T16/><D67/><AGARI ba="0,1" hai="6,8,12,26,28,33,47,49,55,59,61,67,97,98" machi="67" ten="30,11600,0" yaku="1,1,2,1,7,1,52,1,53,0" doraHai="10" doraHaiUra="32" who="3" fromWho="0" sc="314,-116,175,0,263,0,238,126" owari="198,-20.0,175,-32.0,263,6.0,364,46.0" /></mjloggm>