<mjloggm ver="2.3"><GO type="41"/><UN n0="%E3%82%A6%E3%83%AB%E3%83%88%E3%83%A9%E7%AB%8B%E7%9B%B4" n1="%42%2D%4D%41%58" n2="%6B%2D%73%74%6F%6E%65" n3="%E8%B6%85%E5%AE%88%E5%BC%98" dan="15,15,13,14" rate="1967,1940,1915,1884" sx="M,M,M,M"/><TAIKYOKU oya="0"/><INIT seed="0,0,0,4,4,130" ten="250,250,250,250" oya="0" hai0="125,1,96,112,129,41,16,14,40,82,103,42,33" hai1="27,97,86,66,68,108,98,119,17,0,5,91,60" hai2="70,84,76,83,80,47,116,79,92,73,118,32,124" hai3="24,88,4,26,132,52,89,102,100,56,30,75,29"/><T93/><D112/><U109/><E119/><V10/><F70/><W43/><G75/><T61/><D129/><U13/><E27/><N who="3" m="10282" /><G4/><T19/><D33/><U67/><E67/><V117/><F32/><W7/><G7/><T69/><D1/><U134/><E5/><V46/><F10/><W20/><G43/><T59/><D69/><U81/><E0/><V28/><F28/><N who="3" m="10859" /><G20/><T114/><D114/><U35/><E35/><V77/><F46/><W121/><G121/><T126/><D82/><U120/><E120/><V6/><F6/><W133/><G132/><T3/><D3/><U74/><E134/><V9/><F9/><W115/><G115/><T107/><D107/><U104/><E74/><V110/><F47/><W12/><G12/><T78/><D78/><U39/><E39/><V54/><F54/><W64/><G64/><T18/><REACH who="0" step="1"/><D14/><REACH who="0" ten="240,250,250,250" step="2"/><U128/><E128/><V65/><F73/><W94/><G133/><T45/><D45/><U122/><E122/><V38/><F38/><W90/><G94/><T72/><D72/><U57/><E68/><V135/><F135/><W21/><G21/><T11/><D11/><N who="1" m="6335" /><E104/><V2/><F2/><W23/><G23/><T15/><D15/><U95/><E95/><V36/><F36/><W63/><AGARI ba="0,1" hai="52,56,63,88,89,90,100,102" m="10859,10282" machi="63" ten="30,4000,0" yaku="8,1,54,2" doraHai="130" who="3" fromWho="3" sc="240,-20,250,-10,250,-10,250,50" /><INIT seed="1,0,0,3,3,126" ten="220,240,240,300" oya="1" hai0="5,107,37,131,21,68,61,7,62,92,20,17,73" hai1="102,69,88,29,108,117,10,87,123,67,119,96,115" hai2="75,48,72,14,83,24,28,124,121,4,95,31,135" hai3="44,47,63,40,12,71,32,13,118,6,86,122,129"/><U99/><E69/><V79/><F72/><W65/><G122/><T111/><D92/><U105/><E67/><V112/><F124/><W39/><G32/><T9/><D9/><U35/><E35/><V43/><F121/><W85/><G118/><N who="1" m="45066" /><E29/><V50/><F112/><W22/><G47/><T125/><D17/><U70/><E70/><V78/><F78/><W77/><G77/><T27/><D27/><U11/><E10/><V19/><F4/><W8/><G129/><T114/><D68/><U91/><E11/><V76/><F76/><W94/><G94/><T130/><D125/><U0/><E0/><V81/><F31/><W64/><G65/><T90/><D37/><U58/><E58/><V36/><F83/><W82/><G82/><T54/><D54/><U38/><E38/><V103/><F43/><W74/><G74/><T30/><D30/><U2/><E2/><V45/><F36/><W46/><G46/><T110/><D73/><U128/><E123/><V16/><F45/><W55/><G55/><T23/><D23/><U56/><E56/><V52/><F50/><W51/><G39/><T59/><D59/><U41/><E41/><V26/><F26/><W80/><G80/><T93/><D93/><N who="1" m="56359" /><E115/><V134/><F24/><W132/><G22/><T60/><D60/><U97/><E97/><N who="2" m="59839" /><F28/><W3/><G3/><T84/><D114/><U101/><E101/><V106/><F106/><W49/><G40/><T42/><D42/><U25/><E25/><V89/><F89/><W18/><G71/><T104/><D90/><U127/><E127/><V15/><F14/><RYUUKYOKU ba="0,0" sc="220,30,240,-10,240,-10,300,-10" hai0="5,7,20,21,61,62,84,104,107,110,111,130,131" /><INIT seed="2,1,0,0,4,2" ten="250,230,230,290" oya="2" hai0="76,103,116,86,77,12,55,13,131,79,81,106,101" hai1="126,133,35,39,89,112,1,19,98,24,100,59,135" hai2="60,122,69,32,107,93,71,129,22,29,121,109,5" hai3="8,26,96,64,4,113,94,41,85,58,25,104,132"/><V78/><F32/><W118/><G118/><T61/><D116/><U102/><E39/><V3/><F107/><W23/><G113/><T52/><D131/><U127/><E112/><V123/><F78/><N who="0" m="30314" /><D106/><U37/><E37/><V11/><F129/><W47/><G104/><T43/><D43/><U120/><E1/><V70/><F109/><W9/><G85/><T10/><D13/><U7/><E7/><V50/><F50/><W48/><G9/><T62/><D62/><U82/><E120/><V63/><REACH who="2" step="1"/><F93/><REACH who="2" ten="250,230,220,290" step="2"/><W111/><G111/><T68/><D68/><U130/><E130/><V124/><F124/><W42/><G48/><T49/><D61/><U17/><E127/><V65/><F65/><W99/><G64/><T73/><D73/><U18/><E126/><V108/><F108/><W88/><G94/><T20/><D55/><U84/><E35/><V36/><F36/><W80/><G42/><T31/><D52/><U83/><E135/><V54/><F54/><W33/><G132/><T125/><D49/><U66/><E133/><V92/><F92/><W6/><G41/><T0/><D125/><U72/><E66/><V97/><F97/><W114/><G99/><T105/><D105/><U46/><E98/><V45/><F45/><W53/><G47/><T128/><D128/><U115/><E102/><V110/><F110/><W134/><G134/><T56/><D103/><U90/><E100/><V16/><F16/><W27/><G114/><T44/><D101/><U119/><E115/><V57/><F57/><W30/><G53/><T21/><D56/><U40/><E59/><RYUUKYOKU ba="1,1" sc="250,-10,230,-10,220,30,290,-10" hai2="3,5,11,22,29,60,63,69,70,71,121,122,123" /><INIT seed="2,2,1,0,4,127" ten="240,220,250,280" oya="2" hai0="62,32,21,61,129,11,27,24,68,50,3,57,16" hai1="66,22,102,33,54,71,40,125,1,109,12,52,60" hai2="45,81,31,87,4,95,78,82,17,100,72,43,41" hai3="14,47,108,26,9,55,64,123,48,134,113,112,128"/><V70/><F70/><W30/><G123/><T115/><D115/><N who="3" m="44105" /><G64/><T13/><D68/><U86/><E33/><V77/><F31/><W8/><G108/><T58/><D32/><U23/><E1/><V90/><F4/><N who="3" m="3335" /><G9/><T84/><D3/><U0/><E0/><V91/><F17/><W34/><G134/><T105/><D105/><U19/><E125/><V130/><F41/><W120/><G120/><T110/><D110/><U74/><E74/><V49/><F100/><W20/><G34/><T133/><D133/><U119/><E119/><V15/><F15/><W96/><G96/><T114/><D114/><U107/><E109/><V126/><F126/><W53/><G128/><T94/><D129/><U88/><E102/><V44/><F45/><W2/><G2/><T92/><D27/><U85/><E107/><V10/><F130/><W80/><G80/><T75/><D75/><U99/><E99/><V18/><F95/><W104/><G104/><T46/><D92/><U56/><E85/><V124/><F124/><W97/><G97/><T111/><D111/><U42/><E23/><V63/><F18/><W39/><G39/><T65/><D84/><U25/><E25/><V132/><F132/><W121/><G121/><T93/><D24/><U36/><E36/><V117/><F10/><W35/><G35/><T37/><D37/><U131/><E131/><V135/><F135/><W83/><G83/><T73/><D11/><U6/><E71/><V59/><F117/><W69/><G69/><T122/><D122/><U103/><E103/><V79/><F78/><W89/><G89/><RYUUKYOKU ba="2,1" sc="240,-15,220,-15,250,15,280,15" hai2="43,44,49,59,63,72,77,79,81,82,87,90,91" hai3="20,26,30,47,48,53,55" /><INIT seed="2,3,1,0,0,45" ten="225,205,265,295" oya="2" hai0="101,83,31,6,71,60,78,92,123,129,44,105,94" hai1="118,65,17,9,128,103,91,37,120,63,58,47,34" hai2="35,107,90,131,51,113,49,24,100,59,27,3,80" hai3="21,53,89,38,122,69,114,20,93,104,117,57,1"/><V81/><F3/><W10/><G122/><T116/><D123/><U73/><E118/><V4/><F4/><W82/><G117/><T86/><D116/><U111/><E73/><V55/><F113/><W88/><G104/><T74/><D6/><U0/><E34/><V115/><F115/><W119/><G69/><T32/><D129/><U48/><E37/><V121/><F121/><W5/><G38/><T108/><D108/><U66/><E120/><V16/><F35/><W22/><G114/><T77/><D77/><U62/><E103/><V14/><F131/><W18/><G119/><T99/><D86/><U102/><E102/><V79/><F107/><W12/><G82/><T54/><D54/><U84/><E128/><V85/><F100/><W87/><REACH who="3" step="1"/><G89/><REACH who="3" ten="225,205,265,285" step="2"/><T40/><D94/><U13/><E111/><V70/><F70/><W95/><G95/><T43/><D92/><U19/><E91/><V26/><F81/><W110/><G110/><T33/><D105/><U127/><E84/><V39/><F90/><W109/><G109/><T67/><D99/><U132/><E132/><V23/><F39/><W50/><AGARI ba="3,2" hai="1,5,10,12,18,20,21,22,50,53,57,87,88,93" machi="50" ten="20,16000,3" yaku="1,1,0,1,7,1,25,2,52,1,54,1,53,1" doraHai="45" doraHaiUra="52" who="3" fromWho="3" sc="225,-43,205,-43,265,-83,285,189" /><INIT seed="3,0,0,2,5,3" ten="182,162,182,474" oya="3" hai0="92,124,113,35,90,70,13,133,85,135,2,47,25" hai1="33,6,108,110,120,102,81,5,93,41,127,61,12" hai2="97,17,128,74,34,37,10,55,83,68,45,132,22" hai3="122,77,16,109,28,107,0,75,62,84,15,87,63"/><W100/><G122/><T80/><D70/><U64/><E120/><V4/><F34/><W44/><G0/><T71/><D2/><U123/><E33/><V18/><F68/><W66/><G28/><N who="0" m="19855" /><D71/><U46/><E123/><V1/><F132/><N who="0" m="50762" /><D124/><U14/><E127/><V65/><F65/><W96/><G75/><T86/><D47/><U78/><E61/><V8/><F128/><W53/><G109/><N who="1" m="42090" /><E64/><V103/><F10/><W48/><G66/><T29/><D29/><U112/><E112/><V98/><F18/><W125/><G125/><T121/><D121/><U42/><E14/><V94/><F98/><W91/><G77/><N who="0" m="46223" /><D13/><U130/><E12/><V101/><F97/><W26/><G26/><T40/><D40/><N who="1" m="15467" /><E46/><V106/><F94/><W111/><G111/><T24/><D24/><U134/><E134/><V82/><F74/><W115/><G115/><AGARI ba="0,0" hai="86,90,92,113,115" m="46223,50762,19855" machi="115" ten="30,1000,0" yaku="20,1" doraHai="3" who="0" fromWho="3" sc="182,10,162,0,182,0,474,-10" /><INIT seed="4,0,0,0,1,120" ten="192,162,182,464" oya="0" hai0="112,99,97,90,11,134,51,109,123,54,65,39,43" hai1="52,77,93,64,5,86,19,1,73,69,14,18,4" hai2="57,80,135,67,31,71,104,130,50,15,91,26,116" hai3="100,59,110,66,127,13,94,75,46,126,117,45,89"/><T72/><D123/><U62/><E1/><V106/><F71/><W111/><G75/><T129/><D72/><U63/><E73/><V61/><F130/><W92/><G13/><T42/><D99/><U113/><E113/><V119/><F50/><W96/><G117/><T12/><D129/><U125/><E125/><N who="3" m="47626" /><G59/><T121/><D112/><U78/><E19/><V70/><F70/><W84/><G66/><T95/><D121/><U21/><E77/><V41/><F15/><W108/><AGARI ba="0,0" hai="45,46,84,89,92,94,96,100,108,110,111" m="47626" machi="108" ten="40,8000,1" yaku="18,1,52,3" doraHai="120" who="3" fromWho="3" sc="192,-40,162,-20,182,-20,464,80" /><INIT seed="5,0,0,0,3,41" ten="152,142,162,544" oya="1" hai0="77,34,132,56,71,58,7,39,124,15,80,134,5" hai1="3,51,52,32,64,83,54,27,89,92,47,104,45" hai2="100,85,88,19,22,69,128,130,97,44,46,73,9" hai3="16,116,135,50,76,62,120,94,106,30,0,6,103"/><U14/><E104/><V87/><F73/><W117/><G120/><T29/><D71/><U26/><E3/><V65/><F69/><W114/><G106/><T2/><D39/><U90/><E64/><V10/><F9/><W67/><G76/><T38/><D38/><U91/><E32/><V98/><F98/><W59/><G30/><T35/><D15/><U115/><E115/><V49/><F65/><W40/><G40/><T57/><D124/><U131/><E131/><N who="2" m="50219" /><F10/><W55/><G6/><N who="0" m="2059" /><D29/><U78/><E14/><N who="2" m="9591" /><F85/><W33/><G55/><N who="1" m="21034" /><E51/><V126/><F49/><W108/><G50/><T119/><D2/><U99/><E78/><V112/><F112/><W109/><G67/><T95/><D119/><U60/><E60/><V11/><F11/><W13/><G62/><T102/><D35/><U72/><E72/><V36/><F36/><W84/><G13/><T23/><D34/><U82/><E26/><V122/><F122/><W118/><G114/><T74/><D23/><U42/><E42/><V8/><F8/><W37/><G0/><T18/><D18/><U133/><E133/><N who="0" m="51305" /><D58/><U101/><E27/><V25/><F126/><W66/><G33/><T63/><D63/><U21/><E21/><V105/><F25/><W61/><G66/><T93/><D57/><U75/><E75/><V125/><F125/><W110/><G61/><T28/><D56/><U31/><E31/><V86/><F86/><W43/><G43/><T96/><D28/><U129/><E129/><V121/><F121/><W4/><G118/><T24/><D24/><U113/><E113/><V53/><F53/><RYUUKYOKU ba="0,0" sc="152,10,142,10,162,10,544,-30" hai0="74,77,80,93,95,96,102" hai1="45,47,82,83,89,90,91,92,99,101" hai2="44,46,87,88,97,100,105" /><INIT seed="5,1,0,4,5,93" ten="162,152,172,514" oya="1" hai0="36,98,10,91,84,35,25,71,0,126,57,60,28" hai1="52,49,115,54,26,87,15,124,62,100,119,4,122" hai2="65,128,109,29,61,39,105,9,99,38,48,44,22" hai3="63,3,125,66,114,56,41,112,34,94,24,37,6"/><U11/><E122/><V42/><F109/><W7/><G125/><T46/><D71/><U78/><E119/><V127/><F127/><W120/><G120/><T110/><D110/><U80/><E124/><V108/><F108/><W47/><G3/><T113/><D126/><U133/><E133/><V32/><F128/><W102/><G94/><T59/><D59/><U40/><E115/><N who="3" m="44074" /><G102/><T17/><D98/><U111/><E111/><V123/><F123/><W88/><G88/><T20/><D113/><U68/><E100/><V55/><F42/><W27/><G27/><T5/><D46/><N who="1" m="25799" /><E26/><V131/><F131/><W86/><G86/><T82/><D36/><U2/><E2/><V33/><F33/><W51/><G51/><T79/><D91/><U96/><E96/><V97/><F105/><W89/><G89/><T73/><D84/><U53/><E68/><V116/><F39/><W67/><G67/><T132/><D132/><U43/><E43/><V69/><F38/><W58/><G58/><AGARI ba="1,0" hai="4,11,15,52,53,54,58,62,78,80,87" m="25799" machi="58" ten="30,5800,0" yaku="25,1,8,1,54,1" doraHai="93" who="1" fromWho="3" sc="162,0,152,61,172,0,514,-61" /><INIT seed="5,2,0,2,4,108" ten="162,213,172,453" oya="1" hai0="104,110,17,48,116,20,134,82,21,30,34,117,123" hai1="13,26,112,74,67,78,89,100,71,70,56,39,8" hai2="59,93,57,29,55,60,86,15,23,32,128,133,2" hai3="22,5,92,109,4,16,106,12,79,6,99,43,28"/><U7/><E39/><V9/><F32/><W51/><G109/><T37/><D104/><U27/><E100/><V50/><F2/><W49/><G106/><T24/><D37/><U129/><E74/><V90/><F133/><W80/><G28/><T11/><D110/><U73/><E73/><V36/><F36/><W103/><REACH who="3" step="1"/><G43/><REACH who="3" ten="162,213,172,443" step="2"/><T83/><D134/><U64/><E129/><V96/><F128/><W45/><G45/><T111/><D111/><U132/><E132/><V124/><F124/><W19/><G19/><T101/><D17/><U127/><E127/><V58/><F60/><W62/><G62/><T81/><D30/><U46/><E7/><V118/><F118/><W120/><G120/><T35/><D123/><U63/><E46/><V44/><F29/><W47/><G47/><T54/><D116/><U98/><E63/><V94/><F23/><W77/><G77/><T42/><D42/><U102/><E78/><V31/><F31/><W115/><G115/><T125/><D125/><U135/><E112/><V41/><F41/><W113/><G113/><T38/><D117/><U75/><E135/><V95/><F96/><W40/><G40/><T122/><D122/><U33/><E98/><V107/><F107/><W72/><AGARI ba="2,1" hai="4,5,6,12,16,22,49,51,72,79,80,92,99,103" machi="72" ten="30,7900,0" yaku="1,1,0,1,54,1,53,1" doraHai="108" doraHaiUra="14" who="3" fromWho="3" sc="162,-22,213,-41,172,-22,443,95" /><INIT seed="6,0,0,4,5,8" ten="140,172,150,538" oya="2" hai0="59,99,129,17,72,78,34,106,82,109,40,102,85" hai1="81,132,108,53,20,103,38,80,13,36,79,133,48" hai2="76,30,32,89,117,110,73,63,121,35,52,98,14" hai3="0,65,87,27,123,134,45,107,43,55,4,16,124"/><V26/><F73/><W128/><G107/><T41/><D34/><U91/><E108/><V64/><F117/><W75/><G55/><T3/><D3/><U74/><E103/><V10/><F76/><W57/><G57/><T66/><D109/><U23/><E81/><V125/><F121/><W84/><G4/><T22/><D129/><U37/><E91/><V83/><F110/><W86/><G27/><T104/><D104/><U49/><E49/><V62/><F125/><W28/><G16/><T39/><D39/><U24/><E13/><V120/><F120/><W77/><G87/><T111/><D111/><U112/><E112/><V31/><F64/><W88/><G65/><T97/><D97/><U127/><E127/><V12/><F10/><W51/><G51/><T93/><D59/><U114/><E114/><V119/><F119/><W1/><G43/><T25/><D66/><U70/><E70/><V46/><F46/><W90/><G90/><AGARI ba="0,0" hai="17,22,25,40,41,72,78,82,85,90,93,99,102,106" machi="90" ten="40,2600,0" yaku="24,2" doraHai="8" who="0" fromWho="3" sc="140,26,172,0,150,0,538,-26" /><INIT seed="7,0,0,2,3,104" ten="166,172,150,512" oya="3" hai0="25,36,77,67,115,45,23,70,92,43,16,52,2" hai1="95,53,120,64,118,44,54,17,21,108,29,40,100" hai2="121,122,57,26,15,103,90,11,35,114,14,68,63" hai3="126,20,119,87,50,37,84,10,69,113,6,123,111"/><W79/><G50/><T91/><D2/><U112/><E120/><V88/><F68/><W85/><G84/><T81/><D115/><U49/><E108/><V62/><F114/><W98/><G85/><T12/><D67/><U8/><E112/><V60/><F103/><W89/><G87/><N who="0" m="48559" /><D70/><U47/><E118/><V55/><F15/><W4/><G10/><T74/><D74/><U73/><E73/><V76/><F76/><W132/><G4/><T31/><D36/><U59/><E64/><V58/><F35/><W72/><G89/><N who="2" m="34409" /><F26/><W22/><G98/><N who="0" m="57631" /><D43/><U34/><E34/><V101/><F101/><W5/><G20/><N who="0" m="15783" /><D52/><U109/><E109/><V56/><F55/><W30/><G30/><T134/><D134/><U28/><E54/><V71/><F71/><W116/><G22/><T83/><D83/><U39/><E39/><V0/><F0/><W18/><G5/><T33/><D33/><U93/><E29/><V99/><F99/><W80/><G18/><T65/><D65/><U131/><E100/><V3/><F3/><W48/><G6/><T51/><D51/><N who="1" m="27015" /><E28/><V61/><N who="2" m="15872" /><DORA hai="128" /><V106/><F106/><W38/><G80/><T125/><D125/><U9/><E47/><AGARI ba="0,0" hai="12,16,23,45,47" m="15783,57631,48559" machi="47" ten="30,2000,0" yaku="8,1,54,1" doraHai="104,128" who="0" fromWho="1" sc="166,20,172,-20,150,0,512,0" owari="186,-1.0,152,-25.0,150,-35.0,512,61.0" /></mjloggm>