<mjloggm ver="2.3"><GO type="169" lobby="0"/><UN n0="%E3%81%97%E3%81%BE%E3%81%9F%E3%82%8D%E3%81%86%EF%BC%A0" n1="%EF%BC%88%E2%89%A7%E2%96%BD%E2%89%A6%EF%BC%89" n2="%E7%AB%8B%E8%8F%AF%E5%A5%8F" n3="%E3%82%AA%E3%82%BA%E3%82%B0%E3%83%AB%E3%83%BC%E3%83%97" dan="17,17,16,16" rate="2155,2111,2117,2153" sx="M,M,F,M"/><TAIKYOKU oya="0"/><INIT seed="0,0,0,2,1,16" ten="250,250,250,250" oya="0" hai0="81,3,64,132,65,11,6,29,33,119,20,5,100" hai1="40,92,60,129,127,86,9,38,55,126,118,89,69" hai2="4,71,67,2,83,22,18,99,124,128,70,13,50" hai3="76,75,95,68,27,102,31,109,108,26,43,14,120"/><T34/><D119/><U79/><E118/><V54/><F124/><N who="1" m="47657" /><E129/><V112/><F112/><W93/><G68/><T49/><D132/><U25/><E79/><V7/><F128/><W32/><G43/><T10/><D100/><U107/><E107/><V113/><F113/><W72/><G76/><T45/><D81/><U63/><E69/><V30/><F83/><W21/><G14/><T0/><D20/><U131/><E131/><V94/><F30/><W123/><G102/><T12/><D12/><U66/><E66/><V74/><F74/><N who="3" m="28203" /><G27/><T121/><D121/><N who="3" m="46665" /><G32/><T15/><D15/><U73/><E73/><V42/><F42/><W47/><G47/><T39/><D39/><U90/><E9/><V122/><F122/><W133/><G133/><T106/><D106/><U101/><E101/><V111/><F2/><W53/><G53/><T51/><D45/><N who="1" m="23703" /><E55/><V103/><F71/><W36/><G36/><T1/><D1/><U57/><E57/><V82/><F82/><W80/><G80/><T78/><D78/><U135/><E135/><V115/><F115/><W23/><G95/><T52/><D52/><U134/><E134/><V24/><F54/><W77/><G93/><T84/><D29/><U117/><E117/><V85/><F94/><W105/><G77/><T46/><D46/><U41/><E41/><V59/><F103/><W58/><G58/><T48/><D48/><U87/><E25/><V130/><F24/><N who="3" m="16783" /><G105/><T35/><D35/><U44/><E44/><V110/><F50/><W56/><G56/><T62/><D62/><N who="1" m="23595" /><E92/><V19/><F130/><W125/><G125/><RYUUKYOKU ba="0,0" sc="250,10,250,10,250,-30,250,10" hai0="0,3,5,6,10,11,33,34,49,51,64,65,84" hai1="86,87,89,90" hai3="23,26,108,109" /><INIT seed="0,1,0,3,5,41" ten="260,260,220,260" oya="0" hai0="36,99,98,13,28,44,133,2,26,58,122,128,85" hai1="115,81,126,6,47,8,87,51,17,93,1,120,134" hai2="91,45,78,109,3,12,132,42,135,19,119,64,46" hai3="56,96,55,74,11,14,24,113,22,77,23,92,94"/><T10/><D122/><U129/><E120/><V68/><F3/><W39/><G113/><T32/><D128/><U124/><E129/><V29/><F119/><W35/><G35/><T43/><D133/><N who="2" m="51274" /><F109/><W31/><G39/><T71/><D71/><U53/><E134/><V103/><F29/><W4/><G74/><T108/><D108/><U40/><E115/><V49/><F78/><W121/><G121/><T110/><D110/><U90/><E17/><V79/><F79/><W118/><G118/><T111/><D111/><U131/><E131/><V107/><F91/><W116/><G77/><T59/><D85/><U104/><E104/><V60/><F103/><W82/><G82/><T117/><D2/><U37/><REACH who="1" step="1"/><E81/><REACH who="1" ten="260,250,220,260" step="2"/><V112/><F107/><W50/><G116/><T102/><D117/><U75/><E75/><V73/><F73/><W57/><G94/><T70/><D70/><U125/><E125/><V15/><F112/><W80/><G80/><T62/><D102/><U30/><E30/><V9/><F19/><W84/><G31/><T88/><D88/><U34/><E34/><V38/><F9/><W27/><G11/><T21/><D32/><U16/><E16/><V72/><F72/><W123/><G123/><T7/><REACH who="0" step="1"/><D59/><AGARI ba="1,1" hai="1,6,8,37,40,47,51,53,59,87,90,93,124,126" machi="59" ten="40,2600,0" yaku="1,1,52,1,53,0" doraHai="41" doraHaiUra="76" who="1" fromWho="0" sc="260,-29,250,39,220,0,260,0" /><INIT seed="1,0,0,1,4,106" ten="231,289,220,260" oya="1" hai0="78,130,37,16,66,46,114,122,133,95,24,43,90" hai1="88,18,38,32,35,36,116,60,4,28,81,64,29" hai2="48,79,1,20,85,72,7,77,121,73,126,27,50" hai3="97,9,103,65,69,61,52,105,107,33,23,58,120"/><U135/><E116/><V111/><F121/><W31/><G120/><T25/><D122/><U41/><E135/><V59/><F126/><W26/><G9/><T76/><D133/><U67/><E4/><V10/><F111/><W134/><G134/><T104/><D104/><U21/><E35/><V129/><F129/><W55/><G107/><T89/><D130/><U98/><E32/><V8/><F8/><W22/><G55/><T57/><D114/><U128/><E128/><V47/><F59/><W96/><G97/><T39/><D39/><U131/><E131/><V42/><F48/><AGARI ba="0,0" hai="22,23,26,31,33,48,52,58,61,65,69,96,103,105" machi="48" ten="30,7700,0" yaku="7,1,25,2,54,1" doraHai="106" who="3" fromWho="2" sc="231,0,289,0,220,-77,260,77" /><INIT seed="2,0,0,0,0,6" ten="231,289,143,337" oya="2" hai0="42,39,73,67,5,81,88,44,24,80,108,15,125" hai1="89,57,66,56,75,70,91,101,131,26,3,97,1" hai2="104,126,128,71,120,46,129,8,94,84,98,22,100" hai3="11,76,41,59,117,47,58,12,69,118,85,20,16"/><V95/><F71/><W123/><G69/><T2/><D108/><U96/><E75/><V79/><F120/><W135/><G123/><T124/><D67/><U32/><E131/><N who="2" m="50251" /><F46/><W133/><G76/><T48/><D15/><U60/><E96/><N who="2" m="61447" /><F22/><W83/><G83/><T18/><D48/><U115/><E115/><V21/><F21/><W114/><G85/><N who="0" m="50215" /><D18/><U34/><E34/><V38/><F38/><W27/><G114/><T4/><D24/><U0/><E57/><V40/><F40/><W23/><G23/><T55/><D55/><U92/><E70/><V77/><F126/><N who="0" m="48746" /><D2/><U51/><E51/><V112/><F112/><W9/><G59/><T72/><D72/><U54/><E54/><V35/><F35/><W134/><G58/><T7/><D73/><U45/><E45/><V25/><F25/><W107/><G107/><T53/><D53/><U19/><E32/><V31/><F31/><W49/><G27/><T30/><D81/><U61/><E61/><V36/><F36/><W43/><G43/><T106/><D106/><U74/><E74/><V99/><F84/><W52/><G41/><T13/><D13/><U62/><E62/><V132/><F132/><W33/><G33/><T90/><D30/><U102/><E26/><V78/><F99/><W103/><G103/><N who="1" m="39434" /><E19/><V109/><F109/><W14/><G20/><T50/><D39/><U105/><E105/><V68/><F68/><W86/><G86/><T93/><D42/><U10/><E89/><N who="2" m="55631" /><F95/><W113/><G113/><T122/><D122/><U65/><E65/><V111/><F111/><W119/><G135/><RYUUKYOKU ba="0,0" sc="231,-30,289,10,143,10,337,10" hai1="0,1,3,10,56,60,66,91,92,97" hai2="8,77,78,79" hai3="9,11,12,14,16,47,49,52,117,118,119,133,134" /><INIT seed="2,1,0,1,2,133" ten="201,299,153,347" oya="2" hai0="58,43,9,125,130,81,38,2,85,13,45,99,24" hai1="77,101,68,56,95,28,96,17,34,6,63,72,46" hai2="12,21,119,16,39,120,87,115,74,131,94,53,62" hai3="26,103,36,54,73,108,18,86,65,102,59,1,90"/><V127/><F74/><W44/><G1/><T88/><D125/><U25/><E68/><V106/><F106/><W92/><G73/><T100/><D130/><U49/><E6/><V93/><F131/><W3/><G3/><T60/><D2/><U29/><E72/><V14/><F115/><W123/><G123/><T42/><D24/><U4/><E77/><V64/><F119/><W113/><G113/><T27/><D27/><U66/><E4/><V11/><F120/><W110/><G65/><T114/><D114/><U79/><E79/><V112/><F112/><W105/><G105/><T121/><D121/><U55/><E29/><V50/><F39/><W31/><G18/><T32/><D32/><U69/><E17/><V70/><F127/><W80/><G44/><T82/><D82/><U37/><E37/><V111/><F111/><N who="3" m="42539" /><G80/><T91/><D91/><U48/><REACH who="1" step="1"/><E46/><REACH who="1" ten="201,289,153,347" step="2"/><V129/><F129/><W78/><G78/><T71/><D71/><U40/><E40/><V98/><F87/><W35/><G36/><T0/><D0/><U51/><AGARI ba="1,1" hai="25,28,34,48,49,51,55,56,63,66,69,95,96,101" machi="51" ten="20,2700,0" yaku="1,1,0,1,7,1,53,0" doraHai="133" doraHaiUra="135" who="1" fromWho="1" sc="201,-8,289,40,153,-14,347,-8" /><INIT seed="3,0,0,5,2,106" ten="193,329,139,339" oya="3" hai0="6,40,123,83,68,38,13,88,26,117,55,110,18" hai1="62,61,10,27,85,17,21,118,23,69,16,9,80" hai2="98,41,87,45,97,73,37,4,70,52,31,29,53" hai3="104,14,122,74,44,107,120,101,20,77,22,128,25"/><W86/><G128/><T78/><D110/><U3/><E118/><V39/><F70/><W66/><G120/><T103/><D117/><U130/><E130/><V99/><F4/><W114/><G114/><T2/><D123/><U92/><E92/><V95/><F73/><W129/><G129/><T36/><D103/><U89/><E3/><V57/><F39/><W121/><G121/><T24/><D68/><U124/><E124/><V135/><F135/><W33/><G33/><T125/><D125/><U15/><E69/><V112/><F112/><W71/><G122/><T1/><D55/><U133/><E133/><V51/><REACH who="2" step="1"/><F53/><REACH who="2" ten="193,329,129,339" step="2"/><W81/><G71/><T65/><D6/><U131/><E131/><V116/><F116/><W28/><G74/><T108/><D38/><U47/><E47/><V56/><F56/><W119/><G44/><T75/><D36/><U82/><E82/><V102/><F102/><W84/><G101/><T96/><D75/><U49/><E49/><V134/><F134/><W42/><G119/><T79/><D83/><U30/><REACH who="1" step="1"/><E9/><REACH who="1" ten="193,319,129,339" step="2"/><V63/><F63/><W48/><G48/><T113/><D113/><U8/><E8/><V19/><F19/><W60/><G81/><T93/><D18/><U111/><E111/><V94/><F94/><W7/><G107/><T34/><D93/><U12/><AGARI ba="0,2" hai="10,12,15,16,17,21,23,27,30,61,62,80,85,89" machi="12" ten="20,8000,1" yaku="1,1,0,1,7,1,8,1,54,1,53,0" doraHai="106" doraHaiUra="127" who="1" fromWho="1" sc="193,-20,319,100,129,-20,339,-40" /><INIT seed="4,0,0,3,2,34" ten="173,419,109,299" oya="0" hai0="43,62,59,120,3,83,38,104,31,103,70,127,6" hai1="29,23,40,117,89,84,71,47,105,93,57,32,95" hai2="16,50,77,12,22,37,80,48,24,54,114,115,102" hai3="67,51,30,75,68,101,121,60,27,17,128,64,18"/><T2/><D127/><U74/><E117/><V124/><F124/><W8/><G75/><T85/><D120/><U45/><E105/><V10/><F37/><W36/><G36/><T92/><D70/><U79/><E71/><V132/><F102/><W26/><G121/><T118/><D118/><U112/><E32/><V1/><F132/><W99/><G67/><T9/><D104/><U116/><E116/><V58/><F50/><W33/><G27/><T108/><D108/><U100/><E112/><V14/><F1/><W96/><G96/><T97/><D31/><U122/><E122/><V87/><REACH who="2" step="1"/><F14/><REACH who="2" ten="173,419,99,299" step="2"/><W5/><G51/><T131/><D38/><U107/><E100/><V25/><F25/><W11/><G128/><T81/><D131/><U91/><E40/><V88/><F88/><W135/><G135/><T73/><D43/><U61/><E91/><V113/><F113/><W15/><REACH who="3" step="1"/><G11/><REACH who="3" ten="173,419,99,289" step="2"/><T126/><D126/><U0/><E107/><AGARI ba="0,2" hai="5,8,15,17,18,26,30,33,60,64,68,99,101,107" machi="107" ten="30,12000,2" yaku="1,1,2,1,7,1,25,2,53,1" doraHai="34" doraHaiUra="20" who="3" fromWho="1" sc="173,0,419,-120,99,0,289,140" /><INIT seed="5,0,0,0,0,85" ten="173,299,99,429" oya="1" hai0="54,102,80,98,1,84,107,60,120,37,93,94,97" hai1="128,45,79,6,78,108,43,110,52,3,71,130,50" hai2="35,49,132,10,74,99,33,129,119,135,89,103,30" hai3="121,15,59,73,44,100,113,86,20,92,91,63,48"/><U4/><E71/><V24/><F119/><W65/><G73/><T39/><D1/><U16/><E43/><V101/><F74/><W125/><G121/><T116/><D120/><U7/><E3/><V68/><F68/><W38/><G38/><T36/><D116/><U90/><E90/><V5/><F129/><N who="1" m="49769" /><E16/><V106/><F35/><W21/><G125/><T81/><D107/><U75/><E75/><V69/><F69/><W25/><G113/><T109/><D109/><AGARI ba="0,0" hai="4,6,7,45,50,52,78,79,108,109,110" m="49769" machi="109" ten="40,7700,0" yaku="10,1,19,1,54,1" doraHai="85" who="1" fromWho="0" sc="173,-77,299,77,99,0,429,0" /><INIT seed="5,1,0,0,0,95" ten="96,376,99,429" oya="1" hai0="92,50,76,5,60,34,59,118,25,80,6,41,65" hai1="45,81,22,130,79,55,12,134,18,56,103,89,51" hai2="91,10,28,129,35,9,133,61,32,27,135,131,114" hai3="111,110,116,115,53,78,83,117,2,122,97,68,58"/><U82/><E134/><N who="2" m="51211" /><F61/><W93/><G68/><T96/><D118/><N who="3" m="45673" /><G2/><T57/><D34/><N who="2" m="12842" /><F91/><N who="3" m="55487" /><G122/><T17/><D25/><U125/><E125/><V123/><F123/><W48/><G115/><T40/><D17/><U11/><E130/><N who="2" m="49675" /><F114/><W100/><G100/><T69/><D69/><U86/><E103/><V90/><F90/><W42/><G42/><T104/><D104/><U102/><E102/><V47/><F47/><W94/><G94/><T52/><D41/><U64/><E64/><V15/><F15/><W107/><G107/><T71/><D71/><U113/><E113/><V3/><F3/><W19/><G19/><T24/><D40/><U1/><E1/><V109/><F109/><W127/><G111/><T121/><D121/><U63/><E63/><V75/><F75/><W38/><G110/><T101/><REACH who="0" step="1"/><D24/><REACH who="0" ten="86,376,99,429" step="2"/><U72/><REACH who="1" step="1"/><E11/><REACH who="1" ten="86,366,99,429" step="2"/><V70/><F70/><W124/><G38/><T119/><D119/><U88/><E88/><V85/><F85/><AGARI ba="1,2" hai="48,53,58,78,83,85,124,127" m="55487,45673" machi="85" ten="30,2000,0" yaku="12,1,52,1" doraHai="95" who="3" fromWho="2" sc="86,0,366,0,99,-23,429,43" /><AGARI ba="1,0" hai="5,6,50,52,57,59,60,65,76,80,85,92,96,101" machi="85" ten="30,12000,2" yaku="1,1,7,1,8,1,52,1,54,1,53,1" doraHai="95" doraHaiUra="46" who="0" fromWho="2" sc="86,120,366,0,76,-120,472,0" owari="206,-19.0,366,17.0,-44,-54.0,472,56.0" /></mjloggm>