<mjloggm ver="2.3"><GO type="169" lobby="0"/><UN n0="%E2%99%AA%E3%83%A2%E3%83%8E%E3%82%AF%E3%83%AD" n1="%E3%82%AF%E3%83%A9" n2="%E3%81%B4%E3%81%AE" n3="%EF%BC%88%E2%89%A7%E2%96%BD%E2%89%A6%EF%BC%89" dan="18,16,16,17" rate="2200.95,2090.03,2094.62,2133.14" sx="F,M,M,M"/><TAIKYOKU oya="0"/><INIT seed="0,0,0,5,3,13" ten="250,250,250,250" oya="0" hai0="116,98,43,83,11,3,57,9,95,23,113,51,105" hai1="110,4,111,56,74,52,2,135,21,80,0,20,41" hai2="12,108,112,29,62,103,16,92,109,33,68,106,17" hai3="55,77,64,35,78,129,48,8,117,66,39,88,100"/><T49/><D113/><U115/><E115/><V24/><F112/><W63/><G39/><T1/><D105/><U34/><E34/><V65/><F92/><W61/><G35/><T133/><D116/><U122/><E122/><V125/><F125/><W99/><G129/><T47/><D133/><U71/><E71/><V121/><F121/><W25/><G117/><T54/><D23/><U127/><E41/><V37/><F37/><W15/><G25/><T89/><REACH who="0" step="1"/><D83/><REACH who="0" ten="240,250,250,250" step="2"/><U22/><E22/><N who="2" m="11527" /><F17/><W132/><G132/><T50/><D50/><U18/><E135/><V114/><F114/><W73/><G48/><T19/><D19/><U130/><E18/><V119/><F119/><W93/><G8/><AGARI ba="0,1" hai="1,3,8,9,11,43,47,49,51,54,57,89,95,98" machi="8" ten="40,7700,0" yaku="1,1,53,2" doraHai="13" doraHaiUra="44" who="0" fromWho="3" sc="240,87,250,0,250,0,250,-77" /><INIT seed="0,1,0,4,5,26" ten="327,250,250,173" oya="0" hai0="23,69,115,94,133,67,112,71,65,98,60,24,127" hai1="8,79,28,118,107,16,114,110,15,95,89,92,130" hai2="77,17,105,11,72,29,18,96,80,82,20,86,44" hai3="27,100,6,63,113,97,128,109,34,101,111,42,64"/><T88/><D127/><U0/><E118/><V84/><F44/><W132/><G113/><T10/><D133/><U41/><E107/><V51/><F51/><W55/><G132/><T39/><D39/><U75/><E114/><V35/><F35/><W31/><G42/><T47/><D47/><U58/><E110/><N who="3" m="41994" /><G128/><T30/><D10/><U40/><E130/><V104/><F72/><W99/><G55/><T83/><D83/><U37/><E37/><V14/><F96/><N who="3" m="36939" /><G6/><T117/><D117/><U5/><E58/><AGARI ba="1,0" hai="27,31,34,58,63,64,100,101" m="36939,41994" machi="58" ten="30,2000,0" yaku="14,1,52,1" doraHai="26" who="3" fromWho="1" sc="327,0,250,-23,250,0,173,23" /><INIT seed="1,0,0,5,0,50" ten="327,227,250,196" oya="1" hai0="24,59,69,10,85,93,116,31,45,88,128,135,0" hai1="100,123,5,53,17,97,67,96,7,4,33,78,52" hai2="114,48,106,126,107,80,57,66,113,108,29,3,90" hai3="15,98,122,103,94,110,41,72,34,38,32,91,40"/><U104/><E123/><V35/><F108/><W70/><G122/><T129/><D69/><U46/><E33/><V42/><F126/><W18/><G72/><T79/><D116/><U112/><E112/><N who="2" m="43115" /><F3/><W43/><G110/><T130/><D135/><U1/><E1/><V47/><F29/><W86/><G70/><T117/><D117/><U37/><E78/><V115/><F35/><W83/><REACH who="3" step="1"/><G38/><REACH who="3" ten="327,227,250,186" step="2"/><T71/><D71/><U132/><E132/><V74/><F115/><W8/><AGARI ba="0,1" hai="8,15,18,32,34,40,41,43,83,86,91,94,98,103" machi="8" ten="30,4000,0" yaku="1,1,2,1,0,1,53,0" doraHai="50" doraHaiUra="125" who="3" fromWho="3" sc="327,-10,227,-20,250,-10,186,50" /><INIT seed="2,0,0,5,4,108" ten="317,207,240,236" oya="2" hai0="124,28,50,3,72,125,46,88,53,80,26,91,41" hai1="76,92,82,83,73,40,19,11,29,120,0,61,18" hai2="39,123,35,89,51,127,36,63,47,115,90,38,78" hai3="33,2,16,56,10,94,66,113,27,14,106,99,133"/><V93/><F35/><W20/><G113/><T129/><D3/><U126/><E126/><N who="0" m="48745" /><D129/><U122/><E29/><V116/><F115/><W87/><G106/><T13/><D13/><U100/><E40/><V49/><F127/><W24/><G133/><T98/><D98/><N who="1" m="59463" /><E83/><V31/><F123/><N who="1" m="47145" /><E61/><V81/><F116/><W109/><G109/><T45/><D80/><U4/><AGARI ba="0,0" hai="0,4,11,18,19,73,76,82" m="47145,59463" machi="4" ten="30,1100,0" yaku="13,1" doraHai="108" who="1" fromWho="1" sc="317,-3,207,11,240,-5,236,-3" /><INIT seed="3,0,0,2,5,110" ten="314,218,235,233" oya="3" hai0="57,8,21,88,87,128,95,133,36,42,25,109,93" hai1="59,32,89,107,49,126,54,64,105,73,127,98,24" hai2="35,40,9,77,2,28,0,60,83,134,16,85,10" hai3="39,44,4,97,75,79,45,20,13,135,51,130,15"/><W5/><G130/><T18/><D109/><U78/><E73/><V132/><F40/><W55/><G135/><T38/><D133/><N who="2" m="51306" /><F60/><W48/><G39/><T30/><D128/><U91/><E78/><V108/><F108/><W47/><G97/><T1/><D42/><U63/><E32/><V94/><F94/><W114/><G75/><T111/><D111/><U61/><E24/><N who="2" m="18823" /><F16/><N who="3" m="10255" /><G79/><T53/><D95/><N who="1" m="56687" /><E91/><V129/><F129/><W68/><G68/><T76/><D76/><U119/><E63/><V131/><F131/><W81/><G81/><T125/><D125/><N who="1" m="47627" /><E119/><V37/><F37/><W17/><G48/><T65/><D65/><U69/><AGARI ba="0,0" hai="49,54,59,61,64,69,105,107" m="47627,56687" machi="69" ten="30,1100,0" yaku="18,1" doraHai="110" who="1" fromWho="1" sc="314,-3,218,11,235,-3,233,-5" /><INIT seed="4,0,0,1,1,78" ten="311,229,232,228" oya="0" hai0="70,98,8,111,2,89,23,19,24,99,75,105,71" hai1="22,88,47,125,116,28,121,135,103,106,108,54,128" hai2="10,27,126,50,68,77,115,92,25,104,124,67,53" hai3="38,44,61,34,55,117,130,46,20,32,120,17,97"/><T48/><D75/><U90/><E108/><V69/><F104/><W85/><G117/><T95/><D111/><U73/><E116/><V13/><F115/><W83/><G120/><T119/><D119/><U114/><E121/><V3/><F3/><W41/><G130/><T42/><D42/><U60/><E114/><V7/><F92/><W129/><G97/><T65/><D65/><U109/><E109/><V4/><F4/><W94/><G94/><T113/><D113/><U86/><E128/><V43/><F43/><W35/><G129/><T63/><D63/><U57/><E73/><V30/><F77/><W14/><G61/><T36/><D36/><U122/><E122/><V101/><F101/><W51/><REACH who="3" step="1"/><G34/><REACH who="3" ten="311,229,232,218" step="2"/><T9/><D99/><U87/><E106/><V112/><F112/><W72/><G72/><T81/><D95/><U45/><E103/><V11/><F126/><W123/><G123/><T12/><D98/><U102/><E102/><V18/><F124/><W82/><G82/><T56/><D81/><N who="1" m="49231" /><E125/><V80/><F80/><W134/><G134/><T107/><D105/><U133/><E133/><V84/><F84/><W127/><G127/><T96/><D107/><U1/><E135/><V74/><F74/><W58/><G58/><T15/><D56/><U62/><E62/><V93/><F93/><W76/><AGARI ba="0,1" hai="14,17,20,32,35,38,41,44,46,51,55,76,83,85" machi="76" ten="20,12000,2" yaku="1,1,0,1,7,1,52,1,53,2" doraHai="78" doraHaiUra="31" who="3" fromWho="3" sc="311,-60,229,-30,232,-30,218,130" /><INIT seed="5,0,0,3,5,129" ten="251,199,202,348" oya="1" hai0="30,19,58,106,117,63,81,52,110,18,100,120,39" hai1="40,44,115,61,93,88,135,12,134,90,70,130,56" hai2="97,116,127,101,86,131,113,45,112,0,71,38,95" hai3="74,73,76,99,28,111,14,60,118,72,96,26,48"/><U24/><E70/><V80/><F0/><W53/><G111/><T8/><D117/><U5/><E130/><V22/><F71/><W27/><G76/><T17/><D110/><U35/><E115/><N who="2" m="44107" /><F38/><W29/><G60/><T67/><D39/><U4/><E35/><V49/><F22/><W41/><G41/><T16/><D120/><U84/><E24/><V108/><F45/><W103/><G99/><T122/><D122/><U98/><E12/><V55/><F49/><W10/><G118/><T121/><D121/><U9/><E9/><V124/><F55/><W20/><G27/><T126/><D126/><N who="2" m="48170" /><F116/><W69/><G69/><T83/><D30/><U21/><E21/><V62/><F62/><W114/><G28/><T125/><D125/><U46/><E5/><V107/><F131/><W65/><G65/><T77/><D67/><N who="1" m="39335" /><E4/><V13/><F13/><W87/><G114/><T3/><D3/><U1/><E1/><V128/><F128/><W51/><G14/><T37/><D37/><U94/><E40/><V66/><F66/><W42/><G42/><T15/><D19/><U43/><E43/><V25/><F25/><W105/><G10/><T64/><D18/><U109/><E109/><V36/><F36/><W79/><G53/><T91/><D64/><U119/><E119/><V82/><F108/><W54/><G54/><T59/><D52/><U104/><E46/><V57/><F57/><W102/><G48/><T7/><D15/><U31/><E44/><V78/><F82/><N who="3" m="47583" /><G51/><T85/><D8/><U89/><E31/><V2/><F2/><W123/><G123/><RYUUKYOKU ba="0,0" sc="251,-15,199,-15,202,15,348,15" hai2="78,80,86,95,97,101,107" hai3="20,26,29,72,73,74,96,102,103,105" /><INIT seed="6,1,0,4,0,118" ten="236,184,217,363" oya="2" hai0="66,85,105,94,123,44,0,110,89,72,124,40,38" hai1="11,1,131,100,111,53,82,76,42,10,39,5,115" hai2="104,134,109,35,34,52,88,120,3,125,33,21,20" hai3="95,64,77,90,36,65,54,55,45,67,87,41,102"/><V62/><F104/><W48/><G102/><T30/><D110/><U26/><E111/><V128/><F109/><W43/><G36/><T37/><D0/><U9/><E115/><V122/><F3/><W98/><G41/><T80/><D105/><U56/><E131/><V46/><F128/><W114/><G114/><T6/><D6/><U22/><E100/><V29/><F134/><W71/><G71/><T47/><D124/><U58/><E58/><V13/><F125/><W91/><G77/><T86/><D72/><U23/><E42/><V113/><F113/><W17/><G17/><T130/><D130/><U106/><E39/><V60/><F88/><W119/><G119/><T59/><D123/><U97/><E97/><V49/><F21/><W27/><G27/><T84/><D30/><U61/><E23/><V129/><F129/><W70/><G70/><T75/><D75/><U74/><REACH who="1" step="1"/><E106/><REACH who="1" ten="236,174,217,363" step="2"/><V126/><F126/><W4/><G43/><T83/><D37/><U112/><E112/><V127/><F127/><W133/><G98/><N who="0" m="57679" /><D38/><U96/><E96/><V73/><F73/><W28/><G95/><T101/><D101/><U25/><E25/><V68/><F68/><W135/><G135/><T117/><D117/><U18/><AGARI ba="1,1" hai="1,5,9,10,11,18,22,26,53,56,61,74,76,82" machi="18" ten="20,2700,0" yaku="1,1,0,1,7,1,53,0" doraHai="118" doraHaiUra="121" who="1" fromWho="1" sc="236,-8,174,40,217,-14,363,-8" /><INIT seed="7,0,0,3,3,69" ten="228,214,203,355" oya="3" hai0="92,95,101,130,3,34,45,118,43,131,117,58,102" hai1="97,100,67,135,77,50,76,123,8,4,5,132,24" hai2="55,99,36,65,21,57,53,108,122,126,35,104,89" hai3="61,113,119,70,52,49,63,23,59,115,27,41,112"/><W133/><G133/><N who="1" m="51274" /><E123/><V127/><F35/><W105/><G105/><T91/><D34/><U40/><E67/><V111/><F104/><W66/><G119/><N who="0" m="45579" /><D58/><U11/><E24/><V54/><F99/><W38/><G61/><T71/><D3/><N who="1" m="31" /><E50/><V107/><F107/><W51/><G51/><N who="0" m="27071" /><D71/><U10/><E40/><V29/><F122/><W28/><G41/><T124/><D124/><N who="2" m="47658" /><F89/><W83/><G112/><T78/><D78/><N who="1" m="30315" /><E5/><V2/><F2/><W64/><G70/><T20/><D20/><U74/><E74/><V47/><F21/><W26/><G23/><T128/><D95/><AGARI ba="0,0" hai="10,11,95,97,100" m="30315,31,51274" machi="95" ten="30,1000,0" yaku="20,1" doraHai="69" who="1" fromWho="0" sc="228,-10,214,10,203,0,355,0" owari="218,-18.0,224,2.0,203,-30.0,355,46.0" /></mjloggm>