<mjloggm ver="2.3"><GO type="169"/><UN n0="%EF%BC%88%E2%89%A7%E2%96%BD%E2%89%A6%EF%BC%89" n1="%E3%81%AA%E3%83%BC%E3%81%8B%E3%82%80" n2="%E9%AB%98%E7%94%BA%E3%83%B4%E3%82%A3%E3%83%B4%E3%82%A3%E3%82%AA%E2%98%86" n3="%6B%6F%68%73%68%69" dan="16,16,16,16" rate="2082,2119,2048,2023" sx="M,M,F,M"/><TAIKYOKU oya="0"/><INIT seed="0,0,0,4,2,89" ten="250,250,250,250" oya="0" hai0="27,112,114,69,109,22,57,117,123,30,32,127,72" hai1="0,19,56,106,84,75,4,105,70,34,120,86,98" hai2="113,126,128,16,92,59,108,20,35,43,1,40,102" hai3="103,111,131,91,33,67,39,37,99,63,133,90,28"/><T50/><D69/><U49/><E75/><V74/><F35/><W60/><G131/><T130/><D72/><U96/><E70/><V81/><F1/><W18/><G63/><T73/><D73/><U26/><E120/><V80/><F113/><W97/><G133/><T29/><D123/><U93/><E0/><V2/><F2/><W44/><G111/><T66/><D130/><U115/><E115/><V21/><F21/><W124/><G124/><T17/><D127/><U78/><E4/><V121/><F108/><W134/><G134/><T42/><D109/><U13/><E98/><N who="2" m="59719" /><F74/><W55/><G33/><T122/><D122/><U85/><E78/><V116/><F116/><W88/><G28/><T52/><D117/><U23/><E49/><V36/><F36/><W6/><G99/><T101/><D66/><U48/><E48/><V79/><F79/><W64/><G6/><T46/><D101/><U76/><E76/><V9/><F128/><W95/><G64/><T135/><D30/><U110/><E110/><V65/><F121/><W100/><G100/><T119/><D119/><U31/><REACH who="1" step="1"/><E56/><REACH who="1" ten="250,240,250,250" step="2"/><V118/><F59/><W14/><G44/><T38/><REACH who="0" step="1"/><D135/><REACH who="0" ten="240,240,250,250" step="2"/><U125/><E125/><V53/><F126/><W24/><G67/><T10/><D10/><U87/><N who="1" m="21504" /><DORA hai="41" /><U129/><E129/><V68/><F9/><W47/><G103/><AGARI ba="0,2" hai="13,19,23,26,31,34,93,96,103,105,106" m="21504" machi="103" ten="50,6400,0" yaku="1,1,52,1,53,1" doraHai="89,41" doraHaiUra="71,15" who="1" fromWho="3" sc="240,0,240,84,250,0,250,-64" /><INIT seed="1,0,0,3,4,33" ten="240,324,250,186" oya="1" hai0="21,87,91,12,23,15,103,101,16,68,14,108,45" hai1="94,9,22,24,119,29,96,82,67,102,26,63,35" hai2="70,80,126,65,10,44,7,93,34,38,4,13,134" hai3="40,98,135,72,104,115,57,109,71,120,42,84,3"/><U92/><E119/><V100/><F34/><W89/><G120/><T37/><D68/><U66/><E82/><V75/><F134/><W73/><G115/><T125/><D125/><U123/><E123/><V99/><F126/><W43/><G71/><T90/><D108/><U128/><E128/><V130/><F130/><W121/><G121/><T48/><D37/><U8/><E94/><V52/><F65/><W60/><G135/><T50/><D23/><U32/><E32/><V83/><F70/><W133/><G133/><T53/><D50/><U59/><REACH who="1" step="1"/><E66/><REACH who="1" ten="240,314,250,186" step="2"/><V62/><F80/><W76/><G104/><T41/><D90/><U28/><AGARI ba="0,1" hai="8,9,22,24,26,28,29,35,59,63,67,92,96,102" machi="28" ten="20,18000,2" yaku="1,1,2,1,0,1,7,1,25,2,53,0" doraHai="33" doraHaiUra="131" who="1" fromWho="1" sc="240,-60,314,190,250,-60,186,-60" /><INIT seed="1,1,0,3,4,80" ten="180,504,190,126" oya="1" hai0="7,2,27,23,61,20,60,120,131,62,95,65,35" hai1="12,16,100,104,3,114,59,116,8,55,0,21,67" hai2="77,51,105,124,109,125,56,76,33,98,135,57,5" hai3="10,122,37,41,39,115,127,87,102,113,119,132,108"/><U48/><E116/><V133/><F33/><W112/><G102/><T32/><D131/><U34/><E34/><V110/><F5/><W75/><G75/><T74/><D120/><U71/><E114/><V54/><F105/><W36/><G122/><T81/><D65/><U19/><E104/><V1/><F98/><W6/><G119/><T90/><D2/><U92/><E100/><V123/><F1/><W42/><G127/><N who="2" m="48713" /><F123/><W31/><G31/><T117/><D7/><U99/><E71/><V44/><F77/><W47/><G132/><N who="2" m="50761" /><F76/><W86/><G108/><AGARI ba="1,0" hai="44,51,54,56,57,108,109,110" m="50761,48713" machi="108" ten="40,8000,1" yaku="14,1,18,1,20,1,34,2" doraHai="80" who="2" fromWho="3" sc="180,0,504,0,190,83,126,-83" /><INIT seed="2,0,0,5,3,135" ten="180,504,273,43" oya="2" hai0="0,10,123,80,91,126,90,61,3,7,53,127,133" hai1="19,134,92,118,82,108,79,129,4,77,25,94,107" hai2="14,128,16,70,43,45,119,85,50,64,114,69,117" hai3="67,60,112,83,101,99,48,35,62,49,37,109,17"/><V125/><F114/><W81/><G37/><T5/><D123/><U124/><E4/><V111/><F128/><W93/><G112/><T21/><D133/><U66/><E66/><V27/><F125/><N who="0" m="47626" /><D21/><N who="1" m="13503" /><E107/><V75/><F75/><W15/><G35/><T132/><D132/><U63/><E124/><V39/><F27/><W24/><G109/><T84/><D90/><U26/><E108/><V38/><F111/><W57/><G24/><T121/><D121/><U96/><E26/><V36/><F85/><W71/><G81/><T46/><D61/><U32/><E63/><V12/><F119/><W113/><G83/><T44/><D53/><U120/><E32/><V95/><F117/><W52/><REACH who="3" step="1"/><G113/><REACH who="3" ten="180,504,273,33" step="2"/><T13/><D0/><U40/><E118/><V130/><F39/><W122/><G122/><T89/><D89/><U74/><E134/><V8/><F38/><W59/><G59/><T56/><D56/><U31/><E120/><V6/><F36/><W105/><G105/><T72/><D72/><U28/><E74/><V42/><F69/><W73/><G73/><T76/><D76/><U97/><E79/><V47/><F70/><W106/><G106/><T110/><D110/><U88/><E77/><V1/><F1/><W23/><AGARI ba="0,1" hai="15,17,23,48,49,52,57,60,62,67,71,93,99,101" machi="23" ten="20,5200,0" yaku="1,1,0,1,7,1,54,1,53,0" doraHai="135" doraHaiUra="104" who="3" fromWho="3" sc="180,-13,504,-13,273,-26,33,62" /><INIT seed="3,0,0,3,0,120" ten="167,491,247,95" oya="3" hai0="48,98,57,35,38,116,77,50,63,31,109,59,36" hai1="74,85,107,39,121,11,37,129,20,49,14,1,70" hai2="43,32,86,40,30,81,117,56,69,54,80,106,19" hai3="114,93,87,45,101,113,88,79,134,100,15,103,111"/><W68/><G68/><T4/><D116/><U64/><E74/><V10/><F69/><W52/><G134/><T33/><D77/><U75/><E75/><V84/><F106/><W8/><G111/><T58/><D4/><U67/><E121/><V60/><F30/><W27/><G27/><T24/><D63/><U108/><E107/><V17/><F32/><W128/><G128/><T105/><D109/><U7/><E129/><V47/><F117/><W34/><G34/><T123/><D123/><U110/><E49/><N who="2" m="26879" /><F40/><W42/><G79/><T29/><D38/><U46/><E39/><V125/><F125/><W44/><G52/><T104/><D36/><U41/><E85/><N who="2" m="32875" /><F10/><W119/><G119/><T124/><D124/><U131/><E131/><V91/><F91/><W21/><G21/><T26/><D58/><U78/><E78/><V95/><F95/><W65/><G65/><T22/><D22/><U94/><E94/><V99/><F99/><AGARI ba="0,0" hai="24,26,29,31,33,35,48,50,57,59,98,99,104,105" machi="99" ten="25,1600,0" yaku="22,2" doraHai="120" who="0" fromWho="2" sc="167,16,491,0,247,-16,95,0" /><INIT seed="4,0,0,1,1,67" ten="183,491,231,95" oya="0" hai0="113,76,98,81,38,63,110,37,92,78,46,122,1" hai1="109,34,18,50,10,73,30,36,75,25,14,121,120" hai2="111,39,89,48,0,53,27,104,11,17,69,66,117" hai3="65,112,103,72,115,40,129,83,61,41,24,84,12"/><T87/><D122/><U135/><E36/><V3/><F39/><W47/><G72/><T2/><D113/><U130/><E73/><V22/><F104/><W118/><G118/><T97/><D110/><U57/><E75/><V59/><F111/><W16/><G129/><T102/><D76/><U74/><E74/><V68/><F117/><W29/><G103/><T31/><D31/><U52/><E109/><V20/><F89/><W88/><G47/><T132/><D132/><U42/><E42/><V85/><F85/><W128/><G128/><T105/><D38/><U126/><E130/><V116/><F116/><W58/><G112/><T8/><D8/><U80/><E135/><V125/><F125/><W5/><G5/><T62/><D37/><U90/><E126/><V7/><F66/><W82/><G82/><T123/><D46/><U131/><E131/><V43/><F43/><W108/><G115/><T124/><D123/><U9/><E9/><V28/><REACH who="2" step="1"/><F0/><REACH who="2" ten="183,491,221,95" step="2"/><W21/><REACH who="3" step="1"/><G108/><REACH who="3" ten="183,491,221,85" step="2"/><T119/><D124/><U64/><E121/><V51/><F51/><W77/><G77/><T86/><D119/><U55/><E120/><V93/><F93/><W35/><AGARI ba="0,2" hai="12,16,21,24,29,35,40,41,58,61,65,83,84,88" machi="35" ten="20,12000,2" yaku="1,1,0,1,7,1,54,2,53,1" doraHai="67" doraHaiUra="23" who="3" fromWho="3" sc="183,-60,491,-30,221,-30,85,140" /><INIT seed="5,0,0,2,5,26" ten="123,461,191,225" oya="1" hai0="91,12,103,38,51,108,59,107,62,115,109,30,105" hai1="72,42,29,60,81,116,17,50,126,63,88,52,135" hai2="85,121,4,111,89,24,39,18,25,76,44,125,55" hai3="124,13,8,22,37,61,102,94,104,98,97,9,95"/><U96/><E116/><V77/><F111/><W130/><G37/><T19/><D115/><U31/><E42/><V69/><F69/><W40/><G40/><T15/><D38/><U110/><E110/><V112/><F121/><W86/><G124/><T43/><D108/><U27/><E126/><V120/><F120/><W45/><G130/><T100/><D109/><U68/><E135/><V106/><F106/><W117/><G117/><T20/><D107/><U134/><E134/><V49/><F125/><W128/><G128/><T132/><D132/><U6/><E6/><V3/><F39/><W70/><G45/><T67/><D105/><U127/><E127/><V41/><F41/><W46/><G46/><T79/><D79/><N who="2" m="30282" /><F4/><W71/><G104/><T84/><D15/><U56/><E72/><V36/><F3/><W33/><G33/><T93/><REACH who="0" step="1"/><D30/><REACH who="0" ten="113,461,191,225" step="2"/><N who="1" m="11275" /><E68/><V131/><F36/><W11/><G71/><T133/><D133/><U28/><E28/><V87/><F112/><W58/><G70/><T64/><D64/><U92/><E81/><V73/><F131/><W32/><G32/><T66/><D66/><U0/><E0/><V65/><F65/><W5/><G5/><T75/><D75/><U78/><E78/><V14/><F73/><W57/><G13/><T74/><D74/><U80/><E80/><N who="2" m="49319" /><F87/><W21/><G86/><T35/><D35/><U114/><E114/><V54/><F54/><W90/><REACH who="3" step="1"/><G58/><REACH who="3" ten="113,461,191,215" step="2"/><T23/><D23/><AGARI ba="0,2" hai="17,23,27,50,52,56,60,63,88,92,96" m="11275" machi="23" ten="30,18000,2" yaku="8,1,52,3,54,2" doraHai="26" who="1" fromWho="0" sc="113,-180,461,200,191,0,215,0" /><AGARI ba="0,0" hai="14,18,23,24,25,44,49,55" m="49319,30282" machi="23" ten="30,1000,0" yaku="8,1" doraHai="26" who="2" fromWho="0" sc="-67,-10,661,0,191,10,215,0" owari="-77,-58.0,661,76.0,201,-20.0,215,2.0" /></mjloggm>