<mjloggm ver="2.3"><GO type="41"/><UN n0="%E3%82%A6%E3%83%AB%E3%83%88%E3%83%A9%E7%AB%8B%E7%9B%B4" n1="%50%59%58%49%53" n2="%E3%81%82%E3%81%96%E3%82%89%E3%81%97%EF%BC%92%EF%BC%90" n3="%73%75%6D%32%32%35%35" dan="15,13,14,14" rate="1978,1882,1975,1870" sx="M,M,M,M"/><TAIKYOKU oya="0"/><INIT seed="0,0,0,5,3,100" ten="250,250,250,250" oya="0" hai0="133,10,77,83,22,107,53,11,65,43,78,102,89" hai1="113,0,15,119,126,71,82,52,38,57,67,105,101" hai2="91,127,51,63,90,108,35,20,93,92,8,24,85" hai3="97,7,47,4,50,116,27,2,21,41,106,124,62"/><T46/><D133/><U120/><E120/><V114/><F114/><W123/><G2/><T45/><D65/><U30/><E119/><V73/><F73/><W26/><G116/><T81/><D22/><U79/><E113/><V134/><F134/><W94/><G124/><T31/><D89/><U86/><E38/><V125/><F35/><W110/><G110/><T109/><D31/><U132/><E0/><V17/><F108/><W88/><G123/><T68/><D68/><U40/><E40/><V5/><F63/><W130/><G130/><T75/><D109/><U74/><E126/><V70/><F51/><W39/><G39/><T33/><D33/><U19/><E30/><V121/><F70/><W112/><G27/><T56/><D43/><U96/><E132/><V61/><F61/><W25/><G25/><T129/><D129/><U18/><E18/><V131/><F131/><W104/><G112/><T12/><D46/><U69/><E67/><V58/><F58/><W37/><G62/><T128/><D128/><U34/><E34/><V103/><F103/><W32/><G32/><T122/><D45/><U59/><E59/><V44/><F44/><W14/><G37/><T98/><D122/><U13/><E13/><V84/><F121/><W87/><G97/><T29/><D29/><U3/><E3/><AGARI ba="0,0" hai="3,5,8,17,20,24,84,85,90,91,92,93,125,127" machi="3" ten="40,1300,0" yaku="9,1" doraHai="100" who="2" fromWho="1" sc="250,0,250,-13,250,13,250,0" /><INIT seed="1,0,0,2,2,5" ten="250,237,263,250" oya="1" hai0="91,109,129,118,100,125,37,74,51,114,64,29,50" hai1="26,0,108,96,54,110,101,81,27,17,55,60,59" hai2="98,92,30,18,68,106,104,78,8,99,10,56,20" hai3="11,58,122,71,35,4,93,133,105,43,9,121,38"/><U7/><E81/><V32/><F68/><W86/><G105/><T57/><D100/><U134/><E134/><V2/><F2/><W1/><G71/><T97/><D29/><U135/><E135/><V13/><F106/><W123/><G133/><T40/><D74/><U61/><E17/><V119/><F119/><W130/><G35/><T47/><D97/><U67/><E7/><V120/><F120/><W73/><G73/><T52/><D91/><U77/><E0/><V63/><F78/><W72/><G72/><T89/><D89/><U22/><E77/><V39/><F39/><W107/><G107/><T116/><D114/><U112/><E112/><V76/><F76/><W132/><G132/><T65/><D125/><U45/><E45/><V70/><F70/><W85/><G130/><T117/><D129/><U49/><E54/><V95/><F104/><W25/><G1/><T14/><D14/><U113/><E113/><V34/><F30/><W15/><G25/><T102/><D102/><U82/><E82/><V24/><F24/><N who="1" m="9257" /><E22/><V48/><F32/><W87/><G58/><T33/><D33/><U80/><E80/><V131/><F34/><W41/><G93/><N who="2" m="35913" /><F48/><W69/><G69/><T127/><D127/><U44/><E61/><V28/><F28/><W111/><G111/><N who="1" m="42538" /><E96/><N who="2" m="36907" /><F131/><W115/><G115/><T6/><D109/><U126/><E126/><V66/><AGARI ba="0,0" hai="8,10,13,18,20,56,63,66" m="36907,35913" machi="66" ten="30,4000,0" yaku="8,1,52,2" doraHai="5" who="2" fromWho="2" sc="250,-10,237,-20,263,40,250,-10" /><INIT seed="2,0,0,2,1,21" ten="240,217,303,240" oya="2" hai0="100,61,32,49,87,101,51,41,42,53,31,19,121" hai1="9,129,72,25,4,78,128,107,98,35,131,96,115" hai2="8,102,70,86,68,66,94,88,2,47,5,17,132" hai3="134,10,43,85,38,123,1,16,36,0,82,127,104"/><V11/><F102/><W67/><G104/><T126/><D32/><U113/><E107/><V79/><F79/><W39/><G123/><T64/><D31/><U125/><E78/><V112/><F112/><W106/><G106/><T92/><D121/><U117/><E72/><V33/><F33/><W48/><G67/><T116/><D116/><U62/><E62/><V26/><F132/><W111/><G111/><T13/><D126/><U71/><E71/><V60/><F47/><W110/><G110/><T22/><D101/><U135/><E117/><V27/><F70/><W95/><G95/><T56/><D51/><U59/><E59/><V99/><F99/><W109/><G109/><T58/><REACH who="0" step="1"/><D100/><REACH who="0" ten="230,217,303,240" step="2"/><U81/><E125/><V133/><REACH who="2" step="1"/><F133/><REACH who="2" ten="230,217,293,240" step="2"/><W120/><G120/><T124/><D124/><U34/><E135/><V69/><F69/><W30/><G134/><T84/><D84/><U105/><E115/><V54/><F54/><W37/><G127/><T65/><D65/><U89/><E113/><V74/><F74/><W23/><G85/><T44/><D44/><U12/><E105/><V80/><F80/><W57/><G82/><T73/><D73/><U20/><E98/><V63/><F63/><W90/><G39/><T75/><D75/><U91/><E96/><V118/><F118/><W18/><G38/><T93/><D93/><U14/><E81/><V40/><F40/><W29/><G37/><T24/><D24/><U46/><E128/><V77/><F77/><W15/><G36/><T76/><D76/><U7/><E131/><V55/><F55/><W97/><G43/><RYUUKYOKU ba="0,2" sc="230,15,217,-15,293,15,240,-15" hai0="13,19,22,41,42,49,53,56,58,61,64,87,92" hai2="2,5,8,11,17,26,27,60,66,68,86,88,94" /><INIT seed="2,1,2,3,1,68" ten="245,202,308,225" oya="2" hai0="27,91,29,111,69,80,113,131,35,87,3,13,1" hai1="25,125,133,38,99,18,11,101,110,119,54,48,37" hai2="100,96,94,116,46,6,22,73,24,19,97,10,107" hai3="90,4,67,66,8,120,17,9,121,5,135,126,23"/><V43/><F116/><W50/><G121/><T20/><D113/><U134/><E119/><V122/><F122/><W15/><G120/><T93/><D69/><U52/><E110/><V16/><F73/><W71/><G135/><N who="1" m="51722" /><E125/><V108/><F108/><W40/><G126/><T95/><D111/><U34/><E11/><V74/><F74/><W105/><G105/><T127/><D127/><U63/><E63/><V53/><F53/><N who="1" m="20585" /><E48/><V102/><F10/><W31/><G71/><T72/><D3/><U70/><E70/><V56/><F56/><W106/><G106/><T28/><D1/><U64/><E64/><V79/><F79/><W104/><G104/><T7/><D72/><U77/><E77/><V41/><F6/><W36/><G31/><T84/><D29/><N who="1" m="19759" /><E18/><V0/><F0/><W123/><G123/><T2/><D2/><U114/><E114/><V115/><F115/><W65/><G50/><T49/><D49/><U83/><E83/><V45/><REACH who="2" step="1"/><F19/><REACH who="2" ten="245,202,298,225" step="2"/><W82/><G9/><T39/><D7/><U76/><E76/><V59/><F59/><W55/><G8/><T61/><D61/><U58/><E58/><V33/><F33/><W44/><G55/><T47/><D35/><U112/><E112/><V109/><F109/><W118/><G118/><T129/><D28/><U85/><E85/><V32/><F32/><W88/><G82/><T60/><D80/><U12/><E12/><V51/><F51/><W81/><G81/><T21/><D13/><U86/><E86/><V62/><F62/><W26/><G4/><T128/><D60/><U103/><E103/><RYUUKYOKU ba="1,3" sc="245,-30,202,10,298,10,225,10" hai1="37,38,99,101" hai2="16,22,24,41,43,45,46,94,96,97,100,102,107" hai3="5,15,17,23,26,36,40,44,65,66,67,88,90" /><INIT seed="2,2,3,0,3,18" ten="215,212,308,235" oya="2" hai0="79,73,49,36,91,11,74,92,112,90,2,135,66" hai1="107,17,0,26,48,16,114,12,118,120,24,67,80" hai2="95,86,7,96,72,56,13,47,108,106,103,46,50" hai3="14,38,109,98,117,130,125,9,32,8,6,68,15"/><V127/><F72/><W28/><G68/><T113/><D36/><U126/><E118/><V59/><F127/><W30/><G38/><T81/><D66/><U40/><E114/><V93/><F108/><W110/><G98/><T82/><D11/><U104/><E0/><V62/><F106/><W76/><G76/><T131/><D49/><U54/><E126/><V20/><F47/><W57/><G57/><T61/><D61/><U124/><E120/><V3/><F3/><W27/><G125/><T51/><D51/><U37/><E67/><V69/><F69/><W1/><G117/><T88/><D2/><U105/><E124/><V39/><F39/><W123/><G123/><T99/><D131/><U34/><E34/><V83/><F93/><W25/><G130/><T133/><D92/><U19/><E40/><N who="2" m="24903" /><F62/><W53/><G53/><T70/><D70/><U128/><E37/><V75/><F75/><W97/><G97/><T31/><D99/><U43/><E43/><V94/><F94/><W78/><G78/><N who="0" m="44239" /><D31/><U10/><E80/><V29/><F29/><W134/><G134/><AGARI ba="2,3" hai="74,79,82,88,90,91,112,113,133,134,135" m="44239" machi="134" ten="30,7700,0" yaku="20,1,34,2,54,1" doraHai="18" who="0" fromWho="3" sc="215,113,212,0,308,0,235,-83" /><INIT seed="3,0,0,5,5,100" ten="328,212,308,152" oya="3" hai0="129,24,2,27,39,12,32,15,106,50,112,10,107" hai1="69,77,5,76,60,18,102,128,135,48,37,7,16" hai2="98,118,42,95,85,28,105,73,121,4,132,113,54" hai3="103,90,111,78,44,25,19,120,75,34,55,59,20"/><W46/><G34/><T52/><D39/><U72/><E135/><V126/><F42/><W81/><G120/><T63/><D2/><U94/><E128/><V88/><F4/><W104/><G90/><T67/><D129/><U109/><E109/><V130/><F130/><W82/><G111/><T0/><D0/><U131/><E131/><V57/><F121/><W41/><G82/><T110/><D110/><U56/><E37/><V8/><F8/><W30/><G19/><T80/><D80/><U86/><E72/><V49/><F118/><W91/><G91/><T51/><D112/><U84/><E69/><V101/><F113/><W66/><G66/><T125/><D125/><U61/><E48/><V122/><F122/><W99/><REACH who="3" step="1"/><G41/><REACH who="3" ten="328,212,308,142" step="2"/><T58/><D32/><U11/><E102/><V31/><F132/><W64/><G64/><T62/><D67/><U108/><E108/><V123/><F123/><W83/><G83/><T116/><D116/><U87/><E94/><V23/><F73/><W14/><G14/><T47/><D15/><U53/><E76/><V17/><F126/><W97/><G97/><T70/><D12/><AGARI ba="0,1" hai="12,17,23,28,31,49,54,57,85,88,95,98,101,105" machi="12" ten="30,8000,1" yaku="7,1,25,2,52,1,54,1" doraHai="100" who="2" fromWho="0" sc="328,-80,212,0,308,90,142,0" /><INIT seed="4,0,0,4,2,51" ten="248,212,398,142" oya="0" hai0="12,25,128,23,81,48,71,87,24,70,93,111,76" hai1="32,132,130,127,72,66,79,43,42,133,104,90,5" hai2="109,10,73,106,91,68,4,99,83,113,21,33,16" hai3="22,52,78,85,41,101,19,37,89,63,40,77,102"/><T49/><D111/><U38/><E32/><V31/><F109/><W129/><G37/><T0/><D0/><U75/><E5/><V27/><F68/><W92/><G129/><T20/><D128/><U121/><E121/><V135/><F135/><W103/><G41/><T54/><D12/><U74/><E104/><V98/><F106/><W45/><G40/><N who="1" m="15402" /><E90/><V82/><F113/><W7/><G7/><T18/><D93/><U94/><E94/><V62/><F62/><W6/><G6/><T14/><D49/><U46/><E46/><V124/><F73/><W119/><G119/><T108/><D108/><U100/><E100/><V114/><F124/><W29/><G29/><T50/><D50/><U123/><E123/><V112/><F114/><W65/><G65/><T1/><D1/><U9/><E9/><V117/><F117/><W13/><G45/><T2/><D2/><U95/><E95/><V53/><F99/><W8/><G8/><T57/><REACH who="0" step="1"/><D14/><REACH who="0" ten="238,212,398,142" step="2"/><U115/><E130/><V3/><F112/><W55/><G63/><T11/><D11/><U97/><E115/><V28/><F3/><W86/><G77/><T107/><D107/><U60/><E38/><V105/><F105/><W118/><G118/><T36/><D36/><U17/><E127/><V131/><F10/><W34/><G34/><T58/><D58/><U80/><E133/><V126/><F33/><W64/><G64/><T39/><D39/><U44/><E132/><V15/><F131/><W59/><G59/><T120/><D120/><U110/><E110/><V125/><F126/><W67/><G67/><RYUUKYOKU ba="0,1" sc="238,15,212,-15,398,-15,142,15" hai0="18,20,23,24,25,48,54,57,70,71,76,81,87" hai3="13,19,22,52,55,78,85,86,89,92,101,102,103" /><INIT seed="4,1,1,0,4,55" ten="253,197,383,157" oya="0" hai0="5,84,74,110,71,2,34,105,8,100,16,118,123" hai1="131,0,70,50,89,102,36,47,22,104,15,9,117" hai2="59,94,88,44,115,85,75,99,98,93,40,63,127" hai3="58,49,112,51,53,116,132,60,125,57,42,83,120"/><T19/><D74/><U29/><E117/><V17/><F75/><W26/><G116/><T90/><D118/><U133/><E133/><V124/><F115/><W3/><G3/><T41/><D123/><U46/><E70/><V119/><F119/><W61/><G83/><T111/><D71/><U11/><E131/><V78/><F78/><W109/><G109/><N who="0" m="41483" /><D34/><U107/><E36/><V77/><F77/><W76/><G76/><T33/><D33/><U65/><E65/><V92/><F17/><W96/><G112/><T130/><D130/><U30/><E0/><V134/><F134/><W54/><G132/><T67/><D67/><U103/><E89/><V122/><F122/><W20/><G120/><T18/><D41/><U10/><E50/><N who="2" m="26887" /><F127/><W1/><G1/><T48/><D48/><N who="3" m="18505" /><G125/><T106/><D100/><U135/><E11/><V91/><F124/><W25/><G96/><N who="2" m="36905" /><F85/><W13/><G42/><T52/><D52/><AGARI ba="1,1" hai="52,59,63,88,91,92,93,94" m="36905,26887" machi="52" ten="30,7700,0" yaku="8,1,52,1,54,2" doraHai="55" who="2" fromWho="0" sc="253,-80,197,0,383,90,157,0" /><INIT seed="5,0,0,4,5,118" ten="173,197,473,157" oya="1" hai0="51,33,96,124,113,102,49,92,43,3,59,133,126" hai1="81,74,15,93,19,47,8,61,129,127,55,105,4" hai2="111,78,84,1,100,22,94,90,67,107,120,14,58" hai3="85,12,108,99,123,116,86,134,41,21,62,28,73"/><U34/><E129/><V38/><F1/><W130/><G73/><T50/><D3/><U0/><E127/><N who="0" m="48681" /><D33/><U121/><E121/><V23/><F38/><W16/><G108/><T9/><D113/><U119/><E119/><V91/><F111/><W112/><G116/><T56/><D43/><U32/><E105/><V64/><F107/><W29/><G112/><T98/><D133/><U75/><E93/><V65/><F100/><W87/><G130/><T135/><D135/><U25/><E81/><V36/><F36/><W10/><G134/><T95/><D9/><U13/><E13/><V77/><F120/><W52/><G41/><T27/><D27/><U48/><E61/><V117/><F117/><W46/><G123/><T82/><D82/><U68/><E68/><V109/><F109/><W60/><G99/><T44/><D44/><U103/><E103/><AGARI ba="0,0" hai="49,50,51,56,59,92,95,96,98,102,103" m="48681" machi="103" ten="30,1000,0" yaku="18,1" doraHai="118" who="0" fromWho="1" sc="173,10,197,-10,473,0,157,0" /><INIT seed="6,0,0,4,2,54" ten="183,187,473,157" oya="2" hai0="36,119,106,1,23,86,63,39,69,113,35,76,0" hai1="10,117,18,52,90,127,108,56,58,64,50,60,133" hai2="7,98,41,37,53,131,24,96,81,32,91,125,5" hai3="21,135,65,19,16,82,57,66,78,47,30,34,46"/><V13/><F32/><W61/><G34/><T20/><D86/><U94/><E117/><V51/><F37/><W99/><G135/><T49/><D49/><U102/><E108/><V112/><F41/><W67/><G99/><T101/><D23/><U97/><E133/><V72/><F24/><W85/><G30/><T118/><D20/><U2/><E127/><V130/><F125/><W128/><G128/><N who="2" m="49193" /><F72/><W62/><G67/><N who="0" m="41215" /><D76/><U116/><E116/><N who="0" m="44585" /><D35/><U73/><E73/><V84/><F112/><W28/><G28/><T132/><D113/><U75/><E75/><V89/><F89/><W22/><G22/><T122/><D122/><U14/><E2/><N who="0" m="1129" /><D132/><U4/><E4/><N who="2" m="1611" /><F13/><W74/><G74/><T55/><D55/><U111/><E111/><V70/><F70/><W95/><G95/><T107/><D101/><AGARI ba="0,0" hai="10,14,18,50,52,56,58,60,64,90,94,97,101,102" machi="101" ten="40,8000,1" yaku="8,1,52,2,54,1" doraHai="54" who="1" fromWho="0" sc="183,-80,187,80,473,0,157,0" /><INIT seed="7,0,0,5,1,71" ten="103,267,473,157" oya="3" hai0="4,97,56,72,105,94,17,75,69,73,50,66,84" hai1="40,58,12,10,121,134,115,70,44,26,34,51,112" hai2="63,15,47,122,82,14,114,45,55,43,123,98,61" hai3="95,64,125,59,129,48,81,113,88,80,90,110,135"/><W119/><G119/><T68/><D4/><U33/><E121/><V91/><F114/><W126/><G113/><N who="1" m="43594" /><E134/><V3/><F3/><W104/><G104/><T108/><D108/><U54/><E70/><V77/><F63/><W19/><G110/><T96/><D68/><U37/><E26/><V29/><F29/><W27/><G135/><T62/><D105/><U101/><E101/><V23/><F23/><N who="3" m="13823" /><G129/><T131/><D131/><U31/><E31/><V39/><F98/><N who="3" m="57703" /><G90/><T36/><D84/><U128/><E128/><V85/><F91/><W116/><G116/><T8/><D50/><U107/><E107/><V83/><F83/><W89/><G89/><T130/><D130/><U21/><E21/><V86/><F86/><W118/><G118/><T9/><D69/><U18/><AGARI ba="0,0" hai="10,12,18,33,34,37,40,44,51,54,58" m="43594" machi="18" ten="30,2000,0" yaku="15,1,52,1" doraHai="71" who="1" fromWho="1" sc="103,-5,267,20,473,-5,157,-10" owari="98,-40.0,287,9.0,468,56.0,147,-25.0" /></mjloggm>