<mjloggm ver="2.3"><GO type="41"/><UN n0="%73%61%39%79%6F" n1="%E3%82%A6%E3%83%AB%E3%83%88%E3%83%A9%E7%AB%8B%E7%9B%B4" n2="%73%61%72%61%6B" n3="%E4%B8%8B%E3%81%AE%E4%BA%BA" dan="13,15,14,13" rate="1890,1990,1908,1912" sx="M,M,M,M"/><TAIKYOKU oya="0"/><INIT seed="0,0,0,3,0,86" ten="250,250,250,250" oya="0" hai0="116,42,122,36,129,71,110,103,39,59,17,11,20" hai1="96,100,77,21,16,91,112,67,3,125,15,37,81" hai2="108,102,131,92,94,109,70,84,23,14,133,80,0" hai3="28,57,1,120,29,93,101,114,82,45,85,43,51"/><T121/><D103/><U89/><E37/><V22/><F70/><W10/><G120/><T72/><D72/><U132/><E3/><V48/><F0/><W127/><G114/><T40/><D71/><U69/><E112/><V33/><F33/><W99/><G127/><T62/><D11/><U95/><E125/><V27/><F133/><W32/><G32/><T76/><D76/><U64/><E132/><V24/><F131/><W50/><G1/><T63/><D129/><U19/><E67/><V117/><F117/><W2/><G2/><T106/><D106/><U52/><E64/><V98/><F94/><W113/><G113/><T49/><D20/><U12/><E52/><V90/><F48/><W9/><G9/><T97/><D97/><U26/><E69/><V5/><F5/><W58/><G58/><T13/><D13/><N who="1" m="5195" /><E19/><V78/><F78/><W107/><G10/><T128/><D128/><U115/><E115/><V130/><F130/><W46/><G57/><T65/><D17/><U41/><E41/><N who="0" m="15977" /><D116/><U104/><E104/><V4/><F4/><W30/><G107/><T73/><D73/><U87/><AGARI ba="0,0" hai="16,21,26,77,81,87,89,91,95,96,100" m="5195" machi="87" ten="30,7900,0" yaku="8,1,52,2,54,1" doraHai="86" who="1" fromWho="1" sc="250,-39,250,79,250,-20,250,-20" /><INIT seed="1,0,0,4,2,16" ten="211,329,230,230" oya="1" hai0="102,64,114,8,106,97,26,1,131,133,5,74,120" hai1="44,112,45,105,10,35,27,6,101,22,86,135,103" hai2="57,115,49,24,47,87,129,52,67,126,20,18,104" hai3="85,72,73,93,55,65,69,113,134,14,132,90,70"/><U119/><E35/><V75/><F129/><W95/><G113/><T79/><D114/><U46/><E112/><V125/><F75/><W32/><G32/><T81/><D131/><U40/><E119/><V3/><F3/><W76/><G55/><T63/><D26/><U92/><E135/><V91/><F104/><W59/><G59/><T38/><D133/><U12/><E105/><V28/><F115/><W53/><G53/><T123/><REACH who="0" step="1"/><D38/><REACH who="0" ten="201,329,230,230" step="2"/><U78/><E40/><V2/><F2/><W56/><G132/><T89/><D89/><N who="1" m="53303" /><E78/><V128/><F128/><W130/><G76/><T99/><D99/><U118/><E118/><V25/><F126/><W23/><G90/><T121/><D121/><U96/><E96/><V31/><F125/><W111/><G134/><T15/><D15/><U71/><E71/><AGARI ba="0,1" hai="1,5,8,63,64,71,74,79,81,97,102,106,120,123" machi="71" ten="40,8000,1" yaku="1,1,23,2,53,1" doraHai="16" doraHaiUra="98" who="0" fromWho="1" sc="201,90,329,-80,230,0,230,0" /><INIT seed="2,0,0,0,3,18" ten="291,249,230,230" oya="2" hai0="1,97,21,14,74,12,95,121,81,109,9,89,20" hai1="5,26,127,135,70,132,133,119,92,82,113,134,78" hai2="68,99,80,115,51,114,11,46,57,7,117,71,65" hai3="38,54,61,64,120,104,17,60,36,105,53,76,2"/><V23/><F117/><W73/><G2/><T58/><D121/><U126/><N who="1" m="34304" /><DORA hai="40" /><U79/><E70/><V129/><F129/><W30/><G30/><T77/><D1/><U35/><E5/><V39/><F99/><W3/><G3/><T41/><D41/><U96/><E35/><V66/><F80/><W83/><G120/><T52/><D109/><U108/><E26/><V0/><F23/><W34/><G17/><T25/><D25/><U87/><E108/><V42/><F66/><W110/><G110/><T116/><D116/><U100/><E119/><V125/><F125/><N who="1" m="47625" /><E113/><V43/><F43/><W91/><G34/><T48/><D14/><U94/><E94/><V8/><F8/><W15/><G15/><T101/><D101/><U19/><E19/><AGARI ba="0,0" hai="9,12,19,20,21,48,52,58,74,77,81,89,95,97" machi="19" ten="30,7700,0" yaku="7,1,52,2,54,1" doraHai="18,40" who="0" fromWho="1" sc="291,77,249,-77,230,0,230,0" /><INIT seed="3,0,0,0,1,52" ten="368,172,230,230" oya="3" hai0="120,60,89,103,12,11,101,6,117,66,102,68,40" hai1="98,5,36,31,23,131,16,44,113,45,123,74,92" hai2="119,57,135,82,28,71,42,46,25,2,91,30,85" hai3="87,56,43,37,26,132,124,93,49,50,79,90,122"/><W129/><G122/><T104/><D104/><U111/><E123/><V21/><F119/><W77/><G124/><T41/><D120/><U126/><E74/><V86/><F135/><W35/><G132/><T76/><D76/><U8/><E113/><V63/><F71/><W128/><G37/><T133/><D133/><U7/><E126/><V51/><F2/><W100/><G49/><T127/><D127/><U99/><E131/><N who="3" m="50250" /><G100/><T15/><D117/><U32/><E32/><V67/><F85/><W17/><G43/><T61/><D61/><U62/><E98/><V9/><F9/><W70/><G70/><T19/><D89/><U88/><E111/><V115/><F115/><W95/><G93/><T53/><D53/><U24/><E36/><V97/><F97/><W80/><G79/><T59/><REACH who="0" step="1"/><D68/><REACH who="0" ten="358,172,230,230" step="2"/><U3/><E7/><V78/><F78/><W18/><G77/><T54/><D54/><U13/><REACH who="1" step="1"/><E62/><REACH who="1" ten="358,162,230,230" step="2"/><V108/><F108/><W116/><G116/><T34/><D34/><U118/><E118/><V105/><F105/><W114/><G35/><T110/><D110/><U1/><E1/><V27/><F30/><W72/><G114/><T81/><D81/><U94/><E94/><V84/><F84/><W73/><G95/><T29/><D29/><U64/><E64/><V107/><F107/><W134/><G134/><T55/><D55/><U96/><E96/><V47/><F47/><W14/><G87/><T22/><AGARI ba="0,2" hai="6,11,12,15,19,22,40,41,59,60,66,101,102,103" machi="22" ten="30,7900,0" yaku="1,1,0,1,8,1,52,1,53,0" doraHai="52" doraHaiUra="112" who="0" fromWho="0" sc="358,99,162,-20,230,-20,230,-39" /><INIT seed="4,0,0,4,3,125" ten="457,142,210,191" oya="0" hai0="118,8,95,82,27,56,79,46,112,4,20,111,44" hai1="131,97,101,73,68,106,71,122,39,49,124,129,93" hai2="40,113,133,92,70,127,58,35,3,15,67,24,83" hai3="110,12,10,64,59,126,43,7,107,25,53,54,72"/><T42/><D118/><U109/><E49/><V5/><F113/><W1/><G107/><T104/><D104/><U117/><E93/><V45/><F127/><W2/><G72/><T14/><D112/><U66/><E71/><V116/><F116/><W102/><G110/><T0/><D0/><U26/><E26/><V94/><F70/><W6/><G102/><T51/><D46/><U74/><E124/><V96/><F35/><W80/><G43/><T132/><D111/><U28/><E28/><V130/><F24/><W123/><G25/><T85/><D132/><U75/><E109/><V36/><F15/><W52/><G123/><T88/><D56/><U90/><E90/><V99/><F133/><W23/><G80/><T91/><D95/><U32/><E32/><V89/><F83/><W108/><G108/><T135/><D135/><U121/><E39/><V61/><F5/><W29/><G126/><T57/><D57/><U65/><E65/><V105/><F105/><W77/><G59/><T128/><D128/><N who="1" m="49227" /><E117/><V81/><F81/><W78/><G64/><T120/><D120/><U55/><E55/><V98/><F98/><W60/><G29/><AGARI ba="0,0" hai="4,8,14,20,27,29,42,44,51,79,82,85,88,91" machi="29" ten="30,12000,1" yaku="7,1,25,2,8,1,54,1" doraHai="125" who="0" fromWho="3" sc="457,120,142,0,210,0,191,-120" /><INIT seed="4,1,0,3,2,3" ten="577,142,210,71" oya="0" hai0="39,84,57,92,99,81,11,98,41,135,123,23,54" hai1="2,65,93,29,89,63,95,48,6,83,68,0,70" hai2="52,15,105,42,115,112,34,4,58,129,51,35,12" hai3="110,47,87,30,55,32,5,133,45,33,44,107,76"/><T13/><D123/><U64/><E29/><V77/><F105/><W38/><G107/><T74/><D74/><U134/><E134/><V117/><F129/><W94/><G133/><T8/><D135/><U49/><E83/><V116/><F77/><W27/><G33/><N who="2" m="12297" /><F42/><W121/><G121/><T66/><D66/><U53/><E53/><V69/><F69/><W113/><G110/><T108/><D39/><U21/><E21/><V82/><F82/><W109/><G109/><T46/><D46/><U106/><E106/><V14/><F4/><W7/><G113/><AGARI ba="1,0" hai="12,14,15,51,52,58,112,113,115,116,117" m="12297" machi="113" ten="40,2600,0" yaku="15,1,54,1" doraHai="3" who="2" fromWho="3" sc="577,0,142,0,210,29,71,-29" /><INIT seed="5,0,0,5,4,68" ten="577,142,239,42" oya="1" hai0="31,133,105,15,40,87,119,52,93,78,91,106,12" hai1="17,116,108,39,21,33,132,79,90,49,122,82,19" hai2="1,110,95,16,102,64,61,36,65,99,59,98,18" hai3="85,45,9,42,63,3,50,72,0,56,89,5,118"/><U131/><E33/><V69/><F110/><W25/><G72/><T126/><D119/><U23/><E108/><V109/><F109/><W38/><G118/><T32/><D126/><U94/><E116/><V7/><F36/><W76/><G25/><T26/><D133/><U43/><E122/><V101/><F1/><W129/><G129/><T113/><D113/><U67/><E131/><V75/><F75/><W80/><G89/><T4/><D78/><U86/><E132/><V92/><F7/><W2/><G2/><T48/><D40/><U37/><E67/><V134/><F134/><W60/><G60/><T127/><D127/><U35/><E35/><V135/><F135/><W77/><G77/><T112/><D112/><U41/><E41/><V55/><F69/><W22/><G22/><T28/><D28/><U104/><E104/><V54/><F65/><W6/><G6/><T14/><D4/><U20/><E49/><V96/><F96/><W70/><G70/><T111/><D111/><U34/><E34/><V100/><F100/><W123/><G123/><T27/><D27/><U66/><E66/><V107/><F107/><W51/><G3/><T121/><D121/><U125/><E125/><V58/><F64/><W84/><G84/><T53/><D53/><AGARI ba="0,0" hai="0,5,9,38,42,45,50,51,53,56,63,76,80,85" machi="53" ten="30,2000,0" yaku="7,1,52,1" doraHai="68" who="3" fromWho="0" sc="577,-20,142,0,239,0,42,20" /><INIT seed="6,0,0,0,3,40" ten="557,142,239,62" oya="2" hai0="88,16,21,113,80,22,18,74,4,44,115,108,84" hai1="15,114,67,17,107,124,49,135,72,46,89,5,118" hai2="132,12,64,6,38,59,86,129,71,48,36,90,103" hai3="99,51,56,63,47,57,2,131,50,82,25,41,31"/><V69/><F103/><W96/><G2/><T68/><D68/><N who="2" m="26186" /><F6/><W62/><G131/><T94/><D108/><U105/><E67/><V98/><F12/><W117/><G117/><T130/><D44/><U126/><E118/><V91/><F98/><W83/><G25/><T58/><D4/><U9/><E72/><V55/><F91/><W93/><G31/><T120/><D130/><U110/><E110/><V79/><F79/><W121/><G121/><T1/><D1/><U52/><E135/><V28/><F28/><W123/><G123/><T7/><D120/><U77/><E77/><V87/><F129/><W43/><REACH who="3" step="1"/><G93/><REACH who="3" ten="557,142,239,52" step="2"/><N who="0" m="54407" /><D7/><U32/><E32/><V127/><F90/><W8/><G8/><T13/><D94/><U128/><E128/><V60/><F87/><W70/><G70/><T85/><D74/><U101/><E5/><V133/><F86/><W95/><G95/><T14/><D85/><U65/><E101/><V106/><F106/><W34/><G34/><T20/><D80/><U26/><E105/><V75/><F75/><W134/><G134/><N who="2" m="51817" /><F127/><N who="1" m="48681" /><E26/><V92/><F92/><W42/><G42/><T112/><D22/><U45/><E107/><V39/><F39/><W29/><G29/><T10/><D10/><U0/><E0/><V23/><F23/><W81/><G81/><T24/><D24/><U27/><E27/><V104/><F104/><W109/><G109/><T61/><D115/><U102/><E114/><V119/><F119/><W19/><G19/><T78/><D78/><U116/><E116/><V97/><F97/><W35/><G35/><T122/><D122/><RYUUKYOKU ba="0,1" sc="557,10,142,-30,239,10,52,10" hai0="13,14,16,18,20,21,58,61,112,113" hai2="36,38,48,55,59,60,64" hai3="41,43,47,50,51,56,57,62,63,82,83,96,99" /><INIT seed="6,1,1,4,3,114" ten="567,112,249,62" oya="2" hai0="6,51,130,125,36,23,102,12,93,129,19,26,86" hai1="11,54,62,78,49,99,58,69,91,82,41,52,92" hai2="121,66,103,84,119,53,9,128,76,67,1,105,111" hai3="101,50,107,123,17,48,104,79,68,96,100,44,37"/><V46/><F121/><W30/><G123/><T132/><D36/><U21/><E41/><V95/><F105/><W35/><G79/><T83/><D125/><U55/><E11/><V89/><F103/><W98/><G68/><T22/><D6/><U2/><E2/><V34/><F34/><W4/><G17/><T90/><D51/><U80/><E80/><V10/><F119/><W117/><G117/><T24/><D132/><U38/><E38/><V56/><F111/><W60/><G60/><T45/><D45/><U25/><E49/><V43/><F43/><W126/><G126/><T42/><D42/><U81/><E81/><N who="2" m="47143" /><F1/><W108/><G108/><T28/><D26/><U124/><E124/><V59/><F46/><W65/><G65/><N who="2" m="24585" /><F59/><W73/><G73/><T135/><D135/><U13/><E13/><V134/><F134/><W64/><G64/><T112/><D102/><U39/><E39/><V97/><F128/><W29/><G37/><T31/><D130/><U70/><E70/><V77/><F77/><W116/><G116/><T74/><D74/><U8/><E69/><V14/><F14/><W113/><G113/><T75/><D75/><U57/><E57/><V16/><F16/><W87/><G44/><T118/><D112/><U63/><E8/><V61/><AGARI ba="1,1" hai="9,10,53,56,61,89,95,97" m="24585,47143" machi="61" ten="30,1500,0" yaku="8,1" doraHai="114" who="2" fromWho="2" sc="567,-6,112,-6,249,28,62,-6" /><INIT seed="6,2,0,3,5,102" ten="561,106,277,56" oya="2" hai0="106,60,41,123,53,119,1,10,4,48,14,40,19" hai1="76,77,72,108,64,39,44,11,118,6,126,117,97" hai2="127,2,105,36,93,62,61,99,7,54,51,65,115" hai3="74,71,45,34,134,20,23,16,75,120,26,121,78"/><V129/><F105/><W92/><G71/><T3/><D106/><U32/><E77/><V31/><F31/><W91/><G34/><T46/><D123/><U22/><E22/><V29/><F29/><W89/><G134/><T128/><D128/><U90/><E90/><V25/><F25/><W131/><G131/><T0/><D119/><U63/><E97/><V109/><F129/><W98/><G45/><T55/><D4/><U33/><E108/><V110/><F36/><W122/><G78/><T69/><D69/><U103/><E103/><V100/><F2/><W130/><G130/><T12/><D12/><U43/><E126/><V116/><F116/><W42/><G42/><T24/><D24/><U132/><E132/><V96/><F96/><W59/><G91/><T17/><D17/><U58/><E117/><V86/><F127/><W81/><G81/><T111/><D111/><N who="2" m="42506" /><F86/><W88/><G89/><T70/><D70/><U133/><E133/><V73/><F73/><W112/><G112/><T50/><D60/><N who="2" m="23146" /><F7/><W87/><G87/><T83/><D83/><U37/><E37/><V28/><F28/><W85/><G85/><T57/><AGARI ba="2,0" hai="0,1,3,10,14,19,40,41,46,48,50,53,55,57" machi="57" ten="30,1100,0" yaku="0,1" doraHai="102" who="0" fromWho="0" sc="561,17,106,-5,277,-7,56,-5" /><INIT seed="7,0,0,4,5,39" ten="578,101,270,51" oya="3" hai0="96,84,8,17,113,90,102,20,116,44,42,129,97" hai1="73,76,4,112,98,92,71,64,88,127,134,47,31" hai2="89,131,110,122,2,19,94,54,0,118,106,3,63" hai3="15,117,74,135,78,24,123,120,95,105,81,65,99"/><W111/><G117/><T5/><D116/><U100/><E4/><V87/><F118/><W34/><G65/><T10/><D129/><U13/><E64/><V37/><F131/><W38/><G38/><T58/><D58/><U61/><E71/><V35/><F122/><W103/><G135/><T121/><D113/><U133/><E112/><V109/><F106/><W115/><G115/><T69/><D69/><U82/><E61/><V40/><F35/><W80/><G80/><T7/><D7/><U52/><E127/><V59/><F19/><W57/><G57/><T1/><D10/><U46/><E13/><V107/><F107/><W62/><G62/><T68/><D68/><U85/><E31/><V70/><F70/><W28/><G111/><T29/><D29/><U26/><E26/><V108/><F37/><W36/><G36/><T18/><D18/><U86/><E86/><V72/><F72/><W126/><G126/><T124/><D124/><U23/><E23/><V27/><F27/><W11/><REACH who="3" step="1"/><G105/><REACH who="3" ten="578,101,270,41" step="2"/><T125/><D125/><U41/><E133/><V66/><F66/><W6/><AGARI ba="0,1" hai="6,11,15,24,28,34,74,78,81,95,99,103,120,123" machi="6" ten="20,7800,0" yaku="1,1,2,1,0,1,7,1,53,0" doraHai="39" doraHaiUra="33" who="3" fromWho="3" sc="578,-26,101,-26,270,-26,41,88" /><INIT seed="7,1,0,2,4,86" ten="552,75,244,129" oya="3" hai0="126,66,20,67,111,60,46,99,92,94,11,57,29" hai1="24,130,48,119,33,131,95,8,88,109,43,39,91" hai2="124,115,102,19,9,87,106,108,80,65,38,41,104" hai3="22,52,101,26,107,47,56,30,32,17,25,77,112"/><W4/><G112/><T61/><D111/><U34/><E39/><V114/><F108/><W96/><G77/><T69/><D126/><U6/><E109/><V116/><F116/><W98/><G4/><T97/><D46/><N who="1" m="25695" /><E119/><V64/><F124/><W85/><G47/><T79/><D79/><U49/><E95/><V45/><F65/><W75/><G75/><T73/><D73/><U121/><E49/><V54/><F54/><W59/><G98/><T62/><D11/><U7/><E7/><V51/><F64/><W103/><G103/><T78/><D78/><U12/><E121/><V90/><F38/><W71/><G71/><T70/><D20/><U0/><E0/><V72/><F72/><W15/><G85/><T123/><D29/><N who="1" m="19623" /><E34/><V117/><F117/><W28/><REACH who="3" step="1"/><G52/><REACH who="3" ten="552,75,244,119" step="2"/><N who="0" m="33831" /><D70/><U127/><E127/><V83/><F102/><W128/><G128/><AGARI ba="1,1" hai="6,8,12,88,91,128,130,131" m="19623,25695" machi="128" ten="30,7700,0" yaku="19,1,52,2,54,1" doraHai="86" who="1" fromWho="3" sc="552,0,75,90,244,0,119,-80" owari="552,65.0,165,-23.0,244,4.0,39,-46.0" /></mjloggm>