<mjloggm ver="2.3"><GO type="41"/><UN n0="%E3%82%A6%E3%83%AB%E3%83%88%E3%83%A9%E7%AB%8B%E7%9B%B4" n1="%E3%82%AC%E3%82%A4%E3%83%B3%E3%81%8F%E3%82%93" n2="%E3%82%AB%E3%83%AB%E3%83%94%E3%82%B9%E3%82%BD%E3%83%BC%E3%83%80%E5%90%9B" n3="%2E%70%75%72%69%74%61%6E" dan="15,13,15,13" rate="1938,1827,2115,1853" sx="M,M,M,M"/><TAIKYOKU oya="0"/><INIT seed="0,0,0,2,2,114" ten="250,250,250,250" oya="0" hai0="5,111,3,45,49,19,127,106,94,133,59,125,121" hai1="46,128,31,86,28,123,100,48,84,50,122,18,74" hai2="13,104,53,134,135,23,95,2,105,16,73,116,37" hai3="71,63,90,7,109,35,129,67,14,10,102,70,126"/><T117/><D106/><U30/><E74/><V42/><F73/><W66/><G126/><N who="0" m="48139" /><D5/><U6/><E128/><V96/><F2/><W64/><G35/><T69/><D3/><U85/><E100/><V75/><F75/><W80/><G129/><T120/><D69/><U91/><E6/><V62/><F42/><W20/><G102/><T36/><D94/><U15/><E123/><N who="0" m="47177" /><D19/><U58/><E122/><V43/><F43/><W72/><G70/><T81/><D81/><U52/><E91/><V61/><F37/><W119/><G90/><T103/><D103/><U17/><E15/><V55/><F105/><W56/><G80/><T8/><D8/><U88/><E17/><V101/><F104/><W24/><G71/><T110/><D36/><U26/><E18/><V40/><F95/><W41/><G7/><T98/><D98/><U9/><E9/><V92/><F92/><W12/><G10/><T93/><D93/><N who="1" m="54407" /><E26/><V60/><F16/><W1/><G1/><T131/><D131/><U57/><E58/><V51/><F101/><W27/><G56/><T29/><D29/><N who="1" m="7427" /><U130/><DORA hai="113" /><E130/><V54/><F13/><W68/><G14/><T82/><D59/><U112/><E112/><V118/><F96/><W44/><G12/><T33/><D33/><U107/><E107/><V115/><F115/><W89/><G27/><T108/><D82/><U76/><E76/><V99/><F23/><W65/><G20/><T21/><D21/><U132/><E132/><N who="2" m="50731" /><F99/><W38/><G68/><T22/><D22/><U79/><E79/><V77/><F77/><W32/><G24/><RYUUKYOKU ba="0,0" sc="250,-15,250,15,250,15,250,-15" hai1="46,48,50,52,57,85,86" hai2="40,51,53,54,55,60,61,62,116,118" /><INIT seed="1,1,0,3,0,41" ten="235,265,265,235" oya="1" hai0="31,13,40,118,135,71,129,98,22,50,95,43,70" hai1="132,36,69,101,114,115,128,23,35,49,106,89,126" hai2="88,133,54,76,9,117,55,0,122,24,81,127,77" hai3="124,33,134,18,12,96,16,65,52,102,83,61,25"/><U20/><E35/><V1/><F122/><W67/><G124/><T45/><D118/><U116/><E36/><V51/><F117/><W27/><G83/><T53/><D129/><U46/><E69/><V121/><F121/><W107/><G134/><T72/><D72/><U47/><E126/><V86/><F133/><W120/><G120/><T58/><D135/><U87/><E116/><V103/><F127/><W93/><G107/><T125/><D43/><U131/><E132/><V7/><F103/><W90/><G102/><T85/><D98/><U21/><E101/><V64/><F0/><W79/><G79/><T111/><D111/><U123/><E49/><V73/><F64/><N who="3" m="24651" /><G52/><T119/><D119/><U63/><E63/><V2/><F2/><W130/><G33/><T62/><D125/><U6/><E6/><V57/><F73/><W10/><G61/><T39/><D62/><U60/><E60/><V84/><F55/><W28/><G28/><T99/><D99/><U113/><E106/><V80/><F24/><N who="3" m="9291" /><G130/><N who="1" m="49706" /><E123/><V59/><REACH who="2" step="1"/><F57/><REACH who="2" ten="235,265,255,235" step="2"/><W94/><G94/><AGARI ba="1,1" hai="20,21,23,46,47,87,89,94,113,114,115" m="49706" machi="94" ten="40,7700,0" yaku="19,1,52,2" doraHai="41" who="1" fromWho="3" sc="235,0,265,90,255,0,235,-80" /><INIT seed="1,2,0,3,0,86" ten="235,355,255,155" oya="1" hai0="44,49,69,32,129,15,68,34,63,116,57,78,79" hai1="39,115,62,134,1,33,9,108,42,46,3,114,59" hai2="126,54,85,82,22,75,99,125,55,60,105,71,133" hai3="97,47,24,124,38,17,94,122,103,83,31,52,43"/><U76/><E33/><V107/><F75/><W110/><G122/><T95/><D68/><U13/><E134/><V26/><F133/><W14/><G110/><T67/><D69/><U118/><E118/><V96/><F71/><W30/><G124/><N who="2" m="47721" /><F60/><W135/><G135/><T40/><D34/><U11/><E108/><V106/><F54/><W104/><G104/><T73/><D32/><U128/><E76/><N who="2" m="46279" /><F55/><W121/><G121/><T35/><D35/><U20/><E128/><V131/><F131/><W5/><G5/><T56/><D73/><U21/><E3/><V112/><F112/><W61/><G83/><T81/><D81/><U12/><E115/><V48/><F48/><W51/><G61/><T80/><D80/><U37/><E114/><V0/><F0/><W89/><G103/><T29/><D129/><U53/><E37/><V27/><F27/><W109/><G24/><T130/><D130/><U87/><E1/><V25/><F25/><W58/><REACH who="3" step="1"/><G109/><REACH who="3" ten="235,355,255,145" step="2"/><T19/><D63/><U2/><E62/><V123/><F123/><W119/><G119/><T100/><D116/><U6/><E6/><V88/><F106/><W45/><G45/><T132/><D44/><U127/><E46/><V111/><F107/><W98/><G98/><N who="2" m="37417" /><F105/><W102/><G102/><T77/><D100/><U91/><E127/><V8/><F111/><W28/><G28/><T70/><D29/><U84/><E2/><V92/><F26/><W16/><G16/><T93/><D19/><U23/><E13/><V120/><F120/><W50/><G50/><T74/><D49/><U65/><E12/><RYUUKYOKU ba="2,1" sc="235,-10,355,-10,255,-10,145,30" hai3="14,17,30,31,38,43,47,51,52,58,89,94,97" /><INIT seed="2,3,1,2,5,119" ten="225,345,245,175" oya="2" hai0="127,28,102,1,20,45,69,64,58,43,124,104,90" hai1="49,65,21,82,95,11,5,2,117,74,67,85,70" hai2="32,101,52,84,79,39,15,88,96,19,17,30,93" hai3="68,35,116,71,4,94,73,91,42,44,113,126,76"/><V3/><F3/><W6/><G116/><T106/><D1/><U99/><E117/><V36/><F17/><W63/><G35/><T83/><D69/><U121/><E121/><V40/><F79/><W29/><G29/><T109/><D102/><U110/><E110/><V66/><F66/><W7/><G126/><N who="0" m="48171" /><D109/><U10/><E70/><V75/><F75/><W78/><G113/><T48/><D20/><U46/><E74/><V92/><F40/><W122/><G122/><T27/><D27/><U55/><E11/><V37/><F30/><W12/><G12/><T60/><D28/><U0/><E0/><V54/><REACH who="2" step="1"/><F32/><REACH who="2" ten="225,345,235,175" step="2"/><W77/><G73/><T128/><D128/><U103/><E21/><AGARI ba="3,2" hai="15,19,21,36,37,39,52,54,84,88,92,93,96,101" machi="21" ten="40,12000,1" yaku="1,1,2,1,54,2,53,0" doraHai="119" doraHaiUra="129" who="2" fromWho="1" sc="225,0,345,-129,235,149,175,0" /><INIT seed="2,4,0,4,4,111" ten="225,216,384,175" oya="2" hai0="44,71,26,86,48,103,36,104,34,120,119,49,5" hai1="3,100,128,102,130,122,133,93,113,83,127,2,79" hai2="72,107,81,13,78,29,118,21,75,38,117,95,25" hai3="56,9,50,96,46,37,35,22,14,61,77,28,20"/><V33/><F38/><W125/><G37/><T73/><D49/><U47/><E122/><V6/><F107/><W41/><G125/><T31/><D48/><U7/><E127/><V76/><F95/><W74/><G74/><T54/><D86/><U67/><E67/><V80/><F21/><W43/><G77/><T124/><D54/><U53/><E7/><V112/><F112/><W69/><G69/><T12/><D12/><U129/><E133/><V70/><F70/><W57/><G96/><T91/><D91/><U105/><E113/><V63/><F63/><W87/><G87/><T39/><D120/><U66/><E66/><V19/><F19/><N who="3" m="8655" /><G35/><T59/><D39/><U98/><E53/><V60/><F60/><W30/><G41/><T8/><D59/><N who="3" m="22601" /><G61/><T16/><D71/><U92/><E47/><V11/><AGARI ba="4,0" hai="6,11,13,25,29,33,72,75,76,78,80,81,117,118" machi="11" ten="30,3000,0" yaku="0,1,9,1" doraHai="111" who="2" fromWho="2" sc="225,-14,216,-14,384,42,175,-14" /><INIT seed="2,5,0,4,2,53" ten="211,202,426,161" oya="2" hai0="7,81,125,134,19,69,43,44,10,39,38,78,4" hai1="61,64,100,59,8,110,123,98,83,129,75,20,21" hai2="71,111,3,12,63,85,47,128,121,33,92,102,56" hai3="89,74,28,114,65,37,79,35,132,66,115,116,45"/><V91/><F3/><W108/><G116/><T94/><D69/><U101/><E129/><V120/><F33/><W88/><G108/><T16/><D39/><U119/><E123/><V70/><F128/><W46/><G132/><T51/><D134/><U93/><E119/><V90/><F111/><W17/><G28/><T99/><D125/><U55/><E110/><V107/><F71/><W109/><G109/><T2/><D51/><U73/><E101/><V57/><F70/><W11/><G35/><T14/><D7/><U135/><E135/><V124/><F107/><W27/><G79/><T29/><D29/><U52/><E75/><V23/><F102/><W103/><G103/><T50/><D38/><U68/><E8/><V34/><F34/><W5/><G74/><T18/><D2/><U67/><E83/><V113/><F113/><N who="3" m="43019" /><G27/><T15/><D15/><U84/><E84/><V80/><F12/><N who="3" m="7327" /><G5/><T127/><D127/><U97/><E73/><V36/><F124/><W86/><G37/><T133/><D133/><U13/><E97/><V104/><F36/><W41/><G41/><T130/><D130/><U95/><E93/><V30/><F104/><W96/><G96/><T72/><D19/><N who="1" m="10351" /><E21/><V131/><F23/><W62/><G89/><AGARI ba="5,0" hai="4,10,14,16,18,43,44,50,72,78,81,89,94,99" machi="89" ten="30,2000,0" yaku="7,1,54,1" doraHai="53" who="0" fromWho="3" sc="211,35,202,0,426,0,161,-35" /><INIT seed="3,0,0,5,2,105" ten="246,202,426,126" oya="3" hai0="86,4,111,21,93,29,135,70,35,72,10,98,42" hai1="132,56,40,122,102,68,8,33,2,75,87,124,95" hai2="44,118,121,15,67,84,5,32,99,19,20,9,63" hai3="57,22,24,108,90,88,69,3,112,64,18,66,59"/><W62/><G112/><T6/><D70/><U113/><E33/><V48/><F32/><W97/><G3/><T49/><D35/><U73/><E68/><V89/><F118/><W50/><G108/><T133/><D49/><U110/><E56/><V82/><F99/><W36/><G36/><T37/><D86/><U30/><E40/><V117/><F117/><W55/><REACH who="3" step="1"/><G97/><REACH who="3" ten="246,202,426,116" step="2"/><T17/><D111/><U131/><E110/><V28/><F121/><W74/><G74/><T47/><D72/><U25/><E75/><V34/><F84/><W43/><G43/><T78/><D42/><U83/><E73/><V60/><F48/><W76/><G76/><T104/><D78/><U128/><E113/><V39/><F39/><W52/><G52/><T7/><D37/><U127/><E122/><V96/><F96/><W11/><G11/><T38/><D10/><U41/><E41/><V134/><F9/><W27/><G27/><T65/><D98/><N who="1" m="59743" /><E8/><V45/><F15/><W61/><AGARI ba="0,1" hai="18,22,24,50,55,57,59,61,62,64,66,69,88,90" machi="61" ten="30,6000,0" yaku="1,1,0,1,54,1,53,0" doraHai="105" doraHaiUra="26" who="3" fromWho="3" sc="246,-20,202,-20,426,-20,116,70" /><INIT seed="3,1,0,0,5,91" ten="226,182,406,186" oya="3" hai0="131,21,89,73,14,57,20,42,22,6,97,63,112" hai1="117,1,103,7,84,10,123,128,4,86,40,114,105" hai2="37,13,17,81,34,12,54,76,87,115,88,51,126" hai3="133,39,56,19,9,67,35,70,44,106,98,77,72"/><W92/><G106/><T71/><D71/><U75/><E123/><V43/><F34/><W80/><G70/><T135/><D73/><U52/><E117/><V28/><F126/><W82/><G35/><T94/><D112/><U129/><E114/><V120/><F28/><W8/><G133/><T49/><D135/><U62/><E75/><V100/><F100/><W5/><G80/><T132/><D132/><U32/><E40/><V0/><F0/><W16/><G39/><T58/><D131/><N who="1" m="50251" /><E7/><V113/><F120/><W101/><G44/><T125/><D125/><U50/><E32/><V48/><F115/><W24/><G24/><T36/><D36/><U60/><E103/><V33/><F33/><W95/><G95/><T26/><D58/><N who="1" m="33047" /><E105/><V90/><F81/><W127/><G127/><T23/><D49/><U110/><E110/><V45/><F37/><W61/><REACH who="3" step="1"/><G8/><REACH who="3" ten="226,182,406,176" step="2"/><T27/><D42/><U15/><E1/><AGARI ba="1,1" hai="1,5,9,16,19,56,61,67,72,77,82,92,98,101" machi="1" ten="30,12000,1" yaku="1,1,2,1,7,1,52,1,54,1,53,0" doraHai="91" doraHaiUra="121" who="3" fromWho="1" sc="226,0,182,-123,406,0,176,133" /><INIT seed="3,2,0,4,0,114" ten="226,59,406,309" oya="3" hai0="16,24,36,87,41,127,99,93,58,46,35,88,47" hai1="120,91,8,73,63,32,51,14,92,110,11,100,49" hai2="95,38,94,84,30,12,112,10,124,69,28,13,107" hai3="60,18,108,79,129,50,67,37,130,72,31,7,113"/><W82/><BYE who="1" /><G113/><T132/><D127/><U42/><E42/><V5/><F107/><W78/><G37/><T27/><D132/><U53/><E53/><V86/><F69/><W23/><G7/><T71/><D71/><U20/><E20/><V133/><F38/><W123/><G123/><T85/><D47/><U118/><E118/><V6/><F124/><W76/><G31/><N who="2" m="11817" /><F112/><W29/><G29/><T117/><D35/><U102/><E102/><V2/><F2/><W104/><G50/><T122/><D117/><U59/><E59/><V65/><F65/><W105/><G108/><T89/><D122/><U21/><E21/><V54/><F54/><W3/><G3/><T83/><D58/><U61/><E61/><V62/><F62/><W134/><G134/><T116/><D116/><U15/><E15/><V40/><F40/><W64/><G82/><T81/><REACH who="0" step="1"/><D16/><REACH who="0" ten="216,59,406,309" step="2"/><U97/><E97/><V25/><F133/><W131/><G72/><T121/><D121/><U57/><E57/><V103/><F5/><W115/><G115/><T44/><D44/><U125/><E125/><V75/><F75/><W111/><G111/><T48/><D48/><U70/><E70/><V96/><F6/><W128/><G128/><T39/><D39/><U19/><E19/><N who="2" m="8599" /><F13/><N who="3" m="9679" /><G60/><T101/><AGARI ba="2,1" hai="24,27,36,41,46,81,83,85,87,88,89,93,99,101" machi="101" ten="20,12000,2" yaku="1,1,0,1,7,1,9,1,54,1,53,1" doraHai="114" doraHaiUra="98" who="0" fromWho="0" sc="216,136,59,-32,406,-32,309,-62" /><INIT seed="4,0,0,5,5,23" ten="352,27,374,247" oya="0" hai0="101,40,80,27,92,8,132,88,78,49,55,48,6" hai1="33,77,131,104,35,93,19,13,15,72,63,57,29" hai2="52,71,66,121,10,97,108,9,75,37,11,103,100" hai3="87,69,84,44,109,82,113,89,51,54,64,74,59"/><T119/><D101/><U46/><E46/><V68/><F37/><W4/><G109/><T94/><D119/><U14/><E14/><V98/><F75/><W90/><G74/><T20/><D94/><U34/><E34/><V130/><F108/><W53/><G113/><T76/><D80/><U32/><E32/><V28/><F121/><W26/><G69/><T73/><D73/><U127/><E127/><V30/><F66/><W16/><G4/><T129/><D40/><U114/><E114/><V0/><F0/><W81/><G64/><T85/><D49/><U110/><E110/><V58/><F130/><W62/><REACH who="3" step="1"/><G16/><REACH who="3" ten="352,27,374,237" step="2"/><T86/><D129/><U3/><E3/><V39/><F71/><W47/><G47/><T111/><D111/><U105/><E105/><V42/><F68/><W21/><G21/><T45/><D132/><U50/><E50/><V43/><F9/><W124/><G124/><T112/><D112/><U60/><E60/><N who="2" m="35911" /><F39/><W116/><G116/><T22/><D22/><U56/><E56/><V38/><F10/><W36/><G36/><T120/><D120/><U1/><E1/><V96/><F11/><W12/><G12/><T5/><D8/><U91/><E91/><V17/><F38/><W118/><G118/><T2/><D2/><U102/><E102/><N who="2" m="38955" /><F17/><W24/><AGARI ba="0,1" hai="24,26,44,51,53,54,59,62,81,82,84,87,89,90" machi="24" ten="30,12000,2" yaku="1,1,0,1,9,1,8,1,52,2,53,0" doraHai="23" doraHaiUra="115" who="3" fromWho="3" sc="352,-60,27,-30,374,-30,237,130" owari="292,-11.0,-3,-50.0,344,14.0,367,47.0" /></mjloggm>