<mjloggm ver="2.3"><GO type="97"/><UN n0="%E4%B8%80%E6%96%87%E5%AD%97%E9%9A%BC%E4%BA%BA" n1="%E3%81%A8%E3%81%86%E3%81%B5%E3%81%83" n2="%EF%BC%88%E2%89%A7%E2%96%BD%E2%89%A6%EF%BC%89" n3="%E3%81%82%E3%81%A4%E3%81%BF" dan="15,13,15,14" rate="1994,1821,1962,1903" sx="M,M,M,M"/><TAIKYOKU oya="0"/><INIT seed="0,0,0,5,0,52" ten="250,250,250,250" oya="0" hai0="7,56,3,119,19,127,71,92,100,96,33,106,72" hai1="80,35,69,8,41,24,134,103,4,81,83,44,64" hai2="104,13,108,45,27,48,59,46,109,25,115,93,76" hai3="130,30,79,63,114,38,37,54,70,26,0,22,18"/><T17/><D119/><U89/><E103/><V43/><F104/><W12/><G114/><T94/><D33/><U9/><E69/><V66/><F115/><W95/><G0/><T77/><D71/><U110/><E64/><V23/><F76/><W112/><G112/><T40/><D40/><U90/><E134/><V20/><F93/><W11/><G130/><T128/><D128/><U86/><E110/><N who="2" m="42603" /><F46/><W2/><G79/><T6/><D6/><U36/><E89/><V58/><F13/><W84/><G2/><T98/><D106/><U135/><E135/><V125/><F125/><W74/><G74/><T123/><D123/><U97/><E97/><V121/><F121/><W61/><G70/><T14/><D3/><U82/><REACH who="1" step="1"/><E4/><REACH who="1" ten="250,240,250,250" step="2"/><V53/><F66/><W68/><G68/><T15/><D127/><U55/><E55/><V31/><F53/><W87/><G38/><T16/><D7/><U47/><E47/><V122/><F122/><W117/><G37/><T124/><D124/><U113/><E113/><V126/><F126/><W131/><G131/><T132/><D132/><U10/><E10/><V65/><F65/><W34/><G117/><T129/><D129/><U51/><E51/><V116/><F116/><W32/><G63/><T99/><D99/><U21/><E21/><V78/><F78/><W60/><G61/><T1/><D1/><U75/><E75/><V67/><F67/><W101/><G60/><T49/><D77/><U28/><AGARI ba="0,1" hai="8,9,24,28,35,36,41,44,80,81,82,83,86,90" machi="28" ten="30,2000,0" yaku="1,1,0,1,53,0" doraHai="52" doraHaiUra="73" who="1" fromWho="1" sc="250,-10,240,30,250,-5,250,-5" /><INIT seed="1,0,0,0,3,45" ten="240,270,245,245" oya="1" hai0="47,72,86,61,42,100,11,113,91,49,129,135,52" hai1="55,73,69,127,12,67,30,109,71,46,124,120,130" hai2="132,95,28,118,104,107,43,56,57,79,48,15,68" hai3="87,76,123,14,37,119,33,82,34,99,114,18,88"/><U64/><E73/><V105/><F118/><W96/><G37/><T103/><D113/><U40/><E30/><V54/><F132/><W134/><G114/><T77/><D135/><U75/><E75/><V7/><F68/><W39/><G123/><T126/><D126/><N who="1" m="48171" /><E120/><V16/><F28/><W110/><G39/><T63/><D129/><U92/><E130/><V8/><F79/><W85/><G134/><T93/><D11/><U94/><E12/><V90/><F43/><W74/><G119/><T32/><D32/><U133/><E92/><V108/><F108/><W98/><G110/><T22/><D22/><U66/><E109/><V51/><F7/><W97/><N who="3" m="24576" /><DORA hai="19" /><W128/><G128/><T1/><D1/><U59/><E94/><V81/><F81/><W26/><G26/><T41/><D77/><U53/><E133/><V17/><F17/><W112/><G112/><T121/><D72/><U106/><E59/><V78/><F78/><W70/><G70/><N who="1" m="26634" /><E106/><V131/><F131/><W111/><G111/><T13/><D13/><U21/><E21/><V84/><REACH who="2" step="1"/><F57/><REACH who="2" ten="240,270,235,245" step="2"/><W60/><G74/><T25/><D121/><U117/><E117/><V58/><F58/><W89/><G76/><T0/><D0/><U83/><E83/><V6/><F6/><W5/><G5/><T125/><D125/><U38/><AGARI ba="0,1" hai="38,40,46,53,55,64,66,67" m="26634,48171" machi="38" ten="40,7800,0" yaku="18,1,34,2" doraHai="45,19" who="1" fromWho="1" sc="240,-26,270,88,235,-26,245,-26" /><INIT seed="1,1,0,1,5,91" ten="214,358,209,219" oya="1" hai0="62,15,20,47,28,75,25,117,23,51,49,131,80" hai1="105,134,58,114,67,127,118,102,89,41,56,65,34" hai2="19,4,9,122,82,8,100,128,36,21,35,121,10" hai3="98,96,95,38,16,115,97,64,40,88,27,45,48"/><U3/><E41/><V125/><F36/><W111/><G115/><T55/><D117/><U124/><E89/><V106/><F82/><W0/><G38/><T92/><D131/><U133/><E3/><N who="2" m="31" /><F100/><W54/><G0/><T44/><D62/><U119/><E102/><V17/><F106/><W77/><G111/><T32/><D75/><U1/><E1/><V14/><F128/><W104/><G77/><T2/><D2/><U93/><E105/><V126/><F35/><W46/><G104/><T6/><D80/><U18/><E18/><V132/><F132/><W123/><G123/><N who="2" m="47113" /><F19/><W33/><G64/><T84/><D32/><U7/><E34/><V59/><F59/><W87/><G33/><T99/><D84/><U63/><E7/><V135/><F135/><W86/><G86/><T94/><D99/><U24/><E24/><V74/><F74/><W107/><G107/><T22/><D22/><U103/><E103/><V113/><F113/><W109/><G109/><T29/><D6/><U73/><E73/><V85/><F85/><W68/><G68/><T71/><D71/><U83/><E83/><V5/><F9/><W112/><G112/><T129/><D129/><U90/><E114/><V70/><F70/><W66/><G66/><T76/><D76/><U31/><E31/><V79/><F79/><W12/><G27/><AGARI ba="1,0" hai="5,10,14,17,21,27,125,126" m="47113,31" machi="27" ten="30,2000,0" yaku="34,2" doraHai="91" who="2" fromWho="3" sc="214,0,358,0,209,23,219,-23" /><INIT seed="2,0,0,1,0,25" ten="214,358,232,196" oya="2" hai0="10,99,65,35,75,37,103,95,134,97,84,62,59" hai1="130,67,69,63,1,47,104,58,33,45,128,83,111" hai2="54,34,30,57,89,113,102,127,66,96,79,82,46" hai3="112,109,29,60,13,121,44,100,3,115,64,91,23"/><V125/><F113/><N who="3" m="43595" /><G121/><T32/><D37/><U27/><E1/><V11/><F89/><W42/><G3/><T114/><D114/><U31/><E104/><V48/><F11/><W14/><G109/><T118/><D118/><U56/><E111/><V124/><F30/><W0/><G100/><T5/><D134/><U72/><E72/><N who="2" m="43367" /><F34/><W38/><G0/><T71/><D75/><U119/><E119/><V9/><F9/><W129/><G91/><T19/><D19/><U117/><E117/><V28/><F28/><W36/><G129/><N who="1" m="49770" /><E83/><V4/><F4/><W26/><G36/><T92/><D84/><U122/><E122/><V126/><N who="2" m="32256" /><DORA hai="51" /><V43/><F66/><W8/><G8/><T15/><REACH who="0" step="1"/><D71/><AGARI ba="0,0" hai="13,14,23,26,29,38,42,44,60,64,71" m="43595" machi="71" ten="30,2000,0" yaku="11,1,52,1" doraHai="25,51" who="3" fromWho="0" sc="214,-20,358,0,232,0,196,20" /><INIT seed="3,0,0,0,3,118" ten="194,358,232,216" oya="3" hai0="87,63,92,52,31,74,15,16,0,12,128,121,34" hai1="78,65,3,80,53,71,68,86,131,28,58,40,61" hai2="33,130,64,9,1,106,59,46,83,32,110,4,35" hai3="101,76,60,127,48,8,54,120,97,107,23,85,51"/><W20/><G120/><T108/><D121/><U39/><E3/><V133/><F106/><W93/><G127/><T14/><D74/><U123/><E131/><V100/><F130/><W84/><G107/><T122/><D128/><U70/><E123/><V56/><F110/><W66/><G8/><T41/><D122/><U30/><E39/><V57/><F100/><W81/><G85/><T38/><D108/><U21/><E40/><V132/><F46/><N who="3" m="27927" /><G51/><T89/><D0/><U22/><E53/><V105/><F105/><W77/><G77/><T125/><D125/><U98/><E98/><V116/><F116/><W13/><G13/><T109/><D109/><U7/><E7/><V37/><F37/><W69/><G69/><T25/><D41/><U72/><E72/><V43/><F43/><W134/><G134/><N who="2" m="51817" /><F83/><W45/><G45/><T99/><D38/><U79/><E78/><V124/><F124/><W112/><G112/><T29/><D29/><U67/><E67/><AGARI ba="0,0" hai="1,4,9,32,33,35,56,57,59,64,67" m="51817" machi="67" ten="40,1300,0" yaku="20,1" doraHai="118" who="2" fromWho="1" sc="194,0,358,-13,232,13,216,0" owari="194,-31.0,345,44.0,245,5.0,216,-18.0" /></mjloggm>