<mjloggm ver="2.3"><GO type="169"/><UN n0="%E3%81%8A%EF%BC%81%E3%81%AA%E3%81%AB%EF%BD%9E%EF%BC%9F" n1="%E3%83%9D%E3%83%81%E3%83%A7%E3%83%A0%E3%82%AD%E3%83%B3%E2%98%85" n2="%E8%B6%85%E3%83%92%E3%83%A2%E3%83%AA%E3%83%AD" n3="%EF%BC%88%E2%89%A7%E2%96%BD%E2%89%A6%EF%BC%89" dan="17,16,17,16" rate="2164,2080,2100,2031" sx="M,M,F,M"/><TAIKYOKU oya="0"/><INIT seed="0,0,0,4,0,58" ten="250,250,250,250" oya="0" hai0="87,104,115,110,119,131,19,16,98,13,127,81,61" hai1="126,42,65,7,57,107,14,30,108,112,74,18,25" hai2="32,66,36,94,125,105,31,113,121,67,103,41,11" hai3="28,44,97,34,78,27,1,123,95,62,114,86,39"/><T2/><D115/><U106/><E112/><V73/><F113/><W99/><G114/><RYUUKYOKU type="kaze4" ba="0,0" sc="250,0,250,0,250,0,250,0" /><INIT seed="0,1,0,3,4,52" ten="250,250,250,250" oya="0" hai0="67,58,118,6,135,133,56,97,116,9,0,69,107" hai1="44,128,125,46,19,74,41,36,63,24,94,31,28" hai2="51,43,35,50,106,85,47,62,134,11,89,17,18" hai3="104,100,79,20,123,114,78,12,132,64,91,27,5"/><T81/><D81/><U70/><E74/><V87/><F35/><W99/><G114/><T16/><D69/><U57/><E128/><V3/><F106/><W110/><G132/><N who="0" m="50763" /><D67/><U112/><E112/><V127/><F127/><W124/><G124/><T1/><D1/><U7/><E125/><V129/><F129/><W61/><G123/><T45/><D45/><U120/><E120/><V130/><F130/><W22/><G110/><T8/><D107/><U30/><E70/><V122/><F122/><W101/><G101/><T98/><D98/><U88/><E7/><V83/><F134/><W13/><G91/><T42/><D42/><U82/><E82/><V93/><F62/><W76/><G5/><T121/><D97/><N who="1" m="57543" /><E41/><V55/><F3/><W126/><G126/><T21/><D9/><U38/><E38/><V111/><F11/><W68/><REACH who="3" step="1"/><G20/><REACH who="3" ten="250,250,250,240" step="2"/><T2/><D121/><U53/><E36/><V109/><F109/><W73/><G73/><T95/><D0/><U32/><E32/><V25/><F111/><W72/><G72/><T90/><D116/><U40/><E40/><V75/><F75/><W77/><N who="3" m="19456" /><DORA hai="115" /><W84/><G84/><N who="0" m="52679" /><D118/><U96/><E96/><V48/><F85/><W113/><G113/><T15/><AGARI ba="1,1" hai="2,6,8,15,16,21,56,58" m="52679,50763" machi="15" ten="30,11700,0" yaku="20,1,52,2,54,1" doraHai="52,115" who="0" fromWho="0" sc="250,130,250,-40,250,-40,240,-40" /><INIT seed="0,2,0,4,2,31" ten="380,210,210,200" oya="0" hai0="124,80,3,70,122,35,63,85,58,59,67,4,37" hai1="83,106,54,64,81,16,127,8,82,109,77,25,9" hai2="131,68,61,91,118,11,27,114,7,94,56,28,44" hai3="55,0,115,105,39,48,87,102,123,108,103,125,97"/><T10/><D122/><U133/><E106/><V74/><F74/><W112/><G39/><T34/><D37/><U69/><E109/><V129/><F68/><W96/><G123/><T126/><D59/><U24/><E133/><V111/><F111/><W40/><G108/><T22/><D22/><U89/><E127/><N who="0" m="48681" /><D70/><U75/><E69/><V121/><F44/><W90/><G0/><T38/><D38/><U116/><E116/><V86/><F114/><W76/><G40/><T132/><D132/><U99/><E64/><V29/><F121/><W100/><G125/><T19/><D19/><U26/><E75/><V57/><F29/><W95/><G76/><AGARI ba="2,0" hai="3,4,10,34,35,58,63,67,76,80,85" m="48681" machi="76" ten="30,5800,0" yaku="18,1,52,2" doraHai="31" who="0" fromWho="3" sc="380,64,210,0,210,0,200,-64" /><INIT seed="0,3,0,3,0,88" ten="444,210,210,136" oya="0" hai0="111,129,72,74,106,46,89,104,130,68,21,13,86" hai1="97,38,8,0,12,102,51,70,114,75,40,52,23" hai2="120,17,25,53,123,96,99,32,115,59,110,95,56" hai3="5,19,66,77,4,2,65,37,20,62,131,63,34"/><T15/><D68/><U103/><E75/><N who="0" m="28713" /><D46/><U133/><E70/><V47/><F110/><W128/><G37/><T109/><D21/><U112/><E133/><V117/><F115/><N who="1" m="44073" /><E0/><V83/><F117/><W122/><G122/><T26/><D26/><U105/><E23/><V108/><F108/><N who="0" m="41546" /><D15/><U93/><E105/><N who="0" m="40553" /><D13/><U55/><E38/><V69/><F69/><W73/><G34/><T31/><D31/><U18/><E40/><V11/><F120/><W45/><G45/><T76/><D76/><U107/><E51/><V33/><F123/><W67/><G2/><T79/><D79/><U42/><E42/><V124/><F33/><W85/><G4/><T24/><D24/><U35/><E35/><V98/><F32/><W91/><G5/><T41/><D41/><U78/><E78/><V61/><F25/><W6/><G6/><T48/><D48/><U125/><E12/><V57/><F47/><W29/><G29/><T3/><D3/><U28/><E28/><V43/><F43/><W9/><G9/><T92/><AGARI ba="3,0" hai="86,89,92,129,130" m="40553,41546,28713" machi="92" ten="40,12000,1" yaku="14,1,10,1,34,2,52,1" doraHai="88" who="0" fromWho="0" sc="444,129,210,-43,210,-43,136,-43" /><INIT seed="0,4,0,4,4,22" ten="573,167,167,93" oya="0" hai0="69,17,75,78,29,0,55,14,97,109,58,36,13" hai1="92,7,41,24,23,133,96,110,34,118,116,130,134" hai2="52,80,70,35,104,40,91,113,62,106,18,45,127" hai3="39,76,59,51,5,93,21,50,46,94,20,131,4"/><T8/><D36/><U99/><E41/><V128/><F113/><W3/><G131/><T47/><D69/><U121/><E121/><V117/><F117/><W48/><G76/><T88/><D0/><U12/><E130/><V79/><F127/><W111/><G111/><T112/><D112/><U100/><E110/><V124/><F124/><W26/><G59/><T53/><D109/><U65/><E34/><V89/><F35/><W25/><G39/><T28/><D75/><U9/><E99/><V63/><F128/><W122/><G46/><T129/><D78/><U73/><E73/><V68/><F104/><W82/><G82/><T103/><D14/><U56/><E56/><V10/><F106/><W54/><G54/><T38/><D129/><U2/><E65/><V81/><F68/><W86/><G122/><T95/><D103/><U108/><E12/><V6/><F18/><N who="3" m="12439" /><G3/><T1/><D1/><U32/><E32/><V102/><F102/><W74/><G74/><T64/><D64/><U90/><E100/><V66/><F62/><W71/><G71/><T11/><D11/><U72/><E72/><V77/><F66/><W27/><G86/><T67/><D38/><U30/><REACH who="1" step="1"/><E108/><REACH who="1" ten="573,157,167,93" step="2"/><V107/><F70/><W123/><G123/><T49/><D67/><U87/><E87/><V114/><F114/><W42/><G42/><T126/><D126/><U33/><E33/><V16/><F40/><W15/><G15/><T61/><AGARI ba="4,1" hai="8,13,17,28,29,47,49,53,55,58,61,88,95,97" machi="61" ten="20,7800,0" yaku="0,1,7,1,8,1,54,1" doraHai="22" who="0" fromWho="0" sc="573,100,157,-30,167,-30,93,-30" /><INIT seed="0,5,0,0,0,107" ten="673,127,137,63" oya="0" hai0="17,51,46,86,19,36,0,82,120,108,16,87,122" hai1="71,2,62,113,129,117,111,125,63,53,28,106,94" hai2="127,39,6,29,26,98,109,8,13,3,4,55,134" hai3="100,83,77,11,97,40,41,25,12,14,33,75,90"/><T32/><D36/><U132/><E94/><V35/><F39/><W66/><G66/><T96/><D32/><U124/><E28/><V50/><F109/><W22/><G33/><T73/><D0/><U112/><E53/><V69/><F69/><W123/><G90/><T67/><D67/><U68/><E63/><V59/><F127/><W10/><G123/><T131/><D108/><U88/><E88/><V60/><F134/><W92/><G12/><T74/><D87/><U44/><E44/><V72/><F72/><W84/><G75/><T38/><D38/><U114/><E62/><V91/><F6/><W93/><G93/><T21/><D21/><U64/><E64/><V128/><F128/><W49/><G49/><T78/><D131/><U95/><E95/><V52/><F98/><W5/><REACH who="3" step="1"/><G11/><REACH who="3" ten="673,127,137,53" step="2"/><T48/><D96/><U76/><E76/><V102/><F91/><W7/><G7/><T79/><D51/><U34/><E113/><V18/><F102/><W126/><G126/><T70/><D70/><U58/><E112/><V119/><F119/><W133/><G133/><T45/><D48/><U1/><E1/><V43/><F43/><W31/><AGARI ba="5,1" hai="5,10,14,22,25,31,40,41,77,83,84,92,97,100" machi="31" ten="20,12000,2" yaku="1,1,0,1,7,1,8,1,53,2" doraHai="107" doraHaiUra="37" who="3" fromWho="3" sc="673,-65,127,-35,137,-35,53,145" /><INIT seed="1,0,0,3,0,90" ten="608,92,102,198" oya="1" hai0="68,126,133,14,113,69,95,132,23,81,1,88,60" hai1="80,21,120,72,65,98,55,93,89,37,39,61,134" hai2="47,0,11,12,38,97,96,123,59,44,31,85,75" hai3="112,30,36,3,78,42,121,57,76,124,7,74,92"/><U52/><E134/><N who="0" m="51817" /><D1/><U131/><E131/><V77/><F123/><W17/><G121/><T128/><D113/><U87/><E120/><V2/><F75/><W101/><G112/><T104/><D104/><U103/><E72/><V66/><F31/><W41/><G30/><T28/><D128/><U45/><E39/><V35/><F35/><W71/><G71/><T109/><D126/><U40/><REACH who="1" step="1"/><E21/><REACH who="1" ten="608,82,102,198" step="2"/><V24/><F38/><W118/><G36/><T58/><D109/><U26/><E26/><V83/><F24/><W115/><G74/><T50/><D23/><U49/><E49/><V56/><F2/><W54/><G3/><T20/><D50/><U117/><E117/><V5/><F0/><W79/><G118/><T116/><D116/><U32/><E32/><V48/><F47/><W33/><G115/><T15/><D28/><U53/><E53/><V84/><F84/><W102/><G33/><T105/><D20/><U43/><E43/><V29/><F29/><W107/><G42/><T51/><D51/><U8/><E8/><V82/><F66/><W111/><G41/><T63/><D15/><U67/><E67/><V13/><F13/><W16/><G54/><T129/><D14/><U91/><E91/><V108/><F108/><W70/><G111/><T18/><D88/><U106/><E106/><V125/><F125/><W127/><G107/><T130/><D105/><U22/><E22/><V110/><F110/><W9/><G124/><T86/><D130/><U46/><E46/><V135/><F135/><W122/><G127/><T100/><D129/><U119/><E119/><RYUUKYOKU ba="0,1" sc="608,-10,82,30,102,-10,198,-10" hai1="37,40,45,52,55,61,65,80,87,89,93,98,103" /><INIT seed="1,1,1,4,2,41" ten="598,112,92,188" oya="1" hai0="120,33,20,51,129,14,128,124,86,121,25,11,52" hai1="101,68,42,12,97,102,108,36,133,55,28,19,79" hai2="18,109,32,116,46,82,6,27,67,60,1,96,65" hai3="21,83,111,98,76,45,87,95,78,50,26,53,39"/><U2/><E133/><V30/><F116/><W49/><G111/><T103/><D33/><U9/><E108/><V66/><F109/><W135/><G135/><T47/><D103/><U37/><E68/><V5/><F1/><W93/><G39/><T10/><D86/><U0/><E79/><V72/><F60/><W88/><G50/><T7/><D11/><U73/><E73/><V85/><F72/><W44/><G95/><T132/><D132/><U127/><E127/><V89/><F18/><N who="3" m="12599" /><G78/><T123/><REACH who="0" step="1"/><D124/><REACH who="0" ten="588,112,92,188" step="2"/><U3/><E28/><AGARI ba="1,2" hai="7,10,14,20,25,28,47,51,52,120,121,123,128,129" machi="28" ten="40,8000,1" yaku="1,1,2,1,13,1,52,1,54,1,53,0" doraHai="41" doraHaiUra="31" who="0" fromWho="1" sc="588,103,112,-83,92,0,188,0" /><INIT seed="2,0,0,4,4,44" ten="691,29,92,188" oya="2" hai0="115,92,64,129,101,17,37,13,15,55,16,65,36" hai1="78,81,9,99,5,68,59,18,124,54,96,71,32" hai2="11,62,122,110,106,57,79,120,77,91,24,121,131" hai3="86,22,98,112,94,35,41,46,26,83,135,23,107"/><V20/><F106/><W4/><G107/><T102/><D115/><U6/><E124/><V0/><F131/><W82/><G112/><T14/><D92/><U130/><E130/><V84/><F110/><W95/><G135/><T75/><D75/><U113/><E113/><V90/><F11/><W133/><G133/><T60/><D60/><U53/><E32/><V42/><F0/><W132/><G132/><T12/><D12/><U97/><E18/><N who="0" m="7273" /><D55/><U51/><E53/><V3/><F3/><W72/><G72/><T39/><D129/><U69/><REACH who="1" step="1"/><E9/><REACH who="1" ten="691,19,92,188" step="2"/><V31/><F42/><W66/><G41/><T58/><D58/><U74/><AGARI ba="0,1" hai="5,6,51,54,59,68,69,71,74,78,81,96,97,99" machi="74" ten="40,8000,1" yaku="1,1,2,1,0,1,52,1,53,1" doraHai="44" doraHaiUra="50" who="1" fromWho="1" sc="691,-20,19,90,92,-40,188,-20" /><INIT seed="3,0,0,4,4,0" ten="671,109,52,168" oya="3" hai0="17,125,23,10,24,14,122,95,29,89,65,41,63" hai1="70,86,68,123,42,54,18,72,126,106,57,134,26" hai2="135,75,58,82,77,5,80,51,11,104,28,81,71" hai3="116,128,30,4,130,34,64,117,73,127,113,118,37"/><W25/><G37/><T84/><D122/><U66/><E72/><V121/><F71/><W46/><G73/><T132/><D125/><U47/><E126/><V79/><F104/><W98/><G127/><T124/><D124/><U133/><E123/><V115/><F121/><W102/><G64/><T76/><D132/><N who="1" m="50795" /><E106/><V108/><F108/><W9/><G46/><T67/><D41/><U62/><E86/><V12/><F135/><W8/><G113/><T22/><D76/><U97/><E97/><V48/><F115/><W99/><G9/><T112/><D112/><U92/><E92/><V129/><F129/><N who="3" m="49771" /><G102/><T40/><D40/><U61/><E26/><V36/><F36/><W27/><G25/><T44/><D44/><U3/><E18/><V39/><F39/><W6/><G6/><T35/><REACH who="0" step="1"/><D67/><REACH who="0" ten="661,109,52,168" step="2"/><U20/><E66/><V49/><F28/><W15/><AGARI ba="0,1" hai="4,8,15,27,30,34,98,99,116,117,118" m="49771" machi="15" ten="40,3900,0" yaku="19,1,52,1" doraHai="0" who="3" fromWho="3" sc="661,-13,109,-13,52,-13,168,49" /><INIT seed="3,1,0,0,5,48" ten="648,96,39,217" oya="3" hai0="47,54,135,109,63,112,16,118,38,82,15,19,98" hai1="50,84,100,122,134,21,29,94,74,95,79,71,43" hai2="24,17,7,69,115,2,90,5,8,129,75,105,68" hai3="92,88,26,111,4,11,81,119,61,20,23,131,91"/><W45/><G119/><T56/><D118/><U22/><E122/><V57/><F105/><W128/><G111/><T97/><D109/><U31/><E71/><V3/><F75/><W123/><G123/><T103/><D112/><U51/><E74/><V0/><F115/><W55/><G81/><T121/><D121/><U101/><E134/><V130/><F90/><N who="3" m="34347" /><G92/><T70/><D70/><U127/><E127/><V6/><F57/><N who="3" m="35007" /><G45/><T60/><D135/><U39/><E39/><V18/><F68/><W126/><G26/><T32/><D32/><U25/><E25/><V96/><F96/><W58/><G58/><T72/><D38/><U106/><E106/><V110/><F69/><W1/><G126/><T89/><D47/><U117/><E117/><V73/><F73/><W9/><G9/><T36/><D36/><U78/><E84/><V37/><F37/><W49/><G49/><N who="0" m="30799" /><D72/><U53/><E53/><V80/><F80/><W86/><G86/><N who="0" m="50391" /><D19/><N who="2" m="7178" /><F110/><W44/><G44/><T76/><D76/><U132/><E132/><V10/><F24/><W125/><G125/><T41/><D41/><AGARI ba="1,0" hai="21,22,29,31,41,43,50,51,78,79,94,95,100,101" machi="41" ten="25,3200,0" yaku="22,2,8,1" doraHai="48" who="1" fromWho="0" sc="648,-35,96,35,39,0,217,0" /><INIT seed="4,0,0,0,4,112" ten="613,131,39,217" oya="0" hai0="45,103,38,3,62,67,73,118,15,61,49,93,77" hai1="111,104,127,132,134,78,71,82,57,63,24,41,66" hai2="101,21,107,96,79,95,91,120,46,19,47,99,26" hai3="50,110,84,117,135,35,54,60,76,13,92,86,9"/><T34/><D3/><U42/><E104/><V28/><F120/><W11/><G35/><T115/><D38/><U70/><E24/><V85/><F79/><W116/><G110/><T122/><D122/><U17/><E17/><V51/><F51/><W126/><G126/><T27/><D115/><U48/><E82/><V88/><REACH who="2" step="1"/><F28/><REACH who="2" ten="613,131,29,217" step="2"/><W32/><G50/><T25/><D77/><U6/><E78/><V97/><F97/><W0/><G76/><T31/><D73/><U83/><E111/><V2/><F2/><W100/><G0/><T43/><D61/><U106/><E127/><V5/><F5/><W121/><G121/><T39/><D39/><U23/><E6/><V36/><F36/><W81/><G60/><T129/><D129/><U94/><E48/><V30/><F30/><W18/><G18/><T75/><D75/><U4/><E4/><V124/><F124/><W65/><G135/><T119/><D27/><U58/><E63/><V12/><F12/><W72/><G13/><T89/><D15/><U128/><E128/><V33/><F33/><W10/><G32/><T22/><D34/><U37/><E37/><V109/><F109/><W133/><G72/><T131/><D31/><U7/><E7/><V8/><F8/><W56/><G133/><T53/><D131/><U74/><E74/><V44/><F44/><W68/><G9/><T130/><D130/><U125/><E125/><V90/><F90/><W123/><G10/><T108/><D108/><U113/><E134/><V102/><F102/><W114/><G11/><T59/><D103/><U14/><E132/><RYUUKYOKU ba="0,1" sc="613,-10,131,-10,29,30,217,-10" hai2="19,21,26,46,47,85,88,91,95,96,99,101,107" /><INIT seed="5,1,1,4,2,123" ten="603,121,59,207" oya="1" hai0="47,57,6,29,54,106,110,59,7,105,50,79,48" hai1="34,87,38,127,17,104,11,135,133,132,107,58,111" hai2="82,31,46,99,86,84,88,128,75,122,103,22,13" hai3="69,43,129,67,114,70,65,113,76,21,23,60,40"/><U97/><E38/><V1/><F1/><W77/><REACH who="3" step="1"/><G60/><REACH who="3" ten="603,121,59,197" step="2"/><T131/><D131/><AGARI ba="1,2" hai="21,23,40,43,65,67,69,70,76,77,113,114,129,131" machi="131" ten="25,8000,1" yaku="21,2,2,1,22,2,53,0" doraHai="123" doraHaiUra="118" who="3" fromWho="0" sc="603,-83,121,0,59,0,197,103" /><INIT seed="6,0,0,0,2,113" ten="520,121,59,300" oya="2" hai0="49,130,105,112,25,22,62,1,36,68,78,58,131" hai1="129,114,71,97,116,52,102,16,110,83,23,43,31" hai2="15,98,81,47,35,4,51,61,74,108,121,107,111" hai3="34,106,5,100,38,57,46,126,8,67,0,118,77"/><V101/><F35/><W84/><G126/><T125/><D125/><U127/><E127/><V75/><F121/><W7/><G34/><T44/><D1/><U3/><E114/><V60/><F4/><W2/><G57/><T64/><D112/><U27/><E110/><N who="2" m="42027" /><F15/><W128/><G67/><T73/><D105/><U124/><E124/><V63/><F81/><W88/><G77/><T18/><D36/><U11/><E129/><N who="0" m="49161" /><D78/><U69/><E43/><AGARI ba="0,0" hai="43,47,51,60,61,63,74,75,98,101,107" m="42027" machi="43" ten="30,1500,0" yaku="10,1" doraHai="113" who="2" fromWho="1" sc="520,0,121,-15,59,15,300,0" /><INIT seed="6,1,0,5,1,120" ten="520,106,74,300" oya="2" hai0="41,90,7,92,51,1,39,88,14,106,18,104,117" hai1="96,116,6,87,34,78,102,43,44,13,2,70,133" hai2="31,132,98,54,36,68,0,74,27,94,135,9,83" hai3="113,16,69,65,99,55,123,66,105,118,82,19,45"/><V48/><F36/><W17/><G123/><T53/><D117/><U85/><E116/><V57/><F68/><W76/><G118/><T125/><D125/><U10/><E133/><N who="2" m="51275" /><F74/><W80/><G69/><T100/><D100/><U111/><E70/><V46/><F83/><N who="3" m="31787" /><G105/><T12/><D1/><U89/><E34/><N who="2" m="20863" /><F0/><W107/><G107/><T24/><D104/><U15/><E78/><V110/><F9/><W60/><G76/><T50/><D106/><U95/><E87/><V73/><F73/><W52/><G99/><T126/><D39/><U91/><E91/><N who="2" m="55647" /><F46/><W59/><G113/><T101/><D126/><U58/><E58/><V38/><F38/><W127/><G127/><T122/><D122/><U5/><E5/><V119/><F119/><W84/><G84/><N who="0" m="52231" /><D90/><U22/><E22/><V130/><F130/><W121/><G121/><T72/><D101/><U32/><E32/><V103/><F103/><W75/><G75/><T33/><D7/><U64/><E2/><V114/><F114/><W30/><G30/><T63/><D33/><U42/><E44/><V67/><F67/><W86/><G86/><T115/><D115/><U128/><E64/><V29/><F29/><W49/><AGARI ba="1,0" hai="16,17,19,45,49,52,55,59,60,65,66" m="31787" machi="49" ten="30,4000,0" yaku="8,1,54,2" doraHai="120" who="3" fromWho="3" sc="520,-11,106,-11,74,-21,300,43" /><INIT seed="7,0,0,1,4,30" ten="509,95,53,343" oya="3" hai0="95,115,104,56,123,94,29,131,75,106,10,114,105" hai1="25,27,34,79,57,73,26,67,9,110,21,96,3" hai2="16,12,50,108,42,125,130,49,58,54,40,38,63" hai3="66,1,97,70,91,119,17,82,111,18,122,35,112"/><W6/><G122/><T132/><D123/><U109/><E73/><V81/><F108/><W37/><G119/><T92/><D132/><U24/><E79/><V72/><F125/><W23/><G111/><T65/><D131/><U93/><E34/><V48/><F130/><W13/><G37/><T15/><D29/><N who="1" m="17551" /><E9/><V31/><F38/><W74/><G35/><T36/><D36/><U84/><E84/><V126/><F126/><W0/><G112/><N who="0" m="43051" /><D75/><U129/><E129/><V41/><F31/><W20/><G6/><N who="0" m="3543" /><D56/><U4/><E4/><V52/><F72/><W120/><G120/><T87/><D65/><U76/><E76/><V134/><F134/><W19/><G74/><T44/><D44/><U103/><E3/><V88/><F81/><W133/><G133/><T89/><AGARI ba="0,0" hai="87,89,92,94,95,104,105,106" m="3543,43051" machi="89" ten="40,2700,0" yaku="15,1,11,1" doraHai="30" who="0" fromWho="0" sc="509,27,95,-7,53,-7,343,-13" owari="536,63.0,88,-31.0,46,-45.0,330,13.0" /></mjloggm>