<mjloggm ver="2.3"><GO type="97"/><UN n0="%EF%BC%88%E2%89%A7%E2%96%BD%E2%89%A6%EF%BC%89" n1="%E7%91%A0%E7%92%83%E5%AD%90" n2="%52%75%72%75%70%70%65" n3="%E4%B8%96%E7%95%8C%E5%8F%B2%42" dan="15,14,14,14" rate="2044,1906,1918,1911" sx="M,M,M,M"/><TAIKYOKU oya="0"/><INIT seed="0,0,0,0,0,67" ten="250,250,250,250" oya="0" hai0="64,84,70,69,122,37,106,38,132,72,127,83,100" hai1="77,3,22,128,49,56,17,42,101,102,6,135,27" hai2="78,5,108,32,86,130,57,24,112,66,79,81,29" hai3="11,109,12,73,75,89,0,1,14,51,120,28,94"/><T93/><D122/><U96/><E135/><V121/><F112/><W123/><G28/><T46/><D132/><U7/><E128/><V52/><F121/><W85/><G109/><T39/><D127/><U105/><E77/><V13/><F130/><W25/><G25/><T61/><D84/><U45/><E3/><V55/><F108/><W41/><G41/><N who="0" m="22847" /><D93/><U111/><E111/><V48/><F66/><W91/><G85/><T44/><D44/><U15/><E101/><V119/><F119/><W134/><G94/><T16/><D16/><U23/><E56/><V18/><F5/><W118/><G134/><T103/><D103/><U97/><REACH who="1" step="1"/><E96/><REACH who="1" step="2"/><V80/><F57/><W34/><G123/><T124/><D124/><U113/><E113/><V59/><F59/><W60/><G120/><T26/><D70/><U47/><E47/><V117/><F117/><W53/><G118/><T65/><D65/><U99/><E99/><V30/><F48/><W131/><G131/><T54/><D54/><U114/><E114/><V9/><REACH who="2" step="1"/><F30/><AGARI ba="0,1" hai="6,7,15,17,22,23,27,30,42,45,49,97,102,105" machi="30" ten="30,2000,0" yaku="1,1,7,1,53,0" doraHai="67" doraHaiUra="88" who="1" fromWho="2" sc="250,0,240,30,250,-20,250,0" /><INIT seed="1,0,0,0,5,107" ten="250,270,230,250" oya="1" hai0="6,117,16,41,64,98,0,8,11,32,10,95,1" hai1="40,128,97,75,123,78,68,47,67,74,87,79,33" hai2="99,24,115,53,58,65,56,23,38,54,51,124,49" hai3="3,52,26,102,59,81,66,76,122,34,82,84,50"/><U131/><E33/><V14/><F115/><W88/><G122/><T21/><D117/><U46/><E68/><V111/><F38/><W29/><G3/><T101/><D32/><U2/><E67/><V113/><F113/><W13/><G102/><T25/><D64/><U70/><E2/><V129/><F129/><N who="1" m="49737" /><E70/><V55/><F124/><W114/><G114/><T17/><D0/><U106/><E123/><V77/><F111/><W44/><G13/><T69/><D69/><U57/><E57/><N who="2" m="22123" /><F77/><N who="1" m="29193" /><E87/><V105/><F105/><W12/><G12/><T120/><D120/><U112/><E112/><V133/><F133/><W28/><G28/><T60/><D60/><U93/><E106/><V121/><F121/><W125/><G125/><T61/><D61/><U48/><E46/><V22/><F99/><W92/><G76/><T109/><D109/><U36/><E36/><V71/><F71/><W63/><AGARI ba="0,0" hai="26,29,34,44,50,52,59,63,66,81,82,84,88,92" machi="63" ten="30,4000,0" yaku="0,1,54,2" doraHai="107" who="3" fromWho="3" sc="250,-10,270,-20,230,-10,250,40" /><INIT seed="2,0,0,4,2,75" ten="240,250,220,290" oya="2" hai0="80,135,90,128,32,107,118,13,51,81,43,121,117" hai1="108,119,50,89,27,102,49,21,26,42,20,52,54" hai2="78,114,36,85,19,69,131,76,96,127,87,30,2" hai3="62,47,11,101,61,23,28,14,94,34,0,63,111"/><V72/><F2/><W1/><G34/><T124/><D121/><U48/><E119/><N who="0" m="45577" /><D107/><U40/><E108/><V79/><F36/><W126/><G1/><T123/><D123/><U97/><E89/><V74/><F69/><W71/><G0/><T10/><D32/><U109/><E109/><V38/><F38/><W58/><G111/><T70/><D70/><U68/><E68/><V88/><F30/><W103/><G126/><T41/><D124/><U66/><E97/><V6/><F6/><W15/><G47/><N who="0" m="26095" /><D135/><U4/><E66/><V25/><F127/><W53/><G71/><T132/><D43/><N who="1" m="16427" /><E4/><V82/><F114/><W56/><G63/><T16/><D128/><U130/><E102/><V125/><F125/><W112/><G112/><T77/><D132/><U44/><E44/><V105/><F19/><N who="3" m="10743" /><G28/><T110/><D110/><U98/><E98/><V46/><F25/><N who="1" m="9225" /><E130/><V134/><F46/><W106/><G106/><T59/><D59/><U116/><E116/><V115/><F115/><W9/><G9/><T67/><D67/><U122/><E122/><V91/><F131/><W22/><G22/><AGARI ba="0,0" hai="20,21,22,48,49,50,52,54" m="9225,16427" machi="22" ten="30,7700,0" yaku="28,2,8,1,54,1" doraHai="75" who="1" fromWho="3" sc="240,0,250,77,220,0,290,-77" /><INIT seed="3,0,0,4,4,66" ten="240,327,220,213" oya="3" hai0="116,110,111,81,62,132,4,119,117,61,98,29,57" hai1="69,63,130,64,88,129,27,58,49,55,23,47,106" hai2="133,46,135,56,53,73,24,10,59,5,128,35,109" hai3="94,113,85,2,126,91,19,75,131,108,30,20,121"/><W86/><G2/><T105/><D29/><U13/><E13/><V127/><F73/><W40/><G40/><T41/><D4/><U22/><E106/><V50/><F109/><N who="0" m="41482" /><D81/><U32/><E32/><V122/><F122/><W37/><G37/><T101/><D132/><N who="2" m="50762" /><F24/><N who="3" m="16647" /><G121/><T70/><D41/><U39/><E88/><V17/><F17/><W134/><G108/><T36/><D36/><U123/><E123/><V89/><F35/><W74/><G113/><T51/><D70/><U6/><E6/><V7/><F127/><W96/><G134/><T82/><D82/><U102/><E102/><V92/><F128/><N who="1" m="49257" /><E27/><V100/><F100/><W104/><G104/><T80/><D80/><U71/><E39/><V93/><F93/><W15/><G131/><T43/><D43/><U38/><E38/><V114/><F114/><W97/><G75/><T3/><D3/><U14/><E14/><N who="2" m="5455" /><F7/><W18/><G74/><T124/><D124/><U21/><AGARI ba="0,0" hai="21,22,23,47,49,55,58,63,64,69,71" m="49257" machi="21" ten="30,4000,0" yaku="19,1,52,2" doraHai="66" who="1" fromWho="1" sc="240,-10,327,40,220,-10,213,-20" owari="230,3.0,367,47.0,210,-19.0,193,-31.0" /></mjloggm>