<mjloggm ver="2.3"><GO type="169" lobby="0"/><UN n0="%E6%B0%97%E6%A5%BD%E3%81%AB%E6%89%93%E3%81%A4" n1="%E3%83%A4%E3%83%9E%E3%83%84%E3%82%AB%E3%83%9F" n2="%73%65%69%79%61%6A%70%35" n3="%EF%BC%88%E2%89%A7%E2%96%BD%E2%89%A6%EF%BC%89" dan="16,16,17,17" rate="2134.48,2057.83,2139.61,2194.00" sx="M,M,M,M"/><TAIKYOKU oya="0"/><INIT seed="0,0,0,2,4,17" ten="250,250,250,250" oya="0" hai0="103,87,36,92,22,74,47,21,104,133,131,32,20" hai1="52,125,132,11,100,75,54,48,123,91,13,70,57" hai2="126,63,111,129,45,15,78,34,82,8,90,112,10" hai3="85,135,76,86,50,5,44,73,105,49,64,114,89"/><T19/><D133/><U127/><E70/><V108/><F112/><W113/><G135/><T84/><D74/><U110/><E132/><V56/><F34/><W65/><G105/><T27/><D131/><U28/><E123/><V83/><F129/><W0/><G73/><T93/><D32/><U4/><E75/><V97/><F126/><N who="1" m="48137" /><E100/><V116/><F116/><W71/><G71/><T58/><D104/><U67/><E110/><N who="2" m="42027" /><F45/><W68/><G44/><T61/><D47/><N who="1" m="27679" /><E28/><V66/><F78/><W35/><G76/><T40/><D40/><U43/><E43/><V102/><F90/><W101/><G89/><N who="0" m="53287" /><D36/><U3/><E91/><V95/><F10/><W118/><G118/><T124/><D124/><U30/><E30/><V120/><F120/><W26/><G68/><T69/><D69/><U122/><E122/><V53/><F66/><W119/><G119/><T121/><D121/><U81/><E67/><V115/><F115/><W46/><G65/><N who="0" m="39095" /><D87/><U134/><E134/><V98/><F98/><AGARI ba="0,0" hai="19,20,21,22,27,93,98,103" m="39095,53287" machi="98" ten="30,11600,0" yaku="8,1,52,3" doraHai="17" who="0" fromWho="2" sc="250,116,250,0,250,-116,250,0" /><INIT seed="0,1,0,3,5,113" ten="366,250,134,250" oya="0" hai0="121,44,34,96,35,40,54,6,124,15,117,13,74" hai1="132,58,82,93,20,77,7,41,129,119,56,25,95" hai2="38,122,125,97,85,2,26,66,22,39,24,14,63" hai3="64,55,126,104,133,49,17,31,43,50,68,9,19"/><T87/><D121/><U65/><E132/><V111/><F122/><W90/><G104/><T0/><D124/><U98/><E129/><V57/><F125/><W23/><G126/><T110/><D74/><U46/><E7/><V130/><F2/><W53/><G133/><T60/><D110/><U27/><E119/><V115/><F115/><W114/><G114/><T32/><D117/><U73/><E65/><V42/><F130/><W59/><G43/><T62/><D96/><U51/><E95/><V28/><F111/><W30/><G64/><T81/><D0/><U105/><E105/><V36/><F85/><W10/><G90/><T112/><D112/><U76/><E76/><V72/><F72/><W106/><G68/><T86/><D54/><U94/><E94/><V108/><F108/><W47/><G106/><T67/><D6/><U61/><E61/><V4/><F26/><W79/><G79/><T100/><D100/><U134/><E27/><V91/><F42/><W75/><G75/><T123/><D123/><U89/><REACH who="1" step="1"/><E134/><REACH who="1" ten="366,240,134,250" step="2"/><V78/><F78/><W101/><G101/><T116/><D116/><U83/><E83/><V135/><F135/><W118/><G118/><T11/><D62/><U103/><E103/><V80/><F80/><W37/><G19/><AGARI ba="1,1" hai="19,20,25,41,46,51,56,58,73,77,82,89,93,98" machi="19" ten="30,2000,0" yaku="1,1,7,1,53,0" doraHai="113" doraHaiUra="71" who="1" fromWho="3" sc="366,0,240,33,134,0,250,-23" /><INIT seed="1,0,0,3,4,128" ten="366,273,134,227" oya="1" hai0="50,39,83,18,36,113,12,98,84,82,112,85,120" hai1="70,66,78,133,101,35,0,96,37,75,119,80,46" hai2="27,60,117,8,23,87,74,109,110,32,2,97,24" hai3="21,67,31,105,76,71,102,100,118,20,25,9,10"/><U111/><E119/><V47/><F74/><W15/><G118/><T64/><D120/><U122/><E122/><V99/><F117/><W3/><G3/><T52/><D64/><U115/><E115/><V38/><F60/><W11/><G105/><T131/><D131/><U125/><E125/><V86/><F8/><W61/><G76/><T135/><D135/><U116/><E116/><V59/><F2/><W123/><G123/><T30/><D30/><U93/><E0/><V106/><F106/><W1/><G1/><T7/><D7/><U107/><E35/><V132/><F132/><W16/><AGARI ba="0,0" hai="9,10,11,15,16,20,21,25,31,61,67,71,100,102" machi="16" ten="30,2000,0" yaku="0,1,54,1" doraHai="128" who="3" fromWho="3" sc="366,-5,273,-10,134,-5,227,20" /><INIT seed="2,0,0,3,2,31" ten="361,263,129,247" oya="2" hai0="49,72,10,111,37,77,135,113,66,58,127,32,78" hai1="98,7,34,28,88,95,40,16,48,33,63,132,43" hai2="0,8,64,116,62,14,21,4,3,39,91,99,97" hai3="118,52,134,117,69,104,81,76,23,86,112,22,87"/><V25/><F116/><W13/><G104/><T59/><D113/><U109/><E7/><V93/><F39/><W94/><G69/><T80/><D111/><U11/><E109/><V45/><F45/><W128/><G112/><T70/><D127/><U5/><E63/><V2/><F99/><W20/><G134/><T12/><D135/><U6/><E132/><V42/><F42/><W68/><G68/><T114/><D114/><U122/><E122/><V105/><F105/><W24/><G128/><T107/><D37/><U79/><E79/><V120/><F120/><W38/><G38/><T102/><D77/><U89/><E89/><V67/><REACH who="2" step="1"/><F62/><REACH who="2" ten="361,263,119,247" step="2"/><W9/><G118/><T83/><D107/><U36/><E36/><V1/><N who="2" m="0" /><DORA hai="123" /><V29/><AGARI ba="0,1" hai="4,8,14,21,25,29,64,67,91,93,97" m="0" machi="29" ten="60,12000,1" yaku="1,1,4,1,0,1,53,1" doraHai="31,123" doraHaiUra="17,121" who="2" fromWho="2" sc="361,-40,263,-40,119,130,247,-40" /><INIT seed="2,1,0,3,1,135" ten="321,223,249,207" oya="2" hai0="113,115,17,1,27,69,74,21,34,26,78,121,131" hai1="73,31,105,13,84,53,70,130,82,110,76,86,46" hai2="83,25,92,122,62,29,108,9,42,67,57,0,99" hai3="93,89,38,28,112,129,3,16,30,98,124,90,55"/><V18/><F122/><W85/><G38/><T63/><D121/><U116/><E70/><V72/><F108/><W88/><G3/><T119/><D131/><U94/><E116/><V19/><F42/><W132/><G132/><T2/><D119/><U22/><E105/><V104/><F104/><W100/><G129/><T123/><D123/><U43/><E130/><V133/><F133/><W54/><G124/><T52/><D74/><U64/><E64/><V120/><F120/><W32/><G112/><T61/><D78/><U49/><E110/><V59/><F59/><W66/><G66/><T79/><D79/><U58/><E94/><V8/><F83/><W126/><G126/><T15/><D69/><U36/><REACH who="1" step="1"/><E13/><REACH who="1" ten="321,213,249,207" step="2"/><V102/><F0/><W103/><G103/><T40/><D1/><U91/><E91/><N who="3" m="34890" /><G32/><T51/><D2/><U118/><E118/><V14/><F72/><W23/><G100/><T111/><D111/><U75/><E75/><V20/><REACH who="2" step="1"/><F9/><REACH who="2" ten="321,213,239,207" step="2"/><W45/><G85/><T6/><D115/><U7/><E7/><AGARI ba="1,2" hai="7,8,14,18,19,20,25,29,57,62,67,92,99,102" machi="7" ten="30,18000,2" yaku="1,1,2,1,7,1,25,2,8,1,53,0" doraHai="135" doraHaiUra="114" who="2" fromWho="1" sc="321,0,213,-183,239,203,207,0" /><INIT seed="2,2,0,0,2,5" ten="321,30,442,207" oya="2" hai0="20,50,93,98,61,12,64,74,57,130,73,127,38" hai1="60,13,11,27,47,19,34,72,106,134,43,120,118" hai2="135,15,14,53,126,125,39,108,94,37,123,69,83" hai3="3,33,78,85,131,102,63,119,103,56,121,84,82"/><V87/><F123/><W17/><G121/><T28/><D38/><U41/><E120/><V36/><F69/><W22/><G119/><T21/><D127/><N who="2" m="48650" /><F135/><W115/><G33/><T8/><D130/><U95/><E106/><V25/><F108/><W10/><G131/><T46/><D74/><U101/><E118/><V54/><F94/><W18/><G115/><T100/><D73/><U91/><E72/><V23/><F15/><N who="3" m="7415" /><G84/><T117/><D117/><U7/><E134/><V26/><F14/><N who="3" m="9559" /><G3/><T42/><REACH who="0" step="1"/><D28/><REACH who="0" ten="311,30,442,207" step="2"/><U113/><E113/><V59/><F39/><W111/><G111/><T48/><D48/><U110/><E110/><V6/><F37/><W75/><G75/><T105/><D105/><U9/><E101/><V29/><F36/><W1/><G1/><T35/><D35/><U133/><E133/><V79/><F29/><W77/><G77/><T97/><D97/><U81/><E81/><V96/><F83/><W122/><G122/><T51/><D51/><U44/><E60/><V31/><F31/><W67/><AGARI ba="2,1" hai="56,63,67,78,82,85,102,103" m="9559,7415" machi="67" ten="30,2000,0" yaku="8,1,52,1" doraHai="5" who="3" fromWho="3" sc="311,-7,30,-7,442,-12,207,36" /><INIT seed="3,0,0,1,2,1" ten="304,23,430,243" oya="3" hai0="10,93,100,39,9,132,47,81,96,33,129,90,105" hai1="88,16,111,12,40,55,110,106,8,4,117,28,71" hai2="82,50,6,36,34,120,70,59,48,52,126,38,35" hai3="128,18,92,75,60,67,21,77,119,98,114,45,30"/><W31/><G119/><T64/><D132/><U24/><E106/><V73/><F120/><W97/><G114/><T53/><D129/><U103/><E103/><V32/><F70/><W74/><G128/><T108/><D108/><N who="1" m="41515" /><E40/><V46/><F126/><W25/><G98/><T65/><D33/><N who="1" m="20615" /><E71/><V29/><F29/><W121/><G121/><T37/><D37/><U130/><E130/><V5/><F73/><W91/><G74/><T112/><D112/><U54/><E117/><V99/><F82/><W26/><G75/><T63/><D81/><U44/><E44/><V22/><F22/><W123/><G123/><T66/><D39/><U122/><E122/><V0/><F99/><W107/><G107/><T85/><REACH who="0" step="1"/><D63/><REACH who="0" ten="294,23,430,243" step="2"/><U131/><E131/><V89/><F38/><W58/><G77/><T72/><D72/><U104/><E104/><V56/><F36/><W61/><G61/><T124/><D124/><U118/><E118/><V109/><F109/><W57/><G60/><T76/><D76/><U14/><E88/><V69/><F89/><W84/><G91/><T94/><D94/><U27/><E27/><V78/><F78/><W113/><G26/><T49/><AGARI ba="0,1" hai="9,10,47,49,53,64,65,66,85,90,93,96,100,105" machi="49" ten="30,2000,0" yaku="1,1,0,1,53,0" doraHai="1" doraHaiUra="79" who="0" fromWho="0" sc="294,30,23,-5,430,-5,243,-10" /><INIT seed="4,0,0,5,2,45" ten="324,18,425,233" oya="0" hai0="43,23,75,132,134,113,35,93,62,25,74,70,37" hai1="87,39,77,47,6,100,125,111,20,102,46,3,24" hai2="89,0,60,52,112,114,121,135,29,42,91,124,72" hai3="14,120,106,126,88,103,59,2,10,53,107,84,133"/><T73/><D113/><N who="2" m="43626" /><F121/><W11/><G120/><T27/><D93/><U108/><E125/><V66/><F124/><W110/><G110/><T57/><D70/><U127/><E127/><V128/><F72/><W67/><G67/><T22/><D37/><U104/><E3/><V83/><F0/><W123/><G123/><T76/><D43/><U130/><E6/><V92/><F135/><N who="0" m="51754" /><D76/><U31/><E130/><V101/><F128/><W56/><G11/><T38/><D38/><U109/><E39/><V28/><F42/><W119/><G14/><T54/><D35/><U90/><E77/><V61/><F101/><W69/><G103/><T58/><D62/><U16/><E31/><V55/><F83/><W115/><G69/><T44/><D44/><U65/><E65/><V9/><F9/><W1/><G10/><T34/><D34/><U94/><REACH who="1" step="1"/><E102/><REACH who="1" ten="324,8,425,233" step="2"/><V95/><F66/><W99/><G126/><T48/><D58/><U129/><E129/><V30/><F29/><W49/><G59/><T8/><D8/><U68/><E68/><V7/><F30/><W105/><G115/><T118/><D118/><U82/><E82/><V17/><F28/><W78/><G119/><T97/><D97/><AGARI ba="0,1" hai="16,20,24,46,47,87,90,94,97,100,104,108,109,111" machi="97" ten="40,5200,0" yaku="1,1,54,1,53,1" doraHai="45" doraHaiUra="19" who="1" fromWho="0" sc="324,-52,8,62,425,0,233,0" /><INIT seed="5,0,0,1,0,26" ten="272,70,425,233" oya="1" hai0="86,64,105,1,75,32,77,44,3,46,107,72,21" hai1="31,47,93,50,74,101,123,130,27,113,12,120,85" hai2="79,4,84,58,73,121,19,82,124,67,59,14,43" hai3="134,42,20,10,92,78,0,41,29,18,33,95,129"/><U2/><E2/><N who="0" m="521" /><D77/><U34/><E74/><N who="0" m="28201" /><D21/><U23/><E130/><V49/><F121/><W51/><G134/><T45/><D86/><U135/><E135/><V30/><F124/><W22/><G129/><T122/><D64/><U6/><E113/><V118/><F118/><W54/><G78/><T87/><D87/><U36/><E36/><V98/><F4/><W39/><G39/><T37/><D37/><U52/><E6/><V133/><F73/><W17/><G0/><T48/><D48/><U109/><E109/><V112/><F112/><W15/><G33/><T11/><D32/><U119/><E119/><V80/><F80/><W68/><G20/><T62/><D62/><U106/><E106/><N who="0" m="40457" /><D11/><U125/><E125/><V117/><F67/><W96/><G10/><T8/><D8/><U83/><E101/><V61/><F117/><W104/><G22/><T60/><D60/><U103/><E103/><V90/><F133/><W24/><G104/><T70/><D70/><U94/><E123/><AGARI ba="0,0" hai="44,45,46,122,123" m="40457,28201,521" machi="123" ten="40,2600,0" yaku="28,2" doraHai="26" who="0" fromWho="1" sc="272,26,70,-26,425,0,233,0" /><INIT seed="6,0,0,0,1,15" ten="298,44,425,233" oya="2" hai0="89,110,78,24,4,125,111,60,66,88,20,68,134" hai1="26,44,52,98,112,113,92,69,16,31,55,96,30" hai2="12,0,57,61,42,22,34,87,18,21,86,45,117" hai3="33,106,7,25,124,1,56,46,40,102,39,8,65"/><V35/><F117/><W99/><G124/><T11/><D125/><U32/><E69/><V127/><F0/><W118/><G118/><T51/><D134/><U109/><E109/><V29/><F127/><W80/><G80/><T119/><D119/><U101/><E96/><V131/><F131/><W2/><G56/><T23/><D78/><U123/><E123/><V105/><F105/><W5/><G65/><T91/><D51/><N who="1" m="28775" /><E55/><V83/><F22/><W59/><G59/><T64/><D66/><U47/><E47/><V70/><F70/><W76/><G76/><T36/><D36/><U114/><E32/><V100/><F100/><W28/><G7/><T6/><D23/><AGARI ba="0,0" hai="16,23,26,30,31,92,98,101,112,113,114" m="28775" machi="23" ten="30,7700,0" yaku="15,1,52,1,54,2" doraHai="15" who="1" fromWho="0" sc="298,-77,44,77,425,0,233,0" /><INIT seed="7,0,0,4,4,50" ten="221,121,425,233" oya="3" hai0="55,94,104,76,12,95,21,132,89,33,3,124,90" hai1="40,5,110,51,2,9,92,59,114,133,101,102,23" hai2="70,81,36,63,73,39,135,58,30,113,99,62,116" hai3="49,71,131,109,66,19,127,24,15,123,27,78,100"/><W26/><G123/><T60/><D124/><U31/><E110/><V46/><F116/><W52/><G127/><T72/><D132/><U65/><E133/><V38/><F73/><W69/><G109/><T75/><D104/><U121/><E121/><V107/><F81/><W14/><G131/><T47/><D33/><U25/><E114/><V120/><F120/><W82/><G100/><T48/><D3/><U103/><E40/><V118/><F107/><W83/><G66/><T93/><D76/><U67/><E67/><V126/><F30/><W134/><G134/><T74/><REACH who="0" step="1"/><D60/><REACH who="0" ten="211,121,425,233" step="2"/><U45/><E45/><V68/><F46/><N who="3" m="27703" /><G69/><T84/><D84/><U10/><E10/><V77/><F63/><W54/><G71/><T56/><D56/><U85/><E85/><V106/><F70/><W98/><G98/><T22/><D22/><U11/><E11/><V130/><F68/><W16/><G78/><T64/><D64/><U53/><REACH who="1" step="1"/><E65/><REACH who="1" ten="211,111,425,233" step="2"/><V8/><F77/><W128/><G128/><T129/><D129/><U108/><E108/><V13/><F130/><W34/><G34/><T122/><D122/><U0/><E0/><V96/><F106/><W86/><G86/><T79/><D79/><U125/><E125/><V87/><F126/><W80/><G54/><T7/><D7/><U119/><E119/><V112/><F118/><W43/><G43/><T1/><D1/><U37/><E37/><V4/><F36/><W111/><G111/><T105/><D105/><U41/><E41/><V6/><F38/><W91/><G82/><T29/><D29/><U28/><E28/><RYUUKYOKU ba="0,2" sc="211,15,111,15,425,-15,233,-15" hai0="12,21,47,48,55,72,74,75,89,90,93,94,95" hai1="2,5,9,23,25,31,51,53,59,92,101,102,103" owari="226,3.0,126,-37.0,430,52.0,218,-18.0" /></mjloggm>