<mjloggm ver="2.3"><GO type="169" lobby="0"/><UN n0="%EF%BC%88%E2%89%A7%E2%96%BD%E2%89%A6%EF%BC%89" n1="%E3%81%82%E3%81%A4%E3%81%82%E3%81%A4%E6%B9%AF%E8%B1%86%E8%85%90" n2="%E3%83%A1%E3%82%B1%E3%83%A1%E3%82%B1%4D%6B%2D%E2%85%A1" n3="%41%53%41%50%49%4E" dan="17,17,16,18" rate="2187.05,2144.04,2041.64,2250.76" sx="M,F,M,M"/><TAIKYOKU oya="0"/><INIT seed="0,0,0,3,2,38" ten="250,250,250,250" oya="0" hai0="99,67,111,2,72,11,117,43,80,27,77,24,32" hai1="7,115,70,57,37,48,19,106,95,103,119,8,20" hai2="98,0,92,69,129,59,85,135,5,64,13,1,131" hai3="6,17,87,89,132,75,127,122,120,42,91,50,97"/><T82/><D117/><U86/><E119/><V40/><F69/><W84/><G75/><T74/><D67/><U47/><E70/><V73/><F73/><W79/><G132/><T46/><D32/><U28/><E37/><V35/><F35/><W30/><G127/><T124/><D124/><U55/><E106/><V101/><F135/><W100/><G30/><T9/><D99/><U25/><E115/><V4/><F85/><N who="3" m="32843" /><G6/><N who="2" m="2665" /><F13/><W31/><G31/><T65/><D65/><U113/><E113/><V26/><F26/><W90/><G17/><T110/><D2/><U41/><E19/><V96/><F98/><W52/><G42/><T34/><D34/><U60/><E103/><V44/><F59/><W71/><G71/><T88/><D74/><U104/><E104/><V56/><F56/><N who="3" m="32791" /><G79/><T39/><D24/><U18/><E18/><V76/><F64/><W83/><G83/><T109/><D27/><U133/><E133/><V128/><F76/><W123/><G91/><T114/><D114/><U134/><E134/><V63/><F63/><W108/><G108/><T22/><D22/><U107/><E107/><AGARI ba="0,0" hai="89,90,97,100,107,120,122,123" m="32791,32843" machi="107" ten="30,2000,0" yaku="13,1,54,1" doraHai="38" who="3" fromWho="1" sc="250,0,250,-20,250,0,250,20" /><INIT seed="1,0,0,3,0,26" ten="250,230,250,270" oya="1" hai0="9,97,5,90,52,116,132,112,133,84,42,33,0" hai1="70,10,122,83,27,39,44,68,78,59,107,126,79" hai2="103,75,36,86,88,51,49,55,18,94,57,115,113" hai3="46,82,69,119,120,17,76,114,81,67,32,29,99"/><U125/><E122/><V7/><F75/><W16/><G120/><T102/><D116/><U34/><E107/><V53/><F36/><W73/><G114/><T48/><D42/><N who="1" m="22623" /><E59/><V65/><F65/><W100/><G119/><T47/><D33/><U135/><E10/><V98/><F7/><W111/><G82/><T22/><D22/><U101/><E101/><V71/><F71/><N who="1" m="27177" /><E135/><V93/><REACH who="2" step="1"/><F18/><REACH who="2" ten="250,230,240,270" step="2"/><W121/><G16/><T74/><D74/><N who="1" m="43479" /><E79/><V130/><F130/><W2/><G69/><T106/><REACH who="0" step="1"/><D112/><REACH who="0" ten="240,230,240,270" step="2"/><U123/><E123/><V28/><F28/><AGARI ba="0,2" hai="27,28,34,125,126" m="43479,27177,22623" machi="28" ten="30,2900,0" yaku="23,1,52,1" doraHai="26" who="1" fromWho="2" sc="240,0,230,49,240,-29,270,0" /><INIT seed="1,1,0,1,3,65" ten="240,279,211,270" oya="1" hai0="20,48,132,77,89,43,82,72,102,49,45,31,92" hai1="74,37,63,106,58,84,54,98,70,79,124,47,85" hai2="44,26,133,88,116,33,69,50,104,57,3,128,73" hai3="75,134,110,60,115,39,99,36,59,94,97,29,121"/><U109/><E124/><V119/><F3/><W135/><G115/><T32/><D132/><N who="3" m="50729" /><G121/><T30/><D32/><U67/><E109/><V27/><F133/><W68/><G75/><T130/><D130/><U125/><E125/><V12/><F104/><W40/><G110/><T23/><D102/><U4/><E4/><V38/><F73/><W18/><G29/><T56/><D20/><U91/><E74/><V113/><F113/><W108/><G108/><T87/><D23/><U96/><E79/><V131/><F33/><W93/><G18/><T25/><D25/><U126/><E126/><V55/><F38/><N who="3" m="14379" /><G40/><T13/><D13/><U80/><E85/><V14/><F44/><W83/><G83/><T120/><D120/><U103/><E98/><N who="3" m="37386" /><G68/><T105/><D105/><U107/><E107/><V112/><F69/><W53/><AGARI ba="1,0" hai="53,59,60,93,94" m="37386,14379,50729" machi="53" ten="40,1500,0" yaku="20,1" doraHai="65" who="3" fromWho="3" sc="240,-5,279,-8,211,-5,270,18" /><INIT seed="2,0,0,2,0,118" ten="235,271,206,288" oya="2" hai0="79,73,71,47,128,53,130,40,87,60,83,7,27" hai1="86,58,135,104,88,21,100,23,108,82,81,63,29" hai2="52,124,68,11,120,2,62,134,25,111,91,22,59" hai3="96,114,106,72,66,30,122,28,51,80,19,56,33"/><V127/><F68/><W116/><G122/><T77/><D7/><U48/><E108/><V4/><F111/><W17/><G116/><T45/><D27/><U102/><E135/><V123/><F134/><W92/><G106/><T76/><D73/><U119/><E119/><V61/><F62/><W38/><G38/><T131/><D71/><U42/><E104/><V0/><F2/><W117/><G117/><T64/><D64/><U39/><E39/><V133/><F91/><W24/><G114/><T89/><REACH who="0" step="1"/><D40/><REACH who="0" ten="225,271,206,288" step="2"/><U49/><E42/><V132/><F132/><W34/><G72/><T75/><D75/><U31/><E29/><V5/><F5/><W57/><G24/><T115/><D115/><U32/><E31/><N who="2" m="17847" /><F133/><W13/><G66/><T84/><D84/><U10/><E86/><V103/><F103/><W74/><G74/><T55/><D55/><U41/><E102/><V125/><AGARI ba="0,1" hai="0,4,11,52,59,61,120,123,124,125,127" m="17847" machi="125" ten="30,11700,0" yaku="18,1,52,2,54,1" doraHai="118" who="2" fromWho="2" sc="225,-39,271,-39,206,127,288,-39" /><INIT seed="2,1,0,4,0,7" ten="186,232,333,249" oya="2" hai0="107,70,48,66,64,111,118,110,76,29,32,82,73" hai1="120,101,4,106,30,38,67,9,98,49,96,8,36" hai2="103,61,46,72,109,133,16,113,75,60,100,44,54" hai3="40,47,104,87,90,15,117,53,34,122,25,105,95"/><V134/><F109/><N who="0" m="41482" /><D118/><U62/><E120/><V19/><REACH who="2" step="1"/><F54/><REACH who="2" ten="186,232,323,249" step="2"/><W116/><G53/><T33/><D66/><U13/><E30/><V124/><F124/><W45/><G117/><T119/><D29/><U56/><E98/><V83/><F83/><W126/><G116/><T59/><D119/><U135/><E135/><V80/><F80/><W51/><G126/><T24/><D82/><U41/><E41/><V35/><F35/><W74/><G34/><T130/><D33/><U39/><E49/><V11/><F11/><W26/><G51/><T68/><D48/><U108/><E108/><V97/><F97/><W2/><G40/><T114/><D32/><U17/><REACH who="1" step="1"/><E38/><REACH who="1" ten="186,222,323,249" step="2"/><V115/><AGARI ba="1,2" hai="16,19,44,46,60,61,72,75,100,103,113,115,133,134" machi="115" ten="25,12000,1" yaku="1,1,0,1,22,2,54,1,53,0" doraHai="7" doraHaiUra="78" who="2" fromWho="2" sc="186,-41,222,-41,323,143,249,-41" /><INIT seed="2,2,0,5,1,84" ten="145,181,466,208" oya="2" hai0="83,80,135,54,96,26,95,5,41,34,8,33,100" hai1="87,113,134,118,42,89,107,111,122,46,126,101,67" hai2="69,2,14,91,19,125,132,131,92,1,61,94,82" hai3="71,127,65,117,38,9,109,27,62,73,18,76,98"/><V57/><F69/><W40/><G117/><T123/><D123/><U11/><E118/><V36/><F36/><W70/><G109/><T16/><D135/><U35/><E113/><V90/><F132/><W74/><G127/><T15/><D41/><U68/><E134/><V129/><F82/><W24/><G38/><T63/><D34/><U17/><E35/><V103/><F103/><W12/><G40/><T79/><D79/><U10/><E111/><V105/><F105/><W20/><G70/><T48/><D63/><U128/><E126/><V7/><F7/><W99/><G27/><T3/><D33/><U31/><E31/><V44/><F44/><W39/><G39/><T97/><D97/><U77/><E77/><V78/><F78/><W60/><G60/><T81/><D26/><U130/><E122/><V115/><F1/><W0/><G0/><T119/><D119/><U102/><E67/><N who="2" m="39343" /><F2/><W53/><G53/><T112/><D112/><U55/><E68/><V37/><F37/><W32/><G32/><T4/><REACH who="0" step="1"/><D3/><REACH who="0" ten="135,181,466,208" step="2"/><U88/><E42/><V58/><F125/><W49/><G76/><T21/><D21/><U110/><E110/><V23/><F115/><W116/><G116/><T66/><D66/><U93/><E55/><V47/><F47/><AGARI ba="2,1" hai="4,5,8,15,16,47,48,54,80,81,83,95,96,100" machi="47" ten="40,5200,0" yaku="1,1,8,1,54,1,53,0" doraHai="84" doraHaiUra="124" who="0" fromWho="2" sc="135,68,181,0,466,-58,208,0" /><INIT seed="3,0,0,5,2,115" ten="203,181,408,208" oya="3" hai0="104,118,9,120,1,40,78,42,12,89,119,107,5" hai1="51,33,41,94,17,14,8,16,36,106,110,68,134" hai2="55,131,29,32,108,132,26,123,66,105,13,88,84" hai3="3,71,38,6,72,73,100,97,95,20,22,111,87"/><W63/><G38/><T114/><D120/><U126/><E106/><V91/><F123/><W135/><G135/><T85/><D114/><U19/><E36/><V75/><F75/><W125/><G125/><T53/><D78/><U7/><E134/><V59/><F105/><W52/><G111/><T2/><D53/><U50/><E110/><V18/><F108/><W133/><G133/><T92/><D104/><U27/><E126/><V44/><F132/><W48/><G72/><T80/><D107/><U83/><E68/><V90/><F66/><W58/><G73/><T24/><D80/><U35/><E83/><V43/><F131/><W15/><G3/><T124/><D124/><U76/><E76/><V103/><F103/><W93/><G71/><T31/><D1/><U79/><E79/><V77/><F77/><W113/><G113/><T117/><REACH who="0" step="1"/><D2/><REACH who="0" ten="193,181,408,208" step="2"/><U116/><E41/><V109/><F43/><W54/><G93/><T130/><D130/><U10/><E94/><V128/><F128/><W82/><G54/><T56/><D56/><U30/><E33/><AGARI ba="0,1" hai="5,9,12,24,31,33,40,42,85,89,92,117,118,119" machi="33" ten="40,8000,1" yaku="1,1,52,3,53,0" doraHai="115" doraHaiUra="96" who="0" fromWho="1" sc="193,90,181,-80,408,0,208,0" /><INIT seed="4,0,0,0,0,14" ten="283,101,408,208" oya="0" hai0="53,19,121,76,5,62,129,78,107,84,44,111,46" hai1="125,17,47,4,56,112,13,67,92,109,99,77,115" hai2="122,45,85,70,10,105,66,34,101,89,80,128,91" hai3="75,49,82,127,69,11,38,117,24,12,23,58,81"/><T103/><D121/><U119/><E109/><V42/><F34/><W90/><G117/><T39/><D39/><U20/><E119/><V3/><F122/><W57/><G69/><T131/><D5/><U7/><E125/><V96/><F3/><W40/><G38/><T25/><D103/><U94/><E77/><V73/><F70/><W55/><G127/><T95/><D107/><U102/><E47/><V2/><F66/><W16/><G40/><T74/><D74/><U50/><E94/><V72/><F2/><W79/><G82/><T97/><D97/><U93/><E93/><V71/><F71/><W88/><G58/><N who="0" m="35151" /><D111/><U83/><E83/><V28/><F42/><W0/><G0/><T110/><D110/><U29/><E29/><AGARI ba="0,0" hai="11,12,16,23,24,29,49,55,57,75,79,81,88,90" machi="29" ten="30,7700,0" yaku="7,1,52,1,54,2" doraHai="14" who="3" fromWho="1" sc="283,0,101,-77,408,0,208,77" /><INIT seed="5,0,0,2,3,119" ten="283,24,408,285" oya="1" hai0="32,30,43,65,122,82,58,48,9,47,132,44,73" hai1="67,111,38,72,36,81,41,85,92,49,14,93,74" hai2="51,22,16,126,105,130,13,63,21,108,125,6,94" hai3="76,12,79,96,25,102,35,86,83,46,113,2,18"/><U11/><E67/><V117/><F117/><W107/><G2/><T75/><D32/><U128/><E128/><V78/><F78/><W97/><G113/><T127/><D30/><U53/><E111/><V84/><F105/><W90/><G97/><T70/><D70/><U50/><E41/><V88/><F108/><W42/><G25/><T29/><D29/><U133/><E133/><V114/><F22/><W61/><G61/><T26/><D26/><U66/><E66/><V55/><F114/><W129/><G35/><T131/><D132/><U20/><E20/><V10/><F63/><W112/><G112/><T98/><D65/><U68/><E68/><V3/><REACH who="2" step="1"/><F130/><REACH who="2" ten="283,24,398,285" step="2"/><W123/><G129/><T115/><D131/><U4/><E74/><V134/><F134/><W59/><G79/><T103/><D75/><U120/><E72/><V118/><F118/><W104/><G76/><T31/><D73/><U89/><E120/><V19/><F19/><W100/><G104/><T110/><D122/><U45/><REACH who="1" step="1"/><E49/><REACH who="1" ten="283,14,398,285" step="2"/><V56/><AGARI ba="0,2" hai="3,6,10,13,16,21,51,55,56,84,88,94,125,126" machi="56" ten="30,12000,2" yaku="1,1,0,1,25,2,54,2,53,0" doraHai="119" doraHaiUra="60" who="2" fromWho="2" sc="283,-30,14,-60,398,140,285,-30" owari="253,-15.0,-46,-55.0,538,64.0,255,6.0" /></mjloggm>