<mjloggm ver="2.3"><GO type="169" lobby="0"/><UN n0="%E3%81%AD%E3%82%8A%E3%82%B4%E3%83%9E" n1="%E8%97%A4%E3%82%84%E3%82%93" n2="%E3%83%8A%E3%82%AC%E3%83%A4%E3%83%9E" n3="%EF%BC%88%E2%89%A7%E2%96%BD%E2%89%A6%EF%BC%89" dan="16,16,16,18" rate="2078.50,2079.05,2113.76,2255.77" sx="M,M,M,M"/><TAIKYOKU oya="0"/><INIT seed="0,0,0,3,2,48" ten="250,250,250,250" oya="0" hai0="103,34,120,100,41,54,28,31,58,130,119,43,39" hai1="44,11,124,133,10,87,2,9,32,46,129,125,30" hai2="37,20,101,78,109,106,90,116,6,3,115,81,104" hai3="7,17,86,16,47,19,105,25,56,99,107,112,134"/><T60/><D119/><U63/><E2/><V127/><F115/><W102/><G112/><T49/><D120/><U42/><E87/><V66/><F116/><W12/><G134/><T36/><D130/><U18/><E133/><V77/><F127/><N who="1" m="48713" /><E129/><V29/><F109/><W53/><G25/><T67/><D36/><U13/><E63/><V84/><F66/><W114/><G114/><T62/><D34/><U74/><E74/><V75/><F37/><W64/><G86/><T73/><D73/><U121/><E121/><V8/><F78/><W132/><G132/><T35/><D35/><U128/><E128/><V118/><F118/><W68/><G68/><T26/><D39/><N who="1" m="21599" /><E46/><V108/><F108/><W57/><G64/><T79/><D79/><U51/><E51/><V70/><F70/><W40/><G40/><N who="0" m="15435" /><D26/><AGARI ba="0,0" hai="9,10,11,13,18,26,30,32" m="21599,48713" machi="26" ten="30,1000,0" yaku="18,1" doraHai="48" who="1" fromWho="0" sc="250,-10,250,10,250,0,250,0" /><INIT seed="1,0,0,3,5,58" ten="240,260,250,250" oya="1" hai0="103,60,10,69,79,43,14,48,36,102,24,6,70" hai1="56,29,72,126,93,104,90,16,40,66,42,1,22" hai2="34,68,75,76,30,41,112,37,45,21,71,52,86" hai3="5,49,134,110,25,109,99,17,31,0,88,27,87"/><U47/><E104/><V3/><F112/><W130/><G130/><T132/><D132/><U135/><E135/><V117/><F117/><W106/><G134/><T15/><D36/><U51/><E1/><V2/><F86/><W133/><G133/><T44/><D70/><N who="2" m="26666" /><F21/><W35/><G49/><T65/><D24/><N who="1" m="14407" /><E72/><V12/><F52/><W81/><G25/><T127/><D127/><U85/><E126/><V129/><F12/><W114/><G17/><T131/><D131/><U122/><E122/><V8/><F129/><W119/><G119/><T95/><D15/><U73/><E73/><V98/><F98/><W54/><G54/><T108/><D108/><N who="3" m="41577" /><G114/><T77/><REACH who="0" step="1"/><D95/><REACH who="0" ten="230,260,250,250" step="2"/><U91/><E29/><V20/><F30/><W53/><G31/><T18/><D18/><U92/><E92/><V101/><F2/><W128/><G0/><T33/><D33/><U46/><E93/><V19/><F3/><W82/><G35/><T94/><D94/><U59/><E40/><V23/><F34/><W105/><G128/><T123/><D123/><U9/><E9/><V62/><F19/><W116/><G116/><T28/><D28/><U4/><E42/><V107/><F107/><W7/><G106/><T32/><D32/><U64/><E51/><V26/><F37/><W83/><G105/><T125/><D125/><U84/><E4/><V57/><F41/><W121/><G121/><T74/><D74/><U50/><E50/><V63/><F26/><W124/><G27/><T100/><AGARI ba="0,1" hai="6,10,14,43,44,48,60,65,69,77,79,100,102,103" machi="100" ten="30,7900,0" yaku="1,1,0,1,52,1,53,1" doraHai="58" doraHaiUra="11" who="0" fromWho="0" sc="230,89,260,-39,250,-20,250,-20" /><INIT seed="2,0,0,4,1,103" ten="319,221,230,230" oya="2" hai0="129,84,39,111,8,94,78,42,131,5,15,66,107" hai1="106,58,120,113,44,77,3,110,95,109,23,26,63" hai2="32,57,121,97,115,36,117,55,48,124,127,92,100" hai3="76,28,116,45,73,104,29,69,135,51,105,126,59"/><V98/><F117/><W33/><G116/><T25/><D66/><U10/><E113/><V102/><F115/><W62/><G126/><T43/><D111/><U16/><E120/><V93/><F121/><W27/><G135/><T34/><D39/><U71/><E71/><V134/><F134/><W123/><G69/><T13/><D13/><U130/><E130/><N who="0" m="49673" /><D107/><U91/><E44/><V125/><F36/><W118/><G118/><T68/><D68/><U79/><E106/><V35/><AGARI ba="0,0" hai="32,35,48,55,57,92,93,97,98,100,102,124,125,127" machi="35" ten="40,7800,0" yaku="0,1,9,1,18,1" doraHai="103" who="2" fromWho="2" sc="319,-26,221,-26,230,78,230,-26" /><INIT seed="2,1,0,2,1,57" ten="293,195,308,204" oya="2" hai0="71,32,63,95,46,68,100,65,16,62,56,37,23" hai1="29,102,49,21,15,81,67,108,13,80,28,133,58" hai2="112,19,106,2,93,94,90,135,3,39,128,18,114" hai3="113,118,83,125,82,24,51,115,47,70,31,22,5"/><V117/><F117/><W126/><G118/><T101/><D32/><U96/><E108/><V55/><F106/><W38/><G38/><T61/><D71/><U14/><E133/><V69/><F39/><W0/><G70/><T104/><D104/><U11/><E11/><V127/><F135/><W130/><G130/><T89/><D37/><U52/><E67/><V119/><F119/><W111/><G111/><T1/><D46/><U75/><E75/><V98/><F128/><W123/><G123/><T116/><D116/><U110/><E110/><V66/><F127/><N who="3" m="48651" /><G5/><T30/><D30/><U40/><E40/><V20/><F93/><W91/><G91/><T60/><D1/><U107/><REACH who="1" step="1"/><E29/><REACH who="1" ten="293,185,308,204" step="2"/><V33/><F66/><W97/><G31/><T99/><D68/><U53/><E53/><V27/><F69/><W48/><G115/><T34/><D34/><U25/><AGARI ba="1,1" hai="13,14,15,21,25,28,49,52,58,80,81,96,102,107" machi="25" ten="30,4000,0" yaku="1,1,0,1,54,1,53,0" doraHai="57" doraHaiUra="74" who="1" fromWho="1" sc="293,-11,185,53,308,-21,204,-11" /><INIT seed="3,0,0,2,2,28" ten="282,238,287,193" oya="3" hai0="95,66,31,132,17,2,38,135,54,134,18,109,7" hai1="19,89,0,75,120,73,99,43,52,10,33,107,50" hai2="53,71,79,6,69,12,63,58,41,22,15,124,106" hai3="49,102,9,74,11,5,16,117,40,3,14,68,129"/><W86/><G74/><T46/><D66/><U35/><E120/><V115/><F115/><W87/><G117/><T51/><D109/><U42/><E75/><V8/><F106/><W125/><G125/><T56/><D95/><U59/><E73/><V72/><F124/><W105/><G68/><T26/><D7/><U104/><E104/><V91/><F41/><W114/><G129/><T123/><D2/><U13/><E0/><V112/><F112/><W36/><G36/><T77/><D77/><U4/><E4/><V45/><F45/><W81/><G114/><T127/><D123/><U96/><E96/><V122/><F122/><W92/><G105/><T64/><D127/><U44/><E43/><V39/><F39/><W55/><G40/><N who="0" m="22807" /><D64/><U100/><REACH who="1" step="1"/><E89/><REACH who="1" ten="282,228,287,193" step="2"/><V34/><F91/><W23/><G3/><T133/><D133/><U1/><E1/><V131/><F72/><W65/><G5/><T83/><D83/><U60/><AGARI ba="0,1" hai="10,13,19,33,35,42,44,50,52,59,60,99,100,107" machi="60" ten="20,12000,2" yaku="1,1,0,1,7,1,52,2,54,1,53,0" doraHai="28" doraHaiUra="24" who="1" fromWho="1" sc="282,-30,228,130,287,-30,193,-60" /><INIT seed="4,0,0,3,0,96" ten="252,358,257,133" oya="0" hai0="122,129,3,127,65,32,42,88,10,52,98,99,0" hai1="20,90,8,31,101,40,33,19,2,92,108,118,68" hai2="116,120,38,11,130,6,13,109,62,125,34,78,87" hai3="123,16,82,86,14,80,26,131,93,84,103,97,77"/><T28/><D122/><U25/><E118/><V73/><F120/><W36/><G123/><T41/><D65/><U35/><E108/><V43/><F109/><W29/><G36/><T76/><D76/><U83/><E68/><V4/><F116/><W74/><G131/><T111/><D111/><U113/><E113/><V72/><F130/><W46/><G46/><T50/><D129/><U115/><E115/><V57/><F34/><W49/><G49/><T24/><D127/><U79/><E40/><V135/><F125/><W70/><G70/><T94/><D3/><U63/><E63/><V58/><F4/><W54/><G54/><T37/><D37/><U22/><E101/><V15/><F15/><W100/><G100/><T106/><D106/><U53/><E53/><V134/><F87/><W17/><G14/><T132/><D99/><U44/><E44/><N who="2" m="23671" /><F78/><W18/><REACH who="3" step="1"/><G82/><REACH who="3" ten="252,358,257,123" step="2"/><T126/><D126/><U91/><E83/><V69/><F69/><W64/><G64/><T59/><REACH who="0" step="1"/><D132/><REACH who="0" ten="242,358,257,123" step="2"/><U1/><E1/><N who="2" m="463" /><F135/><W75/><G75/><T60/><D60/><U51/><E2/><V81/><F134/><W117/><G117/><T110/><D110/><U67/><E67/><V89/><F62/><W55/><G55/><T23/><D23/><AGARI ba="0,2" hai="16,17,18,23,26,29,74,77,80,84,86,93,97,103" machi="23" ten="40,5200,0" yaku="1,1,52,1,54,1,53,0" doraHai="96" doraHaiUra="61" who="3" fromWho="0" sc="242,-52,358,0,257,0,123,72" /><INIT seed="5,0,0,2,3,52" ten="190,358,257,195" oya="1" hai0="18,99,89,33,130,74,96,101,19,4,60,0,80" hai1="22,54,9,107,72,115,73,41,78,108,104,10,50" hai2="25,110,29,27,69,122,82,79,114,44,113,94,14" hai3="65,103,127,31,111,64,83,38,131,56,102,47,48"/><U8/><E41/><V57/><F122/><W63/><G111/><T11/><D130/><U105/><E108/><V21/><F69/><W67/><G131/><T129/><D129/><U3/><E3/><V93/><F110/><W30/><G127/><T23/><D33/><U13/><E115/><N who="2" m="44043" /><F44/><W42/><G38/><T59/><D19/><U6/><E6/><V90/><F14/><W120/><G120/><T135/><D135/><U20/><E78/><V97/><F93/><W36/><G36/><T43/><D43/><U106/><E106/><V116/><F116/><W84/><G103/><T62/><D62/><U58/><REACH who="1" step="1"/><E13/><REACH who="1" ten="190,348,257,195" step="2"/><V109/><F109/><W35/><G35/><T49/><D0/><U24/><E24/><V34/><F27/><W112/><G112/><T128/><D128/><U85/><E85/><N who="2" m="48351" /><F34/><W28/><REACH who="3" step="1"/><G102/><REACH who="3" ten="190,348,257,185" step="2"/><T88/><D101/><U95/><E95/><V133/><F133/><W119/><G119/><T66/><D89/><AGARI ba="0,2" hai="28,30,31,42,47,48,56,63,64,65,67,83,84,89" machi="89" ten="40,5200,0" yaku="1,1,8,1,52,1,53,0" doraHai="52" doraHaiUra="123" who="3" fromWho="0" sc="190,-52,348,0,257,0,185,72" /><INIT seed="6,0,0,0,2,115" ten="138,348,257,257" oya="2" hai0="76,39,4,68,26,96,48,69,22,42,53,65,72" hai1="119,112,83,100,41,123,19,89,16,24,101,93,14" hai2="79,95,32,121,12,0,29,127,120,97,33,57,21" hai3="55,2,105,91,122,40,30,43,74,61,128,1,3"/><V88/><F0/><W104/><G74/><T80/><D96/><U77/><E119/><V50/><F79/><W20/><G122/><T11/><D48/><U113/><E123/><V132/><F132/><W44/><G128/><T70/><D53/><U84/><E24/><V118/><F118/><W124/><G104/><T10/><D10/><U114/><E41/><V27/><F127/><W126/><G105/><T54/><D54/><U81/><E81/><V52/><REACH who="2" step="1"/><F33/><REACH who="2" ten="138,348,247,257" step="2"/><W99/><G124/><T107/><D107/><U135/><E135/><V18/><AGARI ba="0,1" hai="12,18,21,27,29,32,50,52,57,88,95,97,120,121" machi="18" ten="30,12000,1" yaku="1,1,2,1,0,1,54,2,53,0" doraHai="115" doraHaiUra="82" who="2" fromWho="2" sc="138,-40,348,-40,247,130,257,-40" /><INIT seed="6,1,0,2,1,13" ten="98,308,377,217" oya="2" hai0="38,135,12,62,103,75,100,121,125,25,14,17,73" hai1="131,58,112,104,56,36,122,19,115,21,105,41,48" hai2="23,43,63,124,84,27,116,128,46,5,89,134,60" hai3="54,102,95,113,4,94,55,82,45,35,1,119,39"/><V6/><F116/><W98/><G119/><T53/><D121/><U7/><E122/><V78/><F78/><W101/><G35/><T20/><D38/><U71/><E71/><V57/><F124/><W8/><G113/><N who="1" m="43594" /><E36/><V87/><F134/><W114/><G114/><T120/><D120/><U132/><E7/><V130/><F130/><W30/><G30/><T74/><D135/><U123/><E123/><V76/><F76/><W81/><G55/><T51/><D125/><U72/><E72/><V96/><F96/><W22/><G22/><T34/><D62/><U106/><E131/><V97/><F97/><W117/><G117/><T67/><D67/><U88/><E132/><V37/><F63/><W93/><G102/><T107/><D107/><U109/><E109/><V126/><F128/><W29/><G29/><T0/><D0/><U28/><E28/><V40/><F40/><W110/><G110/><T133/><D133/><U61/><E61/><V59/><F126/><W18/><G39/><T33/><D33/><U70/><E70/><V127/><F127/><W91/><G101/><T42/><D42/><U92/><E48/><V26/><F60/><W111/><G111/><T77/><D77/><U66/><E41/><V83/><F87/><W10/><G1/><T69/><D69/><U49/><E49/><V16/><REACH who="2" step="1"/><F26/><REACH who="2" ten="98,308,367,217" step="2"/><W99/><G99/><T52/><D74/><U3/><E66/><V2/><F2/><W44/><G98/><T118/><D118/><U15/><E3/><V68/><F68/><W129/><G129/><T108/><D108/><U86/><AGARI ba="1,1" hai="15,19,21,56,58,86,88,92,104,105,106" m="43594" machi="86" ten="40,8000,1" yaku="5,1,15,1,52,1,54,1" doraHai="13" who="1" fromWho="1" sc="98,-21,308,93,367,-41,217,-21" /><INIT seed="7,0,0,4,1,69" ten="77,401,326,196" oya="3" hai0="103,63,82,0,47,124,64,109,128,89,104,22,3" hai1="102,50,48,60,65,67,106,92,111,1,25,34,13" hai2="61,135,53,52,4,122,83,49,107,9,12,27,21" hai3="11,110,26,86,30,16,120,32,97,94,132,119,77"/><W72/><G120/><T55/><D109/><U79/><E1/><V98/><F122/><W7/><G119/><T39/><D22/><U85/><E106/><V41/><F135/><W91/><G110/><T14/><D14/><U28/><E13/><V121/><F121/><W129/><G132/><T31/><D89/><U130/><E130/><V36/><F83/><W17/><G129/><T101/><D128/><U133/><E133/><V84/><F84/><W131/><G72/><T112/><D55/><U5/><E5/><V56/><F41/><W57/><G131/><T115/><D101/><U19/><E19/><V38/><F98/><W62/><G97/><N who="0" m="61551" /><D82/><U35/><E102/><V73/><F73/><W15/><G77/><T90/><D90/><U93/><E35/><V24/><F107/><W74/><G74/><T117/><D31/><U81/><E67/><AGARI ba="0,0" hai="7,11,15,16,17,26,30,32,57,62,67,86,91,94" machi="67" ten="30,2900,0" yaku="7,1,54,1" doraHai="69" who="3" fromWho="1" sc="77,0,401,-29,326,0,196,29" /><INIT seed="7,1,0,0,2,0" ten="77,372,326,225" oya="3" hai0="47,3,101,6,24,84,83,31,131,103,89,46,120" hai1="126,86,74,20,97,4,62,76,129,27,67,72,135" hai2="26,39,56,112,54,22,119,33,132,63,116,82,45" hai3="9,128,32,66,88,12,44,111,61,79,110,60,71"/><W106/><G106/><T122/><D131/><U134/><E129/><V1/><F112/><W50/><G32/><T29/><D24/><U113/><E113/><V124/><F132/><N who="1" m="50729" /><E97/><V17/><F124/><W108/><G79/><T102/><D3/><U69/><E4/><V100/><F100/><W75/><G75/><T42/><D42/><U43/><E43/><V114/><F114/><W36/><G36/><T127/><D127/><U95/><E126/><V117/><F33/><W105/><G105/><T37/><D37/><U30/><E95/><V80/><F39/><W51/><G128/><T38/><D38/><U35/><E35/><V57/><F45/><W28/><G28/><T40/><D40/><U91/><E91/><V70/><F70/><W92/><G61/><T5/><D102/><U11/><E11/><V23/><F1/><W98/><REACH who="3" step="1"/><G44/><REACH who="3" ten="77,372,326,215" step="2"/><T7/><D120/><U94/><E74/><V133/><F133/><W49/><G49/><T52/><D122/><U130/><E72/><V15/><REACH who="2" step="1"/><F57/><REACH who="2" ten="77,372,316,215" step="2"/><W10/><G10/><T64/><D64/><U90/><E130/><V125/><F125/><W115/><G115/><T25/><D46/><U65/><E65/><V78/><F78/><AGARI ba="1,2" hai="20,27,30,62,67,69,76,78,86,90,94" m="50729" machi="78" ten="30,1000,0" yaku="20,1" doraHai="0" who="1" fromWho="2" sc="77,0,372,33,316,-13,215,0" owari="77,-42.0,405,50.0,303,10.0,215,-18.0" /></mjloggm>