<mjloggm ver="2.3"><GO type="169"/><UN n0="%E3%83%9E%E3%82%B8%E3%83%83%E3%82%AF%E3%83%9F%E3%83%A9%E3%83%BC" n1="%E3%80%93%E6%9D%BE%E4%BA%95%EF%BC%A3%EF%BC%B3%E3%80%93" n2="%EF%BC%88%E2%89%A7%E2%96%BD%E2%89%A6%EF%BC%89" n3="%31%E6%9C%88%31%31%E6%97%A5" dan="16,16,16,17" rate="2030,2034,2129,2118" sx="M,M,M,M"/><TAIKYOKU oya="0"/><INIT seed="0,0,0,0,2,130" ten="250,250,250,250" oya="0" hai0="6,54,97,3,41,107,114,129,124,77,94,26,79" hai1="14,134,73,119,47,75,58,18,0,21,42,72,108" hai2="135,127,115,105,83,69,133,9,84,99,81,106,82" hai3="10,93,103,61,85,43,1,44,55,12,29,125,37"/><T22/><D107/><N who="2" m="40970" /><F69/><W102/><G125/><T15/><D124/><U65/><E119/><V66/><F66/><W71/><G29/><N who="0" m="17623" /><D3/><U98/><E0/><V20/><F20/><W67/><G1/><T24/><D114/><U122/><E122/><V11/><F127/><W23/><G23/><T62/><D41/><U91/><E108/><V78/><F115/><W40/><G40/><T128/><D24/><U123/><E123/><V100/><F9/><W112/><G112/><T63/><D128/><U56/><E65/><V48/><F48/><W19/><G55/><T117/><D117/><U57/><E98/><V25/><F11/><W31/><G31/><T120/><D120/><U16/><E91/><N who="2" m="51615" /><F25/><W5/><G5/><T89/><D129/><U80/><E18/><V27/><F27/><W35/><G35/><T96/><D96/><U104/><E104/><N who="2" m="63519" /><F82/><W45/><G44/><T90/><D54/><U59/><E80/><V113/><F113/><W64/><G67/><T101/><D15/><U74/><N who="1" m="18944" /><DORA hai="4" /><U46/><E59/><V7/><F7/><W126/><REACH who="3" step="1"/><G126/><REACH who="3" ten="250,250,250,240" step="2"/><T49/><D6/><U50/><REACH who="1" step="1"/><E47/><REACH who="1" ten="250,240,250,240" step="2"/><V51/><F81/><W132/><G132/><AGARI ba="0,2" hai="14,16,21,42,46,50,56,57,58,132,134" m="18944" machi="132" ten="70,12000,2" yaku="1,1,2,1,52,2,54,1,53,1" doraHai="130,4" doraHaiUra="95,17" who="1" fromWho="3" sc="250,0,240,140,250,0,240,-120" /><INIT seed="1,0,0,5,3,40" ten="250,380,250,120" oya="1" hai0="88,61,97,85,119,91,2,108,10,41,47,19,121" hai1="0,37,67,44,65,66,82,132,76,106,63,120,30" hai2="33,109,133,135,38,13,114,103,25,1,79,127,111" hai3="86,56,50,113,94,100,90,22,31,102,110,24,45"/><U5/><E120/><V14/><F79/><W68/><G68/><T9/><D119/><U107/><E30/><N who="2" m="19663" /><F103/><W57/><G113/><T125/><D121/><U72/><E132/><N who="2" m="50763" /><F114/><W32/><G32/><T15/><D125/><U92/><E92/><V12/><F127/><W54/><G110/><N who="2" m="41993" /><F38/><W48/><REACH who="3" step="1"/><G57/><REACH who="3" ten="250,380,250,110" step="2"/><T43/><D108/><U96/><E67/><V29/><F29/><W115/><G115/><T74/><D2/><AGARI ba="0,1" hai="1,2,12,13,14" m="41993,50763,19663" machi="2" ten="40,8000,1" yaku="20,1,14,1,34,2" doraHai="40" who="2" fromWho="0" sc="250,-80,380,0,250,90,110,0" /><INIT seed="2,0,0,0,3,74" ten="170,380,340,110" oya="2" hai0="102,50,109,60,134,68,118,4,108,20,128,73,72" hai1="117,77,22,79,70,11,105,23,66,85,28,37,54" hai2="93,61,24,29,83,2,114,122,42,131,21,7,27" hai3="52,87,31,47,18,89,35,113,41,44,99,36,94"/><V30/><F122/><W67/><G113/><T17/><D4/><U119/><E105/><V80/><F114/><W49/><G67/><N who="0" m="41063" /><D118/><U45/><E70/><V34/><F131/><W1/><G1/><T130/><D50/><U111/><E66/><V127/><F127/><W100/><G18/><T106/><D134/><U101/><E101/><V14/><F2/><W64/><G64/><T123/><D123/><U6/><E111/><N who="0" m="42569" /><D102/><U51/><E37/><V32/><F42/><W56/><G44/><T55/><D55/><U53/><E119/><V84/><F61/><W33/><REACH who="3" step="1"/><G31/><REACH who="3" ten="170,380,340,100" step="2"/><T124/><D124/><U125/><E125/><V78/><F7/><W16/><G16/><T8/><D8/><U69/><E69/><V95/><F14/><W98/><G98/><T15/><D106/><AGARI ba="0,1" hai="33,35,36,41,47,49,52,56,87,89,94,99,100,106" machi="106" ten="30,3900,0" yaku="1,1,7,1,54,1,53,0" doraHai="74" doraHaiUra="112" who="3" fromWho="0" sc="170,-39,380,0,340,0,100,49" /><INIT seed="3,0,0,2,3,130" ten="131,380,340,149" oya="3" hai0="85,72,43,125,110,28,76,57,50,48,134,104,56" hai1="51,40,112,111,59,62,32,35,87,120,100,122,11" hai2="89,84,79,47,92,69,4,24,96,99,49,91,70" hai3="23,81,71,97,86,98,126,55,128,38,115,90,46"/><W10/><G115/><T67/><D72/><U119/><E112/><V19/><F4/><W16/><G71/><T33/><D104/><U15/><E111/><V1/><F1/><W105/><G128/><T78/><D110/><U54/><E119/><V133/><F79/><W26/><G105/><T123/><D123/><U0/><E0/><V121/><F121/><W60/><G126/><T132/><D125/><U9/><E35/><V31/><F19/><W108/><G108/><T68/><D68/><U106/><E32/><V21/><F99/><W52/><G38/><T25/><D43/><U7/><E9/><V36/><F36/><W41/><G41/><T44/><D44/><U22/><E100/><V129/><F129/><W58/><G10/><T124/><D124/><U2/><E106/><V127/><F127/><W116/><REACH who="3" step="1"/><G116/><REACH who="3" ten="131,380,340,139" step="2"/><T75/><D75/><U114/><E114/><V95/><F69/><W27/><G27/><T73/><D73/><U13/><E122/><V5/><F70/><W135/><G135/><N who="0" m="51755" /><D67/><U8/><E120/><V77/><F133/><W74/><G74/><T63/><D63/><U39/><E62/><V93/><F24/><W20/><G20/><T109/><D109/><U118/><E22/><V131/><F21/><W37/><G37/><T12/><D12/><U88/><E118/><V101/><F131/><W34/><G34/><T18/><D18/><N who="1" m="8487" /><E39/><V64/><F64/><W42/><G42/><T14/><D14/><U65/><E40/><V83/><F5/><W107/><G107/><T61/><D61/><U17/><E65/><V6/><F6/><RYUUKYOKU ba="0,1" sc="131,-10,380,-10,340,-10,139,30" hai3="16,23,26,46,52,55,58,60,81,86,90,97,98" /><INIT seed="3,1,1,0,5,16" ten="121,370,330,169" oya="3" hai0="95,22,19,111,7,124,9,66,98,100,56,101,104" hai1="122,21,57,125,68,43,34,15,119,11,32,59,81" hai2="128,129,88,70,55,135,84,38,99,31,96,79,69" hai3="123,73,49,75,45,46,108,106,92,134,118,60,82"/><W109/><G118/><T116/><D116/><U29/><E119/><V63/><F38/><W42/><G123/><T64/><D124/><U5/><E68/><N who="2" m="26219" /><F79/><W13/><G106/><T24/><D111/><N who="3" m="42569" /><G82/><T28/><D19/><U80/><E34/><V33/><F33/><W51/><G60/><T48/><D104/><U91/><E32/><V105/><F105/><W83/><G83/><T6/><D6/><U76/><E122/><V86/><F86/><W37/><G37/><T12/><REACH who="0" step="1"/><D101/><REACH who="0" ten="111,370,330,169" step="2"/><U50/><E125/><V53/><F128/><W8/><G134/><T94/><D94/><U85/><E76/><V117/><F129/><W52/><G92/><T132/><D132/><U112/><E81/><V72/><F135/><W90/><G90/><T97/><D97/><U89/><E89/><V103/><F96/><W115/><G115/><T62/><D62/><U35/><E112/><V25/><F63/><W127/><G127/><T65/><D65/><U54/><E80/><V61/><F61/><W41/><G42/><T114/><D114/><U67/><E43/><V133/><F133/><W113/><G113/><T30/><D30/><U102/><E67/><V87/><F117/><W23/><G23/><T18/><D18/><AGARI ba="1,2" hai="8,13,18,41,45,46,49,51,52,73,75" m="42569" machi="18" ten="30,5800,0" yaku="14,1,10,1,54,1" doraHai="16" who="3" fromWho="0" sc="111,-61,370,0,330,0,169,81" /><INIT seed="3,2,0,3,2,7" ten="50,370,330,250" oya="3" hai0="72,129,93,20,3,118,97,95,6,94,28,69,4" hai1="8,18,134,39,121,100,15,107,24,87,117,2,13" hai2="125,88,123,115,91,29,82,120,124,113,19,63,44" hai3="51,110,116,14,12,106,50,65,99,34,108,57,38"/><W103/><G38/><T45/><D118/><U111/><E121/><N who="2" m="46667" /><F29/><W26/><G116/><T131/><D69/><U128/><E117/><V42/><F63/><N who="3" m="38127" /><G34/><T74/><D97/><U59/><E39/><N who="2" m="21599" /><F19/><W98/><G26/><T37/><D37/><U43/><E43/><V102/><F102/><N who="3" m="62807" /><G50/><T75/><D45/><U114/><E100/><V47/><F47/><W85/><G51/><T73/><N who="0" m="18432" /><DORA hai="90" /><T27/><REACH who="0" step="1"/><D3/><REACH who="0" ten="40,370,330,250" step="2"/><U122/><E2/><V36/><F36/><W41/><G41/><T132/><D132/><U67/><E134/><V52/><F124/><W130/><G85/><T23/><D23/><U89/><E122/><V58/><F125/><W30/><G130/><AGARI ba="2,1" hai="4,6,20,27,28,93,94,95,129,130,131" m="18432" machi="130" ten="70,8000,1" yaku="1,1,19,1,52,3,53,0" doraHai="7,90" doraHaiUra="92,61" who="0" fromWho="3" sc="40,96,370,0,330,0,250,-86" /><INIT seed="4,0,0,2,0,31" ten="136,370,330,164" oya="0" hai0="95,134,79,103,16,99,57,78,25,98,109,91,113" hai1="39,77,44,114,52,116,11,45,10,83,112,107,84" hai2="75,130,42,125,0,17,7,24,120,117,30,6,4" hai3="111,19,131,92,106,82,122,80,135,35,133,128,27"/><T61/><D113/><N who="1" m="43627" /><E107/><V15/><F75/><W26/><G106/><T65/><D134/><N who="3" m="51209" /><G111/><T89/><D109/><U34/><E116/><V118/><F42/><W22/><G92/><N who="0" m="56591" /><D103/><U87/><E34/><N who="2" m="20807" /><F120/><W64/><G64/><T132/><D132/><U96/><E96/><V46/><F46/><W60/><G60/><T40/><D40/><N who="1" m="22559" /><E87/><V33/><F125/><W18/><G122/><T51/><D51/><AGARI ba="0,0" hai="10,11,45,51,52,77,83,84" m="22559,43627" machi="51" ten="30,3900,0" yaku="15,1,11,1,54,1" doraHai="31" who="1" fromWho="0" sc="136,-39,370,39,330,0,164,0" /><INIT seed="5,0,0,0,4,133" ten="97,409,330,164" oya="1" hai0="69,56,103,122,3,89,1,18,126,93,24,115,19" hai1="53,84,72,112,73,38,2,79,83,23,92,52,132" hai2="99,47,101,46,49,65,81,6,124,59,106,117,60" hai3="64,9,109,121,14,4,21,17,66,87,36,130,97"/><U11/><E38/><V26/><F117/><W44/><G109/><T131/><D69/><U39/><E39/><V0/><F26/><W77/><G121/><T110/><D110/><U135/><E112/><V34/><F34/><W37/><G130/><T48/><D115/><U35/><E35/><V61/><F81/><W5/><G37/><T12/><D122/><U90/><E73/><V86/><F86/><W94/><G4/><T29/><D103/><U62/><E23/><V32/><F32/><W85/><G36/><T96/><D131/><U127/><E127/><V45/><F124/><W50/><G87/><T113/><D113/><U13/><E2/><V74/><F74/><W71/><G71/><T54/><D126/><U27/><E27/><V78/><F78/><W20/><G20/><T104/><D104/><U105/><E105/><V10/><REACH who="2" step="1"/><F61/><REACH who="2" ten="97,409,320,164" step="2"/><W55/><G85/><T25/><D25/><U68/><E135/><V125/><F125/><W28/><G77/><T95/><D24/><U57/><E132/><V114/><F114/><W51/><G28/><T58/><D29/><U100/><E72/><V40/><AGARI ba="0,1" hai="0,6,10,40,45,46,47,49,59,60,65,99,101,106" machi="40" ten="20,2700,0" yaku="1,1,0,1,7,1,53,0" doraHai="133" doraHaiUra="67" who="2" fromWho="2" sc="97,-7,409,-13,320,37,164,-7" /><INIT seed="6,0,0,1,5,53" ten="90,396,357,157" oya="2" hai0="18,47,50,0,30,49,75,125,36,120,66,34,109" hai1="19,80,2,44,23,92,16,57,108,93,122,42,70" hai2="9,110,74,35,55,40,114,10,90,1,127,64,22" hai3="81,65,106,59,20,126,61,67,129,7,69,31,29"/><V103/><F74/><W73/><G106/><T13/><D109/><U62/><E70/><V41/><F35/><W91/><G73/><T85/><D120/><U135/><E2/><V51/><F110/><W78/><G78/><T112/><D75/><U3/><E3/><V89/><F114/><W113/><G7/><T33/><D112/><U8/><E108/><V15/><F127/><W56/><G113/><T118/><D125/><U60/><E60/><V12/><F103/><W25/><G126/><T11/><D118/><U26/><E135/><V58/><F64/><W83/><G129/><T24/><D66/><N who="1" m="39247" /><E122/><V119/><F22/><W68/><G91/><N who="2" m="34825" /><F1/><W124/><G124/><T72/><D72/><U111/><E111/><V86/><F86/><W39/><G39/><T97/><D33/><U5/><E80/><V100/><F100/><W54/><G54/><T116/><D116/><U104/><E104/><V132/><F132/><W21/><G61/><T128/><D128/><U131/><E131/><V82/><F82/><W105/><G105/><T37/><D85/><U94/><E5/><N who="2" m="3119" /><F119/><W76/><G76/><T4/><D97/><U99/><E99/><V95/><F95/><W107/><REACH who="3" step="1"/><G107/><REACH who="3" ten="90,396,357,147" step="2"/><T101/><D101/><U52/><E94/><V28/><F55/><W27/><AGARI ba="0,1" hai="20,21,25,27,29,31,56,59,65,67,68,69,81,83" machi="27" ten="25,16000,3" yaku="1,1,2,1,0,1,22,2,52,2,53,2" doraHai="53" doraHaiUra="63" who="3" fromWho="3" sc="90,-40,396,-40,357,-80,147,170" /><INIT seed="7,0,0,2,0,64" ten="50,356,277,317" oya="3" hai0="84,22,86,121,23,112,61,65,45,103,72,11,108" hai1="95,127,40,133,8,55,128,76,97,83,106,78,20" hai2="124,94,19,1,42,18,132,79,66,91,6,63,12" hai3="114,98,135,35,4,48,104,24,37,75,29,88,81"/><W34/><G37/><T47/><D103/><U57/><E106/><V80/><F132/><W14/><G135/><T120/><D11/><U36/><E133/><V39/><F124/><W85/><G114/><T111/><D61/><U49/><E127/><V27/><F27/><W109/><G35/><T53/><D65/><U87/><E128/><V131/><F131/><W130/><G130/><T89/><D89/><N who="1" m="55535" /><E36/><V82/><F1/><W90/><G109/><T41/><D53/><U56/><E8/><V30/><F30/><W60/><G75/><T25/><D25/><U3/><E3/><V44/><F6/><W113/><G113/><T99/><D99/><U70/><E70/><V46/><F46/><W119/><G119/><T58/><D58/><U125/><E125/><V129/><F129/><W68/><G48/><T115/><D41/><U93/><E40/><V96/><F79/><W71/><G60/><T117/><D72/><U15/><E93/><V17/><REACH who="2" step="1"/><F12/><REACH who="2" ten="50,356,267,317" step="2"/><W123/><G4/><T38/><REACH who="0" step="1"/><D38/><REACH who="0" ten="40,356,267,317" step="2"/><U52/><E76/><V7/><F7/><W110/><G24/><T31/><D31/><U100/><E78/><V101/><F101/><W118/><G29/><T16/><D16/><U134/><E100/><V59/><AGARI ba="0,2" hai="17,18,19,39,42,44,59,63,66,80,82,91,94,96" machi="59" ten="30,2000,0" yaku="1,1,0,1,53,0" doraHai="64" doraHaiUra="67" who="2" fromWho="2" sc="40,-5,356,-5,267,40,317,-10" owari="35,-46.0,351,44.0,307,11.0,307,-9.0" /></mjloggm>