<mjloggm ver="2.3"><GO type="169" lobby="0"/><UN n0="%73%61%77%6C%79" n1="%E9%8A%80%E9%81%8A%E7%A7%81%E4%BA%BA" n2="%EF%BC%88%E2%89%A7%E2%96%BD%E2%89%A6%EF%BC%89" n3="%E5%9F%BA%E7%A4%8E%E8%AB%96" dan="17,17,17,16" rate="2234.57,2083.68,2137.45,2132.23" sx="M,M,M,M"/><TAIKYOKU oya="0"/><INIT seed="0,0,0,3,5,9" ten="250,250,250,250" oya="0" hai0="36,38,34,47,8,17,80,31,72,33,112,91,110" hai1="61,3,74,118,99,30,100,78,11,115,76,94,84" hai2="69,70,5,0,48,103,134,68,53,40,57,88,123" hai3="52,56,116,75,12,127,102,82,97,67,96,42,21"/><T22/><D112/><U111/><E118/><V45/><F123/><W121/><G116/><T60/><D110/><U37/><E115/><V93/><F103/><W108/><G121/><T10/><D38/><U130/><E111/><V1/><F134/><W133/><G108/><T131/><D131/><U132/><E130/><V109/><F109/><W44/><G133/><T89/><D34/><U7/><E132/><V126/><F126/><W104/><G127/><T87/><D72/><U114/><E114/><V62/><REACH who="2" step="1"/><F5/><REACH who="2" ten="250,250,240,250" step="2"/><W95/><G102/><T128/><D128/><U43/><E7/><V16/><F16/><N who="3" m="10375" /><G104/><T107/><D107/><U24/><E100/><V26/><F26/><W98/><G75/><T50/><D31/><U106/><E24/><V41/><F41/><W77/><G42/><T85/><D33/><U71/><E43/><V73/><F73/><W81/><G77/><T49/><D36/><U64/><E37/><V35/><F35/><W18/><G18/><T54/><D50/><U65/><E74/><V6/><F6/><W14/><G67/><T20/><D60/><U4/><E61/><V135/><F135/><W83/><G44/><T101/><D101/><U29/><E64/><V23/><F23/><W92/><G14/><N who="0" m="9271" /><D22/><U19/><E106/><V90/><F90/><W46/><G46/><T58/><D47/><U86/><E65/><V119/><F119/><W63/><AGARI ba="0,1" hai="52,56,63,81,82,83,92,95,96,97,98" m="10375" machi="63" ten="30,7900,0" yaku="8,1,52,1,54,2" doraHai="9" who="3" fromWho="3" sc="250,-39,250,-20,240,-20,250,89" /><INIT seed="1,0,0,4,0,61" ten="211,230,220,339" oya="1" hai0="41,54,134,124,13,21,102,62,95,88,14,99,67" hai1="135,118,39,121,78,71,47,20,32,44,48,17,101" hai2="108,63,119,68,112,55,69,96,59,25,6,38,19" hai3="33,23,128,75,106,73,58,42,28,133,5,85,116"/><U30/><E121/><V53/><F119/><W84/><G116/><T129/><D124/><U91/><E118/><V8/><F38/><W4/><G106/><T117/><D129/><U82/><E71/><V31/><F112/><W56/><G128/><T77/><D134/><U100/><E135/><V74/><F74/><W50/><G133/><T24/><D117/><U29/><E91/><V12/><F108/><W92/><G33/><T36/><D77/><U89/><E89/><V51/><F96/><W27/><G73/><T130/><D130/><U65/><E65/><V43/><F43/><W111/><G75/><T9/><D36/><U87/><E32/><V132/><F6/><N who="3" m="2667" /><G111/><T115/><D115/><U22/><E39/><V94/><F94/><W76/><G92/><T45/><D54/><N who="1" m="29959" /><E47/><V83/><F83/><N who="3" m="47207" /><G85/><T127/><D127/><U80/><E80/><V131/><F131/><W3/><G3/><T1/><D1/><U97/><E97/><V10/><F132/><W64/><G64/><T105/><D105/><U122/><E122/><V15/><F69/><W123/><G123/><T79/><D79/><U113/><E113/><V11/><F68/><W120/><G120/><T104/><D104/><U46/><E46/><AGARI ba="0,0" hai="23,27,28,42,46,50,56,58" m="47207,2667" machi="46" ten="30,1000,0" yaku="8,1" doraHai="61" who="3" fromWho="1" sc="211,0,230,-10,220,0,339,10" /><INIT seed="2,0,0,0,3,49" ten="211,220,220,349" oya="2" hai0="34,122,126,6,104,41,21,60,67,62,13,39,7" hai1="125,10,131,54,99,88,68,108,45,9,101,66,77" hai2="69,27,128,76,24,90,61,22,11,81,113,133,134" hai3="95,48,1,31,84,103,106,78,53,118,110,15,111"/><V115/><F128/><W55/><G1/><T87/><D122/><U52/><E131/><V65/><F90/><W44/><G118/><T127/><D104/><U18/><E77/><V4/><F115/><W80/><G31/><T23/><D34/><U35/><E35/><V79/><F113/><W0/><G0/><T86/><D39/><U3/><E108/><N who="3" m="41514" /><G106/><T5/><D41/><U12/><E125/><N who="0" m="47625" /><D13/><U51/><E88/><V107/><F107/><W116/><G15/><T25/><D67/><U70/><E66/><V30/><F24/><W16/><G16/><N who="0" m="12455" /><D23/><U74/><E74/><V14/><REACH who="2" step="1"/><F79/><REACH who="2" ten="211,220,210,349" step="2"/><W91/><G116/><T73/><D73/><AGARI ba="0,1" hai="4,11,14,22,27,30,61,65,69,73,76,81,133,134" machi="73" ten="40,3900,0" yaku="1,1,2,1,53,0" doraHai="49" doraHaiUra="83" who="2" fromWho="0" sc="211,-39,220,0,210,49,349,0" /><INIT seed="2,1,0,2,3,54" ten="172,220,259,349" oya="2" hai0="50,27,6,102,134,36,48,56,51,111,10,126,11" hai1="14,114,41,29,59,135,131,2,125,101,0,55,7" hai2="71,68,110,95,72,69,28,65,120,16,90,80,67" hai3="100,60,24,1,21,97,81,61,99,37,57,38,109"/><V124/><F120/><W8/><G109/><T19/><D111/><U85/><E114/><V73/><F110/><W96/><G81/><T5/><D126/><U117/><E117/><V83/><F124/><W47/><G100/><T106/><D134/><U58/><E125/><V129/><F28/><W20/><G47/><T66/><D36/><U52/><E135/><V133/><F133/><W17/><G60/><T46/><D106/><U118/><E118/><V40/><F40/><W25/><G1/><T104/><D104/><U4/><E29/><V127/><F127/><W105/><G105/><T128/><D128/><U12/><E85/><V26/><F129/><W76/><G76/><T45/><D102/><U82/><E101/><V92/><F26/><W15/><G38/><T31/><D19/><U107/><E107/><V30/><F30/><N who="3" m="17671" /><G37/><T84/><D84/><U93/><E82/><N who="2" m="31275" /><F90/><W3/><G3/><T122/><D122/><U113/><E113/><V77/><F77/><W44/><G44/><T33/><D46/><U39/><E39/><V22/><F72/><W75/><G75/><T74/><D74/><U49/><E131/><V119/><F73/><W70/><G70/><T18/><D45/><U123/><E123/><V94/><F119/><W87/><G87/><T23/><D33/><U86/><E86/><V34/><F34/><W63/><G57/><T108/><D108/><U121/><E121/><V62/><F62/><W32/><G32/><T9/><D31/><AGARI ba="1,0" hai="8,15,17,21,25,31,61,63,96,97,99" m="17671" machi="31" ten="30,1000,0" yaku="8,1" doraHai="54" who="3" fromWho="0" sc="172,-13,220,0,259,0,349,13" /><INIT seed="3,0,0,2,0,30" ten="159,220,259,362" oya="3" hai0="29,8,73,122,123,77,17,34,25,106,72,125,82" hai1="94,134,59,41,99,9,15,111,33,35,46,26,102" hai2="100,54,108,114,42,80,58,127,36,50,121,7,91" hai3="78,81,105,13,96,135,64,90,97,10,74,4,120"/><W131/><G120/><T75/><D125/><U61/><E26/><V133/><F114/><W66/><G131/><T52/><D106/><U47/><E111/><V84/><F121/><W119/><G135/><T60/><D123/><U130/><E134/><V65/><F133/><W71/><G119/><T53/><D122/><U62/><E130/><V117/><F117/><W24/><G71/><T48/><D60/><U92/><E92/><V113/><F113/><W115/><G115/><T103/><D103/><U49/><E47/><V63/><F127/><W87/><G24/><T44/><REACH who="0" step="1"/><D53/><REACH who="0" ten="149,220,259,362" step="2"/><U124/><E124/><V101/><F100/><W55/><G55/><T68/><D68/><U38/><E62/><V112/><F101/><W118/><G118/><T98/><D98/><U86/><E38/><V107/><F36/><W32/><G97/><T116/><D116/><U21/><E61/><V70/><F63/><W69/><G69/><T40/><D40/><U56/><E41/><V5/><F42/><W110/><G105/><T12/><AGARI ba="0,1" hai="8,12,17,25,29,34,44,48,52,72,73,75,77,82" machi="12" ten="30,7900,0" yaku="1,1,0,1,52,1,54,1,53,0" doraHai="30" doraHaiUra="95" who="0" fromWho="0" sc="149,89,220,-20,259,-20,362,-39" /><INIT seed="4,0,0,2,1,56" ten="238,200,239,323" oya="0" hai0="108,100,110,21,43,44,32,51,107,73,111,119,74" hai1="54,10,16,125,0,52,71,104,8,37,128,126,133" hai2="92,69,99,93,38,22,123,19,15,70,23,12,61" hai3="39,47,124,97,91,84,50,31,72,81,95,114,55"/><T89/><D119/><U103/><E71/><V46/><F123/><W33/><G114/><T121/><D121/><U127/><E37/><V60/><F38/><W58/><G124/><T14/><D32/><U6/><E133/><V120/><F120/><W88/><G72/><T66/><D66/><U90/><E128/><V41/><F41/><W116/><G116/><T27/><D14/><N who="1" m="7255" /><E90/><V132/><F132/><W118/><G118/><T9/><D9/><U113/><E113/><V101/><F46/><W35/><G31/><T65/><D65/><U117/><E117/><V129/><F129/><W11/><G11/><T82/><D100/><U36/><E36/><V77/><F77/><W98/><G98/><AGARI ba="0,0" hai="0,6,8,52,54,98,103,104,125,126,127" m="7255" machi="98" ten="30,3900,0" yaku="18,1,54,2" doraHai="56" who="1" fromWho="3" sc="238,0,200,39,239,0,323,-39" /><INIT seed="5,0,0,0,0,88" ten="238,239,239,284" oya="1" hai0="81,49,48,95,43,105,83,93,44,120,41,112,61" hai1="47,31,15,28,79,27,86,37,102,132,78,39,51" hai2="130,82,59,5,6,64,72,58,108,101,98,76,29" hai3="128,75,8,0,126,9,22,109,122,107,113,106,35"/><U127/><E102/><V2/><F108/><W33/><RYUUKYOKU type="yao9" ba="0,0" sc="238,0,239,0,239,0,284,0" hai3="0,8,9,22,33,35,75,106,107,109,113,122,126,128" /><INIT seed="5,1,0,1,1,7" ten="238,239,239,284" oya="1" hai0="6,63,77,33,74,46,129,4,65,64,3,85,51" hai1="59,135,61,103,42,34,43,49,15,89,83,66,52" hai2="36,13,10,47,62,109,98,125,48,82,14,17,118" hai3="123,8,19,94,107,95,120,37,40,58,119,2,53"/><U113/><E34/><V26/><F118/><W96/><G119/><T81/><D33/><U16/><E113/><V73/><F109/><W131/><G131/><T5/><D129/><U11/><E135/><V60/><F125/><W112/><G112/><T70/><D65/><U31/><E31/><V105/><F36/><W91/><G107/><T76/><D76/><U100/><E83/><V39/><F39/><W30/><G30/><T106/><D106/><U44/><E89/><V57/><F73/><W115/><G115/><T104/><D104/><U117/><E117/><V132/><F132/><W114/><G114/><T102/><D102/><AGARI ba="1,0" hai="11,15,16,42,43,44,49,52,59,61,66,100,102,103" machi="102" ten="40,12000,1" yaku="8,1,52,1,54,2" doraHai="7" who="1" fromWho="0" sc="238,-123,239,123,239,0,284,0" /><INIT seed="5,2,0,2,5,111" ten="115,362,239,284" oya="1" hai0="55,36,70,115,125,45,37,50,10,77,84,1,114" hai1="86,87,42,54,60,78,46,2,129,126,5,58,130" hai2="20,105,73,32,44,69,17,79,92,128,56,35,107" hai3="91,14,63,25,85,49,122,34,66,8,28,93,23"/><U40/><E126/><V43/><F69/><W99/><G122/><T22/><D70/><U119/><E119/><V104/><F128/><N who="1" m="49257" /><E78/><V133/><F133/><W100/><G49/><T112/><D125/><U123/><E123/><V96/><F56/><W98/><G34/><T134/><D134/><U33/><E33/><V4/><F4/><W97/><G100/><T90/><D77/><U26/><E26/><V38/><F79/><W83/><G83/><N who="0" m="49439" /><D22/><U135/><E135/><V121/><F73/><W47/><G47/><T101/><D101/><U95/><E95/><V12/><REACH who="2" step="1"/><F121/><REACH who="2" ten="115,362,229,284" step="2"/><W52/><G66/><T76/><D76/><U51/><E5/><AGARI ba="2,1" hai="1,5,10,36,37,45,50,55,112,114,115" m="49439" machi="5" ten="30,7700,0" yaku="15,1,52,3" doraHai="111" who="0" fromWho="1" sc="115,93,362,-83,229,0,284,0" /><INIT seed="6,0,0,3,1,15" ten="208,279,229,284" oya="2" hai0="58,94,53,44,135,116,34,68,43,10,14,47,45" hai1="36,61,17,32,96,78,80,129,87,52,125,76,91" hai2="8,130,41,71,4,105,118,9,127,33,21,19,124" hai3="31,131,5,115,54,11,28,110,24,101,97,51,1"/><V121/><F105/><W132/><G110/><T35/><D68/><U85/><E36/><V75/><F118/><W74/><G74/><T60/><D135/><U27/><E125/><N who="2" m="48203" /><F121/><W73/><G73/><T82/><D116/><U6/><E129/><V108/><F108/><W128/><G132/><T13/><D35/><U120/><E120/><V133/><F133/><W18/><G115/><T40/><D34/><U89/><E6/><V7/><F75/><W69/><G69/><T70/><D70/><U67/><E96/><V42/><F71/><W20/><G51/><T123/><D123/><U112/><E112/><V92/><F130/><N who="3" m="49707" /><G54/><T84/><D94/><AGARI ba="0,0" hai="1,5,11,18,20,24,28,31,94,97,101" m="49707" machi="94" ten="30,2000,0" yaku="19,1,52,1" doraHai="15" who="3" fromWho="0" sc="208,-20,279,0,229,0,284,20" /><INIT seed="7,0,0,0,5,8" ten="188,279,229,304" oya="3" hai0="32,88,79,98,58,66,12,123,78,131,9,129,115" hai1="47,42,114,85,6,130,84,10,17,68,33,43,82" hai2="46,41,89,70,26,22,14,132,106,113,67,99,18" hai3="36,104,110,1,118,108,52,27,69,38,55,35,40"/><W86/><G118/><T21/><D123/><U15/><E68/><V112/><F132/><W57/><G104/><T20/><D32/><U74/><E33/><V64/><F70/><W16/><G69/><T76/><D115/><N who="2" m="44106" /><F26/><W31/><G1/><T60/><D131/><U29/><E29/><V97/><F89/><W121/><G121/><T37/><D37/><N who="3" m="14441" /><G40/><T122/><D122/><U90/><E114/><V127/><F127/><W103/><G103/><T128/><D128/><U53/><E130/><V0/><F0/><W61/><G16/><N who="0" m="8207" /><D129/><U126/><E74/><V51/><F106/><W93/><G93/><AGARI ba="0,0" hai="20,21,58,60,66,76,78,79,88,93,98" m="8207" machi="93" ten="30,7700,0" yaku="8,1,52,1,54,2" doraHai="8" who="0" fromWho="3" sc="188,77,279,0,229,0,304,-77" /><INIT seed="8,0,0,0,2,51" ten="265,279,229,227" oya="0" hai0="42,118,116,115,108,61,132,29,31,68,19,88,37" hai1="20,111,28,67,11,114,80,89,134,126,100,133,96" hai2="4,103,119,93,3,106,38,105,22,53,135,130,81" hai3="95,71,129,69,102,36,74,92,75,45,99,120,66"/><T49/><D115/><U47/><E111/><V60/><F38/><W6/><G129/><T110/><D37/><U8/><E114/><V46/><F130/><W40/><G120/><T90/><D132/><N who="1" m="50795" /><E126/><V70/><F135/><W124/><G124/><T33/><D19/><U127/><E127/><V14/><F3/><W27/><G6/><T121/><D121/><U84/><E67/><V86/><F70/><W5/><G5/><T13/><D13/><U101/><E47/><V73/><F73/><W117/><G117/><N who="0" m="45163" /><D42/><U122/><E122/><V30/><F119/><W16/><G95/><T83/><D49/><U39/><E39/><V17/><F4/><W43/><G43/><T55/><D33/><U87/><E87/><V109/><F109/><N who="0" m="42090" /><D68/><U62/><E62/><V48/><F60/><W77/><G77/><T91/><D83/><U7/><E80/><V9/><F81/><W125/><G125/><T128/><D128/><U59/><E7/><V107/><F17/><W79/><G79/><T72/><D72/><U63/><E63/><V41/><F41/><W21/><REACH who="3" step="1"/><G71/><REACH who="3" ten="265,279,229,217" step="2"/><T12/><D12/><U18/><E18/><V64/><F14/><W58/><G58/><AGARI ba="0,1" hai="29,31,55,58,61,88,90,91" m="42090,45163" machi="58" ten="40,12000,1" yaku="16,1,10,1,52,1,54,1" doraHai="51" who="0" fromWho="3" sc="265,130,279,0,229,0,217,-120" owari="395,49.0,279,8.0,229,-17.0,97,-40.0" /></mjloggm>