<mjloggm ver="2.3"><GO type="41"/><UN n0="%E3%82%A6%E3%83%AB%E3%83%88%E3%83%A9%E7%AB%8B%E7%9B%B4" n1="%6C%61%6E%31%32%33" n2="%E5%92%8C%E9%A2%A8%E3%81%98%E3%82%83%E3%81%93" n3="%50%6F%74%6F%73%68%69" dan="15,13,15,14" rate="1999,1876,1998,1818" sx="M,M,F,M"/><TAIKYOKU oya="0"/><INIT seed="0,0,0,1,1,130" ten="250,250,250,250" oya="0" hai0="105,97,25,127,47,28,62,73,29,89,65,44,66" hai1="10,80,96,100,131,77,22,46,52,70,134,124,87" hai2="111,125,3,0,133,9,50,4,63,33,23,94,15" hai3="14,118,117,1,64,119,12,116,93,103,42,135,27"/><T32/><D127/><U98/><E131/><V126/><F63/><W30/><G116/><T6/><D65/><U71/><E124/><N who="2" m="47723" /><F94/><W110/><G1/><T45/><D6/><U92/><E10/><V74/><F74/><W122/><G110/><T75/><D29/><U95/><E22/><V56/><F56/><W112/><G112/><T53/><D53/><U21/><E21/><V121/><F50/><W55/><G122/><T40/><D40/><U48/><REACH who="1" step="1"/><E134/><REACH who="1" step="2"/><V57/><F33/><W91/><G135/><T128/><D128/><U35/><E35/><V72/><F133/><W19/><G119/><T82/><D82/><U99/><E99/><V102/><F23/><W17/><G118/><T20/><D20/><U84/><E84/><V113/><F121/><W123/><G123/><T109/><D109/><U36/><E36/><V54/><F72/><W60/><G117/><T58/><D75/><U8/><E8/><V18/><F111/><W16/><G42/><T24/><D73/><U39/><E39/><V41/><F41/><W7/><G7/><T11/><D11/><U43/><E43/><V61/><F113/><W129/><G129/><T2/><D25/><U34/><E34/><V79/><F4/><W85/><G27/><T5/><D5/><U132/><E132/><V67/><F9/><W59/><G85/><T108/><D108/><U107/><E107/><V49/><F0/><W104/><G104/><T78/><D2/><U83/><E83/><V13/><F3/><W69/><G12/><T81/><D81/><U120/><E120/><V88/><F13/><RYUUKYOKU ba="0,1" sc="250,-10,240,30,250,-10,250,-10" hai1="46,48,52,70,71,77,80,87,92,95,96,98,100" /><INIT seed="1,1,1,3,1,45" ten="240,270,240,240" oya="1" hai0="3,114,43,86,23,92,95,21,70,31,68,69,85" hai1="9,5,131,124,116,44,28,134,54,35,6,60,125" hai2="25,67,111,113,29,57,17,110,76,52,11,80,105" hai3="33,97,39,34,98,123,126,135,7,118,101,82,83"/><U41/><E116/><V53/><F105/><W27/><G123/><T103/><D3/><U50/><E35/><V47/><F113/><W62/><G118/><T64/><D64/><U91/><E28/><V109/><F47/><W107/><G39/><T73/><D73/><U4/><E91/><V58/><F11/><W74/><G135/><T36/><D31/><U55/><E134/><V117/><F17/><W14/><G126/><N who="1" m="48746" /><E131/><V120/><F120/><W12/><G62/><T8/><D103/><U20/><E20/><N who="2" m="15527" /><F117/><W122/><G122/><T75/><D75/><U63/><E9/><V112/><F112/><W96/><G74/><T79/><D114/><U115/><E115/><V46/><F67/><W65/><G65/><T30/><D8/><U24/><E24/><V15/><F15/><W71/><G71/><T108/><D30/><U61/><AGARI ba="1,1" hai="4,5,6,41,44,50,54,55,60,61,63" m="48746" machi="61" ten="40,3900,0" yaku="18,1,52,1" doraHai="45" who="1" fromWho="1" sc="240,-14,270,52,240,-14,240,-14" /><INIT seed="1,2,0,4,0,23" ten="226,322,226,226" oya="1" hai0="5,29,79,100,10,118,65,30,131,35,105,22,11" hai1="112,55,32,20,36,128,135,115,50,51,34,8,2" hai2="17,71,68,13,84,33,28,1,67,54,101,31,24" hai3="83,40,42,94,108,16,47,133,114,87,89,124,80"/><U7/><E128/><V132/><F1/><W109/><G114/><T77/><D65/><U12/><E36/><V104/><F132/><W48/><G133/><T62/><D62/><U6/><E135/><V85/><F28/><W116/><G116/><T49/><D49/><U121/><E51/><V21/><F54/><W73/><G124/><T74/><D22/><U134/><E134/><V103/><F103/><W44/><G73/><T75/><D100/><U15/><E55/><V72/><F72/><W82/><REACH who="3" step="1"/><G16/><REACH who="3" step="2"/><T117/><D5/><N who="1" m="1079" /><E115/><V59/><F17/><W113/><G113/><T78/><D131/><U56/><E112/><V37/><F31/><W91/><G91/><T3/><D77/><U66/><E66/><V127/><F67/><W88/><G88/><T43/><D3/><U122/><E56/><V97/><F59/><W25/><G25/><T90/><D90/><U120/><E50/><AGARI ba="2,1" hai="40,42,44,47,48,50,80,82,83,87,89,94,108,109" machi="50" ten="40,5200,0" yaku="1,1,9,1,53,1" doraHai="23" doraHaiUra="86" who="3" fromWho="1" sc="226,0,322,-58,226,0,216,68" /><INIT seed="2,0,0,3,3,92" ten="226,264,226,284" oya="2" hai0="69,53,102,45,61,106,87,41,36,44,66,111,125" hai1="88,107,29,116,104,21,96,89,99,5,98,134,32" hai2="16,20,52,83,129,73,27,2,60,19,39,12,108" hai3="8,100,10,25,97,80,47,26,1,128,7,94,120"/><V48/><F2/><W81/><G120/><T121/><D87/><U38/><E38/><V49/><F39/><W105/><G128/><T74/><D74/><U65/><E32/><V103/><F129/><W75/><G10/><T135/><D102/><U133/><E5/><V67/><F103/><W35/><G47/><N who="0" m="23975" /><D106/><N who="1" m="40491" /><E65/><V54/><F73/><W119/><G119/><T63/><D121/><U58/><E58/><N who="2" m="37271" /><F83/><W68/><G68/><N who="0" m="42063" /><D125/><U46/><E46/><N who="0" m="18025" /><D135/><N who="1" m="51723" /><E116/><V4/><F4/><W71/><G71/><T34/><D34/><U109/><E109/><V115/><F108/><W72/><G35/><T114/><D111/><U127/><E127/><V31/><F115/><W76/><G105/><T95/><D95/><U42/><E42/><V132/><F132/><W126/><G126/><T23/><D23/><U85/><E85/><V90/><F31/><W124/><G124/><T91/><D91/><N who="1" m="34891" /><E21/><N who="2" m="11399" /><F90/><W28/><G28/><AGARI ba="0,0" hai="28,29,96,98,99" m="34891,51723,40491" machi="28" ten="40,12000,2" yaku="28,2,20,1,52,3,54,1" doraHai="92" who="1" fromWho="3" sc="226,0,264,120,226,0,284,-120" /><INIT seed="3,0,0,2,2,130" ten="226,384,226,164" oya="3" hai0="95,124,27,91,51,129,90,0,69,29,19,119,118" hai1="16,75,108,104,47,61,100,39,85,50,1,88,106" hai2="65,18,7,101,92,35,84,86,97,58,103,38,22" hai3="52,125,128,54,36,13,93,79,14,15,33,2,74"/><W5/><G2/><T63/><D129/><U73/><E1/><V87/><F35/><W116/><G128/><T71/><D124/><U10/><E39/><V17/><F38/><W4/><G33/><T114/><D114/><U45/><E61/><N who="2" m="38071" /><F7/><W56/><G125/><T72/><D72/><U68/><E68/><V127/><F127/><W110/><G116/><T123/><D123/><U77/><E108/><V64/><F64/><W96/><G36/><T6/><D71/><U34/><E34/><V135/><F135/><W11/><G110/><T109/><D109/><U59/><E59/><V42/><F42/><W20/><G74/><T67/><D0/><U111/><E111/><V83/><F103/><N who="3" m="60815" /><G79/><T9/><D119/><U43/><E47/><V28/><F83/><W24/><G11/><T12/><D118/><U134/><E77/><V31/><F17/><N who="3" m="12303" /><G54/><T115/><D115/><U32/><E32/><V121/><F121/><W30/><G30/><T120/><D120/><U21/><E10/><V82/><F82/><W53/><G53/><T25/><D29/><U113/><E113/><V37/><F37/><W3/><G3/><T60/><D69/><U131/><E75/><V81/><F81/><W126/><G126/><T133/><D67/><U57/><E131/><V40/><F40/><W8/><G8/><T99/><D99/><U117/><E117/><V46/><F46/><W55/><G55/><T102/><D9/><U78/><E73/><V76/><F76/><W112/><G112/><T44/><D44/><U49/><E78/><V132/><F28/><W26/><G26/><RYUUKYOKU ba="0,0" sc="226,-10,384,-10,226,-10,164,30" hai3="4,5,13,14,15,52,56" /><INIT seed="3,1,0,3,2,49" ten="216,374,216,194" oya="3" hai0="98,106,6,0,13,23,100,34,41,32,89,19,135" hai1="4,22,132,127,31,53,54,7,10,120,37,110,64" hai2="62,131,75,122,46,70,26,36,124,47,29,48,5" hai3="73,113,40,15,91,65,60,59,27,119,63,125,43"/><W17/><G119/><T83/><D135/><U18/><E120/><V126/><F75/><W61/><G113/><T105/><D105/><U69/><E37/><V55/><F5/><W76/><G73/><T74/><D41/><N who="3" m="15945" /><G76/><T85/><D0/><U128/><E128/><V33/><F36/><W42/><G125/><N who="2" m="48233" /><F131/><W21/><N who="3" m="15953" /><W103/><DORA hai="133" /><G103/><T117/><D117/><U94/><E132/><V92/><F92/><W44/><G44/><T104/><D104/><U24/><E127/><V2/><F2/><W134/><G134/><T80/><D6/><U45/><E45/><N who="2" m="28047" /><F122/><W58/><G91/><T79/><AGARI ba="1,0" hai="13,19,23,32,34,74,79,80,83,85,89,98,100,106" machi="79" ten="30,1100,0" yaku="0,1" doraHai="49,133" who="0" fromWho="0" sc="216,14,374,-4,216,-4,194,-6" /><INIT seed="4,0,0,0,5,93" ten="230,370,212,188" oya="0" hai0="120,76,117,41,119,100,36,129,95,23,48,101,86" hai1="77,21,55,89,51,135,74,99,109,20,84,46,43" hai2="25,131,70,108,37,90,12,40,62,102,39,33,79" hai3="50,53,104,64,2,113,115,35,96,28,72,22,49"/><T10/><D36/><U26/><E109/><V123/><F108/><W31/><G72/><T4/><D120/><U116/><E135/><V58/><F123/><W103/><G2/><T0/><D129/><U134/><E134/><V52/><F79/><W98/><G35/><T16/><D101/><U88/><E116/><V57/><F70/><W27/><G64/><T114/><D114/><N who="3" m="43529" /><G31/><T71/><D71/><U44/><E74/><V1/><F1/><W124/><G124/><T110/><D110/><U18/><E20/><V3/><F3/><W24/><G24/><T61/><D61/><U132/><E132/><V54/><F102/><N who="3" m="62535" /><G53/><T133/><D133/><U60/><E60/><V9/><F131/><W87/><G87/><T34/><D34/><U19/><E77/><V112/><F112/><W85/><G85/><T7/><D117/><U78/><E78/><V67/><F40/><W69/><G69/><T47/><D119/><U81/><E43/><V14/><F67/><W82/><G82/><N who="0" m="47431" /><D0/><U97/><E89/><V42/><F90/><W128/><G128/><T6/><D10/><U92/><E81/><V106/><F42/><W17/><G28/><T118/><D118/><U66/><E66/><V126/><F126/><W83/><G83/><T91/><D100/><U5/><E5/><V30/><F106/><AGARI ba="0,0" hai="17,22,27,49,50,98,103,106" m="62535,43529" machi="106" ten="30,3900,0" yaku="15,1,52,2" doraHai="93" who="3" fromWho="2" sc="230,0,370,0,212,-39,188,39" /><INIT seed="5,0,0,4,1,117" ten="230,370,173,227" oya="1" hai0="6,91,3,45,41,113,65,69,124,71,131,78,28" hai1="109,97,5,116,110,21,127,80,111,19,36,99,10" hai2="58,96,102,128,85,95,61,29,4,9,123,43,125" hai3="60,67,34,11,49,93,86,68,115,82,79,75,17"/><U70/><E70/><V105/><F125/><W87/><G115/><T104/><D91/><U129/><E36/><V22/><F128/><W98/><G34/><T20/><D20/><U64/><E64/><V101/><F43/><W30/><G30/><T33/><D124/><U38/><E38/><V13/><F105/><W12/><REACH who="3" step="1"/><G49/><REACH who="3" step="2"/><T16/><D28/><U31/><E127/><V56/><F85/><W90/><AGARI ba="0,1" hai="11,12,17,60,67,68,75,79,82,86,87,90,93,98" machi="90" ten="20,8000,1" yaku="1,1,2,1,0,1,7,1,53,1" doraHai="117" doraHaiUra="72" who="3" fromWho="3" sc="230,-20,370,-40,173,-20,217,90" /><INIT seed="6,0,0,3,4,126" ten="210,330,153,307" oya="2" hai0="64,66,0,58,17,27,2,89,45,13,57,31,23" hai1="59,134,110,53,11,39,96,7,22,25,61,14,74" hai2="131,98,60,3,32,114,52,103,28,125,15,113,105" hai3="102,68,122,101,80,100,48,12,99,1,54,8,86"/><V88/><F3/><W109/><G109/><T83/><D2/><U90/><E134/><V40/><F40/><W72/><G122/><T42/><D0/><U94/><E74/><V79/><F79/><W120/><G72/><T71/><D71/><U75/><E75/><V10/><F125/><W26/><G120/><T87/><D64/><U92/><E92/><V33/><F28/><W117/><G68/><T9/><REACH who="0" step="1"/><D66/><REACH who="0" step="2"/><U77/><E110/><V132/><F132/><W104/><G1/><T18/><D18/><N who="1" m="12503" /><E77/><V118/><F118/><W43/><G117/><T37/><AGARI ba="0,1" hai="9,13,17,23,27,31,37,42,45,57,58,83,87,89" machi="37" ten="20,5200,0" yaku="1,1,0,1,7,1,53,1" doraHai="126" doraHaiUra="21" who="0" fromWho="0" sc="200,62,330,-13,153,-26,307,-13" /><INIT seed="7,0,0,4,3,132" ten="262,317,127,294" oya="3" hai0="74,98,68,46,91,42,87,58,43,118,36,29,133" hai1="88,124,119,52,32,81,79,72,129,105,54,126,111" hai2="19,62,75,122,80,101,120,4,93,128,1,50,51" hai3="11,73,117,78,95,22,31,18,86,66,14,109,9"/><W108/><G117/><T60/><D74/><U24/><E111/><N who="3" m="42570" /><G73/><T21/><D133/><U130/><E105/><V8/><F75/><W6/><G66/><T84/><D118/><U33/><E88/><V39/><F39/><W10/><G31/><T110/><D110/><U71/><E71/><V82/><F62/><W53/><G53/><N who="1" m="20586" /><E119/><V99/><F19/><W15/><G78/><T2/><D68/><U17/><E17/><V45/><F128/><N who="1" m="49257" /><E24/><V112/><F112/><W28/><G28/><T90/><D43/><U116/><E116/><V56/><F56/><W16/><G18/><T65/><D2/><U83/><E81/><V96/><F96/><W34/><G34/><AGARI ba="0,0" hai="32,33,34,72,79,83,124,126" m="49257,20586" machi="34" ten="40,8000,1" yaku="19,1,52,2,54,1" doraHai="132" who="1" fromWho="3" sc="262,0,317,80,127,0,294,-80" owari="262,6,397,50,127,-37,214,-19" /></mjloggm>