<mjloggm ver="2.3"><GO type="41"/><UN n0="%E3%82%A6%E3%83%AB%E3%83%88%E3%83%A9%E7%AB%8B%E7%9B%B4" n1="%28%E3%81%BE%C2%B4%CF%89%EF%BD%80%E3%81%AA%29%E3%83%9F" n2="%E3%81%A4%E3%81%8D%E3%81%AE%E3%81%AD%E3%81%93" n3="%69%63%6F%63%68%61%6E" dan="15,14,14,13" rate="2014,1937,1930,1813" sx="M,F,M,M"/><TAIKYOKU oya="0"/><INIT seed="0,0,0,4,5,75" ten="250,250,250,250" oya="0" hai0="80,93,116,123,85,49,42,112,10,39,9,53,122" hai1="48,50,131,40,114,20,94,14,63,59,119,33,76" hai2="21,104,121,83,52,71,27,58,65,6,102,99,28" hai3="124,38,4,56,70,37,134,1,32,11,68,117,106"/><T133/><D42/><U111/><E119/><V72/><F121/><W74/><G56/><T60/><D39/><U130/><E33/><V13/><F71/><W17/><G17/><T81/><D60/><U22/><E111/><V90/><F65/><W36/><G117/><T79/><D116/><U126/><E126/><V87/><F72/><W51/><G51/><T30/><D112/><U132/><E132/><V113/><F113/><W84/><G84/><T105/><D105/><U18/><E22/><V43/><F43/><W129/><G134/><T92/><D133/><U98/><E76/><V77/><F13/><W135/><G135/><T97/><D30/><U64/><E114/><V86/><F6/><W96/><G124/><T115/><D115/><U91/><REACH who="1" step="1"/><E40/><REACH who="1" ten="250,240,250,250" step="2"/><V61/><REACH who="2" step="1"/><F87/><REACH who="2" ten="250,240,240,250" step="2"/><W100/><G38/><T120/><D120/><U19/><E19/><V78/><AGARI ba="0,2" hai="21,27,28,52,58,61,77,78,83,86,90,99,102,104" machi="78" ten="30,12000,2" yaku="1,1,2,1,0,1,52,2,54,1,53,1" doraHai="75" doraHaiUra="57" who="2" fromWho="2" sc="250,-60,240,-30,240,140,250,-30" /><INIT seed="1,0,0,2,4,106" ten="190,210,380,220" oya="1" hai0="11,50,90,21,40,86,19,125,59,3,78,132,60" hai1="127,109,33,82,135,54,55,130,84,16,74,25,114" hai2="118,22,98,129,99,35,100,61,63,79,70,8,96" hai3="7,56,76,15,62,29,81,65,36,103,122,12,105"/><U32/><E114/><V107/><F35/><W34/><G36/><T121/><D121/><U37/><E37/><V18/><F129/><W111/><G122/><T44/><D125/><U94/><E127/><V51/><F118/><W77/><G76/><T72/><D132/><U88/><E135/><V45/><F8/><W89/><G89/><T66/><D3/><U41/><E41/><V31/><F31/><W68/><G56/><T20/><D11/><U64/><E64/><V115/><F115/><W6/><G7/><T46/><D46/><U87/><E130/><V131/><F131/><W5/><G6/><T30/><D30/><U26/><E109/><V38/><F38/><W71/><G68/><T43/><D43/><U75/><E82/><V101/><F79/><W58/><G58/><T123/><D123/><U17/><E94/><V1/><F1/><W117/><G5/><T27/><D78/><U67/><E67/><V134/><F70/><W24/><G111/><T39/><D39/><U126/><REACH who="1" step="1"/><E126/><REACH who="1" ten="190,200,380,220" step="2"/><V57/><F134/><W83/><G81/><T108/><D108/><U14/><E14/><V69/><F69/><W47/><G117/><T92/><D72/><U13/><E13/><V73/><F73/><W110/><G110/><T93/><D93/><U49/><E49/><V104/><F51/><W119/><G119/><T0/><D0/><U97/><E97/><V85/><F98/><W48/><G48/><T128/><D128/><U53/><E53/><V52/><F99/><W28/><G105/><T91/><D40/><U80/><E80/><V120/><F107/><RYUUKYOKU ba="0,1" sc="190,-10,200,30,380,-10,220,-10" hai1="16,17,25,26,32,33,54,55,74,75,84,87,88" /><INIT seed="1,1,1,2,3,68" ten="180,230,370,210" oya="1" hai0="21,103,124,96,45,121,8,111,29,81,1,70,79" hai1="104,131,19,72,0,123,25,130,119,32,99,134,17" hai2="113,41,14,26,53,120,22,74,112,5,57,50,23" hai3="82,54,46,116,84,58,105,114,44,102,126,100,30"/><U34/><E123/><V135/><F74/><W2/><G114/><N who="2" m="44137" /><F135/><W90/><G2/><T83/><D121/><U13/><E119/><V125/><F120/><W38/><G116/><T107/><D124/><U127/><E72/><V132/><F132/><W128/><G126/><T93/><D70/><U42/><E134/><V16/><F41/><W71/><G71/><T55/><D111/><U77/><E77/><V51/><F125/><W87/><G30/><T118/><D118/><U110/><E127/><V65/><F65/><W33/><G33/><T92/><D1/><U66/><E110/><V4/><F51/><W31/><G31/><AGARI ba="1,1" hai="4,5,14,16,22,23,26,31,50,53,57" m="44137" machi="31" ten="30,2000,0" yaku="11,1,54,1" doraHai="68" who="2" fromWho="3" sc="180,0,230,0,370,33,210,-23" /><INIT seed="2,0,0,2,2,115" ten="180,230,403,187" oya="2" hai0="135,4,99,98,77,28,9,52,65,36,16,63,85" hai1="111,61,8,117,29,125,3,24,7,92,34,124,11" hai2="44,6,71,12,96,41,72,55,13,20,31,101,83" hai3="10,17,131,122,123,109,23,119,62,74,95,2,133"/><V51/><F71/><W59/><G74/><T103/><D36/><U84/><E111/><V39/><F72/><W73/><G109/><T105/><D135/><U100/><E61/><V26/><F83/><W69/><G69/><T87/><D77/><U67/><E67/><V89/><F89/><W81/><G133/><T21/><D98/><U121/><E121/><V97/><F97/><W54/><G131/><T79/><D79/><U80/><E92/><V82/><F82/><W49/><G81/><T116/><D28/><U22/><E100/><V102/><F6/><W33/><G33/><T0/><D116/><U57/><E57/><V127/><F102/><W75/><G62/><T134/><D134/><U91/><E11/><V110/><F127/><N who="1" m="48713" /><E34/><V27/><F110/><W70/><G70/><T47/><D65/><U104/><E104/><V53/><F96/><W64/><G64/><T94/><D105/><U128/><E128/><V32/><F101/><W25/><G122/><T38/><D63/><U88/><E91/><V48/><F39/><W90/><G123/><T93/><D93/><U42/><E42/><V126/><F41/><W132/><G119/><AGARI ba="0,0" hai="3,7,8,22,24,29,80,84,88,117,119" m="48713" machi="119" ten="30,7700,0" yaku="18,1,52,2,54,1" doraHai="115" who="1" fromWho="3" sc="180,0,230,77,403,0,187,-77" /><INIT seed="3,0,0,2,1,73" ten="180,307,403,110" oya="3" hai0="24,47,100,23,44,57,32,0,79,133,65,55,16" hai1="94,82,123,124,110,62,117,14,83,66,67,68,84" hai2="35,70,121,80,115,126,11,15,131,61,122,135,129" hai3="58,109,1,120,27,63,95,71,88,38,113,93,60"/><W64/><G120/><N who="2" m="46185" /><F80/><W127/><G113/><T33/><D0/><U128/><E123/><V26/><F70/><W125/><G1/><T132/><D65/><U54/><E117/><V17/><F61/><W51/><G38/><T20/><D100/><U90/><E110/><V85/><F85/><W134/><G109/><T37/><D37/><U118/><E118/><V130/><F126/><N who="3" m="48139" /><G134/><N who="0" m="51819" /><D23/><U28/><E128/><V106/><F106/><W91/><G51/><N who="0" m="30975" /><D79/><U29/><E67/><V46/><F46/><AGARI ba="0,0" hai="16,20,24,32,33,44,46,47" m="30975,51819" machi="46" ten="30,2000,0" yaku="20,1,54,1" doraHai="73" who="0" fromWho="2" sc="180,20,307,0,403,-20,110,0" /><INIT seed="4,0,0,4,2,2" ten="200,307,383,110" oya="0" hai0="114,31,134,130,79,95,47,94,41,71,81,123,23" hai1="21,9,129,6,85,131,62,89,63,26,84,35,98" hai2="87,106,70,20,33,80,102,109,16,120,124,75,8" hai3="78,110,39,115,52,17,29,18,55,83,40,53,105"/><T11/><D71/><U125/><E125/><V57/><F70/><W90/><G105/><T107/><D107/><U108/><E98/><V36/><F33/><W74/><G110/><T4/><D123/><U101/><E101/><V51/><F36/><W93/><G115/><T60/><D114/><U103/><E103/><V99/><F75/><W46/><REACH who="3" step="1"/><G29/><REACH who="3" ten="200,307,383,100" step="2"/><T64/><D130/><U49/><E108/><V118/><F109/><W117/><G117/><T133/><D133/><U54/><E129/><V77/><F118/><W111/><G111/><T127/><D134/><U48/><E131/><V25/><F120/><W66/><G66/><T22/><D127/><U50/><E54/><V65/><F65/><W82/><G82/><T19/><D95/><U88/><E84/><AGARI ba="0,1" hai="17,18,39,40,46,52,53,55,74,78,83,84,90,93" machi="84" ten="40,2600,0" yaku="1,1,54,1,53,0" doraHai="2" doraHaiUra="5" who="3" fromWho="1" sc="200,0,307,-26,383,0,100,36" /><INIT seed="5,0,0,5,0,31" ten="200,281,383,136" oya="1" hai0="82,10,35,16,8,66,1,61,117,58,37,113,38" hai1="14,76,121,127,30,12,103,135,73,56,63,101,51" hai2="52,9,21,42,23,102,0,89,28,19,79,123,40" hai3="32,128,97,15,7,29,107,91,49,111,122,93,65"/><U50/><E121/><V60/><F123/><W45/><G122/><T26/><D117/><U33/><E127/><V55/><F89/><W27/><G111/><T6/><D113/><U25/><E135/><V80/><F102/><W3/><G3/><T118/><D118/><U109/><E109/><V72/><F28/><W133/><G133/><T98/><D82/><U95/><E73/><V59/><F55/><W41/><G128/><T78/><D78/><U99/><E76/><V36/><F23/><W104/><G7/><T18/><D18/><U90/><E103/><V81/><F81/><W47/><G15/><T96/><D35/><U62/><E62/><V92/><F36/><W54/><REACH who="3" step="1"/><G65/><REACH who="3" ten="200,281,383,126" step="2"/><T17/><D1/><U105/><E12/><V44/><F0/><W124/><G124/><T106/><D6/><U24/><E14/><V114/><F9/><W57/><G57/><T22/><D58/><U64/><E24/><V11/><F11/><W68/><G68/><T48/><D66/><U119/><E119/><V130/><F130/><W100/><G100/><T69/><D26/><U43/><REACH who="1" step="1"/><E43/><REACH who="1" ten="200,271,383,126" step="2"/><V120/><F42/><W53/><G53/><T34/><D10/><U108/><E108/><V110/><F110/><W5/><G5/><T125/><D8/><U46/><E46/><V116/><F44/><W20/><G20/><T39/><D22/><U4/><E4/><V94/><F21/><W134/><G134/><T86/><D125/><U87/><AGARI ba="0,2" hai="25,30,33,50,51,56,63,64,87,90,95,99,101,105" machi="87" ten="20,12000,1" yaku="1,1,0,1,7,1,52,1,53,1" doraHai="31" doraHaiUra="83" who="1" fromWho="1" sc="200,-40,271,140,383,-40,126,-40" /><INIT seed="5,1,0,0,0,114" ten="160,411,343,86" oya="1" hai0="38,109,91,7,75,97,29,122,20,86,127,57,78" hai1="24,103,66,37,67,115,90,39,118,100,89,72,85" hai2="56,95,82,121,99,80,59,87,41,110,40,13,0" hai3="93,9,10,52,128,22,60,12,8,46,21,50,113"/><U112/><E72/><V104/><F0/><W54/><G113/><T94/><D38/><U43/><E43/><N who="2" m="16459" /><F104/><W35/><G35/><T49/><D109/><U3/><E24/><V63/><F121/><W69/><G128/><T123/><D7/><U11/><E11/><V131/><F131/><W88/><G12/><T129/><D129/><U5/><E5/><V105/><F105/><W14/><G14/><T48/><D75/><U42/><E42/><V30/><F30/><W83/><G83/><N who="2" m="31785" /><F87/><W101/><G101/><T23/><D123/><U111/><E85/><V84/><F84/><W70/><G69/><T98/><D122/><U47/><E3/><V124/><F124/><W58/><REACH who="3" step="1"/><G70/><REACH who="3" ten="160,411,343,76" step="2"/><T16/><D127/><U79/><E112/><V106/><F13/><W53/><G53/><T77/><D77/><U6/><E79/><V119/><F110/><W135/><G135/><T117/><D78/><U28/><E111/><V108/><F108/><W126/><G126/><T76/><D76/><U130/><E100/><V4/><F4/><W62/><G62/><T120/><D120/><U36/><E103/><V133/><F63/><W61/><G61/><T18/><D91/><U73/><E89/><V134/><F134/><W71/><G71/><T64/><D49/><U26/><E90/><V45/><F133/><W81/><G81/><T44/><D48/><U1/><E6/><V102/><F102/><W132/><G132/><T15/><D15/><U34/><E34/><V25/><F106/><W2/><G2/><T27/><D27/><U125/><E115/><V17/><F25/><RYUUKYOKU ba="1,1" sc="160,-10,411,-10,343,-10,76,30" hai3="8,9,10,21,22,46,50,52,54,58,60,88,93" /><INIT seed="6,2,1,1,5,3" ten="150,401,333,106" oya="2" hai0="69,130,93,134,71,128,68,80,8,21,60,57,7" hai1="28,39,106,66,129,61,70,6,82,1,48,126,64" hai2="133,5,14,73,0,105,81,99,62,31,23,44,37" hai3="15,104,65,107,108,17,2,4,110,118,36,29,18"/><V67/><F133/><W114/><G118/><T72/><D134/><U74/><E106/><V51/><F37/><W59/><G36/><T32/><D32/><U86/><E74/><V122/><F122/><W49/><G2/><T77/><D93/><U100/><E39/><V90/><F0/><W103/><G29/><T85/><D21/><U101/><E66/><V58/><F105/><W54/><G103/><T115/><D85/><U127/><E28/><V45/><F73/><W33/><G33/><T113/><D57/><U12/><E48/><V13/><F45/><W88/><G65/><T10/><D60/><U117/><E117/><V132/><F5/><W47/><G114/><N who="0" m="43531" /><D10/><N who="1" m="4183" /><E129/><V94/><F81/><W24/><G107/><T75/><D75/><U125/><E1/><AGARI ba="2,1" hai="1,7,8,68,69,71,72,77,80,128,130" m="43531" machi="1" ten="40,5200,0" yaku="15,1,23,1,52,1" doraHai="3" who="0" fromWho="1" sc="150,68,401,-58,333,0,106,0" /><INIT seed="7,0,0,4,4,104" ten="218,343,333,106" oya="3" hai0="45,2,29,113,91,112,35,109,120,70,60,85,90" hai1="86,37,56,46,27,50,22,128,88,1,9,107,81" hai2="78,102,23,77,10,4,110,41,17,119,15,59,71" hai3="7,106,82,58,96,111,92,94,26,30,20,8,84"/><W75/><G111/><T73/><D2/><U13/><E107/><V135/><F71/><W114/><G114/><N who="0" m="44139" /><D29/><N who="1" m="17655" /><E1/><V18/><F110/><W31/><G75/><T44/><D35/><U129/><E37/><V133/><F119/><W25/><G58/><T79/><D109/><U3/><E3/><V6/><F102/><W36/><G36/><T12/><D120/><U43/><E56/><V65/><F41/><W69/><G69/><T130/><D130/><N who="1" m="50283" /><E13/><N who="2" m="7351" /><F135/><W34/><G96/><T42/><D12/><U127/><E127/><V126/><F126/><W101/><G101/><T100/><D100/><U74/><E74/><V48/><F65/><W16/><G106/><T99/><D70/><U68/><E68/><V132/><F132/><W125/><G31/><T51/><D44/><U38/><E38/><V115/><F115/><W39/><G39/><T116/><D116/><U64/><E9/><V123/><F133/><W121/><G121/><T47/><D47/><U63/><E63/><V14/><F14/><W95/><G125/><T108/><D60/><U118/><E118/><V53/><F123/><W66/><G66/><AGARI ba="0,0" hai="43,46,50,64,66,81,86,88" m="50283,17655" machi="66" ten="30,2000,0" yaku="19,1,54,1" doraHai="104" who="1" fromWho="3" sc="218,0,343,20,333,0,106,-20" owari="218,-18.0,363,46.0,333,13.0,86,-41.0" /></mjloggm>