<mjloggm ver="2.3"><GO type="41"/><UN n0="%77%61%6B%69%67%61" n1="%E3%82%A6%E3%83%AB%E3%83%88%E3%83%A9%E7%AB%8B%E7%9B%B4" n2="%6B%2D%73%74%6F%6E%65" n3="%6D%61%63%6A%72" dan="15,15,13,17" rate="1938,1996,1926,2118" sx="M,M,M,M"/><TAIKYOKU oya="0"/><INIT seed="0,0,0,2,2,120" ten="250,250,250,250" oya="0" hai0="81,62,1,78,91,110,65,101,41,45,4,102,51" hai1="97,94,9,57,13,21,113,86,100,28,48,58,116" hai2="12,112,124,117,87,3,66,80,18,56,42,70,34" hai3="60,135,88,77,36,10,122,47,29,114,50,111,107"/><T37/><D91/><U16/><E116/><V11/><F34/><W84/><G114/><T119/><D119/><U53/><E113/><V27/><F112/><W52/><G122/><T49/><D49/><U33/><E33/><V76/><F117/><W19/><G107/><T93/><D93/><U127/><E127/><V125/><F70/><W82/><G135/><T8/><D51/><U83/><E28/><V118/><F3/><W104/><G104/><T61/><D61/><U14/><E14/><V26/><F118/><W72/><G36/><T2/><D2/><U109/><E109/><V103/><F103/><W6/><G29/><T115/><D115/><U31/><E31/><V73/><F42/><W105/><G105/><T5/><D5/><U134/><E134/><V90/><F73/><W131/><G131/><T67/><D110/><U99/><E99/><V63/><F90/><W25/><G60/><T85/><REACH who="0" step="1"/><D67/><REACH who="0" ten="240,250,250,250" step="2"/><U43/><E43/><V95/><F95/><W129/><G111/><T54/><D54/><U106/><E106/><V15/><F15/><W126/><G88/><T38/><D38/><U123/><E123/><V121/><F121/><W40/><G40/><T55/><D55/><U32/><E53/><V20/><REACH who="2" step="1"/><F27/><REACH who="2" ten="240,250,240,250" step="2"/><W35/><G25/><T7/><D7/><AGARI ba="0,2" hai="7,11,12,18,20,26,56,63,66,76,80,87,124,125" machi="7" ten="40,2600,0" yaku="1,1,2,1,53,0" doraHai="120" doraHaiUra="128" who="2" fromWho="0" sc="240,-26,250,0,240,46,250,0" /><INIT seed="1,0,0,0,3,104" ten="214,250,286,250" oya="1" hai0="65,27,130,117,0,102,54,59,3,66,38,71,127" hai1="76,67,120,50,96,86,28,42,35,103,131,49,126" hai2="8,64,84,57,123,124,81,106,52,17,44,125,109" hai3="107,24,47,32,119,16,110,10,41,129,89,1,26"/><U39/><E120/><V79/><F106/><W112/><G112/><T6/><D117/><U31/><E39/><V51/><F123/><W22/><G119/><T85/><D38/><U23/><E35/><V74/><F109/><W134/><G107/><T20/><D127/><N who="2" m="48714" /><F8/><W2/><G110/><T40/><D40/><U122/><E122/><V4/><F4/><W90/><G134/><T56/><D102/><U82/><E126/><V7/><F7/><W80/><G129/><T116/><D116/><U113/><E131/><V48/><F17/><W29/><G10/><T14/><D85/><U13/><E113/><V11/><F11/><W115/><G115/><T105/><D105/><U75/><E31/><V72/><F64/><W77/><G2/><T45/><D130/><U99/><E67/><V100/><F100/><W121/><G1/><T12/><D6/><U33/><E42/><AGARI ba="0,0" hai="42,44,48,51,52,57,72,74,79,81,84" m="48714" machi="42" ten="30,7700,0" yaku="18,1,52,2,54,1" doraHai="104" who="2" fromWho="1" sc="214,0,250,-77,286,77,250,0" /><INIT seed="2,0,0,1,1,70" ten="214,173,363,250" oya="2" hai0="56,82,67,38,113,73,75,48,89,61,14,101,9" hai1="88,99,83,127,104,106,97,122,17,7,13,18,16" hai2="45,12,112,131,72,5,81,128,29,96,60,92,43" hai3="1,34,71,94,41,84,25,109,87,23,22,21,105"/><V124/><F124/><W115/><G105/><T28/><D113/><U119/><E119/><V135/><F112/><W86/><G115/><T125/><D125/><U130/><E127/><V63/><F135/><W27/><G71/><T103/><D28/><U2/><E130/><V79/><F29/><W77/><G1/><T116/><D116/><U3/><E122/><V62/><F5/><W68/><G68/><T93/><D38/><U102/><E13/><V40/><F12/><W110/><G94/><T55/><D75/><U20/><E20/><V19/><F19/><W8/><G77/><T44/><D82/><U100/><E7/><V80/><F81/><W78/><G78/><T15/><D73/><U58/><E58/><V30/><F30/><W65/><G41/><T108/><D108/><N who="3" m="41577" /><G65/><T118/><D118/><U132/><E132/><V126/><F126/><W134/><G134/><T90/><D14/><U39/><E39/><V31/><F31/><W123/><G8/><T36/><D36/><U129/><E129/><N who="2" m="49739" /><F45/><W111/><G111/><T26/><D26/><N who="3" m="9737" /><G34/><T35/><D35/><U121/><E121/><AGARI ba="0,0" hai="21,22,23,84,86,87,121,123" m="9737,41577" machi="121" ten="40,5200,0" yaku="28,2,14,1" doraHai="70" who="3" fromWho="1" sc="214,0,173,-52,363,0,250,52" /><INIT seed="3,0,0,5,2,109" ten="214,121,363,302" oya="3" hai0="35,43,1,99,22,48,52,93,56,82,134,51,18" hai1="39,116,7,31,76,41,46,81,80,24,95,27,37" hai2="30,135,47,49,10,20,125,127,104,88,50,23,62" hai3="126,36,130,68,34,101,92,114,106,83,96,63,42"/><W70/><G130/><T133/><D35/><U33/><E116/><V113/><F104/><W8/><G126/><T111/><D111/><U100/><E80/><V53/><F135/><W13/><G34/><T112/><D112/><U55/><E27/><V61/><F10/><W64/><G83/><T102/><D1/><U97/><E7/><V15/><F113/><W28/><G28/><T77/><D43/><U21/><E21/><V87/><F127/><W2/><G2/><T115/><D115/><U57/><E57/><V4/><F50/><W45/><G114/><T110/><D110/><U58/><E58/><V94/><F125/><W73/><G73/><T59/><D59/><U19/><E19/><N who="2" m="10367" /><F4/><W122/><G68/><T16/><D51/><U121/><E55/><V38/><F38/><W67/><G67/><T5/><D5/><U108/><E108/><V131/><F131/><W84/><G122/><T118/><D118/><U78/><E121/><V60/><F23/><W6/><REACH who="3" step="1"/><G84/><REACH who="3" ten="214,121,363,292" step="2"/><N who="0" m="48207" /><D133/><U40/><REACH who="1" step="1"/><E81/><REACH who="1" ten="214,111,363,292" step="2"/><V17/><F30/><W44/><G44/><AGARI ba="0,2" hai="24,31,33,37,39,40,41,44,46,76,78,95,97,100" machi="44" ten="40,8000,1" yaku="1,1,2,1,9,1,53,1" doraHai="109" doraHaiUra="90" who="1" fromWho="3" sc="214,0,111,100,363,0,292,-80" /><INIT seed="4,0,0,4,4,98" ten="214,211,363,212" oya="0" hai0="10,29,21,107,34,118,66,18,6,80,7,5,9" hai1="44,41,0,100,36,76,32,31,117,111,83,37,12" hai2="20,59,94,57,84,133,71,24,116,16,112,69,96" hai3="120,22,11,89,123,109,53,74,30,95,68,39,2"/><T81/><D66/><U49/><E117/><V110/><F116/><W38/><G109/><T79/><D118/><U55/><E0/><V8/><F110/><W103/><G74/><T113/><D107/><U114/><E31/><V125/><F125/><W62/><G39/><T70/><D70/><U17/><E32/><V86/><F71/><W51/><G38/><T88/><D113/><U119/><E111/><V101/><F69/><W87/><G68/><T27/><D81/><U4/><E119/><V92/><F112/><W14/><G62/><T45/><D45/><U130/><E130/><V3/><F3/><W23/><G2/><T47/><D47/><U73/><E4/><V65/><F8/><W35/><G35/><T121/><D121/><N who="3" m="46665" /><G30/><T91/><D91/><U75/><E114/><V134/><F94/><W72/><G72/><T46/><D46/><U28/><E28/><V67/><F67/><W13/><G103/><T104/><D104/><U77/><E41/><V26/><F26/><W63/><G63/><T85/><REACH who="0" step="1"/><D79/><REACH who="0" ten="204,211,363,212" step="2"/><U64/><E64/><V54/><F65/><W19/><G14/><AGARI ba="0,1" hai="5,6,7,9,10,14,18,21,27,29,34,80,85,88" machi="14" ten="40,7700,0" yaku="1,1,2,1,54,1,53,0" doraHai="98" doraHaiUra="56" who="0" fromWho="3" sc="204,87,211,0,363,0,212,-77" /><INIT seed="4,1,0,4,3,34" ten="291,211,363,135" oya="0" hai0="51,45,27,133,57,84,131,50,14,44,106,30,119" hai1="7,68,125,10,18,96,55,11,64,123,115,24,73" hai2="114,21,19,42,65,122,56,62,70,88,93,47,32" hai3="128,2,9,116,111,89,105,41,117,12,53,26,66"/><T63/><D119/><U0/><E64/><V75/><F32/><W36/><G111/><T52/><D106/><U74/><E68/><V112/><F75/><W102/><G128/><T83/><D131/><U59/><E123/><V104/><F122/><W49/><G66/><T60/><D133/><U121/><E121/><V92/><F104/><W78/><G78/><T29/><D14/><U130/><E130/><V48/><F93/><W22/><G41/><T39/><D39/><U107/><E125/><V13/><REACH who="2" step="1"/><F56/><REACH who="2" ten="291,211,353,135" step="2"/><W108/><G108/><T8/><D8/><U132/><E132/><V113/><F113/><W118/><G105/><T79/><D27/><U38/><E115/><V109/><F109/><W77/><G26/><T25/><D25/><U54/><E74/><V40/><F40/><W71/><G9/><T134/><D134/><U1/><E73/><V99/><AGARI ba="1,1" hai="13,19,21,42,47,48,62,65,70,88,92,99,112,114" machi="99" ten="30,7900,0" yaku="1,1,0,1,54,1,53,1" doraHai="34" doraHaiUra="16" who="2" fromWho="2" sc="291,-40,211,-21,353,92,135,-21" /><INIT seed="5,0,0,0,4,64" ten="251,190,445,114" oya="1" hai0="94,65,69,124,79,128,95,109,85,15,103,32,115" hai1="131,77,37,28,58,7,38,114,41,1,29,90,97" hai2="16,119,87,75,44,52,22,39,80,127,10,68,116" hai3="6,62,18,83,104,19,88,98,25,73,113,118,17"/><U2/><E77/><V0/><F75/><W99/><G113/><T46/><D109/><U26/><E114/><V89/><F68/><W11/><G118/><T40/><D115/><U117/><E117/><V120/><F120/><W59/><G25/><T92/><D124/><U86/><E97/><V108/><F127/><W5/><G104/><T82/><D32/><U101/><E101/><V42/><F108/><W112/><G112/><T93/><D128/><U91/><E131/><V126/><F126/><W84/><G73/><T125/><D125/><U34/><E58/><V31/><F31/><W81/><G81/><T107/><D15/><U55/><E55/><V100/><F100/><W13/><REACH who="3" step="1"/><G6/><REACH who="3" ten="251,190,445,104" step="2"/><T70/><D107/><U20/><E7/><V63/><F119/><W133/><G133/><T96/><REACH who="0" step="1"/><D65/><AGARI ba="0,1" hai="5,11,13,17,18,19,59,62,65,83,84,88,98,99" machi="65" ten="40,5200,0" yaku="1,1,8,1,54,1,53,0" doraHai="64" doraHaiUra="130" who="3" fromWho="0" sc="251,-52,190,0,445,0,104,62" /><INIT seed="6,0,0,4,1,63" ten="199,190,445,166" oya="2" hai0="112,89,106,68,30,46,41,44,33,122,98,133,7" hai1="105,62,1,23,131,59,55,65,37,19,108,3,86" hai2="123,94,109,103,88,114,32,73,97,6,52,2,78" hai3="71,72,27,58,134,15,79,28,102,43,50,16,22"/><V93/><F32/><W8/><G71/><T124/><D122/><U49/><E105/><V113/><F123/><W95/><G134/><T35/><D133/><U38/><E108/><V74/><F2/><W31/><G72/><T45/><D7/><U5/><E131/><V53/><F6/><W39/><G79/><T127/><D112/><N who="2" m="43114" /><F109/><W116/><G39/><T135/><D135/><U80/><E3/><V70/><F70/><W126/><G116/><T120/><D120/><U66/><E5/><V84/><F78/><W57/><G126/><T40/><D68/><U20/><E1/><V9/><F9/><W69/><G69/><T61/><D61/><U101/><E101/><V110/><F110/><W92/><G28/><T81/><D30/><U54/><E38/><V11/><F11/><W76/><G76/><T82/><D35/><U56/><E37/><V14/><F14/><W121/><G121/><T129/><D33/><U10/><E10/><V42/><F42/><W47/><G102/><T91/><D129/><U48/><E62/><V67/><F67/><N who="1" m="25609" /><E19/><V118/><F118/><W85/><REACH who="3" step="1"/><G95/><REACH who="3" ten="199,190,445,156" step="2"/><T83/><D127/><U125/><E125/><V132/><F132/><W64/><G64/><T99/><D124/><U107/><E107/><V111/><F111/><W12/><G12/><T75/><D106/><U117/><E117/><V18/><F18/><W17/><G17/><T34/><D75/><AGARI ba="0,1" hai="52,53,73,74,75,84,88,93,94,97,103" m="43114" machi="75" ten="30,5800,0" yaku="15,1,54,2" doraHai="63" who="2" fromWho="0" sc="199,-58,190,0,445,68,156,0" /><INIT seed="6,1,0,3,5,47" ten="141,190,513,156" oya="2" hai0="49,120,24,121,55,40,79,105,65,78,108,32,21" hai1="72,101,100,20,3,50,70,84,125,74,6,90,129" hai2="1,102,71,12,30,2,66,25,22,132,86,130,10" hai3="85,122,61,91,126,112,57,135,39,33,131,98,75"/><V16/><F102/><W113/><G75/><T83/><D32/><U77/><E70/><V81/><F132/><W60/><G33/><T19/><D105/><U80/><E6/><V7/><F71/><W9/><G39/><T68/><D108/><U41/><E3/><V37/><F37/><W95/><G135/><T27/><D40/><U82/><E125/><V99/><F99/><W63/><G122/><T54/><D54/><U0/><E0/><V104/><F104/><W67/><G126/><T52/><D55/><U127/><E127/><V133/><F133/><W115/><G131/><T17/><D79/><U44/><E129/><V106/><F106/><W118/><G118/><T123/><D65/><U51/><E74/><V89/><F66/><W26/><G26/><T73/><D68/><U13/><E13/><V4/><F130/><W97/><G9/><T31/><REACH who="0" step="1"/><D27/><REACH who="0" ten="131,190,513,156" step="2"/><U53/><E20/><V18/><F1/><W38/><G38/><T92/><D92/><U114/><E114/><V94/><F2/><W35/><G35/><T87/><D87/><U42/><E42/><V110/><F94/><N who="3" m="56543" /><G85/><T48/><D48/><U34/><E34/><V11/><F110/><W62/><G62/><T116/><D116/><U43/><E43/><V111/><F111/><W88/><AGARI ba="1,1" hai="57,60,61,63,67,88,95,98,112,113,115" m="56543" machi="88" ten="30,4000,0" yaku="15,1,11,1,54,1" doraHai="47" who="3" fromWho="3" sc="131,-11,190,-11,513,-21,156,53" /><INIT seed="7,0,0,2,1,79" ten="120,179,492,209" oya="3" hai0="30,61,78,120,133,53,63,122,21,102,7,19,103" hai1="128,118,119,35,101,82,127,64,66,80,1,12,126" hai2="134,121,51,60,22,88,39,75,49,85,57,29,94" hai3="5,0,33,108,110,71,69,98,11,84,16,77,104"/><W73/><G73/><T25/><D7/><U114/><E1/><V3/><F39/><W24/><G104/><T9/><D133/><U27/><E101/><V8/><F134/><W100/><G100/><T132/><D132/><U34/><E12/><V90/><F121/><W125/><G98/><T31/><D30/><U111/><E27/><N who="2" m="16631" /><F75/><W93/><G125/><T89/><D122/><U74/><E74/><V62/><F3/><W117/><G117/><T10/><D120/><U97/><E97/><N who="2" m="57543" /><F8/><W45/><G45/><T32/><D78/><U37/><E37/><V112/><F112/><W113/><G113/><T15/><D10/><U23/><E114/><V68/><F68/><W58/><G33/><T130/><D130/><U72/><E72/><V129/><F129/><W17/><G69/><T55/><D89/><U115/><E23/><V47/><F47/><W56/><G71/><T70/><D70/><U4/><E115/><V59/><F59/><N who="3" m="22571" /><G24/><T41/><D41/><U48/><E128/><V96/><F96/><W50/><G93/><T26/><D63/><N who="2" m="24106" /><F57/><W13/><G0/><T2/><D61/><U36/><E36/><V44/><F44/><W109/><G50/><T106/><D106/><U99/><E99/><V107/><F107/><W87/><G87/><T54/><D26/><U38/><E38/><V18/><F18/><W131/><G131/><T20/><D32/><U135/><E135/><V95/><AGARI ba="0,0" hai="49,51,85,90,95" m="24106,57543,16631" machi="95" ten="30,2000,0" yaku="8,1,54,1" doraHai="79" who="2" fromWho="2" sc="120,-5,179,-5,492,20,209,-10" owari="115,-38.0,174,-23.0,512,61.0,199,0.0" /></mjloggm>