<mjloggm ver="2.3"><GO type="41"/><UN n0="%47%45%4F%2D%47%45%4F" n1="%E5%A4%A7%E8%B0%B7%E9%9B%85%E6%81%B5" n2="%E3%83%AC%E3%83%87%E3%82%A3%E3%82%A2" n3="%EF%BC%88%E2%89%A7%E2%96%BD%E2%89%A6%EF%BC%89" dan="15,14,14,14" rate="1989,1899,2021,2060" sx="M,F,M,M"/><TAIKYOKU oya="0"/><INIT seed="0,0,0,4,2,29" ten="250,250,250,250" oya="0" hai0="74,7,131,134,94,123,79,32,89,126,88,23,28" hai1="111,53,65,68,2,129,4,73,13,14,104,26,27" hai2="30,87,119,81,21,63,55,36,114,34,57,113,108" hai3="76,106,120,45,96,99,67,25,84,15,17,101,9"/><T95/><D123/><U47/><E129/><V12/><F36/><W24/><G120/><T110/><D131/><U66/><E111/><V50/><F108/><W52/><G67/><T48/><D110/><U83/><E104/><V135/><F135/><W37/><G99/><T93/><D134/><U56/><E73/><V122/><F122/><W62/><G37/><T78/><D126/><U49/><E68/><V121/><F121/><W112/><G112/><T38/><D38/><U86/><E2/><V22/><F119/><W31/><G31/><T11/><D48/><U8/><E14/><V103/><F103/><W130/><G130/><T58/><D58/><U127/><E127/><V90/><F22/><W1/><G1/><T20/><D20/><U6/><E6/><V10/><F34/><W54/><G54/><T124/><D124/><U35/><E35/><V70/><F70/><W16/><G17/><T102/><D102/><U44/><E47/><V33/><F33/><W109/><G109/><T64/><D64/><N who="1" m="24683" /><E44/><V80/><F63/><W5/><G5/><T92/><D23/><U115/><E115/><V18/><F114/><W132/><G132/><T82/><D79/><AGARI ba="0,0" hai="4,8,13,26,27,49,53,56,79,83,86" m="24683" machi="79" ten="30,1000,0" yaku="8,1" doraHai="29" who="1" fromWho="0" sc="250,-10,250,10,250,0,250,0" /><INIT seed="1,0,0,1,4,0" ten="240,260,250,250" oya="1" hai0="14,95,77,90,78,18,23,22,25,24,33,29,99" hai1="63,112,130,120,19,27,106,34,50,48,10,45,91" hai2="12,119,65,118,93,38,88,103,75,68,134,117,115" hai3="40,128,9,49,64,59,39,92,74,55,5,15,71"/><U114/><E120/><V109/><F38/><W4/><G74/><T104/><REACH who="0" step="1"/><D104/><REACH who="0" step="2"/><U57/><E106/><V21/><F115/><W125/><G125/><T122/><D122/><U28/><E114/><V105/><F105/><W46/><G128/><T36/><D36/><U83/><E112/><V86/><F75/><W43/><G43/><T61/><D61/><U100/><E130/><V69/><F134/><W116/><G116/><T129/><D129/><U97/><E45/><V89/><F109/><W111/><G111/><T121/><D121/><U35/><E35/><V96/><F65/><W31/><G39/><T113/><D113/><U126/><E126/><V8/><F21/><W30/><G40/><T67/><D67/><U62/><E62/><V70/><REACH who="2" step="1"/><F86/><REACH who="2" step="2"/><W7/><G64/><T135/><D135/><U11/><E34/><V32/><F32/><W80/><G71/><T81/><D81/><U123/><E83/><V20/><F20/><W1/><G80/><T131/><D131/><U79/><E123/><V16/><AGARI ba="0,2" hai="8,12,16,68,69,70,88,89,93,96,103,117,118,119" machi="16" ten="40,8000,1" yaku="1,1,0,1,54,2,53,0" doraHai="0" doraHaiUra="2" who="2" fromWho="2" sc="230,-20,260,-40,240,100,250,-20" /><INIT seed="2,0,0,5,4,14" ten="210,220,340,230" oya="2" hai0="78,32,59,15,86,74,57,21,67,19,50,0,123" hai1="100,38,73,17,85,39,68,87,49,93,121,61,124" hai2="26,23,53,3,132,81,55,133,40,22,44,30,96" hai3="80,63,104,46,98,101,114,105,88,92,76,20,70"/><V97/><F3/><W1/><G114/><T75/><D0/><U10/><E73/><V90/><F22/><W130/><G130/><T34/><D123/><U72/><E72/><V125/><F125/><W65/><G1/><T28/><D59/><U12/><E124/><V37/><F81/><W110/><G110/><T7/><D7/><U82/><E121/><V117/><F117/><W84/><G46/><T47/><D86/><U128/><E128/><V64/><F64/><W89/><G89/><T51/><D78/><U5/><E39/><V120/><F120/><W69/><G69/><T107/><D107/><U111/><E111/><V103/><F90/><W99/><REACH who="3" step="1"/><G20/><REACH who="3" step="2"/><T52/><D67/><U119/><E119/><V83/><F103/><W62/><G62/><T33/><REACH who="0" step="1"/><D28/><REACH who="0" step="2"/><U77/><E68/><V41/><F30/><W58/><G58/><T42/><AGARI ba="0,2" hai="15,19,21,32,33,34,42,47,50,51,52,57,74,75" machi="42" ten="30,8000,1" yaku="1,1,2,1,0,1,52,1,54,1,53,0" doraHai="14" doraHaiUra="25" who="0" fromWho="0" sc="200,100,220,-20,340,-40,220,-20" /><INIT seed="3,0,0,1,5,36" ten="300,200,300,200" oya="3" hai0="103,9,59,93,58,82,62,42,4,99,107,73,46" hai1="24,17,101,95,65,56,130,25,51,35,15,97,114" hai2="122,52,125,16,54,43,85,117,104,53,28,87,66" hai3="47,109,127,112,60,94,80,2,6,68,40,13,61"/><W29/><G112/><T19/><D19/><U124/><E114/><V126/><F104/><W79/><G127/><N who="2" m="48649" /><F117/><W119/><G119/><T106/><D59/><U26/><E124/><V31/><F66/><W89/><G2/><T38/><D73/><U84/><E130/><V41/><F122/><W134/><G134/><T133/><D133/><U129/><E129/><V8/><F8/><N who="3" m="4247" /><G68/><T32/><D32/><U44/><E35/><V113/><F16/><W135/><G135/><T131/><D82/><U100/><E84/><N who="2" m="32331" /><F113/><W96/><G109/><T88/><D131/><U90/><E65/><V91/><F91/><W48/><G29/><AGARI ba="0,0" hai="28,29,31,41,43,52,53,54" m="32331,48649" machi="29" ten="40,12000,2" yaku="28,2,18,1,52,2,54,1" doraHai="36" who="2" fromWho="3" sc="300,0,200,0,300,120,200,-120" /><INIT seed="4,0,0,2,5,24" ten="300,200,420,80" oya="0" hai0="86,98,47,111,76,62,6,16,121,66,88,4,29" hai1="27,36,14,73,127,106,17,100,58,104,38,11,74" hai2="89,34,78,116,135,130,119,56,48,42,80,39,37" hai3="77,72,82,101,102,107,117,108,115,61,33,12,91"/><T112/><D121/><U41/><E127/><V69/><F34/><W1/><G117/><N who="2" m="45129" /><F69/><W40/><G108/><T3/><D111/><U20/><E74/><N who="2" m="43095" /><F130/><W113/><G1/><T50/><D112/><N who="3" m="43081" /><G33/><T2/><D2/><U87/><E73/><V124/><F124/><W21/><G40/><T79/><D3/><U120/><E120/><V129/><F129/><W109/><G109/><T51/><D51/><U131/><E131/><V92/><F135/><W114/><N who="3" m="43089" /><W67/><DORA hai="132" /><G91/><T97/><D79/><U90/><E58/><V93/><F93/><W0/><G107/><T32/><D76/><U26/><E26/><V83/><F83/><W110/><G110/><T53/><D4/><U23/><E23/><V68/><F68/><W122/><G122/><T44/><D44/><U9/><E9/><V59/><F59/><N who="3" m="37311" /><G0/><T35/><D6/><U18/><E41/><V10/><F10/><W95/><G95/><T133/><D133/><U7/><E7/><V57/><F57/><W52/><G52/><T94/><D35/><U46/><E46/><N who="2" m="25687" /><F56/><W63/><G63/><T30/><D32/><U103/><E106/><V70/><F70/><W118/><G118/><T96/><D62/><U85/><E104/><V49/><F49/><W5/><G5/><T123/><D66/><U43/><E43/><V71/><F71/><W128/><G128/><T25/><D123/><U19/><E38/><V75/><F75/><W134/><G134/><T8/><D8/><U81/><E36/><V31/><F31/><W54/><G54/><T13/><D13/><N who="1" m="7359" /><E87/><AGARI ba="0,0" hai="37,39,87,89,92" m="25687,43095,45129" machi="87" ten="30,1000,0" yaku="12,1" doraHai="24,132" who="2" fromWho="1" sc="300,0,200,-10,420,10,80,0" /><INIT seed="5,0,0,5,1,71" ten="300,190,430,80" oya="1" hai0="122,74,39,9,105,68,111,129,124,50,98,75,47" hai1="130,119,92,45,57,91,26,49,118,6,16,126,7" hai2="53,41,63,97,73,77,114,125,32,128,112,54,121" hai3="33,89,78,127,58,96,44,104,94,64,72,135,93"/><U62/><E130/><V35/><F121/><W43/><G33/><T103/><D111/><U37/><E37/><V52/><F41/><W99/><G135/><T69/><D129/><U34/><E126/><V24/><F128/><W113/><G113/><N who="2" m="43625" /><F125/><W117/><G117/><T60/><D124/><U12/><E119/><V29/><F97/><W88/><G127/><T21/><D21/><N who="1" m="13607" /><E34/><N who="2" m="20775" /><F63/><W132/><G132/><T14/><D122/><U109/><E12/><V3/><F3/><W27/><G104/><T120/><D120/><U70/><E109/><V115/><N who="2" m="43633" /><V20/><DORA hai="2" /><F20/><W66/><G27/><T36/><D50/><U51/><E70/><N who="0" m="27241" /><D60/><U84/><E118/><V65/><F65/><W4/><G4/><N who="1" m="1578" /><E45/><V22/><F22/><W30/><G30/><T18/><D47/><U133/><E133/><V80/><AGARI ba="0,0" hai="32,35,52,53,54,73,77,80" m="20775,43633" machi="80" ten="50,6400,0" yaku="15,1,11,1,54,1" doraHai="71,2" who="2" fromWho="2" sc="300,-16,190,-32,430,64,80,-16" /><INIT seed="6,0,0,4,5,9" ten="284,158,494,64" oya="2" hai0="63,2,57,55,97,126,10,68,105,40,92,90,43" hai1="112,127,20,82,135,41,113,108,30,8,122,78,31" hai2="15,48,101,71,111,115,80,53,26,17,102,56,117" hai3="39,24,12,28,86,58,98,76,42,4,65,21,85"/><V45/><F117/><W44/><G76/><T3/><D126/><U100/><E100/><V37/><F71/><W29/><G29/><N who="1" m="10762" /><E41/><V121/><F121/><W75/><G75/><T32/><D32/><U70/><E70/><V77/><F26/><W27/><G27/><T104/><D68/><U1/><E82/><V132/><F132/><W23/><G98/><T51/><D40/><U110/><E78/><V103/><F115/><N who="1" m="44105" /><E135/><V106/><F111/><N who="1" m="42537" /><E127/><V131/><F131/><W36/><G36/><T109/><D109/><U125/><E125/><V64/><F37/><W34/><G34/><T91/><D91/><U129/><E129/><V18/><F106/><W19/><REACH who="3" step="1"/><G4/><REACH who="3" step="2"/><T66/><D97/><U46/><E122/><V14/><F77/><W95/><G95/><T33/><D92/><U87/><E87/><V94/><F94/><W81/><G81/><T0/><D105/><U52/><E20/><V93/><F93/><W84/><G84/><T16/><D104/><U11/><E1/><V61/><F80/><W13/><G13/><AGARI ba="0,1" hai="13,14,15,17,18,45,48,53,56,61,64,101,102,103" machi="13" ten="40,12000,1" yaku="8,1,52,3" doraHai="9" who="2" fromWho="3" sc="284,0,158,0,494,130,54,-120" owari="284,8,158,-24,624,73,-66,-57" /></mjloggm>