<mjloggm ver="2.3"><GO type="41" lobby="0"/><UN n0="%E3%81%B7%E3%81%AB%E3%82%83%E3%83%BC%E3%82%8C" n1="%E3%82%A6%E3%83%AB%E3%83%88%E3%83%A9%E7%AB%8B%E7%9B%B4" n2="%64%65%73%63%68%61%6D%70" n3="%E3%81%9F%E3%81%A1%E3%81%AE" dan="13,16,14,14" rate="1848.17,2055.93,1887.84,1942.19" sx="M,M,M,M"/><TAIKYOKU oya="0"/><INIT seed="0,0,0,4,5,21" ten="250,250,250,250" oya="0" hai0="30,20,36,71,91,127,42,133,0,5,27,124,68" hai1="73,106,107,74,82,96,97,25,44,81,6,54,122" hai2="34,83,43,114,121,90,128,18,110,92,69,113,31" hai3="41,14,3,87,15,120,28,129,57,70,64,135,123"/><T77/><D77/><U45/><E6/><V40/><F121/><W93/><G3/><T60/><D133/><U59/><E59/><V10/><F110/><W61/><G41/><T115/><D115/><U130/><E54/><V79/><F69/><W29/><G135/><T102/><D102/><U112/><E130/><V103/><F128/><W39/><G39/><T85/><D60/><U62/><E62/><V76/><F79/><W24/><G129/><T58/><D58/><U56/><E56/><V22/><F34/><W47/><G47/><T111/><D111/><U35/><E35/><V23/><F10/><W9/><G70/><T52/><D52/><U95/><E95/><V26/><F103/><W86/><G29/><T51/><D51/><U49/><E49/><V126/><F126/><N who="0" m="48170" /><D5/><U104/><E122/><N who="3" m="46634" /><G93/><N who="0" m="54511" /><D0/><U48/><E48/><V117/><F117/><W118/><G118/><T131/><D131/><U80/><E112/><V116/><F116/><W19/><G14/><T63/><D63/><U134/><E134/><V119/><F119/><W2/><G2/><T78/><D78/><U12/><E12/><V99/><F114/><W66/><G66/><T55/><D55/><U67/><E67/><V72/><F113/><W7/><G7/><T33/><D33/><AGARI ba="0,0" hai="9,15,19,24,28,33,57,61,64,86,87" m="46634" machi="33" ten="30,2000,0" yaku="13,1,52,1" doraHai="21" who="3" fromWho="0" sc="250,-20,250,0,250,0,250,20" /><INIT seed="1,0,0,2,2,92" ten="230,250,250,270" oya="1" hai0="26,37,93,25,115,95,39,119,45,22,46,91,74" hai1="127,72,94,133,124,64,1,96,107,31,89,53,88" hai2="10,111,112,47,109,57,21,98,110,12,50,29,122" hai3="34,81,70,61,16,9,63,99,43,30,82,134,135"/><U51/><E1/><V68/><F122/><W126/><G43/><T78/><D78/><U36/><E36/><V83/><F68/><W33/><G126/><T84/><D84/><U86/><E72/><V85/><F57/><W87/><G70/><T27/><D22/><U66/><E133/><V69/><F69/><W5/><G30/><T4/><D4/><U75/><E75/><V132/><F132/><W73/><G73/><T8/><D8/><U116/><E116/><V35/><F35/><W59/><G5/><T24/><D74/><U56/><E31/><V2/><F2/><W60/><G87/><T13/><D13/><U77/><E77/><V130/><F130/><W58/><G63/><T62/><D62/><U106/><E106/><V41/><F21/><W113/><G9/><T125/><D119/><U48/><E48/><V0/><F0/><W97/><REACH who="3" step="1"/><G113/><REACH who="3" ten="230,250,250,260" step="2"/><T17/><D125/><N who="1" m="48203" /><E107/><V76/><F112/><W105/><G105/><T120/><D115/><U65/><E86/><V67/><F29/><W108/><G108/><T11/><D120/><U19/><E19/><AGARI ba="0,1" hai="16,19,33,34,58,59,60,61,81,82,97,99,134,135" machi="19" ten="25,12000,2" yaku="1,1,22,2,52,2,54,1,53,0" doraHai="92" doraHaiUra="23" who="3" fromWho="1" sc="230,0,250,-120,250,0,260,130" /><INIT seed="2,0,0,1,1,2" ten="230,130,250,390" oya="2" hai0="111,119,121,3,52,8,16,5,51,115,81,113,132" hai1="61,45,0,13,87,1,80,77,22,92,103,33,106" hai2="67,56,24,23,4,47,20,36,120,11,123,96,84" hai3="27,50,105,117,108,74,122,72,12,70,118,112,21"/><V48/><F36/><W133/><G50/><T93/><D121/><U46/><E33/><V104/><F23/><W114/><G12/><T129/><D119/><U49/><E45/><V131/><F131/><W99/><G21/><T42/><D129/><U98/><E61/><V57/><F56/><W71/><G27/><T128/><D128/><U35/><E35/><V25/><F25/><W134/><G99/><T30/><D132/><U130/><E130/><V85/><F67/><W9/><G9/><T75/><D30/><U95/><E95/><V83/><F57/><W86/><G86/><T53/><D93/><U78/><E78/><V6/><F85/><W110/><G105/><T54/><D111/><U69/><E69/><V135/><F135/><W109/><G109/><T41/><D51/><U38/><E38/><V91/><F120/><AGARI ba="0,0" hai="70,71,72,74,108,110,112,114,117,118,120,122,133,134" machi="120" ten="25,6400,0" yaku="22,2,31,2" doraHai="2" who="3" fromWho="2" sc="230,0,130,0,250,-64,390,64" /><INIT seed="3,0,0,0,1,61" ten="230,130,186,454" oya="3" hai0="69,14,34,110,98,66,100,112,53,90,12,57,117" hai1="111,26,49,104,131,88,36,105,25,63,96,93,3" hai2="68,11,99,41,17,19,47,29,9,91,121,73,125" hai3="97,94,84,18,44,23,55,89,58,40,103,43,83"/><W123/><G123/><T79/><D112/><U71/><E36/><V119/><F119/><W51/><REACH who="3" step="1"/><G44/><REACH who="3" ten="230,130,186,444" step="2"/><T1/><D117/><U4/><E131/><V39/><F121/><W52/><G52/><T13/><D110/><U95/><E111/><V27/><F125/><W115/><G115/><T31/><D69/><U42/><E71/><V127/><F127/><W128/><G128/><T6/><D34/><U101/><E42/><V132/><F68/><W65/><G65/><T120/><D120/><U5/><E49/><V48/><F48/><W134/><G134/><T108/><D108/><U92/><E26/><AGARI ba="0,1" hai="18,23,26,40,43,51,55,58,83,84,89,94,97,103" machi="26" ten="30,5800,0" yaku="1,1,7,1,8,1,53,0" doraHai="61" doraHaiUra="67" who="3" fromWho="1" sc="230,0,130,-58,186,0,444,68" /><INIT seed="3,1,0,3,1,20" ten="230,72,186,512" oya="3" hai0="50,45,97,14,13,17,22,95,10,120,96,86,123" hai1="5,135,37,28,118,73,32,33,80,131,103,130,121" hai2="8,64,108,119,114,11,74,72,112,48,40,19,66" hai3="6,122,111,91,15,39,69,29,78,58,12,68,52"/><W3/><G122/><T60/><D60/><U106/><E37/><V18/><F48/><W25/><G39/><T34/><D34/><U99/><E121/><V83/><F108/><W93/><G78/><T90/><D123/><U55/><E55/><V21/><F83/><W85/><G111/><T62/><D62/><U1/><E135/><V128/><F128/><W125/><G125/><T26/><D120/><U129/><E118/><V104/><F104/><W54/><G54/><T2/><D2/><U98/><E98/><V115/><F119/><W87/><G87/><T38/><D14/><U9/><E28/><V24/><F40/><W110/><G110/><T126/><D38/><U41/><E41/><V61/><F61/><W31/><G31/><T42/><REACH who="0" step="1"/><D126/><REACH who="0" ten="220,72,186,512" step="2"/><U49/><E49/><V4/><F66/><W44/><G3/><T116/><D116/><U71/><REACH who="1" step="1"/><E71/><REACH who="1" ten="220,62,186,512" step="2"/><V132/><F114/><W94/><G69/><T117/><D117/><U113/><E113/><V0/><F115/><W84/><G68/><T23/><D23/><U35/><E35/><V65/><F112/><W57/><G6/><AGARI ba="1,2" hai="6,10,13,17,22,26,42,45,50,86,90,95,96,97" machi="6" ten="30,7700,0" yaku="1,1,7,1,8,1,52,1,53,0" doraHai="20" doraHaiUra="70" who="0" fromWho="3" sc="220,100,62,0,186,0,512,-80" /><INIT seed="4,0,0,3,4,23" ten="320,62,186,432" oya="0" hai0="30,3,21,131,96,33,28,68,48,116,71,43,135" hai1="85,12,32,97,89,104,50,100,5,64,29,25,115" hai2="47,108,92,134,59,62,102,15,94,75,98,13,26" hai3="54,40,118,125,86,70,123,60,126,57,14,45,61"/><T1/><D116/><U58/><E115/><V4/><F108/><W36/><G86/><T65/><D33/><U17/><E5/><V113/><F134/><W78/><G78/><T132/><D65/><U66/><E50/><V93/><F75/><W129/><G14/><T81/><D81/><U107/><E107/><V88/><F47/><W128/><G118/><T133/><D131/><N who="3" m="50249" /><G123/><T2/><D96/><U95/><REACH who="1" step="1"/><E58/><REACH who="1" ten="320,52,186,432" step="2"/><V91/><F113/><W55/><G70/><N who="0" m="26667" /><D21/><AGARI ba="0,1" hai="12,17,21,25,29,32,64,66,85,89,95,97,100,104" machi="21" ten="30,3900,0" yaku="1,1,7,1,52,1,53,0" doraHai="23" doraHaiUra="74" who="1" fromWho="0" sc="320,-39,52,49,186,0,432,0" /><INIT seed="5,0,0,5,4,33" ten="281,101,186,432" oya="1" hai0="9,86,30,16,82,92,93,18,74,104,22,109,73" hai1="89,35,27,47,91,44,85,80,45,37,10,105,88" hai2="101,102,124,21,123,61,99,129,0,38,54,26,67" hai3="7,56,51,113,28,87,13,8,98,2,12,103,5"/><U131/><E105/><V119/><F123/><W65/><G28/><T110/><D104/><U111/><E37/><V70/><F119/><W90/><G113/><T75/><D9/><U55/><E111/><V14/><F124/><W24/><G24/><T106/><D106/><U42/><E42/><V71/><F129/><W23/><G23/><T39/><D39/><U100/><E100/><V78/><F78/><W34/><G34/><T114/><D114/><U81/><E131/><V108/><F108/><W50/><G2/><T77/><D110/><U125/><E125/><V96/><F71/><W1/><G1/><T69/><D69/><U117/><E117/><V112/><F112/><W19/><G98/><T118/><D118/><U126/><E126/><V15/><F38/><W46/><G103/><T25/><REACH who="0" step="1"/><D109/><REACH who="0" ten="271,101,186,432" step="2"/><U135/><E10/><V17/><F70/><W122/><G122/><T4/><D4/><U31/><E135/><V58/><F102/><W62/><G7/><T60/><D60/><U52/><REACH who="1" step="1"/><E81/><REACH who="1" ten="271,91,186,432" step="2"/><V95/><F101/><W128/><G128/><T132/><D132/><U49/><E49/><V72/><F61/><W115/><G115/><T107/><D107/><U36/><E36/><V97/><F95/><AGARI ba="0,2" hai="16,18,22,25,30,73,74,75,77,82,86,92,93,95" machi="95" ten="40,2600,0" yaku="1,1,54,1,53,0" doraHai="33" doraHaiUra="121" who="0" fromWho="2" sc="271,46,91,0,186,-26,432,0" /><INIT seed="6,0,0,3,3,46" ten="317,91,160,432" oya="2" hai0="26,45,32,2,49,64,99,108,27,38,133,126,61" hai1="105,48,87,42,98,71,80,18,123,91,22,79,85" hai2="116,127,23,41,31,28,36,121,100,135,60,34,73" hai3="11,131,35,103,74,112,119,21,9,110,114,29,17"/><V106/><F121/><W62/><G74/><T50/><D2/><U78/><E71/><V132/><F116/><W120/><G103/><T44/><D108/><U117/><E117/><V54/><F127/><W5/><G119/><T93/><D126/><U19/><E123/><V111/><F73/><W7/><G120/><T67/><D133/><U20/><E105/><V90/><F111/><W88/><G110/><T77/><D77/><U134/><E134/><N who="2" m="51243" /><F34/><W1/><G62/><T122/><D122/><U82/><E98/><N who="2" m="61719" /><F90/><W53/><G53/><T83/><D83/><U109/><E109/><V30/><F41/><W92/><G92/><T70/><D32/><U101/><E101/><V10/><F10/><W3/><G88/><T52/><D38/><U65/><E91/><V40/><F40/><W16/><G131/><T14/><D14/><U75/><E75/><V33/><F33/><W51/><G51/><T104/><D104/><U68/><E65/><V4/><F4/><W115/><G35/><T6/><D6/><U12/><E68/><V130/><F130/><W8/><G8/><T66/><D61/><U125/><E125/><V24/><F36/><W95/><G95/><T86/><D86/><U89/><E89/><V97/><F97/><W59/><G59/><AGARI ba="0,0" hai="23,24,28,30,31,54,59,60" m="61719,51243" machi="59" ten="30,1500,0" yaku="20,1" doraHai="46" who="2" fromWho="3" sc="317,0,91,0,160,15,432,-15" /><INIT seed="6,1,0,3,1,13" ten="317,91,175,417" oya="2" hai0="35,135,127,43,58,78,115,39,117,53,103,12,4" hai1="123,32,24,95,17,130,128,102,57,77,59,118,15" hai2="91,126,10,116,60,63,104,105,83,72,3,64,76" hai3="16,34,113,36,93,7,119,18,98,111,1,21,132"/><V37/><F116/><W5/><G36/><T46/><D117/><U8/><E118/><V28/><F126/><W99/><G119/><T73/><D35/><U87/><E123/><V66/><F28/><W11/><G34/><T110/><D110/><U90/><E32/><V120/><F120/><W0/><G111/><T100/><D127/><U67/><E24/><V112/><F112/><W133/><G113/><T19/><D4/><U41/><E41/><V31/><F31/><W108/><G108/><T88/><D115/><U6/><E77/><V94/><F37/><W125/><G125/><T54/><D54/><U80/><E128/><V52/><F64/><W101/><G21/><T50/><D135/><N who="3" m="51785" /><G99/><T20/><D78/><U82/><E130/><V114/><F114/><W27/><G27/><T23/><D23/><U74/><E74/><V14/><F3/><W45/><G45/><T30/><D30/><U129/><E129/><V51/><F94/><W44/><G44/><T25/><D25/><U62/><E102/><V84/><F72/><W61/><G61/><T134/><D134/><U68/><REACH who="1" step="1"/><E6/><REACH who="1" ten="317,81,175,417" step="2"/><V85/><F76/><W42/><G42/><T56/><D73/><U71/><E71/><V55/><F66/><W2/><G7/><T47/><D47/><U79/><E79/><V22/><F55/><W26/><G26/><T38/><D38/><U97/><E97/><V86/><F84/><W49/><G49/><T96/><D58/><AGARI ba="1,1" hai="8,15,17,57,58,59,62,67,68,80,82,87,90,95" machi="58" ten="40,2600,0" yaku="1,1,52,1,53,0" doraHai="13" doraHaiUra="92" who="1" fromWho="0" sc="317,-29,81,39,175,0,417,0" /><INIT seed="7,0,0,3,2,84" ten="288,120,175,417" oya="3" hai0="72,92,6,123,131,36,132,3,110,14,37,121,61" hai1="8,105,109,74,85,18,49,125,50,7,113,10,124" hai2="81,20,69,34,130,0,48,122,5,59,42,126,70" hai3="55,119,30,51,102,134,127,41,44,13,52,116,25"/><W115/><G102/><T104/><D14/><U111/><E85/><V43/><F126/><W108/><G108/><T9/><D61/><U120/><E74/><V24/><F130/><W66/><G66/><T100/><D100/><U11/><E18/><V16/><F122/><W75/><G75/><T64/><D92/><U73/><E73/><V95/><F69/><W39/><G127/><N who="1" m="48714" /><E7/><V32/><F70/><W26/><G134/><T114/><D132/><U58/><E58/><V99/><F81/><W12/><G115/><T1/><D114/><U89/><E113/><V23/><F0/><W90/><G39/><T40/><D131/><U94/><E120/><V78/><F78/><W129/><G129/><T97/><D110/><N who="1" m="41995" /><E94/><V68/><F5/><W17/><G30/><T2/><D72/><U135/><E135/><V133/><F133/><W57/><G57/><T46/><D64/><U118/><E105/><V47/><F68/><W101/><G101/><T82/><D123/><U53/><E53/><V35/><F59/><W38/><G38/><T56/><D121/><U15/><E15/><V22/><F43/><W80/><G41/><T107/><D104/><U96/><E96/><V33/><N who="2" m="8704" /><DORA hai="86" /><V98/><REACH who="2" step="1"/><F98/><REACH who="2" ten="288,120,165,417" step="2"/><W112/><G112/><T60/><D2/><U87/><E118/><V76/><F76/><W27/><G80/><T45/><D82/><U117/><E117/><V128/><F128/><W54/><G119/><T63/><D1/><U91/><E87/><V28/><F28/><W77/><G116/><T83/><D56/><U21/><E21/><V4/><F4/><RYUUKYOKU ba="0,1" sc="288,-15,120,15,165,15,417,-15" hai1="8,10,11,49,50,89,91" hai2="16,20,22,23,24,42,47,48,95,99" owari="273,7.0,135,-36.0,180,-22.0,412,51.0" /></mjloggm>