<mjloggm ver="2.3"><GO type="169"/><UN n0="%E8%99%8E%E5%85%90%E6%9C%97" n1="%E4%B8%AD%E9%87%8E%2A%E6%A2%93" n2="%EF%BC%88%E2%89%A7%E2%96%BD%E2%89%A6%EF%BC%89" n3="%E2%98%85%E3%81%AA%E3%82%8A%E3%81%BD%E3%81%9F%E2%98%85" dan="17,16,17,16" rate="2163,2101,2172,2045" sx="M,M,M,F"/><TAIKYOKU oya="0"/><INIT seed="0,0,0,4,4,103" ten="250,250,250,250" oya="0" hai0="62,11,115,104,17,29,88,22,13,31,43,19,87" hai1="97,111,26,126,6,127,89,106,67,100,90,76,128" hai2="56,33,82,73,117,14,114,78,72,0,53,130,121" hai3="34,44,40,52,20,94,132,108,30,41,15,47,58"/><T8/><D115/><U7/><E67/><V99/><F0/><W86/><G108/><T42/><D62/><U69/><E69/><V134/><F33/><W51/><G132/><T54/><D54/><U74/><E111/><V110/><F121/><W133/><G133/><T124/><D124/><N who="1" m="47659" /><E26/><V96/><F73/><W92/><G34/><T28/><D104/><U91/><E128/><V83/><F83/><AGARI ba="0,0" hai="6,7,74,76,83,89,90,91,97,100,106" m="47659" machi="83" ten="30,2000,0" yaku="18,1,52,1" doraHai="103" who="1" fromWho="2" sc="250,0,250,20,250,-20,250,0" /><INIT seed="1,0,0,5,1,97" ten="250,270,230,250" oya="1" hai0="90,102,48,77,112,13,98,88,76,18,72,3,101" hai1="6,99,128,117,21,71,74,64,68,56,34,120,83" hai2="84,96,100,62,49,116,28,37,93,133,66,42,63" hai3="122,23,53,125,11,79,107,85,31,51,8,121,9"/><U38/><E38/><V0/><F0/><W95/><G107/><T22/><D112/><U59/><E34/><V35/><F116/><W108/><G108/><T67/><D3/><U103/><E117/><V2/><F2/><W80/><G125/><T44/><D67/><U39/><E39/><V87/><F133/><W27/><REACH who="3" step="1"/><G95/><REACH who="3" ten="250,270,230,240" step="2"/><N who="0" m="56679" /><D72/><U15/><E74/><V41/><F37/><W17/><G17/><T135/><D135/><U26/><E120/><V111/><F111/><W57/><AGARI ba="0,1" hai="8,9,11,23,27,31,51,53,57,79,80,85,121,122" machi="57" ten="30,4000,0" yaku="1,1,0,1,53,1" doraHai="97" doraHaiUra="82" who="3" fromWho="3" sc="250,-10,270,-20,230,-10,240,50" /><INIT seed="2,0,0,4,2,107" ten="240,250,220,290" oya="2" hai0="103,8,14,126,22,28,80,29,121,93,42,90,52" hai1="109,130,127,9,101,131,105,61,13,128,7,97,20" hai2="50,44,11,12,129,125,123,68,40,25,91,104,27" hai3="33,31,76,5,114,54,35,41,2,98,24,67,94"/><V83/><F123/><W134/><G134/><T38/><D121/><U23/><E109/><V111/><F129/><W49/><G114/><T57/><D126/><U92/><E127/><V81/><F125/><W96/><G67/><T60/><D103/><U77/><E77/><V110/><F104/><W34/><G41/><T17/><D80/><U95/><E61/><V65/><F65/><W26/><G76/><T45/><REACH who="0" step="1"/><D8/><REACH who="0" ten="230,250,220,290" step="2"/><U116/><E116/><V66/><F81/><W108/><G108/><N who="2" m="41513" /><F83/><W85/><G35/><T73/><D73/><U51/><E105/><V15/><F91/><W133/><G34/><T132/><D132/><U115/><E115/><V4/><F15/><W30/><G33/><T88/><D88/><U118/><E118/><V135/><F135/><W87/><G133/><T37/><D37/><U63/><E130/><V16/><F4/><W59/><G5/><T64/><D64/><U19/><E7/><V99/><F99/><AGARI ba="0,1" hai="14,17,22,28,29,38,42,45,52,57,60,90,93,99" machi="99" ten="30,3900,0" yaku="1,1,7,1,54,1,53,0" doraHai="107" doraHaiUra="82" who="0" fromWho="2" sc="230,49,250,0,220,-39,290,0" /><INIT seed="3,0,0,0,5,85" ten="279,250,181,290" oya="3" hai0="53,110,12,50,57,98,117,23,107,37,64,127,133" hai1="84,87,91,29,111,52,130,92,63,105,61,34,81" hai2="27,19,16,124,22,21,101,97,45,79,60,80,0" hai3="106,131,119,59,129,90,74,102,43,82,47,114,24"/><W72/><G114/><T120/><D117/><U5/><E105/><V135/><F0/><W1/><G119/><T94/><D120/><U32/><E130/><N who="3" m="49674" /><G1/><T89/><D110/><U36/><E36/><V49/><F60/><W6/><G6/><T123/><D123/><U14/><E111/><V15/><F135/><W38/><G59/><T55/><D133/><U7/><E29/><V54/><F124/><W125/><G125/><T128/><D127/><U70/><E70/><V95/><F80/><W42/><G43/><T108/><D108/><U104/><E104/><V44/><REACH who="2" step="1"/><F79/><REACH who="2" ten="279,250,171,290" step="2"/><W78/><G78/><T2/><D2/><U9/><E63/><V62/><F62/><W71/><G82/><T69/><D128/><U112/><E112/><V121/><F121/><W126/><G126/><T30/><D69/><U76/><REACH who="1" step="1"/><E5/><REACH who="1" ten="279,240,171,290" step="2"/><V33/><F33/><W35/><G71/><T73/><D64/><U68/><E68/><V103/><F103/><W56/><G102/><T99/><D107/><U77/><E77/><V40/><F40/><W39/><G42/><T118/><D118/><U28/><E28/><V122/><F122/><W100/><G100/><T10/><D30/><U75/><E75/><V46/><AGARI ba="0,2" hai="15,16,19,21,22,27,44,45,46,49,54,95,97,101" machi="46" ten="20,8000,1" yaku="1,1,0,1,7,1,8,1,54,1,53,0" doraHai="85" doraHaiUra="116" who="2" fromWho="2" sc="279,-20,240,-20,171,100,290,-40" /><INIT seed="4,0,0,2,5,93" ten="259,220,271,250" oya="0" hai0="18,20,95,77,8,29,103,13,85,116,54,88,125" hai1="51,66,63,39,68,28,11,124,79,36,40,90,50" hai2="37,99,81,108,12,55,15,83,26,0,96,47,67" hai3="60,119,7,92,32,111,23,17,16,110,1,100,70"/><T19/><D116/><U10/><E79/><V64/><F0/><W78/><G119/><T48/><D125/><U120/><E28/><V109/><F26/><W35/><G78/><T14/><D103/><U128/><E120/><V41/><F37/><W112/><G112/><T82/><D29/><U113/><E124/><V131/><F41/><W98/><G70/><T30/><D30/><U94/><E113/><V45/><F55/><W56/><G7/><T84/><D54/><U65/><E128/><AGARI ba="0,0" hai="12,15,45,47,64,67,81,83,96,99,108,109,128,131" machi="128" ten="25,6400,0" yaku="22,2,52,2" doraHai="93" who="2" fromWho="1" sc="259,0,220,-64,271,64,250,0" /><INIT seed="5,0,0,4,4,115" ten="259,156,335,250" oya="1" hai0="61,88,133,36,39,80,73,60,30,75,43,57,70" hai1="130,71,3,59,32,56,106,123,113,67,34,126,44" hai2="100,21,109,4,120,23,50,10,13,92,112,124,64" hai3="135,0,41,31,65,46,48,117,111,78,108,35,26"/><U98/><E113/><V38/><F38/><W11/><G65/><T104/><D104/><U69/><E123/><V15/><F109/><W103/><G103/><T47/><D30/><U127/><E3/><V85/><F120/><W134/><G78/><T1/><D1/><U90/><E90/><N who="2" m="53327" /><F124/><N who="1" m="47657" /><E130/><V79/><F79/><W25/><G25/><T74/><D133/><N who="3" m="50697" /><G117/><T94/><D70/><N who="1" m="26635" /><E44/><V81/><F81/><W129/><G129/><T52/><D39/><U20/><E20/><V91/><F91/><W72/><G72/><T58/><D80/><U87/><E87/><V54/><F100/><W29/><G29/><T121/><D121/><U76/><E76/><V116/><F116/><W17/><G0/><T22/><D22/><U14/><E14/><AGARI ba="0,0" hai="11,14,17,26,31,35,41,46,48,108,111" m="50697" machi="14" ten="30,1000,0" yaku="20,1" doraHai="115" who="3" fromWho="1" sc="259,0,156,-10,335,0,250,10" /><INIT seed="6,0,0,3,4,50" ten="259,146,335,260" oya="2" hai0="13,115,81,46,109,126,88,116,34,39,49,14,106" hai1="16,56,92,93,118,15,69,21,54,82,45,99,122" hai2="7,63,70,9,101,132,119,120,55,130,61,79,62" hai3="37,121,75,134,64,35,125,133,40,107,72,73,26"/><V30/><F70/><W11/><G121/><T77/><D109/><U60/><E69/><V43/><F43/><W117/><G117/><T113/><D39/><U135/><E122/><V66/><F66/><W23/><G64/><T74/><D34/><U42/><E135/><N who="3" m="51722" /><G107/><T110/><D110/><U33/><E33/><V91/><F79/><W0/><G35/><T123/><D123/><U1/><E1/><V6/><F101/><W85/><G85/><T127/><D106/><U22/><E118/><V4/><F119/><W18/><G125/><N who="0" m="47627" /><D116/><U3/><E3/><V10/><F91/><W52/><G0/><T98/><D88/><N who="1" m="55687" /><E82/><V112/><F120/><W20/><G11/><T128/><D98/><U71/><E71/><V53/><F9/><W111/><G111/><T129/><D129/><U80/><E80/><V2/><F10/><W28/><G23/><T104/><D104/><U86/><E22/><V29/><F130/><W84/><G84/><T27/><D128/><U95/><E86/><V47/><F2/><W67/><G67/><T76/><D76/><U89/><E89/><V57/><F132/><W48/><G37/><T97/><D97/><U100/><E100/><V8/><F8/><W124/><G124/><T17/><D77/><U41/><E41/><V102/><F102/><W12/><G40/><N who="0" m="24775" /><D81/><U90/><E90/><V108/><F108/><W103/><G103/><T68/><D68/><U59/><E59/><N who="2" m="35071" /><F4/><W51/><G75/><T32/><D74/><U94/><E94/><V44/><F7/><W19/><G73/><T58/><D32/><U87/><E87/><RYUUKYOKU ba="0,0" sc="259,-10,146,30,335,-10,260,-10" hai1="15,16,21,42,45,54,56,60,93,95" /><INIT seed="7,1,0,3,2,17" ten="249,176,325,250" oya="3" hai0="38,78,15,73,4,61,94,58,109,7,16,30,57" hai1="34,5,51,55,105,113,8,127,33,102,130,79,59" hai2="10,25,35,85,45,42,64,128,132,80,72,19,53" hai3="118,28,120,29,115,89,69,103,119,60,46,74,13"/><W2/><G2/><T97/><D38/><U100/><E130/><V135/><F72/><W126/><G120/><T81/><D30/><U44/><E127/><V63/><F128/><W26/><G74/><T121/><D109/><U14/><E113/><V84/><F53/><W71/><G13/><T106/><D106/><U77/><E34/><V76/><F35/><W122/><G122/><T82/><D82/><U70/><E70/><V87/><F25/><W50/><G103/><T48/><D48/><U54/><E33/><V0/><F19/><W96/><G126/><T110/><D110/><U99/><REACH who="1" step="1"/><E100/><REACH who="1" ten="249,166,325,250" step="2"/><V98/><F135/><W37/><G115/><T95/><D121/><U114/><E114/><V104/><F132/><W101/><G101/><T86/><D73/><U123/><E123/><V39/><F76/><W111/><G71/><T90/><D78/><U56/><E56/><V43/><F80/><W88/><G69/><T3/><D81/><U41/><E41/><V12/><F43/><W107/><G111/><T91/><D58/><U22/><E22/><V108/><F42/><W49/><G89/><T117/><D91/><U32/><E32/><V92/><F108/><W66/><G88/><T40/><D90/><U47/><E47/><V112/><F112/><W125/><G46/><T18/><D40/><U62/><AGARI ba="1,1" hai="5,8,14,44,51,54,55,59,62,77,79,99,102,105" machi="62" ten="20,5200,0" yaku="1,1,0,1,7,1,53,1" doraHai="17" doraHaiUra="93" who="1" fromWho="1" sc="249,-14,166,65,325,-14,250,-27" owari="235,4.0,231,-17.0,311,41.0,223,-28.0" /></mjloggm>