<mjloggm ver="2.3"><GO type="169"/><UN n0="%6D%61%63%6A%72" n1="%EF%BC%88%E2%89%A7%E2%96%BD%E2%89%A6%EF%BC%89" n2="%E3%81%BF%E3%81%A3%E3%81%A4%E3%81%83%EF%BD%9E" n3="%E5%A5%88%E8%90%BD%E3%81%AE%E7%8E%8B" dan="17,17,17,17" rate="2131,2198,2105,2150" sx="M,M,F,M"/><TAIKYOKU oya="0"/><INIT seed="0,0,0,0,1,119" ten="250,250,250,250" oya="0" hai0="23,106,126,57,133,58,66,88,37,36,129,8,34" hai1="90,101,97,47,70,40,17,128,12,46,134,72,96" hai2="4,71,118,59,56,103,116,89,115,83,7,77,45" hai3="51,44,111,9,39,21,135,69,73,131,53,132,65"/><T98/><D34/><U122/><E72/><V112/><F71/><W99/><G73/><T86/><D126/><U35/><E35/><V61/><F103/><W32/><G32/><T93/><D133/><N who="3" m="51273" /><G9/><T78/><D129/><U49/><E70/><V113/><F89/><W76/><G76/><T28/><D8/><U18/><E128/><V120/><F45/><W84/><G84/><T74/><D37/><U121/><E134/><V110/><F83/><W22/><G131/><T109/><D36/><U27/><E27/><V55/><F77/><W82/><G82/><N who="0" m="45399" /><D66/><U42/><E90/><V114/><N who="2" m="28672" /><DORA hai="117" /><V14/><F7/><W92/><G39/><T16/><D28/><U63/><E63/><N who="2" m="36255" /><F14/><W6/><G6/><T68/><D68/><U50/><E101/><V20/><F4/><W33/><G33/><T38/><D109/><U130/><E130/><V29/><F29/><W2/><G111/><T13/><D38/><U81/><E81/><V75/><F20/><W26/><G2/><T80/><D80/><U19/><E19/><V25/><F110/><W108/><G108/><T95/><D95/><U64/><E64/><N who="2" m="38975" /><F75/><W0/><G0/><T67/><D67/><U60/><E60/><V1/><F1/><W54/><G26/><T52/><D52/><U94/><E94/><V5/><F25/><W31/><G31/><T102/><AGARI ba="0,0" hai="13,16,23,57,58,86,88,93,98,102,106" m="45399" machi="102" ten="30,6000,0" yaku="24,1,54,2" doraHai="119,117" who="0" fromWho="0" sc="250,60,250,-20,250,-20,250,-20" /><INIT seed="0,1,0,5,2,50" ten="310,230,230,230" oya="0" hai0="25,31,44,29,101,112,122,40,127,116,109,5,129" hai1="64,56,96,37,117,113,11,41,114,124,51,73,108" hai2="66,74,67,16,9,3,13,18,126,115,55,98,8" hai3="89,38,125,27,63,100,14,79,75,53,91,94,7"/><T26/><D112/><N who="1" m="43115" /><E73/><V69/><F74/><W133/><G38/><T84/><D116/><U132/><E96/><V85/><F115/><W81/><G133/><T121/><D127/><U21/><E11/><V93/><F126/><W87/><G125/><T28/><D129/><U43/><E21/><V1/><F85/><W76/><G100/><T39/><D109/><U54/><E124/><V135/><F135/><W45/><G27/><T130/><D130/><U120/><E132/><V88/><F69/><W19/><G7/><T62/><D5/><U4/><E4/><V71/><F71/><W49/><G63/><T78/><D101/><U123/><E117/><V99/><F99/><N who="3" m="57807" /><G75/><T86/><D86/><U35/><E35/><V20/><F3/><W103/><G103/><T36/><D36/><U97/><E97/><V60/><F1/><W33/><G33/><T105/><D105/><U90/><E90/><V118/><F118/><W15/><G15/><T46/><D26/><U6/><E6/><V52/><F9/><AGARI ba="1,0" hai="9,14,19,45,49,53,76,79,81,87,91" m="57807" machi="9" ten="30,3900,0" yaku="25,1,8,1,52,1" doraHai="50" who="3" fromWho="2" sc="310,0,230,0,230,-42,230,42" /><INIT seed="1,0,0,2,2,92" ten="310,230,188,272" oya="1" hai0="50,105,47,12,38,89,37,23,28,68,39,41,126" hai1="107,33,25,10,76,93,58,88,3,124,72,109,104" hai2="91,56,67,34,77,24,5,6,71,1,19,15,96" hai3="51,2,65,100,78,123,69,116,98,113,29,87,35"/><U101/><E33/><V73/><F71/><W81/><G2/><T128/><D68/><U80/><E25/><V18/><F73/><W60/><G123/><T122/><D126/><U62/><E124/><V11/><F77/><W94/><G113/><T117/><D117/><U74/><E74/><V129/><F129/><W13/><G13/><T20/><D128/><U121/><E121/><V111/><F111/><W26/><G116/><T99/><D122/><U53/><E101/><V22/><F6/><W7/><G7/><T66/><D66/><U43/><E43/><V106/><F19/><W102/><G51/><T45/><D28/><U63/><E109/><V55/><F67/><W0/><G0/><T85/><D45/><U135/><E135/><V48/><F91/><AGARI ba="0,0" hai="26,29,35,60,65,69,78,81,87,91,94,98,100,102" machi="91" ten="30,2000,0" yaku="7,1,52,1" doraHai="92" who="3" fromWho="2" sc="310,0,230,0,188,-20,272,20" /><INIT seed="2,0,0,1,0,92" ten="310,230,168,292" oya="2" hai0="114,75,77,85,103,5,131,52,81,93,58,46,110" hai1="105,74,34,22,73,2,53,44,48,76,122,55,70" hai2="11,87,107,111,37,124,60,67,132,72,39,16,68" hai3="4,94,80,108,30,115,33,102,118,59,20,95,121"/><V51/><F72/><W86/><G33/><T45/><D114/><U100/><E34/><V125/><F87/><W90/><G118/><T15/><D110/><U97/><E122/><V134/><F107/><W13/><G121/><T135/><D135/><N who="2" m="51754" /><F111/><W23/><G108/><T57/><D57/><U6/><E70/><V113/><F113/><W32/><G32/><T116/><D131/><U99/><E76/><V3/><F3/><W91/><G115/><T78/><D116/><U65/><E65/><V19/><F51/><W21/><G102/><T71/><D71/><U109/><E109/><V63/><F63/><W84/><G59/><T31/><D77/><U83/><E83/><V14/><F19/><W129/><G129/><T127/><D127/><AGARI ba="0,0" hai="11,14,16,37,39,60,67,68,124,125,127" m="51754" machi="127" ten="30,5800,0" yaku="18,1,20,1,54,1" doraHai="92" who="2" fromWho="0" sc="310,-58,230,0,168,58,292,0" /><INIT seed="2,1,0,0,4,122" ten="252,230,226,292" oya="2" hai0="55,70,107,41,67,113,32,99,19,14,69,12,46" hai1="1,66,21,2,43,98,0,16,93,81,86,121,50" hai2="101,18,17,89,92,76,110,84,90,130,112,15,100" hai3="61,33,26,88,60,74,91,65,59,131,135,56,9"/><V31/><F112/><W30/><G74/><T87/><D32/><U27/><E66/><V47/><F130/><W124/><G131/><T68/><D113/><U72/><E72/><V20/><F76/><W129/><G129/><T6/><D55/><U115/><E115/><V23/><F31/><W126/><G135/><T39/><D6/><U22/><E121/><V36/><F36/><W120/><G120/><T49/><D67/><U4/><E22/><V78/><F78/><W53/><REACH who="3" step="1"/><G9/><REACH who="3" ten="252,230,226,282" step="2"/><T80/><D39/><U10/><E43/><V44/><F84/><W123/><G123/><T7/><D41/><U34/><E34/><V35/><F35/><W116/><G116/><T133/><D87/><U5/><E10/><V103/><F92/><W48/><G48/><T117/><D49/><U104/><E50/><V114/><F114/><W71/><G71/><T37/><D69/><U109/><E104/><V119/><F119/><W64/><G64/><T11/><D133/><U82/><E86/><V105/><F105/><W75/><G75/><T58/><D70/><U62/><E62/><V85/><F85/><W111/><G111/><T125/><D68/><U73/><E73/><V132/><F110/><W29/><G29/><T77/><D107/><U63/><E63/><V13/><F132/><W127/><AGARI ba="1,1" hai="26,30,33,53,56,59,60,61,65,88,91,124,126,127" machi="127" ten="30,7900,0" yaku="1,1,0,1,18,1,54,1,53,0" doraHai="122" doraHaiUra="96" who="3" fromWho="3" sc="252,-21,230,-21,226,-40,282,92" /><INIT seed="3,0,0,2,4,0" ten="231,209,186,374" oya="3" hai0="126,110,105,2,69,106,86,43,27,95,33,122,51" hai1="52,28,40,35,20,37,19,99,120,78,60,70,127" hai2="32,26,39,94,31,3,112,12,108,115,135,61,129" hai3="48,92,123,109,101,54,1,134,85,84,5,45,23"/><W24/><G123/><T22/><D33/><U83/><E120/><V130/><F39/><W8/><G134/><T9/><D69/><U63/><E70/><V97/><F3/><W18/><REACH who="3" step="1"/><G109/><REACH who="3" ten="231,209,186,364" step="2"/><T132/><D110/><U68/><E127/><V90/><F108/><W46/><G46/><T49/><D132/><U53/><E68/><V7/><F135/><W125/><G125/><T67/><D122/><U104/><E63/><V102/><F61/><W11/><G11/><T117/><D9/><U65/><E60/><V88/><F115/><W14/><G14/><T59/><D126/><U16/><E65/><V41/><F112/><W66/><G66/><T42/><D67/><U93/><E53/><V98/><F41/><W100/><G100/><T96/><D43/><U57/><E40/><V58/><F58/><W34/><G34/><T80/><D59/><U36/><E35/><V10/><REACH who="2" step="1"/><F90/><REACH who="2" ten="231,209,176,364" step="2"/><W47/><G47/><T73/><D42/><U4/><E37/><V72/><F72/><W25/><G25/><T79/><D73/><U64/><E36/><V121/><F121/><W50/><G50/><T81/><D2/><U87/><E57/><V133/><F133/><W111/><G111/><T89/><D51/><U119/><E64/><V124/><F124/><W55/><G55/><T44/><D49/><U21/><E52/><V114/><F114/><W17/><G17/><T62/><D44/><U128/><E19/><V13/><F13/><W103/><G103/><N who="0" m="60831" /><D62/><U118/><E16/><V56/><F56/><W82/><G82/><T30/><D81/><U131/><E83/><RYUUKYOKU ba="0,2" sc="231,-15,209,-15,176,15,364,15" hai2="7,10,12,26,31,32,88,94,97,98,102,129,130" hai3="1,5,8,18,23,24,45,48,54,84,85,92,101" /><INIT seed="3,1,2,3,1,128" ten="216,194,191,379" oya="3" hai0="3,12,84,70,118,21,67,44,124,5,127,8,82" hai1="111,96,58,56,87,101,116,83,48,53,28,29,109" hai2="11,49,46,61,51,31,6,100,102,123,110,59,68" hai3="95,108,36,74,71,45,97,80,94,103,10,131,17"/><W26/><G71/><T99/><D118/><U79/><E116/><V57/><F68/><W34/><G131/><T117/><D117/><U130/><E58/><V9/><F31/><W77/><G34/><T33/><D33/><U121/><E121/><V22/><F22/><W91/><G108/><N who="1" m="41546" /><E130/><V20/><F110/><W15/><G26/><T78/><D67/><U81/><E83/><V41/><F20/><W75/><G75/><T43/><D70/><U76/><E76/><V25/><F25/><W134/><G36/><T88/><D21/><U85/><E85/><V16/><F6/><W62/><G45/><T66/><D3/><U120/><E120/><V32/><F32/><W38/><G38/><T13/><D13/><U105/><AGARI ba="1,2" hai="28,29,48,53,56,79,81,87,96,101,105" m="41546" machi="105" ten="30,1100,0" yaku="14,1" doraHai="128" who="1" fromWho="1" sc="216,-4,194,34,191,-4,379,-6" /><INIT seed="4,0,0,4,1,100" ten="212,228,187,373" oya="0" hai0="73,106,62,9,2,74,24,6,120,49,108,14,41" hai1="56,39,92,60,125,79,93,115,52,18,121,17,21" hai2="80,89,50,29,130,4,37,82,127,94,48,35,43" hai3="42,51,38,66,118,61,19,99,104,98,3,122,91"/><T64/><D120/><U47/><E121/><V46/><F130/><W7/><G38/><T85/><D108/><U105/><E105/><V36/><F127/><W8/><G118/><T134/><D134/><U10/><E125/><V25/><F4/><W32/><G32/><T87/><D106/><U124/><E124/><V75/><F50/><W30/><G30/><T40/><D24/><U88/><E79/><V97/><F82/><W95/><G19/><T54/><D73/><U23/><E115/><V135/><F135/><W0/><G0/><T111/><D74/><U86/><E93/><V81/><F81/><W63/><G122/><T119/><D119/><U133/><E133/><V76/><AGARI ba="0,0" hai="25,29,35,36,37,43,46,48,75,76,80,89,94,97" machi="76" ten="30,1100,0" yaku="0,1" doraHai="100" who="2" fromWho="2" sc="212,-5,228,-3,187,11,373,-3" /><INIT seed="5,0,0,3,5,49" ten="207,225,198,370" oya="1" hai0="109,22,60,24,42,105,58,81,76,44,94,79,106" hai1="46,117,123,88,111,55,68,107,83,99,59,38,3" hai2="6,62,41,135,108,1,93,4,61,133,66,115,34" hai3="8,90,40,82,15,101,28,98,35,33,29,92,50"/><U17/><E123/><V75/><F75/><W63/><G33/><T125/><D109/><U67/><E3/><V26/><F108/><W84/><G35/><T19/><D125/><U27/><E117/><V70/><F41/><W122/><G122/><T129/><D129/><U16/><E111/><V134/><F1/><W21/><G21/><T85/><D76/><U80/><E107/><V96/><F115/><W11/><G63/><T112/><D94/><N who="1" m="56775" /><E68/><V5/><F62/><W127/><G127/><T51/><REACH who="0" step="1"/><D112/><REACH who="0" ten="197,225,198,370" step="2"/><U13/><E80/><V116/><F116/><W102/><G82/><T64/><AGARI ba="0,1" hai="19,22,24,42,44,51,58,60,64,79,81,85,105,106" machi="64" ten="20,5200,0" yaku="1,1,2,1,0,1,7,1,53,0" doraHai="49" doraHaiUra="132" who="0" fromWho="0" sc="197,62,225,-26,198,-13,370,-13" /><INIT seed="6,0,0,0,2,3" ten="259,199,185,357" oya="2" hai0="83,82,110,125,22,17,105,1,132,31,38,90,75" hai1="134,54,121,11,87,99,116,10,56,80,59,84,70" hai2="129,123,118,9,42,119,4,0,130,122,58,8,24" hai3="73,30,49,7,127,115,107,6,85,77,126,81,131"/><V76/><F42/><W13/><G107/><T109/><D38/><U114/><E70/><V41/><F41/><W97/><G131/><N who="2" m="50185" /><F58/><W135/><G135/><T62/><D105/><U71/><E71/><V92/><F76/><W23/><G115/><T102/><D102/><U91/><E134/><V28/><F9/><N who="1" m="3081" /><E114/><V72/><F72/><W112/><G112/><T37/><D37/><U89/><E121/><N who="2" m="46091" /><F92/><W96/><G73/><T61/><D75/><U20/><E116/><V16/><F16/><N who="3" m="10639" /><G49/><T47/><D17/><U36/><E36/><V66/><F66/><W51/><G51/><T39/><D39/><U63/><E99/><N who="3" m="37962" /><G30/><T69/><D31/><U106/><E106/><V34/><AGARI ba="0,0" hai="0,4,8,24,28,34,118,119" m="46091,50185" machi="34" ten="30,12000,1" yaku="19,1,23,1,34,2,52,1" doraHai="3" who="2" fromWho="2" sc="259,-40,199,-40,185,120,357,-40" /><INIT seed="6,1,0,0,1,61" ten="219,159,305,317" oya="2" hai0="1,130,115,18,20,44,52,100,25,40,73,29,68" hai1="23,59,79,66,19,97,78,12,82,57,111,89,50" hai2="26,17,48,118,36,5,94,13,126,99,11,88,65" hai3="131,77,32,98,128,30,64,90,58,109,16,84,133"/><V95/><F36/><W53/><G109/><T0/><D73/><U7/><E111/><V14/><F118/><W135/><G77/><T129/><D115/><U62/><E7/><V45/><F126/><W123/><G98/><T112/><D112/><U2/><E2/><V87/><F26/><N who="3" m="18519" /><G123/><T117/><D117/><U120/><E120/><V24/><F24/><W85/><G16/><T22/><D100/><U4/><E4/><V80/><F65/><W8/><G8/><T108/><D68/><U56/><E50/><V76/><F95/><N who="3" m="54727" /><G85/><T34/><D108/><U102/><E89/><V69/><F69/><W55/><G64/><T92/><D34/><U28/><E28/><V72/><F72/><W43/><G43/><T38/><D92/><U113/><E113/><V46/><F48/><N who="3" m="31015" /><G55/><T27/><REACH who="0" step="1"/><D52/><REACH who="0" ten="209,159,305,317" step="2"/><U91/><E91/><V9/><AGARI ba="1,1" hai="5,9,11,13,14,17,45,46,76,80,87,88,94,99" machi="9" ten="20,7800,0" yaku="0,1,7,1,8,1,54,1" doraHai="61" who="2" fromWho="2" sc="209,-27,159,-27,305,91,317,-27" /><INIT seed="6,2,0,2,5,80" ten="182,132,396,290" oya="2" hai0="95,6,54,82,38,105,93,87,15,27,85,91,36" hai1="25,83,131,2,111,64,78,12,94,100,134,19,125" hai2="7,74,37,44,110,70,65,43,67,114,49,68,8" hai3="92,33,112,97,101,75,88,30,42,116,135,52,103"/><V21/><F74/><W0/><G0/><T130/><D105/><U61/><E111/><V99/><F114/><W81/><G116/><T102/><D130/><U31/><E131/><V58/><F110/><W120/><G120/><T96/><D27/><U84/><E2/><V46/><F21/><W45/><G112/><T118/><D118/><U60/><E125/><V32/><F32/><W121/><G121/><T14/><D54/><U24/><E134/><V115/><F8/><W10/><G10/><T57/><D57/><U132/><E132/><V28/><F99/><W89/><G33/><T72/><D72/><U9/><E64/><N who="2" m="24651" /><F7/><W109/><G109/><T86/><D6/><U5/><E5/><V34/><F34/><W107/><G30/><T17/><D14/><U106/><E106/><V59/><F28/><W69/><G69/><N who="2" m="26729" /><F115/><W48/><G135/><T133/><D133/><U29/><E29/><V16/><F16/><W20/><G20/><T53/><D53/><AGARI ba="2,0" hai="37,43,44,46,49,53,58,59" m="26729,24651" machi="53" ten="30,12000,1" yaku="35,5" doraHai="80" who="2" fromWho="0" sc="182,-126,132,0,396,126,290,0" /><INIT seed="6,3,0,4,3,36" ten="56,132,522,290" oya="2" hai0="64,109,131,108,129,13,91,107,5,101,61,53,33" hai1="7,105,80,127,41,130,82,128,59,12,88,118,1" hai2="49,90,2,37,132,72,20,112,104,83,115,58,99" hai3="114,126,123,29,17,92,9,10,11,60,55,86,40"/><V52/><F37/><W73/><G73/><T81/><D33/><U133/><E105/><V103/><F2/><W51/><G123/><T71/><D101/><U66/><E1/><V44/><F132/><W38/><G38/><T100/><D100/><U4/><E118/><V69/><F69/><W122/><G122/><T22/><D107/><U70/><E70/><V23/><F72/><W19/><G29/><T97/><D53/><U8/><E4/><V68/><F68/><W67/><G67/><T125/><D125/><U113/><E113/><N who="2" m="43595" /><F58/><N who="3" m="34911" /><G126/><T124/><D124/><U98/><E133/><V121/><F121/><W57/><G57/><T93/><D81/><U14/><E14/><V78/><F78/><W106/><G106/><T46/><D46/><U111/><E127/><V0/><F0/><W87/><G114/><T28/><D28/><U84/><E80/><V45/><F45/><N who="3" m="26023" /><G92/><T32/><D32/><U50/><E130/><N who="0" m="49673" /><D5/><U56/><E128/><V65/><F65/><W42/><G42/><T74/><D74/><U102/><E66/><V35/><F35/><W119/><G119/><T95/><D93/><N who="1" m="58703" /><E111/><V18/><F83/><W15/><G19/><AGARI ba="3,0" hai="13,19,22,61,64,71,91,95,97,108,109" m="49673" machi="19" ten="30,1000,0" yaku="19,1" doraHai="36" who="0" fromWho="3" sc="56,19,132,0,522,0,290,-19" /><INIT seed="7,0,0,2,0,111" ten="75,132,522,271" oya="3" hai0="101,96,38,89,26,39,104,30,27,113,32,88,102" hai1="11,14,54,81,12,97,45,36,67,105,99,71,107" hai2="33,128,8,37,43,79,22,135,65,103,10,60,28" hai3="77,56,17,50,25,48,78,23,92,2,53,112,29"/><W72/><G2/><T44/><D101/><U58/><E107/><V1/><F10/><W62/><G72/><T3/><D3/><U118/><E118/><V93/><F22/><W124/><G124/><T52/><D113/><U129/><E129/><V63/><F63/><W57/><G112/><T110/><D110/><U61/><E81/><V55/><F55/><W122/><G122/><T75/><D75/><U20/><E20/><V68/><F93/><W5/><G5/><T86/><D27/><U31/><E31/><V46/><F103/><W70/><G70/><T0/><D0/><U85/><E85/><V49/><F49/><W42/><G92/><T6/><D6/><N who="1" m="3191" /><E14/><V64/><F64/><W59/><G42/><T121/><D121/><U95/><E95/><V94/><F94/><W35/><G48/><T80/><REACH who="0" step="1"/><D89/><REACH who="0" ten="65,132,522,271" step="2"/><U109/><E109/><V98/><F98/><W123/><G123/><T21/><D21/><U18/><E99/><V117/><F79/><W90/><G90/><T7/><D7/><U9/><E97/><V76/><F76/><W106/><G106/><T51/><AGARI ba="0,1" hai="26,30,32,38,39,44,51,52,80,86,88,96,102,104" machi="51" ten="30,7900,0" yaku="1,1,0,1,54,2,53,0" doraHai="111" doraHaiUra="132" who="0" fromWho="0" sc="65,89,132,-20,522,-20,271,-39" owari="154,-25.0,112,-39.0,502,61.0,232,3.0" /></mjloggm>