<mjloggm ver="2.3"><GO type="137"/><UN n0="%6D%6F%6F%73%68%69%61" n1="%41%52%55%4B%45%49%52%49" n2="%EF%BC%88%E2%89%A7%E2%96%BD%E2%89%A6%EF%BC%89" n3="%74%61%6B%75%6D%69%6E%6E" dan="13,12,11,12" rate="1678,1863,1899,1882" sx="M,F,M,M"/><TAIKYOKU oya="0"/><INIT seed="0,0,0,0,0,119" ten="250,250,250,250" oya="0" hai0="110,26,108,122,11,81,69,82,111,106,35,103,1" hai1="16,116,3,28,133,129,102,55,51,54,96,68,84" hai2="62,41,43,17,27,36,71,131,78,114,21,52,60" hai3="58,56,107,61,85,49,73,92,127,50,76,77,47"/><T66/><D1/><U9/><E116/><V13/><F114/><W125/><G107/><T2/><D2/><U63/><E28/><V46/><F131/><W18/><G73/><T33/><D11/><U134/><E129/><V30/><F71/><W100/><G18/><T83/><D103/><U37/><E37/><V20/><F78/><N who="3" m="30315" /><G100/><T40/><D106/><U29/><E29/><V38/><REACH who="2" step="1"/><F52/><REACH who="2" step="2"/><W42/><G61/><T39/><D69/><U64/><E55/><V94/><F94/><W19/><G42/><T25/><D66/><U72/><E68/><V48/><F48/><N who="3" m="18539" /><G19/><T44/><REACH who="0" step="1"/><D122/><REACH who="0" step="2"/><U112/><E64/><V118/><F118/><W70/><G70/><T74/><D74/><U75/><E112/><V89/><F89/><W123/><G123/><T87/><D87/><U120/><E84/><V90/><F90/><W32/><G85/><T31/><D31/><U99/><E120/><V80/><F80/><W105/><G105/><T97/><D97/><U5/><E99/><V24/><F24/><AGARI ba="0,2" hai="24,25,26,33,35,39,40,44,81,82,83,108,110,111" machi="24" ten="50,9600,0" yaku="1,1,14,1,10,1,53,0" doraHai="119" doraHaiUra="88" who="0" fromWho="2" sc="240,116,250,0,240,-96,250,0" /><INIT seed="0,1,0,2,2,4" ten="356,250,144,250" oya="0" hai0="2,124,12,76,74,40,13,103,30,123,118,56,135" hai1="48,23,73,1,53,8,126,43,92,52,122,102,114" hai2="7,67,100,116,42,111,85,44,83,109,58,19,41" hai3="27,49,15,57,71,88,46,39,134,25,0,17,18"/><T70/><D123/><U99/><E122/><V62/><F116/><W75/><G71/><T60/><D70/><U63/><E73/><V55/><F100/><W131/><G75/><T61/><D118/><U115/><E126/><V108/><F7/><W107/><G107/><T24/><D2/><U127/><E127/><V106/><F106/><W129/><G134/><T20/><D124/><U31/><E43/><V89/><REACH who="2" step="1"/><F19/><REACH who="2" step="2"/><W28/><G0/><T95/><D135/><U112/><E1/><V35/><F35/><W69/><G69/><T16/><D74/><U51/><E115/><V65/><F65/><W82/><G39/><T9/><D76/><U86/><E114/><V14/><F14/><W10/><G27/><T38/><D38/><U81/><E102/><V11/><F11/><W45/><G57/><T37/><D37/><U64/><E64/><V110/><N who="2" m="28160" /><DORA hai="21" /><V80/><F80/><W117/><G117/><T101/><D56/><U113/><E81/><V79/><F79/><W66/><G66/><T3/><D3/><U104/><E104/><V128/><F128/><N who="3" m="49227" /><G18/><T47/><D13/><U77/><E113/><V133/><F133/><W119/><G119/><T72/><D101/><U91/><E77/><V26/><F26/><W50/><G46/><T98/><D72/><U105/><E105/><V120/><F120/><W90/><G82/><T87/><D47/><U96/><E112/><V130/><F130/><W22/><G45/><T132/><D132/><U59/><E8/><V54/><F54/><W6/><G6/><T5/><D5/><U78/><E78/><RYUUKYOKU ba="1,1" sc="356,-15,250,-15,134,15,250,15" hai2="41,42,44,55,58,62,67,83,85,89" hai3="10,15,17,22,25,28,49,50,88,90" /><INIT seed="1,2,1,5,5,125" ten="341,235,149,265" oya="1" hai0="28,74,118,63,99,65,85,121,52,77,3,50,109" hai1="105,51,38,18,43,79,106,1,69,16,25,93,119" hai2="0,13,12,81,72,94,6,23,55,59,73,46,22" hai3="57,114,120,39,108,64,116,111,27,56,133,8,110"/><U131/><E119/><V126/><F126/><W90/><G120/><T15/><D118/><U117/><E117/><V41/><F0/><W10/><G114/><T91/><D121/><U129/><E69/><V14/><F6/><W86/><G39/><T84/><D109/><U24/><E1/><V124/><F124/><W101/><G116/><T58/><D74/><U2/><E2/><V54/><F81/><W34/><G133/><T123/><D3/><U96/><E38/><V89/><F72/><W40/><G34/><T66/><D123/><U49/><E79/><V37/><F73/><W67/><G27/><N who="1" m="10314" /><E93/><V76/><F76/><W83/><G101/><T45/><D28/><U19/><E96/><V68/><F68/><W42/><G83/><T71/><D71/><U11/><E11/><N who="3" m="4138" /><G86/><T7/><D66/><N who="3" m="25129" /><G90/><T132/><D132/><U47/><E49/><N who="2" m="28983" /><F37/><W26/><G26/><T29/><D29/><U78/><E78/><V60/><F41/><AGARI ba="2,1" hai="40,41,42,56,57,108,110,111" m="25129,4138" machi="41" ten="40,5200,0" yaku="28,2,14,1" doraHai="125" who="3" fromWho="2" sc="341,0,235,0,149,-58,265,68" /><INIT seed="2,0,0,0,1,7" ten="341,235,91,333" oya="2" hai0="130,29,28,97,115,42,2,120,134,77,75,72,107" hai1="73,6,41,39,44,111,99,108,74,13,69,67,57" hai2="127,123,46,112,124,128,121,68,71,64,117,96,119" hai3="110,10,20,24,129,38,5,32,106,31,59,94,36"/><V88/><F96/><W21/><G106/><T98/><D42/><U90/><E69/><N who="2" m="26699" /><F88/><W132/><G132/><T131/><D120/><N who="2" m="46154" /><F112/><W11/><G110/><N who="1" m="42026" /><E99/><N who="0" m="37897" /><D115/><U89/><E6/><V81/><F81/><W12/><G129/><N who="0" m="49163" /><D107/><U37/><E13/><V105/><F105/><W109/><G109/><T14/><D2/><U95/><E39/><N who="3" m="14890" /><G32/><T91/><D14/><U80/><E80/><V19/><F19/><W65/><G65/><T35/><D134/><U18/><E18/><V62/><F46/><W126/><G126/><N who="2" m="48169" /><F128/><W53/><G94/><T101/><D101/><U8/><E90/><V92/><F92/><W15/><G5/><T30/><D91/><U85/><E74/><N who="0" m="28201" /><D77/><U17/><E73/><V102/><F102/><W103/><G103/><T16/><D16/><U118/><E95/><V1/><F1/><W78/><G78/><T3/><D3/><U22/><E89/><V27/><F27/><AGARI ba="0,0" hai="27,28,29,30,35" m="28201,49163,37897" machi="27" ten="40,1300,0" yaku="19,1" doraHai="7" who="0" fromWho="2" sc="341,13,235,0,91,-13,333,0" /><INIT seed="3,0,0,0,1,129" ten="354,235,78,333" oya="3" hai0="82,58,44,41,0,9,95,133,4,16,84,22,61" hai1="15,120,7,1,77,64,63,36,38,72,31,13,71" hai2="74,79,28,54,60,96,42,12,56,35,5,29,51" hai3="106,45,69,85,124,86,128,23,130,19,123,105,134"/><W17/><G123/><T115/><D115/><U93/><E120/><V89/><F35/><W98/><G69/><T97/><D133/><U47/><E31/><V49/><F74/><W131/><G124/><T48/><D82/><U78/><E93/><V37/><F79/><W11/><G134/><T118/><D118/><U30/><E30/><V135/><F37/><W24/><G98/><T59/><D84/><N who="3" m="32361" /><G45/><T116/><D116/><U43/><E38/><V26/><F135/><W122/><G122/><T100/><REACH who="0" step="1"/><D61/><REACH who="0" step="2"/><U10/><REACH who="1" step="1"/><E77/><REACH who="1" step="2"/><V66/><F60/><W99/><G99/><T52/><D52/><U121/><E121/><V88/><F54/><W76/><G76/><T14/><AGARI ba="0,2" hai="0,4,9,14,16,22,41,44,48,58,59,95,97,100" machi="14" ten="20,8000,1" yaku="1,1,0,1,7,1,54,1,53,1" doraHai="129" doraHaiUra="91" who="0" fromWho="0" sc="344,100,225,-20,78,-20,333,-40" /><INIT seed="4,0,0,1,4,24" ten="444,205,58,293" oya="0" hai0="51,7,39,125,80,11,49,54,38,96,109,20,70" hai1="105,132,122,65,14,129,34,42,19,133,15,23,27" hai2="1,123,104,31,33,115,92,58,74,100,99,108,56" hai3="66,101,53,130,12,59,43,47,69,44,78,0,22"/><T4/><D70/><U85/><E105/><V40/><F123/><W98/><G0/><T32/><D32/><U120/><E65/><V114/><F108/><W121/><G121/><N who="1" m="46698" /><E42/><V83/><F1/><W126/><G126/><T118/><D109/><U60/><E60/><V77/><F40/><W86/><G130/><T71/><D118/><U81/><E85/><V46/><F46/><W63/><G43/><T48/><D71/><U9/><E81/><V107/><F107/><W17/><G78/><T29/><D125/><U37/><E37/><V91/><F33/><W25/><G86/><T13/><D38/><U90/><E90/><V55/><F31/><W84/><G84/><T93/><D39/><U30/><E129/><V87/><REACH who="2" step="1"/><F58/><REACH who="2" step="2"/><W41/><G41/><T73/><D29/><U36/><E36/><V119/><F119/><W6/><G6/><AGARI ba="0,1" hai="6,9,14,15,19,23,27,30,34,132,133" m="46698" machi="6" ten="30,3900,0" yaku="34,2,52,1" doraHai="24" who="1" fromWho="3" sc="444,0,205,49,48,0,293,-39" /><INIT seed="5,0,0,1,3,5" ten="444,254,48,254" oya="1" hai0="73,40,72,113,6,117,45,38,122,23,96,67,48" hai1="10,127,135,56,3,0,15,22,132,84,47,44,55" hai2="27,12,105,112,58,11,75,49,42,37,14,28,65" hai3="8,63,21,51,123,64,29,43,53,106,92,126,115"/><U95/><E127/><V110/><F110/><W87/><G123/><T46/><D117/><U82/><E95/><V129/><F75/><W93/><G115/><T98/><D113/><U34/><E34/><V133/><F105/><W131/><G106/><T7/><D122/><U108/><E22/><V66/><F112/><W59/><G126/><T33/><D33/><U104/><E104/><V61/><F133/><W78/><G131/><T52/><D72/><U88/><E108/><V24/><F129/><W80/><G43/><T100/><D73/><U103/><E103/><V120/><F120/><W79/><G79/><T69/><D96/><U81/><E81/><V89/><F37/><W36/><G36/><T118/><D118/><U102/><E102/><V111/><F111/><W39/><G39/><T91/><D91/><U19/><E3/><V76/><F76/><W124/><G124/><T86/><D86/><U77/><E77/><V9/><F66/><W50/><G50/><T107/><D67/><U17/><E17/><N who="2" m="8335" /><F89/><W2/><G2/><T119/><D119/><U54/><E0/><V32/><F32/><W62/><G62/><T68/><D69/><U83/><E82/><V41/><F28/><W1/><G1/><T60/><D60/><N who="1" m="35863" /><E55/><V101/><F101/><W35/><G35/><T125/><D125/><U71/><E71/><V26/><F49/><W90/><G90/><T20/><D68/><U18/><E18/><AGARI ba="0,0" hai="11,14,18,24,26,27,41,42,58,61,65" m="8335" machi="18" ten="30,3900,0" yaku="8,1,52,2" doraHai="5" who="2" fromWho="1" sc="444,0,254,-39,48,39,254,0" /><INIT seed="6,0,0,2,5,96" ten="444,215,87,254" oya="2" hai0="61,120,94,116,50,77,121,5,103,46,55,111,34" hai1="49,25,95,68,32,42,20,129,56,38,8,44,37" hai2="64,101,115,54,58,132,130,134,9,39,93,60,104" hai3="48,18,75,52,53,33,105,3,15,16,51,106,11"/><V98/><F130/><W69/><G75/><T109/><D34/><U47/><E129/><V131/><F131/><W35/><G69/><T17/><D116/><U45/><E32/><V86/><F115/><W122/><G122/><T80/><D5/><U78/><E78/><V123/><F123/><W6/><G35/><T100/><D120/><U82/><E82/><V108/><F108/><W31/><G33/><T27/><D121/><U118/><E118/><V62/><F39/><W74/><G74/><T24/><D94/><U26/><E68/><V125/><F125/><W102/><G102/><N who="0" m="38955" /><D109/><U110/><E95/><V79/><F9/><W41/><G41/><T14/><D111/><U12/><E110/><V114/><F114/><W4/><G4/><T65/><D65/><U28/><E38/><V10/><F10/><W89/><G31/><T85/><D61/><U90/><E37/><V84/><F79/><W57/><G18/><T119/><D119/><U112/><E90/><V0/><F0/><W135/><G135/><N who="2" m="51753" /><F104/><W113/><G113/><T72/><D72/><U133/><E133/><V40/><F40/><W127/><G127/><T23/><AGARI ba="0,0" hai="14,17,23,24,27,46,50,55,77,80,85" m="38955" machi="23" ten="30,7900,0" yaku="8,1,52,3" doraHai="96" who="0" fromWho="0" sc="444,79,215,-20,87,-39,254,-20" /><INIT seed="7,0,0,4,1,127" ten="523,195,48,234" oya="3" hai0="15,43,69,90,47,128,30,38,25,71,29,60,132" hai1="77,18,4,100,95,134,2,78,19,106,74,91,23" hai2="44,105,45,0,89,126,61,76,68,94,27,54,87" hai3="92,81,84,37,34,56,98,28,72,59,119,11,52"/><W49/><G119/><T131/><D132/><U117/><E134/><V5/><F126/><W41/><G72/><T111/><D111/><U80/><E117/><V130/><F105/><W108/><G108/><T114/><D30/><U24/><E78/><V64/><F0/><W73/><G73/><T9/><D114/><U65/><E65/><V63/><F5/><W86/><G59/><T113/><D113/><U122/><E122/><V46/><F76/><W42/><G42/><T79/><D90/><U57/><E57/><V20/><F63/><W3/><G3/><T97/><D79/><U14/><E2/><V67/><F67/><W32/><G28/><T123/><D97/><U70/><E70/><V101/><F101/><W8/><G37/><T21/><D123/><U109/><E109/><V50/><F130/><N who="0" m="49706" /><D60/><U26/><E100/><V107/><F107/><W48/><G34/><T82/><D82/><U121/><E106/><V125/><F125/><W83/><G32/><T112/><D112/><U31/><E121/><V129/><F129/><W116/><G116/><T6/><AGARI ba="0,0" hai="6,9,15,21,25,29,38,43,47,69,71" m="49706" machi="6" ten="30,7900,0" yaku="19,1,52,3" doraHai="127" who="0" fromWho="0" sc="523,79,195,-20,48,-20,234,-39" owari="602,69,175,-22,28,-47,195,0" /></mjloggm>