<mjloggm ver="2.3"><GO type="169" lobby="0"/><UN n0="%E3%81%B4%E3%81%AE" n1="%E3%83%8A%E3%82%AC%E3%83%A4%E3%83%9E" n2="%E3%81%AD%E3%82%8A%E3%82%B4%E3%83%9E" n3="%EF%BC%88%E2%89%A7%E2%96%BD%E2%89%A6%EF%BC%89" dan="16,16,16,19" rate="2142.08,2082.98,2110.04,2271.47" sx="M,M,M,M"/><TAIKYOKU oya="0"/><INIT seed="0,0,0,3,4,60" ten="250,250,250,250" oya="0" hai0="89,122,3,107,76,15,118,58,63,38,41,86,112" hai1="42,93,25,67,81,37,128,125,111,51,49,0,97" hai2="9,69,13,1,62,46,120,83,59,29,87,2,45" hai3="123,94,55,8,12,95,14,101,104,68,131,106,134"/><T26/><D122/><U70/><E111/><V77/><F120/><W88/><G68/><T53/><D118/><U92/><E0/><V130/><F69/><W16/><G123/><T30/><D112/><U133/><E133/><V96/><F29/><W34/><G34/><T11/><D107/><U115/><E115/><V75/><F130/><W84/><G134/><T47/><D3/><U116/><E116/><V4/><F75/><W17/><G131/><T7/><D76/><U110/><E110/><V48/><F96/><W119/><G119/><T74/><D74/><U82/><E128/><V23/><F23/><W73/><G73/><T36/><D86/><U71/><E37/><V129/><F46/><W79/><G79/><T132/><D89/><U10/><E10/><V61/><F61/><W32/><G32/><T56/><D132/><U102/><E125/><V127/><F127/><W27/><G27/><T35/><REACH who="0" step="1"/><D58/><REACH who="0" ten="240,250,250,250" step="2"/><U19/><E71/><V52/><REACH who="2" step="1"/><F129/><REACH who="2" ten="240,250,240,250" step="2"/><W39/><G106/><T72/><D72/><U126/><E70/><V113/><F113/><W105/><G104/><T108/><D108/><U28/><E126/><V117/><F117/><W31/><G105/><T90/><D90/><U44/><E97/><V64/><AGARI ba="0,2" hai="1,2,4,9,13,45,48,52,59,62,64,77,83,87" machi="64" ten="20,12000,2" yaku="1,1,0,1,7,1,52,1,54,1,53,1" doraHai="60" doraHaiUra="6" who="2" fromWho="2" sc="240,-60,250,-30,240,140,250,-30" /><INIT seed="1,0,0,1,5,78" ten="180,220,380,220" oya="1" hai0="114,9,107,79,18,80,4,2,98,83,122,3,67" hai1="82,62,64,130,90,117,124,12,66,108,85,128,32" hai2="110,53,125,127,10,70,5,120,20,57,35,102,129" hai3="101,34,94,26,42,72,11,13,134,119,86,39,92"/><U59/><E117/><V17/><F120/><W126/><G72/><T58/><D114/><U105/><E105/><V16/><F35/><W37/><G119/><T45/><D122/><U38/><E32/><V69/><F110/><W103/><G134/><T100/><D2/><U6/><E38/><V109/><F109/><W116/><G116/><T88/><D79/><U89/><E108/><V52/><F102/><W47/><G37/><T25/><D45/><U112/><E112/><V49/><F53/><W121/><G121/><T91/><D67/><N who="1" m="39391" /><E124/><N who="2" m="47691" /><F129/><N who="1" m="49769" /><E90/><V93/><F93/><W131/><G126/><T115/><D115/><U74/><E74/><V87/><F87/><W75/><G75/><T55/><D91/><U24/><E24/><N who="2" m="14343" /><F17/><W15/><G131/><T7/><D7/><U99/><E99/><V133/><F133/><W63/><G86/><T96/><D96/><U43/><E43/><V71/><F71/><W1/><G42/><T76/><D76/><U30/><E30/><V104/><F104/><W113/><G34/><T106/><D88/><U14/><E14/><AGARI ba="0,0" hai="5,10,14,49,52,57,69,70" m="14343,47691" machi="14" ten="30,3900,0" yaku="18,1,54,2" doraHai="78" who="2" fromWho="1" sc="180,0,220,-39,380,39,220,0" /><INIT seed="2,0,0,4,3,114" ten="180,181,419,220" oya="2" hai0="101,7,67,51,19,92,130,63,118,106,94,126,6" hai1="135,9,0,37,79,119,88,21,8,61,4,23,103" hai2="95,57,85,100,15,96,84,36,62,58,60,52,75" hai3="116,41,46,2,90,47,73,55,53,59,76,54,121"/><V78/><F36/><W82/><G121/><T69/><D130/><U35/><E35/><V77/><F75/><W80/><G2/><T13/><D126/><U28/><E135/><V48/><F48/><W18/><G47/><T27/><D27/><U22/><E103/><V10/><F78/><W91/><G59/><T99/><D51/><U70/><E79/><V108/><F77/><W133/><G133/><T87/><D118/><U109/><E37/><V107/><F107/><W17/><G116/><T66/><D66/><U45/><E45/><V112/><F112/><W125/><G125/><T83/><D94/><U105/><E105/><V16/><F108/><W127/><G127/><T34/><D34/><U120/><E109/><V30/><F30/><W3/><G3/><T104/><D104/><U29/><E120/><V74/><F74/><W24/><G24/><T117/><D117/><U64/><E119/><V122/><F122/><W39/><G80/><T68/><D68/><U42/><E42/><V40/><F40/><W1/><G1/><T49/><D49/><U129/><E129/><V25/><F25/><W113/><G113/><T72/><D72/><U98/><REACH who="1" step="1"/><E9/><REACH who="1" ten="180,171,419,220" step="2"/><V26/><F26/><W124/><G124/><T111/><D106/><U128/><E128/><V38/><F38/><W110/><G110/><T97/><D111/><U102/><E102/><V71/><F71/><W20/><G20/><T50/><D101/><U93/><AGARI ba="0,1" hai="0,4,8,21,22,23,28,29,61,64,70,88,93,98" machi="93" ten="30,4000,0" yaku="1,1,0,1,54,1,53,0" doraHai="114" doraHaiUra="123" who="1" fromWho="1" sc="180,-10,171,50,419,-20,220,-10" /><INIT seed="3,0,0,3,2,13" ten="170,221,399,210" oya="3" hai0="48,118,33,71,61,25,46,3,103,57,110,115,123" hai1="134,36,4,130,78,65,126,106,0,120,29,68,11" hai2="37,16,73,128,79,133,108,59,41,26,52,66,10" hai3="19,104,112,47,2,86,80,30,15,77,28,76,21"/><W90/><G112/><T53/><D3/><U93/><E120/><V117/><F117/><W55/><G104/><T39/><D118/><U50/><E106/><V131/><F66/><W32/><G2/><T101/><D123/><U5/><E36/><V44/><F108/><W49/><REACH who="3" step="1"/><G32/><REACH who="3" ten="170,221,399,200" step="2"/><T109/><D115/><U121/><E121/><V98/><F128/><W84/><G84/><T20/><D33/><U116/><E130/><V105/><F105/><W91/><G91/><T23/><D110/><U87/><E116/><V94/><F131/><W35/><G35/><T114/><D109/><U34/><E34/><V7/><F73/><W67/><G67/><T74/><D114/><U17/><E65/><V125/><F125/><W70/><G70/><T82/><D74/><U51/><E87/><V89/><F89/><W22/><G22/><T58/><D71/><U6/><E126/><V119/><F119/><W63/><G63/><T122/><D61/><U8/><E0/><V12/><F133/><W9/><G9/><T99/><D122/><U42/><E134/><V88/><F10/><W62/><G62/><T14/><D20/><U31/><E68/><V127/><F127/><W124/><G124/><T43/><D23/><U72/><E72/><V85/><F85/><W135/><G135/><T83/><D99/><U129/><E129/><V111/><F111/><W69/><G69/><T54/><D103/><U95/><E11/><V96/><F88/><W113/><G113/><T18/><D101/><U24/><E8/><V92/><F96/><W1/><G1/><T97/><D97/><RYUUKYOKU ba="0,1" sc="170,-10,221,-10,399,-10,200,30" hai3="15,19,21,28,30,47,49,55,76,77,80,86,90" /><INIT seed="3,1,1,0,1,114" ten="160,211,389,230" oya="3" hai0="30,18,77,76,124,92,49,12,119,116,17,16,2" hai1="95,23,71,97,125,48,70,1,4,24,81,74,104" hai2="41,15,19,34,123,122,103,5,40,68,101,117,130" hai3="59,63,11,25,42,65,52,85,47,22,84,62,72"/><W7/><G72/><T50/><D2/><U89/><E125/><V10/><F68/><W21/><G42/><N who="2" m="16489" /><F34/><W91/><G47/><T35/><D124/><U33/><E33/><V57/><F130/><W29/><G22/><T108/><D12/><U105/><E48/><N who="0" m="18537" /><D92/><U66/><E4/><V83/><F57/><W102/><G102/><N who="2" m="38921" /><F83/><W106/><G106/><T121/><D35/><U9/><E1/><V14/><F14/><W128/><G128/><T82/><D82/><U88/><E9/><V45/><F45/><W39/><G39/><T129/><D30/><U60/><E71/><V51/><F51/><W134/><G91/><T69/><D69/><U58/><E70/><V13/><F13/><N who="3" m="5375" /><G134/><T3/><D3/><U93/><E81/><V86/><F86/><N who="3" m="33387" /><G63/><T126/><D126/><U78/><E74/><V127/><F5/><W87/><N who="3" m="33395" /><W27/><DORA hai="96" /><G27/><T109/><D129/><U56/><E105/><V118/><F127/><W44/><G44/><T98/><D121/><AGARI ba="1,1" hai="10,15,19,117,118,121,122,123" m="38921,16489" machi="121" ten="30,12000,2" yaku="13,1,52,5" doraHai="114,96" who="2" fromWho="0" sc="160,-123,211,0,389,133,230,0" /><INIT seed="4,0,0,4,3,43" ten="37,211,522,230" oya="0" hai0="53,83,99,19,103,90,118,2,77,27,115,113,85" hai1="0,41,116,1,109,9,91,95,112,78,62,56,47" hai2="4,48,63,18,88,5,105,92,54,50,16,100,94" hai3="124,26,66,35,8,127,120,61,51,114,58,13,130"/><T84/><D2/><U67/><E109/><V17/><F105/><W42/><G120/><T20/><D118/><U22/><E116/><V71/><F71/><W129/><G114/><T79/><D53/><U33/><E33/><V49/><F100/><W28/><G42/><T110/><D110/><U74/><E112/><V119/><F119/><W107/><G51/><N who="2" m="19529" /><F63/><W101/><G101/><T73/><D85/><U104/><E104/><V126/><F126/><N who="3" m="48171" /><G107/><T65/><D65/><U123/><E22/><V76/><F76/><W29/><G29/><T69/><D69/><U40/><E123/><V25/><F25/><W75/><G75/><T23/><D23/><U122/><E122/><V24/><F24/><W21/><G35/><T11/><D11/><U10/><E10/><V97/><F94/><W52/><G66/><T31/><D31/><U36/><E41/><V45/><AGARI ba="0,0" hai="4,5,16,17,18,45,50,54,88,92,97" m="19529" machi="45" ten="30,7900,0" yaku="8,1,52,1,54,2" doraHai="43" who="2" fromWho="2" sc="37,-39,211,-20,522,79,230,-20" owari="-2,-50.0,191,-21.0,601,70.0,210,1.0" /></mjloggm>