<mjloggm ver="2.3"><GO type="41"/><UN n0="%E3%83%90%E3%83%BC%E3%83%81%E3%83%A3%E7%A7%8B%E5%B1%B1" n1="%E5%A4%A9%E5%8A%9B" n2="%E3%82%A6%E3%83%AB%E3%83%88%E3%83%A9%E7%AB%8B%E7%9B%B4" n3="%E6%AF%92%E9%A4%85" dan="14,15,15,15" rate="1955,1979,1970,2045" sx="M,M,M,F"/><TAIKYOKU oya="0"/><INIT seed="0,0,0,2,3,95" ten="250,250,250,250" oya="0" hai0="125,39,2,10,71,78,23,11,101,57,111,49,113" hai1="56,65,37,88,5,59,48,43,74,35,53,55,31" hai2="104,51,129,107,46,24,50,61,92,105,41,130,77" hai3="20,21,133,29,73,93,27,72,81,100,103,19,132"/><T69/><D113/><U22/><E74/><N who="3" m="28778" /><G81/><T70/><D39/><U15/><E35/><V42/><F77/><W119/><G93/><T134/><D134/><N who="3" m="51817" /><G119/><T124/><D111/><U80/><E65/><V121/><F121/><W13/><AGARI ba="0,0" hai="13,19,20,21,27,29,100,103" m="51817,28778" machi="13" ten="30,1100,0" yaku="20,1" doraHai="95" who="3" fromWho="3" sc="250,-5,250,-3,250,-3,250,11" /><INIT seed="1,0,0,0,5,94" ten="245,247,247,261" oya="1" hai0="122,74,20,133,87,70,71,96,56,100,75,65,6" hai1="10,110,9,29,95,117,33,32,26,81,50,127,129" hai2="89,12,7,98,104,47,0,31,113,103,82,48,18" hai3="42,53,125,102,78,69,86,28,16,118,107,80,135"/><U115/><E117/><V88/><F31/><W62/><G118/><T73/><D122/><U85/><E115/><V41/><F113/><W60/><G42/><T27/><D133/><U17/><E127/><V109/><F109/><W67/><G125/><T68/><D6/><U57/><E110/><V25/><F25/><W36/><G36/><T91/><D56/><U79/><E129/><V114/><F114/><W92/><G107/><T111/><D111/><U99/><E33/><V54/><F0/><W55/><G28/><T134/><D65/><U58/><E50/><V39/><F7/><W49/><G60/><T44/><D44/><U38/><E38/><V13/><F13/><W124/><G124/><T128/><D128/><U61/><E17/><V30/><F30/><W37/><G37/><T84/><D91/><U3/><E3/><V130/><F130/><W14/><G135/><T116/><D116/><U5/><E5/><V93/><F104/><W106/><G106/><T108/><D108/><U112/><E58/><V15/><F15/><W59/><G55/><T45/><D45/><U132/><E132/><V76/><F41/><W72/><G92/><T19/><REACH who="0" step="1"/><D134/><REACH who="0" ten="235,247,247,261" step="2"/><U126/><E126/><V46/><F46/><W22/><REACH who="3" step="1"/><G102/><REACH who="3" ten="235,247,247,251" step="2"/><T35/><D35/><U43/><E112/><V63/><F39/><W11/><G11/><T2/><D2/><U4/><E4/><V97/><F103/><W90/><G90/><T23/><D23/><U123/><E123/><V83/><F63/><W64/><G64/><T34/><D34/><U120/><E120/><V51/><F89/><RYUUKYOKU ba="0,2" sc="235,15,247,-15,247,-15,251,15" hai0="19,20,27,68,70,71,73,74,75,84,87,96,100" hai3="14,16,22,49,53,59,62,67,69,72,78,80,86" /><INIT seed="2,1,2,5,2,89" ten="250,232,232,266" oya="2" hai0="57,129,5,29,123,53,23,135,68,98,31,61,114" hai1="133,46,74,102,10,42,65,12,132,90,79,118,0" hai2="91,47,13,128,106,17,39,88,124,49,26,83,67" hai3="11,110,87,93,111,60,95,112,103,122,6,40,113"/><V28/><F39/><W73/><G73/><T104/><D123/><U115/><E118/><V109/><F106/><W130/><G122/><T58/><D114/><N who="3" m="44137" /><G103/><T72/><D72/><U100/><E115/><V92/><F124/><W62/><G87/><T20/><D68/><U99/><E65/><V105/><F105/><W131/><G40/><T24/><D135/><N who="1" m="51787" /><E0/><V117/><F117/><W52/><G6/><T43/><D43/><U7/><E90/><V30/><F128/><N who="3" m="49195" /><G11/><T51/><D129/><U38/><E99/><V56/><F109/><N who="3" m="41483" /><G62/><T97/><D5/><U125/><E125/><V94/><F83/><AGARI ba="1,2" hai="7,10,12,38,42,46,74,79,83,100,102" m="51787" machi="83" ten="30,1000,0" yaku="20,1" doraHai="89" who="1" fromWho="2" sc="250,0,232,33,232,-13,266,0" /><INIT seed="3,0,0,0,5,55" ten="250,265,219,266" oya="3" hai0="12,19,96,16,62,44,37,27,103,11,34,29,67" hai1="99,50,60,112,117,84,76,93,20,79,53,43,39" hai2="21,90,129,106,24,127,104,133,128,32,123,135,134" hai3="91,15,6,132,113,52,45,120,77,116,74,30,110"/><W101/><G116/><T81/><D81/><U61/><E117/><V23/><F123/><W108/><G113/><T26/><D26/><U40/><E112/><V31/><F104/><W2/><G2/><T49/><D37/><U83/><E79/><V100/><F100/><W58/><G120/><T28/><D28/><U7/><E7/><V17/><F106/><W38/><G132/><T63/><D19/><U36/><E36/><V48/><F90/><W0/><G0/><T131/><D131/><N who="2" m="50250" /><F48/><N who="3" m="30983" /><G30/><T3/><D3/><U33/><E33/><V125/><F17/><W109/><G74/><T35/><D35/><U121/><E121/><V59/><F59/><W114/><G77/><T115/><D115/><U78/><E78/><V102/><F102/><W86/><G101/><T94/><D67/><U57/><E20/><AGARI ba="0,0" hai="20,21,23,24,31,32,125,127,133,134,135" m="50250" machi="20" ten="40,12000,2" yaku="30,2,20,1,19,1,34,2" doraHai="55" who="2" fromWho="1" sc="250,0,265,-120,219,120,266,0" /><INIT seed="4,0,0,4,2,39" ten="250,145,339,266" oya="0" hai0="31,127,29,89,50,72,135,46,36,0,84,78,55" hai1="98,119,27,45,107,51,43,54,90,16,131,79,49" hai2="10,92,11,86,30,81,44,100,2,53,12,91,52" hai3="73,6,58,33,96,71,68,113,24,28,88,34,76"/><T60/><D0/><U17/><E119/><V13/><F2/><W112/><G34/><T97/><D135/><U130/><E107/><V4/><F30/><W134/><G134/><T3/><D3/><U103/><E79/><V1/><F1/><W85/><G6/><T125/><D36/><U21/><E103/><V38/><F38/><W8/><G8/><T123/><D123/><U124/><E124/><N who="0" m="47689" /><D60/><U128/><E98/><N who="2" m="59463" /><F44/><W110/><G110/><T64/><D64/><U61/><E61/><V41/><F41/><W99/><G58/><T120/><D120/><U129/><N who="1" m="33280" /><DORA hai="63" /><U20/><E90/><V56/><F56/><W87/><G73/><T37/><D37/><U116/><E116/><V80/><F80/><N who="3" m="49255" /><G85/><T67/><D67/><U74/><E74/><V101/><F101/><W26/><G76/><T93/><D72/><U62/><E62/><V117/><F117/><W77/><G77/><T35/><D35/><U122/><E122/><V104/><F104/><W95/><G24/><T40/><D55/><U18/><REACH who="1" step="1"/><E27/><REACH who="1" ten="250,135,339,266" step="2"/><V70/><F70/><W19/><G71/><T105/><D105/><U42/><E42/><V22/><F53/><W66/><G68/><T15/><D78/><U94/><E94/><V25/><F52/><W106/><G95/><T108/><D93/><U65/><E65/><V82/><F25/><W59/><G66/><T133/><D133/><U83/><E83/><V32/><F82/><W14/><G106/><T118/><D118/><U121/><E121/><V23/><F32/><W111/><G111/><T48/><D108/><U75/><E75/><RYUUKYOKU ba="0,1" sc="250,-15,135,15,339,15,266,-15" hai1="16,17,18,20,21,43,45,49,51,54" hai2="4,10,11,12,13,22,23,81,86,91" /><INIT seed="5,1,1,2,1,79" ten="235,150,354,251" oya="1" hai0="78,1,19,120,72,32,29,67,44,8,129,134,2" hai1="4,16,123,18,25,43,88,50,99,112,26,57,3" hai2="56,75,118,30,14,49,132,60,121,34,127,128,31" hai3="47,22,84,11,101,85,124,40,108,117,87,42,82"/><U91/><E123/><V80/><F121/><W96/><G108/><T52/><D120/><U35/><E35/><V133/><F118/><W46/><G124/><T100/><D100/><U66/><E112/><V69/><F34/><W39/><G117/><T95/><D67/><U89/><E3/><V13/><F69/><W6/><G22/><T45/><D1/><U61/><E4/><V104/><F49/><W86/><G42/><T92/><D2/><U20/><E99/><V51/><F51/><W15/><G47/><T37/><D37/><U111/><E111/><V12/><F104/><W102/><REACH who="3" step="1"/><G96/><REACH who="3" ten="235,150,354,241" step="2"/><T122/><D122/><U135/><E135/><V105/><F127/><W63/><G63/><T59/><D134/><U55/><E43/><V70/><F60/><W93/><G93/><T68/><D32/><U73/><E73/><V38/><F75/><W109/><G109/><T9/><D72/><U71/><REACH who="1" step="1"/><E18/><REACH who="1" ten="235,140,354,241" step="2"/><V54/><F132/><W7/><G7/><T17/><D19/><U36/><E36/><V106/><F38/><W65/><G65/><T48/><D17/><U94/><E94/><V97/><F133/><W90/><AGARI ba="1,3" hai="6,11,15,39,40,46,82,84,85,86,87,90,101,102" machi="90" ten="30,4000,0" yaku="1,1,0,1,52,1,53,0" doraHai="79" doraHaiUra="58" who="3" fromWho="3" sc="235,-11,140,-21,354,-11,241,73" /><INIT seed="6,0,0,0,0,72" ten="224,119,343,314" oya="2" hai0="133,63,89,87,24,38,125,39,124,113,8,9,7" hai1="67,78,96,54,88,61,65,53,6,36,48,132,49" hai2="51,23,77,116,128,106,64,5,55,16,15,110,130" hai3="80,3,52,90,40,26,97,20,119,131,30,11,10"/><V18/><F106/><W98/><G119/><T34/><D133/><U79/><E6/><V107/><F107/><W22/><G40/><T104/><D104/><U121/><E36/><V95/><F116/><W126/><G126/><T57/><D113/><U120/><E132/><V111/><F64/><N who="1" m="24649" /><E61/><V70/><F70/><W69/><G69/><T118/><D118/><U109/><E109/><N who="2" m="41483" /><F95/><W112/><G131/><N who="2" m="50217" /><F5/><W74/><G112/><T122/><D7/><U47/><E121/><V127/><F127/><W14/><G20/><T129/><D122/><U27/><E27/><V50/><F55/><W81/><G3/><T115/><D129/><U41/><E120/><V117/><F117/><W93/><G74/><T33/><D115/><U102/><E102/><V68/><F68/><W84/><G52/><N who="1" m="20074" /><E49/><V46/><F46/><W28/><G28/><T100/><D125/><U114/><E114/><V83/><F18/><N who="3" m="8543" /><G10/><T91/><D8/><U94/><AGARI ba="0,0" hai="41,47,48,78,79,88,94,96" m="20074,24649" machi="94" ten="30,8000,1" yaku="8,1,52,2,54,2" doraHai="72" who="1" fromWho="1" sc="224,-20,119,80,343,-40,314,-20" /><INIT seed="7,0,0,3,5,133" ten="204,199,303,294" oya="3" hai0="80,7,127,25,114,95,46,33,32,120,13,88,51" hai1="17,35,92,16,125,58,110,29,113,87,93,126,103" hai2="82,105,15,65,118,57,124,41,30,48,90,10,79" hai3="71,102,115,78,36,69,54,38,26,128,8,0,109"/><W47/><G115/><T76/><D120/><U91/><E113/><V122/><F105/><W39/><G128/><T131/><D114/><U63/><E110/><V50/><F118/><W27/><G78/><T129/><D25/><N who="3" m="9225" /><G109/><T42/><D127/><N who="1" m="48651" /><E29/><V52/><F30/><W67/><G67/><T60/><D60/><U66/><E35/><V4/><F65/><W101/><G54/><T23/><D23/><U104/><E104/><V64/><F64/><W99/><G99/><AGARI ba="0,0" hai="16,17,58,63,66,87,91,92,93,99,103" m="48651" machi="99" ten="30,8000,1" yaku="18,1,52,3,54,1" doraHai="133" who="1" fromWho="3" sc="204,0,199,80,303,0,294,-80" owari="204,-30.0,279,8.0,303,41.0,214,-19.0" /></mjloggm>