<mjloggm ver="2.3"><GO type="41"/><UN n0="%6D%6F%74%6F%79%61" n1="%E3%82%A6%E3%83%AB%E3%83%88%E3%83%A9%E7%AB%8B%E7%9B%B4" n2="%E6%B5%81%E7%9F%B3%EF%BC%81%EF%BC%81" n3="%E7%A5%9E%E5%9F%9F%E3%81%AE%E6%89%8B%E6%B7%AB%E4%BC%9D%E8%AA%AC" dan="14,15,14,14" rate="1884,1986,1893,1992" sx="M,M,M,M"/><TAIKYOKU oya="0"/><INIT seed="0,0,0,2,1,41" ten="250,250,250,250" oya="0" hai0="12,50,15,43,34,83,56,132,26,64,75,37,133" hai1="10,59,128,107,112,44,60,16,80,2,127,71,90" hai2="18,101,1,109,65,131,81,7,115,113,95,42,79" hai3="73,39,30,20,129,68,61,33,4,14,100,124,97"/><T62/><D37/><U88/><E107/><V82/><F1/><W48/><G39/><T55/><D43/><U104/><E104/><V120/><F7/><W108/><G73/><T23/><D75/><U130/><E71/><V29/><F29/><W96/><G108/><T76/><D34/><U119/><E119/><V85/><F65/><W121/><G121/><T27/><D83/><U35/><E35/><V31/><F31/><W46/><G33/><T91/><D91/><U17/><E2/><V24/><F120/><W89/><G124/><T58/><D76/><U22/><E127/><V74/><F131/><N who="1" m="50217" /><E112/><V47/><F109/><W28/><G129/><T78/><D78/><U93/><E44/><V67/><F67/><W5/><G68/><T49/><D49/><U45/><E45/><V118/><F118/><W63/><G100/><T103/><D103/><U32/><E32/><V135/><F47/><W105/><G105/><T86/><D86/><N who="1" m="50247" /><E22/><N who="2" m="13399" /><F42/><N who="3" m="24663" /><G97/><T6/><D23/><U92/><E10/><V0/><F0/><W36/><G30/><T8/><REACH who="0" step="1"/><D15/><REACH who="0" ten="240,250,250,250" step="2"/><U125/><E125/><V87/><F74/><W116/><G36/><T114/><D114/><U54/><E92/><V123/><F123/><W77/><G77/><T52/><D52/><U84/><AGARI ba="0,1" hai="16,17,54,59,60,84,90,93" m="50247,50217" machi="84" ten="30,4000,0" yaku="19,1,54,2" doraHai="41" who="1" fromWho="1" sc="240,-20,250,50,250,-10,250,-10" /><INIT seed="1,0,0,5,2,74" ten="220,300,240,240" oya="1" hai0="76,135,57,111,37,88,114,87,32,90,11,54,6" hai1="28,35,52,39,107,60,13,65,22,101,83,10,127" hai2="38,106,113,17,122,70,2,118,62,129,96,67,5" hai3="3,64,75,133,33,19,53,41,125,119,116,26,124"/><U98/><E39/><V15/><F5/><W79/><G3/><T77/><D114/><U128/><E127/><N who="3" m="48714" /><G41/><T121/><D37/><U61/><E128/><V63/><F2/><W36/><G36/><T40/><D40/><U95/><E35/><V73/><F122/><W12/><G133/><T99/><D32/><U46/><E107/><V132/><F118/><N who="3" m="45099" /><G64/><T92/><D135/><U89/><E65/><V97/><F132/><W102/><G102/><N who="0" m="60775" /><D111/><U105/><E60/><V131/><F38/><W86/><G75/><T51/><D121/><U100/><E105/><V25/><F113/><W48/><G33/><T94/><D90/><U18/><E83/><V16/><F63/><W84/><G26/><T9/><D6/><U31/><E61/><V93/><F73/><W91/><G91/><T115/><D115/><U68/><E68/><V130/><F106/><W56/><G79/><AGARI ba="0,0" hai="9,11,51,54,57,76,77,79,87,88,94" m="60775" machi="79" ten="30,8000,1" yaku="8,1,52,3,54,1" doraHai="74" who="0" fromWho="3" sc="220,80,300,0,240,0,240,-80" /><INIT seed="2,0,0,3,2,126" ten="300,300,240,160" oya="2" hai0="47,33,1,65,34,122,110,46,79,2,72,19,6" hai1="85,108,127,121,10,26,124,70,48,114,81,14,7" hai2="45,97,23,64,43,39,80,94,51,67,3,93,55" hai3="117,128,118,62,60,21,58,16,74,66,49,87,56"/><V54/><F3/><W50/><G74/><T38/><D122/><U99/><E70/><V135/><F135/><W92/><G117/><T98/><D110/><U101/><E114/><V107/><F107/><W95/><G118/><T73/><D65/><U90/><E108/><V69/><F80/><W86/><G128/><T12/><D98/><U116/><E116/><V91/><F55/><W103/><G103/><T28/><D79/><U100/><E121/><V105/><F105/><W24/><G92/><T132/><D132/><U0/><E26/><V59/><F69/><W115/><G115/><T57/><D57/><U25/><E25/><V71/><F71/><W20/><G20/><T88/><D6/><U27/><E27/><V76/><F76/><W111/><G111/><T129/><D19/><U53/><E0/><V84/><F23/><W130/><G130/><T41/><D129/><U89/><E89/><AGARI ba="0,0" hai="39,43,45,51,54,59,64,67,84,89,91,93,94,97" machi="89" ten="30,1500,0" yaku="7,1" doraHai="126" who="2" fromWho="1" sc="300,0,300,-15,240,15,160,0" /><INIT seed="2,1,0,1,5,2" ten="300,285,255,160" oya="2" hai0="4,75,93,99,40,55,133,115,98,85,27,135,126" hai1="73,8,130,18,3,131,60,31,89,81,58,87,69" hai2="96,119,120,63,62,41,17,127,37,70,24,80,26" hai3="83,114,74,90,64,110,53,92,51,46,108,23,43"/><V72/><F120/><W20/><G64/><T132/><D115/><U5/><E69/><V71/><F119/><W52/><G114/><T44/><D75/><U38/><E38/><V125/><F96/><N who="3" m="57367" /><G74/><T50/><D126/><N who="2" m="48138" /><F72/><W34/><G83/><T35/><D4/><U1/><E73/><V121/><F80/><W91/><G91/><N who="0" m="53487" /><D40/><U84/><E31/><AGARI ba="1,0" hai="27,31,35,44,50,55,98,99,132,133,135" m="53487" machi="31" ten="30,1000,0" yaku="20,1" doraHai="2" who="0" fromWho="1" sc="300,13,285,-13,255,0,160,0" /><INIT seed="3,0,0,2,3,36" ten="313,272,255,160" oya="3" hai0="35,102,119,33,130,95,131,96,92,98,57,87,107" hai1="85,100,97,16,22,82,108,56,118,0,117,13,2" hai2="37,40,105,89,7,54,103,26,11,83,3,14,111" hai3="53,12,45,67,135,80,5,72,50,81,6,134,64"/><W73/><G72/><T28/><D119/><N who="1" m="45579" /><E56/><V114/><F114/><W1/><G73/><T124/><D124/><U70/><E70/><V4/><F111/><W132/><G1/><T38/><D38/><U93/><E108/><V69/><F69/><W24/><G24/><N who="0" m="18567" /><D35/><U77/><AGARI ba="0,0" hai="0,2,13,16,22,77,82,85,93,97,100" m="45579" machi="77" ten="30,2000,0" yaku="12,1,54,1" doraHai="36" who="1" fromWho="1" sc="313,-5,272,20,255,-5,160,-10" /><INIT seed="4,0,0,4,2,3" ten="308,292,250,150" oya="0" hai0="12,132,124,101,93,133,102,130,60,46,85,117,53" hai1="113,59,42,122,135,22,121,100,26,127,77,30,51" hai2="112,19,37,33,79,66,6,111,129,95,90,69,10" hai3="20,134,97,81,14,25,84,35,114,91,24,0,108"/><T4/><D117/><U55/><E127/><V104/><F111/><W80/><G108/><T5/><D124/><U120/><E135/><N who="0" m="51785" /><D130/><U7/><E77/><V29/><F104/><W48/><G134/><T8/><D85/><U50/><E100/><N who="0" m="38505" /><D93/><U98/><E98/><V38/><F79/><W41/><G114/><T99/><D99/><U105/><E105/><V71/><F112/><W64/><G0/><T110/><D110/><U18/><E113/><V116/><F129/><W15/><G35/><T28/><D28/><U87/><E87/><V21/><F116/><W125/><G125/><T115/><D115/><U1/><E30/><V67/><F29/><W106/><G106/><T36/><D60/><U32/><E32/><V88/><F33/><W119/><G119/><T75/><D75/><U89/><E89/><V13/><F90/><W27/><G20/><T126/><D126/><U96/><E96/><V107/><F107/><W44/><G97/><T17/><D53/><U92/><E92/><V72/><F72/><W2/><G2/><T45/><D45/><N who="1" m="25911" /><E120/><V70/><F67/><W78/><REACH who="3" step="1"/><G64/><REACH who="3" ten="308,292,250,140" step="2"/><T40/><AGARI ba="0,1" hai="4,5,8,12,17,36,40,46" m="38505,51785" machi="40" ten="30,6000,0" yaku="20,1,52,2" doraHai="3" who="0" fromWho="0" sc="308,70,292,-20,250,-20,140,-20" /><INIT seed="4,1,0,2,1,89" ten="378,272,230,120" oya="0" hai0="128,54,53,15,103,107,97,75,130,46,115,18,51" hai1="119,12,79,8,104,47,63,40,48,72,23,101,132" hai2="93,9,120,60,68,5,96,6,17,25,55,134,56" hai3="16,95,11,37,7,114,38,122,105,91,13,39,94"/><T112/><D75/><U21/><E132/><V117/><F134/><W84/><G105/><T78/><D78/><U98/><E119/><V26/><F120/><W127/><G122/><T121/><D121/><U32/><E32/><V31/><F117/><W83/><G114/><N who="0" m="43563" /><D54/><U123/><E123/><V43/><F68/><W73/><G73/><T111/><D111/><U41/><E41/><V24/><F43/><W44/><G127/><T45/><D45/><U34/><E34/><V22/><F31/><W88/><G91/><T110/><D110/><U65/><E79/><V61/><F61/><W2/><REACH who="3" step="1"/><G44/><REACH who="3" ten="378,272,230,110" step="2"/><T57/><D46/><U14/><E72/><V28/><F28/><W67/><G67/><T0/><D128/><U133/><E133/><V102/><REACH who="2" step="1"/><F5/><REACH who="2" ten="378,272,220,110" step="2"/><W113/><G113/><T27/><D130/><U52/><E40/><V69/><F69/><W10/><AGARI ba="1,2" hai="2,7,10,11,13,16,37,38,39,83,84,88,94,95" machi="10" ten="40,12000,2" yaku="1,1,0,1,52,2,54,2,53,0" doraHai="89" doraHaiUra="92" who="3" fromWho="3" sc="378,-61,272,-31,220,-31,110,143" /><INIT seed="5,0,0,5,4,76" ten="317,241,189,253" oya="1" hai0="7,92,63,15,22,117,126,98,72,24,19,54,53" hai1="0,3,60,68,121,107,29,69,58,131,118,30,31" hai2="50,38,49,103,122,16,35,112,42,133,56,100,47" hai3="124,61,40,51,109,91,11,62,81,23,67,94,104"/><U125/><E121/><V46/><F122/><W1/><G104/><T82/><D117/><U18/><E118/><V8/><F35/><W52/><G109/><T110/><D110/><U48/><E107/><V34/><F34/><W5/><G124/><T13/><D126/><U93/><E125/><V108/><F108/><W32/><G32/><T43/><D43/><U105/><E105/><V102/><F133/><W45/><G23/><T83/><D72/><U4/><E131/><V9/><F112/><W17/><G17/><N who="0" m="12367" /><D7/><U85/><E18/><V115/><F115/><W73/><G40/><T37/><D37/><U70/><E48/><V10/><F46/><W25/><G25/><T89/><D63/><U127/><E127/><V36/><F36/><W123/><G123/><T74/><D74/><U28/><N who="1" m="7680" /><DORA hai="132" /><U88/><REACH who="1" step="1"/><E4/><REACH who="1" ten="317,231,189,253" step="2"/><V78/><F16/><W6/><G6/><T20/><D13/><U55/><AGARI ba="0,1" hai="0,3,55,58,60,68,69,70,85,88,93" m="7680" machi="55" ten="50,12000,1" yaku="1,1,2,1,0,1,54,1,53,0" doraHai="76,132" doraHaiUra="97,39" who="1" fromWho="1" sc="317,-40,231,130,189,-40,253,-40" /><INIT seed="5,1,0,3,2,85" ten="277,361,149,213" oya="1" hai0="20,95,134,43,125,33,60,57,27,116,110,15,28" hai1="98,119,50,16,24,34,67,75,131,91,94,90,9" hai2="29,111,114,72,103,129,87,82,66,42,47,130,35" hai3="62,31,18,121,86,14,64,133,1,122,56,88,10"/><U132/><E75/><V52/><F111/><W32/><G133/><T80/><D116/><U76/><E119/><V99/><F72/><W128/><G128/><T40/><D110/><U53/><E76/><V124/><F66/><W30/><G1/><T78/><D134/><U126/><E132/><V79/><F124/><W101/><G101/><T19/><D95/><U21/><E126/><V11/><F114/><W118/><G118/><T74/><REACH who="0" step="1"/><D125/><REACH who="0" ten="267,361,149,213" step="2"/><U73/><E131/><V48/><F130/><W127/><G127/><T96/><D96/><U7/><E73/><V2/><F129/><W92/><REACH who="3" step="1"/><G32/><REACH who="3" ten="267,361,149,203" step="2"/><T113/><D113/><U44/><E34/><V68/><F35/><W39/><G39/><T22/><D22/><U58/><E21/><V6/><F11/><W69/><G69/><T54/><AGARI ba="1,2" hai="15,19,20,27,28,33,40,43,54,57,60,74,78,80" machi="54" ten="20,5200,0" yaku="1,1,0,1,7,1,53,1" doraHai="85" doraHaiUra="12" who="0" fromWho="0" sc="267,75,361,-27,149,-14,203,-14" /><INIT seed="6,0,0,1,5,40" ten="342,334,135,189" oya="2" hai0="94,31,71,109,128,83,33,15,97,132,107,1,111" hai1="60,130,66,133,120,85,93,41,65,25,134,80,45" hai2="19,42,24,47,72,48,27,43,73,108,123,26,96" hai3="76,79,39,131,54,12,29,52,0,112,23,117,70"/><V125/><F123/><W11/><G117/><T2/><D71/><U3/><E3/><V99/><F108/><W91/><G70/><T89/><D128/><U20/><E93/><V118/><F118/><W9/><G39/><T135/><D107/><U13/><E13/><V7/><F7/><W116/><G0/><N who="0" m="107" /><D15/><U121/><E130/><V18/><F125/><W101/><G116/><T77/><D31/><N who="1" m="17831" /><E60/><V6/><F6/><W75/><G75/><N who="0" m="43455" /><D33/><U129/><E129/><V34/><F34/><W30/><G131/><T63/><D63/><U56/><E56/><V74/><REACH who="2" step="1"/><F43/><REACH who="2" ten="342,334,125,189" step="2"/><W69/><G69/><T21/><D111/><U122/><E122/><V119/><F119/><W98/><G112/><T61/><D109/><U53/><E121/><V105/><F105/><W50/><G101/><T92/><D135/><U115/><E120/><V37/><F37/><W78/><G98/><AGARI ba="0,1" hai="18,19,24,26,27,42,47,48,72,73,74,96,98,99" machi="98" ten="50,9600,0" yaku="1,1,52,1,53,1" doraHai="40" doraHaiUra="36" who="2" fromWho="3" sc="342,0,334,0,125,106,189,-96" /><INIT seed="6,1,0,3,3,82" ten="342,334,231,93" oya="2" hai0="51,81,89,41,72,128,119,78,102,46,73,39,80" hai1="29,55,129,74,92,76,26,109,106,11,32,88,125" hai2="91,86,121,126,112,1,38,53,64,43,98,25,52" hai3="79,9,115,96,0,45,67,30,15,127,34,84,124"/><V110/><F121/><W21/><G0/><T77/><D128/><U66/><E106/><V123/><F123/><W13/><G34/><T70/><D70/><U5/><E109/><V27/><F1/><W117/><G117/><T135/><D135/><U122/><E122/><V101/><F64/><W18/><G67/><T90/><D119/><U116/><E116/><V37/><F110/><W24/><G96/><T50/><D102/><U131/><E66/><V63/><F126/><N who="3" m="48171" /><G45/><T47/><REACH who="0" step="1"/><D39/><REACH who="0" ten="332,334,231,93" step="2"/><U85/><E125/><V7/><F37/><W94/><G115/><T93/><D93/><U36/><E36/><V69/><F112/><W130/><G94/><T71/><D71/><U61/><E74/><V35/><F38/><W134/><G130/><T8/><D8/><U17/><E129/><V14/><F69/><W107/><G107/><T19/><D19/><U56/><E131/><V100/><F101/><W58/><G134/><T6/><D6/><U12/><E5/><V20/><F100/><W60/><G9/><T48/><D48/><U132/><E132/><V31/><F7/><W57/><G18/><T104/><D104/><U2/><E2/><V105/><F105/><W22/><G22/><T3/><D3/><U103/><E103/><V75/><F75/><W10/><G10/><T49/><D49/><U114/><E114/><V108/><F108/><W133/><G133/><T111/><D111/><U113/><E113/><V62/><F35/><W68/><G68/><T28/><D28/><U54/><E29/><N who="2" m="17575" /><F63/><W95/><G95/><T23/><D23/><N who="1" m="13679" /><E61/><V4/><F62/><RYUUKYOKU ba="1,1" sc="332,30,334,-10,231,-10,93,-10" hai0="41,46,47,50,51,72,73,77,78,80,81,89,90" /><INIT seed="7,2,1,3,2,16" ten="362,324,221,83" oya="3" hai0="93,6,85,61,26,56,68,127,57,50,49,122,78" hai1="87,103,134,72,22,62,123,124,83,89,59,15,4" hai2="75,34,130,43,101,73,135,119,53,110,118,132,14" hai3="35,18,23,36,29,1,95,8,7,77,106,17,115"/><W25/><G36/><T54/><D122/><U129/><E72/><V33/><F43/><W94/><G106/><T39/><D39/><U131/><E123/><V120/><F14/><W67/><G77/><T64/><D127/><U58/><E124/><V38/><F38/><W128/><G67/><T30/><D6/><U74/><E74/><V52/><F120/><W125/><G95/><T51/><D56/><U112/><E103/><V28/><F101/><W97/><G125/><T98/><D85/><U55/><E134/><V113/><F28/><W114/><G94/><T80/><D80/><U13/><E112/><N who="3" m="43050" /><G97/><T42/><D42/><U107/><E107/><V99/><F113/><W66/><G66/><T90/><D78/><U0/><E59/><V126/><F126/><W121/><G121/><T10/><D10/><N who="1" m="4295" /><E0/><V79/><F79/><W31/><G128/><N who="1" m="49226" /><E15/><V9/><F130/><W70/><G70/><T102/><D102/><U20/><AGARI ba="2,1" hai="20,22,55,58,62,83,87,89" m="49226,4295" machi="20" ten="30,4000,0" yaku="19,1,52,2" doraHai="16" who="1" fromWho="1" sc="362,-12,324,56,221,-12,83,-22" owari="350,15.0,380,48.0,209,-19.0,61,-44.0" /></mjloggm>