<mjloggm ver="2.3"><GO type="41"/><UN n0="%E6%B7%B1%E7%B4%85%E8%89%B2" n1="%E3%82%A6%E3%83%AB%E3%83%88%E3%83%A9%E7%AB%8B%E7%9B%B4" n2="%65%6E%72%61%69" n3="%E9%81%9C%E4%BC%8D%E7%BF%BB" dan="13,15,13,14" rate="1912,1979,1886,1846" sx="M,M,M,M"/><TAIKYOKU oya="0"/><INIT seed="0,0,0,5,2,84" ten="250,250,250,250" oya="0" hai0="25,53,91,56,8,66,100,103,55,128,6,12,38" hai1="70,118,52,27,119,115,105,10,132,17,48,131,93" hai2="49,120,62,45,34,42,133,50,125,113,110,90,15" hai3="61,51,72,111,127,101,57,98,96,85,102,74,35"/><T122/><D122/><U39/><E105/><V117/><F34/><W23/><G35/><T36/><D38/><U41/><E27/><V99/><F120/><W20/><G51/><T64/><D36/><U26/><E26/><V76/><F76/><W24/><G127/><T44/><D25/><U68/><E17/><V73/><F73/><W135/><G135/><T5/><D5/><U1/><E10/><V83/><F133/><W54/><G23/><T46/><D128/><U65/><E1/><V97/><F113/><W2/><G85/><T106/><D106/><U13/><E13/><V80/><F117/><W126/><G2/><T121/><D121/><U28/><E28/><V32/><F32/><W94/><G126/><T16/><D6/><U89/><E70/><V3/><F3/><W43/><G43/><T40/><D40/><U18/><E18/><V21/><F62/><W7/><G7/><T19/><D19/><U79/><E79/><V33/><F33/><W78/><G78/><T81/><D46/><N who="1" m="23871" /><E131/><V67/><F67/><N who="0" m="25642" /><D44/><U114/><E132/><V14/><F125/><W86/><G72/><T107/><D107/><U69/><E69/><V58/><F21/><W63/><G20/><T108/><D108/><U129/><E129/><V88/><F110/><W95/><G74/><T134/><D134/><U82/><E119/><V37/><F37/><W60/><G24/><T22/><D8/><U11/><E118/><V124/><F124/><W0/><G0/><T109/><D109/><U104/><E11/><V92/><F14/><W112/><G111/><T59/><D12/><RYUUKYOKU ba="0,0" sc="250,0,250,0,250,0,250,0" /><INIT seed="1,1,0,0,0,78" ten="250,250,250,250" oya="1" hai0="127,131,36,51,88,0,135,81,77,85,128,45,1" hai1="67,116,98,35,24,33,32,68,12,123,107,86,94" hai2="113,80,89,122,3,22,63,59,96,124,37,31,119" hai3="58,7,29,62,115,20,49,97,5,117,83,57,21"/><U30/><E123/><V121/><F3/><W27/><G115/><T112/><D36/><U133/><E116/><V54/><F119/><W18/><G117/><T75/><D112/><U118/><E118/><V90/><F113/><W47/><G58/><T114/><D114/><U40/><E133/><V120/><F37/><W106/><G97/><T73/><D135/><U25/><E40/><V91/><F124/><W130/><G106/><T92/><D75/><U56/><E25/><V44/><F96/><W99/><G99/><T34/><D34/><U43/><E43/><V10/><F10/><W82/><G7/><T11/><D127/><U13/><E56/><V9/><F9/><W8/><G20/><T95/><D95/><U4/><E13/><V19/><F31/><W76/><G76/><T104/><D104/><U15/><E15/><V70/><F70/><W110/><G29/><T109/><D109/><U48/><E48/><V129/><F44/><W17/><G17/><T50/><D51/><U23/><E12/><V126/><F126/><W64/><G110/><T52/><REACH who="0" step="1"/><D11/><REACH who="0" ten="240,250,250,250" step="2"/><U53/><E33/><V125/><F125/><W26/><G8/><T14/><D14/><U39/><E32/><V74/><F74/><W65/><G5/><T46/><D46/><U103/><E4/><V41/><F41/><N who="3" m="24815" /><G130/><AGARI ba="1,1" hai="0,1,45,50,52,73,77,81,85,88,92,128,130,131" machi="130" ten="40,12000,2" yaku="1,1,19,1,52,1,54,2,53,1" doraHai="78" doraHaiUra="79" who="0" fromWho="3" sc="240,133,250,0,250,0,250,-123" /><INIT seed="2,0,0,1,1,63" ten="373,250,250,127" oya="2" hai0="19,38,86,45,4,54,110,124,16,121,14,15,50" hai1="23,67,118,28,20,126,9,61,49,71,2,59,37" hai2="12,102,88,7,74,68,82,52,44,92,26,31,114" hai3="97,40,0,70,96,32,115,120,83,103,65,135,29"/><V78/><F68/><W42/><G120/><T34/><D121/><U13/><E2/><V55/><F114/><W101/><G135/><T93/><D34/><U22/><E37/><V130/><F102/><W69/><G83/><T127/><D38/><U77/><E118/><V58/><F44/><W5/><G115/><T134/><D134/><U106/><E106/><V41/><F41/><W18/><G18/><N who="0" m="6699" /><D4/><U56/><E126/><N who="0" m="48169" /><D110/><U36/><E36/><V109/><F109/><W3/><G42/><T85/><D85/><U10/><E28/><V76/><F78/><W116/><G40/><T43/><D54/><U39/><E39/><V105/><F105/><N who="3" m="63655" /><G5/><T33/><D33/><U79/><E71/><V60/><F130/><W125/><G70/><T73/><D73/><U87/><E13/><V27/><F7/><W108/><G108/><T113/><D113/><U95/><E77/><V98/><F12/><W100/><G100/><T46/><D46/><U81/><E95/><V104/><F104/><N who="3" m="63599" /><G116/><T72/><D72/><U17/><E17/><V119/><F119/><W62/><G125/><T11/><D11/><U122/><E122/><V57/><F31/><W21/><G21/><T6/><D6/><U75/><E75/><V133/><F133/><W131/><G131/><T25/><D25/><AGARI ba="0,0" hai="0,3,25,29,32,62,65,69" m="63599,63655" machi="25" ten="30,7700,0" yaku="25,1,33,2,52,1" doraHai="63" who="3" fromWho="0" sc="373,-77,250,0,250,0,127,77" /><INIT seed="3,0,0,2,3,65" ten="296,250,250,204" oya="3" hai0="5,34,7,115,14,28,27,29,39,67,108,124,125" hai1="111,73,2,10,43,55,86,9,21,50,110,68,1" hai2="8,113,74,120,11,71,112,49,36,13,84,16,62" hai3="129,6,135,46,88,61,25,104,66,56,54,105,134"/><W63/><G6/><T79/><D39/><U45/><E73/><V23/><F74/><W107/><G25/><N who="0" m="18735" /><D67/><U87/><E21/><V22/><F36/><W76/><G76/><T122/><D79/><U109/><E43/><V123/><F49/><W60/><G129/><T4/><D122/><U131/><E45/><V127/><F127/><N who="0" m="48714" /><D108/><U3/><E50/><V106/><F106/><W126/><G46/><T51/><D51/><U78/><E78/><V53/><F53/><W17/><G17/><T12/><D115/><N who="2" m="44106" /><F84/><N who="1" m="32297" /><E55/><V82/><F82/><W64/><G88/><T24/><D24/><U75/><E75/><V117/><F71/><W58/><REACH who="3" step="1"/><G126/><REACH who="3" ten="296,250,250,194" step="2"/><T26/><D26/><U81/><E131/><V85/><F117/><W99/><G99/><T80/><D27/><U114/><E81/><V69/><F120/><W133/><G133/><T20/><D80/><U70/><E114/><V94/><F123/><W44/><G44/><T77/><D77/><U93/><E9/><V48/><F11/><W0/><G0/><T119/><D119/><U103/><E10/><V90/><F8/><W100/><G100/><T101/><D101/><U33/><E33/><V98/><F98/><AGARI ba="0,1" hai="1,2,3,68,70,93,98,103,109,110,111" m="32297" machi="98" ten="40,5200,0" yaku="14,1,52,2" doraHai="65" who="1" fromWho="2" sc="296,0,250,62,250,-52,194,0" /><INIT seed="4,0,0,1,2,117" ten="296,312,198,194" oya="0" hai0="101,128,102,56,113,47,75,73,12,104,61,110,100" hai1="105,120,52,67,62,124,83,31,134,121,49,131,50" hai2="32,35,29,7,63,69,58,64,68,13,48,99,38" hai3="126,89,51,97,39,109,122,88,65,72,17,112,18"/><T60/><D104/><U132/><E105/><V127/><F38/><W90/><G39/><T21/><D128/><U103/><E103/><V25/><F35/><W78/><G122/><N who="1" m="47210" /><E31/><V54/><F127/><W43/><G126/><T82/><D110/><U86/><E124/><V116/><F116/><W123/><G109/><T81/><D47/><U98/><E98/><V5/><F69/><W135/><G78/><T28/><D28/><U79/><E52/><V80/><F80/><W6/><G72/><T40/><D75/><U36/><E36/><V8/><REACH who="2" step="1"/><F99/><REACH who="2" ten="296,312,188,194" step="2"/><W19/><G97/><T46/><D113/><U9/><E131/><V115/><F115/><W107/><G112/><T84/><D100/><U57/><E9/><V16/><AGARI ba="0,1" hai="5,7,8,13,16,25,29,32,48,54,58,63,64,68" machi="16" ten="20,8000,1" yaku="1,1,0,1,7,1,54,1,53,1" doraHai="117" doraHaiUra="55" who="2" fromWho="2" sc="296,-40,312,-20,188,90,194,-20" /><INIT seed="5,0,0,5,5,65" ten="256,292,278,174" oya="1" hai0="36,10,3,86,33,11,51,16,121,34,108,9,99" hai1="17,25,73,48,131,111,123,72,133,78,95,79,129" hai2="135,83,18,71,109,35,98,55,13,74,53,69,134" hai3="32,82,112,105,116,106,14,28,59,87,2,104,40"/><U5/><E5/><V115/><F35/><W57/><G2/><T130/><D36/><U101/><E25/><V110/><F98/><W39/><G116/><T128/><D3/><U103/><E17/><V90/><F90/><W30/><G32/><T92/><D108/><N who="2" m="41578" /><F83/><W50/><G39/><T120/><D86/><U102/><E111/><V84/><F84/><W22/><G112/><T125/><D51/><U85/><E123/><N who="0" m="47177" /><D125/><U12/><E12/><V62/><F74/><N who="1" m="28777" /><E48/><V96/><F96/><W68/><G50/><T52/><D52/><N who="2" m="20042" /><F18/><W70/><G40/><T7/><D7/><U0/><E0/><V21/><F21/><W119/><G119/><T23/><D92/><U126/><E126/><V8/><F8/><W45/><G45/><T44/><D99/><U64/><E95/><V42/><F13/><W91/><G14/><N who="0" m="9623" /><D44/><U46/><E85/><V15/><F15/><W26/><REACH who="3" step="1"/><G30/><REACH who="3" ten="256,292,278,164" step="2"/><T31/><D31/><U94/><E46/><V61/><F115/><W118/><G118/><T67/><D34/><U41/><E41/><V47/><F47/><W88/><G88/><T127/><D33/><U1/><E1/><V43/><F43/><W49/><G49/><T122/><D122/><U117/><E117/><V77/><F42/><W107/><N who="3" m="27136" /><DORA hai="66" /><W27/><G27/><T80/><D127/><U89/><E89/><V75/><F75/><W54/><G54/><T93/><D11/><U76/><E94/><V100/><F100/><W60/><G60/><N who="2" m="23145" /><F77/><N who="1" m="29801" /><E102/><V113/><F113/><W29/><G29/><T114/><D114/><U132/><N who="1" m="29809" /><U81/><DORA hai="58" /><E103/><RYUUKYOKU ba="0,1" sc="256,-15,292,-15,278,15,164,15" hai2="69,71,134,135" hai3="22,26,28,57,59,68,70,82,87,91" /><INIT seed="6,1,1,0,5,131" ten="241,277,293,179" oya="2" hai0="40,31,75,61,79,74,66,92,130,27,132,90,82" hai1="21,89,24,93,22,19,42,135,85,69,100,3,56" hai2="10,35,47,128,13,33,25,126,39,121,67,44,2" hai3="98,83,106,78,17,16,99,28,116,86,57,124,49"/><V9/><F121/><W7/><G116/><T45/><D130/><U72/><E69/><V77/><F128/><W60/><G7/><T37/><D132/><U94/><E72/><V101/><F126/><W14/><G124/><T123/><D123/><U112/><E3/><V41/><F101/><W53/><G28/><T84/><D61/><U12/><E135/><V108/><F108/><W11/><G106/><T107/><D66/><U46/><E112/><V6/><F67/><W15/><G60/><T8/><D8/><AGARI ba="1,1" hai="8,11,14,15,16,17,49,53,57,78,83,86,98,99" machi="8" ten="30,7700,0" yaku="7,1,9,1,8,1,54,1" doraHai="131" who="3" fromWho="0" sc="241,-80,277,0,293,0,179,90" /><INIT seed="7,0,0,5,1,112" ten="161,277,293,269" oya="3" hai0="46,74,114,107,113,128,21,13,20,68,26,19,31" hai1="108,63,36,133,44,72,70,135,127,23,62,71,64" hai2="58,47,77,57,120,50,123,66,87,27,88,83,59" hai3="53,102,110,5,106,89,28,93,134,34,103,22,129"/><W92/><G34/><N who="0" m="20855" /><D74/><U98/><E23/><N who="0" m="8777" /><D68/><U4/><E4/><V97/><F27/><W79/><G79/><T124/><D107/><U1/><E1/><V38/><F38/><W95/><G106/><T115/><D46/><U111/><E98/><V82/><F97/><W126/><G5/><T125/><D128/><U76/><E76/><V121/><F66/><W85/><G129/><T80/><D80/><U94/><E94/><N who="2" m="54559" /><F77/><W33/><G33/><T109/><D109/><N who="1" m="42059" /><E72/><V2/><F2/><W131/><G110/><T15/><D19/><U52/><E127/><AGARI ba="0,0" hai="13,15,113,114,115,124,125,127" m="8777,20855" machi="127" ten="40,8000,1" yaku="15,1,11,1,18,1,34,2" doraHai="112" who="0" fromWho="1" sc="161,80,277,-80,293,0,269,0" /><INIT seed="8,0,0,3,0,9" ten="241,197,293,269" oya="0" hai0="129,50,107,43,74,49,127,93,85,86,30,55,106" hai1="65,110,120,24,41,91,130,40,38,51,81,10,2" hai2="84,35,45,37,12,103,118,75,3,68,78,89,47" hai3="8,28,116,42,109,77,108,5,26,82,15,39,124"/><T95/><D74/><U90/><E110/><V48/><F35/><W44/><G116/><T73/><D73/><U97/><E120/><V100/><F68/><W131/><G131/><T46/><D30/><U11/><E130/><V113/><F3/><W25/><G124/><T123/><D129/><U79/><E65/><V17/><F113/><W54/><G26/><T14/><D127/><U112/><E112/><V13/><F37/><W122/><G122/><T61/><D61/><U21/><E38/><V102/><F75/><W70/><G70/><T87/><D123/><U60/><E60/><V33/><F33/><W111/><G54/><T29/><D29/><U27/><E2/><V64/><F78/><W62/><G62/><T126/><D126/><U128/><E128/><V119/><F64/><W16/><G82/><T125/><D125/><U71/><E71/><V101/><F101/><W92/><G92/><N who="0" m="35403" /><D107/><U58/><E79/><V53/><F17/><W6/><REACH who="3" step="1"/><G77/><REACH who="3" ten="241,197,293,259" step="2"/><T88/><D55/><N who="1" m="32127" /><E27/><V23/><F119/><W18/><G18/><T96/><D43/><N who="1" m="16459" /><E97/><V56/><F118/><W20/><AGARI ba="0,1" hai="5,6,8,15,16,20,25,28,39,42,44,108,109,111" machi="20" ten="30,12000,2" yaku="1,1,0,1,52,1,54,1,53,2" doraHai="9" doraHaiUra="0" who="3" fromWho="3" sc="241,-60,197,-30,293,-30,259,130" owari="181,-22.0,167,-33.0,263,6.0,389,49.0" /></mjloggm>