<mjloggm ver="2.3"><GO type="41" lobby="0"/><UN n0="%6B%61%73%68%69%32" n1="%E3%81%9F%E3%82%8D%E3%81%86%E3%81%A8%E3%81%94%E3%82%8D%E3%81%86" n2="%E3%82%A6%E3%83%AB%E3%83%88%E3%83%A9%E7%AB%8B%E7%9B%B4" n3="%E3%81%84%E3%81%A7%E3%81%8A%E3%82%93%EF%BC%81" dan="13,14,16,14" rate="1857.52,1937.37,2084.44,1880.50" sx="M,M,M,M"/><TAIKYOKU oya="0"/><INIT seed="0,0,0,3,4,10" ten="250,250,250,250" oya="0" hai0="124,116,128,109,50,81,106,114,83,98,105,119,32" hai1="31,52,100,80,53,129,47,70,29,87,76,16,59" hai2="39,33,18,51,56,123,121,127,45,48,30,113,4" hai3="41,63,91,120,55,131,1,21,101,22,27,135,65"/><T122/><D32/><U133/><E129/><V35/><F113/><W96/><G1/><T132/><D50/><N who="1" m="28767" /><E70/><V34/><F30/><W74/><G74/><T89/><D114/><U9/><E133/><V82/><F39/><W37/><G131/><T24/><D24/><U7/><E100/><V38/><F38/><W25/><G135/><T40/><D40/><U49/><E7/><V44/><F4/><W66/><G91/><T13/><D13/><AGARI ba="0,0" hai="9,13,16,29,31,49,53,59,76,80,87" m="28767" machi="13" ten="30,7700,0" yaku="8,1,52,1,54,2" doraHai="10" who="1" fromWho="0" sc="250,-77,250,77,250,0,250,0" /><INIT seed="1,0,0,0,5,19" ten="173,327,250,250" oya="1" hai0="42,23,52,5,106,12,63,51,15,11,125,76,88" hai1="53,2,70,104,39,85,97,78,21,67,77,64,58" hai2="87,45,60,20,32,120,95,65,59,27,107,54,98" hai3="46,26,100,7,8,79,83,49,33,92,73,94,48"/><U34/><E34/><V124/><F124/><W122/><G122/><T128/><D106/><U132/><E132/><V91/><F32/><W109/><G109/><T16/><D128/><U118/><E118/><V30/><F120/><W101/><G49/><T3/><D125/><U6/><E39/><V56/><F45/><W22/><G33/><T61/><D76/><U112/><E112/><V75/><F75/><W72/><G72/><T86/><D42/><U43/><E43/><V69/><F54/><W9/><G9/><T134/><D3/><U44/><E44/><V17/><F17/><W13/><G94/><N who="0" m="54551" /><D134/><U37/><E37/><V74/><F74/><W90/><G48/><T115/><D115/><U14/><E70/><V28/><F28/><W105/><G46/><AGARI ba="0,0" hai="5,11,12,15,16,23,46,51,52,61,63" m="54551" machi="46" ten="30,8000,1" yaku="8,1,52,1,54,3" doraHai="19" who="0" fromWho="3" sc="173,80,327,0,250,0,250,-80" /><INIT seed="2,0,0,3,1,107" ten="253,327,250,170" oya="2" hai0="95,43,65,133,30,46,15,71,67,120,102,19,44" hai1="132,105,25,42,14,51,101,113,79,85,52,27,128" hai2="38,94,7,61,99,91,50,8,84,10,134,108,12" hai3="72,115,81,3,111,21,57,82,20,114,129,0,118"/><V89/><F38/><W39/><G39/><T104/><D120/><U26/><E113/><V55/><F134/><W88/><G57/><T75/><D104/><U122/><E122/><V135/><F135/><W54/><G54/><T80/><D71/><U117/><E132/><V34/><F34/><W116/><G116/><T59/><D30/><U77/><E117/><V53/><F108/><W47/><G47/><T78/><D133/><U103/><E128/><V73/><F73/><W45/><G45/><T126/><D46/><U109/><E42/><V41/><F41/><W37/><G37/><T62/><D126/><U32/><E32/><V90/><F61/><W13/><G118/><T127/><D127/><U18/><E105/><V35/><F35/><W96/><G129/><T6/><D6/><U60/><E60/><V110/><F110/><W22/><G111/><T40/><D44/><N who="1" m="27751" /><E109/><V98/><F50/><W58/><G58/><T64/><D43/><U66/><E66/><V36/><F36/><W69/><G69/><T1/><D1/><N who="3" m="585" /><G13/><T87/><D40/><U5/><E5/><V92/><REACH who="2" step="1"/><F10/><REACH who="2" ten="253,327,240,170" step="2"/><W124/><G72/><T17/><D75/><U97/><E97/><V68/><F68/><W63/><G63/><T130/><D130/><U16/><E85/><V125/><F125/><W100/><G124/><T11/><D19/><U28/><E18/><V112/><F112/><N who="3" m="43051" /><G100/><N who="1" m="38474" /><E28/><V4/><F4/><W2/><G2/><T56/><D62/><U70/><E70/><V24/><F24/><W106/><G106/><T29/><D29/><U33/><E33/><V9/><F9/><AGARI ba="0,1" hai="9,14,16,25,26,27,77,79" m="38474,27751" machi="9" ten="30,7700,0" yaku="6,1,8,1,54,2" doraHai="107" who="1" fromWho="2" sc="253,0,327,87,240,-77,170,0" /><INIT seed="3,0,0,0,0,101" ten="253,414,163,170" oya="3" hai0="106,62,85,38,103,47,29,14,81,129,67,25,57" hai1="76,68,10,20,22,2,112,69,87,98,80,56,82" hai2="19,55,66,31,107,61,4,41,40,105,94,125,73" hai3="111,58,64,100,126,121,12,21,118,65,43,84,77"/><W34/><G121/><T60/><D129/><U91/><E112/><V102/><F73/><W9/><G118/><T13/><D38/><U54/><E69/><V24/><F125/><W7/><G126/><T8/><D47/><U39/><E68/><V3/><F41/><W117/><G117/><T50/><D50/><U46/><E98/><V127/><F40/><W6/><G34/><T53/><D8/><U17/><E39/><V30/><F127/><W70/><G70/><T49/><D62/><U5/><E46/><V104/><F55/><W135/><G43/><T93/><D49/><U130/><E130/><V75/><F75/><W32/><G32/><T92/><D53/><U37/><E37/><V26/><F19/><W115/><G115/><T90/><D106/><U119/><E119/><V83/><F83/><N who="3" m="47215" /><G6/><T42/><D103/><U123/><E123/><V15/><F3/><W113/><G113/><T96/><D42/><U33/><E33/><V116/><F116/><W128/><G128/><T18/><D18/><U51/><E17/><V48/><F48/><W95/><G21/><N who="0" m="15535" /><D92/><U78/><E76/><V72/><F72/><AGARI ba="0,0" hai="2,5,10,20,22,51,54,56,72,78,80,82,87,91" machi="72" ten="30,1000,0" yaku="7,1" doraHai="101" who="1" fromWho="2" sc="253,0,414,10,163,-10,170,0" /><INIT seed="4,0,0,2,0,50" ten="253,424,153,170" oya="0" hai0="25,91,123,3,29,122,22,132,83,36,66,54,125" hai1="71,104,28,134,73,0,34,90,117,13,119,111,85" hai2="116,72,33,97,41,55,110,127,2,74,75,124,9" hai3="95,103,60,70,82,12,6,14,76,118,120,88,24"/><T126/><D36/><U128/><E13/><V101/><F110/><W35/><G118/><T46/><D3/><U15/><E15/><V77/><F116/><W133/><G103/><T106/><D66/><U40/><E85/><V92/><F33/><W68/><G133/><T130/><D106/><U81/><E90/><V89/><F41/><W100/><G100/><T96/><D130/><U45/><E81/><V16/><F77/><W102/><G102/><T21/><D132/><U105/><E28/><V115/><F115/><W80/><G80/><T79/><D21/><U27/><E45/><V131/><F131/><W37/><G37/><T31/><D96/><U107/><E40/><V19/><F2/><W10/><G14/><T57/><D46/><U109/><E27/><V108/><F108/><W78/><G60/><N who="0" m="35895" /><D91/><U63/><E63/><V58/><F9/><W84/><G120/><T39/><D39/><U99/><E99/><V49/><REACH who="2" step="1"/><F89/><REACH who="2" ten="253,424,143,170" step="2"/><W51/><G35/><T26/><D79/><U61/><E111/><V98/><F98/><W62/><G76/><T47/><D83/><U42/><E117/><V8/><F8/><W23/><G78/><T94/><D94/><U43/><E119/><V67/><F67/><W59/><G82/><T135/><D135/><U7/><E109/><V53/><F53/><W64/><REACH who="3" step="1"/><G51/><REACH who="3" ten="253,424,143,160" step="2"/><T114/><D114/><U93/><E134/><V121/><F121/><W69/><G69/><T4/><D123/><U32/><E71/><V112/><F112/><W5/><G5/><T20/><D122/><U17/><E7/><V38/><F38/><RYUUKYOKU ba="0,2" sc="253,-15,424,-15,143,15,160,15" hai2="16,19,49,55,58,72,74,75,92,97,101,124,127" hai3="6,10,12,23,24,59,62,64,68,70,84,88,95" /><INIT seed="5,1,2,3,5,27" ten="238,409,158,175" oya="1" hai0="78,76,80,105,41,48,84,42,52,31,75,124,90" hai1="82,107,87,99,8,114,9,71,60,73,66,49,32" hai2="20,88,7,116,37,45,112,39,6,135,109,25,64" hai3="130,69,15,16,55,12,67,70,0,104,81,34,43"/><U53/><E114/><V115/><F116/><W121/><G121/><T22/><D105/><U29/><E73/><V119/><F119/><W113/><G0/><T83/><D124/><U40/><E87/><V106/><F106/><W4/><G34/><T101/><D101/><N who="1" m="62911" /><E82/><V3/><F109/><W74/><G104/><T91/><D42/><U24/><E40/><V93/><F64/><W11/><G43/><T18/><D41/><U122/><E122/><V129/><F45/><AGARI ba="1,2" hai="8,9,24,29,32,45,49,53,60,66,71" m="62911" machi="45" ten="30,2900,0" yaku="25,1,52,1" doraHai="27" who="1" fromWho="2" sc="238,0,409,52,158,-32,175,0" /><INIT seed="5,2,0,3,4,50" ten="238,461,126,175" oya="1" hai0="25,134,11,84,128,106,60,52,12,30,28,24,72" hai1="101,64,33,4,96,93,113,56,5,98,49,130,35" hai2="75,110,42,32,131,99,27,103,16,85,65,90,58" hai3="59,91,104,116,78,22,62,129,87,9,47,71,111"/><U123/><E123/><V37/><F75/><W121/><G121/><T79/><D72/><U112/><E130/><V54/><F110/><W8/><G104/><T100/><D128/><U76/><E76/><V132/><F131/><W114/><G111/><T55/><D134/><U43/><E43/><V51/><F132/><W39/><G78/><T109/><D106/><U122/><E122/><V57/><F42/><W45/><G71/><T86/><D100/><U53/><E64/><V95/><F37/><W117/><G114/><N who="1" m="44138" /><E98/><V97/><F97/><W14/><G22/><T1/><D1/><U36/><E36/><V67/><F58/><W41/><G45/><T68/><D60/><U40/><E40/><V126/><F126/><W66/><G129/><T6/><D68/><U102/><E102/><V135/><F135/><W119/><REACH who="3" step="1"/><G14/><REACH who="3" ten="238,461,126,165" step="2"/><T105/><D105/><U107/><E107/><V125/><F125/><W83/><AGARI ba="2,1" hai="8,9,39,41,47,59,62,66,83,87,91,116,117,119" machi="83" ten="30,7900,0" yaku="1,1,2,1,0,1,12,1,53,0" doraHai="50" doraHaiUra="44" who="3" fromWho="3" sc="238,-22,461,-41,126,-22,165,95" /><INIT seed="6,0,0,0,0,67" ten="216,420,104,260" oya="2" hai0="94,79,28,55,69,56,49,50,31,13,103,115,9" hai1="8,19,46,59,113,12,62,71,89,66,64,82,7" hai2="14,135,112,83,125,90,72,57,20,61,73,88,25" hai3="80,1,91,37,29,107,134,121,18,10,130,117,70"/><V78/><F125/><W98/><G121/><T43/><D115/><U15/><E113/><V123/><F112/><W129/><G117/><T23/><D69/><U87/><E46/><V75/><F123/><W95/><G37/><T26/><D79/><U77/><E71/><V116/><F116/><W39/><G39/><T81/><D81/><U128/><E128/><N who="3" m="49258" /><G134/><T54/><D43/><U22/><E77/><V41/><F135/><W11/><G70/><T106/><D106/><U85/><E85/><V17/><F41/><W126/><G126/><T132/><D132/><U97/><E97/><V52/><F90/><W2/><G29/><T92/><D103/><U114/><E114/><V65/><F65/><AGARI ba="0,0" hai="7,8,12,15,19,22,59,62,64,65,66,82,87,89" machi="65" ten="30,2000,0" yaku="7,1,8,1" doraHai="67" who="1" fromWho="2" sc="216,0,420,20,104,-20,260,0" /><INIT seed="7,0,0,5,2,79" ten="216,440,84,260" oya="3" hai0="8,68,74,72,104,133,17,45,129,135,43,6,63" hai1="71,76,118,132,35,107,16,109,48,2,125,1,103" hai2="60,61,25,113,15,101,59,90,46,23,5,12,95" hai3="96,24,77,33,73,128,4,115,69,57,85,34,98"/><W27/><G69/><T10/><D104/><U87/><E16/><V47/><F113/><W83/><G115/><T62/><D17/><U122/><E87/><V117/><F117/><W121/><G121/><T44/><D44/><U102/><E76/><V11/><F15/><W82/><G128/><T40/><D40/><U120/><E48/><V0/><F0/><W89/><G4/><T55/><D10/><U26/><E102/><V99/><F60/><W134/><G134/><N who="0" m="51211" /><D55/><U36/><E26/><V32/><F32/><W3/><G3/><N who="0" m="95" /><D129/><U130/><E103/><V19/><F101/><W30/><REACH who="3" step="1"/><G57/><REACH who="3" ten="216,440,84,250" step="2"/><T105/><D105/><U119/><E120/><V18/><REACH who="2" step="1"/><F5/><REACH who="2" ten="216,440,74,250" step="2"/><W38/><G38/><N who="0" m="21751" /><D62/><U29/><E119/><V14/><F14/><W7/><G7/><T127/><D127/><U97/><E2/><V52/><AGARI ba="0,2" hai="11,12,18,19,23,25,46,47,52,59,61,90,95,99" machi="52" ten="20,12000,2" yaku="1,1,0,1,7,1,25,2,8,1,54,1,53,0" doraHai="79" doraHaiUra="112" who="2" fromWho="2" sc="216,-30,440,-30,74,140,250,-60" owari="186,-31.0,410,51.0,214,1.0,190,-21.0" /></mjloggm>