<mjloggm ver="2.3"><GO type="169"/><UN n0="%EF%BC%A0%E5%BE%A1%E5%9D%82%E7%BE%8E%E7%90%B4" n1="%6D%61%63%6A%72" n2="%EF%BC%88%E2%89%A7%E2%96%BD%E2%89%A6%EF%BC%89" n3="%E9%9C%A7%E3%81%AE%E6%B5%AE%E8%88%9F" dan="17,16,17,18" rate="2197,2129,2156,2275" sx="F,M,M,M"/><TAIKYOKU oya="0"/><INIT seed="0,0,0,3,1,118" ten="250,250,250,250" oya="0" hai0="76,115,133,99,82,108,125,26,62,101,70,64,12" hai1="114,91,43,55,112,33,119,111,73,123,47,11,25" hai2="116,49,96,4,61,21,23,102,95,28,31,63,81" hai3="20,36,59,80,77,19,84,129,53,15,3,69,117"/><T74/><D115/><U132/><E73/><V7/><F116/><W93/><G117/><T103/><D125/><U56/><E119/><V54/><F81/><W35/><G69/><T52/><D133/><U41/><E132/><V78/><F78/><W124/><G36/><T130/><D130/><U8/><E111/><V131/><F131/><W40/><G129/><T37/><D37/><U134/><E134/><V127/><F127/><W60/><G124/><T48/><D108/><U71/><E71/><V94/><F49/><W30/><G3/><T65/><D65/><U107/><E107/><V13/><F54/><W109/><G109/><T66/><D66/><U17/><E91/><V68/><F68/><W32/><G40/><T85/><D12/><U50/><E41/><V38/><F38/><W0/><G0/><T10/><D10/><U1/><E11/><V39/><F39/><W45/><G45/><T105/><D101/><U9/><E9/><V121/><F102/><W104/><G104/><T89/><D26/><U128/><E128/><V58/><F13/><W126/><G126/><T51/><REACH who="0" step="1"/><D52/><REACH who="0" ten="240,250,250,250" step="2"/><N who="1" m="31767" /><E1/><V6/><F63/><W2/><G2/><T72/><D72/><U110/><E110/><V79/><F61/><W29/><G53/><T67/><D67/><U34/><E55/><V90/><F58/><W87/><G59/><T5/><D5/><U14/><E25/><V120/><F6/><W97/><G60/><T42/><D42/><U92/><E112/><V88/><F96/><W122/><G97/><T57/><D57/><U75/><E114/><V86/><F86/><RYUUKYOKU ba="0,1" sc="240,15,250,-15,250,15,250,-15" hai0="48,51,62,64,70,74,76,82,85,89,99,103,105" hai2="4,7,21,23,28,31,79,88,90,94,95,120,121" /><INIT seed="0,1,1,3,5,36" ten="255,235,265,235" oya="0" hai0="47,85,88,132,131,23,95,6,106,10,71,128,79" hai1="45,27,98,9,43,28,4,124,38,70,89,0,127" hai2="104,49,135,108,1,29,54,80,77,78,129,114,59" hai3="112,117,17,8,46,115,90,14,21,25,61,35,119"/><T93/><D106/><U56/><E70/><V122/><F1/><W34/><G61/><T24/><D71/><U53/><E89/><V99/><F122/><W118/><G46/><T133/><D79/><U42/><E98/><V109/><F114/><N who="3" m="43563" /><G90/><T16/><D95/><U58/><E42/><V50/><F129/><N who="0" m="49738" /><D47/><U103/><E103/><N who="2" m="62591" /><F135/><W76/><G76/><N who="2" m="29289" /><F29/><AGARI ba="1,1" hai="8,14,17,21,25,29,34,35,117,118,119" m="43563" machi="29" ten="40,2600,0" yaku="34,2" doraHai="36" who="3" fromWho="2" sc="255,0,235,0,265,-29,235,39" /><INIT seed="1,0,0,5,3,79" ten="255,235,236,274" oya="1" hai0="86,106,80,18,36,116,107,87,58,120,46,0,60" hai1="85,22,40,93,16,134,28,44,53,95,27,103,69" hai2="31,110,113,91,112,98,130,66,121,24,118,114,45" hai3="51,83,47,10,5,78,32,124,90,84,63,111,12"/><U61/><E134/><V109/><F121/><W35/><G111/><N who="2" m="42505" /><F118/><W97/><G124/><T100/><D116/><U125/><E125/><V55/><F66/><W34/><G63/><T54/><D0/><U17/><E103/><V135/><F135/><W94/><REACH who="3" step="1"/><G35/><REACH who="3" ten="255,235,236,264" step="2"/><T75/><D60/><U122/><E122/><V7/><F114/><W71/><G71/><T115/><D120/><U72/><E69/><V13/><F113/><W19/><G19/><T37/><D18/><U20/><E17/><V3/><F112/><W101/><G101/><T104/><D100/><U41/><E61/><V133/><F133/><W62/><G62/><T108/><D115/><U56/><E16/><V102/><F102/><W117/><G117/><T52/><D108/><U59/><E22/><V39/><F24/><W57/><G57/><T126/><D58/><U73/><E56/><V68/><F68/><W96/><G96/><T4/><D126/><U65/><E65/><V26/><F98/><W42/><AGARI ba="0,1" hai="5,10,12,32,34,42,47,51,78,83,84,90,94,97" machi="42" ten="20,12000,2" yaku="1,1,0,1,7,1,25,2,52,1,53,0" doraHai="79" doraHaiUra="127" who="3" fromWho="3" sc="255,-30,235,-60,236,-30,264,130" /><INIT seed="2,0,0,0,3,89" ten="225,175,206,394" oya="2" hai0="135,94,46,71,128,87,41,0,3,27,77,15,85" hai1="74,50,59,44,4,125,13,12,73,114,70,68,39" hai2="16,14,79,32,69,60,56,97,82,34,86,126,81" hai3="25,88,66,67,115,78,132,7,84,127,54,107,28"/><V45/><F126/><W38/><G107/><T30/><D71/><U112/><E125/><V119/><F119/><W93/><G127/><T26/><D128/><U111/><E111/><V35/><F69/><W2/><G38/><T53/><D53/><U23/><E59/><V58/><F45/><W42/><G42/><T29/><D15/><U72/><E39/><V18/><F97/><W47/><G132/><T20/><D135/><U106/><E106/><V61/><F81/><W103/><G103/><T62/><D62/><U92/><E23/><V134/><F134/><W36/><G115/><T31/><D85/><U1/><E1/><V57/><REACH who="2" step="1"/><F18/><REACH who="2" ten="225,175,196,394" step="2"/><W6/><G47/><T99/><D46/><U33/><E68/><V102/><F102/><W76/><G7/><T105/><D99/><U121/><E4/><V11/><AGARI ba="0,1" hai="11,14,16,32,34,35,56,57,58,60,61,79,82,86" machi="11" ten="40,7800,0" yaku="1,1,0,1,54,1,53,0" doraHai="89" doraHaiUra="129" who="2" fromWho="2" sc="225,-26,175,-26,196,88,394,-26" /><INIT seed="2,1,0,0,4,73" ten="199,149,284,368" oya="2" hai0="85,121,82,8,130,92,16,108,119,10,98,109,103" hai1="64,4,123,50,88,2,77,101,104,39,57,70,41" hai2="105,134,120,1,102,62,13,9,63,84,51,110,42" hai3="65,14,59,24,89,0,91,124,17,44,26,20,111"/><V46/><F120/><W67/><G0/><T33/><D121/><U107/><E123/><V95/><F134/><W19/><G111/><N who="0" m="42571" /><D130/><U54/><E77/><V15/><F1/><W34/><G124/><T29/><D119/><U126/><E126/><V48/><F110/><W31/><G44/><T83/><D83/><U12/><E2/><V36/><F36/><W96/><G59/><T49/><D49/><U18/><E4/><V76/><F51/><W53/><G53/><T37/><D37/><U80/><E101/><V75/><F75/><W131/><G131/><T86/><D86/><U87/><E39/><V61/><F105/><W129/><G129/><T40/><D40/><U127/><E41/><V81/><REACH who="2" step="1"/><F9/><REACH who="2" ten="199,149,274,368" step="2"/><W133/><G133/><T60/><D8/><U78/><E127/><V99/><AGARI ba="1,1" hai="13,15,42,46,48,61,62,63,76,81,84,95,99,102" machi="99" ten="30,12000,1" yaku="1,1,2,1,0,1,8,1,52,1,53,0" doraHai="73" doraHaiUra="3" who="2" fromWho="2" sc="199,-41,149,-41,274,133,368,-41" /><INIT seed="2,2,0,4,5,7" ten="158,108,407,327" oya="2" hai0="22,61,93,87,127,110,106,60,31,9,96,59,40" hai1="125,2,115,129,121,89,21,19,36,1,114,78,32" hai2="123,132,34,17,88,4,70,56,0,113,37,14,11" hai3="130,18,24,44,63,120,80,28,23,20,101,45,52"/><V92/><F70/><W29/><G120/><T133/><D110/><U25/><E36/><V128/><F123/><W67/><G130/><T73/><D73/><U76/><E121/><V46/><F113/><W111/><G111/><T108/><D108/><U134/><E129/><V103/><F128/><W135/><G135/><T5/><D106/><U98/><E134/><V55/><F132/><W131/><G131/><T99/><D133/><U39/><E39/><V49/><F34/><W119/><G119/><T47/><D87/><U66/><E66/><V53/><F103/><W41/><G101/><T109/><D109/><U86/><E98/><N who="2" m="57607" /><F0/><W16/><G80/><T3/><D127/><U91/><E32/><V104/><F37/><W62/><G41/><T112/><D112/><U65/><E125/><V33/><F33/><W81/><G81/><T71/><D71/><U6/><E1/><V90/><F90/><W95/><G95/><T75/><D75/><U105/><E89/><V50/><F104/><W27/><G67/><T84/><D84/><U122/><E65/><V57/><F4/><W79/><G79/><N who="1" m="30250" /><E105/><V72/><F72/><W74/><G74/><T69/><D69/><U15/><E2/><V48/><F46/><W64/><G64/><N who="0" m="38943" /><D93/><N who="1" m="54519" /><E122/><V68/><F68/><W51/><G51/><AGARI ba="2,0" hai="11,14,17,48,49,50,51,53,55,56,57" m="57607" machi="51" ten="30,5800,0" yaku="8,1,52,1,54,1" doraHai="7" who="2" fromWho="3" sc="158,0,108,0,407,64,327,-64" /><INIT seed="2,3,0,0,4,22" ten="158,108,471,263" oya="2" hai0="131,120,88,115,101,113,50,73,123,121,119,134,97" hai1="15,100,9,111,110,104,66,25,103,28,72,107,93" hai2="122,76,58,42,83,47,61,86,112,51,53,34,21" hai3="68,133,71,82,132,48,10,91,44,126,59,7,35"/><V105/><F105/><N who="1" m="40521" /><E66/><V12/><F34/><W125/><G35/><T90/><D50/><U96/><E72/><V2/><F2/><W128/><G82/><T5/><D5/><N who="1" m="3503" /><E93/><V99/><F112/><N who="0" m="43082" /><D134/><N who="3" m="51817" /><G91/><N who="0" m="34859" /><D131/><U52/><E96/><V45/><F99/><W116/><G116/><T1/><D1/><U118/><E52/><V56/><F42/><N who="3" m="24599" /><G128/><T95/><D73/><U98/><E98/><V80/><F80/><W87/><G87/><T75/><D75/><U23/><E118/><AGARI ba="3,0" hai="95,97,101,118,119,120,121,123" m="34859,43082" machi="118" ten="40,5200,0" yaku="34,2,54,1" doraHai="22" who="0" fromWho="1" sc="158,61,108,-61,471,0,263,0" /><INIT seed="3,0,0,0,3,134" ten="219,47,471,263" oya="3" hai0="124,85,130,39,22,113,43,93,107,122,123,106,29" hai1="2,44,13,16,50,127,120,104,64,61,73,62,25" hai2="37,52,117,86,41,78,24,18,108,34,57,70,80" hai3="135,109,15,81,99,69,121,8,98,51,0,76,75"/><W67/><G121/><T133/><D133/><U47/><E2/><V131/><F117/><W112/><G135/><T87/><D130/><U17/><E120/><V30/><F70/><W105/><G0/><T77/><D43/><U53/><E104/><V119/><F119/><W59/><G112/><T54/><D39/><U9/><E73/><V36/><F131/><W60/><G105/><T102/><D54/><U58/><E127/><V97/><F41/><W79/><G79/><T55/><D55/><U91/><E91/><V46/><F46/><W48/><G109/><T3/><D3/><U116/><E116/><V100/><F18/><W126/><G126/><T21/><D29/><U32/><E32/><V23/><F34/><W95/><G69/><T20/><D124/><U40/><E62/><V4/><F4/><W19/><REACH who="3" step="1"/><G99/><REACH who="3" ten="219,47,471,253" step="2"/><N who="0" m="59759" /><D113/><U14/><E25/><V71/><F71/><W94/><G94/><T49/><D77/><U132/><E132/><V56/><F108/><W110/><G110/><T74/><D107/><U1/><E1/><V35/><F97/><W111/><G111/><T89/><D106/><U7/><REACH who="1" step="1"/><E14/><REACH who="1" ten="219,37,471,253" step="2"/><V11/><F78/><W92/><G92/><T82/><D122/><U12/><E12/><V42/><F80/><W63/><G63/><T65/><D123/><U5/><E5/><V26/><F86/><W125/><G125/><T101/><D87/><U31/><E31/><V103/><F30/><W6/><G6/><T68/><D85/><U45/><E45/><V88/><F26/><W84/><G84/><T38/><D82/><U128/><E128/><RYUUKYOKU ba="0,2" sc="219,-15,37,15,471,-15,253,15" hai1="7,9,13,16,17,40,44,47,50,53,58,61,64" hai3="8,15,19,48,51,59,60,67,75,76,81,95,98" /><INIT seed="3,1,2,0,2,32" ten="204,52,456,268" oya="3" hai0="38,31,65,134,37,33,51,22,61,82,54,95,106" hai1="117,58,112,126,120,103,90,114,85,128,97,132,71" hai2="6,25,52,46,1,102,118,116,125,99,62,115,100" hai3="73,56,15,67,39,53,131,34,104,74,0,13,123"/><W93/><G123/><T49/><D106/><U72/><E71/><V48/><F115/><W129/><G104/><T9/><D33/><U50/><E120/><V5/><F125/><W35/><G67/><T86/><D134/><U92/><E126/><V4/><F1/><W8/><G39/><T43/><D95/><U3/><E72/><N who="3" m="27754" /><G93/><T135/><D9/><U44/><E132/><V11/><F11/><W96/><G96/><T80/><D43/><U130/><E58/><V127/><F127/><W10/><G34/><T124/><D124/><U57/><E57/><V70/><F25/><W63/><G35/><T66/><D22/><U88/><E3/><V42/><F100/><W77/><G77/><T27/><D61/><U105/><E117/><V20/><F70/><W24/><G24/><T16/><D31/><U81/><E44/><V19/><F62/><W78/><G78/><T23/><D135/><U109/><E50/><N who="0" m="18953" /><D54/><U122/><E122/><V111/><F42/><W91/><G91/><N who="0" m="51655" /><D82/><U14/><E14/><N who="3" m="5130" /><G0/><T84/><D84/><N who="1" m="52295" /><E109/><V75/><F111/><W110/><G110/><T45/><D45/><U18/><E18/><V47/><F75/><W79/><G79/><T28/><D16/><U133/><E133/><V36/><F46/><W26/><G26/><T55/><D55/><U101/><E101/><V108/><F108/><W89/><G89/><T107/><D107/><U64/><E64/><N who="0" m="24681" /><D38/><U30/><E30/><V7/><F36/><W40/><G40/><T113/><D37/><U21/><E21/><V17/><N who="2" m="1024" /><DORA hai="12" /><V119/><F20/><W60/><G60/><RYUUKYOKU ba="1,2" sc="204,0,52,0,456,0,268,0" hai0="23,27,28,113" hai1="81,85,88,97,103,105,112,114,128,130" hai2="17,19,47,48,52,99,102,116,118,119" hai3="8,10,53,56,63,129,131" /><INIT seed="3,2,2,5,5,98" ten="204,52,456,268" oya="3" hai0="50,114,88,63,119,71,127,3,41,58,0,121,25" hai1="48,46,82,51,33,89,14,11,13,37,111,22,17" hai2="85,115,101,106,79,55,27,94,64,74,43,8,32" hai3="54,128,23,109,26,15,126,36,53,72,120,103,134"/><W38/><G120/><T2/><D119/><U60/><E33/><V86/><F115/><W66/><G72/><T97/><D121/><U105/><E105/><V70/><F74/><W57/><G126/><T107/><D127/><U117/><E117/><V34/><F34/><W102/><G134/><T76/><D76/><U52/><E37/><V124/><F124/><W7/><G36/><T10/><D114/><U131/><E111/><V84/><F43/><W116/><G38/><T133/><D133/><U93/><E131/><V24/><F106/><W99/><G116/><T78/><D78/><U56/><E82/><N who="2" m="47199" /><F70/><W123/><G123/><T4/><D71/><U112/><E112/><V67/><F32/><W45/><G128/><T90/><D25/><N who="2" m="9802" /><F8/><N who="3" m="4511" /><G109/><T61/><D107/><U1/><E1/><V20/><F20/><W104/><G104/><T12/><D97/><U9/><E14/><V118/><F118/><W28/><G99/><T49/><D41/><U135/><E135/><V65/><F55/><N who="3" m="21003" /><G45/><T91/><REACH who="0" step="1"/><D58/><REACH who="0" ten="194,52,456,268" step="2"/><U80/><E80/><V39/><F86/><W122/><G122/><T5/><D5/><U75/><E75/><V132/><F85/><W100/><G66/><T125/><D125/><U129/><E129/><V110/><F132/><W113/><G113/><T96/><D96/><N who="1" m="57391" /><E51/><AGARI ba="2,3" hai="0,2,3,4,10,12,49,50,51,61,63,88,90,91" machi="51" ten="50,3200,0" yaku="1,1,54,1,53,0" doraHai="98" doraHaiUra="73" who="0" fromWho="1" sc="194,68,52,-38,456,0,268,0" /><INIT seed="4,0,0,4,5,33" ten="262,14,456,268" oya="0" hai0="27,47,113,35,39,98,109,36,51,9,1,89,90" hai1="34,93,12,79,31,0,32,3,126,91,128,70,68" hai2="78,49,2,5,16,48,117,80,66,132,8,52,19" hai3="84,23,101,17,14,54,4,95,103,77,83,45,40"/><T115/><D109/><U59/><E128/><V107/><F107/><W88/><G54/><T82/><D35/><U20/><E126/><V63/><F132/><W7/><G7/><N who="0" m="1263" /><D27/><U106/><E106/><V71/><F117/><W94/><G4/><T86/><D98/><U46/><E79/><V96/><F48/><W57/><G57/><T127/><D90/><U118/><E118/><V119/><F96/><W18/><G18/><T37/><D127/><U110/><E110/><V60/><F60/><W24/><G24/><T56/><D56/><U104/><E104/><V123/><F123/><W65/><G65/><T87/><D87/><U73/><E73/><V29/><F29/><W129/><G129/><T13/><D13/><U102/><E102/><V62/><F62/><W124/><G124/><T75/><D75/><U38/><E59/><V85/><F119/><W105/><G105/><T108/><D108/><U10/><E20/><V58/><AGARI ba="0,0" hai="2,5,8,16,19,49,52,58,63,66,71,78,80,85" machi="58" ten="20,8000,1" yaku="0,1,7,1,52,1,54,2" doraHai="33" who="2" fromWho="2" sc="262,-40,14,-20,456,80,268,-20" owari="222,-18.0,-6,-51.0,536,64.0,248,5.0" /></mjloggm>