<mjloggm ver="2.3"><GO type="169"/><UN n0="%69%6D%6D%6F%72%61%6C" n1="%EF%BC%8A%E7%B4%85%E7%83%8F%EF%BC%8A" n2="%E3%82%82%E3%81%A3%E3%81%97%E3%83%BC" n3="%EF%BC%88%E2%89%A7%E2%96%BD%E2%89%A6%EF%BC%89" dan="16,16,16,18" rate="2069,2104,2020,2226" sx="F,F,M,M"/><TAIKYOKU oya="0"/><INIT seed="0,0,0,0,4,4" ten="250,250,250,250" oya="0" hai0="98,18,48,38,2,14,27,43,9,85,5,20,70" hai1="95,118,24,17,84,50,64,10,46,22,19,108,67" hai2="60,37,75,102,7,91,110,0,99,12,63,123,90" hai3="56,135,51,1,86,92,119,58,109,124,94,116,55"/><T113/><D113/><U101/><E118/><V115/><F123/><W13/><G109/><T96/><D70/><U81/><E108/><V16/><F115/><W41/><G1/><T106/><D38/><U129/><E129/><V117/><F110/><W78/><G135/><T87/><D106/><U79/><E101/><V93/><F75/><W6/><G124/><T62/><D62/><U105/><E105/><V52/><F37/><W11/><G41/><T122/><D122/><U133/><E133/><V29/><F29/><W57/><G116/><T83/><D2/><U103/><E103/><V126/><F117/><W114/><G114/><T8/><D87/><U66/><E95/><V3/><F126/><W120/><G120/><T127/><D127/><U112/><E112/><V30/><F30/><W76/><G119/><T80/><D80/><U73/><E73/><V39/><F39/><W40/><G40/><T97/><D5/><U77/><E77/><N who="3" m="29802" /><G86/><T65/><D65/><U53/><REACH who="1" step="1"/><E67/><REACH who="1" ten="250,240,250,250" step="2"/><V68/><F102/><W21/><G94/><T89/><REACH who="0" step="1"/><D27/><REACH who="0" ten="240,240,250,250" step="2"/><U47/><E47/><AGARI ba="0,2" hai="8,9,14,18,20,43,47,48,83,85,89,96,97,98" machi="47" ten="40,12000,1" yaku="1,1,2,1,8,1,52,2,53,0" doraHai="4" doraHaiUra="111" who="0" fromWho="1" sc="240,140,240,-120,250,0,250,0" /><INIT seed="0,1,0,1,3,11" ten="380,120,250,250" oya="0" hai0="35,112,89,25,47,109,118,13,130,28,48,135,87" hai1="58,36,92,52,74,120,61,15,116,4,78,54,37" hai2="98,77,59,56,121,46,95,69,106,113,127,124,67" hai3="38,14,134,115,80,39,32,8,104,41,62,66,94"/><T57/><D112/><U6/><E116/><V126/><F121/><W110/><G104/><T3/><D118/><U22/><E120/><V12/><F113/><W91/><G32/><T93/><D3/><U53/><E74/><V96/><F77/><W43/><G115/><T5/><D135/><U132/><E132/><V27/><F27/><W107/><G107/><T45/><D130/><U31/><E37/><V100/><F46/><W131/><G131/><T117/><D117/><U21/><E36/><V0/><F0/><W64/><G64/><T102/><D102/><U51/><E78/><V73/><F73/><W101/><G39/><T30/><D30/><U10/><E4/><V111/><F111/><W86/><G38/><T42/><D109/><U103/><E31/><V49/><F49/><W18/><G110/><T20/><D42/><U26/><E26/><V17/><F67/><W108/><G108/><T19/><D5/><U125/><E125/><V71/><F71/><W90/><G101/><T72/><D72/><U16/><E6/><V119/><F69/><W75/><G134/><T83/><D83/><U122/><E122/><V99/><F119/><W114/><G114/><T33/><D35/><U55/><E51/><V68/><F68/><N who="3" m="42071" /><G75/><T9/><D33/><U88/><REACH who="1" step="1"/><E103/><REACH who="1" ten="380,110,250,250" step="2"/><N who="2" m="60831" /><F99/><AGARI ba="1,1" hai="10,15,16,21,22,52,53,54,55,58,61,88,92,99" machi="99" ten="40,12000,2" yaku="1,1,8,1,52,1,54,3,53,0" doraHai="11" doraHaiUra="60" who="1" fromWho="2" sc="380,0,110,133,250,-123,250,0" /><INIT seed="1,0,0,3,1,80" ten="380,243,127,250" oya="1" hai0="85,19,120,92,12,127,41,69,37,83,106,64,14" hai1="11,67,4,130,121,79,71,58,63,111,131,66,105" hai2="116,86,25,27,22,94,38,101,77,45,10,29,100" hai3="70,96,88,75,16,55,15,81,24,124,113,65,114"/><U61/><E121/><V50/><F38/><W53/><G124/><T46/><D106/><U47/><E105/><V3/><F116/><W84/><G75/><T122/><D127/><U31/><E31/><V18/><F3/><W56/><G70/><T89/><D64/><U30/><E30/><V117/><F117/><W40/><G40/><T60/><D60/><U28/><E28/><V13/><F27/><W104/><G24/><T133/><D69/><U2/><E111/><V62/><F62/><N who="3" m="38087" /><G104/><T123/><D133/><U93/><E79/><V21/><F10/><N who="3" m="6263" /><G114/><T126/><D126/><U103/><REACH who="1" step="1"/><E47/><REACH who="1" ten="380,233,127,250" step="2"/><V34/><F77/><N who="3" m="46127" /><G113/><T23/><D14/><U54/><E54/><V39/><F45/><W115/><G115/><T52/><D52/><U128/><E128/><V26/><F29/><W95/><AGARI ba="0,1" hai="53,55,88,95,96" m="46127,6263,38087" machi="95" ten="30,7900,0" yaku="8,1,52,1,54,2" doraHai="80" who="3" fromWho="3" sc="380,-20,233,-39,127,-20,250,89" /><INIT seed="2,0,0,5,4,115" ten="360,194,107,339" oya="2" hai0="5,100,127,19,116,52,74,0,54,21,132,15,53" hai1="67,34,32,118,36,9,6,16,129,103,18,27,71" hai2="73,45,82,121,89,92,66,135,17,12,134,28,97" hai3="81,3,14,94,60,25,65,35,109,78,62,26,4"/><V130/><F121/><W59/><G3/><T91/><D74/><U68/><E36/><V41/><F28/><W40/><G35/><N who="1" m="13354" /><E103/><V55/><F66/><W111/><G94/><T30/><D132/><N who="2" m="50730" /><F130/><W61/><G40/><T75/><D75/><U110/><E67/><V63/><F73/><N who="3" m="43215" /><G14/><T24/><D100/><U114/><E71/><V38/><F82/><W105/><G4/><T37/><D37/><U23/><E68/><V33/><F33/><W101/><G101/><T119/><D127/><U87/><E87/><V112/><F112/><W122/><G105/><T85/><D0/><N who="1" m="199" /><E114/><V2/><F2/><W56/><G122/><T11/><REACH who="0" step="1"/><D5/><REACH who="0" ten="350,194,107,339" step="2"/><U72/><E72/><V120/><F120/><W49/><G109/><T22/><D22/><N who="1" m="13767" /><E129/><V58/><F38/><W7/><G111/><T46/><D46/><U106/><E106/><V57/><F45/><W48/><G7/><T50/><D50/><U80/><E110/><V10/><F63/><W8/><G61/><T124/><D124/><U108/><E108/><V64/><F58/><W126/><G126/><T79/><D79/><U47/><E47/><V86/><F57/><W117/><G59/><T90/><D90/><U98/><E80/><AGARI ba="0,1" hai="11,15,19,21,24,30,52,53,54,80,85,91,116,119" machi="80" ten="40,8000,1" yaku="1,1,52,2,54,1,53,0" doraHai="115" doraHaiUra="39" who="0" fromWho="1" sc="350,90,194,-80,107,0,339,0" /><INIT seed="3,0,0,4,3,131" ten="440,114,107,339" oya="3" hai0="59,93,108,23,26,30,39,40,100,105,20,118,80" hai1="5,73,120,53,60,135,78,123,35,3,61,97,102" hai2="28,14,19,125,64,41,43,84,49,106,33,82,126" hai3="15,47,117,36,96,45,111,72,10,74,8,133,85"/><W134/><G111/><T46/><D118/><U65/><E35/><V121/><F106/><W62/><G117/><T1/><D1/><U109/><E109/><V67/><F121/><W114/><G114/><T76/><D105/><U98/><E73/><V0/><F0/><W115/><G115/><T94/><D100/><U107/><E78/><N who="2" m="46167" /><F33/><W128/><G128/><T12/><D108/><U57/><E3/><V42/><F49/><W37/><G85/><T119/><D119/><U21/><E5/><V83/><F28/><W77/><G96/><T9/><D59/><U31/><E98/><V112/><F83/><W27/><G62/><T113/><D23/><U87/><E87/><V99/><F99/><W44/><G27/><T58/><D58/><U122/><E21/><N who="2" m="11511" /><F112/><W116/><G116/><T127/><D127/><AGARI ba="0,0" hai="41,42,43,64,67,125,126,127" m="11511,46167" machi="127" ten="30,1000,0" yaku="18,1" doraHai="131" who="2" fromWho="0" sc="440,-10,114,0,107,10,339,0" /><INIT seed="4,0,0,1,1,117" ten="430,114,117,339" oya="0" hai0="47,34,31,55,107,30,120,57,56,50,98,134,95" hai1="63,27,23,41,81,71,15,12,84,121,59,112,77" hai2="64,17,108,78,62,20,21,80,102,18,45,43,118" hai3="1,58,94,73,89,52,46,24,68,19,25,9,26"/><T130/><D107/><U111/><E111/><V29/><F118/><W6/><G73/><T0/><D0/><U44/><E71/><V60/><F108/><W61/><G68/><T133/><D120/><U36/><E112/><V113/><F113/><W35/><G46/><T96/><D130/><U116/><E116/><V54/><F102/><W110/><G110/><T70/><D70/><U127/><E127/><V37/><F54/><W104/><G104/><T33/><D47/><U65/><REACH who="1" step="1"/><E121/><REACH who="1" ten="430,104,117,339" step="2"/><V4/><F64/><W106/><G106/><T132/><D132/><U114/><E114/><V14/><F29/><AGARI ba="0,1" hai="12,15,23,27,29,36,41,44,59,63,65,77,81,84" machi="29" ten="30,2000,0" yaku="1,1,7,1,53,0" doraHai="117" doraHaiUra="100" who="1" fromWho="2" sc="430,0,104,30,117,-20,339,0" /><INIT seed="5,0,0,5,2,36" ten="430,134,97,339" oya="1" hai0="41,128,28,127,46,34,22,0,82,122,33,2,110" hai1="4,7,53,101,54,42,43,23,20,9,134,6,71" hai2="37,109,18,119,81,104,70,56,90,105,133,131,80" hai3="85,10,27,125,95,39,40,83,77,59,111,86,45"/><U66/><E134/><V102/><F70/><W68/><G68/><T3/><D110/><U124/><E124/><V1/><F1/><W123/><G123/><T87/><D127/><U65/><E101/><V112/><F37/><W51/><G111/><T116/><D116/><U108/><E108/><V78/><F109/><W50/><G125/><T47/><D47/><U63/><E9/><V48/><F119/><W84/><G27/><T8/><D128/><U38/><E38/><V73/><F18/><W132/><G132/><T76/><D122/><U29/><E29/><V117/><F117/><W118/><G118/><T120/><D120/><U96/><E96/><N who="2" m="61511" /><F48/><W60/><G10/><T75/><D75/><U64/><E71/><V62/><F133/><W25/><G25/><T52/><D8/><U5/><N who="1" m="1024" /><DORA hai="57" /><U31/><E31/><V32/><F32/><W98/><G51/><T14/><D28/><U17/><E63/><V126/><F126/><W88/><G39/><T21/><D33/><U26/><E23/><V72/><F131/><W15/><G15/><T35/><D14/><U79/><E79/><N who="2" m="44135" /><F105/><W130/><G130/><T44/><D22/><U92/><E92/><V99/><F112/><W69/><G69/><T113/><D21/><U55/><AGARI ba="0,0" hai="17,20,26,42,43,53,54,55,64,65,66" m="1024" machi="55" ten="50,18000,2" yaku="0,1,29,2,8,1,52,2" doraHai="36,57" who="1" fromWho="1" sc="430,-60,134,180,97,-60,339,-60" /><INIT seed="5,1,0,2,1,87" ten="370,314,37,279" oya="1" hai0="10,31,18,37,85,77,15,16,17,96,23,76,3" hai1="54,80,112,42,69,34,7,134,36,105,51,32,123" hai2="116,11,61,104,6,8,98,86,57,58,12,2,47" hai3="46,108,125,4,66,75,56,92,0,111,84,20,88"/><U53/><E123/><V78/><F116/><W26/><G75/><T60/><D37/><U115/><E105/><V55/><F47/><W5/><G125/><T73/><D73/><U90/><E69/><V72/><F72/><W35/><G35/><T13/><D3/><U70/><E70/><V14/><F58/><W74/><G74/><T97/><D31/><U27/><E7/><N who="3" m="2634" /><G0/><T117/><D117/><U49/><E36/><V128/><F128/><W68/><G68/><T110/><D110/><U81/><E134/><V94/><F104/><W107/><G107/><T89/><D60/><U62/><E62/><V82/><REACH who="2" step="1"/><F8/><REACH who="2" ten="370,314,27,279" step="2"/><W135/><G111/><T83/><D17/><U132/><E132/><V40/><F40/><W59/><G108/><T50/><D50/><U122/><E42/><V127/><F127/><W24/><G135/><T102/><D97/><U95/><E122/><V21/><F21/><W131/><G131/><T41/><D41/><U1/><E34/><V93/><F93/><AGARI ba="1,1" hai="10,13,15,16,18,23,76,77,83,85,89,93,96,102" machi="93" ten="30,7700,0" yaku="7,1,8,1,52,1,54,1" doraHai="87" who="0" fromWho="2" sc="370,90,314,0,27,-80,279,0" owari="460,56.0,314,11.0,-53,-55.0,279,-12.0" /></mjloggm>