<mjloggm ver="2.3"><GO type="41"/><UN n0="%E3%82%82%E3%81%A3%E3%81%97%E3%83%BC" n1="%E3%83%A9%E3%83%9F%E3%82%BF%E3%82%B9" n2="%E3%82%A6%E3%83%AB%E3%83%88%E3%83%A9%E7%AB%8B%E7%9B%B4" n3="%E3%82%AA%E3%83%83%E3%82%AD%E3%83%BC%E3%83%8A%E2%99%AA" dan="15,13,15,14" rate="1974,1834,1979,1915" sx="M,M,M,F"/><TAIKYOKU oya="0"/><INIT seed="0,0,0,2,0,122" ten="250,250,250,250" oya="0" hai0="68,118,57,126,123,49,5,9,131,16,84,78,1" hai1="127,13,36,64,134,96,25,90,71,100,135,51,79" hai2="33,39,26,19,93,48,27,116,44,133,87,60,113" hai3="56,24,3,76,58,66,61,12,14,70,22,4,38"/><T54/><D123/><U89/><E36/><V30/><F39/><W20/><G38/><T115/><D115/><U2/><E2/><V95/><F113/><W106/><G106/><T23/><D118/><U34/><E79/><V80/><F116/><W29/><G76/><T129/><D68/><U6/><E51/><V92/><F133/><W10/><G3/><T120/><D120/><U67/><E127/><V53/><F60/><W21/><REACH who="3" step="1"/><G12/><REACH who="3" ten="250,250,250,240" step="2"/><T40/><D126/><U50/><E13/><V88/><F27/><W110/><G110/><T86/><D78/><U107/><E6/><V65/><F19/><W72/><G72/><T102/><D131/><U108/><E108/><V0/><F0/><W109/><G109/><T99/><D129/><U94/><E25/><V103/><F65/><W43/><G43/><T128/><D40/><U74/><E74/><V41/><F41/><W46/><G46/><T28/><D128/><U75/><E75/><V15/><F15/><W114/><G114/><T37/><D37/><U132/><E67/><V97/><AGARI ba="0,1" hai="26,30,33,44,48,53,80,87,88,92,93,95,97,103" machi="97" ten="30,2000,0" yaku="0,1,54,1" doraHai="122" who="2" fromWho="2" sc="250,-10,250,-5,250,30,240,-5" /><INIT seed="1,0,0,3,1,89" ten="240,245,280,235" oya="1" hai0="121,48,16,67,68,72,49,4,60,38,99,117,44" hai1="108,66,120,10,90,135,118,106,92,59,130,109,114" hai2="51,102,69,11,58,131,7,25,57,2,55,36,28" hai3="77,22,9,103,126,74,128,88,107,129,85,75,12"/><U133/><E10/><V76/><F69/><W31/><G126/><T104/><D117/><U73/><E66/><V127/><F36/><W6/><G77/><T132/><D72/><U78/><E59/><V96/><F127/><W46/><G46/><T3/><D121/><U125/><E125/><V97/><F131/><N who="3" m="50251" /><G103/><T35/><D35/><U50/><E50/><V134/><F134/><W113/><G107/><T83/><D132/><N who="1" m="50763" /><E130/><V64/><F76/><W15/><G113/><T63/><D83/><N who="1" m="45519" /><E120/><V13/><F2/><W100/><G100/><T84/><D63/><U21/><E21/><N who="2" m="15407" /><F102/><W0/><G0/><T42/><D4/><U8/><E8/><V26/><F26/><N who="3" m="16855" /><G15/><T81/><D3/><U93/><E114/><V52/><F64/><W54/><G54/><T112/><D112/><U65/><E65/><V34/><F34/><W95/><AGARI ba="0,0" hai="6,9,12,74,75,85,88,95" m="16855,50251" machi="95" ten="30,4000,0" yaku="19,1,52,1,54,1" doraHai="89" who="3" fromWho="3" sc="240,-10,245,-20,280,-10,235,40" /><INIT seed="2,0,0,1,0,67" ten="230,225,270,275" oya="2" hai0="9,50,112,20,109,106,52,120,34,35,38,75,87" hai1="59,121,86,63,116,91,98,6,3,51,124,23,1" hai2="5,97,115,30,49,45,104,73,43,55,58,21,100" hai3="61,53,108,72,81,74,4,33,12,64,22,82,25"/><V105/><F115/><W119/><G119/><T16/><D112/><U129/><E116/><V126/><F73/><W77/><G33/><T2/><D120/><U65/><E121/><V60/><F126/><W39/><G39/><T110/><D38/><U101/><E124/><V132/><F132/><W8/><G53/><T88/><D75/><U68/><E129/><V62/><F5/><W29/><G108/><N who="0" m="41579" /><D106/><U107/><E6/><V122/><F122/><W96/><G96/><T78/><D78/><U0/><E23/><V36/><F105/><W85/><REACH who="3" step="1"/><G81/><REACH who="3" ten="230,225,270,265" step="2"/><N who="0" m="49263" /><D2/><U94/><REACH who="1" step="1"/><E51/><REACH who="1" ten="230,215,270,265" step="2"/><V84/><F36/><W125/><G125/><T42/><D9/><U83/><E83/><V79/><F49/><W80/><G80/><T123/><D123/><U89/><E89/><V24/><F79/><W46/><G46/><N who="0" m="27735" /><D42/><U76/><E76/><V128/><F43/><W90/><G90/><T11/><D11/><U111/><E111/><V14/><F45/><W15/><G15/><AGARI ba="0,2" hai="15,16,20,34,35" m="27735,49263,41579" machi="15" ten="30,7700,0" yaku="14,1,54,3" doraHai="67" who="0" fromWho="3" sc="230,97,215,0,270,0,265,-77" /><INIT seed="3,0,0,3,3,101" ten="327,215,270,188" oya="3" hai0="33,104,79,110,61,107,96,95,112,78,50,93,74" hai1="37,65,5,128,16,84,4,97,39,26,47,40,68" hai2="109,3,76,38,10,124,24,94,59,9,46,80,29" hai3="90,92,41,120,25,113,42,111,55,71,19,7,20"/><W15/><G113/><T31/><D112/><U86/><E128/><V43/><F94/><W66/><G120/><T11/><D110/><U14/><E37/><V30/><F10/><W13/><G111/><T126/><D126/><U125/><E125/><V52/><F109/><W12/><G7/><T6/><D61/><U123/><E123/><V67/><F67/><W45/><G71/><T81/><D78/><U54/><E26/><V127/><F127/><W88/><G66/><T131/><D131/><U83/><E86/><V70/><F70/><W51/><REACH who="3" step="1"/><G90/><REACH who="3" ten="327,215,270,178" step="2"/><T72/><D6/><U129/><E129/><V114/><F114/><W87/><AGARI ba="0,1" hai="12,13,15,19,20,25,41,42,45,51,55,87,88,92" machi="87" ten="30,12000,1" yaku="1,1,2,1,0,1,8,1,54,1,53,0" doraHai="101" doraHaiUra="57" who="3" fromWho="3" sc="327,-40,215,-40,270,-40,178,130" /><INIT seed="3,1,0,4,0,89" ten="287,175,230,308" oya="3" hai0="60,124,22,8,120,133,15,35,3,17,71,126,74" hai1="14,48,94,70,31,64,81,82,39,113,55,21,34" hai2="10,100,73,32,33,46,12,25,13,90,116,11,9" hai3="65,132,108,98,58,52,123,44,56,77,114,28,102"/><W75/><G114/><T96/><D74/><U6/><E39/><V125/><F73/><W129/><G123/><T61/><D120/><U86/><E34/><V5/><F100/><W109/><G132/><T45/><D35/><U29/><E113/><V128/><F46/><W131/><G28/><T54/><D133/><U50/><E70/><V4/><F90/><W97/><G65/><T134/><D134/><U83/><E64/><V0/><F116/><W1/><G1/><T135/><D135/><U91/><E48/><V47/><F47/><W16/><G97/><T72/><D72/><U51/><E50/><V85/><F85/><W18/><G44/><T26/><D3/><U79/><E79/><V95/><F125/><N who="0" m="48234" /><D96/><U88/><E91/><V30/><F128/><N who="3" m="49227" /><G75/><T63/><D71/><U57/><E6/><N who="2" m="3127" /><F95/><N who="3" m="58719" /><G77/><T76/><D76/><U110/><E110/><N who="3" m="42602" /><G58/><N who="0" m="34903" /><D45/><U27/><E14/><V80/><F80/><W127/><G127/><T105/><D105/><U2/><E2/><V93/><F93/><W66/><G66/><T41/><D41/><U49/><E51/><AGARI ba="1,0" hai="16,18,51,52,56" m="42602,58719,49227" machi="51" ten="30,18000,2" yaku="19,1,14,1,10,1,52,1,54,2" doraHai="89" who="3" fromWho="1" sc="287,0,175,-183,230,0,308,183" owari="287,9.0,-8,-51.0,230,-17.0,491,59.0" /></mjloggm>