<mjloggm ver="2.3"><GO type="169"/><UN n0="%E3%83%AA%E3%83%BC%E3%83%81%EF%BC%91" n1="%E3%81%8A%E3%81%8A%E3%81%AD%E3%81%A8%E3%81%86%E3%81%8B" n2="%E3%83%9D%E3%83%81%E3%83%A7%E3%83%A0%E3%82%AD%E3%83%B3%E2%98%85" n3="%EF%BC%88%E2%89%A7%E2%96%BD%E2%89%A6%EF%BC%89" dan="16,17,16,16" rate="2069,2209,2073,2051" sx="M,F,M,M"/><TAIKYOKU oya="0"/><INIT seed="0,0,0,4,0,130" ten="250,250,250,250" oya="0" hai0="58,52,41,67,33,91,30,40,126,111,107,133,19" hai1="62,105,13,89,132,66,55,70,60,44,65,128,48" hai2="31,3,114,34,11,57,96,22,21,47,25,29,122" hai3="76,45,100,81,104,115,90,99,35,27,108,51,127"/><T125/><D67/><U82/><E128/><V121/><F114/><W116/><G115/><T98/><D111/><U14/><E105/><V78/><F78/><W135/><G116/><T85/><D30/><U94/><E82/><V59/><F47/><W7/><G127/><N who="0" m="48651" /><D33/><U61/><E132/><V77/><F77/><W106/><G7/><T92/><D133/><U37/><E37/><V117/><F117/><W131/><G131/><T28/><D28/><U36/><E36/><V38/><F38/><W86/><G135/><T93/><D107/><U6/><E6/><V0/><F96/><W119/><G119/><T120/><D19/><U71/><REACH who="1" step="1"/><E61/><REACH who="1" ten="250,240,250,250" step="2"/><V87/><F121/><W26/><G106/><T73/><D120/><U113/><E113/><V88/><F122/><W2/><G108/><T63/><D73/><U124/><E124/><V123/><F123/><W101/><G104/><T72/><D72/><U56/><E56/><V112/><F112/><W12/><G81/><T5/><D5/><U53/><E53/><V75/><F75/><W102/><G45/><T97/><D93/><U134/><E134/><V18/><F59/><W16/><G76/><T39/><D39/><U50/><E50/><V109/><F109/><W24/><G51/><T68/><D68/><U95/><E95/><N who="2" m="54687" /><F57/><W32/><G32/><T110/><D110/><U46/><E46/><V54/><F54/><W17/><G35/><T74/><D74/><U84/><AGARI ba="0,1" hai="13,14,44,48,55,60,62,65,66,70,71,84,89,94" machi="84" ten="20,8000,1" yaku="1,1,0,1,7,1,9,1,53,1" doraHai="130" doraHaiUra="49" who="1" fromWho="1" sc="250,-40,240,90,250,-20,250,-20" /><INIT seed="1,0,0,5,1,58" ten="210,330,230,230" oya="1" hai0="9,16,72,125,27,56,45,104,57,2,19,20,15" hai1="68,39,64,29,123,18,38,7,112,83,73,120,79" hai2="65,98,121,37,103,127,87,26,105,4,21,119,10" hai3="132,93,25,74,5,35,113,122,71,94,88,117,92"/><U110/><E18/><V24/><F121/><W131/><G122/><T85/><D72/><U47/><E112/><V44/><F119/><W54/><G113/><T118/><D118/><U48/><E110/><V97/><F127/><W6/><G74/><T128/><D104/><U14/><E29/><V115/><F115/><W75/><G75/><T52/><D125/><U61/><E120/><V135/><F135/><W49/><G117/><T50/><D128/><U12/><E123/><V84/><F98/><W107/><G107/><T23/><D2/><U89/><E89/><V31/><F26/><W34/><G71/><T116/><D116/><U0/><E0/><V81/><F65/><W62/><G131/><T28/><D85/><U129/><E129/><V3/><REACH who="2" step="1"/><F81/><REACH who="2" ten="210,330,220,230" step="2"/><W111/><G132/><T32/><D32/><U102/><E83/><V96/><F96/><N who="3" m="57351" /><G34/><T59/><D28/><U95/><E64/><V55/><F55/><W11/><G35/><T13/><D27/><U100/><E100/><V1/><F1/><W78/><G25/><T109/><D109/><U133/><E102/><V134/><F134/><W40/><G111/><T36/><D36/><U41/><E39/><V66/><F66/><W42/><G54/><T80/><D80/><U86/><E38/><V51/><F51/><W82/><G49/><T130/><D130/><U108/><E48/><V69/><F69/><W43/><G82/><T63/><D9/><U30/><E108/><V70/><F70/><W99/><G11/><T77/><D77/><U76/><E76/><V8/><F8/><W91/><G78/><RYUUKYOKU ba="0,1" sc="210,15,330,-15,220,15,230,-15" hai0="13,15,16,19,20,23,45,50,52,56,57,59,63" hai2="3,4,10,21,24,31,37,44,84,87,97,103,105" /><INIT seed="2,1,1,2,2,85" ten="225,315,235,215" oya="2" hai0="82,26,45,65,52,38,131,108,92,130,90,32,111" hai1="69,46,48,30,70,102,78,76,51,58,124,109,55" hai2="73,20,71,125,101,132,9,103,96,75,42,89,120" hai3="47,14,22,44,23,6,77,27,87,2,53,59,105"/><V13/><F120/><W15/><G105/><T35/><D65/><U118/><E118/><V127/><F71/><W31/><G2/><T134/><D82/><U112/><E112/><V56/><F42/><W63/><G6/><T50/><D38/><U62/><E109/><N who="0" m="42057" /><D134/><U74/><E124/><N who="2" m="47691" /><F132/><W88/><G77/><T126/><D126/><U11/><E102/><N who="2" m="38923" /><F20/><W98/><G98/><N who="0" m="57623" /><D26/><U0/><E69/><V28/><F28/><W3/><G3/><T5/><D5/><U121/><E70/><V7/><F56/><W116/><G116/><T24/><D24/><U1/><E58/><V83/><F96/><W34/><G34/><AGARI ba="1,1" hai="32,34,35,45,50,52,130,131" m="57623,42057" machi="34" ten="30,3900,0" yaku="14,1,52,1,54,1" doraHai="85" who="0" fromWho="3" sc="225,52,315,0,235,0,215,-42" /><INIT seed="3,0,0,0,0,109" ten="277,315,235,173" oya="3" hai0="1,57,79,98,103,14,97,18,93,42,9,45,70" hai1="126,85,107,30,121,76,96,130,28,73,84,105,33" hai2="77,26,29,4,131,38,46,123,48,23,27,81,2" hai3="15,135,102,36,43,112,111,65,100,87,94,53,19"/><W99/><G112/><T59/><D70/><U54/><E73/><V69/><F69/><W10/><G135/><T56/><D1/><U108/><E76/><V132/><F131/><W90/><G111/><T49/><D79/><U34/><E96/><AGARI ba="0,0" hai="9,14,18,42,45,49,56,57,59,93,96,97,98,103" machi="96" ten="40,1300,0" yaku="8,1" doraHai="109" who="0" fromWho="1" sc="277,13,315,-13,235,0,173,0" /><INIT seed="4,0,0,2,0,32" ten="290,302,235,173" oya="0" hai0="21,53,116,73,23,8,48,104,98,101,96,57,111" hai1="15,29,105,25,56,63,97,54,74,71,76,85,132" hai2="87,68,94,49,88,109,41,99,135,30,9,126,75" hai3="18,31,42,69,129,47,20,92,114,14,133,93,36"/><T35/><D116/><U33/><E132/><V39/><F68/><W10/><G133/><T40/><D35/><U24/><E74/><V127/><F135/><W107/><G107/><T58/><D73/><U45/><E25/><V119/><F109/><W122/><G122/><T110/><D40/><U117/><E117/><V89/><F119/><W0/><G129/><T2/><D98/><U113/><E113/><V124/><F39/><W84/><G114/><T134/><D134/><U3/><E3/><V121/><F121/><W128/><G128/><T46/><D58/><U82/><E71/><V64/><F64/><W43/><G69/><T102/><D101/><U6/><E45/><N who="2" m="25775" /><F75/><W115/><G115/><T11/><D57/><U5/><REACH who="1" step="1"/><E15/><REACH who="1" ten="290,292,235,173" step="2"/><V59/><F59/><W17/><G0/><T118/><D2/><U37/><E37/><V38/><F38/><W44/><G31/><T16/><D118/><U80/><E80/><N who="2" m="49255" /><F30/><W131/><G131/><T4/><D111/><U125/><E125/><V70/><F70/><W79/><G44/><T27/><D110/><U95/><E95/><V55/><F9/><W60/><G93/><T106/><D11/><U19/><E19/><V103/><F55/><W81/><G92/><T78/><D104/><U65/><E65/><V112/><F112/><W13/><G42/><T66/><D8/><U52/><E52/><V67/><F67/><W86/><G86/><T120/><D66/><U62/><E62/><V61/><F61/><W26/><G60/><T130/><D106/><U83/><E83/><V34/><F34/><W100/><G26/><RYUUKYOKU ba="0,1" sc="290,-30,292,10,235,10,173,10" hai1="5,6,24,29,33,54,56,63,76,82,85,97,105" hai2="89,94,99,103,124,126,127" hai3="10,13,14,17,18,20,36,43,47,79,81,84,100" /><INIT seed="5,1,1,4,2,91" ten="260,302,245,183" oya="1" hai0="59,108,52,7,95,133,130,36,116,74,19,86,83" hai1="20,99,80,8,106,134,2,35,112,26,37,63,88" hai2="49,100,128,47,54,125,10,34,118,69,5,73,28" hai3="111,77,131,90,32,12,51,104,129,58,50,84,132"/><U87/><E37/><V41/><F118/><W40/><G32/><T33/><D116/><U3/><E35/><V76/><F128/><N who="3" m="49227" /><G111/><T22/><D130/><U97/><E112/><V82/><F125/><W72/><G104/><T39/><D33/><U117/><E117/><V68/><F100/><W126/><G126/><T9/><D108/><U0/><E134/><V38/><F34/><W15/><G132/><T42/><D42/><U31/><E106/><V135/><F28/><W23/><G72/><T62/><D74/><U16/><REACH who="1" step="1"/><E63/><REACH who="1" ten="260,292,245,183" step="2"/><V46/><REACH who="2" step="1"/><F135/><REACH who="2" ten="260,292,235,183" step="2"/><W120/><G120/><T94/><D133/><U103/><E103/><V114/><F114/><W24/><G50/><T115/><D39/><U70/><E70/><V121/><F121/><W4/><G51/><T113/><D36/><U11/><E11/><V107/><F107/><W67/><G23/><T102/><D113/><U78/><E78/><V44/><F44/><W53/><G77/><T79/><D102/><U43/><E43/><V21/><F21/><W48/><G40/><T60/><D115/><U81/><E81/><V17/><F17/><W105/><G105/><T56/><D9/><U27/><E27/><V124/><F124/><W85/><G24/><N who="0" m="14431" /><D7/><U75/><E75/><V92/><F92/><W96/><G4/><T18/><D18/><U122/><E122/><V98/><F98/><W64/><G96/><T13/><D13/><AGARI ba="1,3" hai="0,2,3,8,13,16,20,26,31,80,87,88,97,99" machi="13" ten="40,7700,0" yaku="1,1,54,2,53,0" doraHai="91" doraHaiUra="123" who="1" fromWho="0" sc="260,-80,292,110,235,0,183,0" /><AGARI ba="1,0" hai="5,10,13,38,41,46,47,49,54,68,69,73,76,82" machi="13" ten="30,2000,0" yaku="1,1,7,1,53,0" doraHai="91" doraHaiUra="123" who="2" fromWho="0" sc="180,-20,402,0,235,20,183,0" /><INIT seed="5,2,0,3,2,31" ten="160,402,255,183" oya="1" hai0="20,73,42,131,57,125,53,82,3,124,109,36,93" hai1="50,1,133,76,108,58,116,35,5,78,37,48,85" hai2="21,45,119,65,79,84,88,9,75,69,4,52,89" hai3="29,123,62,44,81,105,10,18,94,135,121,59,113"/><U95/><E37/><V56/><F119/><W117/><G105/><T120/><D109/><U106/><E106/><V100/><F100/><W47/><G29/><T26/><D120/><U25/><E5/><V98/><F75/><W6/><G117/><T30/><D131/><U72/><E58/><V92/><F69/><W13/><G135/><T74/><D3/><U49/><E49/><V63/><F79/><W27/><G113/><T97/><D42/><U83/><E50/><V33/><F33/><W130/><G130/><T90/><D36/><U134/><E48/><V114/><F114/><W38/><G38/><T132/><D132/><U28/><E1/><V101/><F21/><N who="3" m="13751" /><G81/><T128/><D128/><U91/><E78/><V15/><F45/><W60/><G60/><N who="0" m="35887" /><D82/><U17/><E116/><V61/><F89/><W46/><G121/><T7/><D7/><U12/><REACH who="1" step="1"/><E108/><REACH who="1" ten="160,392,255,183" step="2"/><V103/><F63/><W39/><G39/><T66/><D66/><U126/><E126/><AGARI ba="2,1" hai="20,26,30,73,74,90,93,97,124,125,126" m="35887" machi="126" ten="30,1000,0" yaku="18,1" doraHai="31" who="0" fromWho="1" sc="160,26,392,-16,255,0,183,0" /><INIT seed="6,0,0,2,3,69" ten="186,376,255,183" oya="2" hai0="105,54,41,40,67,119,75,8,1,10,121,71,123" hai1="135,86,73,92,30,7,31,62,80,11,52,37,9" hai2="132,23,17,65,102,64,56,34,116,114,130,127,12" hai3="28,32,0,104,131,20,14,47,94,26,45,99,129"/><V59/><F116/><W87/><G0/><T93/><D105/><U113/><E73/><V68/><F34/><W108/><G108/><T109/><D119/><U85/><E37/><V29/><F132/><W15/><G104/><T13/><D109/><U18/><E18/><V110/><F110/><W89/><G99/><T74/><D67/><N who="2" m="25674" /><F68/><W115/><G115/><T84/><D71/><U134/><E113/><V51/><F114/><W35/><G35/><T70/><D70/><U21/><E92/><V91/><F130/><N who="3" m="49675" /><G32/><T5/><D74/><U76/><E86/><V111/><F127/><W112/><G112/><T72/><D75/><U100/><E100/><V122/><F122/><W4/><G4/><T98/><D72/><U120/><E120/><V118/><F118/><W38/><G38/><T133/><D84/><U3/><E11/><N who="2" m="6303" /><F102/><W49/><G45/><T16/><D133/><N who="1" m="50699" /><E21/><V6/><F6/><W27/><G27/><T46/><D123/><U48/><E62/><V36/><F36/><W79/><G79/><T2/><D121/><U90/><E76/><V82/><F51/><W124/><G124/><T19/><D1/><U81/><E81/><V126/><F126/><W88/><G89/><T25/><D2/><U22/><E22/><V39/><F39/><W55/><AGARI ba="0,0" hai="14,15,20,26,28,47,49,55,87,88,94" m="49675" machi="55" ten="30,2000,0" yaku="19,1,54,1" doraHai="69" who="3" fromWho="3" sc="186,-5,376,-5,255,-10,183,20" /><INIT seed="7,0,0,4,3,64" ten="181,371,245,203" oya="3" hai0="60,23,16,29,66,7,31,72,28,117,15,30,73" hai1="94,132,56,122,71,76,127,27,113,38,35,125,12" hai2="80,58,59,93,48,128,108,47,20,118,114,74,10" hai3="34,25,3,24,83,6,95,77,19,126,1,8,84"/><W49/><G126/><T131/><D117/><U61/><E38/><V33/><F118/><W55/><G34/><T13/><N who="0" m="7168" /><DORA hai="42" /><T104/><D104/><U102/><E27/><V37/><F33/><W53/><G1/><T78/><D131/><U86/><E35/><V17/><F108/><W18/><G95/><T70/><REACH who="0" step="1"/><D78/><REACH who="0" ten="171,371,245,203" step="2"/><U119/><E76/><V2/><F128/><W100/><G100/><T99/><D99/><U21/><E102/><V105/><F105/><W103/><G103/><T97/><D97/><U135/><E119/><V98/><F98/><W43/><G24/><T44/><D44/><U40/><E125/><V79/><F47/><W116/><G116/><T82/><D82/><U81/><E81/><V32/><F80/><W101/><G101/><T9/><AGARI ba="0,1" hai="7,9,13,15,16,23,60,66,70,72,73" m="7168" machi="9" ten="40,8000,1" yaku="1,1,0,1,52,1,54,1,53,0" doraHai="64,42" doraHaiUra="115,124" who="0" fromWho="0" sc="171,90,371,-20,245,-20,203,-40" owari="261,6.0,351,45.0,225,-17.0,163,-34.0" /></mjloggm>