<mjloggm ver="2.3"><GO type="97"/><UN n0="%E5%B0%8F%E7%89%9F" n1="%E3%81%8B%E3%83%BC%E3%82%82%E3%81%AD%EF%BC%81%E3%83%8F%E3%82%A4%EF%BC%81" n2="%EF%BC%88%E2%89%A7%E2%96%BD%E2%89%A6%EF%BC%89" n3="%E3%82%8D%E3%81%B5%E3%81%81" dan="14,14,15,14" rate="1902,1960,1997,1863" sx="F,F,M,M"/><TAIKYOKU oya="0"/><INIT seed="0,0,0,2,5,72" ten="250,250,250,250" oya="0" hai0="53,116,8,44,4,56,9,87,126,15,122,30,70" hai1="94,28,32,38,127,110,92,104,129,62,102,46,101" hai2="97,98,133,58,45,103,111,128,109,80,88,49,123" hai3="99,73,64,84,2,52,78,25,35,54,96,89,68"/><T115/><D115/><U71/><E104/><V48/><F123/><W90/><G2/><T14/><D122/><U83/><E127/><V82/><F128/><W66/><G73/><T81/><D70/><U10/><E129/><V112/><F112/><W85/><G35/><T26/><D116/><U11/><E110/><N who="2" m="41995" /><F133/><W0/><G0/><T37/><D126/><U13/><E11/><V119/><F119/><W41/><G41/><T33/><D44/><U134/><E134/><V79/><F58/><W42/><G42/><T27/><D27/><U29/><E32/><V124/><F124/><W7/><G25/><T108/><D37/><U61/><E71/><V16/><F16/><W118/><G68/><T24/><D24/><U50/><E38/><V19/><F19/><W34/><G34/><T43/><D43/><U95/><E28/><V86/><F45/><W69/><G69/><T47/><D47/><U23/><E23/><V12/><F12/><W113/><G118/><T59/><D53/><N who="3" m="20585" /><G7/><T51/><D51/><N who="2" m="19530" /><F103/><W114/><G113/><T105/><D108/><U91/><E29/><V74/><AGARI ba="0,0" hai="74,79,80,82,86,88,97,98" m="19530,41995" machi="74" ten="30,4000,0" yaku="14,1,52,1,54,1" doraHai="72" who="2" fromWho="2" sc="250,-20,250,-10,250,40,250,-10" /><INIT seed="1,0,0,3,1,84" ten="230,240,290,240" oya="1" hai0="79,102,19,47,126,127,10,129,74,131,124,58,128" hai1="108,78,68,100,109,99,55,61,56,52,110,7,35" hai2="34,89,21,116,82,42,25,60,45,36,130,107,62" hai3="115,38,95,113,64,8,80,71,123,86,9,120,29"/><U15/><E35/><V112/><F116/><W98/><G38/><T17/><D102/><U132/><E132/><V122/><F122/><W77/><G71/><T54/><D47/><U88/><E68/><V44/><F107/><W30/><G64/><T83/><REACH who="0" step="1"/><D10/><REACH who="0" ten="220,240,290,240" step="2"/><N who="1" m="4575" /><E100/><V72/><F45/><W111/><G115/><T59/><D59/><U65/><E78/><V51/><F44/><W11/><G113/><T33/><D33/><U24/><E24/><V85/><F25/><W50/><G111/><T43/><D43/><U5/><E5/><V53/><F42/><W32/><G32/><T97/><D97/><U69/><E69/><V40/><F40/><W105/><G120/><T66/><D66/><U119/><E119/><V48/><F34/><W3/><G123/><T4/><D4/><U118/><E118/><V23/><F112/><W103/><G105/><T101/><D101/><U106/><E106/><V92/><F23/><W104/><G104/><T94/><D94/><AGARI ba="0,1" hai="52,55,56,61,65,88,94,99,108,109,110" m="4575" machi="94" ten="30,12000,1" yaku="14,1,10,1,52,1,54,2" doraHai="84" who="1" fromWho="0" sc="220,-120,240,130,290,0,240,0" /><INIT seed="1,1,0,0,3,28" ten="100,370,290,240" oya="1" hai0="33,135,60,101,13,42,123,75,90,19,74,120,106" hai1="44,46,95,91,87,29,43,10,97,130,70,15,8" hai2="57,80,55,41,117,63,121,118,0,85,112,14,72" hai3="79,132,133,104,65,107,67,3,116,35,54,52,128"/><U26/><E70/><V92/><F121/><N who="0" m="46666" /><D42/><U122/><E130/><V23/><F112/><W105/><G79/><T18/><D135/><N who="3" m="51785" /><G128/><T4/><D4/><U59/><E122/><V99/><F0/><W89/><G3/><T66/><D90/><U102/><E59/><V7/><F72/><N who="0" m="27690" /><D101/><U58/><E58/><V25/><F41/><W69/><G89/><T71/><D106/><U37/><E44/><V9/><F85/><W134/><G134/><T78/><D78/><U6/><E10/><V77/><F80/><W30/><G116/><T76/><D76/><U111/><E111/><V129/><F77/><W81/><G81/><T1/><D1/><U51/><E37/><V16/><REACH who="2" step="1"/><F129/><REACH who="2" ten="100,370,280,240" step="2"/><W110/><G110/><T20/><D19/><U24/><E29/><V108/><F108/><W38/><G38/><T124/><D124/><U53/><E43/><V73/><F73/><W45/><G30/><T34/><AGARI ba="1,1" hai="13,18,20,33,34,60,66,71" m="27690,46666" machi="34" ten="40,5200,0" yaku="13,1,52,2" doraHai="28" who="0" fromWho="0" sc="100,65,370,-27,280,-14,240,-14" /><INIT seed="2,0,0,0,2,14" ten="165,343,266,226" oya="2" hai0="117,16,48,37,91,76,5,58,98,125,110,113,3" hai1="36,99,34,127,43,56,10,31,101,85,71,73,35" hai2="59,89,88,104,61,130,84,116,132,57,50,81,12" hai3="72,109,112,70,119,67,90,47,100,66,111,128,93"/><V51/><F116/><W121/><G72/><T20/><D113/><U69/><E73/><V63/><F104/><W92/><G119/><T102/><D37/><U18/><E127/><V126/><F132/><W124/><G121/><T118/><D76/><U4/><E85/><V134/><F134/><W82/><G70/><T54/><D125/><U19/><E69/><V115/><F126/><W13/><G124/><T46/><D110/><N who="3" m="41993" /><G112/><T23/><D91/><U21/><E71/><V27/><F130/><W120/><G128/><T6/><D20/><U83/><E83/><V17/><F27/><W62/><G120/><T30/><D30/><U53/><E34/><V45/><F115/><W75/><G47/><T44/><D118/><U123/><E35/><V7/><F7/><N who="0" m="2570" /><D3/><U32/><E32/><V107/><F107/><W80/><G75/><T87/><D87/><U2/><E43/><N who="2" m="24895" /><F89/><W52/><G100/><T8/><D8/><U55/><E36/><V28/><F28/><W64/><G13/><N who="0" m="9615" /><D117/><U131/><E131/><V97/><F97/><N who="3" m="57495" /><G93/><AGARI ba="0,0" hai="44,46,48,54,58,93,98,102" m="9615,2570" machi="93" ten="30,3900,0" yaku="8,1,52,1,54,1" doraHai="14" who="0" fromWho="3" sc="165,39,343,0,266,0,226,-39" /><INIT seed="3,0,0,3,2,104" ten="204,343,266,187" oya="3" hai0="30,17,130,102,118,20,43,126,115,8,29,4,1" hai1="94,53,70,92,69,33,10,112,56,113,93,44,82" hai2="100,50,88,47,48,41,116,27,51,5,40,42,19" hai3="135,38,107,7,98,61,87,133,21,97,64,89,101"/><W85/><G38/><T9/><D43/><U122/><E122/><V62/><F116/><W91/><G7/><N who="0" m="1135" /><D102/><U111/><E33/><V46/><F5/><W125/><G125/><T99/><D99/><U18/><E111/><V80/><F100/><W23/><G98/><T68/><D68/><U74/><E69/><V77/><F62/><W55/><G55/><T128/><D118/><U65/><E70/><V75/><REACH who="2" step="1"/><F88/><REACH who="2" ten="204,343,256,187" step="2"/><N who="3" m="33867" /><G61/><T96/><D126/><U12/><E113/><V25/><F25/><W129/><G129/><T109/><D115/><U36/><E112/><V58/><F58/><W79/><G64/><T131/><D109/><U13/><E65/><V120/><F120/><W86/><G79/><T123/><D123/><U63/><E63/><V15/><F15/><W76/><G76/><T35/><D4/><U52/><E13/><V119/><F119/><W127/><G127/><T117/><D117/><U73/><E56/><V78/><F78/><W95/><G107/><T22/><D131/><U132/><E44/><V134/><F134/><AGARI ba="0,1" hai="21,23,85,86,87,95,97,101,133,134,135" m="33867" machi="134" ten="30,2900,0" yaku="20,1,54,1" doraHai="104" who="3" fromWho="2" sc="204,0,343,0,256,-29,187,39" /><INIT seed="3,1,0,5,2,89" ten="204,343,227,226" oya="3" hai0="86,39,47,28,37,25,54,63,2,66,72,97,45" hai1="119,121,122,71,24,102,15,84,94,55,49,59,115" hai2="4,93,87,7,114,82,70,80,85,77,99,126,83" hai3="46,132,79,69,52,58,123,18,98,43,76,133,3"/><W6/><G123/><T81/><D72/><U129/><E115/><V107/><F114/><W38/><G69/><T73/><D73/><U36/><E36/><V9/><F70/><W111/><G98/><T109/><D109/><U51/><E71/><V64/><F107/><W12/><G111/><T50/><D2/><U130/><E119/><V26/><F126/><W60/><G6/><N who="2" m="2089" /><F64/><W118/><G3/><T90/><D45/><U32/><E15/><V56/><F56/><W27/><G27/><T62/><D97/><N who="1" m="59703" /><E84/><N who="2" m="32331" /><F26/><W19/><G118/><T31/><D28/><N who="1" m="19463" /><E49/><V78/><F9/><W13/><G76/><T88/><D90/><AGARI ba="1,0" hai="77,78,80,82,83,90,93,99" m="32331,2089" machi="90" ten="30,2000,0" yaku="8,1,52,1" doraHai="89" who="2" fromWho="0" sc="204,-23,343,0,227,23,226,0" owari="181,-32.0,343,44.0,250,5.0,226,-17.0" /></mjloggm>