<mjloggm ver="2.3"><GO type="97"/><UN n0="%5A%45%4C%44%41" n1="%EF%BC%88%E2%89%A7%E2%96%BD%E2%89%A6%EF%BC%89" n2="%E5%8F%82%E7%B3%BB%E5%A4%A7%E6%9C%AC%E5%96%B6" n3="%E3%82%B2%E3%82%AA%E3%83%AB%E3%82%B2%E3%83%8F%E3%82%B8%39%34" dan="13,15,15,14" rate="1898,2019,1916,1935" sx="M,M,M,M"/><TAIKYOKU oya="0"/><INIT seed="0,0,0,2,0,66" ten="250,250,250,250" oya="0" hai0="22,65,115,67,118,117,125,69,81,63,52,82,102" hai1="113,49,6,10,91,92,68,87,7,44,84,18,130" hai2="58,30,14,95,103,74,39,124,88,23,41,19,108" hai3="0,83,97,27,76,71,21,131,29,75,1,96,94"/><T34/><D115/><U104/><E113/><V132/><F132/><W55/><G131/><T126/><D34/><U73/><E104/><V24/><F124/><N who="0" m="47722" /><D102/><U100/><E73/><V17/><F108/><W51/><G96/><T89/><D67/><U78/><E100/><V90/><F74/><W105/><G105/><T28/><D89/><U16/><E68/><V4/><F4/><N who="1" m="1577" /><E10/><V40/><F39/><W54/><G54/><T116/><D52/><N who="1" m="29735" /><E130/><V106/><F106/><W47/><G71/><T11/><D11/><U99/><E78/><V53/><F19/><AGARI ba="0,0" hai="16,18,19,84,87,91,92,99" m="29735,1577" machi="19" ten="30,3900,0" yaku="8,1,54,2" doraHai="66" who="1" fromWho="2" sc="250,0,250,39,250,-39,250,0" /><INIT seed="1,0,0,1,2,100" ten="250,289,211,250" oya="1" hai0="127,132,43,101,48,77,41,29,42,107,133,24,10" hai1="55,46,22,50,91,113,61,25,19,109,35,68,117" hai2="135,1,40,33,16,69,57,122,12,86,36,47,58" hai3="84,49,92,51,95,90,120,131,8,130,98,82,125"/><U52/><E113/><V23/><F122/><W128/><G120/><T96/><D127/><U119/><E117/><V2/><F69/><W74/><G8/><T102/><D77/><U88/><E119/><V14/><F33/><W17/><G17/><T75/><D75/><U129/><E129/><V93/><F135/><N who="0" m="51786" /><D10/><U56/><E109/><V34/><F34/><W26/><G26/><T27/><D101/><U80/><E35/><V6/><F57/><W30/><G30/><T79/><D79/><U38/><E38/><V31/><F31/><W83/><G51/><T66/><D66/><U18/><E68/><V63/><F12/><W81/><G49/><T67/><D67/><U70/><E70/><V5/><F2/><W116/><G116/><T115/><D115/><U106/><E106/><V64/><F1/><W103/><G125/><T110/><D110/><U15/><E80/><V71/><REACH who="2" step="1"/><F71/><REACH who="2" ten="250,289,201,250" step="2"/><W124/><G124/><T37/><D29/><U0/><E0/><V4/><F4/><W111/><REACH who="3" step="1"/><G111/><REACH who="3" ten="250,289,201,240" step="2"/><T126/><D126/><U3/><E3/><V87/><F87/><W108/><G108/><T59/><D27/><U123/><E123/><V44/><F44/><W9/><G9/><AGARI ba="0,2" hai="9,15,18,19,22,25,46,50,52,55,56,61,88,91" machi="9" ten="30,11600,0" yaku="7,1,8,1,54,2" doraHai="100" who="1" fromWho="3" sc="250,0,289,136,201,0,240,-116" /><INIT seed="1,1,0,1,2,7" ten="250,425,201,124" oya="1" hai0="42,118,27,135,122,67,71,119,43,44,12,113,57" hai1="26,15,78,130,58,47,115,98,59,89,36,40,68" hai2="30,83,97,86,128,134,88,69,11,103,131,9,93" hai3="33,90,20,21,101,111,35,105,19,114,76,79,16"/><U129/><E115/><V99/><F69/><W124/><G114/><T107/><D107/><U95/><E68/><V23/><F134/><W28/><G124/><T0/><D0/><U126/><E126/><V6/><F6/><W17/><G111/><T94/><D113/><U1/><E1/><V46/><F46/><W4/><G105/><T22/><D135/><U38/><E38/><V75/><F75/><W74/><G74/><T87/><D71/><U37/><E37/><V91/><F23/><W72/><G72/><T110/><D110/><U100/><E78/><V18/><F18/><W45/><G101/><T82/><D122/><U49/><E26/><V133/><F30/><W132/><G132/><T80/><D43/><U81/><E15/><V32/><F32/><N who="3" m="12363" /><G45/><T24/><D12/><U85/><E36/><V96/><F133/><W73/><G73/><T123/><D123/><U54/><E40/><V31/><F31/><W39/><G39/><T121/><D121/><U25/><E25/><V112/><F112/><W51/><G51/><T50/><D24/><U63/><E63/><V60/><F60/><W127/><G127/><T3/><D3/><U84/><E47/><V120/><F120/><W62/><G62/><T41/><D41/><U56/><E49/><V2/><F2/><W5/><G90/><N who="0" m="53599" /><D119/><U70/><E70/><V61/><F61/><W10/><G76/><T8/><D118/><U116/><E116/><V64/><F64/><W102/><G79/><T65/><D57/><U66/><E58/><V52/><F103/><W14/><G102/><T109/><D109/><RYUUKYOKU ba="1,0" sc="250,0,425,0,201,0,124,0" /><INIT seed="2,2,0,1,0,0" ten="250,425,201,124" oya="2" hai0="100,48,1,128,75,86,15,20,107,71,33,95,101" hai1="103,126,135,45,133,40,80,72,112,50,13,10,104" hai2="129,70,94,57,99,98,122,67,74,29,53,3,39" hai3="61,17,36,109,119,120,8,102,123,89,2,121,90"/><V65/><F122/><W32/><G119/><T85/><D33/><U58/><E112/><V78/><F39/><W19/><G36/><T96/><D71/><U88/><E126/><V24/><F3/><W38/><G38/><T23/><D1/><U113/><E113/><V87/><F74/><W77/><G109/><T59/><D75/><U63/><E104/><V62/><F129/><W14/><G2/><T30/><D128/><U68/><E103/><V92/><F87/><W54/><G32/><T31/><D100/><U124/><E68/><V6/><F6/><W4/><G102/><T12/><D107/><U84/><E72/><V69/><F78/><W105/><G105/><T110/><D110/><U106/><E106/><V27/><F29/><N who="0" m="10762" /><D59/><U130/><E130/><V11/><F11/><W108/><G108/><T134/><D48/><U82/><E82/><V114/><F114/><W46/><G77/><T26/><D134/><N who="1" m="51211" /><E124/><V97/><F70/><W73/><G73/><T56/><D56/><U115/><E115/><V132/><F132/><W18/><REACH who="3" step="1"/><G46/><REACH who="3" ten="250,425,201,114" step="2"/><T51/><D101/><U44/><E45/><V111/><F111/><W55/><G55/><T76/><D76/><U91/><E44/><V116/><F116/><W79/><G79/><T21/><D26/><N who="2" m="9770" /><F65/><W83/><G83/><T49/><D23/><U60/><E80/><V42/><F42/><W41/><G41/><T125/><D125/><U34/><E40/><V35/><F35/><W52/><G52/><T43/><D21/><U16/><E34/><V37/><F37/><W93/><G93/><T9/><D43/><RYUUKYOKU ba="2,1" sc="250,-15,425,-15,201,15,114,15" hai2="53,57,62,67,69,92,94,97,98,99" hai3="4,8,14,17,18,19,54,61,89,90,120,121,123" /><INIT seed="2,3,1,2,5,74" ten="235,410,216,129" oya="2" hai0="79,103,19,22,95,73,63,56,109,1,17,104,41" hai1="130,107,93,10,92,102,68,72,127,12,39,52,54" hai2="46,120,59,37,88,106,3,18,129,13,112,128,24" hai3="30,121,84,110,70,43,15,16,66,58,119,4,76"/><V48/><F120/><W77/><G121/><T50/><D1/><U32/><E32/><V87/><F3/><W65/><G70/><T38/><D104/><U67/><E39/><V116/><F116/><W35/><G119/><T36/><D19/><U11/><E72/><V23/><F112/><W14/><G35/><T123/><D123/><U94/><E127/><V89/><F106/><W2/><G2/><T0/><D0/><U8/><E130/><N who="2" m="50283" /><F87/><W20/><G110/><T55/><D109/><U6/><E107/><V25/><F59/><W83/><G43/><T100/><D100/><U91/><E102/><V97/><F37/><W51/><G30/><T96/><D79/><N who="3" m="30281" /><G83/><T85/><D73/><U133/><E68/><V132/><F132/><W53/><G84/><T111/><D85/><N who="1" m="52335" /><E67/><V105/><F105/><W42/><G42/><T80/><D80/><U101/><E133/><V7/><F97/><W28/><G28/><T69/><D111/><U99/><E93/><V9/><F25/><W75/><G75/><T44/><REACH who="0" step="1"/><D69/><REACH who="0" ten="225,410,216,129" step="2"/><U134/><E134/><V124/><F124/><W108/><G108/><T57/><D57/><U113/><E101/><V64/><F46/><W114/><G114/><T117/><D117/><U60/><E113/><V5/><F7/><W131/><G131/><T86/><D86/><U21/><E6/><V29/><F5/><W98/><G98/><T49/><D49/><U115/><E99/><V135/><F48/><W26/><G26/><AGARI ba="3,2" hai="17,22,26,36,38,41,44,50,55,56,63,95,96,103" machi="26" ten="30,2000,0" yaku="1,1,7,1,53,0" doraHai="74" doraHaiUra="34" who="0" fromWho="3" sc="225,49,410,0,216,0,129,-29" /><INIT seed="3,0,0,3,3,36" ten="274,410,216,100" oya="3" hai0="15,110,134,72,20,58,65,26,33,54,127,114,62" hai1="89,119,90,122,120,5,91,17,29,101,32,35,37" hai2="57,56,111,102,41,135,98,53,30,129,86,22,38" hai3="64,132,40,78,104,100,88,95,81,44,27,124,74"/><W107/><G132/><T18/><D72/><U3/><E37/><V9/><F135/><W39/><G124/><T10/><D134/><U47/><E119/><V24/><F129/><W25/><G64/><T113/><D127/><U87/><E101/><V97/><F111/><W73/><G73/><T99/><D110/><U94/><E47/><V49/><F38/><W126/><G126/><T116/><D116/><U131/><E131/><V0/><F41/><W109/><G109/><T4/><D33/><U48/><E48/><V82/><F97/><W42/><G42/><T83/><D83/><U66/><E66/><V11/><F57/><W6/><G6/><T31/><D4/><U79/><E5/><V19/><F19/><W106/><REACH who="3" step="1"/><G100/><REACH who="3" ten="274,410,216,90" step="2"/><T118/><D118/><U69/><E120/><V123/><F123/><W59/><G59/><T125/><D125/><U14/><E122/><V21/><F0/><W75/><G75/><T12/><D65/><U50/><E69/><V128/><F128/><W16/><G16/><T130/><D58/><U52/><E17/><V61/><F102/><W46/><G46/><T23/><D18/><U34/><E3/><V60/><F56/><W55/><G55/><T84/><D54/><U85/><E52/><V70/><F53/><W43/><G43/><T45/><D45/><U121/><E121/><V63/><F70/><W77/><G77/><T115/><D130/><U92/><E50/><V103/><F49/><W71/><G71/><T2/><D115/><U108/><E79/><V51/><F51/><W105/><N who="3" m="27136" /><DORA hai="112" /><W28/><G28/><RYUUKYOKU ba="0,1" sc="274,-10,410,-10,216,-10,90,30" hai3="25,27,39,40,44,74,78,81,88,95" /><INIT seed="3,1,1,0,4,36" ten="264,400,206,120" oya="3" hai0="123,24,42,60,51,68,41,58,81,5,99,28,122" hai1="93,11,85,35,88,40,54,125,39,113,89,16,100" hai2="94,90,17,124,84,57,7,50,63,78,52,1,131" hai3="27,18,91,101,107,134,111,106,10,103,3,71,14"/><W46/><G71/><T8/><D68/><U116/><E35/><V15/><F131/><W80/><G134/><T49/><D99/><N who="1" m="59503" /><E113/><V92/><F124/><W110/><G3/><T135/><D135/><U53/><E39/><V13/><F1/><W87/><G27/><T66/><D81/><N who="1" m="49199" /><E40/><V2/><F2/><W30/><G30/><T0/><D123/><U62/><E116/><V96/><F7/><W83/><G83/><T126/><D122/><U69/><E69/><V31/><F31/><W117/><G117/><T129/><D126/><U86/><E62/><V128/><F128/><W26/><G26/><T33/><REACH who="0" step="1"/><D129/><REACH who="0" ten="254,400,206,120" step="2"/><U22/><E125/><V21/><F78/><W43/><G107/><T104/><D104/><U37/><E89/><N who="2" m="55311" /><F63/><W12/><G106/><T73/><D73/><U4/><E86/><V6/><F84/><W119/><G119/><T20/><D20/><U77/><E22/><V9/><F21/><N who="3" m="11463" /><G110/><T29/><D29/><U19/><E77/><V112/><F112/><W64/><G111/><T127/><D127/><U45/><E11/><V70/><F70/><W74/><G74/><T130/><D130/><U75/><E75/><V97/><F9/><W34/><G34/><T61/><D61/><U98/><E98/><V95/><F90/><W121/><G121/><T56/><D56/><U108/><E108/><V102/><F57/><W23/><G23/><T55/><D55/><U105/><E54/><V32/><F32/><W133/><G133/><T67/><D67/><U44/><E53/><V48/><F52/><W47/><G91/><T118/><D118/><RYUUKYOKU ba="1,2" sc="254,30,400,-10,206,-10,120,-10" hai0="0,5,8,24,28,33,41,42,49,51,58,60,66" owari="284,8.0,410,51.0,196,-20.0,110,-39.0" /></mjloggm>