<mjloggm ver="2.3"><GO type="169"/><UN n0="%50%6F%6E%74%61" n1="%EF%BC%88%E2%89%A7%E2%96%BD%E2%89%A6%EF%BC%89" n2="%E3%81%8A%EF%BC%81%E3%81%AA%E3%81%AB%EF%BD%9E%EF%BC%9F" n3="%E3%81%A6%E3%82%93%E3%81%BD%E3%81%84%E3%82%93%E3%81%A8" dan="16,16,16,16" rate="2105,2050,2128,2054" sx="M,M,M,F"/><TAIKYOKU oya="0"/><INIT seed="0,0,0,2,2,127" ten="250,250,250,250" oya="0" hai0="7,94,131,121,2,125,93,124,132,58,79,59,51" hai1="98,126,36,88,62,45,111,114,78,83,24,85,19" hai2="60,105,4,128,129,23,119,42,115,106,1,75,61" hai3="97,113,65,110,54,57,74,92,90,102,41,109,40"/><T53/><D121/><U134/><E114/><V64/><F115/><W38/><G113/><T26/><D132/><U91/><E126/><N who="0" m="48745" /><D26/><U100/><E134/><V73/><F42/><N who="3" m="16491" /><G74/><N who="2" m="28169" /><F23/><W68/><G38/><T29/><D29/><U130/><E36/><V28/><F28/><W32/><G32/><T77/><D59/><U8/><E45/><V107/><F64/><W55/><G68/><T17/><D17/><U122/><E122/><V49/><F49/><W101/><G65/><T10/><D131/><N who="2" m="50250" /><F119/><W87/><G109/><T133/><D133/><U9/><E111/><V84/><F84/><W31/><G110/><T89/><D94/><N who="1" m="58455" /><E130/><V37/><F37/><W56/><G31/><T99/><AGARI ba="0,0" hai="2,7,10,51,53,58,77,79,89,93,99" m="48745" machi="99" ten="30,1500,0" yaku="18,1" doraHai="127" who="0" fromWho="0" sc="250,15,250,-5,250,-5,250,-5" /><INIT seed="0,1,0,5,2,80" ten="265,245,245,245" oya="0" hai0="63,37,35,12,119,40,71,18,61,78,130,68,108" hai1="66,135,52,56,48,90,116,124,114,129,11,103,92" hai2="10,5,77,21,4,64,109,45,49,111,22,75,15" hai3="121,74,39,2,131,96,118,13,86,36,133,76,44"/><T54/><D119/><U26/><E116/><V97/><F5/><W122/><G118/><T58/><D130/><U69/><E129/><V94/><F64/><W102/><G131/><T84/><D35/><U55/><E135/><V105/><F105/><N who="3" m="63687" /><G2/><T132/><D132/><U50/><E124/><V38/><F38/><W0/><G0/><T88/><D78/><U16/><E114/><V62/><F62/><W110/><G133/><T57/><D108/><N who="2" m="41546" /><F77/><W46/><G74/><T41/><D68/><U24/><E103/><N who="2" m="60855" /><F75/><W106/><G106/><T27/><D27/><U112/><E112/><V59/><F59/><W42/><G110/><T127/><D71/><U107/><E66/><V53/><AGARI ba="1,0" hai="4,10,15,21,22,45,49,53" m="60855,41546" machi="53" ten="30,1100,0" yaku="14,1" doraHai="80" who="2" fromWho="2" sc="265,-6,245,-4,245,14,245,-4" /><INIT seed="1,0,0,1,1,95" ten="259,241,259,241" oya="1" hai0="71,23,126,40,120,84,134,117,7,96,48,133,128" hai1="29,73,19,123,26,129,24,27,89,82,53,45,8" hai2="9,42,121,32,111,50,132,113,79,6,98,43,72" hai3="46,17,80,103,85,88,78,34,15,77,58,83,11"/><U1/><E123/><V59/><F121/><W12/><G34/><T106/><D117/><U114/><E114/><V62/><F32/><W64/><G103/><T116/><D116/><U109/><E129/><V54/><F113/><W31/><G31/><T108/><D128/><U90/><E109/><V33/><F33/><W94/><G46/><T63/><D108/><U76/><E29/><V110/><F132/><W75/><G12/><T36/><D36/><U18/><E18/><V102/><F110/><W16/><G17/><T5/><D126/><U28/><E28/><V44/><F111/><W135/><G135/><T2/><D2/><U107/><E107/><V52/><F79/><N who="3" m="30219" /><G75/><T38/><D106/><U21/><E8/><V22/><F22/><W101/><G101/><T25/><D38/><U65/><E1/><V115/><F72/><W125/><G125/><T118/><D71/><U49/><REACH who="1" step="1"/><E65/><REACH who="1" ten="259,231,259,241" step="2"/><V131/><F131/><W57/><G64/><T127/><D120/><U14/><AGARI ba="0,1" hai="14,19,21,24,26,27,45,49,53,73,76,82,89,90" machi="14" ten="30,11700,0" yaku="1,1,2,1,0,1,53,1" doraHai="95" doraHaiUra="47" who="1" fromWho="1" sc="259,-39,231,127,259,-39,241,-39" /><INIT seed="1,1,0,5,5,87" ten="220,358,220,202" oya="1" hai0="114,74,66,73,12,31,123,107,88,79,108,51,115" hai1="129,46,49,11,134,84,113,130,128,24,10,85,58" hai2="8,6,23,99,112,19,38,132,14,62,106,4,95" hai3="125,52,25,64,69,67,22,21,101,91,26,34,102"/><U72/><E72/><V65/><F112/><W0/><G0/><T122/><D108/><U120/><E120/><N who="0" m="46121" /><D107/><U68/><E68/><V54/><F38/><W59/><G125/><T117/><D117/><U98/><E113/><V7/><F106/><W1/><G1/><T100/><D100/><N who="3" m="38505" /><G34/><T80/><D74/><U94/><E58/><V81/><F81/><W13/><G69/><T77/><D79/><U30/><E134/><V56/><F65/><N who="3" m="25163" /><G13/><T82/><D66/><U9/><E24/><N who="3" m="9322" /><G91/><T40/><D12/><U127/><E127/><V71/><F71/><W44/><G44/><N who="0" m="25991" /><D31/><U92/><E30/><V133/><REACH who="2" step="1"/><F23/><REACH who="2" ten="220,358,210,202" step="2"/><W116/><G116/><T60/><D80/><U111/><E111/><V61/><F61/><AGARI ba="1,1" hai="21,22,52,59,61" m="9322,25163,38505" machi="61" ten="30,2000,0" yaku="8,1,54,1" doraHai="87" who="3" fromWho="2" sc="220,0,358,0,210,-23,202,33" /><INIT seed="2,0,0,2,0,85" ten="220,358,187,235" oya="2" hai0="23,50,0,25,100,124,78,101,72,39,135,32,18" hai1="125,49,110,48,35,88,11,119,5,24,89,67,70" hai2="94,107,111,81,117,123,109,20,77,103,4,102,42" hai3="52,17,33,87,80,92,9,113,59,51,36,79,60"/><V62/><F4/><W1/><G36/><T40/><D39/><U121/><E119/><V30/><F42/><W131/><G131/><T53/><D135/><U104/><E104/><V115/><F117/><W44/><G33/><T21/><D32/><U82/><E70/><V64/><F115/><W65/><G113/><T84/><D0/><U13/><E67/><V7/><F7/><W58/><G92/><T63/><D72/><U129/><E129/><V55/><F55/><W31/><G31/><T34/><D34/><U74/><E121/><V90/><F107/><W16/><G1/><T99/><D124/><U6/><E125/><V75/><F123/><W26/><G26/><T61/><D40/><U116/><E116/><V96/><F20/><W10/><REACH who="3" step="1"/><G44/><REACH who="3" ten="220,358,187,225" step="2"/><T122/><D122/><U69/><E35/><V91/><F30/><W97/><G97/><T15/><D99/><U14/><E24/><V120/><F120/><W128/><G128/><T57/><D25/><U106/><E106/><V114/><F114/><W47/><G47/><T27/><D27/><U83/><E14/><V3/><F3/><W41/><G41/><T126/><D126/><U8/><E13/><V86/><F102/><W66/><G66/><T132/><D101/><U134/><E134/><V130/><F130/><W12/><G12/><T43/><D100/><U29/><E29/><V2/><F2/><W28/><G28/><T19/><D132/><U45/><E45/><V73/><F109/><W108/><G108/><T133/><D133/><U93/><E110/><V105/><F111/><W56/><G56/><RYUUKYOKU ba="0,1" sc="220,-10,358,-10,187,-10,225,30" hai3="9,10,16,17,51,52,58,59,60,65,79,80,87" /><INIT seed="3,1,1,0,2,61" ten="210,348,177,255" oya="3" hai0="111,28,0,106,65,93,22,66,77,70,117,21,10" hai1="35,44,7,34,69,72,87,76,130,38,83,33,9" hai2="107,92,57,128,86,113,96,20,134,127,122,59,90" hai3="29,52,79,91,129,97,32,68,48,42,41,116,99"/><W125/><G116/><T17/><D117/><U89/><E130/><V27/><F113/><W101/><G79/><T12/><D106/><U84/><E69/><V23/><F128/><W78/><G129/><T121/><D121/><U133/><E133/><V124/><F134/><W40/><G78/><T54/><D70/><U2/><REACH who="1" step="1"/><E89/><REACH who="1" ten="210,338,177,255" step="2"/><V37/><F122/><W105/><G68/><T80/><D77/><U5/><E5/><V3/><F124/><W131/><G125/><T110/><D111/><U47/><E47/><V25/><F127/><W18/><G131/><T50/><D110/><U43/><AGARI ba="1,2" hai="2,7,9,33,34,35,38,43,44,72,76,83,84,87" machi="43" ten="40,8000,1" yaku="1,1,0,1,25,2,53,1" doraHai="61" doraHaiUra="74" who="1" fromWho="1" sc="210,-21,338,103,177,-21,255,-41" /><INIT seed="4,0,0,1,5,134" ten="189,441,156,214" oya="0" hai0="104,61,44,43,55,21,107,51,29,119,47,121,125" hai1="57,2,35,54,81,30,95,1,83,76,90,96,63" hai2="129,72,24,45,115,60,99,97,50,100,71,22,32" hai3="106,42,132,114,108,79,37,80,77,109,73,53,88"/><T116/><D121/><U59/><E83/><V9/><F32/><W20/><G53/><T101/><D61/><U78/><E78/><V112/><F72/><W127/><G20/><T65/><D65/><U3/><E59/><V7/><F129/><W87/><G42/><T27/><D125/><U49/><E49/><V92/><F99/><W70/><G70/><T66/><D66/><U130/><E130/><V69/><F60/><W5/><G5/><T86/><D86/><U122/><E122/><V111/><F111/><N who="3" m="42571" /><G37/><T41/><D55/><U93/><E93/><V56/><F56/><W48/><G48/><T0/><D0/><U110/><E110/><V82/><F82/><N who="3" m="45359" /><G132/><T46/><D46/><U23/><E35/><V91/><F100/><W39/><G39/><T10/><D10/><U117/><E30/><V16/><F112/><W4/><G4/><T133/><D133/><U40/><E40/><V84/><F115/><W38/><G38/><T19/><D29/><U98/><E23/><V94/><F50/><W103/><G114/><T12/><D27/><U18/><E18/><V120/><F45/><W124/><G79/><T6/><D6/><U113/><E113/><V89/><REACH who="2" step="1"/><F120/><REACH who="2" ten="189,441,146,214" step="2"/><W58/><G58/><T126/><D47/><U118/><E57/><V131/><F131/><W75/><G75/><T33/><D51/><U102/><E63/><V123/><F123/><W52/><G52/><T28/><D44/><U74/><E54/><V14/><AGARI ba="0,1" hai="7,9,14,16,22,24,69,71,84,89,91,92,94,97" machi="14" ten="20,8000,1" yaku="1,1,0,1,7,1,54,1,53,1" doraHai="134" doraHaiUra="17" who="2" fromWho="2" sc="189,-40,441,-20,146,90,214,-20" /><INIT seed="5,0,0,4,1,107" ten="149,421,236,194" oya="1" hai0="83,50,111,93,112,126,0,22,128,31,1,6,57" hai1="103,15,127,91,25,29,60,8,132,90,30,79,23" hai2="100,80,61,4,104,11,20,106,53,85,24,118,131" hai3="12,59,21,97,48,70,66,129,62,89,64,54,9"/><U46/><E127/><V98/><F118/><W40/><G129/><T72/><D111/><U75/><E132/><V94/><F131/><W73/><G21/><T110/><D110/><U116/><E116/><V56/><F20/><W119/><G119/><T134/><D128/><U121/><E121/><V2/><REACH who="2" step="1"/><F24/><REACH who="2" ten="149,421,226,194" step="2"/><W39/><G73/><T124/><D72/><U77/><E25/><V115/><F115/><W92/><G70/><T133/><D22/><U117/><E23/><V14/><F14/><W135/><G135/><T76/><D133/><U16/><E15/><V38/><F38/><W102/><G39/><T108/><D134/><U95/><E75/><V69/><F69/><W96/><G12/><T105/><D112/><U43/><E117/><V58/><F58/><W42/><G9/><T51/><D108/><U86/><E8/><V88/><AGARI ba="0,1" hai="2,4,11,53,56,61,80,85,88,94,98,100,104,106" machi="88" ten="20,8000,1" yaku="1,1,0,1,7,1,54,1,53,1" doraHai="107" doraHaiUra="3" who="2" fromWho="2" sc="149,-20,421,-40,226,90,194,-20" /><INIT seed="6,0,0,0,1,14" ten="129,381,316,174" oya="2" hai0="90,61,8,122,22,5,124,23,68,31,57,85,123" hai1="83,26,86,109,125,130,4,15,88,62,2,117,1" hai2="129,103,43,92,17,97,75,54,25,63,50,127,87" hai3="52,66,49,69,98,42,51,44,64,37,120,91,94"/><V116/><F116/><W100/><G120/><T134/><D134/><U135/><E109/><V84/><F75/><W65/><G69/><T40/><D124/><U71/><E117/><V6/><F127/><W106/><REACH who="3" step="1"/><G52/><REACH who="3" ten="129,381,316,164" step="2"/><T32/><D68/><U73/><E125/><V77/><F129/><W58/><G58/><T46/><D122/><U121/><E130/><V107/><F43/><W28/><G28/><T36/><D123/><U93/><E121/><V30/><F63/><W7/><G7/><T132/><D132/><U89/><E135/><V105/><F6/><W115/><G115/><T74/><D57/><U29/><E62/><V76/><F17/><W59/><G59/><T11/><D61/><U113/><E71/><V126/><F126/><W47/><G47/><T96/><D31/><U72/><E113/><V79/><F105/><W102/><G102/><T55/><D55/><U0/><E4/><V48/><F107/><W99/><AGARI ba="0,1" hai="37,42,44,49,51,64,65,66,91,94,98,99,100,106" machi="99" ten="30,2000,0" yaku="1,1,0,1,53,0" doraHai="14" doraHaiUra="53" who="3" fromWho="3" sc="129,-5,381,-5,316,-10,164,30" /><INIT seed="7,0,0,3,4,117" ten="124,376,306,194" oya="3" hai0="13,14,72,75,5,68,78,71,45,125,11,132,87" hai1="66,23,114,48,36,40,131,7,3,56,63,92,109" hai2="83,76,124,84,10,25,59,104,41,26,85,1,105" hai3="47,57,116,27,2,9,73,54,99,62,32,60,34"/><W88/><G73/><T29/><D132/><U123/><E109/><V64/><F124/><W96/><G116/><T93/><D125/><U30/><E36/><V101/><F104/><W94/><G47/><T107/><D107/><U133/><E133/><V65/><F105/><W21/><G62/><T35/><D45/><N who="1" m="25639" /><E3/><V4/><F101/><W82/><G82/><T74/><D14/><U16/><E131/><V103/><F103/><W127/><G99/><T38/><D38/><U15/><E123/><V42/><F84/><W130/><G130/><T22/><D35/><U8/><E114/><V135/><F135/><W115/><G115/><T55/><D55/><U53/><E92/><V80/><F80/><W121/><G127/><T126/><D126/><U98/><E30/><V79/><F79/><W119/><G119/><T77/><D29/><U17/><E98/><V118/><F118/><W97/><G97/><T37/><D37/><U61/><E23/><V81/><F81/><W112/><G112/><T33/><D33/><U28/><E28/><V52/><F42/><W31/><G121/><T12/><D78/><U102/><E102/><V39/><F41/><W49/><G49/><T111/><D111/><U46/><E46/><V113/><F39/><W44/><G44/><T19/><REACH who="0" step="1"/><D77/><REACH who="0" ten="114,376,306,194" step="2"/><U91/><E53/><V134/><F134/><W106/><G106/><T0/><D0/><U129/><E129/><V100/><F113/><W67/><G54/><T108/><D108/><U95/><E15/><V70/><F52/><W90/><G32/><T86/><D86/><U24/><E24/><RYUUKYOKU ba="0,1" sc="114,30,376,-10,306,-10,194,-10" hai0="5,11,12,13,19,22,68,71,72,74,75,87,93" owari="144,-36.0,376,48.0,296,10.0,184,-22.0" /></mjloggm>