<mjloggm ver="2.3"><GO type="169" lobby="0"/><UN n0="%E3%82%AF%E3%83%AC%E3%82%A2" n1="%E3%81%BE%E3%81%AA%E3%81%84%E3%81%9F%E3%82%88%E3%81%86%E3%81%98%E3%82%87" n2="%EF%BC%88%E2%89%A7%E2%96%BD%E2%89%A6%EF%BC%89" n3="%66%69%63%6B%6C%65" dan="16,17,17,16" rate="2073.06,2123.08,2193.00,2009.79" sx="M,M,M,M"/><TAIKYOKU oya="0"/><INIT seed="0,0,0,4,1,86" ten="250,250,250,250" oya="0" hai0="90,74,111,15,96,56,19,83,14,39,124,18,70" hai1="28,6,5,71,133,103,41,31,13,92,109,88,3" hai2="67,97,84,7,50,81,108,75,59,117,17,10,63" hai3="122,40,4,134,132,94,12,102,72,20,2,0,26"/><T45/><D70/><U54/><E71/><V93/><F117/><W106/><G72/><T79/><D124/><U64/><E133/><N who="3" m="51306" /><G106/><T46/><D111/><U32/><E32/><V29/><F75/><W105/><G105/><T131/><D131/><U95/><E3/><V55/><F108/><W85/><G40/><T77/><D77/><U121/><E121/><V65/><F29/><W22/><G102/><T58/><D39/><U135/><E109/><V107/><F17/><W25/><G94/><T130/><D130/><U87/><E41/><V91/><F107/><W128/><G85/><T101/><D79/><U38/><E38/><V68/><F67/><W61/><G61/><T49/><D74/><U9/><E64/><V47/><F68/><W89/><G89/><T116/><D116/><U98/><E135/><V126/><F126/><W11/><G128/><T66/><D66/><U24/><E5/><V129/><F129/><W35/><G35/><T33/><D33/><U62/><E24/><N who="3" m="9322" /><G122/><T99/><D101/><U118/><E118/><V112/><F112/><W30/><G30/><T78/><D78/><U8/><E8/><V69/><F69/><W53/><G53/><T36/><D36/><U123/><E123/><V82/><REACH who="2" step="1"/><F84/><REACH who="2" ten="250,250,240,250" step="2"/><W51/><G4/><T34/><D34/><U48/><REACH who="1" step="1"/><E62/><REACH who="1" ten="250,240,240,250" step="2"/><V100/><F100/><W115/><G115/><T76/><D49/><U52/><E52/><V113/><F113/><W60/><G51/><T27/><D46/><AGARI ba="0,2" hai="6,9,13,28,31,46,48,54,87,88,92,95,98,103" machi="46" ten="30,8000,1" yaku="1,1,7,1,8,1,52,1,54,1,53,0" doraHai="86" doraHaiUra="21" who="1" fromWho="0" sc="250,-80,240,100,240,0,250,0" /><INIT seed="1,0,0,2,1,115" ten="170,340,240,250" oya="1" hai0="122,47,80,126,125,124,106,53,11,84,75,105,92" hai1="6,49,36,81,1,32,60,12,42,97,41,102,100" hai2="111,34,83,29,61,103,46,77,44,7,95,79,21" hai3="3,19,45,133,117,134,72,52,94,50,23,16,110"/><U74/><E32/><V31/><F111/><W63/><G3/><T33/><D33/><U120/><E120/><V5/><F34/><W128/><G110/><T30/><D30/><N who="2" m="11274" /><F21/><W90/><G72/><T59/><D47/><N who="2" m="17962" /><F61/><W86/><G128/><T43/><D43/><U119/><E49/><V39/><F39/><W116/><G63/><T14/><D122/><U27/><E60/><V28/><F28/><W20/><G20/><T38/><D38/><U40/><E12/><V129/><F129/><W114/><G114/><T64/><D64/><U91/><E27/><V66/><F66/><W112/><G112/><T78/><D59/><U18/><E18/><N who="3" m="6698" /><G23/><T54/><D11/><U121/><E36/><V0/><F0/><W2/><G2/><T70/><D14/><U109/><E1/><V104/><F104/><N who="0" m="40042" /><D70/><U127/><E40/><V15/><F15/><W9/><G9/><T101/><D54/><U76/><E41/><V26/><F26/><W55/><G55/><T82/><D53/><U87/><E42/><V130/><F130/><W25/><G25/><T13/><D13/><U123/><E123/><V10/><F10/><W85/><G85/><T48/><D48/><U99/><E87/><N who="2" m="48623" /><F79/><W22/><G22/><T89/><D82/><U35/><E81/><V131/><F131/><W118/><AGARI ba="0,0" hai="45,50,52,86,90,94,116,117,118,133,134" m="6698" machi="118" ten="40,12000,2" yaku="12,1,52,3,54,2" doraHai="115" who="3" fromWho="3" sc="170,-30,340,-60,240,-30,250,120" /><INIT seed="2,0,0,1,1,66" ten="140,280,210,370" oya="2" hai0="77,80,69,42,27,131,74,28,135,3,65,23,87" hai1="4,26,61,115,125,39,112,40,21,32,2,50,24" hai2="70,106,94,43,15,68,46,49,76,12,18,89,64" hai3="5,109,119,58,22,51,59,100,123,133,129,79,88"/><V33/><F106/><W105/><G119/><T103/><D135/><U55/><E39/><V93/><F33/><W82/><G123/><T128/><D42/><U16/><E40/><V48/><F76/><W85/><G133/><T71/><D65/><U96/><E96/><V104/><F104/><W92/><G109/><T117/><D117/><U67/><E125/><V56/><F12/><W81/><G129/><T122/><D122/><U54/><E4/><V102/><F102/><W19/><G5/><T108/><D108/><U29/><E2/><V127/><F127/><W36/><G51/><T63/><D63/><U98/><E98/><V97/><F93/><W72/><G36/><T45/><D45/><U62/><E62/><V31/><F31/><W90/><G90/><T134/><D134/><U52/><REACH who="1" step="1"/><E50/><REACH who="1" ten="140,270,210,370" step="2"/><V124/><F124/><W121/><G121/><T17/><D3/><U37/><E37/><V13/><F64/><W35/><G105/><T10/><D103/><U34/><E34/><V0/><F0/><W7/><G35/><T110/><D110/><U99/><E99/><V11/><REACH who="2" step="1"/><F15/><REACH who="2" ten="140,270,200,370" step="2"/><W44/><G100/><T83/><D128/><U84/><E84/><V107/><F107/><W1/><G85/><T114/><D114/><U9/><E9/><V25/><F25/><W30/><G1/><T86/><D131/><U111/><E111/><V120/><F120/><W132/><G132/><T14/><REACH who="0" step="1"/><D74/><REACH who="0" ten="130,270,200,370" step="2"/><U8/><E8/><V53/><AGARI ba="0,3" hai="11,13,18,43,46,48,49,53,56,68,70,89,94,97" machi="53" ten="30,12000,1" yaku="1,1,0,1,52,2,53,1" doraHai="66" doraHaiUra="91" who="2" fromWho="2" sc="130,-40,270,-40,200,150,370,-40" /><INIT seed="2,1,0,0,3,58" ten="90,230,350,330" oya="2" hai0="79,118,45,88,76,3,35,131,38,125,115,133,123" hai1="40,132,84,101,111,24,99,86,14,62,47,90,67" hai2="37,60,105,6,31,65,25,63,127,96,126,20,43" hai3="41,5,102,12,54,36,73,112,22,83,80,49,7"/><V55/><F6/><W98/><G112/><T87/><RYUUKYOKU type="yao9" ba="1,0" sc="90,0,230,0,350,0,330,0" hai0="3,35,38,45,76,79,87,88,115,118,123,125,131,133" /><INIT seed="2,2,0,0,1,27" ten="90,230,350,330" oya="2" hai0="38,74,83,65,3,72,126,52,55,46,68,134,117" hai1="91,115,118,119,80,116,61,20,93,10,107,54,95" hai2="89,82,8,135,88,4,59,102,19,63,76,51,114" hai3="129,70,67,79,122,103,97,13,24,33,86,133,23"/><V56/><F114/><W112/><G122/><T73/><D3/><U5/><E107/><V25/><F135/><W104/><G133/><T113/><D134/><U85/><E115/><V57/><F102/><W11/><G112/><T30/><D113/><U16/><E61/><V42/><F63/><W124/><G124/><T9/><D126/><U6/><E54/><V130/><F130/><W17/><G129/><T99/><D117/><U132/><E132/><V45/><F19/><W14/><G79/><T50/><D9/><U123/><E123/><V64/><F25/><W15/><G86/><T77/><D99/><U7/><REACH who="1" step="1"/><E10/><REACH who="1" ten="90,220,350,330" step="2"/><V71/><F64/><W31/><G11/><T48/><D38/><U94/><E94/><V39/><F39/><W66/><G66/><T81/><D81/><U28/><E28/><V75/><REACH who="2" step="1"/><F71/><REACH who="2" ten="90,220,340,330" step="2"/><W96/><G67/><T1/><D65/><U90/><E90/><V110/><F110/><W84/><G70/><T47/><D68/><U105/><E105/><V125/><F125/><W2/><G104/><T40/><D40/><U0/><E0/><AGARI ba="2,2" hai="0,4,8,42,45,51,56,57,59,75,76,82,88,89" machi="0" ten="40,3900,0" yaku="1,1,54,1,53,0" doraHai="27" doraHaiUra="21" who="2" fromWho="1" sc="90,0,220,-45,340,65,330,0" /><INIT seed="2,3,0,4,2,46" ten="90,175,405,330" oya="2" hai0="59,108,41,8,97,39,88,29,36,76,26,80,65" hai1="24,72,3,2,19,78,70,107,68,60,132,119,100" hai2="56,14,129,64,105,131,15,124,94,84,71,42,1" hai3="98,12,31,10,47,43,4,128,40,33,13,44,17"/><V133/><F105/><W95/><G128/><N who="2" m="49225" /><F133/><W110/><G110/><T37/><D108/><U130/><E19/><V50/><F1/><W90/><G31/><T25/><D8/><U77/><E130/><V38/><F124/><W114/><G33/><T27/><D65/><U102/><E24/><V18/><F71/><W28/><G28/><T101/><D59/><U30/><E60/><N who="2" m="37895" /><F38/><W51/><G114/><T85/><D76/><U122/><E30/><V93/><F84/><W9/><REACH who="3" step="1"/><G47/><REACH who="3" ten="90,175,405,320" step="2"/><T58/><D58/><U45/><E45/><N who="2" m="25911" /><F15/><W74/><G74/><T86/><D86/><U6/><E72/><V5/><F5/><W61/><G61/><T116/><D116/><U123/><E6/><V75/><F75/><W32/><G32/><T112/><D112/><U125/><E119/><V22/><AGARI ba="3,1" hai="14,18,22,93,94" m="25911,37895,49225" machi="22" ten="30,3000,0" yaku="19,1,52,1" doraHai="46" who="2" fromWho="2" sc="90,-13,175,-13,405,49,320,-13" /><INIT seed="2,4,0,5,4,73" ten="77,162,454,307" oya="2" hai0="29,47,21,80,41,75,0,54,106,120,3,108,102" hai1="10,36,122,71,5,18,48,111,67,86,97,50,99" hai2="16,35,25,77,20,14,92,66,90,27,70,103,96" hai3="133,84,38,93,44,128,125,51,91,60,87,105,42"/><V123/><F123/><W33/><G33/><T81/><D120/><U131/><E122/><V100/><F77/><W83/><G105/><T17/><D29/><U88/><E36/><V62/><F35/><W74/><G74/><T8/><D108/><U26/><E111/><V107/><REACH who="2" step="1"/><F103/><REACH who="2" ten="77,162,444,307" step="2"/><W117/><G117/><T43/><D102/><U134/><E88/><V55/><F55/><W113/><G113/><T12/><D54/><U37/><E67/><V53/><F53/><W63/><G128/><T95/><D43/><U1/><E131/><V104/><F104/><W110/><G110/><T126/><D106/><U132/><E132/><V121/><F121/><W64/><G133/><T52/><D41/><U129/><E134/><V7/><F7/><W68/><G125/><T6/><D126/><U59/><E5/><V116/><F116/><W57/><G64/><T19/><D6/><U79/><E79/><V115/><F115/><W2/><G42/><T32/><D32/><U11/><E129/><V76/><F76/><W69/><G91/><T39/><D52/><U127/><E127/><V89/><F89/><W119/><G119/><T85/><D75/><U30/><E1/><V101/><F101/><W98/><G2/><T31/><D3/><U15/><E37/><V78/><F78/><W40/><G38/><T4/><D0/><U23/><E48/><V94/><F94/><W45/><G51/><T72/><D39/><U114/><E50/><V82/><F82/><N who="0" m="31850" /><D72/><U22/><E114/><V34/><F34/><W61/><G40/><T46/><D46/><U109/><E109/><RYUUKYOKU ba="4,1" sc="77,-10,162,-10,444,30,307,-10" hai2="14,16,20,25,27,62,66,70,90,92,96,100,107" /><INIT seed="2,5,1,5,4,19" ten="67,152,474,297" oya="2" hai0="32,51,50,130,98,52,60,12,106,34,129,91,108" hai1="58,80,119,30,17,48,16,120,40,47,22,81,116" hai2="110,61,67,21,124,94,75,9,115,41,69,109,84" hai3="66,24,103,111,73,107,101,127,114,38,77,4,29"/><V10/><F75/><W125/><G111/><N who="2" m="42505" /><F124/><W95/><G107/><T118/><D108/><U7/><E7/><V104/><F104/><W45/><G4/><T62/><D118/><U25/><E120/><V117/><F41/><W65/><G77/><T68/><D12/><U72/><E119/><V99/><F115/><W122/><G122/><T63/><D68/><U55/><E116/><V128/><F128/><N who="0" m="49258" /><D50/><U27/><E72/><V15/><F84/><W49/><G73/><T13/><D13/><U121/><E121/><V85/><F85/><W64/><G38/><T93/><D106/><U8/><E8/><V43/><F43/><W105/><G105/><T2/><D2/><U54/><E54/><V0/><F0/><W90/><G114/><T71/><D71/><U3/><E3/><V83/><F83/><W132/><G127/><T86/><D86/><U97/><E97/><V82/><F82/><W36/><G36/><T14/><D14/><U57/><E80/><V42/><F42/><W96/><G125/><T133/><D133/><U70/><E81/><V113/><F117/><W135/><G132/><T1/><D1/><U79/><E79/><V102/><F113/><W53/><G135/><T37/><D37/><U31/><E70/><V126/><F126/><W33/><AGARI ba="5,1" hai="24,29,33,45,49,53,64,65,66,90,95,96,101,103" machi="33" ten="30,1100,0" yaku="0,1" doraHai="19" who="3" fromWho="3" sc="67,-8,152,-8,474,-10,297,36" /><INIT seed="3,0,0,5,4,126" ten="59,144,464,333" oya="3" hai0="92,67,65,124,54,64,34,5,101,108,15,134,21" hai1="0,128,18,66,91,94,61,45,116,10,129,95,72" hai2="8,12,125,109,69,59,135,37,102,122,115,133,87" hai3="104,60,41,68,71,73,23,25,20,90,39,7,55"/><W27/><G73/><T83/><D34/><U131/><E72/><V19/><F69/><W99/><G7/><T48/><D124/><U17/><E116/><V84/><F125/><W119/><G119/><T106/><D106/><U86/><E45/><V26/><F115/><W57/><G41/><T63/><D134/><N who="2" m="51210" /><F109/><W120/><G39/><T70/><D108/><U46/><E46/><V79/><F37/><W24/><G120/><T117/><D117/><U81/><E0/><V53/><F122/><W2/><G2/><T6/><D83/><U38/><E38/><V16/><F102/><W58/><G58/><T74/><D74/><U29/><E29/><V113/><F79/><W103/><REACH who="3" step="1"/><G90/><REACH who="3" ten="59,144,464,323" step="2"/><T35/><D101/><U98/><E94/><V51/><F113/><W97/><G97/><T100/><D70/><AGARI ba="0,1" hai="20,23,24,25,27,55,57,60,68,70,71,99,103,104" machi="70" ten="40,2000,0" yaku="1,1,53,0" doraHai="126" doraHaiUra="36" who="3" fromWho="0" sc="59,-20,144,0,464,0,323,30" /><INIT seed="3,1,0,1,4,109" ten="39,144,464,353" oya="3" hai0="21,88,38,39,37,115,96,61,14,53,89,122,102" hai1="19,118,4,128,93,119,110,71,20,16,120,80,23" hai2="43,103,58,64,32,59,134,130,123,90,124,83,30" hai3="8,55,101,70,22,11,126,42,133,114,68,56,29"/><W86/><G114/><T79/><D122/><U31/><E80/><V100/><F123/><W50/><G126/><T5/><D79/><U35/><E93/><V127/><F130/><W135/><G101/><T1/><D1/><U78/><E78/><V48/><F134/><N who="3" m="51211" /><G42/><T105/><D115/><U51/><E51/><V99/><F127/><W63/><G86/><T95/><D105/><U98/><E98/><V76/><F124/><W34/><G34/><T69/><D5/><U111/><E71/><V81/><F32/><W129/><G129/><T73/><D73/><U9/><E120/><V132/><F132/><W60/><G29/><T28/><D69/><N who="3" m="26729" /><G22/><N who="1" m="8234" /><E31/><V84/><F30/><W57/><G63/><T87/><D87/><U10/><E35/><V74/><F103/><W107/><G107/><T113/><D113/><U24/><E128/><V49/><F43/><W6/><G6/><T77/><D77/><U106/><E106/><V85/><F74/><W26/><G26/><T36/><N who="0" m="9216" /><DORA hai="15" /><T125/><D125/><U91/><E24/><V97/><F100/><W12/><G12/><T7/><D28/><U0/><E91/><V82/><F99/><W67/><AGARI ba="1,0" hai="8,11,50,55,56,57,60,67" m="26729,51211" machi="67" ten="30,1500,0" yaku="20,1" doraHai="109,15" who="3" fromWho="3" sc="39,-6,144,-6,464,-6,353,18" /><INIT seed="3,2,0,5,5,124" ten="33,138,458,371" oya="3" hai0="30,15,65,76,94,58,121,35,109,10,130,31,23" hai1="45,53,22,67,0,62,75,12,19,72,46,128,3" hai2="74,132,61,34,83,79,91,8,60,14,81,41,32" hai3="93,86,44,43,73,82,103,18,87,29,118,90,1"/><W127/><G118/><T117/><D117/><U16/><E128/><V104/><F104/><W100/><G1/><T92/><D121/><U54/><E62/><V21/><F132/><W125/><G73/><T126/><D126/><N who="3" m="48137" /><G29/><T99/><D109/><U7/><E67/><V63/><F41/><W26/><G26/><T115/><D115/><U110/><E22/><V55/><F21/><W107/><G18/><T51/><D76/><U80/><E80/><V20/><F20/><W28/><G28/><T77/><D77/><U71/><E12/><V39/><F39/><N who="3" m="21631" /><G107/><T25/><D35/><U68/><REACH who="1" step="1"/><E7/><REACH who="1" ten="33,128,458,371" step="2"/><V13/><F81/><W52/><G82/><T24/><D24/><U66/><E66/><V4/><F14/><W113/><G113/><T133/><D133/><U102/><E102/><V135/><F135/><W27/><G100/><T47/><D31/><U95/><E95/><V116/><F116/><W105/><G103/><T112/><D112/><U119/><E119/><V120/><F83/><W17/><G105/><T56/><D65/><U111/><AGARI ba="2,1" hai="0,3,16,19,45,46,53,54,68,71,72,75,110,111" machi="111" ten="25,8000,1" yaku="1,1,0,1,22,2,54,1,53,0" doraHai="124" doraHaiUra="114" who="1" fromWho="1" sc="33,-22,128,96,458,-22,371,-42" /><INIT seed="4,0,0,5,5,5" ten="11,224,436,329" oya="0" hai0="84,132,75,29,17,16,116,127,8,128,122,4,79" hai1="34,96,105,49,51,39,0,70,86,6,69,64,36" hai2="108,93,99,113,94,121,119,3,129,73,135,100,112" hai3="41,48,97,133,53,61,68,72,125,95,59,9,89"/><T131/><D75/><U101/><E86/><V21/><F108/><W31/><G72/><T111/><D122/><U22/><E22/><V81/><F121/><W87/><G133/><T55/><D116/><U47/><E34/><V92/><F3/><W44/><G125/><T11/><D132/><U32/><E32/><V56/><F135/><W114/><G114/><N who="2" m="44137" /><F129/><N who="0" m="49738" /><D127/><U76/><E76/><N who="2" m="44175" /><F119/><W12/><G31/><T45/><D111/><U104/><E47/><V67/><F21/><W30/><G30/><T88/><D79/><U46/><E46/><V58/><F67/><W78/><G68/><T98/><D98/><U40/><E96/><V7/><F7/><W90/><G78/><T115/><D115/><U26/><E6/><V71/><F71/><W102/><REACH who="3" step="1"/><G87/><REACH who="3" ten="11,224,436,319" step="2"/><T52/><D29/><U74/><E69/><V65/><F99/><W124/><G124/><T82/><D45/><U77/><E70/><V134/><F134/><W66/><G66/><T117/><D117/><U85/><E64/><V10/><F65/><W120/><G120/><T109/><D109/><U43/><E85/><V103/><F56/><W118/><G118/><T25/><D25/><U33/><E26/><V28/><F58/><W20/><G20/><T1/><D8/><U38/><E77/><V27/><F10/><W15/><G15/><T130/><N who="0" m="49746" /><T23/><DORA hai="13" /><D23/><U83/><E74/><V60/><F27/><W106/><G106/><T91/><D91/><U24/><E105/><V57/><F28/><W62/><G62/><T19/><AGARI ba="0,1" hai="1,4,11,16,17,19,52,55,82,84,88" m="49746" machi="19" ten="50,24000,3" yaku="19,1,52,4,54,3" doraHai="5,13" who="0" fromWho="0" sc="11,250,224,-80,436,-80,319,-80" /><INIT seed="4,1,0,3,0,73" ten="261,144,356,239" oya="0" hai0="135,79,42,22,116,127,54,0,26,113,56,52,12" hai1="94,71,45,122,15,5,63,88,97,41,46,17,33" hai2="100,132,81,93,109,119,58,125,30,102,48,120,134" hai3="55,25,40,98,72,59,107,37,24,95,96,68,1"/><T85/><D0/><U77/><E122/><V129/><F120/><W114/><G68/><T66/><D116/><U39/><E5/><V53/><F119/><W6/><G114/><T131/><D113/><U36/><E33/><V110/><F125/><W51/><G72/><T112/><D112/><U99/><E99/><N who="2" m="59503" /><F129/><W101/><G40/><T16/><D127/><U78/><E39/><V38/><F38/><W29/><G37/><T130/><D135/><N who="2" m="51754" /><F102/><W2/><G6/><T128/><D42/><U80/><E46/><V27/><F81/><W133/><G133/><T57/><D12/><U105/><E105/><V8/><F8/><W69/><G69/><T108/><D108/><U83/><E83/><V21/><AGARI ba="1,0" hai="21,27,30,48,53,58,109,110" m="51754,59503" machi="21" ten="30,1100,0" yaku="20,1" doraHai="73" who="2" fromWho="2" sc="261,-6,144,-4,356,14,239,-4" /><INIT seed="5,0,0,2,3,125" ten="255,140,370,235" oya="1" hai0="35,98,20,74,37,85,119,62,13,87,0,90,8" hai1="123,25,60,106,32,31,83,127,63,52,10,16,93" hai2="4,2,66,112,82,36,103,75,56,24,46,92,72" hai3="81,134,128,102,58,80,120,51,100,41,133,73,135"/><U108/><E123/><V42/><F112/><W22/><G120/><T101/><D119/><U3/><E106/><V17/><F66/><W50/><G22/><T113/><D113/><U111/><E127/><V43/><F56/><W5/><G5/><T59/><D74/><U109/><E83/><N who="3" m="31818" /><G73/><T18/><D35/><U49/><E93/><V88/><F103/><N who="3" m="39467" /><G58/><T105/><D37/><U57/><REACH who="1" step="1"/><E3/><REACH who="1" ten="255,130,370,235" step="2"/><V21/><F2/><W47/><G51/><T53/><D0/><U76/><E76/><V55/><F92/><W70/><G70/><T126/><D126/><U118/><E118/><V26/><F36/><W27/><G135/><T130/><D90/><U110/><N who="1" m="27648" /><DORA hai="44" /><U7/><E7/><V54/><F88/><W68/><G68/><T99/><D105/><U77/><E77/><V97/><F4/><W39/><G39/><T132/><D132/><U117/><E117/><V14/><F82/><W40/><G134/><T79/><D79/><U23/><E23/><V124/><F21/><W45/><G133/><T96/><D20/><U30/><E30/><V33/><F124/><W95/><G50/><T89/><D101/><U131/><E131/><V86/><F72/><W28/><G95/><N who="0" m="56431" /><D130/><U1/><E1/><V12/><F75/><W129/><G129/><T78/><D78/><U38/><E38/><V107/><F107/><W84/><G128/><T64/><D64/><U71/><E71/><V69/><F69/><W94/><G94/><T61/><D61/><U121/><E121/><V6/><F6/><W67/><G67/><T19/><D19/><U65/><E65/><RYUUKYOKU ba="0,1" sc="255,15,130,15,370,-15,235,-15" hai0="8,13,18,53,59,62,85,87,98,99" hai1="10,16,25,31,32,49,52,57,60,63" /><INIT seed="5,1,1,4,2,53" ten="270,145,355,220" oya="1" hai0="91,25,16,5,117,127,103,32,95,101,85,107,90" hai1="17,102,41,66,2,72,70,77,38,69,4,61,88" hai2="24,121,118,73,33,132,116,109,89,119,36,92,37" hai3="34,14,97,135,20,19,112,56,18,11,93,7,12"/><U9/><E102/><V48/><F73/><W58/><G34/><T106/><D117/><U113/><E17/><V49/><F109/><W27/><G112/><T60/><D5/><U21/><E21/><V130/><F130/><W8/><G135/><T59/><D32/><U31/><E31/><V124/><F132/><W80/><G80/><N who="0" m="49447" /><D127/><U94/><E113/><V43/><F124/><W45/><G45/><T129/><D106/><U64/><E64/><V1/><F1/><W131/><G131/><T26/><D26/><U35/><E35/><V3/><F3/><W87/><G87/><N who="0" m="52735" /><D107/><U86/><E70/><V76/><F24/><W81/><G81/><T115/><D115/><U55/><E55/><V134/><F33/><W100/><AGARI ba="1,1" hai="7,8,11,12,14,18,19,20,27,56,58,93,97,100" machi="100" ten="20,8000,1" yaku="0,1,7,1,8,1,52,2" doraHai="53" who="3" fromWho="3" sc="270,-21,145,-41,355,-21,220,93" /><INIT seed="6,0,0,0,0,88" ten="249,104,334,313" oya="2" hai0="83,21,40,30,62,32,28,81,63,4,95,38,114" hai1="10,127,18,105,120,122,8,133,15,68,101,3,130" hai2="113,17,102,34,94,2,53,9,121,26,41,0,16" hai3="13,24,84,87,43,107,36,86,99,111,54,89,128"/><V82/><F121/><W61/><G111/><T42/><D32/><U70/><E101/><V91/><F113/><W27/><G128/><T37/><D21/><U49/><E49/><V72/><F41/><W1/><G1/><T135/><D4/><U129/><E18/><V44/><F34/><W58/><G13/><T25/><D135/><U11/><E15/><N who="2" m="7279" /><F2/><W57/><G43/><T47/><D47/><U73/><E10/><V100/><F72/><W77/><G36/><T64/><D64/><U50/><E50/><N who="2" m="28871" /><F82/><W6/><G6/><T80/><D80/><U67/><E67/><V19/><F0/><W117/><G117/><T14/><D14/><U104/><E3/><V116/><F17/><W110/><G110/><T71/><D114/><U92/><E92/><V131/><F131/><W35/><G35/><T51/><D51/><U78/><E78/><V22/><F116/><W125/><G77/><T93/><D71/><U115/><E73/><V118/><F118/><W55/><G125/><T134/><D134/><U106/><E106/><V5/><F5/><W74/><G74/><T124/><D124/><U103/><E127/><V56/><F56/><W59/><G59/><T126/><D126/><U65/><E65/><V52/><F52/><W108/><G108/><T66/><D66/><U7/><E103/><V75/><F75/><W20/><G58/><T123/><D123/><U76/><E7/><V46/><F46/><W112/><G55/><T23/><D23/><U98/><E76/><V119/><F119/><W109/><G20/><T97/><D25/><N who="3" m="9801" /><G109/><T132/><D132/><RYUUKYOKU ba="0,0" sc="249,15,104,-15,334,15,313,-15" hai0="28,30,37,38,40,42,62,63,81,83,93,95,97" hai2="19,22,26,91,94,100,102" /><INIT seed="6,1,0,1,2,19" ten="264,89,349,298" oya="2" hai0="100,35,121,71,84,107,98,43,83,116,60,133,81" hai1="68,111,114,58,8,74,22,18,131,85,5,30,82" hai2="102,52,99,80,123,120,17,90,119,129,126,41,104" hai3="86,48,3,9,73,94,79,28,132,21,42,122,118"/><V87/><F119/><W67/><G118/><T1/><D116/><U65/><E74/><V39/><F126/><W61/><G122/><T91/><D121/><U32/><E111/><V103/><F129/><W49/><G73/><T14/><D35/><U20/><E68/><V62/><F103/><W0/><G132/><T13/><D1/><U31/><E65/><V12/><F41/><W44/><G49/><T75/><D133/><U115/><E58/><V27/><F27/><W56/><G9/><T135/><D135/><U40/><E40/><V10/><REACH who="2" step="1"/><F39/><REACH who="2" ten="264,89,339,298" step="2"/><W105/><G42/><T76/><D43/><U130/><E82/><V29/><F29/><N who="1" m="10761" /><E85/><V125/><F125/><W89/><G28/><T77/><D77/><U64/><E64/><V24/><F24/><W7/><G86/><T57/><D71/><U34/><E8/><V72/><F72/><W92/><G79/><T69/><D69/><U36/><E36/><V93/><F93/><W59/><G92/><T25/><D25/><U63/><E63/><V128/><F128/><N who="1" m="49193" /><E18/><V127/><F127/><W113/><G94/><T51/><D51/><U15/><E5/><V70/><F70/><W47/><G48/><T37/><D37/><U78/><E78/><V46/><F46/><W96/><G47/><T33/><D33/><N who="1" m="12907" /><E15/><V23/><F23/><AGARI ba="1,1" hai="20,22,23,114,115" m="12907,49193,10761" machi="23" ten="40,16000,3" yaku="28,2,19,1,34,2,52,3" doraHai="19" who="1" fromWho="2" sc="264,0,89,173,339,-163,298,0" /><INIT seed="7,0,0,5,1,54" ten="264,262,176,298" oya="3" hai0="128,98,35,85,90,38,56,134,66,55,71,114,8" hai1="1,58,91,133,12,28,135,0,129,96,82,9,16" hai2="76,87,7,78,17,41,64,37,36,57,122,123,51" hai3="31,77,46,18,124,75,63,3,79,40,116,80,2"/><W5/><G116/><T130/><D38/><N who="2" m="14954" /><F7/><W107/><G107/><T118/><D118/><U62/><E28/><V125/><F17/><W32/><G18/><T127/><D35/><U49/><E49/><V61/><F87/><W60/><G79/><T59/><D127/><U68/><E68/><N who="2" m="41999" /><F78/><W72/><G124/><T110/><D110/><U52/><E129/><N who="0" m="49769" /><D134/><N who="1" m="51211" /><E82/><V42/><F76/><W121/><G3/><T20/><D114/><U69/><E69/><V13/><F13/><W104/><G5/><T112/><D112/><U86/><E86/><V126/><F126/><W67/><G2/><T11/><D98/><U14/><E14/><V113/><F113/><W44/><G80/><N who="0" m="49447" /><D20/><U88/><E96/><V34/><F34/><W92/><G32/><T39/><D39/><U120/><E120/><N who="2" m="46123" /><F125/><W89/><G121/><T45/><D11/><N who="1" m="6175" /><E0/><V106/><F106/><W4/><G104/><T83/><D83/><U15/><E1/><V81/><F81/><W10/><G10/><T100/><D100/><U6/><AGARI ba="0,0" hai="6,9,15,52,58,62,88,91" m="6175,51211" machi="6" ten="30,8000,1" yaku="20,1,52,1,54,3" doraHai="54" who="1" fromWho="1" sc="264,-20,262,80,176,-20,298,-40" owari="244,-16.0,342,44.0,156,-34.0,258,6.0" /></mjloggm>