<mjloggm ver="2.3"><GO type="41"/><UN n0="%E3%83%90%E3%83%83%E3%83%86" n1="%E7%AB%8B%E7%9B%B4" n2="%EF%BC%88%E2%89%A7%E2%96%BD%E2%89%A6%EF%BC%89" n3="%54%65%61%6D%54%41%4B" dan="16,15,14,13" rate="2033,1991,2074,1874" sx="M,M,M,M"/><TAIKYOKU oya="0"/><INIT seed="0,0,0,2,3,98" ten="250,250,250,250" oya="0" hai0="56,23,94,132,73,50,75,127,7,129,110,15,130" hai1="134,104,18,87,96,70,48,67,14,92,115,117,42" hai2="36,107,51,69,10,113,100,53,118,126,46,79,11" hai3="25,63,13,52,90,88,125,28,81,5,124,2,108"/><T71/><D71/><U12/><E117/><V120/><F120/><W30/><G2/><T27/><D132/><U17/><E104/><V19/><F113/><W112/><G112/><T135/><D135/><U91/><E115/><V65/><F118/><W34/><G30/><T119/><D119/><U31/><E31/><V3/><F126/><N who="3" m="48747" /><G108/><T41/><D127/><U133/><E70/><V114/><F114/><W83/><G5/><T32/><D32/><U26/><E67/><V21/><F3/><W64/><G13/><T66/><D110/><U68/><E68/><V35/><F79/><W76/><G83/><T62/><D94/><U55/><E42/><V106/><F35/><W6/><G6/><T49/><D15/><U38/><E38/><V60/><F36/><W128/><G128/><N who="0" m="49259" /><D7/><U59/><E26/><V123/><F123/><W131/><G131/><T45/><D50/><U4/><E4/><V103/><F107/><W24/><G24/><T78/><D78/><U16/><E134/><V72/><F72/><N who="3" m="43143" /><G64/><T84/><D84/><U102/><E133/><V57/><F69/><W80/><G80/><T33/><D33/><U22/><E14/><N who="2" m="9463" /><F106/><W43/><G43/><T86/><D86/><U74/><E74/><V82/><F82/><W77/><G77/><T95/><D95/><U101/><E96/><V99/><F99/><W89/><G63/><T40/><D40/><U37/><E37/><V39/><F39/><W97/><G97/><T116/><D116/><U8/><E8/><AGARI ba="0,0" hai="8,10,11,46,51,53,57,60,65,100,103" m="9463" machi="8" ten="30,3900,0" yaku="8,1,52,2" doraHai="98" who="2" fromWho="1" sc="250,0,250,-39,250,39,250,0" /><INIT seed="1,0,0,4,0,35" ten="250,211,289,250" oya="1" hai0="128,44,100,24,51,132,109,55,76,75,56,64,16" hai1="117,23,50,101,113,34,135,86,70,26,10,27,21" hai2="123,39,130,97,111,46,5,129,127,114,25,33,81" hai3="7,71,40,120,28,15,87,2,104,110,36,115,41"/><U20/><E117/><V84/><F123/><W29/><G120/><T124/><D124/><U121/><E113/><V89/><F114/><W119/><G115/><T48/><D128/><N who="2" m="49258" /><F127/><W98/><G119/><T13/><D132/><U49/><E135/><V68/><F68/><W134/><G2/><T93/><D24/><U67/><E121/><V6/><F111/><W66/><G134/><T63/><D109/><U80/><E101/><V57/><F57/><W53/><G110/><T37/><D37/><U17/><E34/><V69/><F69/><W82/><G36/><T22/><D75/><U94/><E94/><V125/><F97/><W42/><G104/><T9/><D76/><U95/><E95/><V103/><F103/><W131/><G131/><T73/><D73/><U108/><E108/><V45/><F125/><W72/><G72/><T61/><D61/><U62/><E10/><V0/><F39/><W102/><G71/><T88/><D51/><U38/><E38/><V8/><F6/><W91/><G66/><T14/><D100/><U30/><REACH who="1" step="1"/><E23/><REACH who="1" step="2"/><V118/><F118/><W54/><G102/><T99/><D22/><U126/><E126/><V106/><F106/><W90/><G98/><T74/><D99/><U31/><E31/><AGARI ba="0,1" hai="0,5,8,25,31,33,45,46,81,84,89" m="49258" machi="31" ten="30,2000,0" yaku="19,1,52,1" doraHai="35" who="2" fromWho="1" sc="250,0,201,-20,289,30,250,0" /><INIT seed="2,0,0,3,1,121" ten="250,181,319,250" oya="2" hai0="86,70,83,6,67,119,32,52,78,17,35,87,60" hai1="88,47,34,104,53,31,69,46,8,45,128,122,81" hai2="62,133,4,131,50,12,19,3,10,57,30,77,118" hai3="21,23,76,36,18,105,54,1,55,9,125,20,116"/><V43/><F118/><W93/><G116/><T99/><D119/><U106/><E122/><V80/><F133/><W39/><G105/><T2/><D2/><U14/><E69/><V114/><F114/><W16/><G76/><T25/><D6/><U74/><E128/><V49/><F131/><W64/><G64/><T132/><D132/><U65/><E65/><V37/><F30/><W29/><G29/><T58/><D99/><U41/><E34/><V82/><F37/><N who="3" m="14411" /><G1/><T100/><D100/><U42/><E31/><V75/><F82/><W38/><N who="3" m="14419" /><W24/><DORA hai="7" /><G9/><T115/><D115/><U102/><E102/><V63/><F43/><W123/><G123/><T112/><D112/><U124/><E124/><V130/><F130/><W72/><G125/><T51/><D87/><N who="1" m="50287" /><E104/><V113/><F113/><W33/><G33/><T117/><D117/><U111/><E111/><V85/><F85/><W91/><G72/><T103/><D103/><U13/><E106/><V92/><F92/><W26/><G93/><T108/><D108/><U110/><E74/><V135/><F135/><W134/><G91/><T120/><D120/><U109/><E110/><V101/><F101/><W71/><G134/><T27/><D27/><N who="3" m="10281" /><G71/><T79/><D79/><U68/><E68/><V96/><F96/><W56/><G56/><T61/><D61/><N who="2" m="23050" /><F57/><W11/><G11/><T94/><D94/><U15/><E8/><N who="2" m="6535" /><F49/><W59/><G59/><T44/><D70/><U73/><E73/><N who="2" m="43055" /><F50/><W28/><G28/><T48/><D48/><N who="1" m="28815" /><E109/><V66/><F75/><W0/><G0/><T89/><D78/><RYUUKYOKU ba="0,0" sc="250,0,181,0,319,0,250,0" hai0="17,25,32,35,44,51,52,58,60,67,83,86,89" hai1="13,14,15,41,42,46,47" hai2="3,4,10,66" hai3="16,18,20,21,23,54,55" /><INIT seed="2,1,0,4,2,46" ten="250,181,319,250" oya="2" hai0="117,90,20,78,94,80,66,89,11,125,87,73,18" hai1="44,55,131,9,100,129,28,56,35,33,30,81,19" hai2="113,34,12,61,6,14,10,99,60,1,85,109,52" hai3="13,121,54,62,53,118,114,77,4,111,108,47,45"/><V119/><F119/><W63/><G77/><T130/><D117/><U3/><E100/><V92/><F113/><W70/><G118/><T107/><D125/><U40/><E35/><V16/><F34/><W124/><G4/><T37/><D130/><N who="1" m="49675" /><E33/><V97/><F109/><N who="3" m="42059" /><G13/><T42/><D11/><U134/><E134/><V39/><F39/><W123/><G124/><T133/><D133/><U84/><E3/><V112/><F112/><W22/><G22/><T38/><D66/><U26/><E9/><N who="2" m="6159" /><F1/><W50/><G114/><T29/><D29/><U7/><E7/><V120/><F120/><N who="3" m="46155" /><G70/><T74/><D74/><U64/><E19/><V21/><F21/><W102/><G102/><T17/><D17/><U15/><E26/><V135/><F135/><W41/><G47/><T49/><D107/><U36/><E15/><V0/><F0/><W132/><G132/><T115/><D115/><U48/><E64/><V24/><F24/><W32/><G32/><T98/><D37/><U71/><E71/><V96/><F52/><AGARI ba="1,0" hai="41,45,50,52,53,54,62,63" m="46155,42059" machi="52" ten="30,8000,1" yaku="14,1,34,2,52,1,54,1" doraHai="46" who="3" fromWho="2" sc="250,0,181,0,319,-83,250,83" /><INIT seed="3,0,0,4,2,55" ten="250,181,236,333" oya="3" hai0="5,73,82,76,0,102,1,81,84,85,127,105,18" hai1="19,50,16,95,75,35,44,60,66,107,12,33,3" hai2="112,39,119,106,37,53,56,10,24,94,71,96,109" hai3="15,74,61,4,63,130,116,57,101,93,133,87,124"/><W77/><G116/><T100/><D127/><U64/><E107/><V51/><F119/><W99/><G124/><T54/><D105/><U22/><E3/><V45/><F112/><W113/><G113/><T121/><D121/><U135/><E75/><V129/><F129/><W49/><G74/><T110/><D110/><U30/><E135/><V103/><F109/><W42/><G133/><T92/><D73/><U125/><E30/><V7/><F71/><W8/><G130/><T17/><D92/><U132/><E132/><V111/><F111/><W123/><G123/><T58/><D5/><U69/><E66/><V115/><F115/><W104/><G104/><T48/><D1/><U83/><E83/><V80/><F80/><N who="3" m="47503" /><G57/><T47/><D47/><AGARI ba="0,0" hai="4,8,15,42,47,49,61,63,93,99,101" m="47503" machi="47" ten="30,2900,0" yaku="25,1,8,1" doraHai="55" who="3" fromWho="0" sc="250,-29,181,0,236,0,333,29" /><INIT seed="3,1,0,4,3,23" ten="221,181,236,362" oya="3" hai0="124,90,107,12,105,87,21,8,22,37,43,38,103" hai1="106,119,2,30,5,11,77,59,101,117,45,55,104" hai2="71,40,134,51,86,100,61,132,135,67,111,42,94" hai3="60,68,65,99,102,84,113,44,114,15,29,130,83"/><W33/><G130/><T131/><D131/><U1/><E77/><V89/><F111/><W14/><G44/><T120/><D120/><U16/><E45/><V31/><F31/><W3/><G3/><T108/><D108/><U95/><E2/><V34/><F34/><W126/><G126/><T66/><D124/><U41/><E41/><V109/><F109/><W112/><G33/><T123/><D123/><U121/><E121/><V53/><REACH who="2" step="1"/><F100/><REACH who="2" step="2"/><W110/><G110/><T56/><D103/><U32/><E101/><V91/><F91/><W93/><REACH who="3" step="1"/><G29/><REACH who="3" step="2"/><T78/><D38/><U0/><E30/><V88/><F88/><AGARI ba="1,2" hai="14,15,60,65,68,83,84,88,93,99,102,112,113,114" machi="88" ten="40,7700,0" yaku="1,1,2,1,54,1,53,0" doraHai="23" doraHaiUra="52" who="3" fromWho="2" sc="221,0,181,0,226,-80,352,100" /><INIT seed="3,2,0,5,1,81" ten="221,181,146,452" oya="3" hai0="100,127,52,28,104,57,107,9,13,21,48,22,110" hai1="24,103,79,99,91,87,115,14,40,1,88,50,55" hai2="98,44,11,118,42,54,84,39,130,16,75,124,29" hai3="62,96,80,120,78,20,113,112,106,111,132,58,114"/><W108/><G120/><T93/><D110/><N who="3" m="42025" /><G20/><T121/><D121/><U12/><E115/><V135/><F118/><W2/><G2/><T35/><D127/><U102/><E1/><V94/><F75/><N who="3" m="43103" /><G132/><T45/><D35/><U109/><E40/><V19/><F135/><W23/><G23/><T71/><D71/><U38/><E38/><V74/><F74/><W97/><G58/><T126/><D126/><U72/><E109/><V15/><F124/><W25/><G62/><T41/><D22/><U116/><E116/><V59/><F130/><W56/><G56/><T17/><D21/><U85/><E24/><V101/><F29/><W117/><G25/><T30/><D107/><U67/><E67/><V119/><F119/><W53/><G53/><T36/><D104/><U27/><E27/><V31/><F31/><W69/><G69/><T129/><D129/><U47/><E14/><V49/><REACH who="2" step="1"/><F84/><REACH who="2" step="2"/><W123/><G117/><T77/><D30/><U26/><E72/><V46/><F46/><W7/><G123/><T95/><D28/><U86/><E79/><V89/><F89/><N who="1" m="34377" /><E99/><N who="3" m="37962" /><G7/><AGARI ba="2,1" hai="7,11,15,16,19,39,42,44,49,54,59,94,98,101" machi="7" ten="30,3900,0" yaku="1,1,7,1,54,1,53,0" doraHai="81" doraHaiUra="122" who="2" fromWho="3" sc="221,0,181,0,136,55,452,-45" /><INIT seed="4,0,0,1,4,38" ten="221,181,191,407" oya="0" hai0="110,93,84,37,25,5,106,128,18,15,73,12,20" hai1="4,116,131,114,103,36,52,49,34,85,125,98,41" hai2="102,118,30,58,69,9,80,117,108,119,19,88,63" hai3="28,1,35,13,27,129,48,76,51,53,29,44,56"/><T101/><D37/><U2/><E116/><V132/><F108/><W17/><G1/><T39/><D39/><U23/><E34/><V8/><F132/><W61/><G129/><T47/><D128/><U26/><E131/><V94/><F69/><W112/><G112/><T59/><D73/><U81/><E114/><V32/><F102/><W75/><G75/><T100/><D106/><U54/><E125/><V78/><F19/><W77/><G29/><T43/><D59/><U3/><E36/><V96/><F30/><W133/><G133/><T87/><D110/><U95/><E2/><V10/><F32/><W104/><G104/><T89/><D87/><U130/><E130/><V127/><F127/><W115/><G115/><T134/><D15/><U111/><E111/><V122/><F122/><W99/><G99/><T60/><D60/><U86/><E3/><V120/><F120/><W65/><REACH who="3" step="1"/><G51/><REACH who="3" step="2"/><N who="0" m="27135" /><D134/><U66/><E49/><V21/><F119/><W74/><G74/><T121/><D121/><U70/><E98/><V22/><F118/><W7/><G7/><T14/><D5/><U68/><E4/><V123/><F117/><W105/><G105/><T71/><D71/><U82/><E70/><V72/><REACH who="2" step="1"/><F123/><REACH who="2" step="2"/><W83/><G83/><T135/><D135/><U92/><E68/><V97/><F97/><W57/><G57/><T24/><D101/><U79/><E103/><V109/><F109/><W124/><G124/><T67/><D100/><U45/><E82/><V55/><AGARI ba="0,2" hai="8,9,10,21,22,55,58,63,72,78,80,88,94,96" machi="55" ten="30,4000,0" yaku="1,1,0,1,54,1,53,0" doraHai="38" doraHaiUra="11" who="2" fromWho="2" sc="221,-20,181,-10,181,60,397,-10" /><INIT seed="5,0,0,3,0,72" ten="201,171,241,387" oya="1" hai0="29,44,106,3,132,83,104,100,82,123,116,92,35" hai1="27,84,17,71,97,135,20,73,77,50,2,99,90" hai2="79,7,11,93,107,66,81,98,103,110,70,65,108" hai3="96,58,78,56,131,74,51,69,113,67,52,88,64"/><U112/><E71/><V122/><F122/><W30/><G131/><T62/><D3/><U76/><E2/><N who="2" m="503" /><F65/><W126/><G126/><T36/><D116/><U23/><E135/><V111/><F93/><W41/><G113/><T125/><D125/><U80/><E112/><V37/><F37/><W1/><G1/><T101/><D132/><U19/><E50/><V68/><F66/><N who="3" m="25131" /><G69/><T75/><D75/><AGARI ba="0,0" hai="68,70,75,79,81,98,103,107,108,110,111" m="503" machi="75" ten="30,2000,0" yaku="23,1,52,1" doraHai="72" who="2" fromWho="0" sc="201,-20,171,0,241,20,387,0" /><INIT seed="6,0,0,1,4,62" ten="181,171,261,387" oya="2" hai0="65,63,51,125,89,110,44,107,93,61,58,90,41" hai1="88,37,103,19,133,32,96,97,85,13,17,23,12" hai2="82,70,81,26,100,48,132,116,79,104,119,78,92" hai3="83,121,53,102,59,113,69,117,29,2,50,74,123"/><V131/><F70/><W87/><G117/><N who="2" m="45129" /><F48/><W40/><G74/><T128/><D110/><U1/><E1/><V108/><F26/><W56/><G69/><T20/><D107/><U15/><E37/><V80/><F108/><W18/><G2/><T60/><D128/><U8/><E32/><V67/><F67/><W135/><G135/><T22/><D90/><U109/><E133/><V0/><F0/><W42/><G102/><T114/><D125/><U28/><E109/><V25/><F25/><W31/><G123/><T118/><D114/><U134/><E134/><V64/><F64/><W115/><G121/><T30/><D118/><U4/><E103/><V10/><F10/><W106/><G106/><T36/><D36/><U66/><E66/><V101/><F132/><W52/><G18/><T98/><D20/><U45/><E45/><V122/><F122/><W72/><G72/><T94/><D94/><N who="1" m="54543" /><E28/><V68/><F68/><W5/><G5/><T77/><D77/><N who="2" m="29194" /><F131/><W71/><G71/><T21/><D21/><AGARI ba="0,0" hai="4,8,12,13,15,17,19,21,23,96,97" m="54543" machi="21" ten="30,2000,0" yaku="8,1,54,1" doraHai="62" who="1" fromWho="0" sc="181,-20,171,20,261,0,387,0" /><INIT seed="7,0,0,5,2,82" ten="161,191,261,387" oya="3" hai0="131,42,52,18,48,56,119,71,54,80,106,32,29" hai1="9,27,43,5,62,51,102,83,132,17,59,21,69" hai2="1,66,3,109,70,57,112,60,65,76,99,111,75" hai3="108,33,97,44,23,28,87,113,130,11,91,135,0"/><W34/><G113/><T2/><D119/><U133/><E69/><V30/><F112/><W26/><G130/><T39/><D2/><U16/><E102/><V98/><F1/><W105/><G135/><N who="1" m="51786" /><E83/><V24/><F3/><W81/><G108/><T124/><D106/><U114/><E114/><V126/><F111/><W117/><G117/><T95/><D80/><U121/><E121/><V35/><F109/><W128/><G128/><T74/><D74/><U41/><E17/><V88/><F126/><W7/><G44/><T50/><D124/><U61/><E51/><V93/><F76/><W47/><G105/><T25/><D71/><U123/><E123/><V127/><F75/><W67/><G67/><T15/><D131/><U125/><E125/><V120/><F127/><W38/><REACH who="3" step="1"/><G97/><REACH who="3" step="2"/><T73/><D73/><U94/><E94/><V45/><F120/><W14/><G14/><T19/><D95/><U115/><E115/><V49/><F66/><W86/><G86/><T36/><D15/><N who="1" m="5551" /><E61/><V22/><F60/><W104/><G104/><T96/><D96/><U100/><E62/><V90/><F99/><W55/><G55/><T20/><D42/><AGARI ba="0,1" hai="0,7,11,23,26,28,33,34,38,42,47,81,87,91" machi="42" ten="40,12000,1" yaku="1,1,52,1,53,2" doraHai="82" doraHaiUra="31" who="3" fromWho="0" sc="161,-120,191,0,261,0,377,130" owari="41,-46,191,-21,261,6,507,61" /></mjloggm>