<mjloggm ver="2.3"><GO type="169"/><UN n0="%EF%BC%88%E2%89%A7%E2%96%BD%E2%89%A6%EF%BC%89" n1="%6B%6F%67%65%70%61%6E" n2="%E8%8A%8B%EF%BC%A0%EF%BC%90%EF%BC%98%E2%80%99" n3="%67%69%6A%79%75%74%75" dan="18,17,16,16" rate="2162,2143,2070,2046" sx="M,M,M,M"/><TAIKYOKU oya="0"/><INIT seed="0,0,0,0,0,95" ten="250,250,250,250" oya="0" hai0="44,46,39,126,101,45,114,10,123,14,110,85,13" hai1="119,79,88,18,37,127,59,86,125,51,9,19,48" hai2="129,91,72,131,99,132,29,5,93,113,106,97,116" hai3="78,89,25,111,47,36,16,56,57,67,103,1,75"/><T35/><D35/><U2/><E119/><V52/><F113/><W50/><G36/><T102/><D114/><U20/><E37/><V84/><F72/><W55/><G1/><T41/><D123/><U77/><E79/><V96/><F116/><W128/><G128/><N who="2" m="49225" /><F132/><W30/><G111/><T74/><D74/><U104/><E77/><V12/><F29/><W133/><G133/><T71/><D71/><U40/><E104/><V64/><F64/><W22/><G67/><T135/><D135/><U73/><E73/><V122/><F122/><W49/><G103/><T66/><D66/><U28/><E28/><V11/><F52/><W118/><G118/><T70/><D70/><U42/><E2/><V38/><F38/><W68/><G68/><T115/><D115/><U121/><E121/><V87/><F87/><W90/><G57/><T105/><D110/><U117/><E59/><V81/><F106/><W120/><G120/><T32/><D32/><U94/><E117/><V33/><F33/><W69/><G69/><T134/><D134/><U109/><E109/><V34/><F34/><W17/><G78/><AGARI ba="0,0" hai="5,11,12,78,81,84,91,93,96,97,99" m="49225" machi="78" ten="30,7700,0" yaku="19,1,52,3" doraHai="95" who="2" fromWho="3" sc="250,0,250,0,250,77,250,-77" /><INIT seed="1,0,0,3,3,1" ten="250,250,327,173" oya="1" hai0="84,18,111,58,102,42,78,57,54,23,21,87,113" hai1="90,39,85,65,10,25,103,37,13,50,68,44,34" hai2="61,76,99,74,98,38,35,7,120,20,82,60,109" hai3="106,127,11,105,86,71,121,115,24,12,93,14,110"/><U41/><E103/><V116/><F35/><W49/><G71/><T26/><D113/><U133/><E133/><V45/><F116/><W5/><G121/><T126/><D126/><U132/><E132/><V75/><F75/><W97/><G115/><T101/><D111/><U95/><E68/><V2/><F120/><W32/><G110/><T130/><D130/><U128/><E65/><V55/><F20/><W135/><G127/><T48/><D42/><U66/><E66/><V91/><F109/><W124/><G124/><T28/><D58/><U6/><REACH who="1" step="1"/><E128/><REACH who="1" ten="250,240,327,173" step="2"/><V122/><F122/><W107/><G135/><T15/><D78/><U36/><E36/><V118/><F118/><W30/><G86/><AGARI ba="0,1" hai="15,18,21,23,26,28,48,54,57,84,86,87,101,102" machi="86" ten="40,1300,0" yaku="8,1" doraHai="1" who="0" fromWho="3" sc="250,23,240,0,327,0,173,-13" /><INIT seed="2,0,0,0,2,50" ten="273,240,327,160" oya="2" hai0="62,51,135,1,81,42,56,78,125,11,119,120,97" hai1="71,43,25,0,40,82,95,24,18,132,115,129,99" hai2="53,46,117,20,65,55,60,61,30,31,86,7,111" hai3="113,128,102,88,114,22,67,17,87,64,69,32,58"/><V96/><F117/><W83/><G32/><T116/><D120/><U109/><E115/><N who="3" m="44042" /><G69/><T90/><D125/><U130/><E71/><V21/><F7/><W8/><G102/><T133/><D1/><U68/><E68/><V23/><F111/><W54/><G8/><T79/><D11/><U6/><E109/><V45/><F96/><W29/><G29/><N who="2" m="10761" /><F86/><W108/><G128/><T107/><D119/><U19/><E99/><V12/><F12/><N who="3" m="9511" /><G108/><T15/><D116/><U118/><E118/><V35/><F35/><W89/><G89/><T85/><D107/><U52/><E6/><V27/><F27/><W14/><G14/><T77/><D15/><U16/><E0/><V106/><F106/><W84/><G87/><T34/><D34/><U122/><E130/><V28/><F28/><W103/><G103/><T112/><D112/><U63/><E129/><V134/><F134/><W39/><G39/><T66/><D97/><U74/><E132/><V59/><F61/><AGARI ba="0,0" hai="54,58,61,64,67,83,84,88" m="9511,44042" machi="61" ten="30,3900,0" yaku="11,1,52,1,54,1" doraHai="50" who="3" fromWho="2" sc="273,0,240,0,327,-39,160,39" /><INIT seed="3,0,0,4,4,71" ten="273,240,288,199" oya="3" hai0="48,44,91,52,99,58,54,94,125,16,78,95,31" hai1="41,64,81,9,39,82,51,35,128,46,120,28,3" hai2="60,77,102,21,18,83,12,6,62,47,97,106,107" hai3="10,85,121,57,66,115,90,17,112,59,119,40,117"/><W63/><G121/><T134/><D125/><U68/><E120/><V56/><F6/><W116/><G40/><T22/><D134/><U53/><E128/><V67/><F106/><W93/><REACH who="3" step="1"/><G59/><REACH who="3" ten="273,240,288,189" step="2"/><T76/><D31/><U87/><E28/><V105/><F105/><W118/><N who="3" m="29696" /><DORA hai="127" /><W103/><G103/><T1/><D1/><U38/><E41/><V4/><F56/><W96/><G96/><T80/><D95/><U45/><E3/><V55/><F97/><W84/><G84/><T15/><REACH who="0" step="1"/><D80/><REACH who="0" ten="263,240,288,189" step="2"/><U34/><E82/><V73/><F83/><W129/><G129/><T113/><D113/><U109/><E81/><V37/><F107/><W61/><G61/><AGARI ba="0,2" hai="15,16,22,44,48,52,54,58,61,76,78,91,94,99" machi="61" ten="30,12000,2" yaku="1,1,7,1,8,1,54,2,53,1" doraHai="71,127" doraHaiUra="26,19" who="0" fromWho="3" sc="263,140,240,0,288,0,189,-120" /><INIT seed="4,0,0,3,5,77" ten="403,240,288,69" oya="0" hai0="36,3,109,97,35,67,28,54,83,85,14,47,2" hai1="84,25,71,9,100,133,29,116,120,22,115,80,105" hai2="66,30,62,37,129,44,11,112,135,104,49,99,50" hai3="93,86,59,19,41,70,110,90,8,95,65,126,123"/><T119/><D119/><U64/><E116/><V106/><F112/><W33/><G33/><T55/><D67/><U51/><E120/><V18/><F30/><W34/><G34/><T40/><D109/><U96/><E133/><V10/><F135/><W12/><G110/><T31/><D2/><U128/><E128/><V103/><F106/><W118/><G118/><T4/><D3/><U39/><E39/><V78/><F129/><W122/><G70/><T60/><D97/><U108/><E108/><V73/><F37/><W1/><G126/><T101/><D101/><U26/><E115/><V6/><F18/><W21/><G41/><T46/><D35/><U125/><E125/><V58/><F49/><W42/><G42/><T94/><D94/><U81/><E51/><V124/><F124/><W15/><G1/><T16/><D4/><U134/><E134/><V74/><F78/><W61/><G123/><T48/><D55/><U52/><E52/><V82/><F10/><W24/><G122/><T69/><D60/><N who="1" m="40327" /><E9/><V13/><F82/><N who="3" m="49495" /><G12/><T130/><D130/><U38/><E38/><V63/><F63/><W23/><G23/><T56/><D69/><U76/><E22/><V102/><F102/><W27/><G27/><T57/><D57/><U88/><E29/><AGARI ba="0,0" hai="8,15,19,21,24,29,59,61,65,93,95" m="49495" machi="29" ten="30,2000,0" yaku="8,1,52,1" doraHai="77" who="3" fromWho="1" sc="403,0,240,-20,288,0,69,20" /><INIT seed="5,0,0,0,2,66" ten="403,220,288,89" oya="1" hai0="92,78,6,98,35,29,59,130,101,69,17,79,12" hai1="32,105,48,129,37,127,25,42,0,117,116,65,71" hai2="18,93,36,15,53,81,121,19,120,62,114,21,41" hai3="14,61,72,89,49,76,58,82,60,88,99,52,38"/><U113/><RYUUKYOKU type="yao9" ba="0,0" sc="403,0,220,0,288,0,89,0" hai1="0,25,32,37,42,48,65,71,105,113,116,117,127,129" /><INIT seed="5,1,0,2,2,85" ten="403,220,288,89" oya="1" hai0="24,36,73,2,4,64,106,0,65,28,7,90,10" hai1="87,118,9,15,117,35,70,123,121,59,51,93,126" hai2="104,60,49,101,111,42,58,6,97,129,72,116,40" hai3="91,100,1,48,132,11,18,71,19,57,32,12,79"/><U108/><E70/><V5/><F111/><W124/><G71/><T128/><D73/><U125/><E35/><V23/><F72/><W135/><G32/><T17/><D106/><U61/><E51/><V26/><F116/><N who="1" m="44649" /><E87/><V110/><F110/><W33/><G33/><T22/><D36/><U44/><E93/><V38/><F49/><W119/><G119/><T130/><D28/><U47/><E108/><V127/><F127/><N who="1" m="48649" /><E15/><V56/><F38/><W27/><G124/><T45/><D45/><N who="1" m="17483" /><E9/><V133/><F42/><W122/><G1/><T114/><D2/><U25/><E25/><V78/><F40/><W43/><G122/><T21/><D0/><U115/><E115/><V94/><F94/><W29/><G29/><T84/><D114/><U74/><E74/><V98/><F98/><W88/><G100/><T14/><D4/><U134/><E134/><N who="3" m="51242" /><G79/><T89/><D22/><U34/><E34/><V50/><F23/><N who="3" m="13823" /><G43/><T37/><D37/><U81/><E81/><V52/><F133/><W53/><AGARI ba="1,0" hai="11,12,18,48,53,57,88,91" m="13823,51242" machi="53" ten="30,7900,0" yaku="20,1,52,2,54,1" doraHai="85" who="3" fromWho="3" sc="403,-21,220,-40,288,-21,89,82" /><INIT seed="6,0,0,1,5,125" ten="382,180,267,171" oya="2" hai0="31,14,58,49,48,62,27,42,30,21,2,105,86" hai1="121,96,5,50,130,100,128,116,60,84,75,0,53" hai2="15,114,57,109,66,26,78,120,4,38,56,13,129" hai3="25,119,16,34,59,102,8,115,6,80,72,88,93"/><V29/><F120/><W67/><G119/><T79/><D2/><U104/><E75/><V51/><F38/><W112/><G102/><T111/><D105/><U95/><E116/><V39/><F39/><W19/><G80/><N who="0" m="47391" /><D111/><U23/><E121/><V118/><F118/><W103/><G103/><T87/><D14/><U35/><E35/><V7/><F109/><W77/><G77/><T106/><D106/><U107/><E60/><V37/><F37/><W3/><G72/><T132/><D132/><U82/><E23/><N who="2" m="15583" /><F78/><W10/><G67/><N who="0" m="39383" /><D42/><U64/><E5/><V55/><F114/><N who="3" m="43563" /><G59/><T32/><D32/><U134/><E0/><V81/><F81/><W69/><G69/><T108/><D108/><U97/><E64/><V133/><F133/><W45/><G45/><T33/><D33/><U70/><E70/><V99/><F56/><W12/><G34/><T110/><D110/><U52/><E134/><V11/><F66/><W54/><G54/><N who="1" m="21098" /><E50/><V61/><F51/><W36/><G36/><T43/><D43/><U63/><E63/><V47/><F47/><W24/><G19/><N who="0" m="12735" /><D48/><U20/><E107/><V90/><F61/><W22/><G8/><T85/><D49/><U44/><E44/><V9/><F55/><W91/><G91/><T68/><D68/><U40/><E40/><V94/><F57/><W113/><N who="3" m="43571" /><W74/><DORA hai="83" /><G74/><T73/><D73/><U41/><E41/><V28/><F90/><W123/><G123/><T126/><D30/><U135/><E135/><V124/><F28/><W127/><G127/><T98/><D126/><U76/><E20/><RYUUKYOKU ba="0,0" sc="382,-15,180,15,267,-15,171,15" hai1="76,82,84,95,96,97,100,104,128,130" hai3="3,6,10,12,16,22,24,25,88,93" /><INIT seed="7,1,0,1,5,125" ten="367,195,252,186" oya="3" hai0="33,97,45,74,18,69,14,135,78,19,56,112,83" hai1="39,62,65,122,31,50,35,104,99,76,66,75,9" hai2="13,81,72,12,57,115,121,129,71,123,1,52,127" hai3="17,51,92,59,77,94,103,22,64,2,107,111,0"/><W26/><G77/><T5/><D33/><U16/><E39/><V37/><F1/><W61/><G107/><T79/><D69/><N who="1" m="42167" /><E66/><V109/><F71/><W23/><G111/><T130/><D135/><U25/><E50/><V131/><F109/><W91/><G51/><T53/><D112/><U8/><E122/><N who="2" m="46603" /><F37/><W134/><G134/><T132/><D97/><U80/><E16/><V86/><F72/><W87/><G103/><AGARI ba="1,0" hai="8,9,25,31,35,75,76,80,99,103,104" m="42167" machi="103" ten="30,1000,0" yaku="25,1" doraHai="125" who="1" fromWho="3" sc="367,0,195,13,252,0,186,-13" owari="367,47.0,208,-19.0,252,5.0,173,-33.0" /></mjloggm>