<mjloggm ver="2.3"><GO type="41" lobby="0"/><UN n0="%E3%81%B2%E3%81%AE%E3%81%A8%E3%82%8A%E3%81%AE%E3%81%B2%E3%81%A8%E3%82%8A" n1="%E3%83%91%E3%83%B3%E5%8D%93%E3%81%AE%E6%94%AF%E9%85%8D%E8%80%85" n2="%45%52%52%4F%52" n3="%E3%82%A6%E3%83%AB%E3%83%88%E3%83%A9%E7%AB%8B%E7%9B%B4" dan="15,15,15,16" rate="2018.24,2015.07,1937.22,2044.59" sx="M,M,M,M"/><TAIKYOKU oya="0"/><INIT seed="0,0,0,2,5,73" ten="250,250,250,250" oya="0" hai0="134,45,16,95,107,7,29,84,111,60,18,37,90" hai1="112,124,8,30,41,127,118,17,87,108,101,65,67" hai2="38,66,36,105,69,34,4,89,63,82,57,96,43" hai3="9,114,119,33,81,117,102,98,61,115,122,80,54"/><T24/><D107/><U22/><E118/><V13/><F89/><W97/><G33/><T40/><D134/><U23/><E108/><V116/><F13/><W62/><G54/><T85/><D111/><U52/><E41/><V120/><F120/><W5/><G9/><T19/><D7/><U56/><E112/><V94/><F94/><W15/><G15/><T0/><D0/><U39/><E39/><V79/><F57/><W28/><G28/><T92/><D60/><U125/><E8/><V113/><F113/><W126/><G126/><T31/><REACH who="0" step="1"/><D24/><REACH who="0" ten="240,250,250,250" step="2"/><N who="1" m="16663" /><E101/><N who="2" m="62631" /><F116/><W133/><G133/><T25/><D25/><N who="1" m="14575" /><E87/><V49/><F34/><W70/><G102/><T26/><D26/><U71/><E71/><V21/><F4/><W72/><G5/><T78/><D78/><U91/><E91/><AGARI ba="0,1" hai="16,18,19,29,31,37,40,45,84,85,90,91,92,95" machi="91" ten="40,7700,0" yaku="1,1,9,1,54,1,53,0" doraHai="73" doraHaiUra="59" who="0" fromWho="1" sc="240,87,250,-77,250,0,250,0" /><INIT seed="0,1,0,5,3,83" ten="327,173,250,250" oya="0" hai0="81,73,103,95,123,64,28,135,112,115,132,42,133" hai1="25,58,71,14,63,108,41,99,12,8,85,126,109" hai2="66,32,24,19,77,68,38,131,10,17,89,104,98" hai3="94,52,80,105,116,102,134,78,22,92,60,9,59"/><T96/><D28/><U124/><E71/><V2/><F38/><W125/><G116/><T57/><D42/><U62/><E99/><V4/><F77/><W122/><G122/><T18/><D64/><U65/><E25/><V82/><F131/><W13/><G125/><N who="1" m="48234" /><E41/><V11/><F11/><W100/><G134/><T48/><D18/><N who="1" m="8455" /><E14/><V84/><F24/><W67/><G22/><T91/><D123/><U106/><E106/><V6/><F6/><W46/><G105/><N who="0" m="63719" /><D57/><U16/><E63/><V45/><F32/><W79/><G100/><T119/><D119/><U34/><E34/><V93/><F45/><W37/><G102/><T33/><D33/><U20/><E20/><V88/><REACH who="2" step="1"/><F104/><REACH who="2" ten="327,173,240,250" step="2"/><W36/><G36/><T129/><D129/><U49/><E108/><V7/><F7/><W86/><G78/><N who="0" m="44239" /><D48/><U44/><E109/><V111/><F111/><W3/><G3/><T23/><D23/><U121/><E121/><V97/><F97/><AGARI ba="1,1" hai="91,95,97,112,115,132,133,135" m="44239,63719" machi="97" ten="30,5800,0" yaku="20,1,34,2" doraHai="83" who="0" fromWho="2" sc="327,71,173,0,240,-61,250,0" /><INIT seed="0,2,0,0,2,73" ten="398,173,179,250" oya="0" hai0="84,60,99,40,119,125,113,78,117,64,38,122,98" hai1="62,114,23,96,129,4,83,44,68,18,93,1,123" hai2="130,7,72,27,55,28,50,51,115,111,0,59,36" hai3="133,95,91,9,3,126,29,75,134,102,71,53,118"/><T12/><D122/><U35/><E123/><V76/><F111/><W47/><G71/><T30/><D113/><U11/><E114/><V87/><F130/><W74/><G118/><T48/><D38/><U46/><E129/><V22/><F115/><W88/><G29/><T37/><D37/><U41/><E35/><V42/><F87/><W15/><G3/><T13/><D84/><U31/><E31/><V25/><F25/><W26/><G26/><T107/><D30/><U65/><E41/><V124/><F50/><W82/><G102/><T92/><D40/><U77/><E23/><V105/><F105/><W20/><G20/><T106/><D48/><U21/><E21/><V132/><F132/><W14/><G126/><T43/><D43/><U121/><E18/><V104/><F104/><W116/><G116/><T33/><D33/><U34/><E34/><V80/><F124/><W39/><G39/><T128/><D125/><U63/><E63/><V45/><F7/><W131/><G131/><T69/><D128/><U6/><E6/><V112/><REACH who="2" step="1"/><F112/><REACH who="2" ten="398,173,169,250" step="2"/><W61/><G134/><T110/><D107/><U8/><E121/><V103/><F103/><W120/><G120/><T90/><D110/><U19/><E4/><V16/><F16/><W81/><G133/><T94/><D106/><U100/><E19/><V109/><F109/><W49/><G49/><T108/><D108/><U70/><E62/><V2/><AGARI ba="2,1" hai="0,2,22,27,28,36,42,45,51,55,59,72,76,80" machi="2" ten="30,4000,0" yaku="1,1,0,1,52,1,53,0" doraHai="73" doraHaiUra="85" who="2" fromWho="2" sc="398,-22,173,-12,169,56,250,-12" /><INIT seed="1,0,0,1,0,25" ten="376,161,225,238" oya="1" hai0="62,133,67,94,135,57,6,17,40,79,45,130,125" hai1="41,103,16,90,29,109,60,8,115,122,112,51,87" hai2="100,114,12,92,38,31,28,95,5,88,117,33,27" hai3="82,77,24,126,52,78,63,14,3,22,19,55,110"/><U15/><E122/><V64/><F38/><W116/><G3/><T30/><D130/><U75/><E75/><V121/><F117/><W73/><G116/><T105/><D105/><U7/><E103/><V89/><F121/><W70/><G126/><T127/><D6/><U81/><E60/><V128/><F128/><W96/><G110/><T10/><D79/><U4/><E109/><V76/><F76/><W68/><G78/><T91/><D30/><N who="2" m="11306" /><F27/><W131/><G131/><T101/><D101/><U102/><E102/><V43/><F33/><W1/><G1/><T113/><D113/><U129/><E129/><V111/><F114/><W47/><G14/><N who="0" m="7383" /><D125/><U61/><E61/><V46/><F111/><W23/><G63/><T20/><D127/><U80/><E112/><V93/><F64/><W66/><G24/><T50/><D135/><U18/><E29/><V118/><F118/><W108/><G66/><T13/><D133/><U74/><E115/><V36/><F36/><W83/><G108/><T132/><D132/><U99/><E74/><V11/><F100/><W37/><G77/><T53/><D67/><U56/><E7/><V97/><F97/><W26/><G96/><N who="0" m="57439" /><D13/><U39/><E39/><V42/><F46/><W48/><G47/><T120/><D120/><U104/><E104/><V98/><F98/><W21/><G37/><T107/><D107/><U86/><E99/><V69/><F69/><W65/><G70/><T123/><D123/><U106/><E106/><V72/><F72/><W49/><G73/><T134/><D134/><U2/><E2/><V44/><F44/><RYUUKYOKU ba="0,0" sc="376,15,161,-15,225,15,238,-15" hai0="20,40,45,50,53,57,62" hai2="5,11,12,42,43,88,89,92,93,95" /><INIT seed="2,1,0,0,1,93" ten="391,146,240,223" oya="2" hai0="110,55,96,26,84,39,1,34,2,114,23,98,57" hai1="64,73,67,49,42,83,16,20,79,24,125,50,38" hai2="48,36,11,28,44,127,71,72,105,103,87,99,132" hai3="118,86,122,89,85,135,106,124,35,47,46,134,32"/><V54/><F132/><W76/><G106/><T4/><D114/><U117/><E117/><V33/><F127/><W107/><G107/><T66/><D34/><U5/><E125/><V115/><F115/><W61/><G124/><T116/><D39/><U21/><E38/><V102/><F72/><W91/><G61/><T18/><D110/><U6/><E64/><V8/><F36/><W121/><REACH who="3" step="1"/><G76/><REACH who="3" ten="391,146,240,213" step="2"/><T14/><D116/><AGARI ba="1,1" hai="32,35,46,47,85,86,89,91,116,118,121,122,134,135" machi="116" ten="25,6400,0" yaku="1,1,2,1,22,2,53,0" doraHai="93" doraHaiUra="12" who="3" fromWho="0" sc="391,-67,146,0,240,0,213,77" /><INIT seed="3,0,0,5,5,2" ten="324,146,240,290" oya="3" hai0="125,33,9,15,25,116,117,119,88,77,123,97,31" hai1="69,39,101,111,85,57,95,124,129,104,62,52,132" hai2="54,90,99,78,79,94,59,43,112,49,84,19,91" hai3="128,131,18,55,133,109,89,56,113,7,74,120,50"/><W42/><G120/><T92/><D123/><U58/><E111/><V11/><F112/><W6/><G74/><T72/><D125/><U82/><E124/><V38/><F38/><W71/><G71/><T10/><REACH who="0" step="1"/><D15/><REACH who="0" ten="314,146,240,290" step="2"/><U34/><E129/><N who="3" m="49738" /><G113/><T41/><D41/><U27/><E132/><V134/><F43/><W135/><G109/><T0/><D0/><U40/><E40/><V70/><F134/><N who="3" m="51211" /><G42/><T63/><D63/><U108/><E108/><V68/><F68/><W23/><G89/><T21/><D21/><U130/><E130/><V66/><F70/><W126/><G126/><T65/><D65/><U96/><E69/><V37/><F66/><W8/><G8/><T46/><D46/><U30/><E39/><V110/><F37/><W81/><G81/><AGARI ba="0,1" hai="9,10,25,31,33,72,77,81,88,92,97,116,117,119" machi="81" ten="40,2600,0" yaku="1,1,54,1,53,0" doraHai="2" doraHaiUra="48" who="0" fromWho="3" sc="314,36,146,0,240,0,290,-26" /><INIT seed="4,0,0,1,0,121" ten="350,146,240,264" oya="0" hai0="63,46,94,4,91,43,125,19,86,45,99,38,34" hai1="104,20,102,95,56,17,111,18,127,74,61,128,129" hai2="67,3,87,7,62,12,85,76,36,0,90,55,131" hai3="70,65,120,117,35,68,73,97,123,30,98,22,25"/><T101/><D34/><U2/><E104/><V29/><F36/><W103/><G73/><T23/><D125/><U39/><E74/><V71/><F29/><W82/><G117/><T13/><D46/><U126/><E2/><V122/><F131/><N who="1" m="50249" /><E39/><V21/><F122/><W66/><G82/><T75/><D75/><U69/><E69/><V89/><F76/><W9/><G22/><T79/><D79/><U59/><E102/><V27/><F55/><W112/><G9/><T32/><D32/><U1/><E1/><V107/><F107/><W41/><G41/><T108/><D63/><U115/><E95/><V24/><F12/><W133/><G103/><T40/><D40/><U53/><E59/><V54/><F54/><W84/><G70/><T10/><D108/><U42/><E42/><V106/><F106/><W80/><G68/><T113/><D113/><U119/><E119/><V124/><F124/><N who="1" m="47657" /><E115/><V130/><F130/><W135/><G112/><T52/><D52/><U109/><E18/><V114/><F114/><W64/><G123/><T31/><D31/><U6/><E6/><V37/><F37/><W51/><G120/><T28/><D28/><U48/><E61/><V96/><F96/><W118/><G118/><T33/><D33/><U100/><E100/><V116/><F116/><W44/><G98/><T72/><D72/><U11/><E11/><V58/><F71/><W50/><G97/><T60/><D60/><U83/><E83/><N who="2" m="49343" /><F7/><W15/><G80/><N who="0" m="49607" /><D4/><U110/><E110/><V88/><F0/><W8/><G8/><T92/><D92/><U47/><E47/><RYUUKYOKU ba="0,0" sc="350,15,146,15,240,-15,264,-15" hai0="10,13,19,23,38,43,45,94,99,101" hai1="17,20,48,53,56,109,111" /><INIT seed="4,1,0,3,5,84" ten="365,161,225,249" oya="0" hai0="54,18,135,40,33,99,77,93,80,31,118,56,76" hai1="73,103,130,63,101,44,46,19,8,67,127,47,82" hai2="0,66,6,32,39,102,69,65,95,21,49,61,124" hai3="128,90,34,3,35,64,111,107,123,60,15,117,119"/><T53/><D118/><U116/><E116/><V115/><F65/><W1/><G111/><T20/><D33/><U25/><E130/><V2/><F124/><W72/><G72/><T88/><D31/><U12/><E127/><V92/><F115/><W10/><G107/><T131/><D131/><U70/><E73/><V129/><F129/><W62/><G128/><T133/><D40/><U7/><E82/><V74/><F74/><W14/><G64/><T75/><D77/><U79/><E79/><V134/><F32/><W125/><G125/><T68/><D68/><U85/><E85/><V97/><F39/><W83/><G83/><T43/><D43/><U22/><AGARI ba="1,0" hai="7,8,12,19,22,25,44,46,47,63,67,70,101,103" machi="22" ten="30,1100,0" yaku="0,1" doraHai="84" who="1" fromWho="1" sc="365,-6,161,14,225,-4,249,-4" /><INIT seed="5,0,0,5,2,73" ten="359,175,221,245" oya="1" hai0="85,113,122,27,89,32,63,16,26,105,12,38,7" hai1="124,5,11,116,40,54,134,45,29,103,119,1,75" hai2="104,39,72,109,115,34,50,99,120,107,35,80,76" hai3="108,8,22,18,44,57,42,101,118,86,53,69,98"/><U130/><E54/><V84/><F50/><W33/><G33/><T83/><D38/><U17/><E17/><V126/><F35/><W49/><G69/><T135/><D105/><N who="2" m="40522" /><F34/><W51/><G118/><T37/><D37/><U97/><E29/><V82/><F39/><W24/><G108/><T59/><D7/><U77/><E124/><V112/><F109/><W74/><G74/><T0/><D0/><U23/><E23/><V78/><F126/><W70/><G70/><T71/><D71/><U9/><E9/><V60/><F60/><W66/><G66/><T127/><D127/><U91/><E91/><V92/><F120/><W123/><G123/><T64/><D122/><U125/><E125/><V67/><F67/><W43/><G8/><N who="0" m="6151" /><D32/><U28/><E28/><V81/><F80/><W95/><G51/><T131/><D27/><U3/><E3/><V56/><F56/><W52/><G53/><T46/><D26/><U13/><E13/><V117/><F117/><W90/><G44/><T15/><D46/><U19/><E19/><V133/><F133/><W129/><G129/><T111/><D135/><U100/><E134/><V10/><F10/><W58/><G58/><T88/><D131/><U25/><E25/><V31/><F31/><W65/><G65/><T79/><D111/><U102/><E130/><V96/><F96/><W14/><G24/><T93/><D15/><U2/><E97/><V36/><F36/><W94/><AGARI ba="0,0" hai="14,18,22,42,43,49,52,57,86,90,94,95,98,101" machi="94" ten="20,12000,2" yaku="0,1,7,1,25,2,8,1,54,1" doraHai="73" who="3" fromWho="3" sc="359,-30,175,-60,221,-30,245,120" /><INIT seed="6,0,0,1,3,106" ten="329,115,191,365" oya="2" hai0="48,71,134,56,37,133,30,13,102,132,90,7,114" hai1="61,54,3,78,122,116,16,83,77,93,44,12,103" hai2="88,111,104,120,5,125,110,96,29,31,91,17,105" hai3="121,57,27,38,40,87,52,117,94,101,89,109,24"/><V82/><F5/><W128/><G109/><N who="2" m="41481" /><F17/><W35/><G121/><T2/><D37/><U0/><E116/><V50/><F120/><W119/><G128/><T51/><D71/><U84/><E122/><V92/><F50/><N who="0" m="18986" /><D2/><U107/><E107/><N who="2" m="41035" /><F31/><W130/><G101/><T113/><D102/><U42/><E77/><V126/><F29/><W46/><G130/><T21/><D56/><U32/><E32/><V63/><F63/><W45/><G45/><T65/><D65/><U86/><E42/><V115/><F115/><N who="0" m="44042" /><D90/><U33/><E33/><V25/><F25/><W19/><G27/><N who="0" m="16751" /><D13/><U118/><E118/><V43/><F43/><W14/><G24/><T108/><D108/><U79/><E3/><V69/><F69/><W28/><G28/><T22/><D22/><N who="1" m="11527" /><E0/><V18/><F18/><W64/><G35/><T49/><N who="0" m="18994" /><T47/><DORA hai="66" /><D7/><U68/><E68/><V34/><F34/><W41/><G119/><T23/><D23/><U53/><E44/><AGARI ba="0,0" hai="44,47,132,133,134" m="16751,44042,18994" machi="44" ten="50,3200,0" yaku="20,1,15,1" doraHai="106,66" who="0" fromWho="1" sc="329,32,115,-32,191,0,365,0" /><INIT seed="7,0,0,0,1,7" ten="361,83,191,365" oya="3" hai0="111,127,93,50,76,36,121,129,96,30,122,38,23" hai1="77,66,21,86,17,57,54,33,61,56,28,11,35" hai2="97,37,89,88,13,114,118,112,10,31,27,42,32" hai3="126,64,39,79,20,131,73,3,132,119,75,82,133"/><W81/><G119/><T1/><D111/><U14/><E35/><V101/><F118/><W94/><G3/><T116/><D116/><U6/><E77/><V16/><F42/><W104/><G39/><T53/><D1/><U68/><E86/><V100/><F37/><W130/><G104/><T19/><D129/><N who="3" m="49161" /><G64/><T9/><D127/><U95/><E95/><V92/><REACH who="2" step="1"/><F89/><REACH who="2" ten="361,83,181,365" step="2"/><W99/><G126/><T110/><D38/><U115/><E115/><AGARI ba="0,1" hai="10,13,16,27,31,32,88,92,97,100,101,112,114,115" machi="115" ten="40,12000,2" yaku="1,1,2,1,15,1,52,1,54,2,53,1" doraHai="7" doraHaiUra="12" who="2" fromWho="1" sc="361,0,83,-120,181,130,365,0" owari="361,16.0,-37,-54.0,311,-9.0,365,47.0" /></mjloggm>