<mjloggm ver="2.3"><GO type="41" lobby="0"/><UN n0="%E8%B6%8A%E6%99%BA%E3%81%AB%E3%82%83%E3%82%93" n1="%6E%6F%62%75%74%6F%72%61" n2="%E3%83%8B%E3%83%BC%E3%82%BD%E3%82%B9%E3%82%AD%E3%83%BC" n3="%EF%BC%88%E2%89%A7%E2%96%BD%E2%89%A6%EF%BC%89" dan="14,15,14,17" rate="1882.13,1921.40,2030.02,2190.04" sx="M,M,M,M"/><TAIKYOKU oya="0"/><INIT seed="0,0,0,5,3,54" ten="250,250,250,250" oya="0" hai0="3,58,45,1,33,42,123,121,92,30,41,93,57" hai1="50,7,90,15,119,117,36,55,8,38,128,0,124" hai2="24,118,4,72,46,132,13,84,81,39,62,63,99" hai3="48,64,115,127,91,83,35,86,52,70,44,88,22"/><T66/><D33/><U23/><E124/><V79/><F118/><W40/><G35/><T53/><D30/><U116/><E128/><V114/><F114/><W37/><G115/><T34/><D34/><U78/><E78/><V133/><F24/><W134/><G127/><T2/><D66/><U47/><E90/><V96/><F39/><W60/><G134/><N who="2" m="51817" /><F46/><W110/><G110/><T113/><D113/><U28/><E28/><V101/><F72/><W27/><G91/><T75/><D53/><U49/><E49/><V6/><F96/><W100/><G100/><T43/><D45/><U80/><E80/><V68/><F68/><W130/><G130/><T71/><D75/><U74/><E74/><V131/><F131/><W16/><REACH who="3" step="1"/><G37/><REACH who="3" ten="250,250,250,240" step="2"/><T51/><D51/><U29/><E38/><V111/><F111/><W5/><G5/><T77/><D77/><U107/><E36/><V25/><F4/><W19/><G19/><T31/><D31/><U20/><E29/><V122/><F6/><W89/><G89/><T18/><D18/><U112/><E112/><V102/><F102/><W94/><G94/><N who="0" m="36459" /><D71/><U12/><E107/><V95/><F95/><W129/><G129/><T26/><D26/><U120/><E119/><V56/><F25/><W104/><G104/><T61/><D61/><U82/><E117/><V73/><F63/><W10/><G10/><T85/><D85/><U14/><E8/><V98/><F84/><W109/><G109/><T59/><AGARI ba="0,1" hai="1,2,3,41,42,43,57,58,59,121,123" m="36459" machi="59" ten="40,18000,2" yaku="29,2,28,2,52,3" doraHai="54" who="0" fromWho="0" sc="250,190,250,-60,250,-60,240,-60" /><INIT seed="0,1,0,5,1,17" ten="440,190,190,180" oya="0" hai0="65,0,92,135,79,69,101,95,13,20,124,40,115" hai1="104,111,70,29,55,85,99,56,19,100,18,44,132" hai2="75,62,38,54,127,39,28,42,31,27,15,14,121" hai3="33,84,25,83,36,16,3,90,7,45,105,120,134"/><T114/><D0/><U122/><E122/><V53/><F121/><W117/><G120/><T86/><D124/><U43/><E132/><V48/><F75/><W47/><G117/><T106/><D135/><U129/><E70/><V6/><F127/><W91/><G134/><T103/><D40/><U24/><E129/><V50/><F42/><W22/><G105/><T76/><D69/><U110/><E85/><V26/><F62/><W102/><G102/><T49/><D49/><U109/><E44/><V67/><F6/><W71/><G71/><T107/><D65/><AGARI ba="1,0" hai="14,15,26,27,28,31,38,39,48,50,53,54,65,67" machi="65" ten="25,1600,0" yaku="22,2" doraHai="17" who="2" fromWho="0" sc="440,-19,190,0,190,19,180,0" /><INIT seed="1,0,0,2,0,78" ten="421,190,209,180" oya="1" hai0="34,31,74,84,105,135,85,49,12,14,20,69,16" hai1="102,117,46,2,94,108,29,119,116,89,7,24,53" hai2="126,114,44,36,17,131,1,57,70,81,65,48,107" hai3="92,130,55,40,5,35,123,133,10,26,134,3,111"/><U30/><E102/><V43/><F1/><W51/><G123/><T52/><D69/><U118/><N who="1" m="29696" /><DORA hai="61" /><U79/><E79/><V90/><F107/><W87/><G130/><T38/><D105/><U96/><E7/><V56/><F131/><W121/><G121/><T41/><D74/><U75/><E2/><V77/><F90/><W64/><G40/><T76/><D135/><N who="3" m="51721" /><G111/><T71/><D71/><U88/><E75/><V125/><F114/><W60/><G92/><T22/><D34/><U32/><E30/><V18/><F57/><N who="3" m="36879" /><G87/><T21/><D38/><U110/><E89/><V73/><F56/><N who="3" m="32895" /><G26/><N who="0" m="16839" /><D41/><U6/><E6/><V68/><F68/><W106/><G106/><T37/><D37/><U54/><REACH who="1" step="1"/><E46/><REACH who="1" ten="421,180,209,180" step="2"/><V120/><F120/><W58/><G5/><T47/><D76/><U82/><E82/><V59/><F81/><W45/><G3/><T15/><D16/><U23/><E23/><AGARI ba="0,1" hai="12,14,15,21,22,23,47,49,52,84,85" m="16839" machi="23" ten="30,2000,0" yaku="8,1,54,1" doraHai="78,61" who="0" fromWho="1" sc="421,30,180,-20,209,0,180,0" /><INIT seed="2,0,0,2,2,62" ten="451,160,209,180" oya="2" hai0="78,133,72,17,31,12,92,47,49,126,58,86,61" hai1="97,22,95,19,71,7,64,93,104,41,122,26,129" hai2="76,16,34,29,70,37,18,127,38,128,75,3,135" hai3="1,102,5,43,117,98,124,30,125,91,67,106,80"/><V6/><F70/><W111/><G30/><T119/><D126/><N who="3" m="48745" /><G117/><T13/><D119/><U50/><E122/><V27/><F127/><W87/><G43/><T94/><D133/><U2/><E129/><V60/><F135/><W48/><G48/><T11/><D72/><U39/><E39/><V55/><F128/><W20/><G20/><T112/><D31/><U77/><E77/><V68/><F3/><W90/><G111/><T32/><D32/><U21/><E7/><V101/><F6/><W130/><G130/><T103/><D112/><U57/><E2/><V9/><F101/><W45/><G45/><T51/><D103/><U114/><E71/><V121/><F121/><W108/><G108/><T69/><D69/><U82/><E104/><V35/><F35/><W115/><G115/><T132/><D132/><U118/><E82/><V40/><F40/><W42/><G42/><N who="0" m="24823" /><D51/><U4/><E4/><V53/><F9/><N who="3" m="2223" /><G67/><N who="0" m="39351" /><D13/><U83/><E118/><V14/><F14/><W23/><G23/><T24/><D24/><U8/><E22/><V52/><F68/><W15/><G15/><T79/><D79/><AGARI ba="0,0" hai="79,80,87,90,91,98,102,106" m="2223,48745" machi="79" ten="30,1000,0" yaku="18,1" doraHai="62" who="3" fromWho="0" sc="451,-10,160,0,209,0,180,10" /><INIT seed="3,0,0,1,4,129" ten="441,160,209,190" oya="3" hai0="85,97,114,8,93,126,31,133,123,26,79,38,52" hai1="118,6,128,10,102,105,125,19,130,73,57,109,106" hai2="71,44,108,9,1,14,23,13,11,16,132,15,120" hai3="65,135,103,88,39,7,96,4,77,78,99,117,41"/><W70/><G117/><T100/><D123/><U95/><E57/><V24/><F71/><W32/><G32/><T56/><D38/><U76/><E19/><V5/><F120/><W89/><G70/><T84/><D126/><U64/><E64/><V121/><F121/><W2/><G2/><T12/><D114/><U35/><E35/><V34/><F44/><W72/><G65/><T75/><D75/><U112/><E10/><V83/><F83/><W0/><G0/><T80/><D133/><U30/><E6/><N who="3" m="2090" /><G72/><T98/><D84/><U90/><E30/><N who="2" m="19783" /><F108/><W58/><G39/><T63/><D97/><N who="3" m="37449" /><G103/><T22/><D12/><N who="2" m="4714" /><F132/><W69/><G69/><T46/><D46/><U82/><E118/><V29/><F29/><W92/><G135/><T122/><D122/><U60/><E60/><V42/><F42/><W49/><G41/><T43/><D43/><U87/><E112/><V61/><F61/><W62/><G62/><T51/><D63/><U50/><E50/><V115/><F115/><W74/><G74/><T53/><D53/><U48/><E48/><V27/><F11/><AGARI ba="0,0" hai="8,11,22,26,31,51,52,56,79,80,85,93,98,100" machi="11" ten="40,2600,0" yaku="8,1,54,1" doraHai="129" who="0" fromWho="2" sc="441,26,160,0,209,-26,190,0" /><INIT seed="4,0,0,5,3,31" ten="467,160,183,190" oya="0" hai0="29,77,40,88,117,95,49,36,32,126,99,127,121" hai1="89,62,28,102,85,72,123,64,48,37,83,115,43" hai2="15,54,133,25,59,52,106,0,38,111,11,108,129" hai3="60,71,120,42,33,41,44,130,66,68,93,63,131"/><T119/><D121/><U67/><E123/><V6/><F106/><W24/><G120/><T14/><D77/><U114/><E72/><V109/><F38/><N who="3" m="21559" /><G93/><T47/><D14/><U26/><E37/><V134/><F129/><N who="3" m="49163" /><G42/><T19/><D19/><U2/><E2/><V113/><F113/><N who="1" m="43017" /><E102/><V65/><F0/><W70/><G60/><T132/><D132/><N who="2" m="50794" /><F25/><W78/><G78/><T101/><D101/><U5/><E5/><V20/><F20/><W21/><G21/><T79/><D79/><U10/><E10/><V56/><F65/><W50/><G50/><T76/><D76/><U61/><E48/><V22/><F22/><W23/><G23/><T135/><D135/><U58/><E43/><V9/><F9/><W45/><G45/><T8/><D8/><U91/><E91/><V94/><F94/><W69/><G24/><N who="0" m="18471" /><D36/><U16/><E16/><V125/><F125/><AGARI ba="0,0" hai="40,47,49,88,95,99,117,119,125,126,127" m="18471" machi="125" ten="30,5800,0" yaku="18,1,52,1,54,1" doraHai="31" who="0" fromWho="2" sc="467,58,160,0,183,-58,190,0" /><INIT seed="4,1,0,0,2,88" ten="525,160,125,190" oya="0" hai0="92,112,107,14,46,27,41,49,15,86,77,34,131" hai1="124,103,50,8,56,70,23,45,54,119,123,43,18" hai2="60,59,76,80,32,75,134,35,66,5,99,97,95" hai3="4,98,69,96,63,114,102,20,105,52,12,36,53"/><T19/><D112/><U1/><E103/><V74/><F134/><W129/><G114/><T30/><D131/><U17/><E123/><V33/><F99/><W90/><G36/><T109/><D107/><U100/><E119/><V57/><F5/><W91/><G129/><T51/><D109/><U11/><E124/><V87/><REACH who="2" step="1"/><F59/><REACH who="2" ten="525,160,115,190" step="2"/><W130/><G98/><T132/><D132/><U127/><E127/><V118/><F118/><W24/><G96/><T61/><D46/><U78/><E70/><V115/><F115/><W13/><G4/><T47/><D47/><U106/><E1/><V128/><F128/><W94/><G69/><T108/><D108/><U93/><E106/><V42/><F42/><W31/><G105/><T68/><D41/><U81/><E45/><V25/><F25/><W89/><G130/><T67/><D27/><U111/><E111/><V133/><F133/><W125/><G125/><T110/><D110/><U0/><E43/><V40/><F40/><W2/><G2/><T44/><D68/><U121/><E0/><V72/><F72/><W9/><G24/><T62/><D44/><U26/><E121/><V73/><F73/><W122/><G122/><T82/><D14/><U117/><E117/><V22/><F22/><W104/><G12/><T7/><D15/><U113/><E113/><V37/><F37/><W79/><G13/><T58/><D7/><U38/><E38/><V16/><F16/><W135/><G20/><T28/><D19/><U65/><E18/><V10/><F10/><W3/><G9/><T101/><D58/><U84/><E11/><RYUUKYOKU ba="1,1" sc="525,-10,160,-10,115,30,190,-10" hai2="32,33,35,57,60,66,74,75,76,80,87,95,97" /><INIT seed="5,2,1,2,2,3" ten="515,150,145,180" oya="1" hai0="106,40,30,41,27,105,95,94,75,35,2,68,64" hai1="89,127,56,61,22,98,130,54,19,114,16,118,111" hai2="92,122,51,97,29,80,77,103,121,67,13,12,102" hai3="50,107,100,44,88,47,108,87,18,38,132,66,31"/><U11/><E118/><V9/><F29/><W131/><G108/><T81/><D2/><U133/><E114/><V15/><F67/><W76/><G132/><T65/><D81/><U110/><E133/><V104/><F104/><W101/><G131/><T58/><D58/><U45/><E130/><V25/><F25/><W37/><G37/><T78/><D27/><U74/><E127/><V1/><F103/><N who="3" m="39499" /><G107/><T99/><D99/><U53/><E74/><V10/><F51/><W71/><G71/><T86/><D86/><U55/><E11/><V7/><REACH who="2" step="1"/><F10/><REACH who="2" ten="515,150,135,180" step="2"/><W6/><G50/><T84/><D30/><U14/><E19/><V83/><F83/><W115/><G18/><T135/><D135/><U17/><E17/><V48/><F48/><W39/><G31/><T82/><D82/><U52/><E45/><V62/><F62/><W96/><G44/><T21/><D105/><U119/><E119/><V112/><F112/><W90/><G115/><T128/><D106/><U4/><REACH who="1" step="1"/><E4/><REACH who="1" ten="515,140,135,180" step="2"/><V93/><F93/><AGARI ba="2,3" hai="14,16,22,52,53,54,55,56,61,89,93,98,110,111" machi="93" ten="40,12000,1" yaku="1,1,2,1,54,2,53,0" doraHai="3" doraHaiUra="20" who="1" fromWho="2" sc="515,0,140,156,135,-126,180,0" /><INIT seed="5,3,0,3,5,80" ten="515,296,9,180" oya="1" hai0="4,100,113,29,45,19,116,39,81,135,134,130,69" hai1="92,93,104,68,65,50,120,123,131,76,115,67,37" hai2="44,38,75,90,117,18,63,15,86,74,96,13,42" hai3="85,91,53,27,33,5,108,129,126,23,54,26,25"/><U94/><E104/><V34/><F117/><W24/><G108/><T2/><D69/><U30/><E37/><V28/><F96/><W87/><G126/><T9/><D116/><U132/><E76/><V128/><F128/><W125/><G125/><T98/><D130/><U36/><E36/><V88/><F90/><W101/><G129/><T124/><D124/><U58/><E68/><V109/><F109/><W41/><G101/><T52/><D39/><U47/><E131/><V99/><F99/><W112/><G112/><T56/><D45/><U105/><E105/><V78/><F63/><W73/><G73/><T72/><D29/><U16/><E30/><V43/><F43/><W61/><G33/><T106/><D19/><U12/><E115/><V71/><F71/><W11/><G41/><T17/><D17/><U66/><E132/><N who="0" m="50729" /><D72/><U40/><REACH who="1" step="1"/><E58/><REACH who="1" ten="515,286,9,180" step="2"/><V107/><F107/><W8/><G27/><T7/><D113/><U51/><E51/><V127/><F127/><W22/><G26/><T35/><D56/><U111/><E111/><V95/><F78/><W21/><G25/><T62/><D106/><U57/><E57/><V32/><F28/><W103/><G24/><T49/><D49/><U48/><E48/><V55/><F55/><W14/><G54/><T59/><D52/><U97/><E97/><V82/><F82/><W110/><G53/><T64/><D81/><U79/><E79/><V31/><F31/><W83/><G110/><T122/><D98/><U89/><E89/><V114/><F114/><W119/><G83/><T133/><D133/><U70/><E70/><RYUUKYOKU ba="3,1" sc="515,-10,286,30,9,-10,180,-10" hai1="12,16,40,47,50,65,66,67,92,93,94,120,123" owari="515,61.0,316,12.0,-1,-50.0,170,-23.0" /></mjloggm>