<mjloggm ver="2.3"><GO type="41"/><UN n0="%EF%BC%AA%EF%BC%AA" n1="%6E%61%6C" n2="%4D%6F%6A%61%6F" n3="%EF%BC%88%E2%89%A7%E2%96%BD%E2%89%A6%EF%BC%89" dan="13,15,13,14" rate="1952,1962,1887,2013" sx="M,M,M,M"/><TAIKYOKU oya="0"/><INIT seed="0,0,0,0,5,42" ten="250,250,250,250" oya="0" hai0="124,3,75,119,135,99,65,22,48,55,18,0,122" hai1="87,73,92,79,30,28,39,114,112,12,11,132,38" hai2="64,129,40,76,49,47,52,62,134,68,95,19,100" hai3="32,61,72,50,31,26,14,54,74,125,120,104,7"/><T70/><D122/><U8/><E73/><V29/><F29/><N who="1" m="11369" /><E92/><V101/><F76/><W58/><G104/><T37/><D119/><U56/><E87/><V5/><F5/><W81/><G120/><T84/><D75/><U53/><E79/><V121/><F19/><W103/><G103/><T116/><D37/><N who="1" m="13835" /><E12/><V71/><F95/><W105/><G105/><T35/><D135/><U46/><E56/><N who="2" m="32783" /><F100/><W41/><G125/><T118/><D124/><U113/><E132/><V107/><F101/><W106/><G106/><T130/><D35/><U60/><E60/><V27/><F27/><W117/><G117/><T66/><D130/><U131/><E131/><V82/><F82/><W34/><G34/><T69/><D99/><U133/><E133/><V43/><F107/><W15/><G81/><T20/><D84/><U102/><E102/><V63/><F121/><W85/><G85/><T110/><D18/><U2/><E2/><V93/><F93/><W98/><G98/><T89/><D48/><AGARI ba="0,0" hai="8,11,46,48,53,112,113,114" m="13835,11369" machi="48" ten="40,2600,0" yaku="11,1,52,1" doraHai="42" who="1" fromWho="0" sc="250,-26,250,26,250,0,250,0" /><INIT seed="1,0,0,4,0,46" ten="224,276,250,250" oya="1" hai0="48,38,17,121,45,42,100,43,80,6,78,16,113" hai1="109,50,71,2,24,84,125,65,128,77,25,68,52" hai2="29,36,57,26,129,111,18,90,124,127,94,39,11" hai3="91,12,9,22,61,72,114,76,23,117,105,79,131"/><U28/><E2/><V99/><F111/><W86/><G114/><T112/><D100/><U104/><E25/><V67/><F129/><W115/><G115/><T74/><D121/><U106/><E128/><V20/><F57/><W81/><G131/><T97/><D113/><U21/><E125/><N who="2" m="48203" /><F67/><W0/><G117/><T119/><D119/><U15/><E109/><V101/><F101/><W40/><G105/><T107/><D107/><U103/><E103/><V30/><F11/><W56/><G40/><T132/><D132/><U51/><E106/><V82/><F82/><W83/><G0/><T63/><D63/><U118/><E104/><V69/><F69/><W19/><REACH who="3" step="1"/><G76/><REACH who="3" step="2"/><T3/><D112/><U60/><E118/><V123/><F123/><W32/><G32/><T116/><D116/><U47/><E71/><V96/><F99/><W93/><G93/><T110/><D97/><U122/><E122/><V54/><F39/><W130/><G130/><T98/><D98/><U88/><E77/><V7/><F36/><W133/><G133/><T41/><D110/><U13/><REACH who="1" step="1"/><E51/><REACH who="1" step="2"/><V14/><F30/><W89/><G89/><T1/><D1/><U5/><E5/><V102/><F29/><W8/><G8/><N who="0" m="2143" /><D41/><U59/><E59/><V120/><F120/><W4/><G4/><T92/><D92/><AGARI ba="0,2" hai="13,15,21,24,28,47,50,52,60,65,68,84,88,92" machi="92" ten="30,18000,2" yaku="1,1,7,1,52,1,54,2,53,1" doraHai="46" doraHaiUra="49" who="1" fromWho="0" sc="224,-180,266,200,250,0,240,0" /><INIT seed="1,1,0,0,2,55" ten="44,466,250,240" oya="1" hai0="33,62,60,117,24,68,88,75,35,59,129,45,74" hai1="73,121,120,118,79,20,42,34,11,132,27,94,72" hai2="3,66,114,41,93,58,78,104,29,110,32,47,7" hai3="43,57,95,98,105,127,12,0,108,71,14,90,84"/><U113/><E34/><V82/><F104/><W76/><G0/><T80/><D117/><U89/><E118/><V16/><F93/><W119/><G71/><T126/><D129/><U23/><E113/><V91/><F91/><W102/><G119/><T28/><D126/><U36/><E132/><V30/><F78/><W87/><G127/><T124/><D124/><U61/><E73/><V21/><F82/><W18/><G108/><T17/><D35/><U51/><E36/><V5/><F114/><W135/><G135/><T83/><D17/><U65/><E20/><V122/><F122/><W134/><G134/><T8/><D8/><U92/><E11/><V70/><F70/><W106/><G43/><T22/><D33/><U15/><E94/><V44/><F66/><W128/><G128/><T125/><D125/><U63/><E63/><V6/><F41/><W49/><G106/><T123/><D123/><U86/><E72/><V48/><F110/><W67/><G18/><T37/><D68/><U4/><E79/><V19/><F58/><W38/><G38/><T13/><D37/><U116/><E51/><V54/><F44/><W131/><G131/><T26/><D45/><U1/><E42/><V52/><F54/><N who="3" m="31951" /><G67/><T85/><D75/><U40/><E40/><V130/><F130/><W100/><G76/><T2/><D74/><U10/><E116/><V9/><F32/><W111/><G111/><T39/><D39/><U53/><E121/><V96/><F96/><N who="3" m="61575" /><G90/><T101/><D101/><U31/><E120/><V99/><F99/><W81/><G81/><T50/><D80/><RYUUKYOKU ba="1,0" sc="44,-10,466,-10,250,-10,240,30" hai3="12,14,84,87,95,98,102" /><INIT seed="2,2,0,2,4,18" ten="34,456,240,270" oya="2" hai0="122,41,63,65,71,123,134,73,66,109,92,24,37" hai1="135,88,75,74,55,48,124,104,8,113,21,112,39" hai2="29,5,32,0,80,99,52,126,26,69,77,54,132" hai3="107,110,78,53,23,93,6,98,34,119,133,100,58"/><V20/><F69/><W81/><G34/><T105/><D73/><U103/><E39/><V28/><F126/><W114/><G119/><T64/><D105/><U12/><E75/><V44/><F44/><W83/><G133/><T59/><D134/><U72/><E74/><V38/><F38/><W36/><G36/><T10/><D109/><U30/><E72/><V9/><F132/><W129/><G110/><T76/><D76/><U14/><E103/><V111/><F99/><W106/><G6/><T3/><D24/><U60/><E104/><V96/><F96/><W42/><G42/><T86/><D123/><U51/><E135/><V17/><F111/><W70/><G107/><T116/><D122/><U94/><E124/><V19/><F28/><W97/><G70/><T45/><D116/><U115/><E60/><V130/><F19/><W102/><G78/><T46/><D71/><U108/><E51/><V91/><F91/><W84/><G84/><T33/><D46/><U40/><E40/><V90/><F90/><W47/><G47/><T4/><REACH who="0" step="1"/><D33/><REACH who="0" step="2"/><U35/><E35/><V101/><F130/><W61/><G129/><T22/><D22/><U15/><E108/><V13/><F101/><W89/><G100/><T7/><D7/><U127/><E127/><V1/><F0/><W67/><G102/><T27/><D27/><N who="1" m="16751" /><E115/><V11/><F9/><W121/><G114/><T25/><D25/><U128/><E128/><V49/><F49/><W68/><G121/><T82/><D82/><N who="3" m="31241" /><G106/><T50/><D50/><U118/><E118/><V31/><F31/><W56/><G68/><RYUUKYOKU ba="2,1" sc="24,15,456,-15,240,15,270,-15" hai0="3,4,10,37,41,45,59,63,64,65,66,86,92" hai2="1,5,11,13,17,20,26,29,32,52,54,77,80" /><INIT seed="2,3,1,3,4,14" ten="39,441,255,255" oya="2" hai0="31,38,110,10,8,62,90,58,64,105,59,23,16" hai1="95,97,37,106,126,54,63,131,86,60,120,79,11" hai2="28,121,73,27,78,35,6,112,76,68,30,135,77" hai3="72,85,41,133,4,46,71,39,83,5,44,15,94"/><V128/><F121/><W33/><G33/><T34/><D105/><U42/><E106/><V87/><F112/><W52/><G71/><T92/><D38/><U3/><E42/><V132/><F68/><W117/><G117/><T98/><D110/><U19/><E37/><V2/><F30/><W123/><G123/><T134/><D134/><N who="2" m="51242" /><F128/><W40/><G133/><T130/><D130/><U80/><E3/><V25/><F87/><W70/><G70/><T102/><D34/><U7/><E7/><V127/><F127/><W100/><G72/><T74/><D74/><U104/><E104/><V84/><F84/><W81/><G52/><T129/><D31/><U93/><E126/><V69/><F27/><W22/><G100/><T36/><D36/><U122/><E131/><V91/><F91/><W96/><G39/><T101/><D129/><U13/><E122/><V67/><F73/><W32/><G85/><T66/><D101/><U109/><E109/><V57/><F69/><W111/><G111/><T29/><D102/><U82/><E82/><V12/><F2/><W47/><G83/><T48/><D29/><U1/><E1/><V50/><F67/><W118/><G81/><T75/><D75/><U56/><E120/><V113/><F113/><W49/><G118/><T125/><D125/><U124/><E124/><V24/><F25/><W53/><G41/><T88/><D90/><N who="1" m="55479" /><E95/><V43/><F43/><W55/><G40/><T119/><D119/><U89/><E89/><V17/><F6/><W99/><G5/><T26/><D66/><U51/><AGARI ba="3,1" hai="11,13,19,51,54,56,60,63,79,80,86" m="55479" machi="51" ten="30,2000,0" yaku="8,1,52,1" doraHai="14" who="1" fromWho="1" sc="39,-8,441,39,255,-13,255,-8" /><INIT seed="3,0,0,0,2,55" ten="31,480,242,247" oya="3" hai0="108,4,0,95,30,40,6,42,99,34,63,22,75" hai1="121,103,131,117,31,38,9,11,96,76,49,109,13" hai2="119,10,98,44,36,104,94,25,56,51,122,32,67" hai3="15,60,69,53,135,112,93,24,59,65,16,120,81"/><W45/><G120/><T125/><D108/><U2/><E109/><V61/><F36/><W37/><G112/><T105/><D75/><U89/><E38/><V133/><F104/><W50/><G135/><T106/><D125/><U23/><E2/><V74/><F74/><W132/><G132/><T57/><D34/><U85/><E76/><V107/><F107/><W111/><G111/><T48/><D0/><U39/><E39/><V62/><F122/><W129/><G129/><T17/><D106/><U123/><E131/><V27/><F119/><W20/><G81/><T21/><D105/><U14/><E117/><V52/><F32/><W126/><G126/><T18/><D30/><U78/><E78/><V102/><F10/><W116/><G116/><T114/><D114/><U87/><E96/><V91/><F133/><W77/><G77/><T8/><D42/><U79/><E103/><V66/><REACH who="2" step="1"/><F102/><REACH who="2" step="2"/><W26/><REACH who="3" step="1"/><G93/><REACH who="3" step="2"/><T54/><D95/><N who="1" m="54703" /><E121/><V71/><AGARI ba="0,2" hai="25,27,44,51,52,56,61,62,66,67,71,91,94,98" machi="71" ten="20,8000,1" yaku="1,1,0,1,7,1,52,1,54,1,53,0" doraHai="55" doraHaiUra="3" who="2" fromWho="2" sc="31,-20,480,-20,232,100,237,-40" /><INIT seed="4,0,0,5,1,29" ten="11,460,332,197" oya="0" hai0="84,32,114,67,27,96,90,15,99,20,70,3,64" hai1="63,122,23,51,117,78,83,102,57,41,55,76,61" hai2="1,111,69,7,18,80,68,39,101,97,44,103,11" hai3="125,133,4,130,46,109,54,56,93,48,119,73,123"/><T65/><D114/><U75/><E117/><V14/><F111/><W95/><G109/><T107/><D70/><U49/><E122/><V87/><F39/><W13/><G119/><T62/><D3/><U129/><E78/><V113/><F44/><W112/><G73/><T28/><D62/><U24/><E129/><V126/><F126/><W16/><G125/><T66/><N who="0" m="16896" /><DORA hai="35" /><T116/><D116/><U71/><E71/><V115/><F103/><W91/><G112/><T124/><D124/><U12/><E12/><V72/><F72/><W22/><G123/><T8/><D107/><U94/><E102/><V74/><F74/><W33/><G133/><T0/><D20/><U40/><E94/><V30/><F30/><W52/><G130/><T25/><D27/><U58/><E41/><V21/><F115/><W42/><G33/><T86/><D86/><U121/><E121/><V128/><F128/><W104/><G104/><T19/><REACH who="0" step="1"/><D0/><REACH who="0" step="2"/><U5/><E63/><V132/><F113/><W10/><G91/><T118/><D118/><U108/><E23/><V2/><F2/><W50/><G42/><T100/><D100/><U134/><E40/><V82/><F132/><W131/><G131/><T31/><D31/><U106/><E106/><V92/><REACH who="2" step="1"/><F82/><AGARI ba="0,1" hai="8,15,19,25,28,32,82,84,90,96,99" m="16896" machi="82" ten="50,9600,0" yaku="1,1,52,1,53,1" doraHai="29,35" doraHaiUra="85,120" who="0" fromWho="2" sc="1,106,460,0,332,-96,197,0" /><INIT seed="4,1,0,2,4,96" ten="107,460,236,197" oya="0" hai0="90,114,21,89,23,79,25,101,126,32,19,77,9" hai1="88,91,81,127,64,92,17,55,46,115,63,68,94" hai2="132,135,36,119,108,33,24,49,7,58,18,13,14" hai3="98,121,103,4,65,67,118,48,0,31,112,50,106"/><T35/><D126/><U12/><E127/><V76/><F36/><W43/><G118/><T72/><D72/><U45/><E115/><V117/><F76/><W2/><G112/><T37/><D114/><U99/><E81/><V78/><F78/><W75/><G121/><T62/><D37/><U52/><E46/><V85/><F85/><W3/><G75/><T30/><D62/><U20/><E45/><V56/><F49/><W11/><G31/><T102/><D32/><U109/><E109/><V133/><F56/><W57/><G43/><T6/><D35/><U10/><E10/><N who="2" m="4319" /><F58/><W40/><G40/><T53/><D53/><U69/><E68/><V16/><F108/><W125/><G125/><T120/><D79/><U8/><E8/><N who="2" m="6215" /><F33/><W41/><G41/><T60/><D60/><U113/><E113/><V84/><F84/><AGARI ba="1,0" hai="12,17,20,52,55,63,64,69,84,88,91,92,94,99" machi="84" ten="30,3900,0" yaku="7,1,54,2" doraHai="96" who="1" fromWho="2" sc="107,0,460,42,236,-42,197,0" /><INIT seed="5,0,0,4,2,108" ten="107,502,194,197" oya="1" hai0="5,130,88,111,77,103,82,101,31,27,119,95,57" hai1="45,81,61,48,86,0,43,97,72,113,93,116,118" hai2="32,52,84,69,102,109,22,115,80,40,68,127,18" hai3="37,20,19,62,6,1,44,110,112,24,67,83,14"/><U122/><E113/><V12/><F32/><W21/><G110/><T38/><D111/><U126/><E126/><V39/><F109/><W133/><G133/><T8/><D130/><U2/><E72/><V26/><F102/><W124/><G124/><T135/><D38/><U36/><E122/><V13/><F127/><W70/><G112/><T54/><D135/><U10/><E2/><V3/><F3/><W25/><G83/><T76/><D119/><U134/><E134/><V53/><F115/><W65/><G65/><T98/><D82/><U49/><E36/><V125/><F125/><W16/><G1/><T106/><D101/><U63/><E0/><V46/><F68/><W42/><REACH who="3" step="1"/><G6/><REACH who="3" step="2"/><T15/><D106/><U74/><E81/><V28/><F69/><W89/><G89/><T117/><D117/><U132/><E132/><V91/><REACH who="2" step="1"/><F28/><REACH who="2" step="2"/><W4/><G4/><T121/><D121/><U17/><E118/><V41/><F41/><W85/><G85/><T30/><D103/><U60/><E86/><V105/><F105/><W96/><G96/><T90/><D31/><U64/><E74/><V75/><F75/><W107/><G107/><T59/><D90/><U100/><E116/><V78/><F78/><W92/><G92/><T73/><D73/><U58/><E93/><V120/><F120/><W131/><G131/><T123/><D123/><U87/><E97/><V66/><F66/><W129/><G129/><T35/><REACH who="0" step="1"/><D59/><REACH who="0" step="2"/><U114/><E100/><V51/><F51/><AGARI ba="0,3" hai="5,8,15,27,30,35,51,54,57,76,77,88,95,98" machi="51" ten="30,7700,0" yaku="1,1,2,1,7,1,54,1,53,0" doraHai="108" doraHaiUra="56" who="0" fromWho="2" sc="97,107,502,0,184,-77,187,0" /><INIT seed="6,0,0,1,5,82" ten="204,502,107,187" oya="2" hai0="105,53,26,124,122,83,103,120,54,125,61,4,9" hai1="55,41,59,58,35,110,118,48,17,74,16,98,46" hai2="0,73,131,78,8,3,15,51,29,69,123,27,106" hai3="42,94,24,88,13,102,39,86,60,30,56,72,22"/><V36/><F69/><W109/><G109/><T79/><D26/><U49/><E35/><V117/><F117/><W113/><G113/><T1/><D103/><U2/><E2/><V50/><F106/><W37/><G72/><T89/><D89/><U127/><E74/><V11/><F123/><W14/><G102/><T133/><D133/><U10/><E110/><V93/><F36/><W71/><G71/><T67/><D105/><U75/><E127/><N who="0" m="48713" /><D120/><U33/><E33/><V129/><F73/><W12/><REACH who="3" step="1"/><G42/><REACH who="3" step="2"/><T128/><D122/><U52/><E75/><V19/><F78/><W100/><G100/><T7/><D128/><U70/><E70/><V40/><F40/><W65/><AGARI ba="0,1" hai="12,13,14,22,24,30,37,39,56,60,65,86,88,94" machi="65" ten="30,7900,0" yaku="1,1,0,1,52,1,54,1,53,0" doraHai="82" doraHaiUra="126" who="3" fromWho="3" sc="204,-20,502,-20,107,-39,177,89" /><INIT seed="7,0,0,1,5,100" ten="184,482,68,266" oya="3" hai0="121,30,77,103,34,19,115,99,129,93,47,35,42" hai1="56,51,50,7,11,1,82,37,120,38,94,3,90" hai2="57,107,4,89,16,108,133,84,132,25,26,124,98" hai3="96,48,24,52,122,112,64,68,58,83,62,66,59"/><W46/><G122/><T80/><D121/><U119/><E120/><V8/><F108/><W14/><G112/><T110/><D129/><U106/><E106/><V114/><F114/><W135/><G135/><N who="2" m="51785" /><F124/><W22/><G14/><T88/><D110/><U10/><E82/><N who="2" m="49303" /><F57/><W63/><G83/><T91/><D115/><U65/><E119/><V53/><F53/><W81/><G81/><T29/><D35/><U97/><E50/><V9/><F9/><W113/><G96/><T72/><D34/><U116/><E116/><V28/><F28/><W13/><G13/><T75/><D19/><U101/><E101/><N who="2" m="62903" /><F4/><W126/><G126/><T39/><D75/><U32/><E32/><V36/><F36/><W5/><G113/><T17/><D17/><U131/><E131/><V12/><F26/><W73/><G73/><T54/><D54/><U87/><E87/><V0/><F25/><W76/><G5/><T71/><D71/><U123/><E123/><V20/><F20/><W134/><G134/><T111/><D111/><U67/><E38/><V70/><F70/><W41/><G76/><T45/><D45/><U33/><E37/><V95/><F0/><W40/><G68/><T128/><D128/><U109/><E109/><V55/><F55/><W69/><G69/><T43/><D43/><U74/><E74/><V49/><F49/><W79/><G79/><T6/><D6/><N who="1" m="1359" /><E33/><V78/><F78/><W23/><G23/><T118/><D118/><U102/><E102/><V15/><F15/><W31/><AGARI ba="0,0" hai="22,24,31,40,41,46,48,52,58,59,62,63,64,66" machi="31" ten="20,12000,1" yaku="0,1,7,1,9,1,8,1,54,1" doraHai="100" who="3" fromWho="3" sc="184,-40,482,-40,68,-40,266,120" /><INIT seed="7,1,0,4,2,30" ten="144,442,28,386" oya="3" hai0="102,85,7,47,45,58,53,81,0,78,34,87,103" hai1="115,68,8,108,120,33,13,125,17,35,24,113,4" hai2="41,62,37,119,21,63,105,82,131,65,124,111,19" hai3="100,59,32,114,104,107,67,57,29,83,38,72,49"/><W46/><G38/><T130/><D130/><U6/><E68/><V42/><F105/><W15/><G114/><N who="1" m="43530" /><E108/><V128/><F82/><W93/><G107/><T121/><D121/><U122/><E125/><V18/><F21/><W12/><G104/><T20/><D20/><N who="1" m="13327" /><E6/><V76/><F76/><W123/><G123/><AGARI ba="1,0" hai="4,8,13,33,35,120,122,123" m="13327,43530" machi="123" ten="30,8000,1" yaku="15,1,34,2,52,2" doraHai="30" who="1" fromWho="3" sc="144,0,442,83,28,0,386,-83" owari="144,-26.0,525,63.0,28,-47.0,303,10.0" /></mjloggm>