<mjloggm ver="2.3"><GO type="41"/><UN n0="%E3%83%93%E3%83%AA%E3%83%9F%E3%83%AA" n1="%E5%84%AA%E7%BE%BD" n2="%EF%BC%88%E2%89%A7%E2%96%BD%E2%89%A6%EF%BC%89" n3="%E2%98%86%E5%9C%B0%E5%92%8C%E2%98%86" dan="14,14,15,15" rate="1917,1944,2016,2009" sx="M,F,M,M"/><TAIKYOKU oya="0"/><INIT seed="0,0,0,0,5,81" ten="250,250,250,250" oya="0" hai0="131,1,52,109,24,107,108,42,112,72,98,7,50" hai1="45,92,118,40,77,82,14,67,123,101,58,88,65" hai2="85,86,4,36,129,12,13,22,76,17,130,111,41" hai3="93,103,110,25,8,87,73,33,55,100,28,113,56"/><T0/><D112/><U106/><E123/><V70/><F70/><W21/><G73/><T83/><D42/><U127/><E118/><V19/><F111/><N who="0" m="42570" /><D24/><U79/><E127/><V105/><F105/><W68/><G68/><T39/><D131/><N who="2" m="50186" /><F4/><W34/><G113/><T63/><D39/><U53/><E106/><V102/><F102/><W27/><G110/><T71/><D7/><U133/><E101/><V38/><F76/><W75/><G75/><T74/><D83/><U15/><E133/><V57/><F57/><W48/><G8/><T37/><D37/><N who="2" m="14442" /><F41/><W2/><G2/><N who="0" m="1131" /><D98/><U32/><E32/><V31/><F31/><W89/><REACH who="3" step="1"/><G33/><REACH who="3" ten="250,250,250,240" step="2"/><T91/><D107/><U6/><E67/><V11/><AGARI ba="0,1" hai="11,12,13,17,19,22,85,86" m="14442,50186" machi="11" ten="30,4000,0" yaku="19,1,52,2" doraHai="81" who="2" fromWho="2" sc="250,-20,250,-10,250,50,240,-10" /><INIT seed="1,0,0,5,5,4" ten="230,240,300,230" oya="1" hai0="79,1,100,118,101,115,94,47,65,35,114,86,16" hai1="103,91,62,61,21,131,105,49,125,18,126,22,71" hai2="14,92,87,30,73,38,11,50,23,74,106,135,45" hai3="46,42,59,72,39,134,133,28,116,93,83,56,108"/><U10/><E131/><V77/><F106/><W24/><G108/><T60/><D35/><U120/><E120/><V25/><F135/><N who="3" m="51723" /><G116/><T58/><D1/><U41/><E71/><V75/><F38/><W119/><G119/><T129/><D118/><U70/><E70/><V80/><F92/><W37/><G37/><T128/><D47/><U36/><E36/><V40/><REACH who="2" step="1"/><F74/><REACH who="2" ten="230,240,290,230" step="2"/><W9/><G93/><T69/><D129/><U63/><E105/><V96/><F96/><W17/><G72/><T55/><D128/><U81/><E126/><V43/><F43/><W121/><G121/><T98/><D115/><U90/><E125/><V12/><F12/><N who="3" m="7311" /><G83/><T76/><D114/><U82/><E81/><V67/><F67/><W122/><G122/><T15/><D101/><U29/><E82/><V27/><F27/><W113/><G113/><T57/><D86/><U51/><E103/><V102/><F102/><W104/><G104/><T97/><D97/><U124/><E124/><V111/><F111/><W89/><G89/><T123/><D123/><U31/><E41/><V130/><F130/><W33/><AGARI ba="0,1" hai="24,28,33,39,42,46,56,59" m="7311,51723" machi="33" ten="30,2000,0" yaku="20,1,52,1" doraHai="4" who="3" fromWho="3" sc="230,-5,240,-10,290,-5,230,30" /><INIT seed="2,0,0,3,3,49" ten="225,230,285,260" oya="2" hai0="112,17,103,11,39,36,87,79,86,121,35,9,81" hai1="63,124,3,94,84,95,7,129,74,77,56,131,125" hai2="26,104,37,66,78,110,61,101,96,43,53,5,130" hai3="132,89,91,128,127,25,42,46,83,47,10,117,55"/><V34/><F130/><N who="1" m="49673" /><E74/><V126/><F126/><N who="1" m="48745" /><E3/><V24/><F5/><W119/><G132/><T14/><D121/><U97/><E7/><V114/><F114/><W75/><G128/><T102/><D112/><U105/><E63/><V116/><F116/><W23/><G127/><T57/><D35/><U30/><E30/><N who="2" m="19783" /><F26/><W72/><G119/><T115/><D115/><U113/><E56/><V13/><F13/><W48/><G117/><T33/><D33/><U40/><E40/><V123/><F123/><W69/><G69/><T93/><D9/><U1/><E1/><V59/><F59/><W2/><G10/><T28/><D28/><U67/><E67/><V50/><F50/><W29/><G2/><T52/><D39/><U16/><E16/><V27/><F37/><W80/><G75/><T54/><D36/><U135/><E113/><V107/><F43/><W31/><G72/><T15/><D15/><U19/><E19/><V0/><F66/><W92/><G29/><T18/><D18/><U60/><E60/><V68/><F61/><W82/><G42/><T64/><D64/><U8/><E8/><V108/><F68/><W90/><REACH who="3" step="1"/><G47/><REACH who="3" ten="225,230,285,250" step="2"/><T62/><D54/><U22/><E135/><V134/><F134/><W122/><G122/><T76/><D93/><AGARI ba="0,1" hai="23,25,31,46,48,55,80,82,83,89,90,91,92,93" machi="93" ten="40,5200,0" yaku="1,1,8,1,52,1,53,0" doraHai="49" doraHaiUra="100" who="3" fromWho="0" sc="225,-52,230,0,285,0,250,62" /><INIT seed="3,0,0,2,1,83" ten="173,230,285,312" oya="3" hai0="10,45,127,0,29,101,98,112,56,116,78,66,25" hai1="67,49,35,2,117,89,81,64,32,126,65,133,109" hai2="103,73,22,131,47,50,129,48,95,84,43,52,12" hai3="106,14,105,88,86,93,135,59,28,27,100,24,63"/><W31/><G135/><T132/><D116/><U20/><E2/><V13/><F73/><W71/><G71/><T16/><D112/><U134/><E117/><V34/><F34/><W124/><G124/><T90/><D132/><N who="1" m="50795" /><E126/><V8/><F22/><W42/><G42/><T5/><D127/><U58/><E109/><V96/><F84/><W15/><G100/><T128/><D90/><U97/><E20/><V111/><F111/><W33/><G106/><T62/><D128/><N who="2" m="49226" /><F8/><W92/><G105/><T3/><D78/><U118/><E118/><V9/><F9/><W130/><G130/><T108/><D108/><U53/><E97/><V17/><F17/><W6/><G6/><T120/><D120/><U57/><E57/><AGARI ba="0,0" hai="12,13,43,47,48,50,52,57,95,96,103" m="49226" machi="57" ten="30,2000,0" yaku="19,1,54,1" doraHai="83" who="2" fromWho="1" sc="173,0,230,-20,285,20,312,0" /><INIT seed="4,0,0,0,0,43" ten="173,210,305,312" oya="0" hai0="20,107,113,46,54,39,98,60,1,134,116,86,59" hai1="91,74,130,52,95,112,70,108,30,24,32,10,84" hai2="115,121,71,73,128,26,92,97,119,81,89,16,110" hai3="61,0,29,123,58,11,124,77,44,38,56,94,31"/><T111/><D1/><U7/><E70/><V41/><F110/><W100/><G124/><T9/><D116/><U127/><E74/><V83/><F119/><W67/><G77/><T49/><D113/><U37/><E108/><V96/><F121/><W12/><G0/><T27/><D111/><U35/><E127/><V75/><F128/><W125/><G125/><T118/><D134/><U5/><E37/><V102/><F71/><W42/><G123/><T22/><D118/><U101/><E130/><V53/><F115/><W2/><G2/><T36/><D9/><U33/><E112/><V104/><F41/><W57/><G100/><T28/><D86/><U18/><E101/><V4/><F4/><W51/><G94/><T6/><D6/><U3/><E7/><V63/><F63/><W122/><G122/><T45/><D22/><U62/><E18/><V105/><F53/><W132/><G38/><T88/><D46/><U64/><E64/><V34/><F34/><W76/><G76/><T72/><D72/><N who="2" m="27722" /><F16/><N who="3" m="8223" /><G132/><T55/><REACH who="0" step="1"/><D107/><REACH who="0" ten="163,210,305,312" step="2"/><N who="2" m="41034" /><F26/><W23/><G23/><T109/><D109/><U19/><REACH who="1" step="1"/><E19/><REACH who="1" ten="163,200,305,312" step="2"/><V85/><F96/><W106/><G106/><AGARI ba="0,2" hai="81,83,85,89,92,97,102,106" m="41034,27722" machi="106" ten="30,8000,1" yaku="35,5" doraHai="43" who="2" fromWho="3" sc="163,0,200,0,305,100,312,-80" /><INIT seed="5,0,0,2,3,6" ten="163,200,405,232" oya="1" hai0="69,75,91,84,122,131,132,86,5,8,128,54,19" hai1="22,80,108,133,85,10,2,32,36,7,125,33,71" hai2="101,97,26,0,72,74,104,60,51,29,103,113,3" hai3="43,52,23,13,70,90,111,120,47,110,31,48,78"/><U39/><E71/><V100/><F113/><W107/><G120/><T129/><D69/><U11/><E133/><V20/><F51/><W37/><G70/><T130/><N who="0" m="33280" /><DORA hai="42" /><T116/><D122/><U67/><E125/><V92/><F104/><W114/><G114/><T21/><D116/><U4/><E67/><V98/><F98/><W45/><G107/><T134/><D75/><U25/><E108/><V57/><F74/><W30/><G78/><T68/><D68/><U82/><E22/><V119/><F72/><W38/><G38/><T118/><D118/><U59/><E59/><V135/><F135/><N who="0" m="51754" /><D54/><U102/><E102/><N who="2" m="60711" /><F119/><W24/><G110/><T109/><D109/><U63/><E63/><V123/><F123/><W76/><G111/><T112/><D91/><U56/><E56/><V105/><F105/><W121/><G121/><T40/><D40/><U18/><E18/><V41/><F41/><W50/><G90/><T65/><D65/><AGARI ba="0,0" hai="0,3,20,26,29,57,60,65,100,101,103" m="60711" machi="65" ten="30,1000,0" yaku="25,1" doraHai="6,42" who="2" fromWho="0" sc="163,-10,200,0,405,10,232,0" /><INIT seed="6,0,0,3,4,83" ten="153,200,415,232" oya="2" hai0="70,2,107,14,84,18,34,81,82,42,69,43,25" hai1="118,8,88,116,60,29,119,54,75,78,51,50,1" hai2="15,64,20,94,47,48,113,85,79,133,86,41,24" hai3="100,109,45,5,40,67,17,104,135,120,32,27,19"/><V44/><F133/><W52/><G120/><T3/><D107/><U31/><E75/><V65/><F113/><W71/><G109/><T26/><D34/><U124/><E78/><V93/><F15/><W98/><G5/><T87/><D14/><U89/><E124/><V30/><F47/><W58/><G135/><T10/><REACH who="0" step="1"/><D18/><REACH who="0" ten="143,200,415,232" step="2"/><U101/><E1/><V73/><F30/><W35/><G17/><T37/><D37/><U125/><E125/><V74/><F24/><W9/><G27/><T127/><D127/><U110/><E31/><V129/><F20/><W36/><G19/><T97/><D97/><U108/><E29/><V61/><F129/><W38/><G38/><T111/><D111/><U95/><E110/><V68/><F73/><W112/><G35/><T99/><D99/><U0/><E108/><V122/><F74/><W105/><G32/><T128/><D128/><U80/><E0/><V53/><F122/><W56/><G105/><T103/><D103/><U106/><E101/><V132/><F132/><W76/><G98/><T91/><D91/><U59/><E106/><V22/><F22/><W55/><G100/><T11/><AGARI ba="0,1" hai="2,3,10,11,25,26,42,43,69,70,81,82,84,87" machi="11" ten="25,12000,2" yaku="1,1,0,1,22,2,52,2,53,0" doraHai="83" doraHaiUra="123" who="0" fromWho="0" sc="143,130,200,-30,415,-60,232,-30" /><INIT seed="7,0,0,3,1,54" ten="273,170,355,202" oya="3" hai0="124,27,81,36,53,119,10,109,111,118,39,33,51" hai1="129,43,110,128,123,16,7,131,90,88,58,99,75" hai2="31,15,84,14,65,49,69,4,28,23,86,67,42" hai3="21,24,2,100,112,11,85,73,0,132,78,25,60"/><W50/><G73/><T127/><D10/><U19/><E75/><V104/><F104/><W116/><G116/><N who="0" m="44587" /><D81/><U117/><E123/><V105/><F105/><W5/><G112/><T62/><D27/><U9/><E117/><V114/><F114/><W40/><G132/><T121/><D62/><U122/><E122/><V61/><F4/><W18/><G100/><T3/><D3/><N who="1" m="255" /><E43/><V113/><F113/><W59/><G78/><T106/><D121/><U80/><E110/><N who="0" m="41993" /><D106/><U103/><E58/><V79/><F61/><W52/><G85/><T35/><D35/><U56/><E56/><V32/><F32/><W26/><REACH who="3" step="1"/><G0/><REACH who="3" ten="273,170,355,192" step="2"/><T34/><D34/><U91/><E80/><V38/><F79/><W47/><AGARI ba="0,1" hai="2,5,11,18,21,24,25,26,40,47,50,52,59,60" machi="47" ten="30,12000,1" yaku="1,1,2,1,0,1,52,1,54,1,53,0" doraHai="54" doraHaiUra="96" who="3" fromWho="3" sc="273,-40,170,-40,355,-40,192,130" owari="233,-17.0,130,-37.0,315,12.0,322,42.0" /></mjloggm>