<mjloggm ver="2.3"><GO type="41"/><UN n0="%E2%98%86%E3%81%98%E3%82%83%E3%81%8C%E3%82%8A%E3%81%93%E2%98%86" n1="%43%41%4E%4E%4F%54" n2="%E3%82%AA%E3%83%A9%E3%82%B4%E3%83%B3%E3%82%AF%E3%82%A8%E3%82%B9%EF%BD%94" n3="%EF%BC%88%E2%89%A7%E2%96%BD%E2%89%A6%EF%BC%89" dan="13,13,14,15" rate="1838,1916,2111,2020" sx="F,M,M,M"/><TAIKYOKU oya="0"/><INIT seed="0,0,0,2,2,67" ten="250,250,250,250" oya="0" hai0="81,107,6,73,79,41,76,57,46,33,109,8,77" hai1="121,26,134,124,113,4,78,117,110,103,105,35,16" hai2="130,44,61,30,128,9,51,129,82,118,74,32,38" hai3="106,11,88,7,135,47,111,18,31,54,72,50,25"/><T37/><D33/><U101/><E121/><V45/><F118/><W97/><G72/><T123/><D107/><U83/><E117/><V55/><F9/><W58/><G135/><T68/><D123/><U94/><E105/><V108/><F32/><W80/><G111/><T3/><D109/><U95/><E134/><V87/><F30/><W93/><G106/><T96/><D96/><U86/><E113/><V0/><F0/><W125/><G125/><T100/><D100/><U75/><E110/><V10/><F10/><W122/><G122/><T116/><D116/><U34/><E4/><V63/><F74/><W126/><G126/><T90/><D57/><U17/><E124/><V84/><F108/><W98/><G80/><T66/><D90/><U14/><E75/><V2/><F2/><W102/><G18/><N who="1" m="7274" /><E14/><V85/><REACH who="2" step="1"/><F82/><REACH who="2" ten="250,250,240,250" step="2"/><W69/><G11/><T64/><D64/><U39/><E34/><V119/><F119/><W29/><G29/><T131/><D131/><U19/><E35/><V115/><F115/><W23/><G7/><T71/><REACH who="0" step="1"/><D66/><REACH who="0" ten="240,250,240,250" step="2"/><U62/><E83/><V36/><F36/><W114/><G114/><T89/><D89/><U22/><E39/><V92/><F92/><W42/><G88/><T13/><D13/><U127/><E94/><V48/><F48/><N who="3" m="26743" /><G97/><T28/><D28/><U5/><E95/><V52/><F52/><W112/><G112/><T24/><D24/><U60/><E127/><V12/><F12/><W70/><G93/><T49/><D49/><U43/><E26/><V20/><F20/><W99/><G99/><T27/><D27/><RYUUKYOKU ba="0,2" sc="240,10,250,-30,240,10,250,10" hai0="3,6,8,37,41,46,68,71,73,76,77,79,81" hai2="38,44,45,51,55,61,63,84,85,87,128,129,130" hai3="23,25,31,50,54,58,69,70,98,102" /><INIT seed="0,1,2,1,3,20" ten="250,220,250,260" oya="0" hai0="25,40,2,31,117,122,103,102,4,82,19,83,35" hai1="130,106,131,135,48,63,120,58,21,88,109,95,84" hai2="121,65,113,108,38,61,54,44,101,119,111,7,51" hai3="89,126,132,114,124,86,72,50,76,118,59,85,60"/><T5/><D122/><U45/><E120/><V33/><F33/><W28/><G118/><T73/><D117/><U90/><E106/><V0/><F121/><W30/><G114/><T46/><D19/><U27/><E135/><V18/><F119/><W42/><G132/><T1/><D83/><U14/><E109/><N who="2" m="42059" /><F101/><W16/><G72/><T74/><D5/><U52/><E14/><V134/><F134/><W91/><G76/><T99/><D102/><U29/><REACH who="1" step="1"/><E90/><REACH who="1" ten="250,210,250,260" step="2"/><V39/><F113/><W94/><G126/><T107/><D4/><U104/><E104/><V129/><F7/><W6/><G124/><T55/><D55/><AGARI ba="1,3" hai="21,27,29,45,48,52,55,58,63,84,88,95,130,131" machi="55" ten="40,8000,1" yaku="1,1,52,1,54,2,53,1" doraHai="20" doraHaiUra="81" who="1" fromWho="0" sc="250,-83,210,113,250,0,260,0" /><INIT seed="1,0,0,5,5,82" ten="167,323,250,260" oya="1" hai0="109,29,130,71,10,15,122,85,116,86,12,98,132" hai1="54,95,56,119,47,23,75,103,99,33,25,45,28" hai2="73,50,68,133,46,41,64,11,0,53,16,1,106" hai3="60,59,76,32,21,51,22,128,108,110,114,24,40"/><U118/><E75/><V77/><F106/><W80/><G114/><T96/><D116/><U92/><E118/><V31/><F31/><N who="3" m="19559" /><G128/><T30/><D71/><U102/><E119/><V81/><F133/><W117/><G117/><T44/><D132/><U4/><E4/><V26/><F64/><N who="3" m="38943" /><G51/><T78/><D130/><U20/><E33/><V37/><F68/><W17/><G17/><T2/><D2/><U123/><E123/><V3/><F26/><W13/><G13/><N who="0" m="5195" /><D122/><U8/><E8/><V36/><F37/><W107/><G40/><T39/><D10/><U49/><E23/><V55/><F36/><W69/><G107/><T126/><D39/><U72/><E72/><V79/><F79/><W89/><G89/><T127/><D78/><U97/><AGARI ba="0,0" hai="20,25,28,45,47,49,54,56,92,95,97,99,102,103" machi="97" ten="30,6000,0" yaku="0,1,9,1,8,1" doraHai="82" who="1" fromWho="1" sc="167,-20,323,60,250,-20,260,-20" /><INIT seed="1,1,0,5,2,32" ten="147,383,230,240" oya="1" hai0="97,40,27,133,91,36,50,47,49,6,26,28,88" hai1="52,24,100,93,128,95,39,119,8,134,124,13,123" hai2="25,15,63,99,48,82,96,23,94,105,109,89,46" hai3="11,80,79,129,54,111,73,78,57,35,51,120,92"/><U4/><E119/><V77/><F109/><W117/><G120/><T37/><D133/><U33/><E39/><V108/><F108/><W18/><G111/><T59/><D6/><U68/><E123/><V127/><F127/><W53/><G35/><T60/><D97/><U98/><E134/><V21/><F63/><W86/><G117/><T102/><D102/><U103/><E124/><V14/><F99/><W29/><G129/><T3/><D3/><U70/><E52/><N who="2" m="29719" /><F105/><W66/><G29/><T85/><D91/><U118/><E118/><V112/><F112/><W75/><G66/><T9/><D9/><U12/><E128/><V130/><F130/><W20/><G11/><T72/><D72/><U43/><E13/><N who="2" m="4619" /><F25/><N who="3" m="14487" /><G75/><T106/><D106/><U30/><E43/><V16/><F16/><W22/><G73/><T76/><D76/><U69/><E100/><N who="2" m="60439" /><F77/><N who="3" m="46351" /><G92/><T122/><D122/><U10/><REACH who="1" step="1"/><E8/><REACH who="1" ten="147,373,230,240" step="2"/><V58/><F58/><W45/><G57/><T67/><D37/><U34/><E34/><V31/><F21/><W84/><G22/><T90/><D90/><U0/><E0/><V131/><F131/><W71/><G53/><T115/><D115/><U126/><E126/><V61/><F61/><W125/><G125/><T132/><D132/><U1/><E1/><V114/><F114/><W116/><G116/><T42/><D27/><U55/><E55/><V101/><F101/><W87/><G71/><T62/><D42/><U17/><E17/><V5/><F89/><W2/><G2/><T41/><D40/><U38/><E38/><V56/><F56/><W65/><G65/><RYUUKYOKU ba="1,1" sc="147,-15,373,15,230,-15,240,15" hai1="4,10,12,24,30,33,68,69,70,93,95,98,103" hai3="45,51,54,78,79,84,87" /><INIT seed="1,2,1,2,1,91" ten="132,388,215,255" oya="1" hai0="6,25,23,105,79,39,114,13,70,5,95,1,24" hai1="87,122,43,40,80,110,63,129,132,56,15,130,66" hai2="18,134,86,103,135,65,78,3,68,48,120,47,37" hai3="113,77,121,29,61,58,54,84,72,26,9,16,133"/><U49/><E132/><N who="2" m="50731" /><F3/><W30/><G133/><T8/><D70/><U2/><E122/><V64/><F103/><W60/><G121/><T52/><D105/><U21/><E2/><V27/><F37/><W50/><G113/><T93/><D39/><U55/><E110/><V0/><F0/><W53/><G72/><T12/><D79/><U7/><E130/><V34/><F68/><W57/><G50/><T88/><D114/><U32/><E32/><V97/><F97/><W90/><G77/><T46/><D1/><U108/><E108/><V98/><F98/><W119/><G119/><T81/><D6/><U100/><E100/><V33/><F33/><W75/><G75/><T51/><D13/><U22/><E129/><V106/><F106/><W101/><G101/><T99/><D81/><U117/><E7/><V11/><F34/><W31/><G9/><T128/><D128/><U107/><E107/><V96/><F11/><W125/><G125/><T14/><D95/><U45/><E15/><V59/><F120/><W76/><G76/><T89/><D89/><N who="1" m="51431" /><E117/><V109/><F109/><W10/><G10/><T115/><D115/><U69/><E69/><V28/><F78/><W116/><G116/><T111/><D111/><U83/><E83/><V71/><F71/><W36/><G36/><T44/><D46/><U17/><E21/><V38/><F38/><W102/><G102/><T35/><D35/><U20/><E20/><V85/><F47/><W82/><G31/><T94/><D93/><U112/><E112/><V41/><F28/><W104/><G104/><T131/><D131/><RYUUKYOKU ba="2,1" sc="132,10,388,10,215,-30,255,10" hai0="5,8,12,14,23,24,25,44,51,52,88,94,99" hai1="17,22,40,43,45,49,55,56,63,66" hai3="16,26,29,30,53,54,57,58,60,61,82,84,90" /><INIT seed="1,3,1,1,4,88" ten="142,398,185,265" oya="1" hai0="23,3,18,124,119,66,122,129,86,92,10,77,76" hai1="108,135,104,45,21,89,125,117,48,75,29,120,42" hai2="36,58,78,22,52,0,25,94,121,9,24,132,112" hai3="2,85,71,50,27,54,5,126,26,106,43,39,102"/><U70/><E75/><V7/><F121/><W110/><G71/><T87/><D119/><U118/><E120/><V79/><F36/><W30/><G110/><T131/><D122/><U74/><E108/><V82/><F132/><W73/><G73/><T72/><D66/><U63/><E74/><V64/><F64/><W90/><G126/><T19/><D72/><U55/><E135/><V4/><F4/><W111/><G111/><T61/><D124/><U60/><E125/><V49/><F112/><W12/><G2/><T115/><D61/><U109/><E60/><V13/><F0/><W20/><G106/><T57/><D57/><U101/><E109/><V38/><F38/><W98/><G39/><T84/><D115/><U130/><E130/><N who="0" m="49673" /><D3/><U35/><E89/><V37/><F37/><W127/><G127/><T113/><D113/><U123/><E21/><V91/><F82/><W15/><G43/><T67/><D67/><U51/><E123/><V14/><F14/><W34/><G5/><T114/><D114/><U80/><E80/><V65/><F65/><W59/><G102/><T83/><D10/><U33/><E70/><V62/><F62/><W100/><G100/><T8/><D8/><U95/><E63/><V16/><F25/><W134/><G134/><T1/><D1/><U17/><E117/><V53/><F53/><W32/><G27/><N who="0" m="14839" /><D19/><U99/><E17/><V81/><REACH who="2" step="1"/><F81/><REACH who="2" ten="142,398,175,265" step="2"/><N who="3" m="49455" /><G12/><T103/><D83/><U47/><E118/><V69/><F69/><W97/><G97/><BYE who="3" /><AGARI ba="3,2" hai="76,77,84,86,87,92,97,103" m="14839,49673" machi="97" ten="30,2000,0" yaku="19,1,52,1" doraHai="88" who="0" fromWho="3" sc="142,49,398,0,175,0,265,-29" /><AGARI ba="3,0" hai="7,9,13,16,22,24,49,52,58,78,79,91,94,97" machi="97" ten="30,12000,2" yaku="1,1,7,1,8,1,52,1,54,2,53,0" doraHai="88" doraHaiUra="107" who="2" fromWho="3" sc="191,0,398,0,175,120,236,-120" /><INIT seed="2,0,0,0,2,31" ten="191,398,295,116" oya="2" hai0="11,104,38,40,93,0,3,65,111,117,76,127,79" hai1="13,12,103,52,107,87,9,81,73,123,62,49,135" hai2="85,119,113,7,51,72,90,16,33,45,121,47,120" hai3="5,88,99,46,22,10,106,41,18,86,108,21,48"/><V6/><F119/><W77/><G77/><T74/><D117/><U23/><E73/><V37/><F113/><W28/><G28/><T26/><D111/><U118/><E123/><V134/><F72/><W24/><G24/><T15/><D127/><U96/><E118/><V126/><F134/><W64/><G64/><T101/><D104/><U54/><E135/><V66/><F126/><W122/><G122/><T132/><D65/><U124/><E124/><V110/><F66/><W71/><G71/><T42/><D132/><U50/><E23/><UN n3="%EF%BC%88%E2%89%A7%E2%96%BD%E2%89%A6%EF%BC%89" /><V78/><F110/><W27/><G108/><T2/><D93/><U109/><E109/><V80/><F121/><W59/><G59/><T94/><D94/><U63/><E54/><V14/><F33/><W19/><G99/><T57/><D57/><U98/><E98/><V53/><F120/><W61/><G106/><T36/><D101/><U69/><E50/><N who="2" m="28879" /><F78/><N who="0" m="29738" /><D15/><U131/><E69/><V133/><F37/><N who="0" m="14442" /><D11/><U60/><E9/><N who="2" m="6223" /><F133/><W89/><G61/><T128/><D26/><U20/><E20/><V58/><F58/><W105/><G105/><T97/><D97/><U100/><E100/><V29/><F29/><W75/><G75/><T43/><D74/><U55/><E62/><V70/><F70/><W17/><G21/><T84/><D84/><U68/><E68/><V32/><F32/><W116/><G116/><T129/><AGARI ba="0,0" hai="0,2,3,40,42,43,128,129" m="14442,29738" machi="129" ten="50,3200,0" yaku="28,2" doraHai="31" who="0" fromWho="0" sc="191,32,398,-8,295,-16,116,-8" /><INIT seed="3,0,0,4,2,62" ten="223,390,279,108" oya="3" hai0="51,96,74,109,34,12,123,8,44,95,38,75,112" hai1="102,121,25,9,68,4,6,24,97,86,69,41,107" hai2="91,110,55,132,52,48,30,47,42,45,0,118,21" hai3="29,100,135,89,53,106,16,64,80,88,77,70,61"/><W2/><G2/><T37/><D34/><U27/><E121/><V17/><F118/><W73/><G135/><T85/><D123/><U32/><E32/><V130/><F132/><W101/><G29/><T33/><D33/><U54/><E41/><V98/><F0/><W50/><G16/><T133/><D112/><U20/><E20/><V84/><F110/><W83/><G106/><T22/><D109/><U119/><E119/><V134/><F130/><W104/><G104/><T125/><D125/><U35/><E35/><V72/><F72/><W66/><G66/><T113/><D22/><U60/><E86/><V15/><F134/><W82/><G82/><T76/><D113/><U99/><E99/><V57/><F98/><W31/><G31/><T124/><D124/><U108/><E108/><V120/><F30/><W59/><REACH who="3" step="1"/><G80/><REACH who="3" ten="223,390,279,98" step="2"/><T19/><D133/><U28/><E28/><V79/><F17/><W129/><G129/><T46/><D75/><U3/><E6/><V43/><F120/><W128/><G128/><T7/><D74/><U127/><E127/><V49/><F21/><W111/><G111/><T103/><D19/><U23/><E23/><V63/><F15/><W92/><G92/><T65/><D65/><U117/><E117/><V1/><F1/><W94/><G94/><T39/><REACH who="0" step="1"/><D51/><REACH who="0" ten="213,390,279,98" step="2"/><U11/><E11/><V10/><F10/><W40/><G40/><T67/><D67/><U36/><E107/><V87/><F42/><W56/><G56/><T13/><D13/><U5/><E9/><V114/><F43/><W26/><G26/><T131/><D131/><RYUUKYOKU ba="0,2" sc="213,15,390,-15,279,-15,98,15" hai0="7,8,12,37,38,39,44,46,76,85,95,96,103" hai3="50,53,59,61,64,70,73,77,83,88,89,100,101" /><INIT seed="3,1,2,4,5,98" ten="228,375,264,113" oya="3" hai0="129,0,14,105,93,112,127,5,72,130,90,25,28" hai1="51,133,27,113,43,78,45,116,32,74,126,66,87" hai2="6,125,12,38,102,83,58,35,59,132,106,84,70" hai3="109,52,69,50,4,110,134,92,79,24,103,1,65"/><W128/><G128/><T31/><D112/><U107/><E116/><V48/><F38/><W96/><G134/><T94/><D72/><U44/><E74/><V97/><F70/><W40/><G79/><T75/><D75/><U123/><E133/><V89/><F132/><W122/><G122/><T100/><D127/><U115/><E123/><V41/><F35/><W8/><G40/><T81/><D0/><U30/><E107/><V111/><F125/><W135/><G135/><T15/><D81/><U104/><E104/><V88/><F111/><N who="3" m="42507" /><G24/><T18/><D5/><U39/><E66/><V22/><F89/><W101/><G65/><T61/><D105/><U37/><E37/><V11/><REACH who="2" step="1"/><F22/><REACH who="2" ten="228,375,254,113" step="2"/><W46/><G69/><T118/><D130/><U9/><E126/><V49/><F49/><W21/><G21/><N who="0" m="13495" /><D61/><U77/><E113/><V67/><F67/><W10/><G8/><T71/><D71/><U54/><E9/><V120/><F120/><W60/><G60/><T57/><D57/><U63/><E63/><V85/><F85/><W91/><AGARI ba="1,3" hai="1,4,10,46,50,52,91,92,96,101,103" m="42507" machi="91" ten="30,12000,1" yaku="14,1,10,1,52,2,54,1" doraHai="98" who="3" fromWho="3" sc="228,-41,375,-41,254,-41,113,153" /><INIT seed="3,2,0,5,5,105" ten="187,334,213,266" oya="3" hai0="44,93,129,48,23,119,128,126,82,56,103,17,72" hai1="31,26,43,47,125,18,81,62,2,21,92,1,94" hai2="54,10,95,19,111,16,118,59,80,4,13,37,90" hai3="73,45,133,50,52,33,35,99,71,77,22,40,25"/><W65/><G133/><T61/><D119/><U112/><E112/><V97/><F111/><W116/><G116/><T41/><D126/><U24/><E125/><V130/><F130/><W60/><G99/><T102/><D93/><U104/><E104/><V20/><F37/><W29/><REACH who="3" step="1"/><G40/><REACH who="3" ten="187,334,213,256" step="2"/><N who="0" m="24583" /><D129/><U83/><E43/><V38/><F118/><W132/><G132/><T68/><D41/><U87/><E1/><V114/><F114/><W39/><G39/><T51/><D128/><U110/><E2/><V14/><F38/><W88/><G88/><T117/><D117/><U84/><E110/><V15/><F80/><AGARI ba="2,1" hai="22,25,29,33,35,45,50,52,60,65,71,73,77,80" machi="80" ten="40,7700,0" yaku="1,1,52,1,54,1,53,0" doraHai="105" doraHaiUra="86" who="3" fromWho="2" sc="187,0,334,0,213,-83,256,93" /><INIT seed="3,3,0,0,0,20" ten="187,334,130,349" oya="3" hai0="106,94,13,30,102,77,104,15,124,8,31,12,29" hai1="48,85,19,118,57,131,39,16,132,53,63,51,120" hai2="84,100,134,14,2,95,91,75,18,27,113,99,4" hai3="37,129,128,121,69,9,73,41,111,70,98,54,81"/><W116/><G116/><T68/><D77/><U45/><E39/><V46/><F113/><W88/><G121/><T55/><D8/><U130/><E120/><V50/><F134/><W60/><G111/><T135/><D94/><U109/><E132/><V125/><F75/><W7/><G54/><T10/><D10/><U107/><E109/><V123/><F125/><W61/><G61/><T105/><D135/><U133/><E107/><V92/><F123/><W47/><G60/><T82/><D124/><U86/><E133/><V32/><F2/><N who="3" m="247" /><G98/><T110/><D82/><U58/><E118/><V17/><F32/><W11/><G11/><T23/><D110/><U114/><E63/><V49/><F4/><W90/><G90/><T101/><D55/><U119/><E119/><V72/><F72/><W74/><G74/><T96/><D23/><U65/><E53/><N who="2" m="29879" /><F14/><W42/><G42/><T67/><D96/><U112/><REACH who="1" step="1"/><E45/><REACH who="1" ten="187,324,130,349" step="2"/><V76/><F50/><W24/><G37/><T21/><D21/><U52/><E52/><V38/><F38/><W62/><G62/><AGARI ba="3,1" hai="12,13,15,29,30,31,62,67,68,101,102,104,105,106" machi="62" ten="50,3200,0" yaku="29,2" doraHai="20" who="0" fromWho="3" sc="187,51,324,0,130,0,349,-41" /><INIT seed="4,0,0,4,5,50" ten="238,324,130,308" oya="0" hai0="7,71,0,102,17,68,19,125,60,64,29,117,119" hai1="42,118,8,74,90,130,128,52,76,54,105,61,94" hai2="73,33,36,32,27,5,113,70,95,78,28,126,4" hai3="20,79,87,10,43,2,112,12,107,84,88,72,86"/><T57/><D125/><U69/><E105/><V41/><F70/><W49/><G107/><T35/><D102/><U82/><E118/><V83/><F126/><W108/><G108/><T129/><D129/><N who="1" m="49771" /><E42/><V65/><F113/><W48/><G112/><T77/><D77/><U85/><E8/><V46/><F65/><AGARI ba="0,0" hai="52,54,61,65,69,74,76,82,85,90,94" m="49771" machi="65" ten="30,7700,0" yaku="19,1,52,2,54,1" doraHai="50" who="1" fromWho="2" sc="238,0,324,77,130,-77,308,0" /><INIT seed="5,0,0,1,5,82" ten="238,401,53,308" oya="1" hai0="15,19,80,95,129,124,64,65,41,12,25,46,61" hai1="20,38,75,22,54,26,42,13,122,87,131,28,99" hai2="14,109,74,89,44,120,8,23,40,134,62,132,1" hai3="94,63,10,68,92,97,48,116,69,91,37,17,0"/><U3/><E75/><V27/><F74/><W32/><G32/><T128/><D124/><U5/><E122/><V60/><F120/><W86/><G37/><T77/><D25/><U81/><E131/><V119/><F1/><W11/><G116/><T103/><D103/><U30/><E3/><V133/><F89/><W43/><G0/><T7/><D95/><U115/><E99/><V106/><F106/><W29/><G29/><T35/><D35/><U123/><E123/><V110/><F119/><W90/><G68/><T108/><D108/><U66/><E66/><V70/><F70/><W101/><G69/><T56/><D65/><U67/><E67/><V83/><F83/><N who="3" m="49503" /><G63/><N who="2" m="24105" /><F23/><W34/><G34/><T49/><D15/><U96/><E42/><V111/><F27/><W126/><G126/><T127/><D127/><U118/><E38/><N who="2" m="21527" /><F14/><W114/><G17/><T33/><D33/><U72/><E72/><V100/><F100/><W84/><G114/><T112/><D112/><U4/><E115/><V73/><F8/><W113/><G113/><T18/><D129/><U36/><E36/><V71/><F73/><W98/><G98/><T31/><D31/><U2/><E96/><V6/><F71/><W88/><G91/><T79/><D128/><U135/><E2/><V9/><F9/><W107/><G107/><T105/><D105/><U45/><E118/><V51/><F6/><W76/><G76/><N who="0" m="29259" /><D80/><U52/><E28/><V21/><F21/><N who="1" m="8297" /><E5/><V117/><F117/><W58/><G43/><T102/><D102/><U39/><E4/><V121/><F121/><W78/><G78/><RYUUKYOKU ba="0,0" sc="238,10,401,-30,53,10,308,10" hai0="7,12,18,19,41,46,49,56,61,64" hai2="51,109,110,111,132,133,134" hai3="10,11,48,58,84,88,92,94,97,101" /><INIT seed="6,1,0,2,5,121" ten="248,371,63,318" oya="2" hai0="67,87,86,52,10,95,28,103,127,73,13,92,107" hai1="90,134,57,89,55,8,117,63,97,47,113,42,46" hai2="60,25,20,66,116,27,71,43,35,0,6,62,128" hai3="105,11,119,81,1,111,91,85,112,75,7,56,125"/><V102/><F116/><W41/><G119/><T31/><D73/><U74/><E117/><V78/><F128/><W9/><G105/><T88/><D67/><U108/><E74/><V72/><F60/><W58/><G125/><T118/><D127/><U30/><E113/><V23/><F102/><W3/><G112/><T19/><D118/><U123/><E123/><V65/><F65/><W129/><G129/><T34/><D34/><U109/><E30/><V131/><F131/><W68/><G68/><T115/><D115/><U4/><E134/><V54/><F43/><W110/><G75/><T106/><D103/><U37/><E47/><V77/><F54/><W79/><G41/><T12/><D52/><U51/><E97/><V18/><F35/><W45/><G45/><T5/><D107/><U16/><E16/><V82/><F78/><W50/><G79/><T39/><D106/><U104/><E104/><V48/><F48/><W101/><G101/><T84/><D39/><U122/><E122/><V26/><REACH who="2" step="1"/><F18/><REACH who="2" ten="248,371,53,318" step="2"/><W14/><G50/><T99/><REACH who="0" step="1"/><D92/><REACH who="0" ten="238,371,53,318" step="2"/><U40/><E37/><V120/><F120/><W22/><G58/><T21/><AGARI ba="1,2" hai="5,10,12,13,19,21,28,31,84,86,87,88,95,99" machi="21" ten="30,8000,1" yaku="1,1,2,1,0,1,8,1,54,1,53,0" doraHai="121" doraHaiUra="33" who="0" fromWho="0" sc="238,103,371,-21,53,-41,318,-21" /><INIT seed="7,0,0,4,0,63" ten="341,350,12,297" oya="3" hai0="13,112,43,131,69,31,117,116,39,29,102,26,48" hai1="8,106,41,24,119,59,129,108,74,128,10,30,55" hai2="114,50,14,79,92,46,70,35,133,53,85,113,72" hai3="27,37,82,54,121,58,86,83,104,68,111,90,45"/><W18/><G121/><T99/><D131/><N who="1" m="50251" /><E119/><V73/><F35/><W52/><G104/><T21/><D112/><N who="2" m="43114" /><F133/><W77/><G68/><T32/><D31/><U25/><E106/><V134/><F134/><W0/><G0/><T100/><D102/><U60/><E108/><V12/><F70/><W127/><G111/><T51/><D69/><U97/><E74/><N who="2" m="28779" /><F92/><W16/><G127/><T19/><D117/><U89/><E41/><V47/><F46/><W42/><G27/><N who="1" m="10314" /><E30/><V40/><F40/><W36/><G36/><T118/><D118/><U107/><E107/><V62/><F62/><W75/><G54/><T80/><D116/><U38/><E38/><V22/><F22/><W115/><G115/><T15/><D13/><U125/><E125/><V84/><F84/><W88/><G90/><T71/><D71/><U17/><E17/><V1/><F1/><W6/><G6/><T49/><D39/><U5/><E5/><V94/><F94/><AGARI ba="0,0" hai="8,10,55,59,60,89,94,97" m="10314,50251" machi="94" ten="30,1000,0" yaku="19,1" doraHai="63" who="1" fromWho="2" sc="341,0,350,10,12,-10,297,0" owari="341,14.0,360,46.0,2,-50.0,297,-10.0" /></mjloggm>