<mjloggm ver="2.3"><GO type="225"/><UN n0="%E3%81%BF%E3%81%BF%E3%81%9A" n1="%E5%B8%B0%E3%81%A3%E3%81%A6%E3%81%8D%E3%81%9F%EF%BC%88%EF%BD%92%EF%BD%99" n2="%45%53%54%69" n3="%EF%BC%88%E2%89%A7%E2%96%BD%E2%89%A6%EF%BC%89" dan="17,16,17,16" rate="2159,2072,2156,2100" sx="M,M,M,M"/><TAIKYOKU oya="0"/><INIT seed="0,0,0,4,3,37" ten="250,250,250,250" oya="0" hai0="116,115,124,61,29,107,81,32,62,42,2,44,73" hai1="75,118,14,90,25,68,106,51,23,77,52,72,69" hai2="91,131,125,128,26,11,9,60,103,13,127,20,17" hai3="132,123,46,45,129,80,85,70,104,112,110,7,67"/><T119/><D115/><U48/><E118/><V113/><F91/><W28/><G104/><T3/><D61/><U16/><E106/><V47/><F103/><W76/><G112/><T63/><D62/><U56/><E51/><V54/><F47/><W93/><G123/><T101/><D63/><U97/><E25/><V109/><F54/><W50/><G129/><N who="2" m="49737" /><F60/><W59/><G70/><T30/><D30/><U82/><REACH who="1" step="1"/><E72/><REACH who="1" ten="250,240,250,250" step="2"/><V89/><F113/><W12/><G50/><T49/><D116/><U18/><E18/><N who="2" m="12567" /><F109/><W5/><G110/><T108/><D108/><U105/><E105/><V96/><F96/><W133/><G133/><T8/><D119/><U100/><E100/><V33/><F89/><W57/><G132/><T102/><D107/><U120/><E120/><V64/><F64/><W122/><G67/><T111/><D111/><U86/><E86/><V114/><F114/><W43/><G122/><T10/><D102/><U99/><E99/><V130/><F130/><W87/><G85/><T35/><D101/><U135/><E135/><V88/><F88/><W1/><G87/><T4/><D73/><U74/><E74/><V92/><F92/><AGARI ba="0,1" hai="14,16,23,48,52,56,68,69,75,77,82,90,92,97" machi="92" ten="40,5200,0" yaku="1,1,54,2,53,0" doraHai="37" doraHaiUra="41" who="1" fromWho="2" sc="250,0,240,62,250,-52,250,0" /><INIT seed="1,0,0,0,2,0" ten="250,302,198,250" oya="1" hai0="131,22,31,88,132,25,51,127,90,59,42,20,17" hai1="55,24,30,81,89,61,1,70,75,122,37,97,84" hai2="53,14,4,71,86,119,57,36,120,49,46,110,9" hai3="115,113,101,65,41,126,19,133,118,117,58,114,39"/><U27/><E122/><V108/><F119/><N who="3" m="45579" /><G101/><T129/><D127/><U16/><E37/><V29/><F120/><W111/><G19/><T85/><D132/><U5/><E75/><V107/><F107/><W94/><G94/><T72/><D72/><U33/><E97/><V10/><F71/><W116/><G116/><T32/><D90/><U50/><E61/><V121/><F121/><W78/><G78/><T48/><D42/><U8/><E70/><V13/><F29/><W91/><G91/><T130/><D59/><U69/><E69/><V56/><F86/><W92/><G92/><N who="0" m="54287" /><D32/><U54/><REACH who="1" step="1"/><E50/><REACH who="1" ten="250,292,198,250" step="2"/><V28/><F36/><W76/><G39/><T112/><D112/><U34/><E34/><V102/><F110/><W11/><G114/><T99/><D99/><U6/><E6/><N who="2" m="3255" /><F108/><W83/><G111/><T12/><AGARI ba="0,1" hai="12,17,20,22,25,31,48,51,129,130,131" m="54287" machi="12" ten="30,2000,0" yaku="19,1,54,1" doraHai="0" who="0" fromWho="0" sc="250,30,292,-10,198,-5,250,-5" /><INIT seed="2,0,0,3,0,12" ten="280,282,193,245" oya="2" hai0="13,25,41,78,128,122,72,100,33,134,28,2,63" hai1="20,48,98,40,133,76,85,127,14,46,50,135,73" hai2="44,75,95,58,57,86,97,77,81,11,51,130,66" hai3="114,87,21,126,9,59,89,102,109,131,64,24,67"/><V18/><F130/><W37/><G37/><T129/><D122/><U30/><E73/><V90/><F66/><W4/><G131/><N who="0" m="50251" /><D2/><U113/><E113/><V101/><F11/><W52/><G114/><T22/><D100/><U60/><E127/><V0/><F0/><W5/><G102/><T61/><D41/><U15/><E60/><V32/><F32/><W115/><G109/><T43/><D43/><U110/><E50/><V99/><F99/><W107/><G107/><T42/><D42/><U119/><E119/><V27/><F27/><W54/><G54/><T74/><D134/><N who="1" m="51211" /><E98/><V49/><F18/><N who="3" m="12343" /><G126/><T35/><D35/><U56/><E56/><V105/><REACH who="2" step="1"/><F44/><REACH who="2" ten="280,282,183,245" step="2"/><W47/><G47/><T79/><D33/><U1/><E1/><V7/><F7/><N who="3" m="2635" /><G9/><T71/><D13/><U117/><E15/><V8/><F8/><W55/><G115/><T93/><D25/><N who="1" m="16679" /><E14/><V34/><F34/><W39/><G39/><T10/><D10/><U53/><E117/><V132/><F132/><W120/><G120/><T80/><D28/><U84/><E110/><V36/><F36/><W83/><G67/><T17/><D17/><U121/><E121/><V92/><F92/><W3/><G3/><T106/><D22/><U31/><E31/><V38/><F38/><W125/><G125/><T108/><D108/><U94/><E94/><V96/><F96/><W82/><G82/><N who="0" m="45383" /><D106/><U69/><E40/><V6/><F6/><W118/><G118/><T16/><D16/><U65/><E65/><V62/><F62/><AGARI ba="0,1" hai="52,55,59,62,64,83,87,89" m="2635,12343" machi="62" ten="30,3900,0" yaku="8,1,52,1,54,1" doraHai="12" who="3" fromWho="2" sc="280,0,282,0,183,-39,245,49" /><INIT seed="3,0,0,1,5,112" ten="280,282,144,294" oya="3" hai0="90,131,122,76,36,73,105,130,123,17,115,121,55" hai1="56,119,33,5,129,21,48,135,0,100,54,47,113" hai2="87,118,30,37,24,111,44,78,57,96,1,18,65" hai3="81,32,42,45,75,9,16,74,2,39,133,85,127"/><W10/><G32/><T31/><D36/><U68/><E113/><V62/><F1/><W22/><G133/><T60/><D115/><U25/><E33/><V11/><F111/><W134/><G134/><T82/><D31/><N who="1" m="17839" /><E68/><V126/><F126/><W63/><G127/><T80/><D105/><U97/><E135/><V43/><F96/><W67/><G9/><T35/><D35/><U86/><E119/><V132/><F132/><W117/><G117/><T106/><D106/><U29/><E129/><N who="0" m="49161" /><D17/><U15/><E0/><V98/><F98/><W83/><G10/><T59/><D82/><U116/><E116/><V128/><F128/><W99/><G81/><T40/><D40/><N who="1" m="24679" /><E29/><V7/><F118/><W53/><G2/><T26/><D26/><U4/><E15/><V108/><F108/><W95/><G74/><T94/><D94/><N who="1" m="58423" /><E86/><V51/><F37/><W84/><G75/><T13/><D13/><U38/><E38/><V77/><F87/><W14/><G83/><T79/><D79/><U41/><E41/><V91/><F91/><AGARI ba="0,0" hai="55,59,60,73,76,80,90,91,121,122,123" m="49161" machi="91" ten="40,1300,0" yaku="19,1" doraHai="112" who="0" fromWho="2" sc="280,13,282,0,144,-13,294,0" /><INIT seed="4,0,0,2,1,115" ten="293,282,131,294" oya="0" hai0="69,40,56,75,127,17,79,90,5,39,34,100,81" hai1="61,26,124,110,48,77,6,3,4,94,104,135,53" hai2="70,86,38,123,105,14,41,73,114,112,37,109,113" hai3="47,66,19,129,88,54,31,15,27,91,89,122,103"/><T29/><D69/><U92/><E110/><V50/><F73/><W65/><G129/><T44/><D100/><U134/><E104/><V118/><F86/><W126/><G126/><T52/><D127/><U76/><E124/><V120/><F105/><W24/><G103/><T93/><D5/><N who="1" m="2155" /><E3/><V10/><F70/><W96/><G96/><T28/><D17/><U95/><E61/><V8/><F109/><W87/><G87/><T131/><D34/><U102/><E26/><N who="3" m="9770" /><G31/><T36/><D36/><N who="2" m="13930" /><F118/><W68/><G122/><N who="2" m="46633" /><F14/><W117/><G117/><T83/><D83/><U25/><E25/><V59/><F59/><W21/><G68/><T12/><D131/><U99/><E135/><V35/><F35/><W57/><G47/><AGARI ba="0,0" hai="8,10,41,47,50,112,113,114" m="46633,13930" machi="47" ten="40,1300,0" yaku="15,1" doraHai="115" who="2" fromWho="3" sc="293,0,282,0,131,13,294,-13" /><INIT seed="5,0,0,3,2,19" ten="293,282,144,281" oya="1" hai0="71,105,112,87,106,119,15,32,95,76,52,61,103" hai1="88,100,41,101,120,132,131,64,79,53,78,26,72" hai2="45,130,99,133,6,12,111,54,4,80,5,82,33" hai3="30,117,122,94,96,35,77,69,20,40,68,16,39"/><U135/><E120/><V126/><F33/><W67/><G122/><T129/><D32/><U114/><E64/><V27/><F27/><W83/><G117/><T123/><D123/><U75/><E41/><V107/><F111/><W84/><G67/><T93/><D71/><U25/><E53/><V74/><F74/><W38/><G35/><T104/><D119/><U58/><E58/><V134/><F126/><W73/><G30/><T48/><D61/><U128/><REACH who="1" step="1"/><E88/><REACH who="1" ten="293,272,144,281" step="2"/><V51/><F130/><W56/><G73/><T89/><D52/><U44/><E44/><V86/><F12/><W55/><G39/><T98/><D15/><U29/><E29/><V21/><F21/><W50/><G40/><T91/><D129/><U59/><E59/><V92/><F107/><N who="0" m="41034" /><D48/><U37/><E37/><V113/><F113/><AGARI ba="0,1" hai="25,26,72,75,78,79,100,101,113,114,128,131,132,135" machi="113" ten="25,4800,0" yaku="1,1,22,2,53,0" doraHai="19" doraHaiUra="8" who="1" fromWho="2" sc="293,0,272,58,144,-48,281,0" owari="293,9.0,330,43.0,96,-40.0,281,-12.0" /></mjloggm>