<mjloggm ver="2.3"><GO type="169"/><UN n0="%E9%87%98%E5%AE%AE%E7%97%85%E6%82%A3%E8%80%85" n1="%E3%80%9D%73%68%69%6E" n2="%EF%BC%88%E2%89%A7%E2%96%BD%E2%89%A6%EF%BC%89" n3="%E7%82%BA%E5%A4%AA%E9%83%8E" dan="17,18,18,16" rate="2106,2185,2171,2063" sx="M,M,M,M"/><TAIKYOKU oya="0"/><INIT seed="0,0,0,5,3,22" ten="250,250,250,250" oya="0" hai0="24,105,4,42,33,83,127,94,69,107,122,38,95" hai1="12,123,134,112,129,74,91,65,15,98,17,59,89" hai2="39,84,96,56,0,76,34,106,68,82,35,101,18" hai3="58,20,116,80,50,100,61,11,8,45,67,131,120"/><T130/><D122/><U118/><E74/><V85/><F68/><W13/><G120/><T121/><D121/><U31/><E118/><V71/><F71/><W30/><G116/><T108/><D69/><U47/><E123/><V124/><F39/><W109/><G109/><T21/><D33/><U75/><E75/><V9/><F124/><W92/><G131/><T70/><D70/><U125/><E129/><V28/><F56/><W132/><G132/><T60/><D130/><U6/><E125/><V37/><F37/><W81/><G11/><T43/><D127/><U26/><E134/><V40/><F40/><W49/><G49/><T114/><D4/><U103/><E112/><V72/><F35/><W62/><G62/><T29/><D114/><U113/><E113/><V126/><F126/><W104/><G104/><T19/><D29/><U53/><E65/><V133/><F133/><W1/><G1/><T90/><D108/><U10/><E47/><V87/><F18/><W2/><G2/><T14/><D107/><U119/><E15/><V117/><F117/><W44/><G44/><T79/><D105/><N who="1" m="63735" /><E17/><V66/><F66/><W93/><G93/><N who="0" m="35339" /><D38/><U23/><E119/><V5/><REACH who="2" step="1"/><F72/><REACH who="2" ten="250,250,240,250" step="2"/><W27/><G100/><T63/><D42/><U32/><E32/><V135/><F135/><W25/><G67/><T7/><D43/><U128/><E128/><V48/><F48/><W51/><G51/><T73/><D63/><U77/><E59/><V111/><F111/><W3/><G61/><T36/><D60/><U16/><E16/><V55/><F55/><W54/><G54/><RYUUKYOKU ba="0,1" sc="250,-10,250,-10,240,30,250,-10" hai2="0,5,9,28,34,76,82,84,85,87,96,101,106" /><INIT seed="1,1,1,3,0,73" ten="240,240,270,240" oya="1" hai0="109,110,31,43,75,111,32,50,118,40,30,90,10" hai1="68,29,85,17,25,37,55,96,2,126,103,61,115" hai2="97,72,48,71,98,6,57,51,69,15,76,3,64" hai3="128,114,113,16,35,83,82,79,91,62,124,86,134"/><U119/><E37/><V122/><F122/><W108/><G35/><T95/><D118/><U53/><E2/><V102/><F3/><W77/><G62/><T120/><D120/><U117/><E115/><V132/><F132/><W34/><G34/><T54/><D75/><U94/><E126/><V105/><F98/><W70/><G70/><T116/><D116/><U45/><E17/><V44/><F57/><W38/><G38/><T24/><D10/><U27/><E55/><V49/><F44/><W74/><G16/><T28/><D24/><U78/><E68/><V19/><F6/><W8/><G8/><T20/><D20/><U123/><E123/><V65/><F71/><W93/><G134/><T21/><D21/><U4/><E4/><V66/><F69/><W101/><G124/><T26/><D26/><U131/><E131/><V36/><F36/><W87/><G128/><T99/><REACH who="0" step="1"/><D32/><REACH who="0" ten="230,240,270,240" step="2"/><U92/><E29/><V127/><F127/><W125/><G125/><T112/><D112/><N who="3" m="43113" /><G108/><T13/><D13/><U88/><E117/><V11/><F72/><N who="3" m="43303" /><G101/><T18/><D18/><U135/><E119/><V33/><F33/><W89/><G89/><T106/><D106/><U121/><E121/><V22/><F11/><W63/><G63/><T52/><D52/><U130/><E61/><V133/><F133/><W39/><G39/><T81/><D81/><N who="1" m="47287" /><E130/><V107/><F107/><W104/><G104/><T59/><AGARI ba="1,2" hai="28,30,31,40,43,50,54,59,90,95,99,109,110,111" machi="59" ten="40,5200,0" yaku="1,1,0,1,14,1,53,0" doraHai="73" doraHaiUra="60" who="0" fromWho="0" sc="230,75,240,-27,270,-14,240,-14" /><INIT seed="2,0,0,1,2,125" ten="305,213,256,226" oya="2" hai0="88,64,5,90,80,48,87,96,32,8,55,79,95" hai1="113,51,84,135,56,92,126,75,134,21,99,46,25" hai2="17,69,14,100,35,44,94,63,12,27,2,118,50" hai3="103,73,43,15,49,52,132,54,3,58,16,107,82"/><V77/><F2/><W78/><G3/><T31/><D64/><U74/><E113/><V104/><F118/><W105/><G103/><T89/><D31/><N who="1" m="17839" /><E56/><V97/><F77/><W22/><G43/><T10/><D32/><U130/><E84/><V128/><F94/><W18/><G132/><N who="1" m="50730" /><E126/><V26/><F26/><W45/><G18/><T11/><REACH who="0" step="1"/><D5/><REACH who="0" ten="295,213,256,226" step="2"/><U37/><E130/><V101/><F128/><W28/><REACH who="3" step="1"/><G28/><REACH who="3" ten="295,213,256,216" step="2"/><T122/><D122/><U36/><E36/><V117/><F117/><W116/><G116/><T127/><D127/><U93/><E37/><V42/><F17/><W9/><G9/><T47/><AGARI ba="0,2" hai="8,10,11,47,48,55,79,80,87,88,89,90,95,96" machi="47" ten="30,7900,0" yaku="1,1,0,1,8,1,54,1,53,0" doraHai="125" doraHaiUra="13" who="0" fromWho="0" sc="295,99,213,-20,256,-39,216,-20" /><INIT seed="3,0,0,4,0,60" ten="394,193,217,196" oya="3" hai0="69,74,30,23,42,104,110,34,62,35,54,91,22" hai1="127,103,3,78,47,90,59,71,131,58,100,57,72" hai2="51,38,112,135,12,65,130,99,109,53,70,81,68" hai3="20,95,18,119,24,10,121,75,14,21,66,129,108"/><W8/><G121/><T117/><D74/><U45/><E3/><V113/><F81/><W16/><G119/><T13/><D42/><U1/><E1/><V79/><F79/><W93/><G75/><T48/><D117/><U120/><E71/><N who="2" m="27179" /><F12/><W82/><G82/><T26/><D104/><U27/><E120/><V98/><F98/><W33/><G33/><T84/><D110/><U86/><E72/><V6/><F99/><W7/><G108/><T134/><D134/><U29/><E78/><V2/><F6/><W94/><G129/><T19/><D62/><U73/><E131/><V114/><F2/><W46/><G46/><N who="1" m="17418" /><E73/><V83/><F130/><W116/><G116/><T36/><D36/><U92/><E127/><V107/><F107/><W63/><G7/><T125/><D69/><U52/><E27/><V39/><F109/><W123/><G123/><T28/><D125/><U9/><E9/><V0/><F0/><W132/><G132/><T43/><D34/><U88/><E29/><V87/><F87/><W133/><G133/><T37/><D30/><U111/><E90/><V106/><F106/><W96/><G96/><T55/><D91/><U50/><E111/><V11/><F39/><W40/><G40/><T56/><D35/><U85/><E86/><V118/><F118/><W32/><G32/><T102/><D84/><U124/><E124/><V122/><F122/><W76/><G76/><T49/><D102/><AGARI ba="0,0" hai="50,52,57,58,59,85,88,92,100,102,103" m="17418" machi="102" ten="30,3900,0" yaku="8,1,54,2" doraHai="60" who="1" fromWho="0" sc="394,-39,193,39,217,0,196,0" /><INIT seed="4,0,0,5,4,65" ten="355,232,217,196" oya="0" hai0="72,31,133,76,32,23,100,122,96,49,120,7,17" hai1="97,41,99,71,1,66,29,74,22,4,119,8,115" hai2="129,98,94,48,64,12,127,3,106,57,84,54,87" hai3="79,109,104,13,114,121,82,80,28,73,62,39,55"/><T91/><D7/><U128/><E74/><V9/><F127/><W124/><G114/><T125/><D125/><U35/><E119/><V2/><F129/><W52/><G124/><T11/><D11/><U61/><E128/><V68/><F106/><W46/><G109/><T10/><D10/><U18/><E115/><V34/><F34/><W111/><G111/><T40/><D133/><U95/><E41/><V88/><F3/><W70/><G104/><T130/><D130/><U0/><E0/><V105/><F2/><W113/><G113/><T83/><D91/><U112/><E95/><V59/><F68/><W56/><G70/><T116/><D116/><U42/><E42/><V117/><F105/><W132/><G132/><T92/><D31/><U37/><E37/><V123/><F123/><W21/><G121/><T131/><D32/><U25/><REACH who="1" step="1"/><E112/><REACH who="1" ten="355,222,217,196" step="2"/><V134/><F117/><W118/><G118/><T77/><D131/><U19/><E19/><N who="2" m="8591" /><F134/><W110/><G110/><T27/><D122/><U5/><E5/><V6/><F6/><W20/><G39/><T107/><D120/><U126/><E126/><V51/><F51/><W103/><G73/><N who="0" m="43407" /><D49/><U93/><E93/><V75/><F75/><W90/><G28/><T14/><D107/><U101/><E101/><V108/><F108/><W60/><G103/><T67/><D100/><U15/><AGARI ba="0,1" hai="1,4,8,15,18,22,25,29,35,61,66,71,97,99" machi="15" ten="20,12000,2" yaku="1,1,0,1,7,1,24,2,52,1,53,0" doraHai="65" doraHaiUra="45" who="1" fromWho="1" sc="355,-60,222,130,217,-30,196,-30" /><INIT seed="5,0,0,4,1,106" ten="295,352,187,166" oya="1" hai0="69,108,104,29,28,18,2,25,26,91,0,3,10" hai1="74,83,113,71,34,99,128,37,41,60,43,86,73" hai2="17,88,120,4,114,101,47,84,16,7,12,6,44" hai3="111,135,46,62,57,70,110,31,13,49,22,80,23"/><U115/><E34/><V39/><F120/><W98/><G70/><T126/><D104/><U42/><E37/><V75/><F75/><W127/><G135/><T65/><D65/><N who="1" m="41383" /><E99/><V125/><F125/><W76/><G127/><T131/><D69/><U58/><E58/><V77/><F114/><N who="1" m="43529" /><E128/><V1/><F1/><N who="0" m="618" /><D126/><U130/><E130/><V54/><F39/><W133/><G133/><T21/><D131/><U50/><E50/><N who="2" m="28999" /><F101/><W53/><G98/><T102/><D102/><U79/><AGARI ba="0,0" hai="41,42,43,73,74,79,83,86" m="43529,41383" machi="79" ten="30,6000,0" yaku="15,1,52,2" doraHai="106" who="1" fromWho="1" sc="295,-20,352,60,187,-20,166,-20" /><INIT seed="5,1,0,1,0,3" ten="275,412,167,146" oya="1" hai0="115,31,61,87,72,119,128,117,48,130,42,41,37" hai1="99,91,40,114,94,4,89,25,26,88,67,34,64" hai2="70,83,53,120,132,122,47,5,95,52,46,71,43" hai3="35,49,65,17,66,80,76,92,27,135,125,19,7"/><U8/><E40/><N who="0" m="15465" /><D72/><U126/><E114/><V127/><F83/><W54/><G135/><T36/><D31/><U118/><E118/><N who="0" m="45065" /><D87/><U9/><E126/><V14/><F95/><W123/><G123/><N who="2" m="47145" /><F14/><W104/><G104/><T28/><D28/><U60/><E34/><V133/><F127/><W15/><G125/><T107/><D107/><U116/><E60/><V134/><F5/><W50/><G50/><T77/><D77/><U101/><E116/><V96/><F96/><W29/><G92/><T32/><D32/><U110/><E110/><V113/><F113/><W20/><G19/><T21/><D21/><U105/><E105/><V111/><F111/><W1/><G80/><T55/><D61/><U69/><E9/><V24/><F24/><N who="1" m="9321" /><E69/><N who="2" m="26123" /><F43/><W11/><REACH who="3" step="1"/><G76/><REACH who="3" ten="275,412,167,136" step="2"/><T10/><D115/><U62/><E62/><V93/><F93/><W68/><G68/><T0/><D10/><U86/><E86/><V129/><F129/><N who="0" m="49770" /><D0/><U51/><E51/><V30/><F30/><W84/><G84/><T57/><AGARI ba="1,1" hai="36,37,48,55,57" m="49770,45065,15465" machi="57" ten="40,5200,0" yaku="19,1,34,2" doraHai="3" who="0" fromWho="0" sc="275,65,412,-27,167,-14,136,-14" /><INIT seed="6,0,0,0,0,56" ten="340,385,153,122" oya="2" hai0="135,40,113,118,62,132,55,72,51,52,80,94,79" hai1="130,122,57,30,119,13,21,7,82,109,96,5,103" hai2="108,4,120,46,65,73,105,47,39,36,49,19,100" hai3="29,106,121,42,64,97,27,95,11,102,34,124,14"/><V41/><F120/><W26/><G121/><T15/><D118/><U53/><E109/><V89/><F108/><W127/><G27/><T50/><D113/><U69/><E69/><V35/><F73/><W134/><G134/><N who="0" m="51243" /><D40/><U125/><E125/><N who="3" m="48202" /><G42/><T83/><D94/><U93/><E82/><V12/><F35/><W123/><G123/><T24/><D24/><U48/><E93/><V98/><F4/><N who="3" m="3431" /><G64/><T66/><D15/><U77/><E13/><V31/><F31/><W22/><G106/><T101/><D80/><U129/><E30/><V67/><F89/><W128/><G128/><T117/><D117/><U45/><E129/><V59/><F39/><W6/><G6/><T76/><D101/><U92/><E5/><V88/><F88/><W17/><G17/><T20/><D79/><U115/><E7/><V38/><F38/><W131/><G131/><T74/><D74/><U107/><E77/><V87/><F67/><W23/><AGARI ba="0,0" hai="22,23,26,29,34,95,97,102" m="3431,48202" machi="23" ten="30,1100,0" yaku="18,1" doraHai="56" who="3" fromWho="3" sc="340,-3,385,-3,153,-5,122,11" /><INIT seed="7,0,0,1,5,68" ten="337,382,148,133" oya="3" hai0="100,107,24,70,124,51,66,7,86,129,17,80,19" hai1="118,84,114,25,59,102,74,61,99,72,85,96,134" hai2="122,15,132,121,89,42,43,22,50,112,12,9,13" hai3="20,94,119,90,108,36,125,63,109,79,110,47,88"/><W71/><G119/><T111/><D111/><U37/><E37/><V26/><F112/><W53/><G79/><T103/><D124/><U87/><E114/><V55/><F9/><W2/><G2/><T116/><D116/><U5/><E118/><V115/><F132/><W18/><G125/><T77/><D129/><U29/><E134/><V133/><F89/><W105/><G105/><T83/><D107/><U104/><E5/><V113/><F133/><W106/><G106/><T57/><D70/><U48/><E48/><V101/><F101/><W81/><G81/><T0/><D0/><U10/><E10/><V31/><F115/><W44/><G44/><T8/><D80/><U34/><REACH who="1" step="1"/><E99/><REACH who="1" ten="337,372,148,133" step="2"/><V93/><F113/><W16/><G36/><T91/><D77/><U64/><AGARI ba="0,1" hai="25,29,34,59,61,64,72,74,84,85,87,96,102,104" machi="64" ten="30,7900,0" yaku="1,1,2,1,0,1,53,1" doraHai="68" doraHaiUra="58" who="1" fromWho="1" sc="337,-20,372,89,148,-20,133,-39" owari="317,12.0,461,56.0,128,-27.0,94,-41.0" /></mjloggm>