<mjloggm ver="2.3"><GO type="169" lobby="0"/><UN n0="%EF%BC%88%E2%89%A7%E2%96%BD%E2%89%A6%EF%BC%89" n1="%53%50%49%43%41%40%58" n2="%E3%81%8A%E3%81%8B%E3%82%82%E3%81%A8" n3="%E2%86%91%E3%81%93%E3%81%AE%E4%BA%BA%E5%A4%89%E6%85%8B" dan="18,17,17,16" rate="2165.11,2152.80,2124.54,2083.62" sx="M,M,M,M"/><TAIKYOKU oya="0"/><INIT seed="0,0,0,1,4,24" ten="250,250,250,250" oya="0" hai0="73,65,47,135,102,26,25,9,62,111,22,95,89" hai1="40,39,109,94,64,126,67,17,99,120,121,43,8" hai2="79,30,14,130,128,77,105,46,84,10,0,18,93" hai3="12,28,118,49,122,81,57,33,45,127,4,11,31"/><T119/><D119/><U7/><E109/><V68/><F105/><W123/><G118/><T107/><D73/><U69/><E17/><V115/><F68/><W56/><G127/><T29/><D111/><U19/><E19/><V58/><F115/><W72/><G81/><T42/><D135/><U86/><E86/><V87/><F0/><W98/><G98/><T112/><D112/><U36/><E126/><V5/><F18/><W117/><G72/><T125/><D125/><U71/><E94/><V82/><F46/><W1/><G1/><T74/><D74/><U6/><E99/><V15/><F15/><W96/><G96/><T113/><D113/><U59/><E59/><N who="3" m="22602" /><G33/><T63/><D102/><U91/><E91/><V32/><F58/><W50/><G50/><T108/><D107/><U34/><E8/><V101/><F101/><W110/><G110/><T13/><D108/><U16/><E16/><V88/><REACH who="2" step="1"/><F79/><REACH who="2" ten="250,250,240,250" step="2"/><W90/><G117/><T35/><D13/><U61/><E69/><V20/><F20/><W2/><G2/><T124/><D124/><U104/><E71/><V114/><F114/><W3/><G3/><T53/><D47/><U52/><E104/><V37/><F37/><W133/><G133/><T85/><D22/><U134/><E134/><V97/><F97/><W80/><G90/><T132/><D89/><U41/><E36/><V54/><F54/><N who="3" m="29999" /><G80/><T103/><D132/><U131/><E39/><V92/><F92/><W83/><G83/><T27/><D95/><U129/><E52/><V66/><F66/><W78/><G78/><T75/><D103/><RYUUKYOKU ba="0,1" sc="250,-15,250,-15,240,15,250,15" hai2="5,10,14,30,32,77,82,84,87,88,93,128,130" hai3="4,11,12,28,31,122,123" /><INIT seed="1,1,1,3,2,87" ten="235,235,255,265" oya="1" hai0="114,79,86,43,22,126,50,38,69,101,130,15,90" hai1="122,10,57,47,95,29,75,11,80,115,33,17,54" hai2="78,53,46,77,0,28,91,133,109,98,6,7,1" hai3="61,131,4,3,42,26,129,119,102,14,23,106,12"/><U20/><E115/><V112/><F112/><W68/><G119/><T40/><D114/><U13/><E122/><V62/><F28/><W116/><G116/><T100/><D38/><U93/><E33/><V21/><F133/><W81/><G42/><N who="0" m="15915" /><D69/><U135/><E135/><V88/><F21/><W44/><G44/><T67/><D67/><U120/><E120/><V56/><F109/><W103/><G81/><N who="0" m="49487" /><D130/><N who="3" m="49673" /><G3/><T104/><D104/><U121/><E121/><V111/><F111/><W113/><G113/><T31/><D126/><U72/><E47/><V84/><F1/><W125/><G125/><T16/><D79/><N who="2" m="30218" /><F0/><W128/><G128/><T65/><D65/><U96/><E80/><N who="2" m="49159" /><F46/><W99/><G103/><N who="0" m="39499" /><D31/><U41/><E41/><V83/><F83/><W5/><G68/><T63/><D63/><N who="1" m="36279" /><E72/><V35/><F35/><W71/><G61/><T82/><D82/><U52/><E75/><V48/><F62/><W37/><G37/><T36/><D36/><U134/><E134/><V59/><F59/><W8/><G71/><T27/><D50/><U73/><E73/><V32/><F32/><W85/><G106/><T34/><D34/><U127/><E127/><V58/><F58/><W89/><G102/><T66/><D66/><U108/><E108/><V45/><F56/><W97/><G97/><T124/><D124/><U64/><E64/><V19/><F19/><N who="3" m="12671" /><G99/><T25/><AGARI ba="1,1" hai="15,16,22,25,27" m="39499,49487,15915" machi="25" ten="30,4000,0" yaku="8,1,52,1,54,1" doraHai="87" who="0" fromWho="0" sc="235,53,235,-21,255,-11,265,-11" /><INIT seed="2,0,0,4,4,13" ten="288,214,244,254" oya="2" hai0="17,129,11,2,103,133,107,52,28,89,121,93,31" hai1="35,79,105,131,4,48,87,66,36,37,26,67,7" hai2="40,30,24,23,5,100,95,119,22,32,123,33,57" hai3="58,126,53,20,63,9,69,135,55,34,59,44,115"/><V108/><F123/><W65/><G34/><T98/><D121/><U94/><E105/><V3/><F119/><W8/><G20/><T127/><D127/><U134/><E79/><V72/><F72/><W90/><G90/><T114/><D114/><U106/><E106/><V61/><F40/><W42/><G8/><T124/><D124/><U46/><E26/><V101/><F108/><W130/><G9/><T62/><D133/><U19/><E87/><V81/><F81/><W18/><G18/><T51/><D129/><U120/><E120/><V75/><F75/><W116/><G126/><T110/><D110/><U45/><E94/><V83/><F83/><W117/><G115/><T10/><D2/><U85/><E85/><V122/><F122/><W41/><G135/><T76/><D76/><U0/><E134/><V80/><F80/><W128/><G69/><T60/><D10/><U118/><E35/><V112/><F112/><W71/><G71/><T50/><D50/><U102/><E48/><V113/><F113/><W74/><G74/><T104/><D104/><U21/><E102/><V111/><F101/><W70/><G70/><T97/><D62/><U38/><E36/><V91/><F100/><W82/><G82/><T47/><REACH who="0" step="1"/><D60/><REACH who="0" ten="278,214,244,254" step="2"/><U1/><E131/><V92/><F111/><W132/><G132/><T68/><D68/><U86/><E37/><V64/><F3/><W16/><G63/><T25/><D25/><U54/><E38/><V43/><F24/><W73/><G128/><T88/><D88/><U109/><E1/><V49/><F91/><W125/><G130/><RYUUKYOKU ba="0,1" sc="278,30,214,-10,244,-10,254,-10" hai0="11,17,28,31,47,51,52,89,93,97,98,103,107" /><INIT seed="3,1,1,1,2,103" ten="308,204,234,244" oya="3" hai0="24,29,32,1,26,59,98,62,95,25,73,2,118" hai1="34,70,109,51,92,131,101,54,38,18,84,129,133" hai2="31,50,85,77,43,125,41,115,93,116,16,61,111" hai3="6,78,45,90,99,130,20,88,23,4,37,91,47"/><W112/><G112/><T7/><D73/><U126/><E38/><V110/><F116/><W87/><G130/><T67/><D118/><U80/><E70/><V17/><F115/><W12/><G99/><T75/><D75/><U94/><E109/><N who="2" m="41483" /><F125/><W96/><G96/><T113/><D113/><U13/><E34/><V74/><F31/><W60/><G60/><T65/><D65/><U0/><E0/><V76/><F74/><W40/><G47/><T123/><D123/><U48/><E133/><V53/><F61/><W105/><G105/><T56/><D56/><U117/><E126/><V58/><F93/><N who="1" m="35945" /><E101/><V132/><F132/><W10/><REACH who="3" step="1"/><G6/><REACH who="3" ten="308,204,234,234" step="2"/><T3/><REACH who="0" step="1"/><D7/><REACH who="0" ten="298,204,234,234" step="2"/><U46/><E117/><V36/><F58/><W44/><G44/><T11/><D11/><U121/><E121/><V55/><F85/><W72/><G72/><T9/><D9/><U35/><E129/><V119/><F119/><W66/><G66/><T68/><D68/><U97/><E131/><V83/><F36/><W63/><G63/><T106/><D106/><U39/><E39/><V49/><F50/><W28/><G28/><T100/><AGARI ba="1,3" hai="1,2,3,24,25,26,29,32,59,62,67,95,98,100" machi="100" ten="30,2000,0" yaku="1,1,0,1,53,0" doraHai="103" doraHaiUra="107" who="0" fromWho="0" sc="298,53,204,-6,234,-6,234,-11" /><INIT seed="4,0,0,4,5,61" ten="351,198,228,223" oya="0" hai0="18,96,12,79,103,134,130,101,113,6,72,62,106" hai1="71,57,8,23,111,47,80,37,109,26,41,73,119" hai2="43,1,19,22,89,104,31,30,52,54,45,108,32" hai3="102,83,127,42,28,9,107,53,39,132,92,84,35"/><T94/><D113/><U110/><E119/><V78/><F108/><W40/><G127/><T5/><D134/><U55/><E71/><V33/><F104/><W2/><G132/><T114/><D114/><U126/><E126/><V29/><F1/><W76/><G35/><T100/><D130/><U51/><E8/><V20/><F78/><W63/><G28/><T93/><D106/><U4/><E4/><V13/><F22/><W17/><G107/><T95/><D96/><U50/><E80/><V131/><F131/><W58/><G39/><T69/><D79/><U77/><E77/><V123/><F123/><W99/><G2/><T91/><D72/><U86/><E86/><V82/><F33/><W48/><G48/><T46/><D46/><U135/><E73/><V112/><F32/><W74/><G74/><T7/><D91/><U0/><E0/><V38/><REACH who="2" step="1"/><F112/><REACH who="2" ten="351,198,218,223" step="2"/><W87/><G87/><AGARI ba="0,1" hai="13,19,20,29,30,31,38,43,45,52,54,82,87,89" machi="87" ten="40,5200,0" yaku="1,1,2,1,54,1,53,0" doraHai="61" doraHaiUra="59" who="2" fromWho="3" sc="351,0,198,0,218,62,223,-52" /><INIT seed="5,0,0,0,4,40" ten="351,198,280,171" oya="1" hai0="48,59,58,34,44,88,83,31,128,1,79,55,36" hai1="119,104,98,16,81,23,30,114,93,53,35,17,78" hai2="20,121,112,99,15,132,47,68,12,33,51,38,66" hai3="60,21,41,19,134,14,115,85,90,89,39,54,26"/><U18/><E119/><V9/><F33/><W123/><G123/><T29/><D1/><U105/><E35/><V28/><F121/><W56/><G115/><T69/><D69/><U22/><E114/><V6/><F112/><W46/><G134/><T86/><D128/><U96/><E53/><V111/><F38/><W80/><REACH who="3" step="1"/><G26/><REACH who="3" ten="351,198,280,161" step="2"/><T57/><D36/><U3/><E3/><V97/><F132/><W24/><G24/><T130/><D130/><U32/><E32/><V125/><F111/><W102/><G102/><T117/><D117/><U135/><E135/><V73/><F125/><W108/><G108/><T8/><D34/><U82/><E30/><N who="0" m="11273" /><D8/><U42/><E42/><V75/><F28/><W13/><G13/><T11/><D11/><U94/><REACH who="1" step="1"/><E18/><REACH who="1" ten="351,188,280,161" step="2"/><V61/><F6/><W87/><G87/><T127/><D127/><U92/><E92/><V5/><F5/><W122/><G122/><T65/><D65/><U103/><E103/><V124/><F66/><W4/><G4/><T74/><D74/><U70/><E70/><V10/><F73/><W110/><G110/><T91/><AGARI ba="0,2" hai="44,48,55,57,58,59,79,83,86,88,91" m="11273" machi="91" ten="30,4000,0" yaku="8,1,52,1,54,1" doraHai="40" who="0" fromWho="0" sc="351,60,188,-20,280,-10,161,-10" /><INIT seed="6,0,0,1,3,88" ten="411,168,270,151" oya="2" hai0="9,103,24,116,79,114,7,51,16,125,2,32,43" hai1="128,59,105,65,21,108,22,127,37,64,124,20,52" hai2="62,31,133,94,118,58,12,1,115,81,45,129,85" hai3="109,46,95,69,60,71,6,67,68,98,18,83,75"/><V53/><F118/><W91/><G109/><T132/><D116/><U19/><E108/><V61/><F1/><W47/><G6/><T39/><D39/><U3/><E128/><V123/><F123/><W50/><G18/><T100/><D132/><U54/><E105/><V70/><F129/><W5/><G5/><T44/><D125/><N who="1" m="48203" /><E3/><V86/><F133/><W89/><G47/><T77/><D114/><U112/><E112/><V102/><F115/><W78/><REACH who="3" step="1"/><G91/><REACH who="3" ten="411,168,270,141" step="2"/><T63/><D16/><U0/><E0/><V73/><F45/><W134/><G134/><T13/><D44/><U72/><E37/><V57/><F12/><W92/><G92/><T28/><D7/><U66/><E72/><V74/><F73/><W49/><G49/><T17/><D13/><N who="1" m="9327" /><E54/><AGARI ba="0,1" hai="46,50,54,60,67,68,69,71,75,78,83,89,95,98" machi="54" ten="30,3900,0" yaku="1,1,7,1,52,1,53,0" doraHai="88" doraHaiUra="119" who="3" fromWho="1" sc="411,0,168,-39,270,0,141,49" /><INIT seed="7,0,0,0,0,19" ten="411,129,270,190" oya="3" hai0="70,107,69,101,122,86,110,73,33,80,29,131,87" hai1="65,104,93,25,77,48,20,3,13,68,24,96,89" hai2="91,116,1,8,114,59,61,26,6,11,90,108,129" hai3="7,103,42,105,64,0,83,97,43,79,119,56,30"/><W34/><G119/><T109/><D122/><U118/><E3/><V37/><F108/><W32/><G0/><T113/><D113/><U135/><E118/><V117/><F37/><W85/><G7/><T133/><D133/><U47/><E135/><V12/><F114/><W49/><G30/><T5/><D131/><U53/><E104/><V94/><F129/><W121/><G121/><T95/><D5/><U9/><E68/><V58/><F26/><W10/><G10/><T18/><D18/><U130/><E130/><V51/><F51/><W39/><G39/><T88/><D87/><U57/><E77/><V54/><F58/><W44/><REACH who="3" step="1"/><G43/><REACH who="3" ten="411,129,270,180" step="2"/><T92/><D29/><U55/><E65/><V2/><F2/><W41/><G41/><T28/><D28/><U125/><E125/><V100/><F116/><W74/><G74/><T66/><D73/><U102/><E102/><V22/><F117/><W15/><G15/><T62/><D101/><U21/><E24/><V111/><F8/><W134/><G134/><T67/><D67/><U84/><E25/><V71/><F12/><W36/><G36/><T17/><D66/><U45/><E96/><V76/><F1/><W35/><G35/><T52/><D33/><U72/><E72/><V40/><F6/><W38/><G38/><T132/><D132/><U127/><E127/><V31/><F11/><W78/><G78/><T4/><D4/><N who="1" m="3239" /><E55/><V81/><F40/><W63/><AGARI ba="0,1" hai="32,34,42,44,49,56,63,64,79,83,85,97,103,105" machi="63" ten="30,3000,0" yaku="1,1,0,1,53,0" doraHai="19" doraHaiUra="23" who="3" fromWho="3" sc="411,-10,129,-10,270,-10,180,40" /><INIT seed="7,1,0,4,2,33" ten="401,119,260,220" oya="3" hai0="67,66,84,96,106,73,9,72,14,50,54,118,124" hai1="132,59,101,30,126,7,17,123,5,46,79,18,28" hai2="110,82,69,40,58,92,68,121,16,109,6,75,81" hai3="48,128,71,83,131,70,55,130,41,60,20,26,37"/><W15/><G15/><T43/><D118/><U65/><E79/><V49/><F121/><W51/><G83/><T13/><D124/><U127/><E46/><V0/><F92/><W102/><G102/><T12/><D73/><U91/><E101/><V99/><F99/><W115/><G115/><T39/><D72/><U119/><E59/><V61/><F75/><W114/><G114/><T2/><D39/><U98/><E65/><V1/><F6/><W95/><G95/><T52/><D2/><U27/><E98/><V108/><F16/><N who="3" m="12551" /><G37/><T135/><D9/><U120/><E91/><V112/><F112/><W133/><G133/><T88/><D135/><U94/><E94/><V77/><F82/><W53/><G41/><T32/><D96/><U85/><E85/><V129/><F81/><W25/><G25/><T45/><D106/><U86/><E86/><V134/><F77/><W122/><G122/><T10/><D10/><U19/><E19/><V11/><F134/><W113/><G113/><T78/><D78/><U74/><E74/><V87/><F87/><W47/><G60/><T23/><D32/><U111/><E132/><V34/><F61/><W105/><G105/><T97/><D84/><U89/><E89/><V64/><F40/><W103/><G103/><T31/><D43/><U22/><E27/><V63/><F63/><W116/><G116/><T29/><D97/><U90/><E90/><V125/><F109/><W57/><AGARI ba="1,0" hai="47,48,51,53,55,57,70,71,128,130,131" m="12551" machi="57" ten="30,3000,0" yaku="19,1,54,1" doraHai="33" who="3" fromWho="3" sc="401,-11,119,-11,260,-11,220,33" /><INIT seed="7,2,0,3,1,39" ten="390,108,249,253" oya="3" hai0="40,127,73,17,33,10,109,56,0,126,3,41,57" hai1="99,30,68,134,122,46,110,88,45,96,31,81,132" hai2="129,131,111,104,102,92,125,66,64,55,106,35,9" hai3="82,28,90,116,8,53,74,37,27,70,84,43,59"/><W34/><G116/><T83/><D33/><U108/><E68/><V101/><F111/><W87/><G70/><T80/><D109/><U38/><E38/><V120/><F35/><W91/><G74/><T75/><D17/><U123/><E81/><V13/><F120/><W1/><G1/><T51/><D51/><U71/><E71/><V113/><F113/><W93/><G8/><AGARI ba="2,0" hai="0,3,8,10,40,41,56,57,73,75,80,83,126,127" machi="8" ten="25,6400,0" yaku="22,2,52,2" doraHai="39" who="0" fromWho="3" sc="390,70,108,0,249,0,253,-70" owari="460,56.0,108,-39.0,249,5.0,183,-22.0" /></mjloggm>