<mjloggm ver="2.3"><GO type="169"/><UN n0="%EF%BC%88%E2%89%A7%E2%96%BD%E2%89%A6%EF%BC%89" n1="%E3%81%B2%E3%81%AE%E3%81%A8%E3%82%8A%E3%81%AE%E3%81%B2%E3%81%A8%E3%82%8A" n2="%E6%94%B9%E6%82%9B%E4%B8%80%E5%8F%B7" n3="%E3%81%93%E3%81%BE%E3%81%A3%E3%81%95%E3%82%93" dan="18,16,17,16" rate="2253,2014,2161,2043" sx="M,M,M,M"/><TAIKYOKU oya="0"/><INIT seed="0,0,0,4,5,9" ten="250,250,250,250" oya="0" hai0="109,2,42,94,129,108,75,131,37,53,33,57,55" hai1="113,6,0,67,125,126,41,70,110,80,12,115,100" hai2="130,56,48,107,105,66,117,68,106,83,40,17,98" hai3="124,54,101,16,132,111,63,14,96,36,79,31,102"/><T52/><D75/><U28/><E110/><N who="0" m="42601" /><D2/><U61/><E0/><V84/><F130/><N who="0" m="49674" /><D33/><U82/><E100/><V10/><F117/><W88/><G111/><T60/><D94/><U95/><E95/><V92/><F68/><W26/><G132/><T64/><D42/><U30/><E41/><V122/><F122/><W72/><G124/><N who="1" m="47722" /><E82/><V116/><F116/><W76/><G72/><T65/><D37/><U29/><E80/><V49/><F40/><W43/><G43/><T119/><D119/><U103/><E103/><V62/><F92/><N who="3" m="56327" /><G36/><T71/><D65/><U34/><E34/><V47/><F66/><W78/><G102/><T97/><D97/><U8/><AGARI ba="0,0" hai="6,8,12,28,29,30,61,67,70,113,115" m="47722" machi="8" ten="40,2700,0" yaku="18,1,52,1" doraHai="9" who="1" fromWho="1" sc="250,-13,250,27,250,-7,250,-7" /><INIT seed="1,0,0,3,5,119" ten="237,277,243,243" oya="1" hai0="33,107,49,7,102,112,36,24,68,133,51,101,84" hai1="58,89,85,14,47,55,72,100,31,110,66,44,87" hai2="41,59,78,90,82,2,70,86,12,88,29,35,130" hai3="64,123,113,34,15,76,32,96,132,104,60,1,30"/><U131/><E72/><V42/><F70/><W108/><G15/><T19/><D36/><U37/><E131/><V91/><F2/><W128/><G113/><T95/><D107/><U71/><E110/><V73/><F130/><W4/><G76/><T21/><D68/><U127/><E127/><V109/><F109/><W92/><G108/><T114/><D133/><U99/><E31/><V53/><F73/><W39/><G39/><T43/><D33/><U65/><E14/><V125/><F125/><W83/><G83/><T118/><D118/><U16/><E16/><V62/><REACH who="2" step="1"/><F12/><REACH who="2" ten="237,277,233,243" step="2"/><W129/><G129/><T94/><D114/><U57/><E71/><V38/><F38/><W124/><G124/><T54/><D112/><U17/><E37/><V135/><F135/><W63/><G132/><T20/><D101/><U48/><E100/><V115/><F115/><W6/><G128/><T10/><D102/><U97/><E17/><V79/><F79/><W134/><G1/><T74/><D74/><U52/><E89/><V103/><F103/><W3/><G134/><T26/><D19/><U106/><E106/><V121/><F121/><W93/><G104/><T105/><D105/><U80/><E80/><V40/><F40/><W23/><G3/><T81/><D81/><U117/><E117/><V77/><F77/><W98/><G123/><T61/><D43/><U45/><E45/><V5/><F5/><W18/><G18/><T67/><D7/><U11/><E44/><V56/><F56/><W122/><G6/><T120/><D120/><U0/><E47/><V116/><F116/><RYUUKYOKU ba="0,1" sc="237,-10,277,-10,233,30,243,-10" hai2="29,35,41,42,53,59,62,78,82,86,88,90,91" /><INIT seed="2,1,1,2,1,0" ten="227,267,263,233" oya="2" hai0="80,17,66,52,6,135,133,121,29,32,115,65,41" hai1="128,4,87,24,1,73,7,113,109,46,83,127,39" hai2="120,112,67,132,27,71,30,134,116,101,122,64,86" hai3="123,106,63,28,105,55,26,44,129,92,82,119,8"/><V57/><F116/><W12/><G119/><T72/><D121/><N who="2" m="46698" /><F112/><W95/><G123/><T98/><D115/><U33/><E113/><V31/><F71/><W91/><G92/><T130/><D130/><U75/><E128/><V19/><F101/><W2/><G2/><T22/><D41/><N who="1" m="22847" /><E7/><V97/><F97/><W76/><G129/><T9/><D98/><U13/><E13/><V45/><F45/><W35/><G44/><T74/><D74/><U103/><E103/><V102/><F102/><W107/><G63/><T88/><D72/><U42/><E42/><V104/><F104/><W18/><G55/><T77/><D77/><N who="1" m="44479" /><E73/><V68/><F68/><W43/><G43/><T51/><D66/><N who="2" m="25130" /><F57/><W16/><G82/><T125/><D65/><U59/><E59/><V58/><F58/><W34/><G76/><T96/><D80/><U62/><E62/><V79/><F79/><W100/><G100/><T37/><D96/><U5/><E5/><V110/><F86/><W47/><G47/><T108/><D6/><U50/><E87/><V69/><F69/><W23/><REACH who="3" step="1"/><G18/><REACH who="3" ten="227,267,263,223" step="2"/><T61/><D17/><U90/><E1/><V131/><F131/><W118/><G118/><T15/><D61/><U117/><E117/><V111/><F19/><W85/><AGARI ba="1,2" hai="8,12,16,23,26,28,34,35,85,91,95,105,106,107" machi="85" ten="30,4000,0" yaku="1,1,0,1,54,1,53,0" doraHai="0" doraHaiUra="114" who="3" fromWho="3" sc="227,-11,267,-11,263,-21,223,63" /><INIT seed="3,0,0,5,3,26" ten="216,256,242,286" oya="3" hai0="92,129,72,97,8,10,34,1,86,56,121,27,52" hai1="55,49,113,70,44,91,48,126,102,38,41,119,62" hai2="112,131,50,107,43,39,82,76,115,42,68,111,80" hai3="58,114,45,88,109,124,106,12,110,17,100,15,37"/><W4/><G12/><T96/><D72/><U132/><E102/><V28/><F39/><W134/><G4/><T2/><D129/><U30/><E91/><V66/><F107/><W9/><G114/><T87/><D121/><U78/><E78/><V60/><F131/><W20/><G58/><T13/><D2/><U99/><E99/><N who="0" m="37961" /><D1/><U94/><E94/><V84/><F111/><N who="3" m="42507" /><G100/><T36/><D36/><U89/><E89/><V29/><F80/><W98/><G106/><T74/><D34/><U14/><E14/><V32/><F32/><W122/><G122/><T40/><D27/><U123/><E123/><V79/><F79/><W16/><G134/><T33/><D33/><U35/><E132/><V54/><F112/><W3/><G124/><T7/><D74/><U75/><E75/><V90/><F115/><W128/><G128/><T63/><D40/><U95/><E126/><V93/><F43/><N who="3" m="22767" /><G3/><T11/><D92/><U53/><E95/><V104/><F42/><W69/><G98/><T24/><D24/><N who="1" m="18887" /><E113/><V83/><F104/><W103/><G103/><T135/><D135/><U23/><E41/><V71/><F71/><W31/><G69/><T73/><D73/><U18/><E70/><V116/><F68/><W65/><G15/><N who="0" m="5535" /><D10/><U19/><E38/><V47/><F93/><W5/><G9/><T85/><D13/><U125/><E125/><V57/><F116/><W120/><G120/><T127/><D127/><U133/><E133/><V77/><F77/><W59/><G20/><T67/><D11/><U22/><E22/><V25/><F25/><W0/><G0/><RYUUKYOKU ba="0,0" sc="216,15,256,-15,242,15,286,-15" hai0="52,56,63,67,85,86,87" hai2="28,29,47,50,54,57,60,66,76,82,83,84,90" /><INIT seed="4,1,0,5,4,19" ten="231,241,257,271" oya="0" hai0="37,63,132,35,131,16,68,50,18,42,108,0,7" hai1="36,39,81,122,100,30,95,44,25,111,134,53,11" hai2="4,99,78,47,71,21,129,8,101,121,41,12,6" hai3="117,65,70,45,9,98,126,69,60,62,135,5,55"/><T59/><D35/><U82/><E122/><V114/><F121/><W79/><G117/><T23/><D132/><U64/><E134/><V43/><F71/><W125/><G135/><T118/><D118/><U48/><E111/><V29/><F114/><W49/><G79/><T46/><D108/><U102/><E64/><V52/><F129/><W104/><G98/><T57/><D131/><U86/><E11/><V109/><F109/><W105/><G105/><T107/><D107/><U24/><E39/><V13/><F78/><W20/><G104/><T83/><D18/><U127/><E127/><V73/><F73/><W96/><G96/><T112/><D112/><U67/><E67/><V51/><F4/><W32/><G32/><T31/><D31/><U93/><E36/><V26/><REACH who="2" step="1"/><F13/><REACH who="2" ten="231,241,247,271" step="2"/><W66/><G5/><T10/><D68/><U133/><E133/><V116/><F116/><W80/><G126/><T15/><D63/><U74/><E74/><V27/><F27/><W72/><G125/><T14/><D14/><U3/><E24/><V89/><F89/><W130/><G130/><T84/><D37/><U34/><E3/><V113/><F113/><W123/><G123/><T106/><D106/><AGARI ba="1,1" hai="6,8,12,21,26,29,41,43,47,51,52,99,101,106" machi="106" ten="30,7700,0" yaku="1,1,7,1,52,1,54,1,53,0" doraHai="19" doraHaiUra="91" who="2" fromWho="0" sc="231,-80,241,0,247,90,271,0" /><INIT seed="5,0,0,2,0,26" ten="151,241,337,271" oya="1" hai0="134,97,116,78,87,51,29,44,39,13,127,53,6" hai1="72,93,91,19,35,102,12,96,88,0,80,17,90" hai2="103,59,5,10,64,11,75,23,117,107,31,120,50" hai3="46,40,55,48,100,98,28,129,132,114,25,113,67"/><U110/><E0/><V27/><F117/><W126/><G126/><T37/><D116/><U77/><E110/><V130/><F120/><W92/><G132/><T38/><D127/><U85/><E35/><V20/><F75/><W106/><G129/><T30/><D134/><U49/><E49/><V70/><F130/><W47/><G106/><T109/><D109/><U112/><E112/><V118/><F118/><W4/><G4/><T71/><D71/><U83/><REACH who="1" step="1"/><E19/><REACH who="1" ten="151,231,337,271" step="2"/><V82/><F50/><W108/><G108/><T84/><D97/><U99/><E99/><V21/><F5/><W123/><G123/><T57/><D44/><U43/><E43/><V15/><F15/><W42/><G47/><T68/><D68/><U54/><E54/><V2/><F2/><W45/><G67/><T18/><D6/><U76/><E76/><V7/><F70/><W125/><G125/><T111/><D111/><U63/><E63/><V119/><F7/><W104/><G46/><T131/><D131/><U74/><E74/><V36/><F64/><W66/><G66/><T34/><D34/><U60/><E60/><V41/><F41/><W1/><G1/><T32/><D32/><U101/><E101/><V124/><F103/><W14/><G114/><T122/><D122/><U56/><E56/><V8/><F59/><W65/><G113/><T121/><D121/><U79/><E79/><V9/><F124/><W81/><G42/><T22/><REACH who="0" step="1"/><D78/><REACH who="0" ten="141,231,337,271" step="2"/><U135/><E135/><V61/><F119/><W95/><G40/><T62/><D62/><U52/><E52/><V69/><F61/><RYUUKYOKU ba="0,2" sc="141,15,231,15,337,-15,271,-15" hai0="13,18,22,29,30,37,38,39,51,53,57,84,87" hai1="12,17,72,77,80,83,85,88,90,91,93,96,102" /><INIT seed="5,1,2,3,0,86" ten="156,246,322,256" oya="1" hai0="117,11,125,28,126,37,30,21,42,115,15,8,122" hai1="113,132,18,102,67,128,4,87,106,44,50,17,75" hai2="56,32,100,89,58,20,98,60,29,54,34,129,79" hai3="13,52,53,121,95,105,27,94,59,39,16,41,2"/><U77/><E75/><V40/><F129/><W66/><G105/><T64/><D64/><U135/><E128/><V82/><F40/><W7/><G7/><N who="0" m="3487" /><D42/><N who="1" m="24855" /><E113/><V97/><F56/><W124/><G27/><N who="0" m="16495" /><D37/><U85/><E4/><V69/><F69/><W96/><G2/><T26/><D117/><U76/><E67/><V92/><F20/><W83/><G41/><T133/><D115/><U1/><E1/><V70/><F29/><W118/><G39/><T73/><D73/><U31/><E31/><V104/><REACH who="2" step="1"/><F70/><REACH who="2" ten="156,246,312,256" step="2"/><W80/><G118/><T68/><D68/><U38/><E38/><V63/><F63/><W3/><G121/><T84/><D122/><U12/><E135/><V22/><F22/><W6/><G59/><T107/><D133/><U90/><E132/><V0/><F0/><W99/><G3/><T14/><D125/><U131/><E131/><V81/><F81/><W103/><G124/><T74/><D126/><U114/><E114/><V101/><F101/><W36/><G36/><T45/><D30/><U120/><E102/><V109/><F109/><W47/><G103/><T108/><D108/><U88/><E120/><V71/><F71/><W24/><G83/><T130/><D130/><U46/><E46/><V111/><F111/><W43/><G47/><T5/><D45/><U35/><E35/><V57/><F57/><W65/><G43/><T112/><D112/><U123/><E123/><V33/><F33/><W62/><G80/><T51/><D26/><U61/><E61/><V19/><F19/><W116/><G24/><T55/><D51/><U49/><E49/><RYUUKYOKU ba="1,3" sc="156,-10,246,-10,312,30,256,-10" hai2="32,34,54,58,60,79,82,89,92,97,98,100,104" /><INIT seed="6,2,3,5,4,75" ten="146,236,342,246" oya="2" hai0="50,3,127,32,27,11,107,12,135,23,33,58,24" hai1="123,13,130,52,1,54,41,86,96,115,0,128,99" hai2="6,63,5,36,114,14,62,28,40,87,129,18,106" hai3="105,71,59,79,81,109,76,4,30,44,101,39,7"/><V108/><F106/><W15/><G71/><T104/><D104/><U125/><E115/><V116/><F116/><W49/><G39/><T29/><D107/><U51/><E125/><V2/><F114/><W131/><G109/><T94/><D127/><U46/><E13/><V9/><F108/><W43/><G30/><T64/><D135/><U56/><E123/><V45/><F129/><N who="1" m="49769" /><E86/><V55/><F28/><W80/><G131/><T78/><D3/><N who="1" m="1099" /><E54/><V67/><F2/><W26/><G26/><T121/><D121/><U31/><E31/><V110/><F110/><W19/><G59/><T66/><D33/><U68/><E68/><V103/><F103/><W48/><G101/><T25/><D32/><U21/><E21/><V92/><F55/><W93/><G105/><T72/><D72/><U17/><E17/><V53/><F53/><W111/><G111/><T20/><D29/><U22/><E22/><N who="0" m="8233" /><D58/><U84/><E84/><V10/><F10/><W134/><G4/><N who="0" m="3175" /><D50/><AGARI ba="2,3" hai="41,46,50,51,52,56,96,99" m="1099,49769" machi="50" ten="30,2000,0" yaku="19,1,54,1" doraHai="75" who="1" fromWho="0" sc="146,-26,236,56,342,0,246,0" /><INIT seed="7,0,0,3,5,18" ten="120,292,342,246" oya="3" hai0="8,121,126,124,20,90,47,118,22,12,42,3,48" hai1="34,110,116,83,104,15,130,99,33,10,14,17,85" hai2="41,35,103,50,123,25,119,0,57,93,113,61,37" hai3="76,29,1,74,94,69,53,87,114,101,134,63,64"/><W54/><G1/><T23/><D121/><U56/><E110/><V92/><F119/><W39/><G39/><T81/><D118/><U9/><E116/><V7/><F37/><W24/><G134/><T2/><D81/><U133/><E133/><V108/><F108/><W28/><G28/><T72/><D72/><U70/><E70/><V80/><F123/><W77/><G114/><T95/><D95/><U65/><E130/><V66/><F113/><W131/><G131/><T115/><D90/><U122/><E122/><V73/><F0/><W58/><G74/><T89/><D89/><U120/><E120/><V60/><F7/><W102/><G69/><T43/><D43/><U107/><E99/><V13/><F13/><W62/><G62/><T75/><D75/><U106/><E65/><V91/><F103/><W86/><G102/><T27/><D27/><U128/><E56/><V112/><F112/><W127/><G127/><N who="0" m="48683" /><D115/><U21/><E128/><V52/><F41/><W129/><G129/><T78/><D78/><N who="3" m="30313" /><G87/><T59/><D59/><U46/><E46/><V98/><F73/><W31/><G24/><T117/><D117/><U26/><E15/><V84/><F98/><N who="3" m="59607" /><G86/><T67/><D67/><U40/><E40/><V55/><F55/><W51/><G64/><T32/><D32/><U109/><E109/><V100/><F100/><W11/><G54/><T44/><D47/><U45/><E45/><N who="2" m="27727" /><F61/><W125/><G125/><T16/><D3/><U49/><E107/><V96/><F96/><W111/><G111/><T38/><D2/><U19/><E106/><V82/><F82/><RYUUKYOKU ba="0,0" sc="120,15,292,-15,342,15,246,-15" hai0="8,12,16,20,22,23,38,42,44,48" hai2="25,35,57,60,66,80,84,91,92,93" owari="135,-36.0,277,8.0,357,45.0,231,-17.0" /></mjloggm>