<mjloggm ver="2.3"><GO type="169" lobby="0"/><UN n0="%E5%9F%BA%E7%A4%8E%E8%AB%96" n1="%E5%88%BB%E5%AD%90%E5%B8%82%E6%B0%91" n2="%E3%81%BE%E3%81%AA%E3%81%84%E3%81%9F%E3%82%88%E3%81%86%E3%81%98%E3%82%87" n3="%EF%BC%88%E2%89%A7%E2%96%BD%E2%89%A6%EF%BC%89" dan="17,18,17,18" rate="2131.31,2146.10,2156.92,2236.38" sx="M,M,M,M"/><TAIKYOKU oya="0"/><INIT seed="0,0,0,5,3,27" ten="250,250,250,250" oya="0" hai0="23,92,60,90,106,53,83,121,4,49,46,105,30" hai1="80,123,38,33,88,8,14,35,117,118,7,101,73" hai2="20,104,63,86,10,76,99,16,93,81,51,1,40" hai3="95,125,22,19,41,132,115,11,89,5,52,69,68"/><T25/><D121/><U120/><E101/><V57/><F104/><W82/><G41/><T54/><D4/><U36/><E73/><V45/><F1/><W64/><G64/><T55/><D83/><U71/><E71/><V18/><F10/><W62/><G115/><T24/><D24/><U94/><E80/><V124/><F20/><W12/><G132/><T84/><REACH who="0" step="1"/><D60/><REACH who="0" ten="240,250,250,250" step="2"/><U103/><E7/><V110/><F124/><W87/><G82/><T67/><D67/><U6/><E6/><V135/><F135/><W2/><G125/><T37/><D37/><U77/><E36/><V32/><F63/><W128/><G128/><T130/><D130/><U129/><E38/><V97/><F81/><W3/><G3/><T79/><D79/><U28/><E77/><V44/><F76/><W96/><G68/><T107/><AGARI ba="0,1" hai="23,25,30,46,49,53,54,55,84,90,92,105,106,107" machi="107" ten="30,6000,0" yaku="1,1,0,1,52,1,53,0" doraHai="27" doraHaiUra="127" who="0" fromWho="0" sc="240,70,250,-20,250,-20,250,-20" /><INIT seed="0,1,0,5,4,108" ten="310,230,230,230" oya="0" hai0="93,34,39,67,22,43,76,77,127,15,99,94,119" hai1="133,65,79,83,58,37,134,51,25,28,105,112,38" hai2="54,91,7,1,8,46,61,118,135,18,97,68,126" hai3="80,117,109,0,35,40,59,131,121,32,10,101,42"/><T30/><D119/><U5/><E105/><V98/><F135/><N who="1" m="51721" /><E5/><V64/><F126/><W128/><G117/><T130/><D127/><U95/><E95/><V116/><F18/><W120/><G101/><T123/><D123/><N who="3" m="47177" /><G59/><T69/><D130/><N who="3" m="49705" /><G80/><T125/><D125/><U4/><E58/><V103/><F91/><W107/><G107/><T85/><D69/><U111/><E83/><V84/><F84/><W132/><G132/><T63/><D63/><U104/><E104/><V53/><F98/><W13/><G109/><T41/><D67/><U88/><E65/><V82/><F82/><W122/><N who="3" m="47185" /><W106/><DORA hai="115" /><G106/><T3/><D99/><U75/><E111/><V26/><F54/><W52/><G52/><T11/><D85/><U45/><E88/><V24/><F53/><W33/><G0/><T49/><D3/><U56/><E56/><V124/><F124/><W110/><G110/><T90/><D90/><U74/><E74/><V100/><F100/><W2/><G2/><T81/><D81/><U16/><E75/><V86/><F86/><W87/><G87/><T71/><D93/><U6/><E79/><V92/><F46/><W12/><G12/><T29/><D94/><U114/><E45/><V72/><F72/><W47/><G47/><T129/><D76/><U31/><E51/><V62/><F62/><W55/><G55/><T21/><D49/><U102/><E102/><V78/><F78/><W23/><G23/><T60/><D77/><U89/><E89/><V70/><F70/><W57/><G57/><T44/><D129/><U113/><E113/><RYUUKYOKU ba="1,0" sc="310,-15,230,-15,230,15,230,15" hai2="1,7,8,24,26,61,64,68,92,97,103,116,118" hai3="10,13,32,33,35,40,42" /><INIT seed="1,2,0,2,0,8" ten="295,215,245,245" oya="1" hai0="57,88,117,89,96,80,29,12,31,68,22,85,74" hai1="36,133,24,39,126,83,50,0,102,55,59,134,86" hai2="27,61,2,84,25,124,75,81,92,135,11,110,111" hai3="35,103,115,28,97,79,19,127,26,121,98,18,95"/><U5/><E102/><V128/><F61/><W78/><G121/><T119/><D68/><U106/><E106/><V21/><F75/><W45/><G115/><T116/><D74/><U76/><E126/><V131/><F92/><W91/><G127/><T70/><D70/><U53/><E24/><V7/><F124/><W101/><G91/><T49/><D96/><U67/><E67/><V41/><F41/><W71/><G71/><T94/><D89/><U34/><E34/><V125/><F125/><W16/><REACH who="3" step="1"/><G45/><REACH who="3" ten="295,215,245,235" step="2"/><T58/><D116/><U40/><E134/><V65/><F135/><W30/><G30/><T42/><D117/><U52/><E133/><V15/><F128/><W72/><G72/><T122/><D122/><U37/><E40/><V114/><F131/><W113/><G113/><T38/><D119/><U129/><E129/><V33/><F114/><W90/><G90/><T132/><D132/><U54/><E0/><V56/><F2/><W43/><G43/><T99/><D31/><U1/><E1/><V14/><F110/><W6/><G6/><T10/><D42/><U63/><REACH who="1" step="1"/><E5/><REACH who="1" ten="295,205,245,235" step="2"/><V51/><F7/><W104/><AGARI ba="2,2" hai="16,18,19,26,28,35,78,79,95,97,98,101,103,104" machi="104" ten="30,4000,0" yaku="1,1,0,1,54,1,53,0" doraHai="8" doraHaiUra="112" who="3" fromWho="3" sc="295,-12,205,-22,245,-12,235,66" /><INIT seed="2,0,0,0,3,6" ten="283,183,233,301" oya="2" hai0="18,125,118,121,126,75,109,16,119,80,133,2,128" hai1="63,12,108,134,21,57,115,72,26,104,0,49,24" hai2="20,50,36,32,67,9,112,74,55,102,69,7,35" hai3="71,68,53,1,30,94,103,41,56,28,5,107,76"/><V91/><F112/><W66/><G107/><T124/><D121/><U84/><E72/><V113/><F113/><W58/><G68/><T106/><D106/><U65/><E0/><V97/><F74/><W54/><G71/><T120/><D120/><U90/><E115/><V89/><F36/><W4/><G76/><N who="0" m="44063" /><D109/><U25/><E134/><V99/><F69/><W52/><G41/><T44/><D133/><U11/><E104/><V135/><F67/><W92/><G66/><T31/><D31/><N who="3" m="11817" /><G1/><T77/><D77/><U131/><E131/><V81/><F20/><W100/><G4/><T8/><D44/><U19/><E49/><V83/><F50/><W127/><G5/><N who="0" m="1079" /><D128/><U85/><E108/><V33/><F55/><W38/><G38/><T64/><D64/><U105/><E105/><V88/><F135/><W51/><G51/><T43/><D43/><U29/><REACH who="1" step="1"/><E84/><REACH who="1" ten="283,173,233,301" step="2"/><V3/><REACH who="2" step="1"/><F102/><REACH who="2" ten="283,173,223,301" step="2"/><W129/><G103/><T17/><AGARI ba="0,2" hai="16,17,18,118,119,124,125,126" m="1079,44063" machi="17" ten="40,5200,0" yaku="18,1,52,1,54,1" doraHai="6" who="0" fromWho="0" sc="283,72,173,-13,223,-26,301,-13" /><INIT seed="3,0,0,3,4,17" ten="355,160,197,288" oya="3" hai0="20,95,64,52,22,118,78,37,60,126,49,21,116" hai1="43,55,26,92,102,51,90,13,83,6,29,114,105" hai2="70,112,119,8,109,123,4,30,47,98,135,11,115" hai3="132,128,77,129,48,71,107,23,45,82,97,10,28"/><W124/><G71/><T74/><D37/><U56/><E114/><V0/><F70/><W32/><G32/><T35/><D35/><U79/><E105/><V96/><F47/><W104/><G10/><T68/><D126/><U131/><E131/><N who="3" m="50250" /><G132/><T3/><D3/><U9/><E102/><V94/><F30/><W14/><G97/><T66/><D66/><U41/><E90/><V57/><F57/><W42/><G124/><T67/><D67/><U130/><E92/><V34/><F94/><W72/><G14/><T33/><D33/><U93/><E93/><V1/><F34/><W117/><G117/><T125/><D125/><U36/><E36/><V18/><F18/><W39/><G48/><T120/><D120/><U73/><REACH who="1" step="1"/><E130/><REACH who="1" ten="355,150,197,288" step="2"/><V113/><F113/><W40/><G107/><T2/><D95/><U58/><E58/><V86/><F115/><W103/><G104/><T5/><D78/><U44/><E44/><V110/><F112/><W122/><G103/><T7/><D68/><U100/><E100/><V127/><F127/><W87/><G45/><T88/><D88/><U85/><E85/><V99/><F86/><W50/><G39/><T62/><D116/><U38/><E38/><V61/><F119/><W54/><G87/><T16/><D118/><U19/><E19/><V108/><F123/><W46/><G122/><T25/><D16/><U76/><E76/><V31/><F99/><W91/><G91/><T106/><D106/><U101/><E101/><V63/><F98/><W15/><G28/><T24/><D7/><U80/><E80/><V121/><F96/><RYUUKYOKU ba="0,1" sc="355,-15,150,15,197,-15,288,15" hai1="6,9,13,26,29,41,43,51,55,56,73,79,83" hai3="15,23,40,42,46,50,54,72,77,82" /><INIT seed="3,1,1,0,3,38" ten="340,165,182,303" oya="3" hai0="42,17,3,113,122,22,98,73,36,60,92,46,76" hai1="120,5,34,81,1,111,12,82,99,25,2,37,43" hai2="27,135,89,16,83,55,128,33,14,57,19,110,126" hai3="85,100,86,108,13,101,39,44,90,69,28,102,20"/><W115/><G115/><T103/><D122/><U106/><E120/><V116/><F116/><W18/><G69/><T72/><D113/><U119/><E111/><V15/><F110/><W124/><G108/><T112/><D112/><U96/><E12/><V62/><F128/><W67/><G124/><T127/><D3/><U29/><E119/><V71/><F71/><W56/><G28/><T61/><D127/><U53/><E53/><V109/><F109/><W11/><G20/><T78/><D78/><U75/><E82/><V10/><F126/><W6/><G6/><T80/><REACH who="0" step="1"/><D72/><REACH who="0" ten="330,165,182,303" step="2"/><U4/><E2/><V48/><F135/><W31/><G31/><T74/><D74/><U79/><E1/><V7/><F14/><AGARI ba="1,2" hai="14,17,22,36,42,46,60,61,73,76,80,92,98,103" machi="14" ten="30,7700,0" yaku="1,1,7,1,52,1,53,1" doraHai="38" doraHaiUra="41" who="0" fromWho="2" sc="330,100,165,0,182,-80,303,0" /><INIT seed="4,0,0,1,4,119" ten="430,165,102,303" oya="0" hai0="113,89,34,117,98,51,16,74,90,49,104,106,112" hai1="13,40,67,66,24,17,56,30,57,124,45,55,116" hai2="35,126,63,82,26,50,29,108,83,43,11,87,122" hai3="127,94,97,125,93,86,107,37,135,114,73,22,42"/><T71/><D71/><U80/><E116/><V132/><F108/><W109/><G109/><T21/><D117/><U8/><E124/><N who="3" m="47690" /><G73/><T76/><D34/><U25/><E80/><V68/><F126/><W99/><G114/><T53/><D76/><U58/><E55/><V0/><F0/><W69/><G69/><T111/><D74/><U46/><E46/><V105/><F105/><W72/><G135/><T33/><D33/><U7/><E7/><V100/><F100/><W79/><G22/><T81/><D111/><U78/><E78/><V85/><F11/><W52/><G52/><T18/><D21/><U123/><E123/><V95/><F63/><W1/><G1/><T92/><D53/><U38/><REACH who="1" step="1"/><E25/><REACH who="1" ten="430,155,102,303" step="2"/><V48/><F122/><W128/><G79/><T64/><D112/><U44/><E44/><V14/><F26/><W28/><G42/><T4/><D4/><U121/><E121/><V60/><F43/><W134/><G134/><T19/><D113/><U15/><E15/><V36/><F14/><W27/><G27/><T88/><D81/><U65/><E65/><V31/><F132/><W12/><G12/><T131/><D64/><U75/><E75/><V91/><F82/><W118/><G72/><T102/><REACH who="0" step="1"/><D131/><REACH who="0" ten="420,155,102,303" step="2"/><U101/><E101/><V54/><F83/><W41/><G128/><T2/><D2/><U129/><E129/><V39/><F54/><W9/><G118/><T120/><D120/><U20/><AGARI ba="0,2" hai="8,13,17,20,24,30,38,40,45,56,57,58,66,67" machi="20" ten="30,4000,0" yaku="1,1,0,1,53,1" doraHai="119" doraHaiUra="10" who="1" fromWho="1" sc="420,-20,155,60,102,-10,303,-10" /><INIT seed="5,0,0,4,1,71" ten="400,215,92,293" oya="1" hai0="20,119,88,39,84,2,94,104,64,100,54,99,57" hai1="118,90,62,61,125,97,33,78,24,127,23,81,30" hai2="79,92,128,32,113,59,82,40,123,117,22,108,53" hai3="89,0,46,98,77,9,51,70,13,34,132,75,43"/><U134/><E118/><V12/><F117/><W80/><G70/><T31/><D119/><U48/><E134/><V27/><F123/><W55/><G34/><T74/><D2/><U135/><E135/><V15/><F108/><W50/><G132/><T110/><D110/><U106/><E48/><V1/><F1/><W44/><G0/><T86/><D74/><U66/><E23/><V58/><F32/><W69/><G69/><T115/><D115/><U14/><E14/><V103/><F40/><W29/><G29/><T121/><D121/><U122/><E122/><V6/><F128/><W76/><G75/><T26/><D39/><U83/><E62/><V19/><F113/><W17/><G98/><T3/><D3/><U4/><E4/><V67/><F67/><W10/><REACH who="3" step="1"/><G9/><REACH who="3" ten="400,215,92,283" step="2"/><T5/><D31/><U114/><E114/><V49/><F6/><W116/><G116/><T8/><D99/><U65/><E97/><N who="2" m="59815" /><F59/><W21/><G21/><T112/><D57/><U28/><E33/><V42/><F58/><W95/><G95/><T37/><D94/><U129/><E30/><V102/><F22/><W96/><G96/><T38/><D20/><U93/><E28/><V36/><F102/><W68/><G68/><T18/><D100/><U25/><E93/><V124/><F19/><W11/><G11/><T133/><D8/><U131/><E131/><V47/><F27/><W91/><G91/><T16/><D18/><U72/><E129/><V109/><F109/><W35/><G35/><T126/><D133/><U111/><E111/><V120/><F120/><W41/><G41/><RYUUKYOKU ba="0,1" sc="400,-10,215,-10,92,-10,283,30" hai3="10,13,17,43,44,46,50,51,55,76,77,80,89" /><INIT seed="6,1,1,2,4,56" ten="390,205,82,313" oya="2" hai0="63,88,73,76,36,99,109,21,60,134,28,103,127" hai1="74,29,77,114,6,20,116,131,0,122,15,68,9" hai2="14,2,85,128,105,25,89,53,96,72,95,101,23" hai3="57,82,13,58,64,27,106,70,71,69,45,31,5"/><V90/><F2/><W48/><G106/><T129/><D109/><U44/><E116/><V81/><F128/><W113/><G113/><T16/><D36/><U107/><E107/><V10/><F72/><W67/><G82/><T22/><D129/><U104/><E104/><V3/><F3/><W126/><G126/><T75/><D76/><U91/><E68/><V115/><F115/><W47/><G5/><T4/><D4/><U123/><E91/><N who="2" m="51631" /><F105/><W66/><G13/><T135/><D127/><U37/><E131/><V102/><F102/><W38/><G27/><N who="0" m="16503" /><D103/><U26/><E114/><V18/><F53/><N who="3" m="29855" /><G31/><AGARI ba="1,1" hai="10,14,18,23,25,31,89,90,95,96,101" m="51631" machi="31" ten="30,1500,0" yaku="8,1" doraHai="56" who="2" fromWho="3" sc="390,0,205,0,82,28,313,-18" /><INIT seed="6,2,0,1,5,78" ten="390,205,110,295" oya="2" hai0="97,81,35,3,128,44,60,87,50,102,118,6,130" hai1="51,58,101,85,94,86,132,39,48,65,71,112,68" hai2="111,20,103,15,96,77,70,120,92,84,22,98,14" hai3="100,99,108,113,127,0,23,16,64,119,91,25,46"/><V95/><F120/><W93/><G0/><T89/><D35/><U67/><E39/><V116/><F116/><W29/><G119/><T121/><D121/><U9/><E112/><V122/><F122/><W135/><G108/><T59/><D118/><U72/><E72/><V56/><F70/><W134/><G127/><T13/><D3/><U28/><E28/><V42/><F111/><W74/><G74/><T62/><D6/><U17/><E132/><N who="3" m="50730" /><G113/><T36/><D36/><U10/><E94/><V41/><F56/><W107/><G64/><T2/><D13/><N who="2" m="4618" /><F84/><N who="3" m="52455" /><G46/><T115/><D2/><U114/><E114/><V104/><F104/><W40/><G40/><N who="2" m="15465" /><F77/><W66/><G66/><T30/><D115/><U82/><E58/><V33/><F33/><W106/><G107/><T124/><D59/><U133/><E133/><V105/><F105/><W19/><AGARI ba="2,0" hai="16,19,23,25,29,99,100,106" m="52455,50730" machi="19" ten="30,2000,0" yaku="20,1,54,1" doraHai="78" who="3" fromWho="3" sc="390,-7,205,-7,110,-12,295,26" /><INIT seed="7,0,0,0,1,121" ten="383,198,98,321" oya="3" hai0="50,1,70,47,127,124,128,24,89,88,54,130,62" hai1="16,120,77,82,34,53,97,131,93,98,45,95,106" hai2="91,0,20,129,41,67,122,21,11,113,66,117,43" hai3="3,5,46,61,10,39,76,64,123,23,14,102,110"/><W40/><G123/><T4/><D24/><U28/><E106/><V96/><F122/><W51/><G102/><T58/><D70/><U73/><E131/><N who="0" m="50217" /><D4/><U103/><E28/><V132/><F129/><W78/><G110/><T25/><D25/><U87/><E34/><V44/><F117/><W100/><G100/><T74/><D74/><U38/><E38/><V107/><F91/><N who="0" m="34890" /><D1/><U63/><E63/><V99/><F44/><W17/><REACH who="3" step="1"/><G39/><REACH who="3" ten="383,198,98,311" step="2"/><T36/><D36/><U26/><E120/><V27/><F27/><W31/><G31/><T134/><D134/><U12/><E26/><V29/><F29/><W60/><G60/><T8/><D8/><U81/><E103/><V109/><F11/><W90/><G90/><T30/><D30/><U35/><E35/><V69/><F69/><AGARI ba="0,1" hai="3,5,10,14,17,23,40,46,51,61,64,69,76,78" machi="69" ten="30,5800,0" yaku="1,1,7,1,53,1" doraHai="121" doraHaiUra="59" who="3" fromWho="2" sc="383,0,198,0,98,-58,311,68" /><INIT seed="7,1,0,5,1,73" ten="383,198,40,379" oya="3" hai0="81,35,34,15,49,6,12,123,134,0,2,63,10" hai1="24,57,74,13,82,30,7,3,76,31,94,116,113" hai2="97,101,128,65,69,120,51,126,117,27,80,91,11" hai3="21,77,50,52,64,112,78,59,110,72,122,111,4"/><W87/><G122/><T70/><D123/><U29/><E3/><V40/><F27/><W28/><G112/><T105/><D105/><U48/><E116/><V25/><F51/><W66/><G72/><T1/><D134/><U124/><E124/><V33/><F91/><W38/><G38/><T106/><D106/><U129/><E113/><V47/><F120/><W20/><G4/><T16/><D81/><U104/><E104/><V96/><F96/><W17/><G28/><T107/><D107/><U85/><E129/><V18/><F97/><W95/><G21/><T118/><D49/><U32/><E7/><V125/><F101/><W68/><G68/><T37/><D37/><U26/><E13/><N who="2" m="7487" /><F80/><N who="3" m="47503" /><G78/><T9/><D118/><U102/><E48/><N who="2" m="26727" /><F128/><W93/><G110/><T119/><D119/><U100/><E26/><V39/><F39/><W54/><G54/><T62/><D70/><U132/><E24/><V92/><F92/><N who="3" m="35403" /><G111/><T98/><D98/><U58/><E94/><V135/><F117/><W79/><G79/><T42/><REACH who="0" step="1"/><D42/><REACH who="0" ten="373,198,40,379" step="2"/><U61/><E82/><V88/><F135/><W60/><G50/><T121/><D121/><U84/><E100/><V22/><F33/><AGARI ba="1,1" hai="0,1,2,6,9,10,12,15,16,33,34,35,62,63" machi="33" ten="50,3200,0" yaku="1,1,54,1,53,0" doraHai="73" doraHaiUra="115" who="0" fromWho="2" sc="373,45,198,0,40,-35,379,0" owari="418,51.0,198,-20.0,5,-49.0,379,18.0" /></mjloggm>