<mjloggm ver="2.3"><GO type="41"/><UN n0="%E3%82%89%E3%83%BB%E3%81%9B%E3%83%BB%E3%82%89%E2%99%AA" n1="%67%75%6E%74%31%30%30" n2="%E3%82%88%E3%81%97%E3%81%A4%E3%81%AD" n3="%E3%82%A6%E3%83%AB%E3%83%88%E3%83%A9%E7%AB%8B%E7%9B%B4" dan="13,13,13,14" rate="1849,1918,1831,1924" sx="M,M,M,M"/><TAIKYOKU oya="0"/><INIT seed="0,0,0,5,4,53" ten="250,250,250,250" oya="0" hai0="1,120,8,21,65,64,134,32,16,99,85,100,121" hai1="128,11,133,70,14,41,77,89,25,47,124,119,105" hai2="117,0,108,38,127,26,72,10,34,31,118,71,55" hai3="4,107,73,48,98,36,110,49,57,29,54,113,5"/><T90/><D32/><U78/><E119/><N who="2" m="45579" /><F55/><N who="3" m="31975" /><G36/><T46/><D46/><U103/><E124/><V20/><F127/><W66/><G73/><T104/><D134/><U79/><E128/><V35/><F20/><W63/><G107/><T52/><D121/><U88/><E133/><V22/><F22/><W23/><G110/><T42/><D42/><U7/><E70/><V112/><F108/><W61/><G98/><T93/><D120/><U69/><E69/><V106/><F35/><W92/><G92/><T96/><D96/><U95/><E25/><V12/><F12/><W44/><G113/><T74/><D74/><U59/><E59/><V132/><F132/><W30/><G30/><T19/><D52/><U115/><E115/><V39/><F112/><W18/><G29/><T86/><D86/><U109/><E109/><V102/><F72/><W101/><G101/><T80/><D104/><U45/><E105/><V68/><F102/><W97/><G97/><T131/><D131/><U67/><E67/><V130/><F130/><W125/><G125/><T40/><D40/><U60/><E60/><N who="3" m="23114" /><G66/><T50/><D50/><N who="1" m="26927" /><E47/><V56/><F106/><W2/><G2/><T126/><D126/><U51/><E51/><V114/><F114/><W123/><G123/><T94/><D80/><U24/><E24/><AGARI ba="0,0" hai="4,5,18,23,24,44,49,54" m="23114,31975" machi="24" ten="30,2000,0" yaku="8,1,52,1" doraHai="53" who="3" fromWho="1" sc="250,0,250,-20,250,0,250,20" /><INIT seed="1,0,0,4,2,29" ten="250,230,250,270" oya="1" hai0="95,120,122,91,71,127,109,34,93,10,98,51,76" hai1="105,101,115,129,11,48,85,62,133,41,56,65,79" hai2="50,78,22,24,94,4,96,130,99,66,134,23,106" hai3="114,18,3,108,59,7,13,90,19,2,57,67,53"/><U116/><E115/><V100/><F130/><W117/><G67/><T35/><D71/><U75/><E116/><V92/><F134/><W84/><G117/><T55/><D76/><U26/><E129/><V6/><F78/><W49/><G114/><T124/><D10/><U103/><E133/><V73/><F73/><W80/><G108/><T135/><D135/><U111/><E111/><V68/><F106/><W82/><G7/><T126/><D95/><U31/><E75/><V17/><F50/><W45/><G3/><T125/><N who="0" m="31744" /><DORA hai="40" /><T70/><D70/><U27/><E105/><V87/><F87/><N who="3" m="50535" /><G2/><T54/><D109/><U5/><E27/><V97/><F23/><N who="3" m="11727" /><G19/><T81/><D81/><U119/><E119/><V28/><F28/><W63/><G63/><T1/><D1/><U37/><E37/><V118/><F118/><W21/><G21/><T112/><D112/><U72/><E72/><V58/><F68/><W47/><G57/><N who="0" m="32991" /><D55/><U128/><E128/><V74/><F74/><W77/><AGARI ba="0,0" hai="45,47,49,53,59,77,82,84" m="11727,50535" machi="77" ten="30,4000,0" yaku="8,1,52,2" doraHai="29,40" who="3" fromWho="3" sc="250,-10,230,-20,250,-10,270,40" /><INIT seed="2,0,0,1,5,97" ten="240,210,240,310" oya="2" hai0="34,81,85,126,45,53,117,74,114,20,42,4,48" hai1="10,52,65,101,91,44,19,31,16,98,23,59,5" hai2="77,64,36,92,1,14,57,39,12,123,99,121,61" hai3="55,84,8,15,17,13,41,83,105,131,62,6,76"/><V124/><F1/><W27/><G105/><T68/><D34/><U24/><E91/><V22/><F77/><W100/><G131/><T122/><D122/><U46/><E65/><V78/><F78/><W69/><G69/><T103/><D74/><U51/><E46/><V90/><F124/><W18/><G41/><T70/><D126/><U66/><E66/><V54/><F121/><W116/><G116/><T111/><D117/><U49/><E10/><V133/><F133/><W43/><G43/><T63/><D114/><U79/><E5/><V94/><F123/><W3/><G3/><T93/><D111/><U128/><E79/><V25/><F39/><W82/><G82/><T130/><D130/><U35/><E35/><V106/><F106/><W127/><G127/><T60/><D4/><U113/><E128/><V37/><F37/><W104/><G27/><T80/><D70/><U72/><E72/><V2/><F2/><W115/><G115/><T11/><D11/><U110/><E113/><V125/><F125/><W30/><G30/><T107/><D107/><U71/><E71/><V40/><F40/><W129/><G129/><T26/><D42/><N who="1" m="24727" /><E110/><V108/><F108/><W120/><G120/><T9/><D68/><U0/><E0/><V29/><F36/><W95/><G104/><T134/><D134/><U87/><E87/><V47/><F94/><AGARI ba="0,0" hai="16,19,23,24,31,51,52,59,94,98,101" m="24727" machi="94" ten="30,7700,0" yaku="8,1,52,1,54,2" doraHai="97" who="1" fromWho="2" sc="240,0,210,77,240,-77,310,0" /><INIT seed="3,0,0,5,2,101" ten="240,287,163,310" oya="3" hai0="128,99,80,67,9,63,108,103,89,38,116,90,58" hai1="56,78,25,3,79,19,98,120,110,51,27,66,77" hai2="76,83,119,133,86,91,131,125,73,42,85,8,29" hai3="2,34,96,64,87,21,115,32,5,24,37,121,81"/><W15/><G37/><T16/><D38/><U6/><E110/><V28/><F119/><W126/><G64/><T61/><D108/><U30/><E120/><V124/><F133/><W26/><G87/><T118/><D128/><U53/><E66/><V72/><F42/><W75/><G96/><T10/><D118/><U114/><E114/><V1/><F8/><N who="3" m="2103" /><G81/><T62/><D116/><U47/><E6/><V55/><F131/><W107/><G75/><N who="2" m="28745" /><F55/><W14/><G107/><T4/><D80/><U33/><E3/><V95/><F29/><N who="3" m="17551" /><G121/><T113/><D113/><U117/><E117/><V129/><F129/><W31/><G115/><T48/><D67/><U71/><E71/><V65/><F65/><W44/><G44/><T57/><D4/><U84/><E98/><N who="2" m="57727" /><F28/><N who="3" m="19479" /><G126/><N who="2" m="48745" /><F1/><W12/><G31/><T23/><D58/><U35/><E47/><V109/><F109/><W122/><G122/><T112/><D112/><U82/><E19/><V70/><F70/><W100/><G100/><T74/><D57/><U39/><E39/><V11/><F11/><W17/><G34/><T0/><D0/><U102/><E35/><V132/><F132/><W36/><G36/><T18/><D9/><AGARI ba="0,0" hai="9,12,14,15,17" m="19479,17551,2103" machi="9" ten="30,12000,1" yaku="35,5" doraHai="101" who="3" fromWho="0" sc="240,-120,287,0,163,0,310,120" /><INIT seed="3,1,0,2,3,20" ten="120,287,163,430" oya="3" hai0="128,17,106,57,59,9,74,69,135,91,11,109,79" hai1="103,87,100,28,93,18,13,29,0,51,63,46,130" hai2="110,4,25,35,10,3,8,105,27,88,37,61,81" hai3="119,75,86,83,71,121,78,124,129,70,68,96,133"/><W72/><G121/><T123/><D69/><U41/><E130/><V89/><F110/><W56/><G119/><T6/><D109/><U99/><E0/><V64/><F37/><W24/><G129/><T54/><D123/><U107/><E63/><V47/><F105/><W95/><G124/><T43/><D106/><U26/><E103/><V32/><F47/><W50/><G133/><T116/><D43/><U118/><E118/><V19/><F81/><W94/><G50/><T132/><D116/><U114/><E114/><V127/><F127/><W101/><G56/><T104/><D104/><U98/><E87/><V30/><F19/><W92/><G96/><T34/><D59/><U53/><E41/><V36/><F36/><W122/><G101/><T49/><D128/><U117/><E117/><V126/><F126/><W82/><G122/><T7/><D34/><U120/><E120/><V48/><F48/><W44/><G44/><T1/><D17/><U65/><E65/><V40/><F40/><W12/><G12/><T111/><D111/><U22/><REACH who="1" step="1"/><E13/><REACH who="1" ten="120,277,163,430" step="2"/><V85/><F85/><W102/><G102/><T131/><D131/><U134/><E134/><V52/><F64/><W90/><G75/><T77/><D135/><U42/><E42/><V73/><F73/><W39/><G39/><T115/><D132/><U31/><E31/><N who="2" m="19567" /><F10/><W67/><G67/><T16/><D74/><U113/><E113/><V84/><F84/><W58/><G86/><T97/><D115/><U45/><E45/><V2/><F2/><W55/><G90/><T108/><D91/><U14/><E14/><RYUUKYOKU ba="1,1" sc="120,-15,277,15,163,15,430,-15" hai1="18,22,26,28,29,46,51,53,93,98,99,100,107" hai2="3,4,8,27,30,35,52,61,88,89" /><INIT seed="4,2,1,3,0,72" ten="105,292,178,415" oya="0" hai0="62,106,7,112,107,105,127,84,129,98,60,126,66" hai1="37,13,109,71,93,51,29,85,100,120,135,73,115" hai2="50,76,89,1,0,44,68,70,94,81,22,36,20" hai3="133,10,64,12,121,99,96,123,104,5,43,61,103"/><T47/><D129/><U8/><E109/><V77/><F36/><W102/><G43/><T33/><D33/><U24/><E120/><V6/><F81/><W11/><G133/><T90/><D112/><U83/><E135/><V69/><F6/><W16/><G11/><T110/><D7/><U113/><E73/><V48/><F89/><W74/><G74/><T128/><D128/><U19/><E37/><V4/><F4/><W92/><REACH who="3" step="1"/><G5/><REACH who="3" ten="105,292,178,405" step="2"/><T45/><D110/><U17/><E8/><V26/><F44/><N who="0" m="16970" /><D98/><U86/><E115/><V3/><F26/><W35/><G35/><T134/><D134/><U57/><E113/><V9/><F9/><W25/><G25/><T15/><D15/><U122/><E24/><V124/><F124/><N who="0" m="47658" /><D66/><U78/><E13/><V119/><F119/><W116/><G116/><T21/><D21/><N who="2" m="8298" /><F94/><AGARI ba="2,2" hai="60,62,84,90,94,105,106,107" m="47658,16970" machi="94" ten="40,2000,0" yaku="18,1" doraHai="72" who="0" fromWho="2" sc="105,46,292,0,178,-26,405,0" /><INIT seed="4,3,0,0,5,78" ten="151,292,152,405" oya="0" hai0="16,22,31,36,74,102,121,30,1,125,135,25,111" hai1="41,13,32,61,92,124,123,88,119,86,15,2,53" hai2="85,28,8,38,50,120,103,18,17,87,65,118,77" hai3="4,58,34,75,95,129,49,59,126,48,73,116,42"/><T115/><D36/><U64/><E123/><V54/><F38/><W46/><G116/><T100/><D121/><U0/><E119/><V35/><F120/><W113/><G34/><T98/><D111/><U84/><E41/><V114/><F114/><W104/><G104/><T19/><D115/><U33/><E124/><V71/><F118/><W72/><G126/><T24/><D125/><U29/><E32/><V134/><F134/><W93/><G113/><T133/><D74/><U20/><E33/><V69/><F103/><W66/><G129/><T5/><D102/><U39/><E39/><V117/><F117/><W80/><G4/><T94/><D5/><U122/><E122/><V11/><F28/><W55/><G66/><T76/><D76/><U101/><E2/><V109/><F109/><W44/><G80/><T62/><D1/><U127/><E127/><V107/><F35/><W106/><G106/><T47/><D47/><U83/><E0/><V10/><F107/><W6/><G6/><T57/><D25/><N who="1" m="16551" /><E64/><V131/><F131/><W43/><REACH who="3" step="1"/><G59/><REACH who="3" ten="151,292,152,395" step="2"/><T82/><D82/><U7/><E7/><V99/><F65/><W12/><G12/><T67/><D31/><U56/><E101/><V130/><F77/><AGARI ba="3,1" hai="13,15,53,56,61,77,83,84,86,88,92" m="16551" machi="77" ten="30,3900,0" yaku="8,1,52,1,54,1" doraHai="78" who="1" fromWho="2" sc="151,0,292,58,152,-48,395,0" /><INIT seed="5,0,0,2,4,15" ten="151,350,104,395" oya="1" hai0="26,106,39,85,45,130,33,78,10,59,133,48,113" hai1="110,22,42,128,108,125,127,114,57,30,7,124,89" hai2="99,27,129,63,37,82,35,25,97,77,119,6,53" hai3="19,17,29,107,118,66,104,123,69,95,23,93,88"/><U90/><E128/><V36/><F119/><W46/><G123/><T105/><D130/><U112/><E42/><V74/><F129/><W70/><G118/><T50/><D39/><U54/><E7/><V49/><F6/><W64/><G46/><T1/><D133/><U65/><E65/><V117/><F117/><W81/><G81/><T56/><D113/><N who="1" m="43627" /><E30/><V75/><F63/><W0/><G29/><T4/><D106/><U13/><E22/><V44/><F75/><W100/><G100/><T80/><D105/><U67/><E13/><V111/><F111/><N who="1" m="42537" /><E67/><V86/><F74/><W102/><G102/><T32/><D50/><AGARI ba="0,0" hai="50,54,57,89,90,124,125,127" m="42537,43627" machi="50" ten="40,7700,0" yaku="18,1,15,1,10,1" doraHai="15" who="1" fromWho="0" sc="151,-77,350,77,104,0,395,0" /><INIT seed="5,1,0,2,5,80" ten="74,427,104,395" oya="1" hai0="18,119,126,104,99,109,131,15,122,95,103,90,37" hai1="82,78,36,79,49,4,60,70,34,114,12,2,64" hai2="134,92,115,72,16,28,47,46,133,100,54,124,83" hai3="40,6,31,14,129,84,81,27,87,65,110,43,17"/><U93/><E114/><V30/><F115/><W62/><G6/><T5/><D37/><U19/><E34/><V108/><F108/><W51/><G110/><T52/><D109/><U0/><E36/><V56/><F124/><W35/><G129/><T121/><D126/><U57/><E2/><V105/><F105/><W74/><G74/><T21/><D131/><U10/><E82/><V13/><F30/><W116/><G116/><T97/><D5/><U53/><REACH who="1" step="1"/><E93/><REACH who="1" ten="74,417,104,395" step="2"/><V113/><F113/><W75/><G75/><T112/><D112/><U9/><AGARI ba="1,1" hai="0,4,9,10,12,19,49,53,57,60,64,70,78,79" machi="9" ten="20,7800,0" yaku="1,1,2,1,0,1,7,1,53,0" doraHai="80" doraHaiUra="98" who="1" fromWho="1" sc="74,-27,417,91,104,-27,395,-27" /><INIT seed="5,2,0,0,4,52" ten="47,508,77,368" oya="1" hai0="129,60,32,44,135,87,55,17,79,111,54,15,125" hai1="123,66,29,53,133,126,16,115,68,99,98,2,114" hai2="81,95,113,64,11,61,92,102,35,124,73,12,86" hai3="67,3,36,39,101,121,19,26,25,127,77,93,57"/><U82/><E123/><V84/><F35/><W4/><G121/><T24/><D111/><U49/><E126/><V47/><F124/><W130/><G4/><T76/><D125/><U23/><E133/><V37/><F113/><N who="1" m="43017" /><E29/><V50/><F37/><W90/><G3/><T100/><D135/><U41/><E2/><V117/><F117/><W34/><G34/><T18/><D129/><U131/><E41/><V96/><F73/><W7/><G7/><T109/><D109/><U110/><E82/><V5/><F84/><W28/><G28/><T94/><D32/><U21/><E110/><V9/><F11/><W74/><G74/><T6/><D6/><U118/><E118/><V112/><F112/><W132/><G77/><T88/><D100/><U89/><E131/><V120/><F120/><W134/><G101/><T27/><D55/><U51/><E51/><V104/><F61/><N who="3" m="38319" /><G127/><T72/><D72/><U75/><E75/><V128/><F128/><W106/><G106/><T20/><D27/><N who="3" m="10249" /><G130/><T119/><D119/><U33/><E33/><V85/><F85/><N who="3" m="52431" /><G132/><T69/><D69/><U46/><E68/><V71/><F71/><W1/><G1/><T42/><D42/><U83/><E66/><V45/><F45/><W59/><G134/><T103/><D103/><U48/><E46/><V58/><F64/><W78/><G78/><T22/><REACH who="0" step="1"/><D44/><REACH who="0" ten="37,508,77,368" step="2"/><U97/><E97/><V63/><F47/><W13/><G59/><AGARI ba="2,1" hai="15,17,18,20,22,24,54,59,60,76,79,87,88,94" machi="59" ten="40,8000,1" yaku="1,1,2,1,8,1,52,1,54,1,53,0" doraHai="52" doraHaiUra="43" who="0" fromWho="3" sc="37,96,508,0,77,0,368,-86" /><INIT seed="6,0,0,1,4,43" ten="133,508,77,282" oya="2" hai0="6,25,69,103,44,113,10,66,45,78,109,108,115" hai1="55,81,40,9,62,54,3,134,12,37,100,26,89" hai2="117,84,30,59,79,41,52,116,58,101,18,17,47" hai3="16,83,133,49,127,70,110,86,8,98,22,102,126"/><V121/><F121/><W85/><G70/><T39/><D39/><U123/><E134/><V4/><F117/><W33/><G33/><T60/><D78/><U46/><E123/><V2/><F2/><W13/><G133/><T125/><D125/><N who="3" m="47625" /><G110/><T32/><D103/><U76/><E3/><V23/><F116/><W51/><G22/><T7/><D7/><U90/><E100/><V135/><F135/><W72/><G72/><T19/><D19/><N who="2" m="7178" /><F4/><W63/><G63/><T61/><D61/><U50/><E26/><N who="2" m="16735" /><F41/><W1/><G1/><T129/><D129/><U24/><E24/><V71/><F71/><W34/><G34/><T31/><D109/><U21/><E21/><V28/><F28/><W73/><G73/><T67/><D67/><U64/><E55/><V105/><F105/><N who="3" m="63703" /><G86/><T128/><D128/><U122/><E122/><V68/><F101/><W48/><G48/><T132/><D108/><U99/><E99/><V118/><F118/><W65/><G65/><T20/><D32/><U56/><E76/><AGARI ba="0,0" hai="8,13,16,49,51,76,83,85" m="63703,47625" machi="76" ten="30,2000,0" yaku="18,1,54,1" doraHai="43" who="3" fromWho="1" sc="133,0,508,-20,77,0,282,20" /><INIT seed="7,0,0,0,3,35" ten="133,488,77,302" oya="3" hai0="133,66,135,101,14,92,70,3,121,111,104,55,97" hai1="32,122,34,103,2,39,79,130,42,60,59,0,81" hai2="69,134,73,114,123,8,84,38,126,25,28,89,63" hai3="119,50,108,20,24,85,65,15,29,56,87,47,41"/><W83/><G108/><T18/><D111/><U9/><E122/><V118/><F89/><W4/><G119/><T129/><D121/><U53/><E130/><V16/><F84/><W1/><G65/><T67/><D129/><U107/><E2/><V10/><F25/><W52/><G1/><T116/><D3/><U72/><E103/><V37/><F16/><W106/><G106/><T86/><D116/><U11/><E107/><V88/><F88/><W43/><G43/><T125/><D55/><U21/><E21/><V68/><F63/><W57/><G57/><T17/><D125/><U71/><E71/><V6/><F28/><W100/><G100/><T128/><D128/><U45/><REACH who="1" step="1"/><E11/><REACH who="1" ten="133,478,77,302" step="2"/><V112/><F10/><N who="3" m="4551" /><G83/><T64/><D70/><U90/><E90/><V80/><F8/><W110/><G110/><T117/><D117/><U105/><E105/><V31/><F6/><AGARI ba="0,1" hai="0,6,9,32,34,39,42,45,53,59,60,72,79,81" machi="6" ten="40,8000,1" yaku="1,1,25,2,52,1,53,0" doraHai="35" doraHaiUra="98" who="1" fromWho="2" sc="133,0,478,90,77,-80,302,0" owari="133,-27.0,568,67.0,-3,-50.0,302,10.0" /></mjloggm>