<mjloggm ver="2.3"><GO type="169"/><UN n0="%E3%83%80%E3%83%A1%E9%9B%80%E5%A3%AB" n1="%E7%8B%AC%E6%AD%A9" n2="%EF%BC%88%E2%89%A7%E2%96%BD%E2%89%A6%EF%BC%89" n3="%78%72%63%35%32%34%32%38" dan="16,16,18,16" rate="2056,2142,2231,2104" sx="M,M,M,M"/><TAIKYOKU oya="0"/><INIT seed="0,0,0,0,2,129" ten="250,250,250,250" oya="0" hai0="27,86,89,28,112,31,67,68,11,100,118,70,60" hai1="127,57,96,64,114,124,103,80,23,59,9,56,42" hai2="34,12,111,130,117,97,128,39,38,119,69,73,26" hai3="135,22,55,115,90,106,77,20,4,45,87,37,71"/><T19/><D118/><N who="2" m="45066" /><F73/><W113/><G106/><T32/><D112/><U116/><E116/><V75/><F75/><W17/><G71/><T43/><D43/><U99/><E80/><V101/><F69/><W79/><G4/><T25/><D100/><U72/><E72/><V76/><F76/><W94/><G135/><T30/><D70/><U92/><E114/><V41/><F12/><W0/><G0/><T48/><D48/><U109/><E9/><V14/><F14/><W133/><G133/><T95/><D11/><U120/><E120/><V132/><F111/><W35/><G35/><T47/><D47/><U8/><E8/><V110/><F110/><W49/><G37/><N who="2" m="13833" /><F41/><W61/><G61/><T7/><D7/><U105/><E42/><V108/><F108/><W29/><G115/><T21/><AGARI ba="0,0" hai="19,21,25,27,28,30,31,32,60,67,68,86,89,95" machi="21" ten="30,1500,0" yaku="0,1" doraHai="129" who="0" fromWho="0" sc="250,15,250,-5,250,-5,250,-5" /><INIT seed="0,1,0,0,3,49" ten="265,245,245,245" oya="0" hai0="2,87,24,88,14,114,11,113,42,22,93,53,104" hai1="56,57,34,90,100,66,82,33,48,47,59,99,38" hai2="27,98,126,39,40,127,133,95,25,63,102,26,69" hai3="5,13,94,76,81,116,122,1,129,65,131,67,134"/><T72/><D104/><U85/><E38/><V117/><F133/><W123/><G116/><T108/><D72/><U64/><E33/><V10/><F117/><W62/><G1/><T3/><D42/><U115/><E34/><V68/><F10/><N who="3" m="4303" /><G94/><T7/><D3/><U130/><E130/><N who="3" m="49674" /><G134/><T107/><D107/><U32/><E32/><V77/><F77/><W58/><G65/><T86/><D86/><AGARI ba="1,0" hai="58,62,67,76,81,86,122,123" m="49674,4303" machi="86" ten="30,1000,0" yaku="19,1" doraHai="49" who="3" fromWho="0" sc="265,-13,245,0,245,0,245,13" /><INIT seed="1,0,0,2,4,27" ten="252,245,245,258" oya="1" hai0="93,94,20,122,121,57,116,53,36,56,41,23,46" hai1="103,8,16,42,79,117,134,96,105,39,112,0,87" hai2="24,124,67,13,132,75,52,51,131,74,127,14,5" hai3="9,114,86,12,17,99,47,60,85,64,77,113,34"/><U49/><E117/><V4/><F132/><W22/><G34/><T97/><D116/><U129/><E112/><V3/><F67/><W68/><G99/><T90/><D94/><U69/><E69/><V7/><F3/><W100/><G100/><T31/><D57/><U28/><E129/><V98/><F98/><W45/><G113/><T15/><D15/><U32/><E39/><V33/><F131/><W106/><G106/><T107/><D107/><U43/><E134/><V72/><F33/><W65/><G64/><T30/><D20/><U126/><E126/><N who="2" m="48171" /><F24/><W44/><G114/><T50/><REACH who="0" step="1"/><D23/><REACH who="0" ten="242,245,245,258" step="2"/><U76/><E32/><V109/><F109/><W133/><G133/><T62/><D62/><U70/><E70/><V2/><F2/><W18/><REACH who="3" step="1"/><G77/><REACH who="3" ten="242,245,245,248" step="2"/><T25/><D25/><AGARI ba="0,2" hai="9,12,17,18,22,25,44,45,47,60,65,68,85,86" machi="25" ten="40,8000,1" yaku="1,1,2,1,53,2" doraHai="27" doraHaiUra="83" who="3" fromWho="0" sc="242,-80,245,0,245,0,248,100" /><INIT seed="2,0,0,4,2,60" ten="162,245,245,348" oya="2" hai0="64,123,110,9,46,109,90,68,134,21,75,39,7" hai1="38,8,56,24,10,103,106,0,42,52,5,99,57" hai2="43,6,114,28,101,98,88,79,127,2,16,66,91" hai3="74,18,92,105,50,119,12,85,13,108,113,27,124"/><V71/><F114/><W17/><G119/><T65/><D123/><U131/><E57/><V41/><F2/><W67/><G105/><T62/><D75/><U20/><E8/><V97/><F6/><W120/><G74/><T122/><D122/><U96/><E96/><N who="2" m="36971" /><F101/><W125/><G113/><T45/><D134/><U111/><E111/><V129/><F129/><W15/><G108/><N who="0" m="41579" /><D90/><N who="2" m="34346" /><F71/><W116/><G116/><T86/><D86/><U78/><E78/><V87/><F28/><W80/><G92/><T93/><D93/><U61/><E131/><V30/><F30/><W95/><G95/><T73/><D73/><U33/><E33/><V32/><F32/><W104/><G104/><T48/><D21/><U94/><E106/><V135/><F135/><W51/><G120/><T72/><D72/><U36/><E42/><N who="2" m="15883" /><F127/><W118/><G125/><T11/><D39/><U25/><E25/><V35/><F35/><W115/><G124/><T83/><D83/><U128/><E128/><V1/><F1/><W63/><G118/><T34/><D34/><U126/><E126/><V14/><F87/><W54/><G115/><T102/><D102/><U37/><E37/><V132/><F132/><W47/><G85/><T23/><D23/><U82/><E82/><V112/><F112/><W117/><G117/><T76/><D76/><U31/><AGARI ba="0,0" hai="0,5,10,20,24,31,36,38,52,56,61,94,99,103" machi="31" ten="20,2700,0" yaku="0,1,7,1,54,1" doraHai="60" who="1" fromWho="1" sc="162,-7,245,27,245,-13,348,-7" /><INIT seed="3,0,0,0,0,74" ten="155,272,232,341" oya="3" hai0="123,128,117,38,81,95,67,111,35,41,107,44,4" hai1="70,104,105,97,125,24,76,40,64,71,39,69,78" hai2="115,11,10,68,100,27,26,15,127,116,13,108,1" hai3="48,87,61,52,28,60,121,20,63,124,96,31,23"/><W59/><G121/><T89/><D67/><U62/><E125/><V88/><F68/><W82/><G124/><T22/><D123/><U99/><E24/><V73/><F73/><W101/><G23/><T79/><D35/><U37/><E40/><V0/><F127/><W3/><G3/><N who="2" m="1097" /><F100/><W103/><G20/><T53/><D107/><N who="1" m="41035" /><E62/><V65/><F65/><W43/><G43/><T19/><D117/><U83/><E83/><V30/><F116/><W54/><G54/><T9/><D9/><N who="2" m="3082" /><F88/><N who="3" m="51319" /><G96/><N who="1" m="36938" /><E64/><V7/><F7/><W77/><G77/><AGARI ba="0,0" hai="37,39,69,70,71,76,77,78" m="36938,41035" machi="77" ten="40,8000,1" yaku="28,2,52,3" doraHai="74" who="1" fromWho="3" sc="155,0,272,80,232,0,341,-80" /><INIT seed="4,0,0,1,3,1" ten="155,352,232,261" oya="0" hai0="103,115,27,57,10,52,75,108,91,119,24,81,61" hai1="107,92,59,30,0,73,35,121,117,50,89,133,19" hai2="60,58,124,21,65,93,87,44,34,38,74,12,130" hai3="120,11,127,67,118,82,123,112,126,128,97,48,80"/><T79/><D119/><U6/><E73/><V51/><F34/><W101/><G67/><T111/><D115/><U16/><E107/><V14/><F74/><W41/><G118/><T4/><D103/><U9/><E121/><N who="3" m="46666" /><G11/><T64/><D64/><U84/><E117/><V85/><F130/><W88/><G48/><T77/><D77/><U43/><E133/><V47/><F124/><N who="3" m="47659" /><G41/><T32/><D91/><U113/><E113/><V56/><F38/><W96/><G112/><T31/><REACH who="0" step="1"/><D27/><REACH who="0" ten="145,352,232,261" step="2"/><U36/><E89/><V71/><F65/><W105/><G128/><T39/><D39/><U68/><E36/><V76/><F76/><W42/><G42/><T132/><D132/><U20/><E68/><V33/><F71/><W29/><G29/><T5/><D5/><U72/><E6/><V22/><F44/><W49/><G49/><T28/><D28/><U7/><E30/><V78/><F47/><W8/><G8/><T83/><D83/><U102/><E9/><V66/><F51/><W40/><G40/><T122/><D122/><U116/><E7/><V98/><F66/><W70/><G70/><T25/><D25/><U90/><E116/><V26/><F26/><W135/><G135/><T106/><D106/><U99/><E50/><V110/><F58/><W15/><G15/><AGARI ba="0,1" hai="4,10,15,24,31,32,52,57,61,75,79,81,108,111" machi="15" ten="40,7700,0" yaku="1,1,52,1,54,1,53,0" doraHai="1" doraHaiUra="13" who="0" fromWho="3" sc="145,87,352,0,232,0,261,-77" /><INIT seed="4,1,0,2,2,64" ten="232,352,232,184" oya="0" hai0="9,5,29,93,106,98,77,31,20,75,115,74,14" hai1="126,107,55,120,129,47,104,18,13,40,50,39,88" hai2="135,43,3,118,26,38,33,94,15,0,17,21,76" hai3="28,124,48,134,68,109,72,22,82,127,86,100,131"/><T78/><D106/><U4/><E120/><V96/><F135/><W108/><G48/><T105/><D105/><U110/><E110/><V123/><F123/><W60/><G72/><T32/><D115/><U7/><E129/><V44/><F76/><W12/><G100/><T81/><D32/><U11/><E126/><N who="3" m="48170" /><G131/><T36/><D36/><U101/><E101/><V83/><F83/><W52/><G134/><T41/><D41/><U79/><E79/><V34/><F118/><W112/><G112/><T113/><D113/><U53/><E53/><V54/><F54/><W10/><G22/><T73/><D20/><U67/><E67/><V8/><F34/><W89/><G28/><T49/><D49/><U69/><E69/><V71/><F71/><W2/><G2/><T122/><D122/><U30/><E30/><V99/><F99/><W84/><G86/><T16/><D5/><U95/><E107/><V133/><F33/><W56/><G68/><T24/><D78/><U59/><E104/><V1/><F133/><W57/><G57/><T103/><D24/><U46/><E46/><V128/><F128/><W102/><G102/><T6/><D6/><AGARI ba="1,0" hai="6,10,12,52,56,60,82,84,89,108,109" m="48170" machi="6" ten="30,2000,0" yaku="18,1,54,1" doraHai="64" who="3" fromWho="0" sc="232,-23,352,0,232,0,184,23" /><INIT seed="5,0,0,0,3,75" ten="209,352,232,207" oya="1" hai0="90,7,102,40,124,68,78,98,116,107,24,118,1" hai1="35,88,89,99,53,37,125,92,17,71,122,72,109" hai2="54,50,132,114,93,29,41,106,11,100,32,28,52" hai3="111,65,61,73,113,34,104,97,130,110,81,19,85"/><U115/><E35/><V126/><F106/><W127/><G34/><T66/><D124/><U131/><E71/><V27/><F126/><W134/><G127/><T91/><D40/><U15/><E37/><V44/><F132/><W84/><G134/><T58/><D58/><U63/><E72/><V55/><F114/><W13/><G113/><T12/><D24/><U38/><E38/><V18/><F32/><W5/><G5/><T70/><D1/><U43/><E43/><V4/><F27/><W47/><G47/><T56/><D56/><N who="1" m="35215" /><E109/><V45/><F18/><W117/><G117/><T46/><D46/><U86/><E122/><V9/><F45/><W14/><G73/><T101/><D66/><U48/><E131/><V49/><F49/><W76/><G130/><T26/><D26/><U96/><E48/><V121/><F121/><W57/><G84/><T25/><D25/><U120/><E120/><V83/><F83/><W64/><G64/><T119/><D70/><U79/><E125/><V82/><F82/><W0/><G0/><T135/><D68/><U3/><E3/><V128/><F128/><W23/><REACH who="3" step="1"/><G13/><REACH who="3" ten="209,352,232,197" step="2"/><T95/><D12/><U16/><E115/><V87/><F4/><W129/><G129/><T105/><D7/><U108/><E15/><V80/><F87/><W30/><G30/><T8/><D135/><U59/><E86/><V22/><F28/><W36/><G36/><T42/><D119/><U69/><E17/><V133/><F133/><W39/><G39/><T103/><D118/><U62/><E16/><V20/><F29/><W2/><G2/><RYUUKYOKU ba="0,1" sc="209,-10,352,-10,232,-10,197,30" hai3="14,19,23,57,61,65,76,81,85,97,104,110,111" /><INIT seed="6,1,1,3,5,99" ten="199,342,222,227" oya="2" hai0="16,103,134,105,115,14,4,52,129,36,94,75,113" hai1="95,124,59,11,109,31,130,120,126,44,37,111,28" hai2="49,107,86,24,64,82,3,98,54,26,135,40,90" hai3="84,30,48,127,60,42,10,56,23,8,77,132,100"/><V50/><F3/><W121/><G121/><T73/><D105/><U9/><E95/><V29/><F135/><W112/><G132/><T118/><D134/><U122/><E59/><N who="2" m="33239" /><F107/><W80/><G112/><N who="0" m="43083" /><D36/><U114/><E114/><V104/><F104/><W12/><G100/><T45/><D4/><U108/><E44/><N who="2" m="25735" /><F64/><W53/><G127/><N who="1" m="48682" /><E37/><V88/><F29/><N who="1" m="11337" /><E130/><V74/><F74/><W125/><G125/><T47/><D129/><U85/><E85/><N who="2" m="50487" /><F98/><W38/><G38/><T0/><D0/><U128/><E128/><V119/><F119/><W69/><G69/><T2/><D2/><U81/><E81/><AGARI ba="1,1" hai="24,26,81,86,88" m="50487,25735,33239" machi="81" ten="30,2900,0" yaku="8,1,54,1" doraHai="99" who="2" fromWho="1" sc="199,0,342,-32,222,42,227,0" /><INIT seed="6,2,0,3,5,101" ten="199,310,264,227" oya="2" hai0="79,13,128,10,106,24,19,21,57,7,30,26,9" hai1="22,89,135,112,37,64,81,2,119,58,127,53,126" hai2="67,48,130,96,85,23,25,8,98,20,31,109,75" hai3="50,124,49,27,43,97,116,15,115,44,100,133,17"/><V28/><F75/><W129/><G116/><T77/><D128/><U87/><E2/><V108/><F130/><W1/><G129/><T78/><D106/><U121/><E119/><V71/><F71/><W72/><G1/><T113/><D113/><U92/><E37/><V90/><F67/><W61/><G72/><T83/><D26/><U47/><E47/><V36/><F36/><W38/><G115/><T65/><D65/><U39/><E39/><V42/><F8/><W102/><G124/><T103/><D103/><U84/><E64/><V117/><F117/><W99/><G133/><T29/><D10/><U118/><E118/><V95/><F23/><W74/><G27/><T16/><D57/><U54/><E135/><V110/><F31/><W114/><G61/><T51/><D51/><U46/><E46/><AGARI ba="2,0" hai="20,25,28,42,46,48,85,90,95,96,98,108,109,110" machi="46" ten="40,2000,0" yaku="10,1" doraHai="101" who="2" fromWho="1" sc="199,0,310,-26,264,26,227,0" /><INIT seed="6,3,0,4,3,63" ten="199,284,290,227" oya="2" hai0="58,8,129,114,72,91,59,99,21,101,131,108,87" hai1="66,74,78,61,84,110,119,124,45,47,69,70,95" hai2="126,46,30,28,65,89,15,13,51,76,82,48,57" hai3="117,12,68,130,75,83,6,27,105,22,133,103,7"/><V19/><F126/><W42/><G117/><T50/><D72/><U4/><E124/><V56/><F89/><W35/><G35/><T128/><D108/><U127/><E127/><V90/><F90/><W0/><G130/><T20/><D114/><U81/><E70/><V107/><F107/><W52/><G133/><T80/><D8/><U122/><E122/><V37/><F37/><W41/><G68/><T49/><D49/><U71/><E71/><V33/><F33/><W40/><G0/><T2/><D2/><U1/><E110/><V109/><F109/><W38/><G38/><T134/><D134/><U73/><E119/><V79/><F82/><W55/><G103/><T86/><D86/><U96/><E74/><V106/><F19/><W32/><G32/><T93/><D50/><U64/><E73/><V115/><F106/><W14/><G105/><T62/><REACH who="0" step="1"/><D58/><REACH who="0" ten="189,284,290,227" step="2"/><U135/><E135/><V125/><F115/><W97/><G75/><T121/><D121/><U5/><E1/><V39/><F39/><W9/><G97/><T53/><AGARI ba="3,1" hai="20,21,53,59,62,80,87,91,93,99,101,128,129,131" machi="53" ten="30,4000,0" yaku="1,1,0,1,19,1,53,0" doraHai="63" doraHaiUra="11" who="0" fromWho="0" sc="189,59,284,-13,290,-23,227,-13" /><INIT seed="7,0,0,5,2,70" ten="248,271,267,214" oya="3" hai0="105,126,134,23,95,55,129,40,101,59,43,58,110" hai1="45,66,62,74,91,25,18,84,114,109,111,51,79" hai2="4,116,128,56,89,98,72,16,42,125,77,39,103" hai3="132,29,115,30,57,36,65,47,82,50,106,131,46"/><W87/><G106/><T121/><D110/><U130/><E130/><V86/><F116/><W123/><G123/><T48/><D121/><U3/><E3/><V44/><F4/><W22/><G131/><T64/><D105/><U96/><E96/><V75/><F128/><W94/><G132/><T81/><D134/><U61/><E114/><V38/><F77/><N who="3" m="46543" /><G36/><T2/><D2/><U120/><E120/><V14/><F56/><W78/><G115/><T34/><D34/><U67/><E79/><V15/><F15/><W100/><G78/><T68/><D68/><U37/><E37/><V73/><F125/><W1/><G1/><T60/><D126/><U19/><E74/><V9/><F39/><W127/><G127/><T53/><D64/><U85/><E25/><V13/><F13/><W24/><G29/><T117/><D117/><U80/><E84/><V28/><F28/><W122/><G122/><T107/><D107/><U52/><E111/><V92/><F72/><W26/><G26/><T8/><D81/><AGARI ba="0,0" hai="9,14,16,38,42,44,73,75,81,86,89,92,98,103" machi="81" ten="30,3900,0" yaku="7,1,52,1,54,1" doraHai="70" who="2" fromWho="0" sc="248,-39,271,0,267,39,214,0" owari="209,-29.0,271,7.0,306,41.0,214,-19.0" /></mjloggm>