<mjloggm ver="2.3"><GO type="169" lobby="0"/><UN n0="%EF%BC%88%E2%89%A7%E2%96%BD%E2%89%A6%EF%BC%89" n1="%E3%81%98%E3%82%83%E3%82%80%E2%99%AD" n2="%53%50%49%43%41%40%58" n3="%56%65%6E%75%73%53%61%79" dan="17,16,17,18" rate="2185.20,2045.11,2166.68,2155.60" sx="M,M,M,M"/><TAIKYOKU oya="0"/><INIT seed="0,0,0,4,0,37" ten="250,250,250,250" oya="0" hai0="126,21,23,69,1,38,113,73,120,8,48,19,51" hai1="2,110,93,61,81,53,58,116,130,47,100,57,96" hai2="24,4,128,78,7,9,103,106,77,36,40,18,67" hai3="118,22,12,46,27,102,97,43,133,87,41,79,83"/><T125/><D120/><U104/><E116/><V92/><F106/><W71/><G118/><T10/><D113/><U85/><E2/><V119/><F128/><W94/><G71/><T14/><D73/><U122/><E130/><V99/><F67/><W0/><G0/><T127/><D69/><U64/><E110/><V89/><F103/><W30/><G133/><T28/><D38/><U55/><E122/><V56/><F56/><W70/><G70/><T131/><D131/><U121/><E121/><V34/><F7/><W76/><G76/><T117/><D117/><U49/><E104/><V62/><F62/><W26/><G46/><T65/><D65/><U91/><REACH who="1" step="1"/><E58/><REACH who="1" ten="250,240,250,250" step="2"/><V112/><F119/><W29/><REACH who="3" step="1"/><G12/><REACH who="3" ten="250,240,250,240" step="2"/><T68/><D68/><U75/><E75/><V52/><F112/><W114/><G114/><T44/><D1/><U39/><E39/><V86/><F36/><W105/><G105/><T17/><D14/><U82/><E82/><V63/><F24/><W33/><AGARI ba="0,2" hai="22,26,27,29,30,33,41,43,79,83,87,94,97,102" machi="33" ten="20,12000,2" yaku="1,1,0,1,7,1,52,2,53,2" doraHai="37" doraHaiUra="25" who="3" fromWho="3" sc="250,-60,240,-30,250,-30,240,140" /><INIT seed="1,0,0,5,0,12" ten="190,210,220,380" oya="1" hai0="111,48,131,126,120,51,107,64,106,81,75,68,37" hai1="85,70,127,73,35,9,20,23,41,31,130,21,105" hai2="78,89,121,10,135,25,2,49,132,36,82,62,50" hai3="11,128,134,58,53,93,16,65,99,18,103,92,80"/><U19/><E73/><V117/><F121/><W66/><G134/><N who="2" m="51241" /><F117/><W90/><G80/><T14/><D37/><U60/><E105/><V86/><F36/><W22/><G128/><T67/><D120/><U5/><E41/><V38/><F38/><W8/><G8/><T15/><D131/><U115/><E130/><V54/><F25/><W27/><G11/><T63/><D81/><U42/><E42/><V112/><F112/><W110/><G110/><T71/><D63/><U29/><E115/><V96/><F62/><N who="3" m="36175" /><G18/><T87/><D87/><AGARI ba="0,0" hai="16,22,27,65,66,87,90,92,93,99,103" m="36175" machi="87" ten="30,3900,0" yaku="8,1,52,1,54,1" doraHai="12" who="3" fromWho="0" sc="190,-39,210,0,220,0,380,39" /><INIT seed="2,0,0,5,3,26" ten="151,210,220,419" oya="2" hai0="7,36,104,89,45,82,97,88,18,83,135,49,60" hai1="76,125,95,119,107,15,103,64,93,54,91,46,85" hai2="47,33,101,116,41,48,78,53,66,109,20,52,106" hai3="63,102,128,120,132,50,24,127,69,115,1,16,29"/><V111/><F116/><W80/><G120/><T112/><D36/><U118/><E125/><V130/><F33/><W126/><G1/><T56/><D112/><U3/><E3/><V121/><F121/><W129/><G115/><T98/><D7/><U110/><E110/><N who="2" m="41995" /><F130/><N who="3" m="50283" /><G102/><T75/><D135/><U73/><E64/><V100/><F66/><N who="3" m="41183" /><G132/><T37/><D37/><U57/><E107/><V51/><F78/><W12/><G50/><T81/><D75/><U8/><E73/><V30/><F106/><W67/><G80/><T13/><D104/><U77/><E46/><N who="2" m="27671" /><F41/><W17/><G67/><N who="0" m="39303" /><D49/><N who="1" m="30927" /><E118/><V39/><F39/><W4/><G4/><T117/><D117/><U23/><E119/><V87/><F87/><W43/><G43/><T27/><D45/><U62/><E77/><V21/><F21/><N who="3" m="11399" /><G17/><T90/><D18/><U133/><E133/><V123/><F123/><W2/><G2/><T122/><D122/><U74/><E74/><V105/><F105/><W9/><G9/><T14/><D97/><U6/><E76/><V5/><F5/><W124/><G127/><T99/><D98/><U72/><E72/><V108/><F108/><W32/><AGARI ba="0,0" hai="24,29,32,124,126" m="11399,41183,50283" machi="32" ten="30,4000,0" yaku="19,1,52,1,54,1" doraHai="26" who="3" fromWho="3" sc="151,-10,210,-10,220,-20,419,40" /><INIT seed="3,0,0,2,1,117" ten="141,200,200,459" oya="3" hai0="4,37,100,54,60,115,96,50,81,34,94,20,91" hai1="75,10,67,24,72,61,133,44,103,105,124,52,101" hai2="36,46,71,106,0,76,77,12,84,70,113,26,104" hai3="41,48,83,30,9,92,18,93,120,23,29,51,82"/><W112/><G112/><T125/><D37/><U129/><E129/><V59/><F0/><W132/><G132/><T27/><D125/><U8/><E124/><V97/><F26/><W11/><G120/><T134/><D134/><U19/><E133/><V121/><F59/><W38/><G38/><T56/><D34/><U7/><E105/><V90/><F12/><W21/><REACH who="3" step="1"/><G41/><REACH who="3" ten="141,200,200,449" step="2"/><T131/><D115/><U108/><E72/><V31/><F121/><W14/><G14/><T66/><D131/><U63/><E75/><V79/><F113/><W40/><G40/><T57/><D4/><U73/><E73/><V55/><F36/><W116/><G116/><T13/><D13/><U68/><E7/><V42/><F42/><W127/><G127/><T109/><D109/><U128/><E108/><V53/><F71/><W49/><G49/><T39/><D39/><U69/><E68/><V17/><F70/><W119/><G119/><T64/><D81/><U58/><E128/><V2/><F2/><W107/><G107/><T111/><D111/><U16/><E69/><V118/><F104/><W47/><G47/><T32/><D32/><U3/><E3/><V65/><F46/><W28/><G28/><N who="0" m="17511" /><D91/><U85/><E24/><V114/><F90/><W6/><G6/><T87/><D87/><U86/><E85/><V80/><F84/><W88/><G88/><T15/><D15/><U110/><E86/><V123/><F118/><W74/><G74/><T25/><D25/><U89/><E89/><V99/><F114/><W1/><G1/><T126/><D126/><U5/><E110/><RYUUKYOKU ba="0,1" sc="141,15,200,-15,200,-15,449,15" hai0="50,54,56,57,60,64,66,94,96,100" hai3="9,11,18,21,23,29,30,48,51,82,83,92,93" /><INIT seed="3,1,1,1,0,15" ten="156,185,185,464" oya="3" hai0="109,103,35,67,85,76,127,42,47,40,122,53,132" hai1="72,86,36,82,37,87,110,49,19,93,66,38,91" hai2="54,56,5,32,44,27,123,46,6,75,20,133,4" hai3="84,78,18,112,26,55,57,1,71,0,41,128,98"/><W101/><G112/><T81/><D35/><U11/><E72/><V39/><F75/><W83/><G71/><T102/><D122/><U63/><E110/><V129/><F32/><W95/><G41/><T70/><D109/><U45/><E11/><V34/><F34/><W130/><G26/><T116/><D116/><U131/><E131/><N who="3" m="50218" /><G18/><T114/><D114/><U124/><E19/><N who="2" m="12703" /><F39/><W100/><G101/><N who="0" m="38411" /><D132/><U117/><E124/><V106/><F106/><W120/><G120/><T125/><D67/><U21/><E21/><V92/><F129/><W77/><G77/><T134/><D70/><U59/><E117/><V9/><F133/><W29/><G29/><T33/><D33/><U90/><REACH who="1" step="1"/><E36/><REACH who="1" ten="156,175,185,464" step="2"/><V94/><F9/><W74/><G74/><T23/><D134/><U80/><E80/><V25/><F123/><W113/><G113/><T96/><D127/><U121/><E121/><V115/><F115/><W22/><G22/><T30/><D125/><U60/><E60/><AGARI ba="1,2" hai="0,1,55,57,60,78,83,84,95,98,100" m="50218" machi="60" ten="30,1500,0" yaku="19,1" doraHai="15" who="3" fromWho="1" sc="156,0,175,-18,185,0,464,38" /><INIT seed="3,2,0,4,2,73" ten="156,157,185,502" oya="3" hai0="126,72,10,51,46,80,75,129,56,41,85,103,34" hai1="69,52,118,81,28,77,87,133,42,76,44,123,84" hai2="130,62,38,89,59,63,131,4,134,96,124,92,60" hai3="135,14,128,58,70,24,25,101,35,5,114,122,39"/><W125/><G70/><T108/><D34/><U110/><E123/><V13/><F38/><W50/><G122/><T120/><D120/><U64/><E110/><V2/><F2/><W33/><G39/><T57/><D129/><N who="2" m="49162" /><F124/><W43/><G128/><T48/><D126/><U61/><E133/><V22/><F134/><W88/><G114/><T18/><D103/><U53/><E28/><V15/><F4/><W37/><G101/><T16/><D108/><U27/><E27/><N who="3" m="10314" /><G37/><T7/><D72/><U31/><E31/><V78/><F22/><W49/><G125/><T0/><D75/><U97/><E118/><V55/><F78/><W105/><G105/><T98/><D98/><U40/><E97/><V119/><F119/><W68/><G135/><T115/><D115/><U93/><E93/><V106/><F106/><W8/><G68/><T9/><D9/><U47/><E40/><V99/><F99/><W23/><G23/><T71/><D71/><U104/><E104/><V127/><F127/><W67/><G43/><T36/><D36/><U111/><E42/><V26/><F26/><W17/><G5/><T100/><D100/><U54/><E111/><V45/><F45/><W112/><G112/><T20/><D20/><U107/><E107/><V11/><F11/><W83/><G35/><T1/><D1/><U94/><E94/><V3/><F3/><W113/><G113/><T29/><D29/><U19/><E19/><N who="0" m="7209" /><D51/><AGARI ba="2,0" hai="13,15,51,55,59,60,62,63,89,92,96" m="49162" machi="51" ten="30,1000,0" yaku="19,1" doraHai="73" who="2" fromWho="0" sc="156,-16,157,0,185,16,502,0" /><INIT seed="4,0,0,3,0,92" ten="140,157,201,502" oya="0" hai0="103,41,111,21,107,85,8,83,100,126,77,68,65" hai1="64,5,36,29,73,84,37,26,46,17,135,123,133" hai2="121,39,2,62,79,35,110,19,86,116,9,10,28" hai3="75,102,44,23,33,81,105,3,66,71,101,91,132"/><T0/><D126/><U98/><E73/><V87/><F39/><W125/><G33/><T43/><D111/><U131/><E123/><V78/><F35/><W119/><G119/><T134/><D134/><N who="1" m="51211" /><E64/><V57/><F28/><W15/><G3/><T118/><D118/><U93/><E5/><V50/><F2/><W115/><G105/><T80/><D0/><U34/><E84/><V113/><F110/><W11/><G75/><T108/><D108/><U82/><E82/><V16/><F50/><W14/><G66/><T114/><D80/><U24/><E46/><V88/><F113/><W25/><G71/><T104/><D114/><U61/><E61/><V12/><F121/><W1/><G1/><T106/><D65/><U45/><E45/><V27/><F87/><W56/><G81/><T72/><D68/><U40/><E40/><V13/><F27/><W55/><G125/><T89/><D43/><U63/><E63/><V130/><F130/><W128/><G128/><T109/><D41/><U48/><E48/><V122/><F116/><W90/><G44/><T97/><D109/><U7/><E7/><V52/><F122/><W30/><G115/><T99/><D8/><U129/><E129/><V18/><F18/><W47/><G11/><T69/><D69/><U32/><E131/><V70/><F70/><W59/><G132/><T49/><D49/><U127/><E127/><V54/><F54/><W117/><G117/><T6/><D6/><U51/><E51/><V76/><F86/><W120/><G47/><T74/><D21/><N who="1" m="13359" /><E34/><V67/><F67/><W53/><G120/><RYUUKYOKU ba="0,0" sc="140,-15,157,15,201,15,502,-15" hai1="26,29,32,36,37,93,98" hai2="9,10,12,13,16,19,52,57,62,76,78,79,88" /><INIT seed="5,1,0,5,0,24" ten="125,172,216,487" oya="1" hai0="5,106,69,27,88,100,104,58,71,42,121,105,77" hai1="36,34,76,9,51,83,96,119,91,35,49,114,17" hai2="63,56,52,38,46,115,90,135,29,61,40,65,98" hai3="32,73,129,22,11,54,19,87,4,72,85,6,60"/><U79/><E36/><V47/><F135/><W16/><G32/><T127/><D100/><U30/><E119/><V116/><F116/><W64/><G64/><T13/><D77/><U80/><E35/><V0/><F0/><W94/><G73/><T74/><D74/><U103/><E114/><V75/><F75/><W112/><G72/><T62/><D42/><U66/><E66/><V1/><F1/><W15/><G112/><T92/><D127/><U39/><E39/><V118/><F118/><W95/><G129/><T124/><D124/><U48/><E34/><V70/><F115/><W10/><G60/><T78/><D78/><N who="1" m="29739" /><E30/><V53/><F29/><W82/><G54/><T20/><D121/><U57/><E57/><N who="2" m="34983" /><F90/><N who="3" m="51511" /><G11/><T122/><D122/><U117/><E103/><V21/><F98/><W59/><G59/><T128/><D128/><U133/><E133/><V37/><F21/><W120/><G120/><T14/><D58/><U23/><E9/><V86/><F86/><W50/><G50/><T8/><D62/><U97/><E96/><V12/><F12/><N who="3" m="9479" /><G87/><T110/><D14/><N who="1" m="9655" /><E117/><V113/><F113/><W131/><G131/><T55/><D55/><U111/><E111/><V31/><F31/><W101/><G101/><T2/><D110/><U68/><E68/><V26/><F26/><W126/><G126/><T43/><D2/><U130/><E130/><V107/><F107/><W7/><AGARI ba="1,0" hai="4,6,7,10,15,19,94,95" m="9479,51511" machi="7" ten="30,2000,0" yaku="8,1,54,1" doraHai="24" who="3" fromWho="3" sc="125,-6,172,-11,216,-6,487,23" /><INIT seed="6,0,0,2,0,126" ten="119,161,210,510" oya="2" hai0="4,52,30,90,2,53,34,73,25,39,69,68,77" hai1="60,113,49,89,132,19,65,124,27,12,58,5,61" hai2="10,45,122,48,114,87,23,31,123,83,128,135,106" hai3="44,134,56,9,16,118,115,33,7,75,63,103,62"/><V79/><F106/><W92/><G33/><T86/><D39/><U105/><E124/><V104/><F104/><W129/><G75/><T88/><D73/><U130/><E105/><V94/><F114/><W38/><G118/><T81/><D2/><U35/><E113/><V21/><F135/><W100/><G115/><T111/><D111/><U102/><E102/><V127/><F127/><W99/><G134/><T80/><D4/><U70/><E132/><V20/><F31/><W40/><G129/><T91/><REACH who="0" step="1"/><D81/><REACH who="0" ten="109,161,210,510" step="2"/><U120/><E5/><V78/><F83/><W0/><G103/><T18/><D18/><U28/><E19/><V109/><F109/><W117/><G117/><T108/><D108/><U125/><E125/><V13/><F128/><W93/><G93/><T64/><D64/><U47/><E130/><V71/><F94/><W24/><REACH who="3" step="1"/><G56/><REACH who="3" ten="109,161,210,500" step="2"/><T95/><D95/><U36/><E58/><V101/><F122/><W43/><G43/><T72/><D72/><U116/><E120/><V54/><F123/><W74/><G74/><T98/><D98/><U8/><E116/><V97/><F97/><W67/><G67/><T119/><D119/><U131/><E65/><V41/><F41/><W50/><G50/><T46/><D46/><U112/><E131/><V6/><F48/><W57/><G57/><T55/><AGARI ba="0,2" hai="25,30,34,52,53,55,68,69,77,80,86,88,90,91" machi="55" ten="30,7900,0" yaku="1,1,0,1,54,2,53,0" doraHai="126" doraHaiUra="17" who="0" fromWho="0" sc="109,99,161,-20,210,-39,500,-20" /><INIT seed="7,0,0,3,4,119" ten="208,141,171,480" oya="3" hai0="123,103,2,8,59,36,77,95,131,27,135,110,76" hai1="116,101,31,71,16,10,107,112,127,62,86,87,113" hai2="52,81,38,108,61,72,121,58,91,4,102,69,26" hai3="111,132,94,6,83,24,64,37,0,5,124,14,41"/><W45/><G64/><T92/><D36/><U63/><E116/><V40/><F108/><W105/><G105/><T93/><D103/><U66/><E127/><V13/><F102/><W44/><G111/><T68/><D68/><U54/><E31/><V75/><F69/><W1/><G14/><T15/><D27/><U19/><E107/><V25/><F121/><W126/><G132/><T55/><D123/><U21/><E101/><V129/><F129/><W133/><G133/><T53/><D2/><N who="3" m="1129" /><G94/><T42/><D42/><U56/><E10/><V106/><F61/><W33/><G45/><T125/><D125/><N who="3" m="48233" /><G83/><T17/><D15/><N who="1" m="9375" /><E19/><V74/><F91/><W118/><G118/><T35/><D17/><U60/><E63/><V84/><F84/><W7/><G7/><T100/><D131/><U30/><E30/><AGARI ba="0,0" hai="5,6,24,30,33,37,41,44" m="48233,1129" machi="30" ten="30,1500,0" yaku="18,1" doraHai="119" who="3" fromWho="1" sc="208,0,141,-15,171,0,480,15" owari="208,1.0,126,-37.0,171,-23.0,495,59.0" /></mjloggm>