<mjloggm ver="2.3"><GO type="41"/><UN n0="%EF%BC%88%E2%89%A7%E2%96%BD%E2%89%A6%EF%BC%89" n1="%E5%8D%83%E8%91%89%E3%81%AE%E5%A4%A7%E9%AD%94%E7%A5%9E" n2="%67%69%6E%67%61" n3="%E9%AB%98%E5%86%86%E5%AF%BA%E5%A4%A7%E7%8E%8B" dan="15,13,15,15" rate="2031,1838,1927,2039" sx="M,M,M,M"/><TAIKYOKU oya="0"/><INIT seed="0,0,0,3,4,90" ten="250,250,250,250" oya="0" hai0="99,65,88,19,6,10,28,108,24,123,14,13,30" hai1="70,96,117,67,52,106,43,91,87,81,37,72,113" hai2="40,41,122,36,124,46,95,62,57,77,26,45,44" hai3="79,135,17,129,120,76,92,110,93,18,107,64,125"/><T131/><D123/><U8/><E117/><V59/><F122/><W4/><G120/><T134/><D131/><U111/><E111/><V2/><F2/><W12/><G110/><T103/><D134/><U116/><E116/><V21/><F124/><W51/><G107/><T47/><D108/><U16/><E37/><V5/><F5/><W130/><G125/><T60/><D47/><U7/><E70/><V25/><F77/><N who="3" m="29771" /><G64/><T126/><D126/><U39/><E39/><V104/><F104/><W42/><G135/><T105/><D88/><N who="1" m="51311" /><E72/><V85/><F36/><W75/><G75/><T89/><D89/><U68/><E68/><V119/><F119/><W56/><G17/><T102/><D102/><U63/><E106/><V133/><F133/><W29/><G29/><T66/><D24/><N who="2" m="9322" /><F21/><N who="3" m="11463" /><G4/><T58/><REACH who="0" step="1"/><D66/><REACH who="0" ten="240,250,250,250" step="2"/><U97/><E67/><V27/><F27/><W53/><G42/><T115/><D115/><U74/><E43/><V128/><F41/><W15/><G130/><T100/><D100/><U127/><E113/><V20/><F40/><W61/><G129/><T94/><D94/><N who="3" m="36457" /><G15/><T11/><AGARI ba="0,1" hai="6,10,11,13,14,19,28,30,58,60,65,99,103,105" machi="11" ten="20,3900,0" yaku="1,1,0,1,7,1,53,0" doraHai="90" doraHaiUra="132" who="0" fromWho="0" sc="240,49,250,-13,250,-13,250,-13" /><INIT seed="0,1,0,0,2,73" ten="289,237,237,237" oya="0" hai0="28,5,111,50,118,49,89,16,29,88,1,43,134" hai1="96,130,94,7,8,103,92,10,107,71,91,126,72" hai2="56,41,4,31,55,68,108,99,33,47,110,82,135" hai3="35,112,79,57,132,11,67,18,77,133,83,102,54"/><T14/><D118/><U113/><E71/><V66/><F135/><N who="3" m="51787" /><G35/><T63/><D134/><U39/><E39/><N who="2" m="21951" /><F4/><W127/><G83/><T21/><D111/><N who="2" m="42538" /><F99/><W117/><G117/><T15/><D1/><U124/><E10/><V37/><F82/><W105/><G112/><T109/><D109/><U25/><E113/><V0/><F0/><W59/><G127/><T52/><D63/><U80/><E25/><V19/><F19/><W64/><G57/><N who="0" m="32919" /><D43/><U121/><E8/><V128/><F31/><N who="0" m="11850" /><D49/><U9/><E130/><V101/><F33/><W51/><G105/><T98/><D98/><N who="1" m="61943" /><E9/><AGARI ba="1,0" hai="5,9,14,15,16,21,88,89" m="11850,32919" machi="9" ten="30,11600,0" yaku="8,1,54,3" doraHai="73" who="0" fromWho="1" sc="289,119,237,-119,237,0,237,0" /><INIT seed="0,2,0,0,5,59" ten="408,118,237,237" oya="0" hai0="44,2,52,82,132,76,134,88,37,5,79,62,115" hai1="9,102,70,43,33,130,50,25,35,110,63,126,121" hai2="117,133,20,106,99,94,91,116,8,39,73,60,95" hai3="87,14,105,57,81,89,12,128,4,71,31,108,118"/><T48/><D115/><U53/><E121/><V13/><F39/><W54/><G71/><T97/><D37/><U93/><E110/><V22/><F73/><W84/><G108/><T96/><D2/><U55/><E130/><V69/><F106/><W66/><G105/><T119/><D119/><N who="2" m="45642" /><F133/><N who="0" m="51306" /><D5/><U101/><E126/><V100/><F69/><W65/><G128/><T112/><D112/><U104/><E9/><V77/><F77/><N who="0" m="29770" /><D62/><U7/><E7/><N who="2" m="3231" /><F60/><N who="3" m="35895" /><G118/><T64/><D64/><N who="3" m="24681" /><G4/><T28/><D28/><U6/><E70/><V83/><F83/><N who="3" m="49311" /><G31/><T11/><D11/><U29/><E6/><V120/><F120/><W124/><G124/><T135/><N who="0" m="51314" /><T74/><DORA hai="0" /><D74/><U21/><E104/><V27/><F27/><W49/><G49/><T23/><D23/><U17/><E43/><V36/><F36/><W111/><G111/><T131/><D131/><U75/><E75/><V10/><F10/><W46/><G46/><T122/><D122/><U32/><E55/><V61/><F61/><W34/><G34/><T80/><D80/><U68/><E68/><V90/><F100/><W107/><G107/><T26/><D26/><U41/><E41/><V125/><F125/><W15/><G14/><T38/><D38/><U1/><E1/><V24/><F24/><W67/><G67/><T16/><D44/><N who="1" m="27847" /><E63/><V47/><F47/><W51/><G51/><T30/><D48/><U56/><E56/><V85/><AGARI ba="2,0" hai="20,22,85,90,91,94,95,99" m="3231,45642" machi="85" ten="30,2000,0" yaku="12,1,52,1" doraHai="59,0" who="2" fromWho="2" sc="408,-12,118,-7,237,26,237,-7" /><INIT seed="1,0,0,4,4,91" ten="396,111,263,230" oya="1" hai0="74,19,35,127,86,103,83,38,119,70,28,84,40" hai1="123,134,49,61,16,15,117,116,5,100,1,124,8" hai2="125,11,47,18,34,55,27,110,7,93,2,42,98" hai3="120,0,32,114,12,63,122,69,33,67,76,109,121"/><U54/><E123/><V29/><F110/><W58/><G0/><T36/><D119/><U78/><E134/><V112/><F112/><W131/><G76/><T17/><D70/><U31/><E124/><V133/><F133/><W118/><G131/><T73/><D127/><U115/><E115/><V72/><F72/><W105/><G105/><T57/><D103/><U96/><E78/><V41/><F125/><W95/><G114/><T66/><D35/><U102/><E61/><V107/><F107/><W21/><G109/><T97/><D28/><U46/><E100/><V25/><F25/><W3/><G3/><T99/><D40/><U85/><E31/><V106/><F106/><W92/><G118/><T88/><D66/><U65/><E65/><V56/><F18/><W45/><G45/><T43/><D43/><U90/><E5/><V135/><F47/><W30/><G69/><T71/><D71/><U104/><E1/><V13/><F2/><W80/><G80/><AGARI ba="0,0" hai="8,15,16,46,49,54,80,85,90,96,102,104,116,117" machi="80" ten="30,11600,0" yaku="7,1,25,2,54,1" doraHai="91" who="1" fromWho="3" sc="396,0,111,116,263,0,230,-116" /><INIT seed="1,1,0,4,2,67" ten="396,227,263,114" oya="1" hai0="89,3,97,102,55,120,81,110,57,44,37,23,16" hai1="83,94,73,114,47,84,41,80,99,35,34,70,132" hai2="22,59,117,28,108,116,7,4,82,39,24,36,8" hai3="88,1,14,31,71,109,119,129,30,58,126,107,42"/><U46/><E114/><V19/><F82/><W51/><G1/><T56/><D3/><U127/><E73/><V91/><F91/><W87/><G109/><T60/><D110/><U104/><E104/><V103/><F103/><W85/><G107/><T27/><D120/><U5/><E46/><V64/><F108/><W68/><G119/><T15/><D37/><U130/><E130/><V69/><F4/><W77/><G129/><T105/><D44/><U33/><E132/><V66/><F28/><W21/><G77/><T9/><D57/><U43/><E127/><V128/><F128/><W98/><G98/><T61/><D81/><U76/><E83/><V17/><F17/><N who="3" m="10423" /><G85/><T92/><D105/><U75/><E75/><V20/><F39/><W124/><G42/><T6/><REACH who="0" step="1"/><D102/><REACH who="0" ten="386,227,263,114" step="2"/><U122/><E122/><V131/><F36/><W93/><G126/><T54/><D54/><U49/><E43/><V123/><F131/><W13/><G124/><T112/><D112/><U121/><E121/><V111/><F123/><W118/><G118/><T0/><D0/><U12/><E94/><V65/><F111/><W29/><G13/><T11/><D11/><U18/><E41/><V26/><F8/><W96/><G96/><T115/><D115/><U62/><E99/><V2/><F2/><W135/><G135/><T25/><D25/><U10/><E47/><V86/><F26/><W78/><G78/><T113/><D113/><U125/><E125/><V72/><F24/><W100/><G100/><T106/><D106/><U79/><E79/><V90/><F117/><W45/><G45/><RYUUKYOKU ba="1,1" sc="386,15,227,-15,263,-15,114,15" hai0="6,9,15,16,23,27,55,56,60,61,89,92,97" hai3="29,30,31,51,58,68,71,87,88,93" /><INIT seed="2,2,1,4,1,100" ten="401,212,248,129" oya="2" hai0="51,57,18,12,130,37,10,109,106,120,89,82,5" hai1="23,46,90,54,26,3,128,1,114,63,99,76,124" hai2="134,48,68,94,103,104,19,85,96,45,60,35,125" hai3="123,4,21,117,49,47,28,129,111,31,115,64,2"/><V14/><F35/><W53/><G117/><T62/><D37/><U33/><E114/><V56/><F68/><W7/><G123/><T92/><D120/><U97/><E33/><V75/><F75/><W83/><G115/><T44/><D130/><U41/><E128/><V8/><F125/><W133/><G129/><T17/><D109/><U135/><E124/><V69/><F69/><W24/><G111/><T66/><D82/><U127/><E127/><V71/><F71/><W107/><G133/><T40/><REACH who="0" step="1"/><D106/><REACH who="0" ten="391,212,248,129" step="2"/><U38/><E135/><V79/><F134/><W30/><G107/><T95/><D95/><U9/><E76/><V52/><F104/><W132/><G83/><T32/><D32/><U77/><E77/><V15/><F79/><W55/><G132/><T34/><D34/><U86/><E38/><V65/><F85/><AGARI ba="2,2" hai="5,10,12,17,18,40,44,51,57,62,66,85,89,92" machi="85" ten="30,7700,0" yaku="1,1,7,1,8,1,53,1" doraHai="100" doraHaiUra="43" who="0" fromWho="2" sc="391,103,212,0,248,-83,129,0" /><INIT seed="3,0,0,0,2,118" ten="494,212,165,129" oya="3" hai0="38,0,34,59,56,52,92,135,14,95,122,78,49" hai1="67,27,77,47,53,116,134,11,75,33,17,60,119" hai2="72,21,46,98,39,113,90,74,108,25,93,23,65" hai3="85,62,30,123,88,31,131,42,44,45,102,5,41"/><W129/><G5/><T9/><D38/><U130/><E75/><V91/><F113/><W109/><G102/><T48/><D34/><U97/><E77/><V29/><F108/><W10/><G10/><T133/><D0/><U84/><E130/><N who="3" m="49674" /><G62/><N who="0" m="36103" /><D78/><U36/><E134/><N who="0" m="51209" /><D122/><U70/><E84/><V106/><F106/><W80/><G109/><T13/><D13/><U15/><E97/><V107/><F107/><W86/><G123/><T40/><D59/><U115/><E115/><V128/><F128/><W99/><G99/><T3/><D3/><U7/><E36/><V66/><F39/><N who="3" m="21567" /><G85/><T83/><D83/><U26/><E33/><V81/><F74/><W22/><G22/><T8/><D8/><U37/><E119/><V18/><F72/><W50/><AGARI ba="0,0" hai="30,31,42,45,50,80,86,88" m="21567,49674" machi="50" ten="30,3000,0" yaku="19,1,54,1" doraHai="118" who="3" fromWho="3" sc="494,-10,212,-10,165,-10,129,30" /><INIT seed="3,1,0,3,3,5" ten="484,202,155,159" oya="3" hai0="29,92,117,132,109,45,100,95,98,20,13,26,6" hai1="49,23,105,14,107,86,50,58,30,46,97,56,87" hai2="53,96,111,19,66,36,83,15,102,130,68,113,61" hai3="79,62,64,39,65,40,73,10,108,17,31,48,33"/><W2/><G65/><T72/><D117/><U1/><E1/><V123/><F113/><W94/><G48/><T133/><D72/><U129/><E97/><V70/><F111/><W115/><G115/><T22/><D109/><U44/><E30/><V114/><F114/><W89/><G108/><T91/><D45/><U57/><E23/><V103/><F130/><W90/><G94/><T128/><D128/><U4/><E14/><V27/><F27/><W118/><G118/><T24/><D13/><U74/><E74/><V63/><F36/><W131/><G131/><T43/><D6/><U47/><E4/><V54/><F83/><N who="3" m="45551" /><G17/><T69/><D43/><U11/><E11/><V99/><F19/><W112/><G112/><T25/><D69/><U60/><E60/><V76/><F15/><W85/><G85/><N who="0" m="52335" /><D29/><U71/><E71/><V126/><F66/><W119/><G119/><T75/><D75/><U104/><REACH who="1" step="1"/><E129/><REACH who="1" ten="484,192,155,159" step="2"/><V8/><F8/><W55/><G62/><T7/><D7/><U78/><E78/><V38/><F76/><W135/><G31/><T0/><D0/><U106/><N who="1" m="26624" /><DORA hai="3" /><U37/><E37/><V52/><F38/><W16/><G2/><T18/><D20/><U134/><E134/><N who="0" m="51817" /><D22/><U82/><E82/><V77/><F77/><W93/><G135/><T127/><D18/><U51/><AGARI ba="1,1" hai="44,46,47,49,50,51,56,57,58,86,87" m="26624" machi="51" ten="70,32000,5" yakuman="40" doraHai="5,3" doraHaiUra="9,81" who="1" fromWho="1" sc="484,-81,192,333,155,-81,159,-161" owari="403,20.0,525,63.0,74,-33.0,-2,-50.0" /></mjloggm>