<mjloggm ver="2.3"><GO type="41"/><UN n0="%E4%B9%82%E3%83%AC%E3%83%B3%E4%B9%82" n1="%52%79%6F%39%38%37%34" n2="%EF%BC%88%E2%89%A7%E2%96%BD%E2%89%A6%EF%BC%89" n3="%E5%A4%AA%E9%99%BD%E5%80%B6%E6%A5%BD%E9%83%A8" dan="13,15,15,14" rate="1833,2002,2023,1869" sx="M,M,M,M"/><TAIKYOKU oya="0"/><INIT seed="0,0,0,3,2,83" ten="250,250,250,250" oya="0" hai0="33,0,106,122,79,80,52,97,89,74,75,53,87" hai1="14,96,16,84,95,48,45,134,88,78,129,55,15" hai2="66,107,114,10,113,35,120,127,124,59,121,6,34" hai3="92,64,104,91,102,100,3,50,126,47,20,40,133"/><T109/><D122/><N who="2" m="47210" /><F107/><W119/><G3/><T7/><D0/><U85/><E134/><V98/><F98/><W32/><G119/><T62/><D7/><U130/><E78/><V8/><F59/><W108/><G133/><T25/><D109/><U65/><E65/><V26/><F66/><W27/><G32/><N who="2" m="12329" /><F26/><W67/><G108/><T28/><D74/><U111/><E111/><V57/><F57/><W117/><G117/><T46/><D46/><U37/><E37/><V76/><F76/><W77/><G77/><T38/><D38/><U61/><E61/><V135/><F135/><W17/><G104/><T93/><REACH who="0" step="1"/><D62/><REACH who="0" ten="240,250,250,250" step="2"/><U13/><E130/><V73/><F73/><W56/><G67/><T54/><D54/><U110/><E129/><V123/><F123/><W86/><G126/><N who="2" m="48169" /><F8/><W31/><G31/><T9/><D9/><N who="1" m="6191" /><E110/><V105/><F105/><W58/><G58/><T118/><D118/><U99/><E99/><V81/><F81/><W43/><G43/><T5/><D5/><U125/><E125/><V94/><F94/><W70/><G70/><T29/><D29/><U21/><E21/><V131/><F131/><W12/><G64/><T128/><D128/><U44/><E44/><V19/><F19/><N who="3" m="12703" /><G56/><T4/><D4/><U1/><E1/><AGARI ba="0,1" hai="1,6,10,113,114" m="48169,12329,47210" machi="1" ten="40,8000,1" yaku="18,1,23,1,34,2" doraHai="83" who="2" fromWho="1" sc="240,0,250,-80,250,90,250,0" /><INIT seed="1,0,0,3,3,79" ten="240,170,340,250" oya="1" hai0="92,125,97,134,91,103,23,16,88,35,31,47,15" hai1="9,27,71,122,86,128,108,118,17,25,37,42,105" hai2="106,123,0,18,6,94,124,109,99,48,45,119,135" hai3="116,110,43,40,20,22,67,83,132,89,12,60,117"/><U58/><E71/><V24/><F123/><W53/><G132/><T131/><D134/><U80/><E122/><V26/><F119/><N who="3" m="45643" /><G110/><T57/><D125/><U127/><E118/><V69/><F135/><W75/><G53/><T113/><D131/><U2/><E127/><V115/><F124/><W33/><G33/><T5/><D5/><U54/><E105/><V14/><F69/><N who="3" m="42215" /><G12/><T85/><D113/><U104/><E104/><V129/><F115/><W133/><G133/><T98/><D57/><U19/><E128/><V11/><F106/><W61/><G61/><T63/><D63/><U59/><E108/><V32/><F32/><W93/><G93/><T95/><D47/><U87/><E37/><V77/><F77/><N who="3" m="44479" /><G89/><T8/><D35/><U73/><E42/><AGARI ba="0,0" hai="20,22,40,42,43" m="44479,42215,45643" machi="42" ten="30,2000,0" yaku="12,1,52,1" doraHai="79" who="3" fromWho="1" sc="240,0,170,-20,340,0,250,20" /><INIT seed="2,0,0,1,2,125" ten="240,150,340,270" oya="2" hai0="17,4,134,118,72,120,80,12,83,5,21,97,123" hai1="3,52,117,95,27,127,94,67,57,30,20,14,2" hai2="38,76,96,34,126,11,78,32,49,130,59,42,0" hai3="29,109,61,19,116,9,133,65,48,15,101,129,6"/><V58/><F126/><W10/><G116/><T135/><D97/><U63/><E63/><V85/><F38/><W86/><G109/><T115/><D115/><U22/><E127/><V66/><F0/><W68/><G133/><N who="0" m="50699" /><D72/><U51/><E117/><V47/><F11/><W60/><G29/><T92/><D92/><U93/><E3/><V119/><F119/><W39/><G39/><T1/><D118/><U64/><E2/><V44/><F96/><W71/><G101/><T77/><D77/><U69/><E69/><V36/><F85/><W112/><G86/><T121/><D83/><U28/><REACH who="1" step="1"/><E14/><REACH who="1" ten="240,140,340,270" step="2"/><V62/><F62/><W50/><G112/><T18/><D80/><U113/><E113/><V45/><F66/><W131/><G61/><T90/><D90/><U26/><AGARI ba="0,1" hai="20,22,26,27,28,30,51,52,57,64,67,93,94,95" machi="26" ten="30,8000,1" yaku="1,1,0,1,9,1,8,1,54,1,53,0" doraHai="125" doraHaiUra="99" who="1" fromWho="1" sc="240,-20,140,90,340,-40,270,-20" /><INIT seed="3,0,0,3,0,31" ten="220,230,300,250" oya="3" hai0="61,56,135,71,87,108,130,122,119,88,6,121,14" hai1="107,78,125,53,75,24,67,132,4,126,112,70,0" hai2="55,105,129,38,81,15,20,49,124,36,104,91,2" hai3="92,127,63,94,46,62,131,47,102,69,44,113,21"/><W23/><G113/><T32/><D119/><U50/><E112/><V54/><F129/><W123/><G131/><T72/><D72/><U35/><E107/><V12/><F2/><W101/><G123/><T98/><D130/><U51/><E51/><V74/><F124/><N who="1" m="47721" /><E132/><V27/><F74/><W133/><G127/><T76/><D135/><U89/><E89/><V79/><F79/><W66/><G133/><T83/><D108/><U41/><E41/><V30/><F104/><W82/><G82/><T22/><D71/><U19/><E67/><V109/><F105/><W111/><G111/><T114/><D32/><U85/><E70/><V8/><F109/><W68/><REACH who="3" step="1"/><G44/><REACH who="3" ten="220,230,300,240" step="2"/><T39/><D114/><U58/><E75/><V103/><F81/><W115/><G115/><T34/><D34/><U5/><E0/><V16/><F38/><W118/><G118/><T48/><D39/><U7/><E5/><V97/><F36/><W84/><G84/><T59/><D121/><U25/><E85/><V29/><F97/><W116/><G116/><T110/><D110/><U90/><E7/><V95/><F95/><W42/><G42/><T96/><D122/><U45/><E4/><V100/><F100/><W3/><G3/><T134/><D134/><U1/><E1/><V18/><F103/><W13/><G13/><T26/><D26/><U120/><E25/><V40/><F27/><W64/><AGARI ba="0,1" hai="21,23,46,47,62,63,64,66,68,69,92,94,101,102" machi="64" ten="25,18000,2" yaku="1,1,0,1,22,2,53,2" doraHai="31" doraHaiUra="99" who="3" fromWho="3" sc="220,-60,230,-60,300,-60,240,190" /><INIT seed="3,1,0,5,4,115" ten="160,170,240,430" oya="3" hai0="62,71,124,68,133,98,128,111,83,53,119,91,69" hai1="123,11,121,20,41,49,64,88,82,93,21,7,110" hai2="35,95,99,61,77,85,109,112,122,26,67,52,29" hai3="89,23,47,42,126,104,86,32,10,131,97,76,31"/><W74/><G131/><T102/><D111/><U103/><E110/><V59/><F109/><W118/><G118/><T78/><D124/><U90/><E103/><V36/><F36/><W33/><G126/><T45/><D128/><U108/><E108/><V19/><F112/><W25/><G104/><T57/><D133/><U2/><E123/><V100/><F122/><W58/><G97/><T4/><D45/><U106/><E121/><V14/><F77/><W50/><G10/><T51/><D91/><U12/><E106/><V116/><F116/><W9/><G9/><T22/><D4/><U117/><E64/><V30/><F85/><W65/><G76/><T18/><D62/><U46/><E117/><V92/><F30/><W73/><G73/><T6/><D6/><U28/><E2/><V34/><F34/><W107/><G74/><T75/><D119/><U27/><E82/><V87/><F67/><W43/><G43/><T96/><REACH who="0" step="1"/><D102/><REACH who="0" ten="150,170,240,430" step="2"/><U0/><E0/><V127/><F127/><W56/><G47/><T101/><D101/><U17/><REACH who="1" step="1"/><E93/><REACH who="1" ten="150,160,240,430" step="2"/><V1/><F1/><W129/><G129/><T125/><D125/><U134/><E134/><V44/><F95/><W48/><G107/><T63/><D63/><U60/><E60/><V15/><F92/><W113/><G65/><T5/><D5/><U72/><E72/><V38/><F100/><W81/><G113/><T39/><D39/><U16/><E16/><V84/><F19/><W79/><G89/><T120/><D120/><U13/><AGARI ba="1,2" hai="7,11,12,13,17,20,21,27,28,41,46,49,88,90" machi="13" ten="20,12000,2" yaku="1,1,0,1,7,1,8,1,54,1,53,1" doraHai="115" doraHaiUra="3" who="1" fromWho="1" sc="150,-31,160,143,240,-31,430,-61" /><INIT seed="4,0,0,2,3,3" ten="119,303,209,369" oya="0" hai0="83,5,0,123,120,70,13,127,17,22,84,73,99" hai1="103,77,28,29,115,7,59,19,20,60,133,8,89" hai2="86,53,98,68,125,21,116,117,108,80,1,2,64" hai3="97,4,110,87,14,57,33,67,36,90,94,50,55"/><T130/><D130/><U58/><E77/><V62/><F108/><W56/><G110/><T52/><D70/><U109/><E109/><V26/><F53/><W40/><G36/><T45/><D73/><U76/><E76/><N who="2" m="46343" /><F98/><W10/><G33/><T39/><D39/><U126/><E103/><V105/><F105/><W95/><G40/><T65/><D65/><U129/><E129/><V93/><F93/><W27/><G27/><T43/><D127/><U61/><E126/><V91/><F91/><N who="3" m="55519" /><G67/><T72/><D99/><U25/><E133/><V114/><F114/><W112/><G112/><T38/><D72/><U134/><E115/><V92/><F92/><W34/><G34/><T118/><D118/><N who="2" m="45674" /><F125/><W30/><G30/><AGARI ba="0,0" hai="1,2,21,26,30,62,64,68" m="45674,46343" machi="30" ten="30,1000,0" yaku="12,1" doraHai="3" who="2" fromWho="3" sc="119,0,303,0,209,10,369,-10" /><INIT seed="5,0,0,4,2,133" ten="119,303,219,359" oya="1" hai0="18,75,85,23,1,127,32,112,84,21,134,53,90" hai1="71,3,116,78,123,31,2,95,14,124,91,105,27" hai2="4,7,34,28,55,125,100,17,24,76,13,62,69" hai3="103,64,47,8,109,111,132,130,120,101,6,131,37"/><U70/><E116/><V106/><F76/><W79/><G120/><T67/><D32/><U83/><E105/><V73/><F73/><W22/><G79/><T41/><D75/><U82/><E123/><V15/><F15/><W51/><G37/><T49/><D41/><U30/><E14/><V81/><F81/><W122/><G122/><T108/><D112/><U48/><E48/><V29/><F29/><W110/><G64/><T99/><D108/><U117/><E117/><V57/><F69/><W33/><G33/><T129/><D134/><U0/><E31/><V126/><F100/><W54/><G22/><T86/><D1/><U38/><E38/><V61/><F61/><W43/><G43/><T87/><D129/><N who="3" m="49161" /><G132/><T94/><D67/><U88/><E124/><N who="2" m="47723" /><F106/><W104/><G104/><T44/><D23/><AGARI ba="0,0" hai="4,7,13,17,23,24,28,34,55,57,62" m="47723" machi="23" ten="30,7700,0" yaku="18,1,52,3" doraHai="133" who="2" fromWho="0" sc="119,-77,303,0,219,77,359,0" /><INIT seed="6,0,0,3,1,62" ten="42,303,296,359" oya="2" hai0="60,111,56,77,129,81,128,120,48,84,43,6,1" hai1="35,8,19,25,27,20,15,102,68,132,73,40,0" hai2="29,39,118,86,54,3,51,69,41,21,66,93,30" hai3="23,125,34,122,80,91,74,26,13,85,130,126,67"/><V2/><F118/><W100/><G122/><T47/><D120/><U63/><E73/><V82/><F39/><W65/><G100/><T31/><D111/><U7/><E40/><V22/><F41/><W135/><G135/><T24/><D6/><U88/><E102/><V114/><F114/><W18/><G74/><T64/><REACH who="0" step="1"/><D1/><REACH who="0" ten="32,303,296,359" step="2"/><U55/><E132/><V12/><F2/><W107/><G130/><T79/><D79/><U76/><E76/><V38/><F3/><W94/><G107/><T78/><D78/><U61/><E0/><V90/><F38/><W49/><G34/><AGARI ba="0,1" hai="24,31,34,43,47,48,56,60,64,77,81,84,128,129" machi="34" ten="40,5200,0" yaku="1,1,52,1,53,1" doraHai="62" doraHaiUra="57" who="0" fromWho="3" sc="32,62,303,0,296,0,359,-52" /><INIT seed="7,0,0,4,2,74" ten="94,303,296,307" oya="3" hai0="57,101,19,23,2,54,84,17,105,98,41,93,110" hai1="24,123,32,43,50,53,91,27,86,132,88,22,44" hai2="100,35,40,13,18,92,109,87,58,79,103,42,10" hai3="124,7,55,129,16,121,60,83,76,9,3,33,62"/><W113/><G121/><T52/><D2/><U61/><E123/><V108/><F35/><W5/><G33/><T120/><D110/><U0/><E0/><V135/><F135/><W131/><G7/><T39/><D120/><U69/><E132/><V85/><F108/><W72/><G124/><T67/><D39/><U59/><E32/><V134/><F134/><W15/><G113/><T128/><D128/><N who="3" m="49225" /><G55/><T114/><D114/><U8/><E8/><AGARI ba="0,0" hai="3,5,8,9,15,16,60,62,72,76,83" m="49225" machi="8" ten="30,5800,0" yaku="19,1,52,1,54,1" doraHai="74" who="3" fromWho="1" sc="94,0,303,-58,296,0,307,58" owari="94,-41.0,245,-15.0,296,10.0,365,46.0" /></mjloggm>