<mjloggm ver="2.3"><GO type="169"/><UN n0="%E3%81%84%E3%81%97%E3%81%97%E3%82%93%49%44%E7%B4%9B%E5%A4%B1" n1="%6D%61%63%6A%72" n2="%E6%AF%94%E5%98%89%E7%A7%80%E4%BB%81" n3="%EF%BC%88%E2%89%A7%E2%96%BD%E2%89%A6%EF%BC%89" dan="16,16,16,18" rate="2100,2117,2079,2230" sx="M,F,M,M"/><TAIKYOKU oya="0"/><INIT seed="0,0,0,2,5,22" ten="250,250,250,250" oya="0" hai0="7,13,65,121,43,75,116,27,49,86,10,37,44" hai1="38,106,119,21,89,12,33,76,8,51,85,115,103" hai2="52,9,24,18,50,56,113,122,67,135,42,124,73" hai3="64,69,20,19,68,30,70,34,31,132,54,84,11"/><T108/><D75/><U114/><E38/><V29/><F122/><W45/><G132/><T72/><D72/><U118/><E33/><V60/><F73/><W100/><G34/><T63/><D121/><U46/><E76/><V41/><F135/><W131/><G131/><T36/><D116/><U134/><E134/><V92/><F113/><N who="1" m="43017" /><E103/><V16/><F124/><W97/><G64/><T101/><D108/><U93/><E21/><N who="2" m="15503" /><F92/><W126/><G11/><T78/><D101/><U96/><E96/><V61/><F9/><W17/><G84/><T81/><REACH who="0" step="1"/><D27/><REACH who="0" ten="240,250,250,250" step="2"/><U14/><E118/><V109/><F109/><W123/><G100/><T59/><AGARI ba="0,1" hai="7,10,13,36,37,43,44,49,59,63,65,78,81,86" machi="59" ten="20,24000,3" yaku="1,1,2,1,0,1,7,1,25,2,53,2" doraHai="22" doraHaiUra="71" who="0" fromWho="0" sc="240,250,250,-80,250,-80,250,-80" /><INIT seed="0,1,0,5,0,111" ten="490,170,170,170" oya="0" hai0="19,78,40,73,113,36,115,38,23,12,17,99,120" hai1="123,1,68,84,49,104,101,90,122,21,107,51,27" hai2="76,9,3,18,0,50,48,32,71,92,58,45,55" hai3="39,124,114,43,47,4,44,79,133,8,26,135,131"/><T103/><D120/><U93/><E68/><V66/><F32/><W15/><G131/><T20/><D78/><U125/><E1/><V80/><F71/><W5/><G124/><T33/><D73/><U13/><E125/><V83/><F92/><W110/><G110/><T56/><D33/><U105/><E101/><V10/><F80/><W52/><G79/><T69/><D69/><U72/><E13/><V88/><F10/><W94/><G94/><T77/><D77/><U14/><E14/><N who="2" m="7503" /><F76/><W130/><G130/><T117/><D117/><U85/><E72/><V70/><F70/><W65/><G65/><T126/><D126/><U82/><E122/><V108/><F108/><W112/><G26/><T75/><D75/><U59/><E123/><V2/><F2/><W34/><G4/><T95/><D56/><U87/><E59/><V61/><F50/><N who="3" m="28767" /><G34/><T109/><D109/><U116/><E116/><V64/><F64/><W127/><G127/><T119/><D119/><U54/><E82/><V129/><F129/><W118/><G118/><T11/><D11/><U134/><E104/><V24/><F24/><W91/><G91/><T132/><D103/><U62/><E105/><V29/><F29/><W60/><G60/><T86/><D95/><U46/><E107/><V42/><F42/><W121/><G121/><T22/><D40/><N who="1" m="24775" /><E62/><V81/><F81/><W25/><G25/><T97/><D38/><U106/><E106/><V6/><F6/><W102/><G102/><T35/><D36/><U100/><E100/><V74/><F74/><W28/><G28/><T7/><D35/><RYUUKYOKU ba="1,0" sc="490,-15,170,-15,170,15,170,15" hai2="0,3,45,48,55,58,61,66,83,88" hai3="5,8,15,39,43,44,112,114,133,135" /><INIT seed="1,2,0,4,3,0" ten="475,155,185,185" oya="1" hai0="28,76,55,128,88,118,6,2,57,102,119,72,46" hai1="97,3,125,40,35,41,94,60,92,56,74,23,29" hai2="133,68,83,13,70,93,59,48,11,50,18,19,49" hai3="71,117,32,64,47,16,109,75,73,96,123,107,69"/><U1/><E74/><V91/><F133/><W22/><G123/><T26/><D102/><U114/><E35/><V52/><F83/><W126/><G32/><T39/><D128/><U104/><E104/><V82/><F82/><W103/><G126/><T100/><D100/><N who="1" m="60455" /><E94/><V5/><F70/><W43/><G117/><T127/><D127/><U62/><E62/><N who="2" m="36199" /><F68/><W124/><G124/><T61/><D88/><U111/><E125/><V42/><F42/><W134/><G134/><T58/><D76/><U99/><E99/><AGARI ba="2,0" hai="5,11,13,18,19,48,49,50,91,93,99" m="36199" machi="99" ten="30,3900,0" yaku="8,1,52,1,54,1" doraHai="0" who="2" fromWho="1" sc="475,0,155,-45,185,45,185,0" /><INIT seed="2,0,0,2,0,68" ten="475,110,230,185" oya="2" hai0="121,4,96,20,8,47,108,81,3,93,66,17,115" hai1="99,72,79,109,73,10,2,111,59,86,78,44,123" hai2="67,46,23,77,33,30,120,116,124,114,126,61,65" hai3="13,49,71,69,106,82,7,14,87,125,70,135,97"/><V84/><F114/><W107/><G125/><T6/><D121/><U102/><E59/><V85/><F116/><W130/><G130/><T112/><D4/><U74/><E44/><V31/><F120/><W15/><G7/><T58/><D108/><N who="1" m="41547" /><E123/><V43/><F33/><W53/><G135/><T18/><D81/><N who="1" m="47423" /><E10/><V32/><F32/><W76/><REACH who="3" step="1"/><G97/><REACH who="3" ten="475,110,230,175" step="2"/><T1/><D96/><U29/><E2/><V105/><F126/><W38/><G38/><T63/><D3/><U62/><E29/><V50/><F124/><W100/><G100/><T52/><D112/><U88/><E62/><V60/><F31/><W5/><G5/><T56/><D115/><U26/><E26/><V16/><F30/><W75/><G75/><T27/><D27/><U64/><E64/><V42/><F61/><W9/><G9/><T22/><D63/><U24/><E24/><V104/><F65/><W80/><G80/><T57/><D66/><U90/><E78/><V35/><F77/><W55/><G55/><T127/><D127/><U28/><E28/><V118/><F60/><W110/><G110/><T12/><D1/><U103/><E103/><V133/><F67/><W34/><G34/><T122/><D122/><U11/><E11/><V41/><F35/><W134/><G134/><T25/><D6/><U92/><AGARI ba="0,1" hai="72,73,74,88,90,92,99,102" m="47423,41547" machi="92" ten="40,8000,1" yaku="14,1,34,2,54,1" doraHai="68" who="1" fromWho="1" sc="475,-20,110,90,230,-40,175,-20" /><INIT seed="3,0,0,4,2,3" ten="455,200,190,155" oya="3" hai0="92,63,95,87,39,81,11,46,125,102,14,20,0" hai1="106,56,5,86,54,43,107,22,32,117,105,70,103" hai2="93,90,121,64,55,72,58,124,79,51,128,104,109" hai3="15,91,27,67,68,108,122,21,100,48,129,114,24"/><W111/><G122/><T59/><D125/><U40/><E32/><V30/><F124/><W49/><G100/><T42/><D0/><U83/><E70/><V74/><F109/><N who="3" m="42059" /><G114/><T96/><D20/><U115/><E115/><V23/><F104/><W9/><G129/><T12/><D95/><U57/><E103/><V66/><F128/><W69/><G91/><T36/><D36/><U133/><E133/><V34/><F121/><W50/><G67/><T76/><D11/><U110/><E117/><V80/><F72/><W116/><G116/><T33/><D33/><U47/><E110/><V112/><F112/><W131/><G131/><T8/><D8/><U82/><E22/><V84/><F34/><W61/><G61/><T99/><D99/><U77/><E105/><V38/><F38/><W52/><G52/><AGARI ba="0,0" hai="12,14,39,42,46,52,59,63,76,81,87,92,96,102" machi="52" ten="30,2000,0" yaku="7,1,54,1" doraHai="3" who="0" fromWho="3" sc="455,20,200,0,190,0,155,-20" /><INIT seed="4,0,0,2,2,74" ten="475,200,190,135" oya="0" hai0="58,112,8,101,104,67,120,62,85,36,110,43,69" hai1="133,115,128,34,107,41,12,0,35,56,109,106,55" hai2="71,122,72,88,20,64,86,30,95,61,73,134,121" hai3="114,7,63,126,60,5,6,100,16,40,4,108,47"/><T13/><D120/><U3/><E109/><V32/><F32/><W26/><G108/><T127/><D110/><U42/><E12/><V103/><F134/><W77/><G114/><T80/><D112/><U45/><E56/><V75/><REACH who="2" step="1"/><F103/><REACH who="2" ten="475,200,180,135" step="2"/><W90/><G100/><T105/><D101/><U46/><E133/><V111/><F111/><W76/><G126/><T31/><D127/><U113/><E128/><V59/><F59/><W89/><N who="3" m="1024" /><DORA hai="52" /><W99/><G99/><T38/><D69/><U19/><E35/><V116/><F116/><W91/><G63/><T28/><D58/><U27/><E34/><V25/><AGARI ba="0,1" hai="20,25,30,61,64,71,72,73,75,86,88,95,121,122" machi="25" ten="40,5200,0" yaku="1,1,0,1,54,1,53,0" doraHai="74,52" doraHaiUra="39,96" who="2" fromWho="2" sc="475,-26,200,-13,180,62,135,-13" /><INIT seed="5,0,0,1,4,84" ten="449,187,242,122" oya="1" hai0="53,108,121,37,116,107,82,58,75,33,39,27,87" hai1="91,35,55,36,59,78,129,112,72,12,5,85,21" hai2="133,111,76,73,28,18,2,98,128,68,124,15,97" hai3="95,69,100,74,67,29,118,122,101,0,1,83,71"/><U43/><E35/><V117/><F111/><W114/><G122/><T19/><D75/><U64/><E112/><V131/><F117/><W61/><G118/><T11/><D107/><U119/><E119/><V56/><F68/><W17/><G114/><T22/><D116/><U40/><E129/><V9/><F133/><W81/><G71/><T25/><D108/><U93/><E64/><V26/><F124/><W41/><G29/><T57/><D121/><U109/><E109/><V60/><F2/><W80/><G74/><T113/><D113/><U30/><E36/><V126/><F76/><W65/><G65/><T42/><D11/><N who="1" m="4207" /><E78/><V92/><F73/><W24/><G41/><T132/><D132/><U51/><E72/><V130/><F126/><W6/><G6/><T90/><D42/><U20/><E20/><N who="2" m="15431" /><F92/><W77/><G77/><T110/><D110/><U10/><E10/><V105/><F105/><W45/><G95/><T86/><D39/><U88/><E91/><V106/><F106/><W103/><REACH who="3" step="1"/><G45/><REACH who="3" ten="449,187,242,112" step="2"/><T123/><D123/><U14/><E30/><V8/><F131/><W115/><G115/><T46/><D33/><U34/><E34/><V23/><F130/><W94/><G94/><T96/><D82/><U79/><E79/><V99/><F128/><W47/><G47/><T54/><D46/><U50/><E50/><V4/><F4/><W13/><G13/><T52/><D37/><U104/><E104/><V44/><F44/><W32/><G32/><T49/><D49/><U38/><E38/><V70/><F70/><W125/><G125/><T127/><D127/><RYUUKYOKU ba="0,1" sc="449,-30,187,10,242,10,112,10" hai1="14,21,40,43,51,55,59,85,88,93" hai2="8,9,15,18,23,56,60,97,98,99" hai3="0,1,17,24,61,67,69,80,81,83,100,101,103" /><INIT seed="5,1,1,5,4,40" ten="419,197,252,122" oya="1" hai0="54,61,55,117,93,114,68,59,133,65,29,86,50" hai1="49,96,82,35,84,95,101,103,63,20,98,5,22" hai2="26,112,94,23,45,3,76,10,7,79,72,135,130" hai3="12,104,28,30,90,113,8,118,57,119,116,128,78"/><U97/><E35/><V62/><F135/><W38/><G113/><T131/><D117/><U134/><E134/><V124/><F112/><W34/><G128/><T73/><D73/><U99/><E5/><V41/><F130/><W33/><G104/><T120/><D131/><U132/><E132/><V52/><F72/><W21/><G78/><T17/><D133/><U109/><E109/><V60/><F124/><W58/><G90/><T1/><D1/><U80/><E101/><V88/><F62/><W14/><G38/><T44/><D114/><U105/><E105/><V100/><F100/><W6/><G57/><T107/><D107/><U129/><E129/><V48/><F60/><W83/><G83/><T70/><D29/><N who="3" m="11369" /><G58/><T75/><D75/><U89/><E63/><V85/><REACH who="2" step="1"/><F41/><REACH who="2" ten="419,197,242,122" step="2"/><W111/><G111/><T43/><D61/><U122/><E103/><V53/><F53/><W69/><G69/><T123/><D55/><U126/><E126/><V19/><AGARI ba="1,2" hai="3,7,10,19,23,26,45,48,52,76,79,85,88,94" machi="19" ten="20,16000,3" yaku="1,1,0,1,7,1,52,1,54,2,53,2" doraHai="40" doraHaiUra="74" who="2" fromWho="2" sc="419,-41,197,-81,242,183,122,-41" /><INIT seed="6,0,0,4,0,74" ten="378,116,425,81" oya="2" hai0="99,49,116,61,1,134,82,45,119,13,10,35,17" hai1="70,85,7,133,86,54,48,12,41,40,110,95,20" hai2="26,24,2,9,3,18,33,57,81,55,67,126,46" hai3="121,72,123,131,94,106,31,27,92,32,113,36,100"/><V15/><F126/><W122/><G131/><T112/><D35/><U75/><E75/><V21/><F67/><W109/><G109/><T8/><D112/><U62/><E110/><V104/><F104/><W65/><G113/><T29/><D29/><U76/><E70/><V105/><F105/><W0/><G0/><T125/><D125/><U90/><E62/><V132/><F132/><W43/><G72/><T115/><D115/><U88/><E76/><V124/><F124/><W69/><G43/><T51/><D134/><U87/><E133/><V63/><F46/><W127/><G36/><T91/><D61/><U53/><E53/><V128/><F128/><W22/><G22/><T5/><D51/><U28/><E7/><V66/><F66/><W47/><G47/><T84/><REACH who="0" step="1"/><D99/><REACH who="0" ten="368,116,425,81" step="2"/><U78/><E28/><V107/><F33/><W80/><G127/><T79/><D79/><U4/><E78/><V60/><F60/><N who="3" m="40103" /><G80/><T111/><D111/><U52/><E48/><V14/><F81/><W68/><G68/><T114/><D114/><U56/><E41/><V11/><F63/><W64/><G64/><T93/><D93/><U77/><E95/><V39/><F39/><W135/><G135/><T25/><D25/><U42/><E42/><V6/><F107/><W118/><G118/><T101/><D101/><U44/><E40/><V120/><F55/><W59/><G59/><T96/><D96/><AGARI ba="0,1" hai="27,31,32,92,94,96,100,106,121,122,123" m="40103" machi="96" ten="30,1000,0" yaku="25,1" doraHai="74" who="3" fromWho="0" sc="368,-10,116,0,425,0,81,20" /><INIT seed="7,0,0,3,0,126" ten="358,116,425,101" oya="3" hai0="99,35,130,104,38,124,79,31,125,64,1,25,0" hai1="135,82,116,28,39,21,80,9,14,61,2,91,46" hai2="20,114,95,100,89,101,117,43,113,111,107,86,23" hai3="94,63,77,6,71,129,97,30,4,13,59,11,22"/><W44/><G71/><T67/><D79/><U55/><E2/><V52/><F111/><W65/><G129/><T47/><D67/><U54/><E39/><V78/><F43/><W109/><G109/><T5/><D64/><U45/><E135/><V98/><F117/><W81/><G44/><N who="1" m="17002" /><E116/><V88/><F101/><N who="3" m="60599" /><G81/><N who="1" m="31338" /><E61/><V34/><F34/><W48/><G77/><T58/><D58/><U121/><E91/><V49/><F78/><W69/><G69/><T108/><D108/><U15/><E121/><V112/><F89/><W50/><G4/><T56/><D56/><AGARI ba="0,0" hai="20,23,49,52,56,86,88,95,98,100,107,112,113,114" machi="56" ten="40,5200,0" yaku="15,1,54,2" doraHai="126" who="2" fromWho="0" sc="358,-52,116,0,425,52,101,0" owari="306,11.0,116,-28.0,477,57.0,101,-40.0" /></mjloggm>