<mjloggm ver="2.3"><GO type="41"/><UN n0="%E3%81%93%E3%81%93%E3%81%9F%E3%81%BE" n1="%74%61%63%68%69%6F%63%68" n2="%E3%82%A6%E3%83%AB%E3%83%88%E3%83%A9%E7%AB%8B%E7%9B%B4" n3="%E3%83%AA%E3%83%90%E3%83%BC%E3%82%B9%E3%83%8E%E3%83%BC" dan="13,16,15,13" rate="1843,2066,2023,1821" sx="M,F,M,M"/><TAIKYOKU oya="0"/><INIT seed="0,0,0,3,0,38" ten="250,250,250,250" oya="0" hai0="16,22,90,69,94,93,35,6,46,121,9,82,104" hai1="55,100,52,45,130,111,59,126,33,79,43,68,71" hai2="120,49,12,112,13,10,81,44,24,31,32,75,37" hai3="4,84,78,23,88,40,72,1,15,129,131,135,60"/><T25/><D104/><U133/><E33/><V89/><F37/><W109/><G109/><T19/><D69/><U14/><E126/><V127/><F112/><W86/><G135/><T17/><D121/><U83/><E130/><N who="3" m="49674" /><G1/><T85/><D35/><U67/><E133/><V39/><F39/><W114/><G114/><T63/><D63/><U115/><E115/><V18/><F127/><W2/><G2/><T118/><D118/><U97/><E111/><V108/><F108/><W80/><G60/><T116/><D116/><U103/><E67/><V7/><F120/><W42/><G72/><T96/><D46/><U58/><E14/><V125/><F125/><W29/><G29/><T56/><D56/><U5/><E5/><V91/><F75/><W61/><G61/><T122/><D122/><U134/><E134/><V87/><F13/><W11/><G23/><T51/><D51/><N who="1" m="27071" /><E71/><V101/><F101/><N who="1" m="38985" /><E97/><V113/><F113/><W64/><G64/><T70/><D70/><U27/><E27/><V106/><F106/><W50/><G50/><T48/><D48/><N who="1" m="30983" /><E68/><V76/><REACH who="2" step="1"/><F18/><REACH who="2" ten="250,250,240,250" step="2"/><W95/><AGARI ba="0,1" hai="4,11,15,40,42,78,80,84,86,88,95" m="49674" machi="95" ten="30,7900,0" yaku="19,1,52,2,54,1" doraHai="38" who="3" fromWho="3" sc="250,-39,250,-20,240,-20,250,89" /><INIT seed="1,0,0,3,0,48" ten="211,230,220,339" oya="1" hai0="23,22,51,73,88,124,24,75,68,63,50,11,87" hai1="55,116,112,15,121,97,1,65,37,20,42,62,58" hai2="86,34,92,2,105,93,30,41,91,47,101,132,119" hai3="9,4,16,10,18,99,110,96,5,33,57,54,102"/><U27/><E1/><V114/><F2/><W14/><G110/><T90/><D11/><U125/><E112/><V84/><F30/><W118/><G33/><T126/><D68/><U45/><E116/><V12/><F34/><W61/><G118/><T131/><D63/><U29/><E121/><V107/><F119/><W115/><G115/><T120/><D87/><U128/><E128/><V6/><F114/><W127/><G127/><T89/><D24/><U56/><E125/><N who="0" m="48233" /><D131/><U123/><E123/><V32/><F32/><W21/><G21/><N who="0" m="7691" /><D120/><U100/><E15/><V70/><F70/><W35/><G35/><T135/><D135/><U111/><E111/><V71/><F71/><W129/><G129/><T3/><D3/><U26/><E26/><V109/><F109/><W78/><G78/><T40/><D40/><U76/><E76/><V25/><F25/><W77/><G77/><T85/><D85/><U19/><E19/><N who="3" m="7210" /><G102/><T39/><D39/><U53/><E58/><V133/><F12/><AGARI ba="0,0" hai="4,5,9,10,12,14,54,57,61,96,99" m="7210" machi="12" ten="30,3900,0" yaku="8,1,52,1,54,1" doraHai="48" who="3" fromWho="2" sc="211,0,230,0,220,-39,339,39" /><INIT seed="2,0,0,0,2,116" ten="211,230,181,378" oya="2" hai0="72,128,25,1,117,90,41,100,84,22,4,62,119" hai1="99,69,3,47,104,133,61,120,68,53,11,97,10" hai2="71,85,132,89,70,125,17,31,7,114,77,9,108" hai3="44,123,73,57,115,98,79,24,112,88,135,109,129"/><V14/><F114/><N who="3" m="43563" /><G123/><T13/><D1/><U122/><E133/><V121/><F77/><W37/><G135/><T0/><D0/><U106/><E3/><V48/><F132/><W101/><G109/><T127/><D72/><U92/><E47/><V45/><F108/><W5/><G129/><T12/><D100/><U29/><E29/><V131/><F131/><W2/><G2/><T67/><D41/><U20/><E20/><V28/><F121/><N who="1" m="46697" /><E99/><V60/><F125/><W35/><G5/><T27/><D128/><U96/><E96/><V63/><F31/><W107/><G57/><N who="0" m="37327" /><D127/><U87/><E87/><V54/><F28/><W30/><G79/><T26/><D4/><U56/><E11/><V65/><F7/><W75/><G37/><T76/><D76/><U74/><E10/><V102/><F102/><W82/><G44/><T126/><D126/><U33/><E33/><V19/><F19/><W59/><G59/><T64/><D22/><U43/><E43/><V124/><F124/><W8/><G8/><T95/><D64/><U110/><E110/><V113/><F113/><W103/><G103/><T52/><D52/><U78/><E78/><V130/><F130/><W34/><G34/><T23/><D23/><U58/><E58/><V111/><F111/><W18/><G18/><T16/><D119/><U80/><E80/><N who="2" m="49319" /><F65/><W81/><G82/><T86/><D117/><U118/><E118/><V49/><F71/><N who="1" m="27209" /><E74/><V50/><F70/><W6/><G6/><T32/><D32/><U66/><E66/><V38/><F38/><W39/><G39/><T51/><D86/><AGARI ba="0,0" hai="24,30,35,73,75,81,86,88,98,101,107" m="43563" machi="86" ten="30,3900,0" yaku="6,1,11,1,54,1" doraHai="116" who="3" fromWho="0" sc="211,-39,230,0,181,0,378,39" /><INIT seed="3,0,0,5,3,81" ten="172,230,181,417" oya="3" hai0="82,13,71,94,62,91,15,46,67,87,73,127,29" hai1="33,17,39,83,77,76,99,52,26,84,89,55,61" hai2="85,3,106,80,86,21,117,57,118,119,11,113,24" hai3="49,9,100,131,133,23,128,47,97,59,7,60,123"/><W121/><G133/><T111/><D29/><U50/><E39/><V41/><F106/><W66/><G23/><T88/><D46/><N who="1" m="27735" /><E33/><V54/><F113/><W108/><G108/><T48/><D111/><U78/><E99/><V36/><F80/><W34/><G34/><T10/><D127/><U65/><E65/><V16/><F41/><W22/><G22/><T79/><D48/><U19/><E26/><V37/><F37/><W64/><G64/><T18/><D91/><U122/><E122/><V134/><F36/><W4/><G4/><T70/><REACH who="0" step="1"/><D15/><REACH who="0" ten="162,230,181,417" step="2"/><U125/><E125/><V58/><F134/><W132/><G132/><T72/><D72/><U102/><E102/><V95/><F118/><W112/><G49/><T1/><D1/><U104/><E104/><V105/><F105/><W42/><G47/><T69/><AGARI ba="0,1" hai="10,13,18,62,67,69,70,71,73,79,82,87,88,94" machi="69" ten="20,8000,1" yaku="1,1,0,1,7,1,52,1,54,1,53,0" doraHai="81" doraHaiUra="38" who="0" fromWho="0" sc="162,90,230,-20,181,-20,417,-40" /><INIT seed="4,0,0,1,5,54" ten="252,210,161,377" oya="0" hai0="49,25,134,41,70,57,37,132,51,56,111,61,18" hai1="86,94,73,35,50,32,9,103,95,4,117,76,62" hai2="102,16,99,125,127,75,96,60,36,29,91,122,112" hai3="121,10,129,130,92,47,100,15,34,40,115,28,108"/><T45/><D25/><U33/><E117/><V23/><F36/><W106/><G108/><T20/><D20/><U67/><E73/><V1/><F1/><W118/><G118/><T27/><D27/><U123/><E123/><V31/><F75/><W93/><G115/><T90/><D111/><U66/><E103/><V22/><F22/><W42/><G28/><T2/><D2/><U89/><E76/><V78/><F78/><W120/><G34/><T98/><D18/><U19/><E19/><V83/><F112/><W8/><G106/><T133/><D90/><U65/><E50/><N who="0" m="18953" /><D98/><U43/><E43/><N who="3" m="16426" /><G47/><T71/><D57/><U84/><E84/><V58/><F99/><W128/><G100/><T131/><D131/><U21/><E21/><V11/><F31/><W119/><G119/><T72/><D72/><U64/><E95/><N who="3" m="36426" /><G15/><T7/><D7/><U105/><E105/><V79/><F29/><W116/><G116/><T53/><AGARI ba="0,0" hai="37,41,45,53,56,61,70,71,132,133,134" m="18953" machi="53" ten="40,12000,1" yaku="20,1,34,2,52,1" doraHai="54" who="0" fromWho="0" sc="252,120,210,-40,161,-40,377,-40" /><INIT seed="4,1,0,5,5,8" ten="372,170,121,337" oya="0" hai0="123,76,50,67,38,24,112,94,117,30,121,44,33" hai1="130,135,9,128,101,134,64,86,2,0,129,99,27" hai2="34,4,81,84,52,71,62,87,132,110,133,51,20" hai3="25,120,61,90,54,83,118,23,63,39,105,95,96"/><T46/><D67/><U17/><E64/><V70/><F34/><W1/><G118/><T126/><D76/><U40/><E40/><V69/><F110/><W10/><G39/><T119/><D94/><U116/><E86/><V37/><F37/><W3/><G120/><T65/><D65/><U28/><E116/><V74/><F62/><W31/><G105/><T58/><D58/><U66/><E66/><V48/><F48/><W79/><G1/><N who="1" m="618" /><E99/><V82/><F4/><W109/><G109/><T56/><D56/><U92/><E92/><V47/><F74/><W53/><G3/><T98/><D98/><U16/><E101/><V97/><F97/><W22/><G10/><T111/><D111/><U72/><E72/><V68/><N who="2" m="17920" /><DORA hai="73" /><V12/><F84/><N who="3" m="48255" /><G22/><T93/><D38/><U59/><E59/><V18/><REACH who="2" step="1"/><F82/><REACH who="2" ten="372,170,111,337" step="2"/><W32/><G32/><T100/><D121/><U77/><E77/><AGARI ba="1,1" hai="12,18,20,47,51,52,77,81,87,132,133" m="17920" machi="77" ten="70,8000,1" yaku="1,1,2,1,52,2,54,1,53,0" doraHai="8,73" doraHaiUra="115,88" who="2" fromWho="1" sc="372,0,170,-83,111,93,337,0" /><INIT seed="5,0,0,5,5,95" ten="372,87,204,337" oya="1" hai0="40,124,129,18,64,57,86,106,55,74,19,49,115" hai1="107,130,43,65,98,113,90,54,17,32,66,37,61" hai2="88,11,123,14,127,68,2,36,45,24,93,28,111" hai3="4,97,118,21,35,116,26,105,30,128,126,103,38"/><U75/><E32/><V80/><F68/><W122/><G122/><T135/><D74/><U96/><E75/><V27/><F123/><W29/><G128/><T70/><D106/><U94/><E113/><V10/><F111/><W62/><G126/><T133/><D115/><U8/><E130/><V119/><F119/><N who="3" m="45611" /><G38/><T110/><D110/><U131/><E131/><V5/><F80/><W60/><G4/><T89/><D129/><U50/><E43/><V108/><F108/><W134/><G134/><N who="0" m="51211" /><D40/><U53/><E37/><V46/><F36/><W13/><G13/><T100/><D100/><U20/><E8/><V33/><F27/><AGARI ba="0,0" hai="21,26,27,29,30,35,60,62,97,103,105" m="45611" machi="27" ten="30,2000,0" yaku="12,1,52,1" doraHai="95" who="3" fromWho="2" sc="372,0,87,0,204,-20,337,20" /><INIT seed="6,0,0,1,3,119" ten="372,87,184,357" oya="2" hai0="40,31,88,27,130,2,34,26,112,0,104,1,24" hai1="7,80,75,45,95,115,21,133,127,76,124,59,25" hai2="67,77,116,51,129,96,103,55,65,91,12,97,92" hai3="63,106,71,43,10,99,60,93,15,121,123,33,74"/><V108/><F116/><W118/><G118/><T54/><D40/><U56/><E115/><V132/><F108/><W32/><G74/><T48/><D104/><U109/><E109/><V35/><F35/><W18/><G106/><T39/><D39/><U81/><E133/><V47/><F132/><W46/><G71/><T126/><D112/><U110/><E110/><V22/><F129/><W101/><G33/><T13/><D13/><U128/><E128/><V17/><REACH who="2" step="1"/><F77/><REACH who="2" ten="372,87,174,357" step="2"/><W19/><G32/><T6/><D130/><U85/><E127/><V134/><F134/><W131/><G131/><T53/><D126/><U4/><E124/><V120/><F120/><W16/><G123/><T30/><D34/><U102/><E45/><V94/><AGARI ba="0,1" hai="12,17,22,47,51,55,65,67,91,92,94,96,97,103" machi="94" ten="20,12000,1" yaku="1,1,0,1,7,1,8,1,53,1" doraHai="119" doraHaiUra="9" who="2" fromWho="2" sc="372,-40,87,-40,174,130,357,-40" /><INIT seed="6,1,0,1,2,59" ten="332,47,304,317" oya="2" hai0="9,4,30,105,102,22,32,39,21,95,94,103,44" hai1="38,13,17,114,62,2,82,37,86,66,91,108,57" hai2="6,133,25,104,93,55,54,110,78,119,106,121,36" hai3="90,88,67,84,23,123,42,35,28,50,41,51,85"/><V7/><F36/><W53/><G123/><T45/><D105/><U87/><E108/><V96/><F121/><W5/><G35/><T81/><D81/><U29/><E2/><V111/><F119/><W112/><G5/><N who="2" m="1545" /><F133/><W109/><G109/><N who="2" m="41481" /><F78/><W120/><G67/><T1/><D32/><U129/><E114/><V43/><F43/><N who="3" m="16395" /><G120/><T65/><D39/><U47/><E129/><V19/><F104/><W92/><G112/><T71/><D45/><U97/><E29/><V16/><F106/><W77/><G77/><T63/><D44/><U76/><E97/><V132/><F132/><W40/><G53/><N who="2" m="19977" /><F25/><N who="3" m="16447" /><G40/><T126/><D30/><U117/><E117/><V26/><F26/><W127/><G127/><T72/><D72/><U48/><E76/><V69/><F69/><W107/><G107/><T34/><D126/><U18/><E87/><V33/><F33/><W79/><G79/><T98/><D34/><U118/><E118/><V70/><F70/><W99/><G85/><T115/><D115/><U73/><E73/><V49/><F49/><W14/><G14/><T100/><D100/><AGARI ba="1,0" hai="16,19,93,96,100" m="19977,41481,1545" machi="100" ten="30,2900,0" yaku="10,1,54,1" doraHai="59" who="2" fromWho="0" sc="332,-32,47,0,304,32,317,0" /><INIT seed="6,2,0,3,0,132" ten="300,47,336,317" oya="2" hai0="27,1,24,40,97,16,135,23,4,128,123,81,110" hai1="5,11,48,88,63,130,52,121,43,55,66,119,65" hai2="22,92,75,76,36,38,112,122,129,101,60,8,46" hai3="71,125,98,0,39,117,93,53,51,133,45,64,14"/><V67/><F122/><W94/><G125/><T96/><D123/><U100/><E119/><V91/><F129/><W42/><G117/><T30/><D135/><U12/><E121/><V126/><F126/><W6/><G133/><T73/><D110/><U59/><E130/><V118/><F118/><W20/><G0/><T21/><D40/><U70/><E100/><V104/><F112/><W102/><G71/><T107/><D107/><U84/><E43/><V131/><F131/><W85/><G64/><T69/><D69/><U19/><E70/><V120/><F120/><W105/><G85/><T7/><D128/><U34/><E5/><V2/><F22/><W106/><G106/><T89/><D73/><U18/><E18/><V58/><F46/><W108/><G108/><T47/><D47/><U41/><E41/><V62/><F62/><W33/><G33/><T103/><D1/><U134/><E34/><V109/><F109/><W99/><G99/><T29/><D103/><U49/><E134/><V79/><F79/><W56/><REACH who="3" step="1"/><G20/><REACH who="3" ten="300,47,336,307" step="2"/><T86/><D30/><U44/><REACH who="1" step="1"/><E63/><REACH who="1" ten="300,37,336,307" step="2"/><V116/><F116/><W68/><G68/><T32/><D32/><U95/><AGARI ba="2,2" hai="11,12,19,44,48,49,52,55,59,65,66,84,88,95" machi="95" ten="20,12000,2" yaku="1,1,2,1,0,1,7,1,8,1,54,2,53,0" doraHai="132" doraHaiUra="57" who="1" fromWho="1" sc="300,-32,37,146,336,-62,307,-32" /><INIT seed="7,0,0,1,2,20" ten="268,183,274,275" oya="3" hai0="58,66,130,64,60,113,118,44,75,26,33,83,134" hai1="48,9,54,126,29,65,90,10,19,133,31,46,88" hai2="96,72,106,70,51,13,101,24,77,16,121,55,47" hai3="108,132,84,127,45,73,85,86,7,111,14,103,43"/><W23/><G73/><T34/><D118/><U8/><E133/><V53/><F70/><W57/><G132/><T4/><D4/><U6/><E126/><V91/><F121/><W104/><G127/><T56/><D134/><U0/><E0/><V3/><F3/><W32/><G32/><T82/><D44/><U98/><E6/><V69/><F69/><W120/><G120/><T74/><D130/><U80/><E65/><V117/><F117/><W61/><G104/><T42/><D42/><U79/><E79/><V122/><F122/><W27/><G103/><T89/><D89/><U37/><E37/><V123/><F123/><W41/><G14/><T125/><D125/><U94/><REACH who="1" step="1"/><E19/><REACH who="1" ten="268,173,274,275" step="2"/><V30/><F77/><W135/><G135/><T62/><D113/><U105/><E105/><V110/><F106/><W116/><G7/><T115/><D115/><U131/><E131/><V93/><F16/><N who="3" m="12775" /><G116/><T95/><D66/><U97/><E97/><V81/><F96/><W124/><G124/><T36/><D64/><U38/><E38/><V18/><F18/><W100/><G100/><T21/><D36/><U68/><E68/><V5/><F101/><W40/><G111/><T112/><D112/><U59/><E59/><V63/><F5/><W114/><G114/><T78/><D78/><U2/><E2/><V107/><F107/><W102/><G102/><T129/><D129/><U22/><E22/><V15/><F110/><W28/><G108/><T119/><D21/><U1/><E1/><V99/><F99/><W11/><G11/><T76/><D119/><U39/><E39/><RYUUKYOKU ba="0,1" sc="268,-10,173,30,274,-10,275,-10" hai1="8,9,10,29,31,46,48,54,80,88,90,94,98" /><INIT seed="8,1,1,1,4,10" ten="258,203,264,265" oya="0" hai0="40,113,11,67,94,53,95,18,60,45,50,6,73" hai1="62,32,4,108,112,121,20,130,119,46,43,104,9" hai2="36,135,72,117,22,17,52,3,77,109,76,127,118" hai3="13,75,55,124,86,16,68,23,35,107,97,64,125"/><T2/><D113/><U80/><E108/><V102/><F109/><W42/><G75/><T28/><D28/><U27/><E121/><V82/><F36/><W47/><G35/><T38/><D73/><U92/><E119/><N who="2" m="45579" /><F3/><W133/><G133/><T128/><D128/><U85/><E104/><V8/><F8/><W41/><G68/><T120/><D120/><U96/><E112/><V70/><F70/><W91/><G64/><T99/><D18/><U105/><E105/><V49/><F135/><W71/><G71/><T103/><D38/><U114/><E32/><V37/><F102/><W132/><G132/><T48/><D67/><U115/><E130/><V101/><F101/><N who="3" m="62895" /><G55/><T34/><D34/><U59/><E115/><V39/><F77/><W79/><G79/><T31/><D31/><N who="1" m="17895" /><E46/><N who="2" m="27703" /><F127/><N who="3" m="48715" /><G47/><T19/><D60/><U33/><E33/><V30/><F30/><W0/><G0/><T106/><D19/><U63/><E43/><V88/><F88/><W12/><G12/><AGARI ba="1,1" hai="12,17,22,37,39,72,76,82" m="27703,45579" machi="12" ten="30,7700,0" yaku="16,1,12,1,52,1,54,1" doraHai="10" who="2" fromWho="3" sc="258,0,203,0,264,90,265,-80" owari="258,6.0,203,-20.0,354,45.0,185,-31.0" /></mjloggm>