<mjloggm ver="2.3"><GO type="41"/><UN n0="%62%6F%73%74%6F%6E" n1="%E3%82%A6%E3%83%AB%E3%83%88%E3%83%A9%E7%AB%8B%E7%9B%B4" n2="%E3%81%A1%E3%82%83%E3%82%93%E3%81%A9%E3%82%89%E3%83%BC" n3="%68%61%6B%75%2D%72%79%75" dan="14,15,13,13" rate="1931,1954,1848,1801" sx="M,M,M,M"/><TAIKYOKU oya="0"/><INIT seed="0,0,0,3,3,48" ten="250,250,250,250" oya="0" hai0="120,7,4,54,50,130,2,62,45,111,89,30,63" hai1="28,29,96,60,126,99,113,42,58,82,87,97,85" hai2="135,36,46,106,112,127,35,114,132,77,90,109,125" hai3="9,67,18,33,101,116,32,129,69,3,119,31,104"/><T131/><D120/><U128/><E126/><N who="2" m="48139" /><F35/><W118/><G18/><T44/><D30/><U115/><E128/><N who="0" m="49193" /><D89/><U22/><E42/><V34/><F34/><W59/><G59/><N who="0" m="33239" /><D111/><U24/><E29/><V72/><F36/><W123/><G123/><T83/><D83/><U75/><E75/><V94/><F106/><W102/><G102/><T81/><D81/><U98/><N who="1" m="25088" /><DORA hai="16" /><U25/><E25/><V70/><F70/><W52/><G129/><T43/><D2/><U12/><E12/><V26/><F77/><W23/><G23/><T134/><D134/><N who="2" m="51242" /><F72/><W100/><G3/><T15/><D15/><U88/><REACH who="1" step="1"/><E87/><REACH who="1" ten="250,240,250,250" step="2"/><N who="2" m="52575" /><F26/><W64/><G31/><T68/><D43/><U73/><E73/><V6/><F109/><W78/><G118/><T51/><D7/><U105/><E105/><V1/><F1/><W95/><G104/><T37/><D4/><U20/><E20/><V17/><F6/><W0/><G0/><T40/><D68/><U121/><E121/><V41/><F41/><W49/><G69/><T53/><AGARI ba="0,1" hai="37,40,44,45,51,53,62,63" m="33239,49193" machi="53" ten="30,12000,1" yaku="19,1,34,2,52,2" doraHai="48,16" who="0" fromWho="0" sc="250,130,240,-40,250,-40,250,-40" /><INIT seed="0,1,0,1,1,125" ten="380,200,210,210" oya="0" hai0="56,25,45,91,119,99,63,105,135,133,67,44,102" hai1="66,39,122,34,5,96,76,128,78,117,100,4,14" hai2="103,74,8,121,109,60,72,48,41,92,32,90,21" hai3="47,54,50,132,93,130,85,26,113,59,12,15,111"/><T37/><D119/><U80/><E34/><V75/><F32/><W108/><G113/><T16/><D91/><U35/><E35/><V53/><F121/><W68/><G132/><N who="0" m="50763" /><D37/><U70/><E122/><V11/><F60/><W17/><G68/><T124/><D124/><U98/><E39/><V120/><F41/><W126/><G126/><T20/><AGARI ba="1,0" hai="16,20,25,44,45,56,63,67,99,102,105" m="50763" machi="20" ten="30,3000,0" yaku="20,1,54,1" doraHai="125" who="0" fromWho="0" sc="380,33,200,-11,210,-11,210,-11" /><INIT seed="0,2,0,3,5,42" ten="413,189,199,199" oya="0" hai0="40,74,82,53,100,48,37,81,56,60,34,92,6" hai1="86,98,25,67,33,69,65,105,17,49,35,26,106" hai2="71,31,112,2,96,93,13,79,107,47,57,9,19" hai3="1,62,46,75,15,135,119,27,101,8,59,133,122"/><T113/><D113/><U76/><E86/><V50/><F71/><W95/><G122/><T70/><D34/><U114/><E76/><V129/><F107/><W29/><G119/><T104/><D104/><U118/><E49/><V102/><F112/><W94/><G75/><T22/><D74/><U10/><E98/><V120/><F120/><W66/><G1/><T121/><D121/><U21/><E114/><V90/><F79/><W63/><G63/><T64/><D6/><U110/><E110/><V52/><F31/><W0/><G0/><T127/><D127/><U108/><E108/><V38/><F2/><W7/><G101/><T44/><D22/><U54/><E21/><V68/><F68/><W55/><G133/><T16/><D16/><U20/><E20/><V83/><F129/><W89/><G135/><T116/><D116/><U130/><E17/><V111/><F111/><W30/><G89/><T24/><D24/><U51/><E10/><V84/><F38/><W91/><G91/><T124/><D124/><U41/><E69/><V85/><REACH who="2" step="1"/><F57/><REACH who="2" ten="413,189,189,199" step="2"/><W125/><G125/><T4/><D4/><U18/><E130/><V3/><F3/><W5/><G30/><T78/><D78/><U12/><E118/><V61/><F61/><W72/><G5/><T97/><AGARI ba="2,1" hai="37,40,44,48,53,56,60,64,70,81,82,92,97,100" machi="97" ten="30,11700,0" yaku="0,1,24,2,52,1" doraHai="42" who="0" fromWho="0" sc="413,133,189,-41,189,-41,199,-41" /><INIT seed="0,3,0,2,2,8" ten="546,148,148,158" oya="0" hai0="53,40,128,93,132,84,105,44,19,122,14,82,103" hai1="109,4,104,36,100,95,16,101,59,123,99,134,55" hai2="87,38,68,1,45,11,67,49,52,48,124,13,78" hai3="60,92,90,17,32,77,117,37,62,25,130,111,9"/><T6/><D105/><U3/><E36/><V5/><F124/><W86/><G117/><T98/><D122/><U43/><E43/><V74/><F74/><W23/><G111/><T41/><D132/><U119/><E109/><V28/><F28/><W116/><G130/><T35/><D128/><U115/><E134/><V127/><F127/><W125/><G116/><T12/><D35/><U121/><E119/><V65/><F38/><W135/><G135/><T27/><D6/><U85/><E115/><V42/><F68/><W7/><G125/><T57/><D44/><U126/><E126/><V69/><F69/><W96/><G37/><T102/><D103/><U83/><E4/><V114/><F114/><W26/><G26/><T64/><D64/><U51/><E3/><V133/><F1/><W107/><G32/><T18/><D27/><U2/><E2/><V91/><F133/><W108/><G108/><T47/><D47/><U110/><E110/><V34/><F34/><W66/><G66/><T29/><D29/><U31/><E31/><V79/><F79/><W112/><G112/><T46/><D46/><U22/><E101/><V56/><F78/><W73/><G73/><T76/><D41/><U63/><E63/><V20/><F20/><W72/><G72/><T10/><D40/><U131/><E131/><V106/><F106/><W75/><G75/><T39/><D39/><U33/><E33/><V58/><F56/><W88/><G107/><T97/><D97/><U81/><E104/><V24/><F24/><W129/><G77/><T15/><D10/><U89/><E83/><AGARI ba="3,0" hai="5,11,13,42,45,48,49,52,58,65,67,83,87,91" machi="83" ten="30,8000,1" yaku="6,1,7,1,8,1,52,1,54,1" doraHai="8" who="2" fromWho="1" sc="546,0,148,-89,148,89,158,0" /><INIT seed="1,0,0,1,2,26" ten="546,59,237,158" oya="1" hai0="30,115,134,113,54,22,21,10,118,16,70,31,46" hai1="106,104,81,112,6,61,19,42,101,95,52,114,0" hai2="129,85,116,74,53,65,87,48,126,56,131,69,27" hai3="47,50,73,130,5,64,49,8,135,93,40,86,110"/><U83/><E19/><V17/><F74/><W57/><G73/><T34/><D70/><U33/><E42/><V119/><F69/><W13/><G135/><T124/><D46/><U91/><E52/><V55/><F65/><W71/><G71/><T127/><D54/><U88/><E61/><V111/><F87/><W92/><G130/><T72/><D72/><U77/><E6/><V37/><F37/><W80/><G110/><T18/><D10/><U79/><E33/><V66/><F111/><W59/><G59/><T25/><D134/><U14/><E14/><V38/><F38/><W62/><G50/><T78/><D78/><AGARI ba="0,0" hai="5,8,13,40,47,49,57,62,64,78,80,86,92,93" machi="78" ten="30,7700,0" yaku="7,1,25,2,8,1" doraHai="26" who="3" fromWho="0" sc="546,-77,59,0,237,0,158,77" /><INIT seed="2,0,0,0,0,95" ten="469,59,237,235" oya="2" hai0="28,111,20,80,94,53,0,88,84,117,32,58,22" hai1="90,123,78,60,87,14,134,30,5,116,118,26,35" hai2="124,92,73,40,99,133,129,16,126,119,49,61,109" hai3="70,125,75,93,7,13,81,106,102,79,4,135,62"/><V29/><F73/><W128/><G128/><T42/><D0/><U12/><E123/><V122/><F29/><W38/><G38/><T3/><D3/><U101/><E134/><V18/><F122/><W47/><G135/><T64/><D64/><U17/><E78/><V74/><F74/><W31/><G125/><N who="2" m="48233" /><F119/><W112/><G112/><T86/><D117/><U121/><E121/><V103/><F129/><W10/><G31/><T36/><D42/><U48/><E48/><V11/><F133/><W104/><G7/><T19/><D36/><U55/><E55/><V131/><F131/><W108/><G108/><T6/><D111/><U72/><E72/><V54/><F40/><W132/><G132/><T45/><D6/><U56/><E56/><N who="2" m="32847" /><F61/><W113/><G113/><T83/><D28/><U59/><E60/><V98/><F109/><W52/><G70/><T71/><D71/><U82/><E59/><V23/><F11/><W41/><G41/><T120/><D120/><U9/><REACH who="1" step="1"/><E101/><REACH who="1" ten="469,49,237,235" step="2"/><N who="2" m="60615" /><F23/><AGARI ba="0,1" hai="5,9,12,14,17,23,26,30,35,82,87,90,116,118" machi="23" ten="30,2000,0" yaku="1,1,7,1,53,0" doraHai="95" doraHaiUra="44" who="1" fromWho="2" sc="469,0,49,30,237,-20,235,0" /><INIT seed="3,0,0,2,2,9" ten="469,79,217,235" oya="3" hai0="90,65,77,36,99,41,4,23,29,55,35,24,54" hai1="115,117,26,134,108,73,8,79,87,15,66,28,14" hai2="131,84,91,114,132,107,10,3,95,81,43,42,62" hai3="83,1,37,102,118,60,45,34,113,30,109,121,85"/><W97/><G121/><T110/><D65/><U16/><E73/><V122/><F107/><W12/><G118/><T40/><D77/><U7/><E115/><V104/><F104/><W44/><G113/><T11/><D35/><U33/><E117/><V96/><F114/><W57/><G1/><T63/><D36/><U56/><E134/><V116/><F132/><W88/><G37/><T101/><D101/><U5/><E108/><V82/><F116/><W133/><G133/><T124/><D110/><U120/><E120/><V32/><F32/><W119/><G119/><T49/><D63/><U48/><E79/><V27/><F122/><W125/><G125/><T71/><D124/><U53/><E87/><V78/><F82/><W112/><G112/><T52/><D71/><U128/><E128/><V69/><F131/><W86/><G86/><T135/><D49/><U18/><E66/><V47/><F27/><W92/><G109/><T103/><D90/><U106/><E106/><V58/><F69/><W72/><G72/><T127/><D127/><U6/><REACH who="1" step="1"/><E18/><REACH who="1" ten="469,69,217,235" step="2"/><V17/><F96/><W129/><G129/><T0/><REACH who="0" step="1"/><D135/><REACH who="0" ten="459,69,217,235" step="2"/><U68/><E68/><V13/><F3/><W80/><G34/><T94/><AGARI ba="0,2" hai="0,4,11,23,24,29,40,41,52,54,55,94,99,103" machi="94" ten="30,8000,1" yaku="1,1,2,1,0,1,54,1,53,1" doraHai="9" doraHaiUra="21" who="0" fromWho="0" sc="459,100,69,-20,217,-20,235,-40" /><INIT seed="4,0,0,3,2,71" ten="559,49,197,195" oya="0" hai0="61,18,50,104,110,32,60,95,65,134,30,107,27" hai1="83,82,89,112,98,133,34,118,0,12,43,111,14" hai2="26,86,103,54,124,46,127,81,78,90,63,47,87" hai3="29,119,114,19,62,24,109,38,64,23,132,15,5"/><T131/><D61/><U93/><E34/><V56/><F103/><W41/><G109/><T73/><D110/><U11/><E111/><V8/><F124/><W44/><G119/><T66/><D65/><U51/><E118/><V39/><F127/><W105/><G105/><T129/><D73/><U135/><E0/><V2/><F26/><W120/><G120/><T6/><D6/><U68/><E68/><V36/><F47/><W117/><G117/><T115/><D95/><U49/><E43/><V67/><F46/><W57/><G132/><N who="1" m="50762" /><E14/><V101/><F101/><W121/><G121/><T99/><D134/><U79/><E112/><V77/><F77/><W92/><G92/><T102/><D115/><U128/><E128/><V45/><F2/><W37/><G114/><T94/><D50/><N who="1" m="18955" /><E79/><V113/><F113/><W3/><G5/><AGARI ba="0,0" hai="5,11,12,82,83,89,93,98" m="18955,50762" machi="5" ten="30,1000,0" yaku="20,1" doraHai="71" who="1" fromWho="3" sc="559,0,49,10,197,0,195,-10" /><INIT seed="5,0,0,3,5,104" ten="559,59,197,185" oya="1" hai0="20,55,42,99,76,72,63,97,69,103,87,13,35" hai1="94,127,133,111,8,29,54,85,53,58,62,37,38" hai2="19,6,44,32,106,120,64,14,119,48,51,2,101" hai3="23,3,95,123,117,39,115,112,109,126,131,28,57"/><U43/><E29/><V75/><F32/><W30/><G39/><T77/><D35/><U7/><E111/><V49/><F119/><W121/><G95/><T135/><D42/><U12/><E127/><V96/><F64/><W65/><G57/><T34/><D34/><U93/><E133/><V26/><F120/><N who="3" m="46155" /><G65/><T68/><D135/><U60/><E43/><V46/><F6/><W125/><G3/><T105/><D99/><U81/><E38/><V71/><F2/><W15/><G131/><T73/><D87/><U18/><E37/><V47/><F71/><W92/><G92/><T45/><D13/><U16/><E93/><V132/><F132/><W84/><G84/><T130/><D130/><U79/><E94/><V56/><F56/><AGARI ba="0,0" hai="7,8,12,16,18,53,54,56,58,60,62,79,81,85" machi="56" ten="40,7700,0" yaku="9,1,8,1,54,1" doraHai="104" who="1" fromWho="2" sc="559,0,59,77,197,-77,185,0" /><INIT seed="5,1,0,4,4,23" ten="559,136,120,185" oya="1" hai0="19,119,37,78,20,44,41,49,14,67,86,61,12" hai1="21,22,70,114,72,107,132,25,47,117,73,85,75" hai2="8,28,17,51,81,39,3,83,90,62,30,34,115" hai3="135,91,127,71,16,42,93,29,74,122,113,6,111"/><U32/><E117/><V7/><F39/><W82/><G71/><T125/><D119/><U80/><E70/><V112/><F62/><W52/><G111/><T24/><D37/><U56/><E107/><V124/><F124/><W77/><G122/><T116/><D125/><U101/><E101/><V50/><F17/><W121/><G121/><T134/><D134/><U58/><E132/><V87/><F83/><W95/><G127/><T79/><D116/><U27/><E47/><V130/><F130/><W133/><G113/><N who="2" m="43593" /><F30/><W129/><G42/><T88/><D61/><U89/><E114/><V13/><F3/><W60/><G29/><T53/><D67/><U100/><E32/><V57/><F57/><W36/><G36/><T98/><D98/><U43/><E43/><V108/><F108/><W45/><G6/><T109/><D109/><U118/><E118/><V102/><F102/><W48/><G60/><T46/><D46/><U15/><E100/><V5/><F5/><W59/><G59/><T126/><D41/><U106/><E106/><V11/><F11/><W92/><G129/><T4/><D126/><U40/><E40/><V33/><F33/><W99/><G133/><T97/><D97/><U128/><E128/><V69/><F69/><W84/><G74/><T26/><D78/><U120/><E120/><V35/><F35/><W68/><G68/><T38/><D79/><U105/><E105/><V63/><F63/><W18/><G135/><T104/><D38/><U103/><E103/><V2/><F2/><W123/><G123/><T1/><D104/><U0/><E0/><RYUUKYOKU ba="1,0" sc="559,-15,136,-15,120,15,185,15" hai2="7,8,13,28,34,50,51,81,87,90" hai3="16,18,45,48,52,77,82,84,91,92,93,95,99" /><INIT seed="6,2,0,4,5,72" ten="544,121,135,200" oya="2" hai0="101,77,9,129,94,1,109,39,125,111,130,96,38" hai1="126,10,131,29,80,66,78,22,107,41,46,2,26" hai2="16,122,75,28,135,70,47,36,79,108,115,124,43" hai3="74,37,103,104,87,112,61,106,6,121,83,17,51"/><V4/><F122/><W84/><G121/><T33/><D33/><U3/><E107/><V82/><F28/><W73/><G37/><T114/><D39/><U132/><E132/><V12/><F135/><W54/><G6/><T31/><D38/><U76/><E126/><V98/><F124/><W99/><G104/><T42/><D42/><U133/><E133/><V45/><F70/><W24/><G61/><T119/><D31/><U63/><E131/><N who="0" m="50185" /><D125/><U91/><E80/><V71/><F71/><W50/><G50/><T32/><D32/><U62/><E62/><V102/><F108/><W57/><G87/><T25/><D25/><U5/><E91/><V21/><F47/><W27/><G27/><T60/><D60/><U56/><E2/><V40/><F40/><W113/><G17/><T127/><D127/><U15/><E3/><V11/><F115/><N who="3" m="44107" /><G24/><T85/><D114/><U20/><E20/><V118/><F118/><W59/><G59/><T68/><D68/><U19/><E19/><V97/><F102/><W69/><G69/><T88/><D77/><AGARI ba="2,0" hai="51,54,57,73,74,77,83,84,99,103,106" m="44107" machi="77" ten="30,3900,0" yaku="15,1,11,1,52,1" doraHai="72" who="3" fromWho="0" sc="544,-45,121,0,135,0,200,45" /><INIT seed="7,0,0,5,4,126" ten="499,121,135,245" oya="3" hai0="30,9,79,101,89,87,98,22,114,99,85,123,28" hai1="73,36,61,42,124,103,34,58,120,15,72,92,56" hai2="32,24,49,106,90,52,86,33,91,6,21,70,47" hai3="37,1,23,68,48,57,53,83,125,127,27,105,84"/><W77/><G105/><T44/><D123/><U129/><E34/><V62/><F106/><W96/><G68/><T50/><D101/><U40/><E120/><V31/><F90/><W110/><G37/><T65/><D65/><U108/><E108/><V3/><F3/><W102/><G1/><T88/><D79/><U122/><E122/><V29/><F6/><W16/><G110/><T74/><D74/><N who="1" m="28779" /><E103/><V25/><F62/><W46/><G96/><T14/><D114/><U12/><E92/><V75/><F75/><W132/><G102/><T13/><D22/><U112/><E61/><V4/><F4/><W11/><G132/><T51/><D44/><U111/><E111/><V41/><F70/><W19/><G19/><T67/><D67/><U35/><E35/><V54/><REACH who="2" step="1"/><F21/><REACH who="2" ten="499,121,125,245" step="2"/><W128/><G11/><AGARI ba="0,1" hai="9,11,13,14,28,30,50,51,85,87,88,89,98,99" machi="11" ten="25,6400,0" yaku="22,2,8,1,54,1" doraHai="126" who="0" fromWho="3" sc="499,74,121,0,125,0,245,-64" owari="573,67.0,121,-38.0,125,-27.0,181,-2.0" /></mjloggm>