<mjloggm ver="2.3"><GO type="169" lobby="0"/><UN n0="%6B%61%69%6B%6F%75%37" n1="%E8%B6%85%E3%83%92%E3%83%A2%E3%83%AA%E3%83%AD" n2="%E3%83%97%E3%83%92%E3%81%99%E3%81%91" n3="%EF%BC%88%E2%89%A7%E2%96%BD%E2%89%A6%EF%BC%89" dan="16,17,16,18" rate="2069.85,2176.60,2132.31,2138.84" sx="F,F,M,F"/><TAIKYOKU oya="0"/><INIT seed="0,0,0,2,1,31" ten="250,250,250,250" oya="0" hai0="51,71,17,77,26,46,106,30,58,66,98,14,5" hai1="15,119,75,27,35,48,32,105,63,70,50,34,59" hai2="4,52,65,69,100,42,108,64,96,60,28,115,124" hai3="95,73,49,90,22,97,116,67,38,82,110,118,76"/><T117/><D117/><U109/><E75/><V133/><F115/><W104/><G38/><T3/><D77/><U114/><E119/><V45/><F108/><W1/><G1/><T123/><D123/><U121/><E121/><V47/><F133/><W56/><G110/><T7/><D58/><U85/><E109/><V111/><F111/><W113/><G113/><T36/><D36/><U81/><E114/><V102/><F124/><W25/><G104/><T12/><D71/><U131/><E105/><V99/><F4/><W24/><G24/><T122/><D66/><U44/><E70/><V103/><F28/><W61/><REACH who="3" step="1"/><G49/><REACH who="3" ten="250,250,250,240" step="2"/><T87/><D122/><U84/><E50/><V54/><F69/><W88/><G88/><T55/><D3/><U130/><E27/><V125/><F125/><W92/><G92/><T89/><D106/><U20/><E15/><V57/><F64/><W132/><G132/><T68/><D14/><U135/><E135/><V19/><F103/><W83/><G83/><T53/><D68/><U6/><E81/><V2/><F2/><W8/><G8/><T62/><D62/><U72/><E48/><V86/><F102/><W112/><G112/><T43/><D98/><U11/><E11/><V93/><F99/><W80/><G80/><N who="0" m="49383" /><D26/><U23/><E63/><V9/><F60/><W128/><G128/><T127/><D127/><U16/><E130/><V126/><F96/><W0/><G0/><T41/><D12/><U78/><E131/><V33/><F100/><W91/><G91/><T107/><D107/><U39/><E39/><V101/><F126/><RYUUKYOKU ba="0,1" sc="250,-10,250,-10,250,-10,240,30" hai3="22,25,56,61,67,73,76,82,90,95,97,116,118" /><INIT seed="1,1,1,3,4,23" ten="240,240,240,270" oya="1" hai0="102,95,94,63,45,86,67,48,25,16,24,41,119" hai1="33,40,91,61,80,96,71,57,98,5,124,50,104" hai2="62,76,126,118,49,120,19,39,134,113,79,83,26" hai3="42,69,84,14,22,133,29,35,135,107,1,93,11"/><U7/><E124/><V66/><F118/><W3/><G107/><T110/><D119/><U108/><E108/><V43/><F39/><W130/><G69/><T46/><D46/><N who="1" m="25927" /><E33/><V4/><F120/><W112/><G112/><T64/><D110/><U2/><E2/><N who="3" m="522" /><G42/><T115/><D115/><U99/><E71/><V31/><F126/><W8/><G93/><N who="0" m="35339" /><D102/><U125/><E104/><V0/><F113/><W58/><G58/><N who="0" m="36983" /><D67/><N who="1" m="39343" /><E125/><V32/><F0/><W18/><G130/><T122/><D122/><U129/><E129/><V30/><F32/><W20/><G35/><T6/><D6/><U81/><E81/><V28/><F4/><W37/><G37/><T59/><D59/><U121/><E121/><V34/><F34/><W117/><G117/><T132/><D132/><N who="3" m="50761" /><G84/><AGARI ba="1,1" hai="5,7,80,84,91,96,98,99" m="39343,25927" machi="84" ten="30,1500,0" yaku="8,1" doraHai="23" who="1" fromWho="3" sc="240,0,240,28,240,0,270,-18" /><INIT seed="1,2,0,4,4,122" ten="240,268,240,252" oya="1" hai0="89,58,45,1,135,115,63,14,70,7,54,36,125" hai1="40,47,30,124,56,39,35,64,88,127,82,130,106" hai2="25,53,5,6,103,9,107,27,0,101,118,117,81" hai3="80,134,48,46,100,42,31,15,60,51,55,98,90"/><U95/><E106/><V86/><F6/><W94/><G134/><T112/><D135/><U57/><E130/><V129/><F129/><W21/><G60/><T29/><D1/><U61/><E82/><V75/><F75/><W99/><G80/><T44/><D125/><N who="1" m="48203" /><E30/><V13/><F103/><W69/><G69/><T93/><D29/><U26/><E26/><V126/><F126/><W96/><G100/><T62/><D7/><U4/><E4/><V12/><F118/><W66/><G66/><T24/><D24/><U59/><E35/><V41/><F117/><W22/><G31/><T83/><D83/><U102/><E102/><V109/><F25/><W105/><G105/><T76/><D76/><U108/><E108/><V113/><F27/><W17/><REACH who="3" step="1"/><G22/><REACH who="3" ten="240,268,240,242" step="2"/><T114/><D112/><U97/><AGARI ba="2,1" hai="39,40,47,56,57,59,61,64,88,95,97" m="48203" machi="97" ten="30,3000,0" yaku="18,1,54,1" doraHai="122" who="1" fromWho="1" sc="240,-12,268,46,240,-12,242,-12" /><INIT seed="1,3,0,3,1,47" ten="228,314,228,230" oya="1" hai0="103,118,54,60,32,93,91,101,45,72,68,35,57" hai1="7,98,23,27,4,81,6,126,36,87,97,108,94" hai2="116,49,15,59,44,135,88,16,130,131,24,122,75" hai3="38,102,104,73,41,63,14,70,64,79,67,89,90"/><U19/><E36/><V55/><F75/><W37/><G67/><T58/><D118/><U69/><E69/><V113/><F116/><W8/><G102/><T77/><D68/><U106/><E126/><V80/><F122/><W133/><G104/><T29/><D29/><U129/><E129/><N who="2" m="49163" /><F24/><W105/><G105/><T21/><D72/><U71/><E71/><V132/><F113/><W34/><G34/><T86/><D77/><U9/><E108/><V114/><F114/><W11/><G133/><N who="2" m="51273" /><F59/><W115/><G115/><T43/><D21/><U5/><E94/><V83/><F88/><W107/><G107/><T17/><D17/><U65/><E65/><V62/><F62/><W13/><G89/><T39/><D58/><U124/><E124/><V33/><F33/><W78/><G90/><T1/><D1/><U119/><E106/><V40/><F40/><W51/><G73/><T10/><D35/><U12/><REACH who="1" step="1"/><E119/><REACH who="1" ten="228,304,228,230" step="2"/><V53/><F53/><W61/><G70/><T84/><D39/><U128/><E128/><V117/><F117/><W26/><G38/><T110/><D54/><U127/><E127/><V56/><F56/><W85/><G37/><T76/><D57/><U2/><E2/><V48/><F48/><W20/><G51/><T18/><D60/><U74/><E74/><V42/><F42/><W82/><G41/><T109/><D43/><U3/><E3/><V25/><F25/><W0/><G63/><T99/><D93/><U30/><E30/><V125/><F125/><W134/><G61/><T123/><D123/><U50/><E50/><V52/><F55/><RYUUKYOKU ba="3,1" sc="228,-15,304,15,228,15,230,-15" hai1="4,5,6,7,9,12,19,23,27,81,87,97,98" hai2="15,16,44,49,52,80,83" /><INIT seed="1,4,1,4,3,24" ten="213,319,243,215" oya="1" hai0="45,69,121,120,99,25,95,32,106,67,78,42,20" hai1="124,125,116,74,86,71,109,77,114,8,21,54,29" hai2="91,18,133,112,87,48,81,63,31,64,132,12,119" hai3="73,11,80,100,15,60,85,1,36,58,9,40,26"/><U28/><E114/><V33/><F119/><W2/><G73/><T56/><D78/><U0/><E116/><V104/><F104/><W101/><G36/><T66/><D32/><U129/><E71/><V38/><F38/><W111/><G40/><T97/><D69/><U102/><E74/><V44/><F112/><W118/><G118/><T75/><D75/><U5/><E129/><V39/><F39/><W43/><G43/><T3/><D3/><U117/><E117/><V103/><F103/><W84/><G111/><T110/><D110/><U68/><E68/><V50/><F50/><W6/><G26/><T17/><D106/><U79/><E109/><V122/><F122/><N who="0" m="47210" /><D56/><U92/><E54/><V27/><F63/><W108/><G108/><T62/><D62/><U131/><E131/><V23/><REACH who="2" step="1"/><F64/><REACH who="2" ten="213,319,233,215" step="2"/><N who="0" m="24618" /><D95/><U37/><E92/><V93/><F93/><W128/><G60/><T57/><D57/><U30/><E37/><AGARI ba="4,2" hai="17,20,25,37,42,45,97,99" m="24618,47210" machi="37" ten="30,1000,0" yaku="13,1" doraHai="24" who="0" fromWho="1" sc="213,42,319,-22,233,0,215,0" /><INIT seed="2,0,0,2,5,86" ten="255,297,233,215" oya="2" hai0="66,51,10,5,78,34,112,18,131,97,49,30,104" hai1="22,40,43,53,64,19,58,74,7,26,82,111,122" hai2="135,44,11,93,130,117,133,16,21,37,46,129,1" hai3="23,38,20,124,84,65,90,87,63,107,2,67,99"/><V25/><F117/><W35/><G35/><T71/><D112/><U88/><E111/><V13/><F1/><W77/><G38/><T48/><D131/><N who="2" m="50186" /><F93/><N who="3" m="56759" /><G107/><T81/><D34/><U92/><E122/><V75/><F75/><W95/><G2/><T55/><D30/><U98/><E64/><N who="3" m="24650" /><G63/><T79/><D79/><U52/><E7/><N who="2" m="3327" /><F37/><W33/><G33/><T94/><D104/><U114/><E114/><V121/><F121/><W50/><G50/><T83/><D18/><U108/><E108/><V101/><F101/><W106/><G106/><T103/><D71/><U72/><E72/><V54/><F54/><W119/><G124/><T47/><D66/><U29/><E74/><V28/><F28/><W105/><G105/><T120/><D120/><U56/><E82/><V62/><F62/><W14/><G119/><T17/><D17/><U6/><E6/><V115/><F115/><W132/><G132/><AGARI ba="0,0" hai="16,21,25,44,46,132,133,135" m="3327,50186" machi="132" ten="30,5800,0" yaku="20,1,19,1,54,1" doraHai="86" who="2" fromWho="3" sc="255,0,297,0,233,58,215,-58" /><INIT seed="2,1,0,4,4,48" ten="255,297,291,157" oya="2" hai0="59,27,13,25,17,109,123,6,126,93,68,63,30" hai1="32,10,33,129,104,0,133,73,76,15,111,77,113" hai2="55,45,60,21,74,92,11,99,4,20,52,54,87" hai3="7,28,86,107,89,5,96,18,50,41,78,95,2"/><V3/><F74/><W57/><G28/><T42/><D123/><U53/><E0/><V75/><F75/><W66/><G2/><T130/><D68/><U22/><E104/><V43/><F60/><N who="3" m="38159" /><G107/><T70/><D70/><U46/><E113/><V79/><F79/><N who="1" m="30281" /><E32/><V88/><REACH who="2" step="1"/><F99/><REACH who="2" ten="255,297,281,157" step="2"/><W64/><G96/><T121/><D121/><U58/><E73/><V14/><F14/><W34/><G78/><T108/><D13/><U65/><E15/><V39/><AGARI ba="1,1" hai="3,4,11,20,21,39,43,45,52,54,55,87,88,92" machi="39" ten="30,18000,2" yaku="1,1,0,1,52,3,54,2,53,0" doraHai="48" doraHaiUra="12" who="2" fromWho="2" sc="255,-61,297,-61,281,193,157,-61" /><INIT seed="2,2,0,3,5,101" ten="194,236,474,96" oya="2" hai0="8,40,68,93,6,115,76,34,128,49,62,45,92" hai1="85,31,25,117,67,3,111,60,91,30,38,28,61" hai2="42,16,105,19,24,125,89,63,114,58,50,23,47" hai3="46,55,18,2,37,88,22,26,134,0,108,130,9"/><V51/><F114/><W121/><G121/><T131/><D115/><U73/><E73/><V44/><F125/><W29/><G108/><T15/><D34/><U4/><E38/><V41/><F89/><W123/><G123/><T116/><D116/><U12/><E3/><V99/><F99/><W57/><G130/><N who="0" m="49707" /><D76/><U74/><E74/><V118/><F118/><W96/><G134/><T87/><D87/><U56/><E111/><V132/><F132/><W84/><G96/><T90/><D90/><U83/><E117/><V97/><F97/><W33/><G9/><T66/><AGARI ba="2,0" hai="6,8,15,40,45,49,62,66,68,92,93" m="49707" machi="66" ten="30,1100,0" yaku="19,1" doraHai="101" who="0" fromWho="0" sc="194,17,236,-5,474,-7,96,-5" /><INIT seed="3,0,0,5,0,103" ten="211,231,467,91" oya="3" hai0="133,119,50,63,109,49,51,69,121,130,55,28,12" hai1="14,125,100,117,74,38,20,92,95,54,75,113,17" hai2="107,60,111,26,76,7,98,96,94,86,124,47,19" hai3="58,22,101,3,77,41,66,68,25,13,0,52,127"/><W87/><G127/><T72/><D121/><U82/><E38/><V57/><F7/><W43/><G101/><T1/><D72/><U18/><E113/><V42/><F111/><W126/><G126/><T114/><D1/><U93/><E125/><V108/><F108/><W118/><G118/><T64/><D109/><U97/><E117/><V85/><F124/><W35/><G35/><T78/><D119/><U110/><E110/><V129/><F129/><W9/><G66/><T67/><D78/><U91/><E82/><V115/><F115/><W31/><G68/><T40/><D28/><U65/><E65/><V37/><F107/><W105/><G105/><T128/><D12/><U88/><E54/><V24/><F98/><W36/><G36/><T116/><D116/><U134/><E134/><V104/><F104/><W84/><G0/><T5/><D5/><U131/><E131/><N who="0" m="50217" /><D133/><U123/><E123/><V2/><F2/><W44/><G3/><T15/><D15/><U48/><E48/><N who="0" m="18537" /><D114/><U90/><E74/><V79/><F26/><W53/><G77/><T27/><D27/><N who="1" m="14735" /><E75/><V61/><F79/><W99/><G44/><N who="0" m="28135" /><D67/><U29/><E29/><V70/><F76/><W21/><G25/><T6/><D6/><U102/><E97/><V71/><F96/><W46/><G99/><T8/><D8/><AGARI ba="0,0" hai="8,14,18,88,90,91,92,93,95,100,102" m="14735" machi="8" ten="30,2000,0" yaku="8,1,54,1" doraHai="103" who="1" fromWho="0" sc="211,-20,231,20,467,0,91,0" /><INIT seed="4,0,0,4,4,129" ten="191,251,467,91" oya="0" hai0="50,6,97,48,3,84,8,41,83,77,108,2,61" hai1="128,39,125,135,133,121,74,78,109,37,87,86,100" hai2="113,115,119,110,42,94,89,80,46,63,65,79,43" hai3="99,71,106,17,91,68,40,31,105,120,66,1,107"/><T12/><D108/><U72/><E121/><V33/><F33/><W122/><G1/><T92/><D61/><U55/><E109/><V4/><F110/><W126/><G31/><T60/><D60/><U7/><E128/><V21/><F4/><W56/><G40/><T47/><REACH who="0" step="1"/><D48/><REACH who="0" ten="181,251,467,91" step="2"/><U131/><E131/><V73/><F119/><W70/><G122/><T96/><D96/><U117/><E117/><V19/><F115/><W14/><G120/><T101/><AGARI ba="0,1" hai="2,3,6,8,12,41,47,50,77,83,84,92,97,101" machi="101" ten="20,12000,1" yaku="1,1,0,1,7,1,25,2,53,0" doraHai="129" doraHaiUra="134" who="0" fromWho="0" sc="181,130,251,-40,467,-40,91,-40" /><INIT seed="4,1,0,2,5,69" ten="311,211,427,51" oya="0" hai0="103,130,47,43,57,92,18,100,135,101,128,16,70" hai1="131,27,107,75,110,87,8,46,102,19,65,12,33" hai2="67,68,122,114,61,3,13,32,116,85,113,28,106" hai3="112,119,29,115,93,120,21,125,77,1,25,35,105"/><T36/><D70/><U24/><E75/><V37/><F3/><W134/><G105/><T41/><D41/><U23/><E110/><V42/><F122/><W133/><G77/><T123/><D123/><U129/><E65/><V6/><F85/><W15/><G93/><T50/><D135/><N who="3" m="51721" /><G120/><T40/><D92/><U73/><E73/><V121/><F121/><W31/><G119/><T98/><D98/><U111/><E111/><V26/><F116/><W39/><G39/><T118/><D118/><U2/><E87/><V96/><F13/><W66/><G66/><T90/><D90/><U71/><E71/><V10/><F10/><W30/><G125/><T94/><D94/><U4/><E46/><N who="2" m="23887" /><F6/><W79/><G79/><T126/><D126/><U72/><E72/><V52/><F52/><W9/><G1/><T22/><D43/><U5/><E102/><AGARI ba="1,0" hai="26,28,32,61,67,68,96,102,106,113,114" m="23887" machi="102" ten="30,3900,0" yaku="25,1,23,1,52,1" doraHai="69" who="2" fromWho="1" sc="311,0,211,-42,427,42,51,0" /><INIT seed="5,0,0,5,5,116" ten="311,169,469,51" oya="1" hai0="65,5,79,0,87,111,89,112,55,24,94,41,97" hai1="73,23,90,14,36,109,15,81,49,128,75,30,33" hai2="132,19,32,3,2,91,20,121,4,50,11,22,45" hai3="124,29,115,38,39,85,99,13,68,130,134,122,53"/><U61/><E36/><N who="3" m="13866" /><G29/><T92/><D112/><U133/><E33/><V16/><F32/><W1/><G99/><T56/><D111/><U78/><E109/><V131/><F131/><W12/><G85/><T6/><D41/><U52/><E73/><V125/><F125/><W10/><G10/><T54/><D0/><U83/><E128/><V98/><F132/><W93/><G93/><T104/><D104/><U108/><E133/><V27/><F3/><W80/><G80/><N who="0" m="47519" /><D24/><U86/><E108/><V42/><F98/><W71/><G1/><T40/><D40/><U21/><E61/><V51/><F91/><W135/><G130/><T34/><D34/><U102/><E102/><V9/><F9/><W113/><G124/><T95/><D65/><U8/><E30/><V84/><F84/><W63/><G122/><T74/><D74/><U62/><E62/><V105/><F105/><W43/><G43/><T100/><D55/><U101/><E101/><V77/><F77/><W76/><G76/><T46/><D46/><N who="1" m="27703" /><E15/><N who="3" m="5706" /><G135/><T72/><D72/><U129/><E129/><V123/><F51/><W106/><G106/><T120/><D120/><U7/><E75/><V114/><F114/><N who="3" m="43531" /><G134/><T110/><D110/><U17/><E78/><V82/><F82/><N who="1" m="31241" /><E17/><V107/><F107/><W26/><G26/><AGARI ba="0,0" hai="2,4,11,16,19,20,22,26,27,42,45,50,121,123" machi="26" ten="30,8000,1" yaku="7,1,9,1,52,2,54,1" doraHai="116" who="2" fromWho="3" sc="311,0,169,0,469,80,51,-80" owari="311,11.0,169,-23.0,549,65.0,-29,-53.0" /></mjloggm>