<mjloggm ver="2.3"><GO type="225"/><UN n0="%EF%BC%88%E2%89%A7%E2%96%BD%E2%89%A6%EF%BC%89" n1="%E5%BB%89%E5%A4%AA%E9%83%8E" n2="%6E%69%6B%71%75%65" n3="%45%53%54%69" dan="16,16,16,17" rate="2076,2125,2066,2140" sx="M,M,M,M"/><TAIKYOKU oya="0"/><INIT seed="0,0,0,1,2,86" ten="250,250,250,250" oya="0" hai0="99,17,75,61,93,50,76,87,10,71,129,20,27" hai1="0,44,13,70,120,21,1,6,39,119,78,128,91" hai2="109,11,64,113,124,56,19,53,92,97,89,51,52" hai3="3,69,54,2,32,82,110,101,111,100,132,117,58"/><T23/><BYE who="3" /><D75/><U66/><E120/><V12/><F113/><W46/><G46/><T60/><D129/><U18/><E119/><V15/><F109/><W36/><G36/><T72/><D72/><U59/><E78/><V112/><F112/><W133/><G133/><T107/><D71/><UN n3="%45%53%54%69" /><U37/><E70/><V114/><F114/><W68/><G117/><T135/><D135/><U103/><E103/><N who="3" m="39498" /><G32/><T131/><D107/><U88/><E128/><V96/><F124/><W108/><G82/><N who="0" m="47559" /><D10/><U48/><E39/><V127/><F127/><W118/><G118/><T8/><D8/><N who="1" m="4247" /><E37/><V83/><F64/><W106/><G106/><T121/><D121/><U126/><E1/><N who="3" m="10" /><G132/><T94/><D131/><U26/><E0/><V55/><F96/><W67/><G67/><T90/><D94/><U123/><E123/><V7/><REACH who="2" step="1"/><F83/><REACH who="2" ten="250,250,240,250" step="2"/><W105/><G105/><T33/><D33/><U85/><E126/><V130/><F130/><W35/><G35/><T125/><D125/><U115/><E115/><V28/><F28/><W122/><G122/><T116/><D116/><U40/><E85/><V49/><F49/><AGARI ba="0,1" hai="49,54,58,68,69,108,110,111" m="10,39498" machi="49" ten="40,1300,0" yaku="14,1" doraHai="86" who="3" fromWho="2" sc="250,0,250,0,240,-13,250,23" /><INIT seed="1,0,0,0,4,45" ten="250,250,227,273" oya="1" hai0="66,90,72,38,119,20,39,84,11,48,51,50,112" hai1="6,74,5,124,8,31,9,135,61,42,133,29,71" hai2="75,25,128,62,117,44,78,79,3,41,55,17,15" hai3="60,86,88,99,33,18,63,129,125,30,82,102,103"/><U131/><E74/><V73/><F3/><W107/><G129/><T0/><D72/><U43/><E131/><V13/><F128/><W16/><G125/><T70/><D119/><U54/><E71/><V123/><F117/><W122/><G122/><T10/><D112/><U106/><E106/><V77/><F123/><W37/><G37/><T34/><D34/><U98/><E98/><V91/><F25/><W49/><G103/><T65/><D20/><U67/><E67/><N who="0" m="25609" /><D70/><U101/><E101/><V22/><F91/><W47/><G30/><T57/><D0/><U46/><E54/><V58/><REACH who="2" step="1"/><F13/><REACH who="2" ten="250,250,217,273" step="2"/><W69/><G88/><T12/><D12/><U83/><E133/><V24/><F24/><W4/><G102/><T115/><D115/><U2/><E135/><V87/><F87/><W97/><G86/><T76/><D76/><U104/><E2/><V14/><F14/><W32/><G99/><T56/><D39/><AGARI ba="0,1" hai="15,17,22,39,41,44,55,58,62,73,75,77,78,79" machi="39" ten="40,1300,0" yaku="1,1,53,0" doraHai="45" doraHaiUra="92" who="2" fromWho="0" sc="250,-13,250,0,217,23,273,0" /><INIT seed="2,0,0,4,1,16" ten="237,250,240,273" oya="2" hai0="48,9,114,86,103,2,112,115,44,101,91,7,120" hai1="104,117,35,92,3,132,26,123,79,41,134,105,111" hai2="33,31,49,67,28,17,108,15,5,90,62,95,109" hai3="75,66,83,71,94,14,24,126,34,127,129,97,36"/><V65/><F5/><W89/><G36/><T100/><D120/><U23/><E117/><V8/><F49/><W96/><G129/><T39/><D39/><U1/><E35/><V135/><F135/><N who="1" m="51753" /><E123/><V32/><F67/><W69/><G14/><T125/><D125/><N who="3" m="47625" /><G75/><T19/><D19/><N who="1" m="12671" /><E41/><V38/><F38/><W133/><G83/><T20/><D20/><U18/><E18/><V30/><F33/><W37/><G37/><T128/><D128/><U27/><E27/><V80/><F32/><W29/><G133/><T121/><D121/><U42/><E42/><V50/><F80/><W59/><G97/><T58/><D58/><U55/><E79/><V53/><F53/><W72/><G72/><T43/><REACH who="0" step="1"/><D115/><REACH who="0" ten="227,250,240,273" step="2"/><U52/><E111/><V84/><F109/><W70/><G59/><T60/><D60/><AGARI ba="0,1" hai="24,29,34,60,66,69,70,71,89,94,96" m="47625" machi="60" ten="30,1000,0" yaku="18,1" doraHai="16" who="3" fromWho="0" sc="227,-10,250,0,240,0,273,20" /><INIT seed="3,0,0,0,0,108" ten="217,250,240,293" oya="3" hai0="91,18,125,127,85,104,134,64,27,19,66,11,94" hai1="75,40,90,77,38,24,15,96,37,122,116,107,47" hai2="26,1,87,0,120,70,61,71,57,80,51,28,4" hai3="83,46,106,8,32,67,132,78,84,12,63,128,131"/><W31/><G106/><T118/><D104/><U13/><E122/><V52/><F120/><W35/><G46/><T109/><D118/><U86/><E116/><V29/><F29/><W68/><G132/><T133/><D109/><U99/><E37/><V76/><F4/><N who="3" m="3079" /><G31/><T129/><D129/><AGARI ba="0,0" hai="32,35,63,67,68,78,83,84,128,129,131" m="3079" machi="129" ten="30,1500,0" yaku="19,1" doraHai="108" who="3" fromWho="0" sc="217,-15,250,0,240,0,293,15" owari="202,-30.0,250,5.0,240,-16.0,308,41.0" /></mjloggm>