<mjloggm ver="2.3"><GO type="169"/><UN n0="%EF%BC%88%E2%89%A7%E2%96%BD%E2%89%A6%EF%BC%89" n1="%E3%81%8A%EF%BC%81%E3%81%AA%E3%81%AB%EF%BD%9E%EF%BC%9F" n2="%E3%81%9A%E3%81%97" n3="%E3%80%9D%73%68%69%6E" dan="18,16,16,16" rate="2237,2143,2065,2135" sx="M,M,F,M"/><TAIKYOKU oya="0"/><INIT seed="0,0,0,4,5,15" ten="250,250,250,250" oya="0" hai0="98,33,70,100,56,82,45,117,78,131,87,54,133" hai1="29,7,41,92,31,39,74,22,101,4,132,53,83" hai2="91,58,9,84,38,86,67,125,5,16,57,99,62" hai3="90,19,124,18,111,40,51,8,30,94,85,34,35"/><T43/><D117/><U75/><E132/><V119/><F38/><W60/><G111/><T1/><D1/><U115/><E39/><V106/><F119/><W27/><G124/><T130/><D33/><U93/><E41/><V116/><F116/><W47/><G35/><T103/><D70/><U46/><E101/><V77/><F125/><W26/><G26/><T12/><D133/><U6/><E83/><N who="2" m="47215" /><F5/><W76/><G76/><T10/><D45/><U114/><E46/><V68/><F106/><W23/><G34/><T13/><D43/><U95/><E53/><V71/><F71/><W81/><G81/><T61/><D12/><U21/><E75/><V69/><F68/><W2/><REACH who="3" step="1"/><G60/><REACH who="3" ten="250,250,250,240" step="2"/><T120/><D120/><U121/><E74/><V52/><F62/><W36/><G36/><T73/><D73/><U48/><E121/><V97/><F86/><W20/><G20/><N who="1" m="7786" /><E48/><V55/><F99/><W59/><G59/><T126/><D126/><U110/><E110/><V123/><F58/><W14/><G14/><T108/><D108/><U49/><E49/><V88/><F57/><W63/><G63/><T11/><D98/><U109/><E109/><V122/><F97/><W42/><G42/><T65/><D13/><U105/><E105/><V25/><F123/><W112/><G112/><AGARI ba="0,1" hai="4,6,7,29,31,92,93,95,112,114,115" m="7786" machi="112" ten="40,5200,0" yaku="28,2,11,1" doraHai="15" who="1" fromWho="3" sc="250,0,250,62,250,0,240,-52" /><INIT seed="1,0,0,4,4,77" ten="250,312,250,188" oya="1" hai0="117,107,128,89,106,45,46,78,111,23,29,118,112" hai1="49,5,25,127,20,8,61,26,119,98,108,71,57" hai2="133,13,15,36,9,67,104,123,51,125,10,24,85" hai3="64,114,76,55,105,58,86,122,38,135,115,2,65"/><U95/><E119/><V42/><F123/><W18/><G105/><T91/><D78/><U126/><E71/><V32/><F104/><W22/><G2/><T79/><D79/><U113/><E49/><V6/><F36/><W53/><G122/><T74/><D74/><U96/><E113/><V75/><F75/><W48/><G38/><T3/><D3/><U102/><E98/><V63/><F133/><W28/><G135/><T54/><D54/><U100/><E100/><V92/><F125/><N who="1" m="47625" /><E20/><V110/><F110/><W120/><G28/><T103/><D103/><U129/><E129/><V16/><F51/><W130/><G130/><T94/><D23/><U134/><E134/><V50/><F50/><W33/><G33/><T43/><D128/><U4/><E108/><V31/><F42/><W14/><G120/><T70/><D43/><U12/><E5/><V0/><F0/><W90/><G76/><T83/><D111/><U59/><E59/><V1/><F1/><W81/><REACH who="3" step="1"/><G55/><AGARI ba="0,0" hai="4,8,12,25,26,55,57,61,95,96,102" m="47625" machi="55" ten="30,1500,0" yaku="18,1" doraHai="77" who="1" fromWho="3" sc="250,0,312,15,250,0,188,-15" /><INIT seed="1,1,0,2,0,40" ten="250,327,250,173" oya="1" hai0="52,36,15,89,1,130,131,79,5,87,51,27,24" hai1="4,65,66,100,2,6,44,117,39,49,41,95,47" hai2="127,10,68,105,16,18,34,26,17,30,85,110,60" hai3="22,58,35,94,19,109,113,126,118,122,125,77,72"/><U101/><E117/><V74/><F74/><W81/><G35/><T76/><D1/><U59/><E59/><V0/><F110/><W61/><G118/><T53/><D36/><U12/><E2/><V114/><F114/><W102/><G113/><T67/><D67/><U3/><E3/><V43/><F127/><N who="3" m="48651" /><G122/><T104/><D104/><U88/><E66/><V13/><F0/><W111/><G94/><N who="0" m="54591" /><D53/><U29/><E65/><V9/><F60/><W106/><G102/><T133/><D133/><U115/><E29/><V116/><F105/><W121/><G106/><T80/><D5/><U93/><E115/><V8/><F116/><W11/><G11/><T54/><D54/><U132/><E132/><V21/><F68/><W62/><G121/><T86/><D15/><U42/><E93/><V37/><REACH who="2" step="1"/><F85/><REACH who="2" ten="250,327,240,173" step="2"/><W38/><G62/><T90/><D130/><U55/><E41/><V63/><F63/><W103/><G109/><T98/><D131/><U134/><E134/><V23/><F23/><W45/><G111/><T119/><D119/><U112/><E112/><V108/><F108/><W135/><G61/><T7/><D98/><U129/><E129/><V78/><F78/><N who="0" m="29738" /><D7/><U50/><E39/><V75/><F75/><W25/><G135/><T96/><D96/><N who="1" m="57447" /><E4/><V28/><F28/><W57/><G72/><T33/><D33/><U71/><E71/><V91/><F91/><W69/><G69/><T83/><D83/><U124/><E124/><V82/><F82/><W123/><G123/><T32/><D32/><U73/><E73/><V56/><F56/><AGARI ba="1,1" hai="24,27,51,52,56,80,86,90" m="29738,54591" machi="56" ten="30,2000,0" yaku="8,1,54,1" doraHai="40" who="0" fromWho="2" sc="250,33,327,0,240,-23,173,0" /><INIT seed="2,0,0,2,2,72" ten="283,327,217,173" oya="2" hai0="40,91,135,69,114,134,49,42,129,3,87,14,122" hai1="111,71,45,130,120,106,48,8,59,131,70,15,79" hai2="80,66,123,101,96,77,13,95,43,103,32,119,39" hai3="74,56,76,28,24,36,86,2,57,31,125,68,128"/><V23/><F32/><W107/><G2/><T109/><D3/><U21/><E106/><V110/><F123/><W61/><G36/><T9/><D69/><U121/><E59/><V1/><F119/><W105/><G74/><T102/><D122/><N who="1" m="47211" /><E21/><V132/><F1/><W116/><G68/><N who="1" m="26154" /><E111/><V93/><F110/><W73/><G116/><T90/><D109/><U83/><E48/><V62/><F132/><W97/><G73/><T52/><D134/><U85/><E45/><V100/><F43/><W17/><G128/><T50/><D50/><U10/><E10/><V60/><F39/><W51/><G125/><T81/><D129/><U108/><E108/><V78/><F80/><W82/><G105/><T35/><D135/><U26/><E26/><V19/><F66/><W16/><G51/><T112/><D42/><U67/><E67/><V4/><F4/><AGARI ba="0,0" hai="4,8,15,79,83,85,130,131" m="26154,47211" machi="4" ten="30,2000,0" yaku="13,1,52,1" doraHai="72" who="1" fromWho="2" sc="283,0,327,20,217,-20,173,0" /><INIT seed="3,0,0,1,2,102" ten="283,347,197,173" oya="3" hai0="47,2,15,18,80,17,19,119,130,36,57,116,72" hai1="73,89,59,29,45,14,95,44,81,109,1,10,30" hai2="118,88,74,25,66,71,32,52,50,62,87,5,134" hai3="93,33,56,23,112,49,99,111,22,39,78,98,115"/><W0/><G33/><T46/><D2/><U68/><E68/><V76/><F118/><W48/><G39/><T104/><D104/><U41/><E1/><V75/><F134/><W125/><G0/><T107/><D107/><U67/><E109/><V121/><F121/><W110/><G78/><T108/><D108/><U114/><E114/><V131/><F131/><W58/><REACH who="3" step="1"/><G93/><REACH who="3" ten="283,347,197,163" step="2"/><T35/><D36/><U82/><E95/><V37/><F76/><W53/><G53/><T92/><D35/><U101/><E41/><V55/><F37/><W63/><G63/><T91/><D92/><U61/><E61/><V77/><F55/><W11/><G11/><T34/><D34/><U13/><E10/><V120/><F77/><W12/><G12/><T129/><D15/><U38/><E13/><V40/><F40/><W54/><G54/><T60/><D60/><U117/><E14/><V65/><F5/><W42/><G42/><T31/><D129/><U128/><E38/><V106/><F106/><W6/><G6/><T16/><D130/><U20/><E128/><V94/><F66/><W83/><G83/><T4/><D80/><U103/><E67/><V26/><F120/><W126/><AGARI ba="0,1" hai="22,23,48,49,56,58,98,99,110,111,112,115,125,126" machi="126" ten="25,9600,0" yaku="1,1,0,1,22,2,53,0" doraHai="102" doraHaiUra="27" who="3" fromWho="3" sc="283,-32,347,-32,197,-32,163,106" /><INIT seed="3,1,0,3,1,38" ten="251,315,165,269" oya="3" hai0="126,81,107,73,16,102,66,120,42,71,83,98,78" hai1="100,124,49,58,82,111,125,74,114,63,80,69,56" hai2="60,129,29,94,40,99,108,34,84,57,50,116,44" hai3="2,103,32,15,135,14,70,59,88,25,11,77,23"/><W65/><G70/><T12/><D120/><U45/><E114/><V75/><F108/><W127/><G77/><T87/><D126/><N who="1" m="48747" /><E111/><V5/><F75/><W6/><G127/><T22/><D42/><N who="1" m="24759" /><E100/><V117/><F129/><W41/><G135/><T54/><D54/><U4/><E4/><V109/><F109/><W131/><G131/><T62/><REACH who="0" step="1"/><D83/><REACH who="0" ten="241,315,165,269" step="2"/><N who="1" m="31787" /><E74/><AGARI ba="1,1" hai="12,16,22,62,66,71,73,74,78,81,87,98,102,107" machi="74" ten="40,5200,0" yaku="1,1,54,1,53,1" doraHai="38" doraHaiUra="76" who="0" fromWho="1" sc="241,65,315,-55,165,0,269,0" /><INIT seed="4,0,0,5,0,96" ten="306,260,165,269" oya="0" hai0="131,129,119,21,69,28,36,17,18,67,34,71,98" hai1="80,64,132,76,101,13,87,62,72,126,117,106,45" hai2="35,8,30,104,91,31,99,46,70,108,15,86,110" hai3="24,9,33,111,23,88,115,121,128,43,113,5,116"/><T81/><D36/><U6/><E117/><V58/><F70/><W78/><G116/><T41/><D41/><U42/><E126/><V89/><F58/><W97/><G111/><T92/><D81/><U4/><E132/><V7/><F46/><W53/><G128/><N who="0" m="49227" /><D119/><U51/><E72/><V122/><F122/><W127/><G33/><T134/><D134/><U20/><E20/><V14/><F35/><W40/><G127/><T100/><D34/><U105/><E105/><V123/><F123/><W47/><G121/><T118/><D118/><U125/><E125/><V54/><F54/><W52/><G78/><T56/><D28/><U107/><E101/><V79/><F79/><W19/><G47/><T27/><D18/><U55/><E55/><V68/><F7/><W93/><G43/><T39/><D39/><U63/><E4/><V12/><F91/><W59/><G40/><T114/><D114/><N who="3" m="43529" /><G59/><T38/><D38/><U3/><E3/><AGARI ba="0,0" hai="3,5,9,19,23,24,52,53,88,93,97" m="43529" machi="3" ten="30,3900,0" yaku="15,1,54,2" doraHai="96" who="3" fromWho="1" sc="306,0,260,-39,165,0,269,39" /><INIT seed="5,0,0,0,0,46" ten="306,221,165,308" oya="1" hai0="94,41,98,111,108,11,106,0,131,10,93,28,135" hai1="133,47,132,123,38,83,2,88,74,27,63,16,118" hai2="30,62,66,68,117,115,18,14,21,105,90,72,33" hai3="87,99,53,69,126,121,130,92,73,80,129,44,52"/><U61/><E118/><V31/><F117/><W19/><G73/><T70/><D70/><U81/><E123/><V34/><F72/><W102/><G69/><T127/><D28/><U100/><E2/><V51/><F105/><W45/><G121/><T4/><D106/><U64/><E100/><V50/><F115/><W116/><G116/><T13/><D135/><N who="1" m="51787" /><E74/><V20/><F31/><W125/><G19/><T122/><D122/><U36/><E81/><V37/><F37/><N who="1" m="14441" /><E47/><V91/><F21/><W110/><G110/><T114/><D0/><U124/><E124/><N who="3" m="47722" /><G45/><T96/><D127/><U79/><E79/><V67/><F67/><W134/><G134/><T23/><D111/><U49/><E49/><V7/><F7/><W86/><G86/><T8/><D4/><U101/><E101/><V95/><F91/><N who="3" m="51687" /><G44/><T35/><D108/><U58/><E63/><V85/><REACH who="2" step="1"/><F30/><REACH who="2" ten="306,221,155,308" step="2"/><W40/><G40/><T25/><D41/><U56/><E88/><V54/><F54/><AGARI ba="0,1" hai="52,53,54,92,99,102,129,130" m="51687,47722" machi="54" ten="30,2000,0" yaku="18,1,54,1" doraHai="46" who="3" fromWho="2" sc="306,0,221,0,155,-20,308,30" /><INIT seed="6,0,0,1,1,81" ten="306,221,135,338" oya="2" hai0="5,52,46,108,93,69,95,80,87,8,99,43,32" hai1="103,65,94,128,79,86,54,120,60,131,114,30,85" hai2="133,56,119,49,48,102,29,121,36,129,38,89,37" hai3="105,27,13,125,9,58,20,122,35,7,96,92,33"/><V82/><F121/><W127/><G105/><T135/><D32/><U2/><E120/><V97/><F119/><W132/><G58/><T47/><D69/><U6/><E30/><V130/><F133/><W12/><G132/><T64/><D64/><U59/><E114/><V17/><F29/><N who="3" m="17639" /><G122/><T106/><D106/><U15/><E2/><V117/><F117/><W100/><G13/><N who="0" m="5263" /><D108/><U22/><E79/><V107/><F17/><W75/><G75/><T90/><D135/><U31/><E54/><V34/><F34/><W28/><G28/><T72/><D72/><U83/><E83/><V19/><F19/><W101/><G101/><N who="0" m="60655" /><D43/><U113/><E113/><V78/><F89/><W53/><G53/><T115/><D115/><U4/><E4/><V61/><F130/><N who="1" m="49705" /><E6/><V57/><F57/><W40/><G40/><T26/><D26/><N who="1" m="16855" /><E15/><V109/><F109/><W10/><G10/><T112/><D112/><U24/><E24/><V50/><F129/><W25/><G25/><T45/><D80/><U70/><E70/><V88/><F78/><W66/><G66/><T71/><D71/><U44/><E44/><V134/><F134/><W116/><G116/><T73/><D73/><U3/><E3/><V77/><F77/><W16/><G7/><T39/><D39/><U111/><E111/><V118/><F118/><W0/><G0/><T123/><D123/><U74/><E74/><V68/><F68/><W23/><G9/><T91/><D52/><U84/><E103/><V124/><F124/><AGARI ba="0,0" hai="12,16,23,33,35,92,96,100,124,125,127" m="17639" machi="124" ten="30,2000,0" yaku="18,1,54,1" doraHai="81" who="3" fromWho="2" sc="306,0,221,0,135,-20,338,20" /><INIT seed="7,0,0,0,4,123" ten="306,221,115,358" oya="3" hai0="72,49,29,8,126,17,7,110,100,28,90,3,76" hai1="104,63,10,68,18,102,0,56,69,44,125,4,128" hai2="47,82,113,30,105,84,108,130,103,89,73,43,21" hai3="122,67,54,88,86,81,121,112,134,87,101,40,64"/><W85/><G112/><T119/><D119/><U70/><E125/><V22/><F113/><W65/><G134/><T46/><D126/><U107/><E128/><V114/><F114/><W36/><G101/><T35/><D35/><U23/><E44/><V53/><F130/><W25/><G36/><T16/><D100/><U13/><REACH who="1" step="1"/><E102/><REACH who="1" ten="306,211,115,358" step="2"/><V95/><F53/><AGARI ba="0,1" hai="0,4,10,13,18,23,53,56,63,68,69,70,104,107" machi="53" ten="40,5200,0" yaku="1,1,2,1,53,1" doraHai="123" doraHaiUra="34" who="1" fromWho="2" sc="306,0,211,62,115,-52,358,0" owari="306,11.0,273,-13.0,63,-44.0,358,46.0" /></mjloggm>