<mjloggm ver="2.3"><GO type="169" lobby="0"/><UN n0="%EF%BC%88%E2%89%A7%E2%96%BD%E2%89%A6%EF%BC%89" n1="%E3%81%84%E3%81%AC%E3%81%98%E3%82%83%E3%82%89%E3%81%97" n2="%E3%82%80%E3%83%BC%E3%82%80" n3="%E3%82%82%E3%81%A3%E3%81%97%E3%83%BC" dan="17,17,16,16" rate="2103,2200,2080,2126" sx="M,M,M,M"/><TAIKYOKU oya="0"/><INIT seed="0,0,0,3,3,128" ten="250,250,250,250" oya="0" hai0="57,11,42,80,48,22,116,103,88,97,67,108,100" hai1="4,18,16,24,43,94,112,62,40,120,90,41,71" hai2="77,51,12,123,130,133,14,83,135,10,72,107,6" hai3="32,47,65,23,8,115,81,29,64,82,1,15,44"/><T87/><D116/><U70/><E120/><V66/><F123/><W106/><G106/><T109/><D11/><U20/><E112/><V68/><F107/><W56/><G115/><T74/><D74/><U117/><E117/><V84/><F130/><W110/><G110/><N who="0" m="42603" /><D22/><U60/><E4/><V127/><F127/><W38/><G1/><T46/><D97/><U13/><E71/><V92/><F51/><W9/><G23/><T121/><D121/><U76/><E76/><V17/><F66/><W111/><G111/><T118/><D118/><U25/><E70/><V86/><F68/><W50/><G15/><T3/><D3/><U124/><E124/><V89/><REACH who="2" step="1"/><F72/><REACH who="2" ten="250,250,240,250" step="2"/><W53/><G65/><T36/><D48/><U104/><E104/><V101/><F101/><W98/><G64/><T95/><D95/><U34/><E62/><AGARI ba="0,1" hai="36,42,46,57,62,67,80,87,88,100,103" m="42603" machi="62" ten="30,5800,0" yaku="14,1,10,1,54,1" doraHai="128" who="0" fromWho="1" sc="250,68,250,-58,240,0,250,0" /><INIT seed="0,1,0,4,3,19" ten="318,192,240,250" oya="0" hai0="132,3,12,128,87,8,73,1,114,83,74,32,109" hai1="24,35,131,94,98,70,54,37,135,31,96,58,130" hai2="53,100,25,47,81,103,82,104,56,133,38,22,15" hai3="79,117,67,120,6,64,10,134,112,17,55,43,30"/><T122/><D114/><U90/><E70/><V108/><F108/><W99/><G112/><T49/><D32/><U110/><E37/><V75/><F133/><W29/><G117/><T88/><D122/><U61/><E135/><V0/><F0/><W86/><G134/><T111/><D132/><U13/><E110/><N who="0" m="41993" /><D49/><U52/><E54/><V72/><F15/><W65/><G120/><T78/><D128/><U27/><E13/><V125/><F125/><W84/><G43/><T97/><D97/><U46/><E46/><V93/><F104/><W121/><G121/><T89/><D89/><U76/><E76/><V28/><F103/><W113/><G113/><T50/><D50/><U129/><REACH who="1" step="1"/><E24/><REACH who="1" ten="318,182,240,250" step="2"/><V80/><F47/><W39/><G39/><T9/><D78/><U85/><AGARI ba="1,1" hai="27,31,35,52,58,61,85,90,94,96,98,129,130,131" machi="85" ten="30,8000,1" yaku="1,1,2,1,0,1,19,1,54,1,53,0" doraHai="19" doraHaiUra="42" who="1" fromWho="1" sc="318,-41,182,93,240,-21,250,-21" /><INIT seed="1,0,0,4,2,61" ten="277,275,219,229" oya="1" hai0="123,64,71,2,79,25,21,66,17,54,72,100,75" hai1="132,8,26,10,63,50,103,133,44,85,113,29,34" hai2="22,92,118,62,42,130,135,57,125,35,87,27,122" hai3="24,0,68,115,82,65,102,88,117,46,95,127,11"/><U124/><E113/><V114/><F122/><W20/><G115/><T53/><D2/><U15/><E124/><V49/><F125/><W1/><G127/><T80/><D123/><U73/><E73/><V33/><F118/><W12/><G117/><T108/><D75/><U104/><E63/><V13/><F114/><W76/><G102/><T128/><D128/><U90/><E103/><V39/><F39/><W18/><G46/><T19/><D108/><U3/><E104/><V30/><F135/><N who="1" m="51785" /><E15/><V120/><F13/><W58/><G68/><T67/><D71/><U70/><E70/><V131/><F120/><W5/><G58/><T110/><D110/><U78/><E78/><V43/><F131/><W84/><REACH who="3" step="1"/><G65/><REACH who="3" ten="277,275,219,219" step="2"/><T32/><D100/><U81/><E3/><V107/><F57/><W112/><G112/><T97/><D32/><U105/><E105/><V51/><F35/><W134/><G134/><T48/><D97/><AGARI ba="0,1" hai="0,1,5,11,12,18,20,24,76,82,84,88,95,97" machi="97" ten="30,7700,0" yaku="1,1,7,1,54,1,53,1" doraHai="61" doraHaiUra="91" who="3" fromWho="0" sc="277,-77,275,0,219,0,219,87" /><INIT seed="2,0,0,0,3,102" ten="200,275,219,306" oya="2" hai0="127,99,62,86,37,30,55,38,33,45,46,114,123" hai1="107,26,96,20,92,98,57,3,75,112,32,84,72" hai2="50,40,59,131,129,122,65,0,76,56,119,28,89" hai3="35,63,17,47,101,43,79,4,44,83,128,10,106"/><V121/><F119/><W53/><G35/><T39/><D123/><N who="2" m="47114" /><F0/><W118/><G118/><T132/><D114/><U115/><E32/><V130/><F76/><W60/><G128/><T41/><D99/><U51/><E3/><V5/><F5/><W1/><G17/><T29/><D132/><U52/><E84/><V91/><F28/><W8/><G8/><T81/><D127/><U103/><E115/><V126/><F126/><W104/><G101/><T124/><D124/><U7/><E7/><V22/><F22/><W15/><G53/><T14/><D14/><U9/><E9/><V116/><F116/><W125/><G125/><T135/><D135/><U61/><E51/><V111/><F111/><W134/><G134/><T105/><D105/><N who="3" m="40553" /><G47/><T16/><D45/><U108/><E108/><V23/><F23/><W6/><G6/><T27/><D30/><U21/><E21/><V13/><F13/><W70/><G70/><T120/><D120/><U94/><E94/><V12/><F12/><W113/><G113/><T64/><D55/><U66/><E66/><V58/><F65/><W71/><G71/><T80/><D64/><U109/><E109/><V67/><F67/><W25/><G25/><T88/><D27/><U68/><E68/><V73/><F73/><N who="3" m="43503" /><G15/><T19/><D33/><U85/><E85/><V90/><F40/><W74/><G74/><T36/><D41/><U18/><E112/><V110/><F110/><W117/><G117/><T54/><D54/><AGARI ba="0,0" hai="50,54,56,58,59,89,90,91,129,130,131" m="47114" machi="54" ten="40,2000,0" yaku="19,1" doraHai="102" who="2" fromWho="0" sc="200,-20,275,0,219,20,306,0" /><INIT seed="2,1,0,4,3,66" ten="180,275,239,306" oya="2" hai0="113,94,43,59,106,6,22,0,34,16,80,89,67" hai1="48,116,21,29,23,119,55,122,64,9,93,79,108" hai2="31,50,49,26,12,126,77,120,72,54,27,51,68" hai3="24,56,10,99,112,130,74,115,58,134,131,109,121"/><V61/><F120/><W41/><G74/><T107/><D34/><U127/><E108/><V3/><F3/><W124/><G121/><T88/><D113/><N who="3" m="43593" /><G109/><T95/><D43/><U133/><E122/><V125/><F12/><W36/><G134/><T92/><D0/><U85/><E133/><V114/><F114/><W75/><G75/><T82/><D6/><U87/><E127/><N who="2" m="48651" /><F31/><W91/><G124/><T62/><D107/><U4/><E64/><N who="2" m="40975" /><F54/><W46/><G10/><T97/><D106/><U5/><E29/><V19/><F19/><W45/><G24/><N who="2" m="9257" /><F72/><W13/><G13/><N who="0" m="9487" /><D95/><U96/><E119/><V30/><F30/><W2/><G2/><T35/><D35/><U63/><E63/><V44/><F44/><W33/><G46/><T135/><D135/><U105/><E116/><V38/><F77/><W57/><G33/><T70/><D70/><U102/><E79/><V39/><AGARI ba="1,0" hai="38,39,49,50,51" m="9257,40975,48651" machi="39" ten="40,3900,0" yaku="18,1,52,1" doraHai="66" who="2" fromWho="2" sc="180,-14,275,-14,239,42,306,-14" /><INIT seed="2,2,0,5,5,42" ten="166,261,281,292" oya="2" hai0="109,117,121,62,127,80,78,26,55,79,46,20,85" hai1="134,30,111,70,115,91,45,52,59,57,75,77,73" hai2="41,90,13,93,76,118,49,108,130,96,128,64,84" hai3="25,0,104,27,39,37,14,58,100,8,68,24,34"/><V112/><F112/><W17/><G0/><T74/><D121/><U88/><E115/><V81/><F118/><W122/><G122/><T33/><D117/><U38/><E70/><V106/><F64/><W50/><G34/><T99/><D127/><U102/><E102/><N who="2" m="62791" /><F13/><W21/><G68/><T48/><D109/><U1/><E1/><V40/><F108/><W67/><G8/><T98/><D33/><U18/><E111/><V22/><F22/><W19/><G19/><T120/><D120/><U60/><E30/><V63/><F63/><W126/><G126/><T92/><D62/><U123/><E123/><V110/><F110/><W116/><G116/><T89/><REACH who="0" step="1"/><D79/><REACH who="0" ten="156,261,281,292" step="2"/><U28/><E77/><V47/><F41/><W5/><G67/><T23/><D23/><U132/><E60/><V125/><F125/><W51/><G21/><T44/><D44/><U103/><E45/><V65/><F65/><W124/><G124/><T87/><D87/><U2/><E75/><V15/><F15/><W11/><G14/><T66/><D66/><U113/><E73/><AGARI ba="2,1" hai="40,47,49,73,76,81,84,90,93,128,130" m="62791" machi="73" ten="30,2900,0" yaku="24,1,52,1" doraHai="42" who="2" fromWho="1" sc="156,0,261,-35,281,45,292,0" /><INIT seed="2,3,0,5,0,131" ten="156,226,326,292" oya="2" hai0="70,76,118,4,22,55,83,88,81,46,33,25,61" hai1="73,111,125,92,47,54,84,59,97,34,82,27,128" hai2="30,64,32,101,44,108,95,23,110,71,45,87,91" hai3="68,124,112,121,135,106,69,2,122,132,130,53,90"/><V19/><F101/><W109/><G106/><T6/><D118/><U56/><E73/><V0/><F0/><W89/><G2/><T17/><D33/><U66/><E111/><N who="2" m="42539" /><F30/><W134/><G109/><T78/><D70/><N who="3" m="27241" /><G130/><T72/><D88/><N who="3" m="33897" /><G124/><T26/><D26/><U38/><E27/><N who="2" m="14847" /><F32/><W5/><G5/><T35/><D35/><U102/><E34/><V80/><F80/><W11/><G11/><T103/><D103/><U36/><E82/><V96/><F96/><W52/><G112/><T7/><D61/><AGARI ba="3,0" hai="44,45,61,64,71,87,91,95" m="14847,42539" machi="61" ten="30,2900,0" yaku="14,1,10,1" doraHai="131" who="2" fromWho="0" sc="156,-38,226,0,326,38,292,0" /><INIT seed="2,4,0,3,0,78" ten="118,226,364,292" oya="2" hai0="100,63,123,116,31,74,19,99,66,57,95,101,113" hai1="16,4,25,118,61,119,121,20,98,26,112,1,97" hai2="88,130,10,9,35,51,132,17,60,114,34,0,69" hai3="15,27,33,84,53,22,111,50,46,122,89,5,105"/><V39/><F114/><W48/><G122/><T36/><D123/><U90/><E121/><V18/><F39/><W82/><G105/><T91/><D113/><U79/><E112/><V128/><F132/><W42/><G111/><T67/><D116/><U102/><E79/><V68/><F51/><W96/><G33/><N who="2" m="12297" /><F88/><W93/><G5/><T37/><D74/><U85/><E26/><V124/><F60/><W23/><G15/><T44/><D31/><U8/><E61/><V87/><F87/><W56/><REACH who="3" step="1"/><G27/><REACH who="3" ten="118,226,364,282" step="2"/><T38/><D67/><U71/><E71/><V41/><F69/><W77/><AGARI ba="4,1" hai="22,23,42,46,48,50,53,56,77,82,84,89,93,96" machi="77" ten="20,16000,3" yaku="1,1,2,1,0,1,7,1,8,1,52,1,53,2" doraHai="78" doraHaiUra="47" who="3" fromWho="3" sc="118,-44,226,-44,364,-84,282,182" /><INIT seed="3,0,0,1,1,46" ten="74,182,280,464" oya="3" hai0="14,50,3,11,119,97,21,70,113,67,22,13,12" hai1="92,83,85,69,1,123,38,18,40,82,58,76,32" hai2="56,59,79,54,135,115,103,106,29,57,99,44,122" hai3="19,2,131,128,23,31,10,132,25,130,71,16,80"/><W15/><G71/><T20/><D119/><U35/><E69/><V112/><F135/><W73/><G73/><T118/><D118/><U17/><E1/><V72/><F122/><W62/><G62/><T87/><D113/><U45/><E123/><V101/><F29/><W108/><G80/><T34/><D34/><U28/><E92/><V126/><F103/><W43/><G43/><T37/><D37/><U53/><E83/><V24/><F24/><W39/><G39/><T117/><D117/><U4/><E4/><V93/><F126/><W109/><G132/><T84/><D97/><U55/><E53/><V78/><F93/><W107/><G107/><T60/><D3/><U8/><E28/><V64/><F64/><W104/><G104/><T26/><D26/><U75/><E75/><V89/><F89/><W102/><G102/><T66/><D11/><U74/><E74/><V47/><F78/><W125/><G125/><T100/><D100/><U65/><E65/><V105/><F105/><W68/><G68/><T48/><REACH who="0" step="1"/><D67/><REACH who="0" ten="64,182,280,464" step="2"/><U94/><E8/><V90/><F99/><W77/><G2/><T6/><D6/><U124/><E124/><V96/><F101/><W86/><G86/><AGARI ba="0,1" hai="12,13,14,20,21,22,48,50,60,66,70,84,86,87" machi="86" ten="40,5200,0" yaku="1,1,52,2,53,0" doraHai="46" doraHaiUra="133" who="0" fromWho="3" sc="64,62,182,0,280,0,464,-52" /><INIT seed="4,0,0,4,2,126" ten="126,182,280,412" oya="0" hai0="130,40,27,4,99,115,1,21,60,48,89,23,96" hai1="57,62,11,97,108,125,53,67,86,133,123,14,51" hai2="26,70,44,98,18,118,128,94,72,84,81,8,41" hai3="54,25,106,103,28,20,71,59,113,107,79,38,10"/><T119/><D119/><U7/><E108/><V2/><F118/><W91/><G71/><T132/><D115/><U109/><E109/><V13/><F70/><W122/><G38/><T16/><D132/><U92/><E133/><V58/><F58/><W39/><G39/><T56/><D130/><U46/><E125/><V76/><F128/><W66/><G66/><N who="0" m="39175" /><D1/><U105/><E105/><V85/><F26/><W5/><G79/><T135/><D135/><U36/><E36/><V17/><F17/><W73/><G73/><T88/><D4/><U111/><E111/><V110/><F2/><W124/><G124/><T32/><D32/><U127/><E127/><V93/><F93/><W47/><G47/><N who="0" m="25703" /><D23/><U116/><E116/><V0/><F0/><W83/><G113/><T101/><D101/><U75/><E75/><V49/><REACH who="2" step="1"/><F110/><REACH who="2" ten="126,182,270,412" step="2"/><W134/><G134/><T3/><D3/><U74/><E123/><V80/><F80/><W42/><G83/><T29/><D29/><U78/><E57/><V90/><AGARI ba="0,1" hai="8,13,18,41,44,49,72,76,81,84,85,90,94,98" machi="90" ten="20,2700,0" yaku="1,1,0,1,7,1,53,0" doraHai="126" doraHaiUra="31" who="2" fromWho="2" sc="126,-13,182,-7,270,37,412,-7" /><INIT seed="5,0,0,2,5,40" ten="113,175,307,405" oya="1" hai0="102,38,131,14,48,61,103,64,89,93,15,16,58" hai1="29,109,88,5,105,95,124,116,86,35,42,78,53" hai2="34,117,91,80,126,119,99,114,65,81,69,100,49" hai3="24,70,50,9,110,56,73,118,54,125,7,43,20"/><U90/><E116/><V31/><F126/><W39/><G110/><T44/><D38/><U111/><E105/><N who="2" m="63647" /><F49/><W17/><G70/><T74/><D74/><U122/><E122/><V60/><F114/><W82/><G125/><T84/><D131/><U79/><E124/><V45/><F45/><W112/><G112/><T76/><D76/><U57/><E42/><V52/><F52/><W27/><G118/><N who="2" m="45065" /><F91/><W98/><G39/><T47/><D14/><U0/><E90/><V94/><F94/><W75/><G43/><N who="0" m="24703" /><D44/><U128/><E128/><V10/><F10/><AGARI ba="0,0" hai="10,15,16,58,61,64,84,89,93,102,103" m="24703" machi="10" ten="30,3900,0" yaku="8,1,52,1,54,1" doraHai="40" who="0" fromWho="2" sc="113,39,175,0,307,-39,405,0" /><INIT seed="6,0,0,3,4,29" ten="152,175,268,405" oya="2" hai0="43,55,72,129,120,22,135,79,70,100,38,110,25" hai1="37,1,102,124,97,17,35,74,20,18,115,21,47" hai2="130,84,116,123,76,69,51,66,23,99,109,91,81" hai3="88,41,125,8,3,96,131,60,85,10,31,52,75"/><V112/><F123/><W73/><G41/><T62/><D120/><U14/><E74/><V4/><F116/><W59/><G131/><T121/><D121/><U106/><E1/><V26/><F109/><W45/><G45/><T94/><D110/><U80/><E124/><V127/><F4/><W68/><G125/><T122/><D122/><U117/><E117/><V111/><F112/><W86/><G96/><N who="0" m="59415" /><D70/><U108/><E108/><V77/><F111/><W65/><G31/><N who="0" m="17847" /><D129/><U15/><E115/><V30/><F99/><W82/><G85/><T40/><D135/><U98/><E98/><V119/><F119/><W133/><G65/><T67/><D38/><U39/><E35/><V64/><F69/><W33/><G60/><T19/><D72/><U44/><E80/><V24/><F81/><W61/><G8/><T93/><D79/><U107/><E97/><V32/><F77/><W104/><G133/><T49/><D93/><U54/><E102/><V27/><F76/><W95/><G86/><T13/><D62/><U101/><E101/><V128/><F84/><W5/><G68/><T42/><D67/><U103/><E103/><V58/><F66/><W16/><G75/><T134/><D134/><U9/><E9/><V78/><F64/><W114/><G73/><T6/><D6/><U56/><E54/><V90/><F127/><W28/><G114/><T89/><D89/><U50/><E50/><V2/><F51/><W36/><G5/><T113/><D113/><U0/><E0/><V11/><F2/><W87/><G3/><T46/><D55/><U53/><E53/><RYUUKYOKU ba="0,0" sc="152,15,175,15,268,-15,405,-15" hai0="13,19,40,42,43,46,49" hai1="14,15,17,18,20,21,37,39,44,47,56,106,107" /><INIT seed="7,1,0,2,5,116" ten="167,190,253,390" oya="3" hai0="133,109,64,97,30,29,18,73,27,42,106,104,74" hai1="35,103,77,90,119,24,70,7,21,31,15,128,4" hai2="55,13,2,38,115,51,9,79,131,19,65,129,86" hai3="5,12,62,28,1,94,26,96,117,91,68,20,105"/><W32/><G117/><T33/><D109/><U108/><E108/><V114/><F65/><W126/><G126/><T111/><D111/><U10/><E119/><V22/><F38/><W61/><G105/><T98/><D64/><U67/><E128/><N who="2" m="49227" /><F86/><W69/><G62/><T40/><D18/><U47/><E77/><V52/><F79/><W135/><G135/><T39/><D27/><U100/><E35/><V57/><F55/><W54/><G54/><T87/><D87/><U121/><E121/><V76/><F76/><W132/><G132/><T23/><D133/><U84/><E4/><AGARI ba="1,0" hai="2,4,9,13,19,22,51,52,57,114,115" m="49227" machi="4" ten="30,2000,0" yaku="19,1,54,1" doraHai="116" who="2" fromWho="1" sc="167,0,190,-23,253,23,390,0" owari="167,-23.0,167,-33.0,276,8.0,390,48.0" /></mjloggm>