<mjloggm ver="2.3"><GO type="41"/><UN n0="%2D%E6%B0%B7%E5%AE%A4%2D" n1="%E3%82%A6%E3%83%AB%E3%83%88%E3%83%A9%E7%AB%8B%E7%9B%B4" n2="%6B%2D%6D%61%6E" n3="%61%61%61%73" dan="14,15,14,13" rate="1977,2011,1838,1828" sx="M,M,M,M"/><TAIKYOKU oya="0"/><INIT seed="0,0,0,1,2,43" ten="250,250,250,250" oya="0" hai0="28,59,81,37,106,121,71,91,108,48,129,128,14" hai1="107,0,54,92,18,119,85,46,97,47,58,73,89" hai2="123,29,90,130,111,122,135,105,70,131,41,118,93" hai3="112,35,3,56,63,36,31,125,104,15,102,99,13"/><T60/><D121/><N who="2" m="46090" /><F70/><W117/><G36/><T124/><D106/><U6/><E73/><V57/><F29/><W96/><G3/><T126/><D37/><U116/><E6/><V8/><F105/><W32/><G112/><T86/><D28/><U101/><E0/><V87/><F8/><W68/><G125/><N who="0" m="48235" /><D108/><U22/><E116/><V61/><F41/><W65/><G56/><T83/><D14/><U134/><E119/><V77/><F77/><W113/><G32/><T109/><D109/><U127/><E127/><V52/><F118/><W34/><G34/><T24/><D24/><U74/><E74/><V53/><F111/><W78/><G113/><T76/><D71/><U20/><E20/><V75/><F75/><W45/><G117/><T55/><D60/><U38/><E38/><V42/><F42/><W115/><G115/><T39/><D39/><U5/><E5/><V80/><F80/><W114/><G114/><T103/><D103/><U133/><E58/><V16/><F135/><N who="1" m="51721" /><E54/><N who="2" m="21099" /><F61/><W21/><G35/><T33/><D33/><U62/><E62/><V69/><F69/><W95/><G63/><T44/><D59/><U49/><E49/><V50/><F57/><W82/><G68/><T64/><D64/><U30/><E30/><V67/><F67/><W110/><G65/><T98/><D98/><U7/><E7/><V12/><F50/><W27/><G99/><T4/><D4/><U88/><E89/><V94/><F94/><W11/><G95/><T26/><D26/><AGARI ba="0,0" hai="18,22,26,46,47,85,88,92,97,101,107" m="51721" machi="26" ten="30,7700,0" yaku="20,1,52,2,54,1" doraHai="43" who="1" fromWho="0" sc="250,-77,250,77,250,0,250,0" /><INIT seed="1,0,0,4,4,118" ten="173,327,250,250" oya="1" hai0="59,134,74,53,123,3,75,88,1,120,22,32,52" hai1="7,23,44,19,42,54,72,37,28,121,9,93,65" hai2="48,95,62,117,47,25,128,24,91,12,51,50,80" hai3="31,97,38,76,40,105,113,58,4,126,131,27,0"/><U6/><E65/><V33/><F33/><W107/><G113/><T15/><D32/><U101/><E28/><V14/><F117/><W122/><G58/><T109/><D109/><U18/><E7/><V20/><F80/><W77/><G76/><T35/><D35/><U82/><E93/><V11/><F128/><W111/><G131/><T86/><D134/><U16/><E101/><V2/><F2/><N who="0" m="522" /><D15/><N who="2" m="5674" /><F11/><W41/><G41/><T10/><D22/><U73/><E23/><V30/><F62/><W99/><G111/><T92/><D10/><U81/><E54/><N who="0" m="21097" /><D59/><U13/><E73/><V36/><F36/><W108/><G108/><T21/><D21/><U116/><E116/><V45/><F25/><W55/><G27/><T112/><D112/><U106/><E72/><V130/><F130/><W26/><G26/><T135/><D135/><U110/><E110/><V127/><F127/><W34/><G126/><T124/><D124/><U49/><E37/><V83/><F83/><W39/><G38/><T69/><D69/><U132/><E132/><V60/><F60/><W102/><G39/><T90/><D90/><U94/><E82/><V119/><F119/><W56/><G34/><T43/><D43/><U103/><E81/><V63/><F63/><W5/><G40/><T104/><D104/><U57/><E106/><V125/><F125/><W8/><G105/><T17/><D17/><U85/><E18/><V89/><F89/><W115/><G107/><T79/><D79/><U129/><E19/><V71/><F71/><W46/><G77/><T87/><D86/><AGARI ba="0,0" hai="20,24,30,45,47,48,50,51,86,91,95" m="5674" machi="86" ten="30,1000,0" yaku="8,1" doraHai="118" who="2" fromWho="0" sc="173,-10,327,0,250,10,250,0" /><INIT seed="2,0,0,0,2,6" ten="163,327,260,250" oya="2" hai0="118,111,133,102,21,87,24,112,93,35,92,37,103" hai1="80,109,71,135,70,49,74,90,60,101,134,97,5" hai2="122,17,8,104,82,77,11,105,106,47,0,46,13" hai3="66,117,38,121,63,25,69,54,120,42,110,96,14"/><V3/><F122/><W81/><G110/><T23/><D112/><U65/><E109/><V99/><F99/><W100/><G117/><T22/><D118/><U9/><E49/><V27/><F27/><W89/><G89/><T67/><D37/><U86/><E74/><V114/><F114/><W45/><G81/><T39/><D39/><U72/><E72/><V31/><F31/><W44/><G44/><T36/><D36/><U51/><E51/><V129/><F129/><W34/><G54/><T94/><D111/><U2/><REACH who="1" step="1"/><E71/><REACH who="1" step="2"/><V48/><F48/><W132/><G132/><T56/><D133/><U98/><E98/><V108/><F108/><W113/><G113/><T85/><D35/><U83/><E83/><V78/><F82/><W1/><G121/><T57/><D24/><U59/><E59/><N who="0" m="22601" /><D67/><U58/><E58/><V95/><F13/><W107/><G14/><T19/><D19/><U76/><E76/><V73/><F17/><W75/><G120/><T79/><D79/><U68/><E68/><V127/><F73/><W26/><G26/><T15/><D15/><U16/><E16/><V61/><F61/><W91/><G75/><T124/><D124/><U53/><E53/><V50/><F50/><W18/><G18/><T28/><D28/><U30/><E30/><V125/><F106/><AGARI ba="0,1" hai="2,5,9,60,65,70,80,86,90,97,101,106,134,135" machi="106" ten="40,8000,1" yaku="1,1,52,1,53,2" doraHai="6" doraHaiUra="130" who="1" fromWho="2" sc="163,0,317,90,260,-80,250,0" /><INIT seed="3,0,0,1,4,116" ten="163,407,180,250" oya="3" hai0="53,66,95,44,52,75,49,29,131,103,78,70,113" hai1="122,119,134,28,83,115,109,132,104,128,80,46,51" hai2="82,32,59,4,14,37,39,135,12,8,64,71,67" hai3="11,56,31,90,1,27,17,30,91,106,130,87,62"/><W5/><G106/><T97/><D131/><U3/><E28/><V2/><F32/><W35/><G130/><T41/><D113/><U7/><E51/><V55/><F135/><W98/><G31/><T94/><D29/><U89/><E46/><V68/><F82/><W13/><G87/><T111/><D111/><U123/><E7/><V105/><F105/><W23/><REACH who="3" step="1"/><G98/><REACH who="3" step="2"/><T108/><D75/><U65/><E104/><V84/><F84/><W118/><G118/><T63/><D108/><U10/><E109/><V42/><F71/><W72/><G72/><T133/><D133/><U110/><E110/><V76/><F68/><W93/><G93/><T96/><REACH who="0" step="1"/><D78/><REACH who="0" step="2"/><U102/><E128/><V85/><F76/><W120/><G120/><T43/><D43/><U6/><E132/><V47/><F42/><W125/><G125/><T24/><D24/><U50/><E134/><V100/><F14/><W101/><G101/><AGARI ba="0,2" hai="41,44,49,52,53,63,66,70,94,95,96,97,101,103" machi="101" ten="30,7700,0" yaku="1,1,7,1,9,1,54,1,53,0" doraHai="116" doraHaiUra="129" who="0" fromWho="3" sc="153,97,407,0,180,0,240,-77" /><INIT seed="4,0,0,2,3,72" ten="250,407,180,163" oya="0" hai0="11,3,135,124,63,105,25,24,116,8,6,84,88" hai1="21,68,87,129,74,10,38,111,128,22,51,27,101" hai2="29,47,0,33,77,92,97,91,94,120,16,44,52" hai3="110,78,30,130,66,2,104,107,96,46,119,123,7"/><T37/><D116/><U61/><E74/><V5/><F120/><W54/><G110/><T115/><D37/><U60/><E38/><V81/><F33/><W103/><G119/><T17/><D105/><U122/><E111/><V112/><F29/><W133/><G107/><T28/><D115/><U114/><E122/><V89/><F112/><W132/><G123/><T48/><D124/><U118/><E118/><V56/><F0/><W41/><G130/><N who="1" m="50282" /><E101/><V32/><F32/><W95/><G66/><T117/><D135/><N who="3" m="51785" /><G54/><T36/><D36/><U1/><E22/><V106/><F106/><W113/><G30/><T64/><D48/><U23/><E23/><V73/><F5/><W134/><G113/><T59/><D117/><U93/><E51/><V85/><F16/><W13/><G104/><T49/><D49/><AGARI ba="0,0" hai="44,47,49,52,56,73,77,81,85,89,91,92,94,97" machi="49" ten="30,3900,0" yaku="7,1,52,1,54,1" doraHai="72" who="2" fromWho="0" sc="250,-39,407,0,180,39,163,0" /><INIT seed="5,0,0,3,0,66" ten="211,407,219,163" oya="1" hai0="89,120,14,1,111,38,96,108,60,28,118,110,116" hai1="107,98,68,94,19,52,36,86,25,70,27,122,54" hai2="69,74,82,92,105,84,40,13,43,30,29,128,3" hai3="33,63,12,113,46,83,44,5,26,20,11,16,17"/><U99/><E86/><V10/><F3/><W115/><G83/><T79/><D38/><U87/><E87/><V131/><F74/><W32/><G63/><T37/><D37/><U18/><E36/><V127/><F105/><W39/><G46/><T45/><D1/><U8/><E8/><V67/><F92/><W109/><G109/><T72/><D28/><U76/><E94/><V78/><F127/><W123/><G44/><T133/><D45/><U2/><E2/><V61/><F30/><W81/><G81/><N who="0" m="45287" /><D60/><U130/><E76/><V112/><F29/><W58/><G58/><T47/><D47/><U24/><E107/><V42/><REACH who="2" step="1"/><F112/><REACH who="2" step="2"/><N who="3" m="43083" /><G123/><T93/><D120/><U100/><E122/><V129/><F129/><W95/><G95/><T121/><D121/><U64/><E130/><V119/><F119/><N who="0" m="45610" /><D14/><U50/><E25/><V97/><F97/><W114/><N who="3" m="43091" /><W91/><DORA hai="85" /><G39/><T101/><D101/><U106/><E100/><V62/><F62/><W48/><G48/><T49/><D49/><U0/><E50/><V71/><F71/><W56/><G56/><T125/><D125/><U65/><E106/><V41/><N who="2" m="10752" /><DORA hai="126" /><V134/><F134/><AGARI ba="0,1" hai="89,93,96,108,110,111,133,134" m="45610,45287" machi="134" ten="40,5200,0" yaku="34,2,52,1" doraHai="66,85,126" who="0" fromWho="2" sc="211,62,407,0,209,-52,163,0" /><INIT seed="6,0,0,3,5,116" ten="273,407,157,163" oya="2" hai0="121,100,44,37,0,108,3,115,19,132,41,24,45" hai1="52,62,46,49,56,47,82,35,42,76,1,135,74" hai2="34,29,9,59,84,104,79,28,33,99,58,12,92" hai3="68,95,90,55,4,16,57,83,131,124,109,70,122"/><V38/><F104/><W40/><G109/><T63/><D121/><U85/><E35/><V7/><F38/><W25/><G122/><T31/><D108/><U119/><E119/><V117/><F117/><W102/><G131/><T48/><D132/><U106/><E1/><V21/><F34/><W36/><G124/><T91/><D115/><U73/><E106/><V96/><F33/><W30/><G4/><T32/><D100/><U5/><E5/><V125/><F125/><W54/><G70/><T2/><D63/><U65/><E135/><V126/><F126/><W8/><G68/><T97/><D19/><U107/><E107/><V18/><F79/><W111/><G111/><T88/><REACH who="0" step="1"/><D97/><REACH who="0" step="2"/><U103/><E103/><V134/><F134/><W39/><G102/><T51/><D51/><AGARI ba="0,1" hai="42,46,47,49,51,52,56,62,65,73,74,76,82,85" machi="51" ten="30,2000,0" yaku="7,1,54,1" doraHai="116" who="1" fromWho="0" sc="263,-20,407,30,157,0,163,0" /><INIT seed="7,0,0,2,4,64" ten="243,437,157,163" oya="3" hai0="92,117,36,37,70,108,126,69,116,63,18,29,72" hai1="14,54,61,79,131,20,4,0,128,78,113,85,74" hai2="134,109,75,43,80,24,51,130,53,58,101,88,52" hai3="76,118,107,28,60,48,132,104,94,90,59,6,1"/><W73/><G118/><T62/><D29/><U122/><E74/><V13/><F75/><W55/><G132/><T16/><D72/><U129/><E113/><V12/><F134/><W5/><G28/><T93/><REACH who="0" step="1"/><D126/><REACH who="0" step="2"/><U56/><E128/><V89/><F130/><W26/><G1/><T98/><D98/><U3/><E129/><V50/><F109/><AGARI ba="0,1" hai="16,18,36,37,62,63,69,70,92,93,108,109,116,117" machi="109" ten="25,12000,2" yaku="1,1,22,2,52,2,54,1,53,0" doraHai="64" doraHaiUra="97" who="0" fromWho="2" sc="233,130,437,0,157,-120,163,0" owari="363,16.0,437,54.0,37,-46.0,163,-24.0" /></mjloggm>