<mjloggm ver="2.3"><GO type="169"/><UN n0="%E4%BB%8A%E6%97%A5%E4%B8%80" n1="%E3%82%B9%E3%83%86%E3%83%AB%E3%82%B9%E3%83%87%E3%83%96" n2="%E8%B6%85%E4%BA%BA%EF%BC%AD" n3="%EF%BC%88%E2%89%A7%E2%96%BD%E2%89%A6%EF%BC%89" dan="16,16,17,16" rate="2067,2128,2148,2110" sx="M,M,M,M"/><TAIKYOKU oya="0"/><INIT seed="0,0,0,5,2,56" ten="250,250,250,250" oya="0" hai0="5,109,130,14,37,29,55,100,115,91,47,62,92" hai1="76,22,23,77,52,25,19,127,80,72,118,36,21" hai2="71,6,96,70,107,105,0,35,58,39,49,15,27" hai3="97,89,124,83,98,82,114,30,86,113,18,111,122"/><T74/><D115/><N who="3" m="44041" /><G18/><T84/><D74/><U64/><E118/><V26/><F15/><W116/><G30/><T20/><D130/><U13/><E36/><V45/><F27/><W34/><G34/><T94/><D109/><U93/><E64/><V33/><F58/><W112/><G112/><T1/><D1/><U126/><E77/><V4/><F49/><W110/><G116/><T104/><D104/><N who="2" m="40010" /><F96/><N who="3" m="36971" /><G124/><N who="1" m="47658" /><E93/><V73/><F73/><W65/><G65/><T69/><D94/><U57/><E25/><V24/><F24/><W9/><G9/><T67/><D92/><U99/><E99/><V59/><F59/><W61/><G61/><AGARI ba="0,0" hai="13,19,21,22,23,52,57,61,72,76,80" m="47658" machi="61" ten="30,3900,0" yaku="18,1,52,1,54,1" doraHai="56" who="1" fromWho="3" sc="250,0,250,39,250,0,250,-39" /><INIT seed="1,0,0,0,3,15" ten="250,289,250,211" oya="1" hai0="37,11,121,25,124,35,46,31,52,55,75,68,96" hai1="134,120,45,32,42,69,83,51,74,53,78,118,132" hai2="86,38,26,20,85,17,130,16,91,5,34,101,18" hai3="109,13,108,39,97,19,71,9,50,102,92,58,43"/><U33/><E120/><V65/><F38/><W63/><G39/><T110/><D75/><U59/><E118/><V24/><F5/><W95/><G71/><T128/><D68/><U40/><E69/><V100/><F130/><W107/><G43/><T56/><D124/><U8/><E8/><V99/><F65/><W87/><G50/><T122/><D128/><U106/><E106/><V131/><F131/><W27/><G27/><N who="2" m="10281" /><F34/><W116/><G116/><T135/><D96/><U98/><E98/><V61/><F61/><W117/><G117/><T36/><D36/><U82/><E82/><V79/><F20/><W77/><G77/><T123/><D135/><N who="1" m="51755" /><E42/><V14/><F14/><W133/><G133/><T10/><D37/><AGARI ba="0,0" hai="32,33,37,40,45,51,53,59,74,78,83" m="51755" machi="37" ten="30,1500,0" yaku="20,1" doraHai="15" who="1" fromWho="0" sc="250,-15,289,15,250,0,211,0" /><INIT seed="1,1,0,1,3,58" ten="235,304,250,211" oya="1" hai0="134,65,22,62,31,1,74,23,67,86,101,97,39" hai1="105,0,98,77,48,29,102,81,8,116,119,84,104" hai2="73,66,14,55,26,83,85,93,87,53,91,50,103" hai3="122,25,20,69,19,30,2,128,3,131,51,33,72"/><U124/><E124/><V79/><F73/><W6/><G72/><T90/><D74/><U27/><E104/><V7/><F103/><W113/><G69/><T114/><D114/><U40/><E40/><V80/><F66/><W46/><G113/><T96/><D1/><U43/><E43/><V49/><F26/><W28/><G122/><T41/><D65/><U21/><REACH who="1" step="1"/><E48/><REACH who="1" ten="235,294,250,211" step="2"/><V118/><F118/><W24/><G51/><N who="2" m="19465" /><F83/><W133/><G46/><T4/><D41/><U34/><E34/><V37/><F37/><W17/><G133/><T88/><D39/><U111/><E111/><V135/><F135/><W36/><G36/><T32/><D134/><U10/><E10/><AGARI ba="1,1" hai="7,10,14,53,55,79,80,85,87,91,93" m="19465" machi="10" ten="30,1000,0" yaku="8,1" doraHai="58" who="2" fromWho="1" sc="235,0,294,-13,250,23,211,0" /><INIT seed="2,0,0,4,4,112" ten="235,281,273,211" oya="2" hai0="114,72,40,82,133,65,43,92,84,93,21,55,89" hai1="79,94,107,104,122,130,73,118,123,115,32,100,97" hai2="80,6,53,46,60,126,3,135,44,36,51,34,49" hai3="116,74,7,13,96,132,58,117,12,76,109,106,41"/><V27/><F36/><W56/><G56/><T68/><D114/><U31/><E115/><V70/><F126/><W62/><G41/><T30/><D133/><U29/><E32/><V113/><F113/><W102/><G132/><T134/><D134/><U25/><E31/><V120/><F120/><N who="1" m="46121" /><E25/><V45/><F135/><W85/><G109/><T5/><D5/><U33/><E29/><V35/><F80/><W39/><G39/><T15/><D55/><U69/><E69/><V47/><N who="2" m="11264" /><DORA hai="103" /><V125/><F125/><W28/><G74/><T63/><D72/><U1/><E1/><V119/><F119/><W83/><G28/><T0/><D0/><U81/><E33/><V105/><F105/><N who="1" m="40521" /><E130/><V66/><F27/><W50/><G50/><T8/><D30/><U17/><E17/><V20/><F20/><W77/><G7/><T88/><D21/><U127/><E127/><V78/><F78/><W24/><G77/><T26/><D26/><U101/><E118/><V11/><REACH who="2" step="1"/><F51/><REACH who="2" ten="235,281,263,211" step="2"/><W2/><G117/><T108/><D108/><U37/><E37/><V59/><AGARI ba="0,1" hai="3,6,11,34,35,49,53,59,60,66,70" m="11264" machi="59" ten="40,7800,0" yaku="1,1,2,1,0,1,53,0" doraHai="112,103" doraHaiUra="128,98" who="2" fromWho="2" sc="235,-26,281,-26,263,88,211,-26" /><INIT seed="2,1,0,1,4,3" ten="209,255,351,185" oya="2" hai0="124,50,35,44,23,7,45,17,132,116,122,115,49" hai1="41,16,2,61,118,62,51,54,77,91,134,6,21" hai2="58,117,108,22,97,100,12,15,9,48,69,27,38" hai3="28,36,30,53,29,46,129,107,52,114,82,98,128"/><V19/><F38/><W123/><G123/><T131/><D122/><U87/><E118/><V71/><F117/><W65/><G65/><T5/><D115/><U127/><E134/><V55/><F15/><W34/><G34/><T103/><D116/><U43/><E127/><V18/><REACH who="2" step="1"/><F108/><REACH who="2" ten="209,255,341,185" step="2"/><W75/><G36/><T135/><D124/><U0/><E0/><V126/><F126/><W113/><G113/><T64/><D132/><U33/><E2/><V94/><AGARI ba="1,1" hai="9,12,18,19,22,27,48,55,58,69,71,94,97,100" machi="94" ten="20,7800,0" yaku="1,1,0,1,7,1,53,1" doraHai="3" doraHaiUra="93" who="2" fromWho="2" sc="209,-27,255,-27,341,91,185,-27" /><INIT seed="2,2,0,3,1,10" ten="182,228,432,158" oya="2" hai0="39,105,66,35,59,20,135,76,14,77,29,52,72" hai1="119,109,131,15,24,60,28,37,44,118,112,126,98" hai2="36,114,69,19,21,115,95,79,49,53,85,40,87" hai3="117,56,99,1,50,83,111,25,78,23,4,8,17"/><V133/><F69/><W120/><G120/><T13/><D105/><U22/><E112/><V3/><F3/><W43/><G117/><T75/><D39/><U123/><E123/><V93/><F36/><W129/><G129/><T62/><D35/><U124/><E131/><V61/><F133/><W107/><G111/><T80/><D66/><U71/><E109/><V2/><F2/><W16/><G107/><T42/><D42/><N who="1" m="22607" /><E98/><V97/><F40/><W31/><G99/><T108/><D135/><U67/><E15/><N who="2" m="9471" /><F61/><W65/><G65/><T51/><D62/><U12/><E12/><V54/><F115/><W100/><G100/><T73/><D108/><U74/><E74/><V84/><F54/><W82/><G82/><T5/><D5/><U130/><E130/><V90/><F114/><W64/><G64/><T9/><D9/><U30/><E30/><V104/><F104/><W11/><G11/><T94/><D94/><U106/><E106/><V18/><F18/><W48/><G48/><T127/><D75/><U122/><E122/><V70/><F70/><W134/><G134/><T91/><D73/><U58/><E71/><V47/><F79/><N who="0" m="30282" /><D72/><U121/><E121/><V33/><F33/><W0/><G0/><T32/><D32/><U132/><E132/><V89/><AGARI ba="2,0" hai="47,49,53,84,85,87,89,90,93,95,97" m="9471" machi="89" ten="30,3000,0" yaku="8,1,52,1" doraHai="10" who="2" fromWho="2" sc="182,-12,228,-12,432,36,158,-12" /><INIT seed="2,3,0,2,1,60" ten="170,216,468,146" oya="2" hai0="105,37,135,48,23,107,122,54,95,33,70,73,53" hai1="128,94,121,61,31,34,56,5,87,59,80,64,36" hai2="27,9,119,81,96,116,120,98,83,131,85,50,6" hai3="1,68,17,78,8,62,91,41,58,99,108,77,84"/><V25/><F120/><W86/><G68/><T16/><D33/><U126/><E36/><V115/><F115/><W72/><G72/><T113/><D113/><U43/><E121/><V20/><F131/><W42/><G108/><T111/><D122/><U114/><E114/><V32/><F83/><W71/><G71/><T67/><D73/><U112/><E112/><V19/><F50/><W127/><G127/><T10/><D37/><U90/><E126/><V13/><F119/><W103/><G1/><T24/><D111/><U44/><E128/><V46/><F46/><W2/><G2/><T100/><D135/><U89/><E5/><V0/><F27/><W30/><G30/><T52/><D10/><U18/><E18/><V88/><F116/><W38/><G38/><T124/><D48/><N who="1" m="26655" /><E34/><V66/><F66/><N who="3" m="39255" /><G103/><T74/><D74/><U97/><E31/><AGARI ba="3,0" hai="0,6,9,13,19,20,25,31,32,81,85,88,96,98" machi="31" ten="40,7700,0" yaku="24,2,54,1" doraHai="60" who="2" fromWho="1" sc="170,0,216,-86,468,86,146,0" /><INIT seed="2,4,0,1,2,10" ten="170,130,554,146" oya="2" hai0="112,0,90,48,25,101,99,64,26,102,43,124,94" hai1="51,76,34,116,110,121,105,74,75,54,98,39,44" hai2="108,79,27,20,31,30,122,21,100,63,106,38,58" hai3="40,57,41,65,52,80,19,9,120,133,118,113,77"/><V111/><F38/><W115/><G120/><T82/><D112/><N who="3" m="43081" /><G118/><T22/><D0/><U29/><E116/><V6/><F122/><W33/><G33/><T97/><D64/><U84/><E121/><V55/><F79/><W17/><G65/><T70/><D70/><U8/><E110/><N who="2" m="42027" /><F6/><W87/><G133/><T62/><D62/><U129/><E129/><V135/><F135/><W24/><G24/><T2/><D2/><U83/><E39/><V91/><F91/><W89/><G89/><T132/><D124/><U127/><E127/><V37/><F37/><W45/><G45/><T95/><D22/><N who="2" m="8810" /><F27/><W42/><G9/><T71/><D26/><U107/><E34/><V131/><F131/><W18/><G18/><T35/><D25/><U53/><E29/><V114/><F114/><W86/><G86/><T15/><D35/><U13/><E98/><AGARI ba="4,0" hai="30,31,55,58,63,98,100,106" m="8810,42027" machi="98" ten="30,2900,0" yaku="14,1,10,1" doraHai="10" who="2" fromWho="1" sc="170,0,130,-41,554,41,146,0" /><INIT seed="2,5,0,0,5,70" ten="170,89,595,146" oya="2" hai0="86,77,121,120,134,82,27,30,114,10,58,12,25" hai1="108,71,130,102,32,19,0,38,111,18,119,40,39" hai2="3,28,53,46,66,50,106,54,99,52,123,35,24" hai3="125,100,104,78,62,41,97,76,92,15,59,47,26"/><V11/><F123/><W23/><G125/><T5/><D114/><U61/><E119/><V44/><F66/><W124/><G15/><T2/><D134/><U74/><E74/><V57/><F57/><W42/><G104/><T49/><D2/><U112/><E112/><V6/><REACH who="2" step="1"/><F46/><REACH who="2" ten="170,89,585,146" step="2"/><W88/><G47/><T83/><D58/><U20/><E71/><V122/><F122/><W31/><G59/><T91/><D120/><U68/><E68/><V13/><F13/><W80/><G62/><T116/><D121/><U107/><E61/><V1/><F1/><W34/><G26/><T55/><D116/><U109/><E0/><V45/><F45/><W101/><G124/><T129/><D27/><U4/><E109/><V103/><AGARI ba="5,1" hai="3,6,11,24,28,35,44,50,52,53,54,99,103,106" machi="103" ten="30,6000,0" yaku="1,1,0,1,54,1,53,0" doraHai="70" doraHaiUra="87" who="2" fromWho="2" sc="170,-25,89,-25,585,85,146,-25" /><INIT seed="2,6,0,0,1,48" ten="145,64,670,121" oya="2" hai0="22,31,111,93,80,21,96,38,33,134,115,63,12" hai1="110,15,51,130,73,54,50,65,94,8,62,2,36" hai2="66,75,113,99,82,11,39,58,52,114,70,90,84" hai3="112,69,6,25,28,107,10,108,44,71,118,125,133"/><V57/><F39/><W68/><G118/><T34/><D115/><U27/><E36/><V123/><F70/><W88/><G112/><T122/><D122/><U129/><E73/><V60/><F123/><W92/><G107/><T30/><D63/><U78/><E78/><V104/><F75/><W24/><G133/><T135/><D38/><U49/><E2/><V86/><F11/><W102/><G102/><T23/><D80/><U47/><E110/><V20/><F86/><W132/><G132/><N who="0" m="50731" /><D12/><U64/><E27/><V42/><F42/><W119/><G108/><T1/><D1/><U41/><E94/><V14/><F104/><W101/><G101/><N who="0" m="60559" /><D111/><U81/><E81/><V13/><F99/><W59/><G25/><T89/><D89/><U85/><E85/><V98/><F98/><W61/><G88/><T16/><D16/><N who="1" m="8295" /><E62/><N who="2" m="36135" /><F113/><W126/><G69/><T116/><D116/><U26/><E26/><V56/><F114/><W91/><G119/><T37/><D37/><U77/><E77/><V7/><F7/><W3/><G71/><T121/><D121/><U46/><E50/><V127/><F127/><W55/><G68/><T17/><D17/><U9/><E9/><V103/><F103/><W43/><G91/><T18/><D18/><U19/><E19/><N who="2" m="10359" /><F13/><W83/><G83/><T53/><D33/><U5/><E5/><V40/><F40/><W131/><G92/><T45/><D34/><U106/><E106/><V100/><F100/><W117/><G117/><T74/><D74/><U124/><E124/><V67/><F60/><W97/><G125/><T105/><D105/><RYUUKYOKU ba="6,0" sc="145,10,64,10,670,10,121,-30" hai0="21,22,23,30,31,45,53" hai1="41,46,47,49,51,54,64,65,129,130" hai2="56,58,66,67,82,84,90" /><INIT seed="2,7,0,0,4,73" ten="155,74,680,91" oya="2" hai0="129,119,40,84,110,76,113,33,108,97,37,79,82" hai1="112,56,57,18,55,125,118,39,58,69,132,31,4" hai2="8,9,16,71,60,85,22,111,104,41,38,68,35" hai3="126,95,106,89,67,10,86,123,11,107,99,48,101"/><V28/><F104/><W135/><G123/><T80/><D33/><U15/><E118/><V42/><F35/><W128/><G107/><T91/><D119/><U32/><E112/><V102/><F28/><W117/><G117/><T133/><D113/><U94/><E69/><V6/><F102/><W61/><G128/><T43/><D129/><U52/><E39/><V62/><F111/><N who="0" m="42538" /><D133/><U121/><E132/><V24/><F71/><W114/><G114/><T127/><D127/><U49/><E125/><V65/><F62/><W26/><G135/><T131/><D131/><U54/><E121/><V34/><F34/><W23/><G48/><T75/><D37/><U93/><E4/><V116/><F116/><W134/><G134/><T17/><D17/><U53/><E31/><V90/><F38/><W122/><G122/><T14/><D14/><U70/><E70/><V21/><F21/><W64/><G126/><T7/><D7/><U45/><REACH who="1" step="1"/><E32/><REACH who="1" ten="155,64,680,91" step="2"/><V120/><F120/><W46/><G46/><T66/><D66/><U72/><E72/><V13/><REACH who="2" step="1"/><F8/><AGARI ba="7,1" hai="8,15,18,45,49,52,53,54,55,56,57,58,93,94" machi="8" ten="40,5200,0" yaku="1,1,8,1,54,1,53,0" doraHai="73" doraHaiUra="92" who="1" fromWho="2" sc="155,0,64,83,680,-73,91,0" /><INIT seed="3,0,0,2,2,65" ten="155,147,607,91" oya="3" hai0="113,3,126,32,54,35,33,88,130,76,22,48,13" hai1="12,24,67,121,45,59,116,64,5,63,52,62,37" hai2="1,53,101,51,49,133,117,114,70,42,27,80,30" hai3="97,55,17,132,68,58,106,108,84,111,128,28,56"/><W102/><G132/><T78/><D3/><U77/><E121/><V119/><F1/><W10/><G128/><T11/><D130/><U99/><E116/><V66/><F101/><W44/><G28/><T36/><D36/><U46/><E77/><V74/><F80/><W125/><G125/><T103/><D103/><U90/><E24/><V82/><F82/><W41/><G84/><T6/><D126/><U104/><E37/><V89/><F89/><W50/><G68/><T60/><D60/><U83/><E104/><V109/><F74/><W14/><REACH who="3" step="1"/><G58/><REACH who="3" ten="155,147,607,81" step="2"/><T96/><D33/><U81/><E99/><V34/><F133/><W115/><G115/><T26/><D32/><U2/><E59/><V107/><F34/><W16/><G16/><N who="0" m="12615" /><D35/><U127/><E127/><V95/><F30/><W91/><G91/><T18/><D18/><U73/><E90/><V123/><F70/><W43/><G43/><T25/><D113/><U39/><E73/><V69/><F69/><W85/><G85/><T4/><D4/><U87/><E5/><V47/><F114/><W135/><G135/><T105/><D6/><U40/><E87/><V0/><F42/><W122/><G122/><T98/><D98/><U134/><E40/><V118/><F123/><W38/><AGARI ba="0,1" hai="10,14,17,38,41,44,50,55,56,97,102,106,108,111" machi="38" ten="30,3000,0" yaku="1,1,0,1,53,0" doraHai="65" doraHaiUra="29" who="3" fromWho="3" sc="155,-10,147,-10,607,-10,81,40" /><INIT seed="3,1,0,2,2,114" ten="145,137,597,121" oya="3" hai0="76,18,55,126,53,49,33,63,94,6,5,132,59" hai1="67,28,3,44,16,47,93,100,78,73,102,68,50" hai2="56,91,133,21,38,57,27,107,119,99,41,101,66" hai3="64,2,125,8,51,110,61,9,25,17,26,35,29"/><W23/><G125/><T128/><D128/><U69/><E3/><V13/><F119/><W96/><G110/><T60/><D132/><U122/><E122/><V70/><F133/><W116/><G116/><T95/><D126/><U4/><E4/><V88/><F13/><W11/><G51/><T75/><D33/><U129/><E28/><V36/><F70/><W20/><G96/><T124/><D124/><U83/><E129/><V90/><F66/><W14/><G61/><T109/><D109/><U131/><E131/><V0/><F0/><W45/><G45/><T74/><D18/><U118/><E118/><V46/><REACH who="2" step="1"/><F38/><REACH who="2" ten="145,137,587,121" step="2"/><W32/><G64/><T89/><D5/><U80/><E67/><V117/><F117/><W84/><G84/><T52/><D6/><U105/><E68/><V58/><F58/><W12/><G2/><T1/><D59/><U130/><E69/><V48/><F48/><W123/><G123/><T82/><D49/><U97/><E50/><V134/><F134/><W86/><G86/><T108/><D1/><U71/><E71/><V112/><F112/><W120/><G120/><T77/><D108/><U79/><E130/><V31/><AGARI ba="1,1" hai="21,27,31,36,41,46,56,57,88,90,91,99,101,107" machi="31" ten="30,7900,0" yaku="1,1,0,1,54,1,53,1" doraHai="114" doraHaiUra="22" who="2" fromWho="2" sc="145,-21,137,-21,587,92,121,-40" /><INIT seed="4,0,0,2,1,76" ten="124,116,679,81" oya="0" hai0="82,116,85,27,90,108,127,33,10,28,68,45,9" hai1="5,44,125,101,52,79,39,30,103,0,1,133,77" hai2="123,29,6,78,91,31,24,13,104,12,8,53,18" hai3="17,22,51,131,86,11,118,62,98,48,84,41,19"/><T132/><D116/><U42/><E125/><V2/><F104/><W40/><G118/><T26/><D127/><U89/><E133/><V114/><F123/><W70/><G131/><T64/><D132/><U80/><E30/><V65/><F114/><W111/><G111/><T7/><D108/><U75/><E79/><V87/><F78/><W71/><G98/><T23/><D45/><U106/><E106/><V97/><F97/><W25/><G25/><T55/><D55/><U135/><E135/><V88/><F91/><W73/><G22/><T93/><D93/><U81/><E0/><V124/><F124/><W95/><G95/><T102/><D102/><U74/><E74/><V72/><F72/><W94/><G94/><T14/><D10/><N who="1" m="2351" /><E52/><V92/><F2/><W36/><G73/><T120/><D120/><U119/><E119/><V122/><F122/><W47/><G47/><T109/><D109/><U15/><E15/><V117/><F24/><W20/><G20/><T112/><D112/><U67/><E67/><V32/><F32/><W50/><G50/><T59/><D64/><U110/><E110/><V130/><F130/><W96/><G96/><T54/><D54/><U35/><E35/><V60/><F53/><W46/><G46/><T56/><D68/><U49/><E49/><V21/><F117/><W61/><REACH who="3" step="1"/><G11/><REACH who="3" ten="124,116,679,71" step="2"/><T126/><REACH who="0" step="1"/><D126/><REACH who="0" ten="114,116,679,71" step="2"/><U66/><E44/><V83/><F92/><W129/><G129/><T4/><D4/><U107/><E107/><V34/><F34/><W99/><G99/><T113/><D113/><U121/><E121/><V16/><F6/><RYUUKYOKU ba="0,2" sc="114,10,116,-30,679,10,71,10" hai0="7,9,14,23,26,27,28,33,56,59,82,85,90" hai2="8,12,13,16,18,21,29,31,60,65,83,87,88" hai3="17,19,36,40,41,48,51,61,62,70,71,84,86" /><INIT seed="4,1,2,3,1,18" ten="124,86,689,81" oya="0" hai0="61,33,56,47,9,81,17,93,49,92,3,40,103" hai1="94,124,100,85,48,113,76,78,25,14,101,6,64" hai2="62,87,84,104,130,1,29,108,0,42,106,35,99" hai3="57,90,15,135,98,10,2,55,31,7,129,96,83"/><T97/><D33/><U75/><E75/><V13/><F108/><W121/><G121/><T50/><D81/><U102/><E124/><V95/><F42/><W128/><G135/><T86/><D86/><U118/><E118/><V37/><F37/><W20/><G2/><T123/><D123/><U116/><E116/><V134/><F134/><W36/><G36/><T53/><D92/><U79/><E113/><V38/><F38/><W65/><G65/><T59/><D59/><U109/><E109/><V117/><F117/><W39/><G39/><T12/><D3/><U77/><E64/><V4/><F62/><AGARI ba="1,2" hai="9,12,17,40,47,49,50,53,56,61,62,93,97,103" machi="62" ten="40,2000,0" yaku="8,1" doraHai="18" who="0" fromWho="2" sc="124,43,86,0,689,-23,81,0" /><INIT seed="4,2,0,5,4,134" ten="167,86,666,81" oya="0" hai0="68,0,64,101,133,43,8,89,49,25,57,38,19" hai1="65,71,10,26,106,81,118,48,129,111,115,5,2" hai2="24,84,4,123,86,72,104,120,67,96,83,122,36" hai3="87,40,53,85,1,79,39,75,117,47,88,80,17"/><T135/><D101/><U44/><E118/><V121/><F36/><W116/><G1/><T126/><D38/><U102/><E111/><V22/><F120/><W46/><G75/><T15/><D68/><U100/><E106/><V31/><F4/><W58/><G17/><T92/><D25/><U37/><E37/><V110/><F110/><W62/><REACH who="3" step="1"/><G46/><REACH who="3" ten="167,86,666,71" step="2"/><T108/><D108/><U98/><E44/><V45/><F45/><W91/><G91/><T77/><D89/><U109/><E2/><V107/><F122/><W94/><AGARI ba="2,1" hai="39,40,47,53,58,62,79,80,85,87,88,94,116,117" machi="94" ten="20,5200,0" yaku="1,1,0,1,7,1,54,1,53,0" doraHai="134" doraHaiUra="93" who="3" fromWho="3" sc="167,-28,86,-15,666,-15,71,68" /><INIT seed="5,0,0,1,4,5" ten="139,71,651,139" oya="1" hai0="13,25,78,12,126,121,104,95,68,98,23,103,130" hai1="30,131,85,44,43,37,106,96,87,74,17,28,24" hai2="80,70,9,133,61,41,0,48,65,89,82,101,47" hai3="81,122,99,60,118,26,34,108,1,125,46,35,88"/><U59/><E74/><V8/><F133/><W45/><G122/><T134/><D68/><U113/><E113/><V92/><F101/><W84/><G108/><T111/><D111/><U7/><E131/><V94/><F94/><W93/><G125/><T64/><D130/><U69/><E69/><V18/><F0/><W56/><G118/><T53/><D64/><U27/><E7/><V3/><F3/><W40/><G1/><T102/><D126/><U120/><E120/><V119/><F119/><W128/><G128/><T22/><D134/><U86/><E59/><V52/><F41/><W42/><G26/><T110/><D78/><U14/><E27/><V62/><F62/><W127/><G127/><T75/><D75/><U33/><E30/><V58/><F70/><W2/><G2/><T129/><D129/><U79/><E79/><V97/><F18/><W71/><G71/><T39/><D110/><U117/><E117/><V76/><F82/><W54/><G42/><T124/><D124/><U100/><REACH who="1" step="1"/><E85/><AGARI ba="0,0" hai="8,9,47,48,52,58,61,65,76,80,85,89,92,97" machi="85" ten="30,8000,1" yaku="7,1,8,1,52,2,54,1" doraHai="5" who="2" fromWho="1" sc="139,0,71,-80,651,80,139,0" owari="139,-6.0,-9,-51.0,731,83.0,139,-26.0" /></mjloggm>