<mjloggm ver="2.3"><GO type="41"/><UN n0="%EF%BC%88%E2%89%A7%E2%96%BD%E2%89%A6%EF%BC%89" n1="%6E%65%6B%6F%63%68%6F%70" n2="%69%6B%65%64%61%6B%79%6F" n3="%6B%6B%31%32%35" dan="13,13,13,15" rate="1934,1932,1978,2010" sx="M,M,M,M"/><TAIKYOKU oya="0"/><INIT seed="0,0,0,3,3,34" ten="250,250,250,250" oya="0" hai0="8,66,10,114,30,84,17,64,96,40,129,60,0" hai1="134,37,65,103,16,72,3,44,97,111,113,57,11" hai2="19,99,133,95,31,22,21,116,115,38,119,69,82" hai3="73,46,42,32,83,80,123,33,93,53,135,2,121"/><T67/><D114/><U128/><E72/><V109/><F115/><W108/><G135/><T58/><D129/><U35/><E35/><V39/><F133/><W125/><G53/><T50/><D0/><U74/><E74/><V51/><F69/><W98/><G125/><T6/><D30/><U29/><E29/><V120/><F120/><N who="3" m="46155" /><G108/><T24/><D6/><U78/><E78/><V112/><F112/><W12/><G80/><T27/><D96/><U89/><E134/><V13/><F109/><W9/><G2/><T1/><D1/><U45/><E111/><V55/><F82/><W110/><G83/><T106/><D106/><U81/><E113/><V36/><F31/><W91/><G73/><T63/><D84/><U49/><E37/><V90/><REACH who="2" step="1"/><F22/><REACH who="2" step="2"/><W48/><G110/><T41/><D67/><U15/><E65/><V124/><F124/><W59/><G59/><AGARI ba="0,1" hai="13,19,21,36,38,39,51,55,59,90,95,99,116,119" machi="59" ten="40,1300,0" yaku="1,1,53,0" doraHai="34" doraHaiUra="117" who="2" fromWho="3" sc="250,0,250,0,240,23,250,-13" /><INIT seed="1,0,0,3,4,112" ten="250,250,263,237" oya="1" hai0="96,19,45,34,54,39,52,82,15,2,125,11,75" hai1="31,8,104,131,13,105,113,53,60,108,47,22,6" hai2="24,64,49,81,17,51,43,71,117,94,90,37,57" hai3="3,73,9,67,70,59,4,62,29,78,79,107,106"/><U72/><E72/><V26/><F37/><W46/><G29/><T132/><D125/><U92/><E113/><V74/><F71/><W63/><G78/><T41/><D132/><U25/><E131/><V28/><F74/><W80/><G46/><T91/><D34/><U1/><E108/><V55/><F81/><W114/><G114/><T50/><D2/><U65/><E1/><V127/><F64/><AGARI ba="0,0" hai="3,4,9,59,62,63,64,67,70,73,79,80,106,107" machi="64" ten="30,1000,0" yaku="7,1" doraHai="112" who="3" fromWho="2" sc="250,0,250,0,263,-10,237,10" /><INIT seed="2,0,0,5,3,111" ten="250,250,253,247" oya="2" hai0="45,12,57,85,41,129,127,53,24,44,114,92,38" hai1="3,15,78,58,69,29,118,51,9,59,0,10,40" hai2="89,121,64,105,46,56,132,108,62,115,124,20,122" hai3="31,18,74,2,42,37,82,109,61,17,102,72,6"/><V97/><F108/><W80/><G102/><T95/><D129/><U130/><E69/><V101/><F132/><W54/><G109/><T25/><D127/><U66/><E118/><V104/><F124/><W67/><G31/><T86/><D12/><U131/><E78/><V36/><F105/><W52/><G37/><T63/><D114/><U134/><E29/><V47/><F115/><W103/><G42/><T133/><D133/><U5/><E134/><V112/><F112/><W98/><G6/><T88/><REACH who="0" step="1"/><D45/><REACH who="0" step="2"/><U128/><E3/><V21/><F46/><W39/><G2/><T7/><D7/><U11/><E0/><V14/><F14/><W19/><G39/><T43/><D43/><U96/><E40/><V8/><F47/><W77/><G72/><T65/><D65/><U73/><E73/><V100/><F36/><W27/><G27/><T50/><D50/><U75/><E75/><V76/><F64/><W107/><REACH who="3" step="1"/><G80/><REACH who="3" step="2"/><T119/><D119/><U110/><E110/><V99/><F122/><W23/><G23/><T94/><D94/><U106/><E5/><V4/><F20/><W70/><AGARI ba="0,2" hai="17,18,19,52,54,61,67,70,74,77,82,98,103,107" machi="70" ten="30,8000,1" yaku="1,1,0,1,54,1,53,2" doraHai="111" doraHaiUra="48" who="3" fromWho="3" sc="240,-20,250,-20,253,-40,237,100" /><INIT seed="3,0,0,4,4,27" ten="220,230,213,337" oya="3" hai0="115,62,84,106,125,80,107,83,68,18,3,60,128" hai1="6,111,121,15,34,67,1,14,32,49,117,100,108" hai2="23,59,8,71,17,57,43,10,35,116,104,99,91" hai3="133,44,30,65,97,25,77,7,46,41,74,9,134"/><W119/><G119/><T90/><D3/><U47/><E100/><V75/><F116/><W130/><G65/><T45/><D115/><U28/><E117/><V73/><F35/><W86/><G74/><T89/><D128/><U24/><E67/><V132/><F71/><W20/><G130/><T2/><D2/><U29/><E121/><V112/><F112/><W4/><G97/><T82/><D125/><U126/><E126/><V118/><F118/><W22/><G22/><T81/><D45/><U58/><E58/><V0/><F43/><W31/><G46/><T69/><D18/><U40/><E1/><V127/><F127/><W63/><G63/><N who="0" m="24107" /><D84/><U50/><E49/><V103/><F91/><N who="0" m="34826" /><D82/><U56/><E56/><V113/><F113/><W78/><G86/><T101/><D101/><U87/><E87/><V110/><F0/><W11/><G44/><T72/><D72/><U21/><E21/><V95/><F59/><W16/><G41/><T33/><D33/><U93/><E93/><V124/><F57/><W26/><G20/><T53/><D53/><U42/><E40/><V48/><F95/><W88/><G16/><T5/><D5/><U38/><E38/><V120/><F124/><W39/><G88/><T98/><D98/><U94/><E94/><V55/><F75/><W96/><G96/><T61/><N who="0" m="24115" /><T70/><AGARI ba="0,0" hai="68,69,70,80,81,83,106,107" m="34826,24115" machi="70" ten="50,6400,0" yaku="4,1,28,2" doraHai="27" who="0" fromWho="0" sc="220,64,230,-16,213,-16,337,-32" /><INIT seed="4,0,0,1,2,84" ten="284,214,197,305" oya="0" hai0="129,52,12,117,53,121,33,108,35,2,21,93,19" hai1="115,98,76,29,106,42,11,85,7,73,20,88,65" hai2="45,92,3,72,17,107,57,30,127,26,38,80,96" hai3="100,122,54,5,67,41,110,6,14,37,24,27,91"/><T22/><D121/><U1/><E65/><V9/><F107/><W105/><G122/><T83/><D129/><U16/><E29/><V131/><F131/><W36/><G67/><T86/><D117/><U64/><E64/><V13/><F127/><W48/><G41/><T47/><D108/><U81/><E42/><V18/><F3/><W68/><G68/><T49/><D2/><U58/><E58/><V95/><F38/><W123/><G123/><T87/><D22/><U69/><E69/><V118/><F118/><W55/><G105/><T34/><D93/><U50/><E50/><V114/><F45/><W23/><G100/><T77/><REACH who="0" step="1"/><D87/><REACH who="0" step="2"/><U102/><E115/><V79/><F114/><W25/><G110/><T104/><D104/><U39/><E39/><V120/><F95/><W78/><G37/><T125/><D125/><U101/><E101/><V116/><F116/><W8/><G36/><T44/><D44/><U99/><E98/><V82/><F120/><W59/><G23/><T89/><D89/><U4/><E1/><V130/><F130/><W31/><G91/><T56/><D56/><U124/><E124/><V126/><F57/><N who="3" m="32967" /><G78/><T94/><D94/><N who="1" m="54543" /><E11/><V97/><F126/><W132/><G31/><T43/><AGARI ba="0,1" hai="12,19,21,33,34,35,43,47,49,52,53,77,83,86" machi="43" ten="30,6000,0" yaku="1,1,0,1,54,1,53,0" doraHai="84" doraHaiUra="134" who="0" fromWho="0" sc="274,70,214,-20,197,-20,305,-20" /><INIT seed="4,1,0,0,3,75" ten="344,194,177,285" oya="0" hai0="135,98,19,61,36,99,23,89,79,30,68,107,67" hai1="3,95,38,133,32,110,83,20,87,40,122,126,65" hai2="106,9,85,114,70,54,44,21,121,60,10,31,73" hai3="35,97,16,14,42,8,41,24,124,82,28,102,46"/><T127/><D36/><U43/><E32/><V33/><F73/><W81/><G124/><T111/><D127/><U119/><E3/><V88/><F121/><W22/><G35/><T117/><D117/><U56/><E122/><V66/><F106/><W11/><G11/><T55/><D135/><U5/><E126/><V62/><F33/><W18/><G18/><T59/><D111/><U0/><E119/><V72/><F72/><W27/><G27/><T13/><D107/><U91/><E110/><V53/><F114/><W115/><G115/><T96/><D30/><U131/><E38/><V52/><F44/><W80/><REACH who="3" step="1"/><G46/><REACH who="3" step="2"/><T128/><D128/><U7/><E131/><V34/><F34/><W50/><G50/><T104/><D19/><U63/><E133/><V132/><F132/><W74/><G74/><T1/><D1/><U48/><E0/><V39/><F39/><W69/><G69/><T130/><D68/><U17/><E48/><V118/><F118/><W6/><G6/><T78/><D130/><U134/><E134/><V4/><F4/><W123/><G123/><T77/><D13/><N who="1" m="9263" /><E5/><V76/><F70/><W129/><G129/><T15/><D15/><U113/><E7/><V26/><F9/><W25/><G25/><T120/><D23/><U112/><E113/><V64/><F10/><W90/><G90/><T45/><D89/><N who="1" m="51455" /><E112/><V2/><F2/><W29/><G29/><T103/><D120/><U108/><E108/><V84/><F31/><W58/><G58/><T93/><D45/><U109/><E109/><V47/><F47/><W49/><G49/><RYUUKYOKU ba="1,1" sc="344,-15,194,15,177,-15,275,15" hai1="40,43,56,63,65,91,95" hai3="8,14,16,22,24,28,41,42,80,81,82,97,102" /><INIT seed="5,2,1,3,0,135" ten="329,209,162,290" oya="1" hai0="86,29,34,109,55,121,31,119,87,75,53,80,105" hai1="57,20,56,63,98,23,117,70,41,52,123,13,91" hai2="116,38,103,115,89,83,51,69,74,125,85,99,16" hai3="36,129,124,108,43,17,9,27,77,88,25,50,6"/><U54/><E70/><V30/><F38/><W84/><G108/><T32/><D109/><U131/><E123/><V46/><F116/><W122/><G122/><T19/><D121/><U66/><E117/><V95/><F69/><W68/><G68/><T127/><D119/><U110/><E110/><V134/><F134/><W118/><G118/><T90/><D105/><U64/><E41/><V35/><F115/><W0/><G129/><T24/><D75/><U128/><E131/><V44/><F35/><W130/><G130/><T76/><D19/><N who="1" m="10351" /><E23/><V92/><F30/><W107/><G107/><T101/><D101/><U7/><E7/><V47/><F74/><W3/><G3/><T42/><D42/><U120/><E120/><V21/><F125/><W18/><G124/><T33/><D127/><U65/><E128/><V14/><REACH who="2" step="1"/><F83/><REACH who="2" step="2"/><W102/><G36/><T26/><D34/><U2/><E2/><V97/><F97/><W112/><G0/><T133/><D133/><U72/><E72/><V113/><F113/><W40/><G112/><T4/><D4/><U82/><E82/><AGARI ba="2,2" hai="24,26,29,31,32,33,53,55,76,80,82,86,87,90" machi="82" ten="30,2000,0" yaku="7,1,9,1" doraHai="135" who="0" fromWho="1" sc="329,46,209,-26,152,0,290,0" /><INIT seed="6,0,0,4,2,87" ten="375,183,152,290" oya="2" hai0="39,36,16,7,95,58,90,81,83,76,71,22,62" hai1="38,51,55,91,125,23,135,20,129,121,100,26,15" hai2="25,122,52,131,115,18,61,57,103,53,11,65,29" hai3="116,124,56,46,12,8,113,128,64,80,101,130,70"/><V34/><F122/><W126/><G116/><T108/><D108/><U74/><E74/><V50/><F131/><N who="3" m="50219" /><G101/><T48/><D7/><U14/><E38/><V120/><F120/><W32/><G32/><T85/><D71/><U45/><E129/><V107/><F115/><W86/><G70/><T2/><D2/><U1/><E1/><V67/><F107/><W24/><G113/><T79/><D48/><U63/><E100/><V75/><F75/><W30/><G46/><T43/><D43/><U72/><E72/><V0/><F103/><W21/><G56/><T47/><D47/><U77/><E77/><N who="0" m="29769" /><D39/><U42/><E121/><V133/><F133/><W68/><G64/><N who="0" m="38999" /><D36/><U3/><E3/><V114/><F114/><W105/><G68/><T88/><D90/><U4/><E135/><V94/><F0/><W89/><G105/><T110/><D110/><U31/><E4/><AGARI ba="0,0" hai="4,8,12,21,24,30,80,86,89,124,126" m="50219" machi="4" ten="30,2000,0" yaku="19,1,52,1" doraHai="87" who="3" fromWho="1" sc="375,0,183,-20,152,0,290,20" /><INIT seed="7,0,0,5,1,11" ten="375,163,152,310" oya="3" hai0="129,33,118,23,106,109,71,67,18,108,117,50,94" hai1="72,40,3,131,74,93,126,15,1,91,97,54,107" hai2="130,57,12,4,5,122,2,49,53,114,26,28,111" hai3="119,19,121,92,89,21,73,43,47,59,16,25,80"/><W44/><G121/><T81/><D33/><U32/><E32/><V45/><F111/><N who="0" m="42570" /><D106/><U124/><E107/><V84/><F122/><W105/><G105/><T10/><D50/><U20/><E40/><V90/><F2/><N who="1" m="521" /><E131/><V98/><F130/><W9/><G119/><T46/><D46/><U64/><E64/><V41/><F98/><W14/><G59/><T82/><D71/><U75/><E54/><V52/><F53/><W69/><G69/><T31/><D10/><U0/><N who="1" m="529" /><U102/><DORA hai="86" /><E102/><V42/><F114/><W17/><G17/><T120/><D18/><U70/><E70/><V48/><F12/><W51/><G73/><T61/><D81/><U6/><E6/><V83/><REACH who="2" step="1"/><F41/><REACH who="2" step="2"/><W77/><G47/><T55/><D120/><U24/><E15/><V79/><F79/><W128/><G128/><T56/><D129/><U134/><E134/><V99/><F99/><N who="3" m="57743" /><G77/><T37/><D118/><U76/><E76/><V68/><F68/><W88/><G80/><T135/><D82/><U127/><E75/><V34/><AGARI ba="0,1" hai="4,5,26,28,34,42,45,48,49,52,57,83,84,90" machi="34" ten="20,12000,2" yaku="1,1,0,1,7,1,52,1,54,1,53,2" doraHai="11,86" doraHaiUra="22,87" who="2" fromWho="2" sc="375,-30,163,-30,142,130,310,-60" owari="345,45,133,-37,272,7,250,-15" /></mjloggm>