<mjloggm ver="2.3"><GO type="41"/><UN n0="%28%28%69%29%29%E3%81%8F%E3%81%B1%E3%81%81" n1="%E3%81%8A%E3%81%97%E3%82%83%E3%81%BE%E3%83%9C%E3%83%BC%E3%82%A4" n2="%E3%82%A6%E3%83%AB%E3%83%88%E3%83%A9%E7%AB%8B%E7%9B%B4" n3="%E3%82%B0%E3%83%AB%E3%83%BC%E3%83%87%E3%82%A3%E3%82%A2" dan="13,13,15,14" rate="1801,1888,1969,1913" sx="M,M,M,M"/><TAIKYOKU oya="0"/><INIT seed="0,0,0,5,0,112" ten="250,250,250,250" oya="0" hai0="118,41,100,45,16,74,96,131,29,40,116,77,84" hai1="24,106,44,133,65,66,122,39,90,37,56,103,47" hai2="68,53,58,60,61,5,82,81,6,36,110,89,2" hai3="11,17,107,55,134,63,104,85,35,26,125,50,76"/><T108/><D29/><U57/><E122/><V28/><F36/><W3/><G3/><T97/><D74/><U73/><E73/><V113/><F113/><W21/><G125/><T91/><D131/><U49/><E24/><V102/><F102/><W51/><G134/><T126/><D126/><U32/><E32/><V9/><F5/><W135/><G135/><T10/><D77/><U79/><E79/><V8/><F8/><W54/><G35/><T19/><D41/><U52/><E90/><V12/><F2/><W80/><G11/><T115/><D115/><U34/><E103/><V43/><F43/><W129/><G129/><T121/><D121/><U22/><E22/><V31/><F68/><W88/><G76/><T42/><D42/><U95/><E95/><V92/><F61/><W70/><G63/><T78/><D78/><U99/><E99/><V117/><F117/><W132/><G132/><T38/><D108/><U23/><E23/><V119/><F119/><W7/><G7/><T62/><D62/><U130/><E106/><V33/><F110/><W46/><REACH who="3" step="1"/><G70/><REACH who="3" ten="250,250,250,240" step="2"/><T127/><D127/><U72/><E34/><V25/><F28/><W20/><G20/><T111/><D111/><U75/><E133/><V64/><F33/><W123/><G123/><T14/><D116/><U48/><E130/><V67/><F31/><W124/><G124/><T114/><D118/><U71/><E71/><V93/><F60/><W18/><G18/><T4/><D19/><U13/><E13/><V105/><F12/><W83/><G83/><T101/><D4/><U109/><E109/><RYUUKYOKU ba="0,1" sc="250,-15,250,15,250,-15,240,15" hai1="37,39,44,47,48,49,52,56,57,65,66,72,75" hai3="17,21,26,46,50,51,54,55,80,85,88,104,107" /><INIT seed="1,1,1,2,1,131" ten="235,265,235,255" oya="1" hai0="72,35,29,89,83,57,76,92,129,1,78,15,46" hai1="79,20,104,84,125,8,47,54,133,97,87,135,38" hai2="77,100,36,3,127,93,102,74,42,51,48,7,90" hai3="16,107,52,31,61,91,62,40,130,85,75,30,53"/><U44/><E125/><V115/><F127/><W71/><G75/><T45/><D1/><U4/><E20/><V82/><F48/><W56/><G107/><T64/><D76/><U28/><E28/><V18/><F51/><W33/><G33/><T5/><D129/><U132/><E54/><V98/><F18/><W9/><G130/><T101/><D101/><N who="1" m="62511" /><E38/><V113/><F100/><W23/><G71/><T34/><D29/><N who="3" m="10761" /><G40/><T63/><D34/><U123/><E123/><V65/><F65/><W134/><G134/><T126/><D35/><U2/><E79/><V13/><F13/><N who="3" m="9615" /><G9/><T80/><D126/><U95/><E95/><V24/><F24/><W68/><G68/><T70/><D70/><U81/><E81/><V110/><F42/><W111/><G111/><T19/><D80/><U69/><E69/><V114/><F36/><W124/><G124/><T26/><D5/><U86/><AGARI ba="1,1" hai="2,4,8,44,47,84,86,87,132,133,135" m="62511" machi="86" ten="40,12000,1" yaku="20,1,52,3" doraHai="131" who="1" fromWho="1" sc="235,-41,265,133,235,-41,255,-41" /><INIT seed="1,2,0,2,2,13" ten="194,398,194,214" oya="1" hai0="127,105,112,44,66,70,82,90,54,110,29,106,31" hai1="134,43,104,58,129,23,97,68,15,6,78,46,51" hai2="49,69,45,65,59,96,19,53,81,77,80,63,20" hai3="10,5,30,26,122,57,27,84,17,38,76,111,52"/><U55/><E134/><V28/><F28/><W118/><G122/><T103/><D112/><U119/><E119/><V123/><F123/><W4/><G118/><T101/><D70/><U132/><E132/><V131/><F131/><W2/><G111/><T120/><D120/><U88/><E129/><V62/><F96/><W72/><G72/><T115/><D110/><U47/><E68/><V116/><F116/><W22/><G38/><T73/><D115/><U21/><E78/><V41/><F77/><W135/><G135/><T102/><D66/><U92/><E104/><V79/><F79/><W37/><G37/><T74/><D44/><N who="1" m="16939" /><E43/><V100/><F100/><W61/><G84/><N who="0" m="50455" /><D54/><U25/><E25/><AGARI ba="2,0" hai="19,20,25,41,45,49,53,59,62,63,65,69,80,81" machi="25" ten="30,2000,0" yaku="7,1,52,1" doraHai="13" who="2" fromWho="1" sc="194,0,398,-26,194,26,214,0" /><INIT seed="2,0,0,1,3,108" ten="194,372,220,214" oya="2" hai0="62,37,45,54,125,102,61,90,121,58,114,30,75" hai1="39,21,123,104,23,72,110,79,42,56,118,95,25" hai2="53,5,13,115,113,49,68,1,105,87,69,12,91" hai3="40,28,84,57,17,19,83,52,51,55,94,117,33"/><V89/><F5/><W103/><G117/><T3/><D75/><U99/><E110/><V63/><F1/><W66/><G28/><T18/><D3/><U9/><E118/><V41/><F87/><W15/><G33/><T27/><D121/><U98/><E123/><V7/><F7/><W97/><G66/><T47/><D102/><U59/><E9/><V14/><F105/><W120/><G120/><T82/><D125/><U116/><E116/><V8/><F8/><W85/><G40/><T135/><D135/><U71/><E71/><N who="2" m="27211" /><F63/><N who="3" m="36263" /><G15/><T73/><D37/><U122/><E104/><V124/><F41/><W11/><G11/><T126/><D126/><U48/><E42/><V88/><F124/><W93/><G94/><T132/><D132/><U38/><E95/><V64/><F64/><W22/><G22/><N who="0" m="13783" /><D30/><U107/><E107/><V101/><F101/><W76/><G85/><T43/><D43/><U10/><E10/><V46/><F53/><W77/><G77/><T127/><D54/><U111/><E79/><V50/><F46/><AGARI ba="0,0" hai="17,19,46,51,55,76,83,84,93,97,103" m="36263" machi="46" ten="30,2000,0" yaku="8,1,54,1" doraHai="108" who="3" fromWho="2" sc="194,0,372,0,220,-20,214,20" /><INIT seed="3,0,0,2,4,18" ten="194,372,200,234" oya="3" hai0="75,124,29,47,71,21,96,87,81,82,66,107,7" hai1="80,88,48,40,51,133,112,103,125,94,36,86,9" hai2="79,114,50,52,106,113,128,44,60,6,90,54,115" hai3="135,35,102,108,62,74,97,64,0,65,26,2,41"/><W73/><G108/><T121/><D121/><U5/><E112/><V23/><F106/><W4/><G41/><T120/><D120/><U123/><E133/><V56/><F128/><W34/><G135/><T55/><D71/><U37/><E125/><V15/><F79/><W32/><G26/><T67/><D124/><U95/><E123/><V28/><F6/><W61/><G4/><T11/><D75/><U27/><E27/><V85/><F28/><W70/><G74/><T78/><D81/><U3/><E95/><V116/><F116/><W38/><G73/><T99/><D107/><U72/><E36/><V43/><F15/><W132/><G132/><T84/><D84/><U101/><E101/><V46/><F85/><W19/><G19/><T98/><D47/><N who="1" m="23951" /><E103/><V68/><F90/><W110/><G110/><T131/><D55/><U105/><E105/><V76/><F76/><AGARI ba="0,0" hai="3,5,9,48,51,72,76,80,86,88,94" m="23951" machi="76" ten="30,2000,0" yaku="25,1,54,1" doraHai="18" who="1" fromWho="2" sc="194,0,372,20,200,-20,234,0" /><INIT seed="4,0,0,5,3,90" ten="194,392,180,234" oya="0" hai0="86,132,80,63,55,2,74,121,95,65,87,12,4" hai1="111,123,93,41,10,54,35,40,13,68,31,23,104" hai2="33,122,100,20,77,105,120,117,69,47,130,6,52" hai3="118,113,19,26,76,27,115,98,134,72,32,108,48"/><T45/><D121/><U0/><E104/><V67/><F117/><W82/><G98/><T58/><D2/><U79/><E111/><V14/><F130/><W5/><G5/><T91/><D132/><U49/><E68/><V64/><F120/><W15/><G108/><T37/><D74/><U43/><E79/><V84/><F122/><W124/><G134/><T114/><D114/><N who="3" m="43529" /><G118/><T7/><D37/><U71/><E71/><V106/><F33/><W81/><G81/><T96/><D12/><U11/><E35/><V24/><F69/><W22/><G32/><T61/><D86/><U56/><E0/><V119/><F119/><W50/><G124/><T125/><D125/><U44/><E123/><V16/><F105/><W59/><G59/><N who="0" m="37055" /><D45/><U135/><E44/><V101/><F106/><W97/><G97/><T94/><D94/><U34/><E34/><V112/><F112/><W85/><G72/><T51/><D63/><U99/><E135/><V126/><F126/><W131/><G131/><T66/><D66/><U127/><E127/><V110/><F110/><W75/><G75/><T17/><D17/><N who="1" m="10671" /><E31/><V129/><F129/><W62/><G62/><T107/><D107/><U102/><AGARI ba="0,0" hai="10,11,40,41,43,49,54,56,93,99,102" m="10671" machi="102" ten="30,2000,0" yaku="8,1,52,1" doraHai="90" who="1" fromWho="1" sc="194,-10,392,20,180,-5,234,-5" /><INIT seed="5,0,0,5,0,89" ten="184,412,175,229" oya="1" hai0="132,69,97,112,98,35,6,92,2,33,111,102,19" hai1="79,63,117,16,48,133,22,120,38,39,44,52,118" hai2="75,110,104,96,127,14,83,10,65,15,109,91,93" hai3="51,128,46,101,47,3,67,37,7,23,62,78,116"/><U76/><E120/><V66/><F127/><W85/><G116/><T49/><D111/><U17/><E133/><V21/><F66/><W103/><G128/><T88/><D69/><U30/><E30/><V108/><F65/><W9/><G23/><T5/><D132/><U126/><E126/><V26/><F104/><W0/><G0/><T130/><D130/><U4/><E4/><V73/><F15/><W43/><G85/><T57/><D112/><U8/><E63/><V87/><F14/><W34/><G34/><T11/><D6/><U36/><E8/><V45/><F45/><W27/><G27/><T107/><REACH who="0" step="1"/><D19/><REACH who="0" ten="174,412,175,229" step="2"/><U40/><E17/><V18/><REACH who="2" step="1"/><F10/><REACH who="2" ten="174,412,165,229" step="2"/><W72/><G9/><T90/><D90/><AGARI ba="0,2" hai="18,21,26,73,75,83,87,90,91,93,96,108,109,110" machi="90" ten="40,5200,0" yaku="1,1,2,1,52,1,53,0" doraHai="89" doraHaiUra="61" who="2" fromWho="0" sc="174,-52,412,0,165,72,229,0" /><INIT seed="6,0,0,4,3,125" ten="122,412,237,229" oya="2" hai0="122,84,120,89,41,42,130,76,135,107,20,5,100" hai1="15,116,131,132,0,101,110,31,86,44,66,112,90" hai2="17,14,58,23,37,60,10,25,32,53,7,11,134" hai3="133,6,93,51,30,111,13,33,24,47,9,21,99"/><V56/><F37/><W109/><G133/><T48/><D5/><U123/><E131/><V27/><F134/><W43/><REACH who="3" step="1"/><G33/><REACH who="3" ten="122,412,237,219" step="2"/><T121/><D135/><U63/><E132/><V102/><F32/><W8/><G8/><T35/><D35/><U73/><E123/><V59/><F11/><W117/><G117/><T103/><D130/><U113/><E116/><V61/><F102/><AGARI ba="0,1" hai="6,9,13,21,24,30,43,47,51,93,99,102,109,111" machi="102" ten="30,3900,0" yaku="1,1,7,1,53,1" doraHai="125" doraHaiUra="19" who="3" fromWho="2" sc="122,0,412,0,237,-39,219,49" /><INIT seed="7,0,0,2,3,80" ten="122,412,198,268" oya="3" hai0="113,69,56,133,78,4,59,77,121,92,34,135,55" hai1="5,126,52,65,19,112,87,125,73,49,32,60,119" hai2="108,71,101,36,28,105,62,132,122,97,26,23,85" hai3="128,35,107,37,46,75,127,79,96,53,123,61,15"/><W91/><G123/><T42/><D34/><U110/><E110/><V134/><F36/><W29/><G127/><T94/><D4/><U68/><E73/><V20/><F122/><W100/><G128/><T38/><D38/><U22/><E32/><V41/><F41/><W115/><G115/><T43/><D121/><U111/><E111/><V33/><F108/><W131/><G131/><T40/><D113/><U63/><E5/><V88/><F23/><W58/><G15/><T74/><D43/><U118/><E87/><V82/><F20/><W47/><G37/><T14/><D14/><N who="1" m="9591" /><E60/><V104/><F104/><W12/><G12/><T7/><D7/><U81/><E81/><V51/><F51/><W66/><G91/><T67/><D74/><U57/><E112/><V99/><F99/><W54/><G79/><T18/><D18/><U21/><E21/><V6/><F6/><W64/><G75/><T44/><D55/><U25/><E25/><V84/><F85/><W86/><G86/><T39/><D39/><U17/><E17/><V102/><F102/><W129/><G129/><T90/><D90/><U11/><E11/><V1/><F1/><W124/><G124/><AGARI ba="0,0" hai="49,52,57,63,65,68,118,119,124,125,126" m="9591" machi="124" ten="30,2000,0" yaku="18,1,54,1" doraHai="80" who="1" fromWho="3" sc="122,0,412,20,198,0,268,-20" owari="122,-38.0,432,53.0,198,-20.0,248,5.0" /></mjloggm>