<mjloggm ver="2.3"><GO type="169"/><UN n0="%E9%9C%A7%E3%81%AE%E6%B5%AE%E8%88%9F" n1="%EF%BC%88%E2%89%A7%E2%96%BD%E2%89%A6%EF%BC%89" n2="%E3%83%81%E3%83%A3%E3%82%AA%E3%83%AA" n3="%E3%81%B3%E3%82%8A%E3%81%B3%E3%82%8A%E2%98%86%E3%83%93%E3%83%AA%E3%83%BC" dan="18,17,16,18" rate="2243,2115,2093,2235" sx="M,M,M,M"/><TAIKYOKU oya="0"/><INIT seed="0,0,0,4,3,53" ten="250,250,250,250" oya="0" hai0="99,104,15,55,27,0,71,45,108,31,57,61,130" hai1="4,41,113,126,80,95,82,74,128,72,66,77,101" hai2="6,1,92,96,94,84,118,117,19,56,14,9,3" hai3="37,79,85,114,115,86,11,73,103,75,102,125,90"/><T93/><D0/><U87/><E41/><V119/><F6/><W105/><G11/><T83/><D104/><U60/><E126/><V17/><F17/><W98/><G37/><T59/><D71/><U62/><E128/><V116/><F116/><W10/><G10/><T48/><D130/><U28/><E113/><N who="3" m="43018" /><G125/><T20/><D108/><U124/><E124/><V42/><F42/><W81/><G103/><T35/><D83/><AGARI ba="0,0" hai="73,75,79,81,83,85,86,90,98,102,105" m="43018" machi="83" ten="30,2000,0" yaku="34,2" doraHai="53" who="3" fromWho="0" sc="250,-20,250,0,250,0,250,20" /><INIT seed="1,0,0,4,5,77" ten="230,250,250,270" oya="1" hai0="64,49,55,42,86,111,0,69,113,20,11,8,99" hai1="24,134,12,60,109,29,54,18,83,13,107,7,89" hai2="104,26,125,40,100,65,97,73,22,76,17,27,105" hai3="32,106,75,118,51,1,43,61,67,80,47,85,46"/><U88/><E107/><V58/><F40/><W95/><G106/><T48/><D113/><U25/><E134/><V14/><F105/><W19/><G32/><T33/><D33/><U28/><E109/><V102/><F102/><W117/><G1/><T31/><D111/><U39/><E39/><V41/><F41/><W52/><G95/><T129/><D129/><U16/><E7/><V6/><F6/><W96/><G96/><T72/><D72/><U91/><E60/><V93/><F104/><W120/><G75/><T37/><D37/><U38/><E38/><V66/><F66/><W94/><G94/><T44/><D99/><U123/><E54/><V78/><F125/><W133/><G19/><N who="1" m="7210" /><E83/><V115/><F115/><W3/><G3/><T50/><D0/><U63/><E63/><N who="2" m="38135" /><F73/><W126/><G126/><T121/><D121/><U36/><E36/><V114/><F114/><W71/><G133/><T112/><D64/><U132/><E132/><V90/><F100/><W135/><G135/><T5/><D69/><U103/><E103/><V68/><F68/><W9/><G120/><T128/><D55/><U119/><E119/><N who="3" m="45578" /><G43/><T30/><D42/><U108/><E108/><V82/><F82/><W131/><G47/><T98/><D5/><U4/><E123/><V110/><F110/><W35/><G35/><T34/><D44/><U21/><E4/><V62/><F62/><W45/><G45/><T87/><D34/><U130/><E130/><V15/><F15/><W127/><G127/><T56/><D112/><U10/><E10/><V53/><F53/><W84/><G131/><RYUUKYOKU ba="0,0" sc="230,-15,250,15,250,15,270,-15" hai1="12,13,21,24,25,28,29,88,89,91" hai2="14,17,22,26,27,76,78,90,93,97" /><INIT seed="1,1,0,0,1,10" ten="215,265,265,255" oya="1" hai0="27,51,26,99,61,0,62,100,14,123,97,102,58" hai1="16,60,117,79,38,86,115,37,54,129,104,114,131" hai2="84,132,67,31,74,42,92,46,121,15,35,89,43" hai3="134,22,40,63,8,49,23,19,50,122,34,4,6"/><U70/><E104/><V124/><F74/><W80/><G122/><T13/><D0/><U52/><E79/><V112/><F121/><W82/><G34/><T77/><D123/><U120/><E86/><V24/><F132/><W78/><G134/><T59/><D51/><N who="3" m="19465" /><G40/><T53/><D53/><N who="1" m="20587" /><E117/><V118/><F118/><W2/><G2/><T125/><D125/><U135/><E120/><V106/><F106/><W75/><G75/><T41/><D77/><U94/><E94/><V73/><F73/><W32/><G32/><T1/><D1/><U98/><E98/><V111/><F111/><W20/><G78/><T109/><REACH who="0" step="1"/><D41/><REACH who="0" ten="205,265,265,255" step="2"/><U55/><E135/><V25/><F43/><W133/><G133/><T33/><D33/><U18/><E55/><V116/><F42/><W113/><G113/><N who="1" m="43018" /><E60/><V21/><F112/><W12/><G63/><T69/><D69/><U76/><E70/><V3/><F3/><W71/><G71/><T83/><D83/><AGARI ba="1,1" hai="4,6,8,12,19,20,22,23,80,82,83" m="19465" machi="83" ten="30,2000,0" yaku="8,1,52,1" doraHai="10" who="3" fromWho="0" sc="205,-23,265,0,265,0,255,33" /><INIT seed="2,0,0,5,0,18" ten="182,265,265,288" oya="2" hai0="72,124,36,85,21,129,74,38,4,52,73,23,76" hai1="113,86,51,19,10,25,43,92,1,115,63,117,100" hai2="104,108,8,5,41,66,53,45,127,40,82,99,22" hai3="28,125,78,121,114,12,98,34,60,42,44,110,101"/><V13/><F127/><W58/><G121/><T14/><D124/><U69/><E117/><V77/><F66/><W54/><G125/><T119/><D119/><U33/><E69/><V103/><F108/><W122/><G122/><T55/><D129/><U80/><E33/><V35/><F35/><W94/><G110/><T83/><D4/><U89/><E63/><V11/><F11/><W109/><G109/><T79/><D14/><N who="1" m="7639" /><E1/><V135/><F135/><W6/><G78/><N who="0" m="29739" /><D85/><U123/><E113/><V27/><F53/><N who="0" m="20554" /><D83/><U96/><E115/><V65/><F65/><W37/><G114/><T88/><D88/><U48/><E43/><V67/><F67/><W26/><G6/><T0/><D0/><U90/><E123/><V84/><REACH who="2" step="1"/><F45/><REACH who="2" ten="182,265,255,288" step="2"/><W128/><G128/><T112/><D112/><U29/><E100/><V46/><F46/><W75/><G75/><T57/><D57/><U30/><E80/><V107/><F107/><W50/><G37/><AGARI ba="0,1" hai="21,23,36,37,38,72,73,74" m="20554,29739" machi="37" ten="40,8000,1" yaku="28,2,52,2,54,1" doraHai="18" who="0" fromWho="3" sc="182,90,265,0,255,0,288,-80" /><INIT seed="3,0,0,2,3,12" ten="272,265,255,208" oya="3" hai0="95,8,6,134,24,68,0,125,54,97,87,110,4" hai1="111,56,101,123,41,121,132,67,85,63,17,58,92" hai2="129,133,7,61,35,103,126,106,53,130,82,33,70" hai3="32,135,73,16,20,21,15,128,72,131,99,44,118"/><W10/><G32/><T93/><D68/><U104/><E132/><V40/><F126/><W91/><G118/><T81/><D134/><U117/><E117/><V96/><F133/><W109/><G135/><T77/><D125/><U78/><E111/><V62/><F40/><W45/><G109/><T100/><D110/><U124/><E124/><V94/><F82/><W76/><G91/><T5/><D54/><U64/><E104/><V60/><F7/><W11/><G99/><T47/><D47/><N who="3" m="17993" /><G76/><T115/><D115/><U79/><E41/><V31/><F94/><W69/><G69/><T88/><REACH who="0" step="1"/><D24/><REACH who="0" ten="262,265,255,208" step="2"/><U105/><E121/><V23/><F53/><W90/><G90/><T42/><D42/><U52/><E52/><V71/><F71/><W36/><G36/><T55/><D55/><U80/><E123/><V113/><F70/><W122/><G122/><T38/><D38/><U30/><E79/><V75/><F113/><W14/><G73/><AGARI ba="0,1" hai="0,4,5,6,8,73,77,81,87,88,93,95,97,100" machi="73" ten="30,7700,0" yaku="1,1,7,1,54,1,53,1" doraHai="12" doraHaiUra="98" who="0" fromWho="3" sc="262,87,265,0,255,0,208,-77" /><INIT seed="4,0,0,3,1,85" ten="349,265,255,131" oya="0" hai0="41,26,52,37,18,86,2,61,106,42,12,130,67" hai1="39,125,87,1,135,34,30,9,65,132,89,66,103" hai2="63,54,129,75,118,110,3,71,90,51,134,32,64" hai3="96,13,58,55,92,6,133,97,77,109,21,11,119"/><T35/><D2/><U78/><E39/><V124/><RYUUKYOKU type="yao9" ba="0,0" sc="349,0,265,0,255,0,131,0" hai2="3,32,51,54,63,64,71,75,90,110,118,124,129,134" /><INIT seed="4,1,0,0,4,119" ten="349,265,255,131" oya="0" hai0="16,83,88,115,103,120,15,5,66,100,59,29,93" hai1="69,96,20,55,14,18,104,22,10,60,92,126,40" hai2="123,90,114,0,30,131,80,54,49,51,37,53,124" hai3="122,26,127,133,46,44,73,32,89,111,74,33,39"/><T112/><D120/><U102/><E126/><V108/><F37/><W121/><G111/><T56/><D5/><U50/><E104/><V47/><F0/><W28/><G127/><T129/><D29/><U118/><E118/><V36/><F36/><W48/><G133/><T132/><D132/><U62/><E40/><V94/><F114/><N who="0" m="43562" /><D83/><U11/><E69/><V4/><F4/><W109/><G109/><T25/><D25/><U23/><REACH who="1" step="1"/><E11/><REACH who="1" ten="349,255,255,131" step="2"/><V45/><F124/><W68/><G68/><T128/><D129/><U116/><E116/><V107/><F107/><W81/><G89/><T13/><D128/><U75/><E75/><V98/><F131/><W57/><G74/><T95/><D103/><U130/><E130/><V72/><F108/><W31/><G39/><T38/><D38/><U70/><E70/><V7/><F72/><W76/><G57/><AGARI ba="1,1" hai="10,14,18,20,22,23,50,55,57,60,62,92,96,102" machi="57" ten="40,2600,0" yaku="1,1,8,1,53,0" doraHai="119" doraHaiUra="67" who="1" fromWho="3" sc="349,0,255,39,255,0,131,-29" /><INIT seed="5,0,0,4,2,129" ten="349,294,255,102" oya="1" hai0="98,72,134,79,62,75,135,123,26,63,68,97,107" hai1="104,28,42,52,86,87,18,85,29,115,11,84,22" hai2="89,119,1,21,76,109,120,66,8,32,99,111,0" hai3="125,114,5,117,7,31,14,127,59,25,82,106,112"/><U124/><E104/><V36/><F36/><W81/><G106/><T101/><D123/><U92/><E124/><N who="3" m="47690" /><G59/><T73/><D79/><U126/><E126/><V100/><F66/><W122/><G122/><T133/><D68/><U49/><E115/><N who="3" m="44074" /><G117/><T128/><D128/><U17/><E42/><V113/><F119/><W50/><G50/><T51/><D98/><U3/><E3/><V9/><F120/><W58/><G58/><T39/><D39/><U105/><E105/><V130/><F130/><W45/><G45/><T91/><D91/><N who="1" m="53375" /><E11/><V48/><F48/><W95/><G95/><T53/><D26/><N who="1" m="16471" /><E29/><V96/><F113/><W131/><G131/><T116/><D116/><U74/><E74/><V69/><F69/><W90/><G90/><T67/><D67/><U93/><E93/><V108/><F89/><W27/><G14/><T6/><D6/><N who="3" m="2057" /><G31/><T12/><D12/><U57/><AGARI ba="0,0" hai="17,18,49,52,57,84,85,86" m="16471,53375" machi="57" ten="30,3000,0" yaku="8,1,54,1" doraHai="129" who="1" fromWho="1" sc="349,-10,294,30,255,-10,102,-10" /><INIT seed="5,1,0,0,2,57" ten="339,324,245,92" oya="1" hai0="78,97,99,68,40,132,3,56,32,71,5,82,4" hai1="98,100,124,127,10,2,109,18,65,27,74,41,128" hai2="29,104,42,9,130,85,34,63,26,135,133,46,92" hai3="116,6,80,28,67,21,81,103,11,53,43,118,131"/><U39/><E74/><V108/><F104/><W69/><G43/><T38/><D32/><U36/><E128/><V45/><F130/><W134/><G103/><T15/><D3/><U47/><E109/><V12/><F63/><W66/><G131/><T75/><D132/><N who="2" m="50762" /><F42/><W126/><G134/><T48/><D38/><U76/><E76/><V89/><F108/><W110/><G110/><T122/><D122/><U111/><E111/><V83/><F83/><N who="3" m="31819" /><G126/><N who="1" m="48170" /><E65/><V70/><F70/><W84/><G84/><T44/><D68/><U113/><E39/><V16/><AGARI ba="1,0" hai="9,12,16,26,29,34,45,46,85,89,92" m="50762" machi="16" ten="30,2000,0" yaku="20,1,54,1" doraHai="57" who="2" fromWho="2" sc="339,-6,324,-11,245,23,92,-6" /><INIT seed="6,0,0,4,1,72" ten="333,313,268,86" oya="2" hai0="65,26,56,46,13,31,10,1,44,8,74,28,55" hai1="6,85,38,54,109,45,101,20,130,14,105,43,7" hai2="21,52,98,22,108,66,47,87,75,135,30,33,103" hai3="37,123,39,84,92,80,11,51,32,133,18,76,42"/><V82/><F75/><W122/><G32/><T68/><D74/><U48/><E109/><V81/><F66/><W53/><G133/><T115/><D115/><U120/><E120/><V97/><F135/><W25/><G42/><T129/><D129/><U114/><E114/><V118/><F118/><W126/><G126/><T134/><D134/><U117/><E117/><V110/><F33/><W113/><G113/><T119/><D119/><U59/><E130/><V29/><F103/><W100/><G123/><T63/><D1/><U19/><E105/><V4/><F4/><W111/><G111/><N who="2" m="42537" /><F47/><W79/><G39/><T89/><D89/><U61/><E101/><V35/><F52/><W34/><G37/><T112/><D112/><U27/><E85/><V50/><F50/><W132/><G34/><T86/><D86/><U94/><E94/><V69/><F69/><W40/><G40/><T2/><D2/><U106/><E106/><V58/><F58/><N who="3" m="33087" /><G122/><T95/><D95/><U93/><E93/><V107/><F107/><W5/><G5/><N who="1" m="1546" /><E38/><V70/><F70/><W17/><G132/><T96/><D46/><U73/><E73/><V12/><F35/><W83/><G18/><T16/><D44/><U131/><E131/><V64/><F64/><W9/><G84/><T127/><D68/><U128/><E128/><V36/><F36/><W24/><G17/><T57/><D65/><N who="1" m="39103" /><E43/><V90/><F87/><W77/><G100/><T23/><D31/><U49/><E48/><V104/><F29/><W88/><G92/><T41/><D41/><U121/><E121/><V62/><F30/><RYUUKYOKU ba="0,0" sc="333,-10,313,30,268,-10,86,-10" hai1="14,19,20,27,45,49,54" /><INIT seed="7,1,0,0,0,108" ten="323,343,258,76" oya="3" hai0="133,126,25,79,52,30,72,54,8,94,7,129,71" hai1="24,115,19,110,23,29,65,128,89,83,70,26,37" hai2="103,38,21,135,81,42,28,78,95,13,34,55,118" hai3="61,18,45,15,64,16,111,46,76,39,106,27,36"/><W112/><G106/><T17/><D71/><U43/><E110/><V132/><F34/><W6/><G111/><T88/><D133/><U22/><E22/><V58/><F38/><W114/><G76/><T35/><D17/><N who="3" m="6761" /><G39/><T122/><D122/><U84/><E128/><V131/><F131/><W97/><G36/><T10/><D129/><U4/><E4/><V51/><F118/><W60/><G97/><T56/><D126/><U41/><E37/><V50/><F78/><W109/><G27/><T98/><D10/><U40/><E115/><N who="3" m="44074" /><G109/><T44/><D44/><N who="3" m="17001" /><G64/><T73/><D79/><U62/><E26/><V123/><F135/><W93/><G93/><T67/><D67/><U120/><E120/><V3/><F123/><W119/><G119/><T1/><D54/><U121/><E121/><V124/><F132/><W63/><G6/><T105/><D105/><U96/><E96/><V125/><F95/><W2/><G15/><T49/><AGARI ba="1,0" hai="1,7,8,25,30,35,49,52,56,72,73,88,94,98" machi="49" ten="20,5200,0" yaku="0,1,7,1,54,2" doraHai="108" who="0" fromWho="0" sc="323,55,343,-14,258,-14,76,-27" owari="378,48.0,329,13.0,244,-16.0,49,-45.0" /></mjloggm>