<mjloggm ver="2.3"><GO type="169" lobby="0"/><UN n0="%EF%BC%88%E2%89%A7%E2%96%BD%E2%89%A6%EF%BC%89" n1="%E9%9B%80%E3%82%AD%E3%83%AB%EF%BC%B9%EF%BC%AF%EF%BC%B5" n2="%E3%81%98%E3%82%83%E3%82%80%E2%99%AD" n3="%4B%E3%80%82" dan="17,16,16,17" rate="2189.39,2061.05,2037.05,2193.15" sx="M,M,M,M"/><TAIKYOKU oya="0"/><INIT seed="0,0,0,3,2,77" ten="250,250,250,250" oya="0" hai0="126,14,17,39,3,113,9,120,46,109,2,64,37" hai1="134,24,98,87,100,127,110,91,90,99,103,128,11" hai2="42,80,5,95,72,51,135,97,69,62,81,38,75" hai3="86,105,92,102,89,101,23,130,94,59,82,54,48"/><T53/><D120/><U79/><E24/><V21/><F5/><W26/><G130/><T47/><D113/><U121/><E121/><V108/><F38/><W123/><G123/><T15/><D126/><U33/><E33/><V52/><F108/><W88/><G105/><T30/><D109/><U13/><E110/><V78/><F135/><W6/><G6/><T119/><D119/><U40/><E127/><V76/><F21/><W93/><REACH who="3" step="1"/><G89/><REACH who="3" ten="250,250,250,240" step="2"/><T36/><D2/><U4/><E91/><V115/><F115/><W29/><AGARI ba="0,1" hai="23,26,29,48,54,59,82,86,88,92,93,94,101,102" machi="29" ten="30,12000,2" yaku="1,1,2,1,0,1,8,1,52,1,54,1,53,0" doraHai="77" doraHaiUra="34" who="3" fromWho="3" sc="250,-60,250,-30,250,-30,240,130" /><INIT seed="1,0,0,4,5,35" ten="190,220,220,370" oya="1" hai0="71,41,39,86,76,105,66,10,117,51,131,49,90" hai1="22,129,36,56,91,38,111,81,33,123,63,68,61" hai2="13,57,48,65,92,3,80,16,124,29,132,45,2" hai3="62,47,121,98,11,0,54,126,127,31,78,128,20"/><U107/><E33/><V85/><F29/><W135/><G121/><T119/><D105/><U74/><E107/><V25/><F25/><W106/><G78/><T77/><D131/><U133/><E123/><V89/><F124/><N who="3" m="47659" /><G135/><T43/><D71/><U40/><E133/><V42/><F132/><W70/><G128/><T64/><D10/><U122/><E122/><V28/><F28/><W75/><G75/><T72/><D90/><U60/><E129/><V115/><F115/><W102/><G47/><T58/><D58/><U96/><E111/><V8/><REACH who="2" step="1"/><F80/><REACH who="2" ten="190,220,210,370" step="2"/><W114/><G114/><T30/><D30/><U23/><E81/><V110/><F110/><W112/><G112/><T26/><D117/><U94/><E68/><V6/><F6/><N who="3" m="1479" /><G70/><T83/><D119/><U21/><E74/><V9/><F9/><W50/><G31/><T69/><D72/><U53/><REACH who="1" step="1"/><E40/><REACH who="1" ten="190,210,210,370" step="2"/><V118/><F118/><W67/><G106/><T34/><D43/><U108/><E108/><V84/><F84/><W46/><G98/><T1/><D41/><U59/><E59/><V116/><F116/><W44/><G46/><T104/><D69/><U18/><E18/><V37/><F37/><AGARI ba="0,2" hai="21,22,23,36,37,38,53,56,60,61,63,91,94,96" machi="37" ten="40,2000,0" yaku="1,1,53,0" doraHai="35" doraHaiUra="79" who="1" fromWho="2" sc="190,0,210,40,210,-20,370,0" /><INIT seed="1,1,0,0,5,12" ten="190,250,190,370" oya="1" hai0="71,120,19,38,110,101,122,113,129,40,89,34,45" hai1="50,7,35,70,23,54,42,91,130,24,116,78,90" hai2="73,29,76,95,46,49,25,64,57,27,121,83,8" hai3="4,93,74,75,106,126,18,127,132,99,80,39,16"/><U17/><E70/><V117/><F117/><W51/><G39/><T2/><D113/><U81/><E116/><V82/><F121/><N who="0" m="46698" /><D129/><U44/><E35/><V86/><F95/><W31/><G31/><T69/><D2/><U131/><E7/><V48/><F8/><W6/><G106/><T21/><D34/><U123/><E123/><V77/><F29/><W97/><G51/><T0/><D0/><U5/><E5/><N who="3" m="2154" /><G132/><T128/><D101/><U72/><REACH who="1" step="1"/><E42/><REACH who="1" ten="190,240,190,370" step="2"/><V37/><F37/><W33/><G33/><T108/><D128/><AGARI ba="1,1" hai="17,23,24,44,50,54,72,78,81,90,91,128,130,131" machi="128" ten="40,12000,1" yaku="1,1,2,1,19,1,52,1,53,0" doraHai="12" doraHaiUra="88" who="1" fromWho="0" sc="190,-123,240,133,190,0,370,0" /><INIT seed="1,2,0,5,5,127" ten="67,373,190,370" oya="1" hai0="81,49,27,4,40,56,33,134,80,28,14,64,58" hai1="12,130,106,104,118,102,46,45,125,70,25,101,71" hai2="32,42,107,31,51,79,59,54,131,48,41,83,52" hai3="90,72,21,37,29,120,126,88,110,133,111,103,30"/><U82/><E118/><V23/><F131/><W5/><G120/><T108/><D108/><N who="3" m="41513" /><G126/><T50/><D134/><U109/><E125/><V11/><F107/><W26/><G37/><T99/><D99/><U66/><E109/><V55/><F11/><W115/><G115/><T124/><D124/><U10/><E82/><V57/><F32/><W73/><G133/><T112/><D112/><U2/><E2/><V6/><F6/><W13/><G103/><T96/><D96/><U9/><E25/><V132/><F132/><W98/><G30/><T15/><D4/><U75/><E12/><V3/><F3/><W97/><G97/><T93/><D93/><U95/><E95/><V91/><F91/><N who="3" m="34859" /><G98/><T85/><D28/><U105/><E105/><V76/><F76/><W8/><AGARI ba="2,0" hai="5,8,13,21,26,29,72,73" m="34859,41513" machi="8" ten="30,2000,0" yaku="14,1,54,1" doraHai="127" who="3" fromWho="3" sc="67,-7,373,-12,190,-7,370,26" /><INIT seed="2,0,0,5,1,78" ten="60,361,183,396" oya="2" hai0="6,23,65,34,62,121,43,36,127,135,119,56,73" hai1="81,12,118,133,61,10,16,37,120,105,30,59,126" hai2="102,117,49,125,3,116,2,124,44,130,114,7,22" hai3="110,28,0,57,55,33,35,66,103,54,87,106,98"/><V42/><F114/><W53/><G0/><T27/><D121/><U96/><E118/><V71/><F71/><W51/><G110/><T134/><D73/><U64/><E37/><V89/><F102/><W107/><G107/><T46/><D119/><N who="2" m="45642" /><F22/><W24/><G35/><T18/><D127/><N who="2" m="48714" /><F130/><W122/><G122/><T112/><D112/><U67/><E120/><V131/><F131/><W132/><G132/><T21/><D34/><U58/><E133/><V113/><F113/><W80/><REACH who="3" step="1"/><G66/><REACH who="3" ten="60,361,183,386" step="2"/><T39/><D135/><U17/><E126/><V70/><F70/><W115/><G115/><T48/><D134/><U92/><E105/><V101/><F3/><W85/><G85/><T76/><D6/><U20/><E64/><V128/><F128/><W68/><G68/><T104/><D104/><U31/><E67/><V108/><F7/><W83/><G83/><T50/><D76/><AGARI ba="0,1" hai="24,28,33,51,53,54,55,57,76,80,87,98,103,106" machi="76" ten="30,3900,0" yaku="1,1,7,1,52,1,53,0" doraHai="78" doraHaiUra="41" who="3" fromWho="0" sc="60,-39,361,0,183,0,386,49" /><INIT seed="3,0,0,5,3,14" ten="21,361,183,435" oya="3" hai0="75,40,108,42,61,53,102,97,118,80,82,121,32" hai1="30,34,35,124,83,106,81,33,7,78,1,46,125" hai2="22,67,72,23,17,28,117,73,51,87,94,71,114" hai3="104,65,44,21,122,18,50,13,119,9,126,112,84"/><W62/><G122/><T133/><D121/><U29/><E106/><V41/><F114/><W3/><G119/><T85/><D118/><U89/><E46/><V6/><F6/><W27/><G112/><T69/><D133/><U101/><E101/><V24/><F71/><W103/><G126/><T113/><D113/><U52/><E7/><V98/><F67/><W0/><G84/><T47/><D108/><U15/><E1/><V31/><F87/><W100/><G104/><T4/><D32/><U58/><E89/><V66/><F66/><W57/><G3/><T12/><D69/><U123/><E123/><V127/><F127/><N who="1" m="48713" /><E15/><V10/><F31/><N who="1" m="11785" /><E78/><V99/><F117/><W60/><G60/><AGARI ba="0,0" hai="33,34,35,52,58,60,81,83" m="11785,48713" machi="60" ten="40,2600,0" yaku="18,1,54,1" doraHai="14" who="1" fromWho="3" sc="21,0,361,26,183,0,435,-26" /><INIT seed="4,0,0,4,2,105" ten="21,387,183,409" oya="0" hai0="84,97,14,127,120,134,130,62,35,6,5,12,106" hai1="88,18,125,110,83,25,42,40,19,71,108,96,82" hai2="47,103,86,20,107,102,99,116,55,87,0,90,15" hai3="126,98,26,85,52,109,37,74,67,36,33,89,11"/><T61/><D120/><U131/><E71/><V100/><F0/><W2/><G109/><T22/><D35/><U44/><E125/><V75/><F75/><W77/><G126/><T23/><D127/><U122/><E122/><V41/><F55/><W115/><G115/><T3/><D3/><U92/><E131/><V1/><F1/><W27/><G67/><T91/><D134/><U72/><E42/><V121/><F116/><W79/><G52/><T80/><D130/><U29/><E83/><V45/><F121/><W132/><G132/><T17/><D106/><U49/><E72/><V95/><F107/><W51/><G51/><T63/><REACH who="0" step="1"/><D97/><REACH who="0" ten="11,387,183,409" step="2"/><U123/><E123/><V8/><F99/><W34/><G98/><T68/><D68/><U59/><E108/><V24/><F100/><W94/><G2/><T66/><D66/><U58/><E110/><V104/><F104/><W124/><G124/><T69/><D69/><U9/><E96/><V76/><F102/><W43/><G34/><T48/><D48/><U117/><E49/><V21/><F103/><W60/><G33/><T133/><D133/><U28/><E117/><V57/><F45/><W119/><G119/><T135/><D135/><U46/><E44/><V81/><F47/><W39/><G36/><T70/><D70/><U4/><E46/><V32/><F32/><W53/><G39/><T128/><D128/><U129/><E129/><V113/><F57/><W10/><G37/><T56/><D56/><U78/><E58/><V30/><F41/><W7/><G43/><T73/><D73/><U112/><E40/><RYUUKYOKU ba="0,1" sc="11,30,387,-10,183,-10,409,-10" hai0="5,6,12,14,17,22,23,61,62,63,80,84,91" /><INIT seed="4,1,1,1,5,61" ten="41,377,173,399" oya="0" hai0="66,46,43,110,132,78,48,125,124,51,131,93,32" hai1="27,72,82,90,95,83,96,19,80,103,29,133,10" hai2="87,126,18,105,5,14,89,63,111,121,36,85,44" hai3="86,73,0,135,134,47,60,118,55,15,100,2,108"/><T22/><D32/><U122/><E122/><V104/><F111/><W13/><G108/><T77/><D110/><U9/><E133/><N who="3" m="50698" /><G73/><T116/><D132/><U7/><E72/><V1/><F126/><N who="0" m="48746" /><D116/><U23/><E29/><V94/><F85/><W99/><G86/><T107/><D107/><U88/><REACH who="1" step="1"/><E10/><REACH who="1" ten="41,367,173,399" step="2"/><V45/><F121/><W4/><G118/><T123/><D123/><U37/><E37/><V38/><F36/><W25/><G25/><T28/><D131/><U92/><E92/><V127/><F94/><N who="3" m="58487" /><G4/><T102/><D93/><U34/><E34/><V56/><F5/><W59/><G47/><N who="0" m="25727" /><D102/><U106/><E106/><V130/><F104/><W62/><G62/><T17/><D28/><U112/><E112/><V39/><F105/><W33/><G33/><T12/><D66/><U128/><E128/><V20/><F130/><W26/><G26/><T64/><D64/><U54/><E54/><AGARI ba="1,2" hai="12,17,22,46,51,54,77,78" m="25727,48746" machi="54" ten="30,1500,0" yaku="18,1" doraHai="61" who="0" fromWho="1" sc="41,38,367,-18,173,0,399,0" /><INIT seed="4,2,0,3,4,34" ten="79,349,173,399" oya="0" hai0="72,67,129,107,101,113,7,89,32,48,40,53,30" hai1="1,22,84,103,123,131,63,109,57,111,127,31,11" hai2="8,15,108,58,90,69,4,85,6,75,125,52,56" hai3="62,126,18,55,14,118,68,5,26,77,0,19,51"/><T54/><D72/><U49/><E103/><V91/><F108/><W20/><G118/><T79/><D79/><U9/><E123/><V132/><F69/><W128/><G128/><T135/><D129/><U112/><E131/><V105/><F75/><W78/><G126/><T33/><D40/><U71/><E127/><V42/><F42/><W16/><G68/><T92/><D7/><U35/><E112/><V97/><F132/><W122/><G62/><T121/><D121/><U80/><E71/><V38/><F38/><W100/><G100/><T94/><D135/><U87/><E49/><N who="2" m="30735" /><F58/><N who="3" m="33151" /><G0/><T102/><D107/><U110/><E35/><N who="0" m="13385" /><D101/><U37/><E37/><V76/><F105/><W28/><G122/><T120/><D120/><U25/><E1/><V23/><F23/><W116/><G116/><T66/><D102/><U29/><E29/><V64/><F64/><N who="0" m="24618" /><D30/><U134/><E134/><V61/><F61/><W70/><G70/><T2/><D2/><U96/><E96/><V82/><F97/><W21/><G20/><T47/><D113/><U46/><E46/><V86/><F125/><W43/><G43/><N who="0" m="24703" /><D89/><N who="2" m="33802" /><F86/><W99/><G99/><T115/><D115/><U60/><E87/><V74/><F74/><W130/><G130/><T104/><D104/><U93/><E109/><V36/><F36/><W119/><G119/><T41/><D41/><U83/><E110/><V39/><F39/><W106/><G106/><T73/><D73/><U10/><E111/><V45/><F45/><W3/><G3/><T27/><D27/><U124/><E124/><V81/><F81/><N who="1" m="31305" /><E57/><V95/><F95/><AGARI ba="2,0" hai="53,54,92,94,95" m="24703,24618,13385" machi="95" ten="30,1500,0" yaku="6,1" doraHai="34" who="0" fromWho="2" sc="79,21,349,0,173,-21,399,0" /><INIT seed="4,3,0,4,2,60" ten="100,349,152,399" oya="0" hai0="127,4,42,74,79,102,45,2,19,8,134,7,122" hai1="115,62,82,109,94,129,23,66,49,58,37,38,57" hai2="36,21,29,120,16,125,76,118,110,126,72,116,11" hai3="86,61,130,87,81,6,59,112,103,73,46,100,117"/><T14/><D122/><U99/><E82/><N who="2" m="45319" /><F36/><W50/><G117/><N who="2" m="45161" /><F110/><W105/><G112/><T85/><D134/><U27/><E109/><V91/><F120/><W92/><G130/><T70/><D70/><U89/><E129/><V12/><F91/><N who="3" m="53375" /><G73/><T55/><D127/><N who="2" m="48650" /><F29/><W13/><G105/><T78/><D74/><U131/><E131/><V97/><F97/><W83/><G6/><N who="0" m="2091" /><D102/><U24/><E115/><V35/><F35/><W20/><G100/><T95/><D2/><U52/><E27/><V5/><F5/><W26/><G103/><T22/><D85/><U90/><REACH who="1" step="1"/><E89/><REACH who="1" ten="100,339,152,399" step="2"/><V68/><F68/><W108/><G108/><T65/><D79/><U44/><E44/><V43/><F43/><W63/><G46/><T54/><D78/><U33/><E33/><V53/><F53/><N who="3" m="32183" /><G81/><T135/><D45/><U133/><E133/><V111/><F111/><W93/><G83/><T124/><D135/><U101/><E101/><V67/><F11/><W1/><G26/><N who="0" m="14687" /><D124/><U128/><E128/><V30/><F30/><AGARI ba="3,1" hai="23,24,30,37,38,49,52,57,58,62,66,90,94,99" machi="30" ten="30,7700,0" yaku="1,1,7,1,52,1,54,1,53,0" doraHai="60" doraHaiUra="34" who="1" fromWho="2" sc="100,0,339,96,152,-86,399,0" /><INIT seed="5,0,0,4,4,46" ten="100,435,66,399" oya="1" hai0="85,2,120,73,24,74,91,6,65,84,101,22,62" hai1="27,58,20,54,128,103,49,64,15,32,69,96,111" hai2="14,135,86,11,39,113,26,42,125,121,57,106,76" hai3="89,94,131,41,16,4,97,95,81,52,30,80,82"/><U34/><E128/><V88/><F121/><W117/><G117/><T102/><D120/><U59/><E69/><V79/><F106/><W61/><G131/><T44/><D2/><U107/><E111/><V78/><F125/><W50/><G4/><T21/><D6/><U23/><E23/><V13/><F135/><W67/><G30/><T70/><D22/><U0/><E0/><V133/><F133/><W68/><G41/><T12/><D12/><U123/><E123/><V132/><F132/><W60/><G60/><T127/><D127/><U71/><E71/><V119/><F119/><W112/><G112/><T5/><D5/><U77/><E77/><V8/><F26/><W93/><REACH who="3" step="1"/><G16/><REACH who="3" ten="100,435,66,389" step="2"/><T19/><D19/><U104/><E34/><V63/><F113/><W28/><G28/><T38/><D62/><U25/><E32/><V3/><F42/><W31/><G31/><T29/><D29/><U33/><E33/><V130/><F130/><W37/><G37/><T105/><D38/><U9/><E20/><V72/><F39/><W116/><G116/><T126/><D21/><U7/><E25/><V110/><F110/><W98/><G98/><T114/><D24/><U18/><E27/><V129/><F129/><W56/><AGARI ba="0,1" hai="50,52,56,61,67,68,80,81,82,89,93,94,95,97" machi="56" ten="30,7900,0" yaku="1,1,0,1,52,1,54,1,53,0" doraHai="46" doraHaiUra="99" who="3" fromWho="3" sc="100,-20,435,-39,66,-20,389,89" /><INIT seed="6,0,0,4,5,127" ten="80,396,46,478" oya="2" hai0="123,121,99,30,103,83,132,81,47,88,10,113,114" hai1="20,80,58,56,9,43,101,11,25,44,51,122,97" hai2="129,1,17,49,65,31,52,110,94,24,106,118,116" hai3="120,134,19,29,37,135,133,71,34,74,27,75,36"/><V112/><F106/><W60/><G120/><N who="0" m="46155" /><D30/><U46/><E122/><V59/><F110/><W45/><G19/><T13/><D47/><U4/><E80/><V48/><F129/><W50/><G71/><T6/><D132/><U67/><E44/><V130/><F130/><W66/><G60/><T12/><D12/><U3/><E67/><V23/><F1/><W39/><G66/><T18/><D88/><U42/><E42/><AGARI ba="0,0" hai="27,29,34,36,37,39,42,45,50,74,75,133,134,135" machi="42" ten="50,1600,0" yaku="20,1" doraHai="127" who="3" fromWho="1" sc="80,0,396,-16,46,0,478,16" /><INIT seed="7,0,0,3,0,117" ten="80,380,46,494" oya="3" hai0="63,92,55,110,90,126,4,7,51,18,40,41,64" hai1="103,8,116,11,88,13,54,69,124,120,104,43,25" hai2="60,61,95,3,10,93,21,134,9,5,68,109,29" hai3="26,48,19,57,135,1,36,23,78,42,56,15,96"/><W20/><G1/><T107/><D107/><U102/><E69/><V91/><F109/><W115/><G135/><T74/><D74/><U82/><E104/><V127/><F134/><W30/><G115/><T132/><D132/><U47/><E116/><V2/><F127/><W99/><G36/><T106/><D106/><U31/><E124/><V86/><F93/><W58/><G78/><T87/><D110/><U113/><E113/><V125/><F125/><W131/><G131/><T119/><D119/><U81/><E120/><V65/><F61/><W59/><G59/><N who="0" m="36991" /><D18/><U79/><E11/><V121/><F121/><W14/><G14/><T73/><D73/><U46/><E46/><AGARI ba="0,0" hai="15,19,20,23,26,30,42,46,48,56,57,58,96,99" machi="46" ten="40,2000,0" yaku="8,1" doraHai="117" who="3" fromWho="1" sc="80,0,380,-20,46,0,494,20" owari="80,-32.0,360,16.0,46,-45.0,514,61.0" /></mjloggm>