<mjloggm ver="2.3"><GO type="41"/><UN n0="%E3%82%A6%E3%83%AB%E3%83%88%E3%83%A9%E7%AB%8B%E7%9B%B4" n1="%E7%8A%AC%E4%BE%8D" n2="%E3%81%97%E3%82%85%E3%83%BC%E3%82%89%E3%82%93" n3="%E6%9E%9A%E6%96%B9%E3%81%9D%E3%82%93%E3%81%9D%E3%82%93" dan="15,14,15,15" rate="1970,1946,2005,1969" sx="M,M,M,M"/><TAIKYOKU oya="0"/><INIT seed="0,0,0,5,3,129" ten="250,250,250,250" oya="0" hai0="67,27,54,107,117,24,39,130,44,73,86,53,38" hai1="119,11,70,79,108,30,105,102,59,65,57,112,113" hai2="26,103,12,19,80,93,123,110,60,0,82,69,18" hai3="68,95,126,40,134,50,56,90,62,47,13,31,81"/><T111/><D73/><U45/><E119/><V14/><F123/><W49/><G126/><T2/><D2/><U97/><E79/><V74/><F0/><W127/><G127/><T135/><D107/><U58/><E108/><V52/><F110/><W91/><G31/><T23/><D111/><U92/><E45/><V104/><F104/><W20/><G68/><T109/><D109/><U76/><E76/><V35/><F35/><W125/><G125/><T63/><D117/><U133/><E11/><V78/><F82/><W89/><G81/><T121/><D121/><U99/><E30/><V75/><F75/><W85/><G134/><T64/><D130/><U8/><E8/><V120/><F26/><W61/><G50/><T132/><D86/><U98/><E133/><N who="0" m="51273" /><D27/><U106/><E70/><V51/><F69/><W17/><REACH who="3" step="1"/><G62/><REACH who="3" ten="250,250,250,240" step="2"/><T94/><D94/><U41/><E92/><V33/><F60/><W83/><G83/><T77/><D77/><U101/><E65/><AGARI ba="0,1" hai="13,17,20,40,47,49,56,61,65,85,89,90,91,95" machi="65" ten="30,3900,0" yaku="1,1,7,1,8,1,53,0" doraHai="129" doraHaiUra="7" who="3" fromWho="1" sc="250,0,250,-39,250,0,240,49" /><INIT seed="1,0,0,2,5,84" ten="250,211,250,289" oya="1" hai0="97,35,15,17,76,96,85,13,42,118,90,23,93" hai1="72,123,125,58,52,8,59,24,129,80,53,92,49" hai2="2,110,107,4,40,101,99,73,56,74,89,120,41" hai3="114,46,51,14,16,78,67,48,95,5,121,100,0"/><U33/><E123/><V60/><F120/><W62/><G121/><T10/><D35/><U50/><E129/><V116/><F116/><W127/><G127/><T102/><D118/><U9/><E125/><V105/><F105/><W27/><G114/><T63/><D42/><U88/><E72/><V83/><F110/><W7/><G78/><T32/><D32/><U47/><E80/><V113/><F113/><W37/><G0/><T134/><D134/><U132/><E132/><V98/><F40/><W43/><G27/><T79/><D63/><N who="1" m="36295" /><E24/><V55/><F41/><W19/><G48/><T109/><D109/><U91/><E33/><V81/><F73/><W54/><G95/><T94/><REACH who="0" step="1"/><D97/><REACH who="0" ten="240,211,250,289" step="2"/><N who="1" m="57479" /><E91/><V115/><F89/><W64/><G100/><T6/><AGARI ba="0,1" hai="6,10,13,15,17,23,76,79,85,90,93,94,96,102" machi="6" ten="20,8000,1" yaku="1,1,0,1,7,1,8,1,52,1,53,0" doraHai="84" doraHaiUra="117" who="0" fromWho="0" sc="240,90,211,-40,250,-20,289,-20" /><INIT seed="2,0,0,0,3,14" ten="330,171,230,269" oya="2" hai0="24,48,73,80,86,89,0,54,98,124,108,67,38" hai1="84,75,17,113,15,135,34,23,41,46,58,105,5" hai2="43,91,27,127,112,117,57,132,129,88,62,103,122" hai3="92,68,104,20,42,12,87,133,51,82,81,77,74"/><V1/><F122/><W50/><G68/><T95/><D0/><U13/><E75/><V106/><F117/><W126/><G126/><T16/><D38/><U59/><E113/><V128/><F112/><W3/><G3/><T35/><D124/><U99/><E34/><V97/><F127/><W78/><G104/><T118/><D118/><U115/><E115/><V61/><F1/><W69/><G69/><T109/><D67/><U111/><E111/><V31/><F132/><W130/><G130/><N who="2" m="50281" /><F43/><W2/><G2/><T63/><D73/><U30/><E135/><V28/><F61/><W25/><G133/><T32/><D35/><U116/><E116/><V21/><F31/><W114/><G114/><T76/><D32/><U119/><E119/><V53/><AGARI ba="0,0" hai="21,27,28,53,57,62,88,91,97,103,106" m="50281" machi="53" ten="30,3000,0" yaku="19,1,54,1" doraHai="14" who="2" fromWho="2" sc="330,-10,171,-10,230,30,269,-10" /><INIT seed="2,1,0,4,3,62" ten="320,161,260,259" oya="2" hai0="30,57,3,53,27,126,42,7,123,75,119,86,4" hai1="101,74,38,56,67,94,59,15,70,131,44,114,103" hai2="88,127,87,22,10,76,111,113,50,13,78,2,73" hai3="32,125,43,19,11,107,26,109,1,34,46,118,35"/><V69/><F113/><W6/><G118/><T40/><D75/><U68/><E74/><V72/><F2/><W130/><G109/><T100/><D123/><U82/><E114/><V41/><F111/><W105/><G130/><T117/><D100/><U90/><E82/><V39/><F39/><W12/><G125/><T31/><D86/><U115/><E115/><V128/><F69/><W79/><G79/><N who="2" m="30249" /><F72/><W61/><G61/><T85/><D85/><U133/><E131/><V24/><F73/><W99/><G99/><T51/><D126/><U66/><E133/><V77/><F77/><W55/><G55/><T122/><D122/><U36/><E15/><V48/><F41/><N who="0" m="15978" /><D31/><U58/><E90/><V121/><F121/><W108/><G108/><T93/><D3/><U97/><E44/><V104/><F104/><W124/><G124/><T47/><D117/><U120/><E120/><V16/><F128/><W132/><G132/><T17/><D119/><U37/><REACH who="1" step="1"/><E103/><REACH who="1" ten="320,151,260,259" step="2"/><V23/><F127/><W135/><G135/><T60/><D47/><U25/><E25/><V71/><F24/><W112/><G112/><T0/><D27/><U116/><E116/><V45/><F45/><W14/><G26/><T96/><D0/><U9/><E9/><V89/><F89/><W134/><G1/><T81/><D81/><U29/><E29/><V63/><F10/><N who="3" m="6551" /><G134/><T20/><D30/><U33/><E33/><V52/><F13/><W102/><G102/><N who="0" m="60687" /><D20/><U21/><E21/><V28/><F22/><W92/><G92/><T106/><D106/><U84/><E84/><V64/><F87/><RYUUKYOKU ba="1,1" sc="320,-15,151,15,260,-15,259,15" hai1="36,37,38,56,58,59,66,67,68,70,94,97,101" hai3="6,11,14,32,34,35,43,46,105,107" /><INIT seed="3,2,1,0,2,74" ten="305,166,245,274" oya="3" hai0="97,13,41,121,40,66,38,77,53,112,11,96,69" hai1="43,117,35,130,64,134,59,103,68,113,135,4,70" hai2="116,63,34,30,27,106,72,82,110,0,124,18,25" hai3="2,94,119,6,102,46,62,26,48,118,71,24,95"/><W23/><G2/><T37/><D66/><U56/><E35/><V73/><F116/><W100/><G6/><T88/><D69/><N who="1" m="26731" /><E4/><V98/><F0/><W65/><G118/><T101/><D121/><U115/><E103/><V15/><F106/><W3/><G3/><T39/><D112/><N who="1" m="43083" /><E117/><V22/><F98/><W20/><G119/><T108/><D53/><U5/><E5/><V67/><F124/><W86/><G95/><T129/><D13/><U79/><E64/><V78/><F110/><W32/><G32/><T87/><D11/><U84/><E84/><V99/><F99/><W42/><G86/><T55/><D108/><U131/><E79/><V85/><REACH who="2" step="1"/><F27/><REACH who="2" ten="305,166,235,274" step="2"/><W33/><G33/><T123/><D97/><U47/><E43/><V29/><F29/><W50/><G24/><T109/><D109/><U89/><E47/><V44/><F44/><W31/><G20/><T28/><D40/><U17/><E17/><V19/><F19/><W111/><G111/><T127/><D41/><U60/><E89/><V128/><F128/><N who="1" m="49193" /><E60/><V91/><F91/><W126/><G126/><T58/><D127/><U52/><E52/><V10/><F10/><W45/><REACH who="3" step="1"/><G94/><REACH who="3" ten="305,166,235,264" step="2"/><N who="0" m="58519" /><D129/><U12/><E12/><V54/><F54/><AGARI ba="2,3" hai="23,26,31,42,45,46,48,50,54,62,65,71,100,102" machi="54" ten="30,2900,0" yaku="1,1,7,1,53,0" doraHai="74" doraHaiUra="80" who="3" fromWho="2" sc="305,0,166,0,235,-35,264,65" /><INIT seed="3,3,0,1,3,124" ten="305,166,200,329" oya="3" hai0="81,16,25,99,17,63,44,105,36,128,88,75,65" hai1="66,46,111,135,106,45,98,84,38,121,77,68,85" hai2="51,54,130,133,50,72,62,91,3,132,126,20,127" hai3="32,27,35,41,37,12,86,103,79,123,120,24,55"/><W110/><G103/><T125/><D125/><N who="2" m="47626" /><F3/><W59/><G37/><T107/><D107/><U26/><E121/><V15/><F72/><W52/><G12/><T114/><D114/><U8/><E68/><V60/><F15/><W74/><G74/><T0/><D0/><U21/><E66/><V64/><F91/><W96/><G96/><T34/><D44/><U48/><E38/><V13/><F13/><W83/><G110/><T104/><D36/><U53/><E111/><V10/><F20/><W76/><G41/><T118/><D104/><U112/><E112/><V28/><F28/><W31/><G120/><T23/><D118/><U33/><E33/><V61/><F10/><W56/><G123/><T70/><D75/><U102/><E8/><V73/><F73/><W93/><G93/><T134/><D17/><U14/><E14/><V1/><F1/><W22/><G76/><T108/><D108/><U71/><E77/><V87/><F87/><W6/><G6/><T115/><D115/><U122/><E122/><V4/><F4/><W89/><G79/><T100/><D88/><U117/><E85/><V19/><F19/><W9/><G9/><T7/><D7/><U90/><E84/><V95/><F95/><W11/><G11/><T30/><D81/><U78/><E90/><V49/><F54/><W92/><G83/><T80/><D80/><U29/><E53/><N who="3" m="20554" /><G32/><T2/><D2/><U97/><E78/><V113/><F113/><W67/><G67/><T47/><D65/><U43/><E106/><V39/><F39/><W57/><G35/><T5/><D34/><RYUUKYOKU ba="3,0" sc="305,-10,166,-10,200,-10,329,30" hai3="22,24,27,31,56,57,59,86,89,92" /><INIT seed="3,4,0,1,3,84" ten="295,156,190,359" oya="3" hai0="96,72,7,109,93,9,88,35,78,38,120,132,16" hai1="101,49,13,18,91,62,29,31,61,56,121,117,104" hai2="22,133,45,86,63,14,36,60,3,131,82,50,65" hai3="23,76,130,113,15,89,115,81,68,127,66,58,21"/><W114/><G68/><T27/><D38/><U6/><E121/><V122/><F3/><W73/><G127/><T12/><D120/><U57/><E6/><V34/><F34/><W134/><G134/><T129/><D132/><U24/><E117/><V100/><F133/><W11/><G130/><T110/><D129/><U1/><E1/><V80/><F131/><W94/><G66/><T105/><D105/><U59/><E49/><V43/><F63/><N who="1" m="24073" /><E104/><V79/><F122/><W20/><G58/><T67/><D67/><U123/><E101/><V116/><F116/><W70/><G70/><T39/><D39/><U46/><E46/><V17/><F82/><W74/><G74/><T71/><D71/><U2/><E2/><V90/><F100/><W51/><G51/><T102/><D102/><U77/><E77/><V95/><F95/><W53/><G53/><T37/><D37/><U99/><E123/><V25/><F25/><W0/><G0/><T32/><D7/><U108/><E24/><V75/><F75/><W98/><REACH who="3" step="1"/><G11/><REACH who="3" ten="295,156,190,349" step="2"/><T118/><D118/><U111/><E111/><N who="0" m="42505" /><D27/><U55/><E108/><V64/><F36/><W4/><G4/><T124/><D124/><U5/><E5/><V8/><F65/><W30/><G30/><T119/><D119/><U40/><E55/><V47/><F64/><W103/><G103/><T48/><D48/><U69/><E69/><V28/><F28/><W54/><G54/><T128/><D128/><U97/><E31/><V92/><F50/><W107/><G107/><T112/><D112/><U87/><E29/><V19/><F43/><RYUUKYOKU ba="4,1" sc="295,15,156,-15,190,-15,349,15" hai0="9,12,16,32,35,72,78,88,93,96" hai3="15,20,21,23,73,76,81,89,94,98,113,114,115" /><INIT seed="3,5,1,2,0,8" ten="310,141,175,364" oya="3" hai0="70,120,74,124,131,19,23,27,55,134,58,7,77" hai1="13,32,99,121,9,24,79,62,43,68,29,67,63" hai2="22,38,71,2,48,96,87,78,106,34,41,89,93" hai3="95,18,135,65,112,20,82,90,6,129,107,122,103"/><W109/><G122/><T1/><D70/><U17/><E121/><V130/><F34/><W45/><G112/><T98/><D120/><U35/><E43/><V113/><F71/><W116/><G116/><T31/><D124/><U105/><E63/><V42/><F113/><W91/><G129/><T132/><D131/><U60/><E60/><V36/><F130/><W53/><G135/><N who="0" m="51755" /><D77/><U118/><E79/><V37/><F2/><W49/><G109/><T11/><D74/><U10/><E118/><V80/><F106/><W115/><G115/><T97/><D19/><U81/><E81/><V33/><F33/><W46/><G6/><T72/><D72/><U50/><E9/><V110/><F110/><W92/><G65/><T52/><D55/><U30/><E50/><AGARI ba="5,1" hai="1,7,11,23,27,31,50,52,58,97,98" m="51755" machi="50" ten="30,2000,0" yaku="20,1,54,1" doraHai="8" who="0" fromWho="1" sc="310,45,141,-35,175,0,364,0" /><INIT seed="4,0,0,5,4,106" ten="355,106,175,364" oya="0" hai0="80,134,12,67,72,108,74,107,86,64,118,125,96" hai1="113,33,60,47,2,81,22,89,83,84,8,88,128" hai2="105,18,31,7,104,59,70,53,13,97,3,25,45" hai3="130,82,41,69,29,34,10,66,44,103,24,78,1"/><T42/><D42/><U75/><E33/><V68/><F45/><W73/><G130/><T87/><D12/><U120/><E120/><V16/><F105/><W28/><G103/><N who="0" m="62951" /><D67/><U85/><E128/><V112/><F112/><W133/><G28/><T131/><D64/><U14/><E2/><V5/><F104/><W77/><G133/><T49/><D49/><U100/><E100/><V90/><F18/><W32/><G77/><T129/><D134/><U135/><E113/><V65/><F3/><W61/><G24/><T15/><D15/><U99/><E135/><V62/><F97/><W76/><G78/><T98/><D129/><U109/><E99/><V127/><F90/><W101/><G101/><T102/><D131/><U111/><E60/><V50/><F127/><W132/><G132/><T55/><D55/><U91/><E22/><V46/><F70/><W95/><G95/><N who="0" m="58719" /><D125/><U63/><E63/><V54/><F54/><W43/><G29/><T4/><D4/><U92/><E47/><V9/><F68/><W17/><G17/><T40/><D40/><U117/><E14/><V115/><REACH who="2" step="1"/><F115/><REACH who="2" ten="355,106,165,364" step="2"/><W126/><G126/><T121/><D121/><U124/><E124/><V21/><AGARI ba="0,1" hai="5,7,9,13,16,21,25,31,46,50,53,59,62,65" machi="21" ten="20,12000,2" yaku="1,1,2,1,0,1,7,1,8,1,54,1,53,1" doraHai="106" doraHaiUra="26" who="2" fromWho="2" sc="355,-60,106,-30,165,130,364,-30" /><INIT seed="5,0,0,1,0,12" ten="295,76,295,334" oya="1" hai0="94,103,11,47,125,107,35,62,110,102,67,9,49" hai1="7,53,98,57,41,8,115,78,20,31,22,56,5" hai2="58,118,124,26,108,89,77,92,44,73,3,90,17" hai3="96,93,21,54,36,60,69,99,109,10,46,4,65"/><U91/><E78/><V128/><F118/><W117/><G117/><T82/><D110/><U59/><E41/><V83/><F108/><W130/><G130/><T43/><D125/><U28/><E115/><V29/><F3/><W81/><G81/><T132/><D132/><U79/><E79/><V121/><F121/><W72/><G72/><T113/><D113/><U37/><E37/><V48/><F58/><W101/><G109/><T135/><D135/><U51/><E98/><V23/><F124/><W16/><G96/><T61/><D35/><U6/><E91/><V19/><F128/><W30/><G30/><N who="1" m="11306" /><E8/><V74/><F74/><W66/><G65/><T70/><D107/><U14/><E14/><V111/><F111/><W80/><G80/><T85/><D102/><U0/><E0/><V52/><F90/><W75/><G75/><T18/><D103/><U106/><E106/><V32/><F32/><W71/><G54/><T84/><D94/><U87/><E87/><AGARI ba="0,0" hai="17,19,23,26,29,44,48,52,73,77,83,87,89,92" machi="87" ten="30,7700,0" yaku="7,1,52,2,54,1" doraHai="12" who="2" fromWho="1" sc="295,0,76,-77,295,77,334,0" owari="295,-10.0,-1,-50.0,372,47.0,334,13.0" /></mjloggm>