<mjloggm ver="2.3"><GO type="169" lobby="0"/><UN n0="%E3%80%93%E6%9D%BE%E4%BA%95%EF%BC%A3%EF%BC%B3%E3%80%93" n1="%65%69%63%68%69%72%6F" n2="%EF%BC%88%E2%89%A7%E2%96%BD%E2%89%A6%EF%BC%89" n3="%E3%83%8B%E3%82%B3%E3%82%BF%E3%83%9E" dan="17,16,18,16" rate="2163.32,2057.70,2169.47,2098.17" sx="M,M,M,M"/><TAIKYOKU oya="0"/><INIT seed="0,0,0,2,4,71" ten="250,250,250,250" oya="0" hai0="100,131,102,12,109,26,4,112,101,85,119,2,88" hai1="28,54,133,108,41,132,44,134,106,116,110,64,0" hai2="117,89,17,72,135,114,5,115,6,118,60,80,62" hai3="70,8,11,9,53,81,3,104,111,122,65,99,30"/><T73/><D73/><U82/><E106/><V58/><F135/><W124/><G3/><T78/><D112/><U123/><E0/><V79/><F89/><W120/><G124/><T48/><D119/><N who="2" m="45578" /><F17/><W52/><G30/><T91/><D2/><U84/><E116/><V19/><F19/><W15/><G15/><T27/><D131/><U66/><E123/><N who="3" m="47146" /><G81/><N who="0" m="47287" /><D109/><N who="1" m="42091" /><E28/><V107/><F62/><N who="3" m="40247" /><G111/><T103/><N who="0" m="26112" /><DORA hai="24" /><T57/><D27/><U83/><E54/><N who="3" m="21098" /><G99/><T32/><D32/><U21/><E21/><V46/><F107/><AGARI ba="0,0" hai="8,9,11,104,107" m="21098,40247,47146" machi="107" ten="40,2600,0" yaku="13,1,54,1" doraHai="71,24" who="3" fromWho="2" sc="250,0,250,0,250,-26,250,26" /><INIT seed="1,0,0,3,2,81" ten="250,250,224,276" oya="1" hai0="63,67,32,37,107,40,116,30,127,44,90,111,52" hai1="20,73,122,57,135,17,113,19,88,87,108,14,56" hai2="126,68,60,4,8,27,31,47,35,78,7,22,99" hai3="91,23,33,80,125,11,104,48,94,54,120,133,0"/><U12/><E122/><V89/><F126/><W129/><G33/><T46/><D116/><U2/><E113/><V43/><F78/><W5/><G104/><T59/><D107/><U101/><E73/><V25/><F68/><W65/><G120/><T106/><D106/><U45/><E135/><V92/><F60/><W75/><G125/><T26/><D127/><U93/><E2/><V121/><F121/><W98/><G129/><T109/><D90/><U76/><E108/><V79/><F79/><W118/><G118/><T100/><D100/><U112/><E112/><V105/><F105/><W131/><G131/><T50/><AGARI ba="0,0" hai="26,30,32,37,40,44,46,50,52,59,63,67,109,111" machi="50" ten="30,2000,0" yaku="0,1,54,1" doraHai="81" who="0" fromWho="0" sc="250,20,250,-10,224,-5,276,-5" /><INIT seed="2,0,0,1,3,115" ten="270,240,219,271" oya="2" hai0="26,95,24,119,27,67,88,74,31,113,34,13,98" hai1="90,12,116,128,134,29,120,61,36,8,5,15,89" hai2="103,62,45,77,118,55,92,94,46,114,106,64,84" hai3="72,20,76,44,104,93,86,50,59,68,48,79,81"/><V117/><F114/><W65/><G104/><T41/><D113/><U39/><E128/><V22/><F106/><W97/><G68/><T63/><D74/><U18/><E134/><V75/><F75/><W0/><G0/><T25/><D41/><U126/><E126/><V91/><F77/><W11/><G11/><T57/><D13/><U83/><E120/><V132/><F132/><W14/><G72/><T33/><REACH who="0" step="1"/><D119/><REACH who="0" ten="260,240,219,271" step="2"/><U125/><E15/><V85/><F118/><W6/><G14/><T130/><D130/><U7/><E116/><V66/><F117/><W4/><G6/><T107/><D107/><U2/><E5/><V9/><F9/><W10/><G4/><T37/><D37/><U110/><E36/><V96/><F22/><AGARI ba="0,1" hai="22,24,25,26,27,31,33,34,57,63,67,88,95,98" machi="22" ten="40,2600,0" yaku="1,1,54,1,53,0" doraHai="115" doraHaiUra="100" who="0" fromWho="2" sc="260,36,240,0,219,-26,271,0" /><INIT seed="3,0,0,2,0,42" ten="296,240,193,271" oya="3" hai0="78,56,54,115,68,24,39,83,25,23,95,52,2" hai1="119,124,96,125,67,37,29,77,104,80,13,120,75" hai2="34,15,19,73,94,41,35,109,71,90,129,106,88" hai3="127,48,47,20,89,18,132,108,118,91,66,97,111"/><W126/><G66/><T49/><D68/><U32/><E120/><V79/><F106/><W98/><G118/><T84/><D115/><U30/><E119/><V22/><F71/><W51/><G132/><T134/><D134/><U64/><E37/><V107/><F107/><W131/><G131/><T87/><D39/><U121/><E121/><V0/><F0/><W65/><G65/><N who="1" m="25162" /><E32/><V113/><F113/><W31/><G31/><T99/><D2/><U117/><E117/><V43/><F129/><W8/><G8/><T62/><D87/><U40/><E40/><V103/><F109/><N who="3" m="42059" /><G51/><T16/><D25/><U1/><E1/><V76/><F35/><W100/><G98/><T128/><D128/><U50/><E50/><V74/><F34/><W46/><G48/><T44/><D99/><U122/><E122/><V26/><F73/><W82/><G82/><N who="0" m="47191" /><D95/><U93/><E104/><V70/><F70/><W7/><G7/><T72/><D72/><U55/><E29/><V86/><F74/><W123/><G123/><T59/><D83/><U81/><E81/><N who="2" m="49231" /><F103/><W5/><G5/><T28/><D28/><U133/><E30/><N who="2" m="17751" /><F79/><W11/><G11/><T3/><D3/><U85/><E133/><V53/><F76/><W114/><G114/><T58/><AGARI ba="0,0" hai="16,23,24,44,49,52,54,56,58,59,62" m="47191" machi="58" ten="30,7900,0" yaku="8,1,52,1,54,2" doraHai="42" who="0" fromWho="0" sc="296,79,240,-20,193,-20,271,-39" /><INIT seed="4,0,0,2,4,9" ten="375,220,173,232" oya="0" hai0="57,83,55,2,77,104,41,23,91,37,80,79,58" hai1="114,102,70,75,60,110,129,130,134,127,30,25,87" hai2="85,69,47,94,88,90,97,121,68,12,0,15,109" hai3="18,7,132,53,93,45,78,1,66,34,28,120,123"/><T74/><D104/><U98/><E75/><V48/><F121/><N who="3" m="46667" /><G78/><T106/><D106/><U50/><E110/><V10/><F109/><W81/><G81/><T135/><D135/><U31/><E134/><V52/><F0/><W16/><G66/><T46/><D91/><U44/><E127/><V107/><F107/><W125/><G125/><T113/><D113/><U29/><E87/><V62/><F62/><W124/><G124/><T118/><D118/><U111/><E111/><V99/><F15/><W86/><G7/><T13/><D2/><U5/><E5/><N who="2" m="3151" /><F69/><W19/><G1/><T40/><D40/><N who="1" m="24839" /><E114/><V59/><F68/><W112/><G112/><T35/><D35/><U38/><E38/><V32/><F32/><W92/><G86/><T76/><D74/><U84/><E84/><N who="2" m="52551" /><F59/><W11/><G11/><T24/><D58/><U126/><E126/><V105/><F105/><W101/><G101/><T73/><D83/><AGARI ba="0,0" hai="47,48,52,83,85,88,97,99" m="52551,3151" machi="83" ten="30,7700,0" yaku="8,1,52,1,54,2" doraHai="9" who="2" fromWho="0" sc="375,-77,220,0,173,77,232,0" /><INIT seed="5,0,0,2,3,61" ten="298,220,250,232" oya="1" hai0="55,74,18,73,93,6,133,20,94,103,69,3,124" hai1="5,16,43,121,38,97,113,7,66,122,58,132,83" hai2="27,123,119,49,77,117,87,70,86,41,59,17,9" hai3="48,116,106,37,8,44,92,79,29,0,80,100,64"/><U10/><E113/><V1/><F70/><W26/><G106/><T85/><D133/><U45/><E132/><V95/><F123/><W35/><G116/><T71/><D124/><U54/><E5/><V102/><F1/><W90/><G100/><T28/><D28/><U88/><E66/><V14/><F119/><W57/><G37/><T112/><D3/><U130/><E130/><V81/><F117/><W115/><G115/><T33/><D33/><U22/><E10/><V51/><F41/><W109/><G0/><T63/><D6/><U110/><E7/><V129/><F129/><W114/><G8/><T76/><D73/><U23/><E110/><V99/><F27/><W84/><G109/><T25/><D74/><U32/><E32/><V46/><F46/><W75/><G114/><T65/><D112/><U31/><E31/><V67/><F86/><W47/><REACH who="3" step="1"/><G48/><REACH who="3" ten="298,220,250,222" step="2"/><T60/><D103/><U21/><E121/><V120/><F120/><W30/><G30/><T39/><D39/><U53/><E122/><V78/><F78/><W111/><G111/><T2/><D2/><U107/><E38/><V98/><F51/><W82/><G82/><T108/><D108/><U34/><E83/><V62/><F49/><W72/><G72/><T42/><D76/><U40/><E107/><V89/><F102/><W134/><G134/><T118/><D118/><U11/><E11/><V15/><F81/><W19/><G19/><T104/><D18/><U105/><E16/><N who="2" m="8271" /><F77/><W91/><G91/><N who="0" m="53487" /><D104/><U50/><E105/><V127/><F127/><W131/><G131/><T24/><D94/><RYUUKYOKU ba="0,1" sc="298,-15,220,-15,250,15,222,15" hai2="15,17,59,62,67,87,89,95,98,99" hai3="26,29,35,44,47,57,64,75,79,80,84,90,92" /><INIT seed="6,1,1,3,1,104" ten="283,205,265,237" oya="2" hai0="61,24,44,17,90,19,132,50,9,81,86,40,100" hai1="49,22,93,28,36,73,58,23,30,6,10,56,95" hai2="129,1,76,12,37,82,123,105,63,8,42,103,31" hai3="35,119,11,114,55,4,43,26,130,85,87,101,122"/><V98/><F123/><W127/><G122/><T131/><D131/><U15/><E36/><V120/><F120/><W110/><G130/><T91/><D132/><U5/><E73/><N who="2" m="43279" /><F12/><W125/><G101/><T134/><D134/><U52/><E5/><N who="2" m="1071" /><F63/><W128/><G128/><T115/><D115/><U57/><E22/><V67/><F129/><W60/><G43/><T64/><D100/><U32/><E32/><V89/><F89/><W70/><G119/><T117/><D117/><U21/><E21/><V78/><F78/><W88/><G114/><T0/><D24/><N who="1" m="16415" /><E30/><V71/><F31/><W113/><G26/><T111/><D111/><U126/><E126/><N who="3" m="48138" /><G35/><T77/><D0/><U79/><E79/><V53/><F53/><W116/><G110/><T75/><D9/><U99/><E99/><V18/><F18/><W59/><G116/><T80/><REACH who="0" step="1"/><D91/><REACH who="0" ten="273,205,265,237" step="2"/><U39/><E39/><V47/><F67/><N who="3" m="41319" /><G88/><T97/><D97/><U106/><E106/><V33/><F33/><W112/><G113/><T94/><D94/><AGARI ba="1,2" hai="6,10,15,49,52,56,57,58,93,94,95" m="16415" machi="94" ten="30,2000,0" yaku="8,1,54,1" doraHai="104" who="1" fromWho="0" sc="273,-23,205,43,265,0,237,0" /><INIT seed="7,0,0,1,1,133" ten="250,248,265,237" oya="3" hai0="67,22,16,88,19,111,28,94,32,43,24,113,87" hai1="132,25,6,39,38,72,105,96,29,71,37,51,97" hai2="121,99,116,58,126,21,134,31,81,4,93,63,69" hai3="109,44,30,124,117,5,14,66,65,15,83,34,106"/><W23/><G106/><T95/><D111/><U33/><E72/><V64/><F116/><W55/><G117/><T57/><D113/><U114/><E114/><V84/><F121/><W27/><G109/><T70/><D70/><U104/><E132/><V47/><F4/><W108/><G108/><T35/><D43/><U129/><E129/><V90/><F134/><W102/><G102/><T74/><D74/><U110/><E110/><V128/><F128/><W125/><G83/><T3/><D3/><U20/><E20/><V17/><F126/><N who="3" m="48747" /><G34/><T60/><D35/><U68/><E6/><V78/><F47/><W2/><G2/><T52/><D32/><U122/><E51/><V80/><F80/><W26/><G27/><T131/><D131/><U100/><E122/><V91/><F78/><W41/><G55/><T130/><D130/><U42/><E42/><V46/><F81/><W76/><G76/><T77/><D77/><U120/><E120/><V56/><F90/><W127/><N who="3" m="48755" /><W53/><DORA hai="101" /><G53/><T1/><D1/><U119/><E119/><V86/><F91/><W103/><G103/><AGARI ba="0,0" hai="25,29,33,37,38,39,68,71,96,97,100,103,104,105" machi="103" ten="40,12000,2" yaku="9,1,33,3,52,2" doraHai="133,101" who="1" fromWho="3" sc="250,0,248,120,265,0,237,-120" owari="250,-15.0,368,46.0,265,7.0,117,-38.0" /></mjloggm>