<mjloggm ver="2.3"><GO type="169" lobby="0"/><UN n0="%2D%61%76%61%74%61%72%2D" n1="%EF%BC%88%E2%89%A7%E2%96%BD%E2%89%A6%EF%BC%89" n2="%E3%81%B4%E3%81%AE" n3="%28%CE%93%E3%83%BB%CF%89%E3%83%BB%29%CE%93" dan="17,18,16,16" rate="2144.16,2272.07,2174.78,2071.78" sx="M,M,M,F"/><TAIKYOKU oya="0"/><INIT seed="0,0,0,2,5,15" ten="250,250,250,250" oya="0" hai0="77,118,53,13,52,31,58,7,25,89,19,14,11" hai1="76,29,122,126,71,0,39,106,42,47,133,128,119" hai2="20,4,78,85,38,60,35,90,134,67,62,83,21" hai3="54,41,116,32,57,107,48,49,56,55,104,64,70"/><T131/><D131/><U3/><RYUUKYOKU type="yao9" ba="0,0" sc="250,0,250,0,250,0,250,0" hai1="0,3,29,39,42,47,71,76,106,119,122,126,128,133" /><INIT seed="0,1,0,3,4,115" ten="250,250,250,250" oya="0" hai0="28,92,14,131,122,58,100,38,0,24,47,42,10" hai1="111,104,40,112,85,31,44,125,36,34,56,80,117" hai2="106,113,49,87,97,11,109,105,72,21,86,103,18" hai3="135,110,67,96,25,5,60,62,30,74,16,39,17"/><T82/><D0/><U29/><E104/><V43/><F113/><W26/><G39/><T76/><D122/><U61/><E112/><V33/><F72/><W83/><G5/><T65/><D131/><U45/><E125/><V15/><F33/><W126/><G110/><T81/><D76/><U91/><E111/><V20/><F109/><W51/><G126/><T48/><D100/><U119/><E45/><V68/><F68/><W57/><G51/><T50/><D92/><U95/><E95/><V12/><F106/><W63/><G135/><T108/><D108/><U66/><REACH who="1" step="1"/><E34/><REACH who="1" ten="250,240,250,250" step="2"/><V75/><F105/><W118/><G57/><T35/><D58/><U54/><E54/><V8/><F43/><W127/><G67/><T88/><D65/><U53/><E53/><V37/><F37/><W70/><G127/><T7/><D38/><U32/><E32/><V90/><F49/><W130/><G70/><T133/><D48/><U93/><E93/><V120/><F120/><W89/><G62/><T27/><D133/><U78/><E78/><V121/><F121/><W41/><G60/><T1/><D81/><U129/><E129/><V55/><F55/><W9/><G63/><T13/><D82/><U107/><E107/><V84/><F103/><W79/><G83/><T102/><D102/><U69/><E69/><V71/><F71/><W123/><G123/><T22/><D88/><U134/><E134/><V132/><F90/><W124/><G89/><T4/><D50/><U59/><E59/><V73/><F132/><W77/><G130/><T19/><D47/><U3/><E3/><RYUUKYOKU ba="1,1" sc="250,-10,240,30,250,-10,250,-10" hai1="29,31,36,40,44,56,61,66,80,85,91,117,119" /><INIT seed="1,2,1,1,4,97" ten="240,270,240,240" oya="1" hai0="115,122,23,110,108,121,47,59,78,82,103,71,86" hai1="7,91,42,123,111,106,10,3,116,57,126,25,66" hai2="99,58,4,65,15,104,33,112,16,113,101,133,96" hai3="127,44,35,0,84,90,36,61,73,31,55,95,135"/><U56/><E123/><N who="0" m="47113" /><D71/><U21/><E116/><V124/><F124/><W81/><G0/><T93/><D47/><U9/><E126/><V18/><F133/><W24/><G135/><T105/><D23/><U17/><E111/><N who="0" m="42537" /><D59/><U26/><E106/><V32/><F96/><W14/><G14/><T107/><D115/><N who="2" m="44106" /><F4/><W45/><G36/><T30/><D30/><U94/><E42/><V2/><F2/><W1/><G1/><T109/><D109/><U13/><E66/><V39/><F39/><W12/><G12/><T70/><D70/><U79/><E26/><V125/><F125/><W118/><G118/><T6/><D6/><U132/><E132/><V102/><F58/><W43/><G43/><T29/><D29/><U98/><REACH who="1" step="1"/><E79/><REACH who="1" ten="240,260,240,240" step="2"/><V129/><F65/><W38/><G127/><T87/><D105/><U19/><AGARI ba="2,2" hai="3,7,9,10,13,17,19,21,25,56,57,91,94,98" machi="19" ten="20,7800,0" yaku="1,1,2,1,0,1,7,1,53,0" doraHai="97" doraHaiUra="50" who="1" fromWho="1" sc="240,-28,260,104,240,-28,240,-28" /><INIT seed="1,3,0,1,0,41" ten="212,364,212,212" oya="1" hai0="125,49,90,11,72,30,76,39,54,68,37,16,70" hai1="67,8,58,48,111,23,61,119,51,130,98,132,9" hai2="133,108,71,127,97,123,28,36,18,44,112,24,53" hai3="120,3,105,80,4,121,14,122,26,131,43,114,63"/><U34/><E119/><V57/><F71/><W19/><G105/><T129/><D30/><U69/><E34/><V38/><F123/><W77/><G26/><T1/><D76/><U17/><E132/><V32/><F133/><W85/><G63/><T6/><D72/><U109/><E130/><V99/><F108/><N who="1" m="41545" /><E98/><V20/><F127/><W94/><G94/><T134/><D125/><U47/><E69/><V73/><F73/><W74/><G114/><T7/><D129/><U22/><E51/><V46/><F112/><W116/><G116/><T75/><D68/><U79/><E79/><V0/><F0/><W56/><G131/><T33/><D70/><U50/><E50/><V113/><F113/><W5/><G3/><T78/><D33/><U55/><E23/><N who="2" m="15391" /><F36/><W83/><G121/><T100/><D39/><U59/><E58/><V42/><F32/><W118/><G56/><T115/><D37/><U84/><E84/><V92/><F38/><W27/><G118/><T117/><D75/><U88/><E88/><N who="2" m="55431" /><F99/><W25/><G120/><T102/><D117/><U66/><E66/><V81/><F42/><W124/><G43/><T65/><D65/><U107/><E107/><V31/><F81/><W89/><G122/><T103/><D134/><U128/><E128/><V126/><F126/><W87/><G124/><T52/><D115/><U15/><AGARI ba="3,0" hai="8,9,15,17,22,47,48,55,59,61,67" m="41545" machi="15" ten="30,6000,0" yaku="14,1,10,1,52,1" doraHai="41" who="1" fromWho="1" sc="212,-23,364,69,212,-23,212,-23" /><INIT seed="1,4,0,0,5,92" ten="189,433,189,189" oya="1" hai0="6,73,116,118,133,104,108,129,81,29,1,106,93" hai1="96,46,75,121,17,101,52,98,7,41,120,16,14" hai2="122,62,30,105,40,77,27,64,134,90,91,89,57" hai3="28,10,61,109,79,110,47,59,80,58,39,126,44"/><U131/><E75/><V112/><F122/><W85/><G28/><T111/><D29/><U135/><E135/><V99/><F134/><W74/><G126/><T21/><D21/><U24/><E131/><V48/><F112/><W31/><G31/><T53/><D53/><U0/><E0/><V69/><F77/><W115/><G115/><T130/><D6/><U65/><E65/><V18/><F18/><N who="1" m="7273" /><E101/><V15/><F15/><W22/><G10/><T86/><D1/><U43/><E24/><V38/><F38/><W88/><G22/><T26/><D26/><U20/><E121/><V11/><F11/><W84/><G74/><T3/><D3/><U63/><E120/><V34/><F40/><N who="1" m="15433" /><E20/><V33/><F33/><W50/><G39/><T102/><D133/><U37/><E37/><V56/><F48/><W117/><G50/><T9/><D9/><N who="1" m="4415" /><E46/><V76/><F76/><W107/><G107/><T42/><D73/><U36/><E36/><V32/><F32/><W66/><G117/><T113/><D104/><U128/><E128/><N who="0" m="49257" /><D106/><U87/><E87/><V119/><F119/><N who="0" m="45610" /><D42/><U54/><E54/><V4/><REACH who="2" step="1"/><F4/><REACH who="2" ten="189,433,179,189" step="2"/><W124/><G79/><N who="0" m="46399" /><D113/><U60/><E60/><V2/><F2/><W70/><G61/><T100/><D100/><AGARI ba="4,1" hai="27,30,34,56,57,62,64,69,89,90,91,99,100,105" machi="100" ten="40,8000,1" yaku="1,1,25,2,52,1,53,0" doraHai="92" doraHaiUra="82" who="2" fromWho="0" sc="189,-92,433,0,179,102,189,0" /><INIT seed="2,0,0,3,1,69" ten="97,433,281,189" oya="2" hai0="90,13,15,19,117,12,133,79,89,54,51,127,80" hai1="114,62,123,9,45,109,108,56,94,111,72,57,110" hai2="29,66,37,25,26,76,134,32,83,86,27,30,34" hai3="101,113,130,44,70,60,97,47,102,78,39,63,103"/><V129/><F129/><W93/><G130/><T20/><D117/><U81/><E114/><V107/><F134/><W125/><G113/><T131/><D133/><U1/><E123/><V11/><F107/><W91/><G125/><T82/><D131/><U40/><E109/><V3/><F66/><W55/><G78/><T46/><D127/><U8/><E94/><V67/><F67/><W73/><G73/><T2/><D2/><U36/><E1/><V71/><F71/><W128/><G128/><T106/><D106/><U98/><E98/><V28/><REACH who="2" step="1"/><F37/><REACH who="2" ten="97,433,271,189" step="2"/><W64/><G39/><T65/><D65/><U61/><E111/><V124/><F124/><W87/><G70/><T121/><D121/><U95/><E110/><V74/><F74/><W21/><G64/><T16/><D79/><U0/><E72/><V52/><F52/><W118/><G55/><T50/><D54/><U17/><E36/><V120/><F120/><W10/><G44/><T43/><D46/><U35/><E45/><V49/><F49/><W104/><G47/><T99/><D43/><U31/><E40/><V96/><F96/><W77/><G104/><T18/><D99/><U88/><E108/><V22/><F22/><W116/><G97/><T33/><D20/><U115/><E115/><V42/><F42/><W14/><G21/><T126/><D126/><U7/><E62/><V119/><F119/><W132/><G118/><T85/><D33/><U122/><E61/><V41/><F41/><W48/><G116/><T24/><D24/><U5/><E122/><V59/><F59/><W75/><G63/><RYUUKYOKU ba="0,1" sc="97,15,433,-15,271,15,189,-15" hai0="12,13,15,16,18,19,50,51,80,82,85,89,90" hai2="3,11,25,26,27,28,29,30,32,34,76,83,86" /><INIT seed="2,1,1,5,0,133" ten="112,418,286,174" oya="2" hai0="10,26,75,115,22,122,57,106,85,53,69,131,65" hai1="1,108,104,29,125,99,74,4,130,110,33,68,117" hai2="76,128,39,2,124,27,84,91,30,28,58,46,60" hai3="43,18,101,109,107,127,59,56,17,113,16,37,132"/><V67/><F2/><W70/><G70/><T114/><D75/><U135/><RYUUKYOKU type="yao9" ba="1,1" sc="112,0,418,0,286,0,174,0" hai1="1,4,29,33,68,74,99,104,108,110,117,125,130,135" /><INIT seed="2,2,1,3,0,121" ten="112,418,286,174" oya="2" hai0="31,134,96,135,9,18,119,51,131,5,103,33,42" hai1="1,62,38,115,8,45,80,6,130,43,100,108,92" hai2="23,104,102,78,44,47,61,50,113,59,132,124,105" hai3="128,107,110,77,60,52,71,125,40,27,37,94,129"/><V35/><F35/><W11/><G107/><T98/><D119/><U75/><E115/><V4/><F113/><W95/><G77/><T126/><D42/><U28/><E28/><V116/><F116/><W122/><G122/><T21/><D51/><U118/><E118/><V15/><F102/><W109/><G125/><T65/><D65/><U12/><E130/><N who="3" m="50282" /><G27/><T66/><D66/><U111/><E62/><V99/><F99/><W127/><G127/><T87/><D98/><N who="1" m="59463" /><E12/><V91/><F124/><W133/><G133/><T68/><D96/><U89/><E89/><V81/><F91/><W7/><G71/><T86/><D103/><U112/><E112/><V117/><F117/><W3/><G40/><T63/><D126/><U88/><E88/><V16/><F132/><W93/><G37/><T32/><D68/><U2/><E2/><V17/><F4/><W46/><G46/><T58/><D131/><U106/><E106/><V67/><F44/><W84/><G84/><T41/><D86/><U73/><E73/><V97/><F97/><W72/><G72/><T0/><D87/><U74/><E74/><V19/><F105/><W83/><G83/><T123/><D41/><U22/><E22/><V36/><F104/><W79/><G79/><AGARI ba="2,1" hai="1,6,8,38,43,45,75,79,80,108,111" m="59463" machi="79" ten="30,3900,0" yaku="25,1,52,2" doraHai="121" who="1" fromWho="3" sc="112,0,418,55,286,0,174,-45" /><INIT seed="3,0,0,0,5,8" ten="112,473,286,129" oya="3" hai0="4,135,45,73,90,44,84,9,77,89,58,68,79" hai1="10,98,80,50,91,132,17,51,29,31,11,36,126" hai2="7,87,32,48,35,130,67,93,46,43,112,71,66" hai3="96,61,21,113,106,59,34,12,116,123,54,97,13"/><W28/><G123/><T99/><D68/><U38/><E132/><V27/><F112/><W103/><G116/><T0/><D135/><U33/><E126/><V15/><F130/><W83/><G113/><T88/><D73/><U49/><E33/><V69/><F69/><W74/><G34/><T65/><D99/><U115/><E115/><V131/><F131/><W86/><G74/><T1/><D84/><N who="1" m="50567" /><E38/><V82/><F93/><W125/><G125/><T16/><D0/><U120/><E36/><V23/><F71/><W85/><G97/><T92/><D92/><U70/><E70/><V14/><F32/><W101/><G101/><T55/><D65/><N who="2" m="24586" /><F7/><W57/><G57/><T37/><D37/><U134/><E134/><V107/><F35/><W129/><G129/><T22/><D77/><U72/><E72/><V105/><F107/><W24/><REACH who="3" step="1"/><G86/><REACH who="3" ten="112,473,286,119" step="2"/><T18/><D58/><U122/><E98/><V19/><F105/><W78/><AGARI ba="0,1" hai="12,13,21,24,28,54,59,61,78,83,85,96,103,106" machi="78" ten="20,18000,2" yaku="1,1,2,1,0,1,7,1,52,2,53,0" doraHai="8" doraHaiUra="47" who="3" fromWho="3" sc="112,-60,473,-60,286,-60,119,190" /><INIT seed="3,1,0,4,1,20" ten="52,413,226,309" oya="3" hai0="101,67,133,47,7,18,98,75,135,0,42,4,125" hai1="59,52,105,62,12,102,45,120,80,37,130,33,74" hai2="83,77,38,31,10,126,111,112,15,88,26,3,91" hai3="17,121,27,43,127,36,92,103,66,104,90,29,39"/><W2/><G121/><T60/><D75/><U28/><E120/><V79/><F3/><W124/><G17/><T84/><D84/><U108/><E130/><V25/><F112/><W50/><G66/><T11/><D7/><U65/><E108/><V71/><F71/><W107/><G2/><T57/><D18/><U93/><E105/><V134/><F38/><W46/><G50/><T73/><D73/><U19/><E74/><V78/><F111/><W96/><G36/><T113/><D113/><U81/><E37/><V100/><F31/><W118/><G118/><T131/><D131/><U54/><E28/><V89/><F100/><W87/><REACH who="3" step="1"/><G107/><REACH who="3" ten="52,413,226,299" step="2"/><T68/><D0/><U109/><E109/><V49/><F134/><W70/><G70/><T64/><D67/><U76/><E65/><V119/><F119/><W95/><G95/><T53/><D64/><U129/><E93/><V132/><F132/><W24/><G24/><N who="2" m="9321" /><F126/><W94/><G94/><T110/><D68/><U61/><E129/><V114/><F114/><W44/><G44/><T34/><D125/><U82/><E61/><V115/><F115/><W8/><G8/><T32/><D110/><U16/><E62/><V1/><F1/><W48/><G48/><N who="0" m="26743" /><D135/><U22/><E45/><V56/><F49/><W40/><G40/><T97/><D133/><U63/><E63/><V99/><F56/><W122/><G122/><T30/><D30/><U5/><E59/><V69/><F69/><W41/><G41/><T35/><D101/><U14/><E102/><V21/><F83/><W106/><G106/><T86/><D57/><RYUUKYOKU ba="1,1" sc="52,-10,413,-10,226,-10,299,30" hai3="27,29,39,43,46,87,90,92,96,103,104,124,127" /><INIT seed="3,2,1,0,0,48" ten="42,403,216,329" oya="3" hai0="67,38,111,99,94,103,132,46,22,120,73,43,125" hai1="116,12,121,8,59,81,109,72,123,86,54,69,47" hai2="36,14,130,65,89,84,42,77,23,118,115,88,37" hai3="16,9,126,124,58,52,1,41,20,108,3,49,87"/><W30/><G108/><T93/><D73/><U32/><E32/><V28/><F118/><W105/><G105/><T106/><D120/><U95/><E69/><V97/><F115/><W63/><G87/><T25/><D111/><U51/><E116/><V62/><F130/><W10/><G30/><T104/><D67/><U24/><E109/><V110/><F110/><W80/><G80/><T114/><D114/><U127/><E127/><N who="3" m="48682" /><G41/><T57/><D125/><U4/><E72/><V27/><F42/><W107/><G107/><T102/><D132/><U35/><E95/><V113/><F113/><W100/><G100/><T21/><D21/><U44/><E35/><V90/><F97/><W82/><G63/><T31/><REACH who="0" step="1"/><D57/><REACH who="0" ten="32,403,216,329" step="2"/><U101/><E123/><V128/><F128/><W96/><G82/><T135/><D135/><U76/><E81/><V119/><F119/><W11/><G96/><AGARI ba="2,2" hai="22,25,31,38,43,46,93,94,96,99,102,103,104,106" machi="96" ten="40,5200,0" yaku="1,1,9,1,53,1" doraHai="48" doraHaiUra="19" who="0" fromWho="3" sc="32,78,403,0,216,0,329,-58" /><INIT seed="4,0,0,5,5,69" ten="110,403,216,271" oya="0" hai0="0,100,121,109,74,108,115,31,123,14,70,132,66" hai1="39,81,19,49,87,63,45,18,3,54,110,107,38" hai2="35,126,102,7,91,130,46,23,128,42,135,94,77" hai3="104,89,133,125,83,51,95,61,28,25,122,4,101"/><T119/><D100/><U37/><E107/><V17/><F35/><W56/><G122/><T84/><D84/><U5/><E110/><V43/><F126/><W114/><G125/><T2/><D31/><U12/><E3/><V103/><F135/><W62/><G114/><T96/><D96/><U113/><E113/><V116/><F116/><W20/><G133/><T90/><D90/><U47/><E63/><V82/><F7/><W80/><G4/><T30/><D30/><U22/><E5/><V11/><F11/><W26/><G26/><T32/><D66/><U78/><REACH who="1" step="1"/><E18/><REACH who="1" ten="110,393,216,271" step="2"/><V64/><F17/><W88/><G104/><T55/><D0/><U105/><E105/><V71/><F130/><W131/><G131/><T111/><D109/><U40/><AGARI ba="0,1" hai="12,19,22,37,38,39,40,45,47,49,54,78,81,87" machi="40" ten="30,8000,1" yaku="1,1,0,1,52,3,53,0" doraHai="69" doraHaiUra="98" who="1" fromWho="1" sc="110,-40,393,90,216,-20,271,-20" /><INIT seed="5,0,0,1,4,18" ten="70,483,196,251" oya="1" hai0="82,89,115,60,128,120,119,77,28,55,135,105,26" hai1="94,117,67,96,0,33,74,104,95,1,3,131,43" hai2="69,25,106,58,103,11,51,61,71,92,83,101,14" hai3="88,86,98,72,32,132,75,73,122,22,109,53,38"/><U79/><E117/><V20/><F106/><W31/><G32/><T48/><D105/><U93/><E33/><V134/><F71/><W29/><G38/><T124/><D119/><U30/><E30/><V65/><F134/><W76/><G122/><T41/><D135/><U46/><E131/><V102/><F69/><W78/><G132/><T133/><D128/><U66/><E74/><V37/><F51/><W45/><G31/><T97/><D120/><U23/><E79/><V62/><F83/><W110/><G109/><T118/><D133/><U50/><E104/><V113/><F62/><W85/><G110/><T52/><D118/><U4/><E4/><V81/><F81/><W129/><G129/><T54/><D124/><U111/><E96/><V2/><F2/><W16/><G29/><T34/><D115/><U49/><E111/><V84/><F37/><W130/><G130/><T127/><D127/><U35/><E35/><V126/><F126/><W24/><G98/><T112/><D112/><U12/><E50/><V27/><F27/><W44/><G85/><T40/><D60/><U123/><E123/><V108/><F108/><W7/><G7/><T121/><D48/><U47/><E47/><V100/><F113/><W36/><G45/><T87/><REACH who="0" step="1"/><D121/><REACH who="0" ten="60,483,196,251" step="2"/><U64/><E49/><V42/><F61/><W125/><G125/><T91/><D91/><U57/><E46/><V5/><F103/><W90/><G90/><T80/><D80/><U6/><E43/><V116/><F42/><W59/><G44/><T99/><D99/><U17/><E95/><AGARI ba="0,1" hai="26,28,34,40,41,52,54,55,77,82,87,89,95,97" machi="95" ten="40,5200,0" yaku="1,1,54,1,53,1" doraHai="18" doraHaiUra="21" who="0" fromWho="1" sc="60,62,483,-52,196,0,251,0" /><INIT seed="6,0,0,0,3,91" ten="122,431,196,251" oya="2" hai0="33,31,101,51,42,121,125,50,65,102,72,68,80" hai1="70,135,56,119,32,4,62,105,74,40,58,37,44" hai2="53,52,89,15,73,28,84,71,41,63,123,66,61" hai3="18,77,59,0,129,9,96,122,128,27,112,35,45"/><V92/><F123/><W120/><G77/><T12/><D121/><N who="3" m="46697" /><G45/><T11/><D68/><U14/><E32/><V100/><F73/><W34/><G59/><T57/><D125/><U90/><E119/><V25/><F41/><W104/><G104/><T64/><D31/><U83/><E105/><V82/><F63/><W30/><G96/><T131/><D33/><U108/><E108/><V54/><F15/><N who="3" m="7535" /><G112/><T103/><D131/><N who="3" m="50249" /><G35/><T3/><D72/><U130/><E74/><V132/><F132/><W106/><G106/><T87/><D57/><U109/><E135/><V21/><REACH who="2" step="1"/><F100/><REACH who="2" ten="122,431,186,251" step="2"/><W81/><G0/><T46/><D3/><U117/><E62/><V113/><F113/><W49/><G49/><T75/><D50/><U111/><E130/><V26/><F26/><W86/><G27/><T20/><D75/><U8/><E40/><V94/><AGARI ba="0,1" hai="21,25,28,52,53,54,61,66,71,82,84,89,92,94" machi="94" ten="30,12000,1" yaku="1,1,0,1,52,2,54,1,53,0" doraHai="91" doraHaiUra="99" who="2" fromWho="2" sc="122,-40,431,-40,186,130,251,-40" /><INIT seed="6,1,0,4,0,49" ten="82,391,316,211" oya="2" hai0="32,72,62,128,19,35,6,44,68,21,122,67,85" hai1="125,108,40,54,31,111,115,94,3,106,60,80,14" hai2="8,11,97,77,41,69,46,52,47,123,81,86,89" hai3="16,63,100,39,133,96,28,121,43,92,38,113,88"/><V119/><F119/><W23/><G121/><T83/><D72/><U9/><E106/><V13/><F123/><W78/><G133/><T101/><D122/><U118/><E118/><V82/><F69/><W126/><G126/><T25/><D128/><U50/><E125/><V30/><F30/><W10/><G78/><T102/><D6/><U17/><E115/><V98/><F8/><W22/><G10/><T124/><D124/><U73/><E3/><V7/><F47/><W76/><G76/><T2/><D2/><U15/><E73/><V58/><F82/><W56/><G113/><T27/><D44/><U95/><E31/><V37/><REACH who="2" step="1"/><F77/><REACH who="2" ten="82,391,306,211" step="2"/><W53/><G43/><T34/><REACH who="0" step="1"/><D27/><REACH who="0" ten="72,391,306,211" step="2"/><U90/><E111/><V12/><F12/><W114/><G114/><T48/><D48/><AGARI ba="1,2" hai="7,11,13,37,41,46,48,52,58,81,86,89,97,98" machi="48" ten="30,12000,1" yaku="1,1,7,1,52,1,54,1,53,1" doraHai="49" doraHaiUra="79" who="2" fromWho="0" sc="72,-123,391,0,306,143,211,0" owari="-51,-55.0,391,19.0,449,55.0,211,-19.0" /></mjloggm>