<mjloggm ver="2.3"><GO type="65"/><UN n0="%E3%81%99%E3%82%8A%E3%81%A3%E3%81%B1" n1="%E5%B0%8F%E9%BE%8D" n2="%E3%83%8F%E3%83%83%E3%83%88%E3%83%AA%E5%90%9B" n3="%EF%BC%88%E2%89%A7%E2%96%BD%E2%89%A6%EF%BC%89" dan="0,8,6,8" rate="1500,1577,1632,1817" sx="M,M,M,M"/><TAIKYOKU oya="0"/><INIT seed="0,0,0,0,2,76" ten="250,250,250,250" oya="0" hai0="78,12,10,39,112,91,4,43,73,104,127,36,81" hai1="79,110,17,75,87,56,15,106,72,89,51,77,30" hai2="27,9,126,109,21,102,47,0,101,93,69,115,95" hai3="24,45,117,13,133,99,123,74,60,28,129,33,111"/><T86/><D104/><U62/><E110/><V98/><F69/><W134/><G117/><T52/><D112/><U61/><E106/><V54/><F115/><W128/><G123/><T107/><D107/><U64/><E72/><V100/><F126/><W132/><G111/><T84/><D127/><U90/><E75/><V125/><F125/><W58/><G74/><T71/><D71/><U118/><E118/><V25/><F109/><W116/><G116/><T22/><D22/><U108/><E108/><V82/><F0/><W35/><G99/><T48/><D43/><U44/><E30/><V26/><F9/><W94/><G94/><T55/><D73/><U83/><E61/><V16/><F47/><W96/><G96/><T50/><D50/><U68/><E68/><V7/><F7/><W120/><G120/><T53/><REACH who="0" step="1"/><D48/><REACH who="0" step="2"/><U31/><E31/><V92/><F54/><N who="3" m="33879" /><G45/><T20/><D20/><U41/><E89/><V32/><F32/><N who="3" m="20487" /><G13/><T113/><D113/><U103/><REACH who="1" step="1"/><E103/><REACH who="1" step="2"/><V19/><F19/><W88/><G88/><T85/><D85/><U38/><E38/><V57/><F57/><W11/><G11/><AGARI ba="0,2" hai="11,15,17,41,44,51,56,62,64,77,79,83,87,90" machi="11" ten="30,8000,1" yaku="1,1,7,1,8,1,52,1,53,1" doraHai="76" doraHaiUra="46" who="1" fromWho="3" sc="240,0,240,100,250,0,250,-80" /><INIT seed="1,0,0,0,1,90" ten="240,340,250,170" oya="1" hai0="57,46,30,66,81,80,44,76,122,79,53,126,22" hai1="52,108,42,16,125,31,33,60,97,133,112,63,109" hai2="49,29,88,58,82,13,14,64,98,26,62,35,115" hai3="85,10,34,24,83,119,110,89,77,21,39,41,95"/><U68/><E112/><V92/><F115/><W116/><G110/><N who="1" m="42602" /><E125/><V28/><F28/><W69/><G69/><T87/><D126/><U107/><E133/><V32/><F32/><W7/><G34/><T17/><D66/><N who="1" m="41031" /><E52/><V96/><F82/><W51/><G39/><T45/><D30/><U61/><E42/><V15/><F49/><W56/><G41/><T118/><D118/><U84/><E84/><V47/><F47/><W103/><G103/><T37/><D37/><U9/><E9/><V19/><F15/><W1/><G51/><T72/><D72/><U102/><E16/><V40/><F40/><W111/><G56/><T48/><D122/><U71/><E71/><V134/><F134/><W18/><REACH who="3" step="1"/><G111/><REACH who="3" step="2"/><T128/><D128/><U101/><E101/><V131/><F131/><W73/><AGARI ba="0,1" hai="1,7,10,18,21,24,73,77,83,85,89,95,116,119" machi="73" ten="30,7900,0" yaku="1,1,2,1,0,1,52,1,53,0" doraHai="90" doraHaiUra="94" who="3" fromWho="3" sc="240,-20,340,-39,250,-20,160,89" /><INIT seed="2,0,0,0,5,33" ten="220,301,230,249" oya="2" hai0="24,102,91,29,73,4,128,54,51,135,48,53,0" hai1="67,87,15,76,80,62,97,105,35,70,26,113,106" hai2="112,83,111,72,98,95,120,43,30,3,34,44,22" hai3="104,27,86,36,94,8,9,61,133,82,88,7,122"/><V101/><F34/><W103/><G122/><T125/><D73/><U31/><E113/><V6/><F120/><W129/><G129/><T89/><D102/><N who="1" m="62671" /><E15/><V127/><F30/><W118/><G118/><T52/><D128/><U114/><E114/><V116/><F116/><W119/><G119/><T5/><D125/><U124/><E124/><V78/><F112/><W84/><G133/><T2/><D135/><U90/><E90/><V108/><F22/><W50/><G36/><T65/><D65/><U60/><E60/><V134/><F134/><W1/><G9/><T81/><D81/><U99/><E99/><V59/><F59/><W11/><G11/><T123/><D123/><U12/><E12/><V79/><F79/><W71/><G27/><T45/><D29/><U115/><E115/><V32/><F32/><W93/><G50/><T13/><D13/><U23/><E23/><V49/><F127/><W131/><G131/><T132/><D24/><U64/><E64/><V38/><F49/><W21/><G21/><T126/><D132/><U14/><E14/><V110/><F6/><W74/><G74/><T55/><D126/><U25/><E25/><V19/><F19/><W17/><G17/><T69/><D69/><U77/><E77/><V16/><F16/><W56/><G71/><T68/><D68/><U85/><E85/><V10/><F10/><W75/><G75/><T46/><D55/><U92/><E92/><V121/><F121/><W47/><G86/><T96/><REACH who="0" step="1"/><D54/><REACH who="0" step="2"/><U107/><AGARI ba="0,1" hai="26,31,35,62,67,70,76,80,87,106,107" m="62671" machi="107" ten="30,1100,0" yaku="25,1" doraHai="33" who="1" fromWho="1" sc="210,-3,301,21,230,-5,249,-3" /><INIT seed="3,0,0,5,4,113" ten="207,322,225,246" oya="3" hai0="119,98,99,19,38,134,54,127,3,124,39,42,9" hai1="122,81,76,61,0,23,47,70,106,130,135,71,57" hai2="128,49,96,108,53,4,69,60,112,109,45,68,107" hai3="75,66,90,29,83,56,74,103,24,77,34,97,10"/><W48/><G10/><T102/><D119/><U123/><E122/><V95/><F107/><W110/><G110/><T6/><D19/><U21/><E123/><V101/><F4/><W16/><G90/><T79/><D134/><U63/><E135/><V67/><F112/><W27/><G75/><T64/><D64/><U72/><E130/><V65/><F101/><W120/><G120/><T40/><D79/><U62/><E0/><V8/><F8/><W51/><G66/><T59/><D102/><U105/><E47/><V52/><F96/><W32/><G56/><T104/><D99/><U18/><E18/><V33/><F33/><W50/><G16/><T100/><D59/><U28/><E57/><V118/><F95/><W115/><G115/><T73/><D54/><U84/><E72/><V126/><F128/><W41/><G41/><T114/><D73/><U7/><E7/><V82/><F82/><W20/><REACH who="3" step="1"/><G27/><REACH who="3" step="2"/><T12/><D114/><U111/><E111/><N who="2" m="42571" /><F126/><N who="0" m="48170" /><D3/><U15/><E28/><V14/><F14/><W36/><G36/><AGARI ba="0,1" hai="6,9,12,36,38,39,40,42,98,100,104" m="48170" machi="36" ten="30,1000,0" yaku="18,1" doraHai="113" who="0" fromWho="3" sc="207,20,322,0,225,0,236,-10" owari="227,3,322,41,225,-27,226,-17" /></mjloggm>