<mjloggm ver="2.3"><GO type="41"/><UN n0="%E3%83%89%E3%83%AD%E3%83%B3%E5%A8%98" n1="%50%69%70%65" n2="%E7%8C%AB%E5%B0%82%E7%94%A8%E3%82%8F%E3%81%B5%E3%83%BC%EF%BC%9E%EF%BC%9C" n3="%E3%82%A6%E3%83%AB%E3%83%88%E3%83%A9%E7%AB%8B%E7%9B%B4" dan="14,13,14,15" rate="1964,1952,1955,2039" sx="F,M,M,M"/><TAIKYOKU oya="0"/><INIT seed="0,0,0,2,4,7" ten="250,250,250,250" oya="0" hai0="49,116,74,31,18,63,25,110,4,75,115,71,108" hai1="36,41,99,111,26,10,91,105,40,19,1,77,121" hai2="35,95,17,8,5,67,124,96,92,48,56,12,3" hai3="73,9,133,128,93,33,81,23,59,61,38,80,107"/><T72/><D116/><U70/><E121/><V58/><F35/><W113/><G33/><T127/><D115/><U114/><E111/><N who="0" m="42537" /><D127/><U60/><E114/><V62/><F124/><W85/><G38/><T89/><D4/><U34/><E77/><V52/><REACH who="2" step="1"/><F96/><REACH who="2" ten="250,250,240,250" step="2"/><W86/><G113/><T100/><D100/><U82/><E99/><V76/><F76/><W119/><G119/><T32/><D89/><U20/><E91/><V28/><F28/><W66/><G128/><T129/><D129/><U79/><E79/><V54/><F54/><W84/><G107/><T68/><D63/><U16/><E105/><V94/><F94/><W22/><G93/><T53/><D18/><U134/><E82/><V101/><F101/><W102/><G102/><T135/><D135/><U42/><E134/><V78/><F78/><W118/><G133/><T109/><N who="0" m="42545" /><T103/><DORA hai="122" /><D103/><U126/><E126/><V57/><F57/><AGARI ba="0,1" hai="25,31,32,49,53,57,68,71,72,74,75" m="42545" machi="57" ten="50,18000,2" yaku="14,1,10,1,52,4" doraHai="7,122" who="0" fromWho="2" sc="250,190,250,0,240,-180,250,0" /><INIT seed="0,1,0,3,2,123" ten="440,250,60,250" oya="0" hai0="54,11,129,6,112,5,77,128,0,61,127,3,120" hai1="100,52,113,27,18,135,83,64,116,21,68,104,94" hai2="133,24,96,41,85,91,79,38,88,2,14,99,63" hai3="92,10,134,117,55,9,132,69,75,95,16,51,59"/><T121/><D77/><U62/><E116/><V101/><F2/><W89/><G75/><T103/><D103/><U73/><E135/><N who="3" m="51754" /><G69/><T13/><D61/><U111/><E113/><V29/><F133/><W31/><G31/><T39/><D39/><U126/><E126/><V82/><F14/><W48/><G117/><T102/><D102/><U36/><E36/><V106/><F99/><W109/><G109/><T65/><D65/><U71/><E111/><V118/><F118/><W97/><G51/><T33/><D54/><U34/><E34/><V43/><F43/><W87/><G16/><N who="0" m="8255" /><D33/><U81/><E73/><V131/><F131/><N who="0" m="50250" /><D112/><U37/><E37/><V44/><REACH who="2" step="1"/><F63/><REACH who="2" ten="440,250,50,250" step="2"/><W78/><G97/><T50/><D127/><U30/><E71/><V28/><F28/><W4/><G48/><T115/><D50/><U7/><E30/><V108/><F108/><W56/><G55/><T8/><D115/><U40/><E40/><V1/><F1/><W60/><G60/><T53/><D53/><U26/><E68/><V57/><F57/><W105/><G56/><T12/><D0/><U122/><E62/><V98/><F98/><W67/><G59/><T35/><D35/><AGARI ba="1,1" hai="24,29,35,38,41,44,79,82,85,88,91,96,101,106" machi="35" ten="30,3900,0" yaku="1,1,7,1,54,1,53,0" doraHai="123" doraHaiUra="32" who="2" fromWho="0" sc="440,-42,250,0,50,52,250,0" /><INIT seed="1,0,0,5,1,37" ten="398,250,102,250" oya="1" hai0="46,122,41,75,93,107,10,36,110,115,74,135,106" hai1="32,83,61,103,5,11,51,101,109,52,99,87,121" hai2="69,81,90,98,27,12,133,14,60,57,128,26,130" hai3="111,91,120,129,34,23,44,131,28,7,77,2,8"/><U89/><E32/><V97/><F69/><W132/><G91/><T35/><D35/><U125/><E121/><V29/><F133/><W94/><G94/><T104/><D93/><U114/><E114/><V53/><F81/><W82/><G23/><T68/><D115/><U96/><E125/><V47/><F47/><W84/><G120/><T39/><D122/><U92/><E61/><V31/><F90/><W119/><G119/><T79/><D39/><U6/><E109/><V117/><F117/><W67/><G67/><T134/><D110/><U126/><E126/><V22/><F128/><W20/><G20/><T100/><D10/><U18/><E18/><V43/><F43/><W76/><G111/><T127/><D127/><U108/><E108/><V25/><F130/><N who="3" m="49675" /><G44/><T71/><D100/><U30/><E30/><V33/><REACH who="2" step="1"/><F27/><REACH who="2" ten="398,250,92,250" step="2"/><N who="3" m="18719" /><G76/><T55/><D79/><U21/><E103/><V40/><F40/><W0/><G132/><N who="0" m="50731" /><D55/><U15/><E99/><AGARI ba="0,1" hai="12,14,22,25,26,29,31,33,53,57,60,97,98,99" machi="99" ten="40,5200,0" yaku="1,1,53,2" doraHai="37" doraHaiUra="24" who="2" fromWho="1" sc="398,0,250,-52,92,62,250,0" /><INIT seed="2,0,0,5,5,31" ten="398,198,154,250" oya="2" hai0="90,101,118,119,96,51,19,74,85,71,88,6,111" hai1="133,72,40,44,78,104,42,36,120,113,80,5,30" hai2="22,116,83,86,23,11,65,75,132,1,106,62,29" hai3="20,38,39,79,73,60,27,4,2,53,0,57,50"/><V89/><F116/><N who="0" m="44586" /><D71/><U107/><E113/><V95/><F106/><W48/><G4/><T58/><D6/><U34/><E133/><V18/><F132/><W102/><G79/><T121/><D121/><U9/><E40/><V64/><F29/><W14/><G14/><T125/><D74/><U35/><E120/><V16/><F1/><W91/><G91/><T94/><D125/><U26/><REACH who="1" step="1"/><E34/><REACH who="1" ten="398,188,154,250" step="2"/><V24/><F11/><W87/><G20/><T46/><D111/><U66/><E66/><V110/><F110/><W45/><G53/><N who="0" m="32063" /><D46/><U37/><E37/><V15/><F65/><W54/><G45/><T76/><D19/><U123/><E123/><V10/><F10/><W135/><G135/><T99/><D99/><U109/><E109/><V8/><F8/><W47/><G47/><T81/><AGARI ba="0,1" hai="76,81,85,88,90,94,96,101" m="32063,44586" machi="81" ten="30,2000,0" yaku="12,1,54,1" doraHai="31" who="0" fromWho="0" sc="398,30,188,-5,154,-10,250,-5" /><INIT seed="3,0,0,3,4,133" ten="428,183,144,245" oya="3" hai0="112,34,57,88,65,99,56,132,102,98,119,42,25" hai1="106,64,74,107,26,92,114,125,45,23,129,33,87" hai2="5,91,113,17,130,128,52,110,38,101,108,70,111" hai3="120,18,100,36,89,49,31,30,2,0,27,85,63"/><W95/><G36/><T58/><D132/><U15/><E114/><V77/><F113/><W82/><G120/><T55/><D119/><U59/><E129/><N who="2" m="49771" /><F70/><W53/><G2/><T80/><D112/><U19/><E74/><V8/><F38/><W121/><G0/><T3/><D3/><U50/><E33/><V116/><F116/><W117/><G117/><T78/><D42/><U14/><E14/><N who="2" m="5391" /><F77/><W69/><G121/><T84/><D65/><U72/><E72/><V103/><F91/><W115/><G115/><T21/><D34/><U35/><E35/><V62/><F17/><W124/><G69/><T66/><D66/><U104/><E26/><V131/><N who="2" m="49779" /><V54/><DORA hai="75" /><F62/><W90/><G100/><AGARI ba="0,0" hai="52,54,100,101,103,108,110,111" m="5391,49779" machi="100" ten="50,6400,0" yaku="14,1,19,1,54,1" doraHai="133,75" who="2" fromWho="3" sc="428,0,183,0,144,64,245,-64" /><INIT seed="4,0,0,1,3,107" ten="428,183,208,181" oya="0" hai0="7,67,71,55,96,70,11,130,37,25,54,63,5" hai1="35,84,9,66,40,110,24,122,91,93,36,133,101" hai2="102,74,19,45,86,51,60,119,23,121,78,97,69" hai3="72,42,117,79,1,108,103,20,100,30,3,13,120"/><T34/><D130/><U49/><E110/><V127/><F121/><W126/><G13/><T47/><D70/><U58/><E122/><V52/><F127/><W106/><G20/><T92/><D34/><U75/><E133/><V128/><F128/><W64/><G30/><T89/><D25/><U15/><E101/><V12/><F119/><W113/><G64/><T2/><REACH who="0" step="1"/><D5/><REACH who="0" ten="418,183,208,181" step="2"/><U83/><E35/><V62/><F69/><W135/><G120/><T95/><D95/><U41/><E24/><V134/><F134/><W88/><G135/><T46/><D46/><U76/><E93/><V29/><F29/><W61/><G117/><T14/><D14/><U59/><E15/><V90/><F45/><W116/><G116/><T32/><D32/><U98/><E9/><V18/><F12/><W26/><G26/><T0/><D0/><U33/><E33/><V65/><F23/><W28/><G1/><T16/><D16/><U104/><E104/><V50/><F19/><W105/><G3/><T82/><D82/><U123/><E83/><V56/><F18/><W73/><G28/><T115/><D115/><U38/><E123/><V77/><F65/><W10/><G113/><T17/><D17/><U31/><E66/><V4/><F4/><W87/><G10/><T48/><D48/><U22/><E49/><V85/><F51/><W68/><G68/><T80/><D80/><U94/><E94/><V53/><F50/><W81/><G106/><T57/><D57/><U118/><E59/><V6/><F56/><W132/><G105/><T114/><D114/><U124/><E58/><RYUUKYOKU ba="0,1" sc="418,30,183,-10,208,-10,181,-10" hai0="2,7,11,37,47,54,55,63,67,71,89,92,96" /><INIT seed="4,1,1,3,2,9" ten="448,173,198,171" oya="0" hai0="86,47,30,88,57,131,15,91,128,105,61,115,75" hai1="31,85,38,2,24,110,8,90,83,7,65,21,16" hai2="32,52,49,80,87,26,46,81,1,119,126,118,44" hai3="41,69,97,76,36,99,45,125,92,55,74,96,104"/><T93/><D75/><U53/><E38/><V60/><F1/><W23/><G125/><T4/><D105/><U109/><E65/><V62/><F126/><W95/><G104/><T111/><D115/><U51/><REACH who="1" step="1"/><E31/><REACH who="1" ten="448,163,198,171" step="2"/><V64/><F64/><W66/><G66/><N who="0" m="39215" /><D30/><U101/><E101/><V82/><F119/><W116/><G116/><T108/><D47/><AGARI ba="1,2" hai="2,7,8,16,21,24,47,51,53,83,85,90,109,110" machi="47" ten="30,8000,1" yaku="1,1,7,1,54,1,53,2" doraHai="9" doraHaiUra="122" who="1" fromWho="0" sc="448,-83,163,103,198,0,171,0" /><INIT seed="5,0,0,0,4,103" ten="365,266,198,171" oya="1" hai0="56,90,132,34,79,35,70,63,55,104,7,32,72" hai1="23,109,43,60,134,66,68,78,53,37,0,8,3" hai2="20,31,129,38,133,126,25,39,62,50,71,64,36" hai3="124,92,80,26,87,117,44,118,107,18,94,74,115"/><U10/><E134/><V84/><F133/><W77/><G26/><T98/><D132/><U1/><E78/><V125/><F129/><W11/><G11/><T17/><D7/><U28/><E109/><V110/><F110/><W12/><G18/><T85/><D70/><U61/><E37/><V27/><F84/><W48/><G12/><T41/><D41/><U47/><E43/><V81/><F81/><N who="3" m="45239" /><G48/><T75/><D79/><U99/><E99/><V106/><F50/><W69/><G44/><T14/><D98/><U5/><E47/><V29/><REACH who="2" step="1"/><F106/><REACH who="2" ten="365,266,188,171" step="2"/><W111/><G111/><T19/><D104/><U100/><E60/><V59/><F59/><W30/><G69/><T120/><D120/><U67/><E61/><V2/><F2/><W46/><G46/><T91/><D75/><U96/><E68/><V95/><F95/><W93/><G107/><T82/><D72/><U105/><E0/><V4/><F4/><W83/><G87/><T131/><D131/><U16/><E1/><V128/><F128/><W22/><G83/><T102/><D85/><U130/><E130/><V88/><F88/><W112/><G80/><T33/><D82/><U89/><E89/><V116/><F116/><N who="3" m="44651" /><G124/><T86/><D91/><U114/><E3/><V58/><F58/><W40/><G40/><T135/><D90/><U57/><E5/><V122/><F122/><W113/><G93/><T24/><D86/><U42/><E57/><V6/><F6/><W45/><G45/><T21/><N who="0" m="8704" /><DORA hai="73" /><T119/><D119/><U49/><E105/><V13/><F13/><W127/><G127/><RYUUKYOKU ba="0,1" sc="365,-15,266,-15,188,15,171,15" hai2="20,25,27,29,31,36,38,39,62,64,71,125,126" hai3="22,30,92,94,112,113,115" /><INIT seed="6,1,1,5,3,3" ten="350,251,203,186" oya="2" hai0="20,42,59,103,28,1,67,2,5,127,78,44,50" hai1="92,36,16,23,70,74,25,72,24,124,104,54,106" hai2="0,82,61,77,105,110,39,133,132,119,88,98,14" hai3="112,26,130,29,8,85,65,107,17,48,117,73,52"/><V102/><F119/><W57/><G73/><T135/><D135/><N who="2" m="51786" /><F0/><W96/><G117/><T55/><D127/><U60/><E36/><V122/><F39/><W116/><G116/><T53/><D67/><U12/><E124/><V47/><F47/><W43/><G130/><T19/><D28/><U101/><E74/><N who="2" m="43319" /><F122/><W97/><G112/><T7/><D1/><U4/><E4/><N who="0" m="1609" /><D2/><U131/><E72/><V93/><F61/><W31/><G107/><T75/><D75/><U33/><E131/><V123/><F14/><W30/><G65/><T58/><D78/><U10/><E33/><V87/><F123/><W89/><G43/><T125/><D103/><U114/><E114/><V35/><F35/><W51/><G51/><N who="0" m="27031" /><D125/><U56/><E70/><V80/><F110/><W84/><G29/><T32/><D32/><U109/><E109/><V121/><F121/><W118/><G30/><T41/><D41/><U113/><E113/><V62/><F62/><W115/><G118/><T100/><D100/><U128/><E128/><V134/><N who="2" m="51794" /><V45/><DORA hai="81" /><F45/><W38/><G115/><T76/><D76/><U15/><E106/><AGARI ba="1,1" hai="80,87,88,93,98,102,105,106" m="43319,51794" machi="106" ten="40,12000,1" yaku="20,1,34,2,52,1,54,1" doraHai="3,81" who="2" fromWho="1" sc="350,0,251,-123,203,133,186,0" /><INIT seed="6,2,0,2,4,20" ten="350,128,336,186" oya="2" hai0="89,68,11,107,66,1,6,42,32,28,79,44,29" hai1="130,85,117,17,60,25,90,52,84,55,58,123,16" hai2="111,82,15,121,96,129,115,27,116,48,22,110,108" hai3="125,33,50,12,88,72,57,67,73,59,93,23,105"/><V41/><F116/><W46/><G33/><T76/><D107/><U8/><E130/><V102/><F121/><W24/><G105/><T120/><D120/><U128/><E123/><V63/><F115/><W97/><G125/><T112/><D112/><U119/><E128/><V4/><F129/><W65/><G12/><T56/><D68/><U70/><E70/><V64/><F82/><W124/><G124/><T62/><D89/><U10/><E119/><V69/><F4/><W106/><G106/><T122/><D122/><U94/><E117/><V14/><F48/><W43/><G72/><T7/><D7/><U78/><E78/><V104/><REACH who="2" step="1"/><F41/><REACH who="2" ten="350,128,326,186" step="2"/><W9/><G73/><T35/><D42/><U113/><E113/><V2/><F2/><W71/><G9/><T0/><D11/><U103/><E103/><V109/><N who="2" m="28160" /><DORA hai="80" /><V36/><F36/><W61/><REACH who="3" step="1"/><G67/><REACH who="3" ten="350,128,326,176" step="2"/><T95/><D66/><N who="1" m="39191" /><E8/><V45/><F45/><W77/><G77/><T127/><D44/><U98/><E10/><V5/><F5/><W100/><G100/><T18/><D6/><U38/><E38/><V86/><F86/><N who="1" m="33385" /><E17/><AGARI ba="2,2" hai="14,15,17,22,27,63,64,69,96,102,104" m="28160" machi="17" ten="70,12000,1" yaku="1,1,10,1,52,1,53,1" doraHai="20,80" doraHaiUra="19,81" who="2" fromWho="1" sc="350,0,128,-126,326,146,176,0" /><AGARI ba="2,0" hai="17,23,24,43,46,50,57,59,61,65,71,88,93,97" machi="17" ten="30,8000,1" yaku="1,1,7,1,52,1,54,1,53,1" doraHai="20,80" doraHaiUra="19,81" who="3" fromWho="1" sc="350,0,2,-80,472,0,176,80" owari="350,15.0,-78,-58.0,472,57.0,256,-14.0" /></mjloggm>