<mjloggm ver="2.3"><GO type="41"/><UN n0="%E3%82%B9%E3%82%B1%E3%83%AB%E3%83%88%E3%83%B3%54" n1="%E3%81%97%E3%81%97%E3%81%BE%E3%82%8B" n2="%44%4F%53%56" n3="%E3%82%A6%E3%83%AB%E3%83%88%E3%83%A9%E7%AB%8B%E7%9B%B4" dan="15,13,13,15" rate="1990,1803,1849,1962" sx="M,M,M,M"/><TAIKYOKU oya="0"/><INIT seed="0,0,0,3,4,9" ten="250,250,250,250" oya="0" hai0="82,58,74,20,107,50,104,17,32,73,31,63,3" hai1="26,34,30,67,114,29,68,135,7,126,53,5,72" hai2="70,113,106,78,101,94,131,38,122,134,8,28,35" hai3="111,128,36,130,47,112,86,108,27,133,44,16,123"/><T24/><D3/><U51/><E72/><V22/><F113/><W95/><G36/><T125/><D50/><U110/><E114/><V132/><F122/><W90/><G112/><T23/><D125/><U102/><E126/><V54/><F38/><W100/><G123/><T105/><D82/><U84/><E30/><V61/><F106/><W88/><G100/><T56/><D56/><U93/><E110/><V97/><F131/><W43/><G43/><T98/><D98/><U79/><E67/><V13/><F78/><W71/><G71/><T115/><D115/><U81/><E68/><V119/><F119/><W11/><G133/><N who="2" m="51305" /><F35/><W19/><G27/><T96/><D96/><U6/><E93/><V15/><F8/><W12/><G19/><T25/><REACH who="0" step="1"/><D32/><REACH who="0" ten="240,250,250,250" step="2"/><U92/><E135/><V42/><F70/><W10/><G47/><T99/><D99/><U77/><E102/><V124/><F124/><W37/><G44/><T14/><D14/><U91/><REACH who="1" step="1"/><E81/><REACH who="1" ten="240,240,250,250" step="2"/><V129/><F42/><W62/><G37/><T0/><D0/><U39/><E39/><V87/><F101/><W33/><G33/><T49/><D49/><U59/><AGARI ba="0,2" hai="5,6,7,26,29,34,51,53,59,77,79,84,91,92" machi="59" ten="30,4000,0" yaku="1,1,0,1,53,1" doraHai="9" doraHaiUra="46" who="1" fromWho="1" sc="240,-20,240,60,250,-10,250,-10" /><INIT seed="1,0,0,2,4,6" ten="220,300,240,240" oya="1" hai0="19,103,48,72,47,12,86,57,111,124,127,22,56" hai1="15,119,32,24,84,105,26,102,61,51,41,133,101" hai2="68,87,104,3,109,107,7,82,80,9,4,71,81" hai3="99,5,27,88,95,43,53,132,18,131,54,93,63"/><U92/><E119/><V78/><F109/><W55/><G131/><T100/><D72/><U90/><E105/><V49/><F49/><W62/><G132/><T8/><D111/><U29/><E133/><V23/><F23/><W11/><G43/><T122/><D122/><U40/><E26/><V75/><F87/><W37/><G37/><T16/><D86/><U76/><E76/><N who="2" m="44063" /><F82/><W130/><G130/><T13/><D47/><U73/><E73/><N who="2" m="43215" /><F7/><W45/><G45/><T0/><D0/><U121/><E121/><V10/><F9/><W58/><G95/><T44/><D44/><U97/><E51/><V128/><F128/><W33/><G62/><T125/><D48/><U17/><E61/><V85/><F85/><W64/><G33/><T79/><D79/><U83/><E101/><AGARI ba="0,0" hai="8,12,13,16,19,22,56,57,100,101,103,124,125,127" machi="101" ten="40,5200,0" yaku="18,1,52,1,54,1" doraHai="6" who="0" fromWho="1" sc="220,52,300,-52,240,0,240,0" /><INIT seed="2,0,0,1,0,67" ten="272,248,240,240" oya="2" hai0="69,33,44,66,87,12,57,83,42,114,78,102,103" hai1="36,112,61,39,95,124,7,30,51,1,74,21,110" hai2="43,15,32,109,121,64,88,65,49,81,3,37,63" hai3="41,122,77,94,133,132,20,6,117,26,127,118,75"/><V89/><F121/><W46/><G122/><T56/><D114/><U123/><E123/><V116/><F116/><W19/><G127/><T125/><D33/><U98/><E124/><V119/><F119/><W120/><G120/><T2/><D2/><U99/><E112/><V18/><F3/><W58/><G58/><T92/><D125/><U115/><E115/><V28/><F109/><W96/><G6/><T9/><D69/><U134/><E74/><V48/><F32/><W14/><G117/><T62/><D57/><U68/><E99/><V97/><F28/><W60/><G60/><T52/><D92/><U76/><E76/><V22/><F37/><W0/><G0/><T54/><D54/><U131/><E134/><V126/><F126/><W107/><G107/><T86/><D86/><U50/><E7/><V10/><F10/><W104/><G104/><T70/><D42/><U24/><E1/><V29/><F29/><W11/><G118/><T13/><D44/><U59/><E131/><V129/><F129/><W113/><G113/><T79/><D79/><U73/><E68/><V80/><F43/><W16/><G77/><T4/><REACH who="0" step="1"/><D13/><REACH who="0" ten="262,248,240,240" step="2"/><U82/><E110/><V5/><F97/><W55/><G55/><T47/><D47/><U25/><E36/><V128/><F128/><W53/><G53/><T31/><D31/><U93/><E39/><V38/><F38/><W84/><G84/><T111/><D111/><U45/><E93/><V71/><F64/><W34/><G34/><T17/><D17/><U100/><E45/><V108/><F108/><W27/><G94/><RYUUKYOKU ba="0,1" sc="262,30,248,-10,240,-10,240,-10" hai0="4,9,12,52,56,62,66,70,78,83,87,102,103" /><INIT seed="3,1,1,2,0,20" ten="292,238,230,230" oya="3" hai0="76,6,26,84,70,18,86,45,35,0,97,130,61" hai1="106,79,24,59,81,66,34,127,63,83,108,133,96" hai2="95,36,49,21,113,131,121,102,85,22,72,68,31" hai3="16,87,124,28,10,123,46,114,92,116,52,90,8"/><W62/><G123/><T25/><D130/><U89/><E127/><V19/><F113/><W40/><G116/><T39/><D35/><U100/><E133/><V51/><F131/><W33/><G114/><T73/><D97/><U118/><E108/><V2/><F68/><W23/><G124/><T56/><D70/><U98/><E118/><V50/><F36/><W1/><G1/><T67/><D18/><U14/><E14/><V126/><F2/><W134/><G134/><T105/><D105/><U4/><E4/><V11/><F72/><W54/><G28/><T17/><D17/><U135/><E135/><V88/><F126/><W80/><G33/><T3/><D86/><U104/><E89/><V12/><F121/><W111/><G80/><N who="0" m="45071" /><D0/><U27/><E81/><V60/><F60/><W120/><G120/><T48/><D48/><U5/><E5/><V58/><F58/><W64/><G111/><T9/><D84/><U53/><E34/><V7/><F102/><W122/><G122/><T38/><D38/><U91/><E66/><V99/><F99/><W93/><G93/><T103/><D103/><U107/><E91/><V117/><F117/><W42/><G64/><T78/><D78/><U71/><E71/><V43/><F43/><AGARI ba="1,1" hai="3,6,9,25,26,39,43,45,56,61,67" m="45071" machi="43" ten="30,3900,0" yaku="25,1,52,2" doraHai="20" who="0" fromWho="2" sc="292,52,238,0,230,-42,230,0" /><INIT seed="4,0,0,5,0,125" ten="344,238,188,230" oya="0" hai0="26,19,118,15,62,27,99,112,28,120,74,68,35" hai1="38,78,89,80,128,67,129,64,42,116,9,32,115" hai2="124,75,3,92,101,55,48,95,79,102,90,59,47" hai3="29,134,41,25,123,33,12,97,22,54,107,131,45"/><T83/><D120/><U84/><E116/><V94/><F3/><W40/><G123/><T72/><D118/><U104/><E115/><V86/><F47/><W17/><G134/><T60/><D112/><U52/><E104/><V21/><F59/><W24/><G107/><T14/><D99/><U87/><E32/><V126/><F48/><W46/><G97/><T130/><D68/><U109/><E109/><V2/><F55/><W96/><G96/><T51/><D51/><U10/><E42/><V56/><F56/><W39/><G54/><T121/><D121/><U8/><E38/><V71/><F21/><W113/><G113/><T76/><D74/><U36/><E36/><V61/><F2/><W37/><G12/><T49/><D27/><U58/><E64/><V13/><F13/><W77/><G77/><T30/><D30/><U1/><E67/><V66/><F75/><W81/><G81/><T16/><D49/><U106/><E106/><V82/><REACH who="2" step="1"/><F79/><REACH who="2" ten="344,238,178,230" step="2"/><W111/><G111/><T135/><D14/><U73/><E1/><V31/><F31/><W117/><G117/><T119/><D119/><U127/><E73/><V85/><F85/><W100/><G100/><AGARI ba="0,1" hai="61,66,71,82,86,90,92,94,95,100,101,102,124,126" machi="100" ten="40,1300,0" yaku="1,1,53,0" doraHai="125" doraHaiUra="34" who="2" fromWho="3" sc="344,0,238,0,178,23,230,-13" /><INIT seed="5,0,0,3,0,14" ten="344,238,201,217" oya="1" hai0="110,59,131,50,13,47,5,92,18,125,130,38,11" hai1="103,85,122,121,119,51,36,41,93,1,124,123,70" hai2="69,12,115,72,30,113,102,64,104,105,100,76,77" hai3="46,3,66,31,73,84,112,133,7,114,49,55,129"/><U10/><E119/><V86/><F69/><W91/><G73/><T54/><D110/><U27/><E70/><V24/><F64/><W6/><G129/><N who="0" m="49163" /><D125/><U135/><E36/><V94/><F12/><W28/><G66/><T57/><D38/><U62/><E124/><V33/><F24/><W83/><G133/><T42/><D42/><U44/><E135/><V82/><F30/><W26/><G28/><T23/><D92/><U80/><E62/><V63/><F63/><W111/><G111/><T108/><D108/><U87/><E27/><AGARI ba="0,0" hai="5,11,13,18,23,27,47,50,54,57,59" m="49163" machi="27" ten="30,2000,0" yaku="19,1,52,1" doraHai="14" who="0" fromWho="1" sc="344,20,238,-20,201,0,217,0" /><INIT seed="6,0,0,3,4,104" ten="364,218,201,217" oya="2" hai0="90,68,49,102,89,125,132,72,77,127,32,29,107" hai1="113,117,10,67,134,33,78,48,4,2,115,112,88" hai2="129,98,93,56,62,110,58,51,63,108,114,105,55" hai3="80,123,5,30,3,13,37,52,109,44,34,19,135"/><V133/><F114/><W87/><G123/><T26/><D132/><U53/><E134/><V0/><F133/><W40/><G135/><T57/><D68/><U118/><E33/><V82/><F0/><W14/><G109/><N who="2" m="42089" /><F105/><W70/><G70/><T96/><D77/><U76/><E67/><N who="2" m="39367" /><F82/><W45/><G3/><T25/><D25/><U1/><E1/><V100/><F129/><W8/><G30/><T106/><D106/><U42/><E42/><V126/><F126/><N who="0" m="48138" /><D72/><U59/><REACH who="1" step="1"/><E88/><REACH who="1" ten="364,208,201,217" step="2"/><V41/><F41/><W103/><G34/><T97/><D97/><U39/><E39/><V60/><AGARI ba="0,1" hai="51,55,58,60,63,93,98,100" m="39367,42089" machi="60" ten="30,1500,0" yaku="10,1" doraHai="104" who="2" fromWho="2" sc="364,-5,208,-5,201,25,217,-5" /><INIT seed="6,1,0,0,5,83" ten="359,203,226,212" oya="2" hai0="130,33,36,55,23,79,119,34,68,127,37,13,5" hai1="72,9,93,14,17,65,111,57,54,19,113,38,26" hai2="100,51,52,92,103,32,18,99,89,44,22,15,4" hai3="24,71,120,28,50,123,128,129,109,106,118,110,7"/><V12/><REACH who="2" step="1"/><F32/><REACH who="2" ten="359,203,216,212" step="2"/><N who="3" m="20487" /><G50/><T64/><D34/><U35/><E38/><V30/><F30/><W42/><G42/><T115/><D33/><U6/><E35/><V107/><F107/><W94/><G94/><T105/><D105/><U16/><E113/><V101/><F101/><W31/><G106/><T0/><D115/><U39/><E39/><V90/><F90/><W60/><G31/><T78/><D36/><U2/><E111/><N who="3" m="42506" /><G118/><T45/><D37/><U132/><E132/><V124/><F124/><W66/><G7/><T88/><D127/><U62/><E2/><V98/><F98/><W59/><G59/><T43/><D88/><U10/><E72/><V121/><F121/><AGARI ba="1,1" hai="60,66,71,120,121,123,128,129" m="42506,20487" machi="121" ten="30,1000,0" yaku="23,1" doraHai="83" who="3" fromWho="2" sc="359,0,203,0,216,-13,212,23" /><INIT seed="7,0,0,0,1,18" ten="359,203,203,235" oya="3" hai0="47,76,115,40,106,39,81,61,94,53,93,126,0" hai1="110,83,72,74,79,86,82,87,12,48,88,124,107" hai2="57,27,42,51,73,98,133,128,109,38,10,68,135" hai3="43,50,92,7,130,65,99,16,100,17,63,96,111"/><W134/><G111/><T60/><D106/><U24/><E110/><V90/><F109/><W121/><G121/><T89/><D0/><U131/><E12/><V20/><F73/><W26/><G130/><T35/><D35/><U127/><E24/><V118/><F118/><W80/><G134/><N who="2" m="51209" /><F128/><W13/><G80/><T71/><D126/><N who="1" m="48171" /><E48/><V15/><F68/><W116/><G116/><T95/><D115/><U3/><E3/><V77/><F77/><W62/><G96/><T54/><D89/><U125/><N who="1" m="48179" /><U64/><DORA hai="117" /><E64/><V58/><F38/><W132/><G132/><T22/><D22/><U114/><E114/><V55/><F42/><W108/><G108/><T33/><D33/><U37/><E37/><V1/><F1/><W97/><G97/><T44/><D71/><U113/><E113/><V70/><F70/><W6/><G26/><T123/><D47/><U14/><E14/><V84/><F98/><W112/><G112/><T78/><D78/><U5/><E5/><N who="3" m="1546" /><G65/><T102/><D102/><U30/><E30/><N who="2" m="17767" /><F15/><W29/><G29/><T56/><D61/><N who="3" m="23049" /><G13/><T122/><REACH who="0" step="1"/><D54/><REACH who="0" ten="349,203,203,235" step="2"/><U31/><E131/><V45/><F10/><W46/><AGARI ba="0,1" hai="16,17,43,46,50,92,99,100" m="23049,1546" machi="46" ten="30,3000,0" yaku="8,1,54,1" doraHai="18,117" who="3" fromWho="3" sc="349,-10,203,-10,203,-10,235,40" /><INIT seed="7,1,0,2,3,0" ten="339,193,193,275" oya="3" hai0="29,1,76,123,77,7,20,2,101,103,6,55,45" hai1="83,31,128,107,63,48,26,42,118,27,18,119,131" hai2="34,16,133,124,109,62,90,59,68,60,98,43,30" hai3="50,121,87,78,9,57,65,13,82,3,97,95,54"/><W108/><G3/><T49/><D123/><U135/><E107/><V56/><F109/><W4/><G121/><T79/><D2/><U10/><E83/><V35/><F133/><W67/><REACH who="3" step="1"/><G108/><REACH who="3" ten="339,193,193,265" step="2"/><T93/><D1/><U38/><E135/><V117/><F117/><W84/><G84/><T61/><D61/><U33/><E63/><V17/><F124/><W94/><G94/><T19/><D29/><U110/><E110/><V66/><F30/><W86/><G86/><T15/><D101/><AGARI ba="1,1" hai="4,9,13,50,54,57,65,67,78,82,87,95,97,101" machi="101" ten="30,12000,1" yaku="1,1,7,1,8,1,52,1,53,1" doraHai="0" doraHaiUra="74" who="3" fromWho="0" sc="339,-123,193,0,193,0,265,133" owari="216,2.0,193,-21.0,193,-31.0,398,50.0" /></mjloggm>