<mjloggm ver="2.3"><GO type="41"/><UN n0="%E3%83%9E%E3%83%BC%E3%83%9C%E3%82%A6" n1="%E5%B1%B1%E5%AE%88%E7%BE%A9%E9%9B%84" n2="%EF%BC%88%E2%89%A7%E2%96%BD%E2%89%A6%EF%BC%89" n3="%E3%81%8D%E3%81%A3%E3%81%8D" dan="14,13,15,14" rate="1924,1900,2000,1869" sx="M,M,M,M"/><TAIKYOKU oya="0"/><INIT seed="0,0,0,1,4,60" ten="250,250,250,250" oya="0" hai0="35,110,6,67,79,11,105,0,72,22,112,54,5" hai1="123,132,126,98,66,120,56,118,21,68,124,23,128" hai2="14,127,133,83,116,75,36,103,109,113,29,115,95" hai3="108,73,3,114,80,31,18,8,7,93,13,52,53"/><T76/><D112/><N who="2" m="43082" /><F36/><W71/><G114/><T100/><D35/><U88/><E68/><V4/><F29/><W102/><G108/><T63/><D110/><U84/><E98/><N who="2" m="59871" /><F14/><W65/><G31/><T45/><D6/><U1/><E1/><V49/><F49/><W85/><G73/><T42/><D72/><U99/><E23/><V122/><F4/><W19/><G102/><T135/><D135/><U34/><E132/><V26/><F26/><W104/><G104/><T62/><D105/><U130/><E21/><V129/><F133/><W48/><G93/><T82/><D100/><U44/><E44/><V111/><F122/><N who="1" m="46633" /><E34/><V78/><F116/><W134/><G48/><T2/><D2/><U77/><E118/><V87/><F129/><N who="1" m="49769" /><E56/><V131/><F131/><W90/><G19/><T89/><D22/><U86/><E66/><V41/><F41/><W57/><G71/><T47/><D54/><U94/><E99/><V40/><F40/><W107/><G107/><T64/><D42/><U28/><E28/><V43/><F43/><W30/><G30/><T125/><D0/><U96/><E96/><V59/><F59/><W61/><G134/><T20/><D20/><AGARI ba="0,0" hai="3,7,8,13,18,20,52,53,57,61,65,80,85,90" machi="20" ten="30,3900,0" yaku="7,1,52,1,54,1" doraHai="60" who="3" fromWho="0" sc="250,-39,250,0,250,0,250,39" /><INIT seed="1,0,0,3,2,9" ten="211,250,250,289" oya="1" hai0="109,4,87,28,115,61,14,88,126,2,129,85,59" hai1="96,66,64,33,86,5,58,36,20,69,71,111,107" hai2="8,23,70,121,68,101,63,104,132,93,122,117,12" hai3="62,57,46,6,90,119,110,135,35,21,116,32,99"/><U118/><E33/><V97/><F117/><N who="3" m="45131" /><G110/><T134/><D115/><U48/><E36/><V30/><F30/><W67/><G6/><T112/><D112/><U74/><E74/><V78/><F132/><W22/><G135/><T54/><D134/><U56/><E5/><V27/><F78/><W44/><G99/><T84/><D2/><U80/><E111/><V0/><F0/><W75/><G75/><T82/><D109/><U100/><E118/><V41/><F41/><W15/><G22/><T103/><D126/><U79/><E58/><V10/><F104/><W89/><G35/><T108/><D108/><U24/><E66/><V7/><F8/><W16/><G32/><T38/><D38/><U17/><REACH who="1" step="1"/><E48/><REACH who="1" ten="211,240,250,289" step="2"/><V98/><F70/><W11/><G46/><T45/><D45/><U37/><E37/><V95/><F68/><W52/><G11/><T65/><D65/><U42/><E42/><V131/><F10/><W34/><G34/><T133/><D4/><U29/><E29/><V128/><F7/><W127/><G127/><T26/><D28/><U94/><E94/><V60/><F95/><W25/><G67/><T51/><D133/><U49/><E49/><V130/><F93/><W1/><G44/><T81/><D51/><U91/><E91/><N who="3" m="34826" /><G1/><T125/><D125/><U123/><E123/><V18/><F122/><W3/><G3/><T31/><D31/><U113/><E113/><V120/><F121/><W77/><G77/><T43/><D43/><U124/><E124/><V76/><F120/><W92/><G92/><T40/><D40/><U105/><E105/><RYUUKYOKU ba="0,1" sc="211,-15,240,15,250,-15,289,15" hai1="17,20,24,56,64,69,71,79,80,86,96,100,107" hai3="15,16,21,25,52,57,62" /><INIT seed="1,1,1,2,1,118" ten="196,255,235,304" oya="1" hai0="41,53,77,92,19,80,22,18,65,58,13,61,89" hai1="40,70,48,37,21,126,132,68,52,115,110,29,125" hai2="122,93,62,129,2,0,14,85,59,51,20,8,123" hai3="36,55,81,27,63,26,86,57,33,131,75,45,50"/><U96/><E115/><V127/><F129/><W83/><G131/><T54/><D41/><U28/><E132/><V9/><F127/><N who="1" m="48649" /><E110/><V95/><F51/><W67/><G33/><T32/><D32/><U56/><E96/><V79/><F20/><W128/><G128/><T12/><D80/><U16/><E40/><V7/><F79/><W113/><G113/><T71/><D77/><U84/><E84/><V82/><F82/><W66/><G75/><T133/><D71/><N who="1" m="27179" /><E37/><V47/><F47/><W104/><G104/><T69/><D69/><U10/><E10/><V43/><F43/><W74/><G74/><T44/><D44/><U134/><E134/><V11/><F11/><W117/><G117/><T73/><D73/><U23/><E23/><V107/><F107/><W100/><G100/><T120/><D133/><U38/><E38/><V91/><F95/><W1/><G1/><T87/><REACH who="0" step="1"/><D120/><REACH who="0" ten="186,255,235,304" step="2"/><U103/><E103/><V30/><F122/><W124/><G124/><T24/><D24/><AGARI ba="1,2" hai="16,21,24,28,29,48,52,56" m="27179,48649" machi="24" ten="30,5800,0" yaku="18,1,54,2" doraHai="118" who="1" fromWho="0" sc="186,-61,255,81,235,0,304,0" /><INIT seed="1,2,0,3,5,115" ten="125,336,235,304" oya="1" hai0="111,123,73,25,47,83,78,36,125,1,133,101,34" hai1="76,81,79,53,13,52,37,18,63,4,49,134,57" hai2="39,68,9,11,44,0,31,131,26,118,65,112,12" hai3="127,93,50,60,70,98,95,17,41,32,10,16,100"/><U48/><E37/><V107/><F112/><W62/><G32/><T96/><D111/><U6/><E134/><V55/><F131/><W132/><G132/><T45/><D133/><U114/><E63/><V71/><F107/><W88/><G127/><T66/><D125/><U8/><E114/><V128/><F128/><W84/><G70/><T94/><D123/><U121/><E121/><V119/><F55/><W104/><G104/><T40/><D1/><U109/><E109/><V67/><F12/><N who="3" m="7191" /><G17/><T3/><D3/><U28/><E28/><V90/><F90/><W102/><G102/><T69/><D47/><AGARI ba="2,0" hai="41,47,50,60,62,84,88,93,95,98,100" m="7191" machi="47" ten="30,3900,0" yaku="8,1,54,2" doraHai="115" who="3" fromWho="0" sc="125,-45,336,0,235,0,304,45" /><INIT seed="2,0,0,4,5,128" ten="80,336,235,349" oya="2" hai0="100,77,115,87,52,55,9,8,44,74,110,80,39" hai1="13,127,133,120,1,78,38,67,25,102,131,42,107" hai2="19,32,90,96,123,116,62,109,126,85,0,130,65" hai3="60,108,7,58,47,5,114,72,22,76,71,73,124"/><V129/><F123/><W40/><G108/><T66/><D115/><U88/><E88/><V51/><F116/><W81/><G124/><T23/><D110/><U125/><E67/><V98/><F109/><W121/><G121/><T132/><D66/><U103/><E78/><V84/><F126/><W20/><G114/><T10/><D74/><U64/><E42/><V36/><F36/><W29/><G72/><T134/><D100/><U49/><E64/><V57/><F32/><W48/><G71/><T50/><D23/><U31/><E38/><V46/><F0/><W117/><G117/><T11/><N who="0" m="2048" /><DORA hai="101" /><T95/><D39/><U122/><E107/><V33/><F33/><W35/><G35/><T28/><D28/><U70/><E31/><V14/><F129/><W45/><G45/><T94/><REACH who="0" step="1"/><D55/><REACH who="0" ten="70,336,235,349" step="2"/><U12/><E102/><V118/><F130/><W30/><G30/><T112/><D112/><U97/><E103/><V21/><F118/><W56/><G29/><T106/><D106/><U91/><E131/><V86/><F90/><W93/><G22/><T18/><D18/><U135/><E91/><V68/><REACH who="2" step="1"/><F68/><REACH who="2" ten="70,336,225,349" step="2"/><W15/><G20/><T105/><D105/><U53/><E70/><V26/><F26/><W119/><G119/><T75/><D75/><U63/><E25/><V6/><F6/><W104/><G104/><T41/><D41/><AGARI ba="0,2" hai="14,19,21,41,46,51,57,62,65,84,85,86,96,98" machi="41" ten="40,7700,0" yaku="1,1,8,1,53,1" doraHai="128,101" doraHaiUra="59,89" who="2" fromWho="0" sc="70,-77,336,0,225,97,349,0" owari="-7,-51.0,336,14.0,322,-8.0,349,45.0" /></mjloggm>