<mjloggm ver="2.3"><GO type="41"/><UN n0="%5A%45%4F%44" n1="%EF%BC%AF%EF%BC%BA" n2="%E3%83%93%E3%83%A9%E6%9C%AB%E6%B6%BC%E5%AD%90" n3="%EF%BC%88%E2%89%A7%E2%96%BD%E2%89%A6%EF%BC%89" dan="14,15,14,14" rate="1898,2035,2025,2066" sx="M,F,F,M"/><TAIKYOKU oya="0"/><INIT seed="0,0,0,3,0,14" ten="250,250,250,250" oya="0" hai0="39,75,60,86,63,41,101,114,91,98,117,72,26" hai1="11,129,2,102,133,16,12,20,108,18,6,109,25" hai2="34,73,84,134,113,67,82,106,36,66,27,110,22" hai3="105,61,122,30,90,74,76,119,115,78,37,5,93"/><T131/><D114/><U0/><E102/><V85/><F34/><W46/><G115/><T70/><D117/><U7/><E129/><V53/><F106/><W127/><G119/><T96/><D63/><U10/><E133/><V50/><F113/><W121/><G105/><T59/><D98/><U42/><E42/><V124/><F36/><W68/><G127/><T62/><D70/><U29/><E18/><V51/><F124/><W45/><G30/><T97/><D62/><U107/><E107/><V120/><F51/><W112/><G112/><T135/><D97/><U17/><E17/><V48/><F48/><W58/><G68/><T43/><D135/><U28/><E28/><V38/><F38/><W128/><G5/><T4/><D4/><U77/><E77/><N who="3" m="29802" /><G74/><T24/><D131/><U80/><E80/><V111/><F120/><N who="3" m="46187" /><G37/><T35/><D39/><U92/><E92/><V71/><F71/><W104/><G104/><T54/><D75/><U89/><E89/><V8/><F73/><W23/><G23/><AGARI ba="0,0" hai="0,2,6,7,10,11,12,16,20,23,25,29,108,109" machi="23" ten="40,12000,2" yaku="9,1,34,3,52,1,54,1" doraHai="14" who="1" fromWho="3" sc="250,0,250,120,250,0,250,-120" /><INIT seed="1,0,0,1,4,66" ten="250,370,250,130" oya="1" hai0="96,24,53,5,19,42,76,57,74,87,8,118,119" hai1="89,27,97,101,15,44,127,0,108,128,68,125,106" hai2="83,28,94,43,113,100,3,95,93,25,50,9,39" hai3="111,67,40,49,52,36,59,99,62,48,81,130,88"/><U61/><E0/><V63/><F39/><W117/><G130/><T45/><D74/><U112/><E112/><V54/><F113/><W82/><G111/><T122/><D96/><U35/><E128/><V73/><F43/><W135/><G135/><T84/><D122/><U38/><E108/><V131/><F131/><W34/><G34/><T65/><D65/><N who="1" m="41007" /><E89/><V90/><F63/><W58/><G117/><T105/><D105/><U115/><E15/><V20/><F100/><W22/><G36/><T121/><D121/><U72/><E72/><V92/><F73/><W70/><G22/><T133/><D133/><U26/><E115/><V11/><F3/><W21/><G21/><T29/><D19/><U16/><E16/><V104/><F104/><W120/><G120/><T134/><D134/><U55/><E55/><V86/><N who="2" m="24064" /><DORA hai="7" /><V23/><REACH who="2" step="1"/><F20/><REACH who="2" step="2"/><W91/><G40/><T12/><D42/><N who="1" m="22615" /><E35/><V46/><AGARI ba="0,1" hai="9,11,23,25,28,46,50,54,83,86,90" m="24064" machi="46" ten="40,8000,1" yaku="1,1,0,1,8,1,52,2,53,0" doraHai="66,7" doraHaiUra="126,109" who="2" fromWho="2" sc="250,-20,370,-40,240,90,130,-20" /><INIT seed="2,0,0,3,3,94" ten="230,330,330,110" oya="2" hai0="41,38,30,23,63,83,52,69,10,134,11,72,37" hai1="114,67,116,4,24,43,86,27,18,101,40,14,132" hai2="81,109,119,7,28,20,89,45,92,53,129,12,39" hai3="26,3,42,103,117,123,71,17,95,99,120,58,90"/><V13/><F119/><W6/><G117/><T100/><D134/><U97/><E116/><V91/><F129/><W55/><G71/><T121/><D100/><U62/><E132/><V85/><F109/><W47/><G3/><T60/><D121/><U49/><E4/><V82/><F7/><W111/><G6/><T124/><D69/><U75/><E75/><V64/><F64/><W126/><G126/><T79/><D124/><U22/><E86/><V66/><F66/><W68/><G68/><T70/><D63/><U87/><E87/><V98/><F82/><W59/><G111/><T104/><D104/><U21/><E49/><N who="2" m="28847" /><F39/><W96/><G123/><T105/><D105/><U0/><E0/><V32/><F32/><W84/><G120/><T73/><D73/><U65/><E14/><V125/><F125/><W128/><G128/><T127/><D38/><U108/><E114/><V113/><F113/><W133/><G133/><T135/><D135/><U15/><E15/><V106/><F106/><W44/><G42/><N who="1" m="15914" /><E62/><V107/><F107/><N who="3" m="63975" /><G84/><T51/><D127/><U19/><E108/><V93/><F93/><AGARI ba="0,0" hai="18,19,21,22,24,27,65,67,93,97,101" m="15914" machi="93" ten="30,2000,0" yaku="8,1,52,1" doraHai="94" who="1" fromWho="2" sc="230,0,330,20,330,-20,110,0" /><INIT seed="3,0,0,4,4,94" ten="230,350,310,110" oya="3" hai0="125,101,124,58,96,111,69,110,6,33,86,84,135" hai1="116,122,39,30,45,76,80,52,134,21,18,43,109" hai2="8,54,106,17,114,103,104,51,60,23,126,50,31" hai3="26,118,32,119,115,55,79,3,12,28,48,85,7"/><W22/><G79/><T130/><D69/><U44/><E122/><V42/><F114/><W75/><G75/><T49/><D33/><U87/><E109/><N who="0" m="41481" /><D6/><U112/><E112/><V89/><F126/><N who="0" m="48746" /><D49/><U95/><E134/><V81/><F103/><W0/><G85/><N who="0" m="32875" /><D58/><U1/><E1/><N who="3" m="586" /><G55/><T71/><D71/><U72/><E52/><V108/><F51/><W9/><G48/><T61/><D61/><U128/><E45/><V37/><F42/><W41/><G41/><T64/><D64/><U2/><E44/><V16/><F37/><W65/><G65/><T97/><D135/><U73/><E43/><V133/><F60/><W40/><G40/><T92/><D130/><U19/><E39/><V78/><F54/><W74/><G74/><T105/><D96/><U132/><E73/><V91/><F50/><W107/><G115/><T82/><D82/><U5/><E80/><V121/><F81/><W88/><G32/><T70/><D70/><U129/><E129/><V14/><F108/><W20/><G22/><T99/><D99/><U15/><E21/><V117/><F23/><W27/><G27/><T10/><D10/><U131/><E128/><V25/><F8/><W67/><G67/><T11/><D11/><U13/><E131/><V59/><F25/><W36/><G36/><T29/><D29/><U53/><E132/><V90/><F31/><W120/><G28/><T93/><AGARI ba="0,0" hai="92,93,97,101,105" m="32875,48746,41481" machi="93" ten="40,8000,1" yaku="14,1,18,1,34,2,52,1" doraHai="94" who="0" fromWho="0" sc="230,80,350,-20,310,-20,110,-40" /><INIT seed="4,0,0,5,0,48" ten="310,330,290,70" oya="0" hai0="107,53,58,98,99,74,81,46,39,112,72,59,124" hai1="43,134,17,104,108,126,102,135,47,42,95,119,106" hai2="57,7,130,65,129,125,61,82,30,37,41,31,27" hai3="86,117,115,28,97,25,77,94,122,89,44,131,26"/><T18/><D112/><U3/><E3/><V128/><F7/><W24/><G117/><T11/><D124/><U32/><E32/><V33/><F125/><W60/><G122/><T0/><D59/><U88/><E119/><V55/><F31/><W21/><G115/><T62/><D107/><U23/><E108/><V35/><F82/><W132/><G132/><T16/><D74/><U91/><E126/><V9/><F9/><W19/><G131/><T49/><D99/><U40/><E47/><N who="2" m="23983" /><F35/><W45/><G60/><T1/><D98/><U68/><E68/><V111/><F111/><W70/><G70/><T96/><D96/><U38/><E38/><V113/><F113/><W110/><G110/><T118/><D118/><U67/><E67/><AGARI ba="0,0" hai="27,30,33,55,57,61,65,67,128,129,130" m="23983" machi="67" ten="30,2000,0" yaku="19,1,52,1" doraHai="48" who="2" fromWho="1" sc="310,0,330,-20,290,20,70,0" /><INIT seed="5,0,0,1,2,105" ten="310,310,310,70" oya="1" hai0="51,96,84,11,56,28,0,91,92,89,40,34,9" hai1="58,63,53,70,15,95,99,85,131,73,129,133,117" hai2="26,42,18,49,30,6,120,37,113,90,33,97,104" hai3="23,103,45,19,29,16,126,102,94,88,50,75,112"/><U41/><E117/><V38/><F120/><W14/><G126/><T2/><D0/><U47/><E70/><V4/><F113/><W1/><G1/><T82/><D2/><U67/><E133/><V106/><F38/><W55/><G112/><T81/><D28/><U7/><E85/><V98/><F37/><W71/><G71/><T52/><D34/><U10/><E73/><V25/><F18/><W3/><G3/><T76/><REACH who="0" step="1"/><D40/><REACH who="0" step="2"/><U72/><E41/><V24/><F30/><W135/><G29/><T46/><D46/><U110/><E47/><V44/><F33/><W109/><G135/><T119/><D119/><U54/><E110/><V122/><F122/><W77/><G109/><T116/><D116/><U121/><E121/><V21/><F44/><W108/><G108/><T39/><D39/><U100/><REACH who="1" step="1"/><E72/><AGARI ba="0,1" hai="9,11,51,52,56,72,76,81,82,84,89,91,92,96" machi="72" ten="30,7700,0" yaku="1,1,7,1,52,1,54,1,53,0" doraHai="105" doraHaiUra="32" who="0" fromWho="1" sc="300,87,310,-77,310,0,70,0" /><INIT seed="6,0,0,2,1,86" ten="387,233,310,70" oya="2" hai0="29,132,33,112,126,130,62,8,54,70,76,119,125" hai1="114,61,129,26,56,48,59,73,42,109,107,133,5" hai2="78,2,115,108,111,22,134,58,122,47,21,57,106" hai3="97,131,81,123,124,68,12,135,101,74,27,37,4"/><V3/><F122/><W87/><G37/><T103/><D54/><U94/><E107/><V19/><F106/><W28/><G124/><T82/><D103/><U127/><E73/><V121/><F121/><W95/><G123/><T35/><D8/><U36/><E109/><N who="2" m="42059" /><F115/><W104/><G135/><T102/><D102/><U105/><E105/><V31/><F78/><W116/><G116/><T93/><D93/><U45/><E114/><V83/><F83/><W50/><G131/><T40/><D112/><U60/><E129/><V10/><F47/><W14/><G68/><T32/><D130/><U24/><E133/><V0/><F134/><W55/><G4/><T71/><D119/><U113/><E113/><V53/><F31/><W39/><G39/><T38/><D132/><U11/><E36/><V64/><F64/><W100/><G74/><N who="0" m="43287" /><D29/><U91/><E60/><N who="2" m="35887" /><F58/><W63/><G63/><T7/><D7/><U90/><E127/><N who="0" m="48649" /><D62/><U23/><E94/><V128/><F128/><W69/><G69/><T72/><D72/><U65/><E59/><V44/><F44/><AGARI ba="0,0" hai="32,33,35,38,40,44,70,71" m="48649,43287" machi="44" ten="40,2600,0" yaku="18,1,23,1" doraHai="86" who="0" fromWho="2" sc="387,26,233,0,310,-26,70,0" /><INIT seed="7,0,0,1,2,123" ten="413,233,284,70" oya="3" hai0="121,55,30,118,64,16,11,80,58,83,14,59,107" hai1="68,84,134,19,36,124,49,23,117,27,103,62,93" hai2="66,20,106,54,101,120,74,70,65,48,114,21,132" hai3="133,39,15,7,129,10,113,115,71,99,76,88,37"/><W79/><G71/><T57/><D107/><U91/><E36/><N who="3" m="13898" /><G133/><T100/><D121/><U1/><E1/><V104/><F114/><N who="3" m="43531" /><G129/><T116/><D100/><U122/><E122/><V98/><F74/><W82/><G99/><T112/><D64/><U56/><E134/><V45/><F106/><W87/><AGARI ba="0,0" hai="7,10,15,76,79,82,87,88" m="43531,13898" machi="87" ten="40,3900,0" yaku="15,1,54,1" doraHai="123" who="3" fromWho="3" sc="413,-13,233,-13,284,-13,70,39" /><INIT seed="7,1,0,5,5,80" ten="400,220,271,109" oya="3" hai0="110,128,85,75,48,53,73,94,58,6,23,101,27" hai1="91,25,108,54,126,117,37,88,99,115,65,49,120" hai2="61,43,132,46,35,78,36,24,118,70,89,64,71" hai3="66,19,44,109,103,10,105,98,79,18,13,32,67"/><W95/><G109/><T93/><D110/><U74/><E37/><V30/><F89/><W124/><G124/><T72/><D6/><U5/><E74/><V76/><F132/><W57/><G32/><T111/><D111/><U31/><E108/><V84/><F118/><W7/><G79/><T29/><D128/><U1/><E120/><V0/><F0/><W123/><G123/><T121/><D121/><U60/><E115/><V107/><F71/><W39/><G105/><T83/><REACH who="0" step="1"/><D101/><REACH who="0" step="2"/><U26/><E126/><V21/><F84/><W130/><G130/><T113/><D113/><U56/><E99/><V9/><F9/><W97/><G97/><T38/><D38/><U81/><E81/><V63/><F21/><W55/><G39/><T104/><D104/><U86/><E31/><V50/><F50/><N who="3" m="30967" /><G44/><T45/><D45/><U114/><E114/><V3/><F61/><W92/><G92/><T42/><D42/><U96/><E117/><V82/><F3/><W4/><G7/><T22/><D22/><U47/><E1/><V106/><REACH who="2" step="1"/><F78/><AGARI ba="1,1" hai="23,27,29,48,53,58,72,73,75,78,83,85,93,94" machi="78" ten="40,2600,0" yaku="1,1,52,1,53,0" doraHai="80" doraHaiUra="40" who="0" fromWho="2" sc="390,39,220,0,271,-29,109,0" owari="429,53,220,-18,242,4,109,-39" /></mjloggm>