<mjloggm ver="2.3"><GO type="169" lobby="0"/><UN n0="%EF%BC%88%E2%89%A7%E2%96%BD%E2%89%A6%EF%BC%89" n1="%6B%65%72%6F%62%6F%75" n2="%E3%81%A8%E3%83%BC%E3%82%84%E3%82%93" n3="%E5%A4%A9%E7%A9%BA%E3%81%AE%E7%99%BD%E3%82%82%E3%82%93%E3%81%9F" dan="18,16,16,16" rate="2134.70,2108.65,2132.40,2106.22" sx="F,M,M,F"/><TAIKYOKU oya="0"/><INIT seed="0,0,0,1,1,29" ten="250,250,250,250" oya="0" hai0="63,15,62,33,3,67,14,76,118,81,121,57,126" hai1="52,98,18,44,80,24,119,97,74,130,115,35,10" hai2="90,31,11,125,53,92,95,21,124,85,131,37,110" hai3="132,36,51,48,128,4,107,45,122,42,101,120,56"/><T0/><D121/><N who="3" m="46697" /><G4/><T72/><D118/><U114/><E119/><V116/><F116/><W103/><G128/><T47/><D126/><U66/><E66/><V39/><F11/><W32/><G132/><T91/><D3/><U78/><E130/><V61/><F131/><W6/><G107/><T8/><D33/><U129/><E129/><V88/><F110/><W86/><G6/><T40/><D0/><U99/><E10/><V89/><F61/><W49/><G32/><T94/><D63/><U17/><E17/><V19/><F31/><W23/><G23/><T87/><REACH who="0" step="1"/><D8/><REACH who="0" ten="240,250,250,250" step="2"/><U2/><E2/><V105/><F124/><W54/><G86/><T25/><D25/><U77/><E35/><V84/><F125/><W73/><G73/><T79/><D79/><U22/><E78/><V109/><F109/><W16/><G16/><T75/><D75/><U93/><REACH who="1" step="1"/><E93/><REACH who="1" ten="240,240,250,250" step="2"/><V12/><F105/><W64/><G42/><T104/><D104/><U59/><E59/><V70/><F70/><W55/><G56/><T69/><D69/><U68/><E68/><V123/><F123/><W38/><G45/><T30/><D30/><U60/><E60/><V1/><F1/><W117/><G117/><T113/><D113/><U13/><E13/><V71/><F71/><W102/><G64/><T106/><D106/><U96/><N who="1" m="24576" /><DORA hai="26" /><U7/><E7/><V135/><F95/><W82/><G82/><T134/><D134/><U100/><E100/><V5/><F92/><W111/><G111/><T127/><D127/><U9/><E9/><V20/><F135/><W34/><G34/><RYUUKYOKU ba="0,2" sc="240,10,240,10,250,-30,250,10" hai0="14,15,40,47,57,62,67,72,76,81,87,91,94" hai1="18,22,24,44,52,74,77,80,114,115" hai3="36,38,48,49,51,54,55,101,102,103" /><INIT seed="0,1,2,2,2,80" ten="250,250,220,260" oya="0" hai0="26,51,33,45,61,54,120,11,10,32,55,85,53" hai1="115,5,104,98,64,119,135,117,57,114,126,25,58" hai2="75,50,110,42,2,91,18,3,87,79,125,100,24" hai3="94,83,107,49,95,67,44,81,69,6,84,22,133"/><T127/><D120/><U102/><E135/><V7/><F110/><W63/><G107/><T34/><D127/><U19/><E126/><V40/><F125/><W20/><G133/><T76/><D26/><U131/><E131/><V112/><F112/><N who="1" m="43049" /><E5/><V29/><F100/><W122/><G122/><T15/><D61/><N who="1" m="37935" /><E58/><V121/><F121/><W46/><G83/><T27/><D27/><U90/><E90/><V96/><F96/><W82/><G81/><T70/><D70/><U66/><E66/><V37/><F79/><W92/><G6/><T129/><D129/><U1/><E1/><V14/><F75/><W12/><G12/><T41/><D76/><U31/><E19/><V4/><F37/><W23/><REACH who="3" step="1"/><G49/><REACH who="3" ten="250,250,220,250" step="2"/><T16/><REACH who="0" step="1"/><D85/><REACH who="0" ten="240,250,220,250" step="2"/><U74/><E74/><V77/><F77/><AGARI ba="1,4" hai="20,22,23,44,46,63,67,69,77,82,84,92,94,95" machi="77" ten="40,8000,1" yaku="1,1,2,1,52,1,53,1" doraHai="80" doraHaiUra="62" who="3" fromWho="2" sc="240,0,250,0,220,-83,250,123" /><INIT seed="1,0,0,2,0,88" ten="240,250,137,373" oya="1" hai0="55,28,130,19,50,42,117,95,99,57,101,12,77" hai1="31,48,100,58,45,113,52,22,66,115,3,85,124" hai2="54,86,41,123,34,9,94,0,112,111,102,90,125" hai3="65,116,56,18,6,98,75,10,47,39,67,69,49"/><U103/><E124/><V26/><F123/><W114/><G114/><T11/><D117/><U107/><E3/><V13/><F0/><W82/><G116/><T30/><D130/><U93/><E107/><V91/><F112/><W8/><G69/><T59/><D42/><U43/><E66/><V106/><F125/><W135/><G135/><T74/><REACH who="0" step="1"/><D59/><REACH who="0" ten="230,250,137,373" step="2"/><U53/><E115/><V21/><F111/><W119/><G56/><T78/><D78/><U68/><E113/><V120/><F120/><W4/><G119/><T60/><D60/><N who="1" m="35919" /><E43/><V40/><F34/><W89/><G39/><T64/><D64/><U15/><E68/><V134/><F134/><W38/><G67/><T35/><D35/><U51/><E51/><V63/><F106/><W128/><G49/><T73/><D73/><U79/><E79/><V17/><F102/><W83/><G65/><T24/><D24/><N who="1" m="16791" /><E15/><V110/><F91/><AGARI ba="0,1" hai="45,48,52,85,91,93,100,103" m="16791,35919" machi="91" ten="30,5800,0" yaku="8,1,52,1,54,1" doraHai="88" who="1" fromWho="2" sc="230,0,250,68,137,-58,373,0" /><INIT seed="1,1,0,1,1,125" ten="230,318,79,373" oya="1" hai0="53,3,59,56,38,104,55,2,117,26,91,101,69" hai1="85,46,8,10,61,11,6,132,25,116,84,103,65" hai2="93,106,47,123,7,57,58,105,62,102,124,94,129" hai3="41,119,131,22,110,111,52,60,29,43,20,80,96"/><U127/><E116/><V126/><F123/><W95/><G131/><T48/><D38/><U27/><E127/><V33/><F7/><W32/><G80/><T120/><D69/><U87/><E132/><V17/><F33/><W122/><G32/><T24/><D120/><U72/><E72/><V40/><F17/><W64/><G122/><T130/><D117/><U77/><E103/><V13/><F13/><W73/><G73/><T12/><D101/><U109/><E109/><N who="3" m="41482" /><G52/><T86/><D104/><U50/><E6/><V37/><F102/><N who="3" m="60703" /><G119/><T135/><D135/><U118/><E118/><V92/><F129/><W71/><G20/><T54/><D130/><U18/><E77/><V39/><F94/><W67/><G64/><T31/><D54/><U19/><E65/><V5/><F5/><W16/><G29/><T97/><D12/><AGARI ba="1,0" hai="12,16,22,41,43,60,67,71" m="60703,41482" machi="12" ten="30,2000,0" yaku="14,1,54,1" doraHai="125" who="3" fromWho="0" sc="230,-23,318,0,79,0,373,23" /><INIT seed="2,0,0,4,2,60" ten="207,318,79,396" oya="2" hai0="82,44,45,50,38,12,66,115,111,54,128,14,130" hai1="10,75,21,31,48,25,132,83,121,55,84,123,74" hai2="90,11,19,99,37,5,0,69,26,126,49,107,65" hai3="28,109,114,117,53,4,13,86,100,97,23,67,110"/><V129/><F37/><W3/><G117/><T91/><D115/><U98/><E98/><V108/><F126/><W96/><G114/><T131/><D111/><N who="3" m="42505" /><G53/><T39/><D66/><U42/><E42/><V51/><F108/><W46/><G46/><T33/><D33/><U135/><E10/><V24/><F129/><W64/><G86/><N who="0" m="50647" /><D44/><N who="1" m="28039" /><E83/><V62/><F19/><N who="3" m="10735" /><G28/><T70/><D70/><U93/><E84/><V58/><F58/><W1/><G97/><T112/><D112/><U43/><E93/><V81/><F81/><W56/><G56/><T85/><D85/><U120/><E43/><V7/><F7/><W73/><G73/><AGARI ba="0,0" hai="21,25,31,73,74,75,120,121,123,132,135" m="28039" machi="73" ten="40,1300,0" yaku="13,1" doraHai="60" who="1" fromWho="3" sc="207,0,318,13,79,0,396,-13" /><INIT seed="3,0,0,2,5,53" ten="207,331,79,383" oya="3" hai0="77,110,84,8,117,70,43,123,0,24,79,25,72" hai1="80,20,109,133,60,10,13,76,44,31,3,131,51" hai2="93,5,111,28,49,73,102,21,90,38,129,135,9" hai3="66,26,78,71,45,12,134,74,50,127,116,34,47"/><W37/><G116/><T30/><D123/><U115/><E115/><V81/><F111/><W27/><G127/><T46/><D110/><U130/><E109/><V19/><F38/><W95/><G134/><T65/><D117/><U54/><E133/><V63/><F135/><W40/><G34/><N who="0" m="20807" /><D84/><U52/><E3/><V82/><F129/><N who="1" m="49161" /><E60/><V132/><F132/><W59/><G95/><T32/><D79/><U91/><E91/><V128/><F128/><W119/><G119/><T33/><D25/><N who="1" m="16807" /><E76/><V35/><F102/><W1/><G1/><T88/><D88/><U94/><E94/><V92/><F93/><W103/><G103/><T36/><D70/><U39/><E80/><V16/><F63/><N who="3" m="40415" /><G47/><T11/><D65/><U107/><E107/><V113/><F113/><W99/><G99/><T106/><D106/><U4/><E39/><V120/><F120/><W101/><G101/><T118/><D118/><U97/><E97/><V121/><F121/><W125/><G78/><T126/><D126/><U100/><E100/><V122/><F122/><W69/><G69/><T96/><D96/><U105/><E105/><V114/><F114/><W42/><G37/><T85/><D85/><U64/><E64/><V62/><F62/><W14/><G27/><T41/><D0/><U22/><E22/><V29/><F21/><W48/><G26/><T7/><D77/><U18/><E54/><V104/><F104/><W68/><G68/><T108/><D108/><U87/><E87/><V112/><F112/><W67/><G125/><T75/><D36/><U55/><E55/><V58/><F29/><RYUUKYOKU ba="0,0" sc="207,-10,331,30,79,-10,383,-10" hai1="4,10,13,18,44,51,52" /><INIT seed="4,1,0,0,2,61" ten="197,361,69,373" oya="0" hai0="0,74,11,49,69,89,96,9,108,15,19,54,12" hai1="135,1,91,73,84,90,7,128,16,132,71,42,47" hai2="25,65,130,76,103,55,119,21,105,80,88,104,70" hai3="43,32,57,62,50,20,58,53,112,41,82,101,33"/><T30/><D74/><U23/><E73/><V118/><F130/><W77/><G112/><T56/><D108/><U126/><E71/><V81/><F55/><W72/><G101/><T133/><D133/><N who="1" m="51275" /><E128/><V95/><F103/><W127/><G127/><T18/><D69/><U17/><E126/><V98/><F21/><W121/><G121/><T29/><REACH who="0" step="1"/><D0/><REACH who="0" ten="187,361,69,373" step="2"/><U45/><E1/><V37/><F37/><W116/><G116/><T75/><D75/><U36/><E47/><V131/><F131/><W44/><G44/><T22/><D22/><U94/><E23/><V38/><F38/><W122/><G122/><T85/><D85/><N who="1" m="52591" /><E7/><V40/><F119/><W79/><G20/><T120/><D120/><U107/><E107/><V31/><F105/><W92/><G33/><T114/><D114/><U125/><E125/><V100/><F118/><W26/><G32/><T27/><D27/><U52/><E52/><V63/><F104/><W123/><G26/><T5/><D5/><U102/><E102/><V68/><F100/><W39/><G72/><T34/><D34/><U48/><E36/><V28/><F70/><W46/><G39/><T129/><D129/><U110/><E110/><V93/><F25/><W124/><G46/><T117/><D117/><U64/><E64/><V4/><F4/><W99/><G124/><T115/><D115/><U113/><E113/><V24/><F24/><W134/><G123/><T6/><D6/><U78/><E78/><V106/><F106/><W3/><G134/><T14/><D14/><U86/><E84/><V2/><F2/><W83/><G3/><RYUUKYOKU ba="1,1" sc="187,15,361,15,69,-15,373,-15" hai0="9,11,12,15,18,19,29,30,49,54,56,89,96" hai1="16,17,42,45,48,86,90" /><INIT seed="4,2,1,1,2,49" ten="202,376,54,358" oya="0" hai0="62,115,86,103,60,52,129,80,55,87,96,59,8" hai1="58,97,56,104,112,105,74,26,79,12,9,78,122" hai2="135,61,133,106,50,83,37,69,113,85,111,35,67" hai3="57,114,5,121,120,34,101,73,44,91,0,41,31"/><T117/><D117/><U95/><E122/><N who="3" m="47210" /><G73/><T51/><D115/><U100/><E26/><V46/><F106/><W108/><G108/><T134/><D129/><U125/><E112/><V77/><F35/><W70/><G70/><T40/><D134/><U18/><E125/><V1/><F111/><W93/><G101/><T7/><D40/><U47/><E47/><V107/><F107/><W110/><G110/><T92/><D80/><U119/><E119/><V27/><F113/><W10/><G57/><N who="1" m="22122" /><E105/><V127/><F1/><W126/><G126/><T48/><D62/><U72/><E72/><V66/><F127/><W53/><G31/><T19/><D19/><U102/><E104/><V23/><F66/><W90/><G34/><T38/><D38/><U123/><E74/><V89/><F37/><N who="3" m="21551" /><G114/><T63/><D63/><U65/><E65/><V30/><REACH who="2" step="1"/><F77/><REACH who="2" ten="202,376,44,358" step="2"/><N who="1" m="29193" /><E123/><V3/><F3/><W39/><G39/><T82/><D60/><U75/><E75/><V32/><F32/><W20/><G0/><T17/><D51/><U22/><E102/><V54/><AGARI ba="2,2" hai="23,27,30,46,50,54,61,67,69,83,85,89,133,135" machi="54" ten="30,4000,0" yaku="1,1,0,1,52,1,53,0" doraHai="49" doraHaiUra="68" who="2" fromWho="2" sc="202,-22,376,-12,44,66,358,-12" /><INIT seed="5,0,0,4,2,97" ten="180,364,110,346" oya="1" hai0="83,41,12,34,81,45,53,92,9,120,59,24,91" hai1="70,116,1,40,111,104,66,85,57,15,72,13,33" hai2="115,39,11,48,89,109,121,26,127,117,20,50,55" hai3="56,126,118,49,51,61,132,69,135,108,4,125,18"/><U44/><E116/><V28/><F109/><W52/><G4/><T32/><D120/><U54/><E1/><V128/><F117/><W73/><G73/><T27/><D34/><U10/><E33/><V42/><F121/><W84/><G118/><T47/><D32/><U123/><E72/><V105/><F105/><W130/><G108/><T112/><D112/><U131/><E123/><V87/><F115/><W119/><G119/><T68/><D68/><U78/><E111/><V106/><F106/><W113/><G113/><T7/><D27/><U21/><E104/><V98/><F127/><N who="3" m="48651" /><G130/><T36/><D24/><U80/><E131/><V82/><F128/><W17/><G84/><T19/><D7/><U96/><E96/><V88/><F39/><W124/><G124/><T77/><D77/><U100/><E70/><V2/><F42/><W58/><G69/><T22/><D45/><U38/><E66/><V86/><F55/><N who="3" m="31871" /><G49/><N who="0" m="31151" /><D9/><U46/><E46/><V43/><F43/><W62/><G62/><T101/><D47/><U76/><E76/><V102/><F11/><W99/><G99/><N who="0" m="59623" /><D41/><U65/><E10/><V110/><F2/><W95/><G95/><T25/><D36/><U31/><E38/><V93/><REACH who="2" step="1"/><F110/><REACH who="2" ten="180,364,100,346" step="2"/><W60/><G60/><T6/><D6/><U79/><E40/><V0/><F0/><W90/><G61/><T134/><D134/><U64/><E54/><V30/><F30/><W75/><G135/><T5/><D5/><U63/><E31/><V74/><F74/><W37/><G75/><T114/><D114/><U71/><E65/><V35/><F35/><RYUUKYOKU ba="0,1" sc="180,-10,364,-10,100,30,346,-10" hai2="20,26,28,48,50,82,86,87,88,89,93,98,102" /><INIT seed="6,1,1,2,1,11" ten="170,354,130,336" oya="2" hai0="17,31,0,106,85,20,51,95,87,65,71,114,124" hai1="13,23,112,97,54,15,134,3,62,27,81,66,8" hai2="130,29,80,93,96,43,70,82,18,74,92,22,101" hai3="57,19,34,122,47,135,115,120,28,125,102,123,126"/><V110/><F70/><W69/><G69/><T77/><D106/><U107/><E81/><V26/><F130/><W9/><G102/><T60/><D0/><U37/><E37/><V61/><F110/><W49/><G135/><T63/><D124/><N who="3" m="47721" /><G57/><T117/><D114/><U44/><E134/><V133/><F133/><W53/><G115/><T128/><D128/><U39/><E112/><V12/><F74/><W45/><G47/><T131/><D117/><U32/><E32/><V105/><F43/><W100/><G100/><T90/><D131/><U2/><E15/><V6/><F6/><W103/><G103/><T76/><D60/><U118/><E118/><V40/><F40/><W73/><G73/><T52/><D31/><U83/><E107/><V86/><F61/><W67/><G67/><T56/><REACH who="0" step="1"/><D87/><REACH who="0" ten="160,354,130,336" step="2"/><U129/><E129/><V5/><F5/><W36/><G123/><T89/><D89/><U33/><E62/><V1/><F1/><W42/><G28/><T132/><D132/><U4/><E2/><V72/><F72/><W38/><G122/><T50/><D50/><U119/><E3/><V94/><REACH who="2" step="1"/><F86/><REACH who="2" ten="160,354,120,336" step="2"/><W21/><G120/><T84/><D84/><U41/><E119/><V14/><F14/><AGARI ba="1,3" hai="14,17,20,51,52,56,63,65,71,76,77,85,90,95" machi="14" ten="30,12000,2" yaku="1,1,7,1,25,2,52,1,54,1,53,0" doraHai="11" doraHaiUra="35" who="0" fromWho="2" sc="160,153,354,0,120,-123,336,0" owari="313,-9.0,354,45.0,-3,-50.0,336,14.0" /></mjloggm>