<mjloggm ver="2.3"><GO type="41"/><UN n0="%E3%82%A6%E3%83%AB%E3%83%88%E3%83%A9%E7%AB%8B%E7%9B%B4" n1="%E3%81%97%E3%82%8D%E3%82%86%E3%81%8D%E3%81%B2%E3%81%AA" n2="%E3%81%9F%E3%81%93%E3%82%84%E3%81%8D%EF%BC%98%E3%81%A1%E3%82%83%E3%82%93" n3="%6E%2D%63%68%65%72%72%79" dan="15,13,14,14" rate="2028,1921,1922,1876" sx="M,M,M,F"/><TAIKYOKU oya="0"/><INIT seed="0,0,0,0,4,78" ten="250,250,250,250" oya="0" hai0="21,11,40,8,5,70,115,103,133,99,14,59,19" hai1="126,132,6,9,38,61,69,109,93,76,62,114,89" hai2="129,44,10,43,84,7,0,1,123,56,88,46,33" hai3="73,98,110,127,45,134,15,3,105,68,22,77,12"/><T50/><D70/><U87/><E109/><V106/><F123/><W112/><G3/><T86/><D115/><U17/><E132/><V75/><F106/><W4/><G68/><T18/><D133/><U36/><E126/><V49/><F129/><W67/><G112/><T108/><D108/><U92/><E114/><V111/><F111/><W85/><G67/><T66/><D11/><U100/><E76/><V28/><F75/><W121/><G134/><T41/><D19/><U20/><E38/><V116/><F116/><W125/><G110/><T120/><D120/><U53/><E36/><V118/><F118/><W24/><G73/><T82/><D66/><U101/><E69/><V29/><F1/><W31/><G45/><T80/><D59/><N who="1" m="35055" /><E62/><V47/><F56/><W16/><G4/><T26/><D50/><U65/><E65/><V131/><F131/><W23/><G105/><T34/><D34/><U79/><E79/><V96/><F96/><W51/><G51/><T35/><D35/><U71/><E71/><V130/><F130/><W107/><G98/><T30/><D30/><U52/><E52/><V13/><F0/><W39/><G107/><T27/><D27/><N who="1" m="14735" /><E93/><N who="2" m="54407" /><F33/><W58/><G39/><T25/><D25/><U57/><E57/><V91/><F91/><W102/><G58/><T122/><D122/><U37/><E37/><V90/><F90/><W95/><G121/><T97/><D86/><U64/><E64/><V74/><F74/><W42/><G125/><T2/><D2/><U104/><E104/><V119/><F119/><W117/><G117/><T81/><D103/><RYUUKYOKU ba="0,0" sc="250,10,250,10,250,10,250,-30" hai0="5,8,14,18,21,26,40,41,80,81,82,97,99" hai1="6,9,87,89,92,100,101" hai2="7,10,13,28,29,43,44,46,47,49" /><INIT seed="0,1,0,1,2,95" ten="260,260,260,220" oya="0" hai0="12,133,68,59,38,43,101,22,8,110,30,20,130" hai1="50,132,49,88,119,82,72,118,102,40,86,123,37" hai2="109,115,26,126,81,16,42,104,35,60,33,75,71" hai3="56,27,114,13,23,92,97,19,28,41,117,78,52"/><T106/><D68/><U5/><E123/><V2/><F42/><W107/><G114/><T85/><D130/><U129/><E132/><V66/><F115/><W29/><G117/><T0/><D133/><U83/><E129/><V84/><F2/><W32/><G107/><T44/><D0/><U7/><E102/><V99/><F75/><W11/><G78/><T127/><D127/><U39/><E72/><V73/><F73/><W45/><G32/><T53/><D30/><U94/><E40/><V112/><F112/><W98/><G29/><T69/><D69/><U3/><E3/><V58/><F126/><W21/><G92/><T96/><D85/><U113/><E113/><V134/><F134/><W18/><G45/><T64/><D64/><U14/><E14/><V62/><F109/><W65/><G65/><T67/><D67/><U100/><E100/><V51/><F51/><N who="1" m="19465" /><E39/><V57/><F71/><W103/><G103/><T24/><D24/><U120/><E37/><V55/><F104/><W79/><G79/><T105/><D105/><U91/><E120/><V54/><F66/><W125/><G41/><T77/><D77/><U15/><E15/><V4/><F4/><N who="1" m="1609" /><E94/><V76/><F35/><W6/><G125/><T63/><REACH who="0" step="1"/><D110/><REACH who="0" ten="250,260,260,220" step="2"/><U74/><E74/><V70/><F70/><W122/><G28/><T111/><D111/><U31/><E31/><V1/><F1/><W34/><G34/><T46/><D46/><U135/><E135/><V9/><F33/><W90/><G27/><T128/><D128/><U80/><E86/><V131/><F26/><N who="3" m="14719" /><G122/><T10/><D10/><RYUUKYOKU ba="1,1" sc="250,15,260,15,260,-15,220,-15" hai0="8,12,20,22,38,43,44,53,59,63,96,101,106" hai1="80,82,83,88,91,118,119" /><INIT seed="0,2,1,0,4,109" ten="265,275,245,205" oya="0" hai0="39,5,50,63,68,75,2,112,67,72,9,95,40" hai1="64,55,126,70,114,89,56,1,44,101,71,79,120" hai2="12,51,13,87,33,41,96,43,3,38,129,99,106" hai3="8,54,20,92,97,22,15,52,7,77,103,93,66"/><T58/><D95/><U84/><E1/><V61/><F3/><W107/><G66/><T131/><D131/><U10/><E120/><V121/><F33/><W53/><REACH who="3" step="1"/><G77/><REACH who="3" ten="265,275,245,195" step="2"/><T59/><D59/><U100/><E79/><V122/><F121/><W30/><G30/><T57/><D57/><U36/><E64/><V18/><F122/><W108/><G108/><T83/><D58/><U98/><E126/><V19/><F129/><W21/><AGARI ba="2,2" hai="7,8,15,20,21,22,52,53,54,92,93,97,103,107" machi="21" ten="30,4000,0" yaku="1,1,0,1,54,1,53,0" doraHai="109" doraHaiUra="46" who="3" fromWho="3" sc="265,-22,275,-12,245,-12,195,66" /><INIT seed="1,0,0,4,1,52" ten="243,263,233,261" oya="1" hai0="38,97,66,28,53,55,110,121,75,122,79,42,18" hai1="90,82,89,80,22,7,40,39,50,49,98,32,35" hai2="21,44,62,88,5,2,51,26,9,68,119,127,117" hai3="15,63,108,128,17,102,78,116,87,65,96,45,114"/><U74/><E39/><V100/><F100/><W106/><G114/><T3/><D28/><U23/><E7/><V33/><F33/><N who="1" m="12873" /><E98/><V103/><F103/><W54/><G128/><T126/><D97/><U113/><E74/><V123/><F123/><W27/><G27/><T58/><D18/><U41/><E113/><V107/><F107/><W11/><G108/><T105/><D110/><U93/><E93/><V118/><F127/><W46/><G54/><T0/><D105/><U48/><E89/><V8/><F8/><W37/><G116/><T16/><D126/><U64/><E64/><V25/><F68/><W47/><G37/><T1/><D16/><U70/><E70/><V30/><F62/><W131/><G131/><T101/><D101/><U71/><E71/><V67/><F67/><W95/><G78/><T24/><D79/><U133/><E90/><V84/><F26/><W76/><G76/><T129/><D75/><U57/><E57/><V69/><F69/><W99/><G87/><T43/><D24/><U132/><E22/><V36/><F36/><W77/><G77/><T59/><D66/><U81/><E23/><V134/><F134/><AGARI ba="0,0" hai="40,41,48,49,50,80,81,82,132,133,134" m="12873" machi="134" ten="40,7700,0" yaku="28,2,20,1" doraHai="52" who="1" fromWho="2" sc="243,0,263,77,233,-77,261,0" /><INIT seed="1,1,0,4,5,135" ten="243,340,156,261" oya="1" hai0="90,33,59,113,0,53,57,78,70,55,22,105,67" hai1="85,39,20,114,35,43,50,82,123,21,80,44,100" hai2="32,87,120,111,13,84,30,103,130,56,127,15,46" hai3="45,65,68,5,37,112,63,16,1,101,47,25,76"/><U79/><E123/><V58/><F120/><W61/><G112/><T10/><D33/><U117/><E35/><V3/><F3/><W106/><G37/><T11/><D105/><U41/><E117/><V98/><F111/><W102/><G5/><T54/><D113/><U19/><E114/><V9/><F130/><W131/><G1/><T75/><D75/><U124/><E124/><V99/><F46/><W42/><G76/><T4/><D78/><U8/><E82/><V6/><F127/><W38/><G47/><T92/><D70/><U26/><E100/><V93/><F99/><W95/><G106/><T18/><D67/><U119/><E119/><V60/><F58/><W125/><G131/><T40/><D40/><N who="1" m="24839" /><E39/><V64/><REACH who="2" step="1"/><F15/><REACH who="2" ten="243,340,146,261" step="2"/><W83/><G125/><T89/><D57/><U52/><E41/><V34/><F34/><W77/><G68/><T128/><D59/><U132/><E43/><V73/><F73/><W91/><G42/><T7/><D128/><U134/><E132/><V116/><F116/><W88/><G38/><T48/><D0/><U71/><E71/><V66/><F66/><W36/><G36/><T27/><D54/><U122/><E52/><V17/><F17/><W24/><G16/><T107/><D53/><U104/><E134/><V2/><F2/><W133/><G65/><T129/><D55/><U81/><E19/><V110/><F110/><W121/><G133/><T69/><D18/><U62/><E62/><V126/><F126/><W12/><G61/><T94/><D129/><U14/><E14/><V96/><F96/><W51/><G12/><RYUUKYOKU ba="1,1" sc="243,-10,340,-10,146,30,261,-10" hai2="6,9,13,30,32,56,60,64,84,87,93,98,103" /><INIT seed="2,2,1,3,2,62" ten="233,330,176,251" oya="2" hai0="78,125,22,59,8,80,74,109,30,37,116,33,126" hai1="46,104,18,71,35,73,12,21,91,55,107,19,102" hai2="70,57,131,112,47,69,63,42,4,31,2,129,24" hai3="27,122,84,14,110,111,67,48,51,66,132,25,103"/><V76/><F112/><W3/><G3/><T97/><D22/><U13/><E35/><V100/><F76/><W29/><G122/><T82/><D59/><U117/><E71/><N who="2" m="27147" /><F100/><W28/><G132/><T44/><D116/><U83/><E117/><V34/><F4/><W40/><G103/><T123/><D123/><U6/><E6/><V93/><F93/><W10/><G84/><T135/><D135/><U5/><E73/><V75/><F75/><W86/><G86/><T79/><D8/><N who="1" m="6407" /><E5/><V130/><F2/><W89/><G89/><T92/><D30/><N who="3" m="11881" /><G110/><T99/><D33/><U94/><E102/><V120/><F120/><W45/><G51/><T115/><D109/><U53/><E104/><V87/><F87/><W65/><G111/><T133/><D133/><U32/><E32/><V26/><F26/><W36/><G36/><T72/><D115/><U61/><E83/><V98/><F98/><W77/><G77/><T0/><D0/><U20/><E107/><V56/><F63/><W108/><G108/><T68/><D68/><U41/><E21/><V114/><F114/><W119/><G119/><T113/><D113/><U134/><E134/><V38/><AGARI ba="2,1" hai="24,31,34,38,42,47,56,57,129,130,131" m="27147" machi="38" ten="40,2100,0" yaku="19,1" doraHai="62" who="2" fromWho="2" sc="233,-9,330,-9,176,37,251,-9" /><INIT seed="2,3,0,5,5,8" ten="224,321,213,242" oya="2" hai0="120,100,9,54,32,73,113,95,56,36,24,27,21" hai1="63,132,98,127,135,75,84,96,40,83,134,108,52" hai2="30,16,47,123,3,50,111,26,60,20,121,64,58" hai3="74,42,11,97,18,37,65,51,1,94,117,82,112"/><V77/><F3/><W122/><G117/><T133/><D36/><U22/><E108/><V19/><F111/><W10/><G122/><T115/><D73/><U41/><E75/><V5/><F5/><W35/><G35/><T29/><D120/><U128/><E22/><V71/><F71/><W116/><G112/><T130/><D95/><U131/><E41/><V93/><F77/><W106/><G106/><T79/><D100/><U69/><E40/><V80/><F80/><W114/><G116/><T90/><D90/><N who="1" m="51487" /><E69/><V31/><F123/><W101/><G65/><T125/><D79/><U70/><E127/><V110/><F110/><W4/><G51/><T66/><D66/><N who="1" m="41311" /><E52/><N who="2" m="29791" /><F121/><W49/><G37/><T119/><D125/><U13/><E13/><N who="2" m="9231" /><F93/><W78/><G1/><T28/><D119/><U68/><E68/><V89/><F89/><W23/><G4/><T55/><D115/><U124/><E124/><V0/><F0/><W118/><G114/><T103/><D113/><U126/><E126/><V38/><F38/><W39/><G39/><T88/><D88/><U48/><E48/><V62/><F62/><W46/><G118/><T129/><D32/><U7/><E7/><V109/><F109/><W17/><G78/><T44/><D103/><U59/><E59/><V12/><F26/><W81/><G101/><T104/><D27/><U102/><E102/><V53/><F64/><W92/><G81/><T105/><D24/><U34/><E34/><V57/><F58/><W25/><G82/><T99/><D56/><U61/><E61/><V6/><F6/><W87/><G94/><RYUUKYOKU ba="3,0" sc="224,-15,321,15,213,15,242,-15" hai1="96,98,128,131,132,134,135" hai2="12,19,30,31,53,57,60" /><INIT seed="2,4,0,5,4,100" ten="209,336,228,227" oya="2" hai0="67,7,101,95,132,134,5,46,85,6,21,124,20" hai1="115,78,45,82,24,58,80,36,42,50,51,84,125" hai2="105,18,87,86,55,28,29,122,91,49,121,129,77" hai3="3,16,130,22,37,93,104,92,110,83,117,40,69"/><V0/><F0/><W119/><G3/><T98/><D124/><U52/><E125/><V107/><F77/><W59/><G69/><T10/><D67/><U30/><E115/><V133/><F18/><W12/><G110/><T48/><D10/><U108/><E82/><V14/><F14/><W106/><G130/><T19/><D85/><N who="2" m="32266" /><F91/><W31/><G92/><T109/><D109/><U4/><E4/><V135/><F129/><W60/><G83/><T1/><D1/><U116/><E116/><V72/><F72/><W17/><G31/><N who="2" m="11849" /><F49/><W99/><G37/><T63/><D63/><U15/><E15/><V62/><F55/><W79/><G40/><T68/><D68/><U94/><E94/><V8/><F8/><W38/><G79/><T9/><D9/><U25/><E108/><V33/><F62/><W76/><G76/><T114/><D114/><U96/><E96/><V56/><F56/><W123/><G38/><T44/><D19/><U102/><E102/><V118/><F33/><W81/><G17/><T34/><D34/><U26/><E36/><V131/><F131/><W111/><G111/><T32/><D32/><AGARI ba="4,0" hai="24,25,26,30,32,42,45,50,51,52,58,78,80,84" machi="32" ten="30,2000,0" yaku="7,1,54,1" doraHai="100" who="1" fromWho="0" sc="209,-32,336,32,228,0,227,0" /><INIT seed="3,0,0,2,5,51" ten="177,368,228,227" oya="3" hai0="13,115,106,69,114,7,22,58,126,41,105,44,5" hai1="74,107,52,116,123,110,67,35,101,19,89,29,80" hai2="76,98,8,88,55,112,134,87,9,27,53,45,20" hai3="31,46,131,26,135,117,96,63,60,0,93,111,97"/><W39/><G117/><T68/><D22/><U64/><E123/><V70/><F70/><N who="0" m="27242" /><D13/><U66/><E110/><V2/><F112/><N who="0" m="43050" /><D58/><U72/><E107/><N who="0" m="40969" /><D126/><U91/><E101/><V21/><F2/><W86/><G0/><T43/><D44/><U94/><E19/><V75/><F134/><W124/><G135/><T38/><D38/><U40/><E40/><AGARI ba="0,0" hai="5,7,40,41,43" m="40969,43050,27242" machi="40" ten="40,5200,0" yaku="28,2,11,1" doraHai="51" who="0" fromWho="1" sc="177,52,368,-52,228,0,227,0" /><INIT seed="4,0,0,1,2,25" ten="229,316,228,227" oya="0" hai0="21,43,0,42,111,12,94,23,44,93,82,92,84" hai1="129,79,110,61,52,36,8,106,75,99,123,65,74" hai2="85,13,64,130,45,91,90,86,66,2,87,102,16" hai3="109,121,55,10,114,58,54,100,131,49,112,51,62"/><T135/><D0/><U103/><E110/><V125/><F2/><W7/><G109/><T28/><D111/><U89/><E123/><V69/><F102/><W108/><G100/><T17/><D135/><U30/><E36/><V128/><F125/><W127/><G7/><T19/><D44/><U77/><E8/><V122/><F122/><W37/><G108/><T35/><D35/><U97/><E30/><V72/><F72/><N who="1" m="27689" /><E52/><N who="3" m="20010" /><G10/><T88/><REACH who="0" step="1"/><D28/><REACH who="0" ten="219,316,228,227" step="2"/><U26/><E61/><V117/><F45/><W105/><G121/><T113/><D113/><U81/><E65/><V67/><F69/><W38/><G127/><T59/><D59/><U115/><E115/><N who="3" m="44074" /><G131/><N who="2" m="50217" /><F117/><W63/><G58/><T70/><D70/><U27/><E129/><V9/><AGARI ba="0,1" hai="9,13,16,64,66,67,85,86,87,90,91" m="50217" machi="9" ten="40,2700,0" yaku="19,1,54,1" doraHai="25" who="2" fromWho="2" sc="219,-13,316,-7,228,37,227,-7" /><INIT seed="5,0,0,3,0,80" ten="206,309,265,220" oya="1" hai0="32,88,30,79,48,4,96,106,21,28,107,131,74" hai1="85,105,1,68,81,75,111,16,18,62,118,120,117" hai2="90,26,132,101,33,94,127,128,46,97,66,14,64" hai3="78,92,104,40,29,99,123,124,45,108,126,119,25"/><U19/><E120/><V8/><F132/><W61/><G108/><T38/><D38/><U57/><E105/><V36/><F127/><N who="3" m="48683" /><G104/><T122/><D32/><U39/><E1/><V83/><F128/><W82/><G61/><T20/><D131/><U65/><E39/><V6/><F33/><W98/><G119/><T113/><D113/><U31/><E75/><V77/><F26/><W116/><G123/><T55/><D122/><U13/><E31/><N who="0" m="11817" /><D74/><U41/><E41/><V42/><REACH who="2" step="1"/><F101/><REACH who="2" ten="206,309,255,220" step="2"/><W12/><G116/><T70/><D70/><U27/><E27/><V130/><F130/><W11/><G25/><T71/><D71/><U95/><E111/><V103/><F103/><W3/><G29/><T23/><D106/><U58/><E118/><V52/><F52/><W72/><G40/><T100/><D107/><U121/><E121/><V110/><F110/><W76/><G3/><T114/><D100/><U10/><E117/><V9/><F9/><W133/><G133/><T0/><D0/><U24/><E24/><V44/><F44/><W135/><G45/><T2/><D2/><U53/><E68/><V60/><F60/><W37/><G135/><T89/><D23/><U102/><E58/><V50/><F50/><W93/><G37/><T56/><D20/><U134/><E134/><V54/><F54/><W51/><G51/><T112/><D21/><U73/><E53/><V47/><F47/><W49/><G49/><T7/><D114/><U115/><E115/><V91/><F91/><N who="0" m="34890" /><D112/><U5/><E102/><V67/><F67/><W87/><G11/><T69/><D69/><RYUUKYOKU ba="0,1" sc="206,-10,309,-10,255,30,220,-10" hai2="6,8,14,36,42,46,64,66,77,83,90,94,97" /><INIT seed="6,1,1,0,0,29" ten="196,299,285,210" oya="2" hai0="103,28,18,49,10,61,40,133,70,67,64,37,27" hai1="71,82,1,21,81,44,12,51,90,42,65,76,4" hai2="115,113,128,45,32,57,106,112,20,0,6,56,89" hai3="101,52,46,66,60,109,114,105,104,39,59,107,95"/><V87/><F106/><W41/><G109/><T24/><D133/><U127/><E127/><V26/><F128/><W125/><G125/><T69/><D37/><U35/><E35/><V116/><F116/><W130/><G130/><T25/><D49/><U91/><E1/><V108/><F108/><W92/><G114/><T5/><D40/><U68/><E82/><V78/><F78/><W58/><REACH who="3" step="1"/><G101/><REACH who="3" ten="196,299,285,200" step="2"/><T123/><D103/><U38/><E38/><V14/><F115/><W126/><G126/><T9/><D123/><U73/><E91/><V132/><F89/><W129/><G129/><T55/><D28/><U30/><E90/><V63/><F113/><W22/><G22/><T11/><D18/><U17/><E30/><V80/><F20/><W54/><G54/><T96/><D5/><U15/><E65/><V16/><F16/><W97/><G97/><T111/><D111/><U102/><E102/><V34/><F6/><W98/><G98/><T31/><D31/><U84/><E73/><V62/><F112/><W74/><G74/><T134/><D96/><U85/><E85/><V117/><F87/><W99/><G99/><T43/><D55/><U2/><E2/><V48/><F0/><W121/><G121/><T94/><D134/><U8/><AGARI ba="1,2" hai="4,8,12,15,17,21,42,44,51,68,71,76,81,84" machi="8" ten="30,4000,0" yaku="0,1,25,2" doraHai="29" who="1" fromWho="1" sc="196,-11,299,63,285,-21,200,-11" /><INIT seed="7,0,0,0,2,91" ten="185,362,264,189" oya="3" hai0="119,37,13,125,42,129,41,100,46,112,32,2,17" hai1="70,19,10,84,115,78,124,52,55,99,20,122,50" hai2="45,30,65,44,36,21,56,86,48,105,31,60,66" hai3="94,80,109,111,7,79,12,93,98,77,95,92,72"/><W81/><G7/><T35/><D119/><U9/><E122/><V27/><F105/><W110/><G12/><T4/><D42/><U132/><E70/><V51/><F36/><W71/><G71/><T39/><D39/><U0/><E132/><V53/><F31/><W6/><G6/><T59/><D100/><U1/><E115/><V118/><F118/><W18/><G18/><T63/><D112/><U38/><E38/><V40/><REACH who="2" step="1"/><F86/><REACH who="2" ten="185,362,254,189" step="2"/><N who="3" m="48399" /><G93/><T97/><D37/><U76/><E84/><V5/><F5/><W3/><G3/><T88/><D4/><U58/><E1/><V131/><F131/><W113/><G113/><T116/><D2/><U89/><E0/><V64/><AGARI ba="0,1" hai="21,27,30,40,44,45,48,51,53,56,60,64,65,66" machi="64" ten="20,5200,0" yaku="1,1,0,1,7,1,8,1,53,0" doraHai="91" doraHaiUra="120" who="2" fromWho="2" sc="185,-13,362,-13,254,62,189,-26" owari="172,-23.0,349,45.0,316,12.0,163,-34.0" /></mjloggm>