<mjloggm ver="2.3"><GO type="169" lobby="0"/><UN n0="%EF%BC%BC%28%EF%BC%BE%6F%EF%BC%BE%29%EF%BC%8F%E2%98%85" n1="%6E%65%6F%40%75%6E%69" n2="%E3%81%8F%E3%82%8B%E3%82%8B" n3="%EF%BC%88%E2%89%A7%E2%96%BD%E2%89%A6%EF%BC%89" dan="17,17,17,17" rate="2164.32,2196.01,2164.15,2146.95" sx="M,M,M,M"/><TAIKYOKU oya="0"/><INIT seed="0,0,0,3,3,80" ten="250,250,250,250" oya="0" hai0="105,116,100,33,74,17,112,28,110,55,129,39,19" hai1="86,11,124,71,68,114,43,96,78,53,57,65,92" hai2="27,128,34,84,0,123,94,15,9,98,99,3,50" hai3="54,2,76,5,87,90,7,108,26,118,95,48,31"/><T13/><D74/><U79/><E114/><V18/><F123/><W32/><G118/><T106/><D39/><U83/><E124/><V21/><F128/><W49/><G108/><T12/><D112/><U122/><E79/><V73/><F73/><W126/><G126/><T10/><D116/><U132/><E122/><V91/><F34/><W23/><G2/><T63/><D110/><U22/><E43/><V135/><F135/><W88/><G76/><T35/><D129/><U41/><E41/><V111/><F111/><W51/><G32/><T30/><D100/><U60/><E132/><V109/><F109/><W133/><G133/><T45/><D63/><U38/><E38/><V69/><F69/><W4/><REACH who="3" step="1"/><G90/><REACH who="3" ten="250,250,250,240" step="2"/><T47/><D33/><U70/><E22/><V93/><F0/><W64/><G64/><T58/><D35/><U36/><E36/><V130/><F3/><W66/><G66/><T20/><D20/><U121/><E121/><V56/><F130/><W67/><G67/><T119/><D119/><U77/><E78/><V29/><REACH who="2" step="1"/><F94/><REACH who="2" ten="250,250,240,240" step="2"/><W52/><AGARI ba="0,2" hai="4,5,7,23,26,31,48,49,51,52,54,87,88,95" machi="52" ten="40,12000,2" yaku="1,1,0,1,8,1,52,1,54,2,53,0" doraHai="80" doraHaiUra="59" who="3" fromWho="3" sc="250,-60,250,-30,240,-30,240,140" /><INIT seed="1,0,0,3,4,84" ten="190,220,210,380" oya="1" hai0="128,21,80,105,60,116,65,130,27,29,56,89,18" hai1="113,66,46,115,64,123,125,24,51,48,2,91,122" hai2="61,86,38,98,41,30,63,16,82,13,132,8,54" hai3="111,102,9,19,104,127,120,10,110,112,37,108,134"/><U49/><E2/><V40/><F132/><W119/><G120/><N who="1" m="46122" /><E24/><V78/><F30/><W124/><G112/><N who="1" m="43082" /><E91/><V45/><F40/><W39/><G119/><T68/><D116/><U133/><E133/><V101/><REACH who="2" step="1"/><F54/><REACH who="2" ten="190,220,200,380" step="2"/><W95/><G134/><T50/><D29/><U11/><E11/><V36/><F36/><W20/><G39/><T28/><D28/><U44/><E125/><V129/><F129/><W131/><G37/><T100/><D130/><U96/><E96/><V106/><AGARI ba="0,1" hai="8,13,16,38,41,45,61,63,78,82,86,98,101,106" machi="106" ten="20,5200,0" yaku="1,1,0,1,7,1,54,1,53,0" doraHai="84" doraHaiUra="126" who="2" fromWho="2" sc="190,-13,220,-26,200,62,380,-13" /><INIT seed="2,0,0,1,5,16" ten="177,194,262,367" oya="2" hai0="23,122,91,45,44,17,2,77,29,33,64,7,134" hai1="50,22,86,125,14,62,112,6,52,133,128,129,103" hai2="21,105,135,98,97,35,116,108,75,93,43,107,101" hai3="56,40,70,69,123,19,106,25,5,68,111,92,124"/><V54/><F35/><W32/><G106/><T26/><D122/><U9/><E112/><V34/><F116/><W63/><G123/><T88/><D77/><U118/><E118/><V89/><F34/><W15/><G124/><T46/><D64/><U66/><E125/><V48/><F43/><W28/><G111/><T37/><D37/><U81/><E103/><V3/><F3/><W99/><G40/><T36/><D36/><U79/><E133/><V67/><F75/><W94/><G5/><T20/><D134/><U53/><E22/><V78/><F78/><W95/><G99/><T110/><D110/><U10/><E10/><V55/><F67/><W83/><G83/><T115/><D115/><U74/><E74/><V96/><F108/><W47/><G47/><T114/><D114/><U71/><REACH who="1" step="1"/><E53/><REACH who="1" ten="177,184,262,367" step="2"/><V127/><F127/><W113/><G113/><T72/><D72/><U24/><E24/><V76/><F101/><W41/><G41/><T84/><D23/><U117/><E117/><V12/><F105/><W1/><G25/><T13/><D84/><U58/><AGARI ba="0,1" hai="6,9,14,50,52,58,62,66,71,79,81,86,128,129" machi="58" ten="30,7900,0" yaku="1,1,0,1,54,1,53,1" doraHai="16" doraHaiUra="0" who="1" fromWho="1" sc="177,-20,184,89,262,-39,367,-20" /><INIT seed="3,0,0,2,2,70" ten="157,273,223,347" oya="3" hai0="115,56,60,88,12,111,11,78,89,45,94,41,38" hai1="13,42,26,50,71,110,83,123,130,32,49,95,121" hai2="19,51,91,73,55,75,3,103,28,117,34,48,96" hai3="61,93,4,6,17,44,128,87,126,36,85,58,10"/><W16/><G128/><T8/><D115/><U66/><E130/><V127/><F117/><W2/><G126/><T106/><D106/><U125/><E125/><V29/><F127/><W107/><G107/><T86/><D111/><U46/><E110/><V100/><F3/><W99/><G4/><T119/><D119/><U25/><E49/><V57/><F91/><W84/><G44/><T31/><D78/><U79/><E95/><V53/><F19/><W76/><G36/><T52/><D31/><U23/><E13/><V7/><F7/><W72/><G72/><T134/><D134/><U37/><E50/><V62/><F62/><W132/><G76/><T114/><D114/><U30/><E66/><V105/><F34/><W39/><G39/><T47/><D12/><U135/><E71/><V97/><F105/><W80/><G80/><T90/><D45/><U27/><E135/><V118/><F118/><W74/><G74/><T35/><D35/><U14/><E14/><V20/><F57/><W108/><G132/><T43/><REACH who="0" step="1"/><D41/><REACH who="0" ten="147,273,223,347" step="2"/><U104/><E104/><V15/><F15/><N who="3" m="5591" /><G108/><T101/><D101/><U124/><E124/><V18/><F103/><N who="3" m="60911" /><G2/><T81/><D81/><U82/><E82/><V40/><F100/><W67/><AGARI ba="0,1" hai="16,17,58,61,67,84,85,87" m="60911,5591" machi="67" ten="30,3000,0" yaku="8,1,54,1" doraHai="70" who="3" fromWho="3" sc="147,-10,273,-10,223,-10,347,40" /><INIT seed="3,1,0,0,3,30" ten="137,263,213,387" oya="3" hai0="115,79,9,89,45,23,31,18,119,34,75,25,17" hai1="53,7,134,37,94,109,35,33,91,82,101,121,127" hai2="108,90,126,110,27,130,76,32,85,49,46,131,88" hai3="74,41,78,117,62,95,73,128,81,29,69,48,96"/><W105/><G105/><T26/><D119/><U3/><E121/><V100/><F126/><W39/><G39/><T38/><D115/><U8/><E37/><V67/><F67/><W43/><G74/><T116/><D116/><U114/><E114/><V1/><F1/><W123/><G123/><T15/><D89/><U11/><E11/><V125/><F100/><W51/><G29/><T92/><D92/><U13/><E3/><V5/><F5/><W99/><G99/><T42/><REACH who="0" step="1"/><D75/><REACH who="0" ten="127,263,213,387" step="2"/><U129/><E91/><V135/><F90/><W98/><G95/><T111/><D111/><U10/><E109/><V122/><F110/><W97/><G73/><T6/><D6/><U63/><E94/><V107/><F88/><W77/><G117/><T80/><D80/><U55/><E7/><V0/><F108/><W40/><G81/><T113/><D113/><U71/><E82/><V44/><F122/><W36/><G98/><T58/><D58/><U4/><E4/><V20/><F107/><W132/><G96/><T120/><D120/><U106/><E106/><V52/><F125/><W19/><G97/><T83/><D83/><U87/><E127/><V112/><F112/><W93/><G93/><T16/><D16/><U61/><E101/><V124/><F124/><W68/><G19/><T66/><D66/><U24/><E87/><V133/><F85/><W64/><G64/><T103/><D103/><U84/><E84/><V72/><F72/><W54/><G69/><T47/><D47/><U104/><E71/><V21/><F46/><N who="3" m="25695" /><G68/><T12/><D12/><U57/><E13/><RYUUKYOKU ba="1,1" sc="127,30,263,-10,213,-10,387,-10" hai0="9,15,17,18,23,25,26,31,34,38,42,45,79" /><INIT seed="4,2,1,5,2,77" ten="157,253,203,377" oya="0" hai0="6,56,66,100,48,118,104,81,91,70,126,12,85" hai1="61,58,11,37,105,45,0,117,69,122,17,32,1" hai2="98,130,113,92,132,5,3,47,95,112,27,67,46" hai3="93,35,115,102,103,124,16,55,108,87,54,106,129"/><T86/><D118/><U63/><E117/><V74/><F74/><W62/><G35/><T116/><D116/><U123/><E105/><V53/><F67/><W68/><G108/><T50/><D70/><U39/><E32/><V43/><F132/><W71/><G106/><T125/><D86/><U4/><E1/><V59/><F130/><W31/><G31/><T22/><D104/><U78/><E17/><V111/><F111/><W51/><G129/><T64/><D100/><U127/><E127/><N who="0" m="48649" /><D22/><U75/><E39/><V79/><F79/><W44/><G71/><T133/><D133/><U128/><E128/><V135/><F135/><W99/><G68/><T110/><D110/><U38/><E38/><V14/><F3/><W114/><G87/><T49/><D56/><U57/><E57/><V7/><F59/><N who="3" m="35199" /><G124/><T24/><D24/><U18/><E58/><V65/><F27/><W20/><G102/><T41/><D41/><N who="1" m="22703" /><E69/><V84/><F43/><W90/><G103/><T120/><D120/><U94/><E122/><V30/><F84/><W36/><G36/><T97/><D97/><U82/><E123/><V8/><F98/><W134/><G134/><T80/><D80/><U23/><E94/><V13/><F92/><W40/><G99/><T33/><D33/><U42/><E42/><V26/><F95/><W28/><G40/><T109/><D109/><U88/><E88/><V9/><F53/><W10/><G90/><T29/><D29/><U52/><E52/><V76/><F30/><W96/><G96/><T19/><D6/><U107/><E107/><V119/><F5/><RYUUKYOKU ba="2,1" sc="157,15,253,15,203,-15,377,-15" hai0="12,19,48,49,50,64,66,81,85,91" hai1="0,4,11,18,23,61,63,75,78,82" /><INIT seed="4,3,1,1,1,119" ten="172,268,188,362" oya="0" hai0="51,2,62,37,29,48,102,75,45,66,108,100,21" hai1="104,61,129,46,85,80,135,32,4,56,1,71,115" hai2="69,15,19,107,83,77,20,41,132,127,116,76,113" hai3="111,106,94,23,67,11,72,101,95,35,90,60,70"/><T88/><D75/><U5/><E71/><V57/><F69/><W43/><G72/><T9/><D37/><U0/><E32/><V33/><F33/><W125/><G111/><T27/><D108/><U17/><E104/><V54/><F107/><W31/><G125/><T114/><D114/><U34/><E34/><V36/><F116/><W40/><G23/><T117/><D117/><U112/><E17/><V109/><F109/><W52/><G11/><T7/><D51/><U124/><E46/><V47/><F132/><W49/><G94/><T79/><D79/><U86/><E135/><V65/><F113/><N who="1" m="43593" /><E129/><V10/><F127/><W55/><G35/><T39/><D39/><U97/><E97/><V121/><F65/><W131/><G131/><T87/><D66/><N who="1" m="39207" /><E86/><V128/><F128/><W25/><G70/><T64/><D64/><U13/><E13/><V59/><F77/><W68/><G106/><T26/><D26/><U118/><E118/><V110/><F110/><W28/><G25/><T98/><D98/><U126/><E126/><V91/><F76/><W12/><G12/><T74/><D74/><U78/><E124/><V134/><F134/><W92/><G31/><T53/><REACH who="0" step="1"/><D62/><REACH who="0" ten="162,268,188,362" step="2"/><U96/><E96/><V122/><F36/><W105/><G60/><T14/><D14/><U18/><E18/><V6/><F19/><W81/><G67/><T58/><D58/><U22/><E22/><V89/><F15/><W103/><G68/><T93/><AGARI ba="3,2" hai="2,7,9,21,27,29,45,48,53,87,88,93,100,102" machi="93" ten="20,7800,0" yaku="1,1,0,1,7,1,54,1,53,0" doraHai="119" doraHaiUra="73" who="0" fromWho="0" sc="162,107,268,-29,188,-29,362,-29" /><INIT seed="4,4,0,2,2,129" ten="269,239,159,333" oya="0" hai0="65,26,89,125,3,18,77,43,2,53,113,116,45" hai1="92,50,55,63,106,79,73,39,107,122,14,51,7" hai2="67,132,41,42,108,112,13,82,86,1,72,109,83" hai3="105,134,121,23,70,64,66,54,12,27,104,117,25"/><T93/><D116/><U99/><E39/><V81/><F1/><W60/><G117/><T68/><D77/><U29/><E122/><V124/><F112/><W6/><G121/><T37/><D113/><U103/><E29/><V78/><F67/><W11/><G66/><T38/><D38/><U31/><E31/><V110/><F124/><W133/><G54/><T61/><D125/><U102/><E63/><V17/><F132/><N who="3" m="50795" /><G27/><T44/><D26/><U4/><E55/><V119/><F119/><W36/><G36/><T22/><D53/><U101/><E106/><V94/><F94/><W5/><G6/><T8/><D93/><U128/><E4/><V100/><F100/><W87/><G87/><T127/><D65/><U126/><E7/><V21/><REACH who="2" step="1"/><F82/><REACH who="2" ten="269,239,149,333" step="2"/><W69/><G70/><T19/><D68/><U130/><E126/><V34/><F34/><W88/><G104/><T90/><D127/><U114/><E107/><V76/><AGARI ba="4,1" hai="13,17,21,41,42,72,76,78,81,83,86,108,109,110" machi="76" ten="40,2700,0" yaku="1,1,0,1,53,0" doraHai="129" doraHaiUra="62" who="2" fromWho="2" sc="269,-17,239,-11,149,49,333,-11" /><INIT seed="5,0,0,1,0,40" ten="252,228,198,322" oya="1" hai0="63,12,67,20,108,7,25,45,35,101,50,78,87" hai1="128,120,126,10,97,69,129,0,91,135,82,39,64" hai2="106,18,109,83,53,127,56,114,86,66,112,8,46" hai3="131,60,123,55,118,77,134,49,6,11,19,51,70"/><U15/><E120/><V132/><F106/><W13/><G123/><T124/><D108/><U4/><E126/><V17/><F109/><W96/><G118/><T44/><D35/><U81/><E135/><V76/><F132/><W122/><G122/><T88/><D101/><U94/><E39/><V79/><F76/><W38/><G38/><T24/><D78/><U68/><E0/><V75/><F75/><W113/><G134/><T92/><D124/><U119/><E119/><V28/><F28/><W27/><G113/><N who="2" m="43625" /><F127/><W3/><G77/><T115/><D115/><U111/><E111/><V65/><F8/><W133/><G133/><T89/><D89/><U121/><E121/><V32/><F32/><W1/><G1/><T74/><D74/><U130/><REACH who="1" step="1"/><E64/><REACH who="1" ten="252,218,198,322" step="2"/><V23/><F66/><W103/><G3/><T61/><D67/><U33/><E33/><V117/><F65/><W102/><G70/><AGARI ba="0,1" hai="4,10,15,68,69,70,81,82,91,94,97,128,129,130" machi="70" ten="50,4800,0" yaku="1,1,19,1,53,0" doraHai="40" doraHaiUra="100" who="1" fromWho="3" sc="252,0,218,58,198,0,322,-48" /><INIT seed="5,1,0,4,5,35" ten="252,276,198,274" oya="1" hai0="134,50,65,17,108,132,102,37,122,119,33,72,36" hai1="79,54,7,126,31,131,127,55,0,10,116,59,105" hai2="27,123,135,18,38,90,109,100,29,68,133,43,25" hai3="86,21,73,19,88,89,9,78,13,111,75,14,113"/><U106/><E116/><V62/><F109/><W82/><G111/><T104/><D108/><U64/><E131/><V44/><F123/><W118/><G113/><T51/><D33/><U120/><E120/><V11/><F90/><W6/><G118/><T42/><D119/><U47/><E79/><V81/><F81/><W80/><REACH who="3" step="1"/><G89/><REACH who="3" ten="252,276,198,264" step="2"/><T52/><D122/><U96/><E127/><V20/><F135/><W28/><G28/><T71/><D134/><U57/><E31/><V5/><F133/><W4/><G4/><T124/><D132/><U12/><E126/><V87/><F29/><W101/><G101/><T67/><D102/><U63/><E96/><V60/><F100/><W91/><G91/><T130/><D124/><U69/><E106/><V84/><F27/><W40/><G40/><T45/><D42/><U76/><E105/><V16/><F18/><W49/><G49/><T48/><D48/><U117/><E117/><V23/><F25/><W107/><G107/><T112/><D104/><U3/><E76/><V2/><F16/><W66/><G66/><T32/><D51/><U98/><E98/><V46/><F43/><W41/><G41/><T56/><D50/><U8/><E47/><V77/><F46/><W53/><G53/><T34/><D45/><U115/><E115/><V74/><F44/><W1/><G1/><T103/><D112/><U92/><E3/><V15/><F2/><W83/><G83/><T121/><D121/><U58/><REACH who="1" step="1"/><E92/><REACH who="1" ten="252,266,198,264" step="2"/><V61/><F77/><W125/><G125/><T129/><D103/><U70/><E70/><V99/><F68/><RYUUKYOKU ba="1,2" sc="252,-15,266,15,198,-15,264,15" hai1="0,7,8,10,12,54,55,57,58,59,63,64,69" hai3="6,9,13,14,19,21,73,75,78,80,82,86,88" /><INIT seed="5,2,2,4,1,70" ten="237,281,183,279" oya="1" hai0="72,42,74,61,102,121,100,98,115,33,84,18,78" hai1="31,93,22,40,19,86,62,60,130,56,24,20,49" hai2="66,8,1,110,64,29,76,50,32,57,126,5,52" hai3="36,71,129,94,123,14,55,97,7,25,39,16,75"/><U117/><E130/><V111/><F76/><W95/><G71/><T119/><D33/><U68/><E68/><V46/><F126/><W81/><G123/><T63/><D119/><U134/><E134/><V89/><F32/><W12/><G129/><T106/><D121/><U99/><E86/><V10/><F29/><W124/><G124/><T17/><D115/><U116/><E116/><V45/><F89/><W0/><G0/><T128/><D128/><U118/><E118/><V87/><F87/><W28/><G75/><T65/><D84/><U80/><E80/><V48/><F10/><N who="3" m="4191" /><G36/><T37/><D100/><U13/><E117/><V82/><F82/><W53/><G39/><T77/><D77/><U6/><E6/><V88/><F88/><N who="3" m="55495" /><G95/><T30/><D37/><U120/><E120/><V132/><F132/><W4/><G4/><T15/><D74/><U92/><E92/><V79/><F79/><W43/><G43/><T91/><D42/><U109/><E40/><V83/><F83/><W133/><G81/><T11/><D78/><U35/><E109/><V3/><F3/><W67/><G67/><N who="2" m="25641" /><F110/><W23/><G133/><T105/><D72/><U101/><REACH who="1" step="1"/><E35/><REACH who="1" ten="237,271,183,279" step="2"/><V127/><F111/><W135/><G135/><T59/><D106/><U21/><E21/><AGARI ba="2,3" hai="14,16,21,23,25,28,53,55" m="55495,4191" machi="21" ten="30,3900,0" yaku="8,1,54,2" doraHai="70" who="3" fromWho="1" sc="237,0,271,-45,183,0,279,75" /><INIT seed="6,0,0,4,2,10" ten="237,226,183,354" oya="2" hai0="112,97,44,19,101,80,88,109,0,18,31,58,21" hai1="85,3,124,4,42,129,81,105,23,56,95,111,100" hai2="91,26,84,130,50,52,78,106,82,92,41,126,116" hai3="33,62,131,22,113,68,71,117,74,55,69,90,122"/><V39/><F116/><W9/><G33/><T64/><D109/><U63/><E111/><V45/><F126/><W75/><G117/><T83/><D0/><U115/><E105/><V35/><F130/><W54/><G122/><T104/><D112/><U48/><E115/><V127/><F127/><W120/><G120/><T6/><D104/><U96/><E129/><V24/><F106/><W57/><G131/><T134/><D6/><U79/><E124/><V61/><F35/><W7/><G113/><T25/><D134/><U133/><E133/><V110/><F61/><W28/><G55/><T16/><D44/><N who="1" m="25623" /><E3/><V37/><F110/><W47/><G47/><T46/><D46/><U8/><E23/><V27/><REACH who="2" step="1"/><F41/><REACH who="2" ten="237,226,173,354" step="2"/><W49/><G62/><N who="0" m="37975" /><D101/><U14/><E63/><V70/><F70/><W40/><G40/><T36/><D36/><U15/><E56/><V1/><F1/><W43/><G43/><T11/><D11/><U73/><E73/><AGARI ba="0,1" hai="24,26,27,37,39,45,50,52,73,78,82,84,91,92" machi="73" ten="40,3900,0" yaku="1,1,54,1,53,0" doraHai="10" doraHaiUra="98" who="2" fromWho="1" sc="237,0,226,-39,173,49,354,0" /><INIT seed="6,1,0,0,5,66" ten="237,187,222,354" oya="2" hai0="108,27,76,130,29,0,48,99,73,28,2,91,101" hai1="100,125,31,1,89,78,123,46,95,124,7,74,107" hai2="61,83,127,17,47,10,16,109,122,20,104,102,40" hai3="51,5,113,35,134,96,11,115,120,92,128,43,86"/><V33/><F122/><W44/><G120/><T88/><D108/><U77/><E123/><V82/><F33/><W94/><G35/><T75/><D130/><U93/><E31/><V23/><F109/><W14/><G134/><T63/><D48/><U15/><E1/><V84/><F61/><W79/><G128/><T133/><D133/><U56/><E46/><V64/><F64/><W110/><G110/><T37/><D37/><U103/><E56/><V81/><F127/><N who="1" m="48713" /><E15/><N who="2" m="7287" /><F102/><N who="1" m="38953" /><E7/><V58/><F104/><W19/><G19/><T90/><D63/><U3/><E3/><V98/><F98/><W126/><G96/><T106/><D76/><N who="1" m="29291" /><E107/><V30/><F58/><W55/><G126/><T71/><D71/><U97/><E95/><N who="3" m="36394" /><G55/><T72/><REACH who="0" step="1"/><D29/><REACH who="0" ten="227,187,222,354" step="2"/><U45/><E45/><V50/><F30/><W85/><G44/><T13/><D13/><U112/><E112/><V111/><F111/><W25/><G115/><T118/><D118/><U116/><E74/><V39/><F39/><W57/><G113/><T70/><D70/><U8/><E8/><V32/><F32/><AGARI ba="1,1" hai="0,2,27,28,32,72,73,75,88,90,91,99,101,106" machi="32" ten="50,3200,0" yaku="1,1,54,1,53,0" doraHai="66" doraHaiUra="132" who="0" fromWho="2" sc="227,45,187,0,222,-35,354,0" /><INIT seed="7,0,0,1,1,77" ten="272,187,187,354" oya="3" hai0="0,38,128,69,44,118,36,131,18,113,48,101,76" hai1="79,1,71,111,97,102,8,110,4,129,112,123,3" hai2="52,20,7,14,94,10,87,9,109,51,96,108,119" hai3="41,22,124,5,89,90,25,27,100,103,64,121,66"/><W115/><G121/><T95/><D0/><U13/><E123/><V86/><F119/><W62/><G124/><T32/><D32/><U70/><E79/><V65/><F65/><W30/><G41/><T98/><D98/><U74/><E74/><V114/><F114/><W16/><G5/><T68/><D95/><U19/><E112/><V6/><F108/><W82/><G115/><T26/><D101/><U50/><E129/><V12/><F20/><N who="3" m="15719" /><G89/><T60/><D76/><U72/><E72/><V105/><F105/><W92/><G82/><T127/><D18/><U2/><E4/><V120/><F109/><W17/><G17/><T57/><D26/><U46/><E111/><V85/><F120/><W63/><G103/><T117/><D127/><U40/><E110/><V122/><F122/><W104/><G100/><T53/><D113/><U135/><E135/><V75/><F75/><W61/><G104/><T67/><D118/><U107/><AGARI ba="0,0" hai="1,2,3,8,13,19,40,46,50,70,71,97,102,107" machi="107" ten="30,1100,0" yaku="0,1" doraHai="77" who="1" fromWho="1" sc="272,-3,187,11,187,-3,354,-5" owari="269,7.0,198,-20.0,184,-32.0,349,45.0" /></mjloggm>