<mjloggm ver="2.3"><GO type="169"/><UN n0="%6D%69%69%6B%6F" n1="%EF%BC%88%E2%89%A7%E2%96%BD%E2%89%A6%EF%BC%89" n2="%E5%A4%A9%E6%B5%B7%E9%9B%AA%E8%8F%9C" n3="%65%69%63%68%69%72%6F" dan="17,18,16,16" rate="2167,2240,2079,2025" sx="M,M,F,M"/><TAIKYOKU oya="0"/><INIT seed="0,0,0,5,3,115" ten="250,250,250,250" oya="0" hai0="129,109,98,49,83,133,60,13,103,51,77,84,48" hai1="47,59,123,45,24,3,23,29,70,28,79,101,12" hai2="94,128,44,76,100,119,73,105,66,85,67,130,80" hai3="58,91,9,35,32,126,4,118,81,63,46,7,124"/><T50/><D133/><U125/><E70/><V96/><F44/><W5/><G9/><T112/><D112/><U87/><E3/><V93/><F66/><W52/><G46/><T122/><D122/><U15/><E123/><V110/><F67/><W31/><G118/><T41/><D129/><N who="2" m="49770" /><F110/><W65/><G65/><T38/><D38/><U25/><E125/><N who="3" m="48234" /><G31/><T36/><D36/><U107/><E107/><V92/><F119/><W2/><G2/><T1/><D1/><U61/><E101/><V54/><F54/><W16/><G16/><T121/><D121/><U6/><E6/><V43/><F43/><W114/><G114/><T30/><D109/><U82/><E45/><V14/><F14/><W39/><G39/><T11/><D30/><U106/><E106/><V120/><F120/><W21/><G21/><T64/><D41/><U111/><E47/><V135/><F135/><W37/><G37/><T26/><D26/><U62/><E111/><V131/><N who="2" m="49778" /><V69/><DORA hai="86" /><F69/><W0/><G0/><T99/><D103/><U132/><E132/><V117/><F117/><W8/><G8/><T75/><D75/><AGARI ba="0,0" hai="73,75,76,80,85,92,93,94,96,100,105" m="49778" machi="75" ten="50,6400,0" yaku="19,1,34,2" doraHai="115,86" who="2" fromWho="0" sc="250,-64,250,0,250,64,250,0" /><INIT seed="1,0,0,4,2,59" ten="186,250,314,250" oya="1" hai0="49,39,50,78,47,8,107,122,30,68,31,84,131" hai1="74,83,109,94,24,133,124,132,29,34,73,105,125" hai2="56,116,81,52,36,127,70,75,48,118,76,108,111" hai3="96,135,101,67,93,82,14,33,92,64,22,58,87"/><U88/><E105/><V28/><F36/><W113/><G33/><T53/><D107/><U7/><E7/><V97/><F127/><N who="1" m="48713" /><E109/><N who="2" m="42059" /><F28/><W46/><G113/><T95/><D39/><U128/><E83/><V62/><F97/><W19/><G135/><N who="1" m="51786" /><E128/><V79/><F79/><N who="3" m="46559" /><G46/><T18/><D78/><U21/><E34/><V129/><F129/><W25/><G92/><T61/><D95/><U106/><E106/><V89/><F89/><W134/><G134/><T80/><D122/><U115/><E115/><V98/><F98/><AGARI ba="0,0" hai="21,24,29,73,74,88,94,98" m="51786,48713" machi="98" ten="30,5800,0" yaku="18,1,20,1,54,1" doraHai="59" who="1" fromWho="2" sc="186,0,250,58,314,-58,250,0" /><INIT seed="1,1,0,2,5,90" ten="186,308,256,250" oya="1" hai0="53,52,46,34,28,69,135,65,134,80,51,91,109" hai1="10,44,38,98,131,9,117,20,76,114,0,14,103" hai2="94,111,56,59,43,83,35,102,119,125,72,39,24" hai3="64,82,32,124,4,126,122,104,120,58,118,132,93"/><U99/><E117/><V70/><F119/><W87/><G32/><T42/><D109/><U95/><E114/><V3/><F111/><W123/><G4/><T84/><D28/><U108/><E108/><V66/><F3/><W100/><G118/><T86/><D34/><U54/><E131/><V107/><F125/><N who="3" m="48235" /><G64/><T50/><D69/><U57/><E76/><V2/><F2/><W48/><G58/><T121/><D65/><U113/><E113/><V55/><F39/><W33/><G48/><T116/><D116/><U25/><E0/><V37/><F43/><W101/><G33/><T60/><D121/><U22/><E99/><V27/><F37/><W16/><G16/><T89/><D60/><N who="1" m="35895" /><E44/><V112/><F112/><W77/><G132/><N who="0" m="50731" /><D51/><U6/><E38/><V13/><F70/><W78/><G78/><T61/><D61/><U127/><E127/><V23/><F66/><W110/><G110/><T81/><AGARI ba="1,0" hai="42,46,50,52,53,80,81,84,86,89,91" m="50731" machi="81" ten="30,2000,0" yaku="20,1,54,1" doraHai="90" who="0" fromWho="0" sc="186,23,308,-11,256,-6,250,-6" /><INIT seed="2,0,0,2,1,72" ten="209,297,250,244" oya="2" hai0="120,132,93,27,14,79,103,12,74,86,18,134,10" hai1="99,66,52,88,3,11,114,35,89,91,26,118,126" hai2="97,82,115,59,33,125,90,19,38,98,13,63,92" hai3="29,113,56,61,73,124,22,85,28,34,46,109,9"/><V44/><F115/><W80/><G34/><T17/><D120/><U20/><E118/><V95/><F33/><W53/><G113/><T49/><D27/><U23/><E114/><V83/><F125/><W106/><G106/><T102/><D74/><U62/><E126/><V77/><F38/><W43/><G73/><T100/><D49/><U54/><E35/><V6/><F44/><W135/><G124/><T111/><D111/><U47/><E99/><V81/><F6/><W51/><G135/><T122/><D122/><U68/><E47/><V110/><F110/><W70/><G109/><T25/><D25/><U130/><E130/><V16/><F13/><W30/><G9/><T55/><D55/><U57/><E68/><V31/><F31/><W104/><G104/><T1/><D1/><U60/><E60/><V4/><F4/><W127/><G127/><T129/><D129/><U8/><E23/><V87/><F81/><W71/><REACH who="3" step="1"/><G22/><REACH who="3" ten="209,297,250,234" step="2"/><N who="0" m="11559" /><D134/><U117/><E117/><V32/><F32/><W65/><G65/><T45/><D132/><U42/><E3/><V133/><F133/><W107/><G107/><T116/><D116/><U75/><E75/><V36/><F36/><W96/><G96/><T101/><D10/><N who="1" m="3627" /><E42/><V37/><F37/><W58/><G58/><T84/><D45/><U50/><E50/><V2/><F2/><W105/><G105/><T48/><D48/><U7/><E7/><V78/><F98/><W39/><G39/><T21/><D86/><U121/><E121/><V15/><F87/><W128/><G128/><T119/><D119/><U94/><E94/><RYUUKYOKU ba="0,1" sc="209,-15,297,15,250,-15,234,15" hai1="20,26,52,54,57,62,66,88,89,91" hai3="28,29,30,43,46,51,53,56,61,70,71,80,85" /><INIT seed="3,1,1,4,2,38" ten="194,312,235,249" oya="3" hai0="25,15,13,84,3,44,5,77,36,10,67,109,126" hai1="33,29,72,24,82,62,14,75,102,26,22,80,71" hai2="133,6,134,64,106,12,90,81,20,113,53,1,117" hai3="61,118,7,32,40,46,42,58,52,111,129,95,30"/><W19/><G118/><T50/><D109/><U127/><E127/><V79/><F117/><W56/><G111/><T76/><D36/><U66/><E14/><V4/><F106/><W108/><G108/><T78/><D67/><U39/><E39/><V65/><F113/><W41/><G129/><T9/><D126/><U11/><E11/><V96/><F1/><W18/><G7/><T107/><D107/><U17/><REACH who="1" step="1"/><E102/><REACH who="1" ten="194,302,235,249" step="2"/><V89/><F133/><W68/><G68/><T99/><D10/><U28/><E28/><V122/><F134/><W121/><G121/><T103/><D13/><U123/><E123/><V92/><F122/><W23/><G32/><T55/><D3/><U43/><E43/><V105/><F12/><W112/><G112/><T57/><D25/><U69/><E69/><V0/><F0/><W110/><G110/><T47/><D103/><U88/><E88/><V45/><F89/><W91/><G46/><T54/><D44/><U94/><E94/><V135/><F135/><W104/><G104/><T16/><D47/><U31/><E31/><V74/><F105/><W130/><G130/><T49/><D9/><U93/><E93/><V34/><F34/><W87/><G56/><T60/><D57/><U115/><E115/><V8/><F20/><W21/><G23/><T128/><D128/><U83/><AGARI ba="1,2" hai="17,22,24,26,29,33,62,66,71,72,75,80,82,83" machi="83" ten="30,2000,0" yaku="1,1,0,1,53,0" doraHai="38" doraHaiUra="101" who="1" fromWho="1" sc="194,-6,302,43,235,-6,249,-11" /><INIT seed="4,0,0,1,0,64" ten="188,345,229,238" oya="0" hai0="114,81,122,43,2,105,93,113,85,18,127,61,106" hai1="73,57,101,4,16,77,87,89,34,59,38,44,134" hai2="25,68,50,52,111,78,41,79,47,49,11,63,98" hai3="82,32,90,14,40,135,13,133,23,91,121,107,19"/><T21/><D2/><U132/><E34/><V108/><F98/><W10/><G32/><T39/><D122/><U72/><E101/><V5/><F25/><W119/><G119/><T103/><D127/><U26/><E4/><V27/><F27/><W35/><G35/><T66/><D43/><N who="1" m="22647" /><E77/><V124/><F124/><W80/><G40/><T118/><D39/><U76/><E76/><V33/><F33/><W131/><G107/><T74/><D118/><U97/><E97/><V94/><F94/><W116/><G116/><T67/><D74/><U12/><E26/><V88/><F88/><N who="3" m="33835" /><G131/><T29/><D93/><N who="1" m="54463" /><E73/><V30/><F30/><W96/><G96/><T102/><D29/><U100/><E100/><V55/><F78/><W62/><G62/><T28/><D28/><U17/><E17/><V3/><F79/><W46/><G46/><T15/><D103/><U112/><E72/><V70/><F41/><W1/><G1/><T22/><D102/><U0/><E0/><V8/><F63/><W69/><G121/><T65/><D61/><U58/><E58/><V120/><F120/><W128/><G128/><T54/><D85/><U129/><E129/><V86/><F86/><W7/><G69/><N who="2" m="26729" /><F3/><W110/><G14/><N who="0" m="9431" /><D81/><U117/><E117/><V115/><F115/><N who="0" m="44042" /><D106/><U104/><E104/><V48/><F5/><W6/><G6/><T20/><D105/><U53/><E112/><V31/><F31/><W42/><G42/><T125/><D125/><U24/><E24/><V75/><F75/><W37/><G80/><T36/><D15/><U56/><E53/><N who="2" m="20555" /><F47/><W99/><G82/><RYUUKYOKU ba="0,0" sc="188,-15,345,15,229,15,238,-15" hai1="12,16,56,57,59,132,134" hai2="8,11,48,49,50,108,111" /><INIT seed="5,1,0,4,4,37" ten="173,360,244,223" oya="1" hai0="107,62,105,13,61,70,15,52,96,58,100,113,80" hai1="133,31,122,101,102,91,78,59,4,23,67,14,10" hai2="134,72,25,123,118,111,117,26,2,18,6,16,79" hai3="95,82,126,21,87,92,98,108,109,47,29,110,11"/><U84/><E78/><V33/><F79/><W127/><G11/><T40/><D113/><U36/><E36/><V53/><F72/><W41/><G29/><T24/><D107/><U106/><E106/><V1/><F53/><W22/><G22/><T132/><D132/><U112/><E112/><V43/><F134/><W99/><G21/><T86/><D24/><N who="2" m="9322" /><F43/><W81/><G47/><T50/><D62/><N who="1" m="38367" /><E122/><V19/><F123/><W64/><G64/><T66/><REACH who="0" step="1"/><D40/><REACH who="0" ten="163,360,244,223" step="2"/><U128/><E133/><V49/><F111/><W114/><G41/><T34/><D34/><U42/><E42/><V116/><F49/><W68/><G114/><T75/><D75/><U88/><E31/><V38/><F38/><W46/><G109/><T71/><D71/><U65/><E65/><V57/><F33/><W30/><G68/><T115/><D115/><U55/><E55/><V27/><F27/><W60/><G30/><T32/><D32/><U0/><E128/><V125/><F125/><W129/><G60/><T119/><D119/><U8/><E0/><N who="2" m="107" /><F57/><W45/><G129/><T35/><D35/><U120/><E120/><V77/><F77/><AGARI ba="1,1" hai="13,15,50,52,58,61,66,70,77,80,86,96,100,105" machi="77" ten="30,7700,0" yaku="1,1,7,1,54,1,53,1" doraHai="37" doraHaiUra="44" who="0" fromWho="2" sc="163,90,360,0,244,-80,223,0" /><INIT seed="6,0,0,4,0,19" ten="253,360,164,223" oya="2" hai0="8,72,115,127,130,41,96,58,43,33,125,120,45" hai1="42,78,52,36,46,103,109,86,38,34,99,32,47" hai2="133,82,22,132,68,114,92,4,1,111,39,85,35" hai3="64,80,116,107,51,63,70,89,7,135,75,113,105"/><V31/><F68/><W50/><G116/><T134/><D120/><U112/><E109/><V60/><F35/><W126/><G126/><T27/><D72/><U48/><E36/><V106/><F106/><W54/><G7/><T77/><D134/><N who="2" m="51818" /><F111/><W65/><G135/><T11/><D77/><U17/><E112/><V28/><F114/><W83/><G113/><T15/><D115/><U81/><E17/><V69/><F39/><W44/><G65/><T97/><D33/><U21/><E21/><V9/><F92/><AGARI ba="0,0" hai="32,34,38,42,46,47,48,52,78,81,86,92,99,103" machi="92" ten="30,2000,0" yaku="7,1,54,1" doraHai="19" who="1" fromWho="2" sc="253,0,360,20,164,-20,223,0" /><INIT seed="7,0,0,2,2,23" ten="253,380,144,223" oya="3" hai0="122,111,8,52,37,105,4,97,129,103,65,127,83" hai1="13,86,128,75,89,102,73,66,124,94,10,51,67" hai2="15,29,31,117,98,33,96,27,30,125,76,61,121" hai3="2,93,78,84,22,57,100,92,38,101,17,47,55"/><W0/><G38/><T54/><D65/><U40/><E124/><V112/><F117/><W43/><G0/><T48/><D111/><U88/><E128/><V12/><F76/><W113/><G2/><T82/><D127/><U64/><E102/><V16/><F125/><W39/><G113/><T134/><D134/><U123/><E123/><V1/><F112/><W74/><G74/><T5/><D37/><U110/><E110/><V46/><F121/><W118/><G118/><T106/><D106/><U34/><E34/><V19/><F1/><W35/><G35/><T91/><D54/><U20/><E20/><V108/><F108/><W9/><G9/><T70/><D70/><U63/><E63/><V42/><F61/><W69/><G69/><T116/><D129/><U109/><E109/><V90/><F33/><W18/><G18/><T99/><D4/><N who="1" m="3271" /><E75/><V11/><F90/><W14/><G92/><T24/><D91/><N who="1" m="53623" /><E73/><V85/><F85/><W80/><REACH who="3" step="1"/><G93/><REACH who="3" ten="253,380,144,213" step="2"/><T58/><D116/><U50/><E40/><V28/><N who="2" m="7168" /><DORA hai="21" /><V60/><F60/><AGARI ba="0,1" hai="14,17,22,39,43,47,55,57,60,78,80,84,100,101" machi="60" ten="30,2900,0" yaku="1,1,7,1,53,0" doraHai="23,21" doraHaiUra="104,3" who="3" fromWho="2" sc="253,0,380,0,144,-29,213,39" /><INIT seed="7,1,0,3,0,18" ten="253,380,115,252" oya="3" hai0="95,42,109,25,11,128,75,82,4,15,120,28,49" hai1="127,119,62,87,94,101,118,58,12,83,133,64,3" hai2="57,2,104,14,6,50,122,110,103,100,47,8,31" hai3="39,93,125,26,63,43,29,114,10,17,52,46,97"/><W96/><G114/><T22/><D109/><U70/><E3/><V80/><F110/><W116/><G116/><N who="1" m="44586" /><E127/><V67/><F122/><W38/><G125/><T113/><D128/><U20/><E133/><V41/><F104/><W78/><G78/><T32/><D113/><U37/><E37/><V68/><F68/><W60/><G38/><T71/><D71/><U48/><E48/><V121/><F121/><W40/><G40/><T81/><D95/><U84/><E58/><V19/><F2/><W55/><G63/><T51/><D75/><U134/><E134/><V77/><F31/><W1/><G60/><T27/><D51/><U76/><E101/><V30/><F30/><W106/><G96/><T99/><D99/><U88/><E20/><V59/><F19/><W132/><G132/><T56/><D120/><U123/><E123/><V35/><F35/><W89/><G106/><T74/><D56/><U23/><E23/><V21/><F21/><W5/><REACH who="3" step="1"/><G17/><REACH who="3" ten="253,380,115,242" step="2"/><T33/><D42/><U98/><E12/><V102/><REACH who="2" step="1"/><F67/><REACH who="2" ten="253,380,105,242" step="2"/><W0/><G0/><T44/><D28/><U36/><E36/><V7/><F7/><W79/><G79/><T117/><D4/><U126/><E126/><V53/><F53/><W111/><G111/><T129/><D117/><U54/><E54/><V34/><F34/><AGARI ba="1,2" hai="1,5,10,26,29,34,39,43,46,52,55,89,93,97" machi="34" ten="30,11600,0" yaku="1,1,7,1,54,1,53,1" doraHai="18" doraHaiUra="90" who="3" fromWho="2" sc="253,0,380,0,105,-119,242,139" owari="253,-15.0,380,18.0,-14,-51.0,381,48.0" /></mjloggm>