<mjloggm ver="2.3"><GO type="41"/><UN n0="%E5%85%AB%E5%8D%81%E6%97%A5%E9%96%93%E4%B8%96%E7%95%8C%E4%B8%80%E5%91%A8" n1="%E5%8D%97%E5%9B%BD%EF%BC%91%EF%BC%91" n2="%E5%8D%8A%E7%86%9F%E9%9B%80%E5%A3%AB" n3="%EF%BC%88%E2%89%A7%E2%96%BD%E2%89%A6%EF%BC%89" dan="14,14,14,14" rate="1899,1902,1980,2043" sx="M,M,M,M"/><TAIKYOKU oya="0"/><INIT seed="0,0,0,3,5,113" ten="250,250,250,250" oya="0" hai0="14,42,57,60,59,67,10,0,39,85,1,33,77" hai1="15,8,126,88,82,135,121,95,106,13,17,61,53" hai2="130,50,68,98,93,30,11,3,86,76,26,49,52" hai3="112,63,16,92,71,28,40,120,36,91,116,23,51"/><T115/><D115/><U32/><E106/><V134/><F68/><W108/><G112/><T118/><D33/><U55/><E121/><V20/><F130/><W7/><G36/><T97/><D97/><U75/><E32/><V41/><F134/><W131/><G120/><T107/><D107/><U127/><E135/><V103/><F41/><W133/><G131/><T56/><D39/><U45/><E15/><V69/><F69/><W122/><G133/><T12/><D42/><U83/><E55/><V25/><F25/><W114/><G114/><T44/><D12/><U27/><E27/><V89/><F76/><W117/><G71/><T125/><D44/><U5/><E5/><V24/><F24/><W109/><G108/><T129/><D129/><U94/><E94/><V84/><F50/><W72/><G72/><T34/><D34/><U58/><E45/><V119/><F3/><W46/><G109/><T132/><D132/><U35/><E35/><V87/><F11/><W104/><G104/><T37/><D37/><U73/><E83/><V100/><REACH who="2" step="1"/><F119/><REACH who="2" step="2"/><W66/><G117/><T96/><D118/><U79/><REACH who="1" step="1"/><E73/><REACH who="1" step="2"/><V64/><F64/><W110/><G122/><T9/><D0/><U80/><E80/><V99/><F99/><AGARI ba="0,2" hai="8,13,17,53,58,61,75,79,82,88,95,99,126,127" machi="99" ten="40,2600,0" yaku="1,1,54,1,53,0" doraHai="113" doraHaiUra="19" who="1" fromWho="2" sc="250,0,240,46,240,-26,250,0" /><INIT seed="1,0,0,3,0,5" ten="250,286,214,250" oya="1" hai0="18,44,61,28,38,126,132,82,4,83,10,129,49" hai1="86,40,95,81,23,107,100,135,2,74,113,57,19" hai2="94,11,68,37,114,54,6,117,71,30,36,72,70" hai3="42,65,47,7,121,89,53,108,64,106,97,67,9"/><U15/><E2/><V16/><F117/><W55/><G121/><T133/><D38/><U96/><E113/><V112/><F30/><W102/><G108/><T46/><D28/><U58/><E40/><V63/><F72/><W73/><G89/><T91/><D126/><U105/><E135/><V39/><F94/><W31/><G31/><T8/><D129/><U115/><E115/><N who="2" m="44075" /><F6/><W75/><G75/><T88/><D61/><U76/><REACH who="1" step="1"/><E107/><REACH who="1" step="2"/><V50/><F39/><W101/><G42/><T13/><D132/><U84/><E84/><V103/><F37/><W69/><G73/><T25/><D133/><U43/><E43/><V134/><F36/><W14/><G106/><T1/><D25/><U56/><E56/><V104/><F134/><W79/><G69/><T52/><D44/><U0/><E0/><V109/><F104/><W93/><G47/><T12/><D1/><U99/><E99/><V21/><F71/><W125/><G97/><T131/><D131/><U87/><E87/><V127/><F70/><W33/><G125/><T48/><D49/><U80/><E80/><AGARI ba="0,1" hai="4,8,10,12,13,18,46,48,52,80,82,83,88,91" machi="80" ten="40,8000,1" yaku="8,1,52,2,54,2" doraHai="5" who="0" fromWho="1" sc="250,90,276,-80,214,0,250,0" /><INIT seed="2,0,0,4,0,23" ten="340,196,214,250" oya="2" hai0="24,9,62,97,78,128,33,74,109,86,16,101,58" hai1="119,1,100,116,61,71,73,31,92,122,21,68,26" hai2="59,52,111,115,57,66,39,98,11,19,85,80,13" hai3="81,49,105,107,75,83,7,134,104,90,76,0,37"/><V63/><F115/><W69/><G37/><T106/><D109/><U43/><E73/><V28/><F39/><W8/><G134/><T131/><D9/><U54/><E1/><V84/><F111/><W99/><G69/><T91/><D33/><U36/><E122/><V94/><F28/><W93/><REACH who="3" step="1"/><G49/><REACH who="3" step="2"/><T113/><D113/><U15/><E68/><V3/><F3/><W64/><G64/><T29/><D29/><U95/><E119/><V17/><F17/><W102/><G102/><T135/><D135/><U127/><E116/><V5/><F19/><W42/><G42/><T41/><D41/><U72/><E43/><V123/><F123/><W117/><G117/><T14/><D62/><U120/><E36/><V132/><F132/><W32/><G32/><T112/><D112/><U108/><E120/><V38/><F38/><W46/><G46/><T18/><D18/><U89/><E108/><V130/><F130/><W126/><G126/><T96/><D58/><U110/><E127/><V129/><F129/><W10/><G10/><T60/><D60/><U48/><E61/><V47/><F47/><W25/><G25/><T88/><D24/><U44/><E71/><V56/><F66/><W27/><G27/><T30/><D30/><U87/><E31/><V35/><F35/><W53/><G53/><T22/><D128/><U79/><E26/><V65/><F65/><W77/><G77/><T55/><D55/><U45/><E54/><V103/><F52/><W2/><G2/><T51/><D131/><U50/><E110/><V20/><F63/><W6/><G6/><RYUUKYOKU ba="0,1" sc="340,-10,196,-10,214,-10,240,30" hai3="0,7,8,75,76,81,83,90,93,99,104,105,107" /><INIT seed="3,1,1,2,0,13" ten="330,186,204,270" oya="3" hai0="85,91,38,82,95,93,112,62,23,119,128,113,21" hai1="105,83,14,127,106,103,80,27,51,129,111,97,7" hai2="77,132,63,120,115,102,89,58,39,101,126,48,40" hai3="46,33,16,0,104,10,44,31,60,2,94,133,96"/><W6/><G104/><T50/><D38/><U72/><E129/><V56/><F115/><N who="0" m="44106" /><D119/><U75/><E27/><V130/><F39/><W4/><G133/><T61/><D128/><U43/><E43/><V55/><F130/><W45/><G60/><N who="0" m="23147" /><D50/><U116/><E51/><V100/><F132/><W11/><G33/><T69/><D69/><U17/><E7/><V74/><F120/><W88/><G31/><T90/><D82/><U125/><E14/><V65/><F126/><W15/><G45/><T99/><AGARI ba="1,1" hai="21,23,85,90,91,93,95,99" m="23147,44106" machi="99" ten="30,1100,0" yaku="11,1" doraHai="13" who="0" fromWho="0" sc="330,24,186,-4,204,-4,270,-6" /><INIT seed="4,0,0,3,1,31" ten="354,182,200,264" oya="0" hai0="120,127,64,24,125,37,44,59,84,92,74,57,9" hai1="22,12,79,108,30,73,6,28,76,55,4,39,85" hai2="130,53,83,86,34,132,1,97,133,126,71,46,40" hai3="88,106,122,98,107,117,72,7,33,15,48,20,99"/><T35/><D74/><U38/><E73/><V69/><F1/><W118/><G33/><T103/><D120/><U134/><E108/><V32/><F126/><N who="0" m="48138" /><D9/><U104/><E104/><V114/><F130/><W41/><G122/><T50/><D37/><U80/><E134/><N who="2" m="51819" /><F114/><W82/><G107/><T75/><D75/><U17/><E76/><N who="2" m="46439" /><F53/><W0/><G0/><T115/><D115/><U70/><E70/><N who="2" m="26635" /><F97/><W131/><G99/><N who="0" m="59879" /><D84/><U66/><E66/><V18/><F18/><W25/><G98/><T91/><D91/><U78/><E78/><V14/><F14/><W87/><G15/><T112/><D64/><U8/><E6/><V93/><F93/><W101/><G131/><T109/><D112/><U119/><E39/><AGARI ba="0,0" hai="32,34,39,40,46" m="26635,46439,51819" machi="39" ten="30,3900,0" yaku="20,1,52,2" doraHai="31" who="2" fromWho="1" sc="354,0,182,-39,200,39,264,0" /><INIT seed="5,0,0,1,4,49" ten="354,143,239,264" oya="1" hai0="63,120,69,132,94,108,117,19,85,133,122,11,16" hai1="127,46,33,30,96,2,31,112,14,74,90,6,115" hai2="101,118,84,78,104,125,26,51,70,34,9,66,100" hai3="110,13,65,15,92,123,131,38,4,83,53,54,59"/><U36/><E74/><V116/><F101/><W28/><G123/><N who="0" m="47147" /><D117/><U98/><E2/><V126/><F9/><N who="3" m="4263" /><G38/><T52/><D108/><U45/><E33/><V135/><F135/><N who="0" m="51786" /><D11/><U103/><E127/><N who="2" m="48651" /><F66/><W23/><G131/><T32/><D69/><U58/><E58/><V64/><F64/><W37/><G110/><T48/><D63/><U71/><E71/><V93/><F70/><W1/><G1/><T80/><D94/><U61/><E61/><V41/><F93/><W62/><G37/><T76/><D32/><U5/><E36/><V99/><F34/><W105/><G105/><T44/><AGARI ba="0,0" hai="16,19,44,48,52,76,80,85" m="51786,47147" machi="44" ten="30,8000,1" yaku="13,1,20,1,52,1,54,2" doraHai="49" who="0" fromWho="0" sc="354,80,143,-40,239,-20,264,-20" /><INIT seed="6,0,0,1,2,10" ten="434,103,219,244" oya="2" hai0="27,51,6,84,32,44,132,97,133,70,64,129,131" hai1="23,110,55,54,63,128,130,96,3,62,127,83,37" hai2="100,115,9,122,7,14,52,5,78,119,38,8,67" hai3="91,101,45,46,111,124,90,20,105,126,109,47,102"/><V43/><F122/><W107/><REACH who="3" step="1"/><G47/><REACH who="3" step="2"/><T16/><D6/><U80/><E3/><V87/><F119/><W86/><G86/><T2/><D2/><U17/><E96/><V60/><F115/><W33/><G33/><T135/><D97/><U66/><E37/><V123/><F123/><W56/><G56/><T94/><D70/><U104/><E104/><V12/><F38/><W72/><G72/><T93/><D84/><U118/><E118/><V73/><F73/><W35/><G35/><T116/><D116/><U117/><E117/><V57/><F43/><W71/><G71/><T95/><D32/><U41/><E41/><V29/><F29/><W15/><G15/><T21/><D64/><U108/><E66/><V121/><F121/><W88/><G88/><T42/><AGARI ba="0,1" hai="16,21,27,42,44,51,93,94,95,129,131,132,133,135" machi="42" ten="40,5200,0" yaku="0,1,20,1,54,1" doraHai="10" who="0" fromWho="0" sc="434,62,103,-13,219,-26,234,-13" /><INIT seed="7,0,0,4,3,24" ten="496,90,193,221" oya="3" hai0="62,91,86,35,46,135,126,83,23,114,70,52,133" hai1="42,38,77,19,4,63,50,129,28,116,134,89,51" hai2="118,85,131,117,32,6,110,54,41,1,55,74,22" hai3="102,10,113,13,53,122,123,68,66,3,107,115,21"/><W93/><G107/><T58/><D35/><U57/><E77/><V37/><F74/><W25/><G3/><T82/><D126/><U71/><E89/><V121/><F32/><W127/><G127/><T8/><D114/><N who="3" m="43529" /><G53/><T0/><D70/><U132/><E4/><V94/><F110/><W88/><G102/><T33/><D33/><U5/><E5/><V105/><F6/><N who="3" m="3287" /><G66/><T27/><D0/><U2/><E19/><V125/><F1/><W72/><G68/><T79/><D8/><U84/><E2/><V65/><F105/><W103/><G103/><T20/><D46/><U59/><E84/><V111/><F65/><W48/><G48/><T11/><D11/><U34/><E34/><V64/><F64/><W99/><G72/><T120/><D120/><U87/><E87/><V98/><F111/><W96/><G96/><T104/><D104/><U90/><E71/><V97/><F125/><W30/><AGARI ba="0,0" hai="21,25,30,88,93,99,122,123" m="3287,43529" machi="30" ten="30,6000,0" yaku="15,1,52,1,54,1" doraHai="24" who="3" fromWho="3" sc="496,-20,90,-20,193,-20,221,60" /><INIT seed="7,1,0,0,1,3" ten="476,70,173,281" oya="3" hai0="43,90,96,110,27,126,80,129,74,4,87,19,17" hai1="14,70,49,24,8,48,128,132,101,109,134,133,78" hai2="85,5,38,67,72,97,84,37,64,95,123,57,117" hai3="86,45,92,130,76,58,2,81,54,44,60,42,77"/><W0/><G130/><T83/><D110/><U36/><E78/><V115/><F72/><W12/><G77/><T46/><D129/><U108/><E70/><V35/><F35/><W39/><G92/><T102/><D126/><U6/><E36/><V68/><F117/><W32/><G32/><T113/><D113/><U82/><E128/><V111/><F111/><W89/><G76/><T93/><D74/><U100/><E82/><V127/><F68/><W75/><G75/><T69/><D69/><U18/><E24/><V16/><F127/><W59/><G44/><T15/><D80/><U53/><E49/><V116/><F116/><W20/><G20/><T103/><D102/><U104/><E104/><V1/><F115/><W61/><REACH who="3" step="1"/><G12/><REACH who="3" step="2"/><T7/><D27/><U91/><E108/><V9/><F95/><W31/><G31/><T119/><D119/><U99/><E109/><V73/><F73/><W65/><AGARI ba="1,1" hai="0,2,39,42,45,54,58,59,60,61,65,81,86,89" machi="65" ten="20,7800,0" yaku="1,1,0,1,7,1,53,1" doraHai="3" doraHaiUra="63" who="3" fromWho="3" sc="476,-27,70,-27,173,-27,271,91" /><INIT seed="7,2,0,3,2,110" ten="449,43,146,362" oya="3" hai0="114,118,130,56,127,15,88,4,85,87,47,77,55" hai1="61,38,121,62,32,40,51,33,18,102,95,69,76" hai2="116,75,125,129,104,46,6,83,17,39,49,132,123" hai3="19,11,42,74,86,100,96,44,112,78,128,117,70"/><W101/><G117/><T23/><D118/><U41/><E76/><V64/><F116/><W71/><G74/><T3/><D3/><U7/><E7/><V103/><F64/><W24/><G128/><T36/><D127/><U109/><E95/><V107/><F125/><W52/><G112/><T59/><D130/><U73/><E102/><V133/><F129/><W90/><G71/><T66/><D36/><U26/><E73/><V79/><F17/><W20/><G70/><T98/><D47/><U45/><E26/><V35/><F35/><W119/><G119/><T92/><D114/><U124/><E18/><V131/><F131/><W89/><G11/><N who="0" m="4583" /><D77/><U28/><E28/><V135/><F49/><N who="3" m="28711" /><G42/><T122/><D23/><U72/><E72/><V81/><F123/><W37/><G37/><T67/><D122/><U126/><E121/><V22/><F39/><W0/><G0/><T9/><D9/><U68/><E38/><V50/><F132/><W13/><G24/><T10/><D10/><U12/><E12/><V25/><F133/><W99/><G78/><T29/><D29/><U16/><E45/><V80/><F79/><W108/><G108/><T5/><D5/><U120/><E109/><V30/><F6/><W60/><G60/><N who="0" m="38151" /><D67/><U14/><E120/><V93/><F75/><W111/><G111/><T8/><D8/><U63/><E69/><V2/><F2/><W84/><G101/><T113/><D113/><U54/><E68/><V27/><F27/><W106/><G90/><T21/><D21/><U94/><E124/><V65/><F135/><W57/><G57/><RYUUKYOKU ba="2,0" sc="449,15,43,-15,146,-15,362,15" hai0="55,59,85,87,88,92,98" hai3="13,19,20,84,86,89,96,99,100,106" /><INIT seed="7,3,0,2,1,67" ten="464,28,131,377" oya="3" hai0="23,61,54,7,93,55,125,33,116,15,86,83,91" hai1="49,101,135,98,134,82,27,63,16,85,22,106,70" hai2="69,132,64,126,57,90,77,8,113,123,71,65,28" hai3="84,50,17,45,29,51,128,114,26,100,62,119,60"/><W14/><G119/><T75/><D33/><U6/><E6/><V42/><F77/><W121/><G121/><T124/><D116/><U39/><E39/><V102/><F102/><W40/><G128/><T117/><D117/><U36/><E36/><V130/><F28/><W24/><G114/><T76/><D61/><N who="3" m="23657" /><G100/><T103/><D103/><U73/><E73/><V118/><F118/><W34/><G34/><T2/><D2/><U97/><E97/><V127/><F113/><W89/><G51/><T53/><REACH who="0" step="1"/><D23/><REACH who="0" step="2"/><U129/><E129/><V79/><F130/><W120/><G120/><T0/><D0/><U38/><E38/><V96/><F123/><W10/><G29/><T43/><D43/><U41/><E41/><V122/><F42/><W20/><G20/><T5/><D5/><U92/><E106/><V9/><F122/><W131/><G131/><T99/><D99/><U25/><E49/><V35/><F35/><W95/><AGARI ba="3,1" hai="10,14,17,24,26,40,45,50,84,89,95" m="23657" machi="95" ten="30,1500,0" yaku="8,1" doraHai="67" who="3" fromWho="3" sc="454,-8,28,-8,131,-8,377,34" /><INIT seed="7,4,0,5,4,130" ten="446,20,123,411" oya="3" hai0="17,118,0,8,44,134,70,25,26,101,131,62,108" hai1="4,79,69,78,99,119,93,42,72,123,39,74,87" hai2="53,89,112,105,40,80,58,20,109,36,127,85,24" hai3="68,50,7,66,104,73,129,11,128,18,103,94,95"/><W16/><G73/><T21/><D118/><U120/><E69/><V96/><F109/><W12/><G104/><T27/><D101/><U110/><E39/><V1/><F1/><W67/><G50/><T31/><D44/><U41/><E4/><V83/><F127/><W71/><G71/><T133/><D70/><U49/><E49/><V57/><F112/><W15/><G7/><N who="0" m="1127" /><D62/><U51/><E51/><V111/><F111/><W33/><G33/><N who="0" m="20719" /><D108/><U107/><E41/><V37/><F40/><W28/><G28/><T14/><D131/><N who="3" m="50249" /><G68/><T6/><D6/><U135/><E42/><V54/><F37/><W30/><G30/><T75/><D75/><U125/><E110/><V64/><F36/><W22/><G103/><T117/><D117/><U65/><E119/><V126/><F105/><W97/><G97/><T5/><D5/><U23/><E107/><V115/><F96/><W35/><G35/><T32/><D32/><U19/><E99/><V55/><F126/><W2/><G2/><T34/><D34/><U121/><E125/><V60/><F115/><W61/><G61/><T56/><D56/><U98/><E98/><V43/><F58/><W106/><G106/><T90/><D90/><U10/><E74/><V88/><F89/><W47/><G47/><T102/><D102/><U116/><E72/><V48/><F43/><W84/><G84/><T91/><D91/><U52/><E87/><V45/><F83/><W76/><G76/><T3/><D3/><U82/><E79/><V77/><F77/><W122/><G122/><T29/><D29/><AGARI ba="4,0" hai="20,24,29,45,48,53,54,55,57,60,64,80,85,88" machi="29" ten="30,3900,0" yaku="7,1,8,1,54,1" doraHai="130" who="2" fromWho="0" sc="446,-51,20,0,123,51,411,0" owari="395,20,20,-48,174,-23,411,51" /></mjloggm>