<mjloggm ver="2.3"><GO type="97"/><UN n0="%34%35%39" n1="%6D%61%74%54%61%72%72%79" n2="%EF%BC%88%E2%89%A7%E2%96%BD%E2%89%A6%EF%BC%89" n3="%E4%BF%BA%E3%81%AF%E5%BC%B7%E3%81%84%E3%81%9C%EF%BD%97" dan="13,14,14,13" rate="1857,1812,2053,1820" sx="M,M,M,M"/><TAIKYOKU oya="0"/><INIT seed="0,0,0,0,1,119" ten="250,250,250,250" oya="0" hai0="44,8,90,19,83,108,28,30,77,120,53,110,109" hai1="37,76,59,6,4,79,24,104,134,95,107,87,57" hai2="42,129,55,12,32,26,94,113,15,62,131,135,88" hai3="46,71,45,17,27,68,72,73,20,16,78,91,85"/><T1/><D120/><U127/><E37/><V115/><F42/><W117/><G117/><T122/><D122/><U40/><E40/><V23/><F32/><W75/><G68/><T7/><D19/><U70/><E70/><V18/><F135/><W128/><G71/><T3/><D3/><U61/><E134/><V21/><F55/><W103/><G128/><N who="2" m="49225" /><F62/><W114/><G114/><N who="2" m="43529" /><F23/><W5/><G78/><T39/><D90/><N who="1" m="53727" /><E107/><V41/><F41/><W126/><G126/><T11/><D11/><U81/><E104/><V58/><F58/><W35/><G103/><T74/><D39/><U121/><E121/><V66/><F66/><W105/><G105/><T124/><D124/><U93/><E127/><V123/><F123/><W80/><G35/><T69/><D69/><U36/><E36/><V132/><F132/><W0/><G0/><T60/><D60/><U82/><E93/><V86/><AGARI ba="0,0" hai="12,15,18,21,26,86,88,94" m="43529,49225" machi="86" ten="30,2000,0" yaku="19,1,54,1" doraHai="119" who="2" fromWho="2" sc="250,-10,250,-5,250,20,250,-5" /><INIT seed="1,0,0,4,5,6" ten="240,245,270,245" oya="1" hai0="68,89,103,81,112,1,116,122,126,66,84,69,53" hai1="7,3,77,48,5,46,105,71,87,63,128,118,86" hai2="15,54,73,85,19,78,110,70,14,65,56,39,109" hai3="79,94,95,115,74,8,51,99,29,83,4,17,131"/><U43/><E118/><V41/><F73/><W58/><G115/><T106/><D112/><U125/><E105/><V117/><F117/><W2/><G131/><T40/><D116/><U34/><E128/><V12/><F78/><W97/><G29/><T36/><D122/><U93/><E34/><V88/><F19/><W67/><G17/><T55/><D126/><U129/><E129/><V27/><F27/><W49/><G67/><T57/><D106/><U24/><E125/><V26/><F26/><W132/><G132/><T0/><D103/><U114/><E24/><V133/><F133/><W16/><G16/><T108/><D108/><N who="2" m="41578" /><F65/><W82/><G82/><T10/><D55/><U127/><E114/><V98/><F98/><W76/><G76/><T50/><D10/><U52/><E127/><V30/><F30/><W9/><G9/><T96/><D96/><U37/><E3/><V18/><F70/><W25/><G25/><T32/><D32/><U91/><E77/><V135/><F135/><W21/><G21/><T101/><D101/><U61/><E71/><V100/><F100/><W13/><G2/><T38/><D69/><U33/><E33/><V59/><F18/><W120/><G120/><T60/><D38/><U45/><REACH who="1" step="1"/><E87/><REACH who="1" step="2"/><V35/><F35/><W123/><G123/><T124/><D124/><U64/><E64/><V107/><F107/><W113/><G113/><T80/><D1/><U90/><E90/><V42/><F88/><N who="3" m="55495" /><G58/><N who="2" m="22057" /><F85/><W75/><G75/><T28/><D0/><U11/><E11/><V121/><F121/><W111/><G111/><T104/><D104/><RYUUKYOKU ba="0,1" sc="240,-15,235,15,270,-15,245,15" hai1="5,7,37,43,45,46,48,52,61,63,86,91,93" hai3="4,8,13,49,51,74,79,83,95,99" /><INIT seed="1,1,1,3,2,34" ten="225,250,255,260" oya="1" hai0="134,98,131,10,43,124,45,54,128,59,41,116,38" hai1="92,32,132,130,42,91,37,85,90,69,49,52,25" hai2="29,101,125,73,70,47,105,110,48,31,87,104,95" hai3="55,71,17,44,51,74,57,63,117,40,30,108,35"/><U21/><E130/><N who="0" m="49705" /><D116/><U24/><E132/><V14/><F70/><W109/><G74/><T88/><D134/><U84/><E69/><V65/><F73/><W61/><G35/><T119/><D119/><U22/><E37/><V12/><F65/><N who="3" m="41391" /><G117/><T2/><D43/><U66/><E32/><V11/><F105/><W15/><G30/><N who="2" m="11273" /><F104/><W18/><G15/><T127/><D10/><U93/><E66/><V26/><F125/><N who="0" m="48202" /><D2/><U27/><REACH who="1" step="1"/><E42/><REACH who="1" step="2"/><V86/><F110/><AGARI ba="1,2" hai="17,18,40,44,51,55,57,63,108,109,110" m="41391" machi="110" ten="30,1000,0" yaku="14,1" doraHai="34" who="3" fromWho="2" sc="225,0,240,0,255,-13,260,33" /><INIT seed="2,0,0,3,2,117" ten="225,240,242,293" oya="2" hai0="101,40,82,56,118,116,134,124,48,122,70,97,57" hai1="92,60,51,4,123,108,27,83,88,100,126,129,64" hai2="94,21,105,80,24,69,9,7,112,85,33,115,14" hai3="49,54,11,28,25,31,133,87,111,90,35,98,95"/><V99/><F69/><W32/><G111/><T37/><D70/><U38/><E108/><V132/><F33/><W15/><G133/><T18/><D134/><U93/><E38/><V114/><F105/><W8/><G98/><T76/><D124/><U121/><E126/><V0/><F132/><W84/><G84/><T78/><D37/><U2/><E129/><V120/><F120/><N who="1" m="46153" /><E27/><V68/><F68/><W107/><G107/><T42/><D122/><U62/><E4/><V104/><F104/><W128/><G128/><T43/><D18/><U53/><E2/><V79/><F0/><W73/><G73/><T58/><D48/><U5/><E5/><V13/><F13/><W17/><G11/><T67/><D67/><U22/><E100/><V102/><REACH who="2" step="1"/><F115/><REACH who="2" step="2"/><W75/><G25/><T50/><D50/><U91/><E83/><V63/><F63/><W131/><G35/><T34/><D34/><U36/><E62/><V55/><F55/><W110/><G32/><T127/><D127/><U71/><E36/><V113/><F113/><W26/><G131/><T6/><D82/><U12/><E12/><V106/><F106/><W130/><G26/><T30/><D118/><U44/><E22/><V41/><F41/><W3/><G130/><T119/><D116/><U96/><E96/><V39/><F39/><W1/><G3/><T109/><D119/><U16/><E93/><V46/><F46/><W52/><G1/><T47/><D97/><N who="1" m="57479" /><E91/><V72/><F72/><W61/><G75/><T103/><D109/><U59/><E71/><V81/><F81/><W23/><G90/><RYUUKYOKU ba="0,1" sc="225,-15,240,15,232,15,293,-15" hai1="16,44,51,53,59,60,64" hai2="7,9,14,21,24,79,80,85,94,99,102,112,114" /><INIT seed="2,1,1,1,1,110" ten="210,255,247,278" oya="2" hai0="26,65,63,30,77,39,47,120,60,18,72,28,5" hai1="12,122,90,21,9,44,10,104,92,38,119,1,27" hai2="58,96,20,87,113,40,3,29,131,118,13,83,6" hai3="117,121,81,106,102,7,35,50,25,98,85,128,2"/><V132/><F118/><W127/><G121/><T103/><D120/><U61/><E122/><V34/><F132/><W91/><G117/><T46/><D63/><U133/><E119/><V130/><F3/><W15/><G127/><T51/><D103/><U55/><E104/><V84/><F40/><W126/><G126/><T8/><D18/><U105/><E105/><V57/><F113/><W22/><G128/><N who="2" m="49193" /><F96/><W97/><G97/><T73/><D39/><U123/><E123/><V42/><F42/><W19/><G50/><T134/><D134/><U129/><E38/><V52/><F34/><W89/><G35/><T99/><D99/><U41/><E133/><V124/><F124/><W109/><G109/><T68/><D46/><U79/><E41/><V67/><F67/><W114/><G114/><T76/><D30/><U53/><E129/><V125/><F125/><W49/><G49/><T36/><D76/><U33/><E79/><N who="2" m="46207" /><F87/><W94/><G2/><T4/><D36/><U71/><E33/><V11/><F52/><W64/><G64/><T82/><D8/><U32/><E10/><V59/><F59/><W80/><G7/><T23/><REACH who="0" step="1"/><D73/><REACH who="0" step="2"/><U135/><E135/><V93/><F29/><W0/><G106/><T54/><AGARI ba="1,2" hai="4,5,23,26,28,47,51,54,60,65,68,72,77,82" machi="54" ten="20,5200,0" yaku="1,1,2,1,0,1,7,1,53,0" doraHai="110" doraHaiUra="31" who="0" fromWho="0" sc="200,75,255,-14,247,-27,278,-14" /><INIT seed="3,0,0,2,5,69" ten="275,241,220,264" oya="3" hai0="61,65,7,103,72,60,49,56,25,39,127,82,118" hai1="117,15,120,98,55,115,22,71,24,125,113,135,29" hai2="84,79,75,91,67,130,32,21,45,62,3,104,8" hai3="27,93,58,63,86,11,6,105,4,64,128,110,131"/><W5/><G105/><T89/><D118/><U80/><E71/><V108/><F32/><W59/><G110/><T76/><D39/><U123/><E125/><V99/><F108/><W78/><G27/><T83/><D127/><U33/><E80/><V90/><F130/><N who="3" m="49707" /><G11/><T43/><D103/><U92/><E55/><V42/><F75/><W109/><G109/><T87/><D7/><N who="3" m="1793" /><W68/><DORA hai="119" /><G93/><T77/><D25/><U10/><E117/><V51/><F8/><W124/><G124/><T129/><D129/><U66/><E135/><V122/><F3/><W73/><G73/><T97/><D97/><U50/><E50/><V100/><F122/><N who="1" m="46633" /><E66/><V44/><F44/><W95/><G95/><T46/><REACH who="0" step="1"/><D61/><REACH who="0" step="2"/><U132/><E98/><V116/><F116/><W20/><G63/><T114/><D114/><N who="1" m="43531" /><E92/><V54/><F99/><W81/><G68/><T74/><D74/><U134/><E33/><V9/><F62/><W23/><G64/><T38/><D38/><U18/><AGARI ba="0,1" hai="10,15,18,22,24,29,132,134" m="43531,46633" machi="18" ten="40,8000,1" yaku="34,2,52,3" doraHai="69,119" who="1" fromWho="1" sc="265,-20,241,90,220,-20,264,-40" owari="245,5.0,331,43.0,200,-30.0,224,-18.0" /></mjloggm>