<mjloggm ver="2.3"><GO type="41"/><UN n0="%4D%61%73%61%74" n1="%EF%BC%88%E2%89%A7%E2%96%BD%E2%89%A6%EF%BC%89" n2="%E6%9C%88%E3%83%B6%E6%8A%84" n3="%E3%82%B4%E3%83%B3%E3%82%B3" dan="14,15,14,13" rate="2051,1983,1898,1869" sx="M,M,M,M"/><TAIKYOKU oya="0"/><INIT seed="0,0,0,3,5,66" ten="250,250,250,250" oya="0" hai0="114,87,65,37,0,134,18,132,24,80,91,72,118" hai1="35,97,6,113,123,73,51,79,54,23,14,11,50" hai2="47,4,94,61,22,129,103,63,98,133,7,86,99" hai3="59,26,95,124,28,130,85,75,2,109,1,106,44"/><T41/><D0/><U9/><E123/><V19/><F129/><W104/><G75/><T128/><D118/><U126/><E35/><V38/><F133/><N who="0" m="51306" /><D114/><U82/><E113/><V55/><F38/><W48/><G130/><T108/><D72/><U70/><E126/><V27/><F86/><W69/><G124/><T33/><D128/><U77/><E77/><V107/><F63/><W30/><G109/><T5/><D5/><U20/><E70/><V100/><F47/><W40/><G30/><N who="0" m="19655" /><D18/><U88/><E11/><V12/><F12/><W67/><G2/><T49/><D108/><U62/><E62/><V135/><F135/><W117/><G117/><T43/><D37/><U112/><E112/><V17/><F17/><W32/><G1/><T76/><D76/><U119/><E119/><V127/><F127/><W90/><REACH who="3" step="1"/><G59/><REACH who="3" ten="250,250,250,240" step="2"/><T25/><D25/><U92/><REACH who="1" step="1"/><E50/><REACH who="1" ten="250,240,250,240" step="2"/><V3/><F3/><W105/><G105/><T31/><D49/><U71/><E71/><V16/><F107/><W81/><G81/><T52/><D31/><U34/><E34/><V110/><F110/><W45/><G45/><AGARI ba="0,2" hai="6,9,14,20,23,45,51,54,73,79,82,88,92,97" machi="45" ten="30,3900,0" yaku="1,1,7,1,54,1,53,0" doraHai="66" doraHaiUra="121" who="1" fromWho="3" sc="250,0,240,59,250,0,240,-39" /><INIT seed="1,0,0,3,5,89" ten="250,299,250,201" oya="1" hai0="22,102,47,7,14,23,75,20,40,106,71,52,5" hai1="76,132,111,72,35,10,109,74,69,121,27,44,41" hai2="24,91,77,59,63,79,8,103,60,49,119,0,110" hai3="21,50,29,38,16,133,56,83,19,54,6,93,131"/><U33/><E121/><V3/><F119/><W11/><G38/><T125/><D75/><N who="1" m="28715" /><E132/><V96/><F110/><N who="1" m="41993" /><E69/><V61/><F49/><W85/><G133/><T105/><D71/><U62/><E76/><V135/><F135/><W39/><G131/><T118/><D125/><U12/><E62/><V87/><F24/><N who="3" m="16527" /><G39/><T65/><D118/><U84/><E84/><V114/><F114/><W116/><G116/><T98/><D106/><U134/><E27/><V51/><F77/><N who="3" m="46319" /><G11/><T101/><D101/><U34/><E134/><V30/><F79/><W55/><G55/><T130/><D65/><U123/><E123/><V31/><F8/><W82/><G82/><T48/><D130/><U88/><E88/><V124/><F124/><W28/><G28/><T90/><D90/><U2/><E2/><V46/><F3/><W66/><G66/><T126/><D126/><U37/><E35/><V36/><F0/><W128/><G128/><T100/><D100/><U13/><E13/><V73/><F73/><W81/><G81/><T4/><REACH who="0" step="1"/><D14/><REACH who="0" ten="240,299,250,201" step="2"/><U129/><E129/><V43/><F103/><W95/><G6/><AGARI ba="0,1" hai="6,10,12,33,34,37,41,44" m="41993,28715" machi="6" ten="30,2900,0" yaku="14,1,10,1" doraHai="89" who="1" fromWho="3" sc="240,0,299,39,250,0,201,-29" /><INIT seed="1,1,0,1,4,36" ten="240,338,250,172" oya="1" hai0="62,99,91,94,37,48,43,45,111,8,22,101,0" hai1="86,40,44,9,75,14,134,49,39,80,2,32,73" hai2="124,106,74,58,56,25,47,68,28,98,26,61,123" hai3="126,117,105,41,113,121,63,76,33,129,88,92,95"/><U71/><E134/><V20/><F123/><W87/><G121/><T60/><D111/><U89/><E32/><V125/><F74/><W77/><G113/><T100/><D100/><U13/><E71/><V72/><F72/><W4/><G33/><T97/><D22/><U55/><E2/><V110/><F110/><W81/><G105/><T119/><D119/><U19/><REACH who="1" step="1"/><E14/><REACH who="1" ten="240,328,250,172" step="2"/><V29/><F68/><W54/><G117/><T133/><D133/><U11/><E11/><V131/><F125/><W78/><G126/><T135/><D135/><U38/><E38/><V57/><F124/><W114/><G114/><T10/><D37/><U15/><E15/><V5/><F20/><W42/><G129/><T18/><D8/><U116/><E116/><V84/><F131/><W79/><N who="3" m="19968" /><DORA hai="70" /><W17/><G4/><T46/><D10/><U67/><E67/><V83/><F5/><W120/><G120/><T115/><D0/><U102/><E102/><V122/><F122/><W109/><G109/><T104/><D101/><U103/><E103/><V35/><F35/><W107/><G107/><T52/><D104/><U21/><E21/><V112/><F106/><W24/><G24/><T65/><D65/><U64/><E64/><V130/><F112/><W128/><G128/><T50/><D115/><U66/><E66/><V30/><F25/><W127/><G127/><T3/><D3/><U108/><E108/><V1/><F26/><W31/><G31/><T90/><D18/><U34/><E34/><V27/><F27/><W85/><G17/><T93/><AGARI ba="1,1" hai="43,45,46,48,50,52,60,62,90,91,93,94,97,99" machi="93" ten="30,8000,1" yaku="0,1,9,1,8,1,52,1,54,1" doraHai="36,70" who="0" fromWho="0" sc="240,93,328,-41,250,-21,172,-21" /><INIT seed="2,0,0,2,1,62" ten="333,287,229,151" oya="2" hai0="35,32,17,68,73,63,57,52,108,4,92,107,7" hai1="33,9,26,117,82,50,11,59,94,121,6,76,135" hai2="43,78,24,64,49,58,130,126,134,87,37,84,23" hai3="13,109,71,106,41,61,0,98,80,47,72,51,31"/><V93/><F126/><W67/><G109/><T28/><D107/><U18/><E117/><V118/><F118/><W25/><G0/><T10/><D73/><U88/><E121/><V20/><F130/><W128/><G128/><T89/><D108/><U81/><E135/><V75/><F37/><W97/><G13/><T96/><D4/><U56/><E33/><V21/><F75/><W132/><G132/><T119/><D119/><U113/><E113/><V101/><F134/><W86/><G72/><T48/><D28/><U74/><E81/><V69/><F69/><W77/><REACH who="3" step="1"/><G106/><REACH who="3" ten="333,287,229,141" step="2"/><T110/><D110/><U3/><E3/><V99/><F24/><W129/><G129/><T120/><D120/><U111/><E111/><V127/><F127/><W36/><G36/><T115/><D115/><U70/><E70/><V22/><F78/><W91/><G91/><T102/><D89/><U114/><E88/><V30/><F30/><W1/><G1/><T39/><D39/><U12/><E114/><V66/><N who="2" m="5632" /><DORA hai="16" /><V34/><F34/><AGARI ba="0,1" hai="25,31,34,41,47,51,61,67,71,77,80,86,97,98" machi="34" ten="30,3900,0" yaku="1,1,7,1,52,1,53,0" doraHai="62,16" doraHaiUra="104,19" who="3" fromWho="2" sc="333,0,287,0,229,-39,141,49" /><INIT seed="3,0,0,1,1,93" ten="333,287,190,190" oya="3" hai0="38,56,57,69,100,25,48,114,84,130,135,43,62" hai1="113,55,73,50,60,83,125,101,20,95,5,31,67" hai2="24,6,108,3,32,18,94,11,88,16,115,111,37" hai3="109,75,81,78,59,28,132,80,92,103,106,8,122"/><W65/><G122/><T51/><D130/><U79/><E113/><V127/><F115/><W102/><G132/><T44/><D114/><U71/><E125/><V126/><F37/><W98/><G109/><N who="2" m="42057" /><F24/><W52/><G65/><N who="0" m="41143" /><D25/><U42/><E42/><V0/><F32/><W107/><G81/><T105/><D84/><U99/><E5/><V35/><F35/><W47/><G47/><T34/><D34/><U33/><E33/><V72/><F72/><W49/><G28/><T89/><D89/><U119/><E119/><V76/><F76/><W64/><G64/><T45/><D100/><U30/><REACH who="1" step="1"/><E20/><REACH who="1" ten="333,277,190,190" step="2"/><V128/><F128/><W91/><REACH who="3" step="1"/><G8/><REACH who="3" ten="333,277,190,180" step="2"/><T77/><D135/><U85/><E85/><N who="2" m="52495" /><F0/><W10/><G10/><T129/><D129/><U14/><E14/><V26/><F26/><W116/><G116/><T124/><D124/><AGARI ba="0,2" hai="3,6,11,16,18,124,126,127" m="52495,42057" machi="124" ten="30,7700,0" yaku="18,1,14,1,54,2" doraHai="93" who="2" fromWho="0" sc="333,-77,277,0,190,97,180,0" /><INIT seed="4,0,0,1,0,44" ten="256,277,287,180" oya="0" hai0="75,34,48,106,128,0,7,55,114,117,102,86,84" hai1="63,115,21,46,96,129,120,74,19,33,111,41,49" hai2="104,70,78,6,134,123,121,108,127,79,99,51,11" hai3="52,16,26,92,29,32,97,59,57,2,95,56,30"/><T69/><D117/><U10/><E120/><V113/><F108/><W133/><G2/><T23/><D75/><U71/><E74/><V22/><F113/><W77/><G77/><T42/><D34/><U13/><E111/><V85/><F134/><W40/><G133/><T116/><D116/><U126/><E126/><V82/><F127/><W101/><G40/><T43/><D69/><U131/><E33/><V88/><F70/><W9/><G32/><T58/><D114/><U68/><E115/><V89/><F22/><N who="3" m="13639" /><G9/><T124/><D124/><U130/><E63/><V66/><F66/><W125/><G125/><T50/><D128/><U5/><REACH who="1" step="1"/><E96/><REACH who="1" ten="256,267,287,180" step="2"/><V91/><F121/><W119/><G119/><T20/><D0/><AGARI ba="0,1" hai="0,5,10,13,19,21,41,46,49,68,71,129,130,131" machi="0" ten="40,8000,1" yaku="1,1,2,1,19,1,52,1,53,0" doraHai="44" doraHaiUra="72" who="1" fromWho="0" sc="256,-80,267,90,287,0,180,0" /><INIT seed="5,0,0,3,1,101" ten="176,357,287,180" oya="1" hai0="26,54,11,135,96,58,0,89,53,72,37,39,98" hai1="41,60,19,12,67,134,111,6,109,18,4,122,91" hai2="127,14,117,125,83,74,87,105,77,126,124,5,133" hai3="50,95,15,52,8,21,48,49,24,28,129,69,45"/><U110/><E122/><V108/><F108/><W42/><G69/><T27/><D72/><U103/><E134/><V40/><F117/><W46/><G129/><T38/><D135/><U97/><E91/><V44/><F133/><W64/><G64/><T2/><D11/><U16/><E41/><V116/><F116/><W100/><G100/><T75/><D75/><U66/><E12/><V7/><F105/><W81/><G81/><T1/><D89/><U119/><E119/><V130/><F130/><W94/><G50/><T120/><D120/><U76/><E76/><V113/><F113/><W20/><REACH who="3" step="1"/><G21/><REACH who="3" ten="176,357,287,170" step="2"/><T13/><D39/><U51/><E51/><N who="2" m="27015" /><F124/><W68/><G68/><T17/><D38/><U61/><E67/><V121/><F121/><W114/><G114/><T84/><D37/><U62/><E66/><V80/><F83/><W71/><G71/><T9/><D54/><U90/><E90/><V73/><F80/><W31/><G31/><T79/><D79/><U99/><E103/><V102/><F77/><W22/><G22/><T23/><D23/><U115/><E115/><V10/><F102/><W82/><G82/><T55/><D55/><U43/><E43/><V57/><F125/><W106/><G106/><T63/><D84/><U34/><E34/><V104/><F87/><W3/><G3/><T25/><AGARI ba="0,1" hai="0,1,2,9,13,17,25,26,27,53,58,63,96,98" machi="25" ten="40,1500,0" yaku="0,1" doraHai="101" who="0" fromWho="0" sc="176,25,357,-7,287,-4,170,-4" /><INIT seed="6,0,0,1,5,13" ten="201,350,283,166" oya="2" hai0="33,38,58,35,47,102,130,120,66,37,80,36,70" hai1="72,93,85,49,39,134,23,100,71,24,117,43,29" hai2="27,110,32,104,10,106,119,25,3,124,16,28,114" hai3="20,53,105,59,62,76,55,92,69,87,0,127,74"/><V30/><F119/><W96/><G0/><T90/><D120/><U125/><E72/><V123/><F123/><W14/><G69/><T75/><D102/><U1/><E100/><V107/><F114/><W108/><G108/><T79/><D130/><U88/><E39/><V95/><F124/><W128/><G127/><T12/><D70/><U99/><E125/><V109/><F95/><W44/><G44/><T129/><D129/><U64/><E1/><V126/><F126/><W131/><G105/><T135/><D135/><U57/><E134/><V6/><F30/><W111/><G74/><T94/><D47/><N who="1" m="25855" /><E71/><V54/><F54/><N who="3" m="34167" /><G111/><N who="2" m="42505" /><F27/><W82/><G131/><T34/><D58/><U133/><E117/><V67/><F67/><W7/><G128/><T97/><D66/><U132/><E132/><V50/><F50/><W77/><G77/><T45/><D45/><U116/><E116/><V68/><F68/><W65/><G65/><T5/><D5/><U89/><E133/><V61/><F61/><W21/><G21/><T101/><D101/><N who="1" m="60655" /><E85/><V115/><F115/><W15/><G15/><T4/><D4/><U18/><E29/><V73/><F73/><W56/><G56/><T112/><D112/><U83/><E83/><V63/><F63/><AGARI ba="0,0" hai="18,23,24,57,63,64,88,89" m="60655,25855" machi="63" ten="30,3900,0" yaku="8,1,52,1,54,1" doraHai="13" who="1" fromWho="2" sc="201,0,350,39,283,-39,166,0" /><INIT seed="7,0,0,0,5,84" ten="201,389,244,166" oya="3" hai0="88,58,54,128,35,25,10,30,72,130,23,65,13" hai1="11,19,53,17,132,106,101,96,37,47,34,113,76" hai2="110,49,6,89,77,60,38,26,117,102,74,129,78" hai3="39,64,124,66,69,9,94,28,7,126,118,8,32"/><W93/><G39/><T80/><D65/><N who="3" m="25193" /><G69/><T112/><D112/><U73/><E132/><V56/><F38/><W100/><G118/><T134/><D35/><U111/><E111/><V52/><F117/><W108/><G32/><T70/><D70/><U133/><E133/><V36/><F36/><W20/><G108/><T31/><D134/><U83/><E113/><V40/><F110/><W86/><G7/><T105/><D105/><U0/><E34/><V27/><F129/><N who="0" m="49770" /><D72/><U68/><E68/><V71/><F6/><W42/><G42/><T91/><D80/><U119/><E119/><V22/><F102/><W75/><G75/><T4/><D31/><U98/><E98/><V115/><F115/><W125/><G100/><T107/><D107/><U43/><E53/><V33/><F33/><W14/><G86/><T97/><D97/><U41/><E43/><V123/><F74/><W135/><G135/><T15/><D15/><U12/><E0/><V87/><F123/><W44/><G44/><T127/><D127/><N who="3" m="32513" /><W59/><DORA hai="18" /><G59/><T122/><D122/><U2/><E2/><V21/><F71/><W116/><G116/><T114/><D114/><U104/><E104/><V99/><F40/><W63/><G63/><AGARI ba="0,0" hai="4,10,13,23,25,30,54,58,63,88,91" m="49770" machi="63" ten="30,8000,1" yaku="19,1,52,3,54,1" doraHai="84,18" who="0" fromWho="3" sc="201,80,389,0,244,0,166,-80" owari="281,8.0,389,49.0,244,-16.0,86,-41.0" /></mjloggm>