<mjloggm ver="2.3"><GO type="41"/><UN n0="%E3%82%A6%E3%83%AB%E3%83%88%E3%83%A9%E7%AB%8B%E7%9B%B4" n1="%E3%83%9F%E3%82%B9%E3%83%88%E3%83%A9%E3%83%AB%E2%98%86" n2="%E3%82%A8%E3%83%AA%E3%82%AB" n3="%48%41%4E%4E%59%41" dan="15,15,15,13" rate="1994,2060,2013,1941" sx="M,F,F,M"/><TAIKYOKU oya="0"/><INIT seed="0,0,0,3,1,124" ten="250,250,250,250" oya="0" hai0="104,8,14,117,118,76,122,127,75,108,90,123,113" hai1="74,91,7,80,101,35,116,103,16,45,49,59,128" hai2="92,19,63,107,77,97,62,66,4,79,6,51,5" hai3="102,36,99,50,20,132,55,135,29,34,12,0,84"/><T67/><D104/><U9/><E35/><V115/><F115/><W1/><G36/><T56/><D76/><N who="2" m="29258" /><F107/><W57/><G34/><T85/><D75/><U65/><E116/><V24/><F51/><W114/><G114/><T40/><D113/><U48/><E74/><V13/><F24/><W41/><G41/><T53/><D127/><U69/><E69/><V31/><F31/><W22/><G84/><T83/><D67/><U73/><E73/><V125/><F66/><W109/><G109/><T82/><D40/><U72/><E72/><V18/><F125/><W2/><G29/><T23/><D108/><U33/><E33/><V126/><F126/><W86/><G12/><T58/><D118/><U64/><E7/><V21/><F18/><W121/><G121/><T119/><D117/><U89/><E59/><V71/><F71/><W88/><G102/><AGARI ba="0,0" hai="4,5,6,13,19,21,62,63,92,97,102" m="29258" machi="102" ten="30,1000,0" yaku="8,1" doraHai="124" who="2" fromWho="3" sc="250,0,250,0,250,10,250,-10" /><INIT seed="1,0,0,1,3,76" ten="250,250,260,240" oya="1" hai0="45,52,62,84,32,97,108,37,85,83,8,23,91" hai1="89,41,50,127,126,120,59,134,61,119,26,60,1" hai2="18,110,33,131,130,95,12,100,10,114,11,38,122" hai3="49,20,48,112,44,5,25,57,29,14,102,82,75"/><U36/><E1/><V4/><F38/><W54/><G102/><T128/><D32/><U35/><E120/><V3/><F100/><W71/><G71/><T86/><D128/><N who="2" m="49194" /><F95/><W90/><G112/><T96/><D108/><U7/><E7/><V99/><F99/><N who="0" m="37962" /><D37/><U115/><E115/><V68/><F68/><W118/><G118/><T53/><D8/><U42/><E89/><V13/><F114/><W129/><G129/><T46/><D23/><U80/><E119/><V87/><F87/><N who="0" m="33354" /><D62/><U34/><E26/><V74/><F74/><W24/><G75/><T65/><D65/><U70/><E70/><V93/><F93/><W107/><G107/><T98/><N who="0" m="37970" /><T22/><DORA hai="123" /><D22/><U69/><E69/><V63/><F63/><W94/><G24/><T21/><D21/><U15/><E36/><V116/><F116/><W78/><G14/><T30/><D30/><U27/><E27/><V19/><F122/><W113/><G5/><T103/><D103/><U109/><E15/><V6/><F33/><W39/><G113/><T101/><D101/><U43/><E50/><V55/><F55/><AGARI ba="0,0" hai="45,46,52,53,55,83,86,91" m="33354,37970" machi="55" ten="40,5200,0" yaku="8,1,52,1,54,1" doraHai="76,123" who="0" fromWho="2" sc="250,52,250,0,260,-52,240,0" /><INIT seed="2,0,0,1,2,27" ten="302,250,208,240" oya="2" hai0="61,29,74,32,38,25,117,4,104,128,108,60,11" hai1="121,37,51,77,94,44,82,88,83,92,97,57,66" hai2="62,69,90,47,41,129,53,65,43,13,33,9,64" hai3="6,22,127,0,134,99,46,36,91,54,84,133,15"/><V100/><F129/><W120/><G120/><T118/><D128/><U123/><E37/><V67/><F33/><W21/><G99/><T131/><D131/><U50/><E66/><V55/><F100/><W52/><G127/><T135/><D38/><U24/><E57/><V58/><F90/><W130/><G130/><T42/><D42/><N who="2" m="15882" /><F13/><W16/><G36/><T18/><D74/><U10/><E10/><V34/><F9/><N who="3" m="2247" /><G22/><T23/><D104/><U114/><E114/><V80/><F80/><N who="3" m="49543" /><G46/><T76/><D76/><U48/><E44/><V110/><F110/><W124/><G124/><T78/><D78/><U106/><E106/><V12/><F12/><W113/><G113/><T85/><D108/><U107/><E107/><V35/><F35/><W81/><G81/><T105/><D85/><U75/><E83/><V7/><F7/><W8/><G8/><T115/><D105/><U39/><E39/><V3/><F34/><W56/><G56/><T45/><D115/><U119/><E119/><V79/><F3/><W112/><G112/><T5/><D5/><U116/><E116/><V28/><F28/><W101/><G101/><T98/><D117/><U102/><E24/><V72/><F72/><W132/><AGARI ba="0,0" hai="15,16,21,52,54,132,133,134" m="49543,2247" machi="132" ten="30,4000,0" yaku="20,1,54,2" doraHai="27" who="3" fromWho="3" sc="302,-10,250,-10,208,-20,240,40" /><INIT seed="3,0,0,3,5,45" ten="292,240,188,280" oya="3" hai0="13,65,77,82,2,50,32,41,101,118,33,15,7" hai1="68,22,62,84,133,116,60,1,108,59,35,9,39" hai2="75,16,114,109,55,129,91,104,122,113,54,67,19" hai3="85,3,90,124,49,21,130,131,29,125,100,27,30"/><W111/><G3/><T40/><D101/><U23/><E35/><V120/><F75/><W121/><G100/><T34/><D65/><U117/><E39/><V106/><F91/><W69/><G69/><T20/><D118/><U72/><E72/><V88/><F88/><W127/><G121/><N who="2" m="46697" /><F67/><W46/><G30/><T37/><D37/><U42/><E42/><V52/><F109/><W53/><REACH who="3" step="1"/><G111/><REACH who="3" ten="292,240,188,270" step="2"/><T24/><D2/><U99/><E1/><V89/><F129/><W132/><G132/><T28/><D32/><U0/><E133/><V70/><F70/><W64/><G64/><T12/><D34/><U44/><E0/><V102/><F102/><W79/><G79/><T107/><D33/><U58/><E68/><V103/><F103/><W14/><G14/><T73/><D7/><U112/><E108/><V78/><F78/><W83/><AGARI ba="0,1" hai="21,27,29,46,49,53,83,85,90,124,125,127,130,131" machi="83" ten="40,12000,1" yaku="1,1,0,1,18,1,52,1,53,0" doraHai="45" doraHaiUra="66" who="3" fromWho="3" sc="292,-40,240,-40,188,-40,270,130" /><INIT seed="3,1,0,2,4,3" ten="252,200,148,400" oya="3" hai0="111,78,30,88,18,49,84,128,52,102,46,31,24" hai1="9,20,21,0,91,66,106,1,13,38,95,85,123" hai2="51,93,135,44,11,104,134,19,10,113,103,89,53" hai3="126,74,7,92,15,26,23,112,35,73,61,57,64"/><W97/><G35/><T33/><D128/><U40/><E106/><V68/><F113/><W101/><G112/><T125/><D125/><U60/><E123/><V32/><F68/><W81/><G81/><T42/><D111/><U122/><E122/><V76/><F32/><W12/><G126/><T114/><D114/><U129/><E129/><V6/><F76/><W121/><G121/><T17/><D78/><U132/><E132/><N who="2" m="50731" /><F19/><W105/><G105/><T58/><D102/><U79/><E79/><V29/><F29/><N who="3" m="17631" /><G12/><T47/><D47/><U110/><E110/><V72/><F72/><W14/><G14/><T109/><D31/><U86/><E38/><V27/><F27/><W65/><G65/><T55/><D55/><U83/><E40/><V90/><F104/><W77/><G77/><T59/><D59/><U16/><E0/><N who="2" m="327" /><F11/><AGARI ba="1,0" hai="7,11,15,57,61,64,73,74,92,97,101" m="17631" machi="11" ten="30,2900,0" yaku="25,1,52,1" doraHai="3" who="3" fromWho="2" sc="252,0,200,0,148,-32,400,32" /><INIT seed="3,2,0,2,1,11" ten="252,200,116,432" oya="3" hai0="27,131,52,29,28,4,0,113,20,102,86,132,78" hai1="69,47,73,135,62,18,50,84,121,71,111,23,112" hai2="74,46,124,39,42,99,79,100,94,122,109,110,48" hai3="36,31,21,26,59,118,65,107,57,75,92,12,106"/><W45/><G118/><T67/><D113/><U9/><E73/><V70/><F122/><W80/><G59/><T24/><D131/><U3/><E121/><V15/><F70/><W5/><G75/><T98/><D132/><U32/><E32/><V2/><F124/><W103/><G80/><T30/><D4/><U115/><E135/><V81/><F48/><W60/><G45/><T8/><D8/><U49/><E111/><N who="2" m="42507" /><F2/><W44/><G44/><T134/><D0/><U56/><E50/><V97/><F97/><N who="3" m="59815" /><G36/><T53/><D67/><U120/><E120/><V61/><F61/><W101/><G101/><T41/><D41/><U77/><E69/><V7/><F7/><W89/><G89/><T128/><D128/><U51/><E71/><V38/><F38/><W22/><G5/><T17/><D134/><U90/><E77/><V64/><F64/><W83/><G83/><T68/><D68/><U66/><E49/><V96/><F96/><W19/><AGARI ba="2,0" hai="12,19,21,22,26,31,57,60,65,106,107" m="59815" machi="19" ten="30,3000,0" yaku="25,1,52,1" doraHai="11" who="3" fromWho="3" sc="252,-12,200,-12,116,-12,432,36" /><INIT seed="3,3,0,4,2,11" ten="240,188,104,468" oya="3" hai0="12,84,118,28,108,134,110,77,114,96,19,127,100" hai1="43,21,44,61,39,88,89,117,49,48,65,111,29" hai2="81,24,92,80,16,6,74,99,55,73,131,97,120" hai3="107,106,62,122,105,35,5,47,57,112,8,58,103"/><W128/><G112/><T50/><D118/><U70/><E111/><N who="0" m="42537" /><D28/><U67/><E67/><V37/><F37/><W115/><G115/><T9/><D114/><U3/><E3/><V85/><F73/><W68/><G35/><T0/><D0/><U130/><E117/><V53/><F74/><W125/><G122/><T13/><D127/><U59/><E130/><V7/><F131/><W22/><G125/><T87/><D134/><U38/><E38/><V133/><F133/><W98/><G68/><T14/><D50/><U94/><E48/><V71/><F71/><W132/><G132/><T17/><D9/><U51/><E51/><V91/><F120/><W121/><G22/><T83/><D84/><U18/><E29/><V126/><F126/><W69/><G69/><T2/><D2/><U41/><E41/><V79/><F6/><W42/><G121/><T116/><D116/><U33/><E94/><AGARI ba="3,0" hai="12,13,14,17,19,77,83,87,94,96,100" m="42537" machi="94" ten="30,7700,0" yaku="14,1,52,3" doraHai="11" who="0" fromWho="1" sc="240,86,188,-86,104,0,468,0" /><INIT seed="4,0,0,5,2,130" ten="326,102,104,468" oya="0" hai0="133,58,64,131,73,97,90,23,108,57,15,36,24" hai1="119,105,30,114,76,53,49,123,47,6,45,25,28" hai2="103,82,22,68,122,66,109,80,2,120,79,26,95" hai3="110,37,14,11,135,19,44,51,63,78,31,87,89"/><T127/><D131/><U74/><E105/><V106/><F2/><W56/><G78/><T3/><D3/><U134/><E123/><V116/><F109/><W126/><G37/><T84/><D73/><U72/><E119/><V0/><F0/><W77/><G77/><T98/><D36/><U132/><E6/><V34/><F95/><W20/><G110/><T88/><D108/><U65/><E65/><V7/><F7/><W9/><G126/><T70/><D70/><U33/><E30/><V43/><F43/><N who="3" m="24991" /><G31/><N who="0" m="17823" /><D127/><U38/><E114/><V41/><F41/><W29/><G29/><T46/><D46/><U4/><E4/><V91/><F116/><W107/><G107/><T101/><D101/><U69/><E69/><V1/><F1/><W60/><G60/><N who="0" m="37903" /><D133/><N who="1" m="51307" /><E76/><V86/><F106/><W102/><G135/><T13/><D58/><U121/><E121/><V115/><F68/><W129/><G102/><T83/><D90/><U71/><E71/><V93/><F103/><W125/><G129/><T12/><AGARI ba="0,0" hai="12,13,15,83,84,88,97,98" m="37903,17823" machi="12" ten="30,3000,0" yaku="8,1,54,1" doraHai="130" who="0" fromWho="0" sc="326,30,102,-10,104,-10,468,-10" /><INIT seed="4,1,0,1,2,76" ten="356,92,94,458" oya="0" hai0="43,38,10,106,65,40,83,4,116,6,82,129,37" hai1="81,78,70,73,87,112,95,77,88,32,28,13,18" hai2="59,44,49,90,8,42,48,94,104,101,63,15,22" hai3="117,29,123,54,67,105,113,5,111,66,0,118,51"/><T128/><D106/><U75/><E70/><V93/><F104/><W34/><G105/><T21/><D21/><U27/><E112/><V47/><F22/><W85/><G111/><T109/><D65/><U45/><E45/><V126/><F126/><W9/><G29/><T58/><D58/><U120/><E120/><V62/><F101/><W3/><G34/><T35/><D35/><U119/><E119/><V41/><F59/><W89/><G3/><T69/><D10/><U12/><E18/><V114/><F114/><W23/><G23/><T132/><D69/><U36/><REACH who="1" step="1"/><E36/><REACH who="1" ten="356,82,94,458" step="2"/><V61/><REACH who="2" step="1"/><F90/><REACH who="2" ten="356,82,84,458" step="2"/><W11/><G113/><T46/><D46/><U91/><E91/><V99/><F99/><W115/><G115/><T33/><D109/><U2/><E2/><V135/><F135/><W39/><G89/><T102/><D102/><U14/><E14/><V125/><F125/><W31/><G0/><T55/><D132/><U86/><E86/><V122/><F122/><W92/><G85/><T130/><D130/><U19/><E19/><AGARI ba="1,2" hai="8,15,19,41,42,44,47,48,49,61,62,63,93,94" machi="19" ten="40,5200,0" yaku="1,1,9,1,8,1,53,0" doraHai="76" doraHaiUra="30" who="2" fromWho="1" sc="356,0,82,-55,84,75,458,0" /><INIT seed="5,0,0,1,2,2" ten="356,27,159,458" oya="1" hai0="112,91,16,23,18,68,98,109,40,9,85,30,115" hai1="28,89,47,25,39,75,7,83,51,69,103,29,54" hai2="65,134,74,31,62,61,12,102,41,1,94,88,21" hai3="11,20,87,19,78,37,38,106,36,14,90,22,59"/><U34/><E69/><V130/><F1/><W76/><G106/><T82/><D68/><U121/><E121/><V100/><F74/><W57/><G22/><T15/><D109/><U119/><E119/><V72/><F72/><W107/><G107/><T99/><D30/><U32/><E39/><V111/><F111/><W24/><G57/><T125/><D125/><U133/><E133/><V43/><F130/><W49/><G59/><T67/><D67/><U132/><E132/><V128/><F128/><W13/><G49/><T27/><D40/><N who="2" m="15434" /><F134/><W0/><G0/><T96/><D112/><U113/><E113/><V44/><F44/><W58/><G14/><T124/><D115/><U108/><E108/><V17/><F31/><W26/><G58/><T126/><D126/><U5/><E103/><N who="2" m="39467" /><F65/><W122/><G26/><T110/><D110/><U114/><E114/><V45/><F45/><W6/><REACH who="3" step="1"/><G122/><REACH who="3" ten="356,27,159,448" step="2"/><T79/><REACH who="0" step="1"/><D124/><REACH who="0" ten="346,27,159,448" step="2"/><U104/><E104/><V77/><F77/><AGARI ba="0,2" hai="9,15,16,18,23,27,77,79,82,85,91,96,98,99" machi="77" ten="40,8000,1" yaku="1,1,2,1,8,1,54,1,53,0" doraHai="2" doraHaiUra="97" who="0" fromWho="2" sc="346,100,27,0,159,-80,448,0" /><INIT seed="6,0,0,1,1,56" ten="446,27,79,448" oya="2" hai0="38,62,44,122,37,6,105,123,75,31,10,133,5" hai1="53,81,95,64,17,61,77,21,23,102,70,59,87" hai2="50,83,27,94,99,104,63,132,35,120,89,0,30" hai3="58,92,51,116,80,129,52,43,12,46,67,74,54"/><V96/><F120/><W82/><G116/><T72/><D6/><U16/><E70/><V9/><F132/><W8/><G74/><N who="0" m="28203" /><D31/><U131/><E131/><V76/><F50/><W93/><G129/><T108/><D108/><U101/><E64/><V86/><F0/><W88/><G92/><T84/><D84/><U85/><E95/><V25/><F9/><W78/><G78/><T29/><D29/><U125/><E85/><V60/><REACH who="2" step="1"/><F25/><REACH who="2" ten="446,27,69,448" step="2"/><W66/><G8/><T41/><D133/><U42/><E125/><V24/><F24/><W127/><G127/><T90/><D38/><U114/><E114/><V3/><F3/><W20/><G12/><T71/><D90/><U117/><E117/><V39/><F39/><W65/><G88/><T73/><D122/><U15/><REACH who="1" step="1"/><E42/><REACH who="1" ten="446,17,69,448" step="2"/><V2/><F2/><W124/><G43/><T1/><D123/><U103/><E103/><AGARI ba="0,2" hai="27,30,35,60,63,76,83,86,89,94,96,99,103,104" machi="103" ten="40,7700,0" yaku="1,1,52,2,53,0" doraHai="56" doraHaiUra="4" who="2" fromWho="1" sc="446,0,17,-77,69,97,448,0" owari="446,25.0,-60,-56.0,166,-23.0,448,54.0" /></mjloggm>