<mjloggm ver="2.3"><GO type="169" lobby="0"/><UN n0="%E9%9D%9E%E5%8A%B9%E7%8E%87%E6%89%93%E6%B3%95" n1="%E8%B6%85%E3%83%92%E3%83%A2%E3%83%AA%E3%83%AD" n2="%EF%BC%88%E2%89%A7%E2%96%BD%E2%89%A6%EF%BC%89" n3="%E3%81%84%E3%81%A1%E3%81%8B%E3%82%8F%E2%99%AA" dan="17,17,17,17" rate="2172.36,2227.32,2164.70,2219.30" sx="M,F,M,M"/><TAIKYOKU oya="0"/><INIT seed="0,0,0,2,1,30" ten="250,250,250,250" oya="0" hai0="18,122,45,37,107,33,44,28,7,3,52,84,6" hai1="24,81,42,41,34,70,112,110,74,38,29,14,121" hai2="75,15,32,53,71,8,119,102,61,21,72,101,55" hai3="46,31,134,125,63,12,130,27,78,40,94,23,54"/><T98/><D122/><U90/><E121/><V67/><F119/><W97/><G130/><T91/><D3/><U128/><E110/><V114/><F114/><W76/><G125/><T51/><D18/><U59/><E70/><V35/><F21/><W39/><G134/><T13/><D13/><U0/><E0/><V10/><F15/><W120/><G12/><T109/><D109/><U99/><E38/><V69/><F61/><W135/><G135/><T68/><D68/><U108/><E112/><V85/><F85/><W43/><G43/><T60/><D60/><U56/><E128/><V92/><F92/><W88/><G120/><T16/><D16/><U57/><E108/><V58/><F58/><W111/><G111/><T126/><D126/><U87/><E74/><V19/><F19/><W26/><G26/><N who="0" m="18583" /><D44/><U48/><E14/><V113/><F113/><W22/><REACH who="3" step="1"/><G22/><REACH who="3" ten="250,250,250,240" step="2"/><T65/><D37/><U129/><E129/><V62/><F62/><W132/><G132/><T117/><D117/><U4/><E4/><V124/><F124/><W20/><G20/><T2/><D2/><U115/><E115/><V86/><F67/><W9/><G9/><T106/><D65/><U66/><E66/><V133/><F133/><W11/><G11/><T82/><D7/><U93/><REACH who="1" step="1"/><E48/><REACH who="1" ten="250,240,250,240" step="2"/><V50/><F50/><W36/><G36/><T105/><D6/><U123/><E123/><V83/><F71/><W127/><G127/><T73/><D73/><U64/><E64/><V131/><F69/><W17/><G17/><T25/><D25/><U49/><E49/><V47/><F131/><RYUUKYOKU ba="0,2" sc="250,10,240,10,250,-30,240,10" hai0="45,51,52,82,84,91,98,105,106,107" hai1="24,29,34,41,42,56,57,59,81,87,90,93,99" hai3="23,27,31,39,40,46,54,63,76,78,88,94,97" /><INIT seed="0,1,2,0,2,106" ten="260,250,220,250" oya="0" hai0="62,121,33,7,45,93,132,125,117,47,114,37,53" hai1="80,48,77,82,34,135,6,44,59,70,67,0,78" hai2="36,124,32,2,40,19,20,35,58,50,91,24,109" hai3="71,133,66,112,5,85,134,31,68,115,8,51,88"/><T104/><D104/><U97/><E135/><N who="3" m="51722" /><G31/><T15/><D132/><U16/><E34/><V42/><F2/><N who="3" m="55" /><G51/><T17/><D33/><U28/><E28/><V54/><F124/><W111/><G111/><T105/><D105/><U74/><E70/><N who="3" m="26666" /><G66/><T94/><D125/><U128/><E128/><V108/><F36/><W38/><G38/><T22/><D37/><U120/><E120/><V39/><F39/><W87/><G87/><T1/><D121/><U107/><E6/><V113/><F113/><W89/><G89/><T52/><D114/><U81/><E0/><V21/><F91/><W11/><G11/><N who="0" m="4607" /><D117/><U56/><E67/><V116/><F116/><W3/><G3/><T63/><D1/><U41/><E16/><N who="2" m="12327" /><F32/><W99/><G99/><T86/><D86/><U76/><E59/><V98/><F98/><W119/><G119/><T25/><D62/><U131/><E56/><V61/><F35/><W122/><G122/><T103/><D63/><U9/><E9/><V46/><F108/><W30/><G30/><T126/><D126/><U18/><E131/><V23/><F109/><W101/><G101/><T127/><D127/><U92/><E18/><V10/><F42/><W55/><G55/><N who="0" m="21067" /><D103/><U123/><E123/><V65/><F40/><W79/><G115/><T96/><D96/><U27/><E107/><V72/><F72/><W100/><G100/><T75/><D75/><U26/><REACH who="1" step="1"/><E74/><REACH who="1" ten="260,240,220,250" step="2"/><V73/><F73/><W83/><G112/><T64/><D64/><U29/><E29/><V95/><F10/><W84/><G84/><T90/><D22/><N who="2" m="8234" /><F19/><W49/><G85/><RYUUKYOKU ba="1,3" sc="260,-15,240,15,220,15,250,-15" hai1="26,27,41,44,48,76,77,78,80,81,82,92,97" hai2="46,50,54,58,61,65,95" /><INIT seed="1,2,3,5,5,43" ten="245,255,235,235" oya="1" hai0="55,61,23,115,97,133,100,93,59,18,66,132,54" hai1="51,12,101,48,32,24,111,113,75,121,52,69,123" hai2="1,16,70,78,64,44,109,116,105,15,87,21,114" hai3="17,40,72,81,19,130,134,63,2,79,42,30,5"/><U95/><E113/><V33/><F33/><W88/><G30/><T49/><D115/><U36/><E36/><V122/><F105/><W37/><G42/><T73/><D73/><U127/><E69/><V86/><F1/><W96/><G63/><T106/><D106/><U98/><E75/><V117/><F114/><W104/><G130/><T90/><D100/><U39/><E39/><V45/><F122/><W28/><G28/><T125/><D125/><U131/><E127/><V103/><F103/><W119/><G134/><N who="0" m="51819" /><D49/><U112/><E112/><V27/><F109/><W29/><G29/><T126/><D126/><U0/><E0/><V6/><F70/><W60/><G60/><T14/><AGARI ba="2,3" hai="14,18,23,54,55,59,61,66,90,93,97" m="51819" machi="14" ten="30,1100,0" yaku="20,1" doraHai="43" who="0" fromWho="0" sc="245,47,255,-7,235,-5,235,-5" /><INIT seed="2,0,0,4,3,114" ten="292,248,230,230" oya="2" hai0="41,103,83,135,66,75,0,90,16,42,20,94,35" hai1="76,108,10,3,79,120,86,110,47,56,70,105,44" hai2="97,107,36,122,106,4,89,30,71,9,121,12,77" hai3="40,55,32,33,29,8,133,124,84,127,73,96,134"/><V131/><F36/><W43/><G73/><T49/><D35/><N who="3" m="13385" /><G96/><T11/><D135/><N who="3" m="51721" /><G8/><T7/><D66/><U72/><E70/><V37/><F37/><W1/><G29/><T101/><D83/><U99/><E72/><V31/><F71/><W65/><G65/><T63/><D63/><U39/><E99/><V85/><F97/><W100/><G84/><T34/><D34/><U45/><E86/><V68/><F68/><W17/><G17/><T64/><D64/><U129/><E10/><V50/><F30/><W69/><G69/><T98/><D75/><U123/><E3/><V128/><F31/><W112/><G1/><T46/><REACH who="0" step="1"/><D42/><REACH who="0" ten="282,248,230,230" step="2"/><N who="3" m="15913" /><G112/><T132/><D132/><U51/><E120/><V117/><F121/><W95/><G55/><T54/><D54/><U58/><E123/><V53/><F122/><W2/><G2/><T26/><AGARI ba="0,1" hai="0,7,11,16,20,26,41,46,49,90,94,98,101,103" machi="26" ten="20,8000,1" yaku="1,1,0,1,7,1,54,1,53,1" doraHai="114" doraHaiUra="92" who="0" fromWho="0" sc="282,90,248,-20,230,-40,230,-20" /><INIT seed="3,0,0,2,0,23" ten="372,228,190,210" oya="3" hai0="25,86,88,69,16,101,100,128,115,122,89,104,4" hai1="112,62,0,65,42,7,84,14,40,118,63,57,64" hai2="53,99,111,34,103,1,19,5,61,106,97,2,12" hai3="51,117,109,96,39,28,37,38,74,31,33,17,129"/><W71/><G74/><T67/><D122/><U119/><E0/><V91/><F111/><W114/><G71/><T68/><D4/><U60/><E84/><V47/><F34/><W124/><G114/><T121/><D121/><U32/><E32/><V15/><F5/><W134/><G117/><N who="1" m="44554" /><E14/><V26/><F2/><W133/><G51/><T76/><D115/><U92/><E92/><N who="2" m="56735" /><F47/><W30/><G109/><T49/><D104/><U55/><E7/><V110/><F1/><W56/><G56/><T102/><D76/><U131/><E112/><V10/><F10/><W24/><G96/><T18/><D86/><U29/><E29/><N who="3" m="11370" /><G17/><T8/><D100/><U95/><E95/><N who="2" m="58815" /><F110/><W113/><G113/><T77/><D8/><U6/><E6/><V36/><F36/><W123/><G123/><T73/><D73/><U126/><E42/><V72/><F72/><W83/><G83/><T11/><D11/><U116/><E40/><V35/><F106/><W94/><G94/><T9/><D9/><U70/><E116/><V125/><F35/><W44/><G44/><T22/><D22/><U3/><E3/><V13/><F19/><W107/><G107/><T52/><D18/><U80/><E80/><V43/><F43/><W75/><G75/><T105/><D16/><U120/><E120/><V50/><F50/><W21/><G33/><T45/><D105/><U93/><E93/><V54/><F54/><W108/><G108/><T41/><D41/><U66/><E55/><V46/><F46/><W58/><G21/><T48/><D52/><U79/><E70/><N who="0" m="27241" /><D45/><U85/><E66/><RYUUKYOKU ba="0,0" sc="372,0,228,0,190,0,210,0" /><INIT seed="4,1,0,3,4,40" ten="372,228,190,210" oya="0" hai0="63,43,38,82,55,60,100,71,73,1,16,6,61" hai1="121,21,19,79,62,106,23,76,113,8,34,84,93" hai2="98,128,28,27,45,41,92,77,120,80,123,90,104" hai3="101,35,94,33,132,22,68,124,125,119,42,131,118"/><T13/><D100/><U83/><E106/><V135/><F135/><W72/><G68/><T89/><D71/><U112/><E34/><V110/><F110/><W102/><G42/><T126/><D126/><U108/><E108/><V51/><F104/><W87/><G72/><T52/><D6/><U57/><E121/><V114/><F114/><N who="1" m="44137" /><E79/><V91/><F91/><N who="3" m="53631" /><G22/><T37/><D1/><U65/><E93/><V5/><F5/><W122/><G122/><T39/><D43/><U67/><E67/><V29/><F128/><W56/><G56/><T10/><REACH who="0" step="1"/><D89/><REACH who="0" ten="362,228,190,210" step="2"/><U69/><E69/><V133/><F133/><W48/><G101/><T20/><D20/><U96/><E21/><V74/><F29/><W0/><G102/><T116/><D116/><U47/><E23/><AGARI ba="1,1" hai="23,27,28,41,45,51,74,77,80,90,92,98,120,123" machi="23" ten="30,2000,0" yaku="7,1,52,1" doraHai="40" who="2" fromWho="1" sc="362,0,228,-23,190,33,210,0" /><INIT seed="5,0,0,3,5,130" ten="362,205,223,210" oya="1" hai0="3,108,87,127,109,119,115,13,96,30,128,51,122" hai1="114,117,123,31,91,118,107,133,16,78,28,92,17" hai2="110,126,74,121,73,12,106,0,86,56,33,82,48" hai3="134,58,116,2,44,45,81,18,8,49,101,94,84"/><U120/><E107/><V19/><F0/><W105/><G105/><T63/><D3/><U57/><E78/><V47/><F33/><W29/><G116/><T129/><D119/><U103/><E103/><V55/><F106/><W100/><G134/><T124/><D30/><U54/><E117/><V112/><F110/><N who="0" m="42602" /><D13/><U24/><E118/><V70/><F121/><W11/><G29/><T6/><D6/><U32/><E114/><V35/><F126/><N who="0" m="48170" /><D115/><U25/><E133/><V14/><F35/><W22/><G22/><T75/><D75/><U68/><E68/><V43/><F70/><W20/><G20/><T9/><D9/><U80/><E80/><V111/><F12/><W64/><G18/><T53/><D122/><U104/><E104/><V23/><F112/><W95/><G8/><T99/><D87/><U125/><E125/><V34/><F34/><W69/><G11/><T10/><D10/><U52/><E32/><V4/><F4/><W85/><G2/><T83/><D83/><U98/><E57/><V72/><F111/><W97/><G58/><N who="0" m="33087" /><D63/><U59/><E98/><AGARI ba="0,0" hai="96,98,99,128,129" m="33087,48170,42602" machi="98" ten="40,1300,0" yaku="18,1" doraHai="130" who="0" fromWho="1" sc="362,13,205,-13,223,0,210,0" /><INIT seed="6,0,0,0,1,0" ten="375,192,223,210" oya="2" hai0="134,4,60,10,84,100,96,64,31,11,114,135,118" hai1="82,89,107,43,122,66,103,69,57,80,42,67,92" hai2="1,106,72,22,52,48,56,110,63,59,9,123,127" hai3="13,32,115,54,26,113,93,90,98,49,36,112,133"/><V130/><F72/><W129/><G36/><T94/><D114/><U88/><E122/><V101/><F123/><W19/><G129/><T3/><D118/><U21/><E69/><V50/><F130/><W79/><G79/><T102/><D31/><U126/><E126/><V58/><F127/><W99/><G133/><N who="0" m="50699" /><D84/><U44/><E107/><V37/><F37/><W46/><G26/><T73/><D73/><U34/><E34/><V62/><F110/><W116/><G32/><T108/><D11/><U109/><E109/><V87/><F87/><N who="3" m="52447" /><G116/><T7/><D7/><U5/><E5/><V25/><F9/><AGARI ba="0,0" hai="9,13,19,46,49,54,98,99,112,113,115" m="52447" machi="9" ten="30,2000,0" yaku="15,1,11,1" doraHai="0" who="3" fromWho="2" sc="375,0,192,0,223,-20,210,20" /><INIT seed="7,0,0,2,1,83" ten="375,192,203,230" oya="3" hai0="110,116,22,50,48,126,0,19,33,108,134,112,23" hai1="120,93,130,21,49,46,31,27,135,34,103,53,80" hai2="107,86,122,25,123,16,41,129,10,59,35,79,69" hai3="128,67,87,28,125,70,13,68,81,9,124,58,39"/><W98/><G98/><T20/><D50/><U64/><E135/><V51/><F69/><W114/><G39/><T109/><D48/><U88/><E130/><V99/><F129/><W57/><G28/><T3/><D116/><U12/><E120/><N who="2" m="46123" /><F107/><W15/><G114/><T54/><D54/><U38/><E38/><V127/><F127/><N who="3" m="48715" /><G13/><T55/><D55/><U78/><E64/><V42/><F99/><W102/><G102/><T74/><D74/><U82/><E103/><V104/><F104/><W119/><G119/><T29/><D126/><U92/><E78/><V96/><F96/><W65/><G67/><T52/><D52/><U106/><E106/><V2/><F35/><W100/><G100/><T36/><D36/><U66/><E66/><V61/><F2/><N who="0" m="554" /><D134/><U43/><E53/><N who="2" m="34031" /><F51/><W121/><G128/><T24/><D112/><U44/><E44/><V30/><F30/><W101/><G101/><T37/><D37/><U113/><E113/><V77/><F41/><W90/><G121/><T14/><AGARI ba="0,0" hai="14,19,20,22,23,24,29,33,108,109,110" m="554" machi="14" ten="40,2700,0" yaku="34,2" doraHai="83" who="0" fromWho="0" sc="375,27,192,-7,203,-7,230,-13" owari="402,49.0,185,-31.0,196,-20.0,217,2.0" /></mjloggm>