<mjloggm ver="2.3"><GO type="41"/><UN n0="%E3%81%A8%E3%81%8A%E3%82%8A%E3%81%99%E3%81%8C%E3%81%8A" n1="%E6%82%B2%E3%81%97%E3%81%84%E3%83%94%E3%82%A8%E3%83%AD%E9%80%9F%E5%A0%B1" n2="%EF%BC%88%E2%89%A7%E2%96%BD%E2%89%A6%EF%BC%89" n3="%52%59%54%48%45%4D" dan="13,14,15,15" rate="1801,2103,2069,1922" sx="M,F,M,F"/><TAIKYOKU oya="0"/><INIT seed="0,0,0,5,2,87" ten="250,250,250,250" oya="0" hai0="40,62,33,1,56,81,15,64,61,110,37,121,9" hai1="35,120,53,113,104,111,67,5,3,82,83,27,125" hai2="34,118,112,93,28,73,32,130,77,107,47,119,88" hai3="132,54,14,31,100,98,6,124,109,39,16,75,89"/><T80/><D121/><U8/><E120/><V20/><F107/><W10/><G132/><T85/><D33/><U71/><E104/><V55/><F112/><W128/><G128/><T129/><D1/><U126/><E111/><V127/><F130/><W42/><G124/><N who="1" m="47722" /><E113/><V51/><F127/><W17/><G109/><T72/><D129/><U117/><E117/><N who="2" m="44555" /><F20/><W49/><G75/><T133/><D110/><U36/><E36/><V116/><F28/><W57/><G31/><T52/><D133/><U103/><E103/><V29/><F29/><W94/><G39/><T96/><D72/><U0/><E0/><V131/><F131/><W95/><G42/><T135/><D135/><U90/><E27/><V7/><F7/><W60/><G60/><T99/><D37/><U69/><E35/><V79/><F116/><W2/><G2/><T70/><D40/><U59/><E67/><V58/><F77/><W30/><G30/><T38/><D38/><U21/><E21/><V76/><F79/><W97/><AGARI ba="0,0" hai="6,10,14,16,17,49,54,57,89,94,95,97,98,100" machi="97" ten="20,8000,1" yaku="0,1,7,1,8,1,52,1,54,1" doraHai="87" who="3" fromWho="3" sc="250,-40,250,-20,250,-20,250,80" /><INIT seed="1,0,0,4,5,103" ten="210,230,230,330" oya="1" hai0="72,116,32,73,51,75,126,13,35,104,53,55,61" hai1="80,93,133,114,8,105,58,9,18,109,86,5,81" hai2="63,20,120,90,38,121,50,21,129,4,99,33,28" hai3="59,111,74,48,30,42,79,117,131,97,92,106,14"/><U3/><E114/><V124/><F38/><W66/><G131/><T34/><D116/><U26/><E133/><V22/><F129/><W96/><G111/><T23/><D61/><U52/><E109/><V47/><F124/><W101/><G117/><T40/><D126/><U77/><E105/><V83/><F4/><W29/><G14/><T65/><D65/><U128/><E128/><V110/><F110/><W49/><G49/><T62/><D62/><U1/><E93/><V7/><F7/><W89/><G66/><T94/><D94/><U100/><E100/><V44/><F63/><W87/><G97/><T15/><D23/><U24/><E3/><V112/><F112/><W108/><G108/><T39/><D104/><U25/><E81/><V115/><F115/><W12/><G12/><T54/><D51/><U16/><REACH who="1" step="1"/><E9/><REACH who="1" step="2"/><V67/><F83/><W64/><G106/><T60/><D60/><AGARI ba="0,1" hai="1,5,8,16,18,24,25,26,52,58,60,77,80,86" machi="60" ten="40,12000,1" yaku="1,1,2,1,54,2,53,1" doraHai="103" doraHaiUra="6" who="1" fromWho="0" sc="210,-120,220,130,230,0,330,0" /><INIT seed="1,1,0,0,4,11" ten="90,350,230,330" oya="1" hai0="115,44,28,5,89,85,23,77,135,12,107,53,43" hai1="92,25,100,104,58,56,109,98,15,81,26,33,94" hai2="16,78,131,124,2,67,8,63,118,48,90,49,46" hai3="47,132,134,112,126,40,61,7,86,108,68,121,31"/><U21/><E109/><V13/><F118/><W55/><G121/><T6/><D107/><U127/><E127/><V32/><F32/><W110/><G86/><T114/><D77/><U120/><E120/><V35/><F35/><W87/><G87/><T105/><D105/><U64/><E33/><V99/><F124/><W3/><G31/><T96/><D96/><U123/><E123/><V0/><F131/><W30/><G30/><T4/><D135/><N who="3" m="51753" /><G126/><T65/><D65/><U71/><E71/><V17/><F78/><W18/><G18/><T1/><D1/><U36/><E36/><V122/><F122/><W111/><G112/><T95/><D53/><U116/><E116/><V52/><F17/><W51/><G7/><T84/><D84/><U73/><E73/><V103/><F49/><W20/><G20/><T70/><D70/><U93/><E81/><V27/><F90/><W101/><G101/><T97/><D97/><U34/><E34/><V29/><F27/><N who="1" m="10249" /><E104/><V54/><F54/><W91/><G91/><T129/><D129/><U62/><E58/><V88/><F29/><W119/><G3/><T69/><D69/><U102/><E102/><V9/><F88/><W10/><G10/><T45/><D28/><U14/><E21/><V59/><F9/><W74/><G74/><T83/><D83/><U37/><E37/><V130/><F130/><W133/><G119/><T39/><D44/><U106/><E106/><AGARI ba="1,0" hai="0,2,8,13,16,46,48,52,59,63,67,99,103,106" machi="106" ten="30,7700,0" yaku="7,1,52,1,54,2" doraHai="11" who="2" fromWho="1" sc="90,0,350,-80,230,80,330,0" /><INIT seed="2,0,0,0,4,0" ten="90,270,310,330" oya="2" hai0="50,46,96,88,130,26,8,9,6,60,87,109,120" hai1="52,127,125,14,91,82,112,18,73,129,49,74,90" hai2="70,66,47,64,58,10,65,42,135,53,13,30,71" hai3="44,33,61,23,45,41,37,103,133,63,79,15,131"/><V104/><F135/><W100/><G33/><T22/><D120/><U28/><E112/><V62/><F104/><W92/><G133/><T2/><D130/><U80/><E28/><V1/><F1/><W116/><G116/><T98/><D109/><U35/><E35/><V76/><F76/><W3/><G3/><T94/><D9/><N who="1" m="6479" /><E129/><V128/><F30/><W102/><G131/><T4/><D60/><U40/><E40/><V17/><REACH who="2" step="1"/><F128/><REACH who="2" step="2"/><W113/><G79/><T111/><D2/><U19/><E74/><V97/><F97/><W51/><G113/><T108/><D96/><U106/><E106/><V29/><F29/><W117/><G117/><T93/><D8/><U72/><E72/><V86/><F86/><W78/><G78/><T31/><D87/><U110/><E73/><V85/><F85/><W119/><G119/><T67/><D94/><U59/><E110/><N who="0" m="42025" /><D67/><U83/><E19/><V69/><F69/><W99/><G92/><T132/><D132/><U126/><AGARI ba="0,1" hai="49,52,59,80,82,83,90,91,125,126,127" m="6479" machi="126" ten="40,2700,0" yaku="18,1,54,1" doraHai="0" who="1" fromWho="1" sc="90,-7,270,37,300,-13,330,-7" /><INIT seed="3,0,0,5,5,124" ten="83,307,287,323" oya="3" hai0="19,97,43,33,65,25,10,83,2,126,62,131,30" hai1="15,84,20,56,46,105,47,125,129,79,13,1,85" hai2="78,101,8,92,54,7,135,108,68,113,102,98,45" hai3="38,80,63,32,3,36,69,42,50,35,64,110,34"/><W89/><G3/><T37/><D126/><U119/><E119/><V16/><F113/><W88/><G110/><T121/><D121/><U118/><E118/><V116/><F116/><W12/><G80/><T60/><D83/><U67/><E105/><V24/><F68/><W52/><G42/><T9/><D9/><U53/><E1/><V77/><F102/><W128/><G12/><T40/><D37/><U41/><E67/><V81/><F135/><W57/><REACH who="3" step="1"/><G128/><REACH who="3" step="2"/><T133/><D43/><U23/><E41/><V49/><F108/><W130/><G130/><T70/><D131/><U134/><E129/><V114/><F114/><W6/><G6/><T28/><D40/><U0/><E0/><V103/><F81/><W17/><G17/><T5/><D19/><U76/><E125/><V122/><F122/><W75/><G75/><T109/><D109/><U59/><E134/><V31/><F16/><W4/><G4/><T86/><D133/><U18/><E18/><V96/><F7/><W93/><G93/><T82/><D5/><U71/><E15/><V123/><F123/><W90/><AGARI ba="0,1" hai="32,34,35,36,38,50,52,57,63,64,69,88,89,90" machi="90" ten="40,12000,1" yaku="1,1,0,1,54,2,53,0" doraHai="124" doraHaiUra="21" who="3" fromWho="3" sc="83,-40,307,-40,287,-40,313,130" /><INIT seed="3,1,0,4,4,5" ten="43,267,247,443" oya="3" hai0="4,17,100,59,38,10,14,89,132,25,74,107,69" hai1="97,93,94,3,99,42,36,128,34,125,134,120,12" hai2="130,64,104,109,30,8,116,86,127,13,39,23,35" hai3="68,20,90,26,102,111,87,53,72,21,117,62,52"/><W57/><G117/><T24/><D69/><U124/><E3/><V16/><F116/><W0/><G72/><T84/><D74/><U135/><E34/><V83/><F104/><W106/><G0/><T96/><D38/><U45/><E120/><V51/><F39/><W33/><G111/><T113/><D132/><N who="1" m="50731" /><E12/><V6/><F109/><W126/><G126/><N who="1" m="48746" /><E94/><V103/><F127/><W85/><G85/><T54/><D113/><U18/><E18/><V92/><F64/><W9/><G68/><T11/><D84/><U19/><E19/><V61/><F61/><W88/><G106/><T47/><D89/><N who="1" m="55471" /><E99/><N who="2" m="59879" /><F35/><W50/><G102/><T95/><D107/><U81/><E81/><V71/><F30/><W15/><G90/><T77/><D77/><U44/><E45/><V110/><F110/><W7/><G33/><T29/><D47/><U112/><E112/><V46/><F71/><W43/><G26/><T32/><D32/><U56/><E56/><V121/><F121/><W55/><G21/><T78/><D29/><U108/><E108/><V31/><F31/><W115/><G115/><T22/><D22/><U37/><E37/><V119/><F83/><N who="3" m="49279" /><G20/><T80/><D80/><U1/><E1/><N who="2" m="79" /><F86/><W133/><G133/><T65/><D96/><U2/><E2/><V41/><F119/><W122/><G122/><T48/><D100/><U131/><AGARI ba="1,0" hai="36,42,44,128,131" m="55471,48746,50731" machi="131" ten="40,8000,1" yaku="30,2,20,1,18,1" doraHai="5" who="1" fromWho="1" sc="43,-21,267,83,247,-21,443,-41" /><INIT seed="4,0,0,3,1,129" ten="22,350,226,402" oya="0" hai0="70,62,6,39,36,79,72,116,78,65,133,53,33" hai1="8,82,103,120,12,131,49,19,2,111,106,107,30" hai2="24,123,135,46,85,32,27,25,16,89,7,15,40" hai3="47,38,57,29,20,63,100,31,64,28,71,83,66"/><T41/><D33/><U110/><E120/><V18/><F123/><W119/><G119/><T68/><D6/><U56/><E131/><V126/><F126/><W23/><G83/><T42/><D72/><U60/><E30/><V128/><F128/><W11/><G100/><T21/><D21/><U118/><E118/><V69/><F69/><W13/><G38/><N who="0" m="14379" /><D78/><U125/><E125/><V86/><F32/><W94/><G47/><T92/><D92/><U0/><E49/><N who="2" m="26823" /><F86/><W75/><G75/><T1/><D1/><U5/><E82/><N who="2" m="49335" /><F135/><W98/><G66/><T34/><D34/><U108/><E103/><V124/><F124/><W22/><G71/><T4/><D4/><U55/><REACH who="1" step="1"/><E0/><REACH who="1" step="2"/><V76/><F76/><W58/><G31/><T52/><D79/><U117/><E117/><V26/><F26/><W48/><G29/><T80/><D116/><U10/><AGARI ba="0,1" hai="2,5,8,10,12,19,55,56,60,106,107,108,110,111" machi="10" ten="40,8000,1" yaku="1,1,0,1,53,3" doraHai="129" doraHaiUra="121" who="1" fromWho="1" sc="22,-40,340,90,226,-20,402,-20" owari="-18,-52.0,430,53.0,206,-19.0,382,18.0" /></mjloggm>