<mjloggm ver="2.3"><GO type="169" lobby="0"/><UN n0="%E3%81%AF%E3%81%9B%E3%81%99%E3%81%91%EF%BC%8E" n1="%E6%B0%97%E6%A5%BD%E3%81%AB%E6%89%93%E3%81%A4" n2="%E3%81%A0%E3%81%84%E3%81%A0%E3%81%84" n3="%EF%BC%88%E2%89%A7%E2%96%BD%E2%89%A6%EF%BC%89" dan="17,16,17,17" rate="2155.32,2150.59,2082.75,2145.85" sx="M,M,M,M"/><TAIKYOKU oya="0"/><INIT seed="0,0,0,5,0,60" ten="250,250,250,250" oya="0" hai0="13,63,64,82,44,88,28,37,129,91,15,3,124" hai1="95,77,119,4,52,93,108,25,5,121,109,0,11" hai2="18,83,84,102,27,116,76,106,65,58,43,7,81" hai3="21,9,46,57,113,68,20,8,115,75,114,1,39"/><T127/><D3/><U105/><E119/><V79/><F116/><W24/><G68/><N who="0" m="42015" /><D28/><U53/><E121/><V42/><F7/><W100/><G75/><T133/><D133/><U97/><E77/><V2/><F2/><W118/><G118/><T70/><D70/><U59/><E5/><V6/><F6/><W104/><G1/><T47/><D129/><U36/><E36/><V126/><F126/><N who="0" m="48170" /><D47/><U31/><E105/><V34/><F106/><W123/><G123/><T38/><D82/><U90/><E95/><V16/><F102/><W111/><G100/><T92/><D91/><U50/><REACH who="1" step="1"/><E53/><REACH who="1" ten="250,240,250,250" step="2"/><V32/><F43/><W41/><G104/><T55/><D55/><U112/><E112/><V45/><F42/><W107/><G114/><T72/><D72/><U131/><E131/><V35/><F79/><W86/><G115/><T66/><D66/><U130/><E130/><V61/><F81/><W33/><G113/><T51/><D37/><U22/><AGARI ba="0,1" hai="0,4,11,22,25,31,50,52,59,90,93,97,108,109" machi="22" ten="30,4000,0" yaku="1,1,0,1,54,1,53,0" doraHai="60" doraHaiUra="78" who="1" fromWho="1" sc="250,-20,240,50,250,-10,250,-10" /><INIT seed="1,0,0,2,1,14" ten="230,290,240,240" oya="1" hai0="66,101,113,2,135,10,111,69,129,112,0,125,87" hai1="83,127,99,102,67,131,130,119,80,1,50,110,12" hai2="58,72,90,91,62,52,42,43,23,117,61,121,128" hai3="32,5,22,132,98,56,34,38,11,68,122,55,65"/><U100/><E1/><V124/><F117/><W73/><G122/><T46/><D101/><U126/><E119/><V92/><F121/><W106/><G73/><T81/><D46/><U116/><E67/><V97/><F128/><N who="1" m="49193" /><E116/><V94/><F124/><N who="1" m="47657" /><E50/><V45/><F72/><W35/><G65/><T41/><D41/><U123/><E123/><V6/><F6/><W7/><G7/><T120/><D66/><U78/><E12/><V74/><F74/><W75/><G75/><T49/><D49/><U95/><E110/><V39/><F42/><W16/><G68/><T13/><D69/><U109/><E109/><V79/><F79/><W115/><G38/><T105/><D111/><U64/><E64/><V133/><F23/><W8/><G22/><T82/><D120/><U103/><E78/><V60/><F133/><W21/><G132/><T53/><D135/><U93/><E99/><AGARI ba="0,0" hai="39,43,45,52,58,60,61,62,90,91,92,94,97,99" machi="99" ten="30,3900,0" yaku="7,1,9,1,54,1" doraHai="14" who="2" fromWho="1" sc="230,0,290,-39,240,39,240,0" /><INIT seed="2,0,0,3,2,102" ten="230,251,279,240" oya="2" hai0="25,72,24,87,15,50,47,43,44,61,127,11,49" hai1="83,135,75,132,114,133,41,35,117,63,38,56,124" hai2="77,2,122,126,96,70,53,3,29,115,134,100,112" hai3="51,79,40,69,36,62,58,14,93,120,0,60,123"/><V23/><F122/><W64/><G0/><T108/><D72/><U128/><E35/><V105/><F126/><W129/><G79/><T48/><D127/><U28/><E124/><V89/><F134/><W1/><G1/><T119/><D119/><U21/><E117/><V104/><F70/><W46/><G129/><T12/><D108/><U16/><E128/><V18/><F29/><W42/><G14/><T97/><D61/><U33/><E114/><V8/><F77/><W85/><G85/><T84/><D97/><U57/><E75/><V6/><F3/><W4/><G93/><T65/><D65/><U5/><E83/><V92/><F53/><N who="3" m="33871" /><G4/><T98/><D98/><U13/><E5/><V130/><F130/><W59/><G42/><T7/><D12/><U94/><E94/><V95/><F95/><W31/><G31/><T67/><D67/><U68/><E68/><V66/><F66/><W10/><G10/><T113/><D113/><U107/><E107/><V22/><F22/><W74/><G74/><T118/><D118/><U106/><E106/><V32/><F32/><W88/><G88/><T20/><D50/><U45/><REACH who="1" step="1"/><E63/><REACH who="1" ten="230,241,279,240" step="2"/><V121/><F105/><W109/><G109/><T111/><D111/><U71/><E71/><V34/><F34/><W30/><G30/><T9/><D7/><U81/><E81/><V39/><F112/><W80/><G80/><T76/><D76/><U55/><E55/><AGARI ba="0,1" hai="36,40,46,51,55,59,62,64,69,120,123" m="33871" machi="55" ten="30,3900,0" yaku="24,1,34,2" doraHai="102" who="3" fromWho="1" sc="230,0,241,-39,279,0,240,49" /><INIT seed="3,0,0,0,1,34" ten="230,202,279,289" oya="3" hai0="74,39,113,64,16,43,42,10,57,45,8,87,23" hai1="56,110,67,100,18,7,116,124,102,88,101,77,76" hai2="31,126,25,109,91,54,17,108,6,95,63,96,104" hai3="5,81,58,80,122,132,35,97,125,36,92,83,51"/><W46/><G122/><T86/><D74/><U62/><E110/><N who="2" m="42603" /><F104/><W20/><G35/><T90/><D113/><U94/><E124/><V32/><F126/><W66/><G125/><T27/><D43/><U130/><E130/><V72/><F72/><W12/><G132/><T14/><D87/><N who="1" m="52511" /><E116/><V52/><F6/><W30/><G36/><T99/><D99/><U75/><E75/><V69/><F17/><N who="3" m="10279" /><G5/><T15/><D15/><U78/><E7/><V59/><F69/><W103/><G30/><T73/><D73/><U106/><E106/><V26/><F26/><W105/><G105/><T84/><D10/><U127/><E127/><V70/><F70/><W79/><G79/><T65/><D84/><U135/><E135/><V98/><F98/><W133/><G133/><T0/><D0/><U37/><E37/><V21/><F32/><W117/><G117/><T41/><D41/><U71/><E71/><V40/><F40/><N who="3" m="25031" /><G81/><T129/><D129/><U47/><E47/><V53/><AGARI ba="0,0" hai="21,25,31,52,53,54,59,63,91,95,96" m="42603" machi="53" ten="30,2000,0" yaku="14,1,54,1" doraHai="34" who="2" fromWho="2" sc="230,-5,202,-5,279,20,289,-10" /><INIT seed="4,0,0,3,1,88" ten="225,197,299,279" oya="0" hai0="44,112,105,58,34,20,108,47,18,96,92,82,65" hai1="127,14,53,51,131,46,23,126,80,11,68,100,30" hai2="42,103,61,85,9,94,36,89,116,10,59,101,39" hai3="13,45,129,63,115,48,21,110,16,121,124,28,132"/><T4/><D112/><U98/><E68/><V69/><F116/><W109/><G115/><T113/><D113/><U75/><E131/><V79/><F69/><W70/><G121/><T76/><D108/><U33/><E33/><V102/><F79/><W62/><G129/><T87/><D34/><U81/><E30/><V106/><F106/><W119/><G119/><T43/><D105/><U72/><E23/><V135/><F135/><W38/><G38/><T49/><D4/><U97/><E75/><V7/><F42/><W71/><G132/><T133/><D133/><U74/><E74/><V130/><F130/><W107/><G107/><T29/><D29/><U128/><E128/><V0/><REACH who="2" step="1"/><F10/><REACH who="2" ten="225,197,289,279" step="2"/><W91/><G71/><T56/><D65/><AGARI ba="0,1" hai="0,7,9,36,39,59,61,65,85,89,94,101,102,103" machi="65" ten="40,8000,1" yaku="1,1,2,1,52,1,53,1" doraHai="88" doraHaiUra="57" who="2" fromWho="0" sc="225,-80,197,0,289,90,279,0" /><INIT seed="5,0,0,1,3,55" ten="145,197,379,279" oya="1" hai0="69,52,114,106,16,89,94,111,76,132,71,118,109" hai1="112,1,70,68,22,23,96,40,12,110,49,20,131" hai2="74,50,135,125,25,127,15,44,48,19,60,93,90" hai3="122,99,13,62,0,29,88,10,45,85,3,2,59"/><U58/><E112/><V87/><F74/><W63/><G122/><T36/><D106/><U78/><E131/><V86/><F135/><W64/><G29/><T116/><D76/><U97/><E1/><V120/><F25/><W75/><G75/><T38/><D94/><U26/><E110/><N who="0" m="41993" /><D89/><U73/><E73/><V129/><F129/><W37/><G99/><T56/><D16/><U123/><E123/><V41/><F60/><W46/><G63/><N who="0" m="36231" /><D132/><U34/><E78/><V101/><F101/><W119/><G119/><N who="0" m="45611" /><D114/><U81/><E81/><V31/><F31/><W103/><G103/><T77/><D77/><U79/><E79/><V115/><F115/><W92/><REACH who="3" step="1"/><G37/><AGARI ba="0,0" hai="36,37,38,69,71" m="45611,36231,41993" machi="37" ten="40,8000,1" yaku="34,2,52,1,54,1" doraHai="55" who="0" fromWho="3" sc="145,80,197,0,379,0,279,-80" /><INIT seed="6,0,0,3,3,36" ten="225,197,379,199" oya="2" hai0="73,68,49,109,129,98,39,57,91,133,79,18,131" hai1="13,46,113,32,114,50,48,9,84,63,30,96,74" hai2="75,76,6,12,92,78,33,69,4,82,97,47,42" hai3="14,2,7,26,118,132,15,55,94,88,22,102,11"/><V34/><F69/><W43/><G118/><T60/><D39/><U121/><E74/><V35/><F78/><W10/><G132/><T72/><D133/><U5/><E121/><V66/><F66/><W65/><G65/><T61/><D109/><U127/><E127/><V1/><F12/><W24/><G102/><T122/><D122/><U31/><E63/><V45/><F45/><W71/><G71/><T100/><D91/><U85/><E96/><V23/><F23/><W86/><G43/><T20/><D68/><U90/><E50/><V124/><F124/><W105/><G105/><T25/><D49/><U51/><E48/><V3/><F4/><N who="3" m="3431" /><G2/><T116/><D116/><U117/><E117/><V125/><F125/><W38/><G38/><T52/><D61/><U107/><E107/><V115/><F3/><W41/><G41/><T99/><D99/><U83/><E85/><V123/><F123/><W27/><G55/><T126/><D126/><U62/><E62/><V59/><F42/><W104/><G104/><N who="0" m="63511" /><D79/><U130/><E32/><V111/><F34/><W103/><G103/><T93/><D93/><U37/><E37/><V120/><F35/><W29/><AGARI ba="0,0" hai="7,10,15,22,24,26,27,29,86,88,94" m="3431" machi="29" ten="30,2000,0" yaku="8,1,54,1" doraHai="36" who="3" fromWho="3" sc="225,-5,197,-5,379,-10,199,20" /><INIT seed="7,0,0,3,3,134" ten="220,192,369,219" oya="3" hai0="84,42,26,111,61,33,119,117,71,50,132,82,57" hai1="41,100,96,34,2,31,130,67,19,8,73,95,54" hai2="91,63,48,14,16,120,98,114,28,62,53,135,27" hai3="59,25,23,47,58,43,103,102,81,133,4,75,39"/><W21/><G133/><T70/><D132/><U92/><E130/><V109/><F120/><W94/><G4/><T112/><D111/><U79/><E41/><V107/><F109/><W88/><G75/><T45/><D112/><U11/><E67/><V90/><F114/><W89/><G81/><T52/><D33/><U10/><E73/><V44/><F135/><W20/><G25/><T104/><D104/><U55/><E79/><V64/><F107/><W127/><G127/><T125/><D26/><U66/><E66/><V106/><F106/><W77/><G77/><T49/><D84/><U5/><E92/><V123/><F123/><W122/><G89/><T18/><D18/><U60/><E60/><V29/><F98/><W105/><G122/><T6/><D6/><U9/><REACH who="1" step="1"/><E19/><REACH who="1" ten="220,182,369,219" step="2"/><V99/><F63/><W128/><G128/><T74/><D74/><U116/><E116/><V126/><F62/><W78/><G78/><T35/><D117/><U3/><E3/><V40/><F64/><W17/><G17/><T115/><D119/><U12/><E12/><V51/><F14/><W24/><G24/><AGARI ba="0,1" hai="2,5,8,9,10,11,24,31,34,54,55,95,96,100" machi="24" ten="40,1300,0" yaku="1,1,53,0" doraHai="134" doraHaiUra="38" who="1" fromWho="3" sc="220,0,182,23,369,0,219,-13" owari="220,2.0,205,-29.0,369,46.0,206,-19.0" /></mjloggm>