<mjloggm ver="2.3"><GO type="41" lobby="0"/><UN n0="%59%55%75%4B%49" n1="%EF%BC%88%E2%89%A7%E2%96%BD%E2%89%A6%EF%BC%89" n2="%E5%A4%A9%E5%9F%8E%E5%B0%8F%E6%AC%A1%E9%83%8E" n3="%E3%82%86%E3%81%A3%E3%81%8D%E3%82%85%E3%82%93" dan="14,17,16,15" rate="1907.97,2136.27,2087.83,1993.49" sx="M,M,M,F"/><TAIKYOKU oya="0"/><INIT seed="0,0,0,5,4,116" ten="250,250,250,250" oya="0" hai0="10,129,91,82,130,52,0,132,86,48,32,113,20" hai1="26,37,125,101,122,96,73,28,124,135,84,16,29" hai2="60,123,98,35,114,46,92,112,110,103,107,105,102" hai3="5,34,47,71,56,65,79,118,115,21,127,61,109"/><T67/><D113/><N who="2" m="43626" /><F60/><W108/><G115/><T77/><D32/><U90/><E73/><V12/><F12/><W83/><G34/><T14/><D132/><U11/><E37/><V51/><F46/><W75/><G118/><T24/><D0/><U104/><E135/><V15/><F51/><W87/><G127/><N who="1" m="48714" /><E122/><V99/><F15/><W70/><G5/><T2/><D2/><U68/><E68/><V78/><F35/><W6/><G6/><T126/><D126/><U119/><E119/><V106/><F110/><N who="3" m="42603" /><G47/><T59/><D67/><U94/><E11/><V18/><F18/><W117/><G117/><T72/><D10/><U39/><E39/><V7/><F7/><W120/><G120/><T95/><REACH who="0" step="1"/><D14/><REACH who="0" ten="240,250,250,250" step="2"/><U111/><E111/><V45/><F123/><W3/><G3/><T13/><D13/><U85/><E26/><V100/><F107/><W134/><G134/><T58/><D58/><U17/><E104/><V66/><F106/><W41/><G56/><T63/><D63/><U22/><E22/><V128/><F105/><W80/><G61/><T31/><AGARI ba="0,1" hai="20,24,31,48,52,59,72,77,82,86,91,95,129,130" machi="31" ten="30,11700,0" yaku="1,1,0,1,54,1,53,1" doraHai="116" doraHaiUra="44" who="0" fromWho="0" sc="240,127,250,-39,250,-39,250,-39" /><INIT seed="0,1,0,0,5,40" ten="367,211,211,211" oya="0" hai0="21,67,77,13,12,2,134,15,4,10,39,33,20" hai1="90,38,17,46,7,83,116,26,102,49,106,18,22" hai2="100,63,89,62,117,28,110,99,112,9,70,37,92" hai3="23,30,29,56,52,109,118,16,85,72,73,71,74"/><T130/><D39/><U132/><E116/><V0/><F112/><W119/><G71/><T113/><D77/><U96/><E38/><V44/><F117/><W101/><G109/><T6/><D67/><U64/><E132/><V104/><F110/><W53/><G119/><T82/><D82/><U108/><E108/><V126/><F126/><W105/><G118/><T58/><D58/><U115/><E115/><V41/><F28/><W81/><G101/><T122/><D113/><U34/><E34/><V123/><F123/><W50/><G105/><T8/><D122/><U129/><E129/><V32/><F32/><W43/><G43/><T97/><D97/><U24/><E64/><V111/><F111/><W84/><G53/><T76/><D76/><U91/><E7/><V80/><F70/><W1/><G1/><T133/><D33/><U14/><E83/><V69/><F69/><W55/><G55/><T65/><D65/><U93/><E106/><V114/><F114/><W131/><G131/><T120/><D130/><U45/><E26/><V127/><F127/><W88/><REACH who="3" step="1"/><G85/><REACH who="3" ten="367,211,211,201" step="2"/><T27/><D120/><U31/><E49/><V59/><F104/><W98/><G98/><T61/><D134/><U57/><E57/><V47/><F59/><W87/><G87/><T25/><D133/><U107/><E107/><V121/><F121/><W86/><G86/><T128/><D128/><U125/><E125/><V51/><F51/><W68/><G68/><T19/><D61/><N who="2" m="23050" /><F41/><W135/><G135/><T103/><D103/><U36/><E36/><V66/><F37/><W78/><G78/><RYUUKYOKU ba="1,1" sc="367,15,211,-15,211,-15,201,15" hai0="2,4,6,8,10,12,13,15,19,20,21,25,27" hai3="16,23,29,30,50,52,56,72,73,74,81,84,88" /><INIT seed="0,2,1,5,4,17" ten="382,196,196,216" oya="0" hai0="45,89,127,64,102,29,47,44,86,40,39,105,26" hai1="67,73,2,128,82,129,134,98,122,28,4,15,41" hai2="97,93,76,34,53,37,58,70,125,94,61,35,13" hai3="21,110,106,66,113,79,116,126,42,3,8,1,130"/><T115/><D115/><U112/><E122/><V109/><F37/><W46/><G113/><T90/><D127/><U65/><E112/><V84/><F125/><W103/><G126/><T92/><D64/><U71/><E134/><V131/><F131/><N who="1" m="50249" /><E71/><V51/><F109/><W32/><G32/><T68/><D68/><U38/><E15/><V75/><F75/><W121/><G66/><T52/><D102/><U31/><E98/><V43/><F13/><W81/><G1/><T60/><D105/><U72/><E67/><V77/><F70/><W88/><G3/><T56/><REACH who="0" step="1"/><D90/><REACH who="0" ten="372,196,196,216" step="2"/><U16/><E65/><V123/><F123/><W69/><G121/><T74/><D74/><U63/><E73/><V119/><F119/><W33/><G88/><T80/><D80/><U0/><E82/><V57/><F76/><W100/><G81/><T133/><D133/><U104/><E72/><V91/><F77/><W95/><G103/><T124/><D124/><U5/><E104/><V30/><F91/><W7/><G100/><T50/><D50/><U18/><E38/><V78/><F78/><W49/><G79/><T132/><D132/><U36/><E36/><V10/><F51/><W22/><G49/><T111/><D111/><U108/><E108/><V96/><F93/><W99/><G106/><T85/><D85/><U12/><E63/><V48/><F94/><W25/><G110/><T23/><AGARI ba="2,2" hai="23,26,29,39,40,44,45,47,52,56,60,86,89,92" machi="23" ten="20,18000,2" yaku="1,1,0,1,7,1,52,1,54,1,53,1" doraHai="17" doraHaiUra="83" who="0" fromWho="0" sc="372,206,196,-62,196,-62,216,-62" /><INIT seed="0,3,0,5,5,5" ten="578,134,134,154" oya="0" hai0="52,96,16,81,35,83,15,113,93,103,107,133,43" hai1="31,124,88,89,8,19,24,18,59,67,115,101,128" hai2="99,98,123,49,73,54,33,95,14,42,106,117,29" hai3="27,26,40,63,82,129,105,119,36,6,126,112,77"/><T17/><D113/><U23/><E115/><V132/><F123/><W102/><G112/><T131/><D35/><U80/><E128/><V34/><F73/><W0/><G129/><T58/><D131/><U110/><E110/><V41/><F132/><W118/><G126/><T70/><D70/><U122/><E122/><V22/><F117/><W51/><G51/><T57/><D43/><U65/><E124/><V92/><F106/><W9/><G63/><T100/><D133/><U62/><E67/><V64/><F64/><W127/><G27/><T74/><D107/><U44/><E101/><N who="0" m="38985" /><D74/><U111/><E111/><V25/><F34/><W60/><G26/><T3/><D17/><N who="1" m="6155" /><E44/><N who="2" m="27943" /><F33/><W135/><G60/><N who="0" m="35879" /><D58/><U7/><E80/><V47/><F47/><N who="3" m="23943" /><G135/><T121/><D3/><U48/><E48/><V28/><F42/><W37/><G37/><T94/><D94/><U85/><E85/><V12/><F41/><W84/><G84/><T10/><D121/><U72/><E72/><V78/><F92/><W53/><G127/><T38/><D38/><U79/><E79/><V134/><F78/><W39/><G39/><T4/><D4/><U86/><E86/><V125/><F125/><W71/><G119/><T91/><AGARI ba="3,0" hai="10,15,16,81,83,91,93,96" m="35879,38985" machi="91" ten="30,11700,0" yaku="8,1,52,1,54,2" doraHai="5" who="0" fromWho="0" sc="578,126,134,-42,134,-42,154,-42" /><INIT seed="0,4,0,2,4,10" ten="704,92,92,112" oya="0" hai0="42,49,3,23,28,38,82,125,92,50,33,78,70" hai1="1,110,108,46,44,5,18,16,73,112,100,67,54" hai2="127,109,39,113,118,60,59,14,132,81,124,133,122" hai3="20,35,9,101,0,63,117,6,48,45,15,30,36"/><T97/><D70/><U103/><E73/><V64/><F113/><W84/><G117/><T25/><D38/><U51/><E67/><V43/><F81/><W75/><G75/><T106/><D106/><U26/><E112/><V91/><F91/><W74/><G74/><T24/><D3/><U19/><E26/><V107/><F107/><W86/><G36/><T89/><D125/><N who="2" m="48202" /><F14/><W102/><G63/><T83/><D42/><U68/><E68/><V21/><F21/><W104/><G104/><T71/><D71/><U90/><E44/><N who="2" m="23679" /><F118/><W66/><G66/><T77/><D83/><U115/><E115/><V105/><F105/><W85/><G35/><T123/><D123/><U7/><E90/><V13/><F13/><W29/><G0/><T55/><D55/><U69/><E69/><V34/><F34/><W134/><G134/><N who="2" m="51817" /><F109/><N who="1" m="42089" /><E1/><V95/><F95/><W12/><G30/><T57/><D82/><U114/><E114/><V11/><F11/><N who="3" m="4215" /><G29/><T128/><D78/><U65/><E65/><V47/><F47/><W98/><G98/><T61/><D77/><U31/><E31/><V99/><F99/><W120/><G120/><AGARI ba="4,0" hai="59,60,64,120,122" m="51817,23679,48202" machi="120" ten="30,7700,0" yaku="18,1,20,1,34,2" doraHai="10" who="2" fromWho="3" sc="704,0,92,0,92,89,112,-89" /><INIT seed="1,0,0,4,4,69" ten="704,92,181,23" oya="1" hai0="132,51,87,53,134,2,55,86,124,63,91,29,105" hai1="110,82,58,103,85,9,16,133,40,119,46,14,112" hai2="117,109,18,15,62,50,123,96,93,47,101,11,37" hai3="70,10,32,27,78,28,42,26,72,77,54,79,12"/><U129/><E112/><V30/><F117/><W21/><G70/><T45/><D2/><U59/><E119/><V135/><F123/><W75/><G42/><T1/><D1/><U95/><E133/><V130/><F135/><W116/><G116/><T113/><D105/><U107/><E107/><V60/><F109/><W88/><G54/><T98/><D113/><U66/><E66/><V38/><F130/><W48/><G48/><T106/><D29/><U23/><E129/><V13/><F30/><W3/><G3/><T120/><D124/><U20/><E110/><V61/><REACH who="2" step="1"/><F13/><REACH who="2" ten="704,92,171,23" step="2"/><W19/><G32/><T90/><D120/><U67/><E14/><V56/><F56/><W65/><G27/><T41/><D134/><U100/><E59/><V0/><F0/><W7/><G28/><T6/><D45/><U36/><E46/><V76/><F76/><W74/><G77/><T111/><D111/><U81/><E58/><V84/><F84/><W108/><G108/><T5/><D86/><U57/><E85/><V68/><F68/><W35/><G35/><T39/><D87/><U31/><E57/><V8/><F8/><W118/><G118/><T104/><D132/><U64/><E31/><V125/><F125/><W122/><G122/><T99/><D63/><U44/><E44/><V94/><F94/><W52/><G65/><T126/><D106/><U92/><E9/><V24/><F24/><W49/><G78/><T114/><D104/><U89/><E67/><V80/><F80/><W22/><G79/><T4/><D126/><U43/><E64/><V83/><F83/><RYUUKYOKU ba="0,1" sc="704,-10,92,-10,171,30,23,-10" hai2="11,15,18,37,38,47,50,60,61,62,93,96,101" /><INIT seed="2,1,1,1,3,110" ten="694,82,201,13" oya="2" hai0="124,29,133,72,62,114,39,76,42,44,63,89,134" hai1="117,37,34,84,4,26,40,92,82,7,70,2,107" hai2="126,61,35,102,90,11,85,95,115,111,64,119,9" hai3="96,30,6,116,131,25,0,83,128,31,88,32,132"/><V66/><F119/><W77/><G116/><T43/><D29/><N who="1" m="19767" /><E84/><V87/><F35/><W71/><G71/><T81/><D89/><U118/><E92/><V14/><F102/><W38/><G38/><T129/><D43/><U51/><E51/><V20/><F20/><W122/><G122/><T104/><D104/><U49/><E49/><V108/><F14/><W57/><G132/><N who="0" m="50795" /><D129/><N who="3" m="49737" /><G31/><T47/><D124/><U130/><E130/><V55/><F126/><W10/><G57/><T19/><D47/><N who="1" m="23951" /><E7/><V135/><F108/><W120/><G120/><T12/><D114/><U28/><E28/><V103/><F115/><W15/><G0/><T48/><D48/><U27/><E27/><V36/><F111/><W22/><G32/><T97/><D97/><U68/><E82/><V93/><F135/><W75/><G96/><T109/><D109/><U78/><E78/><V17/><F36/><W53/><G53/><T45/><D44/><U56/><E56/><V46/><F46/><W112/><G112/><T121/><D121/><U105/><E70/><V94/><F55/><W99/><G99/><T86/><D86/><U18/><E68/><V100/><F85/><N who="3" m="50239" /><G77/><T113/><D113/><U79/><E79/><V58/><F87/><W21/><G21/><AGARI ba="1,1" hai="12,19,21,39,42,45,62,63,72,76,81" m="50795" machi="21" ten="30,1000,0" yaku="20,1" doraHai="110" who="0" fromWho="3" sc="694,23,82,0,201,0,13,-13" /><INIT seed="3,0,0,0,1,82" ten="717,82,201,0" oya="3" hai0="92,111,50,48,43,83,106,121,33,131,119,84,128" hai1="93,100,103,3,46,120,67,6,38,63,85,21,23" hai2="51,109,81,116,26,133,35,45,115,17,117,19,27" hai3="127,60,102,4,25,44,37,91,79,54,24,15,123"/><W12/><G123/><T59/><D121/><U130/><E120/><V113/><F109/><W75/><G127/><T112/><D111/><U88/><E130/><V7/><F133/><W70/><G102/><T124/><D106/><U74/><E74/><V89/><F7/><W29/><G75/><T132/><D33/><U53/><E3/><V1/><F1/><W66/><G79/><T126/><D119/><U110/><E6/><V80/><F51/><W68/><G68/><T49/><D92/><U135/><E135/><V41/><F45/><W22/><G4/><T64/><D132/><U90/><E110/><V16/><F17/><W0/><G0/><T55/><D64/><U98/><E38/><V104/><F89/><N who="1" m="34409" /><E103/><V61/><F35/><W125/><G125/><N who="0" m="48235" /><D43/><U118/><E118/><V5/><F41/><W78/><G78/><N who="0" m="46199" /><D112/><U72/><E72/><V10/><F113/><W65/><G65/><T56/><D56/><N who="1" m="37351" /><E85/><V105/><F115/><W8/><G37/><T95/><D95/><U107/><E107/><V13/><F105/><W32/><G91/><T58/><D58/><U122/><E122/><V87/><F104/><W18/><G44/><T36/><D36/><U94/><E94/><V14/><F116/><W11/><G54/><T97/><D97/><U76/><E76/><V77/><F77/><W40/><G40/><T96/><D96/><U101/><E101/><V69/><F117/><W9/><AGARI ba="0,0" hai="8,9,11,12,15,18,22,24,25,29,32,60,66,70" machi="9" ten="30,1500,0" yaku="0,1" doraHai="82" who="3" fromWho="3" sc="717,-5,82,-5,201,-5,0,15" /><INIT seed="3,1,0,2,5,76" ten="712,77,196,15" oya="3" hai0="43,27,9,99,41,101,113,123,6,3,47,26,39" hai1="87,30,40,63,65,82,22,16,8,10,48,69,103" hai2="25,37,46,121,15,122,20,97,119,77,128,86,134" hai3="66,85,64,60,28,29,62,83,18,38,34,11,126"/><W42/><G126/><T130/><D123/><N who="2" m="47114" /><F119/><W7/><G34/><T115/><D43/><U70/><E70/><V19/><F128/><W133/><G133/><T59/><D59/><N who="1" m="37119" /><E103/><V36/><F134/><W56/><G18/><T74/><D130/><U104/><E30/><N who="2" m="17703" /><F97/><W45/><G62/><T49/><D39/><U120/><E104/><V5/><F5/><W44/><G45/><T51/><D51/><U35/><E69/><V88/><F77/><W78/><REACH who="3" step="1"/><G66/><REACH who="3" ten="712,77,196,5" step="2"/><T106/><D115/><U94/><E35/><V93/><F46/><W95/><G95/><T52/><D113/><U21/><E94/><V2/><F93/><W91/><G91/><T81/><D81/><U112/><E112/><V13/><F88/><W53/><G53/><T54/><D54/><U24/><E120/><V14/><F19/><W90/><G90/><T31/><D52/><U100/><E100/><V12/><F37/><W132/><G132/><T72/><D27/><U75/><E16/><V116/><F36/><W89/><G89/><T110/><D110/><U114/><E24/><V33/><F33/><AGARI ba="1,1" hai="3,6,9,26,31,33,41,47,49,72,74,99,101,106" machi="33" ten="30,1000,0" yaku="7,1" doraHai="76" who="0" fromWho="2" sc="712,23,77,0,196,-13,5,0" /><INIT seed="4,0,0,3,1,51" ten="735,77,183,5" oya="0" hai0="40,66,18,102,7,34,50,43,87,103,2,22,67" hai1="100,94,12,75,62,132,70,134,41,17,109,88,97" hai2="64,49,118,111,98,3,59,84,27,81,54,82,25" hai3="92,58,39,5,42,126,4,108,1,135,48,23,124"/><T83/><D34/><U69/><E75/><V96/><F111/><W106/><G108/><T57/><D7/><U33/><E33/><V105/><F3/><W71/><G106/><T110/><D2/><U47/><E109/><V65/><F118/><W35/><G35/><T101/><D110/><U63/><E100/><V85/><F105/><W31/><G71/><N who="1" m="27146" /><E47/><V10/><F10/><W91/><G135/><N who="1" m="51754" /><E41/><N who="0" m="15945" /><D50/><U20/><AGARI ba="0,0" hai="12,17,20,62,63,88,94,97" m="51754,27146" machi="20" ten="30,2000,0" yaku="20,1,54,1" doraHai="51" who="1" fromWho="1" sc="735,-10,77,20,183,-5,5,-5" /><INIT seed="5,0,0,5,0,52" ten="725,97,178,0" oya="1" hai0="86,59,28,51,55,13,110,84,133,62,135,127,4" hai1="23,50,122,81,123,80,54,105,95,36,82,65,32" hai2="39,106,24,112,87,69,26,71,3,21,48,67,72" hai3="124,131,33,120,129,44,16,10,98,121,5,77,103"/><U47/><E32/><V15/><F72/><W109/><G33/><T114/><D110/><U43/><E105/><V34/><F3/><W57/><G109/><T35/><D114/><U83/><E65/><V45/><F39/><W116/><G77/><T58/><D127/><U94/><N who="1" m="20480" /><DORA hai="100" /><U90/><E23/><V78/><F106/><N who="3" m="63863" /><G44/><T11/><D28/><U63/><E63/><V61/><F112/><W108/><G108/><T128/><D35/><U19/><E19/><V76/><F71/><W118/><G124/><T18/><D18/><U31/><E31/><V17/><F34/><W7/><G57/><T46/><D59/><U99/><REACH who="1" step="1"/><E94/><REACH who="1" ten="725,87,178,0" step="2"/><V49/><F67/><W70/><G70/><T40/><D128/><N who="3" m="49225" /><G16/><T0/><D135/><U2/><E2/><V102/><F17/><W68/><G68/><T91/><D133/><U85/><E85/><V42/><F87/><W119/><G7/><T113/><D0/><AGARI ba="0,1" hai="0,5,10,116,118,119,120,121" m="49225,63863" machi="0" ten="40,8000,1" yaku="12,1,19,1,23,1,52,1" doraHai="52,100" who="3" fromWho="0" sc="725,-80,87,0,178,0,0,90" /><INIT seed="6,0,0,5,5,94" ten="645,87,178,90" oya="2" hai0="76,105,26,44,68,46,67,33,51,122,13,40,83" hai1="23,87,97,4,47,112,131,126,73,101,27,37,102" hai2="111,1,24,71,63,70,134,14,49,91,74,36,31" hai3="56,113,19,96,64,80,132,20,42,21,34,35,85"/><V124/><F1/><W84/><G132/><T22/><D33/><U58/><E73/><V6/><F36/><W52/><G42/><T75/><D122/><U53/><E126/><V77/><F134/><W65/><G113/><T116/><D105/><U2/><E131/><V7/><F124/><W15/><G21/><T86/><D116/><U78/><E112/><V129/><F129/><W54/><G54/><T130/><D130/><U127/><E127/><V121/><F121/><W43/><G43/><T48/><D67/><N who="3" m="25673" /><G35/><T88/><D68/><U93/><E102/><V79/><F74/><W107/><G34/><T72/><D13/><U3/><E4/><V30/><F14/><W38/><G38/><T66/><D66/><U32/><E32/><V41/><F41/><W60/><G107/><T5/><D5/><U117/><E117/><V10/><F70/><W118/><G118/><T45/><D75/><U125/><E125/><V28/><F71/><W0/><G0/><T98/><D72/><U95/><E37/><V106/><F106/><W17/><G17/><N who="0" m="12623" /><D40/><U81/><E47/><V114/><F114/><W25/><G15/><T57/><D57/><U135/><E135/><V9/><F6/><W103/><G80/><T12/><D12/><U120/><E120/><V128/><F128/><W92/><AGARI ba="0,0" hai="19,20,25,52,56,60,84,85,92,96,103" m="25673" machi="92" ten="30,4000,0" yaku="8,1,52,1,54,1" doraHai="94" who="3" fromWho="3" sc="645,-10,87,-10,178,-20,90,40" /><INIT seed="7,0,0,5,2,111" ten="635,77,158,130" oya="3" hai0="51,3,53,15,92,113,19,79,84,71,110,66,23" hai1="90,98,122,131,12,5,67,32,93,9,6,74,133" hai2="24,42,99,59,91,45,75,78,16,126,72,134,4" hai3="39,46,127,26,80,22,2,25,48,7,0,95,86"/><W44/><G127/><T89/><D110/><U10/><E122/><V55/><F4/><W29/><G39/><T116/><D3/><U37/><E133/><V88/><F134/><W47/><G7/><T57/><D79/><U38/><E131/><V62/><F126/><W52/><G95/><T97/><D116/><U65/><E32/><V36/><F78/><W119/><G119/><T21/><D21/><U56/><E74/><V27/><F27/><W114/><G114/><T1/><D1/><U123/><E123/><V135/><F135/><W102/><G102/><T124/><D124/><U103/><E103/><V31/><F16/><N who="3" m="12487" /><G2/><T63/><D97/><U8/><E9/><V43/><F43/><W130/><G0/><T14/><D14/><U125/><E125/><V35/><F91/><N who="3" m="51655" /><G130/><T121/><D113/><U104/><E104/><V115/><F115/><W96/><G96/><T58/><D58/><U107/><E107/><V94/><AGARI ba="0,0" hai="24,31,35,36,42,45,55,59,62,72,75,88,94,99" machi="94" ten="30,2000,0" yaku="0,1,54,1" doraHai="111" who="2" fromWho="2" sc="635,-5,77,-5,158,20,130,-10" owari="630,73.0,72,-43.0,178,-2.0,120,-28.0" /></mjloggm>