<mjloggm ver="2.3"><GO type="137"/><UN n0="%EF%BC%88%E2%89%A7%E2%96%BD%E2%89%A6%EF%BC%89" n1="%68%61%72%75%63%61" n2="%6D%61%74%74%65%77" n3="%E6%8C%87%E9%81%8B%E6%9C%80%E6%82%AA" dan="10,11,13,12" rate="1798,1639,1733,1668" sx="M,M,M,M"/><TAIKYOKU oya="0"/><INIT seed="0,0,0,1,5,79" ten="250,250,250,250" oya="0" hai0="55,82,2,12,126,130,67,74,105,75,11,85,43" hai1="46,15,70,53,19,62,97,7,87,135,117,17,40" hai2="1,34,63,59,76,96,18,28,133,93,32,99,84" hai3="25,31,37,44,77,73,115,68,106,41,8,125,114"/><T103/><D2/><U21/><E117/><V10/><F96/><W48/><G125/><T110/><D126/><U23/><E135/><V26/><F133/><W78/><G106/><T86/><D130/><U95/><E7/><V90/><F1/><W80/><G48/><T131/><D131/><U30/><E30/><V61/><F63/><W81/><G68/><T24/><D110/><U118/><E118/><V108/><F108/><W50/><G50/><T102/><D67/><U132/><E132/><V127/><F127/><W6/><G31/><T58/><D43/><U120/><E120/><V91/><F76/><W9/><G25/><T29/><D105/><U109/><E109/><V100/><F10/><W14/><G9/><T123/><D123/><U66/><E53/><V107/><F18/><W69/><G69/><T20/><D86/><AGARI ba="0,0" hai="6,8,14,37,41,44,73,77,78,80,81,86,114,115" machi="86" ten="30,3900,0" yaku="7,1,52,2" doraHai="79" who="3" fromWho="0" sc="250,-39,250,0,250,0,250,39" /><INIT seed="1,0,0,5,0,128" ten="211,250,250,289" oya="1" hai0="107,13,129,123,22,133,10,27,76,110,82,31,73" hai1="100,125,80,87,47,86,67,37,45,112,111,91,0" hai2="102,24,62,131,108,124,103,90,83,95,85,117,32" hai3="52,53,113,97,84,63,11,44,9,65,20,66,41"/><U26/><E0/><V21/><F131/><W78/><G113/><T93/><D129/><U135/><E112/><V51/><F32/><W28/><G97/><T54/><D123/><U72/><E100/><V119/><F51/><W16/><G28/><T36/><D107/><U55/><E67/><V39/><F39/><W68/><G66/><T50/><D110/><U49/><E111/><V134/><F108/><W70/><G70/><T74/><D36/><U81/><E72/><V121/><F121/><W132/><G53/><T105/><D105/><U8/><E135/><V34/><F34/><W59/><G132/><T19/><D93/><U115/><E115/><V94/><F134/><W2/><G2/><T42/><D133/><U118/><E118/><V106/><F62/><W23/><G23/><T79/><D42/><U99/><E125/><V4/><F4/><W14/><G41/><T127/><D127/><U58/><E26/><V88/><F124/><W109/><G109/><T96/><D96/><U33/><E33/><V114/><F114/><W30/><G30/><T1/><D1/><U12/><E99/><N who="2" m="61791" /><F103/><W71/><G71/><T56/><REACH who="0" step="1"/><D76/><REACH who="0" step="2"/><U77/><REACH who="1" step="1"/><E37/><REACH who="1" step="2"/><V43/><F119/><W64/><G68/><T104/><D104/><U57/><E57/><V38/><F117/><W18/><G44/><T130/><D130/><U3/><E3/><V120/><F38/><W48/><G65/><T61/><D61/><U6/><AGARI ba="0,2" hai="6,8,12,45,47,49,55,58,77,80,81,86,87,91" machi="6" ten="20,7800,0" yaku="1,1,0,1,7,1,8,1,53,0" doraHai="128" doraHaiUra="25" who="1" fromWho="1" sc="201,-26,240,98,250,-26,289,-26" /><INIT seed="1,1,0,5,5,119" ten="175,338,224,263" oya="1" hai0="97,67,43,92,81,69,120,7,60,50,34,27,130" hai1="54,113,22,129,123,68,5,131,51,57,83,55,94" hai2="76,28,59,132,46,79,84,93,58,99,105,115,64" hai3="32,4,62,116,10,38,13,71,114,87,21,74,112"/><U75/><E68/><V100/><F79/><W16/><G38/><T63/><D130/><N who="1" m="49675" /><E113/><V18/><F115/><W82/><G74/><T95/><D120/><U102/><E5/><V37/><F28/><W44/><G116/><T91/><D7/><U53/><E75/><V107/><F59/><W108/><G108/><T29/><D63/><U117/><E117/><V36/><F36/><W40/><G71/><T65/><D65/><U128/><N who="1" m="49683" /><U96/><DORA hai="133" /><E83/><V124/><F132/><W2/><G62/><T121/><D121/><U8/><E8/><V39/><F39/><W78/><G32/><T19/><D19/><U26/><E123/><V25/><F58/><W103/><G103/><T45/><D92/><U134/><E134/><V73/><F64/><W24/><G114/><T111/><REACH who="0" step="1"/><D81/><REACH who="0" step="2"/><U12/><E12/><V17/><F17/><AGARI ba="1,1" hai="17,22,26,51,53,54,55,57,94,96,102" m="49683" machi="17" ten="40,2000,0" yaku="19,1" doraHai="119,133" who="1" fromWho="2" sc="165,0,338,33,224,-23,263,0" /><INIT seed="1,2,0,2,2,113" ten="165,371,201,263" oya="1" hai0="63,31,94,111,33,76,51,114,53,134,88,17,13" hai1="28,96,16,133,125,1,22,135,47,82,89,30,129" hai2="124,61,10,112,57,127,12,20,85,40,52,92,116" hai3="43,104,110,62,65,49,38,56,34,18,4,120,39"/><U101/><E1/><V79/><F112/><W106/><G120/><T9/><D114/><U37/><E129/><V109/><F20/><W14/><G34/><T118/><D134/><N who="1" m="51211" /><E125/><N who="2" m="48203" /><F40/><W108/><G4/><T27/><D111/><U99/><E47/><V48/><F109/><W91/><G39/><T55/><D76/><U128/><E128/><V102/><F61/><W68/><G110/><T117/><D63/><U26/><E37/><V78/><F102/><W60/><G91/><T7/><D7/><U0/><E0/><V123/><F123/><W71/><G108/><T64/><D64/><U86/><E99/><V97/><F97/><W46/><G62/><T74/><D74/><U115/><E115/><V70/><F70/><W119/><G71/><T8/><D8/><U90/><E89/><N who="2" m="53295" /><F116/><W2/><G2/><T50/><D51/><U44/><E44/><V19/><AGARI ba="2,0" hai="10,12,19,48,52,57,78,79" m="53295,48203" machi="19" ten="30,2000,0" yaku="18,1,54,1" doraHai="113" who="2" fromWho="2" sc="165,-7,371,-12,201,26,263,-7" /><INIT seed="2,0,0,1,4,69" ten="158,359,227,256" oya="2" hai0="20,49,103,121,78,125,14,131,52,34,97,73,22" hai1="130,117,0,32,46,5,75,50,109,10,118,94,26" hai2="27,119,11,12,124,83,113,23,38,59,47,70,53" hai3="108,43,104,1,21,64,48,90,99,39,45,79,114"/><V74/><F113/><W100/><G114/><T56/><D121/><U85/><E75/><V81/><F119/><W88/><G1/><T44/><D125/><U63/><E109/><V126/><F70/><W72/><G64/><T112/><D112/><U58/><E130/><V67/><F74/><W31/><G108/><T105/><D131/><U9/><E118/><V68/><F68/><W13/><G72/><T42/><D34/><U24/><E117/><V128/><F128/><W19/><G79/><T80/><REACH who="0" step="1"/><D14/><REACH who="0" step="2"/><U91/><E32/><V18/><F126/><W60/><G31/><T25/><D25/><U106/><E106/><V7/><F124/><W76/><G60/><AGARI ba="0,1" hai="20,22,42,44,49,52,56,60,73,78,80,97,103,105" machi="60" ten="30,3900,0" yaku="1,1,7,1,54,1,53,0" doraHai="69" doraHaiUra="6" who="0" fromWho="3" sc="148,49,359,0,227,0,256,-39" /><INIT seed="3,0,0,0,0,17" ten="197,359,227,217" oya="3" hai0="106,100,20,51,85,35,55,89,90,70,82,108,66" hai1="107,36,129,72,111,87,113,86,9,43,45,64,52" hai2="61,101,12,49,11,48,24,38,59,134,109,83,74" hai3="88,25,10,34,62,53,0,16,23,33,1,123,18"/><W32/><G123/><T102/><D35/><N who="3" m="13385" /><G53/><T30/><D108/><U105/><E72/><V15/><F38/><W80/><G62/><T21/><D106/><U6/><E111/><V121/><F109/><W130/><G88/><N who="0" m="33899" /><D70/><U122/><E122/><V116/><F121/><W77/><G80/><T92/><D66/><U96/><E129/><V124/><F116/><W27/><G77/><N who="0" m="46287" /><D30/><U93/><E113/><V120/><F120/><W57/><G57/><N who="0" m="33023" /><D102/><U19/><E64/><V68/><F68/><W58/><G58/><T54/><D54/><U126/><E52/><V63/><F74/><W71/><G71/><T103/><D103/><U65/><E65/><V42/><F101/><W131/><G130/><T119/><D119/><U4/><E126/><V76/><F124/><W135/><G131/><T5/><D5/><U117/><E117/><V127/><F127/><W73/><G73/><T67/><D67/><U79/><E107/><V97/><F42/><W39/><G39/><T81/><D81/><U3/><E105/><V29/><F59/><W26/><G135/><T94/><D94/><U13/><E93/><V110/><F134/><W125/><N who="3" m="13393" /><W46/><DORA hai="14" /><G46/><T41/><D41/><U128/><E128/><V118/><F110/><W31/><G31/><T28/><D28/><U22/><E96/><AGARI ba="0,0" hai="20,21,92,96,100" m="33023,46287,33899" machi="96" ten="30,7700,0" yaku="8,1,52,2,54,1" doraHai="17,14" who="0" fromWho="1" sc="197,77,359,-77,227,0,217,0" /><INIT seed="4,0,0,0,4,68" ten="274,282,227,217" oya="0" hai0="29,104,25,45,61,113,70,83,95,103,65,48,121" hai1="97,8,11,36,115,10,107,120,87,88,3,67,20" hai2="117,19,129,21,13,99,30,122,66,124,96,7,33" hai3="84,79,114,126,15,31,56,27,90,24,50,123,72"/><T131/><D121/><U133/><E67/><V75/><F122/><W118/><G123/><T85/><D113/><U5/><E120/><V53/><F75/><W128/><G118/><T98/><D131/><U6/><E133/><V47/><F129/><W32/><G114/><T38/><D95/><U119/><E119/><V16/><F117/><W1/><G126/><T28/><D38/><U105/><E115/><V55/><F66/><W42/><G1/><T37/><D37/><U49/><E97/><V52/><F124/><W78/><G72/><T62/><D62/><U40/><E49/><N who="2" m="28735" /><F33/><W0/><G0/><T23/><D29/><U108/><E108/><V94/><F7/><W14/><G27/><T125/><D125/><U58/><E58/><V101/><F96/><W57/><G128/><T71/><D71/><U9/><E20/><N who="2" m="11279" /><F30/><W93/><G57/><T12/><D12/><AGARI ba="0,0" hai="12,19,21,53,55,94,99,101" m="11279,28735" machi="12" ten="30,3900,0" yaku="8,1,54,2" doraHai="68" who="2" fromWho="0" sc="274,-39,282,0,227,39,217,0" /><INIT seed="5,0,0,4,4,33" ten="235,282,266,217" oya="1" hai0="130,79,66,41,27,71,60,90,39,93,47,13,113" hai1="107,80,86,45,70,21,121,31,9,114,6,103,73" hai2="44,104,81,91,57,98,48,29,85,84,110,4,38" hai3="124,129,51,11,109,128,135,76,25,117,64,43,118"/><U7/><E70/><V0/><F110/><W127/><G64/><T111/><D111/><U126/><E121/><V50/><F29/><W132/><G76/><T100/><D130/><N who="3" m="50281" /><G25/><T96/><D113/><U1/><E114/><V37/><F85/><W63/><G63/><T28/><D79/><U18/><E126/><N who="3" m="48170" /><G11/><T101/><REACH who="0" step="1"/><D13/><REACH who="0" step="2"/><U105/><E73/><V26/><F26/><W112/><G109/><T22/><AGARI ba="0,1" hai="22,27,28,39,41,47,60,66,71,90,93,96,100,101" machi="22" ten="20,8000,1" yaku="1,1,2,1,0,1,7,1,53,1" doraHai="33" doraHaiUra="19" who="0" fromWho="0" sc="225,90,282,-40,266,-20,217,-20" /><INIT seed="6,0,0,4,4,5" ten="315,242,246,197" oya="2" hai0="20,87,3,82,22,125,39,8,88,95,80,38,67" hai1="132,56,78,60,108,35,77,37,61,68,114,63,100" hai2="27,104,92,120,102,0,28,115,34,23,106,73,89" hai3="52,1,121,30,31,26,46,14,24,6,79,7,117"/><V45/><F120/><W111/><G121/><T129/><D125/><U98/><E35/><V2/><F73/><W134/><G117/><T109/><D109/><U25/><E108/><V116/><F116/><W16/><G111/><T99/><D129/><U36/><E132/><V135/><F135/><W41/><G134/><T59/><D38/><U93/><E114/><V130/><F115/><W11/><G79/><T86/><D39/><U101/><E68/><V66/><F66/><W123/><G41/><T44/><D44/><U85/><E60/><V96/><F130/><W53/><G123/><T131/><D131/><U54/><E25/><N who="3" m="9834" /><G46/><T32/><D32/><U47/><E47/><V118/><F118/><W42/><G42/><T29/><D3/><U50/><E36/><V105/><F45/><W91/><G1/><T51/><D29/><N who="3" m="10761" /><G91/><T112/><D112/><U122/><E37/><V83/><REACH who="2" step="1"/><F34/><REACH who="2" step="2"/><W21/><G53/><T90/><D67/><U58/><E122/><V81/><F81/><W69/><G69/><T110/><D110/><U126/><E54/><V128/><F128/><W65/><G65/><T10/><D80/><U74/><E74/><V64/><F64/><W72/><G72/><T9/><D99/><U75/><E75/><V17/><F17/><N who="3" m="8415" /><G52/><AGARI ba="0,1" hai="8,9,10,20,22,51,52,59,82,86,87,88,90,95" machi="52" ten="40,12000,2" yaku="8,1,52,3,54,2" doraHai="5" who="0" fromWho="3" sc="315,130,242,0,236,0,197,-120" /><INIT seed="7,0,0,5,0,124" ten="445,242,236,77" oya="3" hai0="135,70,72,95,99,6,82,24,128,31,10,131,34" hai1="59,98,106,101,45,16,28,62,38,91,33,97,118" hai2="75,96,74,84,111,68,66,60,94,100,133,57,44" hai3="80,56,76,65,54,87,1,43,126,85,122,123,13"/><W107/><G1/><N who="0" m="335" /><D135/><U30/><E118/><V93/><F111/><W117/><G107/><T9/><D9/><U11/><E38/><V104/><F133/><W32/><G117/><T46/><D46/><U92/><E45/><V4/><F4/><W47/><G32/><T127/><D127/><U112/><E112/><V90/><F44/><W49/><G65/><T35/><D70/><U86/><E33/><V48/><F48/><W81/><G13/><T29/><D29/><U19/><E30/><V130/><F130/><N who="0" m="49706" /><D35/><U3/><E28/><V55/><F68/><W110/><G110/><T37/><D37/><U125/><E125/><V42/><F42/><W119/><G119/><T52/><D52/><U64/><E3/><V17/><F17/><W71/><G71/><T8/><D8/><U41/><E41/><V26/><F26/><W27/><G27/><T36/><D36/><U40/><E40/><V25/><F25/><W120/><G126/><T102/><D82/><U108/><E11/><V134/><F134/><W21/><G21/><T39/><D39/><U51/><E108/><V109/><F109/><W50/><REACH who="3" step="1"/><G81/><REACH who="3" step="2"/><T5/><D5/><U103/><E51/><V12/><F12/><W67/><G67/><T23/><D23/><U129/><E129/><V15/><F15/><W69/><G69/><T0/><D0/><U89/><E89/><V63/><F66/><W18/><G18/><T20/><D20/><U78/><E78/><V113/><F74/><AGARI ba="0,1" hai="43,47,49,50,54,56,74,76,80,85,87,120,122,123" machi="74" ten="40,2000,0" yaku="1,1,53,0" doraHai="124" doraHaiUra="2" who="3" fromWho="2" sc="445,0,242,0,236,-20,67,30" /><AGARI ba="0,0" hai="24,31,34,72,74,95,99,102" m="49706,335" machi="74" ten="30,7700,0" yaku="19,1,52,3" doraHai="124" who="0" fromWho="2" sc="445,77,242,0,216,-77,97,0" /><INIT seed="7,1,0,4,4,40" ten="522,242,139,97" oya="3" hai0="91,77,99,24,123,130,133,1,25,59,107,93,60" hai1="117,39,2,9,54,36,83,121,26,92,98,15,112" hai2="42,115,56,32,3,127,52,128,111,48,49,87,88" hai3="103,61,120,67,64,69,20,28,17,63,34,95,18"/><W108/><G120/><T30/><D123/><U106/><E121/><V84/><F111/><W55/><G108/><T10/><D130/><U104/><E2/><V6/><F128/><W27/><G34/><T76/><D107/><U62/><E26/><N who="0" m="10345" /><D1/><U23/><E117/><V85/><F32/><W41/><G41/><T12/><D133/><U134/><E134/><V119/><F119/><W51/><G103/><T22/><D22/><U72/><E23/><V70/><F70/><W21/><G95/><T4/><D30/><U31/><E112/><V79/><F79/><W47/><REACH who="3" step="1"/><G20/><REACH who="3" step="2"/><T57/><D57/><AGARI ba="1,1" hai="17,18,21,27,28,47,51,55,57,61,63,64,67,69" machi="57" ten="30,11600,0" yaku="1,1,2,1,7,1,52,1,53,0" doraHai="40" doraHaiUra="68" who="3" fromWho="0" sc="522,-119,242,0,139,0,87,129" /><INIT seed="7,2,0,3,5,73" ten="403,242,139,216" oya="3" hai0="122,15,39,112,78,7,67,134,75,108,36,61,123" hai1="60,118,35,124,128,91,113,49,130,38,33,93,6" hai2="71,4,66,56,135,63,102,28,16,103,105,121,45" hai3="21,17,68,127,94,53,111,82,59,125,110,97,129"/><W79/><G68/><N who="0" m="42095" /><D15/><U13/><E38/><N who="0" m="14377" /><D108/><N who="3" m="41513" /><G94/><T2/><D112/><U1/><E1/><V90/><F121/><W64/><G97/><T76/><D76/><U77/><E124/><N who="3" m="47690" /><G64/><T54/><D54/><U52/><E113/><V70/><F4/><W10/><G10/><N who="0" m="2423" /><D134/><U42/><E118/><V43/><F135/><W81/><G129/><T65/><D65/><U84/><E35/><V95/><F105/><W23/><G17/><T85/><D85/><U41/><E33/><V19/><F28/><W18/><G18/><T62/><D62/><U99/><E130/><V47/><F71/><W87/><G82/><AGARI ba="2,0" hai="75,78,82,122,123" m="2423,14377,42095" machi="82" ten="30,2000,0" yaku="23,1,52,1" doraHai="73" who="0" fromWho="3" sc="403,26,242,0,139,0,216,-26" owari="429,53,242,4,139,-36,190,-21" /></mjloggm>