<mjloggm ver="2.3"><GO type="169" lobby="0"/><UN n0="%EF%BC%A6%EF%BC%B8%E9%9B%80%E5%A3%AB" n1="%EF%BC%88%E2%89%A7%E2%96%BD%E2%89%A6%EF%BC%89" n2="%E3%82%B2%E3%82%AA%E3%83%AB%E3%82%B2%E3%83%8F%E3%82%B8%39%34" n3="%E5%A4%A9%E8%A1%A3%E7%84%A1%E7%B8%AB%E3%82%88%E3%81%A4%E3%81%B0" dan="17,18,16,16" rate="2154.29,2184.96,2015.30,2089.82" sx="M,M,M,M"/><TAIKYOKU oya="0"/><INIT seed="0,0,0,1,3,28" ten="250,250,250,250" oya="0" hai0="84,106,69,50,132,45,107,72,25,133,115,68,98" hai1="101,111,104,22,42,80,76,39,29,12,108,91,48" hai2="27,82,57,78,122,67,32,21,54,83,65,87,1" hai3="30,113,13,73,64,9,118,81,37,35,6,16,66"/><T103/><D72/><U96/><E39/><V56/><F1/><W134/><G113/><T33/><D115/><U100/><E100/><V120/><F32/><W52/><G37/><T110/><D106/><U130/><E130/><V71/><F71/><W97/><G118/><T131/><D131/><U49/><E91/><V5/><F5/><W114/><G114/><T51/><D84/><N who="1" m="48135" /><E42/><V24/><F27/><W53/><G134/><N who="0" m="51819" /><D110/><N who="1" m="42027" /><E12/><V2/><F2/><W99/><G73/><T62/><D62/><U18/><E18/><V116/><F116/><W3/><G81/><T60/><D60/><U74/><E74/><V124/><F124/><W40/><G66/><T44/><D51/><U11/><E11/><V58/><F54/><N who="3" m="21099" /><G64/><T128/><D128/><U121/><E121/><V89/><F122/><W92/><G40/><N who="0" m="24839" /><D45/><U70/><E70/><V26/><F120/><W126/><G126/><T129/><D129/><U4/><E4/><V86/><REACH who="2" step="1"/><F26/><AGARI ba="0,0" hai="22,26,29,48,49,96,101,104" m="42027,48135" machi="26" ten="30,1000,0" yaku="14,1" doraHai="28" who="1" fromWho="2" sc="250,0,250,10,250,-10,250,0" /><INIT seed="1,0,0,4,5,18" ten="250,260,240,250" oya="1" hai0="94,12,91,131,130,72,79,22,126,21,17,104,48" hai1="106,28,5,37,124,65,4,34,127,60,108,11,44" hai2="123,86,85,114,95,83,1,81,135,25,88,24,89" hai3="107,122,100,111,90,19,77,51,110,118,40,45,103"/><U121/><E121/><V13/><F1/><W8/><G122/><T102/><D126/><N who="1" m="48171" /><E106/><V101/><F123/><W52/><G77/><T10/><D104/><U116/><E116/><V64/><F135/><W78/><G78/><T3/><D102/><U27/><E108/><V16/><F64/><W70/><G70/><T120/><D120/><U63/><E11/><V69/><F69/><W109/><G118/><T35/><D35/><U59/><E63/><V105/><F105/><W61/><G107/><T49/><D3/><U39/><E44/><V53/><F114/><W112/><G112/><T99/><D72/><U80/><E80/><V26/><F53/><W68/><G90/><T14/><D79/><U132/><E132/><V54/><F54/><W113/><G113/><T46/><D48/><U57/><E57/><V58/><F58/><N who="3" m="35015" /><G68/><T129/><D12/><AGARI ba="0,0" hai="8,12,19,40,45,51,100,103,109,110,111" m="35015" machi="12" ten="30,2000,0" yaku="14,1,54,1" doraHai="18" who="3" fromWho="0" sc="250,-20,260,0,240,0,250,20" /><INIT seed="2,0,0,3,1,6" ten="230,260,240,270" oya="2" hai0="14,103,87,98,130,7,4,93,65,132,51,2,129" hai1="106,79,68,49,126,77,84,11,31,105,61,107,12" hai2="104,119,8,5,55,123,9,124,69,112,102,22,83" hai3="116,135,13,24,67,50,17,10,115,47,70,78,45"/><V33/><F123/><W66/><G116/><T88/><D132/><U0/><E0/><V117/><F33/><W60/><G135/><T86/><D2/><U110/><E31/><V120/><F120/><W121/><G121/><T15/><D65/><U100/><E100/><V34/><F34/><W85/><G115/><T43/><D129/><U89/><E126/><V41/><F69/><W108/><G108/><T44/><D130/><U134/><E134/><V128/><F124/><W42/><G47/><T122/><D122/><U58/><E49/><V18/><F112/><W73/><G73/><T133/><D133/><U37/><E37/><V16/><F41/><W82/><G24/><T71/><D71/><U74/><E74/><V75/><F128/><W99/><G99/><T20/><D87/><U19/><E68/><V127/><F127/><W125/><G125/><T32/><D32/><U118/><E118/><V57/><F104/><W27/><G27/><T76/><D76/><U95/><REACH who="1" step="1"/><E110/><REACH who="1" ten="230,250,240,270" step="2"/><V101/><F117/><W62/><G70/><T80/><REACH who="0" step="1"/><D15/><REACH who="0" ten="220,250,240,270" step="2"/><U114/><E114/><V25/><F119/><W63/><AGARI ba="0,2" hai="10,13,17,42,45,50,60,62,63,66,67,78,82,85" machi="63" ten="30,4000,0" yaku="0,1,8,1,52,1" doraHai="6" who="3" fromWho="3" sc="220,-10,250,-10,240,-20,270,60" /><INIT seed="3,0,0,0,4,131" ten="210,240,220,330" oya="3" hai0="27,124,108,77,65,38,63,60,35,73,24,72,36" hai1="133,21,66,106,84,59,57,4,23,116,8,51,15" hai2="120,33,132,11,107,93,16,10,94,1,82,42,117" hai3="55,113,76,46,7,48,39,31,114,20,40,85,62"/><W5/><G114/><T47/><D35/><U25/><E106/><V92/><F107/><W118/><G113/><T98/><D98/><U89/><E116/><V125/><F117/><W83/><G118/><T80/><D108/><U91/><E133/><V19/><F33/><W86/><G86/><T88/><D124/><U6/><E6/><V101/><F125/><W71/><G31/><T122/><D122/><U129/><E129/><V130/><F101/><W69/><G69/><T109/><D72/><U52/><E25/><V32/><F32/><W87/><G87/><T26/><D109/><U45/><E89/><V13/><F120/><W128/><G20/><N who="1" m="7754" /><E66/><V74/><F132/><W17/><G17/><T2/><D2/><U105/><E105/><V119/><F119/><W100/><G100/><T56/><D88/><U28/><E28/><V58/><F130/><W14/><G128/><T79/><D79/><U90/><E90/><V44/><F58/><W115/><G115/><T53/><REACH who="0" step="1"/><D47/><REACH who="0" ten="200,240,220,330" step="2"/><U54/><E54/><V104/><F104/><W96/><G96/><T110/><D110/><U70/><E70/><AGARI ba="0,1" hai="24,26,27,36,38,53,56,60,63,65,70,73,77,80" machi="70" ten="40,1300,0" yaku="1,1,53,0" doraHai="131" doraHaiUra="30" who="0" fromWho="1" sc="200,23,240,-13,220,0,330,0" /><INIT seed="4,0,0,3,4,72" ten="223,227,220,330" oya="0" hai0="26,120,20,11,90,31,109,16,131,62,110,61,74" hai1="24,2,119,96,9,91,107,81,45,89,77,116,42" hai2="8,71,118,82,130,97,75,27,126,80,10,134,7" hai3="18,85,78,0,58,76,12,122,69,6,40,106,67"/><T1/><D120/><U102/><E24/><V25/><F71/><W33/><G106/><T49/><D131/><U57/><E57/><V14/><F130/><W59/><G122/><T35/><D74/><N who="1" m="43191" /><E89/><V100/><F126/><W44/><G33/><T47/><D90/><U132/><E132/><V88/><F134/><W15/><G69/><T54/><D1/><U43/><E91/><V98/><F118/><W52/><G0/><T60/><REACH who="0" step="1"/><D11/><REACH who="0" ten="213,227,220,330" step="2"/><U124/><E124/><V19/><F97/><W46/><G85/><T17/><D17/><U39/><E42/><V4/><F19/><W135/><G135/><T87/><D87/><U55/><E55/><V127/><F127/><W36/><G40/><T66/><D66/><U101/><E102/><V86/><F75/><W56/><G67/><T95/><D95/><U38/><E39/><V79/><F82/><W53/><G36/><T21/><D21/><U29/><E29/><V115/><F88/><W22/><G53/><T129/><D129/><U28/><E28/><V112/><F115/><W51/><G46/><T103/><D103/><U113/><E113/><V32/><F112/><W133/><G133/><T94/><D94/><U104/><E107/><V3/><F32/><W5/><G5/><AGARI ba="0,1" hai="2,5,9,38,43,45,96,101,104,116,119" m="43191" machi="5" ten="30,3900,0" yaku="25,1,23,1,52,1" doraHai="72" who="1" fromWho="3" sc="213,0,227,49,220,0,330,-39" /><INIT seed="5,0,0,1,3,67" ten="213,276,220,291" oya="1" hai0="13,74,31,64,103,122,66,132,96,102,127,82,135" hai1="23,60,123,25,87,0,10,2,90,20,119,68,100" hai2="113,49,37,63,58,109,94,93,61,115,48,79,114" hai3="12,65,112,101,34,124,70,99,131,55,76,53,36"/><U73/><E73/><V33/><F33/><W107/><G36/><T19/><D31/><U120/><E119/><V92/><F37/><W104/><G112/><T8/><D122/><U95/><E100/><N who="0" m="38441" /><D96/><U56/><E23/><V62/><F109/><W51/><G107/><T9/><D9/><U130/><E130/><V84/><F58/><W15/><G131/><T106/><D106/><U7/><E0/><V133/><F133/><N who="0" m="51274" /><D127/><U54/><REACH who="1" step="1"/><E68/><REACH who="1" ten="213,266,220,291" step="2"/><V40/><F40/><W27/><G124/><T110/><D110/><U89/><E89/><V18/><F18/><AGARI ba="0,1" hai="2,7,10,18,20,25,54,56,60,87,90,95,120,123" machi="18" ten="30,5800,0" yaku="1,1,7,1,53,1" doraHai="67" doraHaiUra="14" who="1" fromWho="2" sc="213,0,266,68,220,-58,291,0" /><INIT seed="5,1,0,2,3,120" ten="213,334,162,291" oya="1" hai0="7,57,4,17,69,83,73,21,100,55,61,0,77" hai1="106,56,31,15,60,115,96,94,62,104,46,97,10" hai2="82,38,72,76,35,121,27,130,127,22,70,13,113" hai3="102,129,50,88,29,45,122,36,85,64,128,53,74"/><U16/><E115/><V105/><RYUUKYOKU type="yao9" ba="1,0" sc="213,0,334,0,162,0,291,0" hai2="13,22,27,35,38,70,72,76,82,105,113,121,127,130" /><INIT seed="5,2,0,3,1,34" ten="213,334,162,291" oya="1" hai0="119,14,64,55,66,0,60,121,90,37,100,120,103" hai1="118,65,28,4,48,87,111,101,50,59,73,114,102" hai2="40,31,52,11,115,95,18,133,57,113,107,125,112" hai3="39,67,42,117,97,32,8,105,98,104,74,3,116"/><U134/><E118/><N who="3" m="45674" /><G32/><T19/><D37/><U80/><E73/><V123/><F107/><N who="3" m="41035" /><G67/><T89/><D119/><U99/><E28/><V70/><F123/><W75/><G42/><T54/><D19/><U41/><E4/><V17/><F70/><W12/><G12/><T9/><D14/><U6/><E6/><V91/><F133/><W79/><G39/><T36/><D36/><U86/><E134/><V45/><F31/><W132/><G132/><T13/><D13/><U20/><E20/><V10/><F125/><W61/><G61/><T22/><D22/><U108/><E41/><V83/><F83/><N who="3" m="45559" /><G75/><T26/><D60/><U44/><E65/><V5/><F10/><W7/><AGARI ba="2,0" hai="3,7,8,97,98" m="45559,41035,45674" machi="7" ten="40,2700,0" yaku="12,1,52,1" doraHai="34" who="3" fromWho="3" sc="213,-9,334,-15,162,-9,291,33" /><INIT seed="6,0,0,5,1,30" ten="204,319,153,324" oya="2" hai0="89,6,99,88,91,116,51,100,73,86,27,4,120" hai1="72,54,90,77,64,114,10,1,115,33,130,57,66" hai2="24,55,133,12,131,5,74,81,21,117,40,62,31" hai3="25,70,46,68,49,119,32,3,43,44,75,22,59"/><V107/><F107/><W132/><G3/><T105/><D73/><U58/><E130/><V13/><F117/><W96/><G75/><T0/><D116/><U23/><E33/><V71/><F133/><W2/><G2/><T52/><D120/><U106/><E106/><V15/><F131/><W76/><G76/><T92/><D27/><U80/><E90/><V113/><F113/><N who="1" m="43017" /><E23/><V127/><F127/><W108/><G108/><T47/><REACH who="0" step="1"/><D4/><REACH who="0" ten="194,319,153,324" step="2"/><N who="1" m="1295" /><E58/><V111/><F111/><W20/><G119/><T26/><D26/><U94/><E94/><V87/><F74/><W125/><G25/><T53/><D53/><U123/><E123/><V82/><F5/><W101/><G125/><T118/><D118/><U39/><E57/><V102/><F71/><W84/><G59/><T14/><D14/><U16/><E54/><V135/><F135/><W83/><G70/><T41/><D41/><U95/><E95/><V67/><F67/><W78/><G68/><T110/><D110/><U126/><E126/><V42/><F55/><W97/><G132/><T65/><D65/><U17/><E66/><V85/><F62/><W121/><G121/><T28/><D28/><U69/><E64/><V35/><F21/><W112/><G20/><T79/><D79/><U129/><E69/><V11/><F11/><AGARI ba="0,1" hai="0,6,11,47,51,52,86,88,89,91,92,99,100,105" machi="11" ten="40,8000,1" yaku="1,1,54,2,53,1" doraHai="30" doraHaiUra="98" who="0" fromWho="2" sc="194,90,319,0,153,-80,324,0" /><INIT seed="7,0,0,1,0,72" ten="284,319,73,324" oya="3" hai0="43,11,80,14,3,21,116,60,98,124,51,96,68" hai1="8,22,100,114,83,62,113,106,87,94,2,108,52" hai2="66,65,115,78,47,58,75,13,132,36,46,53,18" hai3="38,84,119,30,6,90,61,85,17,50,134,10,127"/><W67/><G38/><T42/><D116/><U32/><E32/><V20/><F78/><W40/><G119/><T103/><D3/><U128/><E128/><V123/><F75/><W27/><G127/><T110/><D110/><U23/><E108/><V54/><F20/><N who="1" m="7721" /><E106/><V131/><F18/><W74/><G74/><T129/><D129/><U105/><E105/><V71/><F13/><N who="3" m="5335" /><G30/><T64/><D124/><U77/><E2/><V118/><F131/><W86/><G27/><T19/><D98/><N who="1" m="59479" /><E8/><V112/><F118/><W130/><G130/><T117/><D117/><U104/><E104/><V48/><F123/><W88/><G134/><T59/><D68/><U25/><E25/><V93/><F93/><W95/><G17/><T44/><D80/><U12/><E12/><V122/><F122/><W102/><G102/><T107/><REACH who="0" step="1"/><D11/><REACH who="0" ten="274,319,73,324" step="2"/><U70/><E70/><V15/><F132/><W81/><G81/><T120/><D120/><U5/><E83/><V37/><F15/><W33/><G95/><T55/><AGARI ba="0,1" hai="14,19,21,42,43,44,51,55,59,60,64,96,103,107" machi="55" ten="20,5200,0" yaku="1,1,0,1,7,1,53,1" doraHai="72" doraHaiUra="45" who="0" fromWho="0" sc="274,62,319,-13,73,-13,324,-26" owari="336,43.0,306,11.0,60,-44.0,298,-10.0" /></mjloggm>