<mjloggm ver="2.3"><GO type="41"/><UN n0="%42%6C%75%65%54%61%73%75" n1="%E3%82%B9%E3%82%B1%E3%83%AB%E3%83%88%E3%83%B3%54" n2="%E3%83%89%E3%83%A9%E3%81%AE%E3%82%93%E3%81%AD%E3%81%87%EF%BD%9E" n3="%E3%82%A6%E3%83%AB%E3%83%88%E3%83%A9%E7%AB%8B%E7%9B%B4" dan="14,15,14,15" rate="1870,1989,1889,1973" sx="M,M,M,M"/><TAIKYOKU oya="0"/><INIT seed="0,0,0,0,2,95" ten="250,250,250,250" oya="0" hai0="133,105,122,31,36,96,45,47,72,30,103,120,76" hai1="80,2,62,126,129,89,43,19,7,0,58,98,121" hai2="101,42,123,77,24,108,125,134,131,107,68,18,16" hai3="13,53,4,39,85,84,34,17,57,75,113,40,9"/><T8/><D133/><U71/><E121/><V110/><F123/><W117/><G117/><T38/><D38/><U61/><E129/><V27/><F131/><W102/><G113/><T87/><D47/><U49/><E126/><V44/><F134/><W109/><G75/><T116/><D116/><U29/><E29/><V78/><F125/><W28/><G40/><T6/><D31/><U63/><E71/><V73/><F68/><W112/><G39/><T114/><D114/><U88/><E7/><V94/><F107/><W55/><G112/><T93/><D30/><U106/><E2/><V26/><F73/><W21/><G109/><N who="2" m="42089" /><F44/><W37/><G37/><T118/><D118/><U119/><E0/><V79/><F42/><W70/><G70/><T54/><D54/><N who="1" m="32079" /><E106/><V124/><F124/><W41/><G41/><T59/><D59/><U15/><E43/><V51/><F51/><W32/><G32/><T100/><D45/><U86/><E119/><V104/><F104/><W97/><G55/><T67/><D67/><U52/><E52/><V23/><F23/><W20/><G20/><T82/><D36/><U11/><E89/><V60/><F60/><W128/><G128/><T3/><REACH who="0" step="1"/><D103/><REACH who="0" ten="240,250,250,250" step="2"/><U115/><E115/><V46/><F46/><W12/><G28/><T99/><D99/><AGARI ba="0,1" hai="11,15,19,61,62,63,80,86,88,98,99" m="32079" machi="99" ten="30,7700,0" yaku="8,1,52,2,54,1" doraHai="95" who="1" fromWho="0" sc="240,-77,250,87,250,0,250,0" /><AGARI ba="0,0" hai="16,18,24,26,27,77,78,79,94,99,101" m="42089" machi="99" ten="40,5200,0" yaku="14,1,52,1,54,1" doraHai="95" who="2" fromWho="0" sc="163,-52,337,0,250,52,250,0" /><INIT seed="1,0,0,4,0,32" ten="111,337,302,250" oya="1" hai0="48,74,56,87,96,35,85,126,73,109,122,12,124" hai1="79,97,131,33,13,130,111,60,49,84,16,31,28" hai2="112,11,58,27,82,0,99,50,103,42,70,132,76" hai3="119,94,101,17,38,20,62,54,117,34,93,2,104"/><U1/><E1/><V98/><F70/><W43/><G34/><T39/><D35/><U9/><E97/><V127/><F132/><W86/><G43/><T30/><D39/><U4/><E111/><V44/><F127/><N who="0" m="48682" /><D109/><U123/><E123/><V75/><F112/><W95/><G38/><T72/><D30/><U65/><E4/><V3/><F11/><W113/><G113/><T51/><D12/><U91/><E79/><V24/><F99/><W115/><G115/><T108/><D108/><U100/><E100/><V37/><F27/><W134/><G134/><T18/><D18/><U6/><E6/><V106/><REACH who="2" step="1"/><F24/><REACH who="2" ten="111,337,292,250" step="2"/><N who="3" m="14351" /><G104/><T66/><D96/><U77/><E9/><V92/><F92/><W7/><G101/><T90/><D122/><U46/><E130/><V23/><F23/><W118/><G7/><T55/><D74/><U102/><E131/><V5/><F5/><W19/><G19/><T89/><D73/><U36/><E102/><V71/><F71/><W61/><G2/><T114/><D114/><U125/><E125/><V14/><F14/><W121/><G121/><T69/><D72/><U22/><E13/><V83/><F83/><W67/><G86/><T8/><D69/><U116/><E84/><V29/><F29/><W45/><G94/><T10/><D8/><U64/><E31/><V133/><F133/><W68/><G95/><T40/><D10/><U25/><E28/><V128/><F128/><W110/><G93/><T107/><D107/><U41/><E16/><V129/><F129/><W80/><G80/><T81/><D81/><U15/><E33/><RYUUKYOKU ba="0,1" sc="111,-10,337,-10,292,30,250,-10" hai2="0,3,37,42,44,50,58,75,76,82,98,103,106" /><INIT seed="2,1,1,5,3,36" ten="101,327,322,240" oya="2" hai0="2,86,87,46,122,88,47,30,85,10,34,7,115" hai1="124,133,17,15,75,123,13,80,128,79,93,96,11" hai2="71,106,5,102,54,60,127,116,98,37,110,56,12" hai3="9,62,83,84,91,82,117,48,3,105,52,51,126"/><V27/><F116/><W101/><G117/><T81/><D115/><U131/><E133/><V64/><F127/><W6/><G126/><T113/><D113/><U114/><E114/><V22/><F110/><W50/><G101/><T29/><D122/><U16/><E124/><V28/><F37/><W26/><G105/><T57/><D30/><U121/><E93/><V55/><F71/><W94/><G26/><T67/><D47/><U45/><E96/><V1/><F1/><W90/><G62/><T109/><D109/><U65/><E65/><V44/><F44/><W40/><G83/><T112/><D112/><U129/><REACH who="1" step="1"/><E45/><REACH who="1" ten="101,317,322,240" step="2"/><V20/><REACH who="2" step="1"/><F22/><AGARI ba="1,2" hai="11,13,15,16,17,22,75,79,80,121,123,128,129,131" machi="22" ten="40,8000,1" yaku="1,1,2,1,19,1,54,1,53,0" doraHai="36" doraHaiUra="120" who="1" fromWho="2" sc="101,0,317,103,322,-83,240,0" /><INIT seed="3,0,0,4,2,6" ten="101,420,239,240" oya="3" hai0="1,50,23,58,117,135,85,88,15,93,128,20,66" hai1="3,41,73,13,33,69,49,116,26,30,18,132,12" hai2="10,99,0,133,67,75,90,118,56,60,105,79,119" hai3="14,16,27,51,52,54,65,19,63,4,17,126,124"/><W87/><G27/><T129/><D117/><U48/><E73/><V25/><F133/><W121/><G121/><T55/><D1/><U115/><E69/><V114/><F114/><W89/><G4/><T32/><D32/><U123/><E123/><V111/><F111/><W64/><G14/><T2/><D2/><U34/><E3/><V84/><F118/><W100/><G100/><T80/><D135/><U102/><E33/><V130/><F119/><W77/><G77/><T127/><D127/><N who="3" m="48681" /><G51/><T47/><D20/><U22/><E116/><V38/><F38/><W82/><G64/><T107/><D107/><U122/><E122/><V96/><F105/><W43/><G43/><T36/><D36/><U108/><E108/><V106/><F106/><W109/><G109/><T134/><D134/><U28/><E28/><V91/><F79/><W110/><G110/><T53/><D66/><U59/><E132/><V61/><F75/><W97/><G97/><T37/><D37/><U72/><E72/><V68/><F25/><W81/><G81/><T101/><D101/><U35/><E102/><V39/><F39/><W8/><G8/><T74/><D74/><U95/><E35/><V78/><F78/><W21/><G21/><T9/><D23/><U29/><E115/><V131/><F67/><W86/><G86/><T5/><REACH who="0" step="1"/><D93/><REACH who="0" ten="91,420,239,240" step="2"/><U62/><E95/><N who="2" m="54727" /><F0/><W112/><G112/><T103/><D103/><U7/><E30/><V40/><F68/><AGARI ba="0,1" hai="16,17,19,52,54,63,65,68,82,87,89" m="48681" machi="68" ten="30,5800,0" yaku="18,1,54,2" doraHai="6" who="3" fromWho="2" sc="91,0,420,0,239,-58,240,68" /><INIT seed="3,1,0,0,5,38" ten="91,420,181,308" oya="3" hai0="60,109,73,98,114,134,104,48,44,120,84,123,127" hai1="61,16,49,27,101,45,11,56,69,100,74,80,28" hai2="107,115,33,37,72,78,58,31,67,95,108,24,79" hai3="0,63,94,1,40,25,133,71,65,59,99,50,13"/><W43/><G1/><T35/><D60/><U124/><E69/><V17/><F108/><W121/><G0/><T129/><D84/><U122/><E122/><V36/><F107/><W70/><G121/><T47/><D98/><U113/><E113/><V135/><F115/><W4/><G70/><T68/><D47/><U19/><E124/><V3/><F79/><W5/><G133/><T83/><D83/><U8/><E74/><V41/><F95/><W130/><G130/><T42/><D48/><U75/><E75/><V51/><F17/><N who="1" m="6729" /><E80/><V106/><F106/><W112/><G112/><T81/><D42/><N who="3" m="15913" /><G71/><T103/><D44/><U18/><E28/><V21/><F33/><W55/><G25/><T26/><D26/><U6/><E6/><V52/><F3/><W87/><G87/><T132/><D81/><U7/><E7/><V89/><F135/><W15/><G5/><T76/><D103/><N who="1" m="39499" /><E27/><V62/><F72/><W93/><G4/><T91/><D134/><U30/><E30/><V46/><F78/><W32/><G32/><T57/><D57/><U64/><E18/><V54/><F89/><N who="3" m="55727" /><G94/><T119/><D91/><U126/><E126/><V39/><AGARI ba="1,0" hai="21,24,31,36,37,39,41,46,51,52,54,58,62,67" machi="39" ten="30,4000,0" yaku="0,1,52,1,54,1" doraHai="38" who="2" fromWho="2" sc="91,-11,420,-11,181,43,308,-21" /><INIT seed="4,0,0,0,0,94" ten="80,409,224,287" oya="0" hai0="105,44,20,39,115,63,55,25,6,116,61,124,68" hai1="38,92,132,64,130,54,98,43,71,78,67,24,83" hai2="134,31,70,45,59,26,21,42,109,23,120,112,97" hai3="15,117,108,32,89,80,11,85,30,91,121,77,62"/><T4/><D116/><U111/><E111/><V72/><F120/><W75/><G117/><T101/><D124/><U128/><E132/><V57/><F109/><W50/><G108/><T104/><D115/><U33/><E38/><V36/><F134/><W58/><G30/><T99/><D104/><U65/><E43/><V49/><F112/><W86/><G32/><T114/><D114/><U110/><E110/><V40/><F72/><W14/><G75/><T93/><D63/><U13/><E13/><V96/><F70/><W22/><G77/><T29/><D105/><U133/><E133/><V79/><F79/><W87/><G121/><T47/><D44/><U73/><E54/><V56/><F40/><W37/><G50/><T119/><D119/><U46/><E46/><V35/><F36/><W10/><G37/><T48/><REACH who="0" step="1"/><D39/><REACH who="0" ten="70,409,224,287" step="2"/><U118/><E118/><V18/><F35/><W90/><G62/><T19/><D19/><U106/><E106/><V53/><F42/><W126/><G126/><T88/><D88/><U66/><E71/><V51/><REACH who="2" step="1"/><F49/><REACH who="2" ten="70,409,214,287" step="2"/><W34/><G34/><T76/><D76/><U1/><E33/><V60/><F60/><W52/><G80/><T127/><D127/><U81/><E81/><V7/><F7/><W17/><G17/><T27/><D27/><AGARI ba="0,2" hai="18,21,23,26,27,31,45,51,53,56,57,59,96,97" machi="27" ten="40,8000,1" yaku="1,1,8,1,52,2,53,0" doraHai="94" doraHaiUra="107" who="2" fromWho="0" sc="70,-80,409,0,214,100,287,0" owari="-10,-51.0,409,51.0,314,11.0,287,-11.0" /></mjloggm>