<mjloggm ver="2.3"><GO type="169" lobby="0"/><UN n0="%EF%BC%88%E2%89%A7%E2%96%BD%E2%89%A6%EF%BC%89" n1="%E3%81%B2%E3%81%BD%E3%81%8D%E3%82%88%E3%81%97" n2="%E3%83%90%E3%83%AB%E3%81%B0%E3%82%8B" n3="%4E%4F%42%55%53%48%49" dan="18,18,16,16" rate="2139.38,2216.12,2033.26,2091.71" sx="F,M,M,M"/><TAIKYOKU oya="0"/><INIT seed="0,0,0,5,1,30" ten="250,250,250,250" oya="0" hai0="68,120,46,104,50,51,95,53,17,16,65,131,93" hai1="23,77,8,29,1,76,101,5,111,33,105,90,85" hai2="75,35,123,44,87,27,66,98,96,32,4,24,25" hai3="40,6,109,113,0,45,127,107,128,135,121,34,133"/><T61/><D120/><U36/><E111/><V88/><F75/><W62/><RYUUKYOKU type="yao9" ba="0,0" sc="250,0,250,0,250,0,250,0" hai3="0,6,34,40,45,62,107,109,113,121,127,128,133,135" /><INIT seed="0,1,0,0,5,109" ten="250,250,250,250" oya="0" hai0="42,114,8,69,94,2,9,35,127,28,96,36,98" hai1="116,16,34,51,27,67,134,5,83,14,99,59,46" hai2="48,76,123,85,87,4,18,133,78,130,81,7,39" hai3="100,24,86,57,10,43,66,82,30,103,121,25,31"/><T13/><D127/><U97/><E134/><V41/><F39/><W56/><G121/><T108/><D69/><U115/><E116/><V3/><F133/><W44/><G10/><T131/><D2/><U113/><E5/><V65/><F65/><W75/><G75/><T119/><D119/><U125/><E83/><V89/><F130/><W73/><G73/><T6/><D108/><U112/><E125/><V68/><F68/><W71/><G71/><T50/><D36/><U135/><E135/><V47/><F123/><W128/><G128/><T101/><D131/><U63/><E27/><V92/><F3/><W22/><G66/><T122/><D9/><N who="1" m="6223" /><E34/><V104/><F104/><W12/><G12/><T126/><D126/><U54/><AGARI ba="1,0" hai="46,51,54,59,63,67,97,99,112,113,115" m="6223" machi="54" ten="30,8000,1" yaku="11,1,52,3,54,1" doraHai="109" who="1" fromWho="1" sc="250,-41,250,83,250,-21,250,-21" /><INIT seed="1,0,0,2,0,131" ten="209,333,229,229" oya="1" hai0="47,86,46,6,123,29,10,126,74,112,133,0,89" hai1="120,17,124,84,95,13,18,80,127,24,73,108,109" hai2="63,49,62,134,39,3,45,79,111,117,42,22,11" hai3="69,38,51,125,94,40,14,37,31,122,1,7,91"/><U78/><E120/><V88/><F117/><W121/><G1/><T101/><D112/><U23/><E73/><V57/><F79/><W55/><G69/><T105/><D123/><U41/><E41/><V61/><F111/><N who="1" m="42569" /><E95/><V106/><F106/><W100/><G100/><T59/><D74/><U118/><E118/><V8/><F3/><W58/><G40/><T85/><D85/><U48/><E48/><V72/><F72/><W44/><G44/><T60/><D126/><N who="1" m="48171" /><E18/><V65/><F39/><W68/><G51/><T26/><D105/><U104/><E104/><V15/><F62/><W107/><G38/><T76/><D86/><U2/><E2/><V30/><F63/><W130/><G37/><T90/><D60/><U36/><E36/><V98/><F49/><W77/><G107/><T28/><D0/><U32/><E32/><V4/><F42/><W25/><G122/><T70/><D46/><U81/><E81/><V21/><F45/><W64/><G94/><T87/><D47/><U119/><E119/><V128/><F61/><W35/><G125/><T102/><D59/><U83/><E83/><V20/><F57/><W71/><G58/><T99/><D70/><U82/><E82/><V97/><F65/><W75/><G64/><T5/><D99/><U43/><E43/><V52/><F98/><W113/><G68/><T67/><D67/><U115/><E115/><V9/><F97/><W114/><G71/><T129/><D101/><U132/><E13/><V103/><F103/><W135/><G114/><T92/><D102/><U110/><N who="1" m="42577" /><U116/><DORA hai="19" /><E116/><RYUUKYOKU ba="0,0" sc="209,-10,333,30,229,-10,229,-10" hai1="17,23,24,78,80,84,132" /><INIT seed="1,1,0,3,0,73" ten="199,363,219,219" oya="1" hai0="8,11,135,34,89,130,87,107,116,65,16,47,126" hai1="52,51,133,44,100,132,88,39,128,35,21,83,81" hai2="74,125,77,12,20,53,96,10,25,56,92,50,64" hai3="40,108,101,18,121,3,80,63,99,1,104,46,93"/><U131/><E35/><V27/><F125/><W62/><G121/><T22/><D116/><U120/><E100/><V30/><F27/><W55/><G108/><T38/><D107/><U134/><E120/><V79/><F74/><W76/><G104/><T23/><D34/><U94/><E21/><V111/><F111/><W7/><G18/><T106/><D126/><U49/><E51/><V103/><REACH who="2" step="1"/><F64/><REACH who="2" ten="199,363,209,219" step="2"/><W42/><G3/><T123/><D65/><U15/><E128/><V66/><F66/><W109/><G1/><T41/><D130/><U33/><E131/><V91/><F91/><W36/><G109/><T54/><D89/><U5/><E33/><V84/><F84/><W117/><G117/><T129/><D87/><U57/><E88/><V37/><F37/><W4/><G36/><T68/><D38/><U14/><E94/><V71/><F71/><W90/><G93/><T6/><D68/><U102/><E102/><V82/><F82/><N who="1" m="31241" /><E5/><AGARI ba="1,1" hai="5,10,12,20,25,30,50,53,56,77,79,92,96,103" machi="5" ten="30,12000,2" yaku="1,1,7,1,8,1,52,2,53,1" doraHai="73" doraHaiUra="17" who="2" fromWho="1" sc="199,0,363,-123,209,133,219,0" /><INIT seed="2,0,0,4,5,43" ten="199,240,342,219" oya="2" hai0="11,54,123,66,56,101,91,134,12,30,40,71,74" hai1="9,34,24,127,6,80,73,45,63,28,55,85,39" hai2="125,14,33,95,116,105,35,96,41,19,7,62,102" hai3="60,88,1,103,81,68,21,72,117,0,53,23,70"/><V118/><F7/><W16/><G117/><T32/><D74/><U48/><E127/><V100/><F125/><W110/><G103/><T26/><D123/><U17/><E73/><V58/><F35/><W29/><G110/><T64/><D134/><U31/><E39/><V82/><F33/><W37/><G37/><T50/><D71/><U2/><E63/><V133/><F133/><W126/><G126/><T3/><D3/><U38/><E38/><V78/><F41/><W83/><G29/><T57/><D101/><U20/><REACH who="1" step="1"/><E34/><REACH who="1" ten="199,230,342,219" step="2"/><V99/><F116/><W52/><G60/><T115/><D115/><U121/><E121/><V130/><F118/><W10/><G72/><T65/><D91/><AGARI ba="0,1" hai="2,6,9,17,20,24,28,31,45,48,55,80,85,91" machi="91" ten="30,3900,0" yaku="1,1,7,1,52,1,53,0" doraHai="43" doraHaiUra="97" who="1" fromWho="0" sc="199,-39,230,49,342,0,219,0" /><INIT seed="3,0,0,1,5,24" ten="160,279,342,219" oya="3" hai0="3,37,83,104,44,50,29,120,75,33,129,116,21" hai1="52,5,108,53,87,38,71,35,121,134,42,70,125" hai2="79,135,86,40,92,124,91,93,105,82,89,16,49" hai3="41,18,99,128,13,61,126,98,94,19,56,31,63"/><W9/><G126/><T76/><D120/><U58/><E35/><V119/><F135/><W20/><G128/><T46/><D116/><U57/><E87/><V114/><F105/><W51/><G31/><T30/><D104/><U28/><E28/><V111/><F111/><W1/><G1/><T133/><D133/><U110/><E5/><V34/><F34/><W15/><G99/><T7/><D129/><U68/><E134/><V84/><F114/><W64/><G41/><N who="0" m="22575" /><D21/><U96/><E96/><V88/><F119/><W67/><G51/><T85/><D85/><U106/><E106/><V55/><F40/><W118/><G118/><T109/><D33/><U130/><E130/><V23/><F124/><W95/><REACH who="3" step="1"/><G98/><REACH who="3" ten="160,279,342,209" step="2"/><T66/><D109/><N who="1" m="42091" /><E125/><V122/><F122/><W54/><G54/><N who="1" m="21098" /><E121/><V112/><F112/><W22/><G22/><T27/><D30/><U115/><E115/><V80/><F23/><W2/><G2/><T113/><D29/><U0/><E0/><V62/><F49/><W90/><G90/><T6/><D113/><U77/><E77/><V65/><F79/><W25/><G25/><T10/><D27/><U78/><E78/><V101/><F91/><W81/><G81/><T14/><D3/><U47/><AGARI ba="0,1" hai="38,42,47,57,58,68,70,71" m="21098,42091" machi="47" ten="40,8000,1" yaku="14,1,34,2,54,1" doraHai="24" who="1" fromWho="1" sc="160,-20,279,90,342,-20,209,-40" /><INIT seed="4,0,0,2,3,9" ten="140,369,322,169" oya="0" hai0="88,21,35,25,80,41,29,107,115,105,111,127,57" hai1="11,70,101,82,48,23,118,73,114,135,74,7,86" hai2="16,62,40,30,112,75,65,1,63,3,18,34,36" hai3="2,134,37,90,58,49,77,13,66,42,131,92,51"/><T17/><D115/><U87/><E118/><V94/><F75/><W31/><G2/><T47/><D127/><U26/><E70/><V122/><F122/><W50/><G77/><T4/><D111/><U116/><E87/><V0/><F112/><W12/><G134/><T129/><D129/><U20/><E20/><V52/><F94/><W19/><G131/><T44/><D4/><U110/><E110/><V32/><F40/><W10/><G31/><T133/><D133/><U6/><E6/><V33/><F30/><W106/><G106/><T78/><D57/><U113/><E73/><V54/><F36/><W43/><G37/><T93/><D80/><U89/><E74/><V91/><F91/><W71/><G71/><T126/><D78/><U24/><E135/><V15/><F65/><W67/><G13/><T45/><D41/><N who="3" m="15369" /><G58/><T121/><D126/><U76/><E76/><V81/><F81/><W79/><G79/><T8/><D8/><U72/><E11/><V97/><F97/><AGARI ba="0,0" hai="10,12,19,49,50,51,66,67,90,92,97" m="15369" machi="97" ten="30,2000,0" yaku="8,1,52,1" doraHai="9" who="3" fromWho="2" sc="140,0,369,0,322,-20,169,20" /><INIT seed="5,0,0,0,3,1" ten="140,369,302,189" oya="1" hai0="27,77,73,122,9,47,83,85,46,69,37,86,36" hai1="12,2,128,40,94,28,88,66,112,54,70,131,95" hai2="7,42,79,92,61,63,4,115,87,62,65,41,18" hai3="110,114,118,22,29,120,17,74,48,14,75,98,109"/><U90/><E2/><V23/><F115/><W10/><G120/><T3/><D122/><U135/><E40/><N who="2" m="15467" /><F65/><W44/><G118/><T20/><D69/><U82/><E70/><V19/><F92/><W71/><G71/><T68/><D68/><U30/><E66/><V11/><F11/><W103/><G114/><T5/><D46/><U55/><E112/><V39/><F39/><W81/><G75/><T119/><D119/><U60/><E60/><V53/><F53/><W38/><G38/><T59/><D59/><U64/><E64/><V123/><F123/><W89/><G48/><T8/><D8/><U116/><E116/><V15/><F19/><W45/><G44/><T78/><D47/><U130/><E130/><V106/><F106/><W108/><G45/><T58/><D58/><U91/><E95/><V132/><F132/><W21/><G29/><T51/><D51/><U100/><E94/><V121/><F121/><W16/><G10/><T97/><D97/><U101/><E135/><V93/><F93/><N who="3" m="58831" /><G74/><T117/><D117/><U52/><E128/><V72/><F72/><W127/><G110/><T32/><D32/><U107/><E107/><V133/><F133/><W105/><G105/><T34/><D34/><U57/><E57/><V76/><F76/><W35/><G35/><T96/><D96/><U102/><E131/><V99/><F99/><W56/><G109/><T84/><REACH who="0" step="1"/><D77/><REACH who="0" ten="130,369,302,189" step="2"/><U25/><E102/><V43/><F79/><W13/><G108/><T67/><D67/><U33/><E101/><V125/><F63/><W49/><G49/><T24/><D24/><RYUUKYOKU ba="0,1" sc="130,30,369,-10,302,-10,189,-10" hai0="3,5,9,20,27,36,37,73,78,83,84,85,86" /><INIT seed="6,1,1,5,3,102" ten="160,359,292,179" oya="2" hai0="107,12,17,109,129,128,6,78,99,43,133,40,44" hai1="130,59,123,69,63,110,120,83,108,76,90,52,84" hai2="135,116,54,3,95,41,32,31,45,33,37,15,80" hai3="39,74,61,115,91,10,51,81,23,62,114,113,0"/><V88/><F116/><W29/><G39/><T47/><D109/><U94/><E69/><V64/><F3/><W66/><G51/><T18/><D78/><U4/><E4/><V89/><F31/><W77/><G91/><T2/><D133/><U60/><E60/><V121/><F121/><N who="1" m="46665" /><E130/><N who="0" m="50281" /><D2/><U86/><AGARI ba="1,1" hai="52,59,63,76,83,84,86,90,94,108,110" m="46665" machi="86" ten="30,2000,0" yaku="13,1,54,1" doraHai="102" who="1" fromWho="1" sc="160,-6,359,33,292,-11,179,-6" /><INIT seed="7,0,0,2,5,71" ten="154,392,281,173" oya="3" hai0="80,31,118,135,62,122,129,101,3,117,95,131,50" hai1="11,114,109,56,35,126,102,15,10,89,38,9,12" hai2="74,90,8,97,55,111,36,57,83,128,27,133,17" hai3="20,108,6,92,14,75,107,120,84,91,110,68,70"/><W66/><G120/><T85/><D3/><U43/><E109/><N who="3" m="42090" /><G107/><T45/><D122/><U134/><E35/><V132/><F128/><N who="0" m="49226" /><D31/><U88/><E114/><V53/><F74/><W39/><G75/><T22/><D22/><U63/><E102/><V124/><F124/><W60/><G68/><T0/><D0/><U1/><E134/><V69/><F69/><W86/><G39/><T119/><D62/><U26/><E126/><V72/><F36/><W130/><G130/><T87/><D135/><U2/><E26/><V54/><F72/><W30/><G30/><T18/><D18/><U24/><E24/><V25/><F17/><N who="3" m="10295" /><G6/><T82/><D50/><U29/><E29/><V125/><F125/><W115/><G115/><T105/><D45/><U34/><E1/><V67/><F111/><W123/><G123/><T47/><D47/><U98/><E2/><V106/><F132/><W37/><G37/><T51/><D51/><U46/><E38/><V100/><F133/><W32/><G32/><T93/><D105/><U33/><E33/><V116/><F106/><W59/><G70/><T104/><D104/><U113/><E15/><V65/><F27/><W40/><G40/><T96/><D95/><U4/><E34/><V103/><F25/><W16/><G16/><T76/><D117/><U94/><E113/><V79/><F8/><N who="1" m="3177" /><E46/><V121/><F121/><W5/><G5/><T28/><D28/><U64/><E43/><V44/><F44/><W13/><G13/><T48/><D48/><U49/><E49/><V42/><F42/><W127/><G127/><T78/><AGARI ba="0,0" hai="76,78,80,82,85,87,93,96,101,118,119" m="49226" machi="78" ten="30,7900,0" yaku="5,1,19,1,34,2" doraHai="71" who="0" fromWho="0" sc="154,79,392,-20,281,-20,173,-39" owari="233,-17.0,372,48.0,261,6.0,134,-37.0" /></mjloggm>