<mjloggm ver="2.3"><GO type="9"/><UN n0="%EF%BC%88%E2%89%A7%E2%96%BD%E2%89%A6%EF%BC%89" n1="%34%30%36%34" n2="%E9%9D%92%E3%81%AE%E5%89%A3%EF%BC%8B%EF%BC%95" n3="%4F%47%43%4B" dan="8,0,7,8" rate="1747,1500,1559,1609" sx="M,M,M,M"/><TAIKYOKU oya="0"/><INIT seed="0,0,0,2,5,69" ten="250,250,250,250" oya="0" hai0="74,58,126,31,28,117,11,109,100,26,64,36,120" hai1="29,116,85,9,93,55,27,105,97,125,108,88,133" hai2="6,32,35,4,38,78,44,84,39,131,48,22,5" hai3="121,68,57,103,134,76,52,99,62,23,94,12,71"/><T25/><D120/><U81/><E116/><V92/><F22/><W46/><G121/><T20/><D117/><U15/><E108/><V41/><F131/><W18/><G134/><T135/><D74/><U56/><E133/><V70/><F70/><W13/><G76/><T10/><D135/><U50/><E125/><V63/><F63/><W53/><G13/><T104/><D126/><U96/><E105/><V45/><F45/><W33/><G33/><T8/><D109/><U114/><E114/><V101/><F101/><W42/><REACH who="3" step="1"/><G53/><REACH who="3" step="2"/><T1/><D1/><U21/><REACH who="1" step="1"/><E81/><REACH who="1" step="2"/><V75/><F32/><W40/><G40/><T2/><D2/><U34/><E34/><V17/><F35/><W65/><G65/><T112/><D112/><U47/><E47/><V0/><F41/><W118/><G118/><T59/><D64/><U19/><AGARI ba="0,2" hai="9,15,19,21,27,29,50,55,56,85,88,93,96,97" machi="19" ten="20,8000,1" yaku="1,1,0,1,7,1,8,1,54,1,53,0" doraHai="69" doraHaiUra="111" who="1" fromWho="1" sc="250,-40,240,100,250,-20,240,-20" /><INIT seed="1,0,0,1,3,29" ten="210,340,230,220" oya="1" hai0="97,101,121,88,129,54,13,92,81,104,89,83,49" hai1="75,96,131,107,19,28,30,110,79,113,119,12,45" hai2="124,9,15,35,44,133,70,87,130,86,127,112,128" hai3="80,111,42,78,135,93,20,98,26,40,108,2,60"/><U91/><E119/><V36/><F70/><W118/><G2/><T125/><D121/><U10/><E113/><V95/><F112/><W84/><G118/><T123/><D123/><U50/><E110/><N who="3" m="42026" /><G60/><T33/><D129/><N who="2" m="49770" /><F35/><W24/><G135/><T31/><D125/><N who="2" m="48202" /><F95/><W37/><G37/><T76/><D13/><U62/><E131/><V85/><F44/><W69/><G69/><T21/><D104/><U0/><E62/><V56/><F56/><W102/><G24/><N who="0" m="16783" /><D33/><U14/><E0/><V57/><F57/><W68/><G68/><T126/><D126/><U39/><E107/><V67/><F67/><W82/><G80/><N who="0" m="30795" /><D76/><U73/><E39/><V58/><F58/><AGARI ba="0,0" hai="49,54,58,88,89,92,97,101" m="30795,16783" machi="58" ten="30,2000,0" yaku="8,1,54,1" doraHai="29" who="0" fromWho="2" sc="210,20,340,0,230,-20,220,0" /><INIT seed="2,0,0,4,2,120" ten="230,340,210,220" oya="2" hai0="54,2,12,37,11,96,79,59,21,67,60,128,105" hai1="38,119,30,40,117,48,97,80,52,55,127,89,0" hai2="116,99,68,91,88,69,63,130,134,3,33,32,90" hai3="13,73,23,78,22,132,24,124,100,115,76,58,25"/><V8/><F116/><W19/><G100/><T108/><D37/><U6/><E89/><V111/><F3/><W45/><G115/><T64/><D128/><U131/><E48/><V70/><F8/><W34/><G34/><T35/><D35/><N who="2" m="13386" /><F99/><W98/><G132/><T129/><D129/><U1/><E97/><V49/><F130/><W81/><G124/><T103/><D108/><U53/><E131/><V104/><F49/><W56/><G78/><T84/><D2/><U36/><E30/><V65/><F65/><W122/><G122/><T5/><REACH who="0" step="1"/><D21/><REACH who="0" step="2"/><U101/><E127/><V107/><F63/><W110/><G110/><T4/><D4/><U26/><E101/><V61/><F61/><W46/><G23/><T135/><D135/><U43/><E6/><V93/><F134/><W50/><G25/><T17/><D17/><U85/><E26/><V47/><F111/><W92/><G24/><T121/><D121/><U28/><E28/><V83/><F83/><AGARI ba="0,1" hai="5,11,12,54,59,60,64,67,79,83,84,96,103,105" machi="83" ten="40,2600,0" yaku="1,1,53,1" doraHai="120" doraHaiUra="82" who="0" fromWho="2" sc="220,36,340,0,210,-26,220,0" /><INIT seed="3,0,0,4,0,103" ten="256,340,184,220" oya="3" hai0="36,13,39,116,125,122,25,70,76,4,63,126,22" hai1="50,81,124,28,128,100,119,5,57,95,60,98,35" hai2="61,120,14,130,44,41,71,15,45,23,47,37,68" hai3="21,40,121,99,89,101,43,67,73,64,111,2,7"/><W10/><G73/><T110/><D122/><U83/><E5/><V20/><F120/><W133/><G121/><T52/><D116/><U55/><E119/><V72/><F72/><W32/><G32/><T114/><D114/><U46/><E124/><N who="0" m="47721" /><D110/><U9/><E128/><V6/><F6/><W93/><G111/><T69/><D76/><U80/><E9/><V109/><F109/><W79/><G79/><T18/><D4/><U90/><E35/><V0/><F0/><W84/><G67/><N who="0" m="41215" /><D70/><U82/><N who="1" m="20992" /><DORA hai="65" /><U3/><E3/><V123/><F123/><W92/><G133/><T134/><D134/><U42/><REACH who="1" step="1"/><E28/><REACH who="1" step="2"/><V131/><F41/><W108/><G108/><T94/><D94/><U26/><E26/><V85/><F37/><N who="0" m="14410" /><D52/><U77/><E77/><V96/><F85/><W86/><G86/><T16/><D13/><N who="2" m="4618" /><F96/><W29/><REACH who="3" step="1"/><G64/><REACH who="3" step="2"/><T33/><D33/><U58/><E58/><V135/><F135/><W87/><G87/><T19/><AGARI ba="0,2" hai="16,18,19,22,25" m="14410,41215,47721" machi="19" ten="40,5200,0" yaku="18,1,52,1,54,1" doraHai="103,65" who="0" fromWho="0" sc="256,72,330,-13,184,-13,210,-26" /><INIT seed="4,0,0,0,2,34" ten="328,317,171,184" oya="0" hai0="125,57,58,95,107,15,112,130,53,99,67,116,75" hai1="93,77,3,4,79,91,41,33,55,119,98,71,8" hai2="44,89,60,50,105,24,59,92,48,80,63,120,102" hai3="37,9,100,132,31,5,74,40,62,131,42,69,86"/><T14/><D116/><U134/><E119/><V135/><F120/><W10/><G74/><T16/><D75/><U109/><E71/><V2/><F2/><W108/><G108/><T118/><D118/><U115/><E109/><V19/><F135/><W22/><G132/><T56/><D112/><U12/><E33/><V65/><F105/><W39/><G131/><T122/><D122/><U110/><E134/><V49/><F102/><W36/><G100/><T61/><D107/><U54/><E110/><V26/><F80/><W114/><G114/><T111/><D111/><U78/><E115/><V25/><F63/><W27/><G86/><T85/><D130/><U129/><E129/><V17/><REACH who="2" step="1"/><F44/><REACH who="2" step="2"/><W45/><G45/><T21/><D125/><U106/><E106/><V29/><F29/><W51/><G62/><N who="0" m="36111" /><D57/><U84/><E3/><V38/><F38/><W104/><G51/><T97/><D14/><U121/><E121/><V13/><F13/><W127/><G104/><T96/><D85/><AGARI ba="0,1" hai="17,19,24,25,26,48,49,50,59,60,65,85,89,92" machi="85" ten="40,2600,0" yaku="1,1,8,1,53,0" doraHai="34" doraHaiUra="1" who="2" fromWho="0" sc="328,-26,317,0,161,36,184,0" /><INIT seed="5,0,0,2,4,95" ten="302,317,197,184" oya="1" hai0="104,85,94,50,113,126,78,131,119,47,121,4,66" hai1="80,7,18,45,26,58,8,74,117,11,102,17,109" hai2="114,92,103,106,77,90,96,86,64,56,12,99,69" hai3="46,67,49,105,9,82,6,20,65,116,39,93,61"/><U132/><E117/><V63/><F114/><W40/><G105/><T35/><D119/><U127/><E45/><V14/><F69/><W59/><G20/><T122/><D104/><U16/><E102/><V36/><F36/><W32/><G32/><T23/><D35/><U68/><E68/><V128/><F128/><W24/><G24/><T72/><D131/><U135/><E26/><V41/><F41/><W125/><G116/><T130/><D130/><U55/><E109/><V13/><F77/><W43/><G125/><T97/><D126/><U71/><E127/><V57/><F57/><W54/><G82/><N who="0" m="47319" /><D72/><U5/><E71/><V112/><F112/><W115/><G43/><T98/><D113/><U89/><E74/><V0/><F0/><W48/><G115/><T44/><D4/><U107/><E107/><V73/><F73/><W10/><G49/><T101/><D66/><U2/><E80/><V42/><F42/><W60/><G93/><N who="0" m="58543" /><D23/><U129/><E89/><V118/><F118/><W110/><G110/><T134/><D134/><N who="1" m="51243" /><E129/><V52/><REACH who="2" step="1"/><F86/><REACH who="2" step="2"/><W25/><G39/><T21/><D44/><U38/><E38/><V88/><F88/><W91/><G91/><N who="0" m="55647" /><D47/><U33/><E33/><V123/><F123/><W79/><G79/><T1/><D122/><U87/><E87/><V133/><F133/><W83/><G40/><T27/><D121/><U62/><E2/><V37/><F37/><W120/><G120/><T81/><D1/><U28/><E28/><V108/><F108/><W29/><G29/><N who="0" m="17647" /><D81/><U100/><E100/><V31/><F31/><W84/><G83/><RYUUKYOKU ba="0,1" sc="302,10,317,10,187,10,184,-30" hai0="50" hai1="5,7,8,11,16,17,18,55,58,62" hai2="12,13,14,52,56,63,64,90,92,96,99,103,106" /><INIT seed="5,1,1,1,0,68" ten="312,327,197,154" oya="1" hai0="77,89,94,32,74,53,14,91,56,36,46,38,110" hai1="50,61,115,134,71,49,80,111,65,26,120,21,35" hai2="104,45,31,58,113,48,40,1,107,67,0,3,129" hai3="63,27,37,8,72,51,70,132,125,86,133,131,33"/><U19/><E120/><V9/><F113/><W101/><G72/><T81/><D32/><U121/><E121/><V96/><F31/><W57/><G70/><T79/><D110/><U127/><E115/><V25/><F129/><W123/><G123/><T106/><D106/><U20/><E111/><V88/><F25/><W2/><G131/><T59/><D79/><U62/><E134/><V122/><F122/><W87/><G101/><T102/><D102/><U52/><E127/><V118/><F118/><W84/><G27/><T23/><D46/><U44/><E35/><V24/><F24/><W64/><G33/><T11/><D23/><U29/><E62/><V117/><F117/><W5/><G125/><T98/><D91/><U12/><REACH who="1" step="1"/><E80/><REACH who="1" step="2"/><V130/><F130/><W69/><G133/><T97/><D97/><U75/><E75/><V119/><F119/><W108/><G108/><T47/><D47/><U17/><E17/><V15/><F96/><W16/><G132/><T99/><D99/><U95/><E95/><V18/><F107/><W128/><G128/><T7/><REACH who="0" step="1"/><D59/><REACH who="0" step="2"/><U105/><E105/><V103/><F104/><W66/><G57/><T13/><D13/><U55/><E55/><V112/><F112/><W43/><G66/><T42/><D42/><U109/><E109/><V83/><F58/><W4/><G43/><T85/><D85/><U78/><E78/><V73/><F67/><W76/><G64/><T93/><D93/><U114/><E114/><V30/><F40/><W34/><G76/><T6/><D6/><U10/><E10/><V60/><F45/><RYUUKYOKU ba="1,3" sc="302,15,317,15,197,-15,154,-15" hai0="7,11,14,36,38,53,56,74,77,81,89,94,98" hai1="12,19,20,21,26,29,44,49,50,52,61,65,71" /><INIT seed="5,2,3,0,5,68" ten="317,332,182,139" oya="1" hai0="97,119,108,36,94,73,64,84,85,105,34,74,88" hai1="67,5,82,120,110,33,1,23,78,114,115,11,18" hai2="45,80,50,44,42,83,55,22,30,35,117,89,123" hai3="101,109,7,40,122,47,29,70,87,10,56,27,25"/><U81/><E67/><V112/><F123/><W128/><G70/><T77/><D34/><U13/><E120/><V6/><F35/><W9/><G122/><T60/><D108/><U104/><E104/><V69/><F69/><W111/><G101/><N who="0" m="62639" /><D36/><U21/><E78/><V19/><F117/><W31/><G128/><T90/><D60/><U24/><E81/><V32/><F32/><W15/><G87/><N who="0" m="52511" /><D64/><U17/><E82/><V53/><F112/><N who="1" m="43049" /><E110/><V3/><F3/><W91/><G91/><T38/><D38/><U133/><E133/><V93/><F30/><W51/><G56/><T129/><D119/><U57/><E57/><V0/><F6/><W37/><G51/><T127/><D127/><U59/><E59/><V4/><F0/><W121/><G121/><T131/><D77/><U65/><E65/><V8/><F4/><W113/><G113/><T118/><D118/><U72/><E72/><N who="0" m="27753" /><D84/><U124/><E124/><V98/><F8/><W99/><G10/><T75/><N who="0" m="27761" /><T96/><DORA hai="12" /><D96/><U54/><E33/><V63/><F63/><W126/><G99/><T107/><D107/><U86/><E86/><V26/><REACH who="2" step="1"/><F55/><AGARI ba="2,3" hai="1,5,11,13,17,18,21,23,24,54,55" m="43049" machi="55" ten="30,5800,0" yaku="15,1,52,2" doraHai="68,12" who="1" fromWho="2" sc="317,0,332,94,182,-64,139,0" /><INIT seed="5,3,0,0,1,19" ten="317,426,118,139" oya="1" hai0="131,108,50,110,24,70,20,69,90,4,100,124,96" hai1="83,47,32,67,58,133,112,68,125,91,22,48,86" hai2="5,71,14,99,39,3,79,132,45,80,117,62,61" hai3="49,25,42,13,36,38,74,18,26,122,37,33,44"/><U81/><E112/><V98/><F117/><W7/><G74/><T17/><D131/><U123/><E32/><V84/><F132/><W2/><G122/><T115/><D124/><U35/><E123/><V10/><F71/><W16/><G33/><T93/><D115/><U95/><E125/><V105/><F39/><W72/><G72/><T1/><D50/><U31/><E133/><V0/><F45/><W106/><G106/><T11/><REACH who="0" step="1"/><D100/><REACH who="0" step="2"/><U55/><E68/><AGARI ba="3,1" hai="1,4,11,17,20,24,68,69,70,90,93,96,108,110" machi="68" ten="40,5200,0" yaku="1,1,2,1,52,1,53,0" doraHai="19" doraHaiUra="30" who="0" fromWho="1" sc="307,71,426,-61,118,0,139,0" /><INIT seed="6,0,0,5,0,115" ten="378,365,118,139" oya="2" hai0="65,47,118,87,126,34,58,52,84,116,62,17,10" hai1="45,93,0,81,97,8,121,51,122,57,12,50,38" hai2="32,109,13,73,9,119,35,74,85,98,60,67,76" hai3="5,48,107,3,123,91,68,22,134,26,127,113,2"/><V120/><F120/><N who="1" m="46185" /><E0/><V27/><F119/><N who="0" m="45610" /><D126/><U21/><E38/><V64/><F109/><W69/><G91/><T75/><D75/><U61/><E81/><V20/><F74/><W96/><G48/><N who="0" m="28703" /><D34/><U54/><E21/><V72/><F73/><W6/><G22/><T16/><D10/><U78/><E45/><V94/><F72/><W29/><G29/><T7/><D7/><N who="1" m="3103" /><E78/><V112/><F112/><W132/><G96/><T37/><D37/><U14/><E14/><V71/><F64/><W42/><G42/><T55/><D65/><U79/><E79/><V111/><F111/><W108/><G26/><T125/><D125/><U18/><E18/><AGARI ba="0,0" hai="16,17,18,55,58,62,84,87" m="28703,45610" machi="18" ten="30,12000,2" yaku="12,1,52,3,54,2" doraHai="115" who="0" fromWho="1" sc="378,120,365,-120,118,0,139,0" /><INIT seed="7,0,0,0,1,5" ten="498,245,118,139" oya="3" hai0="16,127,80,66,45,12,110,105,48,43,6,68,32" hai1="111,39,122,61,3,21,118,2,96,78,35,98,52" hai2="69,67,114,119,130,79,103,40,22,100,84,109,15" hai3="64,0,124,97,74,81,76,116,94,30,46,87,92"/><W83/><G0/><T57/><D110/><U125/><E122/><V4/><F119/><W62/><G116/><T1/><D105/><U7/><E111/><V72/><F109/><W70/><G46/><T59/><D127/><U93/><E39/><V112/><F69/><W9/><G124/><T120/><D32/><U51/><E118/><V131/><F67/><W106/><G30/><T19/><D120/><U26/><E125/><V107/><F40/><W73/><G73/><T123/><D123/><U37/><E35/><V121/><F4/><W34/><G34/><T126/><D126/><U65/><E37/><V88/><F121/><W82/><G82/><T44/><D1/><U14/><E2/><V13/><F22/><W115/><G115/><N who="2" m="44073" /><F15/><W128/><G128/><N who="2" m="49193" /><F13/><W20/><G20/><T31/><D80/><U86/><E3/><V99/><F103/><W85/><G9/><T55/><D68/><U17/><E78/><V11/><F11/><W129/><G129/><T102/><D66/><U56/><E7/><V29/><F29/><W49/><G49/><N who="0" m="26783" /><D102/><U117/><E117/><V71/><F71/><W42/><G42/><T89/><D31/><U63/><E86/><V104/><F72/><W95/><REACH who="3" step="1"/><G83/><REACH who="3" step="2"/><T108/><D108/><U90/><E26/><V50/><F79/><W77/><G77/><T113/><D113/><U41/><E41/><V23/><F23/><W75/><G75/><T53/><D48/><U28/><E28/><V36/><F50/><W134/><G134/><T24/><D45/><U60/><E98/><V135/><F135/><W101/><AGARI ba="0,1" hai="62,64,70,74,76,81,85,87,92,94,95,97,101,106" machi="101" ten="30,6000,0" yaku="1,1,5,1,0,1,53,0" doraHai="5" doraHaiUra="33" who="3" fromWho="3" sc="498,-20,245,-20,118,-20,129,70" /><INIT seed="7,1,0,2,2,94" ten="478,225,98,199" oya="3" hai0="95,23,41,114,32,20,83,58,50,91,65,18,27" hai1="88,89,81,2,67,16,133,26,130,109,39,132,84" hai2="90,112,1,70,123,51,78,43,80,9,119,134,107" hai3="122,59,128,29,96,5,19,47,87,85,11,8,28"/><W44/><G122/><T111/><D111/><U38/><E67/><V17/><F90/><N who="1" m="34921" /><E109/><V57/><F80/><W31/><G128/><T53/><D114/><U116/><E84/><V126/><F78/><W0/><G59/><T63/><D32/><U99/><E81/><V13/><F57/><W71/><G71/><T73/><D73/><U42/><E99/><V124/><F51/><W101/><G5/><T33/><D33/><U3/><E42/><V69/><F43/><W117/><G117/><T25/><D41/><U75/><E116/><V106/><F17/><W68/><G68/><T104/><D104/><U98/><E98/><V10/><F13/><W22/><G0/><N who="1" m="42" /><E130/><V6/><F10/><N who="3" m="3627" /><G87/><N who="0" m="52735" /><D83/><U102/><E102/><V56/><F9/><W12/><G85/><T61/><D65/><U100/><E100/><V120/><F56/><W113/><G113/><T45/><D45/><N who="3" m="17481" /><G101/><T54/><D54/><U24/><E75/><V49/><F6/><W121/><G121/><T77/><D77/><U76/><E76/><V125/><F49/><W55/><G55/><T93/><D93/><U37/><E16/><AGARI ba="1,0" hai="16,18,20,23,25,27,50,53,58,61,63" m="52735" machi="16" ten="30,2000,0" yaku="8,1,54,1" doraHai="94" who="0" fromWho="1" sc="478,23,225,-23,98,0,199,0" owari="501,60,202,0,98,-40,199,-20" /></mjloggm>