<mjloggm ver="2.3"><GO type="97"/><UN n0="%E5%93%B2%EF%BC%A2%EF%BC%AF%EF%BC%AF" n1="%EF%BC%88%E2%89%A7%E2%96%BD%E2%89%A6%EF%BC%89" n2="%76%69%73%6F%62%61%6D%62" n3="%E3%81%98%E3%82%83%E3%81%91%E3%81%87%E3%81%AE%E3%81%86" dan="13,15,15,14" rate="1891,2008,1913,1953" sx="M,M,M,M"/><TAIKYOKU oya="0"/><INIT seed="0,0,0,3,2,74" ten="250,250,250,250" oya="0" hai0="106,39,2,3,50,49,23,71,132,123,24,114,48" hai1="102,42,72,86,17,5,12,122,47,25,125,117,134" hai2="75,130,64,35,53,37,30,44,54,128,93,115,111" hai3="31,135,61,83,113,67,100,55,68,14,73,87,107"/><T78/><D123/><U10/><E72/><V32/><F115/><W60/><G113/><T58/><D114/><U108/><E117/><V79/><F64/><W1/><G73/><T88/><D106/><U80/><E122/><V89/><F111/><W9/><G1/><T97/><D39/><U103/><E108/><V133/><F133/><W109/><G135/><T11/><D71/><U63/><E134/><V70/><F70/><W84/><G109/><T69/><D69/><U52/><E125/><V29/><F37/><W4/><G60/><T16/><D132/><U13/><E13/><V34/><F44/><W38/><G55/><N who="2" m="21001" /><F75/><W95/><G38/><T21/><D78/><N who="1" m="46359" /><E42/><V112/><F112/><W27/><G83/><T7/><D58/><N who="1" m="35271" /><E47/><V90/><F79/><W118/><G95/><T59/><D59/><U33/><E33/><V18/><F93/><W56/><G56/><T65/><D65/><U41/><E41/><V116/><F116/><W101/><G118/><T126/><D126/><U62/><E62/><V6/><F6/><W57/><G68/><T129/><D129/><N who="2" m="49770" /><F18/><W131/><G131/><T43/><D23/><AGARI ba="0,0" hai="5,10,12,17,23,25,102,103" m="35271,46359" machi="23" ten="30,3900,0" yaku="8,1,52,1,54,1" doraHai="74" who="1" fromWho="0" sc="250,-39,250,39,250,0,250,0" /><INIT seed="1,0,0,2,5,37" ten="211,289,250,250" oya="1" hai0="52,31,30,58,89,45,42,20,72,56,108,38,18" hai1="3,132,13,10,103,65,134,28,81,5,66,94,1" hai2="104,105,91,124,60,59,0,82,98,111,24,14,67" hai3="46,15,36,83,17,41,95,115,86,128,9,121,33"/><U32/><E81/><V74/><F0/><N who="1" m="73" /><E103/><V44/><F124/><W19/><G33/><T106/><D108/><U109/><E94/><V71/><F111/><W117/><G121/><T129/><D129/><U70/><E70/><V26/><F71/><W77/><G128/><T107/><D72/><U54/><E54/><V96/><F14/><W90/><G115/><T4/><D58/><U68/><E68/><V126/><F126/><W76/><G117/><T80/><D4/><U27/><E109/><V50/><F104/><W116/><G116/><T123/><D123/><U6/><E6/><V25/><F105/><W93/><G93/><T118/><D118/><U88/><E88/><V102/><F102/><W23/><REACH who="3" step="1"/><G83/><REACH who="3" ten="211,289,250,240" step="2"/><T51/><D107/><U101/><E101/><V92/><F92/><W135/><G135/><AGARI ba="0,1" hai="5,10,13,27,28,32,65,66,132,134,135" m="73" machi="135" ten="30,1500,0" yaku="20,1" doraHai="37" who="1" fromWho="3" sc="211,0,289,25,250,0,240,-15" /><INIT seed="1,1,0,1,4,88" ten="211,314,250,225" oya="1" hai0="124,128,19,129,55,49,121,41,135,107,48,81,68" hai1="28,53,21,113,54,117,96,95,17,73,59,126,7" hai2="112,51,83,64,0,99,98,2,76,20,1,37,45" hai3="23,34,32,60,134,38,50,65,71,44,26,42,33"/><U92/><E117/><V133/><F133/><W58/><G134/><T94/><D135/><U114/><E73/><V82/><F37/><W12/><G12/><T43/><D107/><U97/><E126/><V36/><F36/><W109/><G109/><T24/><D124/><U63/><E114/><V120/><F120/><W8/><G8/><T115/><D115/><U74/><E74/><V131/><F112/><W61/><G61/><T123/><D81/><U56/><E113/><V125/><F125/><W57/><G57/><T108/><D108/><U86/><E7/><V103/><F98/><N who="1" m="37993" /><E86/><V87/><F82/><W100/><G100/><T16/><D24/><N who="1" m="14383" /><E28/><V14/><F131/><N who="0" m="50250" /><D68/><U89/><E89/><V27/><F64/><W78/><G78/><T104/><D104/><U93/><E59/><V66/><F66/><AGARI ba="1,0" hai="53,54,56,63,66,92,93,95" m="14383,37993" machi="66" ten="30,11600,0" yaku="8,1,52,3" doraHai="88" who="1" fromWho="2" sc="211,0,314,119,250,-119,225,0" /><INIT seed="1,2,0,0,2,105" ten="211,433,131,225" oya="1" hai0="131,112,2,8,96,52,22,56,19,27,46,122,99" hai1="104,42,12,127,74,89,14,24,72,37,35,6,88" hai2="124,57,65,32,71,77,69,110,49,75,121,50,134" hai3="116,81,79,83,109,36,59,128,48,135,43,55,132"/><U120/><E120/><V84/><F32/><W41/><G116/><T133/><D112/><U103/><E127/><V93/><F121/><W115/><G83/><T23/><D131/><U44/><E104/><V107/><F107/><W67/><G115/><T90/><D133/><N who="3" m="51273" /><G128/><T91/><D122/><U61/><E103/><V86/><F124/><W97/><G97/><T85/><D46/><U94/><E89/><V80/><F134/><W60/><G36/><T101/><D23/><U126/><E126/><V5/><F5/><W111/><G81/><T100/><D2/><U34/><E61/><V15/><F15/><W21/><G21/><T68/><D68/><U63/><E63/><V18/><F18/><W26/><G26/><T40/><D40/><N who="3" m="15433" /><G79/><T13/><D91/><U39/><E39/><V29/><F80/><W9/><G9/><T45/><D45/><AGARI ba="2,0" hai="45,48,55,59,60,67,109,111" m="15433,51273" machi="45" ten="30,3900,0" yaku="20,1,34,2" doraHai="105" who="3" fromWho="0" sc="211,-45,433,0,131,0,225,45" /><INIT seed="2,0,0,5,1,120" ten="166,433,131,270" oya="2" hai0="15,131,7,1,72,45,121,74,108,20,107,101,28" hai1="122,4,32,75,34,118,51,81,82,113,44,3,61" hai2="52,54,35,16,130,42,5,79,19,43,84,73,91" hai3="109,0,10,57,102,48,47,126,39,56,23,116,9"/><V99/><F35/><W125/><G116/><T117/><D121/><U33/><E118/><V132/><F132/><W112/><G39/><T64/><D131/><U93/><E122/><V97/><F130/><W59/><G112/><T133/><D64/><U38/><E113/><V98/><F5/><W17/><G102/><T119/><D133/><U104/><E104/><V63/><F73/><W78/><G78/><T115/><D115/><U8/><E38/><V111/><F79/><W71/><G71/><T105/><D101/><U22/><E75/><V124/><F124/><N who="3" m="47723" /><G0/><T134/><D134/><U2/><E2/><V69/><F69/><W92/><G92/><T6/><D15/><U123/><E123/><V100/><F100/><W41/><G109/><T62/><D20/><U128/><E128/><V37/><F111/><W110/><G110/><T26/><D108/><U86/><E93/><N who="2" m="54503" /><F37/><W129/><G129/><T80/><D1/><U76/><E82/><V94/><F94/><W21/><G21/><T87/><D87/><U83/><E83/><V85/><F85/><W24/><AGARI ba="0,0" hai="9,10,17,23,24,41,47,48,56,57,59" m="47723" machi="24" ten="30,1100,0" yaku="18,1" doraHai="120" who="3" fromWho="3" sc="166,-3,433,-3,131,-5,270,11" /><INIT seed="3,0,0,5,1,128" ten="163,430,126,281" oya="3" hai0="42,49,44,77,3,102,107,115,7,12,65,123,98" hai1="89,22,52,73,54,56,0,50,97,57,116,5,94" hai2="135,83,100,13,96,81,25,85,68,20,28,111,35" hai3="103,24,113,129,9,109,72,104,134,126,43,66,127"/><W110/><G72/><T76/><D123/><U87/><E87/><V10/><BYE who="1" /><F68/><W45/><G104/><T69/><D115/><U86/><E86/><V79/><F111/><N who="3" m="42507" /><G103/><T91/><D3/><U29/><E29/><V53/><F53/><W78/><G78/><T121/><D121/><U58/><E58/><V95/><F81/><W75/><G75/><T99/><D69/><U48/><E48/><V131/><F131/><W46/><G113/><T63/><D63/><U70/><E70/><V55/><F55/><W120/><G129/><T132/><D65/><U62/><E62/><V39/><F39/><N who="3" m="21759" /><G120/><T82/><D76/><U37/><E37/><V118/><F118/><W36/><G24/><T67/><D67/><U27/><E27/><V41/><F41/><N who="3" m="22823" /><G66/><T64/><D64/><U11/><E11/><V119/><F119/><W108/><N who="3" m="42515" /><W133/><DORA hai="117" /><G9/><N who="0" m="4159" /><D91/><U130/><E130/><V8/><REACH who="2" step="1"/><F135/><AGARI ba="0,0" hai="126,127,133,134,135" m="22823,21759,42515" machi="135" ten="50,24000,3" yaku="20,1,14,1,10,1,23,1,34,2,52,3" doraHai="128,117" who="3" fromWho="2" sc="163,0,430,0,126,-240,281,240" owari="163,-24.0,430,23.0,-114,-61.0,521,62.0" /></mjloggm>