<mjloggm ver="2.3"><GO type="169"/><UN n0="%E2%98%85%E3%81%AA%E3%82%8A%E3%81%BD%E3%81%9F%E2%98%85" n1="%40%E9%A6%AC%E6%9D%89%E5%AF%A7%E9%A6%99" n2="%EF%BC%88%E2%89%A7%E2%96%BD%E2%89%A6%EF%BC%89" n3="%E8%B0%B7%E3%81%8F%E3%82%93" dan="16,17,18,16" rate="2139,2159,2156,2049" sx="F,M,M,M"/><TAIKYOKU oya="0"/><INIT seed="0,0,0,3,3,25" ten="250,250,250,250" oya="0" hai0="92,1,47,113,135,7,55,27,19,122,89,105,87" hai1="108,26,29,71,23,111,133,104,132,97,24,43,112" hai2="37,39,0,80,83,44,30,107,13,6,98,21,18" hai3="102,51,36,123,65,101,106,20,66,33,61,67,114"/><T4/><D113/><U125/><E43/><V16/><F0/><W52/><G33/><T93/><D105/><U82/><E112/><V134/><F6/><W35/><G35/><T121/><D135/><N who="1" m="51787" /><E71/><V96/><F134/><W63/><G36/><T117/><D117/><U127/><E82/><N who="2" m="31275" /><F39/><W62/><G114/><T58/><D47/><U75/><E75/><V42/><F37/><W64/><G123/><T12/><D92/><U46/><E46/><V70/><F70/><W88/><G106/><T110/><D110/><N who="1" m="42027" /><E26/><N who="2" m="16719" /><F107/><W5/><G5/><N who="0" m="2123" /><D27/><U10/><E10/><N who="2" m="6199" /><F44/><W85/><G65/><T3/><D122/><U90/><E90/><V22/><F42/><W131/><G131/><T73/><D121/><U9/><E9/><V76/><F76/><W119/><G119/><T103/><D73/><U68/><E68/><V69/><F69/><W99/><G99/><T41/><D41/><U53/><E53/><V49/><F49/><W120/><G120/><T115/><D55/><U60/><E60/><V78/><F78/><W91/><G51/><T40/><D40/><U100/><AGARI ba="0,0" hai="23,24,29,97,100,104,125,127" m="42027,51787" machi="100" ten="40,5200,0" yaku="20,1,14,1,52,1" doraHai="25" who="1" fromWho="1" sc="250,-26,250,52,250,-13,250,-13" /><INIT seed="1,0,0,0,4,96" ten="224,302,237,237" oya="1" hai0="55,129,26,37,98,14,83,81,70,44,46,105,101" hai1="108,99,130,73,135,32,43,21,87,109,121,27,110" hai2="90,56,67,111,89,75,114,16,107,28,38,64,112" hai3="47,41,63,57,6,52,94,65,113,118,42,88,92"/><U79/><E121/><V33/><F75/><W134/><G113/><N who="2" m="43625" /><F38/><W9/><G118/><T24/><D70/><U132/><E32/><V106/><F111/><W48/><G134/><N who="1" m="51242" /><E73/><V122/><F122/><W19/><G19/><T15/><D129/><U31/><E130/><V35/><F16/><W76/><G76/><T93/><D105/><N who="2" m="39946" /><F56/><W2/><REACH who="3" step="1"/><G94/><REACH who="3" ten="224,302,237,227" step="2"/><T116/><D93/><U7/><E7/><V54/><F28/><W30/><G30/><T119/><D119/><U5/><E5/><V82/><F82/><W11/><G11/><T131/><D83/><N who="1" m="47615" /><E99/><AGARI ba="0,1" hai="2,6,9,41,42,47,48,52,57,63,65,88,92,99" machi="99" ten="30,8000,1" yaku="1,1,7,1,54,2,53,1" doraHai="96" doraHaiUra="3" who="3" fromWho="1" sc="224,0,302,-80,237,0,227,90" /><INIT seed="2,0,0,5,0,22" ten="224,222,237,317" oya="2" hai0="43,5,101,40,55,45,78,95,123,132,70,87,124" hai1="51,30,62,42,64,20,29,135,44,52,96,99,73" hai2="1,117,110,134,25,0,109,100,23,66,7,125,129" hai3="74,50,97,82,122,103,60,89,32,13,37,104,84"/><V61/><F117/><W6/><G37/><T112/><D123/><U21/><E73/><V106/><F125/><W56/><G32/><T67/><D112/><U102/><E135/><V121/><F121/><W9/><G50/><T71/><D5/><U12/><E42/><V105/><F134/><W126/><G122/><T133/><D124/><U86/><E86/><V27/><F129/><W81/><G126/><T4/><D4/><U14/><E21/><V69/><F100/><W92/><G74/><T15/><D55/><AGARI ba="0,0" hai="6,9,13,55,56,60,81,82,84,89,92,97,103,104" machi="55" ten="30,1000,0" yaku="7,1" doraHai="22" who="3" fromWho="0" sc="224,-10,222,0,237,0,317,10" /><INIT seed="3,0,0,3,2,131" ten="214,222,237,327" oya="3" hai0="97,68,6,106,24,18,42,63,26,62,120,74,4" hai1="29,11,124,36,44,103,114,77,61,127,107,40,122" hai2="118,9,116,134,109,59,112,14,133,80,91,95,57" hai3="48,84,87,35,22,93,45,10,1,0,25,52,110"/><W56/><G35/><T81/><D120/><U79/><E122/><V98/><F112/><W123/><G123/><T130/><D42/><U65/><E114/><V5/><F109/><W34/><G34/><T43/><D43/><U100/><E29/><V125/><F80/><W86/><G110/><T46/><D46/><U64/><E11/><V105/><F105/><W30/><G10/><T54/><D106/><U92/><E107/><V12/><F12/><W20/><G20/><T41/><D41/><U83/><E79/><V96/><F96/><W75/><G75/><T28/><D97/><N who="1" m="59431" /><E61/><V88/><F91/><W76/><G76/><T38/><D38/><U72/><E103/><V51/><F125/><AGARI ba="0,0" hai="36,40,44,64,65,72,77,83,124,125,127" m="59431" machi="125" ten="30,1000,0" yaku="18,1" doraHai="131" who="1" fromWho="2" sc="214,0,222,10,237,-10,327,0" /><INIT seed="4,0,0,4,5,35" ten="214,232,227,327" oya="0" hai0="48,129,120,107,105,8,126,23,45,70,124,34,0" hai1="116,68,93,51,56,10,17,36,50,64,3,54,40" hai2="55,24,16,128,77,41,61,66,127,73,44,43,22" hai3="32,112,133,27,109,67,26,31,7,80,62,52,60"/><T84/><D120/><U72/><E72/><V63/><F128/><W12/><G109/><T65/><D34/><U111/><E111/><V39/><F127/><N who="0" m="48682" /><D23/><U58/><E116/><V132/><F132/><W19/><G133/><T118/><D118/><U18/><E93/><V76/><F43/><W92/><G112/><T29/><D29/><U4/><E51/><V119/><F119/><W99/><G80/><T21/><D21/><U88/><E88/><V57/><REACH who="2" step="1"/><F73/><REACH who="2" ten="214,232,217,327" step="2"/><W38/><G38/><T49/><D129/><U103/><E36/><V106/><F106/><W123/><G123/><T53/><D107/><U37/><E40/><V25/><F25/><W101/><G27/><T91/><D105/><U14/><E37/><V135/><F135/><W79/><G26/><T30/><D30/><U121/><E121/><V59/><AGARI ba="0,1" hai="16,22,24,39,41,44,55,57,59,61,63,66,76,77" machi="59" ten="20,5200,0" yaku="1,1,0,1,7,1,54,1,53,0" doraHai="35" doraHaiUra="87" who="2" fromWho="2" sc="214,-26,232,-13,217,62,327,-13" /><INIT seed="5,0,0,5,3,113" ten="188,219,279,314" oya="1" hai0="78,54,16,44,73,133,128,8,59,74,107,135,69" hai1="31,66,49,108,97,52,90,119,43,57,99,110,87" hai2="105,125,93,106,14,19,95,6,85,67,71,91,53" hai3="126,15,48,11,115,23,22,121,100,18,55,103,82"/><U94/><E119/><V130/><F6/><W68/><G121/><T101/><D69/><U80/><E66/><V29/><F29/><W7/><G68/><T20/><D44/><U92/><E31/><V26/><F26/><W5/><G115/><T89/><D8/><U72/><E72/><V51/><F125/><W32/><G32/><T127/><D78/><U84/><E43/><V58/><F130/><W96/><G82/><T65/><D65/><U40/><E40/><V79/><F79/><W112/><G112/><T3/><D3/><U33/><E33/><V88/><F67/><W62/><G62/><T60/><D127/><U111/><REACH who="1" step="1"/><E80/><REACH who="1" ten="188,209,279,314" step="2"/><V70/><F70/><W109/><G126/><T2/><D74/><U4/><E4/><V122/><F71/><W45/><G7/><T56/><D73/><U35/><E35/><V25/><F122/><W114/><G114/><T118/><D118/><U124/><E124/><V10/><F25/><W86/><G5/><T81/><D81/><U50/><E50/><V64/><F64/><W116/><G116/><T27/><D27/><U46/><E46/><V102/><REACH who="2" step="1"/><F102/><AGARI ba="0,1" hai="49,52,57,84,87,90,92,94,97,99,102,108,110,111" machi="102" ten="40,7700,0" yaku="1,1,10,1,54,1,53,0" doraHai="113" doraHaiUra="1" who="1" fromWho="2" sc="188,0,209,87,279,-77,314,0" /><INIT seed="5,1,0,0,5,132" ten="188,296,202,314" oya="1" hai0="121,128,22,33,19,118,37,96,2,75,53,87,124" hai1="34,81,95,110,57,16,45,76,77,51,18,93,100" hai2="105,120,84,62,8,102,79,71,117,80,67,55,127" hai3="10,98,38,112,30,27,111,41,70,99,107,42,97"/><U44/><E34/><V130/><F120/><W92/><G111/><T101/><D75/><U5/><E110/><V103/><F117/><W36/><G70/><T73/><D73/><U135/><E135/><V85/><F130/><W131/><G131/><T20/><D128/><U0/><E5/><V66/><F66/><W91/><G10/><T106/><D33/><U49/><E57/><V88/><F105/><W14/><G14/><T1/><D118/><U28/><E28/><V7/><F55/><W9/><G9/><T122/><D37/><U40/><E100/><V47/><F47/><W126/><G112/><T65/><D65/><U17/><E0/><N who="0" m="105" /><D87/><N who="1" m="48551" /><E77/><V21/><F21/><W24/><G107/><T13/><D22/><U86/><E86/><V50/><F50/><W115/><G38/><T68/><D68/><U52/><AGARI ba="1,0" hai="16,17,18,40,44,45,49,51,52,93,95" m="48551" machi="52" ten="30,6000,0" yaku="8,1,54,2" doraHai="132" who="1" fromWho="1" sc="188,-21,296,63,202,-21,314,-21" /><INIT seed="5,2,0,0,2,16" ten="167,359,181,293" oya="1" hai0="124,84,67,3,77,132,85,95,5,13,14,38,100" hai1="53,50,125,107,9,123,2,82,42,15,20,27,55" hai2="40,120,89,122,51,56,94,99,119,74,72,1,113" hai3="4,65,91,129,29,79,93,24,58,18,102,86,19"/><U59/><E123/><V49/><F119/><W11/><G79/><T97/><D38/><U34/><E107/><V64/><F1/><W41/><G41/><T105/><D67/><U0/><E42/><V101/><F113/><W134/><G102/><T117/><D117/><U75/><E34/><V12/><F74/><W114/><G114/><T21/><D105/><U104/><E104/><V69/><F72/><W43/><G43/><T83/><D85/><U46/><E125/><V22/><F69/><W66/><G134/><T130/><D132/><U31/><E82/><V133/><F133/><W17/><G58/><T28/><D130/><U103/><E103/><V112/><F112/><W76/><G76/><T71/><D71/><U73/><E73/><V109/><F109/><W32/><REACH who="3" step="1"/><G129/><REACH who="3" ten="167,359,181,283" step="2"/><T135/><D135/><U60/><REACH who="1" step="1"/><E75/><REACH who="1" ten="167,349,181,283" step="2"/><V111/><F40/><W96/><G96/><T36/><D100/><U45/><E45/><V25/><F99/><W61/><G61/><T116/><D97/><U63/><E63/><N who="2" m="37991" /><F101/><W6/><G6/><AGARI ba="2,2" hai="0,2,6,9,15,20,27,31,46,50,53,55,59,60" machi="6" ten="30,5800,0" yaku="1,1,7,1,52,1,53,0" doraHai="16" doraHaiUra="62" who="1" fromWho="3" sc="167,0,349,84,181,0,283,-64" /><INIT seed="5,3,0,5,4,67" ten="167,433,181,219" oya="1" hai0="113,92,71,106,118,86,87,10,120,41,52,95,5" hai1="112,119,59,4,42,108,11,123,114,37,101,83,25" hai2="17,28,93,127,34,104,33,103,62,116,36,79,85" hai3="2,54,18,3,128,132,64,82,8,84,110,130,115"/><U109/><E101/><V65/><F116/><W6/><G110/><T9/><D118/><U124/><E119/><V121/><F121/><W56/><G115/><T73/><D73/><U69/><E123/><V20/><F36/><W26/><G64/><T21/><D106/><U48/><E124/><V63/><F127/><W58/><G2/><T57/><D41/><U102/><E102/><V0/><F0/><W23/><G132/><T72/><D72/><U35/><E83/><N who="2" m="47359" /><F104/><W29/><G29/><T15/><D71/><U1/><E69/><N who="2" m="42167" /><F28/><W50/><REACH who="3" step="1"/><G58/><REACH who="3" ten="167,433,181,209" step="2"/><T30/><D113/><N who="1" m="43627" /><E59/><V91/><F34/><W70/><G70/><T94/><D120/><U125/><E35/><V131/><F33/><W43/><G43/><T96/><D30/><U77/><E42/><V89/><F131/><W44/><G44/><T99/><D21/><U76/><E1/><V88/><F63/><W134/><G134/><T111/><D10/><U7/><E11/><V47/><F47/><W81/><G81/><T31/><D31/><U55/><E125/><V68/><F68/><W39/><G39/><T66/><D111/><U61/><E37/><V51/><F51/><W38/><G38/><T126/><D126/><U12/><E48/><V107/><F20/><W60/><G60/><N who="0" m="35879" /><D66/><U14/><E108/><V32/><F32/><W27/><G27/><T40/><D40/><U122/><E25/><V13/><F13/><W46/><G46/><T22/><D22/><U78/><E109/><V49/><F49/><W24/><G24/><T100/><D100/><U105/><E122/><V90/><F103/><RYUUKYOKU ba="3,1" sc="167,15,433,-15,181,-15,209,15" hai0="5,9,15,86,87,92,94,95,96,99" hai3="3,6,8,18,23,26,50,54,56,82,84,128,130" /><INIT seed="6,4,1,4,3,19" ten="182,418,166,224" oya="2" hai0="21,48,127,80,63,90,109,92,61,55,94,18,75" hai1="122,132,8,69,22,135,45,57,50,1,70,49,113" hai2="125,39,56,97,15,116,12,74,119,73,64,26,105" hai3="43,25,104,36,54,62,35,134,96,14,133,117,3"/><V23/><F39/><W98/><G3/><T24/><D109/><U2/><E113/><V102/><F125/><W51/><G117/><T68/><D127/><U10/><E122/><V88/><F116/><W28/><G14/><T32/><D32/><U101/><E101/><V131/><F119/><W124/><G62/><T112/><D112/><U95/><E95/><N who="0" m="36393" /><D75/><U89/><E89/><V59/><F131/><W120/><G120/><T5/><D5/><U129/><E22/><V130/><F130/><W60/><G60/><T82/><D68/><U47/><E57/><N who="2" m="22091" /><F64/><W81/><G81/><N who="0" m="31339" /><D90/><U79/><E129/><V37/><F37/><W41/><G124/><T103/><D103/><U126/><E126/><V108/><F108/><W20/><G35/><T58/><AGARI ba="4,1" hai="18,21,24,48,55,58,61,63" m="31339,36393" machi="58" ten="30,2000,0" yaku="8,1,52,1" doraHai="19" who="0" fromWho="0" sc="182,42,418,-9,166,-14,224,-9" /><INIT seed="7,0,0,1,0,12" ten="224,409,152,215" oya="3" hai0="10,133,93,11,34,18,98,80,112,103,68,100,8" hai1="57,64,89,44,94,48,32,79,13,95,131,31,117" hai2="59,82,67,1,128,41,71,2,135,129,3,22,62" hai3="0,25,120,16,124,101,76,19,73,86,85,42,4"/><W26/><G120/><T66/><D34/><U69/><E69/><V122/><F122/><W46/><G101/><T134/><D112/><U78/><E32/><V119/><F119/><W49/><G124/><T7/><D18/><N who="3" m="6697" /><G73/><T114/><D114/><U5/><E31/><V121/><F121/><W88/><G0/><N who="0" m="103" /><D80/><U77/><E131/><V84/><F41/><W52/><G4/><T123/><D123/><U55/><E117/><V37/><F37/><W30/><G30/><T50/><D103/><U51/><E89/><V75/><F75/><W107/><G107/><T58/><D68/><U56/><E13/><V43/><F43/><W111/><G111/><T33/><D33/><U113/><E5/><V87/><F135/><N who="0" m="51722" /><D66/><U81/><E113/><V116/><F116/><W39/><G39/><T115/><D115/><U17/><E17/><V27/><F71/><W108/><G108/><T65/><D65/><U38/><E38/><V118/><F118/><W99/><G42/><T14/><D14/><U127/><E127/><V61/><F61/><W53/><G53/><AGARI ba="0,0" hai="10,11,50,53,58,93,98,100" m="51722,103" machi="53" ten="30,1000,0" yaku="20,1" doraHai="12" who="0" fromWho="3" sc="224,10,409,0,152,0,215,-10" owari="234,3.0,409,51.0,152,-35.0,205,-19.0" /></mjloggm>