<mjloggm ver="2.3"><GO type="169" lobby="0"/><UN n0="%E3%81%A7%E3%81%93%E3%81%98" n1="%EF%BC%88%E2%89%A7%E2%96%BD%E2%89%A6%EF%BC%89" n2="%E3%81%BE%E3%81%AA%E3%81%84%E3%81%9F%E3%82%88%E3%81%86%E3%81%98%E3%82%87" n3="%E3%81%82%E3%82%8A%E3%81%8A%E3%81%A8" dan="17,17,16,17" rate="2166.73,2154.47,2120.67,2116.21" sx="M,M,M,M"/><TAIKYOKU oya="0"/><INIT seed="0,0,0,4,5,81" ten="250,250,250,250" oya="0" hai0="46,104,19,106,72,99,92,91,27,38,124,82,15" hai1="9,39,73,20,96,122,63,89,5,108,120,133,12" hai2="75,23,90,71,74,58,64,68,112,125,135,114,131" hai3="53,26,60,84,98,41,134,83,21,2,123,14,127"/><T69/><D69/><U30/><E73/><V54/><F23/><W45/><G2/><T87/><D124/><U44/><E39/><V37/><F90/><W118/><G118/><T61/><D61/><U79/><E79/><V93/><F93/><W1/><G1/><T76/><D27/><U3/><E44/><V36/><F75/><W66/><G127/><T105/><D46/><U17/><E133/><V51/><F74/><W70/><G134/><T32/><D38/><U100/><E108/><V24/><F24/><W132/><G132/><T55/><D55/><U128/><E128/><V43/><F135/><W47/><G123/><T110/><D32/><U33/><E89/><V28/><F28/><W107/><G14/><T10/><REACH who="0" step="1"/><D110/><REACH who="0" ten="240,250,250,250" step="2"/><U115/><E63/><N who="2" m="39967" /><F125/><W85/><G53/><T57/><D57/><U62/><E62/><N who="2" m="36183" /><F71/><W6/><G70/><T129/><D129/><U103/><E33/><V25/><F25/><W67/><G26/><T49/><D49/><U95/><E30/><V18/><F131/><W22/><G60/><T116/><D116/><U42/><E122/><V77/><F36/><W86/><G41/><T52/><D52/><U121/><E42/><V130/><F37/><W7/><G67/><T109/><D109/><U97/><E121/><V113/><F130/><W13/><G66/><T78/><D78/><U40/><E120/><V11/><F77/><W65/><G65/><T102/><AGARI ba="0,1" hai="10,15,19,72,76,82,87,91,92,99,102,104,105,106" machi="102" ten="30,24000,3" yaku="1,1,0,1,24,2,52,1,53,3" doraHai="81" doraHaiUra="101" who="0" fromWho="0" sc="240,250,250,-80,250,-80,250,-80" /><INIT seed="0,1,0,0,3,111" ten="490,170,170,170" oya="0" hai0="53,31,32,33,1,134,112,20,119,13,3,8,110" hai1="118,16,44,94,133,109,73,49,69,28,7,80,131" hai2="121,38,106,78,66,113,42,99,82,123,71,17,4" hai3="22,14,85,129,107,48,61,120,114,56,108,83,128"/><T115/><D53/><U84/><E69/><V34/><F17/><W5/><G108/><T10/><D110/><U88/><E109/><V58/><F58/><W29/><G107/><T11/><D119/><U101/><E118/><V97/><F4/><W92/><G120/><T47/><D47/><U45/><E131/><V122/><F97/><W50/><G92/><T104/><D104/><U21/><E133/><V105/><F34/><N who="0" m="13418" /><D134/><U117/><E117/><V100/><F105/><W91/><G129/><T70/><D70/><U19/><E7/><V59/><F59/><W126/><G128/><T103/><D103/><U0/><E0/><N who="0" m="73" /><D13/><U62/><E62/><N who="2" m="40407" /><F42/><W57/><G57/><T54/><D54/><N who="1" m="29991" /><E45/><V39/><F113/><W27/><G114/><T125/><D125/><U15/><E73/><AGARI ba="1,0" hai="38,39,73,78,82,99,100,106,121,122,123" m="40407" machi="73" ten="30,1000,0" yaku="23,1" doraHai="111" who="2" fromWho="1" sc="490,0,170,-13,170,13,170,0" /><INIT seed="1,0,0,0,3,101" ten="490,157,183,170" oya="1" hai0="70,85,21,105,58,111,24,117,60,130,57,5,4" hai1="74,34,35,92,18,9,81,83,132,106,32,50,36" hai2="107,93,37,14,90,52,103,42,121,56,69,17,115" hai3="15,110,30,113,125,40,6,47,129,7,71,122,20"/><U23/><E36/><V68/><F121/><W1/><G113/><T29/><D117/><U131/><E131/><V54/><F37/><W49/><G122/><T2/><D130/><U76/><E132/><V99/><F42/><W41/><G129/><T25/><D111/><U135/><E135/><V39/><F39/><W72/><G110/><T45/><D70/><U66/><E66/><V124/><F124/><W55/><G71/><T31/><D2/><U38/><E38/><V3/><F3/><W86/><G72/><T116/><D116/><U43/><E9/><V10/><F115/><W19/><G125/><T112/><D112/><U104/><E81/><V53/><REACH who="2" step="1"/><F56/><REACH who="2" ten="490,157,173,170" step="2"/><W64/><G1/><T48/><D58/><U134/><E134/><V51/><F51/><W95/><G41/><T22/><D57/><U26/><REACH who="1" step="1"/><E92/><REACH who="1" ten="490,147,173,170" step="2"/><V127/><F127/><W133/><G133/><T91/><D60/><U75/><E75/><V13/><F13/><W27/><G95/><T8/><D25/><U94/><E94/><V108/><F108/><W33/><G64/><T98/><D24/><U12/><E12/><V97/><AGARI ba="0,2" hai="10,14,17,52,53,54,68,69,90,93,97,99,103,107" machi="97" ten="30,7900,0" yaku="1,1,0,1,52,1,54,1,53,0" doraHai="101" doraHaiUra="59" who="2" fromWho="2" sc="490,-20,147,-39,173,99,170,-20" /><INIT seed="2,0,0,1,0,133" ten="470,108,272,150" oya="2" hai0="118,25,52,68,122,127,125,115,97,112,130,79,73" hai1="107,35,131,104,51,54,80,42,6,5,43,45,31" hai2="10,117,91,65,49,66,11,76,121,30,94,92,98" hai3="82,96,105,28,26,60,74,46,63,72,53,39,37"/><V1/><F117/><W108/><G108/><T18/><D68/><U71/><E71/><V2/><F121/><W78/><G53/><T69/><D69/><U21/><E131/><V75/><F30/><W89/><G74/><T44/><D122/><U4/><E35/><V17/><F49/><W59/><G59/><T114/><D118/><U8/><E8/><V64/><F17/><W70/><G60/><T0/><D0/><U3/><E3/><V99/><F2/><W88/><G46/><T109/><D130/><U135/><E135/><V22/><F1/><W113/><G113/><T40/><D109/><U110/><E110/><V124/><F22/><W14/><G14/><T90/><D79/><U67/><E67/><V29/><F29/><W86/><G63/><T20/><D73/><U41/><REACH who="1" step="1"/><E80/><REACH who="1" ten="470,98,272,150" step="2"/><V116/><F65/><W47/><G70/><T56/><D112/><U87/><E87/><V57/><F64/><W38/><G72/><T93/><D114/><U27/><AGARI ba="0,1" hai="4,5,6,21,27,31,41,42,43,45,51,54,104,107" machi="27" ten="40,2700,0" yaku="1,1,0,1,53,0" doraHai="133" doraHaiUra="85" who="1" fromWho="1" sc="470,-7,98,37,272,-13,150,-7" /><INIT seed="3,0,0,0,2,33" ten="463,135,259,143" oya="3" hai0="89,0,76,4,57,64,129,127,17,21,42,94,86" hai1="31,82,37,132,124,122,107,101,28,46,84,23,102" hai2="131,49,48,115,91,135,80,92,134,73,56,126,27" hai3="18,104,61,100,69,19,20,77,123,96,6,43,90"/><W110/><G123/><T11/><D127/><U7/><E122/><V54/><F115/><W39/><G77/><T105/><D129/><U9/><E124/><V16/><F126/><W5/><G19/><T30/><D105/><U25/><E132/><N who="2" m="50731" /><F131/><W10/><G110/><T95/><D42/><U113/><E113/><V13/><F27/><W66/><G90/><T62/><D30/><U98/><E102/><V45/><F73/><W87/><G87/><T58/><D76/><U41/><E31/><V130/><F80/><W106/><G106/><T12/><D58/><U78/><E9/><N who="2" m="6191" /><F130/><W8/><G8/><T53/><D64/><U3/><REACH who="1" step="1"/><E7/><REACH who="1" ten="463,125,259,143" step="2"/><V121/><F121/><W119/><G10/><T120/><D120/><U70/><E70/><V74/><F74/><W99/><G6/><T60/><D95/><U24/><E24/><V38/><F38/><W68/><G5/><T114/><D114/><U50/><E50/><AGARI ba="0,1" hai="0,4,11,12,17,21,50,53,57,60,62,86,89,94" machi="50" ten="30,7700,0" yaku="7,1,25,2,52,1" doraHai="33" who="0" fromWho="1" sc="463,87,125,-77,259,0,143,0" /><INIT seed="4,0,0,3,5,85" ten="550,48,259,143" oya="0" hai0="27,96,58,39,94,129,72,79,20,42,9,132,74" hai1="77,99,21,83,67,4,19,1,5,118,33,28,34" hai2="86,115,80,2,55,78,123,71,13,26,81,45,104" hai3="65,63,0,134,6,107,59,105,10,57,84,3,17"/><T18/><D129/><U25/><E118/><V61/><F123/><W32/><G32/><T95/><D132/><U128/><E128/><V37/><F104/><W106/><G134/><T97/><D9/><U101/><E67/><V66/><F2/><W22/><G0/><T29/><D29/><U35/><E1/><V64/><F115/><W113/><G113/><T91/><D79/><U100/><E19/><V31/><F13/><W46/><G46/><T112/><D112/><U98/><E98/><V43/><F55/><W7/><G7/><T82/><D82/><U135/><E135/><V24/><F66/><W108/><G108/><T62/><D42/><U90/><E90/><V44/><F44/><W127/><G127/><T54/><D39/><U111/><E111/><V41/><F41/><W49/><G49/><T50/><D50/><U92/><REACH who="1" step="1"/><E101/><AGARI ba="0,0" hai="18,20,27,54,58,62,72,74,91,94,95,96,97,101" machi="101" ten="30,11600,0" yaku="7,1,25,2,52,1" doraHai="85" who="0" fromWho="1" sc="550,116,48,-116,259,0,143,0" owari="666,77.0,-68,-57.0,259,6.0,143,-26.0" /></mjloggm>