<mjloggm ver="2.3"><GO type="97"/><UN n0="%E3%83%9A%E3%83%B3%E3%82%BF%E3%83%B3" n1="%6A%6F%63%6B%65%79" n2="%EF%BC%88%E2%89%A7%E2%96%BD%E2%89%A6%EF%BC%89" n3="%70%75%72%65%2D%79%61" dan="14,13,14,14" rate="1924,1869,2035,1958" sx="M,M,M,M"/><TAIKYOKU oya="0"/><INIT seed="0,0,0,1,3,36" ten="250,250,250,250" oya="0" hai0="55,1,20,84,51,121,24,45,100,79,106,93,22" hai1="123,63,75,9,23,109,115,103,88,70,48,64,16" hai2="49,113,35,21,31,119,108,134,12,52,61,8,17" hai3="18,7,118,112,28,44,3,58,89,105,72,122,69"/><T6/><D121/><U73/><E123/><V87/><F113/><W34/><G72/><T96/><D1/><U59/><E109/><V68/><F108/><W71/><G105/><T91/><D6/><U82/><E103/><V14/><F119/><W50/><G112/><T41/><D24/><U60/><E9/><V98/><F134/><W94/><G118/><T42/><D20/><U135/><E135/><V99/><F35/><W67/><G122/><T132/><D132/><U40/><E115/><V130/><F130/><W30/><G34/><T102/><D102/><U80/><E70/><V65/><F87/><N who="3" m="52543" /><G71/><T133/><D133/><U125/><E125/><V111/><F111/><W26/><G69/><T37/><D37/><U47/><E63/><V5/><REACH who="2" step="1"/><F31/><REACH who="2" step="2"/><W128/><G30/><T131/><D131/><U90/><E75/><V38/><F38/><W4/><G28/><T66/><D22/><U2/><E73/><V77/><F77/><W92/><G3/><T43/><D79/><U95/><E2/><V76/><F76/><W33/><G33/><T114/><D114/><U86/><E90/><V74/><F74/><W13/><G128/><T11/><D11/><U27/><AGARI ba="0,1" hai="16,23,27,40,47,48,59,60,64,80,82,86,88,95" machi="27" ten="20,12000,2" yaku="0,1,7,1,8,1,52,1,54,2" doraHai="36" who="1" fromWho="1" sc="250,-60,250,130,240,-30,250,-30" /><INIT seed="1,0,0,0,0,43" ten="190,380,210,220" oya="1" hai0="63,104,33,65,0,68,87,26,98,134,21,124,115" hai1="81,67,18,75,52,12,64,100,117,90,39,113,19" hai2="127,96,38,42,34,4,47,120,69,3,29,83,112" hai3="116,132,23,80,66,79,85,72,70,108,48,61,119"/><U99/><E39/><V56/><F120/><W32/><G108/><T36/><D115/><U62/><E113/><V129/><F112/><W40/><G32/><T125/><D134/><U14/><E117/><N who="3" m="45130" /><G132/><T71/><D36/><U118/><E118/><V5/><F69/><W17/><G48/><T8/><D71/><U97/><E75/><V44/><F129/><W15/><G40/><T101/><D87/><AGARI ba="0,0" hai="15,17,23,61,66,70,72,79,80,85,87" m="45130" machi="87" ten="30,1000,0" yaku="12,1" doraHai="43" who="3" fromWho="0" sc="190,-10,380,0,210,0,220,10" /><INIT seed="2,0,0,2,2,86" ten="180,380,210,230" oya="2" hai0="95,12,32,21,4,54,46,104,59,102,107,69,53" hai1="111,115,92,105,128,121,126,116,76,130,3,113,118" hai2="120,122,93,42,94,132,117,8,100,89,77,88,99" hai3="67,124,106,41,40,29,39,134,44,9,97,96,91"/><V56/><F117/><N who="1" m="45161" /><E3/><V43/><F132/><W131/><G134/><T80/><D32/><U36/><E36/><V135/><F135/><W60/><G131/><N who="1" m="50218" /><E105/><V68/><F68/><W78/><G124/><T83/><D69/><U27/><E27/><V25/><F122/><W103/><G41/><N who="2" m="15369" /><F120/><W19/><G29/><T47/><D104/><U114/><E76/><V129/><F129/><W58/><G78/><T17/><D107/><U14/><E14/><V123/><F123/><W11/><G19/><T22/><D4/><U64/><E121/><V49/><F77/><W84/><G96/><N who="0" m="59679" /><D22/><U55/><E64/><V1/><F1/><W24/><G24/><T26/><D53/><U6/><E6/><V66/><F25/><W119/><G119/><T61/><D26/><U133/><E133/><V38/><F38/><W23/><G23/><T5/><D5/><U108/><E55/><N who="2" m="31855" /><F8/><W81/><AGARI ba="0,0" hai="9,11,39,40,44,58,60,67,81,84,91,97,103,106" machi="81" ten="20,2700,0" yaku="0,1,7,1,52,1" doraHai="86" who="3" fromWho="3" sc="180,-7,380,-7,210,-13,230,27" /><INIT seed="3,0,0,5,3,23" ten="173,373,197,257" oya="3" hai0="8,98,76,21,105,60,46,111,92,56,43,109,31" hai1="65,132,96,4,45,119,14,10,13,0,27,5,26" hai2="57,70,53,62,28,121,90,22,126,114,82,12,7" hai3="40,30,80,2,51,39,15,117,11,19,52,54,1"/><W81/><G117/><T71/><D71/><U61/><E132/><V118/><F114/><W128/><G1/><T95/><D76/><U49/><E96/><V37/><F37/><W124/><G2/><T130/><D130/><U58/><E119/><V94/><F118/><W123/><G123/><T103/><D8/><N who="1" m="4231" /><E0/><V67/><F126/><W47/><G124/><T17/><D109/><U125/><E125/><V36/><F36/><W122/><G122/><T84/><D111/><U131/><E131/><V77/><F121/><W120/><G120/><T106/><D84/><U3/><E3/><V110/><F110/><W64/><G64/><T107/><D92/><U100/><E100/><V101/><F101/><W16/><G128/><T75/><D75/><U38/><E38/><V73/><F7/><W9/><G39/><T83/><D83/><N who="3" m="31817" /><G30/><T91/><D43/><AGARI ba="0,0" hai="5,10,14,26,27,43,45,49,58,61,65" m="4231" machi="43" ten="30,3900,0" yaku="8,1,52,2" doraHai="23" who="1" fromWho="0" sc="173,-39,373,39,197,0,257,0" owari="134,-37.0,412,51.0,197,-20.0,257,6.0" /></mjloggm>