<mjloggm ver="2.3"><GO type="73"/><UN n0="%76%6F%65%74%62%61%6C" n1="%EF%BC%88%E2%89%A7%E2%96%BD%E2%89%A6%EF%BC%89" n2="%E3%81%AF%E3%81%A4%E3%81%8D" n3="%E9%9B%80%E7%9A%87%E2%98%86%E3%82%BF%E3%82%AB" dan="8,8,12,1" rate="1513,1740,1713,1544" sx="M,M,F,M"/><TAIKYOKU oya="0"/><INIT seed="0,0,0,5,1,103" ten="250,250,250,250" oya="0" hai0="97,86,7,74,2,66,61,77,13,75,19,15,125" hai1="106,89,108,90,117,120,20,52,133,44,37,1,55" hai2="111,72,53,122,51,121,87,5,99,76,67,91,88" hai3="79,31,39,4,0,116,46,3,63,73,41,33,68"/><T81/><D125/><U35/><E120/><V107/><F67/><N who="3" m="41087" /><G116/><T22/><D97/><U80/><E117/><V70/><F70/><W132/><G132/><T134/><D134/><U14/><E35/><V128/><F5/><W30/><G30/><T109/><D109/><U49/><E133/><V135/><F135/><W114/><G114/><T69/><D2/><U21/><E1/><V56/><F111/><W42/><G42/><T29/><D29/><U102/><E108/><V115/><F115/><W16/><G16/><T59/><D69/><U62/><E37/><V92/><F128/><W100/><G4/><T38/><D38/><U18/><E21/><V40/><F40/><W105/><G79/><T113/><D113/><U64/><E55/><V129/><F129/><W118/><G73/><T110/><D110/><U93/><E80/><N who="2" m="45063" /><F91/><W43/><G43/><T95/><D95/><U83/><E83/><V58/><F58/><W28/><G28/><T82/><D82/><U45/><E45/><V78/><F78/><W84/><G84/><T48/><D48/><U98/><REACH who="1" step="1"/><E93/><REACH who="1" step="2"/><V94/><F94/><W112/><G118/><T119/><REACH who="0" step="1"/><D119/><REACH who="0" step="2"/><U123/><E123/><V124/><F124/><W104/><G112/><T32/><D32/><U50/><E50/><V6/><F122/><W47/><G46/><T23/><D23/><U131/><E131/><V127/><F121/><W10/><G10/><AGARI ba="0,2" hai="7,10,13,15,19,22,59,61,66,74,75,77,81,86" machi="10" ten="40,2000,0" yaku="1,1,53,0" doraHai="103" doraHaiUra="101" who="0" fromWho="3" sc="240,40,240,0,250,0,250,-20" /><INIT seed="0,1,0,4,1,102" ten="280,240,250,230" oya="0" hai0="88,135,26,31,129,113,90,124,71,127,73,57,1" hai1="8,79,44,101,16,109,33,39,63,122,14,29,21" hai2="43,111,42,107,115,54,36,110,94,11,121,27,65" hai3="93,116,133,70,37,32,132,87,59,22,19,12,0"/><T41/><D1/><U53/><E122/><V10/><F121/><W66/><G37/><T123/><D73/><U85/><E109/><N who="2" m="41483" /><F65/><W81/><G70/><T134/><D123/><U4/><E101/><V125/><F115/><W49/><G32/><T130/><D113/><U69/><E69/><V7/><F10/><W6/><G116/><T23/><D71/><U9/><E39/><V83/><F125/><N who="0" m="48202" /><D41/><U106/><E106/><V45/><F42/><W58/><G0/><T67/><D57/><N who="1" m="35247" /><E33/><V114/><F114/><W82/><G6/><T3/><D67/><U118/><E118/><V72/><F27/><W89/><G133/><N who="0" m="50699" /><D3/><U95/><E29/><V100/><F54/><N who="3" m="32079" /><G132/><T48/><D48/><U13/><E44/><V46/><F46/><W25/><G66/><T104/><D104/><U51/><E51/><V47/><F47/><W20/><G59/><T35/><D35/><U75/><E75/><V105/><F94/><W61/><G61/><T15/><D15/><N who="1" m="9375" /><E95/><V126/><F100/><W30/><AGARI ba="1,0" hai="12,19,20,22,25,30,81,82,87,89,93" m="32079" machi="30" ten="30,2000,0" yaku="25,1,8,1" doraHai="102" who="3" fromWho="3" sc="280,-11,240,-6,250,-6,230,23" /><INIT seed="1,0,0,1,5,100" ten="269,234,244,253" oya="1" hai0="78,71,34,46,79,7,118,113,95,89,67,101,131" hai1="15,111,6,76,82,41,102,24,85,30,28,38,35" hai2="116,115,86,93,12,39,98,110,64,10,49,132,52" hai3="22,65,128,14,92,75,108,119,54,103,107,47,117"/><U80/><E111/><V105/><F116/><N who="3" m="44619" /><G108/><T60/><D118/><U61/><E30/><V127/><F110/><W2/><G2/><T27/><D113/><U70/><E102/><V19/><F39/><W69/><G75/><T42/><D131/><U48/><E38/><V56/><F115/><W114/><G114/><T57/><D7/><U44/><E82/><V59/><F132/><W8/><G69/><T36/><D101/><U120/><E120/><V29/><F29/><W11/><G65/><T104/><D34/><U112/><E112/><V37/><F37/><W32/><G32/><T90/><D104/><U68/><REACH who="1" step="1"/><E61/><REACH who="1" step="2"/><V58/><F127/><W43/><G128/><T87/><D27/><U106/><E106/><V17/><F105/><W51/><G107/><T126/><D126/><U81/><E81/><V124/><F124/><W130/><G103/><T4/><D4/><U73/><E73/><V21/><F86/><W62/><G130/><T99/><REACH who="0" step="1"/><D71/><REACH who="0" step="2"/><U26/><E26/><N who="2" m="14639" /><F64/><W125/><G125/><T45/><D45/><U3/><E3/><V122/><F122/><W135/><G135/><T74/><D74/><U134/><E134/><V25/><F25/><W121/><G121/><T40/><D40/><U88/><E88/><AGARI ba="0,2" hai="10,12,19,49,52,56,58,59,88,93,98" m="14639" machi="88" ten="30,3900,0" yaku="8,1,54,2" doraHai="100" who="2" fromWho="1" sc="259,0,224,-39,244,59,253,0" /><INIT seed="2,0,0,4,4,84" ten="259,185,303,253" oya="2" hai0="107,67,92,119,1,4,5,82,13,61,68,102,32" hai1="17,64,20,29,25,105,97,57,0,73,38,46,48" hai2="110,135,71,89,124,11,56,126,109,99,132,3,21" hai3="115,103,134,91,23,28,6,31,111,10,133,81,45"/><V106/><F71/><W130/><G103/><T76/><D119/><U75/><E0/><V93/><F56/><W70/><G70/><T12/><D1/><U51/><E38/><V98/><F21/><W129/><G45/><T65/><D32/><U8/><E105/><V22/><F22/><W41/><G41/><T66/><D107/><U62/><E97/><V33/><F33/><W100/><G100/><T40/><D102/><U96/><E96/><V63/><F63/><W43/><G43/><T104/><D40/><U88/><E88/><V112/><F3/><N who="3" m="351" /><G81/><T108/><D108/><N who="2" m="41578" /><F11/><W125/><G91/><T131/><D131/><N who="3" m="50185" /><G111/><T69/><D104/><U101/><E101/><N who="2" m="62783" /><F112/><W37/><G37/><T18/><D92/><U7/><E29/><N who="3" m="11338" /><G115/><T27/><D67/><U44/><E44/><V87/><F87/><W50/><G50/><T128/><D128/><U95/><E51/><V36/><F36/><W80/><G80/><T55/><D82/><U83/><E83/><V49/><F49/><W114/><G114/><T59/><D76/><U77/><E77/><V26/><F26/><W78/><G78/><T14/><D27/><U30/><E30/><V34/><F34/><W2/><G2/><T90/><D90/><U117/><E117/><V72/><F72/><N who="1" m="27721" /><E95/><V60/><F60/><W123/><G23/><T86/><D86/><U122/><E48/><V58/><F58/><W47/><G47/><T52/><D69/><U42/><E46/><V85/><F85/><W53/><G53/><T16/><D55/><U15/><E42/><V120/><F120/><W116/><G123/><RYUUKYOKU ba="0,0" sc="259,-15,185,15,303,15,253,-15" hai1="7,8,15,17,20,25,57,62,64,122" hai2="89,93,98,124,126,132,135" /><INIT seed="2,1,0,5,3,125" ten="244,200,318,238" oya="2" hai0="67,48,124,123,28,65,69,43,21,47,87,33,90" hai1="128,89,83,84,103,1,11,23,19,93,14,77,53" hai2="116,9,81,56,72,112,18,120,111,105,0,3,73" hai3="104,15,92,34,113,106,101,63,38,110,32,64,12"/><V133/><F120/><W8/><G110/><T7/><D123/><U54/><E128/><V62/><F112/><W98/><G113/><T31/><D124/><U49/><E103/><V117/><F105/><W13/><G38/><T130/><D130/><U66/><E66/><V50/><F50/><W70/><G104/><T30/><D33/><U115/><E115/><V25/><F111/><W24/><G34/><T82/><D7/><U79/><E79/><V29/><F81/><W27/><G24/><T41/><D69/><U57/><E54/><V17/><F9/><W135/><G92/><T40/><REACH who="0" step="1"/><D21/><REACH who="0" step="2"/><U46/><E1/><V76/><F76/><W55/><G135/><T121/><D121/><U99/><REACH who="1" step="1"/><E23/><REACH who="1" step="2"/><V97/><F133/><W5/><G55/><AGARI ba="1,2" hai="28,30,31,40,41,43,47,48,55,65,67,82,87,90" machi="55" ten="40,2600,0" yaku="1,1,8,1,53,0" doraHai="125" doraHaiUra="109" who="0" fromWho="3" sc="234,49,190,0,318,0,238,-29" /><INIT seed="3,0,0,0,5,25" ten="283,190,318,209" oya="3" hai0="77,74,105,64,5,66,117,33,93,37,40,132,47" hai1="60,87,96,128,115,50,14,100,81,72,70,86,41" hai2="113,23,114,103,62,120,29,98,6,26,94,76,121" hai3="4,116,0,16,127,2,111,8,135,57,107,104,11"/><W15/><G116/><T129/><D117/><U80/><E115/><V92/><F76/><W119/><G119/><T54/><D33/><U79/><E128/><V63/><F6/><W28/><G135/><T32/><D129/><U42/><E70/><V3/><F3/><W133/><G133/><T130/><D105/><U17/><E60/><V39/><F39/><W30/><G127/><T90/><D130/><U65/><E65/><V110/><F110/><W52/><G111/><T45/><D132/><U19/><E50/><V125/><F125/><W27/><G107/><T38/><D32/><U61/><E61/><V88/><F113/><W31/><G104/><T59/><D5/><U69/><E69/><V67/><F114/><W7/><G52/><T13/><D13/><U83/><E72/><V108/><F108/><W123/><G57/><T85/><D74/><U71/><E71/><V51/><F51/><W24/><G123/><N who="2" m="47177" /><F67/><W43/><G43/><T73/><D73/><U44/><E44/><V10/><F10/><AGARI ba="0,0" hai="0,2,4,7,8,10,11,15,16,24,27,28,30,31" machi="10" ten="40,36000,4" yaku="9,1,35,6,52,3,54,1" doraHai="25" who="3" fromWho="2" sc="283,0,190,0,318,-360,209,360" owari="283,8,190,-21,-42,-54,569,67" /></mjloggm>