<mjloggm ver="2.3"><GO type="41"/><UN n0="%E3%82%A2%E3%83%BC%E3%83%8D%E3%82%B9" n1="%EF%BC%88%E2%89%A7%E2%96%BD%E2%89%A6%EF%BC%89" n2="%E3%83%91%E3%83%B3%E3%83%80" n3="%68%6F%6E%67%69%69%39%30" dan="13,14,14,14" rate="1940,2042,1974,1902" sx="M,M,M,M"/><TAIKYOKU oya="0"/><INIT seed="0,0,0,4,3,58" ten="250,250,250,250" oya="0" hai0="12,104,82,47,99,65,4,13,83,45,106,125,87" hai1="75,26,53,132,110,15,101,17,88,18,102,36,103" hai2="54,44,40,2,10,76,115,112,34,117,64,63,108" hai3="113,5,78,91,111,57,59,43,105,22,86,119,51"/><T96/><D125/><U9/><E36/><V23/><F108/><W123/><G119/><T135/><D65/><U28/><E75/><V19/><F117/><W90/><G113/><T109/><D135/><U37/><E37/><V33/><F112/><W42/><G105/><T29/><D29/><U3/><E3/><V92/><F115/><W50/><G111/><T21/><D109/><U98/><E110/><V114/><F114/><W100/><G100/><T25/><D25/><U61/><E132/><V30/><F76/><W0/><G0/><T129/><D129/><U124/><E124/><V118/><F118/><W8/><G123/><T14/><D21/><N who="1" m="13615" /><E28/><V6/><F92/><W11/><G22/><T131/><D131/><U80/><E80/><V24/><F54/><W134/><G134/><T126/><D126/><U62/><E53/><V55/><F55/><W49/><G78/><T97/><D4/><U27/><E27/><V35/><F40/><N who="3" m="15403" /><G86/><T95/><D95/><AGARI ba="0,0" hai="9,15,18,61,62,88,95,98,101,102,103" m="13615" machi="95" ten="30,7700,0" yaku="8,1,52,2,54,1" doraHai="58" who="1" fromWho="0" sc="250,-77,250,77,250,0,250,0" /><INIT seed="1,0,0,1,2,56" ten="173,327,250,250" oya="1" hai0="2,54,52,108,64,57,41,11,90,134,43,70,3" hai1="53,74,78,69,61,92,73,135,125,80,121,68,47" hai2="89,31,87,72,93,55,114,45,6,10,76,19,40" hai3="26,20,9,38,77,110,0,42,112,95,91,106,107"/><U111/><E121/><V12/><F114/><W15/><G110/><T79/><D108/><U24/><E111/><V62/><F31/><W1/><G112/><T33/><D33/><U96/><E74/><V88/><F72/><W60/><G107/><T120/><D120/><U17/><E135/><V34/><F34/><W46/><G106/><T133/><D79/><U101/><E125/><V28/><F28/><W21/><G77/><T100/><D100/><U65/><E69/><V67/><F76/><W98/><G0/><T103/><D103/><U85/><E73/><V105/><F105/><W129/><G129/><T127/><D127/><U128/><E128/><V5/><F55/><N who="0" m="21034" /><D70/><U32/><E32/><V123/><F89/><W104/><G104/><T48/><D11/><U113/><E113/><V97/><F97/><W119/><G1/><N who="0" m="11" /><D90/><U18/><REACH who="1" step="1"/><E24/><REACH who="1" step="2"/><V132/><F132/><N who="0" m="50794" /><D48/><AGARI ba="0,1" hai="17,18,47,48,53,61,65,68,78,80,85,92,96,101" machi="48" ten="40,7700,0" yaku="1,1,52,1,53,1" doraHai="56" doraHaiUra="63" who="1" fromWho="0" sc="173,-77,317,87,250,0,250,0" /><INIT seed="1,1,0,1,2,75" ten="96,404,250,250" oya="1" hai0="80,97,47,110,42,4,0,51,86,128,131,35,43" hai1="48,22,30,102,70,109,32,111,85,108,15,54,44" hai2="107,12,119,106,58,100,9,105,11,13,87,18,130" hai3="121,23,61,2,27,123,124,14,36,66,72,91,115"/><U41/><E70/><V78/><F119/><W122/><G115/><T71/><D71/><U113/><E113/><V34/><F34/><W82/><G2/><T73/><D35/><U67/><E67/><V8/><F130/><W74/><G36/><T84/><D110/><U118/><E118/><V135/><F135/><W10/><G124/><T90/><D43/><U62/><E102/><V33/><F33/><W68/><G91/><T69/><D69/><U25/><E85/><V103/><F58/><W60/><G60/><T56/><D56/><N who="1" m="35095" /><E15/><V89/><F89/><W96/><G96/><T31/><D31/><U117/><E117/><V17/><F11/><W64/><G64/><T45/><D45/><U79/><E32/><V94/><REACH who="2" step="1"/><F94/><REACH who="2" step="2"/><W99/><G10/><T40/><D131/><U19/><E111/><V92/><F92/><W104/><G123/><T59/><D128/><U21/><E109/><V65/><F65/><W3/><G122/><T125/><D59/><U134/><E108/><V112/><F112/><W52/><G121/><T57/><D57/><U116/><E134/><V88/><F88/><W1/><G104/><T126/><D90/><U38/><E116/><V37/><F37/><W24/><G66/><T114/><D114/><U81/><E38/><V39/><F39/><W5/><G68/><T53/><D126/><U101/><E101/><V46/><F46/><W132/><G132/><T76/><D125/><U93/><E93/><V20/><F20/><W127/><G23/><T50/><D47/><U16/><E22/><V7/><F7/><W98/><G127/><RYUUKYOKU ba="1,1" sc="96,-15,404,15,240,15,250,-15" hai1="16,19,21,25,30,41,44,48,79,81" hai2="8,9,12,13,17,18,78,87,100,103,105,106,107" /><INIT seed="1,2,1,4,2,128" ten="81,419,255,235" oya="1" hai0="119,34,82,31,33,23,17,80,112,60,67,100,135" hai1="99,88,43,12,85,8,116,118,37,104,83,108,3" hai2="41,59,98,48,121,55,133,45,65,69,125,120,21" hai3="95,81,132,92,13,97,66,49,131,24,113,46,109"/><U86/><E3/><V130/><F21/><W20/><G113/><T90/><D112/><U26/><E108/><V35/><F35/><W105/><G109/><T7/><D119/><U111/><E111/><V101/><F101/><W71/><G131/><T64/><D7/><U27/><E27/><V127/><F98/><W6/><G105/><T62/><D100/><U53/><E26/><V87/><F87/><W15/><G132/><T36/><D36/><U102/><E53/><V1/><F1/><W5/><G66/><T16/><D23/><U51/><E37/><V19/><F130/><W75/><G71/><T47/><D47/><U58/><E85/><V52/><F19/><W2/><G2/><T56/><D56/><U10/><E10/><V73/><F73/><W84/><G75/><T4/><D4/><U110/><E110/><V129/><F129/><W124/><G124/><N who="2" m="47689" /><F133/><W11/><G13/><T134/><REACH who="0" step="1"/><D90/><REACH who="0" step="2"/><U39/><E39/><N who="2" m="21695" /><F55/><W57/><G57/><T30/><AGARI ba="2,2" hai="16,17,30,31,33,34,60,62,64,67,80,82,134,135" machi="30" ten="25,16000,3" yaku="1,1,0,1,22,2,52,2,54,1,53,2" doraHai="128" doraHaiUra="28" who="0" fromWho="0" sc="71,186,419,-82,255,-42,235,-42" /><INIT seed="2,0,0,1,1,29" ten="257,337,213,193" oya="2" hai0="41,76,131,44,117,113,85,89,33,70,17,14,114" hai1="84,103,52,127,135,110,64,90,34,100,126,45,99" hai2="71,125,109,37,97,128,58,92,78,121,132,77,129" hai3="115,1,11,40,66,81,28,39,67,31,105,55,106"/><V20/><F71/><W19/><G39/><T6/><D70/><U46/><E135/><V47/><F121/><W3/><G40/><T0/><D117/><U27/><E64/><V61/><F37/><W18/><G81/><T112/><D131/><N who="2" m="50250" /><F47/><W80/><G80/><T79/><D0/><U26/><E46/><V104/><F132/><W86/><G86/><T74/><D6/><U123/><E123/><V10/><F125/><W30/><G11/><T73/><D73/><U9/><E127/><V69/><F69/><W13/><G13/><T49/><D74/><U48/><E126/><V16/><F10/><W130/><G130/><T134/><D134/><U94/><E9/><V23/><F109/><W57/><G55/><T25/><D113/><U116/><E116/><V35/><F104/><N who="3" m="40043" /><G57/><T42/><D42/><U107/><E110/><V32/><F23/><W63/><G63/><T59/><D59/><U60/><E60/><V43/><F43/><W38/><G38/><T56/><D56/><U91/><E103/><N who="2" m="60839" /><F77/><W36/><G36/><T15/><D114/><U2/><E2/><N who="3" m="522" /><G115/><T119/><D119/><U133/><E133/><V72/><F72/><W24/><G24/><T51/><D112/><U50/><E26/><N who="2" m="14599" /><F78/><W65/><AGARI ba="0,0" hai="18,19,28,30,31,65,66,67" m="522,40043" machi="65" ten="40,2700,0" yaku="28,2" doraHai="29" who="3" fromWho="3" sc="257,-7,337,-7,213,-13,193,27" /><INIT seed="3,0,0,3,0,40" ten="250,330,200,220" oya="3" hai0="78,63,119,111,7,32,65,82,57,80,93,77,106" hai1="26,110,92,29,47,114,28,13,68,98,134,132,102" hai2="11,74,55,25,5,45,83,107,33,71,39,69,36" hai3="116,1,50,27,15,79,95,23,61,54,94,120,90"/><W73/><G120/><T87/><D119/><U31/><E114/><V41/><F55/><W115/><G116/><T34/><D106/><U12/><E68/><V58/><F58/><W135/><G135/><N who="1" m="51754" /><E110/><V49/><F49/><W101/><G115/><T108/><D7/><U109/><E109/><N who="0" m="42057" /><D93/><U103/><E103/><V126/><F107/><W62/><G1/><T4/><D4/><U35/><E47/><V89/><F89/><W66/><G73/><AGARI ba="0,0" hai="32,34,57,63,65,73,77,78,80,82,87" m="42057" machi="73" ten="30,1000,0" yaku="14,1" doraHai="40" who="0" fromWho="3" sc="250,10,330,0,200,0,220,-10" /><INIT seed="4,0,0,4,4,129" ten="260,330,200,210" oya="0" hai0="13,19,110,54,88,63,28,92,115,37,61,34,95" hai1="9,109,58,99,29,60,38,71,101,124,127,56,122" hai2="55,33,25,46,7,42,39,98,57,67,49,43,3" hai3="72,10,4,23,73,8,44,83,100,69,6,35,104"/><T1/><D37/><U26/><E122/><V134/><F33/><W17/><G69/><T74/><D74/><U93/><E109/><V40/><F98/><W47/><G104/><T59/><D1/><U70/><E9/><V132/><F25/><W51/><G100/><T15/><D110/><U50/><E50/><V24/><F24/><W128/><G128/><T68/><D34/><N who="1" m="20791" /><E38/><V22/><F22/><W89/><G35/><T45/><D28/><U76/><E76/><V36/><F7/><N who="3" m="2603" /><G72/><T108/><D108/><U94/><E94/><V66/><F3/><W103/><G103/><T119/><D119/><U116/><E56/><V114/><F114/><W135/><G135/><N who="2" m="51753" /><F66/><W77/><G73/><T12/><D115/><U75/><E75/><V5/><F5/><W82/><G77/><T130/><D130/><U107/><E107/><V113/><F113/><W64/><G64/><N who="0" m="38975" /><D68/><U48/><E116/><V86/><F86/><N who="3" m="50391" /><G83/><T121/><D121/><U31/><E71/><V65/><F65/><W18/><G18/><T85/><D19/><U21/><E70/><V41/><N who="2" m="10752" /><DORA hai="105" /><V102/><F102/><W96/><G96/><T27/><D27/><U30/><E99/><V80/><F80/><W118/><G118/><T90/><D95/><U32/><E93/><V62/><AGARI ba="0,0" hai="36,39,46,49,55,57,62,67" m="10752,51753" machi="62" ten="50,12000,2" yaku="20,1,34,2,52,3" doraHai="129,105" who="2" fromWho="2" sc="260,-60,330,-30,200,120,210,-30" /><INIT seed="5,0,0,2,2,134" ten="200,300,320,180" oya="1" hai0="127,91,129,113,84,123,57,25,61,10,94,72,110" hai1="119,63,122,98,4,31,118,92,3,41,93,66,77" hai2="13,21,79,73,124,46,42,56,22,7,101,2,69" hai3="12,80,9,75,1,116,71,35,125,38,33,95,99"/><U89/><E122/><V120/><F69/><W0/><G71/><T18/><D123/><U6/><E77/><V107/><F120/><W5/><G38/><T121/><D121/><U135/><E135/><V117/><F117/><W45/><G45/><T60/><D110/><U19/><E31/><V68/><F68/><W128/><G95/><T83/><D113/><U103/><E41/><V109/><F56/><W58/><G58/><T64/><D129/><U62/><E3/><N who="3" m="1098" /><G99/><T14/><D127/><U39/><E39/><N who="2" m="21855" /><F124/><W74/><G80/><T53/><D25/><U28/><E28/><V85/><F85/><W54/><G54/><T30/><D30/><U44/><E44/><V37/><F37/><W111/><G75/><T82/><REACH who="0" step="1"/><D72/><REACH who="0" step="2"/><U81/><E119/><V105/><F109/><W52/><G74/><T51/><D51/><U78/><E118/><V115/><F115/><W20/><G111/><T131/><D131/><U88/><E63/><V48/><F48/><W126/><G128/><T8/><D8/><U11/><E11/><V114/><F114/><W34/><G116/><T96/><D96/><U23/><E98/><V67/><F73/><W106/><G106/><T26/><D26/><U59/><E62/><V55/><F107/><W32/><G52/><T50/><D50/><U43/><E43/><V15/><F55/><W65/><G65/><T100/><D100/><U132/><E103/><V102/><F101/><W97/><G97/><T133/><D133/><U76/><E132/><V49/><F102/><W90/><G90/><T86/><D86/><U29/><E89/><RYUUKYOKU ba="0,1" sc="190,30,300,-10,320,-10,180,-10" hai0="10,14,18,53,57,60,61,64,82,83,84,91,94" /><INIT seed="6,1,1,0,4,92" ten="220,290,310,170" oya="2" hai0="14,65,106,88,55,3,19,95,132,98,129,30,5" hai1="38,41,94,0,70,33,20,27,108,67,58,87,54" hai2="112,124,118,89,110,122,22,84,15,86,71,100,79" hai3="126,57,49,103,128,13,26,47,59,135,23,42,77"/><V116/><F71/><W72/><G135/><T51/><D132/><U39/><E108/><V69/><F69/><W9/><G128/><T117/><D117/><N who="2" m="45162" /><F22/><W48/><G126/><T8/><D129/><U82/><E0/><V63/><F63/><W43/><G72/><T133/><D133/><U36/><E33/><V56/><F56/><W12/><G77/><T29/><D106/><U66/><E41/><V40/><F40/><W80/><G80/><T114/><D65/><U102/><E70/><V127/><F15/><W16/><G103/><T24/><D24/><U74/><E67/><V125/><F122/><W28/><G13/><T2/><D114/><U61/><E66/><V52/><F52/><W130/><G130/><T121/><D121/><U134/><E134/><V78/><F112/><W119/><G119/><T90/><D90/><U53/><E54/><V115/><F115/><W96/><G96/><T123/><D123/><U105/><E38/><V11/><F11/><W85/><G85/><N who="2" m="32873" /><F110/><W60/><G60/><T120/><D120/><U107/><E39/><V81/><F100/><W44/><AGARI ba="1,1" hai="9,12,16,23,26,28,42,43,44,47,48,49,57,59" machi="44" ten="30,7900,0" yaku="0,1,9,1,8,1,54,1" doraHai="92" who="3" fromWho="3" sc="220,-21,290,-21,310,-40,170,92" /><INIT seed="7,0,0,1,1,123" ten="199,269,270,262" oya="3" hai0="120,27,37,4,92,46,94,56,95,15,113,107,115" hai1="81,3,57,31,64,76,35,74,124,60,130,21,72" hai2="134,100,39,91,62,40,83,80,58,90,70,117,61" hai3="20,24,26,96,45,89,53,28,2,6,127,55,114"/><W47/><G114/><N who="0" m="43531" /><D120/><U75/><E130/><V30/><F117/><W43/><G127/><T79/><D107/><U105/><E124/><V59/><F70/><W132/><G132/><T33/><D79/><U84/><E3/><V25/><F134/><W1/><G6/><T48/><D37/><U88/><E105/><V51/><F39/><W118/><G118/><T66/><D33/><U22/><REACH who="1" step="1"/><E76/><REACH who="1" step="2"/><V19/><F19/><W102/><G1/><T116/><D116/><U133/><E133/><V87/><F30/><W93/><G2/><T16/><D27/><AGARI ba="0,1" hai="21,22,27,31,35,57,60,64,72,74,75,81,84,88" machi="27" ten="40,2600,0" yaku="1,1,54,1,53,0" doraHai="123" doraHaiUra="65" who="1" fromWho="0" sc="199,-26,259,36,270,0,262,0" /><INIT seed="8,0,0,4,3,67" ten="173,295,270,262" oya="0" hai0="107,114,53,121,135,26,74,17,84,64,124,75,90" hai1="122,28,8,125,102,80,2,6,51,110,98,33,76" hai2="134,117,32,44,119,34,14,88,81,99,36,56,112" hai3="55,46,72,120,31,13,4,111,21,115,87,23,57"/><T18/><D121/><U131/><E110/><V43/><F112/><W12/><G111/><T42/><D107/><N who="1" m="63959" /><E51/><V25/><F134/><W71/><G72/><T66/><D135/><U29/><E29/><V130/><F14/><W78/><G115/><T69/><D114/><U118/><E122/><V50/><F130/><W109/><G71/><T58/><D42/><U37/><E131/><V19/><F19/><W92/><G109/><T10/><D124/><U0/><E125/><V68/><F68/><W52/><G120/><T11/><D75/><N who="1" m="43039" /><E118/><N who="2" m="45067" /><F25/><W7/><G46/><T79/><D74/><U24/><E0/><V85/><F99/><W48/><G55/><AGARI ba="0,0" hai="32,34,36,43,44,50,55,56,81,85,88" m="45067" machi="55" ten="30,3900,0" yaku="16,1,12,1,54,1" doraHai="67" who="2" fromWho="3" sc="173,0,295,0,270,39,262,-39" owari="173,-33.0,295,10.0,309,41.0,223,-18.0" /></mjloggm>