<mjloggm ver="2.3"><GO type="41"/><UN n0="%E3%83%95%E3%83%AC%E3%83%B3%E3%83%81%E3%83%96%E3%83%AB" n1="%EF%BC%88%E2%89%A7%E2%96%BD%E2%89%A6%EF%BC%89" n2="%74%6F%72%69%30%36%31%32" n3="%7A%69%69%6E%6B" dan="14,14,16,14" rate="1928,2025,2070,1891" sx="M,M,M,M"/><TAIKYOKU oya="0"/><INIT seed="0,0,0,2,0,3" ten="250,250,250,250" oya="0" hai0="77,35,83,21,10,32,131,45,54,55,100,12,102" hai1="30,121,43,7,40,74,52,68,1,38,114,57,67" hai2="78,126,26,80,20,88,66,110,97,130,24,111,123" hai3="105,120,5,98,46,15,23,92,58,95,59,90,117"/><T25/><D131/><U94/><E121/><V82/><F130/><W19/><G117/><T116/><D116/><U8/><E114/><V73/><F126/><W125/><G120/><T91/><D77/><U86/><E74/><V9/><F123/><W13/><G125/><T96/><D35/><U36/><E30/><V72/><F66/><W75/><G75/><T4/><D32/><U0/><E0/><V128/><F128/><W53/><G105/><T99/><D45/><U34/><E34/><V51/><F51/><N who="3" m="28919" /><G92/><N who="0" m="58375" /><D102/><U44/><E67/><V76/><F9/><AGARI ba="0,0" hai="5,9,13,15,19,23,58,59,90,95,98" m="28919" machi="9" ten="30,2000,0" yaku="8,1,52,1" doraHai="3" who="3" fromWho="2" sc="250,0,250,0,250,-20,250,20" /><INIT seed="1,0,0,1,1,26" ten="250,250,230,270" oya="1" hai0="85,32,131,6,83,53,86,100,38,39,2,105,71" hai1="117,84,126,3,34,45,44,120,125,7,65,70,22" hai2="123,10,74,0,110,80,90,68,75,107,14,81,63" hai3="51,112,57,56,46,42,20,87,67,1,66,12,77"/><U43/><E34/><V18/><F123/><W106/><G106/><T37/><D131/><U11/><E120/><V94/><F107/><W30/><G1/><T91/><D71/><U40/><E117/><V133/><F110/><W114/><G112/><T16/><D86/><U121/><E121/><V104/><F104/><W132/><G114/><T109/><D109/><U89/><E22/><V78/><F0/><W27/><G132/><T24/><D6/><U92/><E44/><V101/><F101/><W127/><G127/><N who="1" m="48650" /><E45/><V99/><F133/><W82/><G12/><T130/><D2/><U93/><E93/><V96/><F96/><W50/><G50/><T69/><D130/><U48/><E48/><V31/><F31/><W35/><G35/><T8/><D69/><U52/><E52/><V64/><F81/><W55/><REACH who="3" step="1"/><G57/><REACH who="3" step="2"/><T97/><D32/><U102/><E40/><V62/><F62/><W9/><G9/><T36/><D37/><U25/><E43/><V124/><F124/><W33/><G33/><T128/><D128/><U72/><E25/><V134/><F134/><W21/><G21/><T111/><D24/><U98/><E70/><V54/><F54/><W60/><AGARI ba="0,1" hai="20,27,30,42,46,51,55,56,60,66,67,77,82,87" machi="60" ten="20,12000,2" yaku="1,1,0,1,7,1,8,1,52,1,53,1" doraHai="26" doraHaiUra="58" who="3" fromWho="3" sc="250,-30,250,-60,230,-30,260,130" /><INIT seed="2,0,0,1,3,80" ten="220,190,200,390" oya="2" hai0="2,47,73,117,114,50,100,89,131,37,92,77,87" hai1="59,90,38,132,112,94,7,86,96,58,48,99,101" hai2="40,3,118,121,52,23,35,21,39,11,55,122,25" hai3="75,45,16,46,63,113,105,128,10,9,41,116,6"/><V51/><F118/><W133/><G116/><T26/><D2/><U130/><E38/><V88/><F35/><W135/><G105/><T44/><D117/><U95/><E112/><V119/><F119/><W85/><G75/><T8/><D114/><U56/><E132/><N who="3" m="50762" /><G128/><T29/><D8/><U60/><E130/><V134/><F134/><W74/><G113/><T53/><D100/><U124/><E124/><V19/><F39/><W102/><G74/><T61/><D61/><U107/><E7/><V83/><F40/><W20/><G102/><T79/><D131/><U4/><E4/><V71/><F71/><W111/><G111/><T72/><D72/><U34/><E34/><V24/><F11/><W27/><G9/><T64/><D64/><U70/><E48/><V30/><F3/><W68/><G41/><T32/><D73/><U120/><E120/><V81/><F55/><W67/><G68/><T31/><D29/><U42/><E42/><V1/><F1/><W33/><G33/><T78/><D37/><U12/><E12/><V98/><F122/><W36/><G36/><T0/><D0/><U106/><REACH who="1" step="1"/><E99/><REACH who="1" step="2"/><V104/><F121/><W91/><G63/><T54/><D47/><U18/><E18/><V62/><F62/><W28/><G28/><T69/><D32/><U22/><E22/><V65/><F21/><W123/><G123/><T129/><D129/><U82/><E82/><V126/><F19/><W115/><G115/><T110/><D31/><U49/><E49/><V84/><F23/><W109/><G109/><T103/><D110/><U14/><E14/><RYUUKYOKU ba="0,1" sc="220,-10,180,30,200,-10,390,-10" hai1="56,58,59,60,70,86,90,94,95,96,101,106,107" /><INIT seed="3,1,1,0,3,27" ten="210,210,190,380" oya="3" hai0="129,118,7,78,60,11,72,58,55,67,104,13,82" hai1="77,116,124,42,21,2,87,108,74,80,5,28,90" hai2="131,70,59,130,81,6,12,111,73,38,76,123,92" hai3="121,88,117,16,41,86,94,47,61,15,65,30,32"/><W101/><G121/><T51/><D118/><U69/><E69/><V110/><F70/><W89/><G117/><T4/><D129/><N who="2" m="49162" /><F38/><W25/><G101/><T125/><D125/><U68/><E68/><V93/><F59/><W20/><G61/><T14/><D104/><U127/><E116/><V33/><F33/><W46/><G65/><T71/><D7/><U122/><E122/><V135/><F123/><W102/><G102/><T63/><D60/><U43/><E108/><N who="2" m="41515" /><F135/><W106/><G106/><T48/><D51/><U50/><E2/><AGARI ba="1,1" hai="2,4,11,13,14,48,55,58,63,67,71,72,78,82" machi="2" ten="30,1000,0" yaku="7,1" doraHai="27" who="0" fromWho="1" sc="210,23,210,-13,190,0,380,0" /><INIT seed="4,0,0,3,1,109" ten="233,197,190,380" oya="0" hai0="10,34,127,118,44,47,78,52,15,62,48,36,131" hai1="37,49,120,76,96,82,113,2,89,27,122,102,38" hai2="40,57,112,39,54,35,81,132,105,46,14,60,65" hai3="22,97,58,74,56,130,8,115,116,29,110,98,1"/><T25/><D118/><U99/><E2/><V11/><F105/><W70/><G110/><T69/><D131/><U6/><E6/><V67/><F35/><W125/><G130/><T66/><D127/><U133/><E133/><V100/><F100/><W7/><G125/><T23/><D34/><U33/><E89/><V30/><F30/><W94/><G116/><T134/><D78/><U73/><E49/><V77/><F132/><W13/><G74/><T135/><D44/><U26/><E26/><V79/><F112/><W61/><G115/><T128/><D128/><U17/><E17/><V90/><F90/><W80/><G80/><T42/><D23/><U28/><E113/><V5/><F79/><W119/><G119/><T107/><D107/><N who="1" m="63943" /><E99/><V24/><REACH who="2" step="1"/><F24/><REACH who="2" step="2"/><W88/><G29/><T68/><D25/><U84/><E27/><V121/><F121/><W71/><G1/><T123/><D123/><U129/><E129/><V92/><F92/><W108/><G108/><T91/><D91/><N who="1" m="51607" /><E122/><V85/><AGARI ba="0,1" hai="5,11,14,39,40,46,54,57,60,65,67,77,81,85" machi="85" ten="20,2700,0" yaku="1,1,0,1,7,1,53,0" doraHai="109" doraHaiUra="106" who="2" fromWho="2" sc="233,-13,197,-7,180,37,380,-7" /><INIT seed="5,0,0,5,1,132" ten="220,190,217,373" oya="1" hai0="42,127,116,108,126,49,34,6,36,18,66,57,98" hai1="75,21,118,19,123,122,54,63,129,26,93,56,16" hai2="0,11,105,32,84,8,61,39,38,115,101,44,59" hai3="135,35,62,97,130,27,31,30,71,13,37,79,2"/><U69/><E118/><V96/><F32/><W58/><G135/><T89/><D6/><U3/><E129/><V99/><F115/><W78/><G130/><T9/><D108/><U68/><E75/><V72/><F72/><W134/><G134/><T15/><D34/><U114/><E114/><V5/><F8/><W95/><G37/><T117/><D36/><U17/><E3/><V125/><F44/><W112/><G2/><T124/><D42/><U12/><E93/><V113/><F113/><W10/><G112/><T77/><D77/><U119/><E119/><V4/><F4/><W90/><G31/><T100/><D89/><U82/><E82/><V29/><F29/><W111/><G71/><T91/><D91/><U22/><REACH who="1" step="1"/><E19/><REACH who="1" step="2"/><V1/><F1/><W45/><G111/><T102/><D117/><U110/><E110/><V92/><F84/><W88/><G90/><T24/><D116/><U41/><E41/><V85/><F85/><W48/><G79/><T51/><D98/><U28/><E28/><V107/><F107/><W121/><G78/><T65/><D24/><U83/><E83/><V109/><F109/><W64/><G13/><T53/><D49/><U81/><E81/><V25/><F25/><W106/><G48/><T67/><AGARI ba="0,1" hai="9,15,18,51,53,57,65,66,67,100,102,124,126,127" machi="67" ten="40,8000,1" yaku="0,1,18,1,52,3" doraHai="132" who="0" fromWho="0" sc="220,90,180,-40,217,-20,373,-20" /><INIT seed="6,0,0,2,3,85" ten="310,140,197,353" oya="2" hai0="43,38,15,24,101,102,114,17,95,70,82,89,31" hai1="9,68,72,2,110,50,57,126,111,14,130,56,29" hai2="109,123,44,113,96,125,132,116,48,86,74,88,81" hai3="69,7,62,117,21,108,87,35,84,131,16,39,128"/><V61/><F123/><W73/><G73/><T45/><D70/><U10/><E72/><V46/><F116/><W104/><G117/><T5/><D5/><U91/><E68/><V6/><F125/><W13/><G35/><T63/><D63/><U8/><E126/><V26/><F132/><W36/><G108/><T75/><D82/><U30/><E130/><N who="3" m="49706" /><G104/><T20/><D75/><U90/><E2/><V127/><F127/><W23/><G23/><T25/><D114/><U105/><E105/><V79/><F113/><W71/><G7/><T103/><REACH who="0" step="1"/><D31/><REACH who="0" step="2"/><N who="1" m="11787" /><E14/><V53/><F109/><N who="1" m="41481" /><E50/><V55/><F6/><W0/><G0/><T40/><D40/><U4/><E4/><V51/><F61/><W11/><G62/><T22/><D22/><U32/><E32/><V12/><F12/><W107/><G21/><T27/><D27/><U47/><E47/><V41/><F26/><W42/><G42/><T59/><D59/><AGARI ba="0,1" hai="8,9,10,56,57,59,90,91" m="41481,11787" machi="59" ten="40,8000,1" yaku="28,2,52,2" doraHai="85" who="1" fromWho="0" sc="300,-80,140,90,197,0,353,0" /><INIT seed="7,0,0,0,1,53" ten="220,230,197,353" oya="3" hai0="106,1,21,49,59,132,89,69,85,101,61,109,80" hai1="71,88,100,13,120,72,125,112,47,102,56,40,9" hai2="37,121,43,134,110,32,127,118,129,95,74,119,126" hai3="60,135,44,2,6,76,79,78,77,54,94,41,64"/><W84/><G135/><T18/><D1/><U133/><E71/><V117/><F32/><W19/><G2/><T93/><D109/><U68/><E68/><V90/><F110/><W5/><G19/><T20/><D106/><U15/><E72/><V67/><F67/><W62/><G77/><T51/><D69/><U42/><E120/><V55/><F121/><W81/><G94/><T31/><D31/><U38/><E133/><V86/><F134/><W25/><G25/><T14/><D21/><U34/><E34/><V122/><F122/><W82/><G76/><T0/><D0/><U131/><E125/><N who="2" m="47627" /><F43/><W45/><G54/><N who="0" m="34039" /><D132/><U73/><E40/><V70/><F70/><W124/><G45/><T52/><D52/><U39/><E39/><V116/><N who="2" m="30208" /><DORA hai="103" /><V83/><F37/><W105/><G62/><T104/><D104/><U7/><E38/><V35/><F35/><W12/><G105/><T57/><D57/><U50/><E56/><V16/><F55/><W108/><G124/><T8/><D8/><U96/><E9/><V36/><F36/><W17/><G108/><T128/><D128/><U87/><E131/><V130/><F16/><W113/><G64/><T123/><D123/><U10/><E42/><V4/><F4/><W26/><G41/><T63/><D63/><U3/><E7/><V114/><F114/><W99/><G6/><T48/><D101/><U97/><E102/><V46/><F46/><W107/><G5/><T66/><D66/><U92/><E100/><V29/><F29/><W111/><G111/><T115/><D115/><U11/><E112/><RYUUKYOKU ba="0,0" sc="220,15,230,-15,197,15,353,-15" hai0="14,18,20,48,49,51,80,85,89,93" hai2="74,83,86,90,95,129,130" owari="235,4,215,-18,212,-29,338,43" /></mjloggm>