<mjloggm ver="2.3"><GO type="169"/><UN n0="%EF%BC%88%E2%89%A7%E2%96%BD%E2%89%A6%EF%BC%89" n1="%65%6E%65%63%72%65" n2="%E3%81%B2%E3%81%AE%E3%81%A8%E3%82%8A%E3%81%AE%E3%81%B2%E3%81%A8%E3%82%8A" n3="%E6%96%B0%E8%B2%B4" dan="18,16,16,16" rate="2214,2088,2050,2032" sx="M,F,M,M"/><TAIKYOKU oya="0"/><INIT seed="0,0,0,2,0,65" ten="250,250,250,250" oya="0" hai0="106,89,72,101,120,30,45,47,100,3,91,42,58" hai1="83,20,80,10,35,18,46,2,5,4,98,29,105" hai2="68,121,131,52,9,40,97,95,24,126,19,49,119" hai3="11,15,21,90,53,12,107,79,62,117,77,128,87"/><T99/><D120/><U43/><E5/><V134/><F121/><W7/><G117/><T0/><D72/><U116/><E116/><V122/><F122/><W64/><G107/><T127/><D127/><U103/><E29/><V17/><F119/><W75/><G53/><T93/><D30/><U92/><E35/><V27/><F126/><W22/><G128/><T54/><D101/><U69/><E105/><V81/><F131/><W71/><G75/><T102/><D102/><U125/><E125/><V135/><F40/><W133/><G133/><N who="2" m="50697" /><F81/><W109/><G109/><T26/><D26/><N who="2" m="9770" /><F9/><W16/><REACH who="3" step="1"/><G22/><REACH who="3" ten="250,250,250,240" step="2"/><T86/><D106/><U82/><E20/><V85/><F52/><W76/><G76/><T66/><D54/><U44/><E10/><V48/><F85/><W132/><G132/><T56/><D86/><U50/><E43/><V32/><F32/><W63/><G63/><T74/><D42/><U33/><E33/><V114/><F114/><W13/><G13/><T84/><D84/><U6/><E2/><V41/><F41/><W67/><G67/><T129/><D66/><U73/><E73/><V78/><F78/><W111/><G111/><T61/><D129/><U124/><E124/><V36/><F36/><W39/><G39/><T70/><D74/><U59/><E98/><V113/><F113/><W118/><G118/><T94/><D99/><U96/><E96/><V60/><F97/><W51/><G51/><T123/><D123/><U28/><E50/><V57/><F49/><W8/><G8/><T104/><D104/><U34/><E103/><V14/><F48/><RYUUKYOKU ba="0,1" sc="250,-10,250,-10,250,-10,240,30" hai3="7,11,12,15,16,21,62,64,71,77,79,87,90" /><INIT seed="1,1,1,5,2,108" ten="240,240,240,270" oya="1" hai0="86,9,72,46,112,39,45,82,23,32,93,123,65" hai1="89,24,91,127,78,0,99,27,134,121,77,135,54" hai2="40,18,55,16,76,8,133,66,6,81,17,15,94" hai3="124,51,68,38,88,42,105,35,48,111,52,22,67"/><U43/><E121/><V101/><F133/><N who="1" m="50697" /><E127/><V100/><F66/><W19/><G35/><T30/><D32/><U126/><E126/><V95/><F40/><W71/><G124/><T26/><D123/><U103/><E43/><V120/><F120/><W57/><G105/><T83/><D39/><U122/><E0/><V10/><F10/><W131/><G111/><T102/><D72/><U90/><E122/><V96/><F55/><W56/><G131/><T4/><D65/><U132/><N who="1" m="50705" /><U73/><DORA hai="92" /><E54/><V36/><F36/><W85/><G51/><T113/><D82/><N who="1" m="45359" /><E78/><V63/><F63/><W3/><G3/><T14/><D46/><U129/><E129/><V109/><F109/><W62/><G42/><T84/><D45/><U104/><AGARI ba="1,1" hai="24,27,89,90,91,99,103,104" m="45359,50705" machi="104" ten="50,4800,0" yaku="20,1,52,1" doraHai="108,92" who="1" fromWho="1" sc="240,-17,240,61,240,-17,270,-17" /><INIT seed="1,2,0,5,4,111" ten="223,301,223,253" oya="1" hai0="71,74,66,4,131,86,127,40,20,69,35,104,17" hai1="80,129,0,52,102,56,75,29,105,59,95,108,16" hai2="68,100,85,1,116,48,26,79,107,67,25,53,7" hai3="21,101,51,38,76,24,90,103,78,132,93,10,42"/><U65/><E105/><V113/><F116/><W12/><G38/><T115/><D74/><U34/><E0/><V122/><F122/><W63/><G132/><T110/><D104/><U83/><E34/><V11/><F67/><W126/><G63/><T73/><D73/><U134/><E29/><V30/><F68/><W88/><G126/><T32/><D127/><U36/><E36/><V15/><F1/><W43/><G90/><T58/><D110/><U82/><E108/><V13/><F13/><W33/><G33/><T77/><D131/><U57/><E134/><V130/><F130/><W109/><G109/><T47/><D69/><U106/><E65/><V44/><F113/><W124/><G124/><T97/><D4/><U23/><E106/><V61/><F61/><W72/><G72/><T19/><D71/><U46/><E75/><V123/><F123/><W5/><G78/><T119/><D119/><U120/><E120/><V81/><REACH who="2" step="1"/><F30/><REACH who="2" ten="223,301,213,253" step="2"/><W31/><G12/><T91/><D66/><U125/><E129/><V50/><F50/><W28/><G31/><T89/><D115/><U94/><E125/><V114/><F114/><W55/><G51/><T41/><D41/><U6/><E6/><V135/><F135/><W118/><G118/><T39/><D39/><U64/><E64/><V22/><F22/><W2/><G43/><T37/><D40/><U49/><E102/><V8/><F8/><W133/><G42/><T27/><D32/><U112/><E112/><V96/><AGARI ba="2,1" hai="7,11,15,25,26,44,48,53,79,81,85,96,100,107" machi="96" ten="30,2000,0" yaku="1,1,0,1,53,0" doraHai="111" doraHaiUra="54" who="2" fromWho="2" sc="223,-7,301,-12,213,36,253,-7" /><INIT seed="2,0,0,3,5,69" ten="216,289,249,246" oya="2" hai0="120,6,30,97,48,92,130,71,118,5,4,70,85" hai1="102,51,78,27,103,43,93,3,133,81,104,39,134" hai2="42,33,50,7,99,115,12,44,58,77,52,74,8" hai3="108,29,114,46,36,100,61,107,31,132,127,98,56"/><V72/><F115/><W73/><G73/><T112/><D120/><U37/><E104/><V76/><F33/><W21/><G114/><T49/><D112/><U67/><E3/><V75/><REACH who="2" step="1"/><F99/><REACH who="2" ten="216,289,239,246" step="2"/><W88/><G98/><T95/><D97/><U59/><E134/><V82/><F82/><W66/><G132/><T10/><D118/><U32/><E133/><V24/><F24/><W106/><G127/><T57/><D130/><U79/><E27/><V53/><F53/><W117/><G117/><T19/><D95/><U11/><E32/><V125/><F125/><W122/><G122/><T87/><D92/><U126/><E93/><V128/><F128/><W131/><G131/><T20/><D30/><U129/><E81/><V2/><F2/><W96/><G31/><T109/><D109/><U28/><E126/><V60/><AGARI ba="0,1" hai="7,8,12,42,44,50,52,58,60,72,74,75,76,77" machi="60" ten="30,6000,0" yaku="1,1,0,1,54,1,53,0" doraHai="69" doraHaiUra="65" who="2" fromWho="2" sc="216,-20,289,-20,239,70,246,-20" /><INIT seed="2,1,0,3,0,101" ten="196,269,309,226" oya="2" hai0="118,58,51,19,32,96,21,119,63,99,127,14,55" hai1="122,37,7,120,0,30,12,82,10,111,69,134,89" hai2="43,54,98,18,24,47,4,123,3,110,68,52,35" hai3="5,70,72,126,116,132,50,100,74,76,103,65,108"/><V78/><F123/><N who="1" m="47145" /><E37/><V62/><F110/><W29/><G116/><T73/><D127/><U27/><E69/><V36/><F78/><W39/><G126/><T90/><D73/><U112/><E112/><V87/><F87/><W92/><G39/><T77/><D77/><U97/><E134/><V121/><F121/><W59/><G70/><T94/><D32/><N who="1" m="20575" /><E111/><V135/><F135/><W40/><G132/><T1/><D1/><U61/><E61/><V64/><F98/><W71/><G71/><T106/><REACH who="0" step="1"/><D63/><REACH who="0" ten="186,269,309,226" step="2"/><U102/><E0/><V66/><F35/><W86/><G108/><T6/><D6/><U28/><E7/><V93/><F4/><W11/><G5/><T80/><D80/><U91/><E82/><V79/><F3/><W104/><G76/><T85/><D85/><U13/><E97/><V109/><F109/><W115/><G74/><T26/><D26/><U38/><E13/><V130/><F79/><W113/><G86/><T23/><D23/><U49/><E12/><V34/><F62/><W114/><G72/><T67/><D67/><U20/><E20/><V124/><F66/><W45/><G65/><T128/><D128/><U117/><E117/><V133/><F64/><W57/><G114/><T33/><D33/><U31/><E10/><V56/><F34/><W41/><G11/><T42/><D42/><U95/><E28/><V2/><F43/><W16/><G29/><T81/><D81/><U46/><E31/><V88/><F124/><W105/><G115/><T83/><D83/><U60/><E60/><V53/><F130/><W75/><G113/><RYUUKYOKU ba="1,1" sc="186,30,269,-10,309,-10,226,-10" hai0="14,19,21,51,55,58,90,94,96,99,106,118,119" /><INIT seed="3,2,1,0,2,13" ten="216,259,299,216" oya="3" hai0="87,68,90,129,92,39,48,20,100,66,55,28,96" hai1="76,133,71,21,14,42,109,132,123,107,47,105,111" hai2="89,2,118,121,52,9,17,64,40,53,103,67,88" hai3="104,95,98,3,84,115,56,33,117,94,59,15,60"/><W27/><G115/><T8/><D39/><U70/><E76/><V99/><F118/><W130/><G117/><T125/><D125/><U81/><E81/><V50/><F121/><W108/><G3/><T4/><D129/><U36/><E123/><V58/><F40/><W11/><G130/><T45/><D68/><N who="1" m="26155" /><E21/><V0/><F0/><W7/><G108/><N who="1" m="41546" /><E14/><N who="2" m="7375" /><F2/><W126/><G126/><T69/><D69/><U131/><E131/><V49/><F103/><W91/><G104/><AGARI ba="2,1" hai="36,42,47,104,105,107,132,133" m="41546,26155" machi="104" ten="40,2600,0" yaku="14,1,23,1" doraHai="13" who="1" fromWho="3" sc="216,0,259,42,299,0,216,-32" /><INIT seed="4,0,0,5,4,91" ten="216,301,299,184" oya="0" hai0="122,126,15,65,68,22,70,37,123,73,83,106,18" hai1="28,27,36,21,85,128,19,56,41,47,100,24,104" hai2="60,12,31,110,120,38,82,9,57,89,53,13,2" hai3="117,0,63,101,108,113,11,29,132,10,88,62,59"/><T112/><D37/><U107/><E128/><V76/><F110/><W26/><G108/><T84/><D126/><U45/><E45/><V43/><F120/><W121/><G117/><T3/><D3/><U95/><E56/><V16/><F31/><W33/><G121/><T118/><D118/><U30/><E19/><V8/><F2/><W20/><G113/><T48/><D106/><U40/><E40/><V74/><F89/><W134/><G101/><T35/><D35/><U86/><E86/><V32/><F32/><W49/><G33/><T14/><D73/><U7/><E7/><V127/><F127/><W55/><G0/><T115/><D48/><U17/><E17/><V124/><F124/><W98/><G134/><T111/><D111/><U52/><E52/><V5/><F43/><W77/><G77/><N who="0" m="46191" /><D14/><U61/><E61/><N who="3" m="23050" /><G132/><T50/><D50/><U64/><E64/><V105/><REACH who="2" step="1"/><F105/><REACH who="2" ten="216,301,289,184" step="2"/><W109/><G109/><T80/><D123/><U93/><E107/><V79/><F79/><W44/><G44/><T87/><D122/><U42/><E42/><V94/><F94/><AGARI ba="0,1" hai="10,11,20,26,29,49,55,59,88,94,98" m="23050" machi="94" ten="30,3900,0" yaku="8,1,52,1,54,1" doraHai="91" who="3" fromWho="2" sc="216,0,301,0,289,-39,184,49" /><INIT seed="5,0,0,0,4,36" ten="216,301,250,233" oya="1" hai0="8,46,35,89,69,63,2,25,23,76,57,111,95" hai1="44,65,53,134,42,117,48,131,108,123,130,58,75" hai2="67,59,41,12,26,103,114,7,70,17,50,45,82" hai3="33,112,28,0,125,85,105,81,68,40,122,100,118"/><U113/><E75/><V18/><F70/><W37/><RYUUKYOKU type="yao9" ba="0,0" sc="216,0,301,0,250,0,233,0" hai3="0,28,33,37,40,68,81,85,100,105,112,118,122,125" /><INIT seed="5,1,0,4,1,5" ten="216,301,250,233" oya="1" hai0="19,22,24,15,13,37,39,8,4,100,31,88,14" hai1="129,96,0,123,109,80,108,120,6,77,73,49,79" hai2="111,33,23,113,70,106,58,99,34,66,55,132,7" hai3="18,64,47,26,94,84,69,81,134,101,124,62,41"/><U44/><E129/><V72/><F111/><N who="1" m="42569" /><E79/><V61/><F72/><W107/><G134/><T38/><D100/><U114/><E114/><V128/><F132/><W57/><G124/><T20/><REACH who="0" step="1"/><D88/><REACH who="0" ten="206,301,250,233" step="2"/><U68/><E96/><V119/><F99/><W116/><G107/><T48/><D48/><U21/><E123/><V43/><F106/><W56/><G101/><T36/><N who="0" m="9216" /><DORA hai="112" /><T93/><D93/><U12/><E120/><V135/><F113/><W78/><G94/><T28/><D28/><U92/><E92/><V126/><F126/><W86/><G84/><T16/><D16/><U130/><E49/><V71/><F135/><W89/><G89/><T131/><D131/><U51/><E130/><V97/><F128/><W75/><G86/><T54/><D54/><U118/><E51/><V102/><F55/><W45/><G18/><T95/><D95/><U90/><E90/><V53/><F53/><W11/><G75/><T3/><AGARI ba="1,1" hai="3,4,8,13,14,15,19,20,22,24,31" m="9216" machi="3" ten="60,7900,0" yaku="1,1,0,1,52,1,53,0" doraHai="5,112" doraHaiUra="60,117" who="0" fromWho="0" sc="206,92,301,-40,250,-21,233,-21" /><INIT seed="6,0,0,4,2,130" ten="298,261,229,212" oya="2" hai0="88,41,98,23,29,63,48,119,45,134,84,90,78" hai1="96,122,89,133,34,16,6,36,60,20,91,117,53" hai2="108,107,43,40,3,39,28,58,92,100,32,24,77" hai3="110,80,8,135,126,2,4,15,106,38,14,21,76"/><V79/><F3/><W104/><G110/><T85/><D119/><U56/><E34/><V55/><F107/><W12/><G126/><T124/><D134/><U112/><E117/><V99/><F108/><W27/><G38/><T103/><D124/><U17/><E36/><V74/><F74/><W11/><G135/><T46/><D78/><U72/><E72/><V87/><F87/><N who="0" m="33354" /><D46/><U13/><E133/><V42/><REACH who="2" step="1"/><F39/><REACH who="2" ten="298,261,219,212" step="2"/><W22/><G106/><T97/><D98/><U125/><E125/><V131/><F131/><W113/><G104/><T116/><D116/><U67/><E122/><V61/><AGARI ba="0,1" hai="24,28,32,40,42,43,55,58,61,77,79,92,99,100" machi="61" ten="30,3000,0" yaku="1,1,0,1,53,0" doraHai="130" doraHaiUra="9" who="2" fromWho="2" sc="298,-10,261,-10,219,40,212,-10" /><INIT seed="6,1,0,5,4,66" ten="288,251,259,202" oya="2" hai0="13,121,102,45,2,89,0,39,95,5,3,56,44" hai1="118,40,99,61,83,114,120,67,37,11,4,27,109" hai2="63,38,41,30,111,112,106,20,88,108,85,75,98" hai3="22,124,15,93,71,10,53,42,16,7,101,128,51"/><V47/><F75/><W81/><G128/><T91/><D121/><U74/><E109/><N who="2" m="42059" /><F112/><W90/><G124/><T115/><D115/><U36/><E118/><V86/><F63/><W117/><G117/><T97/><D39/><U34/><E99/><V116/><F116/><W21/><G42/><T49/><D56/><U25/><E40/><V133/><F133/><W6/><G101/><T125/><D125/><U54/><E54/><V33/><F33/><W104/><G104/><T135/><D135/><U32/><E61/><V57/><F57/><N who="3" m="32959" /><G71/><T113/><D113/><U64/><E64/><V78/><F78/><W80/><G22/><T70/><D70/><U65/><E65/><V68/><F68/><W77/><G77/><T55/><REACH who="0" step="1"/><D44/><REACH who="0" ten="278,251,259,202" step="2"/><U62/><E114/><V129/><F47/><W43/><G43/><T19/><D19/><U29/><E120/><V92/><F41/><W84/><G7/><T50/><D50/><U127/><E127/><V69/><F69/><W48/><G48/><T107/><D107/><U31/><E4/><V26/><F38/><W72/><G72/><T12/><D12/><AGARI ba="1,1" hai="6,10,12,15,16,21,80,81,84,90,93" m="32959" machi="12" ten="30,3900,0" yaku="25,1,8,1,54,1" doraHai="66" who="3" fromWho="0" sc="278,-42,251,0,259,0,202,52" /><INIT seed="7,0,0,4,2,99" ten="236,251,259,254" oya="3" hai0="8,15,133,111,70,84,17,88,83,66,34,72,119" hai1="85,78,113,65,131,92,69,112,37,62,57,97,107" hai2="35,10,77,64,53,23,63,19,81,73,102,48,101" hai3="86,130,13,58,116,16,12,108,22,47,43,76,91"/><W26/><G116/><T32/><D119/><U49/><E107/><V45/><F10/><W2/><G2/><T123/><D123/><U0/><E37/><V94/><F94/><N who="3" m="54647" /><G130/><T82/><D133/><U125/><E0/><V7/><F7/><W117/><G117/><T96/><D111/><U121/><E121/><V75/><F75/><W36/><G36/><T39/><D39/><U110/><E110/><V18/><F35/><W46/><G108/><T68/><D96/><U98/><E98/><V24/><REACH who="2" step="1"/><F18/><REACH who="2" ten="236,251,249,254" step="2"/><W134/><G16/><T120/><D120/><U118/><E118/><V44/><F44/><W9/><G47/><T61/><REACH who="0" step="1"/><D70/><AGARI ba="0,1" hai="19,23,24,45,48,53,63,64,70,73,77,81,101,102" machi="70" ten="30,8000,1" yaku="1,1,7,1,52,2,53,1" doraHai="99" doraHaiUra="104" who="2" fromWho="0" sc="236,-80,251,0,249,90,254,0" owari="156,-34.0,251,-15.0,339,44.0,254,5.0" /></mjloggm>