<mjloggm ver="2.3"><GO type="41"/><UN n0="%6C%61%6E%31%32%33" n1="%EF%BC%88%E2%89%A7%E2%96%BD%E2%89%A6%EF%BC%89" n2="%E3%83%86%E3%83%84%E3%82%AA" n3="%E3%82%A2%E3%83%A1%E3%81%A9%E3%82%82" dan="14,15,15,14" rate="1927,1992,1974,1905" sx="M,M,M,M"/><TAIKYOKU oya="0"/><INIT seed="0,0,0,4,3,17" ten="250,250,250,250" oya="0" hai0="25,114,54,10,3,1,58,64,29,123,59,49,125" hai1="0,34,44,97,104,16,40,43,66,130,24,135,99" hai2="108,15,95,65,26,32,19,93,41,79,131,27,12" hai3="62,51,91,67,22,107,101,127,45,77,6,52,46"/><T42/><D123/><U9/><E135/><V4/><F32/><W128/><G128/><T98/><D114/><U100/><E130/><V60/><F131/><W85/><G127/><T35/><D125/><U21/><E34/><V11/><F108/><W53/><G77/><T87/><D42/><U63/><E97/><V20/><F79/><W86/><G6/><T90/><D98/><U129/><E129/><V75/><F75/><W115/><G115/><T28/><D10/><U113/><E113/><V14/><F41/><W31/><G107/><T61/><D28/><U33/><E33/><V73/><F73/><W103/><G86/><T83/><AGARI ba="0,0" hai="1,3,25,29,35,49,54,58,59,61,64,83,87,90" machi="83" ten="20,2100,0" yaku="0,1,7,1" doraHai="17" who="0" fromWho="0" sc="250,21,250,-7,250,-7,250,-7" /><INIT seed="0,1,0,4,3,39" ten="271,243,243,243" oya="0" hai0="135,8,6,94,56,27,69,20,92,50,10,100,101" hai1="61,80,29,111,121,23,44,41,14,28,4,40,32" hai2="128,118,110,96,71,60,12,120,22,134,91,46,81" hai3="83,74,2,57,113,45,62,102,25,126,68,37,129"/><T34/><D69/><U127/><E121/><V43/><F120/><W85/><G2/><T72/><D72/><U107/><E107/><V54/><F110/><W112/><G74/><T77/><D77/><U78/><E32/><V38/><F134/><W15/><G129/><T65/><D34/><U122/><E111/><V82/><F128/><W109/><G109/><T117/><D117/><U66/><E122/><V53/><F118/><W75/><G75/><T49/><D135/><U97/><E97/><V84/><F82/><W30/><G126/><T125/><D125/><U67/><E127/><V105/><F71/><W106/><G68/><T33/><D33/><U73/><E61/><V132/><F132/><W95/><G106/><T124/><D124/><U131/><E131/><V59/><F105/><W88/><G15/><N who="0" m="5527" /><D10/><U0/><E29/><V48/><F96/><W114/><G102/><N who="0" m="39531" /><D65/><U52/><E0/><V36/><REACH who="2" step="1"/><F53/><REACH who="2" ten="271,243,233,243" step="2"/><W89/><G114/><T7/><D7/><U93/><E52/><V11/><F11/><W17/><G113/><T103/><D56/><U5/><E4/><V35/><F35/><W133/><G133/><T19/><N who="0" m="39539" /><T63/><DORA hai="87" /><D63/><U3/><E5/><V51/><F51/><AGARI ba="1,1" hai="19,20,27,49,50,51,92,94" m="39539,5527" machi="51" ten="30,1500,0" yaku="8,1" doraHai="39,87" who="0" fromWho="2" sc="271,28,243,0,233,-18,243,0" /><INIT seed="0,2,0,0,2,24" ten="299,243,215,243" oya="0" hai0="128,98,108,101,19,100,55,2,47,28,45,107,26" hai1="48,109,116,21,15,127,80,134,7,22,124,29,75" hai2="8,68,72,111,1,60,18,41,120,39,123,83,76" hai3="64,5,66,30,33,87,20,40,104,71,130,126,110"/><T65/><D2/><U42/><E116/><V81/><F18/><W97/><G33/><T115/><D115/><U16/><E134/><V122/><F83/><W44/><G110/><T51/><D128/><U31/><E109/><V117/><F111/><W50/><G130/><T49/><D108/><U77/><E7/><N who="2" m="1135" /><F117/><W23/><G126/><N who="1" m="48170" /><E22/><V106/><F106/><W11/><G71/><T119/><D119/><U0/><E0/><V114/><F114/><W67/><G87/><T113/><D113/><U38/><E38/><V9/><F9/><W34/><G104/><T82/><D82/><U54/><E42/><V105/><F105/><W94/><G34/><T92/><D65/><U93/><E93/><V6/><F6/><W27/><G23/><N who="0" m="15455" /><D107/><U86/><E75/><V89/><F89/><W118/><G118/><T132/><D132/><U95/><E95/><V62/><F68/><W56/><G56/><AGARI ba="2,0" hai="15,16,21,29,31,48,54,56,77,80,86" m="48170" machi="56" ten="30,7700,0" yaku="18,1,52,2,54,1" doraHai="24" who="1" fromWho="3" sc="299,0,243,83,215,0,243,-83" /><INIT seed="1,0,0,0,5,6" ten="299,326,215,160" oya="1" hai0="72,88,77,7,52,47,99,119,95,12,74,23,33" hai1="128,44,101,61,67,64,97,3,113,29,121,39,54" hai2="109,22,78,15,57,20,130,100,110,30,103,104,107" hai3="62,65,89,105,34,122,125,106,69,86,82,83,38"/><U75/><E121/><V112/><F130/><W76/><G34/><T9/><D119/><U134/><E113/><V129/><F129/><W17/><G38/><T92/><D33/><U131/><E75/><V111/><F78/><W59/><G125/><T0/><D77/><U84/><E134/><V90/><F112/><W46/><G122/><T45/><D47/><U87/><E3/><V11/><F90/><W35/><G35/><T42/><D95/><N who="1" m="58559" /><E29/><V40/><F40/><W71/><G71/><T26/><D0/><U123/><E123/><V4/><F57/><W73/><G69/><T93/><D92/><U53/><E39/><V31/><F103/><W58/><G46/><T48/><D42/><U8/><E8/><V36/><F36/><W13/><REACH who="3" step="1"/><G59/><REACH who="3" ten="299,326,215,150" step="2"/><T66/><REACH who="0" step="1"/><D66/><REACH who="0" ten="289,326,215,150" step="2"/><U91/><E131/><V79/><F111/><W24/><G24/><T43/><D43/><U60/><E128/><V63/><F110/><W133/><G133/><T41/><D41/><U56/><E44/><V16/><F109/><W37/><G37/><T18/><AGARI ba="0,2" hai="7,9,12,18,23,26,45,48,52,72,74,88,93,99" machi="18" ten="20,12000,2" yaku="1,1,0,1,7,1,52,1,54,2,53,1" doraHai="6" doraHaiUra="50" who="0" fromWho="0" sc="289,140,326,-60,215,-30,150,-30" /><INIT seed="2,0,0,3,3,54" ten="429,266,185,120" oya="2" hai0="30,6,101,125,83,15,56,89,34,130,40,58,92" hai1="11,105,86,66,109,74,80,64,62,60,52,7,59" hai2="24,132,19,37,82,135,51,43,106,134,14,8,122" hai3="103,79,25,22,55,126,49,53,67,39,131,115,65"/><V27/><F106/><W28/><G39/><T77/><D40/><U50/><E109/><V81/><F37/><W1/><G1/><T13/><D34/><U26/><E105/><V114/><F114/><W2/><G2/><T45/><D45/><U69/><E74/><V90/><F122/><W47/><G115/><T9/><D30/><U128/><E26/><N who="2" m="9771" /><F90/><W68/><G68/><T31/><D31/><U117/><E117/><V38/><F38/><W110/><G110/><T63/><D130/><U119/><E119/><V16/><F19/><W84/><G126/><T21/><D125/><U94/><E94/><V98/><F98/><W85/><G131/><T118/><D118/><U113/><E113/><V129/><F129/><W133/><G133/><T48/><D48/><U57/><E128/><V61/><F61/><W97/><G55/><T96/><D63/><U18/><E18/><V35/><F35/><W76/><G84/><N who="0" m="50335" /><D77/><N who="1" m="46351" /><E7/><V46/><AGARI ba="0,0" hai="8,14,16,43,46,51,81,82,132,134,135" m="9771" machi="46" ten="40,3900,0" yaku="20,1,54,1" doraHai="54" who="2" fromWho="2" sc="429,-13,266,-13,185,39,120,-13" /><INIT seed="2,1,0,4,3,130" ten="416,253,224,107" oya="2" hai0="121,44,74,21,24,79,27,16,20,125,63,54,29" hai1="101,76,80,5,41,3,64,66,52,47,104,2,75" hai2="57,108,1,105,36,34,95,115,70,13,28,31,30" hai3="120,135,83,107,129,49,87,112,48,8,109,85,119"/><V90/><F105/><W17/><G107/><T42/><D121/><U124/><E124/><V122/><F70/><W73/><G87/><T99/><D125/><U117/><E117/><V126/><F1/><W111/><G73/><T132/><D132/><U72/><E72/><V22/><F122/><W106/><G106/><T114/><D114/><U123/><E123/><V68/><F68/><W69/><G69/><T25/><D25/><U113/><E113/><V60/><F36/><W65/><G65/><T59/><D99/><N who="1" m="61503" /><E3/><V110/><F34/><W77/><G120/><T88/><D88/><U38/><E52/><N who="2" m="33831" /><F126/><W86/><G119/><T100/><D74/><U46/><E46/><V93/><F115/><W91/><G112/><T35/><D100/><U56/><E56/><V43/><F43/><W94/><G129/><T62/><D79/><U9/><AGARI ba="1,0" hai="2,5,9,38,41,47,64,66,75,76,80" m="61503" machi="9" ten="30,1100,0" yaku="25,1" doraHai="130" who="1" fromWho="1" sc="416,-4,253,14,224,-6,107,-4" /><INIT seed="3,0,0,2,2,65" ten="412,267,218,103" oya="3" hai0="88,86,50,81,128,120,95,35,6,121,56,72,23" hai1="54,15,126,34,113,64,69,116,39,134,16,10,52" hai2="80,102,112,22,20,66,119,85,94,1,29,24,55" hai3="90,63,5,36,4,76,130,45,62,46,78,18,68"/><W106/><G106/><T107/><D35/><U133/><E113/><V25/><F1/><W27/><G130/><T117/><D117/><U32/><E39/><V21/><F119/><W57/><G90/><T132/><D132/><N who="1" m="50795" /><E116/><V9/><F112/><W37/><G57/><T97/><D128/><U125/><E34/><V38/><F38/><W26/><REACH who="3" step="1"/><G18/><REACH who="3" ten="412,267,218,93" step="2"/><T124/><D124/><N who="1" m="47723" /><E32/><V30/><F30/><W48/><G48/><T87/><D121/><U40/><E40/><V73/><F29/><W83/><G83/><T70/><D120/><U89/><E89/><V17/><F80/><W11/><G11/><T105/><D70/><AGARI ba="0,1" hai="4,5,26,27,36,37,45,46,62,63,68,70,76,78" machi="70" ten="25,12000,1" yaku="1,1,22,2,52,2,53,0" doraHai="65" doraHaiUra="110" who="3" fromWho="0" sc="412,-120,267,0,218,0,93,130" /><INIT seed="3,1,0,3,0,3" ten="292,267,218,223" oya="3" hai0="48,127,46,125,101,54,121,20,105,107,58,55,18" hai1="114,14,120,74,11,130,17,68,76,28,45,126,132" hai2="95,72,87,40,60,0,82,85,94,90,38,59,44" hai3="47,8,133,118,134,88,124,91,119,64,115,110,7"/><W15/><G115/><T131/><D121/><U99/><E120/><V49/><F0/><W86/><G124/><N who="0" m="47691" /><D131/><U32/><E126/><V100/><F72/><W129/><G129/><T67/><D67/><U81/><E130/><V65/><F38/><W83/><G110/><T122/><D122/><U106/><E114/><V13/><F100/><W23/><G64/><T112/><D101/><U33/><E132/><N who="3" m="50794" /><G47/><T35/><D35/><U96/><E68/><V78/><REACH who="2" step="1"/><F13/><REACH who="2" ten="292,267,208,223" step="2"/><W117/><G23/><T128/><D112/><U73/><E73/><V2/><F2/><W21/><G21/><T31/><D128/><U84/><E74/><V97/><F97/><W109/><G109/><T4/><D107/><U25/><E106/><V57/><F57/><W26/><G26/><N who="0" m="14615" /><D105/><U6/><E33/><V52/><F52/><W93/><G119/><T116/><D116/><U98/><REACH who="1" step="1"/><E45/><REACH who="1" ten="292,257,208,223" step="2"/><V79/><F79/><W123/><G123/><T37/><D46/><U19/><AGARI ba="1,2" hai="6,11,14,17,19,25,28,32,76,81,84,96,98,99" machi="19" ten="30,8000,1" yaku="1,1,2,1,0,1,52,1,53,1" doraHai="3" doraHaiUra="80" who="1" fromWho="1" sc="292,-21,257,103,208,-21,223,-41" /><INIT seed="4,0,0,4,5,102" ten="271,360,187,182" oya="0" hai0="3,56,86,108,21,66,6,113,20,43,87,37,28" hai1="26,18,23,50,22,27,49,9,78,25,34,118,127" hai2="82,120,89,60,52,116,134,15,63,73,16,65,24" hai3="4,101,80,30,84,123,115,35,71,105,33,104,10"/><T13/><D3/><U131/><E118/><V47/><F120/><W135/><G71/><T103/><D113/><U109/><E109/><V45/><F116/><W12/><G123/><T75/><D75/><U124/><E78/><V59/><F73/><W77/><G115/><T72/><D72/><U31/><E131/><V97/><F134/><W117/><G117/><T46/><D108/><U2/><E50/><V90/><F24/><W130/><G135/><T70/><D70/><U41/><E49/><V29/><F29/><W122/><G122/><T96/><D56/><U76/><E76/><V81/><F97/><W88/><G130/><T112/><D66/><U83/><E83/><N who="2" m="31755" /><F63/><W91/><G101/><T95/><D112/><U44/><E44/><N who="2" m="16971" /><F65/><W106/><G30/><T36/><D37/><U68/><E68/><V39/><F39/><W55/><REACH who="3" step="1"/><G55/><REACH who="3" ten="271,360,187,172" step="2"/><T17/><REACH who="0" step="1"/><D6/><REACH who="0" ten="261,360,187,172" step="2"/><N who="1" m="1239" /><E41/><V58/><F58/><W133/><G133/><T85/><D85/><U40/><E40/><V51/><F60/><W64/><G64/><T126/><D126/><U53/><E53/><V14/><F14/><W129/><G129/><T94/><D94/><U93/><E93/><V57/><F57/><W0/><G0/><T62/><D62/><U100/><E127/><V11/><AGARI ba="0,2" hai="11,15,16,51,52,59,89,90" m="16971,31755" machi="11" ten="30,4000,0" yaku="8,1,54,2" doraHai="102" who="2" fromWho="2" sc="261,-20,360,-10,187,60,172,-10" /><INIT seed="5,0,0,1,4,82" ten="241,350,247,162" oya="1" hai0="11,30,70,38,116,129,132,119,107,123,6,27,63" hai1="3,21,130,102,97,44,77,8,24,69,4,31,131" hai2="71,103,121,85,19,73,13,72,128,25,83,124,101" hai3="57,22,125,47,95,26,92,65,5,14,28,10,75"/><U1/><E69/><V33/><F71/><W80/><G125/><T56/><D132/><U94/><E77/><V12/><F121/><W52/><G75/><T104/><D129/><N who="1" m="49163" /><E44/><V50/><F128/><W15/><G65/><N who="0" m="41279" /><D56/><U78/><E78/><V39/><F39/><W88/><G47/><T84/><D84/><U34/><E1/><V108/><F108/><W45/><G45/><T23/><D23/><AGARI ba="0,0" hai="3,4,8,21,23,24,31,34,94,97,102" m="49163" machi="23" ten="30,1500,0" yaku="19,1" doraHai="82" who="1" fromWho="0" sc="241,-15,350,15,247,0,162,0" /><INIT seed="5,1,0,1,1,102" ten="226,365,247,162" oya="1" hai0="77,100,132,61,10,4,103,38,84,90,1,95,85" hai1="131,123,28,120,39,110,26,23,5,134,24,57,40" hai2="67,109,104,29,30,35,116,114,41,96,72,68,45" hai3="128,82,73,49,32,59,108,31,99,64,21,8,65"/><U27/><E57/><V62/><F109/><W66/><G108/><T50/><D132/><U19/><E40/><V133/><F116/><W83/><G32/><T51/><D61/><U36/><E36/><N who="2" m="21671" /><F29/><W115/><G115/><T75/><D103/><U11/><E39/><V119/><F119/><W15/><G128/><T71/><D71/><U107/><E107/><V7/><F7/><W81/><G73/><T98/><D38/><U88/><E110/><V70/><F70/><W53/><G99/><T89/><D77/><U20/><E88/><V87/><F87/><W118/><G118/><T80/><REACH who="0" step="1"/><D75/><REACH who="0" ten="216,365,247,162" step="2"/><U3/><E134/><V60/><F133/><W112/><G112/><T13/><D13/><N who="1" m="9327" /><E131/><V91/><F62/><W48/><G48/><T97/><D97/><U55/><E3/><V111/><F114/><W135/><G135/><T126/><D126/><U58/><E123/><V9/><F111/><W94/><G66/><T6/><D6/><U78/><E120/><V79/><F91/><W86/><G65/><T43/><D43/><U127/><E127/><V106/><F96/><W25/><G64/><T16/><D16/><U122/><E122/><V76/><F76/><N who="3" m="46375" /><G94/><AGARI ba="1,1" hai="1,4,10,50,51,80,84,85,89,90,94,95,98,100" machi="94" ten="30,2000,0" yaku="1,1,7,1,53,0" doraHai="102" doraHaiUra="18" who="0" fromWho="3" sc="216,33,365,0,247,0,162,-23" /><INIT seed="6,0,0,4,4,7" ten="249,365,247,139" oya="2" hai0="12,91,16,104,11,121,75,28,50,113,111,10,5" hai1="65,92,21,108,51,132,88,130,67,76,73,96,124" hai2="33,22,134,131,135,36,106,49,133,30,103,20,4" hai3="0,102,125,120,42,126,82,115,48,41,17,78,56"/><V128/><F36/><W69/><G0/><T43/><D104/><U122/><E108/><V24/><F103/><W14/><G69/><T81/><D111/><U93/><E122/><V13/><F49/><W80/><G120/><T85/><D75/><U2/><E2/><V68/><F68/><W58/><G102/><T15/><D113/><U87/><E124/><V29/><F106/><W84/><G115/><T98/><D121/><U19/><E132/><V45/><F45/><W25/><G25/><T110/><D110/><U35/><E130/><N who="2" m="49707" /><F30/><W64/><G82/><T63/><D63/><U123/><E123/><V89/><F89/><W37/><G37/><T27/><D98/><U46/><E35/><V117/><F117/><W109/><G109/><T62/><D62/><U72/><E72/><V116/><F116/><W23/><G58/><T112/><D112/><U79/><E73/><V54/><F54/><W119/><G119/><T55/><D43/><N who="1" m="25055" /><E76/><V105/><F105/><W60/><REACH who="3" step="1"/><G48/><REACH who="3" ten="249,365,247,129" step="2"/><T118/><D118/><U100/><E100/><V18/><F4/><W6/><G6/><T53/><D50/><U31/><E92/><V101/><F101/><W59/><G59/><T44/><D44/><U86/><E93/><V95/><F95/><W57/><G57/><T61/><D61/><U129/><E129/><V99/><F99/><W9/><G9/><AGARI ba="0,1" hai="9,13,18,20,22,24,29,33,133,134,135" m="49707" machi="9" ten="40,12000,1" yaku="20,1,19,1,34,2,52,1" doraHai="7" who="2" fromWho="3" sc="249,0,365,0,247,130,129,-120" /><INIT seed="6,1,0,0,5,113" ten="249,365,377,9" oya="2" hai0="66,104,84,99,13,35,74,134,62,55,71,75,105" hai1="82,51,126,91,125,69,21,95,81,111,102,79,64" hai2="115,121,97,110,20,8,17,98,5,23,38,57,117" hai3="123,25,135,18,65,60,85,1,24,16,103,46,88"/><V53/><F38/><W112/><G1/><T106/><D134/><U27/><E111/><V32/><F32/><W63/><G123/><T3/><D99/><N who="1" m="57855" /><E102/><V4/><F121/><W14/><G135/><T15/><D84/><U61/><E51/><N who="2" m="30911" /><F110/><W39/><G39/><T29/><D55/><U28/><E79/><V114/><F117/><W89/><G112/><N who="2" m="43049" /><F17/><N who="3" m="6763" /><G103/><T72/><D3/><U92/><E92/><V40/><F40/><W37/><G37/><T59/><D71/><U73/><E73/><V19/><F19/><W43/><G14/><T45/><REACH who="0" step="1"/><D45/><REACH who="0" ten="239,365,377,9" step="2"/><U90/><E90/><N who="3" m="34922" /><G65/><T77/><D77/><U108/><E108/><V0/><F5/><W47/><G85/><T2/><D2/><U49/><E49/><V54/><F54/><W133/><G133/><T10/><D10/><U87/><E87/><V52/><F52/><W26/><G43/><T44/><D44/><AGARI ba="1,1" hai="24,25,26,44,46,47,60,63" m="34922,6763" machi="44" ten="30,8000,1" yaku="28,2,8,1,54,2" doraHai="113" who="3" fromWho="0" sc="239,-83,365,0,377,0,9,93" /><INIT seed="7,0,0,5,5,115" ten="156,365,377,102" oya="3" hai0="33,18,44,79,34,46,103,82,99,21,102,7,92" hai1="97,22,78,14,135,45,29,72,89,51,20,134,120" hai2="16,5,81,2,76,98,53,54,12,100,83,55,112" hai3="23,4,1,96,19,124,0,15,75,61,122,131,128"/><W59/><G75/><T90/><D34/><U107/><E120/><V123/><F2/><N who="3" m="1131" /><G96/><T113/><D33/><U39/><E39/><V67/><F112/><W88/><G88/><T114/><D7/><U70/><E70/><V94/><F123/><W71/><G71/><T110/><D110/><U38/><E38/><V58/><F5/><W125/><G59/><T11/><D11/><U111/><E111/><V127/><F127/><N who="3" m="48715" /><G61/><T30/><D114/><U10/><E72/><V85/><F81/><W133/><G122/><T109/><D113/><U48/><E78/><V132/><F132/><N who="1" m="50729" /><E29/><V28/><F28/><W63/><G63/><T36/><D109/><U105/><E51/><N who="2" m="31039" /><F67/><W32/><G133/><T62/><D62/><U6/><E89/><V24/><F24/><N who="3" m="14463" /><G32/><T41/><D46/><U8/><E97/><V17/><F17/><W66/><G66/><T116/><D30/><U126/><E126/><V31/><F31/><W130/><G4/><T101/><D82/><U3/><E107/><V27/><F27/><W9/><G15/><T106/><D79/><U37/><E105/><V80/><F80/><W84/><G84/><T56/><D106/><U69/><E69/><V68/><F68/><W40/><G40/><T50/><D36/><U52/><E37/><V77/><F77/><W49/><G49/><T91/><D91/><U13/><E3/><V65/><F65/><W118/><G9/><AGARI ba="0,0" hai="9,12,16,54,55,76,83,85,94,98,100" m="31039" machi="9" ten="30,2000,0" yaku="8,1,54,1" doraHai="115" who="2" fromWho="3" sc="156,0,365,0,377,20,102,-20" owari="156,-24.0,365,17.0,397,49.0,82,-42.0" /></mjloggm>