<mjloggm ver="2.3"><GO type="41"/><UN n0="%73%69%6D%32" n1="%47%59%50" n2="%E3%81%AC%E3%81%91%E3%81%95%E3%81%8F" n3="%EF%BC%88%E2%89%A7%E2%96%BD%E2%89%A6%EF%BC%89" dan="15,13,13,13" rate="2034,1848,1811,2066" sx="M,M,M,M"/><TAIKYOKU oya="0"/><INIT seed="0,0,0,3,2,111" ten="250,250,250,250" oya="0" hai0="47,79,27,57,23,114,126,84,26,120,7,133,121" hai1="94,106,127,20,45,2,58,102,118,55,44,51,110" hai2="104,31,21,67,62,134,48,123,10,49,93,122,69" hai3="46,36,109,11,30,77,52,100,54,12,15,81,97"/><T34/><D114/><U18/><E2/><V90/><F104/><W22/><G109/><T75/><D126/><U131/><E106/><V35/><F134/><W105/><G36/><T86/><D133/><U85/><E110/><V53/><F35/><W87/><G46/><T39/><D75/><U33/><E127/><V13/><F48/><W40/><G40/><T70/><D70/><U68/><E33/><V98/><F31/><W89/><G77/><T38/><D7/><U0/><E68/><V61/><F21/><W3/><G3/><T128/><D128/><U78/><E0/><V99/><F61/><W25/><REACH who="3" step="1"/><G15/><REACH who="3" step="2"/><T60/><D39/><U92/><E131/><V64/><F122/><W129/><G129/><T132/><D47/><U112/><E112/><V119/><F123/><W130/><G130/><T96/><D79/><U101/><E118/><V5/><F119/><W17/><AGARI ba="0,1" hai="11,12,17,22,25,30,52,54,81,87,89,97,100,105" machi="17" ten="20,8000,1" yaku="1,1,0,1,7,1,54,1,53,1" doraHai="111" doraHaiUra="95" who="3" fromWho="3" sc="250,-40,250,-20,250,-20,240,90" /><INIT seed="1,0,0,4,0,123" ten="210,230,230,330" oya="1" hai0="0,103,65,50,12,78,9,120,100,51,60,36,46" hai1="45,105,88,68,104,119,4,86,93,121,73,131,48" hai2="22,34,124,23,16,66,1,134,42,18,59,24,99" hai3="56,107,87,47,90,31,106,39,77,129,37,109,94"/><U115/><E68/><V63/><F1/><W117/><G129/><T28/><D120/><U11/><E73/><V128/><F134/><W112/><G112/><T102/><D36/><U110/><E119/><V125/><F128/><W43/><G117/><T85/><D0/><U13/><E115/><V71/><F34/><W70/><G70/><T98/><D28/><U33/><E121/><V3/><F3/><W114/><G114/><T81/><D98/><U67/><E33/><V27/><F42/><W38/><G31/><T82/><D82/><U17/><E67/><V29/><F29/><W116/><G116/><T118/><D118/><U8/><E131/><V97/><REACH who="2" step="1"/><F71/><REACH who="2" step="2"/><W76/><G43/><T72/><D72/><U64/><E64/><V69/><F69/><W7/><G37/><T92/><D65/><U62/><E62/><V57/><F57/><W32/><G56/><T54/><D60/><U122/><E122/><V53/><F53/><W133/><G38/><T5/><D50/><U61/><E61/><V2/><F2/><W113/><G39/><T15/><D54/><U126/><E126/><AGARI ba="0,1" hai="16,18,22,23,24,27,59,63,66,97,99,124,125,126" machi="126" ten="40,8000,1" yaku="1,1,9,1,18,1,54,1,53,0" doraHai="123" doraHaiUra="44" who="2" fromWho="1" sc="210,0,230,-80,220,90,330,0" /><INIT seed="2,0,0,1,0,110" ten="210,150,310,330" oya="2" hai0="3,22,35,101,58,2,85,45,124,67,65,87,50" hai1="56,19,111,103,130,69,133,76,104,31,44,99,116" hai2="27,34,16,66,119,115,18,68,43,10,5,122,89" hai3="36,17,59,25,79,28,4,20,47,117,39,94,8"/><V1/><F115/><W92/><G117/><T32/><D124/><U7/><E69/><V9/><F119/><W91/><G79/><T33/><D101/><U77/><E116/><V15/><F122/><W74/><G74/><T121/><D121/><U129/><E111/><V57/><F43/><W73/><G73/><T120/><D120/><U14/><E133/><V62/><F89/><W12/><G59/><T83/><D22/><U132/><E31/><V60/><F34/><W100/><G47/><T48/><D58/><U126/><E7/><V38/><F38/><W107/><G107/><T23/><D23/><U0/><E0/><V40/><F40/><W97/><REACH who="3" step="1"/><G28/><REACH who="3" step="2"/><T98/><D45/><U61/><E132/><V51/><F68/><W55/><G55/><T75/><D67/><U106/><E104/><V112/><F57/><W64/><G64/><T127/><D65/><U93/><E106/><V86/><F66/><W82/><G82/><T123/><D75/><U42/><E130/><V21/><F62/><W81/><G81/><T6/><D83/><U26/><E129/><V128/><F60/><W125/><G125/><T49/><D127/><U46/><E126/><V109/><F128/><W102/><G102/><T90/><D123/><U72/><E77/><V52/><F109/><W96/><AGARI ba="0,1" hai="4,8,12,17,20,25,36,39,91,92,94,96,97,100" machi="96" ten="20,2700,0" yaku="1,1,0,1,7,1,53,0" doraHai="110" doraHaiUra="131" who="3" fromWho="3" sc="210,-7,150,-7,310,-13,320,37" /><INIT seed="3,0,0,0,3,123" ten="203,143,297,357" oya="3" hai0="73,105,115,93,60,88,0,62,42,51,2,67,23" hai1="118,50,124,47,86,43,74,25,91,120,17,84,49" hai2="92,15,111,21,59,26,37,31,19,78,85,129,24" hai3="116,80,1,4,71,134,113,16,121,57,53,97,46"/><W94/><G116/><T69/><D73/><U135/><E74/><V125/><F37/><W81/><G113/><T90/><D105/><U117/><E118/><V109/><F129/><W130/><G121/><T89/><D115/><U27/><E120/><V22/><F125/><W6/><G71/><T128/><D128/><U76/><E124/><V68/><F68/><W103/><G130/><T127/><D127/><U45/><E117/><V10/><F59/><W83/><G134/><T8/><D93/><U108/><E135/><V58/><F58/><W102/><G102/><T82/><D82/><U48/><E76/><V61/><F61/><W33/><G33/><T11/><D62/><U64/><E64/><V14/><F78/><W52/><G1/><T63/><D63/><U133/><E86/><V44/><F92/><W104/><G104/><T29/><D0/><U132/><E132/><V122/><F44/><W70/><G70/><T79/><D79/><U65/><E133/><V110/><F85/><W98/><G98/><T75/><D75/><U3/><E65/><V131/><F122/><W72/><G72/><T7/><D7/><U100/><E3/><V112/><F112/><W99/><G99/><T87/><D2/><U30/><E100/><V106/><F106/><W38/><G4/><T28/><D87/><U20/><E47/><V18/><F131/><W119/><G46/><N who="0" m="26071" /><D28/><U39/><E30/><V101/><F101/><W12/><G119/><T41/><D41/><U56/><E39/><V107/><F107/><N who="3" m="63983" /><G38/><T96/><D96/><U55/><E43/><V13/><AGARI ba="0,0" hai="10,13,14,15,18,19,21,22,24,26,31,109,110,111" machi="13" ten="40,16000,3" yaku="5,1,0,1,14,1,34,3,52,3" doraHai="123" who="2" fromWho="2" sc="203,-40,143,-40,297,160,357,-80" /><INIT seed="4,0,0,5,4,118" ten="163,103,457,277" oya="0" hai0="112,23,117,131,62,76,91,97,115,85,35,86,17" hai1="18,125,28,110,26,96,66,6,132,5,104,13,109" hai2="31,88,41,120,80,75,61,60,98,78,122,71,127" hai3="106,8,102,82,37,3,4,108,45,67,73,2,55"/><T24/><D117/><U116/><E66/><V46/><F31/><W114/><G108/><T89/><D35/><U16/><E116/><V38/><F127/><W1/><G114/><T56/><D131/><U57/><E104/><V51/><F38/><W10/><G10/><T25/><D25/><U124/><E96/><V9/><F9/><W53/><G67/><T59/><D59/><U39/><E57/><V49/><F49/><W43/><G53/><N who="0" m="34063" /><D76/><U22/><E39/><V95/><REACH who="2" step="1"/><F71/><REACH who="2" step="2"/><W100/><G55/><T128/><D128/><U40/><E28/><V54/><F54/><W93/><G37/><T11/><D11/><N who="1" m="6207" /><E40/><V105/><F105/><W92/><G106/><T20/><D20/><U7/><E132/><V113/><F113/><W47/><G43/><T90/><D115/><U83/><E83/><V133/><F133/><W19/><G82/><T119/><D112/><U135/><E135/><V27/><F27/><W69/><G69/><T77/><D119/><U74/><E74/><V58/><F58/><W30/><G73/><T65/><D65/><U121/><E121/><AGARI ba="0,1" hai="41,46,51,60,61,75,78,80,88,95,98,120,121,122" machi="121" ten="40,8000,1" yaku="1,1,52,3,54,1,53,0" doraHai="118" doraHaiUra="130" who="2" fromWho="1" sc="163,0,103,-80,447,90,277,0" /><INIT seed="5,0,0,5,0,115" ten="163,23,537,277" oya="1" hai0="116,82,45,74,67,90,18,4,56,94,7,21,0" hai1="10,75,69,25,128,70,12,57,51,124,58,120,131" hai2="19,101,59,121,8,77,34,2,99,36,103,24,71" hai3="80,26,17,62,97,61,65,42,28,125,27,84,95"/><U102/><E75/><V129/><F71/><W41/><G125/><T78/><D116/><U35/><E120/><V31/><F36/><W109/><G17/><T79/><D0/><U68/><E102/><V48/><F121/><W132/><G132/><T5/><D78/><U127/><E51/><V83/><F129/><N who="1" m="49737" /><E25/><N who="3" m="9226" /><G28/><T110/><D110/><U52/><E35/><V9/><F99/><W3/><G3/><T23/><D18/><N who="1" m="8471" /><E58/><V86/><F2/><W118/><G109/><T105/><D105/><U112/><E112/><V87/><F103/><N who="3" m="60863" /><G118/><T108/><D108/><U85/><E85/><V130/><F101/><W119/><G119/><T16/><D16/><U123/><E123/><V96/><F130/><W106/><G106/><T89/><D45/><U47/><E57/><V111/><F96/><W91/><G65/><T134/><D134/><U46/><E52/><V49/><F111/><W100/><G100/><T73/><D73/><U30/><E30/><V39/><F34/><W64/><G64/><T66/><D56/><U29/><E29/><V38/><F31/><W113/><G113/><T55/><D55/><U60/><E60/><AGARI ba="0,0" hai="41,42,60,61,62,80,84,91" m="60863,9226" machi="60" ten="30,1000,0" yaku="8,1" doraHai="115" who="3" fromWho="1" sc="163,0,23,-10,537,0,277,10" /><INIT seed="6,0,0,3,3,133" ten="163,13,537,287" oya="2" hai0="43,50,56,32,126,125,101,99,6,69,25,48,109" hai1="116,38,100,44,22,63,16,4,71,84,135,80,0" hai2="112,1,114,39,20,115,42,82,35,9,28,45,17" hai3="130,129,10,113,91,122,73,61,49,106,124,65,33"/><V117/><F117/><W37/><G122/><T41/><D69/><U102/><E116/><V127/><F127/><N who="0" m="48650" /><D6/><U118/><E135/><V14/><F35/><W36/><G124/><T52/><D109/><U107/><E118/><V94/><F1/><W97/><G113/><T24/><D48/><U57/><E107/><V110/><F110/><W3/><G49/><T12/><D12/><U29/><E71/><V40/><F94/><W105/><G105/><N who="0" m="63679" /><D32/><U104/><E29/><V79/><F42/><AGARI ba="0,0" hai="24,25,41,42,43,50,52,56" m="63679,48650" machi="42" ten="30,8000,1" yaku="18,1,52,3,54,1" doraHai="133" who="0" fromWho="2" sc="163,80,13,0,537,-80,287,0" /><INIT seed="7,0,0,5,1,11" ten="243,13,457,287" oya="3" hai0="20,96,26,33,100,83,74,84,85,64,94,44,13" hai1="133,67,78,91,51,19,101,68,75,37,124,28,53" hai2="76,62,128,98,129,135,122,1,4,55,77,71,56" hai3="27,49,95,105,110,42,6,25,2,21,120,112,73"/><W45/><G120/><T111/><D111/><U38/><E28/><V87/><F122/><W69/><G105/><T92/><D64/><U107/><E19/><V30/><F135/><W34/><G110/><T9/><D33/><U7/><E91/><V18/><F30/><W46/><G73/><T106/><D74/><U109/><E101/><V17/><F1/><W16/><G69/><T57/><D44/><U113/><E78/><V102/><F4/><W125/><G112/><T99/><D57/><U52/><E7/><V97/><F71/><W130/><G130/><N who="2" m="50281" /><F87/><W10/><G125/><T108/><D108/><U82/><E82/><V121/><F121/><W63/><G63/><T50/><D50/><U47/><E107/><N who="2" m="63951" /><F98/><W65/><G65/><T12/><D9/><U89/><E75/><V41/><F41/><W58/><G58/><T14/><D83/><U24/><E89/><V117/><F117/><W54/><G95/><T131/><D131/><U43/><E109/><V40/><F40/><W90/><G90/><N who="0" m="55319" /><D106/><U132/><E24/><V35/><F35/><W118/><G118/><T23/><D23/><U61/><E124/><V22/><F18/><AGARI ba="0,0" hai="12,13,14,18,20,26,84,85,94,99,100" m="55319" machi="18" ten="30,7700,0" yaku="8,1,52,3" doraHai="11" who="0" fromWho="2" sc="243,77,13,0,457,-77,287,0" owari="320,12,13,-49,380,48,287,-11" /></mjloggm>