<mjloggm ver="2.3"><GO type="97"/><UN n0="%E9%A7%84%E7%9B%AE%E3%81%A0%E3%81%93%E3%82%8A%E3%82%83" n1="%EF%BC%88%E2%89%A7%E2%96%BD%E2%89%A6%EF%BC%89" n2="%73%61%69%73%73%37%37%37" n3="%E3%81%8B%E3%82%89%E3%81%97%E3%82%8C%E3%82%93%E3%81%93%E3%82%93" dan="14,15,14,13" rate="1980,1987,1902,1824" sx="M,M,M,M"/><TAIKYOKU oya="0"/><INIT seed="0,0,0,1,5,40" ten="250,250,250,250" oya="0" hai0="71,50,21,96,46,70,9,75,72,73,74,133,111" hai1="7,99,45,5,77,42,64,6,48,53,128,31,119" hai2="51,62,103,66,16,108,90,107,17,44,30,15,12" hai3="34,114,68,91,121,49,135,14,56,110,88,122,120"/><T57/><D133/><U11/><E119/><V47/><F108/><W0/><G68/><T3/><D111/><U2/><E128/><V87/><F30/><W100/><G110/><T134/><D134/><U78/><E64/><V98/><F51/><W33/><G135/><T36/><D36/><U79/><E31/><V58/><F17/><W26/><G0/><T63/><D96/><U54/><E54/><V19/><F19/><W92/><G14/><T67/><N who="0" m="18944" /><DORA hai="129" /><T102/><D102/><U80/><E80/><V127/><F12/><W132/><G132/><T27/><D9/><U60/><REACH who="1" step="1"/><E99/><REACH who="1" ten="250,240,250,250" step="2"/><V20/><F127/><W93/><G100/><T24/><D3/><U65/><E65/><V43/><F43/><W86/><G114/><T81/><D81/><AGARI ba="0,1" hai="15,16,20,44,47,58,62,66,81,87,90,98,103,107" machi="81" ten="30,7700,0" yaku="7,1,52,2,54,1" doraHai="40,129" who="2" fromWho="0" sc="250,-77,240,0,250,87,250,0" /><INIT seed="1,0,0,5,1,10" ten="173,240,337,250" oya="1" hai0="4,26,27,1,40,51,56,28,65,85,23,44,94" hai1="87,101,88,74,125,5,19,83,123,73,31,3,34" hai2="63,59,52,78,89,99,114,111,70,133,103,7,32" hai3="95,30,102,126,57,80,24,21,17,98,25,97,116"/><U90/><E123/><V46/><F111/><W100/><G116/><T72/><D72/><U60/><E125/><V131/><F32/><W122/><G126/><T39/><D1/><U47/><E101/><V55/><F7/><W105/><G122/><T61/><D4/><U84/><E19/><V54/><F78/><W68/><G68/><T49/><D85/><U119/><E119/><V81/><F133/><W38/><G80/><T11/><D11/><U29/><E60/><V115/><F70/><W86/><G86/><T6/><D6/><U91/><E3/><V129/><F89/><W53/><G38/><T82/><D82/><U107/><E107/><N who="2" m="63999" /><F81/><W135/><G135/><T71/><D71/><U121/><E121/><V79/><F79/><W128/><G128/><N who="2" m="49225" /><F46/><W18/><REACH who="3" step="1"/><G25/><REACH who="3" ten="173,240,337,240" step="2"/><T108/><D108/><U35/><E74/><V69/><F69/><W12/><G12/><T92/><D27/><U66/><E73/><V67/><AGARI ba="0,1" hai="52,54,55,59,63,67,114,115" m="49225,63999" machi="67" ten="40,2700,0" yaku="19,1,54,1" doraHai="10" who="2" fromWho="2" sc="173,-7,240,-13,337,37,240,-7" /><INIT seed="2,0,0,2,5,26" ten="166,227,374,233" oya="2" hai0="34,13,43,105,133,95,36,46,129,21,117,107,123" hai1="55,16,70,9,87,75,18,76,120,61,3,114,42" hai2="66,74,2,102,41,17,28,53,79,49,77,11,29" hai3="33,24,22,97,30,119,98,60,56,84,93,58,121"/><V4/><F66/><W125/><G119/><T38/><D123/><U127/><E114/><V113/><F113/><W130/><G121/><T88/><D117/><U134/><E75/><V111/><F111/><W44/><G130/><T12/><D38/><U45/><E120/><V10/><F41/><W108/><G108/><T122/><D122/><U100/><E134/><V126/><F102/><W90/><G125/><T83/><D34/><U35/><E35/><V39/><F39/><W132/><G132/><T32/><D32/><U110/><E110/><V128/><F128/><W106/><G106/><T31/><D129/><U5/><E127/><V59/><F126/><W6/><G6/><T7/><D133/><U131/><E131/><V96/><F96/><W89/><G44/><T109/><D109/><U0/><E0/><V23/><F11/><W40/><G40/><T99/><D83/><N who="1" m="47591" /><E100/><V80/><REACH who="2" step="1"/><F77/><REACH who="2" ten="166,227,364,233" step="2"/><W124/><G124/><T48/><D36/><U54/><E42/><V50/><F50/><W51/><G51/><T72/><D72/><U37/><E37/><V118/><F118/><W15/><G98/><T27/><D107/><U68/><E9/><V52/><F52/><W86/><G97/><T78/><D105/><U14/><E54/><V57/><F57/><W112/><G112/><T47/><D78/><U94/><E55/><V67/><F67/><W81/><G60/><T1/><D47/><U8/><E61/><V85/><F85/><W69/><G69/><N who="1" m="26730" /><E45/><V82/><F82/><W19/><AGARI ba="0,1" hai="15,19,22,24,30,33,56,58,81,84,86,89,90,93" machi="19" ten="30,2000,0" yaku="0,1,52,1" doraHai="26" who="3" fromWho="3" sc="166,-5,227,-5,364,-10,233,30" /><INIT seed="3,0,0,0,3,22" ten="161,222,354,263" oya="3" hai0="110,39,122,3,63,79,108,8,90,50,78,131,60" hai1="132,95,69,53,70,133,21,105,65,87,84,112,86" hai2="76,72,27,43,101,13,88,45,62,102,24,16,36" hai3="73,2,71,20,44,23,41,94,64,75,5,18,51"/><W14/><G2/><T121/><D3/><U115/><E105/><V48/><F72/><W118/><G118/><T97/><D8/><U134/><E53/><V9/><F76/><W111/><G5/><T54/><D39/><U25/><E95/><V98/><F36/><W127/><G64/><T67/><D97/><U46/><E46/><V66/><F88/><W52/><G71/><N who="1" m="27146" /><E65/><V96/><F96/><W31/><G127/><T26/><D26/><N who="2" m="9770" /><F98/><W32/><G32/><T125/><D90/><U93/><E93/><V47/><F47/><W33/><G33/><T82/><D82/><U56/><E56/><AGARI ba="0,0" hai="9,13,16,43,45,48,56,62,66,101,102" m="9770" machi="56" ten="30,8000,1" yaku="8,1,52,3,54,1" doraHai="22" who="2" fromWho="1" sc="161,0,222,-80,354,80,263,0" owari="161,-24.0,142,-36.0,434,54.0,263,6.0" /></mjloggm>