<mjloggm ver="2.3"><GO type="41"/><UN n0="%E6%B9%A7%E3%81%8D%E6%B0%B4" n1="%EF%BC%88%E2%89%A7%E2%96%BD%E2%89%A6%EF%BC%89" n2="%66%61%72%69%64%61%74" n3="%E6%84%9B%E5%A8%98%E2%98%86%E3%81%BE%E3%82%8A%E3%81%A3%E3%81%BA" dan="13,15,14,14" rate="1933,2031,1935,1808" sx="M,M,M,M"/><TAIKYOKU oya="0"/><INIT seed="0,0,0,0,4,57" ten="250,250,250,250" oya="0" hai0="20,129,64,11,44,48,52,42,78,76,38,3,89" hai1="6,49,10,65,133,115,107,55,130,123,124,1,30" hai2="81,41,86,135,39,75,97,102,96,111,4,0,5" hai3="106,50,43,2,24,69,54,71,93,73,72,8,117"/><T100/><D129/><U22/><E123/><V94/><F75/><W84/><G106/><T70/><D100/><U60/><E115/><V63/><F111/><W56/><G117/><T12/><D3/><U27/><E130/><V104/><F135/><W114/><G114/><T62/><D20/><U109/><E133/><V59/><F0/><W13/><G2/><T87/><D38/><U134/><E109/><V16/><F41/><W29/><G43/><T67/><D67/><U40/><E134/><V51/><F51/><W34/><G73/><T33/><D42/><U92/><E107/><V9/><F39/><W31/><G72/><T113/><D33/><U28/><E124/><V17/><F96/><W120/><G31/><T91/><D113/><U35/><E40/><V127/><F104/><W112/><G120/><T74/><D74/><U45/><E92/><V61/><F127/><W7/><REACH who="3" step="1"/><G112/><REACH who="3" ten="250,250,250,240" step="2"/><T132/><D132/><U15/><E30/><V131/><F131/><W98/><G98/><T95/><REACH who="0" step="1"/><D91/><AGARI ba="0,1" hai="7,8,13,24,29,34,50,54,56,69,71,84,91,93" machi="91" ten="40,2600,0" yaku="1,1,53,1" doraHai="57" doraHaiUra="46" who="3" fromWho="0" sc="250,-26,250,0,250,0,240,36" /><INIT seed="1,0,0,4,3,114" ten="224,250,250,276" oya="1" hai0="82,57,106,5,76,56,12,128,109,38,30,101,32" hai1="113,16,14,18,31,17,43,6,27,135,100,33,7" hai2="118,11,51,25,21,124,89,123,120,70,50,65,77" hai3="19,91,107,34,126,61,129,86,29,125,9,99,78"/><U133/><E113/><V97/><F77/><W64/><G129/><T35/><D38/><U116/><E43/><V55/><F70/><W85/><G78/><T2/><D106/><U24/><E100/><V68/><F68/><W40/><G40/><T115/><D101/><U110/><E110/><V45/><F65/><W72/><G72/><T0/><D115/><U102/><E102/><V49/><F124/><W111/><G111/><T10/><D76/><U59/><E59/><V80/><F118/><W81/><G86/><T26/><D82/><U58/><E58/><V52/><F11/><W73/><G73/><T121/><D57/><U71/><E71/><V105/><F105/><W3/><G107/><T44/><D56/><U104/><E104/><V36/><F36/><W37/><G37/><T23/><D44/><U132/><E116/><V127/><F127/><W28/><G64/><T131/><D109/><U13/><E27/><V103/><F103/><W94/><G61/><T79/><D79/><U8/><E6/><V117/><F117/><W66/><G66/><T112/><D112/><U87/><E87/><V84/><F97/><W98/><G98/><T75/><D75/><U74/><E74/><V95/><F80/><W96/><G81/><T46/><D46/><U67/><E67/><V134/><F45/><W60/><G126/><T119/><D119/><U69/><E69/><V90/><F84/><W54/><G125/><T63/><D63/><U53/><E53/><V20/><F55/><W4/><G54/><T92/><D121/><U41/><E41/><V122/><F123/><RYUUKYOKU ba="0,0" sc="224,-10,250,30,250,-10,276,-10" hai1="7,8,13,14,16,17,18,24,31,33,132,133,135" /><INIT seed="1,1,0,5,2,100" ten="214,280,240,266" oya="1" hai0="94,35,57,93,63,29,76,102,26,58,111,72,14" hai1="13,55,65,60,115,61,37,118,116,69,71,11,105" hai2="39,108,59,130,132,109,1,28,122,85,45,99,95" hai3="22,12,30,5,86,52,33,103,68,54,126,43,20"/><U64/><E115/><V106/><F1/><W101/><G68/><T127/><D127/><U4/><E37/><V70/><F70/><W17/><G126/><T133/><D133/><U131/><E131/><V66/><F122/><W6/><G33/><T31/><D111/><U47/><REACH who="1" step="1"/><E105/><REACH who="1" ten="214,270,240,266" step="2"/><V91/><F106/><W80/><G43/><T125/><D125/><U16/><E16/><V96/><F39/><W112/><G17/><T117/><D29/><U110/><E110/><V41/><F28/><W62/><G30/><T97/><D31/><U2/><E2/><V114/><F41/><W73/><G6/><T119/><D35/><U38/><E38/><V27/><F130/><W81/><G5/><T78/><D117/><U124/><E124/><V83/><F114/><W36/><G36/><T8/><D119/><U49/><AGARI ba="1,1" hai="4,11,13,47,49,55,60,61,64,65,69,71,116,118" machi="49" ten="30,6000,0" yaku="1,1,0,1,9,1,53,0" doraHai="100" doraHaiUra="18" who="1" fromWho="1" sc="214,-21,270,73,240,-21,266,-21" /><INIT seed="1,2,0,5,1,125" ten="193,343,219,245" oya="1" hai0="106,12,19,75,62,50,4,41,53,99,0,66,33" hai1="120,17,97,118,91,21,60,13,69,112,95,86,117" hai2="48,130,30,54,85,14,123,67,1,134,34,94,96" hai3="129,135,98,36,15,76,107,103,114,64,26,58,3"/><U88/><E120/><V32/><F1/><W127/><G3/><T37/><D75/><U43/><E112/><V6/><F123/><W52/><G114/><T126/><D126/><U22/><E43/><V116/><F116/><W40/><G127/><T111/><D33/><U90/><E22/><V27/><F34/><W35/><G64/><T73/><D73/><U133/><E133/><V11/><F134/><W23/><G135/><T121/><D121/><U87/><E87/><V131/><F85/><W20/><G76/><T128/><D0/><U71/><E71/><V57/><REACH who="2" step="1"/><F67/><REACH who="2" ten="193,343,209,245" step="2"/><W47/><G35/><T72/><D66/><U70/><E117/><V82/><F82/><W109/><G109/><T124/><D111/><U84/><E118/><V81/><F81/><W39/><G39/><T115/><D37/><U38/><E38/><V7/><F7/><W100/><G36/><T56/><D4/><U45/><E86/><V105/><F105/><W29/><G107/><T102/><D106/><U18/><E84/><V59/><F59/><W63/><G58/><T93/><D93/><BYE who="0" /><U65/><E69/><UN n0="%E6%B9%A7%E3%81%8D%E6%B0%B4" /><V80/><F80/><W2/><G2/><T78/><D56/><U25/><E45/><V16/><F16/><W46/><G46/><T51/><D19/><U104/><E104/><V9/><F9/><W24/><G47/><T92/><D92/><U119/><E119/><V83/><F83/><W113/><G113/><T10/><D10/><U132/><E132/><V42/><F42/><W89/><G40/><T108/><D115/><U8/><AGARI ba="2,1" hai="8,13,17,18,21,25,60,65,70,88,90,91,95,97" machi="8" ten="20,3900,0" yaku="0,1,7,1,54,1" doraHai="125" who="1" fromWho="1" sc="193,-15,343,55,209,-15,245,-15" /><INIT seed="1,3,0,5,1,79" ten="178,398,194,230" oya="1" hai0="13,23,27,105,88,76,98,66,35,4,53,37,103" hai1="54,55,77,34,30,52,51,15,29,45,78,99,83" hai2="46,95,104,118,40,48,96,112,116,121,82,3,16" hai3="74,49,71,1,125,102,73,7,65,75,47,60,6"/><U21/><E34/><V109/><F3/><W123/><G123/><T127/><D37/><U31/><E99/><V64/><F104/><W134/><G125/><T32/><D127/><U114/><E114/><V101/><F121/><W126/><G126/><T26/><D76/><U87/><E77/><V89/><F112/><W92/><G134/><T0/><D26/><U131/><E131/><V14/><F64/><W5/><G1/><T124/><D124/><U100/><E100/><V69/><F69/><W68/><G68/><T25/><D25/><U56/><E56/><V42/><F42/><W81/><G102/><T36/><D36/><U133/><E133/><V90/><F109/><W110/><G110/><T107/><D107/><U67/><E67/><V20/><REACH who="2" step="1"/><F101/><REACH who="2" ten="178,398,184,230" step="2"/><W18/><G65/><T28/><D66/><U33/><E33/><V86/><AGARI ba="3,1" hai="14,16,20,40,46,48,82,86,89,90,95,96,116,118" machi="86" ten="30,12000,2" yaku="1,1,2,1,0,1,52,1,54,1,53,1" doraHai="79" doraHaiUra="93" who="2" fromWho="2" sc="178,-33,398,-63,184,139,230,-33" /><INIT seed="2,0,0,2,3,127" ten="145,335,323,197" oya="2" hai0="84,37,78,113,106,104,74,1,118,57,97,93,101" hai1="68,14,110,43,56,64,21,51,90,50,91,53,36" hai2="92,25,6,30,33,70,81,133,79,117,49,100,76" hai3="69,116,52,59,85,119,115,58,38,35,7,19,8"/><V32/><F70/><W121/><G69/><T44/><D1/><U63/><E110/><V94/><F117/><W0/><G121/><T109/><D37/><U72/><E72/><V54/><F32/><W88/><G38/><T3/><D3/><U42/><E51/><V4/><F133/><W125/><G125/><T77/><D44/><N who="1" m="23623" /><E43/><V102/><F79/><W18/><G35/><T130/><D57/><U131/><E131/><V108/><F108/><W80/><G115/><T62/><D62/><U40/><E40/><V46/><F94/><W34/><G34/><T87/><D113/><U31/><E14/><V9/><F92/><W67/><G67/><T11/><D11/><U10/><E10/><V39/><F39/><W17/><REACH who="3" step="1"/><G59/><REACH who="3" ten="145,335,323,187" step="2"/><T66/><D66/><U2/><E68/><V12/><REACH who="2" step="1"/><F6/><REACH who="2" ten="145,335,313,187" step="2"/><W135/><G135/><T114/><D114/><U107/><E64/><V111/><F111/><W61/><AGARI ba="0,2" hai="0,7,8,17,18,19,52,58,61,80,85,88,116,119" machi="61" ten="30,7900,0" yaku="1,1,0,1,54,2,53,0" doraHai="127" doraHaiUra="47" who="3" fromWho="3" sc="145,-20,335,-20,313,-39,187,99" /><INIT seed="3,0,0,4,1,29" ten="125,315,274,286" oya="3" hai0="14,71,72,85,25,119,64,0,99,102,11,96,4" hai1="61,67,27,15,37,40,6,65,108,63,110,88,89" hai2="105,117,53,56,115,5,22,93,19,127,2,90,36" hai3="84,112,50,51,124,17,68,38,121,106,76,31,24"/><W47/><G112/><T26/><D72/><U125/><E125/><V21/><F105/><W16/><G121/><T104/><D119/><U28/><E37/><V66/><F36/><W79/><G68/><T95/><D85/><U75/><E75/><V78/><F117/><W62/><G106/><T10/><D71/><N who="1" m="42415" /><E40/><V77/><F115/><W70/><G38/><T3/><D64/><U113/><E113/><V128/><F66/><W123/><G123/><T132/><D132/><U120/><E120/><V118/><F118/><W100/><G100/><T23/><D23/><N who="1" m="15487" /><E15/><V103/><F127/><W129/><G124/><T114/><D114/><U32/><E32/><V60/><F103/><W43/><G70/><T46/><D46/><U59/><E6/><V39/><F39/><W91/><G62/><T49/><D49/><U13/><E13/><V73/><F73/><W69/><G51/><T35/><D35/><U111/><AGARI ba="0,0" hai="59,63,67,88,89,108,110,111" m="15487,42415" machi="111" ten="30,2000,0" yaku="14,1,54,1" doraHai="29" who="1" fromWho="1" sc="125,-5,315,20,274,-5,286,-10" /><INIT seed="4,0,0,3,0,126" ten="120,335,269,276" oya="0" hai0="124,74,32,71,38,125,110,135,16,95,111,76,81" hai1="91,100,49,26,61,75,107,7,70,10,103,132,45" hai2="48,72,29,22,30,63,47,60,97,106,66,119,117" hai3="64,43,92,1,57,116,85,24,112,52,5,42,50"/><T131/><D32/><U36/><E75/><V28/><F72/><W90/><G112/><T18/><D38/><U89/><E36/><V53/><F22/><W82/><G116/><N who="2" m="44617" /><F66/><W9/><G64/><T69/><D135/><U58/><E70/><N who="0" m="26633" /><D95/><U0/><E132/><V96/><F96/><W25/><G92/><T3/><D3/><U31/><E107/><V41/><F41/><W128/><REACH who="3" step="1"/><G128/><REACH who="3" ten="120,335,269,266" step="2"/><T130/><D124/><U127/><E127/><V40/><F106/><W79/><G79/><T122/><D125/><U6/><E103/><V23/><F53/><W19/><G19/><N who="0" m="7211" /><D122/><U115/><E100/><V34/><F40/><AGARI ba="0,1" hai="1,5,9,24,25,40,42,43,50,52,57,82,85,90" machi="40" ten="40,5200,0" yaku="1,1,54,1,53,1" doraHai="126" doraHaiUra="44" who="3" fromWho="2" sc="120,0,335,0,269,-52,266,62" /><INIT seed="5,0,0,2,1,37" ten="120,335,217,328" oya="1" hai0="72,8,125,11,33,111,18,96,14,12,93,10,131" hai1="98,106,43,51,22,91,116,0,100,36,65,115,95" hai2="61,1,108,42,17,84,62,26,40,112,57,60,54" hai3="117,120,35,59,25,76,80,132,55,29,63,28,56"/><U48/><E116/><V129/><F1/><W92/><G120/><T87/><D72/><U34/><E34/><V109/><F109/><W69/><G117/><T82/><D111/><U5/><E115/><V81/><F108/><W71/><G132/><T105/><D105/><U75/><E75/><V24/><F112/><W53/><G29/><T49/><D33/><U31/><E65/><V121/><F121/><W44/><G92/><T52/><D131/><U85/><E0/><V135/><F135/><W3/><G44/><N who="0" m="27687" /><D125/><U23/><E5/><V6/><F6/><W38/><G38/><T27/><D27/><N who="2" m="10282" /><F17/><W88/><G3/><T122/><D122/><U64/><E64/><V67/><F129/><W134/><G134/><T78/><D14/><U113/><E113/><V107/><F107/><W66/><G66/><T89/><AGARI ba="0,0" hai="8,10,11,12,18,78,82,87,89,93,96" m="27687" machi="89" ten="30,2000,0" yaku="8,1,54,1" doraHai="37" who="0" fromWho="0" sc="120,20,335,-10,217,-5,328,-5" /><INIT seed="6,0,0,4,2,107" ten="140,325,212,323" oya="2" hai0="16,32,120,58,133,6,46,50,5,115,104,12,122" hai1="54,77,56,99,17,39,108,110,123,83,103,90,29" hai2="113,96,0,35,31,24,134,80,124,2,28,30,19" hai3="71,65,8,14,91,60,70,62,36,116,127,25,43"/><V33/><F96/><W114/><G116/><T75/><D104/><N who="1" m="63615" /><E39/><V27/><F80/><W131/><G131/><T85/><D32/><N who="2" m="12362" /><F113/><W112/><G127/><T48/><D133/><U52/><E29/><V135/><F124/><W4/><G25/><N who="2" m="9801" /><F19/><W118/><G91/><T93/><D115/><N who="3" m="44073" /><G118/><T117/><D117/><U63/><E17/><V61/><F61/><W1/><G62/><T51/><D120/><U94/><E123/><V67/><F67/><W100/><G100/><T88/><D122/><U44/><E54/><V101/><F101/><W79/><G79/><T126/><D126/><U109/><E109/><V22/><F22/><W13/><G71/><T130/><D130/><U72/><E44/><AGARI ba="0,0" hai="1,4,8,13,14,36,43,44,60,65,70" m="44073" machi="44" ten="30,2000,0" yaku="15,1,11,1" doraHai="107" who="3" fromWho="1" sc="140,0,325,-20,212,0,323,20" /><INIT seed="7,0,0,2,2,43" ten="140,305,212,343" oya="3" hai0="106,91,81,53,0,12,26,28,95,123,44,85,64" hai1="128,104,132,40,107,63,66,112,8,116,4,73,127" hai2="13,39,119,37,16,134,71,74,83,76,110,88,125" hai3="124,59,7,92,94,15,78,65,89,34,99,100,2"/><W35/><G2/><T114/><D0/><U80/><E116/><V45/><F71/><W36/><G36/><T130/><D123/><U17/><E112/><V1/><F1/><W67/><G78/><T55/><D106/><U42/><E132/><V56/><F119/><W96/><G124/><T18/><D130/><U98/><E128/><V29/><F110/><W105/><G105/><T6/><D114/><U11/><E127/><V10/><F125/><W47/><G47/><T121/><D121/><U61/><E17/><V93/><F134/><W102/><G89/><T5/><D64/><U84/><E73/><V20/><F56/><W9/><G59/><T113/><D53/><U131/><E131/><V111/><F111/><W101/><G101/><T30/><D95/><U48/><E98/><V103/><F103/><W117/><G117/><T3/><D3/><U32/><E32/><AGARI ba="0,0" hai="7,9,15,32,34,35,65,67,92,94,96,99,100,102" machi="32" ten="40,2000,0" yaku="9,1" doraHai="43" who="3" fromWho="1" sc="140,0,305,-20,212,0,343,20" owari="140,-36.0,285,9.0,212,-19.0,363,46.0" /></mjloggm>