<mjloggm ver="2.3"><GO type="225"/><UN n0="%56%65%6E%75%73%53%61%79" n1="%E3%83%84%E3%82%AB%E3%83%B3%E3%83%9D%E3%83%97" n2="%EF%BC%88%E2%89%A7%E2%96%BD%E2%89%A6%EF%BC%89" n3="%E3%81%BF%E3%81%BF%E3%81%9A" dan="18,16,16,16" rate="2200,2042,2045,2108" sx="M,M,M,M"/><TAIKYOKU oya="0"/><INIT seed="0,0,0,5,0,81" ten="250,250,250,250" oya="0" hai0="67,93,24,4,121,53,40,45,92,103,84,17,14" hai1="27,77,58,30,15,1,48,87,130,29,79,43,101" hai2="69,10,74,5,50,76,118,125,107,97,102,66,56" hai3="35,106,129,86,108,85,0,37,51,60,133,113,104"/><T47/><D121/><U9/><E1/><N who="2" m="303" /><F56/><W39/><G0/><T128/><D128/><U132/><E132/><V99/><F50/><W28/><G51/><N who="0" m="27047" /><D67/><U49/><E101/><V98/><F98/><W52/><G28/><T96/><D4/><N who="1" m="3495" /><E27/><V70/><F118/><W11/><G11/><N who="0" m="6367" /><D24/><U95/><E130/><V135/><F135/><W75/><G35/><T111/><D111/><U55/><E95/><V89/><F66/><W72/><G129/><T36/><D36/><U13/><E77/><V32/><F76/><W131/><G131/><T109/><D109/><U91/><E13/><V116/><F32/><W19/><G108/><T42/><D42/><U80/><E91/><V64/><F89/><W119/><G133/><T7/><D7/><U25/><E25/><V16/><F64/><W57/><G119/><T54/><D47/><AGARI ba="0,0" hai="29,30,43,47,48,49,55,58,79,80,87" m="3495" machi="47" ten="30,3900,0" yaku="25,1,8,1,52,1" doraHai="81" who="1" fromWho="0" sc="250,-39,250,39,250,0,250,0" /><INIT seed="1,0,0,0,2,130" ten="211,289,250,250" oya="1" hai0="103,48,68,98,38,55,92,84,71,105,77,120,113" hai1="104,54,83,75,66,59,41,116,18,110,95,129,26" hai2="132,31,81,133,85,89,63,65,30,35,12,94,108" hai3="3,62,52,115,96,123,43,127,111,61,73,39,57"/><U7/><E104/><V109/><F12/><W44/><G73/><T135/><D38/><U28/><E41/><V34/><F81/><W22/><G3/><T1/><D113/><U131/><E7/><V72/><F72/><W100/><G123/><T14/><D1/><U60/><E116/><V125/><F125/><W4/><G115/><T102/><D120/><U58/><E110/><N who="2" m="42603" /><F30/><W21/><G111/><T27/><D135/><N who="2" m="51786" /><F31/><W11/><G127/><T15/><D27/><U114/><E18/><V19/><F19/><W106/><G11/><T90/><D15/><U126/><E114/><V69/><AGARI ba="0,0" hai="34,35,63,65,69,85,89,94" m="51786,42603" machi="69" ten="30,8000,1" yaku="14,1,20,1,52,3" doraHai="130" who="2" fromWho="2" sc="211,-20,289,-40,250,80,250,-20" /><INIT seed="2,0,0,4,0,79" ten="191,249,330,230" oya="2" hai0="10,72,25,90,117,61,134,1,114,26,99,35,125" hai1="89,32,49,16,110,80,58,115,77,100,19,37,5" hai2="14,113,97,4,3,121,132,45,7,6,94,82,119" hai3="85,118,18,24,57,91,88,116,60,130,76,28,112"/><V38/><F3/><W52/><G130/><T47/><D72/><U15/><E37/><V129/><F113/><W86/><G112/><T73/><D114/><U44/><E32/><V126/><F119/><W20/><G28/><T23/><D73/><U8/><E110/><V67/><F67/><W34/><G34/><T107/><D117/><U108/><E108/><V87/><F121/><W48/><G76/><T59/><D47/><U62/><E100/><N who="2" m="60471" /><F38/><W64/><G86/><T109/><D1/><U135/><E89/><N who="2" m="51447" /><F126/><W104/><G104/><T103/><D90/><U75/><E135/><V65/><F65/><W30/><G91/><T36/><D36/><U74/><E74/><V70/><F70/><W17/><G116/><T98/><D125/><U56/><E56/><V66/><F66/><W9/><G118/><T122/><D122/><U13/><E13/><V68/><F68/><W39/><G39/><T93/><D134/><U53/><REACH who="1" step="1"/><E115/><REACH who="1" ten="191,239,330,230" step="2"/><V29/><F14/><W27/><G27/><T83/><D35/><U120/><E120/><V102/><F132/><W41/><G9/><T21/><D10/><U124/><E124/><V50/><F102/><W128/><G128/><T111/><D111/><U22/><E22/><V43/><F129/><W95/><REACH who="3" step="1"/><G41/><AGARI ba="0,1" hai="5,8,15,16,19,41,44,49,53,58,62,75,77,80" machi="41" ten="30,8000,1" yaku="1,1,7,1,52,1,54,1,53,1" doraHai="79" doraHaiUra="78" who="1" fromWho="3" sc="191,0,239,90,330,0,230,-80" /><INIT seed="3,0,0,2,1,108" ten="191,329,330,150" oya="3" hai0="67,100,112,48,111,72,41,115,28,26,124,11,40" hai1="93,107,106,14,30,33,46,43,71,81,7,23,104" hai2="128,116,78,70,125,134,19,57,119,105,96,101,20" hai3="9,56,31,97,89,55,132,80,84,12,87,64,133"/><W63/><G31/><T17/><D72/><U5/><E71/><V53/><F70/><W65/><G97/><T92/><D111/><U114/><E33/><V66/><F134/><W18/><REACH who="3" step="1"/><G87/><REACH who="3" ten="191,329,330,140" step="2"/><T34/><D28/><U74/><E30/><V98/><F96/><W62/><G62/><T50/><D34/><U29/><E29/><V79/><F98/><W16/><G16/><T21/><D17/><U120/><E74/><V13/><F19/><W110/><G110/><T103/><D21/><U75/><E23/><V126/><F20/><W94/><G94/><T3/><D92/><U39/><E93/><V38/><F116/><W121/><G121/><T61/><D61/><U4/><E120/><V118/><F119/><W0/><G0/><T99/><D99/><U42/><E106/><V85/><F105/><W95/><G95/><T8/><D3/><U6/><E104/><V25/><F85/><W59/><G59/><T36/><D26/><U76/><E107/><V113/><F57/><W37/><G37/><T44/><D36/><U15/><E39/><V117/><F38/><W129/><G129/><T24/><D24/><U45/><E75/><V91/><F128/><W88/><G88/><T130/><D130/><U51/><E76/><V83/><F91/><W127/><G127/><T35/><D124/><U102/><E81/><V82/><F25/><W86/><G86/><T1/><D35/><U68/><E68/><V54/><F126/><W131/><G131/><T22/><D1/><U60/><E60/><V73/><F125/><W27/><G27/><T47/><D22/><RYUUKYOKU ba="0,1" sc="191,15,329,-15,330,-15,140,15" hai0="8,11,40,41,44,47,48,50,67,100,103,112,115" hai3="9,12,18,55,56,63,64,65,80,84,89,132,133" /><INIT seed="3,1,1,1,2,47" ten="206,314,315,155" oya="3" hai0="5,45,107,129,26,24,130,25,89,41,8,3,73" hai1="79,14,87,122,53,44,1,75,121,104,0,88,124" hai2="13,39,54,66,31,125,120,97,69,63,12,131,105" hai3="58,111,103,55,30,11,20,113,37,28,77,101,109"/><W15/><G113/><T74/><D89/><U48/><E104/><V46/><F125/><W7/><G37/><T133/><D107/><U68/><E68/><V62/><F131/><N who="0" m="50186" /><D133/><U42/><E124/><V95/><F105/><W10/><G10/><T106/><D106/><U35/><E35/><V57/><F31/><W50/><G77/><T4/><D4/><U117/><E117/><V123/><F46/><W21/><G30/><T19/><D19/><U59/><E79/><V92/><F92/><W76/><G76/><T70/><D70/><U43/><E75/><V112/><F39/><AGARI ba="1,1" hai="3,5,8,24,25,26,39,41,45,73,74" m="50186" machi="39" ten="30,1000,0" yaku="19,1" doraHai="47" who="0" fromWho="2" sc="206,23,314,0,315,-13,155,0" owari="229,-17.0,314,41.0,302,10.0,155,-34.0" /></mjloggm>