<mjloggm ver="2.3"><GO type="97"/><UN n0="%79%61%6B%69%73%61%62%61" n1="%E3%82%A6%E3%83%AB%E3%83%88%E3%83%A9%E7%AB%8B%E7%9B%B4" n2="%52%4F%54%54%45%4E" n3="%68%61%69%73%69%6F" dan="14,15,14,14" rate="1949,1945,1906,1863" sx="F,M,M,M"/><TAIKYOKU oya="0"/><INIT seed="0,0,0,4,5,90" ten="250,250,250,250" oya="0" hai0="50,133,125,21,42,100,129,9,83,26,35,6,3" hai1="36,64,12,57,51,71,102,7,45,48,105,0,89" hai2="49,123,99,59,23,31,38,114,131,2,107,13,24" hai3="78,61,108,73,58,127,135,40,39,96,84,33,106"/><T134/><D100/><U92/><E0/><V60/><F38/><W82/><G33/><T62/><D83/><U97/><E71/><V76/><F2/><W74/><G127/><T67/><D125/><U44/><E36/><V98/><F123/><W115/><G115/><T111/><D129/><U66/><E57/><V37/><F37/><W8/><G135/><N who="0" m="51723" /><D111/><U27/><E27/><V15/><F114/><W28/><G28/><N who="0" m="19863" /><D42/><U56/><E56/><V119/><F119/><W47/><G108/><T93/><D93/><U132/><E132/><V91/><F76/><W32/><G32/><T101/><D101/><U121/><E121/><V122/><F131/><W29/><G29/><T88/><D50/><U104/><E104/><V4/><F122/><W130/><G130/><T54/><D54/><N who="1" m="29959" /><E105/><V22/><F49/><W69/><G69/><N who="0" m="42231" /><D21/><U1/><E1/><V46/><F23/><W126/><G126/><T116/><D88/><U52/><E89/><V65/><F91/><W87/><G87/><T103/><D103/><U120/><E120/><V25/><F107/><W20/><G20/><T43/><D43/><U124/><E124/><V53/><F24/><W109/><G109/><T5/><D6/><U94/><E94/><V30/><F4/><W10/><G106/><T70/><D70/><U55/><E55/><V118/><F31/><W128/><G128/><T19/><D19/><U34/><E34/><V79/><F30/><W112/><G112/><T18/><D18/><U85/><E85/><V16/><F25/><W117/><G96/><T86/><D86/><U95/><E95/><RYUUKYOKU ba="0,0" sc="250,15,250,15,250,-15,250,-15" hai0="3,5,9,116" hai1="7,12,45,51,52,64,66,92,97,102" /><INIT seed="0,1,0,3,1,130" ten="265,265,235,235" oya="0" hai0="46,18,125,91,100,25,92,93,51,135,72,132,86" hai1="127,115,42,22,97,3,71,47,107,32,68,104,87" hai2="98,63,57,112,67,102,26,88,17,60,129,56,70" hai3="81,58,131,28,90,39,16,21,38,105,119,48,73"/><T110/><D72/><U19/><E115/><V4/><F112/><W27/><G119/><T123/><D123/><U14/><E127/><V106/><F129/><W31/><G131/><T6/><D125/><U89/><E32/><V101/><F101/><W59/><G105/><T15/><D110/><U85/><E3/><V117/><F117/><W62/><G73/><T61/><D61/><U80/><E104/><V69/><F4/><W41/><G38/><T96/><D6/><U126/><E126/><V109/><F109/><W55/><G39/><T29/><D29/><U66/><E66/><V118/><F118/><W121/><G121/><T84/><D25/><U133/><E107/><V120/><F120/><W134/><G134/><N who="0" m="51243" /><D86/><U103/><E68/><V5/><F5/><W37/><G37/><T44/><D51/><U36/><E71/><V77/><F77/><W8/><G8/><AGARI ba="1,0" hai="8,15,18,44,46,84,91,92,93,96,100" m="51243" machi="8" ten="30,11600,0" yaku="20,1,52,3" doraHai="130" who="0" fromWho="3" sc="265,119,265,0,235,0,235,-119" /><INIT seed="0,2,0,4,4,62" ten="384,265,235,116" oya="0" hai0="61,48,9,41,32,13,10,43,36,125,132,30,17" hai1="65,60,90,121,44,39,25,105,51,75,120,19,46" hai2="109,70,53,88,64,0,14,50,108,73,80,2,67" hai3="8,20,66,56,54,123,22,49,128,130,16,116,34"/><T1/><D125/><U45/><E105/><V94/><F14/><N who="3" m="7239" /><G116/><T38/><D132/><U7/><E75/><V31/><F31/><W42/><G34/><T117/><D117/><U91/><E7/><V26/><F26/><W37/><G123/><N who="1" m="47178" /><E19/><V93/><F80/><W29/><G29/><T21/><D61/><U76/><E25/><V124/><F73/><W113/><G113/><T103/><D103/><U72/><E76/><V99/><F94/><W85/><G85/><T98/><D98/><U47/><E72/><V78/><F78/><W6/><G6/><T77/><D77/><U104/><E104/><V40/><F40/><W95/><G95/><T63/><D63/><U11/><E11/><V97/><F97/><W100/><G100/><T126/><D126/><U84/><E84/><V110/><F124/><W18/><G37/><T115/><D115/><U87/><E87/><V119/><F119/><W57/><G42/><T118/><D118/><U52/><E90/><V83/><F83/><W33/><G33/><T134/><D134/><U35/><E91/><V71/><F71/><W106/><G106/><T68/><D68/><N who="1" m="42023" /><E35/><V12/><F12/><N who="3" m="9287" /><G22/><T102/><D102/><U81/><E81/><V5/><F70/><W133/><G133/><T82/><D82/><U131/><E131/><N who="3" m="50218" /><G57/><T24/><D10/><U114/><E114/><V96/><F96/><W74/><G74/><T135/><D135/><U129/><E129/><V127/><F127/><W58/><G58/><T27/><D24/><U89/><E89/><V69/><F69/><W86/><G86/><T107/><D107/><RYUUKYOKU ba="2,0" sc="384,-15,265,15,235,-15,116,15" hai1="39,44,45,46,47,51,52" hai3="49,54,56,66" /><INIT seed="1,3,0,4,1,112" ten="369,280,220,131" oya="1" hai0="2,124,79,97,71,87,5,122,1,128,78,96,49" hai1="56,18,129,33,133,8,30,67,74,20,41,76,98" hai2="47,11,101,111,12,134,113,130,102,28,3,123,57" hai3="73,17,37,55,68,36,72,95,94,53,90,82,106"/><U60/><E129/><V108/><F123/><W51/><G68/><T80/><D122/><U62/><E133/><V23/><F113/><W27/><G106/><T24/><D128/><U63/><E74/><V64/><F130/><W7/><G7/><T21/><D71/><U34/><E76/><V121/><F121/><W75/><G82/><T32/><D124/><U45/><E30/><V16/><F134/><W92/><G90/><T25/><D49/><U26/><E33/><V48/><F3/><W69/><G69/><T0/><D78/><U88/><E34/><V13/><F28/><W93/><N who="3" m="24064" /><DORA hai="119" /><W42/><G42/><T31/><REACH who="0" step="1"/><D5/><REACH who="0" ten="359,280,220,131" step="2"/><U46/><E98/><V114/><F114/><W109/><G109/><N who="2" m="42057" /><F57/><W83/><G83/><T22/><D22/><U116/><E116/><V10/><F23/><W39/><G51/><T91/><D91/><U14/><E88/><V127/><F127/><W105/><G105/><T84/><D84/><U58/><E58/><V38/><F38/><W85/><G85/><T131/><D131/><U65/><E56/><V15/><F64/><N who="1" m="24649" /><E41/><N who="2" m="24687" /><F13/><W9/><G9/><T19/><AGARI ba="3,1" hai="0,1,2,19,21,24,25,31,32,79,80,87,96,97" machi="19" ten="30,2000,0" yaku="1,1,0,1,53,0" doraHai="112,119" doraHaiUra="118,110" who="0" fromWho="0" sc="359,39,280,-13,220,-8,131,-8" /><INIT seed="2,0,0,3,5,7" ten="398,267,212,123" oya="2" hai0="18,9,71,84,20,96,46,112,62,40,22,101,12" hai1="114,11,134,80,113,35,45,102,93,25,130,6,76" hai2="135,32,99,88,117,106,63,38,23,119,103,73,5" hai3="39,17,125,111,128,41,67,123,24,21,30,89,36"/><V42/><F32/><W1/><G123/><T109/><D109/><U68/><E68/><V121/><F121/><W90/><G111/><T55/><D112/><U64/><E64/><V86/><F73/><W82/><G1/><T49/><D84/><U124/><E93/><V19/><F135/><W31/><G128/><T122/><D122/><U27/><E102/><V108/><F108/><W127/><G67/><T33/><D33/><U104/><E104/><V54/><F5/><W58/><G58/><T72/><D72/><N who="1" m="43015" /><E27/><V0/><F0/><W75/><G75/><T59/><REACH who="0" step="1"/><D71/><REACH who="0" ten="388,267,212,123" step="2"/><U132/><E114/><V133/><F86/><W79/><G79/><T115/><D115/><U16/><E113/><V37/><F133/><W100/><G100/><T107/><AGARI ba="0,1" hai="9,12,18,20,22,40,46,49,55,59,62,96,101,107" machi="107" ten="20,8000,1" yaku="1,1,0,1,7,1,52,1,53,1" doraHai="7" doraHaiUra="44" who="0" fromWho="0" sc="388,90,267,-20,212,-40,123,-20" /><INIT seed="3,0,0,5,1,10" ten="478,247,172,103" oya="3" hai0="75,116,7,81,79,126,105,5,66,128,82,25,13" hai1="92,76,87,33,59,24,14,119,88,20,94,89,6" hai2="111,44,80,71,40,35,26,28,34,67,15,115,0" hai3="98,21,101,130,22,100,121,64,104,2,56,54,60"/><W73/><G121/><T90/><D116/><U127/><E127/><V16/><F115/><W85/><G73/><T12/><D126/><U57/><E76/><V117/><F117/><W1/><G130/><T48/><D128/><U99/><E33/><V23/><F0/><W109/><G109/><T110/><D110/><U125/><E125/><V93/><F111/><W114/><G114/><T17/><D105/><U19/><E119/><V41/><F80/><W39/><G39/><T123/><D123/><U78/><E78/><V30/><F30/><W11/><G101/><T52/><D66/><U77/><E77/><V106/><F106/><W4/><G1/><T97/><D75/><U74/><E74/><V51/><F40/><W47/><G85/><T62/><D62/><U118/><E118/><V50/><F50/><W8/><G8/><AGARI ba="0,0" hai="6,8,14,19,20,24,57,59,87,88,89,92,94,99" machi="8" ten="40,5200,0" yaku="8,1,52,1,54,1" doraHai="10" who="1" fromWho="3" sc="478,0,247,52,172,0,103,-52" owari="478,58.0,299,10.0,172,-23.0,51,-45.0" /></mjloggm>