<mjloggm ver="2.3"><GO type="41"/><UN n0="%EF%BC%88%E2%89%A7%E2%96%BD%E2%89%A6%EF%BC%89" n1="%4F%5A%E3%81%AE%E9%AD%94%E6%B3%95%E4%BD%BF%E3%81%84" n2="%E3%81%97%E3%82%8B%E3%81%B0%E3%81%99%E3%81%9F" n3="%E3%82%B2%E3%83%BC%E3%83%86" dan="15,16,15,17" rate="2024,1936,2038,2080" sx="M,F,M,M"/><TAIKYOKU oya="0"/><INIT seed="0,0,0,3,0,4" ten="250,250,250,250" oya="0" hai0="12,57,111,104,21,18,16,106,5,39,92,88,51" hai1="46,129,83,115,26,33,56,118,1,98,19,73,77" hai2="105,134,133,132,119,47,11,117,27,108,100,59,25" hai3="31,93,13,40,67,89,82,76,84,55,99,61,116"/><T34/><D39/><U50/><E118/><N who="2" m="45067" /><F100/><W3/><G3/><T69/><D34/><U15/><E1/><V120/><F105/><W43/><G116/><T109/><D69/><U72/><E129/><V90/><F47/><W36/><G36/><T131/><D131/><U42/><E115/><V45/><F45/><W63/><G31/><T32/><D32/><U8/><E98/><V54/><F120/><W103/><G103/><T123/><D123/><U53/><E73/><V87/><F108/><N who="0" m="41546" /><D5/><U49/><E33/><V58/><F11/><W68/><G55/><N who="0" m="31999" /><D18/><U44/><E26/><N who="2" m="9739" /><F54/><W75/><G63/><T62/><D62/><U66/><E66/><V79/><F79/><W114/><G114/><T35/><D35/><U113/><E113/><V94/><AGARI ba="0,0" hai="58,59,87,90,94,132,133,134" m="9739,45067" machi="94" ten="40,2700,0" yaku="20,1,12,1" doraHai="4" who="2" fromWho="2" sc="250,-13,250,-7,250,27,250,-7" /><INIT seed="1,0,0,5,0,24" ten="237,243,277,243" oya="1" hai0="62,72,0,12,18,51,13,16,59,93,55,116,114" hai1="8,54,102,46,22,103,75,19,125,105,115,31,135" hai2="107,53,124,91,57,48,131,25,32,123,109,129,23" hai3="92,130,122,34,86,126,7,106,79,67,3,112,17"/><U97/><E75/><V96/><F123/><W82/><G122/><T21/><D72/><U80/><E115/><V1/><F32/><W45/><G112/><T40/><D114/><U5/><E103/><V15/><F1/><W58/><G106/><T50/><D0/><U66/><E66/><V120/><F120/><W28/><G130/><N who="2" m="49673" /><F15/><W37/><G126/><T81/><D116/><U6/><E135/><V84/><F124/><W44/><G37/><T88/><D81/><U63/><E125/><V111/><F96/><W83/><G3/><T128/><D40/><U78/><E8/><V119/><F107/><W27/><G7/><T68/><D68/><U11/><E11/><V2/><F2/><W74/><G92/><T64/><D64/><U110/><E110/><N who="2" m="41995" /><F119/><W29/><G34/><T38/><D128/><U100/><E100/><V98/><F98/><W60/><G74/><T4/><D4/><U85/><E5/><V77/><F77/><W56/><G83/><T95/><D95/><U26/><E6/><V35/><F35/><W70/><G82/><T30/><D93/><U61/><REACH who="1" step="1"/><E19/><REACH who="1" ten="237,233,277,243" step="2"/><V117/><F117/><W42/><G17/><T113/><D18/><U43/><E43/><V10/><F10/><W47/><G42/><T20/><D16/><U73/><E73/><V104/><F104/><W49/><G67/><T41/><D41/><U99/><E99/><V127/><F127/><W71/><G71/><T94/><D113/><U39/><E39/><V33/><F84/><W118/><G70/><T101/><D38/><U65/><E65/><V9/><F9/><RYUUKYOKU ba="0,1" sc="237,-10,233,30,277,-10,243,-10" hai1="22,26,31,46,54,61,63,78,80,85,97,102,105" /><INIT seed="1,1,1,3,5,81" ten="227,263,267,233" oya="1" hai0="46,22,133,94,103,61,26,28,96,27,41,123,107" hai1="65,24,122,98,116,39,68,48,14,134,127,113,40" hai2="16,101,129,95,60,50,58,104,12,85,93,100,86" hai3="124,38,11,80,30,18,132,72,109,92,6,4,25"/><U13/><E122/><V130/><F104/><W51/><G38/><T7/><D123/><U131/><E116/><V49/><F49/><W121/><G121/><T97/><D133/><U36/><E113/><V69/><F69/><W74/><G109/><T15/><D27/><U73/><E73/><V54/><F60/><W3/><G132/><T2/><D2/><U37/><E134/><V108/><F108/><W115/><G115/><T110/><D110/><U33/><E131/><N who="2" m="50187" /><F93/><W67/><G6/><T118/><D61/><U44/><E127/><V102/><F95/><W120/><G124/><T47/><D118/><U125/><E125/><V0/><F0/><W76/><G120/><T5/><D15/><U99/><E65/><V87/><F102/><W83/><G92/><T57/><D57/><U84/><E68/><V9/><AGARI ba="1,1" hai="9,12,16,50,54,58,85,86,87,100,101" m="50187" machi="9" ten="30,8000,1" yaku="19,1,52,3,54,1" doraHai="81" who="2" fromWho="2" sc="227,-21,263,-41,267,93,233,-21" /><INIT seed="2,0,0,4,3,59" ten="206,222,360,212" oya="2" hai0="111,45,51,108,106,96,107,66,120,122,97,91,95" hai1="105,60,6,79,87,42,4,7,88,132,40,25,123" hai2="71,36,76,48,68,19,56,125,61,84,55,15,134" hai3="39,27,69,30,110,70,116,20,29,41,67,101,80"/><V117/><F117/><W57/><G116/><T34/><D34/><U0/><E0/><V38/><F125/><W2/><G110/><N who="0" m="42027" /><D66/><U77/><E105/><N who="0" m="39945" /><D51/><U44/><E132/><V78/><F134/><W9/><G101/><N who="0" m="60575" /><D45/><U16/><E123/><V33/><F33/><W133/><G133/><T52/><D52/><U129/><E129/><V131/><F131/><W130/><G130/><T121/><D121/><U37/><E42/><V11/><F68/><W23/><G41/><T104/><N who="0" m="39953" /><T127/><DORA hai="58" /><D127/><U12/><E25/><V54/><F71/><W35/><G39/><T22/><D22/><U89/><E4/><V14/><F15/><W28/><G35/><T98/><D98/><U99/><E6/><V32/><F32/><W82/><G70/><T112/><D112/><U24/><E7/><V92/><F38/><W26/><G69/><T115/><D115/><U1/><E1/><V75/><F36/><W10/><G2/><T63/><D63/><U46/><E24/><V83/><F75/><W85/><G30/><T13/><D13/><U119/><E119/><V64/><F64/><W72/><G67/><T126/><D126/><U18/><E37/><V21/><F92/><AGARI ba="0,0" hai="91,92,97,120,122" m="60575,39953,42027" machi="92" ten="50,6400,0" yaku="14,1,34,2" doraHai="59,58" who="0" fromWho="2" sc="206,64,222,0,360,-64,212,0" /><INIT seed="3,0,0,5,5,0" ten="270,222,296,212" oya="3" hai0="42,132,80,30,135,21,130,112,52,50,74,62,18" hai1="20,32,98,13,9,79,64,82,6,17,111,90,36" hai2="116,128,103,89,95,54,81,120,10,37,58,94,39" hai3="123,14,16,55,101,1,53,33,24,93,102,92,40"/><W117/><G117/><T88/><D30/><U69/><E36/><V28/><F116/><W31/><G123/><T12/><D130/><U27/><E111/><V104/><F128/><W26/><G1/><T96/><D112/><U63/><E32/><V60/><F120/><W61/><G40/><T71/><D42/><U68/><E98/><V38/><F28/><W11/><G26/><T4/><D4/><U56/><REACH who="1" step="1"/><E90/><REACH who="1" ten="270,212,296,212" step="2"/><V25/><F89/><W44/><G102/><T85/><D96/><U127/><E127/><V109/><F103/><W122/><G122/><T86/><D74/><AGARI ba="0,1" hai="6,9,13,17,20,27,56,63,64,68,69,74,79,82" machi="74" ten="30,3900,0" yaku="1,1,7,1,52,1,53,0" doraHai="0" doraHaiUra="45" who="1" fromWho="0" sc="270,-39,212,49,296,0,212,0" /><INIT seed="4,0,0,0,0,56" ten="231,261,296,212" oya="0" hai0="96,29,131,109,37,71,6,11,86,101,106,15,77" hai1="89,18,118,20,47,62,42,12,21,14,25,119,123" hai2="116,23,7,85,52,53,38,49,9,35,124,102,80" hai3="88,60,40,130,24,128,97,90,132,70,92,68,74"/><T133/><D133/><U122/><E89/><V41/><F35/><W87/><G74/><T17/><D131/><N who="3" m="50217" /><G132/><T108/><D37/><U98/><E98/><V45/><F124/><W76/><G40/><T117/><D117/><U100/><E100/><V73/><F116/><W66/><G24/><T44/><D44/><U82/><E82/><V57/><F102/><N who="3" m="60711" /><G70/><T33/><D71/><U95/><E95/><V104/><F104/><W34/><G34/><T5/><D33/><U83/><E83/><AGARI ba="0,0" hai="60,66,68,76,83,87,88,90" m="60711,50217" machi="83" ten="30,3900,0" yaku="19,1,52,1,54,1" doraHai="56" who="3" fromWho="1" sc="231,0,261,-39,296,0,212,39" /><INIT seed="5,0,0,1,4,134" ten="231,222,296,251" oya="1" hai0="118,66,59,37,113,48,129,97,82,74,47,96,3" hai1="10,69,49,111,105,120,34,41,60,43,99,57,58" hai2="110,12,17,53,79,67,72,22,39,64,45,68,14" hai3="50,42,90,73,91,81,85,131,28,93,40,36,35"/><U21/><E120/><V56/><F110/><W94/><G131/><T123/><D118/><U29/><E111/><V52/><F53/><W117/><G117/><T55/><D123/><U92/><E69/><V83/><F68/><W30/><G36/><T19/><D3/><U38/><E105/><V135/><F135/><W125/><G35/><T6/><D129/><U77/><E34/><V88/><F12/><W9/><G73/><T5/><D113/><U70/><E70/><V13/><F14/><W63/><G63/><N who="0" m="38271" /><D37/><U84/><E38/><V76/><F79/><W95/><G9/><T121/><D74/><U25/><E10/><V112/><F112/><W86/><G125/><T26/><D82/><N who="1" m="47183" /><E49/><V122/><F122/><W103/><G103/><T61/><D61/><U2/><E2/><V51/><REACH who="2" step="1"/><F88/><REACH who="2" ten="231,222,286,251" step="2"/><W133/><G133/><T15/><D121/><U132/><E132/><V115/><F115/><W4/><G91/><T87/><D15/><U11/><E11/><V32/><F32/><W31/><G90/><T18/><D5/><U104/><E104/><V71/><F71/><W119/><G4/><T108/><D6/><U102/><E58/><V89/><F89/><W98/><G119/><T1/><D108/><U109/><E109/><V16/><F16/><N who="0" m="6186" /><D1/><U128/><E128/><V23/><F23/><W107/><G107/><T114/><D114/><U116/><E116/><V46/><F46/><W126/><G31/><T65/><D65/><AGARI ba="0,1" hai="21,25,29,41,43,57,60,65,92,99,102" m="47183" machi="65" ten="30,2900,0" yaku="25,1,8,1" doraHai="134" who="1" fromWho="0" sc="231,-29,222,39,286,0,251,0" /><INIT seed="5,1,0,2,5,58" ten="202,261,286,251" oya="1" hai0="71,56,6,131,54,79,14,123,122,75,124,67,113" hai1="17,83,28,115,34,104,27,30,94,7,31,63,127" hai2="13,53,26,110,91,76,51,48,87,134,90,106,107" hai3="73,109,46,125,126,72,44,97,12,121,117,74,22"/><U25/><E104/><V49/><F110/><W93/><G109/><T105/><D105/><U55/><E115/><V66/><F134/><W119/><G121/><N who="0" m="46091" /><D113/><U129/><E129/><V47/><F66/><W5/><G5/><T100/><D100/><U0/><E127/><N who="3" m="48650" /><G12/><T116/><D124/><U102/><E0/><V68/><F68/><W80/><G22/><T35/><D35/><U33/><E7/><V103/><F106/><W95/><G46/><T99/><D99/><U19/><E31/><V84/><F76/><N who="3" m="44039" /><G44/><T21/><D131/><U135/><E83/><V114/><F114/><W37/><G37/><T111/><D111/><U52/><E135/><V101/><F107/><W8/><G8/><N who="0" m="4375" /><D21/><U45/><E45/><V112/><F112/><W60/><G60/><N who="0" m="40423" /><D116/><N who="3" m="44617" /><G95/><T85/><D56/><U39/><E39/><V59/><F59/><W1/><G1/><T92/><D54/><U50/><E63/><V128/><F47/><W61/><G61/><T20/><D20/><U43/><E43/><V81/><F128/><W65/><G65/><T29/><D29/><U9/><E9/><V82/><F53/><W88/><AGARI ba="1,0" hai="73,74,88,93,97" m="44617,44039,48650" machi="88" ten="30,8000,1" yaku="18,1,12,1,34,2,54,1" doraHai="58" who="3" fromWho="3" sc="202,-21,261,-41,286,-21,251,83" /><INIT seed="6,0,0,1,5,8" ten="181,220,265,334" oya="2" hai0="85,120,112,88,37,15,16,19,130,10,12,102,134" hai1="20,0,109,118,110,133,62,36,65,129,24,115,49" hai2="52,122,27,21,92,69,116,11,101,45,93,83,70" hai3="89,113,75,14,94,44,67,61,51,99,46,123,119"/><V132/><F116/><W91/><G123/><T114/><D120/><U68/><E0/><V78/><F122/><W98/><G119/><T108/><D108/><U124/><E118/><V131/><F131/><W55/><G75/><T4/><D130/><U87/><E129/><V125/><F125/><W60/><G113/><N who="0" m="43627" /><D134/><U100/><E115/><V80/><F132/><W79/><G79/><T42/><D102/><U111/><E36/><V135/><F135/><W86/><G46/><N who="0" m="23887" /><D15/><U76/><E133/><V7/><F69/><W23/><G67/><T41/><D41/><U50/><E124/><V128/><F70/><W13/><G99/><T39/><D39/><U121/><E100/><V104/><F128/><W64/><G23/><T54/><D54/><U82/><REACH who="1" step="1"/><E121/><REACH who="1" ten="181,210,265,334" step="2"/><V1/><F101/><W3/><G3/><T77/><D77/><U71/><E71/><V56/><F78/><W107/><G91/><T117/><D117/><U25/><E25/><V105/><F27/><W6/><G89/><T57/><D57/><U29/><AGARI ba="0,1" hai="20,24,29,49,50,62,65,68,76,82,87,109,110,111" machi="29" ten="30,2000,0" yaku="1,1,0,1,53,0" doraHai="8" doraHaiUra="9" who="1" fromWho="1" sc="181,-5,210,30,265,-10,334,-5" /><INIT seed="7,0,0,5,3,63" ten="176,240,255,329" oya="3" hai0="14,99,124,46,35,31,60,78,97,5,43,62,15" hai1="107,2,113,134,103,65,0,41,33,91,98,81,119" hai2="111,11,53,18,80,128,21,29,109,93,79,74,95" hai3="20,100,120,19,23,61,40,83,126,45,27,54,90"/><W131/><G120/><T121/><D121/><U118/><E33/><V36/><F128/><W105/><G131/><T73/><D124/><U117/><E41/><V101/><F36/><W6/><G126/><T85/><D73/><U94/><E134/><V12/><F53/><W1/><G1/><T68/><D35/><U88/><E113/><V135/><F135/><W114/><G6/><T32/><D32/><U110/><E110/><V57/><F95/><W44/><G114/><T9/><D31/><U34/><E34/><V13/><F29/><W69/><G100/><T51/><D15/><U122/><E122/><V72/><F74/><W89/><G105/><T125/><D125/><U66/><E81/><V28/><F28/><W116/><G83/><T67/><D62/><U37/><E37/><V8/><F21/><W59/><G69/><T56/><D68/><U75/><E75/><V26/><F26/><W49/><G116/><T38/><D38/><U77/><E77/><V42/><F42/><N who="3" m="24727" /><G23/><T115/><D115/><U86/><E91/><V112/><F112/><W87/><G87/><T25/><D25/><U108/><E108/><V104/><F104/><W76/><G76/><T82/><AGARI ba="0,0" hai="5,9,14,43,46,51,56,60,67,78,82,85,97,99" machi="82" ten="30,8000,1" yaku="0,1,25,2,8,1,52,1" doraHai="63" who="0" fromWho="0" sc="176,80,240,-20,255,-20,329,-40" /><INIT seed="8,0,0,2,4,75" ten="256,220,235,289" oya="0" hai0="1,99,90,108,71,4,55,131,40,48,78,52,49" hai1="106,132,88,130,96,26,10,118,12,123,82,112,105" hai2="62,32,15,24,64,39,53,68,85,94,59,27,97" hai3="92,28,34,69,7,87,21,9,115,36,124,100,37"/><T60/><D131/><U110/><E110/><V11/><F39/><W38/><G115/><T93/><D108/><U33/><E123/><V116/><F116/><W72/><G72/><T66/><D78/><U65/><E118/><V57/><F32/><W20/><G124/><T8/><REACH who="0" step="1"/><D49/><REACH who="0" ten="246,220,235,289" step="2"/><U44/><E112/><V107/><F62/><W61/><G38/><T43/><D43/><U54/><E130/><V25/><F27/><W58/><G37/><T31/><D31/><N who="1" m="19703" /><E132/><V128/><F24/><W134/><G61/><T81/><D81/><U114/><E114/><V3/><F25/><W46/><G28/><T111/><D111/><U101/><E65/><V70/><F64/><W77/><G77/><T14/><D14/><U76/><E76/><V30/><F15/><W129/><G129/><T50/><D50/><N who="1" m="28999" /><E101/><V84/><F128/><W16/><G100/><T35/><D35/><U5/><E5/><V56/><F30/><W103/><G103/><T104/><D104/><U121/><E121/><V23/><F107/><W79/><G79/><T102/><D102/><U95/><E96/><V0/><F97/><W86/><G7/><T122/><D122/><U19/><E95/><V125/><F94/><W91/><G34/><T109/><D109/><U2/><E2/><V51/><F0/><W41/><G134/><T83/><D83/><U45/><E45/><AGARI ba="0,1" hai="1,4,8,40,45,48,52,55,60,66,71,90,93,99" machi="45" ten="40,3900,0" yaku="1,1,54,1,53,0" doraHai="75" doraHaiUra="80" who="0" fromWho="1" sc="246,49,220,-39,235,0,289,0" /><INIT seed="8,1,0,1,1,81" ten="295,181,235,289" oya="0" hai0="60,39,86,17,123,108,8,24,129,70,68,113,2" hai1="58,27,0,67,37,5,104,10,126,11,110,91,14" hai2="13,127,112,88,73,62,109,20,34,28,76,105,98" hai3="21,42,22,61,51,69,65,46,54,103,57,125,117"/><T116/><D123/><U90/><E104/><V96/><F109/><W50/><G117/><T29/><D39/><U19/><E110/><V124/><F34/><W122/><G122/><T66/><D108/><U9/><E37/><V135/><F112/><W101/><G125/><N who="2" m="48201" /><F62/><W59/><G69/><T74/><D113/><U55/><E126/><V72/><F135/><W131/><G131/><T52/><D116/><U128/><E128/><V43/><F43/><W95/><G95/><T83/><D74/><N who="2" m="28778" /><F76/><W56/><G56/><T111/><D111/><U53/><E67/><V94/><F28/><W89/><G89/><N who="1" m="33802" /><E0/><V15/><F20/><AGARI ba="1,0" hai="20,21,22,42,46,50,51,54,57,59,61,65,101,103" machi="20" ten="40,1300,0" yaku="8,1" doraHai="81" who="3" fromWho="2" sc="295,0,181,0,235,-16,289,16" owari="295,10.0,181,-32.0,219,-18.0,305,40.0" /></mjloggm>