<mjloggm ver="2.3"><GO type="41"/><UN n0="%EF%BC%88%E2%89%A7%E2%96%BD%E2%89%A6%EF%BC%89" n1="%6B%6F%68%73%68%69" n2="%74%69%6B%61" n3="%E3%81%A0%E3%82%81%E3%81%A0%E3%82%81%E3%81%AA%E3%81%93" dan="15,15,13,13" rate="2015,2007,1887,1957" sx="M,M,M,M"/><TAIKYOKU oya="0"/><INIT seed="0,0,0,3,4,65" ten="250,250,250,250" oya="0" hai0="24,3,22,75,21,73,117,76,89,36,19,53,121" hai1="101,4,67,39,128,60,5,32,134,96,98,77,52" hai2="86,9,113,114,28,15,43,29,105,100,68,133,118" hai3="33,88,27,59,10,106,0,6,48,8,87,45,40"/><T104/><D121/><U74/><E39/><V12/><F118/><W66/><G106/><T126/><D117/><U17/><E32/><V97/><F43/><W123/><G10/><T56/><D104/><U102/><E134/><V83/><F133/><W135/><G123/><T85/><D126/><U30/><E128/><V54/><F54/><W51/><G135/><T132/><D132/><U16/><E30/><V2/><F2/><W38/><G33/><T44/><D3/><U90/><E74/><V62/><F15/><W130/><G130/><T103/><D103/><U99/><E77/><V129/><F129/><W124/><G124/><T122/><D122/><U91/><E67/><V112/><F62/><W115/><G115/><T125/><D125/><U119/><E119/><V80/><F68/><W79/><G79/><T71/><D76/><U41/><E41/><V49/><F49/><W34/><G66/><T111/><D71/><U20/><E52/><V81/><REACH who="2" step="1"/><F86/><REACH who="2" ten="250,250,240,250" step="2"/><W107/><G48/><T46/><D53/><U78/><E60/><V18/><AGARI ba="0,1" hai="9,12,18,28,29,80,81,83,97,100,105,112,113,114" machi="18" ten="40,5200,0" yaku="1,1,2,1,0,1,53,0" doraHai="65" doraHaiUra="63" who="2" fromWho="2" sc="250,-26,250,-13,240,62,250,-13" /><INIT seed="1,0,0,1,0,5" ten="224,237,302,237" oya="1" hai0="48,117,107,62,8,51,125,11,77,81,79,18,70" hai1="15,101,111,97,96,98,7,33,127,61,40,87,42" hai2="131,126,55,39,130,100,80,4,75,102,1,135,12" hai3="85,21,31,109,54,134,120,94,14,19,63,32,83"/><U36/><E33/><V113/><F39/><W114/><G120/><T23/><D117/><U22/><E127/><V2/><F1/><W0/><G114/><T128/><D107/><U129/><E129/><V91/><F2/><W104/><G104/><T53/><D125/><U103/><E36/><V13/><F126/><W71/><G134/><T3/><D128/><U59/><E111/><V34/><F34/><W108/><G0/><T45/><D3/><U106/><E87/><V65/><F113/><W9/><G94/><T121/><D121/><U89/><E89/><V30/><F65/><W116/><G116/><T64/><D51/><U74/><E74/><V60/><F135/><W47/><G32/><T58/><D70/><U37/><E37/><V16/><F30/><W29/><G21/><T124/><D124/><U44/><E44/><V17/><F4/><W20/><G20/><T133/><D133/><U86/><E86/><V52/><F60/><W110/><G71/><T35/><D35/><U27/><E106/><V24/><F80/><W38/><G63/><T123/><D123/><U67/><E101/><V78/><F78/><N who="0" m="29706" /><D81/><U43/><E103/><V112/><F75/><W90/><G38/><T105/><D105/><U28/><E96/><V115/><F91/><W69/><G69/><T57/><D57/><U25/><E25/><AGARI ba="0,0" hai="12,13,16,17,24,25,52,55,100,102,112,115,130,131" machi="25" ten="25,6400,0" yaku="22,2,54,2" doraHai="5" who="2" fromWho="1" sc="224,0,237,-64,302,64,237,0" /><AGARI ba="0,0" hai="8,11,18,23,25,45,48,53,58,62,64" m="29706" machi="25" ten="30,3900,0" yaku="8,1,52,2" doraHai="5" who="0" fromWho="1" sc="224,39,173,-39,366,0,237,0" /><INIT seed="2,0,0,2,3,124" ten="263,134,366,237" oya="2" hai0="117,54,80,83,126,121,115,18,45,44,108,3,104" hai1="76,8,70,86,88,101,33,82,17,30,75,1,67" hai2="116,127,68,65,96,103,43,131,10,13,63,132,53" hai3="113,51,50,87,40,112,122,25,41,22,24,55,38"/><V31/><F116/><W28/><G122/><T69/><D69/><U111/><E101/><V29/><F127/><W23/><G38/><T35/><D35/><U47/><E111/><V4/><F43/><W106/><G106/><T95/><D3/><U62/><E47/><N who="0" m="17993" /><D104/><U92/><E30/><V93/><F132/><W118/><G87/><T57/><D126/><U98/><E33/><V49/><F131/><W129/><G118/><T100/><D121/><U64/><E64/><V78/><F78/><W107/><G107/><T16/><D115/><U42/><E42/><V0/><F0/><W11/><G11/><T66/><D66/><U61/><E61/><V36/><F36/><W27/><G55/><T114/><D114/><U120/><E120/><V19/><F4/><W119/><G27/><T81/><D108/><U125/><E125/><V130/><F130/><W89/><G119/><T37/><D37/><U79/><E79/><V34/><F34/><W123/><G129/><T105/><D105/><U52/><E52/><V15/><F15/><W20/><G123/><T26/><D26/><U94/><E94/><V91/><F103/><W128/><G128/><T134/><D134/><U102/><E1/><V110/><F110/><W59/><G113/><T97/><D117/><U74/><E102/><V5/><F5/><W60/><G112/><T12/><D12/><U73/><E73/><V32/><F32/><W46/><G25/><T99/><D99/><U90/><REACH who="1" step="1"/><E76/><REACH who="1" ten="263,124,366,237" step="2"/><V77/><F77/><W109/><G40/><T135/><D135/><U9/><E9/><V14/><F10/><RYUUKYOKU ba="0,1" sc="263,15,124,15,366,-15,237,-15" hai0="16,18,54,57,80,81,83,95,97,100" hai1="8,17,62,67,70,74,75,82,86,88,90,92,98" /><INIT seed="3,1,1,4,2,55" ten="278,139,351,222" oya="3" hai0="45,64,115,119,15,127,113,44,26,57,116,128,96" hai1="74,59,71,22,107,75,92,105,98,46,134,80,85" hai2="58,24,36,63,81,10,126,20,93,19,33,16,120" hai3="43,84,35,86,132,77,109,39,129,124,114,4,9"/><W79/><G35/><T28/><D96/><U89/><E71/><V104/><F36/><W29/><G114/><N who="0" m="43531" /><D15/><U65/><E134/><V50/><F104/><W102/><G29/><T87/><D87/><U18/><E46/><N who="0" m="18025" /><D127/><U48/><E105/><V99/><F126/><W53/><G102/><T97/><D97/><U42/><E42/><V1/><F120/><W72/><G72/><T56/><D128/><U7/><E7/><V21/><F50/><W76/><G124/><T49/><D49/><U51/><E51/><V121/><F81/><W8/><G132/><T111/><D111/><U73/><E107/><V82/><F121/><W67/><G109/><T117/><D64/><U34/><E34/><AGARI ba="1,1" hai="26,28,34,56,57,116,117,119" m="18025,43531" machi="34" ten="40,5200,0" yaku="11,1,52,2" doraHai="55" who="0" fromWho="1" sc="278,65,139,-55,351,0,222,0" /><INIT seed="4,0,0,2,1,8" ten="343,84,351,222" oya="0" hai0="105,40,90,59,62,114,29,103,56,0,52,71,11" hai1="28,74,5,102,25,63,2,83,6,129,43,48,104" hai2="131,80,133,121,92,38,115,110,54,124,33,89,50" hai3="122,106,17,117,16,88,70,57,32,91,112,44,67"/><T97/><D114/><U49/><E129/><V107/><F80/><W85/><G70/><T53/><D71/><U135/><E135/><V76/><F76/><W69/><G69/><T37/><D29/><U99/><E6/><V113/><F54/><W41/><G106/><T65/><D0/><U120/><E120/><V20/><F20/><W26/><G117/><T87/><D11/><U12/><E2/><V66/><F66/><W46/><G112/><T75/><D75/><U34/><E43/><V22/><F50/><W116/><G116/><T86/><D90/><U68/><E83/><V64/><F64/><W24/><G122/><T82/><D82/><U101/><E101/><V1/><F22/><W27/><G32/><T109/><D109/><U79/><E79/><V125/><F92/><N who="3" m="54287" /><G91/><T19/><D65/><N who="1" m="41023" /><E74/><V18/><F125/><W42/><G57/><T39/><D39/><U123/><E123/><V119/><F121/><W61/><G61/><T23/><D37/><U14/><E5/><V45/><F119/><W128/><G67/><T77/><D77/><U73/><E73/><V84/><F115/><W58/><G58/><T132/><D132/><U118/><E118/><V108/><F113/><W130/><G42/><T4/><D40/><U47/><E47/><N who="3" m="17962" /><G41/><T15/><D4/><U95/><E95/><V30/><F110/><W3/><G3/><T60/><AGARI ba="0,0" hai="15,19,23,52,53,56,59,60,62,86,87,97,103,105" machi="60" ten="20,12000,1" yaku="0,1,7,1,9,1,52,1,54,1" doraHai="8" who="0" fromWho="0" sc="343,120,84,-40,351,-40,222,-40" /><INIT seed="4,1,0,4,3,108" ten="463,44,311,182" oya="0" hai0="114,27,80,46,8,38,4,98,58,96,77,18,119" hai1="118,66,122,17,113,57,43,64,68,42,76,93,14" hai2="36,65,48,22,102,107,127,116,47,52,44,88,11" hai3="132,34,95,3,12,69,94,109,100,103,55,131,70"/><T83/><D119/><U106/><E118/><V120/><F116/><W15/><G109/><T53/><D38/><U51/><E106/><V71/><F120/><W86/><G132/><T49/><D46/><U35/><E35/><V50/><F127/><W81/><G131/><T128/><D128/><U25/><E122/><V135/><F36/><W62/><G34/><T84/><D80/><U115/><E68/><V126/><F135/><W10/><G3/><T23/><D114/><N who="1" m="43531" /><E25/><V39/><F39/><W125/><G125/><T45/><D58/><U74/><E74/><V82/><F126/><W63/><G55/><T56/><D56/><U9/><E76/><V61/><F102/><W20/><G20/><T97/><D97/><U89/><E64/><V40/><F107/><W31/><G69/><T59/><D59/><U85/><E66/><V134/><F134/><W117/><G117/><T133/><D133/><U28/><E28/><V26/><F11/><W32/><G31/><T33/><D33/><U79/><E79/><V104/><F104/><W2/><G10/><T0/><AGARI ba="1,0" hai="0,4,8,18,23,27,45,49,53,77,83,84,96,98" machi="0" ten="20,2100,0" yaku="0,1,7,1" doraHai="108" who="0" fromWho="0" sc="463,24,44,-8,311,-8,182,-8" /><INIT seed="4,2,0,3,1,27" ten="487,36,303,174" oya="0" hai0="34,69,9,92,131,39,130,126,21,71,49,20,48" hai1="36,62,6,80,112,40,37,72,42,46,111,7,81" hai2="121,86,45,68,107,59,99,31,106,73,54,84,56" hai3="0,89,95,128,104,23,105,52,127,5,113,97,100"/><T63/><D39/><U102/><E111/><V90/><F68/><W118/><G118/><T103/><D34/><U18/><E102/><V66/><F73/><W93/><G113/><T53/><D9/><U110/><E110/><V51/><F121/><W25/><G5/><T76/><D76/><U41/><E112/><V116/><F116/><W38/><G0/><T82/><D82/><U14/><E62/><V1/><F1/><W12/><G38/><T50/><D126/><U115/><E115/><V108/><F108/><W75/><G12/><T4/><D4/><U60/><E60/><V67/><F107/><W129/><G75/><T74/><D74/><U134/><E134/><V35/><F106/><W65/><G65/><N who="0" m="41151" /><D71/><U2/><E81/><V15/><F15/><W133/><G133/><T8/><D8/><U87/><E72/><V58/><F99/><W94/><G127/><T17/><D53/><U122/><E122/><V64/><F35/><W117/><G117/><T43/><D43/><U3/><E37/><V30/><F84/><W124/><G124/><T101/><D92/><AGARI ba="2,0" hai="30,31,45,51,54,56,58,59,64,66,67,86,90,92" machi="92" ten="40,5200,0" yaku="8,1,52,2" doraHai="27" who="2" fromWho="0" sc="487,-58,36,0,303,58,174,0" /><INIT seed="5,0,0,1,1,97" ten="429,36,361,174" oya="1" hai0="133,33,43,23,53,115,41,129,5,106,74,98,82" hai1="25,59,44,1,63,46,91,109,102,99,123,80,21" hai2="45,11,20,22,70,96,48,40,47,116,3,134,118" hai3="87,72,9,101,50,83,42,60,56,125,29,127,94"/><U128/><E1/><V4/><F70/><W132/><G72/><T103/><D33/><U15/><E123/><V107/><F134/><W122/><G122/><T6/><D133/><U89/><E109/><V13/><F22/><W119/><G132/><T65/><D129/><U19/><E128/><V10/><F20/><W27/><G9/><T57/><D115/><U16/><E46/><V78/><F78/><W51/><G119/><T131/><D131/><U68/><E68/><V113/><F113/><W64/><G42/><T76/><D65/><U24/><E44/><V126/><F126/><W75/><G75/><T111/><D111/><U58/><E58/><V67/><F67/><W79/><G125/><T105/><D105/><U12/><E80/><V38/><F107/><W7/><G7/><T69/><D69/><U34/><E34/><V71/><F71/><W117/><G117/><T55/><D55/><U18/><E24/><V121/><F96/><N who="3" m="59543" /><G127/><T14/><D5/><U28/><E15/><V32/><F121/><W66/><G64/><T112/><D112/><U73/><E12/><V110/><F32/><W90/><G79/><T124/><D124/><U0/><E0/><V17/><F110/><W61/><G61/><T135/><D135/><U39/><E39/><V130/><F130/><W30/><G30/><T120/><D120/><U49/><E49/><V77/><F77/><W35/><G35/><T36/><D36/><U108/><E73/><V86/><F86/><W95/><G83/><T88/><D14/><U104/><E108/><V93/><F93/><W81/><G81/><RYUUKYOKU ba="0,0" sc="429,-30,36,10,361,10,174,10" hai1="16,18,19,21,25,28,59,63,89,91,99,102,104" hai2="3,4,10,11,13,17,38,40,45,47,48,116,118" hai3="27,29,50,51,56,60,66,87,90,95" /><INIT seed="5,1,0,1,0,114" ten="399,46,371,184" oya="1" hai0="36,128,38,71,4,92,30,125,68,14,121,67,112" hai1="89,24,52,64,32,122,99,77,23,51,70,62,39" hai2="12,29,22,80,117,65,100,44,27,61,46,69,113" hai3="116,50,119,97,74,132,96,59,93,133,17,104,45"/><U129/><E122/><V19/><F113/><W95/><G74/><T20/><D112/><U101/><E39/><V1/><F1/><W94/><G59/><T79/><D121/><U40/><E129/><V134/><F134/><N who="3" m="51819" /><G17/><T102/><D128/><U33/><E40/><V56/><F100/><N who="3" m="62471" /><G97/><T110/><D71/><U15/><E77/><V91/><F117/><N who="3" m="45131" /><G50/><T84/><D68/><U85/><E15/><V5/><F5/><W109/><G45/><T31/><D38/><U127/><E127/><V75/><F75/><W18/><G18/><T57/><D36/><U28/><E99/><V106/><F106/><W124/><G109/><T103/><D57/><U21/><E101/><V25/><F69/><W115/><G115/><T130/><D103/><U8/><E8/><V48/><F46/><W83/><G83/><T90/><D102/><U41/><E41/><N who="2" m="24591" /><F29/><W11/><G11/><N who="0" m="4455" /><D30/><U26/><E33/><V55/><F65/><W131/><G131/><T135/><D67/><U72/><E72/><V43/><F43/><W9/><G9/><T82/><D130/><U87/><E32/><V0/><F0/><W7/><G7/><T120/><D110/><U78/><E78/><V63/><F63/><W118/><N who="3" m="45139" /><W42/><DORA hai="86" /><G42/><T60/><D60/><U16/><REACH who="1" step="1"/><E89/><REACH who="1" ten="399,36,371,184" step="2"/><V3/><F91/><W73/><G73/><N who="0" m="43375" /><D90/><U111/><E111/><V13/><F13/><W108/><G108/><T2/><D135/><U34/><E34/><V123/><F123/><W54/><G124/><T37/><D125/><U10/><E10/><V58/><F12/><W81/><G81/><RYUUKYOKU ba="1,1" sc="399,-15,36,15,371,-15,184,15" hai1="16,21,23,24,26,28,51,52,62,64,70,85,87" hai3="54,93,94,95" /><INIT seed="5,2,1,5,3,118" ten="384,51,356,199" oya="1" hai0="129,103,60,56,110,26,59,23,104,123,27,15,40" hai1="39,51,30,5,78,10,126,7,66,32,88,109,130" hai2="21,74,1,106,89,14,122,24,84,116,115,19,17" hai3="62,70,67,45,105,75,65,95,57,20,34,31,76"/><U52/><E39/><V72/><F116/><W86/><G75/><T50/><D110/><U38/><E38/><V63/><F106/><W80/><G65/><N who="0" m="39047" /><D104/><U135/><E109/><V96/><F1/><W43/><G105/><T13/><D129/><U101/><E130/><V48/><F115/><W77/><G95/><T33/><D33/><U85/><E101/><V37/><F37/><W100/><G76/><T8/><D123/><U120/><E120/><V92/><F63/><W6/><G100/><T79/><D103/><U131/><E131/><V133/><F122/><W42/><G34/><T68/><D68/><U98/><E66/><V82/><F133/><W81/><G81/><T58/><D79/><U94/><E135/><V125/><F48/><W61/><G6/><N who="0" m="3223" /><D15/><U134/><E134/><V47/><F125/><W71/><G45/><N who="0" m="25895" /><D27/><U35/><E126/><V12/><F47/><W55/><G71/><T64/><D64/><U9/><E30/><AGARI ba="2,1" hai="23,26,30,58,59" m="25895,3223,39047" machi="30" ten="30,1000,0" yaku="8,1" doraHai="118" who="0" fromWho="1" sc="384,26,51,-16,356,0,199,0" /><INIT seed="6,0,0,4,2,103" ten="410,35,356,199" oya="2" hai0="24,66,124,94,112,70,29,98,81,2,0,87,26" hai1="62,13,36,35,122,92,96,101,111,22,89,126,54" hai2="27,85,11,109,7,51,120,117,28,58,31,25,127" hai3="10,53,128,83,106,19,104,65,76,23,129,48,113"/><V50/><F117/><W39/><G39/><T71/><D124/><U44/><E111/><V21/><F109/><W14/><G65/><T114/><D0/><U55/><E35/><V77/><F127/><W91/><G91/><N who="0" m="55647" /><D2/><U63/><E126/><V9/><F120/><W12/><G113/><N who="0" m="43627" /><D66/><U45/><E122/><V107/><F107/><W79/><G12/><T72/><D72/><U52/><E36/><V49/><F58/><W56/><G10/><T90/><D26/><U102/><E22/><AGARI ba="0,0" hai="22,24,29,70,71,81,87,90" m="43627,55647" machi="22" ten="30,1000,0" yaku="15,1" doraHai="103" who="0" fromWho="1" sc="410,10,35,-10,356,0,199,0" /><INIT seed="7,0,0,4,4,6" ten="420,25,356,199" oya="3" hai0="54,31,9,103,109,130,126,112,86,125,63,119,128" hai1="102,35,64,38,62,82,29,18,43,0,72,120,113" hai2="25,47,60,58,39,76,21,32,8,97,121,52,88" hai3="36,59,23,70,114,34,56,127,19,91,107,73,69"/><W27/><G36/><T77/><D119/><U129/><E102/><V115/><F121/><W98/><G73/><T131/><D109/><U42/><E82/><V81/><F115/><W2/><G2/><T122/><D122/><U33/><E18/><V22/><F32/><W111/><G114/><T80/><D112/><U85/><E29/><V75/><F39/><W93/><G34/><T37/><D37/><U110/><E85/><V92/><F47/><W17/><G111/><T74/><D103/><U51/><E62/><V94/><F94/><W78/><G78/><T20/><D9/><U61/><E64/><V96/><F96/><W124/><G107/><T95/><D31/><U48/><E61/><V104/><F104/><W134/><G19/><T105/><D105/><U46/><E46/><V132/><F132/><W84/><G134/><T4/><D4/><U89/><E89/><V101/><F101/><W90/><G70/><T28/><D28/><U87/><E87/><V108/><F108/><W117/><G69/><T15/><D86/><U24/><E24/><V12/><REACH who="2" step="1"/><F25/><REACH who="2" ten="420,25,346,199" step="2"/><W99/><G98/><T45/><D95/><U16/><E43/><V14/><F14/><W10/><G117/><T79/><D45/><U44/><E44/><V68/><F68/><W57/><G10/><T13/><D13/><U106/><E42/><V118/><F118/><W83/><AGARI ba="0,1" hai="17,23,27,56,57,59,83,84,90,91,93,99,124,127" machi="83" ten="30,1500,0" yaku="0,1" doraHai="6" who="3" fromWho="3" sc="420,-5,25,-5,346,-5,199,25" /><INIT seed="7,1,0,4,2,51" ten="415,20,341,224" oya="3" hai0="26,36,119,99,22,84,20,86,11,50,115,133,28" hai1="74,48,41,76,4,53,104,112,66,39,110,80,105" hai2="128,88,42,45,111,62,54,122,25,55,70,9,81" hai3="0,52,64,27,101,67,117,29,129,79,1,44,100"/><W18/><G117/><T24/><D36/><U95/><E95/><V127/><F122/><W90/><G79/><T134/><D119/><U69/><E110/><V102/><F111/><W106/><G129/><T34/><D115/><U60/><E4/><V19/><F128/><W21/><G1/><T121/><D121/><U43/><E43/><V75/><F102/><N who="3" m="39531" /><G106/><T96/><D11/><U124/><E124/><V46/><F127/><W120/><G0/><T5/><D5/><U130/><E130/><V33/><F46/><W57/><G44/><T125/><D125/><U65/><E65/><N who="3" m="25162" /><G120/><T83/><D50/><U91/><E91/><V30/><F75/><W49/><G90/><N who="0" m="51487" /><D86/><U98/><E98/><N who="0" m="37417" /><D26/><U108/><E108/><V61/><F70/><W82/><G82/><T47/><D47/><U23/><E23/><V97/><F9/><W116/><G116/><T114/><D114/><U89/><E89/><V109/><F109/><W123/><G123/><T6/><D6/><U32/><E32/><V35/><F35/><W8/><G8/><T73/><D73/><U78/><E78/><V7/><F7/><W37/><G37/><T3/><D3/><U13/><E13/><V68/><F68/><W31/><G29/><T56/><D56/><U135/><E112/><V94/><F81/><W85/><G31/><T92/><D92/><U38/><E38/><N who="2" m="21719" /><F19/><W72/><G72/><T59/><D59/><N who="1" m="33191" /><E135/><AGARI ba="1,0" hai="20,22,24,28,34,133,134,135" m="37417,51487" machi="135" ten="30,1000,0" yaku="20,1" doraHai="51" who="0" fromWho="1" sc="415,13,20,-13,341,0,224,0" owari="428,53.0,7,-49.0,341,14.0,224,-18.0" /></mjloggm>