<mjloggm ver="2.3"><GO type="41"/><UN n0="%E3%81%84%E3%81%AE%E3%81%91%E3%82%93" n1="%E3%82%A6%E3%83%AB%E3%83%88%E3%83%A9%E7%AB%8B%E7%9B%B4" n2="%E3%81%93%E3%81%AD%E3%81%93%E3%81%AD%E3%81%93" n3="%E5%85%AB%E8%A7%92%E5%BD%A2" dan="13,15,15,14" rate="1854,1982,1971,1868" sx="M,M,M,M"/><TAIKYOKU oya="0"/><INIT seed="0,0,0,2,1,64" ten="250,250,250,250" oya="0" hai0="99,85,29,73,131,72,88,62,117,126,70,2,33" hai1="135,14,83,101,107,56,5,105,77,59,10,65,96" hai2="74,114,8,127,97,111,53,61,81,130,9,1,90" hai3="92,87,4,46,91,40,0,95,112,6,21,134,80"/><T58/><D117/><U7/><E135/><V18/><F114/><W51/><G112/><T19/><D2/><U11/><E105/><V16/><F74/><W120/><G120/><T121/><D121/><U122/><E122/><V45/><F1/><W12/><G134/><T23/><D33/><U47/><E47/><V113/><F113/><W20/><G0/><T119/><D119/><U44/><E44/><V98/><F111/><W76/><G92/><T41/><D29/><U123/><E123/><V68/><F68/><W79/><G79/><T133/><D41/><U37/><E37/><V35/><F35/><W89/><G89/><T78/><D133/><U128/><E65/><V67/><F67/><W116/><G116/><T104/><D131/><U22/><E22/><V36/><F36/><W60/><G60/><T38/><D38/><U28/><E28/><V118/><F118/><W30/><G30/><T66/><D126/><U84/><REACH who="1" step="1"/><E128/><REACH who="1" step="2"/><V71/><F130/><W24/><G21/><T129/><D129/><U26/><E26/><V31/><F31/><W125/><G24/><T34/><D34/><U106/><E106/><V109/><F45/><W100/><G125/><T69/><D104/><U3/><AGARI ba="0,1" hai="3,5,7,10,11,14,56,59,77,83,84,96,101,107" machi="3" ten="20,2700,0" yaku="1,1,0,1,7,1,53,0" doraHai="64" doraHaiUra="63" who="1" fromWho="1" sc="250,-13,240,37,250,-7,250,-7" /><INIT seed="1,0,0,1,0,51" ten="237,277,243,243" oya="1" hai0="112,93,38,75,20,15,24,125,111,115,50,83,35" hai1="30,87,122,40,25,44,13,114,2,62,108,123,66" hai2="56,37,14,71,11,89,103,126,110,42,3,46,32" hai3="128,99,121,91,6,52,81,76,82,67,18,70,95"/><U36/><E13/><V80/><F71/><W107/><G121/><T68/><D38/><U23/><E114/><V41/><F32/><W26/><G107/><T74/><D68/><U106/><E2/><V77/><F3/><W54/><G6/><T133/><D111/><U135/><E108/><V43/><F110/><W12/><G128/><T21/><D133/><U124/><E135/><V7/><F126/><W88/><G26/><T100/><D125/><U132/><E132/><V105/><F89/><W84/><G67/><T27/><D15/><U34/><E124/><V86/><F105/><W117/><G70/><T55/><D35/><U63/><E23/><V39/><F103/><W94/><G117/><T118/><D118/><U134/><E134/><V10/><F56/><W69/><G69/><T102/><D50/><U101/><E87/><V120/><F120/><W129/><G129/><T45/><D45/><U28/><E28/><V131/><F131/><W29/><G29/><T1/><D93/><U9/><E122/><V60/><F60/><W48/><G48/><T92/><D92/><U31/><E31/><V72/><F10/><N who="3" m="6423" /><G81/><T59/><D83/><U16/><E123/><V19/><F7/><W33/><G33/><T85/><D59/><U78/><E63/><V58/><F72/><W4/><G4/><T17/><D1/><U98/><E62/><V61/><F37/><W119/><G119/><T96/><D17/><U116/><E116/><V127/><F127/><W5/><G5/><T65/><D115/><U47/><E36/><V0/><F0/><W8/><G8/><RYUUKYOKU ba="0,0" sc="237,-15,277,-15,243,15,243,15" hai2="11,14,19,39,41,42,43,46,58,61,77,80,86" hai3="52,54,76,82,84,88,91,94,95,99" /><INIT seed="2,1,0,5,4,134" ten="222,262,258,258" oya="2" hai0="31,21,16,126,58,94,41,110,118,5,26,70,107" hai1="104,99,79,120,27,67,44,96,133,132,34,74,0" hai2="18,15,48,122,66,105,98,95,84,124,93,30,10" hai3="14,87,19,76,37,69,11,1,75,119,106,33,115"/><V54/><F122/><W13/><G119/><T22/><D107/><U100/><E0/><V64/><F105/><W128/><G106/><T47/><D70/><U109/><E44/><N who="2" m="27911" /><F30/><W101/><G101/><T6/><D110/><U83/><E96/><V68/><F68/><W50/><G37/><T103/><D118/><U32/><E120/><V82/><F124/><W81/><G69/><T112/><D112/><U39/><E67/><N who="2" m="25643" /><F98/><W3/><G33/><T4/><D126/><U57/><E57/><V97/><F97/><W125/><G125/><T53/><D103/><U130/><E34/><V59/><F59/><W40/><G115/><T62/><D94/><U20/><E39/><V72/><F72/><W42/><G75/><T63/><D63/><U43/><E43/><V12/><F12/><W113/><G113/><T55/><D55/><U46/><E46/><V108/><F108/><W117/><G117/><T7/><N who="0" m="1536" /><DORA hai="123" /><T49/><REACH who="0" step="1"/><D22/><REACH who="0" step="2"/><U129/><E109/><V71/><F71/><W89/><G1/><T116/><D116/><U61/><E61/><V35/><F35/><W135/><G3/><T17/><AGARI ba="1,1" hai="16,17,21,26,31,41,47,49,53,58,62" m="1536" machi="17" ten="40,8000,1" yaku="1,1,0,1,8,1,54,1,53,0" doraHai="134,123" doraHaiUra="60,78" who="0" fromWho="0" sc="212,93,262,-21,258,-41,258,-21" /><INIT seed="3,0,0,0,4,79" ten="305,241,217,237" oya="3" hai0="64,125,2,95,38,106,43,81,94,58,96,55,91" hai1="87,62,76,132,15,111,23,73,63,41,83,54,20" hai2="108,9,16,42,35,49,122,56,118,34,32,52,110" hai3="10,57,113,8,92,1,45,100,102,123,88,30,67"/><W70/><G123/><T117/><D2/><U4/><E111/><N who="2" m="42539" /><F118/><W12/><G113/><T119/><D125/><U86/><E132/><V101/><F122/><W19/><G30/><T61/><D106/><U25/><E41/><V33/><N who="2" m="8704" /><DORA hai="36" /><V104/><F104/><W0/><G70/><T27/><D27/><U115/><E115/><V68/><F68/><W18/><G45/><T93/><D64/><U131/><E131/><V134/><F101/><W135/><G135/><T69/><D69/><U80/><E73/><V65/><F134/><W6/><G0/><T22/><D22/><U66/><E66/><V116/><F116/><W90/><G90/><T11/><D119/><U24/><E15/><N who="2" m="7279" /><F65/><W5/><G67/><T98/><D117/><U130/><E130/><V40/><AGARI ba="0,0" hai="40,42,49,52,56" m="7279,8704,42539" machi="40" ten="60,8000,1" yaku="14,1,52,2,54,2" doraHai="79,36" who="2" fromWho="2" sc="305,-20,241,-20,217,80,237,-40" /><INIT seed="4,0,0,0,3,0" ten="285,221,297,197" oya="0" hai0="32,85,113,124,30,108,66,50,12,117,74,11,8" hai1="63,51,10,129,26,23,127,93,44,125,65,19,6" hai2="77,126,48,9,83,60,78,82,76,56,38,55,94" hai3="119,2,122,49,79,28,80,41,106,40,16,42,52"/><T96/><D74/><U53/><E93/><V61/><F38/><W121/><G106/><T110/><D117/><U114/><E129/><V67/><F126/><W57/><G119/><T97/><D124/><U15/><REACH who="1" step="1"/><E114/><REACH who="1" step="2"/><V33/><F94/><W132/><G132/><T135/><D135/><U90/><E90/><V123/><F76/><W47/><G2/><T101/><D113/><U18/><E18/><V35/><F77/><W4/><G4/><T116/><D116/><U107/><E107/><V100/><F78/><W24/><G16/><N who="0" m="8199" /><D110/><U64/><E64/><V99/><F67/><W71/><G71/><AGARI ba="0,1" hai="6,10,15,19,23,26,44,51,53,63,65,71,125,127" machi="71" ten="40,2600,0" yaku="1,1,52,1,53,0" doraHai="0" doraHaiUra="72" who="1" fromWho="3" sc="285,0,211,36,297,0,197,-26" /><INIT seed="5,0,0,4,5,131" ten="285,247,297,171" oya="1" hai0="44,25,84,43,132,113,74,87,59,125,63,34,78" hai1="96,112,35,38,30,47,103,100,89,55,66,16,60" hai2="86,29,128,39,50,127,105,110,116,31,52,21,3" hai3="88,93,102,23,15,130,73,61,8,11,71,40,81"/><U54/><E112/><V49/><F110/><W109/><G109/><T92/><D113/><U41/><E89/><V57/><F39/><W19/><G130/><T77/><D125/><U119/><E119/><V82/><F116/><W76/><G40/><T18/><D74/><U134/><E100/><V53/><F105/><W97/><G71/><T62/><D34/><U64/><E64/><V56/><F3/><W14/><G61/><T70/><D70/><U95/><E30/><V129/><F127/><W6/><G23/><N who="0" m="13559" /><D132/><U65/><E35/><V80/><F86/><W124/><G124/><T72/><D72/><U2/><E2/><V79/><F21/><W45/><G45/><T1/><D1/><U67/><E60/><V22/><F22/><W114/><G114/><T9/><D9/><U94/><E94/><V17/><F17/><W126/><G126/><T85/><D92/><U107/><E95/><V33/><F33/><W28/><G28/><T75/><D75/><U101/><E101/><V121/><REACH who="2" step="1"/><F79/><REACH who="2" step="2"/><W108/><REACH who="3" step="1"/><G108/><REACH who="3" step="2"/><T68/><D68/><U58/><E38/><V27/><F27/><W104/><G104/><T42/><D77/><U20/><E107/><V32/><F32/><W7/><G7/><T118/><D78/><U13/><E20/><V120/><AGARI ba="0,2" hai="29,31,49,50,52,53,56,57,80,82,120,121,128,129" machi="120" ten="25,8000,1" yaku="1,1,0,1,22,2,54,1,53,0" doraHai="131" doraHaiUra="122" who="2" fromWho="2" sc="285,-20,247,-40,287,100,161,-20" /><INIT seed="6,0,0,1,2,31" ten="265,207,387,141" oya="2" hai0="105,21,76,44,41,39,48,45,33,68,60,130,35" hai1="77,103,115,86,110,43,65,18,109,55,67,123,24" hai2="20,72,96,36,119,92,15,11,56,94,134,79,135" hai3="23,46,120,106,132,57,121,91,16,127,47,71,17"/><V63/><F119/><W34/><G71/><T99/><D130/><U104/><E18/><V62/><F36/><W100/><G106/><T124/><D124/><U113/><E24/><V117/><F117/><W88/><G100/><T66/><D76/><U59/><E86/><V6/><F72/><W64/><G127/><T93/><D105/><U69/><E77/><V128/><F79/><W25/><G64/><T108/><D21/><U98/><E98/><V14/><F128/><W84/><G57/><T42/><REACH who="0" step="1"/><D108/><REACH who="0" step="2"/><U9/><E104/><V97/><F20/><W95/><G34/><T29/><D29/><U50/><E9/><V125/><F125/><W38/><G121/><T87/><D87/><U131/><E131/><V1/><F11/><W82/><G120/><T52/><D52/><U70/><E123/><V133/><F134/><W26/><G132/><T78/><D78/><U8/><E8/><V37/><F135/><W54/><G38/><T49/><D49/><U32/><E32/><V126/><F37/><W83/><G54/><T81/><D81/><U28/><E28/><V53/><F126/><W101/><G83/><T129/><D129/><U10/><E10/><V102/><F53/><W40/><G40/><T61/><D61/><U107/><E43/><V51/><F62/><W58/><G23/><T2/><D2/><U75/><E109/><V122/><F1/><W112/><G82/><T85/><D85/><U12/><E110/><V7/><F122/><W111/><G84/><T90/><AGARI ba="0,1" hai="33,35,39,41,42,44,45,48,60,66,68,90,93,99" machi="90" ten="20,8000,1" yaku="1,1,0,1,7,1,52,2,53,0" doraHai="31" doraHaiUra="4" who="0" fromWho="0" sc="255,90,207,-20,387,-40,141,-20" /><INIT seed="7,0,0,1,4,116" ten="345,187,347,121" oya="3" hai0="50,114,45,42,47,68,53,119,4,51,28,88,21" hai1="74,81,64,31,78,5,83,121,49,105,129,134,126" hai2="9,125,33,133,86,54,1,37,6,95,43,36,13" hai3="80,29,27,94,38,117,115,18,59,3,111,60,132"/><W55/><G117/><T108/><D108/><U107/><E49/><V67/><F33/><W24/><G38/><T26/><D119/><U85/><E64/><V110/><F110/><W40/><G3/><T41/><D68/><U77/><E5/><V34/><F34/><W104/><G104/><T17/><D114/><U20/><E20/><V99/><F67/><W7/><G111/><T30/><D4/><U39/><E31/><N who="0" m="11817" /><D88/><U52/><E52/><AGARI ba="0,0" hai="17,21,26,41,42,45,47,50,51,52,53" m="11817" machi="52" ten="30,2000,0" yaku="8,1,54,1" doraHai="116" who="0" fromWho="1" sc="345,20,187,-20,347,0,121,0" owari="365,46,167,-23,347,15,121,-38" /></mjloggm>