<mjloggm ver="2.3"><GO type="169"/><UN n0="%E5%94%90%E6%8F%9A%E5%A4%A7%E5%A5%BD%E3%81%8D" n1="%58%E7%8C%AB" n2="%EF%BC%88%E2%89%A7%E2%96%BD%E2%89%A6%EF%BC%89" n3="%65%69%63%68%69%72%6F" dan="17,16,18,16" rate="2210,2073,2187,2094" sx="M,F,M,M"/><TAIKYOKU oya="0"/><INIT seed="0,0,0,0,4,86" ten="250,250,250,250" oya="0" hai0="72,103,128,90,104,53,105,62,78,107,5,41,92" hai1="133,4,10,69,125,1,119,29,99,65,17,6,129" hai2="94,39,96,37,121,115,87,89,113,55,3,40,82" hai3="74,88,111,120,63,73,21,61,7,98,12,67,30"/><T26/><D41/><U130/><E119/><V11/><F121/><W131/><G111/><T45/><D128/><N who="1" m="49259" /><E29/><V51/><F3/><W25/><G131/><T79/><D5/><N who="1" m="1327" /><E133/><V77/><F11/><W93/><G120/><T66/><D26/><U122/><E122/><V101/><F40/><W16/><G7/><T57/><D72/><U44/><E125/><V80/><F113/><W134/><G134/><T20/><D20/><U50/><E99/><V22/><F22/><W85/><G98/><T54/><D103/><U100/><E100/><V112/><F112/><W24/><G24/><T28/><D28/><U27/><E65/><V60/><F60/><W15/><G15/><T9/><D9/><U135/><E69/><V106/><F115/><W31/><G31/><T47/><D66/><U117/><E117/><V68/><F68/><W123/><G123/><T84/><REACH who="0" step="1"/><D54/><REACH who="0" ten="240,250,250,250" step="2"/><N who="1" m="30023" /><E135/><V46/><REACH who="2" step="1"/><F82/><REACH who="2" ten="240,250,240,250" step="2"/><W59/><REACH who="3" step="1"/><G61/><REACH who="3" ten="240,250,240,240" step="2"/><T132/><D132/><U124/><E124/><V97/><AGARI ba="0,3" hai="37,39,46,51,55,77,80,87,89,94,96,97,101,106" machi="97" ten="20,8000,1" yaku="1,1,2,1,0,1,7,1,52,1,53,0" doraHai="86" doraHaiUra="64" who="2" fromWho="2" sc="240,-40,250,-20,240,110,240,-20" /><INIT seed="1,0,0,5,2,48" ten="200,230,350,220" oya="1" hai0="121,93,135,130,23,132,17,80,44,75,39,119,112" hai1="124,74,54,95,64,0,117,3,10,89,55,87,109" hai2="5,115,70,27,94,118,66,36,101,102,25,86,108" hai3="57,125,128,51,84,69,92,82,42,40,46,62,106"/><U58/><E117/><V103/><F36/><N who="3" m="21767" /><G106/><T126/><D119/><U98/><E74/><V18/><F118/><W81/><G92/><T90/><D112/><U133/><E133/><N who="0" m="51273" /><D121/><U134/><E134/><V56/><F70/><W65/><G84/><N who="0" m="52423" /><D126/><U99/><E124/><V49/><F115/><W104/><G104/><T88/><D130/><U67/><E0/><V77/><F5/><W83/><G83/><T35/><D35/><U22/><E109/><V12/><F108/><W61/><G82/><T50/><D39/><U9/><E22/><V60/><F49/><W26/><G26/><N who="0" m="14703" /><D75/><U52/><E3/><V129/><F129/><W21/><G21/><T37/><D37/><U34/><E34/><V71/><F71/><W13/><G13/><T45/><D50/><U31/><E31/><V32/><F32/><W20/><G20/><T116/><D116/><U15/><E58/><V110/><F110/><W76/><G81/><T7/><D7/><N who="1" m="3519" /><E10/><N who="2" m="6423" /><F77/><W38/><G76/><T63/><D63/><U78/><E78/><V43/><F27/><W122/><G125/><T6/><D6/><U120/><E120/><V4/><F25/><W8/><G122/><T30/><D30/><U11/><E11/><V131/><F4/><W47/><G8/><T59/><D59/><U85/><E85/><AGARI ba="0,0" hai="44,45,80,85,88" m="14703,52423,51273" machi="85" ten="30,2000,0" yaku="20,1,54,1" doraHai="48" who="0" fromWho="1" sc="200,20,230,-20,350,0,220,0" /><INIT seed="2,0,0,4,3,85" ten="220,210,350,220" oya="2" hai0="117,100,102,87,116,36,21,22,132,30,96,52,49" hai1="46,103,0,98,94,121,37,82,127,33,107,86,27" hai2="91,58,10,15,23,106,12,35,24,135,9,16,130" hai3="1,84,13,101,6,128,62,50,41,56,25,38,77"/><V79/><F106/><W83/><G128/><T55/><D36/><U32/><E0/><V129/><F79/><W78/><G1/><T95/><D132/><U105/><E121/><V29/><F135/><W75/><G38/><T65/><D65/><U57/><E127/><V3/><F58/><W42/><G101/><T74/><D74/><U134/><E134/><V97/><F97/><W59/><G75/><T108/><D108/><U93/><E57/><N who="3" m="22090" /><G62/><T99/><D87/><U8/><E8/><N who="2" m="3179" /><F3/><W60/><G60/><T120/><D120/><U112/><E112/><V104/><F104/><W53/><G13/><N who="2" m="5193" /><F91/><N who="3" m="51615" /><G25/><AGARI ba="0,0" hai="16,23,24,25,29,35,129,130" m="5193,3179" machi="25" ten="30,5800,0" yaku="34,2,54,1" doraHai="85" who="2" fromWho="3" sc="220,0,210,0,350,58,220,-58" /><INIT seed="2,1,0,4,1,115" ten="220,210,408,162" oya="2" hai0="108,126,69,121,49,67,1,12,123,60,42,17,11" hai1="68,116,90,57,128,40,0,19,27,53,6,65,8" hai2="63,98,107,20,22,31,2,23,4,41,89,97,39" hai3="82,103,132,58,100,117,104,44,133,127,134,80,88"/><V73/><F73/><W59/><G127/><T95/><D126/><U94/><E40/><V75/><F75/><W83/><G44/><T102/><D1/><U37/><E37/><V86/><F31/><W51/><G51/><T46/><D108/><U24/><E128/><V15/><F2/><W7/><G7/><T112/><D112/><U105/><E105/><V93/><F107/><W45/><G45/><T114/><D114/><U109/><E109/><V62/><F41/><W74/><G74/><T71/><REACH who="0" step="1"/><D69/><REACH who="0" ten="210,210,408,162" step="2"/><U129/><E129/><V91/><F39/><W36/><G36/><T3/><D3/><U130/><E130/><V34/><F34/><W99/><G59/><T78/><D78/><U111/><E111/><V81/><REACH who="2" step="1"/><F98/><AGARI ba="1,1" hai="11,12,17,42,46,49,60,67,71,95,98,102,121,123" machi="98" ten="40,2600,0" yaku="1,1,53,1" doraHai="115" doraHaiUra="38" who="0" fromWho="2" sc="210,39,210,0,408,-29,162,0" /><INIT seed="3,0,0,1,5,29" ten="249,210,379,162" oya="3" hai0="69,56,90,49,47,65,92,94,78,82,24,130,48" hai1="125,81,105,43,101,26,96,113,16,122,127,117,59" hai2="76,34,79,70,51,40,118,68,120,107,104,100,5" hai3="126,102,61,46,23,95,91,85,9,25,72,66,97"/><W55/><G126/><N who="1" m="48138" /><E122/><V128/><F34/><W77/><G9/><T32/><D69/><U134/><E113/><V0/><F118/><W22/><G72/><T37/><D130/><U44/><E134/><V28/><F128/><W84/><G77/><T20/><D37/><N who="1" m="21615" /><E117/><V99/><F120/><W39/><G39/><T53/><D32/><U62/><E81/><V132/><F132/><W80/><G84/><N who="0" m="50455" /><D78/><U121/><E121/><V3/><F99/><W88/><G91/><T41/><D65/><N who="1" m="39135" /><E26/><V86/><F79/><W45/><G55/><T116/><D116/><U73/><E16/><AGARI ba="0,0" hai="16,20,24,41,47,48,49,53,56,92,94" m="50455" machi="16" ten="30,2000,0" yaku="8,1,54,1" doraHai="29" who="0" fromWho="1" sc="249,20,210,-20,379,0,162,0" /><INIT seed="4,0,0,3,1,109" ten="269,190,379,162" oya="0" hai0="3,6,66,23,111,17,61,125,53,45,58,12,73" hai1="96,65,24,51,100,42,63,25,8,34,9,98,22" hai2="108,77,118,47,91,104,2,83,107,102,80,71,72" hai3="106,119,92,15,7,67,135,30,113,57,85,35,0"/><T84/><D73/><U14/><E42/><V43/><F71/><W87/><G106/><T117/><D111/><U50/><E34/><V121/><F108/><W29/><G0/><T131/><D117/><U79/><E79/><V28/><F121/><W49/><G119/><T1/><D131/><U133/><E133/><V20/><F118/><W36/><G36/><T128/><D128/><U74/><E74/><V11/><F102/><W5/><G135/><T90/><D125/><U105/><E98/><V21/><F91/><N who="3" m="53359" /><G35/><T89/><D89/><U101/><E101/><V86/><F86/><W40/><G87/><T4/><D1/><U134/><E134/><V99/><F80/><W69/><G69/><T88/><D3/><U103/><E103/><N who="2" m="62591" /><F28/><N who="3" m="10859" /><G15/><T52/><D90/><U114/><E25/><V124/><F124/><W93/><G93/><N who="0" m="54407" /><D45/><U127/><E14/><V37/><F107/><W26/><G26/><T116/><D116/><U33/><E127/><V75/><F72/><W54/><G67/><T31/><D31/><U70/><E33/><V13/><F13/><W81/><G81/><T39/><D39/><U120/><E120/><V76/><F76/><W94/><G94/><T32/><D32/><U27/><E27/><V123/><F123/><W46/><G46/><T82/><D82/><U19/><E24/><V95/><F95/><W110/><G110/><T56/><D66/><U115/><E65/><V38/><F38/><W55/><G40/><T60/><AGARI ba="0,0" hai="4,6,12,17,23,52,53,56,58,60,61" m="54407" machi="60" ten="30,6000,0" yaku="8,1,54,2" doraHai="109" who="0" fromWho="0" sc="269,60,190,-20,379,-20,162,-20" /><INIT seed="4,1,0,2,5,85" ten="329,170,359,142" oya="0" hai0="97,78,14,102,105,15,12,86,16,128,130,28,89" hai1="42,1,8,125,118,39,120,107,31,68,64,62,100" hai2="123,116,121,91,113,43,132,35,77,93,76,2,40" hai3="119,88,133,36,29,83,3,6,101,13,96,135,37"/><T65/><D28/><U90/><E118/><V22/><F35/><W24/><G3/><T58/><D78/><U80/><E120/><V66/><F2/><W71/><G71/><T34/><D34/><U111/><E111/><V108/><F108/><W17/><G6/><T69/><D69/><U32/><E125/><V46/><F116/><W106/><G119/><T53/><D65/><U103/><E103/><V99/><F113/><W72/><G72/><T122/><D122/><U117/><E117/><V110/><F110/><W44/><G44/><T19/><D58/><U45/><E80/><V112/><F112/><W70/><G70/><T95/><REACH who="0" step="1"/><D53/><REACH who="0" ten="319,170,359,142" step="2"/><U115/><E115/><V26/><F123/><W75/><G135/><T4/><D4/><U59/><E59/><V38/><F121/><W98/><G133/><T84/><D84/><U94/><E31/><N who="2" m="17879" /><F132/><W109/><G109/><T9/><D9/><U51/><E32/><V74/><F66/><W54/><G54/><T129/><AGARI ba="1,1" hai="12,14,15,16,19,86,89,95,97,102,105,128,129,130" machi="129" ten="40,12000,1" yaku="1,1,0,1,19,1,52,1,54,1,53,0" doraHai="85" doraHaiUra="52" who="0" fromWho="0" sc="319,133,170,-41,359,-41,142,-41" /><INIT seed="4,2,0,4,4,132" ten="452,129,318,101" oya="0" hai0="83,135,40,60,23,127,115,95,51,65,74,61,50" hai1="94,0,29,116,68,107,27,54,120,8,99,100,53" hai2="133,66,93,90,32,91,119,34,125,112,25,117,1" hai3="9,121,14,13,118,76,5,46,31,69,73,103,24"/><T16/><D135/><U77/><E116/><N who="2" m="44619" /><F133/><W10/><G118/><T104/><D104/><U131/><E120/><V87/><F1/><W134/><G69/><T89/><D115/><U92/><E68/><V81/><F112/><W67/><G134/><T3/><D3/><U41/><E131/><V11/><F11/><W15/><G121/><T114/><D114/><U44/><E77/><V86/><F66/><W21/><G67/><T49/><D40/><U97/><E107/><V106/><F106/><W18/><G103/><T124/><D74/><U110/><E110/><V57/><F57/><W64/><G64/><T42/><D42/><U129/><E129/><V78/><F25/><N who="3" m="14519" /><G46/><T39/><D39/><U102/><E8/><N who="3" m="3178" /><G76/><T84/><D83/><U122/><E0/><V26/><F78/><W45/><G45/><T63/><REACH who="0" step="1"/><D65/><REACH who="0" ten="442,129,318,101" step="2"/><U12/><E122/><V47/><F81/><W75/><G73/><T33/><D33/><U128/><E128/><V59/><F34/><N who="3" m="20839" /><G75/><T55/><D55/><U71/><E71/><V48/><F93/><W88/><G88/><T111/><D111/><U130/><E130/><V35/><F91/><W70/><G70/><T22/><D22/><N who="1" m="15607" /><E41/><V37/><F37/><W85/><G85/><T79/><D79/><U17/><E44/><V80/><F47/><W62/><G5/><T82/><D82/><U28/><E54/><N who="2" m="32199" /><F87/><W36/><G36/><T56/><D56/><U108/><E53/><V20/><F35/><W2/><G2/><T105/><D105/><U6/><E6/><V72/><F32/><W109/><G109/><T113/><D113/><RYUUKYOKU ba="2,1" sc="442,15,129,-15,318,-15,101,15" hai0="16,23,49,50,51,60,61,63,84,89,95,124,127" hai3="13,14,15,62" /><INIT seed="4,3,1,4,3,62" ten="457,114,303,116" oya="0" hai0="127,123,31,72,67,78,88,97,122,84,87,80,92" hai1="53,65,23,130,126,109,68,22,46,25,96,111,17" hai2="42,33,63,36,51,19,131,119,98,133,135,82,116" hai3="18,85,64,114,110,15,4,71,73,35,54,112,2"/><T8/><D31/><U59/><E130/><V6/><F33/><W14/><G73/><T132/><D8/><U118/><E126/><V120/><F6/><W89/><G110/><T44/><D44/><U49/><E118/><N who="2" m="45099" /><F19/><W108/><G108/><T5/><D5/><U0/><E0/><V94/><F120/><N who="0" m="46122" /><D67/><U7/><E7/><V128/><F82/><N who="3" m="49335" /><G35/><T11/><D11/><U34/><E34/><V104/><F104/><W69/><G64/><T95/><D127/><U38/><E38/><V76/><F76/><W50/><G2/><T3/><D3/><U55/><E68/><V57/><F36/><W16/><G4/><T93/><D132/><N who="2" m="50762" /><F94/><AGARI ba="3,1" hai="72,78,80,84,87,88,92,93,94,95,97" m="46122" machi="94" ten="30,5800,0" yaku="34,2,54,1" doraHai="62" who="0" fromWho="2" sc="457,77,114,0,303,-67,116,0" /><INIT seed="4,4,0,5,2,58" ten="534,114,236,116" oya="0" hai0="78,92,40,113,97,27,5,95,47,126,130,33,75" hai1="116,121,51,119,20,133,26,67,106,132,127,59,22" hai2="10,65,85,125,80,122,61,134,69,81,46,120,110" hai3="73,108,34,32,30,11,7,18,57,55,13,70,66"/><T100/><D130/><U36/><E106/><V49/><F110/><W98/><G108/><T3/><D126/><U77/><E36/><V63/><F134/><N who="1" m="51817" /><E121/><V23/><F125/><W29/><G73/><T31/><D113/><U43/><E127/><V38/><F38/><W128/><G128/><T44/><D95/><U83/><E43/><V54/><F23/><N who="1" m="8745" /><E26/><V124/><F124/><W123/><G123/><T104/><D92/><U131/><E131/><V45/><F45/><W9/><G34/><T48/><D44/><U12/><E12/><V109/><F109/><W37/><G37/><T90/><D90/><U72/><E51/><V41/><F10/><W53/><G32/><T88/><D88/><U21/><E21/><V15/><F15/><N who="3" m="7551" /><G70/><T42/><D3/><U114/><E114/><V105/><F105/><W52/><G98/><T101/><D101/><U16/><E16/><V50/><F50/><W99/><G99/><T94/><D104/><U102/><E102/><V24/><F24/><W103/><G103/><T4/><REACH who="0" step="1"/><D40/><REACH who="0" ten="524,114,236,116" step="2"/><U25/><E25/><V93/><F120/><W96/><G96/><T118/><D118/><U79/><E79/><V107/><F122/><W28/><G28/><T14/><D14/><U39/><E39/><V1/><F107/><W74/><G30/><T135/><D135/><U129/><E129/><V71/><F1/><W111/><G29/><T19/><D19/><U35/><E35/><V2/><F2/><W8/><G111/><T76/><D76/><U84/><E72/><V87/><F41/><W86/><G74/><T91/><D91/><RYUUKYOKU ba="4,1" sc="524,15,114,15,236,-15,116,-15" hai0="4,5,27,31,33,42,47,48,75,78,94,97,100" hai1="59,67,77,83,84,116,119" /><INIT seed="4,5,1,4,4,125" ten="539,129,221,101" oya="0" hai0="129,76,132,68,61,116,41,119,118,101,23,34,67" hai1="80,74,126,96,73,95,102,122,46,4,1,66,0" hai2="21,26,33,99,82,86,98,35,110,3,77,24,93" hai3="133,121,12,52,120,107,54,15,25,114,13,128,69"/><T100/><D34/><U72/><E122/><N who="3" m="47210" /><G133/><T92/><D132/><U63/><E126/><V49/><F3/><W6/><G114/><T70/><D41/><U50/><E4/><V111/><F35/><W55/><G107/><T59/><D76/><U40/><REACH who="1" step="1"/><E80/><REACH who="1" ten="539,119,221,101" step="2"/><V71/><F82/><W48/><G128/><T108/><D129/><U62/><E62/><V58/><F111/><W11/><G69/><AGARI ba="5,2" hai="0,1,40,46,50,63,66,69,72,73,74,95,96,102" machi="69" ten="40,1300,0" yaku="1,1,53,0" doraHai="125" doraHaiUra="124" who="1" fromWho="3" sc="539,0,119,48,221,0,101,-28" /><INIT seed="5,0,0,3,4,68" ten="539,167,221,73" oya="1" hai0="107,16,118,0,45,56,9,40,91,66,100,101,74" hai1="52,99,21,105,112,30,29,33,120,59,25,24,49" hai2="106,82,72,96,38,60,8,35,18,78,42,32,58" hai3="44,131,19,51,61,126,121,5,94,12,71,48,84"/><U47/><E120/><V115/><F115/><W119/><G121/><T73/><D118/><U67/><E112/><V108/><F108/><W75/><G75/><T116/><D116/><U57/><REACH who="1" step="1"/><E67/><REACH who="1" ten="539,157,221,73" step="2"/><V135/><F135/><W133/><G133/><T22/><D66/><U10/><E10/><V80/><F8/><W79/><G119/><T37/><D9/><U114/><E114/><V122/><F122/><W123/><G123/><T129/><D0/><U13/><E13/><V130/><F130/><W64/><G131/><T81/><D129/><U4/><E4/><V93/><F72/><W11/><G5/><T15/><D74/><U85/><E85/><V43/><F96/><W104/><G11/><T3/><D73/><U27/><E27/><V20/><F32/><W98/><G12/><T111/><D3/><U124/><E124/><V28/><F35/><W88/><G126/><T113/><D113/><U92/><E92/><V128/><F93/><W62/><G84/><T23/><D15/><U55/><E55/><V97/><F128/><W89/><G64/><T7/><D7/><U50/><E50/><V26/><F97/><W95/><G48/><T54/><D54/><U46/><E46/><V87/><F26/><W70/><G51/><T77/><D45/><U127/><E127/><V110/><F87/><W90/><G44/><T17/><D107/><U69/><E69/><V117/><F117/><W39/><G104/><T102/><D40/><N who="2" m="15402" /><F110/><W14/><G94/><T103/><D111/><U2/><E2/><V83/><F106/><W34/><G95/><T109/><D109/><RYUUKYOKU ba="0,1" sc="539,-10,157,30,221,-10,73,-10" hai1="21,24,25,29,30,33,47,49,52,57,59,99,105" /><INIT seed="5,1,1,2,5,122" ten="529,187,211,63" oya="1" hai0="114,77,84,100,83,81,111,28,1,27,132,109,10" hai1="123,65,80,69,95,22,106,78,23,57,85,74,12" hai2="16,48,97,15,45,38,89,127,4,135,112,125,98" hai3="118,21,3,126,120,73,115,129,113,62,72,88,56"/><U7/><E69/><V31/><F135/><W19/><G3/><T40/><D132/><U87/><E123/><V6/><F38/><W33/><G33/><T103/><D114/><N who="3" m="43529" /><G120/><T128/><D128/><U47/><E106/><V99/><F89/><W46/><G46/><T52/><D40/><U66/><E47/><V94/><F94/><W0/><G0/><T59/><D81/><U108/><E108/><V91/><F91/><W55/><G129/><T36/><D36/><U26/><E22/><N who="2" m="11551" /><F31/><W79/><G79/><T35/><D100/><U131/><E131/><V58/><F58/><W86/><G126/><N who="2" m="48137" /><F112/><W110/><G118/><T124/><D103/><U71/><E71/><V68/><F68/><W29/><G29/><T70/><D70/><U67/><E57/><V44/><F44/><W9/><G9/><T121/><D121/><U54/><E54/><AGARI ba="1,1" hai="4,6,45,48,54,97,98,99" m="48137,11551" machi="54" ten="30,2000,0" yaku="18,1,54,1" doraHai="122" who="2" fromWho="1" sc="529,0,187,-23,211,33,63,0" /><INIT seed="6,0,0,4,2,47" ten="529,164,244,63" oya="2" hai0="24,94,100,98,105,13,2,1,75,96,115,84,112" hai1="61,16,4,40,8,120,121,3,9,49,118,107,70" hai2="73,72,35,104,27,83,97,67,82,74,30,44,88" hai3="109,135,34,52,103,17,5,93,57,58,48,127,101"/><V62/><F44/><W12/><G109/><T124/><D75/><U108/><E107/><V11/><F11/><W102/><G34/><T68/><D68/><U38/><E118/><V46/><F46/><W116/><G116/><T87/><D124/><U54/><E108/><V131/><F131/><W126/><G135/><T81/><D24/><U117/><E117/><V39/><F39/><W21/><G5/><T99/><D13/><N who="1" m="7207" /><E38/><V85/><F82/><W33/><G33/><T18/><D18/><U133/><E133/><V28/><F28/><W79/><G79/><N who="0" m="46143" /><D1/><U7/><E7/><V29/><F29/><W20/><G20/><T55/><D55/><U26/><E26/><V78/><F78/><W63/><REACH who="3" step="1"/><G93/><REACH who="3" ten="529,164,244,53" step="2"/><T65/><D94/><U119/><E119/><V22/><F22/><W86/><G86/><T95/><D87/><U56/><E40/><V19/><F73/><W53/><AGARI ba="0,1" hai="12,17,21,48,52,53,57,58,63,101,102,103,126,127" machi="53" ten="30,7900,0" yaku="1,1,0,1,52,1,54,1,53,0" doraHai="47" doraHaiUra="36" who="3" fromWho="3" sc="529,-20,164,-20,244,-39,53,89" /><INIT seed="7,0,0,4,0,51" ten="509,144,205,142" oya="3" hai0="110,73,27,77,40,113,32,127,21,20,80,3,26" hai1="106,17,76,60,124,87,30,54,92,44,97,108,59" hai2="128,132,133,72,41,91,101,134,111,121,118,42,39" hai3="62,98,61,22,10,114,123,31,37,64,115,11,95"/><W57/><G123/><T15/><D3/><U56/><E108/><V49/><F118/><W0/><G37/><T85/><D110/><U96/><E30/><V79/><F111/><W71/><G0/><T75/><D32/><U25/><E124/><V8/><F121/><W125/><G125/><T122/><D127/><U93/><E106/><V52/><F128/><W68/><G68/><T12/><D122/><U63/><E44/><N who="2" m="27687" /><F101/><N who="3" m="60639" /><G62/><T58/><D113/><N who="3" m="43017" /><G71/><T90/><D40/><U1/><E1/><V83/><F39/><W36/><G36/><T19/><D58/><U107/><E107/><V14/><F91/><W100/><G100/><T48/><D48/><U86/><E76/><V38/><F38/><W117/><G117/><T6/><D6/><AGARI ba="0,0" hai="6,8,14,41,42,72,79,83,132,133,134" m="27687" machi="6" ten="30,3900,0" yaku="20,1,52,1,54,1" doraHai="51" who="2" fromWho="0" sc="509,-39,144,0,205,39,142,0" owari="470,58.0,144,-26.0,244,4.0,142,-36.0" /></mjloggm>