<mjloggm ver="2.3"><GO type="43"/><UN n0="%E5%BC%B7%E3%81%8F%E3%81%AA%E3%81%84%E3%81%8A" n1="%E3%83%95%E3%82%A1%E3%83%A0%E3%83%A9%E3%83%B3" n2="%EF%BC%88%E2%89%A7%E2%96%BD%E2%89%A6%EF%BC%89" n3="%61%6D%61%6E%2E" dan="16,13,14,13" rate="2019,1833,2051,1931" sx="M,M,M,M"/><TAIKYOKU oya="0"/><INIT seed="0,0,0,4,1,131" ten="250,250,250,250" oya="0" hai0="55,113,28,9,91,68,73,132,99,125,1,128,36" hai1="117,61,22,56,10,77,104,84,70,3,94,60,67" hai2="129,27,6,121,53,126,23,87,38,37,24,120,0" hai3="13,41,90,2,110,72,106,18,86,108,35,100,89"/><T33/><RYUUKYOKU type="yao9" ba="0,0" sc="250,0,250,0,250,0,250,0" hai0="1,9,28,33,36,55,68,73,91,99,113,125,128,132" /><INIT seed="0,1,0,5,2,25" ten="250,250,250,250" oya="0" hai0="102,17,35,3,56,42,115,95,85,100,11,99,26" hai1="73,83,60,1,49,33,87,20,117,92,8,28,74" hai2="86,135,46,55,96,98,90,16,105,119,89,5,44" hai3="43,36,106,132,34,47,53,10,30,72,4,41,91"/><T31/><D115/><U93/><E117/><V97/><F119/><W69/><G69/><T50/><D85/><U88/><E20/><V94/><F135/><W124/><G132/><T68/><D68/><U12/><E1/><V40/><F105/><W109/><G109/><T78/><D78/><U39/><E39/><V112/><F112/><W120/><G53/><T15/><D3/><U81/><E60/><V127/><F127/><W79/><G43/><T27/><D27/><U125/><E125/><V101/><F5/><W62/><G91/><T84/><D84/><U24/><E93/><V126/><F126/><W18/><G18/><T118/><D118/><U123/><E49/><N who="2" m="26759" /><F16/><W71/><G120/><T6/><D17/><U58/><E123/><V0/><F0/><W129/><G124/><T48/><D42/><U82/><REACH who="1" step="1"/><E58/><REACH who="1" step="2"/><V113/><F113/><W121/><G62/><T9/><D56/><U130/><E130/><V23/><F23/><W114/><G129/><T51/><REACH who="0" step="1"/><D11/><REACH who="0" step="2"/><U57/><E57/><V13/><F94/><W45/><G10/><T104/><D104/><U14/><E14/><V59/><F13/><W133/><G106/><T54/><D54/><U19/><AGARI ba="1,2" hai="8,12,19,24,28,33,73,74,81,82,83,87,88,92" machi="19" ten="30,4000,0" yaku="1,1,0,1,52,1,53,0" doraHai="25" doraHaiUra="32" who="1" fromWho="1" sc="240,-21,240,63,250,-11,250,-11" /><INIT seed="1,0,0,3,0,13" ten="219,303,239,239" oya="1" hai0="1,48,61,74,26,92,77,37,36,64,115,41,19" hai1="105,86,78,121,132,66,25,18,114,134,96,122,39" hai2="45,93,120,126,95,88,94,14,111,97,15,52,123" hai3="60,67,89,56,54,10,21,33,22,53,4,57,38"/><U80/><E39/><V30/><F126/><W12/><G33/><T79/><D115/><U69/><E114/><V46/><F111/><W104/><G38/><T17/><D1/><U29/><E69/><V124/><F124/><W125/><G125/><T50/><D74/><U116/><E66/><V8/><F30/><W99/><G104/><T87/><D37/><U27/><E116/><V2/><F2/><W75/><G75/><T55/><D26/><U112/><E112/><V44/><F123/><W3/><G3/><T100/><D36/><U71/><E25/><V135/><F135/><N who="1" m="51753" /><E71/><V59/><F120/><W133/><G133/><T73/><D73/><U128/><E128/><V62/><REACH who="2" step="1"/><F15/><REACH who="2" step="2"/><W42/><G12/><T108/><D108/><U106/><E29/><V119/><F119/><W103/><G4/><AGARI ba="0,1" hai="4,8,14,44,45,46,52,59,62,88,93,94,95,97" machi="4" ten="40,2600,0" yaku="1,1,8,1,53,0" doraHai="13" doraHaiUra="47" who="2" fromWho="3" sc="219,0,303,0,229,36,239,-26" /><INIT seed="2,0,0,1,5,7" ten="219,303,265,213" oya="2" hai0="68,128,39,94,55,53,131,69,9,91,66,122,103" hai1="80,62,11,108,14,1,35,10,96,92,129,113,40" hai2="115,51,67,88,106,12,13,61,107,109,36,102,89" hai3="81,29,76,135,127,19,50,99,17,57,27,30,71"/><V78/><F115/><W95/><G127/><T118/><D122/><U98/><E113/><V20/><F36/><W42/><G135/><T38/><D103/><U119/><E35/><V75/><F109/><W28/><G71/><N who="0" m="27211" /><D91/><U132/><E119/><V56/><F75/><W72/><G27/><T25/><D94/><U70/><E129/><N who="0" m="49737" /><D25/><U0/><E108/><V73/><F102/><W133/><G133/><T15/><D66/><U32/><E132/><V65/><F65/><W83/><G83/><T123/><D123/><U8/><E32/><V97/><F107/><W110/><G110/><T82/><D82/><U46/><E14/><V5/><F106/><W52/><REACH who="3" step="1"/><G42/><REACH who="3" step="2"/><T59/><D118/><U112/><E80/><V6/><F73/><W104/><G104/><T45/><D45/><U33/><E112/><V63/><F78/><W79/><G79/><T41/><D41/><U60/><E92/><V31/><F31/><W134/><G134/><T74/><D74/><U54/><E33/><V22/><F13/><W87/><G87/><T16/><D59/><U93/><E70/><V101/><F56/><W18/><G18/><T48/><D16/><U77/><E77/><V23/><F12/><W105/><G105/><T86/><D86/><U85/><E85/><V47/><F47/><W44/><G44/><T4/><D15/><U34/><E40/><V49/><F97/><W3/><G3/><T100/><D4/><U130/><E98/><V24/><F5/><W120/><G120/><T37/><D37/><U117/><E130/><V90/><F6/><W64/><G64/><RYUUKYOKU ba="0,1" sc="219,-10,303,-10,265,-10,203,30" hai3="17,19,28,29,30,50,52,57,72,76,81,95,99" /><INIT seed="3,1,1,3,4,67" ten="209,293,255,233" oya="3" hai0="32,83,114,85,127,76,116,95,80,93,101,66,90" hai1="44,111,74,68,24,73,98,27,121,72,60,20,86" hai2="124,109,58,135,64,42,69,31,4,7,103,126,62" hai3="17,14,84,81,11,18,26,57,71,28,45,79,16"/><W41/><G71/><T30/><D66/><U107/><E121/><V43/><F135/><W125/><G57/><T51/><D51/><U113/><E113/><V87/><F31/><W106/><G106/><T8/><D8/><U78/><E111/><V120/><F120/><W3/><G3/><T19/><D19/><U23/><E44/><V53/><F103/><W0/><G0/><T119/><D30/><U118/><E118/><V48/><F87/><W12/><G125/><N who="2" m="48233" /><F109/><W55/><G55/><T1/><D32/><U99/><E107/><V89/><F89/><W61/><G61/><T37/><D37/><U110/><E110/><V129/><F129/><W52/><G52/><T59/><D59/><U5/><E86/><V47/><F42/><W65/><G14/><T9/><D1/><U130/><E78/><V112/><F112/><W13/><G13/><T134/><D127/><U102/><E102/><V91/><F91/><W133/><G65/><T94/><D9/><U54/><E74/><V104/><F104/><W49/><REACH who="3" step="1"/><G133/><REACH who="3" step="2"/><T15/><D15/><U96/><E54/><V6/><F6/><W38/><G38/><AGARI ba="1,2" hai="4,7,38,43,47,48,53,58,62,64,69" m="48233" machi="38" ten="30,3900,0" yaku="24,1,18,1,52,1" doraHai="67" who="2" fromWho="3" sc="209,0,293,0,255,62,223,-42" /><INIT seed="4,0,0,2,2,96" ten="209,293,317,181" oya="0" hai0="59,73,58,48,69,27,50,88,128,87,5,121,63" hai1="61,12,75,118,52,80,46,32,60,56,39,122,91" hai2="124,40,23,129,49,74,112,70,83,30,57,125,47" hai3="100,34,98,66,123,108,51,42,72,135,76,0,101"/><T127/><D73/><U105/><E118/><V106/><F70/><W86/><G34/><T3/><D121/><U10/><E122/><V55/><F106/><W35/><G35/><T117/><D117/><U95/><E32/><V133/><F133/><W126/><G0/><T104/><D69/><U113/><E105/><V92/><F129/><W53/><G72/><T24/><D104/><U68/><E113/><V78/><F112/><W31/><G31/><T93/><D128/><U111/><E111/><V45/><F92/><W9/><G9/><T89/><D127/><N who="2" m="48714" /><F40/><W134/><G126/><T99/><D5/><U110/><E68/><V81/><F81/><N who="3" m="47399" /><G98/><T44/><D3/><U8/><E80/><V7/><F7/><W131/><G123/><T97/><D87/><U21/><E75/><V6/><F6/><W13/><G131/><T37/><D37/><U115/><E110/><V41/><F41/><W28/><G28/><T20/><D93/><U17/><E115/><V119/><F119/><W130/><G108/><T19/><D19/><U38/><E39/><V102/><F102/><N who="3" m="39531" /><G130/><T103/><D103/><U22/><E38/><V2/><F2/><W116/><G116/><T54/><D97/><N who="1" m="57599" /><E8/><V62/><F30/><W65/><G42/><N who="0" m="24599" /><D99/><U109/><E109/><V85/><F74/><W71/><G71/><T67/><D20/><U1/><E22/><V114/><F23/><W16/><G134/><T43/><D43/><U14/><E1/><V90/><F114/><W36/><G135/><T82/><D82/><U18/><E10/><V25/><F83/><W4/><G36/><RYUUKYOKU ba="0,0" sc="209,30,293,-10,317,-10,181,-10" hai0="24,27,50,54,58,59,63,67,88,89" /><INIT seed="4,1,0,2,3,121" ten="239,283,307,171" oya="0" hai0="78,32,11,92,87,6,30,55,43,69,56,95,20" hai1="80,18,82,73,0,71,75,1,28,31,127,35,13" hai2="48,111,27,132,61,125,116,83,126,100,22,117,19" hai3="96,25,119,113,133,52,120,57,88,94,93,23,10"/><T86/><D69/><U77/><E71/><V130/><F130/><W36/><G113/><T89/><D32/><U114/><E114/><V3/><F3/><W41/><G119/><N who="2" m="45641" /><F132/><W58/><G120/><T104/><D104/><U15/><E127/><N who="2" m="48651" /><F100/><W37/><G133/><T38/><D38/><U2/><E0/><V131/><F131/><W109/><G109/><T64/><D43/><U91/><E35/><V85/><F61/><W107/><G107/><T76/><D64/><U46/><E2/><V110/><F48/><W59/><G10/><T112/><D112/><U54/><E1/><V40/><F40/><W105/><G105/><T115/><D115/><U53/><E54/><V72/><F72/><W34/><G34/><T60/><D30/><U9/><E53/><V39/><F39/><W66/><G66/><T84/><D20/><U42/><E73/><V8/><F8/><W123/><G123/><T90/><REACH who="0" step="1"/><D86/><REACH who="0" step="2"/><U7/><E75/><V45/><F45/><W16/><G41/><T103/><D103/><U29/><E46/><V99/><F99/><W79/><G37/><T63/><D63/><U51/><E42/><V65/><F65/><W128/><G36/><T101/><D101/><U67/><E67/><V74/><F74/><W70/><G70/><T24/><D24/><U97/><E97/><V134/><F134/><W26/><G26/><T124/><D124/><U129/><E129/><V81/><F85/><N who="3" m="52367" /><G128/><T44/><D44/><U102/><E102/><V21/><F22/><W106/><G106/><T118/><D118/><U49/><E31/><V17/><F21/><RYUUKYOKU ba="1,1" sc="229,30,283,-10,307,-10,171,-10" hai0="6,11,55,56,60,76,78,84,87,89,90,92,95" /><INIT seed="4,2,1,5,1,107" ten="259,273,297,161" oya="0" hai0="116,113,74,36,88,0,83,49,134,17,61,50,69" hai1="11,20,114,105,118,99,57,95,122,52,127,85,48" hai2="112,9,102,121,115,30,51,15,75,67,38,82,79" hai3="86,31,18,128,108,125,42,80,87,16,126,68,81"/><T29/><D36/><U94/><E118/><V110/><F110/><W135/><G68/><T84/><D0/><U120/><E122/><V54/><F121/><W3/><G108/><T26/><D116/><U10/><E127/><N who="3" m="48650" /><G3/><T44/><D113/><N who="2" m="43594" /><F38/><W90/><G135/><T14/><D134/><U97/><E105/><V130/><F130/><W60/><G128/><T6/><D6/><U34/><E34/><V45/><F102/><W2/><G2/><T100/><D100/><U96/><E114/><V40/><F67/><W104/><G104/><T53/><D50/><U109/><E109/><V73/><F30/><W32/><G42/><T111/><D111/><U106/><E106/><V70/><F70/><W7/><G7/><T133/><D133/><U71/><E71/><V21/><F21/><W27/><G60/><T72/><D61/><U131/><E20/><V66/><F66/><W93/><G81/><T132/><D132/><U78/><E131/><V43/><F75/><W64/><G64/><T1/><D69/><U41/><E41/><V123/><F123/><W55/><G55/><T89/><D1/><U124/><E120/><V24/><F24/><W63/><G63/><T12/><D12/><U25/><E25/><V101/><F101/><W77/><AGARI ba="2,1" hai="16,18,27,31,32,77,80,86,87,90,93" m="48650" machi="77" ten="30,1100,0" yaku="18,1" doraHai="107" who="3" fromWho="3" sc="259,-7,273,-5,297,-5,161,27" /><INIT seed="5,0,0,3,2,8" ten="252,268,292,188" oya="1" hai0="37,111,98,2,74,80,15,106,120,100,82,89,44" hai1="134,75,4,90,65,9,133,39,60,114,92,50,67" hai2="43,22,96,104,49,48,85,71,116,59,129,112,57" hai3="31,118,20,84,41,64,76,26,61,0,109,53,47"/><U13/><E39/><V29/><F71/><W121/><G109/><T12/><D111/><U51/><E75/><V93/><F116/><W95/><G118/><T33/><D33/><U24/><E114/><V27/><F129/><W28/><G121/><T127/><D2/><U55/><E24/><V46/><F112/><W7/><G53/><T38/><D127/><U62/><E90/><N who="2" m="55351" /><F104/><W125/><G125/><T83/><D74/><U88/><E65/><V68/><F68/><W63/><G7/><T56/><D120/><U117/><E67/><V110/><F110/><W113/><G0/><T10/><D89/><U36/><E36/><V21/><F21/><W131/><G131/><T70/><D70/><U23/><E117/><V17/><F29/><W94/><G113/><T119/><D119/><U103/><E103/><V40/><F85/><W32/><G31/><T19/><D44/><AGARI ba="0,0" hai="17,22,27,40,43,44,46,48,49,57,59" m="55351" machi="44" ten="30,1000,0" yaku="8,1" doraHai="8" who="2" fromWho="0" sc="252,-10,268,0,292,10,188,0" /><INIT seed="6,0,0,1,0,122" ten="242,268,302,188" oya="2" hai0="23,124,60,134,112,56,54,79,94,67,128,1,86" hai1="130,28,55,37,2,135,72,71,22,77,40,73,127" hai2="13,29,120,34,50,48,118,123,121,119,43,16,19" hai3="62,59,18,70,33,47,80,0,91,78,115,52,89"/><V68/><F68/><W116/><G116/><N who="2" m="44585" /><F43/><W74/><G115/><T110/><D110/><U36/><E55/><V30/><F34/><W108/><G0/><T75/><D75/><U113/><E22/><N who="2" m="11535" /><F50/><W103/><G33/><T7/><D112/><U20/><E20/><V93/><F93/><W8/><G70/><T64/><D23/><U26/><E40/><V35/><F48/><W32/><G103/><T82/><D94/><U10/><E71/><V46/><F46/><W12/><G108/><T3/><D56/><U84/><E37/><V129/><F129/><W31/><REACH who="3" step="1"/><G47/><REACH who="3" step="2"/><T51/><D3/><U45/><E113/><V101/><F101/><W25/><AGARI ba="0,1" hai="8,12,18,25,31,32,52,59,62,74,78,80,89,91" machi="25" ten="30,4000,0" yaku="1,1,2,1,0,1,53,0" doraHai="122" doraHaiUra="42" who="3" fromWho="3" sc="242,-10,268,-10,302,-20,178,50" /><INIT seed="7,0,0,4,1,99" ten="232,258,282,228" oya="3" hai0="11,73,135,61,23,70,22,127,104,74,35,10,51" hai1="111,26,106,87,81,0,103,1,118,17,72,91,78" hai2="64,71,83,95,108,69,123,5,47,112,114,39,20" hai3="100,14,2,131,120,19,45,67,57,32,52,9,132"/><W27/><G120/><T117/><D51/><U43/><E111/><V54/><F108/><W79/><G131/><T113/><D61/><U7/><E43/><N who="2" m="23039" /><F5/><W12/><G132/><T59/><D59/><U77/><E118/><V90/><F123/><W105/><G2/><T6/><D6/><U93/><E77/><V110/><F110/><W98/><G79/><T62/><D62/><U84/><E87/><N who="2" m="52703" /><F64/><W60/><G32/><T116/><D104/><U30/><E17/><V37/><F37/><W130/><G130/><T33/><D70/><U40/><E40/><V8/><F8/><W122/><G122/><T121/><D121/><U126/><E7/><V16/><F83/><W56/><G45/><T82/><D82/><U124/><E1/><V15/><F54/><W50/><REACH who="3" step="1"/><G9/><REACH who="3" step="2"/><T29/><D135/><U46/><E0/><V94/><F114/><W31/><G31/><T76/><D76/><U96/><E46/><V102/><F112/><W80/><G80/><T21/><D113/><U18/><E18/><V75/><F16/><W3/><G3/><T25/><D29/><U89/><E91/><V44/><F44/><W109/><G109/><T28/><D28/><U125/><E124/><V65/><F75/><W133/><G133/><T36/><D127/><U4/><E4/><V41/><F41/><W38/><G38/><T85/><D36/><U97/><E96/><V129/><F129/><W88/><G88/><T55/><D74/><U86/><E84/><V13/><F20/><AGARI ba="0,1" hai="12,14,19,20,27,50,52,56,57,60,67,98,100,105" machi="20" ten="40,3900,0" yaku="1,1,52,1,53,0" doraHai="99" doraHaiUra="128" who="3" fromWho="2" sc="232,0,258,0,282,-39,218,49" /><AGARI ba="0,0" hai="20,26,30,72,78,81,86,89,93,97,103,106,125,126" machi="20" ten="40,5200,0" yaku="24,2,52,1" doraHai="99" who="1" fromWho="2" sc="232,0,258,52,243,-52,267,0" /><INIT seed="7,1,0,4,1,104" ten="232,310,191,267" oya="3" hai0="75,37,111,18,113,49,88,71,131,53,109,65,31" hai1="44,4,10,69,58,98,14,77,81,12,128,85,126" hai2="48,92,30,33,45,39,83,94,116,95,3,2,56" hai3="13,93,72,63,99,50,6,27,73,40,79,132,70"/><W11/><G132/><T96/><D37/><U68/><E126/><V60/><F116/><W23/><G79/><T105/><D131/><U122/><E122/><V22/><F33/><W107/><G107/><T59/><D113/><U52/><E128/><V101/><F101/><W19/><G40/><T108/><D18/><U106/><E44/><V67/><F39/><W123/><G123/><T46/><D31/><U42/><E42/><V78/><F22/><W16/><G50/><T36/><D88/><U115/><E115/><V112/><F30/><W29/><G63/><N who="0" m="40383" /><D96/><U133/><E133/><V32/><F32/><W80/><G70/><T5/><D5/><U66/><E66/><V7/><F112/><W76/><REACH who="3" step="1"/><G72/><REACH who="3" step="2"/><T129/><D75/><U90/><E69/><V15/><F15/><W41/><G41/><N who="0" m="22823" /><D105/><U64/><E68/><V20/><F20/><W61/><G61/><T21/><D129/><U25/><E14/><V82/><F7/><W125/><G125/><T135/><D21/><U110/><E106/><V26/><F26/><W127/><G127/><T35/><D35/><U43/><E25/><V102/><F102/><AGARI ba="1,1" hai="6,11,13,16,19,23,27,29,73,76,80,93,99,102" machi="102" ten="30,5800,0" yaku="1,1,7,1,52,1,53,0" doraHai="104" doraHaiUra="114" who="3" fromWho="2" sc="232,0,310,0,191,-61,257,71" owari="232,-17,310,11,130,-37,328,43" /></mjloggm>