<mjloggm ver="2.3"><GO type="169"/><UN n0="%E5%A4%A7%E6%AD%A3%E9%BA%BB%E9%9B%80%E5%A8%98%E3%80%82" n1="%E3%83%9A%E3%83%81%E3%83%A7%E3%83%BC%E3%83%AA%E3%83%B3" n2="%EF%BC%88%E2%89%A7%E2%96%BD%E2%89%A6%EF%BC%89" n3="%E5%8F%AF%E7%87%83%E6%80%A7%E9%AB%98%E5%9C%A7%E3%82%AC%E3%82%B9" dan="17,17,18,18" rate="2165,2187,2162,2225" sx="F,M,M,M"/><TAIKYOKU oya="0"/><INIT seed="0,0,0,4,2,82" ten="250,250,250,250" oya="0" hai0="25,29,22,105,32,66,39,10,30,91,87,95,134" hai1="101,26,124,36,117,24,107,21,83,96,33,113,54" hai2="18,76,128,51,100,70,90,92,20,55,119,77,69" hai3="72,47,85,42,19,7,34,131,6,16,23,80,12"/><T84/><D105/><U116/><E124/><V109/><F128/><W11/><G72/><T64/><D39/><U106/><E106/><V115/><F115/><W73/><G73/><T60/><D134/><U74/><E36/><V27/><F119/><W2/><G34/><T17/><D10/><U123/><E123/><V110/><F100/><W49/><G131/><T99/><D64/><U13/><E113/><V120/><F120/><W132/><G132/><T5/><D5/><U94/><E33/><V59/><F70/><W52/><G42/><T28/><REACH who="0" step="1"/><D32/><REACH who="0" ten="240,250,250,250" step="2"/><U40/><E107/><V37/><F37/><W65/><G65/><T41/><D41/><U67/><E40/><V56/><F69/><AGARI ba="0,1" hai="17,22,25,28,29,30,60,66,69,84,87,91,95,99" machi="69" ten="40,7700,0" yaku="1,1,52,2,53,0" doraHai="82" doraHaiUra="48" who="0" fromWho="2" sc="240,87,250,0,250,-77,250,0" /><INIT seed="0,1,0,2,4,48" ten="327,250,173,250" oya="0" hai0="22,86,108,77,104,123,2,79,20,90,56,72,66" hai1="112,111,83,9,5,109,11,93,57,21,64,16,130" hai2="24,117,118,75,67,49,127,131,124,122,98,92,26" hai3="46,54,6,58,133,91,41,84,12,68,74,100,120"/><T135/><D123/><U110/><E130/><V33/><F67/><W62/><G120/><T61/><D104/><U15/><E112/><V13/><F122/><W40/><G74/><T4/><D2/><U82/><E93/><V37/><F37/><W97/><G133/><T36/><D36/><U28/><E28/><V38/><F38/><W60/><G68/><T42/><D42/><N who="3" m="16489" /><G46/><T25/><D135/><U95/><E95/><V71/><F71/><W0/><G0/><T103/><D103/><U134/><E134/><V32/><F49/><N who="3" m="31055" /><G97/><T106/><D106/><U102/><E102/><V19/><F75/><W31/><G31/><N who="0" m="17831" /><D4/><U119/><E119/><N who="2" m="45579" /><F131/><W43/><G100/><T78/><D72/><U80/><E5/><V14/><F98/><W126/><G126/><N who="2" m="48169" /><F92/><N who="3" m="54375" /><G43/><T55/><D66/><U89/><E89/><V63/><F63/><AGARI ba="1,0" hai="9,11,15,16,21,57,63,64,80,82,83,109,110,111" machi="63" ten="50,3200,0" yaku="14,1,54,1" doraHai="48" who="1" fromWho="2" sc="327,0,250,35,173,-35,250,0" /><INIT seed="1,0,0,1,3,119" ten="327,285,138,250" oya="1" hai0="56,64,91,122,104,78,33,1,59,74,127,113,125" hai1="22,43,106,34,42,51,30,17,117,96,58,89,123" hai2="111,53,65,7,99,6,23,15,41,10,29,133,8" hai3="114,120,116,100,44,134,121,82,35,83,18,128,45"/><U108/><E117/><V3/><F133/><W38/><G35/><T11/><D113/><U21/><E34/><V71/><F111/><W61/><G116/><T4/><D104/><U124/><E108/><V32/><F41/><W2/><G2/><T98/><D33/><U50/><E124/><V84/><F99/><W26/><G114/><T102/><D122/><N who="3" m="47209" /><G100/><T47/><D47/><N who="3" m="17993" /><G26/><T88/><D78/><U9/><E106/><V14/><F84/><W36/><G18/><T48/><D74/><U135/><E17/><N who="2" m="10687" /><F53/><W107/><G61/><N who="0" m="37927" /><D102/><U118/><E123/><V19/><F32/><W87/><G87/><T31/><D98/><U68/><E96/><V20/><F29/><W60/><G60/><T28/><D31/><U57/><E30/><V54/><F3/><W132/><G128/><T112/><D28/><U70/><E118/><V49/><F6/><W12/><G12/><N who="0" m="5223" /><D112/><U80/><E43/><V13/><F7/><W25/><G25/><T0/><D0/><U97/><E42/><V95/><F13/><W37/><G107/><T52/><D1/><U79/><E97/><V126/><F14/><W86/><G86/><T62/><D62/><U27/><E27/><V67/><F19/><W85/><G85/><T16/><D16/><U77/><E9/><V69/><F10/><W81/><AGARI ba="0,0" hai="36,37,38,81,82,83,132,134" m="17993,47209" machi="81" ten="50,8000,1" yaku="28,2,52,3" doraHai="119" who="3" fromWho="3" sc="327,-20,285,-40,138,-20,250,80" /><INIT seed="2,0,0,1,5,90" ten="307,245,118,330" oya="2" hai0="116,105,35,70,57,101,60,132,109,49,20,115,79" hai1="97,28,39,129,38,30,32,72,85,98,96,120,81" hai2="12,48,114,45,53,24,73,13,40,103,4,117,133" hai3="43,44,77,3,42,31,25,58,111,26,113,123,119"/><V69/><F117/><W80/><G119/><T100/><D35/><U121/><E129/><V89/><F73/><W8/><G123/><N who="1" m="47178" /><E72/><V67/><F114/><W34/><G26/><T112/><D116/><U102/><E102/><V107/><F133/><W52/><G113/><T118/><D118/><U99/><E98/><V11/><F107/><W54/><G111/><T56/><D70/><U135/><E135/><V127/><F103/><W18/><G43/><T88/><D109/><U122/><E122/><V36/><F127/><W125/><G58/><T19/><D79/><N who="1" m="46271" /><E32/><V7/><F24/><W108/><G125/><T104/><D104/><U128/><E128/><V27/><F27/><W5/><G18/><T1/><D105/><U33/><E33/><V126/><F126/><W124/><G108/><T106/><D106/><U63/><E63/><N who="2" m="40191" /><F89/><W64/><G64/><T6/><D132/><U37/><AGARI ba="0,0" hai="28,30,37,38,39,96,97,99" m="46271,47178" machi="37" ten="40,1500,0" yaku="13,1" doraHai="90" who="1" fromWho="1" sc="307,-4,245,15,118,-7,330,-4" /><INIT seed="3,0,0,3,5,109" ten="303,260,111,326" oya="3" hai0="57,62,105,49,33,85,95,63,45,16,100,87,0" hai1="116,122,90,9,7,35,134,125,46,102,115,58,114" hai2="60,86,26,39,8,104,98,18,42,129,132,131,69" hai3="77,101,135,64,94,117,36,78,119,13,11,12,88"/><W59/><G36/><T29/><D0/><U19/><E102/><V128/><F132/><W108/><G101/><T80/><D105/><U3/><E35/><V82/><F98/><W48/><G135/><T103/><D33/><U40/><E134/><V66/><F104/><W126/><G126/><T107/><D107/><U54/><E122/><V5/><F39/><W31/><G31/><T50/><D29/><U79/><E79/><V83/><F42/><W10/><G117/><T106/><D106/><U67/><E67/><V61/><F61/><N who="3" m="37951" /><G48/><T118/><D118/><U34/><E34/><V71/><F71/><W111/><G119/><T6/><D6/><U112/><E125/><V113/><F113/><W30/><G30/><T55/><D103/><U123/><E123/><V51/><F51/><W127/><G127/><T97/><D87/><U38/><E116/><V91/><F26/><W75/><G75/><T24/><D50/><U72/><E72/><V15/><REACH who="2" step="1"/><F5/><REACH who="2" ten="303,260,101,326" step="2"/><N who="3" m="3151" /><G111/><T27/><D27/><U53/><E114/><V32/><F32/><W84/><G108/><T121/><D121/><U23/><E115/><V37/><F37/><W110/><G110/><T89/><D57/><U17/><E112/><V25/><F25/><W76/><G76/><T96/><D96/><U65/><E58/><V47/><F47/><W44/><G44/><T93/><D63/><U99/><E46/><V28/><F28/><W133/><G133/><T43/><D62/><U81/><E38/><V22/><F22/><W4/><AGARI ba="0,1" hai="4,11,13,77,78,84,88,94" m="3151,37951" machi="4" ten="30,3000,0" yaku="8,1,54,1" doraHai="109" who="3" fromWho="3" sc="303,-10,260,-10,101,-10,326,40" /><INIT seed="3,1,0,2,3,35" ten="293,250,91,366" oya="3" hai0="117,113,9,74,110,3,84,78,121,76,120,118,107" hai1="34,46,90,134,108,88,80,8,13,47,105,126,14" hai2="53,109,63,73,79,6,94,44,18,96,62,119,104" hai3="48,64,43,89,91,40,68,95,81,28,57,60,59"/><W23/><G81/><N who="0" m="45207" /><D9/><U50/><E105/><V20/><F119/><N who="0" m="45578" /><D3/><U124/><E34/><V37/><F109/><W86/><G91/><N who="1" m="34858" /><E108/><V132/><F104/><W98/><G98/><T131/><D110/><U99/><E134/><V102/><F132/><W101/><G101/><T39/><D39/><U70/><E70/><V112/><F112/><W2/><G2/><T52/><D52/><N who="1" m="29783" /><E99/><V103/><F37/><W65/><G68/><T87/><D131/><U38/><E80/><V82/><F103/><W129/><G129/><T51/><D107/><U27/><E27/><V123/><F123/><W67/><G67/><T56/><D113/><U19/><E14/><V100/><F100/><W0/><G0/><T93/><D121/><U116/><E116/><V72/><F72/><W75/><G75/><T66/><D120/><U29/><E29/><V83/><F83/><W36/><G36/><T130/><D130/><U4/><E19/><V32/><F32/><W22/><G28/><T1/><D1/><U122/><E122/><V85/><F73/><W42/><G65/><T21/><D87/><U16/><E4/><V31/><F6/><W54/><AGARI ba="1,0" hai="22,23,40,42,43,48,54,57,59,60,64,86,89,95" machi="54" ten="30,3000,0" yaku="0,1,8,1" doraHai="35" who="3" fromWho="3" sc="293,-11,250,-11,91,-11,366,33" /><INIT seed="3,2,0,2,0,98" ten="282,239,80,399" oya="3" hai0="29,70,84,56,109,53,111,54,126,73,47,85,37" hai1="4,12,129,80,35,103,127,119,2,110,77,38,121" hai2="120,108,100,52,107,74,82,87,76,63,88,46,27" hai3="14,83,66,71,92,116,68,51,19,32,61,135,130"/><W23/><G116/><T50/><D73/><U57/><E38/><V15/><F108/><N who="0" m="41546" /><D29/><U79/><E57/><N who="2" m="35239" /><F120/><W104/><G104/><T67/><D85/><U8/><E35/><V117/><F117/><W81/><G71/><T16/><D126/><U30/><E12/><V18/><F27/><W125/><G32/><T39/><D84/><U96/><E8/><N who="2" m="6503" /><F74/><W101/><G125/><T59/><D16/><U133/><E4/><V3/><F3/><W89/><G19/><T86/><D86/><U99/><E2/><V7/><F107/><W123/><G14/><T5/><D5/><U43/><E121/><V124/><F124/><W60/><G123/><T31/><D31/><U28/><E127/><V93/><F7/><W24/><G24/><T25/><D25/><U113/><E119/><V106/><F106/><W95/><G68/><T49/><D70/><U102/><E28/><V42/><F76/><W128/><G128/><T94/><D94/><U132/><E30/><V10/><F10/><W65/><G130/><T40/><D67/><U6/><E6/><V114/><F114/><W64/><G64/><T11/><D11/><U55/><E79/><V118/><F118/><W17/><G66/><T26/><D26/><U72/><E77/><V22/><F22/><W122/><G65/><T115/><D39/><U36/><E72/><V33/><F33/><W44/><G23/><T78/><D78/><U41/><E36/><N who="2" m="21831" /><F82/><W0/><G81/><T58/><D58/><U91/><E80/><V62/><F62/><W9/><G83/><T75/><D75/><U48/><E110/><RYUUKYOKU ba="2,0" sc="282,15,239,-15,80,15,399,-15" hai0="37,40,47,49,50,53,54,56,59,115" hai2="87,88,93,100" /><INIT seed="4,3,0,3,0,62" ten="297,224,95,384" oya="0" hai0="15,0,91,4,19,25,27,44,53,66,68,7,56" hai1="1,61,59,77,124,64,34,58,97,38,119,71,118" hai2="127,123,83,69,78,29,37,55,117,21,115,65,93" hai3="16,54,24,94,52,13,39,126,43,8,51,102,67"/><T129/><D129/><U40/><E34/><V92/><F123/><W75/><G75/><T31/><D44/><N who="1" m="23575" /><E1/><V110/><F110/><W113/><G39/><T9/><D7/><U103/><E77/><V111/><F111/><W22/><G113/><T98/><D68/><U32/><E32/><V26/><F115/><W72/><G72/><T125/><D125/><U5/><E5/><V106/><F106/><W11/><G67/><T47/><D31/><U36/><E97/><V20/><F127/><W134/><G134/><T85/><D98/><U108/><E103/><V88/><F117/><N who="1" m="44553" /><E124/><V109/><F109/><W86/><G126/><T81/><D4/><U63/><E108/><V121/><F121/><W112/><G112/><T2/><D2/><U120/><E120/><V90/><F78/><W49/><G43/><T28/><D28/><U133/><E133/><V70/><F83/><W104/><G104/><T17/><D17/><U87/><E87/><N who="2" m="52255" /><F37/><W10/><G24/><T50/><D0/><U132/><E132/><V30/><F30/><W79/><G102/><T116/><D116/><U18/><E18/><V45/><F21/><W74/><G74/><T35/><D35/><U84/><E84/><N who="2" m="52423" /><F65/><W73/><G73/><T3/><D3/><U6/><E6/><V122/><F122/><W60/><G79/><T101/><D101/><U99/><E99/><V95/><F95/><W48/><G94/><T107/><D107/><U80/><E80/><V105/><F105/><W135/><G135/><T131/><D131/><U23/><E36/><V76/><F76/><W89/><G86/><RYUUKYOKU ba="3,0" sc="297,15,224,-15,95,15,384,-15" hai0="9,15,19,25,27,47,50,53,56,66,81,85,91" hai2="20,26,29,45,55,69,70" /><INIT seed="4,4,0,3,5,73" ten="312,209,110,369" oya="0" hai0="45,39,23,104,111,87,117,18,95,93,70,26,86" hai1="69,83,27,8,20,41,38,99,12,91,36,10,16" hai2="90,123,121,72,7,37,35,108,0,68,127,107,11" hai3="57,30,32,31,21,84,42,115,103,129,132,75,97"/><T9/><D104/><U85/><E69/><V15/><RYUUKYOKU type="yao9" ba="4,0" sc="312,0,209,0,110,0,369,0" hai2="0,7,11,15,35,37,68,72,90,107,108,121,123,127" /><INIT seed="4,5,0,1,1,31" ten="312,209,110,369" oya="0" hai0="88,94,53,90,99,58,13,20,74,41,86,61,44" hai1="78,71,103,122,16,3,18,22,0,19,67,1,17" hai2="55,130,5,126,64,132,65,93,97,134,66,45,25" hai3="127,125,108,62,23,105,77,14,40,92,123,46,4"/><T83/><D74/><U51/><E122/><V107/><F107/><W24/><G105/><T54/><D20/><U100/><E78/><V59/><F5/><W30/><G108/><T27/><D27/><U29/><E51/><V6/><F6/><W124/><G123/><T110/><D110/><U33/><E67/><V42/><F25/><W121/><G121/><T35/><D35/><U133/><E71/><V96/><F96/><W113/><G113/><T21/><D21/><U69/><E69/><V15/><F15/><W91/><G77/><T28/><D13/><N who="1" m="9583" /><E100/><V117/><F117/><W72/><G72/><T49/><REACH who="0" step="1"/><D28/><REACH who="0" ten="302,209,110,369" step="2"/><U57/><E29/><V9/><F9/><W11/><G124/><T135/><D135/><U82/><E33/><V34/><F34/><W68/><G127/><T119/><D119/><U56/><E133/><V114/><F126/><W84/><G125/><T75/><D75/><U8/><E8/><V7/><F114/><W129/><G11/><T60/><D60/><U87/><E1/><V104/><F134/><W111/><G111/><T102/><D102/><U2/><E0/><V63/><F132/><W118/><G62/><T115/><D115/><U37/><E2/><V106/><F7/><W81/><G4/><T120/><D120/><U89/><E3/><V70/><F70/><W47/><G68/><T95/><D95/><U32/><E32/><V128/><F106/><W80/><G118/><T98/><D98/><U36/><E103/><N who="2" m="60847" /><F104/><W10/><G10/><T12/><D12/><U39/><E18/><V109/><F109/><W73/><G30/><RYUUKYOKU ba="5,1" sc="302,10,209,10,110,10,369,-30" hai0="41,44,49,53,54,58,61,83,86,88,90,94,99" hai1="16,17,36,37,39,56,57,82,87,89" hai2="42,45,55,59,63,64,65,66,128,130" /><INIT seed="4,6,1,3,0,105" ten="312,219,120,339" oya="0" hai0="67,35,16,65,40,130,127,123,50,78,131,29,88" hai1="39,118,23,117,74,73,37,38,17,72,59,7,22" hai2="111,103,24,48,21,90,75,28,76,63,70,46,26" hai3="99,80,57,124,85,53,68,102,32,114,112,82,56"/><T95/><D123/><U81/><E7/><V42/><F111/><W77/><G68/><T10/><D127/><U52/><E81/><V133/><F133/><W36/><G36/><T66/><D78/><U5/><E5/><V116/><F116/><W83/><G32/><T115/><D115/><N who="3" m="44073" /><G124/><T94/><D94/><U92/><E92/><V119/><F119/><W58/><G53/><T34/><D29/><U54/><E54/><V60/><F103/><W110/><G110/><T106/><D106/><AGARI ba="6,1" hai="56,57,58,77,80,82,83,85,99,102,106" m="44073" machi="106" ten="30,1000,0" yaku="15,1" doraHai="105" who="3" fromWho="0" sc="312,-28,219,0,120,0,339,38" /><INIT seed="5,0,0,4,0,102" ten="284,219,120,377" oya="1" hai0="52,44,123,27,86,63,117,66,90,56,0,80,95" hai1="134,81,106,47,97,71,57,53,8,28,25,88,113" hai2="41,7,64,87,55,4,14,13,121,38,33,60,78" hai3="19,2,99,116,21,124,107,10,70,3,15,20,65"/><U119/><E71/><V77/><F33/><W125/><G116/><T128/><D117/><U94/><E119/><V73/><F121/><W110/><G110/><T114/><D0/><N who="3" m="41" /><G99/><T32/><D114/><U29/><E134/><V85/><F38/><W12/><G107/><T49/><D128/><U22/><E113/><V35/><F35/><W109/><G109/><T112/><D112/><U39/><E106/><V122/><F41/><W37/><G37/><T5/><D5/><U16/><E8/><V50/><F73/><W98/><G98/><T129/><D129/><U130/><E130/><V74/><F55/><W48/><G48/><T61/><D61/><N who="1" m="36015" /><E81/><V67/><F50/><W104/><G104/><T23/><D32/><U82/><E82/><V31/><F74/><W133/><G133/><T54/><D123/><U9/><E9/><V115/><F122/><W72/><G72/><T101/><D101/><U62/><E62/><V89/><F115/><W83/><G83/><T105/><D105/><U59/><E59/><V1/><F60/><N who="3" m="40231" /><G12/><T42/><REACH who="0" step="1"/><D80/><REACH who="0" ten="274,219,120,377" step="2"/><U34/><E34/><V132/><F132/><W79/><G79/><T30/><AGARI ba="0,1" hai="23,27,30,42,44,49,52,54,56,63,66,86,90,95" machi="30" ten="20,12000,2" yaku="1,1,2,1,0,1,7,1,8,1,54,1,53,0" doraHai="102" doraHaiUra="131" who="0" fromWho="0" sc="274,130,219,-60,120,-30,377,-30" /><INIT seed="6,0,0,1,4,52" ten="404,159,90,347" oya="2" hai0="116,33,104,3,77,27,117,29,9,59,57,105,102" hai1="20,124,91,90,108,99,89,81,80,38,68,76,48" hai2="7,73,130,100,135,78,23,95,107,16,98,87,47" hai3="132,134,42,63,97,36,64,2,50,125,1,122,19"/><V60/><F135/><N who="3" m="51755" /><G97/><N who="0" m="61519" /><D77/><U14/><E38/><V4/><F130/><W56/><G19/><T112/><D112/><U120/><E68/><V37/><F37/><W121/><G2/><T115/><D115/><U127/><E108/><V111/><F111/><W26/><G26/><T106/><D105/><U15/><E120/><N who="3" m="46186" /><G1/><T86/><D86/><U8/><E99/><V18/><F47/><N who="3" m="25975" /><G36/><T66/><D106/><U0/><E20/><V53/><F107/><W11/><G11/><T123/><D123/><U54/><E0/><V10/><F73/><W5/><G5/><N who="2" m="2121" /><F10/><W92/><G92/><T114/><D114/><U71/><E8/><V131/><F131/><W32/><G32/><T61/><D9/><U13/><E71/><V24/><F18/><W39/><G39/><T28/><D28/><U128/><E128/><V74/><F74/><W35/><G35/><T40/><D3/><U58/><REACH who="1" step="1"/><E81/><REACH who="1" ten="404,149,90,347" step="2"/><N who="2" m="47543" /><F60/><W25/><G25/><T70/><D70/><U88/><N who="1" m="22528" /><DORA hai="118" /><U133/><E133/><V17/><F17/><W83/><G83/><T41/><D61/><U46/><E46/><V72/><F72/><AGARI ba="0,1" hai="13,14,15,48,54,58,72,76,80,124,127" m="22528" machi="72" ten="60,8000,1" yaku="1,1,52,1,54,1,53,1" doraHai="52,118" doraHaiUra="109,55" who="1" fromWho="2" sc="404,0,149,90,90,-80,347,0" /><INIT seed="7,0,0,2,4,44" ten="404,239,10,347" oya="3" hai0="98,96,4,11,125,104,70,26,6,9,57,131,129" hai1="15,103,132,80,106,95,35,34,40,49,13,85,20" hai2="28,69,25,3,82,58,50,130,72,68,87,75,110" hai3="73,29,18,31,48,24,114,124,21,83,38,88,81"/><W22/><G38/><T67/><D70/><U123/><E106/><V133/><F130/><N who="0" m="49674" /><D125/><U115/><E123/><V30/><F133/><W1/><G1/><N who="0" m="143" /><D26/><U63/><E132/><V128/><F3/><W27/><G124/><T2/><D104/><U107/><E115/><V55/><F128/><W105/><G105/><T8/><D8/><U16/><E107/><V51/><F110/><W54/><G114/><T62/><AGARI ba="0,0" hai="2,6,11,57,62,67,96,98" m="143,49674" machi="62" ten="30,1100,0" yaku="19,1" doraHai="44" who="0" fromWho="0" sc="404,11,239,-3,10,-3,347,-5" owari="415,51.0,236,-16.0,7,-49.0,342,14.0" /></mjloggm>