<mjloggm ver="2.3"><GO type="41"/><UN n0="%EF%BC%88%E2%89%A7%E2%96%BD%E2%89%A6%EF%BC%89" n1="%E4%BB%8A%E6%97%A5%E4%B8%80" n2="%E3%81%8A%E8%8F%93%E5%AD%90%E3%81%AE%E4%BA%BA" n3="%59%55%54%41" dan="15,14,14,13" rate="2062,1925,1998,1909" sx="M,F,M,M"/><TAIKYOKU oya="0"/><INIT seed="0,0,0,2,4,48" ten="250,250,250,250" oya="0" hai0="6,63,88,2,20,66,84,28,68,31,58,81,17" hai1="125,42,75,130,127,43,113,35,95,128,0,80,61" hai2="111,23,64,110,114,120,59,72,99,117,10,112,131" hai3="1,32,46,14,36,102,123,45,62,129,29,83,132"/><T49/><D2/><U69/><E35/><V47/><F72/><W55/><G1/><T65/><D6/><U70/><E113/><V101/><F10/><W73/><G132/><T116/><D116/><U53/><E0/><V90/><F90/><W7/><G129/><N who="1" m="49770" /><E95/><V100/><F131/><W26/><G102/><T40/><D66/><U12/><E12/><V108/><F47/><W57/><G36/><T87/><D87/><U119/><E119/><V33/><F33/><W115/><G115/><N who="2" m="44073" /><F23/><W34/><G34/><T121/><D121/><U79/><E70/><V38/><F38/><W5/><G123/><T122/><D122/><U89/><E89/><V51/><F120/><W11/><REACH who="3" step="1"/><G5/><REACH who="3" step="2"/><T134/><D134/><U74/><E127/><V107/><F117/><W124/><G124/><T54/><REACH who="0" step="1"/><D40/><REACH who="0" step="2"/><U82/><E43/><V8/><F110/><W50/><G50/><T106/><D106/><U92/><E42/><V41/><F51/><W37/><G37/><T24/><AGARI ba="0,2" hai="17,20,24,28,31,49,54,58,63,65,68,81,84,88" machi="24" ten="20,18000,2" yaku="1,1,0,1,7,1,52,1,54,1,53,1" doraHai="48" doraHaiUra="21" who="0" fromWho="0" sc="240,200,250,-60,250,-60,240,-60" /><INIT seed="0,1,0,5,3,26" ten="440,190,190,180" oya="0" hai0="62,32,43,36,54,107,112,8,6,89,110,133,41" hai1="120,68,34,11,65,69,73,14,30,67,94,75,55" hai2="93,51,66,130,70,64,100,9,90,122,39,72,24" hai3="95,28,98,97,76,116,87,25,10,37,22,96,103"/><T109/><D107/><U114/><E120/><V74/><F39/><W92/><G37/><T80/><D112/><U104/><E104/><V127/><F100/><W17/><G116/><T123/><D32/><U40/><E114/><V45/><F122/><W115/><G115/><T113/><D123/><U135/><E40/><V77/><F70/><W82/><G103/><T119/><D113/><U50/><E135/><V126/><F130/><W129/><G129/><T71/><D119/><U58/><E68/><V78/><F9/><W42/><REACH who="3" step="1"/><G42/><REACH who="3" step="2"/><T47/><D43/><U106/><E106/><V63/><F126/><W2/><G2/><T79/><D41/><U53/><E69/><V48/><F127/><W4/><G4/><T20/><D71/><U29/><E73/><V33/><F74/><W105/><G105/><T21/><D6/><N who="1" m="3447" /><E75/><V117/><F72/><W111/><G111/><T81/><D36/><U91/><E34/><V124/><F33/><W23/><G23/><T102/><D109/><U125/><E125/><V121/><F124/><W83/><G83/><T99/><D80/><U61/><E65/><V7/><F66/><W134/><G134/><T46/><D133/><U13/><E67/><V118/><F64/><W59/><G59/><T3/><D110/><U35/><E35/><V38/><F117/><W19/><G19/><T12/><D3/><U15/><E15/><AGARI ba="1,1" hai="10,15,17,22,25,28,76,82,87,92,95,96,97,98" machi="15" ten="40,5200,0" yaku="1,1,8,1,52,1,53,0" doraHai="26" doraHaiUra="60" who="3" fromWho="1" sc="440,0,190,-55,190,0,170,65" /><INIT seed="1,0,0,1,5,107" ten="440,135,190,235" oya="1" hai0="86,94,60,17,131,98,70,132,12,68,27,90,4" hai1="112,67,101,66,0,7,37,11,127,64,113,100,1" hai2="42,22,59,73,82,84,33,91,23,32,71,121,52" hai3="3,40,122,92,74,108,130,58,50,19,47,25,51"/><U116/><E116/><V48/><F71/><W14/><G3/><T99/><D132/><U2/><E127/><V30/><F121/><W110/><G122/><T61/><D131/><U13/><REACH who="1" step="1"/><E37/><REACH who="1" step="2"/><V35/><F42/><W96/><G130/><T53/><D70/><U6/><E6/><V18/><F30/><W125/><G125/><T15/><D68/><U135/><E135/><V102/><F102/><AGARI ba="0,1" hai="0,1,2,7,11,13,64,66,67,100,101,102,112,113" machi="102" ten="50,4800,0" yaku="1,1,53,1" doraHai="107" doraHaiUra="9" who="1" fromWho="2" sc="440,0,125,58,190,-48,235,0" /><INIT seed="1,1,0,2,3,32" ten="440,183,142,235" oya="1" hai0="87,38,79,103,89,98,86,70,35,118,37,92,68" hai1="88,81,119,6,108,42,63,107,85,34,78,82,33" hai2="67,72,95,10,31,125,110,66,57,93,49,96,36" hai3="5,56,76,129,9,135,101,20,25,52,3,14,132"/><U126/><E119/><V102/><F72/><W39/><G39/><T77/><D118/><U51/><E107/><V91/><F36/><W2/><G129/><T59/><D35/><U12/><E126/><V134/><F125/><W75/><G101/><T74/><D37/><U48/><E108/><V60/><F110/><W61/><G76/><T99/><D38/><U40/><E63/><V13/><F31/><W50/><G75/><T29/><D29/><U18/><E6/><V121/><F49/><N who="1" m="19017" /><E33/><V94/><F134/><N who="3" m="51243" /><G50/><T21/><D70/><U26/><E34/><V16/><F121/><W46/><G46/><T111/><D68/><U28/><E26/><V124/><F124/><W80/><G80/><N who="0" m="45111" /><D111/><U120/><E28/><AGARI ba="1,0" hai="2,3,5,9,14,20,25,28,52,56,61" m="51243" machi="28" ten="30,7700,0" yaku="20,1,52,2,54,1" doraHai="32" who="3" fromWho="1" sc="440,0,183,-80,142,0,235,80" /><INIT seed="2,0,0,1,3,11" ten="440,103,142,315" oya="2" hai0="3,86,98,73,54,131,30,25,58,61,28,56,118" hai1="135,60,116,113,43,14,101,94,20,110,129,5,74" hai2="87,65,2,53,79,27,120,36,67,31,52,71,66" hai3="83,85,4,92,37,18,45,26,48,132,82,112,9"/><V119/><F2/><W44/><G132/><T62/><D3/><U130/><E129/><V107/><F107/><W123/><G123/><T108/><D73/><U117/><E43/><V47/><F120/><W41/><G112/><T32/><D131/><U111/><E60/><V100/><F100/><W49/><G26/><T81/><D118/><U95/><E20/><V122/><F122/><W57/><G18/><T64/><D108/><U115/><E5/><V121/><F121/><W103/><G57/><T77/><D30/><U55/><E55/><V10/><F119/><N who="1" m="45641" /><E74/><V105/><F105/><W24/><G24/><T89/><REACH who="0" step="1"/><D98/><REACH who="0" step="2"/><U88/><E130/><V29/><F71/><W109/><G109/><N who="1" m="41482" /><E135/><V126/><F126/><W91/><G37/><T63/><D63/><U84/><E14/><V34/><F31/><W133/><G133/><T114/><D114/><U40/><E40/><V106/><F36/><W51/><G51/><T97/><D97/><AGARI ba="0,1" hai="84,88,94,95,97,101,113,115" m="41482,45641" machi="97" ten="30,7700,0" yaku="14,1,34,2,54,1" doraHai="11" who="1" fromWho="0" sc="430,-77,103,87,142,0,315,0" /><INIT seed="3,0,0,3,1,22" ten="353,190,142,315" oya="3" hai0="64,76,7,113,51,125,119,0,105,20,74,127,56" hai1="79,46,99,97,80,112,72,23,21,16,35,106,103" hai2="122,45,87,37,47,10,9,120,50,14,91,115,68" hai3="31,134,66,1,132,78,34,94,100,111,73,63,129"/><W11/><G129/><T39/><D105/><U124/><E112/><V49/><F68/><W102/><G78/><T26/><D39/><U65/><E65/><V107/><F107/><W108/><G73/><T96/><D119/><U33/><E124/><N who="0" m="47689" /><D96/><U41/><E99/><V48/><F37/><W24/><G94/><T110/><D113/><U109/><E23/><V114/><F14/><W117/><G11/><N who="2" m="4105" /><F91/><W3/><G3/><T53/><D110/><N who="3" m="42025" /><G1/><T130/><D130/><U52/><E52/><V25/><F25/><W93/><G117/><T82/><D64/><U101/><E101/><N who="3" m="39018" /><G93/><T121/><D121/><N who="2" m="46698" /><F87/><W131/><G131/><T70/><D0/><U75/><E72/><V8/><F8/><W135/><G135/><T42/><D7/><U123/><E123/><V90/><F90/><W83/><G83/><T40/><D70/><AGARI ba="0,0" hai="24,31,34,63,66,70,132,134" m="39018,42025" machi="70" ten="30,5800,0" yaku="14,1,10,1,52,1" doraHai="22" who="3" fromWho="0" sc="353,-58,190,0,142,0,315,58" /><INIT seed="3,1,0,3,0,1" ten="295,190,142,373" oya="3" hai0="112,8,42,64,88,19,49,12,133,122,130,81,5" hai1="78,17,11,108,83,121,4,10,14,106,55,101,129" hai2="54,115,113,25,100,45,124,50,132,119,23,98,31" hai3="6,80,94,21,52,95,57,3,15,20,41,79,127"/><W16/><G127/><T59/><D122/><U13/><E121/><V40/><F119/><W84/><G41/><T35/><D35/><U66/><E129/><V91/><F124/><W18/><G6/><T90/><D130/><U125/><E125/><V39/><F91/><N who="0" m="34858" /><D133/><U67/><E108/><V37/><F37/><W47/><G47/><N who="0" m="25847" /><D112/><U85/><REACH who="1" step="1"/><E55/><REACH who="1" step="2"/><V126/><F126/><W104/><G3/><T75/><D75/><U46/><E46/><V34/><F132/><W38/><G38/><T116/><D116/><U109/><E109/><V69/><F34/><W107/><G107/><T24/><D81/><U131/><E131/><V97/><F115/><W99/><G104/><T96/><D96/><AGARI ba="1,1" hai="4,10,11,13,14,17,66,67,78,83,85,96,101,106" machi="96" ten="40,2600,0" yaku="1,1,52,1,53,0" doraHai="1" doraHaiUra="36" who="1" fromWho="0" sc="295,-29,180,39,142,0,373,0" /><INIT seed="4,0,0,4,3,58" ten="266,219,142,373" oya="0" hai0="124,131,42,86,47,19,111,14,1,107,105,116,90" hai1="110,129,100,89,24,53,76,92,78,9,5,3,115" hai2="41,117,119,27,127,60,61,88,59,39,121,32,125" hai3="87,83,56,49,35,81,7,28,101,132,93,69,18"/><T57/><D116/><N who="2" m="44618" /><F32/><W126/><G69/><T40/><D1/><U75/><E110/><V12/><F27/><W44/><G7/><T48/><D111/><U122/><E122/><V66/><F12/><W123/><G123/><T84/><D131/><U21/><E129/><V43/><F121/><W72/><G72/><T4/><D124/><N who="2" m="47690" /><F88/><W96/><G18/><T130/><D130/><U109/><E100/><V31/><F31/><W26/><G132/><T46/><D4/><U6/><E6/><V16/><F16/><W95/><G56/><T108/><D57/><U37/><E109/><V133/><F133/><W73/><G73/><T102/><D108/><U34/><E75/><V33/><F33/><W82/><G126/><T52/><D42/><N who="2" m="15882" /><F61/><W23/><G35/><T55/><D102/><U68/><E89/><V13/><F13/><W25/><G25/><T71/><D84/><U2/><E34/><V98/><F98/><W10/><G10/><T99/><D99/><U51/><E9/><V118/><F118/><W112/><G87/><T85/><D86/><U20/><E3/><V104/><F104/><W120/><G96/><T11/><D107/><U135/><E2/><V94/><F94/><W17/><G101/><T91/><D105/><U70/><E92/><V128/><F128/><W54/><G95/><N who="0" m="54735" /><D91/><U65/><E135/><V30/><F30/><W97/><G28/><T79/><D79/><U29/><E78/><V113/><F113/><W134/><G112/><T77/><D77/><U50/><E76/><V67/><F67/><W22/><G134/><T62/><D14/><RYUUKYOKU ba="0,0" sc="266,-10,219,-10,142,30,373,-10" hai2="39,59,60,66" /><INIT seed="5,1,0,0,1,126" ten="256,209,172,363" oya="1" hai0="52,104,96,57,19,54,112,127,44,73,115,135,36" hai1="125,46,59,111,24,29,72,132,0,109,123,134,31" hai2="122,20,93,131,114,61,25,41,1,110,48,67,34" hai3="45,58,23,5,17,86,84,119,116,100,83,80,69"/><U27/><E72/><V6/><F34/><W10/><G69/><T121/><D73/><U88/><E123/><V74/><F74/><W26/><G100/><N who="0" m="62471" /><D121/><U49/><E125/><V12/><F122/><W53/><G45/><T38/><D127/><U56/><E0/><V64/><F1/><W62/><G84/><T118/><D118/><N who="3" m="45097" /><G86/><T82/><D135/><N who="1" m="51755" /><E88/><V128/><F110/><N who="1" m="41993" /><E46/><V91/><F114/><N who="0" m="43562" /><D82/><U113/><E113/><V65/><F48/><W60/><G60/><N who="0" m="35879" /><D19/><U14/><E49/><AGARI ba="1,0" hai="36,38,44,49,54" m="35879,43562,62471" machi="49" ten="30,2000,0" yaku="15,1,54,1" doraHai="126" who="0" fromWho="1" sc="256,23,209,-23,172,0,363,0" /><INIT seed="6,0,0,5,5,49" ten="279,186,172,363" oya="2" hai0="75,114,48,126,15,51,91,53,110,84,80,28,107" hai1="22,59,81,117,135,66,42,0,33,72,11,40,77" hai2="13,104,18,7,29,95,116,24,12,118,87,65,96" hai3="76,41,119,73,47,67,130,36,128,38,94,89,32"/><V111/><F104/><W88/><G32/><T99/><D110/><U17/><E33/><V6/><F111/><W115/><G119/><T56/><D126/><U21/><E117/><V69/><F118/><W113/><G67/><T35/><D114/><N who="3" m="43529" /><G38/><T109/><D109/><U83/><E135/><V98/><F116/><W125/><G125/><T71/><D71/><U1/><E11/><V30/><F69/><W103/><G76/><T25/><D75/><U60/><E83/><V20/><F65/><W50/><G73/><T61/><REACH who="0" step="1"/><D15/><REACH who="0" step="2"/><N who="2" m="5706" /><F87/><W131/><G36/><T97/><D97/><AGARI ba="0,1" hai="41,47,50,88,89,94,97,103,128,130,131" m="43529" machi="97" ten="40,8000,1" yaku="19,1,15,1,11,1,54,1" doraHai="49" who="3" fromWho="0" sc="269,-80,186,0,172,0,363,90" /><INIT seed="7,0,0,2,5,1" ten="189,186,172,453" oya="3" hai0="50,67,56,93,72,86,5,75,9,94,39,28,83" hai1="82,125,133,122,30,85,33,35,17,70,32,105,20" hai2="55,3,80,29,89,52,98,108,49,104,11,69,38" hai3="51,66,76,37,7,42,95,107,126,68,84,74,22"/><W127/><G107/><T101/><D39/><U99/><E122/><V81/><F69/><W103/><G37/><T102/><D28/><U0/><E0/><V87/><F38/><W60/><G74/><T113/><D113/><U4/><E4/><V128/><F108/><W2/><G76/><T112/><D112/><U114/><E114/><V61/><F29/><W97/><G22/><T106/><D106/><U63/><E30/><V21/><F128/><W6/><G2/><T19/><D19/><U116/><E116/><V92/><F104/><W31/><G31/><T59/><D5/><U54/><E133/><V77/><F3/><W18/><G84/><T58/><D67/><U119/><E119/><V91/><F11/><W53/><G18/><T26/><D9/><U62/><E125/><N who="3" m="47626" /><G42/><T109/><D109/><U96/><E105/><V117/><F117/><W115/><G115/><T111/><D111/><U71/><E99/><V90/><F21/><W135/><G135/><T120/><D120/><U134/><E134/><V65/><F81/><W47/><AGARI ba="0,0" hai="6,7,47,51,53,60,66,68,95,97,103" m="47626" machi="47" ten="30,6000,0" yaku="18,1,52,2" doraHai="1" who="3" fromWho="3" sc="189,-20,186,-20,172,-20,453,60" owari="169,-3.0,166,-23.0,152,-35.0,513,61.0" /></mjloggm>