<mjloggm ver="2.3"><GO type="97"/><UN n0="%E3%81%8B%E3%81%BF%E3%81%B2%E3%82%8D" n1="%23%37%34%E5%A4%A7%E6%B2%BB%E9%83%8E" n2="%E5%A4%9C%E3%82%92%E9%A7%86%E3%81%91%E3%82%8B" n3="%EF%BC%88%E2%89%A7%E2%96%BD%E2%89%A6%EF%BC%89" dan="14,15,14,14" rate="1888,2026,1943,2054" sx="M,M,F,M"/><TAIKYOKU oya="0"/><INIT seed="0,0,0,1,1,19" ten="250,250,250,250" oya="0" hai0="130,89,77,92,76,88,79,34,127,104,115,121,43" hai1="117,49,46,99,123,131,60,51,20,98,27,83,52" hai2="21,93,78,47,68,45,40,86,112,62,32,50,26" hai3="59,13,107,91,69,61,124,18,25,74,65,125,102"/><T67/><D121/><U81/><E123/><V33/><F112/><W135/><G74/><T129/><D34/><U7/><E117/><V63/><F47/><W41/><G135/><T64/><D115/><U94/><E131/><N who="0" m="50185" /><D104/><U12/><E60/><V16/><F68/><W8/><G41/><T28/><D43/><U1/><E1/><V4/><F4/><W113/><G113/><T66/><D28/><U73/><E73/><V44/><F45/><W58/><G91/><N who="0" m="34891" /><D92/><U57/><E12/><V42/><F42/><W103/><G107/><T72/><D72/><U35/><E35/><V118/><F118/><W134/><G134/><T56/><D127/><N who="3" m="48713" /><G25/><T23/><D23/><U90/><E7/><V24/><F32/><W38/><G38/><T9/><D9/><U101/><E101/><AGARI ba="0,0" hai="8,13,18,58,59,61,65,69,101,102,103" m="48713" machi="101" ten="30,1000,0" yaku="18,1" doraHai="19" who="3" fromWho="1" sc="250,0,250,-10,250,0,250,10" /><INIT seed="1,0,0,4,2,69" ten="250,240,250,260" oya="1" hai0="86,56,96,48,24,1,128,126,72,49,26,73,75" hai1="30,131,111,12,37,67,78,17,32,50,87,10,21" hai2="18,99,88,57,80,65,15,47,39,68,97,54,113" hai3="59,105,27,125,114,40,66,19,22,123,115,107,58"/><U112/><E112/><V53/><F113/><W90/><G123/><T116/><D116/><U103/><E131/><V109/><F109/><W8/><G125/><T4/><D128/><U7/><E111/><V122/><F122/><W62/><G40/><T46/><D126/><U108/><E108/><V13/><F68/><W120/><G120/><T5/><D96/><U83/><E103/><V124/><F65/><W70/><G115/><T84/><D1/><U42/><E67/><V95/><F80/><W35/><G114/><T102/><D102/><U33/><E30/><V41/><F124/><W16/><G35/><T127/><D56/><U76/><E76/><V79/><F79/><W133/><G133/><T74/><D127/><U118/><E37/><V0/><F0/><W43/><G43/><T121/><D121/><U14/><REACH who="1" step="1"/><E118/><REACH who="1" step="2"/><V82/><F39/><W28/><G28/><T135/><D135/><U117/><E117/><V64/><F64/><W51/><G66/><T45/><D75/><U98/><E98/><V20/><F97/><W44/><G90/><T55/><D74/><U71/><E71/><V85/><F88/><W93/><G70/><T110/><D110/><U104/><E104/><V130/><F130/><W101/><G107/><T52/><AGARI ba="0,1" hai="4,5,24,26,45,46,48,49,52,55,72,73,84,86" machi="52" ten="25,6400,0" yaku="0,1,22,2,54,1" doraHai="69" who="0" fromWho="0" sc="250,74,230,-32,250,-16,260,-16" /><INIT seed="2,0,0,1,3,14" ten="324,198,234,244" oya="2" hai0="126,56,16,51,132,129,67,0,33,57,104,58,62" hai1="46,114,134,6,122,111,3,32,36,113,107,124,64" hai2="12,131,20,119,73,27,65,118,128,99,112,109,23" hai3="75,19,70,18,30,48,39,41,21,102,121,115,71"/><V17/><F73/><W68/><G121/><T91/><D104/><U5/><RYUUKYOKU type="yao9" ba="0,0" sc="324,0,198,0,234,0,244,0" hai1="3,5,6,32,36,46,64,107,111,113,114,122,124,134" /><INIT seed="2,1,0,3,5,32" ten="324,198,234,244" oya="2" hai0="54,100,91,7,20,4,86,92,97,50,12,48,2" hai1="126,109,102,26,83,11,73,71,77,19,115,84,89" hai2="131,27,6,120,82,37,117,118,58,34,47,95,99" hai3="30,119,132,94,28,57,67,55,127,104,46,8,52"/><V14/><F120/><W33/><G104/><T112/><D112/><U22/><E115/><V75/><F131/><W66/><G119/><T93/><D2/><U62/><E109/><V31/><F58/><W129/><G129/><T25/><D12/><U122/><E122/><V43/><F75/><W61/><G132/><T51/><REACH who="0" step="1"/><D54/><REACH who="0" step="2"/><U110/><E110/><V10/><REACH who="2" step="1"/><F82/><REACH who="2" step="2"/><W9/><G55/><T72/><D72/><U128/><E128/><V108/><F108/><W134/><G52/><T123/><D123/><U116/><E73/><V70/><F70/><W80/><G80/><T13/><D13/><U3/><E83/><V18/><F18/><AGARI ba="1,2" hai="4,7,18,20,25,48,50,51,86,91,92,93,97,100" machi="18" ten="40,2600,0" yaku="1,1,8,1,53,0" doraHai="32" doraHaiUra="106" who="0" fromWho="2" sc="314,49,198,0,224,-29,244,0" /><INIT seed="3,0,0,1,2,89" ten="363,198,195,244" oya="3" hai0="18,54,5,133,70,17,26,77,33,116,42,115,69" hai1="40,82,52,84,39,12,22,44,27,130,129,29,102" hai2="2,74,20,61,57,91,134,85,132,46,127,47,38" hai3="100,21,62,64,99,96,86,36,95,14,48,65,66"/><W126/><G126/><T90/><D116/><U24/><E12/><V31/><F127/><W9/><G36/><T10/><D42/><U15/><E15/><V101/><F2/><W109/><G109/><T16/><D77/><U63/><E102/><V7/><F7/><W112/><G112/><T72/><D54/><U32/><E63/><V75/><F101/><W104/><G86/><T105/><D72/><U76/><REACH who="1" step="1"/><E52/><REACH who="1" step="2"/><N who="2" m="33959" /><F74/><W108/><G62/><T23/><D115/><U4/><E4/><V6/><F6/><W3/><G100/><T92/><D5/><U103/><E103/><V78/><F75/><W121/><G14/><T55/><D55/><U110/><E110/><V83/><F47/><W88/><G108/><T131/><D10/><U37/><E37/><V118/><F46/><W43/><G9/><T35/><D26/><U119/><E119/><V117/><F38/><W8/><G8/><T71/><D23/><U11/><E11/><V67/><F117/><W19/><G21/><T53/><D53/><U122/><E122/><V94/><F118/><W93/><G65/><T124/><D124/><U28/><AGARI ba="0,1" hai="22,24,27,28,29,32,39,40,44,76,82,84,129,130" machi="28" ten="30,2000,0" yaku="1,1,0,1,53,0" doraHai="89" doraHaiUra="113" who="1" fromWho="1" sc="363,-5,188,30,195,-5,244,-10" owari="358,46,218,-18,190,-31,234,3" /></mjloggm>