<mjloggm ver="2.3"><GO type="169"/><UN n0="%E3%83%96%E3%83%83%E3%83%91%E7%A5%9E" n1="%EF%BC%88%E2%89%A7%E2%96%BD%E2%89%A6%EF%BC%89" n2="%E3%81%8D%E3%81%BE%E3%81%99" n3="%61%62%61%6E%74%65%73" dan="17,18,16,16" rate="2155,2210,2031,2035" sx="M,M,M,M"/><TAIKYOKU oya="0"/><INIT seed="0,0,0,1,3,47" ten="250,250,250,250" oya="0" hai0="27,31,108,62,89,11,110,32,124,104,24,127,20" hai1="59,123,53,97,66,133,18,82,17,77,29,36,58" hai2="113,13,49,102,14,103,115,0,112,30,92,119,100" hai3="128,55,1,70,22,60,129,68,71,118,61,120,87"/><T109/><D104/><U34/><E36/><V126/><F0/><W38/><G1/><T12/><D62/><N who="3" m="24169" /><G22/><T44/><D89/><U23/><E77/><V107/><F126/><W6/><G6/><N who="0" m="3191" /><D44/><U41/><E97/><V86/><F107/><W19/><G87/><T96/><D96/><U2/><E82/><V57/><F30/><AGARI ba="0,0" hai="20,24,27,30,31,32,108,109,110,124,127" m="3191" machi="30" ten="40,12000,1" yaku="14,1,10,1,34,2" doraHai="47" who="0" fromWho="2" sc="250,120,250,0,250,-120,250,0" /><INIT seed="0,1,0,1,5,88" ten="370,250,130,250" oya="0" hai0="33,19,131,105,132,71,95,67,21,41,127,81,133" hai1="110,106,94,107,30,51,74,65,130,97,109,117,120" hai2="53,7,25,6,22,58,101,59,37,128,69,2,16" hai3="121,89,43,56,50,57,119,14,80,134,85,98,93"/><T103/><D33/><U70/><E120/><V115/><F128/><W45/><G119/><T13/><D105/><U11/><E117/><V116/><F69/><W42/><G121/><T83/><D131/><U9/><E130/><V60/><F116/><W28/><G134/><N who="0" m="51819" /><D127/><U52/><E74/><V23/><F115/><W17/><G28/><T104/><D104/><N who="1" m="39979" /><E30/><V64/><F37/><W72/><G72/><T32/><D32/><U31/><E31/><V0/><F101/><W75/><G43/><T61/><D41/><U44/><E65/><V77/><F77/><W99/><G75/><T125/><D125/><U55/><E55/><V10/><F6/><W112/><G112/><T36/><D36/><U111/><E70/><V129/><F129/><W24/><G24/><T35/><D35/><U82/><E82/><V118/><F118/><W135/><G135/><T68/><D68/><U114/><E114/><V8/><F2/><W18/><G99/><AGARI ba="1,0" hai="13,19,21,61,67,71,81,83,95,99,103" m="51819" machi="99" ten="30,2900,0" yaku="20,1,52,1" doraHai="88" who="0" fromWho="3" sc="370,32,250,0,130,0,250,-32" /><INIT seed="0,2,0,0,0,121" ten="402,250,130,218" oya="0" hai0="70,127,133,86,27,18,43,93,135,108,15,105,30" hai1="113,134,50,100,63,75,128,80,117,88,116,52,32" hai2="104,74,16,89,120,13,102,5,82,39,20,106,79" hai3="21,125,72,69,62,2,11,112,59,131,129,65,51"/><T60/><D105/><U31/><E134/><V98/><F39/><W55/><G72/><T57/><D70/><U90/><E128/><N who="3" m="49226" /><G21/><T61/><D127/><U84/><E113/><V114/><F120/><W26/><G26/><T42/><D108/><U8/><E75/><V29/><F114/><W22/><G22/><T9/><D93/><U115/><E115/><V56/><F106/><W54/><G112/><T34/><D86/><U91/><E100/><V46/><F29/><W67/><G11/><T119/><D119/><U107/><E107/><V124/><F124/><W73/><G73/><T81/><D81/><U96/><E63/><V45/><F5/><W37/><G2/><T94/><D94/><U19/><E32/><V71/><F71/><W111/><G125/><T58/><D58/><U77/><E31/><V4/><F4/><W48/><G37/><T6/><D61/><U25/><E96/><V38/><F38/><W126/><G126/><T7/><D7/><U47/><REACH who="1" step="1"/><E25/><REACH who="1" ten="402,240,130,218" step="2"/><V85/><REACH who="2" step="1"/><F56/><REACH who="2" ten="402,240,120,218" step="2"/><N who="3" m="32863" /><G67/><T10/><D57/><U95/><E95/><AGARI ba="2,2" hai="13,16,20,45,46,74,79,82,85,89,95,98,102,104" machi="95" ten="30,8000,1" yaku="1,1,7,1,24,2,54,1,53,0" doraHai="121" doraHaiUra="53" who="2" fromWho="1" sc="402,0,240,-86,120,106,218,0" /><INIT seed="1,0,0,1,3,89" ten="402,154,226,218" oya="1" hai0="57,27,118,95,131,130,103,101,84,28,74,25,47" hai1="24,33,81,133,116,110,17,93,82,39,64,73,129" hai2="114,135,61,32,65,134,117,2,7,20,46,49,115" hai3="79,97,34,76,109,14,26,98,124,38,63,42,5"/><U62/><E116/><V15/><F32/><W58/><G38/><T18/><D118/><U92/><E39/><V30/><F117/><W35/><G42/><T67/><D74/><U112/><E112/><N who="2" m="43051" /><F2/><W31/><G35/><T85/><D47/><U128/><E133/><N who="2" m="50699" /><F30/><W4/><G109/><T77/><D18/><U69/><E110/><V53/><F20/><W54/><G124/><T12/><D12/><U99/><E73/><V111/><F15/><W56/><G56/><T22/><D27/><U119/><E119/><V50/><F7/><W80/><G79/><T11/><D11/><U71/><E71/><N who="2" m="42415" /><F50/><W9/><REACH who="3" step="1"/><G4/><REACH who="3" ten="402,154,226,208" step="2"/><T0/><D77/><U19/><E33/><V23/><F111/><W3/><G3/><T94/><D0/><U75/><E75/><AGARI ba="0,1" hai="5,9,14,26,31,34,54,58,63,75,76,80,97,98" machi="75" ten="30,2000,0" yaku="1,1,7,1,53,0" doraHai="89" doraHaiUra="88" who="3" fromWho="1" sc="402,0,154,-20,226,0,208,30" /><INIT seed="2,0,0,0,2,110" ten="402,134,226,238" oya="2" hai0="85,40,130,41,39,131,83,72,88,42,24,69,38" hai1="126,116,77,53,10,7,55,135,16,71,31,52,23" hai2="3,76,0,128,90,120,74,59,94,20,32,47,112" hai3="75,4,13,109,101,17,50,97,102,6,15,64,111"/><V1/><F120/><W92/><G75/><T93/><D69/><U103/><E116/><V60/><F32/><W36/><G36/><T86/><D72/><U78/><E71/><V26/><F128/><N who="0" m="49194" /><D24/><N who="1" m="16799" /><E135/><V113/><F47/><W114/><G102/><T63/><D63/><U84/><E126/><V27/><F76/><AGARI ba="0,0" hai="38,39,40,41,42,76,83,85,86,88,93" m="49194" machi="76" ten="30,2000,0" yaku="19,1,54,1" doraHai="110" who="0" fromWho="2" sc="402,20,134,0,226,-20,238,0" /><INIT seed="3,0,0,3,1,4" ten="422,134,206,238" oya="3" hai0="133,76,119,98,120,66,73,14,22,64,108,101,35" hai1="94,122,43,84,16,75,53,40,117,44,102,0,85" hai2="123,8,112,74,127,87,90,6,5,25,49,91,83" hai3="114,93,27,67,38,46,56,39,134,20,59,11,89"/><W88/><G114/><T50/><D120/><U96/><E122/><V97/><F123/><W24/><G134/><T135/><D119/><U81/><E117/><V95/><F127/><W105/><G105/><T107/><D35/><U37/><E0/><V1/><F112/><W32/><G32/><T109/><D76/><U36/><E53/><V13/><F74/><W52/><G67/><T9/><D73/><U70/><E70/><V55/><F25/><W131/><G131/><T78/><D78/><U12/><E75/><V3/><REACH who="2" step="1"/><F5/><REACH who="2" ten="422,134,196,238" step="2"/><W111/><G24/><T116/><D116/><U17/><E17/><V126/><F126/><W42/><G27/><T128/><D135/><U28/><E28/><V34/><F34/><W125/><G125/><T124/><D133/><U58/><E58/><AGARI ba="0,1" hai="1,3,6,8,13,49,55,58,83,87,90,91,95,97" machi="58" ten="30,3900,0" yaku="1,1,7,1,52,1,53,0" doraHai="4" doraHaiUra="71" who="2" fromWho="1" sc="422,0,134,-39,196,49,238,0" /><INIT seed="4,0,0,0,3,87" ten="422,95,245,238" oya="0" hai0="7,47,2,30,43,49,29,97,34,112,96,120,104" hai1="130,135,114,50,82,45,63,84,3,117,27,118,99" hai2="106,83,95,72,21,14,66,9,81,20,67,105,103" hai3="122,75,62,41,59,51,110,28,32,55,88,94,128"/><T111/><D120/><U127/><E3/><V56/><F72/><W133/><G75/><T101/><D112/><U17/><E135/><V58/><F103/><W42/><G110/><T10/><D111/><U35/><E130/><V5/><F95/><W71/><G128/><T65/><D34/><U37/><E37/><V22/><F105/><W25/><G133/><T54/><D65/><N who="2" m="24586" /><F106/><W48/><G71/><T8/><D96/><U11/><E127/><V86/><F83/><W73/><G73/><T39/><D10/><U98/><E114/><V77/><AGARI ba="0,0" hai="5,9,14,20,21,22,56,58,77,81,86" m="24586" machi="77" ten="30,1100,0" yaku="8,1" doraHai="87" who="2" fromWho="2" sc="422,-5,95,-3,245,11,238,-3" /><INIT seed="5,0,0,4,2,24" ten="417,92,256,235" oya="1" hai0="17,50,110,33,7,62,74,43,48,121,49,115,52" hai1="69,67,86,76,54,108,29,64,91,120,94,106,51" hai2="2,5,119,87,134,102,58,117,127,53,79,135,55" hai3="85,75,0,44,63,26,35,23,30,16,31,101,95"/><U25/><E106/><V56/><F102/><W41/><G75/><T128/><D110/><U36/><E120/><V125/><F5/><W89/><G0/><T78/><D33/><U9/><E108/><V73/><F87/><W109/><G109/><T65/><D121/><U111/><E111/><V107/><F79/><W37/><G35/><T130/><D115/><U122/><E122/><V68/><F107/><W103/><G103/><T40/><D7/><U129/><E36/><V12/><F12/><W104/><REACH who="3" step="1"/><G63/><REACH who="3" ten="417,92,256,225" step="2"/><T10/><D74/><U42/><E129/><V45/><F73/><W96/><AGARI ba="0,1" hai="16,23,26,30,31,37,41,44,85,89,95,96,101,104" machi="96" ten="30,12000,2" yaku="1,1,2,1,0,1,52,2,54,1,53,1" doraHai="24" doraHaiUra="80" who="3" fromWho="3" sc="417,-30,92,-60,256,-30,225,130" /><INIT seed="6,0,0,2,0,14" ten="387,32,226,355" oya="2" hai0="135,39,134,26,114,118,15,91,52,23,59,81,126" hai1="127,40,80,33,121,101,22,65,48,128,75,2,11" hai2="60,31,84,120,68,6,55,86,104,20,46,53,122" hai3="70,7,111,73,74,35,125,92,29,96,69,79,27"/><V61/><F104/><W72/><G111/><T77/><D39/><U42/><E128/><V16/><F68/><W63/><G79/><T95/><D114/><U8/><E127/><V13/><F6/><W94/><G125/><T103/><D126/><U5/><E121/><V119/><F119/><W83/><G83/><T123/><D103/><U24/><E33/><V131/><F131/><W51/><G7/><T3/><D3/><U64/><E101/><V71/><F31/><W89/><G63/><N who="2" m="24137" /><F122/><W115/><G115/><T109/><D123/><U130/><E130/><V0/><F71/><W34/><G34/><T50/><D109/><U44/><E40/><V93/><F0/><W78/><G78/><T12/><D118/><U108/><E108/><V9/><F46/><W99/><REACH who="3" step="1"/><G51/><REACH who="3" ten="387,32,226,345" step="2"/><T129/><D129/><U124/><E124/><V37/><F120/><W45/><G45/><T62/><D50/><U76/><REACH who="1" step="1"/><E8/><REACH who="1" ten="387,22,226,345" step="2"/><V132/><F132/><W97/><G97/><N who="0" m="57599" /><D134/><U82/><E82/><V43/><F9/><W87/><G87/><N who="0" m="48559" /><D135/><U133/><E133/><V49/><F84/><W102/><AGARI ba="0,2" hai="27,29,35,69,70,72,73,74,89,92,94,96,99,102" machi="102" ten="30,7900,0" yaku="1,1,0,1,53,2" doraHai="14" doraHaiUra="66" who="3" fromWho="3" sc="387,-20,22,-20,226,-39,345,99" /><INIT seed="7,0,0,4,5,7" ten="367,2,187,444" oya="3" hai0="35,27,17,24,107,112,57,25,18,74,97,122,96" hai1="55,51,100,102,63,61,40,22,6,75,21,90,70" hai2="65,83,121,60,46,99,34,73,115,14,50,3,36" hai3="43,32,82,118,127,120,53,69,0,98,133,108,110"/><W31/><G0/><T76/><D122/><U19/><E75/><V134/><F34/><W128/><G120/><T67/><D35/><U39/><E90/><V129/><F36/><W54/><G118/><T44/><D112/><U33/><E33/><V123/><F73/><W49/><G69/><T10/><D74/><U11/><E22/><V109/><F14/><W126/><G128/><T1/><D76/><U62/><E70/><V117/><F83/><W30/><G133/><T111/><D111/><N who="3" m="42537" /><G82/><T28/><D28/><N who="3" m="10793" /><G32/><T42/><D107/><U124/><E124/><N who="3" m="47658" /><G98/><T58/><D1/><U37/><E40/><V78/><F3/><W113/><G113/><T48/><D18/><U85/><E85/><V132/><F109/><W135/><G135/><T71/><D71/><U84/><E84/><V114/><F99/><W66/><G66/><T91/><D67/><U56/><E37/><V4/><F114/><W68/><G68/><T20/><D96/><U87/><E87/><V131/><F115/><W72/><G72/><T29/><D29/><U52/><E39/><V26/><F117/><W15/><G15/><T79/><D79/><U47/><E100/><V45/><F132/><W105/><G105/><T41/><D41/><U8/><E102/><V94/><F134/><W81/><G81/><T13/><REACH who="0" step="1"/><D20/><REACH who="0" ten="357,2,187,444" step="2"/><U89/><E89/><V38/><F129/><W80/><G80/><T130/><D130/><U77/><E77/><V103/><F78/><W16/><G16/><T88/><D88/><U23/><E19/><V106/><F131/><W59/><G43/><T101/><D101/><RYUUKYOKU ba="0,1" sc="357,15,2,-15,187,-15,444,15" hai0="10,13,17,24,25,27,42,44,48,57,58,91,97" hai3="49,53,54,59" owari="372,17.0,-13,-51.0,172,-23.0,469,57.0" /></mjloggm>