<mjloggm ver="2.3"><GO type="41"/><UN n0="%E6%A1%83%E5%AD%90" n1="%E7%89%B9%E6%94%BB%E9%9A%8A" n2="%EF%BC%88%E2%89%A7%E2%96%BD%E2%89%A6%EF%BC%89" n3="%E6%B2%B9%E9%B3%A5" dan="14,14,13,13" rate="1874,1873,2018,1881" sx="F,M,M,M"/><TAIKYOKU oya="0"/><INIT seed="0,0,0,4,1,95" ten="250,250,250,250" oya="0" hai0="65,104,76,122,57,29,60,131,75,135,48,101,8" hai1="36,52,119,37,41,123,82,132,116,117,13,2,45" hai2="69,62,7,94,118,61,88,35,50,111,46,79,98" hai3="83,30,10,1,66,53,31,133,39,12,84,72,4"/><T121/><D135/><U49/><E2/><V16/><F35/><W80/><G39/><T0/><D131/><U96/><E132/><V97/><F111/><W17/><G133/><T59/><D29/><U130/><E130/><V102/><F118/><W68/><G68/><T87/><D75/><U81/><E123/><V89/><F7/><W105/><G105/><T43/><D0/><U109/><E109/><V64/><F79/><W70/><G70/><T108/><D108/><U11/><E37/><V14/><F62/><W23/><G66/><T22/><D8/><U78/><E78/><V58/><F69/><W86/><G72/><T67/><D22/><U56/><REACH who="1" step="1"/><E96/><REACH who="1" step="2"/><V21/><REACH who="2" step="1"/><F98/><REACH who="2" step="2"/><W127/><G127/><T3/><D121/><U38/><E38/><V74/><F74/><W128/><G128/><T126/><D122/><U93/><E93/><V15/><F15/><W99/><G99/><T107/><D126/><U26/><E26/><V120/><F120/><W92/><G92/><T25/><D3/><U20/><E20/><V124/><F124/><W110/><G110/><T129/><D25/><U125/><E125/><V113/><F113/><W134/><G134/><T112/><D129/><U73/><E73/><V106/><F106/><W32/><G32/><T24/><D107/><U6/><AGARI ba="0,2" hai="6,11,13,36,41,45,49,52,56,81,82,116,117,119" machi="6" ten="30,4000,0" yaku="1,1,0,1,54,1,53,0" doraHai="95" doraHaiUra="34" who="1" fromWho="1" sc="250,-20,240,60,240,-10,250,-10" /><INIT seed="1,0,0,1,0,131" ten="230,300,230,240" oya="1" hai0="1,75,119,126,39,107,71,106,114,48,122,92,64" hai1="115,30,24,69,110,58,40,94,44,12,32,45,128" hai2="14,135,55,18,42,125,37,72,89,65,38,8,43" hai3="56,27,130,3,5,67,77,103,35,118,33,23,50"/><U74/><E69/><V101/><F72/><W124/><G130/><T133/><D64/><U63/><E128/><V93/><F125/><W17/><G124/><T113/><D48/><U11/><E115/><V121/><F121/><W34/><G118/><T111/><D92/><U134/><E74/><V46/><F65/><W4/><G103/><T62/><D62/><U7/><E40/><V79/><F79/><W82/><G3/><T21/><D21/><U91/><E110/><V102/><F55/><W87/><REACH who="3" step="1"/><G50/><REACH who="3" step="2"/><T61/><D114/><U132/><E45/><V59/><F46/><W73/><G73/><T123/><D122/><U47/><E47/><V84/><F38/><W6/><G6/><T13/><D61/><AGARI ba="0,1" hai="4,5,17,23,27,33,34,35,56,61,67,77,82,87" machi="61" ten="40,1300,0" yaku="1,1,53,0" doraHai="131" doraHaiUra="51" who="3" fromWho="0" sc="230,-13,300,0,230,0,230,23" /><INIT seed="2,0,0,0,2,73" ten="217,300,230,253" oya="2" hai0="45,68,97,26,123,109,108,83,111,56,86,42,90" hai1="67,17,59,116,25,129,75,81,64,69,7,82,71" hai2="76,6,31,133,34,101,122,10,91,105,110,57,77" hai3="115,23,27,120,18,16,65,80,135,32,113,1,121"/><V88/><F122/><W78/><G65/><T131/><D123/><U99/><E116/><V8/><F133/><W3/><G80/><T30/><D68/><U126/><E7/><V51/><F110/><W21/><G78/><N who="2" m="30313" /><F105/><W33/><REACH who="3" step="1"/><G27/><REACH who="3" step="2"/><T96/><D131/><U125/><E129/><V14/><F101/><W47/><G47/><T130/><D130/><U11/><E25/><V87/><F34/><W63/><G63/><T106/><D106/><U38/><E71/><V84/><F31/><W85/><G85/><N who="2" m="32841" /><F10/><W22/><G22/><N who="0" m="15703" /><D56/><U103/><E59/><V72/><F72/><W41/><G41/><T28/><D28/><U24/><E69/><V46/><F57/><W9/><G9/><T4/><D4/><U52/><E11/><V128/><F128/><W39/><G39/><AGARI ba="0,1" hai="39,42,45,83,86,90,96,97,108,109,111" m="15703" machi="39" ten="30,1000,0" yaku="14,1" doraHai="73" who="0" fromWho="3" sc="217,20,300,0,230,0,243,-10" /><INIT seed="3,0,0,2,3,112" ten="237,300,230,233" oya="3" hai0="86,45,93,127,105,113,65,97,67,35,39,52,42" hai1="118,7,47,95,9,21,57,2,29,91,31,51,114" hai2="53,77,70,10,15,14,83,122,23,133,69,62,131" hai3="19,68,128,11,66,92,64,49,98,109,119,1,32"/><W124/><G119/><T13/><D113/><U74/><E114/><V28/><F133/><W40/><G32/><T46/><D127/><U100/><E74/><V106/><F106/><W99/><G124/><T87/><D35/><U129/><E129/><V89/><F131/><W5/><G128/><T88/><D105/><U20/><E100/><V130/><F130/><W121/><G121/><T78/><D78/><U0/><E0/><V90/><F122/><W3/><G68/><T43/><D13/><U61/><E31/><V132/><F132/><W63/><G98/><T55/><D86/><U16/><E29/><V85/><F70/><W103/><G109/><T18/><D18/><U33/><E33/><V30/><F69/><W102/><G1/><T79/><D79/><U135/><E118/><V75/><F75/><W101/><G19/><T107/><D107/><U81/><E81/><V73/><F73/><W126/><G126/><T125/><D125/><U24/><E21/><V58/><F30/><W72/><G72/><T60/><D97/><U56/><E61/><V71/><F71/><W25/><G25/><T22/><D22/><U116/><E116/><V27/><REACH who="2" step="1"/><F15/><REACH who="2" step="2"/><W41/><G3/><T6/><D67/><U8/><E135/><V111/><F111/><W48/><G64/><T37/><D6/><AGARI ba="0,1" hai="6,10,14,23,27,28,53,58,62,77,83,85,89,90" machi="6" ten="30,3900,0" yaku="1,1,7,1,8,1,53,0" doraHai="112" doraHaiUra="94" who="2" fromWho="0" sc="237,-39,300,0,220,49,233,0" /><INIT seed="4,0,0,2,0,53" ten="198,300,269,233" oya="0" hai0="62,9,103,18,8,118,120,102,105,113,97,16,50" hai1="116,58,84,129,6,77,130,60,93,96,24,40,23" hai2="1,33,79,132,68,36,31,12,117,38,81,67,35" hai3="95,3,54,131,108,47,0,49,25,86,89,124,72"/><T128/><D118/><U75/><E75/><V44/><F1/><W41/><G108/><T51/><D120/><U63/><E116/><V61/><F117/><W126/><G72/><T55/><D113/><U110/><E110/><V42/><F132/><W76/><G76/><T90/><D128/><U112/><E40/><V10/><F38/><W20/><G131/><T43/><D105/><U19/><E63/><V39/><F39/><W91/><G126/><T59/><D43/><U123/><E112/><V57/><F68/><W85/><G124/><T27/><D27/><U121/><E6/><V29/><F35/><W133/><G133/><T32/><D32/><U83/><E129/><V5/><REACH who="2" step="1"/><F33/><REACH who="2" step="2"/><W70/><G70/><T56/><D97/><U115/><E115/><V74/><AGARI ba="0,1" hai="5,10,12,29,31,36,42,44,57,61,67,74,79,81" machi="74" ten="20,8000,1" yaku="1,1,2,1,0,1,7,1,52,1,53,0" doraHai="53" doraHaiUra="101" who="2" fromWho="2" sc="198,-40,300,-20,259,90,233,-20" /><INIT seed="5,0,0,3,1,25" ten="158,280,349,213" oya="1" hai0="70,127,124,112,84,72,59,27,54,115,41,122,66" hai1="3,109,8,30,58,91,93,38,74,63,129,82,46" hai2="48,130,100,4,79,120,97,34,51,57,7,2,6" hai3="118,88,10,67,14,64,49,128,40,107,13,42,62"/><U101/><E101/><V35/><F120/><W12/><G107/><T11/><D11/><U83/><E109/><V123/><F123/><W55/><G118/><T23/><D122/><U20/><E74/><V24/><F2/><W92/><G128/><T86/><D72/><U113/><E129/><V15/><F130/><W39/><G10/><T87/><D41/><U108/><E108/><V85/><F15/><W95/><G64/><T28/><D70/><U45/><E113/><V21/><F35/><W76/><G76/><T132/><D132/><U102/><E102/><V94/><F34/><W119/><G119/><T71/><D71/><U65/><E8/><V47/><F57/><W68/><G92/><T37/><D37/><U16/><E3/><V17/><F47/><N who="1" m="17929" /><E30/><V121/><F121/><W131/><G131/><T73/><D73/><U116/><E116/><V50/><F79/><W31/><G31/><T90/><D66/><U44/><N who="1" m="17937" /><U134/><DORA hai="114" /><E38/><V96/><F96/><W126/><G39/><T105/><D105/><U135/><E135/><V1/><F1/><W104/><G104/><T19/><D115/><U56/><E56/><V52/><F100/><W117/><G117/><T110/><D112/><U0/><E0/><V133/><F133/><W125/><G40/><T77/><D110/><U43/><E43/><V5/><F97/><N who="3" m="57575" /><G42/><T9/><D77/><U29/><E29/><V69/><F69/><W53/><G49/><N who="0" m="31183" /><D90/><U103/><E103/><V18/><F48/><W22/><G68/><T81/><D81/><U98/><E134/><V106/><F106/><RYUUKYOKU ba="0,0" sc="158,15,280,15,349,-15,213,-15" hai0="9,19,23,27,28,84,86,87,124,127" hai1="16,20,58,63,65,82,83,91,93,98" /><INIT seed="5,1,0,4,1,112" ten="173,295,334,198" oya="1" hai0="34,22,70,9,96,83,86,109,14,67,62,131,111" hai1="78,13,55,23,130,2,24,113,107,7,97,17,0" hai2="110,92,47,37,63,76,129,133,32,88,68,99,6" hai3="58,54,103,33,93,39,81,105,10,27,134,108,26"/><U94/><E107/><V28/><F110/><W135/><G108/><T118/><D118/><U57/><E113/><V43/><F133/><W89/><G39/><T122/><D122/><U132/><E132/><V121/><F121/><W56/><G134/><T18/><D34/><U1/><E78/><V82/><F129/><W117/><G135/><T30/><D131/><U71/><E71/><V16/><F6/><W5/><G56/><T49/><D96/><U60/><E13/><V15/><F32/><W87/><G33/><T4/><D30/><U120/><E130/><V61/><F28/><W128/><G128/><T101/><D101/><U46/><E46/><V114/><F68/><W116/><G105/><T74/><D74/><U38/><E38/><V44/><F44/><W64/><G64/><T124/><D124/><U11/><REACH who="1" step="1"/><E120/><REACH who="1" step="2"/><V40/><F114/><W31/><G31/><T98/><D49/><U100/><AGARI ba="1,1" hai="0,1,2,7,11,17,23,24,55,57,60,94,97,100" machi="100" ten="20,12000,1" yaku="1,1,2,1,0,1,7,1,53,1" doraHai="112" doraHaiUra="51" who="1" fromWho="1" sc="173,-41,285,133,334,-41,198,-41" /><INIT seed="5,2,0,1,4,87" ten="132,418,293,157" oya="1" hai0="129,6,33,63,94,98,4,24,84,96,80,29,112" hai1="30,22,124,135,10,103,117,106,116,122,2,35,74" hai2="109,126,70,31,127,85,41,121,71,89,0,60,58" hai3="37,125,23,9,130,73,34,12,32,36,15,61,8"/><U97/><E122/><V16/><F0/><W49/><G73/><T17/><D112/><U46/><E22/><V86/><F121/><W78/><G78/><T107/><D107/><U65/><E124/><N who="2" m="47659" /><F109/><W113/><G125/><T82/><D129/><U38/><E74/><V13/><F41/><W72/><G72/><T54/><D17/><U99/><E99/><V77/><F77/><W91/><G130/><T48/><D63/><U118/><E65/><N who="2" m="39063" /><F31/><W64/><G113/><T90/><D96/><U7/><E135/><V114/><F114/><W45/><G23/><T108/><D82/><U18/><E117/><V68/><F89/><W26/><G26/><T133/><D133/><U93/><E30/><V75/><F75/><W100/><G100/><T5/><D108/><U39/><E38/><V69/><N who="2" m="17920" /><DORA hai="110" /><V104/><F104/><W53/><G91/><T44/><REACH who="0" step="1"/><D4/><REACH who="0" step="2"/><U131/><E7/><V81/><F81/><W11/><G61/><T3/><D3/><U67/><E106/><V88/><F88/><AGARI ba="2,1" hai="5,6,24,29,33,44,48,54,80,84,88,90,94,98" machi="88" ten="30,8000,1" yaku="1,1,7,1,52,2,54,1,53,0" doraHai="87,110" doraHaiUra="62,128" who="0" fromWho="2" sc="122,96,418,0,293,-86,157,0" /><INIT seed="6,0,0,0,4,75" ten="218,418,207,157" oya="2" hai0="62,77,35,29,126,52,107,83,43,72,23,110,16" hai1="1,81,2,70,48,117,4,40,34,45,118,69,106" hai2="42,111,25,65,44,24,6,73,28,41,88,64,115" hai3="132,66,58,98,78,79,104,0,47,84,18,14,99"/><V68/><F115/><W71/><G0/><T76/><D110/><U135/><E106/><V27/><F73/><W123/><G123/><T128/><D128/><U57/><E34/><V95/><F111/><W30/><G71/><T10/><D107/><U55/><E1/><V130/><F130/><W67/><G30/><T49/><D126/><U97/><E135/><V8/><F28/><W15/><G132/><T105/><D105/><U5/><E2/><V114/><F114/><W94/><G47/><N who="0" m="25855" /><D35/><U109/><E109/><V59/><F68/><W91/><G104/><T74/><D72/><U50/><E97/><N who="3" m="36874" /><G58/><N who="0" m="35143" /><D74/><U103/><E103/><V119/><F119/><W127/><G127/><T112/><D83/><U63/><E70/><V134/><F134/><W60/><G60/><T20/><D112/><U90/><E63/><N who="2" m="38015" /><F65/><N who="3" m="24587" /><G14/><N who="0" m="7255" /><D23/><AGARI ba="0,0" hai="15,18,23,78,79,84,91,94" m="24587,36874" machi="23" ten="30,3900,0" yaku="8,1,52,2" doraHai="75" who="3" fromWho="0" sc="218,-39,418,0,207,0,157,39" /><INIT seed="7,0,0,5,5,57" ten="179,418,207,196" oya="3" hai0="31,121,98,93,19,44,82,123,104,49,112,10,135" hai1="14,72,21,23,124,34,125,74,32,73,116,105,84" hai2="101,130,12,71,50,119,8,133,70,37,106,94,25" hai3="55,40,134,35,51,0,45,43,42,24,67,86,77"/><W17/><G0/><T7/><D135/><U131/><E105/><V13/><F37/><W69/><G134/><T87/><D112/><U113/><E113/><V56/><F119/><W33/><G69/><T92/><D31/><U36/><E36/><V28/><F133/><W127/><G127/><N who="1" m="48714" /><E116/><V114/><F106/><W96/><G67/><T83/><D19/><N who="1" m="10487" /><E131/><V58/><F130/><W27/><G96/><T46/><D104/><U97/><E97/><N who="2" m="59575" /><F114/><W16/><G33/><T15/><D121/><U66/><E66/><V132/><F132/><W52/><G35/><T64/><D64/><U59/><E59/><V47/><F58/><N who="3" m="33055" /><G86/><T39/><D39/><U54/><E54/><N who="2" m="30047" /><F71/><W120/><G77/><T108/><D123/><U110/><E110/><V2/><F56/><W63/><G120/><T41/><D108/><U6/><E6/><V90/><F70/><W81/><G81/><T1/><D1/><U91/><E23/><V95/><F2/><W4/><G4/><T88/><REACH who="0" step="1"/><D46/><REACH who="0" step="2"/><U3/><E3/><V76/><F28/><W80/><G45/><T78/><D78/><U60/><E32/><V18/><F76/><W5/><G5/><T29/><D29/><U61/><E34/><V111/><F111/><W102/><G102/><AGARI ba="0,1" hai="7,10,15,41,44,49,82,83,87,88,92,93,98,102" machi="102" ten="30,7700,0" yaku="1,1,7,1,8,1,54,1,53,0" doraHai="57" doraHaiUra="20" who="0" fromWho="3" sc="169,87,418,0,207,0,196,-77" owari="256,6,418,51,207,-19,119,-38" /></mjloggm>