<mjloggm ver="2.3"><GO type="97"/><UN n0="%73%76%73%74" n1="%EF%BC%88%E2%89%A7%E2%96%BD%E2%89%A6%EF%BC%89" n2="%74%74%74%73%73%61" n3="%67%6F%68%68%61%6E" dan="15,14,13,14" rate="1956,2051,1876,1947" sx="M,M,M,M"/><TAIKYOKU oya="0"/><INIT seed="0,0,0,5,3,74" ten="250,250,250,250" oya="0" hai0="32,100,54,85,112,110,105,119,23,70,134,121,28" hai1="66,62,52,94,11,81,130,18,113,79,27,87,91" hai2="0,40,30,43,90,65,31,67,29,55,78,109,135" hai3="58,118,2,10,72,16,103,82,116,14,83,3,92"/><T129/><RYUUKYOKU type="yao9" ba="0,0" sc="250,0,250,0,250,0,250,0" hai0="23,28,32,54,70,85,100,105,110,112,119,121,129,134" /><INIT seed="0,1,0,1,4,88" ten="250,250,250,250" oya="0" hai0="57,73,54,64,48,81,9,20,118,51,99,52,13" hai1="11,19,58,17,21,62,67,6,74,107,75,30,86" hai2="95,117,29,46,23,120,128,50,106,25,16,71,111" hai3="43,127,15,36,85,131,90,87,4,83,100,47,68"/><T121/><D118/><U28/><E107/><V126/><F120/><W109/><G68/><T134/><D121/><U56/><E75/><V70/><F106/><W35/><G35/><T98/><D134/><U65/><E74/><V124/><F111/><W12/><G109/><T133/><D133/><U93/><E6/><V105/><F128/><W69/><G131/><T82/><D64/><U76/><E11/><V112/><F105/><W24/><G69/><T66/><D66/><U77/><E21/><V18/><F112/><W115/><G115/><T104/><D20/><U103/><E103/><V97/><F117/><W7/><G127/><N who="2" m="48681" /><F71/><W79/><G100/><T125/><D125/><U49/><E49/><V55/><F70/><W60/><G60/><T63/><D63/><U5/><E62/><V89/><AGARI ba="1,0" hai="16,18,23,25,29,46,50,55,89,95,97" m="48681" machi="89" ten="30,4000,0" yaku="18,1,52,1,54,1" doraHai="88" who="2" fromWho="2" sc="250,-21,250,-11,250,43,250,-11" /><INIT seed="1,0,0,2,5,107" ten="229,239,293,239" oya="1" hai0="76,59,104,55,35,110,118,16,112,97,36,44,74" hai1="105,81,41,53,65,70,18,75,39,25,24,99,22" hai2="19,58,1,47,46,56,92,45,0,108,113,66,125" hai3="29,111,63,115,14,130,114,100,43,7,127,40,5"/><U38/><E41/><V91/><F108/><W102/><G111/><T94/><D104/><U17/><E53/><V69/><F125/><W88/><G127/><T109/><D112/><U12/><E25/><V73/><F113/><W23/><G130/><T31/><D118/><U21/><E105/><V10/><F69/><W80/><G115/><T98/><D97/><U122/><E122/><V9/><F73/><W93/><G63/><T11/><D35/><U77/><REACH who="1" step="1"/><E99/><REACH who="1" step="2"/><V64/><F1/><W101/><G114/><T95/><D55/><U60/><AGARI ba="0,1" hai="12,17,18,21,22,24,38,39,60,65,70,75,77,81" machi="60" ten="30,12000,1" yaku="1,1,2,1,0,1,52,1,53,1" doraHai="107" doraHaiUra="8" who="1" fromWho="1" sc="229,-40,229,130,293,-40,239,-40" /><INIT seed="1,1,0,1,2,62" ten="189,359,253,199" oya="1" hai0="56,110,26,52,123,91,103,118,101,88,67,77,131" hai1="45,5,76,128,70,84,51,99,107,124,120,22,19" hai2="7,58,125,116,114,129,127,111,24,60,15,44,30" hai3="41,64,53,20,43,106,96,135,12,86,87,104,74"/><U117/><E117/><V82/><F116/><W1/><G1/><T14/><D118/><U105/><E120/><V75/><F111/><W59/><G74/><T31/><D110/><U85/><E128/><V34/><F129/><W133/><G64/><T25/><D131/><U10/><E124/><N who="2" m="47691" /><F44/><W93/><G20/><T130/><D130/><U92/><E70/><V8/><F114/><W89/><G12/><T18/><D123/><U119/><E119/><V37/><F37/><W32/><G32/><T49/><D77/><U33/><E33/><V79/><F60/><W4/><G4/><T81/><D67/><U94/><E107/><N who="3" m="41002" /><G43/><T73/><D73/><U50/><E105/><V121/><F58/><W109/><G109/><T27/><D31/><U13/><E76/><V9/><F9/><W16/><G41/><T29/><D29/><U17/><E5/><V28/><F28/><W126/><G126/><T57/><D57/><U122/><E122/><AGARI ba="1,0" hai="7,8,15,24,30,34,75,79,82,121,122" m="47691" machi="122" ten="30,1000,0" yaku="18,1" doraHai="62" who="2" fromWho="1" sc="189,0,359,-13,253,13,199,0" /><INIT seed="2,0,0,2,4,71" ten="189,346,266,199" oya="2" hai0="38,47,63,20,4,125,37,114,18,34,17,43,88" hai1="87,50,84,83,40,58,36,11,100,59,31,8,79" hai2="81,72,33,44,25,117,32,68,62,42,13,130,124" hai3="39,107,48,23,28,61,105,128,94,132,104,74,116"/><V65/><F117/><W41/><G116/><T120/><D34/><N who="2" m="13418" /><F13/><W35/><G74/><T106/><D114/><U24/><E100/><V54/><F25/><W21/><G39/><T121/><D125/><U110/><E110/><V2/><F54/><W82/><G132/><T77/><D106/><U29/><E36/><N who="2" m="21575" /><F124/><W115/><G115/><T45/><D77/><U30/><E24/><V109/><F130/><W6/><G128/><T108/><D108/><U122/><E122/><V49/><F49/><W101/><G82/><T14/><D4/><U118/><E118/><V90/><F90/><W73/><G73/><T126/><D126/><U16/><E84/><V89/><F89/><W113/><G113/><T80/><D120/><U98/><E98/><V76/><F109/><W133/><G133/><T12/><D121/><U70/><E16/><V96/><F96/><W22/><G35/><T92/><D80/><U99/><E99/><V127/><F127/><W91/><G101/><T69/><D38/><U86/><E86/><V7/><F7/><W57/><G28/><T123/><D47/><N who="1" m="25959" /><E70/><V26/><F26/><W134/><G134/><T66/><D123/><U1/><E59/><V55/><F55/><W111/><G6/><T119/><D119/><U46/><E58/><V112/><F112/><W85/><G111/><T27/><REACH who="0" step="1"/><D17/><REACH who="0" step="2"/><U64/><E46/><V3/><AGARI ba="0,1" hai="2,3,62,65,68,72,76,81" m="21575,13418" machi="3" ten="30,6000,0" yaku="33,2,52,1" doraHai="71" who="2" fromWho="2" sc="179,-20,346,-20,266,70,199,-20" /><INIT seed="2,1,0,4,0,82" ten="159,326,336,179" oya="2" hai0="53,57,126,119,110,35,68,96,122,83,135,6,9" hai1="14,23,76,65,50,60,88,114,7,26,104,79,56" hai2="84,59,18,67,41,13,52,8,16,92,33,112,69" hai3="55,63,85,66,113,127,121,11,87,117,123,0,115"/><V70/><F112/><N who="3" m="43083" /><G117/><T134/><D119/><U91/><E104/><V31/><F41/><W93/><G127/><T124/><D68/><U1/><E1/><V71/><F33/><W100/><G0/><N who="0" m="199" /><D122/><N who="3" m="46601" /><G55/><T73/><D35/><U49/><E114/><V51/><F31/><W102/><G11/><T75/><D96/><U28/><E7/><V10/><F67/><W116/><G116/><T61/><D110/><U80/><E14/><V30/><F30/><W5/><G5/><T77/><D73/><U129/><E129/><V97/><F84/><N who="3" m="32331" /><G93/><T36/><D36/><U21/><E28/><V15/><REACH who="2" step="1"/><F71/><AGARI ba="1,0" hai="63,66,71,100,102" m="32331,46601,43083" machi="71" ten="30,7700,0" yaku="11,1,52,3" doraHai="82" who="3" fromWho="2" sc="159,0,326,0,336,-80,179,80" /><INIT seed="3,0,0,0,5,11" ten="159,326,256,259" oya="3" hai0="67,37,116,19,132,98,36,1,97,49,0,53,133" hai1="134,107,24,85,123,103,55,14,104,111,60,126,110" hai2="122,30,61,2,108,65,16,13,119,20,90,105,39" hai3="106,35,91,22,115,121,86,45,83,34,69,56,47"/><W117/><G121/><T128/><D116/><U46/><E123/><V38/><F119/><W32/><G115/><T62/><D19/><U135/><E126/><V52/><F122/><W114/><G117/><T44/><D98/><N who="1" m="61559" /><E107/><V78/><F105/><W96/><G69/><N who="0" m="42231" /><D97/><U89/><E24/><V79/><F2/><W9/><G114/><T57/><D0/><U18/><E60/><V72/><F108/><N who="1" m="41513" /><E55/><V51/><F90/><W125/><G125/><T6/><D6/><U42/><E46/><N who="2" m="27767" /><F72/><W8/><G56/><T25/><D25/><U112/><E42/><V4/><F39/><N who="0" m="14922" /><D1/><U124/><E124/><V54/><F38/><W88/><G22/><T130/><D128/><U75/><E75/><V81/><F81/><W102/><REACH who="3" step="1"/><G91/><REACH who="3" step="2"/><T87/><D130/><U5/><E112/><V120/><F120/><W50/><G50/><T48/><D133/><U41/><E135/><V66/><F79/><W76/><G76/><T15/><D132/><U21/><E134/><V127/><F78/><W93/><G93/><T70/><D87/><U94/><E41/><V74/><F127/><W31/><G31/><T17/><D17/><U92/><E5/><V59/><F74/><W71/><G71/><T7/><D7/><U109/><E109/><V40/><F40/><W63/><G63/><T99/><D70/><U33/><E94/><V77/><F77/><W100/><G100/><T28/><D28/><U131/><E131/><V29/><F4/><W64/><G64/><AGARI ba="0,1" hai="13,16,20,29,30,54,59,61,64,65,66" m="27767" machi="64" ten="30,7700,0" yaku="8,1,52,1,54,2" doraHai="11" who="2" fromWho="3" sc="159,0,326,0,256,87,249,-77" owari="159,-34.0,326,13.0,343,44.0,172,-23.0" /></mjloggm>