<mjloggm ver="2.3"><GO type="41"/><UN n0="%E3%82%A6%E3%83%AB%E3%83%88%E3%83%A9%E7%AB%8B%E7%9B%B4" n1="%E3%81%97%E3%81%8A%E3%82%84%E3%81%A0%E3%82%93" n2="%47%45%4F%2D%47%45%4F" n3="%E8%AD%A6%E9%83%A8" dan="15,16,15,14" rate="1972,2053,1997,2124" sx="M,F,M,M"/><TAIKYOKU oya="0"/><INIT seed="0,0,0,3,2,109" ten="250,250,250,250" oya="0" hai0="70,59,57,107,132,104,110,63,46,21,56,0,16" hai1="122,92,114,95,22,68,52,124,41,125,90,105,74" hai2="15,30,99,101,112,55,65,6,43,84,44,108,127" hai3="75,49,2,102,81,119,67,85,83,64,8,128,38"/><T89/><D0/><U23/><E68/><V77/><F65/><W25/><G25/><T48/><D132/><U88/><E74/><V61/><F30/><W47/><G38/><T32/><D32/><U1/><E1/><V19/><F6/><W54/><G102/><T42/><D110/><U94/><E105/><V131/><F108/><W91/><G119/><T116/><D116/><U33/><E33/><V117/><F117/><W103/><G103/><T118/><D118/><U96/><E41/><V133/><F133/><W134/><G128/><T40/><D40/><U71/><E71/><V126/><F131/><W14/><G2/><T34/><D34/><U82/><E122/><V87/><F61/><W28/><G28/><T76/><D76/><U93/><E82/><V29/><F29/><W26/><G26/><T72/><D72/><U36/><E36/><V5/><F5/><W50/><G50/><T69/><D89/><U78/><E78/><V60/><F77/><W12/><G12/><T51/><D69/><U73/><E73/><V115/><F60/><W111/><G134/><T39/><D107/><U18/><E90/><V106/><F55/><W135/><G135/><T86/><D86/><N who="2" m="32810" /><F44/><W35/><G35/><T80/><D80/><U129/><E52/><V121/><F121/><W123/><G123/><T13/><REACH who="0" step="1"/><D104/><REACH who="0" ten="240,250,250,250" step="2"/><U130/><E130/><V24/><F43/><W120/><G120/><T17/><D17/><U31/><E18/><V79/><F79/><N who="3" m="44287" /><G111/><T62/><D62/><U97/><N who="1" m="24064" /><DORA hai="53" /><U3/><E129/><V37/><F37/><W58/><G83/><RYUUKYOKU ba="0,1" sc="240,30,250,-10,250,-10,250,-10" hai0="13,16,21,39,42,46,48,51,56,57,59,63,70" /><INIT seed="0,1,1,2,2,120" ten="270,240,240,240" oya="0" hai0="94,89,59,117,38,82,28,13,104,52,123,103,3" hai1="71,21,93,80,11,85,19,101,135,43,29,58,45" hai2="70,14,55,39,1,74,98,64,16,49,87,118,48" hai3="75,95,20,78,40,53,91,50,73,2,44,124,9"/><T126/><D3/><U84/><E71/><V115/><F1/><W54/><G124/><T86/><D38/><U41/><E29/><V119/><F74/><W18/><G2/><T22/><D123/><U35/><E35/><V99/><F39/><W57/><G9/><T30/><D117/><U24/><E11/><V34/><F34/><W132/><G54/><T68/><D68/><U62/><E45/><V15/><F87/><N who="1" m="33353" /><E80/><V114/><F70/><W12/><G132/><T108/><D104/><U134/><E134/><V112/><F64/><W90/><G78/><T81/><D126/><U127/><E127/><V107/><F107/><W77/><G77/><T61/><D82/><U122/><E122/><V37/><F37/><W51/><G91/><T17/><D30/><U65/><E135/><V116/><F49/><W76/><G76/><T111/><REACH who="0" step="1"/><D28/><REACH who="0" ten="260,240,240,240" step="2"/><U88/><E93/><V97/><REACH who="2" step="1"/><F16/><REACH who="2" ten="260,240,230,240" step="2"/><W8/><G73/><T113/><D113/><U121/><E19/><V69/><F69/><W102/><G75/><T72/><D72/><U131/><E121/><V42/><F42/><W56/><G40/><T128/><D128/><U5/><E43/><V46/><AGARI ba="1,3" hai="14,15,46,48,55,97,98,99,112,114,115,116,118,119" machi="46" ten="50,12000,2" yaku="1,1,0,1,29,2,12,1,53,2" doraHai="120" doraHaiUra="10" who="2" fromWho="2" sc="260,-61,240,-31,230,153,240,-31" /><INIT seed="1,0,0,1,4,56" ten="199,209,383,209" oya="1" hai0="99,77,111,2,134,22,78,69,19,80,43,61,31" hai1="104,57,45,83,121,108,63,34,55,5,129,51,100" hai2="101,120,33,17,36,123,113,7,89,66,128,117,70" hai3="82,47,115,30,58,39,124,132,28,64,49,4,135"/><U81/><E121/><V41/><F33/><W15/><G115/><T106/><D2/><U96/><E34/><V48/><F101/><W53/><G124/><T62/><D69/><U42/><E129/><V85/><F7/><W112/><G112/><T72/><D31/><U6/><E108/><V110/><F110/><W131/><G131/><T25/><D111/><U16/><E16/><V38/><F128/><W68/><G82/><T44/><D134/><N who="3" m="51241" /><G15/><T40/><D78/><U97/><E96/><V130/><F130/><W14/><G14/><T105/><D43/><U54/><E5/><V29/><F29/><W26/><G4/><T32/><D32/><U126/><E6/><V8/><F113/><W50/><G39/><T109/><D109/><U27/><E27/><V116/><F38/><W90/><G90/><T23/><D23/><U114/><E114/><V46/><F36/><W52/><G26/><T3/><D3/><U86/><E126/><V102/><F17/><W119/><G119/><T107/><REACH who="0" step="1"/><D99/><REACH who="0" ten="189,209,383,209" step="2"/><U118/><E118/><V1/><F117/><W94/><G30/><T91/><D91/><U98/><E98/><V12/><F89/><W88/><G28/><T93/><D93/><U67/><E83/><V76/><F1/><W74/><G68/><T75/><D75/><U35/><E35/><V87/><F70/><W103/><G74/><T24/><D24/><U9/><E9/><V127/><F116/><W37/><G88/><AGARI ba="0,1" hai="42,45,51,54,55,57,63,67,81,86,88,97,100,104" machi="88" ten="30,5800,0" yaku="7,1,52,1,54,1" doraHai="56" who="1" fromWho="3" sc="189,0,209,68,383,0,209,-58" /><INIT seed="1,1,0,5,3,46" ten="189,277,383,151" oya="1" hai0="11,16,102,10,30,13,18,15,41,43,20,72,54" hai1="81,22,37,120,8,38,9,78,61,58,63,95,23" hai2="3,35,108,107,45,0,87,94,116,56,121,69,26" hai3="82,96,106,128,114,48,131,83,12,53,97,33,66"/><U24/><E120/><V105/><F69/><W71/><G33/><T89/><D72/><U118/><E118/><V14/><F121/><W99/><G106/><T90/><D102/><U80/><E95/><V135/><F116/><W25/><G114/><T7/><D7/><U57/><E24/><V98/><F87/><W6/><G25/><T124/><D124/><U17/><E17/><V92/><F92/><W51/><G66/><T70/><D70/><U28/><REACH who="1" step="1"/><E78/><REACH who="1" ten="189,267,383,151" step="2"/><V50/><F26/><W126/><G126/><T79/><D79/><U130/><E130/><V76/><F94/><W65/><G128/><T122/><D122/><U44/><E44/><V4/><F45/><W60/><G131/><T134/><D90/><U40/><E40/><V59/><F76/><W73/><G73/><T75/><D75/><U67/><E67/><V19/><F19/><W34/><G53/><T39/><D89/><U21/><E21/><V32/><F32/><W62/><G34/><T132/><D20/><U119/><E119/><V125/><F35/><W1/><G65/><T93/><D93/><U110/><E110/><V52/><F108/><W77/><G77/><T29/><D54/><U68/><E68/><V31/><F125/><W27/><G27/><T84/><D84/><U85/><E85/><V127/><F127/><W55/><G55/><T91/><D91/><U101/><E101/><V103/><F107/><W129/><G71/><T111/><D111/><U86/><E86/><V100/><F100/><W49/><G129/><T2/><D2/><U47/><E47/><V42/><F42/><RYUUKYOKU ba="1,1" sc="189,15,267,15,383,-15,151,-15" hai0="10,11,13,15,16,18,29,30,39,41,43,132,134" hai1="8,9,22,23,28,37,38,57,58,61,63,80,81" /><INIT seed="1,2,1,4,4,60" ten="204,282,368,136" oya="1" hai0="97,58,90,9,64,112,46,54,65,133,49,53,99" hai1="13,105,38,107,126,76,128,52,120,117,127,16,94" hai2="25,55,80,14,68,15,51,91,102,95,84,100,41" hai3="78,29,21,20,81,59,23,113,75,10,48,31,4"/><U72/><E38/><V111/><F41/><W103/><G113/><T42/><D112/><U87/><E120/><V2/><F2/><W39/><G39/><T130/><D130/><U6/><E6/><V45/><F68/><W88/><G103/><N who="2" m="39465" /><F111/><W77/><G77/><T124/><D124/><N who="1" m="47659" /><E117/><V118/><F118/><W134/><G134/><T85/><D133/><U12/><E12/><N who="2" m="4651" /><F25/><W24/><G10/><T110/><D110/><U116/><E116/><V74/><F74/><W3/><G4/><T122/><D122/><U93/><E128/><V114/><F114/><W36/><G36/><T26/><D26/><U63/><E72/><V32/><F32/><W108/><G3/><T69/><D9/><N who="1" m="6191" /><E76/><V79/><F79/><W57/><G108/><T123/><D123/><U62/><E87/><V22/><F22/><W104/><G78/><T0/><D0/><U30/><E30/><V1/><F1/><W44/><G75/><T56/><D69/><U82/><E82/><AGARI ba="2,1" hai="45,51,55,80,82,84,91,95" m="4651,39465" machi="82" ten="30,1000,0" yaku="8,1" doraHai="60" who="2" fromWho="1" sc="204,0,282,-16,368,26,136,0" /><INIT seed="2,0,0,2,4,67" ten="204,266,394,136" oya="2" hai0="64,50,6,5,19,7,121,28,26,60,49,41,133" hai1="16,107,27,8,48,24,42,135,9,69,119,52,25" hai2="4,80,43,53,118,22,45,117,30,37,55,61,62" hai3="87,111,88,99,63,84,96,89,91,40,29,20,76"/><V73/><F118/><W77/><G40/><T85/><D121/><U59/><E119/><V113/><F113/><W130/><G63/><T58/><D133/><U126/><E107/><V110/><F117/><W12/><G29/><T57/><D41/><U32/><E32/><V54/><F4/><W65/><G65/><T17/><D85/><N who="3" m="32841" /><G20/><T82/><D82/><U97/><E97/><N who="3" m="37450" /><G12/><T104/><D104/><U132/><E126/><V3/><F3/><W44/><G44/><T34/><D50/><U92/><E92/><V106/><F62/><W81/><G111/><T86/><D86/><U2/><E2/><V0/><F110/><W11/><G11/><T72/><D49/><U74/><E74/><V125/><F0/><W31/><G31/><T122/><D72/><U103/><E103/><V51/><F37/><W93/><G130/><T21/><D58/><U71/><E42/><V56/><F43/><W112/><G112/><T102/><D102/><U131/><E131/><V33/><F33/><W23/><G23/><T68/><D57/><U94/><E94/><V83/><F22/><W15/><G15/><T38/><D38/><U114/><E114/><V108/><F108/><W98/><G81/><T120/><REACH who="0" step="1"/><D19/><REACH who="0" ten="194,266,394,136" step="2"/><U70/><E16/><V127/><F83/><W100/><AGARI ba="0,1" hai="76,77,88,89,91,93,98,100" m="37450,32841" machi="100" ten="30,12000,2" yaku="8,1,35,5,54,1" doraHai="67" who="3" fromWho="3" sc="194,-30,266,-30,394,-60,136,130" /><INIT seed="3,0,0,2,5,23" ten="164,236,334,266" oya="3" hai0="117,65,16,128,38,7,88,87,24,49,32,129,111" hai1="127,5,116,3,104,6,12,67,72,82,28,110,9" hai2="135,105,33,69,41,90,45,75,107,68,106,56,35" hai3="26,46,101,84,13,71,132,125,25,100,34,123,70"/><W19/><G123/><T77/><D38/><U51/><E104/><V2/><F90/><W60/><G34/><T76/><D117/><U42/><E116/><V95/><F95/><W37/><G71/><T53/><D65/><U122/><E122/><V43/><F56/><W81/><G70/><T118/><D7/><U15/><E67/><V20/><F20/><N who="3" m="11375" /><G37/><T14/><D118/><U10/><E110/><V29/><F2/><W36/><G36/><T124/><D111/><U4/><E28/><V54/><F68/><W121/><G121/><T120/><D120/><U85/><E72/><V109/><F75/><W86/><G60/><T112/><D112/><U17/><E127/><V64/><F109/><W134/><G125/><T99/><D124/><U59/><E3/><V62/><F35/><W96/><G46/><T83/><D99/><U63/><E63/><V52/><F43/><W79/><G86/><T66/><D66/><U44/><E59/><V22/><F33/><W119/><G119/><T74/><D74/><U1/><E1/><V91/><F91/><AGARI ba="0,0" hai="4,5,6,9,10,12,15,17,42,44,51,82,85,91" machi="91" ten="30,2000,0" yaku="7,1,8,1" doraHai="23" who="1" fromWho="2" sc="164,0,236,20,334,-20,266,0" /><INIT seed="4,0,0,3,1,31" ten="164,256,314,266" oya="0" hai0="28,135,48,24,9,37,93,53,62,2,67,85,117" hai1="39,14,76,88,50,121,125,68,86,33,131,5,30" hai2="132,49,77,25,4,108,107,56,110,0,91,98,15" hai3="27,83,74,71,130,79,22,95,103,64,126,111,92"/><T109/><D37/><U11/><E39/><V59/><F0/><W106/><G111/><T60/><D109/><U116/><E68/><V87/><F77/><W89/><G130/><T97/><D117/><U73/><E121/><V17/><F110/><W127/><G71/><T23/><D135/><U44/><E116/><V43/><F132/><W99/><G64/><T84/><D2/><U124/><E76/><V3/><F3/><W96/><G22/><T54/><D9/><U34/><E73/><V47/><F108/><W133/><G27/><T90/><D54/><N who="1" m="30023" /><E30/><V21/><F107/><W8/><G8/><T51/><D51/><U7/><E7/><V65/><F98/><N who="3" m="61815" /><G133/><T129/><D129/><U63/><E63/><V81/><F65/><W104/><G104/><T70/><REACH who="0" step="1"/><D62/><REACH who="0" ten="154,256,314,266" step="2"/><U32/><E131/><V119/><F119/><W45/><G127/><N who="1" m="48714" /><E34/><V55/><F43/><W113/><G126/><T101/><D101/><U112/><E112/><V105/><F105/><W26/><G113/><T35/><D35/><U102/><E102/><V134/><F134/><W122/><G122/><T29/><D29/><U128/><E128/><V16/><F4/><W40/><G40/><T18/><D18/><U46/><E46/><AGARI ba="0,1" hai="23,24,28,46,48,53,60,67,70,84,85,90,93,97" machi="46" ten="30,5800,0" yaku="1,1,7,1,53,1" doraHai="31" doraHaiUra="61" who="0" fromWho="1" sc="154,68,256,-58,314,0,266,0" /><INIT seed="4,1,0,2,2,26" ten="222,198,314,266" oya="0" hai0="48,38,69,82,126,62,27,80,46,55,89,12,34" hai1="50,66,113,13,74,133,10,43,2,124,9,99,44" hai2="81,90,20,28,1,21,31,96,45,3,16,58,114" hai3="72,11,35,88,33,92,52,111,97,116,23,0,132"/><T40/><D126/><U120/><E124/><V85/><F1/><W127/><G116/><T121/><D121/><U8/><E120/><V51/><F3/><W135/><G72/><T68/><D68/><U42/><E74/><V128/><F128/><W76/><G76/><T93/><D12/><U95/><E2/><V14/><F58/><W129/><G111/><T125/><D125/><U25/><E113/><V22/><F96/><W24/><G129/><T130/><D130/><U18/><E66/><V32/><F32/><W65/><G65/><T29/><D62/><U36/><E133/><N who="3" m="51274" /><G11/><T70/><D70/><U39/><E43/><N who="2" m="25023" /><F114/><W19/><G0/><T117/><D69/><U110/><E110/><V108/><F108/><W15/><G15/><T104/><D104/><U109/><E109/><V101/><F101/><W105/><G105/><T4/><D4/><U115/><E115/><V98/><F98/><W106/><G106/><T64/><D64/><U107/><E107/><V79/><F79/><W91/><G91/><T71/><D71/><U73/><E73/><V53/><F53/><W17/><G17/><T57/><REACH who="0" step="1"/><D117/><REACH who="0" ten="212,198,314,266" step="2"/><U78/><E13/><V61/><F61/><W122/><G127/><T5/><D5/><U134/><E134/><V75/><F75/><W30/><G122/><T119/><D119/><U63/><E63/><V100/><F100/><W47/><G24/><T86/><AGARI ba="1,1" hai="27,29,34,38,40,46,48,55,57,80,82,86,89,93" machi="86" ten="20,7800,0" yaku="1,1,0,1,7,1,52,1,53,0" doraHai="26" doraHaiUra="123" who="0" fromWho="0" sc="212,91,198,-27,314,-27,266,-27" /><INIT seed="4,2,0,2,0,93" ten="303,171,287,239" oya="0" hai0="39,85,30,14,88,56,134,133,124,20,82,84,78" hai1="63,77,8,109,117,132,47,59,60,96,44,17,94" hai2="111,98,125,46,120,110,131,115,70,27,24,7,31" hai3="67,113,33,16,64,73,50,58,119,79,2,127,89"/><T100/><D39/><U122/><E117/><V1/><F70/><W66/><G33/><T104/><D56/><U12/><E122/><V0/><F120/><W51/><G2/><T68/><D68/><U69/><E109/><V81/><F27/><W107/><G107/><T28/><D28/><U36/><E77/><V95/><F81/><W105/><G105/><T129/><D30/><U112/><E36/><V103/><F111/><W72/><G72/><T38/><D38/><U10/><E132/><N who="0" m="50793" /><D14/><U74/><E74/><V118/><F110/><W121/><G79/><T116/><D20/><U80/><E80/><V26/><F118/><W19/><G73/><T54/><D54/><U45/><E112/><V128/><F115/><W23/><G113/><T13/><D13/><U97/><E94/><V37/><F7/><W106/><G106/><T130/><D116/><U91/><E91/><V75/><F75/><W3/><G3/><T123/><D123/><U4/><E69/><V53/><F26/><W126/><G89/><T42/><D42/><U55/><REACH who="1" step="1"/><E63/><REACH who="1" ten="303,161,287,239" step="2"/><V108/><F37/><W15/><G119/><T34/><D88/><U6/><E6/><V29/><F108/><W18/><G121/><T52/><D82/><U65/><E65/><V71/><F71/><W114/><G114/><T62/><D78/><U76/><E76/><V11/><F1/><AGARI ba="2,1" hai="1,4,8,10,12,17,44,45,47,55,59,60,96,97" machi="1" ten="40,8000,1" yaku="1,1,52,2,53,2" doraHai="93" doraHaiUra="92" who="1" fromWho="2" sc="303,0,161,96,287,-86,239,0" /><INIT seed="5,0,0,1,0,111" ten="303,257,201,239" oya="1" hai0="114,5,42,7,94,113,92,66,121,110,77,70,73" hai1="27,40,52,87,118,80,21,1,133,129,8,89,46" hai2="90,48,126,101,6,16,13,19,45,99,34,69,9" hai3="130,74,0,127,103,15,72,38,67,20,31,88,51"/><U62/><E118/><V81/><F34/><W4/><G38/><T83/><D110/><U68/><E129/><V124/><F69/><W117/><G0/><T125/><D42/><U10/><E133/><V122/><F122/><W14/><G74/><T56/><D70/><U107/><E107/><V78/><F90/><W54/><G72/><T95/><D121/><U120/><E120/><V112/><F112/><N who="0" m="43114" /><D125/><N who="2" m="48234" /><F81/><W97/><G67/><T84/><D73/><U102/><E102/><V128/><F78/><W26/><G130/><T105/><D105/><U50/><E1/><V2/><F2/><W135/><G117/><T79/><D79/><U134/><E134/><V61/><F61/><AGARI ba="0,0" hai="5,7,56,61,66,77,83,84,92,94,95" m="43114" machi="61" ten="30,7700,0" yaku="15,1,52,3" doraHai="111" who="0" fromWho="2" sc="303,77,257,0,201,-77,239,0" /><INIT seed="6,0,0,4,2,119" ten="380,257,124,239" oya="2" hai0="20,53,90,22,82,27,51,30,62,116,89,47,49" hai1="124,102,105,50,42,2,92,118,14,110,45,74,58" hai2="6,107,61,35,83,16,44,32,101,104,55,39,54" hai3="5,60,109,38,100,11,79,64,134,4,67,8,128"/><V34/><F83/><W87/><G38/><T41/><D116/><U71/><E2/><V1/><F101/><W69/><G109/><T24/><D62/><U106/><E71/><V108/><F108/><W65/><G100/><T81/><D81/><U130/><E74/><V43/><F61/><W129/><G134/><T68/><D68/><U28/><E118/><V13/><F6/><N who="3" m="2667" /><G79/><T12/><D12/><U36/><E28/><V76/><F76/><W75/><G87/><T66/><D66/><N who="3" m="25705" /><G75/><T0/><D0/><U70/><E70/><V40/><F1/><W33/><G33/><T19/><D82/><U88/><E102/><V48/><F43/><W9/><G69/><T91/><D91/><U72/><E72/><V85/><F85/><W77/><G67/><T18/><D30/><U23/><E110/><V80/><F80/><W17/><G60/><T59/><AGARI ba="0,0" hai="18,19,20,22,24,27,41,47,49,51,53,59,89,90" machi="59" ten="20,5200,0" yaku="0,1,7,1,9,1,8,1" doraHai="119" who="0" fromWho="0" sc="380,52,257,-13,124,-26,239,-13" /><INIT seed="7,0,0,1,4,124" ten="432,244,98,226" oya="3" hai0="87,62,91,113,120,43,36,70,2,11,19,45,66" hai1="110,33,15,96,60,12,13,68,133,64,80,125,61" hai2="55,20,90,40,78,104,103,115,34,5,16,114,69" hai3="27,53,131,18,109,82,83,4,9,42,129,26,93"/><W30/><G109/><T72/><D120/><U76/><E33/><V112/><F34/><W59/><G42/><T37/><D113/><N who="2" m="28930" /><V41/><DORA hai="73" /><F69/><W67/><G67/><T54/><D72/><U47/><E125/><V118/><F5/><W100/><G100/><T39/><D54/><U31/><E31/><V17/><F118/><W85/><G93/><T8/><D19/><N who="2" m="7242" /><F20/><N who="3" m="15719" /><G18/><T14/><D14/><U52/><E110/><V86/><F55/><W25/><G59/><T95/><REACH who="0" step="1"/><D2/><REACH who="0" ten="422,244,98,226" step="2"/><U3/><E12/><V23/><F23/><W127/><G53/><T123/><D123/><U130/><E13/><V29/><F29/><W101/><G129/><T35/><D35/><U22/><E130/><V116/><F116/><W32/><G131/><T88/><D88/><U97/><E15/><V98/><F90/><W89/><G127/><T48/><AGARI ba="0,1" hai="8,11,36,37,39,43,45,48,62,66,70,87,91,95" machi="48" ten="30,2000,0" yaku="1,1,0,1,53,0" doraHai="124,73" doraHaiUra="10,117" who="0" fromWho="0" sc="422,30,244,-5,98,-5,226,-10" owari="452,55.0,239,4.0,93,-41.0,216,-18.0" /></mjloggm>