<mjloggm ver="2.3"><GO type="41"/><UN n0="%44%2E%4F%2E" n1="%EF%BC%88%E2%89%A7%E2%96%BD%E2%89%A6%EF%BC%89" n2="%E9%9B%80%E8%B1%AA%E3%82%B8%E3%83%A3%E3%83%B3%E3%82%B4" n3="%E3%81%99%E3%81%9F%E3%81%A1%E3%81%AA%2E" dan="13,15,13,14" rate="1892,2032,1841,1926" sx="M,M,M,M"/><TAIKYOKU oya="0"/><INIT seed="0,0,0,2,1,69" ten="250,250,250,250" oya="0" hai0="20,75,63,48,135,47,58,54,21,49,45,79,106" hai1="93,3,132,88,6,31,68,56,109,61,24,73,92" hai2="122,32,44,8,96,105,127,0,11,19,13,53,52" hai3="60,10,118,74,115,51,121,89,38,37,85,42,87"/><T130/><D106/><U59/><E73/><V41/><F122/><W98/><G115/><T14/><D135/><U113/><E113/><V100/><F32/><W28/><G118/><T72/><D130/><U128/><E128/><V27/><F127/><W112/><G74/><T71/><D71/><U57/><E132/><V26/><F27/><W108/><G112/><T46/><D79/><U5/><E109/><V12/><F26/><W9/><G108/><T67/><D75/><U107/><E107/><V102/><F102/><W117/><G28/><T55/><D72/><U76/><E76/><V29/><F29/><W133/><G60/><T81/><D81/><U86/><E3/><V33/><F0/><W80/><G133/><T84/><D84/><U40/><E40/><V103/><F103/><W43/><G98/><T94/><D94/><U99/><E68/><V23/><F23/><W50/><G117/><T16/><D20/><N who="1" m="15751" /><E61/><V114/><F33/><W116/><G116/><T78/><REACH who="0" step="1"/><D78/><REACH who="0" ten="240,250,250,250" step="2"/><U95/><E99/><V39/><F114/><W90/><G80/><AGARI ba="0,1" hai="5,6,56,57,59,80,86,88,92,93,95" m="15751" machi="80" ten="30,2000,0" yaku="8,1,54,1" doraHai="69" who="1" fromWho="3" sc="240,0,250,30,250,0,250,-20" /><INIT seed="1,0,0,1,3,123" ten="240,280,250,230" oya="1" hai0="67,73,63,9,46,77,53,22,60,92,132,113,133" hai1="82,61,124,28,31,131,15,14,86,19,102,38,114" hai2="5,20,94,115,122,134,116,18,109,119,37,7,36" hai3="91,27,83,106,129,87,75,101,26,3,24,35,65"/><U79/><E114/><V47/><F94/><W43/><G3/><T6/><D113/><U70/><E38/><V23/><F115/><W13/><G129/><T32/><D32/><U52/><E124/><V78/><F78/><W51/><G35/><T68/><D22/><U49/><E131/><V97/><F122/><W111/><G65/><T2/><D92/><U135/><E135/><N who="0" m="51785" /><D77/><U11/><E102/><V80/><F80/><W34/><G75/><T107/><D107/><U100/><E100/><V40/><F134/><W88/><G34/><T121/><D73/><U59/><E70/><V84/><F84/><W42/><G106/><T95/><D95/><U74/><E74/><V57/><F57/><W33/><G101/><T99/><D99/><U4/><REACH who="1" step="1"/><E61/><REACH who="1" ten="240,270,250,230" step="2"/><V81/><F36/><W93/><G51/><N who="0" m="28919" /><D60/><U12/><E12/><V105/><F119/><W104/><G13/><T1/><D1/><U30/><E30/><V39/><F39/><W117/><G33/><T120/><AGARI ba="0,1" hai="2,6,9,63,67,68,120,121" m="28919,51785" machi="120" ten="30,1100,0" yaku="20,1" doraHai="123" who="0" fromWho="0" sc="240,21,270,-5,250,-3,230,-3" /><INIT seed="2,0,0,3,5,78" ten="261,265,247,227" oya="2" hai0="73,37,2,43,25,59,74,114,89,106,111,112,94" hai1="3,53,129,98,132,87,40,21,52,50,115,126,121" hai2="96,67,101,128,48,20,86,81,56,90,92,16,15" hai3="130,17,71,61,91,31,60,97,10,65,116,109,88"/><V36/><F36/><W117/><G109/><T69/><D2/><U75/><E75/><V118/><F118/><W1/><G130/><T76/><D106/><U82/><E3/><V39/><F39/><W72/><G72/><T85/><D69/><U108/><E115/><V63/><F128/><W28/><G61/><T24/><D111/><U100/><E126/><V22/><F48/><W62/><G62/><T104/><D104/><U133/><E121/><V18/><F18/><W77/><G77/><T54/><D43/><U134/><E129/><V110/><F110/><W124/><G124/><T9/><D37/><U34/><E34/><V119/><F119/><W4/><G116/><T122/><D9/><AGARI ba="0,0" hai="9,15,16,20,22,56,63,67,81,86,90,92,96,101" machi="9" ten="30,11600,0" yaku="7,1,8,1,52,1,54,1" doraHai="78" who="2" fromWho="0" sc="261,-116,265,0,247,116,227,0" /><INIT seed="2,1,0,0,2,79" ten="145,265,363,227" oya="2" hai0="48,52,124,88,56,122,76,117,38,57,60,93,127" hai1="105,3,92,15,75,43,107,91,27,119,29,51,23" hai2="72,50,58,33,82,123,83,96,20,35,71,30,94" hai3="102,113,100,133,10,42,116,106,69,19,67,73,32"/><V80/><F123/><W98/><G116/><T134/><D117/><U1/><E75/><V39/><F71/><W37/><G73/><T59/><D122/><U95/><E119/><V104/><F104/><W31/><G102/><T131/><D76/><U118/><E118/><V99/><F72/><W108/><G108/><T97/><D38/><U101/><E107/><V126/><F39/><W41/><G19/><T18/><D134/><U128/><E128/><V74/><F74/><W125/><G10/><T112/><D131/><U81/><E105/><V64/><F126/><W28/><G125/><T36/><D112/><U24/><E101/><V61/><F50/><W22/><G22/><T114/><D36/><U13/><E27/><V65/><F65/><W68/><G31/><T54/><D114/><U5/><E3/><V89/><F99/><W16/><G16/><T44/><D127/><U7/><E1/><V34/><REACH who="2" step="1"/><F20/><REACH who="2" ten="145,265,353,227" step="2"/><W21/><G21/><T49/><D124/><U12/><E51/><V40/><F40/><W6/><G41/><T135/><D135/><U46/><E43/><V110/><F110/><W103/><G42/><T77/><D77/><U120/><E120/><V0/><F0/><W62/><G133/><T45/><REACH who="0" step="1"/><D18/><REACH who="0" ten="135,265,353,227" step="2"/><U63/><E5/><V17/><F17/><W109/><G37/><T111/><D111/><U87/><E7/><V8/><F8/><W4/><G6/><T78/><D78/><U14/><N who="1" m="3072" /><DORA hai="25" /><U47/><REACH who="1" step="1"/><E63/><AGARI ba="1,2" hai="44,45,48,49,52,54,56,57,59,60,63,88,93,97" machi="63" ten="40,8000,1" yaku="1,1,9,1,8,1,54,2,53,0" doraHai="79,25" doraHaiUra="66,121" who="0" fromWho="1" sc="135,103,265,-83,353,0,227,0" /><INIT seed="3,0,0,2,3,51" ten="238,182,353,227" oya="3" hai0="84,122,119,44,95,29,134,31,92,72,87,48,78" hai1="85,15,76,49,58,97,94,20,46,71,77,106,52" hai2="86,62,10,108,54,75,53,50,6,126,17,27,11" hai3="35,14,33,30,42,110,18,111,69,107,125,116,23"/><W64/><G116/><T99/><D119/><U19/><E71/><V131/><F75/><W39/><G125/><T21/><D122/><U115/><E115/><V105/><F105/><W121/><G121/><T112/><D134/><U103/><E106/><V37/><F37/><W127/><G127/><T7/><D7/><U130/><E130/><V40/><F126/><W124/><G124/><T82/><D112/><U81/><E58/><V132/><F131/><W67/><G107/><T74/><D74/><U89/><AGARI ba="0,0" hai="15,19,20,46,49,52,76,77,81,85,89,94,97,103" machi="89" ten="20,8000,1" yaku="0,1,7,1,8,1,52,1,54,1" doraHai="51" who="1" fromWho="1" sc="238,-20,182,80,353,-20,227,-40" /><INIT seed="4,0,0,3,0,92" ten="218,262,333,187" oya="0" hai0="7,36,113,72,26,14,86,71,50,23,58,112,31" hai1="43,133,109,34,114,75,94,127,90,120,117,123,118" hai2="55,67,42,41,30,104,103,135,15,51,69,70,95" hai3="97,64,53,115,29,68,4,99,102,130,129,80,116"/><T48/><D72/><U18/><E34/><V2/><F2/><W17/><G116/><N who="1" m="44650" /><E43/><V49/><F30/><W74/><G4/><T20/><D36/><U12/><E12/><V5/><F104/><W60/><G29/><T128/><D71/><U6/><E18/><V84/><F70/><W125/><G102/><T100/><D128/><N who="3" m="49257" /><G115/><N who="0" m="44107" /><D100/><U45/><E45/><V39/><F39/><W13/><G125/><T61/><D86/><N who="1" m="52567" /><E6/><V110/><F69/><W24/><G24/><T10/><D20/><U88/><E114/><V108/><F67/><AGARI ba="0,0" hai="7,10,14,23,26,31,48,50,58,61,67" m="44107" machi="67" ten="30,1500,0" yaku="15,1" doraHai="92" who="0" fromWho="2" sc="218,15,262,0,333,-15,187,0" /><INIT seed="4,1,0,4,2,27" ten="233,262,318,187" oya="0" hai0="31,82,119,36,72,107,53,89,17,114,102,122,0" hai1="112,40,71,127,73,130,100,125,41,124,128,13,1" hai2="6,47,25,60,23,104,44,55,52,123,115,64,118" hai3="70,99,57,46,68,109,132,120,4,79,54,111,93"/><T61/><D119/><U24/><E73/><V26/><F123/><W67/><G120/><T30/><D122/><U62/><E112/><V92/><F104/><W22/><G79/><T58/><D36/><U97/><E1/><V18/><F115/><W110/><G4/><T8/><D114/><U131/><E13/><V11/><F118/><W3/><G3/><T86/><D72/><U16/><E71/><V81/><F81/><W129/><G129/><T95/><D107/><N who="1" m="63887" /><E62/><V59/><F92/><W33/><G33/><T103/><D0/><U48/><E48/><V56/><F11/><W34/><G34/><T35/><D35/><U101/><E101/><N who="0" m="38409" /><D82/><U84/><E84/><V91/><F6/><W66/><G132/><T113/><D113/><U10/><E10/><V98/><F64/><N who="3" m="24619" /><G22/><AGARI ba="1,0" hai="16,22,24,40,41,124,125,127,128,130,131" m="63887" machi="22" ten="40,5200,0" yaku="18,1,19,1,54,1" doraHai="27" who="1" fromWho="3" sc="233,0,262,55,318,0,187,-55" /><INIT seed="5,0,0,4,4,27" ten="233,317,318,132" oya="1" hai0="31,88,56,99,105,107,37,28,119,66,57,69,80" hai1="4,38,132,128,102,82,72,63,12,52,123,96,11" hai2="130,49,19,29,43,42,78,101,120,68,18,71,97" hai3="3,103,134,65,44,94,64,89,33,17,81,54,109"/><U40/><E123/><V6/><F78/><W59/><G3/><T55/><D37/><U108/><E128/><V74/><F6/><W53/><G33/><T135/><D119/><U122/><E122/><V32/><F120/><W0/><G109/><T111/><D111/><U114/><E108/><V16/><F130/><W45/><G0/><T60/><D135/><U24/><E132/><V26/><F74/><W67/><G134/><T21/><D69/><U95/><E114/><V117/><F117/><W131/><G131/><T118/><D118/><U84/><E72/><V90/><F90/><W47/><G59/><T76/><D21/><U41/><E24/><V62/><F49/><W125/><G125/><T100/><D107/><U110/><E38/><V34/><F34/><W23/><G103/><T87/><D76/><N who="1" m="46151" /><E110/><V36/><F36/><W83/><G94/><T14/><D14/><U104/><E104/><N who="2" m="63535" /><F71/><W92/><G92/><T2/><D2/><U5/><E5/><V9/><F9/><W20/><G89/><T50/><AGARI ba="0,0" hai="28,31,50,55,56,57,60,66,80,87,88,99,100,105" machi="50" ten="20,8000,1" yaku="0,1,7,1,52,2,54,1" doraHai="27" who="0" fromWho="0" sc="233,80,317,-40,318,-20,132,-20" /><INIT seed="6,0,0,4,5,58" ten="313,277,298,112" oya="2" hai0="0,132,14,2,100,135,113,71,34,83,118,82,122" hai1="53,40,91,56,8,39,86,64,55,116,114,101,128" hai2="35,108,107,6,68,26,66,81,133,43,65,60,134" hai3="59,79,50,23,9,24,29,127,33,31,69,111,13"/><V110/><F107/><W112/><G111/><N who="2" m="42537" /><F81/><W7/><G127/><T88/><D122/><U76/><E116/><V19/><F6/><W45/><G112/><T93/><D71/><U36/><E114/><V72/><F72/><W87/><G69/><T18/><D34/><U109/><E109/><V130/><F43/><W99/><G33/><T94/><D118/><U70/><E70/><V80/><F80/><N who="0" m="30762" /><D113/><U10/><E76/><V21/><F66/><W115/><G115/><T129/><D129/><U90/><E64/><V22/><F22/><W12/><G79/><T102/><D0/><U42/><E56/><V98/><F98/><W77/><G77/><T32/><D32/><U51/><E86/><V25/><F25/><W38/><G38/><T5/><D5/><U52/><E53/><V95/><F95/><W20/><G87/><N who="0" m="52383" /><D94/><U131/><E51/><V46/><F46/><W61/><G99/><T41/><D41/><U44/><E44/><V27/><F130/><W15/><G23/><N who="0" m="11735" /><D2/><U123/><E123/><V121/><F121/><W106/><G31/><AGARI ba="0,0" hai="19,21,26,27,31,35,60,65,68,133,134" m="42537" machi="31" ten="30,2900,0" yaku="10,1,52,1" doraHai="58" who="2" fromWho="3" sc="313,0,277,0,298,29,112,-29" /><INIT seed="6,1,0,0,1,116" ten="313,277,327,83" oya="2" hai0="10,4,45,15,77,31,63,48,52,50,128,127,51" hai1="16,23,54,90,92,112,68,3,131,107,32,14,46" hai2="26,0,42,134,106,28,57,47,66,86,113,11,65" hai3="6,75,19,83,81,8,108,30,93,121,110,117,104"/><V74/><F113/><W56/><G104/><T80/><D128/><U44/><E112/><V9/><F106/><W123/><G30/><T34/><D127/><U18/><E107/><V99/><F74/><W98/><G19/><T97/><D97/><U102/><E3/><V70/><F70/><W40/><G40/><T12/><D34/><U105/><E32/><V7/><F99/><W62/><G117/><T73/><D31/><U119/><E119/><V20/><F134/><W61/><G8/><T38/><D63/><N who="3" m="24073" /><G56/><T96/><D96/><N who="1" m="59655" /><E105/><V33/><F57/><W103/><G6/><T17/><D38/><U24/><E68/><V109/><F11/><AGARI ba="1,0" hai="4,10,11,12,15,17,45,48,50,51,52,73,77,80" machi="11" ten="30,2000,0" yaku="7,1,54,1" doraHai="116" who="0" fromWho="2" sc="313,23,277,0,327,-23,83,0" /><INIT seed="7,0,0,1,0,75" ten="336,277,304,83" oya="3" hai0="57,124,89,98,104,50,29,63,86,88,85,2,38" hai1="97,95,54,101,6,113,30,24,103,112,3,39,107" hai2="27,16,64,79,28,90,70,60,1,12,37,130,17" hai3="67,22,91,40,99,5,92,81,65,55,42,121,11"/><W114/><G121/><T80/><D38/><U133/><E133/><V4/><F37/><W44/><G114/><T102/><D2/><U51/><E39/><V122/><F122/><W10/><G81/><T48/><D124/><U117/><E117/><V94/><F130/><W118/><G118/><T46/><D29/><U19/><E19/><V77/><F17/><W23/><G55/><T111/><D111/><U110/><E110/><V83/><F83/><W126/><G126/><T20/><D20/><N who="3" m="7721" /><G44/><T82/><D46/><U120/><E120/><V14/><F1/><W58/><G58/><T0/><D0/><U66/><E66/><AGARI ba="0,0" hai="48,50,57,63,66,80,82,85,86,88,89,98,102,104" machi="66" ten="30,3900,0" yaku="7,1,9,1,54,1" doraHai="75" who="0" fromWho="1" sc="336,39,277,-39,304,0,83,0" owari="375,48.0,238,-16.0,304,10.0,83,-42.0" /></mjloggm>