<mjloggm ver="2.3"><GO type="41"/><UN n0="%E3%83%88%E3%83%A9%EF%BC%92" n1="%E3%82%A6%E3%83%AB%E3%83%88%E3%83%A9%E7%AB%8B%E7%9B%B4" n2="%4E%6F%64%69%61" n3="%32%34%2D%4B%2E%63%6F" dan="15,15,15,14" rate="1998,2003,1962,1823" sx="M,M,M,F"/><TAIKYOKU oya="0"/><INIT seed="0,0,0,1,5,110" ten="250,250,250,250" oya="0" hai0="71,99,25,65,135,117,76,83,60,32,94,104,50" hai1="87,61,31,77,5,115,30,123,40,89,7,38,9" hai2="52,13,121,10,57,82,70,81,35,67,124,73,27" hai3="101,128,127,45,58,122,12,2,90,55,96,108,34"/><T16/><D104/><U120/><E77/><V132/><F121/><W113/><G2/><T46/><D117/><U78/><E78/><V17/><F73/><W21/><G34/><T19/><D135/><U6/><E40/><V112/><F132/><W130/><G108/><T125/><D125/><U23/><E38/><V4/><F70/><W37/><G122/><N who="1" m="46634" /><E61/><V74/><F67/><W42/><G127/><T131/><D131/><N who="3" m="50217" /><G90/><T91/><D25/><N who="1" m="16703" /><E87/><V29/><F74/><W54/><G113/><T56/><D32/><U39/><E39/><V41/><F41/><W80/><G80/><T126/><D71/><U95/><E95/><V53/><F124/><W100/><G100/><T28/><D28/><U24/><E89/><V0/><F112/><W119/><G58/><T69/><D69/><U107/><E107/><V75/><F75/><W105/><G119/><T98/><D98/><U109/><E109/><V26/><F53/><W68/><G68/><T62/><D62/><U14/><E115/><V97/><F97/><W85/><G85/><N who="0" m="48359" /><D126/><U20/><AGARI ba="0,0" hai="5,6,7,9,14,20,24,31" m="16703,46634" machi="20" ten="30,2000,0" yaku="34,2" doraHai="110" who="1" fromWho="1" sc="250,-10,250,20,250,-5,250,-5" /><INIT seed="1,0,0,2,4,55" ten="240,270,245,245" oya="1" hai0="53,105,61,2,84,17,44,62,88,123,4,124,117" hai1="119,120,69,135,29,104,33,70,86,83,26,116,16" hai2="47,121,76,3,57,64,52,101,40,95,118,46,35" hai3="122,28,65,94,51,132,90,60,21,6,63,67,25"/><U66/><E120/><V81/><F35/><W78/><G132/><T27/><D117/><U50/><E135/><V106/><F3/><W114/><G122/><T30/><D105/><U96/><E50/><V71/><F106/><W109/><G78/><T37/><D124/><U1/><E1/><V13/><F121/><W19/><G51/><T74/><D74/><U7/><E7/><V89/><F101/><W85/><G6/><T72/><D72/><U92/><E70/><V45/><F118/><W56/><G109/><T102/><D102/><N who="1" m="62535" /><E16/><V31/><F31/><W36/><G36/><T9/><D123/><U127/><E92/><V97/><F13/><W23/><G114/><T22/><D17/><U98/><E98/><V42/><F71/><W77/><G77/><T8/><D8/><U68/><E68/><V49/><REACH who="2" step="1"/><F64/><REACH who="2" ten="240,270,235,245" step="2"/><W73/><G73/><AGARI ba="0,1" hai="40,42,45,46,47,49,52,57,73,76,81,89,95,97" machi="73" ten="40,12000,2" yaku="1,1,2,1,52,1,54,1,53,3" doraHai="55" doraHaiUra="43" who="2" fromWho="3" sc="240,0,270,0,235,130,245,-120" /><INIT seed="2,0,0,5,3,7" ten="240,270,365,125" oya="2" hai0="26,2,57,101,94,77,19,35,99,98,36,123,49" hai1="40,25,62,88,124,73,17,86,37,63,115,31,71" hai2="92,69,48,75,14,93,129,91,82,51,13,84,131" hai3="0,81,24,134,76,21,23,89,38,96,50,27,121"/><V111/><F69/><W9/><G38/><T43/><D2/><U29/><E73/><V118/><F118/><W87/><G121/><T100/><D123/><U80/><E115/><V20/><F111/><W32/><G134/><T90/><D36/><U3/><E3/><V47/><F75/><W12/><G0/><T41/><D77/><U126/><E40/><V108/><F108/><W56/><G32/><T45/><D41/><U95/><E37/><V103/><F51/><W1/><G1/><T66/><D35/><U72/><E29/><V8/><F20/><N who="3" m="7755" /><G96/><T113/><D113/><U64/><E62/><V117/><F14/><W11/><G12/><T79/><D79/><U97/><E17/><V68/><F68/><W105/><G105/><T61/><D26/><N who="3" m="9769" /><G76/><T65/><D19/><U67/><E72/><V18/><F117/><W114/><G114/><T16/><D66/><U130/><E67/><V112/><F112/><W53/><AGARI ba="0,0" hai="9,11,50,53,56,81,87,89" m="9769,7755" machi="53" ten="30,4000,0" yaku="8,1,52,2" doraHai="7" who="3" fromWho="3" sc="240,-10,270,-10,365,-20,125,40" /><INIT seed="3,0,0,0,2,39" ten="230,260,345,165" oya="3" hai0="38,73,59,68,107,125,81,89,113,14,26,6,51" hai1="86,96,8,131,74,35,11,45,30,48,83,119,69" hai2="41,55,65,67,92,105,91,18,116,121,3,29,61" hai3="1,117,98,93,88,94,58,95,10,103,77,114,34"/><W49/><G117/><T112/><D68/><U84/><E74/><V52/><F105/><W70/><G70/><T72/><D38/><U22/><E69/><V110/><F3/><W115/><G34/><T37/><D37/><U2/><E35/><V78/><F116/><W20/><G77/><T31/><D107/><U9/><E2/><V53/><F78/><W82/><G20/><T28/><D125/><U130/><E119/><V71/><F29/><N who="0" m="11338" /><D26/><U25/><E96/><V57/><F110/><W99/><G82/><T5/><D89/><U101/><E101/><V90/><F121/><W120/><G95/><T75/><D81/><U97/><E97/><V27/><F92/><W36/><G36/><T64/><D14/><U23/><E23/><V79/><F79/><W33/><G33/><T7/><D51/><U54/><REACH who="1" step="1"/><E83/><REACH who="1" ten="230,250,345,165" step="2"/><V15/><F71/><W129/><G120/><T104/><D104/><U111/><E111/><V106/><F106/><W126/><G126/><T133/><D133/><U128/><AGARI ba="0,1" hai="8,9,11,22,25,30,45,48,54,84,86,128,130,131" machi="128" ten="40,5200,0" yaku="1,1,0,1,19,1,53,0" doraHai="39" doraHaiUra="132" who="1" fromWho="1" sc="230,-13,250,62,345,-13,165,-26" /><INIT seed="4,0,0,5,4,135" ten="217,312,332,139" oya="0" hai0="80,91,22,20,99,95,46,21,72,115,104,3,98" hai1="28,57,105,13,67,111,45,112,134,106,74,63,31" hai2="125,89,5,41,34,29,83,97,62,93,49,85,65" hai3="17,7,81,33,35,90,116,44,58,64,103,126,55"/><T16/><D3/><U71/><E111/><V119/><F119/><W12/><G12/><T6/><D6/><U1/><E13/><V129/><F129/><W84/><G84/><T4/><D4/><U132/><E1/><V47/><F5/><W25/><G25/><T123/><D123/><U27/><E28/><V69/><F125/><W108/><G108/><T8/><D115/><U24/><E24/><V48/><F34/><W9/><G9/><T61/><D72/><U100/><E74/><V66/><F66/><W130/><G130/><T43/><D104/><U40/><E57/><V110/><F110/><W122/><G122/><T14/><D80/><U87/><E87/><V36/><REACH who="2" step="1"/><F29/><REACH who="2" ten="217,312,322,139" step="2"/><W131/><G126/><T109/><D109/><U19/><E132/><V68/><F68/><W107/><G35/><T38/><REACH who="0" step="1"/><D61/><REACH who="0" ten="207,312,322,139" step="2"/><U53/><E63/><V117/><F117/><W82/><G131/><T118/><D118/><U76/><E134/><V73/><F73/><W60/><G60/><T51/><D51/><U2/><E2/><V79/><AGARI ba="0,2" hai="36,41,47,48,49,62,65,69,79,83,85,89,93,97" machi="79" ten="20,5200,0" yaku="1,1,0,1,7,1,53,1" doraHai="135" doraHaiUra="39" who="2" fromWho="2" sc="207,-26,312,-13,322,72,139,-13" /><INIT seed="5,0,0,0,5,45" ten="181,299,394,126" oya="1" hai0="95,48,118,55,52,49,127,13,17,15,77,1,82" hai1="75,104,97,43,115,86,60,125,24,33,84,0,50" hai2="87,135,54,108,63,101,122,39,132,119,56,18,59" hai3="44,130,7,134,72,35,91,98,94,107,21,19,114"/><U4/><E75/><V22/><F39/><W81/><G35/><T42/><D1/><U65/><E4/><V70/><F70/><W80/><G134/><N who="2" m="51241" /><F108/><W31/><G130/><T103/><D127/><U53/><E0/><V133/><F122/><W30/><G114/><T27/><D118/><U20/><E43/><V100/><F119/><W66/><G7/><T117/><D117/><U26/><E125/><V47/><F47/><W9/><G9/><T38/><D38/><U62/><E115/><V10/><F10/><W34/><G72/><T69/><D42/><U68/><E62/><V83/><F133/><W61/><G44/><N who="0" m="27655" /><D69/><U102/><E24/><N who="2" m="14423" /><F56/><N who="3" m="37159" /><G107/><T6/><D6/><U113/><E113/><V90/><AGARI ba="0,0" hai="54,59,63,83,87,90,100,101" m="14423,51241" machi="90" ten="30,1100,0" yaku="20,1" doraHai="45" who="2" fromWho="2" sc="181,-3,299,-5,394,11,126,-3" /><INIT seed="6,0,0,5,5,95" ten="178,294,405,123" oya="2" hai0="37,26,119,27,15,71,17,93,111,1,19,16,50" hai1="58,75,42,100,87,82,104,9,126,80,103,108,105" hai2="98,72,120,91,114,127,123,40,46,122,43,8,109" hai3="130,66,94,135,38,85,21,132,44,74,92,124,69"/><V35/><F35/><W48/><G74/><T10/><D71/><U39/><E58/><V54/><F72/><W84/><G38/><T49/><D37/><U133/><E9/><V5/><F109/><W13/><G69/><T97/><D111/><U112/><E42/><V99/><F127/><W106/><G124/><T77/><D1/><U20/><E20/><V129/><F129/><W2/><G2/><T32/><D119/><U121/><E39/><V61/><F114/><W107/><G130/><T63/><D77/><N who="1" m="44095" /><E126/><V78/><F78/><W28/><G66/><T36/><D36/><U18/><E18/><N who="0" m="7273" /><D32/><U64/><E64/><V47/><F40/><N who="3" m="24583" /><G13/><T62/><D50/><U41/><E41/><V125/><F125/><W7/><G7/><T76/><D49/><U0/><E0/><V24/><F24/><N who="0" m="9258" /><D76/><N who="1" m="46535" /><E108/><V57/><F43/><W131/><G28/><T81/><D81/><U59/><E112/><V14/><F46/><W31/><G21/><T52/><D52/><U23/><E59/><V73/><F47/><W6/><G31/><T45/><D45/><U115/><E23/><V56/><F56/><W79/><G79/><T60/><D60/><U101/><E115/><V68/><F68/><W89/><G6/><T134/><D134/><N who="3" m="51241" /><G131/><T65/><D65/><U55/><E133/><V113/><F113/><W83/><G83/><T51/><D51/><U12/><E12/><V96/><F73/><W4/><G4/><T90/><AGARI ba="0,0" hai="10,15,19,62,63,90,93,97" m="9258,7273" machi="90" ten="30,4000,0" yaku="8,1,52,1,54,1" doraHai="95" who="0" fromWho="0" sc="178,40,294,-10,405,-20,123,-10" /><INIT seed="7,0,0,2,1,123" ten="218,284,385,113" oya="3" hai0="49,96,69,65,120,108,59,111,72,122,82,135,100" hai1="67,5,101,86,40,39,43,71,57,121,9,17,127" hai2="41,83,47,113,99,22,89,124,74,126,81,2,87" hai3="0,34,79,25,88,132,1,66,8,44,46,4,90"/><W48/><G46/><T26/><D49/><U33/><E71/><V15/><F2/><W134/><G66/><T42/><D59/><U58/><E33/><V20/><F113/><W75/><G0/><T119/><D42/><U12/><E121/><N who="0" m="46697" /><D119/><U6/><E39/><V102/><F74/><W103/><G103/><T93/><D93/><U92/><E58/><V97/><F81/><N who="3" m="45311" /><G25/><T35/><D135/><N who="3" m="51753" /><G34/><T125/><D125/><N who="2" m="48234" /><F15/><W128/><G128/><T23/><D23/><N who="2" m="8746" /><F102/><W130/><G130/><T85/><D85/><U32/><E32/><V77/><F77/><W62/><G62/><N who="0" m="40119" /><D82/><U95/><E127/><V51/><AGARI ba="0,0" hai="41,47,51,83,87,89,97,99" m="8746,48234" machi="51" ten="30,1100,0" yaku="18,1" doraHai="123" who="2" fromWho="2" sc="218,-3,284,-3,385,11,113,-5" owari="215,-18.0,281,8.0,396,49.0,108,-39.0" /></mjloggm>