<mjloggm ver="2.3"><GO type="65"/><UN n0="%EF%BC%88%E2%89%A7%E2%96%BD%E2%89%A6%EF%BC%89" n1="%63%6F%73%6F%63%63%65%72" n2="%4E%6F%4E%61%6D%65" n3="%E8%8D%89%E5%B1%A5" dan="8,7,0,7" rate="1769,1644,1500,1691" sx="M,M,M,M"/><TAIKYOKU oya="0"/><INIT seed="0,0,0,1,5,50" ten="250,250,250,250" oya="0" hai0="74,110,9,48,61,28,117,15,88,19,127,38,105" hai1="5,55,104,33,99,71,49,14,34,45,90,107,106" hai2="89,17,39,36,95,40,103,102,123,80,81,72,12" hai3="44,53,63,129,67,35,115,126,51,114,94,78,79"/><T85/><D117/><U21/><E71/><V43/><F123/><W66/><G126/><T22/><D127/><U109/><E109/><V120/><F120/><W131/><G35/><T7/><D74/><U97/><E5/><V8/><F72/><W1/><G1/><T46/><D105/><U91/><E99/><V59/><F39/><W118/><G94/><T60/><D110/><U3/><E3/><V100/><F59/><N who="3" m="35311" /><G78/><T83/><D28/><U98/><E98/><V133/><F133/><W37/><G37/><T101/><D101/><U121/><E121/><V77/><F77/><W84/><G84/><T23/><D38/><U68/><E68/><V82/><REACH who="2" step="1"/><F36/><REACH who="2" step="2"/><W13/><G118/><T92/><D92/><U47/><E47/><V135/><F135/><W52/><G79/><T0/><REACH who="0" step="1"/><D22/><REACH who="0" step="2"/><U73/><E73/><V16/><F16/><W57/><G13/><T31/><D31/><U113/><E113/><N who="3" m="43018" /><G44/><T2/><D2/><U75/><E75/><V24/><F24/><W64/><AGARI ba="0,2" hai="51,52,57,64,66,67,129,131" m="43018,35311" machi="64" ten="40,8000,1" yaku="34,2,52,2,54,1" doraHai="50" who="3" fromWho="3" sc="240,-40,250,-20,240,-20,250,100" /><INIT seed="1,0,0,5,2,8" ten="200,230,220,350" oya="1" hai0="105,63,64,86,52,130,32,51,98,17,13,102,96" hai1="25,128,113,31,23,54,34,107,88,82,121,4,26" hai2="38,115,9,87,91,80,40,114,73,3,1,99,2" hai3="45,75,134,0,135,60,29,15,50,57,92,112,125"/><U59/><E107/><V78/><F9/><W35/><G0/><T133/><D32/><U53/><E113/><V61/><F99/><W39/><G112/><T110/><D133/><N who="3" m="50697" /><G75/><T93/><D130/><U24/><E128/><V36/><F61/><W65/><G125/><T16/><D110/><U120/><E4/><V10/><F115/><W106/><G106/><T103/><D86/><U14/><E25/><V44/><F114/><W123/><G123/><T27/><D27/><U97/><E54/><V108/><F108/><W124/><G124/><T119/><D119/><U56/><E56/><V47/><F91/><W67/><G92/><T109/><D109/><U19/><E26/><V33/><F87/><W132/><G132/><T129/><D129/><U68/><E68/><V30/><F30/><W41/><G15/><T74/><D74/><U104/><E82/><V126/><F126/><W131/><G29/><T66/><D63/><U90/><E121/><V18/><F18/><W100/><G100/><T81/><D81/><U58/><E120/><V118/><F118/><W55/><G35/><T21/><D17/><U70/><E70/><V6/><F33/><W101/><G101/><T48/><D48/><U72/><E72/><V22/><F22/><W111/><G111/><T84/><D84/><U20/><E34/><V89/><F89/><N who="1" m="34409" /><E53/><V117/><F117/><W116/><G131/><T49/><D49/><U28/><E28/><V7/><F7/><W5/><G5/><T94/><D105/><U12/><E12/><V43/><AGARI ba="0,0" hai="1,2,3,6,10,36,38,40,43,44,47,73,78,80" machi="43" ten="30,12000,2" yaku="0,1,9,1,25,2,33,3" doraHai="8" who="2" fromWho="2" sc="200,-30,230,-60,220,120,350,-30" /><INIT seed="2,0,0,4,1,79" ten="170,170,340,320" oya="2" hai0="1,24,95,2,127,9,40,83,22,102,32,120,26" hai1="73,100,111,55,91,93,66,52,10,51,130,59,97" hai2="71,101,34,46,112,12,41,20,21,80,117,57,42" hai3="13,133,128,110,33,135,123,89,108,45,74,75,94"/><V6/><F71/><W53/><G33/><T27/><D120/><U105/><E66/><V103/><F34/><W5/><G123/><T107/><D127/><U11/><E111/><N who="3" m="42538" /><G128/><T28/><D107/><U48/><E73/><V69/><F69/><W96/><G5/><T134/><D134/><N who="3" m="51209" /><G13/><T17/><D40/><U132/><E130/><V54/><F112/><W98/><G98/><T49/><D49/><AGARI ba="0,0" hai="45,49,53,74,75,89,94,96" m="51209,42538" machi="49" ten="30,2000,0" yaku="14,1,20,1" doraHai="79" who="3" fromWho="0" sc="170,-20,170,0,340,0,320,20" /><INIT seed="3,0,0,4,2,41" ten="150,170,340,340" oya="3" hai0="116,74,21,79,1,55,132,71,67,65,27,52,37" hai1="121,104,133,54,0,22,119,135,12,103,50,93,62" hai2="60,127,130,105,64,38,8,39,3,30,68,63,34" hai3="14,58,4,53,13,32,134,94,110,61,23,124,59"/><W25/><G134/><T24/><D116/><U75/><E0/><V87/><F87/><W89/><G124/><T100/><D132/><U10/><E75/><V131/><F127/><W35/><G110/><T117/><D117/><U108/><E104/><V17/><F63/><N who="3" m="36303" /><G35/><T43/><D1/><U44/><E103/><V5/><F17/><N who="3" m="12527" /><G4/><T11/><D11/><U26/><E119/><V42/><F42/><W97/><G32/><T33/><D33/><U95/><E121/><V70/><F70/><W99/><G99/><T88/><D100/><U81/><E108/><V109/><F109/><W113/><G113/><T96/><D96/><U76/><E62/><V92/><F92/><W77/><G77/><T98/><D98/><U49/><E133/><V73/><F73/><W107/><G107/><T19/><D27/><U40/><E135/><V69/><F69/><W84/><G84/><T36/><D71/><U51/><E51/><V90/><F90/><W123/><G123/><T66/><D88/><U85/><E22/><V7/><F7/><W122/><G122/><T114/><D114/><U120/><E26/><V28/><F28/><W82/><G82/><N who="0" m="45431" /><D43/><U56/><REACH who="1" step="1"/><E120/><REACH who="1" step="2"/><V101/><F131/><W9/><G9/><T80/><D80/><U48/><E48/><V106/><F130/><W115/><G115/><T15/><D24/><U47/><E47/><V118/><F118/><W112/><G112/><T20/><D20/><U86/><E86/><V111/><F111/><W46/><G46/><T18/><D18/><AGARI ba="0,1" hai="10,12,18,40,44,49,50,54,56,76,81,85,93,95" machi="18" ten="30,8000,1" yaku="1,1,7,1,8,1,52,1,53,1" doraHai="41" doraHaiUra="72" who="1" fromWho="0" sc="150,-80,160,90,340,0,340,0" owari="70,-43,250,-15,340,44,340,14" /></mjloggm>