<mjloggm ver="2.3"><GO type="43"/><UN n0="%E3%83%AF%E3%82%A4%E3%83%AB%E3%83%89%E5%A4%A7%E7%B4%8D%E8%A8%80" n1="%E3%81%AF%E3%81%90%E3%82%8C%E3%83%9F%E3%83%B3%E3%83%88" n2="%EF%BC%88%E2%89%A7%E2%96%BD%E2%89%A6%EF%BC%89" n3="%E2%98%85%E3%81%B0%E3%81%8F%E3%81%8A%E2%98%85" dan="14,13,15,19" rate="1962,2000,2023,1997" sx="M,F,M,M"/><TAIKYOKU oya="0"/><INIT seed="0,0,0,2,3,81" ten="250,250,250,250" oya="0" hai0="73,79,34,28,62,135,98,56,61,104,109,39,16" hai1="92,106,95,22,84,134,44,83,55,19,67,26,124" hai2="99,57,76,72,38,77,9,63,1,71,96,68,6" hai3="43,117,69,74,100,7,130,128,33,36,4,27,5"/><T129/><D39/><U29/><E106/><V82/><F76/><W121/><G69/><T90/><D129/><N who="3" m="49769" /><G117/><T88/><D135/><U30/><E134/><V116/><F116/><W125/><G74/><T66/><D109/><U107/><E107/><V86/><F38/><W31/><G100/><T126/><D126/><U32/><E124/><V118/><F72/><W13/><G43/><T11/><D61/><U21/><E67/><V113/><F113/><W87/><G36/><T40/><D40/><U17/><E32/><V2/><F2/><W133/><G133/><T0/><D98/><U102/><E102/><V70/><REACH who="2" step="1"/><F118/><REACH who="2" ten="250,250,240,250" step="2"/><W37/><G37/><T93/><D79/><U53/><E26/><V47/><F47/><W111/><G125/><T10/><D73/><U75/><E75/><V59/><F59/><W12/><G111/><T65/><D56/><U131/><E44/><V122/><F122/><W54/><G121/><T20/><D0/><U60/><E60/><V3/><F3/><W97/><G27/><T127/><D62/><U89/><E30/><V91/><F91/><W15/><G31/><T103/><D28/><U112/><E29/><V8/><F8/><W105/><G33/><T48/><D34/><U114/><E22/><V58/><F58/><W110/><G110/><T115/><D20/><U23/><E21/><V50/><F50/><W120/><G120/><T25/><D48/><U45/><E131/><V35/><F35/><W119/><G119/><T18/><D127/><U46/><E23/><V41/><F41/><W24/><G24/><T85/><D25/><RYUUKYOKU ba="0,1" sc="250,-10,250,-10,240,30,250,-10" hai2="1,6,9,57,63,68,70,71,77,82,86,96,99" /><INIT seed="1,1,1,4,0,40" ten="240,240,270,240" oya="1" hai0="28,78,24,125,47,22,94,62,101,75,89,135,50" hai1="82,27,97,3,84,129,104,44,118,1,8,124,66" hai2="4,41,21,92,112,35,95,105,30,113,64,13,91" hai3="65,12,55,86,56,70,9,116,39,123,115,34,54"/><U68/><BYE who="3" /><E118/><V23/><F105/><W90/><G90/><T15/><D135/><U111/><E111/><V36/><F64/><W74/><G74/><T102/><D125/><U2/><E124/><V121/><F121/><W88/><G88/><T117/><D117/><U63/><E129/><V48/><F36/><W33/><G33/><T17/><D62/><U122/><E122/><V73/><F73/><W31/><G31/><T134/><D134/><U131/><E131/><V126/><F126/><W16/><G16/><T52/><D78/><U114/><E114/><N who="2" m="44139" /><F35/><W96/><G96/><T109/><D75/><U120/><E120/><V19/><F4/><W20/><G20/><N who="0" m="15367" /><D109/><U76/><E44/><N who="2" m="25615" /><F91/><W72/><G72/><T0/><D0/><U38/><E38/><V26/><AGARI ba="1,1" hai="13,19,21,23,26,30,92,95" m="25615,44139" machi="26" ten="30,2000,0" yaku="11,1,52,1" doraHai="40" who="2" fromWho="2" sc="240,-6,240,-11,270,33,240,-6" /><INIT seed="2,0,0,3,2,91" ten="234,229,303,234" oya="2" hai0="9,64,31,86,113,76,116,52,103,65,49,62,41" hai1="121,73,18,108,13,30,6,102,20,130,24,120,50" hai2="100,87,8,77,119,122,34,68,80,12,126,63,56" hai3="4,114,36,10,7,115,5,106,107,14,42,54,89"/><V59/><F122/><N who="1" m="47209" /><E73/><V95/><F119/><W16/><G16/><T99/><D116/><U29/><E102/><V98/><F126/><W23/><G23/><T93/><D113/><U53/><E108/><V2/><F34/><W117/><G117/><T84/><D31/><N who="1" m="11787" /><E130/><V90/><F2/><W21/><G21/><T79/><D9/><N who="1" m="4279" /><E50/><V131/><F131/><W69/><G69/><T32/><D32/><U118/><E53/><V67/><REACH who="2" step="1"/><F100/><REACH who="2" ten="234,229,293,234" step="2"/><W11/><G11/><T17/><D103/><U70/><E70/><V71/><F71/><W129/><G129/><T82/><D79/><U88/><E88/><V110/><F110/><W39/><G39/><T48/><D76/><U132/><E132/><V96/><F96/><W124/><G124/><T15/><D99/><U28/><E28/><V123/><F123/><W133/><G133/><T44/><D44/><U0/><E0/><V66/><F66/><W37/><G37/><T109/><D64/><U35/><E35/><V125/><F125/><W40/><G40/><T112/><D41/><U92/><E118/><V25/><F25/><W75/><G75/><T38/><D65/><U57/><E57/><V51/><F51/><W128/><G128/><T97/><D48/><U135/><E135/><V72/><F72/><W60/><G60/><T26/><D62/><U127/><E127/><V61/><F61/><W104/><G104/><T81/><D49/><U111/><E111/><V43/><F43/><W105/><G105/><T55/><D109/><U3/><E3/><V46/><F46/><W94/><G94/><AGARI ba="0,1" hai="18,20,24,92,94" m="4279,11787,47209" machi="94" ten="30,3900,0" yaku="13,1,52,2" doraHai="91" who="1" fromWho="3" sc="234,0,229,49,293,0,234,-39" /><INIT seed="3,0,0,3,0,10" ten="234,278,293,195" oya="3" hai0="92,110,132,79,8,3,93,124,63,30,23,33,34" hai1="21,50,16,114,36,39,89,85,86,2,49,22,27" hai2="70,29,98,41,18,65,112,90,0,87,84,44,75" hai3="60,131,57,69,53,100,54,19,56,51,91,115,133"/><W125/><G125/><T24/><D124/><U40/><E114/><V113/><F75/><W88/><G88/><T73/><D132/><U127/><E2/><V58/><F0/><W46/><G46/><T108/><D73/><U11/><E127/><V13/><F70/><W64/><G64/><T67/><D79/><U117/><E117/><V118/><F118/><W31/><G31/><T37/><D37/><U82/><E11/><V42/><F29/><W72/><G72/><T103/><D33/><U6/><E6/><V7/><F7/><W76/><G76/><T95/><D103/><U128/><E128/><V48/><F41/><W80/><G80/><T66/><D34/><U45/><E39/><V68/><F68/><W99/><G99/><T81/><D81/><U61/><E61/><N who="2" m="38071" /><F113/><W104/><G104/><T121/><D121/><U135/><E135/><V101/><F101/><W97/><G97/><T107/><D107/><U134/><E134/><V123/><F123/><W94/><G94/><T17/><D3/><U26/><REACH who="1" step="1"/><E86/><REACH who="1" ten="234,268,293,195" step="2"/><V119/><F112/><W1/><G1/><T83/><D8/><U5/><E5/><V130/><F119/><W126/><G126/><T47/><D108/><U20/><E20/><N who="2" m="11343" /><F130/><W77/><G77/><T105/><D110/><U59/><E59/><V35/><F35/><W109/><G109/><T9/><D23/><U62/><E62/><V129/><F129/><W25/><G25/><T120/><D63/><U12/><E12/><V55/><F87/><W4/><G4/><T74/><D24/><U32/><E32/><V106/><F84/><RYUUKYOKU ba="0,1" sc="234,-10,268,30,293,-10,195,-10" hai1="16,21,22,26,27,36,40,45,49,50,82,85,89" /><INIT seed="4,1,1,3,1,115" ten="224,298,283,185" oya="0" hai0="85,19,23,14,25,70,107,50,69,126,44,15,80" hai1="68,33,9,53,59,36,111,65,106,83,125,122,62" hai2="129,114,113,6,37,135,1,60,52,0,104,91,88" hai3="43,46,130,121,86,105,116,79,89,99,132,109,75"/><T118/><D107/><U92/><E122/><V40/><F104/><W12/><G12/><T119/><D126/><U71/><E106/><V21/><F135/><W128/><G128/><T4/><D69/><U61/><E125/><V29/><F129/><W54/><G54/><T120/><D70/><U49/><E33/><V45/><F29/><W28/><G28/><T87/><D120/><U34/><E34/><V10/><F21/><W77/><G77/><N who="0" m="46223" /><D87/><U5/><E111/><V3/><F60/><W66/><G66/><T57/><D57/><U42/><E92/><V102/><F52/><W18/><G18/><T124/><D14/><U41/><E83/><V39/><F102/><W48/><G48/><T35/><D35/><U17/><E17/><V110/><F39/><W81/><G81/><T78/><D78/><U133/><E133/><V96/><F110/><W131/><G131/><T82/><D82/><U7/><E9/><V38/><F38/><W31/><G31/><T27/><D27/><U24/><E24/><V63/><F63/><W8/><G8/><N who="0" m="4487" /><D124/><U123/><E123/><V90/><REACH who="2" step="1"/><F96/><REACH who="2" ten="224,298,273,185" step="2"/><W64/><G64/><T117/><D117/><U30/><E65/><V2/><AGARI ba="1,2" hai="0,1,2,3,6,10,37,40,45,88,90,91,113,114" machi="2" ten="40,5200,0" yaku="1,1,2,1,0,1,53,0" doraHai="115" doraHaiUra="73" who="2" fromWho="2" sc="224,-27,298,-14,273,75,185,-14" /><INIT seed="5,0,0,5,1,83" ten="197,284,348,171" oya="1" hai0="15,35,75,100,50,126,106,91,127,9,40,129,38" hai1="80,86,76,134,11,84,124,48,122,60,53,85,19" hai2="12,62,73,64,114,118,113,13,92,101,0,39,121" hai3="82,5,56,54,63,102,23,69,77,103,4,107,131"/><U116/><E122/><V57/><F118/><W96/><G96/><N who="0" m="61703" /><D38/><U135/><E116/><V78/><F0/><W104/><G104/><T45/><D75/><U87/><E124/><N who="0" m="47657" /><D91/><U72/><E60/><V33/><F33/><W99/><G99/><T6/><D35/><U16/><N who="1" m="22016" /><DORA hai="68" /><U26/><E26/><V95/><F39/><W51/><G51/><T111/><D111/><U47/><REACH who="1" step="1"/><E11/><REACH who="1" ten="197,274,348,171" step="2"/><V18/><F121/><W119/><G119/><T2/><D129/><U112/><E112/><V22/><F114/><W30/><G30/><T88/><D9/><U46/><E46/><V34/><F113/><W97/><G97/><T79/><D45/><U21/><E21/><V128/><F22/><W108/><G108/><T61/><D61/><U17/><AGARI ba="0,1" hai="16,17,19,47,48,53,72,76,80,134,135" m="22016" machi="17" ten="50,18000,2" yaku="1,1,0,1,52,4,53,0" doraHai="83,68" doraHaiUra="117,115" who="1" fromWho="1" sc="197,-60,274,190,348,-60,171,-60" /><INIT seed="5,1,0,0,1,12" ten="137,464,288,111" oya="1" hai0="64,55,72,135,76,42,63,50,106,93,39,81,29" hai1="95,2,41,120,115,119,122,103,61,104,24,6,23" hai2="49,131,126,40,84,52,110,134,9,34,10,90,83" hai3="21,99,8,37,65,129,69,11,38,46,77,102,79"/><U31/><E119/><V71/><F110/><W48/><G48/><T14/><D106/><U70/><E115/><V128/><F126/><W98/><G98/><T30/><D135/><U105/><E41/><V26/><F71/><W7/><G7/><T117/><D117/><U96/><E2/><V89/><F134/><W112/><G112/><T59/><D93/><U123/><REACH who="1" step="1"/><E6/><REACH who="1" ten="137,454,288,111" step="2"/><V44/><F40/><W127/><G127/><T125/><D125/><U109/><E109/><V73/><F73/><W35/><G35/><T56/><D42/><U51/><E51/><V36/><F36/><W13/><G13/><T113/><D14/><U101/><E101/><V16/><F34/><W118/><G118/><T33/><D39/><U62/><E62/><V18/><F26/><W124/><G124/><T15/><D15/><U32/><E32/><V91/><F131/><W5/><G5/><T111/><D33/><U4/><E4/><V22/><F128/><W97/><G97/><T20/><D113/><U60/><E60/><V121/><F121/><W19/><G19/><N who="2" m="7209" /><F22/><W54/><G54/><T114/><D20/><U87/><E87/><V130/><F130/><W74/><G74/><T45/><D114/><U43/><E43/><V0/><F0/><W132/><G132/><T108/><D108/><U53/><E53/><V80/><F84/><W47/><G47/><T85/><D111/><U25/><E25/><V28/><F28/><N who="0" m="10858" /><D72/><U78/><E78/><V133/><F133/><W67/><G67/><AGARI ba="1,1" hai="23,24,31,61,67,70,95,96,103,104,105,120,122,123" machi="67" ten="40,3900,0" yaku="1,1,53,1" doraHai="12" doraHaiUra="92" who="1" fromWho="3" sc="137,0,454,52,288,0,111,-42" /><INIT seed="5,2,0,2,2,35" ten="137,506,288,69" oya="1" hai0="128,46,7,76,84,73,97,52,92,16,53,88,104" hai1="129,60,119,41,21,132,37,134,108,22,42,135,78" hai2="100,101,90,91,8,94,23,25,79,19,106,125,54" hai3="99,87,59,55,17,30,80,85,0,3,110,29,56"/><U102/><E119/><V2/><F125/><W118/><G118/><T121/><D128/><U120/><E120/><V31/><F106/><W39/><G39/><T131/><D121/><U47/><E129/><V65/><F79/><W77/><G77/><T122/><D7/><U32/><E32/><V38/><F38/><W117/><G117/><T111/><D16/><U98/><E108/><V82/><F65/><W63/><G63/><T36/><D52/><U123/><E123/><V18/><F2/><W11/><G11/><T103/><D131/><U12/><E42/><V62/><F82/><W115/><G115/><T1/><D1/><U51/><E78/><V89/><F8/><W112/><G112/><T14/><D122/><U27/><E37/><V114/><F114/><W96/><G96/><T68/><D68/><U124/><E124/><V13/><F94/><W75/><G75/><T66/><D66/><U45/><E45/><V71/><F71/><W24/><G24/><T67/><D67/><U86/><E86/><V130/><F130/><W70/><G70/><T58/><D111/><U28/><E60/><V26/><F62/><W116/><G116/><T105/><D105/><N who="1" m="63703" /><E22/><N who="2" m="11599" /><F54/><W64/><G64/><T127/><D46/><U10/><E10/><V49/><F49/><W113/><G113/><T109/><D36/><U133/><E133/><V5/><F5/><W9/><G9/><T126/><D109/><U57/><E57/><V81/><F81/><W43/><G43/><T69/><D69/><U34/><E34/><V61/><F61/><W44/><G44/><T6/><D126/><RYUUKYOKU ba="2,0" sc="137,-15,506,15,288,15,69,-15" hai1="12,21,27,28,41,47,51,132,134,135" hai2="19,23,25,26,31,89,90,91,100,101" /><INIT seed="5,3,0,1,2,130" ten="122,521,303,54" oya="1" hai0="32,95,122,109,116,50,15,23,78,121,7,76,36" hai1="81,56,68,106,6,102,13,60,53,10,107,98,39" hai2="113,12,44,133,135,31,131,83,88,34,63,59,91" hai3="2,73,125,22,67,119,62,97,38,17,14,46,9"/><U65/><E39/><V8/><F131/><W90/><G90/><T42/><D36/><U49/><REACH who="1" step="1"/><E81/><REACH who="1" ten="122,511,303,54" step="2"/><V51/><F83/><W0/><G0/><T100/><D121/><U94/><AGARI ba="3,1" hai="6,10,13,49,53,56,60,65,68,94,98,102,106,107" machi="94" ten="20,7800,0" yaku="1,1,2,1,0,1,7,1,53,0" doraHai="130" doraHaiUra="29" who="1" fromWho="1" sc="122,-29,511,97,303,-29,54,-29" /><INIT seed="5,4,0,0,4,119" ten="93,608,274,25" oya="1" hai0="86,88,25,72,121,49,63,70,94,75,0,81,90" hai1="43,54,11,69,107,106,120,98,60,110,82,52,93" hai2="102,78,5,15,59,57,19,32,47,114,117,112,66" hai3="30,12,4,22,13,95,51,115,73,125,36,21,27"/><U89/><E120/><V18/><F32/><W71/><G71/><T17/><D0/><U8/><E110/><V79/><F117/><W105/><G105/><T99/><D121/><U46/><E107/><V7/><F102/><W67/><G67/><T100/><D49/><U92/><E106/><V48/><F66/><W1/><G1/><T64/><D100/><U6/><E82/><V34/><F34/><W56/><G56/><N who="2" m="21577" /><F47/><W62/><G62/><T76/><D88/><U104/><E104/><V128/><F48/><W10/><G10/><T108/><D108/><U65/><E93/><V131/><F15/><W91/><G91/><T50/><D50/><U24/><E24/><V2/><F2/><W20/><G20/><T85/><D72/><U132/><E132/><V16/><F79/><W122/><G122/><T55/><D55/><U127/><E127/><V135/><F78/><W116/><G116/><T68/><D68/><U28/><E28/><V61/><F61/><W3/><G3/><T87/><D75/><U41/><E43/><V38/><F38/><W126/><G126/><T58/><D70/><U83/><E83/><V26/><F26/><W96/><G96/><T31/><D17/><N who="2" m="4354" /><V123/><DORA hai="33" /><F123/><W130/><G130/><N who="2" m="49705" /><F135/><W133/><G133/><T134/><D134/><U14/><REACH who="1" step="1"/><E11/><REACH who="1" ten="93,598,274,25" step="2"/><V124/><F124/><W23/><G23/><AGARI ba="4,1" hai="23,25,31,58,63,64,76,81,85,86,87,90,94,99" machi="23" ten="30,2000,0" yaku="7,1,8,1" doraHai="119,33" who="0" fromWho="3" sc="93,42,598,0,274,0,25,-32" owari="135,-26.0,598,70.0,274,7.0,-7,-51.0" /></mjloggm>