<mjloggm ver="2.3"><GO type="169"/><UN n0="%EF%BC%88%E2%89%A7%E2%96%BD%E2%89%A6%EF%BC%89" n1="%E6%9A%97%E3%81%84%E7%AC%A6" n2="%4E%4F%42%55%53%48%49" n3="%E3%81%BF%E3%81%A3%E3%81%A4%E3%81%83%EF%BD%9E" dan="16,16,16,17" rate="2118,2038,2091,2161" sx="M,M,M,F"/><TAIKYOKU oya="0"/><INIT seed="0,0,0,3,1,41" ten="250,250,250,250" oya="0" hai0="14,20,69,1,71,25,126,105,125,120,100,24,6" hai1="124,45,109,80,93,102,111,36,73,65,81,113,21" hai2="103,78,83,132,68,92,52,131,117,89,29,11,30" hai3="3,104,33,88,18,99,59,19,48,118,39,122,8"/><T110/><D120/><U60/><E73/><V135/><F68/><W116/><G39/><T23/><D105/><U31/><E113/><V54/><F103/><W56/><G33/><T44/><D100/><U62/><E124/><N who="0" m="47721" /><D110/><N who="1" m="41995" /><E31/><V63/><F117/><W47/><G104/><T106/><D106/><U98/><E21/><N who="0" m="8265" /><D1/><U114/><E114/><V133/><F11/><W72/><G72/><T95/><D95/><U16/><E16/><N who="3" m="6186" /><G3/><T134/><D134/><U85/><E65/><V66/><F29/><W67/><G122/><T32/><D32/><U86/><E86/><N who="2" m="48503" /><F30/><W40/><G118/><T0/><D0/><U96/><E96/><V22/><F22/><W7/><G116/><T38/><D71/><U15/><E15/><V112/><F112/><W27/><G67/><T10/><D69/><U121/><E121/><V42/><F66/><W64/><G64/><T43/><AGARI ba="0,0" hai="6,10,14,24,25,38,43,44" m="8265,47721" machi="43" ten="30,3000,0" yaku="18,1,52,1" doraHai="41" who="0" fromWho="0" sc="250,30,250,-10,250,-10,250,-10" /><INIT seed="0,1,0,0,0,28" ten="280,240,240,240" oya="0" hai0="90,60,128,79,20,84,48,111,97,15,95,65,14" hai1="13,3,61,5,114,51,23,98,27,103,45,91,34" hai2="12,124,83,125,30,9,35,104,119,94,85,96,109" hai3="127,2,22,25,129,99,47,31,117,32,120,11,38"/><T112/><D112/><U78/><E78/><V75/><F119/><W88/><G117/><T21/><D128/><U10/><E114/><V49/><F104/><W33/><G120/><T110/><D48/><U80/><E80/><V57/><F75/><W66/><G129/><T115/><D115/><U18/><E91/><V77/><F109/><N who="0" m="41482" /><D79/><U86/><E86/><V74/><F74/><W50/><G38/><T19/><D84/><U106/><E61/><V53/><F30/><W100/><G127/><T29/><D29/><U70/><E70/><V87/><F35/><W40/><G66/><T121/><D121/><U46/><E46/><V82/><F82/><W24/><G24/><N who="0" m="14367" /><D21/><U0/><E34/><V36/><F87/><W26/><G25/><T89/><D89/><U54/><AGARI ba="1,0" hai="0,3,5,10,13,18,23,27,45,51,54,98,103,106" machi="54" ten="20,1500,0" yaku="0,1,7,1" doraHai="28" who="1" fromWho="1" sc="280,-8,240,18,240,-5,240,-5" /><INIT seed="1,0,0,0,2,46" ten="272,258,235,235" oya="1" hai0="109,122,128,73,86,71,131,87,83,28,117,2,21" hai1="44,134,37,90,33,118,31,9,70,3,111,8,102" hai2="126,78,34,38,112,79,135,14,123,133,40,50,11" hai3="5,60,72,53,100,94,49,52,103,25,104,26,54"/><U81/><E70/><V48/><F34/><W67/><G72/><T97/><D2/><U91/><E102/><V7/><F123/><W82/><G104/><T121/><D71/><U129/><E118/><V119/><F119/><W32/><G5/><T39/><D39/><U1/><E33/><V65/><F38/><W95/><G32/><T57/><D117/><U4/><E31/><V15/><F40/><W35/><G35/><T6/><D6/><U92/><E129/><N who="0" m="49737" /><D109/><U29/><E29/><V124/><F65/><W24/><G82/><T66/><D66/><U45/><E134/><N who="2" m="51211" /><F15/><W88/><G95/><T69/><D69/><U120/><E120/><N who="0" m="46185" /><D57/><U96/><E111/><V51/><F112/><W127/><G127/><AGARI ba="0,0" hai="7,11,14,48,50,51,78,79,124,126,127" m="51211" machi="127" ten="40,8000,1" yaku="18,1,20,1,52,3" doraHai="46" who="2" fromWho="3" sc="272,0,258,0,235,80,235,-80" /><INIT seed="2,0,0,0,4,59" ten="272,258,315,155" oya="2" hai0="82,62,134,27,95,104,133,43,125,22,117,115,70" hai1="31,41,81,65,107,11,100,4,130,105,23,68,37" hai2="77,126,83,18,45,119,90,67,40,113,116,99,72" hai3="9,108,61,10,112,42,49,35,30,84,111,21,1"/><V14/><F113/><W34/><G84/><T57/><D104/><U7/><E7/><V32/><F32/><W36/><G49/><T76/><D70/><U128/><E23/><V85/><F126/><W51/><G51/><T15/><D125/><U120/><E31/><V114/><F114/><W71/><G112/><T52/><D117/><U56/><E56/><V131/><F67/><N who="3" m="41455" /><G21/><T109/><D115/><U74/><E120/><V96/><F131/><N who="1" m="50217" /><E100/><V25/><F25/><N who="3" m="18767" /><G10/><T12/><D43/><U6/><E6/><V60/><F60/><W122/><G35/><T0/><D95/><U98/><E98/><V97/><F45/><N who="3" m="23751" /><G122/><T50/><D50/><U17/><E17/><V135/><F40/><W2/><G9/><T124/><D124/><U3/><E65/><V54/><F54/><W5/><G5/><T38/><D15/><U16/><E16/><V28/><F28/><W53/><G53/><T26/><D12/><U118/><E68/><V48/><F48/><W69/><G69/><T132/><D22/><U20/><E20/><V29/><F29/><W75/><G75/><T93/><D27/><U44/><E118/><N who="2" m="45099" /><F18/><W94/><G94/><T103/><D93/><U102/><E102/><V73/><F14/><W91/><G91/><T33/><D103/><U101/><E101/><V8/><F8/><W121/><G121/><T87/><D33/><U129/><N who="1" m="50225" /><U13/><DORA hai="80" /><E13/><V55/><F55/><W24/><G24/><T123/><D26/><U39/><E39/><V64/><F72/><W106/><G106/><T66/><D38/><U110/><E107/><RYUUKYOKU ba="0,0" sc="272,-10,258,-10,315,-10,155,30" hai3="1,2,108,111" /><INIT seed="3,1,0,2,5,115" ten="262,248,305,185" oya="3" hai0="114,36,102,123,75,129,26,134,84,89,83,35,50" hai1="64,61,82,63,20,104,9,14,45,16,57,100,17" hai2="70,4,53,112,1,72,92,127,66,65,111,10,18" hai3="101,126,60,98,37,71,7,52,121,58,88,22,15"/><W109/><G37/><T90/><D36/><U128/><E104/><V97/><F72/><W44/><G121/><T76/><D123/><U48/><E100/><V0/><F112/><W130/><G71/><T122/><D122/><U132/><E128/><V74/><F74/><W33/><G33/><T86/><D114/><U40/><E132/><V28/><F70/><W77/><G126/><T39/><D39/><U93/><E93/><V80/><F1/><W13/><G130/><T131/><D134/><U119/><E119/><V30/><F80/><W108/><G77/><T23/><D35/><U11/><E82/><V135/><F127/><W95/><G7/><T110/><D102/><U34/><E34/><V12/><F65/><W105/><G44/><T29/><D110/><N who="3" m="42601" /><G22/><T55/><D75/><U116/><E116/><V47/><F66/><W54/><G54/><T46/><D76/><U3/><E3/><V85/><F111/><W51/><G60/><T107/><D107/><U68/><E17/><V2/><F47/><W19/><G19/><T21/><D21/><U118/><E118/><V5/><F5/><W125/><G125/><T6/><D6/><U62/><E62/><V124/><F4/><W67/><G67/><AGARI ba="1,0" hai="9,11,14,16,20,40,45,48,57,61,63,64,67,68" machi="67" ten="30,2000,0" yaku="7,1,54,1" doraHai="115" who="1" fromWho="3" sc="262,0,248,23,305,0,185,-23" /><INIT seed="4,0,0,0,4,88" ten="262,271,305,162" oya="0" hai0="72,84,131,90,50,5,135,7,127,92,17,58,110" hai1="3,4,39,133,80,101,65,46,96,52,103,45,20" hai2="47,16,32,18,13,62,79,86,9,117,81,25,78" hai3="21,30,95,99,34,53,122,130,23,36,94,115,73"/><T74/><D110/><U134/><E65/><V10/><F117/><W98/><G36/><T27/><D135/><N who="1" m="51723" /><E39/><V6/><F78/><W0/><G73/><T61/><D131/><U132/><E132/><V108/><F108/><W56/><G0/><T19/><D127/><U85/><E4/><V12/><F32/><W116/><G116/><T60/><D74/><U38/><E3/><V40/><F62/><N who="0" m="24170" /><D72/><U59/><E38/><V104/><F104/><W82/><G82/><T67/><D67/><U87/><E20/><V41/><F47/><N who="1" m="17929" /><E80/><V68/><F68/><W24/><G130/><T54/><D27/><U114/><E114/><V102/><F102/><N who="1" m="38921" /><E96/><V22/><AGARI ba="0,0" hai="6,9,10,12,13,16,18,22,25,40,41,79,81,86" machi="22" ten="30,4000,0" yaku="0,1,8,1,54,1" doraHai="88" who="2" fromWho="2" sc="262,-20,271,-10,305,40,162,-10" /><INIT seed="5,0,0,4,0,92" ten="242,261,345,152" oya="1" hai0="120,13,6,33,66,19,17,117,44,53,107,91,133" hai1="28,56,47,22,29,59,24,69,111,93,0,95,60" hai2="58,36,72,10,112,63,88,1,45,123,106,76,71" hai3="25,20,113,82,77,32,90,84,116,23,8,62,127"/><U87/><E0/><V11/><F123/><W128/><G113/><T16/><D33/><U81/><E69/><V15/><F71/><W51/><G128/><T100/><D117/><U132/><E132/><V79/><F106/><W85/><G127/><T37/><D133/><U75/><E75/><V35/><F35/><W48/><G116/><T4/><D120/><U121/><E121/><V21/><F72/><W57/><G32/><T3/><D3/><U97/><E95/><V27/><F112/><W2/><G2/><T18/><D66/><U108/><E47/><V49/><F36/><W65/><G8/><T43/><D91/><N who="1" m="55487" /><E59/><V74/><F74/><W135/><G135/><T109/><D109/><N who="1" m="42059" /><E22/><V70/><F70/><W68/><G68/><T46/><D46/><U134/><E134/><V12/><F1/><W40/><G40/><T103/><D53/><N who="1" m="33807" /><E24/><V34/><F34/><W126/><G126/><T67/><D67/><U64/><E64/><V129/><F45/><W26/><G26/><T50/><D37/><U122/><E122/><V94/><F27/><W80/><REACH who="3" step="1"/><G23/><REACH who="3" ten="242,261,345,142" step="2"/><T96/><REACH who="0" step="1"/><D103/><REACH who="0" ten="232,261,345,142" step="2"/><U130/><E130/><V38/><F129/><W101/><G101/><T89/><D89/><AGARI ba="0,2" hai="28,29,81,87,89" m="33807,42059,55487" machi="89" ten="30,2900,0" yaku="10,1,52,1" doraHai="92" who="1" fromWho="0" sc="232,-29,261,49,345,0,142,0" /><INIT seed="5,1,0,5,5,5" ten="203,310,345,142" oya="1" hai0="65,51,104,62,106,134,42,8,96,87,13,84,34" hai1="57,93,131,86,14,50,67,127,19,53,111,35,23" hai2="132,80,133,37,72,99,97,27,122,91,101,36,120" hai3="121,4,95,71,124,69,12,98,49,26,54,1,44"/><U52/><E35/><V33/><F33/><W43/><G121/><T20/><D34/><U103/><E111/><V78/><F27/><W81/><G124/><T2/><D134/><N who="2" m="51818" /><F36/><W32/><G1/><T119/><D119/><U47/><E127/><V89/><F37/><W31/><G54/><T117/><D117/><U68/><E131/><V108/><F108/><W6/><G6/><T25/><D2/><U17/><E68/><V11/><F11/><W109/><G109/><T126/><D126/><U55/><E67/><V130/><F130/><W129/><G129/><T92/><D106/><U110/><E110/><V114/><F114/><W102/><REACH who="3" step="1"/><G81/><REACH who="3" ten="203,310,345,132" step="2"/><T38/><D42/><N who="1" m="24951" /><E19/><V48/><F122/><W29/><G29/><T22/><D65/><U79/><E103/><V41/><F101/><W45/><G45/><T60/><D60/><N who="1" m="35879" /><E79/><V7/><F78/><W61/><G61/><T100/><D62/><U16/><E17/><V40/><F7/><W112/><G112/><T73/><D100/><U90/><AGARI ba="1,1" hai="14,16,23,53,55,86,90,93" m="35879,24951" machi="90" ten="30,6000,0" yaku="8,1,54,2" doraHai="5" who="1" fromWho="1" sc="203,-21,310,73,345,-21,132,-21" /><INIT seed="5,2,0,1,5,81" ten="182,383,324,111" oya="1" hai0="72,63,108,97,113,74,119,118,44,57,36,42,11" hai1="85,116,125,26,126,73,71,124,54,37,109,51,123" hai2="27,52,75,112,29,24,28,41,65,93,16,64,14" hai3="58,82,23,1,66,131,49,46,91,12,135,40,76"/><U6/><E73/><V10/><F75/><W132/><G131/><T53/><D108/><U129/><E37/><V121/><F121/><W34/><G1/><T79/><D113/><U101/><E6/><V77/><F41/><W19/><G34/><T21/><D21/><U70/><E101/><V87/><F112/><W9/><G66/><T115/><D115/><U39/><E123/><V60/><F29/><W7/><G58/><T17/><D97/><U99/><E99/><V30/><F30/><W67/><G67/><T38/><D38/><U88/><E39/><V47/><F27/><W45/><G45/><T89/><D89/><U133/><E116/><V56/><F47/><W50/><G50/><T68/><D68/><U84/><E109/><V103/><F103/><W100/><G100/><T94/><D94/><N who="1" m="54535" /><E129/><V106/><F106/><W86/><REACH who="3" step="1"/><G91/><REACH who="3" ten="182,383,324,101" step="2"/><T62/><D44/><N who="1" m="28007" /><E133/><V31/><F65/><W25/><AGARI ba="2,1" hai="7,9,12,19,23,25,40,46,49,76,82,86,132,135" machi="25" ten="30,8000,1" yaku="1,1,0,1,25,2,52,1,53,0" doraHai="81" doraHaiUra="107" who="3" fromWho="3" sc="182,-22,383,-42,324,-22,101,96" /><INIT seed="6,0,0,1,2,49" ten="160,341,302,197" oya="2" hai0="110,115,95,40,79,58,113,39,120,124,62,63,19" hai1="22,130,30,50,54,134,59,7,17,98,68,101,5" hai2="20,44,13,104,111,131,109,12,97,112,133,48,0" hai3="52,76,25,87,69,80,21,29,71,3,14,72,51"/><V47/><F0/><W28/><G3/><T114/><D120/><U73/><E73/><V70/><F70/><W128/><G128/><T16/><D110/><U45/><E68/><V105/><F131/><W24/><G14/><T34/><D124/><U126/><E130/><V123/><F123/><W99/><G99/><T118/><D118/><U26/><E126/><V9/><F133/><W127/><G72/><T55/><D34/><U89/><E134/><V10/><F97/><W8/><G8/><T65/><D79/><U37/><E89/><V86/><F48/><W43/><G43/><T81/><D81/><U108/><E108/><V35/><F86/><W67/><G67/><T33/><D33/><U18/><E37/><V32/><F20/><W15/><G15/><T11/><D95/><U92/><E45/><V119/><REACH who="2" step="1"/><F112/><REACH who="2" ten="160,341,292,197" step="2"/><W132/><G132/><T82/><D11/><U116/><E116/><AGARI ba="0,1" hai="9,10,12,13,32,35,44,47,104,105,109,111,116,119" machi="116" ten="25,9600,0" yaku="1,1,2,1,22,2,53,0" doraHai="49" doraHaiUra="117" who="2" fromWho="1" sc="160,0,341,-96,292,106,197,0" /><INIT seed="6,1,0,0,4,122" ten="160,245,398,197" oya="2" hai0="25,90,97,19,98,99,110,13,48,55,60,92,59" hai1="33,10,26,46,94,2,112,24,132,109,113,130,81" hai2="73,106,17,71,69,96,129,108,50,125,114,43,6" hai3="4,47,76,74,80,11,23,34,22,66,20,8,65"/><V1/><F73/><W103/><G34/><T31/><D110/><U87/><E33/><V135/><F6/><W128/><G128/><T124/><D124/><U64/><E64/><V58/><F1/><W85/><G74/><T27/><D60/><U91/><E130/><V41/><F106/><W61/><G103/><T38/><D38/><U62/><E62/><V39/><F96/><W116/><G116/><T54/><D54/><U53/><E132/><V68/><F17/><W51/><G4/><T42/><D42/><U14/><E2/><V70/><F70/><W67/><G61/><T63/><D63/><U119/><E119/><V111/><F129/><W52/><AGARI ba="1,0" hai="8,11,20,22,23,47,51,52,65,66,67,76,80,85" machi="52" ten="30,4000,0" yaku="0,1,8,1,54,1" doraHai="122" who="3" fromWho="3" sc="160,-11,245,-11,398,-21,197,43" /><INIT seed="7,0,0,0,2,87" ten="149,234,377,240" oya="3" hai0="10,126,39,7,124,52,129,37,0,104,57,91,42" hai1="133,80,67,97,25,29,13,128,78,6,82,72,59" hai2="99,113,84,54,122,2,127,21,12,34,74,123,17" hai3="22,94,8,47,77,118,83,24,110,63,26,60,89"/><W120/><G118/><T81/><D104/><U45/><E97/><V66/><F34/><W31/><G120/><T111/><D111/><U121/><E121/><V109/><F74/><W32/><G110/><T41/><D129/><U100/><E100/><V73/><F73/><W50/><G8/><T5/><D5/><U61/><E128/><V108/><F2/><W48/><G48/><T19/><D19/><U62/><E133/><V96/><F122/><W71/><G71/><T23/><D23/><U43/><E80/><V11/><F123/><W130/><G130/><T98/><D41/><U46/><E6/><V51/><F66/><W9/><G9/><T125/><D42/><U106/><E106/><V92/><F127/><W64/><G64/><T86/><D98/><U102/><E102/><V36/><F36/><W135/><G135/><T56/><D56/><U55/><E13/><V131/><F131/><W53/><G83/><T4/><D7/><U15/><E15/><V18/><F108/><W40/><G77/><T20/><D20/><U75/><E75/><V3/><F11/><W95/><G95/><T38/><D38/><U79/><E79/><V27/><F92/><W107/><G40/><T119/><D119/><U76/><E76/><V69/><F69/><W112/><G107/><T85/><D86/><U105/><E105/><V115/><F3/><W134/><G134/><T35/><D35/><N who="1" m="20911" /><E43/><V68/><F109/><W101/><G101/><T14/><D0/><U90/><E90/><V70/><F18/><N who="3" m="12375" /><G112/><T103/><D103/><U132/><E132/><V1/><F115/><RYUUKYOKU ba="0,0" sc="149,10,234,10,377,-30,240,10" hai0="4,10,14,37,39,52,57,81,85,91,124,125,126" hai1="45,46,55,59,61,62,67,72,78,82" hai3="26,31,32,47,50,53,60,63,89,94" /><INIT seed="7,1,0,1,2,127" ten="159,244,347,250" oya="3" hai0="24,34,21,19,101,55,38,0,84,22,128,123,33" hai1="12,134,43,82,79,51,31,102,94,62,30,85,121" hai2="25,108,117,113,56,53,131,9,122,52,8,106,126" hai3="100,40,98,36,27,60,111,48,81,29,74,132,87"/><W78/><G132/><T125/><D38/><U130/><E121/><V64/><F106/><W7/><G111/><T97/><D123/><U23/><E134/><V99/><F122/><W37/><G7/><T61/><D125/><U135/><E135/><V49/><F126/><W13/><G13/><T120/><D120/><U105/><E105/><V119/><F108/><W57/><G74/><T66/><D0/><U115/><E115/><V65/><F113/><W118/><G118/><T4/><D4/><U90/><E102/><V93/><F117/><W18/><G18/><T5/><D5/><U80/><E62/><V86/><F86/><W42/><G48/><T92/><D84/><U91/><E82/><V50/><F25/><W2/><G2/><T124/><D124/><U103/><E103/><V26/><F26/><W116/><G37/><T72/><D72/><U129/><E43/><V39/><F39/><W59/><G36/><T1/><D1/><U109/><E51/><V70/><F70/><W75/><G75/><T114/><D114/><U6/><E109/><V104/><F50/><W11/><G11/><T69/><D128/><N who="1" m="49259" /><E91/><V35/><F49/><W10/><G10/><T54/><REACH who="0" step="1"/><D21/><REACH who="0" ten="149,244,347,250" step="2"/><U28/><E6/><V68/><F131/><W32/><G116/><T107/><D107/><U89/><E94/><V17/><F104/><W47/><G32/><AGARI ba="1,1" hai="19,22,24,32,33,34,54,55,61,66,69,92,97,101" machi="32" ten="40,1300,0" yaku="1,1,53,0" doraHai="127" doraHaiUra="76" who="0" fromWho="3" sc="149,26,244,0,347,0,250,-16" owari="175,-32.0,244,4.0,347,45.0,234,-17.0" /></mjloggm>