<mjloggm ver="2.3"><GO type="169"/><UN n0="%E5%A5%88%E8%90%BD%E3%81%AE%E7%8E%8B" n1="%E3%83%AA%E3%83%BC%E3%83%81%EF%BC%91" n2="%EF%BC%88%E2%89%A7%E2%96%BD%E2%89%A6%EF%BC%89" n3="%53%48%49%53%55%4B%45" dan="17,16,16,16" rate="2142,2083,2042,2061" sx="M,M,M,M"/><TAIKYOKU oya="0"/><INIT seed="0,0,0,4,1,92" ten="250,250,250,250" oya="0" hai0="104,68,93,74,123,26,39,88,86,66,56,32,0" hai1="99,8,116,80,35,52,69,53,119,38,71,34,24" hai2="98,87,1,122,19,4,46,89,72,94,42,85,3" hai3="21,23,6,65,112,110,90,62,10,12,100,131,40"/><T11/><D74/><U54/><E38/><V49/><F122/><W107/><G112/><T95/><D104/><U133/><E8/><V64/><F72/><W15/><G131/><T75/><D75/><U36/><E36/><V16/><F64/><W59/><G110/><T103/><D39/><U125/><E80/><V58/><F58/><W5/><G40/><T27/><D68/><U44/><E44/><V118/><F118/><W124/><G124/><T132/><D123/><U41/><E41/><V84/><REACH who="2" step="1"/><F4/><REACH who="2" ten="250,250,240,250" step="2"/><W45/><G45/><T22/><D66/><U60/><E119/><V108/><F108/><W48/><G6/><T77/><D56/><U30/><E116/><V111/><F111/><W50/><G65/><T79/><D132/><U37/><E133/><V126/><F126/><W105/><G59/><T51/><D32/><U82/><E35/><V109/><F109/><W106/><G62/><T14/><D51/><U81/><E60/><V121/><F121/><W114/><G50/><T78/><D0/><AGARI ba="0,1" hai="0,1,3,16,19,42,46,49,84,85,87,89,94,98" machi="0" ten="40,8000,1" yaku="1,1,52,1,54,1,53,2" doraHai="92" doraHaiUra="13" who="2" fromWho="0" sc="250,-80,250,0,240,90,250,0" /><INIT seed="1,0,0,1,2,109" ten="170,250,330,250" oya="1" hai0="98,104,53,65,100,124,6,130,102,50,66,58,16" hai1="78,133,41,49,56,37,93,1,117,21,91,73,28" hai2="27,55,30,111,24,126,25,129,80,33,61,29,122" hai3="26,47,14,15,54,70,95,121,96,92,23,114,42"/><U103/><E117/><V105/><F105/><W132/><G121/><T94/><D130/><U82/><E103/><V2/><F2/><W43/><G70/><T83/><D124/><U113/><E113/><V119/><F119/><W108/><G114/><T32/><D32/><U17/><E28/><V123/><F126/><W110/><G132/><T90/><D6/><U88/><E1/><V62/><F129/><W9/><G54/><T128/><D128/><U85/><E133/><V51/><F111/><N who="3" m="42539" /><G9/><T38/><D38/><U40/><E37/><V13/><F80/><W57/><G57/><T71/><D71/><U68/><E68/><V64/><F64/><N who="0" m="24682" /><D104/><U135/><E91/><V4/><F33/><W107/><G107/><T89/><D16/><U7/><E7/><V125/><F125/><W77/><G77/><T60/><D60/><N who="2" m="23146" /><F123/><W116/><G116/><T22/><D22/><U8/><E8/><N who="2" m="4231" /><F122/><W74/><G74/><T10/><D10/><U0/><E0/><V131/><F131/><W84/><G84/><AGARI ba="0,0" hai="50,53,58,83,84,89,90,94,98,100,102" m="24682" machi="84" ten="30,1000,0" yaku="8,1" doraHai="109" who="0" fromWho="3" sc="170,10,250,0,330,0,250,-10" /><INIT seed="2,0,0,0,2,53" ten="180,250,330,240" oya="2" hai0="32,40,42,85,55,87,63,37,76,120,117,88,125" hai1="48,36,126,28,81,65,104,105,46,47,52,58,89" hai2="72,57,60,119,18,110,49,29,25,99,35,26,30" hai3="1,2,113,41,34,5,56,62,75,97,3,38,131"/><V19/><F72/><W54/><G75/><T98/><D32/><U31/><E105/><V78/><F78/><W79/><G34/><T115/><D120/><U16/><E104/><V4/><F119/><W15/><G79/><T92/><D115/><U109/><E109/><V106/><F4/><W9/><G113/><T96/><D117/><U27/><E36/><V44/><F110/><W14/><G131/><T123/><D123/><U132/><E132/><V11/><F11/><W73/><G73/><T93/><D93/><U33/><BYE who="0" /><E126/><V39/><F39/><W124/><G124/><T23/><D23/><N who="1" m="13799" /><E33/><V94/><F106/><W129/><G129/><T130/><D130/><U127/><E127/><UN n0="%E5%A5%88%E8%90%BD%E3%81%AE%E7%8E%8B" /><V10/><F10/><W71/><G71/><T111/><D111/><U51/><E65/><V61/><F26/><W70/><G70/><T66/><D55/><N who="1" m="32127" /><E46/><V122/><F122/><W83/><G83/><N who="0" m="47335" /><D37/><U8/><E8/><V116/><F116/><W64/><G38/><T84/><D125/><U95/><E81/><V45/><F45/><W6/><G41/><T135/><D42/><U67/><E67/><V112/><F112/><W86/><G64/><T20/><D40/><U82/><E82/><V77/><F35/><W102/><G3/><T91/><D20/><U74/><E74/><V17/><F44/><W118/><G2/><T43/><D43/><U90/><E90/><N who="2" m="55767" /><F77/><W7/><G1/><T103/><D135/><U50/><E50/><V101/><F49/><W12/><G118/><T114/><D114/><U100/><E100/><V108/><F101/><W134/><G134/><RYUUKYOKU ba="0,0" sc="180,-10,250,30,330,-10,240,-10" hai1="28,31,47,48,52,89,95" /><INIT seed="3,1,0,1,5,50" ten="170,280,320,230" oya="3" hai0="1,134,102,126,96,15,0,101,103,104,88,66,38" hai1="28,26,87,41,117,21,40,73,65,30,23,3,67" hai2="62,74,31,52,33,10,44,131,84,47,110,113,49" hai3="51,60,120,95,55,22,132,81,94,54,122,106,109"/><W108/><G106/><T99/><D38/><U37/><E73/><V91/><F74/><W13/><G132/><T59/><D134/><U85/><E3/><V127/><F113/><W130/><G130/><T100/><D126/><U8/><E37/><V135/><F135/><W34/><G34/><T45/><D45/><U16/><E8/><V20/><F33/><W29/><G81/><T14/><D1/><U118/><E26/><N who="2" m="16839" /><F131/><W24/><G60/><T4/><D0/><U133/><REACH who="1" step="1"/><E133/><REACH who="1" ten="170,270,320,230" step="2"/><V25/><F25/><W89/><G122/><T17/><D4/><U75/><E75/><V58/><F127/><W70/><G120/><T72/><D72/><U69/><E69/><V93/><F110/><N who="3" m="42603" /><G70/><T114/><D114/><U6/><E6/><V35/><F35/><W98/><G13/><T48/><D15/><U115/><E115/><V12/><F62/><W79/><G79/><T42/><D14/><U5/><E5/><AGARI ba="1,1" hai="5,10,12,44,47,49,52,58,84,91,93" m="16839" machi="5" ten="30,3900,0" yaku="8,1,52,1,54,1" doraHai="50" who="2" fromWho="1" sc="170,0,270,-42,320,52,230,0" /><INIT seed="4,0,0,3,1,131" ten="170,228,372,230" oya="0" hai0="72,2,7,43,66,105,125,71,63,27,21,12,39" hai1="47,64,54,80,1,73,107,9,130,51,37,89,110" hai2="29,82,113,99,50,70,76,117,85,55,120,6,127" hai3="28,93,115,124,118,114,34,133,106,60,56,126,35"/><T102/><D72/><U25/><E130/><V42/><F70/><W36/><G106/><T38/><D2/><U4/><E107/><V109/><F120/><W135/><G36/><T23/><D125/><N who="3" m="48233" /><G93/><T91/><D43/><U40/><E110/><V16/><F109/><W20/><G118/><T61/><D61/><U19/><E64/><V78/><F117/><W41/><G41/><T22/><D27/><U69/><E69/><V98/><F29/><W59/><G20/><T100/><D91/><U95/><E19/><V53/><F6/><W77/><G77/><T132/><D105/><U128/><E25/><V46/><F127/><W49/><G49/><T5/><D23/><U3/><E3/><V17/><F78/><W11/><G11/><T134/><D71/><U0/><E0/><V14/><F17/><W112/><G28/><T74/><D74/><U57/><E128/><V94/><F113/><W111/><G111/><T68/><D68/><U129/><E129/><V10/><F99/><W48/><G48/><T52/><D63/><U116/><E116/><V33/><F33/><N who="3" m="12299" /><G56/><T30/><D30/><U26/><E26/><V65/><F65/><AGARI ba="0,0" hai="59,60,65,112,114,115,133,135" m="12299,48233" machi="65" ten="40,8000,1" yaku="15,1,18,1,52,2" doraHai="131" who="3" fromWho="2" sc="170,0,228,0,372,-80,230,80" /><INIT seed="5,0,0,0,4,87" ten="170,228,292,310" oya="1" hai0="77,73,5,78,13,55,30,29,131,39,60,123,114" hai1="65,21,36,76,109,91,70,122,53,63,9,72,119" hai2="115,82,98,108,1,64,32,121,37,40,92,62,94" hai3="88,129,116,56,35,61,44,105,126,111,38,23,113"/><U128/><E122/><V46/><F121/><W57/><G35/><T49/><D39/><U6/><E119/><V112/><F108/><W47/><G105/><T86/><D73/><U59/><E109/><V52/><F1/><W97/><G111/><T117/><D117/><U124/><E36/><V104/><F32/><W100/><G100/><T17/><D123/><U120/><E120/><V20/><F82/><W7/><G7/><T74/><D74/><U79/><E72/><V2/><F2/><W18/><G116/><T51/><D5/><U58/><E70/><V84/><F20/><W89/><G97/><T43/><D43/><U130/><E21/><V0/><F0/><W28/><G28/><T81/><D78/><U24/><E24/><V127/><F127/><W106/><G106/><T26/><D30/><U31/><E31/><V90/><F104/><W133/><G126/><T22/><D114/><N who="2" m="43562" /><F52/><N who="3" m="33927" /><G113/><T85/><D131/><N who="1" m="50219" /><E124/><V69/><F98/><W33/><G33/><T41/><D86/><U11/><E91/><N who="3" m="34890" /><G38/><T102/><D102/><U132/><E6/><V42/><F94/><W12/><G129/><T75/><D75/><U10/><E132/><V67/><F92/><W118/><G133/><T93/><D93/><U134/><E134/><V68/><F90/><W83/><G118/><T95/><D95/><U99/><E99/><V66/><F84/><W54/><G83/><T107/><D107/><U14/><E14/><V15/><F15/><W125/><G125/><T50/><D81/><U16/><E16/><V71/><F42/><W110/><G110/><T45/><D41/><RYUUKYOKU ba="0,0" sc="170,-30,228,10,292,10,310,10" hai1="9,10,11,53,58,59,63,65,76,79" hai2="37,40,46,62,64,66,67,68,69,71" hai3="12,18,23,44,47,54,57" /><INIT seed="5,1,0,4,4,7" ten="140,238,302,320" oya="1" hai0="113,95,103,23,125,86,58,57,42,70,60,40,107" hai1="59,134,78,27,76,47,130,120,62,63,132,36,6" hai2="10,106,51,127,133,3,45,12,72,101,96,31,11" hai3="104,123,74,87,20,65,115,15,93,82,19,124,30"/><U118/><E118/><V75/><F127/><W55/><G104/><T43/><D107/><U33/><E120/><V112/><F133/><N who="1" m="51305" /><E130/><V64/><F112/><W66/><G123/><T99/><D113/><U9/><E33/><V22/><F64/><W1/><G74/><T114/><D114/><U39/><E27/><V111/><F111/><W91/><G115/><T18/><D125/><U41/><E39/><V24/><F3/><W71/><G1/><T53/><D70/><U32/><E32/><V102/><F102/><W5/><G71/><T49/><D86/><U54/><E63/><V131/><F131/><W83/><G124/><T90/><D103/><U135/><N who="1" m="51313" /><U88/><DORA hai="61" /><E88/><V8/><REACH who="2" step="1"/><F12/><AGARI ba="1,0" hai="6,9,12,36,41,47,54,59,62,76,78" m="51313" machi="12" ten="40,3900,0" yaku="20,1,52,1" doraHai="7,61" who="1" fromWho="2" sc="140,0,238,42,302,-42,320,0" /><INIT seed="5,2,0,1,0,103" ten="140,280,260,320" oya="1" hai0="73,26,107,71,132,86,122,3,62,36,102,117,101" hai1="20,94,72,58,133,80,100,23,125,13,10,15,2" hai2="99,45,111,135,97,75,61,106,130,91,11,89,41" hai3="121,46,76,123,112,90,4,70,22,0,84,116,12"/><U81/><E2/><V33/><F33/><W83/><G70/><T119/><D86/><U85/><E72/><V108/><F75/><W19/><G0/><T5/><D102/><U129/><E129/><V126/><F130/><W95/><G4/><T63/><D63/><U65/><E133/><V120/><F135/><W31/><G31/><T104/><D132/><U8/><E125/><V55/><F120/><W39/><G112/><T53/><D53/><U113/><E113/><V105/><F126/><W16/><G116/><N who="0" m="44619" /><D101/><U24/><E65/><V38/><F11/><N who="1" m="4137" /><E58/><V56/><F97/><W79/><G76/><T64/><D5/><U34/><E34/><V78/><F78/><W43/><REACH who="3" step="1"/><G19/><REACH who="3" ten="140,280,260,310" step="2"/><T7/><D7/><U27/><E100/><V74/><F74/><AGARI ba="2,1" hai="12,16,22,39,43,46,74,79,83,84,90,95,121,123" machi="74" ten="30,7700,0" yaku="1,1,2,1,7,1,54,1,53,0" doraHai="103" doraHaiUra="92" who="3" fromWho="2" sc="140,0,280,0,260,-83,310,93" /><INIT seed="6,0,0,2,5,129" ten="140,280,177,403" oya="2" hai0="92,80,60,123,106,26,38,78,20,37,59,43,111" hai1="63,23,103,132,114,11,45,15,133,95,126,57,72" hai2="17,47,13,131,116,108,122,128,74,97,115,82,73" hai3="31,118,127,88,33,102,99,27,54,52,39,44,51"/><V117/><F47/><W120/><G120/><T119/><D106/><U35/><E72/><N who="2" m="27755" /><F13/><W87/><G39/><T24/><D123/><U71/><E35/><V40/><F40/><W14/><G118/><N who="2" m="45673" /><F17/><W67/><G127/><T34/><D34/><U104/><E126/><V55/><F55/><W29/><G67/><T125/><D92/><U85/><E71/><V56/><F56/><W69/><G69/><T93/><D93/><U22/><E45/><V49/><F49/><W130/><G130/><N who="2" m="49705" /><F122/><W5/><G54/><T8/><D43/><U58/><E63/><V100/><F115/><W76/><G14/><T10/><D59/><U134/><E114/><V66/><F66/><W50/><G50/><T107/><D60/><U110/><E23/><V16/><F16/><W32/><G5/><T65/><D65/><U64/><E22/><V46/><F46/><W41/><G41/><T79/><D20/><U83/><E64/><V0/><F0/><W112/><G112/><T1/><D119/><U12/><E11/><V4/><F4/><W42/><G42/><T19/><D19/><U68/><E68/><V135/><F82/><N who="3" m="47559" /><G27/><T6/><D6/><U61/><E58/><V2/><F2/><W36/><G36/><T75/><D1/><U101/><E57/><V25/><F25/><W30/><G33/><T89/><D26/><U90/><E61/><V91/><F108/><W96/><G32/><T70/><D24/><U94/><E110/><V3/><F3/><W84/><G102/><N who="1" m="38922" /><E104/><N who="2" m="63503" /><F91/><W9/><G9/><N who="0" m="3691" /><D111/><U109/><E109/><V124/><F124/><W113/><G113/><RYUUKYOKU ba="0,0" sc="140,-30,280,10,177,10,403,10" hai1="12,15,83,85,90,94,95,132,133,134" hai2="135" hai3="29,30,31,44,51,52,84,88,96,99" /><INIT seed="6,1,0,4,3,129" ten="110,290,187,413" oya="2" hai0="134,64,75,61,60,46,110,119,1,79,7,76,100" hai1="131,27,84,8,69,117,51,0,55,133,50,105,53" hai2="21,102,25,47,62,28,104,5,113,109,14,89,44" hai3="34,59,42,6,12,107,87,126,95,63,120,65,116"/><V99/><F113/><W30/><G120/><T31/><D110/><U123/><E123/><V57/><F109/><W17/><G107/><T93/><D119/><U29/><E117/><V39/><F39/><W56/><G116/><T66/><D31/><U97/><E131/><V82/><F5/><W92/><G6/><T11/><D46/><U77/><E69/><V54/><REACH who="2" step="1"/><F14/><REACH who="2" ten="110,290,177,413" step="2"/><W122/><G12/><T13/><D1/><U19/><E0/><V124/><F124/><W135/><G126/><T15/><D15/><U26/><E27/><V33/><F33/><W10/><G34/><T90/><D13/><U118/><E26/><V2/><F2/><W94/><G122/><T132/><D7/><U86/><E118/><V128/><F128/><W125/><G125/><T67/><D11/><U22/><E8/><V78/><F78/><W32/><G10/><T3/><D3/><U41/><E77/><V23/><F23/><W81/><G32/><T91/><D79/><U18/><E22/><V40/><F40/><W88/><G42/><T74/><D76/><U73/><E41/><V121/><F121/><W38/><G38/><T20/><D20/><U58/><E29/><V24/><F24/><W130/><G30/><T106/><D75/><U103/><E73/><V70/><F70/><W112/><G130/><T83/><D74/><U43/><E43/><V37/><F37/><W36/><G36/><T108/><D108/><U4/><E4/><V80/><F80/><W68/><G112/><T127/><D127/><U35/><E35/><V49/><F49/><W101/><G81/><RYUUKYOKU ba="1,1" sc="110,-10,290,-10,177,30,413,-10" hai2="21,25,28,44,47,54,57,62,82,89,99,102,104" /><INIT seed="6,2,1,1,1,50" ten="100,280,207,403" oya="2" hai0="124,81,93,21,26,6,51,62,43,42,13,125,97" hai1="2,107,122,11,116,48,28,84,87,32,12,67,31" hai2="22,30,120,56,38,83,0,92,23,59,63,70,105" hai3="45,49,40,104,123,131,110,5,118,29,77,114,53"/><V74/><F105/><W1/><G123/><T60/><D81/><U61/><E2/><V86/><F38/><W19/><G118/><T10/><D125/><U17/><E107/><V18/><F0/><W135/><G104/><T55/><D124/><U24/><E116/><V75/><F120/><W14/><G110/><T85/><D85/><U96/><E31/><V115/><F115/><W134/><G29/><T66/><D62/><U41/><E96/><V25/><F70/><W112/><G77/><T79/><D79/><U103/><E103/><V69/><F69/><W52/><G5/><T130/><D130/><U113/><E113/><N who="3" m="43626" /><G1/><T132/><D132/><N who="3" m="50729" /><G131/><T64/><D64/><U89/><E89/><V88/><F83/><W128/><G128/><T101/><D60/><U16/><E17/><V99/><F99/><W129/><G129/><T109/><D66/><U82/><E122/><V72/><REACH who="2" step="1"/><F63/><REACH who="2" ten="100,280,197,403" step="2"/><W91/><G91/><T57/><REACH who="0" step="1"/><D109/><REACH who="0" ten="90,280,197,403" step="2"/><U98/><E82/><V65/><F65/><W15/><G40/><T27/><D27/><AGARI ba="2,3" hai="18,22,23,25,27,30,56,59,72,74,75,86,88,92" machi="27" ten="40,3900,0" yaku="1,1,54,1,53,0" doraHai="50" doraHaiUra="127" who="2" fromWho="0" sc="90,-45,280,0,197,75,403,0" /><INIT seed="6,3,0,2,0,42" ten="45,280,272,403" oya="2" hai0="35,68,60,12,30,120,129,10,119,88,89,132,63" hai1="111,18,6,134,112,45,108,34,130,40,54,95,81" hai2="58,118,124,96,104,92,90,57,36,29,5,55,94" hai3="59,122,71,76,8,135,87,73,103,52,128,69,98"/><V21/><F118/><W7/><G122/><T4/><D120/><U43/><E34/><V20/><F104/><W3/><G73/><T13/><D119/><U80/><E6/><V125/><F5/><W16/><G135/><T123/><D123/><U99/><E134/><V121/><F121/><W110/><G110/><T11/><D132/><U48/><E130/><V61/><F36/><W106/><G128/><T116/><D116/><U84/><E112/><V78/><F78/><W2/><G2/><T19/><D129/><U74/><E74/><V53/><F94/><W117/><G117/><T114/><D114/><U32/><E32/><V64/><F64/><W91/><G76/><T62/><D68/><U28/><E28/><V100/><F90/><W67/><G16/><T65/><D35/><U50/><E40/><V126/><REACH who="2" step="1"/><F29/><REACH who="2" ten="45,280,262,403" step="2"/><W79/><G79/><T51/><D30/><U86/><E111/><V22/><F22/><W113/><G113/><T85/><D65/><U23/><E108/><V9/><F9/><W66/><G71/><T17/><D4/><U83/><E23/><V14/><F14/><W72/><G69/><T133/><D133/><U115/><E115/><V1/><F1/><W47/><G106/><T0/><D0/><U15/><E15/><V27/><F27/><W93/><G3/><T38/><D38/><U75/><E18/><V37/><F37/><W56/><G8/><T82/><D89/><N who="1" m="55791" /><E75/><V49/><AGARI ba="3,1" hai="20,21,49,53,55,57,58,61,92,96,100,124,125,126" machi="49" ten="30,6000,0" yaku="1,1,0,1,18,1,53,0" doraHai="42" doraHaiUra="77" who="2" fromWho="2" sc="45,-23,280,-23,262,79,403,-23" /><INIT seed="6,4,0,0,1,3" ten="22,257,341,380" oya="2" hai0="27,16,18,78,46,29,120,79,114,129,92,21,28" hai1="69,106,58,115,109,6,99,17,60,68,108,45,133" hai2="24,22,48,36,95,1,35,43,116,10,0,7,15" hai3="126,51,37,72,44,82,100,25,14,75,134,122,81"/><V132/><F116/><W97/><G37/><T105/><D105/><U110/><E133/><V121/><F121/><W39/><G39/><T5/><D120/><U63/><E115/><V98/><F36/><W38/><G122/><T74/><D114/><U89/><E45/><V83/><F132/><W62/><G38/><T101/><D74/><U93/><E106/><V26/><F35/><W84/><G134/><T90/><D101/><U8/><E17/><V52/><F83/><W102/><G62/><T47/><D129/><U103/><E63/><V131/><F43/><W11/><G25/><T85/><D78/><U49/><E49/><V118/><F26/><W73/><G84/><T4/><D79/><U104/><E89/><V20/><F20/><W31/><G31/><N who="0" m="11851" /><D18/><U124/><E124/><V70/><F70/><W130/><G126/><T94/><D92/><U50/><E50/><V54/><F54/><W41/><G130/><T12/><D27/><U13/><REACH who="1" step="1"/><E93/><REACH who="1" ten="22,247,341,380" step="2"/><V23/><F131/><W30/><G30/><T107/><D107/><U53/><AGARI ba="4,1" hai="6,8,13,53,58,60,68,69,99,103,104,108,109,110" machi="53" ten="30,7900,0" yaku="1,1,2,1,0,1,52,1,53,0" doraHai="3" doraHaiUra="19" who="1" fromWho="1" sc="22,-24,247,101,341,-43,380,-24" owari="-2,-50.0,348,15.0,298,-10.0,356,45.0" /></mjloggm>