<mjloggm ver="2.3"><GO type="169" lobby="0"/><UN n0="%E5%9F%BA%E7%A4%8E%E8%AB%96" n1="%EF%BC%88%E2%89%A7%E2%96%BD%E2%89%A6%EF%BC%89" n2="%E5%96%A7%E5%98%A9%E5%B8%AB%E8%8A%B1%E5%B1%B1" n3="%4D%61%52%63%48" dan="17,17,16,16" rate="2146.00,2137.32,2049.68,2103.26" sx="M,M,M,M"/><TAIKYOKU oya="0"/><INIT seed="0,0,0,3,2,64" ten="250,250,250,250" oya="0" hai0="84,129,34,76,82,41,131,89,75,25,62,72,127" hai1="130,28,95,35,14,1,5,93,105,70,27,63,90" hai2="47,30,97,128,0,51,73,18,54,134,36,4,92" hai3="6,23,85,124,19,50,11,119,9,80,24,122,65"/><T53/><D41/><U71/><E105/><V48/><F36/><W88/><G119/><T87/><D34/><U77/><E1/><V101/><F73/><W46/><G124/><T3/><D3/><U29/><E29/><V60/><F128/><N who="0" m="49226" /><D25/><U133/><E77/><V61/><F134/><W111/><G122/><T102/><D53/><U132/><E130/><V108/><F108/><W55/><G111/><T45/><D45/><U12/><E95/><V115/><F115/><W10/><REACH who="3" step="1"/><G65/><REACH who="3" ten="250,250,250,240" step="2"/><T91/><D127/><U33/><E133/><V74/><F74/><W81/><G81/><N who="0" m="47143" /><D62/><U103/><E132/><V98/><F61/><W39/><G39/><T126/><D126/><U43/><E63/><V38/><F60/><W69/><G69/><T26/><D75/><U125/><E125/><V107/><F38/><W114/><G114/><T66/><D66/><U7/><E70/><V59/><F47/><W44/><G44/><T56/><D72/><U8/><E71/><V79/><F59/><W22/><G22/><T106/><D56/><U2/><E35/><V100/><F54/><W118/><G118/><T112/><D112/><U94/><E43/><V57/><F57/><W99/><G99/><N who="0" m="61791" /><D26/><U110/><E27/><V20/><F20/><W32/><G32/><T113/><D113/><U78/><E33/><V104/><F51/><W121/><G121/><T16/><D82/><U40/><E40/><V21/><F21/><W120/><G120/><T52/><D87/><U67/><E67/><V116/><F48/><W123/><G123/><T96/><D96/><U49/><E49/><RYUUKYOKU ba="0,1" sc="250,-10,250,-10,250,-10,240,30" hai3="6,9,10,11,19,23,24,46,50,55,80,85,88" /><INIT seed="1,1,1,4,1,34" ten="240,240,240,270" oya="1" hai0="130,61,11,110,125,22,4,77,46,53,71,92,28" hai1="108,10,14,124,17,2,80,111,117,21,35,91,65" hai2="12,24,104,26,39,1,54,50,76,129,82,25,59" hai3="41,60,0,96,131,105,78,95,5,107,64,36,66"/><U113/><E113/><V37/><F1/><W122/><G122/><T68/><D110/><N who="1" m="42027" /><E117/><V48/><F104/><W85/><G131/><T93/><D130/><U29/><E124/><V128/><F50/><W106/><G41/><T102/><D125/><U38/><E38/><V133/><F129/><W132/><G132/><T9/><D71/><U87/><E65/><V86/><F133/><W3/><G36/><T81/><D68/><U126/><E126/><V58/><F128/><W118/><G118/><T84/><D102/><U19/><E35/><V115/><F115/><W116/><G116/><T121/><D121/><U135/><E135/><V75/><F59/><W33/><G33/><T13/><D9/><U40/><E40/><V43/><F43/><W114/><G114/><T47/><D61/><U44/><E44/><N who="0" m="16937" /><D53/><U30/><E2/><V73/><F73/><W98/><G5/><T52/><D52/><U127/><E127/><V8/><REACH who="2" step="1"/><F75/><REACH who="2" ten="240,240,230,270" step="2"/><W134/><G134/><T119/><D119/><U70/><E70/><V103/><F103/><W31/><G105/><T32/><D32/><U27/><AGARI ba="1,2" hai="10,14,17,19,21,27,29,30,80,87,91" m="42027" machi="27" ten="30,3000,0" yaku="14,1,10,1" doraHai="34" who="1" fromWho="1" sc="240,-11,240,53,230,-11,270,-11" /><INIT seed="1,2,0,0,5,69" ten="229,293,219,259" oya="1" hai0="62,59,53,58,10,52,112,33,43,93,11,118,14" hai1="31,6,100,126,128,111,83,109,12,61,26,80,124" hai2="64,76,66,105,84,15,92,8,32,23,99,48,130" hai3="81,114,49,40,30,34,2,98,54,17,115,135,39"/><U41/><E128/><V22/><F32/><W110/><G2/><T117/><D112/><U16/><E100/><V9/><F130/><W70/><G70/><T129/><D129/><U96/><E96/><V29/><F105/><W73/><G98/><T20/><D33/><N who="1" m="20727" /><E41/><V1/><F1/><W79/><G135/><T42/><D93/><U7/><E61/><V75/><F75/><W134/><G134/><T57/><D117/><U5/><E83/><N who="2" m="47207" /><F48/><W103/><G103/><T95/><D118/><U13/><E13/><V46/><F46/><W82/><G110/><N who="1" m="41994" /><E80/><V107/><F107/><W132/><G82/><T3/><D3/><U106/><E106/><V125/><F15/><W91/><G132/><T101/><D101/><U133/><E133/><V85/><F99/><W65/><G40/><N who="0" m="15403" /><D95/><U104/><E104/><V72/><F92/><W36/><G114/><T56/><D53/><U102/><E102/><V18/><F66/><W47/><G115/><T67/><D67/><U120/><E120/><V89/><F64/><W4/><G81/><T74/><D74/><U71/><E71/><V51/><F72/><W113/><G113/><T68/><D68/><U37/><E37/><V45/><F51/><W97/><G73/><T55/><D55/><U24/><E24/><V38/><F38/><W108/><G108/><T44/><D62/><U19/><E19/><V123/><F18/><W60/><G17/><N who="0" m="10295" /><D11/><AGARI ba="2,0" hai="5,6,7,11,12,16,124,126" m="41994,20727" machi="11" ten="30,12000,1" yaku="14,1,10,1,34,2,54,1" doraHai="69" who="1" fromWho="0" sc="229,-126,293,126,219,0,259,0" /><INIT seed="1,3,0,0,5,72" ten="103,419,219,259" oya="1" hai0="2,4,88,77,121,76,6,70,127,116,75,133,73" hai1="60,134,38,118,57,81,50,90,106,54,115,7,64" hai2="53,89,27,13,49,111,16,80,46,114,67,18,47" hai3="68,120,40,52,22,41,0,33,29,55,15,102,110"/><U19/><E106/><V128/><F111/><W112/><G0/><T119/><D70/><U97/><E118/><V117/><F117/><W21/><G68/><T23/><D23/><U86/><E38/><V10/><F114/><W84/><G120/><T94/><D121/><U104/><E7/><V42/><F67/><W132/><G112/><T71/><D71/><U107/><E115/><V58/><F128/><W45/><G132/><T59/><D133/><U1/><E1/><V124/><F124/><W65/><G65/><T35/><D35/><U126/><E126/><V101/><F101/><W3/><G3/><T123/><D123/><U99/><E134/><V5/><F27/><W37/><G33/><T63/><D127/><U8/><E107/><V24/><F24/><W31/><G102/><T96/><D2/><U36/><E36/><V85/><REACH who="2" step="1"/><F46/><REACH who="2" ten="103,419,209,259" step="2"/><W92/><G110/><T44/><D116/><U11/><E104/><V125/><F125/><W79/><G45/><T9/><D119/><U100/><E100/><V83/><F83/><W56/><G37/><AGARI ba="3,1" hai="5,10,13,16,18,37,42,47,49,53,58,80,85,89" machi="37" ten="30,3900,0" yaku="1,1,7,1,54,1,53,0" doraHai="72" doraHaiUra="98" who="2" fromWho="3" sc="103,0,419,0,209,58,259,-48" /><INIT seed="2,0,0,2,2,117" ten="103,419,267,211" oya="2" hai0="116,84,47,89,10,38,65,4,92,6,35,103,106" hai1="80,124,91,30,133,78,88,12,135,128,82,8,16" hai2="118,109,85,28,56,23,83,7,66,75,130,104,120" hai3="125,42,41,67,132,52,114,107,96,14,76,79,100"/><V64/><F118/><W1/><G1/><T53/><D35/><U50/><E124/><V74/><F104/><W43/><G132/><N who="1" m="50762" /><E128/><V26/><F130/><W32/><G32/><T62/><D116/><U122/><E122/><V129/><F120/><W5/><G125/><T123/><D123/><U2/><E30/><V48/><F129/><W31/><G114/><T24/><D24/><U93/><E2/><V27/><F7/><W134/><G134/><T40/><D10/><U69/><E69/><V105/><F105/><W55/><G67/><T61/><D106/><U86/><E78/><V81/><F27/><W60/><G31/><T29/><D29/><U94/><E50/><V101/><F101/><W90/><G90/><T70/><D103/><U0/><E0/><V115/><F115/><W102/><G100/><T20/><D20/><U17/><E17/><V13/><F13/><W68/><G68/><T112/><D112/><U95/><E95/><V37/><F37/><W110/><G110/><T11/><D11/><U19/><E19/><V21/><F21/><W54/><G60/><T58/><AGARI ba="0,0" hai="4,6,38,40,47,53,58,61,62,65,70,84,89,92" machi="58" ten="30,1100,0" yaku="0,1" doraHai="117" who="0" fromWho="0" sc="103,11,419,-3,267,-5,211,-3" /><INIT seed="3,0,0,1,2,127" ten="114,416,262,208" oya="3" hai0="56,116,22,47,50,92,49,7,130,76,121,66,68" hai1="131,133,70,6,29,19,67,72,36,24,3,84,52" hai2="111,107,4,9,129,55,77,114,31,74,16,59,106" hai3="112,81,109,1,48,126,102,104,23,122,75,35,27"/><W93/><G122/><T30/><D121/><U11/><E72/><V53/><F114/><W94/><G112/><T41/><D116/><U21/><E36/><V86/><F74/><W13/><G126/><T69/><D76/><U96/><E133/><V14/><F31/><W100/><G1/><T128/><D7/><U17/><E84/><V39/><F39/><W25/><G104/><T61/><D92/><N who="3" m="35433" /><G35/><T20/><D30/><U119/><E96/><V82/><F111/><W63/><G63/><T12/><D12/><U85/><E85/><V80/><F55/><W95/><G75/><T10/><D10/><U91/><E91/><V78/><F78/><W57/><G109/><T108/><D108/><U105/><E105/><V0/><F82/><W44/><G57/><T99/><D99/><U65/><E70/><N who="0" m="27241" /><D22/><U135/><E21/><V18/><F18/><N who="3" m="10703" /><G81/><T64/><D20/><U32/><E3/><V15/><F0/><W90/><G25/><T38/><D66/><U101/><E67/><V97/><F97/><N who="3" m="57591" /><G27/><T2/><D2/><U28/><E24/><V117/><F117/><W45/><G44/><N who="0" m="25871" /><D38/><U34/><E119/><V60/><F106/><W37/><G37/><T132/><D132/><U83/><E135/><V123/><F107/><W124/><G124/><T43/><AGARI ba="0,0" hai="43,47,49,56,61,64,128,130" m="25871,27241" machi="43" ten="30,7900,0" yaku="34,2,52,2" doraHai="127" who="0" fromWho="0" sc="114,79,416,-20,262,-20,208,-39" /><INIT seed="4,0,0,2,0,37" ten="193,396,242,169" oya="0" hai0="44,7,111,54,122,16,106,41,28,85,93,124,80" hai1="134,90,109,20,51,30,101,104,3,21,123,96,100" hai2="113,135,125,73,53,68,84,72,31,15,61,36,24" hai3="38,107,40,62,25,83,110,70,42,49,92,55,45"/><T35/><D122/><U119/><E3/><V76/><F36/><N who="3" m="21639" /><G107/><T11/><D106/><U87/><E123/><V32/><F113/><W120/><G83/><T33/><D111/><U58/><E109/><V46/><F135/><W26/><G92/><T5/><D93/><U131/><E101/><V126/><F84/><W114/><G110/><T108/><D108/><U0/><E0/><V121/><F121/><W29/><G29/><T10/><D28/><U69/><E69/><V130/><F130/><W132/><G120/><T59/><D33/><U57/><E131/><V78/><F15/><W81/><G81/><T50/><D35/><U89/><E89/><V75/><F68/><W34/><G34/><T116/><D116/><U66/><E119/><V1/><F1/><W14/><G14/><N who="0" m="7263" /><D124/><N who="2" m="47722" /><F46/><N who="3" m="23895" /><G114/><T105/><D105/><U60/><E104/><V9/><F9/><W94/><G94/><T52/><D10/><U19/><E96/><V6/><F6/><N who="0" m="2058" /><D59/><AGARI ba="0,0" hai="24,31,32,53,59,61,72,73,75,76,78" m="47722" machi="59" ten="40,1300,0" yaku="18,1" doraHai="37" who="2" fromWho="0" sc="193,-13,396,0,242,13,169,0" /><INIT seed="5,0,0,2,4,87" ten="180,396,255,169" oya="1" hai0="38,13,93,39,43,115,25,111,54,76,69,113,18" hai1="122,7,124,47,102,78,97,19,68,73,12,131,110" hai2="48,108,82,62,100,2,86,36,123,61,84,96,109" hai3="17,46,74,105,89,128,57,4,64,120,60,77,31"/><U8/><E68/><V129/><F36/><W14/><G120/><T53/><D111/><U63/><E122/><V72/><F2/><W133/><G105/><T51/><D69/><U32/><E32/><V37/><F37/><W34/><G4/><T118/><D118/><U28/><E28/><V30/><F123/><W41/><G133/><T119/><D119/><U3/><E63/><V121/><F121/><W80/><G128/><T70/><D70/><U50/><E131/><V22/><F129/><W92/><G31/><T49/><D76/><U56/><E56/><V11/><F11/><W44/><G34/><T114/><D25/><U52/><E124/><V134/><F72/><W0/><G41/><T20/><D43/><U104/><E110/><V127/><F127/><W67/><G67/><T98/><D49/><U59/><E47/><V79/><F84/><W112/><G112/><T26/><D26/><U126/><E126/><V9/><F9/><W29/><G29/><T55/><REACH who="0" step="1"/><D51/><REACH who="0" ten="170,396,255,169" step="2"/><U116/><E116/><V6/><F79/><W42/><G42/><T35/><D35/><U40/><E40/><V65/><F48/><W15/><G0/><T23/><D23/><N who="1" m="11751" /><E78/><V132/><F22/><W125/><G125/><T10/><D10/><U91/><E8/><V95/><F109/><W117/><G117/><T33/><D33/><U16/><E50/><V94/><F108/><W58/><G15/><T101/><AGARI ba="0,1" hai="13,18,20,38,39,53,54,55,93,98,101,113,114,115" machi="101" ten="40,5200,0" yaku="1,1,0,1,15,1,53,0" doraHai="87" doraHaiUra="1" who="0" fromWho="0" sc="170,62,396,-26,255,-13,169,-13" /><INIT seed="6,0,0,1,4,117" ten="232,370,242,156" oya="2" hai0="113,60,81,46,76,120,116,18,41,86,36,78,125" hai1="97,45,38,109,87,103,121,131,11,22,134,127,101" hai2="69,5,85,17,106,44,59,47,122,88,123,26,43" hai3="96,25,98,110,67,93,12,19,39,6,107,62,119"/><V49/><F69/><W28/><G119/><T24/><D116/><U15/><E109/><V3/><F106/><W52/><G39/><T105/><D105/><U90/><E127/><V118/><F118/><W83/><G6/><T29/><D125/><U94/><E134/><V80/><F44/><W50/><G107/><T30/><D113/><U32/><E32/><V1/><F59/><W63/><G83/><T112/><D112/><U68/><E68/><V56/><F56/><W35/><G110/><T31/><D120/><U40/><E121/><V82/><F82/><W7/><G7/><T108/><D108/><U73/><E73/><V9/><REACH who="2" step="1"/><F1/><REACH who="2" ten="232,370,232,156" step="2"/><W104/><G104/><T95/><D81/><U77/><E45/><V57/><F57/><W135/><G135/><T65/><D46/><U92/><E92/><V4/><F4/><W128/><G128/><T133/><D95/><U126/><E94/><V48/><F48/><W71/><G63/><T10/><D133/><U129/><E131/><V55/><F55/><W51/><G50/><T2/><D60/><U75/><E129/><V53/><F53/><W23/><G93/><T102/><D2/><U114/><E126/><V37/><F37/><W42/><G42/><T111/><D41/><U16/><E40/><V54/><F54/><W58/><AGARI ba="0,1" hai="12,19,23,25,28,35,51,52,58,62,67,71,96,98" machi="58" ten="20,2700,0" yaku="0,1,7,1,54,1" doraHai="117" who="3" fromWho="3" sc="232,-7,370,-7,232,-13,156,37" /><INIT seed="7,0,0,4,0,119" ten="225,363,219,193" oya="3" hai0="105,23,75,43,73,121,15,36,54,99,114,41,48" hai1="112,28,130,51,131,94,58,106,133,100,6,95,34" hai2="2,63,52,87,70,57,60,86,97,49,123,24,59" hai3="46,115,107,0,109,84,80,11,104,83,103,69,8"/><W37/><G115/><T7/><D121/><U82/><E6/><V62/><F2/><W56/><G69/><T4/><D114/><U27/><E133/><V31/><F123/><W71/><G71/><T13/><D73/><U135/><E135/><V110/><F110/><W122/><G122/><T50/><D75/><U42/><E82/><V117/><F117/><W74/><G109/><T16/><D36/><U134/><E134/><V98/><F70/><W14/><G103/><T101/><D50/><U81/><E81/><V92/><F59/><W96/><G96/><N who="2" m="36969" /><F92/><W26/><G26/><T102/><D102/><U126/><E27/><V91/><F91/><N who="3" m="51615" /><G56/><T66/><D66/><U120/><E120/><V35/><F35/><W47/><G11/><T38/><D38/><U116/><E100/><V132/><F132/><W30/><G30/><T67/><D67/><U65/><E28/><V9/><F9/><W127/><G127/><T85/><D85/><N who="2" m="32266" /><F24/><W5/><G14/><T45/><D15/><U21/><E126/><V53/><F31/><W93/><G93/><T89/><D89/><U125/><E95/><V72/><F72/><W78/><G47/><T39/><D39/><U111/><E125/><V68/><F68/><W118/><G118/><T32/><D32/><U76/><E34/><V12/><F12/><W1/><G0/><T79/><D79/><U88/><E76/><V61/><F61/><W64/><G64/><T129/><D129/><U3/><E65/><V10/><F10/><W25/><G25/><T22/><D22/><U128/><E131/><V17/><F17/><RYUUKYOKU ba="0,0" sc="225,10,363,-30,219,10,193,10" hai0="4,7,13,16,23,41,43,45,48,54,99,101,105" hai2="49,52,53,57,60,62,63" hai3="1,5,8,37,46,74,78,80,104,107" /><INIT seed="7,1,0,5,2,13" ten="235,333,229,203" oya="3" hai0="53,68,80,31,11,43,96,100,121,37,42,40,82" hai1="110,112,69,12,36,71,3,14,35,66,44,16,49" hai2="129,63,38,58,89,41,65,124,88,56,111,132,84" hai3="109,108,85,126,7,0,48,76,55,118,20,131,102"/><W46/><G118/><T24/><D121/><U45/><E3/><V90/><F111/><N who="3" m="42571" /><G126/><T15/><D68/><U8/><E35/><V17/><F124/><W125/><G125/><T18/><D37/><U27/><E27/><V64/><F132/><W47/><G102/><T75/><D75/><U87/><E110/><V50/><F38/><W92/><G131/><T60/><D60/><U9/><E66/><N who="2" m="39271" /><F129/><W81/><G92/><N who="0" m="58375" /><D53/><U103/><E103/><V133/><F133/><W4/><G0/><T130/><D130/><U54/><E87/><V104/><F104/><W1/><G1/><T61/><D61/><U32/><E32/><V122/><F122/><W113/><G113/><T128/><D128/><U59/><E112/><V134/><F134/><W95/><G95/><T115/><D115/><U29/><E29/><V99/><F99/><W97/><G97/><T30/><D30/><U70/><E36/><V127/><F127/><W34/><G34/><T114/><D114/><U74/><E74/><V119/><F119/><W78/><G76/><T2/><D2/><U25/><E70/><V77/><F17/><W10/><G10/><N who="1" m="4202" /><E69/><V123/><F123/><W19/><G47/><N who="1" m="17994" /><E71/><V62/><F65/><W22/><G22/><AGARI ba="1,0" hai="11,15,18,22,24,31,40,42,43,80,82" m="58375" machi="22" ten="30,2000,0" yaku="8,1,52,1" doraHai="13" who="0" fromWho="3" sc="235,23,333,0,229,0,203,-23" /><AGARI ba="1,0" hai="12,14,16,22,25,49,54,59" m="17994,4202" machi="22" ten="30,3900,0" yaku="8,1,52,1,54,1" doraHai="13" who="1" fromWho="3" sc="258,0,333,39,229,0,180,-39" owari="258,6.0,372,47.0,229,-17.0,141,-36.0" /></mjloggm>