<mjloggm ver="2.3"><GO type="225"/><UN n0="%72%69%63%68%69%6B%6F" n1="%E3%82%80%E3%83%BC%E3%82%80" n2="%E3%82%AF%E3%83%9E%E3%83%89" n3="%EF%BC%88%E2%89%A7%E2%96%BD%E2%89%A6%EF%BC%89" dan="16,16,16,16" rate="2051,2044,2131,2081" sx="F,M,M,M"/><TAIKYOKU oya="0"/><INIT seed="0,0,0,1,3,44" ten="250,250,250,250" oya="0" hai0="108,120,124,26,23,43,1,50,31,94,83,51,68" hai1="106,74,34,104,113,87,15,118,25,123,115,96,86" hai2="52,91,77,40,64,46,28,17,59,39,134,73,56" hai3="71,13,78,92,2,67,8,90,9,89,80,5,117"/><T29/><D120/><U105/><E34/><V114/><F28/><N who="0" m="10826" /><D1/><U54/><E25/><V4/><F4/><W76/><G117/><T127/><D68/><U42/><E42/><V0/><F0/><W38/><G38/><T85/><D43/><U88/><E74/><V116/><F114/><N who="1" m="43529" /><E118/><V93/><F73/><W119/><G119/><T79/><D94/><N who="1" m="56391" /><E123/><V101/><F101/><W18/><G92/><T75/><D108/><U130/><E130/><V84/><F77/><W37/><G78/><T82/><D83/><U7/><E54/><V99/><F116/><W16/><G37/><T69/><D69/><U20/><E20/><V70/><F70/><W53/><G53/><T63/><D63/><U135/><E135/><V126/><F134/><W102/><G102/><T129/><D75/><U133/><E133/><V60/><F17/><W109/><G18/><N who="0" m="12663" /><D129/><U30/><E30/><V61/><REACH who="2" step="1"/><F99/><REACH who="2" ten="250,250,240,250" step="2"/><W95/><G2/><T125/><AGARI ba="0,1" hai="50,51,79,82,85,124,125,127" m="12663,10826" machi="125" ten="40,7800,0" yaku="18,1,52,2" doraHai="44" who="0" fromWho="0" sc="250,88,250,-26,240,-26,250,-26" /><INIT seed="0,1,0,1,3,89" ten="338,224,214,224" oya="0" hai0="45,91,64,79,106,102,121,29,115,41,88,98,118" hai1="62,60,119,7,105,126,26,12,103,43,49,57,116" hai2="61,76,36,58,34,9,5,66,11,107,86,71,101" hai3="90,20,28,54,125,104,87,2,0,44,92,14,13"/><T4/><D115/><U74/><E74/><V120/><F120/><W15/><G104/><T1/><D118/><U93/><E105/><V56/><F36/><W55/><G125/><T69/><D29/><U53/><E126/><V96/><F11/><W83/><G44/><T24/><D24/><U38/><E38/><V94/><F34/><W100/><G0/><T68/><D79/><U23/><E43/><V75/><F75/><W77/><G100/><T80/><D121/><U39/><E39/><V37/><F37/><W131/><G2/><T50/><D64/><U8/><E116/><V3/><REACH who="2" step="1"/><F107/><REACH who="2" ten="338,224,204,224" step="2"/><W81/><G131/><T27/><D106/><U82/><E119/><V10/><F10/><W17/><G28/><T117/><D117/><U123/><E123/><V42/><F42/><W84/><REACH who="3" step="1"/><G81/><AGARI ba="1,1" hai="3,5,9,56,58,61,66,71,76,81,86,94,96,101" machi="81" ten="40,2600,0" yaku="1,1,52,1,53,0" doraHai="89" doraHaiUra="110" who="2" fromWho="3" sc="338,0,224,0,204,39,224,-29" /><INIT seed="1,0,0,2,4,116" ten="338,224,243,195" oya="1" hai0="94,103,114,133,111,38,120,30,54,41,21,22,66" hai1="129,31,118,24,26,117,113,56,13,97,64,126,83" hai2="33,9,29,65,92,23,20,57,124,104,102,128,17" hai3="108,112,3,123,74,69,67,80,12,132,0,34,49"/><U27/><E113/><V99/><F124/><W58/><G112/><T5/><D114/><U45/><E126/><V85/><F128/><W53/><G108/><T16/><D111/><U72/><E129/><V51/><F33/><W44/><G132/><T32/><D133/><U10/><E31/><V61/><F29/><W89/><G34/><T127/><D66/><U77/><E97/><V71/><F71/><W109/><G109/><T59/><D5/><U95/><E95/><V1/><F51/><W93/><G69/><T37/><D32/><U79/><E45/><V130/><F130/><W115/><G115/><T19/><D30/><U46/><E46/><V15/><F1/><W36/><G123/><T110/><D110/><U135/><E79/><V55/><F65/><W6/><G12/><N who="0" m="9351" /><D38/><U122/><E122/><V18/><F17/><W70/><G70/><T88/><D103/><U96/><E135/><V35/><F35/><W62/><G6/><T98/><D127/><U82/><E64/><V7/><F7/><W125/><G36/><T86/><D37/><U87/><E118/><V40/><F40/><W81/><G125/><T76/><D41/><U43/><E43/><V63/><F104/><W90/><G80/><N who="0" m="47367" /><D120/><U28/><E28/><V78/><F63/><W105/><G105/><T106/><D106/><U42/><E42/><V47/><F47/><W107/><G107/><T91/><D91/><N who="3" m="34825" /><G93/><T39/><D39/><U14/><E117/><V121/><F121/><W131/><G131/><T52/><D59/><U50/><E56/><V48/><F61/><W2/><G2/><RYUUKYOKU ba="0,0" sc="338,10,224,-30,243,10,195,10" hai0="19,22,52,54,88,94,98" hai2="9,15,18,20,23,48,55,57,78,85,92,99,102" hai3="0,3,44,49,53,58,62,67,74,81" /><INIT seed="2,1,0,5,4,27" ten="348,194,253,205" oya="2" hai0="74,76,47,17,114,77,78,124,40,82,105,48,109" hai1="43,80,36,7,67,24,41,25,115,132,12,34,66" hai2="88,123,16,111,86,32,49,61,38,97,128,15,121" hai3="37,96,102,84,116,81,112,110,55,3,21,5,130"/><V10/><F38/><W125/><G116/><T4/><D105/><U2/><E115/><V23/><F32/><W28/><G37/><T42/><D114/><U14/><E2/><V99/><F128/><W119/><G119/><T58/><D109/><U44/><E132/><V22/><F111/><W118/><G118/><T54/><D124/><U71/><E41/><V65/><F121/><W8/><G112/><T127/><D127/><U13/><E7/><V103/><F123/><W92/><G125/><T69/><D69/><U45/><E45/><V79/><F79/><W122/><G122/><T20/><D4/><U70/><E80/><V101/><F49/><W95/><G110/><T63/><D40/><U93/><E93/><N who="2" m="54423" /><F61/><W52/><G95/><T100/><D100/><N who="2" m="38474" /><F65/><W135/><G135/><T89/><D89/><U104/><E104/><V120/><F120/><W108/><G130/><T39/><D39/><U51/><E36/><V133/><F133/><W91/><REACH who="3" step="1"/><G108/><REACH who="3" ten="348,194,253,195" step="2"/><T90/><D82/><U113/><E113/><V129/><F129/><W117/><G117/><T134/><D134/><U11/><E71/><V6/><F6/><W56/><G56/><T68/><D68/><U29/><E70/><V87/><F87/><W9/><G9/><T73/><D58/><U64/><E11/><V18/><F10/><W131/><G131/><T0/><D74/><U50/><E24/><AGARI ba="1,1" hai="15,16,18,22,23,24,97,99" m="38474,54423" machi="24" ten="30,5800,0" yaku="8,1,54,2" doraHai="27" who="2" fromWho="1" sc="348,0,194,-61,253,71,195,0" /><AGARI ba="1,0" hai="3,5,8,21,24,28,52,55,81,84,91,92,96,102" machi="24" ten="40,5200,0" yaku="1,1,52,1,54,1,53,0" doraHai="27" doraHaiUra="126" who="3" fromWho="1" sc="348,0,133,-52,324,0,195,52" /><INIT seed="2,2,0,0,4,90" ten="348,81,324,247" oya="2" hai0="124,101,132,129,118,109,34,23,31,85,52,56,49" hai1="128,33,4,99,135,55,68,0,71,70,122,120,64" hai2="97,9,94,72,74,13,76,69,58,19,38,3,42" hai3="57,12,106,88,1,21,46,125,15,20,116,77,54"/><V79/><F69/><N who="1" m="17665" /><U126/><DORA hai="112" /><E33/><V102/><F72/><W92/><G106/><T11/><D109/><U50/><E4/><V87/><F74/><W103/><G116/><T111/><D111/><U93/><E0/><V22/><F38/><W14/><G1/><T98/><D124/><U123/><E99/><V134/><F42/><W5/><G125/><T10/><D129/><U28/><E28/><V119/><F119/><W78/><G5/><T37/><D37/><U41/><E126/><V7/><F134/><W51/><G103/><T105/><D34/><U29/><E29/><V73/><F73/><W117/><G117/><T127/><D132/><U83/><E83/><V110/><F110/><W91/><G91/><T104/><D105/><U2/><E2/><V80/><REACH who="2" step="1"/><F58/><REACH who="2" ten="348,81,314,247" step="2"/><W48/><G20/><T6/><D118/><U62/><E135/><V17/><F17/><W131/><G21/><T61/><D127/><U47/><E128/><V95/><F95/><W114/><G131/><T26/><D6/><U130/><E130/><V53/><F53/><N who="3" m="29847" /><G114/><T30/><D30/><U84/><E93/><V45/><F45/><W59/><G57/><T16/><D31/><U35/><E35/><V82/><F82/><W113/><G113/><T75/><D75/><U115/><E115/><V18/><F18/><W121/><G121/><N who="1" m="30978" /><U133/><DORA hai="27" /><E133/><V40/><F40/><W63/><G59/><T24/><D16/><U86/><E41/><V8/><F8/><W32/><G92/><T81/><D10/><U60/><E64/><V65/><F65/><W43/><G54/><RYUUKYOKU ba="2,1" sc="348,-15,81,15,314,15,247,-15" hai1="47,50,55,60,62,84,86" hai2="3,7,9,13,19,22,76,79,80,87,94,97,102" /><INIT seed="2,3,1,0,4,31" ten="333,96,329,232" oya="2" hai0="30,52,93,105,77,111,63,135,123,66,50,119,101" hai1="35,28,40,33,16,75,55,69,6,19,51,117,12" hai2="36,46,88,41,89,96,80,109,82,81,67,120,39" hai3="78,42,115,91,76,25,87,107,132,86,53,83,7"/><V5/><F120/><W4/><G107/><T26/><D123/><U118/><E75/><V116/><F116/><N who="1" m="44649" /><E69/><V126/><F126/><W99/><G132/><T125/><D135/><U56/><E40/><V11/><F109/><W62/><G42/><T65/><D111/><U18/><E55/><V79/><F36/><W128/><G128/><T58/><D125/><U127/><E56/><V23/><F67/><W59/><G115/><T38/><D38/><U49/><E49/><V15/><F23/><W13/><G25/><T20/><D77/><U113/><E51/><V131/><F131/><W37/><G37/><T121/><D119/><U100/><E100/><V24/><F24/><W14/><G99/><N who="0" m="59631" /><D105/><U97/><E97/><V29/><F29/><W114/><G114/><T124/><D124/><U73/><E73/><V71/><F71/><W70/><G70/><T122/><D122/><U60/><E60/><V134/><F134/><W129/><G129/><T74/><D74/><U130/><E127/><V85/><F79/><W110/><G110/><T103/><D103/><U112/><E130/><V98/><F81/><N who="3" m="49647" /><G78/><T54/><D121/><U133/><E133/><V27/><F27/><W72/><G72/><T22/><D22/><U90/><E90/><V21/><F21/><W47/><G47/><AGARI ba="3,1" hai="20,26,30,47,50,52,54,58,63,65,66" m="59631" machi="47" ten="30,2000,0" yaku="8,1,54,1" doraHai="31" who="0" fromWho="3" sc="333,39,96,0,329,0,232,-29" /><INIT seed="3,0,0,1,0,111" ten="372,96,329,203" oya="3" hai0="126,101,49,37,16,52,36,79,15,6,72,30,71" hai1="1,21,43,41,46,95,20,134,47,94,44,91,112" hai2="70,132,23,9,107,13,25,2,48,4,28,108,96" hai3="84,120,5,81,65,73,131,122,78,31,29,53,19"/><W68/><G131/><T125/><D71/><U102/><E1/><V121/><F70/><W35/><G5/><T93/><D30/><U123/><E123/><V105/><F105/><W59/><G68/><T90/><D6/><U56/><E134/><V64/><F64/><W89/><G65/><T80/><D101/><U40/><E56/><V109/><F48/><W50/><G19/><T60/><D60/><U66/><E66/><V7/><F96/><W62/><G62/><T0/><D0/><U87/><E102/><V133/><F107/><W106/><G106/><T32/><D32/><U129/><E129/><V115/><F121/><W24/><G29/><T17/><D90/><U117/><E117/><V77/><F77/><W85/><REACH who="3" step="1"/><G73/><REACH who="3" ten="372,96,329,193" step="2"/><T124/><D72/><U11/><E11/><N who="2" m="2455" /><F115/><W116/><G116/><T99/><D17/><U42/><N who="1" m="10240" /><DORA hai="98" /><U114/><REACH who="1" step="1"/><E94/><AGARI ba="0,1" hai="24,31,35,50,53,59,78,81,84,85,89,94,120,122" machi="94" ten="30,2900,0" yaku="1,1,7,1,53,0" doraHai="111,98" doraHaiUra="8,57" who="3" fromWho="1" sc="372,0,96,-29,329,0,193,39" /><INIT seed="3,1,0,1,2,46" ten="372,67,329,232" oya="3" hai0="93,123,76,69,85,1,120,19,80,33,59,12,58" hai1="86,35,111,119,28,3,25,64,52,2,129,83,34" hai2="121,36,109,102,24,14,53,74,54,131,96,4,132" hai3="135,106,88,32,63,62,65,56,110,5,55,17,133"/><W126/><G32/><T49/><D69/><U77/><E119/><V73/><F36/><W92/><G106/><T18/><D1/><U87/><E64/><V95/><F109/><W38/><G38/><T48/><D33/><U82/><E129/><V10/><F131/><W50/><G126/><T89/><D120/><U21/><E111/><V6/><F132/><N who="3" m="50763" /><G110/><T112/><D123/><U128/><E128/><V97/><F121/><W51/><G17/><N who="0" m="6155" /><D12/><U134/><E134/><V40/><F4/><W100/><G100/><T43/><D112/><U108/><E108/><V41/><F24/><W127/><G5/><T15/><D15/><U113/><E113/><V23/><F23/><W60/><G127/><T68/><D68/><U78/><E34/><V11/><F6/><W118/><G118/><T117/><D117/><U57/><REACH who="1" step="1"/><E35/><REACH who="1" ten="372,57,329,232" step="2"/><V31/><F74/><W29/><G65/><T16/><D16/><U30/><E30/><V125/><F73/><W27/><G29/><T42/><D42/><U37/><E37/><V130/><F130/><W7/><G27/><T20/><D20/><U90/><E90/><V61/><F125/><W70/><G7/><T84/><D43/><U91/><E91/><V44/><F31/><W67/><G63/><AGARI ba="1,1" hai="2,3,21,25,28,52,57,63,77,78,82,83,86,87" machi="63" ten="30,7700,0" yaku="1,1,7,1,9,1,54,1,53,0" doraHai="46" doraHaiUra="124" who="1" fromWho="3" sc="372,0,57,90,329,0,232,-80" owari="372,47.0,147,-35.0,329,13.0,152,-25.0" /></mjloggm>