<mjloggm ver="2.3"><GO type="169" lobby="0"/><UN n0="%EF%BC%88%E2%89%A7%E2%96%BD%E2%89%A6%EF%BC%89" n1="%E5%94%90%E6%8F%9A%E5%A4%A7%E5%A5%BD%E3%81%8D" n2="%74%6F%72%69%30%36%31%32" n3="%6E%69%6A%69" dan="18,16,17,16" rate="2248.08,2139.13,2092.90,2081.97" sx="M,M,M,M"/><TAIKYOKU oya="0"/><INIT seed="0,0,0,0,5,114" ten="250,250,250,250" oya="0" hai0="23,27,96,13,38,14,123,9,54,100,72,92,129" hai1="115,127,51,2,113,48,50,25,109,3,5,78,64" hai2="45,84,57,28,111,19,98,47,75,97,26,83,44" hai3="102,105,85,33,110,1,7,71,66,20,34,104,95"/><T117/><D72/><U42/><E127/><V30/><F75/><W103/><G20/><T131/><D123/><U82/><E109/><V101/><F111/><W133/><G110/><T41/><D54/><U91/><E64/><V122/><F122/><W35/><G85/><T10/><D41/><U39/><E25/><V36/><F36/><W119/><G95/><T37/><D13/><U59/><E91/><V63/><F19/><W124/><G124/><T87/><D87/><U52/><E39/><V120/><F120/><W0/><G133/><T16/><D9/><N who="1" m="2231" /><E3/><V15/><F15/><W68/><G66/><T106/><D117/><U8/><E8/><V53/><F26/><W40/><G40/><T17/><REACH who="0" step="1"/><D106/><REACH who="0" ten="240,250,250,250" step="2"/><U6/><E42/><V107/><REACH who="2" step="1"/><F98/><REACH who="2" ten="240,250,240,250" step="2"/><W79/><G0/><T74/><D74/><N who="1" m="43351" /><E6/><V12/><F12/><W77/><G7/><T29/><D29/><U21/><E115/><V4/><F4/><W46/><G1/><T32/><D32/><U116/><E113/><V69/><F69/><W89/><G33/><T90/><D90/><AGARI ba="0,2" hai="28,30,44,45,47,53,57,63,83,84,90,97,101,107" machi="90" ten="40,1300,0" yaku="1,1,53,0" doraHai="114" doraHaiUra="132" who="2" fromWho="0" sc="240,-13,250,0,240,33,250,0" /><INIT seed="1,0,0,3,4,128" ten="227,250,273,250" oya="1" hai0="14,27,4,73,31,53,58,18,20,55,90,97,8" hai1="15,126,94,98,43,49,3,13,29,16,114,115,70" hai2="67,86,116,131,60,45,118,51,72,50,104,63,87" hai3="17,6,88,54,12,103,21,36,76,0,89,111,25"/><U105/><E3/><V69/><F72/><W71/><G36/><T35/><D73/><U42/><E70/><V110/><F104/><W24/><G71/><T85/><D97/><U5/><E105/><V95/><F131/><W82/><G103/><T106/><D106/><U124/><E29/><V38/><F95/><W102/><G102/><T11/><D11/><U133/><E5/><V101/><F101/><W56/><G111/><T134/><D134/><U135/><E49/><V26/><F26/><W120/><G120/><T79/><D79/><U108/><E108/><V44/><F38/><W123/><G123/><T46/><D46/><U113/><E98/><V91/><F110/><W57/><G0/><T127/><D127/><N who="1" m="48683" /><E94/><V78/><F69/><W132/><G132/><N who="1" m="50762" /><E13/><V68/><F68/><W83/><G6/><T122/><D122/><U34/><E34/><V74/><F116/><W84/><G82/><T41/><D35/><U117/><E117/><V30/><F30/><W61/><G56/><T99/><D31/><U10/><AGARI ba="0,0" hai="10,15,16,42,43,113,114,115" m="50762,48683" machi="10" ten="40,18000,2" yaku="18,1,20,1,52,3,54,1" doraHai="128" who="1" fromWho="1" sc="227,-60,250,180,273,-60,250,-60" /><INIT seed="1,1,0,4,1,65" ten="167,430,213,190" oya="1" hai0="110,104,60,13,109,15,90,64,34,59,107,66,74" hai1="4,76,120,25,55,100,42,69,79,61,3,83,115" hai2="33,121,30,24,91,14,39,125,108,5,94,48,11" hai3="106,82,87,95,103,135,40,86,35,26,52,112,37"/><U51/><E120/><V29/><F39/><W73/><G112/><T128/><D34/><U129/><E115/><V71/><F71/><W134/><G106/><N who="0" m="40491" /><D74/><U62/><E129/><V21/><F121/><W88/><G73/><T49/><D128/><U45/><E100/><V111/><F125/><W63/><G40/><T19/><D49/><U10/><E25/><V16/><F48/><W20/><G37/><T50/><D50/><U122/><E122/><V118/><F118/><W53/><G35/><T56/><D90/><U22/><E22/><V117/><F117/><W96/><G86/><T97/><D97/><U8/><E8/><V124/><F124/><W92/><G82/><T89/><D89/><U84/><E76/><V105/><F105/><W7/><G7/><T102/><D102/><U78/><E78/><V98/><REACH who="2" step="1"/><F30/><REACH who="2" ten="167,430,203,190" step="2"/><W77/><G63/><N who="0" m="38015" /><D19/><U101/><E62/><V123/><F123/><W113/><G113/><T47/><D47/><U44/><E44/><V131/><F131/><W2/><G77/><T93/><D110/><U70/><E61/><V57/><F57/><W31/><REACH who="3" step="1"/><G2/><AGARI ba="1,1" hai="2,5,11,14,16,21,24,29,33,91,94,98,108,111" machi="2" ten="40,8000,1" yaku="1,1,24,2,54,1,53,0" doraHai="65" doraHaiUra="114" who="2" fromWho="3" sc="167,0,430,0,203,93,190,-83" /><INIT seed="2,0,0,3,4,105" ten="167,430,296,107" oya="2" hai0="63,103,121,34,133,92,6,31,117,8,13,39,49" hai1="56,104,2,65,79,76,102,47,7,134,107,44,4" hai2="54,108,50,48,12,135,100,93,29,71,75,120,70" hai3="95,41,109,24,32,106,122,87,116,38,19,113,82"/><V68/><F120/><W28/><G106/><T98/><D121/><U124/><E124/><V35/><F75/><W64/><G122/><T45/><D117/><U94/><E134/><V66/><F66/><W77/><G116/><T111/><D111/><U59/><E65/><V26/><F135/><W30/><G109/><T58/><D39/><U18/><E94/><V72/><F72/><W73/><G113/><T119/><D133/><U55/><E102/><V78/><F78/><W60/><G28/><T128/><D128/><U21/><E21/><V16/><F108/><W1/><G1/><T125/><D125/><U96/><E2/><V127/><F127/><W46/><G19/><T129/><D129/><U0/><E0/><V131/><F131/><W43/><G43/><T23/><D34/><U101/><E101/><V42/><F42/><W112/><G112/><T114/><D114/><U97/><E18/><V67/><F67/><W52/><G95/><T25/><D119/><U83/><REACH who="1" step="1"/><E55/><REACH who="1" ten="167,420,296,107" step="2"/><V126/><F126/><W91/><G52/><T27/><D23/><U132/><E132/><V40/><F54/><W130/><G130/><T9/><D9/><U22/><E22/><V33/><F33/><W11/><G11/><T51/><D31/><U62/><E62/><V5/><F5/><W74/><REACH who="3" step="1"/><G77/><REACH who="3" ten="167,420,296,97" step="2"/><T89/><D8/><U88/><E88/><V61/><F93/><W69/><AGARI ba="0,2" hai="24,30,32,38,41,46,60,64,69,73,74,82,87,91" machi="69" ten="20,12000,2" yaku="1,1,2,1,0,1,7,1,52,2,53,0" doraHai="105" doraHaiUra="123" who="3" fromWho="3" sc="167,-30,420,-30,296,-60,97,140" /><INIT seed="3,0,0,3,1,117" ten="137,390,236,237" oya="3" hai0="4,103,45,32,83,119,48,100,134,124,135,25,120" hai1="34,26,91,58,97,6,95,38,106,15,13,42,115" hai2="2,20,81,49,63,98,116,52,110,61,99,33,73" hai3="11,19,114,16,96,113,40,89,102,70,75,108,30"/><W5/><G70/><T59/><D4/><U35/><E115/><V47/><F33/><W27/><G75/><T92/><D119/><U31/><E106/><V71/><F2/><W66/><G66/><T41/><D124/><U68/><E68/><V46/><F116/><W87/><G40/><T118/><D118/><U128/><E128/><V93/><F110/><W23/><G108/><T86/><D32/><U54/><E35/><V76/><F71/><W72/><G72/><T0/><D0/><U133/><E133/><N who="0" m="50697" /><D25/><U107/><E107/><V105/><F47/><W109/><G109/><T55/><D92/><U101/><E101/><N who="0" m="38985" /><D86/><U1/><E1/><V29/><F105/><W62/><G113/><T77/><D83/><U82/><E82/><V56/><F93/><N who="3" m="58639" /><G114/><T123/><D77/><U85/><E85/><V9/><F99/><W112/><G112/><T129/><D129/><U18/><E6/><V78/><F98/><W57/><G5/><T121/><D41/><U3/><E3/><V17/><F78/><W28/><G28/><T69/><D69/><U24/><E42/><V37/><F29/><W22/><G23/><T88/><D88/><U44/><E34/><V132/><F132/><W79/><G79/><T60/><D45/><U64/><E44/><V122/><F46/><W53/><G11/><T111/><D111/><U65/><E31/><V90/><F9/><W126/><G126/><T51/><AGARI ba="0,0" hai="48,51,55,59,60,120,121,123" m="38985,50697" machi="51" ten="40,8000,1" yaku="20,1,52,3" doraHai="117" who="0" fromWho="0" sc="137,80,390,-20,236,-20,237,-40" /><INIT seed="4,0,0,5,5,80" ten="217,370,216,197" oya="0" hai0="99,61,93,78,11,117,3,37,57,86,51,39,47" hai1="1,15,4,48,85,29,106,114,129,125,103,43,46" hai2="79,75,81,121,30,134,17,13,53,42,67,65,84" hai3="92,110,127,116,131,128,91,122,107,10,25,109,0"/><T38/><D117/><U69/><E1/><V72/><F121/><W7/><G116/><T56/><D3/><U71/><E129/><N who="3" m="49738" /><G107/><T119/><D119/><U44/><E125/><V52/><F134/><W8/><G122/><T21/><D11/><U49/><E114/><V6/><F42/><W120/><G120/><T97/><D21/><U34/><E85/><V27/><F6/><N who="3" m="1095" /><G25/><T96/><D61/><U70/><E106/><V88/><F75/><W45/><G45/><T50/><D50/><U36/><E103/><V19/><F79/><W68/><G68/><T113/><D113/><U74/><E69/><V18/><F72/><W63/><G63/><T22/><D22/><U94/><E74/><V2/><F2/><N who="3" m="375" /><G127/><T59/><D78/><U135/><E46/><V112/><F13/><W54/><G54/><N who="2" m="21097" /><F112/><W26/><G26/><T108/><D108/><U83/><E43/><V115/><F115/><W40/><G40/><T118/><D118/><U60/><E44/><V98/><F98/><AGARI ba="0,0" hai="91,92,98,109,110" m="375,1095,49738" machi="98" ten="30,1000,0" yaku="19,1" doraHai="80" who="3" fromWho="2" sc="217,0,370,0,216,-10,197,10" /><INIT seed="5,0,0,0,5,86" ten="217,370,206,207" oya="1" hai0="45,98,112,67,135,34,61,32,113,0,66,125,105" hai1="114,109,56,87,94,53,130,41,35,83,18,129,50" hai2="27,19,59,108,121,52,96,79,77,106,89,54,119" hai3="21,2,101,42,49,57,90,81,95,82,6,14,132"/><U48/><E35/><V60/><F121/><W80/><G2/><T116/><D116/><U111/><E114/><N who="0" m="44137" /><D135/><U126/><E126/><V13/><F108/><N who="1" m="41545" /><E18/><V72/><F72/><W73/><G132/><T46/><D0/><U74/><E74/><V10/><F119/><W16/><G6/><T92/><D105/><U55/><E41/><V20/><F54/><N who="3" m="31951" /><G73/><T29/><D125/><U51/><E94/><N who="2" m="56399" /><F106/><W115/><G115/><T1/><D1/><U107/><E107/><V124/><F124/><W85/><G42/><T123/><D66/><U134/><E134/><V30/><AGARI ba="0,0" hai="10,13,19,20,27,30,52,59,60,77,79" m="56399" machi="30" ten="30,4000,0" yaku="8,1,52,1,54,1" doraHai="86" who="2" fromWho="2" sc="217,-10,370,-20,206,40,207,-10" /><INIT seed="6,0,0,1,3,75" ten="207,350,246,197" oya="2" hai0="57,17,4,47,40,123,19,0,116,95,25,68,16" hai1="132,98,73,84,72,81,79,118,76,82,58,13,21" hai2="52,34,18,35,37,31,88,130,33,55,28,80,26" hai3="14,49,51,122,29,45,9,39,90,97,77,125,92"/><V113/><F37/><W129/><G122/><T64/><D123/><U59/><E118/><V85/><F130/><W111/><G111/><T6/><D116/><U15/><E132/><V48/><F113/><W1/><G129/><T104/><D104/><U121/><E121/><V38/><F38/><W61/><G1/><T78/><D68/><U24/><E98/><V120/><F120/><W126/><G29/><T27/><D78/><U103/><E103/><V91/><F55/><W20/><G20/><T41/><D95/><U54/><E84/><V94/><F18/><W107/><G107/><T46/><D0/><U11/><E11/><V93/><F31/><W42/><G61/><N who="0" m="37935" /><D46/><U124/><E124/><N who="3" m="47722" /><G77/><T70/><D70/><U83/><E83/><V110/><F110/><W23/><G23/><T56/><D56/><U109/><E109/><V3/><F3/><W74/><G74/><T106/><D106/><U99/><E99/><V32/><REACH who="2" step="1"/><F91/><REACH who="2" ten="207,350,236,197" step="2"/><W115/><G115/><T89/><D89/><U50/><E59/><AGARI ba="0,1" hai="26,28,32,33,34,35,48,52,59,80,85,88,93,94" machi="59" ten="40,12000,1" yaku="1,1,2,1,54,2,53,0" doraHai="75" doraHaiUra="65" who="2" fromWho="1" sc="207,0,350,-120,236,130,197,0" /><INIT seed="6,1,0,4,4,61" ten="207,230,366,197" oya="2" hai0="35,115,57,56,33,54,20,86,117,47,10,78,59" hai1="6,101,118,79,14,36,104,27,120,40,134,7,25" hai2="39,22,48,41,18,38,131,37,65,24,21,50,71" hai3="116,83,67,75,34,11,122,23,2,8,66,53,80"/><V85/><F131/><W92/><G34/><T96/><D117/><U49/><E118/><V102/><F102/><W129/><G116/><T89/><D115/><U93/><E134/><V135/><F135/><W111/><G122/><T109/><D109/><U15/><E120/><V121/><F121/><W126/><G111/><T100/><D78/><U133/><E133/><V0/><F0/><W58/><G126/><T125/><D125/><U103/><E104/><V110/><F110/><W4/><G129/><T128/><D128/><U9/><E36/><V30/><F41/><W90/><G75/><T70/><D70/><U132/><E132/><V64/><F85/><W84/><G23/><T82/><D20/><U46/><E79/><V94/><F94/><W28/><G28/><T105/><REACH who="0" step="1"/><D10/><REACH who="0" ten="197,230,366,197" step="2"/><N who="1" m="4439" /><E103/><V127/><F71/><W69/><G8/><T51/><AGARI ba="1,1" hai="33,35,47,51,54,56,57,59,82,86,89,96,100,105" machi="51" ten="30,2000,0" yaku="1,1,0,1,53,0" doraHai="61" doraHaiUra="17" who="0" fromWho="0" sc="197,33,230,-6,366,-11,197,-6" /><INIT seed="7,0,0,5,4,81" ten="230,224,355,191" oya="3" hai0="39,51,38,18,57,101,89,111,44,52,2,122,43" hai1="8,1,107,11,48,96,103,88,133,20,10,33,63" hai2="104,94,19,41,24,98,117,37,130,35,36,123,27" hai3="113,92,46,23,50,69,78,45,64,60,95,65,40"/><W134/><G113/><T13/><D122/><U29/><E33/><V42/><F104/><W84/><G134/><T109/><D2/><U131/><E133/><V135/><F135/><W70/><G23/><T61/><D101/><U108/><E108/><V67/><F117/><W90/><G78/><T106/><D106/><U71/><E131/><V62/><F130/><W82/><REACH who="3" step="1"/><G45/><REACH who="3" ten="230,224,355,181" step="2"/><T22/><D111/><U127/><E20/><V9/><F35/><W83/><G83/><T17/><D109/><U25/><E127/><V91/><F123/><W121/><G121/><T59/><D44/><U34/><E1/><V110/><F110/><W7/><G7/><T119/><D22/><U93/><E8/><V105/><F9/><W100/><G100/><T72/><D119/><U32/><E32/><V74/><F27/><W76/><G76/><T14/><D14/><U129/><E129/><V0/><F24/><W21/><G21/><T86/><D13/><U85/><REACH who="1" step="1"/><E48/><REACH who="1" ten="230,214,355,181" step="2"/><V124/><F0/><W120/><G120/><T47/><D51/><U55/><E55/><V30/><F124/><W4/><G4/><T49/><D52/><U26/><E26/><V73/><F37/><W132/><G132/><T115/><D39/><U79/><E79/><V97/><F36/><W16/><G16/><T12/><D18/><U80/><E80/><V66/><F19/><W5/><G5/><T75/><D38/><U126/><E126/><V58/><F41/><W68/><G68/><T99/><D43/><U6/><E6/><V87/><F42/><W116/><G116/><T102/><D17/><RYUUKYOKU ba="0,2" sc="230,-15,214,15,355,-15,181,15" hai1="10,11,25,29,34,63,71,85,88,93,96,103,107" hai3="40,46,50,60,64,65,69,70,82,84,90,92,95" /><INIT seed="7,1,2,2,3,61" ten="215,229,340,196" oya="3" hai0="114,85,87,38,75,15,66,55,32,40,103,57,48" hai1="33,112,41,133,101,93,126,0,94,106,19,42,120" hai2="74,99,116,12,121,117,111,68,18,31,134,52,109" hai3="59,69,132,50,63,44,105,71,53,56,30,24,49"/><W67/><G105/><T58/><D32/><U98/><E0/><V78/><F68/><W124/><G124/><T1/><D1/><U73/><E33/><V34/><F99/><W37/><G132/><T64/><D75/><U84/><E120/><V108/><F52/><N who="3" m="34279" /><G24/><T123/><D123/><U13/><E133/><V76/><F134/><W125/><G30/><T65/><D114/><U70/><E126/><V131/><F74/><W113/><G113/><T127/><D127/><U118/><E112/><V135/><F135/><W79/><G79/><T96/><D57/><U92/><E70/><N who="3" m="26634" /><G125/><T20/><D40/><N who="1" m="15467" /><E73/><V129/><F76/><W51/><G67/><T91/><D91/><N who="1" m="53351" /><E106/><V27/><F78/><W7/><G7/><T11/><D38/><U36/><E36/><V100/><F100/><W77/><G77/><T23/><D85/><U46/><E118/><N who="2" m="45675" /><F121/><W89/><G89/><T115/><D115/><U10/><E93/><V14/><F14/><W45/><G37/><T88/><D103/><U2/><E2/><V86/><F86/><W22/><G22/><AGARI ba="1,2" hai="12,18,22,27,31,34,108,109,111,129,131" m="45675" machi="22" ten="40,2600,0" yaku="34,2" doraHai="61" who="2" fromWho="3" sc="215,0,229,0,340,49,196,-29" owari="215,-18.0,229,3.0,389,48.0,167,-33.0" /></mjloggm>