<mjloggm ver="2.3"><GO type="169"/><UN n0="%E3%81%84%E3%82%81%E3%81%91%E3%82%93" n1="%EF%BC%88%E2%89%A7%E2%96%BD%E2%89%A6%EF%BC%89" n2="%E3%83%A4%E3%82%AD%E3%83%B3" n3="%E6%AF%94%E5%98%89%E7%A7%80%E4%BB%81" dan="16,17,16,16" rate="2042,2112,2075,2108" sx="M,M,M,M"/><TAIKYOKU oya="0"/><INIT seed="0,0,0,0,2,84" ten="250,250,250,250" oya="0" hai0="124,115,108,89,106,47,67,120,41,65,68,86,77" hai1="81,30,59,82,92,72,105,23,25,54,74,66,132" hai2="135,7,102,4,37,32,39,33,21,70,12,95,114" hai3="35,88,127,55,128,110,79,73,116,8,129,63,78"/><T16/><D115/><U104/><E132/><V9/><F70/><W103/><G35/><T20/><D120/><U6/><E72/><V18/><F114/><W131/><G116/><T118/><D118/><U15/><E74/><V10/><F135/><W119/><G119/><T100/><D77/><N who="3" m="29193" /><G73/><T97/><D68/><U40/><E105/><V36/><F102/><W22/><G103/><T57/><D57/><U19/><E104/><V122/><F122/><W45/><G8/><T28/><D28/><U29/><E66/><V133/><F133/><W85/><G127/><T87/><D87/><U134/><E134/><V60/><F60/><W34/><G34/><T5/><D5/><U51/><E40/><V50/><F50/><N who="3" m="29135" /><G22/><T56/><D56/><U69/><E69/><V13/><REACH who="2" step="1"/><F95/><REACH who="2" ten="250,250,240,250" step="2"/><N who="3" m="54671" /><G63/><T26/><D124/><U3/><E3/><AGARI ba="0,1" hai="3,4,7,9,10,12,13,18,21,32,33,36,37,39" machi="3" ten="40,1300,0" yaku="1,1,53,0" doraHai="84" doraHaiUra="42" who="2" fromWho="1" sc="250,0,250,-13,240,23,250,0" /><INIT seed="1,0,0,3,3,93" ten="250,237,263,250" oya="1" hai0="122,7,59,18,110,25,80,134,49,115,116,10,123" hai1="112,120,104,73,83,12,87,42,31,26,106,107,15" hai2="39,1,55,125,71,23,96,128,38,33,64,101,88" hai3="72,4,53,105,91,57,27,69,85,103,119,19,77"/><U133/><E120/><N who="0" m="46121" /><D115/><U131/><E112/><V14/><F1/><W28/><G69/><T111/><D116/><U5/><E133/><V58/><F33/><W43/><G119/><T56/><D134/><U135/><E135/><V47/><F71/><W36/><G4/><T37/><D37/><U9/><E131/><V90/><F64/><W130/><G130/><T118/><D118/><U92/><E42/><V44/><F128/><W13/><G43/><T132/><D80/><U29/><E73/><V50/><F39/><W86/><G36/><T113/><D113/><U126/><E126/><V41/><F125/><W62/><G72/><T124/><D124/><U121/><E121/><V100/><F100/><W40/><G40/><T17/><D132/><U109/><E109/><V6/><F44/><W24/><G77/><T79/><D79/><U54/><E54/><V45/><F47/><W97/><G28/><T95/><D95/><U108/><E108/><N who="0" m="41513" /><D25/><U3/><E92/><V61/><F38/><W11/><REACH who="3" step="1"/><G86/><REACH who="3" ten="250,237,263,240" step="2"/><T0/><D7/><U70/><E70/><V117/><F117/><W102/><G102/><T114/><D114/><U35/><REACH who="1" step="1"/><E31/><REACH who="1" ten="250,227,263,240" step="2"/><V46/><F41/><W66/><G66/><T127/><D127/><U94/><E94/><AGARI ba="0,2" hai="11,13,19,24,27,53,57,62,85,91,94,97,103,105" machi="94" ten="30,7700,0" yaku="1,1,7,1,52,1,53,1" doraHai="93" doraHaiUra="99" who="3" fromWho="1" sc="250,0,227,-77,263,0,240,97" /><INIT seed="2,0,0,3,5,78" ten="250,150,263,337" oya="2" hai0="25,42,91,67,68,72,77,63,76,124,71,128,74" hai1="88,35,84,7,95,116,86,117,102,5,31,64,104" hai2="73,58,79,44,96,103,130,85,0,50,75,12,19" hai3="17,126,27,36,1,122,60,52,40,38,59,70,33"/><V26/><F0/><W87/><G1/><T61/><D124/><U118/><E64/><V90/><F130/><W28/><G126/><T110/><D128/><U120/><E120/><V123/><F123/><W112/><G122/><T37/><D110/><U10/><E84/><V132/><F26/><W135/><G70/><T69/><D91/><U16/><E35/><V106/><F79/><W62/><G62/><T3/><D3/><U113/><E31/><V24/><F24/><W47/><G135/><T39/><D25/><U108/><E113/><V53/><F132/><W13/><G87/><T43/><D69/><U98/><REACH who="1" step="1"/><E108/><REACH who="1" ten="250,140,263,337" step="2"/><V111/><F111/><W115/><G115/><T66/><AGARI ba="0,1" hai="37,39,42,43,61,63,66,67,68,71,72,74,76,77" machi="66" ten="25,3200,0" yaku="0,1,22,2" doraHai="78" who="0" fromWho="0" sc="250,42,140,-8,263,-16,337,-8" /><INIT seed="3,0,0,5,1,111" ten="292,132,247,329" oya="3" hai0="133,37,67,38,121,42,60,9,96,41,68,95,91" hai1="47,30,11,87,62,83,0,40,45,24,56,5,70" hai2="80,77,43,98,25,48,75,50,92,115,102,15,126" hai3="10,14,46,36,105,125,20,8,58,122,65,128,99"/><W86/><G122/><T39/><D121/><U23/><E70/><V74/><F74/><W104/><G128/><T69/><D133/><U52/><REACH who="1" step="1"/><E40/><REACH who="1" ten="292,122,247,329" step="2"/><V110/><F43/><W118/><G118/><T29/><D69/><U64/><E64/><V57/><F110/><W103/><G65/><T97/><D42/><U2/><E2/><V93/><F126/><W124/><G124/><T117/><D41/><U112/><E112/><V94/><F115/><W61/><G125/><T73/><D67/><U71/><E71/><V132/><F132/><W129/><G129/><T78/><D68/><U51/><E51/><V19/><F48/><W59/><G36/><T66/><D66/><U106/><E106/><V107/><F50/><W130/><G105/><T21/><D117/><U3/><E3/><V28/><F107/><W4/><G104/><T116/><D116/><U85/><E85/><V131/><F131/><W109/><G86/><T35/><D38/><U26/><E26/><V13/><F57/><W108/><G130/><T22/><D37/><U49/><E49/><V76/><F13/><W72/><G59/><T32/><D39/><U135/><E135/><V79/><F15/><W81/><G109/><T31/><D73/><U33/><E33/><V113/><F113/><W134/><G108/><T55/><D32/><U18/><E18/><V101/><F19/><W82/><G134/><T120/><D35/><U27/><E27/><V53/><F25/><W114/><G72/><T16/><D16/><U54/><E54/><V89/><F53/><W123/><G114/><T44/><D120/><RYUUKYOKU ba="0,1" sc="292,-10,122,30,247,-10,329,-10" hai1="0,5,11,23,24,30,45,47,52,56,62,83,87" /><INIT seed="4,1,1,0,4,52" ten="282,152,237,319" oya="0" hai0="78,59,46,16,109,124,87,51,86,37,68,22,103" hai1="101,53,1,102,12,64,50,112,4,98,54,131,126" hai2="93,129,13,120,90,100,18,72,31,130,104,3,121" hai3="35,45,14,70,44,21,94,6,17,36,27,63,58"/><T10/><D68/><U125/><E1/><V123/><F3/><W33/><G70/><T111/><D37/><U133/><E64/><V107/><F31/><W82/><G82/><T92/><D124/><N who="1" m="47723" /><E133/><V77/><F100/><W106/><G106/><N who="2" m="40489" /><F13/><W117/><G117/><T71/><D71/><U26/><E131/><N who="2" m="50187" /><F18/><W80/><G80/><T56/><D10/><N who="1" m="4167" /><E112/><V2/><F2/><W0/><G36/><T67/><D67/><U115/><E115/><V88/><F93/><W74/><G74/><T85/><D78/><U73/><E73/><V69/><F69/><W43/><G43/><N who="0" m="25055" /><D111/><U79/><E79/><V84/><F84/><W81/><G81/><AGARI ba="1,1" hai="72,77,81,88,90,120,121,123" m="50187,40489" machi="81" ten="40,8000,1" yaku="19,1,34,2,54,1" doraHai="52" who="2" fromWho="3" sc="282,0,152,0,237,93,319,-83" /><INIT seed="5,0,0,5,5,118" ten="282,152,330,236" oya="1" hai0="37,51,114,101,96,53,130,108,120,28,15,50,80" hai1="76,84,17,16,105,87,4,52,1,19,69,63,64" hai2="31,104,11,21,90,40,77,125,35,48,79,97,5" hai3="24,78,102,127,61,106,7,55,67,13,99,94,29"/><U2/><E105/><V93/><F35/><W54/><G78/><T57/><D37/><U49/><E76/><V100/><F125/><W115/><G115/><T12/><D114/><U123/><E123/><V33/><F33/><W81/><G81/><T3/><D3/><U89/><E4/><V23/><F40/><W38/><G38/><T91/><D130/><U119/><E119/><V0/><F48/><W85/><G127/><T56/><D28/><U83/><REACH who="1" step="1"/><E84/><REACH who="1" ten="282,142,330,236" step="2"/><V122/><F122/><W10/><G106/><T20/><D120/><U110/><E110/><V71/><F79/><W41/><G85/><T116/><D108/><U128/><E128/><V46/><F77/><W107/><G107/><T8/><D116/><U112/><E112/><V18/><F104/><W121/><G121/><T36/><D96/><U34/><E34/><V22/><F97/><W45/><G7/><T131/><D131/><U135/><E135/><V109/><F5/><W30/><G99/><T62/><D101/><U39/><E39/><V113/><F100/><W88/><G102/><T42/><D36/><U73/><E73/><V9/><F109/><W14/><G88/><T86/><D91/><U43/><E43/><V47/><F90/><W59/><G94/><T103/><D103/><U126/><E126/><V65/><F93/><W82/><G82/><T58/><D86/><U72/><E72/><V111/><F111/><W32/><G32/><T6/><D42/><U75/><E75/><V95/><F95/><W132/><G41/><T98/><D80/><U60/><E60/><V66/><F113/><RYUUKYOKU ba="0,1" sc="282,-10,142,30,330,-10,236,-10" hai1="1,2,16,17,19,49,52,63,64,69,83,87,89" /><INIT seed="5,1,1,4,0,100" ten="272,172,320,226" oya="1" hai0="55,124,84,38,64,67,62,10,132,87,52,88,131" hai1="45,68,126,127,32,56,78,134,85,36,79,42,37" hai2="9,59,106,40,54,63,72,57,17,108,22,75,1" hai3="83,82,119,73,102,6,28,129,27,113,66,50,0"/><U121/><E32/><V71/><F71/><W35/><G129/><T101/><D38/><U95/><E121/><V39/><F108/><W4/><G113/><T41/><D131/><U93/><E68/><V110/><F110/><W74/><G66/><T118/><D41/><U33/><E33/><V115/><F106/><W14/><G0/><T34/><D101/><U51/><E134/><V135/><F135/><W112/><G112/><T69/><D64/><U60/><E37/><V47/><F115/><W11/><G119/><T13/><D34/><U20/><E20/><V104/><F104/><W122/><G102/><T44/><D118/><U105/><E105/><V46/><F46/><W133/><G133/><T130/><D130/><U70/><E70/><V19/><F57/><W111/><G111/><T43/><D87/><U25/><E25/><V91/><F91/><W53/><G4/><T18/><D124/><N who="1" m="47659" /><E36/><V49/><F39/><W98/><G98/><T76/><D76/><N who="1" m="29227" /><E85/><V61/><F75/><W103/><G122/><T116/><D116/><U99/><E99/><V3/><F72/><W30/><G74/><T23/><D23/><U31/><E31/><V97/><F97/><W24/><G73/><T21/><D21/><U29/><E29/><V96/><F96/><W123/><G123/><T15/><D132/><U86/><E86/><V81/><F22/><N who="3" m="15383" /><G103/><T80/><D13/><U7/><E7/><N who="2" m="1263" /><F3/><W92/><G92/><T117/><D117/><U65/><AGARI ba="1,1" hai="42,45,51,56,60,65,93,95" m="29227,47659" machi="65" ten="30,1500,0" yaku="18,1" doraHai="100" who="1" fromWho="1" sc="272,-6,172,28,320,-6,226,-6" /><INIT seed="5,2,0,1,4,110" ten="266,200,314,220" oya="1" hai0="53,26,83,104,105,108,57,64,70,47,67,6,98" hai1="78,95,117,81,58,75,48,65,106,112,29,54,52" hai2="96,60,123,72,17,89,74,131,45,101,133,73,71" hai3="107,102,41,97,51,32,11,94,14,87,62,12,44"/><U68/><E117/><V125/><F123/><W77/><G32/><T119/><D108/><U22/><E106/><V124/><F45/><W33/><G33/><T1/><D119/><U115/><E95/><V10/><F89/><W21/><G62/><T69/><D6/><U59/><E65/><V35/><F35/><W92/><G21/><T3/><D47/><U116/><E68/><V20/><F10/><W61/><G61/><T39/><D53/><U50/><E116/><V132/><F60/><W135/><G135/><N who="2" m="51785" /><F71/><W36/><G36/><T40/><D39/><U5/><E5/><V9/><F9/><W42/><G42/><T134/><D40/><U30/><E22/><V15/><F131/><W126/><G126/><T16/><D70/><U4/><E4/><V88/><F88/><N who="3" m="53279" /><G107/><AGARI ba="2,0" hai="15,17,20,72,73,74,96,101,107,124,125" m="51785" machi="107" ten="40,1300,0" yaku="20,1" doraHai="110" who="2" fromWho="3" sc="266,0,200,0,314,19,220,-19" /><INIT seed="6,0,0,5,1,52" ten="266,200,333,201" oya="2" hai0="46,77,118,15,81,71,91,76,66,126,67,131,59" hai1="30,101,127,9,94,93,42,3,24,86,112,28,73" hai2="123,44,0,65,115,29,72,105,90,80,109,53,107" hai3="56,75,108,124,4,132,85,64,35,135,54,10,51"/><V25/><F0/><N who="3" m="263" /><G75/><T74/><D71/><U128/><E73/><V125/><F123/><W14/><G108/><T50/><D77/><U23/><E128/><V61/><F109/><W19/><G35/><T40/><D131/><U12/><E3/><V102/><F72/><W37/><G37/><T36/><D126/><U83/><E127/><V129/><F125/><W89/><G124/><T122/><D122/><U130/><E130/><V16/><F129/><W38/><G64/><T82/><D15/><U106/><E112/><V110/><F115/><W121/><G38/><T47/><D118/><U8/><E42/><V98/><F110/><W100/><G100/><T62/><D91/><U84/><E30/><V22/><F90/><W26/><G26/><T41/><REACH who="0" step="1"/><D82/><REACH who="0" ten="256,200,333,201" step="2"/><U39/><E12/><N who="2" m="9479" /><F80/><W49/><G121/><T114/><D114/><U96/><E83/><V1/><F1/><W58/><G14/><T11/><D11/><U33/><E8/><V87/><F102/><W116/><G116/><T32/><D32/><U2/><E33/><V57/><F25/><W27/><G27/><T69/><D69/><U17/><E2/><V7/><F7/><W104/><G19/><T97/><D97/><U18/><E18/><V70/><F98/><W113/><G113/><T5/><D5/><U99/><E99/><V103/><F103/><W34/><G34/><T60/><D60/><U55/><E17/><V21/><F70/><W117/><G117/><T95/><D95/><N who="1" m="36363" /><E9/><V20/><F105/><W63/><G104/><T120/><D120/><U111/><E111/><V31/><F107/><RYUUKYOKU ba="0,1" sc="256,30,200,-10,333,-10,201,-10" hai0="36,40,41,46,47,50,59,62,66,67,74,76,81" /><INIT seed="7,1,1,3,5,23" ten="286,190,323,191" oya="3" hai0="40,39,98,79,53,80,24,70,45,109,28,103,32" hai1="78,50,94,30,82,12,74,115,122,101,135,133,68" hai2="88,89,111,123,87,58,48,51,83,57,114,52,38" hai3="61,77,10,62,107,81,20,26,11,119,92,121,104"/><W129/><G121/><T105/><D109/><U34/><E68/><V4/><F38/><W96/><G119/><T27/><D70/><U2/><E2/><V90/><F111/><W6/><G107/><T91/><D91/><N who="2" m="34890" /><F114/><W21/><G104/><T75/><D28/><U128/><E128/><V125/><F125/><W76/><G129/><T37/><D32/><U60/><E115/><V86/><F4/><W8/><G6/><T108/><D108/><U126/><E126/><V132/><F132/><N who="1" m="50761" /><E122/><V100/><F100/><N who="3" m="60423" /><G21/><T15/><D39/><U64/><E50/><N who="2" m="30871" /><F87/><N who="3" m="48551" /><G77/><T7/><D53/><U106/><E106/><V65/><F123/><W46/><G46/><T19/><D7/><U85/><E34/><V1/><F1/><W49/><G49/><T73/><D75/><U43/><E74/><V97/><F97/><W47/><G47/><T118/><D118/><U22/><E43/><V69/><F69/><W59/><G59/><T84/><D73/><U120/><E120/><V18/><F58/><W72/><G72/><T9/><AGARI ba="1,1" hai="9,15,19,24,27,37,40,45,79,80,84,98,103,105" machi="9" ten="20,5200,0" yaku="0,1,7,1,52,2" doraHai="23" who="0" fromWho="0" sc="286,65,190,-14,323,-14,191,-27" owari="351,45.0,176,-22.0,309,11.0,164,-34.0" /></mjloggm>