<mjloggm ver="2.3"><GO type="41"/><UN n0="%58%2D%4A%41%50%4F%4E" n1="%EF%BC%88%E2%89%A7%E2%96%BD%E2%89%A6%EF%BC%89" n2="%E3%80%93%E3%81%82%EF%BD%9E%E3%82%8B%E3%80%93" n3="%4E%61%4E%61%E2%98%86" dan="13,15,13,14" rate="1894,1993,1910,1932" sx="M,M,M,M"/><TAIKYOKU oya="0"/><INIT seed="0,0,0,5,3,44" ten="250,250,250,250" oya="0" hai0="111,61,50,135,118,16,26,52,6,99,106,3,115" hai1="42,31,63,27,81,100,128,127,53,76,55,105,104" hai2="112,66,74,90,125,28,110,57,11,7,24,25,126" hai3="20,85,67,60,46,22,37,72,10,94,56,18,69"/><T97/><D115/><U70/><E128/><V108/><F74/><W21/><G72/><T64/><D118/><U119/><E119/><V65/><F112/><W33/><G33/><T75/><D75/><N who="1" m="43167" /><E105/><V12/><F90/><W79/><G69/><T59/><D135/><U41/><E42/><V45/><F45/><W120/><G120/><T40/><D40/><U19/><E19/><V58/><F66/><W17/><G37/><T96/><D3/><U83/><E83/><V68/><F68/><W129/><G129/><T39/><D6/><U77/><E77/><V103/><F103/><W91/><G46/><T34/><D39/><U13/><E13/><V1/><F1/><W98/><REACH who="3" step="1"/><G10/><REACH who="3" ten="250,250,250,240" step="2"/><T102/><D34/><U124/><E70/><V48/><F11/><W36/><G36/><T101/><D111/><U49/><E124/><V95/><F110/><W43/><G43/><T121/><D121/><U113/><E127/><V134/><F126/><W71/><G71/><T14/><D106/><U78/><E41/><V133/><F108/><W122/><G122/><T88/><D102/><U8/><E113/><V132/><F125/><W51/><G51/><T15/><D101/><U82/><E100/><V38/><F38/><W123/><G123/><T131/><D131/><U114/><E114/><V62/><F134/><W4/><G4/><T109/><D109/><U86/><E104/><V0/><F7/><W29/><G29/><T35/><D35/><N who="1" m="20991" /><E8/><V9/><F133/><W116/><G116/><T2/><D50/><U84/><E49/><V80/><F48/><W130/><G130/><RYUUKYOKU ba="0,1" sc="250,-10,250,-10,250,-10,240,30" hai3="17,18,20,21,22,56,60,67,79,85,91,94,98" /><INIT seed="1,1,1,1,2,132" ten="240,240,240,270" oya="1" hai0="10,86,49,47,70,61,50,111,106,64,71,17,25" hai1="44,114,13,27,68,102,1,29,123,104,129,4,40" hai2="85,26,112,15,95,3,88,35,33,126,91,43,115" hai3="74,39,65,45,76,7,56,96,48,125,89,75,8"/><U14/><E123/><V30/><F3/><W22/><G39/><T9/><D106/><U52/><E114/><N who="2" m="43563" /><F43/><W117/><G117/><T77/><D71/><U118/><E118/><V51/><F51/><W31/><G76/><T73/><D73/><U60/><E129/><V54/><F35/><W63/><G125/><T11/><D111/><U101/><E1/><V92/><F54/><W134/><G134/><T120/><D120/><U98/><E102/><V18/><F126/><W119/><G119/><T2/><D2/><U133/><E133/><V36/><F36/><W12/><G96/><T135/><D135/><U24/><E4/><V79/><F79/><W67/><G67/><T97/><D97/><U0/><E0/><V53/><F53/><W108/><G108/><T58/><D70/><U42/><E27/><V93/><F91/><W110/><G110/><T130/><D130/><U109/><E109/><V38/><F38/><W87/><G31/><T113/><D113/><U103/><E103/><V128/><F128/><W82/><REACH who="3" step="1"/><G22/><AGARI ba="1,1" hai="15,18,22,26,30,33,85,88,92,93,95" m="43563" machi="22" ten="30,2000,0" yaku="11,1,54,1" doraHai="132" who="2" fromWho="3" sc="240,0,240,0,240,33,270,-23" /><INIT seed="2,0,0,1,5,109" ten="240,240,273,247" oya="2" hai0="13,103,19,94,50,30,3,130,6,2,110,126,47" hai1="105,68,120,75,35,107,60,12,112,28,96,92,29" hai2="21,133,81,83,7,33,134,10,16,57,48,114,113" hai3="31,53,36,70,78,63,45,125,0,122,32,51,59"/><V67/><F33/><W24/><G0/><T117/><D110/><U73/><E120/><V43/><F67/><W44/><G122/><T101/><D126/><U55/><E12/><N who="2" m="9351" /><F83/><W102/><G125/><T98/><D130/><U18/><E18/><V93/><F81/><W9/><G78/><T124/><D124/><U4/><E4/><V37/><F37/><W62/><G9/><T132/><D132/><N who="2" m="50794" /><F93/><W80/><G80/><T1/><D117/><U115/><E35/><V128/><F128/><W76/><G76/><T118/><D118/><U34/><E34/><V131/><F131/><W89/><G102/><T91/><D30/><U65/><E92/><V106/><F106/><W72/><G72/><T123/><D123/><U22/><E65/><V79/><F79/><W52/><G36/><T15/><D6/><U104/><E105/><V69/><F69/><W5/><G5/><T116/><D116/><U20/><E68/><V46/><F57/><N who="3" m="35119" /><G70/><T119/><D119/><U87/><E107/><V85/><F85/><W86/><G32/><T58/><D58/><U82/><E104/><V27/><F27/><W26/><G24/><T11/><REACH who="0" step="1"/><D15/><AGARI ba="0,0" hai="7,10,15,43,46,48,113,114" m="50794,9351" machi="15" ten="30,11600,0" yaku="20,1,52,2,54,1" doraHai="109" who="2" fromWho="0" sc="240,-116,240,0,273,116,247,0" /><INIT seed="2,1,0,3,0,93" ten="124,240,389,247" oya="2" hai0="95,38,113,49,98,15,74,83,106,26,102,85,66" hai1="36,91,107,81,129,57,33,17,23,101,18,121,133" hai2="39,45,48,27,31,22,20,87,103,135,6,3,73" hai3="111,52,124,116,64,82,11,79,77,130,59,55,128"/><V75/><F39/><W123/><G116/><T5/><D113/><U120/><E33/><V16/><F135/><W53/><G123/><N who="1" m="47178" /><E133/><V94/><F6/><W108/><G124/><T89/><D38/><U68/><E68/><V104/><F3/><W119/><G119/><T70/><D26/><U62/><E129/><N who="3" m="49770" /><G11/><T32/><D32/><U40/><E40/><V44/><F104/><W8/><G8/><T126/><D126/><U13/><E36/><V14/><F45/><W97/><G97/><T69/><D49/><U71/><E71/><V109/><F109/><N who="3" m="42059" /><G82/><T61/><D5/><U50/><E81/><V63/><F87/><W25/><G25/><T54/><D15/><U114/><E13/><V84/><F84/><W99/><G99/><T29/><D29/><U21/><E114/><V92/><F73/><W7/><G7/><T34/><D34/><U10/><E10/><V100/><F75/><W76/><G64/><T43/><D43/><U19/><E107/><V125/><F125/><W80/><G80/><T96/><D54/><N who="1" m="34103" /><E101/><V88/><F103/><W2/><G2/><T41/><D41/><U51/><E91/><V78/><F100/><W86/><G86/><T56/><REACH who="0" step="1"/><D74/><REACH who="0" ten="114,240,389,247" step="2"/><U35/><E35/><V117/><F117/><W134/><G134/><T46/><D46/><U9/><E9/><V30/><F44/><W90/><G90/><AGARI ba="1,1" hai="56,61,66,69,70,83,85,89,90,95,96,98,102,106" machi="90" ten="30,8000,1" yaku="1,1,7,1,52,2,53,1" doraHai="93" doraHaiUra="60" who="0" fromWho="3" sc="114,93,240,0,389,0,247,-83" /><INIT seed="3,0,0,1,4,23" ten="207,240,389,164" oya="3" hai0="56,69,122,113,1,120,62,0,90,3,81,43,130" hai1="135,121,68,110,57,72,89,37,28,129,88,8,101" hai2="19,108,119,70,133,128,98,115,9,30,16,34,47" hai3="105,39,21,107,14,78,17,45,71,97,35,59,87"/><W102/><G71/><T74/><D69/><U49/><E121/><V53/><F70/><W20/><G35/><T116/><D116/><U13/><E68/><V125/><F119/><W61/><G107/><T66/><D130/><U27/><E37/><V58/><F128/><W67/><G39/><T96/><D43/><U29/><E129/><V126/><F115/><W44/><G78/><T10/><D113/><U50/><E72/><V91/><F47/><W83/><REACH who="3" step="1"/><G20/><REACH who="3" ten="207,240,389,154" step="2"/><T64/><D122/><U79/><E79/><V42/><F34/><W86/><G86/><T46/><D120/><U93/><E135/><V75/><F133/><W117/><G117/><T5/><D74/><U33/><E33/><V40/><F75/><W25/><G25/><T52/><D96/><U65/><E27/><V6/><F126/><W112/><G112/><T100/><D10/><U114/><E8/><V82/><F125/><W31/><G31/><T132/><D132/><U131/><E29/><V127/><F30/><W7/><G7/><T134/><D5/><U12/><E28/><V41/><F127/><W85/><G85/><T118/><D134/><U106/><E131/><V26/><F98/><W48/><G48/><T2/><D118/><U94/><E106/><V55/><F9/><W11/><G11/><T15/><D0/><U103/><E114/><V18/><F6/><W73/><G73/><T104/><D1/><U32/><E32/><V51/><F51/><W60/><G60/><T36/><D2/><U4/><E49/><V123/><F123/><W92/><G92/><T80/><D3/><RYUUKYOKU ba="0,1" sc="207,-10,240,-10,389,-10,154,30" hai3="14,17,21,44,45,59,61,67,83,87,97,102,105" /><INIT seed="3,1,1,0,5,102" ten="197,230,379,184" oya="3" hai0="98,55,16,106,7,22,62,51,76,37,107,23,127" hai1="78,29,40,80,112,91,100,90,94,33,54,99,81" hai2="3,6,47,97,72,77,66,93,26,10,18,27,119" hai3="124,41,129,2,88,105,57,75,89,64,50,9,63"/><W87/><G75/><T65/><D37/><U56/><E112/><V20/><F119/><W17/><G129/><T74/><D127/><U109/><E109/><V84/><F66/><W92/><G124/><T130/><D130/><U46/><E29/><V132/><F132/><W103/><G41/><T69/><D7/><U4/><E33/><V122/><F122/><W113/><G113/><T24/><D98/><U82/><E4/><V117/><F117/><W39/><G39/><T36/><D36/><U44/><E78/><V121/><F121/><W21/><G89/><N who="1" m="33802" /><E40/><V118/><F118/><W125/><G125/><T52/><D76/><U13/><E13/><V11/><F72/><W126/><G126/><T59/><D74/><U73/><E73/><V8/><F27/><W131/><G131/><T71/><D71/><U135/><E135/><V0/><F0/><W19/><G50/><AGARI ba="1,1" hai="44,46,50,54,56,80,81,82,94,99,100" m="33802" machi="50" ten="30,1000,0" yaku="8,1" doraHai="102" who="1" fromWho="3" sc="197,0,230,23,379,0,184,-13" /><INIT seed="4,0,0,1,1,38" ten="197,253,379,171" oya="0" hai0="25,114,15,91,26,3,118,2,101,128,17,57,135" hai1="53,107,34,81,58,7,73,74,122,36,44,30,31" hai2="117,96,134,42,131,103,79,111,9,92,19,37,125" hai3="52,106,64,54,66,75,89,99,129,56,102,108,87"/><T33/><D118/><U43/><E122/><V126/><F111/><W4/><G108/><T130/><D114/><U100/><E7/><V45/><F117/><W32/><G129/><N who="0" m="49771" /><D135/><U105/><E105/><V71/><F71/><W24/><G4/><T55/><D101/><U76/><E73/><V70/><F70/><W84/><G75/><T121/><D91/><U29/><E34/><V61/><F131/><W27/><G87/><T127/><D121/><U98/><REACH who="1" step="1"/><E29/><REACH who="1" ten="197,243,379,171" step="2"/><V65/><F134/><W47/><G32/><T16/><D127/><U6/><E6/><V0/><F126/><W120/><G120/><T41/><D33/><U133/><E133/><V80/><F125/><W85/><G106/><T119/><D119/><U112/><E112/><V14/><F0/><W109/><G109/><T110/><D110/><U48/><AGARI ba="0,1" hai="30,31,36,43,44,48,53,58,74,76,81,98,100,107" machi="48" ten="20,5200,0" yaku="1,1,0,1,7,1,52,1,53,0" doraHai="38" doraHaiUra="22" who="1" fromWho="1" sc="197,-26,243,62,379,-13,171,-13" /><INIT seed="5,0,0,4,5,39" ten="171,305,366,158" oya="1" hai0="130,81,8,123,116,50,100,133,61,97,93,109,110" hai1="51,128,68,31,113,48,59,56,0,49,25,83,24" hai2="92,69,105,122,134,43,131,95,6,13,94,64,114" hai3="42,66,124,104,55,132,16,10,46,85,135,76,77"/><U18/><E0/><V84/><F122/><W106/><G124/><T78/><D116/><U70/><E113/><V40/><F114/><W82/><G66/><T5/><D130/><U34/><E128/><V12/><F131/><W9/><G76/><T44/><D133/><N who="3" m="51273" /><G55/><T108/><D61/><U112/><E112/><V32/><F134/><W60/><G60/><T20/><D123/><U119/><E119/><V45/><F32/><W121/><G121/><T127/><D127/><U129/><E129/><V2/><F105/><W117/><G117/><T91/><D20/><U33/><E83/><V74/><F74/><W11/><G16/><T27/><D27/><N who="1" m="10315" /><E18/><V67/><F2/><W90/><G77/><T101/><D8/><N who="3" m="2049" /><W63/><DORA hai="118" /><G63/><T17/><D17/><U14/><E31/><V88/><F6/><W15/><G15/><N who="2" m="5705" /><F69/><N who="1" m="26729" /><E14/><V3/><F3/><W7/><G7/><T19/><D19/><U36/><E33/><V80/><F45/><W35/><G35/><T120/><D5/><U86/><E34/><V54/><F54/><W38/><AGARI ba="0,0" hai="38,42,46,82,85,90,104,106" m="2049,51273" machi="38" ten="40,2700,0" yaku="20,1,52,1" doraHai="39,118" who="3" fromWho="3" sc="171,-7,305,-13,366,-7,158,27" /><INIT seed="6,0,0,3,1,24" ten="164,292,359,185" oya="2" hai0="95,41,6,40,112,109,117,55,23,21,63,94,1" hai1="135,12,2,25,106,118,20,115,14,50,28,9,10" hai2="37,44,43,114,54,111,104,100,15,102,45,88,5" hai3="0,125,57,13,38,99,51,46,17,31,49,73,101"/><V96/><F111/><W123/><G123/><T36/><D109/><U66/><E118/><V133/><F114/><W80/><G125/><T60/><D112/><U89/><E106/><V107/><F133/><W47/><G0/><T131/><D117/><U97/><E135/><V93/><F107/><W134/><G134/><T58/><D131/><U8/><E115/><V22/><F104/><W35/><G38/><T71/><D1/><U124/><E124/><V67/><F67/><W122/><G122/><T105/><D105/><U129/><E129/><V87/><F96/><W126/><G126/><T108/><D108/><U18/><E2/><V132/><F132/><W4/><G4/><T78/><D78/><U56/><E18/><V7/><F7/><W32/><G57/><T11/><D6/><U75/><E75/><V30/><F5/><W65/><G65/><T76/><D11/><U68/><E68/><V79/><F79/><W128/><G128/><T120/><D76/><U61/><REACH who="1" step="1"/><E50/><REACH who="1" ten="164,282,359,185" step="2"/><V52/><F37/><W81/><G49/><T127/><D127/><U82/><E82/><V91/><F30/><W121/><G80/><T84/><D120/><U34/><E34/><V53/><F15/><W103/><G81/><T74/><D74/><U90/><E90/><V62/><F91/><W33/><G73/><T86/><D71/><U119/><E119/><V39/><F88/><W27/><G121/><T72/><D72/><U70/><E70/><V77/><F39/><W59/><G51/><T29/><D36/><U98/><E98/><V16/><F16/><W3/><G99/><RYUUKYOKU ba="0,1" sc="164,-10,282,30,359,-10,185,-10" hai1="8,9,10,12,14,20,25,28,56,61,66,89,97" /><INIT seed="7,1,1,4,3,104" ten="154,312,349,175" oya="3" hai0="49,7,134,41,81,4,56,109,125,124,76,43,9" hai1="13,91,80,127,64,112,105,57,90,16,121,92,46" hai2="111,79,135,26,95,19,83,37,120,87,48,32,85" hai3="39,33,58,51,75,12,17,101,55,10,84,52,47"/><W14/><G75/><T110/><D134/><U107/><E121/><V3/><F135/><W34/><G101/><T5/><D9/><U45/><E127/><N who="0" m="48713" /><D56/><U1/><E1/><V2/><F37/><W115/><G115/><T94/><D94/><U29/><E112/><V73/><F111/><N who="0" m="42506" /><D49/><U71/><E71/><V74/><F120/><W77/><G39/><T21/><D21/><N who="1" m="11407" /><E107/><V103/><F95/><W38/><G14/><T102/><D102/><U30/><E105/><V82/><F103/><W96/><G96/><T61/><D61/><N who="1" m="37935" /><E80/><V25/><F83/><W93/><G38/><T35/><D35/><U98/><E90/><V53/><F32/><W114/><G114/><T116/><D116/><U8/><E8/><V23/><F2/><W24/><G24/><T67/><D67/><U123/><E123/><V68/><F26/><W89/><G77/><T0/><D0/><U11/><E11/><V113/><F3/><W50/><AGARI ba="1,1" hai="10,12,17,33,34,47,50,51,52,55,58,84,89,93" machi="50" ten="20,3900,0" yaku="0,1,7,1,54,1" doraHai="104" who="3" fromWho="3" sc="154,-14,312,-14,349,-14,175,52" /><INIT seed="7,2,0,2,1,50" ten="140,298,335,227" oya="3" hai0="86,26,72,57,65,19,13,54,133,135,114,130,119" hai1="105,128,2,11,41,32,108,100,23,116,125,102,70" hai2="90,37,109,66,117,3,6,82,76,35,103,22,73" hai3="15,122,98,104,121,123,42,131,8,51,127,101,64"/><W75/><G75/><T107/><D119/><U68/><E108/><V106/><F117/><W25/><G127/><T12/><D107/><U81/><E116/><V60/><F37/><W1/><G1/><T47/><D72/><U97/><E125/><V77/><F109/><W45/><G131/><T10/><D130/><U38/><E128/><V92/><F35/><W5/><G64/><T27/><D114/><U88/><E32/><V78/><F22/><W99/><G99/><T113/><D113/><U95/><E81/><V94/><F94/><W110/><G110/><T62/><D86/><U9/><E23/><V74/><F74/><W96/><G96/><T91/><D91/><U31/><E31/><V4/><F4/><W24/><AGARI ba="2,0" hai="5,8,15,24,25,42,45,51,98,101,104,121,122,123" machi="24" ten="40,2100,0" yaku="0,1" doraHai="50" who="3" fromWho="3" sc="140,-9,298,-9,335,-9,227,27" /><INIT seed="7,3,0,5,1,47" ten="131,289,326,254" oya="3" hai0="35,8,83,84,90,111,129,102,56,133,69,6,9" hai1="70,11,127,134,49,2,80,104,113,97,0,62,71" hai2="25,38,77,116,107,51,48,108,125,101,117,60,120" hai3="22,132,54,32,59,76,42,106,44,16,7,36,21"/><W135/><G106/><T63/><D111/><U128/><E113/><V67/><F108/><W1/><G32/><T118/><D118/><U28/><E134/><N who="3" m="51242" /><G76/><T3/><D133/><U109/><E109/><V114/><F77/><W66/><G66/><T57/><D129/><U65/><E128/><V122/><F114/><W68/><G68/><T46/><D35/><U99/><E127/><V74/><F125/><W95/><G95/><T55/><D69/><U13/><E71/><V81/><F38/><W18/><G1/><T26/><D26/><U126/><E126/><V45/><F107/><W10/><G7/><T4/><D102/><U12/><E28/><V115/><F101/><W131/><G131/><T61/><D46/><U15/><E104/><V64/><F115/><W96/><G96/><T82/><D82/><U119/><E119/><V78/><F116/><W33/><G33/><T37/><D37/><U27/><E27/><V5/><F117/><W52/><G54/><T79/><D79/><U93/><E80/><V130/><F5/><W73/><G73/><T39/><D39/><U14/><E97/><V112/><F112/><W124/><G124/><T31/><D31/><U123/><E123/><V91/><F130/><W86/><G86/><T19/><D19/><N who="3" m="7209" /><G10/><N who="0" m="4203" /><D3/><N who="1" m="1067" /><E11/><V50/><F122/><W53/><G53/><T24/><D24/><U105/><E12/><V89/><F25/><W92/><G92/><T43/><D43/><U87/><E105/><V100/><F120/><W110/><G110/><T29/><D29/><U98/><E87/><V72/><F74/><W17/><G17/><RYUUKYOKU ba="3,0" sc="131,15,289,-15,326,-15,254,15" hai0="4,6,55,56,57,61,63,83,84,90" hai3="21,22,36,42,44,52,59" /><INIT seed="7,4,0,2,5,70" ten="146,274,311,269" oya="3" hai0="52,68,76,77,27,20,82,22,102,36,51,74,54" hai1="73,49,124,10,61,89,75,86,62,1,88,79,9" hai2="103,106,12,95,115,93,99,53,133,105,85,19,90" hai3="45,21,15,41,48,33,46,56,109,87,11,78,39"/><W4/><G33/><T132/><D68/><U40/><E124/><V60/><F133/><W113/><G113/><T30/><D132/><U126/><E126/><V32/><F32/><W6/><G109/><T80/><D102/><U31/><E31/><V57/><F115/><W111/><G111/><T65/><D65/><U25/><E25/><V116/><F116/><W24/><G56/><T63/><D63/><N who="1" m="24075" /><E1/><V38/><F38/><W0/><G0/><T129/><D129/><U18/><E75/><V84/><F84/><W119/><G119/><T128/><D128/><U44/><E73/><V26/><F26/><W114/><G114/><T135/><D135/><U120/><E120/><V67/><F67/><W71/><G71/><T122/><D122/><U112/><E112/><V125/><F125/><W29/><G4/><T121/><D36/><U98/><E18/><V81/><F81/><W131/><G131/><T69/><D69/><U108/><E108/><V23/><AGARI ba="4,0" hai="12,19,23,53,57,60,85,90,93,95,99,103,105,106" machi="23" ten="20,1500,0" yaku="0,1,7,1" doraHai="70" who="2" fromWho="2" sc="146,-8,274,-8,311,27,269,-11" owari="138,-36.0,266,7.0,338,43.0,258,-14.0" /></mjloggm>