<mjloggm ver="2.3"><GO type="169"/><UN n0="%E5%88%BB%E5%AD%90%E5%B8%82%E6%B0%91" n1="%E3%83%95%E3%83%AA%E3%83%86%E3%83%B3%E5%8D%98%E9%A8%8E" n2="%E3%81%84%E3%81%AC%E3%81%98%E3%82%83%E3%82%89%E3%81%97" n3="%EF%BC%88%E2%89%A7%E2%96%BD%E2%89%A6%EF%BC%89" dan="16,16,17,18" rate="2151,2160,2156,2172" sx="M,M,M,M"/><TAIKYOKU oya="0"/><INIT seed="0,0,0,1,2,21" ten="250,250,250,250" oya="0" hai0="101,7,48,123,28,26,3,39,55,11,41,91,29" hai1="46,56,120,61,5,77,110,83,60,82,112,47,65" hai2="24,88,131,116,87,0,128,36,70,86,42,17,64" hai3="12,35,13,43,15,97,31,20,81,57,107,27,132"/><T67/><D123/><U75/><E120/><V22/><F116/><W52/><G132/><T63/><D101/><U50/><E112/><V9/><F86/><W119/><G119/><T44/><D91/><U113/><E113/><V71/><F64/><W69/><G69/><T114/><D114/><U118/><E118/><V2/><F42/><W68/><G68/><N who="2" m="26153" /><F9/><W1/><G1/><T84/><D84/><U16/><E5/><V121/><F36/><W125/><G43/><T106/><D106/><U10/><E60/><V104/><F104/><W58/><G81/><T25/><D29/><U73/><E110/><V30/><F30/><W18/><G125/><T93/><D93/><U62/><E62/><V23/><F23/><W4/><G4/><T74/><D74/><U49/><E47/><V109/><F109/><W111/><G111/><T99/><D99/><U92/><E92/><N who="2" m="54303" /><F121/><W76/><G76/><T102/><D102/><U72/><E83/><V66/><F66/><W115/><G115/><T85/><D85/><U40/><REACH who="1" step="1"/><E50/><REACH who="1" ten="250,240,250,250" step="2"/><V127/><F127/><W90/><G107/><T78/><D63/><U6/><E6/><V38/><F38/><W122/><G122/><T37/><D37/><U100/><E100/><V130/><AGARI ba="0,1" hai="0,2,17,22,24,128,130,131" m="54303,26153" machi="130" ten="40,5200,0" yaku="19,1,52,1,54,1" doraHai="21" who="2" fromWho="2" sc="250,-26,240,-13,250,62,250,-13" /><INIT seed="1,0,0,1,0,52" ten="224,227,312,237" oya="1" hai0="25,95,93,84,130,40,63,75,76,33,103,64,92" hai1="70,67,0,30,121,110,78,26,134,49,120,77,43" hai2="65,135,123,83,11,42,105,15,71,56,16,38,31" hai3="96,99,7,57,2,116,94,119,53,3,45,87,34"/><U29/><E0/><V98/><F123/><W13/><G34/><T91/><D130/><U102/><E102/><V8/><F71/><W19/><G45/><T50/><D75/><U111/><E134/><V86/><F135/><W5/><G87/><T48/><D76/><N who="1" m="29291" /><E67/><V90/><F31/><N who="1" m="11785" /><E26/><V36/><F42/><W28/><G28/><T72/><D72/><U60/><E60/><V97/><F8/><N who="3" m="6567" /><G3/><T73/><D73/><U133/><E133/><V69/><F69/><W112/><G2/><T109/><D33/><U132/><E132/><V44/><F44/><W23/><G112/><T68/><D25/><U117/><E70/><V62/><REACH who="2" step="1"/><F105/><REACH who="2" ten="224,227,302,237" step="2"/><W115/><G115/><T55/><D40/><U35/><E35/><V127/><F127/><W18/><G119/><T54/><D68/><U113/><E117/><V1/><F1/><W107/><G116/><T79/><D103/><U124/><E113/><V118/><F118/><W39/><G107/><T88/><D84/><U131/><E124/><V58/><F58/><W10/><G10/><T24/><D48/><U122/><E131/><V82/><F82/><W4/><G39/><AGARI ba="0,1" hai="11,15,16,36,38,39,56,62,65,83,86,90,97,98" machi="39" ten="40,5200,0" yaku="1,1,52,1,54,1,53,0" doraHai="52" doraHaiUra="114" who="2" fromWho="3" sc="224,0,227,0,302,62,237,-52" /><INIT seed="2,0,0,1,4,9" ten="224,227,364,185" oya="2" hai0="130,127,30,45,18,24,49,11,118,33,67,89,110" hai1="102,43,28,134,82,27,3,37,84,93,85,86,81" hai2="22,132,122,65,60,126,41,4,2,34,15,90,95" hai3="80,32,63,7,40,69,113,125,78,62,104,111,8"/><V100/><F122/><W98/><G111/><T87/><D67/><U0/><E134/><V29/><F132/><W121/><G121/><T46/><D110/><U44/><E102/><V13/><F100/><N who="3" m="62487" /><G62/><T12/><D130/><U115/><E93/><V129/><F129/><W51/><G51/><T109/><D109/><U59/><E59/><V107/><F107/><W96/><G96/><T16/><D127/><U135/><E115/><V26/><F126/><W38/><G32/><T23/><D118/><U39/><E39/><V48/><F22/><W92/><G92/><N who="0" m="54335" /><D33/><U53/><E53/><V14/><F2/><N who="3" m="119" /><G125/><T77/><D77/><U74/><E135/><V103/><F103/><W61/><G113/><T114/><D114/><U108/><E108/><V52/><F41/><W68/><G61/><T88/><D88/><U76/><REACH who="1" step="1"/><E82/><REACH who="1" ten="224,217,364,185" step="2"/><V57/><F4/><W35/><G63/><T106/><D106/><U36/><E36/><V66/><REACH who="2" step="1"/><F60/><REACH who="2" ten="224,217,354,185" step="2"/><W75/><G35/><AGARI ba="0,2" hai="0,3,27,28,35,37,43,44,74,76,81,84,85,86" machi="35" ten="40,1300,0" yaku="1,1,53,0" doraHai="9" doraHaiUra="5" who="1" fromWho="3" sc="224,0,217,33,354,0,185,-13" /><INIT seed="3,0,0,2,3,131" ten="224,250,354,172" oya="3" hai0="2,6,82,111,56,31,23,15,66,67,59,105,3" hai1="16,18,74,79,20,14,134,122,13,78,124,123,101" hai2="114,21,120,83,128,73,40,38,80,117,69,60,76" hai3="98,51,22,24,71,106,130,94,126,88,1,132,133"/><W75/><G1/><T35/><D105/><U33/><E33/><V129/><F117/><W72/><G71/><T103/><D103/><U4/><E101/><V17/><F114/><W99/><G130/><N who="2" m="50281" /><F120/><W46/><G126/><T0/><D111/><U44/><E44/><N who="2" m="23575" /><F83/><W39/><G39/><T113/><D113/><U127/><E4/><V30/><F30/><N who="3" m="17687" /><G99/><T37/><D37/><U121/><E134/><N who="3" m="51818" /><G106/><T102/><D102/><U25/><E74/><V135/><F73/><W34/><G34/><T28/><D35/><U49/><E49/><V55/><F60/><W32/><G32/><T90/><D0/><U11/><E79/><V96/><F76/><W26/><G26/><T116/><D3/><U53/><E78/><V48/><F96/><W108/><G108/><T9/><D2/><U91/><E91/><V45/><F69/><W52/><AGARI ba="0,0" hai="46,51,52,72,75,88,94,98" m="51818,17687" machi="52" ten="30,18000,2" yaku="20,1,52,3,54,2" doraHai="131" who="3" fromWho="3" sc="224,-60,250,-60,354,-60,172,180" /><INIT seed="3,1,0,1,2,102" ten="164,190,294,352" oya="3" hai0="73,43,108,58,129,14,9,131,15,31,90,132,63" hai1="134,38,125,51,67,98,22,33,111,57,79,93,5" hai2="10,124,18,110,12,8,130,3,0,69,11,72,30" hai3="6,59,133,35,89,123,81,45,32,62,60,101,34"/><W127/><G123/><T13/><D108/><U68/><E33/><V20/><F69/><W1/><G133/><T118/><D132/><U107/><E134/><V16/><F72/><W105/><G127/><T96/><D73/><U82/><E125/><V64/><F64/><W76/><G89/><T74/><D74/><U40/><E107/><V77/><F77/><W104/><G45/><T7/><D31/><U100/><E111/><V55/><F55/><W115/><G115/><T95/><D43/><U83/><E5/><N who="2" m="3183" /><F124/><W61/><G59/><T56/><D118/><U49/><E68/><V29/><F130/><N who="0" m="49674" /><D58/><U23/><E38/><V113/><F113/><W21/><G21/><N who="1" m="7690" /><E40/><V120/><F120/><W86/><REACH who="3" step="1"/><G101/><REACH who="3" ten="164,190,294,342" step="2"/><T119/><D119/><U121/><E121/><V17/><F110/><W94/><G94/><T71/><D71/><U80/><E79/><V114/><F114/><W36/><G36/><T47/><D47/><U91/><E100/><V42/><F20/><W122/><G122/><T54/><AGARI ba="1,1" hai="7,9,13,14,15,54,56,63,90,95,96" m="49674" machi="54" ten="30,1100,0" yaku="19,1" doraHai="102" who="0" fromWho="0" sc="164,24,190,-4,294,-4,342,-6" /><INIT seed="4,0,0,4,0,82" ten="188,186,290,336" oya="0" hai0="97,122,109,15,65,129,62,93,88,116,30,71,94" hai1="3,41,95,40,26,76,113,123,43,46,22,18,1" hai2="74,36,81,10,110,67,130,34,135,105,0,42,111" hai3="56,28,117,84,48,134,124,96,112,32,114,60,11"/><T89/><D122/><U9/><E123/><V128/><F135/><W58/><G117/><T17/><D116/><U115/><E76/><N who="2" m="44183" /><F105/><W85/><G134/><T80/><D129/><N who="2" m="49770" /><F67/><W49/><G124/><T78/><D30/><U103/><E46/><N who="2" m="23879" /><F34/><W132/><G132/><T120/><D109/><U68/><E68/><V51/><F51/><W91/><G49/><T29/><D29/><U52/><E9/><V69/><F69/><W72/><G72/><T131/><D131/><U2/><E103/><V66/><F66/><N who="3" m="39175" /><G11/><T44/><D44/><U64/><E64/><V133/><F133/><W107/><G28/><T12/><D120/><U102/><E102/><V55/><F55/><N who="3" m="32103" /><G32/><T57/><D71/><U5/><E5/><AGARI ba="0,0" hai="0,5,10,110,111" m="23879,49770,44183" machi="5" ten="30,3900,0" yaku="25,1,19,1,23,1" doraHai="82" who="2" fromWho="1" sc="188,0,186,-39,290,39,336,0" /><INIT seed="5,0,0,2,1,6" ten="188,147,329,336" oya="1" hai0="105,61,32,129,22,63,53,91,98,64,65,46,99" hai1="9,96,67,11,44,70,83,14,36,73,54,59,100" hai2="106,15,31,116,131,109,118,103,97,75,20,94,2" hai3="95,101,135,0,41,93,74,58,130,49,68,125,24"/><U26/><E70/><V10/><F109/><W119/><G68/><T57/><D32/><U90/><E67/><N who="0" m="25673" /><D105/><U115/><E115/><V88/><F75/><W126/><G74/><T51/><D129/><U122/><E122/><V16/><F131/><W39/><G130/><T77/><D77/><U86/><E73/><V7/><REACH who="2" step="1"/><F31/><REACH who="2" ten="188,147,319,336" step="2"/><W123/><G123/><T42/><D63/><U79/><E79/><V72/><F72/><W133/><G126/><T85/><D22/><U102/><E26/><V69/><F69/><W76/><G24/><T128/><D128/><U127/><E127/><V1/><F1/><W113/><G0/><T132/><D132/><U87/><E87/><AGARI ba="0,1" hai="2,7,10,15,16,20,87,88,94,97,103,106,116,118" machi="87" ten="30,8000,1" yaku="1,1,7,1,52,1,54,2,53,0" doraHai="6" doraHaiUra="134" who="2" fromWho="1" sc="188,0,147,-80,319,90,336,0" /><INIT seed="6,0,0,0,1,64" ten="188,67,409,336" oya="2" hai0="84,32,65,92,75,40,110,44,49,1,2,109,121" hai1="31,53,38,9,133,35,8,67,27,4,83,96,103" hai2="111,46,25,134,37,108,50,127,66,94,76,21,114" hai3="116,29,34,128,36,98,104,13,39,5,115,59,19"/><V30/><F114/><W130/><G116/><T71/><D75/><U112/><E112/><V125/><F37/><W58/><G5/><T52/><D32/><U12/><E133/><V48/><F134/><W61/><G115/><T62/><D121/><U72/><E38/><V47/><F76/><W51/><G51/><N who="2" m="19497" /><F94/><W89/><G29/><T105/><D105/><U135/><E135/><V91/><F91/><W60/><G34/><T122/><D122/><U117/><E117/><V42/><F42/><W23/><G104/><T106/><D106/><U120/><E120/><V107/><F107/><W24/><G24/><T28/><D28/><U113/><E103/><V85/><F85/><W124/><G124/><N who="2" m="47689" /><F66/><N who="3" m="39191" /><G89/><T6/><D84/><U79/><E96/><V119/><F119/><W26/><G98/><T41/><D92/><U100/><E100/><V88/><F88/><W14/><G39/><T97/><D97/><U70/><E113/><V77/><F77/><W86/><G86/><T129/><D41/><U55/><REACH who="1" step="1"/><E9/><REACH who="1" ten="188,57,409,336" step="2"/><V123/><F123/><W57/><G36/><T102/><D102/><U10/><E10/><V82/><F111/><W43/><G130/><T22/><D129/><U3/><E3/><V101/><F101/><W126/><G126/><T93/><D1/><U74/><E74/><V11/><F11/><W54/><G128/><T17/><D109/><U20/><E20/><V56/><F21/><W0/><G0/><T63/><D110/><U78/><E78/><V90/><F90/><W118/><G118/><T87/><D2/><U73/><E73/><V16/><F108/><RYUUKYOKU ba="0,1" sc="188,-10,57,30,409,-10,336,-10" hai1="4,8,12,27,31,35,53,55,67,70,72,79,83" /><INIT seed="7,1,1,1,2,6" ten="178,87,399,326" oya="3" hai0="127,125,130,12,43,8,98,115,120,52,26,113,25" hai1="135,39,106,49,79,82,84,117,11,123,121,9,128" hai2="64,59,13,37,69,21,126,3,129,46,31,62,67" hai3="7,134,116,58,16,61,1,70,88,57,65,23,36"/><W105/><G105/><T29/><D120/><U78/><E39/><V94/><F3/><W40/><G116/><T83/><D43/><U102/><E117/><V54/><F126/><N who="0" m="48138" /><D130/><U89/><E128/><V50/><F129/><W20/><G134/><T53/><D83/><U131/><E131/><V133/><F133/><W68/><G36/><T97/><D97/><U10/><E135/><V109/><F109/><W4/><G40/><T47/><D98/><U34/><E34/><V45/><F37/><W74/><G74/><T75/><D75/><U93/><E78/><V71/><F94/><W22/><G70/><T132/><D132/><U38/><E38/><V28/><F28/><W44/><G44/><T100/><D100/><U17/><E17/><V24/><F13/><N who="3" m="9231" /><G1/><T122/><D122/><U107/><E107/><V55/><F55/><N who="0" m="21066" /><D47/><U110/><E110/><V90/><F90/><W60/><G68/><T35/><D26/><U19/><E19/><AGARI ba="1,1" hai="8,12,19,25,29,35,113,115" m="21066,48138" machi="19" ten="30,3900,0" yaku="18,1,52,1,54,1" doraHai="6" who="0" fromWho="1" sc="178,52,87,-42,399,0,326,0" owari="230,-17.0,45,-45.0,399,49.0,326,13.0" /></mjloggm>