<mjloggm ver="2.3"><GO type="41"/><UN n0="%E7%A0%82%E5%A3%B2%E3%82%8A" n1="%E3%82%B9%E3%83%86%E3%83%83%E3%83%89" n2="%E3%82%A6%E3%83%AB%E3%83%88%E3%83%A9%E7%AB%8B%E7%9B%B4" n3="%E6%98%9F%E5%BD%B1%E6%9B%B4%E6%B2%99" dan="13,14,15,14" rate="1823,1891,1984,2067" sx="M,M,M,M"/><TAIKYOKU oya="0"/><INIT seed="0,0,0,3,4,109" ten="250,250,250,250" oya="0" hai0="108,105,132,30,72,130,19,24,83,82,91,110,60" hai1="93,53,107,121,32,71,14,115,68,49,17,15,46" hai2="79,58,8,66,113,41,104,52,123,65,134,31,21" hai3="36,67,120,100,3,7,38,43,40,13,29,26,39"/><T33/><D105/><U99/><E121/><V73/><F104/><W106/><G120/><T45/><D130/><U23/><E107/><V18/><F123/><W37/><G3/><T34/><D132/><U116/><E116/><V77/><F73/><W2/><G2/><T20/><D72/><U89/><E32/><V42/><F134/><W1/><G1/><T63/><D34/><U0/><E0/><V124/><F31/><W35/><G67/><N who="2" m="25609" /><F8/><W48/><G48/><T6/><D6/><U114/><REACH who="1" step="1"/><E14/><REACH who="1" ten="250,240,250,250" step="2"/><N who="2" m="9431" /><F124/><W25/><G13/><T112/><D33/><U5/><E5/><V94/><F94/><W87/><G7/><T103/><D110/><U118/><E118/><V51/><F113/><AGARI ba="0,1" hai="15,17,23,46,49,53,68,71,89,93,99,113,114,115" machi="113" ten="40,12000,2" yaku="1,1,11,1,52,3,53,1" doraHai="109" doraHaiUra="47" who="1" fromWho="2" sc="250,0,240,130,250,-120,250,0" /><INIT seed="1,0,0,0,4,29" ten="250,370,130,250" oya="1" hai0="36,114,112,32,20,2,135,129,17,60,102,124,64" hai1="24,4,25,107,111,56,15,27,113,13,21,34,19" hai2="59,55,37,53,72,43,120,77,35,47,44,78,14" hai3="93,106,73,134,70,92,11,50,49,83,26,82,115"/><U41/><E113/><V8/><F120/><W66/><G106/><T104/><D129/><U51/><E107/><V121/><F121/><W98/><G115/><T101/><D104/><U22/><E41/><V132/><F132/><W74/><G134/><T33/><D135/><U54/><E111/><V79/><F72/><W71/><G11/><T131/><D131/><U87/><E34/><V68/><F68/><W28/><G26/><T63/><D36/><U40/><E40/><V42/><F59/><W6/><G6/><T88/><D2/><U96/><E96/><V12/><F35/><W58/><G28/><T30/><D124/><U76/><E4/><V1/><F1/><W126/><G58/><T95/><D32/><U89/><E76/><V108/><F108/><W123/><G123/><T38/><D38/><U103/><E103/><V52/><REACH who="2" step="1"/><F8/><REACH who="2" ten="250,370,120,250" step="2"/><W100/><G74/><T61/><D33/><U81/><REACH who="1" step="1"/><E13/><REACH who="1" ten="250,360,120,250" step="2"/><V39/><AGARI ba="0,2" hai="12,14,37,39,42,43,44,47,52,53,55,77,78,79" machi="39" ten="30,8000,1" yaku="1,1,2,1,0,1,9,1,54,1,53,0" doraHai="29" doraHaiUra="5" who="2" fromWho="2" sc="250,-20,360,-40,120,100,250,-20" /><INIT seed="2,0,0,2,3,0" ten="230,320,220,230" oya="2" hai0="47,42,120,58,21,59,15,73,50,117,125,132,13" hai1="96,51,30,92,87,79,6,53,9,64,90,89,111" hai2="93,27,127,72,26,48,115,133,5,4,103,86,78" hai3="116,43,121,29,80,65,74,128,118,69,83,18,94"/><V20/><F72/><W3/><G121/><T101/><D120/><U119/><E119/><V113/><F115/><W62/><G128/><T40/><D73/><U102/><E111/><V44/><F113/><W60/><G29/><T126/><D117/><U39/><E39/><V16/><F127/><W8/><G43/><T91/><D132/><U7/><E64/><V98/><F133/><W122/><G122/><T19/><D101/><U11/><E30/><V24/><F78/><W67/><G94/><T135/><D135/><U100/><E79/><V97/><F86/><W88/><G83/><T85/><D42/><U104/><E104/><V108/><F98/><W25/><G25/><N who="2" m="9833" /><F108/><W63/><G63/><T130/><D130/><U49/><E100/><V28/><F28/><W129/><G129/><T56/><D15/><N who="1" m="5559" /><E53/><AGARI ba="0,0" hai="4,5,16,20,27,44,48,53,93,97,103" m="9833" machi="53" ten="30,11600,0" yaku="8,1,52,2,54,1" doraHai="0" who="2" fromWho="1" sc="230,0,320,-116,220,116,230,0" /><INIT seed="2,1,0,3,0,105" ten="230,204,336,230" oya="2" hai0="43,122,74,35,64,0,40,78,69,50,57,14,107" hai1="120,56,134,94,51,44,112,114,48,119,49,1,22" hai2="46,19,129,41,60,38,73,58,118,121,76,6,66" hai3="2,67,102,23,33,11,65,3,131,72,116,31,42"/><V30/><F121/><W71/><G116/><T62/><D107/><U7/><E94/><V111/><F118/><W104/><G72/><T89/><D0/><U12/><E119/><V61/><F30/><W63/><G42/><T95/><D122/><U13/><E120/><V17/><F129/><W77/><G77/><T85/><D35/><U124/><E1/><V109/><F6/><W93/><G131/><T135/><D135/><U103/><E103/><V70/><F17/><W28/><G67/><T108/><D108/><N who="2" m="41546" /><F19/><W80/><G80/><T123/><D123/><U37/><E134/><V75/><F76/><W132/><G132/><T16/><D78/><U18/><E124/><V91/><F91/><W133/><G133/><T90/><D74/><U92/><E92/><V128/><F128/><W52/><G33/><T32/><D32/><U82/><E82/><V106/><F106/><W36/><G28/><T10/><D50/><U39/><E114/><V27/><F27/><W54/><G104/><T81/><REACH who="0" step="1"/><D69/><REACH who="0" ten="220,204,336,230" step="2"/><U29/><E112/><V110/><F110/><W115/><G71/><T26/><D26/><U101/><E39/><V100/><F100/><W83/><G36/><T59/><D59/><U68/><E101/><V98/><F98/><AGARI ba="1,1" hai="10,14,16,40,43,57,62,64,81,85,89,90,95,98" machi="98" ten="30,12000,2" yaku="1,1,7,1,8,1,54,1,53,2" doraHai="105" doraHaiUra="86" who="0" fromWho="2" sc="220,133,204,0,336,-123,230,0" /><INIT seed="3,0,0,5,2,52" ten="353,204,213,230" oya="3" hai0="74,15,80,12,31,36,57,58,133,112,87,98,127" hai1="6,69,78,50,117,25,67,0,97,11,46,35,40" hai2="62,110,116,59,4,90,1,104,89,72,16,45,8" hai3="123,100,56,70,121,21,64,30,22,120,17,55,82"/><W93/><G82/><T101/><D36/><U10/><E117/><V2/><F116/><W39/><G39/><T26/><D112/><U3/><E69/><V42/><F110/><W119/><G119/><T71/><D71/><U115/><E115/><V118/><F2/><W88/><G100/><T95/><D127/><U134/><E134/><V91/><F104/><W114/><G114/><T32/><D133/><U44/><E97/><V135/><F135/><W53/><G30/><T13/><REACH who="0" step="1"/><D74/><REACH who="0" ten="343,204,213,230" step="2"/><U92/><E35/><V5/><F72/><W76/><G70/><T126/><D126/><U122/><E122/><V37/><F118/><W28/><G123/><T51/><D51/><U73/><E73/><V20/><F1/><W96/><G121/><T113/><D113/><U48/><E3/><V109/><F109/><W128/><G120/><T60/><D60/><U66/><E0/><V29/><F29/><W103/><G128/><T79/><AGARI ba="0,1" hai="12,13,15,26,31,32,57,58,79,80,87,95,98,101" machi="79" ten="30,7900,0" yaku="1,1,0,1,52,2,53,0" doraHai="52" doraHaiUra="63" who="0" fromWho="0" sc="343,89,204,-20,213,-20,230,-39" /><INIT seed="4,0,0,3,5,92" ten="432,184,193,191" oya="0" hai0="9,63,84,89,74,33,99,68,55,40,21,54,71" hai1="85,118,38,105,22,122,133,59,128,69,0,15,72" hai2="107,4,50,19,25,96,3,135,8,108,100,111,80" hai3="36,32,120,23,97,20,88,130,51,56,2,70,47"/><T132/><D74/><U93/><RYUUKYOKU type="yao9" ba="0,0" sc="432,0,184,0,193,0,191,0" hai1="0,15,22,38,59,69,72,85,93,105,118,122,128,133" /><INIT seed="4,1,0,2,1,54" ten="432,184,193,191" oya="0" hai0="106,65,33,91,124,43,118,39,80,44,103,2,0" hai1="21,41,60,100,92,14,112,58,134,36,25,128,108" hai2="109,29,131,121,76,50,101,114,46,97,51,71,68" hai3="30,9,1,81,62,122,110,32,85,90,55,40,18"/><T113/><D118/><U13/><E108/><V126/><F121/><W53/><G122/><T17/><D113/><U87/><E112/><V88/><F114/><W35/><G110/><T61/><D124/><U11/><E134/><V37/><F109/><W129/><G40/><T23/><D33/><U64/><E128/><V45/><F76/><W95/><G129/><T48/><D106/><U6/><E36/><V105/><F29/><W93/><G55/><T69/><D103/><U77/><E41/><V22/><F22/><W49/><G62/><T5/><D5/><U130/><E77/><V99/><F126/><W57/><G30/><T119/><D119/><U94/><E130/><V20/><F20/><W38/><G38/><T42/><D42/><U86/><E94/><V3/><F37/><W34/><REACH who="3" step="1"/><G18/><REACH who="3" ten="432,184,193,181" step="2"/><T127/><D39/><U78/><E78/><V4/><F131/><W98/><G98/><T63/><D63/><U56/><E100/><V83/><F101/><W84/><G84/><T111/><D111/><U102/><E86/><V67/><F99/><W75/><G75/><T8/><D43/><U74/><E74/><V59/><F97/><W132/><G132/><T7/><D61/><U82/><E87/><V47/><F51/><W89/><G89/><T123/><D48/><U125/><E125/><V117/><F50/><W73/><G73/><T107/><D127/><U96/><E82/><V133/><F88/><W70/><G70/><T31/><D69/><N who="1" m="42119" /><E14/><V19/><F133/><W66/><G66/><T16/><D65/><U15/><E15/><V28/><F117/><RYUUKYOKU ba="1,1" sc="432,-15,184,15,193,-15,181,15" hai1="6,11,13,21,25,56,58,92,96,102" hai3="1,9,32,34,35,49,53,57,81,85,90,93,95" /><INIT seed="5,2,1,4,2,49" ten="417,199,178,196" oya="1" hai0="81,45,1,97,122,124,34,6,109,116,100,8,54" hai1="104,39,23,65,28,72,77,110,75,119,73,126,115" hai2="41,42,108,102,21,118,113,76,84,13,125,61,112" hai3="106,59,120,89,36,48,127,96,24,68,10,80,4"/><U105/><E39/><V128/><F108/><W25/><G68/><T40/><D109/><U82/><E65/><V50/><F118/><W5/><G120/><T132/><D122/><U123/><E23/><V14/><F102/><W92/><G36/><T2/><D116/><U56/><E28/><V67/><F84/><W35/><G127/><T71/><D71/><U0/><E0/><V52/><F76/><W79/><G106/><T90/><D124/><U134/><E56/><N who="2" m="37287" /><F125/><W16/><G35/><T83/><D132/><U44/><E126/><V121/><F121/><W53/><G80/><T32/><D83/><U20/><E20/><V93/><F93/><W111/><G79/><T27/><D1/><U62/><E62/><V46/><F128/><W11/><G111/><T60/><D27/><N who="3" m="10313" /><G10/><T22/><D22/><U94/><E123/><V98/><F98/><W86/><G96/><T37/><D54/><U9/><E110/><V31/><F31/><W117/><G117/><T15/><D60/><U30/><E119/><V47/><F47/><W17/><G11/><T66/><D2/><U69/><E9/><V133/><F133/><W55/><G55/><T38/><D8/><U78/><E30/><V70/><F70/><W74/><G74/><T3/><D38/><U57/><E134/><V7/><F7/><AGARI ba="2,1" hai="4,5,7,16,17,48,53,59,86,89,92" m="10313" machi="7" ten="30,3900,0" yaku="8,1,52,1,54,1" doraHai="49" who="3" fromWho="2" sc="417,0,199,0,178,-45,196,55" /><INIT seed="6,0,0,4,1,49" ten="417,199,133,251" oya="2" hai0="39,29,86,113,56,103,73,48,22,33,126,37,74" hai1="5,60,109,42,64,13,18,77,47,101,34,94,91" hai2="53,90,124,117,54,25,31,28,66,0,128,50,84" hai3="11,46,57,30,68,114,14,9,26,81,3,98,85"/><V10/><F117/><W75/><G68/><T63/><D33/><U32/><E109/><V125/><F128/><W111/><G111/><T116/><D116/><U45/><E101/><V36/><F36/><W8/><G75/><T15/><D113/><U27/><E77/><V89/><F66/><W24/><G98/><T123/><D123/><U55/><E5/><V38/><F38/><W62/><G46/><T88/><D126/><N who="2" m="48746" /><F50/><W131/><G131/><T93/><D103/><U17/><E32/><N who="2" m="20495" /><F31/><W78/><G114/><T104/><D104/><U2/><E2/><V96/><F96/><W59/><G3/><T79/><D79/><U61/><E34/><V129/><F129/><W112/><G112/><T92/><D48/><U97/><E64/><V7/><F89/><W132/><G132/><T100/><D88/><U51/><E47/><V69/><F69/><W43/><G43/><T35/><D39/><U4/><E42/><V80/><AGARI ba="0,0" hai="0,7,10,53,54,80,84,90" m="20495,48746" machi="80" ten="30,6000,0" yaku="18,1,52,2" doraHai="49" who="2" fromWho="2" sc="417,-20,199,-20,133,60,251,-20" /><INIT seed="6,1,0,3,4,60" ten="397,179,193,231" oya="2" hai0="63,80,90,10,59,4,41,132,53,12,101,50,72" hai1="77,110,71,46,106,76,13,51,119,81,49,126,116" hai2="3,94,23,64,102,34,5,114,66,104,2,8,134" hai3="29,79,73,17,15,112,14,35,22,16,97,31,93"/><V82/><F104/><W54/><G112/><T120/><D120/><U100/><E110/><V117/><F34/><W32/><G32/><T130/><D130/><U123/><E123/><V87/><F117/><W26/><G31/><T52/><D132/><U6/><E126/><V39/><F39/><W118/><G118/><T62/><D101/><U55/><E71/><V131/><F131/><W38/><G38/><T48/><D72/><U7/><E77/><V67/><F134/><W88/><G54/><T57/><D41/><U107/><E107/><V69/><F69/><W25/><REACH who="3" step="1"/><G17/><REACH who="3" ten="397,179,193,221" step="2"/><T30/><D30/><U111/><E111/><V43/><F114/><W11/><G11/><T18/><D18/><U99/><E119/><V105/><F43/><W127/><G127/><T135/><D135/><U103/><E116/><V125/><F125/><W113/><G113/><T33/><D33/><U129/><E129/><V98/><F23/><W19/><G19/><T9/><D9/><U44/><E13/><V84/><F3/><W45/><G45/><T96/><D10/><U1/><E1/><V133/><F133/><W20/><G20/><T56/><D12/><U85/><REACH who="1" step="1"/><E103/><REACH who="1" ten="397,169,193,221" step="2"/><V24/><F24/><W83/><AGARI ba="1,2" hai="14,15,16,22,25,26,29,35,73,79,83,88,93,97" machi="83" ten="30,8000,1" yaku="1,1,0,1,54,2,53,1" doraHai="60" doraHaiUra="78" who="3" fromWho="3" sc="397,-21,169,-21,193,-41,221,103" /><INIT seed="7,0,0,4,5,124" ten="376,148,152,324" oya="3" hai0="79,34,24,98,120,101,22,15,58,126,44,122,40" hai1="99,42,59,115,77,90,119,100,80,18,83,28,89" hai2="21,35,43,46,107,112,87,31,20,11,51,23,85" hai3="4,56,16,114,36,110,132,117,102,128,64,130,78"/><W50/><G117/><T111/><D111/><U48/><E48/><V38/><F107/><W62/><G110/><T74/><D126/><U105/><E59/><V57/><F112/><W5/><G36/><T9/><D74/><U54/><E54/><V25/><F11/><W106/><G114/><T53/><D79/><U63/><E63/><V65/><F38/><W123/><G123/><T133/><D133/><U82/><E42/><V131/><F131/><N who="3" m="50219" /><G132/><T1/><D1/><U121/><E121/><V3/><F3/><W60/><G78/><T129/><D129/><U72/><E18/><V109/><F109/><W13/><G50/><T93/><D44/><U30/><E30/><V29/><F29/><W108/><G108/><T27/><D34/><U118/><E28/><V104/><F104/><W127/><G127/><T134/><D40/><U113/><E113/><V47/><F47/><W92/><G106/><T7/><D134/><U70/><E70/><V19/><F51/><W52/><G92/><T125/><D125/><U94/><E115/><V69/><F46/><W96/><G96/><T6/><D6/><U37/><E37/><V116/><F31/><W26/><G102/><T81/><D122/><U76/><E76/><V10/><F35/><W71/><G26/><T61/><D27/><U0/><E0/><V17/><F25/><W86/><G86/><T73/><D120/><U41/><E41/><V84/><F85/><W8/><AGARI ba="0,0" hai="4,5,8,13,16,52,56,60,62,64,71" m="50219" machi="8" ten="30,18000,2" yaku="19,1,52,3,54,2" doraHai="124" who="3" fromWho="3" sc="376,-60,148,-60,152,-60,324,180" owari="316,12.0,88,-41.0,92,-31.0,504,60.0" /></mjloggm>