<mjloggm ver="2.3"><GO type="41"/><UN n0="%E3%81%B2%E3%81%A0%E3%82%8A" n1="%E3%82%A6%E3%83%AB%E3%83%88%E3%83%A9%E7%AB%8B%E7%9B%B4" n2="%E3%83%95%E3%83%AC%E3%83%BC%E3%82%BA%E3%83%8E" n3="%2D%59%75%69%2D" dan="15,15,14,14" rate="1986,2017,1982,2064" sx="M,M,M,F"/><TAIKYOKU oya="0"/><INIT seed="0,0,0,1,5,132" ten="250,250,250,250" oya="0" hai0="80,101,124,36,123,82,73,41,122,107,72,58,87" hai1="112,110,83,105,26,8,81,76,44,51,60,93,11" hai2="117,48,74,65,130,17,16,100,53,116,42,43,6" hai3="90,96,135,69,57,40,46,55,118,1,111,66,32"/><T94/><D36/><U84/><E105/><V39/><F74/><W98/><G1/><T12/><D41/><U64/><E110/><V30/><F30/><W7/><G32/><T27/><D27/><U78/><E93/><V126/><F130/><W85/><G7/><T62/><D107/><U33/><E26/><V34/><F34/><W68/><G135/><T54/><D73/><U2/><E2/><V115/><F115/><W9/><G111/><T79/><D124/><U75/><E33/><V92/><F126/><W24/><G9/><T121/><D12/><U99/><E99/><N who="2" m="59495" /><F65/><W25/><G118/><N who="2" m="45673" /><F6/><W29/><G66/><T59/><D59/><U102/><E102/><V50/><F50/><W15/><G29/><T22/><D22/><U3/><E3/><V20/><F39/><W61/><G15/><T10/><D10/><U67/><E67/><V134/><F134/><W129/><G68/><T13/><D13/><U52/><REACH who="1" step="1"/><E112/><REACH who="1" ten="250,240,250,250" step="2"/><V45/><F17/><W38/><G24/><AGARI ba="0,1" hai="16,20,24,42,43,45,48,53" m="45673,59495" machi="24" ten="30,2000,0" yaku="12,1,54,1" doraHai="132" who="2" fromWho="3" sc="250,0,240,0,250,30,250,-20" /><INIT seed="1,0,0,5,2,75" ten="250,240,280,230" oya="1" hai0="76,18,103,92,133,58,110,69,100,34,12,64,113" hai1="101,32,112,11,114,43,51,23,111,61,125,117,95" hai2="77,19,88,24,109,28,104,40,89,132,22,82,116" hai3="62,25,81,131,44,127,128,9,121,123,35,126,2"/><U54/><E32/><V37/><F116/><W87/><G62/><N who="0" m="37975" /><D34/><U48/><E117/><V27/><F104/><W52/><G35/><T16/><D113/><U86/><E114/><V59/><F132/><W134/><G25/><T72/><D72/><U14/><E112/><V5/><F5/><W33/><G33/><T115/><D115/><U105/><E125/><N who="3" m="47626" /><G2/><T80/><D69/><U91/><E111/><V21/><F109/><W60/><G9/><N who="0" m="6159" /><D110/><U4/><E61/><V49/><F37/><W73/><G73/><T53/><D133/><U0/><E105/><V1/><F1/><W96/><G134/><T8/><D92/><U74/><E74/><V120/><F120/><W13/><G121/><T57/><D8/><U47/><E101/><V78/><F40/><W29/><G123/><T17/><D103/><U15/><E23/><V124/><F124/><W55/><G29/><T63/><D100/><U83/><E95/><V10/><F10/><W94/><G13/><T102/><D80/><U118/><E118/><V6/><F6/><W56/><G44/><AGARI ba="0,0" hai="0,4,11,14,15,43,44,47,48,51,54,83,86,91" machi="44" ten="30,1500,0" yaku="7,1" doraHai="75" who="1" fromWho="3" sc="250,0,240,15,280,0,230,-15" /><INIT seed="1,1,0,3,1,12" ten="250,255,280,215" oya="1" hai0="25,130,14,52,111,72,70,110,51,46,85,15,83" hai1="101,88,65,103,73,107,3,47,1,124,30,54,129" hai2="17,59,49,60,114,120,5,123,108,126,19,40,33" hai3="56,117,71,55,9,29,97,41,23,0,80,7,122"/><U27/><E73/><V76/><F33/><W63/><G122/><T18/><D70/><U94/><E65/><V133/><F123/><W64/><G117/><T132/><D72/><U22/><E124/><V115/><F120/><W31/><G41/><T128/><D132/><U10/><E129/><N who="0" m="49769" /><D25/><U93/><E107/><V77/><F133/><W62/><G23/><N who="0" m="11735" /><D15/><U131/><E131/><V92/><F5/><W53/><G55/><T11/><D11/><U6/><E93/><V69/><F108/><W28/><G80/><T57/><D46/><U84/><E3/><V48/><F126/><W66/><G64/><T67/><D67/><U125/><E125/><V89/><F69/><W74/><G74/><T20/><D20/><U79/><E79/><AGARI ba="1,0" hai="51,52,57,79,83,85,110,111" m="11735,49769" machi="79" ten="30,3900,0" yaku="19,1,52,1,54,1" doraHai="12" who="0" fromWho="1" sc="250,42,255,-42,280,0,215,0" /><INIT seed="2,0,0,0,3,12" ten="292,213,280,215" oya="2" hai0="62,135,41,68,78,2,67,125,122,24,44,70,104" hai1="76,64,0,60,89,90,102,38,134,74,98,71,120" hai2="96,25,13,119,40,23,86,91,126,48,82,54,127" hai3="123,35,69,57,75,26,100,84,113,4,43,22,79"/><V83/><F119/><W55/><G123/><T77/><D122/><U106/><E120/><V42/><F126/><W49/><G69/><T130/><D125/><U6/><E90/><V88/><F127/><W15/><G75/><T66/><D2/><U56/><E89/><V11/><F96/><W108/><G35/><T73/><D104/><U28/><E56/><V132/><F132/><W17/><G108/><T133/><D130/><U101/><E101/><V1/><F1/><W114/><G100/><T117/><D117/><U111/><E111/><V27/><F27/><W118/><G118/><T61/><D24/><U128/><E128/><V10/><F10/><W87/><G43/><T33/><D33/><U95/><E95/><V85/><F23/><W5/><G79/><T37/><D78/><U14/><E14/><V45/><F25/><W65/><G114/><T50/><D77/><U124/><E124/><V34/><F34/><W107/><G107/><T7/><D7/><AGARI ba="0,0" hai="7,11,13,40,42,45,48,54,82,83,85,86,88,91" machi="7" ten="30,11600,0" yaku="7,1,9,1,8,1,54,1" doraHai="12" who="2" fromWho="0" sc="292,-116,213,0,280,116,215,0" /><INIT seed="2,1,0,1,0,107" ten="176,213,396,215" oya="2" hai0="80,63,14,84,95,114,69,47,92,58,100,122,24" hai1="115,26,99,76,82,60,75,112,19,13,70,103,127" hai2="129,64,25,0,5,4,1,78,27,51,61,56,23" hai3="37,97,126,79,124,38,113,55,34,50,105,33,3"/><V15/><F129/><W42/><G3/><T41/><D122/><U46/><E127/><N who="3" m="48682" /><G105/><T90/><D69/><U89/><E89/><V36/><F36/><N who="3" m="13931" /><G42/><T32/><D114/><U39/><E26/><V48/><F78/><W132/><G113/><T93/><D14/><U10/><E60/><V7/><F1/><W29/><G97/><T110/><D110/><U54/><E70/><V123/><F0/><W81/><G132/><T45/><D100/><U131/><E131/><V43/><F123/><W28/><G33/><T102/><D102/><U71/><E71/><V117/><F117/><W120/><G120/><T133/><D133/><U119/><E119/><V85/><F85/><W67/><G67/><T57/><D58/><U104/><REACH who="1" step="1"/><E54/><REACH who="1" ten="176,203,396,215" step="2"/><V6/><F43/><AGARI ba="1,1" hai="10,13,19,39,43,46,75,76,82,99,103,104,112,115" machi="43" ten="40,5200,0" yaku="1,1,2,1,52,1,53,0" doraHai="107" doraHaiUra="49" who="1" fromWho="2" sc="176,0,203,65,396,-55,215,0" /><INIT seed="3,0,0,0,0,77" ten="176,268,341,215" oya="3" hai0="103,66,91,29,0,109,85,104,105,32,67,3,121" hai1="134,81,97,116,62,108,44,38,16,86,54,56,34" hai2="24,75,106,42,73,11,43,123,78,70,10,6,124" hai3="28,79,107,12,60,47,71,2,82,36,9,39,118"/><W122/><G122/><T132/><D121/><U90/><E34/><V13/><F123/><W45/><G118/><T8/><D32/><U59/><E134/><V99/><F70/><W27/><G107/><T4/><D29/><U128/><E128/><V101/><F124/><W127/><G127/><T102/><D132/><U87/><E108/><V93/><F24/><W1/><G45/><T22/><D22/><U21/><E116/><V96/><F11/><W112/><G112/><T53/><D109/><U83/><E97/><V31/><F31/><W133/><G133/><T65/><D0/><U52/><E38/><V119/><F119/><W33/><G71/><T40/><D40/><U25/><E44/><V5/><F5/><W89/><G89/><T41/><D41/><U26/><E26/><V125/><F125/><W135/><G135/><T18/><D18/><U68/><E68/><V114/><F114/><W19/><G60/><T88/><D91/><U126/><E126/><V48/><F78/><W98/><G1/><T117/><D117/><U110/><E110/><V80/><F75/><W131/><G131/><T15/><D3/><U111/><E111/><V72/><F72/><N who="3" m="43367" /><G98/><T51/><D104/><U115/><E115/><V113/><F106/><W100/><G100/><T50/><D105/><U37/><E37/><N who="3" m="14410" /><G47/><N who="0" m="27871" /><D51/><U46/><E46/><V64/><F48/><W30/><G2/><T17/><D4/><U55/><E59/><V23/><F6/><W14/><G30/><T130/><D130/><U120/><E120/><V61/><F113/><W49/><G49/><T35/><D35/><RYUUKYOKU ba="0,0" sc="176,10,268,10,341,-30,215,10" hai0="8,15,17,65,66,67,85,88,102,103" hai1="16,21,25,52,54,55,56,62,81,83,86,87,90" hai3="9,12,14,19,27,28,33" /><INIT seed="3,1,0,5,5,131" ten="186,278,311,225" oya="3" hai0="50,126,112,7,5,25,127,99,47,9,117,113,88" hai1="28,116,13,37,85,53,97,29,83,121,81,78,12" hai2="30,120,119,18,111,15,68,59,63,86,65,114,35" hai3="6,91,75,61,130,22,19,16,2,62,71,79,90"/><W133/><G130/><T95/><D117/><U38/><E97/><V54/><F119/><W87/><G75/><T70/><D70/><U128/><E128/><V8/><F114/><N who="0" m="44138" /><D25/><U98/><E98/><V58/><F111/><W129/><G129/><T107/><D107/><U27/><E116/><V115/><F115/><W108/><G108/><T4/><D9/><U10/><E121/><V73/><F73/><W14/><G2/><T110/><D110/><U31/><E27/><V11/><F120/><W33/><G33/><T122/><D122/><U102/><E102/><V45/><F35/><W44/><G6/><N who="0" m="1539" /><T82/><DORA hai="39" /><D82/><U76/><E53/><AGARI ba="1,0" hai="47,50,53,88,95,99,126,127" m="1539,44138" machi="53" ten="40,2600,0" yaku="11,1,54,1" doraHai="131,39" who="0" fromWho="1" sc="186,29,278,-29,311,0,225,0" /><INIT seed="4,0,0,5,5,86" ten="215,249,311,225" oya="0" hai0="65,63,133,9,15,26,135,31,58,27,92,100,93" hai1="114,70,66,12,64,101,80,30,46,5,127,3,130" hai2="106,17,47,102,48,103,14,74,120,126,83,13,134" hai3="33,112,62,55,50,22,57,82,45,7,125,52,40"/><T28/><D27/><U124/><E3/><V119/><F120/><W85/><G33/><T115/><D115/><U41/><E114/><V84/><F134/><N who="0" m="51210" /><D100/><U122/><E122/><V107/><F74/><W81/><G112/><T44/><D44/><U99/><E30/><N who="0" m="11305" /><D26/><U96/><E96/><V131/><F131/><W128/><G128/><T1/><D1/><U19/><E130/><V35/><F35/><W59/><G125/><T109/><D109/><U37/><E5/><AGARI ba="0,0" hai="5,9,15,58,63,65,92,93" m="11305,51210" machi="5" ten="30,1500,0" yaku="20,1" doraHai="86" who="0" fromWho="1" sc="215,15,249,-15,311,0,225,0" /><INIT seed="4,1,0,1,1,19" ten="230,234,311,225" oya="0" hai0="97,128,107,35,30,54,24,27,58,56,14,61,111" hai1="13,126,66,133,90,1,84,15,49,112,74,34,25" hai2="92,7,53,52,44,4,125,64,62,73,18,115,123" hai3="45,26,22,28,108,0,76,77,99,100,37,5,120"/><T80/><D128/><U103/><E74/><V50/><F123/><W57/><G120/><T87/><D111/><U16/><E1/><V116/><F115/><W83/><G108/><T3/><D3/><U2/><E2/><V51/><F73/><W67/><G5/><T60/><D14/><U134/><E103/><V130/><F130/><W95/><G0/><T94/><D107/><U127/><E66/><V105/><F105/><W36/><G76/><T113/><D113/><U104/><E104/><V82/><F82/><W91/><G45/><T109/><D109/><U11/><E49/><V119/><F125/><N who="1" m="47625" /><E112/><V135/><F135/><N who="1" m="51721" /><E84/><V106/><F106/><W85/><REACH who="3" step="1"/><G77/><REACH who="3" ten="230,234,311,215" step="2"/><N who="0" m="46479" /><D35/><U31/><E90/><V102/><F7/><W21/><G21/><T81/><D81/><U117/><E117/><V88/><F4/><W72/><G72/><T89/><D30/><U122/><E122/><V6/><F6/><W29/><G29/><T40/><D40/><U69/><E69/><V79/><F119/><W59/><G59/><T65/><AGARI ba="1,1" hai="24,27,54,56,58,60,61,65,89,94,97" m="46479" machi="65" ten="30,1500,0" yaku="8,1" doraHai="19" who="0" fromWho="0" sc="230,28,234,-6,311,-6,215,-6" /><INIT seed="4,2,0,0,2,62" ten="258,228,305,209" oya="0" hai0="34,131,71,126,97,75,4,93,114,96,106,102,73" hai1="33,107,54,5,30,11,32,57,51,69,16,115,129" hai2="85,61,37,21,77,90,23,117,20,122,108,113,86" hai3="134,65,120,8,78,44,68,14,63,59,50,41,35"/><T52/><D114/><U111/><E111/><V64/><F113/><W95/><G35/><T79/><D71/><U87/><E115/><V49/><F108/><W40/><G120/><T121/><D121/><U10/><E107/><V128/><F37/><W119/><G119/><T13/><D34/><U22/><E129/><V100/><F122/><W135/><G78/><T29/><D131/><U56/><E69/><V98/><F128/><W45/><G95/><T0/><D0/><U109/><E109/><V66/><F117/><W48/><REACH who="3" step="1"/><G68/><REACH who="3" ten="258,228,305,199" step="2"/><T112/><D112/><U130/><E130/><V2/><F77/><W101/><G101/><T36/><D79/><U15/><E33/><V7/><F100/><W92/><G92/><T74/><D36/><U39/><E32/><V67/><F2/><W42/><G42/><T70/><D70/><U72/><E39/><V123/><F123/><W47/><G47/><T125/><D106/><U91/><E72/><V38/><F38/><W6/><AGARI ba="2,1" hai="6,8,14,40,41,44,45,48,50,59,63,65,134,135" machi="6" ten="30,7900,0" yaku="1,1,0,1,9,1,52,1,53,0" doraHai="62" doraHaiUra="127" who="3" fromWho="3" sc="258,-41,228,-22,305,-22,199,95" /><INIT seed="5,0,0,3,4,102" ten="217,206,283,294" oya="1" hai0="79,86,51,7,55,15,98,126,58,69,2,26,117" hai1="64,87,1,103,90,104,6,61,77,71,72,96,112" hai2="97,65,41,92,35,23,10,20,11,38,29,47,128" hai3="131,19,13,118,22,93,133,70,27,83,75,99,3"/><U25/><E112/><V81/><F128/><W73/><G70/><T74/><D74/><U54/><E6/><V121/><F121/><W125/><G3/><T124/><D117/><U59/><E1/><V89/><F65/><W37/><G118/><T111/><D111/><U115/><E115/><V42/><F42/><W122/><G122/><T68/><D2/><U5/><E5/><V134/><F134/><W0/><G133/><T66/><D26/><U16/><E77/><V67/><F67/><W78/><G131/><T120/><D120/><U113/><E72/><V62/><F62/><W45/><G0/><T12/><D98/><U95/><E113/><V129/><F129/><W110/><G110/><T127/><D66/><U43/><E43/><V80/><F35/><W107/><G125/><T14/><D7/><U85/><E85/><V84/><F80/><AGARI ba="0,0" hai="12,14,15,51,55,58,68,69,79,80,86,124,126,127" machi="80" ten="50,1600,0" yaku="18,1" doraHai="102" who="0" fromWho="2" sc="217,16,206,0,283,-16,294,0" /><INIT seed="6,0,0,1,1,32" ten="233,206,267,294" oya="2" hai0="106,37,47,132,125,123,98,84,115,101,7,31,27" hai1="59,124,74,5,21,88,43,83,65,55,78,24,16" hai2="36,58,9,44,3,111,13,41,131,64,100,114,95" hai3="67,127,28,76,80,14,73,110,128,6,68,22,102"/><V50/><F131/><W66/><G128/><T11/><D123/><U48/><E124/><V118/><F118/><W93/><G127/><T26/><D125/><U34/><E34/><V85/><F114/><W46/><G110/><T53/><D132/><U86/><E65/><V39/><F111/><W10/><G68/><T105/><D105/><U103/><E103/><V15/><F15/><W126/><G126/><T108/><D108/><U57/><E43/><V99/><F85/><W117/><G117/><T0/><D115/><U19/><E5/><V2/><F39/><W89/><G102/><T70/><D70/><U72/><E78/><V90/><F100/><W49/><G22/><T45/><D27/><U40/><E40/><V119/><F119/><W18/><G28/><T61/><D37/><U130/><E130/><V112/><F112/><W54/><G6/><T60/><D84/><AGARI ba="0,0" hai="10,14,18,46,49,54,66,67,73,76,80,84,89,93" machi="84" ten="30,1000,0" yaku="7,1" doraHai="32" who="3" fromWho="0" sc="233,-10,206,0,267,0,294,10" /><INIT seed="7,0,0,2,3,101" ten="223,206,267,304" oya="3" hai0="96,51,38,121,35,108,88,77,55,60,67,78,126" hai1="75,31,1,109,70,69,134,81,93,22,16,9,61" hai2="64,41,89,120,125,57,117,53,127,52,59,47,42" hai3="102,12,116,110,72,87,128,112,58,84,46,100,82"/><W97/><G116/><T49/><D35/><U63/><E109/><V5/><F5/><W14/><G110/><T0/><D0/><U129/><E31/><V43/><F89/><W34/><G34/><T11/><D121/><U6/><E129/><V133/><F133/><W119/><G119/><T28/><D38/><U92/><E134/><V7/><F7/><W130/><G112/><T39/><D39/><U33/><E33/><V123/><F117/><W4/><G100/><T44/><D108/><U73/><E69/><V32/><F32/><W106/><G46/><T105/><D126/><N who="2" m="48138" /><F64/><W115/><G115/><T68/><D28/><U20/><E20/><V135/><F47/><W17/><G4/><T85/><D11/><U66/><E63/><N who="2" m="36263" /><F135/><W90/><G130/><T3/><D3/><U36/><E36/><V40/><F40/><W95/><G128/><T62/><D62/><AGARI ba="0,0" hai="41,42,43,53,59,62,120,123" m="36263,48138" machi="62" ten="30,7700,0" yaku="18,1,34,2,54,1" doraHai="101" who="2" fromWho="0" sc="223,-77,206,0,267,77,304,0" owari="146,-35.0,206,-19.0,344,44.0,304,10.0" /></mjloggm>