<mjloggm ver="2.3"><GO type="41"/><UN n0="%53%61%77%61%6E%6F%76%61" n1="%6B%75%2D%6E%69" n2="%6E%69%6B%71%75%65" n3="%EF%BC%88%E2%89%A7%E2%96%BD%E2%89%A6%EF%BC%89" dan="14,14,15,15" rate="1935,1883,2021,2005" sx="M,M,M,F"/><TAIKYOKU oya="0"/><INIT seed="0,0,0,1,5,10" ten="250,250,250,250" oya="0" hai0="117,82,12,41,74,114,127,7,46,104,94,26,66" hai1="78,125,108,16,39,70,34,129,89,116,35,14,101" hai2="73,99,2,53,124,81,85,134,111,115,100,97,84" hai3="28,122,87,20,120,37,24,54,19,45,83,72,118"/><T102/><D117/><U30/><E116/><V6/><F2/><W27/><G72/><T60/><D114/><U110/><E39/><V69/><F6/><W23/><G118/><T55/><D127/><U22/><E125/><V18/><F124/><W17/><G28/><T123/><D123/><U49/><E70/><V67/><F115/><W91/><REACH who="3" step="1"/><G54/><REACH who="3" ten="250,250,250,240" step="2"/><T113/><D113/><U98/><E30/><V61/><F53/><W130/><G130/><T86/><D55/><U128/><E129/><V1/><F73/><W121/><G121/><T29/><D74/><U40/><E128/><V106/><F134/><W47/><G47/><T92/><D104/><U76/><E110/><V107/><F111/><W51/><G51/><N who="0" m="27087" /><D102/><U38/><E101/><V135/><F135/><W103/><G103/><T63/><D29/><U119/><E49/><V36/><F107/><W31/><G31/><T64/><D26/><U109/><E119/><V33/><F106/><W5/><G5/><T56/><D66/><U77/><E109/><V105/><F100/><W48/><G48/><T52/><D64/><U80/><E108/><V42/><F105/><W65/><G65/><T44/><D44/><U15/><E38/><V93/><F36/><W68/><G68/><T32/><D32/><U96/><E35/><V0/><F69/><W11/><G11/><N who="0" m="4223" /><D63/><U8/><E34/><V71/><F71/><W59/><G59/><T25/><D25/><U132/><E132/><V95/><F67/><W3/><G3/><T133/><D133/><U21/><E40/><AGARI ba="0,1" hai="17,19,20,23,24,27,37,40,45,83,87,91,120,122" machi="40" ten="40,2600,0" yaku="1,1,9,1,53,0" doraHai="10" doraHaiUra="75" who="3" fromWho="1" sc="250,0,250,-26,250,0,240,36" /><INIT seed="1,0,0,1,5,123" ten="250,224,250,276" oya="1" hai0="94,128,6,108,2,52,121,91,77,83,82,90,13" hai1="44,12,43,51,86,3,81,118,48,8,113,59,40" hai2="23,62,88,78,96,73,46,114,85,130,120,117,9" hai3="41,67,14,80,119,66,126,4,106,125,104,10,5"/><U38/><E113/><V105/><F120/><W21/><G119/><T54/><D121/><U132/><E118/><V95/><F117/><W97/><G41/><T15/><D128/><U22/><E3/><V93/><F130/><W35/><G35/><T36/><D36/><U47/><E132/><V110/><F114/><W25/><G80/><T116/><D116/><U37/><E59/><V57/><F46/><W49/><G49/><T74/><D108/><U79/><REACH who="1" step="1"/><E22/><REACH who="1" ten="250,214,250,276" step="2"/><V70/><F23/><W42/><G21/><T71/><D2/><U28/><E28/><V56/><F56/><W58/><G58/><T133/><D133/><U18/><AGARI ba="0,1" hai="8,12,18,37,38,40,43,44,47,48,51,79,81,86" machi="18" ten="20,7800,0" yaku="1,1,0,1,7,1,9,1,53,0" doraHai="123" doraHaiUra="34" who="1" fromWho="1" sc="250,-26,214,88,250,-26,276,-26" /><INIT seed="1,1,0,2,2,131" ten="224,302,224,250" oya="1" hai0="132,87,34,118,122,16,3,56,84,8,39,52,53" hai1="58,19,30,129,99,78,23,123,133,68,96,105,1" hai2="124,72,64,50,38,101,128,98,82,104,69,61,22" hai3="94,35,2,37,116,14,70,85,24,108,135,40,48"/><U73/><E123/><V59/><F38/><W86/><G2/><T4/><D118/><U93/><E68/><V60/><F128/><W9/><G37/><T113/><D113/><U125/><E129/><V83/><F124/><W6/><G70/><T13/><D122/><U27/><E1/><V31/><F72/><W76/><G116/><T103/><D39/><U62/><E125/><V134/><F50/><W15/><G108/><T112/><D112/><U127/><E127/><V18/><F31/><W97/><G35/><T107/><D34/><U89/><E78/><V119/><F119/><W81/><G24/><T90/><D132/><U36/><E36/><V106/><F106/><W77/><G15/><T74/><D74/><U7/><E7/><V55/><REACH who="2" step="1"/><F134/><REACH who="2" ten="224,302,214,250" step="2"/><W117/><G135/><T75/><D75/><U32/><E133/><V54/><F54/><W88/><G117/><T67/><D53/><U20/><E73/><V25/><AGARI ba="1,1" hai="18,22,25,55,59,60,61,64,69,82,83,98,101,104" machi="25" ten="20,2700,0" yaku="1,1,0,1,7,1,53,0" doraHai="131" doraHaiUra="28" who="2" fromWho="2" sc="224,-8,302,-14,214,40,250,-8" /><INIT seed="2,0,0,4,2,59" ten="216,288,254,242" oya="2" hai0="118,21,109,91,20,79,78,70,72,19,110,94,98" hai1="127,32,16,117,47,82,41,71,107,100,126,18,88" hai2="17,132,102,134,0,111,3,67,77,81,43,13,122" hai3="116,99,95,7,87,124,46,73,90,37,135,112,65"/><V101/><F122/><W103/><G116/><T39/><D39/><U36/><E117/><V89/><F67/><W2/><G124/><N who="1" m="47658" /><E32/><V131/><F43/><W9/><G135/><N who="2" m="51753" /><F131/><W52/><G112/><T24/><D118/><U62/><E100/><N who="2" m="38507" /><F89/><W23/><G73/><T75/><D70/><U55/><E107/><V12/><F111/><N who="0" m="42506" /><D21/><U66/><E55/><V60/><F60/><W57/><G65/><T26/><D26/><U29/><E29/><V68/><F68/><W74/><G74/><AGARI ba="0,0" hai="19,20,24,72,74,75,78,79,91,94,98" m="42506" machi="74" ten="30,1000,0" yaku="14,1" doraHai="59" who="0" fromWho="3" sc="216,10,288,0,254,0,242,-10" /><INIT seed="3,0,0,4,0,99" ten="226,288,254,232" oya="3" hai0="42,74,62,40,54,128,32,48,16,125,75,18,53" hai1="118,105,25,88,37,107,98,13,21,45,29,97,76" hai2="95,2,127,69,51,56,135,120,119,0,7,33,90" hai3="4,58,85,89,91,67,23,93,59,126,116,81,50"/><W8/><G116/><T65/><D32/><U26/><E118/><V43/><F69/><W94/><G126/><T104/><D104/><U9/><E76/><V70/><F70/><W46/><G23/><T66/><D125/><U24/><E107/><V14/><F127/><W34/><G34/><T6/><D6/><U72/><E72/><V31/><F119/><W131/><G131/><T77/><D128/><U106/><E105/><V110/><F135/><W11/><G81/><T22/><D77/><U55/><E106/><V35/><F110/><W20/><G20/><T49/><D22/><U134/><E134/><V30/><F120/><W86/><G67/><T113/><REACH who="0" step="1"/><D62/><REACH who="0" ten="216,288,254,232" step="2"/><U102/><E21/><V122/><F35/><W60/><G60/><T5/><D5/><U38/><E29/><V96/><F31/><W64/><G64/><T133/><D133/><U130/><E130/><V101/><F30/><W61/><G61/><T36/><D36/><U68/><E37/><V78/><F33/><W82/><G4/><T129/><D129/><U47/><E38/><V63/><F78/><N who="3" m="46295" /><G11/><T117/><D117/><U112/><E9/><V100/><F7/><W73/><G8/><T39/><D39/><U92/><E112/><AGARI ba="0,1" hai="16,18,40,42,48,49,53,54,65,66,74,75,112,113" machi="112" ten="25,6400,0" yaku="1,1,22,2,54,1,53,0" doraHai="99" doraHaiUra="41" who="0" fromWho="1" sc="216,74,288,-64,254,0,232,0" /><INIT seed="4,0,0,4,1,31" ten="290,224,254,232" oya="0" hai0="93,27,73,62,116,41,87,6,119,59,91,0,85" hai1="39,57,53,45,134,69,86,130,98,88,77,135,95" hai2="68,121,129,44,25,106,54,66,79,24,34,74,43" hai3="56,60,113,83,111,67,76,82,20,37,55,40,10"/><T122/><D122/><U28/><E69/><V26/><F106/><W114/><G111/><T8/><D73/><U92/><E130/><V65/><F121/><W46/><G20/><T50/><D27/><U38/><E28/><V3/><F3/><W100/><G100/><T115/><D115/><N who="3" m="44041" /><G10/><T94/><D41/><U42/><E38/><V16/><F129/><W12/><G12/><T97/><D50/><U17/><E17/><V11/><F54/><W124/><G124/><T58/><D58/><U120/><E120/><V64/><F68/><N who="3" m="42087" /><G76/><T125/><D125/><U36/><E36/><V9/><F79/><W133/><G133/><T70/><D70/><U18/><E18/><V96/><F74/><W29/><G29/><T78/><D78/><U52/><E57/><V7/><F96/><W104/><G104/><T71/><D71/><U5/><E5/><V103/><F103/><W33/><G33/><T2/><D2/><U75/><E75/><V72/><F72/><W63/><AGARI ba="0,0" hai="37,40,46,55,56,63,82,83" m="42087,44041" machi="63" ten="30,1100,0" yaku="15,1" doraHai="31" who="3" fromWho="3" sc="290,-5,224,-3,254,-3,232,11" /><INIT seed="5,0,0,4,2,96" ten="285,221,251,243" oya="1" hai0="112,116,82,92,122,64,120,62,128,21,38,37,10" hai1="87,56,11,131,77,121,72,119,74,125,47,114,36" hai2="63,126,2,75,133,18,109,51,69,15,89,106,117" hai3="108,107,110,59,13,81,90,34,20,83,54,44,22"/><U93/><E121/><V123/><RYUUKYOKU type="yao9" ba="0,0" sc="285,0,221,0,251,0,243,0" hai2="2,15,18,51,63,69,75,89,106,109,117,123,126,133" /><INIT seed="5,1,0,1,2,33" ten="285,221,251,243" oya="1" hai0="73,6,72,85,19,46,108,14,55,16,9,103,2" hai1="57,100,40,38,123,45,95,106,102,117,42,41,79" hai2="56,135,61,71,90,12,44,87,47,93,125,5,82" hai3="7,21,13,64,98,63,48,23,34,76,50,88,8"/><U132/><E123/><V66/><F135/><W26/><G76/><T36/><D108/><U112/><E117/><V131/><F125/><W20/><G34/><T17/><D103/><U11/><E106/><V122/><F122/><W70/><REACH who="3" step="1"/><G26/><REACH who="3" ten="285,221,251,233" step="2"/><T109/><D109/><U134/><E79/><V69/><F131/><W96/><G96/><T35/><D35/><U113/><E132/><V105/><F105/><W78/><G78/><T52/><D2/><U54/><E134/><V53/><F71/><W126/><G126/><T120/><D120/><U37/><E113/><V3/><F3/><W84/><G84/><T97/><D97/><U92/><E112/><V0/><F0/><W128/><G128/><T130/><D130/><U118/><E118/><V119/><F119/><W68/><G68/><T60/><D85/><U39/><E37/><V49/><F69/><W83/><G83/><T27/><D27/><U99/><E38/><V58/><F82/><W1/><G1/><T77/><D77/><U32/><E32/><V29/><F29/><W127/><G127/><T67/><D67/><U133/><E133/><V116/><F116/><W30/><G30/><T24/><D24/><U4/><E39/><V28/><F28/><W43/><G43/><T74/><REACH who="0" step="1"/><D60/><REACH who="0" ten="275,221,251,233" step="2"/><U22/><E102/><V75/><F75/><W111/><G111/><T115/><D115/><U107/><E100/><V18/><F61/><W129/><G129/><T91/><D91/><U10/><E107/><V89/><F66/><W81/><G81/><T104/><D104/><U31/><E95/><AGARI ba="1,2" hai="7,8,13,20,21,23,48,50,63,64,70,88,95,98" machi="95" ten="40,2600,0" yaku="1,1,54,1,53,0" doraHai="33" doraHaiUra="121" who="3" fromWho="1" sc="275,0,221,-29,251,0,233,49" /><INIT seed="6,0,0,0,5,39" ten="275,192,251,282" oya="2" hai0="48,125,18,42,94,131,67,9,11,21,99,74,54" hai1="55,84,126,0,49,133,1,28,5,60,13,96,69" hai2="93,121,72,124,80,108,107,37,135,128,104,85,20" hai3="30,113,50,100,73,35,115,130,29,105,114,134,14"/><V66/><F37/><W27/><G134/><T65/><D74/><U118/><E118/><V64/><F121/><W24/><G130/><T33/><D33/><U129/><E129/><V89/><F128/><W15/><G73/><T79/><D79/><U81/><E133/><V71/><F135/><W59/><G105/><T101/><D131/><U53/><E28/><V10/><F124/><W32/><G100/><T111/><D111/><U22/><E126/><V38/><F38/><W102/><G102/><T123/><D123/><U120/><E120/><V90/><F108/><W116/><G116/><T26/><D125/><U12/><E96/><V92/><F10/><N who="0" m="3594" /><D54/><AGARI ba="0,0" hai="14,15,24,27,29,30,32,35,50,54,59,113,114,115" machi="54" ten="40,5200,0" yaku="9,1,15,1,11,1" doraHai="39" who="3" fromWho="0" sc="275,-52,192,0,251,0,282,52" /><INIT seed="7,0,0,0,1,99" ten="223,192,251,334" oya="3" hai0="71,57,98,1,117,134,27,24,120,123,3,4,114" hai1="83,32,101,45,118,7,68,31,61,92,97,30,53" hai2="40,58,94,65,107,112,5,104,19,66,100,33,0" hai3="17,9,72,91,111,135,109,125,70,29,96,67,35"/><W116/><G72/><T18/><D71/><U52/><E7/><V26/><F112/><W11/><G116/><T108/><D57/><N who="1" m="34983" /><E68/><V59/><F40/><W2/><G2/><T90/><D117/><U22/><E118/><V79/><F79/><W106/><G106/><T64/><D64/><N who="2" m="24682" /><F0/><W113/><G67/><T102/><D108/><U43/><E32/><V103/><F5/><W39/><G70/><T130/><D3/><U10/><E43/><V6/><F6/><W121/><G111/><T82/><D134/><U76/><E10/><V48/><F33/><W37/><G9/><T44/><D130/><U119/><E119/><V63/><F107/><W28/><G35/><T77/><D90/><U126/><E126/><V36/><F36/><W85/><G39/><T62/><D62/><U54/><E83/><V21/><F104/><W47/><G109/><T122/><D44/><U23/><E76/><V69/><F69/><W16/><G47/><T105/><D114/><U75/><E75/><V73/><F73/><W110/><G113/><T95/><D18/><U89/><E89/><V133/><F133/><W74/><G17/><T93/><D4/><U129/><E129/><V87/><F48/><W51/><G51/><T20/><D1/><U14/><E14/><V78/><F63/><W55/><G37/><T88/><D20/><N who="1" m="7723" /><E45/><V127/><F127/><W13/><G125/><T15/><D15/><U84/><E84/><V80/><F94/><N who="0" m="35850" /><D88/><U131/><E131/><V115/><F115/><W34/><G91/><T124/><D124/><U50/><E50/><V60/><F60/><RYUUKYOKU ba="0,0" sc="223,10,192,10,251,10,334,-30" hai0="24,27,77,82,98,102,105,120,122,123" hai1="30,31,53,54,92,97,101" hai2="19,21,26,58,59,78,80,87,100,103" owari="233,-17.0,202,-30.0,261,6.0,304,41.0" /></mjloggm>