<mjloggm ver="2.3"><GO type="97"/><UN n0="%73%61%6B%75%72%65%74%73" n1="%EF%BC%88%E2%89%A7%E2%96%BD%E2%89%A6%EF%BC%89" n2="%E3%83%AA%E3%83%A7%E3%82%A6%E3%82%B9%E3%82%B1%E2%99%AA" n3="%EF%BC%A0%E5%A4%95%E5%8F%A2%E9%9C%A7%E9%A6%99" dan="14,17,15,15" rate="1919,2103,2038,2011" sx="M,M,M,F"/><TAIKYOKU oya="0"/><INIT seed="0,0,0,0,3,112" ten="250,250,250,250" oya="0" hai0="107,52,51,48,132,92,5,3,62,46,134,38,31" hai1="59,133,60,30,44,71,67,129,135,124,26,84,113" hai2="8,98,91,53,104,49,2,111,120,128,102,9,19" hai3="17,0,80,39,95,86,13,22,90,65,34,130,29"/><T58/><D107/><U125/><E113/><V36/><F120/><W66/><G39/><T81/><D31/><U115/><E115/><V105/><F36/><W89/><G0/><T122/><D122/><U11/><E11/><V72/><F72/><W27/><REACH who="3" step="1"/><G130/><REACH who="3" ten="250,250,250,240" step="2"/><T40/><D3/><U1/><E1/><V70/><F2/><W32/><G32/><T14/><D81/><U25/><E129/><V114/><F128/><W20/><G20/><T118/><D118/><U63/><E135/><N who="0" m="51753" /><D92/><U82/><E133/><V54/><F105/><W99/><AGARI ba="0,1" hai="13,17,22,27,29,34,65,66,80,86,89,90,95,99" machi="99" ten="20,2700,0" yaku="1,1,0,1,7,1,53,0" doraHai="112" doraHaiUra="103" who="3" fromWho="3" sc="250,-13,250,-7,250,-7,240,37" /><INIT seed="1,0,0,5,4,122" ten="237,243,243,277" oya="1" hai0="72,49,126,84,131,117,21,116,14,27,20,102,112" hai1="105,56,60,32,47,8,64,123,5,40,6,98,35" hai2="120,54,22,124,61,63,66,26,71,18,44,111,10" hai3="70,88,106,80,29,85,115,19,15,36,33,28,93"/><U67/><E123/><V38/><F120/><W76/><G70/><T25/><D72/><U59/><E105/><V17/><F124/><W97/><G36/><T92/><D112/><U51/><E98/><V68/><F38/><W83/><G33/><T34/><D126/><U96/><E96/><V7/><F44/><W48/><G106/><T46/><D34/><U118/><E118/><V9/><F9/><W104/><G104/><T43/><D131/><U1/><REACH who="1" step="1"/><E6/><REACH who="1" ten="237,233,243,277" step="2"/><V134/><F7/><W55/><G115/><T16/><D117/><U114/><E114/><V109/><F134/><W62/><G62/><AGARI ba="0,1" hai="1,5,8,32,35,40,47,51,56,59,60,62,64,67" machi="62" ten="40,7700,0" yaku="1,1,9,1,53,1" doraHai="122" doraHaiUra="42" who="1" fromWho="3" sc="237,0,233,87,243,0,277,-77" /><INIT seed="1,1,0,1,2,67" ten="237,320,243,200" oya="1" hai0="46,29,52,30,8,126,41,64,113,81,134,103,33" hai1="123,102,12,78,26,49,55,132,48,110,65,32,121" hai2="119,43,84,21,14,25,133,88,60,63,17,66,45" hai3="100,54,57,76,68,42,36,7,28,112,58,111,34"/><U19/><E102/><V6/><F119/><W62/><G112/><T3/><D113/><U135/><E78/><V131/><F131/><W40/><G111/><T31/><D33/><U86/><E86/><V2/><F133/><N who="1" m="51273" /><E65/><V37/><F2/><W5/><G76/><T98/><D134/><U95/><E95/><V116/><F116/><W89/><G100/><T129/><D129/><U75/><E75/><V74/><F74/><W117/><G117/><T53/><D64/><U107/><E107/><V35/><F66/><N who="3" m="41047" /><G28/><T83/><D126/><U114/><E49/><V118/><F118/><W50/><G89/><T99/><D99/><U11/><E110/><V96/><F96/><W106/><G5/><T90/><D8/><U128/><E128/><V44/><F44/><N who="3" m="23559" /><G7/><T24/><D24/><U94/><E114/><V105/><F105/><W56/><G34/><T20/><D3/><U80/><E80/><V122/><F35/><W9/><G9/><T15/><D81/><U69/><E94/><V79/><F79/><W61/><G106/><T59/><D98/><U87/><E87/><V108/><F108/><W120/><G120/><T4/><D103/><U51/><E123/><V47/><F122/><W0/><G0/><T93/><D83/><U124/><E121/><V39/><F88/><W16/><G16/><N who="0" m="10271" /><D4/><U38/><E32/><V22/><F84/><W85/><G85/><N who="0" m="52431" /><D59/><N who="1" m="33255" /><E26/><V109/><F109/><W101/><G101/><T130/><D130/><U18/><E19/><N who="2" m="10487" /><F6/><W27/><G27/><T1/><D1/><U73/><E73/><V77/><F77/><W127/><G127/><RYUUKYOKU ba="1,0" sc="237,10,320,-30,243,10,200,10" hai0="29,30,31,41,46,52,53" hai2="17,22,25,37,39,43,45,47,60,63" hai3="42,50,54,56,57,58,61" /><INIT seed="2,2,0,4,3,135" ten="247,290,253,210" oya="2" hai0="70,111,130,53,56,13,72,6,132,121,68,117,94" hai1="59,109,87,99,18,32,101,60,10,74,48,80,45" hai2="11,119,49,33,116,23,93,39,20,104,76,5,110" hai3="84,133,14,82,55,73,95,103,78,12,77,67,57"/><V115/><F104/><W128/><G133/><T64/><D72/><U81/><E32/><V83/><F33/><W24/><G128/><T123/><D117/><U37/><E37/><V40/><F39/><W97/><G67/><T27/><D132/><U9/><E74/><V35/><F35/><W29/><G77/><T36/><D36/><U71/><E71/><V90/><F115/><W98/><G98/><T134/><D134/><U113/><E113/><V122/><F122/><W91/><G24/><T47/><D130/><U31/><E31/><V34/><F34/><W22/><G29/><T2/><D2/><U54/><E109/><V126/><F110/><W105/><REACH who="3" step="1"/><G22/><REACH who="3" ten="247,290,253,200" step="2"/><T112/><D111/><U15/><E9/><V106/><F119/><W118/><G118/><T79/><D123/><U38/><E87/><V3/><F116/><W19/><G19/><T92/><D121/><U85/><E85/><V51/><F23/><W102/><G102/><T1/><D112/><U107/><E38/><V41/><F20/><W21/><G21/><T17/><D17/><U16/><E18/><V63/><F76/><W89/><G89/><T88/><D79/><U42/><AGARI ba="2,1" hai="10,15,16,42,45,48,54,59,60,80,81,99,101,107" machi="42" ten="20,2700,0" yaku="0,1,7,1,54,1" doraHai="135" who="1" fromWho="1" sc="247,-9,290,43,253,-15,200,-9" /><INIT seed="3,0,0,4,0,116" ten="238,333,238,191" oya="3" hai0="63,64,114,31,79,16,41,66,87,123,97,74,52" hai1="98,112,13,113,54,51,18,29,25,26,19,20,100" hai2="36,111,95,23,75,103,131,107,119,42,132,99,47" hai3="30,32,61,104,62,38,135,102,35,45,44,70,91"/><W89/><G135/><T69/><D74/><U53/><E25/><V92/><F119/><W96/><G38/><T109/><D64/><U110/><E110/><V11/><F75/><W80/><G80/><T68/><D68/><U85/><E85/><V28/><F111/><W40/><G40/><T84/><D109/><U27/><E26/><V108/><F108/><W133/><G133/><T0/><D0/><U7/><E7/><V86/><F132/><W48/><G48/><T124/><D31/><U122/><E122/><V17/><F28/><W1/><G1/><T77/><D41/><U15/><E15/><V83/><F11/><W94/><G30/><T105/><D123/><U56/><E53/><V129/><F17/><W59/><G70/><T10/><D114/><U78/><E19/><V121/><F23/><W8/><G8/><T22/><D10/><U130/><E78/><N who="2" m="46455" /><F121/><W76/><G76/><T9/><D9/><U3/><E3/><V5/><F5/><W55/><G62/><T37/><D37/><U106/><E130/><AGARI ba="0,0" hai="36,42,47,92,95,99,103,107,129,130,131" m="46455" machi="130" ten="30,1000,0" yaku="19,1" doraHai="116" who="2" fromWho="1" sc="238,0,333,-10,238,10,191,0" owari="238,-16.0,323,42.0,248,5.0,191,-31.0" /></mjloggm>