<mjloggm ver="2.3"><GO type="169" lobby="0"/><UN n0="%EF%BC%88%E2%89%A7%E2%96%BD%E2%89%A6%EF%BC%89" n1="%E8%B6%85%E3%83%92%E3%83%A2%E3%83%AA%E3%83%AD" n2="%E3%83%99%E3%83%AB%E3%81%A0%E3%81%91%E8%A8%AD%E5%AE%9A%EF%BC%96" n3="%E3%81%94%E3%81%98%E3%82%83%E3%82%8B" dan="17,18,16,19" rate="2153.78,2212.47,2067.58,2244.96" sx="M,F,M,M"/><TAIKYOKU oya="0"/><INIT seed="0,0,0,1,4,103" ten="250,250,250,250" oya="0" hai0="134,101,19,127,80,61,43,106,130,65,26,98,8" hai1="13,62,42,24,113,116,115,104,29,132,46,109,122" hai2="94,64,7,47,51,77,128,22,71,89,117,124,69" hai3="73,21,66,48,58,57,92,45,32,1,110,50,30"/><T126/><D134/><U79/><E116/><V54/><F77/><W35/><G1/><T96/><D130/><U31/><E122/><V81/><F128/><W118/><G73/><T135/><D135/><U41/><E109/><V14/><F81/><W9/><G118/><T68/><D43/><U10/><E132/><V97/><F117/><W5/><G110/><T121/><D121/><U123/><E123/><V108/><F108/><W112/><G112/><T76/><D96/><U111/><E111/><V59/><F124/><W63/><G21/><T20/><REACH who="0" step="1"/><D8/><REACH who="0" ten="240,250,250,250" step="2"/><U84/><E10/><V83/><F97/><W17/><G9/><T34/><D34/><U6/><E42/><V82/><F22/><W100/><G35/><T93/><D93/><U18/><E41/><V25/><F94/><W75/><G92/><T102/><D102/><U44/><E113/><V2/><F82/><W78/><G100/><T16/><D16/><U133/><E18/><V40/><F83/><W12/><G17/><T11/><D11/><U87/><E133/><V85/><F40/><W27/><G32/><T95/><D95/><U38/><E115/><V99/><F99/><W114/><G114/><T52/><D52/><U120/><E120/><V60/><F54/><W88/><G30/><T90/><D90/><U107/><E29/><V91/><F91/><W39/><G88/><T36/><D36/><U0/><E31/><V129/><F89/><W53/><G39/><T56/><D56/><U70/><E38/><V119/><F129/><W33/><G33/><T105/><D105/><U131/><E107/><RYUUKYOKU ba="0,1" sc="240,30,250,-10,250,-10,250,-10" hai0="19,20,26,61,65,68,76,80,98,101,106,126,127" /><INIT seed="0,1,1,3,2,85" ten="270,240,240,240" oya="0" hai0="79,133,41,117,121,39,57,8,75,124,108,12,118" hai1="114,129,69,22,50,72,29,20,104,66,43,54,33" hai2="25,90,31,99,58,112,102,122,0,60,59,47,23" hai3="94,44,14,63,42,82,130,88,28,96,56,45,4"/><T15/><D121/><U27/><E129/><V10/><F112/><W52/><G130/><T32/><D32/><U67/><E72/><V107/><F122/><W131/><G131/><T77/><D133/><U109/><E109/><V5/><F47/><W105/><G105/><T40/><D108/><U21/><E114/><V92/><REACH who="2" step="1"/><F60/><REACH who="2" ten="270,240,230,240" step="2"/><W62/><G62/><T113/><D113/><U36/><E36/><V106/><F106/><W17/><G42/><T26/><D39/><U13/><E43/><V16/><F16/><W89/><G4/><T64/><D41/><U68/><E104/><V93/><F93/><N who="3" m="56359" /><G28/><T46/><D40/><U80/><E29/><V87/><AGARI ba="1,2" hai="0,5,10,23,25,31,58,59,87,90,92,99,102,107" machi="87" ten="20,8000,1" yaku="1,1,0,1,7,1,52,1,53,1" doraHai="85" doraHaiUra="7" who="2" fromWho="2" sc="270,-41,240,-21,230,103,240,-21" /><INIT seed="1,0,0,3,4,55" ten="229,219,333,219" oya="1" hai0="30,29,45,124,17,44,117,28,129,7,109,8,85" hai1="4,113,132,104,27,98,16,75,25,49,128,127,95" hai2="86,43,71,100,32,36,57,89,48,92,26,21,81" hai3="122,107,9,11,106,121,34,2,94,111,51,13,77"/><U40/><E127/><V72/><F71/><W65/><G34/><T39/><D117/><U3/><E128/><V24/><F36/><W96/><G77/><T52/><D129/><U115/><E132/><V23/><F32/><W56/><G2/><T133/><D124/><U64/><E75/><V110/><F110/><W54/><G111/><T120/><D120/><U10/><E104/><V131/><F131/><W119/><G119/><T47/><D109/><U69/><E69/><V130/><F130/><W63/><G106/><T91/><D133/><U19/><E64/><V116/><F116/><W93/><G107/><T79/><D79/><U22/><E40/><V41/><F72/><W105/><G105/><T78/><D78/><U118/><E118/><V1/><F1/><W134/><G134/><T59/><D17/><U20/><REACH who="1" step="1"/><E49/><REACH who="1" ten="229,209,333,219" step="2"/><V99/><F43/><W46/><G122/><T87/><D39/><U53/><E53/><V31/><F41/><W108/><G121/><T68/><D68/><U76/><E76/><V18/><F48/><W126/><G126/><T102/><D102/><AGARI ba="0,1" hai="3,4,10,16,19,20,22,25,27,95,98,102,113,115" machi="102" ten="30,11600,0" yaku="1,1,7,1,9,1,54,1,53,0" doraHai="55" doraHaiUra="80" who="1" fromWho="0" sc="229,-116,209,126,333,0,219,0" /><INIT seed="1,1,0,3,3,71" ten="113,335,333,219" oya="1" hai0="43,15,35,59,102,51,41,14,47,64,77,82,11" hai1="57,62,10,32,134,73,128,60,93,69,120,85,110" hai2="26,75,88,91,80,9,50,40,119,30,48,56,6" hai3="28,106,45,39,54,100,104,24,87,70,13,112,94"/><U55/><E128/><V68/><F68/><W114/><G70/><T18/><D35/><U101/><E134/><V90/><F119/><W17/><G106/><T97/><D41/><U19/><E120/><V44/><F75/><W84/><G104/><T113/><D113/><U96/><E73/><V66/><F80/><W12/><G87/><T115/><D115/><U135/><E32/><V118/><F118/><W21/><G13/><T99/><D15/><U22/><E135/><V130/><F130/><W27/><G27/><T8/><D8/><U29/><E110/><V42/><F66/><W83/><G94/><T111/><D111/><U16/><E10/><V53/><F42/><W20/><G100/><T108/><D102/><U5/><E5/><V37/><F50/><W122/><G122/><T58/><D108/><U4/><E4/><V86/><F86/><W124/><G124/><T127/><D127/><U34/><E34/><V132/><F132/><W3/><G3/><T105/><D105/><U116/><E116/><V46/><F46/><W123/><G123/><T36/><D64/><U98/><E85/><V61/><F61/><W121/><G121/><T79/><D79/><U125/><E125/><V7/><REACH who="2" step="1"/><F9/><REACH who="2" ten="113,335,323,219" step="2"/><W103/><G114/><T23/><D11/><U74/><E74/><V31/><F31/><W109/><G109/><T67/><D67/><N who="1" m="41207" /><E96/><N who="0" m="36937" /><D51/><U38/><E29/><V131/><F131/><W117/><G112/><T133/><D133/><U65/><E65/><V72/><F72/><W0/><G117/><T126/><D126/><U107/><E101/><V1/><F1/><RYUUKYOKU ba="1,1" sc="113,15,335,-15,323,15,219,-15" hai0="14,18,23,36,43,47,58,59,77,82" hai2="6,7,26,30,37,40,44,48,53,56,88,90,91" /><INIT seed="2,2,1,5,1,61" ten="128,320,338,204" oya="2" hai0="131,102,119,28,19,87,135,63,17,11,54,77,1" hai1="101,126,66,9,49,97,41,37,42,123,26,75,92" hai2="72,133,79,84,62,132,134,52,35,70,4,114,73" hai3="32,117,44,91,88,2,14,100,74,98,53,25,78"/><V43/><F114/><W60/><G2/><T23/><D135/><U111/><E111/><V80/><F35/><W85/><G117/><T47/><D131/><U0/><E126/><V95/><F43/><W24/><G74/><T3/><D119/><U104/><E123/><V27/><F4/><W46/><G78/><T51/><D102/><U45/><E75/><V105/><F105/><W20/><G32/><T125/><D125/><U83/><E83/><V76/><F27/><W21/><G14/><T108/><D108/><U124/><E124/><V58/><F79/><W121/><G121/><T15/><D28/><U89/><E26/><V112/><F112/><W13/><G13/><T10/><D63/><U86/><E66/><N who="2" m="41303" /><F95/><N who="3" m="58463" /><G60/><AGARI ba="2,1" hai="52,58,60,72,73,76,80,84,132,133,134" m="41303" machi="60" ten="30,5800,0" yaku="20,1,52,1,54,1" doraHai="61" who="2" fromWho="3" sc="128,0,320,0,338,74,204,-64" /><INIT seed="2,3,0,0,5,124" ten="128,320,412,140" oya="2" hai0="55,14,11,83,46,127,20,91,57,5,49,89,126" hai1="42,58,3,59,98,104,107,84,6,66,41,2,75" hai2="1,36,114,68,9,108,133,4,121,56,116,125,79" hai3="62,38,45,23,101,37,78,110,32,53,90,119,129"/><V97/><RYUUKYOKU type="yao9" ba="3,0" sc="128,0,320,0,412,0,140,0" hai2="1,4,9,36,56,68,79,97,108,114,116,121,125,133" /><INIT seed="2,4,0,2,2,21" ten="128,320,412,140" oya="2" hai0="86,88,45,41,70,126,81,26,135,19,101,31,6" hai1="15,58,92,73,14,49,128,3,127,118,93,82,59" hai2="24,98,133,37,116,99,23,125,106,90,110,57,43" hai3="76,84,2,71,69,17,54,52,132,16,94,35,91"/><V47/><F116/><W97/><G2/><T32/><D70/><U83/><E3/><V114/><F114/><W33/><G132/><T53/><D6/><U77/><E118/><V117/><F117/><W129/><G129/><T109/><D135/><U100/><E127/><V80/><F133/><W7/><G7/><T119/><D119/><U95/><E128/><V25/><F106/><W107/><G69/><T51/><D126/><U96/><E49/><V87/><F125/><W62/><G35/><T89/><D101/><U134/><E134/><V28/><F110/><W112/><G33/><T55/><D109/><U68/><E68/><V10/><F10/><W104/><G104/><T124/><D124/><U60/><E60/><V131/><F131/><W75/><G112/><T78/><D19/><N who="3" m="7241" /><G71/><T20/><D32/><U13/><E73/><V66/><REACH who="2" step="1"/><F25/><REACH who="2" ten="128,320,402,140" step="2"/><W48/><G107/><T130/><D130/><U79/><E100/><V36/><F36/><W8/><G8/><T63/><D63/><AGARI ba="4,1" hai="23,24,28,37,43,47,57,63,66,80,87,90,98,99" machi="63" ten="40,7700,0" yaku="1,1,52,1,53,1" doraHai="21" doraHaiUra="85" who="2" fromWho="0" sc="128,-89,320,0,402,99,140,0" /><INIT seed="2,5,0,2,4,29" ten="39,320,501,140" oya="2" hai0="70,77,44,20,36,116,118,121,71,50,9,31,60" hai1="6,97,55,92,52,26,24,89,72,109,38,100,115" hai2="124,32,86,48,21,23,80,59,66,129,117,75,101" hai3="110,93,90,43,18,39,79,8,78,135,105,127,22"/><V74/><F117/><N who="0" m="45162" /><D77/><U49/><E109/><V35/><F101/><W19/><G105/><T7/><D121/><U73/><E38/><V61/><F129/><W84/><G110/><T103/><D103/><U106/><E115/><V45/><F124/><W107/><G107/><T5/><D36/><U15/><E55/><V130/><F130/><W53/><G127/><T128/><D128/><U125/><E125/><V98/><F98/><W123/><G123/><T132/><D132/><U95/><E106/><V88/><F75/><W94/><G43/><N who="0" m="24863" /><D60/><U10/><E73/><V126/><F126/><W30/><G39/><T134/><D134/><U11/><E11/><V2/><F2/><W104/><G104/><T122/><D122/><U69/><E69/><N who="0" m="26121" /><D9/><U67/><E67/><V33/><REACH who="2" step="1"/><F74/><REACH who="2" ten="39,320,491,140" step="2"/><W133/><G133/><T17/><D31/><U0/><E72/><V83/><F83/><W119/><G30/><T85/><D85/><N who="1" m="52271" /><E0/><V57/><F57/><AGARI ba="5,1" hai="6,10,15,24,26,49,52,57,95,97,100" m="52271" machi="57" ten="30,2000,0" yaku="8,1,54,1" doraHai="29" who="1" fromWho="2" sc="39,0,320,45,491,-35,140,0" /><INIT seed="3,0,0,2,5,109" ten="39,365,456,140" oya="3" hai0="25,133,120,49,56,95,63,75,16,33,41,42,93" hai1="105,122,17,28,67,78,70,57,118,80,125,3,68" hai2="134,124,58,38,30,91,100,55,43,21,66,81,37" hai3="6,26,23,113,7,13,65,102,60,123,51,27,71"/><W96/><G123/><T52/><D75/><U101/><E125/><V11/><F100/><W115/><G51/><T15/><D120/><U36/><E3/><V89/><F66/><W132/><G132/><T73/><D73/><U119/><E36/><V85/><F124/><W47/><G47/><T92/><D133/><U112/><E28/><V34/><F34/><W24/><G23/><T61/><D25/><U107/><E122/><V84/><F134/><W46/><G46/><T90/><D90/><U9/><E57/><V116/><F116/><W128/><G128/><T76/><D76/><U127/><E127/><V2/><F43/><N who="0" m="16394" /><D33/><U104/><E101/><V86/><F86/><W19/><G19/><T50/><D63/><U117/><E67/><V40/><F40/><W88/><G88/><T20/><AGARI ba="0,0" hai="15,16,20,49,50,52,56,61,92,93,95" m="16394" machi="20" ten="30,4000,0" yaku="8,1,54,2" doraHai="109" who="0" fromWho="0" sc="39,40,365,-10,456,-10,140,-20" /><INIT seed="4,0,0,0,3,123" ten="79,355,446,120" oya="0" hai0="132,78,76,31,122,24,7,84,52,93,120,20,8" hai1="65,127,62,5,104,40,21,26,134,82,69,1,92" hai2="32,10,2,74,50,4,77,81,117,30,113,34,3" hai3="110,60,118,133,28,67,23,53,91,126,46,59,64"/><T125/><D125/><U87/><E134/><V119/><F113/><W102/><G118/><N who="2" m="45065" /><F3/><W39/><G133/><T108/><D132/><U19/><E104/><V88/><F30/><W14/><G102/><T55/><D122/><U43/><E127/><V112/><F112/><W49/><G126/><T0/><D120/><U33/><E33/><V124/><F124/><W54/><G39/><T71/><D71/><U106/><E106/><V70/><F70/><W116/><G116/><T57/><D108/><U25/><E5/><V83/><F50/><W96/><G110/><T90/><REACH who="0" step="1"/><D55/><REACH who="0" ten="69,355,446,120" step="2"/><U85/><E69/><V13/><F2/><W95/><G28/><T135/><D135/><U63/><E1/><V107/><F107/><W73/><G73/><T38/><D38/><U80/><E65/><V35/><F35/><W121/><G121/><T131/><D131/><U75/><E75/><V12/><F34/><W79/><G79/><T37/><D37/><U97/><E80/><V66/><F83/><W115/><G115/><T100/><D100/><U16/><E82/><V58/><F32/><W27/><G54/><T101/><D101/><U9/><E92/><V22/><F77/><W18/><G67/><T44/><D44/><U128/><E128/><V129/><F129/><W56/><G46/><T86/><D86/><U111/><E111/><V29/><F74/><W99/><G99/><T105/><D105/><U41/><E97/><V103/><F103/><W72/><G72/><T114/><D114/><U45/><E45/><V109/><F66/><W15/><AGARI ba="0,1" hai="14,15,18,23,27,49,53,56,59,60,64,91,95,96" machi="15" ten="30,2000,0" yaku="0,1,8,1" doraHai="123" who="3" fromWho="3" sc="69,-10,355,-5,446,-5,120,30" /><INIT seed="5,0,0,3,5,89" ten="59,350,441,150" oya="1" hai0="66,19,71,86,94,5,9,100,20,54,11,76,41" hai1="14,0,83,30,122,67,81,127,15,121,4,59,88" hai2="109,27,91,58,126,60,56,2,130,8,87,6,114" hai3="10,33,95,79,18,129,73,25,106,53,37,113,77"/><U117/><E127/><V101/><F109/><W69/><G106/><T108/><D108/><U116/><E0/><V12/><F130/><W28/><G129/><T104/><D104/><U128/><E128/><V1/><F126/><W84/><G73/><T52/><D41/><U72/><E30/><V120/><F120/><W78/><G37/><T35/><D35/><U50/><E72/><V39/><F101/><W98/><G69/><T132/><D132/><U134/><E134/><V64/><F39/><W133/><G133/><T125/><D125/><U112/><E112/><V32/><F114/><W61/><G113/><T13/><D66/><U31/><E31/><V111/><F111/><W92/><G84/><T21/><D71/><U68/><E68/><V55/><F27/><W47/><G98/><N who="0" m="59479" /><D20/><U17/><E67/><V70/><F32/><W115/><G115/><T107/><D107/><U135/><E135/><V90/><F90/><W51/><REACH who="3" step="1"/><G61/><REACH who="3" ten="59,350,441,140" step="2"/><T16/><D5/><U123/><E4/><V119/><F70/><W3/><G3/><T45/><D45/><U44/><E44/><V40/><F6/><W38/><G38/><T23/><D86/><U124/><E124/><V65/><F87/><W26/><G26/><N who="0" m="14631" /><D76/><U97/><E59/><V29/><F58/><W82/><G82/><N who="1" m="31242" /><E50/><V48/><F56/><W102/><G102/><T24/><D24/><U74/><E74/><V105/><F2/><W99/><G99/><T118/><D118/><U75/><E75/><V22/><F48/><W36/><G36/><T57/><D57/><U93/><E14/><AGARI ba="0,1" hai="10,14,18,25,28,33,47,51,53,77,78,79,92,95" machi="14" ten="40,5200,0" yaku="1,1,52,2,53,0" doraHai="89" doraHaiUra="34" who="3" fromWho="1" sc="59,0,350,-52,441,0,140,62" /><INIT seed="6,0,0,5,2,45" ten="59,298,441,202" oya="2" hai0="109,125,24,22,31,46,28,100,121,64,8,131,83" hai1="82,68,21,3,74,27,49,95,75,0,43,34,9" hai2="17,26,15,60,117,122,99,25,13,56,129,111,120" hai3="63,94,104,18,59,106,101,62,23,79,48,90,54"/><V71/><F71/><W57/><G79/><T12/><D121/><U91/><E34/><V4/><F117/><W102/><G106/><T88/><D109/><U72/><E68/><V41/><F41/><W115/><G104/><T37/><D125/><U11/><E82/><V98/><F129/><W38/><G38/><T36/><D131/><U29/><E9/><V30/><F4/><W89/><G115/><T80/><D100/><U1/><E11/><V19/><F111/><W127/><G127/><T76/><D64/><U7/><E7/><V119/><F119/><W66/><G63/><T69/><D69/><U133/><E133/><V51/><F60/><W61/><G61/><T10/><D76/><U5/><E5/><V108/><F56/><W2/><G2/><T105/><D105/><U96/><REACH who="1" step="1"/><E43/><REACH who="1" ten="59,288,441,202" step="2"/><V77/><F120/><W58/><G58/><T73/><D80/><U114/><E114/><V39/><F122/><W118/><G118/><T93/><D8/><U128/><E128/><V85/><F108/><W84/><REACH who="3" step="1"/><G89/><REACH who="3" ten="59,288,441,192" step="2"/><T32/><D88/><U55/><E55/><V124/><F124/><W70/><G70/><T126/><D126/><U112/><E112/><V67/><F77/><W50/><G50/><AGARI ba="0,2" hai="0,1,3,21,27,29,49,50,72,74,75,91,95,96" machi="50" ten="50,6400,0" yaku="1,1,52,2,53,0" doraHai="45" doraHaiUra="97" who="1" fromWho="3" sc="59,0,288,84,441,0,192,-64" /><INIT seed="7,0,0,5,0,38" ten="59,372,441,128" oya="3" hai0="34,81,12,21,36,86,11,13,68,114,126,109,2" hai1="132,73,0,64,100,111,95,70,128,28,119,85,30" hai2="23,120,25,5,46,53,49,15,97,76,52,135,112" hai3="31,51,125,131,84,41,1,101,59,103,33,83,96"/><W50/><G1/><T65/><D109/><U48/><E128/><V107/><F112/><W22/><G33/><T55/><D114/><U102/><E132/><V16/><F76/><W94/><G131/><T45/><D34/><U4/><E73/><V129/><F129/><W29/><G125/><T133/><D133/><U40/><E119/><V56/><F135/><W39/><G39/><T90/><D126/><U32/><E111/><V75/><F75/><W3/><G3/><T57/><D2/><U78/><E64/><V58/><F120/><W89/><G103/><T66/><D68/><U72/><E70/><V77/><F77/><W134/><G134/><T122/><D122/><U121/><E121/><V19/><F5/><W47/><G22/><T113/><D113/><U124/><E124/><V42/><F97/><W37/><G37/><T71/><D71/><U35/><E72/><V18/><F107/><W20/><G20/><T43/><D21/><U98/><E102/><V10/><F18/><W17/><G17/><T93/><D81/><U130/><E130/><V79/><F79/><W91/><G101/><T60/><REACH who="0" step="1"/><D13/><REACH who="0" ten="49,372,441,128" step="2"/><U67/><E35/><V117/><F117/><W115/><G115/><T27/><D27/><U110/><E110/><V14/><F14/><W24/><G24/><T44/><D44/><U118/><E118/><V92/><F46/><W80/><G80/><T62/><D62/><U8/><E67/><V6/><F15/><W116/><G116/><T87/><D87/><U61/><E32/><V106/><F25/><W9/><G84/><T88/><D88/><RYUUKYOKU ba="0,1" sc="49,30,372,-10,441,-10,128,-10" hai0="11,12,36,43,45,55,57,60,65,66,86,90,93" owari="79,-42.0,362,16.0,441,54.0,118,-28.0" /></mjloggm>