<mjloggm ver="2.3"><GO type="41"/><UN n0="%69%6D%61%6E%61%6E%61" n1="%55%73%68%69" n2="%E3%82%82%E3%81%88%E3%81%A3%E3%81%8F%E3%81%99" n3="%E3%82%A6%E3%83%AB%E3%83%88%E3%83%A9%E7%AB%8B%E7%9B%B4" dan="13,14,15,15" rate="1845,1876,2030,1932" sx="M,M,M,M"/><TAIKYOKU oya="0"/><INIT seed="0,0,0,1,5,123" ten="250,250,250,250" oya="0" hai0="35,124,58,47,112,75,31,79,0,55,93,89,23" hai1="53,62,71,106,115,39,104,26,42,22,46,100,102" hai2="114,37,132,129,134,38,52,33,57,72,65,7,118" hai3="49,76,56,54,14,43,28,21,18,83,119,17,32"/><T6/><D35/><U107/><E115/><V64/><F33/><W67/><G119/><T59/><D112/><U40/><E40/><V66/><F72/><W82/><G32/><T27/><D0/><U51/><E71/><V131/><F7/><W85/><G28/><T11/><D79/><U88/><E62/><N who="2" m="36135" /><F114/><W61/><G43/><T87/><D75/><U86/><E39/><N who="2" m="14859" /><F118/><W94/><G94/><T5/><D124/><U128/><E42/><V4/><F4/><N who="0" m="1642" /><D11/><U60/><E60/><V10/><F10/><W16/><REACH who="3" step="1"/><G83/><REACH who="3" ten="250,250,250,240" step="2"/><T133/><D133/><AGARI ba="0,1" hai="64,65,66,129,131,132,133,134" m="14859,36135" machi="133" ten="40,8000,1" yaku="20,1,34,2,54,1" doraHai="123" who="2" fromWho="0" sc="250,-80,250,0,250,90,240,0" /><INIT seed="1,0,0,3,3,105" ten="170,250,340,240" oya="1" hai0="67,89,74,107,44,69,2,56,26,113,122,71,20" hai1="97,10,77,86,135,127,78,87,88,80,51,58,117" hai2="81,27,126,37,85,110,98,49,59,7,25,65,111" hai3="35,132,125,22,12,33,36,16,0,4,24,9,133"/><U123/><E135/><N who="3" m="51786" /><G36/><T40/><D113/><U83/><E127/><V29/><F37/><W23/><G125/><T90/><D122/><U47/><E123/><V46/><F126/><W108/><G108/><N who="2" m="41513" /><F7/><W55/><G55/><T76/><D107/><U129/><E129/><V8/><F8/><W60/><G60/><T101/><D101/><U131/><E131/><V18/><F98/><W114/><G114/><T106/><D106/><U102/><E117/><V5/><F5/><W72/><G72/><T54/><D2/><U19/><E58/><V1/><F1/><W66/><G66/><T57/><D69/><U41/><E102/><V32/><F25/><W134/><N who="3" m="51794" /><W121/><DORA hai="120" /><G121/><T39/><D57/><U6/><E97/><V100/><F100/><W96/><G96/><T104/><D104/><U112/><E112/><V82/><F18/><AGARI ba="0,0" hai="0,4,9,12,16,18,22,23,24,33,35" m="51794" machi="18" ten="40,8000,1" yaku="20,1,34,2,54,1" doraHai="105,120" who="3" fromWho="2" sc="170,0,250,0,340,-80,240,80" /><INIT seed="2,0,0,4,3,99" ten="170,250,260,320" oya="2" hai0="11,62,110,132,0,85,20,65,42,52,25,51,108" hai1="77,15,56,31,81,97,90,44,45,71,102,91,58" hai2="55,112,73,133,47,126,75,86,111,24,59,43,13" hai3="123,63,67,9,83,40,121,127,66,125,14,32,129"/><V116/><F116/><W1/><G32/><T95/><D132/><U109/><E109/><V114/><F111/><W115/><G1/><T104/><D104/><U57/><E71/><V23/><F133/><W18/><G129/><T53/><D0/><U17/><E31/><V96/><F126/><N who="3" m="48139" /><G115/><T92/><D42/><U41/><E45/><V100/><F86/><W68/><G40/><T120/><D11/><U113/><E113/><V8/><F112/><W38/><G38/><T29/><D120/><U50/><E77/><V22/><F114/><W5/><G67/><T93/><D110/><U37/><E37/><V21/><F75/><W82/><G5/><T87/><D108/><U61/><E81/><AGARI ba="0,0" hai="9,14,18,63,66,68,81,82,83,121,123" m="48139" machi="81" ten="30,1000,0" yaku="18,1" doraHai="99" who="3" fromWho="1" sc="170,0,250,-10,260,0,320,10" /><INIT seed="3,0,0,0,1,110" ten="170,240,260,330" oya="3" hai0="55,67,74,85,71,112,50,45,56,19,1,21,17" hai1="47,113,28,11,61,118,115,59,131,130,16,53,78" hai2="102,124,39,62,129,88,10,83,98,107,117,81,135" hai3="60,9,73,95,79,75,25,15,70,18,105,123,72"/><W99/><G123/><T48/><D1/><U42/><E118/><V77/><F39/><W27/><G105/><T91/><D74/><U68/><E78/><V64/><F10/><W6/><G79/><T76/><D76/><U2/><E28/><V84/><F117/><W93/><G70/><T128/><D128/><N who="1" m="49195" /><E68/><V8/><F8/><W125/><G60/><T4/><D4/><N who="1" m="1431" /><E16/><V31/><F129/><W111/><G111/><T5/><D5/><U97/><E97/><V0/><F0/><W101/><G125/><T96/><D71/><U35/><E35/><V114/><F124/><W86/><G86/><T32/><D32/><U109/><E109/><V41/><F41/><W43/><G43/><T22/><D96/><U46/><E42/><V51/><F51/><W57/><G57/><T92/><D67/><U134/><E134/><V40/><F40/><W12/><G99/><T100/><D100/><U122/><E122/><V13/><F13/><W116/><G101/><T127/><D127/><U133/><E133/><V65/><F31/><W20/><G116/><T89/><D91/><U7/><E7/><V44/><F44/><AGARI ba="0,0" hai="44,46,47,53,59,61,113,115" m="1431,49195" machi="44" ten="30,3900,0" yaku="19,1,52,2" doraHai="110" who="1" fromWho="2" sc="170,0,240,39,260,-39,330,0" /><INIT seed="4,0,0,2,2,3" ten="170,279,221,330" oya="0" hai0="67,106,10,113,45,85,124,35,46,9,30,91,65" hai1="12,22,68,97,43,133,62,27,121,108,4,100,17" hai2="15,47,13,73,72,64,126,14,98,118,128,87,69" hai3="55,11,39,24,93,28,63,116,70,123,78,36,50"/><T7/><D106/><U96/><E133/><V127/><F69/><W102/><G116/><T56/><D124/><U33/><E121/><V105/><F64/><W82/><G123/><T89/><D113/><U84/><E108/><V52/><F105/><W114/><G114/><T59/><D35/><U21/><E43/><V104/><F104/><W58/><G11/><T34/><D34/><U6/><E33/><V79/><F98/><W103/><G103/><T99/><D99/><U130/><E130/><V54/><F47/><W20/><G93/><T95/><D30/><U26/><E84/><V112/><F112/><W18/><G102/><T107/><D107/><U16/><E100/><V31/><F31/><W61/><G61/><T32/><D32/><U42/><E42/><V83/><F128/><W19/><G39/><T48/><D48/><U40/><E40/><V75/><REACH who="2" step="1"/><F118/><REACH who="2" ten="170,279,211,330" step="2"/><W134/><G28/><T122/><D122/><U8/><E68/><V132/><F132/><W92/><G70/><T37/><D37/><U5/><E62/><V81/><F81/><W29/><G36/><T0/><D0/><U74/><E74/><V119/><F119/><W110/><G134/><T77/><D95/><U115/><E115/><V71/><F71/><W101/><G92/><T60/><D85/><U94/><E94/><V135/><F135/><W86/><G101/><T1/><D1/><U23/><E23/><V117/><F117/><W25/><G86/><T120/><D120/><U51/><E51/><V49/><F49/><W90/><G50/><T53/><D46/><U131/><E131/><RYUUKYOKU ba="0,1" sc="170,-15,279,15,211,15,330,-15" hai1="4,5,6,8,12,16,17,21,22,26,27,96,97" hai2="13,14,15,52,54,72,73,75,79,83,87,126,127" /><INIT seed="5,1,1,5,3,112" ten="155,294,226,315" oya="1" hai0="91,122,85,76,77,66,52,24,37,128,115,23,69" hai1="35,2,16,61,10,7,17,6,33,104,68,70,51" hai2="46,57,106,107,135,30,3,89,114,96,21,81,121" hai3="63,1,109,124,74,19,98,79,49,38,83,20,54"/><U42/><E104/><V27/><F3/><W28/><G38/><T67/><D37/><U123/><E123/><V118/><F121/><W0/><G109/><T5/><D115/><U48/><E42/><V73/><F114/><W92/><G28/><T134/><D128/><U133/><E133/><V41/><F135/><W88/><G124/><T44/><D134/><U84/><E84/><V34/><F57/><W87/><G63/><T111/><D111/><U78/><E78/><N who="2" m="44239" /><F89/><W105/><G105/><N who="2" m="39945" /><F96/><W25/><REACH who="3" step="1"/><G98/><REACH who="3" ten="155,294,226,305" step="2"/><T126/><D122/><U31/><E31/><V125/><F125/><W72/><G72/><T8/><D126/><U116/><E61/><V50/><F50/><W9/><G9/><T100/><D8/><U4/><E10/><V99/><F99/><W39/><G39/><T36/><D36/><U11/><E11/><V95/><F30/><W40/><G40/><T93/><D5/><U59/><E6/><V94/><F41/><W53/><G53/><T102/><D52/><U65/><E2/><V64/><F64/><W12/><G12/><T14/><D67/><U47/><E65/><V82/><F27/><W101/><G101/><T129/><D102/><U132/><E132/><V75/><F75/><W26/><G26/><T43/><D100/><U13/><E13/><V15/><F15/><W97/><G97/><T60/><D14/><U22/><E7/><V103/><F103/><W90/><G90/><T131/><D131/><U120/><E4/><V29/><F29/><W108/><G108/><T113/><D129/><U55/><E120/><V80/><F34/><RYUUKYOKU ba="1,2" sc="155,-10,294,-10,226,-10,305,30" hai3="0,1,19,20,25,49,54,74,79,83,87,88,92" /><INIT seed="6,2,2,0,4,85" ten="145,284,216,335" oya="2" hai0="37,98,124,65,1,15,131,26,78,69,74,25,13" hai1="110,7,134,72,118,102,128,12,87,132,99,70,75" hai2="82,123,20,105,2,0,90,52,130,30,112,22,40" hai3="31,63,45,76,89,107,77,53,41,54,121,16,129"/><V24/><F105/><W59/><G107/><T115/><D98/><U94/><E128/><V29/><F40/><W125/><G121/><T56/><D56/><U91/><E110/><V71/><F71/><W111/><G111/><T32/><D25/><U116/><E70/><V6/><F123/><W79/><G31/><T64/><D15/><U51/><E51/><V96/><F130/><W108/><G108/><T122/><D13/><U33/><E33/><V92/><F112/><W133/><G129/><T47/><D65/><U81/><E12/><V109/><F109/><W86/><G16/><T119/><D64/><U127/><E127/><V5/><F0/><W66/><G125/><T48/><D48/><U21/><E21/><V73/><F2/><W38/><REACH who="3" step="1"/><G133/><REACH who="3" ten="145,284,216,325" step="2"/><N who="1" m="51306" /><E7/><N who="2" m="2571" /><F73/><AGARI ba="2,3" hai="72,73,75,81,87,91,94,99,102,116,118" m="51306" machi="73" ten="30,7700,0" yaku="20,1,34,2,52,1" doraHai="85" who="1" fromWho="2" sc="145,0,284,113,216,-83,325,0" /><INIT seed="7,0,0,4,2,77" ten="145,397,133,325" oya="3" hai0="133,129,112,126,41,75,100,87,50,92,45,108,30" hai1="74,132,6,37,59,120,102,117,97,93,94,26,79" hai2="14,16,68,81,23,36,106,130,38,78,119,18,64" hai3="88,71,91,35,7,52,86,31,95,109,32,103,33"/><W43/><G71/><T39/><D108/><U9/><E132/><V124/><F106/><W58/><G109/><T40/><D133/><U8/><E120/><V12/><F119/><W121/><G121/><T72/><D129/><U107/><E117/><V134/><F130/><W17/><G43/><T21/><D126/><U67/><E37/><V62/><F134/><W80/><G103/><T122/><D112/><U5/><E26/><V13/><F124/><W15/><G7/><T61/><D122/><U53/><E67/><V98/><F98/><W128/><G128/><T85/><D39/><U19/><E9/><V1/><F1/><W135/><G135/><T44/><D75/><U65/><E65/><V66/><F66/><W123/><G123/><T90/><D72/><U84/><E74/><V125/><F125/><W22/><G31/><T42/><D61/><U10/><E10/><V99/><F99/><W115/><G115/><T116/><D116/><U4/><E19/><V60/><F60/><W34/><G34/><T105/><D105/><U47/><E47/><V118/><F118/><W111/><G111/><T113/><D113/><U73/><E73/><V24/><REACH who="2" step="1"/><F18/><REACH who="2" ten="145,397,123,325" step="2"/><W0/><G0/><T110/><D110/><U46/><E107/><V2/><F2/><W3/><G3/><T114/><D114/><U127/><E127/><V20/><F20/><W131/><G131/><T56/><D100/><U76/><E8/><V101/><F101/><W48/><G35/><T29/><D21/><U55/><E102/><V54/><F54/><W28/><G28/><N who="0" m="10859" /><D85/><AGARI ba="0,1" hai="12,13,14,16,23,24,36,38,62,64,68,78,81,85" machi="85" ten="40,5200,0" yaku="1,1,52,1,54,1,53,0" doraHai="77" doraHaiUra="27" who="2" fromWho="0" sc="145,-52,397,0,123,62,325,0" /><AGARI ba="0,0" hai="15,17,22,32,33,48,52,58,80,85,86,88,91,95" machi="85" ten="30,18000,2" yaku="7,1,25,2,52,1,54,2" doraHai="77" who="3" fromWho="0" sc="93,-180,397,0,185,0,325,180" owari="-87,-59.0,397,20.0,185,-21.0,505,60.0" /></mjloggm>