<mjloggm ver="2.3"><GO type="169" lobby="0"/><UN n0="%E3%81%94%E3%81%98%E3%82%83%E3%82%8B" n1="%E3%81%91%E3%82%93%31%39%37%30" n2="%48%65%72%6D%61%6E%6E" n3="%EF%BC%88%E2%89%A7%E2%96%BD%E2%89%A6%EF%BC%89" dan="19,16,16,17" rate="2244.04,2149.99,2084.13,2125.59" sx="M,M,M,M"/><TAIKYOKU oya="0"/><INIT seed="0,0,0,1,5,86" ten="250,250,250,250" oya="0" hai0="28,65,41,97,34,32,30,95,106,70,69,87,119" hai1="74,102,131,89,115,52,5,132,62,42,18,33,23" hai2="11,35,15,78,64,29,101,7,113,17,127,110,99" hai3="108,25,61,43,71,134,66,76,135,10,92,130,39"/><T22/><D119/><U3/><E33/><V80/><F113/><W9/><G108/><T56/><D106/><U57/><E115/><V24/><F110/><W73/><G130/><T120/><D120/><U54/><E42/><V13/><F127/><W48/><G39/><T8/><D41/><U107/><E131/><V60/><F80/><N who="3" m="45071" /><G25/><T93/><D8/><U83/><E5/><V51/><F51/><W12/><G12/><T47/><D47/><U72/><E3/><V123/><F78/><W109/><G109/><T118/><D118/><U81/><E102/><V21/><F123/><W116/><G92/><T27/><D30/><U105/><E83/><V40/><F40/><W98/><G98/><T88/><D34/><U126/><E74/><V84/><F84/><W0/><G0/><T100/><D32/><U104/><E72/><V112/><F112/><W114/><G116/><T36/><D36/><U26/><E126/><V46/><F46/><N who="3" m="25695" /><G114/><T4/><D4/><U82/><E82/><V38/><F38/><W128/><G128/><T1/><D1/><U103/><E103/><V90/><F101/><W63/><G61/><AGARI ba="0,0" hai="22,27,28,56,61,65,69,70,87,88,93,95,97,100" machi="61" ten="40,12000,1" yaku="25,2,52,1,54,1" doraHai="86" who="0" fromWho="3" sc="250,120,250,0,250,0,250,-120" /><INIT seed="0,1,0,3,2,85" ten="370,250,250,130" oya="0" hai0="11,107,6,53,110,17,128,72,108,65,109,22,67" hai1="87,70,38,126,84,5,30,51,55,76,130,111,36" hai2="134,23,88,129,4,52,95,61,113,2,16,119,0" hai3="9,105,48,94,33,41,57,13,18,15,63,122,135"/><T121/><D121/><U58/><E5/><V127/><F113/><W93/><G105/><T123/><D123/><U112/><E30/><V10/><F127/><W78/><G122/><T103/><D72/><U12/><E126/><V40/><F134/><W118/><G118/><T46/><D128/><U25/><E25/><N who="2" m="14567" /><F129/><W42/><G33/><T92/><D107/><U116/><E38/><V132/><F132/><W8/><G78/><T124/><D124/><U60/><E36/><V24/><F24/><W98/><G135/><T19/><D53/><U114/><E116/><V106/><F40/><W80/><G80/><T83/><D83/><U100/><E112/><V39/><F39/><W101/><G93/><T66/><D46/><U86/><E76/><V20/><F20/><W115/><G48/><T73/><D73/><U91/><E70/><V35/><F35/><W68/><G68/><T99/><REACH who="0" step="1"/><D22/><REACH who="0" ten="360,250,250,130" step="2"/><U49/><E130/><V7/><F106/><W62/><G115/><T43/><D43/><U47/><E114/><V79/><F119/><W59/><G42/><T27/><D27/><U54/><E54/><V75/><F75/><W97/><G41/><T56/><D56/><U32/><E58/><N who="2" m="35015" /><F79/><W29/><G59/><T89/><D89/><U31/><E91/><V21/><F21/><W131/><G131/><T81/><D81/><U125/><E47/><V28/><F10/><W1/><G8/><T64/><N who="0" m="16384" /><DORA hai="26" /><T104/><D104/><U102/><E125/><V69/><F69/><W96/><G9/><T3/><AGARI ba="1,1" hai="3,6,11,17,19,92,99,103,108,109,110" m="16384" machi="3" ten="50,12000,1" yaku="1,1,0,1,14,1,10,1,53,1" doraHai="85,26" doraHaiUra="90,82" who="0" fromWho="0" sc="360,133,250,-41,250,-41,130,-41" /><INIT seed="0,2,0,3,4,61" ten="493,209,209,89" oya="0" hai0="83,120,85,111,64,33,6,130,73,25,51,27,15" hai1="127,43,105,11,44,98,24,57,125,108,132,112,13" hai2="40,35,53,102,100,88,119,107,96,110,23,17,99" hai3="4,75,101,47,94,66,2,106,19,30,12,79,7"/><T39/><D39/><U29/><E112/><V42/><F35/><W113/><G113/><T58/><D120/><U41/><E57/><V133/><F110/><W87/><G2/><T72/><D111/><U49/><E108/><V80/><F133/><W10/><G106/><T93/><D130/><U5/><E132/><V16/><F119/><W20/><G75/><T86/><D73/><U9/><E9/><V56/><F17/><W59/><G47/><T104/><D104/><U28/><E43/><V60/><F80/><N who="3" m="47519" /><G101/><T0/><D0/><U116/><E116/><V8/><F8/><W1/><G94/><T26/><D33/><U14/><E14/><V45/><F45/><W31/><G1/><T92/><D72/><U126/><E24/><N who="2" m="14439" /><F100/><AGARI ba="2,0" hai="5,11,13,28,29,41,44,49,98,100,105,125,126,127" machi="100" ten="40,1300,0" yaku="18,1" doraHai="61" who="1" fromWho="2" sc="493,0,209,19,209,-19,89,0" /><INIT seed="1,0,0,1,1,36" ten="493,228,190,89" oya="1" hai0="40,42,103,132,130,19,100,0,88,43,111,125,96" hai1="86,47,101,6,3,32,4,118,67,58,20,129,50" hai2="56,126,102,34,124,45,99,72,23,37,35,91,135" hai3="1,27,78,18,29,80,49,110,127,66,25,10,16"/><U21/><E118/><V55/><F72/><W46/><G127/><N who="2" m="48681" /><F135/><W74/><G110/><T41/><D125/><U15/><E32/><V71/><F71/><W107/><G107/><T30/><D0/><U77/><E3/><V123/><F91/><W7/><G66/><T115/><D115/><U8/><E101/><V70/><F70/><W39/><G27/><T133/><D30/><U54/><E6/><V33/><F23/><W120/><G120/><T62/><D111/><U60/><E129/><V85/><F85/><W90/><G90/><T112/><D112/><U108/><E108/><V51/><F123/><W12/><G12/><T92/><D130/><U63/><E63/><V95/><F37/><W97/><G97/><T53/><N who="0" m="10240" /><DORA hai="121" /><T82/><D19/><U59/><E59/><AGARI ba="0,0" hai="33,34,35,45,51,55,56,59,95,99,102" m="48681" machi="59" ten="40,1300,0" yaku="18,1" doraHai="36,121" who="2" fromWho="1" sc="493,0,228,-13,190,13,89,0" /><INIT seed="2,0,0,2,0,49" ten="493,215,203,89" oya="2" hai0="112,36,35,96,69,4,63,13,125,51,133,2,83" hai1="92,27,93,43,62,53,84,97,108,26,41,76,95" hai2="126,94,61,73,21,29,54,131,91,55,66,74,90" hai3="65,3,102,130,44,58,15,107,79,127,7,52,103"/><V48/><F126/><W134/><G3/><T129/><D36/><U70/><E70/><V45/><F131/><W20/><G130/><T33/><D112/><U22/><E108/><V37/><F37/><W12/><G127/><T123/><D123/><U77/><E27/><V87/><F91/><W78/><G134/><T68/><D2/><U38/><E38/><V111/><F111/><W124/><G124/><T24/><D125/><U105/><E105/><V39/><F39/><W17/><G107/><T9/><D133/><U14/><E14/><V64/><F29/><W16/><G7/><T19/><D69/><U25/><E25/><V110/><F110/><W117/><G44/><T31/><D35/><U30/><E97/><V100/><F21/><N who="3" m="11455" /><G65/><N who="2" m="25193" /><F74/><W122/><G122/><T34/><D34/><U6/><E6/><V18/><F73/><W1/><G1/><T116/><D129/><U28/><E28/><V46/><F18/><W121/><G117/><T71/><D71/><U81/><E77/><N who="3" m="29194" /><G121/><T80/><D68/><U40/><E62/><AGARI ba="0,0" hai="12,16,20,52,58,62,102,103" m="29194,11455" machi="62" ten="30,7700,0" yaku="8,1,52,1,54,2" doraHai="49" who="3" fromWho="1" sc="493,0,215,-77,203,0,89,77" /><INIT seed="3,0,0,1,5,115" ten="493,138,203,166" oya="3" hai0="15,82,38,66,44,132,6,50,41,19,31,33,108" hai1="65,7,34,27,14,98,107,121,21,102,59,18,40" hai2="133,22,135,2,106,118,76,89,112,81,92,126,124" hai3="49,75,51,85,120,80,3,110,128,23,56,39,53"/><W97/><G39/><T72/><D6/><U117/><E121/><V5/><F112/><W111/><G120/><T43/><D132/><N who="2" m="50762" /><F2/><W100/><G3/><T96/><D108/><N who="3" m="41513" /><G128/><T0/><D0/><U26/><E40/><V30/><F5/><W36/><G36/><T74/><D66/><U46/><E46/><V55/><F55/><W57/><G23/><T123/><D123/><U104/><E104/><V9/><F9/><W25/><G25/><T95/><D82/><U1/><E27/><V35/><F22/><W69/><G75/><T134/><D74/><U90/><E90/><V4/><F4/><W63/><G69/><T116/><D72/><U13/><E13/><V42/><F35/><W67/><G57/><T101/><D38/><U52/><E65/><V16/><F30/><W114/><G67/><T130/><D130/><U28/><E1/><V88/><F16/><W47/><G47/><T58/><D31/><U29/><E7/><V60/><F124/><W12/><G12/><T103/><D15/><U20/><E34/><V99/><F126/><W48/><G114/><T70/><D33/><U68/><E68/><V131/><F131/><W54/><G54/><T94/><D70/><U45/><E45/><V73/><F73/><W86/><G80/><T79/><D44/><U11/><E29/><V37/><F81/><W113/><G113/><T91/><D134/><U78/><E11/><V129/><F129/><W87/><G49/><T77/><D50/><U10/><E10/><V83/><F37/><W119/><G119/><T64/><D116/><U122/><E117/><RYUUKYOKU ba="0,0" sc="493,-10,138,-10,203,-10,166,30" hai3="48,51,53,56,63,85,86,87,97,100" /><INIT seed="3,1,0,2,2,6" ten="483,128,193,196" oya="3" hai0="26,49,55,14,103,1,99,48,56,10,59,12,70" hai1="120,45,74,88,101,44,24,73,64,127,7,87,122" hai2="61,63,114,52,85,65,46,123,33,126,23,15,89" hai3="47,0,90,115,81,79,95,135,3,94,22,75,113"/><W72/><G135/><T93/><D70/><U76/><E64/><V54/><F114/><W41/><G75/><T129/><D129/><U82/><E45/><V60/><F33/><W134/><G134/><T108/><D108/><U13/><E24/><V58/><F126/><W16/><G113/><T20/><D1/><U131/><E127/><V118/><F118/><W67/><G67/><T132/><D132/><U37/><E131/><V34/><F34/><W110/><G110/><T29/><D10/><U130/><E101/><V39/><F123/><W57/><G57/><T71/><D71/><U77/><E130/><V68/><F39/><W19/><G19/><T69/><D69/><U21/><E77/><V102/><F102/><W96/><G95/><T5/><D5/><U18/><E74/><V38/><F38/><W111/><G111/><T36/><D36/><U92/><E37/><V97/><F97/><W109/><G109/><T28/><D28/><U66/><E66/><V25/><F46/><W40/><G115/><T116/><D116/><U43/><E7/><V51/><F68/><W8/><G47/><T9/><D9/><U125/><E125/><V117/><F117/><W119/><G8/><T112/><D112/><U83/><E83/><N who="2" m="49343" /><F65/><W27/><REACH who="3" step="1"/><G119/><REACH who="3" ten="483,128,193,186" step="2"/><T86/><D59/><U91/><E44/><N who="2" m="27751" /><F25/><W133/><G133/><T98/><D26/><U84/><E43/><AGARI ba="1,1" hai="0,3,16,22,27,40,41,43,72,79,81,90,94,96" machi="43" ten="40,3900,0" yaku="1,1,54,1,53,0" doraHai="6" doraHaiUra="121" who="3" fromWho="1" sc="483,0,128,-42,193,0,186,52" /><INIT seed="3,2,0,3,1,108" ten="483,86,193,238" oya="3" hai0="59,4,9,128,120,76,118,56,124,119,33,129,42" hai1="71,13,92,67,52,32,37,69,7,44,8,97,18" hai2="35,86,73,135,49,12,19,2,74,6,112,88,63" hai3="130,62,98,14,51,106,20,46,100,107,82,111,80"/><W104/><G130/><N who="0" m="50283" /><D120/><U40/><E32/><V64/><F35/><W102/><G111/><T26/><D42/><U121/><E121/><V39/><F39/><W45/><G62/><T96/><D76/><U90/><E67/><V87/><F112/><W54/><G45/><T91/><D124/><U125/><E125/><V81/><F135/><W22/><G102/><T131/><D131/><U48/><REACH who="1" step="1"/><E7/><REACH who="1" ten="483,76,193,238" step="2"/><V53/><F6/><W83/><REACH who="3" step="1"/><G14/><REACH who="3" ten="483,76,193,228" step="2"/><T85/><D119/><U21/><E21/><AGARI ba="2,2" hai="20,21,22,46,51,54,80,82,83,98,100,104,106,107" machi="21" ten="40,3900,0" yaku="1,1,2,1,53,0" doraHai="108" doraHaiUra="115" who="3" fromWho="1" sc="483,0,76,-45,193,0,228,65" /><INIT seed="3,3,0,3,5,13" ten="483,31,193,293" oya="3" hai0="24,48,76,130,90,129,27,64,131,7,10,104,15" hai1="5,31,71,42,73,41,80,2,135,43,133,92,112" hai2="91,72,18,75,14,63,38,39,54,36,65,23,98" hai3="84,8,132,126,66,116,103,121,105,33,61,110,32"/><W120/><G116/><T114/><D114/><U93/><E112/><V19/><F54/><W1/><G84/><T122/><D122/><U107/><E107/><V6/><F6/><N who="3" m="1103" /><G132/><T29/><D104/><U106/><E106/><V35/><F35/><N who="3" m="13387" /><G126/><T127/><D127/><U134/><E31/><V85/><F98/><N who="3" m="61687" /><G110/><T59/><D29/><U100/><E71/><AGARI ba="3,0" hai="61,66,71,120,121" m="61687,13387,1103" machi="71" ten="30,1500,0" yaku="23,1" doraHai="13" who="3" fromWho="1" sc="483,0,31,-24,193,0,293,24" /><INIT seed="3,4,0,5,0,119" ten="483,7,193,317" oya="3" hai0="65,131,53,99,24,5,109,103,66,79,84,56,38" hai1="83,76,107,60,34,45,72,0,126,4,13,31,52" hai2="101,61,78,129,128,133,47,74,80,130,117,86,124" hai3="73,134,108,114,50,92,71,28,88,112,93,110,64"/><W43/><G28/><T68/><D68/><U8/><E126/><V23/><F117/><W116/><G116/><T58/><D38/><U25/><E107/><V18/><F101/><W121/><G73/><T12/><D109/><N who="3" m="42089" /><G134/><T132/><D132/><U100/><E100/><V85/><F133/><W16/><G93/><N who="0" m="58863" /><D24/><U30/><E30/><V20/><F124/><W59/><G71/><T127/><D127/><U67/><E67/><N who="0" m="25609" /><D131/><U3/><E60/><V37/><F61/><N who="3" m="37951" /><G16/><T105/><D105/><U14/><E3/><V75/><F75/><W118/><G118/><T51/><D5/><U102/><E102/><V122/><F18/><W49/><G121/><T36/><D36/><U111/><E111/><V95/><F122/><W44/><G50/><T46/><D12/><U48/><AGARI ba="4,0" hai="0,4,8,13,14,25,31,34,45,48,52,72,76,83" machi="48" ten="30,2000,0" yaku="0,1,54,1" doraHai="119" who="1" fromWho="1" sc="483,-9,7,32,193,-9,317,-14" /><INIT seed="4,0,0,5,5,80" ten="474,39,184,303" oya="0" hai0="8,94,68,128,7,129,33,135,122,52,46,40,27" hai1="55,73,134,6,10,114,61,105,20,49,25,47,45" hai2="101,131,103,127,38,70,63,111,30,99,56,1,57" hai3="50,77,18,117,66,65,102,24,44,108,34,92,36"/><T19/><D122/><U37/><E105/><V88/><F111/><W113/><G117/><T21/><D68/><U115/><E73/><V11/><F38/><W78/><G36/><T2/><D135/><U104/><E104/><V69/><F30/><W132/><G132/><T75/><D75/><U35/><E35/><V107/><F101/><W3/><G3/><T124/><D124/><U0/><E134/><V83/><F127/><W126/><G108/><T13/><D94/><U48/><E61/><V82/><F57/><W59/><G34/><T22/><D52/><U54/><REACH who="1" step="1"/><E37/><REACH who="1" ten="474,29,184,303" step="2"/><V9/><F63/><W4/><G126/><T118/><D33/><U121/><E121/><V93/><F107/><W42/><G66/><T15/><D118/><U86/><E86/><V17/><F99/><W87/><G65/><T85/><D85/><U51/><E51/><V67/><F67/><W119/><G87/><T79/><D129/><U120/><E120/><V43/><F131/><W28/><G50/><T5/><D128/><U53/><E53/><V62/><F62/><W110/><G119/><T29/><D40/><U16/><AGARI ba="0,1" hai="0,6,10,16,20,25,45,47,48,49,54,55,114,115" machi="16" ten="30,7900,0" yaku="1,1,0,1,9,1,54,1,53,0" doraHai="80" doraHaiUra="89" who="1" fromWho="1" sc="474,-39,29,89,184,-20,303,-20" /><INIT seed="5,0,0,1,3,20" ten="435,118,164,283" oya="1" hai0="103,54,115,118,104,44,37,31,22,6,114,120,80" hai1="57,98,96,84,67,70,109,91,30,55,127,28,89" hai2="74,128,102,72,63,38,111,46,21,107,75,134,79" hai3="93,24,11,12,13,50,0,112,100,122,92,1,35"/><U65/><E127/><V15/><F111/><W62/><G122/><T71/><D71/><U73/><E73/><V18/><F134/><W97/><G112/><T119/><D6/><U94/><E109/><V51/><F38/><W125/><G125/><T23/><D120/><U126/><E126/><V60/><F79/><W113/><G13/><T66/><D66/><N who="1" m="25099" /><E98/><V49/><F128/><W105/><G113/><T90/><D104/><U2/><E2/><V130/><F130/><W17/><G62/><T14/><D37/><U8/><E8/><V132/><F51/><W42/><G105/><T68/><D68/><U53/><E70/><V29/><F29/><N who="1" m="11369" /><E57/><V45/><F132/><W81/><G0/><T56/><D56/><U108/><E108/><V135/><F135/><W99/><G1/><T26/><D115/><U39/><E39/><V25/><F45/><W106/><G106/><T82/><D44/><U27/><E27/><V87/><F25/><W85/><G24/><T52/><D26/><U121/><E121/><V41/><F87/><W101/><G85/><T124/><D124/><U117/><E117/><V5/><F107/><W9/><G9/><T48/><D119/><U110/><E110/><V69/><F69/><W86/><G86/><T19/><D118/><U64/><N who="1" m="25107" /><U10/><DORA hai="133" /><E10/><V3/><F3/><W83/><G35/><T36/><D36/><U33/><E33/><V58/><F74/><W123/><G123/><T40/><D114/><U59/><E59/><V116/><F72/><W76/><G76/><T4/><D31/><U32/><E32/><RYUUKYOKU ba="0,0" sc="435,-15,118,15,164,-15,283,15" hai1="53,55,84,89,91,94,96" hai3="11,12,17,42,50,81,83,92,93,97,99,100,101" /><INIT seed="5,1,0,3,2,0" ten="420,133,149,298" oya="1" hai0="59,65,20,70,62,38,132,73,117,32,1,37,89" hai1="30,76,22,28,98,103,51,24,104,130,9,72,57" hai2="36,34,25,63,120,112,126,26,107,100,97,86,69" hai3="60,92,61,133,127,79,131,125,46,54,116,118,83"/><U90/><E130/><V11/><F120/><W66/><G92/><T82/><D32/><U43/><E30/><N who="2" m="19799" /><F36/><W124/><G131/><T29/><D132/><U27/><E27/><V18/><F126/><W45/><G83/><T96/><D1/><U115/><E76/><V58/><F58/><N who="3" m="34903" /><G79/><T16/><D29/><U88/><E72/><V99/><F99/><W85/><G85/><T5/><D117/><N who="3" m="45161" /><G133/><T17/><D82/><U13/><E115/><V68/><F68/><AGARI ba="1,0" hai="45,46,61,66,68,124,125,127" m="45161,34903" machi="68" ten="40,8000,1" yaku="18,1,12,1,34,2" doraHai="0" who="3" fromWho="2" sc="420,0,133,0,149,-83,298,83" /><INIT seed="6,0,0,1,4,112" ten="420,133,66,381" oya="2" hai0="74,128,102,120,106,87,49,12,23,15,134,33,81" hai1="130,96,5,31,82,115,14,50,100,16,132,107,27" hai2="116,61,24,97,119,114,99,9,19,123,103,80,135" hai3="39,77,129,25,88,127,11,2,22,42,32,78,91"/><V26/><F123/><W98/><G32/><T108/><D33/><U45/><E115/><V40/><F114/><W75/><G127/><T1/><D1/><U56/><E5/><V124/><F124/><W104/><G129/><T54/><D108/><U111/><E111/><V0/><F135/><W6/><G104/><T93/><D120/><U52/><E130/><V13/><F0/><W41/><G98/><T20/><D128/><U83/><E132/><V121/><F121/><W43/><G39/><T118/><D106/><U92/><E107/><V126/><F126/><W68/><G68/><T101/><D74/><U69/><E69/><V47/><F80/><W95/><G75/><T66/><D66/><U94/><E94/><V76/><F76/><W90/><REACH who="3" step="1"/><G95/><REACH who="3" ten="420,133,66,371" step="2"/><T58/><D93/><U73/><E73/><V110/><F110/><W53/><G53/><T65/><D54/><U57/><E83/><V21/><F103/><W59/><G59/><T62/><D102/><U72/><E82/><V8/><F97/><W84/><G84/><T17/><D101/><U36/><E36/><N who="2" m="21895" /><F99/><W117/><G117/><T79/><D118/><U10/><E72/><V51/><F116/><W86/><G86/><T105/><D134/><U48/><E48/><V85/><F119/><W122/><G122/><T18/><D105/><U125/><E125/><V35/><F85/><W3/><G3/><T28/><D49/><U7/><E57/><V113/><F113/><W71/><G71/><T46/><D46/><U131/><E45/><V64/><F51/><W29/><AGARI ba="0,1" hai="2,6,11,22,25,29,41,42,43,77,78,88,90,91" machi="29" ten="30,4000,0" yaku="1,1,0,1,54,1,53,0" doraHai="112" doraHaiUra="70" who="3" fromWho="3" sc="420,-10,133,-10,66,-20,371,50" /><INIT seed="7,0,0,4,4,70" ten="410,123,46,421" oya="3" hai0="75,8,124,30,3,40,96,105,43,93,89,17,131" hai1="114,0,55,123,84,81,82,65,22,83,88,11,27" hai2="130,90,29,50,52,42,119,120,71,125,99,94,103" hai3="68,100,113,79,86,132,60,121,51,87,97,61,39"/><W117/><G117/><T45/><D75/><U112/><E123/><V57/><F119/><W23/><G39/><T21/><D105/><U62/><E55/><V58/><F120/><W34/><G34/><T128/><D30/><U5/><E22/><V127/><F71/><W35/><G35/><T25/><D124/><U15/><E0/><V7/><F130/><N who="0" m="49706" /><D45/><U31/><E31/><V2/><F29/><W95/><G121/><T20/><D20/><U109/><E27/><V28/><F28/><W74/><G74/><T49/><D49/><U78/><E109/><V77/><F77/><W133/><G113/><N who="1" m="43626" /><E78/><V66/><F42/><W38/><G38/><T85/><D96/><U41/><E41/><V6/><F103/><W9/><G23/><T1/><D1/><U80/><E80/><V13/><F2/><W44/><G9/><T69/><D69/><AGARI ba="0,0" hai="5,11,15,62,65,69,81,82,83,84,88" m="43626" machi="69" ten="30,2000,0" yaku="15,1,54,1" doraHai="70" who="1" fromWho="0" sc="410,-20,123,20,46,0,421,0" owari="390,19.0,143,-26.0,46,-45.0,421,52.0" /></mjloggm>