<mjloggm ver="2.3"><GO type="43"/><UN n0="%E3%83%A2%E3%83%AA%E3%82%B5" n1="%E5%BC%B7%E3%81%8F%E3%81%AA%E3%81%84%E3%81%8A" n2="%E3%81%B6%E3%81%9F%EF%BC%A0%E3%81%A1%E3%82%85%E3%81%86" n3="%EF%BC%88%E2%89%A7%E2%96%BD%E2%89%A6%EF%BC%89" dan="14,16,15,15" rate="1880,2059,1998,1998" sx="M,M,M,M"/><TAIKYOKU oya="0"/><INIT seed="0,0,0,5,4,26" ten="250,250,250,250" oya="0" hai0="90,48,89,12,97,1,19,93,101,70,46,86,6" hai1="53,64,38,117,47,61,103,36,4,109,87,28,37" hai2="133,131,21,44,105,40,118,33,2,13,128,75,84" hai3="29,66,130,49,20,114,106,27,76,132,126,113,99"/><T85/><D70/><U52/><E117/><V51/><F75/><W18/><G132/><T10/><D1/><U5/><E103/><V134/><F105/><W102/><G130/><N who="2" m="49705" /><F2/><W25/><G126/><T62/><D62/><U100/><E100/><V0/><F0/><W92/><G76/><T116/><D116/><U123/><E123/><V8/><F33/><W43/><G106/><T35/><D35/><U111/><E87/><V119/><F21/><W42/><G66/><T73/><D73/><U79/><E79/><V72/><F72/><W14/><G27/><T91/><REACH who="0" step="1"/><D6/><REACH who="0" ten="240,250,250,250" step="2"/><U60/><E4/><N who="2" m="3207" /><F119/><W41/><REACH who="3" step="1"/><G49/><REACH who="3" ten="240,250,250,240" step="2"/><T110/><D110/><U96/><E111/><V54/><F118/><W50/><G50/><T65/><D65/><U30/><E64/><V16/><F134/><W129/><G129/><T67/><D67/><U112/><E109/><V63/><F133/><W77/><G77/><T58/><D58/><U71/><E37/><V3/><F51/><W122/><G122/><T39/><D39/><U74/><E38/><V81/><F63/><W68/><G68/><T69/><D69/><U7/><E36/><V121/><F121/><W17/><G17/><T78/><D78/><U120/><E71/><V127/><F16/><W56/><G56/><T32/><D32/><AGARI ba="0,2" hai="14,18,20,25,29,32,41,42,43,92,99,102,113,114" machi="32" ten="40,2600,0" yaku="1,1,52,1,53,0" doraHai="26" doraHaiUra="34" who="3" fromWho="0" sc="240,-26,250,0,250,0,240,46" /><INIT seed="1,0,0,0,0,4" ten="214,250,250,286" oya="1" hai0="86,69,12,64,49,27,103,50,47,81,13,112,106" hai1="121,93,76,91,32,38,44,59,45,75,3,124,135" hai2="2,37,7,92,1,79,10,39,134,54,97,131,8" hai3="105,70,119,9,123,71,41,73,16,120,26,36,74"/><U122/><E32/><V0/><F134/><W117/><G105/><T88/><D112/><U98/><E45/><V118/><F118/><N who="3" m="45067" /><G26/><T28/><D50/><U51/><E3/><V107/><F107/><W22/><G22/><T89/><D88/><U83/><E135/><V126/><F131/><W67/><G16/><T61/><D103/><U101/><E124/><V17/><F126/><W19/><G19/><T57/><D69/><N who="3" m="26121" /><G9/><T108/><D108/><U125/><E125/><V100/><F79/><W113/><G67/><T85/><D85/><U72/><E72/><N who="3" m="27754" /><G113/><T128/><D128/><U114/><E114/><V95/><F95/><W130/><G130/><T84/><D84/><U43/><E91/><V20/><F54/><W15/><G15/><T56/><D56/><U111/><E111/><V82/><F82/><W78/><G78/><T46/><D106/><U48/><E48/><V116/><F20/><W62/><G62/><T18/><D13/><U58/><E58/><V129/><F129/><W52/><G52/><T96/><D49/><U102/><E102/><V63/><F100/><W55/><G55/><T35/><REACH who="0" step="1"/><D96/><REACH who="0" ten="204,250,250,286" step="2"/><U77/><E77/><V21/><F97/><W60/><G60/><T104/><D104/><U65/><E51/><V90/><F63/><W132/><G132/><T5/><D5/><U94/><E59/><V29/><F7/><W24/><G24/><T109/><D109/><U42/><E76/><V127/><F127/><W115/><G115/><T31/><D31/><U33/><E75/><V99/><F29/><W25/><G25/><T40/><D40/><RYUUKYOKU ba="0,1" sc="204,15,250,-15,250,-15,286,15" hai0="12,18,27,28,35,46,47,57,61,64,81,86,89" hai3="36,41,120,123" /><INIT seed="2,1,1,4,5,131" ten="219,235,235,301" oya="2" hai0="62,104,7,92,22,5,46,30,49,26,113,17,45" hai1="91,130,132,32,119,103,34,59,42,79,74,10,39" hai2="68,117,106,38,120,83,78,18,114,14,101,72,108" hai3="112,36,25,28,102,37,135,53,15,6,1,41,56"/><V54/><F120/><W66/><G1/><T95/><D104/><U73/><E119/><V69/><F117/><W58/><G102/><T124/><D124/><U0/><E91/><V55/><F114/><W31/><G112/><T100/><D113/><U67/><E59/><V3/><F38/><W35/><G31/><T85/><D62/><U44/><E67/><V63/><F3/><W84/><G66/><T71/><D71/><U118/><E118/><V75/><F75/><W19/><G6/><T133/><D133/><U57/><E57/><V96/><F108/><W90/><G41/><T93/><D100/><U29/><E29/><V52/><REACH who="2" step="1"/><F63/><REACH who="2" ten="219,235,225,301" step="2"/><W77/><G37/><T16/><D49/><U99/><E74/><V24/><F24/><W129/><G36/><T11/><D85/><U20/><E0/><V23/><AGARI ba="1,2" hai="14,18,23,52,54,55,68,69,72,78,83,96,101,106" machi="23" ten="30,3000,0" yaku="1,1,0,1,53,0" doraHai="131" doraHaiUra="47" who="2" fromWho="2" sc="219,-11,235,-11,225,53,301,-11" /><INIT seed="2,2,0,3,3,85" ten="208,224,278,290" oya="2" hai0="44,16,56,110,58,10,61,25,52,130,37,22,15" hai1="88,6,14,127,122,117,4,1,48,21,2,103,129" hai2="20,51,45,38,89,12,46,82,99,63,102,26,107" hai3="79,59,131,32,81,123,115,3,54,23,41,71,43"/><V106/><F106/><W73/><G123/><T5/><D110/><U104/><E117/><V47/><F38/><W17/><G32/><T80/><D130/><U120/><E129/><V11/><F63/><W95/><G71/><T39/><D44/><U31/><E48/><V75/><F75/><W96/><G131/><T128/><D128/><U97/><E127/><V114/><F114/><W0/><G115/><T50/><REACH who="0" step="1"/><D80/><REACH who="0" ten="198,224,278,290" step="2"/><U98/><E122/><V119/><F119/><W53/><G43/><T64/><AGARI ba="2,1" hai="5,10,15,16,22,25,37,39,50,52,56,58,61,64" machi="64" ten="20,8000,1" yaku="1,1,2,1,0,1,7,1,53,1" doraHai="85" doraHaiUra="18" who="0" fromWho="0" sc="198,96,224,-22,278,-42,290,-22" /><INIT seed="3,0,0,1,1,7" ten="294,202,236,268" oya="3" hai0="34,123,65,132,37,107,112,52,120,85,86,24,26" hai1="31,22,91,53,23,21,87,43,1,104,109,48,33" hai2="11,62,121,101,58,93,73,10,105,3,99,81,71" hai3="40,77,102,118,95,89,46,57,9,92,68,2,16"/><W54/><G68/><T66/><D107/><U82/><E104/><V80/><F71/><W103/><G118/><T55/><D37/><U32/><E109/><V97/><F121/><W127/><G127/><T42/><D42/><U124/><E124/><V114/><F3/><W100/><G77/><T60/><D60/><U83/><E43/><V106/><F114/><W13/><G2/><T116/><D112/><U14/><E1/><V129/><F129/><W44/><G40/><T110/><D110/><U41/><E41/><V29/><F29/><W126/><G126/><T6/><D6/><U8/><E82/><V135/><F135/><W79/><G79/><T117/><REACH who="0" step="1"/><D34/><REACH who="0" ten="284,202,236,268" step="2"/><U45/><REACH who="1" step="1"/><E31/><REACH who="1" ten="284,192,236,268" step="2"/><V69/><F106/><W76/><G95/><T50/><D50/><U119/><E119/><V133/><F105/><W98/><REACH who="3" step="1"/><G76/><REACH who="3" ten="284,192,236,258" step="2"/><T51/><D51/><AGARI ba="0,3" hai="9,13,16,44,46,51,54,57,89,92,98,100,102,103" machi="51" ten="40,12000,1" yaku="1,1,2,1,8,1,52,1,53,0" doraHai="7" doraHaiUra="59" who="3" fromWho="0" sc="284,-120,192,0,236,0,258,150" /><INIT seed="3,1,0,4,0,108" ten="164,192,236,408" oya="3" hai0="64,55,85,76,42,121,51,120,45,3,32,46,62" hai1="106,9,38,86,20,56,116,107,33,59,11,110,111" hai2="103,95,61,131,119,94,23,77,112,133,65,35,90" hai3="105,81,68,128,63,12,99,13,74,135,91,48,28"/><W96/><G28/><T69/><D32/><U115/><E86/><V122/><F131/><W126/><G105/><T31/><D3/><U93/><E93/><V50/><F119/><W89/><G128/><T4/><D4/><U16/><E16/><V27/><F35/><W18/><G74/><T72/><D31/><U0/><E33/><V6/><F122/><W26/><G81/><T25/><D72/><U24/><E24/><V127/><F6/><W78/><G78/><T84/><D25/><U130/><E38/><V101/><F95/><W132/><G26/><T57/><D84/><U113/><E20/><V123/><F50/><W58/><G48/><T54/><D85/><U53/><E53/><V117/><F117/><W80/><G80/><T75/><D76/><U36/><E36/><V29/><F123/><W43/><G43/><T7/><D7/><U129/><E116/><V79/><F79/><W44/><G44/><T21/><D21/><U66/><E66/><V82/><F82/><W92/><G92/><T125/><D125/><U39/><E39/><V114/><F127/><W37/><G126/><T1/><D1/><AGARI ba="1,0" hai="0,1,9,11,56,59,106,107,110,111,113,115,129,130" machi="1" ten="25,6400,0" yaku="22,2,52,2" doraHai="108" who="1" fromWho="0" sc="164,-67,192,67,236,0,408,0" /><INIT seed="4,0,0,2,4,82" ten="97,259,236,408" oya="0" hai0="92,58,59,88,39,45,51,91,41,4,97,83,112" hai1="24,32,117,84,101,99,89,107,80,118,12,22,29" hai2="10,67,128,23,27,63,36,49,35,110,20,21,87" hai3="125,56,13,75,66,62,122,48,28,79,55,113,71"/><T16/><D112/><U17/><AGARI ba="0,0" hai="12,17,22,24,29,32,80,84,89,99,101,107,117,118" machi="17" ten="30,32000,5" yakuman="38" doraHai="82" who="1" fromWho="1" sc="97,-160,259,320,236,-80,408,-80" owari="-63,-56.0,579,67.0,156,-24.0,328,13.0" /></mjloggm>