<mjloggm ver="2.3"><GO type="169" lobby="0"/><UN n0="%EF%BC%88%E2%89%A7%E2%96%BD%E2%89%A6%EF%BC%89" n1="%52%4F%54%54%45%4E" n2="%E3%83%A1%E3%82%B1%E3%83%A1%E3%82%B1%4D%6B%2D%E2%85%A1" n3="%E8%B7%AF%E5%9C%B0%E8%A3%8F%E3%81%AE%E3%81%B2%E3%81%BE%E3%82%8F%E3%82%8A" dan="18,16,16,17" rate="2200.92,2098.41,2048.26,2190.06" sx="M,M,M,M"/><TAIKYOKU oya="0"/><INIT seed="0,0,0,2,4,28" ten="250,250,250,250" oya="0" hai0="67,5,26,34,10,46,123,8,42,84,115,107,89" hai1="133,53,92,11,80,25,130,2,21,3,134,12,18" hai2="22,56,24,128,81,74,112,105,132,65,86,32,125" hai3="114,98,109,72,97,31,78,37,62,117,58,33,57"/><T19/><D123/><U14/><E80/><V87/><F112/><W121/><G114/><T36/><D115/><U113/><E113/><V76/><F105/><W27/><G117/><T118/><D118/><U83/><E83/><V120/><F120/><W45/><G121/><T90/><D107/><U41/><E41/><V1/><F1/><N who="1" m="9" /><E92/><V49/><F125/><W75/><G78/><T44/><D67/><U0/><E53/><V108/><F128/><W79/><G79/><T50/><D89/><U52/><E52/><V101/><F132/><N who="1" m="50793" /><E130/><V47/><F101/><W110/><G45/><T135/><D135/><U85/><E85/><V71/><F71/><W126/><G126/><T17/><D50/><U103/><E103/><V131/><F49/><W64/><G37/><T129/><D44/><U38/><E38/><V95/><F65/><W59/><G62/><T6/><D129/><U122/><E122/><V40/><F86/><W66/><G66/><T77/><D90/><U30/><N who="1" m="17" /><U73/><DORA hai="68" /><E73/><N who="3" m="28234" /><G64/><T20/><D77/><U100/><E100/><V54/><F81/><W94/><G94/><T60/><D60/><U102/><E102/><V116/><F95/><W35/><G98/><T51/><D36/><U106/><E106/><V4/><F76/><W111/><G97/><T91/><D91/><U7/><E14/><V69/><F74/><W55/><G55/><T29/><D84/><U82/><E82/><V63/><F87/><W119/><G119/><T9/><D42/><U96/><E96/><V15/><F40/><W70/><G70/><T99/><D99/><RYUUKYOKU ba="0,0" sc="250,-15,250,15,250,-15,250,15" hai1="7,11,12,18,21,25,30" hai3="27,31,33,35,57,58,59,109,110,111" /><INIT seed="1,1,0,3,0,59" ten="235,265,235,265" oya="1" hai0="67,112,66,122,16,49,64,72,74,63,50,65,107" hai1="45,44,48,95,133,27,94,5,76,33,43,1,124" hai2="82,126,22,105,2,130,92,103,6,115,38,69,46" hai3="30,78,77,102,47,93,41,79,58,19,39,8,51"/><U55/><E124/><V26/><F126/><W91/><G102/><T7/><D112/><U10/><E133/><V97/><F115/><W134/><G134/><T119/><D119/><U108/><E108/><V118/><F118/><W68/><G68/><T35/><D35/><U120/><E120/><V14/><F69/><W3/><G30/><T109/><D107/><U86/><E33/><V111/><F111/><W123/><G123/><T131/><D109/><U24/><E95/><V71/><F71/><W61/><G39/><T17/><D122/><U127/><E127/><V104/><F38/><W85/><G3/><T42/><D131/><U53/><E53/><V20/><F2/><W40/><G40/><T4/><D74/><U83/><REACH who="1" step="1"/><E94/><REACH who="1" ten="235,255,235,265" step="2"/><V87/><F130/><W81/><G8/><T98/><D42/><U21/><E21/><V96/><F22/><W52/><REACH who="3" step="1"/><G19/><REACH who="3" ten="235,255,235,255" step="2"/><T28/><D17/><U100/><E100/><V90/><F103/><W84/><AGARI ba="1,2" hai="41,47,51,52,58,61,77,78,79,81,84,85,91,93" machi="84" ten="20,16000,3" yaku="1,1,2,1,0,1,7,1,8,1,52,1,54,1,53,1" doraHai="59" doraHaiUra="56" who="3" fromWho="3" sc="235,-41,255,-81,235,-41,255,183" /><INIT seed="2,0,0,5,4,101" ten="194,174,194,438" oya="2" hai0="135,105,27,96,124,107,57,59,130,116,16,80,109" hai1="56,77,24,18,115,61,81,64,49,90,47,125,44" hai2="5,126,67,10,93,6,53,60,71,128,110,123,40" hai3="100,19,118,34,108,84,52,69,74,120,83,0,132"/><V17/><F123/><W9/><G118/><T2/><D2/><U62/><E115/><V43/><F126/><W22/><G34/><T103/><D107/><U15/><E125/><V106/><F128/><W11/><G120/><T51/><D124/><U28/><E62/><V66/><F17/><W39/><G74/><T112/><D112/><U102/><E90/><V127/><F127/><W117/><G117/><T85/><D116/><U31/><E102/><V134/><F134/><W4/><G39/><T29/><D135/><U104/><E104/><V42/><F110/><W26/><G108/><T94/><D109/><U91/><E91/><V3/><F6/><W75/><G75/><T8/><D130/><U33/><E31/><V121/><F121/><W50/><G69/><T88/><D51/><U48/><E48/><V58/><F106/><W111/><G11/><T21/><D105/><U55/><E81/><V122/><F122/><W86/><G111/><T35/><REACH who="0" step="1"/><D8/><REACH who="0" ten="184,174,194,438" step="2"/><U46/><REACH who="1" step="1"/><E77/><REACH who="1" ten="184,164,194,438" step="2"/><V45/><F93/><W99/><G132/><T89/><D89/><U20/><AGARI ba="0,2" hai="15,18,20,24,28,33,44,46,47,49,55,56,61,64" machi="20" ten="20,8000,1" yaku="1,1,2,1,0,1,7,1,53,1" doraHai="101" doraHaiUra="12" who="1" fromWho="1" sc="184,-20,164,100,194,-40,438,-20" /><INIT seed="3,0,0,1,0,51" ten="164,264,154,418" oya="3" hai0="118,121,25,85,54,82,50,28,93,62,88,117,95" hai1="84,3,8,89,98,47,103,6,24,107,130,115,32" hai2="16,63,7,42,78,26,100,0,19,76,43,22,113" hai3="44,90,94,33,64,36,56,127,81,109,20,129,55"/><W133/><G33/><T74/><D121/><U80/><E115/><V86/><F113/><W9/><G127/><T106/><D106/><U39/><E130/><V110/><F110/><W92/><G129/><T48/><D74/><U13/><E39/><V4/><F100/><W15/><G133/><T124/><D124/><U83/><E83/><V14/><F0/><W105/><G105/><T91/><D118/><U135/><E135/><V5/><F63/><W119/><G119/><T126/><D126/><U30/><E47/><V60/><F60/><W101/><G64/><T120/><D120/><U87/><E87/><V11/><F78/><W72/><G20/><N who="0" m="15399" /><D117/><U128/><E128/><V97/><F97/><W71/><G71/><T104/><D104/><U102/><E102/><V112/><F112/><W65/><G65/><T38/><D38/><U34/><REACH who="1" step="1"/><E3/><REACH who="1" ten="164,254,154,418" step="2"/><V46/><F46/><W73/><G72/><T132/><D132/><U49/><E49/><N who="0" m="19049" /><D91/><U69/><E69/><V125/><F125/><W131/><G90/><T40/><D40/><U77/><E77/><V134/><F134/><W31/><G73/><T116/><D116/><U58/><E58/><AGARI ba="0,1" hai="54,58,62,82,85,88,93,95" m="19049,15399" machi="58" ten="30,3900,0" yaku="8,1,52,1,54,1" doraHai="51" who="0" fromWho="1" sc="164,49,254,-39,154,0,418,0" /><INIT seed="4,0,0,3,5,57" ten="213,215,154,418" oya="0" hai0="58,112,11,64,25,110,104,53,47,33,123,79,89" hai1="61,68,14,29,10,4,65,122,9,35,106,83,26" hai2="6,39,121,91,119,90,95,116,40,109,92,101,99" hai3="69,131,87,82,133,56,62,78,132,76,36,66,31"/><T126/><D104/><U98/><E10/><V42/><F39/><W7/><G36/><T100/><D123/><U118/><E83/><V124/><F121/><W81/><G131/><T43/><D100/><N who="1" m="62743" /><E122/><V125/><F6/><W0/><G31/><T3/><D110/><U32/><E32/><V115/><F115/><W28/><G28/><T93/><D112/><U120/><E120/><V80/><F42/><W59/><G7/><T21/><D33/><U15/><E15/><V44/><F44/><W102/><G102/><T63/><D79/><U72/><E72/><V88/><F40/><W55/><G0/><T134/><D3/><N who="1" m="159" /><E118/><N who="2" m="45099" /><F109/><W127/><G127/><N who="2" m="48713" /><F92/><W37/><G37/><T17/><D126/><U50/><E14/><V105/><F105/><W45/><G45/><T48/><D11/><U135/><E50/><V129/><F129/><W27/><G27/><T67/><REACH who="0" step="1"/><D134/><AGARI ba="0,0" hai="26,29,35,61,65,68,134,135" m="159,62743" machi="134" ten="30,3900,0" yaku="25,1,23,1,52,1" doraHai="57" who="1" fromWho="0" sc="213,-39,215,39,154,0,418,0" /><INIT seed="5,0,0,3,3,30" ten="174,254,154,418" oya="1" hai0="64,100,61,117,118,97,21,104,124,0,53,73,134" hai1="87,112,4,114,68,83,40,28,56,98,17,71,58" hai2="132,38,2,72,11,54,109,82,123,14,80,18,126" hai3="24,48,51,85,75,92,32,31,116,29,39,60,103"/><U59/><E4/><V89/><F123/><W43/><G75/><T1/><D73/><U23/><E40/><V62/><F38/><W101/><G39/><T78/><D78/><U44/><E44/><V70/><F109/><W119/><G31/><T22/><D124/><U128/><E128/><V115/><F126/><W135/><G60/><T45/><D134/><U122/><E122/><V111/><F111/><W130/><G130/><T96/><D96/><U120/><E28/><V52/><F132/><W106/><G106/><T65/><D0/><U33/><E98/><V20/><F115/><W133/><G133/><T125/><D1/><U95/><E95/><V86/><F70/><W63/><G63/><T113/><D125/><U129/><E129/><V74/><F74/><W121/><G121/><T127/><D127/><U107/><E107/><V77/><F62/><W76/><G135/><T9/><D9/><U108/><E33/><V105/><F105/><W55/><G43/><T49/><D113/><N who="1" m="43627" /><E108/><V16/><F2/><W57/><G51/><T7/><D7/><U8/><E8/><V35/><F35/><W3/><G3/><T110/><D110/><U37/><E37/><V36/><F36/><W131/><G131/><T13/><D22/><U66/><E66/><N who="0" m="25705" /><D61/><U81/><E120/><V47/><F47/><W46/><G46/><T27/><D13/><AGARI ba="0,0" hai="11,13,14,16,18,20,52,54,72,77,80,82,86,89" machi="13" ten="30,3900,0" yaku="7,1,54,2" doraHai="30" who="2" fromWho="0" sc="174,-39,254,0,154,39,418,0" /><INIT seed="6,0,0,4,0,111" ten="135,254,193,418" oya="2" hai0="70,18,16,31,121,106,69,91,35,110,114,52,34" hai1="33,132,78,60,8,22,4,26,37,87,24,94,72" hai2="88,45,117,29,61,0,135,120,74,118,51,40,50" hai3="79,25,123,89,6,13,107,43,99,116,133,100,44"/><V129/><F0/><W23/><G116/><T90/><D110/><U17/><E37/><V36/><F120/><W53/><G123/><T68/><D121/><U20/><E132/><V57/><F74/><W81/><G53/><T102/><D114/><U54/><E72/><V41/><F135/><W10/><G89/><N who="0" m="33803" /><D31/><U59/><E33/><N who="0" m="12297" /><D102/><U9/><E4/><V2/><F2/><W95/><G133/><T3/><D3/><U56/><E94/><V131/><F88/><W11/><G11/><T28/><D28/><N who="1" m="17415" /><E59/><V96/><F96/><W112/><G95/><T7/><D7/><U76/><E76/><V73/><F73/><W12/><G79/><T63/><D106/><U98/><E98/><V134/><F29/><W85/><G107/><T126/><D126/><U119/><E119/><N who="2" m="45579" /><F134/><W27/><G100/><T39/><D39/><U122/><E122/><V67/><F36/><W92/><G92/><T104/><D104/><U47/><E78/><V80/><F80/><W130/><G81/><T19/><D63/><U101/><E101/><V75/><F75/><W65/><G99/><T77/><D77/><U14/><E87/><V66/><F66/><W115/><G65/><T64/><D64/><U82/><E82/><V38/><F38/><W58/><G85/><T105/><D105/><U125/><E125/><V124/><F124/><W103/><G103/><T62/><D62/><U15/><E60/><V93/><F93/><W32/><G32/><T1/><D1/><U86/><E86/><V108/><F108/><W55/><G58/><T5/><D5/><U83/><E83/><RYUUKYOKU ba="0,0" sc="135,15,254,-15,193,15,418,-15" hai0="16,18,19,52,68,69,70" hai2="40,41,45,50,51,57,61,67,129,131" /><INIT seed="6,1,0,1,1,17" ten="150,239,208,403" oya="2" hai0="56,27,96,72,111,119,134,28,120,45,52,35,94" hai1="89,91,87,70,68,40,93,46,59,124,103,1,11" hai2="53,3,97,65,123,122,114,102,112,82,9,41,55" hai3="115,78,100,0,20,14,126,7,32,133,49,106,21"/><V25/><F41/><W12/><G32/><T135/><D120/><U62/><E124/><V24/><F82/><W34/><G34/><T37/><D72/><U4/><E103/><V125/><F125/><W108/><G126/><T66/><D111/><U43/><E89/><V116/><F116/><W85/><G108/><T64/><D119/><U58/><E43/><V81/><F81/><W36/><G36/><T79/><D79/><U71/><REACH who="1" step="1"/><E62/><REACH who="1" ten="150,229,208,403" step="2"/><V105/><F122/><W8/><G100/><T51/><D135/><U44/><E44/><V19/><F123/><W113/><G133/><T16/><D134/><U50/><AGARI ba="1,1" hai="1,4,11,40,46,50,58,59,68,70,71,87,91,93" machi="50" ten="30,2000,0" yaku="1,1,0,1,53,0" doraHai="17" doraHaiUra="76" who="1" fromWho="1" sc="150,-6,229,33,208,-11,403,-6" /><INIT seed="7,0,0,2,5,107" ten="144,262,197,397" oya="3" hai0="53,90,135,49,62,87,42,60,64,14,70,50,100" hai1="122,46,101,54,47,59,98,23,86,12,30,94,55" hai2="45,67,71,25,129,113,11,26,57,28,0,37,52" hai3="131,91,93,134,61,125,31,69,110,127,24,114,104"/><W128/><G104/><T74/><D135/><U6/><E122/><V80/><F129/><W15/><G15/><T121/><D121/><U44/><E86/><V124/><F124/><W2/><G2/><T77/><D100/><U119/><E119/><V9/><F113/><W5/><G5/><T34/><D34/><U16/><E30/><V111/><F67/><W88/><G114/><T120/><D120/><U32/><E32/><V27/><F71/><W83/><G83/><T7/><D42/><U51/><REACH who="1" step="1"/><E6/><REACH who="1" ten="144,252,197,397" step="2"/><V126/><F111/><W29/><G110/><T41/><D41/><U35/><E35/><V75/><F28/><W102/><G31/><T39/><D39/><U132/><E132/><V123/><F123/><W43/><G29/><T97/><D97/><U112/><E112/><V17/><F11/><W56/><G134/><T118/><D118/><U36/><E36/><V108/><F108/><W109/><G109/><T40/><D40/><U99/><E99/><V117/><F37/><W8/><G43/><T20/><D7/><U19/><E19/><V10/><F10/><W85/><G85/><T103/><D103/><U92/><E92/><V18/><F117/><W84/><G84/><T82/><D20/><U33/><E33/><V65/><F9/><W63/><G93/><T89/><D14/><U116/><E116/><V79/><F0/><W115/><G8/><T22/><D22/><U73/><E73/><V48/><REACH who="2" step="1"/><F126/><REACH who="2" ten="144,252,187,397" step="2"/><W133/><G127/><T96/><D82/><U66/><E66/><V68/><F68/><W81/><G125/><T130/><D70/><RYUUKYOKU ba="0,2" sc="144,-15,252,15,187,15,397,-15" hai1="12,16,23,44,46,47,51,54,55,59,94,98,101" hai2="17,18,25,26,27,45,48,52,57,65,75,79,80" owari="129,-37.0,267,7.0,202,-20.0,402,50.0" /></mjloggm>