<mjloggm ver="2.3"><GO type="41"/><UN n0="%E3%81%84%E3%81%BA%E3%81%93" n1="%E3%80%9D%73%68%69%6E" n2="%73%74%61%72%63%72%79" n3="%EF%BC%88%E2%89%A7%E2%96%BD%E2%89%A6%EF%BC%89" dan="13,15,14,15" rate="1886,2069,1900,1985" sx="M,M,M,M"/><TAIKYOKU oya="0"/><INIT seed="0,0,0,3,4,109" ten="250,250,250,250" oya="0" hai0="91,55,75,120,111,98,82,24,107,53,86,62,103" hai1="5,40,20,17,25,37,44,32,21,59,67,121,22" hai2="89,110,16,92,58,54,47,100,102,2,95,87,96" hai3="104,131,113,29,74,108,90,7,70,51,38,28,117"/><T122/><D111/><U9/><E121/><V71/><F2/><W42/><G74/><T68/><D24/><U56/><E32/><V18/><F71/><W52/><G108/><T66/><REACH who="0" step="1"/><D75/><REACH who="0" ten="240,250,250,250" step="2"/><U31/><E25/><V64/><F110/><W101/><G117/><T26/><D26/><U135/><E31/><V123/><F123/><AGARI ba="0,1" hai="53,55,62,66,68,82,86,91,98,103,107,120,122,123" machi="123" ten="40,2000,0" yaku="1,1,53,0" doraHai="109" doraHaiUra="43" who="0" fromWho="2" sc="240,30,250,0,250,-20,250,0" /><INIT seed="0,1,0,3,2,121" ten="270,250,230,250" oya="0" hai0="92,108,9,90,78,52,94,34,101,16,115,65,124" hai1="66,128,127,26,39,81,114,83,134,104,112,64,8" hai2="3,126,41,62,80,32,132,51,25,2,18,63,119" hai3="21,103,28,55,97,61,35,19,58,129,30,75,49"/><T4/><D34/><U125/><E104/><V0/><F126/><N who="1" m="48137" /><E39/><V17/><F132/><W42/><G75/><T11/><D115/><N who="1" m="44075" /><E128/><V130/><F130/><W40/><G129/><T50/><D108/><U91/><E134/><V23/><F119/><W116/><G116/><T36/><D36/><U72/><E72/><V88/><F32/><W73/><G73/><T53/><D78/><U13/><E26/><V20/><F41/><W109/><G35/><T14/><D65/><N who="1" m="25195" /><E91/><V106/><F106/><W79/><G79/><T117/><D124/><U85/><E85/><V1/><F1/><W122/><G122/><T113/><D113/><U74/><E74/><V95/><F80/><N who="1" m="30793" /><E13/><V135/><F135/><W33/><G33/><T47/><D90/><U37/><E37/><V93/><F51/><W60/><G49/><N who="0" m="28735" /><D117/><U89/><E89/><V68/><F68/><W102/><G61/><T123/><D123/><U98/><E8/><V29/><F29/><W5/><G30/><T70/><D70/><U67/><E67/><V45/><F45/><W87/><G28/><T59/><D101/><U69/><E98/><V118/><F118/><W6/><G97/><T120/><D120/><U96/><E96/><V12/><REACH who="2" step="1"/><F95/><REACH who="2" ten="270,250,220,250" step="2"/><N who="0" m="36394" /><D9/><U43/><E43/><V111/><F111/><W82/><G109/><T110/><D110/><U56/><E56/><V54/><F54/><W48/><G42/><T133/><D133/><U84/><E84/><AGARI ba="1,1" hai="0,2,3,12,17,18,20,23,25,62,63,84,88,93" machi="84" ten="40,2600,0" yaku="1,1,54,1,53,0" doraHai="121" doraHaiUra="46" who="2" fromWho="1" sc="270,0,250,-29,220,39,250,0" /><INIT seed="1,0,0,5,3,40" ten="270,221,259,250" oya="1" hai0="8,95,68,39,102,59,12,75,63,117,54,103,29" hai1="67,62,16,51,87,70,111,92,109,85,77,5,34" hai2="86,115,48,21,33,69,32,31,132,94,118,88,120" hai3="97,3,46,47,73,41,121,90,110,37,49,28,116"/><U15/><E34/><V44/><F118/><W79/><G121/><T4/><D117/><U13/><E5/><V129/><F120/><W104/><G116/><T17/><D75/><U57/><E13/><V76/><F129/><W123/><G123/><T61/><D39/><U127/><E127/><V101/><F69/><W113/><G3/><T30/><D4/><U6/><E6/><V108/><F108/><N who="1" m="41545" /><E77/><V135/><F101/><W14/><G113/><T43/><D43/><U22/><E92/><V18/><F76/><W93/><G110/><T78/><D78/><U130/><E130/><V74/><F74/><W45/><G28/><N who="0" m="10859" /><D68/><U122/><E122/><V84/><F84/><N who="1" m="32329" /><E51/><V56/><F115/><W131/><G131/><T134/><D134/><N who="2" m="51242" /><F56/><AGARI ba="0,0" hai="15,16,22,56,57,62,67,70" m="32329,41545" machi="56" ten="30,5800,0" yaku="14,1,10,1,54,1" doraHai="40" who="1" fromWho="2" sc="270,0,221,58,259,-58,250,0" /><INIT seed="1,1,0,0,4,104" ten="270,279,201,250" oya="1" hai0="35,59,77,133,45,69,54,112,114,26,101,65,18" hai1="120,128,49,15,38,106,84,127,98,76,12,62,17" hai2="50,125,39,31,108,74,88,2,10,123,57,4,11" hai3="66,37,102,33,48,107,129,61,30,24,126,27,117"/><U90/><E120/><V68/><F123/><W1/><G37/><T96/><D133/><U44/><E38/><V73/><F68/><N who="3" m="42063" /><G117/><T8/><D77/><U6/><E127/><V21/><F39/><W22/><G1/><T47/><D8/><U42/><E128/><V89/><F125/><W124/><G129/><T91/><D91/><U3/><E3/><V132/><F132/><W53/><G22/><T70/><D70/><U55/><E76/><V86/><F11/><W135/><G24/><T85/><D85/><U94/><E6/><V122/><F122/><W28/><G28/><T113/><D65/><U103/><E17/><V36/><F36/><W131/><G131/><T75/><D69/><U87/><E84/><V110/><F110/><W63/><G63/><T29/><D18/><U7/><E7/><V32/><F32/><W118/><G118/><T13/><D13/><U72/><E72/><V100/><F100/><W109/><G109/><T46/><D75/><U56/><AGARI ba="1,0" hai="12,15,42,44,49,55,56,62,87,90,94,98,103,106" machi="56" ten="30,1500,0" yaku="0,1" doraHai="104" who="1" fromWho="1" sc="270,-6,279,18,201,-6,250,-6" /><INIT seed="1,2,0,0,3,75" ten="264,297,195,244" oya="1" hai0="28,27,85,104,101,76,123,46,87,19,33,51,9" hai1="52,13,124,122,92,109,22,38,84,39,21,15,127" hai2="69,42,37,0,48,56,31,49,73,65,16,3,81" hai3="41,131,10,113,62,40,128,29,83,34,53,116,8"/><U91/><E122/><V119/><F119/><W23/><G116/><T64/><D123/><U77/><E109/><V18/><F31/><W89/><G113/><T63/><D9/><N who="3" m="3689" /><G34/><T72/><D19/><U105/><E105/><V25/><F69/><W17/><G29/><T4/><D4/><U132/><E132/><V97/><F37/><N who="1" m="13833" /><E77/><V2/><F42/><W54/><G131/><T120/><D120/><U30/><E52/><N who="3" m="20074" /><G62/><T47/><D51/><U50/><E50/><V121/><F121/><W106/><G106/><T90/><D85/><U6/><E30/><V126/><F126/><N who="1" m="48169" /><E6/><V110/><F110/><W45/><G45/><T66/><D66/><U35/><E35/><V57/><F97/><W43/><G128/><T114/><D114/><U58/><E58/><V107/><F107/><W36/><G36/><T117/><D117/><U99/><E99/><V133/><F133/><W11/><G11/><T95/><D63/><U88/><E91/><V130/><F49/><W93/><G83/><N who="0" m="45447" /><D64/><U71/><E71/><V61/><F48/><W135/><G135/><T55/><D55/><U5/><E5/><V68/><F130/><W115/><G115/><T14/><D14/><AGARI ba="2,0" hai="13,14,15,21,22,84,88,92" m="48169,13833" machi="14" ten="30,2900,0" yaku="18,1,54,1" doraHai="75" who="1" fromWho="0" sc="264,-35,297,35,195,0,244,0" /><INIT seed="1,3,0,5,2,48" ten="229,332,195,244" oya="1" hai0="113,117,98,69,43,82,108,104,29,89,129,6,7" hai1="55,3,59,94,76,97,114,105,103,125,111,83,124" hai2="133,90,86,4,123,18,120,46,36,0,130,85,58" hai3="75,96,52,87,32,131,54,101,17,95,50,5,2"/><U44/><E114/><V14/><F133/><W62/><G32/><T71/><D113/><U26/><E3/><V74/><F74/><W118/><G75/><T134/><D117/><U64/><E111/><V25/><F130/><W49/><G118/><T88/><D43/><U92/><E64/><V19/><F0/><W99/><G131/><T10/><D129/><U106/><E44/><V80/><F4/><W51/><G2/><T65/><D134/><U45/><E45/><V119/><F119/><W53/><G5/><T68/><D108/><U39/><E26/><V73/><F73/><W21/><G87/><T91/><D65/><U116/><E39/><V127/><F127/><N who="1" m="48713" /><E116/><V78/><F58/><N who="3" m="35143" /><G99/><T9/><D29/><U121/><E106/><V60/><F60/><W57/><G57/><T24/><D24/><AGARI ba="3,0" hai="17,21,24,49,50,51,53,54,95,96,101" m="35143" machi="24" ten="30,8000,1" yaku="8,1,52,3,54,1" doraHai="48" who="3" fromWho="0" sc="229,-89,332,0,195,0,244,89" /><INIT seed="2,0,0,5,2,14" ten="140,332,195,333" oya="2" hai0="49,51,126,133,82,54,110,113,16,83,0,65,41" hai1="135,87,30,97,101,8,50,42,100,90,78,95,4" hai2="71,99,61,132,122,69,72,130,125,129,26,56,34" hai3="68,119,92,48,17,116,63,12,80,114,85,47,52"/><V10/><F72/><W98/><G114/><T5/><D113/><U23/><E135/><V43/><F122/><W45/><G68/><N who="2" m="26185" /><F10/><N who="3" m="6295" /><G63/><T104/><D65/><U96/><E78/><V62/><F99/><W66/><G66/><T84/><D104/><U118/><E118/><V124/><F26/><W37/><G37/><T67/><D67/><U75/><E75/><V53/><F34/><W57/><G119/><T22/><D133/><U11/><E50/><V40/><F62/><W15/><G15/><T2/><D110/><U103/><E42/><N who="2" m="15915" /><F132/><W55/><G55/><T117/><D117/><U70/><E70/><V19/><F19/><W79/><G116/><T115/><D115/><U74/><E74/><V1/><F1/><W86/><G85/><T58/><D126/><AGARI ba="0,0" hai="53,56,61,124,125,126,129,130" m="15915,26185" machi="126" ten="40,7700,0" yaku="18,1,34,2" doraHai="14" who="2" fromWho="0" sc="140,-77,332,0,195,77,333,0" /><INIT seed="2,1,0,5,0,31" ten="63,332,272,333" oya="2" hai0="126,127,133,107,135,87,21,98,110,42,37,26,25" hai1="18,49,80,106,101,4,46,30,51,72,125,64,94" hai2="15,85,43,9,131,73,128,79,82,55,36,0,74" hai3="111,122,78,56,130,14,40,83,88,129,68,39,119"/><V97/><F55/><W57/><G68/><T29/><D42/><U67/><E106/><V20/><F20/><W59/><G122/><T44/><D44/><U17/><E125/><N who="0" m="47625" /><D37/><U1/><E1/><V63/><F63/><W5/><G119/><T2/><D87/><U66/><E4/><N who="2" m="1159" /><F15/><W34/><G34/><N who="0" m="20783" /><D98/><N who="1" m="59607" /><E30/><V121/><F85/><N who="3" m="50239" /><G78/><T75/><D107/><U38/><E38/><V102/><F121/><W45/><G56/><T114/><D75/><U99/><E72/><N who="2" m="43367" /><F97/><W105/><G105/><T62/><D62/><U11/><E99/><V27/><F27/><W6/><G59/><T89/><D89/><U96/><E96/><V84/><F84/><W65/><G57/><T76/><D76/><U104/><E104/><V28/><F28/><W13/><G65/><T8/><D114/><U103/><E103/><V48/><F48/><N who="1" m="18505" /><E80/><V92/><F92/><W118/><G118/><T112/><D112/><U86/><E86/><V117/><F102/><W115/><G115/><T61/><D61/><U109/><E11/><V93/><F93/><W47/><G47/><T41/><D41/><U124/><E46/><N who="2" m="23911" /><F117/><W123/><G45/><T95/><D95/><U50/><E50/><V12/><F12/><N who="3" m="4715" /><G39/><T90/><D90/><U19/><E124/><V53/><F53/><W24/><G40/><T3/><D110/><U134/><E109/><V120/><F120/><W32/><G123/><T108/><D108/><U60/><E60/><V77/><F77/><W113/><G111/><T70/><D70/><U10/><E10/><V54/><F54/><W100/><G100/><T35/><D8/><RYUUKYOKU ba="1,0" sc="63,-15,332,15,272,15,333,-15" hai1="17,18,19,64,66,67,134" hai2="73,74,128,131" /><INIT seed="2,2,0,1,5,75" ten="48,347,287,318" oya="2" hai0="49,94,8,83,23,15,30,86,59,26,79,21,114" hai1="87,43,18,64,2,129,62,22,19,89,127,105,17" hai2="92,34,9,77,113,45,97,112,95,128,48,68,123" hai3="66,14,50,31,80,134,124,102,78,74,28,121,118"/><V130/><F68/><W101/><G121/><T109/><D114/><U60/><E2/><V85/><F34/><W99/><G118/><T72/><D109/><U16/><E105/><V76/><F9/><W55/><G134/><T70/><D70/><U58/><E127/><V91/><F123/><W98/><G124/><T12/><D72/><U111/><E111/><V20/><F20/><W65/><G14/><T88/><D21/><U117/><E117/><V33/><F33/><W103/><G66/><T93/><D15/><U56/><E129/><N who="2" m="49771" /><F45/><W73/><G74/><T90/><D79/><N who="2" m="30282" /><F48/><W52/><G65/><T44/><D59/><U116/><E43/><V82/><F95/><W69/><G69/><T107/><D107/><U5/><E116/><V24/><F24/><W96/><REACH who="3" step="1"/><G55/><REACH who="3" ten="48,347,287,308" step="2"/><T119/><D119/><U3/><E3/><V51/><F51/><W7/><G7/><T39/><D39/><U1/><E5/><V125/><F125/><W36/><G36/><T47/><D49/><U133/><E1/><V110/><F110/><W13/><G13/><T120/><D120/><U29/><E133/><V122/><F122/><W35/><G35/><T11/><D12/><U57/><E22/><V135/><F135/><W37/><G37/><T115/><D115/><U71/><E71/><V100/><AGARI ba="2,1" hai="82,85,91,92,97,100,112,113" m="30282,49771" machi="100" ten="30,18000,2" yaku="19,1,34,2,52,3" doraHai="75" who="2" fromWho="2" sc="48,-62,347,-62,287,196,308,-62" owari="-14,-51.0,285,9.0,483,57.0,246,-15.0" /></mjloggm>