<mjloggm ver="2.3"><GO type="169"/><UN n0="%E3%82%B4%E3%83%9F%E3%82%AF%E3%82%BA%E4%B8%83%E6%AE%B5" n1="%6B%6F%67%65%70%61%6E" n2="%EF%BC%88%E2%89%A7%E2%96%BD%E2%89%A6%EF%BC%89" n3="%E3%83%9F%E3%82%B9%E3%83%88%E3%83%A9%E3%83%AB%E2%98%86" dan="17,16,18,16" rate="2181,2107,2238,2040" sx="M,M,M,F"/><TAIKYOKU oya="0"/><INIT seed="0,0,0,1,5,62" ten="250,250,250,250" oya="0" hai0="23,108,20,42,78,116,13,24,44,73,18,16,2" hai1="97,60,66,25,90,124,52,106,102,29,64,76,50" hai2="36,87,31,94,71,30,26,59,46,47,12,115,105" hai3="93,63,121,129,4,43,21,15,58,103,53,100,109"/><T80/><D116/><U113/><E124/><V99/><F71/><W41/><G109/><T85/><D108/><U45/><E113/><V61/><F105/><W19/><G129/><T55/><D2/><U75/><E90/><V68/><F68/><W57/><G121/><T120/><D120/><U83/><REACH who="1" step="1"/><E60/><REACH who="1" ten="250,240,250,250" step="2"/><V134/><F61/><W132/><G132/><T82/><D55/><U37/><E37/><V51/><F36/><W9/><G100/><T126/><D126/><U72/><E72/><V117/><F134/><W95/><G103/><T28/><D28/><U33/><AGARI ba="0,1" hai="25,29,33,45,50,52,64,66,75,76,83,97,102,106" machi="33" ten="20,12000,2" yaku="1,1,0,1,7,1,52,2,54,1,53,0" doraHai="62" doraHaiUra="135" who="1" fromWho="1" sc="250,-60,240,130,250,-30,250,-30" /><INIT seed="1,0,0,5,0,54" ten="190,370,220,220" oya="1" hai0="46,86,11,59,62,44,22,42,85,123,121,69,124" hai1="57,134,53,98,109,51,18,116,88,65,105,84,114" hai2="127,110,129,64,19,73,55,9,13,125,113,72,56" hai3="60,126,117,133,58,32,31,81,7,6,96,74,38"/><U47/><E114/><V135/><F135/><W52/><G38/><T118/><D118/><U131/><E116/><V16/><F113/><W75/><G133/><T12/><D69/><U14/><E134/><V68/><F129/><W128/><G128/><T30/><D30/><U17/><E131/><V1/><F1/><W5/><G117/><T2/><D2/><U34/><E34/><V93/><F93/><W77/><G126/><N who="2" m="48137" /><F110/><W106/><G32/><T70/><D70/><U48/><E109/><V92/><F92/><W63/><G31/><T97/><D22/><U67/><E98/><V45/><F45/><N who="0" m="17514" /><D42/><N who="1" m="24695" /><E105/><V29/><F29/><W36/><G36/><T89/><D124/><U20/><E17/><V49/><F19/><W111/><G111/><T107/><D107/><U132/><E132/><V8/><F8/><W50/><REACH who="3" step="1"/><G74/><REACH who="3" ten="190,370,220,210" step="2"/><T87/><D123/><U23/><E23/><V21/><F21/><W27/><G27/><T119/><D121/><U26/><E26/><V61/><AGARI ba="0,1" hai="9,13,16,49,55,56,61,64,68,72,73" m="48137" machi="61" ten="30,4000,0" yaku="18,1,52,1,54,1" doraHai="54" who="2" fromWho="2" sc="190,-10,370,-20,220,50,210,-10" /><INIT seed="2,0,0,5,0,76" ten="180,350,270,200" oya="2" hai0="65,68,121,70,71,107,52,45,106,72,132,18,98" hai1="75,80,47,19,125,134,104,66,111,17,116,115,59" hai2="83,27,117,31,13,91,57,12,81,97,93,99,110" hai3="62,39,58,100,95,38,86,15,42,88,30,118,24"/><V63/><F117/><W29/><G118/><T28/><D121/><U79/><E104/><V77/><F110/><W26/><G42/><T37/><D132/><U25/><E116/><V135/><F135/><W44/><G44/><T0/><D0/><U33/><E115/><V89/><F99/><W73/><G73/><T64/><D72/><U82/><E134/><V10/><F89/><W119/><G100/><T102/><D28/><U56/><E125/><V130/><F130/><W53/><G15/><N who="2" m="5705" /><F10/><W8/><G8/><T11/><D107/><U90/><E111/><V120/><F77/><W16/><G119/><T54/><D18/><U126/><E126/><V85/><F85/><W41/><G16/><T129/><D129/><U128/><E128/><V123/><F123/><W20/><REACH who="3" step="1"/><G41/><REACH who="3" ten="180,350,270,190" step="2"/><T34/><D11/><U51/><E19/><V23/><F120/><W112/><G112/><T35/><D45/><U113/><E17/><V127/><F127/><W48/><G48/><T22/><D102/><U114/><E114/><V74/><F74/><W87/><G87/><T21/><D98/><U55/><E113/><V131/><F131/><W124/><G124/><T4/><D4/><U46/><E75/><V6/><F6/><W78/><G78/><T9/><D9/><U69/><E79/><V94/><F94/><W14/><G14/><T122/><D106/><U96/><E51/><V40/><F40/><W5/><G5/><T84/><D122/><U50/><E50/><V43/><F43/><W1/><G1/><T109/><D109/><U49/><E49/><V36/><F36/><RYUUKYOKU ba="0,1" sc="180,-15,350,-15,270,15,190,15" hai2="23,27,31,57,63,81,83,91,93,97" hai3="20,24,26,29,30,38,39,53,58,62,86,88,95" /><INIT seed="2,1,1,5,5,98" ten="165,335,285,205" oya="2" hai0="109,99,80,72,82,16,43,3,102,100,65,66,21" hai1="28,85,7,4,134,9,94,44,54,2,35,18,73" hai2="104,107,32,117,51,93,6,132,14,119,15,74,34" hai3="33,116,114,123,95,50,79,77,1,26,127,133,52"/><V121/><F74/><W84/><G1/><T120/><D3/><U103/><E73/><V106/><F121/><W62/><G123/><T125/><D125/><U124/><E7/><V81/><F81/><N who="0" m="31338" /><D109/><U69/><E69/><V8/><F132/><W30/><G116/><T88/><D72/><U115/><E115/><V20/><F51/><W108/><G108/><T19/><D43/><U29/><E35/><V78/><F78/><W60/><G133/><T41/><D41/><U64/><E64/><N who="0" m="24681" /><D120/><U63/><E2/><V40/><F40/><W38/><G127/><T55/><D55/><U87/><E54/><V10/><F20/><W56/><G38/><T75/><D75/><U49/><E134/><V86/><F119/><W61/><G114/><T39/><D39/><U48/><E124/><V53/><F53/><W112/><G112/><T111/><D111/><U5/><E49/><V83/><F117/><W12/><G12/><N who="0" m="9351" /><D19/><U101/><E18/><V11/><F34/><W31/><G30/><T42/><D42/><U105/><E29/><V46/><F32/><W71/><G71/><T24/><D24/><U128/><E28/><V126/><F126/><W13/><G13/><T47/><D47/><U130/><E44/><V0/><F46/><W68/><G68/><T89/><D99/><U118/><E118/><V59/><F15/><W113/><G113/><T92/><D92/><U37/><E94/><V45/><F45/><W17/><G17/><T58/><D58/><U96/><E37/><V76/><F14/><W67/><G67/><T97/><D97/><U57/><E96/><RYUUKYOKU ba="1,1" sc="165,15,335,-15,285,-15,205,15" hai0="88,89,100,102" hai3="26,31,33,50,52,56,60,61,62,77,79,84,95" /><INIT seed="3,2,1,1,1,113" ten="180,320,270,220" oya="3" hai0="20,104,57,59,116,85,67,81,82,14,132,29,75" hai1="27,33,71,49,34,15,10,100,112,117,45,23,9" hai2="83,26,91,21,115,16,19,66,95,133,127,53,120" hai3="106,6,37,76,50,118,102,69,123,3,79,18,97"/><W126/><G37/><T128/><D104/><U72/><E112/><V107/><F107/><W135/><G69/><T105/><D105/><U55/><E72/><V46/><F115/><W52/><G3/><T12/><D132/><U39/><E71/><V93/><F120/><W114/><G6/><T124/><D128/><U17/><E9/><V63/><F127/><W125/><G114/><T60/><D124/><N who="3" m="47721" /><G123/><T87/><D75/><U109/><E109/><V2/><F2/><W38/><G38/><T28/><D116/><U30/><E100/><V98/><F133/><W89/><G135/><T61/><D20/><U41/><E117/><V70/><F83/><W43/><G43/><T92/><D92/><U101/><E101/><V11/><F95/><W22/><G89/><T31/><D31/><U35/><E35/><V47/><REACH who="2" step="1"/><F53/><REACH who="2" ten="180,320,260,220" step="2"/><W56/><G118/><T62/><REACH who="0" step="1"/><D62/><REACH who="0" ten="170,320,260,220" step="2"/><U7/><E30/><V90/><F90/><W78/><G78/><T42/><D42/><U110/><E110/><V134/><F134/><W119/><G119/><T94/><D94/><U58/><AGARI ba="2,3" hai="7,10,15,17,23,27,33,34,39,41,45,49,55,58" machi="58" ten="20,1500,0" yaku="0,1,7,1" doraHai="113" who="1" fromWho="1" sc="170,-6,320,51,260,-6,220,-9" /><INIT seed="4,0,0,4,2,69" ten="164,371,254,211" oya="0" hai0="108,130,72,35,24,101,73,57,22,15,107,131,71" hai1="1,7,34,2,83,59,21,82,44,134,86,58,25" hai2="133,14,23,45,112,0,67,28,116,54,75,129,65" hai3="26,84,60,47,99,37,76,5,52,110,18,103,81"/><T39/><D71/><U55/><E34/><V96/><F75/><W12/><G110/><T42/><D108/><U104/><E104/><V8/><F0/><W30/><G5/><T117/><D117/><U98/><E98/><V43/><F116/><W92/><G60/><T111/><D111/><U105/><E105/><V77/><F77/><W87/><G87/><T132/><D132/><U17/><E134/><V16/><F112/><W102/><G102/><T78/><D15/><U70/><E70/><V119/><F119/><W115/><G115/><T3/><D3/><U126/><E126/><V74/><F74/><N who="0" m="28778" /><D57/><U93/><E59/><V41/><F133/><W114/><G114/><T109/><D22/><U61/><E2/><V6/><F6/><W40/><G52/><T80/><D80/><U4/><E1/><V20/><F20/><W19/><REACH who="3" step="1"/><G12/><REACH who="3" ten="164,371,254,201" step="2"/><T90/><D109/><U68/><E55/><V50/><F14/><W100/><G100/><T94/><D101/><U135/><E135/><V13/><F13/><W63/><G63/><T53/><D53/><U46/><E61/><V122/><F54/><W11/><G11/><T29/><D107/><U49/><E7/><V51/><F8/><W95/><G95/><T113/><D113/><U79/><E4/><V62/><F62/><W127/><G127/><T10/><D10/><U118/><E93/><V97/><F67/><W64/><G64/><T33/><D94/><U36/><E118/><V125/><F65/><W88/><G88/><T121/><D90/><U38/><E86/><V85/><F85/><W56/><G56/><RYUUKYOKU ba="0,1" sc="164,-10,371,-10,254,-10,201,30" hai3="18,19,26,30,37,40,47,76,81,84,92,99,103" /><INIT seed="5,1,1,0,5,7" ten="154,361,244,231" oya="1" hai0="110,0,21,41,27,124,64,115,93,131,89,52,82" hai1="91,43,70,98,116,99,88,57,40,106,87,51,8" hai2="94,6,90,15,25,133,13,129,134,111,63,74,11" hai3="127,1,132,118,55,92,96,19,59,24,83,10,100"/><U38/><E70/><V76/><F111/><W32/><G132/><N who="2" m="50793" /><F129/><W22/><G127/><T97/><D110/><U48/><E38/><V68/><F25/><W18/><G118/><T45/><D131/><U71/><E71/><V37/><F37/><W50/><G32/><T9/><D124/><U35/><E35/><V58/><F68/><W105/><G83/><T103/><D64/><U81/><E106/><V121/><F121/><W5/><REACH who="3" step="1"/><G105/><REACH who="3" ten="154,361,244,221" step="2"/><T130/><D130/><U123/><E81/><V33/><F33/><W126/><G126/><T135/><D135/><U60/><E116/><V47/><F74/><W75/><G75/><T125/><D125/><U4/><E123/><V80/><F80/><W73/><G73/><T65/><D82/><U102/><E99/><N who="2" m="57815" /><F76/><W66/><G66/><T56/><D65/><U109/><E98/><V117/><F117/><W101/><G101/><T49/><D115/><U12/><E102/><V114/><F114/><W26/><G26/><T16/><D103/><U128/><E109/><V84/><F84/><W78/><G78/><T31/><D0/><U104/><E128/><V72/><F72/><W42/><G42/><T62/><REACH who="0" step="1"/><D9/><REACH who="0" ten="144,361,244,221" step="2"/><U108/><E8/><V95/><F11/><W54/><G54/><T28/><AGARI ba="1,3" hai="16,21,27,28,31,41,45,49,52,56,62,89,93,97" machi="28" ten="30,16000,3" yaku="1,1,2,1,0,1,25,2,8,1,54,2,53,0" doraHai="7" doraHaiUra="3" who="0" fromWho="0" sc="144,193,361,-81,244,-41,221,-41" /><INIT seed="6,0,0,4,2,26" ten="337,280,203,180" oya="2" hai0="10,46,30,33,14,70,42,56,135,118,89,72,67" hai1="39,2,35,87,117,80,47,29,20,76,99,115,90" hai2="36,96,18,49,43,81,86,45,11,85,61,3,98" hai3="88,122,34,1,73,134,102,129,5,66,69,119,65"/><V9/><F3/><W112/><RYUUKYOKU type="yao9" ba="0,0" sc="337,0,280,0,203,0,180,0" hai3="1,5,34,65,66,69,73,88,102,112,119,122,129,134" /><INIT seed="6,1,0,5,5,85" ten="337,280,203,180" oya="2" hai0="27,101,50,121,39,116,77,133,79,55,84,11,29" hai1="113,110,59,117,134,131,74,2,36,97,53,92,21" hai2="52,15,71,126,40,10,49,22,125,65,51,72,63" hai3="108,78,118,102,37,19,48,99,32,111,115,25,93"/><V31/><F72/><W124/><G37/><T9/><D121/><U28/><E2/><V56/><F22/><W76/><G118/><T62/><D39/><U81/><E36/><V66/><F31/><W24/><G124/><N who="2" m="47721" /><F15/><W120/><G120/><T54/><D133/><U95/><E110/><V103/><F10/><N who="0" m="3594" /><D116/><U127/><E117/><V42/><F103/><W0/><G0/><T90/><D101/><U23/><E127/><V130/><F130/><W26/><G32/><T8/><D8/><U68/><E23/><V114/><F114/><W129/><G115/><T58/><D27/><U5/><E21/><V45/><F66/><W128/><G19/><T80/><D29/><U20/><E28/><V16/><F16/><W3/><G3/><T30/><D30/><U69/><E131/><N who="3" m="50250" /><G48/><T106/><D106/><U132/><E113/><V98/><F98/><W60/><G60/><T46/><AGARI ba="1,0" hai="46,50,54,55,58,62,77,79,80,84,90" m="3594" machi="46" ten="30,2000,0" yaku="8,1,52,1" doraHai="85" who="0" fromWho="0" sc="337,23,280,-6,203,-11,180,-6" /><INIT seed="7,0,0,4,4,11" ten="360,274,192,174" oya="3" hai0="99,21,98,102,44,130,32,64,135,90,116,34,2" hai1="92,26,78,124,120,36,4,108,73,24,72,107,29" hai2="106,69,127,46,60,68,103,37,82,47,45,125,95" hai3="96,30,23,93,53,48,63,83,25,39,88,42,86"/><W18/><G39/><T62/><D116/><U19/><E36/><V38/><F106/><W112/><G112/><T81/><D2/><U110/><E92/><V56/><F82/><W5/><G42/><T85/><D135/><U12/><E78/><V126/><F95/><W133/><G133/><T128/><D44/><U75/><E107/><V70/><F103/><W3/><G63/><T118/><D21/><U55/><E55/><AGARI ba="0,0" hai="37,38,45,46,47,55,56,60,68,69,70,125,126,127" machi="55" ten="50,12000,2" yaku="29,2,18,1,34,3" doraHai="11" who="2" fromWho="1" sc="360,0,274,-120,192,120,174,0" owari="360,47.0,154,-35.0,312,11.0,174,-23.0" /></mjloggm>