<mjloggm ver="2.3"><GO type="169"/><UN n0="%73%65%69%79%61%6A%70%35" n1="%EF%BC%88%E2%89%A7%E2%96%BD%E2%89%A6%EF%BC%89" n2="%E3%82%BC%E3%83%B3%E3%83%84%E3%83%83%E3%83%91" n3="%4B%E3%80%82" dan="16,18,19,16" rate="2121,2183,2277,2159" sx="M,M,M,M"/><TAIKYOKU oya="0"/><INIT seed="0,0,0,1,1,117" ten="250,250,250,250" oya="0" hai0="125,37,106,67,83,129,33,92,109,132,112,71,38" hai1="55,79,134,47,120,42,5,115,66,7,43,103,127" hai2="135,89,50,29,53,28,84,118,111,60,63,131,1" hai3="58,128,94,61,34,25,78,44,18,9,96,69,40"/><T99/><D67/><U62/><E115/><V70/><F111/><W65/><G128/><T15/><D83/><U8/><E134/><V88/><F1/><W45/><G78/><T13/><D13/><U57/><E127/><V105/><F105/><W87/><G87/><T116/><D99/><U39/><E120/><V97/><F135/><W124/><G124/><T23/><D15/><U76/><E103/><V51/><F131/><W107/><G40/><T123/><D92/><U32/><E32/><V68/><F97/><W73/><G73/><T49/><D23/><U4/><E42/><V0/><F0/><W11/><G58/><T110/><D49/><U41/><E41/><V101/><F118/><W114/><G114/><T16/><D16/><U36/><E36/><V6/><F84/><W91/><G107/><T20/><D20/><U108/><E108/><V77/><F53/><W104/><G104/><T14/><D14/><U17/><E17/><V102/><REACH who="2" step="1"/><F77/><REACH who="2" ten="250,250,240,250" step="2"/><W85/><G85/><T80/><D109/><U90/><E76/><V19/><F19/><W81/><G18/><T126/><D125/><U21/><E79/><V3/><F3/><W130/><G130/><T74/><D80/><U56/><E8/><V12/><F12/><W122/><G81/><T27/><D27/><U72/><E72/><V35/><F35/><W75/><G75/><T48/><D48/><N who="1" m="30823" /><E21/><V133/><F133/><W2/><G9/><T86/><D86/><U121/><E121/><V113/><F113/><W10/><G122/><T24/><D24/><U22/><E22/><V93/><F93/><RYUUKYOKU ba="0,1" sc="250,10,250,10,240,10,250,-30" hai0="33,37,38,71,74,106,110,112,116,123,126,129,132" hai1="4,5,7,39,43,47,57,62,66,90" hai2="6,28,29,50,51,60,63,68,70,88,89,101,102" /><INIT seed="0,1,1,4,5,16" ten="260,260,250,220" oya="0" hai0="52,40,45,15,100,97,122,71,50,89,61,108,99" hai1="10,27,67,69,44,112,91,117,92,101,55,118,72" hai2="135,134,90,64,70,129,93,75,123,34,63,11,57" hai3="26,87,88,124,77,62,9,8,60,78,36,13,47"/><T39/><D122/><U3/><E72/><V14/><F123/><W24/><G124/><T4/><D108/><U119/><E101/><V38/><F34/><W32/><G36/><T41/><D89/><U115/><E27/><V49/><F38/><W111/><G47/><T37/><D99/><U79/><E79/><N who="3" m="30218" /><G111/><T86/><D86/><U20/><E10/><N who="3" m="4202" /><G32/><T82/><D4/><U51/><E3/><V120/><F120/><W1/><G13/><T22/><D15/><U46/><E20/><V80/><F129/><W85/><G1/><T116/><D22/><U110/><E110/><V43/><F80/><N who="3" m="49191" /><G87/><T2/><D2/><U0/><E0/><V107/><F107/><W42/><G42/><N who="0" m="22751" /><D82/><U74/><E74/><V76/><F76/><W31/><G31/><T66/><D116/><U94/><E46/><N who="2" m="25823" /><F75/><W12/><G12/><T109/><D37/><U18/><E18/><N who="2" m="8543" /><F90/><W113/><G113/><N who="1" m="43594" /><E91/><V130/><F93/><W83/><G83/><T6/><D6/><U132/><E92/><V73/><F73/><W48/><G26/><T98/><D109/><U33/><E94/><V106/><F106/><W21/><G48/><T127/><D127/><U53/><E33/><V30/><F30/><W65/><G24/><T125/><D125/><U128/><E118/><V5/><F5/><W103/><G103/><T58/><D98/><U56/><E119/><V121/><F121/><W7/><G7/><T25/><D25/><U114/><E117/><V35/><F35/><W54/><G21/><T131/><D131/><U59/><E128/><V104/><F130/><W29/><G29/><RYUUKYOKU ba="1,1" sc="260,30,260,-10,250,-10,220,-10" hai0="40,41,50,52,58,61,66,71,97,100" /><INIT seed="0,2,1,4,5,81" ten="290,250,240,210" oya="0" hai0="99,68,41,122,98,31,110,57,129,128,9,80,38" hai1="87,53,73,119,103,16,40,21,95,26,29,27,108" hai2="58,2,106,135,44,30,67,107,102,55,13,92,23" hai3="125,25,4,36,63,12,115,113,62,45,47,71,28"/><T39/><D122/><U11/><E73/><V1/><F135/><W74/><G74/><T72/><D68/><U75/><E119/><V104/><F67/><W112/><G125/><T18/><D110/><U69/><E75/><V78/><F78/><W85/><G71/><T19/><D31/><U120/><E69/><V17/><F44/><W66/><G36/><T54/><D80/><U126/><E120/><V49/><REACH who="2" step="1"/><F30/><REACH who="2" ten="290,250,230,210" step="2"/><W83/><G47/><N who="0" m="23991" /><D39/><U56/><E126/><V88/><F88/><W93/><G45/><T52/><D72/><U37/><E37/><V32/><F32/><W7/><G66/><T86/><D19/><U90/><E108/><V130/><F130/><N who="0" m="50282" /><D18/><U134/><E134/><V48/><F48/><W42/><G115/><T105/><D105/><U89/><E40/><V3/><F3/><W76/><G42/><T60/><D9/><U24/><E90/><V94/><F94/><W51/><G51/><T8/><D8/><U50/><E103/><V64/><F64/><W109/><G109/><T79/><D54/><U127/><E127/><V124/><F124/><W22/><G93/><T14/><D14/><AGARI ba="2,2" hai="11,14,16,21,24,26,27,29,50,53,56,87,89,95" machi="14" ten="40,5200,0" yaku="8,1,52,1,54,1" doraHai="81" who="1" fromWho="0" sc="290,-58,250,78,230,0,210,0" /><INIT seed="1,0,0,5,4,30" ten="232,328,230,210" oya="1" hai0="14,105,59,91,58,18,121,31,132,116,22,39,94" hai1="20,67,70,107,66,102,112,52,36,10,119,34,80" hai2="29,32,118,124,123,3,46,60,127,38,51,4,45" hai3="5,96,109,26,84,103,101,78,111,49,97,62,95"/><U117/><E34/><V134/><F123/><W131/><G5/><T11/><D121/><U53/><E10/><N who="2" m="2335" /><F118/><N who="1" m="45065" /><E20/><V1/><F1/><W122/><G122/><T135/><D116/><U61/><E102/><V69/><F51/><W106/><G49/><T89/><D105/><U44/><E80/><V57/><F57/><W42/><G62/><T8/><D39/><U83/><E83/><V75/><F75/><W55/><G55/><N who="1" m="21066" /><E107/><V43/><F46/><W81/><G42/><T104/><D104/><U24/><E24/><N who="2" m="18471" /><F134/><N who="0" m="51242" /><D91/><U33/><E33/><V115/><F115/><W56/><G56/><N who="0" m="21547" /><D31/><U85/><E85/><AGARI ba="0,0" hai="8,11,14,18,22,85,89,94" m="21547,51242" machi="85" ten="30,1000,0" yaku="20,1" doraHai="30" who="0" fromWho="1" sc="232,10,328,-10,230,0,210,0" /><INIT seed="2,0,0,3,2,61" ten="242,318,230,210" oya="2" hai0="15,87,36,112,119,107,100,125,39,63,68,23,120" hai1="58,14,90,12,80,64,55,26,86,51,75,99,115" hai2="98,117,109,1,3,34,47,102,46,135,53,54,96" hai3="27,127,71,131,121,28,106,30,94,95,24,44,37"/><V20/><F117/><W45/><G121/><T10/><D119/><U41/><E115/><V22/><F102/><W42/><G106/><T62/><D120/><U0/><E0/><V89/><F89/><W35/><G131/><T74/><D74/><U11/><E75/><V101/><F101/><W82/><G127/><T81/><D125/><U50/><E26/><V70/><F70/><W31/><G71/><T130/><D112/><U33/><E33/><V91/><F91/><W132/><G132/><T52/><D130/><U84/><E99/><V17/><F34/><W85/><G45/><T16/><D100/><U60/><E86/><V103/><F103/><W57/><G57/><T67/><D107/><U105/><E105/><V79/><F17/><W32/><REACH who="3" step="1"/><G30/><REACH who="3" ten="242,318,230,200" step="2"/><T2/><D2/><U49/><E41/><V29/><F29/><W129/><G129/><T133/><D133/><U25/><E25/><V4/><F135/><W110/><G110/><T40/><D40/><U134/><E134/><V43/><F43/><W126/><G126/><T5/><D39/><U118/><E118/><V108/><REACH who="2" step="1"/><F79/><AGARI ba="0,1" hai="24,27,28,31,32,35,37,42,44,79,82,85,94,95" machi="79" ten="30,3900,0" yaku="1,1,7,1,9,1,53,0" doraHai="61" doraHaiUra="19" who="3" fromWho="2" sc="242,0,318,0,230,-39,200,49" /><INIT seed="3,0,0,1,3,11" ten="242,318,191,249" oya="3" hai0="2,124,64,38,26,3,99,30,93,28,8,37,51" hai1="4,111,106,48,129,25,110,34,71,114,98,73,15" hai2="69,1,109,118,86,58,84,123,103,62,45,104,9" hai3="29,53,132,125,67,35,46,19,74,57,66,16,77"/><W24/><G132/><T56/><D124/><U17/><E73/><V12/><F109/><W22/><G125/><T83/><D83/><U41/><E71/><V89/><F118/><W13/><G74/><T121/><D121/><U112/><E41/><V85/><F123/><W100/><G77/><T134/><D134/><U47/><E47/><V117/><F117/><W54/><G100/><T133/><D133/><U27/><E48/><V59/><F1/><W131/><G131/><T95/><D30/><N who="1" m="19791" /><E98/><V76/><F76/><W61/><REACH who="3" step="1"/><G19/><REACH who="3" ten="242,318,191,239" step="2"/><T115/><D115/><N who="1" m="44075" /><E129/><V81/><F103/><W70/><G70/><T55/><D28/><U122/><E122/><V20/><F69/><W94/><G94/><T108/><D95/><U113/><E113/><V7/><F104/><W97/><G97/><T33/><D93/><U105/><E106/><V87/><F87/><W44/><G44/><T80/><D99/><U119/><E105/><V91/><F45/><W101/><G101/><T49/><D80/><U36/><E119/><V5/><F85/><W43/><G43/><T39/><D56/><U126/><E126/><V10/><F59/><W92/><G92/><T6/><D6/><U32/><E4/><V88/><F84/><W40/><G40/><T31/><D31/><N who="1" m="19583" /><E36/><V135/><F135/><W128/><G128/><T42/><D39/><U78/><E78/><V107/><F107/><W0/><G0/><T130/><D38/><U120/><E120/><V18/><F5/><W50/><AGARI ba="0,1" hai="13,16,22,24,29,35,46,50,53,54,57,61,66,67" machi="50" ten="30,11700,0" yaku="1,1,0,1,52,1,54,1,53,0" doraHai="11" doraHaiUra="127" who="3" fromWho="3" sc="242,-39,318,-39,191,-39,239,127" /><INIT seed="3,1,0,5,3,63" ten="203,279,152,366" oya="3" hai0="88,27,134,129,81,13,108,72,6,70,54,19,62" hai1="100,90,45,101,91,41,2,119,107,58,31,42,126" hai2="105,60,71,122,121,85,9,26,114,52,24,53,20" hai3="128,15,109,93,87,36,37,96,67,78,118,64,76"/><W34/><G118/><T49/><D108/><U48/><E2/><V50/><F114/><W80/><G34/><T123/><D123/><N who="2" m="47114" /><F105/><W86/><G109/><T12/><D134/><U74/><E74/><V66/><F9/><W84/><G128/><T73/><D129/><U95/><E119/><V103/><F103/><N who="1" m="39497" /><E107/><V132/><F132/><W116/><G116/><T83/><D27/><N who="2" m="10282" /><F20/><W38/><G15/><T127/><D127/><U22/><E126/><V51/><F85/><W59/><G59/><T55/><D6/><U97/><E58/><V124/><F124/><W46/><G46/><T40/><D40/><N who="1" m="24615" /><E22/><V135/><F135/><W110/><G110/><T8/><D13/><U10/><E10/><V43/><F43/><W25/><G25/><T113/><D113/><U61/><E31/><V79/><F79/><W68/><G68/><T29/><D29/><U104/><E104/><V120/><N who="2" m="47122" /><V82/><DORA hai="30" /><F82/><W89/><REACH who="3" step="1"/><G78/><REACH who="3" ten="203,279,152,356" step="2"/><T65/><D70/><U112/><E112/><V98/><F98/><W23/><G23/><T47/><D47/><U92/><E97/><V7/><F7/><W133/><G133/><T21/><D21/><U131/><E131/><V77/><F77/><W28/><G28/><T106/><D12/><U0/><E0/><V17/><F17/><W11/><G11/><T39/><D19/><U130/><E130/><V16/><F16/><W94/><G94/><T3/><D8/><U57/><E95/><V44/><F44/><W56/><G56/><T5/><D3/><U32/><E92/><V111/><F111/><W75/><AGARI ba="1,1" hai="36,37,38,64,67,75,76,80,84,86,87,89,93,96" machi="75" ten="40,12000,1" yaku="1,1,5,1,0,1,52,2,53,0" doraHai="63,30" doraHaiUra="117,4" who="3" fromWho="3" sc="203,-41,279,-41,152,-41,356,133" /><INIT seed="3,2,0,0,1,21" ten="162,238,111,489" oya="3" hai0="70,65,110,40,18,12,86,46,75,96,73,83,107" hai1="95,53,90,36,89,106,14,101,17,128,71,52,74" hai2="113,130,131,0,87,19,41,64,132,116,51,98,112" hai3="31,68,109,42,50,48,80,84,77,28,3,55,56"/><W72/><G68/><T92/><D110/><U58/><E74/><V78/><F0/><W126/><G3/><T124/><D124/><U59/><E36/><V24/><F116/><W35/><G126/><T5/><D5/><U38/><E38/><V37/><F37/><W111/><G72/><T119/><D107/><U26/><E71/><V118/><F118/><W8/><G8/><T25/><D119/><U60/><E128/><N who="2" m="49195" /><F64/><W120/><G120/><T91/><D65/><U47/><E47/><N who="2" m="26095" /><F132/><W79/><G79/><T15/><D70/><U10/><E106/><V49/><F49/><W27/><REACH who="3" step="1"/><G31/><REACH who="3" ten="162,238,111,479" step="2"/><T13/><D75/><U93/><E10/><V105/><F78/><W88/><G88/><N who="0" m="55303" /><D73/><U108/><E90/><V129/><F129/><W32/><G32/><T97/><D91/><U16/><E89/><V134/><F134/><W45/><AGARI ba="2,1" hai="27,28,35,42,45,48,50,55,56,77,80,84,109,111" machi="45" ten="30,6000,0" yaku="1,1,0,1,52,1,53,0" doraHai="21" doraHaiUra="66" who="3" fromWho="3" sc="162,-22,238,-22,111,-22,479,76" /><INIT seed="3,3,0,1,2,120" ten="140,216,89,555" oya="3" hai0="49,36,96,70,14,12,11,40,93,82,76,24,107" hai1="26,89,13,84,83,20,129,102,101,3,2,78,48" hai2="54,130,104,46,32,43,15,22,99,55,79,64,91" hai3="10,23,119,131,53,44,29,100,74,133,114,80,45"/><W72/><G119/><T87/><D70/><U110/><E129/><V94/><F130/><W52/><G114/><T41/><D36/><U62/><E3/><V6/><F32/><W115/><G115/><T34/><D107/><U103/><E2/><V27/><F104/><W66/><G131/><T60/><D60/><U1/><E1/><V68/><F79/><W71/><G100/><T31/><D49/><U106/><E106/><V73/><F73/><W56/><G71/><T39/><D39/><U17/><E62/><V38/><F64/><W5/><G29/><T18/><REACH who="0" step="1"/><D12/><REACH who="0" ten="130,216,89,555" step="2"/><U63/><E63/><V47/><F68/><W51/><G51/><T123/><D123/><U95/><E48/><V75/><F15/><W88/><G66/><T116/><D116/><U85/><E110/><V124/><F38/><W132/><G132/><T4/><D4/><U8/><REACH who="1" step="1"/><E103/><AGARI ba="3,1" hai="11,14,18,24,31,34,40,41,76,82,87,93,96,103" machi="103" ten="30,3900,0" yaku="1,1,7,1,53,1" doraHai="120" doraHaiUra="25" who="0" fromWho="1" sc="130,58,216,-48,89,0,555,0" /><INIT seed="4,0,0,4,2,82" ten="188,168,89,555" oya="0" hai0="134,123,62,37,125,49,81,87,100,11,24,58,83" hai1="0,67,113,86,115,90,32,10,130,132,43,56,26" hai2="99,29,60,53,68,121,27,18,124,13,105,98,116" hai3="85,91,102,14,48,135,128,103,95,111,7,20,17"/><T44/><D123/><U110/><E110/><V6/><F124/><W93/><G111/><T59/><D134/><U5/><E43/><V42/><F121/><W107/><G135/><T74/><D37/><U15/><E132/><V35/><F116/><W64/><G128/><T84/><D125/><U63/><E130/><V39/><F6/><W101/><G107/><T36/><D36/><U51/><E51/><V76/><F76/><W117/><G117/><T28/><D74/><U47/><E47/><V33/><F33/><W75/><G75/><T19/><D100/><U73/><E73/><V16/><F18/><W71/><G71/><T34/><D19/><U40/><E40/><V8/><F105/><W66/><G48/><T131/><D131/><U52/><E67/><N who="3" m="25642" /><G7/><T120/><D120/><U126/><E126/><V57/><REACH who="2" step="1"/><F68/><REACH who="2" ten="188,168,79,555" step="2"/><W104/><G104/><T9/><D34/><U30/><REACH who="1" step="1"/><E0/><REACH who="1" ten="188,158,79,555" step="2"/><V109/><F109/><W118/><G118/><T50/><D28/><U89/><E89/><V22/><F22/><W12/><G20/><T119/><D119/><U61/><E61/><V41/><F41/><W108/><G108/><T88/><D62/><U96/><E96/><V3/><F3/><W79/><G91/><T77/><D88/><U72/><E72/><V94/><F94/><AGARI ba="0,2" hai="5,10,15,26,30,32,52,56,63,86,90,94,113,115" machi="94" ten="40,8000,1" yaku="1,1,52,1,54,1,53,1" doraHai="82" doraHaiUra="23" who="1" fromWho="2" sc="188,0,158,100,79,-80,555,0" owari="188,-21.0,258,6.0,-1,-50.0,555,65.0" /></mjloggm>