<mjloggm ver="2.3"><GO type="169" lobby="0"/><UN n0="%E2%98%85%E3%82%86%E3%83%BC%E2%98%86" n1="%E3%81%B2%E3%81%BD%E3%81%8D%E3%82%88%E3%81%97" n2="%EF%BC%88%E2%89%A7%E2%96%BD%E2%89%A6%EF%BC%89" n3="%E5%AF%9B%E3%83%94%E3%82%A8%E3%83%AD" dan="17,18,17,16" rate="2159.77,2187.12,2144.85,2101.77" sx="M,M,M,M"/><TAIKYOKU oya="0"/><INIT seed="0,0,0,3,4,3" ten="250,250,250,250" oya="0" hai0="134,110,126,35,94,105,64,12,102,91,15,33,133" hai1="86,100,101,21,40,123,97,59,52,18,89,30,108" hai2="0,47,109,95,39,93,124,116,23,127,27,132,16" hai3="11,34,117,31,76,1,6,118,103,113,83,41,96"/><T46/><D64/><U57/><E108/><V44/><F116/><W90/><G113/><T38/><D110/><U104/><E123/><V2/><F132/><N who="0" m="50794" /><D126/><N who="2" m="48170" /><F109/><W19/><G41/><N who="0" m="22839" /><D102/><U130/><E30/><V14/><F39/><W8/><G90/><T55/><D105/><U74/><E74/><V28/><F47/><W58/><G58/><T85/><D55/><U7/><E101/><V122/><F122/><W87/><G19/><T32/><AGARI ba="0,0" hai="12,15,32,33,35,85,91,94" m="22839,50794" machi="32" ten="40,2100,0" yaku="20,1" doraHai="3" who="0" fromWho="0" sc="250,21,250,-7,250,-7,250,-7" /><INIT seed="0,1,0,2,3,66" ten="271,243,243,243" oya="0" hai0="123,69,93,17,135,9,71,29,51,77,20,12,19" hai1="26,39,114,94,56,98,84,82,103,102,126,116,6" hai2="46,133,55,37,44,30,28,124,13,119,88,63,59" hai3="96,62,127,36,22,10,2,41,1,31,48,75,40"/><T61/><D123/><U5/><E126/><V60/><F133/><W122/><G75/><T79/><D135/><U128/><E128/><V83/><F124/><W33/><G33/><T109/><D29/><N who="2" m="11370" /><F37/><W74/><G74/><T72/><D109/><U53/><E39/><V130/><F130/><W49/><G36/><T108/><D108/><U99/><E114/><V70/><F70/><W112/><G112/><T34/><D34/><U21/><E116/><V91/><F119/><W38/><G38/><T47/><D93/><U76/><E21/><V7/><F63/><W52/><G62/><T111/><D111/><U129/><E26/><V87/><F91/><W118/><G22/><T120/><D120/><U101/><E129/><V68/><F68/><W81/><G118/><T42/><D61/><U95/><REACH who="1" step="1"/><E102/><REACH who="1" ten="271,233,243,243" step="2"/><V8/><AGARI ba="1,1" hai="7,8,13,44,46,55,59,60,83,87,88" m="11370" machi="8" ten="30,2000,0" yaku="8,1,54,1" doraHai="66" who="2" fromWho="2" sc="271,-11,233,-6,243,33,243,-6" /><INIT seed="1,0,0,3,0,35" ten="260,227,276,237" oya="1" hai0="32,0,4,101,97,56,129,40,95,133,73,86,36" hai1="110,11,24,10,57,39,45,122,112,91,69,80,107" hai2="75,88,53,135,30,96,33,100,106,23,25,18,37" hai3="20,54,12,15,31,49,43,14,7,94,104,128,108"/><U65/><E112/><V67/><F37/><W124/><G104/><T72/><D32/><U61/><E122/><V77/><F135/><W102/><G124/><T132/><D129/><U9/><E107/><V81/><F67/><W84/><G128/><T103/><D103/><U79/><E110/><V3/><F3/><W93/><G108/><T21/><D21/><U42/><E24/><V74/><F53/><W16/><G43/><T22/><D22/><U85/><REACH who="1" step="1"/><E79/><REACH who="1" ten="260,217,276,237" step="2"/><V52/><F25/><W82/><G31/><T13/><D133/><U66/><E66/><V64/><F64/><W125/><G125/><T131/><D132/><U5/><E5/><V38/><F106/><W44/><G7/><T68/><D4/><U41/><E41/><V27/><F77/><N who="3" m="46159" /><G102/><T17/><D40/><U6/><E6/><V115/><F27/><AGARI ba="0,1" hai="12,14,15,16,20,27,44,49,54,93,94" m="46159" machi="27" ten="30,2000,0" yaku="8,1,54,1" doraHai="35" who="3" fromWho="2" sc="260,0,217,0,276,-20,237,30" /><INIT seed="2,0,0,5,0,72" ten="260,217,256,267" oya="2" hai0="35,39,32,100,87,73,130,14,122,69,49,71,134" hai1="54,40,43,62,89,44,107,46,80,48,13,93,96" hai2="74,64,5,50,115,102,23,2,1,121,103,63,0" hai3="111,60,9,97,70,110,101,45,16,131,78,113,99"/><V20/><F121/><W65/><G131/><T82/><D39/><U15/><E107/><V28/><F115/><W120/><G120/><T61/><D73/><U135/><E135/><V58/><F74/><W114/><G45/><T51/><D122/><U53/><E80/><V125/><F125/><W118/><G78/><T29/><D100/><U117/><E117/><V19/><F5/><W36/><G36/><T31/><D14/><U18/><E13/><V81/><F81/><W6/><G118/><T116/><D116/><U105/><E105/><V79/><F79/><W109/><G16/><T67/><D71/><U11/><REACH who="1" step="1"/><E62/><REACH who="1" ten="260,207,256,267" step="2"/><V123/><F123/><W119/><G119/><T10/><D61/><U57/><E57/><V12/><F2/><N who="3" m="215" /><G99/><T4/><D134/><U55/><E55/><V98/><F98/><W33/><G33/><T85/><D35/><U52/><E52/><V56/><F1/><W83/><G83/><T128/><D32/><U86/><E86/><V47/><F0/><W104/><AGARI ba="0,1" hai="60,65,70,97,101,104,109,110,111,113,114" m="215" machi="104" ten="40,2700,0" yaku="14,1,23,1" doraHai="72" who="3" fromWho="3" sc="260,-7,207,-7,256,-13,267,37" /><INIT seed="3,0,0,0,5,22" ten="253,200,243,304" oya="3" hai0="120,116,34,117,107,5,6,103,8,30,13,101,84" hai1="46,78,109,106,24,9,133,62,97,79,91,115,77" hai2="2,125,83,66,36,16,59,75,108,29,128,57,119" hai3="132,99,92,60,121,72,82,21,38,45,0,42,3"/><W81/><G121/><T33/><D120/><U124/><E109/><V134/><F119/><W110/><G110/><T58/><D6/><U56/><E133/><V102/><F108/><W95/><G132/><T105/><D84/><U67/><E124/><V37/><F2/><W7/><G60/><T69/><D69/><U25/><E115/><V28/><F134/><W87/><G72/><T73/><D73/><U88/><E46/><V43/><F128/><W10/><G0/><T53/><D103/><U18/><E106/><V49/><F125/><W104/><G21/><T127/><D127/><U39/><E39/><V55/><F102/><W4/><G4/><T111/><D111/><U48/><E48/><V17/><F43/><W89/><REACH who="3" step="1"/><G104/><REACH who="3" ten="253,200,243,294" step="2"/><T12/><D107/><U63/><E62/><V41/><F75/><W40/><G40/><T93/><D105/><U86/><E97/><V129/><F41/><W131/><G131/><T19/><D5/><U112/><E112/><V74/><F129/><W26/><G26/><N who="1" m="10346" /><E86/><V52/><F74/><W114/><G114/><T20/><D117/><U113/><E113/><V61/><F61/><W80/><G80/><T90/><D116/><U64/><E64/><V15/><F83/><W94/><G94/><T135/><D93/><U47/><E47/><V51/><F66/><W1/><G1/><T123/><D135/><U23/><E23/><V27/><F27/><W71/><G71/><T65/><D20/><U118/><E118/><V50/><F50/><W98/><G98/><T31/><D65/><U35/><E35/><V85/><F85/><RYUUKYOKU ba="0,1" sc="253,-30,200,10,243,10,294,10" hai1="9,18,56,63,67,77,78,79,88,91" hai2="15,16,17,28,29,36,37,49,51,52,55,57,59" hai3="3,7,10,38,42,45,81,82,87,89,92,95,99" /><INIT seed="3,1,1,5,5,46" ten="223,210,253,304" oya="3" hai0="93,89,102,94,114,55,85,101,21,107,98,88,129" hai1="18,19,100,122,42,82,80,33,28,106,92,32,26" hai2="56,125,1,25,111,13,62,20,37,23,3,69,71" hai3="29,117,105,61,79,44,112,60,77,126,38,15,68"/><W97/><G117/><T87/><D129/><U53/><E122/><V16/><F37/><W81/><G112/><T17/><D114/><U58/><E42/><V2/><F111/><W95/><G105/><T70/><D70/><U131/><E106/><V113/><F113/><W127/><G29/><T36/><D36/><U130/><E100/><V116/><F125/><N who="3" m="47627" /><G15/><T49/><D98/><U54/><E26/><V57/><F116/><W4/><G4/><T86/><D86/><U31/><E58/><V73/><F73/><N who="3" m="43183" /><G79/><T109/><D107/><U121/><E121/><V48/><F57/><W10/><G10/><T67/><D67/><U50/><REACH who="1" step="1"/><E92/><REACH who="1" ten="223,200,253,304" step="2"/><V99/><F71/><W12/><G68/><T63/><D109/><U64/><E64/><V75/><F69/><W78/><G95/><T14/><D63/><U128/><E128/><V108/><F108/><W0/><G60/><T76/><D76/><U51/><AGARI ba="1,2" hai="18,19,28,31,32,33,50,51,53,54,80,82,130,131" machi="51" ten="25,12000,2" yaku="1,1,0,1,22,2,52,2,53,0" doraHai="46" doraHaiUra="74" who="1" fromWho="1" sc="223,-31,200,143,253,-31,304,-61" /><INIT seed="4,0,0,0,4,81" ten="192,343,222,243" oya="0" hai0="134,110,118,69,119,14,123,90,97,35,44,113,8" hai1="4,112,41,129,73,114,15,104,27,131,33,2,100" hai2="94,102,36,126,64,84,79,24,67,74,37,96,17" hai3="9,49,53,108,101,42,62,68,19,25,45,16,77"/><T61/><D123/><U124/><E73/><V80/><F126/><W21/><G108/><T3/><D3/><U72/><E72/><V34/><F34/><W70/><G101/><T87/><D35/><U106/><E100/><V20/><REACH who="2" step="1"/><F74/><REACH who="2" ten="192,343,212,243" step="2"/><W133/><G133/><T39/><D134/><U59/><E33/><V88/><F88/><W95/><G77/><T66/><D110/><U130/><E124/><V7/><F7/><W57/><REACH who="3" step="1"/><G95/><REACH who="3" ten="192,343,212,233" step="2"/><T127/><D127/><U5/><E131/><V132/><F132/><W75/><G75/><T93/><D113/><U40/><E114/><V120/><F120/><W117/><G117/><T12/><D119/><U30/><E112/><V51/><F51/><W13/><AGARI ba="0,2" hai="9,13,16,19,21,25,42,45,49,53,57,62,68,70" machi="13" ten="30,4000,0" yaku="1,1,0,1,54,1,53,0" doraHai="81" doraHaiUra="78" who="3" fromWho="3" sc="192,-20,343,-10,212,-10,233,60" /><INIT seed="5,0,0,5,4,131" ten="172,333,202,293" oya="1" hai0="16,111,52,72,124,135,81,1,86,40,22,60,98" hai1="112,12,26,127,107,55,89,47,33,96,64,9,134" hai2="7,130,21,37,23,48,113,42,30,25,123,83,97" hai3="79,95,128,110,49,117,125,108,32,84,19,65,90"/><U77/><E134/><V28/><F123/><W10/><G32/><T85/><D111/><U121/><E112/><V74/><F130/><W119/><G128/><T116/><D116/><N who="3" m="44617" /><G125/><T133/><D1/><U15/><E15/><V6/><F37/><W73/><G65/><T91/><D124/><U66/><E121/><V57/><F113/><W58/><G73/><T101/><D40/><U76/><E77/><V88/><F74/><W14/><G79/><T102/><D72/><U114/><E76/><V94/><F83/><W69/><G69/><T0/><D0/><U53/><E114/><V106/><F106/><W87/><G87/><T63/><D86/><U24/><E33/><V71/><F71/><W118/><G118/><T93/><D102/><U44/><E96/><V54/><F42/><W126/><G126/><T132/><REACH who="0" step="1"/><D52/><AGARI ba="0,0" hai="10,14,19,49,52,58,84,90,95,108,110" m="44617" machi="52" ten="30,2000,0" yaku="12,1,54,1" doraHai="131" who="3" fromWho="0" sc="172,-20,333,0,202,0,293,20" /><INIT seed="6,0,0,4,5,70" ten="152,333,202,313" oya="2" hai0="9,106,8,88,100,31,72,89,57,49,96,94,135" hai1="40,33,6,122,36,128,114,44,43,51,22,53,66" hai2="118,129,17,0,14,63,73,3,46,16,28,24,116" hai3="82,79,126,104,60,132,131,111,45,76,20,41,5"/><V86/><F73/><W68/><G104/><T12/><D72/><U102/><E33/><N who="2" m="20615" /><F46/><W84/><G76/><T78/><D78/><U130/><E102/><V127/><F86/><W39/><G68/><T93/><D135/><U27/><E122/><V64/><F63/><W1/><G60/><T38/><D31/><U119/><E119/><N who="2" m="45611" /><F64/><W133/><G133/><T113/><D113/><U92/><E114/><V30/><F129/><W107/><G107/><T77/><D77/><U47/><E92/><V91/><F91/><W50/><G50/><T69/><D69/><U81/><E66/><V101/><F101/><W123/><G84/><T117/><D117/><U56/><E81/><V4/><F30/><W112/><G82/><T85/><D38/><U67/><E67/><V59/><F59/><W42/><G39/><T10/><D57/><U48/><E128/><V98/><F98/><W125/><G45/><T105/><D49/><U13/><E130/><V11/><F127/><W18/><G42/><N who="1" m="15914" /><E36/><V95/><F95/><W75/><G41/><T65/><D65/><U99/><E99/><V87/><F87/><W55/><G75/><T109/><D106/><U124/><E124/><V25/><F25/><W58/><G125/><T34/><D105/><U35/><E51/><V2/><AGARI ba="0,0" hai="0,2,3,4,11,14,16,17" m="45611,20615" machi="2" ten="40,7800,0" yaku="34,2,54,1" doraHai="70" who="2" fromWho="2" sc="152,-26,333,-26,202,78,313,-26" /><INIT seed="6,1,0,2,3,3" ten="126,307,280,287" oya="2" hai0="96,121,73,90,105,123,122,115,22,51,118,9,80" hai1="85,112,95,63,12,78,106,65,93,46,25,38,64" hai2="69,107,82,7,19,33,98,76,50,100,45,24,117" hai3="58,42,113,92,57,52,0,10,119,99,41,83,39"/><V27/><F117/><W8/><G119/><T15/><D118/><U54/><E106/><V44/><F69/><W4/><G113/><T55/><D115/><U16/><E112/><V120/><F120/><W20/><G58/><T23/><D105/><U53/><E25/><V125/><F125/><W104/><G39/><T62/><D62/><U26/><E26/><V32/><F44/><W88/><G10/><T48/><D73/><U102/><E38/><V114/><F114/><W75/><G20/><T74/><D74/><U131/><E131/><V31/><F7/><W108/><G108/><T36/><D36/><U101/><E46/><V87/><F19/><W67/><G67/><T70/><D70/><U49/><E16/><V72/><F72/><W17/><G17/><T126/><D126/><U133/><E49/><V135/><F135/><W71/><G71/><T130/><D130/><U110/><E110/><V128/><F128/><W97/><G104/><T14/><D51/><U11/><E63/><V124/><F124/><W47/><G47/><T111/><D111/><U68/><E68/><V13/><F13/><W84/><G75/><T116/><D116/><U1/><E133/><V34/><REACH who="2" step="1"/><F27/><REACH who="2" ten="126,307,270,287" step="2"/><W79/><G99/><T28/><D15/><U127/><E12/><V35/><F35/><W129/><G129/><T94/><D28/><U86/><E127/><V30/><F30/><W81/><G81/><T43/><D80/><U91/><E11/><V77/><F77/><W56/><G56/><N who="0" m="32871" /><D43/><AGARI ba="1,1" hai="24,31,32,33,34,43,45,50,76,82,87,98,100,107" machi="43" ten="30,2900,0" yaku="1,1,7,1,53,0" doraHai="3" doraHaiUra="109" who="2" fromWho="0" sc="126,-32,307,0,270,42,287,0" /><INIT seed="6,2,0,2,0,89" ten="94,307,312,287" oya="2" hai0="23,21,69,109,30,53,6,63,29,71,92,14,44" hai1="56,9,15,88,25,48,20,97,35,133,77,46,130" hai2="22,7,72,74,2,80,78,5,95,36,37,96,129" hai3="123,128,45,3,49,127,19,86,79,66,1,104,94"/><V18/><F72/><W98/><G123/><T85/><D109/><U31/><E130/><V101/><F129/><W112/><G128/><T10/><D71/><U93/><E133/><V32/><F32/><W38/><G38/><T131/><D131/><U132/><E132/><V8/><REACH who="2" step="1"/><F7/><REACH who="2" ten="94,307,302,287" step="2"/><W59/><G127/><T126/><D126/><U12/><E35/><V113/><F113/><W28/><G112/><T105/><D105/><U27/><E77/><V100/><F100/><W13/><G79/><T57/><D69/><U116/><E116/><V65/><F65/><W82/><G66/><T122/><D122/><U118/><E118/><V91/><F91/><W120/><G104/><T134/><D134/><U55/><E56/><V64/><F64/><W51/><G59/><T68/><D68/><U39/><E39/><V117/><F117/><W76/><G120/><T61/><D44/><U84/><E9/><V40/><F40/><W62/><G45/><T124/><D124/><U75/><E75/><V90/><F90/><W73/><G73/><T108/><D108/><U114/><E114/><V16/><F16/><W17/><G17/><T81/><D63/><U99/><E99/><V106/><F106/><W107/><G62/><T111/><D111/><U43/><E43/><V0/><F0/><W33/><G107/><T87/><D30/><N who="1" m="17703" /><E97/><V47/><F47/><W11/><G3/><T52/><D29/><U50/><E48/><V135/><F135/><W121/><G1/><T42/><D42/><U119/><E119/><V26/><AGARI ba="2,1" hai="2,5,8,18,22,26,36,37,74,78,80,95,96,101" machi="26" ten="20,12000,1" yaku="1,1,0,1,7,1,52,1,53,1" doraHai="89" doraHaiUra="4" who="2" fromWho="2" sc="94,-42,307,-42,302,136,287,-42" /><INIT seed="6,3,0,2,5,131" ten="52,265,438,245" oya="2" hai0="60,103,122,135,66,89,71,38,42,23,19,7,75" hai1="72,46,93,39,82,52,121,56,129,31,110,79,128" hai2="47,134,126,101,63,14,25,2,97,26,41,49,76" hai3="4,92,123,102,114,85,37,124,34,40,29,24,68"/><V27/><F2/><W108/><G68/><T44/><D122/><U100/><E110/><V53/><F126/><W99/><G123/><T6/><D75/><U21/><E121/><V55/><F76/><W33/><G108/><T59/><D103/><U87/><E46/><V11/><F63/><W45/><G124/><T91/><D91/><U109/><E39/><V48/><F48/><W132/><G114/><T30/><D30/><U8/><E8/><V90/><F90/><W86/><G132/><T5/><D89/><U111/><E21/><V50/><F134/><W61/><G34/><T9/><D135/><U115/><E115/><V96/><F101/><W118/><G118/><T65/><D65/><U88/><E31/><V105/><F105/><W43/><G61/><T54/><D9/><U1/><E1/><V84/><F84/><W62/><G62/><T120/><D120/><U74/><E100/><V3/><F3/><W58/><G58/><T73/><D73/><N who="1" m="43375" /><E109/><V116/><F116/><W12/><G40/><T64/><REACH who="0" step="1"/><D71/><REACH who="0" ten="42,265,438,245" step="2"/><U57/><E111/><V117/><F117/><W94/><G102/><T106/><D106/><U69/><E69/><V10/><F10/><W35/><G29/><T130/><D130/><N who="1" m="50283" /><E74/><V98/><F11/><W70/><G70/><T32/><D32/><U51/><E72/><V20/><F20/><W113/><G35/><T67/><D67/><U78/><E78/><V104/><F104/><W125/><G33/><T18/><D18/><U107/><E107/><V119/><F119/><W83/><G113/><T133/><D133/><U22/><E22/><RYUUKYOKU ba="3,1" sc="42,15,265,15,438,-15,245,-15" hai0="5,6,7,19,23,38,42,44,54,59,60,64,66" hai1="51,52,56,57,87,88,93" /><INIT seed="7,4,1,1,5,34" ten="57,280,423,230" oya="3" hai0="7,134,126,102,35,68,83,37,18,66,80,64,113" hai1="3,111,30,46,60,54,38,103,104,109,121,119,62" hai2="52,135,96,10,117,86,40,65,11,116,94,29,49" hai3="0,63,105,92,73,90,112,43,69,132,115,31,28"/><W22/><G105/><T82/><D35/><U23/><E103/><V70/><F135/><W44/><G73/><T78/><D37/><U114/><E23/><V79/><F29/><W108/><G132/><T20/><D134/><U15/><E15/><V88/><F70/><W16/><G108/><T130/><D68/><U25/><E25/><V2/><F65/><W57/><G0/><T129/><D78/><U45/><E30/><V93/><F2/><W120/><G69/><T95/><D7/><U100/><E100/><N who="2" m="60431" /><F117/><W12/><G120/><T26/><D126/><U6/><E6/><V47/><F116/><W9/><G9/><N who="2" m="3081" /><F79/><W19/><G19/><T101/><D113/><U4/><E54/><AGARI ba="4,1" hai="40,47,49,52,54,86,88,94" m="3081,60431" machi="54" ten="30,3900,0" yaku="8,1,54,2" doraHai="34" who="2" fromWho="1" sc="57,0,280,-51,423,61,230,0" owari="57,-44.0,229,-17.0,484,58.0,230,3.0" /></mjloggm>