<mjloggm ver="2.3"><GO type="41"/><UN n0="%68%69%6B%61%70%69%6B%61" n1="%69%7A%61%79%6F%69" n2="%E8%B2%A7%E4%B9%8F%E3%83%89%E3%83%A9%E7%84%A1%E3%81%97" n3="%E3%82%A6%E3%83%AB%E3%83%88%E3%83%A9%E7%AB%8B%E7%9B%B4" dan="13,15,14,15" rate="1878,1990,1968,2030" sx="M,M,M,M"/><TAIKYOKU oya="0"/><INIT seed="0,0,0,4,3,12" ten="250,250,250,250" oya="0" hai0="74,101,36,25,64,72,3,79,18,119,95,53,105" hai1="132,35,94,28,88,24,76,42,91,20,46,31,7" hai2="2,134,106,69,116,57,82,4,112,129,61,78,39" hai3="114,6,33,16,107,133,130,90,113,96,51,103,98"/><T40/><D119/><U41/><E132/><V55/><F116/><W17/><G33/><T97/><D3/><U109/><E109/><V60/><F134/><W10/><G133/><T71/><D36/><U67/><E67/><V126/><F129/><W83/><G130/><T110/><D40/><N who="1" m="15467" /><E35/><V65/><F112/><W135/><G135/><T102/><D110/><U52/><E7/><V27/><F39/><W120/><G51/><T21/><D53/><U14/><E14/><V9/><F126/><W108/><G108/><T70/><D79/><U104/><E104/><V73/><F106/><W62/><G62/><T87/><D64/><U115/><E115/><V19/><F27/><W111/><G111/><T121/><D121/><U44/><E76/><V86/><REACH who="2" step="1"/><F73/><REACH who="2" ten="250,250,240,250" step="2"/><W29/><G114/><T93/><D105/><U85/><E91/><V8/><F8/><W13/><G113/><T32/><D32/><U100/><E100/><V124/><F124/><W1/><G120/><T22/><D22/><U48/><E46/><V59/><F59/><W75/><G29/><AGARI ba="0,1" hai="20,24,28,29,31,44,48,52,85,88,94" m="15467" machi="29" ten="30,3900,0" yaku="8,1,54,2" doraHai="12" who="1" fromWho="3" sc="250,0,250,49,240,0,250,-39" /><INIT seed="1,0,0,4,2,81" ten="250,299,240,211" oya="1" hai0="33,16,37,61,64,126,129,79,58,7,19,26,72" hai1="0,31,121,34,21,100,122,77,47,45,32,27,87" hai2="68,94,9,5,93,75,35,25,103,22,91,62,90" hai3="102,18,59,10,117,38,123,4,84,132,116,78,55"/><U108/><E100/><V105/><F75/><W98/><G38/><T97/><D37/><U125/><E0/><V51/><F35/><W99/><G123/><T124/><D129/><U54/><E125/><V67/><F103/><W128/><G18/><T104/><D7/><U48/><E122/><V74/><F74/><W28/><G28/><T133/><D133/><U88/><E121/><V111/><F111/><W131/><G99/><T42/><D42/><U57/><E108/><V127/><F127/><N who="0" m="48682" /><D72/><U13/><E77/><V82/><F51/><W134/><G10/><T8/><D79/><U66/><E66/><V50/><F50/><W43/><G4/><T56/><D56/><U3/><E3/><V118/><F118/><N who="3" m="45675" /><G43/><T96/><D8/><U106/><E106/><V115/><F105/><N who="3" m="63703" /><G59/><T1/><D1/><U73/><E73/><V101/><F101/><W95/><G55/><T112/><D112/><U130/><E130/><N who="3" m="49706" /><G78/><T109/><D109/><U29/><E29/><V120/><F120/><W11/><G11/><T23/><D104/><U40/><E40/><V76/><F115/><W63/><G63/><T44/><D44/><U69/><E69/><V36/><F36/><W119/><N who="3" m="45683" /><W110/><DORA hai="24" /><G110/><T107/><D107/><U20/><E34/><V89/><F9/><W83/><G83/><T113/><D113/><U135/><E32/><V14/><F5/><W114/><G114/><T12/><D33/><U53/><E135/><V6/><F6/><W30/><G30/><T17/><D26/><U65/><E27/><V15/><F25/><W86/><G95/><RYUUKYOKU ba="0,0" sc="250,15,299,-15,240,-15,211,15" hai0="12,16,17,19,23,58,61,64,96,97" hai3="84,86,132,134" /><INIT seed="2,1,0,1,3,13" ten="265,284,225,226" oya="2" hai0="117,21,112,108,102,82,5,20,25,54,122,43,2" hai1="41,88,26,92,121,120,111,37,56,125,22,89,93" hai2="24,4,107,17,94,69,118,97,29,73,33,91,64" hai3="62,52,8,87,30,32,67,104,59,68,11,63,18"/><V27/><F73/><W114/><G114/><T53/><D112/><U57/><E37/><V51/><F118/><W3/><G3/><T119/><D122/><N who="1" m="47211" /><E41/><V12/><F4/><W131/><G131/><T65/><D108/><U10/><E10/><V42/><F27/><W70/><G70/><T98/><D65/><U72/><E72/><V77/><F77/><W9/><G104/><T15/><D43/><U85/><E111/><V61/><F107/><W100/><G100/><T126/><D126/><U28/><E125/><V84/><F51/><W48/><G30/><T129/><D129/><U74/><E74/><V58/><F42/><W7/><G32/><T134/><D134/><U80/><E80/><V83/><F83/><W105/><G105/><T35/><D82/><U115/><E115/><V75/><F75/><W14/><G7/><T78/><D78/><U123/><N who="1" m="47219" /><U86/><AGARI ba="1,0" hai="22,26,28,56,57,85,86,88,89,92,93" m="47219" machi="86" ten="40,5200,0" yaku="4,1,13,1,54,1" doraHai="13" who="1" fromWho="1" sc="265,-14,284,55,225,-27,226,-14" /><INIT seed="3,0,0,5,3,115" ten="251,339,198,212" oya="3" hai0="49,72,20,6,128,14,18,121,29,134,101,80,3" hai1="97,61,73,42,84,78,100,103,46,5,76,19,11" hai2="126,92,55,107,116,108,47,131,91,32,31,133,124" hai3="59,111,82,95,71,34,9,2,24,77,104,50,132"/><W65/><G95/><T94/><D121/><U37/><E61/><V54/><F107/><W8/><G59/><T81/><D134/><U93/><E19/><V45/><F133/><W69/><G50/><T75/><D128/><U123/><E123/><V112/><F131/><W130/><G130/><T4/><D49/><U36/><E36/><V66/><F112/><W118/><G8/><T28/><D101/><U15/><E73/><V90/><F66/><W99/><G132/><T16/><D94/><U35/><E35/><V39/><F39/><W63/><G111/><T64/><D64/><U48/><E37/><V53/><F108/><W0/><G9/><T10/><D20/><U58/><E58/><V51/><F116/><W110/><G110/><T127/><D10/><U85/><E103/><V7/><F7/><W41/><G41/><T96/><D96/><U12/><E12/><V57/><F92/><W25/><G25/><T13/><D127/><N who="2" m="48682" /><F51/><W88/><G71/><T21/><REACH who="0" step="1"/><D21/><REACH who="0" ten="241,339,198,212" step="2"/><U70/><E70/><V86/><F32/><W30/><G118/><T40/><D40/><U67/><E67/><V83/><F47/><W22/><G22/><T17/><D17/><U43/><E43/><V120/><F45/><W1/><G1/><AGARI ba="0,1" hai="1,3,4,6,13,14,16,18,28,29,72,75,80,81" machi="1" ten="25,6400,0" yaku="1,1,22,2,54,1,53,0" doraHai="115" doraHaiUra="38" who="0" fromWho="3" sc="241,74,339,0,198,0,212,-64" /><INIT seed="4,0,0,1,1,13" ten="315,339,198,148" oya="0" hai0="89,88,39,86,21,72,106,115,103,24,120,83,30" hai1="41,11,97,16,25,125,15,114,60,56,59,23,85" hai2="69,81,50,53,123,82,124,112,20,32,9,40,104" hai3="96,111,37,121,132,6,117,87,118,75,70,22,45"/><T58/><D120/><U119/><E119/><V78/><F123/><W55/><G96/><T62/><D115/><U31/><E114/><V122/><F112/><W34/><G87/><T127/><D127/><U63/><E125/><V74/><F122/><W135/><G55/><T36/><D72/><U18/><E41/><V61/><F104/><W102/><G102/><T3/><D3/><U98/><E85/><V71/><F32/><W7/><G45/><T101/><D106/><U44/><E44/><V26/><F124/><W131/><G7/><T4/><D4/><U113/><E113/><V84/><F40/><W92/><G92/><T108/><D108/><U57/><E31/><V8/><F69/><W126/><G70/><T91/><D39/><U99/><AGARI ba="0,0" hai="11,15,16,18,23,25,56,57,59,60,63,97,98,99" machi="99" ten="30,8000,1" yaku="0,1,8,1,52,2,54,1" doraHai="13" who="1" fromWho="1" sc="315,-40,339,80,198,-20,148,-20" /><INIT seed="5,0,0,4,2,120" ten="275,419,178,128" oya="1" hai0="54,102,33,81,103,97,0,115,18,76,98,66,60" hai1="57,15,55,89,21,94,47,31,34,118,92,114,19" hai2="77,14,86,59,127,37,123,129,132,22,82,48,28" hai3="27,29,130,80,121,1,90,105,46,10,74,67,26"/><U25/><E118/><V112/><F123/><W5/><G105/><T23/><D33/><U38/><E114/><V111/><F37/><W9/><G121/><T51/><D115/><U84/><E47/><V113/><F112/><W13/><G67/><T2/><D0/><U41/><E41/><V95/><F113/><W3/><G130/><T62/><D2/><N who="3" m="521" /><G90/><T64/><D76/><U91/><E38/><V101/><F129/><W68/><G80/><T99/><D81/><U110/><E110/><V24/><F111/><W72/><G68/><T73/><D73/><U78/><E78/><V104/><F132/><W87/><G87/><T85/><D85/><U96/><E34/><V116/><F127/><W106/><G106/><T7/><D7/><U49/><E31/><V45/><F116/><W100/><G100/><T43/><D43/><U53/><E55/><N who="2" m="32231" /><F104/><W58/><G58/><T17/><D23/><U61/><E25/><N who="3" m="9226" /><G46/><T93/><D51/><AGARI ba="0,0" hai="15,19,21,49,51,53,57,61,84,89,91,92,94,96" machi="51" ten="40,2000,0" yaku="8,1" doraHai="120" who="1" fromWho="0" sc="275,-20,419,20,178,0,128,0" /><INIT seed="5,1,0,0,5,97" ten="255,439,178,128" oya="1" hai0="41,91,3,63,87,94,60,81,9,101,114,30,34" hai1="120,52,96,90,122,40,92,10,88,62,99,85,102" hai2="53,23,8,36,93,38,104,1,67,54,128,2,132" hai3="109,13,74,108,6,33,77,124,59,115,39,17,106"/><U47/><E10/><V66/><F132/><W105/><G39/><T26/><D114/><U44/><E122/><V119/><F128/><W61/><G33/><T75/><D41/><U73/><E120/><V72/><F8/><W134/><G6/><T123/><D123/><U129/><E129/><V58/><F93/><W4/><G4/><T14/><D3/><U21/><E73/><V116/><F58/><W32/><G32/><T84/><D75/><U46/><E21/><V69/><F72/><W28/><G28/><T71/><D71/><U29/><E29/><V18/><F23/><W110/><G77/><T111/><D111/><U15/><E15/><V113/><F18/><W45/><G74/><T121/><D121/><U135/><E135/><V83/><F83/><W27/><G27/><T125/><D125/><U112/><E112/><V98/><F98/><W68/><G68/><T79/><D101/><U51/><E62/><V11/><F69/><W65/><G124/><T118/><D118/><U43/><E90/><V49/><F113/><W131/><G115/><T16/><AGARI ba="1,0" hai="9,14,16,26,30,34,60,63,79,81,84,87,91,94" machi="16" ten="20,2700,0" yaku="0,1,7,1,54,1" doraHai="97" who="0" fromWho="0" sc="255,30,439,-14,178,-8,128,-8" /><INIT seed="6,0,0,1,5,52" ten="285,425,170,120" oya="2" hai0="9,15,72,120,0,82,22,35,75,26,63,90,100" hai1="134,81,123,80,113,50,87,53,5,98,125,4,121" hai2="85,104,59,30,74,103,94,19,102,73,62,28,17" hai3="18,16,43,116,2,132,88,34,70,55,6,114,23"/><V49/><F104/><W83/><G34/><T24/><D120/><N who="1" m="46155" /><E113/><V29/><F49/><W67/><G116/><T68/><D100/><N who="2" m="38442" /><F74/><W118/><G118/><T101/><D101/><U57/><E134/><V31/><F73/><W42/><G67/><T14/><D68/><U135/><E135/><V97/><F85/><N who="3" m="50239" /><G70/><T21/><D63/><U40/><E40/><N who="3" m="15402" /><G2/><T111/><D111/><U36/><E36/><V69/><N who="2" m="7680" /><DORA hai="7" /><V108/><F69/><W115/><G6/><N who="1" m="2666" /><E125/><V46/><F108/><W110/><G110/><T77/><D0/><U10/><E98/><V47/><F47/><W92/><G132/><T95/><D35/><U133/><E133/><V37/><F46/><W65/><G92/><T3/><D3/><U126/><E126/><V79/><F37/><W93/><G93/><T91/><D95/><U96/><E96/><V124/><F124/><W84/><G84/><T131/><D82/><N who="1" m="31851" /><E87/><V89/><F79/><W54/><G114/><T12/><D77/><U122/><E122/><V8/><F8/><AGARI ba="0,0" hai="8,10,50,53,57" m="31851,2666,46155" machi="8" ten="30,7700,0" yaku="13,1,52,3" doraHai="52,7" who="1" fromWho="2" sc="285,0,425,77,170,-77,120,0" /><INIT seed="7,0,0,4,1,57" ten="285,502,93,120" oya="3" hai0="91,17,117,95,111,101,44,39,102,125,27,106,0" hai1="84,2,14,81,1,92,60,37,104,103,58,53,109" hai2="31,55,45,123,48,79,67,90,32,86,87,18,35" hai3="122,11,64,43,33,36,99,114,5,94,4,77,93"/><W59/><G33/><T98/><D117/><U82/><E37/><V134/><F123/><W52/><G122/><T107/><D111/><U71/><E71/><V80/><F134/><W8/><G64/><T56/><D0/><U28/><E28/><V21/><F31/><W7/><G77/><T76/><D125/><U129/><E109/><V118/><F118/><W124/><G124/><T131/><D131/><U15/><E129/><V113/><F113/><W30/><G30/><T13/><D27/><U42/><E104/><V127/><F67/><W40/><G114/><T116/><D116/><U9/><E42/><N who="3" m="15914" /><G36/><T10/><D44/><U23/><E15/><V115/><F115/><W78/><G78/><T85/><D39/><U54/><E23/><V74/><F74/><W126/><G126/><T62/><D76/><U70/><E70/><V112/><F112/><W6/><N who="3" m="1536" /><DORA hai="16" /><W51/><G93/><T120/><D120/><U26/><E2/><V75/><F75/><W25/><G25/><T130/><D130/><U41/><E26/><V135/><F135/><W100/><AGARI ba="0,0" hai="8,11,51,52,59,94,99,100" m="1536,15914" machi="100" ten="40,3900,0" yaku="8,1,54,1" doraHai="57,16" who="3" fromWho="3" sc="285,-13,502,-13,93,-13,120,39" /><INIT seed="7,1,0,3,2,58" ten="272,489,80,159" oya="3" hai0="9,82,109,110,131,124,48,115,60,42,29,40,38" hai1="19,135,41,68,49,10,22,83,45,118,102,126,27" hai2="7,94,101,106,61,13,16,76,119,80,12,70,87" hai3="90,107,125,103,132,18,2,133,129,111,44,59,31"/><W88/><G2/><T4/><D124/><U69/><E126/><V50/><F119/><W75/><G31/><T56/><D29/><U85/><E135/><N who="3" m="51786" /><G125/><T86/><D131/><U105/><E118/><V67/><F106/><W35/><G35/><T28/><D28/><U52/><E105/><V34/><F34/><W121/><G75/><T23/><D23/><U51/><E102/><V98/><F50/><W17/><G129/><T24/><D24/><U63/><E63/><V1/><F1/><W100/><G121/><T25/><D25/><U30/><E10/><V36/><F36/><W78/><G78/><T77/><D38/><U93/><E93/><V64/><F7/><W46/><G59/><T134/><D134/><U84/><E30/><V33/><F33/><W114/><G111/><T74/><D74/><U20/><E20/><V5/><F5/><W120/><G120/><T127/><D127/><U8/><E8/><V14/><REACH who="2" step="1"/><F67/><REACH who="2" ten="272,489,70,159" step="2"/><W21/><G107/><T26/><D110/><U37/><E69/><V99/><F99/><W113/><G46/><T32/><D109/><U3/><E22/><AGARI ba="1,1" hai="12,13,14,16,22,61,64,70,76,80,87,94,98,101" machi="22" ten="30,8000,1" yaku="1,1,7,1,52,1,54,1,53,1" doraHai="58" doraHaiUra="65" who="2" fromWho="1" sc="272,0,489,-83,70,93,159,0" owari="272,7.0,406,51.0,163,-24.0,159,-34.0" /></mjloggm>