<mjloggm ver="2.3"><GO type="65"/><UN n0="%E3%83%9F%E3%83%A9%E3%82%AF%E3%83%AB" n1="%E3%83%8F%E3%82%AF%E3%82%B5%E3%82%A4" n2="%6F%6B%6A%75%6B%69" n3="%EF%BC%88%E2%89%A7%E2%96%BD%E2%89%A6%EF%BC%89" dan="12,7,10,8" rate="1673,1679,1400,1793" sx="M,M,M,M"/><TAIKYOKU oya="0"/><INIT seed="0,0,0,1,1,33" ten="250,250,250,250" oya="0" hai0="76,91,101,86,116,103,122,90,109,35,135,105,129" hai1="60,73,121,40,0,81,112,18,41,47,53,89,48" hai2="1,110,52,20,92,99,115,134,123,8,7,95,6" hai3="83,70,16,104,77,71,97,117,88,43,84,45,29"/><T11/><D35/><U28/><E121/><V82/><F123/><W14/><G117/><T93/><D122/><U34/><E112/><V131/><F115/><W74/><G29/><T130/><D11/><U39/><E28/><V55/><F110/><W30/><G30/><T24/><D24/><U19/><E34/><V65/><F65/><W85/><G85/><T100/><D116/><U12/><E89/><V127/><F127/><W27/><G27/><T2/><D2/><U133/><E133/><V23/><F134/><W17/><G17/><T4/><D135/><U61/><E41/><V94/><F131/><N who="0" m="50186" /><D4/><N who="2" m="1578" /><F1/><W31/><G31/><T124/><D124/><U69/><E0/><V63/><F8/><N who="3" m="6215" /><G45/><T3/><D3/><U13/><E60/><V57/><F82/><W46/><G46/><T79/><D109/><U75/><E81/><V10/><F10/><W15/><G43/><T37/><D37/><U62/><E61/><V56/><F63/><W80/><G15/><T98/><D105/><U113/><E113/><V119/><F119/><W21/><G21/><N who="2" m="8265" /><F99/><W102/><G83/><AGARI ba="0,0" hai="76,79,83,86,90,91,93,98,100,101,103" m="50186" machi="83" ten="30,5800,0" yaku="19,1,34,2" doraHai="33" who="0" fromWho="3" sc="250,58,250,0,250,0,250,-58" /><INIT seed="0,1,0,5,0,111" ten="308,250,250,192" oya="0" hai0="16,19,2,64,99,9,88,83,110,91,109,60,25" hai1="41,17,81,132,65,55,4,42,47,74,96,13,102" hai2="100,11,12,116,24,26,82,20,94,5,115,43,122" hai3="33,129,61,14,32,93,58,105,71,21,106,131,45"/><T66/><D2/><U97/><E4/><V87/><F43/><W48/><G71/><T54/><D9/><U30/><E132/><V15/><F115/><W68/><G68/><T37/><D83/><U22/><E30/><V59/><F59/><W126/><G126/><T77/><D77/><U75/><E65/><V120/><F82/><W104/><G93/><N who="0" m="56743" /><D37/><U84/><E75/><V98/><F87/><W70/><G70/><T44/><D44/><U112/><E74/><V103/><F116/><W130/><G14/><N who="2" m="5161" /><F20/><W29/><G21/><N who="0" m="13479" /><D19/><U114/><E55/><V23/><F23/><W118/><G118/><T127/><D91/><U7/><E7/><V113/><F5/><W85/><G85/><T107/><D107/><U39/><E42/><V117/><F117/><W38/><G38/><T34/><D34/><U76/><REACH who="1" step="1"/><E102/><REACH who="1" step="2"/><N who="2" m="38955" /><F11/><W135/><G135/><T72/><D72/><U101/><E101/><V46/><F46/><W79/><G29/><T51/><D127/><U128/><E128/><V134/><F134/><W57/><G79/><T52/><D51/><U49/><E49/><V133/><F133/><W35/><REACH who="3" step="1"/><G61/><REACH who="3" step="2"/><T89/><D54/><AGARI ba="1,2" hai="32,33,35,45,48,54,57,58,104,105,106,129,130,131" machi="54" ten="60,8000,1" yaku="1,1,2,1,29,2,19,1,53,0" doraHai="111" doraHaiUra="18" who="3" fromWho="0" sc="308,-83,240,0,250,0,182,103" /><INIT seed="1,0,0,5,3,48" ten="225,240,250,285" oya="1" hai0="118,72,38,4,46,125,11,6,104,84,77,100,121" hai1="62,110,8,18,88,96,25,81,50,37,44,52,61" hai2="133,26,95,114,130,69,58,91,99,43,64,83,129" hai3="135,5,75,28,14,122,7,80,134,19,76,36,66"/><U79/><E110/><V53/><F26/><W102/><G122/><T65/><D121/><U3/><E37/><V123/><F83/><W107/><G36/><T85/><D118/><U112/><E3/><V31/><F31/><W39/><G39/><T20/><D125/><U1/><E112/><V101/><F43/><W57/><G28/><T109/><D109/><U97/><E1/><V89/><F114/><W105/><G66/><T10/><D65/><U67/><E79/><V33/><F33/><W49/><G57/><T40/><D20/><N who="1" m="13463" /><E8/><V103/><F123/><W0/><G49/><T56/><D56/><N who="1" m="37287" /><E62/><V131/><F69/><W30/><G0/><N who="0" m="263" /><D100/><N who="2" m="38474" /><F64/><W29/><G102/><T124/><D124/><U82/><E82/><V55/><F58/><W59/><G59/><T45/><D45/><U116/><E116/><V78/><F78/><W21/><G107/><T63/><D63/><U108/><E108/><V126/><F126/><W71/><G105/><T93/><D93/><U42/><E42/><V94/><F53/><W115/><G115/><T16/><D16/><U60/><E60/><V92/><F55/><W132/><G71/><T9/><D9/><U111/><E111/><V70/><F70/><W51/><G51/><T12/><D104/><U27/><E27/><V22/><F22/><W47/><G47/><T17/><D17/><U98/><E98/><N who="2" m="57615" /><F133/><W32/><G32/><T90/><D90/><U86/><AGARI ba="0,0" hai="44,50,52,81,86,88,96,97" m="37287,13463" machi="86" ten="30,11700,0" yaku="8,1,52,1,54,2" doraHai="48" who="1" fromWho="1" sc="225,-39,240,117,250,-39,285,-39" /><INIT seed="1,1,0,1,3,63" ten="186,357,211,246" oya="1" hai0="91,28,67,48,87,56,61,19,37,128,26,55,59" hai1="84,106,133,2,14,47,44,15,90,31,9,20,62" hai2="34,36,66,124,104,129,109,21,111,25,117,52,125" hai3="42,88,38,114,98,33,92,77,119,80,105,43,78"/><U70/><E106/><V83/><F83/><W57/><G33/><T3/><D3/><U68/><E133/><V113/><F66/><W12/><G114/><T71/><D128/><U74/><E74/><V103/><F36/><W39/><G119/><T123/><D123/><U64/><E2/><V110/><F117/><W102/><G39/><T79/><D79/><U32/><E32/><V5/><F5/><W22/><G38/><T122/><D122/><U49/><E68/><V73/><F73/><N who="3" m="43055" /><G78/><T81/><D19/><U23/><E31/><N who="2" m="17839" /><F34/><W11/><G57/><T40/><D56/><N who="1" m="36935" /><E9/><V29/><F129/><W65/><G22/><N who="1" m="8234" /><E70/><V51/><F29/><W7/><G65/><T97/><D28/><U118/><E118/><V46/><F113/><W121/><G121/><T58/><D58/><U112/><E112/><V89/><F89/><W10/><G10/><T54/><D54/><N who="1" m="29991" /><E47/><V1/><F1/><W131/><G131/><T99/><REACH who="0" step="1"/><D26/><REACH who="0" step="2"/><U8/><E8/><V76/><F76/><W35/><G35/><T75/><D75/><U95/><AGARI ba="1,1" hai="14,15,84,90,95" m="29991,8234,36935" machi="95" ten="30,3000,0" yaku="8,1,52,1" doraHai="63" who="1" fromWho="1" sc="176,-11,357,43,211,-11,246,-11" /><INIT seed="1,2,0,0,4,73" ten="165,400,200,235" oya="1" hai0="62,129,116,7,134,88,112,82,20,117,24,80,87" hai1="46,85,30,14,86,106,23,45,113,16,108,114,123" hai2="63,11,9,110,33,122,103,51,81,13,119,10,60" hai3="39,37,71,4,47,72,65,56,12,50,27,125,75"/><U94/><E94/><V2/><F103/><W17/><G125/><T55/><D112/><U61/><E106/><V54/><F81/><W5/><G72/><T1/><D129/><U40/><E123/><V115/><F122/><W38/><G75/><T101/><D101/><U64/><E108/><V26/><F119/><W70/><G27/><T0/><D134/><U127/><E127/><V53/><F115/><W43/><G56/><T124/><D124/><U98/><E30/><V132/><F132/><W130/><G130/><T74/><D7/><U83/><E98/><V135/><F110/><W32/><G32/><T91/><D74/><U78/><E113/><V57/><F135/><W36/><N who="3" m="9728" /><DORA hai="21" /><W92/><G92/><T96/><D96/><U126/><E114/><V111/><F111/><W49/><G49/><T93/><D93/><U35/><E126/><V99/><F99/><W107/><G107/><T3/><D55/><N who="2" m="21002" /><F51/><W6/><REACH who="3" step="1"/><G65/><REACH who="3" step="2"/><T58/><D58/><N who="1" m="36919" /><E35/><V120/><F33/><W31/><G31/><T105/><D62/><N who="2" m="23594" /><F26/><W68/><G68/><T28/><REACH who="0" step="1"/><D105/><REACH who="0" step="2"/><U8/><E40/><V18/><F120/><W128/><G128/><T79/><D79/><U104/><E86/><AGARI ba="2,2" hai="0,1,3,20,24,28,80,82,86,87,88,91,116,117" machi="86" ten="40,12000,2" yaku="1,1,9,1,52,1,54,1,53,3" doraHai="73,21" doraHaiUra="84,22" who="0" fromWho="1" sc="155,146,400,-126,200,0,225,0" /><INIT seed="2,0,0,1,4,107" ten="301,274,200,225" oya="2" hai0="79,130,41,110,109,120,105,125,39,135,1,75,59" hai1="44,54,94,6,32,38,132,76,123,19,14,34,55" hai2="124,31,91,22,43,35,88,58,117,63,42,30,65" hai3="84,60,92,126,70,80,50,95,66,53,51,85,16"/><V0/><F0/><W116/><G116/><T108/><D59/><U61/><E76/><V103/><F103/><W90/><G126/><T112/><D79/><U17/><E123/><V11/><F11/><W97/><G53/><T114/><D41/><U122/><E38/><V111/><F117/><W57/><G70/><T8/><D8/><U46/><E122/><V100/><F100/><W3/><G3/><T127/><D1/><U47/><E132/><V121/><F121/><W7/><G7/><T45/><D45/><U64/><E14/><V67/><F35/><W4/><G4/><T5/><D5/><U106/><E6/><V25/><F124/><N who="0" m="47690" /><D39/><U69/><E106/><V82/><F111/><W9/><G85/><T74/><D105/><U62/><E94/><V33/><F82/><W27/><G95/><T131/><D120/><U10/><E10/><V49/><F67/><W28/><G28/><T71/><D71/><U26/><E26/><V52/><F33/><W89/><REACH who="3" step="1"/><G9/><REACH who="3" step="2"/><T29/><D29/><U119/><E69/><V73/><F31/><W78/><G78/><T13/><D13/><U99/><E64/><V133/><F133/><W101/><G101/><T134/><D135/><U48/><E119/><V68/><REACH who="2" step="1"/><F73/><REACH who="2" step="2"/><N who="0" m="27658" /><D134/><U72/><E72/><V118/><F118/><W20/><AGARI ba="0,2" hai="16,20,27,50,51,57,60,66,80,84,89,90,92,97" machi="20" ten="30,8000,1" yaku="1,1,0,1,8,1,54,1,53,1" doraHai="107" doraHaiUra="12" who="3" fromWho="3" sc="301,-20,274,-20,190,-40,215,100" /><INIT seed="3,0,0,5,2,10" ten="281,254,150,315" oya="3" hai0="99,86,71,33,103,89,85,44,101,27,36,83,122" hai1="21,30,118,43,80,79,113,93,6,72,124,130,63" hai2="132,50,56,48,9,58,17,104,134,12,112,49,109" hai3="127,90,13,38,128,19,82,29,69,115,25,81,53"/><W87/><G115/><T34/><D71/><U123/><E113/><V5/><F104/><W70/><G38/><T47/><D122/><U11/><E123/><V52/><F112/><W14/><G128/><T88/><D36/><U35/><E130/><V61/><F109/><W7/><G127/><T121/><D121/><U66/><E118/><V59/><REACH who="2" step="1"/><F5/><REACH who="2" step="2"/><W111/><G111/><T76/><D34/><U78/><E35/><V8/><F8/><W20/><G7/><T126/><D126/><U2/><E124/><V18/><F18/><W42/><G19/><T62/><D33/><U119/><E119/><V31/><F31/><W92/><G29/><T15/><D15/><U73/><E30/><V26/><F26/><W32/><G13/><T51/><D27/><U117/><E21/><V95/><F95/><W4/><G14/><T125/><D125/><U75/><E117/><V100/><F100/><W94/><G32/><T114/><D114/><U40/><E93/><V68/><F68/><W105/><G4/><T131/><D131/><U74/><N who="1" m="18944" /><DORA hai="97" /><U116/><E116/><V91/><F91/><W1/><G70/><T60/><D76/><U135/><E80/><V106/><F106/><W110/><G105/><T107/><D103/><U102/><E102/><V16/><F16/><W133/><G110/><T22/><D22/><U108/><E108/><V46/><F46/><W24/><G20/><T64/><D64/><U129/><E129/><V77/><F77/><W3/><G82/><N who="0" m="49207" /><D44/><U39/><E135/><AGARI ba="0,1" hai="9,12,17,48,49,50,52,56,58,59,61,132,134,135" machi="135" ten="40,16000,3" yaku="1,1,20,1,52,1,54,1,53,6" doraHai="10,97" doraHaiUra="54,45" who="2" fromWho="1" sc="281,0,254,-160,140,170,315,0" owari="281,-12,94,-41,310,11,315,42" /></mjloggm>