<mjloggm ver="2.3"><GO type="41"/><UN n0="%53%2E%47" n1="%E3%83%87%E3%82%B8%E3%82%BF%E3%83%AA%E3%82%BA%E3%83%A0" n2="%EF%BC%88%E2%89%A7%E2%96%BD%E2%89%A6%EF%BC%89" n3="%61%6B%74%6B" dan="13,16,13,13" rate="1862,2008,2045,1820" sx="M,F,M,M"/><TAIKYOKU oya="0"/><INIT seed="0,0,0,5,2,129" ten="250,250,250,250" oya="0" hai0="25,7,55,24,13,80,14,33,26,121,36,90,3" hai1="118,123,98,18,71,67,79,110,32,46,15,6,41" hai2="135,5,99,66,29,44,49,45,9,50,111,51,86" hai3="27,83,40,115,134,69,64,4,94,132,72,17,0"/><T63/><D121/><U131/><E123/><V95/><F111/><W81/><G40/><T31/><D36/><U101/><E118/><V8/><F66/><W97/><G115/><T93/><D80/><U39/><E32/><V102/><F29/><W88/><G72/><T59/><D3/><U38/><E6/><V68/><F68/><W130/><G130/><T62/><D7/><U43/><E110/><V53/><F135/><N who="3" m="51755" /><G64/><T112/><D112/><U76/><E67/><V1/><F8/><N who="3" m="2055" /><G69/><T54/><D33/><U128/><E71/><V61/><F61/><W57/><G57/><N who="0" m="35127" /><D31/><U91/><E41/><V12/><F1/><W42/><G42/><T11/><D11/><U133/><E43/><V120/><F120/><W107/><G107/><T21/><D21/><AGARI ba="0,0" hai="17,21,27,81,83,88,94,97" m="2055,51755" machi="21" ten="30,8000,1" yaku="20,1,52,3,54,1" doraHai="129" who="3" fromWho="0" sc="250,-80,250,0,250,0,250,80" /><INIT seed="1,0,0,3,4,66" ten="170,250,250,330" oya="1" hai0="128,49,11,64,119,47,107,101,65,9,4,52,18" hai1="108,127,100,82,24,32,122,117,16,57,103,98,78" hai2="56,62,88,75,0,126,115,58,68,33,81,112,55" hai3="111,84,97,8,86,2,26,89,44,46,3,43,22"/><U73/><E122/><V77/><F0/><W95/><G3/><T54/><D119/><U39/><E39/><V123/><F123/><W99/><G2/><T135/><D128/><U79/><E117/><V28/><F126/><W35/><G35/><T23/><D135/><U30/><E127/><V50/><F68/><W5/><G5/><T38/><D38/><U118/><E118/><V80/><F28/><N who="3" m="17495" /><G8/><T93/><D107/><U133/><E133/><V7/><F7/><W110/><G43/><T40/><D101/><U91/><E108/><N who="3" m="41514" /><G84/><T102/><D11/><U27/><E78/><V36/><F36/><W69/><G69/><T41/><D4/><U45/><E45/><AGARI ba="0,0" hai="44,45,46,86,89,95,97,99" m="41514,17495" machi="45" ten="30,1000,0" yaku="14,1" doraHai="66" who="3" fromWho="1" sc="170,0,250,-10,250,0,330,10" /><INIT seed="2,0,0,2,0,47" ten="170,240,250,340" oya="2" hai0="58,6,96,64,42,62,37,18,70,31,95,115,134" hai1="4,74,113,111,7,30,69,3,103,72,98,120,78" hai2="13,101,57,77,100,12,119,53,24,108,50,55,5" hai3="67,94,43,124,123,76,127,102,89,21,20,34,25"/><V36/><F119/><W87/><G34/><T82/><D115/><U104/><E113/><V51/><F36/><W79/><G43/><T107/><D134/><U109/><E120/><V129/><F129/><W48/><G67/><T40/><D107/><U32/><E7/><V63/><F108/><W14/><G123/><T81/><D31/><U106/><E104/><V19/><F77/><W41/><G102/><N who="2" m="39529" /><F5/><W126/><G21/><T80/><D37/><U15/><E15/><N who="2" m="5707" /><F55/><W23/><G14/><T112/><D112/><U38/><E38/><V11/><F11/><W46/><G23/><AGARI ba="0,0" hai="19,23,24,50,51,53,57,63" m="5707,39529" machi="23" ten="30,5800,0" yaku="8,1,52,2" doraHai="47" who="2" fromWho="3" sc="170,0,240,0,250,58,340,-58" /><INIT seed="2,1,0,5,1,129" ten="170,240,308,282" oya="2" hai0="67,19,60,63,79,45,72,103,0,76,49,65,91" hai1="56,94,73,127,48,55,43,87,124,74,98,78,5" hai2="92,52,61,101,132,105,84,24,12,36,81,111,4" hai3="26,99,50,86,82,110,90,11,93,120,35,71,40"/><V3/><F3/><W114/><G71/><T116/><D0/><U8/><E43/><V135/><F36/><W47/><G120/><T62/><D103/><U133/><E87/><V85/><F105/><W20/><G35/><T115/><D115/><U97/><E98/><N who="2" m="59591" /><F24/><W23/><G114/><T106/><D106/><U88/><E78/><N who="0" m="29737" /><D72/><U51/><E48/><V29/><F29/><W122/><G122/><T70/><D116/><U10/><E8/><N who="2" m="4103" /><F81/><W68/><G68/><T121/><D121/><U39/><E39/><V118/><F118/><W27/><G11/><T107/><D107/><U77/><E77/><V28/><F28/><W25/><G110/><T104/><D104/><U13/><E74/><V75/><F75/><W54/><G40/><N who="0" m="24743" /><D70/><U80/><E73/><V37/><F37/><W38/><G38/><T117/><D117/><U83/><E80/><V64/><F111/><W34/><G34/><T53/><D53/><U102/><E83/><V7/><F52/><W131/><G131/><T41/><D41/><U44/><E44/><V16/><F7/><W96/><G96/><T108/><D108/><U66/><E102/><AGARI ba="1,0" hai="20,23,25,26,27,47,50,54,82,86,90,93,99,102" machi="102" ten="40,1300,0" yaku="8,1" doraHai="129" who="3" fromWho="1" sc="170,0,240,-16,308,0,282,16" /><INIT seed="3,0,0,1,4,54" ten="170,224,308,298" oya="3" hai0="109,21,16,120,8,18,100,58,17,43,15,101,53" hai1="72,59,117,110,114,85,106,38,125,93,119,115,68" hai2="134,126,84,46,74,89,13,49,104,71,37,40,31" hai3="86,116,28,122,63,4,25,47,112,103,11,87,1"/><W96/><G122/><T73/><D73/><U52/><E72/><V35/><F74/><W55/><G112/><T70/><D70/><U107/><E68/><V118/><F118/><N who="1" m="45065" /><E38/><V2/><F2/><W22/><G116/><T130/><D130/><U94/><E125/><V82/><F71/><W57/><G47/><T20/><D120/><U97/><E110/><V44/><F104/><AGARI ba="0,0" hai="1,4,11,22,25,28,55,57,63,86,87,96,103,104" machi="104" ten="30,2900,0" yaku="7,1,52,1" doraHai="54" who="3" fromWho="2" sc="170,0,224,0,308,-29,298,29" /><INIT seed="3,1,0,1,4,17" ten="170,224,279,327" oya="3" hai0="101,41,118,116,6,32,30,59,88,106,71,134,54" hai1="57,121,75,7,48,5,124,127,12,8,89,14,68" hai2="3,10,84,108,131,61,47,80,123,38,69,67,9" hai3="104,40,35,129,1,51,111,34,33,53,109,99,91"/><W79/><G1/><T76/><D76/><U93/><E68/><V4/><F131/><W65/><G65/><T58/><D71/><U22/><E75/><V23/><F123/><W132/><G79/><T81/><D134/><U20/><E121/><V44/><F108/><N who="3" m="41547" /><G40/><T66/><D6/><U117/><E117/><V15/><F38/><W62/><G62/><T27/><D41/><U86/><E124/><V46/><F23/><W13/><G13/><T21/><D32/><U92/><E93/><V133/><F133/><W45/><G132/><T26/><D26/><U70/><E70/><V87/><REACH who="2" step="1"/><F80/><REACH who="2" step="2"/><W115/><G129/><T95/><D118/><U42/><E127/><V25/><F25/><W135/><G135/><T130/><D116/><U37/><E37/><V102/><F102/><W16/><G115/><T28/><D130/><U56/><E42/><V113/><F113/><W52/><G35/><T85/><D106/><U128/><E128/><V2/><F2/><W24/><G34/><T112/><D112/><U100/><E100/><V0/><F0/><W114/><G33/><T63/><D101/><U103/><E103/><V125/><F125/><W78/><G104/><T94/><D30/><U98/><E8/><V72/><F72/><W90/><G24/><T64/><D64/><U119/><E119/><V120/><F120/><W31/><G31/><T50/><AGARI ba="1,1" hai="21,27,28,50,54,58,59,63,66,81,85,88,94,95" machi="50" ten="20,8000,1" yaku="0,1,7,1,8,1,52,1,54,1" doraHai="17" who="0" fromWho="0" sc="170,93,224,-21,269,-21,327,-41" /><INIT seed="4,0,0,0,3,52" ten="263,203,248,286" oya="0" hai0="132,23,65,43,103,128,25,7,68,15,11,101,78" hai1="66,33,70,75,45,127,29,58,79,133,94,129,34" hai2="92,18,77,134,113,135,61,40,123,91,35,112,31" hai3="120,39,6,12,76,118,44,27,42,59,57,36,111"/><T9/><D78/><U82/><E70/><V100/><F123/><W13/><G111/><T2/><D132/><N who="2" m="50730" /><F40/><W115/><G76/><T47/><D128/><U53/><E133/><V96/><F18/><W1/><G118/><T119/><D119/><U54/><E127/><V22/><F35/><W121/><G27/><T86/><D86/><U5/><E66/><V122/><F122/><N who="3" m="47211" /><G36/><T0/><D68/><U81/><E82/><V49/><F49/><W88/><G88/><T106/><D106/><U125/><E125/><V105/><F61/><W56/><G115/><N who="2" m="44105" /><F22/><W73/><G73/><T37/><D65/><U97/><E5/><V90/><F31/><W131/><G131/><T17/><REACH who="0" step="1"/><D2/><REACH who="0" step="2"/><U114/><E129/><V3/><F3/><W50/><G39/><T99/><D99/><U126/><E114/><V102/><F77/><W28/><G28/><AGARI ba="0,1" hai="0,7,9,11,15,17,23,25,28,37,43,47,101,103" machi="28" ten="30,2900,0" yaku="1,1,7,1,53,0" doraHai="52" doraHaiUra="46" who="0" fromWho="3" sc="253,39,203,0,248,0,286,-29" /><INIT seed="4,1,0,5,3,17" ten="292,203,248,257" oya="0" hai0="60,11,120,130,54,103,92,62,58,94,8,69,115" hai1="96,124,14,126,102,9,123,86,70,61,26,4,59" hai2="64,1,30,116,66,71,63,99,57,5,100,21,22" hai3="107,74,46,3,28,53,33,24,125,91,109,35,121"/><T43/><D120/><U122/><E70/><V106/><F116/><W90/><G3/><T38/><D130/><U34/><E86/><V40/><F40/><W25/><G121/><T118/><D118/><U7/><E4/><V23/><F30/><W104/><G74/><T10/><D115/><U128/><E128/><V51/><F51/><W84/><G84/><T0/><D0/><U20/><E34/><V15/><F1/><W132/><G53/><T77/><D77/><U50/><E50/><V49/><F49/><W19/><G19/><T32/><D32/><U42/><E42/><V135/><F135/><W56/><G125/><N who="1" m="48234" /><E96/><V105/><F105/><W44/><G56/><T18/><D103/><U79/><E79/><V88/><F88/><W6/><G6/><T45/><D18/><N who="1" m="12567" /><E102/><V80/><F80/><W131/><G131/><T55/><REACH who="0" step="1"/><D54/><AGARI ba="1,0" hai="7,9,14,54,59,61,122,123" m="12567,48234" machi="54" ten="30,2000,0" yaku="18,1,52,1" doraHai="17" who="1" fromWho="0" sc="292,-23,203,23,248,0,257,0" /><INIT seed="5,0,0,5,2,51" ten="269,226,248,257" oya="1" hai0="5,100,102,113,83,93,0,26,65,67,40,59,130" hai1="133,72,54,12,27,62,32,6,69,96,31,126,7" hai2="77,108,14,1,92,103,131,112,46,87,48,30,128" hai3="119,33,35,106,50,82,49,56,37,76,25,20,53"/><U104/><E72/><V60/><F1/><W63/><G106/><T4/><D113/><U17/><E133/><V115/><F30/><W28/><G37/><T10/><D130/><N who="2" m="49706" /><F14/><W99/><G119/><T34/><D83/><U125/><E6/><V75/><F108/><W43/><G99/><T18/><D40/><U117/><E117/><V64/><F75/><W2/><G2/><T121/><D121/><U73/><E7/><V124/><F124/><W79/><G79/><T90/><D5/><U45/><E73/><V80/><F92/><W55/><G43/><T134/><D134/><U21/><E45/><V97/><F97/><W19/><G63/><T135/><D135/><U66/><REACH who="1" step="1"/><E54/><REACH who="1" step="2"/><N who="2" m="29975" /><F103/><AGARI ba="0,1" hai="12,17,21,27,31,32,62,66,69,96,103,104,125,126" machi="103" ten="40,12000,1" yaku="1,1,25,2,53,1" doraHai="51" doraHaiUra="61" who="1" fromWho="2" sc="269,0,216,130,248,-120,257,0" /><INIT seed="5,1,0,0,3,59" ten="269,346,128,257" oya="1" hai0="17,37,99,89,14,44,96,112,35,41,28,6,65" hai1="2,20,51,16,121,7,10,43,56,110,27,90,50" hai2="19,18,91,72,93,47,32,42,131,3,55,106,118" hai3="134,119,92,38,34,60,79,49,69,36,85,21,75"/><U120/><E110/><V9/><F118/><W115/><G34/><T1/><D112/><U101/><E101/><V66/><F106/><W31/><G75/><T84/><D65/><U123/><E43/><V15/><F32/><W71/><G49/><T82/><D35/><U81/><E90/><V128/><F72/><W23/><G85/><T64/><D64/><U133/><E133/><V68/><F3/><W39/><G92/><T52/><D28/><U88/><REACH who="1" step="1"/><E56/><REACH who="1" step="2"/><V45/><F131/><W114/><G134/><T107/><D107/><U97/><E97/><V129/><F128/><W74/><G115/><T63/><D99/><U40/><E40/><V53/><F129/><W80/><G114/><T109/><D109/><U126/><E126/><V98/><F19/><W95/><G119/><T58/><D96/><U100/><E100/><V105/><F105/><W26/><G31/><T73/><D73/><U87/><AGARI ba="1,1" hai="2,7,10,16,20,27,50,51,81,87,88,120,121,123" machi="87" ten="40,12000,1" yaku="1,1,0,1,54,2,53,0" doraHai="59" doraHaiUra="104" who="1" fromWho="1" sc="269,-41,336,133,128,-41,257,-41" /><INIT seed="5,2,0,0,0,1" ten="228,469,87,216" oya="1" hai0="52,92,103,51,16,35,70,78,33,42,48,107,130" hai1="88,24,43,61,59,126,46,118,57,29,99,93,8" hai2="110,31,69,66,63,83,116,60,0,41,12,112,80" hai3="14,77,76,114,134,64,39,122,79,108,111,54,38"/><U20/><E118/><V21/><F116/><W115/><G64/><T2/><D2/><U97/><E126/><V98/><F110/><W47/><G14/><T102/><D70/><U7/><E97/><V30/><F0/><W5/><G5/><T27/><D130/><U106/><E106/><V133/><F133/><W71/><G54/><T72/><D42/><U56/><E46/><V121/><F121/><W55/><G55/><T100/><D107/><U96/><E43/><V127/><F127/><W40/><G40/><T89/><D72/><U109/><E109/><N who="3" m="42058" /><G47/><T67/><D78/><N who="3" m="19969" /><W105/><DORA hai="90" /><G105/><T73/><D73/><U65/><REACH who="1" step="1"/><E96/><REACH who="1" step="2"/><V86/><F98/><W94/><G134/><T3/><D67/><U26/><E26/><V23/><F66/><W22/><G122/><T32/><D3/><AGARI ba="2,1" hai="3,7,8,20,24,29,56,57,59,61,65,88,93,99" machi="3" ten="30,18000,2" yaku="1,1,7,1,52,2,54,1,53,1" doraHai="1,90" doraHaiUra="135,95" who="1" fromWho="0" sc="228,-186,459,196,87,0,216,0" /><INIT seed="5,3,0,3,5,122" ten="42,655,87,216" oya="1" hai0="61,74,5,84,54,117,44,123,19,2,12,13,111" hai1="81,68,63,25,106,83,22,71,58,20,67,94,34" hai2="36,105,115,28,6,29,42,87,4,78,43,102,51" hai3="114,3,56,110,119,112,125,73,39,116,18,64,62"/><U52/><E106/><V120/><F36/><W40/><G3/><T59/><D123/><U92/><E71/><V7/><F120/><W76/><G18/><T55/><D117/><N who="3" m="45129" /><G76/><T35/><D111/><U72/><E34/><V80/><F115/><N who="3" m="44075" /><G73/><T47/><D35/><U91/><E94/><V89/><F105/><W46/><G125/><T85/><D74/><U133/><E133/><V49/><F102/><W126/><G126/><T17/><D2/><U100/><E100/><V97/><F97/><W16/><G16/><N who="0" m="6219" /><D5/><U66/><E72/><V21/><F78/><W24/><G24/><T60/><D59/><N who="1" m="37247" /><E67/><V77/><F77/><W33/><G33/><T129/><D129/><U53/><E68/><V101/><F101/><W14/><G14/><N who="0" m="5739" /><D61/><N who="1" m="36039" /><E53/><N who="0" m="19977" /><D60/><U104/><E104/><V90/><F4/><W99/><G99/><T107/><D107/><U127/><E127/><V79/><F6/><W70/><G56/><T10/><D10/><U31/><E22/><V75/><F21/><W41/><G41/><T93/><D93/><U30/><E31/><V69/><F28/><W98/><G98/><AGARI ba="3,0" hai="20,25,30,81,83,91,92,98" m="36039,37247" machi="98" ten="30,2900,0" yaku="8,1,54,1" doraHai="122" who="1" fromWho="3" sc="42,0,655,38,87,0,216,-38" /><INIT seed="5,4,0,4,4,19" ten="42,693,87,178" oya="1" hai0="125,107,100,30,65,76,79,72,118,134,109,131,58" hai1="41,114,53,47,62,74,67,128,7,25,135,55,104" hai2="103,29,97,26,115,42,15,14,10,38,50,60,43" hai3="126,63,32,81,40,20,48,73,8,28,124,87,123"/><U127/><E74/><V34/><F38/><W82/><G123/><T98/><D109/><U17/><E104/><V94/><F115/><W88/><G63/><T39/><D39/><U70/><E114/><V119/><F119/><W36/><G36/><T93/><D118/><U106/><E106/><V56/><F50/><W68/><G68/><T99/><D125/><N who="3" m="48233" /><G32/><T75/><D131/><U21/><E127/><V95/><F95/><N who="3" m="54687" /><G73/><N who="0" m="28235" /><D30/><U6/><E135/><V3/><F3/><W120/><G120/><T80/><D65/><U23/><E128/><V105/><F105/><W112/><G8/><T57/><D57/><U51/><E55/><V89/><F89/><W1/><G1/><T45/><D45/><U121/><E121/><V64/><F14/><W24/><G112/><T122/><D58/><U35/><E35/><V111/><F111/><W0/><G0/><T61/><D61/><U16/><REACH who="1" step="1"/><E41/><REACH who="1" step="2"/><V102/><F42/><W66/><G66/><T92/><D122/><U130/><E130/><V85/><F43/><W9/><G40/><T133/><D107/><U44/><E44/><V37/><F64/><W2/><G48/><T90/><D80/><U113/><E113/><V132/><F37/><W116/><G116/><T18/><D18/><U4/><E4/><AGARI ba="4,1" hai="2,4,9,20,24,28,81,82" m="54687,48233" machi="4" ten="30,3900,0" yaku="18,1,52,1,54,1" doraHai="19" who="3" fromWho="1" sc="42,0,683,-51,87,0,178,61" /><INIT seed="6,0,0,0,1,6" ten="42,632,87,239" oya="2" hai0="24,108,64,63,11,65,82,101,25,74,120,38,17" hai1="30,75,73,100,110,23,19,77,2,18,10,79,36" hai2="33,107,48,69,134,35,13,119,96,12,106,130,99" hai3="121,80,61,94,26,70,59,126,72,87,56,57,39"/><V32/><F48/><W1/><G1/><T109/><D108/><U88/><E36/><V131/><F119/><W95/><G39/><T31/><D109/><U28/><E110/><V62/><F62/><W127/><G72/><T98/><D120/><U47/><E2/><V5/><F134/><W122/><G26/><T46/><D25/><U7/><E47/><V0/><F0/><W34/><G34/><T128/><D128/><N who="2" m="49194" /><F69/><W105/><G105/><N who="2" m="39945" /><F5/><W133/><G133/><T71/><D65/><U41/><E41/><V22/><F22/><W84/><G80/><T54/><D54/><U60/><E7/><V67/><F67/><W51/><G51/><T58/><D74/><U43/><E23/><V81/><F81/><W97/><G97/><AGARI ba="0,0" hai="12,13,32,33,35,96,97,99" m="39945,49194" machi="97" ten="40,7700,0" yaku="28,2,19,1" doraHai="6" who="2" fromWho="3" sc="42,0,632,0,87,77,239,-77" /><INIT seed="6,1,0,2,0,39" ten="42,632,164,162" oya="2" hai0="77,56,34,68,27,81,4,97,18,6,2,130,51" hai1="128,117,64,134,43,16,84,20,133,58,9,111,91" hai2="85,88,14,93,131,100,83,71,55,114,96,92,15" hai3="126,86,101,66,3,109,78,29,113,61,33,10,57"/><V104/><F71/><W26/><G109/><T11/><D130/><U0/><E111/><V89/><F131/><W25/><G126/><T5/><D97/><U115/><E117/><V22/><F114/><W107/><G113/><T105/><D105/><U30/><E115/><V46/><F22/><W127/><G127/><T75/><D68/><U44/><E30/><V63/><F104/><W119/><G119/><T8/><D56/><U124/><E128/><V40/><F55/><W35/><G86/><T42/><D11/><U59/><E124/><V65/><F63/><W50/><G50/><T74/><D74/><U82/><E9/><V99/><F65/><W32/><G78/><T72/><D72/><U19/><E0/><V48/><AGARI ba="1,0" hai="14,15,40,46,48,83,85,88,89,92,93,96,99,100" machi="48" ten="20,12000,1" yaku="0,1,7,1,8,1,52,1,54,1" doraHai="39" who="2" fromWho="2" sc="42,-41,632,-41,164,123,162,-41" /><INIT seed="6,2,0,0,3,63" ten="1,591,287,121" oya="2" hai0="125,132,81,109,37,99,75,22,38,31,105,58,84" hai1="56,89,93,120,88,98,47,3,64,130,12,78,18" hai2="19,80,27,114,116,126,25,26,103,40,14,68,86" hai3="104,122,6,135,79,10,67,95,0,65,1,91,102"/><V2/><F2/><W35/><G35/><T43/><D109/><U61/><E130/><V111/><F116/><W13/><G122/><T15/><D132/><U76/><E3/><V94/><F111/><W113/><G79/><T90/><D125/><U101/><E120/><V30/><F30/><W20/><G135/><T77/><D58/><U128/><E128/><V72/><F72/><W66/><G102/><T32/><D32/><U96/><E47/><V62/><F126/><W69/><G104/><T52/><D43/><U50/><E50/><V44/><F114/><W16/><G69/><T87/><D87/><U82/><E82/><V92/><F62/><W24/><REACH who="3" step="1"/><G113/><REACH who="3" step="2"/><T115/><D115/><U134/><E134/><V107/><F68/><W57/><G57/><T129/><D129/><U71/><E71/><V100/><F103/><W110/><G110/><T112/><D112/><U8/><E89/><V121/><F100/><W117/><G117/><T54/><D105/><AGARI ba="2,1" hai="8,12,18,56,61,64,76,78,88,93,96,98,101,105" machi="105" ten="30,3900,0" yaku="7,1,52,1,54,1" doraHai="63" who="1" fromWho="0" sc="1,-45,591,55,287,0,111,0" owari="-44,-54,646,74,287,9,111,-29" /></mjloggm>