<mjloggm ver="2.3"><GO type="169" lobby="0"/><UN n0="%EF%BC%A0%E6%A3%AE" n1="%E3%81%B2%E3%81%BD%E3%81%8D%E3%82%88%E3%81%97" n2="%73%68%69%73%73%6F%75" n3="%EF%BC%88%E2%89%A7%E2%96%BD%E2%89%A6%EF%BC%89" dan="16,18,16,17" rate="2141.36,2210.87,2042.83,2129.53" sx="F,M,M,M"/><TAIKYOKU oya="0"/><INIT seed="0,0,0,5,4,81" ten="250,250,250,250" oya="0" hai0="13,65,122,110,125,100,107,62,97,22,0,34,87" hai1="120,93,40,47,56,127,48,54,126,129,118,14,37" hai2="42,26,30,84,113,135,89,83,77,121,35,27,9" hai3="95,39,61,6,94,32,16,51,33,59,82,79,19"/><T80/><D122/><U133/><E120/><V70/><F113/><W90/><G39/><T41/><D0/><U85/><E118/><V69/><F135/><W101/><G6/><T29/><D34/><U28/><E28/><V112/><F112/><W98/><G51/><T46/><D125/><U73/><E73/><V71/><F121/><W25/><G82/><T38/><D110/><U11/><E129/><V106/><F106/><W76/><G33/><T63/><D65/><U72/><E72/><V78/><F42/><W86/><G32/><T128/><D128/><U53/><E53/><V130/><F130/><W104/><G104/><T3/><D3/><U124/><E133/><V58/><F27/><W4/><G4/><T17/><REACH who="0" step="1"/><D29/><REACH who="0" ten="240,250,250,250" step="2"/><U1/><E1/><V36/><F30/><W60/><G60/><T45/><D45/><U31/><E31/><V109/><F35/><W55/><G25/><T91/><AGARI ba="0,1" hai="13,17,22,38,41,46,62,63,80,87,91,97,100,107" machi="91" ten="20,7800,0" yaku="1,1,0,1,7,1,52,1,53,0" doraHai="81" doraHaiUra="44" who="0" fromWho="0" sc="240,88,250,-26,250,-26,250,-26" /><INIT seed="0,1,0,5,1,103" ten="328,224,224,224" oya="0" hai0="70,114,30,101,104,86,117,129,119,11,118,22,134" hai1="13,31,14,1,126,135,58,26,12,16,128,33,17" hai2="100,21,132,107,83,106,8,52,73,18,46,74,68" hai3="99,81,6,32,37,35,97,89,125,109,78,62,133"/><T87/><D114/><U2/><E126/><V9/><F68/><W38/><G125/><T20/><D70/><U110/><E110/><V75/><F100/><W64/><G6/><T102/><D11/><U91/><E128/><V24/><F83/><W51/><G109/><T123/><D129/><U71/><E135/><V79/><F79/><W15/><G15/><T34/><D134/><U61/><E71/><V4/><F132/><W40/><G133/><T112/><D112/><U88/><E91/><V27/><F27/><W28/><G51/><T65/><D65/><U92/><E2/><V95/><F95/><W72/><G28/><T76/><D123/><U49/><E49/><V54/><F8/><W29/><G29/><T80/><D86/><U44/><E1/><V69/><F69/><W36/><G40/><T19/><D101/><U131/><E44/><V113/><F113/><W121/><G121/><T105/><D102/><U3/><E3/><V60/><F46/><W93/><G97/><T5/><D5/><U55/><REACH who="1" step="1"/><E131/><REACH who="1" ten="328,214,224,224" step="2"/><V41/><F60/><W82/><G38/><T43/><D119/><U96/><AGARI ba="1,1" hai="12,13,14,16,17,26,31,33,55,58,61,88,92,96" machi="96" ten="30,12000,2" yaku="1,1,2,1,0,1,54,2,53,1" doraHai="103" doraHaiUra="25" who="1" fromWho="1" sc="328,-61,214,133,224,-31,224,-31" /><INIT seed="1,0,0,2,4,9" ten="267,347,193,193" oya="1" hai0="16,82,72,133,64,36,96,58,11,25,63,26,101" hai1="85,73,40,106,87,131,112,29,1,81,119,53,45" hai2="132,48,8,65,62,100,121,15,110,124,0,123,130" hai3="54,71,6,122,75,3,56,5,98,109,89,86,90"/><U135/><E112/><V67/><F110/><W83/><G71/><T95/><D36/><U128/><E1/><V13/><F132/><W113/><G113/><T79/><REACH who="0" step="1"/><D133/><REACH who="0" ten="257,347,193,193" step="2"/><U28/><E135/><V17/><F121/><W12/><G122/><T104/><D104/><U7/><E106/><V118/><F123/><W115/><G115/><T14/><AGARI ba="0,1" hai="11,14,16,25,26,58,63,64,72,79,82,95,96,101" machi="14" ten="30,7900,0" yaku="1,1,0,1,52,1,54,1,53,0" doraHai="9" doraHaiUra="126" who="0" fromWho="0" sc="257,89,347,-39,193,-20,193,-20" /><INIT seed="2,0,0,4,0,80" ten="346,308,173,173" oya="2" hai0="92,10,86,60,4,23,62,129,27,65,106,115,63" hai1="22,21,104,123,91,8,77,66,119,79,13,0,113" hai2="76,122,81,98,95,26,69,84,126,16,70,127,7" hai3="61,25,111,116,40,45,132,49,124,56,121,75,83"/><V101/><F122/><W94/><G121/><T47/><D106/><U87/><E104/><V118/><F118/><W24/><G116/><T105/><D105/><U12/><E113/><V36/><F36/><W54/><G111/><T17/><D115/><U9/><E119/><V46/><F46/><W42/><G132/><T72/><D72/><U6/><E66/><V5/><F5/><W28/><G124/><N who="2" m="47657" /><F7/><W53/><G24/><T39/><D129/><U14/><E123/><V117/><F117/><W99/><G83/><T31/><D47/><U128/><E128/><V20/><AGARI ba="0,0" hai="16,20,26,69,70,76,81,84,95,98,101" m="47657" machi="20" ten="30,6000,0" yaku="18,1,52,1,54,1" doraHai="80" who="2" fromWho="2" sc="346,-20,308,-20,173,60,173,-20" /><INIT seed="2,1,0,1,4,67" ten="326,288,233,153" oya="2" hai0="101,74,28,113,104,17,61,132,55,98,110,8,86" hai1="25,54,23,112,126,62,124,51,127,85,77,4,89" hai2="81,22,3,41,70,44,106,102,16,5,109,82,14" hai3="39,115,128,45,68,58,48,76,75,80,103,26,133"/><V60/><F3/><W66/><G128/><T30/><D74/><U122/><E112/><V47/><F5/><W35/><G115/><T95/><D113/><U20/><E77/><V120/><F120/><W24/><G133/><T71/><D132/><U118/><E118/><V100/><F109/><W91/><G103/><T108/><D8/><U52/><E4/><V36/><F47/><W111/><G111/><N who="0" m="42539" /><D17/><U6/><E6/><V130/><F130/><W119/><G119/><T50/><D104/><U57/><E25/><V37/><F37/><W114/><G114/><T2/><D86/><U79/><E79/><V42/><F42/><N who="3" m="22751" /><G91/><T123/><D2/><U129/><E129/><V49/><F36/><W32/><G32/><T84/><D84/><U83/><REACH who="1" step="1"/><E122/><REACH who="1" ten="326,278,233,153" step="2"/><V38/><F38/><W117/><G117/><T15/><D123/><U69/><E69/><V21/><F70/><W43/><G68/><T18/><D71/><U46/><AGARI ba="1,1" hai="20,23,46,51,52,54,57,62,83,85,89,124,126,127" machi="46" ten="30,7900,0" yaku="1,1,0,1,18,1,54,1,53,0" doraHai="67" doraHaiUra="12" who="1" fromWho="1" sc="326,-21,278,92,233,-40,153,-21" /><INIT seed="3,0,0,3,2,48" ten="305,370,193,132" oya="3" hai0="79,121,56,70,16,19,40,126,17,57,34,27,46" hai1="84,68,132,71,130,116,117,37,77,81,11,55,114" hai2="51,23,53,107,105,44,54,32,88,42,13,119,134" hai3="112,7,49,22,97,83,4,12,104,118,135,101,0"/><W45/><G118/><N who="1" m="45674" /><E130/><V92/><F119/><W39/><G112/><T2/><D121/><U64/><E132/><V127/><F32/><W30/><G135/><T66/><D2/><U108/><E108/><V131/><F134/><W8/><G39/><T29/><D126/><U14/><E37/><V113/><F113/><W21/><G30/><T76/><D70/><U128/><E64/><V129/><F127/><W124/><G124/><T125/><D125/><U91/><E128/><N who="2" m="49227" /><F13/><W38/><G38/><T86/><D66/><U58/><E91/><V93/><F23/><W5/><G83/><T43/><D86/><U89/><E89/><V35/><F35/><W109/><G109/><T73/><D73/><U60/><E114/><V90/><F90/><W65/><G65/><T1/><D76/><U33/><E33/><V120/><F120/><W82/><G82/><T20/><D79/><U103/><E103/><V100/><F100/><W80/><G80/><T3/><D34/><U122/><E122/><V36/><F36/><W102/><G101/><T24/><D24/><U28/><E28/><V75/><F75/><W69/><G69/><T110/><D110/><U95/><E95/><N who="2" m="36427" /><F88/><W52/><REACH who="3" step="1"/><G0/><REACH who="3" ten="305,370,193,122" step="2"/><T47/><D1/><U78/><E78/><V61/><F61/><W63/><G63/><T41/><D3/><U74/><E74/><V96/><F96/><W9/><G9/><T123/><D123/><U25/><E71/><V85/><F85/><W31/><G31/><T72/><D72/><U59/><E68/><V98/><F98/><W94/><G94/><T6/><D29/><RYUUKYOKU ba="0,1" sc="305,-15,370,-15,193,15,122,15" hai2="42,44,51,53,54,105,107" hai3="4,5,7,8,12,21,22,45,49,52,97,102,104" /><INIT seed="3,1,1,2,5,40" ten="290,355,208,137" oya="3" hai0="77,112,134,92,128,41,12,109,5,34,108,9,4" hai1="63,52,38,22,69,87,80,120,116,105,7,81,44" hai2="39,91,107,86,97,31,72,66,113,55,124,70,121" hai3="94,30,61,99,133,15,73,100,11,88,67,84,53"/><W74/><G133/><T135/><D34/><U33/><E33/><V129/><F113/><W46/><G30/><T56/><D112/><U58/><E120/><V2/><F72/><W17/><G53/><T85/><D56/><U32/><E32/><V125/><F2/><W45/><G74/><T13/><D41/><U1/><E105/><V25/><F39/><W110/><G110/><N who="0" m="42603" /><D128/><U6/><E69/><V18/><F129/><W57/><G73/><T23/><D92/><AGARI ba="1,1" hai="11,15,17,45,46,57,61,67,84,88,92,94,99,100" machi="92" ten="30,12000,1" yaku="7,1,8,1,52,2,54,1" doraHai="40" who="3" fromWho="0" sc="290,-123,355,0,208,0,137,133" /><INIT seed="3,2,0,4,1,22" ten="167,355,208,270" oya="3" hai0="87,55,7,33,64,126,111,99,10,109,58,21,37" hai1="101,60,121,17,70,53,92,8,46,5,98,41,105" hai2="9,114,40,56,61,27,97,52,54,134,83,135,128" hai3="104,31,127,62,13,47,78,122,39,48,112,107,67"/><W100/><G122/><T38/><D33/><U36/><E121/><V1/><F114/><W42/><G112/><T24/><D126/><U125/><E125/><V76/><F128/><W113/><G113/><T45/><D64/><U71/><E105/><V35/><F40/><W115/><G115/><T4/><D99/><U96/><E96/><V6/><F97/><W32/><G127/><T108/><D87/><U77/><E17/><V16/><F35/><W106/><G13/><N who="0" m="5319" /><D45/><U93/><E93/><V89/><F89/><W75/><G48/><N who="0" m="31079" /><D7/><U18/><E5/><V29/><F29/><AGARI ba="2,0" hai="21,24,29,37,38,108,109,111" m="31079,5319" machi="29" ten="30,2000,0" yaku="14,1,52,1" doraHai="22" who="0" fromWho="2" sc="167,26,355,0,208,-26,270,0" /><INIT seed="4,0,0,0,2,50" ten="193,355,182,270" oya="0" hai0="102,62,113,99,126,56,37,83,38,79,73,0,11" hai1="55,54,129,22,109,14,131,36,130,120,57,97,49" hai2="77,108,60,69,96,15,10,75,58,44,90,30,106" hai3="9,76,107,16,127,122,3,42,19,98,82,80,45"/><T67/><D126/><U115/><E109/><V124/><F69/><W32/><G32/><T53/><D113/><U43/><E115/><V87/><F124/><W33/><G33/><T112/><D112/><U41/><E120/><V93/><F30/><W51/><G127/><T29/><D29/><U26/><E14/><V74/><F108/><W8/><G122/><T35/><D35/><U6/><E6/><V2/><F2/><W52/><G107/><T17/><D67/><U88/><E36/><V119/><F119/><W104/><G104/><T118/><D118/><U111/><E111/><V91/><F44/><W133/><G133/><T28/><D28/><N who="1" m="17495" /><E55/><V5/><F77/><W70/><G70/><T4/><REACH who="0" step="1"/><D17/><REACH who="0" ten="183,355,182,270" step="2"/><U123/><E123/><V110/><F110/><W40/><G19/><T65/><D65/><U61/><E130/><V24/><F5/><W7/><G16/><T86/><D86/><U94/><E129/><V12/><F87/><W48/><G7/><T78/><D78/><U47/><E131/><V27/><F74/><W85/><G76/><T103/><D103/><U84/><E84/><V72/><F75/><W68/><G85/><T134/><D134/><U114/><E114/><V100/><F72/><W64/><G64/><T34/><D34/><U39/><E39/><V121/><F100/><W23/><G80/><T18/><D18/><U116/><E116/><V66/><F66/><W13/><G82/><T59/><D59/><U25/><E41/><V31/><F121/><W1/><G40/><T128/><D128/><U81/><E81/><V117/><F117/><RYUUKYOKU ba="0,1" sc="183,15,355,15,182,-15,270,-15" hai0="0,4,11,37,38,53,56,62,73,79,83,99,102" hai1="25,43,47,49,54,57,61,88,94,97" /><INIT seed="4,1,1,1,3,65" ten="198,370,167,255" oya="0" hai0="125,98,127,95,69,19,104,93,90,117,24,85,99" hai1="21,78,71,80,96,110,37,134,48,92,64,75,87" hai2="20,116,84,126,58,133,31,6,129,17,115,30,32" hai3="123,81,52,89,40,0,73,38,103,113,101,122,13"/><T9/><D69/><U22/><E37/><V35/><F115/><W54/><G0/><T43/><D43/><U26/><E110/><V57/><F84/><N who="3" m="50319" /><G73/><T86/><D117/><U16/><E134/><V83/><F83/><W50/><G113/><T36/><D36/><U33/><E75/><V130/><F116/><W132/><G132/><T55/><D55/><N who="3" m="21033" /><G38/><T51/><D51/><U11/><E11/><V45/><F45/><N who="3" m="25895" /><G13/><N who="0" m="7599" /><D104/><U60/><E22/><V63/><F133/><W44/><G44/><T106/><D106/><U119/><E48/><V27/><F35/><W97/><G97/><T25/><D99/><U111/><E119/><V3/><F32/><W107/><G107/><T61/><D61/><U2/><E33/><V10/><F3/><W41/><G41/><T114/><D114/><U68/><E111/><V5/><F129/><W100/><G100/><N who="0" m="60511" /><D86/><U91/><E2/><V34/><F130/><W29/><G123/><T62/><D62/><U15/><E15/><V47/><F34/><W88/><G122/><T23/><D23/><U12/><E12/><V109/><F20/><W39/><G39/><T77/><D77/><U118/><E118/><V82/><F109/><W105/><G105/><T120/><D120/><U67/><E67/><V128/><F128/><W46/><G46/><T74/><D74/><U121/><E121/><V8/><F47/><W28/><G88/><T49/><D49/><U14/><E14/><V79/><F63/><W56/><G56/><AGARI ba="1,1" hai="16,21,26,56,60,64,68,71,78,80,87,91,92,96" machi="56" ten="30,7700,0" yaku="7,1,52,2,54,1" doraHai="65" who="1" fromWho="3" sc="198,0,370,90,167,0,255,-80" /><INIT seed="5,0,0,1,0,49" ten="198,460,167,175" oya="1" hai0="32,111,7,82,21,78,99,1,126,79,91,37,58" hai1="43,4,36,116,96,124,105,51,135,115,52,46,125" hai2="112,10,72,66,47,25,27,18,108,80,9,89,86" hai3="33,6,100,113,60,131,5,14,41,130,132,54,94"/><U40/><E4/><V24/><F108/><W104/><G104/><T69/><D69/><U34/><E34/><V67/><F112/><W75/><G75/><T0/><D37/><U128/><E96/><V110/><F110/><W39/><G33/><T71/><D71/><U133/><E105/><V134/><F72/><W12/><G113/><T30/><D111/><U44/><E115/><V103/><F134/><N who="1" m="51209" /><E116/><V3/><F103/><W45/><G132/><T97/><D32/><U53/><E128/><N who="3" m="49194" /><G94/><T16/><D30/><U83/><E83/><V87/><F3/><W48/><G60/><T101/><D1/><U65/><E65/><N who="2" m="24587" /><F47/><N who="3" m="23999" /><G100/><T56/><D0/><U109/><E109/><V38/><F38/><W127/><G127/><AGARI ba="0,0" hai="36,40,43,44,46,51,52,53,124,125,127" m="51209" machi="127" ten="30,18000,2" yaku="18,1,20,1,34,2,52,2,54,1" doraHai="49" who="1" fromWho="3" sc="198,0,460,180,167,0,175,-180" owari="198,0.0,640,74.0,167,-23.0,-5,-51.0" /></mjloggm>