<mjloggm ver="2.3"><GO type="169"/><UN n0="%E3%82%AF%E3%83%A9" n1="%E5%8F%8D%E9%99%BD%E5%AD%90%E3%81%95%E3%82%93" n2="%EF%BC%88%E2%89%A7%E2%96%BD%E2%89%A6%EF%BC%89" n3="%6D%61%63%6A%72" dan="17,16,18,17" rate="2142,2109,2175,2159" sx="M,M,M,M"/><TAIKYOKU oya="0"/><INIT seed="0,0,0,2,2,24" ten="250,250,250,250" oya="0" hai0="113,68,46,34,107,121,92,3,16,59,9,103,12" hai1="2,104,94,133,132,57,124,131,74,108,54,71,97" hai2="99,106,65,29,37,109,41,50,23,31,35,55,14" hai3="129,10,11,44,119,66,43,48,98,88,72,83,20"/><T60/><D121/><U111/><E2/><V87/><F35/><W110/><G119/><T78/><D113/><U4/><E4/><V63/><F109/><N who="1" m="42057" /><E71/><V39/><F106/><W61/><G110/><T89/><D68/><U32/><E74/><V84/><F39/><W36/><G129/><T81/><D34/><U116/><E116/><V114/><F114/><W101/><G36/><T22/><D46/><U73/><E73/><V128/><F128/><W0/><G20/><T56/><D107/><U82/><E131/><V21/><F37/><W30/><G30/><N who="2" m="11273" /><F99/><W51/><G51/><T117/><D117/><U25/><E104/><V62/><F41/><W15/><G0/><T91/><D3/><U70/><E70/><V13/><F65/><W112/><G112/><T96/><D9/><U47/><E32/><V76/><F21/><W95/><G72/><T52/><REACH who="0" step="1"/><D59/><REACH who="0" ten="240,250,250,250" step="2"/><U134/><E57/><N who="2" m="33015" /><F23/><W1/><G1/><T38/><D38/><U77/><E132/><V126/><F126/><W27/><G44/><T102/><D102/><U64/><E124/><V17/><F17/><W79/><G101/><T40/><D40/><U6/><E133/><V75/><F75/><AGARI ba="0,1" hai="12,16,22,52,56,60,75,78,81,89,91,92,96,103" machi="75" ten="30,18000,2" yaku="1,1,7,1,54,2,53,2" doraHai="24" doraHaiUra="85" who="0" fromWho="2" sc="240,190,250,0,250,-180,250,0" /><INIT seed="0,1,0,0,4,68" ten="430,250,70,250" oya="0" hai0="122,90,128,113,37,106,100,85,20,57,3,35,77" hai1="44,99,1,22,11,74,51,25,54,86,40,21,12" hai2="29,58,53,39,101,16,119,67,127,133,34,95,41" hai3="123,6,105,80,43,87,2,31,30,104,76,48,64"/><T98/><D35/><U52/><E74/><V61/><F119/><W88/><G123/><T78/><D3/><U32/><E1/><V60/><F133/><W126/><G126/><T28/><D113/><U13/><E32/><V81/><F127/><W110/><G110/><T33/><D33/><U75/><E75/><V46/><F81/><W7/><G64/><T8/><D8/><U59/><E54/><V125/><F125/><W121/><G121/><T89/><D128/><U135/><E135/><V120/><F120/><W4/><G2/><T108/><D122/><U42/><E42/><V102/><F95/><W9/><G9/><T131/><D131/><U49/><E13/><V56/><REACH who="2" step="1"/><F16/><REACH who="2" ten="430,250,60,250" step="2"/><W10/><G10/><T91/><D106/><U103/><E86/><V71/><F71/><W84/><G104/><T24/><D85/><U15/><E99/><V129/><F129/><W65/><G105/><T47/><D98/><U115/><E115/><V124/><F124/><W134/><G134/><T26/><D108/><U107/><E107/><V117/><F117/><W132/><G132/><T92/><D92/><U45/><E11/><V69/><F69/><W66/><G31/><T5/><D28/><U27/><E103/><V55/><F55/><W73/><G30/><T38/><D100/><U83/><E83/><V18/><F18/><W62/><G73/><T79/><D5/><U63/><E52/><V72/><F72/><W96/><G84/><T17/><D17/><U19/><E19/><V70/><F70/><W118/><G118/><T23/><D57/><U36/><E59/><RYUUKYOKU ba="1,1" sc="430,-10,250,-10,60,30,250,-10" hai2="29,34,39,41,46,53,56,58,60,61,67,101,102" /><INIT seed="1,2,1,3,1,134" ten="420,240,90,240" oya="1" hai0="23,97,9,59,51,24,31,100,70,28,46,79,35" hai1="132,63,103,75,37,114,131,73,32,128,1,43,39" hai2="50,6,104,54,74,20,108,0,40,72,4,119,30" hai3="91,57,83,124,125,25,120,111,68,121,109,87,85"/><U89/><E132/><V56/><F119/><W60/><G68/><T10/><D70/><U42/><E114/><V21/><F108/><N who="3" m="41547" /><G25/><T11/><D79/><U22/><E32/><V84/><F104/><W8/><G8/><T92/><D59/><U110/><E1/><V64/><F74/><N who="1" m="28169" /><E110/><V113/><F72/><W55/><G85/><T129/><D129/><N who="1" m="49739" /><E103/><V76/><F113/><W86/><G87/><T105/><D105/><U53/><E89/><V127/><F0/><W118/><G118/><T29/><D35/><U7/><E7/><V126/><F64/><W45/><G45/><T116/><D116/><U13/><E63/><V16/><F4/><W17/><G17/><T3/><D3/><U36/><E53/><AGARI ba="2,1" hai="9,10,11,23,24,28,29,31,46,51,53,92,97,100" machi="53" ten="40,1300,0" yaku="8,1" doraHai="134" who="0" fromWho="1" sc="420,29,240,-19,90,0,240,0" /><INIT seed="2,0,0,5,1,121" ten="449,221,90,240" oya="2" hai0="87,73,3,64,22,24,95,79,29,132,19,47,56" hai1="49,83,128,103,35,55,102,53,76,104,34,10,109" hai2="93,106,80,28,90,33,27,134,69,107,71,120,68" hai3="94,31,101,133,51,70,105,21,30,96,59,98,1"/><V62/><F120/><W48/><G70/><T37/><D3/><U81/><E128/><V78/><F134/><W4/><G133/><T115/><D73/><U131/><E131/><V89/><F62/><W126/><G126/><T13/><D115/><U5/><E104/><V129/><F129/><W127/><G127/><T8/><D37/><U67/><E67/><V57/><F57/><W25/><G30/><T12/><D47/><U15/><E109/><V110/><F110/><W52/><G4/><T45/><D45/><U85/><E83/><V74/><REACH who="2" step="1"/><F90/><REACH who="2" ten="449,221,80,240" step="2"/><W11/><G59/><T2/><D56/><U26/><E103/><V66/><F66/><W41/><G101/><T111/><D64/><U86/><E102/><V113/><F113/><W117/><G117/><T46/><D111/><U38/><E76/><V119/><F119/><W88/><G88/><T40/><D79/><U135/><E135/><V50/><F50/><W65/><G48/><T114/><D114/><U17/><E49/><V123/><F123/><W125/><G51/><T77/><D77/><U99/><E38/><V82/><F82/><W58/><G58/><T112/><D112/><U91/><E81/><V16/><F16/><W100/><G65/><T36/><D19/><U18/><E91/><V108/><F108/><W75/><G100/><T39/><D39/><U9/><E18/><V63/><F63/><W0/><G125/><T60/><D60/><U14/><E17/><V116/><F116/><W54/><G105/><T130/><D130/><U84/><E5/><V43/><F43/><W20/><G41/><RYUUKYOKU ba="0,1" sc="449,-10,221,-10,80,30,240,-10" hai2="27,28,33,68,69,71,74,78,80,89,93,106,107" /><INIT seed="2,1,1,2,5,64" ten="439,211,110,230" oya="2" hai0="104,120,31,105,30,17,123,124,112,71,32,86,93" hai1="28,18,11,116,113,58,125,34,46,45,19,111,2" hai2="53,10,14,0,96,91,61,133,103,83,128,41,115" hai3="21,92,47,102,119,77,100,15,70,127,76,63,29"/><V9/><F115/><W59/><G119/><T4/><D112/><U109/><E113/><V74/><F133/><W1/><G1/><T22/><D4/><N who="1" m="1431" /><E116/><V26/><F128/><W42/><G127/><T78/><D124/><U38/><E125/><V68/><F0/><W107/><G107/><T36/><D36/><U98/><E98/><V56/><F68/><W114/><G70/><T134/><D71/><U43/><E46/><V60/><F74/><W90/><G100/><T62/><D62/><U27/><E58/><N who="2" m="34895" /><F41/><W12/><G102/><T40/><D40/><U97/><E97/><V81/><F26/><N who="3" m="16591" /><G114/><T80/><D134/><U8/><E8/><N who="2" m="3179" /><F14/><N who="3" m="5163" /><G47/><T99/><D105/><U69/><E69/><V117/><F117/><W131/><G131/><T51/><D104/><U132/><E132/><V24/><F103/><W48/><G42/><T129/><D129/><U50/><E38/><V94/><F24/><W108/><G48/><T13/><D51/><U79/><E79/><V73/><F73/><W75/><G75/><T35/><D123/><U72/><E72/><V55/><AGARI ba="1,1" hai="55,56,61,81,83,91,94,96" m="3179,34895" machi="55" ten="30,1500,0" yaku="8,1" doraHai="64" who="2" fromWho="2" sc="439,-6,211,-6,110,28,230,-6" /><INIT seed="2,2,0,3,5,0" ten="433,205,138,224" oya="2" hai0="125,88,39,123,48,58,22,64,77,75,11,36,29" hai1="108,42,40,27,8,100,20,32,99,134,66,65,41" hai2="133,126,45,113,106,131,56,110,92,130,90,17,24" hai3="4,115,50,31,67,49,23,74,12,111,68,101,83"/><V78/><F106/><W15/><G111/><T120/><D125/><U93/><E108/><V103/><F110/><W95/><G115/><T55/><D77/><U114/><E114/><V124/><F113/><W129/><G129/><N who="2" m="49161" /><F45/><W89/><G68/><T59/><D75/><U35/><E134/><V25/><F103/><W84/><G67/><T53/><D64/><U105/><E105/><V46/><F46/><W128/><G128/><T3/><D88/><U13/><E35/><V80/><F56/><W19/><G31/><T85/><D85/><U82/><E82/><V7/><F133/><W62/><G62/><T6/><D39/><U26/><E32/><V2/><F17/><W102/><G102/><T98/><D36/><U51/><E51/><V54/><F54/><W104/><G104/><T79/><D55/><U30/><REACH who="1" step="1"/><E27/><REACH who="1" ten="433,195,138,224" step="2"/><N who="2" m="10315" /><F80/><W60/><G83/><T76/><D48/><U37/><E37/><V28/><F78/><W18/><G49/><T91/><D79/><U38/><E38/><V1/><F28/><W119/><G50/><T132/><D76/><U116/><E116/><V47/><F47/><W61/><G119/><T72/><D132/><U121/><E121/><V117/><F117/><W10/><G74/><T127/><D72/><U43/><N who="1" m="10240" /><DORA hai="34" /><U33/><E33/><V21/><F126/><W14/><G101/><T16/><D127/><U9/><E9/><AGARI ba="2,1" hai="4,9,10,12,14,15,18,19,23,60,61,84,89,95" machi="9" ten="30,3900,0" yaku="7,1,8,1,52,1" doraHai="0,34" who="3" fromWho="1" sc="433,0,195,-45,138,0,224,55" /><INIT seed="3,0,0,3,0,53" ten="433,150,138,279" oya="3" hai0="69,105,106,60,5,46,132,129,50,54,90,8,22" hai1="114,38,102,64,61,13,77,15,32,116,39,45,68" hai2="12,16,84,80,133,40,82,88,115,19,76,10,52" hai3="112,2,124,93,92,20,131,87,29,34,122,1,49"/><W107/><G107/><T121/><D121/><U55/><E32/><V130/><F115/><W94/><G34/><T120/><D120/><U97/><E114/><V75/><F130/><W24/><G122/><T118/><D118/><U99/><E116/><V67/><F133/><W21/><G112/><T56/><D132/><U18/><E77/><V44/><F67/><W72/><G72/><T51/><D129/><U43/><E99/><V65/><F65/><W4/><G131/><T113/><D113/><U71/><E55/><V33/><F33/><W36/><G36/><T100/><D22/><U42/><E42/><V78/><F78/><W79/><G124/><T48/><D69/><U123/><E123/><V86/><F75/><W101/><G101/><T83/><D100/><U103/><E103/><V3/><F3/><W63/><G49/><T27/><D27/><U85/><E85/><V110/><F110/><W81/><G4/><T31/><D31/><U23/><E15/><V14/><F52/><W57/><REACH who="3" step="1"/><G21/><REACH who="3" ten="433,150,138,269" step="2"/><T17/><D5/><U127/><E127/><V108/><F108/><W91/><G91/><T74/><D74/><U96/><E39/><V95/><F95/><W134/><G134/><T66/><D106/><U59/><E97/><V30/><F88/><W128/><G128/><T119/><D105/><AGARI ba="0,1" hai="13,18,23,38,43,45,59,61,64,68,71,96,102,105" machi="105" ten="30,2000,0" yaku="7,1,52,1" doraHai="53" who="1" fromWho="0" sc="433,-20,150,30,138,0,269,0" /><INIT seed="4,0,0,4,3,38" ten="413,180,138,269" oya="0" hai0="111,19,16,25,108,98,64,21,92,40,125,86,130" hai1="56,52,34,55,83,58,13,115,32,112,103,126,54" hai2="35,69,61,48,102,51,3,62,72,66,106,11,87" hai3="73,36,20,107,53,129,22,0,45,93,94,85,29"/><T24/><D130/><U18/><E103/><V91/><F72/><W135/><G73/><T26/><D125/><U39/><E126/><V7/><F35/><N who="1" m="13353" /><E83/><V76/><F76/><W74/><G74/><T82/><D64/><U41/><E39/><V127/><F127/><W88/><G107/><T33/><D33/><U44/><E44/><V100/><F62/><W46/><G0/><T43/><D19/><U134/><E134/><V75/><F75/><W49/><G135/><T79/><D111/><U104/><E104/><V105/><F105/><W120/><G120/><T117/><D117/><U70/><E70/><V31/><F31/><W97/><G129/><T8/><D8/><N who="1" m="6439" /><E41/><N who="0" m="15945" /><D108/><U15/><E15/><V114/><F106/><W4/><G36/><T9/><D9/><U131/><E131/><V37/><F37/><W28/><G20/><T68/><D68/><U47/><E47/><V101/><REACH who="2" step="1"/><F114/><AGARI ba="0,0" hai="52,54,55,56,58,112,114,115" m="6439,13353" machi="114" ten="40,5200,0" yaku="15,1,11,1,54,1" doraHai="38" who="1" fromWho="2" sc="413,0,180,52,138,-52,269,0" /><INIT seed="5,0,0,4,0,16" ten="413,232,86,269" oya="1" hai0="49,65,102,13,104,11,105,31,41,94,73,93,34" hai1="134,46,42,120,81,113,70,111,130,45,129,15,110" hai2="98,100,77,118,23,82,114,39,57,133,91,36,92" hai3="58,9,28,71,108,37,126,47,12,106,103,52,75"/><U78/><E120/><V101/><F118/><W88/><G71/><T1/><D1/><U54/><E70/><V14/><F133/><W35/><G108/><N who="1" m="41514" /><E134/><V7/><F114/><W80/><G126/><T79/><D65/><U119/><E119/><V86/><F7/><W33/><G28/><T0/><D0/><U95/><E113/><V21/><F39/><W84/><G75/><T50/><D79/><U48/><E95/><V123/><F36/><W44/><G103/><N who="2" m="39497" /><F123/><W20/><G106/><T17/><D73/><N who="1" m="43215" /><E15/><V59/><F14/><W55/><G44/><T27/><D94/><U131/><E46/><V121/><F121/><W63/><G20/><AGARI ba="0,0" hai="20,21,23,57,59,77,82,86,91,92,98" m="39497" machi="20" ten="30,7700,0" yaku="8,1,52,3" doraHai="16" who="2" fromWho="3" sc="413,0,232,0,86,77,269,-77" /><INIT seed="6,0,0,2,3,84" ten="413,232,163,192" oya="2" hai0="87,83,100,127,114,8,33,56,69,44,45,53,79" hai1="41,28,71,4,23,110,81,106,19,85,95,109,35" hai2="135,131,96,39,101,57,62,54,1,97,46,3,42" hai3="16,63,105,32,24,102,50,70,20,31,90,98,82"/><V116/><F116/><W86/><G50/><T60/><D33/><U134/><E71/><V122/><F122/><W121/><G121/><T124/><D114/><U91/><E106/><V47/><F135/><W25/><G63/><T52/><D69/><U74/><E134/><V93/><F131/><W128/><REACH who="3" step="1"/><G70/><REACH who="3" ten="413,232,163,182" step="2"/><T94/><D60/><U120/><E120/><V43/><REACH who="2" step="1"/><F97/><REACH who="2" ten="413,232,153,182" step="2"/><W11/><G11/><T26/><D8/><U80/><E110/><V2/><F2/><W130/><AGARI ba="0,2" hai="16,20,24,25,31,32,82,86,90,98,102,105,128,130" machi="130" ten="30,7900,0" yaku="1,1,0,1,52,1,54,1,53,0" doraHai="84" doraHaiUra="64" who="3" fromWho="3" sc="413,-20,232,-20,153,-39,182,99" /><INIT seed="7,0,0,3,3,100" ten="393,212,114,281" oya="3" hai0="43,72,85,76,133,54,115,46,106,15,130,77,4" hai1="97,69,39,61,123,26,125,13,11,131,107,113,7" hai2="71,28,119,40,52,134,5,10,104,32,117,62,23" hai3="114,75,66,122,129,30,112,37,111,86,16,116,29"/><W92/><G75/><T41/><D72/><U83/><E123/><V94/><F134/><W128/><G37/><T68/><D68/><U50/><E39/><V89/><F32/><W47/><G122/><T44/><D106/><U102/><E131/><N who="3" m="50250" /><G116/><T65/><D65/><U57/><E125/><V98/><F40/><W42/><G111/><T9/><D133/><U34/><E113/><V103/><F23/><W24/><G66/><T3/><D115/><U53/><E83/><V45/><F28/><N who="3" m="10859" /><G47/><N who="0" m="17963" /><D3/><U63/><E34/><V118/><F71/><W88/><G42/><N who="0" m="15883" /><D130/><U18/><E69/><V99/><F45/><W91/><G91/><T79/><D54/><U14/><REACH who="1" step="1"/><E26/><REACH who="1" ten="393,202,114,281" step="2"/><V84/><F84/><AGARI ba="0,1" hai="4,9,15,76,77,79,84,85" m="15883,17963" machi="84" ten="30,1000,0" yaku="8,1" doraHai="100" who="0" fromWho="2" sc="393,20,202,0,114,-10,281,0" owari="413,52.0,202,-20.0,104,-40.0,281,8.0" /></mjloggm>