<mjloggm ver="2.3"><GO type="137"/><UN n0="%6B%77%62%74%74%6B%73" n1="%E2%80%A0%E2%80%A1%E5%8D%83%E7%8E%8B%E2%80%A1%E2%80%A0" n2="%EF%BC%AE%EF%BD%8F%EF%BD%89%EF%BD%98" n3="%EF%BC%88%E2%89%A7%E2%96%BD%E2%89%A6%EF%BC%89" dan="11,11,13,10" rate="1592,1704,1781,1844" sx="M,M,M,M"/><TAIKYOKU oya="0"/><INIT seed="0,0,0,4,3,132" ten="250,250,250,250" oya="0" hai0="60,59,115,15,21,9,12,39,52,78,109,0,70" hai1="133,25,63,46,55,102,105,93,113,122,1,62,3" hai2="35,42,107,56,65,19,47,79,92,103,83,96,44" hai3="117,131,69,38,121,114,77,81,10,43,128,112,84"/><T13/><D39/><U74/><E122/><V54/><F35/><W5/><G69/><T91/><D115/><N who="3" m="44073" /><G117/><T2/><D109/><U16/><E113/><V89/><F65/><W64/><G64/><T28/><D70/><U119/><E105/><V125/><F42/><W87/><G121/><T34/><D78/><U129/><E129/><N who="3" m="49738" /><G87/><T108/><D108/><U76/><E133/><V130/><F125/><W67/><G67/><T49/><D2/><U104/><E104/><V4/><F19/><W106/><G106/><T51/><D49/><U88/><E119/><V40/><F4/><W66/><G66/><T8/><D0/><U90/><E74/><V75/><F40/><W101/><G101/><T82/><D34/><U18/><E76/><V30/><F30/><W6/><G10/><T98/><D60/><U24/><E46/><AGARI ba="0,0" hai="5,6,38,43,46,77,81,84" m="49738,44073" machi="46" ten="30,1000,0" yaku="19,1" doraHai="132" who="3" fromWho="1" sc="250,0,250,-10,250,0,250,10" /><INIT seed="1,0,0,3,2,113" ten="250,240,250,260" oya="1" hai0="72,28,49,15,54,115,125,41,50,6,55,96,128" hai1="63,27,108,10,62,22,18,60,52,80,34,8,84" hai2="37,120,74,66,21,114,89,61,25,103,51,5,86" hai3="77,87,132,88,13,71,1,117,67,33,93,70,36"/><U48/><E108/><V116/><F114/><W42/><G1/><T109/><D72/><U29/><E10/><V17/><F120/><W57/><G33/><T59/><D115/><U124/><E124/><V47/><F37/><W16/><G132/><T126/><D28/><U38/><E38/><V121/><F121/><W7/><G117/><T122/><D122/><U90/><E62/><V101/><F74/><W68/><G7/><T53/><D6/><U106/><E106/><V99/><F5/><W118/><G118/><T64/><D59/><U65/><E65/><V35/><F35/><W79/><G67/><T92/><D109/><U0/><E0/><V94/><F116/><W133/><G133/><T30/><D30/><U9/><E9/><V4/><F4/><W69/><N who="3" m="17920" /><DORA hai="45" /><W98/><G57/><T131/><D15/><U107/><E107/><V73/><F73/><W112/><G112/><T58/><D92/><U95/><E95/><N who="2" m="54711" /><F61/><W76/><G36/><T135/><D96/><U44/><E34/><V24/><F66/><W23/><REACH who="3" step="1"/><G42/><REACH who="3" step="2"/><T111/><D135/><U46/><REACH who="1" step="1"/><E44/><REACH who="1" step="2"/><V2/><F2/><W20/><G20/><T130/><D111/><U127/><E127/><N who="0" m="48649" /><D41/><U11/><E11/><V85/><F17/><W31/><G31/><T100/><D100/><U56/><E56/><V3/><F103/><W75/><G75/><T134/><D134/><U40/><E40/><V123/><F3/><W110/><G110/><T97/><D97/><AGARI ba="0,2" hai="13,16,23,76,77,79,87,88,93,97,98" m="17920" machi="97" ten="70,8000,1" yaku="1,1,54,2,53,1" doraHai="113,45" doraHaiUra="82,43" who="3" fromWho="0" sc="250,-80,230,0,250,0,250,100" /><INIT seed="2,0,0,3,1,103" ten="170,230,250,350" oya="2" hai0="111,57,85,50,76,131,80,110,124,78,7,125,28" hai1="30,77,60,100,13,67,58,126,68,69,34,63,108" hai2="6,20,61,37,109,95,93,122,16,54,81,73,91" hai3="65,90,113,70,121,92,29,56,114,42,72,101,94"/><V123/><F37/><W99/><G121/><T19/><D50/><U104/><E77/><V32/><F32/><W119/><G119/><T36/><D57/><U9/><E108/><N who="0" m="41513" /><D36/><U11/><E126/><N who="0" m="48745" /><D19/><U49/><E49/><V102/><F109/><W47/><G72/><T18/><D18/><U64/><E58/><V116/><F116/><W26/><G70/><T40/><D28/><U75/><E13/><V97/><F73/><W74/><G74/><T62/><D40/><U129/><E129/><V53/><F81/><W83/><G65/><T41/><D62/><U135/><E135/><V5/><F123/><W2/><G2/><T12/><D41/><U107/><E75/><V15/><F122/><W52/><G47/><T88/><D12/><U128/><E128/><V0/><F0/><W43/><G114/><T118/><D7/><N who="2" m="2570" /><F61/><N who="3" m="35975" /><G113/><T89/><D118/><U105/><E11/><V82/><F82/><W22/><G83/><N who="0" m="47335" /><D131/><U96/><REACH who="1" step="1"/><E9/><REACH who="1" step="2"/><V48/><F48/><W4/><G4/><T10/><D10/><U55/><E55/><V66/><F66/><W8/><G8/><T79/><D78/><U17/><E17/><V45/><F45/><W106/><G43/><T117/><D117/><U14/><E14/><V87/><AGARI ba="0,1" hai="15,16,20,53,54,87,91,93,95,97,102" m="2570" machi="87" ten="30,3000,0" yaku="8,1,54,1" doraHai="103" who="2" fromWho="2" sc="170,-10,220,-10,250,40,350,-10" /><INIT seed="2,1,0,2,5,73" ten="160,210,290,340" oya="2" hai0="67,31,63,53,92,9,54,42,79,103,37,6,81" hai1="22,24,82,36,100,107,25,28,80,111,49,119,39" hai2="91,108,99,21,16,116,41,66,17,18,78,32,12" hai3="88,47,124,84,117,102,110,135,56,115,72,95,76"/><V51/><F116/><W58/><G117/><T15/><D31/><U5/><E119/><V71/><F32/><W106/><G110/><T57/><D92/><U64/><E111/><V48/><F71/><W130/><G130/><T43/><D103/><U10/><E64/><V83/><F108/><W101/><G115/><T97/><D97/><U3/><E49/><V94/><F66/><W62/><G135/><T23/><D23/><U20/><E107/><V105/><F105/><W8/><G124/><T65/><D67/><U93/><E100/><N who="3" m="38506" /><G72/><T0/><D15/><U104/><E104/><V40/><F21/><W61/><G106/><T121/><D42/><U114/><E93/><V14/><F41/><W89/><G47/><T44/><REACH who="0" step="1"/><D121/><REACH who="0" step="2"/><U38/><REACH who="1" step="1"/><E114/><REACH who="1" step="2"/><V133/><F40/><W2/><G95/><T85/><AGARI ba="1,2" hai="0,6,9,37,43,44,53,54,57,63,65,79,81,85" machi="85" ten="20,8000,1" yaku="1,1,2,1,0,1,7,1,52,1,53,0" doraHai="73" doraHaiUra="98" who="0" fromWho="0" sc="150,103,200,-21,290,-41,340,-21" /><INIT seed="3,0,0,4,0,109" ten="253,179,249,319" oya="3" hai0="111,125,108,48,119,11,72,20,2,16,18,65,82" hai1="26,45,99,126,130,47,8,128,85,1,100,127,98" hai2="73,17,110,9,129,28,36,95,69,61,19,117,51" hai3="106,133,7,59,54,91,113,25,112,123,121,74,64"/><W134/><G74/><T50/><D65/><U32/><E85/><V6/><F117/><W92/><G106/><T39/><D72/><U60/><E60/><V14/><F110/><W118/><G118/><T71/><D39/><U3/><E8/><V81/><F129/><N who="1" m="49769" /><E26/><V49/><F36/><W52/><G7/><T101/><D71/><U76/><E76/><V70/><F28/><W68/><G25/><T79/><D119/><U135/><E32/><V5/><F61/><N who="3" m="39951" /><G91/><T67/><D67/><U78/><E78/><V124/><F124/><N who="1" m="47657" /><E100/><V27/><F73/><W87/><G87/><T77/><D101/><U53/><E53/><N who="3" m="20586" /><G92/><T83/><D125/><U116/><E116/><V30/><F27/><W86/><G86/><T114/><D11/><U115/><E115/><N who="3" m="44106" /><G59/><T55/><D55/><U90/><E90/><V84/><F84/><W120/><AGARI ba="0,0" hai="120,121,123,133,134" m="44106,20586,39951" machi="120" ten="40,18000,2" yaku="34,2,52,3,54,1" doraHai="109" who="3" fromWho="3" sc="253,-60,179,-60,249,-60,319,180" /><INIT seed="3,1,0,4,4,56" ten="193,119,189,499" oya="3" hai0="43,116,33,38,8,98,77,37,121,89,76,18,117" hai1="72,58,110,84,6,69,1,27,10,54,21,26,82" hai2="119,91,115,57,5,47,9,104,113,81,128,7,60" hai3="108,42,28,19,24,14,15,50,105,51,67,85,40"/><W35/><G105/><T13/><D33/><U11/><E69/><V97/><F119/><W70/><G108/><T132/><D132/><U44/><E72/><V129/><F47/><W34/><G85/><T62/><D121/><U86/><E110/><V93/><F104/><W134/><G134/><T55/><D43/><U4/><E44/><V122/><F81/><W41/><G35/><T102/><D89/><U114/><E114/><V96/><F96/><W23/><REACH who="3" step="1"/><G14/><REACH who="3" step="2"/><T46/><D117/><U12/><E86/><V73/><F73/><W131/><G131/><T16/><D116/><U112/><E112/><V66/><F115/><W25/><G25/><T94/><D37/><U107/><E107/><V74/><F113/><W99/><G99/><T31/><D38/><U45/><E21/><V49/><F74/><W32/><G32/><T63/><D31/><U20/><E20/><V95/><F122/><W125/><G125/><T71/><D71/><U17/><E1/><V29/><F29/><W109/><G109/><T64/><D18/><U126/><E126/><V78/><F128/><W2/><G2/><T36/><D36/><U106/><E106/><V75/><F75/><W83/><G83/><T61/><D64/><U90/><E17/><V127/><F129/><W80/><G80/><T124/><D124/><U0/><E26/><V59/><F127/><W87/><G87/><T52/><D46/><U100/><E27/><V48/><F97/><W123/><G123/><T92/><D92/><U103/><E45/><V53/><F95/><W68/><G68/><T133/><D133/><RYUUKYOKU ba="1,1" sc="193,10,119,10,189,-30,489,10" hai0="8,13,16,52,55,61,62,63,76,77,94,98,102" hai1="0,4,6,10,11,12,54,58,82,84,90,100,103" hai3="15,19,23,24,28,34,40,41,42,50,51,67,70" /><INIT seed="3,2,1,0,5,112" ten="203,129,159,499" oya="3" hai0="15,51,25,6,26,39,67,53,40,10,8,135,34" hai1="0,127,13,111,28,30,86,84,87,82,37,77,59" hai2="44,89,93,24,120,42,29,54,126,63,103,110,23" hai3="122,62,50,121,36,80,41,117,85,97,17,106,43"/><W104/><G36/><T4/><D135/><U20/><E37/><V74/><F120/><W60/><G17/><T92/><D67/><U133/><E0/><V31/><F74/><W47/><G41/><T95/><D39/><U128/><E128/><V69/><F110/><W1/><G1/><T79/><D40/><U55/><E111/><V130/><F130/><W33/><G33/><T45/><D34/><U61/><E133/><V22/><F126/><W58/><G62/><T48/><D51/><U72/><E127/><V2/><F2/><W116/><G122/><T65/><D65/><U14/><E72/><V78/><F78/><W21/><G21/><T46/><D46/><U5/><E14/><V52/><F69/><W88/><G121/><T123/><D123/><U102/><E102/><V83/><F83/><W71/><G71/><T105/><D105/><U100/><E100/><V18/><F103/><W57/><G57/><T27/><REACH who="0" step="1"/><D79/><REACH who="0" step="2"/><U115/><E115/><V11/><F42/><W68/><G104/><T98/><D98/><U76/><E77/><V109/><F109/><W107/><G107/><T35/><D35/><U91/><E84/><V114/><F114/><W119/><G106/><T113/><D113/><U9/><REACH who="1" step="1"/><E20/><REACH who="1" step="2"/><V131/><F131/><W66/><G97/><T90/><D90/><U81/><AGARI ba="2,3" hai="5,9,13,28,30,55,59,61,76,81,82,86,87,91" machi="81" ten="20,8000,1" yaku="1,1,2,1,0,1,7,1,8,1,53,0" doraHai="112" doraHaiUra="125" who="1" fromWho="1" sc="193,-22,119,116,159,-22,499,-42" /><INIT seed="4,0,0,2,0,37" ten="171,235,137,457" oya="0" hai0="134,67,11,133,52,44,86,5,56,99,3,78,35" hai1="83,105,39,48,97,17,93,132,40,53,61,90,20" hai2="19,12,107,103,85,69,130,106,23,49,89,113,54" hai3="118,104,109,72,7,42,100,73,32,96,9,21,60"/><T30/><D35/><U110/><E110/><V119/><F69/><W79/><G109/><T124/><D124/><U114/><E114/><V80/><F119/><W43/><G118/><T31/><D99/><U15/><E105/><V129/><F113/><W10/><G32/><T59/><D78/><U117/><E117/><V18/><F103/><W46/><G60/><T6/><D86/><U4/><E39/><V122/><F122/><W102/><G102/><T36/><D67/><U65/><E132/><N who="0" m="50793" /><D6/><U111/><E111/><V66/><F66/><W94/><G104/><T8/><D8/><U95/><E83/><V55/><F55/><W24/><G79/><T112/><D112/><U98/><E4/><V115/><F115/><W88/><G73/><T28/><D36/><U82/><E82/><V41/><F18/><N who="3" m="12343" /><G72/><T87/><D87/><U92/><E40/><N who="3" m="15402" /><G46/><T116/><D116/><U121/><E121/><V14/><F107/><W62/><G100/><T63/><D63/><U33/><E33/><V57/><F106/><W75/><G75/><T127/><D127/><U128/><E128/><V0/><F0/><W120/><G120/><T91/><D91/><U47/><REACH who="1" step="1"/><E98/><REACH who="1" step="2"/><V68/><F129/><W38/><G38/><T50/><AGARI ba="0,1" hai="3,5,11,28,30,31,44,50,52,56,59" m="50793" machi="50" ten="40,3900,0" yaku="20,1,54,1" doraHai="37" who="0" fromWho="0" sc="171,49,225,-13,137,-13,457,-13" /><INIT seed="4,1,0,2,1,2" ten="220,212,124,444" oya="0" hai0="11,63,85,51,111,52,101,74,123,84,0,21,55" hai1="47,3,22,65,8,129,117,131,36,80,82,92,103" hai2="127,31,120,30,18,112,62,106,130,10,77,66,105" hai3="78,71,113,102,86,96,23,17,54,16,61,53,20"/><T72/><D123/><U126/><E117/><V29/><F120/><W118/><G118/><T14/><D0/><U6/><E65/><V12/><F77/><W89/><G113/><T26/><D111/><U107/><E107/><V90/><F112/><W79/><G71/><T75/><D101/><U73/><E126/><V19/><F127/><W13/><G102/><T4/><D63/><U134/><E134/><V122/><F122/><W46/><G96/><T45/><REACH who="0" step="1"/><D55/><REACH who="0" step="2"/><N who="3" m="21001" /><G61/><T87/><D87/><U59/><E131/><V109/><F109/><W99/><G99/><T95/><D95/><U94/><E129/><V70/><F130/><W33/><G46/><T43/><D43/><N who="1" m="23015" /><E103/><V48/><F48/><W44/><G44/><T15/><D15/><U83/><E59/><V50/><F50/><W69/><G69/><T114/><D114/><U34/><E94/><V98/><F105/><W124/><G124/><T68/><D68/><U125/><E92/><V57/><F106/><W76/><G86/><T58/><D58/><U110/><E110/><V40/><F70/><W7/><G13/><T121/><D121/><U38/><E38/><V49/><F49/><W91/><G91/><T25/><D25/><U97/><E97/><V67/><F57/><W1/><G89/><T35/><D35/><U27/><E125/><V100/><F62/><W116/><G33/><T108/><D108/><U9/><E34/><V128/><F90/><W115/><G115/><T56/><D56/><U132/><E132/><V104/><F128/><W133/><G133/><T64/><D64/><N who="2" m="24618" /><F40/><W41/><G41/><RYUUKYOKU ba="1,1" sc="210,15,212,-15,124,15,444,-15" hai0="4,11,14,21,26,45,51,52,72,74,75,84,85" hai2="10,12,18,19,29,30,31,98,100,104" /><INIT seed="4,2,1,4,4,9" ten="225,197,139,429" oya="0" hai0="83,129,5,94,50,53,23,21,42,103,10,112,12" hai1="3,107,60,124,47,131,65,55,1,2,78,38,66" hai2="130,33,86,61,51,135,63,48,90,115,89,26,29" hai3="7,17,4,70,39,46,58,102,81,8,6,123,126"/><T41/><D112/><U88/><E107/><V62/><F130/><W105/><G70/><T73/><D73/><U71/><E131/><V85/><F115/><W127/><G123/><T25/><D129/><U113/><E113/><V119/><F119/><W95/><G105/><T128/><D128/><U24/><E124/><N who="3" m="47658" /><G81/><T35/><D35/><U108/><E108/><V96/><F96/><N who="3" m="59679" /><G58/><T110/><D110/><U54/><E78/><V34/><F135/><W0/><G17/><T44/><D23/><U76/><E76/><V56/><F56/><W72/><G72/><T16/><D83/><U36/><E24/><V109/><F109/><W28/><G28/><T93/><D103/><U20/><E20/><V67/><F67/><W117/><G117/><T133/><D133/><U15/><E15/><V111/><F111/><W64/><G64/><T92/><AGARI ba="2,1" hai="5,10,12,16,21,25,41,42,44,50,53,92,93,94" machi="92" ten="30,11700,0" yaku="0,1,8,1,52,1,54,1" doraHai="9" who="0" fromWho="0" sc="225,133,197,-41,139,-41,429,-41" /><INIT seed="4,3,0,1,4,19" ten="358,156,98,388" oya="0" hai0="54,75,113,11,97,9,119,133,10,110,105,74,7" hai1="57,29,6,87,12,85,106,118,76,77,46,43,89" hai2="49,128,56,130,51,131,135,24,134,93,101,66,71" hai3="129,2,98,123,44,116,126,65,72,79,109,70,28"/><T5/><D113/><U40/><E106/><V58/><F101/><W0/><G109/><T127/><D119/><U86/><E118/><V42/><F93/><W95/><G116/><T52/><D110/><U61/><E29/><V111/><F24/><W30/><G126/><T122/><D122/><U13/><E6/><V68/><F111/><W91/><G123/><T96/><D127/><U31/><E31/><V16/><F16/><W36/><G129/><T15/><D133/><N who="2" m="50698" /><F42/><W41/><G70/><N who="2" m="26665" /><F66/><W48/><G65/><T69/><D69/><U132/><E132/><V88/><F88/><W34/><G48/><AGARI ba="3,0" hai="48,49,51,56,58,128,130,131" m="26665,50698" machi="48" ten="40,12000,2" yaku="28,2,19,1,20,1,34,2" doraHai="19" who="2" fromWho="3" sc="358,0,156,0,98,129,388,-129" /><INIT seed="5,0,0,0,5,62" ten="358,156,227,259" oya="1" hai0="110,33,66,58,68,18,72,81,71,22,103,115,52" hai1="27,109,96,35,57,3,122,44,97,99,21,117,73" hai2="106,8,60,41,79,6,127,134,63,31,107,2,34" hai3="40,93,84,24,59,48,17,77,67,36,89,10,13"/><U76/><E122/><V102/><F134/><W42/><G36/><T88/><D115/><U116/><E3/><V28/><F127/><W56/><G77/><T25/><D110/><U7/><E7/><V43/><F34/><W16/><G59/><T126/><D126/><U113/><E35/><V129/><F129/><W32/><G32/><T86/><D103/><U23/><E113/><V74/><F74/><W91/><G91/><T39/><D39/><U45/><E109/><V105/><F79/><W101/><G101/><T92/><D33/><U98/><E73/><V9/><F102/><W65/><G56/><T30/><D72/><U61/><E76/><V11/><F6/><W46/><G42/><N who="2" m="15881" /><F2/><W132/><G132/><T51/><D71/><U121/><E121/><V64/><F64/><W133/><G133/><T55/><D55/><U118/><E23/><AGARI ba="0,0" hai="10,13,16,17,23,24,40,46,48,65,67,84,89,93" machi="23" ten="40,8000,1" yaku="8,1,52,2,54,1" doraHai="62" who="3" fromWho="1" sc="358,0,156,-80,227,0,259,80" /><INIT seed="6,0,0,0,3,1" ten="358,76,227,339" oya="2" hai0="82,111,94,76,20,85,116,73,64,7,59,71,110" hai1="25,84,128,103,3,56,21,131,0,69,32,97,65" hai2="22,53,24,43,92,77,88,48,61,100,86,44,102" hai3="127,46,133,47,30,120,34,79,16,121,31,98,95"/><V134/><F134/><W122/><G133/><T107/><D116/><U57/><E32/><V62/><F77/><W75/><G127/><T129/><D71/><U90/><E69/><V23/><F23/><W29/><G34/><T41/><D41/><U93/><E65/><V70/><F70/><W108/><G108/><T58/><D107/><U80/><E131/><V104/><F104/><W38/><G38/><T124/><D124/><U63/><E128/><V39/><F62/><W68/><G68/><T49/><D129/><U9/><E9/><V91/><F91/><W135/><G135/><T13/><D64/><U45/><E45/><V27/><F27/><W37/><G37/><T26/><D73/><U117/><E117/><V105/><F105/><W10/><G79/><T19/><D94/><U4/><E4/><V126/><F126/><W125/><G75/><T66/><D66/><U119/><E119/><V89/><F89/><W74/><G74/><T35/><D35/><U67/><REACH who="1" step="1"/><E57/><REACH who="1" step="2"/><N who="2" m="34991" /><F39/><W28/><G125/><T132/><D132/><U114/><E114/><V17/><AGARI ba="0,1" hai="17,22,24,43,44,48,86,88,92,100,102" m="34991" machi="17" ten="30,3000,0" yaku="8,1,54,1" doraHai="1" who="2" fromWho="2" sc="358,-10,66,-10,227,40,339,-10" /><INIT seed="6,1,0,0,1,98" ten="348,56,267,329" oya="2" hai0="32,42,104,50,75,124,112,7,21,82,44,66,109" hai1="118,34,81,86,63,59,117,120,31,29,73,24,101" hai2="97,87,131,48,126,108,5,95,64,9,121,1,14" hai3="115,116,130,88,123,47,38,113,111,60,67,18,91"/><V53/><F121/><W28/><G123/><T30/><D32/><U43/><E120/><V3/><F108/><W89/><G111/><T129/><D104/><U134/><E134/><V61/><F131/><W22/><G116/><T80/><D109/><U54/><E101/><V110/><F110/><W56/><G130/><T8/><D129/><U127/><E127/><V27/><F87/><W10/><G28/><T26/><D112/><N who="3" m="43081" /><G10/><T36/><D124/><U11/><E73/><V83/><F83/><W70/><G70/><T102/><D66/><U55/><E34/><V92/><F92/><W13/><G47/><T57/><D57/><U15/><E118/><V51/><F51/><W41/><G41/><T33/><D50/><U99/><E117/><V90/><F126/><W128/><G128/><T4/><D21/><U78/><E99/><V125/><F27/><W65/><G38/><T103/><D7/><U49/><E24/><V39/><F39/><W25/><G25/><T107/><D82/><U94/><E94/><V69/><REACH who="2" step="1"/><F125/><REACH who="2" step="2"/><W17/><G17/><T71/><D71/><U45/><REACH who="1" step="1"/><E54/><AGARI ba="1,1" hai="13,18,22,54,56,60,65,67,88,89,91" m="43081" machi="54" ten="30,3900,0" yaku="15,1,11,1,54,1" doraHai="98" who="3" fromWho="1" sc="348,0,56,-42,257,0,329,52" /><INIT seed="7,0,0,0,1,108" ten="348,14,257,381" oya="3" hai0="133,1,51,61,130,106,12,45,102,79,53,30,129" hai1="57,31,128,9,44,91,46,36,2,49,76,68,43" hai2="63,122,86,11,97,6,42,40,95,52,26,17,18" hai3="116,0,60,123,80,20,19,72,56,93,104,118,81"/><W114/><G104/><T127/><D1/><U84/><E91/><V8/><F122/><W75/><G123/><T14/><D79/><U22/><E84/><V92/><F92/><W24/><G0/><T132/><D106/><U124/><E76/><V78/><F78/><W69/><G69/><T41/><BYE who="3" /><D102/><U66/><E22/><V115/><F115/><W58/><G58/><T85/><D85/><U131/><E31/><V111/><F111/><W50/><G50/><T4/><D30/><U55/><E9/><V33/><F33/><W125/><G125/><T65/><D4/><U67/><E124/><V109/><F109/><W113/><G113/><T96/><D96/><U7/><E7/><V110/><F110/><W119/><G119/><T32/><D32/><U99/><E99/><V62/><F6/><W77/><G77/><T98/><D98/><U13/><E13/><V47/><F26/><W126/><G126/><T15/><D127/><U107/><E107/><V37/><F37/><UN n3="%EF%BC%88%E2%89%A7%E2%96%BD%E2%89%A6%EF%BC%89" /><W87/><G114/><T21/><D21/><U103/><E2/><V39/><F39/><W34/><G87/><T38/><D38/><U3/><E103/><V88/><F63/><W71/><G60/><T120/><D41/><U54/><E3/><V25/><F86/><W23/><G24/><T73/><D120/><U5/><E5/><V74/><F74/><W10/><G75/><T35/><D35/><U89/><E89/><V135/><F135/><N who="0" m="51786" /><D73/><U90/><E90/><V105/><F105/><W112/><G72/><T121/><D121/><U28/><E28/><V70/><F88/><RYUUKYOKU ba="0,0" sc="348,30,14,-10,257,-10,381,-10" hai0="12,14,15,45,51,53,61,65,129,130" owari="378,48,4,-50,247,-15,371,17" /></mjloggm>