<mjloggm ver="2.3"><GO type="41"/><UN n0="%52%65%65" n1="%E3%81%92%E3%82%93%E3%81%9F%E3%82%8D" n2="%E3%82%A6%E3%83%AB%E3%83%88%E3%83%A9%E7%AB%8B%E7%9B%B4" n3="%6E%6F%5F%6E%61%6D%65" dan="13,15,15,15" rate="1801,2041,2023,1984" sx="F,M,M,M"/><TAIKYOKU oya="0"/><INIT seed="0,0,0,4,5,113" ten="250,250,250,250" oya="0" hai0="31,102,25,17,77,41,120,44,46,90,106,22,71" hai1="93,110,98,135,128,13,55,103,99,53,87,92,123" hai2="58,60,63,62,118,69,134,18,34,1,39,51,43" hai3="32,33,125,35,54,132,79,133,7,50,83,37,5"/><T74/><D120/><U3/><E3/><V42/><F34/><W76/><G37/><T56/><D71/><U85/><E123/><V78/><F78/><N who="3" m="29739" /><G125/><T68/><D68/><U61/><E135/><N who="3" m="51786" /><G83/><T59/><D46/><AGARI ba="0,0" hai="5,7,32,33,35,46,50,54" m="51786,29739" machi="46" ten="40,1300,0" yaku="20,1" doraHai="113" who="3" fromWho="0" sc="250,-13,250,0,250,0,250,13" /><INIT seed="1,0,0,5,2,33" ten="237,250,250,263" oya="1" hai0="30,73,38,85,96,128,108,5,92,8,82,121,91" hai1="135,84,112,133,25,51,127,100,123,24,40,67,78" hai2="97,6,64,70,63,95,74,109,88,2,36,44,130" hai3="29,34,23,116,57,14,75,35,114,22,3,49,11"/><U66/><E123/><V19/><F74/><W81/><G114/><T58/><D121/><U103/><E112/><V76/><F76/><W13/><G75/><T69/><D69/><U107/><E127/><V83/><F130/><W134/><G81/><T28/><D38/><U4/><E107/><V32/><F32/><N who="3" m="12331" /><G57/><T98/><D73/><U61/><E4/><V118/><F118/><W104/><G49/><T59/><D128/><U55/><E40/><V68/><F68/><W77/><G77/><N who="0" m="46287" /><D98/><U93/><E135/><V80/><F109/><W15/><G104/><T17/><D108/><U101/><E133/><V87/><F19/><W89/><G89/><T60/><D5/><U0/><E0/><V27/><F27/><N who="1" m="10313" /><E61/><V39/><F80/><W45/><G134/><T113/><D113/><U105/><E105/><V99/><F99/><W72/><G116/><T41/><D41/><U43/><E43/><V62/><F62/><W56/><G72/><T7/><D7/><U106/><E106/><V50/><F39/><W71/><G71/><T65/><D59/><N who="1" m="33279" /><E78/><V48/><F36/><W52/><G56/><T46/><D46/><U122/><E122/><V117/><F117/><W47/><G47/><T16/><D17/><U20/><E20/><V120/><F120/><W90/><G45/><T79/><D79/><U126/><E126/><V9/><REACH who="2" step="1"/><F44/><REACH who="2" ten="237,250,240,263" step="2"/><W53/><G29/><T115/><D115/><U102/><E84/><V54/><F54/><W31/><G53/><T124/><D124/><U110/><E110/><V26/><F26/><W119/><G119/><T111/><D111/><RYUUKYOKU ba="0,1" sc="237,10,250,10,240,10,263,-30" hai0="8,16,28,30,58,60,65,91,92,96" hai1="66,67,93,100,101,102,103" hai2="2,6,9,48,50,63,64,70,83,87,88,95,97" /><INIT seed="1,1,1,0,1,93" ten="247,260,250,233" oya="1" hai0="83,98,94,0,59,91,29,43,119,88,45,60,33" hai1="37,67,57,107,49,68,6,9,82,101,63,74,99" hai2="123,132,75,72,102,54,110,125,3,27,26,100,86" hai3="36,79,44,51,64,10,97,129,28,122,8,121,39"/><U126/><E126/><V24/><F3/><W77/><G129/><T76/><D0/><U14/><E37/><V58/><F123/><W48/><G44/><T42/><D119/><U109/><E109/><V108/><F125/><W104/><G28/><T61/><D29/><U55/><E74/><V7/><F7/><W118/><G64/><T2/><D33/><U62/><E82/><V117/><F117/><W56/><G56/><T15/><D2/><U130/><REACH who="1" step="1"/><E63/><REACH who="1" ten="247,250,250,233" step="2"/><V73/><F132/><W112/><G118/><T80/><D61/><U65/><E65/><V92/><F108/><W111/><G111/><T53/><D80/><U4/><E4/><V106/><F110/><W5/><G5/><T41/><D83/><U11/><E11/><V89/><REACH who="2" step="1"/><F106/><REACH who="2" ten="247,250,240,233" step="2"/><W116/><G104/><T16/><D76/><U84/><E84/><V128/><F128/><AGARI ba="1,3" hai="6,9,14,49,55,57,62,67,68,99,101,107,128,130" machi="128" ten="40,7700,0" yaku="1,1,52,1,53,1" doraHai="93" doraHaiUra="95" who="1" fromWho="2" sc="247,0,250,110,240,-80,233,0" /><INIT seed="1,2,0,4,0,126" ten="247,360,160,233" oya="1" hai0="133,54,50,84,15,19,129,49,22,18,38,36,47" hai1="97,10,106,88,120,87,95,110,26,62,90,77,55" hai2="48,79,107,72,131,63,108,104,127,8,67,9,45" hai3="96,61,71,16,2,0,57,35,25,130,40,28,73"/><U32/><E120/><V66/><F107/><W51/><G73/><T85/><D133/><U99/><E110/><V78/><F104/><W21/><G71/><T39/><D50/><U43/><E43/><V30/><F108/><W118/><G118/><T128/><D19/><U42/><E42/><V60/><F127/><W64/><G130/><AGARI ba="2,0" hai="15,18,22,36,38,39,47,49,54,84,85,128,129,130" machi="130" ten="50,8000,1" yaku="19,1,52,3" doraHai="126" who="0" fromWho="3" sc="247,86,360,0,160,0,233,-86" /><INIT seed="2,0,0,2,3,110" ten="333,360,160,147" oya="2" hai0="67,131,8,43,98,3,89,27,45,22,94,29,104" hai1="42,111,35,130,14,80,96,112,49,52,62,61,81" hai2="63,91,6,19,66,125,95,53,32,37,59,33,99" hai3="20,26,57,132,47,88,119,79,41,1,127,7,44"/><V51/><F37/><W64/><G119/><T117/><D117/><U114/><E35/><V21/><F6/><W100/><G132/><T86/><D131/><U105/><E130/><V16/><F125/><W38/><G127/><T87/><D104/><U72/><E42/><V4/><F4/><W10/><G47/><T58/><D3/><U34/><E34/><V30/><F30/><W128/><G128/><T90/><D8/><U115/><E111/><V2/><F2/><W78/><G100/><T93/><D98/><U50/><E72/><V109/><F109/><W75/><G88/><T55/><D67/><U17/><E49/><V122/><F19/><W24/><G75/><T77/><D77/><U39/><E39/><V103/><F122/><W82/><G82/><T123/><D123/><U129/><E129/><V68/><REACH who="2" step="1"/><F103/><REACH who="2" ten="333,360,150,147" step="2"/><W13/><G1/><T121/><D121/><U40/><E115/><V83/><F83/><W56/><G26/><AGARI ba="0,1" hai="16,21,26,32,33,51,53,59,63,66,68,91,95,99" machi="26" ten="30,11600,0" yaku="1,1,7,1,54,1,53,1" doraHai="110" doraHaiUra="46" who="2" fromWho="3" sc="333,0,360,0,150,126,147,-116" /><INIT seed="2,1,0,2,5,12" ten="333,360,276,31" oya="2" hai0="114,28,83,113,38,112,109,10,96,64,49,118,2" hai1="6,127,9,19,126,115,111,119,11,45,121,98,39" hai2="44,89,26,31,82,21,47,73,122,79,110,71,81" hai3="51,85,102,70,34,35,130,40,32,23,55,124,93"/><V107/><F122/><W8/><G70/><T134/><D38/><U27/><E119/><V42/><F71/><W92/><G40/><T60/><D118/><U135/><E115/><V67/><F67/><W25/><G130/><T69/><D134/><U33/><E135/><V4/><F107/><W95/><G124/><T50/><D109/><U120/><E98/><V17/><F110/><W16/><G8/><T24/><D83/><U66/><E66/><V76/><F4/><W14/><G102/><T57/><D69/><U128/><E111/><V100/><F100/><W30/><REACH who="3" step="1"/><G85/><REACH who="3" ten="333,360,276,21" step="2"/><T129/><D129/><U75/><E128/><V61/><F42/><W105/><G105/><T97/><D10/><U94/><E11/><V78/><F73/><W62/><G62/><T15/><D2/><U53/><E75/><V43/><F43/><W22/><G22/><T1/><D1/><U68/><E9/><V91/><F61/><W59/><AGARI ba="1,1" hai="14,16,23,25,30,32,34,35,51,55,59,92,93,95" machi="59" ten="30,8000,1" yaku="1,1,0,1,52,1,54,1,53,1" doraHai="12" doraHaiUra="18" who="3" fromWho="3" sc="333,-21,360,-21,276,-41,21,93" /><INIT seed="3,0,0,5,5,2" ten="312,339,235,114" oya="3" hai0="40,45,79,73,38,76,55,89,54,102,91,19,67" hai1="56,86,12,104,28,98,134,57,18,35,20,109,103" hai2="81,43,4,124,63,97,90,121,129,106,65,84,115" hai3="62,23,69,32,132,24,99,37,16,46,41,21,10"/><W83/><G132/><T7/><D7/><U92/><E134/><V11/><F115/><W51/><G32/><T30/><D30/><U122/><E122/><V31/><F121/><W128/><G128/><T17/><D73/><U116/><E116/><V61/><F129/><W59/><G99/><T108/><D67/><U53/><E109/><V0/><F124/><W105/><G105/><T64/><D64/><U95/><E35/><V111/><F111/><W74/><G69/><T52/><D102/><U26/><E57/><V120/><F120/><W33/><G33/><T114/><D108/><U96/><E86/><V126/><F126/><W78/><G23/><T101/><D101/><U36/><E36/><V119/><F31/><W125/><G125/><T82/><D114/><U133/><E133/><V100/><F119/><W68/><G68/><T49/><D38/><U77/><E77/><V13/><F43/><W6/><G51/><T22/><D82/><U70/><E70/><V50/><F50/><W42/><G42/><T47/><D47/><U75/><E75/><V118/><F118/><W87/><G87/><T58/><D58/><U34/><REACH who="1" step="1"/><E98/><REACH who="1" ten="312,329,235,114" step="2"/><V112/><F112/><W113/><G113/><T123/><D123/><U127/><E127/><V107/><F65/><W44/><G44/><T130/><D130/><U94/><E94/><V1/><F107/><W80/><G80/><T39/><D39/><U3/><E3/><V29/><F0/><N who="3" m="327" /><G59/><T85/><D85/><U110/><E110/><V88/><F1/><W93/><G93/><T71/><D71/><U14/><E14/><RYUUKYOKU ba="0,1" sc="312,-15,329,15,235,-15,114,15" hai1="12,18,20,26,28,34,53,56,92,95,96,103,104" hai3="16,21,24,37,41,46,62,74,78,83" /><INIT seed="3,1,1,5,0,118" ten="297,344,220,129" oya="3" hai0="84,113,133,121,55,12,107,76,110,69,23,10,52" hai1="127,4,11,1,25,82,58,97,104,85,6,60,67" hai2="21,34,2,15,77,117,125,9,48,65,45,29,59" hai3="46,79,91,92,105,39,103,28,66,19,135,120,57"/><W51/><G39/><T108/><D69/><U17/><E127/><V41/><F117/><W5/><G135/><T114/><D107/><U116/><E116/><V32/><F125/><W123/><G79/><T134/><D121/><U16/><E6/><V53/><F2/><W14/><G5/><N who="0" m="3151" /><D23/><U112/><E112/><N who="0" m="43113" /><D84/><U126/><E126/><V101/><F34/><W37/><G37/><T83/><D83/><U24/><E24/><N who="2" m="16527" /><F32/><W33/><G33/><T90/><D90/><U89/><REACH who="1" step="1"/><E25/><REACH who="1" ten="297,334,220,129" step="2"/><V93/><F77/><W22/><G28/><T50/><D76/><U30/><E30/><V0/><F0/><W115/><G115/><T111/><D50/><U13/><E13/><V129/><F15/><W35/><G35/><T56/><D56/><U78/><E78/><V95/><F59/><W81/><G57/><T72/><D72/><U26/><E26/><V54/><F48/><W8/><G66/><T130/><D130/><U68/><E68/><V63/><F129/><W61/><G61/><T40/><D40/><U47/><E47/><V27/><F45/><W20/><G51/><T42/><D42/><U102/><AGARI ba="1,2" hai="1,4,11,16,17,58,60,67,82,85,89,97,102,104" machi="102" ten="30,4000,0" yaku="1,1,0,1,54,1,53,0" doraHai="118" doraHaiUra="119" who="1" fromWho="1" sc="297,-11,334,63,220,-11,129,-21" /><INIT seed="4,0,0,4,5,58" ten="286,397,209,108" oya="0" hai0="126,7,21,98,65,32,51,17,69,15,115,92,12" hai1="34,102,42,135,89,24,18,85,103,116,132,73,86" hai2="55,20,70,54,110,0,75,111,29,14,33,122,26" hai3="82,50,25,119,87,36,53,108,3,11,99,47,10"/><T112/><D32/><U124/><E116/><V49/><F122/><W95/><G119/><T41/><D126/><U114/><E73/><V19/><F75/><W66/><G108/><T78/><D78/><U113/><E42/><V40/><F70/><W46/><G36/><T9/><D65/><U72/><E72/><V106/><F106/><W83/><G66/><T67/><D67/><U118/><E34/><V48/><F40/><W80/><G3/><T120/><D120/><U128/><E118/><V101/><F101/><N who="1" m="38409" /><E24/><V56/><REACH who="2" step="1"/><F0/><REACH who="2" ten="286,397,199,108" step="2"/><W23/><G46/><AGARI ba="0,1" hai="14,19,20,26,29,33,46,48,49,54,55,56,110,111" machi="46" ten="30,3900,0" yaku="1,1,2,1,7,1,53,0" doraHai="58" doraHaiUra="125" who="2" fromWho="3" sc="286,0,397,0,199,49,108,-39" /><INIT seed="5,0,0,5,2,109" ten="286,397,248,69" oya="1" hai0="67,47,107,133,24,20,36,18,46,2,110,89,44" hai1="62,8,61,134,31,69,128,93,33,119,105,52,26" hai2="42,6,10,28,50,64,54,0,86,83,71,75,27" hai3="58,127,3,21,77,48,35,116,16,88,97,78,14"/><U130/><E105/><V121/><F121/><W13/><G3/><T84/><D107/><U1/><E119/><V103/><F75/><W131/><G35/><T102/><D2/><U66/><E134/><V91/><F103/><W122/><G116/><T129/><D133/><U79/><E79/><V101/><F101/><W34/><G122/><T132/><D110/><U55/><E61/><V111/><F111/><W124/><G34/><T40/><D102/><U112/><E93/><V56/><F71/><W125/><G131/><N who="1" m="50218" /><E112/><V94/><F42/><W135/><G135/><T99/><D99/><U81/><E81/><V98/><F64/><W113/><G113/><T43/><D132/><U80/><E80/><V25/><F25/><W11/><G48/><T19/><D129/><U85/><E85/><V39/><F39/><W12/><G58/><T118/><D67/><U5/><AGARI ba="0,0" hai="1,5,8,26,31,33,52,55,62,66,69" m="50218" machi="5" ten="30,3000,0" yaku="19,1,54,1" doraHai="109" who="1" fromWho="1" sc="286,-10,397,30,248,-10,69,-10" /><INIT seed="5,1,0,5,1,9" ten="276,427,238,59" oya="1" hai0="85,122,94,22,15,11,121,60,81,102,115,10,5" hai1="69,17,118,133,130,77,109,3,47,52,44,8,46" hai2="65,99,72,135,59,41,96,43,95,67,101,105,131" hai3="45,124,80,12,82,6,33,64,38,113,84,23,34"/><U56/><E69/><V89/><F131/><W93/><G113/><T28/><D115/><U4/><E118/><V68/><F135/><W18/><G124/><T14/><D60/><U120/><E133/><V100/><F72/><W62/><G6/><N who="0" m="3415" /><D102/><U48/><E120/><N who="0" m="46185" /><D94/><U114/><E114/><V16/><F68/><W116/><G116/><T61/><D61/><U110/><E130/><V127/><F127/><W49/><G38/><T90/><D22/><U66/><E77/><V106/><F95/><W1/><G1/><T128/><D128/><U30/><E30/><AGARI ba="1,0" hai="5,11,15,28,30,81,85,90" m="46185,3415" machi="30" ten="30,3900,0" yaku="13,1,52,2" doraHai="9" who="0" fromWho="1" sc="276,42,427,-42,238,0,59,0" /><INIT seed="6,0,0,2,3,129" ten="318,385,238,59" oya="2" hai0="96,59,76,90,15,95,103,14,67,46,127,48,120" hai1="20,22,119,52,121,36,81,75,26,113,55,74,51" hai2="2,18,132,53,111,107,13,98,28,72,40,63,30" hai3="117,89,29,47,118,1,84,105,8,32,68,34,45"/><V106/><F72/><W12/><G68/><T108/><D120/><U80/><E36/><V56/><F2/><W100/><G1/><T124/><D108/><U23/><E119/><V104/><F111/><W73/><G73/><T110/><D110/><U99/><E121/><V43/><F98/><W5/><G118/><T9/><D76/><U133/><E113/><V19/><F132/><W31/><G117/><T114/><D114/><U115/><E133/><V33/><F33/><W79/><G79/><T130/><D130/><U27/><E115/><V83/><F83/><N who="1" m="31817" /><E99/><V17/><REACH who="2" step="1"/><F13/><REACH who="2" ten="318,385,228,59" step="2"/><W4/><G34/><T44/><D15/><U58/><E75/><V131/><F131/><W97/><G32/><T7/><D103/><U128/><E74/><V70/><F70/><W41/><G4/><T91/><D91/><U0/><E128/><V134/><F134/><W6/><G6/><T11/><D11/><U16/><E0/><V85/><F85/><W102/><G102/><T126/><REACH who="0" step="1"/><D48/><REACH who="0" ten="308,385,228,59" step="2"/><U66/><E51/><V65/><F65/><W71/><G100/><T109/><D109/><U93/><E66/><V10/><F10/><W112/><G112/><T54/><D54/><U61/><E55/><V88/><F88/><W60/><G89/><T101/><D101/><U62/><E52/><V50/><F50/><W35/><G8/><T122/><D122/><U123/><E123/><V87/><F87/><W135/><G84/><T116/><D116/><U39/><E39/><V3/><F3/><W37/><G37/><T92/><D92/><U24/><E93/><V64/><F64/><RYUUKYOKU ba="0,2" sc="308,15,385,-15,228,15,59,-15" hai0="7,9,14,44,46,59,67,90,95,96,124,126,127" hai2="17,18,19,28,30,40,43,53,56,63,104,106,107" /><INIT seed="6,1,2,2,2,25" ten="323,370,243,44" oya="2" hai0="7,93,8,100,68,132,67,135,49,97,62,134,42" hai1="130,66,117,131,95,78,47,128,44,115,52,101,48" hai2="12,106,127,120,94,60,114,82,102,109,22,88,0" hai3="105,71,37,116,104,13,11,129,73,33,19,65,119"/><V87/><F0/><W123/><G123/><T121/><D49/><N who="1" m="28711" /><E78/><V74/><F120/><W92/><G73/><T111/><D121/><U32/><E32/><V17/><F109/><W90/><G37/><T91/><D42/><N who="1" m="24695" /><E117/><V9/><F127/><W80/><G33/><T16/><D111/><U77/><E77/><V126/><F126/><W118/><G80/><T99/><D16/><U5/><E5/><V3/><F114/><W1/><G1/><N who="0" m="111" /><D99/><N who="1" m="59647" /><E66/><V43/><F106/><W79/><G79/><T84/><D84/><U69/><E69/><V53/><F43/><W35/><G35/><T133/><N who="0" m="34304" /><DORA hai="58" /><T70/><D70/><U107/><E107/><V63/><F74/><W4/><G4/><T18/><D18/><U83/><E83/><V72/><F72/><W110/><G110/><T96/><D96/><U103/><E103/><AGARI ba="1,2" hai="62,67,68,91,93,97,100,103" m="34304,111" machi="103" ten="60,3900,0" yaku="20,1,52,1" doraHai="25,58" who="0" fromWho="1" sc="323,62,370,-42,243,0,44,0" /><INIT seed="7,0,0,0,4,97" ten="385,328,243,44" oya="3" hai0="61,116,67,17,89,117,11,0,74,16,54,108,36" hai1="56,96,45,18,131,39,70,95,63,120,59,52,48" hai2="29,91,33,71,30,53,111,14,13,100,68,4,32" hai3="88,34,35,106,98,19,5,40,49,81,78,62,125"/><W115/><G115/><T109/><D74/><U65/><E120/><V25/><F53/><W119/><G119/><N who="0" m="45643" /><D36/><U110/><E110/><N who="0" m="42601" /><D89/><U15/><E131/><V23/><F91/><W69/><G125/><T46/><D46/><U94/><E39/><V84/><F84/><W55/><G40/><T101/><D101/><U58/><E70/><V127/><F111/><W128/><G128/><T76/><D54/><U85/><E85/><V24/><F127/><W105/><G105/><T28/><D76/><U77/><E77/><V38/><F38/><W50/><G50/><T75/><D61/><U72/><E72/><V82/><F82/><W118/><G118/><T121/><D67/><U57/><REACH who="1" step="1"/><E96/><REACH who="1" ten="385,318,243,44" step="2"/><V99/><F68/><W51/><G51/><T107/><D75/><U92/><E92/><V26/><F71/><W42/><G106/><T102/><D107/><U124/><E124/><V132/><F132/><W8/><G42/><T93/><D93/><U41/><E41/><V126/><F126/><W60/><G69/><T1/><D121/><U66/><E66/><V86/><F86/><N who="3" m="48439" /><G62/><T87/><D87/><U22/><AGARI ba="0,1" hai="15,18,22,45,48,52,56,57,58,59,63,65,94,95" machi="22" ten="30,7900,0" yaku="1,1,0,1,8,1,54,1,53,0" doraHai="97" doraHaiUra="6" who="1" fromWho="1" sc="385,-20,318,89,243,-20,44,-39" owari="365,17.0,407,50.0,223,-18.0,5,-49.0" /></mjloggm>