<mjloggm ver="2.3"><GO type="41"/><UN n0="%E3%83%AD%E3%83%B3%E3%81%95%E3%81%BE" n1="%62%6F%6E%73%69%72" n2="%E5%A4%A7%E5%92%8C%E7%94%B7%E5%85%90" n3="%E3%82%A6%E3%83%AB%E3%83%88%E3%83%A9%E7%AB%8B%E7%9B%B4" dan="15,13,14,15" rate="1933,2048,1845,2006" sx="M,M,M,M"/><TAIKYOKU oya="0"/><INIT seed="0,0,0,5,1,86" ten="250,250,250,250" oya="0" hai0="132,26,16,32,109,131,61,83,8,77,48,81,20" hai1="64,73,117,79,76,122,68,111,70,62,25,100,39" hai2="65,28,18,40,121,46,63,123,57,96,22,19,108" hai3="4,36,92,78,2,120,59,30,87,104,71,29,14"/><T74/><D32/><U45/><E111/><V129/><F108/><W13/><G71/><T101/><D109/><U42/><E117/><V88/><F129/><W103/><G36/><T114/><D131/><U125/><E125/><V24/><F123/><W93/><G104/><T47/><D114/><U23/><E23/><V107/><F107/><W134/><G2/><T106/><D132/><U43/><E43/><V85/><F121/><W53/><G134/><T69/><D8/><U38/><E79/><V95/><F96/><W80/><G120/><T82/><D101/><U75/><E122/><V130/><F130/><W41/><G41/><T33/><D33/><U50/><E50/><AGARI ba="0,0" hai="18,19,22,24,28,40,46,50,57,63,65,85,88,95" machi="50" ten="30,7700,0" yaku="7,1,8,1,52,1,54,1" doraHai="86" who="2" fromWho="1" sc="250,0,250,-77,250,77,250,0" /><INIT seed="1,0,0,2,2,93" ten="250,173,327,250" oya="1" hai0="81,103,0,125,21,16,8,50,73,68,118,31,72" hai1="4,37,131,41,92,51,3,128,77,22,64,52,76" hai2="99,78,15,83,27,124,34,104,60,38,2,101,53" hai3="13,98,46,17,97,14,61,82,135,18,59,5,85"/><U6/><E64/><V102/><F38/><W9/><G46/><T88/><D118/><U75/><E75/><V33/><F2/><W23/><G5/><N who="1" m="2154" /><E3/><V106/><F124/><W113/><G113/><T80/><D68/><U117/><E117/><V96/><F15/><W36/><G36/><T11/><D0/><U54/><E37/><V12/><F12/><W86/><G135/><T116/><D116/><U70/><E70/><V19/><F19/><W35/><G35/><T111/><D125/><U126/><E126/><V133/><F133/><W132/><G132/><T127/><D31/><U24/><E128/><V94/><F27/><W58/><G58/><T40/><D127/><U7/><N who="1" m="2162" /><U43/><DORA hai="74" /><E131/><V89/><F53/><N who="1" m="20585" /><E92/><V42/><F42/><N who="1" m="15881" /><E51/><V109/><F60/><W123/><G59/><T95/><D72/><U90/><E90/><V45/><F45/><W30/><G61/><T79/><D88/><U69/><E69/><V129/><F129/><W120/><G30/><AGARI ba="0,0" hai="22,24,30,76,77" m="15881,20585,2162" machi="30" ten="40,12000,1" yaku="8,1,52,2,54,1" doraHai="93,74" who="1" fromWho="3" sc="250,0,173,120,327,0,250,-120" /><INIT seed="1,1,0,0,3,122" ten="250,293,327,130" oya="1" hai0="98,65,105,73,71,61,86,102,57,1,17,16,52" hai1="94,48,35,24,120,89,34,132,59,104,27,131,103" hai2="55,6,91,124,115,44,134,22,21,4,106,76,63" hai3="110,20,121,70,26,109,15,29,83,30,127,45,12"/><U67/><E120/><V116/><F106/><W36/><G70/><T31/><D73/><U9/><E132/><V38/><F116/><W80/><G121/><T19/><D1/><U90/><E131/><V135/><F76/><W50/><G36/><T28/><REACH who="0" step="1"/><D86/><REACH who="0" ten="240,293,327,130" step="2"/><U2/><E2/><V74/><F74/><W92/><G127/><T64/><D64/><U100/><E35/><V93/><F124/><W66/><G66/><T114/><D114/><U126/><E34/><V8/><F115/><W0/><G0/><T97/><D97/><U108/><E126/><V107/><F134/><W129/><G129/><T18/><N who="0" m="4608" /><DORA hai="82" /><T25/><D25/><U7/><E67/><V46/><F135/><W40/><G15/><T32/><D32/><U72/><E72/><V87/><F87/><W23/><G12/><T58/><D58/><U95/><E59/><V62/><F46/><W37/><G20/><T68/><D68/><U47/><E47/><V96/><F44/><W101/><G30/><T5/><D5/><U53/><E24/><V11/><F4/><W111/><G37/><T125/><D125/><U117/><E27/><V128/><F6/><W123/><G123/><T41/><D41/><U10/><E7/><V77/><F38/><W43/><G43/><T56/><D56/><U75/><E75/><V119/><F128/><W42/><G42/><T79/><D79/><U81/><E117/><V39/><F119/><W60/><G60/><AGARI ba="1,1" hai="28,31,52,57,60,61,65,71,98,102,105" m="4608" machi="60" ten="50,6400,0" yaku="1,1,54,2,53,0" doraHai="122,82" doraHaiUra="85,88" who="0" fromWho="3" sc="240,77,293,0,327,0,130,-67" /><INIT seed="2,0,0,3,3,73" ten="317,293,327,63" oya="2" hai0="118,66,48,126,124,5,108,130,20,60,29,70,101" hai1="32,14,64,45,74,72,7,121,127,90,107,113,105" hai2="86,34,2,63,71,106,24,38,26,83,11,16,135" hai3="92,67,42,41,131,62,8,0,6,1,116,47,97"/><V88/><F106/><W69/><G116/><T12/><D118/><U43/><E113/><V46/><F135/><W99/><G131/><T122/><D130/><U35/><E127/><N who="0" m="48681" /><D122/><U94/><E121/><V33/><F34/><W110/><G110/><T102/><D108/><U3/><E3/><V44/><F33/><W25/><G25/><N who="0" m="16551" /><D48/><U53/><E74/><V50/><F38/><W84/><G42/><T120/><D120/><U81/><E72/><V76/><F44/><W111/><G111/><T37/><D37/><U61/><E81/><V96/><F2/><W40/><G40/><T59/><D70/><U9/><E32/><V79/><F96/><W132/><G132/><T75/><D75/><U82/><E35/><V17/><F71/><W19/><G1/><T89/><D89/><U95/><E82/><V21/><F63/><W104/><G97/><T114/><D114/><U78/><E95/><V31/><F31/><W10/><G104/><T18/><D5/><U13/><E107/><V51/><F50/><W39/><G84/><T85/><D85/><U115/><E115/><V36/><F36/><W129/><G129/><T77/><D77/><N who="2" m="29770" /><F17/><W68/><G68/><T117/><D117/><U91/><E105/><V80/><F80/><W54/><G19/><T56/><D56/><U22/><E7/><V125/><F125/><W119/><G119/><T65/><D65/><U28/><E61/><V98/><F98/><W55/><G99/><T93/><D93/><U134/><E64/><V100/><F100/><N who="0" m="38506" /><D18/><U30/><E134/><V52/><F11/><W128/><G10/><RYUUKYOKU ba="0,0" sc="317,15,293,-15,327,15,63,-15" hai0="12,59,60,66" hai2="16,21,24,26,46,51,52,83,86,88" /><INIT seed="2,1,0,5,2,11" ten="332,278,342,48" oya="2" hai0="113,16,44,49,76,135,50,105,120,93,118,95,57" hai1="2,130,6,80,67,54,86,70,52,125,66,119,48" hai2="75,115,58,132,82,129,62,65,42,131,78,88,81" hai3="72,3,47,71,106,33,34,101,40,17,14,98,108"/><V18/><F115/><W53/><G3/><T15/><D113/><U63/><E119/><V122/><F122/><W25/><G72/><T59/><D105/><U0/><E130/><N who="2" m="49675" /><F132/><W126/><G126/><T28/><D120/><U91/><E125/><V23/><F42/><W60/><G108/><T116/><D135/><U89/><E67/><V117/><F117/><N who="0" m="45162" /><D28/><U22/><E54/><V12/><F82/><W36/><G25/><T24/><D24/><U26/><E6/><V134/><F134/><W94/><G106/><T90/><D76/><U46/><REACH who="1" step="1"/><E91/><AGARI ba="1,0" hai="12,18,23,58,62,65,75,78,81,88,91" m="49675" machi="91" ten="30,5800,0" yaku="19,1,52,1,54,1" doraHai="11" who="2" fromWho="1" sc="332,0,278,-61,342,61,48,0" /><INIT seed="2,2,0,2,4,20" ten="332,217,403,48" oya="2" hai0="29,76,108,133,63,67,91,70,128,73,5,53,106" hai1="23,81,95,103,21,41,16,115,107,65,52,43,45" hai2="123,132,127,94,4,100,99,113,129,79,117,56,46" hai3="135,88,40,114,54,34,37,3,27,130,92,131,31"/><V82/><F123/><W83/><G3/><T134/><D106/><U17/><E115/><V97/><F117/><W11/><G114/><T71/><D71/><U8/><E107/><V87/><F113/><W122/><G122/><T38/><D38/><U15/><E65/><V39/><F39/><W96/><G11/><T49/><D5/><U101/><E81/><V98/><F4/><W60/><G135/><T26/><D91/><U0/><E0/><V121/><F121/><W110/><G110/><T124/><D76/><U28/><E28/><V42/><F132/><N who="0" m="50794" /><D73/><U66/><E66/><V62/><F129/><N who="3" m="49163" /><G83/><T85/><D85/><U7/><E7/><V77/><F127/><W6/><G6/><T104/><D104/><U74/><E8/><V68/><F68/><W57/><G37/><T12/><D12/><U118/><E118/><V78/><F46/><W120/><G120/><T25/><D128/><U55/><E74/><V116/><F116/><W30/><G30/><T33/><D124/><U18/><E15/><V47/><F47/><W61/><G40/><N who="1" m="15434" /><E45/><V93/><F42/><W72/><G72/><T89/><D108/><U19/><N who="1" m="4096" /><DORA hai="24" /><U13/><E13/><V69/><F69/><W51/><AGARI ba="2,0" hai="27,31,34,51,54,57,60,61,88,92,96" m="49163" machi="51" ten="30,7900,0" yaku="19,1,52,2,54,1" doraHai="20,24" who="3" fromWho="3" sc="332,-22,217,-22,403,-41,48,85" /><INIT seed="3,0,0,5,0,20" ten="310,195,362,133" oya="3" hai0="51,69,54,10,42,122,55,1,131,5,28,53,112" hai1="67,2,78,8,109,76,68,43,64,106,72,49,60" hai2="21,73,58,57,12,119,116,135,108,94,91,29,0" hai3="134,65,61,82,80,31,132,39,113,83,66,115,85"/><W100/><G39/><T127/><D122/><U95/><E109/><V22/><F73/><W120/><G120/><T14/><D69/><U56/><E106/><V40/><F108/><W33/><G85/><T105/><D105/><U18/><E72/><V133/><F0/><W63/><G100/><T15/><D112/><U118/><E118/><V4/><F40/><W104/><G104/><T3/><D127/><U17/><E67/><N who="3" m="25610" /><G31/><T30/><D131/><U77/><E68/><V88/><F29/><W59/><G59/><T81/><D81/><U79/><N who="1" m="19456" /><DORA hai="35" /><U101/><E2/><V114/><F114/><N who="3" m="43531" /><G33/><T37/><D37/><U110/><E8/><V117/><F4/><W96/><G96/><T126/><D126/><U75/><E75/><V89/><F94/><W71/><G71/><T90/><D28/><U84/><E110/><V34/><F34/><W129/><G129/><T23/><D90/><U74/><E74/><V27/><F12/><W93/><G93/><T36/><D36/><U45/><REACH who="1" step="1"/><E84/><REACH who="1" ten="310,185,362,133" step="2"/><V16/><REACH who="2" step="1"/><F21/><REACH who="2" ten="310,185,352,133" step="2"/><W92/><G92/><T87/><D3/><U7/><E7/><V13/><F13/><W52/><G52/><T47/><REACH who="0" step="1"/><D87/><REACH who="0" ten="300,185,352,133" step="2"/><U128/><E128/><V46/><F46/><W102/><G102/><T130/><D130/><U125/><E125/><V41/><F41/><W24/><G82/><T25/><AGARI ba="0,3" hai="1,5,10,14,15,23,25,30,42,47,51,53,54,55" machi="25" ten="30,8000,1" yaku="1,1,0,1,52,2,53,1" doraHai="20,35" doraHaiUra="44,97" who="0" fromWho="0" sc="300,110,185,-20,352,-20,133,-40" /><INIT seed="4,0,0,4,5,55" ten="410,165,332,93" oya="0" hai0="108,107,36,74,119,133,47,123,97,102,104,73,23" hai1="89,6,52,115,18,17,75,80,66,70,57,130,113" hai2="32,83,5,109,10,82,63,65,62,11,99,28,14" hai3="126,100,86,117,0,76,134,85,27,4,81,8,3"/><T42/><D119/><U21/><E6/><V94/><F109/><W101/><G117/><T9/><D123/><U93/><E70/><V50/><F62/><W40/><G126/><T31/><D108/><U59/><E130/><V132/><F132/><W48/><G134/><T67/><D133/><U51/><E75/><V88/><F32/><W44/><G0/><T111/><D111/><U56/><E80/><V58/><F28/><W110/><G110/><T2/><D67/><U54/><E66/><V53/><REACH who="2" step="1"/><F11/><REACH who="2" ten="410,165,322,93" step="2"/><W68/><G68/><AGARI ba="0,1" hai="5,10,14,50,53,58,63,65,68,82,83,88,94,99" machi="68" ten="30,12000,2" yaku="1,1,2,1,7,1,52,1,54,1,53,1" doraHai="55" doraHaiUra="87" who="2" fromWho="3" sc="410,0,165,0,322,130,93,-120" owari="410,21.0,165,-23.0,452,55.0,-27,-53.0" /></mjloggm>