<mjloggm ver="2.3"><GO type="41"/><UN n0="%E3%82%AD%E3%83%A0%30%31%32%38" n1="%EF%BC%A7%EF%BC%AF%EF%BC%AC%EF%BC%A4" n2="%E3%82%A6%E3%83%AB%E3%83%88%E3%83%A9%E7%AB%8B%E7%9B%B4" n3="%E3%81%84%E3%81%AE%E3%81%BE%E3%81%A3%E3%81%8F" dan="15,13,15,14" rate="1975,1853,1972,1931" sx="M,F,M,M"/><TAIKYOKU oya="0"/><INIT seed="0,0,0,1,1,16" ten="250,250,250,250" oya="0" hai0="113,29,35,21,134,17,109,15,13,53,122,3,28" hai1="77,90,111,49,59,65,51,61,9,103,80,125,127" hai2="128,22,30,73,72,70,31,12,43,117,24,99,126" hai3="78,101,42,64,84,41,71,131,82,48,116,94,36"/><T56/><D122/><U60/><E111/><V27/><F70/><W44/><G116/><T8/><D113/><U2/><E103/><V85/><F117/><W37/><G71/><T47/><D47/><U63/><E90/><V11/><F126/><N who="1" m="48137" /><E2/><V112/><F112/><W93/><G64/><T7/><D56/><N who="1" m="36999" /><E9/><V23/><F128/><W87/><G131/><T55/><D53/><N who="1" m="34031" /><E63/><V50/><F99/><W58/><G101/><T86/><D86/><AGARI ba="0,0" hai="49,51,77,80,86" m="34031,36999,48137" machi="86" ten="30,1000,0" yaku="18,1" doraHai="16" who="1" fromWho="0" sc="250,-10,250,10,250,0,250,0" /><INIT seed="1,0,0,5,0,71" ten="240,260,250,250" oya="1" hai0="67,89,73,90,110,77,1,105,88,74,55,107,44" hai1="40,91,60,72,92,125,116,7,4,51,101,94,25" hai2="13,79,53,11,14,118,121,9,37,42,24,0,82" hai3="33,96,47,102,109,16,103,38,54,106,41,3,20"/><U130/><E72/><V132/><F121/><W115/><G3/><T70/><D1/><U32/><E116/><V113/><F118/><W6/><G6/><T43/><D55/><U50/><E125/><V112/><F24/><W66/><G33/><T56/><D70/><U49/><E130/><V30/><F30/><W134/><G115/><N who="2" m="44105" /><F53/><W99/><G134/><T100/><D110/><U27/><E32/><V46/><F132/><W75/><G75/><T39/><D74/><U78/><E60/><V58/><F58/><W48/><G66/><T28/><D100/><U22/><E78/><V87/><F11/><W63/><G63/><T83/><REACH who="0" step="1"/><D28/><REACH who="0" ten="230,260,250,250" step="2"/><U45/><E101/><V29/><F29/><W119/><G109/><T93/><D93/><U64/><E94/><V26/><F0/><W21/><G119/><T129/><D129/><U19/><E64/><V69/><F69/><W114/><G114/><T127/><D127/><U131/><E131/><V10/><F82/><W31/><G31/><T85/><D85/><U86/><REACH who="1" step="1"/><E27/><REACH who="1" ten="230,250,250,250" step="2"/><V111/><F26/><W35/><G35/><T59/><D59/><U98/><E98/><V104/><F111/><W61/><G61/><AGARI ba="0,2" hai="39,43,44,56,61,67,73,77,83,88,89,90,105,107" machi="61" ten="40,5200,0" yaku="1,1,52,1,54,1,53,0" doraHai="71" doraHaiUra="5" who="0" fromWho="3" sc="230,72,250,0,250,0,250,-52" /><INIT seed="2,0,0,2,5,11" ten="302,250,250,198" oya="2" hai0="31,15,81,65,60,98,9,39,118,33,112,67,135" hai1="53,76,90,56,41,94,84,108,50,5,78,3,100" hai2="58,70,83,44,68,14,38,52,37,132,133,66,88" hai3="54,129,36,59,55,42,82,77,114,35,113,47,127"/><V115/><F115/><W120/><G35/><T23/><D112/><N who="3" m="43113" /><G82/><T91/><D39/><N who="2" m="14858" /><F44/><W57/><G77/><T103/><D118/><U46/><E108/><V101/><F101/><W0/><G0/><T49/><D33/><U107/><E3/><V121/><F83/><W102/><G102/><T122/><D49/><U131/><E131/><V45/><F45/><W124/><G120/><T26/><D122/><U21/><E5/><V95/><F121/><W117/><G117/><T134/><D91/><U93/><E107/><V18/><F66/><W10/><G10/><T75/><D81/><U106/><E106/><V99/><F68/><W13/><G13/><T62/><D75/><U116/><E116/><V34/><F70/><W104/><G104/><N who="0" m="63607" /><D67/><U24/><E94/><V110/><F34/><W109/><G109/><T2/><D2/><U20/><E100/><V111/><F111/><W43/><G43/><T79/><D65/><U87/><E87/><V74/><F74/><W97/><G97/><T71/><D79/><N who="1" m="30251" /><E24/><V61/><F110/><W8/><G8/><T30/><D71/><U96/><E96/><V126/><F126/><N who="3" m="48171" /><G129/><T17/><D9/><U12/><E12/><V69/><F69/><W7/><G7/><T22/><D15/><U25/><E25/><V105/><F105/><W119/><G119/><T86/><D26/><U28/><E28/><V72/><F72/><W6/><G6/><T89/><D31/><U48/><AGARI ba="0,0" hai="20,21,41,46,48,50,53,56,84,90,93" m="30251" machi="48" ten="30,1100,0" yaku="8,1" doraHai="11" who="1" fromWho="1" sc="302,-3,250,11,250,-5,198,-3" /><INIT seed="3,0,0,4,2,114" ten="299,261,245,195" oya="3" hai0="1,91,34,122,17,94,9,36,14,5,109,111,102" hai1="131,53,69,48,92,130,20,15,115,90,55,7,120" hai2="6,26,113,68,63,88,10,81,77,27,124,31,98" hai3="127,23,75,21,40,49,125,97,25,41,107,83,104"/><W86/><G75/><T38/><D122/><U71/><E115/><V29/><F113/><W108/><G108/><N who="0" m="41547" /><D102/><U105/><E105/><V45/><F124/><W51/><G97/><N who="0" m="57567" /><D34/><U43/><E43/><V128/><F128/><N who="1" m="49193" /><E120/><V118/><F63/><W42/><G104/><T74/><D74/><U95/><E95/><V79/><F68/><N who="1" m="26185" /><E48/><V39/><F27/><W76/><G107/><T59/><D59/><U65/><E65/><V52/><F31/><W121/><G121/><T19/><D19/><N who="1" m="10367" /><E7/><V46/><F46/><W64/><G64/><T8/><AGARI ba="0,0" hai="1,5,8,9,14,17,36,38" m="57567,41547" machi="8" ten="30,1100,0" yaku="14,1" doraHai="114" who="0" fromWho="0" sc="299,11,261,-3,245,-3,195,-5" /><INIT seed="4,0,0,4,0,25" ten="310,258,242,190" oya="0" hai0="92,21,31,5,58,43,123,44,103,82,55,99,69" hai1="119,105,117,62,17,29,125,8,30,57,18,93,79" hai2="11,95,91,73,33,37,71,22,84,4,16,12,63" hai3="7,3,128,106,51,81,52,14,116,72,50,88,60"/><T96/><D69/><U65/><E105/><V89/><F73/><W76/><G106/><T75/><D123/><U32/><E125/><V56/><F37/><W15/><G116/><T74/><D5/><U94/><E79/><V47/><F47/><W27/><G3/><T39/><D82/><U120/><E120/><V111/><F111/><W108/><G108/><T101/><D21/><U19/><E32/><V100/><F71/><W86/><G128/><T0/><D0/><U34/><E34/><V77/><F33/><W13/><G7/><T113/><D113/><U85/><E117/><V121/><F121/><W1/><G1/><T87/><D87/><U132/><E132/><V59/><F77/><W112/><G112/><T49/><D31/><N who="1" m="11787" /><E119/><V41/><F100/><W68/><G27/><T35/><D35/><U104/><E104/><AGARI ba="0,0" hai="39,43,44,49,55,58,74,75,92,96,99,101,103,104" machi="104" ten="30,1500,0" yaku="7,1" doraHai="25" who="0" fromWho="1" sc="310,15,258,-15,242,0,190,0" /><INIT seed="4,1,0,5,5,62" ten="325,243,242,190" oya="0" hai0="58,5,64,77,89,83,16,66,112,0,9,7,97" hai1="133,61,119,111,12,86,63,76,135,45,123,14,124" hai2="43,101,109,44,79,110,128,15,102,104,75,59,80" hai3="129,2,46,120,116,98,117,33,114,85,19,27,71"/><T52/><D112/><U3/><E123/><V65/><F128/><W81/><G114/><T35/><D35/><U105/><E105/><V38/><F15/><W17/><G2/><T40/><D40/><U121/><E119/><V84/><F84/><W106/><G120/><T56/><D56/><U127/><E121/><V55/><F102/><W31/><G129/><T1/><D1/><U96/><E3/><V49/><F101/><W91/><G98/><T74/><D0/><U87/><E96/><V132/><F104/><W8/><G106/><T6/><D97/><U30/><E30/><V88/><F88/><W126/><G71/><T22/><D9/><U37/><E37/><V95/><F95/><W11/><G117/><T13/><REACH who="0" step="1"/><D89/><REACH who="0" ten="315,243,242,190" step="2"/><U99/><E99/><V51/><F38/><W26/><G116/><T73/><D73/><U29/><E45/><V67/><REACH who="2" step="1"/><F132/><REACH who="2" ten="315,243,232,190" step="2"/><W39/><G39/><T69/><D69/><U53/><E135/><V36/><F36/><W18/><G46/><T100/><D100/><U108/><E133/><V93/><F93/><W107/><G107/><T24/><D24/><U50/><E76/><V72/><F72/><W92/><G26/><T47/><D47/><U113/><E113/><V20/><F20/><W41/><G41/><T131/><D131/><U118/><E118/><V94/><F94/><W28/><G92/><T60/><AGARI ba="1,2" hai="5,6,7,13,16,22,52,58,60,64,66,74,77,83" machi="60" ten="30,18000,2" yaku="1,1,0,1,52,2,54,2,53,0" doraHai="62" doraHaiUra="25" who="0" fromWho="0" sc="315,203,243,-61,232,-61,190,-61" /><INIT seed="4,2,0,3,0,67" ten="518,182,171,129" oya="0" hai0="113,4,35,87,134,100,69,49,92,59,27,39,3" hai1="96,112,91,30,78,21,56,16,31,72,90,127,111" hai2="1,8,45,135,106,10,48,14,60,108,114,44,129" hai3="0,24,95,102,19,18,119,26,70,83,123,65,97"/><T74/><D74/><U133/><E111/><V94/><F106/><W71/><G0/><T20/><D39/><U132/><E112/><V107/><F107/><W51/><G119/><T85/><D35/><U13/><E127/><V125/><F108/><W11/><G123/><T89/><D113/><U73/><E56/><V22/><F125/><W33/><G65/><T86/><D100/><U42/><E42/><V50/><F114/><W88/><G33/><T52/><D134/><N who="1" m="51819" /><E96/><V2/><F22/><W43/><G83/><T76/><D76/><U23/><E23/><V116/><F94/><W5/><G102/><T32/><D32/><U77/><E72/><V104/><F104/><W64/><G64/><T120/><D120/><U36/><E36/><V80/><F80/><W62/><G62/><T7/><D3/><U122/><E122/><V128/><F135/><W75/><G75/><T47/><D87/><U115/><E115/><V37/><F37/><W61/><G61/><T121/><D86/><U41/><E41/><V63/><REACH who="2" step="1"/><F14/><REACH who="2" ten="518,182,161,129" step="2"/><W40/><G26/><T29/><D121/><U25/><E13/><V81/><F81/><W117/><G117/><AGARI ba="2,1" hai="1,2,8,10,44,45,48,50,60,63,116,117,128,129" machi="117" ten="25,8000,1" yaku="1,1,22,2,53,2" doraHai="67" doraHaiUra="34" who="2" fromWho="3" sc="518,0,182,0,161,96,129,-86" /><INIT seed="5,0,0,4,2,118" ten="518,182,257,43" oya="1" hai0="58,88,4,15,124,66,111,50,86,108,114,92,7" hai1="22,71,77,43,89,37,97,109,131,59,6,3,36" hai2="121,30,16,65,128,70,87,62,1,73,35,91,72" hai3="46,20,48,63,115,10,57,38,95,34,106,75,85"/><U74/><E71/><V84/><F1/><W32/><G106/><T126/><D114/><U102/><E109/><V9/><F30/><W122/><G75/><T83/><D111/><U23/><E131/><V55/><F35/><W12/><G115/><T107/><D107/><U98/><E98/><V14/><F128/><W31/><G38/><T90/><D108/><U130/><E130/><V119/><F119/><W0/><G0/><T44/><D66/><U17/><E17/><V96/><F96/><W129/><G129/><T24/><D58/><U80/><E89/><V104/><F104/><W69/><G69/><T78/><D24/><U134/><E59/><V61/><F87/><W68/><G68/><T79/><D90/><U28/><E134/><V101/><F101/><W54/><G122/><T117/><D117/><U53/><E53/><V127/><F127/><N who="0" m="48682" /><D15/><U116/><E116/><V99/><F99/><W49/><G32/><T132/><D132/><U112/><E112/><V123/><F61/><W120/><G120/><T113/><D113/><U25/><E23/><V60/><F73/><W42/><G34/><T135/><D135/><U13/><E43/><V8/><F72/><W47/><G95/><T56/><D56/><U26/><E26/><V76/><F76/><N who="0" m="29226" /><D83/><U52/><E3/><V103/><F103/><W45/><G85/><T105/><D105/><N who="1" m="63695" /><E52/><AGARI ba="0,0" hai="4,7,44,50,52,86,88,92" m="29226,48682" machi="52" ten="30,3900,0" yaku="18,1,54,2" doraHai="118" who="0" fromWho="1" sc="518,39,182,-39,257,0,43,0" /><INIT seed="6,0,0,3,5,51" ten="557,143,257,43" oya="2" hai0="25,40,95,133,52,43,93,111,113,50,83,34,90" hai1="75,37,116,92,89,48,103,44,131,128,85,121,97" hai2="9,5,27,14,127,61,3,94,17,59,126,129,18" hai3="73,77,11,0,87,4,15,72,32,23,55,68,80"/><V62/><F94/><W39/><G68/><T20/><D111/><U26/><E121/><V134/><F61/><W57/><G39/><T65/><D34/><U78/><E116/><V102/><F102/><W10/><G32/><T67/><D133/><U60/><E37/><V74/><F74/><W76/><G23/><T64/><D113/><U82/><E60/><V117/><F117/><W69/><G69/><T45/><D83/><U112/><E112/><V66/><F66/><W99/><G99/><N who="0" m="57783" /><D95/><U84/><E26/><V135/><F59/><W42/><G42/><T107/><D107/><U16/><E16/><AGARI ba="0,0" hai="16,20,25,40,43,45,50,52,64,65,67" m="57783" machi="16" ten="30,7700,0" yaku="8,1,52,1,54,2" doraHai="51" who="0" fromWho="1" sc="557,77,143,-77,257,0,43,0" /><INIT seed="7,0,0,0,5,62" ten="634,66,257,43" oya="3" hai0="111,64,130,31,113,56,11,96,70,33,98,90,127" hai1="105,6,47,86,91,69,4,44,72,40,50,17,45" hai2="80,100,3,42,12,63,55,13,39,25,124,71,65" hai3="59,97,36,30,5,26,84,115,28,23,0,102,81"/><W15/><G36/><T49/><D111/><U1/><E105/><V89/><F3/><W106/><G0/><T66/><D70/><U21/><E21/><V41/><BYE who="1" /><F41/><W108/><G108/><T27/><D127/><U54/><E54/><V122/><F100/><W8/><G115/><T7/><D113/><U109/><E109/><V77/><F89/><W43/><G43/><T37/><D37/><U24/><E24/><V20/><F124/><W53/><G30/><T128/><D49/><U93/><E93/><V83/><F83/><W16/><G5/><T121/><D56/><U135/><E135/><V57/><F122/><W126/><G126/><T10/><D10/><U114/><E114/><V92/><F92/><W29/><G29/><T76/><D76/><U74/><E74/><V134/><F134/><W85/><REACH who="3" step="1"/><G81/><REACH who="3" ten="634,66,257,33" step="2"/><T95/><D121/><U87/><E87/><V94/><F42/><W38/><G38/><T82/><D82/><U48/><E48/><AGARI ba="0,1" hai="8,15,16,23,26,28,48,53,59,84,85,97,102,106" machi="48" ten="30,5800,0" yaku="1,1,7,1,54,1,53,0" doraHai="62" doraHaiUra="104" who="3" fromWho="1" sc="634,0,66,-58,257,0,33,68" /><INIT seed="7,1,0,1,4,128" ten="634,8,257,101" oya="3" hai0="8,79,85,67,28,33,106,23,46,64,118,88,121" hai1="108,15,2,69,49,19,9,104,66,54,110,123,42" hai2="45,37,86,68,6,124,22,31,43,13,115,129,134" hai3="77,5,57,17,131,76,41,25,80,132,30,38,70"/><W50/><G70/><T98/><D121/><U117/><E117/><V48/><F6/><W60/><G131/><T58/><D118/><U87/><E87/><V81/><F13/><W52/><G38/><T32/><D32/><U84/><E84/><V92/><F22/><W90/><G5/><T102/><D33/><U133/><E133/><V1/><F31/><W83/><G17/><T7/><D79/><U126/><E126/><V91/><F1/><W82/><G132/><T39/><D58/><U75/><E75/><V20/><F20/><N who="3" m="15655" /><G90/><T65/><D46/><AGARI ba="1,0" hai="41,46,50,52,57,60,76,77,80,82,83" m="15655" machi="46" ten="30,2900,0" yaku="8,1,54,1" doraHai="128" who="3" fromWho="0" sc="634,-32,8,0,257,0,101,32" /><INIT seed="7,2,0,2,0,39" ten="602,8,257,133" oya="3" hai0="71,36,58,103,14,118,8,135,59,124,31,22,77" hai1="76,99,133,6,111,30,82,13,60,114,16,72,113" hai2="107,110,23,11,34,3,78,65,97,26,115,29,33" hai3="62,4,9,131,84,63,94,95,117,7,123,28,45"/><W125/><G117/><T130/><D118/><U128/><E128/><V127/><F110/><W79/><G123/><T132/><D36/><U90/><E90/><V52/><F65/><W44/><G131/><T40/><D40/><U64/><E64/><V47/><F78/><W49/><G28/><T21/><D130/><U70/><E70/><V12/><F97/><W74/><G74/><T56/><D71/><U50/><E50/><V57/><F107/><W120/><G120/><T10/><D10/><U25/><E25/><V109/><F34/><W83/><G125/><T24/><D124/><U53/><E53/><V92/><F92/><N who="3" m="35371" /><G9/><T96/><D77/><U106/><E106/><V15/><F11/><W54/><G44/><T134/><D22/><U0/><E0/><V75/><F47/><W100/><G100/><T73/><D73/><U67/><E67/><V51/><F75/><W17/><G17/><T46/><D46/><U38/><E38/><V32/><F33/><W102/><G102/><T98/><D103/><U18/><E18/><AGARI ba="2,0" hai="8,14,18,21,24,31,56,58,59,96,98,132,134,135" machi="18" ten="50,1600,0" yaku="20,1" doraHai="39" who="0" fromWho="1" sc="602,22,8,-22,257,0,133,0" owari="624,72.0,-14,-51.0,257,6.0,133,-27.0" /></mjloggm>