<mjloggm ver="2.3"><GO type="41"/><UN n0="%EF%BC%88%E2%89%A7%E2%96%BD%E2%89%A6%EF%BC%89" n1="%E2%89%A1%E3%81%AE%E3%82%8A%E3%82%BB%E3%83%8A%E2%89%A1" n2="%E6%8C%AB%E6%8A%98%E7%A6%81%E6%AD%A2" n3="%50%72%69%6E" dan="15,14,13,13" rate="2009,1892,1933,1876" sx="M,M,M,M"/><TAIKYOKU oya="0"/><INIT seed="0,0,0,4,2,121" ten="250,250,250,250" oya="0" hai0="131,60,61,112,129,114,107,78,116,74,67,27,12" hai1="93,45,29,105,123,110,83,57,41,21,128,59,86" hai2="82,52,11,36,39,1,111,77,80,47,118,43,85" hai3="69,134,120,7,8,34,75,5,26,28,42,91,92"/><T24/><D116/><U25/><E123/><V94/><F118/><W76/><G69/><T14/><D107/><U44/><E105/><V6/><F39/><W16/><G120/><T40/><D40/><U55/><E128/><N who="0" m="49225" /><D78/><U104/><E104/><V56/><F94/><W37/><G134/><T31/><D74/><U95/><E45/><V130/><F130/><W53/><G53/><T97/><D97/><U30/><E30/><V101/><F101/><W4/><G37/><T124/><D124/><U73/><E73/><V49/><REACH who="2" step="1"/><F82/><REACH who="2" ten="250,250,240,250" step="2"/><W32/><G42/><T51/><D114/><U126/><E95/><V20/><F20/><W3/><G34/><N who="0" m="20839" /><D112/><U96/><E21/><V65/><F65/><W106/><G106/><T38/><D38/><U9/><E93/><V132/><F132/><W135/><G135/><T103/><D103/><U102/><E102/><V90/><F90/><W15/><G92/><T113/><D113/><U68/><E41/><V117/><F117/><W100/><G91/><T108/><D67/><U62/><E83/><V72/><F72/><W18/><G100/><T54/><D27/><U98/><E25/><V33/><F33/><W48/><G75/><T115/><D115/><U10/><E126/><V19/><F19/><W35/><G76/><T125/><D125/><U88/><E88/><V58/><F58/><W84/><G35/><T89/><D89/><U87/><E59/><V119/><F119/><W17/><G32/><T99/><D99/><U133/><E98/><V46/><F46/><W64/><G64/><T2/><D54/><U63/><E133/><RYUUKYOKU ba="0,1" sc="250,-10,250,-10,240,30,250,-10" hai2="1,6,11,36,43,47,49,52,56,77,80,85,111" /><INIT seed="1,1,1,3,5,96" ten="240,240,270,240" oya="1" hai0="27,105,9,60,12,116,87,103,5,78,22,99,2" hai1="102,30,43,124,95,13,125,17,39,49,128,46,64" hai2="6,40,35,101,109,63,91,117,110,1,58,62,97" hai3="86,98,104,130,108,37,135,7,115,55,3,77,76"/><U36/><E30/><V83/><F117/><W69/><G37/><T38/><D116/><U120/><E120/><V80/><F35/><W20/><G69/><T118/><D118/><U71/><E128/><V18/><F40/><W94/><G130/><T21/><D38/><U65/><E65/><V114/><F114/><W89/><G115/><T133/><D133/><U47/><E71/><V75/><F75/><W131/><G131/><T73/><D73/><U67/><E67/><V32/><F32/><W4/><G3/><T25/><D60/><U90/><E64/><V82/><F58/><W16/><G135/><T19/><REACH who="0" step="1"/><D22/><REACH who="0" ten="230,240,270,240" step="2"/><U0/><E36/><V84/><F63/><W54/><G108/><T119/><D119/><U51/><E39/><V11/><F62/><W61/><G61/><T44/><D44/><U57/><E47/><V79/><F79/><W23/><G76/><T93/><D93/><U68/><E95/><N who="2" m="58559" /><F18/><W53/><G77/><T31/><D31/><U134/><E17/><V121/><F121/><W132/><G132/><T127/><D127/><U48/><E134/><V106/><F106/><W122/><G122/><T85/><D85/><U33/><E46/><V26/><F110/><W100/><REACH who="3" step="1"/><G23/><REACH who="3" ten="230,240,270,230" step="2"/><T70/><D70/><U29/><E68/><V34/><F109/><W81/><G81/><AGARI ba="1,3" hai="2,5,9,12,19,21,25,27,78,81,87,99,103,105" machi="81" ten="40,2600,0" yaku="1,1,52,1,53,0" doraHai="96" doraHaiUra="126" who="0" fromWho="3" sc="230,59,240,0,270,0,230,-29" /><INIT seed="2,0,0,4,0,88" ten="289,240,270,201" oya="2" hai0="71,34,20,13,90,134,64,73,62,93,120,112,104" hai1="97,31,61,22,125,96,80,40,59,131,1,2,135" hai2="75,54,114,21,29,15,18,84,52,7,5,89,115" hai3="103,35,41,127,4,91,116,32,10,0,85,44,105"/><V101/><F75/><W17/><G116/><T36/><D120/><U95/><E135/><V110/><F110/><W25/><G127/><T133/><D112/><U47/><E125/><V106/><F29/><W132/><G132/><N who="0" m="50795" /><D73/><U68/><E68/><V66/><F66/><W100/><G105/><T6/><D104/><U119/><E119/><V37/><F37/><W81/><G35/><T11/><D36/><U117/><E117/><V65/><F65/><W55/><G55/><T70/><D34/><U83/><E131/><V76/><F76/><W122/><G122/><T9/><D20/><U111/><E97/><V8/><F101/><W33/><G33/><T26/><D26/><U82/><E111/><V109/><F106/><W126/><G126/><T30/><D30/><U77/><E77/><V16/><F109/><W86/><G86/><N who="0" m="52439" /><D9/><U50/><E22/><V3/><F115/><W24/><G24/><T23/><D23/><U27/><E27/><N who="2" m="14759" /><F114/><W108/><G108/><T123/><D123/><U102/><REACH who="1" step="1"/><E31/><REACH who="1" ten="289,230,270,201" step="2"/><V63/><F3/><W94/><G32/><T98/><D98/><U92/><E92/><N who="2" m="54311" /><F63/><W46/><G25/><T48/><D48/><U67/><AGARI ba="0,1" hai="1,2,40,47,50,59,61,67,80,82,83,95,96,102" machi="67" ten="30,4000,0" yaku="1,1,0,1,52,1,53,0" doraHai="88" doraHaiUra="118" who="1" fromWho="1" sc="289,-10,230,50,270,-20,201,-10" /><INIT seed="3,0,0,4,0,97" ten="279,280,250,191" oya="3" hai0="44,29,41,78,58,49,107,15,27,54,80,119,130" hai1="127,102,16,110,35,112,81,134,52,51,33,7,60" hai2="101,6,38,125,13,65,21,100,86,131,122,121,56" hai3="129,95,9,77,42,39,135,72,115,111,114,96,20"/><W0/><G135/><T43/><D119/><U10/><E112/><V17/><F38/><W48/><G129/><T99/><D130/><U128/><E134/><V82/><F131/><W40/><G40/><T36/><D15/><U14/><E128/><V37/><F37/><W11/><G48/><T118/><D118/><U67/><E110/><V1/><F125/><W79/><G111/><T74/><D43/><U109/><E127/><V75/><F75/><W31/><G31/><T126/><D126/><U5/><E109/><V53/><F65/><W63/><G63/><T92/><D107/><U123/><E123/><N who="2" m="47115" /><F6/><W70/><G70/><T116/><D116/><U73/><E5/><V22/><F22/><W26/><G26/><T18/><D18/><U64/><E64/><V8/><F8/><W2/><G20/><T89/><D27/><U68/><E7/><V85/><F1/><W59/><G59/><T34/><D29/><U71/><E71/><V30/><F30/><W23/><G23/><T133/><D133/><U106/><E81/><V108/><F108/><W32/><G32/><T105/><D34/><U12/><E73/><V28/><F28/><W103/><G39/><T46/><D105/><U88/><E14/><V90/><F85/><W62/><G42/><T104/><D104/><U61/><E35/><V50/><AGARI ba="0,0" hai="13,17,21,50,53,56,82,86,90,100,101" m="47115" machi="50" ten="30,4000,0" yaku="13,1,52,2" doraHai="97" who="2" fromWho="2" sc="279,-10,280,-10,250,40,191,-20" /><INIT seed="4,0,0,0,1,68" ten="269,270,290,171" oya="0" hai0="109,0,30,93,92,127,66,78,131,135,33,61,3" hai1="11,32,74,85,46,31,118,106,114,124,112,7,122" hai2="126,25,52,17,60,39,132,64,26,82,8,4,6" hai3="16,23,110,59,58,50,113,103,19,101,63,130,97"/><T86/><D131/><U80/><E74/><V14/><F132/><W69/><G130/><T111/><D135/><U5/><E106/><V35/><F126/><W45/><G110/><N who="0" m="41995" /><D127/><U44/><E124/><V21/><F39/><W29/><G69/><N who="0" m="42191" /><D78/><U62/><E122/><V70/><F82/><W117/><G117/><T94/><D86/><U123/><E123/><V28/><REACH who="2" step="1"/><F52/><REACH who="2" ten="269,270,280,171" step="2"/><W119/><G119/><T47/><D47/><U129/><E46/><V98/><F98/><W104/><G113/><T2/><D94/><U133/><E44/><V89/><F89/><W48/><G45/><T88/><D88/><U56/><E80/><V49/><F49/><W116/><G116/><T22/><D33/><U91/><E91/><V36/><F36/><W24/><G103/><T83/><D83/><U84/><E32/><V38/><F38/><W134/><G134/><T108/><D108/><U128/><E133/><V75/><F75/><W73/><G73/><T100/><D100/><U90/><E129/><V95/><F95/><W34/><G34/><T76/><D76/><U102/><E90/><V87/><F87/><W55/><G48/><T18/><D93/><U79/><E128/><V57/><F57/><W10/><G10/><T53/><D92/><U99/><E11/><V65/><F65/><AGARI ba="0,1" hai="16,19,23,24,29,50,55,58,59,63,65,97,101,104" machi="65" ten="30,2000,0" yaku="7,1,54,1" doraHai="68" who="3" fromWho="2" sc="269,0,270,0,280,-20,171,30" /><INIT seed="5,0,0,0,3,43" ten="269,270,260,201" oya="1" hai0="42,90,2,0,132,16,133,45,32,100,10,106,73" hai1="27,103,113,110,96,35,119,114,54,67,7,78,25" hai2="19,38,125,36,97,91,34,17,118,9,135,18,109" hai3="62,6,12,134,80,81,84,49,5,21,117,41,70"/><U89/><E119/><V39/><F118/><W87/><G117/><T104/><D73/><U30/><E110/><V69/><F69/><W37/><G37/><N who="0" m="21711" /><D32/><U24/><E78/><V44/><F109/><W13/><G134/><N who="0" m="51819" /><D90/><U128/><E67/><V59/><F34/><W116/><G116/><T126/><D126/><U123/><E123/><V55/><F125/><W129/><G129/><T63/><D63/><U74/><E74/><V101/><F91/><W29/><G70/><T107/><D100/><U61/><E89/><V88/><F88/><W86/><G62/><T31/><D31/><U57/><E128/><V99/><F135/><W11/><G29/><T71/><D71/><U75/><E75/><V52/><F101/><W95/><G21/><T26/><D26/><U92/><REACH who="1" step="1"/><E7/><REACH who="1" ten="269,260,260,201" step="2"/><V8/><F8/><W3/><G5/><T33/><D33/><U51/><E51/><V130/><F9/><W76/><G76/><T79/><D79/><U65/><E65/><V83/><F130/><W93/><G49/><T14/><AGARI ba="0,1" hai="0,2,10,14,16,104,106,107" m="51819,21711" machi="14" ten="40,5200,0" yaku="20,1,52,1,54,1" doraHai="43" who="0" fromWho="0" sc="269,62,260,-26,260,-13,201,-13" /><INIT seed="6,0,0,1,4,3" ten="331,234,247,188" oya="2" hai0="105,47,112,40,99,123,93,54,98,64,46,134,20" hai1="2,55,44,129,19,56,7,117,12,58,43,83,13" hai2="92,4,116,8,86,33,114,130,122,125,75,128,94" hai3="9,82,133,23,77,76,84,59,115,81,53,71,35"/><V95/><F33/><W51/><G35/><T17/><D123/><U31/><E117/><V21/><F122/><W120/><G71/><T67/><D112/><U57/><E31/><V69/><F116/><W91/><G120/><T62/><D134/><U18/><E129/><N who="2" m="49771" /><F69/><W80/><G133/><T74/><D74/><U65/><E65/><N who="0" m="25161" /><D105/><U60/><E2/><N who="2" m="23" /><F75/><W36/><G36/><T27/><D40/><U101/><E101/><V88/><F114/><W26/><G115/><T97/><D93/><N who="2" m="35946" /><F21/><W10/><G91/><T131/><D131/><U119/><E119/><V118/><F118/><W28/><REACH who="3" step="1"/><G81/><REACH who="3" ten="331,234,247,178" step="2"/><T100/><D100/><U29/><E83/><V90/><F90/><W85/><AGARI ba="0,1" hai="9,10,23,26,28,51,53,59,76,77,80,82,84,85" machi="85" ten="20,16000,3" yaku="1,1,2,1,0,1,7,1,9,1,8,1,53,2" doraHai="3" doraHaiUra="72" who="3" fromWho="3" sc="331,-40,234,-40,247,-80,178,170" /><INIT seed="7,0,0,0,5,17" ten="291,194,167,348" oya="3" hai0="18,110,117,66,56,39,63,102,84,24,134,90,30" hai1="79,121,35,36,54,62,96,127,114,59,128,105,97" hai2="7,112,86,124,33,48,120,98,71,58,49,38,118" hai3="53,80,50,106,31,122,45,67,2,61,47,82,99"/><W5/><G122/><T1/><D117/><U52/><E121/><V69/><F120/><W43/><G31/><T41/><D110/><U131/><E36/><V26/><F118/><W132/><G132/><T95/><D134/><U8/><E35/><V89/><F38/><W65/><G65/><T70/><D1/><U4/><E127/><V9/><F124/><W130/><G130/><N who="1" m="49706" /><E114/><V44/><F112/><W109/><G109/><T42/><D39/><U16/><E79/><V126/><F126/><W119/><G119/><T78/><D78/><U94/><E105/><V3/><F98/><W125/><G125/><T74/><D74/><U46/><E94/><V91/><F33/><W40/><G2/><T93/><D70/><U85/><E85/><V108/><F108/><W23/><G5/><T20/><D18/><U10/><E10/><V101/><F101/><W116/><G116/><T37/><D37/><U68/><E68/><V32/><F32/><W83/><G106/><T104/><D104/><U0/><E16/><V64/><F26/><W81/><G99/><AGARI ba="0,0" hai="20,24,30,41,42,56,63,66,84,90,93,95,99,102" machi="99" ten="40,8000,1" yaku="25,2,8,1,52,1" doraHai="17" who="0" fromWho="3" sc="291,80,194,0,167,0,348,-80" owari="371,47.0,194,-21.0,167,-33.0,268,7.0" /></mjloggm>