<mjloggm ver="2.3"><GO type="97"/><UN n0="%43%61%6C%6B%61%6E" n1="%72%70%73%74%74%38%39%32" n2="%EF%BC%88%E2%89%A7%E2%96%BD%E2%89%A6%EF%BC%89" n3="%E3%81%BE%E3%81%93%E3%81%95%E3%81%A8" dan="14,14,15,15" rate="1824,1946,1993,1998" sx="M,M,M,M"/><TAIKYOKU oya="0"/><INIT seed="0,0,0,4,4,130" ten="250,250,250,250" oya="0" hai0="27,105,92,28,21,60,61,12,33,102,116,95,34" hai1="75,73,128,17,97,71,64,80,69,93,50,72,134" hai2="108,31,6,16,53,59,94,133,18,113,10,96,88" hai3="81,123,19,84,3,79,49,104,70,126,36,120,132"/><T129/><D129/><U22/><E128/><V118/><F113/><W74/><G36/><T85/><D116/><U90/><E80/><V115/><F115/><W30/><G70/><T39/><D39/><U24/><E64/><V23/><F118/><W29/><G3/><T44/><D44/><U55/><REACH who="1" step="1"/><E134/><REACH who="1" ten="250,240,250,250" step="2"/><V111/><F133/><W68/><G132/><T99/><D34/><U78/><E78/><V48/><F31/><W87/><G30/><T100/><D33/><U124/><E124/><V43/><F43/><W20/><G29/><T54/><D28/><U86/><E86/><V125/><F125/><W110/><G84/><T9/><D85/><U77/><E77/><V91/><F91/><W103/><G87/><T56/><D100/><U107/><E107/><V41/><F41/><W112/><G104/><T45/><D105/><U52/><E52/><V14/><REACH who="2" step="1"/><F18/><REACH who="2" ten="250,240,240,250" step="2"/><W122/><G19/><T63/><D102/><U15/><E15/><AGARI ba="0,2" hai="6,10,14,15,16,23,48,53,59,88,94,96,108,111" machi="15" ten="40,8000,1" yaku="1,1,2,1,54,2,53,0" doraHai="130" doraHaiUra="58" who="2" fromWho="1" sc="250,0,240,-80,240,100,250,0" /><INIT seed="1,0,0,3,2,119" ten="250,160,340,250" oya="1" hai0="114,17,43,88,47,50,106,64,86,103,31,84,45" hai1="78,55,27,131,7,32,41,98,62,25,1,49,124" hai2="68,110,54,16,40,109,111,0,42,85,123,93,46" hai3="81,87,121,125,9,99,75,13,90,30,53,72,35"/><U113/><E113/><V120/><F0/><W74/><G125/><T19/><D114/><U122/><E122/><N who="2" m="46635" /><F68/><W118/><G121/><T34/><D84/><U57/><E124/><V104/><F104/><W4/><G118/><T112/><D112/><U18/><E131/><V89/><F16/><W36/><G36/><T28/><D64/><U66/><E41/><V26/><F26/><W63/><G30/><T132/><D47/><U56/><E78/><V38/><F42/><W130/><G35/><T79/><D79/><U116/><E116/><V23/><F54/><W92/><G130/><T82/><D103/><U61/><E1/><V100/><F100/><W135/><G135/><T24/><D132/><U3/><E3/><V127/><F127/><W11/><G11/><T51/><D106/><U95/><E7/><V80/><F23/><W105/><G105/><T15/><D50/><U21/><E32/><V73/><F73/><W37/><G37/><T29/><D19/><U70/><E70/><V94/><AGARI ba="0,0" hai="38,40,46,80,85,89,93,94,109,110,111" m="46635" machi="94" ten="40,8000,1" yaku="14,1,52,3" doraHai="119" who="2" fromWho="2" sc="250,-20,160,-40,340,80,250,-20" /><INIT seed="2,0,0,5,5,49" ten="230,120,420,230" oya="2" hai0="28,96,79,46,129,42,43,67,133,89,76,98,21" hai1="15,110,23,81,27,6,48,134,71,58,117,93,123" hai2="91,109,90,24,85,132,59,9,113,112,47,45,25" hai3="31,37,126,68,131,5,10,56,111,102,83,77,62"/><V40/><F132/><W74/><G68/><T51/><D133/><U64/><E71/><V32/><F109/><W30/><G111/><T92/><D67/><U73/><E134/><V50/><F59/><W75/><G75/><T106/><D129/><U8/><E117/><V36/><F9/><W65/><G131/><T53/><D106/><U114/><E114/><V1/><F1/><W17/><G126/><T22/><D98/><U70/><E70/><V80/><F91/><W26/><G102/><T124/><D124/><U14/><E110/><V2/><F2/><W94/><G94/><T44/><D42/><U97/><E123/><V52/><F32/><W18/><G37/><T54/><D44/><U107/><E107/><V61/><F61/><W118/><G30/><T66/><D66/><U3/><E3/><V84/><F84/><W13/><G118/><T120/><D120/><U122/><E122/><V95/><F95/><W127/><G127/><T39/><D39/><U130/><E130/><V100/><F100/><W121/><G121/><T116/><D116/><U72/><E15/><V108/><F108/><W57/><G57/><T35/><D35/><AGARI ba="0,0" hai="5,10,13,17,18,26,31,35,56,62,65,74,77,83" machi="35" ten="30,1000,0" yaku="7,1" doraHai="49" who="3" fromWho="0" sc="230,-10,120,0,420,0,230,10" /><INIT seed="3,0,0,1,1,125" ten="220,120,420,240" oya="3" hai0="6,74,64,67,97,38,36,86,2,34,66,69,33" hai1="108,28,10,82,13,65,52,53,112,94,49,79,9" hai2="21,26,117,130,126,43,122,77,60,81,42,111,85" hai3="57,40,76,55,14,78,51,95,109,113,7,62,103"/><W99/><G113/><T35/><D74/><U91/><E112/><V23/><F117/><W44/><REACH who="3" step="1"/><G109/><REACH who="3" ten="220,120,420,230" step="2"/><T18/><D69/><U114/><E114/><V46/><F111/><W16/><G16/><T5/><D18/><U50/><E108/><V25/><F126/><W135/><G135/><T12/><D5/><U118/><E28/><N who="2" m="17455" /><F122/><W120/><G120/><T100/><D6/><U133/><E118/><V70/><F70/><W73/><G73/><T123/><D123/><U105/><E133/><V116/><F116/><W88/><G88/><T22/><D100/><U61/><E105/><V1/><F1/><W90/><G90/><T58/><D2/><U30/><E30/><N who="2" m="17759" /><F130/><W37/><G37/><T27/><D36/><U41/><E41/><V127/><F127/><W87/><G87/><T84/><D84/><U104/><E104/><V48/><F60/><W134/><G134/><T124/><D38/><U45/><E91/><V8/><F8/><AGARI ba="0,1" hai="7,8,14,40,44,51,55,57,62,76,78,95,99,103" machi="8" ten="40,3900,0" yaku="1,1,8,1,53,0" doraHai="125" doraHaiUra="107" who="3" fromWho="2" sc="220,0,120,0,420,-39,230,49" /><INIT seed="3,1,0,5,0,79" ten="220,120,381,279" oya="3" hai0="87,36,60,42,38,51,70,76,31,106,69,101,109" hai1="67,73,96,93,30,89,99,110,18,37,49,39,6" hai2="95,84,61,24,82,27,19,117,88,48,122,108,127" hai3="46,54,116,58,133,132,11,119,52,35,66,43,59"/><W125/><G35/><T83/><D109/><U50/><E110/><V126/><F108/><W97/><G11/><T23/><D70/><U65/><E73/><V104/><F104/><W26/><G26/><T17/><D31/><U114/><E30/><V74/><F117/><N who="3" m="45131" /><G97/><T80/><D101/><U111/><E111/><V63/><F122/><W12/><G12/><T90/><D106/><U71/><E6/><V8/><F48/><N who="3" m="30983" /><G66/><T135/><D17/><U32/><E32/><V55/><F74/><W34/><G34/><T105/><D23/><U4/><E4/><V94/><F94/><W78/><G78/><T29/><D105/><U25/><E93/><V128/><F95/><W98/><G98/><T115/><D29/><U120/><E25/><N who="2" m="9803" /><F19/><W62/><G125/><N who="2" m="47625" /><F8/><W5/><G5/><T14/><D14/><U1/><E18/><V77/><F77/><W102/><G102/><T107/><D107/><U86/><E1/><V7/><F7/><W124/><G124/><T134/><D76/><U121/><E86/><V56/><F84/><W81/><G81/><T75/><D83/><U131/><E89/><V72/><F88/><W15/><G15/><T53/><D90/><U92/><E92/><V57/><F82/><W10/><G10/><T40/><D87/><U2/><E2/><V112/><F72/><W9/><G9/><T68/><D80/><U20/><E20/><V123/><F123/><W85/><G85/><T33/><D75/><U3/><E3/><V91/><F91/><W22/><G22/><T28/><D33/><U13/><E120/><V113/><F112/><RYUUKYOKU ba="1,0" sc="220,-10,120,-10,381,-10,279,30" hai3="43,46,54,59,62,132,133" /><INIT seed="3,2,0,3,0,121" ten="210,110,371,309" oya="3" hai0="112,46,21,116,11,58,102,105,101,88,109,5,114" hai1="10,38,31,107,23,64,103,135,28,63,117,66,40" hai2="74,18,120,51,70,50,14,43,52,61,1,118,42" hai3="87,131,104,130,9,16,2,83,4,69,91,3,93"/><W97/><G69/><T22/><D116/><U0/><E117/><V110/><F118/><W13/><G104/><T67/><D46/><U45/><E135/><V99/><F74/><W68/><G68/><T62/><D88/><U85/><E66/><V124/><F1/><W6/><G3/><T55/><D67/><U56/><E107/><V29/><F120/><W19/><G19/><T39/><D39/><U17/><E0/><V82/><F124/><W8/><REACH who="3" step="1"/><G6/><REACH who="3" ten="210,110,371,299" step="2"/><T33/><D5/><U32/><E32/><V36/><F18/><W123/><G123/><T37/><D105/><U95/><E10/><V113/><F29/><W132/><G132/><T25/><D11/><U44/><E38/><V86/><F36/><W133/><G133/><T84/><D33/><U65/><E40/><V20/><F70/><W134/><G134/><T94/><D37/><U81/><E31/><V71/><F71/><W119/><G119/><T12/><D112/><U78/><E64/><V89/><F113/><W27/><G27/><T34/><D25/><U48/><E28/><V129/><F43/><W90/><AGARI ba="2,1" hai="2,4,8,9,13,16,83,87,90,91,93,97,130,131" machi="90" ten="30,6000,0" yaku="1,1,0,1,54,1,53,0" doraHai="121" doraHaiUra="57" who="3" fromWho="3" sc="210,-22,110,-22,371,-22,299,76" owari="188,-21.0,88,-41.0,349,15.0,375,47.0" /></mjloggm>