<mjloggm ver="2.3"><GO type="97"/><UN n0="%41%45%47%49%53" n1="%52%2E%53%2E%6D%6F%63%68" n2="%EF%BC%88%E2%89%A7%E2%96%BD%E2%89%A6%EF%BC%89" n3="%4B%6F%7A%49%56" dan="13,14,14,15" rate="1849,1976,2051,1998" sx="M,M,M,M"/><TAIKYOKU oya="0"/><INIT seed="0,0,0,0,4,14" ten="250,250,250,250" oya="0" hai0="118,132,5,128,64,99,20,73,100,77,69,41,2" hai1="47,119,130,66,90,63,22,111,121,135,134,104,105" hai2="122,45,68,80,88,28,37,65,67,110,131,120,1" hai3="92,76,96,112,123,49,94,70,83,26,116,13,71"/><T126/><D118/><U6/><E119/><V127/><F1/><W59/><G116/><T34/><D34/><U19/><E121/><V25/><F131/><W106/><G112/><T11/><D128/><U7/><E130/><V95/><F127/><W24/><G123/><T98/><D126/><U17/><E111/><V79/><F110/><W115/><G115/><T18/><D99/><U21/><E47/><V103/><F103/><W0/><G0/><T10/><D10/><U46/><E46/><V133/><F133/><N who="1" m="50697" /><E90/><V42/><F68/><W57/><G106/><N who="1" m="41066" /><E63/><V78/><F122/><W54/><G59/><T125/><D132/><U81/><E81/><V36/><F120/><W53/><G53/><T40/><D125/><U74/><E66/><V85/><F37/><W62/><G13/><T27/><D77/><U39/><E39/><V84/><REACH who="2" step="1"/><F78/><REACH who="2" step="2"/><W101/><G71/><T32/><D32/><AGARI ba="0,1" hai="25,28,32,36,42,45,65,67,79,80,84,85,88,95" machi="32" ten="30,7700,0" yaku="1,1,2,1,7,1,54,1,53,0" doraHai="14" doraHaiUra="12" who="2" fromWho="0" sc="250,-77,250,0,240,87,250,0" /><INIT seed="1,0,0,4,5,24" ten="173,250,327,250" oya="1" hai0="19,95,68,118,132,93,115,12,111,83,79,51,72" hai1="7,21,103,74,125,113,33,117,131,121,10,27,108" hai2="13,60,54,123,39,82,73,44,40,45,14,5,22" hai3="71,67,18,34,91,36,107,64,87,114,63,55,8"/><U53/><E117/><V101/><F123/><W78/><G107/><T104/><D118/><U4/><E113/><V15/><F101/><W105/><G105/><T120/><D115/><U100/><E121/><V41/><F5/><W116/><G114/><T96/><D120/><U135/><E33/><V65/><F54/><W119/><G36/><T122/><D122/><U89/><E74/><V70/><F22/><W76/><G34/><T133/><D68/><U35/><E35/><V75/><REACH who="2" step="1"/><F82/><REACH who="2" step="2"/><W38/><G119/><T48/><D111/><U37/><E53/><V97/><F97/><W99/><G116/><T84/><D96/><U42/><E108/><V62/><F62/><W81/><G99/><T134/><D104/><U130/><E100/><V58/><F58/><W50/><G67/><T47/><D72/><U56/><E103/><V80/><F80/><W16/><G38/><AGARI ba="0,1" hai="13,14,15,38,39,40,41,44,45,60,65,70,73,75" machi="38" ten="40,2600,0" yaku="1,1,9,1,53,0" doraHai="24" doraHaiUra="126" who="2" fromWho="3" sc="173,0,250,0,317,36,250,-26" /><INIT seed="2,0,0,4,0,85" ten="173,250,353,224" oya="2" hai0="70,49,104,4,101,1,94,99,108,87,17,134,37" hai1="15,46,55,30,114,89,71,74,90,83,29,123,23" hai2="135,79,21,69,40,128,73,86,118,103,18,44,38" hai3="35,52,105,95,76,57,82,129,6,36,80,32,116"/><V121/><F69/><W2/><G116/><T102/><D108/><U9/><E71/><V43/><F118/><W117/><G105/><T75/><D70/><U132/><E114/><V72/><F121/><W77/><G36/><T98/><D37/><U0/><E0/><V61/><F38/><W54/><G117/><T107/><D134/><U126/><E132/><V34/><F135/><W78/><G95/><T93/><D75/><U122/><E126/><V26/><F34/><W51/><G129/><T12/><D49/><N who="1" m="29111" /><E74/><V119/><F73/><W53/><G2/><T64/><D64/><U106/><E83/><V22/><F72/><W33/><G6/><T124/><D124/><U31/><E23/><V5/><F22/><W110/><G110/><T81/><D4/><N who="1" m="3495" /><E106/><V48/><F5/><W97/><G97/><T84/><D1/><U62/><E62/><V7/><F61/><W25/><G25/><T96/><D17/><U8/><E8/><V115/><F18/><W125/><G125/><T19/><D19/><U130/><E130/><V3/><F3/><W112/><G112/><T133/><D133/><U88/><E90/><V91/><F115/><W45/><G57/><T131/><D12/><U59/><E59/><V11/><F119/><W63/><G63/><T66/><D66/><U60/><E60/><V10/><F128/><W20/><G20/><T109/><D131/><U127/><E127/><V100/><F21/><W58/><G58/><T14/><D14/><U56/><E56/><V41/><F10/><W47/><G51/><T16/><D109/><U27/><E27/><RYUUKYOKU ba="0,0" sc="173,-15,250,15,353,-15,224,15" hai1="29,30,31,88,89,122,123" hai3="32,33,35,45,47,52,53,54,76,77,78,80,82" /><INIT seed="3,1,0,4,5,0" ten="158,265,338,239" oya="3" hai0="108,96,11,24,131,86,91,21,123,48,79,53,15" hai1="17,26,89,25,12,68,82,35,2,130,132,90,36" hai2="101,75,18,58,87,105,100,67,32,88,97,117,81" hai3="63,5,64,8,103,37,109,31,28,71,4,56,113"/><W98/><G113/><T127/><D108/><U72/><E2/><V57/><F32/><W125/><G37/><T1/><D131/><U50/><E36/><V74/><F117/><W99/><G125/><T93/><D127/><U69/><E130/><V111/><F111/><W44/><G44/><T13/><D123/><U16/><E132/><V39/><F39/><W29/><G109/><T6/><D79/><U51/><E35/><V124/><F124/><W70/><G8/><T118/><D118/><U76/><E50/><V45/><F100/><W49/><G99/><T133/><D133/><U80/><E51/><V52/><F45/><W10/><G10/><T85/><D13/><U134/><E134/><V60/><F18/><W116/><G116/><T55/><D1/><U62/><E17/><V9/><F9/><W104/><REACH who="3" step="1"/><G49/><AGARI ba="1,0" hai="49,52,57,58,60,67,74,75,81,87,88,97,101,105" machi="49" ten="30,3900,0" yaku="7,1,54,2" doraHai="0" who="2" fromWho="3" sc="158,0,265,0,338,42,239,-42" owari="158,-34.0,265,7.0,380,47.0,197,-20.0" /></mjloggm>