<mjloggm ver="2.3"><GO type="169" lobby="0"/><UN n0="%EF%BC%BC%28%EF%BC%BE%6F%EF%BC%BE%29%EF%BC%8F%E2%98%85" n1="%E5%B0%91%E5%B9%B4%E7%AA%81%E6%92%83%E5%9B%A3" n2="%EF%BC%88%E2%89%A7%E2%96%BD%E2%89%A6%EF%BC%89" n3="%E3%83%9A%E3%83%81%E3%83%A7%E3%83%BC%E3%83%AA%E3%83%B3" dan="18,16,17,17" rate="2193.43,2048.93,2145.78,2173.90" sx="M,M,M,M"/><TAIKYOKU oya="0"/><INIT seed="0,0,0,0,5,36" ten="250,250,250,250" oya="0" hai0="112,74,67,10,76,69,113,40,87,123,83,132,54" hai1="88,85,115,130,0,57,60,70,121,3,38,84,9" hai2="53,75,116,58,55,39,95,127,96,120,80,43,81" hai3="117,61,59,86,98,23,5,15,41,110,11,64,124"/><T118/><D118/><U78/><E121/><V6/><F120/><W126/><G117/><T47/><D123/><U114/><E70/><V28/><F127/><N who="3" m="48683" /><G110/><T37/><D132/><U20/><E130/><V29/><F6/><W24/><G98/><T50/><D87/><U129/><E129/><V42/><F39/><W34/><G86/><T52/><D10/><U8/><E20/><V19/><F116/><W21/><G41/><N who="2" m="15369" /><F19/><W106/><G106/><T92/><D92/><U62/><E38/><V30/><F75/><W104/><G104/><T14/><D14/><U131/><E131/><V125/><F125/><W33/><G23/><T73/><D73/><U31/><E0/><V107/><F107/><W68/><G68/><T72/><D72/><U16/><E3/><V48/><F55/><W133/><G133/><T89/><D54/><U65/><E16/><AGARI ba="0,0" hai="5,11,15,16,21,24,33,34,59,61,64" m="48683" machi="16" ten="30,2000,0" yaku="18,1,54,1" doraHai="36" who="3" fromWho="1" sc="250,0,250,-20,250,0,250,20" /><INIT seed="1,0,0,5,5,135" ten="250,230,250,270" oya="1" hai0="89,36,26,70,55,61,120,88,8,66,63,46,72" hai1="27,121,77,71,65,52,39,84,2,127,14,20,95" hai2="75,76,112,5,17,97,58,6,1,100,132,116,123" hai3="85,110,34,96,4,118,7,49,93,42,57,41,87"/><U113/><E113/><V82/><F116/><W16/><G34/><T117/><D117/><U99/><E2/><V114/><F123/><W124/><G118/><T12/><D72/><U37/><E121/><V105/><F132/><W92/><G110/><T32/><D120/><U23/><E71/><V64/><F17/><W134/><G134/><T56/><D32/><U18/><E65/><V115/><REACH who="2" step="1"/><F1/><REACH who="2" ten="250,230,240,270" step="2"/><W51/><G16/><T94/><D26/><U3/><E3/><V74/><F74/><W78/><G78/><T31/><D31/><U60/><E77/><V30/><F30/><W90/><G57/><T108/><D108/><U126/><E18/><V128/><F128/><W69/><G69/><T125/><D56/><U101/><E27/><V104/><F104/><W47/><G47/><T107/><D46/><U22/><E14/><V91/><F91/><W33/><G33/><T48/><D107/><U59/><REACH who="1" step="1"/><E84/><REACH who="1" ten="250,220,240,270" step="2"/><V109/><F109/><W25/><G87/><T45/><D12/><U62/><E62/><AGARI ba="0,2" hai="5,6,58,62,64,75,76,82,97,100,105,112,114,115" machi="62" ten="40,2600,0" yaku="1,1,11,1,53,0" doraHai="135" doraHaiUra="43" who="2" fromWho="1" sc="250,0,220,-26,240,46,270,0" /><INIT seed="2,0,0,4,3,49" ten="250,194,286,270" oya="2" hai0="131,115,108,80,85,133,101,114,117,121,51,57,127" hai1="94,31,1,120,103,135,95,111,38,62,39,26,91" hai2="2,64,102,69,21,83,84,8,116,70,54,71,99" hai3="48,126,24,16,86,4,17,37,104,46,44,89,52"/><V30/><F116/><W119/><G119/><T60/><D117/><U125/><E1/><V97/><F64/><W11/><G104/><T79/><D121/><U107/><E120/><V75/><F75/><W45/><G126/><T110/><D127/><U55/><E125/><V67/><F67/><W9/><G37/><T118/><D118/><U78/><E78/><V92/><F99/><W35/><G35/><T128/><D51/><U66/><E55/><V42/><F42/><W130/><G130/><N who="0" m="49707" /><D133/><U33/><E111/><N who="0" m="42537" /><D101/><U113/><E113/><V56/><F2/><W28/><G28/><T15/><D15/><U32/><E135/><V63/><F8/><N who="3" m="3147" /><G4/><T20/><D20/><U40/><E33/><V124/><F124/><W50/><G24/><T19/><D19/><N who="3" m="7241" /><G50/><T112/><D112/><U12/><E39/><V68/><N who="2" m="17408" /><DORA hai="122" /><V100/><F30/><W93/><AGARI ba="0,0" hai="44,45,46,48,52,86,89,93" m="7241,3147" machi="93" ten="30,7900,0" yaku="8,1,52,1,54,2" doraHai="49,122" who="3" fromWho="3" sc="250,-20,194,-20,286,-39,270,79" /><INIT seed="3,0,0,1,1,67" ten="230,174,247,349" oya="3" hai0="17,125,2,107,20,74,34,126,89,21,70,59,3" hai1="23,131,4,80,85,33,99,71,28,35,88,57,134" hai2="39,63,116,121,108,61,48,68,36,82,25,43,124" hai3="9,5,32,81,42,117,30,98,92,18,133,52,78"/><W38/><G117/><T118/><D107/><U58/><E131/><V22/><F116/><W31/><G133/><T95/><D74/><U109/><E109/><V72/><F108/><W6/><G38/><T27/><D34/><U46/><E134/><V51/><F124/><N who="0" m="47722" /><D118/><U86/><E99/><V1/><F1/><W101/><G42/><T102/><D102/><U100/><E100/><V66/><F121/><W132/><G132/><T53/><D21/><U49/><E71/><V105/><F105/><W56/><G32/><T129/><D70/><U29/><E4/><N who="3" m="1642" /><G81/><T37/><D37/><U96/><E96/><V106/><F106/><W40/><G40/><T16/><D17/><U69/><E69/><V11/><F43/><W122/><G78/><T26/><D26/><N who="1" m="16479" /><E29/><V127/><F127/><W79/><G79/><T8/><D8/><U114/><E33/><V76/><F39/><W44/><G44/><T83/><D83/><N who="1" m="49215" /><E35/><V135/><F135/><W62/><G122/><T91/><D129/><U93/><E93/><V104/><F104/><W97/><G97/><N who="0" m="57583" /><D91/><N who="1" m="51655" /><E114/><V87/><F72/><W54/><G54/><AGARI ba="0,0" hai="46,49,54,57,58" m="51655,49215,16479" machi="54" ten="30,2000,0" yaku="8,1,54,1" doraHai="67" who="1" fromWho="3" sc="230,0,174,20,247,0,349,-20" /><INIT seed="4,0,0,1,2,106" ten="230,194,247,329" oya="0" hai0="86,82,37,20,98,67,59,120,44,132,83,51,92" hai1="43,135,133,126,116,76,27,13,50,45,113,9,0" hai2="34,19,6,15,73,100,21,5,28,58,72,104,33" hai3="52,121,96,35,36,3,66,25,39,54,61,134,124"/><T114/><D120/><U26/><E116/><V117/><F117/><W91/><G3/><T122/><D122/><U94/><E0/><V110/><F110/><W74/><G74/><T60/><D114/><U123/><E123/><V65/><F104/><W84/><G121/><T109/><D109/><U75/><E126/><V99/><F99/><W14/><G124/><T57/><D132/><N who="1" m="50763" /><E94/><V127/><F100/><W47/><G134/><T11/><D37/><U103/><E103/><V78/><F127/><W129/><G96/><T90/><D59/><U49/><E49/><V125/><F78/><W17/><G129/><T85/><D11/><U119/><E119/><V41/><F125/><W18/><G35/><T71/><D71/><U46/><E46/><V1/><F34/><W101/><G101/><T105/><D20/><U95/><E95/><V70/><F70/><W112/><G112/><T53/><REACH who="0" step="1"/><D105/><REACH who="0" ten="220,194,247,329" step="2"/><U48/><E113/><V69/><F69/><N who="3" m="42191" /><G39/><T62/><D62/><U77/><E48/><V10/><F33/><W24/><G36/><T56/><D56/><U128/><E128/><V23/><F58/><W8/><G47/><T93/><D93/><U131/><E131/><V111/><F111/><W118/><G8/><T102/><D102/><U2/><E9/><V63/><F10/><W68/><G68/><T12/><D12/><U4/><E13/><V29/><F1/><W22/><G118/><T38/><D38/><U42/><E45/><V40/><F15/><W16/><G14/><T7/><D7/><U89/><E2/><V130/><F5/><W31/><G25/><RYUUKYOKU ba="0,1" sc="220,15,194,-15,247,-15,329,15" hai0="44,51,53,57,60,67,82,83,85,86,90,92,98" hai3="16,17,18,22,24,31,52,54,84,91" /><INIT seed="4,1,1,3,0,20" ten="235,179,232,344" oya="0" hai0="18,59,53,104,111,39,37,50,23,91,22,48,124" hai1="106,94,32,83,78,0,88,93,25,17,85,122,125" hai2="119,98,44,84,1,81,105,38,71,101,30,58,31" hai3="127,55,41,15,74,65,130,47,42,134,6,103,14"/><T109/><D104/><U75/><E122/><V9/><F71/><W8/><G74/><T33/><D33/><U120/><E120/><V135/><F135/><W19/><G65/><T87/><D124/><U118/><E118/><V112/><F112/><W128/><G127/><T69/><D69/><U34/><E125/><V70/><F70/><W5/><G103/><T51/><D23/><U63/><E0/><V62/><F119/><W80/><G80/><T99/><D99/><U3/><E3/><V76/><F38/><W115/><G115/><T113/><D113/><U16/><E106/><V10/><F44/><W86/><G86/><T117/><D117/><U79/><E79/><V68/><F68/><W90/><G90/><T66/><D66/><U131/><E131/><N who="3" m="50218" /><G134/><T56/><D39/><U49/><E63/><V116/><F116/><W108/><G108/><N who="0" m="41547" /><D37/><U21/><E17/><V67/><F1/><W27/><G6/><T35/><D35/><U95/><REACH who="1" step="1"/><E49/><REACH who="1" ten="235,169,232,344" step="2"/><V7/><F7/><W26/><G19/><T61/><D51/><U57/><E57/><V64/><F58/><W110/><G110/><T13/><D59/><U89/><E89/><V102/><F62/><W28/><G5/><T11/><D11/><U2/><E2/><V97/><F10/><W52/><G8/><T60/><D50/><U12/><E12/><V126/><F9/><W54/><G14/><T132/><D132/><U46/><E46/><V45/><F45/><W29/><G15/><T114/><D114/><U4/><E4/><V73/><F126/><W77/><G47/><T82/><AGARI ba="1,2" hai="13,18,22,48,53,56,60,61,82,87,91" m="41547" machi="82" ten="30,3000,0" yaku="5,1,10,1" doraHai="20" who="0" fromWho="0" sc="235,53,169,-11,232,-11,344,-11" /><INIT seed="4,2,0,3,5,68" ten="288,158,221,333" oya="0" hai0="85,25,133,62,86,128,31,78,88,51,123,1,100" hai1="99,33,29,134,104,87,4,43,126,58,19,16,75" hai2="105,49,94,17,84,50,130,97,64,135,93,53,52" hai3="107,119,55,39,129,54,37,80,30,95,121,6,74"/><T90/><D123/><U20/><E75/><V69/><F135/><W66/><G107/><T81/><D133/><U83/><E134/><V76/><F130/><W9/><G30/><T61/><D128/><U42/><E4/><V41/><F105/><W38/><G119/><T79/><D1/><U92/><E104/><V125/><F125/><W0/><G129/><T82/><D100/><U73/><E73/><V112/><F112/><W72/><G66/><T77/><REACH who="0" step="1"/><D51/><REACH who="0" ten="278,158,221,333" step="2"/><U10/><E126/><V34/><F50/><W2/><G2/><T32/><AGARI ba="2,1" hai="25,31,32,61,62,77,78,79,81,82,85,86,88,90" machi="32" ten="30,12000,1" yaku="1,1,2,1,0,1,9,1,54,1,53,0" doraHai="68" doraHaiUra="47" who="0" fromWho="0" sc="278,136,158,-42,221,-42,333,-42" /><INIT seed="4,3,0,4,1,30" ten="414,116,179,291" oya="0" hai0="64,22,49,93,34,7,40,106,50,36,8,77,130" hai1="86,38,63,107,44,1,28,16,21,42,112,76,110" hai2="78,46,90,98,51,100,67,62,72,79,128,48,103" hai3="82,9,32,111,61,105,126,80,104,114,66,108,84"/><T73/><D106/><U122/><E110/><V127/><F127/><W20/><G126/><T129/><D64/><U75/><E122/><V92/><F128/><N who="0" m="49258" /><D22/><U109/><E109/><V89/><F51/><W87/><G114/><T26/><D93/><U3/><E107/><V45/><F46/><W95/><G9/><T134/><D134/><U24/><E75/><V118/><F118/><W56/><G95/><T120/><D120/><U19/><E112/><V117/><F117/><W41/><G82/><N who="0" m="45359" /><D36/><U27/><E38/><V25/><F72/><W131/><G80/><T52/><D40/><U54/><E42/><V15/><F103/><W71/><G41/><T115/><D115/><U81/><E21/><V43/><F25/><W99/><G20/><T29/><D52/><U132/><E27/><V65/><F65/><W91/><G66/><T13/><AGARI ba="3,0" hai="7,8,13,26,29,34,49,50" m="45359,49258" machi="13" ten="30,3000,0" yaku="19,1,52,1" doraHai="30" who="0" fromWho="0" sc="414,39,116,-13,179,-13,291,-13" /><INIT seed="4,4,0,5,3,15" ten="453,103,166,278" oya="0" hai0="57,73,109,108,110,74,60,121,77,117,30,41,68" hai1="91,92,100,84,50,125,113,134,13,56,45,78,28" hai2="39,22,14,114,43,65,72,12,62,9,81,88,115" hai3="63,104,51,101,35,10,34,23,31,66,96,21,40"/><T38/><D121/><U0/><E0/><V126/><F126/><W119/><G119/><T79/><D68/><U99/><E125/><V19/><F39/><W17/><G10/><T2/><D2/><U106/><E134/><V11/><F43/><W127/><G127/><T47/><D30/><U102/><E28/><V49/><F49/><W93/><G104/><T37/><D117/><U112/><E56/><N who="2" m="37063" /><F72/><N who="0" m="27754" /><D38/><U5/><E78/><V53/><F53/><AGARI ba="4,0" hai="37,41,47,53,57,60,77,79,108,109,110" m="27754" machi="53" ten="40,2000,0" yaku="10,1" doraHai="15" who="0" fromWho="2" sc="453,32,103,0,166,-32,278,0" /><INIT seed="4,5,0,0,4,50" ten="485,103,134,278" oya="0" hai0="73,53,9,35,18,135,5,113,96,55,93,88,71" hai1="25,58,121,63,11,83,101,123,99,111,120,61,4" hai2="17,37,3,70,114,128,56,46,117,92,10,40,59" hai3="76,79,26,77,2,105,36,131,28,67,32,62,100"/><T122/><D122/><U106/><E111/><V68/><F3/><W85/><G36/><T60/><D113/><U132/><E132/><V81/><F114/><W134/><G2/><T54/><D73/><U66/><E83/><V14/><F128/><W13/><G134/><T126/><D135/><U119/><E119/><V24/><F117/><W39/><G39/><T31/><D126/><U6/><E25/><V20/><F81/><W23/><G131/><T51/><D18/><U33/><E33/><V0/><F0/><W45/><G45/><T124/><D124/><U16/><REACH who="1" step="1"/><E63/><REACH who="1" ten="485,93,134,278" step="2"/><V133/><F133/><W8/><G32/><T42/><D35/><U1/><E1/><V72/><F72/><W80/><G80/><T112/><D60/><U110/><E110/><V115/><F115/><W103/><G62/><T109/><D112/><U49/><E49/><V48/><F37/><W69/><G26/><T104/><D109/><U38/><E38/><V98/><F68/><W15/><G69/><T65/><D71/><U27/><E27/><V7/><REACH who="2" step="1"/><F70/><REACH who="2" ten="485,93,124,278" step="2"/><W57/><G15/><AGARI ba="5,2" hai="4,6,11,15,16,58,61,66,99,101,106,120,121,123" machi="15" ten="40,2600,0" yaku="1,1,54,1,53,0" doraHai="50" doraHaiUra="21" who="1" fromWho="3" sc="485,0,93,61,124,0,278,-41" /><INIT seed="5,0,0,4,5,98" ten="485,154,124,237" oya="1" hai0="6,116,122,64,20,59,9,60,96,102,99,57,92" hai1="7,36,72,22,30,103,61,82,54,51,132,127,78" hai2="110,62,2,85,49,69,23,25,65,88,73,109,8" hai3="117,118,90,68,50,75,87,3,44,130,105,104,80"/><U26/><E36/><V29/><F73/><W40/><G68/><T107/><D116/><N who="3" m="44649" /><G130/><T124/><D124/><U94/><E127/><V32/><F49/><W121/><G121/><T16/><D122/><U86/><E132/><V84/><F84/><W5/><G75/><T34/><D34/><U123/><E123/><V38/><F38/><W97/><G97/><T0/><D59/><N who="1" m="33247" /><E7/><V67/><F67/><W108/><G108/><T48/><D48/><U53/><E72/><V77/><F77/><W70/><G70/><T131/><D131/><U115/><E115/><V128/><F128/><W35/><G35/><T47/><D47/><U113/><E113/><V134/><F134/><W81/><G80/><T74/><D74/><U120/><E120/><V111/><F32/><W76/><G90/><T42/><D42/><U133/><E133/><V119/><F119/><W31/><G31/><T58/><D60/><U33/><E33/><V89/><REACH who="2" step="1"/><F85/><REACH who="2" ten="485,154,114,237" step="2"/><W83/><G81/><T56/><D64/><U41/><E41/><V55/><F55/><W37/><G37/><T15/><D58/><N who="1" m="35023" /><E94/><V52/><F52/><W46/><G46/><T106/><D106/><U125/><E125/><V135/><F135/><W45/><G45/><T114/><D114/><U28/><E86/><V126/><F126/><W43/><G43/><T13/><D0/><U100/><E78/><V93/><F93/><W17/><G104/><T66/><D66/><U63/><E82/><V91/><F91/><AGARI ba="0,1" hai="6,9,13,15,16,20,56,57,91,92,96,99,102,107" machi="91" ten="30,3900,0" yaku="7,1,52,1,54,1" doraHai="98" who="0" fromWho="2" sc="485,49,154,0,114,-39,237,0" /><INIT seed="6,0,0,4,4,133" ten="534,154,75,237" oya="2" hai0="55,23,68,58,37,33,32,76,26,124,38,90,64" hai1="59,74,119,30,4,113,128,121,14,18,22,95,63" hai2="35,57,65,81,134,48,24,103,86,126,127,1,104" hai3="99,96,89,31,20,123,107,118,116,110,91,75,87"/><V122/><F1/><W50/><G75/><T129/><D129/><U13/><E119/><V45/><F122/><W51/><G110/><T47/><D76/><U70/><E74/><V17/><F134/><W62/><G62/><T93/><D64/><U106/><E106/><V108/><F108/><W0/><G0/><T132/><D132/><U115/><E128/><V135/><F135/><W66/><G66/><T102/><D68/><U41/><E41/><V21/><F35/><W84/><G20/><T77/><D77/><U88/><E70/><V85/><F104/><W92/><G31/><T54/><D102/><U43/><E43/><N who="2" m="24639" /><F103/><W130/><G92/><T19/><D38/><U120/><E30/><V52/><F65/><W5/><G107/><T25/><D25/><U60/><E4/><V42/><F42/><W131/><G5/><T44/><D37/><U34/><E34/><V78/><F85/><W12/><G12/><T69/><D69/><U73/><E73/><V82/><F82/><W97/><G97/><N who="0" m="57527" /><D32/><U53/><E13/><V15/><F15/><W7/><G7/><T3/><D33/><U79/><E120/><AGARI ba="0,0" hai="50,51,84,87,89,91,96,99,116,118,120,123,130,131" machi="120" ten="25,1600,0" yaku="22,2" doraHai="133" who="3" fromWho="1" sc="534,0,154,-16,75,0,237,16" /><INIT seed="7,0,0,5,2,27" ten="534,138,75,253" oya="3" hai0="38,85,29,32,102,101,127,70,61,21,91,134,7" hai1="108,14,93,2,22,84,104,80,33,26,62,39,132" hai2="57,53,111,126,46,88,8,83,105,51,11,98,73" hai3="112,71,120,117,52,31,113,94,81,30,89,116,78"/><W50/><G71/><T97/><D32/><U77/><E104/><V63/><F111/><W99/><G120/><T18/><D38/><U69/><E2/><V107/><F126/><W3/><G3/><T59/><D70/><U76/><E108/><V34/><F34/><W66/><G66/><N who="0" m="39231" /><D127/><U65/><E39/><V41/><F107/><W17/><G17/><T129/><D129/><U135/><E93/><V115/><F115/><N who="3" m="44107" /><G81/><N who="0" m="49583" /><D134/><N who="1" m="51243" /><E14/><V90/><F73/><W74/><G78/><T0/><D0/><U79/><E33/><V54/><F105/><W95/><G95/><T64/><D64/><U6/><E6/><V28/><F28/><AGARI ba="0,0" hai="22,26,28,62,65,69,76,77,79,80,84" m="51243" machi="28" ten="30,2000,0" yaku="20,1,52,1" doraHai="27" who="1" fromWho="2" sc="534,0,138,20,75,-20,253,0" owari="534,63.0,158,-24.0,55,-44.0,253,5.0" /></mjloggm>