<mjloggm ver="2.3"><GO type="41"/><UN n0="%64%72%73" n1="%E3%82%A6%E3%83%AB%E3%83%88%E3%83%A9%E7%AB%8B%E7%9B%B4" n2="%E6%98%9F%E5%90%8D%E3%82%B5%E3%83%8A%E3%82%A8" n3="%61%6C%64%72%61%69%65" dan="14,15,13,14" rate="1922,2038,1899,1887" sx="M,M,F,M"/><TAIKYOKU oya="0"/><INIT seed="0,0,0,4,4,36" ten="250,250,250,250" oya="0" hai0="14,61,43,89,127,60,74,125,18,122,88,8,80" hai1="46,32,62,77,114,3,126,73,13,98,5,84,57" hai2="50,51,110,131,95,21,16,76,92,1,4,97,65" hai3="119,133,54,109,85,42,111,68,75,48,67,0,9"/><T103/><D122/><U120/><E32/><V81/><F131/><W45/><G75/><T99/><D74/><U25/><E25/><V35/><F35/><W24/><G119/><T56/><D80/><U115/><E120/><V15/><F110/><N who="3" m="41995" /><G24/><T2/><D2/><U82/><E98/><V101/><F65/><W66/><G85/><T135/><D135/><U6/><E126/><N who="0" m="48137" /><D43/><U37/><E84/><V91/><F4/><W102/><G102/><T29/><D29/><U19/><E19/><V64/><F64/><N who="3" m="24619" /><G9/><T118/><D118/><U58/><E6/><V20/><F20/><W107/><G107/><N who="0" m="63999" /><D56/><U113/><E58/><V53/><F53/><W105/><G105/><T55/><D55/><U130/><E57/><V7/><F7/><W28/><G28/><T87/><D89/><U69/><E114/><V59/><F59/><N who="3" m="33223" /><G0/><T72/><D72/><U41/><E13/><V23/><F23/><W22/><G22/><T83/><AGARI ba="0,0" hai="8,14,18,60,61,83,87,88" m="63999,48137" machi="83" ten="30,3000,0" yaku="18,1,54,1" doraHai="36" who="0" fromWho="0" sc="250,30,250,-10,250,-10,250,-10" /><INIT seed="0,1,0,4,5,65" ten="280,240,240,240" oya="0" hai0="93,133,18,15,84,100,74,37,98,103,45,108,9" hai1="116,71,67,134,70,105,38,30,55,3,21,40,72" hai2="113,107,118,131,33,82,63,60,127,115,42,44,117" hai3="53,111,61,85,92,58,7,79,109,52,62,69,96"/><T95/><D74/><U32/><E21/><V124/><F33/><W104/><G104/><T47/><D133/><U0/><E55/><V119/><F82/><W50/><G7/><T28/><D108/><N who="3" m="41545" /><G79/><T27/><D37/><U13/><E13/><V83/><F83/><W73/><G73/><T57/><D57/><U17/><E17/><V97/><F97/><W89/><G96/><T4/><D4/><U121/><E67/><V35/><F35/><W78/><G78/><T77/><D103/><U1/><E134/><V43/><F107/><W25/><G25/><T20/><D93/><U123/><E72/><V12/><F12/><W8/><G8/><T23/><D23/><U112/><E105/><V110/><F110/><W51/><G69/><N who="1" m="26122" /><E112/><N who="2" m="43083" /><F131/><W10/><G10/><T36/><D36/><U102/><E102/><V6/><F6/><W54/><G54/><T126/><REACH who="0" step="1"/><D126/><REACH who="0" ten="270,240,240,240" step="2"/><N who="2" m="48170" /><F43/><W34/><G34/><T90/><D90/><U48/><E48/><AGARI ba="1,1" hai="42,44,48,60,63,117,118,119" m="48170,43083" machi="48" ten="40,8000,1" yaku="12,1,18,1,34,2" doraHai="65" who="2" fromWho="1" sc="270,0,240,-83,240,93,240,0" /><INIT seed="1,0,0,4,4,106" ten="270,157,333,240" oya="1" hai0="78,104,84,79,92,110,11,111,101,36,44,52,119" hai1="100,107,24,49,53,77,30,65,48,63,72,54,29" hai2="67,85,10,42,9,120,34,20,99,28,69,46,116" hai3="133,4,102,58,40,17,59,83,35,95,37,19,82"/><U117/><E117/><V32/><F116/><W5/><G35/><T73/><D119/><U123/><E123/><V75/><F75/><W41/><G37/><T43/><D104/><U94/><E107/><V128/><F128/><W88/><G133/><T3/><D3/><U7/><E7/><V103/><F85/><W129/><G129/><T70/><D70/><U15/><E15/><V16/><F120/><W50/><G50/><T89/><D11/><U118/><E118/><V71/><F34/><W26/><G26/><T115/><D115/><U1/><E1/><V57/><F28/><N who="1" m="10857" /><E24/><V135/><F135/><W80/><G102/><T130/><D130/><U97/><E77/><V39/><F32/><W90/><G82/><T81/><D78/><U60/><E72/><V12/><F57/><W127/><G127/><T27/><D27/><U0/><E0/><V74/><F74/><W2/><G2/><T108/><D101/><U124/><E124/><V125/><F125/><W87/><G87/><T38/><D38/><U132/><E132/><V112/><F112/><W122/><REACH who="3" step="1"/><G95/><REACH who="3" ten="270,157,333,230" step="2"/><T14/><D14/><U96/><E96/><V25/><F99/><W8/><G8/><T61/><D61/><U22/><E22/><V68/><F103/><W18/><G18/><T31/><D31/><U47/><E63/><V113/><F113/><W76/><G76/><T134/><D134/><U64/><E60/><V91/><F67/><W23/><G23/><T98/><D84/><U93/><E93/><V62/><F62/><W86/><G86/><T56/><D111/><U131/><E131/><RYUUKYOKU ba="0,1" sc="270,10,157,10,333,-30,230,10" hai0="36,43,44,52,56,73,79,81,89,92,98,108,110" hai1="47,48,49,53,54,64,65,94,97,100" hai3="4,5,17,19,40,41,58,59,80,83,88,90,122" /><INIT seed="1,1,1,0,3,63" ten="280,167,303,240" oya="1" hai0="37,49,10,92,18,12,134,22,53,96,108,4,3" hai1="45,133,58,19,131,113,42,83,130,1,118,62,35" hai2="26,40,74,120,79,112,90,23,8,11,127,98,61" hai3="72,103,106,14,41,81,38,69,135,27,55,28,80"/><U91/><E35/><V93/><F120/><W43/><G135/><T33/><D37/><U59/><E1/><V51/><F127/><W56/><G69/><T67/><D134/><U50/><E118/><V34/><F34/><W129/><G129/><T124/><D124/><U104/><E104/><V48/><F61/><W0/><G0/><T84/><D33/><U29/><E29/><V94/><F79/><W32/><G38/><T107/><D107/><U57/><E133/><V20/><F74/><W109/><G109/><T2/><D108/><U16/><E113/><V36/><F36/><W13/><G72/><T66/><D84/><U87/><E62/><V100/><F112/><W95/><G106/><T70/><D70/><U17/><AGARI ba="1,1" hai="16,17,19,42,45,50,57,58,59,83,87,91,130,131" machi="17" ten="40,3900,0" yaku="0,1,54,1" doraHai="63" who="1" fromWho="1" sc="280,-14,167,52,303,-14,240,-14" /><INIT seed="1,2,0,0,4,133" ten="266,219,289,226" oya="1" hai0="54,37,74,55,91,57,123,66,28,105,25,72,109" hai1="127,77,8,45,80,85,107,134,58,81,100,78,130" hai2="93,12,24,112,42,119,94,17,69,26,49,89,118" hai3="117,33,128,113,90,36,98,50,108,15,51,4,70"/><U56/><E134/><V27/><F112/><W35/><G70/><T99/><D37/><U0/><E130/><V75/><F75/><W97/><G36/><T132/><D132/><U2/><E100/><V30/><F69/><W44/><G113/><T122/><D109/><U125/><E107/><V131/><F131/><W82/><G117/><T59/><D66/><U116/><E45/><V34/><F30/><W62/><G128/><T1/><D1/><U129/><E129/><V18/><F34/><W38/><G38/><T11/><D11/><U65/><E8/><V16/><F12/><W48/><G108/><T53/><D105/><U135/><E135/><V71/><F71/><W5/><G62/><T14/><D14/><U67/><REACH who="1" step="1"/><E85/><REACH who="1" ten="266,209,289,226" step="2"/><V103/><F103/><W13/><G44/><T20/><D72/><U102/><E102/><V73/><F73/><W68/><G68/><T104/><D74/><U32/><E32/><V124/><F119/><AGARI ba="2,1" hai="0,2,56,58,65,67,77,78,80,81,116,119,125,127" machi="119" ten="25,12000,1" yaku="1,1,22,2,52,2,53,0" doraHai="133" doraHaiUra="3" who="1" fromWho="2" sc="266,0,209,136,289,-126,226,0" /><INIT seed="1,3,0,2,4,132" ten="266,345,163,226" oya="1" hai0="124,26,19,106,31,107,95,16,98,27,135,18,114" hai1="123,25,43,113,117,46,104,61,122,120,48,111,130" hai2="45,72,33,112,127,41,54,99,40,47,9,74,116" hai3="88,15,36,69,128,30,58,102,53,125,129,37,90"/><U94/><E104/><V83/><F116/><W8/><G69/><T44/><D135/><U110/><E94/><V85/><F33/><W50/><G125/><T92/><D114/><U12/><E12/><V84/><F112/><W64/><G64/><T100/><D107/><U22/><E113/><V87/><F99/><W131/><G102/><T108/><D108/><N who="1" m="41515" /><E117/><V5/><F54/><W93/><G30/><T24/><D124/><U29/><E130/><V28/><F28/><W1/><G1/><T6/><D6/><U80/><E80/><V126/><F74/><W82/><G82/><T55/><D31/><U118/><E118/><V10/><F72/><W79/><G79/><T14/><D14/><U32/><E61/><V49/><F83/><W70/><G70/><T7/><D7/><U39/><E48/><V97/><F97/><W60/><G60/><T51/><AGARI ba="3,0" hai="16,18,19,24,26,27,44,51,55,92,95,98,100,106" machi="51" ten="40,2700,0" yaku="0,1,54,1" doraHai="132" who="0" fromWho="0" sc="266,36,345,-16,163,-10,226,-10" /><INIT seed="2,0,0,2,4,45" ten="302,329,153,216" oya="2" hai0="123,68,115,64,27,8,85,40,71,109,18,95,62" hai1="119,94,103,41,59,96,28,10,1,23,78,53,70" hai2="93,34,5,121,63,50,114,31,2,60,113,104,124" hai3="127,100,46,57,3,107,54,126,73,51,133,11,32"/><V134/><F104/><W76/><G133/><T131/><D123/><U129/><E70/><V80/><F134/><W14/><G32/><T117/><D115/><U111/><E119/><V36/><F36/><W58/><G3/><T69/><D40/><U19/><E129/><V22/><F34/><W29/><G29/><T38/><D38/><U82/><E41/><V26/><F121/><W86/><G73/><T112/><D112/><U44/><E44/><V116/><F114/><W35/><G35/><T0/><D117/><U75/><E28/><V30/><F116/><W72/><G72/><T55/><D0/><U98/><E98/><V39/><F2/><W33/><G33/><T122/><D122/><U99/><E99/><V66/><F124/><N who="3" m="47659" /><G100/><T120/><D120/><U67/><E67/><V37/><F113/><W105/><G105/><T102/><D109/><U88/><E111/><V128/><F128/><W84/><G107/><T12/><D131/><U77/><E103/><V13/><F31/><W92/><G92/><T83/><D27/><U106/><E106/><V16/><F5/><N who="3" m="3439" /><G84/><T65/><D55/><U25/><E75/><V49/><F93/><W43/><G54/><T90/><D65/><U108/><E82/><AGARI ba="0,0" hai="43,46,51,57,58,76,82,86" m="3439,47659" machi="82" ten="30,3900,0" yaku="25,1,18,1,52,1" doraHai="45" who="3" fromWho="1" sc="302,0,329,-39,153,0,216,39" /><INIT seed="3,0,0,1,2,54" ten="302,290,153,255" oya="3" hai0="134,1,64,84,132,135,80,22,2,75,123,59,58" hai1="51,31,26,45,12,61,107,88,93,46,29,118,102" hai2="126,106,56,47,30,90,14,129,85,114,87,103,5" hai3="19,76,60,72,82,89,94,81,8,33,124,119,104"/><W49/><G33/><T53/><D123/><U42/><E107/><V62/><F114/><W97/><G119/><T99/><D75/><U71/><E102/><V115/><F115/><W48/><G124/><T77/><D64/><U36/><E118/><V110/><F110/><W65/><G82/><T69/><D69/><U68/><E12/><V44/><F129/><W7/><G19/><T128/><D128/><U23/><E31/><V130/><F130/><W11/><G11/><T73/><D73/><U25/><E25/><V127/><F106/><W18/><G18/><T32/><D32/><U101/><E101/><V63/><F30/><W9/><G9/><T83/><D83/><U6/><E6/><V0/><F0/><N who="0" m="106" /><D53/><U41/><REACH who="1" step="1"/><E61/><REACH who="1" ten="302,280,153,255" step="2"/><V70/><F126/><W38/><G38/><T100/><D22/><U13/><E13/><V113/><F113/><W109/><G104/><AGARI ba="0,1" hai="58,59,77,80,84,99,100,104,132,134,135" m="106" machi="104" ten="40,5200,0" yaku="20,1,52,2" doraHai="54" who="0" fromWho="3" sc="302,62,280,0,153,0,255,-52" /><INIT seed="4,0,0,2,0,37" ten="364,280,153,203" oya="0" hai0="41,85,61,119,70,14,54,109,26,21,16,116,79" hai1="9,105,72,44,131,77,123,102,126,1,35,56,111" hai2="88,125,128,34,39,60,97,104,90,59,42,48,92" hai3="103,7,12,113,120,71,2,81,66,76,91,6,106"/><T45/><D109/><U19/><E56/><V86/><F39/><W69/><G120/><T43/><D79/><U65/><E19/><V121/><F121/><W122/><G122/><T84/><D70/><U25/><E65/><V135/><F104/><W75/><G113/><T108/><D108/><U53/><E53/><V3/><F3/><W124/><G124/><T24/><D119/><U20/><E20/><V33/><F128/><W115/><G115/><T5/><D116/><U134/><E44/><N who="2" m="25623" /><F34/><W127/><G127/><T112/><D112/><U58/><E58/><V95/><F33/><W74/><G74/><T51/><D61/><U0/><E25/><N who="0" m="9833" /><D5/><U117/><E9/><V17/><F135/><W132/><G132/><T40/><AGARI ba="0,0" hai="14,16,21,40,41,43,45,51,54,84,85" m="9833" machi="40" ten="30,12000,1" yaku="8,1,52,3,54,1" doraHai="37" who="0" fromWho="0" sc="364,120,280,-40,153,-40,203,-40" /><INIT seed="4,1,0,3,1,111" ten="484,240,113,163" oya="0" hai0="100,125,54,134,42,96,122,103,108,37,128,87,34" hai1="131,115,58,68,7,110,66,85,133,50,44,93,1" hai2="101,33,32,129,95,123,117,124,70,36,126,31,9" hai3="60,53,86,48,6,65,78,51,17,30,94,121,81"/><T69/><D122/><U83/><E68/><V77/><F70/><W16/><G121/><T113/><D34/><U55/><E110/><V109/><F77/><W0/><G30/><T11/><D69/><U27/><E131/><V82/><F82/><W14/><G0/><T8/><D37/><U28/><E133/><V59/><F36/><W106/><G106/><T132/><D42/><U3/><E93/><V62/><F117/><W2/><G2/><T13/><D128/><U20/><E7/><V5/><F123/><W98/><G51/><T67/><D67/><U39/><E3/><N who="2" m="191" /><F129/><W22/><G6/><T102/><D96/><U92/><E1/><V72/><F72/><W10/><G48/><T4/><D8/><U63/><E92/><V45/><F45/><W43/><G53/><T130/><D130/><U29/><E39/><V19/><F19/><W114/><G114/><T40/><D40/><U35/><E35/><V127/><F109/><W12/><G43/><T21/><D113/><U46/><E29/><V73/><F73/><W84/><G84/><T49/><D21/><U74/><E74/><V25/><F25/><W23/><G10/><T112/><D112/><U61/><E115/><V118/><F118/><W47/><G47/><N who="0" m="27967" /><D108/><U89/><E46/><V24/><F95/><W76/><G60/><AGARI ba="1,0" hai="20,27,28,44,50,55,58,60,61,63,66,83,85,89" machi="60" ten="40,1300,0" yaku="8,1" doraHai="111" who="1" fromWho="3" sc="484,0,240,16,113,0,163,-16" /><INIT seed="5,0,0,4,3,113" ten="484,256,113,147" oya="1" hai0="25,125,84,122,86,12,103,21,62,106,2,45,52" hai1="75,89,80,73,117,97,119,53,32,43,107,116,0" hai2="44,14,4,85,50,67,27,133,65,58,70,71,15" hai3="17,24,135,20,3,34,110,47,127,74,31,57,98"/><U82/><E32/><V46/><F27/><W42/><G74/><N who="1" m="28170" /><E43/><V26/><F26/><W78/><G110/><T37/><D2/><U1/><E53/><N who="2" m="32055" /><F15/><W72/><G127/><T60/><D125/><U111/><E1/><V105/><F14/><W128/><G128/><T134/><D37/><U100/><E0/><V90/><F105/><W5/><G135/><T120/><D134/><U114/><E111/><V49/><F4/><W30/><G98/><N who="0" m="61815" /><D12/><U121/><E114/><V54/><F90/><W66/><G66/><N who="2" m="25097" /><F85/><W35/><G57/><T23/><D23/><U132/><E132/><V8/><F8/><W22/><G78/><T11/><D11/><U29/><E29/><N who="3" m="10762" /><G72/><T59/><D62/><U19/><E19/><V95/><F95/><W91/><G91/><T68/><D68/><N who="2" m="26154" /><F133/><W109/><G109/><T112/><D112/><U38/><E38/><V123/><F123/><N who="0" m="47146" /><D45/><AGARI ba="0,0" hai="44,45,46,49,54" m="26154,25097,32055" machi="45" ten="30,8000,1" yaku="35,5" doraHai="113" who="2" fromWho="0" sc="484,-80,256,0,113,80,147,0" /><INIT seed="6,0,0,1,2,120" ten="404,256,193,147" oya="2" hai0="10,106,35,40,130,75,9,34,33,64,105,69,28" hai1="129,74,100,17,3,73,45,8,55,67,16,135,116" hai2="54,87,128,41,2,58,77,119,51,1,83,50,79" hai3="24,113,56,13,95,26,118,126,48,61,101,63,46"/><V14/><F119/><W86/><G118/><T31/><D75/><U107/><E116/><V76/><F128/><W96/><G126/><T127/><D40/><U91/><E100/><V12/><F2/><W124/><G124/><T15/><D127/><U134/><E107/><V122/><F1/><W43/><G113/><T72/><D72/><U94/><E67/><V19/><F122/><W80/><G13/><N who="2" m="5225" /><F19/><W82/><G82/><T59/><D59/><U66/><E66/><V4/><F4/><W85/><G85/><T5/><D10/><U11/><E3/><V21/><F21/><W99/><G99/><T18/><D18/><U111/><E111/><V23/><F23/><W53/><REACH who="3" step="1"/><G63/><REACH who="3" ten="404,256,193,137" step="2"/><T7/><D130/><U108/><E129/><V93/><F93/><W37/><G37/><T42/><D34/><U131/><E131/><V22/><F22/><W114/><G114/><T71/><D35/><U117/><E117/><V25/><F25/><W81/><G81/><T78/><D33/><U103/><E94/><V49/><F41/><W90/><AGARI ba="0,1" hai="24,26,43,46,48,53,56,61,80,86,90,95,96,101" machi="90" ten="20,8000,1" yaku="1,1,0,1,7,1,8,1,53,1" doraHai="120" doraHaiUra="44" who="3" fromWho="3" sc="404,-20,256,-20,193,-40,137,90" /><INIT seed="7,0,0,3,5,53" ten="384,236,153,227" oya="3" hai0="133,39,80,9,36,63,3,128,6,86,111,22,73" hai1="108,121,49,129,0,15,42,27,114,87,77,93,82" hai2="21,65,89,90,69,38,120,46,31,4,100,109,96" hai3="12,10,113,1,18,67,30,99,62,51,14,122,33"/><W40/><G122/><T35/><D35/><U106/><E0/><V34/><F4/><W59/><G113/><T52/><D111/><U132/><E106/><V124/><F124/><W78/><G1/><T44/><D73/><U110/><E121/><V45/><F109/><W102/><G78/><T103/><D103/><U26/><E114/><V55/><F120/><W64/><G33/><T131/><D133/><U19/><E129/><N who="0" m="49737" /><D22/><U68/><E68/><V107/><F21/><W94/><G30/><T127/><D127/><U8/><E132/><V85/><F38/><W7/><G40/><T79/><D63/><U91/><E108/><V70/><F55/><W105/><G105/><T126/><D126/><U61/><E61/><V28/><F31/><W115/><G115/><T17/><D17/><U88/><E91/><V125/><F125/><W104/><G104/><T24/><D24/><U43/><E110/><V5/><F5/><W112/><G112/><T134/><D134/><U119/><E119/><V13/><F13/><W29/><G29/><T16/><D16/><U72/><E43/><V23/><F23/><N who="3" m="11719" /><G51/><AGARI ba="0,0" hai="3,6,9,36,39,44,51,52,79,80,86" m="49737" machi="51" ten="30,2000,0" yaku="19,1,54,1" doraHai="53" who="0" fromWho="3" sc="384,20,236,0,153,0,227,-20" owari="404,50.0,236,4.0,153,-35.0,207,-19.0" /></mjloggm>