<mjloggm ver="2.3"><GO type="169"/><UN n0="%EF%BC%88%E2%89%A7%E2%96%BD%E2%89%A6%EF%BC%89" n1="%E3%80%93%E6%9D%BE%E4%BA%95%EF%BC%A3%EF%BC%B3%E3%80%93" n2="%E5%A5%88%E8%90%BD%E3%81%AE%E7%8E%8B" n3="%E3%81%BF%E3%82%84%E3%81%93%E3%82%93%EF%BC%99%E6%AD%B3" dan="16,16,17,16" rate="2042,2123,2137,2027" sx="M,M,M,F"/><TAIKYOKU oya="0"/><INIT seed="0,0,0,5,3,107" ten="250,250,250,250" oya="0" hai0="86,83,58,10,91,56,99,1,24,121,39,48,72" hai1="55,61,3,45,122,23,44,98,100,35,34,6,9" hai2="40,97,18,13,5,124,49,104,133,81,8,64,110" hai3="79,66,132,19,109,73,43,130,41,94,77,123,118"/><T108/><D39/><U113/><E122/><V46/><F110/><W88/><G118/><T127/><D121/><U25/><E113/><V105/><F133/><W80/><G123/><T89/><D108/><U69/><E45/><V52/><F124/><W26/><G109/><T2/><D127/><U82/><E82/><V16/><F64/><W63/><G132/><T103/><D89/><U36/><E69/><V38/><F81/><W111/><G130/><T76/><D24/><U126/><E126/><V57/><REACH who="2" step="1"/><F105/><REACH who="2" ten="250,250,240,250" step="2"/><W0/><G111/><T67/><D67/><U15/><E35/><V62/><F62/><W7/><G63/><T65/><D65/><U75/><E61/><V93/><F93/><W4/><G94/><N who="0" m="54647" /><D48/><U131/><E34/><V135/><F135/><W92/><G80/><T74/><D74/><U129/><E75/><V116/><F116/><W70/><G73/><T101/><D72/><U51/><E36/><V42/><F42/><W120/><G43/><T95/><D83/><U134/><E134/><V68/><F68/><W22/><G41/><T47/><D76/><U114/><E131/><V31/><F31/><W96/><G66/><T37/><D95/><N who="1" m="58463" /><E129/><V11/><F11/><W71/><G120/><T20/><D10/><U30/><E114/><V78/><F78/><N who="3" m="29707" /><G71/><T32/><D32/><U112/><E112/><V85/><F85/><W102/><G70/><T84/><D84/><U28/><E28/><V59/><F59/><W106/><G106/><T119/><D119/><U29/><E29/><V21/><F21/><W60/><G22/><T117/><D20/><RYUUKYOKU ba="0,1" sc="250,-15,250,15,240,15,250,-15" hai1="3,6,9,15,23,25,30,44,51,55" hai2="5,8,13,16,18,38,40,46,49,52,57,97,104" /><INIT seed="1,1,1,5,5,110" ten="235,265,255,235" oya="1" hai0="113,52,109,46,63,38,81,114,8,51,25,7,55" hai1="75,101,99,69,130,6,117,108,36,107,10,135,93" hai2="90,57,92,77,105,111,34,119,20,47,13,4,61" hai3="18,43,87,27,116,21,9,68,30,73,80,15,91"/><U16/><E117/><V58/><F34/><W106/><G116/><T132/><D38/><U125/><E36/><V67/><F105/><W103/><G68/><T49/><D109/><U32/><E108/><V83/><F119/><W53/><G43/><T5/><D132/><U35/><E69/><V94/><F111/><W70/><G70/><T76/><D63/><U88/><E75/><V86/><F47/><W72/><G106/><T17/><D25/><U97/><E135/><V26/><F58/><W12/><G103/><T118/><D17/><U0/><E130/><V133/><F133/><W31/><G31/><T131/><D131/><U122/><E122/><V11/><REACH who="2" step="1"/><F77/><REACH who="2" ten="235,265,245,235" step="2"/><W28/><G28/><AGARI ba="1,2" hai="4,11,13,20,26,28,57,61,67,83,86,90,92,94" machi="28" ten="30,7700,0" yaku="1,1,2,1,7,1,8,1,53,0" doraHai="110" doraHaiUra="41" who="2" fromWho="3" sc="235,0,265,0,245,100,235,-80" /><INIT seed="2,0,0,4,0,83" ten="235,265,345,155" oya="2" hai0="68,48,118,22,1,32,10,133,20,108,130,59,8" hai1="124,134,113,44,84,100,81,5,0,135,52,34,30" hai2="87,70,50,116,4,71,76,36,122,119,128,101,31" hai3="75,89,39,126,104,96,67,61,106,18,3,12,131"/><V28/><F36/><W57/><G3/><T58/><D68/><U17/><E113/><V16/><F122/><W78/><G39/><T79/><D32/><U98/><E124/><V107/><F4/><W64/><G126/><T2/><D118/><U93/><E17/><V121/><F121/><W85/><G131/><T35/><D35/><U117/><E117/><V27/><F50/><W55/><G78/><T49/><D79/><U82/><E82/><V63/><F128/><W15/><G75/><T62/><D130/><U11/><E30/><V40/><F40/><W14/><G18/><T132/><REACH who="0" step="1"/><D62/><REACH who="0" ten="225,265,345,155" step="2"/><U103/><E34/><N who="2" m="20767" /><F63/><W77/><G77/><T111/><AGARI ba="0,1" hai="1,2,8,10,20,22,48,49,58,59,108,111,132,133" machi="111" ten="25,6400,0" yaku="1,1,0,1,22,2,53,0" doraHai="83" doraHaiUra="56" who="0" fromWho="0" sc="225,74,265,-16,345,-32,155,-16" /><INIT seed="3,0,0,3,2,119" ten="299,249,313,139" oya="3" hai0="43,101,121,9,130,135,0,112,2,63,56,12,47" hai1="54,10,97,45,50,98,107,3,53,41,110,126,70" hai2="8,134,6,133,75,49,86,85,29,51,105,15,27" hai3="22,1,11,113,81,14,127,37,13,79,59,57,4"/><W23/><G113/><T16/><D112/><U117/><E70/><V44/><F75/><W33/><G37/><T64/><D135/><N who="2" m="51722" /><F105/><W132/><G132/><T83/><D130/><U39/><E110/><V91/><F91/><W114/><G114/><T128/><D128/><U82/><E126/><V46/><F46/><W72/><G33/><T131/><D131/><U93/><E117/><V40/><F51/><W122/><G127/><T84/><D101/><U7/><E107/><V38/><F38/><W67/><G122/><T111/><D121/><U115/><E115/><V73/><F73/><W69/><G69/><T118/><D111/><U125/><E125/><V120/><F120/><W68/><G68/><T76/><REACH who="0" step="1"/><D118/><REACH who="0" ten="289,249,313,139" step="2"/><U88/><E82/><V92/><F92/><W58/><REACH who="3" step="1"/><G67/><REACH who="3" ten="289,249,313,129" step="2"/><T19/><D19/><U18/><E18/><V26/><F27/><W108/><G108/><T87/><D87/><U71/><E71/><V96/><F96/><W103/><G103/><T106/><D106/><U102/><E39/><AGARI ba="0,2" hai="0,2,9,12,16,39,43,47,56,63,64,76,83,84" machi="39" ten="30,3900,0" yaku="1,1,7,1,54,1,53,0" doraHai="119" doraHaiUra="30" who="0" fromWho="1" sc="289,59,249,-39,313,0,129,0" /><INIT seed="4,0,0,3,1,119" ten="348,210,313,129" oya="0" hai0="127,131,86,117,85,21,49,31,125,70,46,104,16" hai1="66,61,123,41,133,22,128,90,26,95,5,98,59" hai2="115,74,13,6,71,4,23,53,109,124,114,34,96" hai3="3,43,87,100,108,134,122,18,56,99,29,50,101"/><T52/><D70/><U28/><E133/><V103/><F34/><W1/><G108/><T55/><D104/><U97/><E128/><V0/><F109/><W121/><G134/><T2/><D117/><U80/><E41/><V76/><F71/><W58/><G29/><T78/><D2/><N who="3" m="521" /><G18/><T107/><D107/><U54/><E5/><V105/><F124/><N who="0" m="47690" /><D131/><U89/><E123/><N who="3" m="47114" /><G87/><N who="0" m="33291" /><D78/><U44/><E80/><N who="2" m="45079" /><F0/><W135/><G135/><T72/><D72/><U73/><E73/><V83/><F83/><W33/><G33/><T92/><D31/><U48/><E98/><V77/><F77/><W38/><G38/><T69/><D69/><U67/><REACH who="1" step="1"/><E66/><REACH who="1" ten="348,200,313,129" step="2"/><V65/><F65/><W9/><G9/><T40/><D92/><U112/><E112/><V102/><F115/><W130/><G130/><T8/><D8/><U93/><E93/><V57/><F114/><W19/><G19/><T51/><D49/><U118/><E118/><V81/><F81/><W42/><G99/><T116/><D116/><U113/><E113/><V64/><F96/><W47/><G43/><T39/><D39/><U132/><E132/><V14/><F6/><W20/><G20/><T110/><D110/><U37/><E37/><V27/><F4/><W68/><G68/><T126/><D126/><U60/><E60/><V84/><F23/><W94/><G94/><T111/><D111/><U15/><E15/><AGARI ba="0,1" hai="15,16,21,40,46,51,52,55" m="33291,47690" machi="15" ten="30,5800,0" yaku="18,1,54,2" doraHai="119" who="0" fromWho="1" sc="348,68,200,-58,313,0,129,0" /><INIT seed="4,1,0,5,5,53" ten="416,142,313,129" oya="0" hai0="124,80,111,54,3,90,40,99,36,9,131,118,78" hai1="129,65,135,55,75,67,17,134,71,56,26,1,96" hai2="15,114,74,6,7,105,61,112,49,89,117,119,102" hai3="2,10,107,60,98,59,121,62,16,120,93,73,12"/><T123/><D123/><N who="3" m="47177" /><G73/><T0/><D118/><N who="2" m="45066" /><F74/><W41/><G107/><T18/><D36/><U58/><E75/><V50/><F61/><W106/><G106/><T32/><D40/><U130/><E71/><V8/><F7/><W86/><G86/><T68/><D68/><U126/><E1/><V103/><F89/><N who="3" m="55599" /><G41/><T44/><D80/><U28/><E17/><V132/><F132/><N who="1" m="50729" /><E96/><N who="2" m="61639" /><F103/><W109/><G62/><T14/><D99/><U22/><E126/><V69/><F69/><W79/><G79/><T82/><D78/><U115/><E115/><AGARI ba="1,0" hai="6,8,15,49,50,112,114,115" m="61639,45066" machi="115" ten="30,2000,0" yaku="15,1,12,1" doraHai="53" who="2" fromWho="1" sc="416,0,142,-23,313,23,129,0" /><INIT seed="5,0,0,1,0,117" ten="416,119,336,129" oya="1" hai0="56,11,116,109,44,52,63,99,89,51,135,24,5" hai1="115,108,127,34,94,105,35,65,0,126,40,45,125" hai2="33,121,31,123,107,62,110,86,32,30,38,85,36" hai3="83,70,93,78,132,55,77,95,53,76,100,111,27"/><U134/><E105/><V22/><F107/><W29/><G70/><T42/><D116/><U10/><E115/><V26/><F22/><W129/><G111/><T74/><D74/><U119/><E119/><V18/><F62/><W81/><G129/><T102/><D109/><U4/><E108/><V61/><F110/><W71/><G71/><T128/><D135/><U91/><E65/><V98/><F61/><W37/><G37/><T59/><D128/><U41/><E134/><V1/><F26/><W46/><G132/><T113/><D113/><U20/><E20/><V28/><F28/><W57/><G46/><T60/><D89/><U104/><E104/><V122/><F123/><W49/><G55/><T120/><D24/><U80/><E80/><V23/><F23/><N who="3" m="15615" /><G100/><T97/><D102/><U68/><E68/><V90/><F90/><W12/><G12/><N who="0" m="5231" /><D120/><U9/><E9/><V17/><F98/><W16/><G16/><T3/><D3/><AGARI ba="0,0" hai="1,3,17,18,30,31,32,33,36,38,85,86,121,122" machi="3" ten="25,6400,0" yaku="22,2,52,2" doraHai="117" who="2" fromWho="0" sc="416,-64,119,0,336,64,129,0" /><INIT seed="6,0,0,2,3,94" ten="352,119,400,129" oya="2" hai0="71,90,21,14,30,8,37,57,11,38,44,24,124" hai1="56,53,43,69,120,78,10,45,72,119,31,110,48" hai2="109,68,47,6,64,77,59,118,131,88,35,85,104" hai3="4,89,93,106,12,123,23,1,107,33,102,13,46"/><V60/><F118/><W16/><G123/><T95/><D71/><U111/><E119/><V126/><F35/><W65/><G33/><T34/><D124/><U73/><E69/><V128/><F104/><W54/><G65/><T133/><D133/><U130/><E120/><V80/><F126/><W86/><G1/><T76/><D76/><U29/><E130/><N who="2" m="49707" /><F6/><W79/><G79/><T97/><D57/><U22/><E10/><V87/><F47/><W98/><G4/><T25/><D44/><U49/><E78/><V84/><F109/><W18/><G46/><T70/><D70/><U39/><E111/><V132/><F132/><W117/><G54/><T15/><D15/><U27/><E110/><V135/><F135/><W116/><REACH who="3" step="1"/><G107/><REACH who="3" ten="352,119,400,119" step="2"/><T82/><D37/><U7/><E7/><V114/><F68/><W40/><G40/><T5/><D38/><U100/><E39/><V75/><F64/><W96/><G96/><T42/><D42/><U36/><E36/><V115/><F77/><W17/><G17/><T61/><D5/><U32/><E32/><V2/><F2/><W50/><G50/><T67/><D34/><U41/><E41/><V92/><F75/><W91/><G91/><N who="0" m="55551" /><D67/><U122/><E122/><V63/><F88/><W103/><G103/><T28/><D61/><U51/><E51/><V66/><F63/><W129/><G129/><T112/><D90/><U52/><E43/><V125/><F66/><W74/><G74/><N who="1" m="28778" /><E100/><V105/><F60/><W113/><G113/><T3/><D112/><U108/><E108/><V81/><F115/><W26/><G26/><RYUUKYOKU ba="0,1" sc="352,-15,119,15,400,-15,119,15" hai1="22,27,29,31,45,48,49,52,53,56" hai3="12,13,16,18,23,86,89,93,98,102,106,116,117" /><INIT seed="7,1,1,4,2,24" ten="337,134,385,134" oya="3" hai0="16,43,8,118,17,84,41,22,49,111,112,96,106" hai1="67,133,47,126,135,52,100,128,10,115,85,114,75" hai2="0,29,71,27,40,14,83,39,56,59,134,73,62" hai3="34,103,15,74,46,53,26,72,12,77,117,88,31"/><W93/><G117/><T82/><D111/><U92/><E75/><V69/><F0/><W25/><G103/><T55/><D118/><U101/><E67/><V20/><F59/><W120/><G120/><T54/><D112/><N who="1" m="43051" /><E126/><V80/><F80/><W87/><G26/><T13/><D96/><U125/><E125/><V42/><F73/><W89/><G74/><T70/><D70/><U123/><E123/><V78/><F71/><W37/><G89/><N who="0" m="51351" /><D106/><U33/><E33/><V110/><F69/><W132/><G132/><T122/><D122/><U57/><E47/><V108/><F134/><N who="1" m="51209" /><E128/><V66/><F110/><W68/><G68/><T2/><D2/><U129/><E129/><V9/><F108/><W35/><G35/><T6/><D6/><U76/><E10/><V50/><F39/><W116/><G116/><T60/><D60/><N who="1" m="35879" /><E76/><V44/><F42/><W38/><G72/><T99/><D99/><U48/><E48/><V130/><F130/><W30/><G77/><T86/><D86/><U3/><E3/><V65/><F65/><W121/><G121/><T36/><D36/><U51/><E51/><V45/><F78/><W63/><G38/><T124/><D55/><U5/><E5/><N who="2" m="3375" /><F45/><W102/><G37/><T131/><D131/><U61/><E61/><V105/><F44/><W1/><G1/><T90/><D124/><U64/><E64/><V4/><F4/><W104/><G46/><N who="0" m="27959" /><D90/><AGARI ba="1,1" hai="85,90,92,100,101" m="35879,51209,43051" machi="90" ten="30,3900,0" yaku="15,1,20,1,54,1" doraHai="24" who="1" fromWho="0" sc="337,-42,134,52,385,0,134,0" owari="295,10.0,186,-21.0,385,48.0,134,-37.0" /></mjloggm>