<mjloggm ver="2.3"><GO type="41"/><UN n0="%E2%98%85%E3%82%86%E3%83%BC%E2%98%86" n1="%CE%B1%CE%B9%E2%80%A0%E5%A7%AB%E3%80%91" n2="%E6%89%8D%E7%89%99%E3%83%BB%E6%94%B9" n3="%EF%BC%88%E2%89%A7%E2%96%BD%E2%89%A6%EF%BC%89" dan="14,14,15,15" rate="2013,1909,1989,2051" sx="M,M,M,M"/><TAIKYOKU oya="0"/><INIT seed="0,0,0,3,4,20" ten="250,250,250,250" oya="0" hai0="135,105,4,67,81,47,33,104,132,134,82,131,10" hai1="45,94,14,133,88,22,42,120,31,1,109,79,66" hai2="114,96,110,36,64,112,13,99,65,32,97,100,34" hai3="58,2,0,84,69,38,41,19,106,52,85,127,74"/><T121/><D33/><U90/><E120/><V102/><F36/><W3/><G74/><T71/><D121/><U119/><E119/><V117/><F117/><W103/><G69/><T11/><D47/><U17/><E133/><V57/><F57/><W51/><G127/><T80/><D131/><U95/><E1/><V77/><F77/><W108/><G108/><T8/><D4/><U87/><E109/><V25/><F13/><W63/><G38/><T107/><D67/><N who="2" m="25674" /><F25/><W118/><G118/><T68/><AGARI ba="0,0" hai="8,10,11,68,71,80,81,82,104,105,107,132,134,135" machi="68" ten="50,48000,5" yakuman="41" doraHai="20" who="0" fromWho="0" sc="250,480,250,-160,250,-160,250,-160" /><INIT seed="0,1,0,0,0,112" ten="730,90,90,90" oya="0" hai0="97,48,7,78,135,126,102,68,80,67,81,76,134" hai1="13,105,90,11,27,79,65,19,91,55,62,92,117" hai2="93,47,3,54,88,124,35,100,123,130,29,87,101" hai3="12,127,25,5,120,20,0,74,96,23,75,41,125"/><T58/><D7/><U64/><E105/><V18/><F123/><W52/><G120/><T33/><D33/><U72/><E72/><V6/><F130/><W14/><G41/><T30/><D30/><U119/><E79/><N who="0" m="30249" /><D68/><U53/><E27/><V61/><F124/><N who="3" m="47691" /><G96/><T89/><D126/><U9/><E13/><N who="3" m="5226" /><G52/><N who="0" m="32007" /><D67/><U2/><E19/><V56/><F18/><N who="3" m="12439" /><G23/><T73/><D73/><U109/><E62/><V131/><F61/><W22/><G22/><T57/><D57/><U34/><E92/><V133/><F93/><W44/><G44/><T114/><D89/><U104/><E104/><V69/><F88/><W49/><G49/><T21/><D21/><U94/><E94/><V107/><F69/><W106/><G106/><N who="0" m="63823" /><D114/><U118/><E2/><V15/><F3/><W63/><G63/><T86/><D86/><U43/><E43/><V103/><F107/><W45/><G45/><T84/><D84/><U108/><E118/><V46/><F87/><W128/><G75/><T116/><D116/><U129/><REACH who="1" step="1"/><E34/><REACH who="1" step="2"/><V71/><F35/><W60/><G74/><T32/><D32/><U24/><E24/><V51/><F101/><W115/><G60/><T132/><AGARI ba="1,1" hai="80,81,132,134,135" m="63823,32007,30249" machi="132" ten="40,3900,0" yaku="20,1,54,1" doraHai="112" who="0" fromWho="0" sc="730,52,80,-14,90,-14,90,-14" /><INIT seed="0,2,0,4,4,91" ten="782,66,76,76" oya="0" hai0="102,5,35,60,55,104,32,18,98,15,100,52,67" hai1="125,64,16,110,78,58,43,101,20,46,96,126,124" hai2="51,109,134,129,38,1,116,12,117,56,128,107,133" hai3="0,135,118,66,97,112,6,62,114,84,71,132,14"/><T24/><D5/><U33/><E33/><V79/><F107/><W81/><G118/><N who="2" m="45673" /><F79/><W89/><G0/><T103/><D100/><U65/><E110/><V9/><F1/><W113/><REACH who="3" step="1"/><G97/><REACH who="3" step="2"/><T30/><D103/><U90/><E78/><V36/><F109/><W47/><G47/><T123/><D123/><U53/><E101/><V122/><F122/><W19/><G19/><T21/><REACH who="0" step="1"/><D35/><REACH who="0" step="2"/><U26/><E96/><V94/><F129/><W54/><G54/><T3/><D3/><U95/><E125/><V48/><F128/><W63/><G63/><T40/><D40/><U10/><E124/><V115/><F115/><W73/><G73/><T88/><D88/><U85/><E126/><V37/><F134/><W17/><G17/><T130/><D130/><U49/><REACH who="1" step="1"/><E10/><AGARI ba="2,2" hai="6,10,14,62,66,71,81,84,89,112,113,114,132,135" machi="10" ten="50,3200,0" yaku="1,1,53,1" doraHai="91" doraHaiUra="82" who="3" fromWho="1" sc="772,0,66,-38,76,0,66,58" /><INIT seed="1,0,0,0,4,12" ten="772,28,76,124" oya="1" hai0="51,11,86,97,84,21,4,54,43,44,128,99,114" hai1="70,49,90,22,62,116,106,100,26,83,125,67,3" hai2="36,98,129,77,118,50,108,81,127,123,92,46,124" hai3="28,40,32,132,56,126,117,89,27,14,82,134,30"/><U131/><E116/><V39/><F123/><W59/><G117/><T103/><D128/><U88/><E131/><V95/><F129/><W75/><G30/><T65/><D114/><U6/><E125/><N who="2" m="48203" /><F108/><W122/><G122/><T45/><D65/><U105/><E83/><V96/><F118/><W35/><G35/><T29/><D29/><U69/><E69/><V115/><F115/><W80/><G126/><T16/><D11/><U8/><E100/><N who="2" m="60423" /><F77/><W101/><G101/><T20/><D4/><U113/><E113/><V1/><F81/><W74/><G80/><T85/><D103/><U38/><E38/><V47/><F1/><W79/><G74/><T102/><D102/><U107/><REACH who="1" step="1"/><E49/><REACH who="1" step="2"/><V15/><F36/><W104/><G82/><T7/><D51/><U0/><E0/><V111/><F39/><W78/><G78/><T73/><BYE who="3" /><D73/><U121/><E121/><V63/><F50/><W94/><G94/><T10/><D43/><U133/><E133/><V91/><F95/><W33/><G33/><T48/><D48/><U23/><E23/><V71/><F63/><W110/><G110/><T31/><D20/><U135/><E135/><V41/><F71/><W37/><G37/><T19/><D21/><U42/><E42/><V34/><F41/><W66/><G66/><T24/><D54/><U18/><AGARI ba="0,1" hai="3,6,8,18,22,26,62,67,70,88,90,105,106,107" machi="18" ten="30,11700,0" yaku="1,1,0,1,52,1,54,1,53,0" doraHai="12" doraHaiUra="76" who="1" fromWho="1" sc="772,-39,18,127,76,-39,124,-39" /><UN n3="%EF%BC%88%E2%89%A7%E2%96%BD%E2%89%A6%EF%BC%89" /><INIT seed="1,1,0,2,1,40" ten="733,145,37,85" oya="1" hai0="26,104,18,4,77,120,112,99,123,67,71,117,14" hai1="3,0,119,53,43,88,84,24,9,129,83,93,107" hai2="118,36,47,105,132,65,23,64,46,97,75,70,90" hai3="73,135,103,32,58,8,31,7,85,10,111,49,16"/><U134/><E119/><V68/><F118/><W113/><G73/><T22/><D117/><U122/><E122/><N who="0" m="46633" /><D112/><U76/><E134/><V56/><F75/><W131/><G113/><T95/><D77/><U89/><E129/><V13/><F105/><W125/><G131/><T74/><D74/><U27/><E107/><V101/><F101/><W52/><G135/><T55/><D104/><U19/><E0/><V94/><F36/><W42/><G125/><T66/><D55/><U5/><E89/><V78/><F78/><W69/><G69/><T108/><D71/><U82/><E82/><V25/><F13/><W60/><G111/><T12/><D108/><U21/><E53/><V48/><F70/><W124/><G124/><T96/><D96/><U116/><E43/><V50/><F68/><W41/><G103/><N who="0" m="60927" /><D14/><U98/><REACH who="1" step="1"/><E116/><REACH who="1" step="2"/><V109/><F132/><W38/><G42/><T127/><D127/><U62/><E62/><N who="2" m="37959" /><F109/><W121/><G41/><T35/><D67/><U2/><E2/><V133/><F65/><W6/><G121/><T39/><D66/><U128/><E128/><V102/><F133/><W57/><G60/><T91/><D91/><U59/><E59/><V130/><F90/><W100/><G57/><T45/><D39/><U115/><E115/><V79/><F79/><W54/><G58/><T63/><D63/><U110/><E110/><V29/><F130/><W11/><G38/><T126/><D126/><U86/><E86/><V61/><F61/><W37/><G85/><T28/><D45/><AGARI ba="1,1" hai="23,25,29,45,46,47,48,50,94,97,102" m="37959" machi="45" ten="30,8000,1" yaku="25,1,8,1,52,3" doraHai="40" who="2" fromWho="0" sc="733,-83,135,0,37,93,85,0" /><INIT seed="2,0,0,4,4,57" ten="650,135,130,85" oya="2" hai0="87,72,128,80,2,32,4,119,62,107,23,12,117" hai1="84,135,24,113,27,7,82,44,83,52,77,50,49" hai2="42,73,100,35,92,61,90,131,34,38,96,46,129" hai3="3,0,43,9,101,125,132,28,114,18,79,95,16"/><V51/><F73/><W133/><G79/><T81/><D32/><U118/><E113/><V106/><F61/><W98/><G43/><T15/><D107/><U17/><E118/><N who="0" m="45065" /><D128/><N who="2" m="49226" /><F38/><W120/><G120/><T48/><D72/><U47/><E135/><N who="3" m="51786" /><G114/><T109/><D109/><U36/><E36/><V64/><F64/><W11/><G125/><T54/><D62/><U130/><E130/><V5/><F5/><N who="3" m="1191" /><G28/><T97/><D97/><AGARI ba="0,0" hai="34,35,42,46,51,90,92,96,97,100,106" m="49226" machi="97" ten="30,1500,0" yaku="19,1" doraHai="57" who="2" fromWho="0" sc="650,-15,135,0,130,15,85,0" /><INIT seed="2,1,0,4,5,61" ten="635,135,145,85" oya="2" hai0="90,42,55,39,5,54,114,21,97,7,48,32,77" hai1="19,75,101,2,51,113,76,18,103,30,58,121,36" hai2="14,8,66,130,132,99,12,37,16,93,87,38,1" hai3="68,96,17,127,11,112,131,49,47,122,124,70,72"/><V83/><F132/><W27/><G72/><T100/><D32/><U81/><E113/><V25/><F1/><W65/><G122/><T91/><D114/><U34/><E2/><V41/><F41/><W109/><G112/><T95/><D39/><U57/><E121/><V29/><F66/><W133/><G133/><T62/><D77/><U46/><E36/><V104/><F104/><W24/><G131/><T98/><D42/><U129/><E129/><V118/><F14/><N who="3" m="7391" /><G96/><T44/><D21/><U82/><E34/><V22/><F118/><W71/><G109/><T26/><D26/><N who="3" m="9769" /><G49/><T10/><D10/><U4/><E4/><N who="0" m="1609" /><D97/><U20/><E30/><V35/><F35/><W52/><G47/><T28/><D28/><U126/><E126/><N who="3" m="48170" /><G52/><T15/><D15/><U107/><E107/><V63/><F63/><AGARI ba="1,0" hai="63,65,68,70,71" m="48170,9769,7391" machi="63" ten="30,2000,0" yaku="18,1,52,1" doraHai="61" who="3" fromWho="2" sc="635,0,135,0,145,-23,85,23" /><INIT seed="3,0,0,1,3,105" ten="635,135,122,108" oya="3" hai0="102,88,104,59,112,103,96,89,121,134,26,90,78" hai1="40,57,120,35,119,71,117,124,49,2,46,91,7" hai2="50,80,45,114,19,11,67,4,131,115,93,15,98" hai3="64,123,12,54,1,128,25,68,6,48,70,84,82"/><W83/><G123/><T85/><D121/><U31/><E120/><V122/><F122/><RYUUKYOKU type="kaze4" ba="0,0" sc="635,0,135,0,122,0,108,0" /><INIT seed="3,1,0,3,4,8" ten="635,135,122,108" oya="3" hai0="77,37,123,95,65,21,3,61,22,51,84,130,15" hai1="124,18,16,40,98,48,126,97,78,6,74,89,7" hai2="59,100,132,102,82,31,90,105,106,47,112,103,36" hai3="28,96,57,24,133,32,27,68,25,26,134,125,81"/><W0/><G68/><T29/><D3/><U111/><E74/><V63/><F112/><W9/><G96/><N who="1" m="36970" /><E78/><V52/><F132/><N who="3" m="50795" /><G81/><T55/><D37/><U39/><E39/><V71/><F31/><N who="3" m="19583" /><G57/><N who="0" m="37039" /><D130/><U43/><E89/><V13/><F71/><W109/><G125/><N who="1" m="48234" /><E111/><V62/><F105/><W114/><G109/><T115/><D123/><U87/><E87/><V83/><F106/><W14/><G114/><T10/><D115/><U116/><E48/><V75/><F36/><W92/><G92/><T99/><D29/><U69/><E69/><V66/><F75/><W44/><G44/><N who="0" m="28135" /><D84/><U17/><E116/><V53/><F47/><W104/><G104/><T33/><D33/><U30/><E30/><V107/><F107/><W12/><G28/><T67/><D67/><U60/><E60/><V58/><F66/><W41/><G41/><AGARI ba="1,0" hai="6,7,16,17,18,40,41,43" m="48234,36970" machi="41" ten="40,8000,1" yaku="28,2,18,1,54,1" doraHai="8" who="1" fromWho="3" sc="635,0,135,83,122,0,108,-83" /><INIT seed="4,0,0,0,1,104" ten="635,218,122,25" oya="0" hai0="117,98,131,25,51,31,5,16,48,80,38,110,105" hai1="17,107,96,32,49,60,12,71,129,30,126,23,42" hai2="4,61,90,123,94,135,124,83,37,108,35,120,76" hai3="111,133,109,70,10,18,45,0,84,102,54,40,122"/><T65/><D38/><U57/><E126/><V44/><F108/><W52/><G70/><T93/><D105/><U75/><E129/><V14/><F35/><W99/><G122/><T62/><D117/><U63/><E63/><V21/><F124/><W82/><G133/><T78/><D5/><U116/><E116/><V72/><F61/><W67/><G67/><T66/><D110/><U50/><E42/><V46/><F46/><W130/><G130/><T20/><D31/><U79/><E79/><V53/><F135/><W103/><G109/><T134/><D131/><U86/><E86/><V125/><F125/><W113/><G111/><T114/><D114/><U132/><E132/><V11/><F21/><W26/><G113/><T121/><D121/><U19/><E19/><V39/><F39/><W41/><G0/><T29/><D29/><U8/><E75/><V119/><F119/><W89/><G41/><T1/><D1/><U13/><E13/><V128/><F128/><W101/><G99/><T74/><D134/><U73/><E73/><V34/><F34/><W56/><G56/><T2/><D2/><U100/><E57/><V55/><F55/><W64/><G64/><T88/><D66/><N who="1" m="41415" /><E8/><V58/><F44/><W87/><G87/><T92/><D92/><U33/><E33/><V28/><F37/><N who="3" m="21647" /><G10/><T7/><D7/><U22/><E22/><V43/><F28/><W3/><G3/><T115/><D115/><U15/><E15/><V118/><F43/><W68/><G68/><AGARI ba="0,0" hai="16,20,25,48,51,62,65,68,74,78,80,88,93,98" machi="68" ten="30,11600,0" yaku="7,1,52,1,54,2" doraHai="104" who="0" fromWho="3" sc="635,116,218,0,122,0,25,-116" owari="751,85.0,218,2.0,122,-28.0,-91,-59.0" /></mjloggm>