<mjloggm ver="2.3"><GO type="169" lobby="0"/><UN n0="%68%65%61%72%74%73%40" n1="%E3%83%96%E3%83%83%E3%83%91%E7%A5%9E" n2="%E3%83%99%E3%82%BF%E3%82%AA%E3%83%AA%E3%83%BC%E3%83%81%EF%BC%81" n3="%EF%BC%88%E2%89%A7%E2%96%BD%E2%89%A6%EF%BC%89" dan="17,16,16,17" rate="2192.29,2138.87,2069.74,2158.68" sx="M,M,M,M"/><TAIKYOKU oya="0"/><INIT seed="0,0,0,5,4,51" ten="250,250,250,250" oya="0" hai0="35,63,76,22,9,125,98,10,86,33,70,17,58" hai1="65,18,49,26,14,126,40,24,118,8,79,0,71" hai2="3,68,61,115,11,87,124,5,113,73,2,36,57" hai3="4,27,7,43,74,106,133,1,101,64,39,128,84"/><T54/><D125/><U134/><E118/><V88/><F73/><W119/><G119/><T47/><D70/><U37/><E126/><V41/><F124/><W29/><G84/><T117/><D117/><U45/><E134/><V21/><F68/><W28/><G28/><T93/><D33/><U66/><E0/><V81/><F3/><W31/><G31/><T94/><D35/><U100/><E79/><V82/><F82/><W110/><G7/><T53/><D76/><U16/><E100/><V99/><F99/><N who="3" m="61759" /><G64/><T112/><D86/><U90/><E71/><V42/><F21/><W32/><G133/><T95/><D98/><U108/><E108/><V102/><F102/><W60/><G60/><T67/><D112/><U62/><E62/><V103/><F103/><W15/><G15/><N who="0" m="9535" /><D47/><U122/><E122/><V97/><F97/><W83/><G110/><T20/><D20/><U55/><E90/><V69/><F69/><W38/><G74/><T96/><D96/><U56/><REACH who="1" step="1"/><E18/><REACH who="1" ten="250,240,250,250" step="2"/><V75/><F75/><W78/><G78/><T92/><N who="0" m="23552" /><DORA hai="114" /><T91/><D91/><U135/><E135/><V111/><F111/><W44/><G1/><T104/><D104/><U25/><AGARI ba="0,1" hai="8,14,16,24,25,26,37,40,45,49,55,56,65,66" machi="25" ten="30,7900,0" yaku="1,1,0,1,52,1,54,1,53,0" doraHai="51,114" doraHaiUra="132,121" who="1" fromWho="1" sc="250,-39,240,89,250,-20,250,-20" /><INIT seed="1,0,0,1,1,40" ten="211,329,230,230" oya="1" hai0="100,115,133,42,13,15,24,10,27,116,80,53,111" hai1="64,26,103,49,50,48,62,110,120,18,124,17,29" hai2="119,88,118,4,84,25,52,3,99,123,93,97,1" hai3="95,72,66,117,129,20,31,122,121,11,65,9,14"/><U77/><E120/><V107/><F123/><W71/><G72/><T2/><D115/><U108/><E124/><V45/><F25/><N who="3" m="16807" /><G71/><T101/><D116/><U126/><E126/><V32/><F32/><W59/><G117/><T125/><D2/><U47/><E77/><V76/><F76/><W7/><G129/><T114/><D114/><U94/><E47/><V0/><F4/><W134/><G134/><T82/><D125/><U41/><E41/><V37/><F37/><W68/><G68/><T79/><D79/><U92/><E17/><V6/><F6/><W58/><G9/><T54/><D42/><U127/><E18/><V57/><F45/><W61/><G121/><T83/><D133/><U19/><E19/><V89/><F99/><W67/><G122/><T44/><D83/><U12/><E12/><V128/><F128/><W87/><G59/><T23/><D23/><N who="1" m="15583" /><E127/><V113/><F113/><W131/><G131/><T33/><D33/><U109/><E103/><V8/><F8/><W21/><G21/><T74/><D74/><U35/><E35/><V135/><F135/><W73/><G73/><T85/><D10/><U39/><E39/><V112/><F112/><W102/><G102/><T38/><D38/><U28/><E28/><V86/><F107/><W51/><G51/><N who="1" m="13058" /><U98/><DORA hai="55" /><E98/><V30/><F30/><W43/><G43/><T78/><D44/><U90/><E90/><AGARI ba="0,0" hai="7,11,14,58,61,65,66,67,87,90,95" m="16807" machi="90" ten="30,2000,0" yaku="8,1,52,1" doraHai="40,55" who="3" fromWho="1" sc="211,0,329,-20,230,0,230,20" /><INIT seed="2,0,0,1,4,12" ten="211,309,230,250" oya="2" hai0="17,66,83,79,57,130,32,14,45,65,16,93,30" hai1="15,126,0,129,128,112,41,3,92,64,2,100,53" hai2="104,114,132,52,133,99,4,42,49,107,103,56,25" hai3="123,38,77,35,75,111,67,121,63,98,122,135,117"/><V127/><F114/><W23/><G117/><T134/><D134/><N who="2" m="51818" /><F127/><W68/><G135/><T87/><D130/><N who="1" m="50283" /><E112/><V51/><F4/><W50/><G38/><T73/><D32/><U1/><E126/><V8/><F8/><W69/><G35/><T24/><D45/><U131/><N who="1" m="50291" /><U85/><N who="1" m="0" /><DORA hai="106" /><DORA hai="26" /><U125/><E125/><V13/><F13/><W58/><G121/><T71/><D71/><U88/><E41/><V54/><F42/><W124/><G124/><T11/><D57/><U19/><E64/><N who="0" m="24681" /><D73/><U89/><E53/><V10/><F10/><W102/><G68/><T27/><D30/><U109/><E109/><V119/><F119/><W28/><G111/><T96/><D17/><U82/><E100/><AGARI ba="0,0" hai="11,14,16,24,27,79,83,87,93,96,100" m="24681" machi="100" ten="30,3900,0" yaku="8,1,52,1,54,1" doraHai="12,106,26" who="0" fromWho="1" sc="211,39,309,-39,230,0,250,0" /><INIT seed="3,0,0,1,1,61" ten="250,270,230,250" oya="3" hai0="129,25,82,10,110,66,47,108,51,23,79,81,123" hai1="72,29,76,71,78,22,120,97,33,121,87,104,68" hai2="132,80,118,100,59,77,20,113,48,84,16,13,75" hai3="5,93,89,135,7,91,74,0,30,65,67,15,2"/><W111/><G74/><T37/><D123/><N who="1" m="47179" /><E87/><V128/><F113/><W62/><G135/><T11/><D37/><U58/><E22/><V32/><F118/><W56/><G111/><N who="0" m="42539" /><D129/><U112/><E58/><V70/><F32/><W103/><G0/><T107/><D107/><U46/><E46/><V40/><F70/><W8/><G30/><N who="0" m="17727" /><D66/><N who="3" m="25097" /><G2/><T42/><D82/><N who="1" m="45319" /><E78/><V88/><F132/><W90/><G5/><T6/><D6/><U35/><E112/><V39/><F128/><W130/><G130/><T45/><D45/><U105/><E35/><V131/><F131/><W4/><G4/><T63/><D63/><U41/><E41/><V1/><F1/><W34/><G34/><T114/><D114/><U60/><E60/><V18/><F39/><W115/><G115/><T109/><D109/><U24/><E105/><V122/><F122/><W19/><G7/><T44/><D44/><U116/><E116/><V95/><F40/><W119/><G119/><T55/><D42/><U126/><E126/><V9/><F48/><W17/><G62/><T98/><D98/><U92/><E92/><V94/><F59/><W85/><G56/><T21/><D21/><U52/><E52/><V125/><F125/><W43/><G43/><T28/><D28/><U31/><E31/><V127/><F127/><W27/><G19/><T101/><D101/><AGARI ba="0,0" hai="24,29,33,68,71,97,101,104" m="45319,47179" machi="101" ten="30,1000,0" yaku="23,1" doraHai="61" who="1" fromWho="0" sc="250,-10,270,10,230,0,250,0" /><INIT seed="4,0,0,1,1,50" ten="240,280,230,250" oya="0" hai0="51,80,117,68,16,86,20,135,9,74,6,44,43" hai1="105,10,73,39,88,22,83,13,36,55,98,96,63" hai2="113,41,53,37,35,122,18,64,95,132,12,123,114" hai3="48,72,90,94,47,78,38,70,108,59,8,21,54"/><T58/><D117/><U84/><E73/><V76/><F35/><W133/><G108/><T65/><D135/><U121/><E121/><N who="2" m="46091" /><F95/><W134/><G70/><T46/><D74/><U56/><E22/><V45/><F76/><W2/><G21/><T57/><D68/><U85/><E85/><V120/><F120/><W107/><G107/><T119/><D119/><U71/><E71/><V127/><F132/><N who="3" m="50795" /><G2/><T3/><D44/><U42/><E42/><V104/><F104/><W61/><G8/><T33/><D65/><U101/><REACH who="1" step="1"/><E98/><REACH who="1" ten="240,270,230,250" step="2"/><V7/><F41/><N who="3" m="22967" /><G72/><T24/><REACH who="0" step="1"/><D33/><REACH who="0" ten="230,270,230,250" step="2"/><U30/><E30/><V26/><F37/><W11/><G11/><T99/><D99/><U60/><E60/><V91/><F114/><W28/><G28/><T92/><D92/><U62/><E62/><V93/><F113/><W125/><G61/><T82/><D82/><U49/><E49/><V32/><F93/><W106/><G94/><T79/><AGARI ba="0,2" hai="3,6,9,16,20,24,43,46,51,57,58,79,80,86" machi="79" ten="20,7800,0" yaku="1,1,0,1,7,1,54,1,53,0" doraHai="50" doraHaiUra="87" who="0" fromWho="0" sc="230,98,270,-26,230,-26,250,-26" /><INIT seed="4,1,0,2,2,85" ten="328,244,204,224" oya="0" hai0="100,61,98,113,115,18,90,19,57,29,44,132,119" hai1="32,8,22,99,55,72,118,87,75,104,107,71,47" hai2="126,28,0,112,30,131,42,39,1,66,80,78,67" hai3="10,58,102,76,117,103,130,106,6,82,56,129,73"/><T14/><D119/><U15/><E118/><V111/><F111/><W11/><G117/><T34/><D132/><U125/><E32/><V92/><F112/><N who="0" m="43082" /><D44/><U20/><E71/><V26/><F126/><W124/><G124/><T7/><D7/><U135/><E125/><V60/><F131/><N who="3" m="50187" /><G11/><T3/><D3/><U109/><E109/><V50/><F39/><W120/><G120/><T108/><D108/><U63/><E135/><V40/><F0/><N who="3" m="327" /><G106/><T45/><D45/><U89/><E75/><V128/><F1/><W53/><G58/><T2/><D2/><U116/><E72/><V114/><F40/><W105/><G105/><T134/><D134/><U23/><E116/><V83/><F26/><W95/><G95/><N who="0" m="56695" /><D100/><U101/><E104/><V65/><F30/><W110/><G110/><T41/><D41/><U121/><E121/><V37/><F42/><W86/><G73/><T84/><D14/><U9/><E15/><V79/><F37/><W46/><G46/><T25/><D84/><U17/><E17/><V27/><F27/><W93/><G93/><T51/><D51/><AGARI ba="1,0" hai="51,53,56,76,82,86,102,103" m="327,50187" machi="51" ten="30,1000,0" yaku="19,1" doraHai="85" who="3" fromWho="0" sc="328,-13,244,0,204,0,224,13" /><INIT seed="5,0,0,4,3,128" ten="315,244,204,237" oya="1" hai0="68,129,106,28,9,67,89,3,93,58,29,1,44" hai1="101,24,30,82,13,14,46,115,33,10,117,62,122" hai2="49,45,111,39,57,61,75,92,76,134,127,87,11" hai3="124,8,112,71,135,18,37,95,121,25,70,118,6"/><U19/><E122/><V41/><F111/><W15/><G121/><T97/><D129/><U94/><E117/><V123/><F123/><W64/><G37/><T5/><D68/><U54/><E115/><V63/><F75/><W36/><G36/><T96/><D1/><U59/><E82/><N who="2" m="47559" /><F39/><W109/><G109/><T85/><D97/><U50/><E14/><V26/><F127/><W78/><G78/><T108/><D108/><U90/><E101/><V42/><F63/><W119/><G124/><T130/><D130/><U16/><E94/><V34/><F34/><W132/><G95/><T104/><D104/><U4/><REACH who="1" step="1"/><E90/><REACH who="1" ten="315,234,204,237" step="2"/><V20/><F92/><W47/><G112/><T74/><D93/><U107/><E107/><V72/><F11/><W80/><G119/><T86/><D9/><U7/><E7/><V73/><F73/><W99/><G118/><T116/><D5/><U17/><E17/><V126/><F72/><W98/><G80/><T113/><D89/><U125/><E125/><V60/><F126/><W52/><G6/><T27/><D74/><U21/><E21/><V102/><F20/><N who="3" m="13463" /><G15/><T43/><D106/><U12/><E12/><V88/><F102/><W103/><G103/><T56/><D113/><U0/><E0/><V32/><F32/><W22/><G22/><T51/><D3/><U114/><E114/><V83/><F83/><W84/><G8/><T53/><D116/><U48/><E48/><V133/><F49/><W40/><G84/><T66/><D86/><U105/><E105/><V2/><F2/><W131/><G131/><T81/><D85/><RYUUKYOKU ba="0,1" sc="315,-10,234,30,204,-10,237,-10" hai1="4,10,13,16,19,24,30,33,46,50,54,59,62" /><INIT seed="5,1,1,4,3,82" ten="305,264,194,227" oya="1" hai0="54,127,49,95,1,100,42,25,101,81,7,18,76" hai1="85,39,10,45,37,0,78,16,5,94,32,62,103" hai2="119,38,12,55,131,79,130,93,6,24,26,75,108" hai3="40,106,57,134,27,61,50,114,87,113,48,90,52"/><U3/><E32/><V122/><F108/><W133/><G106/><T36/><D127/><U84/><E0/><V8/><F122/><W21/><G40/><T11/><D95/><U125/><E125/><V33/><F38/><W46/><G21/><T111/><D111/><U118/><E118/><V116/><F79/><W66/><G27/><N who="2" m="10281" /><F93/><N who="3" m="54495" /><G50/><T35/><D18/><U129/><E129/><N who="2" m="49163" /><F55/><W65/><G65/><T58/><D25/><U31/><E31/><V14/><F75/><W73/><G73/><N who="0" m="43151" /><D35/><U117/><E117/><N who="2" m="45131" /><F33/><W121/><G121/><T89/><D89/><U102/><E78/><V64/><F64/><W88/><G88/><T74/><D74/><U34/><E34/><V99/><F99/><W67/><G66/><T13/><D36/><U51/><E39/><V86/><F86/><W47/><G46/><T9/><D42/><U72/><E37/><V44/><F44/><W110/><G110/><T56/><D54/><U68/><E72/><V77/><F77/><W132/><AGARI ba="1,1" hai="47,48,52,57,61,67,113,114,132,133,134" m="54495" machi="132" ten="40,5200,0" yaku="20,1,52,1,54,1" doraHai="82" who="3" fromWho="3" sc="305,-14,264,-27,194,-14,227,65" /><INIT seed="6,0,0,2,1,25" ten="291,237,180,292" oya="2" hai0="3,108,14,52,81,27,55,66,28,82,116,56,30" hai1="49,129,74,103,54,5,86,126,36,47,102,12,62" hai2="110,38,63,88,42,83,43,18,39,60,76,46,92" hai3="131,68,13,106,114,120,84,72,128,105,26,78,50"/><V23/><F110/><W1/><G1/><T58/><D108/><U113/><E74/><V118/><F118/><W7/><G72/><T45/><D3/><U98/><E113/><V125/><F125/><W75/><G75/><T29/><D116/><U69/><E126/><V67/><F83/><N who="0" m="31754" /><D27/><U71/><E129/><V31/><F76/><W104/><G68/><T34/><D34/><U93/><E86/><V32/><F32/><W79/><G120/><T123/><D123/><U90/><E36/><V96/><F31/><W64/><G64/><T130/><D130/><N who="3" m="49705" /><G114/><T135/><D135/><U87/><E62/><V41/><F60/><W122/><G122/><T6/><D66/><U112/><E112/><V115/><F39/><W95/><G26/><T20/><D45/><U117/><E117/><V4/><F4/><W91/><G50/><T48/><D48/><U109/><E109/><V94/><F94/><W37/><G37/><T99/><D99/><U73/><E73/><V97/><F97/><W51/><G51/><T24/><D14/><U19/><E5/><V107/><F107/><W9/><AGARI ba="0,0" hai="7,9,13,78,79,84,91,95,104,105,106" m="49705" machi="9" ten="40,1500,0" yaku="19,1" doraHai="25" who="3" fromWho="3" sc="291,-4,237,-4,180,-7,292,15" /><INIT seed="7,0,0,0,4,104" ten="287,233,173,307" oya="3" hai0="12,59,47,33,86,79,115,49,3,128,90,68,51" hai1="52,121,36,108,89,95,93,43,110,26,98,87,125" hai2="7,103,45,65,85,0,16,96,117,13,63,77,120" hai3="60,8,18,61,126,67,129,91,29,107,57,20,78"/><W131/><G107/><T70/><D3/><U5/><E121/><V21/><F120/><W9/><G126/><T58/><D33/><U4/><E125/><V1/><F117/><W50/><G78/><T64/><D79/><U19/><E108/><V92/><F7/><W127/><G127/><T62/><D128/><N who="3" m="49225" /><G29/><T75/><D75/><U48/><E110/><V42/><F85/><W116/><G116/><T40/><D12/><U88/><E43/><V80/><F80/><W38/><G38/><N who="0" m="21911" /><D86/><U27/><E36/><V41/><F41/><W132/><G132/><T15/><D15/><U114/><E114/><V94/><F77/><W134/><G134/><T76/><D90/><U73/><E73/><V22/><F22/><W74/><G74/><T6/><D6/><N who="1" m="2667" /><E19/><V106/><F0/><W34/><G34/><T113/><D76/><U55/><E55/><V118/><F1/><W44/><G91/><T24/><D24/><U83/><E95/><V11/><F21/><W81/><G81/><T66/><D66/><U10/><E10/><V56/><REACH who="2" step="1"/><F118/><REACH who="2" ten="287,233,163,307" step="2"/><W84/><G84/><T97/><D115/><U71/><E71/><V119/><F119/><W30/><G9/><T39/><D113/><U53/><E53/><V123/><F123/><W37/><G8/><T54/><D70/><U82/><E82/><V124/><F124/><W69/><G69/><T23/><D68/><U133/><E133/><V111/><F111/><W135/><G135/><T72/><D54/><U32/><E32/><V101/><F101/><W28/><G20/><T25/><D23/><U46/><AGARI ba="0,1" hai="26,27,46,48,52,83,87,88,89,93,98" m="2667" machi="46" ten="30,7900,0" yaku="5,1,8,1,54,2" doraHai="104" who="1" fromWho="1" sc="287,-20,233,89,163,-20,307,-39" owari="267,-13.0,322,42.0,143,-36.0,268,7.0" /></mjloggm>