<mjloggm ver="2.3"><GO type="169" lobby="0"/><UN n0="%E6%AF%94%E5%98%89%E7%A7%80%E4%BB%81" n1="%E6%9C%A7%E5%A4%8F%E6%9C%88" n2="%E4%B8%80%E6%96%B9%E9%80%9A%E8%A1%8C" n3="%EF%BC%88%E2%89%A7%E2%96%BD%E2%89%A6%EF%BC%89" dan="16,19,16,17" rate="2166.79,2235.34,2083.69,2123.29" sx="M,F,M,M"/><TAIKYOKU oya="0"/><INIT seed="0,0,0,2,3,47" ten="250,250,250,250" oya="0" hai0="116,9,48,69,66,24,62,23,67,73,89,6,86" hai1="117,81,44,99,2,51,17,5,38,7,35,96,91" hai2="102,16,64,14,15,42,68,52,78,123,19,94,130" hai3="25,128,90,49,134,20,56,112,43,101,45,79,88"/><T71/><D116/><U0/><E117/><V27/><F123/><W93/><G112/><T113/><D73/><U39/><E35/><V132/><F42/><W4/><G134/><T1/><D113/><U30/><E30/><V75/><F130/><W82/><G128/><T36/><D36/><U74/><E74/><V29/><F132/><W10/><G56/><T50/><D67/><U41/><E2/><V18/><F68/><W13/><G101/><T103/><D103/><U121/><E121/><V80/><F64/><W72/><REACH who="3" step="1"/><G93/><REACH who="3" ten="250,250,250,240" step="2"/><T3/><D71/><U129/><E129/><V59/><F102/><W54/><G54/><T83/><REACH who="0" step="1"/><D1/><REACH who="0" ten="240,250,250,240" step="2"/><U92/><E0/><V12/><F94/><W135/><G135/><T32/><D32/><U60/><E92/><V126/><F126/><W104/><G104/><T109/><D109/><U107/><E107/><V11/><F11/><W98/><G98/><T131/><D131/><U63/><E99/><V100/><F100/><W58/><G58/><T118/><D118/><U95/><E96/><V124/><F124/><W33/><G33/><T65/><D65/><U119/><E95/><V22/><REACH who="2" step="1"/><F12/><REACH who="2" ten="240,250,240,240" step="2"/><W26/><G26/><T57/><D57/><U34/><E119/><V28/><F28/><AGARI ba="0,3" hai="4,10,13,20,25,28,43,45,49,72,79,82,88,90" machi="28" ten="30,7700,0" yaku="1,1,7,1,52,1,54,1,53,0" doraHai="47" doraHaiUra="55" who="3" fromWho="2" sc="240,0,250,0,240,-77,240,107" /><AGARI ba="0,0" hai="3,6,9,23,24,28,48,50,62,66,69,83,86,89" machi="28" ten="30,11600,0" yaku="1,1,7,1,52,2,53,0" doraHai="47" doraHaiUra="55" who="0" fromWho="2" sc="240,116,250,0,163,-116,347,0" /><INIT seed="0,1,0,5,4,18" ten="356,250,47,347" oya="0" hai0="128,74,67,38,110,99,113,123,55,117,88,45,20" hai1="12,60,86,135,98,56,8,101,71,100,70,11,61" hai2="4,52,47,2,32,13,127,62,105,116,63,83,115" hai3="77,57,84,104,130,124,16,85,25,96,64,121,51"/><T93/><D123/><U118/><E118/><V112/><F105/><W78/><G121/><T14/><D117/><U23/><E135/><V28/><F2/><W44/><G124/><T1/><D113/><U82/><E98/><V10/><F127/><W19/><G96/><T107/><D74/><U15/><E86/><V90/><F116/><W66/><G104/><T109/><D1/><U34/><E56/><V36/><F32/><W54/><G130/><T126/><D107/><U22/><E34/><V65/><F28/><W102/><G102/><T87/><D126/><U31/><E31/><V26/><F26/><W73/><G73/><T17/><D128/><U103/><REACH who="1" step="1"/><E101/><REACH who="1" ten="356,240,47,347" step="2"/><V6/><F115/><W37/><G85/><T42/><D99/><U46/><E46/><V92/><F112/><W132/><G84/><T72/><D72/><U43/><E43/><V114/><F114/><W80/><G132/><T75/><D75/><U30/><E30/><V27/><F47/><W129/><G44/><T122/><D122/><U106/><E106/><V58/><F58/><W94/><G57/><T76/><D45/><U48/><E48/><V91/><F63/><W3/><G51/><T40/><D42/><U39/><E39/><V68/><F62/><W69/><G37/><T9/><D40/><U35/><E35/><V89/><F36/><W59/><G129/><T24/><D38/><U133/><E133/><V29/><F29/><W111/><G59/><T108/><D87/><U7/><E7/><V5/><F4/><W33/><G33/><T95/><D110/><U131/><E131/><RYUUKYOKU ba="1,1" sc="356,-10,240,30,47,-10,347,-10" hai1="8,11,12,15,22,23,60,61,70,71,82,100,103" /><INIT seed="1,2,1,4,1,0" ten="346,270,37,337" oya="1" hai0="93,33,84,96,122,3,34,14,82,36,8,29,63" hai1="9,68,46,115,118,2,22,89,54,125,72,32,27" hai2="60,41,43,134,58,95,56,31,104,16,4,117,25" hai3="103,80,106,107,92,18,21,113,67,40,5,30,79"/><U116/><E115/><V24/><F104/><W94/><G30/><T59/><D36/><U11/><E68/><V120/><F120/><W42/><G113/><T88/><D3/><U87/><E72/><V132/><F117/><W119/><G119/><T35/><D29/><U47/><E32/><V76/><F4/><W45/><G67/><T126/><D126/><U66/><E66/><V133/><F76/><W111/><G111/><T23/><D23/><U128/><E125/><V50/><F95/><W135/><G135/><T90/><D122/><U52/><E128/><V74/><F74/><W114/><G5/><T65/><REACH who="0" step="1"/><D34/><REACH who="0" ten="336,270,37,337" step="2"/><U37/><E37/><V99/><F31/><W55/><G21/><T19/><AGARI ba="2,2" hai="8,14,19,33,35,59,63,65,82,84,88,90,93,96" machi="19" ten="20,8000,1" yaku="1,1,2,1,0,1,7,1,54,1,53,0" doraHai="0" doraHaiUra="102" who="0" fromWho="0" sc="336,106,270,-42,37,-22,337,-22" /><INIT seed="2,0,0,5,4,75" ten="442,228,15,315" oya="2" hai0="20,93,80,83,125,82,13,23,90,102,96,89,35" hai1="87,47,107,46,58,104,16,133,41,62,33,118,100" hai2="116,109,25,14,6,52,57,98,29,38,115,5,110" hai3="129,68,21,76,99,97,32,70,101,59,39,92,128"/><V85/><F116/><W95/><G32/><T114/><D35/><U17/><E118/><V51/><F115/><W117/><G39/><T54/><D114/><U50/><E33/><V11/><F38/><W56/><G21/><T123/><D123/><U1/><E1/><V103/><F85/><W30/><G30/><T12/><D125/><U22/><E133/><V126/><F126/><W15/><G15/><N who="0" m="5707" /><D54/><U8/><E8/><V113/><F113/><W131/><G76/><T55/><D55/><U122/><E122/><V42/><F42/><W45/><G45/><T66/><D66/><U27/><E17/><V31/><F6/><W0/><G0/><T67/><D67/><U63/><E100/><V2/><F2/><W26/><G26/><T49/><D49/><U111/><E111/><N who="2" m="42507" /><F25/><W106/><G117/><T73/><D73/><U86/><E41/><V84/><F84/><W24/><G24/><T108/><D108/><U134/><E86/><V18/><F5/><W112/><G112/><T77/><D23/><U119/><E119/><V64/><F64/><W4/><G4/><T105/><D20/><U61/><E87/><V36/><F36/><W135/><G129/><T121/><D121/><U74/><E74/><V40/><F40/><W71/><G131/><T120/><D120/><U65/><E65/><V48/><F51/><W127/><G128/><T60/><D60/><U132/><E132/><V37/><F37/><W43/><G127/><T78/><D105/><AGARI ba="0,0" hai="11,14,18,29,31,48,52,57,98,103,105" m="42507" machi="105" ten="30,5800,0" yaku="14,1,10,1,54,1" doraHai="75" who="2" fromWho="0" sc="442,-58,228,0,15,58,315,0" /><INIT seed="2,1,0,3,5,110" ten="384,228,73,315" oya="2" hai0="105,126,134,104,23,53,129,114,86,113,49,10,11" hai1="107,69,65,132,28,16,106,27,50,121,111,78,21" hai2="20,66,37,74,0,29,54,9,76,12,128,6,7" hai3="92,99,48,73,119,102,70,14,41,43,55,133,38"/><V77/><F128/><W108/><G73/><T124/><D129/><U98/><E111/><V67/><F37/><W64/><G119/><T94/><D23/><U59/><E132/><V25/><F7/><W40/><G108/><T2/><D94/><U42/><E78/><V75/><F75/><W112/><G133/><T30/><D86/><U81/><E81/><V19/><F54/><W63/><G112/><N who="0" m="43115" /><D30/><U95/><E121/><V80/><REACH who="2" step="1"/><F77/><REACH who="2" ten="384,228,63,315" step="2"/><W13/><G38/><T101/><D134/><U135/><E135/><V17/><F17/><W116/><G116/><T100/><D53/><U47/><E16/><V85/><F85/><W83/><G55/><T62/><D2/><U79/><E79/><V4/><F4/><W33/><G41/><T82/><D62/><U57/><E42/><V97/><F97/><W26/><G43/><T72/><D49/><U90/><E50/><V89/><F89/><W8/><G48/><T96/><D101/><U24/><E90/><V31/><F31/><W1/><G40/><T109/><D109/><U115/><E115/><V36/><F36/><W91/><G91/><T127/><D105/><U130/><E107/><V46/><F46/><W52/><G102/><T103/><D103/><N who="1" m="60895" /><E106/><V120/><F120/><W117/><G99/><T123/><D123/><U87/><E130/><V84/><F84/><W68/><G117/><T44/><D44/><U93/><E47/><V34/><AGARI ba="1,1" hai="0,6,9,12,19,20,25,29,34,66,67,74,76,80" machi="34" ten="20,18000,2" yaku="1,1,0,1,7,1,24,2,53,1" doraHai="110" doraHaiUra="22" who="2" fromWho="2" sc="384,-61,228,-61,63,193,315,-61" /><INIT seed="2,2,0,3,4,31" ten="323,167,256,254" oya="2" hai0="51,111,26,96,3,135,53,43,21,71,93,10,82" hai1="55,119,25,112,103,79,4,80,125,102,58,63,17" hai2="32,122,48,5,105,83,19,91,8,50,0,133,134" hai3="115,68,40,100,49,38,62,126,41,45,123,42,27"/><V118/><F122/><W84/><G100/><T22/><D111/><U59/><E112/><V78/><F118/><W73/><G73/><T65/><D43/><N who="3" m="16457" /><G84/><T97/><D135/><N who="2" m="51722" /><F105/><W2/><G27/><T90/><D82/><U77/><E119/><V12/><F91/><W52/><G2/><T110/><D110/><U54/><E125/><V64/><F64/><N who="3" m="40983" /><G123/><T28/><D97/><U18/><E4/><V95/><F95/><W131/><G131/><T88/><D90/><U116/><E116/><V35/><F50/><W67/><G126/><T121/><D121/><U24/><REACH who="1" step="1"/><E63/><REACH who="1" ten="323,157,256,254" step="2"/><V7/><F48/><W99/><G115/><T72/><D51/><U37/><E37/><V117/><F117/><W56/><G99/><T66/><D96/><U13/><E13/><V86/><F7/><W113/><G113/><T23/><D3/><U14/><E14/><V16/><F0/><W1/><G1/><T108/><D108/><U70/><E70/><V98/><F98/><W30/><G30/><T6/><D28/><U57/><E57/><V101/><F101/><W60/><G38/><T127/><D71/><U85/><E85/><V29/><F29/><W107/><G107/><T129/><D127/><U9/><E9/><V124/><F124/><W44/><G42/><T106/><D10/><U47/><E47/><AGARI ba="2,1" hai="44,45,47,49,52,56,60,67" m="40983,16457" machi="47" ten="30,12000,2" yaku="35,5,54,1" doraHai="31" who="3" fromWho="1" sc="323,0,157,-126,256,0,254,136" /><INIT seed="3,0,0,2,4,97" ten="323,31,256,390" oya="3" hai0="31,40,132,48,111,78,47,21,58,50,39,67,64" hai1="72,46,27,87,114,116,11,35,91,118,30,77,68" hai2="74,32,117,59,120,105,43,19,13,54,76,86,134" hai3="1,112,101,61,53,80,125,103,81,6,29,23,122"/><W133/><G122/><T96/><D111/><U55/><E68/><V8/><F117/><W17/><G112/><T128/><D78/><U123/><E114/><V130/><F32/><W121/><G121/><T109/><D109/><U22/><E123/><V2/><F120/><W28/><G133/><T89/><D132/><U20/><E77/><V52/><F134/><W100/><G125/><T45/><D128/><U135/><E72/><V69/><F69/><W84/><G6/><T85/><D96/><U88/><E135/><V73/><F130/><W104/><G1/><T107/><D107/><U12/><E35/><V70/><F70/><W24/><G104/><T42/><D39/><U26/><E46/><V113/><F113/><W131/><G131/><T110/><D58/><U16/><E55/><V65/><F105/><W4/><G4/><T44/><D44/><U49/><E49/><V36/><F2/><W37/><G37/><T0/><D0/><U90/><REACH who="1" step="1"/><E87/><REACH who="1" ten="323,21,256,390" step="2"/><V82/><F54/><W93/><G53/><T38/><D38/><U94/><E94/><V71/><F52/><W10/><G61/><T56/><D56/><U66/><E66/><V25/><F71/><W108/><G108/><T79/><D79/><U119/><E119/><V3/><F65/><W57/><G57/><T115/><D115/><U92/><E92/><V18/><F59/><W129/><G129/><T99/><D110/><U102/><E102/><V75/><F36/><W33/><G33/><T9/><D85/><U127/><E127/><V41/><F75/><W124/><G84/><T98/><D64/><RYUUKYOKU ba="0,1" sc="323,-10,21,30,256,-10,390,-10" hai1="11,12,16,20,22,26,27,30,88,90,91,116,118" /><INIT seed="4,1,1,2,0,117" ten="313,51,246,380" oya="0" hai0="53,104,1,86,111,49,6,27,90,52,60,48,56" hai1="14,43,80,38,7,95,110,22,36,42,8,78,39" hai2="0,30,74,91,101,105,81,124,135,9,89,41,31" hai3="46,77,64,82,106,72,116,93,127,102,103,12,20"/><T47/><D104/><U34/><E34/><V92/><F124/><W75/><G116/><T23/><D111/><U118/><E118/><V119/><F119/><W122/><G106/><T87/><D1/><U96/><E110/><V120/><F135/><W58/><G72/><T35/><D35/><U126/><E126/><V70/><F70/><W57/><G127/><T40/><D6/><U26/><E80/><V54/><F41/><W69/><G69/><T59/><REACH who="0" step="1"/><D90/><REACH who="0" ten="303,51,246,380" step="2"/><U84/><E78/><V19/><F91/><W28/><G77/><T130/><D130/><U97/><E84/><V134/><F89/><W32/><G32/><T129/><D129/><U45/><E43/><V108/><F0/><W88/><G88/><T67/><D67/><U21/><E97/><V16/><F105/><W68/><G64/><T99/><D99/><U109/><E109/><V123/><F108/><W100/><G75/><T33/><D33/><U44/><E96/><V112/><F74/><W85/><G85/><T55/><D55/><U11/><E95/><V51/><F54/><W2/><G93/><T62/><D62/><U71/><E42/><V115/><F92/><W98/><G98/><T15/><D15/><U125/><E125/><V131/><F131/><W133/><G12/><T50/><D50/><U73/><E14/><V79/><F51/><W76/><G2/><T17/><AGARI ba="1,2" hai="17,23,27,40,47,48,49,52,53,56,59,60,86,87" machi="17" ten="20,18000,2" yaku="1,1,0,1,7,1,8,1,54,1,53,1" doraHai="117" doraHaiUra="13" who="0" fromWho="0" sc="303,203,51,-61,246,-61,380,-61" owari="506,60.0,-10,-51.0,185,-21.0,319,12.0" /></mjloggm>