<mjloggm ver="2.3"><GO type="169"/><UN n0="%E4%B8%B8%E5%8A%A9" n1="%EF%BC%88%E2%89%A7%E2%96%BD%E2%89%A6%EF%BC%89" n2="%E3%82%B4%E3%83%BC%E3%83%AB" n3="%E3%81%93%E3%81%AE%E3%81%8D%E3%83%BC" dan="16,16,16,18" rate="2153,2045,2106,2094" sx="M,M,M,M"/><TAIKYOKU oya="0"/><INIT seed="0,0,0,1,2,123" ten="250,250,250,250" oya="0" hai0="23,50,61,27,111,92,12,48,52,59,33,122,39" hai1="56,9,102,124,72,30,0,22,32,65,3,126,4" hai2="16,95,76,21,119,118,34,104,75,125,101,14,70" hai3="43,10,38,26,5,89,45,108,83,28,57,71,93"/><T100/><D39/><U68/><E72/><V132/><F70/><W25/><G71/><T135/><D122/><U55/><E102/><V53/><F104/><W94/><G57/><T7/><D135/><U46/><E32/><V6/><F34/><W20/><G26/><T66/><D33/><U99/><E99/><N who="2" m="59647" /><F132/><W84/><G108/><T79/><D79/><U62/><E46/><V134/><F134/><W19/><REACH who="3" step="1"/><G28/><REACH who="3" ten="250,250,250,240" step="2"/><T133/><D111/><U112/><E68/><V17/><F119/><W69/><G69/><T40/><D133/><U97/><E30/><V60/><F118/><W130/><G130/><T103/><D59/><U113/><E56/><N who="2" m="34831" /><F125/><W1/><AGARI ba="0,1" hai="1,5,10,19,20,25,38,43,45,83,84,89,93,94" machi="1" ten="20,2700,0" yaku="1,1,0,1,7,1,53,0" doraHai="123" doraHaiUra="121" who="3" fromWho="3" sc="250,-13,250,-7,250,-7,240,37" /><INIT seed="1,0,0,1,2,39" ten="237,243,243,277" oya="1" hai0="34,125,36,32,58,95,23,43,98,120,44,11,126" hai1="127,67,96,90,102,80,20,113,124,115,99,93,111" hai2="52,60,3,81,97,91,94,114,19,72,65,14,49" hai3="59,31,33,12,116,2,28,25,66,71,86,9,88"/><U41/><E67/><V0/><F114/><N who="1" m="43529" /><E20/><V56/><F81/><W57/><G116/><T118/><D118/><U1/><E1/><V10/><REACH who="2" step="1"/><F72/><REACH who="2" ten="237,243,233,277" step="2"/><W108/><G108/><T132/><D120/><U83/><E111/><V42/><F42/><W30/><G2/><T133/><D133/><U112/><E41/><V53/><F53/><W27/><G66/><T87/><D132/><U22/><E112/><V105/><F105/><W117/><G117/><T68/><D126/><N who="1" m="48171" /><E22/><V55/><F55/><W84/><G33/><T47/><D125/><U38/><E38/><V129/><F129/><W62/><G62/><T69/><D23/><U64/><E64/><V63/><F63/><W18/><G71/><AGARI ba="0,1" hai="0,3,10,14,19,49,52,56,60,65,71,91,94,97" machi="71" ten="30,3900,0" yaku="1,1,7,1,54,1,53,0" doraHai="39" doraHaiUra="107" who="2" fromWho="3" sc="237,0,243,0,233,49,277,-39" /><INIT seed="2,0,0,4,3,86" ten="237,243,282,238" oya="2" hai0="63,7,41,112,75,116,68,69,27,92,104,20,74" hai1="83,122,115,72,87,65,61,85,130,94,129,49,2" hai2="118,108,24,16,46,82,44,35,40,36,1,91,102" hai3="95,23,109,33,60,76,42,45,70,125,25,58,48"/><V71/><F1/><W79/><G33/><T98/><D104/><U6/><E115/><V12/><F71/><W73/><G70/><T43/><D112/><U97/><E72/><V90/><F118/><W34/><G34/><T14/><D116/><U19/><E122/><V121/><F121/><W110/><G125/><T8/><D69/><U9/><E49/><V105/><F108/><N who="3" m="41579" /><G73/><T123/><D123/><U131/><E19/><V84/><F105/><W66/><G95/><T114/><D114/><U119/><E83/><V17/><F102/><W96/><G96/><T81/><D75/><U99/><E99/><V28/><F44/><W39/><G48/><T54/><D74/><U135/><E135/><V128/><F128/><W57/><G57/><N who="0" m="35255" /><D81/><U103/><REACH who="1" step="1"/><E119/><REACH who="1" ten="237,233,282,238" step="2"/><V11/><F17/><AGARI ba="0,1" hai="17,23,25,39,42,45,58,60,66,76,79" m="41579" machi="17" ten="30,1000,0" yaku="14,1" doraHai="86" who="3" fromWho="2" sc="237,0,233,0,282,-10,238,20" /><INIT seed="3,0,0,5,2,116" ten="237,233,272,258" oya="3" hai0="3,66,78,107,125,45,72,119,68,112,16,14,51" hai1="59,80,127,28,8,15,94,29,97,6,38,85,30" hai2="32,58,43,95,113,26,33,47,1,109,111,48,93" hai3="73,129,117,114,41,128,70,135,126,134,17,10,76"/><W49/><G70/><T4/><D119/><U69/><E69/><V54/><F1/><W21/><G117/><T131/><D107/><U100/><E38/><V39/><F113/><W110/><G114/><T2/><D112/><U77/><E127/><V90/><F93/><W20/><G76/><T60/><D125/><U52/><REACH who="1" step="1"/><E29/><REACH who="1" ten="237,223,272,258" step="2"/><V65/><F39/><W46/><G126/><T108/><D68/><U120/><E120/><V34/><F111/><W84/><G110/><T83/><D108/><U75/><E75/><V81/><F109/><W79/><G73/><T92/><D131/><U31/><E31/><V71/><F71/><W44/><G129/><T0/><D72/><U56/><E56/><V104/><F58/><W27/><G128/><T87/><D0/><U9/><E9/><V35/><F47/><W67/><G10/><T101/><D2/><U102/><E102/><V55/><F35/><W88/><G46/><T7/><D3/><U24/><E24/><V61/><F26/><W82/><G20/><N who="0" m="11287" /><D45/><U105/><E105/><V53/><F104/><W123/><G123/><T74/><D74/><U22/><E22/><V64/><F34/><W57/><G21/><T103/><D103/><U37/><E37/><V115/><F32/><W36/><G36/><T121/><D121/><U42/><E42/><V133/><F43/><W89/><G27/><T23/><D23/><U25/><E25/><V132/><F33/><W13/><G41/><T12/><D101/><U122/><E122/><V99/><F115/><W11/><G44/><T50/><D12/><U130/><E130/><RYUUKYOKU ba="0,1" sc="237,-10,223,30,272,-10,258,-10" hai1="6,8,15,28,30,52,59,77,80,85,94,97,100" /><INIT seed="4,1,1,2,3,51" ten="227,253,262,248" oya="0" hai0="31,116,65,89,67,28,50,34,82,121,95,127,71" hai1="78,3,21,37,35,16,7,46,125,126,36,47,108" hai2="8,12,93,63,5,25,0,26,20,70,14,80,45" hai3="123,131,85,113,24,122,18,62,61,76,33,132,103"/><T69/><D116/><U42/><E35/><V59/><F70/><W13/><G113/><T81/><D121/><N who="3" m="46089" /><G132/><T41/><D34/><U84/><E108/><V19/><F0/><W54/><G131/><T1/><D1/><U94/><E7/><V112/><F112/><W114/><G114/><T43/><D127/><N who="1" m="48651" /><E3/><V79/><F93/><W104/><G103/><T15/><D15/><N who="1" m="9375" /><E94/><V48/><F80/><N who="0" m="30826" /><D71/><U105/><E105/><V2/><F2/><W90/><G76/><T99/><D69/><U98/><E98/><V134/><F79/><W75/><G75/><T56/><D43/><N who="1" m="22887" /><E78/><V135/><F134/><W124/><G104/><T23/><D41/><U32/><E32/><V91/><F135/><W115/><G33/><T97/><D97/><U119/><E84/><V60/><F91/><W129/><G90/><T22/><D31/><U55/><E119/><V68/><F68/><W86/><G86/><T77/><D77/><U110/><E110/><V96/><F96/><W11/><G85/><T118/><D118/><U10/><E10/><V52/><REACH who="2" step="1"/><F60/><REACH who="2" ten="227,253,252,248" step="2"/><W100/><G62/><T27/><D99/><U58/><E58/><V17/><F17/><W30/><G18/><T111/><D111/><U130/><E130/><V109/><F109/><W9/><G129/><T66/><D95/><U117/><E117/><V72/><F72/><W73/><G73/><T101/><D89/><U120/><E120/><V40/><AGARI ba="1,2" hai="5,8,12,14,19,20,25,26,40,45,48,52,59,63" machi="40" ten="20,12000,2" yaku="1,1,0,1,7,1,8,1,52,1,54,1,53,1" doraHai="51" doraHaiUra="44" who="2" fromWho="2" sc="227,-61,253,-31,252,143,248,-31" /><INIT seed="5,0,0,4,3,21" ten="166,222,395,217" oya="1" hai0="50,110,7,22,2,30,23,57,115,125,52,116,84" hai1="31,37,94,61,45,12,26,14,10,87,101,6,92" hai2="73,56,102,42,13,93,32,88,77,54,100,106,60" hai3="98,78,39,49,16,95,41,114,20,4,132,103,71"/><U108/><E108/><V126/><F32/><W67/><G39/><T28/><D110/><U118/><E118/><V34/><F34/><W83/><G132/><T47/><D116/><U120/><E120/><V96/><F102/><W91/><G114/><T27/><D115/><U111/><E111/><V70/><F70/><W65/><G4/><T46/><D125/><U99/><E61/><V105/><F42/><W55/><G41/><T35/><D2/><U33/><E14/><V74/><F106/><W51/><G103/><T113/><D113/><U127/><E127/><V40/><F40/><W68/><G68/><T104/><D104/><U90/><E45/><V112/><F112/><W128/><G71/><T0/><D0/><U66/><E66/><V1/><F1/><W44/><G51/><T15/><D35/><U85/><REACH who="1" step="1"/><E37/><REACH who="1" ten="166,212,395,217" step="2"/><V130/><F126/><W97/><G67/><T59/><D47/><U58/><E58/><V123/><F13/><N who="3" m="9231" /><G65/><T124/><D124/><U79/><E79/><V69/><F77/><W86/><G128/><T133/><D133/><U82/><E82/><V107/><F130/><W131/><G131/><T3/><D3/><U72/><E72/><V122/><F74/><W38/><G38/><T80/><D15/><U109/><E109/><V29/><F73/><W81/><G78/><N who="0" m="46103" /><D7/><U134/><E134/><V8/><F123/><W17/><G83/><T9/><D9/><U11/><E11/><V75/><F8/><W19/><G81/><T119/><D119/><U121/><E121/><V76/><F122/><W36/><G36/><T62/><D62/><RYUUKYOKU ba="0,1" sc="166,10,212,10,395,-30,217,10" hai0="22,23,27,28,30,46,50,52,57,59" hai1="6,10,12,26,31,33,85,87,90,92,94,99,101" hai3="17,19,44,49,55,86,91,95,97,98" /><INIT seed="5,1,1,0,0,11" ten="176,222,365,227" oya="1" hai0="12,73,90,75,135,79,107,9,126,81,51,62,123" hai1="87,69,106,8,92,56,23,67,109,24,61,50,102" hai2="116,83,134,114,85,130,77,38,89,119,63,94,6" hai3="122,64,127,110,3,74,46,13,78,65,53,93,4"/><U25/><E109/><V76/><F38/><W59/><G3/><T33/><D33/><U31/><E106/><V22/><F114/><W16/><G4/><T104/><D75/><U133/><E133/><V88/><F134/><W108/><G122/><T19/><D135/><U117/><E117/><V55/><F6/><W72/><G46/><T120/><D126/><U20/><E8/><V97/><F130/><W40/><G40/><T71/><D51/><U118/><E118/><V96/><F119/><W54/><G127/><T27/><D90/><U0/><E0/><V35/><F35/><W28/><G28/><T86/><D73/><U30/><E50/><V112/><F112/><W32/><G32/><T10/><D27/><U101/><E69/><V58/><F116/><W131/><G74/><T99/><D99/><U39/><E39/><V80/><F83/><W105/><G105/><T45/><D45/><U26/><E25/><V21/><F96/><W115/><G115/><T125/><D125/><U70/><E70/><V84/><F97/><W29/><G72/><T52/><D10/><U91/><AGARI ba="1,1" hai="20,23,24,26,30,31,56,61,67,87,91,92,101,102" machi="91" ten="30,6000,0" yaku="0,1,9,1,8,1" doraHai="11" who="1" fromWho="1" sc="176,-21,222,73,365,-21,227,-21" /><INIT seed="5,2,0,1,0,106" ten="155,295,344,206" oya="1" hai0="22,110,38,116,112,104,26,117,5,93,85,28,133" hai1="83,111,4,35,103,60,87,115,17,84,51,89,11" hai2="135,3,68,63,118,132,6,59,19,109,102,12,48" hai3="25,31,96,43,97,47,29,92,80,50,41,64,8"/><U91/><E35/><V128/><F118/><W113/><G113/><T134/><D104/><U55/><E115/><V94/><F128/><W27/><G64/><T2/><D38/><U77/><E111/><V32/><F109/><W65/><G65/><T20/><D85/><U121/><E121/><V74/><F32/><W46/><G8/><N who="0" m="2103" /><D93/><U54/><E103/><V14/><F74/><W37/><G80/><T13/><D110/><U9/><E77/><V76/><F76/><W58/><G58/><T105/><D105/><U0/><E60/><V100/><F68/><W130/><G130/><T10/><D22/><U33/><E33/><V131/><F3/><W23/><G92/><T79/><D79/><U62/><E62/><V81/><F94/><W49/><G37/><T21/><D21/><AGARI ba="2,0" hai="21,23,25,27,29,31,41,43,46,47,49,50,96,97" machi="21" ten="30,8000,1" yaku="7,1,32,3,8,1" doraHai="106" who="3" fromWho="0" sc="155,-86,295,0,344,0,206,86" /><INIT seed="6,0,0,2,3,7" ten="69,295,344,292" oya="2" hai0="8,29,113,116,5,2,24,66,4,111,95,57,120" hai1="115,70,51,83,106,28,62,103,100,92,77,123,15" hai2="91,22,76,134,32,18,67,41,101,135,99,20,85" hai3="53,21,3,110,17,30,107,65,68,50,27,63,122"/><V9/><F32/><W105/><G122/><T1/><D95/><U19/><E106/><V60/><F76/><W133/><G110/><T33/><D57/><U6/><E123/><V12/><F41/><W72/><G72/><T124/><D66/><U75/><E115/><V86/><F101/><W47/><G133/><N who="2" m="50697" /><F99/><W59/><G3/><T23/><D120/><U13/><E28/><V10/><F22/><W73/><G73/><T93/><D93/><U0/><E0/><V58/><F86/><W88/><G30/><T16/><D116/><U52/><E92/><AGARI ba="0,0" hai="9,10,12,18,20,58,60,67,85,91,92" m="50697" machi="92" ten="30,5800,0" yaku="20,1,52,2" doraHai="7" who="2" fromWho="1" sc="69,0,295,-58,344,58,292,0" /><INIT seed="6,1,0,2,2,52" ten="69,237,402,292" oya="2" hai0="90,129,5,59,38,74,23,6,69,99,134,87,84" hai1="133,79,33,32,16,130,28,8,110,12,31,85,132" hai2="95,127,20,14,41,114,17,53,93,29,70,13,92" hai3="98,77,42,46,67,116,27,126,61,94,102,10,80"/><V9/><F70/><W66/><G126/><T65/><D69/><U109/><E130/><V7/><F41/><W100/><G116/><T86/><D74/><U68/><E79/><V119/><F119/><W104/><G104/><T40/><D129/><U56/><E85/><V22/><F114/><W120/><G120/><T78/><D134/><N who="1" m="51819" /><E56/><V107/><F107/><W117/><G117/><T43/><D78/><U131/><E68/><V88/><F127/><W113/><G102/><T48/><D38/><U82/><E82/><V57/><F29/><N who="1" m="11337" /><E131/><V128/><F128/><W21/><G10/><T63/><D23/><U97/><E97/><N who="2" m="57479" /><F20/><W18/><G113/><T112/><D112/><U121/><E121/><V76/><F76/><W118/><G118/><T44/><REACH who="0" step="1"/><D43/><REACH who="0" ten="59,237,402,292" step="2"/><U2/><E33/><V71/><F71/><W89/><G77/><T123/><D123/><U25/><E32/><V47/><F47/><W96/><G46/><T39/><D39/><U115/><E115/><V60/><AGARI ba="1,1" hai="7,9,13,14,17,22,53,57,60,93,95" m="57479" machi="60" ten="30,6000,0" yaku="8,1,52,1,54,1" doraHai="52" who="2" fromWho="2" sc="59,-21,237,-21,402,73,292,-21" /><INIT seed="6,2,0,0,2,29" ten="38,216,475,271" oya="2" hai0="65,54,27,52,5,111,21,122,119,109,60,64,69" hai1="28,102,77,15,4,34,13,103,104,78,134,58,117" hai2="71,37,22,62,19,11,79,50,44,6,67,14,35" hai3="61,96,130,108,121,72,74,126,25,43,2,55,26"/><V3/><F35/><W36/><G2/><T99/><D5/><U132/><E117/><V17/><F37/><W76/><G76/><T0/><D0/><U101/><E104/><V31/><F79/><N who="1" m="30217" /><E58/><V93/><F31/><W91/><G26/><T30/><D119/><U95/><E95/><V114/><F114/><W98/><G25/><T129/><D129/><U80/><E80/><V10/><F93/><W125/><G61/><T110/><D122/><U33/><E4/><V82/><F82/><W75/><G55/><T8/><D8/><U70/><E28/><V63/><F62/><W41/><G36/><T127/><D127/><N who="3" m="48649" /><G108/><T49/><D65/><U59/><E59/><V48/><F44/><W68/><G68/><T116/><D116/><U24/><E24/><AGARI ba="2,0" hai="3,6,10,11,14,17,19,22,24,48,50,63,67,71" machi="24" ten="30,1500,0" yaku="7,1" doraHai="29" who="2" fromWho="1" sc="38,0,216,-21,475,21,271,0" /><INIT seed="6,3,0,2,4,105" ten="38,195,496,271" oya="2" hai0="111,116,24,82,37,87,14,78,75,27,42,26,97" hai1="86,18,61,41,89,30,93,80,103,84,95,36,57" hai2="112,65,85,132,11,83,88,120,72,28,46,62,67" hai3="114,125,1,12,118,7,134,135,2,70,32,34,31"/><V5/><F120/><W131/><G70/><T6/><D111/><U122/><E122/><V96/><F112/><W64/><G64/><T109/><D109/><U10/><E30/><V48/><F28/><W76/><G76/><T69/><D69/><U107/><E107/><V35/><F35/><N who="3" m="13355" /><G114/><T8/><D116/><U3/><E103/><V4/><F132/><N who="3" m="50731" /><G118/><T40/><D37/><U113/><E113/><V133/><F96/><W56/><G56/><T21/><D21/><U17/><E3/><V63/><F67/><W123/><G31/><T51/><D97/><U49/><E36/><V71/><F63/><W104/><G104/><T54/><REACH who="0" step="1"/><D87/><REACH who="0" ten="28,195,496,271" step="2"/><U106/><E84/><N who="2" m="50207" /><F71/><W15/><G123/><T22/><D22/><U19/><E86/><V117/><F133/><W59/><G131/><T52/><D52/><U60/><E41/><V121/><F85/><W74/><G125/><T90/><D90/><U68/><E89/><V33/><F121/><W77/><G77/><T100/><D100/><U29/><E68/><V73/><F117/><W108/><G108/><T81/><D81/><U38/><E38/><V102/><F33/><W110/><G110/><T91/><D91/><U94/><E80/><V130/><F102/><W9/><G9/><T47/><AGARI ba="3,1" hai="6,8,14,24,26,27,40,42,47,51,54,75,78,82" machi="47" ten="30,4000,0" yaku="1,1,0,1,52,1,53,0" doraHai="105" doraHaiUra="124" who="0" fromWho="0" sc="28,59,195,-13,496,-23,271,-13" /><INIT seed="7,0,0,3,2,36" ten="87,182,473,258" oya="3" hai0="135,97,8,43,128,78,131,48,115,37,67,64,34" hai1="103,0,86,44,58,40,108,89,113,56,123,87,60" hai2="82,61,117,95,5,127,116,110,11,105,84,41,121" hai3="25,129,92,134,15,49,70,126,118,125,28,114,1"/><W90/><G1/><T99/><D34/><U14/><E0/><V96/><F105/><W80/><G70/><T63/><D78/><U120/><E108/><V83/><F110/><W50/><G118/><T23/><D23/><U69/><E69/><V18/><F127/><N who="3" m="48651" /><G114/><T76/><D76/><U100/><E113/><V75/><F121/><W10/><G80/><T107/><D37/><U21/><E120/><V104/><F82/><W59/><G59/><T133/><D115/><U88/><E123/><V13/><F75/><W106/><G106/><T132/><D8/><U130/><E130/><N who="0" m="49705" /><D107/><U74/><E74/><V52/><F104/><W55/><G55/><T17/><D63/><U73/><E73/><V111/><F52/><W65/><G65/><N who="0" m="25163" /><D17/><U112/><E112/><V4/><F61/><W35/><G129/><T42/><D48/><N who="1" m="26631" /><E60/><V7/><F111/><W31/><G50/><T109/><D109/><U33/><E33/><V57/><F57/><W62/><G49/><T54/><D54/><U9/><E21/><V98/><F83/><W51/><G51/><T72/><D72/><U20/><E20/><V46/><F117/><W71/><G62/><T53/><D53/><U32/><E32/><V19/><F116/><W30/><G71/><T2/><D2/><U22/><E22/><V27/><F46/><W85/><G35/><T79/><D79/><U68/><E58/><V101/><F95/><W66/><G92/><T81/><D81/><N who="1" m="49231" /><E56/><V94/><F94/><W47/><G10/><T24/><D24/><U38/><E9/><V102/><F11/><W6/><G25/><RYUUKYOKU ba="0,0" sc="87,30,182,-10,473,-10,258,-10" hai0="42,43,97,99,132,133,135" owari="117,-38.0,172,-23.0,463,56.0,248,5.0" /></mjloggm>