<mjloggm ver="2.3"><GO type="41"/><UN n0="%E5%88%9D%E4%BB%A3%E9%BB%92%E8%B1%B9" n1="%E3%82%AC%E3%83%81%E6%9D%BE" n2="%EF%BC%88%E2%89%A7%E2%96%BD%E2%89%A6%EF%BC%89" n3="%E3%82%BC%E3%83%B3%E3%83%84%E3%83%83%E3%83%91%E5%90%9B" dan="15,14,15,15" rate="1986,1900,2035,1924" sx="M,M,M,M"/><TAIKYOKU oya="0"/><INIT seed="0,0,0,4,5,95" ten="250,250,250,250" oya="0" hai0="50,88,46,3,67,72,39,57,108,103,38,130,127" hai1="115,79,85,76,30,110,17,81,84,100,14,37,16" hai2="77,4,134,32,23,70,74,63,42,117,104,92,105" hai3="20,55,98,69,93,35,29,65,119,94,132,120,101"/><T12/><D72/><U75/><E37/><V82/><F32/><W48/><G119/><T19/><D3/><U15/><E110/><V45/><F117/><W13/><G120/><T71/><D108/><U6/><E115/><V31/><F134/><W8/><G35/><T68/><D103/><U97/><E30/><V2/><F92/><W18/><G69/><T41/><D38/><U25/><E25/><V10/><F23/><W118/><G118/><T73/><D73/><U26/><E26/><V135/><F31/><W47/><G65/><T51/><D51/><U62/><E6/><V43/><F43/><W121/><G121/><T1/><D1/><U125/><E125/><V53/><F135/><W22/><G132/><T123/><D127/><U24/><E100/><V109/><F109/><W7/><G29/><T11/><D123/><U126/><E126/><V36/><F53/><W112/><G112/><T52/><D130/><U133/><E133/><V107/><F104/><W61/><G61/><N who="0" m="40047" /><D71/><U116/><E116/><V80/><F80/><W91/><REACH who="3" step="1"/><G7/><REACH who="3" ten="250,250,250,240" step="2"/><T44/><D46/><U66/><E66/><AGARI ba="0,1" hai="2,4,10,36,42,45,63,66,70,74,77,82,105,107" machi="66" ten="40,8000,1" yaku="25,2,33,3" doraHai="95" who="2" fromWho="1" sc="250,0,250,-80,250,90,240,0" /><INIT seed="1,0,0,4,1,91" ten="250,170,340,240" oya="1" hai0="8,3,111,70,108,11,88,27,0,128,43,120,1" hai1="56,6,20,109,73,105,97,135,2,19,31,57,80" hai2="35,47,114,65,33,44,112,98,106,96,87,10,132" hai3="119,46,18,38,72,52,107,127,14,54,4,93,99"/><U32/><E135/><V12/><F132/><W94/><G72/><T48/><D70/><U92/><E105/><V66/><F87/><W63/><G127/><T51/><D43/><U76/><E109/><N who="0" m="42057" /><D120/><U95/><E31/><V40/><F106/><W82/><G119/><T75/><D75/><U67/><E32/><N who="2" m="12363" /><F10/><N who="0" m="3626" /><D27/><U36/><E36/><V13/><F40/><W17/><G38/><T50/><D128/><U5/><E2/><N who="0" m="513" /><T61/><DORA hai="134" /><D61/><U130/><E130/><V126/><F13/><W77/><G107/><T101/><D101/><U41/><E41/><V125/><F12/><W49/><G99/><N who="2" m="37929" /><F44/><W81/><G77/><T115/><D115/><N who="2" m="44074" /><F47/><W37/><G37/><T86/><D48/><U122/><E122/><V133/><F133/><W64/><G64/><AGARI ba="0,0" hai="64,65,66,125,126" m="44074,37929,12363" machi="64" ten="40,8000,1" yaku="28,2,11,1,52,2" doraHai="91,134" who="2" fromWho="3" sc="250,0,170,0,340,80,240,-80" /><INIT seed="2,0,0,5,5,92" ten="250,170,420,160" oya="2" hai0="61,133,42,99,21,129,36,127,116,80,82,51,32" hai1="131,22,44,59,23,57,15,10,104,11,87,16,17" hai2="37,126,49,68,96,3,62,2,60,120,76,128,6" hai3="95,70,58,48,19,35,9,89,112,94,122,8,77"/><V119/><F37/><W27/><G122/><T33/><D36/><U25/><E104/><V0/><F120/><W28/><G70/><T53/><D116/><U88/><E131/><V1/><F119/><W30/><G112/><T93/><D129/><U97/><E44/><V100/><F128/><W71/><G71/><T73/><D73/><U4/><E4/><V118/><F118/><W72/><G30/><T5/><D5/><U134/><E134/><V135/><F135/><W43/><G95/><T102/><D133/><U132/><E132/><V106/><F126/><W46/><G77/><T34/><D127/><U111/><E111/><V81/><F49/><W45/><G72/><T39/><D39/><U26/><E97/><V56/><F68/><W105/><G105/><T20/><D42/><U113/><E113/><V66/><F62/><W84/><G19/><T85/><D61/><U98/><E98/><V75/><REACH who="2" step="1"/><F1/><REACH who="2" ten="250,170,410,160" step="2"/><W123/><G123/><T40/><D40/><U65/><E65/><V38/><F38/><W63/><REACH who="3" step="1"/><G46/><REACH who="3" ten="250,170,410,150" step="2"/><T12/><D34/><U14/><REACH who="1" step="1"/><E88/><REACH who="1" ten="250,160,410,150" step="2"/><V79/><F79/><W125/><G125/><T29/><D33/><U54/><E54/><AGARI ba="0,3" hai="8,9,27,28,35,43,45,48,54,58,63,84,89,94" machi="54" ten="30,3900,0" yaku="1,1,7,1,53,1" doraHai="92" doraHaiUra="24" who="3" fromWho="1" sc="250,0,160,-39,410,0,150,69" /><INIT seed="3,0,0,5,4,120" ten="250,121,410,219" oya="3" hai0="13,67,116,32,110,51,58,74,75,57,9,98,83" hai1="127,41,66,15,17,103,80,97,111,18,96,26,115" hai2="7,118,43,25,35,106,23,65,119,36,22,101,123" hai3="126,34,121,33,61,124,78,71,10,91,11,54,5"/><W86/><G121/><T63/><D32/><N who="3" m="12393" /><G78/><T90/><D116/><U50/><E115/><V125/><F123/><W108/><G71/><T37/><D37/><U21/><E127/><N who="3" m="48682" /><G5/><T95/><D83/><U56/><E96/><V72/><F7/><W133/><G133/><T87/><D98/><U0/><E0/><V92/><F125/><W49/><G61/><T77/><D77/><U16/><E111/><V130/><F118/><W42/><G42/><T19/><D110/><U122/><E122/><V6/><F6/><W4/><G4/><T76/><D76/><U94/><E80/><V24/><F119/><W132/><G132/><T113/><D113/><U12/><E41/><V114/><F43/><W60/><G60/><T79/><D79/><U70/><E70/><V131/><F114/><W64/><G64/><T68/><D68/><U20/><E50/><V28/><F65/><W48/><G108/><T102/><D102/><U62/><E21/><V52/><F101/><W134/><G134/><T105/><D105/><U14/><AGARI ba="0,0" hai="12,14,15,16,17,18,20,26,56,62,66,94,97,103" machi="14" ten="30,4000,0" yaku="0,1,8,1,54,1" doraHai="120" who="1" fromWho="1" sc="250,-10,121,40,410,-10,219,-20" /><INIT seed="4,0,0,4,5,123" ten="240,161,400,199" oya="0" hai0="69,27,129,68,118,119,117,61,99,47,128,19,49" hai1="21,82,109,50,45,41,71,126,111,77,36,73,2" hai2="115,17,105,28,32,33,114,51,91,96,87,55,90" hai3="112,16,83,95,92,120,65,70,89,75,30,6,53"/><T52/><D99/><U9/><E126/><V56/><F17/><W10/><G120/><T22/><REACH who="0" step="1"/><D61/><REACH who="0" ten="230,161,400,199" step="2"/><U100/><E50/><V15/><F51/><W135/><G95/><T58/><D58/><U59/><E59/><V1/><F56/><W67/><G92/><T97/><D97/><U94/><E21/><V133/><F96/><W24/><G67/><T102/><D102/><U42/><E42/><V86/><F33/><W60/><G60/><T113/><D113/><U101/><E71/><AGARI ba="0,1" hai="19,22,27,47,49,52,68,69,71,117,118,119,128,129" machi="71" ten="50,4800,0" yaku="1,1,54,1,53,0" doraHai="123" doraHaiUra="130" who="0" fromWho="1" sc="230,58,161,-48,400,0,199,0" /><INIT seed="4,1,0,3,3,17" ten="288,113,400,199" oya="0" hai0="126,35,43,28,75,134,116,15,12,85,91,131,128" hai1="67,87,81,82,77,103,6,69,52,68,124,95,50" hai2="93,59,117,13,96,55,32,23,61,14,40,57,125" hai3="27,47,8,53,109,71,16,37,105,119,26,19,132"/><T64/><D75/><U133/><E133/><V83/><F32/><W86/><G109/><T118/><D43/><U100/><E124/><V106/><F106/><W65/><G132/><T2/><D134/><U108/><E108/><V24/><F40/><W34/><G119/><T7/><D64/><U113/><E113/><V88/><F125/><W114/><G105/><T0/><D85/><U80/><E6/><V94/><F83/><W129/><G114/><T62/><D126/><U10/><E10/><V46/><F46/><W39/><G129/><N who="0" m="49739" /><D62/><U44/><E67/><N who="2" m="39343" /><F94/><W78/><G65/><T54/><D54/><U42/><E42/><V102/><F102/><W5/><G71/><T135/><D91/><U121/><E121/><V38/><F38/><W33/><G86/><T73/><D73/><U127/><E127/><V89/><F89/><W3/><G78/><T74/><D74/><U70/><REACH who="1" step="1"/><E95/><REACH who="1" ten="288,103,400,199" step="2"/><V49/><F117/><N who="0" m="45162" /><D135/><U76/><E76/><V51/><F51/><W9/><G5/><T22/><D7/><U72/><E72/><V90/><F90/><W58/><G39/><T4/><D4/><U123/><E123/><V79/><F79/><W56/><G37/><T1/><D35/><U122/><E122/><V31/><AGARI ba="1,1" hai="13,14,23,24,31,49,55,59,88,93,96" m="39343" machi="31" ten="30,4000,0" yaku="8,1,52,1,54,1" doraHai="17" who="2" fromWho="2" sc="288,-21,103,-11,400,53,199,-11" /><INIT seed="5,0,0,4,4,40" ten="267,92,453,188" oya="1" hai0="47,120,93,104,55,132,9,51,108,38,42,8,19" hai1="53,86,66,102,91,10,76,3,44,34,124,122,125" hai2="59,72,70,29,4,17,107,109,123,56,128,77,103" hai3="65,78,94,92,95,27,46,67,96,134,119,15,111"/><U7/><E122/><V50/><F70/><W68/><G111/><T57/><D104/><U5/><E66/><V33/><F123/><W105/><G119/><T85/><D108/><U99/><E34/><V82/><F109/><W90/><G134/><T6/><D132/><U28/><E28/><V121/><F121/><W18/><G78/><T115/><D120/><U0/><E76/><V39/><F39/><W106/><G67/><T89/><D6/><U100/><E86/><V43/><F4/><W63/><G94/><T54/><D54/><U1/><E91/><V79/><F79/><W113/><G113/><T84/><D84/><U35/><E35/><V101/><F128/><W127/><G127/><T24/><D115/><U12/><E7/><V58/><F107/><W129/><G129/><T97/><D85/><U133/><E133/><V71/><F71/><W80/><G80/><T81/><D81/><U117/><E117/><V13/><F29/><W62/><G62/><T41/><D41/><U61/><E61/><V11/><F33/><W110/><G110/><T87/><D97/><U98/><E53/><V22/><F82/><W26/><G95/><T88/><D89/><U2/><N who="1" m="512" /><DORA hai="30" /><U31/><E31/><V112/><F77/><W83/><G83/><T69/><D69/><U14/><E44/><N who="2" m="25887" /><F112/><W75/><G75/><T37/><D37/><U49/><E14/><N who="2" m="7391" /><F72/><W130/><G130/><T23/><AGARI ba="0,0" hai="8,9,19,23,24,38,42,47,51,55,57,87,88,93" machi="23" ten="30,4000,0" yaku="0,1,52,1,54,1" doraHai="40,30" who="0" fromWho="0" sc="267,40,92,-20,453,-10,188,-10" /><INIT seed="6,0,0,0,3,17" ten="307,72,443,178" oya="2" hai0="86,26,63,12,35,70,18,49,48,6,90,20,91" hai1="9,127,111,10,56,61,114,68,72,89,15,77,103" hai2="41,37,132,30,36,28,29,117,121,94,105,106,112" hai3="45,32,4,27,25,39,59,104,23,102,5,134,98"/><V54/><F121/><W74/><G74/><T24/><D70/><U21/><E114/><V95/><F117/><W14/><G134/><T31/><D90/><U7/><E111/><V46/><F112/><W67/><G27/><T53/><D63/><U2/><E127/><V97/><F132/><W75/><G75/><T107/><D107/><U65/><E103/><V109/><F109/><W69/><G59/><T60/><D60/><U8/><E68/><V11/><F37/><W42/><G14/><T73/><D73/><U85/><E77/><V83/><F83/><W128/><G128/><T122/><D122/><U100/><E100/><V66/><F66/><W124/><G124/><T57/><D48/><U87/><E72/><V71/><F71/><W135/><G135/><T88/><D6/><U22/><E85/><V131/><F131/><W34/><G34/><T81/><D26/><U62/><E61/><V16/><F54/><W43/><G43/><T120/><D120/><U108/><E108/><V84/><F84/><W123/><G123/><T13/><D91/><U126/><E126/><V96/><F106/><W78/><G78/><T113/><D113/><U119/><E119/><V93/><F105/><W38/><G38/><T116/><D116/><U110/><E110/><V133/><F133/><W125/><G125/><T3/><D3/><U33/><E33/><V76/><F76/><W130/><G130/><T47/><D47/><U50/><E50/><V0/><F0/><W44/><G39/><T101/><D101/><U80/><E9/><V1/><F36/><W55/><G104/><RYUUKYOKU ba="0,0" sc="307,15,72,15,443,-15,178,-15" hai0="12,13,18,20,24,31,35,49,53,57,81,86,88" hai1="2,7,8,10,15,21,22,56,62,65,80,87,89" /><INIT seed="7,1,0,0,2,121" ten="322,87,428,163" oya="3" hai0="83,99,77,84,5,42,97,58,131,61,7,133,65" hai1="129,130,10,49,24,55,105,48,38,88,18,27,29" hai2="1,117,28,72,45,120,104,135,96,102,41,40,94" hai3="103,73,71,118,0,37,80,54,35,19,119,66,78"/><W85/><G37/><T32/><D32/><U43/><E105/><V67/><F117/><W8/><G35/><T75/><D75/><U122/><E122/><V106/><F120/><W111/><G111/><T98/><D133/><U25/><E38/><V31/><F1/><W17/><G103/><T59/><D131/><U107/><E107/><V22/><F72/><W100/><G100/><T124/><D124/><U101/><E101/><V51/><F135/><W14/><G0/><T16/><D42/><U36/><E36/><V44/><F67/><W47/><G19/><T34/><D34/><U12/><E129/><V115/><F115/><W74/><G74/><T52/><D7/><U113/><E113/><V62/><F62/><W21/><G21/><T63/><D5/><U81/><E130/><V46/><F46/><W93/><G66/><T125/><D125/><U2/><E2/><V86/><F22/><W9/><G71/><T26/><D99/><U126/><E126/><V3/><F3/><W114/><G114/><T123/><D123/><U39/><E39/><V23/><F106/><W128/><G128/><T92/><D92/><U56/><E43/><V70/><F41/><W4/><G93/><T134/><D134/><U50/><REACH who="1" step="1"/><E29/><REACH who="1" ten="322,77,428,163" step="2"/><V68/><F31/><W69/><G119/><T13/><REACH who="0" step="1"/><D26/><REACH who="0" ten="312,77,428,163" step="2"/><U112/><E112/><V109/><F96/><W116/><G116/><T95/><D95/><U76/><E76/><V30/><F94/><W11/><G118/><T127/><D127/><U110/><E110/><V132/><F109/><W90/><G4/><T53/><D53/><RYUUKYOKU ba="1,2" sc="312,15,77,15,428,-15,163,-15" hai0="13,16,52,58,59,61,63,65,77,83,84,97,98" hai1="10,12,18,24,25,27,48,49,50,55,56,81,88" owari="327,13.0,92,-41.0,433,53.0,148,-25.0" /></mjloggm>