<mjloggm ver="2.3"><GO type="41"/><UN n0="%E3%81%93%E3%81%8D%E3%81%9F%E3%81%A6%E3%81%B2%E3%83%BC%E3%81%B2%E3%83%BC" n1="%70%61%72%61%73%70%6F%72" n2="%6A%69%61%6E%62%6F%75" n3="%E3%82%A6%E3%83%AB%E3%83%88%E3%83%A9%E7%AB%8B%E7%9B%B4" dan="14,13,15,15" rate="1919,1838,1943,2020" sx="M,M,M,M"/><TAIKYOKU oya="0"/><INIT seed="0,0,0,4,1,31" ten="250,250,250,250" oya="0" hai0="30,71,14,123,74,41,111,50,48,122,39,67,78" hai1="22,91,102,96,3,114,109,83,56,76,25,23,37" hai2="19,98,6,81,130,65,27,115,87,121,105,26,53" hai3="34,16,120,113,82,104,28,1,15,29,72,62,4"/><T118/><D118/><U45/><E3/><V106/><F121/><W43/><G104/><T129/><D30/><U52/><E109/><V49/><F115/><W5/><G62/><T33/><D33/><U132/><E91/><V47/><F130/><W57/><G57/><T107/><D107/><U85/><E114/><V32/><F6/><W79/><G5/><T9/><D129/><U8/><E8/><V101/><F106/><W17/><G113/><T18/><D111/><U90/><E90/><V89/><F65/><W119/><G119/><T66/><D78/><U63/><E132/><V64/><F32/><W84/><G84/><T21/><D74/><U133/><E133/><V36/><F64/><W2/><G2/><T125/><D125/><U0/><E0/><V128/><F128/><W131/><G131/><T124/><D124/><U13/><E13/><V94/><F36/><W95/><G95/><T42/><D122/><U99/><E23/><V135/><F135/><W24/><G29/><T40/><D123/><U68/><E68/><V86/><F86/><W127/><G127/><T75/><D75/><U116/><E116/><V108/><F108/><W46/><G15/><T69/><D39/><U60/><E60/><V51/><F105/><W20/><G20/><T58/><D71/><U134/><E134/><V77/><F77/><W55/><G55/><N who="0" m="32119" /><D69/><U93/><E99/><V70/><F70/><W11/><G120/><T92/><D92/><U12/><E37/><AGARI ba="0,0" hai="1,4,11,16,17,24,28,34,37,43,46,72,79,82" machi="37" ten="30,8000,1" yaku="7,1,25,2,52,1,54,1" doraHai="31" who="3" fromWho="1" sc="250,0,250,-80,250,0,250,80" /><INIT seed="1,0,0,3,5,133" ten="250,170,250,330" oya="1" hai0="105,26,19,103,49,35,109,124,17,64,128,87,98" hai1="96,111,56,135,15,86,40,83,37,16,90,24,80" hai2="53,92,113,55,10,81,48,77,12,99,120,121,82" hai3="94,29,36,51,66,5,61,75,0,73,7,4,107"/><U9/><E135/><V76/><F113/><W34/><G0/><T132/><D132/><U123/><E123/><V89/><F121/><W50/><G36/><T3/><D3/><U93/><E111/><V18/><F120/><W54/><G107/><T21/><D109/><U118/><E118/><V130/><F130/><W65/><G34/><T115/><D115/><U41/><E37/><V85/><REACH who="2" step="1"/><F48/><REACH who="2" ten="250,170,240,330" step="2"/><W38/><G38/><T28/><D128/><U84/><E56/><V117/><F117/><W78/><G51/><T23/><D49/><U102/><REACH who="1" step="1"/><E24/><REACH who="1" ten="250,160,240,330" step="2"/><V11/><F11/><W114/><G114/><T119/><D119/><U100/><E100/><V112/><F112/><W127/><G50/><T13/><D26/><U125/><E125/><V70/><F70/><W97/><G127/><T95/><D124/><U57/><E57/><V33/><F33/><W45/><G45/><T39/><D35/><U122/><E122/><V134/><F134/><W58/><G58/><T126/><D126/><U25/><E25/><V20/><F20/><W110/><G110/><T44/><D23/><U32/><E32/><V1/><F1/><W60/><G66/><T101/><D21/><U6/><E6/><V31/><F31/><W88/><G29/><T30/><D28/><U8/><E8/><V104/><F104/><W108/><G108/><T79/><D30/><U63/><E63/><V106/><F106/><W46/><G65/><T69/><D105/><U43/><E43/><V42/><F42/><W22/><G60/><T72/><D64/><U131/><E131/><V59/><F59/><RYUUKYOKU ba="0,2" sc="250,-15,160,15,240,15,330,-15" hai1="9,15,16,40,41,80,83,84,86,90,93,96,102" hai2="10,12,18,53,55,76,77,81,82,85,89,92,99" /><INIT seed="1,1,2,0,4,5" ten="235,175,255,315" oya="1" hai0="32,109,84,31,63,33,130,127,47,86,35,29,10" hai1="36,67,38,110,81,83,50,53,89,8,134,87,23" hai2="22,128,112,1,62,119,74,104,2,108,54,20,41" hai3="14,92,52,91,34,95,25,115,70,60,129,93,55"/><U72/><E67/><V0/><F104/><W113/><G129/><T65/><D130/><U111/><E134/><V114/><F128/><W56/><G70/><T132/><D132/><U26/><E72/><V126/><F74/><W6/><G113/><T79/><D127/><U59/><E81/><V28/><F41/><W135/><G115/><N who="2" m="44073" /><F119/><W43/><G43/><T75/><D109/><N who="1" m="41483" /><E8/><V100/><F108/><W102/><G102/><T122/><D122/><U116/><E116/><V80/><F100/><W118/><G118/><T44/><D79/><U98/><E98/><V123/><F80/><W106/><G135/><T85/><D75/><U117/><E117/><V73/><F73/><W30/><G106/><T57/><REACH who="0" step="1"/><D10/><REACH who="0" ten="225,175,255,315" step="2"/><U78/><E78/><V46/><F123/><W97/><G55/><T71/><D71/><U105/><E105/><V66/><F126/><W18/><G6/><T61/><D61/><U90/><E90/><V120/><F120/><W101/><G91/><T94/><D94/><U121/><E121/><V51/><F28/><AGARI ba="1,3" hai="28,29,31,32,33,35,44,47,57,63,65,84,85,86" machi="28" ten="50,8000,1" yaku="1,1,53,3" doraHai="5" doraHaiUra="27" who="0" fromWho="2" sc="225,113,175,0,255,-83,315,0" /><AGARI ba="1,0" hai="23,26,28,36,38,50,53,59,83,87,89" m="41483" machi="28" ten="30,2900,0" yaku="14,1,10,1" doraHai="5" who="1" fromWho="2" sc="338,0,175,29,172,-29,315,0" /><INIT seed="1,2,0,0,3,66" ten="338,204,143,315" oya="1" hai0="88,23,125,63,38,56,52,62,115,14,112,108,18" hai1="84,118,92,7,64,10,43,49,2,87,102,42,61" hai2="70,6,34,59,116,132,21,31,50,15,97,9,51" hai3="128,107,129,3,85,17,86,67,48,106,82,13,93"/><U126/><E118/><V81/><F116/><W74/><G3/><T113/><D38/><U100/><E126/><V32/><F70/><W123/><G48/><T53/><D125/><U71/><E43/><V101/><F132/><W29/><G29/><T127/><D127/><U131/><E131/><V99/><F99/><W5/><G5/><T109/><D88/><U22/><E22/><V11/><F81/><W122/><G67/><T12/><D12/><U98/><REACH who="1" step="1"/><E102/><REACH who="1" ten="338,194,143,315" step="2"/><V44/><F34/><W111/><G128/><T28/><D115/><U45/><AGARI ba="2,1" hai="2,7,10,42,45,49,61,64,71,84,87,92,98,100" machi="45" ten="30,11700,0" yaku="1,1,2,1,0,1,52,1,53,0" doraHai="66" doraHaiUra="16" who="1" fromWho="1" sc="338,-41,194,133,143,-41,315,-41" /><INIT seed="1,3,0,2,4,80" ten="297,327,102,274" oya="1" hai0="18,95,42,17,98,59,111,48,46,74,32,115,52" hai1="99,72,128,25,4,38,24,40,79,78,86,122,108" hai2="107,12,116,100,134,85,89,64,51,130,11,34,36" hai3="102,132,112,76,83,37,30,2,121,61,113,92,57"/><U26/><E122/><V8/><F116/><W133/><G37/><T15/><D115/><U129/><E72/><V3/><F36/><W13/><G2/><T5/><D111/><U58/><E108/><V93/><F34/><W47/><G30/><T114/><D114/><U117/><E117/><V118/><F118/><W43/><G121/><T104/><D104/><U90/><E99/><V53/><F134/><N who="3" m="51819" /><G13/><T50/><D74/><U81/><E4/><V41/><F130/><N who="1" m="50281" /><E58/><V16/><F41/><W65/><G92/><T105/><D105/><U56/><E56/><V73/><F73/><W109/><G102/><T0/><D0/><U87/><E87/><V77/><F77/><W82/><G109/><T71/><D71/><U22/><E22/><V39/><F39/><N who="3" m="22015" /><G82/><T125/><D125/><U19/><E19/><V63/><F107/><W31/><G31/><T21/><D32/><U60/><E60/><V54/><F100/><W131/><G131/><T28/><D28/><U14/><E14/><V9/><F3/><W67/><G67/><T88/><REACH who="0" step="1"/><D18/><REACH who="0" ten="287,327,102,274" step="2"/><U119/><E119/><V124/><F124/><W91/><G113/><T69/><D69/><U6/><E6/><AGARI ba="3,1" hai="5,6,15,17,21,42,46,48,50,52,59,88,95,98" machi="6" ten="40,12000,2" yaku="1,1,8,1,54,2,53,2" doraHai="80" doraHaiUra="45" who="0" fromWho="1" sc="287,139,327,-129,102,0,274,0" /><INIT seed="2,0,0,0,2,84" ten="426,198,102,274" oya="2" hai0="0,21,104,126,48,38,51,4,114,86,46,67,93" hai1="39,75,23,112,130,47,50,101,108,109,25,113,85" hai2="97,72,12,133,28,90,100,91,19,69,73,94,17" hai3="79,80,74,131,27,16,124,26,57,135,61,44,83"/><V36/><F69/><W128/><G124/><T77/><D114/><U13/><E75/><V78/><F36/><W134/><G44/><T118/><D104/><U37/><E101/><V5/><F73/><W116/><G116/><T10/><D118/><U99/><E99/><V40/><F72/><W65/><G83/><T70/><D126/><U7/><E85/><V9/><F78/><W15/><G27/><T3/><D3/><U2/><E2/><V125/><F125/><W106/><G26/><T102/><D21/><U6/><E130/><V52/><F40/><W42/><G42/><T105/><D105/><U34/><E34/><V117/><F117/><W35/><G35/><T60/><D38/><U119/><E119/><V43/><F43/><W18/><G106/><T95/><D102/><U98/><E39/><V1/><F133/><N who="3" m="50699" /><G15/><T68/><D68/><U111/><E37/><V120/><F120/><W59/><G59/><T22/><D22/><U76/><E13/><V32/><F32/><W121/><G121/><T81/><D51/><U107/><E76/><V41/><F41/><AGARI ba="0,0" hai="0,4,10,41,46,48,60,67,70,77,81,86,93,95" machi="41" ten="30,1000,0" yaku="7,1" doraHai="84" who="0" fromWho="2" sc="426,10,198,0,102,-10,274,0" /><INIT seed="3,0,0,3,5,81" ten="436,198,92,274" oya="3" hai0="72,112,21,83,62,70,82,49,116,115,71,20,98" hai1="106,118,93,91,125,9,131,55,88,53,58,134,47" hai2="5,11,89,76,1,33,103,127,18,25,60,126,48" hai3="73,86,23,65,14,119,13,128,79,57,78,132,77"/><W113/><G73/><T122/><D122/><U66/><E106/><V0/><F103/><W123/><G123/><T129/><D116/><U111/><E118/><V100/><F100/><W45/><G119/><T28/><D129/><U42/><E131/><V68/><F0/><W59/><G128/><T99/><D72/><U110/><E125/><V46/><F68/><N who="0" m="26154" /><D28/><U95/><E134/><V15/><F60/><N who="3" m="38031" /><G132/><T87/><D49/><N who="1" m="26871" /><E9/><V34/><F76/><W26/><G45/><T109/><D62/><N who="1" m="38231" /><E111/><V32/><F89/><N who="1" m="34377" /><E110/><V117/><F117/><W27/><G59/><T102/><D109/><U12/><E12/><N who="3" m="4714" /><G113/><N who="0" m="43595" /><D102/><U43/><E43/><V22/><F46/><W38/><G38/><T133/><D133/><U41/><E41/><V124/><REACH who="2" step="1"/><F48/><REACH who="2" ten="436,198,82,274" step="2"/><W96/><G78/><N who="0" m="46551" /><D83/><U105/><E105/><V16/><F16/><W40/><G79/><T67/><D67/><U4/><E4/><V10/><F10/><W121/><G121/><T85/><D85/><U51/><E51/><V75/><F75/><W92/><G40/><T30/><D30/><U107/><E107/><V54/><F54/><AGARI ba="0,1" hai="53,54,55,93,95" m="34377,38231,26871" machi="54" ten="30,2000,0" yaku="8,1,54,1" doraHai="81" who="1" fromWho="2" sc="436,0,198,30,82,-20,274,0" /><INIT seed="4,0,0,5,3,131" ten="436,228,62,274" oya="0" hai0="38,18,11,133,77,62,119,31,36,48,82,26,81" hai1="4,102,0,57,109,22,135,111,67,126,14,54,61" hai2="120,33,97,37,95,40,72,75,93,34,106,69,44" hai3="103,101,50,1,56,89,124,27,53,10,104,8,5"/><T129/><D119/><U7/><E7/><V127/><F93/><W73/><G73/><T58/><D129/><U43/><E43/><V15/><F127/><W16/><G104/><T51/><D133/><U116/><E116/><V92/><F92/><W12/><G124/><T13/><D38/><U114/><E126/><V64/><F15/><W84/><REACH who="3" step="1"/><G27/><REACH who="3" ten="436,228,62,264" step="2"/><T9/><D77/><U39/><E111/><V55/><F120/><W134/><G134/><T2/><D81/><AGARI ba="0,1" hai="1,5,8,10,12,16,50,53,56,81,84,89,101,103" machi="81" ten="30,3900,0" yaku="1,1,7,1,54,1,53,0" doraHai="131" doraHaiUra="107" who="3" fromWho="0" sc="436,-39,228,0,62,0,264,49" /><INIT seed="5,0,0,5,5,56" ten="397,228,62,313" oya="1" hai0="121,103,99,58,19,85,23,42,41,130,13,31,96" hai1="18,27,46,77,101,105,34,64,117,15,75,80,110" hai2="73,49,36,16,53,98,11,104,47,5,74,114,109" hai3="57,32,108,12,67,61,82,92,55,135,70,112,86"/><U87/><E117/><V95/><F104/><W113/><G32/><T30/><D121/><U120/><E120/><V71/><F109/><W6/><G108/><T116/><D116/><U127/><E110/><V50/><F36/><W89/><G135/><T97/><D130/><U17/><E127/><V1/><F71/><W39/><G39/><T0/><D0/><U26/><E18/><V66/><F66/><W3/><G3/><T51/><D103/><U22/><E34/><V123/><F114/><W102/><G12/><T62/><D85/><U10/><E10/><V106/><F106/><W48/><G6/><T25/><D51/><U115/><E115/><V83/><F123/><W132/><G132/><T119/><D119/><U24/><E46/><V45/><F83/><W118/><G118/><T28/><D13/><U38/><E38/><V81/><F81/><W72/><G102/><T124/><REACH who="0" step="1"/><D124/><REACH who="0" ten="387,228,62,313" step="2"/><U111/><E111/><V129/><F129/><W44/><G113/><T9/><D9/><U21/><E101/><V134/><F134/><W20/><G112/><T128/><D128/><U133/><E133/><V93/><F74/><W60/><G72/><T65/><AGARI ba="0,1" hai="19,23,25,28,30,31,41,42,58,62,65,96,97,99" machi="65" ten="30,7900,0" yaku="1,1,0,1,8,1,52,1,53,0" doraHai="56" doraHaiUra="29" who="0" fromWho="0" sc="387,89,228,-39,62,-20,313,-20" /><INIT seed="6,0,0,4,0,109" ten="476,189,42,293" oya="2" hai0="65,3,64,13,24,59,39,88,0,84,113,29,105" hai1="130,79,125,107,37,45,89,35,95,63,73,66,116" hai2="12,100,19,30,90,106,6,128,58,101,117,55,26" hai3="82,70,42,32,51,127,7,41,119,43,76,71,52"/><V21/><F117/><W122/><G32/><T36/><D105/><U2/><E2/><V8/><F106/><W135/><G119/><T110/><D110/><U53/><E107/><V123/><F123/><W68/><G122/><T104/><D104/><U5/><E116/><V46/><F128/><W33/><G33/><T11/><D3/><U112/><E35/><V103/><F46/><W86/><G127/><T98/><D0/><U16/><E5/><V67/><F67/><W124/><G124/><T85/><D39/><U49/><E125/><V47/><F47/><W134/><G7/><T60/><D36/><U111/><E111/><V131/><F131/><W50/><REACH who="3" step="1"/><G52/><REACH who="3" ten="476,189,42,283" step="2"/><T92/><D65/><U81/><E130/><V114/><F6/><W120/><G120/><T93/><D64/><U40/><E66/><V102/><N who="2" m="26112" /><DORA hai="129" /><V23/><F114/><W96/><G96/><T75/><D113/><U9/><E112/><V74/><F74/><W77/><G77/><T56/><D75/><U99/><E73/><V44/><F44/><W78/><G78/><T14/><D98/><U34/><E79/><V18/><F90/><W87/><G87/><T115/><D115/><U61/><E89/><V38/><F38/><W10/><G10/><T83/><D11/><U17/><E9/><V94/><F94/><W80/><G80/><T1/><D93/><U62/><E81/><V27/><F55/><W15/><G15/><T118/><D118/><U133/><E95/><V54/><F54/><W108/><G108/><T57/><D83/><U31/><E53/><V25/><F25/><RYUUKYOKU ba="0,1" sc="476,-15,189,-15,42,15,283,15" hai2="8,12,18,19,21,23,26,27,30,58" hai3="41,42,43,50,51,68,70,71,76,82,86,134,135" /><INIT seed="6,1,1,1,4,21" ten="461,174,57,298" oya="2" hai0="27,17,60,70,95,126,20,98,40,37,118,90,36" hai1="41,130,28,34,47,101,77,132,114,105,25,2,8" hai2="112,11,44,91,87,63,64,68,23,99,107,6,110" hai3="71,102,51,135,29,88,22,49,10,128,56,124,24"/><V104/><F112/><W26/><G71/><T66/><D118/><U55/><E55/><V94/><F110/><W92/><G102/><T76/><D126/><U72/><E114/><V65/><F65/><W50/><G124/><T59/><D76/><U108/><E108/><V83/><F44/><W73/><G73/><T78/><D78/><U52/><E52/><V85/><F85/><W31/><G128/><T127/><D127/><U3/><E130/><V33/><F33/><W84/><G135/><T61/><D40/><U69/><E69/><V89/><REACH who="2" step="1"/><F23/><REACH who="2" ten="461,174,47,298" step="2"/><N who="3" m="15519" /><G56/><T123/><D123/><U111/><E111/><V53/><F53/><AGARI ba="1,2" hai="17,20,27,36,37,53,59,60,61,66,70,90,95,98" machi="53" ten="30,7700,0" yaku="7,1,25,2,52,1" doraHai="21" who="0" fromWho="2" sc="461,100,174,0,47,-80,298,0" owari="561,66.0,174,-23.0,-33,-53.0,298,10.0" /></mjloggm>