<mjloggm ver="2.3"><GO type="41"/><UN n0="%E7%89%B9%E6%94%BB%E9%87%8E%E9%83%8E%4A%42%43" n1="%75%6C%74%72%61" n2="%EF%BC%88%E2%89%A7%E2%96%BD%E2%89%A6%EF%BC%89" n3="%6C%6F%76%65%64%6F%67" dan="13,14,15,13" rate="1870,1879,2041,1833" sx="M,M,M,M"/><TAIKYOKU oya="0"/><INIT seed="0,0,0,0,5,5" ten="250,250,250,250" oya="0" hai0="93,37,44,105,75,12,129,36,76,104,99,133,95" hai1="97,23,4,53,29,14,60,130,9,111,49,16,8" hai2="109,13,113,72,24,21,2,58,62,103,3,122,120" hai3="107,82,55,56,84,17,15,74,30,89,106,57,40"/><T90/><D129/><U6/><E111/><V126/><F72/><W18/><G74/><T54/><D133/><U79/><E130/><V35/><F103/><W127/><G127/><T25/><D25/><N who="1" m="16575" /><E79/><V78/><F78/><W22/><G40/><T41/><D76/><U38/><E38/><V135/><F58/><W51/><G30/><T87/><D75/><U68/><E68/><V73/><F62/><W27/><REACH who="3" step="1"/><G57/><REACH who="3" step="2"/><T108/><D108/><U7/><E97/><V110/><F109/><W1/><G1/><T31/><D41/><U69/><E69/><V42/><F2/><W131/><G131/><T71/><D31/><U86/><E86/><V28/><F3/><W61/><G61/><T81/><D87/><U59/><E60/><V10/><F73/><W43/><G43/><T63/><D63/><U101/><E101/><V0/><F110/><W11/><AGARI ba="0,1" hai="11,15,17,18,22,27,51,55,56,82,84,89,106,107" machi="11" ten="20,5200,0" yaku="1,1,0,1,7,1,52,1,53,0" doraHai="5" doraHaiUra="70" who="3" fromWho="3" sc="250,-26,250,-13,250,-13,240,62" /><INIT seed="1,0,0,3,4,84" ten="224,237,237,302" oya="1" hai0="14,116,81,115,105,22,40,17,57,122,34,92,132" hai1="63,15,86,39,133,103,93,58,76,31,125,83,98" hai2="123,54,104,48,124,52,78,32,82,99,102,51,72" hai3="60,106,75,12,28,1,70,2,118,128,80,100,131"/><U5/><E39/><V112/><F124/><W4/><G118/><T79/><D116/><U38/><E38/><V59/><F123/><W21/><G106/><T55/><D105/><U8/><E125/><V71/><F112/><W101/><G75/><T120/><D34/><U130/><E130/><N who="3" m="49706" /><G80/><T129/><D40/><U13/><E133/><V68/><REACH who="2" step="1"/><F32/><REACH who="2" step="2"/><W42/><G42/><T23/><D132/><U61/><E31/><V35/><F35/><W64/><G28/><T126/><D115/><U0/><REACH who="1" step="1"/><E63/><REACH who="1" step="2"/><V11/><F11/><W85/><G60/><T10/><D126/><U24/><E24/><V107/><F107/><W16/><G21/><T65/><D23/><U47/><E47/><AGARI ba="0,2" hai="47,48,51,52,54,59,68,71,72,78,82,99,102,104" machi="47" ten="30,7700,0" yaku="1,1,7,1,54,1,53,1" doraHai="84" doraHaiUra="94" who="2" fromWho="1" sc="224,0,227,-77,227,97,302,0" /><INIT seed="2,0,0,3,0,42" ten="224,150,324,302" oya="2" hai0="92,34,99,73,62,126,18,114,57,66,69,48,14" hai1="130,122,116,40,74,26,108,27,68,90,97,86,28" hai2="30,134,127,50,7,55,8,131,63,0,54,22,95" hai3="1,15,87,33,83,118,135,61,45,41,3,91,52"/><V19/><F134/><W121/><G118/><T123/><D34/><U133/><E116/><V23/><F131/><W119/><G135/><T81/><D114/><U10/><E133/><V37/><F127/><W104/><G121/><T11/><D126/><U101/><E68/><V13/><F37/><W113/><G119/><T115/><D115/><U109/><E122/><V53/><F63/><W110/><G113/><T36/><D36/><U9/><E130/><V43/><F95/><W84/><G110/><N who="1" m="42602" /><E74/><V98/><F98/><W107/><G33/><T31/><D31/><U89/><E40/><V129/><F129/><W103/><G107/><T51/><D69/><U29/><E86/><V100/><F100/><W94/><G104/><T47/><D81/><U6/><E101/><V93/><F93/><W102/><G1/><T124/><D73/><U20/><E97/><V58/><REACH who="2" step="1"/><F43/><REACH who="2" step="2"/><W21/><G61/><T32/><D124/><U5/><E90/><V77/><F77/><W17/><G103/><T71/><D92/><U49/><E89/><V132/><F132/><W65/><G102/><T88/><D88/><U2/><E49/><V72/><F72/><W16/><G94/><T4/><D51/><U46/><E46/><V105/><F105/><W96/><G45/><T106/><D47/><U24/><E20/><V38/><F38/><W76/><G41/><T128/><D48/><U117/><E117/><V78/><F78/><W35/><G96/><T80/><D99/><U12/><AGARI ba="0,1" hai="2,5,6,9,10,12,24,26,27,28,29" m="42602" machi="12" ten="30,4000,0" yaku="14,1,34,2" doraHai="42" who="1" fromWho="1" sc="224,-10,150,50,314,-20,302,-10" /><INIT seed="3,0,0,2,5,89" ten="214,200,294,292" oya="3" hai0="17,116,103,29,64,26,11,92,34,52,37,8,91" hai1="122,74,126,102,84,33,44,109,28,69,95,42,108" hai2="40,81,76,127,54,56,106,124,105,61,47,96,4" hai3="93,12,71,111,135,31,41,77,14,107,25,79,129"/><W57/><G129/><T7/><D37/><N who="1" m="21583" /><E122/><V68/><F68/><W67/><G107/><T121/><D121/><U18/><E69/><V128/><F4/><W75/><G71/><T22/><D64/><U30/><E74/><N who="2" m="43159" /><F96/><W123/><G123/><T100/><D116/><U132/><E126/><N who="2" m="48171" /><F128/><W43/><G135/><T73/><D52/><U118/><E132/><V51/><AGARI ba="0,0" hai="40,47,51,54,56,61,105,106" m="48171,43159" machi="51" ten="30,1100,0" yaku="18,1" doraHai="89" who="2" fromWho="2" sc="214,-3,200,-3,294,11,292,-5" /><INIT seed="4,0,0,0,1,75" ten="211,197,305,287" oya="0" hai0="70,131,102,69,30,22,43,11,36,55,104,67,23" hai1="94,107,1,64,34,25,111,14,16,88,7,96,133" hai2="17,82,15,0,44,98,4,26,68,134,53,73,52" hai3="127,3,108,123,71,76,8,32,114,20,19,41,65"/><T39/><D131/><U48/><E111/><V105/><F68/><W38/><G108/><T125/><D125/><U57/><E133/><V130/><F130/><W72/><G32/><T124/><D124/><U9/><E107/><V112/><F112/><W12/><G127/><T95/><D11/><U42/><E64/><V80/><F134/><W50/><G123/><T40/><D30/><N who="1" m="19791" /><E42/><N who="0" m="15913" /><D95/><U45/><E57/><V28/><F105/><W135/><G114/><T46/><D102/><U86/><E48/><V115/><F115/><W6/><G135/><T2/><D2/><U5/><E5/><V121/><F121/><W93/><G93/><T132/><D104/><U119/><E45/><V103/><F103/><W118/><G118/><T21/><D132/><U49/><E49/><V74/><F4/><W51/><G65/><T77/><D77/><U90/><E119/><V92/><F0/><W24/><G71/><N who="0" m="27147" /><D67/><U62/><E62/><V29/><F74/><W99/><G99/><T54/><D54/><U13/><E13/><V97/><F53/><W117/><G117/><T87/><D87/><U31/><E31/><V58/><F29/><W81/><REACH who="3" step="1"/><G24/><REACH who="3" step="2"/><T109/><D109/><U27/><E27/><V47/><F26/><W100/><G100/><T113/><D113/><U91/><E96/><V33/><F98/><W106/><G106/><T79/><D79/><U84/><E94/><V37/><F92/><W89/><G89/><T83/><D83/><U61/><E61/><V110/><F82/><W128/><G128/><T116/><D116/><U60/><E60/><V129/><F80/><RYUUKYOKU ba="0,1" sc="211,10,197,10,305,-30,277,10" hai0="21,22,23,36,39,46,55" hai1="1,7,9,14,16,84,86,88,90,91" hai3="3,6,8,12,19,20,38,41,50,51,72,76,81" /><INIT seed="4,1,1,3,4,68" ten="221,207,275,287" oya="0" hai0="4,135,13,3,41,110,5,113,88,69,133,127,1" hai1="95,42,19,72,30,104,47,103,70,51,57,26,35" hai2="81,90,94,21,106,126,56,100,112,71,82,0,99" hai3="59,2,58,36,50,87,9,45,132,39,44,7,116"/><T53/><D69/><U123/><E123/><V11/><F71/><W134/><G116/><T64/><D110/><U120/><E120/><V67/><F126/><W37/><G87/><T93/><D64/><U18/><E72/><V98/><F112/><W20/><G20/><T25/><D127/><U84/><E57/><N who="3" m="21514" /><G50/><T10/><D53/><U122/><E122/><V22/><F22/><W105/><G105/><T86/><D41/><U77/><E77/><V65/><F21/><W23/><G23/><T40/><D40/><U92/><E70/><V27/><F27/><W128/><G128/><T31/><D113/><U85/><E104/><V14/><F0/><W66/><G66/><T61/><D61/><U34/><E34/><V108/><F108/><W49/><G49/><T54/><D54/><U83/><E103/><V46/><F46/><W38/><N who="3" m="9728" /><DORA hai="43" /><W101/><G101/><T115/><D115/><U109/><E109/><V6/><F67/><W52/><G52/><T8/><D13/><U80/><E85/><V63/><AGARI ba="1,1" hai="6,11,14,56,63,65,81,82,90,94,98,99,100,106" machi="63" ten="30,1100,0" yaku="0,1" doraHai="68,43" who="2" fromWho="2" sc="221,-6,207,-4,275,24,287,-4" /><INIT seed="5,0,0,1,1,33" ten="215,203,299,283" oya="1" hai0="43,94,42,75,7,110,30,44,131,132,41,77,92" hai1="79,69,130,66,74,50,126,68,81,20,102,36,100" hai2="62,96,73,59,118,76,6,65,83,99,48,114,112" hai3="134,82,122,104,52,88,39,111,117,22,10,123,90"/><U67/><E36/><V120/><F118/><W34/><G111/><T16/><D110/><U2/><E130/><V91/><F120/><W70/><G34/><T119/><D119/><U53/><E126/><V17/><F6/><W1/><G70/><T0/><D30/><U55/><E2/><V78/><F78/><W105/><G39/><T26/><D132/><U24/><E69/><V47/><F17/><W97/><G117/><T63/><D63/><U84/><E74/><V38/><F38/><W4/><G22/><N who="0" m="13639" /><D7/><U49/><E68/><V28/><F28/><W23/><G23/><T101/><D0/><U13/><E13/><V129/><F129/><W32/><G32/><T133/><D101/><N who="1" m="39019" /><E20/><V56/><F56/><W93/><G134/><T125/><D44/><N who="1" m="27815" /><E24/><V128/><F128/><W115/><G115/><N who="2" m="44073" /><F91/><W29/><G29/><T25/><D77/><U121/><E121/><V113/><N who="2" m="44081" /><V95/><DORA hai="80" /><F95/><W12/><G123/><T5/><D94/><U98/><E98/><V64/><F64/><W57/><G122/><T108/><D92/><U8/><E8/><V14/><F14/><W127/><G12/><T46/><D25/><U3/><E3/><V103/><F103/><W87/><REACH who="3" step="1"/><G127/><REACH who="3" step="2"/><T116/><D125/><U27/><E27/><V15/><F15/><W86/><G86/><T9/><D131/><U89/><E79/><V124/><F124/><W51/><AGARI ba="0,1" hai="1,4,10,51,52,57,82,87,88,90,93,97,104,105" machi="51" ten="20,16000,3" yaku="1,1,0,1,7,1,52,2,54,2,53,1" doraHai="33,80" doraHaiUra="45,18" who="3" fromWho="3" sc="215,-40,203,-80,299,-40,273,170" /><INIT seed="6,0,0,2,0,6" ten="175,123,259,443" oya="2" hai0="51,9,112,58,95,28,73,123,26,114,21,8,67" hai1="132,131,91,3,12,52,126,115,135,102,47,74,78" hai2="20,97,25,10,27,18,75,77,43,71,76,85,98" hai3="17,1,13,24,101,55,92,35,110,93,127,53,19"/><V65/><F75/><W125/><G1/><T122/><D73/><U120/><E3/><V82/><F76/><W117/><G110/><T56/><D95/><U37/><E102/><V133/><F133/><N who="1" m="51273" /><E115/><N who="0" m="44073" /><D51/><N who="1" m="28799" /><E37/><V81/><F81/><W59/><G117/><T89/><D89/><U48/><E126/><N who="3" m="48138" /><G35/><T42/><D42/><U94/><E131/><V66/><F43/><W70/><G70/><T60/><D58/><U128/><E128/><V31/><F71/><W96/><G92/><T30/><D30/><U5/><E48/><V124/><F124/><W16/><G24/><T129/><D129/><U69/><E69/><V79/><F79/><W80/><G80/><T38/><D38/><U104/><E104/><V64/><REACH who="2" step="1"/><F27/><REACH who="2" step="2"/><W7/><G59/><T100/><D122/><U57/><E120/><V23/><F23/><W15/><G15/><AGARI ba="0,1" hai="10,15,18,20,25,31,64,65,66,77,82,85,97,98" machi="15" ten="40,7700,0" yaku="1,1,8,1,52,1,53,0" doraHai="6" doraHaiUra="130" who="2" fromWho="3" sc="175,0,123,0,249,87,443,-77" /><INIT seed="6,1,0,1,4,26" ten="175,123,336,366" oya="2" hai0="42,118,87,99,25,117,83,80,69,67,56,8,122" hai1="46,41,58,102,63,98,9,82,91,73,6,48,31" hai2="119,95,92,112,71,101,111,32,86,40,105,52,12" hai3="37,94,133,90,77,100,5,93,65,104,24,55,3"/><V96/><F119/><BYE who="3" /><W60/><G60/><T4/><D69/><U75/><E75/><V131/><F32/><W14/><G14/><T13/><D42/><UN n3="%6C%6F%76%65%64%6F%67" /><U39/><E39/><V34/><F34/><W124/><G37/><T53/><D67/><U135/><E135/><V43/><F71/><W38/><G38/><T33/><D99/><U30/><E73/><V23/><F131/><W62/><G124/><T70/><D70/><U20/><E20/><V132/><F132/><W110/><G110/><T59/><D59/><U128/><E128/><V57/><F111/><W106/><G24/><T29/><D122/><U130/><E130/><V18/><F112/><W44/><G5/><T49/><REACH who="0" step="1"/><D83/><REACH who="0" step="2"/><U11/><E82/><V116/><F116/><W19/><G133/><T84/><D84/><U89/><E98/><N who="2" m="59591" /><F86/><W120/><G120/><T27/><D27/><U54/><E102/><N who="2" m="60703" /><F105/><W74/><G100/><T107/><D107/><U125/><E125/><V97/><F97/><W121/><G106/><T17/><D17/><U85/><E85/><V21/><F40/><W2/><G104/><T108/><D108/><U16/><E6/><V129/><F43/><W123/><G121/><T115/><D115/><U88/><E11/><N who="2" m="6431" /><F129/><W127/><G123/><T61/><D61/><AGARI ba="1,1" hai="21,23,52,57,61" m="6431,60703,59591" machi="61" ten="30,2900,0" yaku="8,1,54,1" doraHai="26" who="2" fromWho="0" sc="165,-32,123,0,336,42,366,0" /><INIT seed="6,2,0,3,1,73" ten="133,123,378,366" oya="2" hai0="125,79,87,132,89,100,32,83,92,40,64,99,51" hai1="36,65,101,25,49,114,124,11,15,62,12,34,14" hai2="16,9,102,71,76,82,68,120,94,28,70,55,21" hai3="1,29,39,103,46,108,105,96,27,95,116,8,86"/><V61/><F120/><W24/><G108/><T52/><D32/><U91/><E36/><V10/><F28/><W75/><G116/><T19/><D125/><U109/><E109/><V117/><F117/><W26/><G75/><T0/><D0/><U7/><E124/><V97/><F55/><W67/><G67/><T122/><D122/><U84/><E114/><V93/><F93/><W121/><G121/><T57/><D132/><U47/><E101/><V3/><F61/><W106/><G29/><T42/><D64/><U17/><E34/><V22/><F3/><W60/><G60/><T133/><D133/><U13/><E25/><V33/><F33/><W72/><G72/><T111/><D111/><U118/><E118/><V31/><F31/><W88/><G106/><T104/><D19/><U80/><E62/><V43/><F43/><W130/><G130/><T35/><REACH who="0" step="1"/><D35/><REACH who="0" step="2"/><U50/><E65/><V107/><F16/><W135/><G135/><T48/><D48/><N who="1" m="18539" /><E47/><V2/><F2/><W98/><G39/><T77/><D77/><U128/><E128/><V45/><F76/><W37/><G46/><T30/><D30/><U53/><E53/><V129/><F45/><W58/><G37/><T126/><D126/><U78/><E91/><V4/><F129/><W74/><G1/><T112/><D112/><U63/><E63/><V113/><F113/><W115/><G115/><T38/><D38/><U123/><E123/><V90/><F90/><W134/><G134/><T23/><D23/><AGARI ba="2,1" hai="7,11,12,13,14,15,17,23,78,80,84" m="18539" machi="23" ten="30,2000,0" yaku="8,1,52,1" doraHai="73" who="1" fromWho="0" sc="123,-26,123,36,378,0,366,0" /><INIT seed="7,0,0,1,5,102" ten="97,159,378,366" oya="3" hai0="25,32,98,114,41,90,57,82,117,43,31,0,68" hai1="8,9,20,38,119,110,46,74,85,109,133,65,34" hai2="118,120,59,36,47,48,83,72,86,95,53,16,135" hai3="10,89,75,1,134,52,27,87,39,81,122,12,24"/><W15/><G122/><T33/><D0/><U84/><E34/><V69/><F118/><W37/><G134/><T123/><D68/><U111/><E133/><V63/><F135/><W21/><G75/><T71/><D71/><U78/><E65/><V128/><F120/><W92/><G1/><T14/><D33/><U56/><E119/><V11/><F128/><W26/><G37/><T115/><D117/><U5/><E56/><V4/><F69/><W105/><G105/><T2/><D123/><U19/><E9/><V66/><F36/><W23/><G39/><T108/><D2/><N who="1" m="55" /><E19/><V17/><F95/><W51/><G81/><T97/><D108/><U131/><E131/><V93/><F93/><W67/><G67/><T130/><D130/><U100/><E20/><N who="3" m="7754" /><G10/><T29/><D14/><U64/><E64/><V96/><F72/><W18/><G18/><T28/><D25/><N who="3" m="6401" /><W3/><DORA hai="126" /><G3/><T35/><D57/><AGARI ba="0,0" hai="12,15,51,52,57,87,89,92" m="6401,7754" machi="57" ten="30,2900,0" yaku="8,1,54,1" doraHai="102,126" who="3" fromWho="0" sc="97,-29,159,0,378,0,366,29" owari="68,-43.0,159,-24.0,378,18.0,395,49.0" /></mjloggm>