<mjloggm ver="2.3"><GO type="41"/><UN n0="%E3%82%A6%E3%83%AB%E3%83%88%E3%83%A9%E7%AB%8B%E7%9B%B4" n1="%E5%84%AA%E7%BE%BD" n2="%E6%9D%B1%E5%8D%98%E9%A8%8E" n3="%E3%82%AD%E3%83%A0%E3%83%A9%E3%83%86" dan="15,14,14,13" rate="1987,1945,1936,2132" sx="M,F,M,M"/><TAIKYOKU oya="0"/><INIT seed="0,0,0,1,5,12" ten="250,250,250,250" oya="0" hai0="69,99,84,135,113,89,31,103,38,36,13,21,92" hai1="116,61,73,87,25,127,85,14,62,95,60,112,115" hai2="1,122,4,91,59,100,20,105,119,126,28,96,10" hai3="86,16,88,40,46,34,129,0,130,22,121,23,51"/><T75/><D69/><U32/><E73/><V131/><F122/><W118/><G34/><T55/><D113/><U94/><E116/><V30/><F131/><N who="3" m="50187" /><G118/><T102/><D135/><U120/><E120/><V124/><F119/><W27/><G0/><T83/><D102/><U45/><E45/><V111/><F111/><W98/><G121/><T52/><D38/><U49/><E49/><V65/><F91/><W82/><G23/><T53/><D36/><U97/><E127/><N who="2" m="48683" /><F20/><W42/><G98/><T3/><D3/><U6/><E32/><V43/><F43/><AGARI ba="0,0" hai="16,22,27,40,42,43,46,51,82,86,88" m="50187" machi="43" ten="30,7700,0" yaku="19,1,52,1,54,2" doraHai="12" who="3" fromWho="2" sc="250,0,250,0,250,-77,250,77" /><INIT seed="1,0,0,2,5,105" ten="250,250,173,327" oya="1" hai0="19,7,15,31,97,68,114,27,78,66,72,127,71" hai1="118,95,91,58,55,21,40,62,65,22,83,70,98" hai2="24,121,45,41,33,37,1,51,28,74,134,73,8" hai3="82,60,123,16,75,109,12,10,30,77,25,52,76"/><U90/><E118/><V80/><F121/><W6/><G123/><T88/><D114/><U130/><E40/><V81/><F51/><W42/><G109/><T122/><D66/><U87/><REACH who="1" step="1"/><E130/><REACH who="1" ten="250,240,173,327" step="2"/><V18/><F134/><W111/><G42/><T108/><D122/><U89/><E89/><V49/><F49/><AGARI ba="0,1" hai="21,22,49,55,58,62,65,70,83,87,90,91,95,98" machi="49" ten="30,5800,0" yaku="1,1,7,1,53,1" doraHai="105" doraHaiUra="67" who="1" fromWho="2" sc="250,0,240,68,173,-58,327,0" /><INIT seed="1,1,0,4,1,56" ten="250,308,115,327" oya="1" hai0="15,5,125,117,81,37,9,40,53,90,60,78,80" hai1="12,3,42,93,105,69,54,132,75,47,98,86,89" hai2="26,52,14,64,70,13,109,111,58,77,131,59,116" hai3="119,73,82,92,128,49,85,96,19,25,74,39,66"/><U27/><E3/><V102/><F116/><W48/><G39/><T6/><D117/><U21/><E69/><V124/><F70/><W32/><G119/><T130/><D125/><U134/><E75/><V29/><F124/><W18/><G128/><T20/><D130/><U67/><E67/><V68/><F68/><W7/><G7/><T55/><D6/><U62/><E12/><V112/><F131/><W133/><G133/><N who="1" m="51306" /><E105/><V107/><F77/><W44/><G49/><T4/><D4/><U35/><E35/><V43/><F43/><W103/><G66/><T17/><D37/><U118/><E118/><V57/><F64/><W84/><G84/><T63/><D40/><U36/><E86/><V91/><F112/><W28/><G74/><T71/><D71/><U110/><E110/><V50/><F102/><W30/><G30/><T0/><D55/><U34/><E34/><V41/><F107/><W33/><G73/><T97/><D53/><U83/><E83/><V76/><F41/><W127/><G33/><T123/><D123/><U135/><E135/><V65/><F65/><W10/><G127/><T79/><D81/><U106/><E106/><V22/><F76/><W108/><G108/><N who="2" m="41545" /><F91/><W113/><G82/><T100/><D90/><U38/><E38/><V114/><F114/><W23/><G113/><T95/><D79/><U11/><E11/><V31/><F31/><W16/><G10/><T126/><D126/><U104/><E104/><V101/><F101/><W120/><G28/><T46/><D46/><AGARI ba="1,0" hai="13,14,22,26,29,46,50,52,57,58,59" m="41545" machi="46" ten="30,2000,0" yaku="14,1,54,1" doraHai="56" who="2" fromWho="0" sc="250,-23,308,0,115,23,327,0" /><INIT seed="2,0,0,5,4,113" ten="227,308,138,327" oya="2" hai0="45,34,5,9,27,82,10,50,52,2,38,101,134" hai1="35,15,90,59,112,42,26,69,66,0,123,71,117" hai2="24,104,105,122,131,135,12,93,100,103,111,65,13" hai3="87,61,40,8,60,54,43,83,41,107,77,92,85"/><V91/><F122/><W106/><G8/><T51/><D134/><U130/><E112/><V62/><F131/><W78/><G54/><T17/><D38/><U22/><E0/><V11/><F135/><W109/><G109/><T86/><D101/><U56/><E123/><V25/><F111/><W102/><G92/><T67/><D67/><U1/><E1/><V18/><F105/><W37/><G37/><T7/><D27/><N who="2" m="10314" /><F104/><N who="3" m="39979" /><G83/><T57/><D34/><U119/><E42/><V6/><F62/><N who="3" m="24171" /><G102/><T116/><D116/><U36/><E36/><V99/><F65/><W120/><G120/><T70/><D70/><U33/><E130/><V121/><F121/><W118/><G118/><T29/><D29/><U95/><E15/><V73/><F73/><W81/><G81/><T39/><D39/><U68/><E22/><AGARI ba="0,0" hai="6,11,12,13,18,22,91,93,99,100,103" m="10314" machi="22" ten="30,1500,0" yaku="8,1" doraHai="113" who="2" fromWho="1" sc="227,0,308,-15,138,15,327,0" /><INIT seed="2,1,0,5,5,55" ten="227,293,153,327" oya="2" hai0="58,11,116,97,62,93,19,81,33,21,63,48,133" hai1="14,2,52,29,65,95,67,87,84,125,79,132,23" hai2="91,42,112,92,44,59,72,134,105,64,39,3,7" hai3="131,34,127,90,77,73,49,27,106,37,47,26,88"/><V71/><F105/><W104/><G37/><T36/><D33/><U8/><E2/><V85/><F112/><W101/><G131/><T103/><D36/><U109/><E109/><V126/><F126/><W24/><G127/><T22/><D116/><U96/><E132/><V53/><F72/><W10/><G34/><T122/><D122/><U89/><E125/><V56/><F134/><W102/><G10/><T124/><D124/><U120/><E120/><V108/><F108/><W41/><G73/><T18/><D133/><U83/><E87/><V68/><F7/><W111/><G111/><T28/><D62/><U32/><E32/><V15/><F15/><W45/><G77/><T75/><D75/><U66/><E66/><V50/><REACH who="2" step="1"/><F3/><REACH who="2" ten="227,293,143,327" step="2"/><W76/><G106/><T12/><D12/><U43/><E14/><V130/><F130/><W78/><G104/><T119/><D119/><U31/><E8/><V6/><F6/><W135/><G135/><T86/><D11/><U35/><E35/><V94/><F94/><W40/><G27/><T114/><D114/><U115/><E115/><V9/><F9/><W20/><G20/><T17/><D22/><U107/><E23/><V5/><F5/><W30/><G30/><T54/><D28/><U100/><E29/><V110/><F110/><W61/><G26/><T70/><D21/><U57/><E31/><V121/><F121/><W117/><G24/><T25/><D25/><U98/><E43/><V4/><F4/><W113/><G113/><T69/><D93/><U60/><AGARI ba="1,1" hai="52,57,60,65,67,79,83,84,89,95,96,98,100,107" machi="60" ten="20,5200,0" yaku="0,1,7,1,52,1,54,1" doraHai="55" who="1" fromWho="1" sc="227,-14,293,65,143,-27,327,-14" /><INIT seed="3,0,0,2,3,40" ten="213,358,116,313" oya="3" hai0="133,121,75,109,51,10,73,25,114,28,46,127,126" hai1="26,60,89,97,41,107,62,31,98,92,2,63,78" hai2="128,3,7,53,55,118,123,85,111,4,96,54,80" hai3="113,93,30,119,39,79,67,82,65,76,129,45,117"/><W9/><G113/><T20/><D121/><U120/><E2/><V36/><F118/><W43/><G30/><T110/><D114/><U101/><E120/><V18/><F123/><W124/><G79/><T61/><D61/><U86/><E41/><V106/><F111/><N who="0" m="42506" /><D10/><U105/><E78/><V8/><F128/><W103/><G129/><T24/><D24/><U95/><REACH who="1" step="1"/><E86/><REACH who="1" ten="213,348,116,313" step="2"/><V122/><F122/><W34/><G119/><T87/><D87/><U6/><E6/><V12/><F7/><W102/><G117/><T99/><D99/><U0/><E0/><V27/><F3/><W83/><G43/><N who="0" m="25055" /><D133/><U44/><E44/><V57/><F96/><W19/><G45/><T52/><D75/><U74/><E74/><V88/><F36/><W59/><G39/><T14/><D73/><U50/><E50/><N who="2" m="30903" /><F106/><W13/><G76/><T108/><D108/><U81/><E81/><V91/><F4/><W94/><G83/><T64/><D126/><U134/><E134/><V131/><F131/><W21/><G82/><T58/><D127/><U22/><AGARI ba="0,1" hai="22,26,31,60,62,63,89,92,95,97,98,101,105,107" machi="22" ten="30,4000,0" yaku="1,1,0,1,53,1" doraHai="40" doraHaiUra="16" who="1" fromWho="1" sc="213,-10,348,50,116,-10,313,-20" /><INIT seed="4,0,0,4,4,87" ten="203,398,106,293" oya="0" hai0="44,37,97,49,55,119,90,58,10,118,100,82,24" hai1="83,56,17,91,117,61,68,92,42,50,95,65,105" hai2="112,27,115,8,125,69,11,122,77,67,19,6,134" hai3="20,110,107,48,127,81,73,79,98,7,31,18,43"/><T121/><D121/><U123/><E117/><V39/><F122/><W45/><G110/><T30/><D118/><U14/><E105/><V89/><F39/><W96/><G127/><T133/><D119/><U51/><E123/><V101/><F101/><W103/><G7/><T34/><D133/><U88/><E83/><V93/><F77/><W33/><G96/><T52/><D10/><N who="1" m="6359" /><E68/><V75/><F75/><W71/><G71/><T114/><D114/><U80/><E80/><V40/><F40/><W38/><G33/><T4/><D4/><U76/><E76/><V102/><F102/><W63/><G63/><T108/><D108/><U23/><E23/><V126/><F134/><W47/><G31/><T25/><D25/><U5/><E5/><V70/><F27/><W99/><G99/><T35/><D35/><U16/><E16/><V116/><F6/><W21/><REACH who="3" step="1"/><G18/><REACH who="3" ten="203,398,106,283" step="2"/><T129/><D129/><U12/><E12/><V62/><F19/><W74/><G74/><T54/><D100/><U124/><E124/><N who="2" m="47723" /><F116/><W46/><G46/><T132/><D132/><U131/><E131/><V106/><F69/><W109/><G109/><T3/><D3/><U128/><E128/><V94/><F106/><W13/><G13/><T130/><D130/><U53/><E42/><AGARI ba="0,1" hai="20,21,38,42,43,45,47,48,73,79,81,98,103,107" machi="42" ten="30,2000,0" yaku="1,1,7,1,53,0" doraHai="87" doraHaiUra="113" who="3" fromWho="1" sc="203,0,398,-20,106,0,283,30" /><INIT seed="5,0,0,4,2,55" ten="203,378,106,313" oya="1" hai0="25,51,61,133,92,97,18,104,2,21,131,127,102" hai1="34,93,110,0,66,90,121,48,30,94,40,53,14" hai2="109,23,65,81,38,11,122,17,132,43,123,101,73" hai3="27,32,67,76,95,114,47,100,42,72,20,79,8"/><U22/><E121/><V15/><F109/><W54/><G32/><T59/><D2/><U3/><E110/><V125/><F125/><W56/><G67/><T117/><D117/><U52/><E40/><V26/><F65/><W19/><G72/><T44/><D127/><U118/><E118/><V37/><F101/><W130/><G114/><T58/><D131/><U116/><E116/><V10/><F10/><W29/><G130/><T4/><D133/><U60/><E34/><V106/><F106/><W7/><G95/><T84/><D4/><U63/><E0/><V9/><F11/><W77/><G100/><T16/><D61/><N who="1" m="23627" /><E66/><V96/><F43/><W86/><G29/><T128/><D128/><U103/><E3/><V135/><F73/><W33/><G33/><T24/><D104/><U70/><E70/><V113/><F113/><W87/><G47/><T39/><D39/><U62/><E103/><V50/><F123/><W1/><REACH who="3" step="1"/><G42/><REACH who="3" ten="203,378,106,303" step="2"/><T13/><D84/><U71/><E30/><V82/><F122/><W99/><G99/><T69/><D69/><U75/><E75/><V57/><F96/><W111/><G111/><T112/><D112/><U124/><E124/><V115/><F115/><W105/><G105/><T108/><D108/><U74/><E74/><V83/><F135/><W41/><G41/><N who="0" m="24975" /><D18/><N who="1" m="10583" /><E71/><V91/><F132/><W80/><G80/><T28/><D28/><U120/><E120/><V78/><F38/><W46/><G46/><T134/><D134/><U45/><E94/><V36/><F37/><W35/><G35/><T68/><D68/><U31/><E31/><RYUUKYOKU ba="0,1" sc="203,15,378,-15,106,-15,303,15" hai0="13,16,21,24,25,58,59,92,97,102" hai3="1,7,8,19,20,27,54,56,76,77,79,86,87" /><INIT seed="6,1,1,3,0,117" ten="218,363,91,318" oya="2" hai0="49,0,119,131,121,25,79,23,20,105,29,116,88" hai1="108,70,73,43,133,60,94,3,28,57,80,9,126" hai2="40,111,16,103,11,128,96,32,41,22,115,61,4" hai3="2,110,74,71,72,51,17,58,39,26,130,87,35"/><V13/><F111/><W86/><G110/><T46/><D105/><U1/><E108/><V8/><F115/><W129/><G71/><T135/><D0/><U95/><E70/><V52/><F32/><W65/><G39/><T101/><D101/><U132/><E28/><V92/><F128/><N who="3" m="49259" /><G2/><N who="1" m="522" /><E43/><V38/><F38/><W66/><G51/><T64/><D79/><N who="1" m="44143" /><E9/><N who="2" m="3659" /><F4/><W82/><G86/><T78/><D78/><U107/><E107/><V89/><F89/><N who="3" m="51447" /><G35/><T19/><D64/><N who="3" m="24681" /><G58/><AGARI ba="1,1" hai="13,16,22,40,41,52,58,61,92,96,103" m="3659" machi="58" ten="30,5800,0" yaku="8,1,54,2" doraHai="117" who="2" fromWho="3" sc="218,0,363,0,91,71,318,-61" /><INIT seed="6,2,0,3,5,0" ten="218,363,162,257" oya="2" hai0="107,66,56,89,16,74,108,21,60,58,77,52,102" hai1="85,63,17,5,128,82,45,59,73,37,79,86,131" hai2="19,2,68,30,18,112,106,26,36,111,94,127,84" hai3="80,4,118,46,61,130,43,70,3,87,76,15,33"/><V41/><F84/><W20/><G33/><T81/><D108/><U10/><E17/><V9/><F68/><W92/><G118/><T78/><D102/><U132/><E132/><V121/><F121/><W113/><G130/><N who="1" m="49706" /><E45/><V115/><F106/><W72/><G113/><N who="2" m="43593" /><F94/><W31/><G61/><T125/><D107/><U62/><E37/><V105/><F105/><W47/><G47/><T71/><D71/><U34/><E34/><N who="2" m="20823" /><F111/><W50/><G70/><T129/><D129/><U96/><E96/><V64/><F64/><W49/><G92/><T12/><D125/><U69/><E69/><V13/><F41/><W99/><G99/><T126/><D126/><U54/><E62/><V1/><F36/><N who="3" m="21863" /><G87/><N who="0" m="50415" /><D74/><U6/><E10/><V25/><F127/><W53/><G53/><T133/><D133/><U35/><E35/><V124/><F124/><W123/><G123/><T65/><D65/><U135/><E135/><V44/><F44/><W22/><G31/><T75/><D75/><U97/><E97/><V98/><F98/><W120/><G120/><T109/><D109/><U90/><E73/><V42/><F42/><W55/><G55/><T104/><D104/><U93/><AGARI ba="2,0" hai="5,6,54,59,63,79,82,85,86,90,93" m="49706" machi="93" ten="30,4000,0" yaku="19,1,52,2" doraHai="0" who="1" fromWho="1" sc="218,-12,363,46,162,-22,257,-12" /><INIT seed="7,0,0,4,0,46" ten="206,409,140,245" oya="3" hai0="32,48,98,71,97,60,41,6,47,82,63,72,25" hai1="8,86,20,13,129,50,112,2,94,22,124,95,100" hai2="96,14,101,117,55,44,76,67,30,92,130,42,37" hai3="74,18,12,19,64,70,119,134,128,59,61,75,88"/><W115/><G119/><T53/><D63/><U109/><E109/><V135/><F130/><W0/><G0/><T11/><D32/><U123/><E123/><V27/><F135/><W26/><G128/><T78/><D25/><U9/><E129/><V102/><F117/><W125/><G134/><T31/><D31/><U69/><E69/><V85/><F67/><W107/><G107/><T23/><D23/><U33/><E33/><V49/><F14/><W89/><G125/><T68/><D68/><U93/><E124/><V54/><F37/><W58/><G115/><T34/><D34/><U105/><E112/><V35/><F102/><W1/><G1/><T90/><D90/><U81/><E2/><V29/><F30/><W104/><G104/><T103/><D103/><U36/><E36/><V77/><F85/><W5/><G70/><T91/><D91/><N who="3" m="34889" /><G75/><T4/><D4/><U126/><E126/><V106/><F106/><W80/><G74/><T39/><D6/><U3/><E3/><V16/><F16/><N who="3" m="6187" /><G26/><T113/><D11/><U87/><E105/><V17/><REACH who="2" step="1"/><F17/><REACH who="2" ten="206,409,130,245" step="2"/><W24/><G12/><T62/><D113/><U38/><E100/><V15/><F15/><W122/><G5/><T133/><D133/><U7/><E13/><V111/><F111/><W52/><G24/><T108/><D108/><U84/><E7/><V57/><F57/><W118/><G118/><T110/><D110/><U45/><E8/><V10/><F10/><W40/><G59/><N who="0" m="33191" /><D71/><U127/><E9/><V43/><F43/><W73/><G40/><T66/><D66/><U116/><E127/><RYUUKYOKU ba="0,1" sc="206,15,409,-15,130,15,245,-15" hai0="39,41,47,60,62,72,78,82,97,98" hai2="27,29,35,42,44,49,54,55,76,77,92,96,101" owari="221,-18.0,404,50.0,145,-35.0,230,3.0" /></mjloggm>