<mjloggm ver="2.3"><GO type="169" lobby="0"/><UN n0="%E3%81%A1%E3%81%8F%E3%81%8D" n1="%E3%83%A4%E3%82%AD%E3%83%B3" n2="%EF%BC%88%E2%89%A7%E2%96%BD%E2%89%A6%EF%BC%89" n3="%79%69%6E%6E%65%72%30%36" dan="18,17,17,16" rate="2185,2111,2127,2091" sx="M,M,M,M"/><TAIKYOKU oya="0"/><INIT seed="0,0,0,4,5,45" ten="250,250,250,250" oya="0" hai0="97,122,68,116,118,62,109,65,47,88,105,72,27" hai1="82,130,33,61,103,21,77,39,0,22,114,36,129" hai2="56,34,131,43,79,7,127,71,13,6,15,1,5" hai3="69,113,51,134,60,17,95,42,117,66,52,63,59"/><T2/><D122/><U76/><E33/><V78/><F71/><W111/><G113/><T49/><D72/><U16/><E0/><V123/><F34/><W91/><G117/><T74/><D74/><U57/><E103/><V40/><F1/><W106/><G106/><T30/><D2/><U11/><E11/><V85/><F123/><W23/><G134/><T121/><D121/><U83/><E114/><V8/><F131/><N who="1" m="50185" /><E22/><V80/><F127/><W41/><G111/><T115/><D115/><U93/><E93/><V81/><F56/><W119/><G60/><T37/><D37/><N who="1" m="14411" /><E77/><V20/><F20/><W94/><G119/><T44/><D109/><U90/><E90/><V92/><F92/><W120/><G120/><T101/><D88/><U53/><E76/><V58/><F58/><W87/><REACH who="3" step="1"/><G94/><REACH who="3" ten="250,250,250,240" step="2"/><T110/><D110/><U18/><E18/><V133/><F133/><W89/><G89/><T55/><REACH who="0" step="1"/><D47/><REACH who="0" ten="240,250,250,240" step="2"/><U14/><AGARI ba="0,2" hai="14,16,21,53,57,61,82,83" m="14411,50185" machi="14" ten="30,2000,0" yaku="19,1,54,1" doraHai="45" who="1" fromWho="1" sc="240,-10,250,40,250,-5,240,-5" /><INIT seed="1,0,0,5,5,26" ten="230,290,245,235" oya="1" hai0="113,135,30,43,123,114,106,127,32,37,3,119,7" hai1="10,86,126,25,47,64,9,128,96,66,21,0,63" hai2="112,62,120,59,92,38,105,16,84,69,74,116,79" hai3="81,35,39,77,8,109,24,14,90,42,122,54,75"/><U107/><E126/><V29/><F105/><W58/><G122/><T28/><RYUUKYOKU type="yao9" ba="0,0" sc="230,0,290,0,245,0,235,0" hai0="3,7,28,30,32,37,43,106,113,114,119,123,127,135" /><INIT seed="1,1,0,4,2,82" ten="230,290,245,235" oya="1" hai0="62,52,70,101,45,103,7,32,10,102,107,68,35" hai1="126,133,97,25,125,38,60,106,2,11,80,113,21" hai2="109,46,66,18,87,29,81,129,30,63,131,74,14" hai3="112,85,15,98,73,105,127,94,78,123,17,64,26"/><U6/><E113/><V121/><F46/><W115/><G123/><T132/><D107/><U34/><E38/><V44/><F44/><W90/><G127/><N who="1" m="48650" /><E133/><V130/><F74/><W77/><G26/><T79/><D132/><U55/><E34/><V67/><F109/><W28/><G28/><N who="2" m="10857" /><F63/><W95/><G64/><T135/><D135/><U48/><E60/><V24/><F24/><W8/><G95/><T92/><D79/><U134/><E134/><V69/><F69/><W39/><G39/><T114/><D114/><U124/><N who="1" m="48658" /><U19/><DORA hai="59" /><E80/><V36/><F36/><W51/><G51/><T116/><D92/><U33/><E33/><V13/><F121/><W50/><G50/><T96/><D35/><U49/><E55/><V41/><F41/><W71/><G71/><T83/><D32/><U20/><E20/><N who="2" m="11343" /><F14/><W89/><G115/><T42/><D70/><U37/><E37/><V75/><F75/><W27/><G112/><T119/><D83/><U100/><AGARI ba="1,0" hai="2,6,11,19,21,25,48,49,97,100,106" m="48658" machi="100" ten="40,2100,0" yaku="18,1" doraHai="82,59" who="1" fromWho="1" sc="230,-8,290,24,245,-8,235,-8" /><INIT seed="1,2,0,1,1,73" ten="222,314,237,227" oya="1" hai0="97,58,28,112,102,47,77,68,55,98,76,91,105" hai1="99,79,81,56,118,100,71,72,84,12,133,106,64" hai2="5,94,87,19,39,54,93,50,130,43,113,135,11" hai3="103,35,27,109,41,10,40,110,26,42,0,129,75"/><U7/><E118/><V14/><F130/><W17/><G129/><T67/><D112/><U51/><E133/><V117/><F117/><W24/><G103/><T20/><D47/><U124/><E124/><V121/><F121/><W60/><G35/><T49/><D68/><U21/><E71/><V2/><F135/><W82/><G60/><T13/><D67/><U111/><E111/><N who="3" m="42506" /><G0/><T31/><D31/><U88/><E64/><V90/><F113/><W46/><G10/><T32/><D32/><U96/><E96/><V131/><F131/><W69/><G69/><T4/><D4/><U80/><E7/><V114/><F114/><W36/><G17/><T74/><D74/><U115/><E115/><V34/><F34/><W127/><G127/><T15/><D13/><U83/><E12/><V63/><F39/><W38/><G46/><T123/><D123/><U128/><E21/><V108/><F108/><W66/><G66/><T23/><D23/><U59/><E128/><V116/><F116/><W62/><G62/><T44/><D44/><U25/><E25/><V101/><F63/><W33/><G33/><T61/><D61/><U37/><E37/><V120/><F120/><W29/><G29/><T85/><D98/><U1/><E1/><V70/><F70/><W53/><G53/><T22/><D22/><U48/><E81/><V132/><F132/><W9/><G9/><T126/><D126/><U95/><E83/><N who="2" m="49535" /><F54/><W18/><G18/><N who="0" m="10335" /><D28/><U45/><E45/><N who="2" m="25919" /><F101/><W8/><G8/><T52/><D55/><U125/><E125/><V107/><F107/><W92/><G92/><AGARI ba="2,0" hai="49,52,58,76,77,85,91,92,97,102,105" m="10335" machi="92" ten="30,8000,1" yaku="6,1,25,1,52,2,54,1" doraHai="73" who="0" fromWho="3" sc="222,86,314,0,237,0,227,-86" /><INIT seed="2,0,0,3,1,109" ten="308,314,237,141" oya="2" hai0="29,120,38,108,64,69,51,47,18,73,133,1,88" hai1="128,100,132,92,131,2,8,9,71,75,16,37,124" hai2="118,83,130,26,77,48,27,101,106,41,123,52,7" hai3="49,115,40,68,119,116,56,28,114,87,104,21,60"/><V96/><F123/><W125/><G104/><T44/><D120/><U99/><E37/><V58/><F118/><W126/><G28/><T72/><D1/><U110/><E71/><V95/><F130/><N who="1" m="49705" /><E110/><V84/><F7/><W102/><G21/><T31/><D108/><U67/><E67/><V94/><REACH who="2" step="1"/><F41/><REACH who="2" ten="308,314,227,141" step="2"/><W22/><G116/><T53/><D133/><U3/><E132/><V36/><F36/><W86/><G119/><T34/><D34/><U46/><E124/><V91/><F91/><W111/><G126/><T90/><D88/><U76/><E2/><V78/><F78/><W135/><G111/><T25/><D90/><U59/><E76/><V127/><F127/><W10/><G125/><T57/><D38/><U11/><E3/><V79/><F79/><W105/><G135/><T55/><D72/><U85/><E75/><V19/><F19/><W103/><G40/><T6/><D6/><U121/><E121/><V24/><AGARI ba="0,1" hai="24,26,27,48,52,58,77,83,84,94,95,96,101,106" machi="24" ten="30,11700,0" yaku="1,1,0,1,54,1,53,1" doraHai="109" doraHaiUra="93" who="2" fromWho="2" sc="308,-39,314,-39,227,127,141,-39" /><INIT seed="2,1,0,2,2,105" ten="269,275,354,102" oya="2" hai0="94,111,134,76,78,45,29,35,7,116,126,1,112" hai1="39,18,23,33,131,104,12,125,2,51,129,120,91" hai2="9,55,5,26,22,95,21,63,73,67,121,101,110" hai3="92,42,96,81,31,25,118,49,132,28,117,97,130"/><V115/><F121/><W124/><G130/><T89/><D112/><U84/><E39/><V32/><F115/><W93/><G124/><T61/><D126/><U40/><E104/><V15/><F32/><W90/><G132/><T80/><D134/><U135/><E135/><V4/><F4/><W0/><G0/><T17/><D111/><U113/><E2/><V53/><F110/><W57/><G81/><T79/><D116/><U82/><E125/><V27/><F73/><W54/><G42/><T13/><D1/><U69/><E113/><V50/><F101/><W133/><G133/><T60/><D7/><U127/><E127/><V64/><F95/><W14/><G14/><T16/><D17/><U103/><E103/><V123/><F123/><W37/><G37/><T114/><D114/><U58/><E69/><V108/><F108/><W62/><G49/><T77/><D45/><N who="1" m="26023" /><E58/><N who="2" m="35295" /><F27/><W3/><G3/><T11/><D35/><U38/><E38/><V46/><F22/><W43/><G43/><T85/><REACH who="0" step="1"/><D29/><AGARI ba="1,0" hai="5,9,15,21,26,29,46,50,53,64,67" m="35295" machi="29" ten="30,1500,0" yaku="8,1" doraHai="105" who="2" fromWho="0" sc="269,-18,275,0,354,18,102,0" /><INIT seed="2,2,0,0,1,115" ten="251,275,372,102" oya="2" hai0="40,74,120,10,77,135,110,20,71,92,48,36,127" hai1="90,52,125,118,33,128,73,29,69,122,42,119,23" hai2="109,113,106,50,86,108,15,49,130,4,117,72,65" hai3="22,46,107,97,61,25,124,41,129,28,31,85,131"/><V34/><F72/><W95/><G124/><T17/><D120/><U27/><E69/><V66/><F34/><W7/><G7/><T60/><D127/><U5/><E125/><V35/><F35/><W96/><G31/><T12/><D110/><N who="2" m="42602" /><F106/><W94/><G61/><T81/><D135/><U56/><E42/><V54/><F113/><W100/><G85/><T99/><D36/><U134/><E134/><V103/><F103/><W11/><G11/><T132/><D132/><U57/><E57/><N who="2" m="32975" /><F130/><N who="3" m="49675" /><G96/><T78/><D78/><U98/><E128/><V121/><F121/><W70/><G70/><T68/><D60/><U63/><E73/><V16/><F4/><W53/><G53/><T79/><D79/><U87/><E5/><V39/><F86/><W21/><G21/><T1/><D48/><AGARI ba="2,0" hai="22,25,28,41,46,48,94,95,97,100,107" m="49675" machi="48" ten="30,1000,0" yaku="19,1" doraHai="115" who="3" fromWho="0" sc="251,-16,275,0,372,0,102,16" /><INIT seed="3,0,0,2,3,23" ten="235,275,372,118" oya="3" hai0="34,111,13,125,119,122,0,114,6,30,19,55,21" hai1="17,49,63,80,106,131,124,31,47,25,60,39,115" hai2="107,76,74,112,35,33,127,3,18,116,66,109,94" hai3="5,65,130,46,58,72,103,14,7,12,133,121,84"/><W56/><G72/><T8/><D122/><U108/><E115/><V59/><F112/><W100/><G121/><T64/><D114/><U37/><E106/><V75/><F107/><W62/><G133/><T70/><D119/><U27/><E108/><V132/><F3/><W52/><G130/><T110/><D55/><U98/><E131/><V40/><F40/><W104/><G46/><T83/><D83/><U26/><E124/><V117/><F127/><W97/><G84/><T11/><D125/><U29/><E39/><V93/><F132/><W51/><REACH who="3" step="1"/><G103/><REACH who="3" ten="235,275,372,108" step="2"/><T126/><D126/><U10/><E47/><V41/><F75/><W4/><AGARI ba="0,1" hai="4,5,7,12,14,51,52,56,58,62,65,97,100,104" machi="4" ten="30,12000,1" yaku="1,1,2,1,0,1,54,1,53,1" doraHai="23" doraHaiUra="57" who="3" fromWho="3" sc="235,-40,275,-40,372,-40,108,130" /><INIT seed="3,1,0,5,2,77" ten="195,235,332,238" oya="3" hai0="46,41,54,86,35,104,11,32,59,112,132,56,129" hai1="27,22,119,0,51,118,63,125,122,94,121,116,39" hai2="85,28,98,76,99,81,21,67,42,107,114,14,48" hai3="8,88,102,25,45,101,124,96,52,18,24,60,73"/><W37/><G73/><T90/><D104/><U100/><E39/><V80/><F114/><W120/><G120/><T64/><D112/><U126/><E0/><V15/><F107/><W6/><G124/><N who="1" m="47722" /><E63/><V87/><F67/><W75/><G75/><T70/><D129/><U105/><E51/><V92/><F28/><W133/><G133/><T30/><D132/><U44/><E44/><N who="2" m="25623" /><F21/><N who="3" m="13367" /><G37/><T16/><D70/><U17/><E105/><V23/><F23/><W113/><G25/><T74/><D74/><U69/><E69/><V20/><F20/><W26/><G26/><T49/><D30/><U40/><E40/><V61/><F61/><W55/><G45/><T38/><D59/><U4/><E4/><V78/><F99/><AGARI ba="1,0" hai="17,22,27,94,99,100,116,118,119,121,122" m="47722" machi="99" ten="40,2600,0" yaku="12,1,18,1" doraHai="77" who="1" fromWho="2" sc="195,0,235,29,332,-29,238,0" /><INIT seed="4,0,0,2,4,3" ten="195,264,303,238" oya="0" hai0="46,106,88,69,104,111,96,44,34,39,5,93,42" hai1="23,8,128,125,94,40,61,56,32,64,95,4,29" hai2="30,6,67,53,123,59,25,36,68,43,86,134,49" hai3="81,35,31,118,98,113,27,65,116,101,77,82,7"/><T109/><D69/><U9/><E32/><V48/><F123/><W83/><G113/><T73/><D73/><U38/><E125/><V26/><F134/><W51/><G65/><T85/><D34/><U20/><E128/><V91/><F49/><W75/><G51/><T10/><D44/><U84/><E38/><V17/><F17/><W120/><G120/><T15/><REACH who="0" step="1"/><D96/><REACH who="0" ten="185,264,303,238" step="2"/><U124/><E124/><V105/><F68/><W122/><G122/><T66/><D66/><U115/><E64/><V129/><F67/><W24/><G75/><T58/><D58/><U121/><E56/><V45/><F59/><W132/><G35/><T92/><D92/><U13/><E95/><V89/><F45/><W114/><G98/><T72/><D72/><U1/><E94/><V78/><F129/><W74/><G74/><T47/><D47/><U50/><E121/><V131/><F131/><W60/><G118/><T79/><D79/><U100/><E115/><V110/><F78/><W12/><G77/><T19/><D19/><U130/><E130/><V14/><F36/><W52/><G114/><T87/><D87/><U103/><E84/><V54/><F86/><W71/><G116/><T70/><D70/><U18/><E18/><V99/><F99/><W102/><G71/><T63/><D63/><U55/><E61/><V28/><F28/><W33/><G31/><T2/><D2/><U80/><E1/><V76/><F30/><W107/><G60/><T127/><D127/><U133/><E29/><V126/><F126/><W108/><G33/><T117/><D117/><U16/><E16/><RYUUKYOKU ba="0,1" sc="185,30,264,-10,303,-10,238,-10" hai0="5,10,15,39,42,46,85,88,93,104,106,109,111" /><INIT seed="4,1,1,3,3,105" ten="215,254,293,228" oya="0" hai0="7,36,62,90,35,110,111,58,77,8,0,74,34" hai1="133,134,129,97,117,56,123,10,124,54,26,95,88" hai2="4,93,19,98,128,12,112,6,68,57,1,53,27" hai3="33,113,104,63,42,125,116,127,76,32,5,43,120"/><T24/><D36/><U40/><E117/><V22/><F128/><W131/><G116/><T82/><D90/><U65/><E123/><V99/><F112/><W102/><G113/><T46/><D46/><U15/><E129/><V28/><F68/><W29/><G131/><T75/><D75/><U69/><E124/><N who="3" m="47690" /><G5/><T100/><D100/><U66/><E40/><V60/><F1/><W119/><G119/><T126/><D126/><U130/><E26/><V30/><F30/><W31/><G63/><T38/><D38/><U107/><E107/><V37/><F37/><W25/><G76/><T39/><D39/><U72/><E130/><V96/><REACH who="2" step="1"/><F93/><REACH who="2" ten="215,254,283,228" step="2"/><W23/><G120/><T64/><REACH who="0" step="1"/><D24/><REACH who="0" ten="205,254,283,228" step="2"/><U48/><E69/><V79/><F79/><W80/><G25/><T89/><D89/><U20/><E88/><V21/><AGARI ba="1,3" hai="4,6,12,19,21,22,27,28,53,57,60,96,98,99" machi="21" ten="30,7900,0" yaku="1,1,0,1,8,1,53,1" doraHai="105" doraHaiUra="55" who="2" fromWho="2" sc="205,-40,254,-21,283,112,228,-21" /><INIT seed="5,0,0,3,0,59" ten="165,233,395,207" oya="1" hai0="70,87,118,43,67,47,119,37,21,73,129,112,56" hai1="116,42,102,126,132,123,94,127,39,100,130,82,105" hai2="38,2,57,49,65,109,32,19,53,79,107,45,84" hai3="101,113,54,78,1,61,26,24,55,62,14,134,50"/><U88/><E39/><V29/><F2/><W108/><G108/><T98/><D73/><U22/><E42/><V60/><F107/><W16/><G1/><T128/><D87/><N who="1" m="52511" /><E22/><V106/><F106/><W103/><G134/><T125/><D98/><N who="1" m="61591" /><E132/><V117/><F32/><W30/><G78/><T111/><D21/><U76/><E130/><N who="0" m="50281" /><D111/><U25/><E25/><N who="3" m="9834" /><G113/><T64/><D112/><U77/><E116/><N who="0" m="44585" /><D125/><N who="1" m="47627" /><E102/><N who="3" m="38922" /><G30/><T36/><D70/><U8/><E8/><V5/><F29/><W99/><G99/><T40/><D56/><U114/><E114/><V90/><F57/><N who="3" m="32983" /><G55/><T74/><D74/><N who="1" m="43287" /><E77/><V131/><F79/><W27/><G27/><T86/><D40/><U104/><E104/><V28/><F38/><W96/><G96/><T72/><D72/><U66/><E66/><V4/><F65/><W33/><G33/><T71/><D37/><U63/><E123/><V91/><F131/><W23/><AGARI ba="0,0" hai="14,16,23,61,62" m="32983,38922,9834" machi="23" ten="30,7900,0" yaku="8,1,52,2,54,1" doraHai="59" who="3" fromWho="3" sc="165,-20,233,-39,395,-20,207,79" /><INIT seed="6,0,0,0,0,21" ten="145,194,375,286" oya="2" hai0="86,20,60,102,68,74,81,124,71,121,5,82,47" hai1="103,97,46,95,98,44,39,66,35,70,116,67,134" hai2="83,101,79,110,23,31,63,111,80,107,85,90,104" hai3="57,69,53,17,33,105,96,113,54,129,108,6,78"/><V28/><F63/><W72/><G108/><N who="2" m="41513" /><F23/><W77/><G69/><T122/><D102/><U73/><E116/><V119/><F119/><W133/><G6/><T22/><D124/><U55/><E73/><N who="2" m="43119" /><F101/><W135/><G129/><T115/><D5/><U14/><E35/><V26/><F26/><W15/><G33/><T114/><D47/><U59/><E46/><V128/><F128/><W8/><G113/><T4/><D4/><U48/><E134/><V132/><F132/><W64/><G72/><T120/><D74/><U117/><E117/><V18/><F18/><W45/><G17/><T109/><D109/><U106/><E70/><N who="0" m="26665" /><D60/><U56/><E67/><V89/><F89/><W112/><G64/><T76/><D82/><U3/><E66/><V24/><F24/><W19/><G78/><T100/><D100/><U43/><E103/><V84/><F84/><W131/><G77/><T16/><D22/><U94/><E98/><V62/><F62/><W51/><G96/><T34/><D34/><U38/><E97/><V92/><F83/><W12/><G131/><T29/><D29/><AGARI ba="0,0" hai="28,29,31,85,90,92,104,107" m="43119,41513" machi="29" ten="30,1500,0" yaku="10,1" doraHai="21" who="2" fromWho="0" sc="145,-15,194,0,375,15,286,0" /><INIT seed="6,1,0,1,2,32" ten="130,194,390,286" oya="2" hai0="68,4,13,22,94,119,108,6,10,76,79,64,31" hai1="73,41,65,18,82,80,16,60,105,30,87,114,29" hai2="85,55,116,49,44,91,50,47,45,36,134,9,124" hai3="71,104,27,86,42,33,109,101,132,3,0,14,2"/><V102/><F116/><W57/><G57/><T19/><D108/><U92/><E105/><V37/><F134/><W70/><G14/><T26/><D119/><U90/><E114/><V61/><F124/><W74/><G86/><T17/><D68/><N who="3" m="26153" /><G109/><T115/><D115/><U54/><E41/><V7/><F102/><W28/><G42/><T38/><D38/><U67/><E73/><V20/><F61/><W40/><G40/><T106/><D106/><U39/><E39/><V66/><F66/><N who="1" m="25097" /><E54/><V11/><F45/><W15/><G15/><T96/><D64/><U129/><E129/><V110/><F110/><W8/><G8/><T48/><D48/><U100/><E60/><V122/><F9/><W69/><G69/><T59/><D59/><U123/><E123/><V84/><F122/><W21/><G21/><T35/><D6/><U120/><E120/><V53/><F20/><W62/><G62/><T126/><D126/><U98/><E82/><V12/><F85/><W130/><G74/><T103/><REACH who="0" step="1"/><D19/><AGARI ba="1,0" hai="16,18,19,29,30,80,87,90,92,98,100" m="25097" machi="19" ten="30,2000,0" yaku="8,1,54,1" doraHai="32" who="1" fromWho="0" sc="130,-23,194,23,390,0,286,0" /><INIT seed="7,0,0,3,1,104" ten="107,217,390,286" oya="3" hai0="15,86,9,77,111,76,24,8,89,131,62,79,26" hai1="64,71,2,123,74,94,69,102,6,20,65,121,73" hai2="44,115,35,40,61,72,66,124,1,33,36,85,56" hai3="80,25,70,135,127,23,37,45,91,87,116,132,82"/><W68/><G116/><T0/><D111/><U46/><E6/><V48/><F1/><W47/><G127/><T22/><D131/><U107/><E20/><V51/><F72/><W101/><G101/><T42/><D0/><U34/><E46/><V130/><F130/><W109/><G109/><T52/><D42/><U50/><E50/><V128/><F128/><W134/><G82/><T119/><D119/><U84/><E34/><V100/><F100/><W122/><G122/><T31/><D24/><U113/><E94/><V13/><F124/><W4/><G4/><T120/><D120/><U114/><E84/><V63/><F51/><W32/><G32/><T21/><D21/><U112/><E112/><V117/><F117/><W28/><G37/><T99/><D99/><U54/><E2/><V60/><F115/><W133/><N who="3" m="33792" /><DORA hai="38" /><W105/><REACH who="3" step="1"/><G105/><REACH who="3" ten="107,217,390,276" step="2"/><T10/><D15/><U12/><E12/><V78/><F13/><W90/><G90/><T98/><D98/><U41/><E102/><V103/><F103/><W67/><G67/><T5/><D5/><U59/><E107/><V30/><F66/><W125/><G125/><T55/><REACH who="0" step="1"/><D62/><REACH who="0" ten="97,217,390,276" step="2"/><N who="1" m="36215" /><E121/><V75/><F61/><W95/><G95/><AGARI ba="0,2" hai="8,9,10,22,26,31,52,55,76,77,79,86,89,95" machi="95" ten="40,8000,1" yaku="1,1,8,1,54,1,53,1" doraHai="104,38" doraHaiUra="14,17" who="0" fromWho="3" sc="97,100,217,0,390,0,276,-80" owari="197,-20.0,217,2.0,390,48.0,196,-30.0" /></mjloggm>