<mjloggm ver="2.3"><GO type="41"/><UN n0="%EF%BC%88%E2%89%A7%E2%96%BD%E2%89%A6%EF%BC%89" n1="%E3%82%82%E3%81%A3%E3%81%97%E3%83%BC" n2="%E9%B7%B9%E3%82%88%E3%82%8A%EF%BC%A0%EF%BC%B3%EF%BC%A2" n3="%E3%82%84%E3%82%93%E3%82%8F%E3%82%8A" dan="15,14,14,14" rate="2063,1870,1917,1934" sx="M,M,M,M"/><TAIKYOKU oya="0"/><INIT seed="0,0,0,2,2,15" ten="250,250,250,250" oya="0" hai0="74,73,69,41,133,48,3,55,114,70,31,14,98" hai1="17,126,4,18,50,115,53,65,117,109,6,92,7" hai2="128,94,85,91,124,12,100,83,36,132,30,102,112" hai3="125,23,110,22,99,72,29,119,9,113,67,32,103"/><T58/><D3/><U52/><E117/><V54/><F36/><W77/><G119/><T116/><D116/><U80/><E109/><V43/><F112/><W11/><G67/><T24/><D114/><U135/><E115/><V131/><F43/><W28/><G110/><T42/><D133/><U2/><E2/><V64/><F64/><W1/><G113/><T56/><D98/><U16/><E135/><V76/><F30/><W20/><G77/><T118/><D118/><U46/><E65/><V96/><F132/><W8/><G72/><T86/><D86/><U104/><E104/><V78/><F54/><W45/><G45/><T60/><D14/><U71/><E71/><V79/><F12/><W66/><G66/><T33/><D69/><U127/><E80/><V129/><REACH who="2" step="1"/><F124/><REACH who="2" step="2"/><N who="1" m="47657" /><E92/><V84/><F84/><W97/><G125/><T51/><D70/><U5/><N who="1" m="1024" /><DORA hai="37" /><U108/><E108/><V10/><F10/><W101/><G1/><T39/><D39/><U88/><E88/><AGARI ba="0,1" hai="76,78,79,83,85,88,91,94,96,100,102,128,129,131" machi="88" ten="50,12000,2" yaku="1,1,19,1,34,3,54,1,53,1" doraHai="15,37" doraHaiUra="93,49" who="2" fromWho="1" sc="250,0,250,-120,240,130,250,0" /><INIT seed="1,0,0,5,4,46" ten="250,130,370,250" oya="1" hai0="82,97,54,7,111,123,104,19,133,66,70,91,119" hai1="127,75,11,16,76,68,48,130,42,33,128,96,103" hai2="58,106,37,115,135,39,5,62,87,2,125,14,52" hai3="4,25,122,27,43,107,32,63,92,30,120,35,93"/><U18/><E33/><V12/><F106/><W61/><G4/><T112/><D119/><U0/><E68/><V55/><F2/><W59/><G43/><T45/><D112/><U56/><E127/><V131/><F125/><W121/><G107/><T108/><D7/><N who="1" m="1511" /><E75/><V84/><F115/><W78/><G78/><T44/><D123/><U99/><E76/><V53/><F5/><W64/><G61/><N who="0" m="40271" /><D133/><U34/><E34/><V67/><F135/><W101/><G101/><N who="0" m="62511" /><D19/><N who="1" m="7211" /><E103/><V80/><F37/><W77/><G77/><T47/><D91/><U28/><E28/><AGARI ba="0,0" hai="25,27,28,30,32,35,59,63,64,92,93,120,121,122" machi="28" ten="40,1300,0" yaku="9,1" doraHai="46" who="3" fromWho="1" sc="250,0,130,-13,370,0,250,13" /><INIT seed="2,0,0,3,2,76" ten="250,117,370,263" oya="2" hai0="48,78,19,98,81,73,105,119,107,110,103,114,4" hai1="112,80,134,61,69,129,46,91,11,104,131,63,65" hai2="13,20,97,66,42,135,14,10,3,96,57,34,116" hai3="86,133,50,102,28,45,0,83,64,72,47,60,74"/><V67/><F34/><W93/><G0/><T33/><D114/><U41/><E104/><V106/><F116/><W35/><G133/><T49/><D119/><U70/><E112/><V1/><F135/><W16/><G47/><T90/><D33/><U7/><E134/><V118/><F42/><W122/><G122/><T56/><D110/><U12/><E63/><V55/><F118/><W6/><G6/><T92/><D4/><U109/><E109/><V126/><F126/><W43/><G28/><T68/><D68/><U82/><E91/><V87/><F1/><W75/><G35/><T22/><D56/><U127/><E127/><V54/><F3/><W94/><G16/><T5/><D5/><U111/><E111/><V101/><F96/><W62/><G102/><T121/><D121/><U52/><E70/><V44/><F20/><W59/><REACH who="3" step="1"/><G60/><REACH who="3" step="2"/><T21/><D21/><U30/><E30/><V24/><F24/><W9/><G9/><T132/><D132/><U29/><E29/><V39/><F14/><W2/><G2/><T15/><REACH who="0" step="1"/><D107/><REACH who="0" step="2"/><U115/><E115/><V95/><F106/><W89/><AGARI ba="0,2" hai="43,45,50,59,62,64,72,74,75,83,86,89,93,94" machi="89" ten="30,4000,0" yaku="1,1,0,1,52,1,53,0" doraHai="76" doraHaiUra="25" who="3" fromWho="3" sc="240,-10,117,-10,370,-20,253,60" /><INIT seed="3,0,0,3,3,23" ten="230,107,350,313" oya="3" hai0="73,85,6,75,47,134,9,124,130,132,95,99,114" hai1="64,3,81,4,41,27,93,24,116,20,32,128,126" hai2="5,131,117,26,112,100,43,135,110,62,82,36,11" hai3="78,58,39,104,118,83,90,22,122,113,103,55,74"/><W91/><G39/><T37/><D114/><U86/><E116/><V105/><F117/><W12/><G118/><T61/><D124/><U14/><E3/><V10/><F112/><W101/><G113/><T19/><D130/><U69/><E128/><V59/><F131/><W84/><G122/><T34/><D34/><U115/><E115/><V65/><F10/><W2/><G2/><N who="0" m="215" /><D19/><U88/><E126/><V42/><F135/><N who="0" m="51754" /><D85/><N who="1" m="52367" /><E69/><V25/><F105/><W106/><G106/><T127/><D127/><U123/><E123/><V16/><F100/><W0/><G0/><T56/><D47/><U94/><E32/><V48/><F36/><W51/><G104/><T49/><D49/><U44/><E94/><V1/><F110/><W107/><G107/><T28/><D37/><U38/><E64/><V7/><F82/><W57/><G57/><T89/><D28/><U63/><E63/><V121/><F121/><W33/><G33/><T40/><D40/><N who="2" m="15402" /><F48/><W96/><G96/><T72/><D72/><U102/><E102/><N who="3" m="38922" /><G74/><T92/><D92/><U17/><E38/><V109/><F109/><W87/><G84/><T108/><D108/><U80/><E4/><N who="2" m="1611" /><F1/><W77/><G91/><T125/><D125/><U29/><E29/><V18/><F18/><AGARI ba="0,0" hai="12,18,22,51,55,58,77,78,83,87,90" m="38922" machi="18" ten="30,1500,0" yaku="8,1" doraHai="23" who="3" fromWho="2" sc="230,0,107,0,350,-15,313,15" /><INIT seed="3,1,0,3,1,31" ten="230,107,335,328" oya="3" hai0="65,66,132,72,35,92,26,127,81,56,16,18,44" hai1="43,49,64,80,84,86,55,103,89,45,82,125,29" hai2="109,74,130,63,30,88,24,108,128,54,32,5,115" hai3="126,15,7,13,41,14,60,129,6,99,97,25,119"/><W53/><G119/><T19/><D132/><U52/><E125/><V38/><F38/><W135/><G126/><T90/><D127/><U51/><E103/><V95/><F74/><W10/><G135/><T0/><D0/><U27/><E64/><V28/><F5/><W17/><G41/><T96/><D44/><U120/><E120/><V124/><F115/><W91/><G129/><N who="2" m="49769" /><F124/><W9/><G25/><T113/><D113/><U87/><E87/><N who="2" m="52639" /><F28/><W33/><G33/><T75/><D81/><U116/><E116/><V70/><F70/><W100/><G100/><T68/><D68/><U23/><REACH who="1" step="1"/><E51/><REACH who="1" step="2"/><V79/><F79/><AGARI ba="1,1" hai="23,27,29,43,45,49,52,55,79,80,82,84,86,89" machi="79" ten="30,8000,1" yaku="1,1,2,1,7,1,8,1,54,1,53,0" doraHai="31" doraHaiUra="121" who="1" fromWho="2" sc="230,0,97,93,335,-83,328,0" /><INIT seed="4,0,0,5,1,83" ten="230,190,252,328" oya="0" hai0="103,25,55,86,84,122,67,30,33,13,11,134,68" hai1="70,96,111,75,31,64,50,132,100,22,79,102,109" hai2="18,92,116,63,2,60,91,43,130,72,28,59,135" hai3="56,0,82,48,119,3,19,17,126,24,88,5,7"/><T52/><D122/><U61/><E132/><V41/><F135/><W49/><G119/><T15/><D134/><U124/><E124/><V97/><F72/><W89/><G82/><T54/><D103/><U104/><E102/><V46/><F2/><W73/><G73/><T106/><D106/><U8/><E50/><V10/><F130/><W36/><G36/><T14/><REACH who="0" step="1"/><D11/><REACH who="0" step="2"/><U66/><E8/><V112/><F116/><W85/><G126/><T81/><D81/><U37/><E100/><V29/><F112/><W107/><G107/><T6/><D6/><U62/><E104/><V80/><F80/><W57/><G5/><T45/><D45/><U39/><E111/><V128/><F46/><W35/><G7/><T113/><D113/><U87/><E109/><V4/><F4/><W105/><G105/><T26/><D26/><U90/><E70/><V40/><F59/><W32/><G24/><T118/><D118/><U98/><E39/><V42/><F10/><W9/><G9/><T23/><D23/><U94/><E22/><V115/><F115/><W77/><G77/><T101/><D101/><U65/><E37/><V76/><F76/><W123/><G123/><T1/><D1/><U78/><E78/><V21/><F21/><W129/><G129/><T125/><D125/><U53/><E79/><V74/><F74/><W58/><G58/><T93/><D93/><U133/><E75/><V99/><F128/><W120/><G120/><T110/><D110/><U108/><E133/><V131/><F131/><W27/><G27/><T47/><D47/><U44/><E44/><RYUUKYOKU ba="0,1" sc="220,15,190,-15,252,-15,328,15" hai0="13,14,15,25,30,33,52,54,55,67,68,84,86" hai3="0,3,17,19,32,35,48,49,56,57,85,88,89" /><INIT seed="4,1,1,2,3,69" ten="235,175,237,343" oya="0" hai0="86,118,40,93,32,90,68,57,58,55,52,87,24" hai1="2,76,14,35,126,70,36,85,115,125,117,25,39" hai2="114,98,81,116,109,101,73,92,1,84,99,7,131" hai3="127,105,111,46,27,41,134,17,120,80,51,31,72"/><T64/><D118/><U75/><E2/><V15/><F1/><W18/><G105/><T128/><D128/><U43/><E117/><V63/><F116/><W67/><G67/><T49/><D40/><U91/><E70/><V65/><F73/><W129/><G129/><T59/><D55/><U96/><E75/><V5/><F131/><W121/><G111/><T100/><D100/><U9/><E43/><V8/><F114/><W122/><G127/><N who="1" m="48650" /><E115/><V0/><F99/><W60/><G60/><T42/><D42/><U103/><E76/><V62/><F109/><W47/><G134/><T34/><D86/><U30/><E103/><V119/><F119/><W13/><G13/><T29/><REACH who="0" step="1"/><D34/><REACH who="0" step="2"/><U66/><E66/><V94/><F65/><W38/><G72/><T26/><D26/><U48/><E96/><V130/><F98/><W132/><G132/><T74/><D74/><U104/><E104/><V56/><F101/><W82/><G27/><T50/><D50/><U102/><E48/><V95/><F130/><W71/><G51/><T10/><D10/><U28/><E102/><V78/><F56/><W11/><G11/><T83/><D83/><N who="1" m="49599" /><E25/><V106/><F106/><W89/><G82/><T108/><D108/><U133/><E133/><V110/><F110/><W54/><G80/><T19/><D19/><N who="1" m="8655" /><E35/><V20/><F7/><W45/><G41/><T113/><D113/><U61/><E61/><AGARI ba="1,2" hai="24,29,32,49,52,57,58,59,61,64,68,87,90,93" machi="61" ten="40,3900,0" yaku="1,1,54,1,53,0" doraHai="69" doraHaiUra="4" who="0" fromWho="1" sc="225,62,175,-42,237,0,343,0" /><INIT seed="4,2,0,1,2,58" ten="287,133,237,343" oya="0" hai0="51,113,28,108,64,69,6,8,56,88,54,77,127" hai1="79,120,94,68,42,10,29,130,78,116,89,35,133" hai2="57,87,132,7,45,75,40,27,71,115,37,123,23" hai3="72,60,124,1,98,76,47,22,114,31,85,135,96"/><T74/><D113/><U30/><E116/><V32/><F115/><W81/><G114/><T9/><D127/><U17/><E120/><V82/><F71/><W61/><G1/><T36/><D108/><U67/><E68/><V83/><F123/><W39/><G124/><T107/><D107/><U50/><E67/><V106/><F32/><W19/><G31/><T121/><D121/><U128/><E133/><V15/><F106/><W20/><G72/><T111/><D111/><U84/><E35/><V131/><F132/><W86/><G135/><T33/><D36/><U11/><E42/><V134/><F131/><N who="1" m="50217" /><E50/><V49/><F75/><W25/><G86/><T44/><D69/><U21/><E30/><V66/><F83/><W55/><G20/><T24/><D6/><U5/><E29/><V110/><F110/><W48/><G39/><T126/><D126/><U103/><E103/><V109/><F109/><W4/><G4/><T119/><D119/><U12/><E11/><N who="2" m="4607" /><F37/><W26/><G26/><AGARI ba="2,0" hai="5,10,12,17,21,26,78,79,84,89,94" m="50217" machi="26" ten="30,1000,0" yaku="19,1" doraHai="58" who="1" fromWho="3" sc="287,0,133,16,237,0,343,-16" /><INIT seed="5,0,0,5,1,66" ten="287,149,237,327" oya="1" hai0="41,8,132,56,76,48,9,64,93,113,11,55,46" hai1="72,133,95,90,67,89,5,26,32,68,49,125,37" hai2="12,14,131,105,63,102,81,96,106,16,28,127,104" hai3="39,18,83,62,3,6,77,36,119,35,4,71,123"/><U124/><E37/><V107/><F131/><W97/><G123/><T111/><D111/><U30/><E72/><V92/><F127/><N who="1" m="48713" /><E133/><V19/><F28/><W29/><G97/><T61/><D132/><U79/><E79/><V130/><F130/><W100/><G100/><T117/><D117/><U78/><E78/><V52/><F81/><W73/><G18/><T112/><D76/><U65/><E5/><V53/><N who="2" m="27136" /><DORA hai="108" /><V87/><F87/><W88/><G88/><N who="1" m="33898" /><E68/><V51/><F63/><W86/><G73/><T15/><D93/><U82/><E82/><V10/><REACH who="2" step="1"/><F51/><REACH who="2" step="2"/><W54/><G83/><T20/><D48/><U85/><E49/><V45/><F45/><W128/><G29/><T121/><D46/><U99/><E85/><V50/><F50/><W42/><G86/><T2/><D61/><U116/><E116/><V13/><F13/><W94/><G119/><T98/><D15/><U74/><E74/><V120/><F120/><W134/><G62/><T44/><D121/><U122/><E122/><V101/><F101/><AGARI ba="0,1" hai="26,30,32,65,67,95,99,101" m="33898,48713" machi="101" ten="30,2900,0" yaku="18,1,54,1" doraHai="66,108" who="1" fromWho="2" sc="287,0,149,39,227,-29,327,0" /><INIT seed="5,1,0,3,2,115" ten="287,188,198,327" oya="1" hai0="81,50,44,93,13,45,89,71,111,108,37,56,92" hai1="97,35,127,131,68,87,65,120,103,33,7,125,61" hai2="63,5,25,19,119,60,90,42,4,46,128,49,105" hai3="10,117,17,82,78,100,58,79,3,39,72,114,64"/><U32/><E87/><V101/><F119/><W18/><G114/><T21/><D71/><U95/><E120/><V96/><F128/><W12/><G39/><T28/><D37/><U98/><E7/><V41/><F90/><W52/><G64/><T130/><D130/><U8/><E8/><V1/><F42/><W34/><G34/><T67/><D111/><U36/><E131/><V31/><F19/><W107/><G117/><T70/><D70/><U80/><E80/><V106/><F106/><W118/><G118/><T16/><D28/><U9/><E9/><V53/><F1/><W74/><G3/><T129/><D129/><U24/><E36/><V38/><F60/><W112/><G112/><T134/><D134/><U20/><E98/><V57/><REACH who="2" step="1"/><F38/><REACH who="2" step="2"/><W76/><G107/><T51/><D108/><U30/><AGARI ba="1,1" hai="20,24,30,32,33,35,61,65,68,95,97,103,125,127" machi="30" ten="40,2100,0" yaku="0,1" doraHai="115" who="1" fromWho="1" sc="287,-8,188,34,188,-8,327,-8" /><INIT seed="5,2,0,0,4,38" ten="279,222,180,319" oya="1" hai0="47,13,121,14,103,55,122,75,53,116,74,6,40" hai1="46,77,98,8,34,96,92,62,3,27,69,123,7" hai2="89,100,22,24,84,31,60,54,99,41,51,134,19" hai3="114,101,18,127,10,129,105,119,86,107,52,16,43"/><U78/><E123/><N who="0" m="47113" /><D103/><U29/><E98/><V15/><F134/><W2/><G119/><T48/><D116/><U135/><E135/><V61/><F100/><W115/><G43/><T32/><D32/><U111/><E111/><V95/><F99/><W36/><G36/><N who="0" m="21895" /><D53/><U49/><E69/><V45/><REACH who="2" step="1"/><F54/><REACH who="2" step="2"/><W63/><G52/><T81/><D6/><U25/><E62/><V93/><F93/><W65/><G101/><T90/><D81/><U64/><E64/><V72/><F72/><N who="0" m="27690" /><D90/><U117/><E117/><V124/><F124/><W110/><G127/><T97/><D97/><U109/><E109/><V79/><F79/><W131/><G110/><T76/><D76/><U37/><E78/><V68/><F68/><W12/><G65/><T87/><D87/><U91/><E77/><V132/><F132/><W58/><G86/><T112/><D112/><U21/><E37/><V11/><AGARI ba="2,1" hai="11,15,19,22,24,31,41,45,51,60,61,84,89,95" machi="11" ten="20,12000,2" yaku="1,1,0,1,7,1,8,1,52,1,53,1" doraHai="38" doraHaiUra="17" who="2" fromWho="2" sc="279,-32,222,-62,170,136,319,-32" /><INIT seed="6,0,0,2,5,75" ten="247,160,306,287" oya="2" hai0="32,127,89,126,59,64,83,133,69,68,2,53,108" hai1="1,42,124,13,116,105,3,101,38,110,118,65,22" hai2="112,56,21,73,19,97,88,100,123,99,14,24,10" hai3="131,86,115,80,26,128,25,35,5,29,48,27,11"/><V45/><F123/><W36/><G36/><T130/><D2/><U52/><E110/><V120/><F120/><W107/><G107/><T103/><D32/><U106/><E124/><N who="0" m="47657" /><D108/><U8/><E65/><V54/><F73/><W62/><G62/><T134/><D103/><U94/><E38/><V51/><F112/><W49/><G115/><T117/><D117/><U50/><E42/><V93/><F56/><W85/><G85/><N who="0" m="50367" /><D64/><U44/><E118/><V87/><REACH who="2" step="1"/><F100/><REACH who="2" step="2"/><W31/><G35/><T135/><D130/><U46/><E116/><V125/><F125/><W104/><G131/><T111/><D111/><U96/><E44/><V121/><F121/><W109/><G109/><T18/><D18/><AGARI ba="0,1" hai="10,14,18,19,21,24,45,51,54,87,88,93,97,99" machi="18" ten="30,11600,0" yaku="1,1,7,1,8,1,54,1,53,0" doraHai="75" doraHaiUra="132" who="2" fromWho="0" sc="247,-116,160,0,296,126,287,0" /><INIT seed="6,1,0,2,4,0" ten="131,160,422,287" oya="2" hai0="63,8,31,58,20,13,38,39,76,128,129,133,84" hai1="43,60,77,14,101,74,79,25,51,125,109,36,91" hai2="124,110,80,4,23,30,92,123,6,41,27,103,66" hai3="127,105,45,52,122,89,21,34,62,83,108,32,55"/><V24/><F123/><W15/><G122/><T47/><D133/><U119/><E119/><V115/><F124/><W26/><G127/><T95/><D20/><U65/><E109/><V22/><F110/><W85/><G105/><T46/><D31/><U90/><E125/><V118/><F115/><W53/><G108/><T10/><D95/><U18/><E36/><N who="0" m="13865" /><D84/><U86/><E101/><V35/><F118/><W88/><G89/><T70/><D76/><U100/><E100/><V48/><F66/><W107/><G107/><T112/><D112/><U132/><E132/><V121/><F80/><W19/><G62/><T42/><D13/><U130/><E130/><N who="0" m="50281" /><D8/><U134/><E134/><V117/><F35/><W67/><G34/><T33/><D10/><U102/><E102/><V72/><F72/><W44/><G67/><N who="0" m="41343" /><D33/><U126/><E126/><V37/><F121/><W78/><G78/><T113/><D113/><U2/><E2/><V106/><F106/><W68/><G32/><T120/><D120/><U96/><E25/><V93/><F117/><W87/><G26/><T56/><D46/><U49/><E79/><V97/><F93/><W1/><G87/><T17/><D17/><U94/><E77/><V116/><F116/><W29/><G29/><T98/><D98/><U28/><E28/><V81/><F24/><W71/><G1/><T104/><D104/><U7/><E96/><V114/><F27/><W73/><G73/><T3/><D3/><U131/><E131/><V69/><F30/><W50/><G44/><T11/><D11/><U9/><E9/><V99/><F114/><RYUUKYOKU ba="1,0" sc="131,15,160,-15,422,-15,287,15" hai0="42,47,56,58" hai3="15,19,21,45,50,52,53,55,68,71,83,85,88" /><INIT seed="7,2,0,2,0,135" ten="146,145,407,302" oya="3" hai0="91,58,11,19,114,121,49,132,38,9,37,15,87" hai1="123,28,116,10,89,78,56,36,21,126,107,5,117" hai2="124,103,119,105,1,30,23,26,82,51,57,47,77" hai3="65,6,20,129,4,60,42,95,25,35,76,39,100"/><W92/><G129/><T69/><D69/><U53/><E123/><V64/><F1/><W72/><G35/><T52/><D121/><U31/><E36/><V99/><F124/><W112/><G112/><T83/><D114/><U111/><E111/><V13/><F119/><N who="1" m="45641" /><E107/><V62/><F13/><W68/><G76/><T84/><D132/><U130/><E130/><V59/><F62/><W63/><G72/><T90/><D9/><U12/><E126/><V71/><F64/><W27/><G63/><T0/><D0/><U131/><E131/><V41/><F71/><W74/><G74/><AGARI ba="2,0" hai="23,26,30,41,47,51,57,59,74,77,82,99,103,105" machi="74" ten="30,1000,0" yaku="7,1" doraHai="135" who="2" fromWho="3" sc="146,0,145,0,407,16,302,-16" owari="146,-25.0,145,-35.0,423,51.0,286,9.0" /></mjloggm>