<mjloggm ver="2.3"><GO type="137"/><UN n0="%E2%98%86%E7%A5%9E%E4%BB%A3%E2%98%86" n1="%E4%B8%B9" n2="%50%2E%4D%41%4E" n3="%EF%BC%88%E2%89%A7%E2%96%BD%E2%89%A6%EF%BC%89" dan="11,11,11,12" rate="1639,1573,1741,1944" sx="M,M,M,M"/><TAIKYOKU oya="0"/><INIT seed="0,0,0,3,2,51" ten="250,250,250,250" oya="0" hai0="50,22,114,121,5,43,73,80,100,112,108,118,23" hai1="77,13,68,35,1,40,81,39,110,119,47,42,2" hai2="135,12,52,25,59,9,86,61,98,45,72,103,124" hai3="93,90,127,116,115,49,71,69,117,132,62,92,122"/><T113/><D5/><U4/><E119/><V134/><F72/><W91/><G115/><T44/><D100/><U29/><E110/><V95/><F25/><W133/><G49/><T64/><D73/><U31/><E68/><N who="3" m="26186" /><G62/><T99/><D99/><U28/><E42/><V15/><F86/><W75/><G75/><T74/><D74/><U10/><REACH who="1" step="1"/><E35/><REACH who="1" step="2"/><V53/><F124/><W48/><G117/><T16/><D108/><U36/><E36/><V84/><F9/><W21/><G116/><T111/><D111/><U0/><E0/><V82/><F135/><W26/><G133/><T8/><D118/><U131/><E131/><V89/><F134/><W129/><G132/><T20/><D121/><U123/><E123/><V96/><F96/><N who="3" m="57367" /><G129/><T30/><D30/><U97/><E97/><V56/><F45/><W130/><G122/><T70/><D114/><U83/><E83/><V24/><REACH who="2" step="1"/><F24/><REACH who="2" step="2"/><W106/><G127/><T76/><D113/><U104/><E104/><V79/><F79/><W65/><G130/><T17/><D112/><U63/><E63/><AGARI ba="0,2" hai="12,15,52,53,56,59,61,63,82,84,89,95,98,103" machi="63" ten="30,12000,2" yaku="1,1,7,1,9,1,8,1,52,2,54,1,53,0" doraHai="51" doraHaiUra="27" who="2" fromWho="1" sc="250,0,240,-120,240,140,250,0" /><INIT seed="1,0,0,0,1,19" ten="250,120,380,250" oya="1" hai0="78,88,71,4,68,18,61,86,26,73,79,23,50" hai1="121,93,105,37,34,113,64,106,80,69,96,107,81" hai2="104,12,7,52,53,125,15,74,82,35,123,3,58" hai3="6,111,117,72,24,87,128,95,46,8,30,9,97"/><U70/><E121/><V20/><F123/><W39/><G72/><T49/><D73/><U36/><E113/><V89/><F104/><W1/><G117/><T101/><D4/><U62/><E34/><V66/><F35/><W13/><G128/><T129/><D129/><U85/><E80/><V17/><F3/><W31/><G111/><T115/><D115/><U45/><E45/><V83/><F74/><W47/><G87/><T11/><D101/><U94/><E94/><V44/><F125/><W99/><G39/><T135/><D135/><U133/><E133/><V84/><F83/><W63/><G63/><T2/><D71/><U103/><REACH who="1" step="1"/><E70/><REACH who="1" step="2"/><V92/><F92/><W67/><G95/><T126/><D68/><U120/><E120/><V116/><F116/><W40/><G46/><T54/><D126/><U91/><AGARI ba="0,1" hai="36,37,62,64,69,81,85,91,93,96,103,105,106,107" machi="91" ten="30,3000,0" yaku="1,1,0,1,53,0" doraHai="19" doraHaiUra="75" who="1" fromWho="1" sc="250,-10,110,40,380,-10,250,-10" /><INIT seed="1,1,0,2,0,61" ten="240,150,370,240" oya="1" hai0="38,63,86,73,55,100,113,93,69,103,7,131,44" hai1="90,108,3,107,20,30,42,71,23,79,115,10,132" hai2="135,96,11,117,67,128,2,88,43,72,85,123,133" hai3="105,111,83,126,77,65,21,114,41,82,110,22,0"/><U129/><E115/><V28/><F72/><W99/><G114/><T91/><D73/><U70/><E107/><V5/><F123/><W124/><G0/><T59/><D113/><U45/><E108/><N who="3" m="41514" /><G41/><T24/><D7/><U78/><E129/><V57/><F117/><W14/><G14/><T50/><D131/><U39/><E132/><N who="2" m="50763" /><F28/><W116/><G116/><T121/><D121/><U16/><E30/><V134/><F134/><W1/><G1/><T66/><REACH who="0" step="1"/><D24/><REACH who="0" step="2"/><U130/><E130/><V49/><F128/><W35/><G126/><T12/><D12/><U27/><E3/><V127/><F127/><W15/><G124/><T62/><D62/><U32/><E32/><V26/><F26/><W89/><G35/><T6/><D6/><U76/><E10/><V33/><F33/><W54/><G15/><T17/><D17/><U9/><E9/><V56/><F5/><W36/><G21/><T34/><D34/><U25/><REACH who="1" step="1"/><E90/><REACH who="1" step="2"/><V81/><F2/><W122/><G89/><T19/><D19/><U106/><E106/><V64/><F11/><W119/><G105/><T29/><D29/><U101/><E101/><V98/><F88/><W80/><G119/><T75/><D75/><U102/><E102/><V48/><F81/><W118/><G83/><T104/><D104/><U60/><E60/><V8/><F8/><W4/><G82/><T68/><D68/><U120/><E120/><V40/><F85/><W47/><G122/><T51/><D51/><N who="2" m="19530" /><F98/><W46/><G80/><T18/><D18/><U53/><E53/><V125/><F96/><W31/><G99/><RYUUKYOKU ba="1,2" sc="230,15,140,15,370,-15,240,-15" hai0="38,44,50,55,59,63,66,69,86,91,93,100,103" hai1="16,20,23,25,27,39,42,45,70,71,76,78,79" /><INIT seed="1,2,2,5,5,37" ten="245,155,355,225" oya="1" hai0="63,75,55,77,26,20,61,86,50,92,133,102,6" hai1="106,129,105,40,17,82,83,43,107,24,38,27,13" hai2="62,73,89,135,112,130,5,34,65,66,127,57,93" hai3="123,10,53,21,104,90,4,118,44,78,76,71,15"/><U51/><E129/><V23/><F73/><W88/><G123/><T91/><D133/><U103/><E103/><V58/><F34/><W25/><G104/><T64/><D6/><U111/><E111/><V128/><F112/><W115/><G71/><T98/><D64/><U42/><E38/><V80/><F135/><W131/><G131/><N who="2" m="50217" /><F127/><W33/><G33/><T3/><D3/><U132/><E51/><V85/><F5/><W122/><G122/><T67/><D67/><U109/><E132/><V113/><F113/><W47/><G115/><T99/><D99/><U119/><E109/><V54/><F23/><W8/><G8/><T108/><D108/><U35/><E119/><V36/><F36/><W28/><G118/><T114/><D114/><U31/><REACH who="1" step="1"/><E24/><REACH who="1" step="2"/><V14/><F62/><W9/><G25/><T60/><D60/><U0/><E0/><V29/><F89/><W30/><G90/><T48/><D63/><U22/><AGARI ba="2,3" hai="13,17,22,27,31,35,40,42,43,82,83,105,106,107" machi="22" ten="40,12000,1" yaku="1,1,0,1,52,3,53,0" doraHai="37" doraHaiUra="74" who="1" fromWho="1" sc="245,-42,145,156,355,-42,225,-42" /><INIT seed="1,3,0,4,5,92" ten="203,301,313,183" oya="1" hai0="38,99,27,111,24,93,89,125,1,5,42,58,50" hai1="2,3,7,116,67,11,73,121,124,54,85,83,128" hai2="60,26,71,104,10,8,31,105,25,66,69,20,127" hai3="23,44,0,41,17,117,40,107,63,112,90,133,91"/><U131/><E121/><V32/><F127/><W47/><G112/><T16/><D111/><U61/><E116/><V18/><REACH who="2" step="1"/><F69/><REACH who="2" step="2"/><W35/><G117/><T65/><D125/><U77/><E124/><V4/><F4/><W113/><G113/><T57/><D5/><U81/><E3/><V126/><F126/><W118/><G0/><T96/><D1/><U13/><E2/><V48/><F48/><W115/><G118/><T98/><D38/><U14/><E54/><V19/><F19/><W134/><G17/><T87/><D65/><U21/><E21/><V9/><AGARI ba="3,1" hai="8,9,10,18,20,25,26,31,32,60,66,71,104,105" machi="9" ten="30,2000,0" yaku="1,1,0,1,53,0" doraHai="92" doraHaiUra="76" who="2" fromWho="2" sc="203,-8,301,-13,303,39,183,-8" /><INIT seed="2,0,0,2,3,87" ten="195,288,342,175" oya="2" hai0="41,103,58,57,43,113,49,1,4,127,11,12,123" hai1="117,110,25,77,6,42,96,119,33,44,45,112,46" hai2="22,61,106,52,98,50,35,126,129,48,23,88,3" hai3="130,9,21,28,59,38,64,84,120,134,78,24,104"/><V62/><F3/><W39/><G120/><T114/><D113/><U81/><E112/><V66/><F35/><W13/><G134/><T85/><D123/><U5/><E110/><V115/><F106/><W69/><G104/><T65/><D114/><U102/><E33/><V100/><F115/><W124/><G124/><T125/><D1/><U63/><E25/><V116/><F116/><W15/><G130/><T73/><D73/><U135/><E135/><V34/><F34/><W93/><G69/><T109/><D103/><U122/><E122/><V75/><F75/><W83/><G93/><T37/><D109/><U32/><E32/><V128/><F126/><W68/><G68/><T86/><D37/><U14/><E119/><V121/><F121/><W71/><G71/><T92/><D65/><U60/><E117/><V51/><F66/><W10/><G39/><T76/><D76/><U90/><E42/><V105/><F62/><N who="3" m="37983" /><G38/><T67/><D67/><U8/><E5/><V7/><F7/><W17/><G13/><T91/><D127/><U40/><E40/><V108/><F108/><W18/><G18/><T118/><D118/><U107/><REACH who="1" step="1"/><E90/><REACH who="1" step="2"/><V82/><F105/><W31/><G24/><T19/><D125/><U79/><E79/><V29/><F29/><AGARI ba="0,1" hai="9,10,15,17,21,28,29,31,78,83,84" m="37983" machi="29" ten="30,1000,0" yaku="8,1" doraHai="87" who="3" fromWho="2" sc="195,0,278,0,342,-10,175,20" /><INIT seed="3,0,0,5,4,21" ten="195,278,332,195" oya="3" hai0="27,63,116,31,99,84,66,81,101,114,53,49,115" hai1="80,13,68,132,39,47,111,69,126,86,125,46,108" hai2="10,12,5,117,7,58,6,105,48,131,2,97,34" hai3="19,121,38,135,134,24,130,102,95,37,77,64,17"/><W42/><G121/><T123/><D116/><U40/><E13/><V28/><F131/><W35/><G130/><T43/><D43/><U29/><E29/><V75/><F75/><W103/><G77/><T112/><D123/><U76/><E76/><V96/><F117/><W78/><G78/><T57/><D84/><U109/><E86/><V67/><F105/><W16/><G64/><T79/><D79/><U110/><E80/><V52/><F67/><W119/><G119/><T23/><D81/><U4/><E4/><V26/><REACH who="2" step="1"/><F2/><REACH who="2" step="2"/><W50/><G135/><T56/><REACH who="0" step="1"/><D115/><REACH who="0" step="2"/><U61/><E111/><V62/><F62/><W133/><G134/><T20/><D20/><U120/><E61/><V72/><F72/><W87/><G133/><T22/><D22/><U71/><E120/><V54/><F54/><W100/><G35/><T55/><D55/><U25/><E132/><V98/><AGARI ba="0,2" hai="5,6,7,10,12,26,28,34,48,52,58,96,97,98" machi="98" ten="30,7900,0" yaku="1,1,0,1,52,1,54,1,53,0" doraHai="21" doraHaiUra="33" who="2" fromWho="2" sc="185,-20,278,-20,322,99,195,-39" /><INIT seed="4,0,0,2,0,93" ten="165,258,421,156" oya="0" hai0="35,18,88,81,15,99,85,37,9,22,19,36,51" hai1="63,14,44,34,3,131,20,23,87,120,117,77,6" hai2="53,80,29,118,79,112,94,50,47,121,62,108,54" hai3="61,67,129,104,60,113,76,2,28,133,116,30,78"/><T122/><D122/><U114/><E120/><V89/><F121/><W13/><G116/><T65/><D65/><U17/><E117/><V83/><F108/><W102/><G2/><T92/><D92/><U57/><E114/><V27/><F118/><W38/><G38/><T130/><D35/><U107/><E131/><V101/><F112/><W110/><G113/><T91/><D130/><U68/><E107/><V42/><F101/><W32/><G129/><T7/><D7/><U96/><E68/><V127/><F127/><W8/><G110/><T70/><D70/><U69/><E69/><V123/><F123/><W31/><G133/><T124/><D124/><U1/><E34/><V33/><F79/><W66/><G32/><T12/><D12/><U10/><E1/><V0/><F0/><W59/><G102/><T125/><D125/><U43/><E96/><V115/><F115/><W95/><G95/><T100/><D91/><U75/><E87/><V4/><F4/><W16/><REACH who="3" step="1"/><G104/><REACH who="3" step="2"/><T11/><D11/><U58/><E75/><V55/><F83/><W86/><G86/><T46/><D46/><U72/><E72/><V135/><F80/><W82/><G82/><T84/><D9/><U126/><E77/><V41/><F135/><W45/><G45/><T49/><D100/><U106/><E106/><V98/><F47/><W21/><G21/><T40/><D22/><U128/><E23/><V5/><F94/><W71/><AGARI ba="0,1" hai="8,13,16,28,30,31,59,60,61,66,67,71,76,78" machi="71" ten="30,7900,0" yaku="1,1,0,1,54,1,53,1" doraHai="93" doraHaiUra="52" who="3" fromWho="3" sc="165,-39,258,-20,421,-20,146,89" /><INIT seed="5,0,0,5,4,13" ten="126,238,401,235" oya="1" hai0="113,88,6,86,93,27,102,108,35,40,131,4,37" hai1="20,14,46,22,121,91,43,94,127,63,17,33,106" hai2="38,59,99,65,44,47,124,96,69,75,51,123,7" hai3="34,101,105,82,29,23,77,111,45,5,104,42,76"/><U128/><E121/><V39/><F75/><W31/><G111/><T71/><D108/><U134/><E106/><V18/><F123/><W55/><G5/><T15/><D113/><U107/><E107/><V48/><F7/><W79/><G82/><T60/><D131/><U66/><E33/><V81/><F81/><W125/><G125/><T80/><D40/><U16/><E134/><V132/><F69/><W129/><G129/><T135/><D37/><U126/><E128/><V0/><F0/><W98/><G105/><T2/><D135/><U58/><E127/><V68/><F68/><W118/><G118/><T116/><D116/><U92/><E126/><V52/><F132/><W83/><G83/><T89/><D2/><U24/><E91/><V36/><F124/><W119/><G119/><T78/><D102/><U87/><E87/><V26/><F65/><W62/><G34/><T110/><D89/><U9/><E9/><V49/><F26/><W3/><G3/><T70/><D110/><U114/><E114/><V21/><F96/><W67/><G55/><T11/><D60/><U112/><REACH who="1" step="1"/><E112/><REACH who="1" step="2"/><V130/><F130/><W12/><G104/><T90/><D4/><U10/><E10/><V56/><F99/><W97/><G98/><T100/><D100/><U57/><E57/><N who="2" m="22091" /><F21/><W122/><G122/><T109/><D109/><U54/><E54/><N who="2" m="29959" /><F18/><N who="3" m="10695" /><G97/><T72/><REACH who="0" step="1"/><D90/><REACH who="0" step="2"/><U84/><E84/><V1/><F1/><W73/><G101/><T50/><D50/><AGARI ba="0,2" hai="14,16,17,20,22,24,43,46,50,58,63,66,92,94" machi="50" ten="30,24000,3" yaku="1,1,7,1,8,1,52,2,54,1,53,2" doraHai="13" doraHaiUra="19" who="1" fromWho="0" sc="116,-240,228,260,401,0,235,0" /><AGARI ba="0,0" hai="36,38,39,47,49,50,51,52" m="29959,22091" machi="50" ten="40,12000,2" yaku="35,5,54,1" doraHai="13" who="2" fromWho="0" sc="-124,-120,488,0,401,120,235,0" owari="-244,-74,488,29,521,61,235,-16" /></mjloggm>