<mjloggm ver="2.3"><GO type="41"/><UN n0="%41%44%4E%4F%48" n1="%6D%61%73%61%6D%61%73%61" n2="%EF%BC%88%E2%89%A7%E2%96%BD%E2%89%A6%EF%BC%89" n3="%E3%82%B8%E3%83%A7%E3%83%8B%E3%81%8F%E3%82%8D" dan="14,13,15,13" rate="1895,1912,2069,1838" sx="M,M,M,M"/><TAIKYOKU oya="0"/><INIT seed="0,0,0,3,5,127" ten="250,250,250,250" oya="0" hai0="131,78,6,82,52,36,92,22,126,66,124,91,100" hai1="37,0,27,80,68,105,64,10,3,60,96,9,69" hai2="32,130,2,4,133,108,23,65,107,87,47,20,93" hai3="11,74,38,8,48,57,34,13,106,35,85,128,99"/><T134/><D36/><U29/><E80/><V119/><F107/><W63/><G38/><T112/><D112/><U39/><E10/><V17/><F32/><W71/><G71/><T95/><D66/><U28/><E28/><V19/><F65/><W24/><G74/><T45/><D6/><U88/><E69/><V84/><F47/><W31/><G48/><N who="0" m="28687" /><D134/><U73/><E73/><V98/><F2/><W51/><G51/><T40/><D40/><U102/><E88/><V72/><F72/><W75/><G75/><T56/><D56/><U41/><E41/><V116/><F4/><W111/><G111/><T54/><D54/><U129/><E129/><V79/><F79/><W70/><G70/><T33/><D33/><N who="1" m="20671" /><E0/><V135/><F108/><W115/><G35/><T76/><D131/><U26/><E26/><V123/><F123/><W132/><G128/><T94/><D22/><U44/><E44/><V42/><F42/><W118/><G118/><T55/><D55/><U25/><E25/><V62/><F130/><W113/><G132/><T53/><D53/><U61/><E61/><V83/><F62/><W18/><G113/><T46/><D46/><U58/><E58/><V30/><F135/><W59/><G59/><T114/><D100/><U103/><E102/><V97/><F133/><W7/><G85/><N who="0" m="50615" /><D114/><U90/><E90/><V104/><F119/><W125/><G115/><T110/><D110/><U49/><E49/><V14/><F116/><W16/><G63/><T120/><D120/><U15/><E3/><V86/><F104/><W77/><G106/><T43/><D43/><RYUUKYOKU ba="0,0" sc="250,15,250,15,250,-15,250,-15" hai0="76,78,92,94,95,124,126" hai1="9,15,37,39,60,64,68,96,103,105" /><INIT seed="0,1,0,1,2,9" ten="265,265,235,235" oya="0" hai0="79,72,105,74,67,25,58,1,18,134,54,7,49" hai1="16,33,125,119,63,86,50,42,64,17,13,106,81" hai2="14,98,110,2,57,91,20,65,133,95,24,87,84" hai3="96,60,68,108,26,5,104,4,34,113,6,53,22"/><T30/><D105/><U8/><E106/><V40/><F133/><W126/><G113/><T3/><D134/><U132/><E119/><V38/><F2/><W112/><G112/><T44/><D18/><U19/><E132/><V128/><F110/><W89/><G34/><T90/><D74/><U109/><E109/><V127/><F127/><W39/><G39/><T78/><D78/><U62/><E125/><V45/><F128/><W27/><G108/><T61/><D7/><U28/><E28/><V69/><F69/><W29/><G26/><T93/><D79/><U130/><E130/><V82/><F82/><W55/><G126/><T73/><D73/><U32/><E63/><V76/><F76/><W12/><G55/><T66/><D66/><U102/><E102/><V23/><F65/><W31/><G31/><T103/><D103/><U123/><E123/><V59/><F23/><W118/><G118/><T114/><D72/><U47/><E32/><V92/><F87/><W88/><G89/><T71/><D71/><U122/><E33/><V124/><F124/><W121/><G121/><T43/><D67/><U70/><REACH who="1" step="1"/><E122/><REACH who="1" step="2"/><V21/><F84/><W52/><G104/><T111/><D114/><U15/><E15/><V97/><F14/><W99/><G12/><T80/><D111/><U41/><E41/><V46/><F40/><W75/><G75/><T35/><D80/><U83/><E83/><V129/><F129/><W115/><G115/><T10/><D10/><U135/><E135/><V116/><F116/><W120/><G120/><T48/><D61/><U85/><E85/><AGARI ba="1,1" hai="1,3,25,30,35,43,44,48,49,54,58,85,90,93" machi="85" ten="30,2900,0" yaku="6,1,7,1" doraHai="9" who="0" fromWho="1" sc="265,42,255,-32,235,0,235,0" /><INIT seed="0,2,0,4,3,103" ten="307,223,235,235" oya="0" hai0="42,38,17,48,115,91,93,37,111,10,12,59,72" hai1="80,13,133,19,129,79,76,107,113,35,114,127,56" hai2="102,104,8,120,112,88,15,126,117,106,68,75,116" hai3="82,125,109,2,11,123,98,73,58,46,14,134,108"/><T36/><D115/><N who="1" m="44043" /><E35/><V22/><F112/><W110/><G2/><T71/><D72/><N who="1" m="43015" /><E56/><V53/><F120/><W24/><G123/><T101/><D71/><U105/><E127/><V47/><F126/><W3/><G3/><T124/><D101/><U61/><E129/><V77/><F68/><W26/><G125/><T135/><D135/><U0/><E0/><V66/><F66/><W119/><G119/><N who="2" m="45641" /><F102/><W23/><G134/><T69/><D69/><U62/><E79/><V81/><F22/><W121/><G121/><T96/><D124/><U74/><E74/><V130/><F130/><W5/><G46/><T20/><D111/><U99/><E99/><V83/><F47/><W33/><G33/><T28/><D42/><U31/><E31/><V27/><F53/><W45/><G45/><T6/><D28/><U65/><E65/><V95/><F27/><W18/><G98/><T29/><D29/><U55/><E55/><V131/><F131/><W132/><G132/><T4/><D10/><N who="1" m="6583" /><E133/><V34/><F34/><W25/><G58/><T50/><REACH who="0" step="1"/><D50/><REACH who="0" step="2"/><U78/><E78/><AGARI ba="2,1" hai="5,11,14,18,23,24,25,26,73,78,82,108,109,110" machi="78" ten="40,1300,0" yaku="14,1" doraHai="103" who="3" fromWho="1" sc="297,0,223,-19,235,0,235,29" /><INIT seed="1,0,0,1,5,114" ten="297,204,235,264" oya="1" hai0="38,75,29,77,78,51,103,111,123,32,17,91,90" hai1="122,69,31,39,89,72,35,116,3,76,94,59,104" hai2="88,99,109,8,4,53,43,133,20,28,36,13,105" hai3="125,130,18,120,24,128,93,67,6,55,62,92,56"/><U0/><E122/><V15/><F133/><W96/><G120/><T44/><D38/><U52/><E69/><V86/><F109/><W5/><G125/><T65/><D111/><U84/><E39/><V81/><F36/><W113/><G113/><T110/><D65/><U97/><E116/><V112/><F112/><W16/><G128/><T115/><D103/><U50/><E31/><V23/><F43/><W22/><G18/><T58/><D58/><U48/><E35/><V42/><F42/><W33/><G33/><T131/><D131/><U10/><E10/><V132/><F132/><W49/><G93/><T45/><D45/><U66/><E66/><V107/><F99/><W12/><G12/><T102/><D102/><U7/><E7/><V14/><F28/><W68/><G130/><T11/><D75/><U87/><E87/><V26/><F26/><W134/><G134/><T41/><D29/><U1/><E50/><V34/><F34/><W82/><G82/><T47/><D47/><U25/><E25/><V21/><REACH who="2" step="1"/><F53/><REACH who="2" step="2"/><W57/><REACH who="3" step="1"/><G68/><REACH who="3" step="2"/><T98/><D32/><U46/><E1/><AGARI ba="0,2" hai="1,4,8,13,14,15,20,21,23,81,86,88,105,107" machi="1" ten="40,5200,0" yaku="1,1,2,1,54,1,53,0" doraHai="114" doraHaiUra="119" who="2" fromWho="1" sc="297,0,204,-52,225,72,254,0" /><INIT seed="2,0,0,4,3,62" ten="297,152,297,254" oya="2" hai0="134,61,99,12,42,37,28,129,108,53,77,47,30" hai1="48,49,87,110,117,36,23,124,113,82,16,126,115" hai2="85,112,116,59,101,102,75,55,84,35,107,89,52" hai3="93,127,60,15,8,14,78,10,86,120,43,65,94"/><V31/><F116/><W0/><G0/><T128/><D108/><U103/><E117/><V40/><F112/><W100/><G120/><T6/><D77/><U58/><E36/><V92/><F75/><W2/><G2/><T109/><D109/><U56/><E103/><N who="2" m="39435" /><F107/><W119/><G119/><T34/><D99/><U114/><E110/><V26/><F35/><W106/><G106/><T72/><D72/><U135/><E135/><V17/><F31/><W96/><G43/><T90/><D134/><U67/><E82/><V21/><F40/><W105/><G127/><T45/><D90/><U88/><E87/><N who="2" m="52287" /><F55/><W74/><G74/><T3/><D3/><U18/><E88/><V64/><F64/><W5/><G78/><T79/><D79/><U95/><E95/><V38/><F38/><W51/><G51/><AGARI ba="0,0" hai="17,21,26,51,52,59,84,85" m="52287,39435" machi="51" ten="30,2900,0" yaku="8,1,54,1" doraHai="62" who="2" fromWho="3" sc="297,0,152,0,297,29,254,-29" /><INIT seed="2,1,0,2,3,45" ten="297,152,326,225" oya="2" hai0="18,55,60,88,76,27,31,107,25,53,2,104,12" hai1="134,86,11,59,117,95,108,121,78,75,125,74,66" hai2="120,130,129,9,126,30,113,93,20,67,49,89,35" hai3="110,40,47,82,99,97,62,132,124,69,91,1,116"/><V68/><F120/><W41/><G116/><T106/><D2/><U64/><E121/><V56/><F113/><W92/><G1/><T51/><D76/><U33/><E117/><V23/><F126/><W43/><G124/><T8/><D31/><U85/><E33/><V94/><F9/><W14/><G132/><T13/><D13/><U133/><E108/><V96/><F68/><W7/><G110/><T70/><D70/><U118/><E118/><V112/><F112/><W63/><G47/><T15/><D15/><U58/><E78/><V24/><F94/><W105/><G69/><T61/><D61/><U37/><E37/><V52/><REACH who="2" step="1"/><F67/><REACH who="2" step="2"/><W102/><G82/><T4/><D107/><U119/><E119/><V72/><F72/><W21/><REACH who="3" step="1"/><G21/><AGARI ba="1,1" hai="20,21,23,24,30,35,49,52,56,89,93,96,129,130" machi="21" ten="40,7700,0" yaku="1,1,52,1,54,1,53,0" doraHai="45" doraHaiUra="103" who="2" fromWho="3" sc="297,0,152,0,316,90,225,-80" /><INIT seed="2,2,0,1,4,103" ten="297,152,406,145" oya="2" hai0="17,127,45,25,68,57,0,105,116,62,109,108,84" hai1="65,93,2,133,40,85,43,121,63,9,34,39,24" hai2="130,23,134,113,61,18,124,42,27,123,66,92,117" hai3="90,71,120,19,77,30,64,76,114,128,98,125,80"/><V78/><F123/><W14/><G120/><T119/><D0/><U31/><E133/><V95/><F117/><N who="0" m="45130" /><D127/><U87/><E121/><V44/><F113/><W5/><G114/><T29/><D17/><U73/><E73/><V135/><F124/><W89/><G125/><T12/><D12/><U118/><E118/><V10/><F10/><W8/><G30/><T132/><D132/><N who="2" m="50730" /><F78/><W91/><G128/><T96/><D84/><U88/><E39/><N who="2" m="21599" /><F130/><W122/><G122/><T56/><D45/><U16/><E87/><V112/><F112/><W94/><G64/><N who="0" m="40983" /><D57/><AGARI ba="2,0" hai="18,23,27,57,61,66,92,95" m="21599,50730" machi="57" ten="30,1500,0" yaku="20,1" doraHai="103" who="2" fromWho="0" sc="297,-21,152,0,406,21,145,0" /><INIT seed="2,3,0,1,4,24" ten="276,152,427,145" oya="2" hai0="32,25,99,67,52,126,134,37,61,70,123,48,107" hai1="83,78,117,27,75,12,101,3,7,105,59,89,66" hai2="54,82,74,72,106,38,17,15,43,104,73,36,97" hai3="9,28,91,92,14,86,95,68,77,10,20,57,98"/><V128/><F128/><W79/><G68/><T71/><D123/><U76/><E117/><V118/><F118/><W108/><G108/><T23/><D71/><U94/><E3/><V4/><F4/><W109/><G109/><T113/><D113/><U42/><E78/><V11/><F82/><W65/><G10/><T110/><D110/><U1/><E1/><V93/><F54/><W56/><G56/><T112/><D112/><U87/><E42/><V44/><REACH who="2" step="1"/><F38/><REACH who="2" step="2"/><W119/><G119/><T88/><D37/><U60/><E7/><V31/><F31/><W26/><G9/><T124/><D134/><U133/><E133/><V115/><F115/><W80/><G14/><T103/><D126/><U69/><E12/><V16/><F16/><W62/><REACH who="3" step="1"/><G95/><REACH who="3" step="2"/><T116/><D116/><U135/><E135/><V13/><F13/><W35/><G35/><T130/><D32/><U33/><E33/><V0/><F0/><W121/><G121/><T22/><D124/><U125/><E125/><V45/><F45/><W49/><G49/><T18/><D130/><U63/><E27/><V19/><F19/><W50/><G50/><T53/><D48/><U46/><E46/><V29/><F29/><W2/><G2/><T127/><D127/><U85/><E63/><V21/><F21/><W131/><G131/><T90/><D23/><U8/><E8/><V122/><F122/><W34/><G34/><T47/><D47/><U6/><E6/><V111/><F111/><W100/><AGARI ba="3,2" hai="20,26,28,57,62,65,77,79,80,86,91,92,98,100" machi="100" ten="20,12000,2" yaku="1,1,0,1,7,1,25,2,8,1,52,1,53,0" doraHai="24" doraHaiUra="39" who="3" fromWho="3" sc="276,-33,152,-33,417,-63,135,149" /><INIT seed="3,0,0,5,1,95" ten="243,119,354,284" oya="3" hai0="79,11,80,94,78,25,71,123,116,103,13,41,63" hai1="83,31,14,101,135,17,2,97,57,133,90,7,118" hai2="45,127,15,126,66,52,70,128,56,48,47,108,51" hai3="75,93,3,43,115,111,109,74,20,54,76,19,30"/><W106/><G106/><T18/><D123/><U85/><E31/><V105/><F105/><W104/><G104/><T132/><D41/><U49/><E118/><V64/><F15/><W86/><G30/><T21/><D116/><U16/><E2/><V77/><F77/><W53/><G3/><T102/><D79/><U58/><E49/><N who="2" m="30735" /><F108/><N who="3" m="41547" /><G43/><T28/><D132/><U107/><E7/><V8/><F8/><W38/><G38/><T114/><D114/><U46/><E46/><N who="2" m="17419" /><F128/><W122/><G122/><T6/><D94/><U5/><E5/><V125/><F66/><W42/><G42/><T81/><D81/><U22/><REACH who="1" step="1"/><E17/><REACH who="1" step="2"/><V24/><F24/><W134/><G134/><AGARI ba="0,1" hai="14,16,22,57,58,83,85,90,97,101,107,133,134,135" machi="134" ten="40,8000,1" yaku="1,1,2,1,20,1,52,1,54,1,53,0" doraHai="95" doraHaiUra="113" who="1" fromWho="3" sc="243,0,109,90,354,0,284,-80" /><INIT seed="4,0,0,1,3,9" ten="243,199,354,204" oya="0" hai0="33,77,4,90,86,100,41,85,82,3,57,46,102" hai1="37,130,68,108,8,15,123,23,133,96,61,132,87" hai2="88,81,55,93,107,24,2,25,116,17,54,47,127" hai3="0,53,128,64,70,129,44,14,101,20,92,30,120"/><T75/><D33/><U74/><E74/><V38/><F107/><W51/><G0/><T69/><D69/><U79/><E108/><V113/><F2/><W59/><G70/><T115/><D115/><U67/><E123/><V42/><F113/><W36/><G120/><T126/><D126/><U94/><E37/><V71/><F116/><W106/><G106/><T35/><D35/><U124/><E23/><V12/><F127/><W26/><G36/><T135/><D135/><U62/><E62/><V52/><F81/><W63/><REACH who="3" step="1"/><G14/><REACH who="3" step="2"/><T122/><D122/><U28/><E124/><V125/><F71/><W21/><G21/><T111/><D111/><U10/><E10/><V76/><F125/><W119/><G119/><T39/><D3/><U84/><E8/><V1/><F1/><W118/><G118/><T16/><D4/><U121/><E121/><V134/><F134/><W50/><G50/><T114/><D114/><U105/><E133/><V112/><F112/><W104/><G104/><T99/><D75/><U56/><E105/><V13/><F13/><W48/><G48/><T109/><D109/><U131/><E15/><V49/><F38/><W117/><G117/><T32/><D32/><U110/><E68/><V65/><F49/><W7/><G7/><T40/><D39/><U27/><E110/><V6/><F6/><W45/><G45/><T19/><D46/><U5/><E5/><V95/><F47/><W58/><G58/><T89/><D41/><U103/><E132/><V73/><F42/><W18/><G18/><T78/><D40/><U31/><E56/><RYUUKYOKU ba="0,1" sc="243,-10,199,-10,354,-10,194,30" hai3="20,26,30,44,51,53,59,63,64,92,101,128,129" /><INIT seed="5,1,1,3,1,106" ten="233,189,344,224" oya="1" hai0="129,3,90,126,132,38,89,15,115,67,57,107,127" hai1="124,37,63,96,135,60,64,103,17,46,32,68,45" hai2="93,58,114,33,86,70,97,13,42,29,61,50,88" hai3="12,95,101,134,75,10,99,62,121,87,112,51,118"/><U24/><E124/><V71/><F114/><W36/><G36/><T120/><D107/><U28/><E135/><V108/><F108/><W119/><G121/><T53/><D38/><U56/><E37/><V79/><F33/><W73/><G134/><T113/><D3/><U84/><E84/><V78/><F29/><W27/><G27/><T2/><D2/><U31/><E17/><V6/><F71/><W125/><G125/><N who="0" m="47627" /><D129/><U130/><E31/><V14/><F70/><W98/><G112/><N who="0" m="43083" /><D67/><U39/><E39/><V117/><F117/><N who="3" m="44555" /><G62/><T81/><D132/><U47/><E130/><V40/><F6/><N who="3" m="3159" /><G98/><T49/><D120/><U128/><E128/><V44/><F40/><W11/><G11/><T131/><D131/><U66/><REACH who="1" step="1"/><E47/><REACH who="1" step="2"/><V116/><F116/><W83/><G51/><T76/><D15/><N who="2" m="5642" /><F86/><AGARI ba="1,2" hai="49,53,57,76,81,86,89,90" m="43083,47627" machi="86" ten="30,2000,0" yaku="18,1,15,1" doraHai="106" who="0" fromWho="2" sc="233,43,179,0,344,-23,224,0" /><INIT seed="6,0,0,4,1,53" ten="276,179,321,224" oya="2" hai0="120,43,14,16,70,123,92,20,81,85,128,101,75" hai1="108,68,122,28,58,94,24,60,61,79,48,5,112" hai2="89,45,121,103,106,36,4,91,19,67,130,2,30" hai3="57,38,42,93,26,37,72,82,22,32,18,119,34"/><V62/><F121/><W111/><G119/><T102/><D70/><U78/><E122/><V33/><F130/><W6/><G6/><T40/><D128/><U105/><E105/><V129/><F129/><W66/><G111/><T115/><D115/><U135/><E135/><V21/><F106/><W51/><G93/><T84/><D75/><U98/><E112/><V99/><F103/><W56/><G37/><T29/><D29/><U114/><E114/><V13/><F99/><W54/><G38/><T25/><D25/><U47/><E108/><V109/><F109/><W125/><G125/><T127/><D127/><U55/><E5/><V133/><F133/><W76/><G42/><N who="0" m="15915" /><D123/><U113/><E113/><V97/><F97/><W131/><G131/><T100/><D120/><U3/><E3/><V90/><F45/><W116/><REACH who="3" step="1"/><G116/><REACH who="3" step="2"/><T17/><D92/><U12/><E68/><V27/><F36/><W44/><G44/><T86/><D81/><U117/><E117/><V15/><F4/><W134/><G134/><T69/><D69/><U39/><E39/><V0/><F0/><W65/><G65/><T63/><D63/><AGARI ba="0,1" hai="18,22,26,32,34,51,54,56,57,63,66,72,76,82" machi="63" ten="40,5200,0" yaku="1,1,52,2,53,0" doraHai="53" doraHaiUra="41" who="3" fromWho="0" sc="276,-52,179,0,321,0,214,62" /><INIT seed="7,0,0,0,5,26" ten="224,179,321,276" oya="3" hai0="108,83,114,133,112,125,61,23,76,34,115,75,5" hai1="0,104,2,56,30,11,107,46,50,14,19,8,86" hai2="123,102,62,89,121,66,59,7,22,116,25,95,132" hai3="128,94,126,57,135,41,99,96,39,3,12,48,42"/><W129/><G3/><N who="1" m="1066" /><E56/><V33/><F116/><W64/><G39/><T109/><D34/><U68/><E46/><V119/><F119/><W4/><G135/><T130/><D61/><U65/><E50/><V16/><F132/><W85/><G126/><T73/><D5/><N who="1" m="3343" /><E65/><V63/><F33/><W49/><G85/><T1/><D1/><U122/><E86/><N who="2" m="52663" /><F7/><W81/><G81/><T98/><D133/><U105/><E68/><V82/><F102/><W110/><G110/><T77/><D125/><U78/><E78/><V72/><F63/><W117/><G117/><T37/><D37/><U58/><E58/><V118/><F118/><W40/><G64/><T80/><D23/><U17/><E107/><V31/><F82/><W124/><G124/><T100/><D130/><N who="3" m="50281" /><G57/><T35/><D35/><U131/><E105/><AGARI ba="0,0" hai="73,75,76,77,80,83,98,100,105,108,109,112,114,115" machi="105" ten="40,16000,3" yaku="9,1,15,1,11,1,23,2,34,3" doraHai="26" who="0" fromWho="1" sc="224,160,179,-160,321,0,276,0" owari="384,48.0,19,-48.0,321,12.0,276,-12.0" /></mjloggm>