<mjloggm ver="2.3"><GO type="41"/><UN n0="%E6%87%90%E3%81%8B%E3%81%97%E3%81%84%E8%A5%BF%E9%83%A8%E5%8A%87" n1="%73%2E%74%2E%65" n2="%73%69%67%65%6F" n3="%E3%82%A6%E3%83%AB%E3%83%88%E3%83%A9%E7%AB%8B%E7%9B%B4" dan="13,13,14,15" rate="1826,1955,1872,1940" sx="M,M,M,M"/><TAIKYOKU oya="0"/><INIT seed="0,0,0,2,2,25" ten="250,250,250,250" oya="0" hai0="107,53,46,127,113,133,119,48,73,82,115,109,124" hai1="51,59,76,110,47,125,14,3,104,111,27,69,74" hai2="79,17,134,1,103,98,10,42,67,90,39,68,33" hai3="91,64,94,32,28,72,11,80,58,61,106,7,77"/><T20/><D119/><U130/><E69/><V15/><F134/><W88/><G106/><T55/><D107/><U13/><E104/><V5/><F79/><W65/><G65/><T108/><D20/><U45/><E3/><V123/><F123/><W63/><G63/><T75/><D82/><U135/><E76/><V102/><F39/><W49/><G49/><N who="0" m="28855" /><D75/><U112/><E74/><V97/><F42/><W36/><G36/><T95/><D95/><U40/><E135/><V29/><F68/><W43/><G43/><T35/><D35/><U78/><E78/><V57/><F90/><W66/><G66/><T19/><D19/><U131/><E59/><V56/><F67/><W89/><G32/><T26/><D26/><U116/><E116/><V128/><F128/><N who="1" m="49193" /><E47/><V52/><F57/><W81/><G81/><T41/><D73/><U0/><E0/><V23/><F98/><W92/><REACH who="3" step="1"/><G28/><REACH who="3" ten="250,250,250,240" step="2"/><T37/><D133/><U22/><E112/><N who="0" m="43081" /><D37/><U6/><E6/><V44/><F44/><W70/><G70/><T118/><D118/><U96/><E45/><V85/><F85/><W38/><G38/><T121/><D41/><U60/><E40/><V87/><F87/><W9/><G9/><T129/><D129/><U30/><E96/><V16/><F97/><W117/><G117/><T86/><D86/><U71/><E71/><V34/><F34/><W105/><G105/><T12/><D121/><U99/><E99/><V83/><F83/><W24/><G24/><T62/><D55/><U120/><E27/><N who="2" m="18623" /><F17/><W2/><AGARI ba="0,1" hai="2,7,11,58,61,64,72,77,80,88,89,91,92,94" machi="2" ten="30,4000,0" yaku="1,1,0,1,54,1,53,0" doraHai="25" doraHaiUra="126" who="3" fromWho="3" sc="250,-20,250,-10,250,-10,240,50" /><INIT seed="1,0,0,0,4,112" ten="230,240,240,290" oya="1" hai0="12,8,133,35,43,51,39,46,108,60,129,37,97" hai1="1,127,94,49,57,79,66,80,14,55,130,40,59" hai2="56,91,54,20,58,109,103,52,128,41,3,18,117" hai3="87,2,88,124,13,4,93,21,25,123,47,132,92"/><U76/><E1/><V6/><F128/><W118/><G123/><T61/><D35/><U83/><E127/><V89/><F109/><W62/><G124/><T131/><D108/><U126/><E126/><V16/><F117/><W26/><G132/><T84/><D97/><U36/><E36/><N who="0" m="13897" /><D84/><U17/><E130/><N who="0" m="49673" /><D133/><U7/><E7/><AGARI ba="0,0" hai="7,8,12,43,46,51,60,61" m="49673,13897" machi="7" ten="30,1000,0" yaku="19,1" doraHai="112" who="0" fromWho="1" sc="230,10,240,-10,240,0,290,0" /><INIT seed="2,0,0,5,4,116" ten="240,230,240,290" oya="2" hai0="74,104,57,68,4,54,47,19,11,61,40,39,130" hai1="33,77,32,1,90,58,66,126,27,108,112,59,30" hai2="121,25,88,73,103,50,122,94,131,35,81,91,8" hai3="106,0,71,127,92,119,15,110,113,99,21,132,10"/><V115/><F50/><W49/><G21/><T129/><D104/><U18/><E1/><V42/><F42/><W5/><G15/><T29/><D29/><U55/><E112/><V12/><F115/><W48/><G92/><T72/><D19/><U52/><E77/><N who="2" m="44207" /><F35/><W62/><G99/><T38/><D38/><U41/><E41/><V96/><F25/><W87/><G87/><T46/><D46/><U135/><E66/><V3/><F3/><W111/><G49/><T80/><D68/><U7/><E7/><V2/><F2/><W23/><G48/><T17/><D17/><U26/><E18/><V75/><F12/><W134/><G23/><T45/><D47/><U83/><E30/><V102/><F8/><W22/><G22/><T14/><REACH who="0" step="1"/><D80/><REACH who="0" ten="230,230,240,290" step="2"/><U34/><E34/><V67/><F67/><W124/><G71/><T20/><D20/><U76/><E33/><V60/><F60/><W85/><G62/><T89/><D89/><N who="2" m="34378" /><F131/><AGARI ba="0,1" hai="4,11,14,39,40,45,54,57,61,72,74,129,130,131" machi="131" ten="40,2600,0" yaku="1,1,19,1,53,0" doraHai="116" doraHaiUra="109" who="0" fromWho="2" sc="230,36,230,0,240,-26,290,0" /><INIT seed="3,0,0,5,2,84" ten="266,230,214,290" oya="3" hai0="87,26,12,51,79,114,93,128,68,108,57,90,43" hai1="102,135,15,63,53,32,14,13,40,22,3,85,29" hai2="119,86,75,19,20,64,17,23,41,37,91,59,18" hai3="33,52,42,11,28,74,5,80,109,73,96,70,132"/><W67/><G42/><T61/><D68/><U105/><E40/><V95/><F75/><W100/><G80/><T45/><D108/><U130/><E3/><V113/><F119/><W66/><G66/><N who="0" m="39215" /><D128/><U111/><E130/><V1/><F113/><W55/><G109/><T116/><D116/><U21/><E102/><V82/><F1/><W131/><G131/><T8/><D114/><U46/><E111/><V71/><F71/><W9/><G132/><T54/><D26/><U101/><E101/><V56/><F37/><W112/><G112/><T103/><D79/><U65/><E105/><V44/><F41/><W27/><G9/><T7/><D103/><U99/><E99/><V120/><F120/><W36/><G36/><T10/><D10/><U92/><E135/><V83/><F44/><W88/><G74/><T106/><D106/><U98/><E98/><V16/><N who="2" m="4608" /><DORA hai="134" /><V117/><F117/><W34/><G73/><T0/><D0/><U58/><E32/><V97/><F82/><W78/><G78/><T6/><D6/><U60/><E29/><V38/><F38/><W125/><G34/><T31/><D31/><U49/><E63/><N who="2" m="37991" /><F59/><W115/><G115/><T118/><D118/><U69/><E69/><V24/><F24/><W62/><G11/><T129/><D129/><U121/><E121/><V39/><F39/><W104/><G5/><T122/><D122/><U110/><E110/><V77/><AGARI ba="0,0" hai="20,23,77,83,86,91,95,97" m="37991,4608" machi="77" ten="40,5200,0" yaku="8,1,52,1,54,1" doraHai="84,134" who="2" fromWho="2" sc="266,-13,230,-13,214,52,290,-26" /><INIT seed="4,0,0,2,0,46" ten="253,217,266,264" oya="0" hai0="36,0,57,13,95,43,48,41,128,59,44,135,62" hai1="28,11,99,101,105,112,45,85,102,127,78,38,84" hai2="100,61,108,72,29,70,119,54,33,125,77,51,81" hai3="94,32,122,12,56,39,80,126,117,118,133,14,15"/><T120/><D0/><U66/><E66/><V68/><F125/><W83/><G126/><T34/><D34/><U124/><E127/><V53/><F119/><W90/><G32/><T69/><D120/><U131/><E124/><V52/><F108/><W114/><G122/><T2/><D2/><U60/><E60/><V42/><F100/><W40/><G40/><T104/><D104/><U47/><E28/><V67/><F33/><W55/><G39/><T63/><D13/><U19/><E131/><V109/><F109/><W97/><G133/><T106/><D106/><U27/><E102/><V23/><F42/><W1/><G1/><T98/><D128/><U21/><E112/><V5/><F5/><W73/><G114/><T6/><D6/><U123/><E123/><V16/><F29/><W76/><REACH who="3" step="1"/><G83/><REACH who="3" ten="253,217,266,254" step="2"/><T26/><D135/><U86/><E38/><V87/><F72/><W79/><G79/><T75/><D75/><U20/><E78/><V115/><F115/><W121/><G121/><T4/><D36/><U93/><E105/><V130/><F130/><W88/><G88/><T9/><D41/><U8/><E20/><V10/><F70/><W91/><G91/><T129/><D69/><U18/><E11/><V82/><F10/><W30/><G30/><T49/><D129/><U64/><E64/><V58/><F82/><W110/><G110/><T37/><D37/><U25/><E8/><V116/><F116/><W65/><G65/><T96/><D9/><U3/><E3/><V74/><F74/><W92/><G92/><T31/><D95/><U103/><E103/><RYUUKYOKU ba="0,1" sc="253,-30,217,10,266,10,254,10" hai1="18,19,21,25,27,45,47,84,85,86,93,99,101" hai2="16,23,51,52,53,54,58,61,67,68,77,81,87" hai3="12,14,15,55,56,73,76,80,90,94,97,117,118" /><INIT seed="5,1,1,2,5,118" ten="223,227,276,264" oya="1" hai0="123,91,134,129,88,40,35,73,64,22,17,59,41" hai1="14,4,60,76,135,125,127,102,75,130,13,108,115" hai2="20,74,52,11,68,55,89,107,26,33,53,85,120" hai3="30,117,27,105,80,66,69,101,5,113,49,34,81"/><U132/><E102/><V31/><F74/><W46/><G117/><T42/><D73/><U92/><E60/><V131/><F68/><W43/><G113/><T77/><D77/><U25/><E92/><V29/><F107/><W119/><G119/><T50/><D35/><U44/><E44/><V82/><F131/><W126/><G5/><T45/><D129/><U62/><E130/><V103/><F103/><W114/><G114/><T48/><D134/><N who="1" m="51243" /><E115/><V110/><F110/><W72/><G72/><T79/><D79/><U90/><E62/><V10/><F120/><W12/><G12/><N who="0" m="9511" /><D123/><U24/><E90/><N who="0" m="34345" /><D45/><U94/><E94/><V1/><F1/><W109/><G109/><T70/><D70/><U37/><E37/><V83/><F33/><W58/><G58/><T57/><D64/><U32/><E108/><V121/><F121/><W87/><G80/><T18/><D18/><U65/><E65/><V124/><F124/><N who="1" m="47689" /><E32/><V86/><F31/><W104/><G126/><T15/><D15/><N who="1" m="5643" /><E4/><V9/><F85/><W100/><G100/><T3/><D3/><U122/><E122/><V2/><F2/><W0/><G0/><T39/><D39/><U112/><E112/><V71/><F71/><W36/><G36/><T111/><D111/><U7/><E7/><V97/><F97/><N who="3" m="61487" /><G105/><T28/><D28/><U133/><E133/><V61/><F61/><N who="3" m="40143" /><G81/><AGARI ba="1,1" hai="24,25,75,76,81" m="5643,47689,51243" machi="81" ten="40,3900,0" yaku="20,1,18,1" doraHai="118" who="1" fromWho="3" sc="223,0,227,52,276,0,264,-42" /><AGARI ba="1,0" hai="9,10,11,20,26,29,52,53,55,81,82,83,86,89" machi="81" ten="40,2600,0" yaku="8,1,54,1" doraHai="118" who="2" fromWho="3" sc="223,0,279,0,276,26,222,-26" /><INIT seed="5,2,0,2,3,98" ten="223,279,302,196" oya="1" hai0="14,111,18,116,37,127,27,69,76,73,30,58,13" hai1="34,28,71,118,61,47,87,10,125,52,108,74,16" hai2="72,129,91,103,119,132,8,70,25,39,19,96,20" hai3="65,6,122,90,89,68,21,107,59,50,105,81,79"/><U92/><E74/><V42/><F119/><W40/><G122/><T134/><D116/><U9/><E118/><V130/><F70/><W26/><G68/><T23/><D69/><U63/><E34/><V66/><F72/><W60/><G105/><T102/><D111/><U62/><E28/><V56/><F39/><W17/><G107/><T104/><D37/><U35/><E35/><V15/><F42/><W93/><G6/><T41/><D41/><U109/><E71/><V44/><F91/><W94/><G79/><T49/><D127/><U135/><E125/><V2/><F44/><W32/><G32/><T33/><D134/><U123/><E123/><V5/><F132/><W84/><G40/><T22/><D73/><U53/><E135/><V78/><F78/><W46/><G46/><T45/><D76/><U131/><E131/><N who="2" m="50187" /><F56/><W82/><REACH who="3" step="1"/><G50/><REACH who="3" ten="223,279,302,186" step="2"/><T48/><D48/><U88/><E47/><V67/><F2/><W112/><G112/><T101/><D104/><AGARI ba="2,1" hai="5,8,15,19,20,25,66,67,96,103,104" m="50187" machi="104" ten="30,2000,0" yaku="19,1,52,1" doraHai="98" who="2" fromWho="0" sc="223,-26,279,0,302,36,186,0" /><INIT seed="6,0,0,1,5,41" ten="197,279,338,186" oya="2" hai0="82,25,27,119,93,126,100,57,23,68,70,47,65" hai1="39,84,95,103,112,64,51,121,35,58,114,62,29" hai2="78,89,26,6,8,118,34,15,17,66,28,19,50" hai3="61,122,104,131,20,16,60,45,33,46,124,87,18"/><V132/><F78/><W127/><G33/><T123/><D123/><U7/><E39/><V55/><F66/><W101/><G122/><T77/><D126/><N who="3" m="48169" /><G131/><T67/><D119/><U94/><E121/><V11/><F132/><W72/><G72/><T31/><D27/><U113/><E7/><V129/><F118/><W9/><G9/><T88/><D100/><U32/><E29/><V98/><F129/><W69/><G87/><T59/><D59/><U134/><E134/><V106/><F11/><W97/><G18/><T52/><D70/><U0/><E0/><V49/><F49/><W37/><G37/><T75/><D68/><U76/><E76/><V5/><F5/><W43/><G43/><T115/><D47/><N who="3" m="17929" /><G69/><T13/><D115/><U96/><E51/><V120/><F120/><W3/><G3/><T54/><D13/><AGARI ba="0,0" hai="13,16,20,60,61,97,101,104" m="17929,48169" machi="13" ten="30,8000,1" yaku="18,1,52,3,54,1" doraHai="41" who="3" fromWho="0" sc="197,-80,279,0,338,0,186,80" /><INIT seed="7,0,0,3,2,127" ten="117,279,338,266" oya="3" hai0="44,39,53,124,9,33,78,104,111,71,17,90,45" hai1="125,26,86,61,4,29,115,62,8,40,25,95,134" hai2="116,99,42,56,49,101,130,92,109,28,113,133,27" hai3="11,30,97,1,83,37,34,59,75,129,64,72,63"/><W22/><G34/><T52/><D104/><U73/><E73/><V91/><F109/><W2/><G37/><T14/><D111/><U69/><E125/><V85/><F116/><W19/><G129/><T103/><D103/><U32/><E40/><V65/><F133/><W82/><G30/><T94/><D124/><U48/><E134/><V43/><F130/><W110/><G110/><T13/><D33/><U24/><E115/><V60/><F113/><W58/><G97/><T131/><D71/><U117/><E117/><V51/><F51/><W18/><G11/><T46/><D39/><U20/><E48/><V88/><F91/><W41/><G41/><T84/><D78/><U132/><E132/><V128/><F49/><W114/><G114/><T126/><D126/><U135/><E135/><V106/><REACH who="2" step="1"/><F128/><REACH who="2" ten="117,279,328,266" step="2"/><W96/><G63/><T5/><REACH who="0" step="1"/><D131/><REACH who="0" ten="107,279,328,266" step="2"/><U36/><E36/><V35/><AGARI ba="0,2" hai="27,28,35,42,43,56,60,65,85,88,92,99,101,106" machi="35" ten="20,8000,1" yaku="1,1,2,1,0,1,7,1,54,1,53,0" doraHai="127" doraHaiUra="118" who="2" fromWho="2" sc="107,-20,279,-20,328,100,266,-40" owari="87,-41.0,259,6.0,428,52.0,226,-17.0" /></mjloggm>