<mjloggm ver="2.3"><GO type="169"/><UN n0="%EF%BC%88%E2%89%A7%E2%96%BD%E2%89%A6%EF%BC%89" n1="%E9%BB%92%E7%82%B9%E8%99%8E" n2="%E3%82%82%E3%81%A3%E3%81%97%E3%83%BC" n3="%E3%83%89%E3%83%AF%E3%83%AA%E3%83%B3" dan="18,16,16,16" rate="2177,2109,2103,2056" sx="M,M,M,M"/><TAIKYOKU oya="0"/><INIT seed="0,0,0,3,1,123" ten="250,250,250,250" oya="0" hai0="40,80,89,44,121,15,55,38,71,24,70,35,59" hai1="2,32,4,72,91,21,0,87,1,23,14,131,79" hai2="108,69,77,117,120,83,90,82,29,10,103,102,112" hai3="134,12,96,94,64,42,27,118,110,73,65,22,17"/><T97/><D121/><U26/><E72/><N who="2" m="43303" /><F29/><W84/><G118/><T127/><D127/><U75/><E75/><V60/><F60/><W58/><G73/><T50/><D15/><U33/><E79/><V28/><F28/><W104/><G104/><T85/><REACH who="0" step="1"/><D97/><REACH who="0" ten="240,250,250,250" step="2"/><U30/><E14/><V49/><F120/><W106/><G96/><T8/><D8/><U6/><E131/><V81/><F10/><W47/><G12/><T5/><D5/><U3/><E6/><V68/><F117/><W66/><G27/><T86/><D86/><U133/><E4/><V88/><F112/><W25/><G84/><T113/><D113/><U116/><E116/><V101/><F69/><W16/><G25/><T99/><D99/><U57/><E3/><V36/><F68/><W95/><G106/><T126/><D126/><U105/><E105/><V100/><F36/><W13/><G13/><T132/><D132/><U51/><E133/><V129/><F129/><W31/><G134/><T125/><D125/><U107/><E107/><V18/><F18/><W124/><G17/><T74/><D74/><U43/><E2/><V78/><F78/><W135/><G135/><T67/><D67/><U9/><E0/><V53/><F83/><W46/><G124/><T111/><D111/><U92/><E1/><V48/><F81/><W61/><G110/><T62/><D62/><U93/><E9/><V122/><F108/><W39/><G16/><T34/><D34/><U52/><E32/><V45/><F122/><W19/><G19/><T109/><D109/><U20/><E92/><V98/><F98/><RYUUKYOKU ba="0,1" sc="240,15,250,15,250,-15,250,-15" hai0="24,35,38,40,44,50,55,59,70,71,80,85,89" hai1="20,21,23,26,30,33,43,51,52,57,87,91,93" /><INIT seed="0,1,1,1,2,36" ten="255,265,235,235" oya="0" hai0="87,132,127,106,74,107,79,102,16,104,109,105,116" hai1="39,60,113,89,46,50,84,28,62,9,0,34,94" hai2="44,68,73,59,48,122,37,97,63,65,101,26,8" hai3="35,129,33,91,1,55,41,38,3,6,96,85,67"/><T83/><D116/><U7/><E39/><V42/><F73/><W75/><G75/><T58/><D132/><U100/><E113/><V10/><F122/><W23/><G67/><T66/><D127/><U54/><E34/><V77/><F77/><W43/><G129/><T64/><D109/><U103/><E28/><V45/><F26/><W131/><G131/><T2/><D2/><U78/><E78/><V29/><F29/><W18/><G35/><T20/><D87/><U130/><E130/><V76/><F76/><W98/><G33/><T32/><D32/><U27/><E27/><V4/><F4/><W123/><G123/><T92/><D92/><U120/><E120/><V134/><F134/><W61/><G38/><T53/><D102/><U117/><E117/><V135/><F135/><W47/><G6/><T115/><D115/><U90/><E90/><V128/><F128/><W71/><G71/><T124/><D124/><U31/><E31/><V80/><F80/><N who="3" m="49575" /><G3/><T118/><D118/><U25/><E25/><V72/><F72/><W119/><G1/><T56/><D56/><U24/><E24/><V52/><F45/><W93/><G119/><T81/><N who="0" m="26624" /><DORA hai="88" /><T125/><D83/><U133/><E133/><V110/><REACH who="2" step="1"/><F110/><REACH who="2" ten="255,265,225,235" step="2"/><W49/><G47/><T57/><D125/><U40/><E46/><V21/><F21/><W121/><G23/><T22/><D22/><U69/><E7/><V11/><F11/><W114/><G121/><T17/><D20/><U86/><E9/><V82/><F82/><W95/><G114/><T5/><D5/><U30/><E30/><RYUUKYOKU ba="1,2" sc="255,-10,265,-10,225,30,235,-10" hai2="8,10,37,42,44,48,52,59,63,65,68,97,101" /><INIT seed="1,2,2,0,2,105" ten="245,255,255,225" oya="1" hai0="60,99,47,37,95,124,114,66,57,24,123,43,82" hai1="42,59,92,119,129,108,130,68,29,122,78,125,48" hai2="10,72,63,0,2,111,9,128,75,85,49,132,102" hai3="54,126,107,13,16,51,71,61,127,118,27,131,14"/><U6/><E68/><V103/><F63/><W121/><G107/><T52/><D114/><U23/><E122/><V110/><F128/><W84/><G121/><T81/><D123/><U44/><E119/><V106/><F106/><W3/><G3/><N who="2" m="1065" /><F85/><W34/><G131/><N who="1" m="50186" /><E125/><N who="3" m="47626" /><G118/><T112/><D124/><U98/><E108/><N who="2" m="41515" /><F49/><W101/><G101/><N who="2" m="38409" /><F132/><W41/><G41/><T90/><D112/><U46/><E78/><V120/><F120/><W79/><G79/><T21/><REACH who="0" step="1"/><D66/><REACH who="0" ten="235,255,255,225" step="2"/><U1/><E1/><V89/><F89/><W20/><G34/><T83/><D83/><U93/><E93/><V36/><F36/><W134/><G134/><T80/><D80/><U113/><E113/><V30/><F30/><AGARI ba="2,3" hai="21,24,30,37,43,47,52,57,60,81,82,90,95,99" machi="30" ten="30,3900,0" yaku="1,1,7,1,54,1,53,0" doraHai="105" doraHaiUra="7" who="0" fromWho="2" sc="235,75,255,0,255,-45,225,0" /><INIT seed="2,0,0,1,0,10" ten="310,255,210,225" oya="2" hai0="55,30,81,124,3,60,122,52,24,107,26,57,89" hai1="78,73,69,85,76,128,41,5,50,31,21,65,47" hai2="112,129,126,134,100,130,133,8,75,80,38,105,67" hai3="96,15,32,116,44,0,115,63,68,123,12,110,117"/><V16/><F38/><W74/><G74/><T43/><D107/><U88/><E73/><V28/><F28/><W64/><G123/><T99/><D3/><U20/><E128/><N who="2" m="49259" /><F67/><W120/><G0/><T93/><D122/><U118/><E118/><V131/><F112/><W22/><G120/><T19/><D124/><U79/><E5/><V11/><F131/><W62/><G32/><T135/><D135/><N who="2" m="51722" /><F105/><W35/><G35/><T45/><D81/><U111/><E65/><V42/><F100/><W48/><G115/><T82/><D82/><U34/><E111/><V98/><F98/><W49/><G110/><T72/><D72/><U77/><E69/><V101/><F101/><W40/><G117/><T4/><D4/><U29/><E76/><N who="2" m="44063" /><F42/><W125/><G116/><T14/><D30/><N who="1" m="11275" /><E34/><V37/><F37/><W102/><G63/><T33/><D33/><U54/><E41/><V86/><F86/><W23/><G49/><N who="0" m="28719" /><D43/><U61/><E61/><V2/><F2/><W71/><G68/><T25/><D25/><U95/><AGARI ba="0,0" hai="20,21,47,50,54,77,78,79,85,88,95" m="11275" machi="95" ten="30,2000,0" yaku="8,1,54,1" doraHai="10" who="1" fromWho="1" sc="310,-5,255,20,210,-10,225,-5" /><INIT seed="3,0,0,5,2,95" ten="305,275,200,220" oya="3" hai0="33,115,1,113,132,60,56,19,119,22,7,62,66" hai1="108,78,82,20,42,122,27,36,71,131,96,84,2" hai2="67,94,45,8,59,109,116,46,35,83,111,50,93" hai3="129,76,12,28,44,127,47,105,79,4,81,126,61"/><W107/><G129/><T130/><D119/><U24/><E122/><V51/><F35/><W17/><G28/><T87/><D130/><U104/><E71/><V41/><F116/><W5/><G61/><T15/><D132/><U31/><E131/><V68/><F83/><W6/><G81/><T11/><D87/><U110/><E2/><V112/><F112/><W26/><G26/><T63/><D33/><U25/><E36/><V125/><F125/><N who="3" m="47627" /><G17/><T121/><D121/><U16/><E42/><N who="2" m="24887" /><F8/><W49/><G12/><T118/><D118/><U39/><E39/><V52/><F93/><W9/><G9/><T98/><D60/><U120/><E120/><V21/><F94/><W80/><G80/><T75/><D75/><U90/><E90/><V32/><F21/><W57/><G57/><T30/><D30/><U128/><E128/><V123/><F32/><W53/><G47/><T74/><D74/><U124/><E124/><V40/><F123/><W91/><G91/><T64/><D115/><U69/><E69/><V100/><F100/><W97/><G107/><T102/><D113/><U106/><E106/><V135/><F135/><W88/><G88/><T65/><REACH who="0" step="1"/><D63/><REACH who="0" ten="295,275,200,220" step="2"/><U37/><E31/><V14/><F68/><W55/><G53/><T48/><D48/><U13/><E84/><V43/><F14/><W10/><G10/><T133/><D133/><U58/><E13/><V99/><F51/><W18/><G18/><T70/><D70/><U114/><E114/><V77/><F40/><W92/><G49/><T103/><D103/><N who="1" m="62567" /><E37/><V117/><F117/><W54/><G44/><RYUUKYOKU ba="0,1" sc="295,30,275,-10,200,-10,220,-10" hai0="1,7,11,15,19,22,56,62,64,65,66,98,102" /><INIT seed="4,1,1,1,4,7" ten="325,265,190,210" oya="0" hai0="73,14,108,23,107,92,55,77,102,134,17,72,120" hai1="35,84,52,117,27,133,105,93,18,1,5,11,53" hai2="63,12,114,111,20,46,47,50,32,85,28,109,9" hai3="90,86,83,103,66,124,8,87,34,64,25,54,67"/><T16/><D120/><U131/><E105/><V115/><F32/><W70/><G124/><T19/><D107/><U123/><E123/><V59/><F85/><W79/><G103/><T36/><D36/><U71/><E71/><V0/><F0/><W31/><G54/><T62/><D134/><U132/><E117/><V10/><F28/><W57/><G57/><N who="0" m="35135" /><D73/><U104/><E104/><V56/><F20/><W75/><G70/><T26/><D72/><U126/><E126/><V100/><F100/><W3/><REACH who="3" step="1"/><G90/><REACH who="3" ten="325,265,190,200" step="2"/><T48/><D108/><U118/><E53/><V112/><F112/><W37/><G37/><T21/><D77/><U80/><E52/><V96/><F63/><W68/><G68/><T106/><D106/><U129/><E118/><V61/><F61/><W95/><G95/><T113/><D113/><U101/><E93/><V78/><F78/><W121/><G121/><T81/><D48/><U119/><E119/><V122/><F50/><W69/><G69/><T42/><D42/><U4/><E101/><V127/><F127/><W130/><G130/><T76/><D76/><U97/><E129/><V88/><F122/><W40/><G40/><T24/><D81/><U13/><E131/><V22/><F88/><W44/><G44/><T65/><D65/><U125/><E125/><V110/><F110/><W15/><G15/><N who="0" m="9407" /><D102/><U74/><E80/><V58/><F58/><W82/><G82/><T41/><D41/><U49/><E49/><V2/><F12/><W39/><G39/><T29/><D92/><U38/><E38/><V128/><F128/><W98/><G98/><RYUUKYOKU ba="1,2" sc="325,-10,265,-10,190,-10,200,30" hai3="3,8,25,31,34,64,66,67,75,79,83,86,87" /><INIT seed="5,2,2,1,1,82" ten="315,255,180,230" oya="1" hai0="38,5,78,96,112,57,36,131,71,84,132,101,24" hai1="117,114,20,30,111,80,4,37,65,52,64,6,99" hai2="26,70,76,88,35,63,100,58,59,81,8,85,115" hai3="51,21,34,121,54,123,89,122,110,39,105,73,15"/><U23/><E117/><V16/><F100/><W46/><G34/><T41/><D71/><U113/><E37/><V69/><F35/><W2/><G110/><T49/><D5/><N who="1" m="2155" /><E111/><V135/><F135/><W18/><G2/><T45/><D132/><U98/><E80/><V17/><F115/><N who="1" m="44041" /><E52/><N who="2" m="34247" /><F70/><W43/><G73/><T97/><D112/><U13/><E13/><N who="2" m="7207" /><F69/><W68/><G68/><T10/><D24/><U11/><E11/><V83/><F59/><W1/><G1/><T86/><D10/><U94/><E94/><N who="2" m="54543" /><F76/><W66/><G105/><T48/><D57/><U61/><E61/><V77/><F77/><W19/><G39/><T22/><D78/><U109/><E30/><V55/><F55/><W42/><G54/><T56/><D56/><U44/><E44/><V90/><F90/><W124/><G46/><T103/><D45/><U127/><E109/><V93/><F93/><W74/><G123/><T116/><D103/><U106/><E106/><V108/><F108/><W33/><G122/><T27/><D101/><U3/><E3/><V104/><F104/><W130/><G121/><T28/><D38/><U7/><E7/><V125/><F125/><W72/><G124/><T67/><D36/><U129/><E127/><V128/><F128/><W31/><G130/><T119/><D131/><U53/><E129/><V92/><F92/><W32/><G74/><T29/><D119/><U118/><E53/><V9/><F9/><W47/><G72/><T25/><D116/><U91/><E118/><V0/><F0/><W102/><G47/><T14/><D29/><U50/><E91/><RYUUKYOKU ba="2,2" sc="315,-10,255,-10,180,30,230,-10" hai2="17,26,81,83" /><INIT seed="6,3,2,4,3,7" ten="305,245,210,220" oya="2" hai0="121,44,32,100,133,5,88,85,28,102,21,127,13" hai1="63,81,49,107,111,59,112,57,77,65,110,95,98" hai2="10,75,47,46,124,128,53,0,23,29,92,83,67" hai3="6,122,96,24,126,3,64,34,114,118,115,17,30"/><V120/><F120/><W58/><G122/><T50/><D32/><U48/><E107/><V97/><F67/><W39/><G118/><T78/><D121/><U70/><E112/><N who="3" m="43050" /><G39/><T119/><D119/><U101/><E57/><V27/><F124/><W26/><G126/><T131/><D127/><U134/><E134/><V87/><F75/><W108/><G108/><T89/><D133/><U42/><E70/><V61/><F128/><W106/><G106/><T56/><D56/><U104/><E104/><V86/><F0/><W19/><G96/><T74/><D74/><U2/><E2/><V69/><F69/><W37/><G37/><T35/><D35/><U38/><E38/><V113/><F113/><W129/><G129/><T15/><D131/><U55/><E42/><V16/><F61/><N who="3" m="37943" /><G26/><T9/><D102/><U68/><E49/><N who="2" m="28855" /><F47/><W79/><G79/><T103/><D103/><U72/><AGARI ba="3,2" hai="48,55,59,63,65,68,72,77,81,95,98,101,110,111" machi="72" ten="20,1500,0" yaku="0,1,7,1" doraHai="7" who="1" fromWho="1" sc="305,-7,245,44,210,-10,220,-7" /><INIT seed="7,0,0,0,1,116" ten="298,289,200,213" oya="3" hai0="103,13,109,83,101,87,6,54,0,123,16,100,77" hai1="2,52,42,61,35,73,107,99,5,57,132,10,43" hai2="32,55,129,70,102,65,79,118,31,39,60,7,88" hai3="37,80,119,58,113,111,130,34,128,15,25,26,74"/><W69/><G119/><T105/><D123/><U91/><E73/><V20/><F118/><W98/><G69/><T53/><D109/><U112/><E35/><V78/><F39/><W38/><G111/><T63/><D105/><U14/><E112/><V49/><F32/><W135/><G113/><T106/><D106/><U82/><E132/><V108/><F108/><W45/><G135/><T8/><REACH who="0" step="1"/><D63/><REACH who="0" ten="288,289,200,213" step="2"/><U134/><E107/><V131/><F102/><W9/><G130/><N who="2" m="49673" /><F7/><W66/><G128/><T19/><D19/><U18/><E134/><V86/><F31/><W95/><G34/><T126/><D126/><U124/><E124/><V81/><F20/><AGARI ba="0,1" hai="0,6,8,13,16,20,53,54,77,83,87,100,101,103" machi="20" ten="40,2600,0" yaku="1,1,54,1,53,0" doraHai="116" doraHaiUra="44" who="0" fromWho="2" sc="288,36,289,0,200,-26,213,0" owari="324,43.0,289,9.0,174,-33.0,213,-19.0" /></mjloggm>