<mjloggm ver="2.3"><GO type="41"/><UN n0="%E3%81%84%E3%81%BA%E3%81%93" n1="%6E%65%6D%75%72%69" n2="%E3%81%BE%E3%81%82%E3%81%B6%E3%82%8B%EF%BC%91" n3="%E3%82%A6%E3%83%AB%E3%83%88%E3%83%A9%E7%AB%8B%E7%9B%B4" dan="14,14,14,15" rate="1910,1854,1905,2026" sx="M,M,M,M"/><TAIKYOKU oya="0"/><INIT seed="0,0,0,3,4,59" ten="250,250,250,250" oya="0" hai0="28,92,69,65,110,47,135,20,118,103,48,71,81" hai1="33,21,120,16,108,128,113,88,44,27,53,30,8" hai2="86,79,124,119,134,73,50,10,70,45,111,25,35" hai3="106,94,4,83,127,42,68,43,87,9,57,74,95"/><T32/><D118/><U60/><E120/><V122/><F122/><W52/><G68/><T17/><D81/><U130/><E108/><V58/><F111/><W51/><G74/><T93/><D71/><U98/><E113/><V96/><F119/><W64/><G106/><T22/><D32/><U5/><E44/><V37/><F124/><W117/><G117/><T56/><D69/><U62/><E53/><V24/><F134/><W2/><G64/><T116/><D116/><U112/><E112/><V133/><F133/><W91/><G127/><T90/><D135/><U75/><E75/><V89/><F37/><W12/><G2/><T109/><D103/><U80/><E98/><V101/><F70/><W40/><AGARI ba="0,0" hai="4,9,12,40,42,43,51,52,57,83,87,91,94,95" machi="40" ten="30,4000,0" yaku="0,1,8,1,54,1" doraHai="59" who="3" fromWho="3" sc="250,-20,250,-10,250,-10,250,40" /><INIT seed="1,0,0,1,2,18" ten="230,240,240,290" oya="1" hai0="0,130,82,127,81,63,56,39,68,78,93,86,36" hai1="122,8,53,94,83,123,103,28,134,112,29,16,92" hai2="124,24,69,126,128,27,37,109,87,119,4,14,84" hai3="117,12,133,35,11,22,71,104,40,43,121,51,55"/><U20/><E112/><V73/><F119/><W58/><G35/><T31/><D0/><U132/><E83/><V49/><F109/><W79/><G121/><N who="1" m="46090" /><E8/><V120/><F120/><W5/><G117/><T131/><D68/><U2/><E53/><V6/><F128/><N who="0" m="49194" /><D127/><U46/><E46/><V89/><F37/><N who="0" m="14410" /><D82/><U50/><E50/><V33/><F73/><W10/><G71/><T67/><D93/><N who="1" m="35947" /><E103/><V32/><F69/><W96/><G43/><T70/><D70/><U97/><E97/><V74/><F14/><W60/><G40/><T1/><D1/><U65/><E65/><V102/><F49/><W52/><G96/><T99/><D99/><U118/><E118/><V110/><F110/><W61/><G61/><T41/><D41/><U64/><E64/><V21/><F89/><W19/><G104/><T98/><D98/><U95/><E2/><V7/><F74/><W17/><G79/><T80/><D80/><U66/><E66/><V42/><F42/><W9/><G5/><T72/><D72/><U85/><E95/><V13/><F4/><W113/><G51/><T62/><D63/><U48/><E48/><V23/><F13/><W129/><G129/><T90/><D78/><U114/><E114/><V3/><F3/><W115/><G115/><T116/><D116/><U111/><E111/><V101/><AGARI ba="0,0" hai="6,7,21,23,24,27,32,33,84,87,101,102,124,126" machi="101" ten="25,8000,1" yaku="0,1,22,2,52,2" doraHai="18" who="2" fromWho="2" sc="230,-20,240,-40,240,80,290,-20" /><INIT seed="2,0,0,2,4,90" ten="210,200,320,270" oya="2" hai0="49,18,36,80,135,46,55,0,67,62,13,14,48" hai1="63,8,77,95,32,92,54,16,110,60,108,40,9" hai2="84,20,44,100,114,132,57,2,26,76,122,45,104" hai3="102,1,72,78,109,103,61,99,64,98,117,93,58"/><V41/><F114/><W121/><G1/><T35/><D0/><U107/><E107/><V38/><F122/><W34/><G34/><T7/><D135/><U113/><E32/><V31/><F132/><W70/><G121/><T129/><D129/><U81/><E113/><V65/><F2/><W42/><G117/><T56/><D36/><U30/><E30/><V39/><F100/><W124/><G124/><T82/><D35/><U17/><E40/><V69/><F69/><W29/><G109/><N who="1" m="42090" /><E9/><V33/><F104/><W134/><G134/><T22/><D7/><U52/><E8/><V115/><F115/><W53/><G29/><T105/><D105/><U68/><E68/><V23/><F45/><W51/><G42/><T4/><D4/><U119/><E119/><V126/><F39/><W11/><G11/><T89/><D13/><U19/><E81/><V91/><F76/><W25/><G25/><T12/><D12/><U85/><E85/><V47/><F47/><W71/><G78/><T79/><D79/><U125/><E77/><V133/><F133/><W97/><G72/><T88/><D48/><U5/><E5/><V73/><F73/><W86/><G71/><T83/><AGARI ba="0,0" hai="14,18,22,46,49,55,56,62,67,80,82,83,88,89" machi="83" ten="30,4000,0" yaku="0,1,8,1,54,1" doraHai="90" who="0" fromWho="0" sc="210,40,200,-10,320,-20,270,-10" /><INIT seed="3,0,0,3,4,128" ten="250,190,300,260" oya="3" hai0="68,125,60,127,109,39,16,5,71,61,70,73,130" hai1="89,117,17,123,13,58,87,66,0,56,9,30,24" hai2="31,72,114,23,25,94,96,46,124,62,110,81,75" hai3="74,37,90,28,42,67,1,77,85,108,34,48,115"/><W22/><G48/><T97/><D73/><U111/><E123/><V120/><F120/><W76/><G22/><T55/><D5/><U52/><E0/><V129/><F129/><W18/><G18/><T126/><D130/><U14/><E111/><V27/><F110/><W51/><G51/><T122/><D39/><U119/><E14/><V64/><F124/><W82/><G76/><T65/><D122/><U99/><E99/><V15/><F114/><W83/><G115/><T102/><D109/><U80/><E58/><V36/><F15/><W57/><G108/><T12/><D55/><U43/><E66/><V112/><F112/><W113/><G113/><T4/><D4/><U116/><E43/><V8/><F8/><W7/><G28/><T93/><D65/><U41/><E41/><V98/><F46/><W6/><G34/><T101/><D101/><U33/><REACH who="1" step="1"/><E117/><REACH who="1" ten="250,180,300,260" step="2"/><V105/><F36/><W49/><G67/><T132/><D132/><U121/><E121/><V133/><F98/><W38/><G38/><T106/><D106/><U131/><E131/><V32/><F133/><W20/><G1/><T2/><REACH who="0" step="1"/><D2/><REACH who="0" ten="240,180,300,260" step="2"/><U63/><AGARI ba="0,2" hai="9,13,17,24,30,33,52,56,63,80,87,89,116,119" machi="63" ten="30,7900,0" yaku="1,1,0,1,54,1,53,1" doraHai="128" doraHaiUra="10" who="1" fromWho="1" sc="240,-20,180,99,300,-20,260,-39" /><INIT seed="4,0,0,5,0,105" ten="220,279,280,221" oya="0" hai0="116,61,81,62,26,16,95,125,119,74,30,88,129" hai1="92,84,107,56,66,91,124,19,48,94,11,130,58" hai2="21,42,132,99,40,17,73,90,32,20,29,113,69" hai3="89,6,2,101,120,121,23,114,103,76,117,49,53"/><T22/><D129/><U4/><E107/><V68/><F113/><W39/><G39/><T46/><D125/><U24/><E130/><V12/><F132/><W110/><G6/><T55/><D119/><U85/><E4/><V131/><F131/><W13/><G2/><T36/><D116/><U52/><E124/><V87/><F32/><W115/><G117/><T77/><D30/><U45/><E66/><V1/><F1/><W79/><G23/><T133/><D133/><U83/><E83/><V7/><F7/><W65/><G13/><T64/><D64/><U34/><E34/><V57/><F69/><W134/><G65/><T50/><D36/><U41/><E41/><V126/><F126/><W9/><G9/><T123/><D123/><U43/><E43/><V98/><F68/><W15/><G15/><T35/><D35/><U97/><E85/><AGARI ba="0,0" hai="16,22,26,46,50,55,61,62,74,77,81,85,88,95" machi="85" ten="30,11600,0" yaku="7,1,52,1,54,2" doraHai="105" who="0" fromWho="1" sc="220,116,279,-116,280,0,221,0" /><INIT seed="4,1,0,0,3,59" ten="336,163,280,221" oya="0" hai0="62,91,75,54,11,14,13,8,65,12,18,109,84" hai1="35,4,72,94,71,23,108,3,102,114,61,5,16" hai2="41,46,111,101,19,51,110,6,89,133,130,122,20" hai3="26,43,117,22,58,100,36,95,105,76,0,73,135"/><T77/><D109/><U30/><E72/><V17/><F122/><W66/><G0/><T27/><D54/><U44/><E44/><V86/><F130/><W121/><G105/><T64/><D64/><N who="1" m="41359" /><E108/><V2/><F133/><W92/><G92/><T134/><D134/><U25/><E4/><V113/><F113/><W81/><G117/><T106/><D106/><U80/><E80/><V103/><F111/><W88/><G43/><T115/><D115/><U10/><E94/><V127/><F127/><W96/><G36/><T56/><D77/><U40/><E102/><V34/><F34/><W87/><G121/><T28/><D75/><U112/><E40/><V52/><F110/><W83/><G135/><T55/><D65/><U33/><E33/><V128/><F128/><W63/><G83/><N who="0" m="49567" /><D28/><U104/><E104/><V32/><F32/><W69/><G69/><T125/><D125/><U118/><E118/><V126/><F126/><W38/><G38/><T45/><D45/><U24/><E24/><V68/><F68/><W97/><REACH who="3" step="1"/><G100/><REACH who="3" ten="336,163,280,211" step="2"/><T119/><D119/><U31/><E112/><V53/><F2/><W39/><G39/><T93/><D93/><U70/><E70/><V67/><F103/><W21/><G21/><AGARI ba="1,1" hai="8,11,12,13,14,18,21,27,55,56,62" m="49567" machi="21" ten="30,2900,0" yaku="8,1,52,1" doraHai="59" who="0" fromWho="3" sc="336,42,163,0,280,0,211,-32" /><INIT seed="4,2,0,3,1,129" ten="378,163,280,179" oya="0" hai0="72,34,57,68,83,43,96,76,121,45,132,30,56" hai1="53,81,73,106,70,27,107,75,119,100,28,4,13" hai2="18,52,54,113,115,71,36,44,15,40,11,88,134" hai3="87,127,14,64,80,60,92,59,85,24,131,99,16"/><T90/><D68/><U17/><E70/><V94/><F134/><W25/><G131/><T3/><D3/><U50/><E4/><V114/><REACH who="2" step="1"/><F71/><REACH who="2" ten="378,163,270,179" step="2"/><W9/><G127/><T97/><D132/><U49/><E119/><V32/><F32/><W122/><G122/><T7/><D121/><U22/><E50/><V38/><F38/><W19/><G19/><T77/><D34/><U62/><E62/><V128/><F128/><W116/><G116/><T48/><D7/><U61/><E61/><V67/><F67/><W104/><G104/><T23/><D76/><U135/><E135/><V74/><F74/><W111/><G111/><T91/><D77/><U0/><E0/><V109/><F109/><W5/><G5/><T103/><D72/><U98/><E106/><V58/><F58/><W105/><G105/><T63/><D57/><U21/><REACH who="1" step="1"/><E81/><REACH who="1" ten="378,153,270,179" step="2"/><V1/><F1/><W126/><G80/><T65/><D83/><U124/><E124/><V6/><F6/><W10/><G126/><T33/><D63/><U102/><E102/><V79/><F79/><W39/><G39/><T12/><D103/><U51/><E51/><V130/><F130/><W31/><G60/><T41/><D48/><U84/><E84/><AGARI ba="2,2" hai="11,15,18,36,40,44,52,54,84,88,94,113,114,115" machi="84" ten="40,8000,1" yaku="1,1,15,1,54,2,53,0" doraHai="129" doraHaiUra="55" who="2" fromWho="1" sc="378,0,153,-86,270,106,179,0" /><INIT seed="5,0,0,3,2,49" ten="378,67,376,179" oya="1" hai0="30,134,33,44,11,31,19,28,59,111,20,122,103" hai1="128,13,117,135,87,112,0,66,80,133,115,81,56" hai2="129,50,39,97,82,73,60,61,18,21,74,116,52" hai3="65,5,37,2,126,23,123,51,43,96,26,58,98"/><U114/><E0/><V86/><F116/><W110/><G123/><T22/><D103/><U54/><E117/><V9/><F129/><W130/><G110/><T25/><D44/><U10/><E66/><V90/><F39/><W72/><G130/><T113/><D59/><U1/><E1/><V48/><F74/><W131/><G131/><T15/><D111/><U16/><E87/><V45/><F48/><W71/><G126/><T118/><D118/><U84/><E84/><V132/><F73/><W85/><G72/><T76/><D76/><U125/><E125/><V120/><F120/><W119/><G119/><T35/><D122/><U69/><E69/><V89/><F132/><N who="1" m="50761" /><E128/><V41/><F41/><W77/><G71/><T57/><D57/><U83/><E83/><V102/><F90/><W93/><G65/><T92/><D92/><U127/><E127/><V38/><F9/><W79/><G96/><T34/><D134/><U78/><E78/><V91/><F91/><W3/><G3/><T55/><D113/><U42/><E42/><V47/><F47/><W63/><G85/><T7/><D55/><U107/><E107/><V94/><F38/><W64/><G79/><T8/><D8/><U95/><E95/><V14/><AGARI ba="0,0" hai="14,18,21,45,50,52,60,61,82,86,89,94,97,102" machi="14" ten="20,8000,1" yaku="0,1,7,1,8,1,52,1,54,1" doraHai="49" who="2" fromWho="2" sc="378,-20,67,-40,376,80,179,-20" /><INIT seed="6,0,0,3,2,68" ten="358,27,456,159" oya="2" hai0="32,2,89,60,130,7,10,46,57,115,96,64,29" hai1="41,110,67,4,118,37,34,1,70,26,75,116,71" hai2="86,48,88,24,90,22,18,114,98,6,45,100,109" hai3="52,66,27,56,12,69,94,19,65,55,105,129,35"/><V106/><F109/><W132/><G105/><T74/><D130/><U36/><E110/><V107/><F114/><W92/><G129/><T33/><D115/><U135/><E135/><V30/><F107/><W97/><G132/><T117/><D74/><U39/><E41/><V134/><F134/><W73/><G73/><T17/><D117/><N who="1" m="45163" /><E67/><V87/><F6/><W112/><G69/><T104/><D17/><U123/><E75/><V133/><F133/><W62/><G112/><T108/><D108/><U21/><E21/><V84/><REACH who="2" step="1"/><F30/><REACH who="2" ten="358,27,446,159" step="2"/><W85/><G65/><T25/><D104/><U72/><E72/><V111/><F111/><W13/><G66/><T93/><REACH who="0" step="1"/><D46/><REACH who="0" ten="348,27,446,159" step="2"/><U127/><E127/><V20/><F20/><AGARI ba="0,2" hai="2,7,10,20,25,29,32,33,57,60,64,89,93,96" machi="20" ten="30,3900,0" yaku="1,1,2,1,7,1,53,0" doraHai="68" doraHaiUra="81" who="0" fromWho="2" sc="348,59,27,0,446,-39,159,0" /><INIT seed="7,0,0,0,5,16" ten="407,27,407,159" oya="3" hai0="12,83,61,34,14,58,33,28,20,75,114,44,72" hai1="24,21,81,115,85,60,56,98,77,38,71,133,26" hai2="52,57,64,126,37,59,30,39,6,68,111,32,66" hai3="89,102,87,7,73,131,125,23,48,41,65,124,120"/><W97/><G73/><T104/><D104/><U129/><E38/><N who="2" m="14347" /><F6/><W49/><G7/><T27/><D114/><U13/><E71/><V9/><F9/><W128/><G65/><N who="2" m="25193" /><F30/><W3/><G3/><T92/><D75/><U103/><E115/><V95/><F95/><W4/><G4/><T116/><D116/><U40/><E40/><V19/><F19/><W36/><G36/><T0/><D0/><U31/><E129/><N who="3" m="49738" /><G41/><T134/><D34/><U54/><E133/><V84/><F84/><W106/><G49/><T1/><D1/><U118/><E118/><V25/><F25/><W93/><G48/><T86/><D134/><U29/><E13/><V127/><F32/><W62/><G62/><T43/><D72/><U82/><E82/><V135/><F135/><W88/><G23/><T22/><D92/><U113/><E113/><V35/><F35/><W121/><G89/><N who="0" m="51423" /><D22/><U110/><E110/><V117/><F117/><W2/><G2/><T96/><D33/><U112/><E112/><V11/><F11/><W101/><G101/><T53/><D96/><U70/><E70/><V123/><F111/><W78/><G78/><T94/><D94/><U79/><E79/><V76/><F76/><W15/><G15/><N who="0" m="5675" /><D43/><U17/><REACH who="1" step="1"/><E26/><REACH who="1" ten="407,17,407,159" step="2"/><V109/><F109/><W47/><G121/><T119/><D119/><U5/><E5/><V74/><F123/><W50/><G120/><T90/><D90/><U100/><E100/><V8/><F68/><W63/><G102/><T67/><D44/><U46/><E46/><V107/><F74/><W130/><N who="3" m="49746" /><W80/><DORA hai="132" /><G47/><RYUUKYOKU ba="0,1" sc="407,15,17,15,407,-15,159,-15" hai0="20,27,28,53,58,61,67" hai1="17,21,24,29,31,54,56,60,77,81,85,98,103" owari="432,54.0,32,-47.0,392,19.0,144,-26.0" /></mjloggm>