<mjloggm ver="2.3"><GO type="169"/><UN n0="%EF%BC%88%E2%89%A7%E2%96%BD%E2%89%A6%EF%BC%89" n1="%E3%82%A2%E3%82%AB%E2%98%86%E3%82%A6%E3%83%BC%E3%83%94%E3%83%B3" n2="%E9%BA%BB%E8%A1%A3%E8%88%9E%E3%81%84" n3="%52%65%4D%61%72%69%6D%6F" dan="18,18,16,16" rate="2239,2147,2024,2014" sx="M,M,F,M"/><TAIKYOKU oya="0"/><INIT seed="0,0,0,4,3,11" ten="250,250,250,250" oya="0" hai0="64,119,120,71,101,99,84,31,57,33,105,2,132" hai1="41,30,110,42,62,49,78,19,66,20,4,56,111" hai2="60,3,8,54,35,135,93,123,1,113,39,45,70" hai3="131,95,126,118,26,13,25,130,46,79,114,89,14"/><T134/><D120/><U96/><E30/><V59/><F123/><W91/><G114/><T17/><D119/><U124/><E124/><V74/><F113/><W103/><G118/><T50/><D2/><U5/><E78/><V52/><F35/><W36/><G79/><T87/><D50/><U73/><E73/><V80/><F70/><W90/><G126/><T27/><D57/><U15/><E96/><V53/><F135/><N who="0" m="51754" /><D17/><U65/><E65/><V97/><F80/><W51/><G36/><T58/><D58/><U109/><REACH who="1" step="1"/><E42/><REACH who="1" ten="250,240,250,250" step="2"/><V115/><F74/><W44/><G131/><T7/><D7/><U12/><E12/><N who="3" m="4714" /><G130/><T55/><D55/><U107/><E107/><V98/><F54/><N who="3" m="30055" /><G46/><AGARI ba="0,1" hai="4,5,15,19,20,41,46,49,56,62,66,109,110,111" machi="46" ten="40,5200,0" yaku="1,1,14,1,52,1,53,0" doraHai="11" doraHaiUra="29" who="1" fromWho="3" sc="250,0,240,62,250,0,250,-52" /><INIT seed="1,0,0,1,4,32" ten="250,302,250,198" oya="1" hai0="109,110,16,116,21,97,56,2,12,41,20,84,37" hai1="43,88,121,13,66,74,135,15,118,112,22,25,47" hai2="102,54,67,86,114,0,35,93,98,11,64,39,132" hai3="44,133,108,29,18,115,9,103,24,78,73,80,14"/><U49/><E74/><V87/><F132/><W71/><G115/><T31/><D116/><U57/><E112/><V82/><F35/><W131/><G108/><N who="0" m="41579" /><D97/><U40/><E118/><V72/><F72/><W83/><G71/><T122/><D122/><U134/><E121/><V106/><F114/><W59/><G133/><N who="1" m="50698" /><E43/><V101/><F39/><W96/><G131/><T26/><D56/><U111/><E111/><V123/><F123/><W38/><G83/><T90/><D41/><U127/><E127/><V1/><F106/><W69/><G69/><T70/><D70/><U23/><E88/><V129/><F129/><W79/><G79/><T27/><D37/><U113/><E113/><V5/><F1/><W65/><G38/><T50/><D50/><U58/><E23/><V17/><F102/><W81/><G44/><T60/><D60/><N who="1" m="38159" /><E58/><V52/><F54/><W130/><G130/><T128/><D128/><U28/><AGARI ba="0,0" hai="13,15,22,25,28,40,47,49" m="38159,50698" machi="28" ten="30,1500,0" yaku="20,1" doraHai="32" who="1" fromWho="1" sc="250,-5,302,15,250,-5,198,-5" /><INIT seed="1,1,0,1,5,51" ten="245,317,245,193" oya="1" hai0="67,18,115,1,74,112,34,59,60,9,100,78,129" hai1="107,37,73,12,54,56,120,80,45,83,82,63,46" hai2="124,114,47,90,20,89,57,125,38,32,99,42,88" hai3="16,128,21,103,93,135,35,132,133,101,27,48,7"/><U3/><E3/><V122/><F122/><W121/><G121/><T0/><D34/><U126/><E73/><V6/><F32/><W118/><G128/><T44/><D129/><U49/><E120/><V24/><F6/><W43/><G118/><T39/><D100/><U134/><E107/><V23/><F114/><W123/><G123/><T25/><D25/><U98/><E134/><V28/><F57/><W33/><G7/><N who="0" m="1263" /><D18/><U30/><E126/><N who="2" m="48747" /><F23/><W22/><G22/><T8/><D8/><U5/><E30/><V96/><AGARI ba="1,0" hai="20,24,28,38,42,47,88,89,90,96,99" m="48747" machi="96" ten="40,2700,0" yaku="18,1,54,1" doraHai="51" who="2" fromWho="2" sc="245,-8,317,-14,245,30,193,-8" /><INIT seed="2,0,0,0,2,105" ten="237,303,275,185" oya="2" hai0="52,90,82,83,28,97,114,45,41,38,62,21,54" hai1="108,124,66,33,134,132,25,120,130,9,80,67,10" hai2="32,133,122,102,111,37,46,92,55,77,101,113,81" hai3="12,26,31,18,58,23,87,125,43,89,61,64,50"/><V17/><F122/><W129/><G125/><T36/><D114/><U24/><E124/><V84/><F113/><W13/><G129/><T123/><D123/><U19/><E120/><V96/><F133/><N who="1" m="51305" /><E130/><V48/><F32/><W15/><G43/><T40/><D62/><U63/><E108/><V107/><F111/><W49/><REACH who="3" step="1"/><G31/><REACH who="3" ten="237,303,275,175" step="2"/><T72/><D40/><U100/><E25/><V69/><F37/><W94/><AGARI ba="0,1" hai="12,13,15,18,23,26,49,50,58,61,64,87,89,94" machi="94" ten="30,7900,0" yaku="1,1,2,1,0,1,8,1,53,0" doraHai="105" doraHaiUra="99" who="3" fromWho="3" sc="237,-20,303,-20,275,-39,175,89" /><INIT seed="3,0,0,1,0,52" ten="217,283,236,264" oya="3" hai0="87,80,86,135,18,85,19,119,11,111,30,71,43" hai1="42,49,57,16,120,23,24,8,121,28,118,82,90" hai2="15,0,67,89,34,93,76,62,92,54,133,45,84" hai3="104,129,103,94,53,3,9,48,107,73,79,75,74"/><W95/><G129/><T134/><D119/><U58/><E118/><V125/><F0/><W31/><G31/><T88/><D71/><U12/><E121/><V60/><F133/><N who="0" m="50698" /><D111/><U29/><E120/><V101/><F76/><W72/><G3/><T2/><D43/><U68/><E68/><V27/><F125/><W41/><G41/><T128/><D128/><U126/><E126/><V61/><F15/><W98/><G9/><T47/><D47/><N who="1" m="25847" /><E28/><V108/><F108/><W10/><G10/><T113/><D113/><U127/><E127/><V109/><F109/><W37/><G37/><T22/><D30/><U36/><E36/><V4/><F4/><W40/><G40/><T56/><D2/><U39/><E39/><V131/><F131/><W96/><G53/><T97/><D97/><U32/><E32/><V110/><F110/><W114/><G48/><T81/><D81/><U83/><E83/><V115/><F115/><W35/><G35/><T25/><D56/><U130/><E130/><V59/><F27/><W122/><G122/><T100/><D100/><U26/><E26/><V102/><F34/><W51/><G51/><T64/><D64/><U63/><E63/><N who="2" m="24139" /><F93/><W7/><G7/><T91/><D80/><U69/><E69/><V50/><AGARI ba="0,0" hai="45,50,54,59,62,67,84,89,92,101,102" m="24139" machi="50" ten="30,2000,0" yaku="8,1,52,1" doraHai="52" who="2" fromWho="2" sc="217,-5,283,-5,236,20,264,-10" /><INIT seed="4,0,0,5,2,124" ten="212,278,256,254" oya="0" hai0="2,7,32,8,10,46,64,57,134,49,41,53,112" hai1="6,69,11,60,1,56,21,132,19,39,118,38,88" hai2="101,79,4,15,51,77,130,36,121,110,30,54,52" hai3="96,119,23,34,94,3,104,111,113,24,92,81,37"/><T33/><D134/><U98/><E118/><V120/><F110/><W18/><G119/><T116/><D116/><U90/><E69/><V42/><F36/><W29/><G111/><T100/><D112/><U5/><E5/><V62/><F30/><W55/><G37/><T71/><D100/><U28/><E28/><V106/><F101/><W78/><G113/><T97/><D97/><U66/><E132/><V123/><F106/><W65/><G65/><T82/><D82/><U114/><E114/><V86/><F62/><W133/><G133/><T44/><D44/><U40/><E98/><V117/><F117/><W76/><G3/><T17/><D17/><U73/><E73/><V87/><F42/><W126/><G126/><T135/><D10/><U95/><E40/><V31/><F31/><W48/><G76/><T47/><D47/><U102/><E102/><V67/><F67/><W115/><G115/><T99/><D99/><U72/><E72/><V129/><F123/><W125/><G125/><T0/><D0/><U122/><E90/><V103/><F103/><W127/><G127/><T128/><D135/><U25/><E122/><V27/><F27/><W22/><G34/><T89/><D89/><U16/><E19/><V50/><F15/><N who="3" m="9567" /><G104/><T14/><D2/><U63/><E63/><V91/><F91/><W9/><G9/><T43/><D43/><U26/><E26/><V58/><F4/><W84/><G96/><T13/><D71/><U74/><E74/><V85/><F85/><W45/><AGARI ba="0,0" hai="23,24,29,45,48,55,78,81,84,92,94" m="9567" machi="45" ten="30,1100,0" yaku="8,1" doraHai="124" who="3" fromWho="3" sc="212,-5,278,-3,256,-3,254,11" /><INIT seed="5,0,0,5,3,120" ten="207,275,253,265" oya="1" hai0="68,135,53,57,36,4,71,40,25,96,111,49,81" hai1="20,5,82,85,12,32,94,98,113,24,44,6,117" hai2="9,99,54,109,62,35,48,114,107,75,47,63,79" hai3="92,93,118,89,87,14,31,21,23,122,18,130,86"/><U27/><E117/><V37/><F35/><W112/><G122/><T67/><D4/><N who="1" m="1643" /><E32/><V38/><F114/><W19/><G112/><T8/><D8/><U72/><E72/><V45/><F9/><W115/><G115/><T83/><D25/><U65/><E65/><V125/><F125/><W34/><G130/><T28/><D28/><U0/><E44/><V10/><F10/><W102/><G118/><T30/><D30/><U11/><E20/><V133/><F133/><W128/><G128/><T132/><D96/><U41/><E41/><V88/><F107/><W51/><G34/><T16/><D16/><N who="1" m="8223" /><E0/><V77/><F75/><W100/><G31/><T26/><D26/><U1/><E1/><V106/><F106/><W60/><G60/><N who="0" m="40039" /><D71/><U43/><E43/><V116/><F116/><W7/><G7/><T103/><D40/><U97/><E97/><V134/><F99/><W55/><G21/><T46/><D46/><U3/><E3/><V104/><F104/><W70/><G70/><T64/><D64/><U42/><E42/><V101/><F134/><W73/><G73/><T91/><D36/><U29/><E29/><V78/><F38/><W17/><G17/><T123/><D135/><U131/><E131/><V13/><F37/><W50/><G19/><T127/><D132/><U22/><E22/><V121/><F121/><W76/><G23/><T56/><D123/><U15/><E15/><V84/><F84/><W33/><G33/><T74/><D74/><U105/><E113/><V59/><F13/><W108/><G14/><T66/><D66/><U80/><E24/><RYUUKYOKU ba="0,0" sc="207,0,275,0,253,0,265,0" /><INIT seed="6,1,0,1,4,46" ten="207,275,253,265" oya="2" hai0="113,95,52,127,94,125,34,87,117,121,108,88,2" hai1="33,79,50,4,32,83,99,27,55,19,74,1,15" hai2="38,85,16,21,57,84,104,96,131,49,29,110,98" hai3="69,91,8,111,3,51,129,58,31,103,115,134,30"/><V59/><F38/><W123/><G111/><T100/><D2/><U35/><E99/><N who="2" m="37931" /><F104/><W118/><G123/><T39/><D34/><U80/><E80/><V26/><F110/><W65/><G118/><T56/><D39/><U18/><E27/><V112/><F112/><W73/><G73/><T0/><D0/><U77/><E77/><V97/><F97/><W45/><G134/><T120/><D108/><U42/><E42/><V101/><F101/><W135/><G135/><T106/><D106/><U82/><E82/><V105/><F105/><W133/><G133/><T5/><D5/><U72/><E1/><V53/><F131/><W75/><G129/><T40/><D40/><U119/><E119/><V76/><F29/><W7/><G75/><T66/><D66/><U86/><E19/><V78/><F59/><W11/><G115/><T63/><D113/><U37/><E4/><V81/><F85/><W20/><G69/><T61/><D117/><U48/><E37/><V25/><F78/><W13/><G103/><T17/><D100/><U54/><E74/><V23/><F23/><W47/><G91/><N who="0" m="53631" /><D17/><U14/><E72/><V64/><F64/><W9/><G3/><T130/><D130/><U126/><E18/><V12/><AGARI ba="1,0" hai="12,16,21,25,26,49,53,57,76,81,84" m="37931" machi="12" ten="30,6000,0" yaku="8,1,52,1,54,1" doraHai="46" who="2" fromWho="2" sc="207,-21,275,-21,253,63,265,-21" /><INIT seed="6,2,0,3,3,7" ten="186,254,316,244" oya="2" hai0="56,18,3,100,42,19,123,43,74,71,90,46,78" hai1="32,53,54,36,114,102,91,23,26,110,72,122,109" hai2="118,1,130,108,85,95,93,48,99,39,25,27,33" hai3="132,31,119,51,16,112,88,58,106,84,96,13,135"/><V30/><F118/><W52/><G119/><T121/><D71/><U76/><E32/><V124/><F39/><W20/><G31/><T11/><D100/><U40/><E102/><V4/><F124/><W64/><G64/><T8/><D3/><U12/><E91/><V111/><F130/><W94/><G112/><T117/><D117/><U22/><E76/><V89/><F27/><W133/><G96/><T65/><D74/><U0/><E0/><V60/><F60/><W35/><G35/><T87/><D78/><U103/><E103/><V47/><F4/><W59/><G59/><T10/><D123/><U70/><E72/><V75/><F1/><W28/><G28/><T92/><D121/><U105/><E36/><V38/><F38/><W81/><G81/><T66/><D43/><U15/><E40/><V116/><F75/><W83/><G83/><T57/><D65/><U79/><E70/><V82/><F116/><W61/><G106/><T6/><D6/><U73/><E73/><V86/><F86/><W134/><N who="3" m="34304" /><DORA hai="125" /><W126/><G126/><T29/><D29/><U97/><E97/><V50/><F95/><W5/><G5/><T127/><D127/><U128/><E105/><V9/><F93/><W2/><G2/><T115/><D115/><U44/><E122/><V104/><F104/><W98/><G98/><T41/><D41/><U131/><E114/><V14/><F99/><W34/><G34/><T68/><D68/><U113/><E113/><V107/><F107/><W120/><G120/><T45/><D66/><U129/><E129/><V77/><F77/><RYUUKYOKU ba="2,0" sc="186,-10,254,-10,316,-10,244,30" hai3="13,16,20,51,52,58,61,84,88,94" /><INIT seed="7,3,0,1,2,84" ten="176,244,306,274" oya="3" hai0="42,48,61,100,129,37,132,66,20,10,67,69,124" hai1="43,101,102,29,55,8,120,92,28,119,60,99,98" hai2="36,82,23,9,126,44,105,115,30,68,125,14,108" hai3="79,35,106,94,73,71,4,78,134,46,13,123,47"/><W52/><G106/><T113/><D100/><U34/><E120/><V76/><F108/><W21/><G35/><T135/><D10/><U7/><E119/><V80/><F105/><W89/><G71/><T122/><D20/><U117/><E117/><V90/><F68/><W116/><G116/><T6/><D6/><U17/><E17/><V133/><F133/><N who="0" m="51274" /><D122/><U111/><E111/><V83/><F115/><W58/><G123/><T107/><D107/><U118/><E43/><V24/><F90/><W18/><G134/><T16/><D16/><U49/><E60/><V59/><F59/><W32/><G32/><T121/><D121/><U87/><E34/><V25/><F25/><W54/><G4/><T130/><D113/><U56/><E87/><V51/><F36/><W103/><G103/><T77/><D77/><N who="3" m="29193" /><G73/><T15/><D15/><N who="1" m="5535" /><E118/><V93/><F93/><AGARI ba="3,0" hai="28,29,49,55,56,92,93,98,99,101,102" m="5535" machi="93" ten="30,1000,0" yaku="8,1" doraHai="84" who="1" fromWho="2" sc="176,0,244,19,306,-19,274,0" /><INIT seed="8,0,0,4,2,78" ten="176,263,287,274" oya="0" hai0="45,74,44,110,57,83,23,13,6,48,93,114,14" hai1="55,116,96,105,77,72,133,99,51,88,39,75,21" hai2="18,5,70,2,86,102,67,24,112,109,122,31,111" hai3="128,132,53,20,115,30,87,123,16,12,27,43,92"/><T106/><D106/><U95/><E39/><V107/><F122/><W19/><G115/><T37/><D114/><U98/><E116/><V65/><F112/><W97/><G132/><T49/><D110/><U135/><E21/><V10/><F18/><W26/><G128/><T130/><D130/><U35/><E35/><N who="2" m="20967" /><F86/><W129/><G129/><T36/><D74/><N who="1" m="28203" /><E77/><V121/><F67/><W118/><G118/><T11/><D37/><U117/><E117/><V34/><F34/><W59/><G43/><N who="0" m="24639" /><D36/><U40/><E40/><V47/><F47/><W7/><G123/><T0/><D0/><U54/><E54/><V125/><F125/><W103/><G7/><T15/><D57/><N who="1" m="33023" /><E105/><V62/><F121/><W50/><G87/><T22/><D93/><U25/><E25/><N who="3" m="9226" /><G19/><N who="0" m="10623" /><D23/><U66/><E66/><V91/><F91/><W33/><G33/><T64/><D64/><U126/><E126/><V134/><F134/><AGARI ba="0,0" hai="88,95,96,98,99,133,134,135" m="33023,28203" machi="134" ten="30,2000,0" yaku="20,1,54,1" doraHai="78" who="1" fromWho="2" sc="176,0,263,20,287,-20,274,0" /><INIT seed="9,0,0,1,2,4" ten="176,283,267,274" oya="1" hai0="121,5,63,134,10,42,108,57,91,85,90,123,69" hai1="83,87,114,100,77,40,41,93,103,133,97,52,131" hai2="23,27,65,81,99,94,78,86,9,95,119,79,59" hai3="26,124,13,39,20,30,2,55,112,115,75,12,89"/><U101/><E114/><N who="3" m="43562" /><G75/><T16/><D108/><U130/><E133/><V51/><F119/><W109/><G89/><T76/><D134/><U105/><E52/><N who="2" m="32159" /><F65/><W98/><G55/><N who="0" m="34239" /><D69/><U56/><E56/><V120/><F120/><N who="0" m="46154" /><D42/><U11/><E11/><V118/><F118/><W117/><G98/><T132/><D132/><U24/><E24/><V102/><F95/><W3/><G39/><T62/><D62/><U29/><E29/><N who="2" m="17663" /><F9/><W84/><G84/><T28/><D28/><U44/><E105/><V135/><F135/><W122/><G122/><T64/><D64/><U80/><E80/><V61/><F61/><W70/><G70/><T71/><D71/><U47/><E40/><V128/><F128/><N who="1" m="49193" /><E44/><V48/><F48/><AGARI ba="0,0" hai="41,47,48,77,83,87,93,97,100,101,103" m="49193" machi="48" ten="30,1500,0" yaku="19,1" doraHai="4" who="1" fromWho="2" sc="176,0,283,15,267,-15,274,0" /><INIT seed="9,1,0,3,2,122" ten="176,298,252,274" oya="1" hai0="30,61,31,7,33,62,42,28,46,16,0,120,113" hai1="121,104,126,4,60,36,54,17,23,66,69,63,26" hai2="37,6,3,21,24,93,67,52,70,55,76,64,22" hai3="38,77,40,72,109,15,110,94,65,14,103,95,117"/><U5/><E121/><V39/><F76/><W125/><G65/><T86/><D120/><U35/><E104/><V85/><F3/><W20/><G125/><T18/><D113/><U134/><E36/><V74/><F74/><W27/><G117/><T10/><D33/><U34/><E134/><V19/><F6/><W119/><G119/><T97/><D97/><U53/><E126/><V13/><F39/><W101/><G77/><T116/><D116/><U41/><E41/><V115/><F37/><W135/><G72/><T47/><D86/><U108/><E108/><V130/><F130/><W100/><G135/><T56/><D62/><U44/><E54/><N who="2" m="20523" /><F70/><W132/><G132/><T129/><D129/><U105/><E105/><V91/><F115/><W89/><G40/><T128/><D128/><U1/><E1/><V96/><F85/><W131/><G38/><T80/><D80/><U83/><E83/><V73/><F73/><W11/><G131/><T75/><D75/><U114/><E114/><V57/><F57/><W49/><G49/><T88/><D88/><U12/><E44/><V84/><F84/><W107/><G107/><T123/><D123/><U82/><E82/><V133/><F133/><W8/><G89/><T111/><D111/><U43/><E43/><V32/><F32/><N who="1" m="12329" /><E26/><V87/><F96/><W98/><G98/><T25/><D25/><U118/><E118/><V51/><F51/><W112/><G112/><T29/><N who="0" m="7168" /><DORA hai="48" /><T106/><D106/><U127/><E127/><V50/><F50/><W99/><G99/><T124/><D124/><U92/><E92/><RYUUKYOKU ba="1,0" sc="176,-15,298,15,252,15,274,-15" hai1="4,5,12,17,23,53,60,63,66,69" hai2="13,19,21,22,24,64,67,87,91,93" owari="161,-34.0,313,41.0,267,7.0,259,-14.0" /></mjloggm>