<mjloggm ver="2.3"><GO type="41"/><UN n0="%E3%82%A6%E3%83%AB%E3%83%88%E3%83%A9%E7%AB%8B%E7%9B%B4" n1="%6C%6C%7A%61%68%6C%6C" n2="%64%61%7A%61%69" n3="%71%77%71%77%30%31%31%34" dan="15,13,14,14" rate="1976,1950,1973,2025" sx="M,M,M,M"/><TAIKYOKU oya="0"/><INIT seed="0,0,0,2,1,63" ten="250,250,250,250" oya="0" hai0="13,135,32,68,133,59,55,93,72,51,129,106,42" hai1="1,94,78,50,95,21,17,86,109,76,108,87,12" hai2="75,122,30,132,6,33,88,43,5,128,60,35,74" hai3="124,10,77,114,115,49,3,19,40,39,120,79,91"/><T65/><D106/><U110/><E1/><V102/><F122/><W62/><G39/><T31/><D72/><U48/><E12/><V69/><F132/><N who="0" m="50762" /><D31/><U90/><E17/><V28/><F102/><W127/><G120/><T11/><D32/><U36/><E21/><V134/><F134/><W53/><G115/><T113/><D113/><U131/><E131/><V64/><F43/><W80/><G114/><T47/><D93/><U98/><E36/><V126/><F128/><W26/><G3/><T70/><D129/><U92/><E98/><V2/><F126/><W130/><G130/><T84/><D84/><U45/><E90/><V111/><F111/><W57/><G127/><T0/><D0/><U107/><E107/><V81/><F75/><W14/><G124/><T117/><D117/><U104/><E45/><V58/><F58/><W23/><G91/><T4/><D42/><U16/><E16/><V119/><F88/><W71/><G80/><T8/><D8/><U73/><E104/><V123/><F119/><W101/><G101/><T18/><D18/><U97/><E97/><V83/><F83/><W27/><G27/><T22/><D22/><U100/><E100/><V20/><F123/><W96/><G96/><T67/><D47/><U112/><E112/><V44/><F44/><N who="3" m="25735" /><G71/><AGARI ba="0,0" hai="4,11,13,51,55,59,65,67,68,70,71" m="50762" machi="71" ten="30,5800,0" yaku="20,1,52,2" doraHai="63" who="0" fromWho="3" sc="250,58,250,0,250,0,250,-58" /><INIT seed="0,1,0,3,2,22" ten="308,250,250,192" oya="0" hai0="123,18,111,85,125,105,17,114,71,68,23,131,48" hai1="130,77,107,12,88,37,9,73,54,104,135,118,24" hai2="58,65,11,56,90,84,1,106,101,74,69,78,99" hai3="59,45,33,57,62,6,113,133,14,128,63,41,64"/><T72/><D18/><U103/><E37/><V36/><F36/><W67/><G33/><T49/><D49/><U43/><E43/><V80/><F69/><W76/><G76/><T50/><D50/><U93/><E118/><V121/><F121/><W4/><G133/><T102/><D72/><U120/><E120/><V134/><F134/><W82/><G113/><T38/><D38/><U109/><E107/><V132/><F132/><W116/><G116/><T97/><D123/><U70/><E70/><V75/><F75/><W15/><G82/><T129/><D114/><U89/><E103/><V60/><F58/><W21/><G128/><N who="0" m="49227" /><D125/><U42/><E42/><V40/><F40/><W98/><G41/><T16/><D111/><U3/><E109/><V100/><F100/><W55/><G45/><T95/><D48/><U8/><E3/><V61/><F61/><W2/><G55/><T10/><D10/><U44/><E54/><V39/><F39/><W20/><G2/><T32/><D32/><U29/><E44/><V66/><F1/><W115/><G115/><T5/><D17/><U26/><E130/><V52/><F11/><W117/><G117/><T35/><D35/><U127/><E135/><V87/><F87/><W94/><G98/><T108/><D5/><U25/><E73/><V110/><F110/><W86/><G86/><T92/><D108/><U119/><E127/><V91/><F91/><W124/><G124/><T81/><D105/><U112/><E119/><V53/><F66/><W31/><G31/><T30/><D30/><U126/><E29/><V122/><F122/><RYUUKYOKU ba="1,0" sc="308,-15,250,-15,250,15,192,15" hai2="52,53,56,60,65,74,78,80,84,90,99,101,106" hai3="4,6,14,15,20,21,57,59,62,63,64,67,94" /><INIT seed="1,2,0,0,0,105" ten="293,235,265,207" oya="1" hai0="73,115,86,1,52,30,98,84,63,12,97,18,67" hai1="65,10,3,133,42,23,62,88,113,4,131,108,45" hai2="96,11,15,20,64,7,82,13,44,107,81,127,76" hai3="46,92,51,61,135,112,124,17,24,59,25,69,41"/><U132/><E113/><V27/><F127/><W91/><G112/><T35/><D1/><U123/><E123/><V37/><F107/><W80/><G124/><T58/><D35/><U39/><E131/><V85/><F64/><W21/><G69/><T9/><D30/><U103/><E103/><V94/><F37/><W102/><G135/><T28/><D28/><U48/><E108/><V22/><F44/><W118/><G118/><T57/><D73/><U75/><E48/><V74/><F15/><W119/><G119/><T101/><D115/><U50/><E50/><V47/><F47/><W36/><G36/><T55/><D67/><U79/><E23/><V5/><F5/><W19/><G80/><T60/><D98/><U66/><E88/><V104/><F104/><AGARI ba="2,0" hai="9,12,18,52,55,57,58,60,63,84,86,97,101,104" machi="104" ten="30,3900,0" yaku="7,1,9,1,54,1" doraHai="105" who="0" fromWho="2" sc="293,45,235,0,265,-45,207,0" /><INIT seed="2,0,0,4,4,39" ten="338,235,220,207" oya="2" hai0="65,133,74,123,8,75,118,6,68,46,48,130,34" hai1="90,72,57,25,127,109,55,92,9,54,69,66,107" hai2="78,61,5,116,80,93,47,16,83,22,15,95,29" hai3="125,20,53,37,58,106,70,100,44,114,18,49,38"/><V128/><F116/><W56/><G70/><T62/><D123/><U86/><E69/><V105/><F105/><W88/><G114/><T30/><D118/><U82/><E107/><V31/><F128/><W91/><G125/><T77/><D130/><U11/><E127/><V85/><F5/><W36/><G106/><T98/><D98/><U51/><E55/><V14/><F14/><W89/><REACH who="3" step="1"/><G100/><REACH who="3" ten="338,235,220,197" step="2"/><T3/><D68/><U113/><E113/><V42/><F61/><W84/><G84/><T45/><D62/><U17/><E72/><V63/><F63/><W94/><G94/><N who="2" m="35849" /><F85/><W2/><G2/><T64/><D3/><U101/><E109/><V121/><F121/><W111/><G111/><T28/><D75/><U104/><E104/><V110/><F110/><W134/><G134/><T97/><D133/><U87/><E101/><V27/><F78/><W40/><G40/><T0/><D77/><U126/><E126/><V60/><F60/><W124/><G124/><T76/><D76/><U102/><E102/><V135/><F135/><W115/><G115/><T103/><D74/><U73/><E73/><V41/><F83/><W50/><G50/><T119/><D48/><U1/><E1/><V4/><F80/><W99/><G99/><T112/><D97/><U52/><E66/><V120/><F120/><W79/><G79/><T122/><D65/><U117/><E117/><V35/><F35/><W33/><G33/><T81/><D64/><U12/><E54/><V32/><F32/><W96/><G96/><T24/><D119/><U10/><E25/><AGARI ba="0,1" hai="18,20,25,36,37,38,44,49,53,56,58,88,89,91" machi="25" ten="50,3200,0" yaku="1,1,54,1,53,0" doraHai="39" doraHaiUra="108" who="3" fromWho="1" sc="338,0,235,-32,220,0,197,42" /><INIT seed="3,0,0,5,1,132" ten="338,203,220,239" oya="3" hai0="62,101,104,58,5,102,90,79,100,49,66,78,29" hai1="127,135,134,48,82,119,1,16,21,53,70,93,91" hai2="117,20,38,71,83,65,75,105,124,69,22,92,23" hai3="57,122,120,56,44,46,26,2,64,33,9,106,116"/><W7/><G116/><T76/><D5/><U121/><E70/><V59/><F105/><W109/><G106/><T13/><D104/><U77/><E1/><V115/><F117/><W18/><G120/><T95/><D29/><U12/><E121/><V3/><F115/><W10/><G122/><T34/><D34/><U86/><E119/><V88/><F38/><W37/><G10/><T55/><D13/><U24/><E24/><V31/><F3/><W99/><G99/><T74/><D74/><U19/><E19/><V107/><F107/><W51/><G37/><T47/><D79/><U129/><E129/><V4/><F4/><W112/><G112/><T54/><D54/><U45/><REACH who="1" step="1"/><E127/><REACH who="1" ten="338,193,220,239" step="2"/><V123/><F123/><W63/><G18/><T14/><D14/><U114/><E114/><V8/><F31/><W15/><G2/><T94/><D94/><U32/><E32/><V118/><F118/><W11/><G26/><T113/><D113/><U111/><E111/><V43/><F83/><W28/><G15/><T81/><D81/><U128/><E128/><V125/><F75/><AGARI ba="0,1" hai="12,16,21,45,48,53,75,77,82,86,91,93,134,135" machi="75" ten="40,2600,0" yaku="1,1,54,1,53,0" doraHai="132" doraHaiUra="98" who="1" fromWho="2" sc="338,0,193,36,220,-26,239,0" /><INIT seed="4,0,0,4,0,39" ten="338,229,194,239" oya="0" hai0="133,114,121,73,107,120,115,23,72,112,55,68,124" hai1="102,128,38,12,69,90,11,1,111,100,125,15,2" hai2="91,26,118,28,45,74,59,25,67,24,116,62,134" hai3="101,43,35,113,92,34,108,123,53,27,13,70,19"/><T65/><D23/><U127/><E69/><V77/><F134/><W50/><G108/><T88/><D65/><U97/><E111/><V135/><F135/><W75/><G75/><N who="0" m="28747" /><D68/><U79/><E11/><V93/><F77/><W89/><G70/><T44/><D133/><U106/><E38/><V109/><F74/><W32/><G123/><N who="0" m="47179" /><D55/><U76/><E90/><V57/><F109/><W47/><G27/><T63/><D63/><U40/><E97/><V7/><F7/><W10/><G101/><T84/><D44/><U14/><E106/><V119/><F59/><W58/><G113/><T6/><D6/><U0/><E40/><V29/><REACH who="2" step="1"/><F45/><REACH who="2" ten="338,229,184,239" step="2"/><W22/><G58/><T30/><D107/><U110/><E110/><V87/><AGARI ba="0,1" hai="24,25,26,28,29,57,62,67,87,91,93,116,118,119" machi="87" ten="40,8000,1" yaku="1,1,2,1,0,1,12,1,53,0" doraHai="39" doraHaiUra="71" who="2" fromWho="2" sc="338,-40,229,-20,184,90,239,-20" /><INIT seed="5,0,0,2,5,125" ten="298,209,274,219" oya="1" hai0="39,42,53,15,26,50,128,23,12,127,60,72,55" hai1="134,22,95,91,85,37,68,47,9,58,86,122,0" hai2="81,126,62,8,135,130,45,98,4,52,33,104,119" hai3="56,74,3,7,63,78,30,105,116,76,89,65,108"/><U112/><E122/><V66/><F33/><W102/><G108/><T31/><D72/><U131/><E68/><V21/><F119/><W27/><G116/><T32/><D127/><U48/><E37/><V54/><F126/><W87/><G74/><T17/><D39/><U19/><E112/><V20/><F135/><W100/><G7/><T10/><D42/><U70/><E70/><V123/><F123/><W96/><G100/><T34/><D60/><U57/><E134/><V129/><F81/><W117/><G3/><T124/><D124/><U132/><E132/><V80/><F80/><W75/><G75/><T69/><D69/><U110/><E110/><V38/><F98/><W77/><G117/><T103/><D103/><U46/><E47/><V25/><F104/><W13/><G13/><T113/><D53/><U44/><E46/><V106/><F106/><W115/><G115/><T111/><D55/><U49/><E48/><N who="2" m="28687" /><F38/><W101/><G101/><T99/><D50/><U107/><E107/><V88/><F88/><W1/><G1/><T11/><D99/><U29/><E29/><V79/><F79/><W59/><G59/><N who="1" m="22538" /><E9/><V133/><F133/><W92/><REACH who="3" step="1"/><G78/><REACH who="3" ten="298,209,274,209" step="2"/><T90/><D90/><U94/><E0/><N who="2" m="7" /><F54/><W118/><G118/><T61/><D113/><U28/><E91/><V5/><F5/><W36/><G36/><T51/><D111/><U14/><E28/><N who="2" m="17447" /><F21/><AGARI ba="0,1" hai="21,27,30,56,63,65,76,77,87,89,92,96,102,105" machi="21" ten="30,7700,0" yaku="1,1,7,1,53,2" doraHai="125" doraHaiUra="73" who="3" fromWho="2" sc="298,0,209,0,274,-77,209,87" /><INIT seed="6,0,0,0,0,78" ten="298,209,197,296" oya="2" hai0="98,81,102,94,70,45,134,13,40,58,108,86,43" hai1="74,124,39,37,115,38,90,122,97,85,31,99,121" hai2="89,7,71,25,110,23,46,88,47,127,123,114,17" hai3="1,33,83,42,113,34,4,44,5,100,65,109,16"/><V29/><F123/><W50/><G109/><T72/><D70/><U14/><E74/><V12/><F71/><W49/><G1/><T28/><D108/><U9/><E31/><V96/><F110/><W2/><G65/><T80/><D134/><U135/><E135/><V19/><F127/><W120/><G120/><T84/><D72/><U56/><E124/><V59/><F114/><W103/><G34/><T112/><D112/><U133/><E133/><V64/><F7/><W118/><G33/><T104/><D104/><U82/><E115/><V91/><F96/><W101/><G118/><T48/><D28/><U3/><E3/><V32/><REACH who="2" step="1"/><F19/><REACH who="2" ten="298,209,187,296" step="2"/><W105/><G113/><T106/><D98/><U20/><E122/><V129/><F129/><W132/><G132/><T53/><D106/><U79/><E99/><V51/><F51/><W55/><G105/><T93/><D48/><U130/><E121/><V6/><F6/><W75/><G2/><T30/><D102/><U73/><E130/><V21/><F21/><W126/><G126/><T52/><D30/><U117/><E97/><V63/><AGARI ba="0,1" hai="12,17,23,25,29,32,46,47,59,63,64,88,89,91" machi="63" ten="30,11700,0" yaku="1,1,0,1,54,1,53,1" doraHai="78" doraHaiUra="27" who="2" fromWho="2" sc="298,-39,209,-39,187,127,296,-39" /><INIT seed="6,1,0,2,5,17" ten="259,170,314,257" oya="2" hai0="84,13,125,21,18,99,130,59,132,51,131,38,71" hai1="35,29,90,127,126,16,63,103,105,50,43,52,66" hai2="25,53,33,44,123,83,75,39,40,58,8,93,7" hai3="6,114,36,28,4,0,91,12,70,117,37,48,107"/><V97/><F123/><W110/><G110/><T96/><D71/><U14/><E43/><V19/><F33/><W101/><G70/><T77/><D38/><U9/><E103/><V95/><F95/><W100/><G0/><T2/><D2/><U41/><E105/><V72/><F83/><W56/><G117/><T57/><D125/><N who="1" m="47627" /><E41/><V108/><F108/><W32/><G107/><T135/><D77/><U79/><E79/><V24/><F24/><W65/><G32/><T109/><D84/><U116/><E116/><V112/><F112/><W3/><G3/><T119/><D119/><U69/><E35/><V23/><F8/><W80/><G37/><T61/><D109/><U134/><E29/><V102/><F7/><W73/><G36/><T88/><D51/><AGARI ba="1,0" hai="19,23,25,39,40,44,51,53,58,72,75,93,97,102" machi="51" ten="30,2900,0" yaku="7,1,52,1" doraHai="17" who="2" fromWho="0" sc="259,-32,170,0,314,32,257,0" /><INIT seed="6,2,0,1,5,135" ten="227,170,346,257" oya="2" hai0="76,115,27,86,93,6,35,36,63,113,125,57,66" hai1="106,34,130,37,119,95,73,99,109,65,55,69,96" hai2="114,17,29,111,107,28,43,31,50,47,68,84,9" hai3="48,88,38,82,61,19,2,20,104,97,98,101,89"/><V41/><F107/><W46/><G2/><T3/><D36/><U30/><E37/><V100/><F68/><W103/><G38/><T53/><D6/><U117/><E73/><V77/><F114/><N who="0" m="43530" /><D3/><U79/><E79/><V74/><F74/><W32/><G32/><T105/><D105/><U92/><E109/><V14/><F111/><W132/><G61/><T58/><D35/><U42/><E42/><V72/><F72/><W7/><G7/><T118/><D27/><U1/><E1/><V110/><F110/><W81/><G132/><T78/><D93/><U80/><E80/><N who="2" m="47119" /><F100/><W18/><G104/><T25/><D78/><U120/><E65/><V131/><F131/><W85/><G85/><T0/><D86/><U94/><E69/><V51/><F51/><W10/><G48/><N who="0" m="30887" /><D76/><U124/><E30/><N who="2" m="7683" /><V60/><DORA hai="108" /><F60/><W22/><REACH who="3" step="1"/><G46/><REACH who="3" ten="227,170,346,247" step="2"/><T23/><D0/><U15/><E106/><V44/><F44/><W39/><G39/><T134/><D134/><U70/><E99/><V26/><F26/><W128/><G128/><T67/><D67/><U129/><E96/><V40/><AGARI ba="2,1" hai="9,14,17,40,41,43,47,50" m="7683,47119" machi="40" ten="40,2100,0" yaku="8,1" doraHai="135,108" who="2" fromWho="2" sc="227,-9,170,-9,346,37,247,-9" /><INIT seed="6,3,0,2,4,7" ten="218,161,383,238" oya="2" hai0="121,55,50,112,132,13,98,33,83,118,78,1,44" hai1="124,116,100,72,80,81,8,9,18,35,84,5,40" hai2="39,24,94,102,64,113,14,135,67,52,2,115,27" hai3="76,61,37,77,97,48,90,47,42,16,57,51,34"/><V82/><F2/><W65/><G34/><T128/><D1/><U79/><E35/><V38/><F135/><W109/><G109/><T107/><D33/><U108/><E5/><V4/><F82/><W71/><G51/><T134/><D121/><U29/><E29/><V31/><F102/><W110/><G110/><T96/><D118/><U86/><E124/><V28/><F94/><W125/><G125/><T73/><D128/><U123/><E123/><V45/><F4/><W104/><G90/><T122/><D122/><U62/><E40/><V32/><F14/><W129/><G129/><T49/><D112/><U92/><E72/><V95/><F95/><W23/><G97/><T87/><D73/><U26/><E108/><V66/><F32/><W56/><G104/><T68/><D68/><U11/><E116/><V91/><F91/><W126/><G126/><T53/><D107/><U120/><E120/><V69/><F69/><W30/><G30/><N who="2" m="11305" /><F52/><N who="3" m="31751" /><G57/><T75/><D75/><U46/><E100/><V15/><F15/><AGARI ba="3,0" hai="15,16,23,37,42,47,61,65,71,76,77" m="31751" machi="15" ten="30,3900,0" yaku="24,1,54,2" doraHai="7" who="3" fromWho="2" sc="218,0,161,0,383,-48,238,48" /><INIT seed="7,0,0,0,2,95" ten="218,161,335,286" oya="3" hai0="130,92,42,68,3,123,58,5,65,24,53,18,57" hai1="11,45,96,132,119,70,107,28,32,84,23,67,16" hai2="125,22,39,71,64,74,14,77,105,72,100,94,55" hai3="33,8,19,120,50,104,17,60,129,80,0,88,110"/><W79/><G120/><T54/><D5/><U47/><E119/><V87/><F39/><W103/><G33/><T85/><D3/><U35/><E35/><V93/><F64/><W61/><G110/><T131/><D18/><U111/><E111/><V6/><F71/><W91/><G129/><N who="0" m="49163" /><D24/><N who="1" m="18439" /><E11/><V38/><F38/><W97/><G50/><N who="0" m="30903" /><D85/><U115/><E84/><V46/><F55/><W62/><G0/><T21/><D92/><U108/><E108/><V98/><F46/><W90/><REACH who="3" step="1"/><G8/><REACH who="3" ten="218,161,335,276" step="2"/><T29/><D21/><U41/><E132/><V114/><F114/><W113/><G113/><T25/><D123/><U135/><E115/><V82/><F125/><W116/><G116/><T48/><D29/><U27/><E135/><V13/><F6/><W1/><G1/><T49/><D49/><U2/><E2/><V128/><F128/><W126/><G126/><T69/><D25/><U52/><E41/><V9/><F14/><W81/><G81/><T30/><D30/><U89/><E27/><V99/><F22/><W36/><G36/><T20/><D20/><U15/><E23/><V112/><F112/><W43/><G43/><T73/><D42/><U40/><E40/><V124/><F124/><W118/><G118/><T7/><D7/><U78/><E15/><V66/><F13/><W12/><G12/><T109/><D109/><U37/><E37/><V75/><F9/><W106/><G106/><T56/><D73/><AGARI ba="0,1" hai="17,19,60,61,62,73,79,80,88,90,91,97,103,104" machi="73" ten="40,7700,0" yaku="1,1,52,1,54,1,53,0" doraHai="95" doraHaiUra="133" who="3" fromWho="0" sc="218,-77,161,0,335,0,276,87" owari="141,-36.0,161,-24.0,335,14.0,363,46.0" /></mjloggm>