<mjloggm ver="2.3"><GO type="169"/><UN n0="%E3%81%8B%E3%81%92%E3%81%8D%E3%82%85%E3%81%86" n1="%E5%94%90%E6%8F%9A%E5%A4%A7%E5%A5%BD%E3%81%8D" n2="%EF%BC%88%E2%89%A7%E2%96%BD%E2%89%A6%EF%BC%89" n3="%7A%65%72%6F%52%58" dan="16,17,17,17" rate="2039,2173,2116,2175" sx="M,M,M,M"/><TAIKYOKU oya="0"/><INIT seed="0,0,0,3,5,54" ten="250,250,250,250" oya="0" hai0="119,63,25,107,130,14,92,98,115,134,89,38,79" hai1="68,34,17,6,37,1,24,121,55,33,4,35,127" hai2="111,106,2,8,62,116,45,112,27,87,19,11,96" hai3="122,44,21,74,75,91,42,80,49,5,20,64,70"/><T58/><D119/><U84/><E68/><V65/><F112/><W36/><G122/><T59/><D115/><U3/><E37/><V32/><F116/><W71/><G5/><N who="1" m="2154" /><E55/><V22/><F111/><W101/><G101/><T28/><D38/><U46/><E84/><V88/><F2/><N who="1" m="521" /><E46/><V77/><F32/><N who="1" m="12393" /><E121/><V100/><F45/><W60/><G71/><T105/><D134/><U67/><E67/><V90/><F77/><W52/><G75/><T123/><D130/><U76/><E76/><V108/><F90/><W125/><G125/><T128/><D128/><U10/><E127/><V69/><REACH who="2" step="1"/><F108/><REACH who="2" ten="250,250,240,250" step="2"/><W13/><G91/><T18/><D79/><U81/><E81/><AGARI ba="0,1" hai="8,11,19,22,27,62,65,69,81,87,88,96,100,106" machi="81" ten="30,7700,0" yaku="1,1,2,1,7,1,54,1,53,0" doraHai="54" doraHaiUra="124" who="2" fromWho="1" sc="250,0,250,-77,240,87,250,0" /><INIT seed="1,0,0,3,3,58" ten="250,173,327,250" oya="1" hai0="107,91,10,33,42,38,22,32,5,48,129,25,17" hai1="111,118,13,4,19,34,130,9,132,133,62,59,61" hai2="113,43,66,51,127,70,99,20,105,100,83,54,55" hai3="94,119,63,18,14,93,77,16,116,86,65,60,131"/><U3/><E118/><N who="3" m="45098" /><G131/><T26/><D129/><U81/><E130/><V103/><F103/><W135/><G135/><N who="1" m="51786" /><E34/><V71/><F71/><N who="3" m="42407" /><G18/><T12/><D38/><U115/><E115/><V125/><F113/><W7/><G7/><T75/><D75/><U101/><E101/><V39/><F39/><W112/><G112/><T123/><D107/><U15/><E111/><V98/><F100/><W97/><G97/><T80/><D123/><U89/><E59/><V122/><F122/><W49/><G49/><T109/><D109/><U30/><E30/><V47/><F51/><W92/><G63/><N who="1" m="24074" /><E19/><V96/><F105/><W64/><G64/><T120/><D120/><U79/><E89/><V126/><F126/><W102/><G102/><T124/><D124/><U95/><E95/><V24/><F127/><W23/><G77/><T6/><D33/><U40/><E40/><V0/><F43/><W84/><AGARI ba="0,0" hai="14,16,23,84,86,92,93,94" m="42407,45098" machi="84" ten="40,5200,0" yaku="12,1,52,1,54,1" doraHai="58" who="3" fromWho="3" sc="250,-13,173,-26,327,-13,250,52" /><INIT seed="2,0,0,4,2,81" ten="237,147,314,302" oya="2" hai0="114,84,28,56,29,91,73,120,43,115,61,48,57" hai1="19,23,108,101,36,130,64,110,52,44,67,16,78" hai2="51,125,71,21,12,32,86,34,128,14,39,68,5" hai3="118,22,47,74,42,96,95,65,53,134,30,20,17"/><V26/><F39/><W106/><G118/><T72/><D120/><U55/><E130/><V63/><F128/><W119/><G119/><T62/><D48/><U70/><E101/><V50/><F125/><W93/><G74/><T54/><D43/><N who="1" m="22631" /><E78/><V98/><F98/><W45/><G65/><N who="1" m="25162" /><E70/><V109/><F68/><W131/><G131/><T15/><D15/><N who="2" m="5674" /><F71/><W77/><G77/><T9/><D9/><U1/><E1/><V92/><F34/><W111/><G106/><T82/><D73/><U13/><E19/><N who="2" m="12607" /><F32/><W4/><G30/><T112/><REACH who="0" step="1"/><D72/><REACH who="0" ten="227,147,314,302" step="2"/><U0/><E0/><V105/><F51/><W10/><G42/><T37/><D37/><U88/><E88/><V122/><F50/><W33/><G10/><T58/><D58/><U97/><E97/><V102/><F122/><W124/><G96/><T121/><D121/><U126/><E126/><V117/><F117/><W69/><G124/><T89/><D89/><U94/><E94/><V76/><F92/><W107/><G93/><T133/><D133/><U100/><E100/><V85/><F102/><W59/><G95/><T113/><N who="0" m="28672" /><DORA hai="6" /><T8/><D8/><U66/><N who="1" m="25170" /><AGARI ba="0,1" hai="28,29,54,56,57,61,62,66,82,84,91" m="28672" machi="66" ten="70,8000,1" yaku="1,1,3,1,52,1,53,0" doraHai="81,6" doraHaiUra="2,31" who="0" fromWho="1" sc="227,90,147,-80,314,0,302,0" /><INIT seed="3,0,0,1,2,25" ten="317,67,314,302" oya="3" hai0="100,11,54,0,78,36,116,130,34,4,129,46,58" hai1="3,109,1,32,19,92,125,67,55,90,26,47,7" hai2="107,117,102,40,60,38,88,13,114,24,89,81,18" hai3="112,94,53,56,111,115,93,80,75,131,14,64,69"/><W59/><G69/><T71/><D71/><U110/><E125/><V63/><F117/><W76/><G131/><N who="0" m="50187" /><D116/><U121/><E67/><V6/><F114/><W10/><G111/><N who="1" m="42506" /><E121/><V37/><F107/><W15/><G64/><T97/><D78/><U122/><E122/><V91/><F102/><W132/><G132/><T98/><D34/><U99/><E7/><V87/><F38/><W28/><G15/><T77/><D77/><U16/><E32/><V41/><F37/><W43/><G43/><N who="2" m="16457" /><F24/><W65/><G115/><T126/><D126/><U83/><E83/><V120/><F6/><W17/><G112/><T66/><D66/><U51/><E26/><V20/><F120/><W74/><G74/><T45/><D36/><U61/><E61/><AGARI ba="0,0" hai="13,18,20,60,61,63,81,87,88,89,91" m="16457" machi="61" ten="30,2000,0" yaku="8,1,54,1" doraHai="25" who="2" fromWho="1" sc="317,0,67,-20,314,20,302,0" /><INIT seed="4,0,0,1,5,112" ten="317,47,334,302" oya="0" hai0="38,98,19,131,43,79,27,46,71,92,118,18,49" hai1="127,62,106,4,89,21,96,130,32,0,97,80,70" hai2="113,14,8,6,116,37,10,44,42,135,9,2,68" hai3="93,134,17,77,60,64,85,63,1,86,84,115,124"/><T25/><D118/><U65/><E130/><V82/><F68/><W36/><G1/><T81/><D71/><U20/><E127/><V30/><F116/><W45/><G115/><T55/><D131/><U119/><E119/><V34/><F113/><W3/><G3/><T90/><D25/><U103/><E32/><V58/><F135/><W7/><G7/><T107/><D27/><U47/><E47/><V73/><F58/><N who="3" m="36887" /><G36/><T75/><REACH who="0" step="1"/><D107/><REACH who="0" ten="307,47,334,302" step="2"/><U83/><E106/><V104/><F104/><W22/><G124/><T114/><D114/><U5/><E0/><V76/><F14/><N who="3" m="9527" /><G134/><T15/><D15/><U12/><E12/><V129/><F129/><W105/><G105/><T72/><D72/><U87/><E70/><V61/><F2/><W26/><G26/><T41/><D41/><U121/><E121/><V123/><F42/><W88/><G77/><T100/><D100/><U31/><E103/><V74/><F76/><W128/><G128/><T53/><D53/><U56/><E31/><V24/><F30/><W59/><G45/><AGARI ba="0,1" hai="18,19,38,43,45,46,49,55,75,79,81,90,92,98" machi="45" ten="30,2900,0" yaku="1,1,7,1,53,0" doraHai="112" doraHaiUra="120" who="0" fromWho="3" sc="307,39,47,0,334,0,302,-29" /><INIT seed="4,1,0,5,0,54" ten="346,47,334,273" oya="0" hai0="38,59,92,49,14,75,116,103,68,80,60,89,88" hai1="42,108,33,130,72,96,127,95,90,1,24,53,15" hai2="131,40,26,99,57,78,132,120,70,94,102,91,32" hai3="45,65,106,17,128,10,12,30,125,123,79,13,69"/><T97/><D38/><U28/><E72/><V3/><F70/><W118/><G106/><T11/><D116/><U124/><E1/><V121/><F3/><W105/><G105/><T44/><D68/><U74/><E74/><V56/><F131/><W20/><G118/><T110/><D110/><U81/><E108/><V25/><F132/><W58/><G69/><T85/><D75/><U51/><E130/><V62/><F121/><W7/><G128/><T8/><D103/><U35/><E42/><V101/><F78/><W84/><G125/><N who="1" m="48202" /><E81/><V76/><F76/><W52/><G123/><T4/><D8/><U100/><E15/><V134/><F134/><W77/><G30/><T135/><D135/><U9/><E9/><V109/><F109/><W2/><G2/><T55/><D60/><U83/><E83/><V39/><F120/><W82/><G45/><AGARI ba="1,0" hai="4,11,14,44,45,49,55,59,80,85,88,89,92,97" machi="45" ten="40,7700,0" yaku="8,1,52,1,54,1" doraHai="54" who="0" fromWho="3" sc="346,80,47,0,334,0,273,-80" /><INIT seed="4,2,0,3,0,42" ten="426,47,334,193" oya="0" hai0="132,117,121,25,134,19,26,70,30,8,54,112,0" hai1="93,125,13,99,113,106,92,128,114,78,2,96,10" hai2="68,71,3,63,12,14,115,41,34,59,74,9,7" hai3="122,15,35,23,86,6,82,72,80,124,38,62,89"/><T108/><D70/><U56/><E2/><V119/><F74/><W83/><G35/><T110/><D54/><U55/><E128/><V40/><F34/><W126/><G38/><T100/><D100/><U129/><E129/><V39/><F119/><W57/><G122/><T87/><D87/><U58/><E125/><N who="3" m="48234" /><G72/><T94/><D94/><N who="1" m="36459" /><E78/><V111/><F111/><N who="0" m="42538" /><D121/><U60/><E56/><V79/><F71/><W73/><G73/><T28/><D112/><N who="1" m="43115" /><E106/><V51/><F68/><W61/><G61/><T103/><D103/><U133/><E133/><N who="0" m="51305" /><D117/><U32/><E32/><V65/><F63/><W16/><G6/><AGARI ba="2,0" hai="6,10,13,55,58,60,96,99" m="43115,36459" machi="6" ten="30,2000,0" yaku="15,1,11,1" doraHai="42" who="1" fromWho="3" sc="426,0,47,26,334,0,193,-26" /><INIT seed="5,0,0,4,1,5" ten="426,73,334,167" oya="1" hai0="128,92,67,79,54,85,75,52,84,16,69,106,82" hai1="25,88,122,44,7,56,47,126,80,36,27,30,6" hai2="41,134,8,9,38,89,40,100,111,18,66,33,68" hai3="76,63,62,133,97,77,48,19,98,127,115,26,28"/><U10/><E122/><V132/><F33/><W125/><G115/><T93/><D106/><U94/><E126/><N who="3" m="48138" /><G19/><T78/><D69/><U102/><E36/><V87/><F100/><W21/><G133/><N who="2" m="51305" /><F111/><W34/><G34/><T72/><D67/><U39/><E39/><V14/><F38/><W120/><G120/><T71/><D71/><U103/><E80/><N who="2" m="49383" /><F66/><W45/><G98/><T90/><D128/><U31/><E56/><V83/><F68/><W46/><G97/><T51/><D51/><U29/><E94/><V110/><F110/><W105/><G46/><N who="1" m="17450" /><E88/><V135/><F135/><W114/><G105/><T59/><D59/><U4/><E10/><N who="2" m="4203" /><F83/><W118/><G114/><T117/><D82/><U32/><E32/><V64/><F64/><W124/><G124/><T12/><D92/><U123/><E123/><V129/><F129/><W17/><G77/><T3/><D78/><U55/><E55/><V101/><F101/><AGARI ba="0,0" hai="4,6,7,25,27,29,30,31,101,102,103" m="17450" machi="101" ten="40,7700,0" yaku="28,2,8,1" doraHai="5" who="1" fromWho="2" sc="426,0,73,77,334,-77,167,0" /><INIT seed="5,1,0,5,0,1" ten="426,150,257,167" oya="1" hai0="6,92,74,96,98,118,123,69,58,105,11,107,40" hai1="21,59,124,133,117,32,88,99,72,27,18,19,102" hai2="43,77,47,95,54,70,75,100,135,78,120,85,5" hai3="109,121,66,84,91,81,52,113,7,13,29,4,83"/><U23/><E72/><V97/><F70/><W127/><G109/><T36/><D69/><U30/><E117/><V132/><F120/><W114/><G121/><T93/><D123/><U8/><E124/><V2/><F54/><W10/><G127/><T53/><D74/><U94/><E133/><N who="2" m="51275" /><F75/><W37/><G37/><T131/><D118/><U60/><E8/><N who="2" m="2103" /><F85/><N who="3" m="50607" /><G66/><T48/><D98/><U12/><E102/><V16/><F16/><N who="3" m="8247" /><G52/><T80/><D96/><U44/><E44/><V56/><F56/><W79/><G29/><T122/><D58/><U86/><E32/><V106/><F106/><W55/><G55/><T115/><D53/><N who="1" m="33903" /><E30/><V111/><F111/><W15/><G15/><T134/><D107/><U34/><E34/><V128/><F128/><W103/><G103/><T50/><D131/><U65/><E65/><V31/><F31/><W67/><G67/><T87/><D105/><U125/><E125/><V9/><F47/><W0/><G0/><T73/><D73/><U45/><E45/><V112/><F100/><W33/><G33/><T61/><D134/><U64/><E64/><V116/><F116/><W63/><G63/><T22/><D61/><U46/><E46/><V51/><F51/><W129/><G129/><T24/><D122/><U3/><E3/><V82/><F43/><W110/><G110/><T42/><D40/><U119/><E119/><V26/><F97/><AGARI ba="1,0" hai="12,18,19,21,23,27,86,88,94,97,99" m="33903" machi="97" ten="30,2900,0" yaku="8,1,54,1" doraHai="1" who="1" fromWho="2" sc="426,0,150,32,257,-32,167,0" /><INIT seed="5,2,0,1,3,92" ten="426,182,225,167" oya="1" hai0="113,115,48,49,13,76,4,29,0,108,26,103,39" hai1="77,46,135,59,57,32,116,131,79,12,44,104,75" hai2="95,102,87,91,67,52,43,53,96,47,1,106,110" hai3="84,123,93,2,126,114,56,120,134,111,132,7,19"/><U64/><E104/><V63/><F110/><W14/><G111/><T6/><D39/><U90/><E32/><V117/><F1/><W109/><G109/><T70/><D0/><U40/><E116/><V105/><F105/><W33/><G33/><T28/><D70/><U21/><E135/><N who="3" m="51754" /><G114/><T124/><D76/><N who="1" m="29259" /><E75/><V129/><F129/><W81/><G126/><T8/><D124/><U36/><E36/><V22/><F22/><N who="3" m="11639" /><G93/><T68/><D68/><U20/><E131/><V118/><F118/><W65/><G7/><T119/><D4/><U133/><E133/><V60/><F117/><W112/><G2/><T25/><D119/><U31/><E90/><V23/><F23/><N who="1" m="8777" /><E31/><V37/><F60/><N who="3" m="38023" /><G112/><T107/><D107/><U35/><E35/><V54/><F53/><W78/><AGARI ba="2,0" hai="78,81,84,120,123" m="38023,11639,51754" machi="78" ten="30,1100,0" yaku="20,1" doraHai="92" who="3" fromWho="3" sc="426,-5,182,-7,225,-5,167,17" /><INIT seed="6,0,0,5,4,79" ten="421,175,220,184" oya="2" hai0="42,44,123,125,128,17,0,33,6,133,98,105,32" hai1="75,108,46,15,96,81,48,80,102,4,78,101,29" hai2="116,50,89,22,74,77,87,45,10,2,60,28,99" hai3="8,104,1,5,38,9,12,54,115,127,135,93,26"/><V65/><F116/><W31/><G104/><T23/><D123/><U59/><E108/><V118/><F118/><W14/><G38/><T11/><D133/><U86/><E29/><V73/><F99/><W41/><G41/><T52/><D125/><U117/><E117/><V62/><F77/><W103/><G127/><T40/><D128/><U132/><E132/><V106/><F106/><W121/><G135/><T92/><D52/><U70/><E70/><V120/><F120/><W63/><G121/><T27/><D42/><N who="1" m="24663" /><E59/><V85/><F85/><W111/><G111/><T100/><D105/><U90/><E75/><V72/><F65/><W24/><G1/><T88/><D100/><N who="1" m="38507" /><E96/><V39/><F28/><W7/><G31/><T68/><D68/><U95/><E78/><V130/><F72/><W43/><G43/><T20/><D23/><U18/><E4/><N who="2" m="1303" /><F73/><W124/><G124/><T19/><D19/><U126/><E126/><V61/><F22/><AGARI ba="0,0" hai="15,18,22,80,81,86,90,95" m="38507,24663" machi="22" ten="30,3900,0" yaku="8,1,52,2" doraHai="79" who="1" fromWho="2" sc="421,0,175,39,220,-39,184,0" /><INIT seed="7,0,0,5,0,80" ten="421,214,181,184" oya="3" hai0="98,12,133,34,51,44,58,132,38,55,47,130,73" hai1="100,36,53,113,85,26,66,127,92,106,107,4,65" hai2="17,123,115,126,40,45,108,135,9,5,21,23,1" hai3="16,93,54,89,119,109,122,52,87,116,103,39,62"/><W95/><G122/><T121/><D121/><U25/><E36/><V120/><F108/><W6/><G39/><T111/><D111/><U2/><E113/><V69/><F69/><W99/><G109/><T50/><D73/><U13/><E127/><V88/><F126/><W129/><G129/><T3/><D3/><U81/><E2/><V56/><F115/><W91/><G6/><T41/><D34/><U59/><E107/><V78/><F135/><N who="0" m="51786" /><D98/><N who="1" m="59463" /><E106/><V96/><F78/><W82/><G16/><T10/><D130/><U63/><E13/><V83/><F56/><W134/><G134/><T32/><D32/><U43/><E43/><V37/><F23/><W70/><G119/><T33/><D33/><U124/><E124/><V24/><REACH who="2" step="1"/><F96/><REACH who="2" ten="421,214,171,184" step="2"/><W76/><G116/><T14/><D10/><U128/><E128/><V94/><F94/><W97/><REACH who="3" step="1"/><G76/><REACH who="3" ten="421,214,171,174" step="2"/><T79/><D79/><N who="1" m="46271" /><E4/><V8/><F8/><W114/><G114/><T74/><D38/><U30/><E30/><V18/><F18/><W15/><G15/><T35/><D12/><U27/><AGARI ba="0,2" hai="25,26,27,53,59,63,65,66" m="46271,59463" machi="27" ten="30,2000,0" yaku="8,1,52,1" doraHai="80" who="1" fromWho="1" sc="421,-5,214,40,171,-5,174,-10" owari="416,52.0,254,5.0,166,-23.0,164,-34.0" /></mjloggm>