<mjloggm ver="2.3"><GO type="41"/><UN n0="%EF%BC%88%E2%89%A7%E2%96%BD%E2%89%A6%EF%BC%89" n1="%E5%A4%96%E9%81%93" n2="%E2%86%91%E3%81%84%E3%81%A3%E3%81%9F%E3%82%93%E2%86%93" n3="%6B%61%64%61%6E" dan="15,13,13,13" rate="2016,1834,1831,1809" sx="M,F,M,M"/><TAIKYOKU oya="0"/><INIT seed="0,0,0,2,5,69" ten="250,250,250,250" oya="0" hai0="20,54,100,84,129,57,121,8,25,127,24,16,68" hai1="119,120,27,106,40,14,133,70,87,9,67,122,22" hai2="39,4,56,7,105,43,102,98,77,42,63,79,132" hai3="32,131,76,113,3,28,35,11,75,38,94,117,12"/><T128/><D121/><U36/><E119/><V2/><F132/><W114/><G117/><T61/><D127/><U99/><E133/><V23/><F7/><W80/><G131/><N who="0" m="50251" /><D100/><U50/><E50/><V112/><F112/><W15/><G38/><T89/><D68/><U78/><E106/><V51/><F51/><W13/><G32/><T95/><D8/><U125/><E99/><V115/><F115/><W81/><G81/><T130/><N who="0" m="50259" /><T86/><DORA hai="134" /><D25/><U46/><E125/><V65/><F23/><W1/><G35/><T101/><D101/><U90/><E67/><V73/><F73/><W44/><G28/><T0/><D0/><U111/><E78/><V91/><F79/><W124/><G124/><T48/><D48/><U52/><E70/><V62/><F77/><W55/><G114/><T85/><AGARI ba="0,0" hai="16,20,24,54,57,61,84,85,86,89,95" m="50259" machi="85" ten="40,3900,0" yaku="19,1,54,1" doraHai="69,134" who="0" fromWho="0" sc="250,39,250,-13,250,-13,250,-13" /><INIT seed="0,1,0,0,3,110" ten="289,237,237,237" oya="0" hai0="16,24,6,109,99,134,62,54,102,82,131,75,89" hai1="41,14,8,86,120,34,133,19,38,88,39,128,116" hai2="104,56,23,35,127,124,29,65,47,58,3,43,106" hai3="25,80,72,26,48,28,67,20,111,73,91,27,135"/><T21/><D109/><U79/><E120/><V31/><F35/><W17/><G111/><T117/><D117/><U112/><E116/><V94/><F3/><W22/><G67/><T68/><D134/><U0/><E133/><V33/><F33/><W50/><G28/><N who="2" m="10825" /><F23/><W60/><G60/><T92/><D131/><U78/><E34/><V101/><F65/><W130/><G130/><T63/><D68/><U46/><E128/><V96/><F104/><W18/><G91/><T12/><D75/><U70/><E70/><V52/><F106/><W95/><G135/><T37/><D37/><U103/><E39/><V76/><F76/><W15/><G15/><T2/><D2/><U49/><E0/><V98/><F98/><W90/><G27/><T126/><D126/><N who="2" m="48170" /><F43/><W125/><G125/><T132/><D132/><U119/><E119/><V83/><F83/><W123/><G80/><T100/><D54/><U53/><E103/><N who="0" m="39465" /><D82/><U30/><E30/><V51/><AGARI ba="1,0" hai="47,51,52,56,58,94,96,101" m="48170,10825" machi="51" ten="30,2000,0" yaku="18,1,54,1" doraHai="110" who="2" fromWho="2" sc="289,-11,237,-6,237,23,237,-6" /><INIT seed="1,0,0,4,4,125" ten="278,231,260,231" oya="1" hai0="53,31,62,85,81,97,113,100,50,90,78,42,69" hai1="43,0,121,18,30,116,105,117,8,61,72,67,57" hai2="20,22,87,41,55,98,27,58,86,92,60,56,120" hai3="123,126,71,36,109,15,77,29,88,25,132,130,111"/><U102/><E121/><V74/><F74/><W89/><G36/><T115/><D31/><U99/><E72/><V110/><F110/><N who="3" m="41995" /><G71/><T24/><D24/><U106/><E106/><V17/><F120/><W3/><G123/><T79/><D115/><U70/><E30/><V131/><F131/><W68/><G68/><T108/><D113/><U49/><E43/><V19/><F41/><W37/><G37/><T21/><D21/><U35/><E35/><V11/><F11/><W112/><G112/><T65/><D108/><U134/><E134/><V133/><F58/><W13/><G126/><T7/><D7/><U12/><E0/><V118/><F118/><W28/><G130/><T119/><D42/><U122/><E122/><V94/><F94/><W4/><G77/><T54/><D119/><U38/><E38/><V9/><F9/><N who="3" m="2207" /><G132/><T39/><D39/><U128/><REACH who="1" step="1"/><E128/><REACH who="1" ten="278,221,260,231" step="2"/><V6/><F133/><W48/><G28/><T44/><D53/><AGARI ba="0,1" hai="8,12,18,49,53,57,61,67,70,99,102,105,116,117" machi="53" ten="40,3900,0" yaku="1,1,2,1,53,0" doraHai="125" doraHaiUra="76" who="1" fromWho="0" sc="278,-39,221,49,260,0,231,0" /><INIT seed="1,1,0,2,2,77" ten="239,270,260,231" oya="1" hai0="126,35,89,42,107,55,25,6,97,86,60,50,122" hai1="24,67,80,15,64,38,0,119,49,93,129,121,56" hai2="9,85,128,79,120,16,70,90,73,61,52,3,104" hai3="39,113,45,32,41,127,124,30,23,71,114,95,106"/><U81/><E121/><V5/><F120/><W21/><G95/><T4/><D122/><U74/><E0/><V10/><F128/><W125/><G21/><T108/><D108/><U54/><E119/><V40/><F104/><W115/><G23/><T26/><D126/><U131/><E38/><V66/><F40/><W116/><G116/><T51/><D107/><U46/><E74/><V134/><F134/><W34/><G106/><T102/><D35/><U118/><E118/><V123/><F123/><W29/><REACH who="3" step="1"/><G71/><REACH who="3" ten="239,270,260,221" step="2"/><T98/><D26/><U99/><E129/><V1/><F70/><W96/><G96/><T7/><D25/><U8/><E131/><V82/><F9/><W37/><G37/><T111/><D111/><U110/><E24/><V63/><F10/><W105/><G105/><T68/><D68/><U92/><E92/><V75/><F3/><W13/><G13/><T58/><D98/><U31/><E31/><AGARI ba="1,1" hai="29,30,31,32,34,39,41,45,113,114,115,124,125,127" machi="31" ten="50,3200,0" yaku="1,1,18,1,53,0" doraHai="77" doraHaiUra="19" who="3" fromWho="1" sc="239,0,270,-35,260,0,221,45" /><INIT seed="2,0,0,3,0,17" ten="239,235,260,266" oya="2" hai0="54,86,50,95,80,73,90,0,65,21,56,44,45" hai1="37,128,133,127,120,72,28,130,118,84,76,2,47" hai2="117,88,63,40,114,103,59,126,12,91,36,25,121" hai3="67,48,42,58,77,123,23,97,31,57,96,16,68"/><V113/><F117/><W131/><G68/><T13/><D0/><U19/><E118/><V38/><F121/><W34/><G34/><T7/><D65/><U35/><E120/><V60/><F126/><W78/><G131/><T98/><D73/><U27/><E2/><V102/><F12/><W101/><G31/><T64/><D64/><U26/><E127/><V107/><F59/><N who="3" m="22539" /><G67/><T115/><D115/><U6/><E6/><V9/><F9/><W116/><G116/><T55/><D55/><U33/><E133/><V134/><F40/><W83/><G123/><T108/><D108/><U135/><E135/><V18/><F18/><W94/><G97/><T10/><REACH who="0" step="1"/><D21/><REACH who="0" ten="229,235,260,266" step="2"/><U15/><E130/><V110/><F110/><W105/><G105/><T99/><D99/><U75/><E128/><V51/><F134/><W20/><G20/><T53/><D53/><U74/><E35/><V62/><F107/><W41/><G48/><T79/><AGARI ba="0,1" hai="7,10,13,44,45,50,54,56,79,80,86,90,95,98" machi="79" ten="20,5200,0" yaku="1,1,0,1,7,1,8,1,53,0" doraHai="17" doraHaiUra="24" who="0" fromWho="0" sc="229,62,235,-13,260,-26,266,-13" /><INIT seed="3,0,0,0,0,52" ten="291,222,234,253" oya="3" hai0="61,115,104,21,37,26,96,72,105,42,56,12,30" hai1="45,130,97,82,17,125,65,106,123,124,57,54,58" hai2="48,113,29,85,87,6,7,10,98,23,131,116,40" hai3="24,16,83,35,84,69,60,89,76,32,102,19,129"/><W14/><G102/><T41/><D72/><U62/><E123/><V126/><F116/><W49/><G35/><T71/><D71/><U20/><E130/><V33/><F33/><W107/><G107/><T36/><D115/><U53/><E82/><V31/><F113/><W55/><G69/><T70/><D70/><U94/><E106/><V101/><F131/><W127/><G129/><T120/><D120/><U18/><E45/><N who="2" m="25639" /><F126/><N who="1" m="48745" /><E20/><V121/><F121/><W110/><G110/><T66/><D12/><U122/><E122/><V86/><F10/><N who="3" m="6231" /><G32/><T59/><D96/><U73/><E65/><V22/><F23/><N who="3" m="13439" /><G127/><T88/><D105/><U38/><E38/><V9/><F22/><W13/><G13/><T77/><D104/><U46/><E46/><V44/><F9/><W51/><G60/><N who="0" m="38151" /><D37/><U2/><E2/><V117/><F117/><W34/><G34/><T108/><D36/><U91/><E73/><V95/><F44/><N who="3" m="28071" /><G51/><AGARI ba="0,0" hai="17,18,51,53,54,57,58,62,91,94,97" m="48745" machi="51" ten="30,3900,0" yaku="18,1,52,2" doraHai="52" who="1" fromWho="3" sc="291,0,222,39,234,0,253,-39" /><INIT seed="4,0,0,5,5,28" ten="291,261,234,214" oya="0" hai0="45,53,110,96,105,56,88,89,65,64,111,24,27" hai1="122,130,69,41,22,15,98,51,118,7,80,112,135" hai2="102,121,18,16,13,46,99,97,85,125,68,63,58" hai3="108,134,17,23,94,34,43,5,14,84,100,87,75"/><T119/><D119/><U76/><E69/><V26/><F121/><W33/><G33/><T92/><D105/><U4/><E135/><V95/><F125/><W10/><G134/><T6/><D6/><U124/><E122/><V1/><F1/><W40/><G75/><T35/><D89/><U19/><E118/><V57/><F68/><W0/><G34/><T70/><D45/><U91/><E124/><V101/><F85/><W49/><G108/><N who="0" m="41515" /><D70/><U9/><E112/><V120/><F120/><W42/><REACH who="3" step="1"/><G49/><REACH who="3" ten="291,261,234,204" step="2"/><N who="0" m="30767" /><D27/><U11/><E51/><V90/><F26/><W77/><G77/><T21/><D35/><U25/><E76/><V79/><F79/><W115/><G115/><T29/><AGARI ba="0,1" hai="21,24,29,64,65,88,92,96" m="30767,41515" machi="29" ten="30,3000,0" yaku="10,1,54,1" doraHai="28" who="0" fromWho="0" sc="291,40,261,-10,234,-10,204,-10" /><INIT seed="4,1,0,1,4,55" ten="331,251,224,194" oya="0" hai0="25,113,132,70,56,12,48,36,31,96,121,127,109" hai1="68,103,120,28,44,100,90,60,3,128,66,35,75" hai2="19,18,15,119,82,46,47,2,65,110,54,24,13" hai3="78,7,41,51,45,77,21,114,14,4,27,83,80"/><T63/><D121/><U73/><E3/><V16/><F110/><W133/><G133/><T71/><D36/><U40/><E120/><V135/><F2/><W105/><G105/><T108/><D132/><U84/><E128/><V72/><F135/><W33/><G33/><N who="0" m="20719" /><D113/><U97/><E103/><V69/><F119/><W92/><G114/><T20/><D127/><U23/><E23/><V85/><F72/><W29/><G92/><T122/><D122/><U1/><E1/><V76/><F69/><W52/><G78/><T34/><D34/><U116/><E116/><V125/><F65/><W39/><G80/><T98/><D48/><U37/><E90/><V111/><F111/><N who="0" m="42570" /><D12/><N who="2" m="4682" /><F125/><W117/><G117/><T67/><D20/><U107/><REACH who="1" step="1"/><E84/><REACH who="1" ten="331,241,224,194" step="2"/><V26/><F85/><W43/><G77/><T86/><D86/><U58/><E58/><V11/><F76/><W9/><G39/><T50/><D71/><U59/><E59/><V10/><F47/><W87/><G87/><T6/><D6/><U5/><E5/><V64/><F11/><W62/><G7/><T17/><D17/><U99/><E99/><V115/><F10/><W134/><G134/><T118/><D118/><U32/><E32/><V104/><F115/><W94/><G9/><T123/><D123/><U93/><E93/><V53/><F104/><W49/><G4/><T102/><D102/><U42/><E42/><V81/><F46/><W89/><G43/><T101/><D101/><U112/><E112/><V8/><F8/><W30/><G41/><T22/><D22/><U79/><E79/><V57/><F19/><RYUUKYOKU ba="1,1" sc="331,15,241,15,224,-15,194,-15" hai0="50,56,63,67,70,96,98" hai1="28,35,37,40,44,60,66,68,73,75,97,100,107" /><INIT seed="4,2,1,2,0,85" ten="346,256,209,179" oya="0" hai0="102,100,89,115,37,44,133,65,34,27,47,25,79" hai1="69,3,40,91,108,87,58,125,93,86,77,118,56" hai2="19,80,15,128,76,54,61,7,70,31,49,4,129" hai3="60,35,126,18,92,28,73,11,66,135,78,98,82"/><T48/><D37/><U9/><E118/><V50/><F31/><W0/><G135/><T23/><D133/><U88/><E69/><V62/><F50/><W46/><G46/><T106/><D115/><U107/><E108/><V64/><F62/><W6/><G126/><T83/><D34/><U53/><E107/><V1/><F1/><W68/><G18/><T119/><D119/><U124/><E77/><V45/><F129/><W110/><G110/><T113/><D113/><U101/><E101/><N who="0" m="39017" /><D65/><U132/><E132/><V99/><F99/><W57/><G28/><N who="0" m="17471" /><D106/><U39/><E3/><V127/><F127/><N who="1" m="48713" /><E9/><V55/><F54/><W13/><G35/><T10/><D10/><U29/><E29/><V26/><F128/><W96/><G68/><T97/><D27/><U43/><E39/><V94/><F26/><W8/><G8/><T51/><D44/><U21/><E21/><V134/><F134/><W38/><G38/><T24/><D24/><U90/><E58/><V41/><F70/><W95/><REACH who="3" step="1"/><G0/><REACH who="3" ten="346,256,209,169" step="2"/><T103/><D47/><U22/><E22/><V84/><F45/><W72/><G72/><T67/><D67/><U30/><E30/><V63/><F64/><W117/><G117/><T2/><D2/><U52/><E53/><V111/><F111/><W33/><G33/><T32/><D32/><U121/><E121/><V71/><F71/><W74/><G74/><T114/><D114/><U120/><E120/><V81/><F55/><W130/><G130/><T122/><D122/><U104/><E104/><V42/><F41/><N who="1" m="15945" /><E87/><V116/><F84/><W16/><G16/><RYUUKYOKU ba="2,2" sc="346,-15,256,15,209,-15,169,15" hai1="52,56,86,88,90,91,93" hai3="6,11,13,57,60,66,73,78,82,92,95,96,98" /><INIT seed="5,3,2,5,1,56" ten="331,271,194,184" oya="1" hai0="102,11,48,88,17,107,135,115,117,13,67,72,90" hai1="3,50,98,110,44,15,105,109,131,37,77,1,82" hai2="92,133,2,93,111,53,63,34,123,38,71,35,32" hai3="84,46,68,100,74,78,134,43,132,4,24,22,40"/><U6/><E37/><V64/><F111/><N who="1" m="42505" /><E131/><V101/><F123/><W116/><G116/><T55/><D72/><N who="1" m="43303" /><E105/><V0/><F133/><N who="3" m="51307" /><G68/><T47/><D135/><U128/><E98/><V26/><F38/><W70/><G70/><T57/><D117/><U126/><E128/><V41/><F41/><W14/><G100/><T79/><D115/><U52/><E126/><V21/><F53/><W108/><G108/><T86/><D107/><U7/><E15/><V42/><F42/><W28/><G74/><T85/><D102/><U87/><E87/><N who="0" m="33289" /><D79/><U94/><E94/><V60/><F101/><W125/><G46/><T99/><D99/><U54/><E54/><V114/><F114/><W95/><G125/><T127/><D127/><U45/><E45/><V18/><REACH who="2" step="1"/><F63/><AGARI ba="3,2" hai="11,13,17,47,48,55,57,63,67,88,90" m="33289" machi="63" ten="30,3900,0" yaku="8,1,52,1,54,1" doraHai="56" who="0" fromWho="2" sc="331,68,271,0,194,-48,184,0" /><INIT seed="6,0,0,1,4,53" ten="399,271,146,184" oya="2" hai0="91,111,98,46,87,78,56,81,122,79,93,118,57" hai1="129,117,8,120,0,110,37,48,64,63,26,42,23" hai2="24,22,119,47,4,19,61,130,35,109,94,99,103" hai3="45,13,11,65,104,7,134,21,17,39,107,127,71"/><V16/><F119/><W133/><G127/><T88/><D122/><U121/><E117/><V128/><F109/><W5/><G5/><T84/><D111/><U89/><E110/><V33/><F4/><W31/><G107/><T15/><D118/><U68/><E129/><N who="2" m="49771" /><F19/><W70/><G104/><T27/><D27/><U38/><E0/><V62/><F47/><W85/><G85/><T102/><D46/><N who="1" m="25687" /><E8/><V116/><F116/><W126/><G126/><T90/><D15/><U1/><E1/><V82/><F82/><AGARI ba="0,0" hai="56,57,78,79,81,82,84,87,88,90,91,93,98,102" machi="82" ten="40,8000,1" yaku="9,1,8,1,52,2,54,1" doraHai="53" who="0" fromWho="2" sc="399,80,271,0,146,-80,184,0" /><INIT seed="7,0,0,4,4,37" ten="479,271,66,184" oya="3" hai0="93,58,21,126,86,100,45,127,71,14,103,131,125" hai1="50,121,52,78,133,85,75,32,20,122,113,6,60" hai2="99,115,109,80,7,16,82,43,41,94,18,42,64" hai3="0,13,23,39,2,77,107,112,35,46,129,73,47"/><W91/><G35/><T88/><D71/><U28/><E32/><V87/><F109/><W22/><G129/><T123/><D123/><U61/><E75/><V26/><F115/><W104/><G91/><T10/><D131/><U63/><E113/><V76/><F26/><W44/><G112/><T36/><D21/><U54/><E133/><V11/><F80/><W66/><G66/><T110/><D110/><U119/><E119/><V49/><F49/><W79/><G73/><T33/><D33/><U83/><E122/><V89/><REACH who="2" step="1"/><F64/><REACH who="2" ten="479,271,56,184" step="2"/><W29/><G39/><T59/><D45/><N who="1" m="27727" /><E121/><V53/><F53/><W118/><G118/><T90/><D36/><U65/><E65/><V120/><F120/><W74/><G44/><T72/><D72/><U130/><E130/><V135/><F135/><W12/><G74/><T108/><D108/><U116/><E116/><V8/><F8/><W70/><G29/><T67/><D67/><U27/><E6/><V81/><F81/><W38/><G38/><T3/><D3/><AGARI ba="0,1" hai="3,7,11,16,18,41,42,43,76,82,87,89,94,99" machi="3" ten="40,12000,2" yaku="1,1,52,3,54,1,53,2" doraHai="37" doraHaiUra="15" who="2" fromWho="0" sc="479,-120,271,0,56,130,184,0" owari="359,46.0,271,7.0,186,-21.0,184,-32.0" /></mjloggm>