<mjloggm ver="2.3"><GO type="41"/><UN n0="%50%6F%74%6F%73%68%69" n1="%EF%BC%88%E2%89%A7%E2%96%BD%E2%89%A6%EF%BC%89" n2="%E3%82%B9%E3%83%90%E3%83%BC%E3%83%AB%E3%83%90%E3%83%AB" n3="%E3%81%A1%E3%82%85%E3%82%8A%E3%81%A1%E3%82%85%E3%81%82" dan="14,15,13,14" rate="1948,1994,1848,1873" sx="F,M,M,F"/><TAIKYOKU oya="0"/><INIT seed="0,0,0,3,4,57" ten="250,250,250,250" oya="0" hai0="7,118,126,76,21,73,53,119,49,56,72,90,92" hai1="6,52,124,105,34,48,39,61,130,58,22,20,107" hai2="81,18,42,24,66,89,112,1,135,14,80,129,30" hai3="12,133,108,45,69,97,68,84,91,2,86,104,4"/><T106/><D106/><U102/><E39/><V59/><F112/><W65/><G2/><T9/><D126/><U5/><E34/><V96/><F1/><W101/><G108/><T32/><D32/><U93/><E130/><V40/><F135/><W3/><G3/><T78/><D21/><U79/><E124/><V51/><F129/><W114/><G114/><T13/><D76/><U26/><E79/><V125/><F125/><W33/><G33/><T110/><D110/><U121/><E121/><V60/><F80/><W123/><G123/><T120/><D120/><U54/><E107/><V25/><F25/><W109/><G109/><T36/><D36/><U83/><E83/><V67/><F67/><W85/><G133/><T75/><REACH who="0" step="1"/><D78/><REACH who="0" ten="240,250,250,250" step="2"/><U64/><E105/><V37/><F37/><W50/><G104/><T87/><AGARI ba="0,1" hai="7,9,13,49,53,56,72,73,75,87,90,92,118,119" machi="87" ten="30,6000,0" yaku="1,1,2,1,0,1,53,0" doraHai="57" doraHaiUra="35" who="0" fromWho="0" sc="240,70,250,-20,250,-20,250,-20" /><INIT seed="0,1,0,0,4,111" ten="310,230,230,230" oya="0" hai0="56,15,72,98,123,24,100,8,97,22,110,9,20" hai1="73,41,51,54,107,117,89,60,104,50,91,125,80" hai2="32,116,59,4,64,14,88,77,133,83,85,99,12" hai3="84,13,108,69,87,2,120,61,68,27,96,33,102"/><T118/><D123/><U132/><E117/><V66/><F116/><W1/><G108/><T130/><D118/><U57/><E125/><V55/><F133/><W106/><G120/><T3/><D110/><U81/><E132/><V75/><F32/><W34/><G13/><T0/><D130/><U48/><E41/><V109/><F109/><W94/><G94/><T38/><D72/><U58/><E73/><V11/><F14/><W86/><G69/><T124/><D124/><U82/><REACH who="1" step="1"/><E57/><REACH who="1" ten="310,220,230,230" step="2"/><V25/><F25/><W76/><G76/><T46/><D24/><U45/><E45/><V74/><F74/><W122/><G122/><T103/><D46/><U43/><E43/><V90/><F75/><W114/><G34/><T93/><D56/><U79/><E79/><V70/><F70/><W127/><G127/><T112/><D38/><U129/><E129/><V42/><F42/><W21/><G33/><T47/><D47/><U17/><E17/><V63/><F77/><W115/><G68/><T119/><D119/><U71/><E71/><V135/><F135/><W39/><G39/><T31/><D31/><U19/><E19/><V101/><REACH who="2" step="1"/><F90/><AGARI ba="1,1" hai="48,50,51,54,58,60,80,81,82,89,90,91,104,107" machi="90" ten="40,1300,0" yaku="1,1,53,0" doraHai="111" doraHaiUra="5" who="1" fromWho="2" sc="310,0,220,26,230,-16,230,0" /><INIT seed="1,0,0,5,3,60" ten="310,246,214,230" oya="1" hai0="84,88,21,82,86,77,135,114,6,134,18,71,129" hai1="10,113,94,101,115,102,123,63,117,30,9,53,54" hai2="78,128,39,48,96,120,25,111,4,122,124,44,59" hai3="89,126,85,70,16,19,46,26,79,45,127,32,105"/><U64/><E123/><V37/><F78/><W2/><G105/><T29/><D114/><U83/><E117/><V23/><F124/><N who="3" m="47659" /><G2/><T51/><D129/><U47/><E30/><V91/><F128/><W40/><G79/><T108/><D108/><U90/><E83/><V107/><F111/><W31/><G70/><T17/><D6/><U7/><E47/><N who="3" m="17930" /><G40/><T110/><D110/><U92/><E90/><V75/><F75/><W0/><G0/><T119/><D71/><U98/><E98/><V34/><F34/><W121/><G121/><T24/><D51/><U1/><E1/><V68/><F68/><W76/><G76/><T80/><REACH who="0" step="1"/><D119/><REACH who="0" ten="300,246,214,230" step="2"/><U125/><E125/><V22/><F120/><W14/><G14/><T5/><D5/><U27/><E7/><V112/><F4/><W99/><G99/><T130/><D130/><U56/><E113/><V11/><F122/><W58/><G58/><T87/><D87/><U65/><E115/><V13/><F59/><W36/><G36/><T35/><D35/><U93/><E56/><V74/><F112/><W133/><G133/><AGARI ba="0,1" hai="17,18,21,24,29,77,80,82,84,86,88,133,134,135" machi="133" ten="40,5200,0" yaku="1,1,20,1,54,1,53,0" doraHai="60" doraHaiUra="69" who="0" fromWho="3" sc="300,62,246,0,214,0,230,-52" /><INIT seed="2,0,0,4,5,9" ten="362,246,214,178" oya="2" hai0="98,111,16,32,130,107,33,46,28,51,69,115,14" hai1="73,124,80,126,18,85,12,56,83,76,135,113,10" hai2="133,127,2,55,27,91,61,82,65,92,53,94,86" hai3="72,66,31,1,103,67,97,109,122,84,134,54,77"/><V112/><F112/><W17/><G122/><T129/><D115/><U26/><E113/><V57/><F2/><W30/><G1/><T7/><D111/><U74/><E135/><V43/><F127/><W71/><G109/><T93/><D107/><U6/><E56/><V131/><F133/><W48/><G72/><T21/><D69/><U39/><E39/><V106/><F106/><W52/><G134/><T58/><D58/><U70/><E70/><V25/><F131/><N who="0" m="50186" /><D7/><U123/><E123/><V101/><F43/><W49/><G71/><T119/><D28/><N who="3" m="10793" /><G103/><N who="0" m="60879" /><D119/><U3/><E26/><V34/><F34/><W8/><G97/><T114/><D114/><U99/><E99/><V88/><F101/><W90/><G77/><T20/><D20/><U102/><E102/><V132/><F132/><W45/><G49/><T29/><D29/><U15/><E3/><V38/><F38/><W79/><G54/><AGARI ba="0,0" hai="14,16,21,32,33,46,51,54" m="60879,50186" machi="54" ten="30,3900,0" yaku="19,1,52,1,54,1" doraHai="9" who="0" fromWho="3" sc="362,39,246,0,214,0,178,-39" /><INIT seed="3,0,0,3,2,92" ten="401,246,214,139" oya="3" hai0="71,73,67,112,81,118,65,82,60,106,48,69,45" hai1="38,24,6,62,133,116,95,113,66,34,22,119,99" hai2="64,110,44,51,103,78,9,29,93,102,8,27,14" hai3="132,28,30,55,49,98,32,56,91,18,41,122,89"/><W57/><G122/><T129/><D118/><N who="1" m="45099" /><E113/><V20/><F20/><W121/><G121/><T117/><D117/><U123/><E123/><V13/><F110/><W101/><G132/><T111/><D111/><U26/><E133/><V5/><F64/><W84/><G41/><T2/><D129/><U108/><E108/><V70/><F70/><W23/><G32/><T17/><D112/><U21/><E6/><V1/><F78/><W16/><G57/><T3/><D17/><U53/><E53/><V125/><F93/><N who="3" m="58575" /><G18/><T90/><D106/><U40/><E40/><V134/><F51/><W12/><G91/><T104/><D104/><U76/><E76/><V83/><F83/><AGARI ba="0,0" hai="12,16,23,28,30,49,55,56,83,84,89" m="58575" machi="83" ten="30,5800,0" yaku="8,1,52,1,54,1" doraHai="92" who="3" fromWho="2" sc="401,0,246,0,214,-58,139,58" /><INIT seed="3,1,0,5,3,70" ten="401,246,156,197" oya="3" hai0="101,26,107,55,9,113,32,10,68,58,62,81,120" hai1="49,122,60,133,50,6,104,48,75,93,23,80,105" hai2="0,12,5,37,61,15,2,33,83,16,98,39,74" hai3="96,123,94,135,111,82,28,36,24,45,34,40,13"/><W35/><G123/><T66/><D113/><U109/><E122/><V14/><F33/><W18/><G135/><T8/><D120/><U11/><E109/><V42/><F42/><W67/><G67/><T57/><D81/><U125/><E133/><V78/><F98/><W27/><G111/><T91/><D91/><U3/><E125/><V99/><F99/><W22/><G82/><T47/><D47/><U90/><E60/><V97/><F97/><W106/><G106/><T25/><D107/><U108/><E108/><V65/><F5/><W103/><REACH who="3" step="1"/><G27/><REACH who="3" ten="401,246,156,187" step="2"/><T100/><D26/><U79/><E104/><V7/><F7/><W126/><G126/><T17/><D25/><U72/><E105/><V119/><F119/><W89/><G89/><T56/><D100/><U124/><E124/><V19/><F0/><W110/><G110/><T131/><D101/><U1/><E90/><V44/><F2/><W121/><G121/><T132/><D132/><U115/><E80/><V86/><F74/><W117/><G117/><T130/><D66/><U73/><E73/><V30/><F30/><W21/><AGARI ba="1,1" hai="13,18,21,22,24,28,34,35,36,40,45,94,96,103" machi="21" ten="20,12000,1" yaku="1,1,0,1,7,1,52,1,53,1" doraHai="70" doraHaiUra="88" who="3" fromWho="3" sc="401,-41,246,-41,156,-41,187,133" /><INIT seed="3,2,0,2,2,35" ten="360,205,115,320" oya="3" hai0="0,83,50,67,133,129,99,33,102,24,1,123,8" hai1="130,46,68,51,132,21,18,75,40,107,2,47,58" hai2="125,41,37,69,61,119,105,108,72,135,113,9,5" hai3="25,31,64,117,97,56,86,82,126,115,7,98,101"/><W36/><G117/><T112/><D123/><U12/><E75/><V42/><F9/><W32/><G115/><T10/><D112/><U103/><E68/><V91/><F91/><W111/><G36/><T100/><D129/><U53/><E130/><V17/><F17/><W63/><G126/><T109/><D109/><U89/><E132/><V66/><F5/><W96/><G111/><T43/><D133/><U34/><E2/><V22/><F22/><W79/><REACH who="3" step="1"/><G7/><REACH who="3" ten="360,205,115,310" step="2"/><N who="0" m="1127" /><D100/><AGARI ba="2,1" hai="25,31,32,56,63,64,79,82,86,96,97,98,100,101" machi="100" ten="40,2000,0" yaku="1,1,53,0" doraHai="35" doraHaiUra="19" who="3" fromWho="0" sc="360,-26,205,0,115,0,310,36" /><INIT seed="3,3,0,1,5,124" ten="334,205,115,346" oya="3" hai0="59,118,114,99,49,100,131,39,133,17,19,52,66" hai1="72,44,54,79,69,82,58,23,86,88,18,70,46" hai2="87,51,8,60,102,95,103,113,48,74,12,13,119" hai3="81,32,121,37,14,7,26,20,38,30,61,109,93"/><W63/><G121/><T50/><D118/><U47/><E58/><V27/><F119/><W130/><G38/><T106/><D39/><U110/><E110/><V120/><F120/><W28/><G37/><T97/><D133/><U84/><E54/><V127/><F74/><W41/><G41/><T98/><D114/><U36/><E36/><V21/><F127/><W125/><G125/><T24/><D131/><U2/><E2/><V89/><F113/><W75/><G130/><T68/><D68/><U53/><E53/><V134/><F134/><W135/><G135/><T42/><D106/><U101/><E101/><V57/><F13/><W67/><G30/><T33/><D100/><U73/><E73/><V25/><F25/><W29/><G29/><T15/><D33/><U4/><E4/><V78/><F78/><W90/><G109/><T64/><D42/><U76/><E76/><V34/><F34/><W55/><G55/><N who="0" m="32239" /><D24/><U96/><E96/><V62/><F62/><W115/><G115/><T1/><D1/><U22/><E72/><V40/><F40/><W83/><G63/><T108/><D108/><U11/><E11/><V129/><F129/><W85/><G75/><T132/><D132/><U80/><REACH who="1" step="1"/><E23/><REACH who="1" ten="334,195,115,346" step="2"/><V43/><F43/><W9/><G32/><T104/><D97/><U107/><E107/><V122/><F122/><W116/><G116/><T123/><D98/><U71/><E71/><AGARI ba="3,1" hai="7,9,14,20,26,28,61,67,71,81,83,85,90,93" machi="71" ten="30,1500,0" yaku="7,1" doraHai="124" who="3" fromWho="1" sc="334,0,195,-24,115,0,346,34" /><INIT seed="3,4,0,0,3,85" ten="334,171,115,380" oya="3" hai0="60,10,25,78,77,92,94,130,61,108,134,63,99" hai1="2,47,43,52,83,128,9,55,96,135,84,30,110" hai2="98,58,24,28,118,125,127,13,106,132,41,38,53" hai3="39,26,107,100,104,11,40,49,113,50,20,12,3"/><W122/><G122/><T36/><D36/><U15/><E2/><V90/><F118/><W33/><G113/><T59/><D108/><U23/><E110/><V7/><F41/><W79/><G39/><T42/><D130/><U68/><E68/><V103/><F132/><W34/><G3/><T8/><D134/><U114/><E114/><V4/><F38/><W117/><G117/><T73/><D73/><U57/><E128/><V65/><F65/><W123/><G123/><T95/><D42/><U0/><E0/><V35/><F7/><W126/><G126/><T109/><D109/><U17/><E96/><V102/><F13/><W45/><G104/><T101/><D25/><N who="1" m="16703" /><E135/><V44/><F44/><W72/><G107/><T93/><REACH who="0" step="1"/><D59/><REACH who="0" ten="324,171,115,380" step="2"/><U89/><E57/><V116/><F116/><W87/><G72/><T81/><D81/><U51/><AGARI ba="4,1" hai="9,15,17,43,47,51,52,55,83,84,89" m="16703" machi="51" ten="30,4000,0" yaku="8,1,52,1,54,1" doraHai="85" who="1" fromWho="1" sc="324,-14,171,62,115,-14,380,-24" /><INIT seed="4,0,0,0,3,52" ten="310,233,101,356" oya="0" hai0="102,64,103,65,41,13,57,87,75,99,0,71,8" hai1="123,69,114,58,37,130,46,74,84,113,53,105,100" hai2="16,135,20,120,43,112,30,40,127,119,118,81,121" hai3="7,83,61,126,86,28,125,31,25,110,19,79,117"/><T36/><D75/><U10/><E69/><V66/><F66/><W29/><G110/><T2/><D71/><U68/><E123/><V59/><F81/><W42/><G117/><N who="2" m="44553" /><F30/><W95/><G42/><N who="2" m="15913" /><F127/><N who="3" m="48651" /><G7/><T89/><D2/><U4/><E74/><V133/><F59/><W72/><G72/><T109/><D0/><U27/><E58/><V48/><F48/><W35/><G19/><T14/><D109/><U24/><E37/><V98/><F98/><W51/><G51/><T34/><D34/><U96/><E96/><V15/><F112/><W56/><G95/><T1/><D1/><U91/><E114/><V5/><F5/><W18/><G18/><T85/><D36/><U32/><E113/><V106/><F106/><W90/><G79/><T124/><D41/><U55/><E105/><V70/><F70/><W39/><G39/><T73/><D73/><U49/><E68/><V21/><F21/><W88/><G90/><T122/><D89/><U6/><E91/><V132/><AGARI ba="0,0" hai="15,16,20,120,121,132,133,135" m="15913,44553" machi="132" ten="40,5200,0" yaku="20,1,12,1,54,1" doraHai="52" who="2" fromWho="2" sc="310,-26,233,-13,101,52,356,-13" /><INIT seed="5,0,0,3,0,27" ten="284,220,153,343" oya="1" hai0="32,74,16,92,88,7,41,114,124,25,56,51,135" hai1="100,120,118,10,57,42,35,71,11,14,12,53,15" hai2="58,40,64,34,97,24,119,107,29,61,131,86,75" hai3="84,108,36,104,95,66,111,3,96,62,43,13,48"/><U99/><E120/><V5/><F119/><W46/><G3/><T4/><D74/><U63/><E118/><V55/><F75/><W103/><G13/><T30/><D114/><U65/><E42/><V112/><F131/><W60/><G36/><T113/><D113/><U126/><E35/><V6/><F112/><W39/><G39/><T26/><D135/><U78/><E78/><V123/><F123/><W2/><G2/><T59/><D124/><U85/><E85/><V45/><F86/><W90/><REACH who="3" step="1"/><G62/><REACH who="3" ten="284,220,153,333" step="2"/><T68/><D25/><U76/><E126/><V20/><F34/><W91/><G91/><T70/><D32/><U105/><REACH who="1" step="1"/><E76/><REACH who="1" ten="284,210,153,333" step="2"/><V82/><F97/><W121/><G121/><T102/><D41/><U128/><E128/><V101/><F40/><W44/><G44/><T89/><D4/><U80/><E80/><V115/><F45/><W109/><G109/><T17/><D7/><U133/><E133/><V31/><F115/><W52/><G52/><T106/><D106/><U37/><E37/><V110/><F82/><W129/><G129/><T33/><D33/><U21/><E21/><V79/><F110/><W23/><G23/><T50/><D92/><U54/><E54/><V127/><F127/><W28/><G28/><N who="2" m="10825" /><F79/><W0/><G0/><T77/><D77/><U73/><E73/><V116/><F107/><W117/><G117/><T18/><D30/><U130/><E130/><V22/><F116/><W98/><G98/><T9/><D9/><U132/><E132/><V125/><F125/><W8/><G8/><T69/><D26/><U122/><E122/><RYUUKYOKU ba="0,2" sc="284,-15,210,15,153,-15,333,15" hai1="10,11,12,14,15,53,57,63,65,71,99,100,105" hai3="43,46,48,60,66,84,90,95,96,103,104,108,111" /><INIT seed="5,1,2,4,4,37" ten="269,225,138,348" oya="1" hai0="62,130,14,96,55,133,131,135,63,21,105,13,17" hai1="118,92,84,40,8,132,64,7,90,134,58,74,44" hai2="18,75,69,106,42,72,122,29,103,34,49,0,98" hai3="36,115,4,94,121,66,77,59,110,2,25,99,89"/><U120/><E74/><V81/><F122/><W129/><G110/><T47/><D13/><U79/><E118/><V23/><F69/><W22/><G121/><T114/><D114/><U113/><E79/><V30/><F0/><W11/><G115/><T16/><D17/><U43/><E113/><V53/><F34/><W76/><G129/><N who="0" m="49163" /><D47/><U9/><E120/><V1/><F1/><W73/><G73/><T82/><D82/><U19/><E19/><V127/><F127/><W95/><G36/><T60/><D55/><U6/><E6/><V15/><F72/><W125/><G125/><T45/><D45/><U70/><E70/><V35/><F75/><W48/><G95/><T97/><D105/><U128/><E128/><V12/><F81/><W88/><G89/><T61/><D61/><N who="1" m="37943" /><E44/><V20/><F35/><W116/><G116/><T31/><D31/><U67/><E67/><V26/><F30/><W107/><G107/><T109/><D109/><U80/><E80/><V104/><F15/><W65/><G65/><T56/><D56/><U108/><E108/><V126/><F104/><W93/><G93/><T5/><D5/><U54/><E54/><V46/><REACH who="2" step="1"/><F126/><REACH who="2" ten="269,225,128,348" step="2"/><W50/><G2/><T71/><D71/><U91/><E7/><V32/><F32/><W3/><G4/><T78/><D78/><U123/><E123/><V52/><AGARI ba="1,3" hai="12,18,20,23,26,29,42,46,49,52,53,98,103,106" machi="52" ten="30,8000,1" yaku="1,1,0,1,52,1,54,1,53,1" doraHai="37" doraHaiUra="39" who="2" fromWho="2" sc="269,-21,225,-41,128,113,348,-21" /><INIT seed="6,0,0,2,0,122" ten="248,184,241,327" oya="2" hai0="92,23,67,30,22,128,85,0,59,130,60,103,86" hai1="133,99,54,89,21,27,134,100,45,58,10,37,121" hai2="62,50,43,108,11,24,93,79,113,123,116,75,78" hai3="91,29,40,97,32,81,1,28,44,68,77,135,94"/><V72/><F116/><W119/><G119/><T31/><D0/><U17/><E121/><V71/><F123/><W2/><G68/><T84/><D103/><U13/><E37/><V80/><F113/><W107/><G135/><T36/><D36/><U87/><E45/><V69/><F24/><W65/><G107/><T88/><D84/><U38/><E38/><V49/><F93/><W124/><G124/><T4/><D4/><U126/><E126/><V83/><F11/><W16/><G65/><T34/><D85/><U90/><E134/><V3/><F3/><W14/><G32/><T132/><D132/><U73/><E133/><V41/><F62/><W125/><G2/><T131/><D34/><U127/><E127/><V95/><REACH who="2" step="1"/><F95/><REACH who="2" ten="248,184,231,327" step="2"/><W112/><G1/><T104/><D104/><U114/><E114/><V15/><F15/><W42/><G112/><T48/><D128/><U53/><E13/><V70/><F70/><W55/><G125/><T66/><D60/><U76/><E10/><V98/><F98/><W129/><G129/><T110/><D92/><U56/><E99/><V12/><F12/><W33/><G97/><T106/><D106/><U19/><E27/><V63/><F63/><W8/><G94/><T47/><D131/><U118/><E118/><V25/><F25/><W96/><G96/><T35/><D130/><U46/><E100/><V82/><F82/><W105/><G105/><T102/><D102/><U7/><E21/><V51/><F51/><W39/><G81/><T111/><D22/><U20/><E20/><V18/><F18/><W101/><G14/><RYUUKYOKU ba="0,1" sc="248,-10,184,-10,231,30,327,-10" hai2="41,43,49,50,69,71,72,75,78,79,80,83,108" /><INIT seed="6,1,1,2,3,134" ten="238,174,261,317" oya="2" hai0="102,39,63,51,108,125,71,115,118,78,101,60,33" hai1="24,37,122,126,88,121,56,49,58,89,31,15,53" hai2="6,13,17,82,111,106,92,23,43,68,119,62,81" hai3="61,32,69,44,109,7,59,5,18,98,27,117,8"/><V85/><F106/><W107/><G117/><T124/><D39/><U113/><E37/><V21/><F119/><W12/><G109/><T65/><D118/><U70/><E70/><V19/><F111/><W2/><G69/><T14/><D108/><U73/><E73/><V66/><F6/><W45/><G7/><T3/><D3/><U129/><E129/><V76/><F43/><W25/><G25/><T10/><D115/><U74/><E74/><V47/><F47/><W86/><G86/><T91/><D33/><U35/><E113/><V16/><F82/><W30/><G98/><T67/><D78/><U20/><E126/><N who="0" m="48745" /><D91/><U116/><E116/><V34/><F34/><W55/><REACH who="3" step="1"/><G107/><REACH who="3" ten="238,174,261,307" step="2"/><T57/><D51/><U131/><E131/><V135/><F135/><W29/><G29/><T48/><D48/><U79/><E49/><V22/><REACH who="2" step="1"/><F92/><REACH who="2" ten="238,174,251,307" step="2"/><W77/><G77/><T38/><D38/><U87/><E79/><V114/><F114/><W42/><G42/><T95/><D95/><U94/><E94/><V96/><F96/><W83/><G83/><T0/><D0/><U105/><E105/><V11/><AGARI ba="1,3" hai="11,13,16,17,19,21,22,23,62,66,68,76,81,85" machi="11" ten="30,6000,0" yaku="1,1,0,1,54,1,53,0" doraHai="134" doraHaiUra="40" who="2" fromWho="2" sc="238,-21,174,-21,251,93,307,-21" /><INIT seed="6,2,0,5,4,113" ten="217,153,344,286" oya="2" hai0="109,116,67,91,86,133,29,66,98,105,39,87,0" hai1="82,123,31,49,96,131,15,25,129,60,20,54,59" hai2="4,38,93,36,44,77,50,16,37,125,12,42,45" hai3="24,107,97,95,132,130,85,117,19,52,65,28,63"/><V94/><F4/><W48/><G107/><T3/><D109/><U90/><E123/><V114/><F114/><W30/><G132/><T122/><D122/><U79/><E15/><V81/><F125/><W106/><G106/><T124/><D124/><U68/><E68/><V121/><F121/><W5/><G5/><T62/><D39/><U119/><E119/><V103/><F103/><W126/><G126/><T56/><D133/><U99/><E49/><V27/><F27/><W1/><G1/><T70/><D116/><U69/><E69/><V11/><REACH who="2" step="1"/><F45/><REACH who="2" ten="217,153,334,286" step="2"/><N who="3" m="27663" /><G117/><T135/><D135/><U110/><E110/><V18/><F18/><W55/><G130/><T78/><D29/><U7/><E7/><V41/><F41/><W13/><G28/><T8/><D0/><U61/><E131/><V47/><F47/><W53/><G30/><T108/><D3/><U34/><E31/><V88/><F88/><W76/><G24/><T57/><D108/><U6/><E90/><V64/><F64/><W46/><G65/><T100/><D67/><U51/><E129/><V128/><F128/><W112/><G46/><T40/><D40/><U58/><E6/><V9/><F9/><W118/><G19/><T75/><D8/><U72/><E25/><V73/><AGARI ba="2,1" hai="11,12,16,36,37,38,42,44,50,73,77,81,93,94" machi="73" ten="30,6000,0" yaku="1,1,0,1,54,1,53,0" doraHai="113" doraHaiUra="21" who="2" fromWho="2" sc="217,-22,153,-22,334,76,286,-22" /><INIT seed="6,3,0,1,3,39" ten="195,131,410,264" oya="2" hai0="108,113,135,81,129,69,90,97,44,59,116,66,83" hai1="62,75,85,120,37,71,31,56,94,14,64,72,104" hai2="80,38,29,111,53,19,118,9,88,130,51,18,123" hai3="36,95,98,49,65,86,11,106,102,117,87,33,27"/><V4/><F38/><W109/><G109/><T105/><D108/><U103/><E37/><V50/><F123/><W70/><G117/><T55/><D116/><U63/><E120/><V10/><F118/><W35/><G36/><T25/><D113/><U79/><E104/><V91/><F130/><W34/><G70/><T67/><D129/><U125/><E125/><V46/><F111/><W121/><G121/><T89/><D135/><U21/><E79/><V126/><F126/><W133/><G65/><T68/><D25/><U0/><E0/><V26/><F50/><W24/><G133/><T132/><D132/><U3/><E3/><V8/><F4/><W7/><G87/><T82/><D44/><U32/><E32/><V84/><REACH who="2" step="1"/><F91/><REACH who="2" ten="195,131,400,264" step="2"/><W77/><G49/><T134/><D89/><U78/><E63/><V93/><F93/><W43/><G95/><T17/><D90/><U100/><E94/><V52/><F52/><W15/><G77/><T5/><D5/><U2/><E78/><V45/><F45/><W57/><G7/><T74/><D134/><U20/><E62/><V30/><F30/><W48/><G48/><T122/><D122/><U42/><E31/><V13/><F13/><W127/><G35/><AGARI ba="3,1" hai="8,9,10,18,19,26,29,35,46,51,53,80,84,88" machi="35" ten="40,3900,0" yaku="1,1,54,1,53,0" doraHai="39" doraHaiUra="92" who="2" fromWho="3" sc="195,0,131,0,400,58,264,-48" /><INIT seed="6,4,0,1,2,120" ten="195,131,458,216" oya="2" hai0="119,59,28,39,31,46,50,7,15,58,21,17,83" hai1="122,123,101,103,81,35,91,27,55,135,62,43,4" hai2="6,117,87,14,69,128,132,63,18,94,45,23,68" hai3="70,9,98,29,20,74,121,115,49,30,129,79,33"/><V13/><F117/><W8/><G121/><T80/><D119/><U61/><E135/><V105/><F105/><W88/><G70/><T134/><D39/><U92/><E4/><V118/><F118/><W57/><G33/><T96/><D134/><U22/><E35/><V32/><F32/><W25/><G29/><N who="0" m="11339" /><D96/><U78/><E43/><V112/><F128/><W60/><G129/><T38/><D38/><U102/><E123/><V51/><F112/><W56/><G74/><T52/><D7/><U77/><E122/><V67/><F132/><W73/><G73/><T131/><D131/><U108/><E108/><V93/><F68/><W44/><G79/><T97/><D97/><U24/><E55/><V2/><F2/><W99/><G57/><AGARI ba="4,0" hai="15,17,21,46,50,52,57,58,59,80,83" m="11339" machi="57" ten="30,2000,0" yaku="8,1,54,1" doraHai="120" who="0" fromWho="3" sc="195,32,131,0,458,0,216,-32" /><INIT seed="7,0,0,4,4,104" ten="227,131,458,184" oya="3" hai0="90,112,59,52,110,85,2,97,70,134,111,114,129" hai1="49,10,66,18,28,25,117,92,53,0,84,74,48" hai2="95,32,79,106,128,101,89,122,1,121,81,26,63" hai3="31,41,43,57,105,99,9,58,98,108,24,123,88"/><W119/><G123/><N who="2" m="47113" /><F1/><W94/><G119/><T131/><D70/><U45/><E117/><V7/><F7/><W11/><G108/><N who="0" m="41515" /><D97/><U93/><E74/><N who="2" m="43255" /><F106/><W69/><G69/><T71/><D2/><U12/><E0/><V22/><F32/><W72/><G72/><T75/><D75/><U42/><E66/><V67/><F101/><W40/><G105/><T47/><D47/><U116/><E116/><V135/><F135/><W50/><G99/><T17/><D17/><U80/><E25/><V5/><F5/><W115/><G115/><N who="0" m="44075" /><D71/><U35/><E28/><N who="2" m="17495" /><F128/><W77/><G77/><T82/><D134/><U27/><E27/><V39/><F39/><W56/><REACH who="3" step="1"/><G50/><AGARI ba="0,0" hai="50,52,59,82,85,90,129,131" m="44075,41515" machi="50" ten="30,3900,0" yaku="15,1,11,1,54,1" doraHai="104" who="0" fromWho="3" sc="227,39,131,0,458,0,184,-39" owari="266,7.0,131,-37.0,458,55.0,145,-25.0" /></mjloggm>