<mjloggm ver="2.3"><GO type="169"/><UN n0="%E8%80%81%E9%A6%AC" n1="%E3%81%94%E3%81%98%E3%82%83%E3%82%8B" n2="%EF%BC%88%E2%89%A7%E2%96%BD%E2%89%A6%EF%BC%89" n3="%E3%81%AF%E3%82%89%E3%81%BA%E3%81%93%E3%83%AA%E3%82%B0%E3%83%AB" dan="16,17,18,16" rate="2116,2131,2173,2092" sx="M,M,M,F"/><TAIKYOKU oya="0"/><INIT seed="0,0,0,4,1,63" ten="250,250,250,250" oya="0" hai0="101,77,95,1,116,102,41,85,51,73,16,114,84" hai1="25,117,72,105,127,66,12,18,37,98,32,36,52" hai2="39,75,26,60,94,61,21,24,83,126,67,100,57" hai3="120,88,8,2,132,35,10,65,106,118,123,128,87"/><T124/><D116/><U108/><E117/><V99/><F39/><W55/><G106/><T42/><D114/><U129/><E72/><V134/><F134/><W14/><G132/><T103/><D1/><U78/><E78/><V115/><F115/><W15/><G35/><T82/><D124/><U45/><E127/><V19/><F126/><W89/><G2/><T6/><D6/><U121/><E121/><N who="3" m="46666" /><G128/><T92/><D51/><U93/><E105/><V122/><F122/><W4/><G55/><T80/><D16/><U71/><E129/><V130/><F130/><W69/><G87/><N who="0" m="33355" /><D42/><U23/><E32/><V11/><F11/><W76/><G76/><N who="0" m="44047" /><D41/><U104/><E37/><V81/><F75/><AGARI ba="0,0" hai="75,77,82,92,95,101,102,103" m="44047,33355" machi="75" ten="30,12000,1" yaku="35,5" doraHai="63" who="0" fromWho="2" sc="250,120,250,0,250,-120,250,0" /><INIT seed="0,1,0,5,5,126" ten="370,250,130,250" oya="0" hai0="132,118,134,31,117,68,90,29,102,66,83,55,59" hai1="30,12,52,101,110,61,16,104,42,124,60,87,128" hai2="47,64,135,121,14,18,62,65,5,77,46,89,106" hai3="17,38,111,116,28,67,112,97,88,73,22,129,40"/><T82/><D102/><U45/><E124/><V125/><F125/><W91/><G73/><T1/><D1/><U33/><E110/><V4/><F106/><W13/><G111/><T105/><D105/><U53/><E104/><V122/><F135/><N who="0" m="51754" /><D66/><N who="2" m="25706" /><F77/><W133/><G133/><T8/><D8/><U36/><E101/><V78/><F78/><W99/><G67/><T20/><D68/><U54/><E87/><V76/><F76/><W50/><G38/><T37/><D37/><U96/><E96/><V84/><F62/><W93/><G116/><N who="0" m="44651" /><D20/><U113/><E113/><V114/><F114/><W9/><G112/><T130/><D130/><U0/><E0/><V51/><F122/><W80/><G129/><T19/><D19/><U94/><E94/><N who="2" m="54567" /><F121/><W115/><G115/><T108/><D108/><U63/><E128/><V43/><F47/><N who="3" m="25959" /><G28/><N who="0" m="10827" /><D90/><U27/><REACH who="1" step="1"/><E63/><AGARI ba="1,0" hai="55,59,63,82,83" m="10827,44651,51754" machi="63" ten="30,1500,0" yaku="20,1" doraHai="126" who="0" fromWho="1" sc="370,18,250,-18,130,0,250,0" /><INIT seed="0,2,0,5,4,31" ten="388,232,130,250" oya="0" hai0="79,19,101,87,47,75,63,74,17,12,122,59,27" hai1="135,35,52,119,51,56,4,16,130,62,13,132,1" hai2="29,131,115,93,121,99,73,116,104,98,26,110,64" hai3="100,50,3,80,44,78,105,77,81,85,21,127,108"/><T66/><D122/><U18/><E119/><V28/><F121/><W125/><G3/><T0/><D0/><U103/><E103/><V65/><F115/><W96/><G21/><T72/><D101/><U10/><E130/><V49/><F116/><W23/><G23/><T60/><D47/><U102/><E102/><V117/><F117/><W38/><G38/><T6/><D27/><U37/><E37/><V46/><F73/><W55/><REACH who="3" step="1"/><G108/><REACH who="3" ten="388,232,130,240" step="2"/><T128/><D128/><U61/><E1/><V2/><F110/><W109/><G109/><T86/><D75/><AGARI ba="2,1" hai="44,50,55,75,77,78,80,81,85,96,100,105,125,127" machi="75" ten="40,1300,0" yaku="1,1,53,0" doraHai="31" doraHaiUra="126" who="3" fromWho="0" sc="388,-19,232,0,130,0,240,29" /><INIT seed="1,0,0,4,3,32" ten="369,232,130,269" oya="1" hai0="116,64,13,14,121,63,90,26,28,125,84,79,29" hai1="81,11,71,124,106,33,38,5,55,39,25,100,126" hai2="82,21,72,0,89,3,88,54,80,110,41,24,60" hai3="57,16,66,112,19,17,73,44,6,22,31,134,43"/><U52/><E71/><V49/><F110/><W76/><G134/><T91/><D121/><U130/><E130/><V92/><F41/><W35/><G35/><T120/><D120/><U114/><E114/><V68/><F68/><W20/><G31/><T99/><D116/><U135/><E135/><V59/><F49/><W107/><G107/><T104/><D79/><U129/><E129/><V115/><F115/><W7/><G76/><T118/><D118/><U93/><E81/><N who="2" m="31339" /><F89/><W96/><G73/><T51/><D51/><U128/><E128/><V94/><F92/><W53/><G96/><T122/><D125/><N who="1" m="48235" /><E106/><V69/><F69/><W9/><G66/><T42/><D104/><U62/><E93/><V131/><F72/><W113/><G112/><T45/><D122/><U30/><E100/><V27/><F27/><W97/><G97/><T15/><D99/><U117/><E117/><V98/><F131/><W1/><G113/><T40/><D84/><U108/><E108/><V78/><F78/><W10/><G43/><T133/><D133/><U36/><E62/><V34/><F34/><W12/><REACH who="3" step="1"/><G44/><REACH who="3" ten="369,232,130,259" step="2"/><T37/><D45/><U105/><E105/><V61/><F61/><AGARI ba="0,1" hai="1,6,7,9,10,12,16,17,19,20,22,53,57,61" machi="61" ten="40,8000,1" yaku="1,1,2,1,52,1,54,1,53,0" doraHai="32" doraHaiUra="127" who="3" fromWho="2" sc="369,0,232,0,130,-80,259,90" /><INIT seed="2,0,0,0,0,91" ten="369,232,50,349" oya="2" hai0="44,130,85,98,47,115,46,116,5,36,41,1,94" hai1="68,58,74,96,21,92,93,78,48,88,29,97,126" hai2="127,24,43,11,117,71,49,89,40,0,114,102,84" hai3="19,30,33,25,52,39,22,37,121,99,86,34,26"/><V16/><F117/><W129/><G129/><T112/><D116/><U45/><E68/><V62/><F114/><W81/><G121/><T125/><D130/><U120/><E120/><V57/><F127/><W105/><G34/><T72/><D72/><U35/><E35/><V111/><F111/><W23/><G33/><T100/><D125/><U9/><E126/><V18/><F71/><W83/><G83/><T59/><D59/><U7/><E58/><V135/><F135/><W38/><G105/><T15/><D1/><U3/><E78/><V63/><F102/><W131/><G99/><T54/><D85/><U119/><E74/><V67/><F63/><W108/><G108/><T77/><D77/><U133/><E133/><V8/><F0/><W124/><G131/><T4/><D4/><U17/><E29/><V134/><F134/><W28/><G19/><N who="2" m="7209" /><F24/><W101/><G101/><T50/><REACH who="0" step="1"/><D47/><REACH who="0" ten="359,232,50,349" step="2"/><U66/><E119/><V87/><F84/><W110/><G86/><T118/><D118/><U64/><E45/><N who="2" m="25791" /><F40/><W20/><G124/><T70/><D70/><U75/><E75/><V6/><F6/><W69/><G69/><T31/><D31/><U10/><E3/><V53/><F53/><W55/><G110/><T12/><D12/><U76/><E7/><V51/><F51/><W14/><G81/><AGARI ba="0,1" hai="8,11,57,62,67,81,87,89" m="25791,7209" machi="81" ten="30,2900,0" yaku="8,1,54,1" doraHai="91" who="2" fromWho="3" sc="359,0,232,0,50,39,349,-29" /><INIT seed="2,1,0,3,3,119" ten="359,232,89,320" oya="2" hai0="88,63,46,16,7,71,92,110,135,20,54,31,100" hai1="75,87,51,45,81,25,40,103,74,19,95,82,37" hai2="65,131,113,38,41,33,58,1,118,105,13,30,8" hai3="61,90,9,24,49,129,108,35,67,96,72,60,69"/><V32/><F105/><W12/><G72/><T126/><D110/><U130/><E130/><V91/><F118/><W133/><G129/><T104/><D7/><U57/><E75/><V111/><F131/><W27/><G108/><T3/><D3/><U34/><E74/><V127/><F111/><W86/><G96/><T48/><D135/><U15/><E34/><V2/><F113/><W89/><G133/><T94/><D126/><U85/><E25/><V18/><F127/><W5/><G35/><T123/><D123/><U36/><E103/><V52/><F65/><W29/><G29/><T93/><D31/><U79/><E95/><V106/><F106/><W42/><G61/><T50/><D50/><U17/><E57/><V125/><F125/><W121/><G121/><T14/><D104/><U112/><E112/><V23/><F91/><W10/><G89/><T39/><D100/><U70/><E70/><V128/><F128/><W6/><G49/><T99/><REACH who="0" step="1"/><D39/><REACH who="0" ten="349,232,89,320" step="2"/><U132/><E132/><V101/><F101/><W55/><G5/><T21/><D21/><U26/><E37/><V66/><F2/><W64/><G6/><T117/><D117/><U98/><E36/><V77/><F1/><W78/><G9/><T84/><D84/><U107/><E107/><V47/><F30/><W114/><G10/><T22/><D22/><U43/><E87/><V134/><F134/><W76/><G86/><T97/><D97/><U28/><E85/><V124/><F124/><W44/><G114/><T4/><D4/><U11/><E28/><V83/><F23/><W109/><G109/><RYUUKYOKU ba="1,1" sc="349,30,232,-10,89,-10,320,-10" hai0="14,16,20,46,48,54,63,71,88,92,93,94,99" /><INIT seed="3,2,1,3,5,99" ten="379,222,79,310" oya="3" hai0="104,4,98,95,6,74,109,16,131,75,126,18,117" hai1="112,63,80,108,46,125,39,61,93,17,101,111,66" hai2="91,41,20,30,51,25,123,122,19,27,78,134,103" hai3="82,124,58,29,88,14,5,113,50,83,129,44,1"/><W53/><G113/><T32/><D117/><U33/><E33/><V102/><F78/><W28/><G1/><T35/><D104/><U62/><E112/><V60/><F134/><W57/><G129/><T106/><D106/><U94/><E66/><V105/><F105/><W12/><G124/><T48/><D131/><U8/><E80/><N who="3" m="30762" /><G88/><T76/><D126/><U121/><E121/><N who="2" m="46091" /><F91/><W42/><G57/><T70/><D70/><U54/><E125/><V34/><F60/><N who="3" m="35919" /><G5/><T84/><D76/><U15/><E39/><V128/><F128/><W0/><G0/><T100/><D75/><U43/><E43/><V72/><F72/><W86/><G86/><T133/><D74/><U120/><E120/><V90/><F90/><W31/><AGARI ba="2,1" hai="12,14,28,29,31,42,44,50" m="35919,30762" machi="31" ten="30,1500,0" yaku="8,1" doraHai="99" who="3" fromWho="3" sc="379,-7,222,-7,79,-7,310,31" /><INIT seed="3,3,0,3,4,125" ten="372,215,72,341" oya="3" hai0="116,25,45,2,97,131,3,75,12,11,37,78,71" hai1="113,19,96,85,117,59,98,101,54,40,132,44,42" hai2="110,16,36,48,34,129,130,79,67,9,50,109,69" hai3="103,111,126,17,53,62,43,5,127,70,55,95,90"/><W46/><G103/><T18/><D116/><U123/><E113/><V64/><F34/><W93/><G5/><T15/><D71/><U20/><E123/><V52/><F79/><W124/><G111/><N who="2" m="42505" /><F9/><W104/><G104/><T133/><D25/><U49/><E117/><V94/><F94/><N who="3" m="35851" /><G90/><T88/><D97/><U128/><E132/><V87/><F87/><W83/><G83/><T80/><D88/><U92/><E85/><V118/><F118/><W135/><G135/><T76/><D76/><U7/><E7/><V23/><F36/><N who="3" m="21863" /><G17/><T31/><D133/><U10/><E98/><V28/><F28/><W60/><G60/><T21/><D31/><U32/><E32/><V74/><F74/><W102/><G102/><T30/><D30/><U68/><E68/><V26/><F69/><W35/><G35/><T63/><D63/><U77/><E77/><V51/><F52/><W65/><AGARI ba="3,0" hai="53,55,62,65,70,124,126,127" m="21863,35851" machi="65" ten="40,2100,0" yaku="18,1" doraHai="125" who="3" fromWho="3" sc="372,-10,215,-10,72,-10,341,30" /><INIT seed="3,4,0,3,4,3" ten="362,205,62,371" oya="3" hai0="21,102,113,97,71,32,132,68,60,23,75,0,125" hai1="9,56,24,98,51,82,107,22,44,77,58,38,134" hai2="8,101,66,31,115,91,39,46,18,90,89,93,64" hai3="17,92,37,28,2,135,117,99,59,45,67,42,63"/><W104/><G104/><T48/><D75/><U69/><E69/><V33/><F115/><W54/><G135/><T116/><D116/><U94/><E107/><V27/><F39/><W119/><G28/><T13/><D0/><U124/><E38/><V35/><F35/><W122/><G122/><T95/><D132/><U30/><E134/><V128/><F128/><W76/><G76/><T70/><D32/><U12/><E124/><V40/><F40/><W121/><G121/><T72/><D72/><U61/><E82/><V131/><F46/><W36/><G36/><T130/><D130/><U109/><E77/><V103/><F131/><W29/><G29/><T100/><D125/><U120/><E120/><V80/><F80/><W81/><G81/><T88/><D113/><U85/><E85/><V43/><F43/><W10/><G67/><T62/><D48/><U118/><E118/><V19/><F93/><W86/><G86/><T114/><D114/><U105/><E105/><V49/><F49/><W127/><G127/><T129/><D129/><U73/><E73/><V123/><F123/><W65/><G65/><N who="2" m="25193" /><F8/><W110/><G110/><T106/><D23/><U25/><E109/><V47/><F47/><W34/><G34/><T87/><REACH who="0" step="1"/><D102/><REACH who="0" ten="352,205,62,371" step="2"/><U4/><E61/><V55/><F55/><W79/><G2/><T20/><D20/><U7/><E22/><V108/><F108/><W14/><G79/><T74/><D74/><U53/><E53/><V16/><F103/><AGARI ba="4,1" hai="10,14,17,37,42,45,54,59,63,92,99,103,117,119" machi="103" ten="30,1500,0" yaku="7,1" doraHai="3" who="3" fromWho="2" sc="352,0,205,0,62,-27,371,37" /><INIT seed="3,5,0,2,2,112" ten="352,205,35,408" oya="3" hai0="35,58,67,55,109,129,91,121,131,81,54,25,13" hai1="59,80,104,97,130,86,7,49,125,64,135,38,102" hai2="42,75,133,44,122,100,71,28,20,134,79,83,82" hai3="94,99,114,33,62,60,111,89,118,98,66,115,11"/><W87/><G118/><T36/><D121/><U2/><E38/><V37/><F71/><W123/><G33/><T73/><D36/><U4/><E135/><V45/><F122/><W53/><G123/><T101/><D109/><U110/><E110/><V85/><F100/><W68/><G111/><T128/><D101/><U46/><E130/><V61/><F61/><W47/><G11/><T84/><D73/><U116/><E125/><V19/><F44/><W88/><G98/><T57/><D13/><U12/><E2/><V132/><F28/><W1/><G1/><T108/><D108/><U65/><E116/><V9/><F9/><W52/><G47/><T23/><D35/><U93/><E104/><V72/><REACH who="2" step="1"/><F83/><REACH who="2" ten="352,205,25,408" step="2"/><W127/><G127/><T10/><D10/><N who="1" m="4167" /><E80/><V24/><AGARI ba="5,1" hai="19,20,24,37,42,45,72,75,79,82,85,132,133,134" machi="24" ten="30,4000,0" yaku="1,1,0,1,20,1,53,0" doraHai="112" doraHaiUra="95" who="2" fromWho="2" sc="352,-15,205,-15,25,65,408,-25" /><INIT seed="4,0,0,3,3,28" ten="337,190,90,383" oya="0" hai0="103,112,16,23,95,99,92,62,14,91,80,119,120" hai1="100,39,4,49,46,48,33,131,19,5,128,86,102" hai2="45,17,1,70,6,3,125,18,37,123,63,107,109" hai3="129,74,110,85,127,68,29,9,134,2,111,60,83"/><T122/><D119/><U40/><E39/><V12/><F107/><W104/><G74/><T34/><D112/><U88/><E19/><V114/><F109/><W76/><G104/><T55/><D80/><U73/><E73/><V89/><F123/><W97/><G97/><T93/><D34/><U106/><E48/><V51/><F37/><W126/><G29/><T105/><REACH who="0" step="1"/><D91/><REACH who="0" ten="327,190,90,383" step="2"/><U118/><E33/><V21/><F114/><W78/><G83/><T26/><D26/><U133/><E118/><V117/><F117/><W41/><G110/><T42/><D42/><U124/><E40/><V0/><F89/><W81/><G41/><T67/><D67/><U75/><E88/><V69/><F125/><W56/><G81/><T50/><D50/><U57/><E49/><V58/><F6/><W47/><G111/><T121/><D121/><U10/><E4/><V87/><F51/><W65/><G65/><T15/><D15/><U25/><E5/><V13/><F12/><W8/><G126/><T132/><D132/><U115/><E133/><V22/><F13/><W32/><G32/><T11/><D11/><U77/><E10/><V31/><F1/><W96/><G2/><T71/><D71/><U84/><E124/><V43/><F3/><W135/><G68/><T108/><D108/><U66/><E66/><V90/><F0/><W116/><G127/><T61/><D61/><U79/><E115/><V64/><F70/><W94/><G60/><T98/><D98/><U72/><E25/><N who="2" m="16823" /><F69/><W36/><G134/><T53/><D53/><U113/><E113/><V130/><F64/><RYUUKYOKU ba="0,1" sc="327,30,190,-10,90,-10,383,-10" hai0="14,16,23,55,62,92,93,95,99,103,105,120,122" /><INIT seed="4,1,1,1,5,120" ten="357,180,80,373" oya="0" hai0="72,78,23,100,37,117,32,75,63,101,42,53,4" hai1="27,69,46,96,15,81,35,91,73,131,102,54,6" hai2="77,111,123,132,39,94,22,104,98,118,64,50,57" hai3="19,58,41,89,2,109,30,36,135,126,21,134,28"/><T74/><D32/><U7/><E69/><V14/><F39/><W71/><G71/><T76/><D117/><U38/><E131/><V110/><F123/><W11/><G126/><T130/><D130/><U127/><E127/><V16/><F118/><W103/><G103/><T79/><D4/><U0/><E0/><V13/><F104/><W128/><G128/><T52/><D23/><U45/><E35/><V62/><F132/><W122/><G122/><T92/><D63/><U90/><E27/><V20/><F77/><W106/><G106/><T86/><D86/><U95/><E73/><V124/><F124/><W121/><G121/><T116/><D116/><U34/><E34/><V44/><F22/><W55/><G41/><T80/><D80/><U99/><E38/><V85/><F85/><W25/><G36/><T1/><D1/><U40/><E40/><V87/><F87/><W26/><G89/><T43/><D92/><U70/><E70/><V125/><F14/><W48/><G2/><T29/><D29/><U33/><E33/><V5/><F5/><W49/><G11/><T51/><D37/><U113/><E81/><V60/><F60/><W17/><G134/><T129/><D129/><U66/><E7/><V10/><F10/><W65/><G135/><T108/><D108/><U84/><E6/><V68/><F125/><W67/><G109/><T8/><D8/><U31/><E84/><V47/><F68/><W114/><G21/><T9/><D9/><U59/><E95/><V12/><F110/><W3/><G3/><T107/><D107/><U93/><E93/><RYUUKYOKU ba="1,1" sc="357,0,180,0,80,0,373,0" /><INIT seed="5,2,1,3,0,67" ten="357,180,80,373" oya="1" hai0="53,97,7,12,34,94,39,0,63,65,102,19,28" hai1="41,130,47,54,108,135,32,25,123,52,100,93,21" hai2="23,104,112,116,90,76,43,61,64,88,95,105,30" hai3="10,109,84,16,83,75,58,132,66,91,89,44,124"/><U4/><E123/><V45/><F116/><W29/><G109/><T87/><D39/><U11/><E32/><V31/><F76/><W49/><G75/><T40/><D40/><U79/><E108/><V127/><F127/><W59/><G132/><T99/><D53/><U2/><E135/><V129/><F129/><W107/><G107/><T56/><D87/><U111/><E111/><V73/><F73/><W86/><G29/><T82/><D82/><U60/><E130/><V6/><F6/><W96/><G96/><T20/><D97/><U27/><E79/><V33/><F33/><W103/><G103/><T128/><D128/><U15/><E2/><V46/><F112/><W3/><G66/><T71/><D34/><U115/><E115/><V69/><F46/><W117/><G117/><T113/><D28/><U22/><E93/><V74/><F74/><W110/><G124/><T81/><D81/><U114/><E100/><V1/><F1/><W106/><G106/><T24/><D113/><U77/><E77/><V119/><F119/><W68/><G3/><T48/><D0/><U120/><E120/><V36/><F31/><W35/><G35/><T9/><REACH who="0" step="1"/><D48/><REACH who="0" ten="347,180,80,373" step="2"/><N who="1" m="26735" /><E114/><V5/><F90/><W133/><G91/><T50/><D50/><U13/><E54/><V57/><F88/><W55/><G133/><T121/><D121/><U85/><E85/><V26/><F36/><W37/><G86/><T126/><D126/><U125/><E125/><V14/><F30/><W70/><G37/><T62/><D62/><U80/><E80/><V98/><F61/><W17/><G110/><RYUUKYOKU ba="2,2" sc="347,30,180,-10,80,-10,373,-10" hai0="7,9,12,19,20,24,56,63,65,71,94,99,102" /><INIT seed="6,3,2,0,2,57" ten="377,170,70,363" oya="2" hai0="90,76,25,31,70,127,124,19,38,121,11,102,86" hai1="62,0,93,69,30,9,2,16,59,128,51,108,45" hai2="133,75,41,32,98,77,110,61,87,100,97,54,94" hai3="78,48,8,114,29,134,39,83,71,130,49,115,43"/><V74/><F32/><W91/><G71/><T113/><D121/><U7/><E108/><V72/><F110/><W20/><G91/><T103/><D38/><U26/><E69/><V64/><F133/><W105/><G105/><T129/><D129/><U104/><E104/><V82/><F41/><W96/><G96/><T116/><D113/><N who="3" m="43017" /><G134/><T135/><D135/><U42/><E128/><V13/><F13/><W66/><G66/><T28/><D76/><U92/><E0/><V67/><REACH who="2" step="1"/><F98/><REACH who="2" ten="377,170,60,363" step="2"/><W47/><G130/><T125/><D125/><U12/><E2/><V15/><F15/><W123/><G123/><T73/><D127/><U5/><E5/><V3/><F3/><W79/><G39/><T35/><D35/><U119/><E7/><V6/><F6/><W85/><G43/><T17/><D124/><U111/><E111/><V55/><F55/><W120/><G120/><T84/><D116/><U56/><E119/><V34/><F34/><W44/><G85/><T1/><D86/><U50/><E26/><V89/><F89/><W81/><G79/><T22/><D90/><U101/><E101/><V24/><F24/><W122/><G78/><T21/><D84/><U106/><E42/><V65/><F65/><W23/><G122/><T131/><D131/><U60/><E12/><V14/><F14/><W40/><G40/><T37/><D1/><U95/><E9/><V10/><F10/><W68/><G8/><T107/><D11/><U58/><E106/><V112/><F112/><W52/><G52/><T46/><D37/><U80/><E80/><V18/><F18/><RYUUKYOKU ba="3,3" sc="377,-10,170,-10,60,30,363,-10" hai2="54,61,64,67,72,74,75,77,82,87,94,97,100" /><INIT seed="6,4,3,0,5,13" ten="367,160,90,353" oya="2" hai0="11,5,54,30,59,50,98,121,10,96,39,66,3" hai1="35,44,117,74,89,115,70,48,104,79,7,72,108" hai2="106,16,43,26,91,36,4,99,55,56,63,130,41" hai3="19,110,80,102,51,29,114,42,100,57,77,28,18"/><V62/><F130/><W47/><G110/><T68/><D39/><U107/><E108/><V135/><F135/><W60/><G114/><T38/><D38/><U122/><E117/><V27/><F36/><W94/><G80/><T0/><D121/><U97/><E70/><V73/><F73/><W123/><G77/><T103/><D30/><N who="3" m="11881" /><G123/><T105/><D96/><U64/><E64/><V6/><F106/><W52/><G94/><T113/><D113/><U92/><E35/><V95/><F63/><W76/><G76/><T128/><D128/><U21/><E122/><V93/><F93/><W12/><G19/><T33/><D33/><U37/><E37/><V14/><F4/><W132/><G132/><T86/><D86/><U81/><E72/><V32/><F6/><W69/><G69/><T24/><D24/><N who="2" m="9258" /><F32/><W71/><G71/><T125/><D3/><U23/><E7/><V129/><F129/><W25/><G25/><T124/><D11/><AGARI ba="4,3" hai="11,14,16,41,43,55,56,62,91,95,99" m="9258" machi="11" ten="30,5800,0" yaku="8,1,52,1,54,1" doraHai="13" who="2" fromWho="0" sc="367,-70,160,0,90,100,353,0" /><AGARI ba="4,0" hai="11,12,18,42,47,51,52,57,60,100,102" m="11881" machi="11" ten="30,3900,0" yaku="8,1,52,1,54,1" doraHai="13" who="3" fromWho="0" sc="297,-39,160,0,190,0,353,39" /><INIT seed="6,5,0,2,5,5" ten="258,160,190,392" oya="2" hai0="50,80,6,32,71,42,67,68,44,70,103,110,85" hai1="108,98,131,94,24,63,17,81,113,78,66,79,116" hai2="14,37,82,22,58,109,83,30,97,88,73,64,93" hai3="10,90,130,48,77,4,20,125,62,134,51,112,28"/><V11/><F37/><W96/><G134/><T41/><D32/><U36/><E108/><V33/><F33/><W72/><G125/><T101/><D110/><U118/><E36/><V121/><F73/><W27/><G130/><T18/><D67/><U123/><E131/><V117/><F121/><W43/><G43/><T39/><D41/><U55/><E123/><V100/><F117/><W104/><G62/><T19/><D39/><U89/><E113/><V9/><F109/><W92/><G104/><T40/><D40/><U56/><E66/><V122/><F122/><W99/><G99/><T23/><D6/><U114/><E114/><V31/><F22/><W107/><G107/><T106/><D106/><U15/><E24/><V35/><F35/><W54/><G54/><T84/><D84/><U61/><E61/><N who="2" m="37943" /><F100/><W53/><G53/><T47/><D47/><U135/><E135/><V60/><F60/><W128/><G128/><T75/><D75/><U25/><E25/><V16/><F11/><W49/><G112/><T13/><REACH who="0" step="1"/><D18/><REACH who="0" ten="248,160,190,392" step="2"/><U86/><REACH who="1" step="1"/><E79/><AGARI ba="5,1" hai="13,19,23,42,44,50,68,70,71,79,80,85,101,103" machi="79" ten="40,2600,0" yaku="1,1,2,1,53,0" doraHai="5" doraHaiUra="120" who="0" fromWho="1" sc="248,51,160,-41,190,0,392,0" /><INIT seed="7,0,0,4,0,50" ten="299,119,190,392" oya="3" hai0="60,45,116,56,48,122,75,49,88,80,79,29,72" hai1="0,128,113,30,41,117,97,109,78,68,27,20,95" hai2="124,55,61,24,74,57,81,47,103,110,4,108,21" hai3="64,43,66,40,76,42,18,11,83,10,3,127,134"/><W112/><G134/><T123/><D116/><U96/><E109/><V130/><F130/><W98/><G127/><T90/><D75/><U132/><E132/><V105/><F124/><W107/><G112/><T58/><D29/><U118/><E128/><V94/><F105/><W87/><G3/><T69/><D69/><U121/><E121/><V14/><F74/><W46/><G46/><T16/><D49/><U100/><E113/><V114/><F114/><W5/><G5/><T62/><D58/><U12/><E0/><V23/><F81/><W53/><G53/><T102/><D102/><U15/><E68/><V93/><F108/><W7/><G7/><T101/><D101/><U26/><E78/><V28/><F103/><W126/><G98/><T86/><D16/><U84/><E84/><V9/><F110/><W77/><G18/><T119/><D119/><U36/><E97/><V91/><F47/><W85/><G107/><T22/><D22/><U2/><E2/><V38/><F38/><W51/><G10/><T89/><D72/><U115/><E115/><V25/><F91/><W34/><G11/><T65/><REACH who="0" step="1"/><D60/><REACH who="0" ten="289,119,190,392" step="2"/><U32/><E118/><V125/><F125/><W33/><G51/><T54/><AGARI ba="0,1" hai="45,48,54,56,62,65,79,80,86,88,89,90,122,123" machi="54" ten="30,8000,1" yaku="1,1,2,1,0,1,52,1,54,1,53,0" doraHai="50" doraHaiUra="104" who="0" fromWho="0" sc="289,90,119,-20,190,-20,392,-40" owari="379,48.0,99,-40.0,170,-23.0,352,15.0" /></mjloggm>