<mjloggm ver="2.3"><GO type="41"/><UN n0="%E3%82%A6%E3%83%AB%E3%83%88%E3%83%A9%E7%AB%8B%E7%9B%B4" n1="%74%61%63%68%69%6F%63%68" n2="%E5%86%B7%E5%A5%B4%E6%82%A3%E8%80%85%4C%76%EF%BC%95" n3="%EF%BC%9C%E8%A5%BF%E8%A1%8C%E5%AF%BA%E5%B9%BD%E3%80%85%E5%AD%90%EF%BC%9E" dan="14,15,15,14" rate="1943,1916,2004,1960" sx="M,F,M,M"/><TAIKYOKU oya="0"/><INIT seed="0,0,0,0,3,109" ten="250,250,250,250" oya="0" hai0="15,129,112,60,121,12,66,115,118,87,65,46,2" hai1="103,10,48,98,42,47,88,78,55,79,53,32,37" hai2="133,122,100,82,58,101,104,1,54,29,26,94,41" hai3="30,134,45,0,84,93,120,39,90,43,75,51,25"/><T86/><D2/><U123/><E32/><V16/><F122/><W127/><G120/><T128/><D121/><U96/><E123/><V77/><F104/><W59/><G134/><T68/><D46/><U38/><E38/><V61/><F1/><W11/><G0/><T52/><D52/><N who="1" m="20043" /><E37/><V57/><F57/><W14/><G127/><T21/><D60/><U8/><E103/><V6/><F6/><W106/><G59/><T35/><D35/><U125/><E125/><V7/><F7/><W95/><G106/><T135/><D21/><U17/><E98/><V111/><F111/><W20/><G39/><T22/><D22/><U3/><E3/><V80/><F41/><W99/><G75/><T81/><D81/><U5/><E5/><V34/><F133/><W74/><G74/><T108/><D135/><U76/><E17/><V71/><F71/><W97/><G95/><AGARI ba="0,0" hai="8,10,42,47,48,76,78,79,88,95,96" m="20043" machi="95" ten="30,3900,0" yaku="8,1,54,2" doraHai="109" who="1" fromWho="3" sc="250,0,250,39,250,0,250,-39" /><INIT seed="1,0,0,1,1,94" ten="250,289,250,211" oya="1" hai0="98,88,95,131,75,100,3,85,31,8,82,86,127" hai1="108,112,123,66,45,54,83,25,11,109,78,39,133" hai2="43,1,120,6,130,55,23,70,104,14,19,34,18" hai3="4,97,106,111,12,60,15,92,50,96,0,49,32"/><U84/><E123/><V77/><F120/><W134/><G32/><T22/><D3/><U13/><E112/><V61/><F34/><W102/><G111/><N who="1" m="42570" /><E133/><V74/><F130/><W116/><G134/><T91/><D131/><U122/><E122/><V114/><F114/><W128/><G128/><T68/><D68/><U115/><E115/><V30/><F30/><W65/><G116/><T56/><D127/><U118/><E118/><V36/><F104/><W71/><G0/><T38/><D38/><U132/><E132/><V113/><F113/><W33/><G33/><T81/><D8/><U79/><E66/><V27/><F6/><W7/><G4/><T129/><D129/><U57/><E25/><V59/><F70/><W135/><G135/><T103/><D31/><U101/><E101/><N who="0" m="38985" /><D22/><U26/><E26/><V44/><F1/><W105/><G105/><T63/><D75/><U2/><E2/><V37/><F77/><W5/><G5/><T121/><D121/><U117/><E117/><V124/><F124/><W72/><G72/><T53/><D91/><N who="1" m="51615" /><E45/><V64/><F74/><W125/><G125/><T28/><D28/><U42/><E42/><V20/><F64/><W58/><G71/><T90/><D82/><U62/><E39/><AGARI ba="0,0" hai="14,18,19,20,23,27,36,37,39,43,44,55,59,61" machi="39" ten="30,1000,0" yaku="7,1" doraHai="94" who="2" fromWho="1" sc="250,0,289,-10,250,10,211,0" /><INIT seed="2,0,0,5,4,31" ten="250,279,260,211" oya="2" hai0="131,88,59,38,120,5,104,54,127,37,79,105,58" hai1="83,7,41,21,119,40,30,63,117,107,61,84,110" hai2="76,52,28,96,92,93,57,87,94,60,19,95,124" hai3="50,86,115,39,102,55,90,36,82,72,68,4,47"/><V74/><F74/><W135/><G115/><T111/><D120/><U27/><E110/><V116/><F116/><W3/><G135/><T49/><D111/><U114/><E107/><V65/><F124/><W125/><G68/><T14/><D127/><U118/><E114/><V100/><F28/><W1/><G125/><T103/><D131/><U98/><E7/><V108/><F108/><W43/><G102/><T122/><D122/><U73/><E73/><V121/><F121/><W35/><G35/><T23/><D79/><U71/><E98/><V69/><F19/><W130/><G130/><T133/><D133/><U15/><E15/><V12/><F12/><W97/><G97/><T16/><D103/><U126/><E126/><V78/><REACH who="2" step="1"/><F87/><REACH who="2" ten="250,279,250,211" step="2"/><W25/><G72/><T22/><D5/><U34/><E119/><V80/><F80/><W13/><G13/><T99/><D38/><U8/><E118/><V132/><F132/><W6/><G36/><T81/><D37/><U67/><E117/><V77/><F77/><W128/><G128/><T62/><D81/><U101/><E30/><V75/><F75/><W45/><G4/><T0/><D0/><U48/><E84/><V85/><F85/><W56/><G6/><T91/><D23/><U42/><E21/><V44/><F44/><W53/><G25/><T2/><D2/><U64/><E27/><V46/><F46/><W10/><REACH who="3" step="1"/><G10/><REACH who="3" ten="250,279,250,201" step="2"/><T134/><D134/><U11/><E11/><V51/><AGARI ba="0,2" hai="51,52,57,60,65,69,76,78,92,93,94,95,96,100" machi="51" ten="30,6000,0" yaku="1,1,0,1,54,1,53,0" doraHai="31" doraHaiUra="129" who="2" fromWho="2" sc="250,-20,279,-20,250,80,201,-20" /><INIT seed="2,1,0,4,1,30" ten="230,259,330,181" oya="2" hai0="79,0,120,112,16,20,116,76,55,85,73,3,1" hai1="129,130,67,58,121,97,70,104,33,62,28,94,15" hai2="42,26,118,107,21,56,91,60,75,113,101,88,24" hai3="110,96,100,44,14,86,92,27,124,68,19,106,115"/><V133/><F113/><W81/><G68/><T7/><D112/><U93/><E121/><V125/><F75/><W61/><G115/><T32/><D120/><U90/><E15/><V39/><F118/><W57/><G124/><T52/><D116/><U51/><E94/><V117/><F117/><W99/><G110/><T59/><D73/><U10/><E10/><V66/><F125/><W72/><G72/><T134/><D134/><U31/><E31/><V105/><F26/><W37/><G37/><T5/><D32/><U80/><E80/><V35/><F35/><W47/><G27/><T64/><D64/><U89/><E89/><V77/><F77/><W135/><G135/><T43/><D43/><U98/><E51/><V40/><F133/><W82/><G82/><T114/><D114/><U53/><E53/><N who="0" m="20553" /><D59/><U122/><E58/><V17/><F101/><W103/><G57/><T87/><D20/><U128/><E122/><V29/><F17/><W65/><G61/><T123/><D123/><U45/><E45/><V131/><F131/><W63/><G63/><T84/><D16/><U71/><E71/><V13/><F13/><W109/><G65/><T49/><D49/><U41/><E41/><V83/><F39/><W38/><G38/><T36/><D36/><U12/><E12/><V108/><F108/><W119/><G109/><T95/><D95/><U48/><E48/><V78/><F105/><W2/><G2/><T69/><D69/><U8/><E130/><V11/><F107/><W9/><G119/><T25/><D25/><N who="1" m="18575" /><E8/><V127/><F11/><W18/><G18/><RYUUKYOKU ba="1,0" sc="230,10,259,10,330,-30,181,10" hai0="0,1,3,5,7,76,79,84,85,87" hai1="62,67,70,90,93,97,98,104,128,129" hai3="9,14,19,44,47,81,86,92,96,99,100,103,106" /><INIT seed="3,2,0,0,0,28" ten="240,269,300,191" oya="3" hai0="25,110,8,9,59,38,99,98,88,124,76,73,50" hai1="131,127,94,112,133,53,93,123,16,119,30,52,24" hai2="114,116,12,89,117,75,100,46,120,62,126,69,91" hai3="66,5,58,80,47,128,87,97,42,134,23,15,33"/><W41/><G41/><T49/><D38/><U51/><E123/><V1/><F114/><W37/><G134/><T0/><D124/><U55/><E112/><V29/><F1/><W13/><G128/><T19/><D110/><U67/><E131/><V32/><F75/><W113/><G113/><T43/><D76/><U122/><E122/><V45/><F120/><W4/><G97/><T21/><D73/><U2/><E2/><V129/><F126/><W72/><G72/><T105/><D105/><U106/><E106/><V39/><F129/><W3/><G33/><T109/><D109/><U48/><E119/><V44/><F39/><W78/><G3/><T84/><D0/><U121/><E121/><V64/><F100/><W22/><G15/><T36/><D36/><U34/><E133/><V70/><F70/><W96/><G96/><N who="0" m="36907" /><D59/><U90/><E67/><V107/><F107/><W71/><G71/><T14/><D43/><U103/><E103/><V81/><F12/><W135/><G135/><T101/><D101/><U108/><E108/><V35/><F29/><W18/><REACH who="3" step="1"/><G22/><REACH who="3" ten="240,269,300,181" step="2"/><T10/><D14/><U92/><E127/><V68/><F69/><W61/><AGARI ba="2,1" hai="4,5,13,18,23,37,42,47,58,61,66,78,80,87" machi="61" ten="30,11700,0" yaku="1,1,2,1,0,1,53,1" doraHai="28" doraHaiUra="74" who="3" fromWho="3" sc="240,-41,269,-41,300,-41,181,133" /><INIT seed="3,3,0,3,0,20" ten="199,228,259,314" oya="3" hai0="64,99,35,121,15,76,131,28,77,86,69,18,74" hai1="125,126,44,2,89,114,54,40,82,37,26,14,30" hai2="66,23,106,29,43,119,6,21,16,27,68,102,0" hai3="10,112,88,25,24,3,132,94,81,42,11,22,31"/><W72/><G112/><T128/><D121/><U5/><E2/><V117/><F43/><W70/><G70/><T103/><D86/><U52/><E114/><V84/><F0/><W98/><G132/><T93/><D64/><U91/><E5/><V12/><F6/><W45/><G3/><T65/><D65/><U113/><E113/><V46/><F46/><W123/><G123/><T104/><D69/><U61/><E14/><V38/><F38/><W51/><REACH who="3" step="1"/><G24/><REACH who="3" ten="199,228,259,304" step="2"/><N who="0" m="18823" /><D74/><U33/><E82/><V100/><F68/><W129/><G129/><N who="0" m="49739" /><D104/><U122/><E122/><V56/><F106/><W83/><G83/><T57/><D57/><U8/><E126/><V58/><F58/><W9/><G9/><AGARI ba="3,1" hai="9,15,18,76,77,93,99,103" m="49739,18823" machi="9" ten="30,2000,0" yaku="19,1,52,1" doraHai="20" who="0" fromWho="3" sc="199,39,228,0,259,0,304,-29" /><INIT seed="4,0,0,5,2,92" ten="238,228,259,275" oya="0" hai0="64,39,0,45,7,37,34,111,122,74,48,58,46" hai1="133,81,93,105,57,62,126,12,14,30,119,77,38" hai2="19,88,123,27,36,110,60,50,5,55,130,53,86" hai3="114,129,125,115,83,31,3,82,8,59,91,24,20"/><T112/><D34/><U102/><E38/><N who="0" m="14345" /><D7/><U25/><E105/><V61/><F110/><W113/><G129/><T101/><D101/><U96/><E119/><V95/><F36/><W4/><G125/><T49/><D74/><U35/><E126/><V51/><F123/><W21/><G59/><T109/><D0/><U72/><REACH who="1" step="1"/><E133/><REACH who="1" ten="238,218,259,275" step="2"/><V106/><F106/><W117/><G117/><T26/><D122/><U43/><E43/><V79/><F130/><W71/><G71/><T2/><D2/><U11/><E11/><V16/><F5/><W120/><G120/><T63/><D26/><U66/><AGARI ba="0,1" hai="12,14,25,30,35,57,62,66,72,77,81,93,96,102" machi="66" ten="20,8000,1" yaku="1,1,0,1,7,1,52,1,53,1" doraHai="92" doraHaiUra="29" who="1" fromWho="1" sc="238,-40,218,90,259,-20,275,-20" /><INIT seed="5,0,0,3,3,98" ten="198,308,239,255" oya="1" hai0="96,59,86,107,16,19,105,110,111,57,118,13,35" hai1="116,4,41,103,132,1,77,26,10,32,58,133,37" hai2="45,15,87,54,73,47,38,50,120,34,115,52,95" hai3="134,92,76,46,43,69,82,97,68,113,117,78,88"/><U56/><E116/><V3/><F3/><W48/><G117/><T14/><D86/><U85/><E32/><V124/><F73/><W62/><G134/><N who="1" m="51818" /><E26/><V28/><F120/><W9/><G113/><T72/><D96/><U135/><N who="1" m="51826" /><U102/><DORA hai="0" /><E41/><V99/><F124/><W24/><G78/><T71/><D35/><U126/><E37/><V39/><F115/><W91/><G91/><T6/><D118/><U64/><E126/><V27/><F87/><W40/><G40/><T93/><D93/><U20/><E20/><V112/><F112/><W63/><G69/><T21/><D21/><U75/><E75/><V80/><F80/><W61/><G68/><T8/><D72/><U94/><E58/><V36/><F15/><W129/><G129/><T109/><D71/><U22/><E22/><V123/><F123/><W30/><G9/><T42/><D42/><U55/><E64/><V74/><F74/><W89/><G89/><T23/><REACH who="0" step="1"/><D19/><REACH who="0" ten="188,308,239,255" step="2"/><U130/><E130/><V11/><F11/><W106/><G106/><AGARI ba="0,1" hai="6,8,13,14,16,23,57,59,105,106,107,109,110,111" machi="106" ten="50,8000,1" yaku="1,1,2,1,52,1,54,1,53,1" doraHai="98,0" doraHaiUra="84,12" who="0" fromWho="3" sc="188,90,308,0,239,0,255,-80" /><INIT seed="6,0,0,4,3,43" ten="278,308,239,175" oya="2" hai0="66,122,112,100,38,18,81,75,73,13,105,2,84" hai1="60,132,22,93,117,131,76,96,120,1,107,94,30" hai2="102,90,54,91,127,57,110,55,40,0,41,28,68" hai3="27,108,8,80,9,49,119,72,10,45,63,17,104"/><V15/><F0/><W29/><G104/><T103/><D2/><U69/><E1/><V56/><F68/><W23/><G119/><T113/><D66/><U31/><E120/><V19/><F102/><N who="0" m="38954" /><D38/><U34/><E117/><V89/><F28/><W67/><G108/><T32/><D32/><U125/><E107/><V64/><F110/><W52/><G72/><T95/><D105/><U124/><E34/><V53/><F127/><N who="1" m="48713" /><E76/><V46/><F64/><W92/><G80/><T50/><D95/><N who="1" m="36363" /><E96/><V98/><F98/><W16/><REACH who="3" step="1"/><G92/><REACH who="3" ten="278,308,239,165" step="2"/><T11/><D75/><U62/><E132/><V130/><F130/><W7/><G7/><T82/><D73/><U74/><E74/><V133/><F133/><W58/><AGARI ba="0,1" hai="8,9,10,16,17,23,27,29,45,49,52,58,63,67" machi="58" ten="30,12000,2" yaku="1,1,0,1,8,1,52,1,54,2,53,0" doraHai="43" doraHaiUra="109" who="3" fromWho="3" sc="278,-30,308,-30,239,-60,165,130" /><INIT seed="7,0,0,4,3,50" ten="248,278,179,295" oya="3" hai0="61,6,67,28,10,22,64,113,101,99,20,120,121" hai1="118,1,106,119,125,30,42,32,35,90,4,97,12" hai2="2,55,78,129,103,72,127,33,40,25,7,135,21" hai3="73,23,130,56,13,17,82,48,79,41,111,19,5"/><W88/><G130/><T100/><D113/><U75/><E75/><V66/><F129/><W31/><G111/><T117/><D117/><N who="1" m="44555" /><E1/><V34/><F66/><N who="0" m="25130" /><D61/><U92/><E106/><V76/><F135/><W16/><G31/><T36/><D36/><U60/><E125/><V52/><F127/><W49/><G5/><T126/><D126/><U44/><E30/><V54/><F40/><W62/><G49/><T26/><D99/><U14/><E60/><V63/><F63/><W11/><G19/><T105/><D105/><U131/><E131/><V27/><F103/><N who="0" m="39498" /><D26/><U83/><E83/><V108/><F108/><W112/><G112/><T86/><D28/><U110/><E110/><V39/><F39/><W89/><G48/><T68/><D68/><U47/><E47/><V95/><F27/><W37/><G41/><T51/><D51/><N who="1" m="27031" /><E4/><V46/><F46/><W133/><G37/><T43/><D43/><U128/><E128/><V123/><F123/><W18/><G133/><T98/><D120/><U65/><E65/><V15/><F2/><W84/><G73/><T24/><D121/><U29/><E29/><N who="2" m="17583" /><F72/><W96/><G96/><T124/><D98/><U132/><E132/><V81/><F95/><W70/><G70/><T0/><D124/><U77/><E77/><N who="2" m="29803" /><F81/><W74/><G74/><T87/><D24/><U69/><E69/><V59/><F59/><W93/><G79/><T116/><D116/><U53/><E35/><V38/><F38/><W58/><G18/><T85/><D0/><U57/><E32/><N who="2" m="12395" /><F7/><W102/><G102/><T9/><D6/><U8/><E8/><AGARI ba="0,0" hai="8,9,10,20,22,85,86,87" m="39498,25130" machi="8" ten="30,7700,0" yaku="6,1,28,2,8,1" doraHai="50" who="0" fromWho="1" sc="248,77,278,-77,179,0,295,0" owari="325,42.0,201,-20.0,179,-32.0,295,10.0" /></mjloggm>