<mjloggm ver="2.3"><GO type="43"/><UN n0="%E5%85%AB%E5%8D%81%E6%97%A5%E9%96%93%E4%B8%96%E7%95%8C%E4%B8%80%E5%91%A8" n1="%E3%81%8B%E3%82%8B%E3%81%82%E3%81%BF%E3%82%8B%E3%81%8F" n2="%EF%BC%88%E2%89%A7%E2%96%BD%E2%89%A6%EF%BC%89" n3="%E5%B7%9D%E5%BD%A6" dan="14,14,14,13" rate="1890,1861,2059,1876" sx="M,F,M,F"/><TAIKYOKU oya="0"/><INIT seed="0,0,0,4,5,41" ten="250,250,250,250" oya="0" hai0="6,5,79,65,62,77,90,58,36,109,100,21,135" hai1="51,127,2,83,20,18,22,91,56,55,52,10,15" hai2="26,72,39,73,16,98,133,120,38,131,31,35,50" hai3="86,128,102,3,110,59,116,49,70,71,61,76,112"/><T0/><D36/><N who="2" m="13866" /><F16/><W81/><G3/><T134/><D100/><U115/><E127/><V9/><F50/><W108/><G112/><T53/><D21/><U45/><E115/><V68/><F98/><W12/><G102/><T75/><D90/><U85/><REACH who="1" step="1"/><E2/><REACH who="1" step="2"/><V101/><F120/><W67/><G116/><T47/><D0/><U105/><E105/><V8/><F133/><N who="0" m="50698" /><D75/><U111/><E111/><V42/><F73/><W93/><G110/><T48/><D109/><U78/><E78/><AGARI ba="0,1" hai="5,6,47,48,53,58,62,65,77,78,79" m="50698" machi="78" ten="30,2900,0" yaku="20,1,52,1" doraHai="41" who="0" fromWho="1" sc="250,39,240,-29,250,0,250,0" /><INIT seed="0,1,0,1,3,82" ten="289,211,250,250" oya="0" hai0="29,101,94,9,53,113,99,116,32,4,130,112,93" hai1="115,35,47,20,55,61,97,39,72,128,75,73,102" hai2="86,68,134,125,121,95,109,131,127,117,81,12,5" hai3="84,56,88,14,87,10,24,98,44,104,42,80,7"/><T103/><D116/><U122/><E35/><V60/><F121/><W38/><G24/><T26/><D130/><U8/><E128/><V69/><F117/><W59/><G104/><T65/><D65/><U33/><E33/><V52/><F131/><W90/><REACH who="3" step="1"/><G98/><REACH who="3" step="2"/><T91/><D103/><U23/><E97/><V31/><F127/><W34/><G34/><T13/><D53/><U25/><E102/><V0/><F125/><W58/><G58/><T62/><D62/><U19/><E61/><V50/><F68/><W43/><G43/><T1/><REACH who="0" step="1"/><D1/><REACH who="0" step="2"/><U108/><E55/><V18/><F0/><W83/><AGARI ba="1,2" hai="7,10,14,38,42,44,56,59,80,83,84,87,88,90" machi="83" ten="20,12000,2" yaku="1,1,0,1,7,1,9,1,52,2,53,1" doraHai="82" doraHaiUra="41" who="3" fromWho="3" sc="279,-61,211,-31,250,-31,240,143" /><INIT seed="1,0,0,5,0,44" ten="218,180,219,383" oya="1" hai0="38,109,34,62,36,65,43,27,111,64,107,90,86" hai1="13,113,97,72,55,110,10,91,130,7,40,12,118" hai2="82,51,87,0,133,79,33,11,14,2,31,39,105" hai3="114,3,77,48,78,32,126,23,4,89,58,96,25"/><U128/><E113/><V73/><F133/><W129/><G32/><T108/><D107/><U124/><E72/><V24/><F105/><W115/><G3/><T42/><D34/><U121/><E118/><V134/><F134/><W102/><G4/><T70/><D27/><U49/><E121/><V53/><F39/><W131/><G89/><T29/><D29/><U103/><E40/><V26/><F26/><W54/><G126/><T45/><D90/><U67/><E91/><V94/><F94/><W92/><G23/><T60/><D86/><U17/><E124/><V85/><F73/><W101/><G25/><T106/><D106/><N who="1" m="63855" /><E67/><V125/><F85/><W59/><G59/><T47/><REACH who="0" step="1"/><D109/><REACH who="0" step="2"/><U88/><E88/><V127/><F127/><W132/><G132/><T119/><D119/><U46/><E110/><V41/><F125/><W98/><G115/><T99/><D99/><U1/><E17/><V84/><F84/><W69/><G114/><T5/><D5/><U19/><E19/><V95/><F95/><W52/><G92/><T122/><D122/><U22/><E22/><V76/><F76/><W28/><G28/><T20/><D20/><U37/><E37/><V66/><F79/><W100/><G78/><T104/><D104/><U135/><E135/><V117/><F117/><W120/><G77/><T8/><D8/><U35/><E35/><V71/><F33/><W83/><G120/><T30/><D30/><U9/><E9/><V68/><F11/><W93/><G93/><T61/><D61/><U6/><E6/><V57/><F31/><W56/><G98/><RYUUKYOKU ba="0,1" sc="208,15,180,15,219,-15,383,-15" hai0="36,38,42,43,45,47,60,62,64,65,70,108,111" hai1="1,7,10,12,13,46,49,55,128,130" /><INIT seed="1,1,1,1,3,59" ten="223,195,204,368" oya="1" hai0="45,39,13,14,97,37,79,54,30,31,50,9,44" hai1="77,117,57,10,127,28,95,49,56,21,121,104,42" hai2="90,74,93,55,17,67,71,125,20,52,3,4,103" hai3="135,94,119,1,133,100,131,29,46,113,22,111,96"/><U116/><E104/><V65/><F125/><W34/><G34/><T85/><D97/><U124/><E121/><V68/><F74/><W84/><G1/><T48/><D79/><U33/><E33/><V18/><F3/><W126/><G113/><T76/><D76/><U134/><E77/><V81/><F4/><W114/><G114/><T98/><D98/><U83/><E83/><V51/><F71/><W105/><G46/><T64/><D64/><N who="2" m="24650" /><F68/><W87/><G119/><T123/><D123/><U40/><E10/><V106/><F106/><W58/><G126/><N who="1" m="48170" /><E95/><V47/><F103/><W99/><G111/><T128/><D128/><U89/><E89/><V72/><F72/><W66/><G131/><T91/><D37/><U23/><E134/><V62/><F81/><W15/><G87/><T12/><D39/><U110/><E110/><V92/><F90/><W8/><G84/><T6/><D91/><U108/><E108/><V38/><F38/><W61/><G8/><T60/><D85/><U132/><E132/><V109/><F109/><W69/><G69/><T80/><D60/><U82/><E82/><V75/><F75/><W35/><G35/><T26/><D80/><U43/><E28/><N who="0" m="10793" /><D26/><U27/><E27/><N who="2" m="14735" /><F18/><W73/><G73/><T5/><D9/><U25/><E49/><V112/><F112/><W53/><G133/><T32/><D32/><U115/><E115/><V36/><F36/><W101/><G135/><T63/><D63/><U78/><E78/><V107/><F107/><W7/><G105/><T19/><D19/><N who="1" m="12479" /><E23/><V2/><F2/><W0/><G0/><RYUUKYOKU ba="1,1" sc="223,10,195,10,204,10,368,-30" hai0="5,6,12,13,14,44,45,48,50,54" hai1="40,42,43,56,57,116,117" hai2="47,51,52,55,62,92,93" /><INIT seed="1,2,1,2,4,116" ten="233,205,214,338" oya="1" hai0="37,2,96,126,60,79,101,22,133,3,106,61,107" hai1="89,91,64,134,93,84,102,30,17,99,39,29,40" hai2="68,13,56,132,8,114,49,25,0,94,9,104,45" hai3="54,120,80,110,63,70,82,35,135,113,131,118,121"/><U42/><E39/><V81/><F104/><W51/><G35/><T124/><D133/><U98/><E134/><V11/><F68/><W115/><G82/><T119/><D119/><U6/><E6/><N who="2" m="3223" /><F0/><W125/><G80/><T69/><D22/><U74/><E74/><V20/><F132/><W27/><G27/><T117/><D117/><U52/><E64/><V88/><F56/><W19/><G19/><T4/><D79/><U77/><E99/><N who="2" m="57799" /><F81/><W50/><G135/><T41/><D107/><U105/><E105/><V44/><F114/><W75/><G75/><T12/><D12/><U109/><E109/><V86/><F86/><W28/><G28/><T100/><D61/><U87/><E77/><V46/><F49/><W129/><G118/><T34/><D101/><U33/><E33/><V47/><N who="2" m="11776" /><DORA hai="92" /><V55/><F55/><W83/><G83/><T38/><D41/><U16/><E52/><V95/><F95/><W59/><G70/><T14/><D14/><U76/><E76/><V36/><F36/><N who="0" m="13930" /><D34/><U90/><E40/><V65/><F65/><W78/><G78/><T31/><D31/><AGARI ba="2,1" hai="9,11,20,25,31" m="11776,57799,3223" machi="31" ten="40,2600,0" yaku="8,1,52,1" doraHai="116,92" who="2" fromWho="0" sc="233,-32,205,0,214,42,338,0" /><INIT seed="2,0,0,4,2,97" ten="201,205,256,338" oya="2" hai0="79,123,15,88,49,104,12,61,57,129,66,60,74" hai1="8,71,21,102,70,92,24,4,53,112,100,46,87" hai2="63,39,118,94,28,10,35,59,109,42,52,54,5" hai3="26,103,65,44,113,18,69,51,77,80,85,11,75"/><V43/><F118/><W58/><G69/><T33/><D123/><U32/><E32/><V117/><F117/><W13/><G113/><T119/><D33/><U73/><E73/><V3/><F109/><W45/><G26/><T41/><D119/><U19/><E71/><V78/><F78/><W86/><G45/><T67/><D74/><U89/><E70/><V114/><F114/><W98/><G58/><N who="0" m="37143" /><D104/><U55/><E112/><V122/><F122/><W82/><G82/><T110/><D79/><U121/><E121/><V31/><F39/><W40/><REACH who="3" step="1"/><G65/><REACH who="3" step="2"/><T20/><D110/><U101/><REACH who="1" step="1"/><E46/><REACH who="1" step="2"/><V84/><F59/><W126/><G126/><T9/><D129/><U48/><E48/><V90/><F35/><W23/><G23/><T30/><D49/><U38/><E38/><V105/><F63/><W93/><AGARI ba="0,2" hai="11,13,18,40,44,51,75,77,80,85,86,93,98,103" machi="93" ten="20,5200,0" yaku="1,1,0,1,7,1,52,1,53,0" doraHai="97" doraHaiUra="29" who="3" fromWho="3" sc="201,-13,195,-13,256,-26,328,72" /><INIT seed="3,0,0,5,1,48" ten="188,182,230,400" oya="3" hai0="7,120,99,24,40,66,108,89,116,97,124,16,44" hai1="101,75,127,20,46,58,59,65,123,78,19,98,80" hai2="134,107,129,93,133,32,22,92,106,33,73,5,17" hai3="2,125,126,26,56,1,109,117,111,45,70,83,72"/><W42/><G70/><T60/><D116/><U67/><E123/><V21/><F73/><W49/><G26/><T115/><D120/><U94/><E127/><N who="3" m="48650" /><G117/><T103/><D124/><U118/><E118/><V18/><REACH who="2" step="1"/><F5/><REACH who="2" step="2"/><W77/><G56/><T71/><D115/><U74/><E74/><V61/><F61/><W90/><G90/><T135/><D7/><U96/><E46/><V122/><F122/><W51/><G51/><T132/><D108/><AGARI ba="0,1" hai="1,2,42,45,49,72,77,83,108,109,111" m="48650" machi="108" ten="30,5800,0" yaku="14,1,10,1,18,1" doraHai="48" who="3" fromWho="0" sc="188,-58,182,0,220,0,400,68" /><INIT seed="3,1,0,4,2,8" ten="130,182,220,468" oya="3" hai0="88,100,18,26,58,117,83,33,64,116,50,81,62" hai1="114,115,6,7,85,24,92,84,10,134,124,72,120" hai2="75,122,135,47,1,74,16,101,67,112,56,121,80" hai3="91,15,27,43,86,132,57,90,3,55,61,89,119"/><W12/><G3/><T38/><D38/><U13/><E72/><V45/><F112/><W52/><G119/><T110/><D100/><U32/><E120/><N who="2" m="46187" /><F135/><W129/><G132/><T118/><D110/><U36/><E134/><V19/><F1/><W130/><G43/><T133/><D133/><U53/><E36/><V104/><F104/><W93/><G27/><T71/><D88/><U128/><E128/><N who="3" m="49258" /><G55/><T111/><D111/><U30/><E124/><V106/><F106/><W22/><G22/><T51/><D50/><U23/><E32/><V9/><F101/><W34/><G34/><T105/><D105/><U68/><E68/><V4/><F4/><W103/><G103/><T0/><D0/><U60/><E115/><V42/><F80/><W97/><G97/><T107/><D107/><U70/><E114/><V95/><F95/><W87/><G93/><T44/><D71/><U113/><E113/><V98/><F98/><W96/><G96/><T39/><D39/><U77/><E70/><V46/><F42/><W28/><G28/><T76/><D81/><N who="1" m="47151" /><E6/><V5/><F5/><W73/><G73/><N who="2" m="27657" /><F9/><W108/><G108/><T79/><D83/><U29/><E92/><V48/><F67/><W40/><G40/><T21/><D33/><U14/><E85/><AGARI ba="1,0" hai="12,15,52,57,61,85,86,87,89,90,91" m="49258" machi="85" ten="30,5800,0" yaku="19,1,52,2" doraHai="8" who="3" fromWho="1" sc="130,0,182,-61,220,0,468,61" /><INIT seed="3,2,0,0,4,64" ten="130,121,220,529" oya="3" hai0="79,50,132,96,101,91,25,7,102,127,117,78,125" hai1="57,19,95,74,82,42,14,67,49,115,53,126,6" hai2="55,5,11,38,31,94,89,2,123,92,100,52,103" hai3="20,44,85,113,122,130,83,124,60,33,98,105,128"/><W41/><G33/><T18/><D117/><U69/><E115/><V15/><F123/><W13/><G113/><T47/><D7/><U34/><E34/><V134/><F38/><W76/><G122/><T48/><D132/><U59/><E126/><V37/><F37/><W4/><G124/><N who="0" m="47691" /><D91/><U93/><E6/><V118/><F118/><W46/><G46/><T36/><D36/><U40/><E57/><V12/><F134/><W26/><G60/><T45/><D18/><U27/><E27/><V81/><F31/><W21/><G21/><T73/><D25/><U129/><E129/><V66/><F66/><W90/><G13/><T77/><D73/><U10/><E40/><V63/><F2/><W135/><G4/><T107/><D101/><N who="2" m="38986" /><F15/><W58/><G135/><T43/><D79/><U51/><E51/><V84/><F63/><W110/><G105/><T56/><D56/><U106/><E42/><AGARI ba="2,0" hai="42,43,45,47,48,50,77,78,96,102,107" m="47691" machi="42" ten="30,1000,0" yaku="18,1" doraHai="64" who="0" fromWho="1" sc="130,16,121,-16,220,0,529,0" /><INIT seed="4,0,0,3,3,131" ten="146,105,220,529" oya="0" hai0="38,88,14,50,15,109,6,63,68,77,57,17,58" hai1="104,42,60,43,121,87,0,66,116,93,12,129,83" hai2="112,32,21,127,18,72,11,89,119,79,48,30,55" hai3="3,92,118,69,105,29,111,62,114,78,41,75,108"/><T90/><D38/><U76/><E0/><V91/><F127/><W101/><G92/><T7/><D109/><U36/><E129/><V103/><F119/><W20/><G41/><T122/><D68/><U25/><E121/><V26/><F112/><W123/><G123/><T125/><D122/><U106/><E116/><V39/><F39/><W8/><G20/><T27/><D125/><U84/><E25/><V54/><F103/><W132/><G118/><T53/><D77/><U130/><E130/><V16/><F11/><W56/><G56/><T107/><D107/><U70/><E36/><V128/><F128/><W81/><G29/><T10/><D27/><U44/><E106/><V19/><F32/><W4/><G114/><T86/><D90/><N who="2" m="34314" /><F72/><W52/><G52/><N who="2" m="20009" /><F79/><W28/><G28/><T117/><D117/><U110/><E104/><V80/><F80/><W102/><G102/><T135/><D15/><U82/><E110/><V33/><F33/><W34/><G34/><T23/><D10/><U85/><E93/><V96/><F48/><W65/><G132/><T59/><D135/><U31/><E31/><V73/><F73/><W97/><AGARI ba="0,0" hai="3,4,8,62,65,69,75,78,81,97,101,105,108,111" machi="97" ten="30,4000,0" yaku="0,1,23,2" doraHai="131" who="3" fromWho="3" sc="146,-20,105,-10,220,-10,529,40" /><INIT seed="5,0,0,3,0,119" ten="126,95,210,569" oya="1" hai0="123,21,31,116,16,25,8,100,98,5,46,132,130" hai1="4,41,18,57,71,0,45,99,52,58,50,126,44" hai2="15,96,118,75,110,47,38,106,95,74,101,112,7" hai3="111,40,19,125,23,26,63,3,39,114,24,12,117"/><U34/><E34/><V13/><F118/><W17/><G39/><T133/><D116/><U32/><E32/><V102/><F110/><W42/><G63/><T131/><D46/><N who="1" m="25935" /><E0/><V113/><F38/><W37/><G37/><T122/><D100/><U78/><E99/><N who="2" m="61759" /><F47/><N who="1" m="17993" /><E78/><V91/><F102/><W1/><G42/><T89/><D89/><U2/><E18/><V68/><F68/><W135/><G40/><T65/><D98/><U127/><E4/><V85/><F96/><W29/><G117/><T51/><D65/><U33/><E2/><V64/><F64/><W76/><G76/><T28/><D51/><N who="1" m="30879" /><E33/><V49/><F7/><W121/><G23/><T53/><D53/><U60/><E71/><V93/><F95/><W90/><G90/><T77/><D77/><U72/><E72/><V104/><F104/><W97/><G97/><T6/><D8/><U103/><E103/><V67/><F74/><W107/><G107/><T10/><D10/><U83/><E83/><V109/><F75/><W105/><G105/><T108/><D108/><U35/><E35/><V82/><F82/><W48/><G111/><T54/><D54/><AGARI ba="0,0" hai="54,58,60,126,127" m="30879,17993,25935" machi="54" ten="30,2900,0" yaku="34,2" doraHai="119" who="1" fromWho="0" sc="126,-29,95,29,210,0,569,0" /><INIT seed="5,1,0,2,4,33" ten="97,124,210,569" oya="1" hai0="61,39,72,107,98,46,117,71,50,91,68,21,22" hai1="2,90,70,18,89,14,47,35,93,102,0,36,110" hai2="130,69,29,48,17,15,95,80,44,27,119,54,10" hai3="108,133,124,76,9,51,100,115,77,120,74,96,92"/><U56/><E35/><V28/><F119/><W126/><G51/><T101/><D117/><U38/><E70/><V104/><F130/><W118/><G9/><T81/><D68/><U128/><E128/><V42/><F104/><W97/><G118/><T64/><D39/><U116/><E116/><V41/><F69/><W123/><G108/><T121/><D121/><U23/><E110/><V53/><F80/><W11/><G11/><T83/><D81/><U78/><E78/><V16/><F95/><W5/><G5/><T57/><D71/><U7/><E7/><V111/><F111/><W114/><G92/><T134/><D134/><U13/><E13/><V8/><F27/><W127/><G127/><T25/><D25/><U45/><E56/><V109/><F109/><W3/><G3/><T87/><REACH who="0" step="1"/><D72/><REACH who="0" step="2"/><U99/><E36/><V37/><F37/><W125/><G125/><T49/><D49/><U31/><E38/><V62/><F48/><W19/><G133/><T79/><D79/><U60/><E60/><V94/><F62/><W67/><G74/><T113/><D113/><U85/><E45/><V55/><F44/><W40/><G76/><T32/><D32/><U20/><E47/><V63/><F63/><W30/><G77/><T66/><D66/><U58/><E58/><V132/><F132/><W105/><G67/><T52/><AGARI ba="1,1" hai="21,22,46,50,52,57,61,64,83,87,91,98,101,107" machi="52" ten="20,2700,0" yaku="1,1,0,1,7,1,53,0" doraHai="33" doraHaiUra="24" who="0" fromWho="0" sc="87,40,124,-14,210,-8,569,-8" /><INIT seed="6,0,0,5,4,86" ten="127,110,202,561" oya="2" hai0="129,33,8,94,127,60,131,14,120,106,93,35,110" hai1="45,47,82,10,77,79,83,92,63,13,85,9,59" hai2="68,76,40,18,97,89,104,116,87,105,25,99,84" hai3="135,102,23,112,66,11,126,69,57,132,98,128,90"/><V21/><F116/><W37/><G69/><T101/><D110/><U113/><E113/><V64/><F40/><W38/><G11/><T6/><D120/><U51/><E92/><V134/><F134/><W5/><G5/><T43/><D43/><U121/><E121/><V91/><F76/><W49/><G23/><T123/><D123/><U70/><E70/><V12/><F68/><W103/><G112/><T15/><D127/><U30/><E30/><N who="2" m="17711" /><F64/><W124/><G66/><T4/><D60/><U81/><E51/><V7/><F7/><N who="0" m="2602" /><D106/><U114/><E114/><V111/><F111/><W117/><G117/><T44/><D8/><U96/><E96/><N who="2" m="36939" /><F105/><W88/><G57/><T125/><D101/><U42/><E42/><V122/><F104/><W62/><G98/><T32/><D125/><U67/><E9/><N who="2" m="6415" /><F122/><W36/><G36/><T95/><D44/><N who="1" m="16971" /><E77/><V39/><F39/><W130/><G62/><T61/><D61/><U65/><E65/><V58/><F58/><W16/><G49/><T55/><D55/><U31/><E31/><V56/><F56/><W54/><G54/><T29/><D29/><U28/><E28/><V100/><F100/><W78/><G78/><T48/><D48/><U108/><E108/><V19/><F19/><AGARI ba="0,0" hai="16,19,37,38,88,90,102,103,124,126,128,130,132,135" machi="19" ten="25,6400,0" yaku="22,2,52,2" doraHai="86" who="3" fromWho="2" sc="127,0,110,0,202,-64,561,64" /><AGARI ba="0,0" hai="10,13,19,59,63,67,79,81,82,83,85" m="16971" machi="19" ten="30,1000,0" yaku="8,1" doraHai="86" who="1" fromWho="2" sc="127,0,110,10,138,-10,625,0" /><INIT seed="7,0,0,3,4,91" ten="127,120,128,625" oya="3" hai0="99,104,66,45,51,129,41,46,55,56,100,118,121" hai1="87,110,95,127,76,9,135,101,10,109,54,35,96" hai2="21,48,102,98,0,107,42,62,4,64,63,6,11" hai3="34,31,88,113,38,103,65,133,132,57,3,119,83"/><W60/><G3/><T22/><D121/><U37/><E35/><V43/><F6/><W30/><G38/><T106/><D118/><U52/><E37/><V25/><F48/><W5/><G5/><T27/><D129/><U69/><E69/><V117/><F117/><W78/><G103/><T16/><D66/><U120/><E120/><V24/><F24/><W71/><G113/><T7/><D7/><U75/><E75/><V112/><F63/><W115/><G115/><T73/><D73/><U90/><E135/><V23/><F23/><W86/><G119/><T28/><D46/><U80/><E127/><V1/><F1/><W59/><G34/><T74/><D74/><U114/><E114/><V58/><F112/><W123/><G123/><T67/><D67/><U111/><REACH who="1" step="1"/><E76/><REACH who="1" step="2"/><V70/><F70/><W61/><G78/><T97/><D28/><AGARI ba="0,1" hai="0,4,11,21,25,28,42,43,58,62,64,98,102,107" machi="28" ten="30,1000,0" yaku="7,1" doraHai="91" who="2" fromWho="0" sc="127,-10,110,0,128,20,625,0" owari="117,-28,110,-39,148,-5,625,72" /></mjloggm>