<mjloggm ver="2.3"><GO type="41" lobby="0"/><UN n0="%E3%82%A6%E3%83%AB%E3%83%88%E3%83%A9%E7%AB%8B%E7%9B%B4" n1="%E7%9F%A2%E4%B8%8A" n2="%E3%82%89%E3%81%84%E3%81%82" n3="%E8%B5%A4%E9%BE%8D%E2%98%86" dan="16,15,14,14" rate="2078.30,2032.34,1938.85,1896.79" sx="M,M,F,F"/><TAIKYOKU oya="0"/><INIT seed="0,0,0,5,5,130" ten="250,250,250,250" oya="0" hai0="106,27,68,72,85,23,7,76,51,131,87,94,3" hai1="121,48,112,54,103,33,70,100,124,107,40,99,16" hai2="45,8,24,2,22,98,20,111,96,9,31,116,86" hai3="91,132,126,18,81,53,102,105,128,65,56,84,90"/><T74/><D106/><U30/><E121/><V101/><F111/><W49/><G128/><T13/><D68/><U0/><E0/><V120/><F120/><W26/><G126/><T123/><D123/><U80/><E70/><V134/><F116/><W79/><G132/><T21/><D3/><U118/><E118/><V108/><F108/><W64/><G105/><T63/><D87/><U92/><E124/><V113/><F113/><W46/><G102/><T83/><D63/><U75/><E112/><V15/><F45/><W29/><G18/><T115/><D115/><U127/><E40/><V133/><F86/><W73/><G73/><T42/><D94/><U135/><E127/><V117/><F117/><W71/><G71/><T97/><D97/><N who="2" m="37482" /><F101/><W55/><G65/><T11/><D131/><U60/><E103/><V35/><F2/><W129/><G64/><T5/><D5/><U17/><E107/><V19/><F9/><W1/><G1/><T67/><D67/><U52/><E75/><V78/><F78/><W37/><G37/><T93/><D93/><U47/><E80/><V4/><F4/><W12/><G12/><T125/><D125/><U39/><E39/><V57/><F57/><W95/><G95/><T50/><D23/><U38/><E38/><V122/><F122/><W14/><G14/><T77/><D77/><U110/><E110/><V28/><F28/><W88/><G129/><T32/><D32/><U66/><E33/><V41/><F41/><N who="3" m="24783" /><G56/><T61/><D42/><U109/><E109/><V59/><F59/><W25/><G29/><N who="0" m="17647" /><D61/><U34/><E100/><RYUUKYOKU ba="0,0" sc="250,10,250,-30,250,10,250,10" hai0="7,11,13,50,51,72,74,76,83,85" hai2="8,15,19,20,22,24,31,35,133,134" hai3="25,26,53,55,79,81,84,88,90,91" /><INIT seed="0,1,0,2,3,14" ten="260,220,260,260" oya="0" hai0="96,48,4,59,118,56,106,124,42,31,23,92,101" hai1="83,9,2,89,90,58,132,19,102,97,121,79,95" hai2="74,108,103,127,43,18,13,129,25,24,94,107,98" hai3="3,104,128,135,29,93,69,81,105,53,22,47,67"/><T61/><D118/><U32/><E32/><V114/><F114/><W7/><G135/><T16/><D124/><U6/><E121/><V68/><F127/><W126/><G128/><T66/><D4/><U110/><E110/><V60/><F129/><W109/><G109/><T82/><D82/><U73/><E132/><V113/><F108/><W63/><G126/><T27/><D42/><U20/><E58/><V72/><F43/><W35/><G35/><T125/><D125/><U123/><E123/><V17/><F113/><W33/><G33/><T12/><D48/><U117/><E117/><V78/><F68/><W84/><G7/><T75/><D75/><U57/><E57/><V21/><F60/><W30/><G3/><T10/><D106/><U34/><E34/><V54/><F54/><W52/><G93/><T112/><D112/><U36/><E36/><V119/><F119/><W50/><G53/><T45/><REACH who="0" step="1"/><D59/><REACH who="0" ten="250,220,260,260" step="2"/><U11/><REACH who="1" step="1"/><E9/><REACH who="1" ten="250,210,260,260" step="2"/><V87/><F74/><W26/><REACH who="3" step="1"/><G30/><REACH who="3" ten="250,210,260,250" step="2"/><T120/><D120/><U64/><E64/><V15/><F72/><W100/><G100/><T49/><D49/><U91/><E91/><AGARI ba="1,3" hai="22,26,29,47,50,52,63,67,69,81,84,91,104,105" machi="91" ten="30,7700,0" yaku="1,1,7,1,54,1,53,1" doraHai="14" doraHaiUra="76" who="3" fromWho="1" sc="250,0,210,-80,260,0,250,110" /><INIT seed="1,0,0,1,3,29" ten="250,130,260,360" oya="1" hai0="54,132,22,16,51,55,98,6,90,9,41,56,114" hai1="106,73,13,127,117,77,71,44,105,80,95,63,79" hai2="49,72,121,37,91,2,40,84,39,7,89,123,27" hai3="24,65,33,28,126,48,97,35,122,8,76,134,74"/><U115/><E117/><V58/><F72/><W61/><G122/><T125/><D114/><U83/><E115/><V133/><F133/><W34/><G134/><T38/><D132/><U19/><E127/><V60/><F27/><W45/><G126/><T130/><D125/><U96/><E44/><V47/><F2/><W135/><G135/><T108/><D130/><U15/><E71/><V4/><F4/><W1/><G97/><T20/><D108/><U57/><E13/><V128/><F7/><W21/><G76/><T88/><D41/><U52/><E95/><V87/><F128/><W17/><G74/><T18/><D38/><U113/><E113/><V112/><F112/><W102/><G102/><T118/><D118/><U131/><E96/><V110/><F110/><W85/><G85/><T50/><D9/><U12/><E12/><V94/><F37/><W26/><G8/><T124/><D6/><U59/><E59/><V3/><F3/><W0/><G0/><T116/><D116/><U5/><E5/><V68/><F68/><W129/><G1/><T30/><D124/><U104/><E131/><V62/><F39/><W82/><G82/><T42/><D42/><U66/><E66/><V120/><REACH who="2" step="1"/><F58/><REACH who="2" ten="250,130,250,360" step="2"/><N who="3" m="37047" /><G129/><T43/><D56/><U70/><E70/><V53/><F53/><N who="3" m="29839" /><G26/><T14/><D14/><U81/><REACH who="1" step="1"/><E73/><REACH who="1" ten="250,120,250,360" step="2"/><V75/><F75/><W107/><G107/><T101/><D55/><U109/><E109/><V31/><F31/><W67/><G28/><T23/><D54/><U46/><E46/><V119/><F119/><W64/><G64/><T32/><D30/><RYUUKYOKU ba="0,2" sc="250,-30,120,10,250,10,360,10" hai1="15,19,52,57,63,77,79,80,81,83,104,105,106" hai2="40,47,49,60,62,84,87,89,91,94,120,121,123" hai3="17,21,24,33,34,35,67" /><INIT seed="1,1,2,0,5,26" ten="220,130,260,370" oya="1" hai0="92,116,24,135,76,105,117,87,36,90,93,40,95" hai1="99,124,118,107,134,13,70,130,1,53,5,42,97" hai2="49,60,133,121,34,80,82,112,65,52,74,21,83" hai3="17,46,47,0,19,56,77,32,73,120,54,6,10"/><U114/><E118/><V37/><F121/><W119/><G120/><T25/><D40/><U3/><E114/><V126/><F34/><W111/><G32/><T103/><D36/><U41/><E70/><V110/><F37/><W43/><G111/><T28/><D25/><U15/><E130/><V22/><F110/><W122/><G122/><T30/><D135/><U4/><E124/><V64/><F133/><W128/><G128/><T115/><D115/><U86/><E86/><V2/><F2/><W57/><G57/><T123/><D123/><U101/><E134/><V20/><F112/><W11/><G47/><T127/><D76/><U68/><E68/><V132/><F132/><W102/><G102/><T98/><D127/><U16/><E53/><V108/><F108/><W35/><G35/><T85/><D85/><U79/><E101/><V7/><F7/><W94/><G6/><T18/><D18/><U96/><E96/><V66/><F126/><W71/><G19/><T89/><D89/><U100/><E100/><V9/><F9/><W27/><G17/><T8/><D8/><U59/><E59/><V113/><F113/><W51/><G11/><T23/><REACH who="0" step="1"/><D30/><REACH who="0" ten="210,130,260,370" step="2"/><U84/><E84/><V39/><F39/><W88/><G77/><T31/><D31/><U69/><E16/><V50/><F74/><W63/><G73/><T109/><D109/><U12/><E79/><V33/><F33/><W44/><G43/><T58/><D58/><AGARI ba="1,3" hai="20,21,22,49,50,52,58,60,64,65,66,80,82,83" machi="58" ten="50,8000,1" yaku="29,2,8,1,54,1" doraHai="26" who="2" fromWho="0" sc="210,-83,130,0,260,113,370,0" /><INIT seed="2,0,0,3,5,111" ten="127,130,373,370" oya="2" hai0="40,76,4,96,12,67,44,7,78,106,3,2,25" hai1="83,77,94,112,80,126,17,56,55,72,46,100,120" hai2="115,110,26,32,85,75,18,16,84,113,51,123,15" hai3="5,134,95,104,108,45,70,114,82,128,125,36,102"/><V98/><F123/><W62/><G104/><T73/><D67/><U107/><E107/><V133/><F75/><W119/><G82/><T99/><D25/><U42/><E120/><V35/><F110/><W122/><G102/><T13/><D44/><U9/><E83/><V38/><F38/><W131/><G95/><T91/><D106/><U103/><E126/><V74/><F74/><W24/><G24/><T58/><D58/><U92/><E103/><V130/><F98/><W65/><G5/><T19/><D73/><U89/><E100/><V59/><F130/><N who="3" m="49707" /><G122/><T10/><D40/><U69/><E69/><V109/><F109/><W101/><G101/><T61/><D61/><U23/><E9/><V11/><F133/><W33/><G108/><T87/><D19/><U93/><E89/><V8/><F59/><W37/><G33/><T117/><D87/><U47/><E47/><V54/><F26/><W6/><G6/><T116/><REACH who="0" step="1"/><D10/><REACH who="0" ten="117,130,373,370" step="2"/><U132/><E46/><V49/><F15/><W118/><G45/><T71/><D71/><U34/><E42/><V129/><F129/><W88/><G125/><T50/><D50/><U57/><E72/><V81/><F81/><W31/><G31/><T90/><AGARI ba="0,1" hai="2,3,4,7,12,13,76,78,90,91,96,99,116,117" machi="90" ten="25,6400,0" yaku="1,1,0,1,22,2,53,0" doraHai="111" doraHaiUra="68" who="0" fromWho="0" sc="117,74,130,-16,373,-32,370,-16" /><INIT seed="3,0,0,5,5,81" ten="191,114,341,354" oya="3" hai0="65,101,30,74,8,97,61,45,66,4,44,13,109" hai1="77,76,71,114,108,88,1,33,82,11,123,107,17" hai2="129,23,18,102,29,63,105,50,134,125,5,103,127" hai3="51,38,94,14,126,39,60,99,56,89,52,70,7"/><W69/><G126/><N who="2" m="48137" /><F134/><W16/><G7/><T80/><D109/><U57/><E71/><V24/><F5/><W9/><REACH who="3" step="1"/><G51/><REACH who="3" ten="191,114,341,344" step="2"/><T79/><D30/><U119/><E108/><V6/><F129/><W54/><G54/><T131/><D131/><U87/><E1/><V96/><F6/><W3/><G3/><T2/><D2/><U91/><E123/><V75/><F50/><W58/><G58/><T19/><D4/><U92/><E57/><V0/><F0/><W85/><G85/><T98/><D66/><U73/><E73/><V86/><F86/><W28/><G28/><T41/><D41/><U26/><E119/><V128/><F128/><W42/><G42/><T120/><D97/><U47/><E47/><V106/><F75/><W49/><G49/><T115/><D120/><U72/><E72/><V67/><F29/><W117/><G117/><T83/><D45/><U93/><E114/><V64/><F96/><W40/><G40/><T53/><D44/><U20/><E82/><V48/><F48/><W116/><G116/><T124/><D53/><U113/><E113/><V68/><F67/><W100/><G100/><AGARI ba="0,1" hai="18,23,24,63,64,68,100,102,103,105,106" m="48137" machi="100" ten="30,1000,0" yaku="18,1" doraHai="81" who="2" fromWho="3" sc="191,0,114,0,341,20,344,-10" /><INIT seed="4,0,0,4,1,19" ten="191,114,361,334" oya="0" hai0="8,6,56,42,37,118,78,117,99,95,14,25,126" hai1="52,82,94,123,110,50,91,61,68,87,127,26,115" hai2="2,124,22,20,58,112,17,89,72,23,121,76,131" hai3="53,3,103,128,120,77,122,113,32,98,4,73,57"/><T116/><D126/><U125/><E110/><V106/><F121/><N who="3" m="46699" /><G128/><T67/><D78/><U41/><E123/><V1/><F124/><W13/><G32/><T102/><D42/><U71/><E125/><V133/><F131/><W108/><G108/><T88/><D37/><U134/><E134/><V86/><F17/><W35/><G35/><T16/><D16/><U130/><E130/><V33/><F33/><W66/><G66/><T59/><D67/><U24/><E127/><V5/><F58/><W11/><G113/><T75/><D75/><U119/><E119/><V90/><F5/><W47/><G47/><T65/><D65/><U21/><E115/><V79/><F90/><W44/><G44/><T101/><D25/><U31/><E26/><V15/><F15/><W62/><G77/><T97/><REACH who="0" step="1"/><D102/><REACH who="0" ten="181,114,361,334" step="2"/><U18/><E41/><V7/><F112/><W9/><G73/><T83/><D83/><U85/><E18/><V12/><F79/><W114/><G114/><T96/><D96/><U46/><E61/><V40/><F76/><AGARI ba="0,1" hai="21,24,31,46,50,52,68,71,76,82,85,87,91,94" machi="76" ten="30,3900,0" yaku="7,1,52,1,54,1" doraHai="19" who="1" fromWho="2" sc="181,0,114,49,361,-39,334,0" /><INIT seed="5,0,0,5,4,1" ten="181,163,322,334" oya="1" hai0="67,8,115,129,29,122,18,39,11,62,84,80,22" hai1="87,79,3,70,81,26,20,134,86,66,21,120,19" hai2="82,119,36,59,27,69,74,25,64,56,123,7,34" hai3="135,91,94,93,105,78,125,116,88,131,10,54,130"/><U98/><E120/><V68/><F123/><W107/><G116/><T14/><D39/><U47/><E134/><V12/><F119/><W132/><G54/><T108/><D108/><U44/><E3/><V30/><F36/><W128/><G10/><T33/><D122/><U114/><E114/><V5/><F12/><W31/><G31/><T126/><D115/><U6/><E98/><V4/><F64/><W46/><G46/><T101/><D126/><U124/><E124/><V121/><F121/><W32/><G32/><T109/><D109/><U73/><E6/><V127/><F127/><W75/><G125/><T51/><D129/><U63/><E73/><V58/><REACH who="2" step="1"/><F27/><REACH who="2" ten="181,163,312,334" step="2"/><W112/><G112/><T103/><D14/><U61/><E61/><V52/><F52/><W23/><G23/><T57/><D51/><U89/><E20/><V17/><F17/><W113/><G113/><T102/><D33/><U90/><REACH who="1" step="1"/><E79/><AGARI ba="0,1" hai="4,5,7,25,30,34,56,58,59,68,69,74,79,82" machi="79" ten="40,8000,1" yaku="1,1,52,3,53,0" doraHai="1" doraHaiUra="37" who="2" fromWho="1" sc="181,0,163,-80,312,90,334,0" /><INIT seed="6,0,0,0,5,80" ten="181,83,402,334" oya="2" hai0="107,34,59,72,61,0,14,129,67,66,39,62,31" hai1="88,110,97,113,58,115,125,87,104,135,16,6,22" hai2="54,2,117,71,81,68,27,127,8,84,98,132,99" hai3="63,94,86,79,57,112,74,70,19,46,12,48,33"/><V40/><F117/><W13/><G112/><N who="1" m="43082" /><E110/><V134/><F127/><W65/><G74/><T60/><D0/><U89/><E125/><V18/><F40/><W49/><G33/><T90/><D72/><U25/><E6/><V78/><F54/><W17/><G70/><T120/><D31/><U75/><E75/><V103/><F2/><W73/><G73/><T56/><D34/><U38/><E38/><V3/><F3/><W124/><G124/><T119/><D107/><U92/><E135/><N who="2" m="51755" /><F99/><W123/><G123/><T30/><D120/><U122/><E122/><V42/><F42/><N who="3" m="24663" /><G49/><T10/><D39/><U102/><E89/><V52/><F52/><N who="3" m="34215" /><G13/><T83/><D119/><U28/><E58/><V1/><F1/><W82/><G65/><T131/><D61/><U76/><E76/><V96/><F71/><W118/><G118/><T35/><D35/><U95/><E28/><V114/><F68/><W43/><G43/><T50/><D30/><U130/><E130/><V69/><F69/><W64/><G64/><T20/><D50/><U36/><E36/><V55/><F55/><W47/><G47/><T133/><D133/><U121/><E121/><V23/><F114/><W100/><G12/><T109/><D129/><U111/><E111/><V101/><F103/><W29/><G29/><T93/><D131/><U77/><E77/><V32/><F32/><W85/><G100/><T108/><D108/><U24/><E24/><V21/><F101/><W91/><AGARI ba="0,0" hai="17,19,79,82,85,86,91,94" m="34215,24663" machi="91" ten="30,7900,0" yaku="8,1,52,2,54,1" doraHai="80" who="3" fromWho="3" sc="181,-20,83,-20,402,-39,334,79" /><INIT seed="7,0,0,0,0,21" ten="161,63,363,413" oya="3" hai0="75,37,96,18,41,84,19,77,102,123,48,7,15" hai1="58,110,13,129,4,79,85,94,59,88,135,29,27" hai2="89,20,49,101,69,118,39,45,62,17,106,86,12" hai3="103,82,108,0,131,36,70,11,73,71,90,5,87"/><W121/><G121/><T23/><D75/><U47/><E110/><V28/><F118/><W114/><G36/><T76/><D37/><U112/><E112/><V115/><F39/><W63/><G73/><T72/><D72/><U133/><E129/><V31/><F115/><W24/><G114/><T6/><D77/><U107/><E107/><V99/><F62/><W134/><G134/><T92/><D123/><U33/><E79/><V46/><F69/><W9/><G9/><T14/><D41/><U22/><E47/><V35/><F35/><W50/><G103/><T2/><D2/><U56/><E4/><V100/><F101/><W128/><G63/><T116/><D116/><U65/><E65/><V67/><F67/><W60/><G60/><T105/><D48/><U43/><E43/><V125/><F125/><W126/><G50/><T8/><D105/><U51/><E51/><V127/><F127/><W95/><G126/><T104/><D104/><U16/><REACH who="1" step="1"/><E33/><REACH who="1" ten="161,53,363,413" step="2"/><V111/><F111/><W81/><G5/><T98/><D7/><U117/><E117/><V53/><F46/><W124/><G108/><T54/><D6/><U80/><E80/><V113/><F113/><W132/><G82/><T1/><D76/><U30/><E30/><V130/><F130/><W10/><G124/><T55/><D55/><U91/><E91/><V34/><F34/><W93/><G90/><T122/><D54/><U66/><E66/><V57/><REACH who="2" step="1"/><F57/><REACH who="2" ten="161,53,353,413" step="2"/><W64/><G128/><T44/><D44/><U3/><E3/><V26/><F26/><W42/><G24/><T83/><D1/><RYUUKYOKU ba="0,2" sc="161,-15,53,15,353,15,413,-15" hai1="13,16,22,27,29,56,58,59,85,88,94,133,135" hai2="12,17,20,28,31,45,49,53,86,89,99,100,106" owari="146,-25.0,68,-43.0,368,17.0,418,51.0" /></mjloggm>