<mjloggm ver="2.3"><GO type="97"/><UN n0="%E6%98%9F%E6%8E%9B" n1="%EF%BC%88%E2%89%A7%E2%96%BD%E2%89%A6%EF%BC%89" n2="%E3%82%89%E3%82%80%E3%81%A0%E6%9D%91" n3="%E3%81%82%E3%81%A4%E3%81%BF" dan="14,15,14,14" rate="2014,1964,1946,1901" sx="F,M,M,M"/><TAIKYOKU oya="0"/><INIT seed="0,0,0,1,5,24" ten="250,250,250,250" oya="0" hai0="51,94,130,109,62,12,107,18,105,100,115,46,0" hai1="44,70,6,128,96,34,79,35,55,11,21,60,129" hai2="32,4,104,19,63,88,120,43,50,74,69,132,42" hai3="89,27,99,85,58,45,38,133,71,49,81,112,61"/><T78/><D115/><U2/><E79/><V110/><F74/><W40/><G112/><T123/><D0/><U54/><E96/><V20/><F32/><N who="1" m="12329" /><E21/><V41/><F104/><W48/><G133/><T28/><D123/><U73/><E73/><V53/><F4/><W72/><G72/><T111/><D130/><N who="1" m="50283" /><E44/><V1/><F1/><W31/><G99/><N who="0" m="59511" /><D78/><U36/><E36/><V91/><F132/><W122/><G122/><T97/><D97/><U52/><E70/><V93/><F120/><W84/><G85/><T47/><D46/><U118/><E118/><V7/><F7/><W59/><G71/><T15/><D62/><AGARI ba="0,0" hai="2,6,11,52,54,55,60,62" m="50283,12329" machi="62" ten="40,2600,0" yaku="19,1,54,1" doraHai="24" who="1" fromWho="0" sc="250,-26,250,26,250,0,250,0" /><INIT seed="1,0,0,1,4,102" ten="224,276,250,250" oya="1" hai0="81,55,30,60,113,37,7,9,91,56,75,40,100" hai1="36,35,20,61,130,66,63,38,135,22,127,85,74" hai2="118,42,125,92,5,23,24,13,98,52,46,62,126" hai3="116,64,0,80,8,96,123,109,77,47,59,111,50"/><U105/><E74/><V83/><F118/><W48/><G123/><T97/><D113/><U54/><E135/><V134/><F134/><W104/><G116/><T89/><D30/><U26/><E105/><V44/><F83/><W57/><G0/><T86/><D75/><U34/><E130/><V82/><F82/><W121/><G121/><T33/><D33/><U58/><E127/><V21/><F42/><W88/><G8/><T73/><D73/><U103/><E103/><V76/><F76/><W68/><G68/><T41/><D89/><U3/><E3/><V49/><F62/><W51/><G64/><T14/><REACH who="0" step="1"/><D37/><REACH who="0" ten="214,276,250,250" step="2"/><U28/><E38/><V120/><F120/><W79/><G88/><T87/><D87/><U84/><E36/><V4/><F125/><W110/><G47/><T78/><D78/><N who="3" m="29705" /><G80/><T25/><D25/><N who="1" m="16423" /><E34/><V119/><F46/><W95/><G95/><AGARI ba="0,1" hai="7,9,14,40,41,55,56,60,81,86,91,95,97,100" machi="95" ten="30,3900,0" yaku="1,1,7,1,8,1,53,0" doraHai="102" doraHaiUra="65" who="0" fromWho="3" sc="214,49,276,0,250,0,250,-39" /><INIT seed="2,0,0,2,1,112" ten="263,276,250,211" oya="2" hai0="41,73,124,103,49,116,26,76,1,88,18,52,2" hai1="114,4,54,126,120,63,24,84,91,62,51,66,44" hai2="130,64,129,119,80,34,75,68,40,92,57,83,46" hai3="27,33,5,28,31,131,0,19,3,36,22,108,32"/><V13/><F57/><W89/><G36/><T125/><D103/><U107/><E114/><V56/><F56/><W111/><G131/><T42/><D116/><U45/><E120/><V37/><F83/><W16/><G89/><T71/><D71/><U14/><E107/><V97/><F13/><W74/><G74/><T90/><D73/><U115/><E115/><V11/><F92/><W48/><G48/><T133/><D76/><U9/><E126/><N who="0" m="48745" /><D133/><U127/><E127/><V78/><F97/><W6/><G22/><N who="0" m="13655" /><D41/><U86/><E45/><V21/><F21/><W82/><G82/><T110/><D110/><U109/><E109/><V23/><F23/><W70/><G70/><T123/><D42/><U77/><E66/><V121/><F121/><W93/><G93/><T81/><D123/><U25/><E77/><V35/><F11/><W72/><G72/><T55/><D55/><U94/><REACH who="1" step="1"/><E84/><REACH who="1" ten="263,266,250,211" step="2"/><V85/><F85/><W104/><G104/><T15/><D1/><U122/><E122/><V67/><F67/><W135/><G135/><T69/><D2/><U38/><E38/><V59/><F59/><W96/><G96/><T106/><D69/><U47/><E47/><V102/><F129/><W79/><G79/><T101/><D106/><U100/><E100/><V7/><F102/><W95/><G95/><T134/><D101/><U8/><E8/><V12/><F130/><W118/><G118/><T117/><D134/><U105/><E105/><V29/><F119/><W58/><G58/><N who="0" m="33039" /><D117/><U60/><AGARI ba="0,1" hai="4,9,14,24,25,44,51,54,60,62,63,86,91,94" machi="60" ten="30,7900,0" yaku="1,1,0,1,8,1,53,1" doraHai="112" doraHaiUra="10" who="1" fromWho="1" sc="263,-20,266,89,250,-39,211,-20" /><INIT seed="3,0,0,4,0,105" ten="243,355,211,191" oya="3" hai0="31,129,128,133,100,40,131,48,93,54,89,17,60" hai1="41,110,123,90,101,4,68,66,10,56,44,3,69" hai2="113,35,38,37,65,36,87,74,5,18,50,43,59" hai3="6,73,13,2,39,94,103,77,132,14,67,83,109"/><W9/><G39/><T11/><D31/><U8/><E123/><V46/><F35/><W29/><G132/><T135/><D60/><U19/><E101/><V82/><F18/><W130/><G130/><T102/><D40/><U24/><E69/><V32/><F32/><W108/><G67/><T88/><D89/><U85/><E68/><V104/><F104/><W78/><G29/><T27/><D100/><U106/><E106/><V49/><F113/><W47/><G47/><N who="0" m="27935" /><D102/><U114/><E110/><N who="3" m="42602" /><G78/><T15/><D27/><U97/><E114/><V25/><F25/><W1/><G1/><T124/><D124/><U7/><E97/><AGARI ba="0,0" hai="2,6,9,13,14,73,77,83,94,97,103" m="42602" machi="97" ten="30,5800,0" yaku="14,1,10,1,52,1" doraHai="105" who="3" fromWho="1" sc="243,0,355,-58,211,0,191,58" /><AGARI ba="0,0" hai="11,15,17,88,93,97,128,129,131,133,135" m="27935" machi="97" ten="30,2000,0" yaku="19,1,54,1" doraHai="105" who="0" fromWho="1" sc="243,20,297,-20,211,0,249,0" /><INIT seed="3,1,0,5,4,107" ten="263,277,211,249" oya="3" hai0="101,135,103,51,15,90,2,13,7,73,37,45,10" hai1="58,83,129,23,108,128,48,75,33,25,125,86,46" hai2="5,99,16,41,6,98,78,60,116,19,124,88,134" hai3="114,53,91,118,22,11,40,54,115,81,111,123,105"/><W17/><G118/><T106/><D37/><U96/><E125/><V56/><F124/><W31/><G123/><T18/><D135/><U92/><E33/><V110/><F134/><W66/><G105/><T27/><D73/><U95/><E58/><V55/><F116/><W8/><G40/><T35/><D106/><U121/><E108/><V104/><F41/><W76/><G111/><T112/><D112/><U65/><E65/><V57/><F104/><W42/><G66/><T62/><D62/><U47/><E121/><V127/><F127/><W20/><G42/><T21/><D90/><N who="1" m="55319" /><E95/><V77/><F110/><W132/><G132/><T0/><D0/><U126/><E48/><V29/><F29/><W71/><G71/><T133/><D133/><U32/><E32/><V85/><F85/><N who="3" m="48295" /><G114/><T72/><D72/><U52/><E126/><V97/><F88/><W79/><G79/><T38/><D38/><U59/><E75/><V50/><F60/><W120/><G115/><T102/><REACH who="0" step="1"/><D35/><REACH who="0" ten="253,277,211,249" step="2"/><U36/><E36/><V84/><F84/><W100/><G120/><T30/><D30/><N who="1" m="17727" /><E129/><V64/><F64/><W82/><G31/><T1/><D1/><U87/><E128/><V117/><F117/><W94/><G100/><T9/><D9/><N who="3" m="3657" /><G82/><T131/><D131/><U119/><E119/><V69/><F69/><W63/><G63/><T80/><D80/><U68/><E68/><V130/><F130/><W109/><G109/><T12/><D12/><U34/><E34/><V49/><F97/><N who="3" m="57567" /><G22/><T44/><D44/><N who="1" m="16939" /><E83/><V28/><F28/><W39/><G39/><T43/><AGARI ba="1,1" hai="2,7,10,13,15,18,21,27,43,45,51,101,102,103" machi="43" ten="30,4000,0" yaku="1,1,5,1,0,1,53,0" doraHai="107" doraHaiUra="26" who="0" fromWho="0" sc="253,53,277,-11,211,-11,249,-21" owari="306,40.0,266,7.0,200,-30.0,228,-17.0" /></mjloggm>