<mjloggm ver="2.3"><GO type="169" lobby="0"/><UN n0="%E3%81%98%E3%81%9A%E3%83%BC" n1="%EF%BC%88%E2%89%A7%E2%96%BD%E2%89%A6%EF%BC%89" n2="%E5%AE%B6%E5%BA%AD%E6%95%99%E5%B8%AB" n3="%E3%82%82%E3%81%97%E3%83%A9%E3%82%B9%E3%81%A7" dan="16,17,16,16" rate="2100,2110,2019,2055" sx="M,M,M,M"/><TAIKYOKU oya="0"/><INIT seed="0,0,0,1,1,42" ten="250,250,250,250" oya="0" hai0="53,22,35,7,100,25,93,52,122,2,61,50,113" hai1="68,18,105,1,14,135,69,76,48,28,89,21,46" hai2="108,120,73,67,125,119,27,126,111,60,102,12,70" hai3="13,11,88,106,128,5,71,16,30,15,91,29,72"/><T79/><D35/><U99/><E1/><V130/><F102/><W118/><G118/><T34/><D34/><U37/><E37/><V127/><F27/><W90/><G71/><T36/><D36/><U19/><E135/><V20/><F119/><W78/><G128/><T107/><D107/><U58/><E76/><V41/><F130/><W115/><G115/><T96/><D113/><U26/><E58/><V65/><F65/><W63/><G63/><T85/><D122/><U44/><E19/><N who="2" m="10343" /><F120/><W92/><G106/><T104/><D61/><U17/><E18/><V0/><F0/><W51/><G72/><T6/><D2/><U59/><E69/><V94/><F73/><W95/><G78/><T62/><D62/><U75/><E75/><V121/><F121/><W24/><G51/><T31/><D53/><N who="1" m="32167" /><E68/><V3/><F3/><W83/><G83/><N who="0" m="47359" /><D104/><U84/><E105/><V82/><F82/><W55/><G55/><T86/><D86/><U33/><E99/><V4/><F4/><W66/><G66/><T40/><D40/><U45/><E33/><V32/><F32/><W101/><G101/><T39/><D39/><U109/><E84/><V124/><F125/><W9/><G24/><T87/><D87/><U131/><E131/><V74/><F74/><W8/><G8/><T80/><D80/><U38/><E38/><V57/><F70/><W132/><G132/><T43/><D43/><U23/><E89/><V103/><F41/><W112/><G112/><T129/><D129/><U49/><E49/><V134/><F134/><W98/><G98/><AGARI ba="0,0" hai="57,60,67,94,98,103,108,111,124,126,127" m="10343" machi="98" ten="40,1300,0" yaku="18,1" doraHai="42" who="2" fromWho="3" sc="250,0,250,0,250,13,250,-13" /><INIT seed="1,0,0,2,1,20" ten="250,250,263,237" oya="1" hai0="22,86,128,131,28,12,92,21,37,75,87,31,46" hai1="108,76,126,119,40,77,10,111,89,135,71,7,15" hai2="1,8,114,50,43,129,2,30,65,14,60,82,81" hai3="130,85,113,73,48,116,26,38,55,123,44,120,18"/><U97/><E119/><V88/><F82/><W25/><G73/><T24/><D75/><U90/><E126/><V121/><F121/><W100/><G116/><T93/><D37/><U29/><E135/><V17/><F114/><W54/><G113/><T102/><D46/><U4/><E71/><V64/><F129/><N who="0" m="49738" /><D102/><U23/><E40/><V58/><F64/><W112/><G112/><T91/><D12/><U103/><E4/><V106/><F106/><W6/><G130/><T105/><D105/><U36/><E36/><V124/><F124/><W49/><G38/><T83/><D87/><U9/><E9/><V110/><F110/><N who="1" m="42025" /><E76/><V57/><F30/><W19/><G6/><T39/><D39/><U79/><E77/><V134/><F134/><W69/><G69/><T104/><D104/><N who="1" m="63599" /><E79/><V62/><F43/><W68/><G68/><T45/><D45/><U101/><E101/><V3/><F50/><W107/><G100/><T96/><D96/><U0/><E0/><V132/><F132/><W115/><G115/><T70/><D70/><U34/><E34/><V32/><F32/><W35/><G107/><T27/><AGARI ba="0,0" hai="21,22,24,27,28,31,83,86,91,92,93" m="49738" machi="27" ten="30,4000,0" yaku="19,1,52,2" doraHai="20" who="0" fromWho="0" sc="250,40,250,-20,263,-10,237,-10" /><INIT seed="2,0,0,5,3,135" ten="290,230,253,227" oya="2" hai0="21,68,59,81,3,116,108,76,80,31,98,130,51" hai1="118,14,18,106,86,131,6,7,113,19,125,87,53" hai2="11,121,41,100,124,112,29,89,103,117,35,10,33" hai3="36,54,70,93,50,4,128,16,27,88,92,55,79"/><V134/><F41/><W25/><G36/><T5/><D108/><U107/><E118/><V85/><F117/><W71/><G4/><T57/><D68/><U34/><E34/><N who="2" m="12811" /><F85/><W90/><G79/><T43/><D130/><U83/><E113/><V2/><F89/><W61/><G50/><T8/><D98/><U120/><E120/><V39/><F121/><W26/><G128/><T58/><D116/><U48/><E131/><V123/><F123/><W74/><G74/><T75/><D81/><U133/><E133/><V84/><F84/><W9/><G9/><N who="2" m="3081" /><F134/><W122/><G122/><T111/><D43/><U97/><E97/><V114/><F39/><W94/><G16/><T37/><D51/><U72/><E72/><V102/><F2/><W127/><G61/><T104/><D104/><U63/><E63/><V105/><F105/><W20/><G20/><T126/><D21/><U30/><E48/><V91/><F91/><N who="3" m="34859" /><G127/><T65/><D126/><U52/><E125/><V38/><F38/><W96/><G96/><T62/><D37/><U66/><E107/><V101/><F124/><W22/><G22/><T44/><D76/><U73/><E106/><V45/><F45/><W109/><G109/><T56/><D44/><U77/><E77/><V69/><F69/><AGARI ba="0,0" hai="25,26,27,54,55,69,70,71,92,93,94" m="34859" machi="69" ten="40,5200,0" yaku="28,2,54,1" doraHai="135" who="3" fromWho="2" sc="290,0,230,0,253,-52,227,52" /><INIT seed="3,0,0,0,2,13" ten="290,230,201,279" oya="3" hai0="100,96,35,67,76,91,48,66,116,127,63,1,81" hai1="77,103,114,14,70,89,92,75,124,73,60,126,36" hai2="64,71,20,0,5,12,55,85,7,131,57,80,3" hai3="30,40,125,110,68,113,93,90,111,38,83,11,102"/><W25/><G68/><T23/><D35/><U88/><E36/><V43/><F43/><W78/><G113/><T109/><D116/><U9/><E114/><V50/><F131/><W133/><G102/><T61/><D109/><N who="3" m="41481" /><G125/><N who="1" m="48234" /><E103/><V105/><F105/><W47/><G11/><T115/><D127/><U117/><E117/><V32/><F32/><N who="3" m="20559" /><G133/><T24/><D1/><U4/><E77/><V49/><F71/><W87/><G93/><T123/><D123/><U33/><E33/><V44/><F64/><W37/><G90/><N who="1" m="34922" /><E92/><V17/><F0/><W56/><G56/><T98/><D91/><U104/><E104/><V122/><F3/><W34/><G34/><T6/><D115/><U108/><E108/><V39/><F39/><AGARI ba="0,0" hai="37,38,39,40,47,78,83,87" m="20559,41481" machi="39" ten="30,2900,0" yaku="14,1,10,1" doraHai="13" who="3" fromWho="2" sc="290,0,230,0,201,-29,279,29" /><INIT seed="3,1,0,2,2,110" ten="290,230,172,308" oya="3" hai0="118,68,124,116,23,7,61,71,91,54,16,98,22" hai1="27,0,1,34,108,31,114,109,41,47,117,32,88" hai2="29,65,5,125,130,52,10,94,107,24,79,64,76" hai3="3,39,26,38,53,132,18,67,103,33,4,92,55"/><W13/><G67/><T127/><D7/><U113/><E117/><V60/><F107/><W17/><G132/><T70/><D23/><U45/><E88/><V66/><F130/><W63/><G18/><T69/><D98/><U122/><E122/><V6/><F125/><N who="0" m="48202" /><D91/><U106/><E106/><V40/><F40/><W115/><G3/><N who="1" m="1098" /><E47/><V9/><F94/><W104/><G4/><N who="2" m="1641" /><F29/><W80/><G80/><T21/><D21/><U120/><E120/><V62/><F24/><W96/><G104/><T123/><D123/><U112/><E34/><V30/><F30/><W87/><G87/><T90/><D90/><U35/><E32/><V100/><F100/><W126/><G26/><N who="0" m="14663" /><D54/><U101/><E101/><V131/><F52/><W81/><G33/><T135/><D135/><U15/><E15/><V78/><F131/><W19/><G126/><T89/><D89/><U86/><E86/><V73/><F73/><W82/><G13/><T58/><D58/><U95/><E95/><V14/><F14/><W83/><G17/><T84/><D84/><U42/><E42/><V48/><F48/><W51/><G19/><T111/><D111/><N who="1" m="42571" /><E114/><V134/><F134/><W8/><G115/><T72/><D72/><U20/><E20/><V25/><F25/><W93/><G92/><T28/><D118/><U44/><E44/><V56/><F56/><W43/><G83/><T11/><D116/><U129/><E129/><V77/><N who="2" m="19456" /><DORA hai="36" /><V97/><F97/><W59/><G82/><T75/><D71/><U50/><AGARI ba="1,0" hai="27,31,35,41,45,50,112,113" m="42571,1098" machi="50" ten="30,7900,0" yaku="14,1,52,3" doraHai="110,36" who="1" fromWho="1" sc="290,-21,230,82,172,-21,308,-40" /><INIT seed="4,0,0,5,2,75" ten="269,312,151,268" oya="0" hai0="71,45,15,3,115,4,131,91,108,94,24,8,78" hai1="47,65,21,2,30,135,86,101,111,58,38,84,57" hai2="106,14,68,13,117,61,19,52,122,23,33,123,35" hai3="6,28,53,34,89,126,62,25,105,18,90,81,37"/><T114/><D71/><U83/><E2/><V63/><F106/><W104/><G37/><T113/><D131/><U102/><E111/><V5/><F117/><W127/><G6/><T60/><D108/><U133/><E30/><V39/><F39/><W70/><G18/><T112/><D60/><N who="1" m="38031" /><E21/><V69/><F5/><W40/><G40/><T116/><D116/><U109/><E58/><V98/><F98/><W32/><G32/><T43/><D24/><U0/><E0/><V44/><F44/><W10/><G10/><T64/><D64/><U11/><E11/><V95/><F95/><W17/><G17/><T85/><D3/><U100/><E109/><V80/><F80/><W55/><G104/><T77/><N who="0" m="28672" /><DORA hai="96" /><T27/><REACH who="0" step="1"/><D27/><REACH who="0" ten="259,312,151,268" step="2"/><U56/><E135/><V128/><F128/><W26/><G26/><T29/><D29/><U50/><E133/><V76/><F123/><W99/><G25/><T54/><D54/><N who="1" m="30047" /><E38/><AGARI ba="0,1" hai="4,8,15,38,43,45,77,78,85,91,94" m="28672" machi="38" ten="70,12000,1" yaku="1,1,15,1,52,2,53,0" doraHai="75,96" doraHaiUra="130,118" who="0" fromWho="1" sc="259,130,312,-120,151,0,268,0" /><INIT seed="4,1,0,3,2,17" ten="389,192,151,268" oya="0" hai0="21,104,87,83,35,15,126,40,55,3,101,132,86" hai1="25,105,115,24,108,134,92,20,52,63,113,68,127" hai2="13,49,62,82,88,90,8,7,19,31,28,112,128" hai3="37,103,46,57,130,116,0,4,38,27,120,106,58"/><T98/><D35/><U45/><E105/><V129/><F112/><N who="1" m="43081" /><E108/><V16/><F62/><W32/><G116/><T12/><D3/><U66/><E134/><V6/><F49/><W121/><G130/><N who="2" m="50281" /><F82/><W93/><G106/><T9/><D132/><U65/><E127/><V135/><F135/><W110/><G110/><T29/><D126/><U64/><E92/><V23/><F19/><W96/><G0/><T114/><D114/><U22/><E25/><N who="2" m="14567" /><F6/><W89/><G4/><T118/><D118/><U124/><E124/><V119/><F119/><W54/><G58/><T18/><D40/><U33/><E33/><V91/><AGARI ba="1,0" hai="7,8,13,28,31,88,90,91" m="14567,50281" machi="91" ten="30,7900,0" yaku="19,1,52,1,54,2" doraHai="17" who="2" fromWho="2" sc="389,-40,192,-21,151,82,268,-21" /><INIT seed="5,0,0,4,1,64" ten="349,171,233,247" oya="1" hai0="95,106,128,107,47,24,100,120,103,109,2,124,126" hai1="102,43,72,33,71,116,29,113,53,26,4,135,93" hai2="42,66,12,8,111,108,28,86,14,49,129,82,132" hai3="54,32,94,105,114,19,60,67,62,125,30,73,90"/><U104/><E116/><V97/><F28/><W44/><G105/><N who="0" m="39947" /><D24/><U85/><E72/><V52/><F66/><W46/><G73/><T38/><D2/><U45/><E135/><V20/><F97/><W70/><G125/><N who="0" m="48235" /><D109/><U40/><E113/><V25/><F129/><W98/><G114/><T89/><D128/><U92/><E71/><V27/><F132/><W119/><G119/><T39/><D120/><U51/><E4/><V75/><F75/><W65/><G54/><T36/><D47/><U21/><E104/><V77/><F42/><N who="1" m="15913" /><E33/><V131/><F131/><W7/><G7/><T0/><D0/><U10/><E102/><V55/><F55/><W48/><G48/><T96/><AGARI ba="0,0" hai="36,38,39,89,95,96,100,103" m="48235,39947" machi="96" ten="40,1500,0" yaku="18,1" doraHai="64" who="0" fromWho="0" sc="349,15,171,-7,233,-4,247,-4" /><INIT seed="6,0,0,1,0,43" ten="364,164,229,243" oya="2" hai0="64,2,100,95,67,7,118,94,126,131,5,129,78" hai1="59,130,107,31,44,120,116,45,112,84,17,0,8" hai2="96,13,24,14,68,119,47,91,81,49,21,115,109" hai3="60,53,108,99,80,102,35,127,73,36,74,1,40"/><V79/><F68/><W134/><G108/><T110/><D110/><U86/><E116/><V85/><F119/><W101/><G101/><T4/><D118/><U18/><E107/><V56/><F56/><W51/><G35/><T16/><D78/><U75/><E75/><V97/><F109/><W114/><G1/><T30/><D30/><U105/><E105/><V90/><F115/><W135/><G36/><T38/><D38/><U106/><E106/><V87/><F91/><W34/><G34/><T76/><D76/><U25/><E130/><V19/><F97/><W124/><G60/><T66/><D126/><N who="3" m="48169" /><G40/><T122/><D122/><U69/><E69/><V62/><F96/><W121/><G121/><T132/><D132/><N who="3" m="50729" /><G80/><T54/><D100/><U9/><E120/><V46/><F62/><W125/><G125/><T117/><D117/><U89/><E112/><V3/><F3/><W37/><G37/><T32/><D32/><U92/><E0/><V83/><F47/><N who="1" m="17993" /><E59/><V113/><F113/><W23/><G114/><T63/><D2/><U6/><E6/><V71/><F71/><W72/><G23/><T65/><D4/><U50/><E50/><V42/><AGARI ba="0,0" hai="13,14,19,21,24,42,46,49,79,81,83,85,87,90" machi="42" ten="20,7800,0" yaku="0,1,7,1,8,1,52,1" doraHai="43" who="2" fromWho="2" sc="364,-26,164,-26,229,78,243,-26" /><INIT seed="6,1,0,3,3,99" ten="338,138,307,217" oya="2" hai0="31,27,35,95,16,73,123,122,112,30,39,9,12" hai1="104,55,29,79,102,32,2,36,65,43,64,70,53" hai2="28,48,110,106,58,20,71,85,107,11,21,131,118" hai3="87,88,3,54,41,115,116,98,80,78,44,33,84"/><V19/><F71/><W130/><G116/><T77/><D39/><U74/><E65/><V17/><F118/><W26/><G130/><T57/><D112/><U51/><E51/><V93/><F131/><W60/><G3/><T8/><D31/><U111/><E111/><V46/><F58/><W68/><G115/><T119/><D119/><U105/><E2/><V97/><F28/><W0/><G0/><T128/><D128/><U66/><E66/><V52/><F11/><W13/><G33/><T6/><D57/><U23/><E23/><N who="2" m="8779" /><F107/><W14/><G26/><T117/><D95/><U59/><E59/><V47/><F106/><W129/><G98/><T135/><D117/><U82/><E105/><V89/><F47/><W86/><G129/><T40/><D73/><U83/><E83/><N who="2" m="49343" /><F110/><W101/><G68/><T24/><D77/><U134/><E134/><V61/><F61/><W108/><G60/><T96/><D135/><U50/><E50/><V92/><F92/><W120/><G108/><T75/><D9/><U127/><E127/><V69/><F69/><W91/><G78/><T109/><D8/><U42/><E36/><V62/><F62/><W133/><G133/><T76/><D109/><U94/><E104/><V132/><F132/><W67/><G80/><T100/><D30/><U15/><E70/><V126/><F126/><W90/><G44/><T10/><D10/><U113/><E113/><V125/><F125/><W38/><G38/><T4/><D123/><U18/><E82/><V37/><F37/><W72/><G72/><T121/><D121/><U45/><E74/><RYUUKYOKU ba="1,0" sc="338,-10,138,-10,307,30,217,-10" hai2="17,19,46,48,52,93,97" /><INIT seed="6,2,0,4,2,95" ten="328,128,337,207" oya="2" hai0="56,81,112,74,61,122,12,35,25,54,36,70,7" hai1="113,75,80,18,2,111,114,110,129,130,45,14,64" hai2="90,92,48,34,131,119,63,82,10,52,24,94,127" hai3="132,5,38,65,72,86,96,99,67,58,20,6,3"/><V27/><F34/><W17/><G72/><T133/><D122/><U21/><E64/><N who="3" m="24650" /><G38/><T134/><D70/><U104/><E104/><V103/><F119/><W106/><G3/><T116/><D112/><N who="1" m="43115" /><E45/><V33/><F33/><W118/><G106/><T53/><D116/><U88/><E75/><V117/><F63/><W13/><G132/><N who="0" m="50795" /><D36/><U124/><E124/><V105/><F127/><W121/><G121/><T29/><D54/><U28/><E2/><V8/><F105/><W51/><G118/><T108/><D108/><N who="1" m="41515" /><E80/><V109/><F82/><W115/><G115/><T66/><D66/><U101/><E101/><V46/><F131/><N who="1" m="50185" /><E88/><V126/><F126/><W16/><G17/><T125/><D81/><U9/><E28/><V30/><F30/><W4/><G86/><T79/><D74/><U40/><E40/><V41/><F41/><W135/><G135/><T19/><D29/><U44/><E44/><V0/><F0/><W107/><G107/><T59/><D125/><U47/><E47/><V39/><F39/><W50/><G58/><T97/><D59/><U84/><E84/><N who="2" m="52295" /><F109/><W60/><G60/><T49/><D61/><U62/><E62/><V15/><F117/><W100/><G100/><T43/><D43/><U123/><E123/><V77/><F103/><W11/><G51/><T32/><D49/><U1/><E1/><V42/><F42/><W78/><G50/><T55/><D35/><U37/><E37/><V89/><F48/><W98/><G78/><T93/><D32/><U73/><E73/><V22/><F77/><W23/><AGARI ba="2,0" hai="4,5,6,11,13,16,20,23,96,98,99" m="24650" machi="23" ten="40,8000,1" yaku="8,1,52,3,54,1" doraHai="95" who="3" fromWho="3" sc="328,-22,128,-22,337,-42,207,86" /><INIT seed="7,0,0,1,5,126" ten="306,106,295,293" oya="3" hai0="111,105,93,91,87,51,34,129,61,21,98,84,133" hai1="80,79,63,31,104,33,125,106,89,19,59,116,123" hai2="110,57,39,49,65,127,3,97,18,83,4,103,78" hai3="99,36,40,73,85,122,88,96,113,24,14,135,108"/><W37/><G73/><T35/><D129/><U56/><E123/><V64/><F39/><W74/><G74/><T107/><D111/><U72/><E116/><V25/><F110/><W22/><G108/><T94/><D61/><U70/><E125/><V134/><F127/><W53/><G122/><T9/><D133/><U75/><E75/><V48/><F4/><W23/><G135/><T5/><D21/><U47/><E70/><V54/><F3/><W27/><G113/><T28/><D51/><U92/><E59/><V45/><F134/><W132/><G132/><T16/><D16/><U128/><E128/><V30/><F30/><N who="3" m="17687" /><G14/><T2/><D84/><U12/><E47/><V42/><F78/><W69/><G69/><T86/><D86/><U6/><E6/><V0/><F83/><N who="3" m="49215" /><G40/><T66/><D35/><U82/><E82/><V52/><F42/><W10/><G10/><T60/><D34/><U26/><E19/><V11/><F0/><W68/><G68/><T50/><D28/><U44/><E12/><N who="2" m="7455" /><F25/><W118/><G118/><T32/><D32/><U76/><E76/><V20/><F20/><W101/><G53/><T71/><D50/><U102/><E102/><AGARI ba="0,0" hai="2,5,9,60,66,71,87,91,93,94,98,102,105,107" machi="102" ten="30,1000,0" yaku="7,1" doraHai="126" who="0" fromWho="1" sc="306,10,106,-10,295,0,293,0" owari="316,41.0,96,-40.0,295,10.0,293,-11.0" /></mjloggm>