<mjloggm ver="2.3"><GO type="97"/><UN n0="%E3%83%8B%E3%82%B3%E5%A4%A7%E7%8E%8B" n1="%E3%82%A6%E3%83%AB%E3%83%88%E3%83%A9%E7%AB%8B%E7%9B%B4" n2="%E5%A5%B3%E5%AD%90%E6%9B%B4%E8%A1%A3%E5%AE%A4" n3="%E6%84%9B%E9%AF%89" dan="14,15,14,14" rate="1935,1944,1950,1981" sx="M,M,M,F"/><TAIKYOKU oya="0"/><INIT seed="0,0,0,5,0,69" ten="250,250,250,250" oya="0" hai0="1,61,7,124,134,27,102,67,50,34,32,0,52" hai1="71,85,44,22,17,20,127,12,103,107,135,54,101" hai2="117,23,80,121,105,56,82,30,119,72,74,66,3" hai3="53,42,25,36,14,120,100,128,68,88,47,33,131"/><T19/><D124/><U87/><E71/><V59/><F3/><W64/><G120/><T125/><D134/><U63/><E127/><V13/><F105/><W86/><G100/><N who="1" m="38474" /><E107/><V84/><F121/><W123/><G123/><T75/><D75/><U96/><E96/><V9/><F30/><W49/><G14/><T16/><D125/><U10/><E135/><V51/><F23/><N who="1" m="8745" /><E44/><V133/><F133/><W40/><G25/><T94/><D102/><U4/><E4/><V116/><F66/><W70/><G33/><T118/><D94/><U81/><E81/><N who="2" m="31339" /><F84/><W77/><G77/><T28/><D34/><U24/><E24/><V129/><F129/><N who="3" m="49739" /><G64/><T112/><D112/><U39/><E17/><N who="2" m="8367" /><F59/><N who="3" m="33199" /><G42/><T6/><D118/><U114/><E12/><V76/><F76/><W57/><G57/><T106/><D106/><U38/><E10/><V37/><F74/><W132/><G132/><T35/><D35/><U60/><E114/><V99/><F72/><W46/><G46/><T55/><D1/><U91/><E91/><V5/><F5/><W83/><AGARI ba="0,0" hai="36,40,47,68,70,83,86,88" m="33199,49739" machi="83" ten="30,4000,0" yaku="19,1,52,1,54,1" doraHai="69" who="3" fromWho="3" sc="250,-20,250,-10,250,-10,250,40" /><INIT seed="1,0,0,3,3,25" ten="230,240,240,290" oya="1" hai0="69,41,48,65,15,62,64,52,104,108,51,96,124" hai1="76,26,75,13,107,79,129,10,18,30,32,83,53" hai2="6,1,99,84,67,28,57,116,19,120,103,94,73" hai3="17,16,110,85,7,90,130,36,97,127,29,134,40"/><U78/><E129/><V68/><F73/><W95/><G110/><T11/><D108/><U47/><E107/><V128/><F120/><W121/><G121/><T123/><D123/><U20/><E47/><V109/><F109/><W114/><G114/><T35/><D35/><U117/><E117/><V34/><F116/><W93/><G134/><T63/><D124/><U56/><REACH who="1" step="1"/><E32/><REACH who="1" ten="230,230,240,290" step="2"/><V100/><F34/><W49/><G130/><T58/><D104/><U55/><E55/><V132/><F128/><W87/><G127/><T119/><D119/><U31/><E31/><V33/><F28/><W113/><G113/><T23/><D41/><U106/><E106/><V14/><F33/><W71/><G29/><T22/><D51/><AGARI ba="0,1" hai="10,13,18,20,26,30,51,53,56,75,76,78,79,83" machi="51" ten="30,5800,0" yaku="1,1,7,1,52,1,53,0" doraHai="25" doraHaiUra="131" who="1" fromWho="0" sc="230,-58,230,68,240,0,290,0" /><INIT seed="1,1,0,0,1,21" ten="172,298,240,290" oya="1" hai0="83,14,106,12,132,77,70,74,95,114,24,55,54" hai1="37,34,62,38,17,56,99,67,90,135,88,6,11" hai2="20,94,53,103,86,51,109,97,13,8,30,47,44" hai3="134,102,118,126,101,10,76,0,121,46,41,66,65"/><U50/><E135/><V1/><F109/><W42/><G134/><T100/><D106/><U125/><E125/><V19/><F86/><W28/><G121/><T79/><D70/><U68/><E17/><V119/><F119/><W36/><G126/><T58/><D114/><U107/><E34/><V45/><REACH who="2" step="1"/><F1/><REACH who="2" ten="172,298,230,290" step="2"/><W3/><G118/><T112/><D132/><U111/><E111/><V93/><F93/><W128/><G3/><T72/><D112/><U35/><E107/><V113/><F113/><W84/><G0/><T60/><D95/><U25/><E99/><V16/><F16/><W87/><G84/><T7/><D100/><U5/><E5/><V129/><F129/><W81/><G128/><T31/><D7/><U104/><E104/><V26/><AGARI ba="1,1" hai="8,13,19,20,26,30,44,45,47,51,53,94,97,103" machi="26" ten="30,7900,0" yaku="1,1,0,1,8,1,52,1,53,0" doraHai="21" doraHaiUra="52" who="2" fromWho="2" sc="172,-21,298,-40,230,92,290,-21" /><INIT seed="2,0,0,5,3,79" ten="151,258,322,269" oya="2" hai0="27,103,35,40,58,105,74,47,39,120,66,42,131" hai1="77,49,51,8,34,70,128,87,106,93,71,124,84" hai2="129,133,17,63,55,16,118,110,0,4,85,61,113" hai3="1,32,19,90,68,21,64,101,48,6,89,130,117"/><V134/><F113/><W98/><G117/><T44/><D58/><U2/><E106/><V114/><F114/><W109/><G130/><T24/><D66/><U65/><E34/><V92/><F118/><W59/><G109/><T135/><D120/><U119/><E119/><V100/><F129/><W38/><G38/><N who="0" m="21527" /><D24/><U132/><E77/><V115/><F115/><W36/><G36/><N who="0" m="21959" /><D131/><U95/><E2/><V54/><F110/><W25/><G68/><T76/><D135/><U97/><E128/><V45/><F4/><W81/><G32/><T94/><D94/><U22/><E65/><V43/><F0/><W80/><G64/><T33/><D27/><U127/><E22/><V9/><F92/><N who="3" m="58567" /><G6/><T30/><D30/><U104/><E104/><V53/><F85/><W123/><G123/><T7/><D7/><U122/><E122/><V107/><F43/><W3/><G3/><T108/><D39/><U60/><E97/><N who="2" m="61839" /><F45/><W73/><G73/><T14/><D14/><U78/><E78/><V20/><F61/><W112/><G112/><T99/><D108/><U126/><E126/><V29/><F63/><W57/><G1/><T116/><D116/><U82/><E60/><V28/><F9/><W13/><G25/><T125/><D125/><U72/><E8/><V11/><F11/><W88/><G57/><T18/><D18/><N who="2" m="7274" /><F20/><W23/><G23/><T50/><D50/><U86/><E86/><V67/><F67/><W69/><G69/><T31/><D31/><U5/><E5/><V12/><F12/><W102/><G102/><T56/><D56/><U46/><E127/><RYUUKYOKU ba="0,0" sc="151,10,258,-30,322,10,269,10" hai0="33,35,74,76,99,103,105" hai2="28,29,53,54,55,133,134" hai3="13,19,21,48,59,80,81,88,89,90" /><INIT seed="2,1,0,2,3,110" ten="161,228,332,279" oya="2" hai0="90,52,79,68,132,6,113,121,98,2,93,58,99" hai1="114,57,19,3,45,10,28,78,112,23,130,62,63" hai2="128,13,30,47,22,8,39,60,124,29,38,123,82" hai3="11,32,41,65,83,4,125,16,111,100,36,1,85"/><V81/><F123/><W9/><G111/><T51/><D121/><U120/><E120/><V135/><F135/><W126/><G32/><T42/><D132/><U101/><E130/><V94/><F128/><W73/><G100/><T61/><D2/><U87/><E62/><V72/><F60/><W69/><G69/><T127/><D6/><U77/><E101/><V70/><F70/><W0/><G65/><T97/><D127/><N who="3" m="48649" /><G73/><T122/><D122/><U103/><E103/><V74/><F124/><W20/><G41/><T116/><D116/><U26/><E78/><V96/><F39/><W102/><G102/><T118/><D118/><U105/><E105/><V95/><F38/><W5/><G36/><T75/><D113/><U15/><E45/><V76/><F72/><W91/><G91/><T50/><D68/><U117/><E117/><V46/><F74/><W31/><G85/><T71/><D71/><U37/><E37/><V133/><F133/><W54/><G54/><T43/><D79/><U109/><E109/><V48/><F76/><W18/><G83/><T107/><D75/><U56/><E56/><V108/><F81/><W92/><G92/><T53/><D107/><U89/><E77/><V84/><F82/><W17/><G31/><T7/><D7/><U88/><E3/><V131/><F108/><W27/><AGARI ba="1,0" hai="0,1,4,5,9,11,16,17,18,20,27" m="48649" machi="27" ten="30,7900,0" yaku="18,1,34,2,54,1" doraHai="110" who="3" fromWho="3" sc="161,-21,228,-21,332,-40,279,82" /><INIT seed="3,0,0,1,1,123" ten="140,207,292,361" oya="3" hai0="118,3,114,88,80,101,79,89,109,128,57,29,134" hai1="4,28,92,39,21,104,16,120,103,69,65,116,129" hai2="18,46,132,9,84,102,49,15,44,107,91,63,56" hai3="58,48,22,37,7,43,100,60,45,81,95,33,74"/><W130/><G130/><T54/><D3/><U131/><E104/><V127/><F127/><W53/><G33/><T68/><D68/><U30/><E39/><V106/><F132/><W17/><G7/><T19/><D29/><N who="1" m="11371" /><E65/><V0/><F0/><W124/><G124/><T20/><D118/><U35/><E69/><V13/><F102/><W122/><G122/><T71/><D71/><U50/><E50/><V59/><F56/><W64/><G81/><T11/><D11/><U36/><E36/><V70/><F70/><N who="3" m="42247" /><G74/><T113/><D134/><U14/><E103/><V52/><F15/><W73/><G73/><T42/><D42/><U41/><E41/><V87/><F46/><W90/><G100/><T93/><D128/><N who="1" m="49227" /><E92/><V86/><REACH who="2" step="1"/><F91/><REACH who="2" ten="140,207,282,361" step="2"/><N who="0" m="34890" /><D101/><U26/><E120/><V24/><F24/><N who="3" m="14415" /><G90/><T111/><D93/><AGARI ba="0,1" hai="37,43,45,48,53,58,93,95" m="14415,42247" machi="93" ten="30,1500,0" yaku="24,1" doraHai="123" who="3" fromWho="0" sc="140,-15,207,0,282,0,361,25" owari="125,-37.0,207,-19.0,282,8.0,386,48.0" /></mjloggm>