<mjloggm ver="2.3"><GO type="41"/><UN n0="%E3%83%89%E3%83%AB%E3%83%AD%E3%83%AC" n1="%E6%94%BE%E9%8A%83%E8%AB%8B%E8%B2%A0%E4%BA%BA" n2="%E3%82%A6%E3%83%AB%E3%83%88%E3%83%A9%E7%AB%8B%E7%9B%B4" n3="%E9%A6%99%E8%BB%8A" dan="13,13,15,14" rate="1964,1811,1964,1800" sx="M,M,M,M"/><TAIKYOKU oya="0"/><INIT seed="0,0,0,2,1,126" ten="250,250,250,250" oya="0" hai0="106,17,109,101,96,117,20,29,98,115,8,127,38" hai1="93,67,73,121,33,32,125,18,16,51,58,65,60" hai2="81,64,124,47,133,41,113,116,61,22,122,35,56" hai3="132,105,53,23,84,76,3,1,0,135,36,7,128"/><T13/><D38/><U79/><E121/><V82/><F35/><W62/><G105/><T63/><D115/><U107/><E125/><V130/><F122/><W77/><G36/><T49/><D117/><U72/><E107/><V28/><F113/><W89/><G7/><T54/><D127/><U110/><E51/><V131/><F124/><W118/><G118/><T4/><D109/><U78/><E93/><V31/><F116/><W9/><G9/><T134/><D134/><U43/><E58/><V44/><F133/><N who="3" m="51275" /><G23/><T95/><D63/><U86/><E60/><V112/><F112/><W111/><G111/><T40/><D40/><U26/><E110/><V37/><F44/><W123/><G123/><T119/><D29/><U91/><E86/><V66/><F66/><W12/><G12/><T104/><D119/><U15/><E15/><V27/><F31/><W25/><G25/><T94/><D49/><U42/><E26/><V46/><F46/><W14/><G14/><T2/><REACH who="0" step="1"/><D54/><REACH who="0" ten="240,250,250,250" step="2"/><U6/><E6/><V5/><F5/><W103/><G53/><T75/><D75/><U57/><E57/><V74/><F74/><W100/><G62/><T39/><D39/><U21/><E73/><V92/><F56/><W80/><G76/><T88/><AGARI ba="0,1" hai="2,4,8,13,17,20,88,94,95,96,98,101,104,106" machi="88" ten="20,12000,1" yaku="1,1,0,1,7,1,54,1,53,1" doraHai="126" doraHaiUra="10" who="0" fromWho="0" sc="240,130,250,-40,250,-40,250,-40" /><INIT seed="0,1,0,2,1,55" ten="370,210,210,210" oya="0" hai0="12,38,24,3,30,50,128,59,69,112,74,72,98" hai1="68,90,27,101,113,9,78,13,130,0,43,97,10" hai2="2,60,45,64,40,107,91,53,129,36,135,18,120" hai3="106,7,22,15,57,117,16,71,87,35,34,6,104"/><T95/><D112/><U31/><E68/><V82/><F107/><W48/><G117/><T39/><D69/><U103/><E113/><V75/><F120/><W49/><G71/><T5/><D3/><U33/><E130/><V19/><F53/><W84/><G22/><T73/><D128/><U110/><E110/><V25/><F129/><W28/><G15/><T52/><D5/><U102/><E10/><V63/><F63/><W121/><G121/><T94/><D12/><U89/><E0/><V134/><F91/><W62/><G62/><T46/><D46/><U23/><E33/><V26/><F19/><W8/><G8/><T126/><D126/><U70/><E70/><V37/><F18/><W56/><G28/><T83/><D83/><U44/><E78/><V61/><F2/><W67/><G67/><T65/><D65/><U21/><E21/><V123/><F123/><W116/><G116/><T58/><D95/><U79/><E79/><V51/><F82/><W119/><G119/><T92/><D92/><U11/><E11/><V88/><F88/><W80/><G80/><T47/><D39/><N who="2" m="14922" /><F75/><W127/><G16/><T111/><D38/><U41/><E44/><V108/><F61/><W86/><G86/><T114/><D114/><U85/><E97/><V96/><F96/><W4/><REACH who="3" step="1"/><G6/><REACH who="3" ten="370,210,210,200" step="2"/><T76/><D111/><U1/><E1/><V81/><F81/><W132/><G132/><N who="2" m="50729" /><F108/><W124/><AGARI ba="1,1" hai="4,7,34,35,48,49,56,57,84,87,104,106,124,127" machi="124" ten="25,12000,2" yaku="1,1,0,1,22,2,52,2,53,0" doraHai="55" doraHaiUra="20" who="3" fromWho="3" sc="370,-61,210,-31,210,-31,200,133" /><INIT seed="1,0,0,4,3,62" ten="309,179,179,333" oya="1" hai0="44,135,20,38,117,1,109,4,103,123,28,0,31" hai1="55,45,14,89,42,132,64,53,6,60,91,71,54" hai2="128,93,25,73,7,129,76,99,12,130,77,133,95" hai3="8,69,30,49,65,85,29,111,92,120,52,131,15"/><U32/><E32/><V41/><F25/><W48/><G120/><T33/><D117/><U104/><E104/><V90/><F12/><W70/><G70/><T67/><D123/><U80/><E132/><V119/><F7/><W16/><G111/><T51/><D135/><U24/><E80/><V27/><F27/><W56/><G131/><T82/><D38/><U101/><E101/><N who="2" m="60655" /><F41/><W68/><G68/><T22/><D33/><U115/><E115/><V110/><F133/><W39/><G39/><T13/><D67/><U127/><E127/><V112/><F119/><W79/><G48/><T59/><D109/><U74/><E74/><V34/><F34/><W66/><G69/><T124/><D124/><U19/><E24/><V50/><F50/><W122/><G122/><T125/><D125/><U81/><E6/><V108/><F112/><W75/><G75/><T23/><D103/><U26/><E26/><V37/><F37/><W9/><G9/><T11/><D59/><U94/><E81/><N who="2" m="45199" /><F77/><W36/><G36/><T3/><D82/><U98/><E45/><V114/><F114/><W105/><G79/><T126/><REACH who="0" step="1"/><D126/><REACH who="0" ten="299,179,179,333" step="2"/><U97/><E42/><AGARI ba="0,1" hai="0,1,3,4,11,13,20,22,23,28,31,42,44,51" machi="42" ten="50,6400,0" yaku="1,1,2,1,53,1" doraHai="62" doraHaiUra="2" who="0" fromWho="1" sc="299,74,179,-64,179,0,333,0" /><INIT seed="2,0,0,1,1,98" ten="373,115,179,333" oya="2" hai0="45,97,42,131,51,52,81,92,80,53,57,27,118" hai1="38,126,6,44,3,128,105,30,85,31,63,116,124" hai2="9,112,37,35,47,134,14,23,58,25,12,40,104" hai3="130,117,41,36,91,84,77,61,83,16,33,15,103"/><V90/><F35/><W70/><G117/><T48/><D118/><U49/><E116/><V26/><F112/><W13/><G33/><T123/><D123/><U17/><E105/><V50/><F134/><W64/><G130/><T21/><D131/><U87/><E128/><V132/><F132/><W66/><G103/><T113/><D113/><U102/><E38/><V86/><F104/><W75/><G66/><T76/><D76/><U71/><E3/><V79/><F79/><W111/><G111/><T129/><D129/><U11/><E17/><V95/><F14/><W114/><G114/><T108/><D108/><U88/><E11/><V59/><F37/><W67/><G67/><T56/><D42/><U106/><E106/><V73/><F73/><W93/><REACH who="3" step="1"/><G16/><REACH who="3" ten="373,115,179,323" step="2"/><N who="0" m="12711" /><D45/><AGARI ba="0,1" hai="13,15,36,41,45,61,64,70,75,77,83,84,91,93" machi="45" ten="40,1300,0" yaku="1,1,53,0" doraHai="98" doraHaiUra="100" who="3" fromWho="0" sc="373,-13,115,0,179,0,323,23" /><INIT seed="3,0,0,1,5,72" ten="360,115,179,346" oya="3" hai0="97,111,135,84,92,102,48,101,66,124,96,119,110" hai1="18,49,83,7,25,100,40,27,88,17,80,123,51" hai2="33,23,29,73,67,9,55,13,60,30,117,50,56" hai3="81,65,12,113,16,134,46,95,53,116,5,37,43"/><W35/><G116/><T14/><D119/><U68/><E123/><V89/><F33/><W87/><G113/><T70/><D70/><U0/><E68/><V52/><F55/><W31/><G134/><T1/><D1/><U32/><E32/><V20/><F73/><W108/><G5/><T129/><D135/><U78/><E0/><V28/><F89/><W38/><G65/><T109/><D66/><U104/><E104/><V62/><F117/><W85/><G53/><T114/><D114/><U103/><E7/><V133/><F133/><W22/><G108/><T71/><D71/><U131/><E131/><V127/><F127/><W77/><G95/><T44/><D124/><U130/><E130/><V39/><F39/><W121/><G121/><T118/><D118/><U106/><E106/><V91/><F91/><W90/><G90/><T79/><D129/><U82/><E88/><V112/><F112/><W26/><REACH who="3" step="1"/><G38/><REACH who="3" ten="360,115,179,336" step="2"/><T57/><D57/><U42/><E83/><V24/><F67/><W98/><G98/><T120/><D120/><U6/><E6/><V64/><F64/><W10/><G10/><T115/><D115/><U21/><E21/><V41/><F23/><W45/><G45/><T54/><D97/><U126/><E126/><V69/><F69/><W58/><G58/><T15/><D101/><U11/><E11/><V36/><F36/><W86/><AGARI ba="0,1" hai="12,16,22,26,31,35,37,43,46,77,81,85,86,87" machi="86" ten="20,12000,1" yaku="1,1,0,1,7,1,52,1,54,1,53,0" doraHai="72" doraHaiUra="63" who="3" fromWho="3" sc="360,-40,115,-40,179,-40,336,130" /><INIT seed="3,1,0,2,2,87" ten="320,75,139,466" oya="3" hai0="109,69,26,128,40,94,82,119,13,68,14,54,84" hai1="18,83,117,17,60,56,34,41,116,66,48,55,70" hai2="15,58,38,102,49,5,32,45,52,97,64,20,115" hai3="81,76,123,33,120,29,72,73,77,85,43,105,8"/><W131/><G105/><T86/><D119/><U44/><E34/><V78/><F32/><W79/><G131/><T90/><D128/><U89/><E18/><V12/><F115/><W106/><G106/><T47/><D109/><U4/><E4/><V75/><F12/><W124/><G124/><T50/><D26/><U7/><E7/><V59/><F59/><W114/><G114/><T1/><D1/><U61/><E17/><V103/><F103/><W110/><G110/><T101/><D101/><U51/><E83/><V100/><F100/><W0/><G43/><T80/><D94/><U30/><E89/><V99/><F99/><W11/><G0/><T126/><D126/><U95/><E95/><V129/><F129/><W2/><G2/><T127/><D127/><U63/><REACH who="1" step="1"/><E30/><REACH who="1" ten="320,65,139,466" step="2"/><V88/><F5/><W91/><G29/><T67/><D13/><U62/><AGARI ba="1,1" hai="41,44,48,51,55,56,60,61,62,63,66,70,116,117" machi="62" ten="30,12000,2" yaku="1,1,2,1,0,1,34,3,53,0" doraHai="87" doraHaiUra="6" who="1" fromWho="1" sc="320,-31,65,133,139,-31,466,-61" /><INIT seed="4,0,0,2,4,100" ten="289,198,108,405" oya="0" hai0="87,14,82,107,47,68,58,78,32,55,127,27,75" hai1="77,118,116,19,85,113,37,103,71,89,3,112,6" hai2="123,39,109,65,34,61,97,102,72,99,56,42,122" hai3="48,54,53,13,131,117,59,125,22,25,110,35,15"/><T80/><D68/><U17/><E71/><V50/><F72/><W86/><G110/><T126/><D47/><U60/><E37/><V104/><F109/><W128/><G117/><T88/><D14/><U24/><E77/><V111/><F111/><W33/><G125/><N who="0" m="47627" /><D27/><U63/><E3/><V4/><F4/><W76/><G35/><T29/><D29/><U133/><E6/><V120/><F34/><W135/><G135/><T69/><D69/><U92/><E133/><V51/><F39/><W74/><G33/><T2/><D2/><U31/><E103/><V84/><F42/><W121/><G121/><T130/><D130/><U16/><E24/><V20/><F84/><W5/><G74/><T105/><D32/><U134/><E31/><V21/><F99/><W36/><G36/><T83/><D82/><U1/><E1/><V30/><F30/><N who="3" m="17719" /><G54/><T62/><AGARI ba="0,0" hai="55,58,62,75,78,80,83,87,88,105,107" m="47627" machi="62" ten="30,11700,0" yaku="18,1,52,2,54,1" doraHai="100" who="0" fromWho="0" sc="289,117,198,-39,108,-39,405,-39" /><INIT seed="4,1,0,5,1,109" ten="406,159,69,366" oya="0" hai0="130,86,133,23,63,57,12,30,49,72,121,73,43" hai1="65,98,31,36,20,19,116,91,53,94,129,22,80" hai2="114,56,38,135,87,99,113,132,8,68,25,83,106" hai3="89,69,77,85,48,124,26,134,117,3,5,29,78"/><T95/><D121/><U51/><E116/><V96/><F68/><W125/><G117/><T101/><D130/><U67/><E36/><V27/><F38/><W107/><G107/><T115/><D133/><N who="2" m="51274" /><F8/><W111/><G111/><T45/><D115/><N who="2" m="44042" /><F56/><W112/><G69/><T34/><D34/><U16/><E129/><V103/><F99/><W61/><G112/><T119/><D119/><U82/><E31/><V41/><F41/><W102/><G29/><T74/><D101/><U79/><E80/><V4/><F4/><W0/><G102/><T66/><D30/><U50/><E50/><V105/><F105/><W9/><G48/><T6/><D86/><N who="1" m="48479" /><E20/><V40/><F40/><W120/><G61/><T52/><D95/><U37/><E37/><V122/><F122/><W28/><G120/><T62/><D23/><U84/><E98/><V46/><F46/><W17/><G134/><T24/><D24/><N who="1" m="14407" /><E19/><V42/><F42/><W97/><G17/><T2/><D2/><U123/><E123/><V32/><F32/><N who="3" m="20503" /><G0/><T81/><D12/><U21/><E21/><V76/><AGARI ba="1,0" hai="25,27,76,83,87,96,103,106" m="44042,51274" machi="76" ten="30,8000,1" yaku="20,1,15,1,52,3" doraHai="109" who="2" fromWho="2" sc="406,-41,159,-21,69,83,366,-21" /><INIT seed="5,0,0,3,1,119" ten="365,138,152,345" oya="1" hai0="105,134,34,93,71,50,27,135,39,41,131,0,9" hai1="89,83,43,15,125,57,53,23,14,52,113,51,112" hai2="80,107,90,116,4,97,77,26,70,48,104,106,10" hai3="78,79,99,86,85,36,82,98,32,16,72,124,114"/><U95/><E43/><V103/><F116/><W92/><G32/><T22/><D93/><U56/><E125/><V44/><F70/><W91/><G36/><T73/><D50/><U31/><E83/><V63/><F63/><W96/><G16/><T108/><D22/><U21/><E31/><V109/><F26/><W37/><G37/><T94/><D94/><U110/><E110/><V11/><F90/><N who="3" m="53335" /><G114/><N who="1" m="44138" /><E21/><V74/><F10/><W46/><G46/><T58/><D58/><U20/><E20/><V29/><F29/><W87/><G124/><T132/><D41/><U24/><E24/><V65/><F65/><W61/><G61/><T28/><D9/><U111/><E23/><V120/><F109/><W8/><G8/><T67/><D27/><U7/><E7/><V121/><F106/><W76/><G87/><T54/><D28/><U49/><E111/><V130/><F104/><W35/><G35/><T133/><D132/><U59/><E59/><V3/><F130/><W42/><G42/><AGARI ba="0,0" hai="3,4,11,42,44,48,74,77,80,97,103,107,120,121" machi="42" ten="30,3900,0" yaku="7,1,52,2" doraHai="119" who="2" fromWho="3" sc="365,0,138,0,152,39,345,-39" /><INIT seed="6,0,0,5,1,90" ten="365,138,191,306" oya="2" hai0="18,112,124,7,95,29,40,125,23,126,134,1,72" hai1="52,42,92,106,9,47,80,64,96,33,60,114,20" hai2="16,12,65,109,6,10,99,111,30,113,67,127,24" hai3="59,46,14,11,19,28,55,85,8,108,13,88,48"/><V121/><F121/><W122/><G108/><N who="2" m="41545" /><F127/><W102/><G122/><T104/><D104/><U129/><E33/><N who="2" m="20679" /><F113/><W131/><G28/><T69/><D72/><U56/><E114/><V87/><F87/><W71/><G71/><T118/><D112/><U32/><E106/><V25/><F25/><W115/><G115/><T68/><D118/><U53/><E32/><V50/><F50/><W103/><G131/><T73/><D73/><U63/><E129/><V66/><F99/><W3/><G3/><T35/><D40/><U38/><E20/><N who="2" m="11271" /><F67/><W117/><G117/><T21/><D134/><U105/><E105/><V22/><F22/><W116/><G116/><T26/><D68/><U0/><E63/><V36/><F36/><W97/><G97/><T61/><D69/><U93/><E80/><V44/><F44/><W58/><G58/><T54/><D61/><U110/><E110/><V62/><F62/><W135/><G46/><T83/><D54/><U128/><E128/><V74/><F74/><W37/><G37/><T94/><D83/><U34/><E34/><V41/><F41/><W51/><G51/><T107/><D107/><U43/><E43/><V76/><F76/><W4/><G4/><T70/><D70/><U100/><REACH who="1" step="1"/><E93/><REACH who="1" ten="365,128,191,306" step="2"/><V120/><F120/><W81/><G81/><T15/><D35/><U75/><E75/><V119/><F119/><W79/><G79/><T89/><D94/><U5/><AGARI ba="0,1" hai="0,5,9,38,42,47,52,53,56,60,64,92,96,100" machi="5" ten="30,7900,0" yaku="1,1,0,1,52,1,54,1,53,0" doraHai="90" doraHaiUra="78" who="1" fromWho="1" sc="365,-20,128,89,191,-39,306,-20" /><INIT seed="7,0,0,1,4,103" ten="345,217,152,286" oya="3" hai0="55,131,100,119,1,81,29,118,134,16,104,42,10" hai1="86,45,23,116,53,8,19,20,121,113,124,133,15" hai2="122,106,83,33,60,78,99,27,108,109,7,61,5" hai3="93,110,57,87,132,128,48,30,39,26,125,114,111"/><W22/><G39/><T21/><D131/><U97/><E121/><V75/><F61/><W56/><G128/><T11/><D134/><U82/><E116/><V66/><F7/><W88/><G132/><T52/><D29/><U17/><E133/><V73/><F5/><W130/><G130/><T49/><D42/><U3/><E3/><V13/><F13/><W31/><G125/><T46/><D1/><U115/><E124/><V58/><F58/><W117/><G117/><T89/><D119/><U43/><E53/><V37/><F37/><W40/><G114/><T44/><D118/><U105/><E19/><V0/><F0/><W123/><G123/><T80/><D100/><U95/><E43/><V59/><F122/><W127/><G127/><T102/><D102/><U98/><E45/><V77/><F59/><W38/><G38/><T70/><D70/><U18/><E18/><V135/><F135/><W14/><G14/><T107/><D89/><U41/><E41/><V71/><F77/><W12/><G12/><T126/><D126/><U129/><E129/><V47/><F47/><N who="3" m="25703" /><G31/><T4/><D4/><U63/><E15/><V68/><F75/><W24/><G24/><T84/><D16/><U28/><E17/><V74/><F74/><W67/><G67/><T64/><D64/><U96/><E8/><V54/><F54/><W51/><G51/><T32/><D49/><U35/><E28/><N who="2" m="19615" /><F68/><W92/><G92/><T101/><D32/><U62/><E35/><V6/><F6/><W91/><G91/><T85/><D101/><U76/><E76/><V72/><F72/><RYUUKYOKU ba="0,0" sc="345,10,217,-30,152,10,286,10" hai0="10,11,21,44,46,52,55,80,81,84,85,104,107" hai2="60,66,71,73,78,83,99,106,108,109" hai3="22,26,30,56,57,87,88,93,110,111" /><INIT seed="7,1,0,1,0,72" ten="355,187,162,296" oya="3" hai0="9,4,2,92,75,31,69,134,131,21,85,107,80" hai1="50,41,6,36,108,110,112,44,93,76,135,96,125" hai2="54,42,106,26,14,121,40,74,32,129,119,84,120" hai3="122,78,8,89,39,49,114,23,10,70,128,0,109"/><W62/><G122/><N who="2" m="47209" /><F106/><W53/><G39/><T73/><D107/><U102/><E112/><V45/><F74/><W37/><G37/><T79/><D69/><U20/><E135/><V52/><F119/><W27/><G114/><T95/><D131/><U88/><E125/><V113/><F113/><W35/><G35/><T30/><D134/><U115/><E115/><V55/><F129/><W111/><G128/><T1/><D1/><U13/><E36/><V51/><F40/><W18/><G0/><T117/><D117/><U3/><E3/><V65/><F14/><W101/><G101/><T97/><D95/><U68/><E68/><V24/><F32/><W38/><G38/><T46/><D46/><U64/><E64/><V91/><F65/><W34/><G34/><T87/><D73/><U60/><E60/><V17/><F17/><W16/><G18/><T48/><D48/><U83/><E102/><V61/><F61/><W99/><G70/><T15/><D31/><U56/><E56/><V67/><F67/><W57/><G62/><T11/><D21/><U118/><E20/><V126/><F126/><W123/><G123/><T104/><D30/><U90/><E118/><V124/><F124/><W100/><G89/><T98/><D104/><U33/><E90/><V86/><F86/><W133/><G133/><T47/><D47/><U29/><E33/><V63/><F63/><W28/><G28/><T59/><D59/><U127/><E127/><V7/><F7/><W22/><G22/><T12/><D2/><U58/><E6/><V19/><F19/><W132/><G132/><RYUUKYOKU ba="1,0" sc="355,-10,187,-10,162,30,296,-10" hai2="24,26,42,45,51,52,54,55,84,91" owari="345,44.0,177,-32.0,192,-21.0,286,9.0" /></mjloggm>