<mjloggm ver="2.3"><GO type="41"/><UN n0="%6B%2D%74%61%6B%61%74%6F" n1="%E3%81%AA%E3%81%A3%E3%81%B4%E3%83%BC" n2="%64%61%6D%65%70%6F%73" n3="%EF%BC%88%E2%89%A7%E2%96%BD%E2%89%A6%EF%BC%89" dan="15,14,14,15" rate="2045,1931,1866,2073" sx="M,M,F,M"/><TAIKYOKU oya="0"/><INIT seed="0,0,0,2,1,62" ten="250,250,250,250" oya="0" hai0="50,133,105,59,70,135,9,92,15,23,14,65,68" hai1="37,97,7,22,87,101,128,16,84,18,95,89,117" hai2="47,5,121,81,30,96,45,113,55,90,48,44,93" hai3="130,4,66,94,28,115,49,52,103,111,100,86,131"/><T91/><D105/><U10/><E37/><V33/><F113/><W25/><G115/><T24/><D50/><U3/><E117/><V12/><F121/><W124/><G4/><T29/><D59/><U27/><E128/><N who="3" m="49194" /><G111/><T118/><D118/><U82/><REACH who="1" step="1"/><E87/><REACH who="1" step="2"/><V42/><F42/><W57/><G124/><T36/><D36/><U63/><E63/><V51/><F51/><W106/><G106/><T119/><D119/><U56/><E56/><V2/><F48/><W39/><G39/><T19/><D70/><U108/><E108/><V76/><F45/><W126/><G126/><T32/><D135/><U114/><E114/><V40/><F47/><W127/><G127/><T60/><D133/><U98/><E98/><V46/><F44/><W34/><G86/><T1/><D1/><U20/><E20/><V104/><F96/><N who="3" m="59415" /><G103/><T53/><D53/><U109/><E109/><V88/><F55/><W102/><G102/><T107/><D107/><U120/><E120/><V11/><F104/><W61/><G49/><T99/><REACH who="0" step="1"/><D9/><REACH who="0" step="2"/><U0/><E0/><V17/><F2/><W122/><G122/><T125/><D125/><U134/><E134/><V110/><F11/><W38/><G38/><T79/><D79/><U123/><E123/><V112/><F76/><W71/><G71/><T21/><D21/><U43/><E43/><V73/><F40/><W83/><G52/><T132/><D132/><U72/><E72/><V67/><F73/><W77/><G77/><T58/><D58/><U74/><E74/><V41/><F41/><W31/><G57/><T6/><D6/><RYUUKYOKU ba="0,2" sc="240,15,240,15,250,-15,250,-15" hai0="14,15,19,23,24,29,32,60,65,68,91,92,99" hai1="3,7,10,16,18,22,27,82,84,89,95,97,101" /><INIT seed="0,1,2,3,0,41" ten="255,255,235,235" oya="0" hai0="52,59,54,6,19,91,70,2,36,131,79,72,57" hai1="23,123,48,87,18,68,104,42,63,76,1,7,44" hai2="4,65,124,61,108,111,67,10,49,128,39,27,33" hai3="134,32,60,120,25,96,109,93,14,16,80,5,71"/><T43/><D131/><U84/><E104/><V118/><F118/><W89/><G120/><T55/><D19/><U132/><E123/><V40/><F39/><W3/><G109/><N who="2" m="42057" /><F124/><W92/><G134/><T50/><D91/><U116/><E116/><V35/><F128/><W28/><G80/><N who="0" m="45159" /><D70/><U101/><E101/><V31/><F33/><W103/><G71/><T26/><D26/><U34/><E34/><V58/><F40/><W17/><G60/><T133/><D133/><U21/><E132/><V102/><F49/><W94/><G89/><T9/><D50/><U85/><E7/><V98/><F58/><W99/><G99/><T135/><D135/><U122/><E1/><N who="2" m="271" /><F61/><W83/><G83/><T12/><D12/><U86/><E122/><V66/><F66/><W8/><REACH who="3" step="1"/><G17/><REACH who="3" step="2"/><T45/><AGARI ba="1,3" hai="2,6,9,36,43,45,52,54,55,57,59" m="45159" machi="45" ten="30,6000,0" yaku="25,1,52,1,54,1" doraHai="41" who="0" fromWho="0" sc="255,93,255,-21,235,-21,225,-21" /><INIT seed="0,2,0,5,4,101" ten="348,234,214,204" oya="0" hai0="57,87,24,133,122,26,89,31,130,25,109,82,116" hai1="44,85,39,100,17,74,51,76,135,60,19,97,117" hai2="104,59,67,70,45,62,103,78,125,131,47,40,58" hai3="49,108,93,88,18,64,50,123,27,127,22,95,112"/><T124/><D116/><U15/><E117/><V4/><F78/><W1/><G112/><T0/><D122/><U12/><E74/><V55/><F4/><W91/><G123/><T102/><D0/><U132/><E39/><N who="2" m="21663" /><F103/><W16/><G1/><T71/><D71/><U98/><E60/><N who="2" m="35967" /><F125/><W107/><G127/><T106/><D124/><U10/><E76/><V21/><F104/><W9/><G64/><T92/><D130/><U126/><E85/><V111/><F21/><W65/><G65/><T134/><D109/><U34/><E34/><V42/><F131/><W120/><G107/><T7/><D7/><U29/><E29/><V6/><F6/><W41/><G108/><T69/><D69/><U99/><E100/><V121/><F121/><W43/><G120/><T75/><D57/><U54/><REACH who="1" step="1"/><E126/><REACH who="1" step="2"/><V73/><F73/><W23/><REACH who="3" step="1"/><G9/><AGARI ba="2,1" hai="9,10,12,15,17,19,44,51,54,97,98,99,132,135" machi="9" ten="40,5200,0" yaku="1,1,2,1,9,1,53,0" doraHai="101" doraHaiUra="79" who="1" fromWho="3" sc="348,0,224,68,214,0,204,-58" /><INIT seed="1,0,0,5,3,134" ten="348,292,214,146" oya="1" hai0="131,11,33,29,63,45,48,84,126,83,5,46,116" hai1="91,13,32,52,87,53,4,80,44,115,90,89,51" hai2="71,23,79,122,35,77,100,41,128,34,81,129,3" hai3="102,82,8,25,37,20,6,54,118,73,69,88,64"/><U50/><E32/><V28/><F122/><W59/><G118/><T99/><D116/><U119/><E119/><V55/><F71/><W86/><G37/><T103/><D131/><U24/><E115/><V135/><F3/><W104/><G73/><T19/><D63/><U40/><E24/><V68/><F68/><W26/><G69/><T113/><D113/><U14/><E40/><V66/><F34/><W78/><G64/><T124/><D19/><U30/><E30/><V114/><F35/><W110/><G110/><T0/><D29/><U12/><REACH who="1" step="1"/><E4/><REACH who="1" step="2"/><V76/><F114/><W39/><G25/><T57/><D33/><U47/><AGARI ba="0,1" hai="12,13,14,44,47,50,51,52,53,80,87,89,90,91" machi="47" ten="30,18000,2" yaku="1,1,2,1,0,1,9,1,8,1,54,1,53,0" doraHai="134" doraHaiUra="22" who="1" fromWho="1" sc="348,-60,282,190,214,-60,146,-60" /><INIT seed="1,1,0,2,1,106" ten="288,472,154,86" oya="1" hai0="119,12,70,74,28,50,107,99,34,102,49,62,51" hai1="109,124,37,104,31,8,114,41,79,19,84,25,47" hai2="53,13,85,22,2,20,121,123,122,135,133,9,115" hai3="98,86,44,120,116,24,94,38,4,6,89,131,83"/><U88/><E104/><V77/><F115/><W108/><G120/><T63/><D119/><U40/><E114/><V55/><F77/><W127/><G116/><T112/><D112/><U90/><E124/><V29/><F85/><W132/><G127/><T92/><D92/><U43/><E109/><V73/><F73/><W0/><G108/><T69/><D12/><U134/><E134/><N who="2" m="51211" /><F53/><W68/><G68/><T45/><D45/><U130/><E130/><V57/><F2/><W87/><G132/><T110/><D110/><U3/><E79/><V67/><F67/><W61/><G131/><T71/><REACH who="0" step="1"/><D74/><REACH who="0" step="2"/><U96/><E3/><V33/><F57/><W36/><G94/><T18/><D18/><U66/><E66/><V100/><F121/><W128/><G128/><T80/><D80/><N who="1" m="49159" /><E47/><V93/><F122/><W59/><G44/><T125/><D125/><U21/><E37/><V101/><F93/><N who="3" m="56623" /><G38/><T54/><D54/><U65/><E65/><V58/><F55/><N who="3" m="34047" /><G36/><T78/><D78/><U10/><E96/><V117/><F58/><W16/><G0/><T95/><D95/><U35/><E35/><V103/><F123/><W126/><G126/><T105/><D105/><U7/><E7/><N who="3" m="2602" /><G83/><T48/><N who="0" m="12800" /><DORA hai="76" /><T129/><D129/><U111/><E111/><V81/><F117/><W46/><G46/><T11/><D11/><N who="1" m="4139" /><E19/><V32/><F81/><W23/><AGARI ba="1,1" hai="16,23,24,86,87" m="2602,34047,56623" machi="23" ten="30,4000,0" yaku="25,1,8,1,54,1" doraHai="106,76" who="3" fromWho="3" sc="278,-11,472,-21,154,-11,86,53" /><INIT seed="2,0,0,4,4,60" ten="267,451,143,139" oya="2" hai0="33,35,94,132,111,45,44,51,12,77,0,65,103" hai1="134,2,38,128,130,40,74,91,26,71,55,113,46" hai2="17,102,63,57,82,1,73,22,104,3,69,54,36" hai3="70,47,48,121,18,85,101,24,123,50,58,66,39"/><V83/><F36/><W87/><G101/><T42/><D0/><U127/><E2/><V41/><F41/><N who="3" m="22975" /><G24/><T14/><D132/><U124/><E74/><V28/><F69/><W95/><G18/><T52/><D77/><U8/><E113/><V88/><F28/><W19/><G19/><T107/><D107/><U99/><E26/><V59/><F73/><W78/><G95/><T34/><D111/><U80/><E71/><V67/><F1/><W13/><G13/><T126/><D126/><N who="1" m="48171" /><E8/><V29/><F3/><W75/><G85/><T106/><D106/><U84/><E99/><V97/><F29/><W93/><G93/><T129/><D129/><N who="1" m="49771" /><E55/><V90/><F83/><W32/><G75/><T56/><D45/><U61/><E61/><V119/><F82/><W27/><G70/><T135/><D135/><AGARI ba="0,0" hai="38,40,46,80,84,91,134,135" m="49771,48171" machi="135" ten="40,8000,1" yaku="30,2,18,1,19,1" doraHai="60" who="1" fromWho="0" sc="267,-80,451,80,143,0,139,0" /><INIT seed="3,0,0,2,3,95" ten="187,531,143,139" oya="3" hai0="89,80,53,34,126,103,128,107,84,99,102,70,62" hai1="45,68,27,115,130,133,14,86,13,19,124,90,94" hai2="25,118,104,135,22,109,33,83,77,59,125,92,18" hai3="93,134,79,23,4,50,81,24,119,31,73,98,111"/><W0/><G119/><T78/><D126/><U64/><E124/><V51/><F125/><W28/><G134/><T2/><D128/><U12/><E115/><V16/><F135/><W30/><G111/><T40/><D40/><U110/><E133/><V39/><F118/><W97/><G50/><T132/><D132/><U17/><E130/><V105/><F39/><W3/><G98/><T122/><D122/><U127/><E127/><V117/><F33/><W49/><G49/><T82/><D2/><U96/><E110/><V29/><F117/><W21/><G21/><T75/><D34/><U101/><E64/><V52/><F109/><W87/><G73/><T8/><D8/><U67/><E67/><V41/><F41/><W43/><G43/><T120/><D120/><U108/><E68/><V36/><F36/><W113/><G113/><T63/><D70/><U69/><E69/><V76/><F104/><W35/><G35/><T5/><D5/><U37/><E37/><V9/><F105/><W47/><G47/><T71/><D71/><U123/><E123/><V48/><F51/><W20/><G20/><T60/><REACH who="0" step="1"/><D102/><REACH who="0" step="2"/><U72/><E108/><V57/><F9/><W65/><G4/><T114/><D114/><U46/><E101/><V106/><F29/><N who="3" m="17567" /><G0/><T100/><D100/><U1/><E1/><V38/><F18/><W91/><G3/><T129/><D129/><U55/><E19/><V10/><F10/><W11/><G11/><T61/><D61/><U131/><E17/><V112/><F16/><W7/><G7/><T121/><D121/><U66/><E131/><RYUUKYOKU ba="0,1" sc="177,15,531,-15,143,-15,139,15" hai0="53,60,62,63,75,78,80,82,84,89,99,103,107" hai3="28,30,31,65,79,81,87,91,93,97" /><INIT seed="3,1,1,4,0,10" ten="192,516,128,154" oya="3" hai0="98,116,57,5,54,127,87,22,79,91,115,134,41" hai1="0,17,113,42,33,93,39,3,111,110,123,130,38" hai2="99,50,74,21,112,59,90,66,20,13,125,36,46" hai3="89,45,95,48,133,8,16,76,65,101,72,49,55"/><W100/><G133/><T102/><D116/><U19/><E123/><V25/><F74/><W104/><G104/><T31/><D134/><U64/><E113/><V14/><F36/><N who="1" m="13865" /><E42/><V103/><F112/><W124/><G124/><T131/><D115/><U12/><E33/><V109/><F109/><N who="1" m="41481" /><E130/><V28/><F125/><W86/><G65/><T88/><D127/><U84/><E64/><V53/><F21/><W81/><REACH who="3" step="1"/><G49/><REACH who="3" step="2"/><T27/><D131/><U60/><E60/><N who="2" m="38175" /><F103/><W70/><G70/><T56/><D102/><U107/><E107/><V121/><F121/><W126/><G126/><T6/><D41/><U80/><E93/><AGARI ba="1,2" hai="13,14,20,25,28,46,50,53,90,93,99" m="38175" machi="93" ten="30,3900,0" yaku="8,1,52,2" doraHai="10" who="2" fromWho="1" sc="192,0,516,-42,128,62,144,0" /><INIT seed="4,0,0,5,5,22" ten="192,474,190,144" oya="0" hai0="23,67,24,110,135,61,88,46,13,42,0,51,87" hai1="99,17,34,77,104,126,118,112,16,64,113,33,40" hai2="85,31,80,47,25,71,20,107,60,3,44,9,108" hai3="52,12,65,98,82,132,19,111,75,129,45,123,57"/><T36/><D0/><U1/><E1/><V96/><F108/><W76/><G111/><T2/><D2/><U14/><E118/><V95/><F107/><W49/><G132/><T4/><D110/><U134/><E134/><V6/><F71/><W70/><G129/><T121/><D135/><U59/><E126/><V93/><F95/><W131/><G131/><T21/><D121/><U133/><E133/><V73/><F60/><W100/><G123/><T63/><D36/><U130/><E130/><V127/><F127/><W55/><G65/><T8/><D67/><U39/><E77/><V125/><F73/><W41/><G70/><T28/><D21/><N who="1" m="11415" /><E40/><V84/><F85/><W66/><G66/><T27/><REACH who="0" step="1"/><D27/><REACH who="0" step="2"/><U11/><E39/><V43/><F125/><W74/><G74/><T58/><D58/><U120/><E59/><V79/><F43/><W124/><G57/><T7/><D7/><U91/><E64/><V54/><F54/><W92/><REACH who="3" step="1"/><G124/><REACH who="3" step="2"/><T90/><D90/><AGARI ba="0,2" hai="3,6,9,20,25,31,44,47,79,80,84,90,93,96" machi="90" ten="30,2000,0" yaku="7,1,52,1" doraHai="22" who="2" fromWho="0" sc="182,-20,474,0,190,40,134,0" /><INIT seed="5,0,0,5,0,43" ten="162,474,230,134" oya="1" hai0="69,3,46,0,40,83,128,73,71,119,59,91,30" hai1="109,57,66,104,77,45,42,105,8,72,103,2,133" hai2="85,112,108,23,125,5,70,32,134,44,99,48,88" hai3="21,107,110,79,122,115,36,135,132,129,19,6,14"/><U102/><E109/><V49/><F70/><W58/><G107/><T4/><D119/><U60/><E133/><N who="3" m="51274" /><G79/><T1/><D128/><U10/><E10/><V74/><F74/><W64/><G36/><N who="0" m="21767" /><D59/><U54/><E102/><V75/><F32/><W87/><G87/><T93/><D93/><U116/><E116/><V82/><F75/><W92/><G92/><T56/><D56/><U111/><E111/><V34/><F34/><W38/><G38/><T121/><D91/><U94/><E94/><V86/><F108/><W13/><G110/><T98/><D98/><U16/><E103/><V78/><F99/><W18/><G122/><T90/><D90/><U61/><E77/><V80/><F125/><W131/><G115/><T130/><D30/><U33/><E33/><V55/><F112/><W29/><G58/><T37/><D130/><N who="3" m="49673" /><G64/><T25/><D25/><U118/><E118/><V63/><F134/><W97/><G97/><T96/><D96/><U62/><E72/><V28/><F85/><W67/><G67/><T114/><D114/><U95/><E95/><V35/><F86/><W26/><G13/><T84/><D84/><U41/><E104/><V15/><F82/><W22/><G29/><T81/><D121/><U76/><E76/><V100/><F15/><W17/><G26/><T89/><D89/><U127/><E105/><V106/><F28/><W11/><AGARI ba="0,0" hai="6,11,14,17,18,19,21,22" m="49673,51274" machi="11" ten="40,8000,1" yaku="20,1,19,1,34,2" doraHai="43" who="3" fromWho="3" sc="162,-20,474,-40,230,-20,134,80" /><INIT seed="6,0,0,5,5,11" ten="142,434,210,214" oya="2" hai0="123,53,23,62,104,91,4,94,55,77,49,96,8" hai1="95,18,48,88,35,106,54,39,45,70,5,86,16" hai2="87,102,59,61,51,29,15,2,63,6,46,122,132" hai3="97,58,124,44,112,0,22,60,28,1,30,111,114"/><V65/><F122/><W14/><G111/><T41/><D123/><U9/><E35/><V93/><F2/><N who="3" m="1131" /><G124/><T108/><D108/><U115/><E106/><V84/><F63/><W109/><G44/><T80/><D104/><U110/><E110/><V78/><F132/><W76/><G76/><T81/><D23/><U68/><E68/><V105/><F105/><W85/><G85/><T37/><D37/><U130/><E130/><V89/><F78/><W98/><G109/><T101/><D62/><U100/><E70/><V64/><F29/><N who="3" m="11371" /><G22/><T38/><D38/><U125/><E125/><V24/><F24/><W134/><G134/><T3/><D101/><U99/><E39/><V57/><F102/><W26/><G26/><T21/><D21/><U34/><E34/><V117/><F117/><W131/><G131/><T107/><D80/><U133/><E133/><V52/><F87/><W118/><G118/><T20/><D20/><U7/><E100/><V40/><REACH who="2" step="1"/><F59/><REACH who="2" step="2"/><W56/><G60/><T126/><D107/><U90/><E86/><V135/><F135/><W92/><G58/><T129/><D126/><U103/><E103/><V113/><F113/><W67/><G114/><T17/><D129/><U66/><E115/><V121/><F121/><W75/><G112/><T69/><D69/><U31/><E90/><V42/><F42/><W116/><G116/><T72/><D41/><U83/><E31/><V47/><F47/><W32/><G56/><T27/><D49/><U119/><E48/><V128/><F128/><W127/><G127/><T73/><D73/><U79/><E119/><RYUUKYOKU ba="0,1" sc="142,15,434,-15,200,15,214,-15" hai0="3,4,8,17,27,53,55,72,77,81,91,94,96" hai2="6,15,40,46,51,52,57,61,64,65,84,89,93" /><INIT seed="6,1,1,0,2,20" ten="157,419,215,199" oya="2" hai0="43,101,109,60,88,59,34,29,90,117,26,4,68" hai1="127,110,42,99,52,78,106,87,84,38,57,83,8" hai2="111,115,67,91,16,65,64,129,122,54,102,126,96" hai3="32,81,47,9,135,114,5,85,66,63,17,49,31"/><V50/><F122/><W73/><G73/><T12/><D109/><U93/><E110/><V11/><F111/><W120/><G120/><T103/><D68/><U123/><E123/><V41/><F126/><W14/><G135/><T70/><D70/><U15/><E106/><V112/><F129/><W24/><G114/><N who="2" m="43561" /><F91/><W132/><G132/><T76/><D117/><U108/><E108/><V28/><F28/><W22/><G63/><T100/><D43/><U121/><E121/><V36/><F36/><W1/><G66/><T125/><D76/><U98/><E127/><V105/><F41/><N who="3" m="24815" /><G85/><T61/><D61/><N who="1" m="36007" /><E42/><V69/><F69/><W40/><G40/><T30/><D30/><U23/><E23/><V124/><F124/><W10/><G9/><T118/><D118/><U3/><E3/><V128/><F128/><W77/><G77/><T58/><D125/><U72/><E72/><V89/><F89/><W37/><G81/><T92/><D60/><U62/><E62/><V53/><F50/><W45/><G37/><T74/><D90/><N who="1" m="53447" /><E38/><V13/><AGARI ba="1,1" hai="11,13,16,53,54,64,65,67,96,102,105" m="43561" machi="13" ten="40,3900,0" yaku="15,1,54,1" doraHai="20" who="2" fromWho="2" sc="157,-14,419,-14,215,52,199,-14" /><INIT seed="6,2,0,1,1,51" ten="143,405,267,185" oya="2" hai0="8,39,116,87,60,100,97,79,110,88,92,33,91" hai1="133,103,122,54,69,61,78,49,72,6,85,5,52" hai2="26,29,16,10,50,119,41,80,106,59,7,129,42" hai3="99,130,111,114,89,94,104,43,123,112,121,9,66"/><V75/><F119/><W44/><G111/><T40/><D39/><U125/><E72/><V55/><F106/><W132/><G66/><T105/><D33/><U70/><E125/><V64/><F129/><W47/><G130/><T34/><D40/><U95/><E133/><V120/><F120/><W4/><G104/><T101/><D34/><U37/><E37/><V20/><F64/><W115/><G132/><T118/><D60/><U58/><E122/><N who="3" m="46602" /><G43/><T131/><D8/><U127/><E127/><V73/><F41/><W18/><G18/><T11/><D11/><U65/><E70/><V25/><F42/><W1/><AGARI ba="2,0" hai="1,4,9,44,47,89,94,99,112,114,115" m="46602" machi="1" ten="40,2700,0" yaku="15,1,11,1" doraHai="51" who="3" fromWho="3" sc="143,-9,405,-9,267,-15,185,33" /><INIT seed="7,0,0,0,0,58" ten="134,396,252,218" oya="3" hai0="122,5,30,66,70,109,115,85,74,10,17,87,48" hai1="8,50,47,89,22,38,36,51,4,83,120,82,75" hai2="102,62,71,2,31,81,29,78,26,107,79,103,84" hai3="123,67,130,27,133,72,73,3,20,110,33,42,131"/><W100/><G33/><T63/><D109/><U55/><E120/><V101/><F2/><W34/><G34/><T23/><D122/><U128/><E128/><N who="3" m="49194" /><G3/><T59/><D74/><U7/><E22/><V16/><F107/><W93/><G42/><T126/><D126/><U32/><E32/><V21/><F79/><W129/><G110/><T13/><D115/><U117/><E117/><V18/><REACH who="2" step="1"/><F31/><REACH who="2" step="2"/><W91/><G129/><T111/><D30/><U95/><E36/><V114/><F114/><W125/><G123/><T40/><D111/><U1/><E38/><V112/><F112/><W88/><G125/><T41/><D70/><U104/><E104/><V94/><F94/><W86/><G93/><T132/><D132/><U106/><E106/><V97/><F97/><W54/><G133/><T37/><D37/><U57/><E95/><V56/><F56/><W113/><G113/><T80/><D48/><U96/><E51/><V119/><F119/><W52/><G73/><T116/><D116/><U11/><E75/><V15/><F15/><W9/><G72/><T53/><D87/><U121/><E57/><V134/><F134/><W135/><G86/><T12/><REACH who="0" step="1"/><D66/><AGARI ba="0,1" hai="16,18,21,26,29,62,66,71,78,81,84,101,102,103" machi="66" ten="40,5200,0" yaku="1,1,52,1,54,1,53,0" doraHai="58" doraHaiUra="49" who="2" fromWho="0" sc="134,-52,396,0,242,62,218,0" owari="82,-42.0,396,50.0,304,10.0,218,-18.0" /></mjloggm>