<mjloggm ver="2.3"><GO type="97"/><UN n0="%E3%81%A8%E3%82%88%E3%81%BE%E3%82%8B" n1="%E3%81%97%E3%81%92%E3%81%8D%E3%82%88%31%30%30%33" n2="%EF%BC%88%E2%89%A7%E2%96%BD%E2%89%A6%EF%BC%89" n3="%E7%89%9B%E4%B9%B3%E4%B8%80%E6%B0%97%E9%A3%B2%E3%81%BF" dan="13,13,15,15" rate="1821,1987,1990,1974" sx="M,M,F,M"/><TAIKYOKU oya="0"/><INIT seed="0,0,0,3,4,102" ten="250,250,250,250" oya="0" hai0="69,39,20,117,123,2,104,58,111,60,29,43,5" hai1="17,37,59,128,47,50,26,92,109,86,124,113,94" hai2="126,22,98,127,100,19,46,82,68,130,103,76,21" hai3="62,85,9,42,110,65,88,93,122,64,12,95,84"/><T57/><D117/><U78/><E109/><V129/><F68/><W131/><G110/><T118/><D118/><U66/><E124/><N who="2" m="47659" /><F46/><W91/><G122/><T134/><D123/><U27/><E128/><N who="2" m="49259" /><F19/><W6/><G131/><T121/><D121/><U61/><E113/><V25/><F25/><N who="1" m="9225" /><E37/><V133/><F133/><W24/><G42/><T44/><D111/><U16/><E78/><V125/><N who="2" m="47667" /><V99/><DORA hai="70" /><F103/><W34/><G62/><T81/><D134/><U135/><E135/><V80/><F80/><W112/><G112/><T52/><D69/><U23/><E86/><N who="2" m="48455" /><F99/><W77/><G77/><T108/><D108/><U49/><E49/><V32/><F32/><W30/><AGARI ba="0,0" hai="6,9,12,24,30,34,64,65,84,85,88,91,93,95" machi="30" ten="30,4000,0" yaku="0,1,9,1,54,1" doraHai="102,70" who="3" fromWho="3" sc="250,-20,250,-10,250,-10,250,40" /><INIT seed="1,0,0,4,3,8" ten="230,240,240,290" oya="1" hai0="58,7,62,41,19,95,52,49,33,112,117,93,55" hai1="65,50,134,130,64,4,59,121,97,56,13,109,90" hai2="80,69,116,105,22,87,131,0,106,12,28,98,84" hai3="129,21,120,103,31,36,24,123,67,5,16,77,54"/><U118/><E121/><V10/><F116/><W83/><G67/><T92/><D117/><U126/><E118/><V25/><F131/><W42/><G129/><T38/><D112/><U66/><E130/><V99/><F0/><W26/><G103/><T14/><D33/><U39/><E126/><V102/><F69/><W94/><G94/><T3/><D3/><U124/><E124/><V35/><F35/><W11/><G54/><T114/><D114/><U82/><E134/><V96/><F106/><W119/><G119/><T48/><D7/><U6/><E39/><V43/><F43/><W47/><G26/><T37/><D41/><U127/><E127/><V46/><F46/><W78/><G78/><T18/><D62/><U68/><E68/><V57/><F57/><N who="1" m="22089" /><E109/><V44/><F44/><W51/><G31/><T76/><D76/><U81/><E50/><N who="0" m="19561" /><D58/><U29/><E29/><V32/><F32/><W73/><G51/><T17/><D14/><AGARI ba="0,0" hai="5,11,14,16,21,24,36,42,47,73,77,83,120,123" machi="14" ten="30,3900,0" yaku="7,1,52,1,54,1" doraHai="8" who="3" fromWho="0" sc="230,-39,240,0,240,0,290,39" /><INIT seed="2,0,0,1,4,30" ten="191,240,240,329" oya="2" hai0="107,80,119,18,89,65,20,105,0,97,6,26,123" hai1="129,74,87,91,22,44,118,4,113,64,31,28,134" hai2="109,52,99,94,72,51,37,9,42,71,11,84,45" hai3="67,35,13,103,63,114,43,106,78,53,7,135,115"/><V82/><F72/><W32/><G78/><T120/><D119/><U14/><E74/><V130/><F71/><W5/><G43/><T36/><D36/><U19/><E113/><N who="3" m="43018" /><G53/><T88/><D65/><U93/><E118/><V110/><F130/><W46/><G46/><T10/><D123/><U133/><E129/><V55/><F94/><W116/><G116/><T54/><D120/><U128/><E64/><V56/><F99/><N who="3" m="61823" /><G135/><N who="1" m="51722" /><E128/><V90/><REACH who="2" step="1"/><F55/><REACH who="2" ten="191,240,230,329" step="2"/><W108/><G108/><AGARI ba="0,1" hai="9,11,37,42,45,51,52,56,82,84,90,108,109,110" machi="108" ten="40,12000,1" yaku="1,1,2,1,14,1,10,1,54,1,53,0" doraHai="30" doraHaiUra="132" who="2" fromWho="3" sc="191,0,240,0,230,130,329,-120" /><INIT seed="2,1,0,4,1,84" ten="191,240,360,209" oya="2" hai0="37,47,70,43,46,25,119,15,91,74,61,134,17" hai1="31,132,68,99,50,40,102,111,23,20,80,121,11" hai2="107,108,73,75,113,86,122,7,87,105,89,10,97" hai3="123,8,59,109,32,82,9,94,79,125,12,100,44"/><V2/><F122/><W110/><G32/><T115/><D115/><U27/><E111/><N who="3" m="42506" /><G123/><T16/><D134/><U5/><E132/><V66/><F108/><W24/><G125/><T65/><D119/><U49/><E68/><V3/><F113/><W69/><G69/><T1/><D1/><U52/><E121/><V58/><F2/><W51/><G59/><T96/><D74/><U72/><E80/><V42/><F42/><W34/><G94/><T6/><D47/><U116/><E72/><V13/><F3/><W104/><G100/><T41/><D41/><U30/><E49/><V127/><F127/><W106/><G24/><T18/><D25/><U129/><E40/><V21/><F107/><N who="3" m="41003" /><G34/><T54/><D54/><U98/><E116/><V38/><F105/><W48/><G44/><T95/><REACH who="0" step="1"/><D6/><REACH who="0" ten="181,240,360,209" step="2"/><U126/><E5/><V90/><F7/><N who="3" m="3103" /><G9/><AGARI ba="1,1" hai="9,15,16,17,18,37,43,46,61,65,70,91,95,96" machi="9" ten="30,7700,0" yaku="1,1,7,1,52,1,54,1,53,0" doraHai="84" doraHaiUra="130" who="0" fromWho="3" sc="181,90,240,0,360,0,209,-80" /><INIT seed="3,0,0,0,4,78" ten="271,240,360,129" oya="3" hai0="64,31,89,73,44,48,85,95,101,123,68,124,32" hai1="18,104,96,131,130,106,59,112,61,23,35,51,38" hai2="116,10,109,67,72,80,30,69,33,111,125,28,113" hai3="12,49,5,77,129,70,54,86,79,134,98,14,40"/><W92/><G70/><T99/><D123/><U21/><E38/><V119/><F113/><W133/><G40/><T13/><D73/><U36/><E35/><V15/><F125/><W41/><G129/><T62/><D124/><U26/><E36/><V66/><F72/><W117/><G117/><N who="2" m="45129" /><F80/><W57/><G41/><T52/><D13/><U120/><E112/><V94/><F94/><W87/><G134/><T74/><D74/><U58/><E120/><V110/><F33/><W45/><G133/><T8/><D8/><U107/><E96/><V53/><F53/><W20/><G45/><T1/><D1/><U105/><E51/><V91/><F91/><W108/><G108/><T71/><D71/><U82/><E82/><V55/><F55/><W7/><G77/><T65/><D65/><N who="2" m="24586" /><F69/><W50/><G50/><T88/><REACH who="0" step="1"/><D85/><REACH who="0" ten="261,240,360,129" step="2"/><N who="3" m="32265" /><G79/><T128/><D128/><U114/><E131/><V4/><AGARI ba="0,1" hai="4,10,15,28,30,109,110,111" m="24586,45129" machi="4" ten="40,1500,0" yaku="14,1" doraHai="78" who="2" fromWho="2" sc="261,-4,240,-4,360,25,129,-7" owari="257,6.0,236,-16.0,385,48.0,122,-38.0" /></mjloggm>