<mjloggm ver="2.3"><GO type="169" lobby="0"/><UN n0="%EF%BC%88%E2%89%A7%E2%96%BD%E2%89%A6%EF%BC%89" n1="%E3%82%B9%E3%83%86%E3%83%AB%E3%82%B9%6B%69%6E%6F" n2="%E3%80%93%E4%BD%90%E5%A4%A9%E3%81%95%E3%82%93%E3%80%93" n3="%EF%BD%B1%EF%BE%84%EF%BE%90%EF%BD%AF%EF%BD%B8%E6%94%BE%E9%8A%83" dan="19,16,16,17" rate="2239.55,2078.58,2117.31,2178.99" sx="M,F,F,M"/><TAIKYOKU oya="0"/><INIT seed="0,0,0,5,2,71" ten="250,250,250,250" oya="0" hai0="89,33,49,40,57,18,58,63,44,86,74,132,61" hai1="106,108,129,104,94,83,25,99,9,50,20,80,134" hai2="30,34,130,2,43,105,103,54,114,64,73,19,82" hai3="11,42,56,125,46,31,55,53,96,121,26,5,79"/><T16/><D74/><U41/><E108/><V38/><F54/><W39/><G125/><T7/><D33/><U90/><E134/><V28/><F19/><N who="0" m="7210" /><D7/><U101/><E9/><V110/><F30/><W102/><G121/><T124/><D132/><U113/><E129/><V65/><F65/><W8/><G79/><T69/><D69/><U87/><E113/><V29/><F64/><W3/><G56/><N who="0" m="21611" /><D124/><U6/><E6/><V95/><F29/><W122/><G11/><T109/><D109/><U66/><E66/><V47/><F28/><W84/><G84/><T75/><D75/><U135/><E135/><V15/><F34/><W118/><G118/><T92/><AGARI ba="0,0" hai="40,44,49,61,63,86,89,92" m="21611,7210" machi="92" ten="30,3000,0" yaku="8,1,54,1" doraHai="71" who="0" fromWho="0" sc="250,30,250,-10,250,-10,250,-10" /><INIT seed="0,1,0,1,1,59" ten="280,240,240,240" oya="0" hai0="126,113,62,106,127,18,130,88,95,71,61,122,107" hai1="50,2,0,89,120,67,82,39,15,97,128,35,42" hai2="7,134,63,45,27,111,51,84,43,44,79,29,57" hai3="58,41,110,46,8,34,40,135,38,49,114,87,117"/><T86/><D122/><U108/><E120/><V96/><F111/><W11/><G34/><T109/><D113/><U23/><E35/><V65/><F134/><W64/><G114/><T112/><D112/><U17/><E108/><V76/><F7/><W102/><G110/><T104/><D109/><U37/><E128/><V115/><F115/><W3/><G135/><T68/><D130/><U54/><E67/><V116/><F116/><W14/><G117/><T9/><D71/><U123/><E123/><V101/><F45/><W13/><G102/><T47/><D47/><U118/><E118/><V22/><REACH who="2" step="1"/><F84/><REACH who="2" ten="280,240,230,240" step="2"/><W16/><G87/><T12/><REACH who="0" step="1"/><D68/><REACH who="0" ten="270,240,230,240" step="2"/><U129/><E129/><V80/><F80/><W105/><G46/><T81/><D81/><U26/><E82/><V124/><F124/><AGARI ba="1,2" hai="9,12,18,61,62,86,88,95,104,106,107,124,126,127" machi="124" ten="50,12000,1" yaku="1,1,18,1,52,2,54,1,53,0" doraHai="59" doraHaiUra="75" who="0" fromWho="2" sc="270,143,240,0,230,-123,240,0" /><INIT seed="0,2,0,0,1,52" ten="413,240,107,240" oya="0" hai0="109,59,125,100,108,101,105,126,91,134,10,11,22" hai1="132,58,50,86,62,30,85,51,78,121,27,133,113" hai2="2,84,71,124,81,114,17,6,106,66,122,33,69" hai3="31,18,15,95,107,48,24,28,45,104,25,68,64"/><T77/><D134/><N who="1" m="51819" /><E121/><V19/><F114/><W99/><G68/><T44/><D77/><U70/><E70/><V29/><F106/><W26/><G104/><T76/><D76/><U60/><E60/><V129/><F122/><W43/><G107/><T83/><D44/><U117/><E117/><V75/><F75/><W63/><G64/><T42/><D42/><U120/><E120/><V41/><F41/><W96/><G63/><T4/><D22/><N who="1" m="15735" /><E113/><V49/><F66/><W55/><G43/><T34/><D34/><U74/><E74/><V8/><F69/><W82/><G82/><T3/><D11/><U32/><E32/><V80/><F71/><W79/><G79/><T97/><D101/><U88/><E78/><V131/><F33/><W39/><G39/><T123/><D123/><U61/><E86/><V116/><F84/><W128/><G128/><T110/><D59/><U54/><E62/><V130/><F116/><W21/><REACH who="3" step="1"/><G99/><REACH who="3" ten="413,240,107,230" step="2"/><T16/><D83/><AGARI ba="2,1" hai="50,51,54,58,61,83,85,88" m="15735,51819" machi="83" ten="30,3900,0" yaku="20,1,52,1,54,1" doraHai="52" who="1" fromWho="0" sc="413,-45,240,55,107,0,230,0" /><INIT seed="1,0,0,0,4,86" ten="368,295,107,230" oya="1" hai0="135,64,50,25,47,83,45,100,23,28,26,43,36" hai1="29,71,18,129,109,65,6,105,84,126,98,3,131" hai2="92,55,108,34,106,60,88,113,56,17,7,133,51" hai3="107,93,52,20,99,80,96,15,124,118,12,73,130"/><U115/><E115/><V24/><F113/><W37/><G37/><T39/><D135/><U49/><E126/><V38/><F133/><W114/><G114/><T59/><D100/><N who="1" m="62615" /><E49/><V0/><F108/><W77/><G130/><N who="1" m="49674" /><E18/><V74/><F38/><W101/><G124/><T67/><D59/><U132/><E132/><V40/><F74/><W1/><G118/><T57/><D57/><U95/><E29/><V19/><F106/><W69/><G1/><T85/><D26/><U121/><E121/><V87/><F0/><W42/><G42/><T122/><D122/><U31/><E31/><V72/><F72/><W16/><G69/><T46/><D39/><U9/><E109/><V120/><F120/><W35/><G35/><T102/><D102/><U63/><E84/><V33/><F7/><W104/><G99/><T117/><D117/><U110/><E110/><V30/><REACH who="2" step="1"/><F34/><REACH who="2" ten="368,295,97,230" step="2"/><W78/><G73/><T91/><D36/><U41/><E6/><V54/><F54/><W89/><G52/><T44/><AGARI ba="0,1" hai="23,25,28,43,44,45,46,47,50,64,67,83,85,91" machi="44" ten="30,4000,0" yaku="0,1,8,1,52,1" doraHai="86" who="0" fromWho="0" sc="368,50,295,-20,97,-10,230,-10" /><INIT seed="2,0,0,1,1,5" ten="418,275,87,220" oya="2" hai0="73,107,72,2,61,104,4,30,97,19,118,132,114" hai1="75,37,41,121,53,128,129,51,105,83,71,74,57" hai2="14,79,29,92,65,60,106,81,45,112,54,18,67" hai3="123,111,103,116,0,33,95,134,6,102,8,69,120"/><V127/><F112/><W94/><G116/><T77/><D114/><U16/><E105/><V119/><F119/><W32/><G69/><T98/><D118/><U115/><E115/><V10/><F106/><W17/><G123/><T34/><D61/><U42/><E71/><V87/><F127/><W89/><G120/><T68/><D19/><U70/><E70/><V135/><F135/><W96/><G111/><T44/><D44/><U12/><E121/><V80/><F29/><W24/><G134/><T47/><D47/><U110/><E110/><V62/><F81/><W76/><G76/><T131/><D131/><N who="1" m="50251" /><E83/><V64/><REACH who="2" step="1"/><F92/><REACH who="2" ten="418,275,77,220" step="2"/><W9/><G95/><T7/><D30/><U100/><E100/><V78/><F78/><W43/><G102/><T101/><D77/><U82/><E82/><V99/><F99/><W27/><G103/><T93/><D98/><U88/><E88/><V3/><F3/><W11/><G96/><T22/><D2/><U130/><E130/><V48/><AGARI ba="0,1" hai="10,14,18,45,48,54,60,62,64,65,67,79,80,87" machi="48" ten="30,11700,0" yaku="1,1,0,1,8,1,52,1,53,0" doraHai="5" doraHaiUra="117" who="2" fromWho="2" sc="418,-39,275,-39,77,127,220,-39" /><INIT seed="2,1,0,0,3,124" ten="379,236,204,181" oya="2" hai0="85,101,100,87,23,73,127,65,122,126,78,92,105" hai1="81,21,33,48,10,44,41,91,31,47,102,52,114" hai2="131,84,98,107,118,53,58,83,60,17,80,15,115" hai3="22,135,113,133,125,51,45,121,1,116,30,128,4"/><V25/><F115/><W6/><G121/><T34/><D34/><U18/><E114/><V27/><F118/><W2/><G113/><T7/><D122/><U72/><E102/><N who="0" m="39529" /><D7/><U43/><E33/><V56/><F107/><W129/><G116/><T69/><D69/><U77/><E91/><V8/><F98/><W28/><G125/><N who="0" m="47627" /><D65/><U20/><E31/><N who="3" m="11818" /><G22/><T99/><D23/><U5/><E18/><V74/><F74/><W119/><G119/><T108/><D108/><U36/><REACH who="1" step="1"/><E43/><REACH who="1" ten="379,226,204,181" step="2"/><V54/><F83/><W14/><G6/><T57/><D105/><U132/><E132/><N who="3" m="50762" /><G14/><AGARI ba="1,1" hai="5,10,14,20,21,36,41,44,47,48,52,72,77,81" machi="14" ten="30,3900,0" yaku="1,1,7,1,54,1,53,0" doraHai="124" doraHaiUra="93" who="1" fromWho="3" sc="379,0,226,52,204,0,181,-42" /><INIT seed="3,0,0,5,0,62" ten="379,278,204,139" oya="3" hai0="13,67,125,27,83,100,77,97,40,20,106,10,52" hai1="89,57,82,9,114,6,122,94,8,42,45,48,103" hai2="107,120,119,88,79,22,23,36,53,130,84,30,72" hai3="60,96,98,38,56,7,127,46,85,14,134,15,75"/><W116/><G116/><T70/><D40/><U63/><E114/><V112/><F112/><W102/><G75/><T33/><D125/><U2/><E122/><V87/><F119/><W1/><G127/><T5/><D33/><U41/><E9/><V65/><F36/><W49/><G38/><T95/><D106/><U101/><E82/><V54/><F107/><W80/><G1/><T124/><D124/><U37/><E42/><V64/><F72/><W74/><G74/><T109/><D109/><U17/><E17/><V3/><F3/><W92/><G98/><T99/><D99/><U43/><E43/><V121/><F79/><N who="3" m="46239" /><G134/><T34/><D34/><U21/><E21/><V86/><F88/><N who="3" m="55303" /><G7/><T55/><D77/><U11/><E37/><V26/><F130/><W16/><G102/><N who="1" m="38922" /><E6/><V129/><F129/><W69/><G69/><T71/><D83/><U12/><E2/><V0/><F0/><W128/><G128/><T61/><D71/><U58/><E89/><V118/><F118/><W111/><G111/><T25/><D25/><U110/><E110/><V123/><F22/><W47/><G49/><T132/><D132/><U31/><E48/><V28/><F28/><AGARI ba="0,0" hai="5,10,13,20,27,28,52,55,61,67,70,95,97,100" machi="28" ten="30,3900,0" yaku="7,1,52,1,54,1" doraHai="62" who="0" fromWho="2" sc="379,39,278,0,204,-39,139,0" /><INIT seed="4,0,0,2,1,59" ten="418,278,165,139" oya="0" hai0="50,100,23,90,103,125,43,4,49,65,76,64,40" hai1="51,119,20,135,75,102,52,53,7,47,9,63,105" hai2="6,118,17,84,13,30,33,25,60,69,71,73,61" hai3="24,101,107,129,15,131,85,93,122,98,86,32,124"/><T82/><D4/><U79/><E119/><V67/><F73/><W36/><G36/><T68/><D125/><U45/><E135/><V37/><F37/><W57/><G124/><T97/><D90/><U89/><E20/><V115/><F118/><W21/><G122/><T114/><D114/><U27/><E27/><V92/><F115/><W41/><G41/><T55/><D23/><U66/><E89/><V42/><F42/><W126/><G126/><T19/><D19/><U28/><E28/><V44/><F44/><W88/><G85/><T130/><D130/><U38/><E38/><V5/><F84/><W99/><G86/><T83/><D55/><U46/><E53/><V14/><F92/><W11/><G57/><T56/><D56/><U77/><E102/><V8/><F14/><W39/><G32/><T104/><D100/><U91/><E91/><V80/><F80/><W58/><G58/><T117/><D83/><U10/><E105/><V109/><F109/><W128/><G39/><T111/><D111/><U127/><E127/><V70/><F70/><W72/><G72/><T113/><D68/><N who="1" m="42079" /><E75/><V31/><F31/><W112/><G112/><T134/><D113/><U48/><E77/><V78/><F78/><W87/><G87/><N who="0" m="48583" /><D117/><U0/><E79/><V132/><F132/><W62/><G62/><T2/><D134/><U95/><E0/><V18/><F18/><N who="3" m="8575" /><G21/><T106/><D2/><U123/><E123/><V1/><F1/><W110/><G24/><T54/><D43/><U12/><E7/><V3/><F3/><W121/><G121/><T120/><D120/><RYUUKYOKU ba="0,0" sc="418,-15,278,-15,165,15,139,15" hai2="5,6,8,13,17,25,30,33,60,61,67,69,71" hai3="88,93,98,99,101,107,110,128,129,131" /><INIT seed="5,1,0,3,1,38" ten="403,263,180,154" oya="1" hai0="35,112,0,49,48,28,3,15,29,65,18,59,30" hai1="116,27,46,56,89,77,81,36,64,72,47,66,19" hai2="23,63,129,124,11,54,134,71,26,20,2,82,45" hai3="57,40,118,83,41,91,125,84,31,104,7,128,94"/><U69/><E116/><V14/><F2/><W55/><G104/><T114/><D35/><U113/><E69/><V9/><F124/><W109/><G109/><T106/><D106/><U99/><E113/><N who="0" m="43625" /><D65/><U103/><E89/><V17/><F129/><W70/><G70/><T122/><D122/><U127/><E127/><V10/><F134/><W39/><G39/><T80/><D80/><U62/><E66/><V96/><F71/><W50/><G125/><T32/><D32/><U4/><E4/><V53/><F96/><N who="3" m="57439" /><G128/><T61/><D61/><U21/><REACH who="1" step="1"/><E36/><REACH who="1" ten="403,253,180,154" step="2"/><V92/><F82/><W120/><G118/><T135/><D135/><U52/><E52/><V95/><F54/><W76/><G120/><T123/><D123/><U60/><E60/><V43/><F63/><W97/><G7/><T44/><D49/><U25/><E25/><V12/><F53/><W130/><G130/><T131/><D131/><U6/><E6/><V78/><F78/><W67/><G67/><T126/><D126/><U90/><E90/><V88/><F88/><W1/><G1/><T87/><D3/><U101/><E101/><V132/><F132/><W42/><G97/><T93/><D0/><U5/><E5/><V111/><F111/><W74/><G74/><T68/><D68/><U73/><E73/><V133/><F133/><W119/><G119/><T108/><D108/><U121/><E121/><V98/><F98/><W58/><G58/><T117/><D59/><U34/><E34/><V85/><F85/><W51/><G51/><T107/><D48/><U37/><E37/><N who="2" m="21743" /><F26/><W33/><G33/><RYUUKYOKU ba="1,1" sc="403,-30,253,10,180,10,154,10" hai1="19,21,27,46,47,56,62,64,72,77,81,99,103" hai2="9,10,11,12,14,17,20,23,92,95" hai3="31,40,41,42,50,55,57,76,83,84" /><INIT seed="5,2,1,5,4,27" ten="373,263,190,164" oya="1" hai0="35,4,26,108,93,99,134,57,13,119,60,62,52" hai1="104,23,33,16,106,65,131,91,30,101,69,128,55" hai2="121,132,96,56,82,32,73,68,90,72,15,98,116" hai3="11,53,77,5,123,89,63,127,122,10,59,124,29"/><U43/><E43/><V40/><F68/><W75/><G89/><T114/><D108/><U117/><E117/><V79/><F32/><W125/><G29/><T105/><D105/><U109/><E109/><V8/><F116/><W102/><G102/><T7/><D119/><U110/><E110/><V41/><F121/><N who="3" m="46091" /><G5/><T76/><D114/><U83/><E55/><V51/><F73/><W3/><G3/><T111/><D134/><U34/><E65/><V87/><F132/><W22/><G22/><T37/><D37/><U48/><E48/><V50/><F72/><W39/><G39/><T46/><D46/><U45/><E45/><N who="2" m="25895" /><F90/><W19/><G19/><T94/><D111/><U113/><E69/><V126/><F126/><N who="3" m="32259" /><W58/><DORA hai="31" /><G58/><T61/><D57/><U12/><E113/><V36/><F36/><W81/><AGARI ba="2,1" hai="10,11,53,59,63,75,77,81" m="32259,46091" machi="81" ten="50,1600,0" yaku="18,1" doraHai="27,31" who="3" fromWho="3" sc="373,-6,263,-10,190,-6,164,32" /><INIT seed="6,0,0,0,0,61" ten="367,253,184,196" oya="2" hai0="6,63,32,78,73,1,93,135,15,69,111,72,102" hai1="60,40,10,124,49,94,51,54,46,85,58,130,43" hai2="50,57,33,16,53,52,112,108,83,31,100,134,4" hai3="129,37,8,29,19,23,14,30,3,41,115,88,25"/><V99/><F112/><W0/><G88/><T27/><D111/><U132/><E10/><V12/><F134/><W62/><G62/><T56/><D69/><U131/><E94/><V68/><F108/><W87/><G87/><T42/><D1/><N who="3" m="585" /><G41/><N who="1" m="15946" /><E85/><V127/><F127/><W59/><G59/><T18/><D78/><U114/><E114/><V92/><F68/><W116/><G37/><T11/><D73/><U20/><E20/><N who="2" m="11271" /><F33/><W48/><G48/><T89/><D32/><U9/><E9/><V21/><F4/><N who="3" m="3335" /><G115/><T123/><D72/><U107/><E107/><V66/><F83/><W24/><G129/><N who="1" m="49162" /><E132/><V55/><F66/><W121/><G116/><T122/><D135/><U65/><E124/><V64/><F64/><W44/><G44/><T119/><D93/><U91/><E91/><V67/><F67/><W96/><G96/><T105/><D89/><U82/><E82/><V113/><F113/><W103/><G103/><T39/><D102/><U38/><E51/><V7/><F7/><W74/><G74/><T36/><D6/><U104/><E104/><V118/><F118/><W75/><G75/><T26/><D119/><U109/><E109/><V35/><F35/><N who="3" m="20903" /><G121/><T47/><D122/><U71/><E38/><V80/><F80/><W79/><G79/><T45/><D105/><U5/><E5/><V117/><F117/><W2/><G2/><T77/><D123/><U28/><E71/><V70/><F70/><W120/><G120/><T86/><D39/><U128/><E128/><V106/><F106/><W101/><G101/><T22/><D36/><U13/><E65/><RYUUKYOKU ba="0,0" sc="367,-15,253,-15,184,15,196,15" hai2="21,31,50,52,53,55,57,92,99,100" hai3="19,23,25,30" /><INIT seed="6,1,0,4,1,78" ten="352,238,199,211" oya="2" hai0="109,55,94,71,117,95,106,53,82,11,98,54,2" hai1="80,61,34,93,27,131,133,99,112,105,56,62,29" hai2="90,123,37,33,65,10,127,1,48,22,51,135,3" hai3="101,36,44,32,108,121,69,100,42,120,66,103,70"/><V83/><F123/><W68/><G108/><T97/><D71/><U75/><E112/><V30/><F37/><W40/><G66/><T79/><D109/><U41/><E133/><V28/><F135/><W89/><G32/><T122/><D122/><U45/><E131/><V74/><F33/><W39/><G89/><T24/><D117/><U17/><E17/><V58/><F127/><W126/><G126/><T76/><D106/><U63/><E105/><V20/><F74/><W124/><G124/><T15/><D24/><U96/><E56/><V128/><F128/><W132/><G132/><T125/><D2/><U86/><E75/><V129/><F129/><W47/><AGARI ba="1,0" hai="36,39,40,42,44,47,68,69,70,100,101,103,120,121" machi="47" ten="40,2700,0" yaku="0,1,9,1" doraHai="78" who="3" fromWho="3" sc="352,-8,238,-8,199,-14,211,30" /><INIT seed="7,0,0,0,4,59" ten="344,230,185,241" oya="3" hai0="20,24,126,130,113,18,132,85,70,4,77,63,34" hai1="2,11,118,36,129,76,128,39,1,30,127,110,105" hai2="71,123,93,95,37,74,57,112,86,124,100,117,102" hai3="56,67,109,116,107,26,104,29,72,0,69,133,75"/><W28/><G116/><T78/><D34/><U47/><E110/><V19/><F117/><W94/><G0/><T48/><D126/><U84/><E118/><V120/><F71/><W44/><G56/><T134/><D130/><N who="1" m="50283" /><E127/><V15/><F124/><W64/><G104/><T32/><D4/><U16/><E105/><V6/><F37/><N who="1" m="14409" /><E30/><V3/><F74/><W41/><G107/><T43/><D85/><U10/><E47/><V54/><F6/><W55/><G55/><T106/><D106/><U88/><E76/><V23/><F3/><N who="1" m="1033" /><E16/><V21/><F112/><W61/><G29/><T91/><D18/><U46/><E46/><V114/><F114/><W99/><G109/><T27/><D78/><U25/><E25/><V31/><F123/><W9/><G9/><T12/><D27/><U49/><E49/><V52/><F120/><W65/><G133/><T89/><D77/><U101/><E101/><V98/><F31/><W5/><G5/><T13/><D13/><U81/><AGARI ba="0,0" hai="10,11,81,84,88" m="1033,14409,50283" machi="81" ten="40,2700,0" yaku="19,1,54,1" doraHai="59" who="1" fromWho="1" sc="344,-7,230,27,185,-7,241,-13" owari="337,43.0,257,6.0,178,-32.0,228,-17.0" /></mjloggm>