<mjloggm ver="2.3"><GO type="41"/><UN n0="%42%69%72%6F%72%69" n1="%E4%BD%93%E8%AA%BF%E4%B8%8D%E8%89%AF" n2="%64%61%72%6C%69%6E%36%30" n3="%E3%82%A6%E3%83%AB%E3%83%88%E3%83%A9%E7%AB%8B%E7%9B%B4" dan="14,13,16,15" rate="1940,1845,1988,1977" sx="M,M,M,M"/><TAIKYOKU oya="0"/><INIT seed="0,0,0,0,4,88" ten="250,250,250,250" oya="0" hai0="57,99,134,58,36,10,39,70,23,93,87,74,35" hai1="1,86,117,123,100,48,46,80,108,128,22,95,55" hai2="5,78,115,19,91,82,59,16,60,84,110,43,56" hai3="33,7,103,130,31,85,41,4,79,29,6,102,135"/><T119/><D74/><U61/><E123/><V32/><F32/><W71/><G71/><T30/><D119/><U3/><E117/><V28/><F115/><W12/><G33/><T47/><D35/><U101/><E108/><V75/><F110/><W114/><G114/><T53/><D70/><U120/><E120/><V105/><F28/><W52/><G41/><T96/><D134/><U109/><E109/><V133/><F133/><W64/><G64/><T13/><D39/><U34/><E34/><V131/><F5/><W67/><G67/><T121/><D121/><U118/><E118/><V92/><F43/><W69/><G69/><T81/><D36/><U14/><E128/><V111/><F111/><W122/><G122/><T18/><D99/><N who="1" m="59519" /><E1/><V38/><F38/><W132/><G130/><T72/><D72/><U129/><E3/><V20/><F131/><W76/><G12/><T113/><D113/><U50/><E129/><V54/><F105/><W45/><G85/><T49/><D30/><N who="3" m="11273" /><G135/><T63/><D10/><U126/><E101/><N who="3" m="38410" /><G132/><T27/><D27/><U127/><E61/><V104/><F104/><W37/><G37/><T90/><REACH who="0" step="1"/><D63/><REACH who="0" step="2"/><U21/><E127/><V116/><F116/><W51/><AGARI ba="0,1" hai="4,6,7,45,51,52,76,79" m="38410,11273" machi="51" ten="40,2700,0" yaku="8,1,54,1" doraHai="88" who="3" fromWho="3" sc="240,-13,250,-7,250,-7,250,37" /><INIT seed="1,0,0,4,5,124" ten="227,243,243,287" oya="1" hai0="13,33,121,88,114,40,63,77,9,60,4,34,0" hai1="73,94,67,3,109,98,96,123,83,24,130,23,54" hai2="47,39,10,41,110,112,79,42,84,80,49,108,132" hai3="58,97,52,43,35,125,82,118,71,55,59,70,111"/><U61/><E123/><V48/><F132/><W64/><G35/><T18/><D114/><U6/><E54/><V17/><F112/><W31/><G31/><T11/><D121/><U45/><E45/><V51/><F42/><W46/><G82/><T56/><D40/><U101/><E109/><N who="2" m="42091" /><F17/><W85/><G85/><T65/><D77/><U19/><E130/><V93/><F93/><W69/><G97/><T8/><D8/><AGARI ba="0,0" hai="8,10,39,41,47,48,49,51,79,80,84" m="42091" machi="8" ten="30,1000,0" yaku="14,1" doraHai="124" who="2" fromWho="0" sc="227,-10,243,0,243,10,287,0" /><INIT seed="2,0,0,5,4,16" ten="217,243,253,287" oya="2" hai0="2,100,50,131,106,89,108,119,18,92,82,57,1" hai1="127,20,123,47,61,115,79,14,30,75,81,114,41" hai2="36,80,52,97,63,116,94,15,23,21,55,132,125" hai3="32,53,58,42,130,5,22,45,56,95,134,126,88"/><V29/><F36/><W65/><G32/><T96/><D108/><U90/><E127/><V120/><F116/><W33/><G33/><T40/><D119/><U46/><E123/><V113/><F120/><W98/><G126/><T102/><D131/><U64/><E90/><V72/><F125/><W44/><G130/><T38/><D38/><U107/><E107/><V129/><F113/><W68/><G68/><T9/><D102/><U70/><E47/><V17/><F129/><W39/><G134/><T112/><D112/><U124/><E124/><V31/><F132/><W60/><G5/><T87/><D18/><U4/><E4/><V76/><F55/><W24/><G42/><T71/><D9/><U48/><REACH who="1" step="1"/><E14/><REACH who="1" step="2"/><V67/><F67/><W118/><G118/><T73/><D106/><U10/><E10/><V25/><F63/><N who="3" m="36239" /><G39/><T8/><D8/><U104/><E104/><V77/><F77/><W26/><G26/><AGARI ba="0,1" hai="20,26,30,41,46,48,61,64,70,75,79,81,114,115" machi="26" ten="40,2600,0" yaku="1,1,52,1,53,0" doraHai="16" doraHaiUra="7" who="1" fromWho="3" sc="217,0,233,36,253,0,287,-26" /><INIT seed="3,0,0,4,4,8" ten="217,269,253,261" oya="3" hai0="82,85,103,11,44,72,83,135,52,54,124,131,80" hai1="12,79,9,64,38,49,134,74,3,6,28,94,126" hai2="87,89,99,132,24,68,57,104,39,123,108,73,70" hai3="118,43,128,66,95,75,62,21,7,10,14,133,90"/><W114/><G75/><T51/><D72/><U20/><E38/><V101/><F39/><W69/><G118/><T105/><D131/><U125/><E134/><V77/><F132/><W36/><G133/><T91/><D135/><U41/><E64/><V48/><F123/><W98/><G128/><T53/><D124/><N who="1" m="47723" /><E94/><V67/><F108/><W46/><REACH who="3" step="1"/><G21/><REACH who="3" step="2"/><T29/><D11/><U2/><E74/><V60/><F73/><W42/><G42/><T93/><D29/><U55/><E41/><V71/><F77/><W106/><G106/><T119/><D119/><U30/><E79/><V17/><F104/><W116/><G116/><T129/><D129/><U84/><E28/><V110/><F110/><W127/><G127/><T50/><D105/><U88/><E20/><V0/><F24/><W58/><G58/><N who="0" m="33047" /><D103/><U86/><E30/><V100/><F100/><W25/><G25/><T37/><D37/><U1/><E88/><V61/><F101/><W22/><G22/><T78/><D78/><U59/><AGARI ba="0,1" hai="1,2,3,6,9,12,49,55,59,84,86" m="47723" machi="59" ten="40,2700,0" yaku="18,1,52,1" doraHai="8" who="1" fromWho="1" sc="217,-7,269,37,253,-7,251,-13" /><INIT seed="4,0,0,1,4,92" ten="210,306,246,238" oya="0" hai0="112,101,25,27,113,79,54,64,84,98,49,93,114" hai1="95,13,87,21,78,94,17,77,118,124,82,40,73" hai2="117,119,130,108,4,50,42,44,62,129,135,29,30" hai3="115,121,132,9,86,60,102,20,123,1,43,96,67"/><T6/><D64/><U76/><E118/><N who="2" m="45067" /><F108/><W104/><G43/><T7/><D79/><N who="1" m="46559" /><E73/><V131/><F135/><W12/><G132/><T103/><D103/><U36/><E36/><V28/><F62/><W72/><G72/><T24/><REACH who="0" step="1"/><D84/><REACH who="0" step="2"/><U45/><E77/><V55/><F4/><W126/><G86/><T133/><D133/><U90/><E78/><V107/><F107/><W46/><G121/><T2/><D2/><U68/><E76/><V105/><F105/><W26/><G123/><T85/><D85/><U110/><E110/><V32/><F32/><W39/><G1/><T83/><D83/><U88/><E90/><V74/><F74/><W91/><G91/><T14/><D14/><U35/><E88/><V8/><F131/><W58/><G104/><T31/><D31/><U3/><E35/><V51/><F130/><W63/><G102/><T34/><D34/><U71/><E3/><V81/><F81/><W66/><G12/><T23/><D23/><U127/><E95/><V10/><F129/><W56/><G20/><T125/><D125/><U128/><E94/><V57/><AGARI ba="0,1" hai="8,10,28,29,30,42,44,50,51,55,57" m="45067" machi="57" ten="30,1100,0" yaku="12,1" doraHai="92" who="2" fromWho="2" sc="200,-5,306,-3,246,21,238,-3" /><INIT seed="5,0,0,2,2,86" ten="195,303,267,235" oya="1" hai0="7,92,89,82,9,41,45,68,110,30,114,101,95" hai1="131,25,125,127,50,60,8,116,64,31,98,1,107" hai2="69,51,74,106,119,35,44,5,52,11,47,97,2" hai3="113,111,39,22,53,81,37,85,19,132,108,59,29"/><U20/><E116/><V67/><F74/><W100/><G132/><T122/><D110/><U94/><E107/><V80/><F119/><W34/><G113/><T118/><D118/><U33/><E131/><V10/><F35/><W105/><G39/><T83/><D114/><U65/><E50/><V26/><F26/><W112/><G37/><T42/><D68/><U40/><E40/><V16/><F80/><W128/><G112/><T71/><D71/><U117/><E117/><V123/><F123/><W61/><G128/><T38/><D42/><U133/><E133/><V96/><F67/><W55/><G29/><T91/><D30/><U48/><E48/><V58/><F69/><W121/><G34/><T130/><D122/><U129/><E129/><V23/><F11/><W120/><G120/><T84/><D101/><N who="1" m="60631" /><E33/><V99/><F106/><W49/><G121/><T43/><D43/><U66/><E1/><V36/><F36/><W57/><G100/><T77/><D130/><U32/><E8/><V102/><F102/><W70/><G105/><T76/><D76/><U6/><E6/><V18/><REACH who="2" step="1"/><F23/><REACH who="2" step="2"/><W78/><G70/><T115/><D115/><U93/><E32/><V75/><F75/><W24/><AGARI ba="0,1" hai="19,22,24,49,53,55,57,59,61,78,81,85,108,111" machi="24" ten="20,1500,0" yaku="0,1,7,1" doraHai="86" who="3" fromWho="3" sc="195,-4,303,-7,257,-4,235,25" /><INIT seed="6,0,0,4,0,70" ten="191,296,253,260" oya="2" hai0="14,118,80,55,131,92,35,59,21,33,16,95,41" hai1="108,101,3,7,83,36,42,134,107,18,5,45,116" hai2="66,46,27,48,100,30,88,128,71,97,117,86,47" hai3="65,52,37,4,82,105,85,20,124,53,90,133,102"/><V8/><F117/><W130/><G124/><T11/><D118/><U81/><E116/><V72/><F72/><W93/><G130/><T84/><D131/><U49/><E108/><V54/><F128/><W63/><G133/><T39/><D35/><U50/><E134/><V62/><F8/><W64/><G37/><T126/><D33/><U23/><E3/><V91/><F47/><W89/><G4/><T32/><D32/><U15/><E107/><V24/><F86/><W98/><G20/><T28/><D126/><U31/><E101/><V104/><F27/><W99/><REACH who="3" step="1"/><G65/><REACH who="3" step="2"/><T122/><D39/><U2/><E36/><V129/><REACH who="2" step="1"/><F129/><REACH who="2" step="2"/><W103/><G103/><T76/><D122/><U121/><E121/><V109/><F109/><W77/><G77/><T61/><D41/><U44/><E42/><V120/><F120/><W79/><G79/><T114/><D114/><U1/><E2/><V60/><F60/><W56/><AGARI ba="0,2" hai="52,53,56,63,64,82,85,89,90,93,98,99,102,105" machi="56" ten="20,12000,2" yaku="1,1,0,1,7,1,54,1,53,2" doraHai="70" doraHaiUra="94" who="3" fromWho="3" sc="191,-30,296,-30,243,-60,250,140" /><INIT seed="7,0,0,5,5,32" ten="161,266,183,390" oya="3" hai0="27,120,132,97,75,30,42,102,126,106,26,44,133" hai1="23,104,74,21,40,87,124,18,115,36,20,24,76" hai2="91,56,3,88,82,37,47,62,81,28,12,55,111" hai3="17,61,11,93,94,71,59,77,58,73,53,85,122"/><W112/><G73/><T0/><D120/><U72/><E104/><V101/><F101/><W14/><G71/><T110/><D110/><U68/><E68/><V130/><F111/><W33/><G33/><N who="0" m="20695" /><D126/><U109/><E109/><V49/><F37/><W86/><G112/><T98/><D98/><U127/><E36/><V121/><F121/><W39/><G39/><N who="0" m="21599" /><D27/><U6/><E40/><V100/><F100/><W48/><G122/><T57/><D57/><U8/><E74/><V2/><F28/><W50/><G50/><T99/><D99/><U79/><E87/><V65/><F12/><W135/><G135/><N who="0" m="51787" /><D75/><U83/><E115/><V7/><F7/><W29/><G29/><T70/><D70/><U35/><E72/><V113/><F113/><W84/><G77/><T80/><D80/><U63/><E83/><V128/><F82/><W131/><REACH who="3" step="1"/><G131/><REACH who="3" step="2"/><N who="2" m="50217" /><F81/><W10/><G10/><T117/><D117/><U92/><E8/><V95/><F91/><W90/><G90/><T67/><D67/><AGARI ba="0,1" hai="11,14,17,48,53,58,59,61,67,84,85,86,93,94" machi="67" ten="40,3900,0" yaku="1,1,8,1,53,0" doraHai="32" doraHaiUra="25" who="3" fromWho="0" sc="161,-39,266,0,183,0,380,49" owari="122,-38,266,7,183,-22,429,53" /></mjloggm>