<mjloggm ver="2.3"><GO type="41"/><UN n0="%E8%B0%B7%E3%81%8F%E3%82%93" n1="%EF%BC%88%E2%89%A7%E2%96%BD%E2%89%A6%EF%BC%89" n2="%6E%61%6E%61%35%35%33%38" n3="%E3%81%92%E3%82%93%E3%81%9F%E3%82%8D" dan="15,15,13,15" rate="1983,2052,1872,1983" sx="M,M,F,M"/><TAIKYOKU oya="0"/><INIT seed="0,0,0,3,2,72" ten="250,250,250,250" oya="0" hai0="135,117,105,127,51,13,99,77,84,118,132,5,110" hai1="128,90,125,78,66,49,11,112,124,36,134,96,102" hai2="106,79,20,37,29,68,18,75,15,48,82,2,7" hai3="50,98,32,87,115,33,8,45,91,60,129,92,126"/><T70/><D70/><U104/><E36/><V85/><F106/><W100/><G115/><T22/><D127/><N who="1" m="48715" /><E112/><V131/><F68/><W30/><G126/><T62/><D62/><U76/><E134/><N who="0" m="51241" /><D51/><U31/><E128/><V89/><F37/><W103/><G129/><T1/><D1/><U14/><E66/><V109/><F131/><W27/><G8/><N who="0" m="4239" /><D22/><U38/><E38/><V28/><F109/><W16/><G60/><T25/><D25/><U130/><E130/><V3/><F2/><W93/><G103/><N who="0" m="62719" /><D110/><U57/><E31/><V9/><REACH who="2" step="1"/><F48/><REACH who="2" step="2"/><W97/><G97/><T81/><AGARI ba="0,1" hai="77,81,84,117,118" m="62719,4239,51241" machi="81" ten="30,3000,0" yaku="20,1,52,1" doraHai="72" who="0" fromWho="0" sc="250,40,250,-10,240,-10,250,-10" /><INIT seed="0,1,0,3,0,42" ten="290,240,230,240" oya="0" hai0="1,92,73,38,105,70,66,122,86,123,28,10,51" hai1="87,76,75,30,45,56,23,7,26,95,22,119,90" hai2="116,96,130,125,83,121,54,44,111,67,6,17,106" hai3="79,41,120,131,11,58,112,114,81,3,35,29,0"/><T60/><D73/><U104/><E119/><V47/><F121/><W85/><G120/><T14/><D38/><U91/><E104/><V55/><F116/><W5/><G131/><T40/><D1/><U18/><E7/><V68/><F130/><W15/><G35/><T32/><D105/><U53/><E91/><V31/><F111/><W128/><G128/><T99/><D86/><U49/><E75/><V46/><F125/><W52/><G29/><T132/><D132/><U98/><E76/><V126/><F126/><W43/><G3/><T19/><D51/><U101/><E101/><V63/><F6/><W59/><G0/><T109/><D40/><U57/><REACH who="1" step="1"/><E98/><REACH who="1" step="2"/><V102/><F31/><W77/><G77/><T129/><D109/><U80/><E80/><V82/><REACH who="2" step="1"/><F17/><REACH who="2" step="2"/><W78/><G114/><T118/><D19/><U124/><E124/><V134/><F134/><W4/><G112/><T21/><D122/><U110/><E110/><V74/><F74/><W13/><G4/><T2/><D123/><U113/><E113/><V71/><F71/><W133/><G133/><T65/><D118/><U94/><E94/><V27/><F27/><AGARI ba="1,2" hai="18,22,23,26,27,30,45,49,53,56,57,87,90,95" machi="27" ten="30,7700,0" yaku="1,1,7,1,8,1,52,1,53,0" doraHai="42" doraHaiUra="8" who="1" fromWho="2" sc="290,0,230,100,220,-80,240,0" /><INIT seed="1,0,0,3,5,36" ten="290,330,140,240" oya="1" hai0="10,131,111,120,14,101,93,60,49,30,59,81,45" hai1="88,103,16,96,130,1,43,4,121,13,7,34,48" hai2="129,122,126,40,77,76,75,26,110,35,25,61,125" hai3="50,106,114,70,41,108,66,72,0,73,123,127,105"/><U80/><E121/><V8/><F122/><W99/><G0/><T133/><D120/><U109/><E34/><V9/><F129/><W87/><G114/><T18/><D131/><U107/><E130/><V98/><F35/><W29/><G123/><T55/><D133/><U67/><E1/><V51/><F75/><W118/><G118/><T91/><D111/><U112/><E112/><V92/><F110/><W100/><G108/><T52/><D30/><U78/><E109/><V22/><F61/><W56/><G127/><N who="2" m="48649" /><F98/><W68/><G106/><T3/><D3/><U65/><E65/><V24/><F92/><W44/><G29/><T97/><REACH who="0" step="1"/><D81/><REACH who="0" step="2"/><U83/><E80/><V33/><F33/><W20/><G70/><T71/><D71/><U38/><E83/><V124/><F22/><W69/><G68/><T82/><D82/><U28/><E28/><V37/><N who="2" m="48657" /><V63/><DORA hai="104" /><F37/><W128/><G69/><T12/><D12/><U53/><E13/><V19/><F63/><W27/><G128/><T117/><D117/><U31/><E31/><V57/><F19/><W94/><G73/><T119/><D119/><U58/><E16/><V95/><F95/><W89/><G72/><T42/><D42/><U15/><E43/><V2/><F2/><W135/><G135/><T79/><D79/><N who="2" m="30282" /><F40/><W21/><REACH who="3" step="1"/><G27/><REACH who="3" step="2"/><N who="2" m="6913" /><V11/><DORA hai="134" /><F51/><W17/><G17/><T84/><D84/><U85/><E85/><V86/><F86/><W6/><G6/><T46/><D46/><N who="1" m="27799" /><E4/><V132/><F132/><W102/><G102/><AGARI ba="0,2" hai="10,14,18,45,49,52,55,59,60,91,93,97,101,102" machi="102" ten="40,8000,1" yaku="1,1,8,1,54,1,53,1" doraHai="36,104,134" doraHaiUra="54,23,113" who="0" fromWho="3" sc="280,100,330,0,140,0,230,-80" /><INIT seed="2,0,0,5,2,89" ten="380,330,140,150" oya="2" hai0="55,65,67,35,113,3,6,44,124,125,92,25,78" hai1="104,80,2,101,4,62,20,64,106,10,102,77,60" hai2="16,9,75,131,32,8,119,66,94,115,111,56,114" hai3="28,132,39,90,81,12,40,129,68,42,38,100,57"/><V15/><F119/><W118/><G68/><T51/><D113/><U52/><E106/><V1/><F75/><W97/><G118/><T26/><D78/><U47/><E20/><V126/><F126/><N who="0" m="48746" /><D3/><U59/><E104/><V71/><F71/><W93/><G132/><T110/><D6/><U117/><E117/><V116/><F116/><W18/><G129/><T46/><D46/><U33/><E33/><V34/><F131/><W61/><G28/><N who="0" m="19855" /><D26/><U17/><E17/><V74/><F74/><W120/><G120/><T63/><D110/><U14/><E2/><V31/><F111/><W103/><G39/><T128/><D128/><U95/><E47/><V70/><F70/><W84/><G38/><T50/><D50/><U48/><E48/><V53/><F66/><W83/><G103/><T122/><D122/><U49/><E49/><V11/><F1/><W99/><G99/><T79/><D79/><U86/><REACH who="1" step="1"/><E95/><REACH who="1" step="2"/><V36/><F114/><W29/><G29/><T45/><D45/><U85/><E85/><V130/><F115/><W133/><G81/><T72/><D72/><U58/><AGARI ba="0,1" hai="4,10,14,52,58,59,60,62,64,77,80,86,101,102" machi="58" ten="20,12000,2" yaku="1,1,0,1,7,1,8,1,54,1,53,1" doraHai="89" doraHaiUra="5" who="1" fromWho="1" sc="380,-30,320,130,140,-60,150,-30" /><INIT seed="3,0,0,5,5,86" ten="350,450,80,120" oya="3" hai0="58,109,133,10,41,69,39,51,87,98,34,48,104" hai1="73,20,16,116,62,90,2,88,32,106,29,17,111" hai2="45,63,70,75,40,60,43,112,4,130,105,101,3" hai3="107,96,42,18,64,76,30,52,74,119,80,46,82"/><W99/><G119/><T1/><D69/><U61/><E73/><V89/><F112/><W93/><G64/><T103/><D34/><U66/><E106/><V50/><F130/><W94/><G30/><T118/><D118/><U124/><E116/><V71/><F75/><W125/><G125/><T59/><D133/><U37/><E37/><V11/><F105/><W108/><G108/><T110/><D39/><U5/><E32/><V19/><F101/><W129/><G129/><T115/><D115/><U13/><E124/><V135/><F135/><W54/><G107/><T120/><D120/><U131/><E131/><V47/><F19/><N who="1" m="7241" /><E2/><V31/><F31/><W123/><G123/><T114/><D114/><U132/><E132/><V83/><F83/><W14/><G82/><T8/><D87/><U85/><E111/><N who="0" m="42505" /><D1/><U121/><E121/><V7/><F3/><W126/><G126/><T21/><D21/><U81/><E66/><V23/><F23/><W100/><G42/><T57/><D41/><U38/><E38/><V6/><F11/><AGARI ba="0,0" hai="8,10,11,48,51,57,58,59,98,103,104" m="42505" machi="11" ten="30,1000,0" yaku="14,1" doraHai="86" who="0" fromWho="2" sc="350,10,450,0,80,-10,120,0" /><INIT seed="4,0,0,1,4,39" ten="360,450,70,120" oya="0" hai0="129,63,36,34,3,42,114,122,128,48,59,5,38" hai1="67,44,37,73,98,58,17,107,27,78,76,50,69" hai2="33,121,104,86,90,131,99,21,71,41,18,54,93" hai3="82,13,15,31,92,94,0,11,51,108,2,8,83"/><T119/><D122/><U9/><E69/><V61/><F121/><W75/><G75/><T96/><D34/><U133/><E133/><V46/><F33/><W123/><G123/><T81/><D81/><U29/><E37/><N who="0" m="14441" /><D5/><U91/><E73/><V85/><F131/><N who="0" m="50250" /><D96/><U120/><E120/><V4/><F104/><W56/><G108/><T117/><D3/><U74/><E74/><V57/><F71/><W102/><G56/><T19/><D19/><U95/><E107/><V126/><F4/><W101/><G51/><T7/><D7/><U20/><E58/><V134/><F126/><W23/><G23/><T22/><D22/><U97/><E67/><V12/><F134/><W106/><G106/><T87/><D87/><U115/><E97/><V10/><F10/><W55/><G55/><N who="0" m="34303" /><D114/><U110/><E115/><V84/><F84/><W35/><G35/><T26/><D26/><U28/><E29/><AGARI ba="0,0" hai="0,2,8,11,13,15,29,31,82,83,92,94,101,102" machi="29" ten="25,1600,0" yaku="22,2" doraHai="39" who="3" fromWho="1" sc="360,0,450,-16,70,0,120,16" /><INIT seed="5,0,0,1,0,117" ten="360,434,70,136" oya="1" hai0="72,21,112,40,9,74,63,33,102,38,116,45,47" hai1="133,100,106,60,115,73,12,118,103,128,29,90,79" hai2="77,53,124,98,95,41,34,119,36,99,43,11,59" hai3="132,15,58,107,66,78,131,123,56,68,31,83,85"/><U89/><E118/><V97/><F119/><W13/><G107/><T71/><D33/><U4/><E29/><V8/><F34/><W126/><G126/><T16/><D116/><U0/><E0/><V7/><F124/><W109/><G109/><T23/><D112/><U92/><E115/><V86/><F36/><W105/><G105/><T87/><D102/><U17/><E103/><V62/><F11/><W28/><G132/><T18/><D9/><U6/><E100/><V1/><REACH who="2" step="1"/><F95/><REACH who="2" step="2"/><W50/><G131/><T94/><D94/><U125/><E92/><V55/><F55/><W121/><G68/><T5/><D38/><U82/><E125/><V110/><F110/><W93/><G93/><T39/><D39/><U70/><E128/><V52/><F52/><W101/><G101/><T135/><D135/><U91/><E133/><V14/><F14/><W80/><G66/><T81/><D40/><U2/><E106/><V48/><F48/><W96/><G50/><T46/><D63/><U49/><E49/><V120/><F120/><W75/><G13/><T54/><D54/><U88/><E60/><V113/><F113/><W42/><G15/><T35/><D35/><U84/><E12/><V19/><F19/><W104/><G104/><T26/><D5/><U44/><E6/><V108/><F108/><W37/><G37/><T114/><D114/><U20/><E17/><V10/><F10/><W3/><G123/><T129/><D129/><U64/><E4/><V51/><F51/><W76/><G121/><T134/><D134/><U69/><N who="1" m="22528" /><DORA hai="122" /><U22/><E64/><RYUUKYOKU ba="0,1" sc="360,-10,434,-10,60,30,136,-10" hai2="1,7,8,41,43,53,59,62,77,86,97,98,99" /><INIT seed="6,1,1,5,5,67" ten="350,424,90,126" oya="2" hai0="65,122,48,112,127,101,14,55,61,20,110,113,123" hai1="126,15,10,27,93,56,18,90,6,121,76,79,117" hai2="32,129,16,111,103,46,0,94,89,88,108,64,125" hai3="119,133,96,31,95,12,22,102,109,24,78,63,134"/><V70/><F129/><W107/><G119/><T28/><D101/><U85/><E117/><V57/><F32/><W23/><G109/><N who="2" m="42057" /><F0/><W66/><G78/><N who="1" m="29738" /><E126/><V104/><F125/><W58/><G107/><T26/><D14/><U11/><E121/><V41/><F104/><W59/><G59/><N who="0" m="33255" /><D110/><U51/><E27/><V9/><F57/><W92/><G92/><T99/><D99/><U77/><E77/><V30/><F30/><W34/><G34/><T39/><D39/><U75/><E75/><V106/><F106/><W37/><G37/><T7/><D7/><U8/><E11/><V45/><F41/><W81/><G81/><T100/><D100/><U82/><E82/><V114/><F103/><W2/><G2/><T116/><D127/><U42/><E42/><V69/><F64/><W60/><G60/><T38/><D38/><U83/><E83/><V132/><F114/><N who="0" m="44138" /><D116/><U97/><E97/><N who="2" m="57543" /><F89/><W74/><G74/><T72/><D72/><U86/><E6/><V98/><F132/><W131/><G131/><T84/><D84/><U62/><E86/><V71/><F98/><W1/><G1/><T105/><D105/><U25/><E85/><V40/><F40/><W43/><G43/><T36/><D36/><U87/><E87/><V73/><F73/><W33/><G33/><T118/><D118/><U13/><E90/><V53/><F53/><W35/><G35/><T47/><D47/><U91/><E91/><V44/><F44/><W17/><AGARI ba="1,1" hai="12,17,22,23,24,31,58,63,66,95,96,102,133,134" machi="17" ten="30,4000,0" yaku="0,1,25,2" doraHai="67" who="3" fromWho="3" sc="350,-11,424,-11,90,-21,126,53" /><INIT seed="7,0,0,5,4,84" ten="339,413,69,179" oya="3" hai0="57,43,87,10,133,130,9,99,72,86,11,120,25" hai1="34,132,124,54,30,2,105,93,115,111,53,83,21" hai2="75,134,28,66,114,90,71,123,79,40,117,88,31" hai3="82,7,6,89,37,14,96,110,20,32,36,50,24"/><W125/><G32/><T19/><D120/><U62/><E62/><BYE who="1" /><V42/><F117/><W103/><G125/><T55/><D72/><U23/><E23/><V135/><F114/><W76/><G110/><T121/><D121/><U13/><E13/><V131/><F123/><W107/><G37/><T4/><D133/><N who="2" m="50698" /><F66/><W92/><G36/><T64/><D130/><U1/><E1/><V113/><F71/><W59/><G14/><T101/><D4/><U67/><E67/><V80/><F113/><W41/><G41/><N who="2" m="15977" /><F131/><W70/><G70/><T91/><D43/><U48/><E48/><V18/><F18/><W85/><G59/><T29/><D64/><UN n1="%EF%BC%88%E2%89%A7%E2%96%BD%E2%89%A6%EF%BC%89" /><U61/><E115/><V127/><F127/><W27/><G50/><T95/><D101/><U3/><E124/><V58/><F58/><W17/><REACH who="3" step="1"/><G27/><REACH who="3" step="2"/><T78/><D29/><AGARI ba="0,1" hai="28,29,31,75,79,80,88,90" m="15977,50698" machi="29" ten="30,7700,0" yaku="20,1,52,2,54,1" doraHai="84" who="2" fromWho="0" sc="339,-77,413,0,69,87,169,0" owari="262,6.0,413,51.0,156,-34.0,169,-23.0" /></mjloggm>