<mjloggm ver="2.3"><GO type="41"/><UN n0="%41%6B%61%2D%75%72%61" n1="%E3%81%8F%E3%81%BE%43%EF%BD%9E" n2="%E3%82%A6%E3%83%AB%E3%83%88%E3%83%A9%E7%AB%8B%E7%9B%B4" n3="%66%63%64" dan="15,14,15,14" rate="2013,1912,2006,1977" sx="M,M,M,M"/><TAIKYOKU oya="0"/><INIT seed="0,0,0,5,2,7" ten="250,250,250,250" oya="0" hai0="93,97,132,18,102,39,0,121,20,33,118,60,28" hai1="90,62,46,86,30,133,127,12,70,79,125,100,74" hai2="135,68,8,34,56,66,44,101,122,105,16,3,5" hai3="88,115,99,53,59,91,47,65,57,72,95,78,63"/><T109/><D121/><U113/><E113/><V35/><F122/><W117/><G115/><T98/><D118/><U49/><E133/><V96/><F135/><W128/><G117/><T13/><D132/><U69/><E100/><V22/><F56/><W24/><G128/><T23/><D39/><U108/><E108/><V124/><F124/><N who="1" m="47689" /><E62/><V42/><F66/><W51/><G72/><T67/><D0/><U38/><E38/><V55/><F55/><W15/><G78/><T94/><D109/><U58/><E58/><V52/><F68/><W41/><G24/><T71/><D33/><U17/><E30/><V92/><F105/><W110/><G110/><T25/><D98/><U31/><E31/><V27/><REACH who="2" step="1"/><F52/><REACH who="2" ten="250,250,240,250" step="2"/><W1/><G65/><T81/><D81/><N who="1" m="45303" /><E46/><V54/><F54/><W14/><G59/><T32/><D23/><N who="1" m="11687" /><E49/><AGARI ba="0,1" hai="3,5,8,16,22,27,34,35,42,44,49,92,96,101" machi="49" ten="30,7700,0" yaku="1,1,7,1,52,1,54,1,53,0" doraHai="7" doraHaiUra="106" who="2" fromWho="1" sc="250,0,250,-77,240,87,250,0" /><INIT seed="1,0,0,3,4,131" ten="250,173,327,250" oya="1" hai0="35,11,56,18,7,134,19,2,22,112,133,100,31" hai1="77,9,4,79,114,55,67,82,128,66,110,62,102" hai2="6,111,15,93,69,42,40,90,135,71,13,30,109" hai3="68,81,61,75,46,37,33,78,121,96,44,101,76"/><U83/><E114/><V85/><F30/><W91/><G121/><T104/><D104/><U16/><E128/><V120/><F120/><W89/><G33/><T73/><D100/><U132/><E102/><V130/><F130/><W39/><G78/><T84/><D73/><U70/><E110/><N who="2" m="41995" /><F15/><W49/><G44/><T97/><D97/><U28/><E28/><V27/><F27/><W124/><G124/><T10/><D84/><U32/><E32/><V127/><F127/><W53/><G39/><T12/><D56/><U98/><E98/><V29/><F29/><W1/><G37/><T20/><D112/><U106/><E106/><V36/><F36/><W17/><G1/><T94/><D94/><U105/><E105/><V122/><F122/><W34/><G34/><T99/><D99/><U43/><E43/><V123/><F123/><W116/><G116/><T52/><D52/><U51/><E67/><V117/><F117/><W87/><G17/><T21/><D19/><U59/><E16/><V88/><F90/><W54/><G75/><T92/><D92/><U48/><E51/><V8/><F42/><W126/><G126/><T3/><D3/><U107/><E107/><V86/><F86/><W103/><G103/><T95/><D95/><U41/><E41/><V57/><F57/><N who="3" m="34991" /><G68/><N who="2" m="26185" /><F40/><W58/><G46/><T118/><D118/><U80/><E79/><V5/><F5/><W119/><G119/><T47/><D47/><U65/><E65/><V129/><F129/><W45/><G45/><T0/><D0/><N who="1" m="135" /><E77/><V74/><F74/><W38/><G38/><T24/><AGARI ba="0,0" hai="2,7,10,11,12,18,20,21,22,24,31,35,133,134" machi="24" ten="30,12000,2" yaku="5,1,0,1,34,3,52,2" doraHai="131" who="0" fromWho="0" sc="250,120,173,-60,327,-30,250,-30" /><INIT seed="2,0,0,4,4,113" ten="370,113,297,220" oya="2" hai0="65,75,41,45,129,124,54,91,122,40,31,47,109" hai1="106,82,121,116,42,71,38,51,14,78,104,50,112" hai2="19,21,114,84,69,132,36,20,90,76,70,16,92" hai3="89,0,9,117,58,32,101,128,125,2,86,1,102"/><V131/><F36/><W73/><G73/><T130/><D122/><U79/><E112/><V61/><F114/><W24/><G128/><N who="0" m="49259" /><D75/><U63/><E121/><V5/><F131/><W52/><G125/><T12/><D109/><U28/><E28/><V22/><F132/><W87/><G87/><T29/><D65/><U13/><E38/><V7/><F76/><W83/><G9/><T127/><D91/><U67/><E104/><V56/><F69/><W94/><G117/><T97/><D97/><U23/><E116/><V115/><F70/><W134/><G134/><T62/><D12/><U123/><E106/><V80/><F80/><W93/><G32/><T85/><D85/><U64/><E123/><V6/><REACH who="2" step="1"/><F115/><REACH who="2" ten="370,113,287,220" step="2"/><W72/><G72/><T44/><D127/><U43/><E71/><V99/><F99/><W3/><N who="3" m="512" /><DORA hai="25" /><W74/><G74/><T18/><D124/><U110/><E82/><V120/><F120/><W96/><G24/><T119/><D119/><U10/><E110/><V105/><F105/><W68/><G68/><T48/><D41/><U53/><E42/><V126/><F126/><W98/><G98/><T133/><D133/><U34/><E43/><V66/><AGARI ba="0,1" hai="5,6,7,16,19,20,21,22,56,61,66,84,90,92" machi="66" ten="30,12000,1" yaku="1,1,0,1,8,1,54,1,53,1" doraHai="113,25" doraHaiUra="33,55" who="2" fromWho="2" sc="370,-40,113,-40,287,130,220,-40" /><INIT seed="2,1,0,2,4,30" ten="330,73,417,180" oya="2" hai0="113,48,58,112,43,46,32,20,12,4,69,82,73" hai1="125,96,49,25,88,91,134,74,65,16,15,34,18" hai2="116,75,10,78,110,11,84,51,31,7,131,122,127" hai3="3,103,99,6,2,107,119,104,52,19,36,117,105"/><V60/><F75/><W41/><G36/><T83/><D69/><U63/><E74/><V33/><F122/><W38/><G38/><T97/><D97/><U21/><E134/><V133/><F116/><W118/><G41/><T53/><D32/><U77/><E125/><V14/><F133/><W86/><G86/><T102/><D102/><U120/><E120/><V72/><F72/><W100/><G19/><T26/><D12/><U23/><E77/><V56/><F127/><W64/><G64/><T115/><D4/><U5/><E5/><V45/><F131/><W57/><G6/><T94/><D94/><U92/><E34/><V81/><F11/><W35/><G35/><T61/><REACH who="0" step="1"/><D73/><REACH who="0" ten="320,73,417,180" step="2"/><U123/><E123/><V13/><F13/><W76/><G103/><T67/><D67/><U106/><E106/><V0/><F0/><W66/><G66/><T47/><D47/><U62/><E65/><V22/><F33/><W44/><G44/><T68/><D68/><U59/><E91/><V54/><F110/><W93/><REACH who="3" step="1"/><G76/><REACH who="3" ten="320,73,417,170" step="2"/><T121/><D121/><U87/><E96/><V132/><F132/><W128/><G128/><T114/><N who="0" m="28672" /><DORA hai="9" /><T111/><D111/><U95/><E95/><V37/><F45/><W109/><G109/><T8/><D8/><U50/><E59/><V98/><F98/><W55/><G55/><T42/><D42/><U28/><E28/><AGARI ba="1,2" hai="20,26,28,43,46,48,53,58,61,82,83" m="28672" machi="28" ten="70,2300,0" yaku="1,1,53,0" doraHai="30,9" doraHaiUra="124,130" who="0" fromWho="1" sc="320,46,73,-26,417,0,170,0" /><INIT seed="3,0,0,2,3,81" ten="366,47,417,170" oya="3" hai0="20,116,121,95,89,16,27,93,37,132,49,99,100" hai1="6,68,26,28,41,108,46,19,133,51,106,101,52" hai2="9,13,117,57,79,77,47,66,8,25,58,125,90" hai3="127,98,45,33,5,94,87,123,72,75,96,134,104"/><W128/><G33/><T70/><D116/><U24/><E108/><V97/><F117/><W91/><G5/><T36/><D121/><U67/><E133/><V86/><F125/><W54/><G123/><T31/><D70/><U44/><E6/><V135/><F135/><W56/><G134/><T88/><D132/><U18/><E106/><V82/><F47/><W111/><G127/><T115/><D115/><U17/><E101/><V15/><F25/><W74/><G111/><T120/><D120/><U78/><E28/><V14/><F97/><W65/><G128/><T62/><D49/><U85/><E68/><V129/><F129/><W23/><G104/><T69/><D100/><U124/><E67/><V38/><F38/><W110/><G110/><T131/><D131/><U53/><E124/><V126/><F126/><W112/><G112/><T130/><D130/><U109/><E109/><V102/><F102/><W122/><G122/><T105/><D105/><U50/><E41/><V11/><F66/><W34/><G34/><T21/><D62/><U7/><E7/><V22/><F22/><W113/><G113/><T32/><D69/><U73/><E73/><V63/><F63/><W40/><G65/><T4/><D4/><U84/><E85/><V35/><F35/><W29/><G29/><T71/><D71/><U92/><E92/><V42/><F42/><W55/><G23/><T114/><D114/><U60/><REACH who="1" step="1"/><E60/><REACH who="1" ten="366,37,417,170" step="2"/><V30/><F30/><W59/><G87/><N who="0" m="52383" /><D32/><U64/><E64/><V39/><F39/><N who="0" m="14922" /><D31/><U76/><E76/><AGARI ba="0,1" hai="8,9,11,13,14,15,57,58,76,77,79,82,86,90" machi="76" ten="40,2600,0" yaku="8,1,52,1" doraHai="81" who="2" fromWho="1" sc="366,0,37,-26,417,36,170,0" /><INIT seed="4,0,0,0,4,105" ten="366,11,453,170" oya="0" hai0="7,121,78,131,65,0,123,133,46,43,103,6,56" hai1="113,80,93,75,129,70,49,26,66,87,67,92,61" hai2="96,41,53,38,52,69,106,102,22,15,95,104,82" hai3="63,14,64,81,128,85,74,34,48,3,54,20,88"/><T134/><D78/><U73/><E129/><V101/><F69/><W42/><G128/><T2/><D103/><U18/><E113/><V107/><F41/><W32/><G3/><N who="0" m="1067" /><D65/><U10/><E67/><V100/><F38/><W112/><G112/><T125/><D56/><U94/><E49/><V24/><F15/><W119/><G119/><T62/><D62/><U4/><E18/><V29/><F82/><W114/><G114/><T68/><D68/><U109/><E26/><V99/><F106/><W33/><G42/><T115/><D131/><U16/><E109/><V12/><F12/><W36/><G36/><T30/><D115/><U132/><E132/><N who="0" m="50793" /><D125/><U55/><E55/><V57/><F57/><W77/><G14/><T111/><D111/><U25/><E25/><V8/><F101/><W86/><G20/><T76/><D76/><U83/><E83/><V135/><F135/><W84/><G63/><T1/><D30/><U122/><E122/><N who="0" m="46601" /><D1/><U60/><E60/><V89/><F104/><W17/><G64/><T47/><D43/><U108/><E108/><V127/><F127/><W21/><G21/><T39/><D39/><U79/><REACH who="1" step="1"/><E16/><REACH who="1" ten="366,1,453,170" step="2"/><V51/><F107/><W23/><G17/><T5/><AGARI ba="0,1" hai="5,6,7,46,47" m="46601,50793,1067" machi="5" ten="40,7800,0" yaku="28,2,20,1" doraHai="105" who="0" fromWho="0" sc="366,88,1,-26,453,-26,170,-26" owari="454,56.0,-25,-53.0,427,23.0,144,-26.0" /></mjloggm>