<mjloggm ver="2.3"><GO type="41"/><UN n0="%E3%82%84%E3%81%A3%E3%81%8D%E3%82%85%E3%83%BC" n1="%65%6C%75" n2="%63%68%65%61%70" n3="%E3%82%A6%E3%83%AB%E3%83%88%E3%83%A9%E7%AB%8B%E7%9B%B4" dan="13,13,13,15" rate="1969,1823,1949,1999" sx="M,M,M,M"/><TAIKYOKU oya="0"/><INIT seed="0,0,0,1,2,22" ten="250,250,250,250" oya="0" hai0="62,89,5,61,85,14,10,115,28,81,12,109,48" hai1="50,71,31,80,0,132,66,69,46,58,41,100,19" hai2="40,124,23,21,56,18,52,82,60,11,127,110,63" hai3="51,96,121,25,9,99,73,16,47,87,13,84,95"/><T65/><D115/><U113/><E113/><V15/><F40/><W20/><G73/><T103/><D103/><U53/><E0/><V88/><F110/><W72/><G72/><T122/><D122/><U24/><E132/><V90/><F82/><W49/><G121/><T70/><D109/><U1/><E1/><V128/><F128/><W97/><G95/><T131/><D131/><U79/><E100/><V38/><F38/><W27/><G20/><T75/><D75/><U106/><E106/><V93/><F60/><W92/><G49/><T57/><D48/><U101/><E101/><V8/><F8/><W43/><G87/><T135/><D28/><U68/><E19/><V111/><F111/><W30/><G30/><T32/><D32/><U133/><E133/><V33/><F33/><W34/><G34/><T26/><D26/><N who="3" m="9737" /><G84/><T78/><D135/><U74/><E69/><V129/><F129/><W130/><G130/><T114/><D114/><U105/><E105/><V94/><F94/><W126/><G126/><N who="2" m="48169" /><F90/><W98/><N who="3" m="25088" /><DORA hai="3" /><W4/><G92/><T104/><D104/><U123/><E123/><V44/><F44/><W42/><G42/><T112/><D112/><U119/><E119/><V102/><F102/><W59/><G59/><T64/><REACH who="0" step="1"/><D78/><REACH who="0" ten="240,250,250,250" step="2"/><U7/><E79/><V91/><F91/><W17/><AGARI ba="0,1" hai="4,9,13,16,17,43,47,51" m="25088,9737" machi="17" ten="50,12000,2" yaku="8,1,52,4,54,1" doraHai="22,3" who="3" fromWho="3" sc="240,-60,250,-30,250,-30,250,130" /><INIT seed="1,0,0,1,3,124" ten="180,220,220,380" oya="1" hai0="44,11,121,83,107,132,26,57,131,2,94,58,17" hai1="19,36,39,115,41,133,112,86,87,68,6,109,79" hai2="74,40,23,62,5,72,30,103,25,31,42,116,129" hai3="128,93,50,16,117,134,27,66,125,76,111,38,0"/><U9/><E68/><V122/><F122/><W82/><G38/><T63/><D121/><U43/><E19/><V71/><F116/><W100/><G0/><T47/><D107/><U4/><E79/><V14/><F103/><W97/><G117/><T77/><D132/><U78/><E78/><V32/><F71/><W95/><G66/><T7/><D131/><U84/><E133/><V59/><F72/><W60/><G60/><T119/><D119/><U65/><E65/><V21/><F74/><W120/><G120/><T1/><D1/><U92/><E92/><V67/><F32/><W10/><G95/><T89/><D26/><U35/><E35/><V48/><F48/><W99/><G99/><T51/><D17/><U85/><E109/><V49/><F49/><W55/><G111/><T101/><D101/><U88/><E88/><V80/><F80/><W126/><G134/><T34/><D34/><U45/><N who="1" m="22016" /><DORA hai="52" /><U29/><E29/><V15/><F5/><W33/><G82/><T98/><D83/><U3/><REACH who="1" step="1"/><E4/><REACH who="1" ten="180,210,220,380" step="2"/><V18/><F31/><W135/><G76/><T64/><REACH who="0" step="1"/><D77/><REACH who="0" ten="170,210,220,380" step="2"/><U37/><E37/><V127/><F30/><W22/><G33/><T114/><D114/><U54/><E54/><AGARI ba="0,2" hai="2,7,11,44,47,51,54,57,58,63,64,89,94,98" machi="54" ten="40,8000,1" yaku="1,1,52,2,53,1" doraHai="124,52" doraHaiUra="90,113" who="0" fromWho="1" sc="170,100,210,-80,220,0,380,0" /><INIT seed="2,0,0,0,4,48" ten="270,130,220,380" oya="2" hai0="18,108,22,114,19,72,46,95,34,59,76,133,6" hai1="58,27,118,35,88,120,24,98,57,82,14,4,134" hai2="131,16,42,85,2,12,106,64,124,81,7,125,45" hai3="123,20,5,17,132,40,49,97,55,130,28,116,67"/><V92/><F106/><W1/><G67/><T13/><D114/><U99/><E120/><V37/><F64/><W113/><G40/><T100/><D34/><U15/><E118/><V26/><F26/><W96/><G123/><T62/><D108/><U111/><E111/><V86/><F131/><W70/><G70/><T32/><D32/><U53/><E134/><V117/><F117/><W77/><G116/><T112/><D112/><U84/><E35/><V10/><F92/><W23/><G5/><T61/><D133/><U47/><E4/><V121/><F121/><W90/><G1/><T87/><D6/><U38/><E38/><V33/><F33/><W60/><G60/><T68/><D72/><U109/><E109/><V128/><F128/><W105/><G105/><T101/><D46/><U126/><E126/><N who="2" m="48747" /><F81/><W83/><G113/><T56/><D68/><U51/><E99/><V89/><F89/><W54/><G130/><T91/><D76/><U31/><E98/><V80/><F80/><W135/><G77/><T36/><D36/><U25/><E31/><V3/><F3/><W107/><G107/><T65/><REACH who="0" step="1"/><D19/><REACH who="0" ten="260,130,220,380" step="2"/><U78/><E78/><V30/><F30/><W44/><G132/><T93/><D93/><U73/><E73/><V9/><AGARI ba="0,1" hai="2,7,9,10,12,16,37,42,45,85,86" m="48747" machi="9" ten="30,3000,0" yaku="18,1,54,1" doraHai="48" who="2" fromWho="2" sc="260,-10,130,-10,220,40,380,-10" /><INIT seed="2,1,0,5,1,27" ten="250,120,260,370" oya="2" hai0="68,123,67,42,40,98,35,21,132,70,60,72,53" hai1="65,41,14,84,97,135,69,63,107,6,79,8,1" hai2="101,34,117,100,127,62,45,85,80,112,9,2,111" hai3="56,36,58,48,47,59,109,91,50,129,4,106,29"/><V20/><F112/><W15/><G106/><T7/><D72/><U64/><E135/><V99/><F117/><W25/><G36/><T126/><D123/><U3/><E41/><V26/><F34/><W30/><G129/><T113/><D113/><U52/><E65/><V11/><F127/><W17/><G109/><T86/><D35/><U31/><E31/><N who="3" m="11786" /><G25/><T78/><D7/><U49/><E107/><V89/><F2/><W119/><G4/><T114/><D126/><U37/><E37/><V121/><F121/><W10/><G119/><T22/><D68/><U116/><E97/><V124/><F124/><W24/><G24/><T18/><D70/><U82/><REACH who="1" step="1"/><E116/><REACH who="1" ten="250,110,260,370" step="2"/><V102/><F111/><W12/><G12/><T134/><D98/><U28/><E28/><N who="2" m="17479" /><F99/><W120/><G120/><T122/><D42/><U105/><E105/><V23/><F23/><W90/><G50/><T16/><D22/><U13/><E13/><V43/><F62/><W115/><G115/><T66/><D21/><U5/><E5/><V54/><F43/><AGARI ba="1,1" hai="10,15,17,43,47,48,56,58,59,90,91" m="11786" machi="43" ten="30,7700,0" yaku="8,1,52,3" doraHai="27" who="3" fromWho="2" sc="250,0,110,0,260,-80,370,90" /><INIT seed="3,0,0,3,5,46" ten="250,110,180,460" oya="3" hai0="99,104,57,7,129,9,95,61,14,19,111,4,49" hai1="125,132,0,40,105,98,29,115,117,33,93,60,52" hai2="45,47,133,38,41,87,18,68,124,51,84,62,65" hai3="31,123,28,121,103,39,13,89,116,55,69,44,97"/><W16/><G69/><T130/><D111/><U83/><E0/><V30/><F30/><W78/><G78/><T22/><D104/><U32/><E115/><V108/><F108/><W48/><G39/><T135/><D135/><U2/><E2/><V25/><F133/><W56/><G116/><T88/><D129/><U36/><E132/><V72/><F72/><W5/><G5/><T82/><D130/><U131/><E131/><V21/><REACH who="2" step="1"/><F124/><REACH who="2" ten="250,110,170,460" step="2"/><W90/><G121/><T58/><D82/><U63/><E125/><V94/><F94/><N who="3" m="58807" /><G123/><T102/><D102/><U23/><E105/><V118/><F118/><W53/><G31/><T1/><D1/><U109/><E117/><V100/><F100/><W126/><G28/><T43/><D9/><U10/><E109/><V80/><F80/><W120/><G120/><T6/><REACH who="0" step="1"/><D61/><REACH who="0" ten="240,110,170,460" step="2"/><U106/><E60/><V77/><F77/><W134/><G134/><T70/><D70/><U26/><E106/><V79/><F79/><W17/><G126/><T127/><D127/><U91/><E83/><V74/><F74/><W59/><G90/><T107/><D107/><U34/><E63/><V110/><F110/><W96/><G89/><T85/><D85/><U67/><E67/><V11/><F11/><W114/><G96/><T101/><D101/><U122/><E122/><V27/><F27/><W128/><G128/><T112/><D112/><U37/><E10/><V20/><F20/><W8/><G114/><T81/><D81/><U50/><REACH who="1" step="1"/><E40/><AGARI ba="0,2" hai="18,21,25,38,40,41,45,47,51,62,65,68,84,87" machi="40" ten="30,3900,0" yaku="1,1,7,1,52,1,53,0" doraHai="46" doraHaiUra="86" who="2" fromWho="1" sc="240,0,110,-39,170,59,460,0" /><INIT seed="4,0,0,0,4,123" ten="240,71,229,460" oya="0" hai0="113,119,36,59,72,95,112,87,5,30,80,93,41" hai1="76,38,71,51,44,2,129,25,127,105,20,90,17" hai2="120,126,116,21,68,27,53,9,109,89,55,42,50" hai3="8,81,6,1,39,131,3,33,104,103,48,64,23"/><T24/><D119/><U130/><E105/><V11/><F120/><W82/><G82/><T85/><D72/><U92/><E76/><V67/><F116/><W78/><G64/><T43/><D5/><U7/><E71/><V128/><F128/><N who="1" m="49257" /><E127/><V94/><F126/><W52/><G33/><N who="0" m="20679" /><D59/><U32/><E38/><V13/><F68/><W77/><G39/><T49/><D36/><U132/><E44/><N who="2" m="25879" /><F109/><W86/><G131/><T29/><D29/><U91/><E51/><V121/><F67/><W100/><G3/><T56/><D56/><U75/><E75/><V122/><F122/><W66/><G66/><T46/><D43/><U108/><E132/><V10/><F53/><W99/><G103/><T57/><D57/><U111/><E32/><V0/><F0/><W118/><G118/><T133/><D133/><U73/><E73/><V40/><F55/><W107/><G23/><T28/><D28/><U74/><E74/><V106/><F106/><W124/><G124/><T35/><D35/><U83/><E83/><V135/><F135/><W58/><G104/><T18/><D18/><U96/><E91/><AGARI ba="0,0" hai="1,6,8,48,52,58,77,78,81,86,91,99,100,107" machi="91" ten="30,2000,0" yaku="7,1,54,1" doraHai="123" who="3" fromWho="1" sc="240,0,71,-20,229,0,460,20" /><INIT seed="5,0,0,0,4,9" ten="240,51,229,480" oya="1" hai0="78,130,7,80,55,39,50,123,91,13,45,17,38" hai1="98,54,43,37,72,104,70,96,48,73,127,90,10" hai2="30,56,82,129,112,84,63,120,125,15,14,79,4" hai3="23,110,69,42,49,76,12,64,99,101,68,35,106"/><U133/><E133/><V44/><BYE who="1" /><F120/><W53/><G42/><UN n1="%65%6C%75" /><T121/><D123/><U6/><E6/><V11/><BYE who="1" /><F30/><W94/><G76/><T58/><D121/><U86/><E86/><V71/><F71/><W1/><G1/><UN n1="%65%6C%75" /><T3/><D130/><U51/><E127/><V97/><F129/><W62/><G69/><T24/><D24/><U36/><E10/><V60/><F125/><W74/><G74/><T61/><D91/><U5/><E5/><V108/><F108/><W67/><G67/><T131/><D3/><U52/><E70/><V115/><F97/><W124/><G124/><T16/><D131/><U114/><E43/><V8/><F44/><W93/><G110/><T105/><D105/><U95/><E95/><V75/><F75/><W135/><G135/><T102/><D102/><U31/><E31/><V29/><F29/><W66/><G66/><T2/><D2/><U85/><E85/><V32/><F32/><W118/><G35/><T89/><D89/><U119/><E119/><V103/><F103/><W19/><G118/><T128/><D128/><U26/><E26/><V100/><F100/><W109/><REACH who="3" step="1"/><G109/><REACH who="3" ten="240,51,229,470" step="2"/><T28/><D78/><U83/><E114/><N who="2" m="43563" /><F56/><AGARI ba="0,1" hai="12,19,23,49,53,56,62,64,68,93,94,99,101,106" machi="56" ten="30,3900,0" yaku="1,1,7,1,52,1,53,0" doraHai="9" doraHaiUra="122" who="3" fromWho="2" sc="240,0,51,0,229,-39,470,49" /><INIT seed="6,0,0,0,5,59" ten="240,51,190,519" oya="2" hai0="60,41,88,90,99,31,78,108,100,12,109,80,16" hai1="94,123,83,126,0,35,103,102,125,50,15,38,10" hai2="84,61,43,75,49,37,82,32,71,133,96,63,112" hai3="9,57,77,7,34,29,17,79,117,58,92,27,51"/><V14/><F32/><W106/><G106/><T105/><D108/><U45/><E38/><V54/><F75/><W74/><G57/><T114/><D109/><U18/><E123/><V128/><F112/><W65/><G74/><T116/><D116/><U87/><E35/><V97/><F71/><W115/><G117/><T130/><D114/><U39/><E39/><V129/><F37/><W13/><G115/><T6/><D6/><U3/><E126/><V24/><F43/><W48/><G51/><T52/><D41/><U4/><E125/><V2/><F2/><W44/><G92/><T22/><D31/><U120/><E120/><V8/><F24/><W25/><G25/><T21/><D21/><U134/><E134/><V73/><F73/><W28/><G28/><T64/><D130/><N who="2" m="50282" /><F133/><W132/><G132/><T40/><D40/><U55/><E94/><V23/><F23/><N who="3" m="11695" /><G44/><T68/><REACH who="0" step="1"/><D52/><REACH who="0" ten="230,51,190,519" step="2"/><U113/><E113/><V85/><F8/><W121/><G121/><T66/><D66/><U19/><E3/><V70/><F14/><W69/><G9/><T81/><D81/><U95/><E95/><V86/><F82/><W1/><G7/><T11/><D11/><U33/><E33/><V20/><F20/><W76/><G1/><T89/><D89/><U98/><E0/><V67/><F67/><W93/><G65/><T36/><D36/><U62/><E62/><N who="2" m="23563" /><F70/><W131/><G69/><T124/><D124/><U30/><E30/><V5/><F5/><W101/><G131/><T53/><D53/><U119/><E119/><V72/><F72/><AGARI ba="0,1" hai="12,16,22,60,64,68,72,78,80,88,90,99,100,105" machi="72" ten="30,8000,1" yaku="1,1,7,1,52,1,54,2,53,0" doraHai="59" doraHaiUra="26" who="0" fromWho="2" sc="230,90,51,0,190,-80,519,0" /><INIT seed="7,0,0,0,3,116" ten="320,51,110,519" oya="3" hai0="115,13,30,78,113,27,59,107,109,57,14,103,92" hai1="81,97,17,55,71,6,123,18,16,128,23,119,64" hai2="29,94,124,49,82,125,45,2,129,40,122,86,61" hai3="46,75,85,26,117,104,68,133,73,79,69,19,118"/><W47/><G19/><T63/><D78/><U76/><E97/><V72/><F72/><W106/><G79/><T7/><D107/><U28/><E55/><V51/><F2/><W31/><G26/><T87/><D103/><U37/><E37/><V110/><F110/><W74/><G85/><T98/><D98/><U8/><E64/><V15/><F29/><W108/><G31/><T111/><D92/><U126/><E71/><N who="3" m="27210" /><G133/><T0/><D87/><U60/><E60/><V70/><F70/><W80/><G80/><T66/><D63/><U131/><E76/><V39/><F94/><W36/><G108/><T48/><D48/><U127/><E81/><V4/><F82/><W10/><G10/><T77/><D59/><U44/><E44/><N who="3" m="16938" /><G36/><T58/><D57/><U91/><E91/><V101/><F86/><W5/><G5/><T21/><D58/><U41/><E41/><V114/><F40/><W90/><G90/><T20/><D66/><U121/><E119/><AGARI ba="0,0" hai="73,74,75,104,106,117,118,119" m="16938,27210" machi="119" ten="40,3900,0" yaku="28,2" doraHai="116" who="3" fromWho="1" sc="320,0,51,-39,110,0,519,39" owari="320,12.0,12,-49.0,110,-29.0,558,66.0" /></mjloggm>