<mjloggm ver="2.3"><GO type="41"/><UN n0="%EF%BC%88%E2%89%A7%E2%96%BD%E2%89%A6%EF%BC%89" n1="%E3%82%A2%E3%82%B9%E3%82%BF%E3%83%8A" n2="%E7%97%B4%E5%91%86%E9%9B%80%E9%AC%BC" n3="%E3%81%AF%E3%81%A8%E3%81%95%E3%81%B6%E3%82%8C" dan="15,15,14,13" rate="1959,2008,1897,1901" sx="M,M,M,M"/><TAIKYOKU oya="0"/><INIT seed="0,0,0,3,5,59" ten="250,250,250,250" oya="0" hai0="55,131,122,25,34,89,77,74,125,101,79,42,5" hai1="134,94,15,26,112,68,61,57,35,118,69,102,120" hai2="27,7,128,46,44,13,91,73,41,0,96,50,72" hai3="14,56,58,64,90,2,6,117,83,126,32,76,82"/><T38/><D122/><U33/><E120/><V100/><F0/><W84/><G117/><T87/><D131/><U109/><E118/><V4/><F128/><W65/><G32/><T99/><D125/><U119/><E119/><V48/><F91/><W29/><G29/><T70/><D70/><U114/><E109/><V31/><F72/><W85/><G2/><T28/><D5/><U36/><E36/><V39/><F73/><W22/><G126/><T81/><D55/><U86/><E134/><V12/><F39/><W71/><G71/><T106/><REACH who="0" step="1"/><D74/><REACH who="0" ten="240,250,250,250" step="2"/><U116/><E69/><V67/><F67/><W1/><G65/><T63/><D63/><U127/><E68/><V78/><F4/><W104/><G64/><T132/><D132/><U98/><E127/><V62/><F62/><W18/><G6/><T16/><D16/><U24/><E116/><V113/><F7/><W37/><G18/><T53/><D53/><U88/><E114/><V135/><F113/><W9/><G1/><T92/><D92/><U11/><E112/><V40/><F135/><W107/><G104/><T75/><D75/><U23/><E61/><V103/><F78/><W97/><G107/><T20/><D20/><U10/><E23/><V49/><F49/><W45/><G76/><T30/><D30/><U51/><E94/><V3/><F3/><W121/><G37/><T66/><D66/><U47/><E51/><V110/><F110/><W17/><G121/><T54/><D54/><U95/><E95/><N who="2" m="58399" /><F103/><W8/><G17/><T80/><D80/><N who="1" m="49223" /><E102/><V123/><F123/><W130/><G83/><RYUUKYOKU ba="0,1" sc="240,15,250,-15,250,15,250,-15" hai0="25,28,34,38,42,77,79,81,87,89,99,101,106" hai2="12,13,27,31,40,41,44,46,48,50" /><INIT seed="0,1,1,4,4,9" ten="255,235,265,235" oya="0" hai0="111,117,46,101,103,38,133,19,122,22,7,120,74" hai1="29,126,40,41,58,125,135,102,12,50,81,14,42" hai2="109,30,130,77,72,75,105,123,49,106,95,48,2" hai3="15,85,32,28,70,63,26,27,68,55,124,13,25"/><T36/><D74/><U24/><E102/><V0/><F123/><W84/><G124/><N who="1" m="47722" /><E135/><V16/><F77/><W52/><G32/><T33/><D133/><U10/><E10/><V57/><F30/><W4/><G4/><T115/><D122/><U45/><E81/><V64/><F130/><W129/><G129/><T134/><D120/><U89/><E89/><V128/><F128/><W11/><G11/><T119/><D119/><U6/><E6/><V91/><F109/><W5/><G5/><T121/><D121/><U107/><E58/><V53/><F64/><W82/><G28/><T17/><D134/><U23/><E107/><V83/><F83/><W118/><G118/><T132/><D132/><U112/><E112/><V110/><F110/><W100/><G100/><T92/><D117/><U98/><E98/><V31/><F31/><W47/><G47/><T56/><D111/><U34/><E34/><V104/><F48/><W114/><G114/><T86/><D33/><U20/><E20/><V8/><F72/><W88/><G84/><T51/><D115/><U87/><E87/><V99/><REACH who="2" step="1"/><F75/><REACH who="2" ten="255,235,255,235" step="2"/><W39/><G39/><T67/><D36/><U66/><E66/><V80/><F80/><W65/><REACH who="3" step="1"/><G70/><REACH who="3" ten="255,235,255,225" step="2"/><T131/><D38/><U37/><E37/><V113/><F113/><W3/><G3/><T127/><D131/><U69/><E69/><V108/><F108/><W44/><G44/><T79/><D127/><U94/><E45/><V90/><F90/><W18/><G18/><T78/><D17/><U59/><E29/><V61/><F61/><W71/><G71/><RYUUKYOKU ba="1,3" sc="255,-15,235,-15,255,15,225,15" hai2="0,2,8,16,49,53,57,91,95,99,104,105,106" hai3="13,15,25,26,27,52,55,63,65,68,82,85,88" /><INIT seed="1,2,3,0,2,29" ten="240,220,270,240" oya="1" hai0="91,124,67,35,119,93,121,125,60,102,30,14,34" hai1="74,98,39,111,113,58,42,89,92,99,24,50,81" hai2="107,27,1,72,88,77,56,4,26,101,90,97,33" hai3="11,25,133,41,103,3,135,51,120,131,20,109,87"/><U57/><E113/><V38/><F38/><W96/><G120/><T13/><D119/><U55/><E39/><V22/><F56/><W63/><G63/><T61/><D121/><U76/><E42/><V5/><F1/><W104/><G109/><T7/><D102/><U54/><E111/><V100/><F100/><W53/><G41/><T36/><D36/><U115/><E115/><V47/><F47/><N who="3" m="27903" /><G131/><T49/><D49/><U128/><E128/><V118/><F118/><W0/><G87/><N who="0" m="52479" /><D30/><U71/><E71/><V117/><F117/><W78/><G78/><T2/><D2/><U75/><E75/><V32/><F26/><W40/><G40/><T62/><D67/><U8/><E8/><V94/><F90/><W82/><G11/><N who="0" m="4351" /><D14/><U83/><E83/><N who="2" m="45479" /><F4/><W66/><G82/><T70/><D70/><U52/><E24/><V129/><F5/><W15/><G15/><T126/><AGARI ba="2,3" hai="34,35,60,61,62,124,125,126" m="4351,52479" machi="126" ten="40,5200,0" yaku="18,1,52,2" doraHai="29" who="0" fromWho="0" sc="240,88,220,-28,270,-15,240,-15" /><INIT seed="2,0,0,5,4,95" ten="328,192,255,225" oya="2" hai0="102,34,44,125,87,129,104,62,81,3,135,99,27" hai1="119,124,59,10,40,6,36,76,116,134,56,118,91" hai2="55,111,11,66,13,16,28,30,7,1,19,114,92" hai3="39,52,120,132,64,65,126,9,2,86,106,90,61"/><V5/><F66/><W82/><G120/><T89/><D3/><U57/><E76/><V68/><F92/><W131/><G39/><T63/><D135/><U117/><N who="1" m="29696" /><DORA hai="109" /><U98/><E134/><V22/><F55/><W94/><G132/><T18/><D129/><U21/><E124/><V38/><F68/><W46/><G106/><T20/><D125/><U127/><E127/><V15/><F38/><W84/><G126/><T72/><D72/><U80/><E21/><N who="2" m="11407" /><F111/><W35/><G35/><T31/><REACH who="0" step="1"/><D44/><REACH who="0" ten="318,192,255,225" step="2"/><U60/><E36/><V75/><F75/><W93/><G131/><T79/><D79/><U53/><E40/><V133/><F133/><W123/><G123/><T113/><D113/><U85/><REACH who="1" step="1"/><E98/><REACH who="1" ten="318,182,255,225" step="2"/><V83/><F83/><W128/><G82/><T58/><D58/><U49/><E49/><V26/><F114/><W17/><G128/><T105/><D105/><U88/><E88/><V29/><F1/><AGARI ba="0,2" hai="1,6,10,53,56,57,59,60,80,85,91" m="29696" machi="1" ten="70,2300,0" yaku="1,1,53,0" doraHai="95,109" doraHaiUra="107,12" who="1" fromWho="2" sc="318,0,182,43,255,-23,225,0" /><INIT seed="3,0,0,1,1,129" ten="318,225,232,225" oya="3" hai0="126,134,57,88,73,26,13,121,89,107,24,85,127" hai1="82,84,87,91,6,119,28,103,76,22,96,81,48" hai2="18,112,132,65,106,40,71,41,115,130,2,118,133" hai3="100,59,80,10,135,97,11,90,128,111,67,60,74"/><W16/><G128/><T37/><D121/><U51/><E119/><V131/><F106/><W46/><G111/><T75/><D37/><U77/><E6/><V17/><F2/><W104/><G135/><N who="2" m="51785" /><F65/><W21/><G46/><T95/><D107/><U23/><E91/><V43/><F71/><W70/><G70/><T101/><D101/><U98/><REACH who="1" step="1"/><E28/><REACH who="1" ten="318,215,232,225" step="2"/><V58/><F118/><W64/><G90/><T110/><D134/><U113/><E113/><N who="2" m="43595" /><F58/><W83/><G59/><T49/><D57/><U125/><E125/><V42/><N who="2" m="10752" /><DORA hai="53" /><V105/><F105/><W66/><G104/><T35/><D127/><U114/><E114/><V44/><F44/><W9/><G66/><T52/><D126/><U62/><E62/><V72/><F72/><W7/><G60/><T123/><D75/><U30/><E30/><V38/><F38/><W47/><G74/><T31/><D73/><U39/><E39/><V63/><F63/><W1/><G47/><T14/><D31/><U36/><E36/><V55/><F55/><W27/><G64/><T69/><D52/><U54/><E54/><V99/><F99/><W86/><G67/><T122/><D122/><U45/><E45/><V124/><F124/><W92/><REACH who="3" step="1"/><G86/><REACH who="3" ten="318,215,232,215" step="2"/><N who="0" m="52631" /><D123/><U20/><E20/><V15/><F15/><W61/><G61/><T56/><D13/><U79/><E79/><V108/><F108/><W33/><G33/><T116/><D110/><U34/><E34/><V117/><F117/><W29/><G29/><T12/><D116/><U78/><E78/><V4/><F4/><W19/><G19/><AGARI ba="0,2" hai="17,18,19,130,131" m="10752,43595,51785" machi="19" ten="50,12000,2" yaku="28,2,20,1,52,3" doraHai="129,53" who="2" fromWho="3" sc="318,0,215,0,232,140,215,-120" /><INIT seed="4,0,0,1,2,134" ten="318,215,372,95" oya="0" hai0="29,104,112,2,88,36,69,96,129,9,61,57,49" hai1="124,4,35,24,7,20,40,128,50,126,83,62,87" hai2="15,46,76,82,68,92,63,130,90,52,33,89,99" hai3="71,91,84,106,3,94,95,19,48,117,17,22,103"/><T43/><D36/><U131/><E35/><V37/><F33/><W81/><G117/><T51/><D129/><N who="1" m="49739" /><E62/><V122/><F130/><W123/><G3/><T18/><D69/><U132/><E50/><V47/><F122/><W114/><G71/><T72/><D72/><U105/><E40/><V42/><F68/><W102/><G114/><T80/><D112/><U65/><E65/><V111/><F111/><W86/><G123/><T11/><D2/><U127/><E105/><V108/><F108/><W39/><G39/><T116/><D116/><U31/><E132/><V79/><F47/><W54/><G106/><T5/><D104/><U56/><E56/><V44/><F15/><W97/><G86/><T75/><D57/><U58/><E58/><V119/><F119/><W77/><G95/><T26/><D43/><U30/><E31/><V101/><F63/><W8/><G8/><T34/><D61/><U67/><E67/><V1/><F1/><W28/><G28/><T23/><D11/><U10/><E10/><V21/><F21/><W0/><G0/><T66/><D66/><U107/><E107/><V110/><F110/><W59/><REACH who="3" step="1"/><G19/><REACH who="3" ten="318,215,372,85" step="2"/><T12/><D18/><U133/><E133/><V93/><F93/><W125/><G125/><T113/><D113/><U32/><E32/><V135/><F37/><W109/><G109/><T100/><D34/><U64/><E64/><V74/><F135/><W121/><G121/><T60/><D9/><U38/><E38/><N who="2" m="21591" /><F79/><AGARI ba="0,1" hai="4,7,20,24,30,79,83,87,124,126,127" m="49739" machi="79" ten="40,8000,1" yaku="18,1,19,1,52,3" doraHai="134" who="1" fromWho="2" sc="318,0,215,90,372,-80,85,0" /><INIT seed="5,0,0,0,5,105" ten="318,305,292,85" oya="1" hai0="31,63,21,108,27,32,13,103,0,60,61,118,47" hai1="50,77,85,83,3,125,57,93,120,124,133,37,46" hai2="99,51,62,53,95,6,112,72,23,117,127,25,55" hai3="81,22,88,129,123,91,34,86,12,16,10,102,122"/><U80/><E3/><V19/><F72/><W82/><G34/><T52/><D118/><U98/><E120/><V87/><F117/><W26/><G102/><T115/><D108/><U97/><E37/><V30/><F112/><W101/><G101/><T75/><D0/><U116/><E57/><V7/><F127/><N who="1" m="48713" /><E116/><V65/><F87/><W134/><G134/><T89/><D115/><U24/><E133/><V84/><F84/><W130/><G82/><T48/><D75/><N who="1" m="43071" /><E93/><V69/><F55/><W29/><REACH who="3" step="1"/><G91/><REACH who="3" ten="318,305,292,75" step="2"/><T100/><D89/><N who="1" m="51391" /><E24/><V131/><F131/><AGARI ba="0,1" hai="10,12,16,22,26,29,81,86,88,122,123,129,130,131" machi="131" ten="40,8000,1" yaku="1,1,19,1,54,2,53,0" doraHai="105" doraHaiUra="43" who="3" fromWho="2" sc="318,0,305,0,292,-80,75,90" /><INIT seed="6,0,0,1,5,17" ten="318,305,212,165" oya="2" hai0="57,102,39,18,109,98,22,2,35,105,78,24,86" hai1="44,69,13,127,23,80,6,115,65,61,82,25,47" hai2="117,130,91,124,19,112,27,4,76,3,77,118,114" hai3="96,79,110,90,129,54,10,113,100,41,92,101,8"/><V20/><F91/><W46/><G110/><T93/><D109/><U16/><E115/><N who="2" m="44075" /><F77/><W37/><G113/><T64/><D39/><U48/><E127/><V74/><F76/><W126/><G126/><T43/><D2/><U95/><E95/><V33/><F74/><W75/><G129/><T15/><D43/><U38/><E38/><V60/><F60/><W34/><G34/><T111/><D111/><U30/><E6/><V29/><F124/><W53/><G100/><T52/><D64/><U70/><E69/><V0/><F130/><W104/><G10/><T94/><D35/><U132/><E132/><V97/><F97/><W32/><G8/><T50/><REACH who="0" step="1"/><D24/><REACH who="0" ten="308,305,212,165" step="2"/><U107/><E107/><V9/><F0/><W119/><G32/><T103/><D103/><U36/><E36/><V58/><F58/><W122/><G122/><T66/><D66/><U1/><E1/><V14/><AGARI ba="0,1" hai="3,4,9,14,19,20,27,29,33,117,118" m="44075" machi="14" ten="30,12000,1" yaku="24,1,15,1,34,2,52,1" doraHai="17" who="2" fromWho="2" sc="308,-40,305,-40,212,130,165,-40" /><INIT seed="6,1,0,1,4,37" ten="268,265,342,125" oya="2" hai0="56,89,94,114,124,4,95,55,107,21,46,29,67" hai1="91,132,28,35,103,73,7,104,68,102,92,0,33" hai2="105,43,109,13,12,101,66,54,97,120,10,88,87" hai3="65,84,32,61,63,85,62,116,113,93,82,128,119"/><V34/><F120/><W20/><G32/><T75/><D107/><U131/><E68/><V22/><F34/><W90/><G128/><T122/><D122/><U76/><E104/><V110/><F66/><W6/><G65/><T111/><D75/><U98/><E131/><V70/><F70/><W96/><G113/><T60/><D111/><N who="2" m="42506" /><F54/><W74/><G74/><T59/><D114/><U117/><E117/><V83/><F22/><W133/><G133/><T15/><D124/><U129/><E129/><V77/><F13/><W8/><G20/><T48/><D59/><U125/><E132/><V30/><F30/><W3/><REACH who="3" step="1"/><G85/><REACH who="3" ten="268,265,342,115" step="2"/><T115/><D115/><U118/><E73/><V36/><F10/><W50/><G50/><T24/><REACH who="0" step="1"/><D89/><AGARI ba="1,1" hai="3,6,8,61,62,63,82,84,89,90,93,96,116,119" machi="89" ten="40,2600,0" yaku="1,1,53,1" doraHai="37" doraHaiUra="78" who="3" fromWho="0" sc="268,-29,265,0,342,0,115,39" /><INIT seed="7,0,0,0,0,0" ten="239,265,342,154" oya="3" hai0="46,133,131,122,109,33,130,100,31,70,121,103,48" hai1="32,113,75,27,129,15,79,104,81,115,57,44,118" hai2="107,62,95,66,80,49,106,58,111,4,61,25,83" hai3="54,34,78,6,38,87,94,59,135,19,71,16,102"/><W26/><G38/><T56/><D33/><U90/><E104/><V9/><F111/><W68/><G135/><T72/><D31/><N who="1" m="19583" /><E129/><N who="0" m="49161" /><D72/><U69/><E69/><V14/><F25/><W88/><G6/><T86/><D109/><U42/><E118/><V53/><F62/><W134/><G134/><T43/><D133/><U105/><E105/><V1/><F1/><W52/><G54/><N who="0" m="31815" /><D86/><U24/><E15/><V89/><F107/><W3/><G3/><T110/><D110/><U73/><E57/><N who="2" m="37167" /><F106/><W101/><G78/><T124/><D124/><U127/><E127/><V74/><F74/><W5/><G5/><T36/><D103/><N who="3" m="39433" /><G68/><T39/><D100/><U85/><E24/><V77/><F77/><W10/><G71/><T64/><D36/><N who="1" m="21575" /><E79/><V45/><F45/><W40/><G40/><T123/><D123/><U7/><E7/><V21/><F21/><N who="3" m="13607" /><G34/><T29/><D29/><U8/><E73/><V50/><F50/><N who="3" m="31127" /><G19/><T82/><D122/><U20/><E75/><V93/><F93/><W28/><G28/><T60/><D121/><U41/><E41/><V2/><F2/><W55/><G55/><T96/><D82/><U125/><E125/><V98/><AGARI ba="0,0" hai="4,9,14,49,53,58,80,83,89,95,98" m="37167" machi="98" ten="30,2000,0" yaku="8,1,52,1" doraHai="0" who="2" fromWho="2" sc="239,-5,265,-5,342,20,154,-10" owari="234,-17.0,260,6.0,362,47.0,144,-36.0" /></mjloggm>