<mjloggm ver="2.3"><GO type="41"/><UN n0="%E3%81%9B%E3%81%84%E3%81%BC%E3%81%86" n1="%E7%8E%84%E6%9C%88%E5%BA%B5" n2="%E3%82%A6%E3%83%AB%E3%83%88%E3%83%A9%E7%AB%8B%E7%9B%B4" n3="%72%6F%75%74%65%31%34" dan="13,14,15,13" rate="1987,1950,2011,2077" sx="M,M,M,M"/><TAIKYOKU oya="0"/><INIT seed="0,0,0,5,0,1" ten="250,250,250,250" oya="0" hai0="62,27,115,116,22,118,16,107,84,110,68,52,57" hai1="125,3,86,94,24,37,129,0,135,98,122,91,18" hai2="96,72,90,82,93,124,77,2,55,79,34,50,65" hai3="21,132,43,88,108,74,85,60,9,103,120,56,128"/><T64/><D115/><U97/><E37/><V28/><F65/><W123/><G74/><T117/><D110/><U32/><E122/><N who="3" m="46634" /><G108/><T66/><D107/><U114/><E135/><V95/><F28/><W71/><G71/><T20/><D84/><U104/><E125/><V63/><F34/><W99/><G132/><T29/><REACH who="0" step="1"/><D68/><REACH who="0" ten="240,250,250,250" step="2"/><U14/><E114/><V39/><F124/><W38/><G128/><T53/><D53/><U30/><E129/><V4/><F72/><W70/><G70/><T49/><D49/><U119/><E119/><V44/><F63/><W15/><G43/><T17/><D17/><U89/><E104/><V101/><F39/><W111/><G38/><T130/><D130/><U6/><E6/><V35/><F55/><N who="3" m="33823" /><G111/><T105/><D105/><U133/><E133/><V131/><F50/><W11/><G99/><T73/><D73/><U48/><E48/><V126/><F96/><W10/><G103/><T58/><D58/><U80/><REACH who="1" step="1"/><E98/><REACH who="1" ten="240,240,250,250" step="2"/><V12/><F126/><W41/><G41/><T102/><D102/><U26/><E26/><AGARI ba="0,2" hai="16,20,22,26,27,29,52,57,62,64,66,116,117,118" machi="26" ten="40,18000,2" yaku="1,1,54,2,53,3" doraHai="1" doraHaiUra="112" who="0" fromWho="1" sc="240,200,240,-180,250,0,250,0" /><INIT seed="0,1,0,1,0,17" ten="440,60,250,250" oya="0" hai0="3,13,112,18,44,132,124,115,114,122,4,116,2" hai1="30,23,57,107,47,102,61,129,49,108,81,38,93" hai2="119,91,128,54,63,50,12,62,6,71,117,96,15" hai3="98,133,40,130,25,37,5,29,33,105,60,53,11"/><T82/><D122/><U125/><E107/><V100/><F91/><W0/><G130/><T101/><D116/><N who="2" m="44618" /><F128/><W45/><G133/><T58/><D132/><U113/><E108/><V10/><F15/><W99/><G105/><T42/><D124/><U75/><E129/><V106/><F71/><W28/><G28/><T97/><D82/><U64/><E125/><V36/><F36/><W48/><G60/><T31/><D31/><U39/><E113/><V120/><F120/><W41/><G40/><T84/><D84/><U65/><E65/><V123/><F123/><W78/><G78/><T16/><D58/><AGARI ba="1,0" hai="6,10,12,50,54,58,62,63,96,100,106" m="44618" machi="58" ten="30,1000,0" yaku="12,1" doraHai="17" who="2" fromWho="0" sc="440,-13,60,0,250,13,250,0" /><AGARI ba="1,0" hai="0,5,11,25,29,33,37,41,45,48,53,58,98,99" machi="58" ten="30,1000,0" yaku="7,1" doraHai="17" who="3" fromWho="0" sc="427,-10,60,0,263,0,250,10" /><INIT seed="1,0,0,5,5,25" ten="417,60,263,260" oya="1" hai0="92,119,95,32,56,115,14,89,129,24,102,111,68" hai1="15,126,123,74,112,135,132,90,46,7,41,53,128" hai2="80,125,34,130,87,133,69,91,10,103,3,58,104" hai3="31,67,62,47,64,83,33,26,38,93,76,79,4"/><U11/><E74/><V2/><F69/><W1/><G79/><T134/><D68/><U57/><E123/><V118/><F3/><W71/><G64/><T77/><D119/><U29/><E112/><V131/><F10/><N who="3" m="2319" /><G93/><T23/><D115/><U48/><E126/><V99/><F2/><W54/><G54/><T114/><D114/><U113/><E113/><V35/><F118/><W116/><G116/><T27/><D111/><U81/><E128/><N who="2" m="49195" /><F125/><W78/><G78/><T28/><D129/><U42/><E90/><V96/><F133/><W50/><G50/><T109/><D109/><U88/><E29/><V16/><F58/><W105/><G47/><T20/><D134/><N who="1" m="51243" /><E57/><V19/><F96/><W66/><G66/><T85/><D56/><U43/><E43/><V39/><F39/><W9/><G9/><T72/><D72/><U8/><E8/><V51/><F51/><W65/><G65/><T49/><D49/><U40/><E40/><V70/><F70/><W94/><G94/><T21/><D77/><U22/><E22/><V52/><F52/><W124/><G124/><T86/><D102/><U60/><E60/><V13/><F91/><W45/><G45/><T63/><D63/><U120/><E120/><V73/><F73/><N who="3" m="43407" /><G105/><T122/><D122/><U106/><E106/><V117/><F117/><W6/><G6/><T36/><D36/><AGARI ba="0,0" hai="26,31,33,36,38,62,67,71" m="43407,2319" machi="36" ten="30,3900,0" yaku="33,2,52,1" doraHai="25" who="3" fromWho="0" sc="417,-39,60,0,263,0,260,39" /><INIT seed="2,0,0,5,1,108" ten="378,60,263,299" oya="2" hai0="16,67,64,132,47,55,1,93,28,97,10,130,36" hai1="79,101,32,110,31,41,83,119,7,20,111,59,30" hai2="70,80,117,87,104,74,25,50,9,134,98,3,100" hai3="23,103,115,81,5,73,124,53,35,76,107,129,91"/><V43/><F117/><W118/><G118/><T95/><D132/><U0/><E101/><V89/><F70/><W46/><G35/><T102/><D130/><U86/><E119/><V128/><F128/><W126/><G5/><T49/><D36/><U92/><E92/><V106/><F134/><W116/><G116/><T27/><D1/><U54/><E41/><V11/><F3/><W135/><G129/><T90/><D10/><U29/><E32/><V105/><F74/><W131/><G131/><T77/><D77/><U78/><E78/><V40/><F40/><W18/><G135/><T42/><D42/><U133/><E133/><V15/><F25/><W61/><G91/><T120/><D120/><U24/><E7/><V109/><F109/><N who="1" m="41481" /><E0/><V26/><F26/><W65/><G53/><T8/><D28/><U113/><E113/><V39/><F39/><W94/><G46/><T12/><REACH who="0" step="1"/><D27/><REACH who="0" ten="368,60,263,299" step="2"/><U88/><E79/><V122/><F122/><W52/><G126/><T125/><D125/><U63/><AGARI ba="0,1" hai="20,24,29,30,31,54,59,63,83,86,88" m="41481" machi="63" ten="30,2000,0" yaku="14,1,54,1" doraHai="108" who="1" fromWho="1" sc="368,-5,60,30,263,-10,299,-5" /><INIT seed="3,0,0,2,5,76" ten="363,90,253,294" oya="3" hai0="72,57,37,83,8,111,47,120,10,55,43,97,114" hai1="1,17,73,25,26,48,13,2,113,35,28,46,95" hai2="129,115,99,36,121,45,118,127,117,32,22,134,103" hai3="38,60,100,94,81,78,40,68,63,34,106,6,30"/><W24/><G94/><T105/><D120/><U122/><E73/><V29/><F22/><W75/><G6/><T96/><D111/><U42/><E122/><V82/><F29/><W112/><G112/><T39/><D114/><U101/><E113/><V33/><F45/><W124/><G124/><T19/><D39/><U133/><E133/><V41/><F41/><W50/><G50/><T49/><D105/><U74/><E74/><V7/><F7/><W130/><G130/><T9/><REACH who="0" step="1"/><D19/><REACH who="0" ten="353,90,253,294" step="2"/><U135/><E135/><V67/><F115/><W116/><G116/><T52/><D52/><U12/><E17/><V11/><F36/><W80/><G38/><T14/><D14/><U16/><E12/><V90/><F121/><W98/><G40/><T107/><D107/><U104/><E104/><V89/><F118/><W66/><G63/><T31/><D31/><U71/><E25/><V65/><F134/><W86/><G80/><T119/><D119/><U44/><E2/><V20/><F82/><W77/><G75/><T93/><D93/><U109/><E1/><V5/><F117/><W69/><G77/><AGARI ba="0,1" hai="8,9,10,37,43,47,49,55,57,72,77,83,96,97" machi="77" ten="40,5200,0" yaku="1,1,52,1,53,1" doraHai="76" doraHaiUra="51" who="0" fromWho="3" sc="353,62,90,0,253,0,294,-52" /><INIT seed="4,0,0,5,5,116" ten="415,90,253,242" oya="0" hai0="101,51,106,122,94,0,124,50,63,10,43,111,46" hai1="16,40,119,32,109,134,76,78,39,102,59,26,20" hai2="89,88,48,53,49,31,6,108,38,77,29,68,132" hai3="9,19,27,60,100,33,93,83,3,99,57,91,28"/><T92/><D122/><U70/><E109/><V84/><F38/><W44/><G44/><T115/><D111/><U18/><E119/><V64/><F108/><W58/><G57/><T80/><D115/><U87/><E70/><V47/><F132/><W4/><G83/><T131/><D131/><U11/><E32/><V105/><F105/><W61/><G100/><T21/><D124/><U15/><E134/><V107/><F107/><W112/><G112/><T2/><D106/><U97/><E87/><V41/><F77/><W118/><G118/><T123/><D123/><U81/><E81/><V69/><F6/><W23/><REACH who="3" step="1"/><G58/><REACH who="3" ten="415,90,253,232" step="2"/><T133/><D133/><U74/><E74/><V52/><F41/><W37/><G37/><T127/><D80/><U13/><E59/><V117/><F117/><W126/><G126/><T24/><D127/><U1/><E39/><V82/><F89/><W103/><G103/><T120/><D120/><U22/><E40/><V12/><F68/><W17/><G17/><T34/><D43/><U114/><E114/><V73/><F73/><W98/><G98/><T14/><D46/><U8/><E1/><V62/><F49/><W36/><G36/><T110/><D110/><U113/><E113/><V96/><F96/><W104/><G104/><T135/><D135/><U25/><E102/><V66/><F53/><W30/><G30/><T130/><D101/><U42/><E42/><V72/><F72/><W71/><G71/><T129/><D129/><U79/><E79/><V55/><F55/><W7/><G7/><T45/><D130/><U86/><E97/><RYUUKYOKU ba="0,1" sc="415,-15,90,15,253,-15,232,15" hai1="8,11,13,15,16,18,20,22,25,26,76,78,86" hai3="3,4,9,19,23,27,28,33,60,61,91,93,99" /><INIT seed="5,1,1,1,3,27" ten="400,105,238,247" oya="1" hai0="37,128,66,34,31,121,123,41,18,78,57,56,1" hai1="16,76,92,6,79,12,105,85,114,72,107,51,45" hai2="4,117,129,124,0,36,19,99,113,97,24,3,120" hai3="53,125,40,135,70,95,21,42,82,58,94,132,104"/><U20/><E114/><V81/><F36/><W111/><G111/><T39/><D128/><U112/><E112/><V130/><F113/><W91/><G104/><T103/><D1/><U28/><E72/><V5/><F81/><W68/><G125/><T119/><D119/><U118/><E118/><V61/><F61/><W131/><G21/><T38/><D78/><U126/><E126/><V52/><F52/><W88/><G82/><T32/><D103/><U90/><E105/><V102/><F102/><W83/><G83/><T93/><D93/><N who="3" m="35337" /><G131/><N who="2" m="50185" /><F19/><W35/><G35/><T62/><D18/><U98/><E107/><V60/><F60/><W23/><G23/><T96/><D96/><N who="2" m="36938" /><F24/><W108/><G108/><T59/><D41/><N who="3" m="15977" /><G58/><N who="0" m="37207" /><D31/><U55/><E98/><V115/><F115/><W75/><G53/><T7/><D7/><N who="2" m="2634" /><F124/><W106/><G106/><T54/><D54/><U8/><REACH who="1" step="1"/><E28/><REACH who="1" ten="400,95,238,247" step="2"/><V134/><F117/><W127/><G75/><T77/><D123/><U100/><E100/><V87/><F120/><W74/><G74/><T11/><D121/><U43/><E43/><V86/><F134/><N who="3" m="51243" /><G127/><T47/><D77/><U48/><E48/><V14/><F87/><W69/><AGARI ba="1,2" hai="68,69,70,88,91" m="51243,15977,35337" machi="69" ten="40,8000,1" yaku="28,2,20,1,54,1" doraHai="27" who="3" fromWho="3" sc="400,-21,95,-41,238,-21,247,103" /><INIT seed="6,0,0,5,2,119" ten="379,54,217,350" oya="2" hai0="39,76,32,42,56,23,43,73,69,66,133,29,100" hai1="12,31,52,98,1,124,57,120,44,96,9,28,40" hai2="90,34,26,0,94,74,111,110,6,106,123,65,72" hai3="8,102,89,86,97,135,18,105,121,93,21,62,78"/><V24/><F65/><W81/><G135/><T47/><D133/><U75/><E1/><V10/><F106/><W71/><G121/><T87/><D73/><N who="2" m="28266" /><F90/><W109/><G109/><N who="2" m="41481" /><F94/><W85/><G8/><T70/><D32/><U17/><E75/><V104/><F104/><W68/><REACH who="3" step="1"/><G62/><REACH who="3" ten="379,54,217,340" step="2"/><T84/><D70/><U55/><E120/><V38/><F123/><W11/><G11/><T27/><D69/><U2/><E124/><V134/><F134/><W92/><G92/><T128/><D128/><U129/><E129/><V108/><F108/><W114/><G114/><T131/><D131/><U101/><E2/><V50/><F38/><W35/><G35/><T7/><D39/><U33/><E33/><V19/><F34/><W99/><G99/><T95/><D95/><U14/><E98/><V130/><F130/><W4/><G4/><T36/><D7/><U107/><E14/><AGARI ba="0,1" hai="14,18,21,68,71,78,81,85,86,89,93,97,102,105" machi="14" ten="30,2000,0" yaku="1,1,7,1,53,0" doraHai="119" doraHaiUra="126" who="3" fromWho="1" sc="379,0,54,-20,217,0,340,30" /><INIT seed="7,0,0,3,3,107" ten="379,34,217,370" oya="3" hai0="105,7,24,109,98,114,130,38,89,106,32,15,23" hai1="81,70,121,14,29,22,61,8,120,36,125,18,25" hai2="52,104,33,54,64,97,39,13,73,76,62,58,31" hai3="49,85,67,40,72,27,127,30,35,45,135,21,57"/><W133/><G127/><T69/><D109/><U71/><E36/><V131/><F39/><W112/><G112/><T10/><D114/><U42/><E42/><V88/><F131/><W16/><G85/><T132/><D130/><U103/><E103/><V11/><F31/><W66/><G72/><T9/><D132/><N who="3" m="50761" /><G57/><T100/><D38/><U65/><E71/><V44/><F33/><W99/><G99/><T82/><D69/><U46/><E46/><V101/><F44/><W95/><G95/><T19/><D32/><U115/><E115/><V50/><F50/><W118/><G118/><T116/><D116/><U2/><E125/><V4/><F76/><W87/><G87/><T124/><D124/><U1/><E81/><V83/><F83/><W55/><G40/><T41/><D41/><U74/><E2/><V126/><F126/><W94/><G94/><T123/><D123/><U108/><E108/><V119/><F119/><W6/><G6/><T113/><D113/><U79/><E79/><V60/><F88/><W92/><G92/><T47/><D47/><U12/><E12/><AGARI ba="0,0" hai="12,16,21,27,30,35,45,49,55,66,67" m="50761" machi="12" ten="30,2900,0" yaku="20,1,54,1" doraHai="107" who="3" fromWho="1" sc="379,0,34,-29,217,0,370,29" owari="379,18.0,5,-49.0,217,-18.0,399,49.0" /></mjloggm>