<mjloggm ver="2.3"><GO type="225"/><UN n0="%45%53%54%69" n1="%E3%83%9A%E3%83%81%E3%83%A7%E3%83%BC%E3%83%AA%E3%83%B3" n2="%EF%BC%88%E2%89%A7%E2%96%BD%E2%89%A6%EF%BC%89" n3="%E3%83%84%E3%82%AB%E3%83%B3%E3%83%9D%E3%83%97" dan="17,17,16,16" rate="2143,2159,2032,2023" sx="M,M,M,M"/><TAIKYOKU oya="0"/><INIT seed="0,0,0,2,0,25" ten="250,250,250,250" oya="0" hai0="84,114,131,132,128,65,31,67,49,4,88,14,76" hai1="35,51,18,118,68,116,127,90,103,94,64,66,3" hai2="95,125,33,135,61,29,9,81,108,23,36,93,22" hai3="97,115,85,96,105,58,0,121,89,12,74,126,123"/><T113/><D76/><U92/><E3/><V13/><F36/><W26/><G0/><T99/><D99/><N who="1" m="59895" /><E35/><V30/><F135/><W91/><G74/><T7/><D132/><U77/><E68/><V54/><F125/><W110/><G126/><T106/><D106/><U45/><E127/><V46/><F81/><W38/><G38/><T129/><D49/><U42/><E118/><V2/><F2/><W111/><G12/><T124/><D124/><U63/><E77/><V73/><F73/><W10/><G10/><T27/><D65/><N who="1" m="25195" /><E116/><V72/><F72/><W79/><G26/><T109/><D67/><U17/><E63/><V83/><F33/><W16/><G16/><T71/><D71/><U78/><E78/><V53/><F61/><W69/><G58/><T28/><D109/><N who="3" m="41481" /><G69/><T55/><D55/><N who="2" m="21002" /><F108/><W32/><G32/><T101/><D114/><U43/><E43/><V34/><F34/><W133/><G133/><T60/><D113/><U82/><E82/><V37/><F83/><N who="3" m="47359" /><G115/><T52/><D129/><U57/><E57/><V50/><F37/><W47/><G47/><T102/><D131/><U19/><E19/><N who="2" m="8623" /><F46/><W39/><G39/><T117/><D128/><U70/><E70/><V41/><F50/><W86/><G105/><T120/><D117/><U24/><E24/><N who="2" m="16535" /><F41/><W15/><G15/><T11/><D14/><U21/><E21/><V119/><F119/><W98/><G86/><AGARI ba="0,0" hai="17,18,42,45,51,86,90,92" m="25195,59895" machi="86" ten="30,1000,0" yaku="8,1" doraHai="25" who="1" fromWho="3" sc="250,0,250,10,250,0,250,-10" /><INIT seed="1,0,0,4,3,8" ten="250,260,250,240" oya="1" hai0="82,122,104,92,127,40,27,91,13,113,72,77,46" hai1="121,81,15,12,14,17,116,73,114,134,94,55,10" hai2="26,20,43,4,97,95,105,47,83,96,98,1,29" hai3="75,99,28,24,34,68,110,118,88,41,109,38,79"/><U44/><E114/><V30/><F105/><W108/><G68/><T35/><D104/><U80/><E121/><V0/><F30/><W132/><G132/><T51/><D113/><U133/><E116/><V62/><F83/><N who="1" m="31817" /><E73/><V123/><F123/><W60/><G79/><T67/><D127/><U101/><E101/><V61/><F95/><N who="3" m="56807" /><G75/><T103/><D103/><U25/><E94/><V7/><F1/><W3/><G3/><T56/><D122/><U85/><E85/><V11/><REACH who="2" step="1"/><F7/><REACH who="2" ten="250,260,240,240" step="2"/><W93/><G93/><T70/><D92/><U48/><E134/><V49/><AGARI ba="0,1" hai="0,4,11,20,26,29,43,47,49,61,62,96,97,98" machi="49" ten="30,7900,0" yaku="1,1,2,1,0,1,53,1" doraHai="8" doraHaiUra="5" who="2" fromWho="2" sc="250,-20,260,-39,240,89,240,-20" /><INIT seed="2,0,0,0,1,85" ten="230,221,329,220" oya="2" hai0="128,112,49,116,46,68,33,98,34,107,92,127,134" hai1="60,118,67,93,8,113,66,104,77,30,119,55,83" hai2="51,24,96,2,124,131,73,50,17,123,5,38,115" hai3="114,36,74,72,91,42,122,1,21,41,94,7,15"/><V84/><F38/><W0/><G122/><T110/><RYUUKYOKU type="yao9" ba="0,0" sc="230,0,221,0,329,0,220,0" hai0="33,34,46,49,68,92,98,107,110,112,116,127,128,134" /><INIT seed="2,1,0,0,3,77" ten="230,221,329,220" oya="2" hai0="39,67,94,82,53,119,68,57,28,100,35,17,83" hai1="16,99,0,48,25,114,40,36,101,104,46,107,45" hai2="76,111,129,78,70,15,62,113,116,112,117,105,4" hai3="128,91,2,34,133,13,71,10,54,61,20,55,79"/><V56/><F70/><W130/><G34/><T43/><D119/><U126/><E0/><V33/><F33/><W84/><G79/><T109/><D109/><U127/><E114/><V32/><F32/><W31/><G2/><T21/><D28/><U85/><E104/><V123/><F105/><W102/><G102/><T108/><D35/><U51/><E85/><V19/><F4/><W1/><G1/><T52/><D108/><U60/><E60/><V44/><F44/><W11/><G133/><T41/><D68/><U18/><E36/><V110/><F123/><W122/><G122/><T87/><D39/><U81/><E81/><N who="0" m="30729" /><D67/><U75/><E75/><V47/><F111/><W8/><G71/><T27/><D53/><N who="3" m="19977" /><G61/><N who="0" m="36007" /><D87/><U80/><E80/><V7/><F110/><W26/><G128/><T5/><D5/><U49/><E25/><V73/><F129/><W22/><G130/><T89/><D89/><U14/><E40/><V23/><F113/><W132/><G132/><T93/><D93/><U29/><E29/><V37/><F112/><W65/><G65/><T92/><D92/><U115/><E115/><V12/><F37/><W50/><G50/><T125/><D125/><N who="1" m="47627" /><E18/><V88/><F19/><N who="3" m="10351" /><G91/><T135/><D135/><U134/><E134/><V96/><F117/><W86/><AGARI ba="1,0" hai="8,10,11,22,26,31,84,86" m="10351,19977" machi="86" ten="30,1100,0" yaku="8,1" doraHai="77" who="3" fromWho="3" sc="230,-4,221,-4,329,-6,220,14" /><INIT seed="3,0,0,2,0,33" ten="226,217,323,234" oya="3" hai0="79,22,68,129,67,107,80,108,117,89,21,20,134" hai1="13,124,44,96,36,23,54,95,115,99,39,6,112" hai2="1,49,122,42,111,127,71,87,38,84,59,128,35" hai3="100,4,133,9,50,34,62,116,52,63,114,41,86"/><W105/><G34/><T53/><D117/><U56/><E124/><V113/><RYUUKYOKU type="yao9" ba="0,0" sc="226,0,217,0,323,0,234,0" hai2="1,35,38,42,49,59,71,84,87,111,113,122,127,128" /><INIT seed="3,1,0,0,3,111" ten="226,217,323,234" oya="3" hai0="106,42,123,32,85,92,16,56,24,38,107,13,83" hai1="102,21,27,110,75,8,132,1,130,14,15,48,62" hai2="34,9,70,115,47,72,104,68,124,18,64,96,44" hai3="29,37,74,5,25,20,90,66,80,33,86,63,46"/><W28/><G74/><T97/><D123/><U99/><E75/><V2/><F34/><W128/><G128/><T122/><D122/><U103/><E130/><V88/><F72/><W89/><G5/><T105/><D56/><U117/><E110/><V45/><F115/><W79/><G33/><T120/><D120/><U125/><E117/><V109/><F109/><W12/><G12/><T82/><D42/><U73/><E73/><V3/><F3/><W135/><G135/><T36/><D24/><U65/><E132/><V59/><F124/><W119/><G29/><T31/><D31/><N who="1" m="17903" /><E125/><V71/><F104/><W7/><G7/><T49/><D32/><U118/><E118/><V17/><F2/><W112/><G112/><T22/><D49/><U100/><E1/><V108/><F108/><W134/><G134/><T30/><D30/><U121/><E121/><V126/><F126/><W101/><G101/><N who="1" m="39018" /><E48/><V53/><F45/><W84/><G84/><T60/><D60/><U40/><E40/><V10/><F53/><W55/><G119/><T54/><D54/><U51/><E51/><V58/><F64/><W39/><G39/><T52/><D52/><U26/><E26/><V76/><F17/><W23/><G55/><T95/><D36/><U69/><E8/><V129/><F129/><W61/><G23/><T93/><D38/><U41/><E41/><V67/><F9/><W113/><G113/><T91/><D97/><U43/><E43/><V57/><F96/><W98/><G98/><T11/><D11/><U131/><E131/><V81/><F67/><W133/><G133/><RYUUKYOKU ba="1,0" sc="226,15,217,15,323,-15,234,-15" hai0="13,16,22,82,83,85,91,92,93,95,105,106,107" hai1="14,15,62,65,69,99,103" owari="241,4.0,232,-17.0,308,41.0,219,-28.0" /></mjloggm>