<mjloggm ver="2.3"><GO type="41"/><UN n0="%6B%65%6E%77%65%73%74" n1="%E3%82%A6%E3%83%AB%E3%83%88%E3%83%A9%E7%AB%8B%E7%9B%B4" n2="%71%77%65%71%77%65%33" n3="%E4%B8%AD%E3%81%AE%E4%B8%8A" dan="13,15,14,14" rate="1831,2015,1859,2006" sx="M,M,M,M"/><TAIKYOKU oya="0"/><INIT seed="0,0,0,3,4,99" ten="250,250,250,250" oya="0" hai0="77,28,134,86,46,16,125,72,100,53,59,14,79" hai1="25,67,22,97,105,124,35,129,84,62,20,9,73" hai2="52,108,33,74,90,94,29,1,41,64,6,26,119" hai3="116,109,75,7,96,126,21,23,131,56,10,47,37"/><T65/><D72/><U12/><E73/><V91/><F74/><W76/><G116/><T34/><D65/><U92/><E84/><V50/><F64/><W98/><G56/><T127/><D46/><U63/><E63/><V36/><F119/><W68/><G68/><T17/><D17/><U30/><E124/><N who="0" m="47689" /><D100/><U78/><E78/><N who="0" m="29705" /><D86/><U31/><E31/><V48/><F36/><W110/><G37/><T120/><D120/><U27/><E27/><V18/><F108/><W95/><G47/><T123/><D123/><U80/><E80/><V24/><F41/><W117/><G126/><T118/><D118/><U82/><E82/><V39/><F39/><W71/><G117/><T128/><D128/><U43/><E129/><V107/><F107/><W45/><G131/><T103/><D103/><U130/><E130/><V55/><F6/><W66/><G45/><T8/><D134/><U51/><E43/><V81/><F1/><N who="3" m="367" /><G75/><T15/><D15/><U19/><E105/><V88/><F81/><W38/><G66/><T5/><D5/><U4/><E4/><V60/><F94/><W113/><G95/><T114/><D114/><U44/><E92/><V112/><F112/><W57/><G113/><T121/><D121/><U93/><E93/><V106/><F106/><W32/><G98/><T49/><D34/><U3/><E97/><V104/><F104/><W102/><G96/><T11/><D11/><U58/><E3/><V42/><F42/><W89/><G110/><T133/><D133/><U132/><E132/><V13/><F55/><W69/><G109/><T70/><D70/><RYUUKYOKU ba="0,0" sc="250,15,250,15,250,-15,250,-15" hai0="8,14,16,28,49,53,59" hai1="9,12,19,20,22,25,30,35,44,51,58,62,67" /><INIT seed="0,1,0,1,3,55" ten="265,265,235,235" oya="0" hai0="109,47,114,122,19,35,79,88,7,103,20,30,21" hai1="36,76,27,96,31,133,125,78,1,18,77,97,135" hai2="119,38,43,12,70,54,66,25,100,113,29,123,74" hai3="129,120,80,56,130,116,44,101,24,117,90,62,22"/><T132/><D122/><U42/><E1/><V46/><F113/><W0/><G0/><T89/><D114/><U63/><E42/><V3/><F100/><W69/><G69/><T95/><D79/><U126/><E18/><V13/><F123/><W23/><G101/><T105/><D105/><U92/><E36/><V131/><F119/><W33/><G33/><T75/><D75/><U81/><E81/><V121/><F121/><W45/><G120/><T118/><D118/><U115/><E115/><V10/><F131/><N who="3" m="50187" /><G45/><T17/><D35/><U65/><E27/><V58/><F74/><W52/><G44/><T84/><D7/><U104/><E31/><V11/><F3/><W128/><G128/><T9/><D9/><U134/><E104/><V86/><F86/><N who="3" m="50503" /><G23/><T111/><D103/><U16/><E92/><V60/><F10/><W8/><G8/><T64/><D47/><U98/><E16/><AGARI ba="1,0" hai="16,22,24,52,56,62,116,117" m="50503,50187" machi="16" ten="30,7700,0" yaku="19,1,52,1,54,2" doraHai="55" who="3" fromWho="1" sc="265,0,265,-80,235,0,235,80" /><INIT seed="1,0,0,2,5,125" ten="265,185,235,315" oya="1" hai0="111,50,60,135,56,52,67,74,86,114,93,37,84" hai1="51,23,87,103,13,36,128,16,46,6,2,112,26" hai2="78,58,15,9,88,94,24,5,115,102,118,11,34" hai3="0,66,85,104,76,14,53,28,129,64,55,62,31"/><U29/><E36/><V80/><F118/><W38/><G0/><T119/><D74/><U40/><E112/><V90/><F115/><W77/><G38/><T133/><D37/><U117/><E117/><V131/><F131/><W83/><G104/><T132/><D119/><U32/><E128/><V127/><F127/><W7/><G129/><T21/><D114/><U107/><E103/><V54/><F102/><W17/><G7/><T73/><D73/><U126/><E107/><V12/><F34/><W19/><G14/><T22/><D111/><U101/><E101/><V4/><F24/><W108/><G108/><T134/><N who="0" m="34304" /><DORA hai="95" /><T30/><D93/><U116/><E116/><V92/><F78/><W109/><G109/><T120/><D120/><U43/><E126/><V44/><F44/><W35/><G35/><T1/><D1/><U122/><E122/><V61/><F80/><W91/><G83/><T33/><D33/><U106/><E106/><V70/><F70/><W45/><G45/><N who="0" m="27727" /><D30/><U8/><REACH who="1" step="1"/><E87/><AGARI ba="0,0" hai="21,22,56,60,67,84,86,87" m="27727,34304" machi="87" ten="60,3900,0" yaku="20,1,54,1" doraHai="125,95" who="0" fromWho="1" sc="265,39,185,-39,235,0,315,0" /><INIT seed="2,0,0,3,2,88" ten="304,146,235,315" oya="2" hai0="69,42,77,13,78,92,124,31,17,23,40,80,0" hai1="7,15,73,62,101,94,105,68,19,96,74,35,75" hai2="65,38,64,90,51,128,91,111,18,36,54,24,130" hai3="21,118,6,134,125,127,83,66,119,1,107,25,116"/><V29/><F18/><W58/><G107/><T86/><D69/><U95/><E7/><V70/><F111/><W99/><G83/><T102/><D124/><N who="3" m="47689" /><G66/><N who="2" m="25705" /><F70/><W16/><G58/><T79/><D0/><U46/><E68/><V132/><F29/><W20/><G99/><N who="0" m="59751" /><D31/><U39/><E35/><V44/><F24/><N who="3" m="14343" /><G134/><T10/><D10/><U135/><E135/><V59/><F132/><W47/><G47/><T43/><AGARI ba="0,0" hai="13,17,23,40,42,43,77,78,79,80,86" m="59751" machi="43" ten="30,2000,0" yaku="8,1,52,1" doraHai="88" who="0" fromWho="0" sc="304,20,146,-5,235,-10,315,-5" /><INIT seed="3,0,0,1,2,121" ten="324,141,225,310" oya="3" hai0="112,14,39,24,119,6,11,41,102,99,53,106,58" hai1="133,22,38,2,43,116,46,128,100,103,48,77,21" hai2="111,79,49,132,4,135,1,7,33,31,0,28,91" hai3="17,76,92,104,113,75,96,97,78,80,88,65,123"/><W64/><G123/><T47/><D119/><U87/><E116/><V70/><F70/><W98/><G113/><T86/><D112/><U50/><E128/><V60/><F79/><W120/><G120/><T44/><D44/><U82/><E133/><N who="2" m="51275" /><F91/><W12/><G78/><T68/><D68/><U107/><E2/><N who="2" m="1131" /><F60/><W29/><G29/><N who="2" m="11337" /><F49/><W3/><G104/><T73/><D73/><U67/><E67/><V18/><F33/><W10/><REACH who="3" step="1"/><G3/><REACH who="3" ten="324,141,225,300" step="2"/><T9/><D106/><U16/><E107/><V26/><F111/><W101/><G101/><T34/><D102/><U134/><E134/><V51/><F51/><W19/><G19/><T110/><D110/><U114/><E114/><V129/><F129/><W81/><G81/><T117/><D117/><U62/><E62/><V30/><N who="2" m="11345" /><V130/><DORA hai="115" /><F130/><W66/><AGARI ba="0,1" hai="10,12,17,64,65,66,75,76,80,88,92,96,97,98" machi="66" ten="30,11700,0" yaku="1,1,0,1,54,1,53,1" doraHai="121,115" doraHaiUra="71,105" who="3" fromWho="3" sc="324,-39,141,-39,225,-39,300,127" /><INIT seed="3,1,0,3,0,51" ten="285,102,186,427" oya="3" hai0="87,38,78,94,97,25,13,19,124,119,69,65,66" hai1="67,89,8,31,18,35,4,50,99,0,48,75,29" hai2="118,71,135,36,100,15,7,103,93,79,43,107,26" hai3="130,73,59,28,49,105,32,123,64,9,113,82,76"/><W34/><G123/><T1/><D119/><U121/><E75/><V120/><F118/><W95/><G105/><T91/><D1/><U21/><E67/><V45/><F135/><W131/><G113/><T96/><D38/><U52/><E50/><V126/><F71/><W11/><G95/><T114/><D114/><U33/><E121/><V41/><F120/><W47/><G64/><T5/><D124/><U90/><E33/><N who="3" m="12906" /><G28/><T106/><D69/><U134/><E134/><V127/><F26/><W112/><G59/><T10/><D106/><U80/><E35/><V23/><F79/><W6/><G6/><T77/><D97/><U101/><E89/><V125/><F107/><W30/><G30/><T54/><D54/><U12/><E101/><V3/><F93/><W53/><G112/><T40/><D40/><U104/><E104/><V39/><F3/><W16/><G16/><T133/><D133/><U129/><E129/><AGARI ba="1,0" hai="9,11,47,49,53,73,76,82,129,130,131" m="12906" machi="129" ten="30,2900,0" yaku="19,1,52,1" doraHai="51" who="3" fromWho="1" sc="285,0,102,-32,186,0,427,32" /><INIT seed="3,2,0,2,3,12" ten="285,70,186,459" oya="3" hai0="51,18,22,57,53,13,120,72,28,52,110,37,81" hai1="135,32,90,119,92,30,131,126,42,86,1,29,121" hai2="24,63,112,50,69,95,79,82,105,40,114,80,65" hai3="56,125,102,0,15,83,61,60,41,55,123,111,2"/><W67/><G123/><T31/><D37/><U117/><E42/><V68/><F105/><W11/><G125/><T62/><D120/><U108/><E30/><V23/><F69/><W64/><G41/><T132/><D132/><U124/><E29/><V44/><F95/><W36/><G36/><T100/><D100/><U33/><E86/><V107/><F107/><W78/><G102/><T74/><D110/><U38/><E92/><V5/><F5/><W115/><G115/><T19/><D74/><U127/><E90/><V75/><REACH who="2" step="1"/><F82/><REACH who="2" ten="285,70,176,459" step="2"/><W25/><G83/><T103/><D81/><U14/><E121/><V45/><F45/><W113/><G113/><T91/><D72/><U35/><E108/><V109/><F109/><W47/><G47/><T54/><D103/><U93/><E93/><V122/><F122/><W20/><G111/><T66/><D91/><U26/><E38/><V84/><F84/><W85/><G85/><T39/><D39/><U6/><E135/><V130/><F130/><W88/><G88/><T21/><D51/><U116/><E131/><V77/><F77/><W17/><G78/><T8/><D8/><U10/><REACH who="1" step="1"/><E26/><AGARI ba="2,1" hai="13,18,19,21,22,26,28,31,52,53,54,57,62,66" machi="26" ten="40,8000,1" yaku="8,1,52,2,54,1" doraHai="12" who="0" fromWho="1" sc="285,96,70,-86,176,0,459,0" owari="381,18.0,-16,-52.0,176,-22.0,459,56.0" /></mjloggm>