<mjloggm ver="2.3"><GO type="41"/><UN n0="%E3%81%BE%E3%81%95%E3%82%8B%EF%BC%91%EF%BC%90%EF%BC%91%EF%BC%90" n1="%74%73%75%6E%65%70%6F%6E" n2="%E3%82%A6%E3%83%AB%E3%83%88%E3%83%A9%E7%AB%8B%E7%9B%B4" n3="%69%6E%73%68%69" dan="14,13,15,13" rate="1880,1854,2000,1879" sx="M,M,M,M"/><TAIKYOKU oya="0"/><INIT seed="0,0,0,5,0,115" ten="250,250,250,250" oya="0" hai0="117,30,68,19,6,22,103,128,17,126,130,81,64" hai1="107,122,3,79,44,46,39,73,54,116,60,26,77" hai2="69,123,82,38,97,8,28,52,76,88,111,90,87" hai3="102,18,15,24,125,120,7,27,129,35,78,2,93"/><T71/><D117/><U94/><E122/><V59/><F69/><W127/><G129/><T99/><D6/><U109/><E116/><V29/><F38/><W55/><G120/><T11/><D30/><N who="2" m="11882" /><F123/><W16/><G35/><T92/><D126/><N who="3" m="48137" /><G78/><T0/><D0/><U5/><E109/><V14/><F111/><W56/><G7/><T50/><D11/><U104/><E94/><N who="2" m="56519" /><F90/><W131/><G2/><T9/><D9/><U119/><E119/><V83/><F83/><W67/><G102/><T74/><D17/><U61/><E26/><V121/><F121/><W65/><G93/><T106/><D106/><U112/><E112/><V124/><F124/><W100/><G100/><T37/><D37/><U4/><E54/><V41/><F41/><W42/><G42/><T72/><D50/><U13/><E13/><V86/><F82/><W66/><G131/><N who="0" m="50219" /><D64/><U89/><E89/><V134/><F76/><W23/><G18/><T95/><D95/><U25/><E25/><V105/><F105/><W132/><G132/><T108/><D108/><U45/><E73/><N who="0" m="28265" /><D81/><U12/><E12/><AGARI ba="0,0" hai="12,19,22,68,71,92,99,103" m="28265,50219" machi="12" ten="30,1500,0" yaku="19,1" doraHai="115" who="0" fromWho="1" sc="250,15,250,-15,250,0,250,0" /><INIT seed="0,1,0,2,2,27" ten="265,235,250,250" oya="0" hai0="57,69,72,121,102,91,118,8,51,55,66,127,101" hai1="56,48,129,10,126,135,71,41,13,117,46,42,111" hai2="45,67,11,83,9,36,50,4,100,29,128,92,15" hai3="35,98,40,58,125,95,73,124,107,123,75,70,96"/><T106/><D72/><U99/><E117/><V31/><F36/><W28/><G70/><T87/><D118/><U120/><E120/><V65/><F128/><W81/><G123/><T97/><D102/><U90/><E126/><N who="3" m="48746" /><G81/><T63/><D121/><U74/><E74/><V22/><F22/><W84/><G84/><T104/><D127/><U18/><E129/><V26/><F26/><N who="3" m="18839" /><G40/><T61/><D8/><U60/><E111/><V94/><F11/><W88/><G58/><T14/><D14/><U103/><E135/><V7/><F7/><W130/><G130/><T112/><D112/><U20/><E71/><V23/><F23/><W89/><G89/><T1/><D1/><U3/><E90/><V54/><F83/><W0/><G0/><T105/><D63/><U38/><E3/><V132/><F132/><W68/><G68/><T2/><D2/><U39/><E42/><V78/><F78/><W62/><G62/><T108/><D108/><U24/><E99/><N who="2" m="59495" /><F94/><AGARI ba="1,0" hai="51,55,57,61,66,69,87,91,94,97,101,104,105,106" machi="94" ten="30,1500,0" yaku="7,1" doraHai="27" who="0" fromWho="2" sc="265,18,235,0,250,-18,250,0" /><INIT seed="0,2,0,3,0,44" ten="283,235,232,250" oya="0" hai0="43,50,6,18,135,76,105,106,56,70,117,103,126" hai1="28,95,110,24,9,10,127,48,12,125,65,111,5" hai2="77,64,42,69,61,40,74,79,119,66,62,63,102" hai3="52,36,32,27,58,118,114,11,109,87,91,133,90"/><T96/><D70/><U113/><E95/><V29/><F74/><W38/><G114/><T124/><D117/><U54/><E65/><N who="2" m="25195" /><F29/><W88/><G118/><T30/><D30/><U0/><E113/><V23/><F119/><W97/><G109/><N who="1" m="41482" /><E48/><V81/><F81/><W34/><G133/><T16/><D6/><N who="1" m="3127" /><E54/><V37/><F23/><AGARI ba="2,0" hai="0,5,10,23,24,28,125,127" m="3127,41482" machi="23" ten="30,3900,0" yaku="14,1,34,2" doraHai="44" who="1" fromWho="2" sc="283,0,235,45,232,-45,250,0" /><INIT seed="1,0,0,4,3,41" ten="283,280,187,250" oya="1" hai0="56,14,127,114,119,70,118,61,42,99,86,91,82" hai1="96,134,47,31,40,123,3,4,105,2,104,6,63" hai2="133,67,51,26,52,18,72,22,90,45,55,53,92" hai3="7,130,109,83,25,79,20,57,58,71,95,13,84"/><U15/><E123/><V76/><F72/><W132/><G71/><T43/><D70/><U107/><E134/><V8/><F133/><W126/><G132/><T108/><D114/><U46/><E31/><V135/><F76/><W5/><G109/><T129/><D108/><U60/><E15/><V37/><F135/><W81/><G126/><T49/><D127/><U128/><E96/><V97/><F37/><W124/><G130/><T121/><D129/><U64/><E64/><V80/><F80/><W17/><G95/><T73/><D121/><U120/><E40/><V10/><F67/><W24/><G83/><T111/><D111/><U23/><E23/><V27/><F27/><N who="3" m="10315" /><G124/><T66/><D73/><U116/><E116/><V69/><F69/><W1/><G1/><N who="1" m="10" /><E128/><V44/><F51/><W106/><G106/><T35/><D35/><U103/><E103/><V117/><F117/><W98/><G98/><T88/><D14/><U89/><E89/><V12/><F10/><W115/><G115/><T38/><D38/><U85/><E85/><V59/><F59/><AGARI ba="0,0" hai="5,7,13,17,20,57,58,59,79,81,84" m="10315" machi="59" ten="30,1000,0" yaku="8,1" doraHai="41" who="3" fromWho="2" sc="283,0,280,0,187,-10,250,10" /><INIT seed="2,0,0,3,5,73" ten="283,280,177,260" oya="2" hai0="44,100,29,113,31,38,40,112,14,94,51,74,114" hai1="47,108,126,49,63,11,103,28,8,134,132,35,75" hai2="125,19,54,82,79,15,121,53,56,6,71,119,67" hai3="131,88,118,64,117,84,83,91,105,99,89,101,20"/><V16/><F121/><W58/><G131/><T116/><D116/><U62/><E108/><V26/><F119/><W43/><G43/><T70/><D70/><U36/><E126/><V106/><F106/><W133/><G133/><N who="1" m="51306" /><E75/><V124/><F71/><W68/><G68/><T23/><D74/><U50/><E103/><V102/><F102/><W12/><G117/><T135/><D135/><U130/><E130/><V81/><F81/><W93/><G118/><T123/><D123/><U60/><E36/><V22/><F6/><W85/><G91/><T32/><D32/><U30/><E35/><V34/><F34/><W57/><REACH who="3" step="1"/><G64/><REACH who="3" ten="283,280,177,250" step="2"/><T42/><D42/><U10/><E47/><V98/><F98/><W110/><G110/><T122/><D122/><U18/><E18/><AGARI ba="0,1" hai="12,18,20,57,58,83,84,85,88,89,93,99,101,105" machi="18" ten="40,2600,0" yaku="1,1,54,1,53,0" doraHai="73" doraHaiUra="7" who="3" fromWho="1" sc="283,0,280,-26,177,0,250,36" /><INIT seed="3,0,0,0,5,2" ten="283,254,177,286" oya="3" hai0="126,58,16,40,131,116,69,3,132,135,15,127,85" hai1="7,83,37,6,55,93,63,54,8,106,48,36,38" hai2="73,53,122,23,97,94,76,14,49,30,75,133,44" hai3="25,118,111,120,99,34,59,27,68,20,47,113,74"/><W31/><G68/><T121/><D69/><U18/><E106/><V98/><F122/><W42/><G113/><T50/><D3/><U130/><E130/><V67/><F133/><N who="0" m="51274" /><D121/><U112/><E112/><V64/><F75/><W26/><G118/><T71/><D71/><U82/><E93/><V56/><F73/><W33/><G74/><T39/><D39/><U70/><E70/><V117/><F76/><W119/><G119/><T72/><D72/><U102/><E102/><V61/><F117/><W105/><G34/><T60/><D116/><U86/><E86/><V88/><F98/><W57/><G120/><T123/><D123/><U101/><E101/><V41/><F14/><W13/><G111/><T12/><D12/><U79/><E79/><V134/><REACH who="2" step="1"/><F134/><REACH who="2" ten="283,254,167,286" step="2"/><W21/><G13/><T9/><D131/><U32/><E32/><V114/><F114/><W107/><G99/><T110/><D110/><U52/><E18/><V81/><F81/><N who="1" m="30729" /><E8/><V29/><F29/><W104/><G31/><T19/><D85/><U28/><E28/><V95/><F95/><W78/><G78/><T115/><D115/><U51/><E63/><V103/><F103/><W24/><G33/><T124/><D19/><U43/><E43/><V45/><F45/><W92/><G92/><T129/><D129/><U89/><E89/><V11/><F11/><W46/><G27/><AGARI ba="0,1" hai="23,27,30,41,44,49,53,56,61,64,67,88,94,97" machi="27" ten="40,5200,0" yaku="1,1,8,1,54,1,53,0" doraHai="2" doraHaiUra="80" who="2" fromWho="3" sc="283,0,254,0,167,62,286,-52" /><INIT seed="4,0,0,1,2,57" ten="283,254,229,234" oya="0" hai0="82,114,14,81,108,63,134,113,51,109,92,46,71" hai1="24,27,21,1,90,124,115,76,102,7,9,28,99" hai2="107,54,34,36,101,129,117,60,59,35,118,32,132" hai3="100,69,105,80,50,2,6,0,106,13,125,39,119"/><T104/><D104/><U41/><E124/><V116/><F36/><W83/><G39/><T65/><D92/><U96/><E115/><N who="0" m="44041" /><D14/><U122/><E122/><V127/><F127/><W123/><G125/><T45/><D82/><U126/><E126/><V78/><F129/><W17/><G119/><T70/><D81/><U93/><E76/><V58/><F132/><W95/><G69/><N who="0" m="42175" /><D134/><U5/><E41/><V23/><F78/><W79/><G95/><T20/><D20/><U131/><E131/><V11/><F11/><W84/><G79/><T25/><D25/><U49/><E49/><V61/><F23/><W22/><G6/><T29/><D29/><U68/><E7/><V91/><F91/><W38/><G22/><T16/><D16/><U67/><E27/><V15/><F15/><W18/><G13/><T37/><D37/><U75/><E75/><V4/><F4/><W31/><G38/><T12/><D12/><U94/><E68/><N who="0" m="26153" /><D45/><U73/><E73/><V112/><F112/><W85/><G31/><T66/><D66/><U103/><E67/><N who="2" m="39319" /><F101/><AGARI ba="0,0" hai="1,5,9,21,24,28,90,93,94,96,99,101,102,103" machi="101" ten="30,1000,0" yaku="7,1" doraHai="57" who="1" fromWho="2" sc="283,0,254,10,229,-10,234,0" /><INIT seed="5,0,0,0,0,8" ten="283,264,219,234" oya="1" hai0="104,34,122,73,83,55,92,99,94,0,28,44,37" hai1="77,21,95,120,31,67,70,115,29,126,78,6,40" hai2="10,63,101,5,125,42,71,114,47,64,61,2,26" hai3="133,48,135,121,18,106,130,9,124,109,134,4,85"/><U24/><E120/><V79/><F63/><W51/><G121/><T25/><D0/><U13/><E115/><V32/><F125/><W112/><G109/><T60/><D122/><U66/><E126/><V105/><F114/><W76/><G124/><T69/><D37/><U43/><E95/><V12/><F79/><N who="1" m="30217" /><E70/><V39/><F12/><W75/><G75/><T41/><D73/><U53/><E53/><V117/><F117/><W36/><G112/><T68/><D83/><U107/><E107/><V20/><F20/><W1/><G36/><T110/><D110/><U3/><E3/><V81/><F81/><N who="3" m="47271" /><G130/><T129/><D129/><U90/><E90/><V57/><F57/><W108/><G108/><T98/><D69/><U7/><E13/><V111/><F111/><W72/><G106/><T17/><D55/><U33/><E33/><V23/><F23/><W15/><G72/><T87/><D104/><U89/><E89/><V91/><F91/><W113/><G113/><T118/><D118/><U14/><E14/><V93/><F93/><W52/><G52/><T131/><D131/><U65/><E31/><V84/><F84/><W30/><G30/><T22/><D87/><U82/><E82/><V62/><F62/><W45/><G45/><T88/><D60/><U123/><E123/><V127/><F127/><W74/><G74/><T54/><D68/><U116/><E116/><V96/><F26/><W97/><G97/><N who="0" m="57479" /><D54/><U80/><E80/><V56/><F56/><W38/><G38/><N who="0" m="21559" /><D94/><U100/><E100/><V128/><F128/><W46/><G46/><T50/><D50/><RYUUKYOKU ba="0,0" sc="283,0,264,0,219,0,234,0" hai0="17,22,25,28,34,98,99" hai1="6,7,21,24,29,40,43,65,66,67" hai2="2,5,10,32,39,42,47,61,64,71,96,101,105" hai3="1,4,9,15,18,48,51,133,134,135" /><INIT seed="5,1,0,1,4,74" ten="283,264,219,234" oya="1" hai0="122,48,70,98,101,65,57,7,82,71,113,75,53" hai1="108,96,16,20,33,62,109,111,135,118,106,44,38" hai2="27,3,5,86,112,104,76,78,128,77,23,28,14" hai3="92,9,8,85,30,51,35,68,1,46,83,11,89"/><U79/><E118/><V102/><F128/><W69/><G1/><T37/><D122/><U17/><E135/><V95/><F104/><W126/><G30/><T41/><D113/><U107/><E79/><V52/><F3/><W34/><G126/><T25/><D7/><U47/><E33/><V0/><F0/><W21/><G21/><T49/><D49/><U100/><E62/><V43/><F43/><W91/><G69/><T130/><D130/><U73/><E73/><V61/><F112/><W2/><G2/><T121/><D121/><U84/><E84/><V6/><F14/><W131/><G68/><T24/><D70/><U134/><E134/><V40/><F40/><W50/><G131/><T127/><D127/><U56/><E56/><N who="2" m="34951" /><F86/><W60/><G60/><N who="0" m="40359" /><D82/><U99/><E38/><V87/><F87/><W54/><REACH who="3" step="1"/><G51/><REACH who="3" ten="283,264,219,224" step="2"/><T31/><D31/><U120/><E120/><V81/><F81/><W93/><G93/><N who="0" m="58575" /><D75/><U67/><E20/><V36/><F36/><W103/><G103/><T13/><D37/><U45/><E67/><V64/><F64/><W105/><G105/><T129/><D129/><U132/><E132/><V63/><F63/><W116/><G116/><T119/><D119/><U117/><E117/><V90/><F102/><AGARI ba="1,1" hai="16,17,44,45,47,96,99,100,102,106,107,108,109,111" machi="102" ten="50,9600,0" yaku="9,1,10,1,54,1" doraHai="74" who="1" fromWho="2" sc="283,0,264,109,219,-99,224,0" /><INIT seed="5,2,0,5,1,79" ten="283,373,120,224" oya="1" hai0="25,84,8,57,76,71,20,0,55,110,63,47,11" hai1="127,93,7,86,68,125,74,49,10,60,41,27,40" hai2="35,37,73,4,103,90,14,88,2,129,28,6,118" hai3="106,38,69,91,99,59,72,19,114,96,116,104,12"/><U39/><E74/><V115/><F37/><W78/><G69/><T133/><D110/><U17/><E39/><V77/><F118/><W126/><G38/><T46/><D0/><U3/><E27/><V131/><F103/><W45/><G116/><T51/><D71/><U67/><E17/><V117/><F117/><W111/><G45/><T21/><D21/><U50/><E50/><V44/><F44/><W105/><G59/><T135/><D47/><U54/><E93/><V134/><F2/><W18/><G18/><T30/><D135/><U70/><E86/><V81/><F134/><W58/><G58/><T29/><D29/><U15/><E3/><V26/><F115/><W1/><G1/><T87/><D133/><U120/><E120/><V56/><F56/><W31/><G31/><T9/><REACH who="0" step="1"/><D76/><REACH who="0" ten="273,373,120,224" step="2"/><U119/><E119/><V107/><F107/><W112/><G78/><T75/><D75/><U22/><E22/><V33/><F33/><W13/><G72/><T101/><D101/><U130/><E130/><N who="2" m="49675" /><F14/><W24/><G13/><T80/><D80/><U16/><E70/><V23/><F23/><W123/><G12/><T97/><D97/><U85/><E85/><N who="2" m="50223" /><F90/><W34/><G91/><T66/><AGARI ba="2,1" hai="8,9,11,20,25,30,46,51,55,57,63,66,84,87" machi="66" ten="30,7900,0" yaku="1,1,0,1,8,1,53,1" doraHai="79" doraHaiUra="62" who="0" fromWho="0" sc="273,95,373,-41,120,-22,224,-22" /><INIT seed="6,0,0,4,1,38" ten="368,332,98,202" oya="2" hai0="69,77,29,52,28,5,56,51,23,83,115,110,49" hai1="126,63,18,133,89,95,13,112,129,26,97,40,120" hai2="7,47,135,60,118,67,73,79,50,80,92,75,10" hai3="131,16,81,34,48,66,119,31,101,27,8,130,46"/><V25/><F118/><W82/><G101/><T117/><D69/><U123/><E126/><V59/><F135/><W15/><G66/><T121/><D117/><U87/><E129/><N who="3" m="49162" /><G119/><T19/><D121/><N who="1" m="46667" /><E133/><V111/><F111/><W43/><AGARI ba="0,0" hai="8,15,16,27,31,34,43,46,48,81,82" m="49162" machi="43" ten="30,4000,0" yaku="19,1,52,1,54,1" doraHai="38" who="3" fromWho="3" sc="368,-10,332,-10,98,-20,202,40" /><INIT seed="7,0,0,4,2,81" ten="358,322,78,242" oya="3" hai0="80,48,78,15,27,14,2,86,66,82,85,116,69" hai1="8,34,42,26,108,5,59,134,128,88,0,49,130" hai2="90,58,95,106,101,135,126,133,83,115,10,1,94" hai3="131,57,93,9,96,41,28,124,50,119,36,53,45"/><W54/><G119/><T72/><D2/><U129/><E108/><V84/><F58/><W52/><G124/><T64/><D116/><U118/><E118/><V56/><F56/><W20/><G131/><T70/><D72/><U92/><E134/><V25/><F25/><N who="3" m="16423" /><G36/><T87/><D70/><U117/><E117/><V33/><F33/><W18/><G57/><T112/><D112/><U11/><E11/><V100/><F10/><W113/><G113/><T104/><D104/><U63/><E42/><V91/><F1/><W32/><G32/><T29/><D69/><U79/><E79/><V73/><F115/><W31/><G31/><T123/><D123/><U43/><E43/><V89/><F126/><W37/><G37/><T60/><D48/><U21/><E34/><V40/><F40/><W105/><G105/><T132/><D132/><U107/><E107/><V103/><F133/><W17/><G9/><T127/><D127/><U6/><E6/><V46/><F46/><W76/><G76/><T74/><D74/><U97/><E49/><V30/><F30/><W3/><G3/><T68/><D66/><U121/><E121/><V16/><F135/><W98/><G98/><T22/><D78/><U7/><E7/><V24/><F73/><W51/><G51/><T13/><AGARI ba="0,0" hai="13,14,15,22,27,29,60,64,68,80,82,85,86,87" machi="13" ten="30,7900,0" yaku="0,1,52,3" doraHai="81" who="0" fromWho="0" sc="358,79,322,-20,78,-20,242,-39" owari="437,54.0,302,10.0,58,-44.0,203,-20.0" /></mjloggm>