<mjloggm ver="2.3"><GO type="225" lobby="0"/><UN n0="%E8%B1%86%E8%85%90%E3%81%9F%E3%82%93%E3%83%8F%E3%82%A1%E3%83%8F%E3%82%A1" n1="%E3%82%B2%E3%83%AB%E3%83%8B%E3%82%AB" n2="%68%69%67%68%31%35%31%35" n3="%EF%BC%88%E2%89%A7%E2%96%BD%E2%89%A6%EF%BC%89" dan="16,16,16,17" rate="2099.14,2055.05,2119.41,2131.94" sx="M,M,M,M"/><TAIKYOKU oya="0"/><INIT seed="0,0,0,1,0,110" ten="250,250,250,250" oya="0" hai0="20,51,22,66,11,101,55,8,126,84,28,100,16" hai1="99,86,57,123,21,17,102,52,37,128,87,47,56" hai2="43,122,54,125,48,68,115,116,45,4,2,1,88" hai3="134,97,69,105,49,72,27,41,15,107,131,3,13"/><T70/><D126/><U65/><E123/><V112/><F122/><W121/><G69/><T132/><D132/><U26/><E128/><V9/><F68/><W6/><G3/><T71/><D28/><U120/><E120/><V74/><F74/><W30/><G72/><T67/><D84/><U29/><E17/><V33/><F33/><W80/><G80/><T39/><D39/><U109/><E109/><V62/><F125/><W75/><G75/><T82/><D82/><U77/><E65/><V98/><F116/><W40/><G6/><T104/><D104/><U31/><E31/><V24/><F24/><W78/><G78/><T44/><D22/><U0/><E0/><V10/><F2/><W5/><G5/><T12/><D71/><U32/><E32/><V83/><F10/><N who="0" m="3626" /><D70/><U95/><E37/><V81/><F81/><W130/><G134/><T73/><D73/><U92/><E77/><V96/><F96/><W90/><G121/><T36/><D36/><U42/><E42/><V114/><F62/><W119/><G119/><T46/><D46/><U79/><E79/><V117/><F117/><W91/><G30/><T111/><D111/><U60/><E47/><V38/><F38/><W89/><G131/><T7/><D7/><U76/><E76/><V124/><F124/><W106/><G130/><T18/><D18/><U53/><E92/><V85/><REACH who="2" step="1"/><F98/><REACH who="2" ten="250,250,240,250" step="2"/><W108/><G97/><T113/><D113/><U63/><AGARI ba="0,1" hai="21,26,29,52,53,56,57,60,63,86,87,95,99,102" machi="63" ten="20,8000,1" yaku="0,1,7,1,9,1,8,1,54,1" doraHai="110" who="1" fromWho="1" sc="250,-40,250,90,240,-20,250,-20" /><INIT seed="1,0,0,5,4,82" ten="210,340,220,230" oya="1" hai0="88,84,106,37,128,92,122,65,71,103,48,77,31" hai1="50,54,73,13,93,97,109,14,16,81,70,39,114" hai2="134,90,30,10,76,102,34,107,52,124,91,133,45" hai3="127,44,46,11,17,62,64,123,110,24,22,43,25"/><U131/><E114/><V79/><F124/><W3/><G123/><T132/><D37/><U80/><E39/><V61/><F10/><W26/><G110/><T32/><D122/><U121/><E121/><V28/><F102/><W126/><G11/><T7/><D7/><U111/><E70/><V5/><F107/><W100/><G100/><T120/><D120/><U98/><E131/><V94/><F5/><W115/><G115/><T58/><D128/><U53/><E73/><V59/><F45/><W20/><G44/><T112/><D112/><U129/><E129/><V19/><F19/><W15/><G3/><T101/><D132/><N who="2" m="50794" /><F91/><W57/><REACH who="3" step="1"/><G20/><REACH who="3" ten="210,340,220,220" step="2"/><T60/><D106/><U113/><E113/><V51/><F34/><W85/><G85/><T108/><D108/><U89/><E109/><V33/><F33/><W75/><G75/><T130/><D130/><U18/><E111/><V116/><F116/><W2/><G2/><T83/><D32/><U0/><E0/><V87/><F61/><W119/><G119/><T67/><D31/><AGARI ba="0,1" hai="28,30,31,51,52,59,76,79,87,90,94" m="50794" machi="31" ten="30,3900,0" yaku="20,1,52,1,54,1" doraHai="82" who="2" fromWho="0" sc="210,-39,340,0,220,49,220,0" /><INIT seed="2,0,0,4,1,29" ten="171,340,269,220" oya="2" hai0="84,112,122,127,82,39,8,103,3,32,71,35,34" hai1="131,20,52,94,100,102,89,46,28,134,88,18,22" hai2="108,101,86,110,129,26,117,17,59,96,58,87,123" hai3="30,67,118,9,6,10,24,113,21,56,99,63,33"/><V7/><F117/><W42/><G118/><T74/><D112/><U16/><E134/><V73/><F73/><W37/><G113/><T97/><D122/><U79/><E79/><V62/><F123/><W38/><G42/><T69/><D39/><U47/><E131/><V61/><F129/><W128/><G128/><T120/><D120/><U23/><E28/><V124/><F124/><W53/><G99/><T77/><D127/><U12/><E12/><V83/><F7/><W13/><G21/><T41/><D41/><U76/><E76/><N who="2" m="46439" /><F87/><W72/><G72/><T133/><D84/><N who="1" m="52487" /><E89/><V14/><F26/><W81/><G81/><T91/><D91/><U57/><E102/><V107/><F62/><W44/><REACH who="3" step="1"/><G10/><REACH who="3" ten="171,340,269,210" step="2"/><T92/><REACH who="0" step="1"/><D133/><REACH who="0" ten="161,340,269,210" step="2"/><U111/><E100/><V2/><F101/><W50/><AGARI ba="0,2" hai="6,9,13,24,30,33,37,38,44,50,53,56,63,67" machi="50" ten="30,7900,0" yaku="1,1,2,1,0,1,52,1,53,0" doraHai="29" doraHaiUra="36" who="3" fromWho="3" sc="161,-20,340,-20,269,-39,210,99" /><INIT seed="3,0,0,1,4,42" ten="141,320,230,309" oya="3" hai0="77,128,62,6,11,34,135,55,108,92,123,102,129" hai1="99,15,52,90,97,10,74,117,61,70,127,46,1" hai2="27,72,76,17,89,101,41,13,93,25,39,7,133" hai3="132,54,12,130,87,14,94,4,43,66,121,122,64"/><W109/><G109/><T79/><D34/><U81/><E1/><V58/><F133/><W32/><G32/><T2/><D123/><U131/><E127/><V45/><F101/><W125/><G125/><T75/><D135/><U115/><E115/><V111/><F111/><W28/><G28/><T9/><D108/><U69/><E131/><V107/><F107/><W18/><G130/><T116/><D116/><U3/><E3/><V24/><F7/><W60/><G132/><T91/><D102/><U73/><E117/><V19/><F58/><N who="3" m="34903" /><G43/><T88/><D11/><U83/><E69/><V51/><F39/><W82/><G94/><T48/><D62/><U68/><E68/><V59/><F59/><W38/><G38/><T22/><D22/><U67/><E74/><V113/><F113/><W5/><G122/><T44/><D91/><U103/><E73/><V78/><F72/><W71/><G71/><T106/><D106/><U0/><E0/><V16/><F13/><N who="3" m="5227" /><G18/><T80/><REACH who="0" step="1"/><D79/><REACH who="0" ten="131,320,230,309" step="2"/><U112/><E112/><V50/><F50/><W110/><G110/><T47/><D47/><U96/><E46/><V104/><REACH who="2" step="1"/><F104/><REACH who="2" ten="131,320,220,309" step="2"/><W29/><G121/><T63/><D63/><U8/><E61/><V30/><F30/><W100/><G29/><T118/><D118/><U105/><E105/><V65/><F65/><N who="3" m="25195" /><G100/><T26/><D26/><U95/><E103/><V56/><F56/><W49/><G49/><T119/><D119/><U53/><E67/><V33/><F33/><W20/><G20/><T37/><D37/><U40/><E70/><V31/><F31/><W85/><G82/><RYUUKYOKU ba="0,2" sc="131,10,320,-30,220,10,309,10" hai0="2,6,9,44,48,55,75,77,80,88,92,128,129" hai2="16,17,19,24,25,27,41,45,51,76,78,89,93" hai3="4,5,85,87" owari="141,-36.0,290,9.0,230,-17.0,339,44.0" /></mjloggm>