<mjloggm ver="2.3"><GO type="137"/><UN n0="%50%4F%44%38%32" n1="%73%68%69%6E%36%30%30%36" n2="%E3%81%86%E3%82%81%E3%81%87" n3="%EF%BC%88%E2%89%A7%E2%96%BD%E2%89%A6%EF%BC%89" dan="12,11,11,11" rate="1782,1628,1470,1871" sx="M,M,M,M"/><TAIKYOKU oya="0"/><INIT seed="0,0,0,4,0,49" ten="250,250,250,250" oya="0" hai0="37,44,31,76,45,113,128,26,12,63,15,112,95" hai1="72,120,122,58,28,53,81,30,54,123,25,98,14" hai2="135,27,93,60,55,0,40,90,23,86,7,133,57" hai3="62,41,89,59,125,109,130,121,88,79,75,39,103"/><T18/><D113/><U91/><E14/><V20/><F40/><W11/><G130/><T84/><D128/><U110/><E72/><V2/><F7/><W19/><G125/><T17/><D112/><U73/><E73/><V43/><F43/><W21/><G121/><T97/><D37/><U107/><E107/><V131/><F131/><W115/><G115/><T80/><D63/><U127/><E127/><V32/><F32/><W96/><G109/><T83/><D83/><U35/><E30/><V134/><REACH who="2" step="1"/><F23/><REACH who="2" step="2"/><W116/><G116/><T36/><D36/><U114/><E114/><V50/><F50/><W71/><G41/><T34/><D12/><U119/><E119/><V65/><F65/><W92/><G39/><T94/><D15/><U87/><E98/><V85/><F85/><W51/><G51/><T3/><D3/><U111/><REACH who="1" step="1"/><E58/><REACH who="1" step="2"/><V126/><F126/><W104/><G59/><T102/><REACH who="0" step="1"/><D95/><REACH who="0" step="2"/><U100/><E100/><V105/><F105/><W78/><G104/><T108/><D108/><AGARI ba="0,3" hai="25,28,35,53,54,81,87,91,108,110,111,120,122,123" machi="108" ten="50,8000,1" yaku="1,1,14,1,52,2,53,0" doraHai="49" doraHaiUra="61" who="1" fromWho="0" sc="240,-80,240,110,240,0,250,0" /><INIT seed="1,0,0,2,3,13" ten="160,350,240,250" oya="1" hai0="36,79,47,19,59,119,41,5,97,32,92,115,16" hai1="30,126,86,50,52,58,117,48,7,135,15,26,77" hai2="109,82,10,88,116,6,124,106,78,11,63,118,89" hai3="134,27,111,91,22,69,23,105,2,96,34,25,53"/><U1/><E1/><V107/><F124/><W44/><G69/><T112/><D119/><U99/><E117/><V121/><F121/><W29/><G134/><T87/><D32/><U94/><E126/><V93/><F109/><W84/><G111/><T101/><D115/><U31/><E135/><V0/><F10/><W56/><G2/><T128/><D128/><U131/><E131/><V33/><F33/><W100/><G44/><T132/><D132/><U57/><E77/><V76/><F63/><W98/><G98/><T72/><D112/><U114/><E114/><V66/><F66/><W104/><G104/><T17/><D5/><U122/><E122/><V24/><F24/><W4/><G4/><T108/><D108/><U81/><E7/><V3/><F3/><W129/><G129/><T39/><D59/><U64/><E64/><V125/><F125/><W133/><G133/><T60/><D60/><U42/><E42/><V46/><F46/><W85/><G91/><T103/><D103/><N who="1" m="60919" /><E15/><V20/><F20/><W80/><G80/><T9/><D9/><U18/><E18/><V65/><F65/><W120/><G120/><T74/><REACH who="0" step="1"/><D39/><REACH who="0" step="2"/><U70/><E70/><V68/><F68/><W123/><G123/><T71/><D71/><U110/><E110/><V45/><F118/><W83/><G34/><T51/><D51/><U75/><E75/><V95/><F116/><W61/><G23/><T113/><D113/><U8/><E8/><V90/><F11/><W67/><G100/><T28/><D28/><U54/><E26/><V35/><F6/><W43/><G27/><RYUUKYOKU ba="0,1" sc="150,15,350,15,240,-15,250,-15" hai0="16,17,19,36,41,47,72,74,79,87,92,97,101" hai1="30,31,48,50,52,54,57,58,81,86" /><INIT seed="1,1,1,2,0,30" ten="165,365,225,235" oya="1" hai0="66,32,117,0,79,65,26,85,131,10,3,8,16" hai1="34,86,69,118,15,43,44,121,41,6,33,134,123" hai2="92,91,128,7,116,42,21,40,39,119,24,114,94" hai3="27,50,98,76,9,89,97,12,18,83,57,96,135"/><U49/><E69/><V4/><F114/><W63/><G135/><T88/><D117/><U22/><E123/><V106/><F106/><W19/><G50/><T126/><D131/><U13/><E121/><V52/><F128/><W51/><G51/><T78/><D126/><U48/><E118/><V2/><F2/><W77/><G89/><T59/><D59/><U67/><E86/><V72/><F72/><W53/><REACH who="3" step="1"/><G83/><REACH who="3" step="2"/><T23/><D78/><U102/><E102/><V47/><F119/><W62/><G62/><T109/><D79/><U29/><E134/><V82/><F116/><W110/><G110/><T73/><D109/><U5/><E67/><V14/><F82/><W55/><G55/><T75/><D85/><U71/><E71/><V115/><F115/><W127/><G127/><T95/><D95/><U81/><E81/><V104/><F94/><W28/><G28/><T31/><D31/><U124/><E124/><V68/><F92/><W37/><G37/><T45/><D88/><U11/><E29/><V70/><F91/><W108/><G108/><T111/><D111/><U125/><E125/><V46/><F39/><W38/><G38/><T56/><D75/><U17/><REACH who="1" step="1"/><E6/><REACH who="1" step="2"/><V25/><F7/><W64/><G64/><T107/><D66/><U35/><E35/><V84/><F4/><W120/><G120/><T101/><D65/><U99/><E99/><V105/><F84/><W100/><G100/><T87/><D32/><U61/><E61/><V112/><F112/><W93/><G93/><T60/><D101/><U130/><E130/><V122/><F122/><RYUUKYOKU ba="1,3" sc="165,-15,355,15,225,-15,225,15" hai1="5,11,13,15,17,22,33,34,41,43,44,48,49" hai3="9,12,18,19,27,53,57,63,76,77,96,97,98" /><INIT seed="1,2,3,2,5,97" ten="150,370,210,240" oya="1" hai0="93,0,49,6,47,72,25,88,30,85,13,87,115" hai1="61,110,39,19,106,2,48,96,9,84,36,43,74" hai2="81,99,7,24,59,1,73,79,124,40,4,68,28" hai3="44,14,62,113,77,16,27,86,20,80,75,128,114"/><U11/><E36/><V46/><F124/><W56/><G128/><T54/><D115/><U116/><E39/><V117/><F117/><W26/><G44/><T33/><D72/><U42/><E74/><V101/><F68/><W129/><G129/><T133/><D133/><U55/><E116/><V45/><F7/><W70/><G70/><T67/><D67/><U108/><E2/><V107/><F59/><W34/><G75/><T22/><D33/><U31/><E31/><V63/><F63/><W100/><G100/><T32/><D32/><U41/><E61/><V94/><F107/><W119/><G119/><T82/><D0/><U95/><E106/><V57/><F57/><W64/><REACH who="3" step="1"/><G34/><REACH who="3" step="2"/><T66/><D66/><U98/><E84/><V8/><REACH who="2" step="1"/><F40/><REACH who="2" step="2"/><N who="1" m="10241" /><U3/><DORA hai="105" /><E3/><V83/><F83/><W127/><G127/><T5/><REACH who="0" step="1"/><D13/><REACH who="0" step="2"/><N who="1" m="7599" /><E11/><V17/><F17/><W18/><G18/><T15/><D15/><U53/><E95/><V91/><F91/><AGARI ba="2,6" hai="5,6,22,25,30,47,49,54,82,85,87,88,91,93" machi="91" ten="30,8000,1" yaku="1,1,7,1,8,1,54,1,53,1" doraHai="97,105" doraHaiUra="103,21" who="0" fromWho="2" sc="140,146,370,0,200,-86,230,0" /><INIT seed="2,0,0,0,5,44" ten="286,370,114,230" oya="2" hai0="78,127,40,112,19,43,17,31,16,61,113,82,72" hai1="52,100,66,58,42,6,106,12,85,97,41,11,24" hai2="56,18,57,118,75,69,21,48,36,63,123,9,3" hai3="46,32,55,124,64,121,119,23,81,129,107,90,87"/><V34/><F123/><W114/><G121/><T116/><D116/><U98/><E66/><V125/><F118/><W35/><G119/><T77/><D31/><U5/><E24/><V25/><F75/><W22/><G114/><T133/><D133/><U62/><E6/><V131/><F34/><W37/><G129/><T74/><D61/><U27/><E27/><V4/><F131/><W109/><G109/><T73/><D127/><U110/><E110/><V54/><F36/><W2/><G124/><T70/><D70/><U76/><E98/><V120/><F125/><W33/><G2/><T89/><D89/><U88/><REACH who="1" step="1"/><E76/><REACH who="1" step="2"/><N who="0" m="29289" /><D82/><AGARI ba="0,1" hai="5,11,12,41,42,52,58,62,82,85,88,97,100,106" machi="82" ten="30,7700,0" yaku="1,1,7,1,54,2,53,0" doraHai="44" doraHaiUra="105" who="1" fromWho="0" sc="286,-77,360,87,114,0,230,0" /><INIT seed="3,0,0,3,5,14" ten="209,447,114,230" oya="3" hai0="6,105,4,18,100,69,106,35,82,75,129,13,134" hai1="23,1,85,62,17,126,60,109,107,29,21,92,32" hai2="84,131,98,27,110,135,99,25,88,118,54,42,77" hai3="124,3,16,121,83,58,22,81,9,70,45,122,26"/><W38/><G70/><T20/><D129/><U94/><E1/><V24/><F131/><W53/><G124/><T128/><D128/><U43/><E109/><V59/><F110/><W48/><G122/><T76/><D134/><U133/><E32/><V49/><F135/><W19/><G121/><T97/><D69/><U67/><E107/><V65/><F42/><N who="3" m="24631" /><G38/><T113/><D113/><U47/><E126/><V87/><F65/><W50/><G3/><T74/><D74/><U103/><E133/><V115/><F115/><W11/><G11/><T112/><D112/><U102/><E85/><V63/><F118/><W78/><G78/><T130/><D130/><U8/><E67/><V66/><F77/><W28/><G9/><T57/><D57/><U33/><E33/><V34/><F34/><W68/><G68/><T15/><D15/><N who="1" m="9407" /><E8/><V0/><F0/><W51/><G51/><T89/><D35/><U30/><E43/><V80/><REACH who="2" step="1"/><F87/><REACH who="2" step="2"/><W90/><G81/><T79/><D79/><U127/><E127/><V132/><F132/><W72/><G72/><T111/><D111/><U71/><E71/><AGARI ba="0,1" hai="24,25,27,49,54,59,63,66,71,80,84,88,98,99" machi="71" ten="40,2600,0" yaku="1,1,54,1,53,0" doraHai="14" doraHaiUra="117" who="2" fromWho="1" sc="209,0,447,-26,104,36,230,0" /><INIT seed="4,0,0,0,5,65" ten="209,421,140,230" oya="0" hai0="101,135,93,26,104,14,114,74,59,86,8,22,49" hai1="27,72,47,98,78,18,76,115,45,35,37,123,97" hai2="30,69,110,117,107,99,63,122,38,96,128,111,46" hai3="75,64,9,17,88,7,6,60,109,113,50,56,102"/><T68/><D135/><U119/><E123/><V77/><F122/><W61/><G109/><T52/><D74/><U2/><E2/><V118/><F128/><W3/><G75/><T124/><D124/><U94/><E119/><N who="2" m="45579" /><F77/><N who="1" m="29801" /><E72/><V126/><F126/><W127/><G127/><T31/><D114/><U91/><E37/><V70/><F30/><W12/><G113/><T71/><D104/><U133/><E35/><V43/><F107/><W125/><G125/><T1/><D1/><U41/><E133/><V73/><F73/><W134/><G134/><T16/><REACH who="0" step="1"/><D86/><REACH who="0" step="2"/><N who="1" m="52599" /><E115/><V15/><F15/><W106/><G3/><T20/><D20/><N who="1" m="13719" /><E41/><V121/><F121/><W29/><G106/><T34/><D34/><U81/><E81/><V83/><F111/><W67/><G9/><T58/><D58/><U42/><E42/><V53/><F110/><W84/><G56/><T28/><D28/><U48/><E48/><V32/><F83/><W55/><G50/><T24/><D24/><U23/><E23/><V130/><F130/><W10/><G84/><T90/><D90/><U51/><E51/><V40/><F32/><W116/><G88/><T25/><D25/><U44/><AGARI ba="0,1" hai="44,45,47,97,98" m="13719,52599,29801" machi="44" ten="30,1100,0" yaku="8,1" doraHai="65" who="1" fromWho="1" sc="199,-5,421,21,140,-3,230,-3" /><INIT seed="5,0,0,4,5,14" ten="194,442,137,227" oya="1" hai0="13,68,43,11,5,66,78,15,108,40,21,39,63" hai1="18,120,132,0,79,46,75,86,77,102,35,52,34" hai2="94,38,19,123,61,85,104,20,89,57,22,93,4" hai3="29,81,28,82,80,33,49,114,48,90,53,134,31"/><U101/><E0/><V133/><F38/><W88/><G134/><T131/><D108/><U2/><E34/><V25/><F133/><W118/><G118/><T42/><D131/><U6/><E2/><V106/><F123/><W32/><G114/><T122/><D39/><U103/><E35/><N who="3" m="13386" /><G53/><T135/><D135/><U130/><E75/><V8/><F94/><W51/><AGARI ba="0,0" hai="28,29,31,48,49,51,80,81,82,88,90" m="13386" machi="51" ten="40,8000,1" yaku="29,2,28,2,54,1" doraHai="14" who="3" fromWho="3" sc="194,-20,442,-40,137,-20,227,80" /><INIT seed="6,0,0,4,0,72" ten="174,402,117,307" oya="2" hai0="132,38,34,116,0,120,40,90,42,39,86,130,61" hai1="20,96,87,35,119,66,5,99,80,57,15,29,64" hai2="106,88,13,14,112,71,24,6,93,110,89,126,113" hai3="104,121,16,117,32,45,51,11,123,30,85,4,107"/><V79/><F126/><W46/><G117/><T91/><D116/><U18/><E35/><V47/><F106/><W109/><G109/><T28/><D120/><U118/><E119/><V25/><F71/><W58/><G123/><T60/><D130/><U63/><E118/><V115/><F110/><W135/><G121/><T111/><D132/><U125/><E66/><V92/><F6/><W129/><G135/><T22/><D22/><U98/><E125/><V41/><F79/><W12/><G129/><T23/><D23/><U78/><E29/><V103/><F103/><W74/><G74/><T49/><D111/><U82/><E82/><V7/><F7/><AGARI ba="0,0" hai="5,7,15,18,20,57,63,64,78,80,87,96,98,99" machi="7" ten="40,2600,0" yaku="8,1,52,1" doraHai="72" who="1" fromWho="2" sc="174,0,402,26,117,-26,307,0" /><INIT seed="7,0,0,0,5,33" ten="174,428,91,307" oya="3" hai0="110,113,111,27,61,3,5,119,101,129,83,91,128" hai1="125,88,120,30,17,13,45,99,55,12,105,54,132" hai2="71,66,109,93,67,40,53,59,81,19,25,94,48" hai3="51,74,75,78,44,39,121,103,100,22,133,116,92"/><W6/><G121/><T1/><D91/><U41/><E120/><V80/><F109/><N who="0" m="41482" /><D61/><U0/><E0/><N who="0" m="73" /><D83/><U63/><E132/><V117/><F117/><W123/><G116/><T112/><D27/><U89/><E125/><V38/><F25/><W69/><G133/><T2/><N who="0" m="81" /><T57/><DORA hai="31" /><D57/><U7/><E7/><V84/><F19/><W127/><G127/><T36/><D5/><U49/><E30/><V46/><F71/><W16/><G69/><T115/><D101/><N who="3" m="38985" /><G123/><T134/><D134/><U97/><E105/><V10/><F10/><W24/><G39/><T76/><D76/><U70/><E70/><V11/><F11/><W20/><G75/><T107/><D119/><U90/><E17/><V98/><F98/><N who="1" m="37385" /><E63/><V58/><F58/><W135/><G74/><T131/><D107/><U8/><E8/><V77/><REACH who="2" step="1"/><F81/><REACH who="2" step="2"/><W68/><G135/><T114/><N who="0" m="28672" /><DORA hai="72" /><T87/><D87/><U43/><E43/><V102/><F102/><W126/><G126/><T64/><D64/><AGARI ba="0,1" hai="38,40,46,48,53,59,64,66,67,77,80,84,93,94" machi="64" ten="40,12000,2" yaku="1,1,52,1,53,4" doraHai="33,31,72" doraHaiUra="79,62,9" who="2" fromWho="0" sc="174,-120,428,0,81,130,307,0" owari="54,-45,428,53,211,-19,307,11" /></mjloggm>