<mjloggm ver="2.3"><GO type="169" lobby="0"/><UN n0="%E9%9D%9E%E5%8A%B9%E7%8E%87%E6%89%93%E6%B3%95" n1="%E3%80%9D%73%68%69%6E" n2="%EF%BC%88%E2%89%A7%E2%96%BD%E2%89%A6%EF%BC%89" n3="%E3%81%A1%E3%82%85%E3%82%93%E3%81%A9" dan="16,18,17,16" rate="2071.94,2150.63,2151.84,2038.23" sx="M,M,M,M"/><TAIKYOKU oya="0"/><INIT seed="0,0,0,2,2,37" ten="250,250,250,250" oya="0" hai0="32,30,89,25,12,53,92,124,135,113,58,121,44" hai1="7,67,85,118,46,112,14,83,26,21,87,71,69" hai2="29,101,128,64,60,33,24,107,6,0,90,5,122" hai3="130,1,110,81,70,52,109,55,2,78,80,77,45"/><T97/><D113/><U36/><E118/><V125/><F122/><W50/><G70/><T31/><D121/><U11/><E112/><V51/><F128/><W19/><G130/><T93/><D124/><U117/><E117/><V111/><F111/><N who="3" m="42507" /><G19/><T4/><D135/><U91/><E67/><V57/><F125/><W103/><G103/><T62/><D4/><U94/><E36/><V104/><F0/><N who="3" m="107" /><G55/><T3/><D3/><U86/><E46/><V28/><F28/><W59/><G59/><T15/><D31/><U18/><REACH who="1" step="1"/><E86/><REACH who="1" ten="250,240,250,250" step="2"/><V34/><F64/><W48/><G48/><T132/><D44/><U115/><E115/><V105/><F51/><W96/><G96/><T129/><D132/><U9/><E9/><V116/><F116/><W76/><AGARI ba="0,1" hai="45,50,52,76,77,78,80,81" m="107,42507" machi="76" ten="40,2700,0" yaku="14,1,54,1" doraHai="37" who="3" fromWho="3" sc="250,-13,240,-7,250,-7,250,37" /><INIT seed="1,0,0,1,3,61" ten="237,233,243,287" oya="1" hai0="110,114,59,80,58,93,101,91,130,48,124,107,86" hai1="113,96,117,129,3,92,24,11,120,79,14,7,132" hai2="60,2,125,30,47,0,133,78,38,97,43,115,98" hai3="112,50,35,89,36,127,66,74,116,70,20,16,123"/><U49/><E120/><V19/><F133/><W73/><G123/><T54/><D114/><U56/><E117/><V31/><F125/><W28/><G112/><T51/><D124/><U53/><E113/><V94/><F115/><W6/><G116/><T135/><D135/><U105/><E132/><V10/><F78/><W122/><G36/><T33/><D33/><U17/><E105/><V108/><F108/><W63/><G127/><T46/><D110/><U65/><E129/><V77/><F77/><W126/><G126/><T15/><D130/><U85/><E24/><V68/><F98/><W76/><G6/><T21/><D107/><U41/><E41/><V103/><F19/><W100/><G100/><T42/><D101/><U55/><E55/><V131/><F131/><W99/><G76/><T128/><D128/><U90/><E65/><V1/><REACH who="2" step="1"/><F10/><REACH who="2" ten="237,233,233,287" step="2"/><W71/><G122/><T25/><D25/><U57/><E79/><V52/><F52/><W4/><G16/><N who="0" m="10399" /><D59/><U69/><E69/><V83/><F83/><AGARI ba="0,1" hai="42,46,48,51,54,58,80,83,86,91,93" m="10399" machi="83" ten="30,3900,0" yaku="25,1,8,1,54,1" doraHai="61" who="0" fromWho="2" sc="237,49,233,0,233,-39,287,0" /><INIT seed="2,0,0,2,5,1" ten="286,233,194,287" oya="2" hai0="45,125,129,18,58,53,57,28,124,116,2,47,17" hai1="48,4,30,118,88,85,78,96,38,74,13,31,89" hai2="25,16,32,67,61,127,10,21,119,42,44,123,7" hai3="63,128,11,68,122,51,39,27,86,29,110,83,133"/><V121/><F119/><W37/><G122/><T75/><D75/><U49/><E38/><V35/><F127/><N who="0" m="48714" /><D2/><U70/><E70/><V92/><F92/><W76/><G110/><T132/><D116/><U34/><E118/><V8/><F121/><W93/><G128/><T64/><D129/><U9/><E74/><V66/><F10/><W54/><G133/><T62/><D28/><N who="1" m="10795" /><E34/><V50/><F123/><W23/><G11/><T117/><D117/><U111/><E111/><V0/><REACH who="2" step="1"/><F67/><REACH who="2" ten="286,233,184,287" step="2"/><W102/><G93/><T109/><D109/><U33/><E33/><V108/><F108/><W91/><G102/><T77/><D132/><U126/><E126/><V71/><AGARI ba="0,1" hai="0,7,8,16,21,25,32,35,42,44,50,61,66,71" machi="71" ten="20,12000,1" yaku="1,1,0,1,7,1,52,1,54,1,53,0" doraHai="1" doraHaiUra="131" who="2" fromWho="2" sc="286,-40,233,-40,184,130,287,-40" /><INIT seed="2,1,0,3,5,118" ten="246,193,314,247" oya="2" hai0="105,93,49,108,125,18,70,116,1,126,71,106,67" hai1="72,103,19,4,54,91,62,29,76,61,13,129,115" hai2="44,75,100,66,11,52,94,14,131,99,56,39,102" hai3="6,120,117,95,98,96,88,30,3,130,59,113,32"/><V87/><F75/><W50/><G117/><T86/><D116/><U65/><E115/><V110/><F131/><W0/><G113/><T124/><D1/><U37/><E37/><V121/><F121/><W31/><G120/><T57/><D108/><U28/><E129/><V78/><F110/><W111/><G111/><T8/><D8/><U47/><E4/><V46/><F102/><W34/><G130/><T40/><D18/><U26/><E103/><V27/><F66/><W58/><G6/><T104/><D40/><U10/><E91/><V73/><F27/><W9/><G9/><T22/><D22/><U25/><E76/><V84/><F73/><W68/><G50/><T15/><D15/><U109/><E72/><V82/><F84/><W74/><G74/><T5/><D5/><U112/><E112/><V7/><F39/><W79/><G79/><T36/><D36/><U60/><E65/><V41/><F41/><W63/><G68/><T132/><D132/><U2/><E2/><V123/><F123/><W24/><G98/><T119/><D119/><U16/><E109/><V64/><F64/><W45/><G3/><T90/><REACH who="0" step="1"/><D49/><AGARI ba="1,0" hai="7,11,14,44,46,49,52,56,78,82,87,94,99,100" machi="49" ten="30,5800,0" yaku="7,1,8,1,54,1" doraHai="118" who="2" fromWho="0" sc="246,-61,193,0,314,61,247,0" /><INIT seed="2,2,0,1,1,65" ten="185,193,375,247" oya="2" hai0="55,89,3,112,66,15,42,103,88,99,100,134,73" hai1="5,23,34,28,12,94,77,45,1,68,78,72,30" hai2="93,124,98,40,60,121,53,17,85,110,135,47,59" hai3="105,7,24,97,43,25,11,74,16,14,75,86,120"/><V38/><F121/><W36/><G120/><T126/><D3/><U104/><E104/><V6/><F135/><W107/><G86/><T2/><D2/><U44/><E30/><V133/><F133/><W83/><G83/><T87/><D134/><U18/><E94/><V49/><F124/><W128/><G128/><T114/><D42/><U41/><E72/><V51/><F110/><W101/><G107/><T22/><D73/><U80/><E80/><V35/><F35/><W118/><G118/><T76/><D126/><U125/><E125/><V79/><F6/><W119/><G119/><T8/><D76/><U64/><E45/><V109/><F109/><W50/><G36/><T54/><D66/><U33/><E33/><V32/><F32/><W31/><G7/><N who="0" m="3487" /><D22/><U102/><E102/><N who="0" m="38953" /><D112/><U131/><E131/><V13/><F79/><W37/><G37/><T90/><D114/><U9/><E64/><V63/><F85/><W91/><G91/><N who="0" m="34891" /><D99/><U130/><E68/><V113/><F38/><W71/><G71/><T46/><D46/><U29/><E130/><V10/><REACH who="2" step="1"/><F113/><REACH who="2" ten="185,193,365,247" step="2"/><W48/><G75/><T26/><D87/><U123/><E123/><V129/><F129/><W96/><G74/><T69/><D90/><AGARI ba="2,1" hai="10,13,17,40,47,49,51,53,59,60,63,90,93,98" machi="90" ten="30,5800,0" yaku="1,1,7,1,8,1,53,0" doraHai="65" doraHaiUra="70" who="2" fromWho="0" sc="185,-64,193,0,365,74,247,0" /><INIT seed="2,3,0,4,1,111" ten="121,193,439,247" oya="2" hai0="30,99,119,133,102,58,1,61,20,33,124,74,122" hai1="78,4,9,121,38,89,35,29,66,85,62,70,88" hai2="44,0,45,10,3,37,42,125,19,120,5,92,115" hai3="28,47,40,39,103,57,31,131,54,100,8,63,87"/><V134/><F120/><W11/><G131/><T96/><D122/><U6/><E121/><V107/><F107/><W59/><G87/><T76/><D1/><U64/><E38/><V97/><F134/><W18/><G59/><T114/><D33/><U118/><E118/><V94/><F125/><W75/><G75/><T98/><D124/><U135/><E135/><V69/><F69/><W83/><G83/><T21/><D133/><U43/><E43/><V73/><F73/><W106/><G8/><T25/><D119/><U32/><E66/><V56/><F0/><W109/><G109/><T27/><D74/><U86/><E78/><V79/><F79/><W15/><REACH who="3" step="1"/><G103/><REACH who="3" ten="121,193,439,237" step="2"/><T71/><D71/><U104/><E9/><V81/><F56/><W77/><G77/><T112/><D76/><U49/><E70/><V65/><F81/><W17/><G17/><T60/><D102/><U126/><E85/><V80/><F80/><W127/><G127/><T7/><D7/><U101/><E86/><V72/><F19/><W34/><G34/><T93/><D93/><U123/><E35/><V51/><F92/><W132/><G132/><T113/><D58/><U128/><E32/><V129/><F94/><W48/><G48/><T22/><D30/><U12/><E29/><V90/><F72/><W116/><G116/><T55/><D55/><U50/><E101/><V105/><F129/><W13/><G13/><T46/><D46/><U82/><E12/><N who="2" m="5199" /><F45/><W36/><G36/><T53/><D53/><U91/><E128/><V130/><F37/><W67/><G67/><T52/><D52/><RYUUKYOKU ba="3,1" sc="121,15,193,-15,439,-15,237,15" hai0="20,21,22,25,27,60,61,96,98,99,112,113,114" hai3="11,15,18,28,31,39,40,47,54,57,63,100,106" /><INIT seed="3,4,1,0,3,53" ten="136,178,424,252" oya="3" hai0="40,111,27,5,20,120,98,19,93,75,109,88,16" hai1="23,0,61,1,127,108,97,24,36,104,96,77,59" hai2="42,112,15,132,94,30,133,86,8,72,99,134,26" hai3="121,63,58,110,83,45,62,115,4,55,117,13,82"/><W107/><G121/><T116/><D120/><U78/><E36/><V76/><F72/><W25/><G117/><T31/><D116/><U64/><E127/><V10/><F42/><W28/><G115/><T95/><D75/><U34/><E108/><N who="0" m="41545" /><D5/><U81/><E34/><N who="2" m="20823" /><F112/><W71/><G107/><T125/><D40/><U18/><E78/><V39/><F15/><W68/><G45/><T135/><D125/><U12/><E12/><V52/><F39/><W69/><G110/><T130/><D130/><U84/><REACH who="1" step="1"/><E104/><REACH who="1" ten="136,168,424,252" step="2"/><V44/><F76/><W6/><G13/><T21/><D135/><U118/><E118/><V85/><F10/><W33/><G6/><T56/><D21/><U57/><E57/><V129/><F8/><W38/><G4/><T89/><D56/><U128/><E128/><V74/><F129/><W37/><G37/><T22/><D22/><U80/><E80/><V41/><F133/><W91/><G38/><T67/><D67/><U131/><E131/><V51/><F134/><W65/><G82/><T114/><D114/><U17/><E17/><V100/><F132/><W106/><G106/><T9/><D9/><U126/><E126/><V7/><F7/><W113/><G113/><T101/><D95/><U60/><E60/><V73/><F94/><W48/><G63/><T11/><D11/><U54/><E54/><V123/><F123/><W79/><G79/><T124/><D124/><U87/><E87/><N who="2" m="33291" /><F52/><W43/><G43/><T92/><D93/><U103/><E103/><V32/><F32/><W102/><G102/><T50/><D50/><U3/><AGARI ba="4,2" hai="0,1,3,18,23,24,59,61,64,77,81,84,96,97" machi="3" ten="30,7900,0" yaku="1,1,5,1,0,1,52,1,53,0" doraHai="53" doraHaiUra="49" who="1" fromWho="1" sc="136,-24,168,111,424,-24,252,-43" /><INIT seed="4,0,0,5,5,85" ten="112,279,400,209" oya="0" hai0="46,77,2,89,96,116,22,91,90,69,17,107,114" hai1="14,127,101,62,128,21,37,121,26,71,88,39,126" hai2="103,15,57,55,48,12,73,5,29,112,118,110,68" hai3="105,41,125,108,24,79,76,72,86,11,3,0,38"/><T109/><D69/><U33/><E121/><V78/><F68/><W66/><G108/><T8/><D116/><U106/><E128/><V40/><F110/><W32/><G105/><T133/><D109/><U102/><E14/><V6/><F118/><W9/><G66/><T49/><D77/><U10/><E10/><V63/><F112/><W16/><G125/><N who="1" m="47626" /><E33/><V81/><F103/><N who="1" m="39433" /><E106/><V34/><F5/><W123/><G123/><T132/><D107/><U52/><E71/><V130/><F6/><W53/><G32/><T13/><D114/><U95/><E62/><V20/><F34/><W35/><G35/><T124/><D124/><U42/><E42/><V19/><F130/><W65/><G41/><N who="0" m="24783" /><D2/><U93/><E93/><V98/><F40/><W1/><G1/><T7/><D7/><U74/><E52/><V129/><F129/><W28/><G53/><T36/><D36/><U113/><E74/><V80/><F63/><W97/><G72/><T60/><D60/><U30/><E113/><V25/><F12/><W56/><G3/><T134/><D8/><U87/><AGARI ba="0,0" hai="21,26,30,37,39,87,88,95" m="39433,47626" machi="87" ten="30,4000,0" yaku="18,1,52,1,54,1" doraHai="85" who="1" fromWho="1" sc="112,-20,279,40,400,-10,209,-10" /><INIT seed="5,0,0,4,4,78" ten="92,319,390,199" oya="1" hai0="10,102,35,130,90,67,128,3,14,33,52,124,66" hai1="59,24,74,105,89,109,134,53,95,60,15,6,79" hai2="96,8,50,99,42,125,51,65,117,119,21,84,11" hai3="122,81,31,100,69,71,36,123,106,28,112,32,56"/><U114/><E105/><V0/><F65/><N who="0" m="24586" /><D3/><U18/><E134/><V38/><F38/><W126/><G36/><T34/><D102/><U85/><E114/><V13/><F125/><W37/><G37/><T57/><D90/><U116/><E116/><V62/><F62/><W12/><G100/><T44/><D44/><U76/><E109/><V68/><F68/><W41/><G106/><T107/><D107/><U94/><E74/><V17/><F42/><W47/><G41/><T111/><D111/><U39/><E39/><V91/><F0/><W19/><G112/><T61/><D124/><U4/><E95/><N who="2" m="54759" /><F117/><W64/><G126/><T80/><D80/><N who="1" m="47263" /><E24/><N who="2" m="14383" /><F8/><W135/><G122/><T101/><D101/><U115/><E76/><V48/><F119/><W118/><G118/><T55/><D55/><U29/><E29/><V23/><F23/><W121/><G31/><T20/><D20/><N who="1" m="11359" /><E115/><V73/><F73/><W98/><G28/><T86/><D86/><AGARI ba="0,0" hai="4,6,53,59,60,86,89,94" m="11359,47263" machi="86" ten="30,2900,0" yaku="8,1,52,1" doraHai="78" who="1" fromWho="0" sc="92,-29,319,29,390,0,199,0" /><INIT seed="5,1,0,2,1,106" ten="63,348,390,199" oya="1" hai0="131,55,0,97,8,124,61,49,63,6,133,108,5" hai1="116,110,128,18,103,51,42,54,73,62,127,58,125" hai2="114,69,33,13,98,100,76,126,115,52,3,30,121" hai3="35,112,86,21,22,74,79,91,83,28,26,34,71"/><U81/><E116/><V48/><F3/><W7/><G112/><N who="2" m="43049" /><F121/><W105/><G71/><T31/><D108/><U1/><E1/><V66/><F76/><W101/><G7/><T25/><D124/><N who="1" m="47691" /><E110/><V9/><F126/><W40/><G40/><T122/><D131/><U70/><E128/><V67/><F69/><W20/><G35/><T59/><D6/><U11/><E103/><V43/><F43/><W16/><G101/><T123/><D133/><U65/><E42/><V134/><F30/><W118/><G105/><T46/><D97/><U77/><E11/><V57/><F33/><W93/><REACH who="3" step="1"/><G118/><REACH who="3" ten="63,348,390,189" step="2"/><T68/><D68/><U10/><E70/><V135/><F135/><W113/><G113/><T23/><REACH who="0" step="1"/><D63/><REACH who="0" ten="53,348,390,189" step="2"/><U24/><E62/><V38/><F134/><W129/><G129/><T132/><D132/><U117/><E117/><V50/><F100/><W89/><G89/><T82/><D82/><U75/><E81/><V37/><F37/><W87/><G87/><T2/><D2/><U130/><E130/><V45/><F38/><W44/><G44/><T17/><D17/><AGARI ba="1,2" hai="16,17,20,21,22,26,28,34,74,79,83,86,91,93" machi="17" ten="40,5200,0" yaku="1,1,52,1,54,1,53,0" doraHai="106" doraHaiUra="102" who="3" fromWho="0" sc="53,-55,348,0,390,0,189,75" owari="-2,-50.0,348,15.0,390,49.0,264,-14.0" /></mjloggm>