<mjloggm ver="2.3"><GO type="43"/><UN n0="%32%30%30%32%74%61%74%69" n1="%6D%69%79%75" n2="%EF%BC%88%E2%89%A7%E2%96%BD%E2%89%A6%EF%BC%89" n3="%44%44%54" dan="14,14,14,15" rate="1865,1927,2070,1929" sx="M,F,M,M"/><TAIKYOKU oya="0"/><INIT seed="0,0,0,4,3,74" ten="250,250,250,250" oya="0" hai0="89,24,28,90,45,67,106,37,81,19,98,129,107" hai1="104,134,26,60,125,39,132,42,94,78,53,119,87" hai2="88,5,4,91,8,69,102,116,10,38,103,92,3" hai3="118,115,76,40,95,133,109,80,18,12,85,112,86"/><T46/><D129/><U9/><E104/><V61/><F116/><W120/><G118/><T111/><D111/><U83/><E119/><V97/><F38/><W59/><G109/><T23/><D67/><U6/><E125/><V63/><F69/><W27/><G120/><T1/><D1/><U0/><E26/><V22/><F22/><W101/><G133/><T55/><D107/><U100/><E53/><V36/><F36/><W108/><G108/><T58/><D37/><U82/><E60/><V17/><F17/><W124/><G124/><T128/><D128/><U105/><E94/><V51/><F51/><W71/><G71/><T25/><D106/><U64/><E64/><V30/><F30/><W52/><G40/><T96/><D28/><U34/><E34/><V68/><F68/><W122/><G27/><T130/><D130/><U35/><E83/><V70/><F70/><W121/><G121/><T75/><D75/><N who="1" m="43359" /><E35/><V72/><F72/><W127/><G127/><T66/><D66/><U84/><E87/><V99/><F3/><W135/><G122/><T113/><D113/><U7/><E84/><V110/><F110/><W20/><G135/><T16/><D81/><U2/><E132/><V93/><AGARI ba="0,0" hai="4,5,8,10,61,63,88,91,92,93,97,99,102,103" machi="93" ten="25,6400,0" yaku="0,1,22,2,8,1" doraHai="74" who="2" fromWho="2" sc="250,-32,250,-16,250,64,250,-16" /><INIT seed="1,0,0,0,2,75" ten="218,234,314,234" oya="1" hai0="13,5,131,11,19,130,103,36,10,73,21,124,9" hai1="62,59,78,85,119,40,101,109,16,96,43,30,121" hai2="50,89,123,3,27,52,15,58,51,72,108,1,2" hai3="68,48,84,0,126,23,42,44,97,28,132,32,14"/><U87/><E119/><V113/><F123/><W20/><G0/><T35/><D36/><U77/><E121/><V90/><F113/><W79/><G68/><T115/><D103/><U110/><E30/><V4/><F108/><N who="1" m="41577" /><E16/><V82/><F27/><W74/><G74/><T106/><D106/><N who="1" m="63783" /><E87/><V112/><F112/><W56/><G32/><T93/><D93/><U47/><E85/><V128/><F128/><N who="0" m="49194" /><D73/><U25/><E25/><V70/><F70/><W81/><G132/><T33/><D124/><U61/><E59/><V127/><F127/><W118/><G126/><T99/><D99/><U12/><E12/><V26/><F26/><W45/><G118/><T120/><D120/><U55/><E55/><V17/><F4/><W98/><G56/><T54/><D54/><U24/><E24/><V133/><F58/><W95/><G28/><T6/><D115/><U64/><E43/><V67/><F52/><W100/><G14/><T49/><D49/><N who="1" m="26855" /><E64/><V22/><F67/><W69/><G69/><T86/><D86/><U117/><E117/><V134/><F134/><W76/><G45/><T80/><D80/><U111/><N who="1" m="41585" /><U122/><DORA hai="94" /><E122/><V92/><F133/><W46/><G46/><T114/><D114/><U63/><AGARI ba="0,0" hai="61,62,63,77,78" m="26855,63783,41585" machi="63" ten="50,12000,1" yaku="14,1,10,1,52,3" doraHai="75,94" who="1" fromWho="1" sc="218,-40,234,120,314,-40,234,-40" /><INIT seed="1,1,0,1,2,125" ten="178,354,274,194" oya="1" hai0="63,2,80,44,52,48,129,41,103,107,109,17,97" hai1="101,47,18,73,90,26,55,128,69,37,0,34,79" hai2="71,122,77,43,87,19,60,4,118,40,11,57,126" hai3="91,7,54,82,120,106,58,133,100,86,38,130,30"/><U94/><E69/><V119/><F122/><W110/><G38/><T36/><D109/><U13/><E101/><V115/><F126/><W28/><G110/><T72/><D129/><U70/><E70/><V6/><F71/><W1/><G120/><T9/><D63/><U98/><E0/><V116/><F115/><W27/><G130/><T49/><D52/><U84/><E73/><V134/><F134/><W89/><G133/><T75/><D75/><U56/><E128/><V135/><F135/><W39/><G39/><T92/><D107/><U123/><E123/><V53/><F19/><W50/><G1/><T12/><REACH who="0" step="1"/><D2/><REACH who="0" step="2"/><U121/><E55/><V10/><F119/><W88/><G106/><T20/><D20/><U15/><E34/><V61/><F118/><W114/><G114/><T96/><D96/><U127/><E98/><V117/><F116/><W45/><G54/><T32/><D32/><U35/><E35/><V66/><F117/><W51/><G51/><T112/><D112/><U113/><E113/><V108/><F108/><W8/><G50/><T42/><D42/><U78/><E127/><V3/><F61/><W81/><G58/><T14/><D14/><U68/><E56/><V25/><F53/><W65/><G45/><T85/><D85/><U76/><E84/><V105/><F105/><W16/><G86/><T64/><D64/><U21/><E121/><V23/><F87/><W131/><G65/><T74/><D74/><U33/><E33/><V22/><F22/><W93/><G131/><T132/><D132/><U83/><E47/><V102/><F23/><RYUUKYOKU ba="1,1" sc="168,30,354,-10,274,-10,194,-10" hai0="9,12,17,36,41,44,48,49,72,80,92,97,103" /><INIT seed="2,2,1,1,1,60" ten="198,344,264,184" oya="2" hai0="89,118,125,81,56,1,130,42,78,123,12,111,7" hai1="128,116,108,26,134,102,67,9,54,86,87,71,22" hai2="105,135,27,73,90,20,43,119,59,124,62,80,84" hai3="30,51,2,93,36,18,70,48,131,34,53,4,57"/><V88/><F119/><W77/><G36/><T103/><D123/><U72/><E116/><V117/><F117/><W44/><G70/><T112/><D118/><U79/><E72/><V120/><F120/><W66/><G131/><T76/><D112/><U40/><E128/><V126/><F135/><W32/><G30/><T11/><D130/><U92/><E54/><V127/><F105/><W61/><G77/><T52/><D125/><U45/><E134/><V10/><F73/><W85/><G4/><T41/><D111/><U69/><E108/><V91/><F10/><W17/><G2/><T97/><D1/><U122/><E122/><V5/><F5/><W121/><G121/><T95/><D89/><U23/><E71/><V107/><F43/><N who="0" m="16394" /><D81/><U29/><E22/><V6/><F6/><W14/><G51/><AGARI ba="2,1" hai="7,11,12,51,52,56,76,78,95,97,103" m="16394" machi="51" ten="30,1000,0" yaku="8,1" doraHai="60" who="0" fromWho="3" sc="198,26,344,0,264,0,184,-16" /><INIT seed="3,0,0,2,1,117" ten="224,344,264,168" oya="3" hai0="82,88,107,125,122,94,106,116,56,65,34,123,47" hai1="92,80,76,67,54,17,96,45,33,109,99,20,100" hai2="90,4,129,59,114,101,103,28,110,86,74,93,78" hai3="83,41,19,62,105,50,130,12,39,120,68,18,85"/><W131/><G105/><T72/><D116/><U134/><E33/><V115/><F28/><W133/><G39/><T8/><D34/><U113/><E113/><N who="2" m="43019" /><F59/><W27/><G133/><T104/><D47/><U6/><E134/><V26/><F26/><W7/><G7/><T15/><D125/><U91/><E109/><V124/><F4/><W46/><G27/><T121/><D65/><U3/><E67/><V16/><F16/><W42/><G68/><T98/><D56/><U52/><E3/><V43/><F43/><W13/><G62/><T95/><D95/><U97/><E6/><V49/><F49/><W79/><G42/><T126/><D126/><U30/><E30/><V55/><F55/><W135/><G135/><T57/><D57/><U2/><E2/><V11/><F11/><W14/><REACH who="3" step="1"/><G120/><REACH who="3" step="2"/><T61/><D61/><U38/><E38/><V32/><F124/><W53/><G53/><T102/><D15/><U111/><E52/><V66/><F66/><W81/><G81/><T75/><D8/><U22/><E54/><V31/><F110/><W112/><G112/><T35/><D35/><U77/><E111/><V25/><F25/><W29/><G29/><T23/><D23/><U69/><E69/><V21/><F31/><W10/><G10/><T58/><D58/><U64/><E64/><V0/><F21/><N who="1" m="8297" /><E80/><N who="2" m="45143" /><F32/><W132/><G132/><T63/><D63/><U40/><E40/><V73/><F0/><W48/><G48/><T36/><D36/><U1/><E1/><V60/><F60/><W5/><G5/><T70/><D70/><U118/><E118/><RYUUKYOKU ba="0,1" sc="224,15,344,-15,264,-15,158,15" hai0="72,75,82,88,94,98,102,104,106,107,121,122,123" hai3="12,13,14,18,19,41,46,50,79,83,85,130,131" /><INIT seed="3,1,1,5,4,26" ten="239,329,249,173" oya="3" hai0="72,5,122,46,12,110,31,76,61,131,67,87,66" hai1="107,49,29,36,34,4,44,120,94,86,11,102,115" hai2="134,118,103,68,21,91,82,108,74,7,106,84,57" hai3="63,8,3,27,62,99,69,51,10,54,2,85,79"/><W114/><G114/><T89/><D122/><U18/><E115/><V9/><F118/><W124/><G124/><T65/><D110/><U97/><E120/><V25/><F68/><W41/><G41/><T45/><D131/><U128/><E36/><V59/><F108/><W93/><G69/><T23/><D76/><U17/><E128/><V78/><F134/><W101/><G3/><T0/><D72/><U35/><E35/><V43/><F43/><W123/><G123/><T15/><D0/><U117/><E117/><V112/><F112/><W16/><G2/><T127/><D61/><U28/><E34/><V132/><F132/><W22/><G8/><N who="0" m="4111" /><D127/><U116/><E116/><V100/><F100/><W53/><G10/><T42/><D42/><N who="1" m="24727" /><E107/><V113/><F113/><W129/><G129/><T95/><D15/><N who="1" m="5607" /><E86/><V30/><F103/><W96/><G96/><T24/><AGARI ba="1,1" hai="23,24,31,45,46,65,66,67,87,89,95" m="4111" machi="24" ten="30,2000,0" yaku="8,1,52,1" doraHai="26" who="0" fromWho="0" sc="239,33,329,-6,249,-6,173,-11" /><INIT seed="4,0,0,4,1,46" ten="272,323,243,162" oya="0" hai0="4,124,89,63,105,77,118,0,24,13,47,12,80" hai1="78,64,101,49,100,122,42,74,120,26,27,71,130" hai2="52,68,32,106,123,57,10,29,98,128,90,1,112" hai3="18,20,127,60,16,82,40,14,116,7,17,114,70"/><T41/><D118/><U56/><E130/><V44/><F123/><W103/><G116/><T134/><D124/><U83/><E71/><V121/><F121/><W132/><G127/><T65/><D134/><U30/><E120/><V126/><F126/><W113/><G103/><T9/><D89/><U131/><E131/><V119/><F119/><W117/><G117/><T92/><D92/><U95/><E122/><V99/><F68/><W104/><G104/><T115/><D24/><U133/><E133/><V37/><F128/><W129/><G132/><T87/><D105/><U79/><E27/><V135/><F135/><W53/><G129/><T86/><D86/><U19/><E79/><V67/><F67/><N who="3" m="41319" /><G40/><T72/><D115/><U2/><E19/><V51/><F106/><W45/><G82/><T23/><D23/><U75/><E2/><V34/><F112/><N who="3" m="43115" /><G7/><T11/><D87/><U88/><E75/><V21/><F98/><W25/><G25/><T69/><D11/><U58/><E100/><V8/><F99/><W102/><G102/><T66/><D66/><U84/><E101/><V76/><F76/><W85/><G85/><T6/><D6/><U91/><E64/><V28/><F90/><W15/><G20/><T97/><D97/><U62/><E88/><V81/><F81/><W110/><G110/><T22/><D22/><N who="1" m="15703" /><E62/><V55/><F21/><W36/><G36/><AGARI ba="0,0" hai="0,4,9,12,13,36,41,47,63,65,69,72,77,80" machi="36" ten="30,5800,0" yaku="7,1,25,2" doraHai="46" who="0" fromWho="3" sc="272,58,323,0,243,0,162,-58" /><INIT seed="4,1,0,4,4,130" ten="330,323,243,104" oya="0" hai0="98,133,52,5,24,2,54,6,83,82,80,27,51" hai1="87,35,73,39,29,128,127,99,59,53,72,41,107" hai2="113,67,123,88,90,109,94,65,79,112,74,97,21" hai3="28,17,20,26,15,66,56,132,93,4,118,16,111"/><T12/><D133/><U60/><E128/><V100/><F21/><W91/><G111/><T1/><D98/><U84/><E127/><V22/><F22/><W86/><G118/><T124/><D124/><U121/><E121/><V13/><F13/><W101/><G132/><T105/><D105/><U33/><E39/><V122/><F65/><W34/><G34/><T8/><D12/><U46/><E35/><V78/><F67/><W9/><G101/><T95/><D95/><U19/><E33/><V129/><F129/><W125/><G125/><T117/><D117/><U64/><E29/><V14/><F14/><W61/><REACH who="3" step="1"/><G17/><REACH who="3" step="2"/><T63/><D5/><U48/><E19/><V37/><F109/><W40/><G40/><T58/><REACH who="0" step="1"/><D1/><REACH who="0" step="2"/><U115/><E107/><V70/><F123/><W120/><G120/><T11/><D11/><U68/><E115/><V69/><F122/><W119/><G119/><T7/><D7/><U57/><E68/><V89/><F70/><W77/><G77/><T85/><D85/><U116/><E84/><V42/><F69/><W134/><G134/><T3/><D3/><U131/><E87/><V106/><F78/><W81/><G81/><T104/><D104/><U102/><E116/><V18/><F106/><W62/><G62/><T45/><AGARI ba="1,2" hai="2,6,8,24,27,45,51,52,54,58,63,80,82,83" machi="45" ten="30,6000,0" yaku="1,1,0,1,53,1" doraHai="130" doraHaiUra="55" who="0" fromWho="0" sc="320,83,323,-21,243,-21,94,-21" /><INIT seed="4,2,0,5,5,45" ten="403,302,222,73" oya="0" hai0="108,40,76,134,4,11,88,87,107,64,7,59,100" hai1="104,44,31,10,47,102,1,90,77,135,80,109,36" hai2="67,33,103,73,118,123,34,53,3,27,105,57,129" hai3="69,51,130,23,97,16,49,13,133,110,99,58,24"/><T114/><D114/><U15/><E109/><V132/><F123/><W66/><G110/><T54/><D108/><U117/><E117/><V46/><F118/><W82/><G130/><T32/><D134/><U119/><E119/><V30/><F73/><W14/><G133/><T35/><D4/><U2/><E135/><V65/><F132/><W115/><G69/><T62/><D76/><U126/><E126/><V84/><F129/><W122/><G115/><T38/><D100/><U25/><E90/><V111/><F111/><W83/><G122/><T86/><D107/><U5/><E102/><V101/><F3/><W124/><G124/><T55/><D87/><U70/><E70/><V26/><F84/><W96/><G66/><T93/><D40/><U120/><E104/><V81/><F81/><N who="3" m="30731" /><G58/><T42/><D55/><U106/><E106/><V68/><F68/><W121/><G121/><T128/><D128/><U112/><E112/><V116/><F116/><W63/><G63/><T9/><D9/><U72/><E120/><V8/><F57/><W60/><G60/><T61/><D42/><N who="1" m="22599" /><E47/><V94/><F46/><W52/><G52/><T91/><D91/><U89/><E89/><V22/><F53/><W18/><G18/><T75/><D75/><U50/><E50/><AGARI ba="2,0" hai="13,14,16,23,24,49,50,51,96,97,99" m="30731" machi="50" ten="30,7700,0" yaku="8,1,52,3" doraHai="45" who="3" fromWho="1" sc="403,0,302,-83,222,0,73,83" /><INIT seed="5,0,0,3,3,27" ten="403,219,222,156" oya="1" hai0="34,107,114,109,2,4,105,73,37,43,86,47,62" hai1="12,66,50,121,128,35,28,71,32,74,14,113,33" hai2="61,26,15,72,129,95,19,7,120,30,18,79,92" hai3="101,94,115,49,44,132,8,133,16,56,13,10,45"/><U58/><E74/><V41/><F120/><W104/><G104/><T119/><D109/><U36/><E121/><V83/><F129/><W25/><G115/><T69/><D119/><U64/><E128/><V1/><F41/><W78/><G78/><T100/><D86/><U67/><E36/><V127/><F127/><W134/><G8/><N who="0" m="2071" /><D114/><U89/><E113/><V96/><F1/><W68/><G68/><T111/><D111/><U51/><E71/><V130/><F130/><W75/><G75/><T60/><D60/><U91/><E28/><V46/><F46/><W90/><G101/><T52/><D100/><U99/><E58/><V22/><F61/><W29/><G56/><T0/><D0/><U106/><E106/><N who="0" m="40457" /><D52/><U70/><E70/><V102/><REACH who="2" step="1"/><F95/><REACH who="2" step="2"/><W9/><G9/><AGARI ba="0,1" hai="7,9,15,18,19,22,26,30,72,79,83,92,96,102" machi="9" ten="40,8000,1" yaku="1,1,2,1,52,1,53,1" doraHai="27" doraHaiUra="24" who="2" fromWho="3" sc="403,0,219,0,212,90,156,-80" /><INIT seed="6,0,0,0,2,123" ten="403,219,302,76" oya="2" hai0="10,74,37,122,70,34,131,130,65,52,90,50,9" hai1="113,59,114,29,78,129,47,112,73,133,51,72,119" hai2="5,22,127,18,28,2,30,1,63,107,45,88,20" hai3="115,102,101,46,69,49,23,135,80,104,124,11,43"/><V132/><F107/><W4/><G69/><T125/><D122/><U26/><E78/><V38/><F63/><W128/><G104/><T57/><D125/><U42/><E119/><V84/><F127/><W75/><G124/><T86/><D74/><U55/><E133/><V117/><F117/><W16/><G135/><T56/><D70/><U120/><E120/><V106/><F106/><W12/><G115/><T39/><D34/><U99/><E99/><V98/><F98/><W118/><G118/><T3/><D65/><U44/><E129/><N who="0" m="49161" /><D57/><U94/><E94/><V41/><F132/><W111/><G128/><T91/><D91/><U85/><E85/><V54/><F54/><W79/><REACH who="3" step="1"/><G111/><REACH who="3" step="2"/><T6/><D10/><U14/><E112/><V67/><F67/><W40/><G40/><T126/><D126/><U36/><E42/><V27/><F5/><W103/><G103/><T95/><AGARI ba="0,1" hai="3,6,9,37,39,50,52,56,86,90,95" m="49161" machi="95" ten="30,1100,0" yaku="19,1" doraHai="123" who="0" fromWho="0" sc="403,21,219,-3,302,-5,66,-3" /><INIT seed="7,0,0,3,4,60" ten="424,216,297,63" oya="3" hai0="63,78,29,0,39,21,128,51,90,65,46,5,6" hai1="95,26,117,45,7,68,105,8,113,124,15,18,28" hai2="99,89,118,76,101,120,12,33,37,47,93,1,38" hai3="91,72,66,64,55,96,50,109,74,111,59,36,86"/><W103/><G36/><T25/><D39/><U32/><E113/><V121/><F118/><W3/><G3/><T57/><D128/><U30/><E124/><V4/><F1/><W40/><G40/><N who="0" m="25031" /><D0/><U42/><E117/><V53/><F33/><W122/><G122/><N who="2" m="47209" /><F76/><W97/><G74/><T54/><D78/><U127/><E127/><V9/><F101/><W114/><G72/><T85/><D54/><U67/><E95/><AGARI ba="0,0" hai="5,6,21,25,29,57,63,65,85,90,95" m="25031" machi="95" ten="30,2000,0" yaku="8,1,52,1" doraHai="60" who="0" fromWho="1" sc="424,20,216,-20,297,0,63,0" owari="444,54,196,-20,297,10,63,-44" /></mjloggm>