<mjloggm ver="2.3"><GO type="73"/><UN n0="%EF%BC%88%E2%89%A7%E2%96%BD%E2%89%A6%EF%BC%89" n1="%E3%81%96%E3%81%96%E3%83%BC%E3%82%93" n2="%54%2E%54%4F%4D%4F" n3="%EF%BC%AE%EF%BC%A5%EF%BC%B7%EF%BC%AD%EF%BC%A1%EF%BC%AE" dan="4,10,1,0" rate="1619,1644,1533,1500" sx="M,M,M,M"/><TAIKYOKU oya="0"/><INIT seed="0,0,0,3,1,46" ten="250,250,250,250" oya="0" hai0="72,42,106,50,11,95,93,120,100,67,6,51,27" hai1="15,21,58,69,81,3,18,89,122,17,64,40,75" hai2="88,2,59,23,43,111,37,22,117,92,124,44,132" hai3="31,45,91,10,135,99,107,123,35,90,79,127,13"/><T105/><D120/><U60/><E122/><V94/><F2/><W97/><G123/><T87/><D72/><U80/><E69/><V126/><F117/><W49/><G35/><T57/><D106/><U63/><E3/><V1/><F1/><W121/><G31/><T134/><D134/><U86/><E18/><V125/><F132/><W130/><G135/><T70/><D70/><U109/><E109/><V14/><F111/><W30/><G121/><T98/><D27/><U74/><E63/><V20/><F94/><W73/><G30/><T61/><D42/><U77/><E75/><V115/><F115/><W19/><G130/><T129/><D129/><U4/><E40/><V101/><F101/><W76/><G127/><T84/><D105/><U96/><E96/><V103/><F103/><W48/><G107/><T53/><D95/><U12/><REACH who="1" step="1"/><E4/><REACH who="1" step="2"/><V25/><F59/><W128/><G73/><T102/><D102/><U55/><E55/><V28/><REACH who="2" step="1"/><F14/><AGARI ba="0,1" hai="12,14,15,17,21,58,60,64,74,77,80,81,86,89" machi="14" ten="30,2000,0" yaku="1,1,7,1,53,0" doraHai="46" doraHaiUra="39" who="1" fromWho="2" sc="250,0,240,30,250,-20,250,0" /><INIT seed="1,0,0,0,2,68" ten="250,270,230,250" oya="1" hai0="99,73,11,44,15,50,89,33,39,59,66,22,107" hai1="63,28,80,111,128,47,119,125,51,52,35,58,12" hai2="6,49,123,113,25,57,1,90,92,126,97,93,37" hai3="88,135,104,29,98,31,101,120,7,17,130,82,62"/><U24/><E119/><V116/><F37/><W78/><G120/><T5/><D33/><U108/><E128/><V76/><F116/><W71/><G7/><T79/><D73/><U127/><E80/><V3/><F123/><W115/><G115/><T8/><D79/><U27/><E12/><V109/><F113/><W84/><G71/><T40/><D107/><U55/><REACH who="1" step="1"/><E27/><REACH who="1" step="2"/><V124/><F3/><W48/><G130/><T117/><D117/><U9/><E9/><V2/><F1/><W38/><G135/><T14/><D22/><U102/><E102/><V19/><F2/><W77/><G101/><T87/><D99/><U134/><E134/><V118/><F25/><W70/><G98/><T43/><D11/><U45/><E45/><V20/><F118/><W65/><G82/><N who="0" m="49399" /><D15/><U106/><E106/><V46/><F97/><W0/><G104/><T16/><D14/><U132/><E132/><V75/><F46/><W23/><G23/><T72/><D8/><U131/><E131/><V103/><F20/><W30/><G0/><T60/><D5/><U69/><E69/><V95/><F6/><W4/><G4/><T83/><D83/><U122/><E122/><V18/><F103/><W91/><G70/><N who="0" m="42311" /><D16/><U94/><E94/><V121/><F18/><W96/><G17/><T81/><D81/><U26/><E26/><V133/><F19/><W100/><G100/><T74/><D59/><U86/><E86/><V114/><F57/><W67/><G84/><T10/><D10/><U36/><E36/><V56/><F121/><W112/><G38/><T105/><D105/><RYUUKYOKU ba="0,1" sc="250,15,260,15,230,-15,250,-15" hai0="39,40,43,44,50,72,74" hai1="24,28,35,47,51,52,55,58,63,108,111,125,127" /><INIT seed="1,1,1,3,5,1" ten="265,275,215,235" oya="1" hai0="2,105,123,25,94,104,108,71,20,10,79,59,31" hai1="5,69,53,58,33,95,87,115,17,78,13,8,81" hai2="14,127,89,92,111,57,0,48,96,100,101,86,38" hai3="74,61,93,15,49,97,132,119,16,19,45,75,109"/><U24/><E115/><V28/><F0/><W7/><G109/><T50/><D71/><U112/><E112/><V12/><F38/><W73/><G132/><T40/><D108/><U77/><E69/><V29/><F111/><W51/><G119/><T32/><D123/><U21/><E33/><V80/><F127/><W39/><G39/><T84/><D32/><U54/><E95/><V6/><F101/><W35/><G35/><T41/><D2/><U62/><REACH who="1" step="1"/><E54/><REACH who="1" step="2"/><N who="2" m="31943" /><F14/><W82/><G82/><N who="0" m="47199" /><D105/><U30/><E30/><V88/><F100/><W90/><G15/><T83/><D104/><U3/><E3/><V113/><F113/><W130/><G130/><T34/><D34/><U18/><E18/><V68/><F68/><W107/><G107/><T117/><D117/><U124/><E124/><V102/><F102/><W63/><G7/><T56/><D83/><U46/><E46/><V64/><F64/><W121/><G121/><T120/><D120/><U85/><E85/><V65/><F65/><W22/><G45/><N who="0" m="25895" /><D94/><U91/><AGARI ba="1,2" hai="5,8,13,17,21,24,53,58,62,77,78,81,87,91" machi="91" ten="20,12000,1" yaku="1,1,0,1,7,1,8,1,52,1,53,0" doraHai="1" doraHaiUra="99" who="1" fromWho="1" sc="265,-41,265,143,215,-41,235,-41" /><INIT seed="1,2,0,4,0,80" ten="224,408,174,194" oya="1" hai0="28,87,37,90,67,74,127,107,62,55,49,29,81" hai1="23,79,88,6,71,44,82,94,43,40,0,111,118" hai2="91,33,51,99,16,52,24,2,83,120,48,57,35" hai3="5,10,135,38,61,97,19,109,77,93,73,65,100"/><U22/><E118/><V8/><F120/><W117/><G109/><T27/><D127/><U108/><E71/><V39/><F39/><W21/><G117/><T46/><D107/><U70/><E70/><V112/><F112/><W131/><G135/><T125/><D125/><U76/><E0/><V50/><F2/><W86/><G131/><T115/><D115/><U114/><E6/><V106/><F106/><W122/><G122/><T59/><D74/><U128/><E128/><V92/><F35/><W130/><G130/><T123/><D123/><U32/><E114/><V63/><F33/><W36/><G73/><T98/><D98/><N who="1" m="57671" /><E32/><V26/><F83/><W66/><G66/><T104/><D104/><U45/><E82/><V64/><REACH who="2" step="1"/><F64/><REACH who="2" step="2"/><W11/><G65/><T102/><D37/><U129/><E129/><V124/><F124/><W72/><G38/><T133/><D133/><U105/><E105/><V84/><F84/><W31/><G36/><T60/><D102/><U7/><E7/><V14/><AGARI ba="2,1" hai="8,14,16,24,26,48,50,51,52,57,63,91,92,99" machi="14" ten="30,12000,2" yaku="1,1,0,1,8,1,54,2,53,1" doraHai="80" doraHaiUra="95" who="2" fromWho="2" sc="224,-32,408,-62,164,136,194,-32" /><INIT seed="2,0,0,0,4,119" ten="192,346,300,162" oya="2" hai0="106,5,28,98,81,27,8,55,122,40,53,30,128" hai1="92,54,11,90,108,127,12,2,75,24,71,85,124" hai2="7,87,72,80,135,68,36,13,132,47,61,46,48" hai3="109,126,0,95,104,52,77,110,133,100,33,59,102"/><V18/><F7/><W99/><G0/><T41/><D128/><U65/><E108/><V1/><F1/><W88/><G33/><T129/><D129/><U63/><E75/><V84/><F72/><W96/><G59/><T107/><D81/><U15/><E2/><V39/><F84/><W118/><G52/><T45/><D122/><U74/><E74/><V82/><F82/><W58/><G58/><T32/><D30/><U21/><E54/><V20/><F68/><W97/><G118/><T125/><D125/><N who="1" m="48203" /><E11/><V94/><F61/><W120/><G126/><T17/><D17/><AGARI ba="0,0" hai="12,15,17,21,24,63,65,71,85,90,92" m="48203" machi="17" ten="30,1000,0" yaku="18,1" doraHai="119" who="1" fromWho="0" sc="192,-10,346,10,300,0,162,0" /><INIT seed="3,0,0,4,1,23" ten="182,356,300,162" oya="3" hai0="133,7,83,51,42,130,18,49,132,29,64,3,116" hai1="93,107,91,12,62,8,36,121,22,118,41,58,127" hai2="75,63,38,40,120,54,15,10,66,101,128,55,74" hai3="104,102,125,92,81,119,78,25,14,117,80,105,24"/><W37/><G37/><T85/><D116/><U95/><E121/><V44/><F120/><W76/><G14/><T31/><D64/><U21/><E118/><V45/><F128/><W109/><G109/><T89/><D130/><U47/><E127/><V9/><F101/><W68/><G102/><T35/><D18/><U108/><E107/><V88/><F10/><W28/><G28/><N who="0" m="10827" /><D35/><U52/><E95/><V103/><F103/><W112/><G92/><T34/><D34/><U26/><E26/><V56/><F75/><W111/><G111/><T20/><D42/><U114/><E114/><V82/><F74/><W90/><G90/><T32/><D20/><U79/><E79/><V100/><F100/><W27/><G68/><T86/><D32/><U59/><E59/><V33/><F33/><W16/><G16/><T13/><D3/><U110/><E110/><V97/><F45/><W96/><G96/><T1/><D1/><U4/><REACH who="1" step="1"/><E108/><REACH who="1" step="2"/><V84/><REACH who="2" step="1"/><F97/><AGARI ba="0,1" hai="4,8,12,21,22,36,41,47,52,58,62,91,93,97" machi="97" ten="30,7700,0" yaku="1,1,2,1,7,1,54,1,53,0" doraHai="23" doraHaiUra="65" who="1" fromWho="2" sc="182,0,346,87,300,-77,162,0" /><INIT seed="4,0,0,2,3,109" ten="182,433,223,162" oya="0" hai0="54,92,83,88,34,4,118,65,123,110,66,106,63" hai1="130,46,128,72,105,77,56,52,116,14,31,38,3" hai2="81,124,82,50,7,26,133,62,30,13,101,127,22" hai3="84,21,48,100,25,15,24,40,131,132,94,114,90"/><T69/><D123/><U41/><E116/><V115/><F133/><W44/><G131/><N who="1" m="50218" /><E105/><V32/><F101/><W11/><G132/><T135/><D118/><U122/><E3/><V108/><F108/><W87/><G114/><T64/><D135/><U117/><E117/><V20/><F62/><W96/><G87/><T120/><D120/><U27/><E122/><V35/><F50/><W18/><REACH who="3" step="1"/><G11/><REACH who="3" step="2"/><T60/><D110/><U129/><E72/><V99/><F99/><W10/><G10/><T91/><D106/><AGARI ba="0,1" hai="15,18,21,24,25,40,44,48,84,90,94,96,100,106" machi="106" ten="30,2000,0" yaku="1,1,7,1,53,0" doraHai="109" doraHaiUra="1" who="3" fromWho="0" sc="182,-20,433,0,223,0,152,30" /><INIT seed="5,0,0,3,5,9" ten="162,433,223,182" oya="1" hai0="98,117,60,73,90,49,18,72,76,44,80,46,36" hai1="8,118,7,42,119,134,79,127,123,13,82,30,112" hai2="125,11,15,84,0,20,27,70,59,114,22,56,110" hai3="69,130,65,28,93,101,54,4,29,31,71,23,2"/><U100/><E123/><V12/><F70/><W126/><G101/><T106/><D117/><U113/><E127/><V48/><F110/><W5/><G93/><T83/><D36/><U86/><E134/><V75/><F75/><W102/><G102/><T85/><D73/><U91/><E42/><V21/><F125/><W99/><G99/><T37/><D37/><U97/><E30/><V128/><F128/><W77/><G126/><T116/><D116/><U105/><REACH who="1" step="1"/><E79/><REACH who="1" step="2"/><V3/><F114/><AGARI ba="0,1" hai="7,8,13,82,86,91,97,100,105,112,113,114,118,119" machi="114" ten="40,12000,1" yaku="1,1,2,1,15,1,52,1,53,1" doraHai="9" doraHaiUra="95" who="1" fromWho="2" sc="162,0,423,130,223,-120,182,0" /><INIT seed="5,1,0,1,0,62" ten="162,553,103,182" oya="1" hai0="85,80,29,1,124,118,59,68,28,55,119,69,96" hai1="45,122,60,113,87,109,92,2,105,128,93,56,32" hai2="83,95,40,77,33,12,47,110,104,41,120,65,135" hai3="133,70,89,18,84,37,86,129,108,10,130,79,4"/><U27/><E122/><V64/><F104/><W34/><G37/><T20/><D1/><U51/><E113/><V132/><F33/><W91/><G70/><T100/><D124/><U94/><E109/><V88/><F120/><W16/><G34/><T125/><D125/><U46/><E128/><V39/><F110/><W21/><G108/><T31/><D20/><U19/><E105/><V11/><F40/><W36/><G36/><T44/><D44/><U30/><E2/><V3/><F135/><W15/><G133/><T127/><D127/><U74/><E74/><V98/><F132/><W53/><G53/><T134/><D134/><U9/><E9/><V78/><F78/><W123/><G123/><T117/><D96/><U5/><E87/><V63/><F63/><W22/><G79/><T0/><D100/><U54/><E19/><V72/><REACH who="2" step="1"/><F3/><REACH who="2" step="2"/><W61/><G61/><T58/><D0/><U116/><E116/><V75/><F75/><W14/><G10/><T23/><D55/><U42/><E5/><AGARI ba="1,1" hai="5,11,12,39,41,47,64,65,72,77,83,88,95,98" machi="5" ten="30,8000,1" yaku="1,1,7,1,52,2,54,1,53,0" doraHai="62" doraHaiUra="26" who="2" fromWho="1" sc="162,0,553,-83,93,93,182,0" /><AGARI ba="1,0" hai="4,5,14,15,16,18,21,22,84,86,89,91,129,130" machi="5" ten="25,3200,0" yaku="22,2,54,1" doraHai="62" who="3" fromWho="1" sc="162,0,470,-32,186,0,182,32" /><INIT seed="6,0,0,2,2,65" ten="162,438,186,214" oya="2" hai0="102,19,28,75,30,32,39,60,43,42,48,41,88" hai1="132,77,73,26,124,115,35,70,126,20,105,34,72" hai2="130,80,36,129,103,110,49,44,14,134,6,69,22" hai3="7,3,27,53,31,33,97,52,76,10,98,13,113"/><V118/><F118/><W54/><G76/><T2/><D2/><U24/><E115/><V117/><F117/><W91/><G113/><T23/><D75/><N who="1" m="28747" /><E77/><V15/><F36/><W92/><G97/><T79/><D79/><U128/><E105/><V112/><F112/><W45/><G45/><T84/><D39/><U1/><E1/><V16/><F134/><W82/><G82/><N who="0" m="49175" /><D102/><U51/><E51/><V83/><F110/><W95/><G95/><T87/><D32/><N who="1" m="12331" /><E20/><V90/><F103/><W111/><REACH who="3" step="1"/><G3/><REACH who="3" step="2"/><T89/><D60/><U114/><E114/><V58/><F90/><W116/><G116/><T38/><D38/><U71/><E132/><V40/><F58/><W4/><G4/><T47/><D47/><U104/><E128/><N who="2" m="49259" /><F69/><N who="1" m="26121" /><E104/><V55/><F40/><W135/><G135/><T57/><D48/><U119/><E119/><V133/><F133/><W18/><G18/><T59/><D57/><U96/><E96/><V100/><F100/><W9/><G9/><AGARI ba="0,1" hai="6,9,14,15,16,22,44,49,55,80,83" m="49259" machi="9" ten="30,2900,0" yaku="19,1,54,1" doraHai="65" who="2" fromWho="3" sc="162,0,438,0,186,39,204,-29" /><INIT seed="6,1,0,4,1,127" ten="162,438,225,175" oya="2" hai0="16,124,50,98,103,133,121,89,102,61,108,69,73" hai1="82,53,21,105,23,74,59,51,92,111,107,120,6" hai2="79,114,131,96,22,126,94,56,43,113,97,52,13" hai3="3,4,81,123,117,42,25,104,15,62,99,45,29"/><V2/><F2/><W44/><G117/><T115/><D73/><U125/><E120/><V9/><F126/><W8/><G123/><T101/><D124/><U14/><E125/><V80/><F43/><W40/><G104/><T34/><D121/><U132/><E111/><V78/><F22/><W122/><G122/><T54/><D108/><U93/><E132/><V11/><F11/><W7/><G99/><T91/><D34/><U68/><E68/><V116/><F116/><W47/><G3/><T1/><D1/><U84/><E74/><V87/><F78/><W55/><G81/><T100/><D133/><U32/><E32/><V20/><F20/><N who="1" m="7753" /><E107/><V33/><F33/><W130/><G25/><T119/><D119/><U63/><E105/><V76/><F76/><W135/><G29/><T26/><D115/><N who="2" m="44042" /><F94/><W24/><G24/><T28/><D16/><U58/><E6/><N who="2" m="3255" /><F131/><W109/><G135/><T19/><D19/><U71/><E14/><V27/><F27/><W18/><G109/><T30/><D26/><U37/><E71/><V129/><F129/><W88/><G130/><T60/><D69/><U128/><E37/><V35/><F35/><W5/><G88/><N who="0" m="33867" /><D28/><U85/><E128/><V95/><F95/><N who="1" m="36425" /><E82/><V134/><F134/><W75/><G75/><T46/><D30/><U36/><E36/><V90/><F79/><W83/><G83/><T64/><D100/><U72/><E72/><V70/><F70/><W106/><G106/><T77/><D77/><U66/><AGARI ba="1,0" hai="51,53,58,59,63,66,84,85" m="36425,7753" machi="66" ten="30,1100,0" yaku="8,1" doraHai="127" who="1" fromWho="1" sc="162,-4,438,14,225,-6,175,-4" /><INIT seed="7,0,0,5,5,80" ten="158,452,219,171" oya="3" hai0="7,81,12,133,70,33,116,75,42,87,37,16,95" hai1="47,8,128,124,63,6,77,97,57,11,1,48,38" hai2="28,24,66,83,61,14,121,99,62,104,36,40,96" hai3="19,52,118,20,135,72,86,27,23,68,93,101,91"/><W50/><G118/><T64/><D116/><U39/><E128/><V125/><F121/><W35/><G68/><T67/><D33/><U32/><E124/><V15/><F125/><W13/><G72/><T107/><D107/><U55/><E32/><V88/><F36/><W22/><G135/><T44/><D133/><U53/><E11/><V18/><F40/><W115/><G115/><T134/><D134/><U5/><E5/><V122/><F122/><W126/><G126/><T49/><D70/><U92/><REACH who="1" step="1"/><E77/><REACH who="1" step="2"/><V79/><F79/><W98/><G35/><T129/><D129/><U108/><E108/><V94/><F104/><W120/><G120/><T21/><D37/><U112/><E112/><V58/><F99/><W110/><G110/><T109/><D109/><U9/><E9/><V132/><F132/><W69/><G69/><T85/><D75/><U106/><E106/><V73/><F73/><W25/><G27/><T82/><D7/><U43/><E43/><V113/><F113/><W127/><G127/><T30/><D30/><U4/><E4/><V34/><F83/><N who="0" m="31754" /><D95/><U46/><E46/><V123/><F123/><W0/><G25/><T54/><D42/><U105/><E105/><V29/><F29/><W114/><G114/><T84/><AGARI ba="0,1" hai="12,16,21,44,49,54,64,67,84,85,87" m="31754" machi="84" ten="30,8000,1" yaku="8,1,52,3,54,1" doraHai="80" who="0" fromWho="0" sc="158,90,442,-20,219,-20,171,-40" owari="248,5,422,52,199,-20,131,-37" /></mjloggm>