<mjloggm ver="2.3"><GO type="41"/><UN n0="%E3%81%82%E3%81%A3%E3%81%8F%E3%82%93%EF%BC%93%EF%BC%99" n1="%E4%B8%8B%E8%A1%86%E3%83%A4%E3%83%90%E5%A4%AB" n2="%62%6C%75%65%2D%67" n3="%EF%BC%88%E2%89%A7%E2%96%BD%E2%89%A6%EF%BC%89" dan="13,13,15,15" rate="1832,1838,1953,2025" sx="M,M,M,M"/><TAIKYOKU oya="0"/><INIT seed="0,0,0,1,5,123" ten="250,250,250,250" oya="0" hai0="127,129,40,24,9,46,95,27,82,22,29,73,36" hai1="7,51,32,23,60,54,39,96,64,114,125,108,107" hai2="99,37,53,134,85,100,117,81,102,45,18,133,47" hai3="113,105,87,0,112,124,110,49,52,63,5,3,103"/><T128/><D127/><U120/><E125/><V132/><F117/><W35/><G124/><T131/><D9/><U75/><E120/><V91/><F37/><W31/><G35/><N who="0" m="20903" /><D95/><U21/><E75/><V97/><F18/><W28/><G105/><T118/><D118/><U43/><E32/><V76/><F76/><W86/><G103/><N who="2" m="39465" /><F53/><W72/><G72/><T61/><D73/><U68/><E96/><AGARI ba="0,0" hai="45,47,81,85,91,96,97,99,132,133,134" m="39465" machi="96" ten="40,1300,0" yaku="20,1" doraHai="123" who="2" fromWho="1" sc="250,0,250,-13,250,13,250,0" /><INIT seed="1,0,0,5,2,13" ten="250,237,263,250" oya="1" hai0="32,103,65,39,79,50,26,48,69,44,115,73,134" hai1="92,40,8,31,18,63,76,7,38,127,58,95,27" hai2="68,96,62,19,9,28,99,90,70,42,4,72,129" hai3="77,24,88,36,47,37,46,117,87,126,21,106,132"/><U109/><E76/><V74/><F28/><W93/><G117/><T135/><D103/><U64/><E127/><V53/><F129/><W121/><G121/><T49/><D79/><U17/><E109/><V0/><F42/><W86/><G126/><T118/><D73/><U98/><E38/><V51/><F70/><W122/><G106/><T133/><D26/><U102/><E92/><V34/><F34/><W83/><G122/><T110/><D32/><U14/><E40/><V57/><F19/><W45/><REACH who="3" step="1"/><G132/><REACH who="3" ten="250,237,263,240" step="2"/><T128/><D118/><U105/><REACH who="1" step="1"/><E105/><REACH who="1" ten="250,227,263,240" step="2"/><V41/><F72/><W1/><G1/><T85/><D110/><U30/><E30/><AGARI ba="0,2" hai="21,24,30,36,37,45,46,47,77,83,86,87,88,93" machi="30" ten="40,2600,0" yaku="1,1,54,1,53,0" doraHai="13" doraHaiUra="10" who="3" fromWho="1" sc="250,0,227,-26,263,0,240,46" /><INIT seed="2,0,0,0,4,18" ten="250,201,263,286" oya="2" hai0="62,31,51,104,75,50,101,43,119,111,40,118,60" hai1="125,95,128,91,110,108,63,26,127,2,41,71,39" hai2="97,54,14,124,100,109,56,30,83,58,17,20,122" hai3="13,34,33,112,85,131,133,8,116,11,5,27,114"/><V59/><F122/><W0/><G85/><T81/><D31/><U90/><E2/><V77/><F124/><W106/><G106/><T64/><D101/><U12/><E39/><V94/><F30/><N who="3" m="19679" /><G116/><N who="0" m="44587" /><D104/><U36/><E12/><V28/><F28/><W134/><G34/><T15/><D15/><U93/><E26/><V80/><F109/><N who="1" m="42089" /><E36/><V32/><F32/><W126/><G131/><T129/><D75/><U130/><E41/><N who="0" m="15945" /><D81/><N who="2" m="31306" /><F77/><W74/><G74/><T21/><D21/><U115/><E63/><AGARI ba="0,0" hai="14,17,20,54,56,58,59,63,94,97,100" m="31306" machi="63" ten="30,2900,0" yaku="8,1,52,1" doraHai="18" who="2" fromWho="1" sc="250,0,201,-29,263,29,286,0" /><INIT seed="2,1,0,0,1,53" ten="250,172,292,286" oya="2" hai0="128,70,6,61,80,127,87,52,25,105,92,20,33" hai1="76,54,112,75,44,125,130,12,13,82,17,135,114" hai2="14,74,56,91,78,108,106,38,134,79,69,81,22" hai3="32,57,7,117,90,95,98,45,3,67,121,133,129"/><V21/><F69/><W35/><G117/><T122/><D105/><U40/><E135/><V109/><F38/><W26/><G121/><T16/><D122/><U62/><E130/><V15/><F134/><W50/><G133/><T60/><D127/><U55/><E125/><V59/><F106/><W24/><G129/><T68/><D128/><U10/><E12/><N who="2" m="4651" /><F91/><W100/><G35/><T37/><D37/><U41/><E41/><V58/><F79/><W102/><G3/><T72/><D72/><U77/><E76/><V86/><F74/><W84/><G7/><T64/><D70/><U83/><E82/><V30/><F30/><W93/><G102/><T116/><D116/><U29/><E29/><V49/><F49/><W104/><G32/><T101/><D33/><U120/><E120/><V118/><F118/><W4/><G4/><T31/><D6/><U89/><E89/><V43/><F43/><N who="3" m="24895" /><G104/><T124/><D124/><U88/><E88/><V126/><F126/><W1/><G1/><T8/><D8/><U27/><E27/><V18/><F18/><W0/><G0/><T5/><D5/><U111/><E111/><AGARI ba="1,0" hai="21,22,56,58,59,78,81,86,108,109,111" m="4651" machi="111" ten="30,12000,1" yaku="14,1,10,1,52,3" doraHai="53" who="2" fromWho="1" sc="250,0,172,-123,292,123,286,0" /><INIT seed="2,2,0,2,2,113" ten="250,49,415,286" oya="2" hai0="38,68,48,78,11,119,91,35,111,15,5,80,24" hai1="131,49,53,47,20,92,58,89,88,70,18,65,126" hai2="36,98,82,97,85,0,87,67,76,37,34,66,128" hai3="23,71,122,27,12,2,81,9,40,130,96,59,55"/><V121/><F0/><W39/><G122/><T124/><D68/><U108/><E131/><V101/><F34/><W84/><G71/><T19/><D38/><U118/><E126/><V44/><F121/><W28/><G2/><T42/><D124/><U103/><E118/><V45/><F128/><W94/><G130/><T56/><D111/><U77/><E108/><V102/><F82/><W52/><G39/><T93/><D35/><U29/><E77/><AGARI ba="2,0" hai="36,37,44,45,66,67,76,77,85,87,97,98,101,102" machi="77" ten="25,2400,0" yaku="22,2" doraHai="113" who="2" fromWho="1" sc="250,0,49,-30,415,30,286,0" /><INIT seed="2,3,0,1,1,55" ten="250,19,445,286" oya="2" hai0="86,72,22,21,117,34,14,1,102,10,115,12,16" hai1="54,63,108,129,17,70,13,74,52,109,87,120,84" hai2="42,9,39,59,131,8,130,6,134,71,85,36,28" hai3="122,18,76,31,60,64,7,127,96,29,135,38,30"/><V119/><BYE who="1" /><F71/><W90/><G38/><T67/><D72/><U105/><E105/><V104/><F119/><W93/><G122/><T123/><D123/><U26/><E26/><V92/><F104/><W41/><G135/><T3/><D67/><U11/><E11/><V23/><F134/><W43/><G127/><T58/><D102/><UN n1="%E4%B8%8B%E8%A1%86%E3%83%A4%E3%83%90%E5%A4%AB" /><U132/><E120/><V65/><F42/><W91/><G7/><T97/><D97/><U47/><E70/><V103/><F39/><W73/><G91/><T2/><D58/><U62/><E74/><V40/><F40/><W128/><G128/><T45/><D45/><U61/><E13/><V116/><F36/><W118/><G118/><T53/><D53/><N who="1" m="20587" /><E17/><V66/><F116/><W99/><G99/><T46/><D46/><U112/><E47/><V0/><F9/><W124/><G124/><T68/><D68/><U44/><E132/><V75/><F75/><W37/><G37/><T19/><D86/><N who="1" m="32811" /><E44/><V133/><F85/><W69/><REACH who="3" step="1"/><G18/><REACH who="3" ten="250,19,445,276" step="2"/><N who="0" m="8471" /><D117/><U51/><E129/><V107/><F131/><W101/><G101/><T94/><D115/><U111/><E51/><V32/><F103/><W25/><G25/><N who="0" m="14503" /><D94/><U49/><E49/><V56/><F92/><W35/><G35/><AGARI ba="3,1" hai="1,2,3,14,19,22,34,35" m="14503,8471" machi="35" ten="30,12000,2" yaku="35,5,54,1" doraHai="55" who="0" fromWho="3" sc="250,139,19,0,445,0,276,-129" /><INIT seed="3,0,0,2,3,56" ten="389,19,445,147" oya="3" hai0="119,98,11,79,27,80,84,37,70,30,9,50,86" hai1="94,92,3,83,110,36,60,49,96,41,40,2,123" hai2="22,15,65,54,130,20,62,131,7,31,125,21,35" hai3="76,45,39,18,78,13,12,14,10,52,4,75,97"/><W82/><G76/><T69/><D119/><U99/><E123/><V105/><F105/><W51/><G39/><T116/><D116/><U8/><E110/><V100/><F100/><W42/><G97/><T112/><D37/><U106/><E8/><N who="2" m="4511" /><F35/><W85/><G75/><T32/><D112/><U90/><E106/><V127/><F54/><W55/><REACH who="3" step="1"/><G13/><REACH who="3" ten="389,19,445,137" step="2"/><T121/><D98/><U46/><E36/><V59/><F127/><W0/><G0/><T29/><D121/><U88/><E83/><V134/><F125/><W66/><G66/><T133/><D133/><U77/><E77/><V43/><F134/><W33/><G33/><T122/><D122/><U68/><E40/><V135/><F43/><W24/><G24/><T57/><D32/><U113/><E113/><V115/><F135/><W47/><G47/><T23/><D27/><U128/><E128/><N who="2" m="49195" /><F115/><W61/><G61/><T91/><D79/><U126/><E126/><V81/><F65/><AGARI ba="0,1" hai="2,3,41,46,49,60,65,68,88,90,92,94,96,99" machi="65" ten="40,5200,0" yaku="9,1,52,1,54,1" doraHai="56" who="1" fromWho="2" sc="389,0,19,62,445,-52,137,0" /><INIT seed="4,0,0,4,2,4" ten="389,81,393,137" oya="0" hai0="68,46,108,118,134,24,135,55,14,106,92,127,11" hai1="107,13,2,1,66,27,70,49,63,78,102,98,25" hai2="89,115,33,88,6,47,61,71,23,133,75,8,28" hai3="58,56,10,32,31,60,74,84,131,86,112,41,90"/><T21/><D106/><U59/><E78/><V124/><F75/><W29/><G74/><T22/><D68/><U104/><E107/><V51/><F33/><W53/><G131/><T117/><D92/><U30/><E25/><V110/><F110/><W81/><G112/><T50/><D108/><U39/><E39/><V121/><F121/><W95/><G41/><T34/><D34/><U130/><E130/><V116/><F115/><W114/><G114/><T43/><D127/><U36/><E36/><V119/><F124/><W87/><G32/><T96/><D96/><U57/><E13/><N who="2" m="5271" /><F23/><W12/><G56/><T5/><D24/><U129/><E129/><V105/><F28/><W109/><G109/><T111/><D111/><U15/><E15/><V100/><F100/><W26/><G26/><T103/><D103/><U83/><E83/><V79/><F79/><W40/><G40/><T9/><D43/><U62/><E49/><V37/><F37/><W72/><G72/><T120/><D120/><U45/><E45/><V69/><F105/><W123/><G123/><T101/><D101/><U42/><E42/><N who="2" m="25079" /><F133/><N who="0" m="50698" /><D11/><U85/><E85/><N who="3" m="32874" /><G81/><T99/><D99/><U97/><E98/><V80/><F80/><W94/><G94/><T126/><D126/><U16/><E63/><V82/><F82/><W93/><G93/><T3/><D3/><U48/><E48/><V35/><F35/><W54/><G95/><T125/><D125/><U18/><E30/><V20/><F71/><W73/><G29/><T64/><D64/><U77/><E27/><V44/><F69/><W17/><G31/><RYUUKYOKU ba="0,0" sc="389,30,81,-10,393,-10,137,-10" hai0="5,9,14,21,22,46,50,55,117,118" /><INIT seed="4,1,0,0,3,128" ten="419,71,383,127" oya="0" hai0="106,72,91,3,73,24,71,95,61,132,9,21,112" hai1="115,66,122,103,48,2,47,15,1,25,4,26,28" hai2="31,54,65,130,117,35,110,75,108,119,133,44,83" hai3="37,77,102,6,39,134,7,85,79,118,129,51,32"/><T29/><D106/><U98/><E122/><V8/><F65/><W93/><G32/><T96/><D112/><U20/><E115/><V94/><F130/><W12/><G118/><N who="2" m="45065" /><F8/><W18/><G129/><T57/><D71/><U62/><E26/><N who="2" m="18935" /><F94/><W68/><G68/><T23/><D132/><U0/><E15/><V113/><F113/><W30/><G134/><T22/><D9/><U89/><E89/><V60/><F133/><W107/><G12/><T111/><D3/><U131/><E131/><V90/><F60/><W46/><G93/><T14/><D14/><U5/><E5/><V101/><F101/><W80/><G6/><T58/><D58/><U33/><E4/><V50/><F90/><W76/><G7/><T34/><REACH who="0" step="1"/><D111/><REACH who="0" ten="409,71,383,127" step="2"/><U56/><E1/><V124/><F124/><W63/><G107/><T19/><D19/><U43/><REACH who="1" step="1"/><E33/><REACH who="1" ten="409,61,383,127" step="2"/><V38/><F108/><W88/><G18/><T105/><D105/><AGARI ba="1,2" hai="0,2,20,25,28,43,47,48,56,62,66,98,103,105" machi="105" ten="30,3900,0" yaku="1,1,2,1,7,1,53,0" doraHai="128" doraHaiUra="13" who="1" fromWho="0" sc="409,-42,61,62,383,0,127,0" /><INIT seed="5,0,0,2,1,1" ten="367,123,383,127" oya="1" hai0="132,16,126,131,71,103,78,11,129,6,121,55,124" hai1="9,88,67,56,24,108,28,54,27,70,15,14,68" hai2="100,135,123,109,99,63,90,20,64,7,127,21,61" hai3="130,45,77,19,125,79,98,69,52,128,101,94,30"/><U86/><E108/><V44/><F109/><W104/><G69/><T22/><D71/><U89/><E67/><V46/><F123/><W42/><G125/><N who="0" m="48235" /><D103/><U107/><E107/><V95/><F127/><W51/><G30/><T93/><D78/><U18/><E15/><V75/><F75/><W39/><G19/><T83/><D83/><U0/><E27/><V2/><F135/><W120/><G120/><T76/><D76/><U10/><E89/><V82/><F63/><W74/><G104/><T41/><D41/><U87/><E0/><V53/><F7/><W8/><G8/><T116/><D116/><U66/><E9/><V59/><F2/><W23/><G23/><N who="2" m="8777" /><F53/><W85/><G74/><T4/><D55/><U97/><E66/><V17/><F17/><W38/><G38/><T118/><D93/><U13/><E13/><V91/><F90/><W112/><G77/><T84/><D84/><AGARI ba="0,0" hai="44,46,59,61,64,82,84,91,95,99,100" m="8777" machi="84" ten="30,1000,0" yaku="8,1" doraHai="1" who="2" fromWho="0" sc="367,-10,123,0,383,10,127,0" /><INIT seed="6,0,0,3,4,19" ten="357,123,393,127" oya="2" hai0="111,55,28,113,60,118,109,124,86,81,57,84,94" hai1="96,91,121,135,62,49,102,18,80,41,68,47,14" hai2="75,110,71,114,38,130,7,97,17,6,33,76,34" hai3="1,116,22,39,77,25,11,13,56,101,66,58,16"/><V99/><F114/><W44/><G116/><T93/><D118/><U51/><E121/><V64/><F38/><W32/><G77/><T27/><D113/><U29/><E135/><V106/><F110/><W123/><G123/><T132/><D132/><U82/><E29/><V61/><F130/><W107/><G66/><T46/><D124/><U103/><E68/><V10/><F76/><W73/><G73/><T87/><D111/><U35/><E35/><V65/><F75/><W90/><G107/><T43/><D109/><U70/><E70/><V15/><F65/><W0/><G101/><T67/><D67/><U72/><E72/><V128/><F128/><W50/><G39/><T112/><D81/><U30/><E62/><V92/><F106/><W3/><G90/><T21/><REACH who="0" step="1"/><D112/><REACH who="0" ten="347,123,393,127" step="2"/><U83/><E83/><V115/><F115/><W85/><G85/><T2/><D2/><U63/><E82/><V59/><F71/><W37/><G37/><AGARI ba="0,1" hai="21,27,28,37,43,46,55,57,60,84,86,87,93,94" machi="37" ten="40,2600,0" yaku="1,1,52,1,53,0" doraHai="19" doraHaiUra="117" who="0" fromWho="3" sc="347,36,123,0,393,0,127,-26" /><INIT seed="7,0,0,0,0,64" ten="383,123,393,101" oya="3" hai0="0,87,31,55,33,2,99,37,9,128,89,4,54" hai1="12,59,77,73,113,21,76,135,20,80,34,102,52" hai2="68,72,14,18,62,24,11,120,25,1,26,69,124" hai3="101,129,39,58,53,15,131,50,35,116,41,46,133"/><W30/><G116/><T108/><D108/><U75/><E34/><V126/><F120/><W16/><G133/><T23/><D37/><U22/><E135/><V115/><F115/><W122/><G122/><T107/><D128/><N who="3" m="49225" /><G101/><T118/><D118/><U43/><E43/><V104/><F104/><W10/><G30/><T106/><D33/><AGARI ba="0,0" hai="10,15,16,33,35,39,41,46,50,53,58" m="49225" machi="33" ten="30,2900,0" yaku="19,1,54,1" doraHai="64" who="3" fromWho="0" sc="383,-29,123,0,393,0,101,29" /><INIT seed="7,1,0,2,2,7" ten="354,123,393,130" oya="3" hai0="57,103,88,78,5,36,46,15,114,44,91,9,31" hai1="38,135,21,16,128,1,51,28,129,109,69,17,119" hai2="101,8,52,2,49,83,95,53,35,30,105,62,86" hai3="40,106,111,73,70,48,81,50,102,113,32,126,96"/><W63/><G126/><T115/><D78/><U33/><E119/><V122/><F105/><W58/><G70/><T72/><D72/><U118/><E118/><V66/><F30/><W117/><G117/><T10/><D103/><U125/><E69/><V93/><F35/><W132/><G32/><T24/><D36/><U76/><E38/><V27/><F27/><W85/><G73/><T120/><D57/><U41/><E76/><V45/><F53/><W92/><G111/><T134/><D134/><U26/><E135/><V6/><F101/><W37/><G132/><T54/><D54/><U64/><E64/><V99/><F99/><W71/><G71/><T112/><D10/><U14/><E51/><V25/><F25/><W39/><G106/><T98/><D120/><U42/><E1/><V68/><F122/><W29/><G29/><T59/><D59/><U82/><E82/><V133/><F133/><W55/><G113/><T60/><D60/><U130/><E109/><V20/><F20/><W123/><G123/><T100/><D100/><U107/><E107/><V56/><F56/><W43/><G37/><T89/><D98/><U87/><E87/><V12/><F2/><W121/><G121/><T110/><D110/><U47/><E125/><V19/><F6/><W79/><G39/><T67/><D67/><U11/><E47/><V131/><F131/><W104/><G104/><T61/><D61/><U22/><E21/><AGARI ba="1,0" hai="5,9,15,21,24,31,44,46,88,89,91,112,114,115" machi="21" ten="50,8000,1" yaku="15,1,11,1,52,1,54,1" doraHai="7" who="0" fromWho="1" sc="354,83,123,-83,393,0,130,0" owari="437,54.0,40,-46.0,393,19.0,130,-27.0" /></mjloggm>