<mjloggm ver="2.3"><GO type="41"/><UN n0="%EF%BC%88%E2%89%A7%E2%96%BD%E2%89%A6%EF%BC%89" n1="%E3%82%AC%E3%83%81%E6%9D%BE" n2="%E3%83%89%E3%83%AA%E3%83%B3%E3%82%AF%E3%83%90%E3%83%BC" n3="%E3%82%AB%E3%83%AB%E3%82%AB%E3%83%A4%E3%83%9E%E3%82%B3%E3%83%88" dan="15,14,13,14" rate="2014,1925,1880,1817" sx="M,M,M,M"/><TAIKYOKU oya="0"/><INIT seed="0,0,0,5,5,72" ten="250,250,250,250" oya="0" hai0="98,49,78,2,63,128,64,101,73,123,50,90,104" hai1="124,35,36,59,109,51,66,26,69,82,106,28,16" hai2="112,108,29,121,11,68,88,19,92,38,115,117,47" hai3="75,4,58,105,8,1,87,85,77,17,91,70,126"/><T22/><D123/><U102/><E36/><V120/><F68/><W12/><G70/><T0/><D128/><U48/><E124/><V133/><F38/><W100/><G75/><T31/><D90/><U34/><E34/><V131/><F47/><W6/><G126/><T41/><D31/><U61/><E109/><V20/><F117/><W9/><G6/><T18/><D73/><U10/><E82/><V84/><F108/><W76/><G105/><T94/><D104/><U65/><E65/><V21/><F131/><W43/><G100/><T14/><D78/><U119/><E59/><V80/><F133/><W93/><G87/><T45/><REACH who="0" step="1"/><D49/><REACH who="0" ten="240,250,250,250" step="2"/><U89/><E89/><V130/><F130/><W57/><REACH who="3" step="1"/><G43/><REACH who="3" ten="240,250,250,240" step="2"/><T74/><D74/><U134/><E134/><V44/><F121/><W122/><G122/><T95/><D95/><U81/><E81/><V55/><F120/><W107/><G107/><T113/><D113/><U46/><E119/><V30/><F92/><W103/><G103/><T62/><D62/><U15/><E46/><V127/><F127/><W125/><G125/><T132/><D132/><U86/><REACH who="1" step="1"/><E86/><REACH who="1" ten="240,240,250,240" step="2"/><V33/><F115/><W52/><G52/><T5/><D5/><U32/><E32/><V97/><F112/><W96/><G96/><AGARI ba="0,3" hai="10,15,16,26,28,35,48,51,61,66,69,96,102,106" machi="96" ten="40,8000,1" yaku="1,1,25,2,54,1,53,0" doraHai="72" doraHaiUra="135" who="1" fromWho="3" sc="240,0,240,110,250,0,240,-80" /><INIT seed="1,0,0,0,4,95" ten="240,350,250,160" oya="1" hai0="76,87,49,31,100,34,71,54,22,67,134,21,12" hai1="45,89,127,101,66,15,125,118,128,113,70,109,53" hai2="121,102,79,91,33,48,94,86,61,23,80,62,90" hai3="117,47,10,11,88,13,65,130,73,99,24,60,64"/><U123/><E118/><V68/><F33/><W42/><G73/><T111/><D111/><U103/><E113/><V107/><F121/><W63/><G117/><T14/><D134/><U3/><E123/><V93/><F68/><W98/><G130/><T6/><D34/><U56/><E3/><V75/><F48/><W1/><G24/><N who="0" m="16783" /><D71/><U110/><E45/><V27/><F23/><W25/><G25/><T40/><D67/><U35/><E35/><V133/><F27/><W37/><G1/><T69/><D69/><U112/><E112/><V20/><F20/><W96/><G64/><T119/><D119/><U55/><E15/><V32/><F32/><W82/><G10/><N who="0" m="4183" /><D100/><N who="1" m="38475" /><E89/><V106/><F133/><W135/><G135/><T43/><D14/><U59/><E128/><V28/><F28/><W72/><G72/><T78/><D22/><U30/><E30/><V83/><F61/><W104/><G104/><N who="2" m="39977" /><F62/><W129/><G129/><T74/><D74/><U114/><E114/><V51/><F51/><W36/><G36/><T115/><D115/><U5/><E70/><V0/><F0/><W84/><REACH who="3" step="1"/><G65/><REACH who="3" ten="240,350,250,150" step="2"/><T81/><D76/><U2/><E66/><V16/><F102/><W105/><G105/><T108/><D108/><U124/><E109/><V77/><F16/><AGARI ba="0,1" hai="11,13,16,37,42,47,60,63,82,84,88,96,98,99" machi="16" ten="40,12000,2" yaku="1,1,52,3,54,2,53,1" doraHai="95" doraHaiUra="7" who="3" fromWho="2" sc="240,0,350,0,250,-120,150,130" /><INIT seed="2,0,0,3,2,0" ten="240,350,130,280" oya="2" hai0="118,62,47,81,128,3,113,120,124,23,133,115,100" hai1="10,69,134,37,123,50,85,76,58,127,66,132,86" hai2="112,4,67,25,5,71,32,14,61,104,68,119,57" hai3="13,42,55,1,111,38,84,49,107,83,122,114,2"/><V70/><F119/><W18/><G122/><T52/><D23/><U40/><E123/><V30/><F112/><N who="0" m="43082" /><D3/><U99/><E127/><V75/><F75/><W96/><G111/><T24/><D24/><U73/><E73/><V16/><REACH who="2" step="1"/><F104/><REACH who="2" ten="240,350,120,280" step="2"/><W9/><G114/><T8/><D118/><U26/><E134/><V12/><F12/><W51/><G107/><T82/><D133/><U56/><E132/><V54/><F54/><W35/><G55/><T92/><D52/><U7/><E66/><V43/><F43/><W44/><G13/><T90/><D120/><U64/><E64/><V36/><F36/><W131/><G42/><T102/><D124/><U20/><E40/><V103/><F103/><W65/><G38/><T27/><D102/><U45/><E37/><V125/><F125/><W98/><G1/><T34/><D100/><U91/><E26/><V129/><F129/><W89/><G2/><T33/><D128/><U31/><E69/><V15/><F15/><W101/><G65/><T108/><D27/><U41/><E41/><V95/><F95/><W126/><G101/><T135/><D135/><U88/><E45/><V117/><F117/><W46/><G126/><T6/><D92/><U48/><E56/><V105/><F105/><W28/><G131/><T19/><D47/><U110/><E58/><V97/><F97/><W87/><G46/><T53/><D53/><U109/><E109/><V39/><F39/><W78/><G44/><T116/><D108/><U29/><E110/><V77/><F77/><W63/><G78/><T59/><D116/><U121/><E76/><RYUUKYOKU ba="0,1" sc="240,-10,350,-10,120,30,280,-10" hai2="4,5,14,16,25,30,32,57,61,67,68,70,71" /><INIT seed="2,1,1,0,1,69" ten="230,340,150,270" oya="2" hai0="63,130,126,52,3,133,56,104,42,35,10,77,75" hai1="115,83,29,46,57,68,116,54,105,43,80,64,128" hai2="100,127,74,106,8,113,30,26,108,99,18,19,5" hai3="2,98,82,27,107,101,25,134,38,53,36,88,125"/><V85/><F113/><W72/><G2/><T39/><D104/><U22/><E115/><V33/><F127/><W67/><G125/><T70/><D126/><U79/><E116/><V84/><F108/><W24/><G67/><T103/><D103/><U114/><E114/><V47/><F74/><W6/><G6/><N who="0" m="1375" /><D70/><U65/><E105/><V49/><F85/><W121/><G121/><T93/><D93/><U131/><E22/><V15/><REACH who="2" step="1"/><F84/><REACH who="2" ten="230,340,140,270" step="2"/><W34/><G72/><T59/><D75/><U112/><E112/><V4/><F4/><W13/><G34/><T87/><D35/><U124/><E124/><V118/><F118/><W81/><G134/><T16/><D87/><U51/><E128/><V31/><F31/><W102/><G98/><T61/><D130/><U11/><E29/><V135/><F135/><W117/><G117/><T41/><D133/><U110/><E131/><V123/><F123/><W21/><G107/><T0/><D16/><U9/><E110/><V96/><F96/><W94/><G81/><T78/><D78/><U40/><E80/><V17/><F17/><W76/><G82/><T91/><D77/><U111/><E111/><V12/><F12/><W7/><G76/><T71/><D0/><U20/><E83/><V32/><F32/><W23/><G13/><T73/><D73/><U92/><E79/><V86/><F86/><W95/><G7/><T109/><D109/><U37/><E92/><V120/><F120/><W129/><G95/><T1/><D1/><U97/><E97/><V45/><F45/><W48/><G129/><T90/><D90/><RYUUKYOKU ba="1,2" sc="230,-10,340,-10,140,30,270,-10" hai2="5,8,15,18,19,26,30,33,47,49,99,100,106" /><INIT seed="2,2,2,4,4,9" ten="220,330,170,260" oya="2" hai0="76,13,119,75,16,95,4,73,96,36,122,8,34" hai1="103,3,93,44,105,125,24,127,115,87,98,86,134" hai2="71,27,132,0,131,49,65,112,133,7,50,79,117" hai3="110,130,102,22,53,63,10,69,6,40,11,58,89"/><V18/><F117/><W120/><G120/><T35/><D122/><U80/><E3/><V5/><F112/><W48/><G110/><T2/><D119/><U70/><E70/><V64/><F131/><W90/><G130/><T20/><D36/><U47/><E24/><V108/><F79/><W61/><G102/><T56/><D56/><U45/><E115/><V104/><F104/><W129/><G129/><T128/><D128/><U37/><E134/><N who="2" m="51819" /><F108/><W94/><G11/><T91/><REACH who="0" step="1"/><D76/><REACH who="0" ten="210,330,170,260" step="2"/><U60/><E37/><V92/><F71/><W124/><G69/><T15/><D15/><U51/><E125/><V59/><F0/><W85/><G124/><T116/><D116/><U113/><E127/><V52/><F92/><W30/><G94/><T107/><D107/><U28/><E113/><V114/><F114/><W19/><G58/><T106/><D106/><U32/><E105/><V84/><F84/><W97/><G85/><T25/><D25/><U21/><E86/><V43/><F27/><W99/><G6/><N who="2" m="2057" /><F18/><W54/><G19/><T23/><D23/><U39/><E21/><V81/><F81/><W41/><G22/><T57/><D57/><U78/><E39/><V66/><F43/><W55/><G40/><T1/><D1/><U26/><E60/><AGARI ba="2,3" hai="49,50,52,59,60,64,65,66" m="2057,51819" machi="60" ten="30,2900,0" yaku="20,1,54,1" doraHai="9" who="2" fromWho="1" sc="210,0,330,-35,170,65,260,0" /><INIT seed="2,3,0,4,0,102" ten="210,295,235,260" oya="2" hai0="62,39,65,27,32,0,133,44,79,87,9,114,126" hai1="13,69,51,121,131,18,130,55,134,38,11,29,109" hai2="123,64,72,52,57,56,70,34,85,84,86,104,110" hai3="45,128,14,125,82,26,105,35,91,21,74,48,40"/><V46/><F123/><W83/><G35/><T108/><D114/><U116/><E116/><V120/><F120/><W19/><G128/><N who="1" m="49194" /><E38/><V22/><F34/><W92/><G125/><T47/><D126/><U106/><E121/><V93/><F104/><W60/><G105/><T33/><D133/><U112/><E112/><V20/><F72/><W28/><G74/><T118/><D118/><U95/><E134/><V101/><F110/><W115/><G60/><T103/><D103/><U97/><E69/><V122/><F122/><W37/><G37/><T81/><D108/><U23/><E109/><V78/><F78/><W129/><G129/><T58/><D39/><U63/><E63/><N who="2" m="37991" /><F70/><W1/><G1/><T99/><D99/><U67/><E67/><V36/><F36/><W31/><G115/><T119/><D119/><U100/><E29/><N who="3" m="11338" /><G14/><T68/><D68/><U94/><E11/><V135/><F46/><AGARI ba="3,0" hai="13,18,23,46,51,55,94,95,97,100,106" m="49194" machi="46" ten="30,2000,0" yaku="19,1,52,1" doraHai="102" who="1" fromWho="2" sc="210,0,295,29,235,-29,260,0" /><INIT seed="3,0,0,2,1,98" ten="210,324,206,260" oya="3" hai0="13,32,83,116,28,101,37,0,3,41,131,68,46" hai1="60,56,48,67,39,54,130,42,126,14,61,62,15" hai2="111,29,71,89,73,58,26,125,113,50,38,90,88" hai3="95,2,74,75,4,80,44,43,5,33,11,85,124"/><W36/><G124/><T53/><D116/><U109/><E14/><V120/><F113/><W25/><G5/><T45/><D131/><U24/><E24/><V49/><F125/><W117/><G117/><T82/><D68/><N who="1" m="42087" /><E126/><V84/><F73/><W118/><G118/><T52/><D101/><U115/><E15/><V99/><F120/><W96/><G25/><T119/><D119/><U97/><E97/><V134/><F134/><W57/><G33/><T78/><D13/><U91/><E91/><V79/><F111/><W40/><G57/><T129/><D129/><U59/><E130/><V105/><F71/><W21/><G21/><T72/><D82/><U110/><E115/><V108/><F108/><N who="1" m="41577" /><E59/><V114/><F114/><W76/><REACH who="3" step="1"/><G43/><REACH who="3" ten="210,324,206,250" step="2"/><T132/><D132/><U30/><E30/><V8/><F58/><W17/><G17/><T123/><D123/><U64/><E64/><V122/><F122/><W31/><G31/><T66/><D41/><U112/><E112/><V106/><F38/><W135/><G135/><T12/><D37/><U1/><E1/><V27/><F27/><W121/><G121/><T127/><D28/><U94/><E94/><V128/><F128/><W102/><AGARI ba="0,1" hai="2,4,11,36,40,44,74,75,76,80,85,95,96,102" machi="102" ten="20,7800,0" yaku="1,1,0,1,7,1,52,1,53,0" doraHai="98" doraHaiUra="55" who="3" fromWho="3" sc="210,-26,324,-26,206,-26,250,88" /><INIT seed="3,1,0,4,1,130" ten="184,298,180,338" oya="3" hai0="4,122,72,91,36,67,13,131,127,56,62,29,48" hai1="65,39,102,24,111,59,25,88,82,54,115,110,81" hai2="19,66,90,11,69,64,68,73,1,49,87,94,114" hai3="93,103,9,41,44,109,118,106,75,30,58,132,21"/><W135/><G118/><T77/><D122/><U117/><E115/><V60/><F114/><W133/><G106/><T17/><D36/><U84/><E39/><V70/><F73/><W10/><G75/><T52/><D131/><U86/><E65/><V123/><F123/><W113/><G109/><N who="1" m="41482" /><E102/><V112/><F112/><W3/><G113/><T120/><D120/><U31/><E117/><V23/><F1/><W22/><G3/><T78/><D127/><U15/><E15/><V6/><F6/><W37/><G58/><T55/><D72/><U33/><E25/><V104/><F104/><W83/><G83/><T126/><D126/><U57/><E54/><V0/><F0/><W108/><G108/><T34/><D4/><U35/><E33/><V61/><F11/><N who="3" m="4107" /><G30/><T97/><D29/><U46/><E46/><V20/><F49/><W40/><G40/><T5/><D5/><U92/><E92/><V74/><F74/><W134/><N who="3" m="34304" /><DORA hai="42" /><W76/><G76/><AGARI ba="1,0" hai="24,31,35,57,59,76,81,82,84,86,88" m="41482" machi="76" ten="30,2000,0" yaku="14,1,54,1" doraHai="130,42" who="1" fromWho="3" sc="184,0,298,23,180,0,338,-23" /><INIT seed="4,0,0,5,1,24" ten="184,321,180,315" oya="0" hai0="112,25,22,72,134,103,77,127,81,132,64,6,67" hai1="120,92,21,131,97,54,113,78,71,11,37,40,107" hai2="7,116,69,121,38,28,48,3,122,57,47,126,50" hai3="0,34,125,75,124,90,133,123,115,39,100,114,16"/><T105/><D6/><U60/><E120/><V102/><F116/><W82/><G123/><T61/><D127/><N who="3" m="48713" /><G39/><T118/><D118/><U79/><E131/><V66/><F126/><W13/><G0/><T135/><D112/><U93/><E11/><V20/><F102/><W8/><G133/><T109/><D109/><U88/><E107/><V36/><F3/><W17/><G34/><T62/><D103/><U35/><E35/><V84/><F7/><N who="3" m="3231" /><G100/><T33/><D105/><U101/><E113/><N who="3" m="43018" /><G90/><T65/><REACH who="0" step="1"/><D33/><REACH who="0" ten="174,321,180,315" step="2"/><U53/><E101/><V30/><F122/><W2/><G2/><T10/><D10/><U15/><E21/><V14/><F121/><W99/><G99/><T68/><D68/><U45/><E97/><V95/><F69/><W58/><G58/><T55/><D55/><U83/><E71/><V87/><F66/><W86/><G86/><T5/><D5/><U117/><E117/><V52/><F87/><W111/><G111/><T76/><D76/><AGARI ba="0,1" hai="16,17,75,76,82" m="43018,3231,48713" machi="76" ten="30,3900,0" yaku="18,1,15,1,54,1" doraHai="24" who="3" fromWho="0" sc="174,-39,321,0,180,0,315,49" /><INIT seed="5,0,0,0,1,35" ten="135,321,180,364" oya="1" hai0="67,90,126,104,117,31,16,81,21,63,43,36,114" hai1="73,44,11,83,2,38,130,41,29,49,78,0,26" hai2="116,47,80,70,54,103,100,68,27,112,110,89,59" hai3="99,9,8,72,28,125,45,86,23,30,32,1,95"/><U48/><E0/><V25/><F110/><W33/><G72/><T71/><D117/><U7/><E130/><V109/><F109/><W40/><G86/><T87/><D104/><U123/><E123/><V51/><F116/><W39/><G125/><T58/><D126/><U12/><E12/><V66/><F112/><W91/><G33/><AGARI ba="0,0" hai="2,7,11,26,29,33,38,41,44,48,49,73,78,83" machi="33" ten="30,11600,0" yaku="7,1,25,2,52,1" doraHai="35" who="1" fromWho="3" sc="135,0,321,116,180,0,364,-116" /><INIT seed="5,1,0,3,0,89" ten="135,437,180,248" oya="1" hai0="33,109,1,80,127,21,8,133,100,104,9,31,108" hai1="123,114,54,12,97,39,29,75,58,7,44,113,22" hai2="115,36,98,84,116,51,65,30,91,128,126,131,90" hai3="11,120,18,81,52,63,5,60,76,132,93,28,35"/><U78/><E123/><V124/><F116/><W23/><G120/><T55/><D100/><U26/><E75/><V48/><F36/><W20/><G132/><T86/><D104/><U34/><E78/><V103/><F30/><W96/><G35/><T125/><D55/><U99/><E44/><V130/><F65/><W42/><G42/><T14/><D133/><U0/><E39/><V83/><F48/><W134/><G134/><T53/><D53/><U37/><E37/><V24/><F24/><W105/><G105/><T43/><D43/><U3/><E54/><V62/><F62/><W45/><G28/><T102/><D102/><U2/><E58/><V119/><F51/><W118/><G118/><T129/><D129/><N who="2" m="33026" /><V68/><DORA hai="50" /><F68/><W17/><G17/><N who="0" m="10423" /><D86/><U4/><E97/><V32/><F32/><W95/><G96/><T27/><D80/><U67/><E99/><V135/><F119/><W111/><G111/><N who="0" m="42571" /><D1/><U13/><E67/><V46/><F46/><W6/><G60/><T49/><D49/><U25/><E113/><V59/><F59/><N who="3" m="35303" /><G45/><T107/><D107/><U79/><E79/><N who="2" m="46207" /><F135/><W72/><G72/><T112/><D112/><U71/><E71/><V41/><F41/><W19/><G76/><T121/><D121/><U85/><E114/><V64/><F64/><W88/><G81/><T110/><N who="0" m="42579" /><T66/><DORA hai="73" /><D66/><U117/><E117/><V70/><F70/><W82/><G19/><T77/><D77/><U10/><E85/><V40/><F40/><W69/><G69/><T61/><D61/><U47/><E47/><V101/><F115/><RYUUKYOKU ba="1,0" sc="135,30,437,-10,180,-10,248,-10" hai0="8,9,27,31,33,125,127" /><INIT seed="6,2,0,3,4,33" ten="165,427,170,238" oya="2" hai0="69,38,18,55,127,12,50,61,78,17,32,27,66" hai1="104,16,116,87,35,31,14,91,114,106,8,74,24" hai2="5,62,121,89,4,115,53,92,36,97,131,19,98" hai3="123,73,95,58,83,6,110,109,101,20,122,90,103"/><V42/><F121/><W135/><G6/><T129/><D129/><U108/><E116/><V112/><F131/><W64/><G64/><T52/><D127/><U41/><E108/><N who="3" m="41578" /><G58/><T133/><D133/><U21/><E114/><N who="2" m="43563" /><F19/><W134/><G20/><T39/><D78/><U11/><E74/><V105/><F105/><W3/><G3/><T43/><D55/><U26/><E41/><V120/><F120/><N who="3" m="46123" /><G83/><T81/><D81/><U67/><E67/><V107/><F107/><W132/><G73/><T82/><D82/><U88/><E104/><V118/><F118/><W124/><G124/><T125/><D125/><U37/><E106/><V65/><F53/><W10/><G10/><T15/><D15/><U7/><E37/><V102/><F102/><W63/><G63/><T76/><D38/><U22/><E35/><V68/><F98/><AGARI ba="2,0" hai="90,95,98,101,103,132,134,135" m="46123,41578" machi="98" ten="40,5200,0" yaku="20,1,34,2" doraHai="33" who="3" fromWho="2" sc="165,0,427,0,170,-58,238,58" /><INIT seed="7,0,0,1,4,52" ten="165,427,112,296" oya="3" hai0="124,100,28,104,53,61,26,35,78,42,11,4,90" hai1="132,128,69,10,40,36,127,73,13,117,6,15,8" hai2="75,103,92,9,115,65,7,134,30,83,79,91,119" hai3="45,99,68,111,95,110,108,60,114,81,50,38,130"/><W5/><G38/><T62/><D124/><U25/><E127/><V39/><F119/><W88/><G5/><T27/><D42/><U23/><E69/><V49/><F115/><W0/><G0/><T12/><D78/><U16/><E117/><V121/><F134/><W33/><G33/><T107/><D90/><U1/><E73/><V105/><F121/><W133/><G130/><T21/><D100/><U87/><E132/><V116/><F65/><N who="3" m="40999" /><G133/><T122/><D122/><U37/><E128/><V55/><F116/><W67/><G67/><T97/><D97/><U109/><E109/><V41/><F30/><W47/><G114/><T98/><D98/><U14/><E40/><V58/><F105/><W101/><G50/><T17/><D62/><U54/><E1/><V56/><F103/><W86/><AGARI ba="0,0" hai="45,47,81,86,88,95,99,101,108,110,111" m="40999" machi="86" ten="40,3900,0" yaku="10,1,54,1" doraHai="52" who="3" fromWho="3" sc="165,-13,427,-13,112,-13,296,39" /><INIT seed="7,1,0,3,3,71" ten="152,414,99,335" oya="3" hai0="77,90,106,81,9,26,44,2,95,134,94,31,93" hai1="115,126,63,50,78,116,20,98,14,5,56,80,60" hai2="23,35,118,22,113,132,58,45,47,7,28,40,17" hai3="3,48,89,59,103,133,131,105,121,11,82,84,73"/><W1/><G121/><T37/><D106/><U27/><E115/><V83/><F118/><W67/><G133/><T29/><D134/><U101/><E126/><V110/><F132/><W125/><G125/><T43/><D90/><U51/><E5/><V112/><F110/><W87/><G131/><T96/><D96/><U117/><E14/><V64/><F83/><W18/><G73/><N who="0" m="43183" /><D26/><U49/><E78/><V6/><F35/><W38/><G38/><T130/><D130/><U34/><E34/><V123/><F123/><W61/><G103/><T32/><D32/><U114/><E114/><V42/><F28/><W16/><G105/><T91/><D91/><U4/><E4/><AGARI ba="1,0" hai="2,4,9,29,31,37,43,44,93,94,95" m="43183" machi="4" ten="30,2000,0" yaku="25,1,52,1" doraHai="71" who="0" fromWho="1" sc="152,23,414,-23,99,0,335,0" owari="175,-22.0,391,48.0,99,-40.0,335,14.0" /></mjloggm>