<mjloggm ver="2.3"><GO type="65"/><UN n0="%31%36%39%38%34%42%35%42" n1="%56%7E%77%69%6E" n2="%68%69%2E%68%6F" n3="%EF%BC%88%E2%89%A7%E2%96%BD%E2%89%A6%EF%BC%89" dan="2,9,0,4" rate="1322,1727,1500,1633" sx="M,M,M,M"/><TAIKYOKU oya="0"/><INIT seed="0,0,0,5,5,1" ten="250,250,250,250" oya="0" hai0="21,96,46,49,2,58,101,72,52,29,28,116,83" hai1="134,107,108,76,33,99,11,121,9,130,56,86,51" hai2="91,18,4,7,42,53,120,25,133,128,20,74,27" hai3="112,66,131,85,54,89,37,16,126,65,113,95,68"/><T17/><D116/><U103/><E121/><V63/><F120/><W38/><G131/><T3/><D2/><U129/><E33/><V125/><F74/><W13/><G126/><T0/><D3/><U69/><E134/><V47/><F125/><W75/><G75/><T105/><D0/><U78/><E69/><V104/><F133/><W118/><G118/><T8/><D8/><U26/><E108/><V64/><F128/><N who="1" m="49257" /><E26/><V31/><F104/><W62/><G66/><T10/><D10/><N who="1" m="3595" /><E86/><V132/><F132/><W70/><G70/><T114/><D114/><U94/><E107/><V73/><F73/><W90/><G90/><T24/><REACH who="0" step="1"/><D46/><REACH who="0" step="2"/><U36/><E36/><V81/><F64/><W123/><G123/><T43/><D43/><U57/><E57/><N who="2" m="35247" /><F47/><W6/><G113/><T98/><D98/><U109/><E109/><V32/><F42/><W115/><G112/><T111/><D111/><U110/><E110/><V87/><F32/><W100/><G115/><T59/><D59/><U97/><E97/><V50/><F50/><W45/><G45/><T106/><D106/><U48/><E48/><V14/><F31/><W34/><G38/><T19/><D19/><U41/><E41/><V88/><F91/><W79/><G37/><T102/><D102/><U80/><E56/><V40/><F40/><W61/><G100/><T30/><D30/><U35/><E35/><V44/><F44/><W127/><G34/><T119/><D119/><U117/><E117/><V71/><F71/><W60/><G127/><T39/><D39/><U67/><E51/><V135/><F135/><RYUUKYOKU ba="0,1" sc="240,15,250,-15,250,15,250,-15" hai0="17,21,24,28,29,49,52,58,72,83,96,101,105" hai2="4,7,14,18,20,25,27,81,87,88" /><INIT seed="0,1,1,0,2,126" ten="255,235,265,235" oya="0" hai0="48,120,43,98,74,46,102,134,38,103,122,83,105" hai1="95,30,92,121,56,124,29,35,64,85,133,118,129" hai2="113,37,12,15,116,31,21,123,75,11,108,104,19" hai3="77,94,32,3,127,6,16,1,33,39,131,2,36"/><T17/><D38/><U79/><E121/><V68/><F104/><W109/><G127/><T91/><D120/><U96/><E118/><V69/><F75/><W60/><G6/><T128/><D122/><U13/><E124/><V66/><F123/><W86/><G109/><T63/><D128/><U80/><E129/><V55/><F37/><W5/><G5/><T100/><D134/><U23/><E133/><V0/><F55/><W81/><G131/><T93/><D63/><N who="1" m="37991" /><E35/><V119/><F66/><W47/><G47/><T135/><D135/><U87/><E87/><V89/><F68/><W84/><G60/><T49/><D49/><U125/><E125/><V117/><F69/><W14/><G39/><T88/><D17/><N who="1" m="10671" /><E92/><V52/><F89/><AGARI ba="1,1" hai="29,30,79,80,85,89,95,96" m="10671,37991" machi="89" ten="30,1000,0" yaku="8,1" doraHai="126" who="1" fromWho="2" sc="255,0,235,23,265,-13,235,0" /><INIT seed="1,0,0,4,4,65" ten="255,258,252,235" oya="1" hai0="39,100,128,66,37,68,3,26,103,85,69,122,90" hai1="18,89,74,109,121,38,123,22,106,107,110,101,82" hai2="43,116,59,131,54,94,91,19,45,79,95,120,76" hai3="96,108,58,118,80,17,25,98,33,73,23,7,119"/><U0/><E0/><V93/><F116/><N who="3" m="44587" /><G108/><N who="1" m="41578" /><E38/><V60/><F120/><N who="1" m="46153" /><E101/><V13/><F131/><W81/><G7/><T126/><D122/><U57/><E57/><V104/><F104/><W4/><G4/><T5/><D26/><N who="1" m="14679" /><E89/><V97/><F76/><AGARI ba="0,0" hai="74,76,82,106,107" m="14679,46153,41578" machi="76" ten="30,2900,0" yaku="14,1,10,1" doraHai="65" who="1" fromWho="2" sc="255,0,258,29,252,-29,235,0" /><INIT seed="1,1,0,4,3,14" ten="255,287,223,235" oya="1" hai0="1,47,133,101,112,124,126,54,93,110,35,76,83" hai1="41,115,108,11,36,87,77,61,8,107,103,33,71" hai2="82,50,135,127,40,24,3,78,72,81,49,85,109" hai3="119,104,30,125,5,22,128,89,7,17,28,129,46"/><U43/><E115/><V117/><F109/><W98/><G119/><T99/><D112/><U55/><E33/><V105/><F117/><W118/><G118/><T70/><D1/><U20/><E108/><V96/><F127/><N who="0" m="48682" /><D70/><U91/><E77/><V29/><F135/><W122/><G125/><T58/><D110/><U25/><E107/><V120/><F3/><W15/><G122/><T130/><D35/><U60/><E103/><V113/><F120/><W69/><G69/><T84/><D133/><U73/><E73/><V52/><F113/><W53/><G46/><T97/><D97/><U134/><E134/><V114/><F114/><W63/><G53/><T90/><D90/><U9/><E36/><V2/><F2/><W64/><G89/><T31/><D31/><N who="3" m="11817" /><G104/><T100/><D100/><U68/><E68/><V32/><F40/><N who="1" m="15433" /><E71/><V88/><F105/><W79/><G79/><T34/><D130/><N who="3" m="50281" /><G98/><T44/><D34/><U38/><E55/><V74/><F96/><W123/><G123/><T106/><D106/><U45/><E45/><V132/><F132/><W102/><G102/><T16/><D16/><N who="1" m="12423" /><E38/><V39/><F39/><W116/><G116/><T21/><D21/><U86/><E87/><V51/><REACH who="2" step="1"/><F72/><REACH who="2" step="2"/><W10/><G64/><T59/><D59/><AGARI ba="1,1" hai="24,29,32,49,50,51,52,59,74,78,81,82,85,88" machi="59" ten="30,8000,1" yaku="1,1,2,1,7,1,54,2,53,0" doraHai="14" doraHaiUra="67" who="2" fromWho="0" sc="255,-83,287,0,213,93,235,0" /><INIT seed="2,0,0,5,5,88" ten="172,287,306,235" oya="2" hai0="63,67,117,87,134,90,52,15,19,68,107,66,82" hai1="6,106,1,127,22,64,112,81,102,44,93,92,58" hai2="78,79,95,51,70,94,48,108,133,59,56,16,33" hai3="114,32,17,72,42,130,103,23,125,75,37,73,101"/><V60/><F133/><W3/><G114/><T80/><D117/><U5/><E112/><V29/><F33/><W46/><G130/><T40/><D107/><U41/><E127/><V36/><F29/><W76/><G125/><T62/><D40/><U105/><E106/><V124/><F70/><W110/><G110/><T99/><D99/><U84/><E5/><V35/><F36/><W100/><G32/><T30/><D30/><U109/><E109/><V122/><F35/><W31/><G3/><T25/><D25/><U8/><E22/><V69/><F122/><W115/><G115/><T129/><D129/><U131/><E131/><V86/><F108/><W126/><G126/><T120/><D134/><U96/><E58/><N who="2" m="22059" /><F124/><W9/><G31/><T54/><D120/><U132/><E64/><V118/><F118/><W18/><G9/><T27/><D27/><U71/><E71/><V121/><F121/><W12/><REACH who="3" step="1"/><G17/><REACH who="3" step="2"/><T77/><D77/><AGARI ba="0,1" hai="12,18,23,37,42,46,72,73,75,76,77,100,101,103" machi="77" ten="50,3200,0" yaku="1,1,2,1,53,0" doraHai="88" doraHaiUra="91" who="3" fromWho="0" sc="172,-32,287,0,306,0,225,42" /><INIT seed="3,0,0,3,2,82" ten="140,287,306,267" oya="3" hai0="85,98,116,128,57,0,68,10,88,15,109,40,112" hai1="106,12,81,104,92,23,3,102,74,28,118,51,79" hai2="34,119,103,49,35,105,100,86,11,60,135,26,72" hai3="58,131,121,78,59,5,16,1,101,30,134,125,66"/><W24/><G121/><T31/><D112/><U115/><E3/><V7/><F119/><W87/><G134/><T110/><D110/><U47/><E118/><V43/><F72/><W133/><G133/><T126/><D116/><U84/><E115/><V63/><F135/><W123/><G123/><T94/><D68/><U93/><E104/><V70/><F105/><W33/><G131/><T39/><D39/><U96/><E74/><V25/><F70/><W113/><G113/><T122/><D122/><U117/><E117/><V46/><F34/><W67/><G125/><T89/><D40/><U18/><E28/><V19/><F35/><W124/><G124/><T107/><D0/><U69/><E69/><V111/><F111/><W48/><G101/><N who="2" m="38985" /><F7/><W17/><G1/><T44/><D107/><U120/><E120/><V13/><F26/><W130/><G5/><T14/><D128/><U38/><E38/><V95/><F25/><W20/><G130/><T91/><D126/><U4/><E4/><V52/><F43/><AGARI ba="0,0" hai="12,18,23,43,47,51,79,81,84,92,93,96,102,106" machi="43" ten="30,2000,0" yaku="7,1,52,1" doraHai="82" who="1" fromWho="2" sc="140,0,287,20,306,-20,267,0" owari="140,-36,307,40,286,9,267,-13" /></mjloggm>