<mjloggm ver="2.3"><GO type="169"/><UN n0="%E9%80%A2%E9%AD%94%E3%81%8C%E6%99%82" n1="%EF%BC%88%E2%89%A7%E2%96%BD%E2%89%A6%EF%BC%89" n2="%E4%B8%B8%E5%8A%A9" n3="%E6%9C%AC%E7%89%A9%E5%A5%B3%E5%AD%90%E9%AB%98%E7%94%9F" dan="16,17,16,16" rate="2066,2190,2132,2085" sx="M,M,M,F"/><TAIKYOKU oya="0"/><INIT seed="0,0,0,4,5,125" ten="250,250,250,250" oya="0" hai0="96,126,50,100,51,67,34,127,134,87,25,33,124" hai1="131,31,83,119,13,49,21,101,110,105,53,88,4" hai2="121,30,65,108,52,15,118,26,84,5,37,58,81" hai3="92,115,17,40,97,90,39,71,74,28,48,36,123"/><T9/><D134/><U18/><E119/><V85/><F121/><W62/><G115/><T2/><D67/><U106/><E110/><V128/><F37/><W11/><G123/><T95/><D87/><N who="1" m="50303" /><E105/><V70/><F108/><W56/><G74/><T103/><D103/><U22/><E106/><V86/><F70/><W111/><G28/><N who="0" m="19599" /><D34/><U59/><E4/><AGARI ba="0,0" hai="2,4,9,50,51,95,96,100,124,126,127" m="19599" machi="4" ten="30,1500,0" yaku="18,1" doraHai="125" who="0" fromWho="1" sc="250,15,250,-15,250,0,250,0" /><INIT seed="0,1,0,5,4,21" ten="265,235,250,250" oya="0" hai0="4,19,11,94,23,44,106,41,127,114,45,52,13" hai1="12,9,135,46,79,51,71,99,91,49,72,22,66" hai2="70,37,67,129,5,7,68,38,36,122,53,54,82" hai3="69,28,125,2,98,0,105,6,39,111,62,124,119"/><T92/><D106/><U110/><E135/><V95/><F122/><W116/><G39/><T10/><D114/><U89/><E72/><V48/><F95/><W87/><G111/><T83/><D127/><N who="3" m="48713" /><G87/><T29/><D83/><U33/><E33/><V18/><F129/><W27/><G69/><T77/><D77/><U64/><E79/><V34/><F34/><N who="3" m="20767" /><G62/><T118/><D29/><U112/><E71/><V133/><F133/><W130/><G130/><T90/><D118/><N who="3" m="45097" /><G6/><T40/><D40/><U74/><E110/><V115/><F82/><W1/><G98/><T63/><D4/><U73/><E99/><V102/><F68/><W60/><G60/><T78/><D78/><U43/><E74/><V75/><F75/><W16/><G105/><T26/><D13/><U14/><E73/><V24/><F70/><W56/><G56/><N who="0" m="35207" /><D94/><U109/><E109/><V107/><F107/><W31/><G31/><T101/><D101/><U85/><E85/><V20/><F102/><W121/><G16/><T123/><D123/><AGARI ba="1,0" hai="0,1,2,121,123" m="45097,20767,48713" machi="123" ten="40,8000,1" yaku="18,1,23,1,34,2,52,1" doraHai="21" who="3" fromWho="0" sc="265,-83,235,0,250,0,250,83" /><INIT seed="1,0,0,4,4,57" ten="182,235,250,333" oya="1" hai0="116,12,21,107,109,80,61,119,102,115,117,83,35" hai1="25,1,75,29,7,77,111,130,26,59,50,41,56" hai2="84,112,45,52,17,34,62,31,101,13,66,73,70" hai3="89,15,129,5,10,126,98,104,114,11,63,40,95"/><U132/><E132/><V58/><F73/><W125/><G114/><T90/><D35/><U47/><E130/><V39/><F112/><W68/><G129/><T118/><D115/><U96/><E111/><V100/><F84/><W16/><G40/><T67/><D109/><U69/><E69/><V99/><F99/><W110/><G110/><T49/><D49/><U9/><E96/><V79/><F79/><W43/><G43/><T55/><D55/><U131/><E131/><V133/><F133/><W105/><G68/><T6/><D102/><U108/><E108/><V121/><F121/><W74/><G74/><T65/><D107/><U134/><E134/><V120/><F120/><W127/><REACH who="3" step="1"/><G63/><REACH who="3" ten="182,235,250,323" step="2"/><T92/><D116/><U64/><E75/><V36/><F36/><W33/><G33/><T19/><D117/><U78/><E26/><V51/><F39/><W23/><G23/><T85/><D118/><U124/><E25/><V60/><F34/><W27/><G27/><T3/><D119/><U72/><E72/><V135/><F135/><W0/><AGARI ba="0,1" hai="0,5,10,11,15,16,89,95,98,104,105,125,126,127" machi="0" ten="30,7900,0" yaku="1,1,0,1,18,1,54,1,53,0" doraHai="57" doraHaiUra="46" who="3" fromWho="3" sc="182,-20,235,-39,250,-20,323,89" /><INIT seed="2,0,0,1,1,128" ten="162,196,230,412" oya="2" hai0="41,114,99,63,108,29,34,26,18,13,110,92,66" hai1="102,71,15,85,11,42,86,93,59,84,21,46,82" hai2="43,48,90,79,96,45,64,40,91,121,113,131,106" hai3="35,117,97,2,77,54,67,122,1,60,118,47,134"/><V95/><F131/><W16/><G35/><T68/><D114/><U83/><E71/><V6/><F113/><W75/><G122/><T10/><REACH who="0" step="1"/><D41/><REACH who="0" ten="152,196,230,412" step="2"/><U8/><E42/><N who="2" m="24631" /><F121/><W0/><G117/><T53/><D53/><U115/><E115/><V126/><F106/><W20/><G54/><T76/><D76/><U65/><E83/><V12/><F79/><W124/><G118/><T103/><AGARI ba="0,1" hai="10,13,18,26,29,34,63,66,68,92,99,103,108,110" machi="103" ten="30,2000,0" yaku="1,1,0,1,53,0" doraHai="128" doraHaiUra="112" who="0" fromWho="0" sc="152,30,196,-5,230,-10,412,-5" /><INIT seed="3,0,0,2,1,17" ten="182,191,220,407" oya="3" hai0="28,40,120,118,11,62,122,18,14,50,73,119,85" hai1="83,108,71,102,126,63,69,55,13,31,43,61,12" hai2="106,93,46,42,45,74,4,103,19,15,127,109,26" hai3="80,67,75,7,135,20,92,133,98,36,57,76,94"/><W117/><G36/><T21/><D73/><U33/><E126/><V24/><F106/><W91/><G7/><T123/><D62/><U107/><E108/><V90/><F74/><W110/><G117/><N who="0" m="44555" /><D85/><U105/><E31/><V131/><F109/><W134/><G110/><T39/><D50/><U65/><E33/><V49/><F131/><W101/><G57/><T66/><D66/><U16/><E65/><V72/><F72/><W2/><G67/><T37/><D40/><U41/><E55/><V27/><F127/><W79/><G2/><T114/><D39/><U111/><E111/><V68/><F68/><W95/><G20/><T112/><D37/><U1/><E1/><V132/><F4/><W87/><G79/><T51/><D51/><U81/><E102/><V97/><F132/><W130/><G130/><T54/><D54/><U121/><REACH who="1" step="1"/><E16/><REACH who="1" ten="182,181,220,407" step="2"/><V8/><REACH who="2" step="1"/><F46/><REACH who="2" ten="182,181,210,407" step="2"/><W58/><REACH who="3" step="1"/><G58/><REACH who="3" ten="182,181,210,397" step="2"/><T115/><D120/><AGARI ba="0,3" hai="12,13,41,43,61,63,69,71,81,83,105,107,120,121" machi="120" ten="25,12000,2" yaku="1,1,2,1,22,2,53,2" doraHai="17" doraHaiUra="77" who="1" fromWho="0" sc="182,-120,181,150,210,0,397,0" /><INIT seed="4,0,0,2,0,115" ten="62,331,210,397" oya="0" hai0="105,82,77,8,10,124,99,67,65,69,40,19,47" hai1="62,22,91,135,120,100,39,41,46,15,98,7,126" hai2="127,42,94,53,117,86,5,17,103,114,132,119,68" hai3="33,23,87,21,108,122,76,125,30,59,78,85,84"/><T26/><D124/><U48/><E120/><V130/><F68/><W89/><G122/><T106/><D106/><U51/><E126/><V1/><F114/><W56/><G125/><T101/><D10/><U95/><E135/><V35/><F127/><W31/><G108/><T116/><D69/><U0/><E0/><V3/><F35/><W113/><G113/><T43/><D43/><U58/><E100/><V75/><F75/><W32/><G85/><T63/><D116/><N who="2" m="44618" /><F130/><W79/><G79/><T107/><D107/><U74/><E74/><V37/><F132/><W104/><G104/><T129/><D129/><U16/><E7/><V123/><F123/><W12/><G12/><T66/><D63/><U29/><REACH who="1" step="1"/><E29/><REACH who="1" ten="62,321,210,397" step="2"/><V121/><F121/><W45/><G89/><T34/><D34/><U131/><E131/><V133/><F133/><W97/><G33/><T92/><D105/><U60/><E60/><V81/><F5/><W118/><G32/><T109/><D109/><U83/><E83/><V134/><F134/><W70/><G118/><T93/><D93/><U71/><E71/><V128/><F128/><W52/><G31/><T111/><D111/><U50/><E50/><V27/><F94/><W20/><G70/><T14/><D26/><U13/><E13/><V57/><F37/><W64/><G30/><T80/><REACH who="0" step="1"/><D77/><REACH who="0" ten="52,321,210,397" step="2"/><U25/><E25/><V54/><F27/><W88/><G78/><T11/><D11/><U24/><E24/><V110/><F110/><W18/><G76/><T36/><AGARI ba="0,2" hai="8,14,19,36,40,47,65,66,67,80,82,92,99,101" machi="36" ten="30,12000,1" yaku="1,1,0,1,53,3" doraHai="115" doraHaiUra="61" who="0" fromWho="0" sc="52,140,321,-40,210,-40,397,-40" /><INIT seed="4,1,0,0,1,49" ten="192,281,170,357" oya="0" hai0="1,118,14,109,22,68,19,58,64,132,110,100,94" hai1="57,61,55,120,28,43,65,7,75,90,103,96,112" hai2="8,84,113,83,87,108,12,134,135,123,117,92,86" hai3="16,35,2,36,82,74,51,26,129,10,127,131,31"/><T122/><D118/><U0/><E75/><V27/><F117/><W6/><G36/><T125/><D1/><U15/><E120/><V71/><F123/><W76/><G127/><T48/><D125/><U34/><E0/><V38/><F108/><N who="0" m="41578" /><D132/><N who="2" m="50730" /><F38/><W89/><G89/><T93/><D122/><U106/><E43/><V119/><F119/><W13/><REACH who="3" step="1"/><G51/><REACH who="3" ten="192,281,170,347" step="2"/><T29/><D100/><U25/><E90/><V60/><F113/><W39/><G39/><T59/><D29/><U52/><REACH who="1" step="1"/><E112/><REACH who="1" ten="192,271,170,347" step="2"/><V97/><F83/><W115/><G115/><T81/><D81/><U105/><E105/><V4/><F71/><W63/><G63/><N who="0" m="39967" /><D93/><U130/><E130/><V40/><F92/><W50/><G50/><T107/><D94/><U121/><E121/><V99/><F60/><W124/><G124/><T56/><D107/><U18/><E18/><V54/><F4/><W24/><G24/><T30/><D30/><U78/><E78/><V88/><F27/><W85/><G85/><T42/><D42/><U3/><E3/><V9/><F87/><W128/><G128/><T102/><D102/><U98/><E98/><V33/><F40/><W79/><G79/><T23/><D48/><U101/><E101/><V20/><F86/><W77/><G77/><T114/><D114/><U91/><E91/><V32/><F97/><W67/><G67/><T104/><D104/><U5/><E5/><V44/><F99/><W41/><G41/><T133/><D133/><U116/><E116/><V47/><F84/><W72/><G72/><T95/><D95/><U11/><AGARI ba="1,2" hai="7,11,15,25,28,34,52,55,57,61,65,96,103,106" machi="11" ten="30,8000,1" yaku="1,1,0,1,52,2,54,1,53,0" doraHai="49" doraHaiUra="126" who="1" fromWho="1" sc="192,-41,271,103,170,-21,347,-21" /><INIT seed="5,0,0,0,0,6" ten="151,374,149,326" oya="1" hai0="108,129,105,10,55,28,78,21,51,130,33,112,48" hai1="9,60,95,50,134,71,80,102,74,132,69,89,2" hai2="66,13,53,114,133,8,25,124,54,39,41,30,27" hai3="15,61,64,91,49,88,36,92,81,46,67,98,56"/><U29/><E29/><V77/><F133/><N who="1" m="51305" /><E102/><V83/><F124/><W31/><G36/><T63/><D105/><U119/><E119/><V113/><F66/><W100/><G31/><T20/><D108/><U127/><E60/><V19/><F39/><W93/><G67/><T121/><D121/><U116/><E50/><V118/><F41/><W99/><G81/><T123/><D123/><U7/><E127/><V59/><F118/><W126/><G126/><T1/><D63/><U104/><E104/><V75/><F27/><W107/><G107/><T117/><D117/><U42/><E42/><V106/><F106/><W110/><G15/><T84/><D28/><U103/><E103/><V135/><F135/><W44/><G110/><T26/><D1/><U109/><E109/><V125/><F125/><W40/><G44/><T17/><D51/><U86/><E116/><V22/><REACH who="2" step="1"/><F59/><REACH who="2" ten="151,374,139,326" step="2"/><W5/><G5/><T16/><D26/><U32/><E32/><V58/><F58/><W131/><G131/><T43/><D33/><U70/><E70/><V0/><F0/><W128/><G128/><T62/><D130/><U87/><E71/><V97/><F97/><W52/><G64/><T45/><D129/><U11/><E69/><V57/><F57/><W72/><G72/><T76/><D43/><U4/><E74/><V94/><F94/><W12/><G12/><T65/><D65/><U38/><E38/><V14/><F14/><W23/><G100/><T122/><D122/><U115/><E2/><V90/><F90/><W34/><G34/><T120/><D120/><U85/><E4/><RYUUKYOKU ba="0,1" sc="151,-15,374,-15,139,15,326,15" hai2="8,13,19,22,25,30,53,54,75,77,83,113,114" hai3="23,40,46,49,52,56,61,88,91,92,93,98,99" /><INIT seed="6,1,1,5,1,119" ten="136,359,154,341" oya="2" hai0="55,53,67,84,30,25,65,15,62,20,114,83,1" hai1="126,85,93,79,132,19,129,77,127,60,112,76,130" hai2="42,101,70,91,0,75,29,33,82,13,21,17,124" hai3="45,28,51,94,103,49,86,52,4,7,8,106,125"/><V121/><F70/><W73/><G73/><T31/><D1/><U118/><E118/><V6/><F124/><N who="1" m="47657" /><E112/><V96/><F42/><W135/><G125/><T134/><D134/><U36/><E36/><V26/><F121/><W110/><G110/><T98/><D114/><U47/><E47/><V38/><F38/><W9/><G135/><T27/><D15/><U109/><E109/><V37/><F37/><W11/><G28/><T108/><D98/><U10/><E60/><V54/><F54/><N who="3" m="29999" /><G106/><T113/><D113/><U2/><E132/><V107/><F91/><N who="3" m="53623" /><G103/><T64/><D62/><U102/><E102/><V105/><F105/><W40/><G40/><T35/><REACH who="0" step="1"/><D108/><REACH who="0" ten="126,359,154,341" step="2"/><U120/><E2/><V22/><F0/><W88/><G88/><AGARI ba="1,2" hai="20,25,27,30,31,35,53,55,64,65,67,83,84,88" machi="88" ten="40,5200,0" yaku="1,1,2,1,54,1,53,0" doraHai="119" doraHaiUra="66" who="0" fromWho="3" sc="126,75,359,0,154,0,341,-55" /><INIT seed="7,0,0,2,4,57" ten="201,359,154,286" oya="3" hai0="1,122,135,7,113,66,61,24,112,6,79,111,3" hai1="21,98,9,95,110,74,63,105,64,40,2,42,56" hai2="55,131,93,34,125,100,75,99,71,14,87,39,123" hai3="92,81,62,118,82,96,8,15,89,20,50,133,78"/><W120/><G120/><T91/><D122/><U46/><E74/><V35/><F123/><W128/><G118/><T77/><D111/><U12/><E105/><V5/><F75/><W53/><G133/><T126/><D135/><U26/><E2/><N who="0" m="521" /><D91/><N who="1" m="55679" /><E46/><V115/><F115/><N who="0" m="44106" /><D126/><U103/><E103/><V106/><F125/><W43/><G128/><T72/><D24/><U65/><E110/><V114/><F131/><W76/><G20/><T117/><D117/><U132/><E132/><V17/><F114/><W27/><G27/><T47/><D47/><U48/><E21/><V94/><F5/><N who="0" m="1546" /><D72/><U108/><E26/><V13/><F39/><W19/><G43/><T83/><D83/><N who="3" m="31753" /><G50/><T30/><D30/><U4/><E108/><V69/><F35/><W60/><G53/><T16/><D16/><U54/><E48/><V10/><F34/><W85/><G96/><T45/><D45/><U67/><AGARI ba="0,0" hai="4,9,12,40,42,54,56,63,64,65,67" m="55679" machi="67" ten="30,2000,0" yaku="8,1,52,1" doraHai="57" who="1" fromWho="1" sc="201,-5,359,20,154,-5,286,-10" owari="196,-20.0,379,47.0,149,-35.0,276,8.0" /></mjloggm>