<mjloggm ver="2.3"><GO type="73"/><UN n0="%E8%B6%85%E5%85%89%E6%88%A6%E5%A3%AB" n1="%E9%BB%92%EF%BC%8B%EF%BC%91" n2="%EF%BC%88%E2%89%A7%E2%96%BD%E2%89%A6%EF%BC%89" n3="%E3%82%B0%E3%83%AA%E3%82%B3%E3%83%BC%E3%83%93%E3%82%B9%E3%82%B3" dan="3,0,11,7" rate="1584,1501,1875,1375" sx="M,M,M,M"/><TAIKYOKU oya="0"/><INIT seed="0,0,0,4,2,89" ten="250,250,250,250" oya="0" hai0="14,92,59,56,50,123,87,127,122,69,79,115,0" hai1="32,114,100,46,2,10,83,76,11,101,16,61,1" hai2="116,62,42,34,107,125,73,18,91,109,131,44,119" hai3="104,102,6,12,24,49,75,31,96,66,94,43,28"/><T71/><D0/><U57/><E114/><V86/><F107/><W35/><G75/><T110/><D115/><U81/><E32/><V8/><F73/><W117/><G117/><N who="2" m="45129" /><F109/><W64/><G104/><T95/><D110/><U82/><E76/><V118/><F125/><W126/><G126/><T40/><D127/><U3/><E46/><V111/><F111/><W129/><G129/><T113/><D113/><U84/><E84/><V108/><F131/><W52/><G43/><T38/><D87/><U51/><E16/><V70/><F108/><W58/><REACH who="3" step="1"/><G28/><REACH who="3" step="2"/><T41/><D38/><U5/><E5/><V68/><F118/><W21/><G21/><T20/><D20/><U7/><E7/><V4/><F42/><W77/><G77/><T67/><D79/><U13/><E13/><V132/><F34/><W23/><G23/><T25/><D14/><U53/><E11/><AGARI ba="0,1" hai="6,11,12,24,31,35,49,52,58,64,66,94,96,102" machi="11" ten="40,5200,0" yaku="1,1,52,1,54,1,53,0" doraHai="89" doraHaiUra="121" who="3" fromWho="1" sc="250,0,250,-52,250,0,240,62" /><INIT seed="1,0,0,2,1,26" ten="250,198,250,302" oya="1" hai0="15,103,91,39,28,11,106,113,36,24,44,6,40" hai1="119,135,29,71,37,97,53,5,66,75,126,38,0" hai2="112,89,56,76,72,95,78,101,86,65,125,115,77" hai3="7,121,64,61,111,45,22,48,109,85,54,88,117"/><U100/><E53/><V33/><F33/><W104/><G121/><T114/><D91/><U129/><E119/><V96/><F65/><W50/><G104/><T49/><D49/><U42/><E135/><V57/><F57/><W67/><G117/><T14/><D14/><U118/><E118/><V73/><F56/><W84/><G84/><T25/><D25/><U3/><E129/><V132/><F132/><W55/><G7/><T58/><D58/><U4/><E126/><V10/><F10/><W1/><G1/><T131/><D131/><U120/><E120/><V108/><F108/><N who="3" m="41547" /><G22/><T80/><D80/><U83/><E5/><V99/><F125/><W16/><G16/><T68/><D68/><U133/><E133/><V81/><F81/><BYE who="2" /><N who="3" m="49199" /><G61/><T98/><D39/><N who="1" m="14859" /><E42/><V128/><F128/><W70/><G70/><T122/><D122/><U27/><E4/><V32/><F32/><AGARI ba="0,0" hai="6,11,15,24,28,32,36,40,44,98,103,106,113,114" machi="32" ten="30,2000,0" yaku="7,1,52,1" doraHai="26" who="0" fromWho="2" sc="250,20,198,0,250,-20,302,0" /><INIT seed="2,0,0,5,2,57" ten="270,198,230,302" oya="2" hai0="71,75,116,66,127,100,45,9,132,135,63,69,0" hai1="97,98,61,18,29,8,55,106,27,133,22,59,65" hai2="76,80,35,38,112,1,30,119,14,111,115,96,109" hai3="39,13,73,52,49,7,5,20,122,83,15,72,130"/><V104/><F104/><W77/><G122/><T23/><D100/><U131/><E131/><V11/><F11/><W95/><G130/><T10/><D75/><U37/><E37/><V50/><F50/><W118/><G39/><T42/><D23/><U113/><E133/><N who="0" m="51273" /><D0/><U78/><E113/><V51/><F51/><W32/><G118/><T134/><N who="0" m="51281" /><T85/><DORA hai="46" /><D85/><U25/><E106/><V24/><F24/><W44/><G32/><UN n2="%EF%BC%88%E2%89%A7%E2%96%BD%E2%89%A6%EF%BC%89" /><T86/><D86/><U47/><E78/><V102/><F38/><W117/><G117/><T121/><D121/><U128/><E128/><V84/><F1/><W56/><G72/><T31/><D31/><U89/><E8/><V82/><F119/><W68/><G68/><N who="0" m="42079" /><D116/><U2/><E2/><V53/><F14/><W28/><G95/><T92/><D92/><U110/><E110/><N who="2" m="41995" /><F30/><W43/><G28/><T64/><D10/><U94/><E98/><V62/><F35/><W120/><G120/><T41/><D9/><U99/><E99/><V88/><F96/><W3/><G3/><T87/><D87/><U33/><E47/><V4/><F102/><W70/><G70/><N who="0" m="26635" /><D64/><AGARI ba="0,0" hai="18,22,25,27,29,33,55,59,61,64,65,89,94,97" machi="64" ten="40,5200,0" yaku="25,2,52,1" doraHai="57,46" who="1" fromWho="0" sc="270,-52,198,52,230,0,302,0" /><INIT seed="3,0,0,2,1,107" ten="218,250,230,302" oya="3" hai0="129,110,71,41,69,86,120,104,18,3,112,79,65" hai1="11,84,9,55,53,42,109,108,111,113,103,82,85" hai2="31,131,115,58,89,13,78,83,29,134,114,34,17" hai3="7,5,80,121,48,96,101,72,76,24,74,97,63"/><W26/><G121/><T135/><D18/><U66/><E42/><V21/><F134/><W10/><G72/><T81/><D41/><U25/><E103/><V33/><F131/><W60/><G5/><T56/><D56/><U88/><E66/><V70/><F70/><W28/><G96/><T15/><D15/><U95/><E25/><V124/><F124/><W1/><G24/><T4/><D65/><U43/><E43/><V27/><F89/><W44/><G97/><T14/><D14/><U99/><E113/><V123/><F123/><W117/><G117/><T68/><D4/><U32/><E32/><V2/><F2/><W106/><G106/><T51/><D51/><U59/><E55/><V122/><F122/><W77/><G101/><T57/><D57/><U40/><E40/><V118/><F118/><W119/><G119/><T62/><D62/><U8/><REACH who="1" step="1"/><E82/><REACH who="1" step="2"/><V92/><F34/><W133/><G133/><T91/><D112/><U116/><E116/><V38/><F115/><W22/><REACH who="3" step="1"/><G77/><REACH who="3" step="2"/><T100/><D120/><U132/><E132/><V64/><F78/><W102/><G102/><T50/><D135/><U61/><AGARI ba="0,2" hai="8,9,11,53,59,61,84,85,88,95,99,108,109,111" machi="61" ten="40,8000,1" yaku="1,1,0,1,14,1,54,1,53,0" doraHai="107" doraHaiUra="46" who="1" fromWho="1" sc="218,-20,240,100,230,-20,292,-40" /><INIT seed="4,0,0,3,5,38" ten="198,340,210,252" oya="0" hai0="54,100,92,86,21,29,64,13,52,35,95,127,85" hai1="28,121,74,120,11,30,96,14,107,66,39,111,124" hai2="18,69,135,116,119,61,6,20,82,115,70,129,25" hai3="36,45,130,23,51,56,55,5,2,16,79,122,46"/><T114/><BYE who="1" /><D114/><U32/><E32/><V125/><F125/><W57/><G122/><T65/><D35/><U48/><E48/><V31/><F115/><W106/><G130/><T87/><D127/><U132/><E132/><V40/><F129/><W17/><G106/><T118/><D118/><N who="2" m="45098" /><F135/><W27/><G79/><T3/><D3/><U126/><E126/><V73/><F6/><W37/><G2/><T88/><D100/><U123/><E123/><V15/><F61/><W42/><G5/><T67/><D95/><U71/><E71/><N who="2" m="27147" /><F73/><W84/><G84/><N who="0" m="32363" /><D29/><U90/><E90/><V83/><F40/><W77/><G77/><T63/><D63/><U58/><E58/><V26/><F26/><W91/><G91/><T22/><D13/><U131/><E131/><V99/><F99/><W117/><G117/><T8/><D8/><AGARI ba="0,0" hai="8,15,18,20,25,31,82,83" m="27147,45098" machi="8" ten="30,1000,0" yaku="12,1" doraHai="38" who="2" fromWho="0" sc="198,-10,340,0,210,10,252,0" /><INIT seed="5,0,0,0,2,100" ten="188,340,220,252" oya="1" hai0="9,79,71,105,65,102,96,80,15,32,87,8,128" hai1="46,17,130,0,6,48,23,47,88,44,67,37,28" hai2="89,82,110,112,81,109,73,31,58,121,13,1,16" hai3="132,36,101,52,4,123,106,51,57,7,55,107,116"/><U54/><E54/><V25/><F1/><W69/><G123/><T38/><D128/><U33/><E33/><V62/><F121/><W76/><G116/><T64/><D32/><U122/><E122/><V19/><F112/><W29/><G132/><T86/><D38/><U3/><E3/><V97/><F73/><W94/><G69/><T77/><D9/><U134/><E134/><V2/><F2/><W61/><G36/><T34/><D34/><U125/><E125/><V119/><F119/><W84/><G29/><T78/><D71/><U45/><E45/><V59/><F110/><W21/><G21/><T129/><D129/><U126/><E126/><V11/><F109/><W24/><G24/><T95/><D105/><U111/><E111/><V133/><F133/><W113/><G113/><T27/><D27/><U127/><E127/><V120/><F120/><W14/><G101/><T131/><D131/><U50/><E50/><V49/><F19/><W117/><G117/><T70/><D70/><U124/><E124/><V68/><F68/><W103/><G103/><T115/><D115/><U92/><E92/><N who="2" m="56463" /><F49/><W90/><G76/><T10/><D10/><U42/><E42/><V5/><F5/><W20/><G20/><T66/><REACH who="0" step="1"/><D80/><REACH who="0" step="2"/><UN n1="%E9%BB%92%EF%BC%8B%EF%BC%91" /><U99/><E130/><V72/><F82/><W118/><G118/><T43/><D43/><U35/><E37/><V26/><F81/><W104/><G14/><T18/><AGARI ba="0,1" hai="8,15,18,64,65,66,77,78,79,86,87,95,96,102" machi="18" ten="30,12000,2" yaku="1,1,0,1,8,1,53,3" doraHai="100" doraHaiUra="74" who="0" fromWho="0" sc="178,130,340,-60,220,-30,252,-30" /><INIT seed="6,0,0,4,3,60" ten="308,280,190,222" oya="2" hai0="109,80,114,79,89,122,121,45,65,134,126,16,17" hai1="133,101,131,39,74,100,42,32,54,68,71,18,117" hai2="102,46,31,28,125,12,88,66,81,113,67,132,110" hai3="75,119,86,72,94,33,26,13,104,35,43,84,69"/><V64/><F113/><W11/><G119/><T48/><D114/><U103/><E117/><V70/><F70/><N who="1" m="26665" /><E18/><V115/><F115/><W41/><G104/><T49/><D109/><U21/><E21/><V82/><F132/><W15/><G69/><T8/><D126/><U106/><E133/><V2/><F2/><W124/><G124/><T107/><D107/><U50/><E74/><V63/><F125/><W55/><G55/><T83/><D134/><U61/><E106/><V99/><F110/><W36/><G36/><T6/><D89/><U77/><E77/><V130/><F130/><W3/><G94/><T129/><D129/><U53/><E32/><V62/><F102/><W4/><G26/><T10/><D45/><N who="1" m="23775" /><E100/><V19/><F46/><W0/><REACH who="3" step="1"/><G11/><REACH who="3" step="2"/><T7/><D79/><U128/><E103/><V14/><F81/><W38/><G38/><T91/><D91/><U30/><E101/><V76/><F76/><W40/><G40/><T116/><D116/><U47/><E30/><N who="2" m="11307" /><F82/><W93/><G93/><T25/><D25/><U123/><E123/><V85/><F88/><W118/><G118/><T34/><D34/><U37/><E37/><V108/><F108/><W52/><G52/><N who="1" m="20074" /><E61/><V29/><F29/><W20/><G20/><T9/><D9/><U24/><E24/><V112/><F112/><W5/><AGARI ba="0,1" hai="0,3,4,5,13,15,33,35,41,43,72,75,84,86" machi="5" ten="25,6400,0" yaku="1,1,0,1,22,2,53,0" doraHai="60" doraHaiUra="44" who="3" fromWho="3" sc="308,-16,280,-16,190,-32,212,74" /><INIT seed="7,0,0,5,5,28" ten="292,264,158,286" oya="3" hai0="117,95,19,46,127,2,5,119,102,62,45,42,44" hai1="94,31,72,118,16,121,92,110,100,107,51,35,93" hai2="66,83,57,63,116,125,69,4,11,12,29,41,8" hai3="113,10,24,3,55,109,89,39,18,128,108,105,67"/><W77/><G128/><T48/><D2/><U56/><E110/><N who="3" m="42602" /><G113/><T81/><D5/><U23/><E72/><V122/><F122/><W79/><G105/><T70/><D70/><U43/><E121/><V7/><F116/><W32/><G39/><T132/><D117/><U22/><E118/><V115/><F115/><W78/><G3/><T99/><D119/><U84/><E35/><V1/><F125/><W90/><G10/><T59/><D127/><U40/><E31/><V134/><F134/><W30/><G18/><T111/><D111/><U101/><E84/><V130/><F130/><W133/><G133/><T0/><D0/><U98/><E23/><V53/><F29/><W75/><G75/><T97/><D132/><U64/><E100/><V13/><F41/><W25/><G25/><T86/><D19/><U65/><E43/><V103/><F103/><W20/><G20/><T15/><D99/><U73/><E73/><V87/><F1/><W85/><G85/><T52/><D15/><U88/><E40/><V6/><F6/><W71/><G55/><T36/><D36/><U131/><E131/><V54/><REACH who="2" step="1"/><F69/><REACH who="2" step="2"/><W50/><G50/><T68/><D68/><U76/><E76/><AGARI ba="0,1" hai="4,7,8,11,12,13,53,54,57,63,66,76,83,87" machi="76" ten="30,12000,2" yaku="1,1,2,1,7,1,9,1,8,1,53,1" doraHai="28" doraHaiUra="58" who="2" fromWho="1" sc="292,0,264,-120,148,130,286,0" /><AGARI ba="0,0" hai="42,44,45,46,48,52,59,62,76,81,86,95,97,102" machi="76" ten="30,3900,0" yaku="7,1,8,1,54,1" doraHai="28" who="0" fromWho="1" sc="292,39,144,-39,278,0,286,0" owari="331,42,105,-39,278,-12,286,9" /></mjloggm>