<mjloggm ver="2.3"><GO type="97"/><UN n0="%EF%BC%88%E2%89%A7%E2%96%BD%E2%89%A6%EF%BC%89" n1="%77%69%74%74" n2="%4B%6B%61%72%61%73%75" n3="%E6%B0%B4%E5%86%85%E9%AD%9A%E6%9D%A5%E9%A6%99" dan="15,14,13,15" rate="1997,1906,1832,1938" sx="M,M,M,F"/><TAIKYOKU oya="0"/><INIT seed="0,0,0,3,0,95" ten="250,250,250,250" oya="0" hai0="72,135,20,54,13,100,104,42,128,47,53,16,28" hai1="33,117,3,94,56,49,131,124,39,55,88,14,43" hai2="90,125,27,126,86,127,106,83,41,0,2,129,79" hai3="30,122,40,89,112,98,115,65,34,69,11,21,58"/><T57/><D72/><U1/><E33/><V116/><F129/><W67/><G34/><T133/><D128/><U105/><E131/><V97/><F41/><W59/><G69/><T107/><D28/><U32/><E32/><V46/><F46/><W70/><G70/><T134/><D100/><U17/><E105/><N who="0" m="40521" /><D57/><U52/><E124/><V66/><F116/><W96/><G122/><T19/><D19/><U18/><E117/><V15/><F27/><N who="3" m="16751" /><G40/><T48/><AGARI ba="0,0" hai="13,16,20,42,47,48,53,54,133,134,135" m="40521" machi="48" ten="40,3900,0" yaku="20,1,54,1" doraHai="95" who="0" fromWho="0" sc="250,39,250,-13,250,-13,250,-13" /><INIT seed="0,1,0,0,5,32" ten="289,237,237,237" oya="0" hai0="107,85,75,47,19,63,15,45,120,69,97,103,1" hai1="16,131,25,60,86,4,72,55,40,5,3,7,80" hai2="57,84,99,35,122,119,134,126,68,14,124,88,132" hai3="133,6,54,123,20,100,36,26,17,67,38,64,111"/><T29/><D75/><U112/><E72/><V53/><F122/><W51/><G123/><T102/><D107/><U42/><E131/><V22/><F99/><W113/><G113/><T81/><D120/><U115/><E3/><V77/><F77/><W76/><G111/><T18/><D29/><U98/><E98/><V11/><F22/><W33/><G100/><T116/><D116/><U109/><E109/><V43/><F43/><W46/><G133/><N who="2" m="51305" /><F35/><W65/><G76/><T59/><D69/><U71/><E71/><V74/><F68/><W41/><G33/><T66/><D1/><U34/><E34/><V92/><F74/><W8/><REACH who="3" step="1"/><G41/><REACH who="3" ten="289,237,237,227" step="2"/><T101/><D103/><U28/><E40/><V39/><F119/><W21/><G21/><T70/><D102/><U94/><E42/><V56/><F124/><W10/><G10/><T117/><D101/><U121/><E121/><V83/><F126/><W52/><G52/><T27/><D117/><U114/><E55/><V31/><F53/><W110/><G110/><T2/><D66/><U49/><E115/><V105/><F105/><W87/><G87/><T9/><D85/><U30/><E114/><V90/><F31/><W130/><G130/><T96/><D9/><U62/><E86/><N who="2" m="52247" /><F39/><W78/><G78/><T61/><D97/><U37/><E28/><V95/><F83/><W48/><G48/><T128/><D81/><U93/><E49/><V23/><F23/><W129/><G129/><T82/><D128/><U0/><E37/><V50/><F50/><W44/><G44/><T58/><D47/><U118/><E112/><RYUUKYOKU ba="1,1" sc="289,-15,237,-15,237,15,227,15" hai2="11,14,56,57,84,90,95" hai3="6,8,17,20,26,36,38,46,51,54,64,65,67" /><INIT seed="1,2,1,5,1,77" ten="274,222,252,242" oya="1" hai0="55,113,40,117,116,64,49,125,78,12,81,31,60" hai1="94,9,135,39,79,91,66,88,82,25,52,70,121" hai2="4,13,36,103,29,30,105,71,92,99,51,90,24" hai3="42,11,75,93,124,61,76,43,32,107,47,67,20"/><U65/><E121/><V129/><F36/><W27/><G107/><T104/><D113/><U86/><E39/><V80/><F129/><W23/><G32/><T17/><D104/><U84/><E135/><V28/><F71/><W59/><G124/><T115/><D40/><U102/><E102/><V123/><F123/><W114/><G114/><T21/><D31/><U18/><E70/><V0/><F0/><W38/><G43/><T22/><D22/><N who="1" m="13527" /><E9/><V109/><F80/><W34/><G34/><T16/><D12/><U6/><E6/><V46/><F109/><W37/><G37/><T8/><D8/><U85/><E52/><V10/><F103/><W68/><G11/><T26/><D17/><U100/><E100/><V134/><F105/><W2/><G2/><T110/><D125/><U72/><E72/><V33/><REACH who="2" step="1"/><F134/><REACH who="2" ten="274,222,242,242" step="2"/><W118/><G68/><N who="0" m="41991" /><D110/><U56/><E56/><V14/><F14/><W1/><G1/><T119/><D115/><U83/><AGARI ba="2,2" hai="65,66,79,82,83,84,85,86,88,91,94" m="13527" machi="83" ten="30,11700,0" yaku="8,1,52,2,54,1" doraHai="77" who="1" fromWho="1" sc="274,-41,222,143,242,-41,242,-41" /><INIT seed="1,3,0,3,5,80" ten="233,365,201,201" oya="1" hai0="39,97,32,11,16,7,114,132,10,46,71,68,85" hai1="59,106,81,31,23,22,40,54,41,123,127,111,120" hai2="34,93,4,63,107,83,125,98,89,79,17,13,48" hai3="90,117,38,58,18,42,60,20,57,135,115,84,5"/><U72/><E106/><V121/><F121/><W24/><G115/><T65/><D114/><U25/><E111/><V122/><F122/><W56/><G135/><T62/><D32/><U113/><E127/><V64/><F125/><W33/><G117/><T49/><D132/><U50/><E113/><V36/><F48/><W67/><G33/><T82/><D39/><U102/><E102/><V27/><F4/><W2/><G2/><T19/><D97/><U53/><E72/><V30/><F36/><W76/><G76/><T9/><D68/><U74/><E74/><V92/><F107/><W118/><G5/><T130/><D130/><U86/><E23/><V124/><F93/><W75/><G75/><T73/><D73/><U100/><E100/><V87/><F124/><W131/><G131/><T99/><D99/><U91/><E123/><V119/><F119/><W116/><G42/><T101/><D101/><U45/><REACH who="1" step="1"/><E120/><REACH who="1" ten="233,355,201,201" step="2"/><V108/><F108/><W1/><G118/><T112/><D112/><U128/><E128/><V37/><F37/><W133/><G38/><T44/><D10/><U110/><E110/><V6/><F6/><W61/><G116/><T28/><D11/><U0/><E0/><V96/><F96/><W70/><G1/><T55/><D9/><U103/><E103/><V47/><F47/><W69/><G133/><T94/><D7/><U12/><E12/><V104/><F104/><W29/><G20/><T126/><D46/><U3/><E3/><V95/><F95/><W109/><G109/><T52/><D44/><U129/><E129/><V43/><F43/><RYUUKYOKU ba="3,1" sc="233,-10,355,30,201,-10,201,-10" hai1="22,25,31,40,41,45,50,53,54,59,81,86,91" /><INIT seed="1,4,1,0,0,103" ten="223,385,191,191" oya="1" hai0="5,35,130,20,75,28,122,69,11,9,56,34,32" hai1="64,0,89,135,51,117,10,60,90,7,124,50,38" hai2="22,72,15,46,12,17,3,106,21,97,68,8,37" hai3="73,27,13,47,114,71,19,92,6,61,111,86,118"/><U98/><E38/><V132/><F72/><W30/><G114/><T93/><D69/><U112/><E112/><V79/><F3/><W4/><G73/><T25/><D75/><U115/><E115/><V29/><F79/><W84/><G111/><T40/><D40/><U87/><E117/><V26/><F132/><W63/><G118/><T81/><D122/><U123/><E123/><V83/><F83/><W88/><G47/><T57/><D81/><U94/><E135/><V105/><F97/><W80/><G71/><T52/><D130/><U18/><E18/><V95/><F95/><W44/><G44/><T121/><D121/><U131/><E124/><V77/><F77/><N who="3" m="46095" /><G27/><T62/><D5/><N who="3" m="2153" /><G30/><T59/><REACH who="0" step="1"/><D93/><REACH who="0" ten="213,385,191,191" step="2"/><U119/><E131/><V14/><F68/><W104/><G104/><T55/><D55/><U110/><E119/><V45/><F37/><W48/><G48/><T53/><D53/><U33/><E50/><V108/><F108/><W24/><G24/><T134/><D134/><U127/><E51/><V70/><F70/><W1/><G1/><T42/><D42/><U99/><E94/><V128/><F128/><W125/><G125/><T102/><D102/><U100/><E100/><V82/><F105/><W133/><G133/><T54/><D54/><U113/><E110/><V49/><F106/><W66/><G66/><T43/><D43/><U58/><E127/><V109/><F82/><W96/><G96/><T85/><D85/><U74/><E98/><V2/><F109/><W120/><G120/><T16/><D16/><U91/><E87/><V116/><F116/><RYUUKYOKU ba="4,2" sc="213,15,385,-15,191,-15,191,15" hai0="9,11,20,25,28,32,34,35,52,56,57,59,62" hai3="13,19,61,63,86,88,92" /><INIT seed="2,5,2,5,3,82" ten="228,370,176,206" oya="2" hai0="76,126,58,53,131,92,31,120,85,40,59,75,93" hai1="97,78,121,81,21,116,95,48,57,24,125,100,26" hai2="86,65,96,80,36,106,30,91,94,44,122,5,123" hai3="20,41,83,7,114,25,127,10,16,6,71,23,99"/><V115/><F115/><W104/><G71/><T4/><D120/><U88/><E116/><V111/><F106/><W134/><G114/><T63/><D131/><U17/><E121/><V112/><F112/><W29/><G134/><T68/><D68/><U72/><E125/><V73/><F73/><W14/><G127/><T49/><D126/><U13/><REACH who="1" step="1"/><E100/><REACH who="1" ten="228,360,176,206" step="2"/><V2/><F111/><W132/><G132/><T129/><D129/><U55/><AGARI ba="5,3" hai="13,17,21,24,26,48,55,57,72,78,81,88,95,97" machi="55" ten="30,7900,0" yaku="1,1,2,1,0,1,54,1,53,0" doraHai="82" doraHaiUra="118" who="1" fromWho="1" sc="228,-25,360,124,176,-44,206,-25" /><INIT seed="3,0,0,0,4,37" ten="203,484,132,181" oya="3" hai0="61,63,105,57,21,64,35,118,126,109,101,129,43" hai1="115,96,15,58,111,134,100,123,44,93,23,75,49" hai2="85,95,46,27,66,16,71,121,56,132,125,39,104" hai3="38,87,42,32,110,77,1,73,45,6,112,14,36"/><W91/><G112/><T83/><D35/><U86/><E123/><V107/><F71/><W19/><G32/><T33/><D33/><U13/><E75/><V0/><F121/><W72/><G36/><T79/><D129/><U31/><E111/><V17/><F0/><W40/><G110/><T103/><D118/><U82/><E58/><V94/><F125/><W60/><G60/><N who="0" m="37903" /><D126/><U48/><E134/><V74/><F132/><W81/><G73/><T131/><D131/><U89/><E115/><V120/><F120/><W53/><G53/><T128/><D128/><U29/><E48/><V4/><F74/><W108/><G108/><T8/><D109/><U25/><E31/><V9/><F27/><W69/><G69/><T12/><D105/><U22/><E23/><V59/><F66/><W84/><G91/><T52/><D21/><U99/><E96/><V116/><F85/><W80/><G80/><T5/><D52/><AGARI ba="0,0" hai="13,15,22,25,29,44,49,52,82,86,89,93,99,100" machi="52" ten="30,3900,0" yaku="7,1,8,1,54,1" doraHai="37" who="1" fromWho="0" sc="203,-39,484,39,132,0,181,0" owari="164,-24.0,523,63.0,132,-37.0,181,-2.0" /></mjloggm>