<mjloggm ver="2.3"><GO type="169"/><UN n0="%4E%69%65%6C" n1="%EF%BC%88%E2%89%A7%E2%96%BD%E2%89%A6%EF%BC%89" n2="%E6%9D%B1%E5%8D%97" n3="%E3%81%94%E3%81%98%E3%82%83%E3%82%8B" dan="16,17,17,18" rate="2080,2105,2094,2287" sx="M,M,M,M"/><TAIKYOKU oya="0"/><INIT seed="0,0,0,3,1,89" ten="250,250,250,250" oya="0" hai0="70,0,16,29,46,108,71,83,52,67,62,37,60" hai1="27,3,15,13,8,23,95,36,40,39,101,25,66" hai2="102,30,134,2,82,45,10,110,96,94,121,1,50" hai3="26,97,78,19,12,64,119,6,72,90,104,7,20"/><T11/><D29/><U91/><E3/><V114/><F121/><W63/><G119/><T68/><D108/><U125/><E125/><V74/><F114/><W85/><G72/><T75/><D75/><U47/><E39/><V132/><F110/><W43/><G43/><T22/><D83/><U33/><E33/><V135/><F10/><W106/><G78/><T48/><D37/><U105/><E66/><V88/><F30/><W55/><G55/><T57/><D11/><U118/><E118/><V17/><F17/><W124/><G106/><T126/><D0/><U80/><E80/><V73/><F73/><W111/><G124/><T109/><D126/><U100/><E105/><V54/><F102/><W5/><G111/><T44/><D109/><U116/><E116/><V133/><N who="2" m="34304" /><DORA hai="103" /><V35/><F35/><W65/><G104/><T61/><REACH who="0" step="1"/><D46/><REACH who="0" ten="240,250,250,250" step="2"/><U59/><E47/><V127/><F127/><W4/><G4/><T28/><D28/><U69/><E8/><V18/><F18/><W99/><G6/><T123/><D123/><U128/><E36/><V130/><F130/><W14/><G5/><T87/><D87/><U34/><E128/><V131/><F131/><W31/><G7/><T76/><D76/><AGARI ba="0,1" hai="1,2,45,50,54,74,76,82,88,94,96" m="34304" machi="76" ten="70,8000,1" yaku="20,1,52,1,54,1" doraHai="89,103" who="2" fromWho="0" sc="240,-80,250,0,250,90,250,0" /><INIT seed="1,0,0,1,3,20" ten="160,250,340,250" oya="1" hai0="94,24,78,75,91,13,126,5,25,95,46,42,62" hai1="87,64,9,65,19,107,14,0,105,59,36,70,134" hai2="101,61,123,27,10,34,76,8,50,18,97,120,2" hai3="86,93,30,51,38,16,15,135,127,84,102,96,68"/><U54/><E36/><V132/><F132/><W72/><G38/><T33/><D33/><U55/><E134/><V79/><F50/><W99/><G72/><T77/><D126/><U117/><E117/><V39/><F39/><W115/><G68/><T44/><D44/><U43/><E43/><V73/><F8/><W58/><G127/><T108/><D108/><U128/><E128/><V121/><F61/><W116/><G115/><T63/><D75/><U103/><E0/><V118/><F118/><W28/><G135/><T32/><D32/><U80/><E70/><V45/><F45/><W83/><G99/><N who="0" m="57823" /><D95/><U4/><E55/><V56/><F56/><W48/><G86/><T124/><D124/><U53/><E54/><V40/><F40/><W106/><G106/><T22/><D46/><U17/><E107/><V109/><F109/><W69/><G69/><T29/><D42/><U57/><E103/><V130/><F130/><W1/><G1/><T31/><D31/><N who="3" m="11817" /><G58/><N who="1" m="22026" /><E53/><V35/><F73/><W122/><G116/><T125/><D125/><U71/><E105/><V90/><F35/><W3/><G3/><T47/><D47/><U11/><E71/><V131/><F34/><W88/><G122/><T104/><D104/><U100/><E64/><V111/><F111/><W119/><G119/><T52/><D52/><U92/><E65/><V6/><F131/><W67/><G67/><T7/><D63/><U114/><E114/><V98/><F123/><W113/><G113/><T133/><D62/><U129/><E129/><V12/><F121/><W49/><G49/><T41/><D133/><RYUUKYOKU ba="0,0" sc="160,-10,250,-10,340,-10,250,30" hai3="15,16,48,51,83,84,88,93,96,102" /><INIT seed="2,1,0,1,3,53" ten="150,240,330,280" oya="2" hai0="45,13,25,67,101,92,95,37,130,97,39,22,12" hai1="91,90,79,87,60,36,117,16,118,23,30,35,80" hai2="56,5,48,43,70,69,32,96,98,85,17,107,105" hai3="59,135,86,93,1,19,8,78,77,113,24,99,21"/><V71/><F5/><W29/><G135/><T2/><D2/><U108/><E36/><V122/><F122/><W106/><G106/><T0/><D0/><U9/><E108/><V20/><F32/><W55/><G113/><T104/><D130/><U128/><E128/><V103/><F85/><W114/><G114/><T112/><D112/><U126/><E126/><V131/><F131/><W44/><G44/><T83/><D83/><U10/><E35/><V31/><F31/><W61/><G86/><T62/><D104/><U65/><E30/><V68/><F68/><W38/><G38/><T41/><D92/><U7/><E118/><V75/><F75/><W66/><G66/><T132/><D39/><U49/><E49/><V34/><F34/><W47/><G47/><T124/><D132/><U119/><E119/><V58/><F48/><W74/><G74/><T14/><D124/><U63/><E117/><V116/><F43/><W81/><G81/><T129/><D129/><U3/><E10/><V111/><F111/><W46/><G46/><T82/><D82/><U54/><E54/><V6/><F6/><W84/><G84/><T73/><D73/><U50/><E50/><V120/><F120/><W94/><G94/><T115/><D115/><U42/><E42/><V121/><F121/><W133/><G133/><T127/><D127/><U89/><REACH who="1" step="1"/><E65/><REACH who="1" ten="150,230,330,280" step="2"/><V100/><F116/><W72/><G29/><N who="0" m="17591" /><D67/><U88/><N who="1" m="22528" /><DORA hai="64" /><U27/><AGARI ba="1,1" hai="3,7,9,16,23,27,60,63,79,80,87" m="22528" machi="27" ten="40,12000,2" yaku="1,1,4,1,0,1,54,2,53,1" doraHai="53,64" doraHaiUra="52,15" who="1" fromWho="1" sc="150,-31,230,133,330,-61,280,-31" /><INIT seed="3,0,0,4,2,113" ten="119,363,269,249" oya="3" hai0="18,51,81,23,61,111,99,123,66,90,24,4,126" hai1="110,102,42,120,45,108,68,17,122,50,3,85,5" hai2="19,79,8,114,59,49,21,82,134,115,125,92,133" hai3="117,131,80,95,15,53,77,35,7,54,124,78,103"/><W100/><G35/><T132/><D111/><N who="1" m="42539" /><E68/><V119/><F92/><W57/><G124/><T34/><D123/><U60/><E102/><V37/><F37/><W112/><G112/><T28/><D126/><U22/><E60/><V56/><F8/><W48/><G131/><T41/><D132/><N who="2" m="50794" /><F125/><W127/><G127/><T44/><D4/><U72/><E72/><N who="2" m="43367" /><F56/><W109/><G109/><T86/><D99/><U121/><E85/><V20/><F20/><W11/><G54/><T36/><D36/><U88/><E88/><V58/><F58/><W91/><G78/><T55/><D41/><U89/><E89/><V33/><F33/><W104/><G104/><T38/><D38/><U10/><E121/><V31/><F31/><W93/><G93/><T6/><D6/><U52/><E42/><V13/><F115/><W2/><G2/><T32/><REACH who="0" step="1"/><D28/><REACH who="0" ten="109,363,269,249" step="2"/><U107/><E107/><V76/><F114/><W65/><G7/><T29/><D29/><U130/><E130/><V16/><F19/><W71/><G103/><T30/><D30/><U118/><E120/><V9/><F16/><W75/><G100/><T101/><D101/><U87/><E122/><V67/><F9/><W27/><G11/><T128/><D128/><U43/><E43/><V105/><F105/><W47/><G75/><T106/><D106/><U74/><E74/><V12/><F21/><W46/><G95/><T64/><D64/><U96/><E96/><V0/><F67/><W97/><G65/><T40/><D40/><U69/><E10/><V84/><F0/><W116/><G97/><T83/><D83/><RYUUKYOKU ba="0,1" sc="109,30,363,-10,269,-10,249,-10" hai0="18,23,24,32,34,44,51,55,61,66,81,86,90" /><INIT seed="4,1,1,3,1,17" ten="139,353,259,239" oya="0" hai0="48,87,118,10,88,79,133,67,55,83,47,63,74" hai1="80,64,22,62,52,123,101,14,122,124,71,97,1" hai2="66,50,127,102,91,109,0,11,115,84,54,46,25" hai3="24,51,69,21,60,110,53,3,70,92,8,36,121"/><T81/><D133/><U19/><E124/><V6/><F127/><W131/><G36/><T134/><D134/><U27/><E1/><V56/><F109/><W49/><G110/><T99/><D99/><U59/><E80/><V82/><F115/><W104/><G104/><T43/><D118/><U18/><E14/><V112/><F112/><W119/><G119/><T96/><D96/><U33/><E18/><V98/><F25/><W93/><G3/><T15/><D43/><U28/><E19/><V13/><F0/><W75/><G8/><T42/><D42/><U44/><E44/><V105/><F66/><W32/><G32/><T57/><D15/><U65/><E65/><V86/><F86/><W2/><G75/><T61/><D61/><N who="1" m="40335" /><E101/><V117/><F117/><W78/><G70/><T4/><D10/><U16/><E97/><V9/><F9/><W39/><G69/><T129/><REACH who="0" step="1"/><D4/><REACH who="0" ten="129,353,259,239" step="2"/><U132/><E132/><V128/><F13/><W45/><G60/><T76/><D76/><U23/><E122/><V111/><F11/><W5/><G5/><T113/><D113/><U68/><E123/><V38/><F6/><W114/><G78/><T95/><D95/><U107/><E107/><V106/><F106/><W29/><G93/><T58/><D58/><U73/><E68/><V7/><F7/><W90/><G121/><T125/><D125/><U72/><E62/><V40/><F111/><W30/><G114/><T31/><D31/><U41/><E28/><V35/><F105/><W135/><G135/><T89/><D89/><U130/><E41/><V26/><F40/><RYUUKYOKU ba="1,2" sc="129,30,353,-10,259,-10,239,-10" hai0="47,48,55,57,63,67,74,79,81,83,87,88,129" /><INIT seed="4,2,2,4,1,104" ten="159,343,249,229" oya="0" hai0="36,100,70,74,77,28,32,14,113,33,69,64,62" hai1="78,118,63,91,19,37,117,11,57,108,79,8,105" hai2="50,9,47,124,92,39,109,41,99,90,23,15,13" hai3="45,126,35,10,3,123,20,97,43,75,54,24,1"/><T68/><D113/><U107/><E37/><V88/><F109/><W80/><G126/><T12/><D100/><U7/><E108/><V89/><F124/><W22/><G35/><T133/><D133/><U134/><E134/><V59/><F39/><W106/><G54/><T81/><D33/><U67/><E107/><V46/><F46/><W119/><G119/><T122/><D122/><U129/><E105/><V111/><F111/><W128/><G123/><T18/><D36/><U5/><E129/><V112/><F59/><W103/><G128/><T71/><REACH who="0" step="1"/><D18/><REACH who="0" ten="149,343,249,229" step="2"/><U25/><E117/><V48/><F112/><W120/><G103/><T98/><D98/><U66/><E118/><V65/><F65/><W82/><G97/><T16/><D16/><U121/><E67/><V38/><F38/><W102/><G102/><T95/><D95/><U96/><E121/><V40/><F92/><W101/><G101/><T60/><D60/><U114/><E114/><V125/><F99/><W110/><G106/><T61/><D61/><U17/><E63/><V127/><F127/><W135/><G135/><T83/><D83/><U72/><E66/><V130/><F125/><W115/><G82/><T0/><D0/><U34/><E96/><V44/><F130/><W4/><G120/><T52/><D52/><U29/><E34/><V53/><F53/><W26/><G1/><T55/><D55/><U116/><E116/><V27/><F9/><W132/><G132/><T131/><D131/><U85/><E11/><V2/><F2/><W73/><G3/><T30/><D30/><AGARI ba="2,3" hai="13,15,23,27,30,40,41,44,47,48,50,88,89,90" machi="30" ten="40,5200,0" yaku="9,1,8,1,54,1" doraHai="104" who="2" fromWho="0" sc="149,-58,343,0,249,88,229,0" /><INIT seed="5,0,0,1,0,19" ten="91,343,337,229" oya="1" hai0="6,88,82,43,112,58,30,5,77,49,123,130,56" hai1="18,79,38,36,9,96,73,42,126,11,108,13,107" hai2="113,91,100,111,25,105,28,129,12,67,2,132,23" hai3="87,57,20,69,106,74,89,41,4,66,86,71,90"/><U117/><E117/><V98/><F2/><W22/><G74/><T16/><D112/><U33/><E33/><V109/><F113/><W128/><G106/><T47/><D130/><U24/><E24/><V70/><F129/><W68/><G128/><T63/><D123/><U84/><E73/><V26/><F132/><W131/><G131/><T72/><D30/><U124/><E108/><V65/><F65/><W114/><G4/><T80/><D58/><U59/><E59/><V7/><F91/><W95/><G41/><T31/><D31/><U34/><E34/><V29/><F12/><W133/><G133/><T81/><D81/><N who="1" m="47167" /><E42/><V120/><F7/><W62/><REACH who="3" step="1"/><G114/><REACH who="3" ten="91,343,337,219" step="2"/><T8/><D5/><U76/><E107/><V92/><F120/><W40/><G40/><T14/><D6/><U3/><E126/><V1/><F105/><W46/><G46/><T102/><D102/><U61/><E124/><V64/><F1/><W122/><G122/><T101/><D101/><U116/><E3/><V118/><F111/><W104/><G104/><T97/><D77/><U0/><E76/><V51/><F109/><W10/><G10/><T115/><D72/><U27/><E0/><V35/><F70/><W39/><G39/><T134/><D134/><U93/><E9/><V78/><F78/><W50/><G50/><T53/><REACH who="0" step="1"/><D115/><REACH who="0" ten="81,343,337,219" step="2"/><U99/><E116/><V135/><F118/><W32/><G32/><T75/><D75/><U37/><E37/><V85/><F135/><W121/><G121/><T15/><D15/><U45/><E36/><V103/><F35/><W60/><G60/><RYUUKYOKU ba="0,2" sc="81,15,343,-15,337,-15,219,15" hai0="8,14,16,43,47,49,53,56,63,80,82,88,97" hai3="20,22,57,62,66,68,69,71,86,87,89,90,95" /><INIT seed="6,1,2,3,0,87" ten="96,328,322,234" oya="2" hai0="125,99,116,27,48,89,78,38,83,23,61,14,82" hai1="37,113,13,68,63,34,44,111,10,86,25,85,40" hai2="9,71,66,67,128,124,2,20,102,121,94,59,134" hai3="123,93,11,30,72,32,55,130,114,58,98,0,3"/><V107/><F121/><W36/><G36/><T74/><D38/><U103/><E111/><V43/><F107/><W65/><G72/><T7/><D125/><U92/><E113/><V127/><F71/><W21/><G32/><T119/><D61/><U77/><E34/><V88/><F102/><W5/><G123/><T131/><D131/><U120/><E120/><V39/><F20/><W108/><G108/><T1/><D1/><U60/><E25/><V70/><F59/><W90/><G65/><T24/><D24/><U26/><E26/><V101/><F101/><W133/><G130/><T106/><D48/><N who="1" m="26631" /><E68/><V91/><F94/><W17/><G30/><T79/><D14/><U8/><E8/><V97/><F97/><W76/><G3/><T64/><D7/><N who="1" m="3295" /><E37/><V22/><F22/><W84/><G114/><T52/><D64/><N who="2" m="24618" /><F70/><W4/><G11/><T109/><D52/><U105/><E105/><V129/><F129/><W12/><G0/><T6/><D6/><U49/><E103/><V56/><F128/><W132/><G4/><T104/><D109/><U19/><E19/><V51/><F9/><W54/><G5/><T50/><D50/><U100/><E49/><V115/><F115/><W41/><G41/><T126/><D126/><N who="2" m="48170" /><F2/><W80/><G58/><T96/><D23/><U110/><E110/><V117/><F117/><W28/><G28/><T118/><D27/><U112/><E112/><V45/><F134/><AGARI ba="1,2" hai="12,17,21,54,55,76,80,84,90,93,98,132,133,134" machi="134" ten="40,2600,0" yaku="20,1,52,1" doraHai="87" who="3" fromWho="2" sc="96,0,328,0,322,-29,234,49" /><INIT seed="7,0,0,1,0,133" ten="96,328,293,283" oya="3" hai0="95,47,134,98,106,23,59,54,108,129,67,64,111" hai1="63,76,101,118,1,22,18,126,82,115,57,60,28" hai2="61,109,77,6,130,12,26,75,46,94,86,112,127" hai3="10,20,97,123,117,19,125,21,74,62,93,110,0"/><W34/><G117/><T119/><D119/><U9/><E118/><V24/><F109/><W3/><G123/><T56/><D106/><U45/><E115/><V14/><F75/><W68/><G34/><T103/><D23/><U114/><E114/><V44/><F112/><W49/><G74/><T92/><D98/><U87/><E126/><V38/><F130/><W13/><G110/><T69/><D103/><U99/><E1/><V107/><F107/><W83/><G83/><T71/><D92/><N who="1" m="58599" /><E45/><V40/><F127/><W53/><G125/><T124/><D95/><U73/><E73/><V121/><F121/><W31/><G68/><T7/><D7/><U39/><E39/><V42/><F6/><W33/><G62/><N who="1" m="23594" /><E57/><V88/><F61/><W104/><G104/><T120/><D124/><U41/><E41/><V25/><F77/><W43/><G43/><T90/><D90/><U80/><E80/><V89/><REACH who="2" step="1"/><F89/><REACH who="2" ten="96,328,283,283" step="2"/><N who="3" m="55471" /><G33/><T27/><D27/><U51/><E76/><V55/><F55/><W32/><G32/><T131/><D120/><U35/><E35/><V72/><F72/><W37/><G37/><AGARI ba="0,1" hai="12,14,24,25,26,37,38,40,42,44,46,86,88,94" machi="37" ten="40,8000,1" yaku="1,1,9,1,54,1,53,1" doraHai="133" doraHaiUra="81" who="2" fromWho="3" sc="96,0,328,0,283,90,283,-80" owari="96,-40.0,328,13.0,373,47.0,203,-20.0" /></mjloggm>