<mjloggm ver="2.3"><GO type="169"/><UN n0="%EF%BC%88%E2%89%A7%E2%96%BD%E2%89%A6%EF%BC%89" n1="%7A%65%72%6F%52%58" n2="%E7%B4%85%E9%89%84%E5%A7%AB" n3="%E3%80%9D%73%68%69%6E" dan="18,16,16,16" rate="2246,2097,2065,2101" sx="M,M,F,M"/><TAIKYOKU oya="0"/><INIT seed="0,0,0,5,3,115" ten="250,250,250,250" oya="0" hai0="10,12,133,45,95,60,83,85,4,93,80,91,116" hai1="35,81,106,63,9,130,84,23,58,38,131,52,59" hai2="15,50,135,36,128,11,42,79,46,34,8,120,28" hai3="102,75,47,87,67,119,74,129,111,51,109,29,121"/><T24/><D133/><U117/><E35/><V61/><F120/><W112/><G121/><T134/><D134/><U113/><E106/><V20/><F135/><W32/><G112/><T82/><D116/><U5/><E38/><V64/><F128/><N who="1" m="49193" /><E113/><V78/><F34/><W100/><G129/><T3/><D24/><U31/><E59/><V2/><F2/><W92/><G67/><T49/><D60/><U86/><E81/><V96/><F36/><W7/><G7/><T54/><D3/><N who="1" m="191" /><E117/><V70/><F96/><W1/><G1/><T101/><REACH who="0" step="1"/><D93/><REACH who="0" ten="240,250,250,250" step="2"/><U118/><E118/><V99/><F28/><W62/><G119/><T108/><D108/><U25/><AGARI ba="0,1" hai="23,25,31,52,58,63,84,86" m="191,49193" machi="25" ten="30,2000,0" yaku="19,1,54,1" doraHai="115" who="1" fromWho="1" sc="240,-10,250,30,250,-5,250,-5" /><INIT seed="1,0,0,3,1,135" ten="230,280,245,245" oya="1" hai0="120,31,85,48,116,32,91,36,37,84,124,77,17" hai1="118,62,122,39,3,103,65,20,24,107,93,115,45" hai2="38,92,54,112,89,87,59,4,130,22,117,109,47" hai3="34,50,119,53,64,81,0,25,67,110,13,101,73"/><U90/><E118/><V46/><F117/><W68/><G119/><T11/><D120/><U131/><E122/><V88/><F109/><W114/><G0/><T56/><D116/><U66/><E3/><V7/><F130/><W61/><G114/><T26/><D77/><U72/><E72/><V95/><F112/><W51/><G110/><T71/><D71/><U57/><E115/><V99/><F22/><W96/><G64/><T27/><D85/><U40/><E131/><V9/><F38/><W55/><G13/><T43/><D43/><U35/><E35/><V134/><F134/><W78/><G51/><T126/><D48/><U94/><E66/><V29/><F29/><N who="3" m="19759" /><G50/><T102/><D56/><U63/><E63/><N who="2" m="36343" /><F9/><W75/><G75/><T97/><D11/><U23/><E107/><AGARI ba="0,0" hai="53,55,61,67,68,73,78,81,96,101,107" m="19759" machi="107" ten="30,1000,0" yaku="25,1" doraHai="135" who="3" fromWho="1" sc="230,0,280,-10,245,0,245,10" /><INIT seed="2,0,0,0,4,72" ten="230,270,245,255" oya="2" hai0="111,42,113,62,114,123,107,128,22,131,89,50,76" hai1="115,97,54,20,46,27,5,75,91,15,94,30,26" hai2="99,43,120,32,132,28,87,44,125,121,19,9,37" hai3="126,49,48,33,81,82,34,71,64,61,104,68,12"/><V36/><F36/><W23/><G104/><T129/><D123/><U38/><E115/><V119/><F119/><W21/><G126/><T60/><D107/><U134/><E134/><V124/><F132/><W65/><G61/><N who="0" m="23659" /><D22/><U118/><E118/><V100/><F19/><W93/><G93/><T29/><D29/><U86/><E75/><V17/><F17/><W31/><G12/><T92/><D111/><U25/><E38/><V83/><F9/><W78/><G31/><T41/><D76/><AGARI ba="0,0" hai="21,23,33,34,48,49,64,65,68,71,76,78,81,82" machi="76" ten="25,6400,0" yaku="22,2,52,2" doraHai="72" who="3" fromWho="0" sc="230,-64,270,0,245,0,255,64" /><INIT seed="3,0,0,4,3,120" ten="166,270,245,319" oya="3" hai0="116,42,92,41,74,88,38,130,9,7,76,127,125" hai1="106,133,70,59,13,71,16,119,85,81,63,0,75" hai2="35,23,4,46,107,72,118,45,6,17,36,126,79" hai3="90,100,83,8,104,5,134,43,65,32,73,112,124"/><W37/><G32/><T91/><D116/><U28/><E119/><V135/><F107/><W56/><G112/><T82/><D130/><U122/><E122/><V117/><F35/><W69/><G124/><N who="0" m="47691" /><D38/><U53/><E106/><V105/><F105/><W12/><G134/><T87/><D91/><U51/><E0/><AGARI ba="0,0" hai="0,7,9,41,42,74,76,82,87,88,92" m="47691" machi="0" ten="30,2000,0" yaku="18,1,54,1" doraHai="120" who="0" fromWho="1" sc="166,20,270,-20,245,0,319,0" /><INIT seed="4,0,0,2,5,27" ten="186,250,245,319" oya="0" hai0="26,128,129,82,93,67,104,3,40,30,135,68,108" hai1="84,118,5,2,47,106,130,37,119,91,83,48,62" hai2="4,24,57,121,109,16,51,89,132,100,123,58,90" hai3="97,124,133,73,103,39,15,49,42,112,10,127,113"/><T94/><D104/><U43/><E106/><V102/><F4/><N who="3" m="3527" /><G73/><T66/><D3/><U28/><E130/><N who="0" m="50281" /><D135/><U63/><E5/><V101/><F132/><W107/><G39/><T77/><D108/><U126/><E2/><V105/><F105/><W25/><G133/><T59/><D40/><U85/><E126/><N who="3" m="48170" /><G25/><T29/><D68/><U17/><E17/><V117/><F109/><W64/><G64/><N who="0" m="24619" /><D59/><N who="2" m="22538" /><F117/><W75/><G75/><N who="0" m="43327" /><D26/><U7/><E119/><V53/><F123/><W95/><G107/><T54/><D54/><U6/><E118/><V0/><F121/><W31/><G42/><T52/><D52/><U65/><E43/><V79/><F0/><W115/><G49/><T20/><D20/><U55/><E48/><V32/><F51/><W19/><G19/><T114/><D114/><U88/><E65/><V1/><F53/><W60/><G60/><T110/><D110/><U41/><E55/><V76/><F1/><W131/><G131/><T21/><D21/><U38/><E63/><V87/><F32/><W18/><G18/><T122/><D122/><U44/><E62/><V9/><F24/><W81/><G115/><T69/><D69/><U74/><E74/><V116/><F116/><W70/><G70/><T86/><D86/><U98/><E41/><V13/><F87/><W23/><G113/><T34/><D34/><U125/><E125/><V14/><F14/><W120/><G112/><T78/><D78/><AGARI ba="0,0" hai="9,13,16,76,78,79,89,90,100,101,102" m="22538" machi="78" ten="30,2000,0" yaku="8,1,54,1" doraHai="27" who="2" fromWho="0" sc="186,-20,250,0,245,20,319,0" /><INIT seed="5,0,0,0,5,96" ten="166,250,265,319" oya="1" hai0="57,74,51,59,109,7,131,68,81,50,38,42,110" hai1="4,37,82,9,27,3,66,5,116,130,58,28,113" hai2="127,79,53,95,62,98,33,78,112,72,111,114,6" hai3="63,103,89,30,129,100,29,88,135,35,1,41,123"/><U24/><E116/><V56/><F33/><W69/><G1/><T17/><D7/><U76/><E113/><N who="2" m="43627" /><F111/><W64/><G123/><T85/><D74/><U40/><E5/><V97/><F127/><W26/><G129/><T61/><D131/><U119/><E119/><V13/><F72/><W0/><G0/><T60/><D68/><U90/><E90/><V48/><F98/><W67/><G135/><T115/><D115/><U104/><E104/><V73/><F73/><W45/><G64/><T107/><D107/><U101/><E101/><N who="2" m="60607" /><F48/><W71/><G71/><T44/><D110/><U10/><E130/><V122/><F122/><W125/><G125/><T18/><D109/><U106/><E106/><V55/><F55/><W133/><G133/><T117/><D117/><U19/><E66/><V43/><F43/><W21/><G100/><T11/><D50/><U14/><E58/><N who="0" m="22025" /><D38/><U8/><E28/><V80/><F80/><W134/><G103/><T120/><D120/><U52/><E52/><V16/><F6/><W22/><G134/><T118/><D118/><U99/><E99/><V46/><F46/><W15/><G35/><T126/><D126/><U65/><E65/><V31/><F31/><W121/><G121/><T32/><D32/><U47/><REACH who="1" step="1"/><E9/><AGARI ba="0,0" hai="9,13,16,53,56,62,78,79" m="60607,43627" machi="9" ten="30,7700,0" yaku="15,1,11,1,52,1,54,1" doraHai="96" who="2" fromWho="1" sc="166,0,250,-77,265,77,319,0" /><INIT seed="6,0,0,5,1,11" ten="166,173,342,319" oya="2" hai0="58,53,15,134,106,17,36,39,81,8,2,98,129" hai1="99,7,26,60,63,96,73,13,32,27,95,61,56" hai2="101,41,71,52,79,108,20,123,44,29,117,131,84" hai3="80,68,31,88,92,110,65,103,5,132,4,83,49"/><V43/><F71/><W125/><G110/><T100/><D134/><U119/><E73/><V55/><F123/><W97/><G132/><T116/><D129/><U30/><E119/><V24/><F108/><W48/><G125/><T70/><D116/><U113/><E113/><V115/><F115/><W91/><G31/><T76/><D2/><U12/><E27/><V94/><F131/><W34/><G34/><T28/><D28/><U42/><E42/><V127/><F127/><W124/><G124/><T128/><D70/><U19/><E56/><V23/><F117/><W16/><G65/><T35/><D35/><U54/><E54/><N who="2" m="20523" /><F20/><W64/><G64/><T45/><D45/><U109/><E109/><V72/><F72/><W67/><G67/><T122/><D122/><U112/><E112/><V0/><F0/><W1/><G68/><T40/><D40/><U111/><E111/><V102/><F44/><W50/><G1/><T133/><D133/><U126/><E126/><V86/><F86/><W89/><G80/><T62/><D128/><U130/><E130/><V57/><F57/><W120/><G83/><T121/><D121/><U38/><E38/><V3/><F3/><W37/><G37/><T46/><D46/><U85/><E85/><AGARI ba="0,0" hai="8,15,17,36,39,53,58,62,76,81,85,98,100,106" machi="85" ten="30,2000,0" yaku="7,1,52,1" doraHai="11" who="0" fromWho="1" sc="166,20,173,-20,342,0,319,0" /><INIT seed="7,0,0,3,2,112" ten="186,153,342,319" oya="3" hai0="113,9,54,124,129,34,64,32,35,115,101,110,13" hai1="81,46,49,118,94,90,89,91,98,133,47,123,24" hai2="60,39,63,40,30,55,126,134,21,62,43,116,97" hai3="103,69,37,72,1,42,79,15,114,135,5,107,92"/><W61/><G92/><T122/><D110/><U51/><E123/><V28/><F39/><W56/><G15/><T25/><D122/><U29/><E133/><V93/><F116/><W33/><G56/><T65/><D129/><U52/><E81/><V20/><F134/><W14/><G14/><T48/><D101/><U0/><E0/><V80/><F80/><N who="3" m="45159" /><G135/><T53/><D124/><U3/><E3/><V111/><F126/><W68/><G114/><N who="0" m="43531" /><D25/><U117/><E24/><V120/><F111/><W7/><G7/><N who="0" m="3263" /><D54/><N who="1" m="30007" /><E29/><N who="2" m="11371" /><F55/><W57/><G33/><T59/><AGARI ba="0,0" hai="32,34,35,48,53,59,64,65" m="3263,43531" machi="59" ten="40,2700,0" yaku="15,1,11,1" doraHai="112" who="0" fromWho="0" sc="186,27,153,-7,342,-7,319,-13" owari="213,-19.0,146,-35.0,335,43.0,306,11.0" /></mjloggm>