<mjloggm ver="2.3"><GO type="41"/><UN n0="%E5%B0%8F%E9%BA%A6%E7%8E%89" n1="%79%61%6E%69%6B%61%69" n2="%E3%81%93%E3%81%A8%E3%81%B6%E3%81%8D" n3="%EF%BC%88%E2%89%A7%E2%96%BD%E2%89%A6%EF%BC%89" dan="13,13,13,15" rate="1898,1823,1905,2001" sx="M,M,M,M"/><TAIKYOKU oya="0"/><INIT seed="0,0,0,3,0,48" ten="250,250,250,250" oya="0" hai0="2,75,80,112,62,98,130,7,52,46,4,30,34" hai1="59,127,23,26,20,101,96,135,82,63,116,117,13" hai2="45,1,74,5,22,50,6,78,8,71,134,122,35" hai3="25,86,72,15,69,16,97,111,126,24,77,81,40"/><T67/><D112/><U123/><E123/><V58/><F122/><W49/><G126/><T88/><D130/><U83/><E127/><V110/><F71/><W0/><G0/><T121/><D121/><U131/><E135/><V95/><F35/><W18/><G69/><T89/><D75/><U105/><E131/><V94/><F134/><W120/><G120/><T108/><D2/><U109/><E109/><V60/><F110/><W91/><G111/><T79/><D79/><U65/><E117/><V3/><F78/><W41/><G97/><T57/><D108/><U125/><E125/><V70/><F74/><W114/><G114/><T128/><D128/><U32/><E32/><V129/><F70/><W28/><G15/><T38/><D30/><U107/><E107/><V11/><F22/><W33/><G25/><T47/><D34/><U12/><E116/><V44/><BYE who="0" /><F129/><W42/><REACH who="3" step="1"/><G49/><REACH who="3" ten="250,250,250,240" step="2"/><T92/><D92/><AGARI ba="0,1" hai="16,18,24,28,33,40,41,42,72,77,81,86,91,92" machi="92" ten="40,12000,2" yaku="1,1,2,1,54,1,53,3" doraHai="48" doraHaiUra="37" who="3" fromWho="0" sc="250,-120,250,0,250,0,240,130" /><INIT seed="1,0,0,3,5,21" ten="130,250,250,370" oya="1" hai0="3,90,40,63,4,14,35,17,122,51,64,60,83" hai1="41,103,87,134,108,18,24,56,116,6,115,19,79" hai2="133,81,50,76,31,105,55,48,43,85,8,47,129" hai3="62,15,36,89,95,107,2,20,71,135,86,45,113"/><U9/><E116/><V1/><F105/><W99/><G2/><T72/><D72/><U117/><E117/><V59/><F129/><W110/><G113/><T27/><D27/><U80/><E115/><V65/><F133/><W73/><G73/><T119/><D119/><U39/><E134/><V10/><F1/><W82/><G135/><T112/><D112/><U125/><E103/><V16/><F31/><W114/><G114/><T29/><D29/><U11/><E11/><V100/><F100/><W88/><G110/><T49/><D49/><UN n0="%E5%B0%8F%E9%BA%A6%E7%8E%89" /><U104/><E104/><V101/><F101/><W121/><G121/><T42/><D122/><U106/><E106/><V109/><F109/><W23/><G107/><T25/><D3/><U53/><E108/><V57/><F16/><N who="3" m="10271" /><G36/><T52/><D4/><U58/><E58/><V38/><F38/><W97/><G71/><T75/><D63/><AGARI ba="0,0" hai="8,10,43,47,48,50,55,57,59,63,65,76,81,85" machi="63" ten="40,1300,0" yaku="8,1" doraHai="21" who="2" fromWho="0" sc="130,-13,250,0,250,13,370,0" /><INIT seed="2,0,0,0,4,102" ten="117,250,263,370" oya="2" hai0="21,126,103,68,12,28,56,85,89,69,80,84,99" hai1="82,36,105,60,74,22,87,132,29,4,23,92,76" hai2="123,135,0,128,27,111,73,134,58,90,108,91,120" hai3="15,78,125,77,47,107,79,117,24,67,45,33,19"/><V2/><F73/><W35/><G117/><T100/><D126/><U112/><E36/><V30/><F58/><W118/><G118/><T49/><D100/><U39/><E39/><V41/><F41/><W13/><G125/><T57/><D85/><U53/><E4/><V127/><F90/><W86/><G67/><T109/><D109/><N who="2" m="42058" /><F91/><W130/><G130/><T32/><D32/><U88/><E112/><V121/><F127/><W72/><G72/><T114/><D114/><U93/><E132/><N who="2" m="50731" /><F128/><W25/><G86/><T110/><D110/><U42/><E42/><V44/><F44/><N who="3" m="16971" /><G19/><T18/><D28/><U52/><E93/><V14/><F14/><W59/><G13/><T46/><D69/><U113/><E113/><V75/><F75/><W48/><G15/><T131/><D68/><U66/><E23/><AGARI ba="0,0" hai="0,2,23,27,30,120,121,123" m="50731,42058" machi="23" ten="40,12000,1" yaku="14,1,10,1,20,1,34,2" doraHai="102" who="2" fromWho="1" sc="117,0,250,-120,263,120,370,0" /><INIT seed="2,1,0,0,4,44" ten="117,130,383,370" oya="2" hai0="2,85,77,107,70,41,83,43,52,122,118,74,1" hai1="113,12,125,128,114,130,62,100,25,117,67,124,26" hai2="79,48,129,86,57,31,87,69,45,55,78,0,96" hai3="60,50,82,20,133,84,37,4,89,40,9,17,92"/><V49/><F69/><W123/><G123/><T109/><D122/><U36/><E36/><V103/><F0/><W18/><G133/><T51/><D109/><U58/><E100/><V34/><F129/><N who="1" m="49769" /><E12/><V64/><F64/><W97/><G37/><T105/><D70/><U99/><E99/><V7/><F7/><W66/><G20/><T42/><D118/><U72/><E72/><V63/><F31/><W98/><G98/><T23/><D74/><U46/><E117/><V131/><F34/><W80/><G80/><T29/><D29/><U104/><E104/><V106/><F131/><W8/><G8/><T91/><D77/><U38/><E25/><V134/><F63/><W108/><G108/><T115/><D115/><N who="1" m="44043" /><E26/><V5/><F5/><W65/><G4/><T73/><D73/><U81/><E81/><V110/><F110/><W21/><G82/><T35/><D35/><U33/><E33/><V59/><F134/><W119/><G97/><T19/><D107/><U61/><E61/><V10/><F10/><W116/><G9/><T16/><D105/><U93/><E93/><N who="2" m="58767" /><F59/><N who="3" m="37023" /><G119/><T30/><D30/><U112/><N who="1" m="44051" /><U22/><DORA hai="15" /><E22/><V132/><F106/><W39/><G116/><T88/><D91/><U56/><E56/><V71/><F71/><W126/><G39/><T28/><D1/><U3/><E3/><V76/><F132/><W102/><G21/><T101/><D2/><U111/><E111/><V53/><AGARI ba="1,0" hai="45,48,49,53,55,57,76,78,79,86,87" m="58767" machi="53" ten="30,6000,0" yaku="8,1,52,2" doraHai="44,15" who="2" fromWho="2" sc="117,-21,130,-21,383,63,370,-21" /><INIT seed="2,2,0,1,0,22" ten="96,109,446,349" oya="2" hai0="100,17,35,41,91,57,108,107,133,112,68,99,110" hai1="98,130,48,125,111,121,92,43,124,97,11,6,19" hai2="96,65,46,134,106,36,27,72,23,30,86,49,4" hai3="0,21,56,2,129,128,61,87,73,102,64,31,54"/><V132/><F72/><W94/><G73/><T75/><D112/><U131/><E19/><V37/><F65/><W115/><G115/><T85/><D68/><U58/><E121/><V18/><F4/><W93/><G93/><N who="0" m="54511" /><D41/><U9/><E111/><N who="0" m="42537" /><D35/><U10/><E6/><V52/><F86/><W90/><G102/><T20/><D57/><U1/><E1/><V25/><F96/><N who="1" m="36969" /><E92/><V13/><F27/><N who="3" m="16879" /><G64/><T66/><D66/><U79/><E79/><V7/><F7/><W119/><G119/><T77/><D20/><U55/><E43/><V3/><F106/><W34/><G34/><T109/><D17/><U84/><E84/><V67/><F3/><W117/><G117/><T16/><D16/><U88/><E88/><V28/><F67/><W89/><G90/><T103/><N who="0" m="42545" /><T42/><DORA hai="69" /><D42/><U114/><E114/><V101/><F101/><W53/><G53/><T32/><D32/><U26/><E26/><V135/><REACH who="2" step="1"/><F30/><REACH who="2" ten="96,109,436,349" step="2"/><W123/><G123/><T126/><D103/><U47/><E47/><V105/><F105/><W60/><G2/><T70/><D70/><U63/><E63/><V29/><F29/><W33/><G0/><T12/><D12/><U80/><E48/><V44/><F44/><W15/><G61/><T122/><D122/><U78/><E58/><V8/><AGARI ba="2,1" hai="8,13,18,23,25,28,36,37,46,49,52,132,134,135" machi="8" ten="30,24000,3" yaku="1,1,0,1,20,1,52,3,54,1,53,2" doraHai="22,69" doraHaiUra="50,24" who="2" fromWho="2" sc="96,-82,109,-82,436,256,349,-82" /><INIT seed="2,3,0,3,3,95" ten="14,27,692,267" oya="2" hai0="111,29,92,28,126,33,82,38,20,75,66,55,19" hai1="15,88,10,53,102,121,133,3,5,2,83,51,68" hai2="86,107,77,109,69,67,11,56,25,27,50,62,9" hai3="36,0,85,93,81,105,135,73,1,70,40,94,120"/><V47/><F107/><W101/><G120/><T84/><D111/><U21/><E68/><V24/><F109/><W16/><G70/><T110/><D110/><U42/><E133/><V79/><F69/><W106/><G135/><T87/><D38/><U63/><E121/><V72/><F72/><W100/><G73/><T58/><D66/><U4/><E4/><V57/><F57/><W99/><G36/><T35/><D126/><U76/><E102/><V117/><F117/><W54/><G40/><T43/><D43/><U52/><E2/><V122/><F122/><W8/><G54/><T23/><D75/><U44/><E63/><V108/><F108/><W125/><G125/><T91/><D82/><U96/><E21/><V134/><F134/><W34/><G34/><T97/><D33/><U14/><E14/><V18/><F18/><W74/><G74/><T31/><D35/><U80/><E3/><V22/><F22/><N who="0" m="8234" /><D19/><U115/><E115/><V45/><F45/><W132/><G132/><T131/><D131/><U104/><E104/><V6/><F6/><W128/><G128/><T48/><AGARI ba="3,0" hai="28,29,31,48,55,58,84,87,91,92,97" m="8234" machi="48" ten="30,2000,0" yaku="8,1,52,1" doraHai="95" who="0" fromWho="0" sc="14,29,27,-8,692,-13,267,-8" /><INIT seed="3,0,0,4,4,47" ten="43,19,679,259" oya="3" hai0="130,74,76,41,58,98,101,56,5,133,13,62,33" hai1="51,92,81,55,35,8,65,125,50,3,106,86,80" hai2="32,52,31,71,122,126,116,10,30,105,27,16,28" hai3="113,48,1,44,82,18,7,19,128,72,108,109,134"/><W84/><G113/><T46/><D33/><U131/><E106/><V12/><F105/><W43/><G72/><T23/><D133/><U111/><E35/><V135/><F71/><W25/><G134/><T90/><D130/><U38/><E38/><V118/><F52/><N who="3" m="29703" /><G128/><T121/><D121/><U77/><E65/><V104/><F104/><W36/><G25/><T85/><D74/><U0/><E131/><V14/><F135/><W79/><G36/><T21/><D76/><U66/><E66/><V95/><F95/><W24/><G43/><T11/><D58/><U91/><E81/><V87/><F87/><W110/><G24/><T120/><D120/><U4/><E3/><V70/><F70/><W117/><G117/><N who="2" m="45161" /><F126/><W57/><G57/><T75/><D75/><U68/><E68/><V115/><F115/><W26/><G26/><T15/><D15/><U94/><E94/><V49/><F49/><W97/><G97/><T129/><D129/><U132/><E51/><V6/><F122/><W119/><G119/><T103/><D98/><N who="1" m="57631" /><E125/><V53/><F53/><W17/><G1/><T123/><D123/><U114/><E114/><V112/><F112/><W88/><G7/><T69/><D69/><U83/><E83/><V42/><F42/><W89/><AGARI ba="0,0" hai="17,18,19,79,82,84,88,89,108,109,110" m="29703" machi="89" ten="40,12000,1" yaku="14,1,10,1,52,1,54,2" doraHai="47" who="3" fromWho="3" sc="43,-40,19,-40,679,-40,259,120" owari="3,-40.0,-21,-52.0,639,74.0,379,18.0" /></mjloggm>