<mjloggm ver="2.3"><GO type="169" lobby="0"/><UN n0="%E9%B3%B3%E6%8B%B3" n1="%EF%BC%88%E2%89%A7%E2%96%BD%E2%89%A6%EF%BC%89" n2="%E6%BC%A2%E8%A7%92%E7%94%B0" n3="%E9%8A%80%E9%81%8A%E7%A7%81%E4%BA%BA" dan="16,18,16,16" rate="2103.86,2201.65,2102.94,2047.99" sx="M,M,M,M"/><TAIKYOKU oya="0"/><INIT seed="0,0,0,0,4,121" ten="250,250,250,250" oya="0" hai0="17,21,105,18,93,73,78,135,7,119,52,96,120" hai1="112,28,107,72,129,132,128,59,63,46,77,84,113" hai2="47,116,92,87,106,32,95,83,35,130,40,90,37" hai3="24,110,4,68,94,117,62,66,20,38,33,85,58"/><T127/><D120/><U86/><E107/><V5/><F106/><W111/><G33/><T41/><D119/><U104/><E104/><V43/><F130/><N who="1" m="50281" /><E28/><V100/><F116/><W39/><G117/><T81/><D105/><U102/><E46/><V114/><F114/><N who="1" m="44137" /><E102/><V19/><F100/><W99/><G85/><T11/><D127/><U25/><E25/><V49/><F32/><W79/><G4/><T80/><D135/><U12/><E12/><V98/><F5/><W76/><G76/><T64/><D80/><N who="1" m="45095" /><E132/><V14/><F35/><W134/><G79/><T133/><D133/><U1/><E1/><V97/><F37/><W88/><G58/><T115/><D115/><U60/><E60/><V70/><F70/><W89/><G89/><T23/><D93/><N who="2" m="35914" /><F43/><W2/><G2/><T44/><D96/><U103/><E103/><V75/><F75/><W13/><G13/><T125/><D125/><U108/><E108/><N who="3" m="41514" /><G134/><T55/><D64/><AGARI ba="0,0" hai="59,63,64,84,86" m="45095,44137,50281" machi="64" ten="30,2000,0" yaku="19,1,11,1" doraHai="121" who="1" fromWho="0" sc="250,-20,250,20,250,0,250,0" /><INIT seed="1,0,0,2,3,4" ten="230,270,250,250" oya="1" hai0="5,58,72,53,89,14,81,34,119,94,117,83,55" hai1="17,110,42,48,41,121,40,26,32,124,112,67,103" hai2="47,78,111,128,3,8,70,18,87,132,39,133,66" hai3="28,2,20,24,127,106,96,75,60,15,116,59,123"/><U95/><E121/><V49/><F111/><W29/><G2/><T74/><D34/><U35/><E112/><V120/><F39/><W114/><G123/><T16/><D5/><U90/><E124/><V38/><F38/><W22/><G114/><T80/><D55/><U44/><E110/><V31/><F31/><W88/><G127/><T23/><D74/><U61/><E103/><V115/><F115/><W68/><G68/><T57/><D72/><U104/><E104/><V45/><F128/><W92/><G75/><T84/><REACH who="0" step="1"/><D57/><REACH who="0" ten="220,270,250,250" step="2"/><N who="1" m="37295" /><E32/><V107/><F120/><W130/><G130/><T46/><D46/><U62/><E35/><V118/><F47/><W86/><G116/><T85/><D85/><N who="1" m="52687" /><E62/><AGARI ba="0,1" hai="14,16,23,53,58,62,80,81,83,84,89,94,117,119" machi="62" ten="40,2600,0" yaku="1,1,54,1,53,0" doraHai="4" doraHaiUra="30" who="0" fromWho="1" sc="220,36,270,-26,250,0,250,0" /><INIT seed="2,0,0,4,2,128" ten="256,244,250,250" oya="2" hai0="107,64,93,129,77,120,9,30,53,126,130,113,68" hai1="52,59,22,39,127,122,60,131,105,32,6,14,78" hai2="10,50,5,119,73,1,62,48,42,58,111,132,63" hai3="108,82,69,23,81,37,13,133,18,79,114,40,84"/><V125/><F119/><W41/><G69/><T12/><D107/><U51/><E105/><V28/><F73/><W83/><G108/><T20/><D120/><U16/><E39/><V104/><F104/><W94/><G114/><T70/><D113/><U118/><E118/><V25/><F125/><W2/><G2/><T29/><D126/><U109/><E127/><V88/><F111/><W75/><G94/><T134/><D134/><U21/><E32/><V35/><F132/><W3/><G133/><T85/><D64/><U36/><E36/><V38/><F62/><W11/><G37/><T31/><D20/><N who="1" m="11287" /><E109/><V101/><F101/><W44/><G44/><T116/><D116/><U112/><E112/><V66/><F42/><W102/><G102/><T43/><D43/><U55/><E131/><N who="0" m="50185" /><D53/><U19/><E6/><V98/><REACH who="2" step="1"/><F38/><REACH who="2" ten="256,244,240,250" step="2"/><W67/><G75/><T76/><D70/><U57/><E122/><V61/><F61/><W7/><G41/><T135/><D68/><U80/><E19/><V34/><F34/><W91/><G40/><T71/><D71/><U72/><E72/><V15/><F15/><W87/><G13/><T103/><D135/><U97/><E60/><V99/><F99/><W8/><G3/><T117/><D117/><U0/><E97/><V47/><F47/><W46/><G46/><T90/><D103/><U65/><E0/><V86/><F86/><W95/><G84/><T4/><AGARI ba="0,1" hai="4,9,12,29,30,31,76,77,85,90,93" m="50185" machi="4" ten="30,1100,0" yaku="19,1" doraHai="128" who="0" fromWho="0" sc="256,21,244,-3,240,-5,250,-3" /><INIT seed="3,0,0,1,1,135" ten="277,241,235,247" oya="3" hai0="55,22,54,85,75,2,43,12,52,38,123,93,89" hai1="36,110,92,126,91,131,112,76,109,111,98,132,41" hai2="61,68,35,19,106,34,30,26,77,53,81,114,100" hai3="120,13,32,72,117,15,46,101,73,107,128,80,63"/><W122/><G117/><T65/><D123/><U82/><E112/><V105/><F114/><W115/><G115/><T102/><D2/><U3/><E3/><V45/><F34/><W1/><G1/><T23/><D75/><N who="1" m="43295" /><E36/><V39/><F19/><W58/><G32/><T87/><D65/><U10/><E41/><V67/><F53/><W64/><G107/><T33/><D33/><U50/><E50/><V60/><F60/><W83/><G101/><T17/><D102/><U133/><E10/><V116/><F116/><W56/><G46/><T5/><D5/><U16/><E16/><V48/><F48/><W127/><G63/><T79/><D43/><U118/><E118/><V129/><F129/><W21/><G21/><N who="0" m="11431" /><D38/><U9/><E9/><V25/><F25/><W90/><G90/><N who="0" m="53455" /><D79/><U69/><E69/><V86/><F39/><W62/><G62/><T125/><D125/><U94/><E126/><V42/><F42/><W24/><G127/><T37/><D37/><U14/><E131/><V28/><F106/><W103/><G128/><T44/><D44/><U97/><E14/><V47/><F30/><W108/><G64/><T59/><D59/><U71/><E71/><V57/><F57/><W130/><G130/><T88/><D89/><AGARI ba="0,0" hai="89,91,92,94,97,98,109,110,111,132,133" m="43295" machi="89" ten="30,3900,0" yaku="14,1,34,2" doraHai="135" who="1" fromWho="0" sc="277,-39,241,39,235,0,247,0" /><INIT seed="4,0,0,2,5,72" ten="238,280,235,247" oya="0" hai0="16,8,1,99,9,53,86,122,87,110,111,120,22" hai1="109,94,124,48,46,64,26,28,75,49,59,74,32" hai2="39,13,95,23,66,4,105,90,107,17,12,115,29" hai3="7,114,56,132,82,112,38,128,117,113,35,21,55"/><T58/><D99/><U51/><E109/><N who="0" m="41481" /><D86/><U11/><E124/><V61/><F39/><W31/><G35/><T50/><D87/><U19/><E46/><V102/><F102/><W68/><G117/><T15/><D1/><U67/><E94/><V121/><F121/><AGARI ba="0,0" hai="8,9,15,16,22,50,53,58,120,121,122" m="41481" machi="121" ten="30,2900,0" yaku="10,1,54,1" doraHai="72" who="0" fromWho="2" sc="238,29,280,0,235,-29,247,0" /><INIT seed="4,1,0,1,2,56" ten="267,280,206,247" oya="0" hai0="13,38,19,92,86,30,90,128,80,39,16,120,93" hai1="7,70,96,106,74,83,123,21,69,133,68,113,124" hai2="73,37,125,8,97,88,119,11,130,122,65,31,41" hai3="134,5,46,76,71,118,59,99,89,116,51,110,10"/><T78/><D120/><U66/><E123/><V85/><F122/><W95/><G71/><T79/><D128/><U94/><E106/><V129/><F73/><W22/><G110/><T49/><D30/><U75/><E133/><V82/><F37/><W114/><G114/><T18/><D13/><U77/><E124/><V57/><F41/><W25/><G134/><T135/><D135/><U50/><E113/><V53/><F65/><W112/><G76/><T0/><D0/><U126/><E126/><V58/><F58/><W33/><G33/><T102/><D102/><U103/><E7/><V81/><F81/><W52/><G46/><T48/><D39/><U44/><E21/><V117/><F97/><W105/><G105/><T60/><D38/><U131/><E131/><N who="2" m="50187" /><F31/><W6/><G112/><T24/><D78/><U127/><E127/><V26/><F26/><W43/><G43/><T36/><D36/><U121/><E121/><V63/><F125/><W72/><G72/><T108/><D108/><U34/><E34/><V12/><F12/><W40/><G40/><T1/><D1/><U111/><E111/><V45/><F45/><W29/><REACH who="3" step="1"/><G5/><REACH who="3" ten="267,280,206,237" step="2"/><T17/><D79/><U23/><E75/><V28/><F28/><W4/><G4/><T101/><D24/><U3/><E70/><V47/><F47/><W64/><G64/><T20/><D20/><U27/><E66/><V15/><F15/><AGARI ba="1,1" hai="6,10,15,22,25,29,51,52,59,89,95,99,116,118" machi="15" ten="30,7700,0" yaku="1,1,7,1,54,1,53,1" doraHai="56" doraHaiUra="91" who="3" fromWho="2" sc="267,0,280,0,206,-80,237,90" /><INIT seed="5,0,0,2,1,56" ten="267,280,126,327" oya="1" hai0="71,24,89,133,74,9,21,32,17,13,59,27,42" hai1="81,93,16,47,10,51,112,50,79,2,92,43,7" hai2="129,84,128,76,41,28,120,15,99,127,48,38,108" hai3="63,67,91,109,94,44,115,46,83,64,12,31,23"/><U103/><E112/><V126/><F120/><W122/><G109/><T60/><D74/><U1/><E1/><V96/><F38/><W70/><G122/><T37/><D133/><U97/><E16/><V125/><F108/><W3/><G3/><T88/><D71/><U54/><E93/><V95/><F28/><W45/><G67/><T119/><D119/><U6/><E6/><V49/><F15/><W132/><G115/><T90/><D32/><U29/><E29/><V82/><F41/><W98/><G132/><T111/><D111/><U131/><E131/><N who="2" m="50251" /><F49/><W130/><G130/><T19/><D42/><U77/><REACH who="1" step="1"/><E81/><REACH who="1" ten="267,270,126,327" step="2"/><V72/><F48/><W22/><G31/><T65/><D37/><U73/><E73/><V134/><F134/><W26/><G26/><AGARI ba="0,1" hai="9,13,17,19,21,24,26,27,59,60,65,88,89,90" machi="26" ten="40,5200,0" yaku="8,1,52,1,54,1" doraHai="56" who="0" fromWho="3" sc="267,62,270,0,126,0,327,-52" /><INIT seed="6,0,0,4,5,52" ten="329,270,126,275" oya="2" hai0="7,114,125,106,109,0,96,46,63,95,45,130,94" hai1="115,87,98,9,4,71,2,39,12,27,88,81,116" hai2="68,49,25,111,105,119,35,21,123,36,18,133,58" hai3="107,54,97,134,135,126,73,110,108,72,3,22,93"/><V47/><F119/><W55/><G107/><T91/><D109/><N who="3" m="42089" /><G3/><T26/><D106/><U10/><E116/><V85/><F111/><W15/><G126/><T64/><D125/><U13/><E39/><V129/><F105/><W66/><G66/><T41/><D130/><U32/><E71/><V8/><F123/><W120/><G120/><T48/><D114/><U65/><E65/><V128/><F68/><W86/><G86/><T50/><D26/><U24/><E115/><V112/><F112/><W69/><G69/><T53/><D0/><U92/><E32/><V80/><F35/><W90/><G22/><T1/><D1/><U30/><E30/><V17/><F36/><W82/><G15/><T78/><D7/><N who="1" m="3167" /><E2/><V77/><F133/><N who="3" m="50699" /><G82/><T76/><D95/><U14/><E13/><V37/><F37/><W28/><G28/><T127/><D127/><U61/><E61/><V118/><F118/><W122/><G122/><T101/><D101/><AGARI ba="0,0" hai="4,9,14,24,27,81,87,88,92,98,101" m="3167" machi="101" ten="30,2000,0" yaku="8,1,54,1" doraHai="52" who="1" fromWho="0" sc="329,-20,270,20,126,0,275,0" /><INIT seed="7,0,0,0,1,36" ten="309,290,126,275" oya="3" hai0="35,77,64,89,88,61,96,57,38,1,0,53,135" hai1="51,105,25,2,127,7,26,133,114,15,86,81,125" hai2="22,134,107,108,17,44,46,90,18,73,43,13,20" hai3="54,115,104,48,34,78,93,131,52,56,98,27,21"/><W19/><G104/><T40/><D35/><U94/><E105/><V87/><F73/><W67/><G67/><T122/><D122/><U82/><E94/><V100/><F108/><W39/><G39/><T128/><D128/><U42/><E2/><V76/><F76/><W106/><G106/><T31/><D31/><U123/><E123/><V121/><F121/><W130/><G78/><T41/><D135/><U9/><E114/><V111/><F134/><W30/><G54/><T23/><D1/><U116/><E116/><V58/><F111/><W63/><G115/><T84/><D0/><U33/><E133/><V3/><F3/><W132/><G48/><T95/><D77/><N who="1" m="46383" /><E82/><V11/><F58/><W5/><G5/><T92/><D38/><U59/><E59/><V12/><F100/><W24/><REACH who="3" step="1"/><G132/><REACH who="3" ten="309,290,126,265" step="2"/><T91/><D64/><U85/><E85/><V71/><F107/><W124/><G124/><N who="1" m="47690" /><E33/><V69/><F11/><W112/><G112/><T110/><D110/><U32/><E32/><V55/><F55/><W72/><G72/><T129/><D129/><U102/><E102/><AGARI ba="0,1" hai="19,21,24,27,30,34,52,56,63,93,98,102,130,131" machi="102" ten="40,3900,0" yaku="1,1,54,1,53,0" doraHai="36" doraHaiUra="70" who="3" fromWho="1" sc="309,0,290,-39,126,0,265,49" owari="309,11.0,251,-15.0,126,-37.0,314,41.0" /></mjloggm>