<mjloggm ver="2.3"><GO type="97"/><UN n0="%E3%82%A6%E3%83%AB%E3%83%88%E3%83%A9%E7%AB%8B%E7%9B%B4" n1="%E4%B8%AD%E3%81%AE%E4%B8%8A%E3%81%8F%E3%82%89%E3%81%84" n2="%42%6C%75%65%72%61%69%6E" n3="%52%4F%54%54%45%4E" dan="15,13,14,14" rate="1947,1827,1885,1904" sx="M,M,M,M"/><TAIKYOKU oya="0"/><INIT seed="0,0,0,2,0,61" ten="250,250,250,250" oya="0" hai0="120,115,48,95,107,15,118,57,97,87,60,113,83" hai1="55,101,67,43,26,116,11,44,3,10,130,127,103" hai2="14,93,114,98,79,105,102,84,75,62,104,35,4" hai3="24,134,30,65,88,29,111,22,78,100,64,31,12"/><T124/><D107/><U63/><E116/><V33/><F114/><W94/><G134/><T131/><D118/><U45/><E127/><V6/><F105/><W51/><G111/><T42/><D120/><U49/><E130/><V99/><F33/><W0/><G0/><T59/><D124/><U19/><E3/><V54/><F35/><W27/><G78/><T32/><D131/><U39/><E11/><V18/><F98/><N who="3" m="57671" /><G100/><T119/><D119/><U108/><E108/><V25/><F25/><N who="3" m="9803" /><G51/><T92/><D32/><U82/><E82/><V41/><F41/><W86/><G86/><T80/><D87/><U74/><E74/><V9/><F75/><W47/><G47/><T122/><D48/><U68/><E26/><V106/><F106/><W128/><G128/><T50/><D50/><U112/><E112/><V1/><F1/><W77/><G77/><T71/><D97/><U76/><REACH who="1" step="1"/><E76/><REACH who="1" ten="250,240,250,250" step="2"/><V72/><F72/><W135/><G135/><T20/><D115/><U34/><E34/><V125/><F125/><W17/><AGARI ba="0,1" hai="12,17,22,29,30,31,64,65" m="9803,57671" machi="17" ten="30,7900,0" yaku="8,1,52,2,54,1" doraHai="61" who="3" fromWho="3" sc="250,-39,240,-20,250,-20,250,89" /><INIT seed="1,0,0,2,2,113" ten="211,220,230,339" oya="1" hai0="63,38,123,2,86,22,105,23,118,16,54,14,17" hai1="28,74,18,55,124,68,56,81,115,128,101,53,24" hai2="15,48,70,41,40,89,82,116,110,64,85,19,1" hai3="94,104,34,122,71,100,132,4,84,11,42,27,93"/><U6/><E115/><V119/><F1/><W130/><G71/><T120/><D105/><U80/><E68/><V91/><F110/><W61/><G122/><N who="0" m="46635" /><D38/><U127/><E6/><V125/><F125/><N who="1" m="48201" /><E128/><V31/><F31/><W32/><G130/><T39/><D39/><U102/><E18/><V66/><F89/><W13/><G104/><T20/><D2/><U131/><E131/><V108/><F108/><W46/><G132/><T103/><D103/><N who="1" m="39435" /><E74/><V72/><F72/><W65/><G27/><T121/><N who="0" m="46643" /><T88/><DORA hai="126" /><D63/><N who="1" m="36239" /><E55/><V135/><F135/><W26/><G4/><T129/><D129/><U21/><AGARI ba="0,0" hai="21,24,28,80,81" m="36239,39435,48201" machi="21" ten="30,1500,0" yaku="18,1" doraHai="113,126" who="1" fromWho="1" sc="211,-5,220,15,230,-5,339,-5" /><INIT seed="1,1,0,2,4,90" ten="206,235,225,334" oya="1" hai0="23,89,95,117,63,78,55,56,58,48,57,130,97" hai1="105,30,45,47,50,7,37,81,36,0,125,114,33" hai2="3,42,102,32,38,6,29,21,49,61,104,86,87" hai3="4,11,99,100,82,83,116,59,60,69,46,9,1"/><U8/><E105/><V91/><F38/><W22/><G69/><T124/><D124/><U35/><E114/><V126/><F32/><W80/><G116/><T92/><D130/><U98/><E125/><V51/><F126/><W132/><G132/><T43/><D117/><U122/><E122/><V41/><F104/><W5/><G22/><T19/><D78/><U27/><E33/><V110/><F102/><W119/><G119/><T93/><D57/><U65/><E65/><V113/><F113/><W14/><G46/><N who="0" m="25695" /><D58/><U135/><E135/><V18/><F29/><W74/><G74/><T52/><D55/><U17/><E98/><V96/><F110/><W109/><G109/><T53/><D53/><U94/><E94/><V28/><F28/><W103/><REACH who="3" step="1"/><G99/><REACH who="3" ten="206,235,225,324" step="2"/><T10/><D10/><U66/><E8/><V131/><F96/><W20/><G20/><T68/><D68/><U84/><E35/><V15/><F21/><W54/><AGARI ba="1,1" hai="1,4,5,9,11,14,54,59,60,80,82,83,100,103" machi="54" ten="30,2000,0" yaku="1,1,0,1,53,0" doraHai="90" doraHaiUra="25" who="3" fromWho="3" sc="206,-6,235,-11,225,-6,324,33" /><INIT seed="2,0,0,5,5,63" ten="200,224,219,357" oya="2" hai0="44,67,36,120,73,123,52,132,21,8,118,1,2" hai1="84,55,128,122,83,77,99,50,57,108,112,47,9" hai2="103,117,66,60,34,38,5,11,111,17,89,27,7" hai3="18,119,124,16,59,110,91,41,37,104,62,56,116"/><V45/><F117/><W68/><G104/><T70/><D21/><U80/><E122/><V90/><F111/><W101/><G101/><T23/><D23/><U25/><E108/><V85/><F103/><W87/><G110/><T6/><D2/><U20/><E128/><V95/><F89/><W113/><G68/><T72/><D118/><U19/><E112/><V92/><F92/><W54/><G113/><T76/><D52/><U97/><E83/><V94/><F94/><W49/><G124/><T135/><D120/><U48/><REACH who="1" step="1"/><E9/><REACH who="1" ten="200,214,219,357" step="2"/><V106/><F11/><W96/><G119/><T109/><D123/><U100/><E100/><V125/><F125/><W134/><G116/><T79/><D109/><U81/><E81/><V4/><F106/><W86/><G91/><T131/><D131/><U133/><E133/><V126/><F126/><W58/><G134/><N who="0" m="51243" /><D79/><U42/><AGARI ba="0,1" hai="19,20,25,42,47,48,50,55,57,77,80,84,97,99" machi="42" ten="20,5200,0" yaku="1,1,0,1,7,1,8,1,53,0" doraHai="63" doraHaiUra="129" who="1" fromWho="1" sc="200,-13,214,62,219,-26,357,-13" /><INIT seed="3,0,0,5,0,53" ten="187,276,193,344" oya="3" hai0="44,135,96,23,116,16,28,41,15,57,49,30,51" hai1="94,108,24,22,27,47,65,127,61,80,5,118,67" hai2="134,43,56,129,131,48,74,7,133,32,90,1,93" hai3="121,13,120,58,26,20,35,39,85,110,50,70,99"/><W100/><G70/><T71/><D116/><U14/><E108/><V40/><F74/><W55/><G39/><T78/><D71/><U126/><E118/><V18/><F32/><W68/><G68/><T29/><D135/><N who="2" m="51722" /><F7/><W79/><G35/><T111/><D111/><U77/><E94/><V4/><F4/><W103/><G110/><T83/><D96/><U0/><E0/><V112/><F1/><W128/><G128/><N who="2" m="49225" /><F18/><W87/><G13/><T42/><D42/><U62/><E5/><V19/><F19/><W60/><G26/><T12/><D12/><U21/><E14/><V17/><F17/><W101/><G20/><T102/><D102/><U38/><E80/><V92/><F92/><W52/><G103/><T2/><D2/><U37/><E77/><V8/><F8/><W9/><G9/><T97/><D97/><U113/><E47/><V6/><F6/><W59/><G101/><T31/><D31/><U11/><REACH who="1" step="1"/><E11/><REACH who="1" ten="187,266,193,344" step="2"/><V132/><F132/><W125/><G79/><T123/><D123/><U33/><E33/><V95/><F95/><W64/><G121/><T122/><D122/><U115/><AGARI ba="0,1" hai="21,22,24,27,37,38,61,62,65,67,113,115,126,127" machi="115" ten="25,6400,0" yaku="1,1,0,1,22,2,53,0" doraHai="53" doraHaiUra="3" who="1" fromWho="1" sc="187,-16,266,74,193,-16,344,-32" owari="171,-33.0,340,44.0,177,-22.0,312,11.0" /></mjloggm>