<mjloggm ver="2.3"><GO type="169"/><UN n0="%E3%82%BC%E3%83%B3%E3%83%84%E3%83%83%E3%83%91" n1="%EF%BC%BC%28%EF%BC%BE%6F%EF%BC%BE%29%EF%BC%8F%E2%98%85" n2="%EF%BC%88%E2%89%A7%E2%96%BD%E2%89%A6%EF%BC%89" n3="%E3%81%94%E3%81%98%E3%82%83%E3%82%8B" dan="16,17,18,17" rate="2096,2123,2218,2145" sx="M,M,M,M"/><TAIKYOKU oya="0"/><INIT seed="0,0,0,3,1,28" ten="250,250,250,250" oya="0" hai0="48,16,86,64,19,45,73,78,72,51,15,66,125" hai1="114,116,134,112,71,2,65,53,107,128,75,130,117" hai2="12,55,41,111,69,92,120,93,82,11,17,60,106" hai3="127,121,42,89,27,0,96,85,61,70,57,59,97"/><T118/><D118/><N who="1" m="45675" /><E107/><V131/><F106/><W10/><G70/><T109/><D125/><U32/><E75/><V20/><F120/><W33/><G127/><T31/><D109/><U21/><E53/><V14/><F111/><W40/><G121/><T63/><D31/><U39/><E39/><V124/><F124/><W58/><G61/><T103/><D103/><U129/><E65/><V110/><F110/><W98/><G0/><T67/><D63/><U24/><E71/><V87/><F41/><W126/><G126/><T79/><D86/><U102/><E102/><V18/><F69/><W26/><G10/><T8/><D72/><U105/><E105/><V50/><F60/><W123/><G123/><T4/><D51/><U90/><E90/><V38/><F38/><W132/><G132/><T37/><D37/><U46/><E46/><V7/><F7/><W83/><REACH who="3" step="1"/><G33/><REACH who="3" ten="250,250,250,240" step="2"/><T74/><D74/><U100/><E2/><V1/><F1/><W104/><G104/><T108/><D108/><U68/><E68/><V54/><F131/><W95/><G95/><T101/><D101/><U119/><E100/><V13/><F93/><W52/><G52/><N who="0" m="29711" /><D73/><U6/><E119/><V29/><F92/><W122/><G122/><T56/><D56/><U94/><E94/><V34/><F55/><W99/><N who="3" m="24576" /><DORA hai="9" /><W25/><AGARI ba="0,1" hai="25,26,27,40,42,57,58,59,83,85,89" m="24576" machi="25" ten="50,12000,2" yaku="1,1,4,1,0,1,29,2,8,1,53,0" doraHai="28,9" doraHaiUra="115,133" who="3" fromWho="3" sc="250,-60,250,-30,250,-30,240,130" /><INIT seed="1,0,0,5,4,125" ten="190,220,220,370" oya="1" hai0="70,62,31,50,56,129,40,17,20,57,127,21,28" hai1="8,69,104,35,27,101,23,116,94,106,9,83,36" hai2="64,82,112,3,25,81,122,103,14,4,80,18,123" hai3="85,55,48,34,26,11,76,89,126,84,13,37,7"/><U114/><E114/><V105/><F112/><W10/><G37/><T61/><D127/><U47/><E69/><V38/><F38/><W96/><G126/><T24/><D70/><U98/><E35/><V1/><F25/><W119/><G119/><T72/><D72/><U54/><E116/><V95/><F105/><W43/><G43/><T135/><D135/><U59/><E104/><V63/><F4/><W92/><G76/><T93/><D129/><U29/><E106/><V109/><F109/><W113/><G113/><T90/><D40/><U86/><E47/><V32/><F32/><W111/><G111/><T58/><D50/><U46/><E46/><V45/><F45/><W77/><G77/><T117/><D117/><U44/><E44/><V78/><F78/><W51/><G34/><T124/><D124/><U0/><E0/><V128/><F128/><W79/><G26/><T16/><D31/><U6/><E6/><V71/><F123/><W22/><G22/><T87/><REACH who="0" step="1"/><D28/><REACH who="0" ten="180,220,220,370" step="2"/><U49/><REACH who="1" step="1"/><E36/><REACH who="1" ten="180,210,220,370" step="2"/><V107/><F122/><W65/><G7/><T121/><D121/><U39/><E39/><V68/><F71/><W67/><G51/><T2/><D2/><U74/><E74/><V110/><F110/><W99/><G48/><T108/><D108/><U75/><E75/><V134/><F1/><W60/><G60/><T41/><D41/><U115/><E115/><V118/><F3/><W91/><G79/><AGARI ba="0,2" hai="8,9,23,27,29,49,54,59,79,83,86,94,98,101" machi="79" ten="30,5800,0" yaku="1,1,7,1,8,1,53,0" doraHai="125" doraHaiUra="12" who="1" fromWho="3" sc="180,0,210,78,220,0,370,-58" /><INIT seed="1,1,0,1,3,35" ten="180,288,220,312" oya="1" hai0="36,65,32,6,113,107,89,117,132,67,21,0,106" hai1="110,19,24,123,109,54,25,26,15,95,23,30,100" hai2="82,58,102,40,3,51,114,37,7,68,17,53,10" hai3="73,111,86,72,41,118,34,92,90,96,133,12,45"/><U126/><E123/><V63/><F114/><W20/><G34/><T22/><D32/><U70/><E70/><V60/><F102/><W77/><G133/><T84/><D36/><U38/><E38/><V115/><F115/><W13/><G118/><T16/><D113/><U9/><E54/><V33/><F33/><W43/><G111/><N who="1" m="42506" /><E126/><V119/><F119/><W71/><G71/><T59/><D117/><U103/><E103/><V29/><F29/><W125/><G125/><T104/><D132/><U46/><E46/><V69/><F68/><W79/><G73/><T1/><D22/><U97/><AGARI ba="1,0" hai="9,15,19,23,24,25,26,30,95,97,100" m="42506" machi="97" ten="30,3000,0" yaku="14,1,10,1" doraHai="35" who="1" fromWho="1" sc="180,-11,288,33,220,-11,312,-11" /><INIT seed="1,2,0,0,5,8" ten="169,321,209,301" oya="1" hai0="19,120,83,98,54,111,133,56,44,69,110,117,122" hai1="24,36,18,1,86,125,5,100,109,116,40,72,6" hai2="73,57,124,52,35,45,67,17,47,14,129,119,15" hai3="135,77,12,121,32,27,128,71,123,113,95,89,7"/><U70/><E72/><V114/><F73/><W118/><G71/><T92/><D69/><U76/><E70/><V62/><F35/><W11/><G113/><T10/><D44/><N who="2" m="16970" /><F119/><W96/><G118/><T102/><D117/><U131/><E40/><V61/><F114/><W90/><G77/><T99/><D133/><U60/><E36/><V33/><F33/><W127/><G135/><T63/><D83/><U31/><E116/><V48/><F129/><W34/><G128/><T80/><D80/><U29/><E1/><V106/><F106/><W112/><G112/><T87/><D87/><U134/><E134/><V130/><F130/><W26/><G127/><T65/><D99/><U4/><E125/><V91/><F124/><W39/><G39/><T22/><D10/><U23/><E131/><V43/><F43/><W74/><G74/><T20/><D20/><U16/><E100/><V85/><F17/><N who="1" m="6761" /><E109/><N who="0" m="41481" /><D54/><U53/><E86/><V0/><F0/><W38/><G38/><T21/><D21/><U104/><E104/><V82/><F62/><W13/><G34/><T41/><D41/><U28/><E76/><V88/><F91/><W58/><G32/><T81/><D81/><U55/><E55/><V101/><F101/><W49/><G90/><T132/><D132/><U107/><E107/><V25/><F25/><AGARI ba="2,0" hai="19,22,25,56,63,65,92,98,102,120,122" m="41481" machi="25" ten="30,1000,0" yaku="14,1" doraHai="8" who="0" fromWho="2" sc="169,16,321,0,209,-16,301,0" /><INIT seed="2,0,0,4,0,51" ten="185,321,193,301" oya="2" hai0="96,123,63,60,59,39,117,103,108,29,107,119,80" hai1="41,54,40,114,67,20,105,69,15,94,21,102,82" hai2="66,133,97,71,24,33,50,126,30,25,35,10,77" hai3="32,111,42,81,128,48,131,110,116,106,56,27,84"/><V19/><F126/><W23/><G32/><T75/><D123/><U22/><E105/><V101/><F133/><W17/><G106/><T127/><D39/><U18/><E114/><V8/><F77/><W26/><G116/><N who="0" m="44619" /><D127/><U86/><E67/><V125/><F125/><W65/><G27/><T98/><D108/><N who="3" m="41513" /><G65/><T124/><D124/><U49/><E69/><V4/><F50/><W68/><G68/><T78/><D29/><U121/><E121/><V16/><F66/><W45/><G56/><T72/><D98/><N who="1" m="59735" /><E41/><V120/><F71/><W37/><G37/><T76/><D59/><N who="1" m="33231" /><E40/><V89/><F120/><W44/><G44/><T87/><D60/><U113/><E113/><V38/><F38/><W100/><G100/><T70/><D63/><U53/><E53/><V135/><F135/><W79/><AGARI ba="0,0" hai="17,23,26,42,45,48,79,81,84,128,131" m="41513" machi="79" ten="30,1100,0" yaku="14,1" doraHai="51" who="3" fromWho="3" sc="185,-3,321,-3,193,-5,301,11" /><INIT seed="3,0,0,1,3,70" ten="182,318,188,312" oya="3" hai0="11,38,27,96,25,4,43,37,122,63,40,120,99" hai1="100,107,65,103,118,88,91,132,31,46,15,83,95" hai2="97,72,49,79,24,28,71,16,10,106,110,41,104" hai3="14,48,59,56,3,89,134,33,2,22,74,7,133"/><W68/><G68/><T109/><D63/><U29/><E132/><V45/><F110/><W105/><G33/><T115/><D109/><U108/><E108/><V6/><F71/><W121/><G121/><T80/><D80/><U127/><E107/><V21/><F97/><N who="0" m="37450" /><D11/><U57/><E83/><V26/><F79/><W111/><G111/><T19/><D19/><U54/><E65/><V34/><REACH who="2" step="1"/><F72/><REACH who="2" ten="182,318,178,312" step="2"/><W36/><G74/><T101/><D115/><U0/><E103/><V129/><F129/><W35/><G134/><T55/><D101/><U60/><E100/><V117/><F117/><W8/><G133/><T53/><D122/><U126/><E118/><V124/><F124/><W66/><G66/><T67/><D67/><U87/><E126/><V51/><F51/><W5/><G48/><T50/><D50/><U58/><E127/><V119/><F119/><W17/><G105/><T82/><D120/><U128/><E128/><V86/><F86/><W125/><G125/><T52/><D82/><U85/><E87/><V23/><F23/><W94/><G22/><T44/><D4/><U64/><E85/><V131/><F131/><W81/><G7/><T75/><D75/><U9/><E64/><V30/><F30/><W130/><G130/><T113/><D113/><U90/><E31/><V84/><F84/><W61/><G5/><T98/><N who="0" m="37458" /><T1/><DORA hai="114" /><D1/><AGARI ba="0,1" hai="1,6,10,16,21,24,26,28,34,41,45,49,104,106" machi="1" ten="30,7700,0" yaku="1,1,7,1,54,1,53,1" doraHai="70,114" doraHaiUra="39,123" who="2" fromWho="0" sc="182,-77,318,0,178,87,312,0" /><INIT seed="4,0,0,2,5,77" ten="105,318,265,312" oya="0" hai0="54,15,88,57,26,55,47,6,28,13,31,14,103" hai1="62,86,16,44,33,12,71,72,125,3,129,67,61" hai2="49,2,133,46,80,10,93,74,53,27,59,116,29" hai3="51,48,98,56,112,17,131,94,110,7,132,69,58"/><T113/><D113/><U84/><E3/><V8/><F133/><W78/><G69/><T34/><D103/><U115/><E33/><V82/><F116/><W23/><G112/><T45/><D6/><U36/><E115/><V130/><F130/><W127/><G110/><T105/><D105/><U114/><E114/><V102/><F74/><W38/><G38/><T135/><D135/><U101/><E72/><V124/><F124/><W107/><G107/><T100/><D100/><U65/><E101/><V52/><F2/><W24/><G7/><T0/><D0/><U134/><E134/><V122/><F122/><W75/><G131/><T92/><D31/><U73/><E73/><V30/><F93/><W119/><G127/><T68/><D68/><U108/><E125/><V1/><F102/><W117/><G132/><T83/><D83/><N who="2" m="31786" /><F1/><W118/><G75/><T76/><D76/><U11/><E108/><V35/><F35/><W126/><G78/><T104/><D104/><U96/><E129/><V120/><F120/><W5/><G126/><T9/><D9/><N who="2" m="3690" /><F27/><W81/><G81/><T85/><REACH who="0" step="1"/><D55/><REACH who="0" ten="95,318,265,312" step="2"/><U43/><E71/><V121/><F121/><W99/><G5/><T41/><D41/><U63/><E43/><V37/><F37/><W22/><G119/><T25/><D25/><U50/><E36/><V42/><F42/><W66/><G24/><T32/><D32/><U89/><E67/><V40/><F40/><W90/><G118/><T106/><D106/><U109/><E65/><V60/><AGARI ba="0,1" hai="29,30,46,49,52,53,59,60" m="3690,31786" machi="60" ten="30,8000,1" yaku="8,1,52,3,54,1" doraHai="77" who="2" fromWho="2" sc="95,-40,318,-20,265,90,312,-20" /><INIT seed="5,0,0,1,1,92" ten="55,298,355,292" oya="1" hai0="72,60,94,59,34,14,91,22,131,71,58,9,125" hai1="115,96,50,120,26,133,86,49,2,81,132,16,113" hai2="19,108,42,11,55,75,124,53,36,52,29,82,12" hai3="17,97,88,74,84,116,41,80,57,85,69,54,63"/><U127/><E120/><V37/><F108/><W99/><G74/><T39/><D131/><U123/><E123/><V65/><F124/><W109/><G109/><T8/><D125/><U5/><E127/><V98/><F65/><W68/><G116/><T48/><D34/><U66/><E66/><V43/><F37/><W118/><G118/><T1/><D39/><U3/><E50/><V101/><F36/><W78/><G41/><T121/><D72/><U87/><E49/><V45/><F45/><W13/><G69/><T64/><D121/><U7/><E81/><V28/><F82/><N who="3" m="47191" /><G68/><T89/><D1/><U70/><E70/><V61/><F61/><W114/><G114/><T90/><D71/><U100/><E26/><V38/><F75/><W126/><G126/><T24/><D14/><U129/><E100/><V122/><F122/><W35/><G35/><T112/><D112/><U134/><E134/><V76/><F76/><W6/><G6/><T117/><D117/><U104/><E104/><V27/><F38/><W62/><G63/><T56/><D94/><U44/><E129/><V135/><F135/><W18/><G18/><T103/><D103/><U47/><E16/><V0/><F27/><W23/><AGARI ba="0,0" hai="13,17,23,54,57,62,80,85,88,97,99" m="47191" machi="23" ten="30,7900,0" yaku="8,1,52,2,54,1" doraHai="92" who="3" fromWho="3" sc="55,-20,298,-39,355,-20,292,79" /><INIT seed="6,0,0,1,2,123" ten="35,259,335,371" oya="2" hai0="3,29,92,2,90,60,95,7,25,81,56,12,96" hai1="26,113,70,16,10,118,85,116,50,135,24,103,124" hai2="49,77,108,122,82,14,21,33,86,91,133,19,64" hai3="117,87,66,131,48,8,62,42,30,0,125,112,107"/><V52/><F122/><W63/><G117/><T28/><D2/><U73/><E73/><V40/><F133/><W4/><G107/><T127/><D127/><U20/><E135/><V32/><F108/><W9/><G9/><T37/><D37/><U74/><E74/><V97/><F40/><W41/><G125/><T18/><D3/><U84/><E124/><V53/><F64/><W23/><G63/><T38/><D38/><U94/><E70/><V129/><F129/><W31/><G31/><T55/><D81/><U75/><E75/><V46/><REACH who="2" step="1"/><F53/><REACH who="2" ten="35,259,325,371" step="2"/><W99/><G42/><T121/><D121/><U72/><E116/><V15/><F15/><W100/><G41/><T1/><D1/><U114/><E118/><V128/><F128/><W58/><G131/><T45/><D45/><U126/><E126/><V83/><F83/><W61/><G0/><T6/><D95/><AGARI ba="0,1" hai="14,19,21,32,33,46,49,52,77,82,86,91,95,97" machi="95" ten="40,3900,0" yaku="1,1,54,1,53,0" doraHai="123" doraHaiUra="101" who="2" fromWho="0" sc="35,-39,259,0,325,49,371,0" owari="-4,-50.0,259,-14.0,374,47.0,371,17.0" /></mjloggm>