<mjloggm ver="2.3"><GO type="169" lobby="0"/><UN n0="%E3%81%94%E3%81%98%E3%82%83%E3%82%8B" n1="%E3%82%80%E3%83%BC%E3%82%80" n2="%E3%81%AA%E3%81%BE%E3%81%AF%E3%81%92%E3%83%AA%E3%83%BC%E3%83%81%E2%98%86" n3="%EF%BC%88%E2%89%A7%E2%96%BD%E2%89%A6%EF%BC%89" dan="18,16,17,17" rate="2272,2071,2176,2113" sx="M,M,M,M"/><TAIKYOKU oya="0"/><INIT seed="0,0,0,0,1,98" ten="250,250,250,250" oya="0" hai0="115,100,26,83,81,117,6,30,114,73,128,45,134" hai1="24,131,84,89,70,12,55,63,39,41,32,127,86" hai2="124,59,25,43,119,106,77,58,33,94,47,121,31" hai3="5,104,135,42,102,126,65,1,10,28,79,108,107"/><T93/><D117/><U0/><E0/><V16/><F121/><W125/><G135/><T8/><D134/><U56/><E127/><N who="3" m="48650" /><G108/><T101/><D128/><U14/><E131/><V62/><F106/><W120/><G120/><T72/><D45/><U68/><E86/><V13/><F124/><W113/><G113/><T11/><D93/><U122/><E41/><V2/><F2/><W40/><G79/><T111/><D26/><U123/><E39/><V88/><F77/><W19/><G28/><T61/><D30/><U60/><E122/><V4/><F4/><W48/><G65/><T67/><D6/><U91/><E24/><V18/><F119/><W22/><G48/><T109/><D67/><U53/><E32/><V29/><F29/><W116/><G116/><T38/><D61/><U3/><E3/><V20/><F18/><W9/><G9/><T96/><D96/><U97/><E97/><V44/><F62/><W34/><G34/><T87/><D87/><U46/><E84/><V64/><F64/><W110/><G110/><T69/><D38/><U95/><E63/><V54/><F54/><W130/><G130/><T15/><D15/><U49/><E60/><V118/><F118/><W132/><G132/><T27/><D27/><U37/><E37/><V99/><F44/><W23/><G23/><T35/><D35/><U36/><E46/><V17/><F17/><W105/><G102/><T80/><D83/><U129/><E129/><V112/><F112/><W74/><G74/><T75/><D75/><U90/><E123/><V66/><F66/><W71/><G71/><AGARI ba="0,0" hai="8,11,69,71,72,73,80,81,100,101,109,111,114,115" machi="71" ten="25,12000,1" yaku="6,1,22,2,52,2" doraHai="98" who="0" fromWho="3" sc="250,120,250,0,250,0,250,-120" /><INIT seed="0,1,0,0,2,26" ten="370,250,250,130" oya="0" hai0="28,53,31,79,23,29,115,5,38,1,32,4,133" hai1="50,80,35,113,112,90,92,60,124,84,105,3,11" hai2="69,24,86,6,114,121,13,99,71,107,27,70,46" hai3="41,128,18,126,59,37,97,64,7,21,0,110,117"/><T118/><D38/><U42/><E105/><V20/><F121/><W74/><G117/><T15/><D118/><U78/><E35/><V63/><F114/><N who="1" m="44137" /><E124/><V123/><F123/><W25/><G126/><T127/><D115/><U102/><E60/><V104/><F63/><W52/><G128/><T16/><D127/><U108/><E108/><V72/><F72/><W17/><G110/><T12/><D79/><U106/><E42/><V103/><F104/><W91/><G74/><T49/><D133/><U2/><E50/><V125/><F125/><W39/><G64/><T111/><D111/><U134/><E134/><V45/><F86/><W88/><G41/><T96/><D32/><U131/><E11/><V87/><F87/><W54/><G54/><T55/><D1/><U81/><E131/><V44/><F6/><N who="0" m="2666" /><D96/><N who="1" m="61767" /><E80/><V47/><N who="2" m="11264" /><DORA hai="19" /><V98/><REACH who="2" step="1"/><F99/><AGARI ba="1,0" hai="2,3,78,81,84,90,92,99" m="61767,44137" machi="99" ten="30,1000,0" yaku="11,1" doraHai="26,19" who="1" fromWho="2" sc="370,0,250,13,250,-13,130,0" /><INIT seed="1,0,0,4,5,16" ten="370,263,237,130" oya="1" hai0="33,97,106,114,19,88,48,112,133,52,30,77,108" hai1="51,57,71,39,132,58,95,76,113,131,79,26,81" hai2="14,62,122,104,10,90,23,13,101,1,78,20,60" hai3="15,68,118,84,59,99,38,50,123,111,75,85,5"/><U94/><E113/><V37/><F122/><W27/><G123/><T83/><D133/><U127/><E71/><V134/><F37/><W55/><G118/><T119/><D119/><U61/><E39/><V103/><F1/><W74/><G111/><T21/><D108/><U9/><E132/><V35/><F35/><W69/><G38/><T121/><D121/><U72/><E131/><V80/><F134/><W17/><G69/><T4/><D4/><U34/><E79/><V73/><F90/><W110/><G68/><T56/><D33/><U65/><E127/><V49/><F49/><W128/><G128/><T124/><D30/><U91/><E9/><V2/><F2/><W96/><G110/><T67/><D67/><U43/><E91/><V3/><F3/><W40/><G40/><T100/><D124/><U36/><E36/><V115/><F115/><W64/><G64/><T32/><D32/><U107/><E107/><V130/><F130/><W6/><G75/><T135/><D135/><U44/><REACH who="1" step="1"/><E57/><REACH who="1" ten="370,253,237,130" step="2"/><V7/><F104/><W0/><G59/><T82/><D88/><U87/><E87/><V25/><F78/><W28/><G85/><T8/><D8/><U86/><E86/><V92/><F10/><W42/><G84/><T63/><D77/><U126/><E126/><V116/><F73/><W105/><G74/><T102/><D114/><U54/><E54/><V18/><F92/><W12/><G105/><T22/><D112/><U46/><E46/><V31/><F80/><W29/><G55/><T11/><D106/><U41/><E41/><V93/><F116/><RYUUKYOKU ba="0,1" sc="370,-10,253,30,237,-10,130,-10" hai1="26,34,43,44,51,58,61,65,72,76,81,94,95" /><INIT seed="1,1,1,5,4,45" ten="360,283,227,120" oya="1" hai0="105,94,11,40,34,21,28,124,18,46,113,93,68" hai1="127,72,38,126,54,31,49,99,87,35,41,24,101" hai2="12,70,111,120,116,6,16,123,39,81,22,63,86" hai3="79,103,65,112,33,9,51,60,129,57,23,108,76"/><U64/><E72/><V128/><F116/><W20/><G112/><T7/><D105/><U96/><E64/><V78/><F39/><W27/><G129/><T19/><D68/><U133/><E133/><V75/><F128/><W115/><G115/><T88/><D113/><U8/><E8/><V132/><F132/><W66/><G108/><T122/><D34/><U50/><E87/><V135/><F135/><W131/><G131/><T5/><D94/><N who="1" m="58519" /><E99/><V130/><F130/><W117/><G117/><T4/><D124/><N who="1" m="47659" /><E54/><V56/><F111/><W90/><G103/><T29/><D11/><U37/><E41/><V71/><F6/><W106/><G106/><T13/><D19/><U80/><E80/><V118/><F118/><W77/><G66/><T104/><D104/><U14/><E14/><V26/><F75/><W97/><G9/><T82/><D82/><U119/><E119/><V121/><REACH who="2" step="1"/><F12/><REACH who="2" ten="360,283,217,120" step="2"/><W10/><G27/><T15/><D15/><U43/><E38/><V3/><F3/><W2/><G2/><T25/><D13/><U32/><E24/><V44/><F44/><W73/><G73/><T107/><D122/><U95/><E37/><V0/><F0/><W58/><G77/><T59/><D46/><U1/><E1/><V62/><F62/><W48/><G79/><T98/><D4/><U102/><E50/><V92/><F92/><N who="3" m="56471" /><G76/><T17/><D107/><U36/><E36/><V85/><F85/><W69/><G51/><T42/><D5/><U109/><E49/><V30/><F30/><N who="0" m="11882" /><D7/><U67/><E109/><V83/><F83/><W61/><G61/><RYUUKYOKU ba="1,2" sc="360,-10,283,-10,217,30,120,-10" hai2="16,22,26,56,63,70,71,78,81,86,120,121,123" /><INIT seed="2,2,2,5,1,69" ten="350,273,247,110" oya="2" hai0="74,48,15,20,42,116,5,121,125,67,2,7,14" hai1="118,44,115,104,36,126,76,1,119,80,8,133,55" hai2="63,127,73,85,59,68,134,122,10,131,128,0,103" hai3="32,102,109,132,93,111,54,123,78,46,117,23,114"/><V28/><F73/><W49/><G32/><T66/><D74/><N who="1" m="43031" /><E55/><V35/><F68/><W13/><G123/><T86/><D121/><U120/><E120/><V40/><F122/><W4/><G117/><T71/><D71/><U26/><E26/><N who="2" m="18839" /><F134/><W106/><G106/><T24/><D2/><U22/><E22/><V64/><F127/><W113/><G132/><T31/><D125/><U50/><E50/><V56/><F103/><W90/><G78/><T100/><D100/><U81/><E81/><V61/><F85/><N who="3" m="52431" /><G102/><T98/><D98/><U37/><E115/><N who="3" m="44042" /><G23/><T62/><D116/><U91/><E133/><V43/><F10/><AGARI ba="2,2" hai="4,10,13,46,49,54,109,111" m="44042,52431" machi="10" ten="30,1000,0" yaku="11,1" doraHai="69" who="3" fromWho="2" sc="350,0,273,0,247,-16,110,36" /><INIT seed="3,0,0,5,0,103" ten="350,273,231,146" oya="3" hai0="16,83,81,18,17,23,95,71,40,50,10,1,4" hai1="53,45,99,131,58,52,20,12,105,7,37,69,104" hai2="111,108,77,41,21,35,119,122,63,76,70,127,26" hai3="89,46,19,72,100,6,22,66,56,94,42,43,124"/><W32/><G32/><T134/><D71/><U101/><E69/><V61/><F119/><W98/><G72/><T65/><D65/><U49/><E131/><V51/><F35/><W115/><G115/><T75/><D134/><U30/><E37/><V132/><F132/><W112/><G112/><T128/><D128/><U38/><E38/><V86/><F127/><W11/><G124/><T130/><D130/><U88/><E88/><V80/><F122/><W120/><G120/><T34/><D34/><U2/><E2/><V78/><F41/><W57/><G89/><T97/><D23/><U8/><E20/><V15/><F51/><W85/><G85/><T121/><D121/><U114/><E30/><N who="2" m="17743" /><F15/><W62/><G56/><T3/><D3/><U109/><E109/><N who="2" m="42059" /><F70/><W29/><G29/><T68/><D68/><U92/><E114/><V87/><F87/><W33/><G33/><T44/><REACH who="0" step="1"/><D75/><REACH who="0" ten="340,273,231,146" step="2"/><U90/><REACH who="1" step="1"/><E101/><AGARI ba="0,1" hai="1,4,10,16,17,18,40,44,50,81,83,95,97,101" machi="101" ten="40,5200,0" yaku="1,1,2,1,54,1,53,0" doraHai="103" doraHaiUra="48" who="0" fromWho="1" sc="340,62,273,-52,231,0,146,0" /><INIT seed="4,0,0,4,4,90" ten="402,221,231,146" oya="0" hai0="47,82,98,75,99,46,112,36,127,48,27,85,124" hai1="117,55,32,5,3,122,104,8,60,132,109,74,62" hai2="31,45,81,128,10,94,126,40,30,34,88,95,96" hai3="56,39,108,65,101,93,97,7,66,78,111,79,100"/><T114/><D36/><U43/><E104/><V70/><F70/><W41/><G7/><T134/><D27/><U28/><E74/><V6/><F128/><W53/><G100/><T71/><D71/><U84/><E109/><V135/><F135/><W17/><G39/><T123/><D47/><U120/><E43/><V105/><F105/><W83/><G41/><T77/><D48/><U102/><E102/><V89/><F81/><W2/><G2/><T113/><D46/><U15/><E84/><V51/><F34/><W12/><G111/><T92/><D134/><U80/><E80/><V52/><F40/><W42/><G42/><T125/><D123/><U130/><E55/><V133/><F126/><W22/><G108/><T64/><D64/><U129/><E117/><V131/><F131/><N who="1" m="50185" /><E3/><V23/><F23/><W54/><G54/><T37/><D37/><U35/><E132/><V107/><F107/><W59/><G59/><T103/><D99/><U44/><E44/><V29/><F133/><W121/><G121/><N who="1" m="46698" /><E28/><V0/><F31/><W25/><G79/><T69/><D69/><U26/><E26/><V18/><F18/><W33/><G25/><T14/><D14/><U73/><E73/><AGARI ba="0,0" hai="73,75,77,82,85,92,98,103,112,113,114,124,125,127" machi="73" ten="50,18000,2" yaku="15,1,18,1,34,3,52,1" doraHai="90" who="0" fromWho="1" sc="402,180,221,-180,231,0,146,0" /><INIT seed="4,1,0,1,3,17" ten="582,41,231,146" oya="0" hai0="107,28,128,63,71,55,64,61,132,43,37,84,2" hai1="104,46,65,94,38,20,47,119,49,4,73,14,56" hai2="44,81,51,45,19,33,133,85,123,30,27,82,54" hai3="62,18,99,131,130,12,124,79,60,113,29,74,68"/><T57/><D107/><U75/><E104/><V118/><F123/><W110/><G110/><T86/><D2/><U83/><E119/><V92/><F118/><W70/><G113/><T103/><D103/><U95/><E38/><V97/><F133/><W21/><G124/><T109/><D132/><U116/><E116/><V98/><F19/><W106/><G29/><T78/><D109/><U121/><E121/><V91/><F45/><W120/><G120/><T127/><D127/><U24/><E75/><V76/><REACH who="2" step="1"/><F81/><REACH who="2" ten="582,41,221,146" step="2"/><W117/><G18/><T72/><D128/><U59/><E47/><V69/><F69/><W66/><G68/><T25/><D71/><U16/><E59/><V135/><F135/><W115/><G70/><T77/><D57/><U5/><E83/><V67/><F67/><W48/><G66/><T100/><D64/><U108/><E108/><V88/><F88/><W7/><G117/><T23/><D100/><U31/><E56/><V87/><AGARI ba="1,1" hai="27,30,33,44,51,54,76,82,85,87,91,92,97,98" machi="87" ten="20,8000,1" yaku="1,1,0,1,7,1,53,2" doraHai="17" doraHaiUra="80" who="2" fromWho="2" sc="582,-41,41,-21,221,93,146,-21" /><INIT seed="5,0,0,1,2,47" ten="541,20,314,125" oya="1" hai0="24,0,103,80,28,40,37,69,59,35,12,31,130" hai1="33,30,8,74,111,95,7,122,44,55,15,128,109" hai2="64,16,85,86,120,6,73,5,2,26,38,129,83" hai3="117,113,21,99,78,13,1,32,75,56,48,108,14"/><U52/><E122/><V11/><F120/><W134/><G1/><T57/><D69/><U9/><E74/><V100/><F129/><W132/><G32/><T58/><D0/><U79/><E128/><V17/><F38/><W19/><G108/><N who="1" m="41546" /><E79/><V127/><F127/><W62/><G117/><T119/><D119/><U135/><E135/><N who="3" m="51754" /><G113/><T104/><D130/><U114/><E114/><V71/><F100/><W123/><G123/><T29/><D80/><U34/><E44/><V43/><F43/><W101/><G78/><T88/><D40/><U67/><E67/><V98/><F98/><W53/><G75/><T18/><D37/><U133/><E133/><V23/><F6/><W90/><G90/><T93/><D103/><U39/><E39/><V107/><F107/><N who="3" m="63935" /><G62/><T124/><D104/><U126/><E126/><V63/><F73/><W50/><G50/><T20/><D124/><U68/><E68/><V46/><F46/><W41/><G41/><T60/><D60/><U36/><E36/><V51/><F51/><W76/><G76/><T70/><REACH who="0" step="1"/><D70/><REACH who="0" ten="531,20,314,125" step="2"/><U116/><E116/><V94/><F94/><W4/><G4/><T65/><D65/><U84/><E9/><V42/><F42/><W118/><G118/><T61/><D61/><U10/><E10/><V91/><REACH who="2" step="1"/><F86/><AGARI ba="0,1" hai="12,18,20,24,28,29,31,35,57,58,59,86,88,93" machi="86" ten="40,2600,0" yaku="1,1,54,1,53,0" doraHai="47" doraHaiUra="131" who="0" fromWho="2" sc="531,36,20,0,314,-26,125,0" /><INIT seed="6,0,0,4,3,111" ten="567,20,288,125" oya="2" hai0="2,13,76,100,102,46,122,35,29,32,42,90,101" hai1="112,62,98,18,10,52,97,84,54,69,119,78,58" hai2="88,64,114,68,106,37,83,93,47,109,128,87,33" hai3="123,63,38,91,95,25,107,50,59,49,27,129,7"/><V92/><F33/><W72/><G38/><T60/><D2/><U3/><E119/><V23/><F106/><W55/><G123/><T133/><D122/><U99/><E69/><V5/><F109/><W61/><G129/><T44/><D76/><U45/><E112/><V103/><F128/><W73/><G107/><T121/><D121/><U77/><E84/><V15/><F68/><W8/><G72/><T1/><D1/><U4/><REACH who="1" step="1"/><E18/><REACH who="1" ten="567,10,288,125" step="2"/><V6/><F87/><N who="3" m="52735" /><G73/><T96/><D133/><U116/><E116/><V19/><F114/><W56/><G7/><T36/><D35/><U125/><E125/><V94/><F19/><W0/><G0/><T82/><D32/><U130/><E130/><V118/><F5/><W132/><G132/><T11/><D29/><U131/><E131/><V108/><F6/><W70/><G70/><T31/><D31/><U22/><E22/><V67/><F23/><W20/><G8/><T43/><D11/><U89/><E89/><V126/><F118/><W24/><G20/><T104/><D90/><U17/><E17/><V75/><F126/><W80/><G80/><T48/><D82/><U51/><AGARI ba="0,1" hai="3,4,10,45,51,52,54,58,62,77,78,97,98,99" machi="51" ten="30,4000,0" yaku="1,1,0,1,54,1,53,0" doraHai="111" doraHaiUra="12" who="1" fromWho="1" sc="567,-10,10,50,288,-20,125,-10" /><INIT seed="7,0,0,4,1,25" ten="557,60,268,115" oya="3" hai0="0,62,101,33,103,45,84,96,72,129,42,90,118" hai1="7,78,80,81,77,52,117,92,14,98,28,68,89" hai2="43,60,85,4,102,64,73,127,12,95,97,46,65" hai3="37,123,67,87,50,9,121,134,20,1,70,133,57"/><W63/><G20/><T53/><D72/><U107/><E117/><V22/><F73/><W100/><G100/><T76/><D0/><U18/><E107/><V29/><F127/><W34/><G34/><T54/><D33/><U27/><E68/><V91/><F4/><N who="3" m="1167" /><G37/><T112/><D118/><U79/><E7/><V124/><F124/><W113/><G87/><T74/><D74/><U69/><E69/><V125/><F125/><W30/><G30/><T38/><D76/><U16/><E52/><V128/><F29/><W83/><G83/><T17/><D54/><U75/><E75/><V88/><F22/><W6/><G6/><T58/><D103/><U126/><E126/><V119/><F102/><W3/><G3/><T5/><D5/><U35/><REACH who="1" step="1"/><E18/><REACH who="1" ten="557,50,268,115" step="2"/><V135/><F119/><W111/><G70/><T48/><D17/><U2/><E2/><V122/><F91/><W13/><G63/><T120/><D62/><U82/><E82/><V11/><F88/><W61/><G61/><T109/><D90/><U39/><E39/><V8/><F60/><W106/><G106/><T105/><D38/><U56/><E56/><V24/><F11/><AGARI ba="0,1" hai="11,14,16,27,28,35,77,78,79,80,81,89,92,98" machi="11" ten="40,8000,1" yaku="1,1,52,1,54,1,53,1" doraHai="25" doraHaiUra="10" who="1" fromWho="2" sc="557,0,50,90,268,-80,115,0" owari="557,65.0,140,-26.0,188,-1.0,115,-38.0" /></mjloggm>