<mjloggm ver="2.3"><GO type="41"/><UN n0="%E7%B5%8C%E6%B8%85" n1="%E5%B7%A6%E6%8A%98%E5%8F%AF" n2="%6B%63%61%72%74%68%75%72" n3="%EF%BC%88%E2%89%A7%E2%96%BD%E2%89%A6%EF%BC%89" dan="14,15,14,15" rate="1849,1894,1915,1984" sx="M,M,M,M"/><TAIKYOKU oya="0"/><INIT seed="0,0,0,4,4,78" ten="250,250,250,250" oya="0" hai0="76,109,10,43,14,106,114,117,110,101,77,96,89" hai1="55,22,35,45,111,130,56,119,25,51,123,9,105" hai2="108,50,49,74,7,38,39,57,23,82,1,125,48" hai3="128,33,122,11,65,20,2,32,28,84,58,37,131"/><T81/><D43/><U102/><E119/><V87/><F74/><W133/><G37/><T129/><D117/><U75/><E123/><V13/><F1/><W72/><G122/><T18/><D114/><U66/><E35/><V79/><F57/><W41/><G72/><T19/><D129/><N who="3" m="49737" /><G41/><T53/><D53/><U86/><E75/><V70/><F70/><W5/><G133/><T52/><D52/><U63/><E111/><N who="0" m="42505" /><D19/><U73/><E73/><V115/><F115/><W97/><G97/><T116/><D116/><U8/><E8/><V118/><F118/><W80/><G20/><T91/><D89/><U0/><E9/><N who="2" m="4287" /><F38/><W103/><G103/><T26/><D26/><U15/><E0/><V112/><F39/><W134/><G28/><T60/><D60/><U62/><E62/><V42/><F112/><W36/><G36/><T135/><D135/><U67/><E67/><V100/><F100/><W132/><G132/><T69/><D69/><U126/><E102/><V124/><F108/><W3/><G3/><T95/><D106/><U27/><E105/><V59/><F59/><W83/><G134/><T90/><D101/><U88/><E130/><V71/><F71/><W64/><G64/><T94/><D95/><N who="1" m="54679" /><E126/><N who="2" m="48747" /><F23/><W29/><G65/><T44/><D44/><AGARI ba="0,0" hai="42,44,48,49,50,79,82,87" m="48747,4287" machi="44" ten="30,3900,0" yaku="25,1,18,1,52,1" doraHai="78" who="2" fromWho="0" sc="250,-39,250,0,250,39,250,0" /><INIT seed="1,0,0,2,0,68" ten="211,250,289,250" oya="1" hai0="126,92,11,46,88,48,73,113,98,41,12,62,55" hai1="79,75,40,106,60,42,87,28,6,33,34,133,95" hai2="103,32,116,110,74,101,56,111,132,0,118,7,85" hai3="114,30,29,5,96,24,49,121,39,76,128,57,125"/><U112/><E112/><V65/><F74/><W18/><G121/><T64/><D113/><U13/><E106/><V107/><F32/><W108/><G114/><T38/><D73/><U119/><E119/><V66/><F85/><W127/><G128/><T20/><D20/><U131/><E75/><V63/><F107/><W36/><G76/><T22/><D22/><U50/><E60/><V70/><F70/><W122/><G122/><T86/><D126/><N who="3" m="48137" /><G108/><N who="2" m="41513" /><F63/><W43/><G5/><T94/><D92/><U99/><E131/><V90/><F90/><W9/><G96/><T135/><D135/><U23/><E133/><V71/><F56/><W115/><G115/><T27/><D27/><N who="1" m="16511" /><E33/><V3/><F71/><W26/><G26/><T15/><D98/><U25/><E25/><V104/><F7/><W82/><G24/><T61/><D15/><U19/><E34/><V100/><F104/><W52/><G82/><T35/><D35/><U1/><E1/><N who="2" m="587" /><F132/><W78/><G78/><T8/><D8/><N who="1" m="6567" /><E6/><V129/><F129/><W10/><G29/><T21/><D64/><AGARI ba="0,0" hai="64,65,66,100,101,103,116,118" m="587,41513" machi="64" ten="40,5200,0" yaku="28,2,14,1" doraHai="68" who="2" fromWho="0" sc="211,-52,250,0,289,52,250,0" /><INIT seed="2,0,0,3,2,126" ten="159,250,341,250" oya="2" hai0="7,95,85,9,69,127,108,21,67,130,66,71,104" hai1="74,98,135,61,107,30,91,47,124,5,119,34,72" hai2="56,50,62,65,12,22,87,131,79,113,29,100,117" hai3="52,16,1,54,2,128,4,46,28,23,73,118,82"/><V15/><F117/><W88/><G118/><T35/><D35/><U58/><E119/><V48/><F113/><W19/><G73/><T123/><D127/><U75/><E124/><V97/><F87/><N who="3" m="50295" /><G2/><T77/><D104/><U24/><E5/><V0/><F79/><W78/><G1/><T60/><D108/><U89/><E47/><V36/><F0/><W81/><G4/><T42/><D42/><U102/><REACH who="1" step="1"/><E135/><REACH who="1" ten="159,240,341,250" step="2"/><V68/><F36/><W55/><G46/><T134/><D134/><U43/><E43/><V120/><F120/><W26/><G128/><T94/><D130/><U109/><E109/><V129/><F131/><W17/><G78/><T39/><D39/><U27/><E27/><V84/><F129/><W106/><G106/><T121/><D123/><U32/><E32/><V8/><F15/><W18/><G81/><T133/><D133/><U44/><E44/><V83/><F12/><N who="3" m="9607" /><G28/><T59/><D121/><U6/><E6/><V64/><F29/><W92/><G92/><T37/><D37/><U93/><E93/><V13/><F13/><W76/><G76/><T111/><D111/><U25/><E25/><AGARI ba="0,1" hai="17,18,19,25,26,52,54,55" m="9607,50295" machi="25" ten="30,7700,0" yaku="8,1,54,3" doraHai="126" who="3" fromWho="1" sc="159,0,240,-77,341,0,250,87" /><INIT seed="3,0,0,1,2,21" ten="159,163,341,337" oya="3" hai0="15,101,50,105,14,126,57,114,3,40,86,11,113" hai1="108,95,4,55,121,59,85,74,64,24,111,27,81" hai2="63,5,46,112,42,9,82,51,52,79,97,93,45" hai3="38,33,43,0,120,41,117,80,7,91,128,16,109"/><W89/><G120/><T127/><D86/><U22/><E121/><V72/><F112/><N who="0" m="43114" /><D105/><U106/><E106/><V32/><F32/><W84/><G117/><T8/><D3/><U133/><E74/><V10/><F5/><W131/><G33/><T54/><D40/><N who="3" m="15433" /><G38/><T58/><D101/><U73/><E73/><V103/><REACH who="2" step="1"/><F63/><REACH who="2" ten="159,163,331,337" step="2"/><W34/><G34/><T132/><D132/><U134/><E4/><V71/><F71/><W49/><G7/><T124/><D54/><U53/><E64/><V130/><F130/><W23/><G131/><T88/><D50/><AGARI ba="0,1" hai="9,10,42,45,46,50,51,52,72,79,82,93,97,103" machi="50" ten="30,3900,0" yaku="1,1,7,1,54,1,53,0" doraHai="21" doraHaiUra="119" who="2" fromWho="0" sc="159,-39,163,0,331,49,337,0" /><INIT seed="4,0,0,0,0,76" ten="120,163,380,337" oya="0" hai0="17,32,55,4,116,94,77,119,110,16,62,133,12" hai1="80,35,47,90,95,69,25,111,19,57,50,21,58" hai2="67,66,135,82,120,127,63,128,13,100,105,130,125" hai3="123,107,86,5,64,74,46,97,3,87,73,43,49"/><T85/><D32/><U59/><E111/><V11/><F120/><W72/><G123/><T75/><D75/><U117/><E69/><V28/><F28/><W71/><G3/><T108/><D4/><U8/><E117/><V129/><F100/><W91/><G5/><T60/><D133/><U14/><E35/><V44/><F105/><W22/><G22/><T34/><D34/><U54/><E59/><V93/><F93/><W24/><G24/><T132/><D132/><U126/><E126/><N who="2" m="48139" /><F44/><W51/><G49/><T92/><D85/><N who="1" m="50471" /><E95/><N who="0" m="36393" /><D77/><U45/><E45/><V61/><F82/><W124/><G124/><T84/><D84/><U89/><E89/><V134/><F63/><N who="0" m="24106" /><D55/><U1/><E1/><V113/><F113/><W41/><G71/><T115/><D12/><U56/><E56/><N who="2" m="37159" /><F67/><W26/><G64/><T38/><D38/><U23/><E23/><V18/><AGARI ba="0,0" hai="11,13,18,128,129,130,134,135" m="37159,48139" machi="18" ten="40,8000,1" yaku="30,2,19,1,18,1" doraHai="76" who="2" fromWho="2" sc="120,-40,163,-20,380,80,337,-20" /><BYE who="0" /><INIT seed="5,0,0,3,3,42" ten="80,143,460,317" oya="1" hai0="15,52,21,59,24,120,43,101,124,3,118,14,109" hai1="16,78,37,49,40,80,19,99,110,69,41,65,12" hai2="57,46,81,113,53,128,102,75,1,108,84,92,58" hai3="33,96,20,17,129,34,122,125,8,131,74,54,5"/><U123/><E123/><V103/><F1/><N who="3" m="47" /><G74/><T76/><D76/><U114/><E99/><V100/><F108/><W36/><G36/><T132/><D132/><U23/><E110/><V7/><F7/><W97/><G54/><T116/><D116/><U133/><E133/><V51/><F128/><N who="3" m="49227" /><G122/><T13/><D13/><U66/><E69/><V62/><F75/><W55/><G55/><T71/><D71/><U22/><E37/><V111/><F111/><W104/><G125/><T68/><D68/><U38/><E38/><V6/><F6/><W134/><G134/><T35/><D35/><N who="3" m="13321" /><G104/><T18/><D18/><U61/><E114/><V48/><F113/><W64/><G64/><N who="1" m="24682" /><E61/><V4/><F62/><W47/><G47/><T25/><D25/><AGARI ba="0,0" hai="17,20,25,96,97" m="13321,49227,47" machi="25" ten="30,1000,0" yaku="19,1" doraHai="42" who="3" fromWho="0" sc="80,-10,143,0,460,0,317,10" /><INIT seed="6,0,0,5,4,87" ten="70,143,460,327" oya="2" hai0="60,11,125,69,109,122,61,84,105,1,88,127,85" hai1="0,35,56,30,104,40,4,82,119,100,22,62,128" hai2="31,10,68,33,53,20,78,86,126,17,38,16,72" hai3="24,27,13,47,52,92,19,133,103,15,117,90,67"/><V135/><F38/><W50/><G117/><T79/><D79/><U18/><E119/><V94/><F72/><W8/><G133/><T44/><D44/><U129/><E40/><V46/><F135/><W49/><G67/><T114/><D114/><U74/><E74/><V55/><F68/><W43/><G13/><T42/><D42/><U89/><E104/><V54/><F33/><W131/><G103/><T98/><D98/><U93/><E100/><V77/><F31/><W80/><G131/><T76/><D76/><N who="2" m="29290" /><F10/><W121/><G121/><T29/><D29/><U34/><E82/><V70/><F70/><W130/><G130/><N who="1" m="50282" /><E4/><V48/><F126/><W111/><G111/><T101/><D101/><U59/><E0/><V45/><F17/><W23/><G80/><T81/><D81/><U37/><E37/><V58/><F86/><N who="3" m="52311" /><G8/><T124/><D124/><U14/><E30/><V115/><F94/><W107/><G107/><T71/><D71/><U108/><E108/><V75/><F75/><W26/><G26/><T7/><D7/><U3/><E3/><V120/><F120/><W132/><G132/><T91/><D91/><U32/><E62/><V41/><F46/><AGARI ba="0,0" hai="15,19,23,24,27,43,46,47,49,50,52" m="52311" machi="46" ten="30,3900,0" yaku="8,1,52,1,54,1" doraHai="87" who="3" fromWho="2" sc="70,0,143,0,460,-39,327,39" /><INIT seed="7,0,0,0,2,73" ten="70,143,421,366" oya="3" hai0="88,100,29,65,44,35,63,110,115,130,24,31,127" hai1="48,34,39,105,6,75,94,71,125,28,95,17,99" hai2="77,37,8,121,68,90,118,4,18,5,27,56,32" hai3="134,91,133,119,92,67,108,69,81,129,26,80,78"/><W11/><G119/><T135/><D135/><N who="3" m="51721" /><G129/><T52/><D52/><U103/><E39/><V25/><F118/><W131/><G131/><T19/><D19/><U50/><E71/><V112/><F68/><W20/><G108/><T106/><D106/><U21/><E6/><N who="2" m="2667" /><F112/><W15/><G67/><T86/><D86/><U10/><E10/><V61/><F37/><W126/><G69/><T9/><D9/><U51/><E75/><V23/><F121/><W64/><G64/><T2/><D2/><U107/><E125/><V76/><F90/><W47/><G47/><T66/><D66/><U113/><E113/><V38/><F38/><W53/><G53/><T96/><D96/><U22/><E28/><N who="2" m="17471" /><F32/><W87/><G126/><T102/><D102/><U58/><E34/><V85/><F85/><N who="3" m="48279" /><G11/><T70/><D70/><U54/><E107/><V124/><F124/><W132/><N who="3" m="51729" /><W82/><DORA hai="0" /><G15/><T7/><D7/><U62/><E105/><V14/><F27/><W74/><G74/><T40/><D40/><U109/><E109/><V122/><F122/><W41/><G41/><T1/><D1/><U43/><E43/><V36/><F36/><W60/><G60/><T42/><D42/><U83/><E62/><V104/><F104/><W16/><AGARI ba="0,0" hai="16,20,26,81,82,87,91,92" m="48279,51729" machi="16" ten="40,7800,0" yaku="20,1,52,1,54,1" doraHai="73,0" who="3" fromWho="3" sc="70,-26,143,-26,421,-26,366,78" owari="44,-46.0,117,-28.0,395,20.0,444,54.0" /></mjloggm>