<mjloggm ver="2.3"><GO type="41" lobby="0"/><UN n0="%E7%9F%B3%E7%82%AD%E5%B0%8F%E5%83%A7" n1="%6B%61%72%69%6D%6F%66%75" n2="%E3%81%8F%E3%81%BE%E3%81%94%E3%82%8D%E3%81%86" n3="%E3%82%A6%E3%83%AB%E3%83%88%E3%83%A9%E7%AB%8B%E7%9B%B4" dan="15,14,15,16" rate="2031.26,1902.11,1943.68,2023.35" sx="M,F,M,M"/><TAIKYOKU oya="0"/><INIT seed="0,0,0,2,0,130" ten="250,250,250,250" oya="0" hai0="91,57,17,110,114,49,124,115,69,58,53,64,76" hai1="88,26,56,23,75,9,94,20,40,12,67,104,101" hai2="84,45,127,128,87,62,61,68,4,28,71,93,103" hai3="80,85,135,78,131,116,38,82,60,41,133,0,10"/><T129/><D129/><U8/><E40/><V46/><F28/><W134/><G131/><T90/><D76/><U132/><E75/><V112/><F128/><W14/><G0/><T32/><D32/><U77/><E77/><V24/><F4/><W70/><G116/><T97/><D124/><U111/><E111/><V126/><F93/><W125/><G125/><T29/><D29/><U118/><E118/><V33/><F24/><W7/><G41/><T121/><D121/><U39/><E39/><V106/><F106/><W31/><G38/><T2/><D2/><U18/><E101/><V16/><F103/><W1/><G31/><T52/><D17/><U107/><E107/><V100/><F100/><W122/><G122/><T86/><D110/><U120/><E104/><V44/><F44/><W123/><G123/><T48/><D97/><U11/><E120/><V95/><F95/><W37/><G37/><T89/><REACH who="0" step="1"/><D86/><REACH who="0" ten="240,250,250,250" step="2"/><U5/><E18/><V19/><F33/><W83/><G1/><T13/><D13/><U99/><E12/><V15/><F15/><W59/><G70/><T21/><D21/><U34/><E20/><V47/><F127/><W36/><G36/><T51/><D51/><U65/><E23/><V72/><F126/><W3/><G3/><T105/><D105/><U63/><E34/><V22/><F22/><W73/><G85/><T102/><D102/><U108/><E108/><V54/><F87/><W109/><G109/><T96/><D96/><U30/><E99/><V79/><F84/><W119/><G119/><T27/><D27/><U25/><E26/><RYUUKYOKU ba="0,1" sc="240,15,250,-15,250,-15,250,15" hai0="48,49,52,53,57,58,64,69,89,90,91,114,115" hai3="7,10,14,59,60,73,78,80,82,83,133,134,135" /><INIT seed="0,1,1,1,3,112" ten="255,235,235,265" oya="0" hai0="114,134,132,8,23,33,118,48,81,92,76,122,120" hai1="94,30,54,35,32,59,74,39,63,4,116,80,128" hai2="9,6,5,133,61,71,15,10,27,117,125,1,11" hai3="55,85,77,40,110,52,107,70,111,45,69,64,130"/><T13/><D33/><U99/><E39/><V16/><F71/><N who="3" m="27147" /><G107/><T93/><D114/><U57/><E4/><N who="2" m="1167" /><F61/><W135/><G85/><T0/><D0/><U36/><E36/><V123/><F123/><N who="0" m="47146" /><D23/><U7/><E7/><N who="2" m="3551" /><F133/><N who="0" m="51306" /><D48/><U22/><E128/><V65/><F65/><W66/><G77/><T75/><D118/><U121/><E116/><V58/><F58/><W88/><G130/><T131/><D131/><U2/><E57/><V89/><F117/><W29/><G29/><T51/><D51/><U113/><E59/><V86/><F86/><W126/><G135/><T90/><D90/><U91/><E63/><V68/><F89/><W62/><G88/><T56/><D56/><U129/><E91/><V24/><F68/><N who="3" m="42007" /><G66/><T43/><D43/><U3/><E113/><V38/><F38/><N who="3" m="21655" /><G126/><T31/><D31/><U49/><E74/><V34/><F125/><W100/><G100/><T84/><D75/><U67/><E67/><V60/><F34/><W21/><G21/><T37/><D37/><U103/><E35/><V115/><F115/><W20/><G20/><T105/><D105/><U124/><E32/><V97/><F11/><W72/><G72/><T19/><AGARI ba="1,1" hai="8,13,19,76,81,84,92,93" m="51306,47146" machi="19" ten="30,1500,0" yaku="20,1" doraHai="112" who="0" fromWho="0" sc="255,28,235,-6,235,-6,265,-6" /><INIT seed="0,2,0,1,5,67" ten="283,229,229,259" oya="0" hai0="117,78,58,133,23,88,75,104,60,85,21,123,127" hai1="135,111,59,31,46,44,102,84,48,1,73,15,5" hai2="121,110,82,54,64,74,57,24,83,20,53,22,62" hai3="72,51,94,9,81,93,29,16,99,113,118,8,103"/><T106/><D123/><U114/><E73/><V2/><F110/><W19/><G113/><T101/><D117/><U55/><E114/><V100/><F121/><W49/><G29/><T124/><D133/><U10/><E111/><V131/><F131/><W38/><G38/><T68/><D101/><U129/><E129/><V12/><F2/><W28/><G28/><T90/><D75/><U91/><E31/><V6/><F100/><W52/><G118/><T25/><D78/><U63/><E102/><V43/><F43/><W109/><G109/><T56/><D85/><U30/><E30/><V125/><F125/><W116/><G116/><T14/><D14/><U69/><E1/><V45/><F24/><W13/><G81/><T119/><D119/><U65/><E135/><V0/><F83/><AGARI ba="2,0" hai="5,10,15,44,46,48,55,59,63,65,69,83,84,91" machi="83" ten="30,2000,0" yaku="7,1,52,1" doraHai="67" who="1" fromWho="2" sc="283,0,229,26,229,-26,259,0" /><INIT seed="1,0,0,5,4,126" ten="283,255,203,259" oya="1" hai0="132,22,36,58,54,57,20,7,56,87,89,116,12" hai1="104,85,26,23,86,95,80,19,99,21,73,61,42" hai2="79,75,41,2,52,50,29,111,134,106,32,40,27" hai3="103,77,128,18,64,70,110,43,45,113,37,67,59"/><U96/><E42/><V84/><F111/><W9/><G18/><T123/><D116/><U33/><E33/><V114/><F75/><W115/><G9/><T105/><D105/><U39/><E39/><V34/><F2/><W100/><G77/><T94/><D132/><U66/><E73/><V16/><F134/><W49/><G103/><T68/><D68/><U97/><E23/><V44/><F106/><W121/><G100/><T48/><D123/><U30/><E19/><V55/><F114/><W119/><G121/><T122/><D122/><U109/><E109/><V11/><F34/><W133/><G119/><T47/><D36/><U102/><E85/><V83/><REACH who="2" step="1"/><F41/><REACH who="2" ten="283,255,193,259" step="2"/><W31/><G110/><T3/><D3/><U118/><E104/><V46/><F46/><W124/><G133/><T108/><D108/><U130/><E118/><V131/><F131/><W127/><G115/><T17/><D7/><U13/><E130/><V78/><F78/><W6/><G113/><T10/><AGARI ba="0,1" hai="10,12,17,20,22,47,48,54,56,57,58,87,89,94" machi="10" ten="30,2000,0" yaku="0,1,8,1" doraHai="126" who="0" fromWho="0" sc="283,30,255,-10,193,-5,259,-5" /><INIT seed="2,0,0,3,4,88" ten="313,245,188,254" oya="2" hai0="74,42,77,48,132,18,90,99,87,16,55,92,7" hai1="67,125,115,97,65,73,47,112,3,21,28,70,0" hai2="72,109,4,100,58,61,39,105,84,113,133,12,6" hai3="29,37,93,80,30,59,129,104,68,43,38,127,85"/><V63/><F113/><W111/><G104/><T15/><D132/><U69/><E73/><V131/><F72/><W96/><G68/><T64/><D64/><U13/><E47/><V91/><F133/><W95/><G127/><T75/><D42/><U103/><E125/><V122/><F122/><W45/><G38/><T49/><D49/><U124/><E124/><V24/><F131/><W94/><G96/><T26/><D7/><U34/><E34/><V120/><F120/><W135/><G129/><T76/><D74/><U1/><E28/><V33/><F100/><W119/><G119/><T31/><D75/><U98/><E13/><V66/><F105/><W11/><G135/><T56/><D99/><N who="1" m="37899" /><E21/><V79/><F79/><W35/><G35/><T40/><D40/><U46/><E46/><V134/><F12/><W118/><G118/><T81/><D81/><U25/><E25/><V71/><F39/><W114/><G114/><N who="1" m="43562" /><E103/><V8/><F134/><W53/><G11/><T5/><D5/><U126/><E126/><V86/><F24/><W130/><G130/><T22/><D18/><U106/><E106/><V50/><F33/><AGARI ba="0,0" hai="15,16,22,26,31,33,48,55,56,76,77,87,90,92" machi="33" ten="30,8000,1" yaku="7,1,25,2,52,1,54,1" doraHai="88" who="0" fromWho="2" sc="313,80,245,0,188,-80,254,0" /><INIT seed="3,0,0,3,2,127" ten="393,245,108,254" oya="3" hai0="117,57,102,32,128,18,6,17,71,60,73,119,52" hai1="58,25,14,84,2,7,126,4,54,3,1,89,120" hai2="46,85,78,41,93,90,91,10,129,82,28,81,42" hai3="115,29,45,134,27,40,95,116,113,30,80,51,36"/><W135/><G95/><T53/><D73/><U69/><E69/><V47/><F28/><W108/><G116/><T48/><D32/><U24/><E126/><V70/><F70/><W96/><G96/><T49/><D6/><U107/><E107/><V100/><F10/><W101/><G101/><T105/><D105/><U112/><E112/><N who="3" m="43082" /><G80/><T19/><D102/><U88/><E120/><V92/><F100/><W98/><G98/><T44/><D128/><U38/><E38/><V26/><F26/><W50/><G29/><T16/><N who="0" m="4608" /><DORA hai="56" /><T104/><REACH who="0" step="1"/><D104/><REACH who="0" ten="383,245,108,254" step="2"/><U9/><E4/><V13/><F129/><W74/><G74/><T110/><D110/><U131/><E131/><V34/><F34/><N who="3" m="20831" /><G108/><T55/><D55/><U124/><E124/><V64/><F64/><AGARI ba="0,1" hai="44,48,49,52,53,57,60,64,71,117,119" m="4608" machi="64" ten="50,8000,1" yaku="1,1,52,1,54,2,53,0" doraHai="127,56" doraHaiUra="11,31" who="0" fromWho="2" sc="383,90,245,0,108,-80,254,0" /><INIT seed="4,0,0,1,3,36" ten="473,245,28,254" oya="0" hai0="83,116,37,66,108,48,80,6,26,13,54,103,59" hai1="110,24,2,77,30,101,120,74,61,79,84,123,9" hai2="28,17,91,118,10,109,60,111,87,57,102,134,96" hai3="119,126,45,124,133,125,21,85,52,121,38,107,7"/><T100/><D116/><U1/><E110/><V69/><F118/><W129/><G107/><T46/><D108/><U117/><E117/><V122/><F122/><W81/><G119/><T18/><D6/><U15/><E101/><N who="0" m="38985" /><D26/><U115/><E120/><V16/><F134/><W40/><G121/><T32/><D32/><U76/><E123/><V112/><F69/><W27/><G133/><T89/><D89/><U73/><E61/><V127/><F127/><W70/><G70/><T135/><D37/><U72/><E84/><V35/><F35/><W4/><G129/><T105/><D105/><U113/><E15/><V43/><F28/><W31/><REACH who="3" step="1"/><G52/><REACH who="3" ten="473,245,28,244" step="2"/><N who="0" m="29719" /><D135/><U22/><E9/><V41/><F10/><W75/><G75/><T11/><D66/><U34/><REACH who="1" step="1"/><E34/><REACH who="1" ten="473,235,28,244" step="2"/><V58/><F111/><W95/><G95/><T25/><D25/><U65/><E65/><V33/><F109/><W128/><G128/><T56/><D54/><U19/><E19/><V86/><F33/><W50/><G50/><T68/><D68/><U63/><E63/><V114/><F60/><W82/><G82/><AGARI ba="0,2" hai="11,13,18,56,59,80,82,83" m="29719,38985" machi="82" ten="30,2900,0" yaku="8,1,54,1" doraHai="36" who="0" fromWho="3" sc="473,49,235,0,28,0,244,-29" /><INIT seed="4,1,0,5,2,49" ten="522,235,28,215" oya="0" hai0="80,104,72,58,89,120,83,45,25,9,6,108,127" hai1="114,129,101,1,27,34,43,14,91,24,62,46,21" hai2="90,119,29,94,135,105,41,0,93,115,112,123,122" hai3="60,121,38,26,102,133,56,59,22,77,50,86,75"/><T42/><D120/><N who="2" m="46122" /><F0/><W57/><G38/><T67/><D108/><U51/><E129/><V99/><F29/><W106/><G133/><T44/><D127/><U76/><E76/><V48/><F48/><W36/><G36/><T3/><D104/><U128/><E128/><V18/><F18/><W78/><G121/><T116/><D116/><U33/><E1/><V132/><F41/><W37/><G37/><N who="0" m="21583" /><D45/><U98/><E91/><N who="2" m="55743" /><F105/><W8/><G75/><T96/><D25/><U97/><E62/><V19/><F19/><W15/><G50/><T5/><D5/><U32/><E114/><N who="2" m="43563" /><F119/><W82/><G57/><T85/><D96/><AGARI ba="1,0" hai="90,94,96,132,135" m="43563,55743,46122" machi="96" ten="30,3900,0" yaku="15,1,34,2" doraHai="49" who="2" fromWho="0" sc="522,-42,235,0,28,42,215,0" /><INIT seed="5,0,0,2,4,39" ten="480,235,70,215" oya="1" hai0="41,76,49,69,7,27,72,66,9,89,84,42,65" hai1="79,82,128,64,110,43,23,98,124,25,15,77,52" hai2="13,115,100,117,85,125,134,29,4,51,78,135,45" hai3="129,26,32,8,24,63,2,17,47,74,28,75,121"/><U46/><E128/><V68/><F29/><W111/><G121/><T58/><D69/><U38/><E64/><V57/><F68/><W53/><G111/><T106/><D106/><U90/><E15/><V133/><F117/><W105/><G105/><T88/><D27/><U71/><E71/><V92/><F125/><W132/><G132/><T96/><D72/><U56/><E124/><V40/><F115/><W94/><G129/><T20/><D20/><U99/><E110/><V44/><F57/><W107/><G107/><T3/><D76/><U131/><E131/><V95/><F100/><W130/><G130/><T59/><D49/><U50/><E90/><V108/><F45/><W60/><G60/><T12/><D3/><U19/><E79/><V21/><F21/><W113/><G113/><T103/><D103/><U16/><E19/><V127/><F127/><W83/><G83/><N who="0" m="49183" /><D58/><U70/><REACH who="1" step="1"/><E70/><REACH who="1" ten="480,225,70,215" step="2"/><V5/><F108/><W81/><G2/><T112/><D112/><U11/><E11/><N who="2" m="4327" /><F5/><W55/><G8/><T86/><D65/><U123/><E123/><V6/><F6/><W119/><G17/><T30/><D30/><U10/><E10/><V73/><F73/><AGARI ba="0,1" hai="16,23,25,38,43,46,50,52,56,73,77,82,98,99" machi="73" ten="30,18000,2" yaku="1,1,7,1,52,1,54,2,53,1" doraHai="39" doraHaiUra="37" who="1" fromWho="2" sc="480,0,225,190,70,-180,215,0" owari="480,57.0,415,22.0,-110,-61.0,215,-18.0" /></mjloggm>