<mjloggm ver="2.3"><GO type="169"/><UN n0="%41%6B%61%2D%75%72%61" n1="%E8%8A%8B%EF%BC%A0%EF%BC%90%EF%BC%98%E2%80%99" n2="%E3%81%A1%E3%81%8F%E3%81%8D" n3="%EF%BC%88%E2%89%A7%E2%96%BD%E2%89%A6%EF%BC%89" dan="16,16,18,18" rate="2066,2084,2171,2152" sx="M,M,M,M"/><TAIKYOKU oya="0"/><INIT seed="0,0,0,3,4,30" ten="250,250,250,250" oya="0" hai0="94,14,42,135,91,99,66,78,74,37,63,25,116" hai1="21,88,17,33,1,86,125,123,11,87,128,15,75" hai2="3,35,20,41,85,90,96,108,102,46,2,29,39" hai3="36,127,124,64,50,71,51,111,84,45,73,65,18"/><T60/><D116/><U89/><E75/><V27/><F108/><W72/><G111/><T80/><D135/><U57/><E123/><V43/><F43/><N who="3" m="22759" /><G84/><T110/><D110/><U31/><E128/><V114/><F114/><W68/><G18/><T70/><D60/><U28/><E125/><N who="3" m="48202" /><G73/><T98/><D42/><U79/><E57/><V7/><F7/><W5/><G5/><T129/><D37/><U115/><E115/><V6/><F6/><W32/><G32/><T44/><D44/><U40/><E40/><V126/><F126/><W119/><G72/><T52/><D129/><U9/><E1/><V34/><F2/><W122/><G122/><T95/><D14/><U67/><E79/><V93/><REACH who="2" step="1"/><F3/><REACH who="2" ten="250,250,240,250" step="2"/><W118/><G119/><T4/><D4/><U47/><E67/><N who="3" m="25674" /><G118/><T0/><D0/><U112/><E112/><V117/><F117/><W53/><G51/><T121/><D121/><U13/><E33/><V105/><AGARI ba="0,1" hai="20,27,29,34,35,39,41,46,85,90,93,96,102,105" machi="105" ten="20,8000,1" yaku="1,1,0,1,7,1,52,2,53,0" doraHai="30" doraHaiUra="107" who="2" fromWho="2" sc="250,-40,250,-20,240,90,250,-20" /><INIT seed="1,0,0,5,5,40" ten="210,230,330,230" oya="1" hai0="80,97,39,119,91,6,5,18,114,3,26,11,20" hai1="55,127,128,46,104,25,74,31,12,115,113,64,126" hai2="129,30,69,134,132,54,111,56,66,72,14,60,7" hai3="28,77,110,106,89,112,105,124,75,122,98,10,131"/><U70/><E104/><N who="3" m="40042" /><G28/><T15/><D114/><U16/><E74/><V35/><F72/><W79/><G10/><T71/><D119/><U21/><E128/><V125/><F35/><W22/><G22/><T62/><D39/><U52/><E64/><V85/><F30/><W43/><G43/><T76/><D6/><U29/><E70/><V107/><F107/><W86/><G112/><T33/><D97/><U53/><E31/><V49/><F14/><W117/><G117/><T116/><D33/><U95/><E95/><V17/><F17/><W87/><G122/><T67/><D116/><U108/><E108/><V96/><F7/><W8/><G8/><T36/><D36/><U100/><E100/><V92/><F129/><W45/><G131/><T130/><D130/><U65/><E65/><V121/><F111/><W135/><G110/><T24/><REACH who="0" step="1"/><D91/><REACH who="0" ten="200,230,330,230" step="2"/><U93/><E115/><V101/><F121/><W102/><G89/><T84/><AGARI ba="0,1" hai="3,5,11,15,18,20,24,26,62,67,71,76,80,84" machi="84" ten="20,5200,0" yaku="1,1,2,1,0,1,7,1,53,0" doraHai="40" doraHaiUra="103" who="0" fromWho="0" sc="200,62,230,-26,330,-13,230,-13" /><INIT seed="2,0,0,5,0,46" ten="262,204,317,217" oya="2" hai0="26,100,13,42,105,40,51,18,91,20,39,120,73" hai1="82,14,69,72,64,5,48,103,121,132,47,55,83" hai2="76,7,123,90,56,117,134,109,114,12,16,129,101" hai3="97,104,67,27,15,92,119,81,93,110,63,115,10"/><V38/><F123/><W29/><G119/><T94/><D73/><U112/><E112/><V96/><F117/><W3/><G3/><T88/><D120/><U44/><E121/><V89/><F114/><W85/><G110/><T49/><D105/><U30/><E30/><V124/><F38/><W125/><G125/><T86/><D100/><U28/><E103/><V32/><F32/><W21/><G104/><T79/><D79/><U37/><E28/><V61/><F124/><W74/><G74/><T36/><D36/><U22/><E132/><V25/><F134/><W1/><G1/><T122/><D122/><U113/><E113/><V87/><F129/><W84/><G115/><T131/><D131/><U2/><E2/><V107/><F109/><W80/><G80/><N who="0" m="49223" /><D39/><U54/><E72/><V23/><F76/><N who="3" m="46119" /><G85/><N who="0" m="52591" /><D13/><U11/><E37/><V99/><F99/><W53/><G97/><T126/><D126/><U43/><E69/><V78/><F78/><W4/><G67/><T59/><D59/><AGARI ba="0,0" hai="4,10,15,21,27,29,53,59,63,92,93" m="46119" machi="59" ten="30,1000,0" yaku="8,1" doraHai="46" who="3" fromWho="0" sc="262,-10,204,0,317,0,217,10" /><INIT seed="3,0,0,4,3,117" ten="252,204,317,227" oya="3" hai0="25,118,41,123,52,74,135,22,19,51,105,21,36" hai1="53,58,109,40,104,87,127,7,18,27,20,115,83" hai2="99,132,128,102,31,57,26,15,64,29,94,96,97" hai3="111,98,39,30,2,4,14,59,54,108,37,107,38"/><W77/><G2/><T85/><D74/><U17/><E115/><V129/><F132/><W12/><G30/><T73/><D73/><U122/><E109/><N who="3" m="42058" /><G77/><T112/><D118/><U110/><E110/><V47/><F15/><N who="3" m="5675" /><G4/><T43/><D112/><U133/><E133/><V80/><F29/><W49/><G98/><T124/><D36/><U120/><E7/><V63/><F99/><W119/><G119/><T6/><D6/><U91/><E17/><V28/><F97/><W75/><G75/><T9/><D9/><U95/><E104/><AGARI ba="0,0" hai="37,38,39,49,54,59,104,107" m="5675,42058" machi="104" ten="40,3900,0" yaku="14,1,10,1" doraHai="117" who="3" fromWho="1" sc="252,0,204,-39,317,0,227,39" /><INIT seed="3,1,0,3,2,75" ten="252,165,317,266" oya="3" hai0="118,70,106,99,104,52,35,46,134,96,125,110,12" hai1="16,15,88,3,61,24,67,48,65,53,128,114,23" hai2="68,107,92,8,26,115,74,93,80,7,0,119,21" hai3="101,34,36,66,102,100,44,40,43,109,51,22,4"/><W124/><G34/><T98/><D118/><U20/><E3/><V72/><F107/><W76/><G124/><T126/><D70/><U19/><E128/><V18/><F119/><W83/><G109/><T112/><D110/><U57/><E114/><V33/><F115/><W2/><G66/><T132/><D112/><U71/><E71/><V116/><F116/><W113/><G113/><T81/><D35/><U9/><E48/><V54/><F68/><W120/><G120/><T131/><D12/><U14/><REACH who="1" step="1"/><E88/><REACH who="1" ten="252,155,317,266" step="2"/><V108/><F108/><W1/><G51/><N who="0" m="28791" /><D131/><U129/><E129/><V123/><F0/><W45/><G2/><T5/><D106/><U62/><E62/><V49/><F49/><W10/><G43/><T37/><D37/><U38/><E38/><V127/><F93/><W27/><G44/><T55/><D104/><U111/><E111/><V17/><F92/><W103/><G103/><T29/><D125/><U59/><E59/><V11/><F127/><W50/><G50/><T121/><D126/><U63/><E63/><V56/><F56/><W31/><REACH who="3" step="1"/><G102/><REACH who="3" ten="252,155,317,256" step="2"/><T130/><D130/><U47/><E47/><V94/><F123/><W133/><G133/><T69/><D134/><U82/><E82/><V13/><F80/><W6/><G6/><AGARI ba="1,2" hai="6,9,14,15,16,19,20,23,24,53,57,61,65,67" machi="6" ten="30,7700,0" yaku="1,1,7,1,8,1,54,1,53,0" doraHai="75" doraHaiUra="30" who="1" fromWho="3" sc="252,0,155,100,317,0,256,-80" /><INIT seed="4,0,0,4,0,133" ten="252,255,317,176" oya="0" hai0="3,21,60,120,90,77,75,20,71,87,6,46,121" hai1="47,51,127,26,111,57,103,118,25,38,10,15,29" hai2="134,8,31,63,12,67,2,113,72,101,52,66,123" hai3="18,16,49,125,112,82,73,100,107,119,54,7,14"/><T45/><D77/><U33/><E111/><V23/><F123/><W110/><G119/><T39/><D75/><U40/><E118/><V114/><F72/><W27/><G110/><T102/><D102/><U24/><E103/><V17/><F134/><W89/><G112/><N who="2" m="43113" /><F101/><W35/><G107/><T92/><D121/><U91/><E127/><V81/><F81/><W55/><G100/><T131/><D131/><U122/><E122/><V83/><F83/><W97/><G125/><T28/><D120/><U94/><E57/><N who="2" m="35239" /><F31/><W95/><G73/><T105/><D105/><U59/><E59/><V124/><F124/><W42/><G82/><T13/><D3/><U11/><E38/><V115/><F115/><W62/><G62/><T116/><D39/><U80/><E80/><V96/><F96/><W44/><G55/><T132/><D132/><U70/><E70/><V5/><AGARI ba="0,0" hai="2,5,8,12,17,23,66,67" m="35239,43113" machi="5" ten="30,2000,0" yaku="15,1,54,1" doraHai="133" who="2" fromWho="2" sc="252,-10,255,-5,317,20,176,-5" /><INIT seed="5,0,0,2,3,102" ten="242,250,337,171" oya="1" hai0="17,36,22,2,108,103,116,97,0,94,21,23,69" hai1="90,60,93,75,1,4,58,115,125,20,38,112,47" hai2="91,14,89,5,109,37,13,128,67,110,16,64,7" hai3="10,53,11,35,74,39,65,51,41,52,80,71,83"/><U24/><E75/><V70/><F37/><W56/><G35/><T3/><D108/><U95/><E125/><V15/><F70/><W76/><G53/><T127/><D127/><U73/><E73/><V104/><F128/><W111/><G83/><T123/><D116/><U86/><E4/><N who="2" m="1611" /><F104/><W132/><G132/><T19/><D123/><U121/><E1/><V40/><F40/><W107/><G107/><T32/><D36/><U126/><E121/><V28/><F28/><W120/><G111/><N who="2" m="42505" /><F16/><W8/><G120/><T18/><D32/><U50/><E38/><V84/><F84/><W88/><G88/><AGARI ba="0,0" hai="13,14,15,64,67,88,89,91" m="42505,1611" machi="88" ten="40,5200,0" yaku="28,2,54,1" doraHai="102" who="2" fromWho="3" sc="242,0,250,0,337,52,171,-52" /><INIT seed="6,0,0,5,1,30" ten="242,250,389,119" oya="2" hai0="28,111,108,46,70,98,4,23,76,61,122,83,127" hai1="38,47,80,109,100,1,63,11,56,5,69,104,99" hai2="51,119,72,54,42,120,102,91,14,73,86,94,41" hai3="135,62,19,21,78,126,32,121,27,112,92,123,45"/><V106/><F120/><W116/><G116/><T35/><D122/><U9/><E109/><V95/><F119/><W74/><G123/><T131/><D35/><U20/><E69/><V68/><F68/><W129/><G121/><T67/><D127/><U24/><E11/><V82/><F106/><W90/><G126/><T16/><D28/><U115/><E115/><V44/><F73/><W113/><G129/><T22/><D22/><U132/><E132/><V17/><F72/><W97/><G135/><T29/><D29/><U0/><E80/><V26/><F26/><W2/><G2/><T89/><D4/><U12/><E47/><V13/><F13/><W65/><G45/><T105/><D131/><U57/><E38/><V85/><F102/><W88/><G90/><T114/><D46/><U128/><E57/><V58/><F85/><W103/><G103/><N who="0" m="62711" /><D89/><U7/><E7/><V18/><F18/><W101/><G101/><T48/><D48/><U40/><E40/><N who="2" m="15467" /><F58/><W110/><G110/><T60/><D114/><N who="3" m="44137" /><G32/><T15/><D61/><U34/><E128/><V6/><F6/><W71/><G74/><N who="0" m="43415" /><D111/><U10/><E34/><V59/><F44/><W96/><G78/><T25/><D25/><U77/><E77/><V8/><AGARI ba="0,0" hai="8,14,17,51,54,59,82,86,91,94,95" m="15467" machi="8" ten="30,1500,0" yaku="8,1" doraHai="30" who="2" fromWho="2" sc="242,-5,250,-5,389,15,119,-5" /><INIT seed="6,1,0,5,3,59" ten="237,245,404,114" oya="2" hai0="1,36,54,42,30,9,113,31,13,98,80,70,77" hai1="57,116,16,17,120,133,66,109,85,12,50,49,90" hai2="19,74,134,5,65,62,108,27,24,128,41,123,105" hai3="82,56,101,29,48,71,121,28,15,131,93,34,51"/><V46/><F74/><W132/><G121/><T20/><D70/><U89/><E109/><V87/><F123/><W122/><G122/><T68/><D68/><U25/><E116/><V58/><F105/><W114/><G132/><T117/><D117/><U100/><E120/><V0/><F134/><W99/><G131/><T115/><D1/><U45/><E133/><V40/><F128/><W83/><G71/><T11/><D98/><U69/><E69/><V22/><F108/><W63/><G114/><N who="0" m="43531" /><D9/><N who="1" m="6159" /><E100/><V112/><F112/><W84/><G15/><T129/><D129/><U107/><E107/><V110/><F110/><W124/><G124/><T61/><D20/><N who="1" m="13455" /><E85/><V92/><F0/><W67/><G82/><T14/><D42/><N who="1" m="24759" /><E50/><V7/><F27/><W47/><G34/><T103/><D103/><U119/><E119/><V127/><F40/><W60/><G60/><AGARI ba="1,0" hai="57,60,66,89,90" m="24759,13455,6159" machi="60" ten="30,3900,0" yaku="8,1,52,1,54,1" doraHai="59" who="1" fromWho="3" sc="237,0,245,42,404,0,114,-42" /><INIT seed="7,0,0,3,4,22" ten="237,287,404,72" oya="3" hai0="1,127,82,87,113,106,31,45,102,63,85,88,129" hai1="46,10,49,32,104,77,65,56,64,53,17,108,95" hai2="25,135,83,9,128,40,133,5,71,107,97,36,21" hai3="84,80,15,68,116,57,114,48,3,103,26,99,13"/><W37/><G3/><T100/><D1/><U30/><E104/><V101/><F71/><W67/><G37/><T47/><D127/><U50/><E108/><V34/><F128/><W81/><G116/><T93/><D129/><U109/><E109/><V7/><F83/><W121/><G121/><T35/><D113/><U20/><E77/><V72/><F72/><W58/><G114/><T14/><D14/><N who="1" m="7383" /><E32/><V120/><F120/><W115/><G115/><T51/><D63/><U59/><E95/><V38/><F7/><W92/><G68/><T75/><D75/><U117/><E117/><V2/><F21/><W86/><G67/><N who="1" m="25674" /><E50/><V131/><F131/><W60/><G60/><T105/><D106/><U76/><E76/><V33/><F33/><W39/><G39/><N who="2" m="14889" /><F40/><W44/><G26/><AGARI ba="0,0" hai="20,26,30,46,49,53,56,59" m="25674,7383" machi="26" ten="30,2000,0" yaku="8,1,52,1" doraHai="22" who="1" fromWho="3" sc="237,0,287,20,404,0,72,-20" owari="237,-16.0,307,11.0,404,50.0,52,-45.0" /></mjloggm>