<mjloggm ver="2.3"><GO type="169"/><UN n0="%E3%81%AA%E3%81%AA%E2%98%86%E3%81%A0%E3%81%BE%EF%BC%A2" n1="%E3%81%9F%E3%82%8B" n2="%E5%A5%88%E8%90%BD%E3%81%AE%E7%8E%8B" n3="%EF%BC%88%E2%89%A7%E2%96%BD%E2%89%A6%EF%BC%89" dan="16,16,17,18" rate="2015,2007,2155,2258" sx="M,M,M,M"/><TAIKYOKU oya="0"/><INIT seed="0,0,0,4,1,117" ten="250,250,250,250" oya="0" hai0="96,111,49,121,128,133,38,64,75,4,31,126,53" hai1="14,41,3,68,99,112,114,57,47,43,107,7,89" hai2="21,40,35,91,15,90,123,98,102,20,93,67,27" hai3="62,2,119,127,74,94,46,100,124,81,52,76,34"/><T69/><D38/><U0/><E14/><V23/><F40/><W5/><G34/><T79/><D4/><U132/><E57/><V118/><F118/><W29/><G29/><T30/><D126/><U11/><E3/><V39/><F39/><W26/><G26/><T84/><D75/><U8/><E8/><V78/><F78/><W70/><G70/><T19/><D128/><U16/><E43/><V83/><F67/><W59/><G119/><T9/><D133/><U110/><E16/><V72/><F72/><W24/><G24/><T80/><D111/><U42/><E42/><V25/><F35/><W120/><G46/><T61/><D121/><U85/><E110/><V55/><F123/><W17/><G17/><T125/><D125/><U86/><E68/><V88/><F83/><W116/><G120/><T71/><D71/><U63/><E63/><V103/><F103/><W58/><G58/><T66/><D66/><U18/><E18/><V108/><F108/><W13/><G2/><T12/><REACH who="0" step="1"/><D96/><REACH who="0" ten="240,250,250,250" step="2"/><U95/><E132/><V32/><F32/><W105/><G116/><T101/><D101/><U115/><REACH who="1" step="1"/><E107/><REACH who="1" ten="240,240,250,250" step="2"/><V6/><REACH who="2" step="1"/><F55/><REACH who="2" ten="240,240,240,250" step="2"/><W37/><G52/><T92/><D92/><U51/><AGARI ba="0,3" hai="0,7,11,41,47,51,85,86,89,95,99,112,114,115" machi="51" ten="30,7900,0" yaku="1,1,2,1,0,1,11,1,53,0" doraHai="117" doraHaiUra="122" who="1" fromWho="1" sc="240,-39,240,109,240,-20,250,-20" /><INIT seed="1,0,0,3,3,97" ten="201,349,220,230" oya="1" hai0="121,13,112,46,92,99,68,87,26,23,101,114,75" hai1="119,47,52,18,111,71,64,1,24,88,124,66,55" hai2="50,104,98,67,80,115,63,113,8,11,0,96,110" hai3="126,35,105,43,49,131,12,127,15,78,83,57,108"/><U10/><E119/><V82/><F50/><W116/><G35/><T21/><D75/><U107/><E107/><V91/><F110/><W2/><G2/><T109/><D68/><U74/><E74/><V9/><F0/><W28/><G28/><T94/><D109/><U51/><E111/><V65/><F104/><W36/><G116/><T5/><D121/><U102/><E124/><V34/><F34/><W29/><G29/><T39/><D39/><U38/><E38/><V100/><F91/><W79/><G79/><T85/><D46/><U6/><E102/><V95/><F98/><W27/><G27/><T54/><D54/><U40/><E71/><N who="2" m="42431" /><F67/><W19/><G105/><T135/><D135/><U44/><E64/><V59/><F59/><W25/><G36/><T123/><D123/><U125/><E66/><V89/><F89/><W62/><G49/><T77/><D94/><U103/><E103/><V56/><F56/><W81/><G57/><T106/><D87/><U33/><E33/><V42/><F42/><W90/><G43/><T132/><D132/><U93/><E44/><V120/><F120/><W31/><G62/><T84/><D114/><AGARI ba="0,0" hai="8,9,11,80,82,95,96,100,113,114,115" m="42431" machi="114" ten="30,2000,0" yaku="11,1,52,1" doraHai="97" who="2" fromWho="0" sc="201,-20,349,0,220,20,230,0" /><INIT seed="2,0,0,2,5,82" ten="181,349,240,230" oya="2" hai0="4,120,43,78,40,106,51,97,12,132,77,92,45" hai1="2,64,79,50,110,68,109,41,19,23,85,131,62" hai2="95,37,119,32,81,86,118,53,122,36,105,29,129" hai3="25,35,27,10,96,59,108,121,114,67,134,55,44"/><V90/><F122/><W98/><G35/><T13/><D106/><U103/><E2/><V54/><F105/><W17/><G114/><T99/><D120/><U130/><E103/><V80/><F32/><W70/><G70/><T88/><D132/><U91/><E79/><V5/><F5/><W89/><G108/><N who="1" m="41578" /><E50/><V66/><F66/><W104/><G67/><T63/><D43/><U61/><E62/><V30/><F95/><W24/><G104/><T38/><D38/><U72/><E41/><V39/><F39/><W7/><G44/><T115/><D115/><U101/><E72/><V71/><F71/><W135/><G17/><T94/><D63/><U102/><E101/><V47/><F47/><W18/><G18/><T124/><D124/><U87/><E102/><V126/><F126/><W0/><G121/><T56/><D56/><U48/><E48/><V76/><F76/><N who="0" m="29290" /><D4/><U31/><E31/><V74/><F74/><W93/><REACH who="3" step="1"/><G98/><REACH who="3" ten="181,349,240,220" step="2"/><T116/><D116/><U65/><E65/><V123/><F123/><W42/><G42/><T14/><D99/><U16/><E19/><V1/><F119/><W127/><G127/><T11/><D97/><U46/><E46/><V107/><F118/><W58/><G58/><T28/><D40/><U125/><E125/><V60/><F107/><W112/><G112/><T84/><D45/><U83/><E87/><V100/><F86/><W8/><G8/><T69/><D11/><U117/><E117/><V9/><F37/><W52/><G52/><N who="2" m="20073" /><F36/><W111/><G111/><T26/><D84/><U57/><E68/><V34/><F9/><RYUUKYOKU ba="0,1" sc="181,-15,349,15,240,-15,220,15" hai1="16,23,57,61,64,83,85,91,130,131" hai3="0,7,10,24,25,27,55,59,89,93,96,134,135" /><INIT seed="3,1,1,5,1,25" ten="166,364,225,235" oya="3" hai0="129,9,78,61,86,42,11,52,13,60,96,89,37" hai1="99,131,44,134,68,130,128,109,81,38,7,8,26" hai2="91,73,127,120,126,103,34,45,102,5,2,50,33" hai3="15,21,58,125,74,119,53,54,12,77,108,124,132"/><W23/><G119/><T90/><D129/><U65/><E134/><V6/><F73/><W4/><G132/><T75/><D75/><U63/><E109/><V3/><F50/><W87/><G74/><T20/><D78/><U46/><E81/><V43/><F43/><W98/><G98/><T39/><D20/><N who="3" m="7753" /><G108/><T117/><D117/><U114/><E114/><V100/><F100/><W84/><G4/><T95/><D11/><U104/><E26/><V118/><F118/><W51/><G77/><T32/><D32/><U82/><E82/><V116/><F116/><W16/><G15/><T85/><D96/><U27/><E27/><V88/><REACH who="2" step="1"/><F45/><REACH who="2" ten="166,364,215,235" step="2"/><N who="3" m="27887" /><G125/><T55/><D42/><N who="1" m="22615" /><E46/><V47/><F47/><W93/><G124/><T72/><D72/><U62/><E130/><V94/><F94/><W105/><G93/><N who="0" m="54447" /><D39/><U59/><E131/><V76/><F76/><W66/><G105/><T113/><D37/><U22/><E104/><V83/><F83/><W10/><G66/><T41/><D41/><U121/><E65/><V14/><F14/><W123/><G123/><AGARI ba="1,2" hai="2,3,5,6,33,34,88,91,102,103,120,123,126,127" machi="123" ten="25,6400,0" yaku="1,1,22,2,54,1,53,0" doraHai="25" doraHaiUra="69" who="2" fromWho="3" sc="166,0,364,0,215,87,235,-67" /><INIT seed="4,0,0,4,1,53" ten="166,364,302,168" oya="0" hai0="45,117,73,96,18,114,42,0,119,123,124,72,92" hai1="100,71,81,128,75,16,95,28,67,31,64,120,118" hai2="79,133,98,91,74,59,3,108,20,65,9,2,58" hai3="63,54,27,12,35,25,134,125,15,50,41,8,131"/><T33/><D123/><U39/><E120/><V55/><F108/><W121/><G35/><T10/><D33/><U48/><E39/><V83/><F133/><W101/><G121/><T49/><D114/><U76/><E118/><V17/><F9/><W57/><G134/><T68/><D68/><U112/><E112/><V40/><F40/><W126/><G101/><T113/><D113/><U66/><E71/><V129/><F129/><W26/><G131/><T135/><D135/><U105/><E105/><V46/><F46/><N who="3" m="25935" /><G8/><T1/><D124/><AGARI ba="0,0" hai="12,15,25,26,27,54,57,63,124,125,126" m="25935" machi="124" ten="30,2000,0" yaku="18,1,52,1" doraHai="53" who="3" fromWho="0" sc="166,-20,364,0,302,0,168,20" /><INIT seed="5,0,0,4,1,23" ten="146,364,302,188" oya="1" hai0="35,86,36,78,15,71,13,31,132,113,114,27,88" hai1="6,29,101,124,45,7,125,104,57,1,43,17,130" hai2="55,91,128,102,110,96,119,24,44,82,76,62,92" hai3="34,19,105,108,39,22,69,98,72,87,12,18,129"/><U52/><E29/><V81/><F110/><W3/><G3/><T50/><D36/><U30/><E1/><V75/><F119/><W135/><G72/><T4/><D71/><U117/><E117/><V80/><F128/><W127/><G39/><T61/><D78/><U122/><E122/><V134/><F134/><W103/><G34/><T131/><D132/><U106/><E30/><V90/><F75/><W65/><G108/><T48/><D131/><U9/><E17/><V59/><F76/><W40/><G40/><T56/><D50/><U100/><E130/><V123/><F123/><W33/><G33/><T51/><D51/><U111/><E111/><V54/><F24/><W115/><G115/><N who="0" m="44043" /><D48/><AGARI ba="0,0" hai="44,48,54,55,59,62,80,81,82,90,91,92,96,102" machi="48" ten="40,1300,0" yaku="8,1" doraHai="23" who="2" fromWho="0" sc="146,-13,364,0,302,13,188,0" /><INIT seed="6,0,0,5,0,31" ten="133,364,315,188" oya="2" hai0="17,6,129,50,106,72,16,9,32,27,15,4,80" hai1="95,25,131,22,114,70,130,85,5,93,62,115,60" hai2="20,124,110,74,134,26,75,81,78,88,13,55,59" hai3="86,135,87,97,108,1,10,83,21,12,39,82,46"/><V18/><F134/><W65/><G108/><T112/><D106/><U45/><E5/><N who="0" m="2153" /><D50/><U113/><E45/><V11/><F110/><W68/><G135/><T47/><D47/><U63/><E70/><V103/><F124/><W107/><G1/><T53/><D53/><U67/><E67/><V64/><F103/><W120/><G120/><T24/><D80/><U48/><E48/><V61/><F88/><N who="3" m="51287" /><G39/><T38/><D38/><U128/><E85/><V117/><F117/><W101/><G68/><T104/><D72/><U91/><E91/><V49/><F75/><W76/><G65/><T37/><D104/><U89/><E89/><V56/><F11/><W100/><G107/><T79/><D79/><U28/><AGARI ba="0,0" hai="22,25,28,60,62,63,93,95,113,114,115,128,130,131" machi="28" ten="50,8000,1" yaku="0,1,29,2,15,1,19,1" doraHai="31" who="1" fromWho="1" sc="133,-20,364,80,315,-40,188,-20" /><INIT seed="7,0,0,2,2,116" ten="113,444,275,168" oya="3" hai0="100,20,95,77,108,40,134,70,119,76,60,83,34" hai1="41,30,88,64,46,81,123,44,115,6,103,82,75" hai2="74,49,94,43,72,62,32,53,5,133,58,52,65" hai3="13,37,117,97,42,126,104,16,15,107,71,31,96"/><W68/><G117/><T19/><D119/><U120/><E103/><V106/><F106/><W56/><G37/><T9/><D108/><U98/><E64/><V66/><F32/><W91/><G42/><T111/><D111/><U27/><E6/><V18/><F133/><W132/><G31/><T59/><D70/><U22/><E75/><V135/><F135/><W36/><G36/><T29/><D134/><U57/><E57/><V45/><F5/><W109/><G126/><T8/><D40/><U28/><E98/><V61/><F94/><W10/><G56/><T51/><D51/><U89/><E41/><V79/><F18/><W93/><G109/><T23/><D34/><U3/><E3/><V2/><F2/><W63/><G132/><T17/><D29/><U90/><E90/><V24/><F24/><W7/><G63/><T50/><D50/><U99/><E27/><V121/><F49/><W78/><G78/><T35/><D35/><U131/><E99/><V54/><F79/><W85/><G104/><T47/><D47/><U130/><E22/><V102/><F45/><W69/><G107/><T55/><D100/><U125/><E125/><V26/><F43/><W105/><G105/><T122/><D95/><U33/><E33/><V129/><F58/><W127/><G127/><T84/><D77/><U118/><E118/><V14/><F62/><W101/><G101/><T11/><REACH who="0" step="1"/><D122/><REACH who="0" ten="103,444,275,168" step="2"/><U73/><E73/><V92/><F121/><W124/><G124/><T114/><D114/><AGARI ba="0,1" hai="28,30,44,46,81,82,88,89,114,115,120,123,130,131" machi="114" ten="25,8000,1" yaku="22,2,52,2,54,1" doraHai="116" who="1" fromWho="0" sc="103,-80,444,90,275,0,168,0" owari="23,-48.0,534,63.0,275,8.0,168,-23.0" /></mjloggm>