<mjloggm ver="2.3"><GO type="169"/><UN n0="%EF%BC%88%E2%89%A7%E2%96%BD%E2%89%A6%EF%BC%89" n1="%E2%99%AA%E3%83%A2%E3%83%8E%E3%82%AF%E3%83%AD" n2="%E8%B6%85%E4%BA%BA%EF%BC%AD" n3="%E3%82%BC%E3%83%B3%E3%83%84%E3%83%83%E3%83%91" dan="18,17,17,16" rate="2244,2148,2141,2105" sx="M,F,M,M"/><TAIKYOKU oya="0"/><INIT seed="0,0,0,2,1,108" ten="250,250,250,250" oya="0" hai0="105,16,128,7,81,130,133,97,19,50,51,129,47" hai1="13,104,37,122,57,8,94,36,70,78,34,4,29" hai2="116,123,88,82,120,95,73,115,106,118,69,44,26" hai3="74,30,45,75,9,99,96,126,53,87,15,3,80"/><T92/><D105/><U65/><E104/><V109/><F69/><W2/><G126/><T66/><D133/><U113/><E122/><N who="2" m="46635" /><F26/><W117/><G117/><N who="2" m="45161" /><F44/><W98/><G30/><T1/><D81/><U39/><E70/><V93/><F106/><W12/><G12/><T121/><D121/><U85/><E29/><V27/><F27/><W42/><G2/><T17/><D66/><U14/><E34/><V35/><F35/><W0/><G3/><T63/><D63/><U100/><E14/><V124/><F124/><W22/><G0/><T71/><D71/><U25/><E25/><V52/><F109/><W89/><G22/><T64/><D64/><U127/><E127/><V134/><F134/><W112/><G42/><T67/><D67/><U103/><E65/><V40/><F40/><W24/><G24/><T91/><REACH who="0" step="1"/><D47/><REACH who="0" ten="240,250,250,250" step="2"/><U135/><E135/><V83/><F115/><W38/><G112/><T101/><D101/><U11/><E113/><V72/><F95/><W90/><G45/><T68/><D68/><U58/><E94/><V119/><F119/><W6/><G80/><N who="2" m="30761" /><F52/><W76/><G53/><T107/><D107/><U102/><E102/><V59/><F59/><W132/><G132/><T20/><D20/><U43/><E58/><V110/><F110/><W86/><G9/><AGARI ba="0,1" hai="1,7,9,16,17,19,50,51,91,92,97,128,129,130" machi="9" ten="50,9600,0" yaku="1,1,19,1,54,1,53,0" doraHai="108" doraHaiUra="54" who="0" fromWho="3" sc="240,106,250,0,250,0,250,-96" /><INIT seed="0,1,0,5,3,24" ten="346,250,250,154" oya="0" hai0="52,2,120,118,60,88,0,132,85,91,31,86,27" hai1="73,94,104,78,107,111,76,134,106,66,29,23,46" hai2="62,110,25,53,115,32,55,28,33,77,21,36,105" hai3="12,90,65,113,9,26,74,49,70,5,63,83,129"/><T3/><D120/><U34/><E34/><V95/><F105/><W101/><G129/><T16/><D118/><U18/><E73/><V10/><F115/><W103/><G113/><T75/><D75/><U114/><E114/><V56/><F77/><W8/><G74/><T44/><D132/><U92/><E66/><V19/><F36/><W133/><G133/><T13/><D86/><U47/><E134/><V59/><F110/><W64/><G64/><T87/><D87/><U98/><E111/><V99/><F10/><W1/><G83/><T20/><D85/><U79/><E29/><V97/><F97/><W123/><G90/><T67/><D44/><U100/><REACH who="1" step="1"/><E94/><REACH who="1" ten="346,240,250,154" step="2"/><V68/><F68/><W81/><G123/><T43/><D43/><U30/><E30/><V45/><F28/><W96/><G81/><T125/><D125/><U58/><E58/><V4/><F45/><W126/><G126/><T89/><D52/><U17/><E17/><V117/><F4/><W93/><G5/><T135/><D135/><U11/><E11/><V109/><F109/><W15/><G8/><T42/><D42/><U41/><E41/><V102/><REACH who="2" step="1"/><F117/><REACH who="2" ten="346,240,240,154" step="2"/><W7/><G7/><T130/><D130/><U128/><E128/><V54/><F54/><W48/><G9/><T108/><D108/><U35/><E35/><V84/><F84/><W119/><G119/><T131/><D131/><U72/><E72/><V82/><F82/><W124/><G124/><T116/><D116/><U122/><E122/><V22/><F22/><W39/><G65/><T51/><D67/><U61/><E61/><AGARI ba="1,2" hai="19,21,25,32,33,53,55,56,59,61,62,95,99,102" machi="61" ten="30,7700,0" yaku="1,1,6,1,7,1,9,1,53,0" doraHai="24" doraHaiUra="71" who="2" fromWho="1" sc="346,0,240,-80,240,100,154,0" /><INIT seed="1,0,0,0,0,50" ten="346,160,340,154" oya="1" hai0="135,111,112,124,132,55,34,33,120,14,101,48,91" hai1="116,66,29,78,87,36,27,67,21,46,59,128,3" hai2="121,71,60,16,63,64,4,117,122,94,11,24,8" hai3="130,107,93,81,77,35,76,26,39,86,51,17,90"/><U105/><E116/><V79/><F117/><W106/><G39/><T69/><D112/><U45/><E105/><V74/><F79/><W53/><G130/><T0/><D0/><U9/><E128/><V115/><F74/><W98/><G77/><T129/><D69/><U37/><E37/><V40/><F40/><W96/><G96/><T113/><D113/><U58/><E3/><V42/><F42/><W30/><REACH who="3" step="1"/><G17/><REACH who="3" ten="346,160,340,144" step="2"/><T103/><D129/><U43/><E78/><V123/><F115/><W19/><G19/><T100/><D132/><U52/><E87/><V131/><F131/><W47/><AGARI ba="0,1" hai="26,30,35,47,51,53,76,81,86,90,93,98,106,107" machi="47" ten="20,5200,0" yaku="1,1,0,1,7,1,52,1,53,0" doraHai="50" doraHaiUra="10" who="3" fromWho="3" sc="346,-13,160,-26,340,-13,144,62" /><INIT seed="2,0,0,3,3,134" ten="333,134,327,206" oya="2" hai0="55,61,106,24,101,2,33,130,4,8,97,57,47" hai1="52,113,49,89,83,7,93,120,66,73,1,50,0" hai2="112,62,35,6,104,54,39,87,67,118,59,46,15" hai3="124,96,65,75,10,80,9,78,116,108,128,92,129"/><V72/><F72/><W76/><G116/><T56/><D130/><N who="3" m="50281" /><G108/><T30/><D57/><U14/><E113/><V42/><F112/><W115/><G115/><T109/><D47/><U60/><E120/><V34/><F104/><W13/><G76/><T102/><REACH who="0" step="1"/><D101/><REACH who="0" ten="323,134,327,206" step="2"/><U19/><E66/><V117/><F118/><W22/><G65/><T90/><D90/><U77/><E60/><V91/><F117/><W107/><G107/><T123/><D123/><U18/><E49/><V133/><F133/><W105/><G105/><T3/><D3/><U86/><E1/><V37/><F67/><W41/><G41/><T23/><D23/><U16/><E0/><V119/><F119/><W71/><G71/><T121/><D121/><U29/><E29/><V21/><F39/><W36/><G36/><T28/><D28/><U53/><REACH who="1" step="1"/><E50/><REACH who="1" ten="323,124,327,206" step="2"/><V51/><F37/><W20/><G20/><T95/><D95/><U68/><E68/><V25/><F21/><W45/><G22/><T131/><D131/><U82/><E82/><V132/><F132/><W98/><G92/><T125/><D125/><U38/><E38/><V44/><F34/><W17/><G124/><T40/><D40/><U48/><E48/><V43/><F35/><W100/><G45/><N who="2" m="17513" /><F51/><W32/><G32/><T5/><D5/><U74/><E74/><V99/><F43/><W79/><G75/><T127/><D127/><U122/><E122/><V126/><F42/><W135/><G80/><T111/><AGARI ba="0,2" hai="2,4,8,24,30,33,55,56,61,97,102,106,109,111" machi="111" ten="30,2000,0" yaku="1,1,0,1,53,0" doraHai="134" doraHaiUra="69" who="0" fromWho="0" sc="323,40,124,-5,327,-10,206,-5" /><INIT seed="3,0,0,3,1,100" ten="363,119,317,201" oya="3" hai0="52,46,122,105,115,77,97,63,134,62,106,20,116" hai1="85,79,72,80,2,60,9,120,84,21,92,30,34" hai2="56,69,110,86,16,15,33,58,107,47,19,37,12" hai3="75,41,59,78,119,89,11,25,43,83,74,104,71"/><W131/><G119/><T73/><D116/><U54/><E120/><V95/><F69/><W124/><G71/><T112/><D122/><U132/><E34/><V70/><F33/><W22/><G104/><N who="0" m="40043" /><D97/><U117/><E117/><V32/><F32/><W114/><G114/><N who="0" m="43563" /><D134/><U109/><E132/><V93/><F70/><W13/><G131/><T90/><D90/><U65/><E109/><V113/><F107/><W108/><G108/><T17/><D46/><U76/><E92/><N who="2" m="35403" /><F37/><W42/><G124/><T18/><D52/><U68/><E54/><V14/><F110/><W35/><G89/><T99/><D99/><U133/><E133/><V36/><F36/><W96/><G96/><T67/><D67/><U81/><E65/><V121/><F121/><W111/><G111/><T94/><D94/><U26/><E60/><N who="0" m="23081" /><D20/><U130/><E130/><V88/><F47/><W40/><G35/><T135/><D135/><U31/><E68/><V87/><F88/><W51/><G59/><N who="2" m="22569" /><F113/><W50/><N who="3" m="10240" /><DORA hai="125" /><W24/><G22/><T61/><D61/><U98/><E98/><V5/><F5/><W6/><REACH who="3" step="1"/><G74/><REACH who="3" ten="363,119,317,191" step="2"/><T10/><D10/><U49/><E72/><V126/><F126/><W118/><G118/><T44/><D44/><U102/><E21/><V4/><F4/><W101/><G101/><T23/><D23/><U66/><E102/><V82/><F82/><AGARI ba="0,1" hai="17,18,73,77,82" m="23081,43563,40043" machi="82" ten="40,8000,1" yaku="11,1,52,3" doraHai="100,125" who="0" fromWho="2" sc="363,90,119,0,317,-80,191,0" /><INIT seed="4,0,0,3,5,83" ten="453,119,237,191" oya="0" hai0="100,5,55,23,45,125,111,114,133,17,36,43,26" hai1="58,115,56,90,40,89,108,37,84,24,4,60,0" hai2="50,128,64,30,81,20,75,18,103,77,94,28,129" hai3="32,80,97,1,72,67,71,78,35,51,25,99,119"/><T85/><D114/><U48/><E108/><V102/><F64/><W86/><G119/><T82/><D111/><U127/><E37/><V6/><F6/><W39/><G39/><T63/><D125/><U73/><E73/><V61/><F61/><W3/><G72/><T15/><D100/><N who="2" m="38442" /><F50/><W76/><G76/><T33/><D133/><U62/><E127/><V91/><F18/><W130/><G130/><N who="2" m="50281" /><F20/><W113/><G113/><T14/><D5/><U38/><E38/><V117/><F117/><W57/><G71/><T44/><D33/><U59/><E115/><V53/><F53/><W134/><G134/><T54/><D45/><N who="1" m="25639" /><E0/><V11/><F11/><W16/><G35/><T126/><D126/><U49/><E4/><V13/><F13/><W87/><G1/><T68/><D68/><U131/><E131/><V107/><F107/><W112/><G3/><T47/><D47/><U46/><E24/><V52/><F52/><N who="3" m="31903" /><G32/><T116/><D116/><U7/><E7/><V132/><F132/><W31/><G112/><T9/><D63/><N who="1" m="24107" /><E49/><V121/><F121/><W2/><G2/><T92/><D36/><U22/><E46/><V79/><F79/><N who="3" m="46367" /><G67/><T29/><D55/><U135/><E135/><V93/><F93/><W88/><G78/><T8/><D54/><U66/><E66/><V65/><F65/><W124/><G31/><T21/><D29/><U104/><E104/><V105/><F105/><W123/><G124/><T106/><D106/><U96/><E22/><V95/><F95/><N who="3" m="54687" /><G123/><T27/><D44/><U12/><E58/><V120/><F120/><W42/><G42/><RYUUKYOKU ba="0,0" sc="453,-15,119,-15,237,15,191,15" hai2="28,30,75,77,81,91,94" hai3="16,25,97,99" /><INIT seed="5,1,0,3,4,69" ten="438,104,252,206" oya="1" hai0="97,103,40,61,94,7,93,62,64,122,84,98,132" hai1="9,50,21,26,125,32,63,89,36,27,105,38,35" hai2="83,67,120,6,57,86,20,104,56,3,43,18,66" hai3="24,71,91,92,111,29,108,72,46,129,15,13,80"/><U127/><E105/><V88/><F104/><W47/><G71/><T19/><D132/><U39/><E50/><V95/><F120/><W5/><G129/><T16/><D122/><U12/><E89/><V135/><F135/><W45/><G5/><T25/><D7/><U0/><E0/><V23/><F23/><W116/><G116/><T58/><D40/><U44/><E44/><V110/><F110/><W2/><G2/><T99/><D84/><U8/><E63/><V11/><F43/><W37/><G37/><T30/><D62/><U4/><E9/><V87/><F67/><W100/><G100/><N who="0" m="60463" /><D98/><U76/><E76/><V70/><F66/><W53/><G53/><T102/><D102/><U65/><E65/><V51/><F51/><W14/><G80/><T131/><D131/><U41/><E41/><V90/><REACH who="2" step="1"/><F70/><REACH who="2" ten="438,104,242,206" step="2"/><W60/><G60/><T73/><D61/><U34/><REACH who="1" step="1"/><E27/><AGARI ba="1,1" hai="3,6,11,18,20,27,56,57,83,86,87,88,90,95" machi="27" ten="30,7700,0" yaku="1,1,2,1,7,1,54,1,53,0" doraHai="69" doraHaiUra="114" who="2" fromWho="1" sc="438,0,104,-80,242,90,206,0" /><INIT seed="6,0,0,5,0,5" ten="438,24,332,206" oya="2" hai0="7,68,104,109,19,86,20,134,85,108,80,120,93" hai1="58,89,122,99,23,96,130,105,77,127,131,116,123" hai2="71,129,114,32,106,49,82,10,102,36,53,98,63" hai3="115,24,72,3,54,29,56,121,35,40,34,100,73"/><V62/><F36/><W125/><G121/><N who="1" m="46090" /><E58/><V66/><F32/><W91/><G125/><T30/><D104/><U57/><E57/><V97/><F63/><W37/><G115/><T101/><D68/><U22/><E23/><V90/><F129/><N who="1" m="49161" /><E22/><V15/><F114/><W4/><G100/><T75/><D101/><N who="1" m="62631" /><E116/><V45/><F102/><W70/><G70/><T18/><D20/><U113/><E113/><V9/><F106/><W51/><G35/><T16/><D30/><U135/><E135/><V46/><F46/><W21/><G34/><T79/><D134/><U126/><E77/><V28/><F28/><W132/><G132/><T17/><D120/><U47/><E47/><V118/><F10/><W67/><G67/><T12/><D7/><U52/><E52/><V64/><F118/><W87/><G40/><T92/><D17/><U84/><E99/><V60/><F60/><W39/><G39/><T31/><D12/><U50/><E50/><V133/><F66/><W8/><REACH who="3" step="1"/><G37/><REACH who="3" ten="438,24,332,196" step="2"/><T83/><D109/><U26/><E26/><V78/><F133/><W128/><G128/><T48/><D108/><U95/><AGARI ba="0,1" hai="84,89,95,126,127" m="62631,49161,46090" machi="95" ten="40,8000,1" yaku="13,1,19,1,34,2" doraHai="5" who="1" fromWho="1" sc="438,-20,24,90,332,-40,196,-20" /><INIT seed="7,0,0,2,3,127" ten="418,114,292,176" oya="3" hai0="77,102,62,57,134,65,68,44,74,21,40,66,1" hai1="110,50,36,8,33,7,73,120,133,70,78,3,117" hai2="5,107,24,4,104,35,83,0,52,63,25,38,114" hai3="125,123,82,75,26,88,71,99,94,95,131,128,105"/><W23/><G71/><T112/><D1/><U79/><RYUUKYOKU type="yao9" ba="0,0" sc="418,0,114,0,292,0,176,0" hai1="3,7,8,33,36,50,70,73,78,79,110,117,120,133" /><INIT seed="7,1,0,0,0,7" ten="418,114,292,176" oya="3" hai0="121,3,119,111,98,97,25,109,48,114,102,15,58" hai1="75,112,11,132,41,127,106,54,9,63,14,50,0" hai2="42,46,131,101,49,92,128,86,120,57,13,134,38" hai3="24,80,87,88,135,115,123,17,60,10,76,72,12"/><W23/><G115/><T2/><D119/><U126/><E75/><V44/><F134/><W116/><G135/><T133/><D121/><U36/><E132/><V89/><F120/><W82/><G123/><T85/><D133/><U37/><E106/><V107/><F57/><W108/><G108/><T43/><D2/><U83/><E112/><V113/><F113/><W31/><REACH who="3" step="1"/><G60/><REACH who="3" ten="418,114,292,166" step="2"/><T6/><D114/><U81/><E63/><V99/><REACH who="2" step="1"/><F13/><REACH who="2" ten="418,114,282,166" step="2"/><W71/><G71/><T78/><D15/><U93/><E14/><V70/><F70/><W90/><G90/><T65/><D109/><U34/><E0/><V84/><F84/><W21/><G21/><T4/><D85/><U124/><E34/><V22/><F22/><W56/><G56/><T61/><D3/><U32/><E32/><V64/><F64/><W68/><G68/><T62/><D65/><U122/><E122/><V33/><F33/><W74/><G74/><T79/><D58/><U125/><N who="1" m="31744" /><DORA hai="53" /><U73/><E73/><V105/><F105/><W69/><G69/><T129/><D111/><U117/><E117/><AGARI ba="1,2" hai="10,12,17,23,24,31,72,76,80,82,87,88,116,117" machi="117" ten="40,18000,2" yaku="1,1,52,1,54,1,53,3" doraHai="7,53" doraHaiUra="8,77" who="3" fromWho="1" sc="418,0,114,-183,282,0,166,203" owari="418,52.0,-69,-57.0,282,-12.0,369,17.0" /></mjloggm>