<mjloggm ver="2.3"><GO type="41"/><UN n0="%E5%A4%AA%E9%99%BD%E3%81%AE%E7%94%B3%E3%81%97%E5%AD%90" n1="%E3%82%A6%E3%83%AB%E3%83%88%E3%83%A9%E7%AB%8B%E7%9B%B4" n2="%E3%83%A4%E3%83%A4%E3%83%A4" n3="%31%30%30%32%31%30%30" dan="14,15,14,15" rate="1942,1982,1974,1997" sx="M,M,M,M"/><TAIKYOKU oya="0"/><INIT seed="0,0,0,4,5,46" ten="250,250,250,250" oya="0" hai0="55,109,96,115,113,108,135,85,98,88,51,67,6" hai1="112,34,95,103,83,3,89,36,39,60,35,28,1" hai2="110,78,29,133,61,14,27,45,20,33,38,31,68" hai3="25,77,131,47,71,92,120,111,100,4,64,43,26"/><T16/><D6/><U90/><E83/><V132/><F78/><W86/><G120/><T37/><D67/><U57/><E103/><V2/><F2/><W94/><G131/><T75/><D37/><U65/><E112/><V130/><F110/><N who="0" m="42602" /><D75/><U66/><E28/><V44/><F130/><W50/><G111/><T82/><D135/><N who="2" m="51786" /><F38/><W49/><G71/><T7/><D7/><U12/><E12/><V125/><F125/><W72/><G72/><T8/><D98/><U121/><E60/><V84/><F84/><W116/><G116/><T40/><D40/><U19/><E57/><V81/><F81/><N who="3" m="47407" /><G64/><T80/><D80/><U53/><E53/><V129/><F129/><W104/><G104/><T124/><D96/><U69/><E95/><N who="3" m="36394" /><G100/><T48/><D124/><U5/><E69/><V15/><F15/><W76/><G76/><T74/><D74/><U54/><E66/><N who="2" m="41039" /><F31/><W21/><G4/><T127/><D127/><U93/><E5/><V70/><F70/><W9/><G9/><T63/><D63/><U62/><E62/><V105/><F105/><W97/><G97/><T41/><D41/><U0/><E39/><V101/><F101/><W52/><G21/><T24/><D55/><U30/><E36/><V42/><F42/><W18/><G18/><AGARI ba="0,0" hai="14,18,20,27,29,33,44,45" m="41039,51786" machi="18" ten="30,1000,0" yaku="20,1" doraHai="46" who="2" fromWho="3" sc="250,0,250,0,250,10,250,-10" /><INIT seed="1,0,0,3,3,7" ten="250,250,260,240" oya="1" hai0="15,53,51,107,104,126,24,118,38,73,132,83,25" hai1="23,92,28,117,37,61,120,103,49,48,18,101,71" hai2="42,113,55,112,2,75,57,60,114,128,54,29,3" hai3="95,11,122,62,12,5,74,32,121,14,40,89,66"/><U108/><E37/><V59/><F75/><W33/><G74/><T34/><D38/><U110/><E120/><V119/><F119/><W43/><G122/><T26/><D118/><U9/><E117/><V80/><F128/><W100/><G121/><T97/><D34/><U31/><E61/><V111/><F42/><W4/><G100/><T44/><D132/><U106/><E71/><V19/><F29/><W130/><G130/><T69/><D69/><U99/><E92/><V67/><F67/><W6/><G33/><T50/><D126/><U65/><E65/><V72/><F111/><N who="1" m="42537" /><E103/><V85/><F72/><W22/><G32/><T133/><D133/><U93/><E93/><V27/><F19/><W56/><G22/><T10/><D97/><U47/><E23/><V105/><F27/><W0/><G0/><T52/><D83/><U46/><E46/><V123/><F105/><W98/><G5/><T127/><D73/><U116/><E116/><V78/><REACH who="2" step="1"/><F123/><REACH who="2" ten="250,250,250,240" step="2"/><W76/><G76/><T41/><D127/><U8/><E18/><V21/><F21/><W96/><G96/><T84/><D41/><N who="1" m="24687" /><E28/><V30/><F30/><W129/><G129/><T77/><D107/><U125/><E31/><V64/><F64/><W39/><G39/><T87/><D104/><U91/><E125/><V58/><F58/><W79/><G79/><T134/><D77/><U45/><E91/><V94/><F94/><W63/><G43/><AGARI ba="0,1" hai="8,9,43,45,49,99,101,106" m="24687,42537" machi="43" ten="30,11600,0" yaku="14,1,10,1,52,2" doraHai="7" who="1" fromWho="3" sc="250,0,250,126,250,0,240,-116" /><INIT seed="1,1,0,3,3,134" ten="250,376,250,124" oya="1" hai0="71,24,6,37,58,26,64,67,123,15,65,115,116" hai1="43,14,110,132,97,2,92,19,3,135,62,118,111" hai2="59,126,35,80,39,107,55,10,119,76,93,60,61" hai3="77,69,8,113,84,102,5,50,27,72,99,25,11"/><U114/><E43/><V41/><F107/><W96/><G69/><T44/><D71/><U30/><E62/><V129/><F35/><W53/><G113/><T78/><D115/><U20/><E114/><V82/><F119/><W122/><G122/><T128/><D116/><U46/><E46/><V81/><F129/><W79/><G72/><T103/><D78/><U12/><E118/><V127/><F76/><W131/><G131/><T36/><D103/><U4/><E92/><V133/><F133/><N who="1" m="51273" /><E97/><V9/><F39/><W47/><G11/><T56/><D44/><U108/><E30/><V85/><F41/><W120/><G120/><T42/><D42/><U1/><E12/><V51/><F9/><AGARI ba="1,0" hai="1,2,3,4,9,14,19,20,108,110,111" m="51273" machi="9" ten="40,12000,1" yaku="14,1,10,1,20,1,34,2" doraHai="134" who="1" fromWho="2" sc="250,0,376,123,250,-123,124,0" /><INIT seed="1,2,0,1,2,27" ten="250,499,127,124" oya="1" hai0="36,35,54,88,40,126,105,34,52,19,72,83,95" hai1="121,120,29,33,57,98,67,3,21,85,63,20,69" hai2="93,6,18,8,133,44,103,64,62,15,127,117,79" hai3="82,42,45,118,90,104,78,11,119,122,109,99,32"/><U55/><E3/><V91/><F117/><N who="3" m="44555" /><G122/><T89/><D105/><U60/><E21/><V134/><F127/><W84/><G32/><T22/><D126/><U2/><E2/><V13/><F103/><N who="3" m="62591" /><G11/><T77/><D89/><U68/><E20/><V39/><F79/><W56/><G109/><T116/><D116/><U131/><E69/><V81/><F81/><W53/><G45/><T71/><D71/><U106/><E85/><V100/><F100/><W86/><G42/><T102/><D102/><N who="1" m="62807" /><E131/><V24/><F24/><AGARI ba="2,0" hai="24,29,33,55,57,60,63,67,68,120,121" m="62807" machi="24" ten="30,2900,0" yaku="25,1,52,1" doraHai="27" who="1" fromWho="2" sc="250,0,499,35,127,-35,124,0" /><INIT seed="1,3,0,4,4,27" ten="250,534,92,124" oya="1" hai0="108,119,75,134,76,87,6,106,51,12,124,13,24" hai1="26,8,113,49,52,86,129,118,132,83,69,85,112" hai2="43,94,72,34,41,31,64,98,70,103,80,54,42" hai3="125,18,90,111,131,14,25,81,77,102,36,74,38"/><U11/><E69/><V95/><F72/><W100/><G131/><T82/><D106/><U28/><E118/><V130/><F130/><W68/><G68/><T104/><D119/><U23/><E129/><V105/><F80/><W2/><G2/><T66/><D104/><U35/><E35/><V44/><F54/><W88/><G125/><T53/><D66/><U99/><E99/><V92/><F44/><W109/><G25/><T50/><D124/><U48/><E48/><V71/><REACH who="2" step="1"/><F64/><REACH who="2" ten="250,534,82,124" step="2"/><W30/><G74/><T123/><D82/><U126/><E126/><V33/><F33/><W107/><G81/><T45/><D53/><U93/><E113/><V15/><F15/><W58/><G14/><T73/><D24/><AGARI ba="3,1" hai="24,31,34,41,42,43,70,71,92,94,95,98,103,105" machi="24" ten="40,5200,0" yaku="1,1,52,1,53,1" doraHai="27" doraHaiUra="29" who="2" fromWho="0" sc="250,-61,534,0,82,71,124,0" /><INIT seed="2,0,0,4,5,26" ten="189,534,153,124" oya="2" hai0="30,102,110,60,88,76,57,47,15,107,66,79,104" hai1="63,74,43,94,1,33,108,56,40,82,122,130,109" hai2="118,100,99,10,87,126,52,32,128,129,11,51,117" hai3="34,48,119,61,92,131,95,111,49,62,36,120,115"/><V81/><F32/><W71/><G120/><T24/><D110/><U69/><E1/><V73/><F73/><W114/><G119/><T5/><D47/><U25/><E69/><V98/><F11/><W4/><G111/><T132/><D132/><U59/><E82/><V18/><F10/><W96/><G36/><T54/><D15/><U19/><E74/><V75/><F18/><W125/><G34/><T27/><D27/><U39/><E94/><V37/><F37/><W127/><G4/><T16/><D16/><U133/><E25/><V7/><F7/><W86/><G86/><T135/><D5/><U38/><E33/><V23/><F23/><W97/><REACH who="3" step="1"/><G71/><REACH who="3" ten="189,534,153,114" step="2"/><T45/><D135/><U46/><E122/><V90/><F75/><W50/><G50/><T53/><D107/><U105/><E105/><V101/><F126/><W14/><G14/><T21/><D104/><U13/><E13/><V8/><F8/><W80/><G80/><T112/><D112/><U44/><E133/><V116/><F51/><W20/><G20/><T85/><D102/><N who="2" m="39530" /><F52/><W29/><G29/><T31/><D30/><U124/><E19/><V123/><F123/><W72/><G72/><T103/><D103/><U17/><E17/><V106/><F106/><W12/><G12/><T93/><D54/><U9/><E9/><V134/><F134/><W0/><G0/><T22/><D21/><U70/><E70/><V67/><F67/><W58/><G58/><T83/><D83/><U6/><E6/><V91/><F91/><W64/><G64/><T78/><D53/><U42/><E109/><RYUUKYOKU ba="0,1" sc="189,10,534,-30,153,10,114,10" hai0="22,24,31,45,57,60,66,76,78,79,85,88,93" hai2="81,87,90,98,99,116,117,118,128,129" hai3="48,49,61,62,92,95,96,97,114,115,125,127,131" /><INIT seed="2,1,1,1,1,60" ten="199,504,163,124" oya="2" hai0="28,128,101,121,23,135,115,36,3,35,75,30,56" hai1="77,74,134,29,89,38,13,52,2,22,31,32,59" hai2="84,67,9,50,118,17,39,110,116,123,68,111,24" hai3="54,131,1,87,70,25,64,81,11,8,100,5,114"/><V95/><F39/><W61/><G114/><T18/><D56/><U48/><E2/><V92/><F123/><W15/><G131/><T80/><D101/><U21/><E32/><V93/><F84/><W82/><G100/><T90/><D90/><U105/><E105/><V27/><F9/><W37/><G37/><T120/><D80/><U127/><E38/><V58/><F68/><W43/><G43/><T14/><D36/><U42/><E77/><V85/><F85/><W122/><G122/><T132/><D75/><U16/><E74/><V104/><F104/><W78/><G54/><T49/><D49/><U79/><E79/><V6/><F6/><W99/><G99/><T53/><D53/><U130/><E42/><V107/><F107/><W94/><G25/><N who="2" m="9801" /><F50/><W10/><G94/><T45/><D45/><U108/><E89/><V76/><F17/><W119/><G119/><T57/><D57/><U88/><E88/><V65/><F58/><W73/><REACH who="3" step="1"/><G1/><REACH who="3" ten="199,504,163,114" step="2"/><T55/><D55/><U96/><E52/><V62/><F62/><W63/><G63/><T109/><D3/><U20/><E48/><V113/><F113/><W124/><G124/><T12/><D115/><U7/><E127/><V19/><F19/><W117/><G117/><N who="2" m="45161" /><F76/><AGARI ba="1,2" hai="5,8,10,11,15,61,64,70,73,76,78,81,82,87" machi="76" ten="30,3900,0" yaku="1,1,7,1,52,1,53,0" doraHai="60" doraHaiUra="103" who="3" fromWho="2" sc="199,0,504,0,163,-42,114,62" /><INIT seed="3,0,0,5,2,47" ten="199,504,121,176" oya="3" hai0="62,121,4,131,72,41,22,45,126,39,6,86,129" hai1="20,56,29,64,88,61,116,76,32,48,124,24,59" hai2="106,75,44,36,67,77,70,118,52,49,46,33,127" hai3="16,96,5,114,17,34,100,123,10,78,133,31,58"/><W28/><G123/><T90/><D72/><U83/><E116/><V119/><F106/><W26/><G114/><T97/><D121/><U60/><E88/><V112/><F75/><W25/><G78/><T73/><D73/><U9/><E9/><V115/><F77/><W104/><G133/><T42/><D42/><U80/><E124/><V84/><F84/><W132/><G132/><T95/><D126/><U130/><E130/><N who="0" m="49673" /><D62/><U89/><E76/><V43/><F33/><W8/><G58/><T101/><D22/><U65/><E32/><V79/><F79/><W21/><REACH who="3" step="1"/><G10/><REACH who="3" ten="199,504,121,166" step="2"/><T105/><AGARI ba="0,1" hai="4,6,39,41,45,86,90,95,97,101,105" m="49673" machi="105" ten="30,1100,0" yaku="19,1" doraHai="47" who="0" fromWho="0" sc="199,21,504,-3,121,-3,166,-5" /><INIT seed="4,0,0,5,5,44" ten="220,501,118,161" oya="0" hai0="6,60,3,53,85,45,78,97,58,80,102,56,50" hai1="86,81,68,99,113,112,110,115,5,114,8,13,66" hai2="59,43,63,125,108,132,65,117,15,104,0,89,41" hai3="87,25,90,54,51,39,22,47,71,46,24,49,95"/><T75/><D75/><U17/><E110/><V79/><F104/><W122/><G122/><T128/><D128/><U23/><E112/><V36/><F0/><W96/><G71/><T73/><D73/><U19/><E99/><V61/><F79/><W26/><G39/><T123/><D123/><U119/><E119/><V84/><F117/><W116/><G116/><T94/><D3/><U107/><E107/><V126/><F108/><W31/><G96/><T20/><D6/><U52/><E66/><V118/><F118/><W129/><G129/><T103/><D102/><U4/><E68/><V120/><F120/><W106/><G106/><T18/><REACH who="0" step="1"/><D60/><REACH who="0" ten="210,501,118,161" step="2"/><U21/><E5/><V70/><F132/><W64/><G64/><T111/><D111/><U29/><E4/><V1/><F1/><W38/><G38/><T101/><D101/><U40/><E113/><V35/><F35/><W67/><G67/><T32/><D32/><U33/><E33/><V76/><F125/><W37/><G37/><T34/><D34/><U82/><E114/><V28/><F126/><W83/><G83/><T2/><D2/><U69/><E82/><V10/><F36/><W100/><G100/><T62/><D62/><U131/><E81/><V133/><F63/><W27/><G54/><T55/><D55/><U127/><E52/><V135/><F61/><W30/><G30/><T42/><D42/><U12/><E40/><V105/><F65/><W14/><G14/><AGARI ba="0,1" hai="14,18,20,45,50,53,56,58,78,80,85,94,97,103" machi="14" ten="30,12000,1" yaku="1,1,7,1,8,1,52,1,53,1" doraHai="44" doraHaiUra="16" who="0" fromWho="3" sc="210,130,501,0,118,0,161,-120" /><INIT seed="4,1,0,2,1,110" ten="340,501,118,41" oya="0" hai0="115,57,133,82,79,95,102,48,97,131,67,52,45" hai1="71,25,119,47,69,55,26,13,99,87,66,5,90" hai2="32,122,65,51,72,124,22,85,6,8,101,2,19" hai3="109,88,76,78,132,106,35,86,96,83,94,100,113"/><T128/><D133/><U38/><E69/><V62/><F72/><W126/><G35/><T93/><D115/><U89/><E66/><V31/><F122/><W54/><G54/><T42/><D67/><U21/><E71/><V98/><F85/><W81/><G109/><T11/><D11/><U121/><E119/><V1/><F51/><W130/><G132/><T73/><REACH who="0" step="1"/><D95/><REACH who="0" ten="330,501,118,41" step="2"/><U27/><E121/><V120/><F120/><W16/><G16/><T58/><D58/><U50/><E5/><V70/><F124/><W4/><G4/><T49/><AGARI ba="1,1" hai="42,45,48,49,52,57,73,79,82,93,97,102,128,131" machi="49" ten="30,12000,1" yaku="1,1,0,1,54,1,53,2" doraHai="110" doraHaiUra="125" who="0" fromWho="0" sc="330,133,501,-41,118,-41,41,-41" /><INIT seed="4,2,0,0,4,100" ten="463,460,77,0" oya="0" hai0="102,135,82,71,103,20,67,120,110,98,73,29,15" hai1="83,90,108,104,58,94,74,79,55,72,34,53,0" hai2="130,85,36,84,111,31,48,5,131,64,76,45,112" hai3="128,77,22,109,35,3,41,33,1,126,54,18,118"/><T12/><D120/><U7/><E34/><V39/><F111/><W50/><G41/><T101/><D110/><U106/><E108/><V129/><F112/><W116/><G109/><T75/><D135/><U115/><E72/><V38/><F64/><W24/><G77/><T46/><D46/><U17/><E115/><V25/><F5/><W70/><G70/><T37/><D37/><U43/><E43/><N who="2" m="24639" /><F76/><W133/><G50/><T61/><D98/><U56/><E7/><V96/><F96/><W81/><G81/><T125/><D125/><U51/><E0/><N who="3" m="74" /><G54/><T4/><D82/><U2/><E2/><V30/><F30/><W117/><G126/><T66/><D67/><U93/><E17/><V132/><F132/><W23/><G133/><T27/><D4/><U114/><E114/><V121/><F121/><W122/><G122/><T134/><D134/><U10/><E10/><V16/><F16/><N who="3" m="12359" /><G128/><T99/><D99/><U78/><E78/><V21/><AGARI ba="2,0" hai="21,25,31,36,38,39,84,85,129,130,131" m="24639" machi="21" ten="40,1500,0" yaku="19,1" doraHai="100" who="2" fromWho="2" sc="463,-9,460,-6,77,21,0,-6" owari="454,56.0,454,25.0,98,-30.0,-6,-51.0" /></mjloggm>