<mjloggm ver="2.3"><GO type="41"/><UN n0="%62%6A%6F%72%6B%3F" n1="%62%6C%75%65%2D%67" n2="%EF%BC%88%E2%89%A7%E2%96%BD%E2%89%A6%EF%BC%89" n3="%E5%AD%90%E7%AB%9C%EF%BC%90%EF%BC%93%EF%BC%90%EF%BC%98" dan="13,13,15,14" rate="1974,1808,2076,1975" sx="F,M,M,M"/><TAIKYOKU oya="0"/><INIT seed="0,0,0,0,4,41" ten="250,250,250,250" oya="0" hai0="4,37,118,38,91,132,42,77,13,112,86,46,75" hai1="108,83,63,93,70,115,97,107,39,109,84,122,94" hai2="16,103,101,45,33,2,95,121,126,8,1,90,9" hai3="104,36,40,111,87,134,3,28,67,69,55,49,27"/><T113/><D118/><U116/><E39/><V124/><F33/><W125/><G104/><T11/><D132/><U5/><E5/><V85/><F121/><W58/><G3/><N who="2" m="1033" /><F8/><W53/><G134/><T133/><D133/><U60/><E70/><V57/><F57/><W73/><G73/><T80/><REACH who="0" step="1"/><D38/><REACH who="0" step="2"/><U92/><E109/><V99/><F126/><W31/><G125/><T51/><D51/><U82/><E108/><V114/><F124/><W32/><G111/><T29/><D29/><U44/><E116/><V71/><F114/><W30/><G36/><T62/><D62/><U68/><E115/><V6/><F103/><W123/><G31/><T61/><D61/><U117/><E63/><V135/><F101/><W127/><G30/><T72/><D72/><U106/><E60/><V14/><F135/><W12/><G28/><T7/><D7/><U52/><E117/><V66/><F6/><W64/><G49/><T130/><D130/><U43/><E122/><V105/><F71/><W81/><G69/><T98/><D98/><U0/><E68/><V34/><F99/><W119/><G127/><T78/><D78/><U48/><E97/><V18/><F34/><W56/><G32/><T110/><D110/><U26/><E106/><V19/><F105/><W35/><G35/><T88/><D88/><U15/><E107/><V22/><F90/><W20/><G123/><T100/><D100/><U96/><E96/><V17/><F66/><W79/><G67/><T59/><D59/><U23/><E48/><V74/><N who="2" m="4096" /><DORA hai="129" /><V120/><F120/><W24/><G119/><RYUUKYOKU ba="0,1" sc="240,30,250,-10,250,-10,250,-10" hai0="4,11,13,37,42,46,75,77,80,86,91,112,113" /><INIT seed="0,1,1,5,5,91" ten="270,240,240,240" oya="0" hai0="132,3,28,128,116,10,39,87,129,79,127,60,131" hai1="33,25,42,54,31,114,34,98,100,1,8,18,30" hai2="78,84,52,99,133,135,63,20,107,4,32,82,50" hai3="21,80,5,112,45,81,102,103,104,108,130,48,29"/><T73/><D73/><U35/><E42/><V43/><F32/><N who="1" m="12393" /><E54/><V69/><F4/><W122/><G104/><T125/><D39/><U0/><E98/><V88/><F20/><W67/><G67/><T2/><D116/><U47/><E47/><N who="2" m="27743" /><F43/><W72/><G5/><N who="0" m="1335" /><D3/><N who="1" m="1099" /><E100/><N who="2" m="62879" /><F63/><W124/><G103/><T106/><D106/><U59/><E59/><V53/><F53/><W105/><G102/><T109/><D28/><N who="1" m="19855" /><E114/><V134/><F69/><W119/><G112/><T113/><D113/><U46/><E46/><V111/><F111/><W97/><G108/><T94/><D109/><U13/><AGARI ba="1,1" hai="8,13,18,30,31" m="19855,1099,12393" machi="13" ten="40,8000,1" yaku="35,5" doraHai="91" who="1" fromWho="1" sc="270,-41,240,93,240,-21,240,-21" /><INIT seed="1,0,0,0,2,91" ten="229,333,219,219" oya="1" hai0="125,103,32,110,84,0,102,130,59,81,131,20,62" hai1="80,65,117,41,133,87,112,116,75,28,60,14,51" hai2="86,37,4,83,119,63,107,78,128,118,43,82,13" hai3="90,23,35,16,29,15,72,114,122,69,76,30,12"/><U53/><E112/><V71/><F107/><W5/><G69/><T46/><D32/><U44/><E133/><V24/><F128/><W93/><G122/><T9/><D46/><U38/><E75/><V127/><F127/><W115/><G72/><T132/><D125/><U124/><E28/><V89/><F24/><W52/><G76/><T129/><D110/><U123/><E124/><V58/><F71/><W40/><G40/><T96/><D20/><U121/><E14/><V126/><F126/><W95/><G35/><T120/><D120/><N who="1" m="46155" /><E80/><V74/><F43/><W3/><G3/><T64/><D132/><U36/><E87/><V6/><F37/><N who="1" m="14441" /><E41/><V55/><REACH who="2" step="1"/><F13/><REACH who="2" step="2"/><W108/><G108/><T106/><D0/><U134/><E134/><V7/><AGARI ba="0,1" hai="4,6,7,55,58,63,74,78,82,83,86,89,118,119" machi="7" ten="30,4000,0" yaku="1,1,2,1,0,1,53,0" doraHai="91" doraHaiUra="33" who="2" fromWho="2" sc="229,-10,333,-20,209,50,219,-10" /><INIT seed="2,0,0,0,2,52" ten="219,313,259,209" oya="2" hai0="57,74,10,120,27,123,23,87,39,99,8,13,125" hai1="30,19,118,107,124,53,131,29,73,25,104,81,135" hai2="62,83,121,31,78,45,95,72,101,112,35,38,133" hai3="6,7,22,60,126,64,36,2,77,65,109,114,93"/><V4/><F121/><W88/><G36/><T97/><D74/><U17/><E118/><V85/><F112/><W122/><G122/><T100/><D39/><U44/><E73/><V67/><F133/><W28/><G114/><T42/><D125/><U48/><E135/><V82/><F4/><W51/><G77/><T102/><D42/><U110/><E124/><V33/><F31/><W76/><G76/><T20/><D87/><U12/><E110/><V68/><F38/><W32/><G32/><T55/><D13/><U58/><E81/><V21/><F45/><W43/><G109/><T127/><D127/><U96/><E131/><V59/><F21/><W71/><G65/><T56/><D55/><U63/><E30/><V86/><F68/><W26/><G2/><T132/><D132/><U54/><E96/><V103/><F72/><W98/><G126/><T106/><D27/><U80/><E80/><V16/><F16/><W47/><AGARI ba="0,0" hai="6,7,22,26,28,43,47,51,60,64,71,88,93,98" machi="47" ten="30,2000,0" yaku="0,1,54,1" doraHai="52" who="3" fromWho="3" sc="219,-5,313,-5,259,-10,209,20" /><INIT seed="3,0,0,1,1,13" ten="214,308,249,229" oya="3" hai0="8,108,16,22,129,87,98,72,112,62,14,90,104" hai1="2,41,124,54,44,119,101,122,105,89,135,76,74" hai2="125,113,47,83,120,73,126,86,32,81,78,5,20" hai3="53,130,3,12,42,26,79,68,31,36,134,95,45"/><W49/><G3/><T64/><D72/><U85/><E2/><V93/><F113/><W110/><G68/><T46/><D112/><U50/><E122/><V34/><F120/><W82/><G134/><T18/><D129/><U39/><E135/><V103/><F5/><W9/><G130/><T27/><D108/><U57/><E124/><N who="2" m="47723" /><F47/><W102/><G110/><T17/><D46/><U61/><E119/><V33/><F20/><W10/><G102/><T116/><D116/><U77/><E74/><V132/><F132/><W28/><G95/><N who="0" m="54751" /><D104/><U66/><E101/><V65/><F65/><W55/><G36/><T114/><D98/><U71/><REACH who="1" step="1"/><E105/><REACH who="1" step="2"/><V24/><F103/><W29/><G26/><T69/><D114/><U117/><E117/><V21/><F73/><W15/><G15/><T106/><D106/><U121/><E121/><V7/><F24/><W94/><G12/><T115/><D115/><U25/><E25/><V37/><F34/><W100/><G100/><T35/><D35/><U11/><E11/><V128/><F33/><W40/><G10/><T51/><D69/><U6/><E6/><V60/><F32/><W56/><G9/><T58/><D51/><U59/><E59/><V1/><F7/><AGARI ba="0,1" hai="7,8,14,16,17,18,22,27,58,62,64" m="54751" machi="7" ten="30,8000,1" yaku="8,1,52,3,54,1" doraHai="13" who="0" fromWho="2" sc="214,90,298,0,249,-80,229,0" /><INIT seed="4,0,0,1,2,95" ten="304,298,169,229" oya="0" hai0="46,89,23,126,101,45,100,30,65,88,27,18,109" hai1="76,125,20,78,19,63,37,99,58,11,107,57,135" hai2="62,71,81,115,111,105,113,73,129,51,59,106,91" hai3="70,12,24,82,14,6,53,54,39,93,29,68,117"/><T34/><D126/><U102/><E37/><V67/><F111/><W60/><G39/><T110/><D65/><U3/><E125/><V114/><F129/><W7/><G117/><T52/><D45/><U16/><E135/><V61/><F51/><W9/><G82/><T15/><D101/><U75/><E75/><V108/><F108/><N who="0" m="41578" /><D100/><U32/><E32/><V134/><F134/><W128/><G93/><T104/><D104/><U13/><E58/><V21/><F21/><W41/><G41/><T118/><D118/><U122/><E122/><V50/><F50/><AGARI ba="0,0" hai="15,18,23,27,30,34,46,50,52,88,89" m="41578" machi="50" ten="30,5800,0" yaku="10,1,54,2" doraHai="95" who="0" fromWho="2" sc="304,58,298,0,169,-58,229,0" /><INIT seed="4,1,0,5,1,7" ten="362,298,111,229" oya="0" hai0="28,123,2,37,41,69,53,58,4,99,87,74,104" hai1="135,78,109,113,36,25,17,52,100,8,45,84,19" hai2="117,71,68,114,32,118,88,59,50,73,5,64,56" hai3="30,38,70,130,85,54,129,33,47,98,115,44,14"/><T120/><D69/><N who="2" m="26698" /><F88/><W48/><G70/><T96/><D28/><U6/><E109/><V49/><F73/><W11/><G115/><T3/><D74/><U55/><E100/><V103/><F5/><W66/><G66/><T15/><D87/><U112/><E135/><V82/><F82/><W21/><G33/><T35/><D35/><U122/><E122/><V89/><F89/><W125/><G98/><T106/><D15/><N who="1" m="5527" /><E84/><V42/><F32/><W31/><G125/><T124/><D41/><N who="1" m="22695" /><E78/><V60/><F103/><W101/><G101/><T90/><D124/><U86/><E86/><V75/><F75/><W24/><G85/><T134/><D90/><U81/><E81/><V116/><F114/><N who="1" m="44137" /><E19/><V23/><F42/><W83/><G83/><T0/><D104/><U108/><E108/><V102/><F102/><W133/><G133/><T18/><D106/><U97/><E97/><V65/><F23/><AGARI ba="1,0" hai="17,23,25,52,55" m="44137,22695,5527" machi="23" ten="30,7700,0" yaku="15,1,11,1,52,1,54,1" doraHai="7" who="1" fromWho="2" sc="362,0,298,80,111,-80,229,0" /><INIT seed="5,0,0,0,1,96" ten="362,378,31,229" oya="1" hai0="57,68,99,70,9,126,112,116,111,118,133,135,12" hai1="51,0,114,128,32,73,10,13,125,41,28,66,117" hai2="60,16,93,84,105,48,119,134,43,19,4,74,37" hai3="63,71,98,61,54,121,17,91,46,35,24,131,7"/><U90/><E73/><V107/><F119/><W5/><G121/><T38/><D38/><U129/><E117/><N who="0" m="45161" /><D111/><U85/><E66/><V2/><F74/><W27/><G131/><T100/><D57/><U82/><E0/><V80/><F134/><N who="0" m="51210" /><D112/><U130/><E114/><V18/><F37/><W69/><G46/><T26/><D26/><N who="1" m="18455" /><E125/><V50/><F60/><W31/><G54/><T75/><D75/><U103/><E41/><V109/><F109/><W124/><G124/><T106/><D126/><U94/><E51/><V15/><F2/><W102/><G71/><T39/><D39/><U14/><E10/><V23/><F4/><AGARI ba="0,0" hai="4,9,12,68,70,99,100,106" m="51210,45161" machi="4" ten="30,2000,0" yaku="20,1,52,1" doraHai="96" who="0" fromWho="2" sc="362,20,378,0,31,-20,229,0" /><INIT seed="6,0,0,5,4,48" ten="382,378,11,229" oya="2" hai0="73,58,55,95,76,119,19,66,52,43,16,32,132" hai1="98,128,115,6,127,11,108,68,61,71,96,37,38" hai2="113,34,91,3,109,103,45,47,106,60,29,64,83" hai3="24,69,9,134,100,36,57,102,1,54,78,110,90"/><V62/><F3/><W28/><G69/><T4/><D32/><U82/><E108/><V85/><F109/><W88/><G36/><T49/><D43/><U122/><E115/><V135/><F135/><W75/><G110/><T51/><D66/><U56/><E127/><V126/><F126/><W35/><G134/><T13/><D132/><U70/><E128/><V67/><F113/><W74/><G102/><T120/><D120/><U79/><E122/><V14/><F14/><W15/><G100/><T87/><D73/><U26/><E26/><N who="2" m="18743" /><F62/><W112/><G1/><T8/><D119/><U12/><E38/><V0/><F67/><W44/><G44/><N who="0" m="27687" /><D95/><U121/><E37/><V22/><F22/><W5/><G112/><T86/><D76/><U40/><E40/><V72/><F72/><W117/><G117/><T80/><D80/><U65/><REACH who="1" step="1"/><E121/><REACH who="1" step="2"/><V25/><F25/><W111/><G111/><T125/><D125/><U93/><E93/><V18/><F0/><W107/><G107/><T118/><D118/><U46/><E46/><V10/><F10/><W30/><G24/><T2/><D2/><U123/><E123/><V7/><F7/><W50/><G5/><T97/><D97/><U23/><E23/><V92/><F18/><AGARI ba="0,1" hai="4,8,13,16,18,19,51,55,58,86,87" m="27687" machi="18" ten="30,8000,1" yaku="8,1,52,2,54,2" doraHai="48" who="0" fromWho="2" sc="382,90,368,0,11,-80,229,0" owari="472,57.0,368,17.0,-69,-57.0,229,-17.0" /></mjloggm>