<mjloggm ver="2.3"><GO type="169" lobby="0"/><UN n0="%E3%81%8A%E3%81%8B%E3%82%82%E3%81%A8" n1="%E3%82%A2%E3%83%AD%E3%82%A8%E3%82%AF%E3%83%B3" n2="%EF%BC%88%E2%89%A7%E2%96%BD%E2%89%A6%EF%BC%89" n3="%E3%83%A4%E3%83%9E%E3%83%84%E3%82%AB%E3%83%9F" dan="17,16,18,16" rate="2112.08,2104.16,2156.10,2079.75" sx="M,M,M,M"/><TAIKYOKU oya="0"/><INIT seed="0,0,0,0,2,93" ten="250,250,250,250" oya="0" hai0="109,54,128,100,33,55,75,89,127,61,134,112,22" hai1="51,15,2,94,98,86,13,101,30,108,3,44,59" hai2="7,60,52,97,0,27,34,71,32,65,116,12,80" hai3="69,43,20,29,118,72,57,35,103,107,124,68,87"/><T120/><D33/><U135/><E108/><V24/><F116/><W63/><G72/><T58/><D120/><U96/><E135/><V38/><F0/><W76/><G35/><T8/><D112/><U99/><E30/><V115/><F38/><W83/><G43/><T91/><D75/><U117/><E117/><V126/><F115/><W81/><G81/><T47/><D134/><U90/><E59/><V133/><F133/><W67/><G124/><T82/><D127/><U74/><E74/><V64/><F126/><W78/><G78/><T77/><D128/><U31/><E31/><V129/><F32/><W88/><G76/><T95/><D109/><U121/><E121/><V45/><F71/><W113/><G113/><T6/><D22/><U17/><E101/><V85/><F34/><W70/><G118/><T50/><D100/><U39/><E39/><V106/><F106/><W10/><G10/><T114/><D95/><U16/><E3/><V49/><F60/><W104/><REACH who="3" step="1"/><G103/><REACH who="3" ten="250,250,250,240" step="2"/><T110/><D114/><U40/><E2/><V46/><F80/><W19/><G19/><AGARI ba="0,1" hai="13,15,16,17,19,40,44,51,86,90,94,96,98,99" machi="19" ten="40,8000,1" yaku="8,1,52,3,54,1" doraHai="93" who="1" fromWho="3" sc="250,0,250,90,250,0,240,-80" /><INIT seed="1,0,0,5,2,48" ten="250,340,250,160" oya="1" hai0="25,22,41,51,28,110,123,100,52,12,129,107,2" hai1="70,92,11,31,7,97,55,88,43,103,106,96,133" hai2="59,84,93,86,91,122,23,13,26,114,130,118,79" hai3="4,46,9,37,54,95,73,78,20,29,66,0,111"/><U3/><E133/><V98/><F122/><W124/><G66/><T90/><D2/><U69/><E43/><V101/><F118/><W120/><G120/><T8/><D123/><U53/><REACH who="1" step="1"/><E31/><REACH who="1" ten="250,330,250,160" step="2"/><V63/><F114/><W14/><G124/><T33/><D41/><U32/><E32/><V113/><F113/><W60/><G29/><T36/><D33/><U50/><E50/><V61/><F130/><W74/><G37/><T82/><D36/><U80/><E80/><V6/><F63/><W134/><G134/><T131/><D131/><U75/><E75/><V132/><F132/><W89/><G74/><T56/><D129/><U5/><E5/><V47/><F6/><W21/><G73/><T35/><D35/><U67/><E67/><V125/><F61/><W99/><G60/><T77/><D82/><U112/><E112/><V57/><F125/><W24/><G4/><T81/><D81/><U105/><E105/><V85/><F79/><W72/><G78/><T38/><D38/><U16/><E16/><V49/><F49/><W94/><G72/><T42/><D77/><U126/><E126/><V18/><F18/><W83/><G83/><T34/><D42/><U76/><E76/><V116/><F93/><W10/><G95/><T119/><D107/><U108/><E108/><V127/><F127/><W27/><G111/><T58/><D110/><U19/><E19/><V128/><F128/><W117/><G94/><T135/><D135/><U39/><E39/><V102/><F116/><W87/><G117/><T44/><D119/><U109/><E109/><V17/><F17/><RYUUKYOKU ba="0,1" sc="250,-10,330,30,250,-10,160,-10" hai1="3,7,11,53,55,69,70,88,92,96,97,103,106" /><INIT seed="1,1,1,5,3,77" ten="240,360,240,150" oya="1" hai0="98,7,101,116,9,13,93,41,97,51,110,46,44" hai1="132,59,24,55,71,90,87,19,32,106,12,53,25" hai2="15,117,92,115,36,4,114,124,40,99,94,34,79" hai3="70,61,67,43,122,39,107,35,66,48,69,126,80"/><U18/><E71/><V108/><F108/><W88/><G107/><T103/><D116/><U28/><E132/><V86/><F34/><W29/><G122/><T111/><REACH who="0" step="1"/><D44/><REACH who="0" ten="230,360,240,150" step="2"/><U74/><E106/><AGARI ba="1,2" hai="7,9,13,41,46,51,93,97,98,101,103,106,110,111" machi="106" ten="40,2600,0" yaku="1,1,2,1,53,0" doraHai="77" doraHaiUra="131" who="0" fromWho="1" sc="230,49,360,-29,240,0,150,0" /><INIT seed="2,0,0,0,5,112" ten="279,331,240,150" oya="2" hai0="96,134,0,34,131,17,26,57,77,52,78,123,70" hai1="22,89,104,36,44,54,27,12,75,108,9,84,35" hai2="121,60,113,30,135,124,5,120,11,122,23,65,2" hai3="62,8,100,88,126,117,31,51,68,130,128,55,59"/><V74/><F74/><W45/><G100/><T46/><D70/><U25/><E75/><V115/><F124/><W6/><G31/><T93/><D123/><U63/><E104/><V129/><F129/><N who="3" m="49771" /><G126/><T33/><D0/><U39/><E35/><V50/><F50/><W3/><G68/><T91/><D131/><U37/><E108/><V20/><F135/><W87/><G45/><T29/><D134/><U43/><E54/><V81/><F81/><N who="3" m="49263" /><G62/><T66/><D34/><U103/><E63/><V110/><F110/><W109/><G109/><T28/><D28/><U125/><E103/><V4/><F60/><W56/><G56/><T107/><D107/><U116/><E125/><V69/><F69/><W80/><G80/><T64/><D46/><U106/><E106/><V13/><F65/><W32/><G32/><T95/><D66/><U82/><E44/><V72/><F72/><W101/><G101/><T49/><D64/><U83/><E82/><V118/><F30/><W7/><G7/><T105/><D105/><U41/><E39/><V71/><F71/><W85/><G85/><T111/><D111/><U119/><E84/><V132/><F132/><W24/><G24/><T15/><REACH who="0" step="1"/><D95/><REACH who="0" ten="269,331,240,150" step="2"/><U98/><E37/><V127/><F127/><W102/><G102/><T58/><D58/><U79/><E36/><V94/><F94/><W73/><G73/><T19/><D19/><U38/><E38/><V92/><F92/><W90/><G90/><T1/><D1/><U16/><E89/><V133/><F133/><W114/><G114/><T21/><AGARI ba="0,1" hai="15,17,21,26,29,33,49,52,57,77,78,91,93,96" machi="21" ten="20,8000,1" yaku="1,1,0,1,7,1,54,1,53,1" doraHai="112" doraHaiUra="86" who="0" fromWho="0" sc="269,90,331,-20,240,-40,150,-20" /><INIT seed="3,0,0,0,3,16" ten="359,311,200,130" oya="3" hai0="111,122,50,118,2,35,12,26,51,110,114,132,101" hai1="60,78,77,102,43,64,75,124,69,88,135,0,11" hai2="84,104,98,45,6,127,117,112,3,130,66,131,120" hai3="59,109,25,46,22,15,49,86,73,134,68,70,123"/><W54/><G73/><T87/><D2/><U31/><E102/><N who="2" m="62551" /><F112/><W100/><G123/><T65/><D122/><U89/><E43/><V8/><F120/><W67/><G134/><T125/><D118/><U38/><E38/><V37/><F117/><W19/><G100/><T106/><D114/><U7/><E135/><V107/><F84/><W103/><G103/><T128/><D132/><U52/><E124/><V83/><F83/><W44/><G109/><T129/><D125/><U29/><E75/><V57/><F107/><W56/><G86/><T96/><D65/><U5/><E5/><V53/><F66/><W48/><G15/><T105/><D105/><U91/><REACH who="1" step="1"/><E52/><REACH who="1" ten="359,301,200,130" step="2"/><V79/><F127/><W24/><G67/><T10/><D51/><U20/><E20/><V85/><F37/><W121/><G121/><T39/><D50/><U17/><E17/><V4/><F4/><W82/><G82/><T55/><D55/><U13/><E13/><V95/><F6/><W76/><G25/><T92/><D39/><U72/><E72/><V18/><F18/><W58/><REACH who="3" step="1"/><G76/><AGARI ba="0,1" hai="0,7,11,29,31,60,64,69,76,77,78,88,89,91" machi="76" ten="40,2600,0" yaku="1,1,54,1,53,0" doraHai="16" doraHaiUra="119" who="1" fromWho="3" sc="359,0,301,36,200,0,130,-26" /><INIT seed="4,0,0,5,0,45" ten="359,337,200,104" oya="0" hai0="111,76,132,36,83,34,115,74,20,134,116,43,124" hai1="51,38,64,41,37,23,3,113,48,7,4,32,63" hai2="125,39,84,33,9,17,105,61,68,112,82,35,131" hai3="110,60,71,70,22,66,92,119,69,107,98,106,95"/><T90/><D116/><U8/><E32/><V1/><F105/><W15/><G119/><T25/><D34/><U65/><E113/><V5/><F112/><W79/><G110/><T24/><D115/><U100/><E100/><V58/><F39/><W42/><G79/><T78/><D111/><U88/><E4/><V54/><F125/><W30/><G42/><T81/><D124/><U120/><E120/><V94/><F131/><W73/><G73/><N who="0" m="43151" /><D90/><U117/><E117/><V114/><F68/><W21/><G95/><T56/><D56/><U77/><E77/><V93/><F114/><W123/><G123/><T27/><D43/><U89/><E23/><V0/><F0/><W67/><G67/><T11/><D11/><U97/><E64/><V55/><F55/><W53/><G53/><T72/><D36/><U87/><E97/><V31/><F17/><W99/><G99/><T19/><D74/><U128/><E128/><V121/><F121/><W47/><G22/><T13/><D27/><U49/><E41/><V126/><F126/><W101/><G47/><T85/><D72/><U108/><E108/><V26/><REACH who="2" step="1"/><F35/><REACH who="2" ten="359,337,190,104" step="2"/><W127/><G127/><T135/><AGARI ba="0,1" hai="13,19,20,24,25,78,83,85,132,134,135" m="43151" machi="135" ten="30,1500,0" yaku="20,1" doraHai="45" who="0" fromWho="0" sc="359,25,337,-5,190,-5,104,-5" /><INIT seed="4,1,0,2,1,41" ten="384,332,185,99" oya="0" hai0="8,130,28,44,78,107,87,124,125,88,25,105,90" hai1="82,114,59,19,112,2,49,84,135,95,18,86,4" hai2="96,94,128,10,75,31,102,15,133,55,56,35,48" hai3="79,85,73,121,11,69,91,3,26,74,118,120,14"/><T63/><D130/><U83/><E135/><V0/><F75/><W108/><G69/><T24/><D24/><U106/><E106/><V72/><F72/><W123/><G118/><T104/><D63/><U70/><E70/><V116/><F116/><W43/><G108/><T68/><D68/><U101/><E4/><V81/><F81/><N who="1" m="30729" /><E2/><V89/><F128/><W30/><G79/><T7/><D78/><U13/><E101/><V32/><F133/><W52/><G43/><T134/><D134/><U36/><E36/><V57/><F0/><W17/><G3/><T80/><D90/><N who="1" m="53703" /><E86/><V100/><F57/><W12/><G12/><T65/><D65/><U58/><E49/><V37/><F37/><W42/><G42/><T45/><D124/><U34/><E34/><V6/><F35/><W61/><G85/><T119/><D125/><U9/><E19/><V113/><F113/><AGARI ba="1,0" hai="9,13,18,58,59,112,113,114" m="53703,30729" machi="113" ten="30,2000,0" yaku="15,1,11,1" doraHai="41" who="1" fromWho="2" sc="384,0,332,23,185,-23,99,0" /><INIT seed="5,0,0,1,5,24" ten="384,355,162,99" oya="1" hai0="21,16,127,80,57,60,8,118,135,0,59,115,34" hai1="114,108,50,126,68,45,4,120,75,32,69,20,55" hai2="54,6,37,117,106,71,22,52,93,49,36,82,110" hai3="14,94,74,44,125,107,63,72,3,29,23,31,35"/><U11/><E32/><V121/><F106/><W30/><G35/><T111/><D34/><U48/><E120/><V66/><F121/><W95/><G3/><T130/><D118/><U58/><E75/><V132/><F117/><W41/><G107/><T104/><D104/><U65/><E20/><V89/><F110/><W64/><G125/><T13/><D111/><U87/><E108/><V113/><F113/><W92/><G14/><T46/><D115/><U128/><E114/><V123/><F123/><W51/><REACH who="3" step="1"/><G23/><REACH who="3" ten="384,355,162,89" step="2"/><T43/><D127/><U98/><E126/><V15/><F22/><W12/><G12/><T97/><D0/><U1/><E128/><V28/><F15/><W88/><G88/><T27/><D130/><U85/><E1/><V19/><F89/><W81/><G81/><T78/><D80/><U62/><E4/><V100/><F82/><W17/><G17/><T61/><D13/><U101/><E11/><V129/><F19/><W39/><G39/><T116/><D8/><U90/><E90/><V77/><F37/><W26/><G26/><T91/><D116/><U42/><REACH who="1" step="1"/><E68/><AGARI ba="0,1" hai="29,30,31,41,44,51,63,64,68,72,74,92,94,95" machi="68" ten="40,8000,1" yaku="1,1,52,3,53,0" doraHai="24" doraHaiUra="76" who="3" fromWho="1" sc="384,0,355,-80,162,0,89,90" /><INIT seed="6,0,0,2,3,97" ten="384,275,162,179" oya="2" hai0="36,29,59,56,9,94,101,12,106,8,123,27,46" hai1="17,53,21,11,28,61,40,125,63,4,91,131,55" hai2="50,115,57,114,35,54,104,0,112,72,42,26,130" hai3="45,1,85,82,102,121,2,87,24,58,111,7,19"/><V84/><F72/><W90/><G111/><T32/><D106/><U71/><E28/><N who="2" m="19863" /><F0/><W51/><G121/><T75/><D75/><U6/><E40/><V95/><F104/><W78/><G7/><N who="1" m="2602" /><E11/><V96/><F130/><W64/><G102/><T10/><D123/><U122/><E125/><V126/><F126/><W52/><G24/><T103/><D12/><U135/><E135/><V3/><F3/><W48/><G19/><T66/><D94/><U16/><E71/><V60/><F84/><W81/><REACH who="3" step="1"/><G64/><REACH who="3" ten="384,275,162,169" step="2"/><T47/><D66/><U65/><E122/><V107/><F107/><W62/><G62/><T33/><D27/><U70/><E131/><V128/><F128/><W129/><G129/><T13/><D29/><U43/><E63/><V99/><F95/><W109/><G109/><T49/><D13/><U83/><E61/><V15/><F15/><W69/><G69/><T134/><D134/><U118/><E70/><V120/><F120/><W76/><G76/><T44/><D33/><U30/><E65/><V132/><F132/><W117/><G117/><T108/><D32/><U39/><E118/><V22/><F22/><W105/><G105/><T68/><D68/><U20/><E21/><V88/><F88/><W37/><G37/><T100/><D36/><U124/><E91/><V74/><F74/><W25/><G25/><T86/><D108/><U77/><E20/><V92/><F92/><W127/><G127/><T79/><D49/><U93/><E93/><V23/><F23/><W133/><G133/><T98/><D79/><U89/><E124/><V113/><F113/><RYUUKYOKU ba="0,1" sc="384,-15,275,-15,162,15,169,15" hai2="42,50,54,57,60,96,99,112,114,115" hai3="1,2,45,48,51,52,58,78,81,82,85,87,90" /><INIT seed="6,1,1,4,4,101" ten="369,260,177,184" oya="2" hai0="118,115,1,121,68,111,76,26,28,82,72,64,12" hai1="13,21,104,67,25,29,129,44,131,47,117,84,99" hai2="110,30,0,74,31,107,81,128,106,57,23,39,90" hai3="114,113,7,71,134,73,79,127,116,9,89,53,43"/><V56/><F39/><W133/><G116/><T100/><D1/><U78/><E117/><V63/><F0/><W24/><G71/><T20/><D121/><U36/><E67/><V34/><F34/><W62/><G43/><T35/><D111/><U17/><E78/><V40/><F40/><W10/><G127/><T50/><D118/><U93/><E84/><V48/><F110/><W98/><G24/><T112/><D100/><N who="1" m="62495" /><E93/><V32/><F32/><W105/><G79/><T46/><D64/><U86/><E86/><N who="2" m="50511" /><F74/><W122/><G73/><T59/><D68/><U102/><E102/><V8/><F8/><N who="3" m="3179" /><G7/><T69/><D59/><U132/><E132/><N who="3" m="50794" /><G122/><T94/><D69/><U66/><E36/><V33/><F128/><N who="1" m="49225" /><E66/><N who="2" m="39271" /><F33/><AGARI ba="1,1" hai="13,17,21,25,29,33,44,47" m="49225,62495" machi="33" ten="30,2000,0" yaku="19,1,52,1" doraHai="101" who="1" fromWho="2" sc="369,0,260,33,177,-23,184,0" /><INIT seed="7,0,0,1,4,42" ten="369,293,154,184" oya="3" hai0="9,66,98,82,71,75,108,21,132,72,92,33,16" hai1="107,114,135,15,87,103,14,88,44,68,101,47,22" hai2="59,61,1,83,99,112,89,80,37,48,106,122,74" hai3="30,95,97,46,24,118,131,41,49,34,110,23,3"/><W57/><G3/><T134/><D108/><U124/><E68/><V28/><F37/><W13/><G118/><T109/><D33/><U69/><E69/><V4/><F122/><W6/><G110/><T73/><D109/><U125/><E114/><V111/><F111/><W63/><G131/><T12/><D66/><U116/><E135/><N who="0" m="51753" /><D71/><U25/><E116/><V8/><F112/><W119/><G119/><T133/><D133/><U58/><E58/><V56/><F74/><W78/><G78/><N who="0" m="44359" /><D21/><U26/><E107/><V39/><F39/><W77/><G77/><T43/><D43/><U70/><E70/><V50/><F28/><W18/><G6/><T123/><D123/><U67/><E67/><V105/><F89/><AGARI ba="0,0" hai="9,12,16,73,75,89,92,98" m="44359,51753" machi="89" ten="30,2000,0" yaku="20,1,54,1" doraHai="42" who="0" fromWho="2" sc="369,20,293,0,154,-20,184,0" owari="389,50.0,293,9.0,134,-37.0,184,-22.0" /></mjloggm>