<mjloggm ver="2.3"><GO type="41"/><UN n0="%64%2E%79%75%6B%69" n1="%4B%2D%4E%45%53" n2="%E3%82%A6%E3%83%AB%E3%83%88%E3%83%A9%E7%AB%8B%E7%9B%B4" n3="%E3%83%95%E3%83%AA%E3%83%86%E3%83%B3%E5%8D%98%E9%A8%8E" dan="14,15,15,14" rate="1868,2078,1973,2106" sx="M,M,M,M"/><TAIKYOKU oya="0"/><INIT seed="0,0,0,0,4,6" ten="250,250,250,250" oya="0" hai0="100,62,69,79,26,47,66,9,89,19,105,129,38" hai1="114,63,15,56,77,25,21,36,30,109,32,58,53" hai2="42,40,85,74,110,70,95,99,73,132,80,130,82" hai3="37,65,84,46,54,68,49,94,119,10,45,81,76"/><T23/><D129/><U24/><E36/><V135/><F70/><W97/><G119/><T104/><D79/><U4/><E109/><V88/><F42/><W117/><G117/><T131/><D131/><U17/><E114/><V67/><F67/><W33/><G33/><T35/><D35/><U121/><E121/><V16/><F40/><W101/><G37/><T75/><D75/><N who="2" m="28682" /><F16/><W29/><G29/><T91/><D105/><U28/><E77/><V7/><F7/><W102/><G102/><T115/><D115/><U120/><E120/><V3/><F3/><W103/><G103/><T87/><D91/><U48/><E4/><V107/><F130/><W27/><G27/><T11/><D38/><U57/><REACH who="1" step="1"/><E63/><REACH who="1" ten="250,240,250,250" step="2"/><V98/><F110/><W22/><G76/><T1/><D1/><U86/><E86/><V127/><F127/><W112/><G84/><T64/><D64/><U126/><E126/><V124/><F124/><W134/><G65/><T12/><D69/><U133/><E133/><N who="2" m="51275" /><F99/><W125/><G97/><T108/><D66/><U61/><E61/><V50/><F50/><W5/><G134/><T71/><D62/><U18/><E18/><V41/><F98/><W20/><G125/><T52/><D71/><U83/><E83/><V14/><F82/><W123/><G68/><T31/><D108/><U118/><E118/><V8/><F80/><W106/><G112/><T43/><D87/><U78/><E78/><V51/><F85/><W72/><G123/><T44/><D104/><U13/><E13/><V0/><F107/><W39/><G106/><T111/><D111/><RYUUKYOKU ba="0,1" sc="250,-10,240,30,250,-10,250,-10" hai1="15,17,21,24,25,28,30,32,48,53,56,57,58" /><INIT seed="1,1,1,3,5,114" ten="240,270,240,240" oya="1" hai0="118,68,111,64,41,48,62,23,130,71,6,18,36" hai1="89,47,87,25,10,88,82,74,99,126,55,80,39" hai2="61,127,32,13,30,56,57,8,123,21,95,108,110" hai3="59,122,112,5,7,133,34,52,3,85,43,75,129"/><U115/><E115/><V46/><F32/><W38/><G112/><T27/><D118/><U119/><E119/><V81/><F123/><W96/><G34/><T125/><D111/><N who="2" m="42538" /><F127/><W86/><G75/><T113/><D113/><U37/><E126/><V45/><F57/><W94/><G122/><T12/><D125/><U49/><E74/><V69/><F69/><W58/><G129/><T104/><D104/><U102/><E25/><N who="2" m="16687" /><F95/><W132/><G59/><T97/><D130/><U124/><E124/><V105/><F81/><W66/><G43/><T116/><D116/><U51/><E51/><V103/><F103/><N who="3" m="60823" /><G66/><T98/><D71/><U67/><E67/><N who="2" m="39335" /><F105/><W35/><G35/><T17/><D6/><AGARI ba="1,1" hai="6,8,13,45,46" m="39335,16687,42538" machi="6" ten="30,1000,0" yaku="14,1" doraHai="114" who="2" fromWho="0" sc="240,-13,270,0,240,23,240,0" /><INIT seed="2,0,0,2,0,28" ten="227,270,263,240" oya="2" hai0="52,87,89,11,4,95,50,71,94,1,17,16,34" hai1="36,38,44,55,83,53,26,46,126,109,129,120,2" hai2="42,32,39,60,8,119,7,72,81,19,135,73,3" hai3="48,21,70,68,131,61,107,102,75,121,104,57,54"/><V69/><F19/><W49/><G75/><T66/><D71/><U76/><E2/><V88/><F119/><W22/><G131/><T133/><D133/><U35/><E129/><V115/><F115/><W59/><G61/><T63/><D66/><U37/><E126/><V6/><F6/><W85/><G85/><T12/><D63/><U93/><E120/><V122/><F122/><W31/><G31/><T33/><D17/><U30/><E109/><V5/><F5/><W97/><G121/><T127/><D127/><U13/><E13/><V77/><F135/><W113/><G97/><T128/><D95/><U101/><E101/><V125/><F125/><W100/><REACH who="3" step="1"/><G54/><REACH who="3" ten="227,270,263,230" step="2"/><T86/><D86/><U134/><E55/><V118/><F118/><W29/><G29/><T116/><D128/><U56/><E134/><V51/><F60/><W92/><G92/><T91/><D116/><U23/><E93/><V103/><F73/><W47/><G47/><T45/><D91/><U98/><E98/><V132/><F132/><W10/><G10/><AGARI ba="0,1" hai="1,4,10,11,12,16,33,34,45,50,52,87,89,94" machi="10" ten="30,8000,1" yaku="7,1,52,2,54,2" doraHai="28" who="0" fromWho="3" sc="227,90,270,0,263,0,230,-80" /><INIT seed="3,0,0,5,2,127" ten="317,270,263,150" oya="3" hai0="78,39,75,37,6,5,133,66,46,52,54,63,57" hai1="119,74,81,44,11,34,19,103,116,50,21,55,134" hai2="89,14,112,109,25,135,98,80,126,85,124,32,92" hai3="97,38,35,64,36,76,117,90,47,53,22,84,111"/><W16/><G35/><T7/><D133/><U56/><E134/><V88/><F135/><W23/><G117/><T1/><D1/><U69/><E34/><V110/><F25/><W20/><G111/><N who="2" m="42505" /><F32/><W68/><G68/><T24/><D24/><U83/><E69/><V87/><F14/><W67/><G76/><T121/><D121/><U82/><E103/><N who="2" m="60871" /><F112/><W132/><G97/><T79/><D75/><U51/><E11/><V42/><F42/><W65/><G132/><T106/><D106/><U73/><E74/><V3/><F3/><W72/><G72/><T129/><D46/><U99/><E73/><V8/><F8/><W95/><G38/><T102/><D102/><U61/><E51/><V104/><F104/><W93/><G93/><AGARI ba="0,0" hai="80,85,87,88,89,93,124,126" m="60871,42505" machi="93" ten="30,7700,0" yaku="14,1,34,2,54,1" doraHai="127" who="2" fromWho="3" sc="317,0,270,0,263,77,150,-77" /><INIT seed="4,0,0,1,1,10" ten="317,270,340,73" oya="0" hai0="3,29,112,24,14,131,114,4,95,26,19,133,49" hai1="122,87,123,129,91,53,33,93,86,89,124,100,119" hai2="118,20,69,13,11,75,92,36,108,132,15,42,84" hai3="74,90,73,54,77,135,22,12,55,46,99,113,96"/><T6/><D95/><U30/><E119/><V32/><F32/><W116/><G116/><T97/><D97/><U9/><E129/><V106/><F75/><W58/><G113/><N who="0" m="43627" /><D49/><U31/><E124/><V117/><F69/><W28/><G135/><T130/><D133/><U63/><E100/><V82/><F106/><W52/><G77/><T23/><D3/><U38/><E38/><V85/><F132/><W35/><G35/><N who="0" m="20903" /><D26/><U18/><E53/><V70/><F92/><W37/><G74/><T5/><AGARI ba="0,0" hai="4,5,6,14,19,23,130,131" m="20903,43627" machi="5" ten="40,12000,1" yaku="15,1,34,2,52,1" doraHai="10" who="0" fromWho="0" sc="317,120,270,-40,340,-40,73,-40" /><INIT seed="4,1,0,2,4,17" ten="437,230,300,33" oya="0" hai0="133,119,62,105,71,131,88,109,87,31,12,50,76" hai1="122,42,117,121,90,19,94,95,78,118,75,97,51" hai2="108,27,103,125,86,84,91,79,57,116,114,72,1" hai3="77,38,41,16,32,7,100,47,107,4,111,33,70"/><T44/><D119/><U99/><E19/><V48/><F1/><W23/><G111/><T101/><D109/><U53/><E42/><V66/><F108/><W104/><G70/><T126/><D126/><U30/><E30/><V55/><F125/><W67/><G67/><T65/><D31/><U69/><E69/><V54/><F66/><W39/><G77/><T127/><D127/><U36/><E36/><V21/><F72/><W43/><G100/><T3/><D3/><U130/><E53/><V120/><F120/><W25/><G104/><T85/><D131/><U8/><E51/><V29/><F116/><W35/><G107/><T115/><D115/><U56/><E8/><V81/><F114/><W74/><G74/><T49/><D133/><U64/><E56/><V73/><F103/><W15/><G15/><T93/><D105/><U37/><E37/><V83/><F73/><W26/><G26/><T46/><D101/><U89/><E64/><V14/><F14/><W129/><G129/><T34/><D34/><U80/><E130/><V59/><F55/><W135/><G135/><T22/><D46/><AGARI ba="1,0" hai="21,27,29,46,48,54,57,59,79,81,83,84,86,91" machi="46" ten="30,3900,0" yaku="7,1,8,1,52,1" doraHai="17" who="2" fromWho="0" sc="437,-42,230,0,300,42,33,0" /><AGARI ba="1,0" hai="4,7,16,23,25,32,33,35,38,39,41,43,46,47" machi="46" ten="40,5200,0" yaku="9,1,52,1,54,1" doraHai="17" who="3" fromWho="0" sc="395,-52,230,0,342,0,33,52" /><INIT seed="5,0,0,0,3,127" ten="343,230,342,85" oya="1" hai0="118,13,116,105,56,55,117,74,72,23,102,29,120" hai1="88,26,93,121,41,66,4,0,61,114,7,85,43" hai2="3,111,80,103,12,34,30,58,22,38,131,45,6" hai3="109,82,28,89,20,67,106,125,101,115,99,95,75"/><U21/><E121/><V77/><F103/><W52/><G125/><T76/><D120/><U110/><E110/><V84/><F58/><W47/><G109/><T81/><D105/><U96/><E96/><V5/><BYE who="1" /><F5/><W64/><G115/><T94/><D102/><U44/><E44/><V37/><F37/><W65/><G28/><T10/><D94/><U83/><E83/><V135/><F135/><W31/><G31/><T49/><D29/><U39/><E39/><V14/><F14/><W8/><G20/><T128/><D23/><U63/><E63/><V53/><F53/><W50/><G8/><T126/><D126/><U119/><E119/><V57/><F57/><W68/><G68/><T54/><D54/><U100/><E100/><V69/><F69/><W42/><G42/><T15/><D15/><U78/><E78/><V46/><F46/><W90/><REACH who="3" step="1"/><G106/><REACH who="3" ten="343,230,342,75" step="2"/><T87/><D128/><U122/><E122/><V48/><F30/><W70/><G70/><T98/><REACH who="0" step="1"/><D98/><REACH who="0" ten="333,230,342,75" step="2"/><UN n1="%4B%2D%4E%45%53" /><U129/><E114/><V79/><F131/><W11/><G11/><T130/><D130/><U36/><E43/><V32/><F22/><W97/><G97/><T86/><D86/><U132/><E85/><V123/><F84/><W71/><G71/><T51/><D51/><U18/><E21/><V92/><F48/><W9/><G9/><T107/><D107/><U112/><E41/><V16/><F123/><W113/><G113/><T17/><AGARI ba="0,2" hai="10,13,17,49,55,56,72,74,76,81,87,116,117,118" machi="17" ten="30,2000,0" yaku="1,1,0,1,53,0" doraHai="127" doraHaiUra="35" who="0" fromWho="0" sc="333,40,230,-10,342,-5,75,-5" /><INIT seed="6,0,0,1,5,95" ten="373,220,337,70" oya="2" hai0="97,34,74,51,26,103,37,86,110,36,122,111,17" hai1="127,47,0,25,67,118,55,75,87,52,33,131,90" hai2="56,85,45,81,5,68,88,54,19,73,44,20,61" hai3="31,7,32,72,11,65,107,24,115,99,130,132,16"/><V120/><F120/><W59/><G72/><T124/><D122/><U119/><E75/><V22/><F73/><W28/><G132/><T84/><D74/><U50/><E0/><V57/><F68/><W40/><G40/><T123/><D123/><U105/><E131/><V2/><F5/><W29/><G130/><T109/><D124/><U93/><E127/><V98/><F2/><W82/><G82/><T58/><D34/><U10/><E105/><V3/><F3/><W94/><G107/><T6/><D6/><U62/><E10/><V60/><F22/><W92/><G92/><T108/><N who="0" m="28160" /><DORA hai="70" /><T42/><D26/><U48/><E25/><V78/><F78/><W117/><G115/><T14/><D42/><U38/><E33/><V43/><F43/><W101/><G117/><T63/><D51/><U76/><E76/><V83/><F83/><W112/><G112/><T35/><D35/><U133/><E38/><V49/><F98/><W12/><REACH who="3" step="1"/><G7/><REACH who="3" ten="373,220,337,60" step="2"/><T30/><D86/><U41/><E133/><V121/><F121/><W114/><G114/><T104/><D84/><U18/><E41/><V4/><F4/><W125/><G125/><T116/><D116/><U79/><E118/><V80/><F80/><W46/><G46/><T102/><D102/><U8/><E119/><V134/><F134/><W23/><G23/><T89/><D89/><U9/><E79/><V91/><F45/><W15/><G15/><T128/><D128/><U21/><E47/><V113/><F113/><W1/><G1/><T106/><D106/><U66/><E90/><V71/><F44/><RYUUKYOKU ba="0,1" sc="373,-10,220,-10,337,-10,60,30" hai3="11,12,16,24,28,29,31,32,59,65,94,99,101" /><INIT seed="7,1,1,1,2,51" ten="363,210,327,90" oya="3" hai0="2,37,15,25,45,102,82,58,75,132,78,6,55" hai1="126,103,116,9,31,32,70,73,29,77,128,117,53" hai2="124,87,120,95,57,23,129,21,86,115,98,59,104" hai3="26,100,85,13,122,14,30,84,20,41,88,47,91"/><W39/><G122/><T1/><D132/><U16/><E70/><V93/><F98/><W8/><G100/><T7/><D102/><U135/><E103/><V28/><F28/><W68/><G68/><T123/><D123/><U35/><E77/><V50/><F50/><W71/><G71/><T69/><D69/><U5/><E73/><V96/><F96/><W33/><G33/><T63/><D25/><U108/><E108/><V99/><F99/><W110/><G110/><T74/><D74/><U112/><E112/><V76/><F76/><W89/><REACH who="3" step="1"/><G14/><REACH who="3" ten="363,210,327,80" step="2"/><T36/><D15/><U111/><E111/><V113/><F120/><W18/><AGARI ba="1,2" hai="8,13,18,20,26,30,39,41,47,84,85,88,89,91" machi="18" ten="30,18000,2" yaku="1,1,2,1,0,1,54,1,53,2" doraHai="51" doraHaiUra="83" who="3" fromWho="3" sc="363,-61,210,-61,327,-61,80,203" /><INIT seed="7,2,0,0,3,38" ten="302,149,266,283" oya="3" hai0="59,110,29,116,53,122,100,81,85,5,77,1,44" hai1="114,123,107,126,30,51,131,83,27,78,37,72,39" hai2="87,134,86,12,74,45,47,50,76,84,13,113,106" hai3="89,23,88,56,9,99,49,26,7,93,91,33,71"/><W73/><G71/><T94/><D116/><U92/><E123/><V25/><F106/><W104/><G33/><T105/><D122/><U28/><E107/><V115/><F74/><W129/><G73/><T80/><D110/><U133/><E133/><V10/><F76/><W24/><G104/><T97/><D81/><U48/><E131/><V68/><F68/><W109/><G109/><T4/><D1/><U43/><E126/><V52/><F134/><W3/><G129/><T62/><D29/><U117/><E117/><V70/><F70/><W103/><REACH who="3" step="1"/><G23/><REACH who="3" ten="302,149,266,273" step="2"/><T22/><D22/><U11/><E72/><V79/><F79/><W54/><AGARI ba="2,1" hai="3,7,9,24,26,49,54,56,88,89,91,93,99,103" machi="54" ten="30,11700,0" yaku="1,1,2,1,0,1,54,1,53,0" doraHai="38" doraHaiUra="119" who="3" fromWho="3" sc="302,-41,149,-41,266,-41,273,133" owari="261,6.0,108,-39.0,225,-17.0,406,50.0" /></mjloggm>