<mjloggm ver="2.3"><GO type="41"/><UN n0="%E3%82%A6%E3%83%AB%E3%83%88%E3%83%A9%E7%AB%8B%E7%9B%B4" n1="%4D%43%E4%BA%8C%E6%9D%A1" n2="%40%E7%B4%94%E3%81%A1%E3%82%83%E3%82%93" n3="%69%6D%61%6E%61%6E%61" dan="15,13,13,13" rate="2029,1889,1904,1899" sx="M,M,M,M"/><TAIKYOKU oya="0"/><INIT seed="0,0,0,0,5,73" ten="250,250,250,250" oya="0" hai0="87,99,38,4,29,77,93,105,67,0,33,69,34" hai1="74,102,42,66,57,111,35,36,23,28,8,84,20" hai2="129,51,61,12,78,121,5,91,135,32,100,15,85" hai3="68,112,18,3,113,58,10,95,17,45,52,75,110"/><T2/><D4/><U82/><E74/><V65/><F121/><W30/><G68/><T49/><D49/><U21/><E102/><V44/><F135/><W56/><G30/><T128/><D93/><U31/><E36/><V81/><F129/><W13/><G3/><T133/><D133/><U127/><E42/><V41/><F32/><W94/><G75/><T92/><D92/><U1/><E127/><V62/><F100/><W107/><G107/><T24/><D34/><U106/><E106/><V125/><F125/><W122/><G110/><T71/><D38/><U114/><E111/><V103/><F103/><W104/><G104/><T14/><D14/><U109/><E109/><V101/><F101/><W7/><G122/><T39/><D99/><U40/><E40/><V120/><F120/><W116/><G116/><T90/><D105/><U11/><E1/><N who="0" m="617" /><D90/><U59/><E35/><V19/><F91/><W126/><G126/><T80/><D67/><U88/><E114/><V130/><F130/><W43/><G43/><T89/><D128/><U16/><E57/><N who="3" m="22122" /><G113/><T22/><D22/><U79/><E11/><N who="2" m="4207" /><F65/><W60/><G112/><T134/><D134/><U117/><E8/><AGARI ba="0,0" hai="8,15,19,41,44,51,61,62,78,81,85" m="4207" machi="8" ten="30,3900,0" yaku="25,1,8,1,52,1" doraHai="73" who="2" fromWho="1" sc="250,0,250,-39,250,39,250,0" /><INIT seed="1,0,0,1,1,23" ten="250,211,289,250" oya="1" hai0="85,13,5,119,52,88,18,55,86,27,30,33,37" hai1="31,125,61,42,46,39,8,126,6,16,43,76,83" hai2="22,93,66,92,64,73,63,69,71,95,72,56,133" hai3="100,134,115,19,45,131,21,68,117,4,127,58,129"/><U94/><E43/><V91/><F133/><W75/><G58/><T36/><D119/><U15/><E61/><V135/><F135/><W24/><G100/><T123/><D5/><U74/><E94/><V130/><F130/><W25/><G75/><T102/><D102/><U50/><E50/><V26/><F91/><W107/><G68/><T77/><D123/><U54/><E54/><V81/><F81/><W32/><G107/><T80/><D37/><U78/><E78/><V112/><F112/><W2/><G45/><T17/><D36/><U3/><E31/><V101/><F101/><W0/><G134/><T67/><D67/><U106/><E106/><V51/><F51/><W110/><G117/><T113/><D113/><U116/><E116/><V132/><F132/><W98/><G98/><T41/><D41/><U20/><AGARI ba="0,0" hai="3,6,8,15,16,20,39,42,46,74,76,83,125,126" machi="20" ten="30,11700,0" yaku="0,1,25,2,54,1" doraHai="23" who="1" fromWho="1" sc="250,-39,211,117,289,-39,250,-39" /><INIT seed="1,1,0,5,2,91" ten="211,328,250,211" oya="1" hai0="9,41,34,98,92,56,63,125,122,29,2,75,86" hai1="107,78,80,33,83,84,116,55,57,123,38,101,20" hai2="16,65,30,119,95,45,100,99,36,70,11,18,1" hai3="21,47,32,54,35,8,132,120,129,46,112,43,109"/><U105/><E33/><V79/><F119/><W17/><G120/><T73/><D122/><U127/><E123/><V53/><F30/><W126/><G112/><T40/><D75/><U14/><E38/><V102/><F102/><W69/><G69/><T110/><D73/><U48/><E116/><V77/><F77/><W90/><G132/><T94/><D125/><U13/><E127/><V60/><F79/><W131/><G126/><T26/><D110/><U23/><E83/><V6/><REACH who="2" step="1"/><F53/><REACH who="2" ten="211,328,240,211" step="2"/><W72/><G129/><T22/><D34/><U87/><E101/><V130/><F130/><W42/><G131/><T24/><D41/><AGARI ba="1,1" hai="1,6,11,16,18,36,41,45,60,65,70,95,99,100" machi="41" ten="40,5200,0" yaku="1,1,52,1,54,1,53,0" doraHai="91" doraHaiUra="121" who="2" fromWho="0" sc="211,-55,328,0,240,65,211,0" /><INIT seed="2,0,0,1,1,31" ten="156,328,305,211" oya="2" hai0="134,120,2,63,90,23,35,76,26,68,53,80,14" hai1="44,56,15,65,38,99,91,46,19,124,117,131,87" hai2="58,73,83,13,133,125,59,78,135,132,12,86,36" hai3="127,115,47,82,32,93,122,62,106,33,34,24,54"/><V126/><F36/><W49/><G122/><T121/><D2/><U69/><E117/><V79/><F73/><W101/><G106/><T102/><D134/><U7/><E69/><V30/><F30/><W74/><G127/><T21/><D102/><U61/><E124/><N who="2" m="47723" /><F86/><W57/><G115/><T27/><D90/><U75/><E75/><V77/><F83/><W123/><G123/><T20/><D53/><U10/><E131/><V6/><F6/><W0/><G0/><T22/><D63/><U18/><E38/><V103/><F103/><W96/><G74/><T50/><D50/><U41/><E99/><V52/><F52/><W105/><G82/><T116/><D68/><U92/><E41/><V45/><F45/><AGARI ba="0,0" hai="7,10,15,18,19,44,45,46,56,61,65,87,91,92" machi="45" ten="40,1300,0" yaku="8,1" doraHai="31" who="1" fromWho="2" sc="156,0,328,13,305,-13,211,0" /><INIT seed="3,0,0,1,0,103" ten="156,341,292,211" oya="3" hai0="42,23,74,60,77,134,120,106,50,5,109,131,9" hai1="85,91,3,67,75,57,59,58,38,94,64,133,125" hai2="24,88,19,65,14,41,16,10,6,46,97,110,4" hai3="107,135,0,122,115,61,92,119,62,15,54,79,111"/><W80/><G119/><T114/><D120/><U108/><E38/><V81/><F110/><W105/><G122/><T53/><D77/><U1/><E108/><V36/><F65/><W49/><G111/><T21/><D74/><U26/><E75/><V118/><F118/><W13/><G0/><T32/><D32/><U44/><E125/><V51/><F36/><W86/><G115/><T22/><D109/><U101/><E133/><V20/><F97/><W84/><G135/><T83/><D83/><U40/><E3/><V73/><F73/><W28/><G28/><T129/><D134/><U11/><E26/><V104/><F104/><W82/><G92/><T63/><D114/><U37/><E101/><V93/><F93/><W56/><G49/><T116/><D42/><U69/><E69/><V78/><F78/><W76/><G62/><T126/><D116/><U27/><E27/><V39/><F39/><W7/><G7/><T17/><D17/><U124/><E124/><V117/><F117/><W30/><G30/><T96/><D126/><U72/><E72/><V71/><F71/><W68/><G68/><T132/><D132/><U8/><E8/><V12/><F24/><W113/><G113/><T70/><D70/><U112/><E112/><V35/><F35/><W25/><G25/><T98/><D60/><U2/><E2/><V102/><F102/><W18/><G13/><N who="0" m="5295" /><D63/><U127/><E127/><V95/><F95/><W33/><G33/><T66/><D66/><U89/><E1/><V43/><F43/><W29/><G29/><T48/><D48/><U100/><E37/><RYUUKYOKU ba="0,0" sc="156,-15,341,-15,292,15,211,15" hai2="4,6,10,12,14,16,19,20,41,46,51,81,88" hai3="15,18,54,56,61,76,79,80,82,84,86,105,107" /><INIT seed="3,1,0,1,4,11" ten="141,326,307,226" oya="3" hai0="109,120,43,54,114,129,104,3,118,47,100,106,40" hai1="76,125,8,2,60,103,105,20,22,133,128,6,57" hai2="116,70,65,101,1,36,7,21,83,45,56,14,81" hai3="48,5,26,50,42,80,58,117,13,78,68,119,32"/><W85/><G68/><T12/><D100/><U134/><E128/><V15/><F116/><W28/><G50/><T33/><D54/><U66/><E76/><V111/><F111/><W107/><G107/><T84/><D84/><U29/><E29/><V27/><F70/><W46/><G58/><T49/><D49/><U63/><E125/><V4/><F101/><W130/><G130/><T94/><D94/><U0/><E0/><V34/><F34/><W53/><G53/><T71/><D47/><U90/><E90/><V92/><F92/><W9/><AGARI ba="1,0" hai="5,9,13,26,28,32,42,46,48,78,80,85,117,119" machi="9" ten="30,11700,0" yaku="0,1,25,2,52,1" doraHai="11" who="3" fromWho="3" sc="141,-40,326,-40,307,-40,226,120" /><INIT seed="3,2,0,5,0,65" ten="101,286,267,346" oya="3" hai0="37,71,90,40,78,41,15,84,45,22,118,46,63" hai1="24,92,85,4,104,27,83,34,31,134,126,49,20" hai2="125,62,9,89,101,103,0,3,128,38,82,106,124" hai3="13,119,1,91,36,76,110,21,43,74,111,98,17"/><W109/><G119/><T107/><D107/><U73/><E104/><V67/><F38/><W60/><G1/><N who="2" m="585" /><F128/><W114/><G114/><T44/><D78/><U5/><E73/><V86/><F106/><W42/><G36/><T108/><D118/><U135/><E126/><N who="2" m="48747" /><F9/><W69/><G76/><T25/><D15/><U95/><E95/><V57/><AGARI ba="2,0" hai="57,62,67,82,86,89,101,103" m="48747,585" machi="57" ten="30,1100,0" yaku="18,1" doraHai="65" who="2" fromWho="2" sc="101,-5,286,-5,267,17,346,-7" /><INIT seed="4,0,0,0,2,28" ten="96,281,284,339" oya="0" hai0="49,46,54,85,9,55,10,105,11,56,5,59,57" hai1="42,93,39,118,40,128,33,100,66,48,52,79,88" hai2="38,8,102,34,15,126,90,106,74,101,134,75,50" hai3="26,25,122,20,51,104,7,62,60,13,0,4,58"/><T68/><D68/><U78/><E118/><V92/><F38/><W110/><G104/><T53/><D105/><U125/><E128/><V61/><F34/><W63/><G110/><T45/><D5/><U123/><E123/><V69/><F75/><W27/><G0/><T36/><D36/><U129/><E129/><V99/><F74/><W86/><G122/><T73/><D73/><U6/><E6/><V112/><F112/><W135/><G135/><T89/><D49/><U95/><E33/><V94/><F106/><W76/><G76/><T109/><D109/><U35/><E35/><V12/><F12/><W37/><G37/><T72/><D72/><U119/><E66/><V1/><F134/><W67/><G86/><T47/><D89/><U127/><E100/><V83/><F1/><W82/><G82/><T87/><AGARI ba="0,0" hai="9,10,11,45,46,47,53,54,55,56,57,59,85,87" machi="87" ten="40,48000,5" yakuman="41" doraHai="28" who="0" fromWho="0" sc="96,480,281,-160,284,-160,339,-160" /><INIT seed="4,1,0,1,1,85" ten="576,121,124,179" oya="0" hai0="129,60,89,43,40,100,5,95,119,87,9,58,101" hai1="69,72,47,24,55,20,32,38,131,17,27,0,28" hai2="14,61,105,22,19,90,75,116,98,109,73,66,33" hai3="128,36,39,1,117,53,76,68,112,74,103,111,88"/><T3/><D119/><U104/><E69/><V78/><F109/><W59/><G117/><T23/><D129/><U15/><E131/><V41/><F116/><W130/><G112/><T92/><D23/><U91/><E72/><V106/><F33/><W31/><G68/><T48/><D48/><U45/><E104/><V114/><F114/><W42/><G1/><T135/><D135/><U37/><E0/><V99/><F41/><W124/><G111/><T7/><D7/><U110/><E110/><V118/><F118/><W51/><G124/><T77/><D77/><U46/><E55/><V121/><F121/><W63/><G130/><T93/><D100/><U120/><E120/><V30/><F30/><W8/><G128/><T65/><REACH who="0" step="1"/><D101/><REACH who="0" ten="566,121,124,179" step="2"/><U21/><E21/><V12/><F78/><W44/><G103/><T49/><D49/><U6/><E6/><V62/><F22/><W13/><G39/><T84/><D84/><U79/><E79/><V134/><F134/><W125/><G125/><T50/><D50/><U115/><E115/><V34/><F34/><W81/><G36/><T123/><D123/><U108/><E108/><V67/><REACH who="2" step="1"/><F19/><REACH who="2" ten="566,121,114,179" step="2"/><W2/><G31/><T80/><AGARI ba="1,2" hai="3,5,9,40,43,58,60,65,80,87,89,92,93,95" machi="80" ten="30,6000,0" yaku="1,1,0,1,52,1,53,0" doraHai="85" doraHaiUra="97" who="0" fromWho="0" sc="566,83,121,-21,114,-21,179,-21" /><INIT seed="4,2,0,5,3,65" ten="649,100,93,158" oya="0" hai0="107,129,119,58,7,26,102,81,27,43,101,103,113" hai1="51,64,126,25,18,69,44,22,71,127,108,78,94" hai2="11,92,49,31,96,5,59,93,36,112,37,24,90" hai3="53,118,99,95,20,48,17,12,89,13,77,131,120"/><T97/><D119/><U52/><E108/><V114/><F93/><W40/><G131/><T85/><D129/><U125/><E78/><V104/><F104/><W46/><G120/><T105/><D7/><U54/><E64/><V3/><F59/><W9/><G118/><T1/><D1/><U10/><E10/><V109/><F49/><W4/><G77/><T34/><D34/><U128/><E128/><V39/><REACH who="2" step="1"/><F109/><REACH who="2" ten="649,100,83,158" step="2"/><W6/><G40/><T0/><D43/><U35/><E35/><AGARI ba="2,1" hai="3,5,11,24,31,35,36,37,39,90,92,96,112,114" machi="35" ten="40,5200,0" yaku="1,1,2,1,53,1" doraHai="65" doraHaiUra="29" who="2" fromWho="1" sc="649,0,100,-58,83,68,158,0" /><INIT seed="5,0,0,1,2,102" ten="649,42,151,158" oya="1" hai0="53,13,86,37,132,33,95,61,100,9,103,117,105" hai1="52,74,135,97,78,41,27,68,1,35,83,39,10" hai2="131,72,106,69,84,134,65,75,101,115,51,18,98" hai3="22,25,70,49,128,60,113,40,116,130,81,31,94"/><U92/><E68/><V43/><F134/><W67/><G113/><T127/><D37/><U23/><E135/><V71/><F131/><W80/><G116/><T8/><D33/><U36/><E35/><V28/><F115/><W0/><G0/><T48/><D117/><U6/><E39/><V99/><F84/><W121/><G121/><T73/><D73/><U104/><E104/><V118/><F118/><W126/><G126/><T57/><D127/><U107/><E107/><V120/><F120/><W17/><G17/><T16/><D105/><U45/><E23/><V111/><F111/><W19/><G19/><T129/><D129/><N who="3" m="49769" /><G94/><T38/><D38/><U133/><E133/><V87/><F18/><W125/><G125/><T32/><D32/><U7/><E7/><V58/><F28/><W112/><G112/><T29/><D29/><U62/><E27/><V96/><F106/><W64/><G64/><T20/><D132/><U66/><E66/><V93/><F65/><W5/><G5/><T55/><D100/><U21/><E21/><V77/><F71/><W119/><G119/><T89/><D103/><U123/><E123/><V82/><F69/><W59/><G70/><T110/><D110/><U54/><E62/><V30/><F30/><W124/><G124/><T11/><D11/><U47/><E45/><AGARI ba="0,0" hai="22,25,31,40,45,49,59,60,67,80,81" m="49769" machi="45" ten="30,1000,0" yaku="19,1" doraHai="102" who="3" fromWho="1" sc="649,0,42,-10,151,0,158,10" /><AGARI ba="0,0" hai="8,9,13,16,20,45,48,53,55,57,61,86,89,95" machi="45" ten="30,3900,0" yaku="7,1,8,1,54,1" doraHai="102" who="0" fromWho="1" sc="649,39,32,-39,151,0,168,0" owari="688,79.0,-7,-51.0,151,-25.0,168,-3.0" /></mjloggm>