<mjloggm ver="2.3"><GO type="41"/><UN n0="%E3%82%A6%E3%83%AB%E3%83%88%E3%83%A9%E7%AB%8B%E7%9B%B4" n1="%64%61%6E" n2="%50%69%6E" n3="%E9%8C%A6%E8%9B%87" dan="15,15,15,14" rate="2002,2035,1994,1920" sx="M,M,M,M"/><TAIKYOKU oya="0"/><INIT seed="0,0,0,5,2,14" ten="250,250,250,250" oya="0" hai0="107,26,93,90,47,84,87,52,12,23,130,75,128" hai1="88,73,108,134,103,62,127,28,40,37,64,100,69" hai2="70,81,76,132,129,123,113,102,1,15,9,51,80" hai3="4,117,29,2,48,33,41,19,24,83,53,116,43"/><T55/><D75/><U32/><E127/><V94/><F1/><W56/><G83/><N who="2" m="31817" /><F76/><W122/><G122/><T77/><D107/><U20/><E134/><V7/><F70/><W59/><G117/><T104/><D104/><U25/><E108/><V38/><F38/><W74/><G74/><T86/><D77/><U61/><E61/><V34/><F34/><W31/><G31/><T109/><D12/><U27/><E73/><V118/><F132/><W3/><G116/><T5/><D5/><U133/><E133/><V115/><F118/><W18/><G2/><T114/><D114/><U101/><E40/><V95/><F129/><N who="0" m="49770" /><D109/><U124/><E37/><V39/><F39/><W92/><G92/><T111/><D111/><U35/><E124/><V49/><F123/><W82/><G82/><T54/><D47/><U99/><E88/><V42/><F115/><W135/><G135/><T36/><D36/><U72/><E72/><V110/><F113/><W17/><REACH who="3" step="1"/><G59/><REACH who="3" ten="250,250,250,240" step="2"/><T16/><AGARI ba="0,1" hai="16,23,26,52,54,55,84,86,87,90,93" m="49770" machi="16" ten="30,11700,0" yaku="19,1,52,1,54,2" doraHai="14" who="0" fromWho="0" sc="250,127,250,-39,250,-39,240,-39" /><INIT seed="0,1,0,0,3,92" ten="377,211,211,201" oya="0" hai0="24,111,13,127,38,81,69,61,100,134,9,74,77" hai1="99,64,46,33,65,96,108,80,36,135,117,90,45" hai2="37,62,59,97,19,58,79,31,71,8,76,53,83" hai3="82,126,129,60,116,85,73,89,15,121,119,123,43"/><T107/><D38/><U72/><E117/><N who="3" m="45130" /><G60/><T20/><D127/><U6/><E33/><V57/><F37/><W132/><G43/><T1/><D1/><U109/><E6/><V12/><F71/><W11/><G11/><T25/><D25/><U112/><E112/><V101/><F31/><W130/><G15/><T91/><D69/><U70/><E135/><V5/><F5/><W49/><G49/><T30/><D61/><N who="1" m="40207" /><E65/><V110/><F110/><N who="1" m="42601" /><E36/><V120/><F120/><N who="3" m="46155" /><G132/><T63/><D63/><U104/><E104/><V131/><F131/><N who="3" m="50187" /><G126/><T28/><D134/><U122/><E122/><V133/><F133/><W87/><G87/><T22/><D111/><U47/><E72/><AGARI ba="1,0" hai="72,73,82,85,89" m="50187,46155,45130" machi="72" ten="40,8000,1" yaku="13,1,19,1,34,2" doraHai="92" who="3" fromWho="1" sc="377,0,211,-83,211,0,201,83" /><INIT seed="1,0,0,1,5,78" ten="377,128,211,284" oya="1" hai0="51,16,36,48,134,47,45,85,17,90,76,106,52" hai1="61,18,56,41,119,26,130,1,113,99,93,25,110" hai2="10,8,65,97,121,129,69,133,2,127,117,111,32" hai3="125,13,132,80,3,98,55,33,71,87,72,108,40"/><U83/><E1/><V64/><F10/><W43/><G71/><T81/><D106/><U74/><E119/><V0/><F8/><W105/><G33/><T4/><D134/><U120/><E120/><V53/><F64/><W112/><G3/><T68/><D68/><U15/><E113/><V23/><F65/><W66/><G112/><T6/><D36/><U37/><E130/><V5/><F53/><W34/><G34/><T39/><D39/><U116/><E116/><V21/><F23/><W46/><G108/><T95/><D4/><U114/><E114/><V115/><F21/><W50/><G72/><T109/><D6/><U122/><E122/><V82/><F5/><W14/><G125/><T102/><D102/><U42/><E110/><V30/><F30/><W96/><G66/><T22/><D22/><U28/><E37/><V19/><F19/><W94/><G105/><T9/><D9/><U126/><E126/><V100/><F100/><N who="3" m="60439" /><G98/><N who="0" m="57719" /><D109/><U49/><E49/><V104/><F97/><W79/><G132/><T73/><D73/><U27/><E28/><V63/><F63/><W29/><G29/><T118/><D118/><U31/><E31/><V11/><F11/><W91/><G79/><T123/><D123/><U103/><E74/><V24/><F24/><W67/><G67/><T59/><D59/><U88/><E15/><AGARI ba="0,0" hai="13,14,15,40,43,46,50,55,80,87,91" m="60439" machi="15" ten="30,2000,0" yaku="8,1,52,1" doraHai="78" who="3" fromWho="1" sc="377,0,128,-20,211,0,284,20" /><INIT seed="2,0,0,3,4,34" ten="377,108,211,304" oya="2" hai0="36,79,70,117,92,30,119,116,107,62,111,104,44" hai1="28,66,18,128,46,68,12,14,124,53,47,3,133" hai2="67,5,88,7,86,23,135,48,93,41,16,134,75" hai3="15,57,1,72,109,84,26,130,38,129,51,35,85"/><V91/><F75/><W31/><G38/><T4/><D30/><U77/><E28/><V64/><F41/><W11/><G72/><T108/><D79/><U131/><E77/><V83/><F48/><W55/><G109/><N who="0" m="42059" /><D4/><U69/><E18/><V73/><F73/><W105/><G105/><N who="0" m="40523" /><D92/><U76/><E76/><V126/><F126/><W50/><G51/><T78/><D78/><U112/><E112/><V56/><F5/><W127/><G127/><T37/><D44/><U25/><E124/><V102/><F102/><W125/><G125/><T100/><D100/><U121/><E25/><V33/><F7/><W13/><G13/><T71/><D62/><U96/><E96/><V63/><F64/><W122/><G122/><T19/><D19/><U22/><E22/><V82/><F33/><W87/><G1/><T2/><D2/><U115/><E115/><V0/><F0/><W45/><REACH who="3" step="1"/><G45/><REACH who="3" ten="377,108,211,294" step="2"/><T95/><D95/><U113/><E113/><V24/><REACH who="2" step="1"/><F83/><REACH who="2" ten="377,108,201,294" step="2"/><W61/><G61/><T101/><D101/><U52/><E3/><V17/><F17/><AGARI ba="0,2" hai="11,15,17,26,31,35,50,55,57,84,85,87,129,130" machi="17" ten="40,1300,0" yaku="1,1,53,0" doraHai="34" doraHaiUra="90" who="3" fromWho="2" sc="377,0,108,0,201,-13,294,33" /><INIT seed="3,0,0,4,2,73" ten="377,108,188,327" oya="3" hai0="100,41,32,61,3,56,49,66,25,81,84,112,118" hai1="87,83,130,91,16,132,48,13,128,131,44,67,12" hai2="21,90,123,10,115,6,69,20,53,27,39,105,103" hai3="29,5,19,59,0,38,114,72,99,79,121,1,22"/><W88/><G121/><T60/><D3/><U85/><E132/><V97/><F39/><W17/><G38/><T15/><D118/><U125/><E125/><V80/><F123/><W51/><G114/><T4/><D112/><U111/><E111/><V37/><F115/><W35/><G5/><T96/><D60/><U110/><E110/><V42/><F69/><W55/><G35/><T18/><D4/><U45/><E67/><V9/><F42/><W129/><G129/><T108/><D108/><U62/><E62/><V11/><F37/><W30/><G0/><T86/><D86/><U119/><E12/><V122/><F122/><W107/><G1/><T134/><D134/><U58/><E119/><V92/><F6/><W120/><G120/><T77/><D25/><U113/><E113/><V89/><F105/><W28/><G107/><T36/><D36/><U75/><E75/><V135/><F135/><W14/><G19/><T124/><D32/><U101/><E101/><V43/><F43/><W106/><G106/><T117/><D117/><U133/><E133/><V127/><F127/><W50/><G72/><T71/><D124/><U26/><E26/><V24/><F53/><W8/><G79/><T94/><D71/><U109/><E109/><V82/><F103/><W104/><G104/><T93/><D93/><U40/><E58/><V95/><F9/><W126/><G126/><T47/><D18/><U34/><E34/><V57/><F57/><W98/><G50/><T74/><D74/><U68/><E131/><V102/><F102/><W76/><G8/><T64/><D64/><RYUUKYOKU ba="0,0" sc="377,15,108,-15,188,15,327,-15" hai0="15,41,47,49,56,61,66,77,81,84,94,96,100" hai2="10,11,20,21,24,27,80,82,89,90,92,95,97" /><INIT seed="4,1,0,2,1,124" ten="392,93,203,312" oya="0" hai0="105,72,52,81,49,99,65,29,85,1,106,129,58" hai1="57,134,120,55,89,25,32,13,90,88,114,77,63" hai2="98,4,31,123,132,44,12,107,50,100,64,109,48" hai3="56,39,15,71,94,131,86,82,17,59,51,110,45"/><T67/><D1/><U20/><E120/><V125/><F123/><W119/><G119/><T92/><D72/><U16/><E134/><V118/><F125/><W41/><G71/><T3/><D3/><U97/><E77/><V24/><F118/><W104/><G104/><T93/><D105/><U70/><E70/><V5/><F132/><W23/><G110/><T78/><D106/><U102/><E114/><V47/><F109/><W91/><G131/><T33/><D129/><U128/><E128/><V34/><F64/><W116/><G39/><T127/><D127/><U126/><E126/><V7/><F47/><W36/><G36/><T19/><D93/><U111/><E111/><V69/><F69/><W28/><G28/><T43/><D43/><U10/><E32/><V68/><F68/><W74/><G116/><T54/><D29/><U122/><E122/><V130/><F130/><W61/><G61/><T2/><D2/><U11/><REACH who="1" step="1"/><E25/><REACH who="1" ten="392,83,203,312" step="2"/><V112/><F112/><W96/><G74/><T113/><D33/><U133/><E133/><V121/><F121/><W101/><AGARI ba="1,1" hai="15,17,23,41,45,51,56,59,82,86,91,94,96,101" machi="101" ten="20,2700,0" yaku="0,1,7,1,8,1" doraHai="124" who="3" fromWho="3" sc="392,-14,83,-8,203,-8,312,40" /><INIT seed="5,0,0,4,1,80" ten="378,75,195,352" oya="1" hai0="101,131,69,40,3,16,20,52,35,19,104,47,117" hai1="43,128,116,65,81,105,130,120,56,39,29,31,18" hai2="68,77,98,72,82,0,95,4,64,61,118,113,94" hai3="60,34,13,114,66,123,9,121,108,63,10,8,51"/><U17/><E105/><V57/><F118/><W76/><G34/><T100/><D35/><U134/><E116/><V102/><F113/><W91/><G108/><T129/><D69/><U33/><E120/><V30/><F4/><W85/><G114/><T38/><D3/><U48/><E39/><V109/><F0/><W41/><G76/><T119/><D119/><U67/><E134/><V53/><F109/><W83/><G123/><T135/><D117/><U103/><E103/><V92/><F30/><N who="1" m="11273" /><E33/><V2/><REACH who="2" step="1"/><F2/><REACH who="2" ten="378,75,185,352" step="2"/><W44/><G121/><T28/><D28/><U111/><E111/><V46/><F46/><W106/><G106/><T1/><D1/><U127/><E127/><V74/><F74/><W86/><G66/><N who="1" m="25098" /><E130/><V36/><F36/><W22/><G13/><T62/><D104/><U126/><E126/><V58/><F58/><W50/><G50/><AGARI ba="0,1" hai="50,53,57,61,64,68,72,77,82,92,94,95,98,102" machi="50" ten="30,3900,0" yaku="1,1,7,1,53,1" doraHai="80" doraHaiUra="59" who="2" fromWho="3" sc="378,0,75,0,185,49,352,-39" /><INIT seed="6,0,0,0,2,96" ten="378,75,234,313" oya="2" hai0="31,69,54,114,56,129,135,82,35,133,88,67,45" hai1="102,7,110,22,111,42,59,101,37,125,122,19,13" hai2="9,21,90,79,20,70,17,103,123,107,73,27,18" hai3="33,113,72,74,119,127,0,93,117,128,108,43,89"/><V66/><F123/><W10/><G33/><T126/><D31/><U50/><E122/><V29/><F73/><N who="3" m="28267" /><G43/><T41/><D35/><U98/><E37/><V99/><F79/><W71/><G71/><T48/><D126/><U134/><E125/><V28/><F70/><W63/><G63/><N who="0" m="40191" /><D82/><U65/><E134/><N who="0" m="51209" /><D88/><U47/><E7/><V51/><F66/><W55/><G55/><T116/><D116/><N who="3" m="44617" /><G10/><T60/><D129/><U24/><E98/><V44/><F90/><W100/><G0/><T23/><D23/><U84/><E84/><V53/><REACH who="2" step="1"/><F9/><REACH who="2" ten="378,75,224,313" step="2"/><W4/><G128/><T77/><D77/><U94/><E111/><V91/><F91/><W25/><G127/><T97/><D97/><U62/><E110/><V124/><F124/><W104/><G108/><T64/><D114/><U6/><E94/><V2/><F2/><W109/><G109/><T36/><D64/><U118/><E118/><V105/><F105/><W76/><G76/><T57/><D57/><U92/><E92/><V3/><F3/><W15/><G113/><T61/><AGARI ba="0,1" hai="36,41,45,48,54,56,60,61" m="51209,40191" machi="61" ten="30,7900,0" yaku="24,1,20,1,34,2" doraHai="96" who="0" fromWho="0" sc="378,89,75,-20,224,-39,313,-20" /><INIT seed="7,0,0,4,4,8" ten="467,55,185,293" oya="3" hai0="39,112,49,19,132,63,22,29,116,12,97,72,126" hai1="9,60,15,108,14,47,78,76,127,64,3,52,45" hai2="133,79,117,53,80,42,61,99,75,57,67,113,128" hai3="81,41,68,89,123,43,33,0,4,58,38,91,48"/><W114/><G33/><T134/><D39/><U90/><E108/><V50/><F117/><W70/><G123/><T120/><D72/><U18/><E127/><V135/><F42/><W73/><G114/><T65/><D116/><U100/><E3/><V27/><F113/><W66/><G43/><T125/><D120/><U21/><E100/><V87/><F75/><W20/><G20/><T94/><D49/><U55/><E78/><V74/><F74/><W69/><G48/><T121/><D29/><U71/><E76/><V2/><F2/><W37/><G58/><N who="0" m="37111" /><D121/><U56/><E55/><V54/><F27/><W10/><G91/><N who="0" m="55519" /><D112/><U102/><E102/><V122/><F99/><W11/><G11/><T30/><D30/><U115/><E115/><V118/><F118/><W7/><G7/><T36/><D36/><U32/><E32/><V88/><F79/><N who="3" m="44271" /><G89/><T106/><D106/><U28/><E28/><V131/><F122/><W109/><G109/><T26/><D26/><U104/><E104/><V85/><F85/><W62/><G37/><T110/><D110/><U34/><E34/><V84/><F84/><W51/><G51/><T95/><D126/><U103/><E103/><V111/><F111/><W35/><G35/><T23/><D125/><U40/><E40/><V93/><F80/><W77/><G77/><T105/><D105/><U107/><E107/><V17/><F17/><W46/><AGARI ba="0,0" hai="0,4,10,38,41,46,62,66,68,69,70" m="44271" machi="46" ten="30,6000,0" yaku="25,1,33,2" doraHai="8" who="3" fromWho="3" sc="467,-20,55,-20,185,-20,293,60" /><INIT seed="7,1,0,1,4,126" ten="447,35,165,353" oya="3" hai0="77,13,1,88,81,124,20,37,79,80,84,101,70" hai1="69,120,29,14,52,22,66,68,95,11,123,129,24" hai2="50,118,51,134,82,6,117,100,30,67,55,61,25" hai3="19,43,94,73,57,131,39,7,3,107,2,75,28"/><W12/><G107/><T112/><D1/><U87/><E123/><V76/><F134/><W78/><G131/><T9/><D70/><U111/><E120/><V72/><F100/><W91/><G28/><T15/><D37/><U38/><E111/><V116/><F6/><W65/><G2/><T54/><D124/><U64/><E38/><V92/><F92/><W114/><G114/><T53/><D101/><U5/><E69/><V99/><F99/><W48/><G39/><T106/><D106/><U97/><E68/><V93/><F93/><W56/><G3/><T0/><D0/><U105/><E105/><V74/><F74/><W85/><G7/><N who="0" m="3263" /><D112/><U62/><E129/><V102/><F102/><W108/><G108/><T122/><D122/><U33/><E87/><V23/><F67/><W83/><G73/><T32/><D32/><U21/><E21/><V58/><AGARI ba="1,0" hai="23,25,30,50,51,55,58,61,72,76,82,116,117,118" machi="58" ten="40,1500,0" yaku="0,1" doraHai="126" who="2" fromWho="2" sc="447,-5,35,-5,165,18,353,-8" owari="442,54.0,30,-47.0,183,-22.0,345,15.0" /></mjloggm>