<mjloggm ver="2.3"><GO type="169" lobby="0"/><UN n0="%E3%83%95%E3%83%A9%E3%82%A4%E3%83%80" n1="%EF%BC%88%E2%89%A7%E2%96%BD%E2%89%A6%EF%BC%89" n2="%E6%AF%94%E5%98%89%E7%A7%80%E4%BB%81" n3="%E3%83%87%E3%82%B8%E3%82%BF%E3%83%AB%E4%BB%99%E4%BA%BA" dan="16,19,18,19" rate="2080.83,2232.22,2221.19,2242.57" sx="M,M,M,F"/><TAIKYOKU oya="0"/><INIT seed="0,0,0,4,1,91" ten="250,250,250,250" oya="0" hai0="110,109,16,120,31,12,79,28,22,48,50,85,134" hai1="114,15,72,26,42,77,40,84,17,51,66,83,115" hai2="35,46,81,96,45,102,100,49,119,9,60,95,2" hai3="117,3,133,108,63,129,5,87,125,73,130,75,92"/><T39/><D39/><U0/><E0/><V13/><F35/><W126/><G117/><T103/><D120/><U104/><E104/><V61/><F2/><W65/><G108/><N who="0" m="41579" /><D103/><U37/><E37/><V56/><F119/><W8/><G87/><T58/><D134/><U62/><E26/><V20/><F20/><W10/><G133/><T68/><D68/><N who="1" m="42071" /><E51/><N who="0" m="19497" /><D58/><U25/><E72/><V55/><F102/><W52/><G75/><T30/><D79/><U29/><E29/><V59/><F81/><W67/><G73/><T89/><D30/><U19/><E25/><V71/><F71/><W122/><G122/><T11/><D11/><N who="1" m="6399" /><E19/><N who="2" m="8623" /><F49/><W43/><G10/><T14/><D14/><U36/><E36/><V57/><F57/><W111/><G111/><T24/><D24/><U23/><E23/><V64/><AGARI ba="0,0" hai="45,46,55,56,59,60,61,64,95,96,100" m="8623" machi="64" ten="30,2000,0" yaku="8,1,52,1" doraHai="91" who="2" fromWho="2" sc="250,-10,250,-5,250,20,250,-5" /><INIT seed="1,0,0,5,5,57" ten="240,245,270,245" oya="1" hai0="11,130,112,12,70,129,113,81,131,91,82,104,14" hai1="10,58,80,29,86,128,8,48,121,64,135,41,19" hai2="98,18,75,16,114,1,56,55,89,88,51,37,124" hai3="118,4,79,71,36,99,35,125,0,87,54,110,33"/><U21/><E121/><V77/><F37/><W45/><G110/><T61/><D104/><U72/><E72/><V73/><F1/><W39/><G71/><T30/><D30/><U92/><E135/><V90/><F124/><W26/><G125/><T111/><D111/><U102/><E128/><V63/><F114/><N who="0" m="44138" /><D91/><U52/><E29/><V132/><F132/><W50/><G118/><T109/><D109/><U49/><E64/><V115/><F115/><W31/><G35/><T66/><D12/><N who="1" m="9447" /><E41/><V27/><F98/><W78/><G99/><T22/><D22/><U53/><E92/><V17/><F77/><W69/><G79/><T43/><D43/><U3/><E3/><V83/><F83/><W96/><G96/><T119/><D119/><U24/><E24/><V107/><F107/><W85/><G78/><T123/><D123/><U5/><E102/><V120/><F120/><W32/><G32/><T6/><AGARI ba="0,0" hai="6,11,14,61,66,70,81,82,129,130,131" m="44138" machi="6" ten="40,2700,0" yaku="19,1,52,1" doraHai="57" who="0" fromWho="0" sc="240,27,245,-13,270,-7,245,-7" /><INIT seed="2,0,0,4,5,47" ten="267,232,263,238" oya="2" hai0="69,32,104,98,120,106,19,70,80,14,20,15,125" hai1="111,10,95,128,60,57,74,65,36,108,87,66,53" hai2="122,31,58,18,92,100,102,4,16,6,84,107,41" hai3="27,72,105,88,38,34,71,45,59,126,25,115,118"/><V43/><F107/><W81/><G71/><T35/><D80/><U116/><E116/><V82/><F31/><W5/><G118/><T75/><D125/><U121/><E74/><V123/><F58/><W79/><G126/><T26/><D75/><U8/><E36/><V62/><F62/><W99/><G115/><T68/><D120/><U76/><E128/><V132/><F132/><W24/><G5/><N who="2" m="2153" /><F123/><W9/><G9/><N who="1" m="3690" /><E121/><V37/><F37/><W96/><G59/><T23/><D23/><U129/><E129/><V103/><F92/><W7/><G7/><T11/><D15/><U73/><E73/><V67/><F67/><W113/><G113/><T78/><D106/><U86/><E95/><V135/><F135/><W119/><G119/><T22/><D35/><U55/><E66/><V64/><F64/><W85/><G105/><T52/><D32/><U54/><E76/><N who="2" m="46151" /><F122/><W131/><G34/><T94/><D69/><U40/><E65/><V63/><F63/><W112/><G112/><T42/><D70/><U50/><E60/><V44/><F44/><W29/><G29/><T114/><D114/><U61/><E61/><V51/><F51/><W91/><G131/><T101/><D68/><U97/><E57/><V0/><F0/><W12/><G72/><T46/><D104/><U110/><E97/><N who="3" m="37450" /><G38/><T134/><D134/><U17/><E17/><AGARI ba="0,0" hai="16,17,18,41,43,100,102,103" m="46151,2153" machi="17" ten="30,2900,0" yaku="8,1,54,1" doraHai="47" who="2" fromWho="1" sc="267,0,232,-29,263,29,238,0" /><INIT seed="2,1,0,0,0,40" ten="267,203,292,238" oya="2" hai0="89,114,102,72,63,39,120,133,84,85,101,49,28" hai1="45,44,111,19,56,69,16,24,3,25,112,0,122" hai2="54,58,36,26,67,31,35,8,97,43,15,29,2" hai3="50,7,18,105,1,118,14,116,73,13,80,98,119"/><V66/><F2/><W130/><G130/><T77/><D39/><U48/><E69/><V115/><F115/><W81/><G73/><T106/><D63/><U82/><E112/><V23/><F31/><W68/><G68/><T100/><D28/><U75/><E122/><V42/><F35/><W70/><G70/><T123/><D114/><U94/><E111/><V59/><F59/><W20/><G1/><T91/><D49/><U52/><E75/><V6/><F97/><W33/><G33/><T60/><D60/><N who="1" m="35847" /><E3/><V95/><F95/><W107/><G98/><T129/><D129/><U124/><E124/><V126/><F126/><W76/><G81/><N who="0" m="45223" /><D106/><U55/><E82/><V53/><F53/><W90/><G76/><T127/><D127/><U65/><E65/><N who="2" m="24587" /><F36/><W88/><G80/><T47/><D123/><U134/><E0/><V62/><AGARI ba="1,0" hai="6,8,15,23,26,29,42,43,54,58,62" m="24587" machi="62" ten="30,1500,0" yaku="8,1" doraHai="40" who="2" fromWho="2" sc="267,-6,203,-6,292,18,238,-6" /><INIT seed="2,2,0,2,2,75" ten="261,197,310,232" oya="2" hai0="19,108,43,47,69,3,117,16,29,109,26,113,52" hai1="40,4,31,11,62,134,102,125,24,8,135,129,91" hai2="56,34,123,22,10,101,74,133,48,131,93,103,54" hai3="111,23,64,80,114,119,99,36,78,65,110,104,14"/><V20/><F123/><W67/><G119/><T33/><D69/><U2/><E102/><V120/><F34/><W112/><G36/><T81/><D3/><U59/><E125/><V37/><F74/><W55/><G55/><T94/><D113/><N who="3" m="43625" /><G99/><T63/><D94/><U96/><E129/><V88/><F37/><W95/><G95/><T9/><D81/><U71/><E71/><V15/><F120/><W1/><G1/><T21/><D9/><U92/><E40/><V7/><F133/><W82/><G104/><T53/><D19/><U128/><E8/><V5/><F5/><W87/><G82/><T130/><D130/><U70/><E70/><V39/><F39/><W97/><G97/><T126/><D117/><U38/><E38/><V116/><F116/><W107/><G107/><T30/><D53/><U17/><E128/><V98/><F131/><W68/><G68/><T60/><D52/><N who="1" m="34151" /><E31/><V121/><F121/><W83/><G83/><T132/><D29/><U49/><E49/><V100/><AGARI ba="2,0" hai="7,10,15,20,22,48,54,56,88,93,98,100,101,103" machi="100" ten="30,6000,0" yaku="0,1,8,1,54,1" doraHai="75" who="2" fromWho="2" sc="261,-22,197,-22,310,66,232,-22" /><INIT seed="2,3,0,2,2,111" ten="239,175,376,210" oya="2" hai0="63,73,74,82,131,75,58,121,105,26,12,118,125" hai1="124,36,97,42,83,100,101,107,2,122,114,8,27" hai2="87,78,103,7,60,4,85,22,46,66,110,130,79" hai3="135,71,92,40,108,18,68,77,106,88,45,133,93"/><V31/><F110/><W96/><G106/><T38/><D121/><U49/><E122/><V56/><F130/><W16/><G77/><T51/><D38/><U62/><E36/><V64/><F46/><W5/><G5/><T43/><D105/><U28/><E124/><V61/><F103/><W14/><G93/><T10/><D125/><U132/><E132/><N who="3" m="50762" /><G108/><T3/><D26/><U69/><E100/><V128/><F128/><W81/><G81/><T54/><D131/><U59/><E42/><V1/><F1/><W48/><G18/><T91/><D118/><U94/><E83/><V113/><F113/><W52/><G40/><T57/><D43/><U25/><E94/><V20/><F56/><W53/><G53/><T6/><D3/><U15/><E2/><V102/><F102/><W126/><G126/><T0/><D0/><U19/><E114/><V129/><F129/><W116/><G116/><T17/><D82/><U134/><E134/><V55/><F55/><W24/><G24/><T41/><D41/><U39/><E39/><V112/><F112/><W33/><G33/><T70/><D58/><U127/><E127/><V76/><F79/><W115/><G115/><T47/><D47/><U32/><E27/><V98/><F98/><W89/><G89/><T86/><D6/><U117/><E117/><V65/><F65/><W95/><G95/><N who="0" m="54775" /><D57/><U29/><E59/><V84/><F84/><W50/><G50/><T80/><D80/><U90/><E49/><V23/><F87/><W44/><G44/><N who="0" m="28007" /><D74/><U34/><E90/><V11/><F78/><W13/><G13/><RYUUKYOKU ba="3,0" sc="239,15,175,-15,376,-15,210,15" hai0="10,12,17,63,70,73,75" hai3="14,16,45,48,52,68,71,88,92,96" /><INIT seed="3,4,0,5,1,85" ten="254,160,361,225" oya="3" hai0="10,133,104,95,35,108,74,77,29,34,67,92,88" hai1="15,19,71,51,42,14,134,57,131,110,122,106,32" hai2="25,112,48,55,33,22,69,59,76,27,126,98,24" hai3="124,113,129,8,100,28,91,102,63,90,58,84,39"/><W46/><G113/><T121/><D104/><U107/><E122/><V132/><F112/><W0/><G28/><T118/><D121/><U16/><E71/><V89/><F69/><W31/><G31/><T135/><D118/><U61/><E32/><V65/><F33/><W3/><G129/><T37/><D37/><U7/><E131/><V123/><F123/><W70/><G70/><T50/><D10/><N who="1" m="4447" /><E107/><V83/><F132/><W66/><G124/><T9/><D9/><N who="1" m="6255" /><E106/><V5/><F126/><W87/><G8/><T43/><D74/><U26/><E110/><V101/><F65/><W18/><G18/><T117/><D67/><U115/><E134/><V82/><F5/><W96/><G3/><T30/><D35/><U13/><E26/><V127/><F127/><W2/><G2/><T36/><D36/><U116/><E116/><V111/><F111/><W44/><G39/><T128/><D128/><U21/><E115/><V93/><F101/><N who="3" m="39019" /><G0/><T79/><D34/><U75/><E75/><V72/><REACH who="2" step="1"/><F82/><REACH who="2" ten="254,160,351,225" step="2"/><W54/><G66/><T130/><D130/><U47/><E61/><V105/><F105/><W60/><G63/><T120/><D120/><U49/><E49/><V1/><F1/><W12/><G60/><T78/><D108/><U4/><E4/><V53/><F53/><W52/><G52/><T23/><D133/><U125/><E125/><V20/><AGARI ba="4,1" hai="20,22,24,25,27,48,55,59,72,76,83,89,93,98" machi="20" ten="30,4000,0" yaku="1,1,0,1,52,1,53,0" doraHai="85" doraHaiUra="81" who="2" fromWho="2" sc="254,-14,160,-14,351,62,225,-24" /><INIT seed="4,0,0,1,3,96" ten="240,146,413,201" oya="0" hai0="49,132,0,44,86,107,134,65,115,50,88,101,51" hai1="60,1,79,46,94,10,20,4,64,3,45,43,118" hai2="16,91,133,90,32,24,72,61,80,71,52,41,113" hai3="37,6,34,99,117,128,39,59,95,110,57,104,116"/><T42/><D0/><U47/><E118/><V120/><F120/><W30/><G104/><T131/><D65/><U31/><E79/><V98/><F113/><W129/><G6/><T83/><D115/><U103/><E1/><V12/><F41/><W97/><G95/><T66/><D66/><U22/><E43/><V14/><F71/><W11/><G11/><T40/><D131/><U125/><E125/><V23/><F32/><W70/><G30/><T85/><D85/><U18/><E31/><V102/><F133/><N who="0" m="51306" /><D44/><U54/><E54/><V26/><F26/><W17/><G17/><T89/><D89/><N who="2" m="33802" /><F80/><W68/><REACH who="3" step="1"/><G34/><REACH who="3" ten="240,146,413,191" step="2"/><T111/><D111/><AGARI ba="0,1" hai="37,39,57,59,68,70,97,99,110,111,116,117,128,129" machi="111" ten="25,6400,0" yaku="1,1,2,1,22,2,53,0" doraHai="96" doraHaiUra="75" who="3" fromWho="0" sc="240,-64,146,0,413,0,191,74" /><INIT seed="5,0,0,0,1,62" ten="176,146,413,265" oya="1" hai0="97,84,86,27,21,87,128,34,28,22,1,38,93" hai1="76,103,101,106,37,0,60,78,5,104,112,89,73" hai2="110,7,41,133,80,11,20,54,55,50,81,94,57" hai3="6,109,102,19,25,33,85,77,59,69,56,46,123"/><U12/><E37/><V134/><F110/><W4/><G69/><T53/><D38/><U117/><E0/><V83/><F41/><W135/><G109/><T92/><D1/><U29/><E117/><V58/><F94/><W45/><G102/><N who="1" m="38922" /><E29/><V2/><REACH who="2" step="1"/><F20/><REACH who="2" ten="176,146,403,265" step="2"/><W72/><G123/><T9/><D93/><U16/><E106/><V114/><F114/><W121/><G121/><T130/><D22/><N who="1" m="11527" /><E104/><V95/><F95/><W129/><G33/><T116/><D34/><U119/><E112/><V64/><F64/><W63/><G129/><T105/><D92/><U67/><E119/><V70/><F70/><W42/><G42/><T118/><D118/><U39/><E39/><V17/><F17/><W98/><G19/><T91/><D116/><U99/><E5/><V131/><F131/><W108/><G4/><T100/><D105/><U124/><E99/><V26/><F26/><W35/><G98/><T31/><D128/><U52/><E67/><V8/><F8/><W24/><G6/><T66/><D66/><U18/><E18/><V120/><F120/><W96/><G96/><T3/><D97/><U74/><E124/><V13/><F13/><W126/><G24/><T10/><D27/><U43/><E43/><V48/><AGARI ba="0,1" hai="2,7,11,48,50,54,55,57,58,80,81,83,133,134" machi="48" ten="30,7900,0" yaku="1,1,0,1,9,1,53,1" doraHai="62" doraHaiUra="32" who="2" fromWho="2" sc="176,-20,146,-39,403,89,265,-20" /><INIT seed="6,0,0,1,3,77" ten="156,107,492,245" oya="2" hai0="7,100,117,55,90,125,23,3,20,105,65,42,56" hai1="104,66,134,48,95,34,96,69,13,89,101,119,120" hai2="87,129,2,81,35,11,36,62,78,121,1,64,99" hai3="28,83,14,84,30,108,86,130,0,97,50,31,17"/><V113/><F121/><W74/><G0/><T32/><D32/><U43/><E119/><V70/><F129/><W88/><G130/><T9/><D117/><U47/><E120/><V8/><F35/><W40/><G108/><T128/><D128/><U52/><E134/><V131/><F131/><W98/><G74/><T53/><D42/><U132/><E132/><V109/><F109/><W68/><G68/><T126/><D100/><U10/><E34/><V61/><F36/><W116/><G116/><T51/><D105/><U25/><E25/><V26/><F113/><W54/><G86/><T18/><D65/><U57/><E66/><V102/><F62/><W123/><G40/><T16/><D90/><U80/><E69/><V45/><F45/><N who="3" m="27983" /><G123/><T76/><D3/><U22/><E22/><AGARI ba="0,0" hai="14,17,22,28,30,31,83,84,88,97,98" m="27983" machi="22" ten="30,3900,0" yaku="8,1,52,1,54,1" doraHai="77" who="3" fromWho="1" sc="156,0,107,-39,492,0,245,39" /><INIT seed="7,0,0,2,1,71" ten="156,68,492,284" oya="3" hai0="12,47,99,106,64,119,53,130,51,65,46,24,121" hai1="126,98,95,85,76,115,11,78,66,97,60,101,25" hai2="107,45,129,15,75,84,32,128,26,86,96,56,117" hai3="34,91,113,103,118,8,59,9,29,61,131,49,62"/><W16/><G118/><T40/><D121/><U127/><E115/><V67/><F117/><W5/><G113/><T87/><D130/><N who="2" m="50282" /><F75/><W88/><G131/><T6/><D24/><U112/><E112/><V7/><F45/><W33/><G103/><T19/><D6/><U1/><E97/><V81/><F81/><W83/><G33/><T27/><D27/><U42/><E42/><V79/><F79/><W22/><G29/><T125/><D87/><U73/><E73/><V133/><F133/><W35/><G35/><T2/><D2/><U10/><E25/><V30/><F67/><W109/><G34/><T58/><D47/><U114/><E114/><V50/><F50/><W132/><G109/><T38/><D64/><U102/><E102/><N who="2" m="62919" /><F56/><W68/><G68/><T135/><D58/><U14/><E1/><V43/><F43/><W57/><G49/><T31/><D51/><U4/><E10/><AGARI ba="0,0" hai="7,10,15,26,30,32,84,86" m="62919,50282" machi="10" ten="30,1000,0" yaku="19,1" doraHai="71" who="2" fromWho="1" sc="156,0,68,-10,492,10,284,0" owari="156,-24.0,58,-44.0,502,60.0,284,8.0" /></mjloggm>