<mjloggm ver="2.3"><GO type="41"/><UN n0="%62%61%6E%6A%75%6D%70" n1="%4E%45%57%59%45%41%52" n2="%E3%81%84%E3%81%AE%E3%81%91%E3%82%93" n3="%E3%82%A6%E3%83%AB%E3%83%88%E3%83%A9%E7%AB%8B%E7%9B%B4" dan="13,13,14,15" rate="1909,1843,1931,2017" sx="M,M,M,M"/><TAIKYOKU oya="0"/><INIT seed="0,0,0,5,3,31" ten="250,250,250,250" oya="0" hai0="132,26,1,43,113,49,18,5,70,15,0,72,93" hai1="68,66,82,33,56,51,76,20,80,6,96,130,42" hai2="100,61,36,71,118,47,44,63,58,14,98,108,4" hai3="103,81,86,45,105,126,94,84,3,135,114,30,24"/><T19/><D113/><U73/><E130/><V106/><F108/><W34/><G3/><T122/><D122/><U109/><E109/><V60/><F118/><W64/><G114/><T40/><D70/><U85/><E6/><V104/><F98/><W110/><G110/><T74/><D26/><U116/><E116/><V127/><F127/><W77/><G126/><T17/><D93/><U21/><E68/><V125/><F125/><W75/><G135/><T2/><D132/><U25/><E96/><V50/><F36/><W38/><G38/><T23/><D49/><U90/><E42/><N who="0" m="15913" /><D23/><U111/><E111/><V27/><F104/><W112/><G45/><T79/><D79/><U13/><E13/><V129/><F14/><W8/><G112/><T119/><D119/><U12/><E12/><V99/><F71/><W41/><G41/><T55/><D15/><U131/><E131/><V107/><F129/><W67/><G8/><T48/><D5/><U87/><E73/><N who="0" m="28265" /><D48/><U78/><E90/><V16/><F107/><W62/><G86/><T37/><D37/><U39/><E39/><V11/><F4/><W35/><G84/><T28/><D28/><U9/><E9/><V121/><F121/><W124/><G124/><T128/><D128/><U7/><E7/><V54/><F11/><W102/><G94/><T95/><D95/><U91/><E91/><V22/><AGARI ba="0,0" hai="16,22,27,44,47,50,54,58,60,61,63,99,100,106" machi="22" ten="30,2000,0" yaku="0,1,54,1" doraHai="31" who="2" fromWho="2" sc="250,-10,250,-5,250,20,250,-5" /><INIT seed="1,0,0,5,4,56" ten="240,245,270,245" oya="1" hai0="64,30,123,135,27,65,105,102,5,122,34,95,23" hai1="133,87,74,48,128,108,132,10,121,40,119,89,84" hai2="96,3,54,37,83,60,51,134,124,42,118,12,14" hai3="33,104,110,127,46,77,103,72,126,100,44,109,50"/><U120/><E119/><V114/><F118/><W81/><G33/><T86/><D135/><N who="1" m="51787" /><E10/><V107/><F134/><W35/><G35/><T6/><D105/><U41/><E128/><V62/><F124/><N who="3" m="47659" /><G46/><T112/><D112/><U25/><E25/><V19/><F3/><W117/><G117/><T73/><D73/><U97/><E48/><V66/><F114/><W55/><G104/><T63/><D64/><U88/><E74/><V7/><F37/><W68/><G68/><T76/><D76/><U39/><E108/><AGARI ba="0,0" hai="44,50,55,72,77,81,100,103,108,109,110" m="47659" machi="108" ten="30,2000,0" yaku="14,1,18,1" doraHai="56" who="3" fromWho="1" sc="240,0,245,-20,270,0,245,20" /><INIT seed="2,0,0,4,0,100" ten="240,225,270,265" oya="2" hai0="77,106,110,9,90,13,120,122,44,92,133,48,25" hai1="51,10,72,109,87,16,84,60,124,38,29,125,3" hai2="130,126,5,128,0,61,17,62,67,34,115,59,78" hai3="43,50,117,91,18,1,111,134,76,82,135,83,64"/><V101/><F115/><W26/><G1/><T11/><D110/><U71/><E109/><V65/><F34/><W28/><G111/><T4/><D133/><N who="3" m="50697" /><G64/><T33/><D77/><U46/><E72/><V105/><F126/><N who="1" m="48745" /><E38/><V22/><F78/><W116/><G18/><T80/><D106/><U107/><E29/><V15/><F5/><W21/><G91/><T131/><D131/><N who="2" m="50218" /><F0/><W68/><G68/><T86/><D33/><U57/><E71/><N who="2" m="42415" /><F101/><W104/><G76/><T35/><D35/><U41/><E3/><V93/><F93/><W81/><G104/><AGARI ba="0,0" hai="15,17,22,59,62,67,104,105" m="42415,50218" machi="104" ten="30,5800,0" yaku="19,1,52,2" doraHai="100" who="2" fromWho="3" sc="240,0,225,0,270,58,265,-58" /><INIT seed="2,1,0,4,4,27" ten="240,225,328,207" oya="2" hai0="29,73,59,117,1,8,133,25,55,80,89,66,98" hai1="54,108,20,134,129,131,96,124,52,31,93,65,24" hai2="19,78,6,60,100,77,57,113,39,81,12,82,56" hai3="104,97,30,115,28,123,10,58,118,3,0,92,67"/><V71/><F113/><W44/><G104/><T50/><D117/><U106/><E106/><V4/><F39/><W99/><G118/><T37/><D37/><U109/><E65/><V86/><F71/><W38/><G123/><T21/><D133/><U101/><E134/><V120/><F120/><W61/><G115/><T122/><D122/><U112/><E124/><V94/><F100/><W68/><G68/><T87/><D66/><U48/><E112/><V111/><F94/><W47/><G38/><T14/><D1/><U18/><E18/><V34/><F34/><W62/><G10/><T90/><D73/><U119/><E119/><V72/><F111/><N who="1" m="42569" /><E48/><V135/><F135/><W7/><G7/><N who="0" m="3359" /><D98/><U49/><E49/><V2/><F2/><W102/><G0/><T16/><D29/><N who="3" m="11369" /><G3/><T79/><AGARI ba="1,0" hai="16,21,25,50,55,59,79,80,87,89,90" m="3359" machi="79" ten="30,2000,0" yaku="8,1,54,1" doraHai="27" who="0" fromWho="0" sc="240,23,225,-6,328,-11,207,-6" /><INIT seed="3,0,0,5,1,72" ten="263,219,317,201" oya="3" hai0="132,129,43,30,17,76,55,52,35,104,70,112,116" hai1="64,15,9,90,121,48,85,101,0,1,107,93,33" hai2="54,26,34,105,75,32,63,123,67,96,106,119,44" hai3="3,41,91,69,61,36,5,40,60,134,27,18,103"/><W127/><G134/><T115/><D116/><U125/><E121/><V14/><F119/><W77/><G127/><T12/><D132/><U81/><E33/><V65/><F123/><W108/><G5/><T50/><D70/><U98/><E64/><V133/><F133/><W45/><G3/><T97/><D129/><U122/><E122/><V22/><F75/><W113/><G113/><N who="0" m="43595" /><D35/><U118/><E118/><V114/><F114/><W59/><G108/><T11/><D30/><U95/><E125/><V53/><F14/><W126/><G126/><T20/><D20/><U99/><E48/><V29/><F67/><W16/><G103/><N who="0" m="62575" /><D76/><U37/><E37/><V58/><F34/><W68/><G77/><T23/><D23/><U88/><REACH who="1" step="1"/><E107/><REACH who="1" ten="263,209,317,201" step="2"/><V10/><F106/><W42/><G36/><T79/><D43/><N who="3" m="16457" /><G68/><T74/><D50/><U28/><E28/><V83/><F29/><W84/><G69/><T7/><D7/><AGARI ba="0,1" hai="0,1,7,9,15,81,85,88,90,93,95,98,99,101" machi="7" ten="30,3900,0" yaku="1,1,7,1,54,1,53,0" doraHai="72" doraHaiUra="120" who="1" fromWho="0" sc="263,-39,209,49,317,0,201,0" /><INIT seed="4,0,0,0,5,98" ten="224,258,317,201" oya="0" hai0="57,35,56,5,47,115,118,134,43,68,65,6,127" hai1="45,14,18,55,9,135,62,24,71,20,64,19,26" hai2="82,52,90,2,131,121,29,69,4,106,28,104,113" hai3="110,27,83,108,23,13,17,53,129,96,59,80,123"/><T63/><D118/><U22/><E135/><V103/><F121/><W130/><G123/><T76/><D115/><U81/><E81/><N who="3" m="31306" /><G96/><T7/><D134/><U8/><E45/><V119/><F113/><W33/><G33/><T11/><D127/><U32/><E32/><V74/><F119/><W46/><G46/><T102/><D102/><U1/><E55/><V25/><F69/><W94/><G94/><T86/><D35/><U36/><E36/><V112/><F112/><W54/><G27/><T117/><D117/><U21/><E1/><V77/><F131/><N who="3" m="50187" /><G54/><T41/><D11/><U91/><E91/><V73/><F90/><W10/><G10/><T72/><D72/><U116/><E116/><V107/><F52/><W79/><G79/><T132/><D132/><U78/><E78/><V95/><F74/><W38/><G38/><T40/><D86/><U70/><E22/><V12/><F2/><W97/><G97/><T133/><D133/><U60/><REACH who="1" step="1"/><E14/><REACH who="1" ten="224,248,317,201" step="2"/><V48/><F12/><W125/><G125/><T84/><D76/><U67/><AGARI ba="0,1" hai="8,9,18,19,20,21,24,26,60,62,64,67,70,71" machi="67" ten="30,12000,2" yaku="1,1,2,1,0,1,32,3,53,0" doraHai="98" doraHaiUra="3" who="1" fromWho="1" sc="224,-60,248,130,317,-30,201,-30" /><INIT seed="5,0,0,2,3,83" ten="164,378,287,171" oya="1" hai0="24,26,73,103,13,49,78,79,28,38,55,5,57" hai1="98,135,44,17,80,76,61,53,126,15,105,112,75" hai2="63,60,114,131,23,134,128,43,84,94,93,10,100" hai3="2,70,6,130,54,46,120,85,115,101,25,50,18"/><U91/><E135/><V96/><F134/><W99/><G70/><T117/><D117/><U69/><E126/><V52/><F43/><W65/><G65/><T97/><D38/><U12/><E112/><V9/><F114/><W3/><G120/><T66/><D73/><U20/><E69/><V127/><F127/><W129/><G115/><T95/><D66/><U67/><E67/><V4/><F23/><N who="3" m="13559" /><G6/><T45/><D45/><U119/><E119/><V0/><F10/><W47/><G47/><T41/><D41/><U124/><E124/><V34/><F34/><W132/><G132/><T125/><D125/><U82/><E82/><V77/><F63/><W40/><G54/><T113/><D113/><U87/><E44/><V39/><F39/><W64/><G64/><T89/><D26/><U106/><E12/><V118/><F118/><W110/><G110/><T27/><D27/><U62/><E106/><V11/><F11/><W92/><G85/><T109/><D109/><U33/><E53/><V42/><F42/><W107/><G107/><T21/><D103/><N who="1" m="62711" /><E33/><V121/><F121/><W35/><G35/><T36/><D36/><U1/><E1/><V90/><F77/><W14/><G14/><T111/><D111/><U8/><E8/><AGARI ba="0,0" hai="5,8,13,21,24,28,49,55,57,78,79,89,95,97" machi="8" ten="40,1300,0" yaku="8,1" doraHai="83" who="0" fromWho="1" sc="164,13,378,-13,287,0,171,0" /><INIT seed="6,0,0,0,3,104" ten="177,365,287,171" oya="2" hai0="114,93,45,119,113,95,117,96,66,39,76,100,31" hai1="29,1,37,116,106,124,47,122,71,59,28,36,6" hai2="8,53,63,101,121,129,98,27,91,92,80,112,22" hai3="54,25,115,55,126,16,62,38,17,99,69,72,86"/><V123/><F112/><N who="0" m="43114" /><D66/><U78/><E122/><V87/><F129/><W30/><G115/><T134/><D31/><U125/><E116/><N who="0" m="44617" /><D45/><U10/><E106/><V132/><F132/><W83/><G126/><N who="1" m="48746" /><E78/><V82/><F8/><W43/><G38/><N who="1" m="14954" /><E71/><V50/><F63/><W52/><G43/><T67/><D67/><U130/><E130/><V41/><F41/><W107/><G69/><T2/><D2/><U108/><E47/><V26/><F26/><W11/><G62/><T74/><D39/><U64/><E108/><V120/><F82/><W18/><G11/><T131/><D131/><U102/><E102/><V68/><F68/><W94/><G25/><T127/><D127/><U49/><E49/><V9/><F9/><W60/><G60/><AGARI ba="0,0" hai="1,6,10,28,29,59,60,64" m="14954,48746" machi="60" ten="30,1000,0" yaku="18,1" doraHai="104" who="1" fromWho="3" sc="177,0,365,10,287,0,171,-10" /><INIT seed="7,0,0,1,1,43" ten="177,375,287,161" oya="3" hai0="72,32,121,3,120,93,118,128,60,35,103,23,76" hai1="87,79,117,13,106,30,59,74,57,62,4,45,90" hai2="134,48,113,86,44,97,16,78,2,125,47,56,52" hai3="85,29,25,54,65,18,92,102,109,14,116,20,130"/><W9/><G130/><T114/><D3/><U21/><E106/><V132/><F2/><W11/><G109/><T68/><D128/><U119/><E74/><V55/><F113/><W31/><G116/><N who="1" m="44618" /><E79/><V110/><F110/><W15/><G65/><T126/><D118/><U64/><E59/><N who="2" m="33159" /><F125/><W1/><G1/><T22/><D126/><U71/><E71/><V82/><F97/><W39/><G39/><T49/><D49/><U7/><E45/><V105/><F105/><W135/><G135/><N who="2" m="51753" /><F16/><N who="3" m="12423" /><G54/><T8/><D76/><U91/><E13/><V77/><F78/><W28/><G102/><T81/><D72/><U10/><E10/><N who="3" m="3594" /><G18/><T41/><D41/><U33/><E33/><V75/><F75/><W70/><G70/><T131/><D131/><U5/><E87/><V66/><F66/><W53/><G53/><T83/><D103/><U51/><E51/><AGARI ba="0,0" hai="44,47,51,55,56,77,82,86" m="51753,33159" machi="51" ten="30,7700,0" yaku="20,1,52,2,54,1" doraHai="43" who="2" fromWho="1" sc="177,0,375,-77,287,77,161,0" owari="177,-22.0,298,10.0,364,46.0,161,-34.0" /></mjloggm>