<mjloggm ver="2.3"><GO type="169" lobby="0"/><UN n0="%4C%49%54%48%49%55%4D" n1="%E8%B6%85%E3%83%92%E3%83%A2%E3%83%AA%E3%83%AD" n2="%E3%83%A4%E3%82%AD%E3%83%B3" n3="%EF%BC%88%E2%89%A7%E2%96%BD%E2%89%A6%EF%BC%89" dan="16,18,16,17" rate="2100.16,2211.05,2122.31,2166.41" sx="F,F,M,M"/><TAIKYOKU oya="0"/><INIT seed="0,0,0,2,1,87" ten="250,250,250,250" oya="0" hai0="22,68,92,111,83,65,17,80,50,103,112,109,129" hai1="102,11,26,78,38,15,124,63,122,110,44,1,82" hai2="98,31,95,79,84,93,45,39,90,86,94,85,118" hai3="62,58,61,23,81,99,6,106,10,54,69,12,74"/><T21/><D112/><U89/><E110/><N who="0" m="41993" /><D65/><U14/><E124/><V9/><F31/><W28/><G74/><T108/><D68/><U2/><E122/><V30/><F30/><W18/><G81/><N who="0" m="31307" /><D129/><U117/><E117/><V32/><F32/><W130/><G130/><T42/><N who="0" m="42001" /><T73/><DORA hai="107" /><D73/><U49/><E38/><V75/><F118/><W127/><G127/><T3/><D3/><U19/><E102/><V67/><F67/><W101/><G69/><T52/><D42/><U114/><E114/><V125/><F125/><W71/><G71/><T113/><D113/><U134/><E2/><V51/><F39/><W48/><REACH who="3" step="1"/><G28/><REACH who="3" ten="250,250,250,240" step="2"/><T70/><D70/><U132/><E132/><V128/><F128/><W121/><G121/><T76/><D76/><U20/><E78/><V56/><F79/><W7/><G7/><T135/><D135/><U29/><E134/><V40/><F75/><W47/><G47/><N who="0" m="27743" /><D17/><U96/><E19/><V100/><F56/><W59/><G59/><T77/><D77/><U41/><E44/><V37/><F45/><W97/><G97/><AGARI ba="0,1" hai="21,22,92,97,103" m="27743,31307,42001" machi="97" ten="40,7700,0" yaku="14,1,10,1,54,1" doraHai="87,107" who="0" fromWho="3" sc="250,87,250,0,250,0,240,-77" /><INIT seed="0,1,0,5,2,30" ten="337,250,250,163" oya="0" hai0="63,123,60,68,5,125,48,15,7,24,104,96,38" hai1="16,0,76,41,85,128,98,51,6,93,9,13,44" hai2="121,105,82,131,110,118,133,67,134,127,42,124,81" hai3="59,78,122,61,116,92,130,46,17,1,55,56,107"/><T23/><D38/><U80/><E128/><V88/><F42/><W49/><G116/><T100/><D123/><U35/><E35/><V27/><F121/><W65/><G107/><T64/><D125/><N who="2" m="48202" /><F67/><W79/><G130/><T39/><D39/><U40/><E40/><V22/><F131/><W90/><G122/><T83/><D15/><U84/><E84/><N who="2" m="50191" /><F105/><W58/><G17/><T73/><D60/><U117/><E117/><V94/><F118/><W20/><G20/><T77/><REACH who="0" step="1"/><D48/><REACH who="0" ten="327,250,250,163" step="2"/><U33/><E33/><V31/><F134/><W72/><G1/><T86/><D86/><U114/><E114/><V57/><F133/><W45/><G72/><T18/><AGARI ba="1,1" hai="5,7,18,23,24,63,64,68,73,77,83,96,100,104" machi="18" ten="20,3900,0" yaku="1,1,0,1,7,1,53,0" doraHai="30" doraHaiUra="89" who="0" fromWho="0" sc="327,52,250,-14,250,-14,163,-14" /><INIT seed="0,2,0,3,2,30" ten="379,236,236,149" oya="0" hai0="135,33,125,95,82,3,107,40,89,85,106,58,56" hai1="68,53,124,72,16,26,45,29,34,38,126,17,93" hai2="60,79,123,111,57,51,73,101,20,42,12,63,99" hai3="24,18,65,113,28,37,59,119,9,0,43,6,62"/><T97/><D33/><U67/><E72/><V74/><F123/><W55/><G119/><T116/><D3/><U52/><E93/><V96/><F111/><W80/><G113/><T5/><D5/><U132/><E132/><V61/><F99/><W39/><G43/><T84/><D40/><N who="1" m="22679" /><E67/><V121/><F121/><W25/><G80/><N who="0" m="49287" /><D56/><U71/><E71/><V92/><F79/><W83/><G83/><T36/><D58/><U103/><E103/><V105/><F105/><N who="0" m="39946" /><D36/><U13/><E68/><V50/><F57/><W4/><G4/><T129/><D116/><U98/><E98/><V69/><F96/><W117/><G117/><T19/><D19/><N who="1" m="7243" /><E13/><V70/><F12/><W75/><G65/><T21/><D21/><U66/><E66/><V118/><F20/><W76/><G18/><T7/><D7/><U48/><E48/><V77/><F51/><W22/><G25/><T122/><D122/><U86/><E86/><V102/><F50/><W131/><G39/><T87/><D135/><U1/><E1/><V64/><F64/><W112/><G37/><T134/><D134/><U94/><E94/><V44/><F92/><W47/><G47/><T46/><D46/><U27/><E27/><V35/><F44/><W104/><G104/><T11/><D95/><U108/><E108/><V120/><F120/><W32/><G22/><T54/><D97/><U130/><E130/><V127/><F118/><W115/><G131/><T90/><D87/><U2/><E2/><V114/><F70/><W128/><G128/><T15/><D85/><U31/><E31/><V49/><F69/><RYUUKYOKU ba="2,0" sc="379,-15,236,15,236,-15,149,15" hai1="26,29,34,52,53,124,126" hai3="0,6,9,24,28,32,55,59,62,75,76,112,115" /><INIT seed="1,3,0,0,4,92" ten="364,251,221,164" oya="1" hai0="48,61,70,54,39,115,79,27,47,128,0,126,105" hai1="106,63,80,55,119,71,135,8,110,41,96,44,77" hai2="65,88,31,59,23,97,38,62,101,30,2,50,21" hai3="120,52,5,10,58,112,20,45,102,134,104,90,87"/><U60/><E135/><V132/><F38/><W76/><G112/><T117/><D0/><U73/><E119/><V16/><F2/><W24/><G120/><T85/><D105/><U81/><E110/><V103/><F132/><W40/><G134/><T78/><D78/><U66/><E81/><V56/><F50/><W49/><G76/><T35/><D79/><U28/><E28/><N who="2" m="10795" /><F23/><W98/><G20/><T91/><D35/><U46/><E8/><V6/><F6/><W19/><G19/><T22/><D39/><U32/><E32/><V93/><F59/><W107/><G24/><AGARI ba="3,0" hai="16,21,24,56,62,65,88,93,97,101,103" m="10795" machi="24" ten="30,7700,0" yaku="8,1,52,1,54,2" doraHai="92" who="2" fromWho="3" sc="364,0,251,0,221,86,164,-86" /><INIT seed="2,0,0,4,1,112" ten="364,251,307,78" oya="2" hai0="124,43,101,55,3,76,58,130,13,134,79,20,68" hai1="126,107,12,7,119,128,0,92,62,59,10,47,32" hai2="19,60,95,63,85,8,89,40,90,18,34,131,53" hai3="26,9,123,111,117,22,116,46,98,84,81,113,78"/><V5/><F131/><W83/><G123/><T118/><D3/><U61/><E107/><V120/><F120/><W73/><G113/><T39/><D68/><U16/><E128/><V132/><F34/><W129/><G129/><T33/><D33/><U64/><E126/><V121/><F121/><W69/><G69/><T71/><D71/><U102/><E32/><V114/><F114/><W31/><G111/><T49/><D39/><U54/><E119/><V70/><F40/><W14/><G98/><T35/><D43/><U21/><E47/><V109/><F132/><W88/><REACH who="3" step="1"/><G46/><REACH who="3" ten="364,251,307,68" step="2"/><N who="0" m="28087" /><D130/><U66/><REACH who="1" step="1"/><E62/><REACH who="1" ten="364,241,307,68" step="2"/><V122/><F63/><W4/><AGARI ba="0,2" hai="4,9,14,22,26,31,73,78,81,83,84,88,116,117" machi="4" ten="20,12000,2" yaku="1,1,0,1,7,1,52,2,54,1,53,1" doraHai="112" doraHaiUra="27" who="3" fromWho="3" sc="364,-30,241,-30,307,-60,68,140" /><INIT seed="3,0,0,2,2,16" ten="334,211,247,208" oya="3" hai0="22,94,125,23,90,101,14,123,107,64,95,99,66" hai1="4,42,120,33,71,68,69,5,37,61,0,65,103" hai2="73,26,104,115,110,88,79,40,132,34,111,89,117" hai3="18,1,96,116,70,46,12,2,7,127,57,15,91"/><W77/><G70/><T80/><D123/><U83/><E120/><V63/><F115/><W102/><G116/><T38/><D125/><U44/><E33/><V108/><F117/><W93/><G127/><T49/><D38/><U20/><E103/><V6/><F104/><W109/><G77/><T134/><D134/><U74/><E5/><V100/><F100/><W130/><G130/><T30/><D80/><U119/><E119/><V87/><F132/><W48/><G109/><T113/><D113/><U92/><E92/><V133/><F133/><W24/><G57/><T114/><D114/><U41/><E41/><V11/><F40/><N who="3" m="24647" /><G2/><T67/><D49/><U3/><E20/><N who="0" m="7721" /><D107/><U45/><E45/><V21/><F34/><W29/><G1/><T8/><D30/><U82/><E82/><N who="2" m="47583" /><F63/><W78/><G29/><T17/><D67/><U9/><E0/><N who="2" m="455" /><F73/><W39/><G39/><T31/><D31/><AGARI ba="0,0" hai="21,26,31,88,89,108,110,111" m="455,47583" machi="31" ten="30,3900,0" yaku="14,1,52,1,54,1" doraHai="16" who="2" fromWho="0" sc="334,-39,211,0,247,39,208,0" /><INIT seed="4,0,0,3,4,26" ten="295,211,286,208" oya="0" hai0="111,70,95,80,52,76,90,85,91,53,22,131,1" hai1="2,29,45,123,125,106,3,89,7,19,128,86,61" hai2="71,39,114,105,81,59,38,132,83,124,16,34,62" hai3="49,116,63,57,96,23,134,21,43,30,25,27,78"/><T28/><BYE who="3" /><D111/><U9/><E125/><UN n3="%EF%BC%88%E2%89%A7%E2%96%BD%E2%89%A6%EF%BC%89" /><V127/><F105/><W18/><G116/><T33/><D131/><U8/><E128/><V120/><F120/><W77/><G134/><T66/><D1/><U92/><E106/><V64/><F132/><W56/><G96/><T110/><D110/><U68/><E123/><V4/><F4/><W117/><G117/><T88/><D33/><U11/><E45/><V119/><F119/><W5/><G5/><T72/><D70/><U84/><E19/><V108/><F108/><W103/><G103/><T10/><D66/><U13/><E3/><V0/><F0/><W12/><G12/><T102/><D10/><U35/><E84/><V112/><F34/><W41/><G49/><T32/><D32/><U31/><E35/><V135/><F135/><W104/><G104/><T98/><D72/><U101/><E101/><V122/><F122/><W69/><G69/><T126/><D126/><N who="2" m="48170" /><F16/><W36/><G36/><N who="2" m="13865" /><F59/><W113/><G57/><T58/><D58/><U17/><REACH who="1" step="1"/><E9/><REACH who="1" ten="295,201,286,208" step="2"/><V48/><F114/><W15/><G113/><T74/><D74/><U87/><E87/><V47/><F112/><W46/><G46/><T99/><D99/><U65/><AGARI ba="0,1" hai="2,7,8,11,13,17,29,31,61,65,68,86,89,92" machi="65" ten="30,8000,1" yaku="1,1,0,1,52,2,53,1" doraHai="26" doraHaiUra="14" who="1" fromWho="1" sc="295,-40,201,90,286,-20,208,-20" /><INIT seed="5,0,0,4,0,91" ten="255,291,266,188" oya="1" hai0="53,82,112,71,54,79,111,124,86,132,66,92,51" hai1="116,58,101,13,20,44,85,97,96,110,106,59,28" hai2="131,113,45,73,133,19,84,48,76,31,83,22,87" hai3="2,5,33,104,64,1,90,61,62,9,121,57,129"/><U122/><E116/><V15/><F133/><W46/><G121/><T109/><D132/><U47/><E122/><V12/><F131/><W98/><G129/><T43/><D112/><U120/><E120/><V30/><F113/><W118/><G118/><T105/><D105/><U23/><E110/><V127/><F127/><W63/><G33/><T37/><D124/><U39/><E85/><V34/><F34/><W107/><G1/><T6/><D6/><U0/><E0/><V135/><F135/><W117/><G117/><T69/><D92/><U4/><E96/><V72/><F72/><W102/><G107/><T130/><D130/><U125/><E125/><V115/><F115/><W8/><G8/><T40/><D86/><U126/><E126/><V60/><F60/><W114/><G114/><T18/><D18/><U25/><E4/><V78/><F73/><W70/><G70/><T103/><D103/><U36/><E36/><V68/><F68/><W38/><REACH who="3" step="1"/><G90/><REACH who="3" ten="255,291,266,178" step="2"/><T24/><D69/><U42/><E106/><V95/><F83/><W35/><G35/><T56/><D82/><U93/><E23/><V80/><F80/><W67/><G67/><T100/><D66/><U11/><E20/><V41/><F22/><W123/><G123/><T27/><D71/><U134/><E11/><V7/><F76/><W108/><G108/><T77/><D77/><U29/><E101/><V52/><F78/><W49/><G49/><T3/><D79/><U14/><E134/><V119/><F48/><W32/><G32/><T128/><D109/><U81/><E39/><V21/><F119/><RYUUKYOKU ba="0,1" sc="255,-10,291,-10,266,-10,178,30" hai3="2,5,9,38,46,57,61,62,63,64,98,102,104" /><INIT seed="6,1,1,3,5,132" ten="245,281,256,208" oya="2" hai0="23,0,103,53,128,127,129,120,114,19,40,7,126" hai1="29,65,32,10,99,83,98,57,74,52,125,87,26" hai2="63,45,1,80,81,130,102,72,76,115,106,28,56" hai3="96,49,24,110,90,70,85,9,123,124,33,51,95"/><V2/><F28/><W43/><G70/><T5/><D40/><U8/><E74/><V89/><F130/><N who="0" m="50282" /><D103/><U3/><E125/><N who="0" m="47625" /><D120/><U94/><E65/><V111/><F115/><W82/><G124/><T100/><D100/><U77/><E3/><V84/><F111/><W109/><G123/><T59/><D0/><U6/><E6/><V41/><F102/><W18/><G43/><T25/><D114/><U62/><E98/><V61/><F106/><W30/><G109/><T47/><D47/><U20/><E32/><V117/><F117/><W21/><G110/><T27/><D27/><U104/><E104/><V46/><F45/><W108/><G108/><T13/><D25/><U22/><E26/><V68/><F46/><W79/><REACH who="3" step="1"/><G33/><REACH who="3" ten="245,281,256,198" step="2"/><T37/><D37/><U92/><E29/><V122/><F41/><W121/><G121/><T36/><D36/><U133/><E133/><V64/><F122/><W12/><AGARI ba="1,2" hai="9,12,18,21,24,30,49,51,79,82,85,90,95,96" machi="12" ten="30,4000,0" yaku="1,1,0,1,8,1,53,0" doraHai="132" doraHaiUra="67" who="3" fromWho="3" sc="245,-11,281,-11,256,-21,198,63" /><INIT seed="7,0,0,2,1,126" ten="234,270,235,261" oya="3" hai0="58,55,127,68,45,44,65,120,0,99,117,81,83" hai1="11,13,37,12,98,79,62,39,22,123,46,72,48" hai2="32,82,70,129,132,61,124,36,100,135,42,74,2" hai3="103,34,107,67,1,5,105,20,66,23,131,9,53"/><W76/><G34/><T94/><D120/><U118/><E118/><V93/><F124/><W59/><G76/><T125/><D117/><U73/><E62/><V41/><F32/><W119/><G119/><T109/><D109/><U51/><E98/><N who="2" m="59471" /><F2/><W47/><G47/><T56/><D0/><U128/><E22/><V21/><F36/><W121/><G121/><T106/><D106/><U89/><E89/><V113/><F113/><W115/><G115/><T16/><D125/><U50/><E11/><V17/><F74/><W19/><G20/><T29/><D127/><U92/><E92/><V8/><F8/><W104/><G103/><T85/><D29/><U52/><E79/><V133/><F82/><W38/><G38/><T77/><D81/><U33/><E33/><V84/><F84/><W95/><G95/><T102/><D68/><U80/><E80/><V101/><F101/><W116/><G116/><T130/><D130/><U3/><E3/><V78/><F78/><W71/><G131/><T6/><D6/><U69/><E69/><V91/><F91/><W14/><G71/><T18/><D65/><U87/><E123/><V90/><F90/><W57/><G57/><N who="0" m="22123" /><D44/><U97/><E46/><V64/><F129/><W30/><REACH who="3" step="1"/><G30/><REACH who="3" ten="234,270,235,251" step="2"/><T15/><D15/><AGARI ba="0,1" hai="15,17,21,41,42,61,64,70,132,133,135" m="59471" machi="15" ten="30,1000,0" yaku="20,1" doraHai="126" who="2" fromWho="0" sc="234,-10,270,0,235,20,251,0" /><INIT seed="8,0,0,5,1,119" ten="224,270,255,251" oya="0" hai0="1,102,85,89,95,11,112,30,51,75,53,66,73" hai1="41,123,81,74,96,3,31,82,20,98,54,116,104" hai2="70,33,35,58,55,126,18,113,107,63,40,64,8" hai3="127,103,133,56,121,0,117,42,90,22,91,37,84"/><T6/><D112/><U80/><E3/><V50/><F113/><W7/><G133/><T13/><D66/><U125/><E74/><V14/><F107/><W21/><G117/><T92/><D1/><U32/><E32/><V135/><F135/><W131/><G103/><T130/><D130/><U93/><E116/><V94/><F126/><W25/><G131/><T2/><D2/><U27/><E123/><V45/><REACH who="2" step="1"/><F94/><REACH who="2" ten="224,270,245,251" step="2"/><W5/><G127/><T69/><D69/><U134/><E134/><V120/><F120/><W122/><G122/><T59/><REACH who="0" step="1"/><D30/><REACH who="0" ten="214,270,245,251" step="2"/><U60/><E125/><V78/><F78/><W109/><G121/><T48/><D48/><AGARI ba="0,2" hai="8,14,18,33,35,40,45,48,50,55,58,63,64,70" machi="48" ten="30,2000,0" yaku="1,1,7,1,53,0" doraHai="119" doraHaiUra="101" who="2" fromWho="0" sc="214,-20,270,0,245,40,251,0" /><INIT seed="9,0,0,3,5,21" ten="194,270,285,251" oya="1" hai0="25,61,67,22,105,133,79,122,71,99,73,8,121" hai1="107,125,89,23,81,47,93,15,5,51,65,54,101" hai2="123,40,119,95,108,38,43,45,117,31,41,62,87" hai3="12,3,134,56,48,17,83,42,129,128,44,30,52"/><U69/><E125/><V14/><F108/><W74/><G3/><T77/><D133/><U85/><E107/><V16/><F123/><N who="0" m="47114" /><D73/><U63/><E5/><V96/><F87/><W34/><G134/><T64/><D64/><U104/><E104/><V82/><F82/><W118/><G118/><N who="2" m="45065" /><F31/><W68/><G68/><T6/><D99/><U27/><E15/><V75/><F62/><W130/><G83/><T37/><D37/><U70/><E101/><N who="2" m="60575" /><F75/><W11/><G74/><T60/><D60/><U124/><E124/><V88/><F88/><W36/><G30/><N who="0" m="17719" /><D105/><U9/><E9/><AGARI ba="0,0" hai="9,14,16,38,40,41,43,45" m="60575,45065" machi="9" ten="30,2000,0" yaku="16,1,54,1" doraHai="21" who="2" fromWho="1" sc="194,0,270,-20,285,20,251,0" owari="194,-31.0,250,-15.0,305,41.0,251,5.0" /></mjloggm>