<mjloggm ver="2.3"><GO type="41"/><UN n0="%72%61%79%6C%75%63%6B" n1="%64%61%78%77" n2="%E2%98%85%E3%81%BF%E3%82%83%EF%BD%9E%E2%98%86" n3="%EF%BC%88%E2%89%A7%E2%96%BD%E2%89%A6%EF%BC%89" dan="15,14,14,18" rate="1985,1860,1978,2187" sx="M,M,F,M"/><TAIKYOKU oya="0"/><INIT seed="0,0,0,3,2,63" ten="250,250,250,250" oya="0" hai0="117,57,130,106,42,96,133,67,72,81,18,2,112" hai1="91,21,46,22,55,39,15,32,103,58,114,110,4" hai2="24,107,115,54,127,74,51,131,101,98,135,87,104" hai3="100,17,111,78,49,65,6,122,61,20,92,123,77"/><T47/><D112/><U30/><E114/><V93/><F74/><W70/><G111/><T125/><D117/><U29/><E110/><V75/><F75/><W118/><G6/><T99/><D130/><U62/><E32/><V36/><F36/><W64/><G118/><T60/><D2/><U40/><E103/><V86/><F131/><W90/><G100/><T37/><D106/><U97/><E29/><V1/><F1/><W109/><G109/><T88/><D133/><U113/><E113/><V56/><F135/><W83/><G49/><T28/><D125/><U3/><E3/><V84/><F127/><W13/><G65/><T0/><D0/><U95/><E30/><V126/><F126/><W76/><REACH who="3" step="1"/><G83/><REACH who="3" ten="250,250,250,240" step="2"/><T27/><D81/><U66/><E4/><V12/><F115/><W10/><G10/><T19/><D72/><U38/><E38/><V82/><F82/><W108/><G108/><T89/><D99/><AGARI ba="0,1" hai="13,17,20,61,64,70,76,77,78,90,92,99,122,123" machi="99" ten="40,5200,0" yaku="1,1,52,1,53,1" doraHai="63" doraHaiUra="94" who="3" fromWho="0" sc="250,-52,250,0,250,0,240,62" /><INIT seed="1,0,0,5,1,28" ten="198,250,250,302" oya="1" hai0="4,84,114,69,26,94,42,125,6,49,119,112,70" hai1="86,111,22,124,45,63,57,79,0,72,43,83,11" hai2="64,90,5,37,81,33,47,120,102,97,38,75,66" hai3="2,135,35,130,65,27,40,31,122,54,98,103,13"/><U110/><E22/><V128/><F120/><W93/><G2/><T21/><D119/><U15/><E124/><V87/><F75/><W132/><G122/><T95/><D125/><U20/><E20/><V62/><F128/><W109/><G130/><T14/><D42/><U61/><E57/><V131/><F131/><W123/><G123/><T8/><D6/><N who="1" m="1479" /><E15/><V118/><F118/><W88/><G109/><N who="1" m="41482" /><E86/><V58/><F5/><W116/><G116/><T126/><D126/><U34/><E34/><V60/><F47/><W1/><G1/><T100/><D70/><U71/><E71/><V99/><F33/><W23/><G65/><T105/><D69/><U121/><E121/><V129/><F129/><W133/><G40/><T25/><D114/><U32/><E32/><V68/><REACH who="2" step="1"/><F99/><REACH who="2" ten="198,250,240,302" step="2"/><W67/><G35/><T89/><D112/><U74/><E74/><V18/><F18/><W127/><G127/><T44/><D25/><U107/><E107/><AGARI ba="0,1" hai="37,38,58,60,62,64,66,68,81,87,90,97,102,107" machi="107" ten="30,2000,0" yaku="1,1,7,1,53,0" doraHai="28" doraHaiUra="24" who="2" fromWho="1" sc="198,0,250,-20,240,30,302,0" /><INIT seed="2,0,0,3,2,101" ten="198,230,270,302" oya="2" hai0="76,5,114,121,111,129,128,14,89,28,68,125,135" hai1="49,50,31,37,130,96,32,94,131,62,92,21,82" hai2="24,112,16,36,66,90,1,33,85,72,98,124,22" hai3="110,44,2,118,116,69,123,97,120,47,58,30,93"/><V102/><F72/><W26/><G2/><T109/><D68/><U9/><E37/><V54/><F66/><W46/><G69/><T133/><D76/><U55/><E32/><V117/><F117/><W52/><G110/><N who="0" m="41995" /><D89/><U81/><E9/><V91/><F112/><W88/><G26/><T15/><D114/><U79/><E21/><V132/><F1/><W45/><G30/><T48/><D48/><U56/><E31/><V86/><F36/><W17/><G45/><T100/><D121/><U61/><E79/><V35/><F124/><W38/><G38/><T12/><D100/><U70/><E70/><V41/><F41/><W3/><G17/><T77/><D77/><U11/><E11/><V51/><F132/><N who="0" m="50762" /><D28/><U84/><E84/><V25/><F25/><W134/><G134/><T8/><D125/><U63/><E96/><V23/><F23/><W71/><G71/><T108/><N who="0" m="42003" /><T34/><DORA hai="42" /><D34/><U99/><E99/><V4/><F4/><W18/><G18/><T53/><D53/><U65/><E49/><V103/><F103/><W104/><G120/><T67/><D67/><U0/><E65/><V59/><F90/><W127/><G123/><T27/><D27/><U78/><E0/><AGARI ba="0,0" hai="0,5,8,12,14,15,128,129" m="50762,42003" machi="0" ten="50,8000,1" yaku="14,1,20,1,34,2" doraHai="101,42" who="0" fromWho="1" sc="198,80,230,-80,270,0,302,0" /><INIT seed="3,0,0,3,4,132" ten="278,150,270,302" oya="3" hai0="127,23,119,103,84,77,99,129,5,0,35,126,133" hai1="56,113,130,74,6,79,102,120,38,70,121,110,123" hai2="107,28,21,24,92,69,46,9,75,85,39,37,20" hai3="15,115,4,14,54,90,12,52,29,41,109,40,44"/><W108/><G115/><T111/><D35/><U91/><E70/><V73/><F107/><W55/><G29/><T53/><D119/><U13/><E113/><V36/><F69/><W66/><G66/><T49/><D111/><N who="3" m="42569" /><G90/><T8/><D133/><U47/><E130/><V2/><F2/><W59/><G59/><T22/><D129/><U65/><E110/><V106/><F106/><W45/><G4/><T33/><D33/><U68/><E102/><V60/><F60/><W134/><G134/><T34/><D34/><U114/><E91/><V105/><F105/><W116/><G116/><T80/><D23/><U81/><E56/><V112/><F9/><W83/><G83/><T50/><D22/><U78/><E114/><V62/><F62/><W93/><G93/><N who="0" m="58863" /><D53/><U67/><E67/><V61/><F61/><W57/><G57/><T96/><D96/><U88/><E65/><V97/><F85/><W19/><G19/><T25/><D25/><U16/><E68/><V31/><F112/><W11/><G11/><T122/><D122/><U118/><E118/><V117/><F117/><W10/><G10/><T43/><D43/><AGARI ba="0,0" hai="12,14,15,40,41,43,44,45,52,54,55" m="42569" machi="43" ten="40,12000,1" yaku="28,2,14,1,10,1,54,1" doraHai="132" who="3" fromWho="0" sc="278,-120,150,0,270,0,302,120" /><INIT seed="3,1,0,5,3,78" ten="158,150,270,422" oya="3" hai0="135,97,122,113,12,15,28,57,18,126,0,51,50" hai1="67,111,36,123,124,20,118,25,54,86,128,105,96" hai2="31,33,104,106,16,47,14,102,73,26,83,94,23" hai3="1,114,75,116,77,5,112,103,21,9,2,7,120"/><W56/><G120/><T76/><D122/><U72/><E36/><V134/><F134/><W70/><G70/><T60/><D135/><U87/><E123/><V100/><F47/><W119/><G103/><T39/><D39/><U117/><E72/><V34/><F34/><W71/><G71/><T64/><D0/><U38/><E38/><V85/><F73/><W29/><G56/><T69/><D126/><U52/><E67/><V109/><F109/><W8/><G77/><T84/><D113/><N who="3" m="43625" /><G75/><T79/><D28/><U43/><E111/><V80/><F102/><W132/><G132/><T45/><D97/><U98/><E43/><V24/><F24/><AGARI ba="1,0" hai="1,2,5,7,8,9,21,24,29,116,119" m="43625" machi="24" ten="30,2900,0" yaku="34,2" doraHai="78" who="3" fromWho="2" sc="158,0,150,0,270,-32,422,32" /><INIT seed="3,2,0,1,2,34" ten="158,150,238,454" oya="3" hai0="81,10,93,26,22,123,112,62,119,127,42,131,86" hai1="98,38,90,59,16,109,125,85,74,94,41,13,37" hai2="92,51,5,36,1,82,43,46,84,40,18,103,124" hai3="64,126,132,100,91,35,121,130,53,56,32,19,113"/><W110/><G64/><T107/><D119/><U104/><E125/><V118/><F124/><W39/><G39/><T23/><D127/><U120/><E109/><V3/><F118/><W58/><G100/><T117/><D117/><U69/><E120/><V54/><F43/><W106/><G106/><T7/><D123/><U128/><E69/><V72/><F72/><W20/><G91/><T8/><D107/><U108/><E128/><V78/><F5/><W71/><G71/><T44/><D131/><U70/><E108/><V122/><F122/><W87/><G87/><T57/><D112/><U28/><E70/><V101/><F18/><W15/><G19/><T73/><D93/><U60/><E74/><V2/><REACH who="2" step="1"/><F92/><REACH who="2" ten="158,150,228,454" step="2"/><W29/><G126/><T129/><D73/><U116/><E116/><V47/><AGARI ba="2,1" hai="1,2,3,36,40,46,47,51,54,78,82,84,101,103" machi="47" ten="40,12000,2" yaku="1,1,2,1,0,1,52,3,53,0" doraHai="34" doraHaiUra="63" who="2" fromWho="2" sc="158,-32,150,-32,228,136,454,-62" /><INIT seed="4,0,0,1,2,16" ten="126,118,364,392" oya="0" hai0="29,85,50,133,90,134,75,13,49,115,67,35,46" hai1="121,73,9,3,5,56,118,79,83,34,43,86,66" hai2="82,7,110,69,0,53,123,2,71,100,106,117,70" hai3="63,39,81,37,96,102,128,18,126,68,31,111,77"/><T4/><D75/><U52/><E121/><V94/><F110/><W60/><G111/><T112/><D67/><U65/><E118/><V125/><F106/><W27/><G128/><T64/><D64/><U41/><E34/><V26/><F123/><W38/><G126/><T48/><D46/><U58/><E86/><V124/><F117/><W88/><G18/><T42/><D42/><U33/><E33/><V84/><F7/><W15/><G15/><T99/><D99/><U32/><E32/><V21/><F53/><W20/><G68/><T17/><D4/><U55/><E43/><V105/><F105/><W11/><G11/><N who="0" m="6335" /><D29/><U14/><E3/><V114/><F94/><W59/><G59/><T12/><D12/><U113/><E113/><N who="0" m="43593" /><D35/><U104/><E104/><V30/><F114/><W74/><G102/><T97/><D97/><U78/><E41/><V127/><REACH who="2" step="1"/><F100/><REACH who="2" ten="126,118,354,392" step="2"/><W135/><G81/><AGARI ba="0,1" hai="48,49,50,81,85,90,133,134" m="43593,6335" machi="81" ten="30,1500,0" yaku="15,1" doraHai="16" who="0" fromWho="3" sc="126,25,118,0,354,0,392,-15" /><INIT seed="4,1,0,2,0,46" ten="151,118,354,377" oya="0" hai0="22,37,24,3,81,20,7,127,104,76,107,91,9" hai1="67,109,89,63,8,38,85,40,14,27,108,88,64" hai2="54,70,48,10,56,16,33,79,116,59,102,60,35" hai3="42,45,126,11,99,80,66,19,6,83,117,53,58"/><T36/><D127/><U100/><E100/><V57/><F70/><W1/><G117/><T125/><D125/><U32/><E67/><V106/><F116/><W129/><G126/><T135/><D135/><U74/><E74/><V62/><F79/><W72/><G129/><T29/><D91/><U15/><E40/><V30/><F106/><W119/><G119/><T93/><D93/><U113/><E38/><V94/><F30/><W122/><G122/><T111/><D111/><U73/><E113/><V2/><F57/><W77/><G66/><T131/><D131/><U134/><E73/><V114/><F114/><W124/><G124/><T26/><D107/><U39/><E39/><V87/><F60/><W84/><G19/><T25/><D104/><U47/><E134/><V69/><F69/><W121/><G99/><T52/><D26/><U110/><E47/><V78/><F78/><W118/><G121/><T123/><D123/><U18/><E15/><V71/><F71/><W132/><G132/><T17/><REACH who="0" step="1"/><D52/><REACH who="0" ten="141,118,354,377" step="2"/><U82/><E89/><V0/><F54/><W43/><G118/><T21/><D21/><U101/><E27/><V90/><F90/><W92/><G92/><T61/><D61/><U13/><E32/><V133/><F62/><N who="3" m="36175" /><G45/><T12/><D12/><U130/><E14/><V103/><F33/><W95/><G95/><T97/><D97/><U5/><E101/><V128/><F35/><W50/><G43/><T51/><D51/><U98/><E98/><V75/><F94/><W41/><G50/><T55/><D55/><U115/><E130/><V4/><F128/><RYUUKYOKU ba="1,1" sc="141,15,118,-15,354,-15,377,15" hai0="3,7,9,17,20,22,24,25,29,36,37,76,81" hai3="1,6,11,41,42,72,77,80,83,84" /><INIT seed="4,2,1,2,4,92" ten="156,103,339,392" oya="0" hai0="34,127,52,2,77,42,104,26,19,83,12,75,55" hai1="135,18,65,128,84,78,14,5,86,61,39,56,102" hai2="120,114,24,60,111,10,7,89,71,15,94,117,20" hai3="80,46,37,38,95,36,29,134,50,25,51,85,32"/><T23/><D2/><U62/><E39/><V132/><F111/><W17/><G134/><T113/><D113/><U64/><E135/><V101/><F114/><W110/><G110/><T123/><D123/><U105/><E128/><V100/><F132/><W33/><G33/><T66/><D127/><U109/><E109/><V124/><F124/><W107/><G107/><T45/><D104/><U119/><E5/><V130/><F130/><W16/><G95/><T13/><D66/><U47/><E119/><V112/><F112/><W35/><G35/><T79/><D79/><U57/><E47/><V1/><F120/><W54/><REACH who="3" step="1"/><G50/><REACH who="3" ten="156,103,339,382" step="2"/><T28/><REACH who="0" step="1"/><D12/><REACH who="0" ten="146,103,339,382" step="2"/><U126/><E126/><V131/><F15/><W129/><G129/><T43/><D43/><U44/><E105/><V108/><F131/><W9/><G9/><T53/><D53/><U68/><E64/><V67/><F108/><W27/><G27/><T91/><D91/><AGARI ba="2,3" hai="16,17,25,29,32,36,37,38,46,51,54,80,85,91" machi="91" ten="40,5200,0" yaku="1,1,54,1,53,1" doraHai="92" doraHaiUra="81" who="3" fromWho="0" sc="146,-58,103,0,339,0,382,88" /><INIT seed="5,0,0,0,1,119" ten="88,103,339,470" oya="1" hai0="94,128,100,30,99,130,18,17,117,7,101,124,29" hai1="84,122,98,59,123,127,80,134,51,21,54,125,45" hai2="91,73,24,26,87,56,20,5,113,70,42,112,116" hai3="47,135,97,22,88,9,15,104,43,107,93,68,58"/><U85/><E134/><V90/><F73/><W114/><G68/><T38/><D117/><U65/><E98/><V115/><F116/><W40/><G135/><T28/><D124/><N who="1" m="47691" /><E21/><V72/><F72/><W132/><G132/><T8/><D38/><U37/><E37/><V48/><F70/><W55/><G22/><T11/><D100/><U92/><E92/><V126/><F126/><W14/><G114/><T69/><D69/><U13/><E13/><V108/><F108/><W19/><G14/><T0/><REACH who="0" step="1"/><D11/><REACH who="0" ten="78,103,339,470" step="2"/><U4/><E80/><V12/><F112/><W66/><G9/><T62/><D62/><N who="1" m="38111" /><E4/><V64/><F5/><W3/><G107/><T50/><D50/><U78/><E78/><V83/><F48/><W1/><G104/><T27/><D27/><U63/><E63/><V10/><F24/><W74/><G93/><T31/><N who="0" m="7680" /><DORA hai="60" /><T16/><AGARI ba="0,1" hai="0,7,8,16,17,18,94,99,101,128,130" m="7680" machi="16" ten="50,8000,1" yaku="1,1,4,1,0,1,54,1,53,0" doraHai="119,60" doraHaiUra="36,110" who="0" fromWho="0" sc="78,90,103,-40,339,-20,470,-20" /><INIT seed="6,0,0,1,2,3" ten="168,63,319,450" oya="2" hai0="20,121,95,12,18,36,113,43,7,14,50,56,98" hai1="78,134,35,1,110,48,118,33,46,77,86,107,24" hai2="130,31,124,73,21,123,85,93,13,99,94,19,62" hai3="25,37,34,9,120,81,57,135,96,30,132,65,10"/><V26/><F73/><W88/><G37/><T64/><D121/><U42/><E118/><V6/><F123/><W92/><G81/><T109/><D109/><U131/><E107/><V70/><F124/><W112/><G112/><T71/><D113/><U103/><E131/><V133/><F130/><W79/><G79/><T122/><D122/><U60/><E134/><N who="3" m="51242" /><G120/><T61/><D71/><U69/><E110/><V75/><F75/><W29/><G30/><T127/><D36/><U82/><E103/><V23/><F133/><W40/><G40/><T116/><D127/><U0/><E24/><V101/><F70/><W115/><G115/><T102/><D116/><U129/><E129/><V84/><F62/><AGARI ba="0,0" hai="9,10,25,29,34,57,62,65,88,92,96" m="51242" machi="62" ten="30,2000,0" yaku="20,1,54,1" doraHai="3" who="3" fromWho="2" sc="168,0,63,0,319,-20,450,20" /><INIT seed="7,0,0,4,1,51" ten="168,63,299,470" oya="3" hai0="31,98,75,11,64,58,17,70,96,106,53,113,9" hai1="82,118,45,44,66,79,128,54,124,108,81,127,73" hai2="78,91,26,0,38,122,116,132,104,20,133,99,94" hai3="59,48,88,117,52,76,6,87,61,65,109,114,12"/><W126/><G117/><T68/><D75/><U30/><E30/><V19/><F0/><W95/><G126/><T134/><D134/><N who="2" m="51818" /><F38/><W77/><G109/><T56/><D113/><U33/><E33/><V90/><F116/><W2/><G2/><T21/><D31/><U15/><E128/><V57/><F78/><W18/><G6/><T69/><D64/><U10/><E118/><V67/><F104/><W121/><G121/><T97/><D106/><U36/><E108/><V100/><F122/><W23/><G114/><T42/><D42/><U119/><E119/><V5/><F5/><W84/><G84/><T47/><D47/><AGARI ba="0,0" hai="12,18,23,47,48,52,59,61,65,76,77,87,88,95" machi="47" ten="30,12000,1" yaku="7,1,8,1,52,1,54,2" doraHai="51" who="3" fromWho="0" sc="168,-120,63,0,299,0,470,120" owari="48,-45.0,63,-34.0,299,10.0,590,69.0" /></mjloggm>