<mjloggm ver="2.3"><GO type="41"/><UN n0="%E5%B9%B3%E5%92%8C%E3%83%80%E3%83%9E%E3%82%8B%E7%B3%BB%E9%9B%80%E5%A3%AB" n1="%6F%74%6F%72%68%69%6E%6F" n2="%2D%E4%BC%8A%E9%81%94%E6%94%BF%E5%AE%97%2D" n3="%EF%BC%88%E2%89%A7%E2%96%BD%E2%89%A6%EF%BC%89" dan="15,13,13,15" rate="2027,1866,1816,2012" sx="F,M,M,M"/><TAIKYOKU oya="0"/><INIT seed="0,0,0,3,0,108" ten="250,250,250,250" oya="0" hai0="80,118,58,30,31,113,38,51,95,66,127,123,3" hai1="105,102,53,121,23,73,96,43,47,42,112,32,69" hai2="120,48,87,34,49,37,54,33,116,17,124,104,114" hai3="76,0,50,67,45,131,25,35,99,61,36,135,88"/><T93/><D123/><U57/><E69/><V111/><F120/><W46/><G135/><T72/><D3/><U62/><E121/><V71/><F111/><W15/><G131/><T19/><D118/><U65/><E32/><V63/><F116/><W83/><G0/><T7/><D38/><U130/><E130/><V132/><F132/><W41/><G15/><T27/><D7/><U78/><E112/><V91/><F114/><W44/><G35/><T1/><D113/><U101/><E101/><V40/><F37/><W59/><G25/><T134/><D1/><U11/><E73/><V29/><F104/><W103/><G36/><T122/><D19/><U85/><E11/><V82/><F71/><W90/><G45/><T4/><D4/><U22/><E42/><V9/><F40/><W128/><G46/><T6/><D6/><U70/><E78/><V12/><F49/><W92/><REACH who="3" step="1"/><G128/><REACH who="3" ten="250,250,250,240" step="2"/><T81/><D122/><U86/><E23/><V55/><F34/><W109/><G109/><T117/><D134/><U100/><E22/><V60/><F33/><W14/><G14/><T74/><D27/><U21/><E21/><V119/><F119/><W13/><G13/><T110/><D117/><U129/><E129/><V94/><F12/><W126/><G126/><T106/><D127/><U52/><E47/><V125/><F125/><W107/><G107/><T26/><D106/><U18/><E105/><V89/><F124/><W97/><G97/><T84/><D26/><U39/><E39/><V98/><F98/><W2/><G2/><T20/><D110/><U79/><E96/><RYUUKYOKU ba="0,1" sc="250,-10,250,-10,250,-10,240,30" hai3="41,44,50,59,61,67,76,83,88,90,92,99,103" /><INIT seed="1,1,1,2,5,65" ten="240,240,240,270" oya="1" hai0="118,52,117,79,34,77,17,62,54,51,84,134,119" hai1="1,124,59,129,85,32,135,16,107,5,30,115,26" hai2="4,45,91,104,8,78,83,76,7,38,9,66,120" hai3="48,36,21,127,37,70,82,29,74,95,69,24,33"/><U111/><E107/><V106/><F120/><W22/><G127/><T92/><D34/><U19/><E85/><V98/><F66/><W67/><G48/><T20/><D134/><U14/><E59/><V113/><F113/><W57/><G57/><T126/><D62/><U94/><E94/><V73/><F38/><W39/><G95/><T132/><D132/><U47/><E135/><V15/><F45/><W61/><REACH who="3" step="1"/><G70/><REACH who="3" ten="240,240,240,260" step="2"/><T131/><D126/><U90/><E124/><V11/><F106/><W56/><G56/><T55/><D131/><U87/><E129/><V53/><F104/><W93/><G93/><T100/><D51/><U0/><E115/><V86/><F53/><W3/><G3/><T64/><D64/><U96/><E1/><V63/><F63/><W44/><G44/><T13/><REACH who="0" step="1"/><D84/><REACH who="0" ten="230,240,240,260" step="2"/><U72/><E87/><V99/><F86/><W88/><G88/><T108/><D108/><U60/><E111/><V128/><F91/><W40/><G40/><T28/><D28/><U49/><E30/><V109/><F128/><W123/><G123/><T97/><AGARI ba="1,3" hai="13,17,20,52,54,55,77,79,92,97,100,117,118,119" machi="97" ten="40,5200,0" yaku="1,1,0,1,54,1,53,0" doraHai="65" doraHaiUra="43" who="0" fromWho="0" sc="230,85,240,-27,240,-14,260,-14" /><INIT seed="2,0,0,5,4,126" ten="315,213,226,246" oya="2" hai0="59,26,71,56,121,49,44,27,54,102,116,15,69" hai1="11,85,96,2,120,64,61,76,53,42,124,119,70" hai2="104,60,133,28,8,82,68,111,86,35,113,109,97" hai3="66,63,129,23,18,0,25,110,90,65,91,127,83"/><V115/><F35/><W10/><G127/><T112/><D121/><U117/><E124/><V73/><F28/><W99/><G110/><N who="2" m="41993" /><F68/><W131/><G99/><T114/><D71/><U123/><E42/><V38/><F38/><W58/><G66/><T29/><D69/><U40/><E40/><V118/><F60/><W45/><G45/><T122/><D122/><N who="1" m="46635" /><E96/><V1/><F1/><W37/><G37/><T67/><D15/><U12/><E2/><V84/><F8/><W93/><G83/><T19/><D102/><U130/><E130/><N who="3" m="49674" /><G93/><T31/><D67/><U48/><E85/><V107/><F84/><W36/><G36/><T55/><D44/><N who="1" m="27783" /><E76/><V51/><F73/><W75/><G75/><T34/><D116/><U108/><E108/><V98/><F118/><W101/><G101/><T80/><D80/><U14/><E14/><V72/><F72/><W32/><G32/><T41/><D34/><U13/><E13/><V103/><F97/><W20/><G20/><T95/><D41/><U17/><AGARI ba="0,0" hai="11,12,17,61,64,70,117,119" m="27783,46635" machi="17" ten="30,1100,0" yaku="13,1" doraHai="126" who="1" fromWho="1" sc="315,-3,213,11,226,-5,246,-3" /><INIT seed="3,0,0,2,2,53" ten="312,224,221,243" oya="3" hai0="22,46,75,125,90,108,135,24,45,74,66,33,133" hai1="92,51,42,36,30,11,29,1,14,40,96,102,23" hai2="97,58,65,80,55,109,124,49,71,68,35,4,119" hai3="17,15,107,3,95,91,134,94,41,56,116,130,98"/><W48/><G116/><T118/><D33/><U111/><E36/><V9/><F119/><W26/><G3/><T129/><D118/><U128/><E128/><V43/><F35/><W8/><G130/><T120/><D129/><U5/><E111/><V39/><F109/><W87/><G134/><T62/><D108/><U110/><E110/><V47/><F124/><W25/><G107/><T57/><D120/><U70/><E70/><V76/><F97/><W20/><G8/><T50/><D125/><U115/><E115/><V88/><F65/><W52/><G41/><N who="1" m="15978" /><E1/><V32/><F32/><W63/><G63/><T126/><D90/><AGARI ba="0,0" hai="15,17,20,25,26,48,52,56,87,90,91,94,95,98" machi="90" ten="30,18000,2" yaku="7,1,25,2,8,1,52,1,54,1" doraHai="53" who="3" fromWho="0" sc="312,-180,224,0,221,0,243,180" /><INIT seed="3,1,0,0,5,47" ten="132,224,221,423" oya="3" hai0="75,28,27,2,96,130,5,95,67,48,102,69,10" hai1="80,50,98,123,115,12,131,54,51,29,34,72,78" hai2="122,103,100,71,106,7,39,37,109,66,93,91,94" hai3="111,44,114,32,13,128,64,118,120,20,81,53,92"/><W134/><G120/><T104/><D130/><U19/><E123/><V30/><F122/><W57/><G32/><T4/><D4/><U17/><E115/><V38/><F71/><W8/><G114/><T70/><D95/><U116/><E131/><V6/><F66/><W124/><G128/><T132/><D132/><U126/><E116/><V42/><F106/><W119/><G119/><T112/><D112/><U77/><E77/><V63/><F63/><W97/><G118/><T135/><D135/><U121/><E121/><V49/><F30/><W107/><G134/><T133/><D133/><U84/><E126/><V56/><F37/><W82/><G124/><T87/><D87/><U88/><E34/><V59/><F42/><W105/><G111/><T60/><D70/><U31/><E98/><V62/><F62/><W52/><G107/><T127/><D127/><U43/><E72/><V68/><F68/><W33/><G33/><N who="0" m="20639" /><D48/><U55/><E43/><V24/><F109/><W35/><G105/><T83/><D83/><N who="3" m="31753" /><G35/><T86/><D86/><U41/><E78/><V113/><F113/><W14/><G20/><T99/><D99/><U16/><E12/><N who="3" m="4714" /><G8/><T26/><D26/><U73/><E73/><AGARI ba="1,0" hai="2,5,10,60,67,69,73,75,96,102,104" m="20639" machi="73" ten="30,3900,0" yaku="25,1,33,2" doraHai="47" who="0" fromWho="1" sc="132,42,224,-42,221,0,423,0" /><INIT seed="4,0,0,3,0,134" ten="174,182,221,423" oya="0" hai0="89,99,16,12,11,104,45,91,10,116,125,109,24" hai1="130,80,112,69,47,70,9,7,40,17,129,35,76" hai2="30,8,3,55,14,37,108,28,103,51,5,114,25" hai3="52,54,96,53,126,75,94,19,57,2,128,107,85"/><T13/><D116/><U65/><E35/><V92/><F108/><W63/><G75/><T29/><D109/><U74/><E17/><V67/><F37/><W61/><G2/><T22/><D125/><U97/><E97/><V133/><F67/><W36/><G36/><T123/><D123/><U48/><E112/><V120/><F114/><W56/><G128/><N who="1" m="49258" /><E65/><V50/><F133/><W95/><G126/><T78/><D78/><U113/><E113/><V49/><F120/><W21/><G54/><T31/><D31/><U135/><E135/><V119/><F119/><W26/><G85/><T110/><D110/><U82/><E82/><V27/><F3/><AGARI ba="0,0" hai="3,7,9,40,47,48,69,70,74,76,80" m="49258" machi="3" ten="30,1000,0" yaku="19,1" doraHai="134" who="1" fromWho="2" sc="174,0,182,10,221,-10,423,0" /><INIT seed="5,0,0,3,4,117" ten="174,192,211,423" oya="1" hai0="7,89,90,48,23,36,121,56,80,72,97,108,51" hai1="123,10,115,24,27,130,101,46,12,13,99,105,119" hai2="68,84,1,52,19,73,95,107,78,111,79,96,28" hai3="135,106,122,59,60,4,15,9,53,81,20,100,14"/><U94/><E119/><V41/><F111/><W44/><G122/><T134/><D36/><U57/><E123/><V63/><F1/><W34/><G34/><T45/><D121/><U11/><E115/><V2/><F2/><W113/><G113/><T64/><D108/><U128/><E105/><V88/><F107/><W39/><G135/><T61/><D134/><U8/><E57/><V75/><F41/><W77/><G106/><T129/><D129/><N who="1" m="49771" /><E46/><V0/><F0/><W103/><G15/><AGARI ba="0,0" hai="8,10,11,12,13,15,24,27,94,99,101" m="49771" machi="15" ten="30,1500,0" yaku="19,1" doraHai="117" who="1" fromWho="3" sc="174,0,192,15,211,0,423,-15" /><INIT seed="5,1,0,5,5,52" ten="174,207,211,408" oya="1" hai0="32,97,64,124,31,109,5,83,61,54,72,91,12" hai1="93,116,10,110,23,49,6,14,114,88,60,76,17" hai2="111,27,129,11,16,65,30,106,85,120,59,63,22" hai3="33,50,0,98,119,45,29,8,21,80,53,130,128"/><U68/><E116/><V75/><F120/><W57/><G119/><T87/><D109/><U25/><E110/><V131/><F111/><W78/><G33/><T107/><D124/><U15/><E76/><V77/><F106/><W39/><G98/><T92/><D54/><U123/><E123/><V99/><F75/><N who="3" m="43103" /><G29/><T40/><D40/><U62/><E114/><V69/><F99/><W71/><G21/><T125/><D125/><U20/><E68/><V35/><F69/><W24/><G24/><T118/><D118/><U43/><E43/><V34/><F11/><W133/><G133/><T58/><D107/><U81/><E81/><V13/><F35/><W121/><G121/><T74/><D31/><N who="1" m="17831" /><E49/><V67/><F67/><W7/><G71/><T122/><D32/><U46/><E46/><V28/><F28/><W26/><G26/><T36/><D36/><U94/><E94/><V127/><F127/><W135/><G135/><T84/><D122/><U89/><E89/><V19/><F19/><W47/><G45/><T4/><D87/><AGARI ba="1,0" hai="6,10,14,15,17,23,60,62,87,88,93" m="17831" machi="87" ten="30,2900,0" yaku="8,1,54,1" doraHai="52" who="1" fromWho="0" sc="174,-32,207,32,211,0,408,0" /><INIT seed="5,2,0,2,2,43" ten="142,239,211,408" oya="1" hai0="105,73,103,117,97,115,29,66,14,49,124,99,69" hai1="102,91,6,131,50,86,74,33,89,56,23,92,48" hai2="8,77,17,135,30,93,61,28,54,51,52,3,80" hai3="22,1,127,95,68,37,18,26,96,65,38,90,24"/><U55/><E33/><V15/><F3/><W118/><G1/><T116/><D99/><U94/><E74/><V45/><F135/><W113/><G127/><T20/><D124/><U101/><E131/><V31/><F93/><W62/><G118/><T84/><D115/><U79/><E79/><V85/><F61/><W21/><G113/><T119/><D73/><U114/><E114/><V128/><F128/><W2/><REACH who="3" step="1"/><G2/><REACH who="3" ten="142,239,211,398" step="2"/><T16/><D84/><U39/><E39/><V10/><REACH who="2" step="1"/><F10/><REACH who="2" ten="142,239,201,398" step="2"/><W58/><G58/><T83/><D116/><U81/><E56/><V25/><F25/><W88/><G88/><T63/><D117/><U27/><E91/><V109/><F109/><W70/><G70/><T53/><D119/><U34/><E89/><V72/><F72/><W87/><G87/><T98/><D98/><U82/><E86/><V104/><F104/><W44/><G44/><T59/><REACH who="0" step="1"/><D29/><AGARI ba="2,2" hai="18,21,22,24,26,29,37,38,62,65,68,90,95,96" machi="29" ten="30,2000,0" yaku="1,1,7,1,53,0" doraHai="43" doraHaiUra="0" who="3" fromWho="0" sc="142,-26,239,0,201,0,398,46" /><INIT seed="6,0,0,1,0,99" ten="116,239,201,444" oya="2" hai0="107,105,104,17,78,74,89,90,64,13,121,47,46" hai1="70,62,123,51,129,14,127,103,25,61,35,109,38" hai2="60,1,4,81,88,53,54,95,96,72,114,73,20" hai3="59,85,41,11,118,134,97,133,18,8,108,7,69"/><V32/><F32/><W101/><G69/><T71/><D121/><U135/><E123/><V110/><F110/><W111/><G118/><T24/><D78/><U63/><E109/><V66/><F114/><W10/><G7/><T112/><D74/><U45/><E38/><V40/><F40/><W100/><G41/><T15/><D112/><U52/><E127/><V68/><F1/><W26/><G85/><T58/><D71/><U94/><E129/><V6/><F72/><W37/><G37/><T19/><D24/><U128/><E128/><V65/><F65/><W125/><G125/><T21/><D64/><U3/><E3/><V57/><F73/><W28/><G18/><T30/><D58/><U39/><E135/><N who="3" m="51722" /><G59/><T124/><D30/><U36/><E70/><V113/><F113/><W115/><G101/><T27/><D27/><U102/><E36/><V122/><F122/><W116/><G116/><T132/><D132/><U56/><E39/><V86/><F20/><N who="3" m="15431" /><G115/><T77/><D124/><U84/><E35/><V22/><F22/><W98/><G98/><T131/><D131/><U79/><E25/><V76/><F53/><W9/><G9/><N who="0" m="6319" /><D77/><U23/><E23/><V80/><F80/><W29/><G29/><T82/><D82/><N who="1" m="47199" /><E14/><V92/><F92/><AGARI ba="0,0" hai="8,10,11,92,97,100,108,111" m="15431,51722" machi="92" ten="30,2000,0" yaku="20,1,52,1" doraHai="99" who="3" fromWho="2" sc="116,0,239,0,201,-20,444,20" /><INIT seed="7,0,0,1,0,24" ten="116,239,181,464" oya="3" hai0="96,89,72,122,126,83,61,18,20,82,95,36,44" hai1="92,67,109,10,100,129,31,25,131,113,81,38,33" hai2="123,64,7,50,45,41,39,49,34,91,99,5,53" hai3="132,74,130,114,105,119,76,28,47,48,62,115,124"/><W29/><G48/><T46/><D122/><U125/><E109/><V17/><F123/><W11/><G47/><T90/><D36/><U13/><E38/><V54/><F34/><W94/><G76/><T117/><D117/><U27/><E113/><V58/><F64/><W79/><G94/><T84/><D61/><U121/><E121/><V1/><F1/><W55/><G11/><T88/><D44/><U60/><E125/><V134/><F134/><W66/><G62/><T37/><D46/><U16/><E25/><V112/><F112/><W65/><G65/><T116/><D37/><U56/><E81/><N who="0" m="30729" /><D18/><U2/><E2/><V9/><F39/><W3/><G66/><T42/><D20/><U77/><E77/><V26/><F41/><W128/><G79/><T43/><D42/><U133/><E133/><V6/><F26/><W118/><G55/><T63/><D43/><U127/><E127/><V70/><F70/><W71/><G71/><T135/><D63/><U78/><E78/><V52/><F53/><W57/><G3/><T104/><D135/><U12/><E12/><N who="2" m="7311" /><F5/><W0/><G124/><T51/><D51/><U97/><AGARI ba="0,0" hai="10,13,16,27,31,33,56,60,67,92,97,100,129,131" machi="97" ten="30,4000,0" yaku="0,1,52,1,54,1" doraHai="24" who="1" fromWho="1" sc="116,-10,239,40,181,-10,464,-20" owari="106,-39.0,279,8.0,171,-23.0,444,54.0" /></mjloggm>