<mjloggm ver="2.3"><GO type="97"/><UN n0="%4B%49%52%4C%49%41" n1="%EF%BC%88%E2%89%A7%E2%96%BD%E2%89%A6%EF%BC%89" n2="%E5%8D%8A%E3%81%9D%E3%81%A7%E5%8D%8A%E3%83%91%E3%83%B3" n3="%E3%83%97%E3%83%AD%E8%A6%B3%E6%88%A6%E5%A3%AB" dan="14,15,13,16" rate="1869,1981,1865,2087" sx="F,M,F,M"/><TAIKYOKU oya="0"/><INIT seed="0,0,0,1,2,115" ten="250,250,250,250" oya="0" hai0="96,18,16,61,77,100,60,54,56,101,110,53,99" hai1="134,59,25,102,98,13,48,120,26,65,42,27,121" hai2="83,105,71,49,131,68,44,135,19,36,75,118,116" hai3="67,126,85,94,106,17,113,37,130,32,57,33,109"/><T0/><D0/><U89/><E134/><V103/><F36/><W74/><G37/><T73/><D110/><U52/><E42/><V129/><F135/><W22/><G74/><T95/><D77/><U39/><E39/><V88/><F19/><W91/><G106/><T14/><D73/><U40/><E40/><N who="2" m="24711" /><F103/><W11/><G11/><T111/><D14/><U81/><E65/><V55/><F55/><W64/><G113/><T80/><D80/><U133/><E133/><V87/><F75/><W6/><G6/><T70/><D70/><N who="2" m="26666" /><F105/><W35/><G32/><T122/><D111/><U117/><E117/><AGARI ba="0,0" hai="83,87,88,116,117,118,129,131" m="26666,24711" machi="117" ten="30,8000,1" yaku="12,1,52,3,54,1" doraHai="115" who="2" fromWho="1" sc="250,0,250,-80,250,80,250,0" /><INIT seed="1,0,0,4,1,34" ten="250,170,330,250" oya="1" hai0="95,109,108,28,49,101,41,121,116,61,39,77,62" hai1="8,78,25,11,104,3,86,75,113,128,17,40,4" hai2="99,57,27,20,36,125,5,63,131,64,13,31,127" hai3="16,82,103,46,111,122,132,114,18,98,93,42,58"/><U97/><E113/><V66/><F36/><W91/><G122/><T135/><D39/><U74/><E128/><V80/><F131/><W51/><G114/><T130/><D116/><U88/><E78/><V6/><F80/><W118/><G118/><T43/><D121/><U106/><E40/><N who="0" m="15433" /><D28/><U55/><E55/><V32/><F66/><W112/><G112/><T69/><D130/><U92/><E25/><V73/><F73/><W89/><G111/><N who="0" m="42571" /><D77/><U14/><REACH who="1" step="1"/><E106/><REACH who="1" ten="250,160,330,250" step="2"/><V52/><F27/><W22/><G42/><T45/><D135/><U79/><E79/><V110/><F110/><W85/><G132/><T60/><D69/><U2/><E2/><V7/><F127/><W35/><G35/><T126/><D126/><U76/><E76/><V38/><F32/><W24/><G24/><T72/><D72/><U83/><E83/><V94/><F125/><W70/><G82/><T15/><D15/><U120/><E120/><V33/><F33/><W67/><G70/><T90/><D45/><U100/><AGARI ba="0,1" hai="3,4,8,11,14,17,74,75,86,88,92,97,100,104" machi="100" ten="30,11700,0" yaku="1,1,0,1,52,1,54,1,53,0" doraHai="34" doraHaiUra="29" who="1" fromWho="1" sc="250,-39,160,127,330,-39,250,-39" /><INIT seed="1,1,0,2,1,30" ten="211,287,291,211" oya="1" hai0="16,43,127,82,34,119,133,59,63,121,50,67,25" hai1="1,65,40,56,96,57,124,54,83,48,64,71,134" hai2="92,28,101,102,44,88,104,75,94,81,12,111,79" hai3="114,46,107,10,13,103,122,41,76,20,84,87,53"/><U118/><E1/><V89/><F12/><W95/><G122/><T37/><D119/><U49/><E118/><V78/><F44/><W4/><G114/><T69/><D121/><U90/><E134/><V14/><F14/><W6/><G107/><T109/><D133/><U31/><E124/><V29/><F29/><W100/><G6/><T91/><D127/><U113/><E113/><V97/><F28/><W32/><G32/><T27/><D109/><U38/><E31/><V17/><F17/><W8/><G8/><T125/><D125/><U93/><E71/><V62/><F62/><W11/><G11/><T116/><D116/><U108/><E108/><V131/><F131/><W35/><G35/><T60/><D37/><U7/><E7/><V135/><F135/><W129/><G129/><T23/><D43/><U39/><E83/><N who="2" m="45535" /><F111/><W80/><G53/><T9/><D50/><U55/><E40/><V77/><F77/><W51/><G20/><T112/><D9/><U47/><REACH who="1" step="1"/><E47/><REACH who="1" ten="211,277,291,211" step="2"/><V68/><F68/><W105/><G105/><T22/><D112/><U24/><E24/><V19/><F19/><W36/><G36/><AGARI ba="1,1" hai="36,38,39,48,49,54,55,56,57,64,65,90,93,96" machi="36" ten="40,3900,0" yaku="1,1,9,1,53,0" doraHai="30" doraHaiUra="58" who="1" fromWho="3" sc="211,0,277,52,291,0,211,-42" /><INIT seed="1,2,0,1,3,62" ten="211,329,291,169" oya="1" hai0="79,56,25,2,40,15,52,94,87,17,82,57,83" hai1="23,32,5,131,81,41,65,20,34,95,119,31,58" hai2="37,73,4,126,33,77,51,85,135,106,80,26,3" hai3="7,39,128,66,89,45,105,70,59,103,96,36,19"/><U55/><E119/><V47/><F106/><W10/><G128/><T16/><D2/><U111/><E131/><V123/><F123/><W124/><G124/><T115/><D40/><U134/><E134/><V28/><F126/><W102/><G102/><T98/><D115/><U121/><E121/><V122/><F122/><W76/><G70/><T109/><D57/><U107/><E107/><V112/><F135/><W48/><G19/><N who="0" m="7243" /><D15/><U86/><E41/><V133/><F133/><W60/><G76/><T8/><D8/><U13/><E32/><V21/><F21/><W69/><G69/><T61/><D109/><U0/><E34/><V29/><F29/><W104/><G104/><T72/><D72/><U46/><E0/><V75/><F37/><W78/><G78/><T22/><D22/><U74/><E74/><V113/><F4/><W54/><REACH who="3" step="1"/><G89/><REACH who="3" ten="211,329,291,159" step="2"/><N who="0" m="55631" /><D25/><U93/><E31/><V108/><F108/><W114/><G114/><N who="2" m="44137" /><F3/><AGARI ba="2,1" hai="3,7,10,36,39,45,48,54,59,60,66,96,103,105" machi="3" ten="30,3900,0" yaku="1,1,7,1,52,1,53,0" doraHai="62" doraHaiUra="127" who="3" fromWho="2" sc="211,0,329,0,291,-45,159,55" /><INIT seed="2,0,0,0,0,63" ten="211,329,246,214" oya="2" hai0="98,76,23,117,87,89,43,6,81,100,50,13,131" hai1="114,67,42,122,110,9,25,70,17,83,95,61,16" hai2="33,113,31,112,35,2,94,3,73,123,30,65,56" hai3="132,49,55,80,7,15,40,126,134,84,120,86,104"/><V46/><F123/><W133/><G120/><T54/><D43/><U41/><E122/><V28/><F46/><W106/><G126/><T79/><D117/><U24/><E114/><V130/><F73/><W60/><G86/><T93/><D131/><U92/><E110/><V66/><F94/><W97/><G97/><T59/><REACH who="0" step="1"/><D23/><REACH who="0" ten="201,329,246,214" step="2"/><N who="1" m="13415" /><E42/><V18/><F130/><W71/><G40/><T135/><D135/><U91/><E41/><V27/><F113/><W121/><G121/><T29/><D29/><U125/><E125/><V57/><F112/><W69/><G134/><T85/><D85/><U111/><E111/><V32/><F27/><W44/><G133/><T34/><D34/><U45/><E25/><V124/><F124/><W20/><G132/><T82/><D82/><U88/><E83/><V107/><F18/><W75/><G75/><T51/><D51/><U68/><E17/><V115/><F115/><W62/><G84/><T53/><D53/><U0/><E91/><V103/><F103/><W119/><G80/><T118/><D118/><U39/><E88/><V77/><F77/><W22/><G119/><T127/><D127/><U1/><E39/><V4/><F4/><W109/><G109/><T37/><D37/><U10/><E10/><AGARI ba="0,1" hai="6,10,13,50,54,59,76,79,81,87,89,93,98,100" machi="10" ten="40,5200,0" yaku="1,1,8,1,53,1" doraHai="63" doraHaiUra="78" who="0" fromWho="1" sc="201,62,329,-52,246,0,214,0" /><INIT seed="3,0,0,2,0,9" ten="263,277,246,214" oya="3" hai0="129,11,47,123,31,25,89,107,19,21,65,110,36" hai1="118,75,101,133,76,30,112,58,35,13,56,0,93" hai2="83,60,54,62,81,45,63,6,73,135,69,130,86" hai3="128,100,82,20,34,23,27,115,4,55,51,59,98"/><W32/><G115/><T102/><D123/><U94/><E112/><V16/><F6/><W104/><G128/><T24/><D65/><U97/><E133/><V53/><F130/><W43/><G43/><T66/><D66/><U99/><E118/><V71/><F135/><W57/><G23/><T42/><D110/><U12/><E0/><V29/><F29/><W40/><G40/><T117/><D117/><U122/><E122/><V52/><F45/><W95/><G82/><T90/><D102/><N who="1" m="60719" /><E75/><V80/><F73/><W67/><G104/><T10/><D107/><U113/><E35/><V70/><F16/><W120/><G120/><T28/><D129/><U106/><E106/><V2/><F2/><W92/><G92/><T41/><D41/><U116/><E116/><V114/><F114/><W77/><G77/><AGARI ba="0,0" hai="52,53,54,60,62,63,69,70,71,77,80,81,83,86" machi="77" ten="50,6400,0" yaku="29,2,54,1" doraHai="9" who="2" fromWho="3" sc="263,0,277,0,246,64,214,-64" owari="263,-14.0,277,8.0,310,41.0,150,-35.0" /></mjloggm>