<mjloggm ver="2.3"><GO type="41"/><UN n0="%79%2D%73%61%6B" n1="%E3%82%A6%E3%83%AB%E3%83%88%E3%83%A9%E7%AB%8B%E7%9B%B4" n2="%EF%BC%AB%EF%BC%A9%EF%BC%AE%EF%BC%A7%EF%BC%A8%EF%BC%AF%EF%BC%B3%EF%BC%B4" n3="%E9%AD%94%E8%A1%93%E5%A6%83" dan="15,15,13,14" rate="2031,1988,2044,1846" sx="M,M,M,F"/><TAIKYOKU oya="0"/><INIT seed="0,0,0,5,4,132" ten="250,250,250,250" oya="0" hai0="24,118,97,35,42,29,94,36,0,73,18,101,59" hai1="60,3,15,39,40,57,20,106,53,124,16,95,99" hai2="105,68,122,13,19,111,127,5,61,2,4,23,54" hai3="133,47,93,27,38,135,128,113,56,7,50,129,9"/><T71/><D118/><U63/><E106/><V89/><F105/><W114/><G38/><T131/><D73/><U58/><E3/><V17/><F122/><W65/><G93/><T67/><D131/><N who="3" m="50249" /><G27/><T12/><D0/><U37/><E124/><V108/><F68/><W112/><G9/><T120/><D120/><U52/><REACH who="1" step="1"/><E40/><REACH who="1" ten="250,240,250,250" step="2"/><V22/><F127/><W102/><G7/><T100/><D42/><U55/><E55/><V34/><F2/><W80/><G112/><T90/><D36/><U25/><E25/><V123/><F4/><W117/><G80/><T43/><D43/><U64/><E64/><V66/><F123/><W116/><G102/><AGARI ba="0,1" hai="15,16,20,37,39,52,53,57,58,60,63,95,99,102" machi="102" ten="30,8000,1" yaku="1,1,7,1,9,1,54,2,53,0" doraHai="132" doraHaiUra="134" who="1" fromWho="3" sc="250,0,240,90,250,0,250,-80" /><INIT seed="1,0,0,0,0,126" ten="250,330,250,170" oya="1" hai0="92,128,135,104,37,71,123,33,57,47,35,89,38" hai1="5,84,122,31,62,29,19,81,114,108,4,12,1" hai2="127,48,41,30,0,26,39,61,17,11,49,10,116" hai3="42,85,88,120,131,68,124,132,50,52,91,98,76"/><U97/><E1/><V53/><F116/><W8/><G68/><T44/><D104/><U64/><E122/><V22/><F127/><W34/><G120/><T25/><D123/><U77/><E114/><V94/><F39/><W55/><G34/><T67/><D135/><U23/><E97/><V63/><F0/><W3/><G124/><T78/><D78/><U43/><E43/><V110/><F110/><W100/><G132/><T2/><D2/><U95/><E95/><V96/><F41/><W66/><G66/><T60/><D128/><U102/><E102/><V27/><F49/><W72/><G3/><T58/><D35/><U24/><E108/><V13/><F27/><W51/><G8/><T83/><D83/><U16/><E19/><V79/><F10/><W32/><G32/><T18/><D47/><U109/><E109/><V129/><F129/><W107/><G131/><T87/><D37/><U112/><E112/><V133/><F79/><W65/><G65/><T14/><D44/><U70/><REACH who="1" step="1"/><E31/><REACH who="1" ten="250,320,250,170" step="2"/><V86/><F133/><W56/><G100/><T113/><D113/><U6/><E6/><V115/><F115/><W7/><G107/><T73/><D38/><U75/><E75/><V20/><F96/><W28/><G42/><T119/><D73/><U9/><AGARI ba="0,1" hai="4,5,9,12,16,23,24,29,62,64,70,77,81,84" machi="9" ten="20,7800,0" yaku="1,1,0,1,7,1,54,1,53,0" doraHai="126" doraHaiUra="125" who="1" fromWho="1" sc="250,-26,320,88,250,-26,170,-26" /><INIT seed="1,1,0,0,4,27" ten="224,408,224,144" oya="1" hai0="9,135,26,30,19,119,63,0,72,31,75,88,18" hai1="83,99,16,74,55,93,36,65,129,11,121,76,82" hai2="3,32,62,131,61,44,37,68,28,2,40,38,98" hai3="114,81,1,111,133,120,97,116,94,25,103,46,66"/><U71/><E121/><V130/><F98/><W21/><G120/><T101/><D119/><U51/><E36/><V91/><F91/><W14/><G116/><T84/><D135/><U48/><E129/><N who="2" m="49163" /><F38/><W123/><G123/><T134/><D101/><U5/><E65/><N who="2" m="41007" /><F62/><W47/><G133/><T42/><D42/><U29/><E71/><V126/><F126/><W127/><G114/><T102/><D102/><U15/><E83/><V115/><F115/><W64/><G127/><T8/><D134/><U41/><E41/><V104/><F104/><W122/><G111/><T39/><D39/><U58/><E51/><V6/><F6/><W4/><G122/><T70/><D0/><U105/><E105/><V118/><F118/><W33/><G81/><T132/><D132/><U80/><E80/><V45/><F44/><W73/><G73/><T89/><D63/><U117/><E117/><V108/><F108/><W20/><G47/><T86/><D26/><AGARI ba="1,0" hai="2,3,26,28,32,37,40,45" m="41007,49163" machi="26" ten="30,3900,0" yaku="19,1,23,1,52,1" doraHai="27" who="2" fromWho="0" sc="224,-42,408,0,224,42,144,0" /><INIT seed="2,0,0,5,3,1" ten="182,408,266,144" oya="2" hai0="8,24,72,103,106,71,27,44,102,128,132,61,129" hai1="58,85,37,11,91,43,20,126,34,40,108,38,6" hai2="3,33,93,30,125,50,86,88,45,107,4,105,135" hai3="57,14,39,7,95,67,62,134,84,16,51,94,54"/><V66/><F66/><W17/><G39/><T22/><D72/><U12/><E34/><V74/><F74/><W100/><G134/><T64/><D132/><U116/><E116/><V101/><F135/><W73/><G73/><T90/><D27/><U56/><E126/><V118/><F118/><W0/><G0/><T96/><D103/><U52/><E108/><V130/><F130/><W87/><G100/><T111/><D111/><U119/><E119/><V120/><F120/><W97/><G94/><T47/><D90/><U2/><E38/><V36/><F36/><W80/><G80/><T79/><D79/><U35/><E35/><V21/><F33/><W92/><G97/><T49/><D8/><U121/><E121/><V133/><F133/><W77/><G77/><T60/><D60/><U31/><E56/><V89/><F89/><N who="3" m="53287" /><G95/><T46/><REACH who="0" step="1"/><D49/><REACH who="0" ten="172,408,266,144" step="2"/><U110/><E110/><V113/><F101/><W23/><G87/><T112/><D112/><U55/><E85/><V13/><F113/><W28/><G62/><T109/><D109/><U122/><E91/><V25/><F125/><W9/><G28/><AGARI ba="0,1" hai="22,24,28,44,46,47,61,64,71,96,102,106,128,129" machi="28" ten="40,2600,0" yaku="1,1,53,1" doraHai="1" doraHaiUra="99" who="0" fromWho="3" sc="172,36,408,0,266,0,144,-26" /><INIT seed="3,0,0,3,4,44" ten="208,408,266,118" oya="3" hai0="118,73,7,120,89,122,26,42,121,93,81,40,65" hai1="77,106,11,109,21,14,134,25,49,18,87,110,71" hai2="116,37,94,114,105,0,126,50,45,28,64,119,48" hai3="33,113,96,56,60,83,97,35,41,16,23,129,84"/><W76/><G113/><T8/><D118/><U103/><E71/><V17/><F105/><W127/><G129/><T43/><D65/><U52/><E134/><V117/><F28/><W131/><G127/><T20/><D81/><N who="1" m="47535" /><E106/><V102/><F0/><W58/><G131/><T15/><D73/><U32/><E32/><V90/><F102/><W2/><G2/><T59/><D59/><N who="1" m="33167" /><E103/><V36/><F114/><W9/><G9/><T123/><N who="0" m="30720" /><DORA hai="124" /><T53/><D53/><U39/><E39/><V100/><F100/><W51/><G35/><T4/><D4/><U24/><E21/><V61/><F126/><W55/><G33/><T27/><REACH who="0" step="1"/><D20/><REACH who="0" ten="198,408,266,118" step="2"/><U70/><E70/><N who="2" m="42255" /><F119/><W92/><G41/><T29/><D29/><U6/><E6/><V86/><F117/><W63/><G92/><T57/><D57/><U54/><E54/><N who="2" m="29967" /><F116/><W133/><G133/><T79/><D79/><U46/><E46/><V91/><F36/><W22/><G58/><T66/><D66/><U34/><E34/><V31/><F37/><W130/><G23/><T30/><D30/><U10/><E10/><V75/><F31/><W67/><G130/><T38/><D38/><U80/><E80/><N who="2" m="49479" /><F75/><W68/><REACH who="3" step="1"/><G63/><REACH who="3" ten="198,408,266,108" step="2"/><T85/><AGARI ba="0,2" hai="7,8,15,26,27,40,42,43,85,89,93" m="30720" machi="85" ten="60,4000,0" yaku="1,1,0,1,53,0" doraHai="44,124" doraHaiUra="135,115" who="0" fromWho="0" sc="198,60,408,-10,266,-10,108,-20" /><INIT seed="4,0,0,5,0,64" ten="258,398,256,88" oya="0" hai0="59,77,27,135,43,4,93,41,67,33,70,49,63" hai1="76,114,120,89,39,80,83,31,40,38,46,10,116" hai2="102,112,5,115,12,18,119,61,54,90,19,51,129" hai3="68,16,30,21,91,66,69,85,25,37,71,0,45"/><T23/><D135/><U84/><E116/><V104/><F129/><W17/><G0/><T123/><D123/><U72/><E120/><V52/><F119/><W74/><G74/><T15/><D33/><U13/><E31/><V57/><F5/><W28/><G37/><T32/><D77/><U22/><E22/><V117/><F117/><W11/><G45/><T132/><D132/><U110/><E110/><V73/><F73/><W113/><G113/><N who="2" m="43593" /><F19/><W92/><G66/><T107/><D107/><U9/><E114/><V111/><F111/><W20/><REACH who="3" step="1"/><G11/><REACH who="3" ten="258,398,256,78" step="2"/><T6/><D41/><U109/><E109/><V118/><F118/><W2/><G2/><T105/><D43/><U8/><E39/><V44/><F104/><W124/><G124/><T82/><D105/><U75/><E75/><V86/><F102/><W97/><G97/><T48/><D4/><AGARI ba="0,1" hai="4,8,9,10,13,38,40,46,72,76,80,83,84,89" machi="4" ten="30,1000,0" yaku="7,1" doraHai="64" who="1" fromWho="0" sc="258,-10,398,20,256,0,78,0" /><INIT seed="5,0,0,5,5,62" ten="248,418,256,78" oya="1" hai0="54,81,80,127,0,38,64,77,9,66,21,53,6" hai1="59,135,107,113,111,124,92,35,8,14,28,123,110" hai2="125,89,34,36,99,42,85,3,91,43,33,25,26" hai3="67,13,133,50,70,129,7,19,78,86,73,90,46"/><U101/><E107/><V20/><F3/><W4/><G133/><T106/><D38/><U75/><E75/><V45/><F125/><W121/><G129/><T83/><D106/><U71/><E71/><V37/><F99/><W118/><G121/><T74/><D127/><U96/><E124/><V100/><F100/><W105/><G118/><T1/><D21/><U102/><E123/><V57/><F57/><W44/><G105/><T76/><D9/><U41/><E102/><V72/><F72/><W130/><G130/><T98/><D98/><U15/><E135/><V103/><F103/><W55/><G73/><T126/><D126/><U117/><E41/><V119/><F119/><W39/><G78/><N who="0" m="30315" /><D6/><U17/><E117/><V108/><F108/><W84/><G39/><T104/><D104/><U2/><E2/><N who="0" m="1129" /><D74/><U131/><E131/><V132/><F132/><W27/><G44/><T31/><D31/><U5/><E111/><V134/><F134/><W69/><G84/><T32/><D32/><U82/><E28/><V97/><F97/><W65/><G27/><T95/><D95/><U114/><E35/><V115/><F85/><W58/><G70/><T60/><D60/><U48/><E110/><V29/><F20/><N who="3" m="11375" /><G69/><T51/><D51/><U61/><E48/><V18/><F29/><W22/><G46/><T87/><D87/><U52/><REACH who="1" step="1"/><E82/><REACH who="1" ten="248,408,256,78" step="2"/><V12/><F34/><W16/><G7/><T63/><D63/><U47/><E47/><V11/><F33/><W24/><G4/><T109/><D109/><U49/><E49/><V68/><F68/><W94/><AGARI ba="0,1" hai="16,22,24,50,55,58,65,67,86,90,94" m="11375" machi="94" ten="30,12000,2" yaku="5,1,25,1,8,1,52,2,54,1" doraHai="62" who="3" fromWho="3" sc="248,-30,408,-60,256,-30,78,130" /><INIT seed="6,0,0,4,2,78" ten="218,348,226,208" oya="2" hai0="49,127,116,111,39,51,69,103,121,34,131,88,76" hai1="66,22,17,57,56,123,23,7,126,91,115,84,98" hai2="59,3,30,72,60,119,53,113,40,24,31,94,95" hai3="5,32,114,54,18,70,4,27,97,65,77,9,2"/><V68/><F72/><W71/><G114/><T93/><D34/><U128/><E128/><V58/><F3/><W133/><G133/><T74/><D69/><U63/><E126/><V80/><F119/><W42/><G5/><T107/><D39/><U19/><E115/><V120/><F120/><W73/><G65/><T16/><D121/><U75/><E75/><V20/><F68/><W83/><G97/><T55/><D127/><U100/><E7/><V45/><F113/><W89/><G89/><T12/><D131/><U14/><E123/><V90/><F30/><W134/><G134/><T25/><D116/><U135/><E135/><V41/><F59/><W29/><G54/><T118/><D118/><U110/><E110/><V112/><F112/><W46/><REACH who="3" step="1"/><G18/><REACH who="3" ten="218,348,226,198" step="2"/><T43/><D111/><U13/><E98/><V99/><F40/><W48/><AGARI ba="0,1" hai="2,4,9,27,29,32,42,46,48,70,71,73,77,83" machi="48" ten="20,12000,2" yaku="1,1,2,1,0,1,7,1,52,1,53,1" doraHai="78" doraHaiUra="104" who="3" fromWho="3" sc="218,-30,348,-30,226,-60,198,130" /><INIT seed="7,0,0,5,5,74" ten="188,318,166,328" oya="3" hai0="42,103,134,11,8,12,119,59,125,89,120,84,95" hai1="97,57,123,82,116,131,92,1,124,107,78,36,88" hai2="66,32,48,51,2,40,113,63,99,55,21,128,91" hai3="76,110,37,106,127,26,70,72,122,77,24,29,129"/><W28/><G122/><T96/><D120/><U68/><E68/><V5/><F32/><W65/><G127/><T38/><D125/><U46/><E124/><V133/><F113/><W117/><G117/><T69/><D69/><U61/><E123/><V60/><F2/><W53/><G129/><T4/><D119/><U58/><E116/><V3/><F3/><W34/><G37/><T105/><D134/><U16/><E131/><V126/><F5/><W101/><G110/><T67/><D42/><U109/><E109/><V130/><F133/><W43/><G72/><T6/><D38/><U0/><E107/><V104/><F21/><W9/><G9/><T23/><D23/><U49/><E16/><V62/><F91/><W30/><G43/><T52/><D67/><U17/><E17/><V39/><F99/><N who="3" m="61759" /><G29/><T80/><D8/><U19/><E19/><V115/><F104/><W64/><G53/><T94/><D4/><U10/><E36/><V54/><F126/><W33/><G64/><T98/><D96/><U22/><E22/><V81/><F81/><W7/><G7/><T85/><D85/><N who="1" m="48343" /><E10/><V56/><F115/><W118/><G118/><T79/><D79/><U13/><E13/><V83/><F83/><W15/><G15/><T112/><D112/><U47/><E57/><N who="2" m="32967" /><F66/><W86/><G86/><T50/><AGARI ba="0,0" hai="6,11,12,50,52,59,80,84,89,94,95,98,103,105" machi="50" ten="20,2700,0" yaku="0,1,7,1,54,1" doraHai="74" who="0" fromWho="0" sc="188,27,318,-7,166,-7,328,-13" owari="215,-18.0,311,11.0,159,-34.0,315,41.0" /></mjloggm>