<mjloggm ver="2.3"><GO type="169" lobby="0"/><UN n0="%EF%BC%88%E2%89%A7%E2%96%BD%E2%89%A6%EF%BC%89" n1="%E6%A3%92%E8%A7%92" n2="%E6%82%A0%E9%9B%85" n3="%61%6D%61%6A%69%73%68%69" dan="18,17,16,16" rate="2166.20,2163.44,2051.05,2121.95" sx="M,M,M,M"/><TAIKYOKU oya="0"/><INIT seed="0,0,0,4,5,55" ten="250,250,250,250" oya="0" hai0="1,83,94,134,36,49,34,38,24,33,81,14,8" hai1="97,17,98,131,89,70,116,110,13,68,88,80,21" hai2="51,0,108,77,127,72,107,29,37,10,75,121,11" hai3="76,66,109,18,93,114,112,59,40,58,7,82,43"/><T6/><D134/><U71/><E116/><V102/><F121/><W125/><G7/><T16/><D94/><U95/><E131/><V3/><F102/><W46/><G109/><T54/><D36/><U92/><REACH who="1" step="1"/><E80/><REACH who="1" ten="250,240,250,250" step="2"/><V12/><F108/><AGARI ba="0,1" hai="13,17,21,68,70,71,88,89,92,95,97,98,108,110" machi="108" ten="50,8000,1" yaku="1,1,2,1,9,1,54,1,53,0" doraHai="55" doraHaiUra="135" who="1" fromWho="2" sc="250,0,240,90,250,-80,250,0" /><INIT seed="1,0,0,4,2,5" ten="250,330,170,250" oya="1" hai0="102,75,45,49,97,63,109,68,120,19,129,61,38" hai1="59,72,100,77,81,76,41,40,22,87,95,124,16" hai2="21,14,69,29,8,36,15,24,99,4,64,47,30" hai3="66,128,118,125,46,113,13,135,94,48,116,105,60"/><U54/><E124/><V62/><F36/><W67/><G105/><T115/><D115/><U121/><E121/><V27/><F47/><W119/><G113/><T9/><D120/><U53/><E53/><V52/><F99/><W101/><G101/><T130/><D75/><U73/><E100/><V98/><F98/><W79/><G79/><T117/><D38/><U104/><E104/><V25/><F52/><N who="3" m="29719" /><G94/><N who="0" m="58679" /><D68/><U37/><E37/><V34/><REACH who="2" step="1"/><F25/><REACH who="2" ten="250,330,160,250" step="2"/><W1/><G125/><T111/><D129/><U10/><E73/><V82/><F82/><W39/><G128/><T20/><D130/><U126/><E81/><V86/><F86/><W7/><G39/><T106/><D45/><U131/><E72/><V78/><F78/><W42/><G42/><T127/><D127/><U107/><E126/><V33/><F33/><W93/><G93/><T3/><D106/><U80/><E131/><V26/><F26/><W2/><G135/><T103/><D103/><U57/><E95/><V35/><F35/><W89/><G89/><T132/><D132/><U92/><E92/><V134/><F134/><W90/><G90/><T70/><D111/><U31/><E76/><V6/><F6/><W65/><G60/><T133/><D63/><U43/><E54/><V11/><F11/><AGARI ba="0,1" hai="1,2,7,11,13,65,66,67,116,118,119" m="29719" machi="11" ten="40,5200,0" yaku="12,1,52,1,54,1" doraHai="5" who="3" fromWho="2" sc="250,0,330,0,160,-52,250,62" /><INIT seed="2,0,0,4,0,94" ten="250,330,108,312" oya="2" hai0="129,89,56,93,37,42,23,103,65,5,82,47,135" hai1="28,12,112,96,95,11,24,33,10,74,27,118,109" hai2="45,25,21,91,134,101,92,90,32,133,108,26,40" hai3="55,100,2,7,97,114,105,86,111,6,85,62,106"/><V4/><F4/><W64/><G114/><T57/><D129/><U110/><E74/><V67/><F67/><W59/><G111/><N who="1" m="42506" /><E118/><V87/><F108/><W73/><G73/><T88/><D135/><N who="2" m="51722" /><F32/><W19/><G2/><T35/><D35/><N who="1" m="20871" /><E12/><V49/><F101/><W102/><G19/><T29/><D5/><U76/><E76/><V22/><F90/><W41/><G41/><T68/><D68/><U83/><E83/><V81/><F81/><W30/><G30/><T14/><D103/><N who="1" m="60831" /><E112/><V31/><F31/><AGARI ba="0,0" hai="10,11,27,31,33" m="60831,20871,42506" machi="31" ten="30,2000,0" yaku="14,1,52,1" doraHai="94" who="1" fromWho="2" sc="250,0,330,20,108,-20,312,0" /><INIT seed="3,0,0,1,3,58" ten="250,350,88,312" oya="3" hai0="129,133,130,60,39,25,82,85,135,49,26,110,16" hai1="78,93,10,87,42,48,54,7,105,38,50,127,124" hai2="122,94,2,117,70,104,91,106,114,88,108,96,132" hai3="5,101,67,71,81,33,43,11,35,74,45,80,32"/><W125/><G125/><N who="1" m="48202" /><E105/><V23/><F117/><W12/><G101/><T115/><D39/><U73/><E73/><V116/><F116/><W65/><G74/><T89/><D110/><U134/><E134/><N who="0" m="51209" /><D115/><U99/><E54/><V109/><F132/><W76/><G76/><T28/><D49/><U4/><E38/><V31/><F2/><W0/><G0/><T84/><D84/><U79/><E7/><V53/><F114/><W121/><G121/><T34/><D60/><U30/><E30/><V55/><F122/><W8/><G8/><T63/><D63/><U66/><E66/><V102/><F70/><W103/><G103/><T75/><D75/><U62/><E62/><V1/><F1/><W9/><G9/><T6/><D6/><U69/><E69/><V123/><F123/><W131/><G71/><T44/><D44/><U97/><E50/><V95/><F102/><W36/><G67/><T52/><D52/><U126/><E48/><V15/><F23/><AGARI ba="0,0" hai="16,23,25,26,28,34,82,85,89,129,130" m="51209" machi="23" ten="30,2000,0" yaku="20,1,54,1" doraHai="58" who="0" fromWho="2" sc="250,20,350,0,88,-20,312,0" /><INIT seed="4,0,0,3,2,115" ten="270,350,68,312" oya="0" hai0="120,49,126,50,67,64,109,26,3,125,111,68,53" hai1="21,124,22,121,129,28,83,31,135,19,65,92,35" hai2="33,89,29,112,132,82,8,48,101,59,34,1,66" hai3="105,127,104,25,7,73,100,54,103,70,123,88,110"/><T98/><D3/><U38/><E38/><V17/><F112/><W93/><G70/><T2/><D2/><U96/><E65/><N who="0" m="25161" /><D98/><U81/><E35/><V76/><F101/><W91/><G7/><T18/><D26/><U61/><E61/><V94/><F29/><W99/><G25/><T107/><D18/><U46/><E46/><V106/><F106/><N who="3" m="41067" /><G54/><T37/><D107/><U122/><E96/><V32/><F66/><W116/><G123/><T20/><D20/><U24/><E92/><V0/><F59/><W36/><G36/><T119/><D120/><U56/><E56/><V39/><F39/><W90/><G110/><N who="0" m="41995" /><D68/><U71/><E71/><V41/><F0/><W30/><G30/><T23/><D23/><U97/><E97/><V72/><F1/><W43/><G127/><N who="0" m="48651" /><D37/><U58/><E124/><V15/><F94/><W84/><G116/><T5/><D5/><U9/><E24/><V113/><F89/><N who="3" m="34411" /><G73/><T102/><D102/><N who="3" m="38953" /><G43/><T130/><D119/><U47/><E122/><V78/><F113/><W42/><G42/><T13/><D13/><U74/><E74/><V86/><F72/><W14/><G14/><T69/><D69/><U44/><E28/><V128/><F41/><W114/><G114/><T133/><D53/><U40/><E40/><V75/><F75/><W62/><G62/><T79/><D50/><U134/><E31/><V12/><F48/><W87/><AGARI ba="0,0" hai="84,87,91,93,99" m="38953,34411,41067" machi="87" ten="40,12000,2" yaku="35,5,54,1" doraHai="115" who="3" fromWho="3" sc="270,-60,350,-30,68,-30,312,120" /><INIT seed="5,0,0,0,2,57" ten="210,320,38,432" oya="1" hai0="2,61,65,69,51,76,111,3,104,52,83,7,127" hai1="5,63,78,17,39,10,50,19,132,16,0,110,122" hai2="82,47,23,93,105,11,1,84,119,14,38,108,89" hai3="20,4,6,131,60,58,41,46,35,87,18,70,125"/><U37/><E122/><V32/><F32/><W88/><G131/><T73/><D111/><U124/><E110/><V134/><F105/><W100/><G70/><T113/><D113/><U102/><E132/><V133/><F108/><W95/><G35/><T112/><D104/><U26/><E124/><V121/><F121/><W75/><G75/><T49/><D112/><U130/><E130/><V68/><F68/><W107/><G100/><T85/><D127/><U96/><E78/><V59/><F119/><W12/><G107/><T33/><D33/><U72/><E72/><V128/><F128/><W24/><G12/><T67/><D67/><U8/><E50/><V92/><F1/><W55/><G125/><T30/><D30/><U135/><E135/><V79/><F23/><W115/><G115/><T15/><D49/><AGARI ba="0,0" hai="4,6,18,20,24,41,46,49,55,58,60,87,88,95" machi="49" ten="30,7700,0" yaku="7,1,8,1,52,1,54,1" doraHai="57" who="3" fromWho="0" sc="210,-77,320,0,38,0,432,77" /><INIT seed="6,0,0,4,2,131" ten="133,320,38,509" oya="2" hai0="128,57,80,82,116,26,21,118,123,75,36,11,56" hai1="74,132,58,81,69,13,114,60,71,120,102,61,89" hai2="62,12,8,98,37,40,104,42,100,39,90,87,79" hai3="99,0,20,29,107,3,16,45,59,18,73,53,10"/><V113/><F113/><W105/><G73/><T119/><D123/><U27/><E102/><V108/><F108/><W54/><G45/><T64/><D128/><U19/><E27/><V30/><F30/><W115/><G115/><T111/><D111/><U50/><E74/><V96/><F96/><W84/><G84/><T133/><D133/><U124/><E81/><N who="0" m="31337" /><D75/><U95/><E50/><V126/><F126/><W86/><G86/><T134/><D134/><U55/><E132/><V85/><F85/><W106/><G99/><T35/><D35/><U4/><E4/><V7/><F79/><W32/><G32/><T68/><D36/><U112/><E120/><V43/><REACH who="2" step="1"/><F62/><REACH who="2" ten="133,320,28,509" step="2"/><W101/><G29/><N who="0" m="17615" /><D11/><U125/><E61/><AGARI ba="0,1" hai="56,57,61,64,68,116,118,119" m="17615,31337" machi="61" ten="40,1300,0" yaku="12,1" doraHai="131" who="0" fromWho="1" sc="133,23,320,-13,28,0,509,0" /><INIT seed="7,0,0,0,5,15" ten="156,307,28,509" oya="3" hai0="102,46,26,70,69,1,51,116,113,87,101,73,13" hai1="130,49,76,27,32,83,81,58,14,56,65,41,39" hai2="67,42,53,57,77,59,78,31,38,107,72,48,33" hai3="118,129,35,120,111,80,61,10,134,45,4,121,12"/><W63/><G45/><T23/><D1/><U123/><E39/><V25/><F107/><W54/><G80/><T55/><D73/><U105/><E105/><V62/><F72/><W131/><G10/><T122/><D87/><U50/><E14/><V22/><F33/><W21/><G21/><T74/><D13/><U11/><E11/><V52/><F38/><W24/><G54/><T20/><D55/><U95/><E95/><V92/><F42/><W103/><G103/><T128/><D101/><U40/><E27/><V117/><F117/><W75/><G61/><T7/><D102/><U126/><E32/><V100/><F53/><W104/><G63/><T68/><D68/><U36/><E36/><V93/><F93/><W43/><G43/><T2/><D70/><U135/><E76/><V125/><F125/><W133/><G24/><T17/><D69/><U115/><E65/><V90/><REACH who="2" step="1"/><F90/><REACH who="2" ten="156,307,18,509" step="2"/><W16/><G35/><T47/><D74/><U119/><E126/><V132/><F132/><W84/><G75/><T8/><D116/><U91/><E91/><V79/><F79/><W19/><G104/><T109/><D109/><U34/><E135/><V106/><F106/><W44/><G133/><T127/><D127/><U89/><E89/><V5/><F5/><W60/><G4/><T37/><D7/><U124/><E34/><V64/><F64/><W108/><G134/><T9/><D37/><U110/><E124/><V85/><F85/><W94/><G84/><T30/><D30/><U82/><E110/><V88/><F88/><W86/><G111/><T18/><D113/><RYUUKYOKU ba="0,1" sc="156,-10,307,-10,18,30,509,-10" hai2="22,25,31,48,52,57,59,62,67,77,78,92,100" owari="146,-25.0,297,10.0,48,-45.0,509,60.0" /></mjloggm>