<mjloggm ver="2.3"><GO type="41"/><UN n0="%EF%BC%88%E2%89%A7%E2%96%BD%E2%89%A6%EF%BC%89" n1="%E3%83%9C%E3%83%96%73%69%6C%76%69%61" n2="%EF%BC%A5%EF%BC%AC%EF%BC%AD%EF%BC%AF" n3="%E2%97%8E%E3%81%B4%E3%82%8D%E3%81%93%E2%98%85" dan="15,13,14,14" rate="2045,1920,1953,1954" sx="M,M,M,M"/><TAIKYOKU oya="0"/><INIT seed="0,0,0,3,1,77" ten="250,250,250,250" oya="0" hai0="108,135,43,8,61,104,56,5,59,124,6,128,11" hai1="125,103,130,46,116,74,28,2,91,60,21,57,65" hai2="112,3,78,134,107,113,36,4,29,44,133,96,55" hai3="93,82,34,79,89,35,90,94,7,9,41,66,88"/><T64/><D104/><U14/><E2/><V127/><F29/><W102/><G66/><T52/><D135/><N who="2" m="51722" /><F78/><W70/><G70/><T106/><D106/><U83/><E103/><N who="2" m="62951" /><F127/><W114/><G114/><T24/><D124/><U111/><E125/><V85/><F85/><W119/><G119/><T20/><D128/><U25/><E130/><V132/><F55/><W16/><G41/><T48/><D43/><U98/><E116/><V109/><F109/><W19/><G35/><T18/><REACH who="0" step="1"/><D108/><REACH who="0" ten="240,250,250,250" step="2"/><U129/><E111/><V42/><F132/><W92/><G34/><T86/><D86/><U15/><E129/><V99/><F99/><W73/><REACH who="3" step="1"/><G102/><REACH who="3" ten="240,250,250,240" step="2"/><T1/><D1/><AGARI ba="0,2" hai="1,7,9,16,19,73,79,82,88,89,90,92,93,94" machi="1" ten="40,8000,1" yaku="1,1,2,1,52,1,54,2,53,0" doraHai="77" doraHaiUra="101" who="3" fromWho="0" sc="240,-80,250,0,250,0,240,100" /><INIT seed="1,0,0,5,2,134" ten="160,250,250,340" oya="1" hai0="102,90,20,91,9,132,101,46,77,79,69,111,73" hai1="100,30,97,131,122,51,53,15,83,40,135,88,120" hai2="54,125,36,74,37,89,84,25,107,34,64,108,116" hai3="121,86,32,4,45,16,8,87,133,106,78,128,105"/><U118/><E118/><V81/><F116/><W2/><G32/><T14/><D69/><U19/><E135/><V70/><F108/><W23/><G133/><T60/><D132/><U68/><E68/><V93/><F54/><W35/><G35/><T0/><D111/><U104/><E30/><V10/><F107/><W119/><G121/><T29/><D60/><U41/><E131/><V55/><F55/><W112/><G112/><T115/><D115/><U126/><E120/><V50/><F10/><W31/><G31/><T49/><D0/><U44/><E122/><V67/><F50/><W95/><G128/><T33/><D33/><U94/><E83/><V1/><F1/><W114/><G114/><T110/><D110/><U56/><E44/><V58/><F70/><W24/><G119/><T80/><D77/><U57/><E57/><V52/><F34/><W109/><G109/><T26/><D102/><U130/><E130/><V129/><F129/><W13/><G106/><T11/><D101/><U71/><E71/><V7/><F25/><W98/><G105/><T61/><D9/><U6/><E6/><V72/><F36/><W85/><G2/><T42/><REACH who="0" step="1"/><D61/><REACH who="0" ten="150,250,250,340" step="2"/><U18/><E18/><AGARI ba="0,1" hai="11,14,18,20,26,29,42,46,49,73,79,80,90,91" machi="18" ten="30,3900,0" yaku="1,1,2,1,7,1,53,0" doraHai="134" doraHaiUra="28" who="0" fromWho="1" sc="150,49,250,-39,250,0,340,0" /><INIT seed="2,0,0,3,4,98" ten="199,211,250,340" oya="2" hai0="2,34,22,9,0,60,131,28,96,73,97,134,79" hai1="64,71,62,119,95,30,92,12,17,16,23,58,82" hai2="5,86,44,37,43,102,42,67,19,36,115,90,91" hai3="63,118,121,114,65,15,38,135,26,72,45,84,40"/><V7/><F115/><W94/><G114/><T11/><D34/><U104/><E104/><V125/><F67/><W54/><G121/><T99/><D131/><U133/><E119/><V48/><F125/><W31/><G72/><T55/><D134/><U51/><E133/><V13/><F102/><W14/><G118/><T50/><D0/><U70/><E30/><V25/><F25/><W106/><G106/><T112/><D112/><U49/><E49/><V27/><F27/><W74/><G74/><T128/><D128/><U6/><E6/><V68/><F68/><W59/><G135/><T33/><D33/><U41/><E82/><V107/><F107/><W10/><G14/><T61/><D79/><U110/><E110/><V78/><F78/><W109/><G109/><T93/><D73/><U87/><E92/><V69/><F69/><W4/><G94/><T75/><D93/><U24/><E87/><V105/><F105/><W8/><G84/><T116/><D75/><U130/><E130/><V56/><F56/><W117/><G117/><T66/><D2/><U127/><E127/><V35/><F35/><W53/><REACH who="3" step="1"/><G10/><REACH who="3" ten="199,211,250,330" step="2"/><T101/><D116/><U126/><E95/><V111/><F86/><W21/><AGARI ba="0,1" hai="4,8,15,21,26,31,38,40,45,53,54,59,63,65" machi="21" ten="20,5200,0" yaku="1,1,2,1,0,1,7,1,53,0" doraHai="98" doraHaiUra="113" who="3" fromWho="3" sc="199,-13,211,-13,250,-26,330,62" /><INIT seed="3,0,0,2,1,132" ten="186,198,224,392" oya="3" hai0="42,22,124,13,38,91,60,3,18,123,8,12,119" hai1="82,43,4,131,105,37,57,52,88,23,62,56,81" hai2="84,116,87,25,16,78,122,92,125,127,33,113,59" hai3="104,45,61,72,67,90,41,85,46,130,98,109,7"/><W97/><G72/><T10/><D123/><U49/><E105/><V54/><F122/><W79/><G79/><T24/><D119/><U26/><E131/><V51/><F116/><W128/><G109/><T115/><D38/><U31/><E37/><V44/><F113/><W0/><G104/><T48/><D115/><U17/><E4/><V73/><F73/><W135/><G135/><T103/><D103/><U129/><E129/><N who="3" m="49770" /><G7/><T80/><D60/><U69/><E69/><V40/><F33/><W6/><G6/><T39/><D39/><U9/><E9/><V63/><F78/><W5/><G5/><T53/><D42/><U29/><E81/><V58/><F58/><N who="3" m="37303" /><G41/><T2/><D2/><U1/><E1/><V35/><F92/><N who="3" m="54351" /><G0/><T27/><D3/><U93/><E82/><V83/><F83/><W70/><G70/><T112/><D80/><U28/><E43/><V89/><F35/><W55/><G55/><T108/><D108/><U36/><E36/><V32/><F32/><W20/><G20/><T100/><D22/><U65/><E31/><V50/><F63/><W77/><G77/><T120/><D112/><U101/><E101/><V111/><F111/><W94/><G98/><AGARI ba="0,0" hai="17,23,26,28,29,49,52,56,57,62,65,88,93,98" machi="98" ten="30,7700,0" yaku="7,1,8,1,54,2" doraHai="132" who="1" fromWho="3" sc="186,0,198,77,224,0,392,-77" /><INIT seed="4,0,0,3,1,50" ten="186,275,224,315" oya="0" hai0="134,100,110,101,42,12,9,5,28,131,120,44,116" hai1="99,69,13,10,55,20,8,91,107,81,31,108,17" hai2="47,46,37,82,130,89,122,86,80,109,40,85,124" hai3="26,18,6,87,71,60,0,4,66,123,118,25,113"/><T52/><D120/><U125/><E69/><V36/><F122/><W45/><G123/><T54/><D116/><U94/><E125/><V21/><F109/><W72/><G72/><T48/><D110/><U38/><E108/><V30/><F130/><W68/><G118/><T111/><D111/><U2/><E38/><V49/><F124/><W23/><G113/><T106/><D131/><U105/><E31/><V32/><F32/><W16/><G71/><T73/><D134/><U93/><E81/><V58/><F58/><W129/><G129/><T98/><D73/><U62/><E107/><V3/><F3/><W90/><G45/><T19/><D28/><U24/><E105/><V1/><F1/><W132/><G132/><T96/><D5/><U117/><E117/><V104/><F104/><AGARI ba="0,0" hai="9,12,19,42,44,48,52,54,96,98,100,101,104,106" machi="104" ten="30,12000,1" yaku="7,1,9,1,52,2,54,1" doraHai="50" who="0" fromWho="2" sc="186,120,275,0,224,-120,315,0" /><INIT seed="4,1,0,3,4,14" ten="306,275,104,315" oya="0" hai0="108,117,42,89,67,113,94,7,84,131,125,76,107" hai1="74,55,5,58,27,8,41,115,12,121,56,20,63" hai2="0,77,43,116,44,22,31,62,111,33,87,114,95" hai3="126,6,118,13,70,133,28,122,79,130,25,88,49"/><T99/><D117/><U73/><E121/><V45/><F116/><W52/><G118/><T83/><D108/><U92/><E41/><V96/><F0/><W105/><G105/><T135/><D135/><U21/><E21/><V64/><F111/><W110/><G110/><T57/><D131/><U100/><E115/><V78/><F114/><W46/><G70/><T61/><D125/><U18/><E58/><V1/><F33/><W112/><G112/><T134/><D134/><U24/><E24/><V51/><F1/><W90/><G133/><T34/><D113/><U123/><E123/><V38/><F87/><W69/><G69/><T19/><D34/><U37/><E37/><V127/><F127/><W68/><G68/><T93/><D107/><U16/><E5/><V65/><F38/><W128/><G122/><T86/><D7/><U129/><E129/><V48/><F31/><W124/><G124/><T23/><D42/><U29/><E29/><V17/><F45/><W98/><G126/><T26/><REACH who="0" step="1"/><D94/><REACH who="0" ten="296,275,104,315" step="2"/><U40/><REACH who="1" step="1"/><E40/><REACH who="1" ten="296,265,104,315" step="2"/><V30/><F43/><W120/><G120/><T4/><D4/><U54/><E54/><V47/><F30/><W11/><G130/><T82/><D82/><U109/><E109/><V97/><F95/><W104/><G128/><T85/><AGARI ba="1,2" hai="19,23,26,57,61,67,76,83,84,85,86,89,93,99" machi="85" ten="20,12000,1" yaku="1,1,0,1,7,1,8,1,52,1,53,0" doraHai="14" doraHaiUra="66" who="0" fromWho="0" sc="296,143,265,-41,104,-41,315,-41" /><INIT seed="4,2,0,5,5,78" ten="439,224,63,274" oya="0" hai0="45,75,14,57,76,26,59,47,24,93,23,13,56" hai1="108,113,70,42,67,96,88,122,34,121,17,28,2" hai2="85,72,51,44,19,107,82,120,55,41,133,31,53" hai3="43,40,18,80,7,100,119,74,115,91,134,49,65"/><T101/><D75/><U22/><E108/><V79/><F120/><W20/><G119/><T5/><D76/><U117/><E117/><V128/><F133/><W130/><G134/><T103/><D5/><U109/><E109/><V112/><F128/><W50/><G130/><T84/><D84/><U114/><E2/><V111/><F112/><N who="1" m="43113" /><E42/><V71/><F111/><W127/><G127/><T73/><D73/><U132/><E132/><V39/><F107/><W104/><G104/><T27/><D23/><U54/><E34/><V9/><F71/><W125/><G125/><T36/><D93/><N who="1" m="56359" /><E28/><V25/><F31/><W60/><G115/><T110/><D36/><U61/><E54/><V90/><F39/><W32/><G32/><T135/><D135/><U95/><E95/><V126/><F126/><W105/><G105/><T89/><D110/><U30/><E30/><V6/><F25/><AGARI ba="2,0" hai="17,22,25,61,67,70,121,122" m="56359,43113" machi="25" ten="30,3900,0" yaku="15,1,11,1,54,1" doraHai="78" who="1" fromWho="2" sc="439,0,224,45,63,-45,274,0" /><INIT seed="5,0,0,5,5,62" ten="439,269,18,274" oya="1" hai0="10,50,20,86,28,102,43,113,60,15,121,118,106" hai1="65,132,111,66,114,133,85,88,13,82,120,128,92" hai2="54,100,29,37,42,84,47,79,73,8,57,14,131" hai3="40,55,75,119,36,112,103,101,91,110,22,38,127"/><U64/><E120/><V23/><F131/><W78/><G119/><T93/><D106/><U61/><E128/><V7/><F100/><W80/><G112/><T6/><D28/><U124/><E114/><V63/><F73/><W11/><G110/><T129/><D20/><U105/><E105/><V72/><F72/><W30/><G127/><T16/><D102/><U125/><E111/><V5/><F29/><W31/><G36/><T134/><D43/><U99/><E13/><V12/><F79/><W1/><G31/><T122/><D15/><U117/><E61/><V41/><F41/><W39/><G39/><T3/><D60/><U126/><E117/><V53/><F84/><W115/><G115/><T76/><D86/><U87/><REACH who="1" step="1"/><E85/><REACH who="1" ten="439,259,18,274" step="2"/><V58/><F23/><W35/><G75/><T70/><D121/><U34/><E34/><V51/><REACH who="2" step="1"/><F12/><REACH who="2" ten="439,259,8,274" step="2"/><W44/><G35/><T18/><D129/><U4/><E4/><AGARI ba="0,2" hai="4,5,7,8,14,37,42,47,51,53,54,57,58,63" machi="4" ten="30,3900,0" yaku="1,1,2,1,7,1,53,0" doraHai="62" doraHaiUra="96" who="2" fromWho="1" sc="439,0,259,-39,8,59,274,0" /><INIT seed="6,0,0,2,2,46" ten="439,220,67,274" oya="2" hai0="28,82,42,85,27,106,102,67,3,26,132,92,58" hai1="38,100,123,111,11,75,101,66,15,71,32,124,50" hai2="64,21,115,52,4,10,84,108,36,105,112,63,93" hai3="59,6,134,122,30,69,70,43,19,5,135,45,133"/><V20/><F105/><W23/><G122/><T83/><D3/><U7/><E38/><V22/><F36/><W44/><G30/><T116/><D106/><U86/><E75/><V74/><F108/><W87/><G87/><T61/><D42/><U49/><E111/><V97/><F74/><W62/><G69/><T2/><D2/><U41/><E32/><V109/><F84/><W80/><G80/><T121/><D82/><U72/><E72/><V25/><F109/><W119/><G70/><T91/><D92/><U127/><E123/><V56/><F64/><N who="3" m="39007" /><G119/><T55/><D67/><U88/><E66/><V131/><F131/><W17/><G17/><T68/><D68/><U1/><E1/><V130/><F130/><W126/><G126/><N who="1" m="48170" /><E41/><V103/><REACH who="2" step="1"/><F25/><REACH who="2" ten="439,220,57,274" step="2"/><N who="3" m="14591" /><G45/><T99/><D85/><U65/><E71/><V107/><F107/><W118/><G118/><T51/><D116/><U90/><E65/><V77/><F77/><W104/><G104/><T79/><D79/><U128/><E128/><V47/><F47/><W39/><AGARI ba="0,1" hai="5,6,39,43,44,133,134,135" m="14591,39007" machi="39" ten="30,1100,0" yaku="20,1" doraHai="46" who="3" fromWho="3" sc="439,-3,220,-3,57,-5,274,21" /><INIT seed="7,0,0,1,4,2" ten="436,217,52,295" oya="3" hai0="98,84,13,70,82,135,120,24,89,117,64,94,96" hai1="71,97,1,67,31,123,20,126,48,100,23,114,3" hai2="116,124,11,62,76,56,115,40,69,21,130,121,55" hai3="81,79,80,36,90,129,68,95,15,46,52,22,32"/><W25/><G68/><T105/><D70/><U104/><E123/><V38/><F21/><W5/><G32/><T37/><D37/><U72/><E72/><V49/><F11/><W16/><G129/><T4/><D64/><U50/><E126/><V8/><F76/><W61/><G36/><T88/><D24/><U108/><E108/><V30/><F8/><N who="3" m="4495" /><G79/><T27/><D27/><U106/><E114/><V122/><F30/><W102/><G102/><T132/><D120/><U34/><E104/><V66/><F116/><W112/><G112/><T33/><D33/><U91/><E91/><V54/><F130/><W63/><G46/><T60/><D89/><U75/><E75/><V43/><F124/><W9/><G9/><T14/><D88/><U74/><E74/><V73/><F115/><W0/><G0/><T7/><D105/><U35/><E35/><V99/><F73/><W44/><G44/><T78/><D78/><U18/><E1/><V28/><F99/><N who="3" m="57847" /><G63/><T86/><D60/><U113/><E3/><V45/><F28/><W47/><G47/><T125/><D125/><U127/><E113/><V65/><F43/><W85/><G85/><T118/><D94/><U119/><E119/><V53/><F66/><W41/><G41/><T6/><D86/><U93/><E127/><V131/><F131/><W92/><G92/><T19/><D84/><U58/><E93/><V12/><F12/><W29/><G29/><T101/><D118/><U17/><E71/><V110/><REACH who="2" step="1"/><F110/><REACH who="2" ten="436,217,42,295" step="2"/><W128/><G128/><T107/><D117/><U133/><E31/><V83/><F83/><RYUUKYOKU ba="0,1" sc="436,-15,217,-15,42,15,295,15" hai2="38,40,45,49,53,54,55,56,62,65,69,121,122" hai3="16,22,25,52,61,80,81" /><INIT seed="7,1,1,1,3,103" ten="421,202,57,310" oya="3" hai0="7,134,44,38,41,118,98,102,36,22,11,115,120" hai1="86,39,100,2,90,52,117,114,56,14,30,133,8" hai2="3,89,10,69,4,87,24,15,74,107,124,6,37" hai3="49,104,60,9,119,18,97,53,79,80,75,92,77"/><W45/><G119/><T91/><D118/><U88/><E117/><V34/><F69/><W46/><G79/><T128/><D120/><U93/><E39/><V101/><F37/><W72/><G72/><T55/><D134/><U130/><E2/><V108/><F124/><W127/><G127/><T71/><D71/><U132/><E130/><V19/><F74/><W43/><G60/><T67/><D67/><U99/><E30/><V23/><F108/><W123/><G123/><T27/><D128/><U50/><E114/><V26/><F101/><W110/><G110/><T106/><D91/><U20/><E20/><V81/><F107/><W5/><G18/><T76/><D76/><U131/><E131/><V59/><F59/><W66/><G66/><T58/><D38/><U42/><E42/><V85/><F89/><W40/><G53/><T125/><D125/><U21/><E90/><V35/><F81/><W121/><G121/><T112/><D55/><U31/><E31/><N who="2" m="19831" /><F85/><W78/><G78/><T1/><D58/><U83/><REACH who="1" step="1"/><E21/><REACH who="1" ten="421,192,57,310" step="2"/><N who="2" m="11519" /><F87/><W68/><G68/><T47/><D36/><U28/><E28/><N who="2" m="17439" /><F6/><W25/><G40/><T62/><D41/><U116/><E116/><V94/><F94/><W70/><G43/><T65/><D7/><U82/><E82/><V129/><F129/><W48/><G5/><T54/><D115/><U113/><E113/><V0/><F35/><W17/><G80/><T64/><D112/><U29/><E29/><V109/><F109/><W61/><G75/><T135/><D1/><AGARI ba="1,2" hai="0,1,3,4,10" m="17439,11519,19831" machi="1" ten="30,12000,2" yaku="24,1,35,5" doraHai="103" who="2" fromWho="0" sc="421,-123,192,0,57,143,310,0" owari="298,10.0,192,-31.0,200,-20.0,310,41.0" /></mjloggm>