<mjloggm ver="2.3"><GO type="169"/><UN n0="%E3%83%9E%E3%83%A1%E3%83%9D%E3%82%B3" n1="%EF%BC%88%E2%89%A7%E2%96%BD%E2%89%A6%EF%BC%89" n2="%E3%81%82%E3%81%A4%E3%81%82%E3%81%A4%E6%B9%AF%E8%B1%86%E8%85%90" n3="%E5%8E%9F%E5%AE%BF%E3%82%B8%E3%82%A7%E3%83%B3%E3%83%8C" dan="16,18,17,16" rate="2042,2213,2202,2113" sx="M,M,M,M"/><TAIKYOKU oya="0"/><INIT seed="0,0,0,1,4,61" ten="250,250,250,250" oya="0" hai0="74,56,21,108,14,71,94,5,2,65,95,20,99" hai1="79,126,109,44,75,30,8,18,33,27,93,64,120" hai2="11,37,52,26,118,13,78,125,100,32,1,43,28" hai3="7,123,102,25,17,129,66,3,73,84,36,72,132"/><T135/><D74/><U116/><E120/><V42/><F125/><W23/><G129/><T117/><D2/><U41/><E116/><V19/><F118/><W122/><G132/><T58/><D117/><U12/><E126/><V38/><F78/><W31/><G36/><T110/><D135/><U111/><E93/><N who="0" m="35337" /><D99/><U62/><E79/><V16/><F100/><W69/><G102/><T57/><D5/><U67/><E75/><V6/><F19/><W91/><G72/><T60/><D14/><U85/><E85/><V103/><F103/><W115/><G73/><T104/><D104/><U48/><REACH who="1" step="1"/><E62/><REACH who="1" ten="250,240,250,250" step="2"/><V97/><F97/><W121/><G115/><T29/><D29/><U76/><E76/><V83/><F83/><W15/><G84/><T63/><D63/><U10/><E10/><V87/><F87/><W35/><G91/><T9/><D9/><U34/><E34/><V86/><F86/><W82/><G82/><T131/><D131/><U54/><E54/><V90/><F90/><W130/><G130/><T119/><D119/><U50/><E50/><V46/><F38/><W134/><G134/><T4/><D4/><U68/><E68/><V112/><F112/><W51/><G51/><T128/><D128/><U70/><E70/><V39/><F39/><W92/><G92/><T101/><D101/><U45/><E45/><V106/><F106/><W77/><G77/><T96/><D96/><U49/><E49/><N who="2" m="28727" /><F37/><W105/><G105/><T80/><D80/><U47/><E47/><V127/><F127/><W59/><G69/><T24/><D20/><AGARI ba="0,1" hai="1,6,11,13,16,20,26,28,32,42,43" m="28727" machi="20" ten="30,3900,0" yaku="24,1,54,2" doraHai="61" who="2" fromWho="0" sc="250,-39,240,0,250,49,250,0" /><INIT seed="1,0,0,2,1,73" ten="211,240,299,250" oya="1" hai0="70,74,127,84,97,6,86,59,125,109,120,131,82" hai1="46,11,105,30,14,79,83,124,1,45,53,115,122" hai2="116,48,128,22,13,44,12,36,51,94,117,40,10" hai3="57,107,7,133,61,56,0,17,67,41,92,77,65"/><U132/><E122/><V102/><F128/><W104/><G133/><T24/><D70/><U50/><E115/><V16/><F102/><W25/><G41/><T87/><D6/><U101/><E124/><N who="0" m="47689" /><D24/><U20/><E132/><V111/><F111/><W54/><G92/><T47/><D47/><U130/><E130/><V64/><F64/><W95/><G95/><T3/><D3/><U98/><E1/><V121/><F121/><W69/><G69/><T9/><D9/><U32/><E32/><V35/><F35/><W19/><G7/><T62/><D131/><U49/><E20/><V28/><F94/><W55/><G0/><T43/><D43/><U18/><E30/><V119/><REACH who="2" step="1"/><F28/><REACH who="2" ten="211,240,289,250" step="2"/><W76/><G25/><T5/><D120/><U96/><E101/><V63/><F63/><AGARI ba="0,1" hai="17,19,54,55,56,57,61,63,65,67,76,77,104,107" machi="63" ten="25,6400,0" yaku="22,2,52,2" doraHai="73" who="3" fromWho="2" sc="211,0,240,0,289,-64,250,74" /><INIT seed="2,0,0,5,5,4" ten="211,240,225,324" oya="2" hai0="125,85,92,2,37,127,34,128,77,58,23,93,38" hai1="119,20,76,124,73,21,131,3,17,115,69,44,91" hai2="114,132,45,133,39,59,98,134,129,53,87,100,105" hai3="118,54,81,79,122,72,80,63,8,88,9,70,99"/><V27/><F114/><W101/><G118/><T123/><D34/><U0/><E119/><V96/><F129/><W89/><G122/><T120/><D2/><U41/><E69/><V109/><F109/><W56/><G70/><T24/><D128/><U71/><E71/><V108/><F108/><W67/><G67/><T112/><D112/><U95/><E131/><V57/><F96/><W97/><G99/><T31/><D58/><U46/><E124/><N who="0" m="47689" /><D77/><U94/><E115/><V25/><F87/><W107/><REACH who="3" step="1"/><G80/><REACH who="3" ten="211,240,225,314" step="2"/><T29/><D120/><U130/><E130/><V32/><F32/><W86/><G86/><T75/><D123/><U14/><E73/><V48/><REACH who="2" step="1"/><F59/><REACH who="2" ten="211,240,215,314" step="2"/><W36/><G36/><N who="0" m="13931" /><D85/><U35/><E35/><V102/><F102/><W1/><G1/><T103/><D75/><U110/><E0/><V10/><F10/><AGARI ba="0,2" hai="8,9,10,54,56,63,72,79,81,88,89,97,101,107" machi="10" ten="40,8000,1" yaku="1,1,52,3,54,1,53,0" doraHai="4" doraHaiUra="43" who="3" fromWho="2" sc="211,0,240,0,215,-80,314,100" /><INIT seed="3,0,0,1,3,55" ten="211,240,135,414" oya="3" hai0="113,46,77,126,54,96,51,25,22,103,49,3,66" hai1="21,72,106,30,44,71,134,48,41,91,107,15,115" hai2="63,69,99,39,20,5,116,59,43,52,28,118,74" hai3="117,18,67,40,1,130,92,98,35,9,70,83,13"/><W108/><G35/><T60/><D126/><U85/><E115/><V56/><F74/><W97/><G117/><T16/><D113/><U109/><E72/><V42/><F5/><W111/><G40/><T119/><D3/><U128/><E71/><V120/><F120/><W24/><G24/><T90/><D77/><U110/><E128/><V86/><F86/><W27/><G27/><T95/><D119/><N who="2" m="45610" /><F99/><W102/><G130/><T75/><D75/><U122/><E122/><V123/><F123/><W8/><G83/><T125/><D125/><U7/><E30/><V17/><F28/><W38/><G38/><T81/><D51/><U4/><E4/><V73/><F17/><W47/><G47/><T132/><D81/><U82/><E7/><V94/><F20/><W88/><G1/><T93/><D132/><U62/><E134/><V105/><F94/><W127/><G127/><T129/><D129/><U32/><E32/><V14/><F14/><W124/><G124/><T45/><D95/><U57/><E21/><V19/><F19/><W100/><G8/><T133/><D133/><U78/><E15/><V87/><F87/><W53/><G53/><T89/><D46/><U58/><E78/><V135/><F73/><W80/><G80/><T79/><D79/><U12/><E12/><V31/><F135/><W36/><G36/><T68/><AGARI ba="0,0" hai="16,22,25,45,49,54,60,66,68,89,90,93,96,103" machi="68" ten="20,2700,0" yaku="0,1,7,1,54,1" doraHai="55" who="0" fromWho="0" sc="211,27,240,-7,135,-7,414,-13" /><INIT seed="4,0,0,2,3,133" ten="238,233,128,401" oya="0" hai0="105,22,65,77,20,35,49,51,59,88,44,90,24" hai1="132,70,119,129,34,115,48,85,26,96,28,41,92" hai2="116,124,14,108,40,37,61,69,95,84,60,15,5" hai3="118,0,80,57,17,127,73,63,30,112,46,6,42"/><T72/><D105/><U134/><E70/><V45/><F108/><W56/><G118/><T135/><D135/><N who="1" m="51755" /><E119/><V91/><F116/><W68/><G112/><T27/><D35/><U71/><E71/><V7/><F69/><W121/><G30/><N who="0" m="17671" /><D72/><U109/><E109/><V111/><F111/><W130/><G17/><N who="0" m="12751" /><D77/><U93/><E115/><V122/><F122/><W101/><G121/><T25/><D25/><U33/><E33/><V55/><F55/><W97/><G68/><T2/><D2/><U31/><E31/><V114/><F114/><W123/><G123/><T47/><D65/><U78/><E96/><V1/><F1/><W98/><G0/><T9/><D59/><U74/><E74/><V38/><F38/><W39/><G57/><T64/><D64/><U52/><E78/><V13/><REACH who="2" step="1"/><F124/><REACH who="2" ten="238,233,118,401" step="2"/><W66/><G127/><T103/><D47/><U107/><E34/><V54/><F54/><W128/><G46/><T62/><D44/><U43/><E52/><V83/><F83/><W89/><G80/><T36/><D36/><U131/><E43/><V76/><F76/><W79/><G42/><T99/><D49/><U104/><E48/><V67/><F67/><W102/><G66/><T82/><D51/><U81/><E41/><V18/><F18/><W126/><G79/><T113/><D113/><U32/><E81/><V50/><F50/><W21/><G73/><T106/><D62/><U120/><E120/><V58/><F58/><W16/><G56/><T11/><D82/><U87/><E32/><V12/><F12/><W125/><G63/><T117/><D117/><RYUUKYOKU ba="0,1" sc="238,15,233,-15,118,15,401,-15" hai0="9,11,88,90,99,103,106" hai2="5,7,13,14,15,37,40,45,60,61,84,91,95" /><INIT seed="4,1,1,4,1,30" ten="253,218,133,386" oya="0" hai0="57,48,7,65,92,3,8,2,101,130,108,71,125" hai1="94,66,17,18,117,119,6,53,40,42,95,49,1" hai2="50,64,77,97,69,81,80,74,103,116,14,102,114" hai3="13,52,34,88,33,135,15,90,27,29,31,37,68"/><T99/><D71/><U131/><E131/><V86/><F114/><W47/><G68/><T0/><D130/><U132/><E132/><V9/><F116/><W75/><G37/><T118/><D118/><U24/><E1/><V12/><F50/><W19/><G75/><T133/><D133/><U111/><E6/><V32/><F32/><W73/><G73/><T55/><D65/><U120/><E120/><V25/><F25/><W105/><G105/><T76/><D76/><U56/><E111/><V61/><F9/><W134/><G47/><T58/><D125/><U83/><E119/><V28/><F28/><W79/><G27/><T59/><REACH who="0" step="1"/><D108/><REACH who="0" ten="243,218,133,386" step="2"/><U82/><E117/><V89/><REACH who="2" step="1"/><F103/><REACH who="2" ten="243,218,123,386" step="2"/><W128/><G128/><T20/><D20/><U46/><E42/><V21/><F21/><W62/><G135/><T129/><D129/><U22/><E40/><V98/><F98/><W54/><G134/><T122/><D122/><U5/><E22/><V123/><F123/><W11/><G11/><T38/><D38/><U4/><E24/><V104/><AGARI ba="1,3" hai="12,14,61,64,69,74,77,80,81,86,89,97,102,104" machi="104" ten="20,2700,0" yaku="1,1,0,1,7,1,53,0" doraHai="30" doraHaiUra="45" who="2" fromWho="2" sc="243,-14,218,-8,123,60,386,-8" /><INIT seed="5,0,0,5,1,17" ten="229,210,183,378" oya="1" hai0="39,19,0,108,107,106,76,42,16,48,8,12,68" hai1="92,56,53,77,81,118,126,97,26,51,35,65,32" hai2="27,74,85,109,127,69,83,111,54,100,88,119,55" hai3="6,79,86,90,52,124,29,99,128,22,72,70,67"/><U58/><E118/><V24/><F119/><W112/><G124/><T75/><D108/><U33/><E126/><V105/><F127/><W3/><G128/><T10/><D68/><U1/><E1/><V89/><F69/><W38/><G38/><T123/><D48/><U14/><E14/><V114/><F74/><W93/><G112/><T73/><D123/><U49/><E26/><V102/><F85/><W47/><G67/><T62/><D62/><U95/><E97/><V135/><F83/><W60/><G70/><T115/><D115/><U87/><REACH who="1" step="1"/><E65/><REACH who="1" ten="229,200,183,378" step="2"/><V120/><F114/><W98/><G3/><T122/><D0/><U104/><E104/><V40/><F105/><W94/><G6/><T84/><D107/><U71/><E71/><V46/><F120/><W37/><G98/><T11/><D106/><U43/><E43/><V103/><F40/><W36/><G72/><T131/><D122/><U132/><E132/><V5/><F5/><W44/><G36/><T121/><D121/><U28/><E28/><V133/><F103/><W2/><G37/><T117/><D117/><U101/><E101/><V66/><F66/><W130/><G2/><T110/><D39/><U4/><E4/><V57/><F57/><N who="3" m="34855" /><G130/><T18/><D131/><U125/><E125/><V7/><REACH who="2" step="1"/><F7/><REACH who="2" ten="229,200,173,378" step="2"/><W96/><G99/><T78/><D73/><U91/><E91/><V34/><F34/><W45/><G96/><T31/><D75/><U41/><E41/><V116/><F116/><W82/><G90/><T30/><D42/><U59/><E59/><V50/><F50/><W15/><G29/><RYUUKYOKU ba="0,2" sc="229,-30,200,10,173,10,378,10" hai1="32,33,35,49,51,53,56,58,77,81,87,92,95" hai2="24,27,46,54,55,88,89,100,102,109,111,133,135" hai3="15,22,44,45,47,79,82,86,93,94" /><INIT seed="5,1,2,1,3,5" ten="199,210,183,388" oya="1" hai0="34,92,4,107,125,79,84,59,74,22,113,2,54" hai1="108,85,95,15,117,18,106,64,38,40,16,56,81" hai2="112,9,33,55,115,65,83,47,100,89,110,58,86" hai3="26,48,24,71,62,53,97,41,0,80,7,77,131"/><U29/><E106/><V121/><F121/><W82/><G131/><T128/><D107/><U6/><E117/><V46/><F33/><W91/><G41/><T13/><D34/><U123/><E123/><V39/><F110/><W119/><G119/><T17/><D128/><U36/><E108/><V66/><F100/><W116/><G116/><T20/><D125/><U35/><E35/><V135/><F135/><W96/><G71/><T51/><D113/><N who="2" m="43594" /><F39/><W68/><G68/><T21/><D74/><U30/><E38/><V98/><F98/><W52/><G62/><T43/><D43/><U134/><E40/><V61/><F9/><W87/><G53/><T122/><D122/><U109/><E36/><V114/><N who="2" m="43602" /><V57/><DORA hai="99" /><F66/><W75/><G96/><T76/><D2/><U127/><E109/><V8/><F8/><W102/><G7/><T60/><D4/><U32/><E6/><V10/><F10/><W12/><G0/><T126/><D126/><U90/><E127/><V44/><F55/><W45/><REACH who="3" step="1"/><G12/><REACH who="3" ten="199,210,183,378" step="2"/><T124/><D124/><U67/><E15/><V129/><F129/><W27/><G27/><T69/><D69/><AGARI ba="1,3" hai="44,46,47,57,58,61,65,69,83,86,89" m="43602" machi="69" ten="40,2600,0" yaku="15,1,11,1" doraHai="5,99" who="2" fromWho="0" sc="199,-29,210,0,183,59,378,0" /><INIT seed="6,0,0,4,0,130" ten="170,210,242,378" oya="2" hai0="56,131,124,97,49,92,10,79,11,110,133,128,78" hai1="123,65,72,31,47,18,91,80,82,77,73,62,13" hai2="52,101,0,70,85,19,64,3,103,9,126,59,39" hai3="24,105,28,71,113,127,120,23,14,22,125,15,89"/><V26/><F39/><W25/><G105/><T55/><D110/><U41/><E31/><V32/><F126/><N who="3" m="48139" /><G71/><T7/><D124/><U1/><E1/><V29/><F70/><W2/><G89/><T115/><D115/><U112/><E91/><V90/><F64/><W58/><G58/><T88/><D133/><U99/><E99/><V109/><F109/><W50/><G50/><T132/><D132/><U76/><E123/><V42/><F42/><W118/><G118/><T69/><D69/><U37/><E112/><V100/><F19/><N who="3" m="12415" /><G120/><T94/><D94/><U102/><E102/><V81/><REACH who="2" step="1"/><F9/><REACH who="2" ten="170,210,232,378" step="2"/><W111/><G111/><T129/><REACH who="0" step="1"/><D11/><REACH who="0" ten="160,210,232,378" step="2"/><U44/><E37/><V134/><F134/><W84/><G113/><T27/><D27/><U54/><E41/><V45/><F45/><W108/><G108/><T121/><D121/><U87/><E47/><V16/><F16/><W21/><G25/><T95/><D95/><U43/><E44/><V57/><F57/><W74/><G28/><T67/><D67/><U96/><E65/><V17/><F17/><W12/><G22/><T107/><D107/><U61/><E43/><V83/><F83/><W8/><G21/><T48/><D48/><AGARI ba="0,2" hai="0,3,26,29,32,48,52,59,81,85,90,100,101,103" machi="48" ten="40,3900,0" yaku="1,1,54,1,53,0" doraHai="130" doraHaiUra="106" who="2" fromWho="0" sc="160,-39,210,0,232,59,378,0" /><INIT seed="6,1,0,4,5,95" ten="121,210,291,378" oya="2" hai0="6,114,110,97,88,59,68,131,32,39,84,51,69" hai1="78,71,49,115,129,5,14,135,107,30,79,77,12" hai2="38,83,63,54,106,56,104,15,117,96,37,103,126" hai3="2,16,18,87,123,100,111,93,44,67,121,21,99"/><V70/><F117/><W109/><G2/><T13/><D110/><U72/><E72/><V42/><F126/><W41/><G18/><T61/><D32/><U46/><E71/><V116/><F116/><W130/><G67/><T102/><D39/><U34/><E107/><V81/><F104/><W40/><G40/><T45/><D131/><U112/><E129/><V86/><F42/><W101/><G101/><T29/><D29/><U9/><E135/><V94/><F70/><W3/><G3/><T118/><D118/><U65/><E65/><V75/><F15/><W10/><G10/><T105/><D114/><N who="1" m="43563" /><E14/><V19/><F19/><W0/><G0/><T1/><D1/><U43/><E30/><V7/><F7/><W122/><G87/><T57/><D13/><U47/><E47/><V8/><F8/><W74/><G74/><T53/><D6/><U128/><E128/><V108/><F108/><W85/><G85/><T36/><D36/><U31/><E31/><V20/><F20/><W22/><G22/><T27/><D27/><U120/><E120/><V58/><F58/><W73/><G73/><T127/><D127/><U92/><E34/><V48/><F75/><W113/><G113/><T17/><D17/><U125/><E125/><V76/><F106/><W66/><G66/><T60/><D68/><U62/><E62/><V90/><F63/><W35/><G35/><T132/><D132/><U50/><E50/><V134/><F134/><W24/><REACH who="3" step="1"/><G130/><REACH who="3" ten="121,210,291,368" step="2"/><T80/><REACH who="0" step="1"/><D69/><REACH who="0" ten="111,210,291,368" step="2"/><U89/><E5/><V33/><F33/><W82/><G82/><T25/><D25/><RYUUKYOKU ba="1,2" sc="111,10,210,-30,291,10,368,10" hai0="45,51,53,57,59,60,61,80,84,88,97,102,105" hai2="37,38,48,54,56,76,81,83,86,90,94,96,103" hai3="16,21,24,41,44,93,99,100,109,111,121,122,123" /><INIT seed="6,2,2,2,0,119" ten="121,180,301,378" oya="2" hai0="103,17,57,15,51,89,50,7,94,1,33,127,111" hai1="26,5,59,75,123,122,104,128,126,46,3,28,64" hai2="45,91,102,53,36,67,38,86,27,93,87,96,76" hai3="21,121,56,2,114,30,124,134,60,116,125,130,6"/><V131/><F131/><W117/><G60/><T105/><D127/><N who="3" m="48713" /><G56/><T47/><D111/><U29/><E126/><V35/><F67/><W72/><G72/><T79/><D33/><N who="1" m="20631" /><E128/><V90/><F76/><W49/><G49/><T100/><D79/><U61/><E29/><V54/><F35/><W101/><G101/><T80/><D80/><U83/><E104/><V95/><F27/><N who="3" m="16751" /><G130/><T92/><D105/><U132/><E132/><V135/><F135/><W39/><G39/><T24/><D24/><U113/><E113/><V25/><F25/><W63/><G63/><T32/><D32/><U78/><E46/><V4/><F4/><W40/><G40/><N who="0" m="24935" /><D7/><U81/><E81/><V16/><F16/><W18/><G134/><T44/><D57/><U66/><E66/><V88/><F91/><W73/><G73/><T106/><D1/><U65/><E65/><V70/><F70/><W37/><G37/><T112/><D106/><U22/><E22/><V107/><F38/><W99/><G114/><T85/><D112/><U23/><E23/><V69/><F69/><W115/><G115/><T133/><D133/><U42/><E42/><AGARI ba="2,2" hai="36,42,45,53,54,86,87,88,90,93,95,96,102,107" machi="42" ten="40,3900,0" yaku="9,1,54,1" doraHai="119" who="2" fromWho="1" sc="121,0,180,-45,301,65,378,0" /><INIT seed="6,3,0,1,3,60" ten="121,135,366,378" oya="2" hai0="97,129,59,30,26,20,12,28,43,74,35,45,55" hai1="36,134,83,122,73,68,100,69,10,127,38,102,16" hai2="107,75,91,119,82,80,77,18,56,23,3,133,98" hai3="126,63,125,33,22,0,93,124,57,8,34,104,128"/><V66/><F119/><W106/><G128/><T105/><D129/><U4/><E134/><V7/><F133/><W61/><G22/><T65/><D74/><U42/><E122/><V49/><F82/><W50/><G93/><T1/><D1/><N who="1" m="271" /><E36/><V37/><F37/><W130/><G130/><T40/><D105/><N who="3" m="40553" /><G50/><T32/><D97/><U29/><E29/><V87/><F7/><N who="3" m="1127" /><G61/><T71/><D45/><N who="1" m="23767" /><E16/><V86/><F3/><W111/><G111/><T109/><D109/><U84/><E84/><V25/><F49/><W52/><AGARI ba="3,0" hai="33,34,52,57,63,124,125,126" m="1127,40553" machi="52" ten="40,2700,0" yaku="18,1,54,1" doraHai="60" who="3" fromWho="3" sc="121,-10,135,-10,366,-16,378,36" /><INIT seed="7,0,0,2,4,113" ten="111,125,350,414" oya="3" hai0="95,29,111,133,73,115,135,37,22,63,62,83,77" hai1="82,16,110,89,114,108,23,60,46,123,15,31,30" hai2="76,122,2,4,124,129,54,7,35,10,5,64,118" hai3="96,81,86,47,40,117,18,11,75,48,55,56,3"/><W71/><G71/><T57/><D37/><U72/><E123/><V33/><F64/><W17/><G75/><T78/><D111/><U106/><E106/><V14/><F76/><W109/><G109/><T0/><D0/><U102/><E114/><V44/><F122/><W126/><G96/><T13/><D115/><U87/><E72/><V43/><F54/><W128/><G126/><T69/><D78/><U66/><E102/><V130/><F44/><W21/><G128/><N who="2" m="49257" /><F43/><W79/><G21/><T107/><D107/><U70/><E31/><V91/><F91/><W92/><G92/><T100/><D69/><U28/><E30/><V112/><F112/><W34/><G34/><N who="2" m="12809" /><F124/><W134/><G134/><N who="0" m="51211" /><D57/><U26/><E46/><V104/><F104/><W8/><G117/><T90/><D100/><U67/><E66/><V19/><F2/><W94/><G94/><T12/><D12/><U85/><E85/><V50/><F50/><N who="3" m="26983" /><G3/><T84/><D13/><U120/><E120/><V20/><F20/><AGARI ba="0,0" hai="15,16,20,23,26,28,60,67,70,82,87,89,108,110" machi="20" ten="30,2000,0" yaku="7,1,54,1" doraHai="113" who="1" fromWho="2" sc="111,0,125,20,350,-20,414,0" owari="111,-39.0,145,-25.0,330,13.0,414,51.0" /></mjloggm>