<mjloggm ver="2.3"><GO type="97"/><UN n0="%EF%BC%AE%EF%BC%AB%EF%BC%A4" n1="%E3%82%81%E3%81%84%E3%81%A3%E3%81%B1%E3%81%84" n2="%E3%83%AF%E3%82%A4%E3%83%AB%E3%83%89" n3="%EF%BC%88%E2%89%A7%E2%96%BD%E2%89%A6%EF%BC%89" dan="13,14,14,15" rate="1817,1892,1931,1992" sx="M,M,M,M"/><TAIKYOKU oya="0"/><INIT seed="0,0,0,4,5,92" ten="250,250,250,250" oya="0" hai0="59,97,76,89,0,37,15,69,62,8,38,96,121" hai1="17,39,52,119,86,41,40,113,3,60,133,128,4" hai2="120,85,12,127,11,45,99,68,22,6,82,35,109" hai3="98,5,29,33,28,57,2,43,31,58,83,126,73"/><T67/><D0/><U23/><E119/><V84/><F68/><W81/><G33/><T30/><D76/><U122/><E122/><V132/><F35/><W102/><G126/><T70/><D121/><U32/><E32/><V9/><F120/><W108/><G108/><T87/><D69/><U53/><E113/><V24/><F127/><W125/><G125/><T117/><D117/><U115/><E115/><V55/><F109/><W71/><G71/><T80/><D30/><U61/><E133/><V90/><F132/><W130/><G130/><T19/><REACH who="0" step="1"/><D70/><REACH who="0" ten="240,250,250,250" step="2"/><U7/><E128/><V100/><F85/><W91/><G29/><T54/><D54/><U46/><E3/><V13/><F55/><W135/><G28/><T79/><D79/><U105/><E53/><V124/><F124/><W48/><G31/><T95/><D95/><U114/><E114/><V49/><F45/><W25/><G2/><T26/><D26/><U64/><E52/><V77/><F49/><W88/><G48/><T129/><D129/><U116/><E116/><V66/><F66/><W14/><G25/><T50/><D50/><U27/><E64/><V112/><F112/><W75/><G135/><T101/><D101/><U65/><E65/><V51/><F51/><W134/><G134/><T110/><D110/><U104/><E104/><V123/><F123/><W63/><G102/><T74/><D74/><U111/><E105/><V106/><F77/><W94/><G73/><T56/><D56/><U44/><E111/><V131/><F131/><W36/><G75/><T16/><D16/><U72/><E72/><RYUUKYOKU ba="0,1" sc="240,30,250,-10,250,-10,250,-10" hai0="8,15,19,37,38,59,62,67,80,87,89,96,97" /><INIT seed="0,1,1,1,3,127" ten="270,240,240,240" oya="0" hai0="108,89,98,12,54,21,113,19,71,81,25,15,106" hai1="70,114,94,22,6,121,64,79,78,8,116,33,102" hai2="110,100,80,90,50,103,43,2,10,109,53,101,118" hai3="119,23,46,125,38,76,111,93,84,135,7,32,35"/><T26/><D113/><U39/><E121/><V130/><F130/><W30/><G119/><T20/><D71/><U41/><E116/><V3/><F118/><W69/><G69/><T66/><D66/><U48/><E114/><V92/><F80/><W63/><G63/><T104/><D106/><U0/><E33/><V97/><F43/><W58/><G125/><T77/><D108/><N who="2" m="41578" /><F10/><W24/><G111/><T44/><D104/><U17/><E70/><V75/><F75/><W4/><G4/><T124/><D124/><U87/><E64/><V36/><F36/><W72/><G7/><T88/><D89/><U126/><E126/><V14/><F14/><W37/><G38/><T40/><D54/><U115/><E115/><V16/><F16/><W91/><G37/><T62/><D62/><U133/><E133/><V65/><F65/><W11/><G11/><T128/><D128/><U13/><E39/><V34/><F34/><W99/><G32/><T67/><D67/><U112/><E112/><V85/><F97/><W49/><G99/><T52/><D40/><U56/><E41/><V28/><F28/><W123/><G35/><T82/><D77/><U105/><E105/><V18/><F18/><W27/><G76/><T9/><D82/><U132/><E132/><V117/><F117/><W45/><G135/><T60/><D21/><U57/><E102/><V95/><F95/><W55/><G72/><T51/><D60/><U131/><E78/><V42/><F42/><W120/><G27/><T1/><D98/><U96/><E96/><V5/><F5/><W47/><AGARI ba="1,1" hai="23,24,30,45,46,47,49,55,58,84,91,93,120,123" machi="47" ten="30,2000,0" yaku="5,1,0,1" doraHai="127" who="3" fromWho="3" sc="270,-11,240,-6,240,-6,240,33" /><INIT seed="1,0,0,2,4,27" ten="259,234,234,273" oya="1" hai0="76,130,75,33,67,0,98,49,95,16,21,128,57" hai1="78,135,3,106,64,34,72,61,43,73,39,97,41" hai2="29,31,35,20,126,107,122,116,50,88,129,11,10" hai3="48,63,9,120,83,52,38,123,47,113,59,77,125"/><U91/><E135/><V117/><F107/><W68/><G113/><T101/><D0/><U112/><E112/><V92/><F35/><W100/><G125/><T17/><D33/><U30/><E3/><V87/><F122/><W55/><G38/><T124/><D124/><U6/><E6/><V15/><F126/><W7/><G100/><T82/><D21/><U109/><E109/><V58/><F129/><N who="0" m="49770" /><D67/><U70/><E91/><V8/><F117/><W36/><G68/><T111/><D111/><U26/><E41/><V56/><F116/><W22/><G22/><T104/><D104/><U99/><E97/><V110/><F110/><W54/><G36/><T90/><D101/><N who="1" m="62783" /><E78/><V74/><F74/><W131/><G131/><T93/><D95/><U121/><E121/><V51/><F15/><W25/><G25/><T89/><D89/><U60/><E60/><V133/><F133/><W4/><G54/><AGARI ba="0,0" hai="16,17,49,54,57,75,76,82,90,93,98" m="49770" machi="54" ten="30,2000,0" yaku="19,1,54,1" doraHai="27" who="0" fromWho="3" sc="259,20,234,0,234,0,273,-20" /><INIT seed="2,0,0,1,2,65" ten="279,234,234,253" oya="2" hai0="53,70,10,31,98,19,76,50,93,27,32,107,5" hai1="85,129,18,128,84,33,3,115,30,2,101,72,64" hai2="44,9,134,99,26,81,13,80,41,56,97,116,23" hai3="117,36,78,103,54,113,58,130,73,40,21,51,48"/><V86/><F116/><W20/><G117/><T79/><D107/><U4/><E115/><V59/><F134/><W8/><G113/><T66/><D19/><U60/><E72/><V35/><F35/><W75/><G130/><N who="1" m="50282" /><E101/><V49/><F80/><W135/><G135/><T105/><D105/><U74/><E74/><V61/><F56/><W69/><G69/><T90/><D70/><N who="1" m="42247" /><E18/><N who="2" m="12663" /><F59/><W92/><G58/><T88/><D66/><U120/><E120/><V95/><F95/><W11/><G92/><T12/><REACH who="0" step="1"/><D90/><REACH who="0" ten="269,234,234,253" step="2"/><U104/><E104/><V109/><F109/><W39/><G78/><T124/><D124/><U77/><E77/><N who="2" m="46383" /><F61/><W91/><G91/><T38/><D38/><U111/><E111/><V127/><F127/><W71/><G39/><T63/><D63/><U43/><E4/><AGARI ba="0,1" hai="4,9,13,41,44,49,97,99" m="46383,12663" machi="4" ten="30,2900,0" yaku="25,1,8,1" doraHai="65" who="2" fromWho="1" sc="269,0,234,-29,234,39,253,0" /><INIT seed="2,1,0,1,4,58" ten="269,205,273,253" oya="2" hai0="38,35,26,123,82,72,110,68,118,115,135,91,6" hai1="129,47,67,103,14,116,125,101,93,17,71,104,22" hai2="30,80,12,83,85,42,106,70,113,66,0,74,133" hai3="44,90,25,117,114,18,78,4,130,5,94,64,8"/><V100/><F0/><W112/><G117/><T65/><RYUUKYOKU type="yao9" ba="1,0" sc="269,0,205,0,273,0,253,0" hai0="6,26,35,38,65,68,72,82,91,110,115,118,123,135" /><INIT seed="2,2,0,2,2,34" ten="269,205,273,253" oya="2" hai0="17,89,132,42,76,101,87,94,33,106,36,66,0" hai1="122,131,28,88,60,30,83,68,13,121,98,26,115" hai2="100,43,21,63,5,108,112,85,7,62,125,48,133" hai3="49,51,77,12,35,72,45,103,31,129,57,128,111"/><V93/><F112/><W52/><G111/><T20/><D33/><U134/><E115/><V18/><F133/><W46/><G103/><T130/><D132/><U96/><E134/><V79/><F125/><W119/><G119/><T80/><D66/><U14/><E131/><N who="3" m="50250" /><G12/><T81/><D81/><U78/><E28/><V104/><F104/><W120/><G120/><T110/><D110/><U47/><E47/><N who="3" m="17930" /><G35/><T11/><D42/><U65/><E78/><V25/><F43/><W73/><G31/><T117/><D36/><U37/><E37/><V6/><F48/><N who="3" m="18507" /><G77/><T124/><D117/><U84/><E13/><V2/><F2/><W8/><G8/><T116/><D116/><U70/><E14/><V107/><F107/><W105/><G105/><T61/><D130/><U69/><E96/><N who="2" m="59407" /><F108/><W24/><G24/><T59/><D101/><U50/><E98/><V3/><F3/><W114/><G114/><T56/><D106/><U109/><E109/><V19/><F19/><W10/><G10/><T99/><D59/><U118/><E118/><V102/><F102/><W127/><G127/><T74/><D11/><U16/><E30/><V29/><F29/><W27/><G27/><T58/><D124/><U97/><E97/><V22/><F22/><W71/><G71/><T1/><D58/><U126/><E126/><V38/><F38/><W9/><G9/><T53/><D74/><N who="3" m="28777" /><G57/><T86/><D86/><U15/><E26/><AGARI ba="2,0" hai="0,1,17,20,26,53,56,61,76,80,87,89,94,99" machi="26" ten="30,8000,1" yaku="7,1,25,2,52,2" doraHai="34" who="0" fromWho="1" sc="269,86,205,-86,273,0,253,0" /><INIT seed="3,0,0,1,5,120" ten="355,119,273,253" oya="3" hai0="96,24,42,123,39,12,97,1,36,73,40,125,99" hai1="55,109,5,69,95,127,51,67,132,121,3,110,70" hai2="46,74,6,43,134,88,30,81,79,80,28,94,68" hai3="107,101,10,0,14,60,15,63,34,118,91,66,126"/><W23/><G118/><T92/><D73/><U29/><E121/><V115/><F68/><W65/><G34/><T84/><D1/><U13/><E95/><V7/><F115/><W71/><G126/><T113/><D125/><U18/><E127/><V54/><F134/><W103/><G107/><T117/><D117/><U105/><E105/><V86/><F81/><W9/><G0/><T98/><D123/><U37/><E37/><V44/><F54/><W61/><G91/><T53/><D84/><U122/><E122/><V76/><F76/><W32/><G32/><T104/><D104/><U102/><E102/><N who="3" m="38922" /><G23/><T22/><D39/><U124/><E124/><V8/><F7/><N who="3" m="3391" /><G71/><T19/><D36/><U57/><E29/><V106/><F106/><W62/><G62/><T50/><D24/><U4/><E132/><V77/><F77/><W75/><G75/><T59/><D113/><U64/><E3/><N who="2" m="95" /><F46/><W20/><G20/><T41/><D41/><U87/><E87/><V52/><F52/><W100/><G100/><AGARI ba="0,0" hai="12,19,22,40,42,50,53,59,92,96,97,98,99,100" machi="100" ten="40,1300,0" yaku="8,1" doraHai="120" who="0" fromWho="3" sc="355,13,119,0,273,0,253,-13" owari="368,47.0,119,-38.0,273,7.0,240,-16.0" /></mjloggm>