<mjloggm ver="2.3"><GO type="169" lobby="0"/><UN n0="%E3%82%A2%E3%82%B9%E3%82%BF%E3%83%8A" n1="%EF%BC%88%E2%89%A7%E2%96%BD%E2%89%A6%EF%BC%89" n2="%E7%8B%AC%E6%AD%A9" n3="%48%75%6E%74%65%72%5F%44" dan="16,17,18,16" rate="2045.45,2202.67,2210.49,2141.59" sx="M,M,M,M"/><TAIKYOKU oya="0"/><INIT seed="0,0,0,5,0,6" ten="250,250,250,250" oya="0" hai0="104,127,95,110,16,17,68,52,23,93,132,13,131" hai1="115,119,56,20,8,22,58,28,37,44,102,35,87" hai2="14,79,65,74,91,3,116,76,5,50,97,113,32" hai3="105,0,86,107,75,98,71,40,134,59,69,25,73"/><T33/><D33/><U122/><E119/><V55/><F113/><W77/><G0/><T120/><D104/><U106/><E122/><V64/><F32/><W124/><G40/><T47/><D120/><U51/><E115/><V114/><F3/><W129/><G25/><T78/><D68/><U10/><E37/><V15/><F114/><W12/><G12/><N who="2" m="4649" /><F5/><W49/><G49/><N who="0" m="28735" /><D131/><U7/><E7/><V61/><F74/><W125/><G59/><N who="1" m="22570" /><E35/><V19/><F116/><W101/><G73/><T99/><D132/><U88/><E102/><V11/><F61/><W84/><G101/><T90/><D127/><U36/><E36/><V34/><F34/><W46/><G75/><T24/><D110/><U103/><E103/><V109/><F109/><W108/><G69/><T41/><D41/><N who="1" m="24975" /><E106/><V27/><F64/><W128/><G71/><T123/><D123/><U130/><E130/><V70/><F65/><W96/><G108/><T81/><D78/><U30/><E22/><V62/><F62/><W126/><G126/><T111/><D111/><U39/><E39/><V4/><F70/><W1/><G1/><T112/><D112/><U38/><E38/><V100/><F76/><W83/><G46/><T117/><D117/><U48/><E48/><V54/><F79/><W45/><G45/><T72/><D72/><U121/><E121/><V135/><F50/><W9/><G77/><T60/><D60/><U67/><E67/><V31/><F135/><W80/><G134/><T89/><D81/><N who="1" m="49263" /><E20/><V118/><F118/><W21/><G21/><N who="0" m="13351" /><D95/><U92/><E92/><V53/><F53/><RYUUKYOKU ba="0,0" sc="250,10,250,10,250,-30,250,10" hai0="13,17,23,89,90,93,99" hai1="8,10,28,30" hai3="9,80,83,84,86,96,98,105,107,124,125,128,129" /><INIT seed="0,1,0,1,0,14" ten="260,260,220,260" oya="0" hai0="0,107,123,42,28,66,4,22,115,112,10,71,40" hai1="97,16,77,41,1,25,119,94,126,76,3,72,57" hai2="127,113,102,29,89,87,54,98,82,23,120,132,17" hai3="31,53,20,85,62,19,106,38,27,105,90,59,43"/><T74/><D123/><U49/><E119/><V121/><F113/><W60/><G60/><T79/><D107/><U55/><E126/><V80/><F127/><W56/><G56/><T108/><D71/><U116/><E116/><V9/><F132/><W86/><G86/><T50/><D66/><U69/><E69/><V6/><F29/><W84/><G84/><T75/><D50/><N who="1" m="30967" /><E3/><V65/><F65/><W135/><G135/><T114/><D28/><U81/><E81/><V11/><F80/><W125/><G125/><T2/><D22/><N who="1" m="13511" /><E1/><V46/><F120/><W101/><G101/><T78/><D108/><U122/><E72/><V88/><F6/><W100/><G100/><T83/><REACH who="0" step="1"/><D0/><REACH who="0" ten="250,260,220,260" step="2"/><U61/><E122/><V39/><F121/><W92/><REACH who="3" step="1"/><G31/><REACH who="3" ten="250,260,220,250" step="2"/><T67/><D67/><U111/><E61/><V5/><F5/><W63/><G63/><T93/><D93/><U124/><E124/><V32/><F82/><AGARI ba="1,2" hai="2,4,10,40,42,74,75,78,79,82,83,112,114,115" machi="82" ten="40,3900,0" yaku="1,1,9,1,53,0" doraHai="14" doraHaiUra="26" who="0" fromWho="2" sc="250,62,260,0,220,-42,250,0" /><INIT seed="0,2,0,5,1,130" ten="312,260,178,250" oya="0" hai0="60,101,63,125,116,48,120,16,65,105,17,69,103" hai1="35,70,74,87,53,99,13,108,77,27,86,117,121" hai2="62,92,106,112,78,89,135,110,8,47,107,64,2" hai3="0,41,55,126,23,88,54,14,19,28,71,111,97"/><T122/><D116/><U67/><E121/><V66/><F112/><W26/><G111/><T61/><D125/><U1/><E1/><V118/><F118/><W40/><G126/><T72/><D72/><U37/><E37/><V104/><F110/><W91/><G71/><T129/><D129/><U30/><E108/><V114/><F114/><W45/><G0/><T6/><D6/><U84/><E117/><V51/><F78/><W46/><G45/><T100/><D105/><U131/><E131/><V7/><F62/><W5/><G5/><T94/><D69/><U127/><E127/><V25/><F25/><W43/><G46/><T123/><D65/><U73/><E77/><V11/><F11/><W133/><G133/><T109/><D109/><U80/><E80/><V56/><F56/><W20/><REACH who="3" step="1"/><G97/><REACH who="3" ten="312,260,178,240" step="2"/><T85/><D48/><U134/><E99/><V10/><F135/><W29/><G29/><T83/><D94/><U82/><E134/><V102/><F106/><W18/><G18/><T93/><D93/><U57/><E70/><V4/><F107/><W50/><G50/><T3/><D3/><U115/><E115/><V119/><F104/><W79/><G79/><AGARI ba="2,1" hai="16,17,60,61,63,79,83,85,100,101,103,120,122,123" machi="79" ten="50,9600,0" yaku="29,2,54,1" doraHai="130" who="0" fromWho="3" sc="312,112,260,0,178,0,240,-102" /><INIT seed="0,3,0,5,3,51" ten="424,260,178,138" oya="0" hai0="84,79,66,57,93,29,127,89,75,110,86,53,77" hai1="78,126,47,28,32,3,35,30,9,34,128,54,122" hai2="119,58,124,37,22,11,113,115,132,108,102,125,135" hai3="68,38,12,114,46,31,0,13,97,109,88,64,14"/><T21/><D75/><U120/><E126/><N who="2" m="48747" /><F102/><W2/><G114/><N who="2" m="43529" /><F37/><W44/><G109/><T103/><D127/><U56/><E128/><V36/><F36/><W4/><G31/><T19/><D110/><U81/><E47/><V55/><F108/><W107/><G4/><T91/><D103/><U100/><E100/><V121/><F121/><W48/><G38/><T65/><D29/><U23/><E3/><V33/><F33/><W25/><G25/><T63/><D77/><U130/><E9/><V106/><F106/><W95/><G107/><T43/><D43/><U7/><E7/><V6/><F22/><W24/><G24/><T112/><D79/><U111/><E130/><V90/><F90/><W116/><G116/><T40/><D40/><U5/><E5/><V41/><F41/><W8/><G8/><T49/><D112/><U18/><E111/><V26/><F26/><W16/><G16/><T96/><D63/><U83/><E122/><V60/><F119/><W76/><G76/><T69/><D69/><U123/><E123/><V98/><F98/><W129/><G129/><T20/><D96/><U117/><E120/><V73/><F73/><W104/><G104/><T50/><D50/><N who="1" m="30807" /><E117/><V94/><F94/><W72/><G72/><T70/><D70/><U67/><E35/><V92/><F92/><W52/><REACH who="3" step="1"/><G44/><REACH who="3" ten="424,260,178,128" step="2"/><T10/><D10/><U80/><E32/><V15/><AGARI ba="3,1" hai="6,11,15,55,58,60,132,135" m="43529,48747" machi="15" ten="40,2700,0" yaku="18,1,52,1" doraHai="51" who="2" fromWho="2" sc="424,-16,260,-10,178,46,128,-10" /><INIT seed="1,0,0,3,0,24" ten="408,250,224,118" oya="1" hai0="39,11,42,128,106,107,55,64,125,54,75,38,56" hai1="77,95,92,110,79,133,93,103,23,73,81,8,32" hai2="20,82,115,108,10,123,124,126,52,83,59,66,97" hai3="80,113,22,46,36,7,6,30,37,101,111,120,2"/><U68/><E68/><V15/><F123/><W58/><G120/><T18/><D75/><U104/><E32/><V94/><F115/><W57/><G113/><T135/><D135/><U96/><E8/><V17/><F66/><W25/><G111/><T132/><D132/><U70/><E70/><V121/><F121/><W45/><G101/><T16/><D125/><N who="2" m="48234" /><F10/><W28/><G80/><T116/><D116/><U109/><E23/><V48/><F108/><N who="1" m="41577" /><E133/><V119/><F119/><W134/><G134/><T14/><D128/><U51/><E51/><V9/><F9/><W105/><G22/><T1/><D1/><U117/><E117/><V76/><F76/><AGARI ba="0,0" hai="73,76,77,79,81,92,93,95,96,103,104" m="41577" machi="76" ten="30,11600,0" yaku="14,1,10,1,34,2" doraHai="24" who="1" fromWho="2" sc="408,0,250,116,224,-116,118,0" /><INIT seed="1,1,0,5,1,66" ten="408,366,108,118" oya="1" hai0="97,26,84,20,92,6,64,41,123,1,33,28,120" hai1="90,19,82,55,85,69,113,27,100,21,37,86,115" hai2="40,71,60,51,111,29,87,23,127,118,58,44,12" hai3="83,89,119,117,70,132,46,36,112,38,78,53,72"/><U109/><E37/><V73/><F73/><W121/><G112/><T79/><D41/><U52/><E69/><V43/><F118/><N who="3" m="45067" /><G121/><N who="0" m="46667" /><D64/><U24/><E100/><V91/><F111/><W3/><G3/><T131/><D131/><U108/><E27/><V18/><F127/><W63/><G132/><T15/><D1/><U135/><E135/><V75/><F75/><W67/><G89/><T49/><D49/><AGARI ba="1,0" hai="36,38,46,49,53,63,67,70,72,78,83" m="45067" machi="49" ten="30,2000,0" yaku="12,1,52,1" doraHai="66" who="3" fromWho="0" sc="408,-23,366,0,108,0,118,23" /><INIT seed="2,0,0,2,2,74" ten="385,366,108,141" oya="2" hai0="59,65,80,10,125,85,2,32,52,62,119,64,97" hai1="1,19,82,96,124,42,26,131,98,23,39,112,77" hai2="66,127,90,130,18,63,117,105,22,29,113,118,24" hai3="110,86,72,79,68,120,9,57,81,44,104,36,16"/><V15/><F105/><W106/><G120/><T13/><D32/><U73/><E112/><V30/><F113/><W14/><G68/><T53/><D119/><U60/><E131/><V129/><F90/><W69/><G69/><T37/><D37/><U122/><E122/><V47/><F47/><W12/><G110/><T93/><D125/><U5/><E60/><V95/><F95/><W109/><G109/><T35/><D35/><U41/><E124/><V21/><F127/><W50/><G72/><T45/><D2/><U88/><E42/><V3/><F3/><W101/><G101/><N who="0" m="60591" /><D45/><N who="1" m="23743" /><E88/><V111/><F111/><W4/><G57/><T56/><D56/><U100/><E100/><V67/><F63/><W70/><G70/><T28/><D28/><N who="2" m="10858" /><F66/><W115/><G36/><T114/><D64/><U58/><E58/><V91/><F91/><W51/><G115/><T116/><D116/><N who="2" m="44650" /><F67/><W54/><REACH who="3" step="1"/><G50/><REACH who="3" ten="385,366,108,131" step="2"/><T46/><D114/><U121/><E121/><V102/><F102/><W31/><G31/><AGARI ba="0,1" hai="15,18,21,22,24,31,129,130" m="44650,10858" machi="31" ten="30,2900,0" yaku="34,2" doraHai="74" who="2" fromWho="3" sc="385,0,366,0,108,39,131,-29" /><INIT seed="2,1,0,0,3,73" ten="385,366,147,102" oya="2" hai0="65,2,74,50,11,39,45,44,86,104,63,92,76" hai1="107,21,47,71,55,75,98,46,16,120,129,79,126" hai2="43,83,131,66,10,52,118,38,70,28,95,19,40" hai3="60,113,26,103,112,17,7,99,121,30,68,51,128"/><V111/><F118/><W116/><G121/><T93/><D104/><U3/><E71/><V84/><F28/><W90/><G116/><T35/><D74/><U31/><E3/><V64/><F131/><W12/><G128/><T117/><D35/><U53/><E129/><V23/><F111/><W33/><G7/><T22/><D117/><U80/><E120/><V59/><F10/><W102/><G90/><T62/><D39/><U29/><E126/><V67/><F95/><W124/><G124/><T100/><D22/><U32/><E32/><V69/><F38/><W57/><G51/><T119/><D119/><U13/><E107/><V77/><F69/><W54/><G68/><T81/><D45/><U9/><E98/><V105/><F105/><W42/><G42/><T27/><D27/><U15/><E47/><V132/><F132/><W48/><G60/><T37/><D37/><U134/><E134/><V78/><F78/><W114/><REACH who="3" step="1"/><G99/><REACH who="3" ten="385,366,147,92" step="2"/><T110/><D63/><U5/><E46/><V108/><F70/><W4/><G4/><T109/><D44/><U72/><E53/><V115/><F115/><W49/><G49/><T89/><D50/><U130/><E55/><V127/><F127/><W61/><G61/><T36/><D62/><U135/><E130/><V91/><F108/><W0/><G0/><T97/><D2/><U94/><E135/><V24/><F91/><W133/><G133/><T25/><D89/><U34/><E5/><V14/><F24/><W20/><AGARI ba="1,1" hai="12,17,20,26,30,33,48,54,57,102,103,112,113,114" machi="20" ten="30,4000,0" yaku="1,1,0,1,11,1,53,0" doraHai="73" doraHaiUra="6" who="3" fromWho="3" sc="385,-11,366,-11,147,-21,92,53" /><INIT seed="3,0,0,3,0,75" ten="374,355,126,145" oya="3" hai0="68,87,113,55,58,15,32,13,112,10,34,26,88" hai1="9,47,33,104,108,119,98,116,29,8,24,96,135" hai2="20,93,107,22,97,76,6,41,91,54,78,128,17" hai3="70,45,63,25,79,30,94,5,38,118,67,57,111"/><W85/><G118/><N who="1" m="45098" /><E108/><V2/><F107/><W40/><G5/><T0/><D68/><U69/><E135/><V132/><F132/><W65/><G111/><T125/><D125/><U105/><E69/><V1/><F128/><W92/><G70/><T16/><D0/><U18/><E47/><V72/><F72/><W121/><G121/><T89/><D26/><U46/><E46/><V129/><F129/><W31/><G67/><T4/><D34/><U42/><E42/><V43/><F6/><W74/><G74/><T56/><D32/><U52/><E52/><V133/><F133/><W131/><G131/><T81/><D89/><U7/><E18/><V115/><F115/><N who="0" m="44106" /><D55/><U95/><E98/><V83/><F2/><W103/><G103/><T19/><D19/><U110/><E110/><V109/><F1/><W126/><G126/><T21/><AGARI ba="0,0" hai="4,10,13,15,16,21,56,58,81,87,88" m="44106" machi="21" ten="30,4000,0" yaku="11,1,54,2" doraHai="75" who="0" fromWho="0" sc="374,40,355,-10,126,-10,145,-20" /><INIT seed="4,0,0,1,1,127" ten="414,345,116,125" oya="0" hai0="119,82,96,121,51,12,11,86,5,66,53,101,134" hai1="8,80,125,115,76,129,98,72,95,126,3,22,17" hai2="99,57,128,43,130,88,78,74,36,111,94,49,77" hai3="123,73,31,6,32,109,124,50,91,70,131,47,107"/><T0/><D121/><U97/><E115/><V133/><F111/><W79/><G109/><T93/><D119/><U55/><E55/><N who="2" m="31983" /><F74/><W110/><G110/><T90/><D134/><U23/><E23/><V54/><F133/><W112/><G70/><T87/><D66/><U116/><E116/><V33/><F33/><W10/><G32/><T102/><D0/><U113/><E113/><V19/><F54/><W44/><G73/><T114/><D114/><U42/><E42/><V108/><F108/><W65/><G107/><T64/><D64/><U89/><E98/><V46/><F19/><W48/><G65/><T85/><REACH who="0" step="1"/><D82/><REACH who="0" ten="404,345,116,125" step="2"/><U106/><E80/><V120/><F120/><W39/><G123/><T92/><D92/><U132/><E95/><V21/><F21/><W117/><G112/><T1/><D1/><U135/><E3/><V13/><F13/><W58/><G117/><T103/><D103/><U61/><E22/><V18/><F18/><W15/><G124/><T25/><D25/><U41/><E17/><V40/><F40/><W81/><G15/><T122/><D122/><U38/><E41/><V68/><F68/><W20/><G81/><T63/><D63/><U104/><E61/><V16/><F16/><W59/><G6/><T75/><D75/><U84/><E72/><V29/><F29/><W100/><G31/><T9/><D9/><U30/><E8/><V37/><F37/><W60/><G10/><T118/><D118/><U83/><E125/><V52/><F52/><W28/><G39/><T67/><D67/><U2/><E126/><V27/><F27/><RYUUKYOKU ba="0,1" sc="404,15,345,-15,116,15,125,-15" hai0="5,11,12,51,53,85,86,87,90,93,96,101,102" hai2="36,43,46,77,78,88,94,99,128,130" /><INIT seed="4,1,1,2,1,4" ten="419,330,131,110" oya="0" hai0="107,50,110,58,37,39,35,69,67,71,120,34,32" hai1="8,44,20,135,28,96,131,87,15,0,91,25,98" hai2="81,77,89,18,1,134,90,92,33,126,114,54,119" hai3="121,43,52,70,115,123,47,122,27,56,124,61,117"/><T31/><D31/><U22/><E135/><V2/><F134/><W128/><G27/><T83/><D83/><U60/><E131/><V75/><F119/><W78/><G78/><T7/><D7/><U38/><E0/><V30/><F126/><W88/><G88/><T79/><D79/><U53/><E22/><V95/><F114/><W26/><G26/><T86/><D86/><U130/><E130/><V93/><F30/><W64/><G128/><T41/><D58/><N who="1" m="34895" /><E44/><V6/><F33/><W66/><G117/><T132/><D50/><U46/><E46/><V63/><F18/><W24/><G24/><T94/><D94/><N who="1" m="54655" /><E38/><N who="0" m="14345" /><D41/><U103/><E103/><V85/><F6/><AGARI ba="1,1" hai="6,8,15,20,25,28,96,98" m="54655,34895" machi="6" ten="30,2000,0" yaku="8,1,52,1" doraHai="4" who="1" fromWho="2" sc="419,0,330,33,131,-23,110,0" /><INIT seed="5,0,0,3,0,15" ten="419,363,108,110" oya="1" hai0="39,0,106,25,29,18,117,123,56,58,98,23,31" hai1="40,20,48,100,131,118,46,78,90,28,72,7,47" hai2="60,22,35,77,30,16,79,110,50,107,93,21,55" hai3="44,36,57,9,27,51,8,65,121,116,108,104,5"/><U43/><E118/><V120/><F120/><W10/><G116/><T3/><D117/><U74/><E131/><V62/><F107/><W17/><G108/><T2/><D39/><U67/><E100/><V99/><F35/><W19/><G121/><T109/><D123/><U111/><E111/><V122/><F22/><N who="3" m="13791" /><G36/><T59/><REACH who="0" step="1"/><D109/><REACH who="0" ten="409,363,108,110" step="2"/><U101/><E40/><V69/><F110/><W34/><G5/><T91/><D91/><U102/><E90/><N who="2" m="55735" /><F122/><W130/><G130/><T126/><D126/><U103/><E7/><V92/><F69/><W97/><G34/><T114/><D114/><U63/><E78/><N who="2" m="29707" /><F30/><W4/><G4/><T124/><D124/><U86/><E43/><V119/><F119/><W73/><G73/><T80/><D80/><U128/><E74/><V125/><F125/><W54/><G104/><T133/><D133/><U87/><E72/><V52/><F92/><W95/><G95/><T113/><D113/><U105/><E128/><V6/><F6/><W135/><G135/><T71/><D71/><U127/><E105/><V70/><F70/><W33/><G33/><T49/><D49/><U13/><E48/><V45/><F55/><W94/><G94/><T112/><D112/><U129/><E127/><V14/><AGARI ba="0,1" hai="14,16,21,45,50,52,60,62" m="29707,55735" machi="14" ten="30,7900,0" yaku="8,1,52,1,54,2" doraHai="15" who="2" fromWho="2" sc="409,-20,363,-39,108,89,110,-20" /><INIT seed="6,0,0,4,2,49" ten="389,324,197,90" oya="2" hai0="94,120,108,106,85,124,9,27,119,92,117,125,131" hai1="1,10,5,82,95,107,62,24,73,89,86,13,28" hai2="61,111,129,114,40,31,50,52,130,128,91,44,65" hai3="63,39,67,53,81,76,17,123,79,26,99,103,16"/><V11/><F31/><W104/><G123/><T7/><D106/><U38/><E107/><V6/><F111/><W93/><G39/><T45/><D108/><U115/><E115/><V15/><F114/><W29/><G104/><T102/><D120/><U20/><E38/><V110/><F110/><W34/><G79/><T56/><D131/><U98/><E73/><V96/><F96/><W55/><G17/><T70/><D70/><U42/><E42/><V87/><F40/><W116/><G16/><T33/><D45/><U8/><E62/><V127/><F127/><N who="0" m="48714" /><D102/><U58/><E58/><V78/><F78/><W37/><G37/><T30/><D56/><U60/><E60/><V132/><F132/><W105/><G116/><N who="0" m="44619" /><D85/><U46/><E46/><V121/><F121/><W135/><G135/><T134/><D134/><U77/><REACH who="1" step="1"/><E10/><REACH who="1" ten="389,314,197,90" step="2"/><V74/><F74/><W2/><G2/><AGARI ba="0,1" hai="2,7,9,27,30,33,92,94" m="44619,48714" machi="2" ten="30,2000,0" yaku="18,1,12,1" doraHai="49" who="0" fromWho="3" sc="389,30,314,0,197,0,90,-20" /><AGARI ba="0,0" hai="1,2,5,8,13,20,24,28,77,82,86,89,95,98" machi="2" ten="40,5200,0" yaku="1,1,2,1,53,1" doraHai="49" doraHaiUra="83" who="1" fromWho="3" sc="419,0,314,52,197,0,70,-52" /><INIT seed="7,0,0,2,3,38" ten="419,366,197,18" oya="3" hai0="1,118,128,66,107,2,42,63,34,124,76,6,93" hai1="106,112,135,109,58,48,84,82,126,5,90,28,88" hai2="87,20,129,105,77,16,36,8,59,97,40,94,49" hai3="33,21,85,50,26,17,103,132,11,74,83,78,104"/><W81/><G132/><T73/><D107/><U56/><E109/><V60/><F105/><W62/><G33/><T27/><D118/><U54/><E135/><V61/><F36/><W65/><G11/><T110/><D110/><U25/><E106/><V68/><F68/><W4/><G4/><T55/><D55/><U119/><E119/><V86/><F8/><W120/><G120/><T46/><D124/><U80/><E126/><V121/><F121/><W70/><G50/><T91/><D128/><U32/><E112/><V100/><F129/><W44/><G44/><T51/><D6/><U41/><E5/><V29/><F29/><W39/><G39/><T47/><D76/><U117/><E117/><V12/><F77/><W79/><G104/><T134/><D73/><U3/><E3/><V45/><F61/><W89/><REACH who="3" step="1"/><G103/><REACH who="3" ten="419,366,197,8" step="2"/><T108/><D134/><U37/><E37/><V99/><F99/><W13/><G13/><T98/><D108/><U14/><E14/><V75/><F75/><W23/><G23/><T71/><D47/><U9/><E9/><V127/><F127/><W52/><G52/><AGARI ba="0,1" hai="12,16,20,40,45,49,52,59,60,86,87,94,97,100" machi="52" ten="30,8000,1" yaku="7,1,8,1,52,1,54,2" doraHai="38" who="2" fromWho="3" sc="419,0,366,0,197,90,8,-80" owari="419,51.0,366,17.0,287,-11.0,-72,-57.0" /></mjloggm>