<mjloggm ver="2.3"><GO type="169" lobby="0"/><UN n0="%E3%83%92%E3%82%B2%E3%83%AD%E3%83%B3%E3%82%B0" n1="%EF%BC%88%E2%89%A7%E2%96%BD%E2%89%A6%EF%BC%89" n2="%E6%AF%94%E5%98%89%E7%A7%80%E4%BB%81" n3="%E2%99%AA%E3%83%A2%E3%83%8E%E3%82%AF%E3%83%AD" dan="16,17,17,18" rate="2085.27,2167.27,2208.97,2195.24" sx="M,M,M,F"/><TAIKYOKU oya="0"/><INIT seed="0,0,0,3,2,15" ten="250,250,250,250" oya="0" hai0="85,2,130,90,66,67,78,77,58,53,12,50,93" hai1="74,65,133,38,88,18,81,60,4,47,76,97,26" hai2="40,73,68,82,45,117,56,134,69,5,43,57,32" hai3="11,112,114,119,108,124,70,35,120,131,95,61,135"/><T125/><D2/><U96/><E133/><V54/><F32/><W72/><G11/><T16/><D125/><U113/><E4/><V110/><F5/><W101/><G61/><T59/><D130/><U127/><E127/><V30/><F30/><W104/><G95/><T122/><D122/><U20/><E113/><V132/><F82/><W27/><G27/><T52/><D67/><U128/><E128/><V107/><F107/><W51/><G51/><N who="0" m="31007" /><D66/><U10/><E10/><AGARI ba="0,0" hai="10,12,16,50,53,59,77,78,85,90,93" m="31007" machi="10" ten="30,11600,0" yaku="8,1,52,1,54,2" doraHai="15" who="0" fromWho="1" sc="250,116,250,-116,250,0,250,0" /><INIT seed="0,1,0,5,0,28" ten="366,134,250,250" oya="0" hai0="121,119,109,44,69,8,115,15,75,45,89,85,92" hai1="128,86,52,101,98,11,113,40,5,0,48,79,59" hai2="4,23,26,73,57,30,135,72,1,36,49,41,116" hai3="99,18,129,43,111,51,76,60,58,42,47,3,104"/><T25/><D121/><U100/><E128/><V38/><F135/><W14/><G3/><T131/><D119/><U124/><E124/><V24/><F116/><W31/><G111/><T127/><D69/><U122/><E122/><V67/><F1/><W22/><G129/><T125/><D131/><U83/><E113/><V17/><F4/><W82/><G31/><T78/><D115/><U20/><E40/><V46/><F38/><W123/><G123/><T80/><D25/><U105/><E101/><V54/><REACH who="2" step="1"/><F67/><REACH who="2" ten="366,134,240,250" step="2"/><W133/><G133/><T108/><D125/><U118/><E118/><V21/><AGARI ba="1,1" hai="17,21,23,24,26,30,36,41,46,49,54,57,72,73" machi="21" ten="20,5200,0" yaku="1,1,2,1,0,1,7,1,53,0" doraHai="28" doraHaiUra="29" who="2" fromWho="2" sc="366,-27,134,-14,240,65,250,-14" /><INIT seed="1,0,0,5,1,68" ten="339,120,305,236" oya="1" hai0="127,41,112,83,114,91,80,99,101,9,122,2,87" hai1="22,63,118,115,25,10,106,97,119,20,73,48,129" hai2="94,116,111,50,132,86,5,81,65,58,45,39,31" hai3="38,6,128,14,79,131,77,71,35,37,107,44,56"/><U3/><E73/><V90/><F111/><W88/><G71/><T109/><D41/><U105/><E115/><N who="0" m="44073" /><D9/><U93/><E129/><N who="3" m="49738" /><G35/><T100/><D2/><U28/><E48/><V59/><F132/><W110/><G110/><T85/><D109/><U7/><E22/><V133/><F116/><W21/><G107/><N who="0" m="63903" /><D101/><U19/><E28/><V11/><F133/><W15/><G56/><T36/><D36/><N who="3" m="13929" /><G44/><T134/><D134/><U32/><E32/><V124/><F39/><W98/><G21/><T82/><D127/><U76/><E118/><V29/><F124/><W57/><G57/><T67/><D67/><U0/><E119/><V120/><F65/><W69/><G69/><T17/><D122/><U8/><E63/><V52/><F120/><W13/><G6/><T95/><D17/><U108/><E108/><V47/><F47/><W54/><G54/><T84/><AGARI ba="0,0" hai="80,82,83,84,85,87,91,95" m="63903,44073" machi="84" ten="40,2700,0" yaku="34,2" doraHai="68" who="0" fromWho="0" sc="339,27,120,-13,305,-7,236,-7" /><INIT seed="2,0,0,5,0,102" ten="366,107,298,229" oya="2" hai0="14,73,88,107,96,16,12,60,50,72,133,130,34" hai1="6,48,100,65,67,132,77,49,112,45,28,90,62" hai2="80,20,115,15,134,2,69,92,8,87,18,75,23" hai3="24,57,129,68,13,81,99,4,52,39,70,44,64"/><V86/><F69/><W79/><G64/><T106/><D34/><U94/><E112/><V118/><F115/><W40/><G129/><T95/><D130/><U117/><E117/><V97/><F118/><W3/><G3/><T104/><D133/><U56/><E132/><V116/><F116/><W21/><G99/><T42/><D60/><U122/><E122/><V37/><F37/><W103/><G103/><T26/><D26/><U76/><E100/><V131/><F131/><W108/><G108/><T47/><REACH who="0" step="1"/><D14/><REACH who="0" ten="356,107,298,229" step="2"/><U127/><E65/><V36/><F134/><W27/><G68/><T51/><D51/><U59/><E49/><V98/><F36/><W93/><G70/><T43/><D43/><U119/><E119/><V114/><F114/><W61/><G27/><T109/><D109/><U9/><E48/><V83/><F2/><W33/><G33/><T111/><D111/><U22/><E62/><V30/><F15/><W89/><G24/><T110/><D110/><U32/><E32/><V113/><F113/><W54/><G61/><T53/><D53/><U46/><E67/><V84/><F80/><W38/><G39/><T58/><D58/><U63/><E59/><V74/><F83/><W17/><G57/><T85/><D85/><N who="1" m="52559" /><E56/><V41/><F41/><W120/><G81/><T123/><D123/><U125/><E63/><V128/><F128/><W25/><G120/><T126/><D126/><N who="1" m="48139" /><E46/><V55/><F55/><W10/><G54/><T71/><D71/><U5/><E45/><V35/><F35/><W91/><G52/><T66/><D66/><U11/><E28/><RYUUKYOKU ba="0,1" sc="356,30,107,-10,298,-10,229,-10" hai0="12,16,42,47,50,72,73,88,95,96,104,106,107" /><INIT seed="3,1,1,5,5,5" ten="386,97,288,219" oya="3" hai0="91,105,89,98,0,14,109,65,116,80,7,4,79" hai1="36,71,111,37,26,88,131,57,27,61,64,12,117" hai2="133,58,50,68,73,101,93,22,100,47,49,30,6" hai3="128,69,23,82,1,24,114,62,120,110,45,107,95"/><W13/><G1/><T41/><D116/><U8/><E117/><V97/><F73/><W19/><G107/><T53/><D0/><U112/><E112/><V104/><F68/><W102/><G120/><T20/><D65/><U28/><E131/><V70/><F70/><W3/><G3/><T74/><D109/><U135/><E111/><V39/><F133/><W84/><G110/><T72/><D72/><U51/><E135/><V96/><F6/><W63/><G114/><T42/><D53/><U127/><E127/><V16/><F30/><W10/><G69/><T32/><D32/><U118/><E118/><V76/><F76/><W92/><G45/><T21/><D91/><U90/><E27/><V103/><F103/><W18/><G128/><T130/><D130/><U85/><E71/><V60/><F47/><W52/><G102/><T29/><D29/><U67/><E51/><V34/><F39/><W35/><G35/><T78/><D78/><U83/><E67/><V126/><F34/><W38/><G38/><T124/><D124/><U9/><E90/><V125/><F125/><W25/><G25/><T94/><D105/><U33/><REACH who="1" step="1"/><E9/><REACH who="1" ten="386,87,288,219" step="2"/><V86/><F126/><W17/><G63/><T81/><D89/><U119/><E119/><V59/><F50/><W106/><G24/><T108/><D108/><U99/><E99/><V31/><F49/><W40/><G62/><T46/><D98/><U129/><E129/><V56/><F97/><W43/><G10/><T121/><D121/><U87/><E87/><V66/><F96/><W122/><G122/><T48/><D48/><RYUUKYOKU ba="1,2" sc="386,-10,87,30,288,-10,219,-10" hai1="8,12,26,28,33,36,37,57,61,64,83,85,88" /><INIT seed="4,2,2,4,5,43" ten="376,117,278,209" oya="0" hai0="1,61,107,100,64,67,19,28,70,94,36,33,108" hai1="95,72,53,110,49,65,121,91,40,90,16,111,76" hai2="85,106,74,132,83,125,41,26,9,87,22,105,80" hai3="23,133,17,32,118,97,98,128,7,34,48,134,11"/><T15/><D1/><U115/><E121/><V21/><F74/><W47/><G118/><T119/><D119/><U25/><E65/><V52/><F41/><W79/><G79/><T96/><D64/><U24/><E40/><V82/><F132/><N who="3" m="50795" /><G128/><T123/><D36/><U93/><E115/><V112/><F125/><W78/><G78/><T71/><D123/><U0/><E0/><V68/><F68/><W86/><G86/><T89/><D108/><U51/><E76/><V10/><F112/><W50/><G98/><T130/><D130/><U99/><E53/><V114/><F114/><W73/><G97/><T135/><D71/><U103/><E99/><V3/><F3/><N who="3" m="511" /><G73/><T5/><D135/><U58/><E72/><V57/><F106/><W56/><G56/><T117/><D117/><U2/><E2/><V69/><F69/><W20/><G50/><T42/><D70/><U6/><E58/><V60/><F105/><W124/><G124/><T54/><D96/><U62/><E103/><V77/><F22/><N who="3" m="8235" /><G17/><T120/><D19/><U37/><E37/><V88/><REACH who="2" step="1"/><F82/><REACH who="2" ten="376,117,268,209" step="2"/><W126/><G126/><T122/><D107/><U55/><E110/><V30/><AGARI ba="2,3" hai="9,10,21,26,30,52,57,60,77,80,83,85,87,88" machi="30" ten="20,12000,2" yaku="1,1,2,1,0,1,7,1,8,1,54,2,53,0" doraHai="43" doraHaiUra="66" who="2" fromWho="2" sc="376,-62,117,-32,268,156,209,-32" /><INIT seed="5,0,0,3,4,102" ten="314,85,424,177" oya="1" hai0="3,34,124,108,16,117,46,114,98,25,19,55,69" hai1="53,48,80,134,1,131,105,29,26,30,104,120,132" hai2="93,38,45,9,2,112,100,36,66,123,128,99,11" hai3="125,122,12,68,59,17,18,28,97,72,39,127,126"/><U63/><E120/><V35/><F123/><W33/><G68/><T61/><D117/><U65/><E1/><V103/><F112/><W135/><G122/><T13/><D108/><U5/><E5/><V22/><F35/><W47/><G72/><T24/><D3/><U116/><E116/><V41/><F128/><W52/><G135/><N who="1" m="51754" /><E80/><V62/><F38/><W86/><G86/><T50/><D114/><U37/><E37/><V76/><F76/><W56/><G97/><T109/><D109/><U32/><E30/><V113/><F113/><W81/><G81/><T85/><D85/><U95/><E95/><V119/><F119/><W94/><G94/><T15/><D124/><U92/><E92/><V91/><F2/><W83/><G83/><T115/><D115/><U133/><N who="1" m="51762" /><U7/><DORA hai="73" /><E7/><V58/><F103/><W121/><G121/><T75/><D75/><U21/><E32/><V88/><REACH who="2" step="1"/><F22/><REACH who="2" ten="314,85,414,177" step="2"/><N who="3" m="11559" /><G39/><T6/><D34/><U111/><E111/><V20/><F20/><W77/><G77/><T118/><D118/><U96/><E131/><V10/><AGARI ba="0,1" hai="9,10,11,36,41,45,58,62,66,88,91,93,99,100" machi="10" ten="30,8000,1" yaku="1,1,0,1,54,1,53,2" doraHai="102,73" doraHaiUra="79,84" who="2" fromWho="2" sc="314,-20,85,-40,414,90,177,-20" /><INIT seed="6,0,0,1,4,19" ten="294,45,504,157" oya="2" hai0="56,106,68,105,90,117,5,58,9,133,88,54,21" hai1="13,34,15,20,107,83,109,75,3,24,98,1,78" hai2="134,125,87,116,57,18,46,52,32,121,95,42,81" hai3="55,35,65,62,2,48,91,118,37,38,17,61,7"/><V129/><F121/><W63/><G118/><T132/><D68/><U71/><E71/><V69/><F116/><W92/><G35/><T50/><D117/><U60/><E109/><V47/><F69/><W40/><G65/><T66/><D105/><U124/><E124/><V14/><F32/><W39/><G40/><T120/><D106/><U41/><E41/><V74/><F125/><W49/><G55/><T10/><D120/><U0/><E60/><V102/><F74/><W80/><G80/><T8/><D5/><U101/><REACH who="1" step="1"/><E34/><REACH who="1" ten="294,35,504,157" step="2"/><V93/><F42/><W131/><G62/><N who="0" m="38231" /><D132/><U126/><E126/><V76/><F134/><W112/><G63/><T82/><D133/><U26/><E26/><V85/><F129/><W23/><G61/><T99/><D99/><U59/><E59/><V51/><F57/><W64/><G131/><T111/><D111/><U110/><E110/><V12/><F46/><W97/><G64/><T16/><D82/><U123/><E123/><V36/><F36/><W96/><G39/><T86/><D86/><U67/><E67/><V119/><F119/><W115/><G38/><T113/><D113/><N who="3" m="43593" /><G37/><T31/><D31/><AGARI ba="0,1" hai="0,1,3,13,15,20,24,31,75,78,83,98,101,107" machi="31" ten="40,2600,0" yaku="1,1,52,1,53,0" doraHai="19" doraHaiUra="89" who="1" fromWho="0" sc="294,-26,35,36,504,0,157,0" /><INIT seed="7,0,0,3,1,97" ten="268,71,504,157" oya="3" hai0="70,71,46,68,129,31,30,32,43,115,44,80,11" hai1="116,87,108,20,120,3,99,37,4,121,50,38,48" hai2="74,113,7,132,34,27,135,0,119,89,8,35,75" hai3="76,88,51,25,105,106,24,61,42,91,28,101,6"/><W122/><G122/><N who="1" m="47210" /><E20/><V10/><F119/><W112/><G76/><T60/><D129/><U66/><E4/><V26/><F113/><W95/><G112/><T131/><D115/><U12/><E12/><V96/><F96/><N who="3" m="59551" /><G106/><T117/><D131/><U126/><E3/><V77/><F89/><N who="3" m="34379" /><G105/><T52/><D117/><U69/><E87/><V16/><F77/><W53/><G6/><T29/><D80/><U130/><E99/><V100/><F100/><W18/><G28/><T2/><D32/><N who="2" m="12330" /><F75/><W93/><G93/><T83/><D83/><U19/><E19/><V81/><F81/><W85/><G85/><T102/><D102/><U39/><E130/><V78/><F78/><W114/><G114/><T125/><D31/><U13/><E13/><N who="2" m="7223" /><F74/><W73/><G73/><T23/><D68/><U58/><E116/><V55/><F55/><W14/><G61/><T107/><D70/><U22/><E22/><V86/><F86/><W47/><G53/><T133/><D71/><U21/><E21/><AGARI ba="0,0" hai="14,18,21,24,25,42,47,51" m="34379,59551" machi="21" ten="30,5800,0" yaku="8,1,52,1,54,1" doraHai="97" who="3" fromWho="1" sc="268,0,71,-58,504,0,157,58" /><INIT seed="7,1,0,2,0,101" ten="268,13,504,215" oya="3" hai0="58,47,66,67,2,64,41,26,35,13,72,90,95" hai1="83,127,43,111,22,82,76,93,19,7,17,21,71" hai2="50,117,124,25,37,68,0,75,60,77,51,15,88" hai3="1,42,28,79,40,49,69,73,65,113,31,105,94"/><W129/><G1/><T5/><D72/><U106/><E71/><V52/><F37/><W23/><G113/><T34/><D2/><U74/><E43/><V20/><F0/><W78/><G129/><T100/><D100/><U104/><E93/><V86/><F117/><W131/><G131/><T122/><D122/><U98/><E98/><V36/><F36/><W54/><G105/><T130/><D130/><U89/><E89/><V57/><F68/><W38/><G38/><T32/><D58/><U44/><E44/><V121/><F121/><W110/><G110/><T81/><D81/><U8/><E8/><V115/><F115/><W126/><G126/><T3/><D3/><U114/><E114/><V29/><F124/><W30/><G23/><T63/><D63/><U80/><E80/><N who="2" m="49223" /><F75/><W91/><G65/><T62/><D62/><U87/><E127/><V128/><F128/><W18/><G18/><T39/><D26/><U53/><E53/><V119/><F119/><W103/><G103/><T84/><REACH who="0" step="1"/><D67/><REACH who="0" ten="258,13,504,215" step="2"/><U24/><E74/><V9/><F77/><N who="3" m="29195" /><G69/><T134/><D134/><U12/><E111/><V108/><F108/><W132/><G132/><T92/><D92/><U109/><E109/><V70/><F70/><W107/><G107/><T56/><D56/><U11/><REACH who="1" step="1"/><E83/><REACH who="1" ten="258,3,504,215" step="2"/><V10/><F9/><AGARI ba="1,2" hai="5,9,13,32,34,35,39,41,47,64,66,84,90,95" machi="9" ten="40,1300,0" yaku="1,1,53,0" doraHai="101" doraHaiUra="123" who="0" fromWho="2" sc="258,36,3,0,504,-16,215,0" owari="294,9.0,3,-50.0,488,59.0,215,-18.0" /></mjloggm>