<mjloggm ver="2.3"><GO type="41"/><UN n0="%74%61%6B%61%68%69%72%61" n1="%E3%81%9F%E3%81%93%E3%81%95%E3%81%97" n2="%EF%BC%88%E2%89%A7%E2%96%BD%E2%89%A6%EF%BC%89" n3="%77%61%74%65%72%68" dan="14,13,15,15" rate="1911,1857,2067,1995" sx="M,M,M,M"/><TAIKYOKU oya="0"/><INIT seed="0,0,0,5,0,46" ten="250,250,250,250" oya="0" hai0="54,129,78,61,4,38,43,104,10,110,111,52,42" hai1="124,116,125,15,83,70,117,68,17,65,53,20,2" hai2="66,130,7,1,13,85,91,28,12,55,119,34,30" hai3="113,88,60,32,97,98,40,101,49,123,126,134,39"/><T112/><D104/><U120/><E2/><V108/><F1/><W121/><G113/><T71/><D78/><U24/><E65/><V48/><F130/><W94/><G32/><T47/><D4/><U86/><E120/><N who="3" m="46154" /><G134/><T133/><D10/><U122/><E122/><V84/><F119/><W79/><G79/><T87/><D87/><U41/><E41/><V14/><F108/><N who="0" m="41514" /><D112/><U16/><E53/><N who="0" m="20585" /><D129/><U135/><E135/><V21/><F7/><W81/><G81/><T51/><D133/><U11/><E116/><V80/><F84/><W114/><G114/><T90/><D90/><U105/><E105/><V128/><F128/><W33/><G33/><T29/><D29/><U35/><E35/><V115/><F34/><W93/><G39/><T132/><D132/><U23/><E11/><V82/><F115/><W18/><G18/><T22/><D22/><U92/><E92/><N who="2" m="54383" /><F21/><W102/><G102/><T96/><D96/><U131/><E131/><V107/><F107/><W67/><G98/><T57/><D43/><U50/><E50/><V64/><F80/><W73/><G73/><T27/><D27/><U9/><E9/><V118/><F82/><W44/><G94/><T0/><D0/><U37/><E37/><V59/><F118/><W19/><G19/><T62/><D71/><U56/><E56/><V8/><F8/><W63/><G101/><T127/><D127/><N who="1" m="48715" /><E117/><V77/><F77/><AGARI ba="0,0" hai="15,16,17,20,23,24,68,70,77,83,86" m="48715" machi="77" ten="30,2000,0" yaku="18,1,54,1" doraHai="46" who="1" fromWho="2" sc="250,0,250,20,250,-20,250,0" /><INIT seed="1,0,0,3,5,54" ten="250,270,230,250" oya="1" hai0="67,12,68,76,0,98,111,48,77,40,112,70,81" hai1="55,126,5,60,2,34,92,87,61,44,88,109,106" hai2="119,36,17,124,33,52,116,133,47,90,117,51,79" hai3="45,95,102,11,39,26,65,25,56,59,22,108,84"/><U31/><E106/><V14/><F33/><W72/><G72/><T86/><D0/><U3/><E126/><V91/><F133/><W13/><G65/><T129/><D112/><U101/><E101/><V107/><F107/><W82/><G108/><T16/><D111/><U89/><E109/><V62/><F124/><W4/><G39/><T64/><D129/><U99/><E34/><V57/><F79/><W6/><G45/><N who="0" m="25639" /><D70/><U23/><E3/><V9/><REACH who="2" step="1"/><F36/><REACH who="2" step="2"/><W8/><G102/><T100/><D77/><U127/><E127/><V63/><F63/><W42/><G42/><AGARI ba="0,1" hai="9,14,17,42,47,51,52,57,62,90,91,116,117,119" machi="42" ten="40,8000,1" yaku="1,1,52,1,54,1,53,1" doraHai="54" doraHaiUra="10" who="2" fromWho="3" sc="250,0,270,0,220,90,250,-80" /><INIT seed="2,0,0,5,0,14" ten="250,270,310,170" oya="2" hai0="7,110,50,39,84,127,40,111,25,131,18,134,83" hai1="94,76,124,19,70,63,35,91,38,32,88,30,130" hai2="20,46,66,29,114,12,22,48,16,128,67,97,21" hai3="34,87,69,102,2,126,60,109,65,51,77,33,96"/><V82/><F114/><W52/><G126/><T15/><D39/><U5/><E38/><V75/><F128/><W8/><G109/><T117/><D131/><U49/><E130/><V61/><F97/><W64/><G64/><T104/><D104/><U123/><E124/><V4/><F4/><W9/><G77/><N who="0" m="46191" /><D127/><U31/><E76/><V93/><F93/><W85/><G85/><T101/><D101/><U103/><E5/><V68/><F67/><W115/><G115/><T41/><D134/><U27/><E70/><V6/><F6/><W107/><G87/><T122/><D122/><U74/><E63/><V24/><F82/><W81/><G81/><T106/><D106/><U118/><E74/><V120/><F75/><W13/><G2/><T80/><D80/><U108/><E108/><N who="0" m="41513" /><D117/><U90/><E118/><V10/><REACH who="2" step="1"/><F120/><REACH who="2" step="2"/><W17/><REACH who="3" step="1"/><G8/><REACH who="3" step="2"/><N who="0" m="4511" /><D50/><U42/><E123/><V119/><F119/><W56/><AGARI ba="0,2" hai="9,13,17,33,34,51,52,56,60,65,69,96,102,107" machi="56" ten="20,12000,2" yaku="1,1,0,1,7,1,52,1,54,1,53,1" doraHai="14" doraHaiUra="95" who="3" fromWho="3" sc="250,-30,270,-30,300,-60,160,140" /><INIT seed="3,0,0,2,5,35" ten="220,240,240,300" oya="3" hai0="0,87,23,117,79,28,124,30,54,55,83,12,118" hai1="71,41,56,62,86,7,122,69,32,121,26,51,29" hai2="92,50,114,93,57,95,105,15,128,94,108,131,13" hai3="119,101,80,17,89,65,126,99,123,113,135,103,49"/><W115/><G123/><T66/><D66/><U61/><E7/><V106/><F114/><W40/><G119/><T76/><D124/><U27/><E71/><V85/><F108/><W6/><G126/><T120/><D120/><U3/><E86/><V90/><F57/><W130/><G115/><T132/><D12/><U77/><E3/><V21/><F50/><W58/><G113/><T1/><D23/><U52/><E77/><V43/><F43/><W36/><G36/><T44/><D87/><U63/><E69/><V125/><F125/><W18/><G6/><T102/><D83/><U48/><E27/><V97/><F21/><W81/><G40/><T73/><D102/><U104/><E104/><N who="2" m="40043" /><F13/><W9/><G9/><T20/><D20/><U75/><E75/><V31/><F15/><W19/><G89/><T39/><D73/><U72/><E72/><V4/><F31/><W42/><G42/><T2/><D39/><U38/><E38/><V10/><F10/><W59/><G99/><T98/><D98/><U33/><E33/><V112/><F4/><W34/><G34/><T74/><D74/><U110/><E110/><V100/><F112/><W82/><G49/><T60/><D60/><U127/><E127/><V70/><F70/><W78/><G78/><T45/><REACH who="0" step="1"/><D1/><REACH who="0" step="2"/><U16/><E122/><V46/><F100/><N who="3" m="38475" /><G65/><T84/><D84/><U129/><E121/><V67/><F67/><W96/><G96/><T107/><D107/><U88/><E51/><V5/><F97/><W25/><G81/><T111/><D111/><U37/><E62/><V116/><F85/><RYUUKYOKU ba="0,1" sc="210,30,240,-10,240,-10,300,-10" hai0="0,2,28,30,44,45,54,55,76,79,117,118,132" /><INIT seed="4,1,1,0,2,107" ten="240,230,230,290" oya="0" hai0="125,30,67,61,95,11,69,31,46,83,65,55,131" hai1="3,44,24,48,84,17,26,39,98,12,37,50,66" hai2="128,92,0,132,20,75,97,33,72,119,15,9,122" hai3="74,126,116,1,58,34,62,19,57,27,124,32,56"/><T105/><D105/><U108/><E108/><V87/><F122/><W4/><G116/><T127/><D11/><U89/><E3/><V28/><F119/><W111/><G111/><T135/><D131/><U40/><E98/><V51/><F128/><W18/><G62/><T79/><D67/><U68/><E68/><V130/><F130/><W78/><G1/><T104/><D104/><U38/><E66/><V6/><F132/><W54/><G54/><T64/><D64/><U2/><E2/><V114/><F87/><W117/><G117/><T73/><D135/><U8/><E50/><V110/><F51/><W35/><G4/><T101/><D46/><U82/><AGARI ba="1,1" hai="8,12,17,24,26,37,38,39,40,44,48,82,84,89" machi="82" ten="30,1100,0" yaku="0,1" doraHai="107" who="1" fromWho="1" sc="240,-6,230,24,230,-4,290,-4" /><INIT seed="5,0,0,2,2,123" ten="234,254,226,286" oya="1" hai0="4,44,134,21,93,91,75,25,85,94,79,6,7" hai1="66,54,80,129,105,52,43,47,51,122,37,106,69" hai2="57,59,101,20,29,119,15,96,30,22,67,111,89" hai3="13,42,95,103,88,133,116,73,104,33,81,65,128"/><U28/><E122/><V87/><F119/><W125/><G33/><T120/><D134/><U109/><E28/><V49/><F101/><W40/><G116/><T56/><D120/><U18/><E80/><V131/><F96/><W55/><G65/><T23/><D75/><U11/><E54/><N who="2" m="31951" /><F131/><W63/><G128/><T118/><D118/><U76/><E129/><V50/><F111/><W100/><G133/><T107/><D107/><U31/><E76/><V38/><F38/><W130/><G130/><T16/><D79/><U24/><E11/><V60/><F50/><W8/><G125/><T121/><D121/><U27/><E18/><N who="2" m="10335" /><F22/><W70/><G70/><T84/><D44/><U17/><E17/><V45/><F45/><W61/><G104/><T19/><D56/><N who="1" m="32799" /><E27/><V58/><F58/><W48/><G103/><T2/><D2/><U9/><E9/><V127/><F127/><W126/><G100/><T86/><D91/><U10/><E10/><V68/><F68/><W64/><G73/><T117/><REACH who="0" step="1"/><D117/><REACH who="0" step="2"/><U34/><E109/><V53/><F67/><W77/><G126/><T78/><D78/><U113/><E113/><V92/><AGARI ba="0,1" hai="29,30,53,59,60,87,89,92" m="10335,31951" machi="92" ten="30,2000,0" yaku="25,1,8,1" doraHai="123" who="2" fromWho="2" sc="224,-5,254,-10,226,30,286,-5" /><INIT seed="6,0,0,0,5,30" ten="219,244,256,281" oya="2" hai0="55,124,102,105,47,91,52,45,4,103,25,106,26" hai1="131,8,51,96,90,70,44,100,29,56,42,31,65" hai2="89,83,54,39,125,77,27,16,33,68,117,127,62" hai3="63,15,79,98,34,82,59,113,18,126,104,94,84"/><V134/><F117/><W129/><G34/><T49/><D4/><U43/><E70/><V81/><F39/><W3/><G3/><T121/><D124/><N who="2" m="47690" /><F134/><W23/><G126/><T119/><D49/><U92/><E131/><V21/><F89/><W57/><G129/><T95/><D95/><U22/><E8/><V2/><F2/><W110/><G110/><T24/><D91/><U28/><E42/><V37/><F37/><W11/><G113/><T69/><D69/><U73/><E73/><N who="2" m="43183" /><F83/><W85/><G85/><T9/><D9/><U17/><E65/><N who="2" m="41015" /><F54/><N who="0" m="20522" /><D121/><U123/><E56/><V120/><F120/><W14/><G104/><N who="0" m="40043" /><D119/><U64/><E123/><V40/><F40/><W133/><G133/><T1/><D1/><U67/><REACH who="1" step="1"/><E100/><AGARI ba="0,0" hai="24,25,26,45,47,100,102,103" m="40043,20522" machi="100" ten="40,5200,0" yaku="28,2,54,1" doraHai="30" who="0" fromWho="1" sc="219,52,244,-52,256,0,281,0" /><INIT seed="7,0,0,2,2,81" ten="271,192,256,281" oya="3" hai0="41,102,125,0,77,47,43,69,70,20,36,53,25" hai1="89,4,75,83,73,2,116,78,101,66,91,14,9" hai2="108,109,35,96,7,100,105,23,127,95,15,63,97" hai3="119,3,39,98,17,22,72,117,40,80,61,71,94"/><W123/><G3/><T121/><D121/><U126/><E66/><V42/><F127/><W18/><G123/><T114/><D125/><U79/><E14/><V131/><F35/><W44/><G72/><T52/><D0/><U28/><E28/><V10/><F131/><W55/><G80/><T12/><D77/><U38/><E126/><V37/><F37/><W57/><G71/><T33/><D114/><U74/><E38/><V82/><F42/><W50/><G39/><T26/><D102/><U130/><E2/><V24/><F63/><W6/><G6/><T16/><D43/><U62/><E62/><V129/><F129/><W118/><REACH who="3" step="1"/><G22/><REACH who="3" step="2"/><T103/><D103/><AGARI ba="0,1" hai="17,18,40,44,50,55,57,61,94,98,103,117,118,119" machi="103" ten="40,7700,0" yaku="1,1,2,1,53,1" doraHai="81" doraHaiUra="51" who="3" fromWho="0" sc="271,-77,192,0,256,0,271,87" owari="194,-21.0,192,-31.0,256,6.0,358,46.0" /></mjloggm>