<mjloggm ver="2.3"><GO type="169" lobby="0"/><UN n0="%E3%83%9E%E3%82%B8%E3%82%AB%E3%83%AB%E3%83%84%E3%83%A2" n1="%E3%81%93%E3%81%BE%E3%81%A3%E3%81%95%E3%82%93" n2="%E3%83%9F%E3%82%B9%E5%8C%97%E5%8D%83%E4%BD%8F" n3="%EF%BC%88%E2%89%A7%E2%96%BD%E2%89%A6%EF%BC%89" dan="16,16,16,17" rate="2107.10,2079.81,2103.82,2190.51" sx="M,M,F,M"/><TAIKYOKU oya="0"/><INIT seed="0,0,0,0,4,98" ten="250,250,250,250" oya="0" hai0="135,9,43,102,85,108,91,76,126,50,129,57,47" hai1="34,94,75,111,78,119,114,134,22,96,104,115,122" hai2="87,33,72,131,59,19,79,81,40,10,68,92,93" hai3="124,4,16,99,61,21,56,45,6,15,52,35,121"/><T103/><D135/><U58/><E34/><V67/><F68/><W64/><G121/><T29/><D129/><U3/><E3/><V23/><F131/><W44/><G124/><T66/><D126/><U31/><E104/><V49/><F33/><W123/><G35/><T113/><D113/><N who="1" m="43019" /><E122/><V25/><F10/><W74/><G74/><T2/><D76/><U7/><E7/><N who="3" m="2602" /><G123/><T26/><D9/><U65/><E119/><V8/><F8/><W125/><G125/><T11/><D11/><U84/><E84/><V101/><F72/><W46/><G99/><T73/><D73/><U100/><E134/><V38/><F38/><W105/><G105/><T97/><D97/><U69/><E69/><V0/><F0/><W130/><G130/><T112/><D2/><U106/><E106/><V37/><F37/><W70/><G70/><T86/><D108/><U63/><E111/><V51/><F93/><W71/><G71/><T28/><D86/><U14/><E75/><V127/><F40/><W118/><G118/><T117/><D117/><U55/><E78/><V89/><F79/><W53/><AGARI ba="0,0" hai="15,16,21,44,45,46,52,53,56,61,64" m="2602" machi="53" ten="30,4000,0" yaku="8,1,54,2" doraHai="98" who="3" fromWho="3" sc="250,-20,250,-10,250,-10,250,40" /><INIT seed="1,0,0,1,3,54" ten="230,240,240,290" oya="1" hai0="53,64,123,19,79,31,99,77,4,119,2,121,85" hai1="114,73,78,70,72,18,36,62,47,90,50,39,112" hai2="115,13,16,116,82,49,55,1,89,126,67,57,28" hai3="58,66,45,26,34,108,74,52,10,14,41,51,59"/><U84/><E78/><V6/><F116/><W68/><G74/><T29/><D119/><U32/><E32/><V27/><F126/><W35/><G108/><T3/><D64/><U86/><E70/><V12/><F115/><W109/><G109/><T80/><D99/><U71/><E71/><V38/><F38/><W56/><G26/><T129/><D129/><U134/><E134/><V11/><F67/><W130/><G130/><T128/><D128/><U23/><E62/><V96/><F1/><N who="0" m="10" /><D4/><U15/><E86/><N who="2" m="50391" /><F96/><W95/><G95/><T101/><D101/><U105/><E105/><V5/><F13/><W42/><G35/><T9/><D53/><U104/><E104/><V33/><F33/><W131/><G34/><T92/><D92/><U132/><E132/><V76/><F76/><N who="0" m="29258" /><D123/><U7/><E7/><N who="2" m="2571" /><F28/><W81/><G131/><T135/><D31/><U30/><E30/><V111/><F111/><W91/><G66/><T124/><D29/><U125/><E125/><V44/><F27/><W65/><G65/><T37/><D124/><U87/><E87/><V100/><F100/><W106/><G106/><T117/><D85/><U22/><E73/><V24/><F24/><W8/><G68/><T103/><D135/><U94/><E72/><V98/><F98/><W63/><G14/><N who="0" m="7631" /><D117/><U40/><REACH who="1" step="1"/><E23/><REACH who="1" ten="230,230,240,290" step="2"/><V127/><F127/><W118/><G118/><T69/><D69/><U25/><E25/><V102/><F102/><W93/><G10/><T20/><D103/><U60/><E60/><V83/><F83/><W88/><G8/><T120/><D80/><U97/><E97/><RYUUKYOKU ba="0,1" sc="230,-15,230,15,240,15,290,-15" hai1="15,18,22,36,39,40,47,50,84,90,94,112,114" hai2="11,12,16,44,49,55,57" /><INIT seed="1,1,1,2,5,132" ten="215,245,255,275" oya="1" hai0="111,80,10,3,44,8,88,27,58,114,56,70,121" hai1="65,83,61,119,28,46,125,93,81,78,115,0,20" hai2="26,19,106,59,67,87,129,98,47,41,37,89,1" hai3="69,128,15,113,57,16,99,76,110,12,92,102,101"/><U72/><E119/><V51/><F129/><W133/><G113/><T94/><D70/><U134/><E115/><V52/><F1/><W6/><G69/><T105/><D3/><U108/><E0/><V5/><F5/><W22/><G133/><T122/><D105/><U127/><E134/><V66/><F106/><W126/><G128/><T64/><D114/><U63/><E108/><V73/><F73/><W107/><G110/><T48/><D80/><U77/><E93/><V53/><F53/><W85/><G126/><N who="1" m="48138" /><E46/><V75/><F75/><W55/><G107/><T123/><D27/><N who="1" m="16487" /><E65/><V31/><F67/><W13/><G102/><T2/><D2/><U95/><E95/><V34/><F66/><W124/><G124/><T118/><D64/><U11/><E11/><N who="0" m="4137" /><D118/><U74/><AGARI ba="1,1" hai="61,63,72,74,77,78,81,83" m="16487,48138" machi="74" ten="30,11700,0" yaku="18,1,52,3" doraHai="132" who="1" fromWho="1" sc="215,-40,245,130,255,-40,275,-40" /><INIT seed="1,2,0,3,0,49" ten="175,375,215,235" oya="1" hai0="70,69,77,113,3,127,32,5,39,75,8,111,73" hai1="95,37,19,120,33,23,109,102,122,30,9,16,42" hai2="68,123,40,2,35,1,47,15,90,61,132,21,27" hai3="66,29,51,89,82,48,99,107,85,103,97,96,126"/><U52/><E33/><V74/><F123/><W83/><G126/><T26/><D127/><U34/><E34/><V110/><F74/><W64/><G29/><N who="0" m="19511" /><D113/><U79/><E30/><V129/><F35/><W105/><G103/><T135/><D111/><U92/><E79/><V0/><F15/><W54/><G48/><T71/><D77/><U84/><E9/><V28/><F90/><W59/><REACH who="3" step="1"/><G83/><REACH who="3" ten="175,375,215,225" step="2"/><T4/><D39/><U108/><E102/><V24/><F28/><W53/><G53/><T101/><D101/><U100/><E37/><V17/><F40/><W106/><AGARI ba="2,1" hai="51,54,59,64,66,82,85,89,96,97,99,105,106,107" machi="106" ten="40,5200,0" yaku="1,1,0,1,52,1,53,0" doraHai="49" doraHaiUra="117" who="3" fromWho="3" sc="175,-15,375,-28,215,-15,225,68" /><INIT seed="2,0,0,0,3,30" ten="160,347,200,293" oya="2" hai0="29,64,116,81,1,33,41,51,111,125,113,34,120" hai1="68,17,14,75,44,57,118,115,5,2,54,15,20" hai2="43,82,46,25,40,135,53,3,109,32,102,71,131" hai3="103,93,95,6,85,0,88,108,56,12,27,37,26"/><V123/><F123/><W92/><G37/><T45/><D120/><U124/><E68/><V100/><F135/><W63/><G0/><T132/><D113/><U78/><E2/><V59/><F131/><W22/><G108/><T49/><D1/><U105/><E105/><V87/><F71/><W110/><G110/><T7/><D7/><U127/><E115/><V72/><F72/><W91/><G103/><T67/><D111/><U18/><E5/><V80/><F109/><W39/><G39/><T16/><D29/><U114/><E114/><V61/><F3/><W8/><G22/><T52/><D132/><U21/><E44/><V38/><F43/><W84/><G93/><T104/><D104/><U101/><E101/><V48/><F38/><W9/><G9/><T107/><D107/><U73/><E118/><V133/><F133/><W11/><G11/><T128/><D116/><U79/><E57/><V13/><F82/><W99/><G99/><T90/><D128/><U98/><E98/><V60/><F60/><W134/><G134/><T4/><D4/><U10/><E10/><V94/><F94/><W47/><G47/><T112/><D16/><U119/><E119/><V36/><F36/><W62/><G62/><T70/><D112/><U117/><E117/><V106/><F106/><W35/><G35/><N who="0" m="13323" /><D70/><U86/><E86/><V130/><F130/><W66/><AGARI ba="0,0" hai="6,8,12,26,27,56,63,66,84,85,88,91,92,95" machi="66" ten="20,8000,1" yaku="0,1,7,1,9,1,8,1,54,1" doraHai="30" who="3" fromWho="3" sc="160,-20,347,-20,200,-40,293,80" /><INIT seed="3,0,0,1,5,75" ten="140,327,160,373" oya="3" hai0="86,117,55,47,84,2,134,27,43,52,87,90,70" hai1="109,72,29,0,99,54,21,23,64,8,32,12,50" hai2="112,120,89,73,103,24,82,69,135,13,88,35,101" hai3="118,132,31,121,37,10,62,9,116,42,34,1,19"/><W123/><G37/><T130/><D70/><U133/><E0/><V22/><F69/><W94/><G42/><T7/><D117/><N who="3" m="45161" /><G62/><T113/><D130/><U102/><E32/><V63/><F35/><W79/><G94/><T119/><D119/><U20/><E64/><V6/><F63/><W44/><G44/><T48/><D134/><U3/><E3/><V98/><F82/><W53/><G53/><N who="0" m="20555" /><D7/><U40/><E40/><V81/><F81/><W77/><G132/><T76/><D2/><U95/><E133/><V93/><F73/><W96/><G1/><T80/><D113/><U126/><E72/><V65/><F65/><W28/><G19/><T49/><D27/><U36/><E36/><V100/><F112/><W67/><G67/><T131/><D131/><U92/><E29/><N who="3" m="11338" /><G34/><T125/><D49/><U17/><E50/><V58/><F100/><W60/><G60/><T16/><D125/><U57/><E126/><V30/><F101/><W71/><G71/><T128/><D128/><U18/><E102/><V91/><F58/><W5/><G5/><T127/><D127/><U15/><E57/><V41/><F41/><W108/><G108/><T105/><D105/><U85/><E109/><V115/><F135/><W39/><G39/><T122/><D122/><N who="3" m="46601" /><G96/><T78/><D16/><U107/><E54/><V68/><F120/><W11/><AGARI ba="0,0" hai="9,10,11,77,79" m="46601,11338,45161" machi="11" ten="40,12000,1" yaku="28,2,52,2" doraHai="75" who="3" fromWho="3" sc="140,-40,327,-40,160,-40,373,120" /><INIT seed="3,1,0,5,2,51" ten="100,287,120,493" oya="3" hai0="95,82,33,81,7,130,87,68,57,118,90,122,15" hai1="54,108,125,80,67,59,41,121,29,55,114,84,98" hai2="44,39,17,52,117,26,28,126,22,48,63,99,97" hai3="58,85,88,23,124,6,21,37,78,47,105,71,101"/><W83/><G71/><T31/><D68/><U13/><E114/><V11/><F117/><W133/><G133/><T61/><D118/><U102/><E121/><V115/><F115/><W64/><G124/><T2/><D122/><U127/><E41/><V14/><F126/><N who="1" m="48137" /><E108/><V104/><F104/><W76/><G6/><T93/><D130/><U24/><E13/><V49/><F39/><W50/><G105/><T77/><D2/><U69/><E69/><V32/><F63/><N who="3" m="38007" /><G101/><T65/><D31/><U25/><E67/><V8/><F8/><W110/><G37/><T107/><D107/><N who="1" m="63959" /><E59/><N who="2" m="33159" /><F32/><W123/><G123/><T60/><D33/><N who="1" m="20647" /><E25/><V74/><F74/><W132/><G132/><T34/><D34/><U89/><AGARI ba="1,0" hai="54,55,80,84,89" m="20647,63959,48137" machi="89" ten="30,4000,0" yaku="18,1,52,2" doraHai="51" who="1" fromWho="1" sc="100,-11,287,43,120,-11,493,-21" /><INIT seed="4,0,0,5,0,127" ten="89,330,109,472" oya="0" hai0="117,3,49,115,71,26,119,81,18,45,2,1,34" hai1="104,8,46,22,36,72,28,58,123,70,21,76,64" hai2="74,77,73,33,85,92,16,27,17,108,44,50,6" hai3="120,5,60,83,118,37,32,10,30,14,91,63,106"/><T78/><D71/><U29/><E104/><V128/><F6/><W86/><G118/><T94/><D115/><U66/><E70/><V54/><F74/><W20/><G120/><T80/><D94/><U113/><E123/><V48/><F73/><W109/><G109/><T43/><D81/><U135/><E8/><V102/><F108/><W55/><G37/><T65/><D65/><U12/><E36/><V93/><F33/><W38/><G38/><T87/><REACH who="0" step="1"/><D18/><REACH who="0" ten="79,330,109,472" step="2"/><N who="1" m="10439" /><E113/><V133/><F16/><W23/><G106/><T99/><D99/><U68/><E64/><V61/><F17/><W114/><G114/><T40/><D40/><U116/><E66/><V51/><F92/><W79/><G83/><T132/><D132/><U39/><E68/><V110/><F93/><W62/><G55/><T59/><D59/><U35/><E135/><V75/><F54/><W0/><G79/><T13/><D13/><U11/><E76/><V103/><F77/><W24/><G14/><T124/><D124/><U89/><E58/><V53/><F53/><W101/><G0/><T134/><D134/><U100/><E46/><V84/><F44/><W69/><G69/><T9/><D9/><U95/><E11/><V111/><F133/><W125/><G10/><T52/><D52/><U41/><E41/><V129/><F111/><W98/><G125/><T47/><D47/><U4/><E95/><V31/><F110/><W25/><G98/><T130/><D130/><U121/><E121/><V56/><F129/><W7/><G62/><T42/><D42/><U67/><E67/><V107/><F128/><RYUUKYOKU ba="0,1" sc="79,30,330,-10,109,-10,472,-10" hai0="1,2,3,26,34,43,45,49,78,80,87,117,119" /><INIT seed="4,1,1,0,5,98" ten="109,320,99,462" oya="0" hai0="133,76,35,41,132,27,6,69,64,121,23,95,39" hai1="85,9,22,8,91,79,43,65,45,58,135,44,104" hai2="24,36,56,106,105,61,72,103,130,0,126,82,57" hai3="15,42,113,50,21,54,68,93,4,124,40,60,16"/><T92/><D35/><U49/><E104/><V5/><F126/><W14/><G124/><T80/><D6/><U100/><E79/><V30/><F130/><W10/><G113/><T117/><D121/><U34/><E34/><V28/><F36/><W118/><G118/><T1/><D117/><U70/><E70/><V123/><F123/><W97/><G60/><N who="0" m="40071" /><D1/><U101/><E135/><N who="0" m="51785" /><D41/><U77/><E77/><V120/><F120/><W110/><G110/><T53/><D53/><N who="1" m="32047" /><E22/><V62/><F5/><W48/><G68/><T108/><D39/><U26/><E65/><V134/><F0/><W122/><G122/><T3/><D3/><U127/><E127/><V83/><F134/><W7/><G7/><T75/><D108/><U37/><E26/><V81/><F81/><W102/><G50/><T78/><D76/><U51/><E37/><V71/><F71/><W128/><G128/><T59/><D59/><AGARI ba="1,1" hai="4,10,14,15,16,21,40,42,48,54,59,93,97,102" machi="59" ten="30,7700,0" yaku="7,1,8,1,52,1,54,1" doraHai="98" who="3" fromWho="0" sc="109,-80,320,0,99,0,462,90" /><INIT seed="5,0,0,3,3,69" ten="29,320,99,552" oya="1" hai0="29,130,135,98,32,112,52,119,91,97,50,85,53" hai1="122,40,42,41,10,110,80,60,3,15,131,111,39" hai2="21,99,13,124,71,19,51,22,83,95,33,43,121" hai3="55,93,44,128,2,45,17,0,90,16,56,105,23"/><U75/><E3/><V76/><F33/><W127/><G105/><T11/><D135/><U26/><E122/><V94/><F71/><W82/><G128/><T96/><D130/><U120/><E120/><V36/><F36/><W107/><G107/><T38/><D119/><U14/><E131/><V20/><F121/><W132/><G132/><T101/><D112/><U134/><E134/><V27/><F124/><W9/><G127/><T57/><D38/><U133/><E133/><V61/><F61/><N who="3" m="35999" /><G2/><T79/><D11/><U5/><E26/><V47/><F99/><N who="3" m="57783" /><G82/><T59/><D79/><N who="1" m="44159" /><E60/><V12/><F12/><N who="3" m="7183" /><G0/><T78/><D78/><U89/><E89/><V114/><F114/><W70/><G70/><T63/><D32/><U109/><E14/><AGARI ba="0,0" hai="14,17,23,44,45" m="7183,57783,35999" machi="14" ten="30,2000,0" yaku="8,1,54,1" doraHai="69" who="3" fromWho="1" sc="29,0,320,-20,99,0,552,20" /><INIT seed="6,0,0,0,4,88" ten="29,300,99,572" oya="2" hai0="79,23,72,105,11,63,38,100,78,25,90,98,103" hai1="48,69,87,121,71,95,16,107,67,86,46,115,29" hai2="76,133,57,53,91,77,20,60,112,47,82,31,125" hai3="126,116,65,81,58,24,32,73,124,117,27,93,18"/><V94/><F112/><W44/><G44/><T19/><D38/><U120/><E107/><V131/><F125/><N who="3" m="48235" /><G93/><N who="0" m="56631" /><D105/><U62/><E29/><V99/><F131/><W52/><G65/><T80/><D72/><U104/><E104/><V113/><F113/><W34/><G18/><N who="0" m="12535" /><D63/><U66/><E115/><V118/><F133/><W84/><G73/><T54/><D54/><U49/><E16/><V41/><F118/><W75/><G75/><T45/><D45/><U56/><E95/><V97/><F82/><W109/><G84/><N who="0" m="48151" /><D79/><U13/><E87/><V70/><F70/><W40/><G24/><T83/><D83/><U8/><E86/><V134/><F134/><W15/><G58/><T51/><D51/><U43/><E13/><AGARI ba="0,0" hai="11,13,19,100,103" m="48151,12535,56631" machi="13" ten="30,2000,0" yaku="8,1,52,1" doraHai="88" who="0" fromWho="1" sc="29,20,300,-20,99,0,572,0" /><INIT seed="7,0,0,2,4,39" ten="49,280,99,572" oya="3" hai0="135,75,36,79,61,111,124,117,48,23,69,29,55" hai1="71,82,125,73,85,114,3,34,26,32,58,66,77" hai2="123,16,35,131,70,1,50,104,4,54,68,60,78" hai3="22,103,8,80,63,108,20,64,95,106,17,33,52"/><W2/><G33/><T86/><D75/><U90/><E125/><V38/><F16/><W59/><G106/><T13/><D124/><U51/><E114/><V132/><F50/><W25/><G108/><T121/><D121/><U74/><E3/><V102/><F54/><W10/><G2/><T110/><D117/><U42/><E71/><N who="2" m="27179" /><F60/><W129/><G129/><T98/><D135/><U126/><E126/><V47/><F132/><W53/><G80/><T89/><D36/><U76/><E74/><V134/><F134/><W97/><G22/><T14/><D98/><U92/><E76/><V67/><F67/><W19/><G19/><T94/><D79/><U44/><E26/><V31/><F131/><W30/><G17/><T81/><D69/><U15/><E15/><V88/><F88/><W56/><G64/><T116/><D61/><AGARI ba="0,0" hai="8,10,20,25,30,52,53,56,59,61,63,95,97,103" machi="61" ten="30,11600,0" yaku="7,1,9,1,8,1,54,1" doraHai="39" who="3" fromWho="0" sc="49,-116,280,0,99,0,572,116" owari="-67,-57.0,280,8.0,99,-30.0,688,79.0" /></mjloggm>