<mjloggm ver="2.3"><GO type="169" lobby="0"/><UN n0="%67%6F%6F%64%62%79%65" n1="%4D%61%52%63%48" n2="%EF%BC%88%E2%89%A7%E2%96%BD%E2%89%A6%EF%BC%89" n3="%68%65%61%72%74%73%40" dan="17,16,17,16" rate="2119.42,2119.55,2123.49,2114.74" sx="F,M,M,M"/><TAIKYOKU oya="0"/><INIT seed="0,0,0,0,3,119" ten="250,250,250,250" oya="0" hai0="111,135,36,43,63,114,134,39,52,27,11,21,12" hai1="59,42,80,75,45,22,129,15,8,41,30,60,95" hai2="7,132,112,54,103,86,78,20,125,105,31,74,13" hai3="102,58,68,73,117,56,122,76,88,116,51,57,69"/><T28/><D114/><U40/><E129/><V108/><F112/><W44/><G102/><T98/><D98/><U5/><E75/><V6/><F74/><W64/><G73/><T47/><D111/><U113/><E113/><V10/><F108/><W25/><G76/><T82/><D82/><U115/><E80/><V53/><F125/><W3/><G3/><T100/><D100/><U37/><E115/><V118/><F118/><N who="3" m="45675" /><G88/><T101/><D101/><U131/><E131/><V17/><F132/><N who="0" m="50730" /><D11/><U127/><E127/><V50/><F103/><W107/><G25/><T26/><D27/><U77/><E77/><V94/><F105/><W32/><G32/><T123/><D12/><U126/><E126/><V33/><F33/><W133/><G107/><T24/><D26/><U84/><E30/><V87/><F78/><W79/><G79/><T55/><D36/><U65/><REACH who="1" step="1"/><E22/><REACH who="1" ten="250,240,250,250" step="2"/><V85/><F20/><W19/><G133/><T38/><D21/><U1/><E1/><V128/><F31/><W14/><G14/><T35/><D24/><U130/><E130/><V90/><F128/><W99/><G19/><T46/><D28/><U104/><E104/><V91/><F17/><W121/><G99/><T62/><D35/><U120/><E120/><N who="3" m="46186" /><G64/><T70/><D123/><U29/><E29/><V2/><F2/><W81/><G81/><T49/><D38/><U66/><E66/><V23/><F13/><W110/><G110/><T83/><D83/><U16/><E16/><V109/><F109/><W93/><G93/><T34/><D34/><U106/><E106/><V18/><F94/><RYUUKYOKU ba="0,1" sc="250,-15,240,15,250,-15,250,15" hai1="5,8,15,37,40,41,42,45,59,60,65,84,95" hai3="44,51,56,57,58,68,69" /><INIT seed="1,1,1,0,3,14" ten="235,255,235,265" oya="1" hai0="112,95,27,98,18,2,46,76,41,100,44,22,66" hai1="4,94,77,81,97,85,80,84,52,38,33,36,96" hai2="91,58,47,43,119,67,23,72,63,57,122,120,59" hai3="124,62,126,13,60,40,5,53,106,103,107,134,8"/><U117/><E117/><V121/><F72/><W51/><G40/><T111/><D2/><U32/><E4/><V133/><F119/><W10/><G134/><T28/><D112/><U118/><E118/><V79/><F79/><W113/><G113/><T49/><D111/><U21/><E21/><V131/><F133/><W35/><G35/><T116/><D116/><U123/><E77/><V15/><F91/><W70/><G8/><T20/><D76/><U132/><E132/><V9/><F23/><W42/><G42/><T125/><D46/><U39/><E39/><V71/><F131/><W50/><G50/><T12/><D125/><N who="3" m="48233" /><G103/><T24/><D66/><U99/><E97/><V68/><F68/><W87/><G87/><T74/><D74/><U115/><E115/><V3/><F3/><W34/><G34/><T130/><D130/><U16/><E123/><V73/><F73/><W1/><G1/><T83/><D83/><U30/><E30/><V105/><F105/><N who="3" m="39947" /><G70/><T75/><D75/><U48/><E48/><V6/><REACH who="2" step="1"/><F71/><REACH who="2" ten="235,255,225,265" step="2"/><W110/><G110/><T31/><D20/><U114/><E114/><V29/><F29/><AGARI ba="1,2" hai="12,18,22,24,27,28,29,31,41,44,49,95,98,100" machi="29" ten="40,2600,0" yaku="8,1,52,1" doraHai="14" who="0" fromWho="2" sc="235,49,255,0,225,-29,265,0" /><INIT seed="2,0,0,0,2,129" ten="284,255,196,265" oya="2" hai0="33,16,42,49,116,58,60,108,28,54,99,64,3" hai1="109,102,123,107,91,38,12,10,82,59,66,86,77" hai2="112,88,70,1,32,83,117,85,114,97,105,47,46" hai3="111,63,20,131,7,26,19,4,92,44,13,39,8"/><V110/><F1/><W43/><G131/><T76/><D3/><U17/><E38/><V98/><F32/><W100/><G111/><T118/><D108/><U135/><E109/><V93/><F110/><W126/><G126/><T67/><D76/><U127/><E123/><V52/><F70/><W80/><G80/><T61/><D28/><U0/><E127/><V45/><F117/><N who="0" m="45162" /><D33/><U113/><E113/><V25/><F25/><W6/><G100/><T2/><D2/><U15/><E12/><V94/><F105/><W87/><G63/><N who="0" m="24139" /><D99/><N who="2" m="37898" /><F114/><W53/><G53/><T68/><D68/><U95/><E66/><N who="0" m="25129" /><D16/><U11/><E59/><V72/><F72/><W134/><G6/><T18/><D18/><U132/><E107/><V30/><F30/><W106/><G4/><T133/><D42/><U37/><E37/><V128/><F112/><W65/><G106/><T78/><D78/><U55/><E55/><V103/><F103/><W90/><G65/><T75/><D75/><U121/><E102/><V57/><F128/><W74/><G74/><T119/><N who="0" m="45170" /><T34/><DORA hai="62" /><D34/><U73/><E121/><V35/><F35/><W29/><G29/><T81/><D81/><U51/><E51/><AGARI ba="0,0" hai="45,46,47,51,52,57,83,85,88,93,94" m="37898" machi="51" ten="30,5800,0" yaku="8,1,54,2" doraHai="129,62" who="2" fromWho="1" sc="284,0,255,-58,196,58,265,0" /><INIT seed="2,1,0,0,3,14" ten="284,197,254,265" oya="2" hai0="123,15,124,64,131,34,116,121,114,38,70,101,118" hai1="36,113,94,85,52,110,125,89,73,102,80,135,50" hai2="41,111,88,108,44,60,11,53,49,16,86,17,62" hai3="87,132,42,4,106,95,26,98,105,63,19,103,9"/><V90/><F90/><W22/><G132/><T1/><RYUUKYOKU type="yao9" ba="1,0" sc="284,0,197,0,254,0,265,0" hai0="1,15,34,38,64,70,101,114,116,118,121,123,124,131" /><INIT seed="2,2,0,5,0,99" ten="284,197,254,265" oya="2" hai0="127,41,2,63,122,121,129,116,102,79,7,51,98" hai1="61,132,65,19,3,105,68,66,17,125,71,128,81" hai2="82,0,24,111,77,133,25,107,88,34,52,59,28" hai3="38,94,27,5,4,47,39,110,10,75,55,64,90"/><V53/><F0/><W49/><G75/><T31/><D116/><U26/><E132/><V57/><F107/><W119/><G110/><T103/><D31/><U35/><E128/><V54/><F133/><W13/><G119/><T130/><D98/><U123/><E123/><N who="0" m="47113" /><D79/><U76/><E125/><V11/><F111/><W9/><G64/><T22/><D63/><U89/><E89/><V45/><F11/><W87/><REACH who="3" step="1"/><G27/><REACH who="3" ten="284,197,254,255" step="2"/><T70/><D129/><U104/><E26/><V91/><F24/><W43/><G43/><T115/><D130/><U40/><E40/><V86/><F45/><W131/><G131/><T16/><D41/><U14/><E35/><V112/><F112/><W118/><G118/><T67/><D115/><U126/><E126/><V50/><REACH who="2" step="1"/><F54/><REACH who="2" ten="284,197,244,255" step="2"/><W74/><G74/><T29/><D127/><U135/><E135/><V73/><F73/><W36/><G36/><T12/><D2/><AGARI ba="2,2" hai="2,4,5,9,10,13,38,39,47,49,55,87,90,94" machi="2" ten="30,7700,0" yaku="1,1,7,1,53,2" doraHai="99" doraHaiUra="1" who="3" fromWho="0" sc="284,-83,197,0,244,0,255,103" /><INIT seed="3,0,0,5,2,12" ten="201,197,244,358" oya="3" hai0="31,61,74,3,41,87,89,8,110,13,18,134,47" hai1="44,51,42,78,129,15,11,76,63,19,130,43,5" hai2="101,50,71,108,98,69,20,115,10,29,96,22,120" hai3="81,53,65,55,68,94,21,75,49,113,57,67,131"/><W72/><G113/><T23/><D74/><U84/><E63/><V9/><F115/><W95/><G68/><T133/><D61/><U0/><E43/><V33/><F50/><W122/><G122/><T106/><D106/><U132/><E132/><N who="0" m="50793" /><D110/><U34/><E34/><V114/><F114/><W90/><G131/><N who="1" m="50186" /><E84/><V118/><F33/><W109/><G109/><T7/><D31/><U80/><E80/><V128/><F128/><W85/><G75/><T32/><D32/><U112/><E112/><V14/><F29/><W127/><G127/><T83/><D41/><U62/><E62/><V91/><F120/><W124/><G124/><T100/><D47/><U1/><E1/><V38/><F108/><W126/><G126/><T58/><D58/><U6/><E6/><V46/><F46/><W104/><G104/><T2/><D100/><U40/><E40/><V73/><F101/><W121/><G121/><T17/><D23/><AGARI ba="0,0" hai="0,5,11,15,19,23,42,44,51,76,78" m="50186" machi="23" ten="30,2000,0" yaku="19,1,52,1" doraHai="12" who="1" fromWho="0" sc="201,-20,197,20,244,0,358,0" /><INIT seed="4,0,0,0,1,102" ten="181,217,244,358" oya="0" hai0="112,51,68,15,113,12,83,3,54,47,49,10,8" hai1="108,37,23,82,76,129,35,78,52,13,126,20,118" hai2="30,28,42,114,91,125,39,9,21,104,107,110,38" hai3="32,69,117,103,25,46,90,48,116,133,0,131,99"/><T70/><D83/><U105/><E118/><V115/><F110/><W31/><G0/><T64/><D3/><U40/><E105/><N who="2" m="40523" /><F9/><N who="0" m="3690" /><D64/><U135/><E108/><V55/><F42/><W85/><G69/><N who="0" m="26731" /><D47/><U95/><E95/><V43/><F43/><W100/><G46/><T61/><D61/><U59/><E37/><N who="2" m="13835" /><F55/><W72/><G116/><T132/><D132/><U33/><E135/><V2/><F2/><W119/><G133/><T57/><D57/><U98/><E59/><V123/><F123/><W7/><G117/><T24/><D24/><U27/><E52/><V92/><F21/><W93/><G119/><T67/><D67/><U29/><E27/><V81/><F81/><W71/><G25/><T65/><D65/><U18/><E82/><V79/><F79/><W50/><G71/><T16/><D54/><U44/><E23/><V53/><F53/><W41/><G41/><T96/><D96/><U128/><E20/><V73/><F73/><W89/><G99/><T121/><D121/><U130/><E98/><N who="2" m="57631" /><F125/><W6/><G48/><N who="0" m="18507" /><D16/><U106/><E126/><V66/><F66/><W101/><G50/><T26/><D26/><U80/><E80/><V75/><F75/><W88/><G72/><T60/><D60/><U120/><E106/><V34/><F28/><W84/><G31/><T63/><D63/><U94/><E29/><V17/><F17/><W62/><G62/><T111/><D111/><U45/><E120/><V5/><F5/><W124/><G6/><T19/><D19/><U22/><E94/><V1/><F1/><W134/><G7/><T86/><D86/><RYUUKYOKU ba="0,0" sc="181,15,217,-15,244,15,358,-15" hai0="12,15,112,113" hai2="30,34,114,115" /><INIT seed="4,1,0,0,2,74" ten="196,202,259,343" oya="0" hai0="81,107,73,55,122,11,132,66,35,57,71,29,134" hai1="44,19,59,47,101,16,39,21,89,104,85,53,8" hai2="87,9,24,62,77,49,58,64,56,38,10,127,80" hai3="15,63,108,18,2,50,125,22,94,114,92,67,45"/><T115/><D107/><U109/><E109/><V54/><F127/><W25/><G108/><T5/><D122/><U91/><E39/><V111/><F111/><W123/><G114/><T86/><D73/><U40/><E40/><V13/><F38/><W129/><G125/><T79/><D115/><U12/><E104/><V82/><F24/><W133/><G133/><N who="0" m="51307" /><D71/><U0/><E101/><V131/><F131/><W116/><G129/><T135/><D66/><U42/><E0/><V88/><F13/><W27/><G2/><N who="0" m="439" /><D35/><U34/><E34/><V61/><F61/><W17/><G116/><T78/><D29/><U95/><E89/><V105/><F105/><W26/><G123/><T37/><D37/><U96/><E42/><V20/><F20/><W30/><G17/><T120/><D120/><U119/><E119/><V84/><AGARI ba="1,0" hai="9,10,49,54,56,58,62,64,77,80,82,84,87,88" machi="84" ten="20,8000,1" yaku="0,1,7,1,8,1,52,1,54,1" doraHai="74" who="2" fromWho="2" sc="196,-41,202,-21,259,83,343,-21" /><INIT seed="5,0,0,2,1,112" ten="155,181,342,322" oya="1" hai0="50,95,123,113,52,56,20,24,103,53,66,3,29" hai1="110,127,85,69,101,79,42,122,132,5,10,115,54" hai2="135,27,116,65,22,100,21,131,114,62,2,99,71" hai3="31,8,134,125,23,88,49,91,38,86,128,74,26"/><U77/><E122/><V40/><F2/><W4/><G38/><T14/><D113/><U81/><E115/><V34/><F114/><W32/><G74/><T118/><D3/><U44/><E69/><V41/><F135/><W47/><G134/><T58/><D123/><U17/><E132/><V39/><F131/><W45/><G128/><T111/><D111/><U37/><E110/><V102/><F102/><W130/><G130/><T126/><D126/><U0/><E127/><V12/><F12/><N who="3" m="5127" /><G32/><T80/><D66/><U97/><E17/><V83/><F83/><N who="3" m="49247" /><G125/><T7/><D80/><U121/><E121/><V30/><F39/><W133/><G133/><T120/><D120/><U67/><E67/><V73/><F73/><W104/><G104/><T36/><D36/><U75/><E54/><V61/><F61/><W107/><G107/><T117/><D14/><U60/><E79/><V87/><F87/><W57/><G91/><T15/><D15/><U1/><E60/><V89/><F89/><W93/><G93/><T46/><D7/><U51/><E1/><V48/><F62/><W6/><G6/><T82/><D82/><U68/><E68/><V63/><F65/><W78/><G78/><T108/><D108/><U94/><REACH who="1" step="1"/><E51/><REACH who="1" ten="155,171,342,322" step="2"/><V33/><F48/><W35/><G35/><T43/><D53/><AGARI ba="0,1" hai="23,26,31,45,47,49,53,57" m="49247,5127" machi="53" ten="30,2000,0" yaku="8,1,54,1" doraHai="112" who="3" fromWho="0" sc="155,-20,171,0,342,0,322,30" /><INIT seed="6,0,0,0,1,93" ten="135,171,342,352" oya="2" hai0="43,89,39,135,35,40,124,107,132,75,49,117,99" hai1="87,36,47,113,127,69,5,78,25,8,32,134,104" hai2="131,125,9,114,7,62,71,79,74,30,59,102,91" hai3="82,29,31,115,123,70,37,85,128,19,65,67,51"/><V48/><F71/><W83/><G37/><T54/><D35/><U90/><E104/><V88/><F102/><W98/><G123/><T116/><D75/><U6/><E69/><V105/><F105/><W63/><G128/><T108/><D108/><U133/><E78/><V55/><F30/><W0/><G0/><T17/><D17/><U100/><E100/><V119/><F119/><N who="0" m="45642" /><D124/><U73/><E73/><V15/><F125/><W12/><G67/><T3/><D3/><U4/><E127/><V21/><F131/><W129/><G129/><T94/><D107/><U61/><E61/><V110/><F110/><W96/><G83/><T101/><D101/><U50/><E36/><V57/><F114/><W14/><G115/><T60/><D60/><U92/><E113/><V56/><F21/><W77/><G51/><T58/><D39/><U10/><E25/><V121/><F121/><W23/><REACH who="3" step="1"/><G12/><REACH who="3" ten="135,171,342,342" step="2"/><T103/><D103/><U118/><E118/><V1/><F1/><W64/><G64/><T86/><D40/><U34/><E134/><N who="0" m="51241" /><D43/><U120/><E133/><V24/><F15/><W130/><G130/><T80/><D80/><U26/><E120/><V41/><F41/><W44/><G44/><T28/><D28/><AGARI ba="0,1" hai="14,19,23,28,29,31,63,65,70,77,82,85,96,98" machi="28" ten="40,5200,0" yaku="1,1,52,2,53,0" doraHai="93" doraHaiUra="112" who="3" fromWho="0" sc="135,-52,171,0,342,0,342,62" /><INIT seed="7,0,0,0,4,23" ten="83,171,342,404" oya="3" hai0="107,11,63,9,43,69,80,49,4,118,62,124,95" hai1="32,47,121,67,52,37,129,86,94,44,76,77,40" hai2="35,134,130,102,128,109,119,30,10,125,85,114,127" hai3="19,6,51,41,111,88,29,59,91,68,117,36,61"/><W27/><G117/><T14/><D107/><U96/><E129/><N who="2" m="49771" /><F102/><W126/><G68/><T71/><D118/><U38/><E32/><V90/><F119/><W104/><G104/><T54/><D80/><U74/><E67/><V81/><F109/><W58/><G36/><T84/><D95/><U34/><E34/><V33/><F114/><W17/><G111/><T131/><D84/><U112/><E112/><V92/><F10/><W73/><G73/><T56/><D14/><U101/><E74/><V116/><F116/><W70/><G70/><T18/><D4/><U79/><E121/><V46/><F46/><N who="3" m="26063" /><G126/><N who="2" m="48137" /><F33/><W113/><G113/><T120/><D131/><U8/><E8/><V55/><F55/><N who="3" m="34015" /><G6/><T64/><D124/><U82/><E52/><V133/><F81/><W45/><G45/><T122/><D43/><AGARI ba="0,0" hai="37,38,40,43,44,47,76,77,79,82,86,94,96,101" machi="43" ten="40,1300,0" yaku="9,1" doraHai="23" who="1" fromWho="0" sc="83,-13,171,13,342,0,404,0" owari="70,-43.0,184,-22.0,342,14.0,404,51.0" /></mjloggm>