<mjloggm ver="2.3"><GO type="41"/><UN n0="%66%75%6E%5F%66%72%69" n1="%E6%9C%AC%E5%A0%82%E6%B2%99%E4%B9%9F%E5%8A%A0" n2="%EF%BC%88%E2%89%A7%E2%96%BD%E2%89%A6%EF%BC%89" n3="%EF%BD%9E%E6%98%A5%E9%A2%A8%EF%BD%9E" dan="15,14,14,14" rate="1939,1919,2053,1907" sx="M,F,M,M"/><TAIKYOKU oya="0"/><INIT seed="0,0,0,1,3,89" ten="250,250,250,250" oya="0" hai0="46,102,28,114,116,34,122,51,110,118,107,24,126" hai1="78,130,52,43,7,63,81,94,60,77,80,69,121" hai2="96,135,67,99,36,68,120,90,23,59,37,70,106" hai3="119,88,72,18,71,53,50,32,104,95,82,84,113"/><T44/><D114/><U86/><E121/><V62/><F120/><W26/><G71/><T123/><D126/><U5/><E43/><V47/><F135/><W56/><G104/><T11/><D46/><U31/><E31/><V93/><F23/><W125/><G125/><T134/><D134/><U8/><E130/><V73/><F73/><W128/><G128/><T57/><D118/><U109/><E109/><V115/><F115/><W9/><G113/><T21/><D34/><U75/><E7/><V6/><F6/><W4/><G119/><T76/><D116/><U61/><E69/><V124/><F124/><W83/><G72/><T101/><D76/><U131/><E131/><V92/><F106/><W19/><G32/><T74/><D74/><U25/><E25/><V87/><F87/><W0/><G19/><T39/><D11/><U58/><REACH who="1" step="1"/><E94/><REACH who="1" step="2"/><V27/><F27/><W54/><G26/><T40/><D123/><U103/><E103/><V111/><F111/><W15/><REACH who="3" step="1"/><G54/><REACH who="3" step="2"/><T64/><D122/><U13/><AGARI ba="0,2" hai="5,8,13,52,58,60,61,63,75,77,78,80,81,86" machi="13" ten="20,8000,1" yaku="1,1,0,1,7,1,54,1,53,1" doraHai="89" doraHaiUra="48" who="1" fromWho="1" sc="250,-40,240,100,250,-20,240,-20" /><INIT seed="1,0,0,0,2,5" ten="210,340,230,220" oya="1" hai0="110,26,87,49,82,60,2,24,105,39,57,90,118" hai1="79,75,77,33,122,94,81,27,64,86,97,0,31" hai2="54,61,83,80,106,58,124,112,67,99,56,123,93" hai3="38,111,65,22,62,69,43,42,100,47,44,23,104"/><U85/><E122/><V1/><F123/><W12/><G111/><T9/><D39/><U17/><E0/><V102/><F124/><W130/><G130/><T113/><D113/><U15/><E64/><V32/><F112/><W29/><G29/><T11/><D118/><U91/><REACH who="1" step="1"/><E79/><REACH who="1" step="2"/><V63/><F1/><W28/><G28/><T3/><D3/><U125/><E125/><V6/><F67/><W89/><G104/><T73/><D2/><U8/><AGARI ba="0,1" hai="8,15,17,27,31,33,75,77,81,85,86,91,94,97" machi="8" ten="20,12000,1" yaku="1,1,0,1,7,1,52,1,53,1" doraHai="5" doraHaiUra="7" who="1" fromWho="1" sc="210,-40,330,130,230,-40,220,-40" /><INIT seed="1,1,0,3,4,93" ten="170,460,190,180" oya="1" hai0="126,4,47,83,25,91,84,36,42,82,6,9,45" hai1="22,129,130,123,38,21,8,89,72,70,132,105,56" hai2="114,120,0,102,29,15,131,80,101,125,48,49,32" hai3="17,1,31,35,98,115,127,39,10,66,124,27,63"/><U75/><E70/><V60/><F0/><W3/><G115/><T95/><D126/><N who="3" m="48169" /><G39/><T12/><D6/><U26/><E38/><V59/><F120/><W55/><G55/><T13/><D13/><U85/><E105/><V94/><F125/><W135/><G135/><T62/><D45/><U76/><E76/><V122/><F122/><W79/><G79/><T5/><D5/><U119/><E8/><V2/><F2/><W77/><G77/><T11/><D11/><U88/><E123/><V97/><F114/><W46/><G46/><T113/><D113/><U44/><E44/><V112/><F112/><W28/><G28/><T68/><D25/><U67/><E132/><V33/><F131/><W106/><G17/><T99/><REACH who="0" step="1"/><D84/><REACH who="0" step="2"/><U117/><E85/><V116/><F15/><W57/><G10/><T111/><D111/><U18/><E26/><V53/><F33/><W86/><G86/><T109/><D109/><U108/><E108/><V78/><F32/><W104/><G3/><T24/><D24/><U14/><E14/><V51/><F29/><W73/><G1/><T74/><D74/><U50/><E75/><V40/><F40/><W103/><G73/><T43/><D43/><U92/><E72/><V16/><F16/><W23/><G35/><T52/><D52/><U134/><E18/><V128/><F53/><W90/><G90/><T41/><D41/><U118/><E89/><V69/><F78/><W61/><G61/><T20/><D20/><U65/><E21/><V87/><F60/><W37/><G37/><T100/><D100/><U81/><E22/><RYUUKYOKU ba="1,1" sc="160,15,460,-15,190,-15,180,15" hai0="4,9,12,36,42,47,62,68,82,83,91,95,99" hai3="23,27,31,57,63,66,98,103,104,106" /><INIT seed="2,2,1,5,2,115" ten="175,445,175,195" oya="2" hai0="100,87,75,92,39,77,28,20,65,3,90,31,38" hai1="99,132,53,93,116,50,68,106,81,4,69,49,71" hai2="96,94,128,51,33,26,102,27,46,45,58,86,110" hai3="30,66,120,107,135,62,6,16,43,25,130,105,89"/><V2/><F2/><W111/><G120/><T97/><D3/><U29/><E106/><V13/><F128/><W64/><G130/><T73/><D73/><U21/><E4/><V41/><F110/><W8/><G111/><T57/><D75/><U76/><E132/><V42/><F33/><W98/><G43/><T7/><D7/><U112/><E112/><V19/><F58/><W37/><G66/><T82/><D77/><U48/><E29/><V56/><F56/><W121/><G37/><T85/><D85/><U78/><E21/><V109/><F86/><W117/><G117/><T60/><D28/><U124/><E116/><V61/><F61/><W95/><G135/><T35/><D35/><U127/><E53/><V134/><F134/><W36/><G36/><T114/><D114/><U67/><E67/><V101/><F101/><W10/><G121/><T14/><D14/><U12/><E12/><V34/><F34/><W5/><G105/><T22/><D22/><U129/><E81/><V84/><F84/><W80/><G107/><T23/><D23/><U47/><E47/><V17/><F109/><W126/><G30/><T59/><REACH who="0" step="1"/><D57/><REACH who="0" step="2"/><U108/><E129/><V74/><F74/><W103/><G5/><T79/><D79/><U9/><E78/><V83/><F19/><W1/><G6/><T118/><D118/><U0/><E76/><V72/><F72/><W55/><G1/><T131/><D131/><U44/><E0/><V88/><F17/><W113/><G16/><T63/><D63/><U40/><E108/><V104/><F13/><W15/><G113/><RYUUKYOKU ba="2,2" sc="165,30,445,-10,175,-10,195,-10" hai0="20,31,38,39,59,60,65,82,87,90,92,97,100" /><INIT seed="3,3,2,3,3,42" ten="195,435,165,185" oya="3" hai0="39,80,130,43,23,76,99,115,60,89,52,113,11" hai1="124,57,104,108,17,91,21,32,83,95,133,72,94" hai2="25,46,93,1,132,100,82,13,63,6,119,116,31" hai3="120,69,73,79,33,112,50,106,61,110,65,78,3"/><W103/><G3/><T66/><D130/><U64/><E32/><V123/><F1/><W88/><G120/><T34/><D34/><U81/><E108/><V5/><F123/><W96/><G112/><T54/><D11/><U0/><E0/><V8/><F132/><W111/><G33/><T74/><D23/><U24/><E124/><V45/><F5/><W37/><G37/><T128/><D89/><U40/><E104/><V134/><F134/><W29/><G29/><T2/><D99/><U15/><E94/><V41/><F82/><W101/><G50/><T28/><D28/><U35/><E35/><V53/><F119/><W70/><G70/><T67/><D67/><U18/><E40/><V68/><F116/><W122/><G122/><T7/><D7/><U16/><E18/><V36/><F68/><W38/><G38/><T129/><D129/><U98/><E72/><V105/><F105/><W125/><G125/><T102/><D102/><U19/><E19/><V58/><F41/><W131/><G131/><T75/><D75/><U117/><E117/><V77/><F36/><W47/><G103/><T62/><D62/><N who="1" m="37967" /><E133/><V30/><F77/><W97/><G73/><T55/><D2/><U71/><E71/><V44/><F25/><W12/><G12/><T56/><D128/><U92/><E95/><V49/><F63/><W26/><G26/><T109/><D109/><N who="3" m="41481" /><G97/><AGARI ba="3,2" hai="6,8,13,30,31,44,45,46,49,53,58,93,97,100" machi="97" ten="40,8000,1" yaku="8,1,52,3" doraHai="42" who="2" fromWho="3" sc="195,0,435,0,165,109,185,-89" /><INIT seed="4,0,0,4,4,127" ten="195,435,274,96" oya="0" hai0="92,24,48,74,97,45,11,104,79,36,56,29,88" hai1="44,34,21,106,114,30,69,70,67,49,78,103,59" hai2="9,105,25,122,6,117,110,52,53,89,128,42,82" hai3="131,96,23,81,15,19,16,116,10,1,41,2,22"/><T38/><D104/><U77/><E114/><V99/><F122/><W58/><G41/><T12/><D79/><U75/><E75/><V35/><F110/><W5/><G58/><T86/><D74/><U55/><E70/><V124/><F124/><W62/><G62/><T87/><D56/><U20/><E77/><V94/><F117/><W54/><G54/><T126/><D36/><U66/><E78/><V98/><F42/><W33/><G81/><T129/><D38/><U43/><E67/><V90/><F105/><W101/><G101/><T91/><D126/><U46/><E46/><V17/><F35/><W72/><G96/><T85/><D24/><N who="1" m="18759" /><E44/><V93/><F82/><W32/><G72/><T133/><D29/><U64/><E64/><V130/><F17/><N who="3" m="10559" /><G131/><N who="2" m="50217" /><F25/><N who="3" m="14567" /><G116/><T73/><D73/><U119/><E43/><V118/><F118/><W3/><G19/><N who="0" m="8607" /><D129/><U115/><E119/><V95/><F94/><W125/><G125/><T50/><D45/><U18/><E66/><V40/><F40/><W31/><G31/><T39/><D39/><U57/><E69/><V76/><F76/><W68/><G68/><T134/><D91/><U61/><E55/><V80/><F80/><W26/><G26/><T4/><D4/><U121/><E121/><V65/><F65/><W120/><G120/><T51/><D97/><U60/><E106/><V102/><F90/><W132/><G132/><N who="0" m="50795" /><D88/><U107/><E107/><V28/><F28/><W135/><G135/><T108/><D92/><U63/><E103/><V7/><F7/><W71/><G71/><T113/><D113/><U111/><E115/><RYUUKYOKU ba="0,0" sc="195,10,435,-30,274,10,96,10" hai0="48,50,51,85,86,87,108" hai2="6,9,52,53,89,93,95,98,99,102" hai3="1,2,3,5,10,32,33" /><INIT seed="4,1,0,5,0,43" ten="205,405,284,106" oya="0" hai0="38,3,72,81,74,116,1,2,134,114,47,73,77" hai1="50,68,51,126,105,12,21,8,20,6,112,67,86" hai2="109,41,78,0,18,125,97,33,133,59,29,26,76" hai3="100,69,128,83,129,96,61,5,108,17,66,135,71"/><T24/><D116/><U25/><E105/><V7/><F109/><W19/><G108/><T60/><D114/><U49/><E112/><V62/><F133/><W123/><G83/><T9/><D134/><U27/><E126/><V91/><F125/><W94/><G135/><T121/><D121/><U79/><E68/><V99/><F41/><W63/><G5/><N who="0" m="1199" /><D24/><N who="1" m="9291" /><E67/><V54/><F18/><W37/><G37/><T14/><D14/><U11/><E8/><V95/><F0/><W46/><G123/><T120/><D60/><U52/><E86/><V118/><F7/><W22/><G22/><N who="1" m="8810" /><E79/><V111/><F111/><W124/><G124/><T93/><D93/><U132/><E132/><V102/><F118/><W30/><G66/><T107/><D120/><U28/><E28/><V98/><F98/><W130/><G46/><AGARI ba="1,0" hai="6,11,12,46,49,50,51,52" m="8810,9291" machi="46" ten="30,3900,0" yaku="8,1,52,1,54,1" doraHai="43" who="1" fromWho="3" sc="205,0,405,42,284,0,106,-42" /><INIT seed="5,0,0,1,2,88" ten="205,447,284,64" oya="1" hai0="87,122,101,68,74,35,50,16,115,21,73,57,33" hai1="10,106,23,34,84,70,40,118,25,18,32,132,67" hai2="119,44,94,127,62,81,83,131,65,60,45,39,109" hai3="48,135,30,107,77,96,91,90,117,56,8,110,98"/><U92/><E118/><V111/><F119/><W15/><G30/><T19/><D68/><U49/><E106/><V1/><F1/><W61/><G117/><T43/><D115/><U5/><E132/><V59/><F131/><W75/><G135/><T104/><D122/><U51/><E70/><V2/><F2/><W125/><G48/><T52/><D19/><U4/><E67/><V71/><F127/><W102/><G125/><T37/><D104/><U126/><E126/><V0/><F0/><W76/><G110/><T26/><D33/><U24/><E10/><V103/><F39/><W100/><G75/><T123/><D123/><U108/><E108/><V54/><F111/><W66/><G91/><T9/><D9/><U128/><E128/><V55/><F109/><W27/><G90/><T69/><D69/><U14/><E34/><V133/><F133/><W6/><REACH who="3" step="1"/><G27/><REACH who="3" step="2"/><T99/><D74/><U112/><E25/><V120/><F120/><W12/><G12/><T78/><D73/><U17/><E14/><V95/><F62/><W105/><AGARI ba="0,1" hai="6,8,15,56,61,66,76,77,96,98,100,102,105,107" machi="105" ten="20,5200,0" yaku="1,1,0,1,7,1,9,1,53,0" doraHai="88" doraHaiUra="42" who="3" fromWho="3" sc="205,-13,447,-26,284,-13,54,62" /><INIT seed="6,0,0,2,3,89" ten="192,421,271,116" oya="2" hai0="104,62,31,30,130,74,42,0,117,114,56,1,47" hai1="70,90,46,126,68,53,9,63,26,48,134,112,102" hai2="106,52,8,40,78,58,115,110,80,92,36,67,123" hai3="124,135,84,111,98,39,57,66,116,43,105,132,65"/><V120/><F106/><W28/><G28/><T25/><D74/><U103/><E134/><V127/><F127/><W119/><G84/><T81/><D117/><U22/><E112/><V18/><F115/><W13/><G13/><T83/><D114/><U35/><E35/><V34/><F34/><W24/><G24/><T91/><D30/><U14/><E90/><V118/><F118/><W54/><G98/><T125/><D125/><U44/><E126/><V101/><F67/><N who="3" m="25611" /><G105/><T17/><D104/><U38/><E70/><V88/><F101/><W69/><G69/><T20/><D130/><U7/><E68/><V21/><F8/><W79/><G79/><T55/><D31/><U133/><E133/><N who="3" m="51274" /><G124/><T32/><D32/><U128/><E128/><V10/><F10/><W86/><G86/><T12/><D12/><U23/><E23/><V27/><F110/><W95/><G95/><T72/><D72/><U85/><E85/><V108/><F108/><W37/><G111/><T41/><D0/><U59/><E103/><V93/><F78/><W94/><G94/><N who="2" m="36457" /><F80/><W29/><G29/><T33/><D1/><U61/><E102/><V15/><F88/><W75/><G75/><T131/><D33/><U51/><E9/><V5/><F15/><W96/><G96/><T99/><D81/><U100/><E14/><V113/><F5/><W64/><N who="3" m="25619" /><W4/><DORA hai="82" /><G4/><T60/><D83/><U16/><E7/><V87/><F87/><W2/><G2/><T97/><D91/><U49/><E100/><V45/><F113/><W121/><G39/><T73/><D73/><RYUUKYOKU ba="0,0" sc="192,-10,421,-10,271,30,116,-10" hai2="18,21,27,36,40,45,52,58,120,123" /><INIT seed="6,1,0,0,4,93" ten="182,411,301,106" oya="2" hai0="17,24,76,40,128,69,70,85,91,131,42,38,15" hai1="53,132,114,68,89,72,32,78,65,52,43,37,115" hai2="121,94,62,135,120,44,36,95,124,99,2,96,30" hai3="102,75,58,22,35,27,33,9,16,73,13,8,71"/><V110/><F2/><W6/><G71/><T49/><D38/><U77/><E32/><N who="3" m="12362" /><G58/><T11/><D76/><U39/><E132/><V127/><F30/><N who="3" m="17783" /><G102/><T14/><D24/><U51/><E89/><N who="2" m="55375" /><F135/><W29/><G75/><T112/><D69/><U113/><E72/><V86/><F62/><W123/><G73/><T104/><D104/><U129/><E77/><V41/><F110/><W126/><G126/><N who="2" m="48169" /><F86/><W34/><G123/><T66/><D70/><U79/><E78/><V56/><F56/><W50/><G50/><T60/><D66/><U23/><E79/><V134/><F134/><W97/><G97/><T67/><D60/><N who="1" m="39975" /><E23/><V87/><F87/><W92/><G92/><T116/><D67/><U57/><E53/><V12/><F12/><N who="3" m="7175" /><G34/><T130/><D42/><U4/><E4/><V5/><F5/><W133/><G133/><T21/><D40/><U88/><E88/><AGARI ba="1,0" hai="36,41,44,88,95,99,120,121" m="48169,55375" machi="88" ten="30,11600,0" yaku="18,1,52,2,54,1" doraHai="93" who="2" fromWho="1" sc="182,0,411,-119,301,119,106,0" /><INIT seed="6,2,0,1,0,101" ten="182,292,420,106" oya="2" hai0="118,127,54,40,74,62,125,25,49,41,106,33,17" hai1="32,116,94,70,2,47,105,16,130,37,55,64,114" hai2="91,3,7,68,13,11,4,95,12,15,123,10,14" hai3="52,31,65,98,21,90,126,44,60,9,43,58,132"/><V24/><F123/><W77/><G132/><T128/><D74/><U5/><E32/><V22/><F68/><W108/><G108/><T28/><D118/><U99/><E70/><V38/><F38/><W18/><G126/><T75/><D75/><U63/><E64/><V85/><F13/><W124/><G77/><T107/><D128/><U87/><E130/><V135/><F135/><W26/><G124/><N who="0" m="47691" /><D17/><AGARI ba="2,0" hai="3,4,7,10,11,12,14,15,17,22,24,85,91,95" machi="17" ten="30,1500,0" yaku="7,1" doraHai="101" who="2" fromWho="0" sc="182,-21,292,0,420,21,106,0" /><INIT seed="6,3,0,2,5,71" ten="161,292,441,106" oya="2" hai0="10,128,6,24,54,12,67,110,31,8,45,46,99" hai1="104,40,135,16,0,106,51,58,22,61,83,74,115" hai2="73,78,117,122,132,20,65,3,105,98,64,56,101" hai3="66,47,100,35,89,50,77,123,21,79,87,134,91"/><V116/><F3/><W43/><G134/><T53/><D110/><U102/><E135/><V88/><F132/><W11/><G35/><T7/><D128/><U62/><E0/><V28/><F122/><W15/><G100/><T112/><D112/><U108/><E108/><V75/><F75/><W69/><G123/><T57/><D99/><U18/><E102/><V23/><F73/><W9/><G91/><T48/><D67/><U41/><E115/><V29/><F78/><W86/><G79/><T26/><D31/><U103/><E103/><V133/><F133/><W1/><G66/><T90/><D90/><U49/><E74/><V2/><F2/><W84/><G69/><T129/><D129/><U114/><E114/><V63/><F65/><W81/><G1/><T52/><D57/><U85/><E106/><V39/><F28/><W44/><G87/><T30/><D30/><U36/><E104/><V27/><F20/><W5/><G47/><N who="0" m="17931" /><D48/><U95/><E22/><V97/><F97/><W34/><G34/><T25/><D12/><U60/><E51/><V126/><F98/><W76/><G76/><T70/><D70/><U33/><E49/><V107/><F105/><W55/><G55/><T59/><D59/><U131/><E58/><V127/><F107/><W4/><G21/><T92/><D92/><U72/><E95/><V17/><F23/><W124/><G124/><T125/><D125/><U118/><E131/><V82/><F127/><W32/><G32/><T130/><D130/><U120/><E33/><V38/><F126/><W121/><G121/><T19/><D19/><RYUUKYOKU ba="3,0" sc="161,30,292,-10,441,-10,106,-10" hai0="6,7,8,10,24,25,26,52,53,54" /><INIT seed="7,4,0,1,1,119" ten="191,282,431,96" oya="3" hai0="110,127,73,65,7,33,134,81,95,123,64,58,4" hai1="118,55,70,112,132,116,41,10,96,40,9,104,45" hai2="29,30,87,3,21,115,126,88,89,50,78,8,107" hai3="18,79,76,15,59,51,36,90,97,17,105,56,14"/><W92/><G105/><T13/><D33/><U77/><E77/><V16/><F107/><W135/><G135/><T85/><D110/><U63/><E104/><V46/><F115/><W31/><G31/><T101/><D134/><U1/><E1/><V19/><F126/><W84/><G36/><T12/><D127/><U28/><E132/><V86/><F3/><W54/><G59/><T35/><D35/><U0/><E0/><V2/><F2/><W42/><G97/><T94/><D73/><U5/><E5/><N who="0" m="2121" /><D101/><U57/><E28/><V108/><F108/><W37/><G37/><T43/><D43/><U103/><E103/><V91/><F30/><W66/><G66/><N who="0" m="25707" /><D58/><U20/><E112/><V117/><F29/><W128/><G128/><T75/><D75/><U27/><E96/><V32/><F50/><W72/><G42/><T124/><D124/><U44/><E70/><V71/><F71/><W109/><G72/><T98/><D98/><U53/><E27/><V38/><F91/><W80/><G80/><T83/><D85/><U130/><E130/><V11/><F89/><W23/><G109/><T34/><D34/><U111/><E111/><V48/><F32/><W61/><G61/><T52/><D52/><U120/><E55/><V69/><F78/><W122/><G122/><T114/><D114/><U106/><E120/><V113/><F113/><W102/><G102/><T125/><D125/><U68/><E118/><V67/><F117/><W39/><G39/><T100/><D100/><U22/><E116/><V62/><F38/><W25/><G25/><T129/><D123/><RYUUKYOKU ba="4,0" sc="191,-10,282,-10,431,-10,96,30" hai3="14,15,17,18,23,51,54,56,76,79,84,90,92" /><INIT seed="7,5,0,0,5,104" ten="181,272,421,126" oya="3" hai0="27,58,38,76,67,95,55,69,117,44,54,113,72" hai1="15,98,19,126,37,97,129,79,109,9,132,28,70" hai2="64,92,62,52,90,21,86,91,49,75,82,33,32" hai3="84,127,10,119,131,68,85,59,25,89,96,112,4"/><W135/><G119/><T100/><D117/><U105/><E70/><V123/><F123/><W26/><G68/><T125/><D125/><U102/><E109/><V53/><F75/><W65/><G127/><T101/><D113/><U3/><E129/><V121/><F121/><W133/><G131/><T41/><D27/><N who="3" m="10249" /><G112/><T6/><D6/><U115/><E132/><N who="3" m="50762" /><G65/><T2/><D2/><U73/><E115/><V77/><F33/><W94/><G59/><T34/><D34/><U99/><E37/><V16/><F32/><W22/><G22/><T39/><D39/><U106/><E3/><AGARI ba="5,0" hai="3,4,10,84,85,89,94,96" m="50762,10249" machi="3" ten="30,1500,0" yaku="20,1" doraHai="104" who="3" fromWho="1" sc="181,0,272,-30,421,0,126,30" /><INIT seed="7,6,0,0,2,44" ten="181,242,421,156" oya="3" hai0="95,127,25,3,84,114,82,101,133,98,45,126,104" hai1="1,129,81,65,75,111,0,8,91,90,120,94,28" hai2="47,118,83,23,16,52,122,31,42,110,29,117,54" hai3="115,89,69,68,107,58,21,10,64,41,134,63,96"/><W24/><G115/><T32/><D3/><U9/><E111/><V56/><F110/><W119/><G119/><T62/><D62/><U78/><E65/><V37/><F122/><W72/><G72/><T128/><D25/><U59/><E120/><V108/><F108/><W102/><G134/><T88/><D45/><U26/><E129/><V125/><F125/><N who="0" m="47626" /><D32/><U124/><E124/><V36/><F36/><W6/><G41/><T18/><D18/><U74/><E74/><V113/><F113/><W14/><REACH who="3" step="1"/><G89/><REACH who="3" step="2"/><N who="0" m="51351" /><D114/><U79/><E91/><V4/><F118/><W71/><G71/><T131/><D133/><U57/><E75/><V76/><F117/><W15/><G15/><T132/><D132/><U40/><E0/><V121/><F121/><W112/><G112/><T48/><D48/><U66/><E1/><V77/><F42/><W27/><G27/><T61/><D61/><U7/><E40/><V105/><F37/><W116/><G116/><T123/><D123/><U50/><E26/><V130/><F130/><W2/><G2/><T70/><D70/><U49/><E7/><V38/><F4/><W51/><G51/><T17/><D17/><AGARI ba="6,1" hai="6,10,14,17,21,24,58,63,64,68,69,96,102,107" machi="17" ten="30,5800,0" yaku="1,1,7,1,53,1" doraHai="44" doraHaiUra="99" who="3" fromWho="0" sc="181,-76,242,0,421,0,146,86" /><INIT seed="7,7,0,5,4,113" ten="105,242,421,232" oya="3" hai0="98,132,8,126,40,50,38,108,101,46,99,128,93" hai1="54,60,3,45,86,35,16,129,10,58,121,91,56" hai2="14,0,120,65,44,7,32,29,70,79,81,34,109" hai3="116,17,69,39,77,20,66,9,15,30,49,112,115"/><W106/><G106/><T104/><D8/><U73/><E73/><V24/><F109/><W80/><G39/><T5/><D5/><U25/><E129/><V88/><F120/><W95/><G95/><T76/><D50/><U27/><E121/><V21/><F44/><W125/><G125/><T37/><D46/><U110/><E110/><V33/><F88/><W124/><G124/><T133/><D40/><U18/><E35/><V100/><F100/><W114/><G49/><T28/><D28/><U53/><E45/><V94/><F94/><W84/><G66/><T42/><D42/><U83/><E3/><V51/><F51/><W2/><G69/><T72/><D37/><U64/><E64/><V87/><F65/><W67/><G67/><T134/><D38/><U75/><E75/><V47/><F47/><W119/><G30/><T127/><D108/><U41/><E41/><V59/><F59/><W107/><G107/><T89/><D128/><U52/><E18/><N who="2" m="10455" /><F70/><W26/><REACH who="3" step="1"/><G2/><REACH who="3" step="2"/><T62/><D62/><N who="1" m="36103" /><E54/><V103/><F103/><W48/><G48/><T105/><D104/><U97/><E97/><V23/><F29/><W55/><G55/><T96/><D99/><U74/><E74/><V6/><F0/><W102/><G102/><T1/><D1/><U43/><E43/><V57/><F81/><W123/><G123/><T11/><D11/><U63/><E63/><V122/><F122/><W90/><G90/><T92/><D105/><U12/><AGARI ba="7,1" hai="10,12,16,25,27,53,58,60,83,86,91" m="36103" machi="12" ten="30,4000,0" yaku="8,1,54,2" doraHai="113" who="1" fromWho="1" sc="105,-17,242,71,421,-17,222,-27" owari="88,-41.0,313,11.0,404,50.0,195,-20.0" /></mjloggm>