<mjloggm ver="2.3"><GO type="169"/><UN n0="%E9%81%8A%E8%B5%B0" n1="%EF%BC%88%E2%89%A7%E2%96%BD%E2%89%A6%EF%BC%89" n2="%E3%81%AF%E3%81%90%E3%82%8C%E3%83%9F%E3%83%B3%E3%83%88" n3="%E3%83%9C%E3%83%84" dan="16,18,16,17" rate="2044,2207,2045,2172" sx="F,M,F,M"/><TAIKYOKU oya="0"/><INIT seed="0,0,0,1,4,39" ten="250,250,250,250" oya="0" hai0="66,99,11,43,24,59,14,72,113,120,57,30,92" hai1="7,109,76,133,127,130,51,86,22,53,95,96,54" hai2="131,26,17,58,4,67,79,34,36,80,2,84,121" hai3="128,56,123,106,88,5,118,78,23,27,116,91,55"/><T48/><D72/><U112/><E112/><V16/><F121/><W33/><G106/><T98/><D120/><U46/><E109/><V1/><F131/><W0/><G33/><T90/><D113/><U83/><E130/><V13/><F36/><W70/><G70/><T21/><D98/><U135/><E127/><V110/><F110/><W64/><G64/><T32/><D32/><U8/><E22/><V94/><F34/><W19/><G123/><T10/><D66/><U68/><E68/><V126/><F126/><W49/><G128/><T134/><D134/><U52/><E133/><V15/><F26/><W41/><G78/><T104/><D104/><U108/><E108/><V102/><F4/><W122/><G122/><T132/><D132/><U103/><REACH who="1" step="1"/><E135/><REACH who="1" ten="250,240,250,250" step="2"/><V60/><F2/><AGARI ba="0,1" hai="2,7,8,46,51,52,53,54,76,83,86,95,96,103" machi="2" ten="30,7700,0" yaku="1,1,2,1,7,1,54,1,53,0" doraHai="39" doraHaiUra="87" who="1" fromWho="2" sc="250,0,240,87,250,-77,250,0" /><INIT seed="1,0,0,1,0,60" ten="250,327,173,250" oya="1" hai0="128,123,89,6,118,108,100,79,84,125,107,72,134" hai1="96,120,13,110,95,34,39,54,8,48,76,51,57" hai2="114,130,18,91,5,106,113,133,115,121,102,94,71" hai3="27,90,111,105,49,103,25,65,126,16,56,98,20"/><U4/><E120/><V59/><F71/><W40/><G111/><T7/><D118/><U73/><E39/><V93/><F121/><W22/><G126/><T80/><D123/><U55/><E34/><V12/><F133/><W35/><G35/><T132/><D125/><U0/><E110/><V124/><F124/><W42/><G90/><T41/><D108/><U66/><E0/><V30/><F130/><W69/><G69/><T97/><D41/><U50/><E76/><V2/><F30/><W43/><G49/><T52/><D128/><U88/><E73/><V85/><F106/><W77/><G77/><T14/><D14/><U15/><E13/><V53/><F2/><W99/><G99/><T11/><D11/><U21/><E21/><V23/><F5/><W9/><G9/><T70/><D70/><U37/><E37/><V129/><F129/><W63/><REACH who="3" step="1"/><G42/><REACH who="3" ten="250,327,173,240" step="2"/><T74/><D134/><U131/><E131/><V28/><F102/><W33/><G33/><T75/><D132/><U64/><REACH who="1" step="1"/><E50/><REACH who="1" ten="250,317,173,240" step="2"/><V104/><F115/><W38/><G38/><T36/><D36/><U78/><E78/><V127/><F114/><W67/><G67/><T117/><D79/><U45/><AGARI ba="0,2" hai="4,8,15,45,48,51,54,55,57,64,66,88,95,96" machi="45" ten="20,18000,2" yaku="1,1,0,1,7,1,8,1,52,2,54,1,53,0" doraHai="60" doraHaiUra="81" who="1" fromWho="1" sc="250,-60,317,200,173,-60,240,-60" /><INIT seed="1,1,0,0,2,100" ten="190,517,113,180" oya="1" hai0="70,74,57,19,86,111,12,49,124,116,16,27,64" hai1="83,56,68,122,3,63,41,97,5,77,131,133,58" hai2="54,48,4,128,117,123,32,62,42,6,135,96,39" hai3="103,75,109,24,125,36,73,67,9,11,90,87,89"/><U71/><E122/><V45/><F117/><W92/><G36/><T76/><D116/><U118/><E118/><V107/><F123/><W15/><G109/><T2/><D2/><U0/><E133/><V29/><F128/><W52/><G67/><T105/><D74/><U40/><E131/><V84/><F135/><W114/><G114/><T14/><D111/><U79/><E97/><V80/><F62/><W31/><G103/><T23/><D70/><U13/><E13/><V112/><F112/><W46/><G90/><T108/><D108/><U20/><E20/><V93/><F29/><W25/><G9/><T59/><D105/><U72/><E5/><V28/><F28/><W91/><G91/><T21/><D124/><U129/><E83/><V78/><F32/><W104/><G24/><T106/><D106/><U44/><E72/><V65/><F65/><W98/><G98/><T1/><D1/><U81/><E81/><V7/><F107/><W85/><G85/><T95/><D27/><U82/><E82/><V60/><F60/><W35/><G104/><T120/><D120/><U10/><E129/><V53/><REACH who="2" step="1"/><F39/><REACH who="2" ten="190,517,103,180" step="2"/><W110/><G110/><T17/><D64/><U101/><E63/><V99/><F99/><W61/><G61/><T94/><D19/><U134/><E68/><V126/><F126/><W130/><G125/><T18/><D18/><U119/><E71/><V26/><F26/><W55/><G130/><T33/><D33/><U38/><E134/><V47/><F47/><W34/><G34/><T115/><D115/><U127/><E127/><V113/><F113/><RYUUKYOKU ba="1,1" sc="190,-10,517,-10,103,30,180,-10" hai2="4,6,7,42,45,48,53,54,78,80,84,93,96" /><INIT seed="2,2,1,5,1,55" ten="180,507,133,170" oya="2" hai0="86,54,122,102,123,8,16,24,43,9,108,68,57" hai1="21,39,37,90,38,113,89,66,121,42,0,111,128" hai2="94,131,27,133,52,125,98,88,41,97,82,95,69" hai3="18,2,26,99,75,20,120,23,59,51,14,76,6"/><V106/><F69/><W4/><G120/><T62/><D108/><U127/><E0/><V50/><F106/><W29/><G75/><T11/><D68/><U74/><E74/><V58/><F131/><W81/><G81/><T19/><D122/><U61/><E113/><V100/><F133/><W103/><G76/><T17/><D123/><U83/><E121/><V5/><F125/><W53/><REACH who="3" step="1"/><G2/><REACH who="3" ten="180,507,133,160" step="2"/><T13/><D102/><U117/><E83/><V130/><F130/><W92/><AGARI ba="2,2" hai="4,6,14,18,20,23,26,29,51,53,59,92,99,103" machi="92" ten="20,12000,2" yaku="1,1,2,1,0,1,7,1,8,1,52,1,53,0" doraHai="55" doraHaiUra="71" who="3" fromWho="3" sc="180,-32,507,-32,133,-62,160,146" /><INIT seed="3,0,0,5,3,120" ten="148,475,71,306" oya="3" hai0="38,59,125,55,88,33,107,113,86,75,15,83,69" hai1="127,95,128,122,5,78,29,26,53,3,52,17,129" hai2="85,121,63,8,106,112,43,87,116,27,73,135,48" hai3="93,132,32,18,104,45,22,36,81,115,98,41,130"/><W100/><G32/><T42/><D69/><U134/><E134/><V56/><F112/><W2/><G132/><T35/><D113/><U60/><E122/><V51/><F135/><W109/><G2/><T7/><D107/><U23/><E127/><V96/><F121/><W31/><G31/><T108/><D125/><U65/><E78/><V90/><F73/><W71/><G71/><T77/><D108/><U124/><E124/><V118/><F8/><W89/><G130/><N who="1" m="50282" /><E95/><V62/><F27/><W13/><G115/><T11/><D42/><U70/><E29/><V0/><F106/><W82/><REACH who="3" step="1"/><G109/><REACH who="3" ten="148,475,71,296" step="2"/><T126/><D126/><U72/><E70/><V66/><F0/><W20/><G20/><T25/><D35/><U39/><E23/><V131/><F118/><W97/><AGARI ba="0,1" hai="13,18,22,36,41,45,81,82,89,93,97,98,100,104" machi="97" ten="20,12000,1" yaku="1,1,0,1,7,1,53,2" doraHai="120" doraHaiUra="76" who="3" fromWho="3" sc="148,-40,475,-40,71,-40,296,130" /><INIT seed="3,1,0,3,2,118" ten="108,435,31,426" oya="3" hai0="96,8,17,87,116,48,14,41,79,119,44,129,52" hai1="56,99,32,59,10,128,92,6,125,91,0,72,22" hai2="134,38,64,54,123,50,94,49,109,75,83,16,135" hai3="103,27,2,19,58,110,23,108,60,28,45,77,130"/><W53/><G2/><T132/><D129/><U3/><E72/><V88/><F38/><W105/><G130/><T133/><D96/><U76/><E32/><V24/><F109/><N who="3" m="42091" /><G77/><T97/><D97/><U40/><E0/><V31/><F64/><W78/><G78/><T126/><D126/><U21/><E128/><V39/><F39/><W33/><G45/><T120/><D120/><U68/><E68/><V7/><F123/><W113/><G113/><T12/><D12/><U124/><E40/><V70/><F70/><W42/><G42/><T26/><D26/><U34/><E34/><V131/><F131/><W9/><G9/><T36/><D87/><U30/><E76/><V4/><F75/><W25/><G103/><T1/><D1/><U93/><E124/><V67/><F67/><W43/><G43/><T106/><D79/><U81/><E125/><V29/><F83/><W20/><G20/><T114/><D114/><U95/><E81/><V62/><F135/><N who="0" m="51786" /><D106/><AGARI ba="1,0" hai="19,23,25,27,28,33,53,58,60,105,106" m="42091" machi="106" ten="30,2900,0" yaku="14,1,10,1" doraHai="118" who="3" fromWho="0" sc="108,-32,435,0,31,0,426,32" /><INIT seed="3,2,0,0,2,39" ten="76,435,31,458" oya="3" hai0="33,44,17,51,41,67,34,53,99,108,121,65,116" hai1="124,107,115,88,22,7,102,61,27,58,11,19,52" hai2="128,3,135,63,94,18,77,126,43,132,103,32,122" hai3="89,0,85,112,74,92,78,6,80,87,123,50,20"/><W86/><G123/><T10/><D121/><U117/><E115/><V97/><F122/><W70/><G70/><T62/><D116/><U91/><E117/><V105/><F126/><W90/><G112/><T25/><D108/><U75/><E75/><V106/><F128/><W40/><G0/><T83/><D83/><U133/><E124/><V56/><F3/><W114/><G114/><T84/><D84/><U54/><E133/><N who="2" m="51275" /><F32/><W101/><G6/><T110/><D110/><U66/><E102/><V130/><F130/><W38/><G38/><T127/><D127/><U31/><E107/><N who="2" m="40971" /><F77/><W125/><G125/><T113/><D113/><U47/><E31/><V48/><F18/><W46/><G20/><T21/><D99/><U26/><E26/><V5/><F5/><W82/><G101/><T81/><D81/><U118/><E118/><V131/><F131/><W79/><G74/><T14/><D33/><U55/><REACH who="1" step="1"/><E47/><REACH who="1" ten="76,425,31,458" step="2"/><N who="2" m="25727" /><F56/><W2/><G2/><AGARI ba="2,1" hai="2,7,11,19,22,27,52,54,55,58,61,66,88,91" machi="2" ten="40,5200,0" yaku="1,1,54,2,53,0" doraHai="39" doraHaiUra="30" who="1" fromWho="3" sc="76,0,425,68,31,0,458,-58" /><INIT seed="4,0,0,2,0,118" ten="76,493,31,400" oya="0" hai0="111,72,105,96,27,30,91,129,36,55,67,99,86" hai1="132,78,42,135,126,82,116,80,59,131,98,23,24" hai2="19,17,46,14,39,134,57,109,2,45,3,87,6" hai3="92,64,29,25,121,50,76,84,37,93,104,133,100"/><T71/><D72/><U61/><E42/><V7/><F109/><W77/><G37/><T9/><D36/><U70/><E70/><V0/><F134/><N who="1" m="51241" /><E131/><V83/><F57/><W49/><G133/><T66/><D129/><U12/><E126/><V97/><F97/><W47/><G64/><T4/><D111/><U101/><E12/><V73/><F73/><W15/><G104/><T58/><D71/><U88/><E78/><V43/><F45/><W115/><G115/><T8/><D105/><N who="1" m="63671" /><E88/><V122/><F122/><W110/><G15/><T114/><D99/><U94/><E94/><V44/><F44/><W33/><G93/><T18/><D96/><U123/><E123/><V120/><F120/><W41/><G121/><T69/><D69/><U89/><E89/><V107/><F107/><W52/><G110/><T11/><D114/><U40/><E40/><V119/><F119/><W68/><G68/><T53/><D4/><U124/><E124/><V106/><F106/><W56/><G100/><T127/><D127/><U62/><E62/><V90/><REACH who="2" step="1"/><F14/><REACH who="2" ten="76,493,21,400" step="2"/><W26/><G92/><T54/><D58/><U48/><E116/><V81/><F81/><W112/><G112/><T51/><D51/><U63/><E48/><V65/><F65/><W22/><REACH who="3" step="1"/><G84/><REACH who="3" ten="76,493,21,390" step="2"/><T16/><D67/><N who="1" m="39359" /><E63/><V130/><F130/><W10/><G10/><T103/><D66/><U38/><E38/><V31/><F31/><AGARI ba="0,2" hai="23,24,31,80,82" m="39359,63671,51241" machi="31" ten="30,1000,0" yaku="20,1" doraHai="118" who="1" fromWho="2" sc="76,0,493,30,21,-10,390,0" /><INIT seed="5,0,0,1,1,81" ten="76,523,11,390" oya="1" hai0="1,127,27,94,91,55,75,7,35,105,132,2,9" hai1="71,47,77,115,48,23,83,63,88,12,82,90,74" hai2="100,61,16,59,38,135,104,43,13,26,122,129,116" hai3="11,15,25,53,111,84,103,96,68,42,70,118,72"/><U6/><E82/><V40/><F116/><W5/><G72/><T92/><D105/><U39/><E39/><V46/><F122/><W36/><G111/><T56/><D75/><U8/><E115/><V20/><F129/><W85/><G118/><T17/><D132/><U33/><E33/><V114/><F135/><W60/><G25/><T109/><D109/><U29/><E71/><V14/><F114/><W66/><G68/><T50/><D127/><U21/><E63/><V128/><F128/><W45/><REACH who="3" step="1"/><G53/><REACH who="3" ten="76,523,11,380" step="2"/><T87/><D27/><U73/><E73/><V58/><F43/><W4/><G4/><T119/><D119/><U10/><E6/><V80/><F80/><W67/><G67/><T108/><D108/><U18/><E83/><V112/><F112/><W69/><G69/><T98/><D35/><U131/><E74/><V101/><F59/><W130/><G130/><T54/><D54/><U89/><E131/><V121/><F121/><W113/><G113/><T32/><D32/><U125/><E125/><V76/><F76/><W133/><G133/><T95/><D7/><U41/><E77/><V120/><F120/><W123/><G123/><T65/><D65/><U30/><E41/><V34/><F34/><W57/><G57/><T102/><D1/><U78/><E78/><V64/><REACH who="2" step="1"/><F104/><REACH who="2" ten="76,523,1,380" step="2"/><W126/><G126/><T107/><D2/><U134/><E134/><V0/><F0/><W37/><G37/><T93/><D107/><U62/><E12/><AGARI ba="0,2" hai="12,13,14,16,20,26,38,40,46,58,61,64,100,101" machi="12" ten="40,8000,1" yaku="1,1,54,1,53,2" doraHai="81" doraHaiUra="97" who="2" fromWho="1" sc="76,0,523,-80,1,100,380,0" /><AGARI ba="0,0" hai="9,12,17,50,55,56,87,91,92,93,94,95,98,102" machi="12" ten="40,2600,0" yaku="8,1,52,1" doraHai="81" who="0" fromWho="1" sc="76,26,443,-26,101,0,380,0" /><INIT seed="6,0,0,1,1,21" ten="102,417,101,380" oya="2" hai0="15,100,24,126,56,0,107,124,37,104,135,99,70" hai1="88,130,42,20,5,96,111,28,16,121,134,39,83" hai2="79,129,40,45,65,30,114,6,11,14,92,43,90" hai3="122,35,119,123,118,25,22,62,91,117,133,31,50"/><V2/><F114/><W57/><G133/><T4/><D135/><U54/><E111/><V76/><F129/><W8/><G50/><T105/><D70/><U34/><E134/><V81/><F65/><W120/><G91/><T75/><D75/><U116/><E116/><V53/><F2/><W93/><G93/><T95/><D37/><U86/><E130/><V98/><F30/><W87/><G87/><T102/><D0/><U128/><E128/><V12/><F12/><W60/><G8/><T113/><D113/><U125/><E121/><V3/><F3/><W64/><REACH who="3" step="1"/><G62/><REACH who="3" ten="102,417,101,370" step="2"/><T84/><D84/><U48/><E48/><N who="2" m="28815" /><F81/><W68/><G68/><T82/><D82/><U38/><E83/><V69/><F69/><W51/><G51/><T85/><D85/><U17/><E86/><V94/><F94/><W67/><G67/><T10/><D102/><U132/><E132/><V112/><F112/><W66/><G66/><T19/><D56/><U58/><E58/><V49/><F49/><W108/><G108/><T32/><D104/><U63/><E63/><V77/><AGARI ba="0,1" hai="6,11,14,40,43,76,77,79,90,92,98" m="28815" machi="77" ten="30,1500,0" yaku="8,1" doraHai="21" who="2" fromWho="2" sc="102,-5,417,-5,101,25,370,-5" /><INIT seed="6,1,0,5,5,36" ten="97,412,126,365" oya="2" hai0="132,96,46,20,124,8,47,120,101,112,43,93,131" hai1="98,30,95,77,32,21,107,108,125,66,69,9,76" hai2="84,19,4,35,51,87,67,28,12,40,88,33,2" hai3="42,10,114,122,27,3,7,90,53,109,71,57,75"/><V129/><F129/><W86/><G109/><T17/><D120/><U62/><E108/><V55/><F40/><W56/><G71/><T60/><D131/><U38/><E125/><V73/><F73/><W135/><G122/><T133/><D124/><U103/><E38/><V68/><F87/><W111/><G75/><T89/><D112/><U5/><E21/><V16/><F2/><W23/><G135/><N who="0" m="51787" /><D47/><U91/><E91/><V118/><F118/><W115/><G111/><T25/><D60/><U13/><E95/><V134/><F134/><W117/><G117/><T104/><D8/><U59/><E59/><V45/><F4/><W78/><G53/><T110/><D110/><U50/><E50/><V74/><F74/><W37/><G78/><T1/><D1/><U54/><E54/><V14/><F28/><W44/><G23/><T72/><D72/><U65/><E65/><V63/><F19/><W52/><G27/><AGARI ba="1,0" hai="5,9,13,27,30,32,62,66,69,76,77,98,103,107" machi="27" ten="40,2600,0" yaku="25,2" doraHai="36" who="1" fromWho="3" sc="97,0,412,29,126,0,365,-29" /><INIT seed="7,0,0,1,1,43" ten="97,441,126,336" oya="3" hai0="122,77,108,37,134,116,58,35,132,102,31,107,42" hai1="121,117,114,105,7,30,40,44,111,15,27,109,120" hai2="92,65,67,41,0,20,94,36,17,32,2,68,51" hai3="86,66,119,69,100,13,60,34,110,5,38,23,104"/><W91/><G119/><T90/><D116/><U28/><E105/><V4/><F32/><W72/><G72/><T52/><D122/><U50/><E117/><V84/><F36/><W112/><G34/><T131/><D108/><U45/><E114/><V64/><F68/><W33/><G33/><T53/><D77/><U22/><E120/><V54/><F41/><W118/><G118/><T99/><D131/><U76/><E121/><V25/><F2/><W59/><G112/><T9/><D9/><N who="1" m="4543" /><E111/><V47/><F0/><W18/><G110/><T123/><D123/><U11/><E109/><V61/><F4/><W62/><G5/><T56/><D90/><U87/><E11/><V10/><F10/><W115/><G115/><T3/><D3/><U24/><E45/><V124/><F124/><W39/><G100/><T63/><D35/><U71/><E71/><V85/><F61/><W129/><G104/><T57/><D31/><N who="1" m="17815" /><E27/><V14/><F25/><W73/><G73/><T106/><D106/><U46/><E46/><V103/><F103/><W19/><G19/><T75/><D75/><U8/><E8/><V26/><F26/><W81/><REACH who="3" step="1"/><G129/><REACH who="3" ten="97,441,126,326" step="2"/><T126/><D126/><U78/><E28/><V125/><F125/><W97/><G97/><T21/><D21/><U128/><E30/><V83/><F85/><W1/><G1/><T96/><D96/><U82/><E128/><V29/><F29/><W49/><G49/><T70/><D63/><U89/><AGARI ba="0,1" hai="40,44,50,76,78,82,87,89" m="17815,4543" machi="89" ten="30,2000,0" yaku="8,1,52,1" doraHai="43" who="1" fromWho="1" sc="97,-5,441,30,126,-5,326,-10" owari="92,-41.0,471,57.0,121,-28.0,316,12.0" /></mjloggm>