<mjloggm ver="2.3"><GO type="43"/><UN n0="%E3%83%AD%E3%82%A4%E3%83%89%E5%AE%89%E8%97%A4" n1="%E3%81%AF%E3%81%90%E3%82%8C%E3%83%9F%E3%83%B3%E3%83%88" n2="%EF%BC%88%E2%89%A7%E2%96%BD%E2%89%A6%EF%BC%89" n3="%E3%81%B5%E3%81%98%E9%80%9A" dan="13,14,15,15" rate="1877,2120,1989,1972" sx="M,F,M,M"/><TAIKYOKU oya="0"/><INIT seed="0,0,0,2,4,118" ten="250,250,250,250" oya="0" hai0="94,56,129,131,38,71,77,127,4,82,133,86,48" hai1="36,109,34,59,96,117,13,135,85,2,105,63,30" hai2="39,74,120,81,12,52,101,41,27,62,15,53,6" hai3="106,20,75,14,100,46,89,55,3,98,54,51,125"/><T1/><D71/><U60/><E117/><V80/><F101/><W92/><G3/><T33/><D38/><U121/><E2/><V134/><F134/><W57/><G75/><T79/><D33/><U111/><E121/><V84/><F74/><W24/><G125/><T126/><D1/><U115/><E135/><V5/><F27/><W43/><G14/><T114/><D4/><U25/><E36/><V9/><F120/><W110/><G110/><T29/><D29/><U97/><E115/><V108/><F108/><N who="1" m="41545" /><E105/><V104/><F104/><W78/><G78/><N who="0" m="29707" /><D133/><U68/><E85/><V58/><F52/><W93/><G106/><T21/><D21/><U42/><E42/><V91/><F39/><W45/><G45/><T95/><D56/><U44/><E44/><V40/><REACH who="2" step="1"/><F80/><REACH who="2" ten="250,250,240,250" step="2"/><W50/><G55/><T72/><D72/><U73/><E73/><V87/><F87/><N who="3" m="52287" /><G24/><T0/><D114/><U35/><E35/><V47/><F47/><W99/><G46/><T37/><D37/><U22/><E68/><V61/><F61/><N who="1" m="23625" /><E59/><V18/><F18/><AGARI ba="0,1" hai="13,18,22,25,30,34,96,97" m="23625,41545" machi="18" ten="30,1000,0" yaku="14,1" doraHai="118" who="1" fromWho="2" sc="250,0,250,20,240,-10,250,0" /><INIT seed="1,0,0,3,0,22" ten="250,270,230,250" oya="1" hai0="121,28,52,23,5,111,80,88,3,11,33,58,98" hai1="128,36,119,18,78,0,103,126,113,87,31,55,68" hai2="21,96,56,116,97,75,30,132,59,99,107,79,14" hai3="25,112,76,95,47,71,108,7,74,122,64,8,89"/><U40/><E119/><V51/><F116/><W134/><G122/><T61/><D121/><U124/><E113/><V91/><F132/><W105/><G105/><T72/><D111/><U100/><E68/><V57/><F107/><W120/><G120/><T93/><D33/><U60/><E0/><V50/><F91/><W125/><G112/><T27/><D72/><U39/><E128/><V1/><F1/><W10/><G108/><T9/><D9/><U70/><E31/><V115/><F115/><W102/><G102/><N who="1" m="38954" /><E18/><V32/><F32/><W19/><G134/><T46/><D80/><N who="1" m="47511" /><E70/><V26/><REACH who="2" step="1"/><F14/><REACH who="2" ten="250,270,220,250" step="2"/><W73/><G89/><T77/><D77/><U67/><E126/><V41/><F41/><W104/><G125/><T83/><D88/><U90/><E124/><V84/><F84/><W135/><G74/><T109/><D109/><U15/><E90/><V54/><F54/><W34/><G73/><T118/><D118/><U45/><E55/><V35/><F35/><W129/><G76/><T4/><D52/><U101/><E15/><V49/><F49/><W13/><G34/><T37/><D3/><U106/><E101/><V110/><F110/><W92/><G13/><T69/><D37/><U81/><E106/><V38/><F38/><W66/><G104/><T63/><D63/><U131/><E39/><V42/><F42/><W53/><G53/><T127/><D61/><U65/><E131/><V29/><F29/><W48/><G129/><T62/><D28/><U85/><E60/><V43/><F43/><W82/><G71/><T12/><D127/><U117/><E117/><RYUUKYOKU ba="0,1" sc="250,-15,270,15,220,15,250,-15" hai1="36,40,45,65,67,81,85" hai2="21,26,30,50,51,56,57,59,75,79,96,97,99" /><INIT seed="1,1,1,0,1,49" ten="235,285,235,235" oya="1" hai0="86,126,2,36,117,89,52,66,38,123,122,75,124" hai1="83,14,48,22,6,50,80,62,54,53,99,12,90" hai2="26,119,104,20,25,72,92,105,44,3,81,57,9" hai3="43,76,114,85,94,27,16,95,37,40,113,46,134"/><U97/><E62/><V39/><F119/><W5/><G5/><T106/><D75/><U33/><E33/><V11/><F92/><W55/><G134/><T24/><D106/><U84/><E80/><V88/><F57/><W61/><G43/><T103/><D103/><U59/><E6/><N who="2" m="1247" /><F11/><W45/><G95/><N who="0" m="54711" /><D66/><U51/><E51/><V125/><F88/><W112/><G94/><T131/><D2/><U13/><E22/><V47/><F47/><AGARI ba="1,1" hai="12,13,14,47,48,50,53,54,59,83,84,90,97,99" machi="47" ten="40,7700,0" yaku="8,1,52,2" doraHai="49" who="1" fromWho="2" sc="235,0,285,90,235,-80,235,0" /><INIT seed="1,2,0,5,0,29" ten="235,375,155,235" oya="1" hai0="24,76,102,84,49,87,81,67,121,120,72,108,71" hai1="11,35,95,101,106,37,124,104,74,42,86,98,59" hai2="57,32,69,56,23,65,89,112,131,105,2,21,122" hai3="13,6,129,15,132,9,5,46,44,75,110,28,94"/><U109/><E35/><V103/><F122/><N who="0" m="47210" /><D108/><U30/><E74/><V19/><F2/><W55/><G75/><T68/><D102/><U92/><E109/><V39/><F39/><W107/><G107/><T91/><D67/><U38/><E124/><V34/><F69/><N who="0" m="26698" /><D49/><U111/><E111/><V118/><F118/><W63/><G110/><T73/><D24/><U88/><E11/><V25/><F131/><W83/><G83/><AGARI ba="2,0" hai="72,73,76,81,83,84,87,91" m="26698,47210" machi="83" ten="30,1000,0" yaku="13,1" doraHai="29" who="0" fromWho="3" sc="235,16,375,0,155,0,235,-16" /><INIT seed="2,0,0,0,5,66" ten="251,375,155,219" oya="2" hai0="113,89,94,54,71,14,67,33,23,133,42,49,70" hai1="9,32,108,3,117,128,134,1,121,77,82,50,58" hai2="98,130,28,6,36,88,38,46,74,125,90,115,68" hai3="30,93,22,118,61,53,24,83,55,76,11,105,101"/><V80/><F115/><W69/><G118/><T43/><D33/><U87/><E117/><V73/><F130/><W102/><G11/><T10/><D113/><U0/><E128/><V37/><F125/><W81/><G105/><T25/><D133/><U34/><E108/><V12/><F28/><W16/><G81/><T51/><D67/><U78/><E134/><V114/><F114/><W99/><G101/><T17/><D43/><U31/><E121/><V29/><F29/><W96/><G96/><T72/><D42/><U62/><E50/><V127/><F127/><W19/><G19/><T103/><D103/><U63/><E9/><V65/><F46/><W4/><G4/><T18/><D72/><U107/><E107/><V123/><F123/><W109/><G109/><T52/><D49/><U21/><E77/><V41/><F41/><W2/><G2/><T100/><D100/><U15/><E63/><V47/><F47/><W45/><G16/><T120/><D120/><U26/><REACH who="1" step="1"/><E15/><REACH who="1" ten="251,365,155,219" step="2"/><V119/><F119/><W59/><G61/><T95/><D51/><U13/><E13/><V57/><F12/><W56/><G45/><T44/><D44/><U124/><E124/><V8/><F8/><W106/><G106/><T116/><D116/><U35/><E35/><V132/><F132/><W131/><G131/><T64/><D14/><U75/><E75/><V79/><F73/><W104/><G104/><T111/><D10/><U84/><E84/><V129/><F129/><W122/><G122/><T85/><D85/><U60/><E60/><N who="2" m="39975" /><F74/><W39/><G76/><T40/><D111/><RYUUKYOKU ba="0,1" sc="251,-10,365,30,155,-10,219,-10" hai1="0,1,3,21,26,31,32,34,58,62,78,82,87" /><INIT seed="3,1,1,5,2,48" ten="241,395,145,209" oya="3" hai0="54,25,121,102,89,67,0,28,113,79,126,111,38" hai1="61,84,134,66,103,17,109,100,27,9,101,81,41" hai2="88,52,16,71,127,4,7,87,132,107,11,98,120" hai3="14,83,55,82,47,46,91,20,90,115,73,40,69"/><W22/><G115/><T97/><D121/><U29/><E109/><V119/><F71/><W128/><G69/><T122/><D122/><U13/><E134/><V105/><F119/><W60/><G128/><T33/><D111/><U64/><E41/><V85/><F120/><W86/><G73/><T93/><D113/><U129/><E129/><V131/><F131/><W58/><G14/><T108/><D108/><U130/><E130/><V99/><F132/><W133/><G133/><T45/><D126/><U70/><E66/><V124/><F16/><W6/><G6/><T75/><D0/><U65/><E65/><V19/><F19/><W57/><G57/><T5/><D5/><U42/><E42/><V30/><F30/><W21/><REACH who="3" step="1"/><G40/><REACH who="3" ten="241,395,145,199" step="2"/><T35/><D75/><U118/><E118/><V24/><F124/><W104/><G104/><T8/><D25/><U77/><E103/><V106/><F127/><W1/><G1/><T68/><D102/><U123/><E123/><V51/><F107/><W39/><G39/><T112/><D38/><U2/><E2/><N who="2" m="407" /><F7/><W59/><G59/><T135/><D68/><U53/><E100/><N who="2" m="62615" /><F106/><W80/><G80/><T3/><D112/><U125/><E101/><V63/><F24/><W18/><G18/><T15/><D3/><U56/><E125/><V76/><F76/><W96/><G96/><T44/><D79/><U110/><E110/><V10/><F99/><W32/><G32/><T31/><D35/><U49/><E27/><V26/><F26/><W117/><G117/><T95/><D135/><U94/><E29/><V114/><F114/><RYUUKYOKU ba="1,2" sc="241,-15,395,15,145,-15,199,15" hai1="9,13,17,49,53,56,61,64,70,77,81,84,94" hai3="20,21,22,46,47,55,58,60,82,83,86,90,91" /><INIT seed="3,2,2,3,3,52" ten="226,410,130,214" oya="3" hai0="18,72,4,80,28,91,104,99,96,79,120,134,60" hai1="105,89,23,68,46,40,122,110,26,63,14,34,21" hai2="100,83,59,131,94,77,124,50,11,69,19,62,86" hai3="88,66,87,130,0,17,67,123,15,58,55,109,3"/><W111/><G123/><T64/><D120/><U133/><E122/><V135/><F135/><W42/><G130/><T47/><D134/><U2/><E133/><V9/><F131/><W16/><G42/><T132/><D132/><U71/><E2/><V13/><F124/><W27/><G27/><T49/><D28/><U97/><E110/><N who="3" m="41994" /><G0/><T7/><D18/><N who="3" m="7273" /><G3/><T115/><D115/><U37/><E34/><V76/><F69/><W33/><G33/><T101/><D91/><U22/><E14/><V45/><F76/><W114/><G15/><T118/><D96/><U125/><E125/><V117/><F117/><W31/><G31/><T74/><D74/><U93/><E105/><V51/><F9/><W44/><G44/><T82/><D82/><U116/><E116/><V48/><F45/><W84/><G114/><T108/><D118/><U98/><E98/><V12/><F12/><W121/><G121/><T85/><D72/><U127/><E127/><V54/><REACH who="2" step="1"/><F94/><REACH who="2" ten="226,410,120,214" step="2"/><N who="3" m="54535" /><G87/><T32/><D108/><U129/><E129/><V41/><F41/><W57/><G55/><T78/><D78/><U10/><E10/><V35/><F35/><W92/><G92/><T119/><D32/><U102/><E26/><V56/><F56/><AGARI ba="2,3" hai="56,57,58,66,67" m="54535,7273,41994" machi="56" ten="30,12000,1" yaku="14,1,10,1,52,3" doraHai="52" who="3" fromWho="2" sc="226,0,410,0,120,-126,214,156" owari="226,-17.0,410,51.0,-6,-51.0,370,17.0" /></mjloggm>