<mjloggm ver="2.3"><GO type="43"/><UN n0="%EF%BC%88%E2%89%A7%E2%96%BD%E2%89%A6%EF%BC%89" n1="%E5%84%AA%E5%B8%8C%E3%81%AE%E5%BC%9F%E5%AD%90" n2="%E3%82%82%E3%81%92%E3%82%89%2E" n3="%E3%83%AD%E3%82%A4%E3%83%89%E5%AE%89%E8%97%A4" dan="15,13,14,13" rate="1962,1936,1896,1860" sx="M,F,M,M"/><TAIKYOKU oya="0"/><INIT seed="0,0,0,2,1,5" ten="250,250,250,250" oya="0" hai0="20,62,31,102,17,6,24,85,54,126,55,2,110" hai1="68,32,74,0,128,75,117,67,33,98,69,28,19" hai2="72,34,38,52,97,125,99,42,16,134,44,25,103" hai3="91,18,39,100,58,4,94,88,115,49,81,90,40"/><T124/><D110/><U83/><E117/><V14/><F72/><W116/><G116/><T71/><D102/><U105/><E105/><V59/><F134/><W107/><G115/><T23/><D85/><U101/><E101/><V21/><F125/><N who="0" m="48234" /><D71/><U22/><E98/><V47/><F47/><N who="3" m="25831" /><G39/><T37/><D37/><U29/><E19/><V65/><F65/><W132/><G107/><T10/><D62/><U78/><E22/><V51/><F34/><W131/><G131/><T77/><D77/><U1/><E67/><V7/><REACH who="2" step="1"/><F103/><REACH who="2" ten="250,250,240,250" step="2"/><W45/><G100/><T61/><D61/><U12/><E74/><V135/><F135/><W133/><G45/><T70/><D70/><U15/><E69/><V86/><F86/><W66/><G66/><T79/><D79/><U56/><E68/><V8/><AGARI ba="0,1" hai="7,8,14,16,21,25,38,42,44,51,52,59,97,99" machi="8" ten="30,4000,0" yaku="1,1,0,1,52,1,53,0" doraHai="5" doraHaiUra="130" who="2" fromWho="2" sc="250,-20,250,-10,240,50,250,-10" /><INIT seed="1,0,0,3,0,125" ten="230,240,290,240" oya="1" hai0="123,81,18,103,116,75,23,118,48,41,20,43,2" hai1="130,47,90,32,121,60,85,30,87,68,51,67,131" hai2="61,19,62,17,126,76,25,122,26,45,59,129,132" hai3="120,7,9,106,113,14,27,91,29,101,0,49,127"/><U36/><E36/><V96/><F122/><W70/><G120/><T124/><D123/><U100/><E100/><V63/><F126/><W53/><G127/><T57/><D124/><U22/><E32/><V83/><F132/><W78/><G113/><T50/><D2/><U134/><E121/><V72/><F45/><W86/><G70/><T114/><D103/><U42/><E134/><V88/><F129/><N who="1" m="49161" /><E90/><V98/><F59/><W133/><G78/><T77/><D114/><U35/><E35/><V105/><F105/><W40/><G14/><T94/><D77/><U8/><E8/><V5/><F5/><W110/><G53/><T31/><D41/><U4/><E4/><V108/><F108/><W52/><G52/><T15/><D43/><U58/><E68/><V119/><F119/><W95/><G9/><T37/><D37/><U71/><E71/><V74/><F88/><W11/><G11/><T102/><D118/><U3/><E3/><V97/><REACH who="2" step="1"/><F74/><REACH who="2" ten="230,240,280,240" step="2"/><W24/><G7/><T34/><D116/><U1/><E1/><V115/><F115/><W55/><G91/><T46/><D75/><U69/><E69/><V6/><F6/><W92/><G0/><T82/><D46/><U111/><E111/><V39/><F39/><W99/><G110/><T65/><D57/><U93/><E93/><V12/><F12/><W28/><G95/><T89/><D94/><U107/><E107/><V104/><F104/><W10/><G106/><T109/><D109/><U84/><E84/><V54/><F54/><W38/><G133/><T21/><D102/><U56/><E56/><RYUUKYOKU ba="0,1" sc="230,-15,240,15,280,15,240,-15" hai1="22,30,42,47,51,58,60,67,85,87" hai2="17,19,25,26,61,62,63,72,76,83,96,97,98" /><INIT seed="1,1,1,1,0,88" ten="215,255,295,225" oya="1" hai0="86,26,30,35,36,32,67,60,47,0,18,17,34" hai1="63,81,124,119,129,39,123,74,58,109,134,130,20" hai2="111,114,75,99,65,8,40,97,56,101,83,127,135" hai3="118,80,106,77,25,28,37,57,55,90,102,50,132"/><U31/><E39/><V85/><F111/><W16/><G37/><T92/><D0/><U110/><E119/><V46/><F135/><W133/><G118/><T100/><D36/><U19/><E31/><V112/><F75/><W71/><G71/><T115/><D47/><U107/><E107/><V96/><F8/><W78/><G16/><T33/><D115/><N who="2" m="44074" /><F127/><W125/><G125/><T4/><D4/><U51/><E51/><N who="2" m="27079" /><F56/><W42/><G42/><T41/><D41/><U91/><E124/><V29/><F65/><W84/><G102/><T126/><D126/><U2/><E2/><V23/><F23/><N who="3" m="15423" /><G106/><T105/><D86/><N who="1" m="50639" /><E74/><V7/><F7/><W6/><G6/><T128/><D105/><U3/><E3/><V82/><F29/><W66/><G66/><T103/><D103/><U68/><E68/><V72/><F72/><W73/><G73/><T87/><D100/><U98/><E123/><V11/><F11/><W104/><G104/><T14/><D35/><U59/><E134/><AGARI ba="1,1" hai="50,55,57,77,78,80,84,90,132,133,134" m="15423" machi="134" ten="30,1000,0" yaku="20,1" doraHai="88" who="3" fromWho="1" sc="215,0,255,-13,295,0,225,23" /><INIT seed="2,0,0,3,0,106" ten="215,242,295,248" oya="2" hai0="9,51,7,16,127,109,2,111,57,37,115,96,41" hai1="49,59,63,35,6,52,124,81,46,38,45,82,117" hai2="128,107,33,102,15,10,47,20,120,88,62,86,68" hai3="80,112,4,76,85,0,13,135,72,67,43,1,24"/><V69/><F120/><W77/><G135/><T64/><D115/><U21/><E35/><V22/><F33/><W14/><G112/><T131/><D131/><U73/><E117/><V28/><F128/><W104/><G104/><T126/><D96/><U74/><E6/><V40/><F107/><W132/><G132/><T26/><D26/><U122/><E124/><N who="0" m="47657" /><D16/><U71/><E122/><V48/><F102/><W92/><G67/><T31/><D31/><U53/><E21/><V27/><F22/><W119/><G119/><T108/><D37/><U93/><E93/><V103/><F62/><W29/><G43/><T130/><D130/><U129/><E129/><V55/><F40/><W18/><G4/><T98/><D98/><U44/><E71/><V101/><F68/><W123/><G123/><T90/><D90/><U105/><E105/><V8/><F8/><W66/><G66/><T94/><D94/><U97/><E97/><V17/><REACH who="2" step="1"/><F69/><REACH who="2" ten="215,242,285,248" step="2"/><W113/><G113/><T134/><D134/><U32/><E32/><V3/><F3/><W60/><G60/><N who="0" m="37903" /><D41/><U95/><E63/><V50/><F50/><AGARI ba="0,1" hai="2,7,9,50,51,108,109,111" m="37903,47657" machi="50" ten="40,2600,0" yaku="14,1,18,1" doraHai="106" who="0" fromWho="2" sc="215,36,242,0,285,-26,248,0" /><INIT seed="3,0,0,3,1,60" ten="251,242,259,248" oya="3" hai0="3,103,101,34,68,8,40,49,11,23,65,98,96" hai1="70,77,7,110,106,59,19,82,58,5,1,99,69" hai2="112,33,120,75,51,104,42,128,115,102,119,78,36" hai3="107,27,125,109,85,81,50,122,52,100,130,10,108"/><W133/><G122/><T88/><D34/><U9/><E110/><N who="3" m="42602" /><G130/><T72/><D72/><U123/><E123/><V105/><F78/><N who="3" m="46263" /><G125/><T38/><D3/><U92/><E106/><V46/><F102/><W57/><G133/><T121/><D38/><U41/><E41/><V118/><F42/><W124/><G124/><T64/><D121/><U25/><E7/><V86/><F120/><W62/><G10/><N who="0" m="3627" /><D68/><U93/><E69/><V22/><F105/><W56/><G27/><T114/><D114/><U45/><E70/><V16/><F104/><W79/><G79/><T97/><D88/><U135/><E77/><V0/><F115/><W134/><G134/><T89/><D89/><U28/><E9/><V113/><F113/><W24/><G24/><T127/><D23/><U63/><E25/><V39/><F22/><W116/><G116/><T55/><D40/><U32/><E1/><V117/><F0/><W2/><G2/><T71/><D71/><U13/><E32/><V87/><F33/><W12/><G12/><T132/><D132/><U30/><E13/><V54/><F128/><W44/><G62/><T131/><D131/><U91/><E63/><V4/><F112/><W47/><G47/><N who="0" m="28095" /><D127/><U17/><E45/><V20/><F46/><W84/><G84/><T74/><D74/><U66/><E135/><V31/><F75/><W35/><G35/><T6/><D6/><U126/><E5/><V80/><F4/><W129/><G129/><T53/><D53/><U26/><E26/><V90/><F54/><W94/><G107/><T21/><D21/><U83/><E126/><RYUUKYOKU ba="0,0" sc="251,15,242,-15,259,-15,248,15" hai0="64,65,96,97,98,101,103" hai3="44,50,52,56,57,94,100" /><INIT seed="3,1,0,0,3,61" ten="266,227,244,263" oya="3" hai0="106,133,97,80,9,132,12,40,128,95,11,20,65" hai1="87,47,99,30,129,107,127,21,59,91,88,27,55" hai2="73,69,112,24,90,25,4,76,93,103,135,49,14" hai3="64,123,98,74,122,26,63,111,0,54,58,101,8"/><W108/><G74/><T53/><D106/><U18/><E129/><V82/><F112/><W94/><G26/><T89/><D128/><U56/><E127/><V15/><F69/><W100/><G100/><T36/><D53/><U1/><E1/><V78/><F135/><N who="0" m="51786" /><D80/><U105/><E47/><V23/><F103/><W70/><G8/><T83/><D83/><U104/><E30/><V42/><F78/><W109/><REACH who="3" step="1"/><G0/><REACH who="3" ten="266,227,244,253" step="2"/><T57/><D9/><U50/><E27/><V120/><F25/><W33/><G33/><T124/><D124/><U113/><E21/><V66/><F23/><W84/><G84/><T46/><D20/><U48/><E87/><V34/><F24/><W131/><G131/><T126/><D126/><U17/><E99/><V86/><F34/><W10/><G10/><T118/><D11/><U79/><E79/><V134/><F76/><W72/><G72/><T121/><D97/><U7/><E113/><V102/><F73/><W13/><G13/><T115/><D12/><U52/><E7/><V16/><F4/><W5/><G5/><T44/><D115/><U37/><E107/><V119/><F14/><W96/><G96/><T2/><D2/><U67/><E105/><V62/><F15/><W85/><G85/><T130/><D130/><U28/><E104/><V116/><F86/><W60/><AGARI ba="1,1" hai="54,58,60,63,64,70,94,98,101,108,109,111,122,123" machi="60" ten="40,12000,1" yaku="1,1,0,1,14,1,10,1,52,1,53,0" doraHai="61" doraHaiUra="19" who="3" fromWho="3" sc="266,-41,227,-41,244,-41,253,133" /><INIT seed="3,2,0,1,2,9" ten="225,186,203,386" oya="3" hai0="41,60,102,88,10,7,87,4,36,27,73,125,90" hai1="89,93,48,30,1,42,37,97,5,79,127,70,81" hai2="128,51,69,58,98,16,100,39,52,3,95,91,34" hai3="66,65,0,50,124,78,134,45,26,122,56,46,113"/><W6/><G0/><T121/><D73/><U55/><E70/><V24/><F3/><W130/><G6/><T71/><D121/><U17/><E127/><V62/><F39/><W25/><G78/><T103/><D125/><U21/><E30/><V101/><F128/><W84/><G84/><T54/><D36/><U109/><E109/><V22/><F34/><W120/><G124/><T35/><D41/><U67/><E67/><N who="3" m="25610" /><G25/><T74/><D74/><U116/><E116/><V131/><F131/><W2/><G26/><T83/><D71/><U29/><E29/><V28/><F28/><W15/><G56/><N who="0" m="34839" /><D35/><U20/><E17/><V115/><F115/><W132/><G50/><T57/><D27/><U32/><E32/><V59/><F69/><W133/><G2/><T86/><D57/><U43/><E5/><N who="0" m="2121" /><D10/><U117/><E117/><V31/><F31/><W111/><G111/><T118/><D118/><U96/><E1/><V76/><F76/><W123/><G113/><T77/><D77/><U12/><E79/><V75/><F75/><W72/><G72/><T44/><D44/><N who="3" m="17001" /><G130/><T33/><D33/><U99/><E99/><V63/><F51/><W129/><G129/><T53/><D53/><AGARI ba="2,0" hai="16,22,24,52,53,58,59,62,63,91,95,98,100,101" machi="53" ten="30,8000,1" yaku="7,1,9,1,25,2,8,1" doraHai="9" who="2" fromWho="0" sc="225,-86,186,0,203,86,386,0" /><INIT seed="4,0,0,1,3,5" ten="139,186,289,386" oya="0" hai0="48,87,107,98,131,54,84,13,78,126,43,60,97" hai1="121,55,46,88,85,64,33,40,51,75,35,93,10" hai2="32,100,96,17,108,59,24,1,122,95,91,92,81" hai3="69,71,118,36,11,16,44,62,123,132,30,113,73"/><T58/><D131/><U37/><E75/><V101/><F122/><W66/><G16/><T106/><D126/><U86/><E121/><V15/><F1/><W41/><G30/><T28/><D28/><U57/><E85/><N who="0" m="32841" /><D107/><U68/><REACH who="1" step="1"/><E10/><REACH who="1" ten="139,176,289,386" step="2"/><V2/><F108/><W20/><G11/><T128/><D128/><U115/><E115/><V50/><F2/><W27/><G73/><T26/><D106/><U31/><E31/><V74/><F74/><W112/><G113/><T14/><D78/><U25/><E25/><V4/><F24/><W61/><G112/><T65/><D26/><U109/><E109/><V47/><F15/><N who="0" m="5642" /><D43/><U34/><E34/><V29/><F32/><W127/><G27/><T19/><D19/><U77/><E77/><V133/><F29/><W102/><G123/><T103/><D103/><U83/><E83/><V76/><F101/><W12/><G12/><T72/><D72/><U135/><E135/><V49/><F100/><W42/><G132/><T82/><D82/><U22/><E22/><V105/><F76/><W124/><G102/><T111/><D111/><U9/><E9/><V89/><F81/><W70/><G20/><T104/><D104/><U63/><AGARI ba="0,1" hai="33,35,37,40,46,51,55,57,63,64,68,86,88,93" machi="63" ten="30,7900,0" yaku="1,1,0,1,24,2,53,0" doraHai="5" doraHaiUra="116" who="1" fromWho="1" sc="139,-39,176,89,289,-20,386,-20" /><INIT seed="5,0,0,0,2,69" ten="100,265,269,366" oya="1" hai0="44,78,113,37,48,106,114,41,108,35,58,125,95" hai1="90,39,20,126,33,27,81,62,52,94,70,83,71" hai2="88,15,8,1,24,100,133,122,128,91,60,11,59" hai3="17,97,57,38,42,10,64,53,21,34,6,46,40"/><U51/><E33/><V31/><F122/><W56/><G34/><T135/><D106/><U5/><E5/><V50/><F128/><W102/><G42/><N who="0" m="22607" /><D35/><U32/><E32/><V103/><F133/><W13/><G64/><T84/><D78/><U4/><E4/><N who="2" m="3559" /><F1/><W98/><G53/><N who="0" m="32039" /><D84/><U80/><E126/><V68/><F68/><W9/><G9/><T134/><D95/><U25/><E39/><V130/><F50/><W118/><G118/><T12/><D12/><U73/><E73/><V75/><F130/><W45/><G21/><T63/><D125/><U132/><E132/><N who="0" m="50729" /><D108/><U19/><E25/><V105/><F105/><W127/><G13/><T43/><D63/><U77/><E62/><V112/><F8/><W101/><G127/><T86/><D86/><U117/><E117/><V47/><F75/><W74/><G10/><T131/><D131/><U3/><E3/><V26/><F100/><W30/><G101/><T124/><D124/><U76/><E76/><V18/><F103/><W93/><G102/><T82/><D82/><U22/><E22/><V0/><F0/><W2/><G93/><T96/><D96/><N who="1" m="57431" /><E77/><V115/><F24/><W14/><G74/><T92/><D92/><U65/><E81/><V129/><F129/><W107/><G2/><T66/><D66/><U79/><E65/><V85/><F85/><W55/><G107/><T54/><D54/><U72/><E83/><V123/><F26/><W29/><G6/><T104/><D104/><U16/><E16/><V28/><F18/><W23/><G17/><T111/><D111/><U110/><E110/><RYUUKYOKU ba="0,0" sc="100,15,265,15,269,-15,366,-15" hai0="41,43,113,114" hai1="19,20,27,51,52,70,71,72,79,80" /><INIT seed="5,1,0,4,0,76" ten="115,280,254,351" oya="1" hai0="8,45,66,51,31,23,131,116,125,113,13,29,19" hai1="114,86,44,72,67,81,130,6,129,59,121,119,126" hai2="46,123,41,96,49,21,90,122,5,88,64,78,128" hai3="87,75,48,106,95,18,57,85,56,133,24,111,33"/><U112/><E72/><V22/><F128/><N who="1" m="49257" /><E119/><V134/><F134/><W10/><G95/><T71/><D116/><U42/><E6/><V58/><F78/><W37/><G18/><T32/><D131/><U38/><E126/><V9/><F122/><W60/><G57/><T109/><D109/><U39/><E39/><V40/><F40/><W93/><G48/><T117/><D117/><U127/><E127/><V34/><F34/><W104/><G93/><T53/><D125/><U118/><E118/><V124/><F124/><W30/><G56/><T115/><D32/><U69/><E69/><V89/><F96/><W11/><G24/><T17/><D66/><U103/><E103/><V65/><F123/><W28/><G85/><T7/><D71/><U91/><E121/><V82/><F82/><W105/><G87/><T43/><D19/><U92/><E92/><V98/><F98/><W108/><G37/><T25/><REACH who="0" step="1"/><D43/><REACH who="0" ten="105,280,254,351" step="2"/><U80/><E67/><N who="2" m="25675" /><F58/><W52/><G108/><T4/><D4/><U120/><E59/><V77/><F5/><W135/><G111/><T36/><D36/><U107/><E120/><V20/><F9/><W63/><G10/><T110/><D110/><U94/><E42/><V132/><F132/><W79/><G11/><T0/><D0/><U102/><E38/><V27/><F77/><W83/><G133/><T47/><D47/><U84/><E44/><V54/><F41/><W68/><G135/><T2/><D2/><U16/><E16/><AGARI ba="1,1" hai="16,20,21,22,27,46,49,54,88,89,90" m="25675" machi="16" ten="30,1000,0" yaku="8,1" doraHai="76" who="2" fromWho="1" sc="105,0,280,-13,254,23,351,0" /><INIT seed="6,0,0,2,1,1" ten="105,267,277,351" oya="2" hai0="94,68,99,126,23,22,110,63,79,115,58,107,113" hai1="95,90,12,30,45,130,122,129,108,70,132,3,87" hai2="102,44,135,60,93,17,31,98,83,7,10,62,85" hai3="65,124,42,111,27,71,123,33,121,32,118,112,11"/><V101/><F135/><W97/><G97/><T77/><D107/><U13/><E70/><V103/><F31/><W16/><G16/><T134/><D134/><U8/><E108/><V41/><F17/><W39/><G27/><T53/><D110/><U54/><E30/><V120/><F120/><W74/><G11/><T75/><D126/><U92/><E122/><V72/><F72/><W105/><G65/><T15/><D68/><U106/><E106/><V5/><F102/><W76/><G76/><T24/><D75/><U35/><E35/><V38/><F103/><W66/><G42/><T28/><D115/><U9/><E132/><V86/><F86/><W34/><G66/><T55/><D113/><U133/><E3/><V40/><F40/><W14/><G14/><T6/><D55/><U61/><E133/><V36/><F36/><W20/><G20/><T109/><D109/><U37/><E37/><V114/><F114/><W64/><G64/><T67/><D53/><U46/><E61/><V57/><F10/><W21/><G112/><T0/><D0/><U89/><E54/><V52/><F62/><W18/><G39/><T125/><D125/><U51/><E87/><V81/><F81/><W29/><G124/><T25/><D25/><U2/><E2/><V69/><F69/><W100/><G111/><T91/><REACH who="0" step="1"/><D23/><REACH who="0" ten="95,267,277,351" step="2"/><U84/><E12/><V116/><REACH who="2" step="1"/><F116/><REACH who="2" ten="95,267,267,351" step="2"/><W49/><G74/><T43/><D43/><U59/><E9/><AGARI ba="0,2" hai="6,9,15,22,24,28,58,63,67,77,79,91,94,99" machi="9" ten="40,8000,1" yaku="1,1,8,1,52,1,53,1" doraHai="1" doraHaiUra="26" who="0" fromWho="1" sc="95,100,267,-80,267,0,351,0" /><INIT seed="7,0,0,4,1,121" ten="195,187,267,351" oya="3" hai0="89,111,15,64,7,0,130,99,25,16,119,56,11" hai1="91,120,40,73,54,21,1,129,108,32,134,37,117" hai2="19,2,29,48,133,49,101,82,58,42,28,63,123" hai3="106,8,45,51,100,65,75,61,38,41,87,109,132"/><W83/><G87/><T126/><D111/><U105/><E54/><V5/><F123/><W47/><G83/><T125/><D119/><U85/><E40/><V23/><F133/><W52/><G8/><T107/><D130/><U33/><E21/><V62/><F101/><W79/><G52/><T14/><D64/><U10/><E10/><V97/><F97/><W18/><G18/><T4/><D56/><U113/><E91/><V76/><F2/><W53/><G51/><N who="2" m="19529" /><F42/><W78/><G47/><T13/><D7/><U72/><E85/><N who="2" m="48327" /><F5/><W35/><G45/><T9/><D107/><U84/><E84/><V115/><F115/><W39/><G61/><N who="2" m="23049" /><F58/><W34/><G53/><T27/><D99/><U70/><E73/><V116/><F116/><W59/><G59/><T95/><D89/><U118/><E118/><V17/><F17/><W67/><G79/><T30/><D0/><U110/><E110/><V43/><F43/><W44/><G44/><T127/><D4/><U12/><E12/><AGARI ba="0,0" hai="12,19,23,28,29" m="23049,48327,19529" machi="12" ten="30,1000,0" yaku="8,1" doraHai="121" who="2" fromWho="1" sc="195,0,187,-10,267,10,351,0" owari="195,-20.0,177,-32.0,277,8.0,351,44.0" /></mjloggm>