<mjloggm ver="2.3"><GO type="41"/><UN n0="%E3%81%A1%E3%82%85%E3%81%A9%EF%BD%9E%E3%82%93" n1="%E3%82%A6%E3%83%AB%E3%83%88%E3%83%A9%E7%AB%8B%E7%9B%B4" n2="%6B%6C%75%63%6B" n3="%E3%81%94%E3%81%BF%E3%81%9F%E3%82%8D%E3%81%86" dan="15,15,13,14" rate="2086,2012,1918,1904" sx="M,M,M,M"/><TAIKYOKU oya="0"/><INIT seed="0,0,0,5,4,83" ten="250,250,250,250" oya="0" hai0="94,74,12,123,78,28,128,59,19,100,41,27,58" hai1="3,116,34,2,125,91,98,126,5,13,52,118,17" hai2="105,61,14,22,71,24,7,115,81,0,38,106,25" hai3="35,33,66,84,76,114,93,77,95,49,80,97,29"/><T89/><D123/><U23/><E98/><V107/><F38/><W127/><G114/><T103/><D128/><U133/><E91/><V1/><F115/><W51/><G127/><N who="1" m="48650" /><E52/><V62/><F71/><W88/><G66/><T112/><D112/><U104/><E104/><V15/><F7/><W37/><G37/><T130/><D130/><U134/><E34/><V18/><F81/><W90/><G29/><T113/><D113/><U30/><E30/><V8/><F0/><N who="1" m="41" /><E5/><V40/><F40/><W96/><G77/><T60/><D41/><U108/><E108/><V63/><F1/><W135/><G135/><AGARI ba="0,0" hai="13,17,23,116,118,133,134,135" m="41,48650" machi="135" ten="40,8000,1" yaku="20,1,18,1,34,2" doraHai="83" who="1" fromWho="3" sc="250,0,250,80,250,0,250,-80" /><INIT seed="1,0,0,1,4,12" ten="250,330,250,170" oya="1" hai0="8,121,135,36,91,33,27,134,111,55,115,76,34" hai1="53,46,66,19,125,85,22,89,26,31,11,38,67" hai2="84,9,97,37,87,109,71,113,94,107,20,131,3" hai3="92,25,78,82,6,110,17,69,108,35,68,128,80"/><U122/><E125/><V124/><F109/><W96/><G6/><T30/><D111/><N who="3" m="42537" /><G128/><T119/><D119/><U130/><E130/><V120/><F124/><W100/><G35/><N who="0" m="20959" /><D115/><U51/><E38/><V57/><F131/><W63/><G63/><T64/><D36/><U42/><E42/><V102/><F120/><W126/><G126/><T47/><D64/><U72/><E72/><V118/><F113/><W21/><G80/><T23/><D121/><U32/><E122/><V61/><F118/><W77/><G77/><T105/><D76/><U56/><E11/><V79/><F71/><W54/><G54/><T45/><D55/><U123/><E123/><V41/><F41/><W60/><G60/><T5/><D8/><U81/><REACH who="1" step="1"/><E56/><REACH who="1" ten="250,320,250,170" step="2"/><V65/><F37/><W83/><G83/><T93/><D47/><U70/><E70/><V116/><F116/><W86/><AGARI ba="0,1" hai="17,21,25,68,69,78,82,86,92,96,100" m="42537" machi="86" ten="30,2000,0" yaku="14,1,52,1" doraHai="12" who="3" fromWho="3" sc="250,-5,320,-10,250,-5,170,30" /><INIT seed="2,0,0,0,3,64" ten="245,310,245,200" oya="2" hai0="36,66,2,70,88,121,43,67,49,1,7,119,89" hai1="132,37,115,125,90,113,92,14,53,25,124,12,24" hai2="82,39,84,16,38,95,81,117,50,3,6,20,108" hai3="10,135,79,48,83,44,123,118,33,45,26,75,109"/><V9/><F117/><W86/><G123/><T130/><D121/><U42/><E42/><V77/><F108/><W55/><G118/><T0/><D119/><U46/><E46/><V59/><F95/><W107/><G107/><T106/><D106/><U99/><E53/><V126/><F126/><N who="1" m="48745" /><E37/><V104/><F104/><W60/><G109/><T61/><D130/><U47/><E47/><V30/><F30/><W57/><G135/><T63/><D36/><U91/><E132/><V102/><F102/><W28/><G10/><T40/><D7/><U19/><E14/><V23/><F20/><W133/><G133/><T17/><D17/><U134/><E134/><V111/><F111/><W31/><G31/><T100/><D100/><U73/><E91/><V21/><F21/><W29/><G29/><T129/><D129/><U76/><E76/><V94/><F94/><W65/><REACH who="3" step="1"/><G75/><REACH who="3" ten="245,310,245,190" step="2"/><T34/><D34/><U101/><E73/><V18/><F18/><W87/><G87/><T74/><D74/><U62/><E19/><V114/><F114/><W35/><G35/><T110/><D110/><U8/><E115/><V80/><F39/><W127/><G127/><T54/><D40/><U11/><E113/><V56/><F38/><W78/><G78/><T103/><D43/><U128/><E128/><V5/><F5/><W41/><G41/><T27/><D103/><U93/><E101/><V15/><F50/><W85/><G85/><T32/><D32/><U72/><E72/><V51/><F51/><W98/><G98/><T71/><D27/><U4/><E25/><V97/><F97/><RYUUKYOKU ba="0,1" sc="245,10,310,-30,245,10,190,10" hai0="0,1,2,49,54,61,63,66,67,70,71,88,89" hai2="3,6,9,15,16,23,56,59,77,80,81,82,84" hai3="26,28,33,44,45,48,55,57,60,65,79,83,86" /><INIT seed="2,1,1,3,4,70" ten="255,280,255,200" oya="2" hai0="96,24,15,85,94,51,46,113,53,123,22,18,61" hai1="58,131,32,36,130,40,128,86,50,129,42,12,60" hai2="74,0,56,115,127,8,93,33,25,52,41,35,7" hai3="104,76,69,84,39,1,117,68,111,63,126,82,102"/><V121/><F74/><W89/><G117/><T34/><D113/><U92/><E32/><V67/><F121/><W103/><G39/><T107/><D123/><U98/><E86/><V26/><F115/><W57/><G1/><T16/><D107/><U135/><E12/><V105/><F105/><W116/><G116/><T4/><D4/><U97/><E97/><V101/><F127/><W110/><G126/><T49/><D34/><U21/><E21/><V47/><F67/><W81/><G69/><T65/><D85/><U88/><E135/><V100/><F33/><W5/><G68/><T59/><D46/><N who="1" m="23815" /><E42/><V124/><F124/><W109/><G5/><T66/><D66/><N who="1" m="39191" /><E50/><V78/><F78/><W28/><G28/><T20/><REACH who="0" step="1"/><D65/><REACH who="0" ten="245,280,255,200" step="2"/><U2/><E131/><V73/><F35/><W13/><G104/><T11/><D11/><U83/><E83/><V31/><F73/><W10/><G81/><T44/><D44/><U54/><E54/><V118/><F118/><W30/><G76/><T75/><D75/><U125/><E125/><V3/><F93/><W122/><G122/><T77/><D77/><U87/><E87/><V112/><F112/><W27/><G10/><T9/><D9/><U134/><E134/><V55/><F55/><W120/><G120/><T106/><D106/><U71/><E71/><V119/><F119/><W95/><G82/><T6/><D6/><U62/><E62/><V45/><F52/><N who="3" m="34215" /><G13/><T14/><D14/><U64/><E64/><V91/><F0/><AGARI ba="1,2" hai="0,2,88,92,98,128,129,130" m="39191,23815" machi="0" ten="30,3900,0" yaku="19,1,52,1,54,1" doraHai="70" who="1" fromWho="2" sc="245,0,280,62,255,-42,200,0" /><INIT seed="3,0,0,4,1,122" ten="245,342,213,200" oya="3" hai0="15,118,74,44,73,88,75,17,37,96,19,39,33" hai1="98,124,38,94,21,25,82,121,109,49,64,79,20" hai2="131,129,105,99,41,36,113,72,63,54,0,58,10" hai3="60,47,108,120,125,69,43,110,101,51,55,78,12"/><W46/><G78/><T128/><D118/><U3/><E38/><V9/><F113/><W135/><G101/><T130/><D33/><U50/><E3/><V89/><F72/><W132/><G12/><T22/><D19/><U6/><E6/><V115/><F115/><W104/><G104/><T92/><REACH who="0" step="1"/><D44/><REACH who="0" ten="235,342,213,200" step="2"/><U127/><E121/><V18/><F131/><AGARI ba="0,1" hai="15,17,22,37,39,73,74,75,88,92,96,128,130,131" machi="131" ten="50,12000,2" yaku="1,1,2,1,19,1,54,1,53,2" doraHai="122" doraHaiUra="68" who="0" fromWho="2" sc="235,130,342,0,213,-120,200,0" /><INIT seed="4,0,0,4,1,11" ten="365,342,93,200" oya="0" hai0="40,74,90,0,116,86,22,39,88,131,85,75,126" hai1="25,79,125,94,63,50,135,132,93,76,13,38,7" hai2="80,84,47,24,43,65,41,2,21,81,96,14,77" hai3="53,3,123,1,51,35,87,10,78,52,48,34,83"/><T59/><D116/><U36/><E25/><V4/><F2/><W104/><G104/><T20/><D0/><U110/><E63/><V82/><F43/><W115/><G115/><T54/><D126/><U89/><E50/><V66/><F96/><W95/><G123/><T70/><D70/><U16/><E7/><V99/><F99/><W129/><G129/><T17/><D131/><U120/><E120/><V69/><F69/><W26/><G26/><N who="0" m="14607" /><D74/><U55/><E55/><V30/><F66/><W130/><G130/><T127/><D75/><U64/><E64/><V100/><F65/><W91/><G10/><T49/><D39/><U71/><E71/><V73/><F100/><W29/><G29/><T56/><D127/><U46/><E125/><V5/><F73/><W60/><G60/><T102/><D102/><U6/><E6/><V57/><F57/><W101/><G101/><T114/><D114/><U122/><E122/><V62/><F62/><W105/><G105/><T19/><D40/><N who="1" m="22791" /><E38/><V117/><F117/><W37/><G37/><T27/><D59/><U31/><E31/><V103/><F103/><W134/><G134/><N who="1" m="51242" /><E93/><V15/><F41/><W92/><G78/><T111/><D111/><U18/><E110/><V8/><F47/><W98/><G83/><T113/><D113/><U23/><E18/><V106/><F106/><W128/><G128/><T108/><D108/><U119/><E119/><V32/><F32/><W118/><G118/><T44/><D44/><U109/><E109/><V124/><F124/><W97/><G87/><AGARI ba="0,0" hai="19,22,27,49,54,56,85,86,87,88,90" m="14607" machi="87" ten="30,2900,0" yaku="8,1,54,1" doraHai="11" who="0" fromWho="3" sc="365,29,342,0,93,0,200,-29" /><AGARI ba="0,0" hai="13,16,23,76,79,87,89,94" m="51242,22791" machi="87" ten="30,3900,0" yaku="20,1,52,1,54,1" doraHai="11" who="1" fromWho="3" sc="394,0,342,39,93,0,171,-39" /><INIT seed="4,1,0,2,1,40" ten="394,381,93,132" oya="0" hai0="93,128,45,57,105,52,130,127,58,46,76,85,131" hai1="132,26,13,5,29,17,88,107,6,25,122,77,104" hai2="82,10,66,22,34,119,94,2,98,108,31,103,9" hai3="20,37,91,100,72,54,51,96,120,102,15,50,30"/><T43/><D127/><U7/><E77/><V90/><F108/><W21/><G37/><N who="0" m="21743" /><D105/><U12/><E122/><V56/><F119/><W134/><G72/><T3/><D3/><U110/><E110/><V39/><F34/><W38/><G134/><T42/><D52/><U71/><E71/><V99/><F39/><W78/><G78/><T24/><D24/><U86/><E132/><V118/><F2/><W106/><G38/><N who="0" m="21847" /><D93/><U129/><E129/><V68/><F68/><W41/><G120/><T44/><D44/><U33/><E26/><V116/><F118/><W35/><G35/><T63/><D63/><U125/><E125/><V81/><F116/><W48/><G41/><T113/><D113/><U61/><E61/><V124/><F124/><W121/><G121/><T69/><D69/><U32/><E32/><V114/><F114/><W112/><G112/><T74/><D74/><U64/><E64/><V23/><F99/><W115/><G115/><T16/><D16/><U95/><REACH who="1" step="1"/><E13/><REACH who="1" ten="394,371,93,132" step="2"/><V28/><F66/><W53/><G15/><T55/><D55/><U65/><E65/><V135/><F135/><W73/><G54/><T0/><D0/><U59/><E59/><V60/><F56/><W75/><G53/><T14/><D14/><U89/><E89/><V47/><F60/><W126/><G91/><T62/><D62/><U92/><E92/><V79/><F90/><W87/><G126/><T49/><D49/><U101/><E101/><V109/><F103/><W11/><G102/><T18/><D76/><U133/><E133/><V36/><F79/><W70/><G51/><RYUUKYOKU ba="1,1" sc="394,-10,371,30,93,-10,132,-10" hai1="5,6,7,12,17,25,29,33,86,88,95,104,107" /><INIT seed="5,2,1,5,3,0" ten="384,401,83,122" oya="1" hai0="82,70,118,74,98,128,129,105,22,31,17,51,30" hai1="104,78,90,124,110,116,103,52,113,26,81,125,25" hai2="77,55,11,44,4,95,117,114,58,43,85,130,12" hai3="27,119,68,64,41,122,62,28,67,50,34,35,80"/><U16/><E116/><V21/><F130/><N who="0" m="50282" /><D118/><U88/><E110/><V87/><F114/><W96/><G119/><T127/><D70/><U112/><E103/><V10/><F117/><W9/><G64/><T79/><D127/><N who="1" m="48715" /><E104/><V1/><F21/><W19/><G122/><T7/><D7/><U131/><E131/><V66/><F66/><W86/><G96/><T84/><D51/><U53/><E26/><V91/><F77/><W13/><G41/><T99/><D74/><N who="1" m="43223" /><E112/><V39/><F87/><W61/><G61/><T89/><D79/><U72/><E72/><V93/><F95/><W134/><G134/><T101/><D99/><U92/><E113/><V23/><F23/><W40/><G40/><T63/><D63/><U14/><E25/><AGARI ba="2,1" hai="17,22,25,30,31,82,84,89,98,101,105" m="50282" machi="25" ten="30,1000,0" yaku="19,1" doraHai="0" who="0" fromWho="1" sc="384,26,401,-16,83,0,122,0" /><INIT seed="6,0,0,5,1,33" ten="410,385,83,122" oya="2" hai0="42,41,132,55,121,129,40,51,125,2,43,62,120" hai1="34,119,47,45,79,109,52,104,69,27,53,76,1" hai2="113,38,0,3,5,10,57,82,35,32,95,63,90" hai3="117,11,17,94,61,116,111,71,21,24,114,102,99"/><V50/><F38/><W88/><G111/><T93/><D2/><U128/><E69/><V97/><F113/><W16/><G114/><T44/><D125/><U75/><E104/><V133/><F133/><W108/><G108/><T20/><D132/><U135/><E109/><V103/><F50/><W26/><G71/><T25/><D93/><U30/><E119/><V81/><F0/><W107/><G61/><T124/><D124/><U6/><E135/><V70/><F70/><W56/><G56/><T64/><N who="0" m="10240" /><DORA hai="126" /><T85/><D129/><U131/><E6/><V9/><F10/><W19/><G11/><T80/><D62/><U4/><E4/><V39/><F39/><W23/><REACH who="3" step="1"/><G19/><REACH who="3" ten="410,385,83,112" step="2"/><T74/><D64/><U12/><E47/><V8/><F9/><W72/><G72/><T68/><D74/><U15/><E45/><V89/><F35/><W36/><G36/><T46/><D68/><U127/><E127/><V77/><F32/><W14/><G14/><N who="1" m="5162" /><E1/><V67/><REACH who="2" step="1"/><F81/><REACH who="2" ten="410,385,73,112" step="2"/><W31/><G31/><T18/><D44/><U122/><E34/><V110/><F110/><W123/><G123/><T115/><D115/><U101/><E122/><V91/><F91/><W48/><G48/><T66/><D121/><U84/><E30/><V49/><F49/><W83/><G83/><T86/><D120/><U54/><E79/><V100/><F100/><W78/><G78/><T7/><D80/><N who="1" m="47111" /><E101/><V58/><F58/><W92/><G92/><T28/><D28/><U96/><E75/><AGARI ba="0,2" hai="3,5,8,57,63,67,75,77,82,89,90,95,97,103" machi="75" ten="30,11600,0" yaku="1,1,7,1,52,1,53,1" doraHai="33,126" doraHaiUra="29,105" who="2" fromWho="1" sc="410,0,385,-116,73,136,112,0" /><INIT seed="6,1,0,5,4,112" ten="410,269,209,112" oya="2" hai0="5,47,2,120,67,23,87,72,134,6,125,110,61" hai1="91,68,129,27,113,92,123,90,8,75,7,76,81" hai2="17,36,42,127,59,102,108,124,10,50,121,130,135" hai3="106,88,35,116,58,0,57,22,28,20,29,107,46"/><V96/><F121/><W48/><G0/><T122/><D72/><U39/><E68/><V21/><F108/><W51/><G35/><T84/><D47/><U54/><E123/><V56/><F130/><W41/><G46/><T97/><D23/><U19/><E129/><V99/><F36/><W132/><G41/><T117/><D97/><U62/><E39/><V119/><F119/><W85/><G85/><T71/><D6/><U15/><E113/><V100/><F135/><W128/><G128/><T86/><D125/><N who="2" m="48202" /><F42/><W16/><G132/><T1/><D134/><U83/><E75/><V52/><F10/><W55/><G55/><T63/><D117/><U114/><E76/><V73/><F59/><W74/><G74/><T82/><D110/><U26/><E114/><V24/><F73/><W104/><G88/><T13/><D120/><U105/><E105/><V14/><F24/><W98/><G98/><AGARI ba="1,0" hai="14,17,21,50,52,56,96,98,99,100,102" m="48202" machi="98" ten="30,2900,0" yaku="18,1,54,1" doraHai="112" who="2" fromWho="3" sc="410,0,269,0,209,32,112,-32" /><INIT seed="6,2,0,1,1,30" ten="410,269,241,80" oya="2" hai0="27,118,90,4,56,122,130,110,89,46,0,84,105" hai1="39,72,13,121,43,58,23,117,55,15,78,91,12" hai2="40,21,52,77,113,95,106,131,98,34,109,29,33" hai3="49,107,93,99,6,87,129,83,76,35,10,80,25"/><V18/><F106/><W112/><G129/><T38/><D56/><U75/><E117/><V36/><F131/><W22/><G35/><T62/><D90/><U79/><E43/><V127/><F77/><W128/><G128/><T108/><D27/><U5/><E39/><V100/><F29/><W125/><G125/><T133/><D4/><U85/><E121/><V119/><F127/><W53/><G107/><T68/><D62/><U47/><E47/><V92/><F119/><W81/><G112/><T67/><D89/><U88/><E5/><V69/><F69/><W9/><G22/><T60/><D67/><U102/><E102/><V28/><F28/><W64/><G25/><T132/><D60/><U37/><E37/><V54/><F113/><W16/><G64/><T74/><D84/><U135/><E23/><V120/><F120/><W115/><G115/><T20/><D20/><U7/><E7/><V65/><F65/><W63/><G63/><T134/><D134/><U86/><E58/><V8/><F8/><W48/><G48/><T24/><D46/><U94/><E55/><V82/><F82/><W123/><G123/><T124/><D132/><U73/><E135/><V41/><F109/><W1/><G10/><T70/><D110/><U103/><REACH who="1" step="1"/><E103/><REACH who="1" ten="410,259,241,80" step="2"/><V71/><F71/><W126/><G126/><T61/><D70/><U66/><E66/><V96/><F36/><W111/><G111/><T19/><D38/><U2/><E2/><V57/><F57/><W14/><G1/><T101/><D0/><U11/><E11/><V32/><F21/><W17/><G6/><RYUUKYOKU ba="2,1" sc="410,-10,259,30,241,-10,80,-10" hai1="12,13,15,72,73,75,78,79,85,86,88,91,94" /><INIT seed="7,3,1,3,4,127" ten="400,289,231,70" oya="3" hai0="36,60,10,49,102,27,18,64,58,42,31,32,34" hai1="66,117,109,132,14,69,48,78,2,103,44,59,125" hai2="108,65,82,83,100,13,38,93,37,104,9,4,17" hai3="120,97,8,40,41,46,1,19,56,20,98,30,118"/><W47/><G120/><T116/><D116/><U73/><E109/><V62/><F108/><W15/><G118/><T61/><D36/><U134/><E2/><V92/><F104/><W80/><G80/><T112/><D112/><U45/><E117/><V33/><F33/><W106/><G56/><T52/><D102/><U88/><E78/><V0/><F38/><W95/><G106/><T70/><D42/><U26/><E73/><V75/><F37/><W53/><G1/><T21/><D61/><U72/><E72/><V43/><F43/><W16/><G30/><T57/><D70/><U101/><E26/><V79/><F82/><W68/><G68/><T7/><D31/><U107/><E14/><AGARI ba="3,1" hai="7,10,14,18,21,27,32,34,49,52,57,58,60,64" machi="14" ten="30,2000,0" yaku="7,1,54,1" doraHai="127" who="0" fromWho="1" sc="400,39,289,-29,231,0,70,0" owari="439,54.0,260,6.0,231,-17.0,70,-43.0" /></mjloggm>