<mjloggm ver="2.3"><GO type="169" lobby="0"/><UN n0="%E3%83%9C%E3%83%84" n1="%E3%82%80%E3%83%BC%E3%82%80" n2="%EF%BC%88%E2%89%A7%E2%96%BD%E2%89%A6%EF%BC%89" n3="%68%69%67%68%31%35%31%35" dan="17,16,17,16" rate="2080.51,2077.71,2135.35,2103.50" sx="M,M,M,M"/><TAIKYOKU oya="0"/><INIT seed="0,0,0,5,0,79" ten="250,250,250,250" oya="0" hai0="34,85,121,60,63,104,122,68,70,25,43,118,10" hai1="50,58,105,12,24,123,3,124,44,133,129,69,11" hai2="2,111,65,128,16,97,113,88,18,101,99,93,114" hai3="36,135,19,83,102,76,134,62,103,91,110,116,6"/><T0/><D104/><U90/><E105/><V39/><F39/><W41/><G116/><T45/><D118/><U8/><E69/><V78/><F2/><W26/><G110/><T47/><D34/><U55/><E129/><V54/><F111/><W30/><G6/><T49/><D25/><U51/><E124/><V27/><F128/><W33/><G91/><T130/><D85/><U92/><E133/><N who="3" m="50698" /><G62/><N who="0" m="23595" /><D10/><U107/><E107/><V28/><F65/><W126/><G126/><T13/><D13/><U98/><E123/><N who="0" m="47113" /><D0/><U23/><E3/><V131/><F131/><W117/><G117/><T125/><D130/><U57/><E57/><V66/><F78/><W81/><G19/><T127/><D127/><U15/><E15/><V61/><F113/><W17/><G17/><T14/><D14/><U48/><E12/><V4/><F4/><W52/><G52/><N who="0" m="29743" /><D125/><U29/><E11/><V73/><F73/><N who="3" m="43151" /><G83/><T40/><D40/><N who="1" m="24583" /><E8/><V77/><F27/><W96/><G96/><T106/><D106/><U7/><E7/><V64/><F99/><W87/><G87/><T108/><D108/><U132/><E132/><V84/><F97/><W21/><G33/><T75/><D75/><U59/><E24/><V72/><F84/><W80/><G80/><T46/><D43/><U9/><E9/><V5/><F72/><W112/><G26/><T31/><D31/><U20/><E29/><V109/><F28/><W119/><G30/><T32/><D32/><U95/><E95/><V74/><F109/><W94/><G119/><T67/><D67/><U53/><AGARI ba="0,0" hai="20,23,50,51,53,55,58,59,90,92,98" m="24583" machi="53" ten="30,1100,0" yaku="8,1" doraHai="79" who="1" fromWho="1" sc="250,-5,250,11,250,-3,250,-3" /><INIT seed="1,0,0,0,2,17" ten="245,261,247,247" oya="1" hai0="81,55,16,66,27,8,67,133,30,7,95,65,118" hai1="108,126,86,42,82,68,46,36,56,119,124,10,85" hai2="1,129,40,103,21,14,109,58,50,89,97,54,4" hai3="5,24,0,80,91,101,83,47,79,96,92,87,31"/><U78/><E119/><V105/><F109/><W115/><G115/><T128/><D118/><U32/><E68/><V112/><F129/><W120/><G120/><T113/><D113/><U116/><E116/><V98/><F112/><W57/><G0/><T73/><D128/><U60/><E32/><V69/><F69/><W34/><G5/><T90/><D133/><U84/><E10/><V35/><F35/><W123/><G123/><T9/><D7/><U63/><E108/><V76/><F76/><W94/><G47/><T13/><D8/><U61/><REACH who="1" step="1"/><E56/><REACH who="1" ten="245,251,247,247" step="2"/><V26/><F58/><W25/><G57/><T18/><D9/><U121/><E121/><V6/><F1/><W23/><REACH who="3" step="1"/><G79/><REACH who="3" ten="245,251,247,237" step="2"/><T62/><D65/><U39/><E39/><V130/><F130/><W28/><AGARI ba="0,2" hai="23,24,25,28,31,34,80,83,87,91,92,94,96,101" machi="28" ten="20,8000,1" yaku="1,1,2,1,0,1,7,1,52,1,53,0" doraHai="17" doraHaiUra="125" who="3" fromWho="3" sc="245,-20,251,-40,247,-20,237,100" /><INIT seed="2,0,0,5,5,130" ten="225,211,227,337" oya="2" hai0="114,12,20,109,14,61,40,118,78,117,37,77,76" hai1="135,70,31,132,111,10,11,54,9,18,41,104,107" hai2="60,120,88,105,28,21,108,119,51,19,30,110,53" hai3="79,1,57,66,87,34,83,122,0,82,65,102,46"/><V96/><F60/><W35/><G122/><T86/><D114/><U17/><E70/><V134/><F119/><W127/><G102/><T50/><D37/><U125/><E41/><V91/><F120/><W116/><G116/><T98/><D109/><N who="2" m="42090" /><F134/><N who="1" m="51241" /><E111/><V38/><F38/><W112/><G112/><T90/><D61/><U64/><E64/><V55/><F105/><N who="1" m="40521" /><E125/><V15/><F53/><W81/><G127/><T133/><D40/><U94/><E31/><N who="2" m="11819" /><F96/><W129/><G66/><T63/><D98/><U80/><E80/><V97/><F97/><W74/><G82/><T69/><D69/><U16/><E94/><V101/><F101/><W126/><G65/><T62/><D133/><U99/><E99/><V43/><F43/><W33/><G81/><T4/><D118/><U42/><E42/><V44/><AGARI ba="0,0" hai="15,19,21,44,51,55,88,91" m="11819,42090" machi="44" ten="30,6000,0" yaku="14,1,10,1,54,1" doraHai="130" who="2" fromWho="2" sc="225,-20,211,-20,227,60,337,-20" /><INIT seed="2,1,0,4,5,118" ten="205,191,287,317" oya="2" hai0="46,91,105,112,21,26,130,33,106,37,49,88,35" hai1="52,59,95,30,42,68,109,113,123,125,20,64,120" hai2="114,60,92,128,2,0,56,62,8,133,6,66,15" hai3="55,72,61,97,41,115,76,78,87,79,108,45,126"/><V58/><F114/><W4/><G115/><T75/><D37/><U71/><E113/><V43/><F133/><W127/><G72/><T13/><D112/><U103/><E125/><N who="3" m="47626" /><G108/><T96/><D75/><U100/><E109/><V63/><F128/><W98/><G4/><T132/><D132/><U117/><E42/><V131/><F131/><W110/><G110/><T111/><D111/><U86/><E117/><V53/><F43/><W31/><G31/><T23/><D130/><U94/><E64/><V32/><F32/><W50/><G87/><T93/><D91/><N who="1" m="53623" /><E95/><V48/><F0/><W70/><G70/><N who="1" m="26666" /><E20/><V116/><F116/><W24/><G24/><T134/><D134/><U34/><E30/><V99/><REACH who="2" step="1"/><F2/><REACH who="2" ten="205,191,277,317" step="2"/><W74/><G74/><T11/><D35/><U29/><E34/><V12/><F12/><W16/><G41/><T25/><D33/><U51/><E29/><V65/><F65/><W39/><G39/><T135/><D135/><U19/><E19/><V84/><F84/><W38/><G38/><T102/><D25/><U101/><E101/><AGARI ba="1,1" hai="6,8,15,48,53,56,58,60,62,63,66,92,99,101" machi="101" ten="30,5800,0" yaku="1,1,7,1,8,1,53,0" doraHai="118" doraHaiUra="124" who="2" fromWho="1" sc="205,0,191,-61,277,71,317,0" /><INIT seed="2,2,0,5,0,109" ten="205,130,348,317" oya="2" hai0="24,98,23,53,21,82,47,64,66,12,93,102,42" hai1="129,58,55,70,31,46,110,44,14,72,16,1,95" hai2="26,8,2,63,69,71,22,84,108,117,10,90,115" hai3="6,113,128,133,11,36,88,99,81,15,105,45,119"/><V27/><F117/><W131/><G119/><T74/><D53/><U80/><E1/><V97/><F108/><W126/><G126/><T5/><D74/><U103/><E70/><V121/><F121/><W86/><G133/><T76/><D82/><U123/><E123/><V120/><F120/><W124/><G124/><T75/><D76/><U107/><E110/><V48/><F2/><W30/><G30/><T106/><D75/><U25/><E107/><V50/><F97/><W3/><G3/><T52/><D42/><U132/><E129/><N who="3" m="49738" /><G113/><T41/><D41/><U125/><E132/><V122/><F115/><W96/><G105/><T78/><D78/><U40/><E125/><V114/><F114/><W49/><G36/><T35/><D35/><U91/><E103/><V0/><F0/><W60/><G60/><T85/><D106/><U77/><E40/><AGARI ba="2,0" hai="6,11,15,40,45,49,81,86,88,96,99" m="49738" machi="40" ten="30,2000,0" yaku="19,1,54,1" doraHai="109" who="3" fromWho="1" sc="205,0,130,-26,348,0,317,26" /><INIT seed="3,0,0,2,2,7" ten="205,104,348,343" oya="3" hai0="93,43,60,32,76,122,36,12,53,70,79,13,96" hai1="129,120,47,118,102,82,41,73,116,31,99,63,38" hai2="26,126,64,27,10,86,0,123,88,58,30,24,3" hai3="2,103,8,49,69,65,128,114,89,104,100,14,16"/><W101/><G114/><T59/><D32/><U91/><E129/><V52/><F126/><W37/><G128/><T4/><D122/><U134/><E134/><V18/><F123/><W84/><G37/><T133/><D133/><U113/><E113/><V67/><F30/><W95/><G2/><T90/><D70/><U81/><E120/><V119/><F119/><N who="1" m="45609" /><E73/><V85/><F0/><W71/><G104/><T105/><D105/><N who="1" m="63711" /><E91/><V28/><F28/><W22/><G65/><N who="2" m="25161" /><F3/><W40/><REACH who="3" step="1"/><G22/><REACH who="3" ten="205,104,348,333" step="2"/><T109/><D36/><U131/><E131/><V54/><F58/><W61/><G61/><T45/><D59/><U130/><E130/><V87/><F88/><W135/><G135/><T25/><D90/><U55/><E31/><V21/><F10/><W125/><G125/><T74/><D60/><U46/><E63/><V34/><F34/><W23/><G23/><T6/><D76/><U1/><E1/><V5/><F21/><W29/><G29/><T56/><D79/><U132/><E132/><V15/><F26/><W39/><G39/><T75/><D25/><U9/><E9/><N who="2" m="4527" /><F27/><W44/><AGARI ba="0,1" hai="8,14,16,40,44,49,69,71,84,89,95,100,101,103" machi="44" ten="30,11700,0" yaku="1,1,0,1,52,1,54,1,53,0" doraHai="7" doraHaiUra="78" who="3" fromWho="3" sc="205,-39,104,-39,348,-39,333,127" /><INIT seed="3,1,0,4,0,55" ten="166,65,309,460" oya="3" hai0="111,69,20,91,104,117,79,122,39,30,130,77,54" hai1="7,72,109,89,59,0,119,132,46,12,123,127,34" hai2="96,126,44,113,2,14,85,90,15,135,23,35,19" hai3="70,93,61,78,105,110,120,92,26,31,11,3,100"/><W71/><G120/><T75/><D91/><U76/><E89/><V86/><F113/><W68/><G110/><T112/><D54/><U10/><E12/><V37/><F35/><W33/><G78/><T106/><D20/><U22/><E22/><V21/><F2/><W125/><G125/><T49/><D49/><U13/><E13/><V32/><F32/><W18/><G18/><T131/><D30/><U57/><E123/><V24/><F126/><W102/><G102/><T108/><D69/><U50/><E127/><V25/><F135/><W6/><REACH who="3" step="1"/><G61/><REACH who="3" ten="166,65,309,450" step="2"/><T129/><D122/><U52/><E109/><V58/><F19/><W80/><G80/><T95/><D111/><U16/><E132/><V56/><F90/><W17/><G17/><T8/><D108/><U51/><E16/><V64/><F24/><W98/><AGARI ba="1,1" hai="3,6,11,26,31,33,68,70,71,92,93,98,100,105" machi="98" ten="40,3900,0" yaku="1,1,0,1,53,0" doraHai="55" doraHaiUra="84" who="3" fromWho="3" sc="166,-14,65,-14,309,-14,450,52" /><INIT seed="3,2,0,1,2,42" ten="152,51,295,502" oya="3" hai0="72,22,107,16,44,66,32,65,37,86,46,110,12" hai1="70,100,62,6,5,3,21,33,43,102,25,117,130" hai2="9,114,111,71,47,23,19,88,116,104,120,56,54" hai3="134,15,128,30,79,135,59,1,60,51,118,115,11"/><W80/><G115/><T87/><D72/><U126/><E33/><V67/><F104/><W122/><G118/><T131/><D32/><U93/><E117/><V127/><F116/><W61/><G122/><T83/><D107/><U26/><E130/><V113/><F120/><W99/><G1/><T39/><D131/><U10/><E5/><V123/><F123/><W20/><G128/><T85/><D110/><U108/><E108/><V125/><F111/><W119/><G119/><T14/><D83/><U129/><E129/><V132/><F9/><W112/><G112/><T84/><D84/><U76/><E126/><N who="2" m="48139" /><F71/><W24/><G99/><T45/><REACH who="0" step="1"/><D12/><REACH who="0" ten="142,51,295,502" step="2"/><U103/><E76/><V69/><F114/><W73/><G15/><T101/><D101/><U7/><E102/><V109/><F113/><W64/><G80/><T90/><D90/><U0/><E103/><V17/><F88/><W77/><G73/><T31/><D31/><U41/><E100/><V98/><F109/><W78/><G30/><T89/><D89/><U94/><E3/><V49/><F98/><W55/><G77/><T92/><D92/><U91/><E0/><V35/><F35/><W36/><G78/><T52/><D52/><U97/><E93/><V34/><F34/><W13/><G55/><T8/><D8/><U124/><E10/><V53/><F54/><W96/><G13/><T74/><D74/><U82/><E82/><V57/><F53/><W133/><G96/><T121/><D121/><U95/><E124/><V81/><F81/><W40/><G79/><T105/><D105/><U38/><E95/><RYUUKYOKU ba="2,1" sc="142,30,51,-10,295,-10,502,-10" hai0="14,16,22,37,39,44,45,46,65,66,85,86,87" /><INIT seed="4,3,1,0,4,42" ten="172,41,285,492" oya="0" hai0="22,135,85,69,103,33,40,7,65,130,18,83,114" hai1="104,81,118,38,27,5,108,111,47,109,67,96,74" hai2="70,89,105,4,36,45,78,87,21,0,107,120,133" hai3="53,127,79,25,106,125,90,14,102,84,66,24,59"/><T93/><D33/><U54/><E118/><V43/><F70/><W97/><G79/><T68/><D114/><U50/><E38/><V123/><F133/><W73/><G73/><T61/><D69/><U92/><E104/><V115/><F115/><W58/><G66/><T11/><D135/><U100/><E5/><V95/><F78/><W46/><G14/><T126/><D126/><N who="3" m="48137" /><G46/><T94/><D130/><U23/><E67/><V35/><F95/><N who="3" m="54727" /><G59/><T44/><D103/><U77/><REACH who="1" step="1"/><E109/><REACH who="1" ten="172,31,285,492" step="2"/><V75/><F4/><W51/><AGARI ba="3,2" hai="24,25,51,53,58,97,102,106" m="54727,48137" machi="51" ten="30,1100,0" yaku="18,1" doraHai="42" who="3" fromWho="3" sc="172,-8,31,-6,285,-6,492,40" /><INIT seed="5,0,0,3,0,68" ten="164,25,279,532" oya="1" hai0="74,101,134,132,39,115,9,127,107,85,72,15,7" hai1="27,24,125,45,129,123,11,0,4,66,25,22,93" hai2="64,58,3,73,89,30,86,13,118,94,124,102,88" hai3="31,108,111,120,51,105,70,84,103,8,19,75,96"/><U110/><E66/><V48/><F73/><W79/><G75/><T113/><D127/><U91/><E125/><V55/><F3/><W95/><G70/><T14/><D39/><U49/><E123/><V23/><F118/><W33/><G33/><T37/><D37/><U69/><E69/><V67/><F102/><W47/><G31/><T80/><D15/><U2/><E110/><V128/><F128/><W26/><G120/><T35/><D35/><U50/><E129/><V40/><F40/><W60/><G60/><T76/><D74/><U83/><E0/><V38/><F38/><W121/><G121/><T1/><D72/><U97/><E83/><N who="2" m="49247" /><F124/><W71/><G71/><T42/><D42/><U53/><REACH who="1" step="1"/><E50/><REACH who="1" ten="164,15,279,532" step="2"/><V6/><F67/><W114/><G51/><T106/><D1/><U56/><E56/><V130/><F64/><W65/><G65/><T16/><D80/><U98/><E98/><V87/><F130/><W117/><G96/><T20/><D132/><U12/><E12/><V5/><F13/><W126/><G108/><T52/><D134/><U10/><E10/><V28/><F58/><W17/><G8/><T36/><D14/><U41/><E41/><V92/><F48/><W99/><G99/><T81/><D9/><U43/><E43/><V57/><F57/><W44/><G111/><T29/><D36/><U34/><E34/><V77/><F5/><W122/><G126/><T133/><D7/><U112/><E112/><V90/><F6/><W82/><G114/><T32/><D113/><U54/><E54/><V62/><F55/><W78/><G122/><RYUUKYOKU ba="0,1" sc="164,-10,15,30,279,-10,532,-10" hai1="2,4,11,22,24,25,27,45,49,53,91,93,97" /><INIT seed="5,1,1,1,5,30" ten="154,45,269,522" oya="1" hai0="92,62,135,126,119,66,109,70,57,1,18,51,9" hai1="54,108,35,131,77,67,115,13,56,3,12,78,97" hai2="95,64,33,2,49,68,47,88,101,14,103,124,118" hai3="31,4,123,10,93,43,69,98,130,83,63,15,52"/><U133/><E3/><V8/><F2/><W106/><G123/><T65/><D119/><U32/><E108/><V17/><F33/><N who="1" m="12873" /><E67/><V90/><F118/><W28/><G130/><T73/><D92/><U53/><E97/><N who="2" m="57575" /><F64/><W22/><G106/><T105/><D51/><U114/><E133/><V134/><F68/><W127/><G127/><T23/><D65/><U122/><E122/><V34/><F34/><W61/><G43/><T87/><D66/><U94/><E94/><V116/><F124/><W21/><G69/><T107/><D70/><U16/><E131/><V121/><F116/><W79/><G28/><T84/><D1/><U117/><E117/><V25/><F121/><W132/><G132/><T5/><D135/><U36/><E36/><V125/><F125/><W48/><G31/><T75/><D87/><U0/><E0/><V46/><F134/><W38/><G38/><T120/><D84/><U11/><E12/><V26/><F101/><W7/><G15/><T24/><D126/><U44/><E44/><V110/><F103/><W112/><G7/><T19/><D120/><U45/><E45/><V96/><F47/><W129/><G4/><T20/><D5/><U81/><E81/><V39/><F39/><W104/><G83/><T76/><D109/><U42/><E42/><N who="2" m="24791" /><F110/><W99/><G129/><T60/><D105/><U59/><E59/><V128/><F128/><W55/><G104/><T40/><D107/><U91/><E91/><V74/><F74/><W86/><G99/><T50/><D57/><U82/><E82/><V80/><F80/><W102/><G98/><RYUUKYOKU ba="1,1" sc="154,-10,45,-10,269,30,522,-10" hai2="8,14,17,25,26,90,96" /><INIT seed="6,2,1,4,0,108" ten="144,35,299,512" oya="2" hai0="123,120,131,32,53,18,112,65,44,37,9,84,6" hai1="40,0,75,132,113,106,104,10,122,93,22,48,20" hai2="121,92,3,109,14,59,2,86,45,78,46,126,103" hai3="62,51,128,58,119,81,74,56,38,68,96,23,8"/><V49/><F121/><W64/><G38/><T116/><D32/><U115/><E122/><V73/><F109/><W117/><G128/><T105/><D105/><N who="1" m="40555" /><E75/><V70/><F70/><W60/><G96/><T42/><D116/><U17/><E132/><V77/><F73/><W7/><G23/><N who="1" m="8746" /><E93/><V4/><F92/><W54/><G81/><T61/><D84/><U118/><E118/><V25/><F86/><W129/><G74/><T90/><D131/><U114/><E17/><V21/><F77/><W11/><G11/><T15/><D18/><U55/><E40/><V69/><F78/><W34/><G129/><T33/><D42/><U80/><E80/><V83/><F83/><W63/><G34/><T1/><D9/><U72/><E72/><V111/><F21/><W71/><G8/><T89/><D33/><U31/><E31/><V16/><F111/><W12/><G117/><T76/><D76/><U27/><E27/><V85/><F16/><W26/><G119/><T94/><D94/><U30/><E30/><V82/><F25/><W135/><G26/><T47/><D123/><U39/><E39/><V52/><F82/><W13/><G135/><T110/><D37/><U125/><E125/><V66/><F126/><W87/><G87/><T130/><D120/><U57/><E0/><V5/><F3/><W99/><G62/><T41/><D1/><U127/><E10/><V50/><F2/><W134/><G134/><T95/><D130/><U29/><E29/><V124/><F124/><W97/><G63/><T28/><D110/><U107/><E127/><V91/><F4/><RYUUKYOKU ba="2,1" sc="144,-10,35,30,299,-10,512,-10" hai1="48,55,57,107,113,114,115" /><INIT seed="7,3,1,4,0,27" ten="134,65,289,502" oya="3" hai0="134,105,75,32,106,26,7,16,135,40,44,79,123" hai1="100,124,64,33,36,132,91,19,102,2,14,52,131" hai2="89,28,111,66,58,71,41,109,118,104,130,133,120" hai3="116,112,67,50,76,30,51,53,129,110,17,46,70"/><W3/><G116/><T119/><D123/><U113/><E2/><V8/><F104/><W125/><G3/><T84/><D119/><U85/><E33/><V127/><F58/><W88/><G76/><T45/><D75/><U97/><E124/><V115/><F66/><W98/><G125/><T73/><D73/><U20/><E131/><V92/><F92/><W101/><G129/><T114/><D7/><U107/><E132/><N who="0" m="50729" /><D114/><U12/><E113/><V83/><F83/><W5/><G112/><T39/><D45/><U48/><E36/><V34/><F127/><W23/><G5/><T103/><D103/><U54/><E64/><V21/><F118/><W81/><G67/><T126/><D126/><U69/><E69/><V57/><F71/><W47/><G70/><T61/><D61/><U86/><E102/><V94/><F120/><W96/><G51/><T77/><D32/><U68/><E68/><V128/><F34/><W78/><G50/><T74/><D74/><U60/><E12/><V31/><F115/><W72/><G81/><N who="0" m="47151" /><D79/><U35/><E35/><V55/><F130/><W0/><G78/><T42/><D42/><U49/><E60/><V87/><F41/><W43/><G43/><T63/><D63/><U38/><E38/><V15/><F128/><W108/><G101/><T122/><D122/><U1/><E1/><V37/><F37/><W93/><G93/><T6/><D6/><U4/><E4/><V117/><F94/><W10/><G47/><T121/><D121/><U82/><E86/><V56/><F87/><W99/><G46/><T22/><AGARI ba="3,1" hai="16,22,26,39,40,44,105,106" m="47151,50729" machi="22" ten="30,4000,0" yaku="5,1,20,1,54,1" doraHai="27" who="0" fromWho="0" sc="134,59,65,-13,289,-13,502,-23" owari="193,-21.0,52,-45.0,276,8.0,479,58.0" /></mjloggm>