<mjloggm ver="2.3"><GO type="169" lobby="0"/><UN n0="%66%69%63%6B%6C%65" n1="%E3%80%93%E6%9D%BE%E4%BA%95%EF%BC%A3%EF%BC%B3%E3%80%93" n2="%E3%81%9D%E3%81%AE%EF%BC%91%EF%BD%90%E5%BD%93%E3%81%9F%E3%82%8A%E3%81%A0" n3="%EF%BC%88%E2%89%A7%E2%96%BD%E2%89%A6%EF%BC%89" dan="16,18,16,17" rate="2018.43,2215.02,2040.45,2213.00" sx="M,M,M,M"/><TAIKYOKU oya="0"/><INIT seed="0,0,0,2,2,32" ten="250,250,250,250" oya="0" hai0="25,134,107,114,84,97,74,80,95,39,18,83,105" hai1="16,110,132,102,131,20,41,85,11,2,118,23,1" hai2="36,99,113,120,70,135,33,7,92,58,86,48,98" hai3="101,115,65,61,22,117,108,104,124,128,64,111,50"/><T109/><D39/><U10/><E118/><V42/><F120/><W67/><G117/><T57/><D57/><U103/><E41/><V38/><F113/><W93/><G115/><T72/><D114/><U46/><E46/><V63/><F33/><W54/><G124/><T96/><D25/><U125/><E85/><V43/><F36/><W71/><G128/><T19/><D18/><U0/><E131/><V53/><F135/><W89/><G101/><T27/><D27/><U35/><E132/><V37/><F37/><W12/><G104/><N who="0" m="40011" /><D19/><U82/><E35/><V69/><F7/><W13/><G61/><T73/><D134/><U76/><E125/><V59/><F70/><W123/><G123/><T8/><D8/><U130/><E130/><V87/><F69/><W129/><G129/><T4/><D4/><U49/><E49/><V100/><F99/><N who="0" m="37962" /><D109/><N who="3" m="42057" /><G22/><T9/><D9/><U56/><E56/><V126/><F126/><W31/><G31/><T79/><D95/><U34/><E34/><V52/><F38/><W78/><G71/><T3/><D3/><U91/><E110/><V24/><F24/><W121/><G121/><T60/><D60/><U127/><E127/><V90/><REACH who="2" step="1"/><F87/><REACH who="2" ten="250,250,240,250" step="2"/><N who="3" m="52415" /><G12/><T116/><D116/><U88/><E2/><V68/><F68/><W17/><G13/><T14/><D14/><U28/><E28/><V66/><F66/><W15/><G15/><T133/><D133/><U47/><E16/><V29/><F29/><W21/><G17/><T5/><D5/><U6/><E6/><V77/><F77/><AGARI ba="0,1" hai="72,73,74,77,79,80,83,84" m="37962,40011" machi="77" ten="30,12000,1" yaku="35,5" doraHai="32" who="0" fromWho="2" sc="250,130,250,0,240,-120,250,0" /><INIT seed="0,1,0,4,1,11" ten="380,250,120,250" oya="0" hai0="80,51,126,109,82,12,30,81,40,127,92,115,88" hai1="53,104,60,135,95,132,70,32,118,133,0,33,6" hai2="29,125,1,44,36,52,14,20,3,101,57,111,129" hai3="130,86,128,64,2,103,75,46,13,34,41,19,54"/><T68/><D115/><U67/><E118/><V31/><F101/><W100/><G75/><T71/><D30/><U120/><E104/><V106/><F106/><W78/><G2/><T25/><D25/><U63/><E120/><V66/><F111/><W110/><G64/><T27/><D27/><U22/><E22/><V43/><F129/><N who="3" m="49771" /><G54/><T24/><D24/><U123/><E123/><V85/><F125/><N who="0" m="47626" /><D109/><U4/><E95/><V134/><F134/><W18/><G18/><T61/><D61/><U15/><E0/><V62/><F3/><W39/><G34/><T26/><D26/><U87/><E87/><V97/><F1/><W96/><G96/><T58/><D12/><U119/><E119/><V73/><F97/><W79/><G86/><N who="0" m="52247" /><D58/><N who="1" m="34895" /><E4/><V114/><F114/><W108/><G108/><T5/><D5/><U77/><E77/><N who="3" m="29194" /><G110/><T10/><D10/><AGARI ba="1,0" hai="6,10,15,32,33,63,67,70,132,133,135" m="34895" machi="10" ten="30,2000,0" yaku="20,1,52,1" doraHai="11" who="1" fromWho="0" sc="380,-23,250,23,120,0,250,0" /><AGARI ba="1,0" hai="10,13,19,39,41,46,100,103" m="29194,49771" machi="10" ten="30,2000,0" yaku="19,1,52,1" doraHai="11" who="3" fromWho="0" sc="357,-20,273,0,120,0,250,20" /><INIT seed="1,0,0,0,1,36" ten="337,273,120,270" oya="1" hai0="76,89,31,70,133,44,84,72,6,114,106,15,46" hai1="2,9,128,109,5,57,122,82,117,65,135,50,100" hai2="96,61,24,34,60,85,42,108,124,32,62,116,49" hai3="40,48,113,75,87,66,126,23,102,54,83,81,29"/><U99/><E117/><V19/><F116/><W53/><G113/><T3/><D114/><U59/><E122/><V118/><F118/><W129/><G129/><T4/><D70/><U33/><E33/><V38/><F38/><W45/><G126/><T90/><D3/><U131/><E135/><V74/><F74/><W130/><G130/><N who="1" m="49706" /><E109/><V39/><F39/><W105/><G75/><T73/><D31/><U18/><E82/><V127/><F108/><W88/><G66/><T103/><D15/><U91/><E91/><V104/><F85/><N who="3" m="50239" /><G102/><T119/><D103/><U11/><E65/><V110/><F110/><W80/><G105/><T121/><D106/><N who="1" m="63775" /><E50/><V101/><F34/><W52/><G87/><T63/><D90/><U97/><E97/><V25/><F32/><W22/><G22/><T123/><D89/><U86/><E86/><V64/><F64/><W14/><G14/><AGARI ba="0,0" hai="2,5,9,11,14,18,57,59" m="63775,49706" machi="14" ten="30,1500,0" yaku="19,1" doraHai="36" who="1" fromWho="3" sc="337,0,273,15,120,0,270,-15" /><INIT seed="1,1,0,2,3,72" ten="337,288,120,255" oya="1" hai0="58,110,118,54,75,29,4,3,122,131,103,68,87" hai1="39,12,13,64,22,31,130,18,115,67,20,70,62" hai2="32,109,73,100,106,41,52,95,93,25,35,43,113" hai3="76,129,47,30,74,126,124,2,121,55,120,105,78"/><U49/><E39/><V65/><F65/><W71/><G71/><T61/><D118/><U81/><E115/><V56/><F113/><W108/><G2/><T50/><D75/><U79/><E130/><V17/><F109/><W0/><G0/><T86/><D110/><U116/><E116/><V53/><F73/><W99/><G108/><T8/><D131/><U38/><E38/><V85/><F106/><W9/><G129/><T117/><D117/><U111/><E111/><V34/><F100/><N who="3" m="62623" /><G9/><T66/><D122/><N who="3" m="47209" /><G30/><T98/><REACH who="0" step="1"/><D29/><REACH who="0" ten="327,288,120,255" step="2"/><U11/><E31/><V45/><F35/><W82/><G74/><T28/><D28/><U69/><E69/><V80/><F32/><W46/><G82/><T128/><D128/><U36/><E70/><V6/><F80/><W104/><G124/><T102/><D102/><U97/><E36/><V1/><F34/><W33/><G126/><T44/><D44/><U114/><E114/><V15/><F45/><W127/><G46/><T84/><D84/><N who="1" m="48191" /><E97/><V125/><F125/><W63/><G127/><T14/><D14/><U51/><E22/><N who="2" m="13519" /><F1/><W37/><G37/><T119/><D119/><U88/><E13/><V112/><F112/><W59/><G33/><T19/><D19/><U89/><E20/><V60/><F85/><W101/><G47/><T77/><D77/><U92/><E89/><V134/><F15/><W23/><G23/><T132/><D132/><U27/><E27/><V42/><F134/><W123/><G123/><T5/><D5/><U90/><E90/><V26/><F6/><W16/><G16/><T83/><D83/><RYUUKYOKU ba="1,1" sc="327,15,288,-15,120,-15,255,15" hai0="3,4,8,50,54,58,61,66,68,86,87,98,103" hai3="55,59,63,76,78,101,104" /><INIT seed="2,2,1,5,3,82" ten="342,273,105,270" oya="2" hai0="89,28,105,62,104,73,101,133,1,122,42,57,108" hai1="71,69,23,5,52,72,116,134,127,123,60,98,86" hai2="88,41,4,8,24,129,125,102,35,26,38,110,2" hai3="135,130,81,106,34,103,13,128,121,70,131,36,68"/><V79/><F102/><W99/><G121/><T107/><D122/><U114/><E72/><V58/><F129/><W124/><G124/><T91/><D73/><U119/><E123/><V100/><F100/><W77/><G135/><T14/><D1/><U22/><E114/><V45/><F125/><W17/><G34/><T31/><D133/><U118/><E134/><V61/><F35/><W18/><G36/><T75/><D75/><U93/><E127/><V92/><F79/><W74/><REACH who="3" step="1"/><G18/><REACH who="3" ten="342,273,105,260" step="2"/><T80/><D108/><U63/><E119/><V10/><F110/><W76/><G76/><T94/><D28/><U46/><E118/><V132/><F132/><W55/><G55/><T53/><D31/><U115/><E116/><V43/><F43/><W0/><G0/><T44/><D42/><U126/><E126/><V96/><REACH who="2" step="1"/><F10/><AGARI ba="2,2" hai="10,13,17,68,70,74,77,81,99,103,106,128,130,131" machi="10" ten="40,2600,0" yaku="1,1,19,1,53,0" doraHai="82" doraHaiUra="49" who="3" fromWho="2" sc="342,0,273,0,105,-32,260,52" /><INIT seed="3,0,0,2,3,60" ten="342,273,73,312" oya="3" hai0="67,40,29,115,55,22,57,121,113,92,99,27,104" hai1="38,108,16,117,3,35,32,123,78,122,111,81,7" hai2="77,135,20,90,83,12,100,87,82,80,54,49,24" hai3="97,34,30,75,19,98,44,48,64,33,23,0,61"/><W14/><G75/><T41/><D121/><U65/><E38/><V15/><F135/><W85/><G0/><T70/><D104/><U51/><E51/><V50/><F100/><W89/><G33/><N who="1" m="12874" /><E65/><V56/><F50/><W9/><G34/><T109/><D109/><N who="1" m="42059" /><E117/><V13/><REACH who="2" step="1"/><F77/><REACH who="2" ten="342,273,63,312" step="2"/><W66/><G48/><T43/><D115/><U103/><E103/><V130/><F130/><W69/><G89/><N who="0" m="55695" /><D113/><U94/><E78/><V119/><F119/><W110/><G110/><T52/><D70/><U86/><E123/><V73/><F73/><W45/><G69/><T4/><D4/><U101/><E122/><V131/><F131/><W107/><G44/><T84/><D84/><U63/><E7/><V95/><F95/><W59/><G85/><T76/><D76/><U134/><E134/><V47/><F47/><W28/><G45/><T72/><D72/><U31/><E94/><V25/><F25/><N who="3" m="14591" /><G107/><T106/><D106/><U88/><E101/><V128/><F128/><W21/><G98/><T46/><D46/><U62/><E86/><V17/><AGARI ba="0,1" hai="12,13,15,17,20,24,49,54,56,80,82,83,87,90" machi="17" ten="30,4000,0" yaku="1,1,0,1,8,1,53,0" doraHai="60" doraHaiUra="71" who="2" fromWho="2" sc="342,-10,273,-10,63,50,312,-20" /><INIT seed="4,0,0,1,4,39" ten="332,263,113,292" oya="0" hai0="92,87,121,50,67,31,45,115,71,9,64,7,16" hai1="114,48,2,99,61,35,30,6,36,116,42,89,37" hai2="96,68,32,18,120,107,55,79,70,54,128,28,97" hai3="117,106,80,56,23,112,94,44,13,53,59,125,63"/><T93/><D115/><U0/><E116/><V58/><F120/><W110/><G110/><T86/><D121/><U95/><E114/><V73/><F128/><W65/><G106/><T47/><D31/><U27/><E61/><V135/><F135/><W102/><G117/><T46/><D50/><U17/><E17/><V76/><F18/><N who="3" m="10703" /><G125/><T133/><D133/><U100/><E36/><V105/><F28/><W52/><G80/><T11/><D71/><U101/><E48/><V41/><F58/><N who="3" m="37111" /><G112/><T25/><D67/><U51/><E51/><V43/><REACH who="2" step="1"/><F73/><REACH who="2" ten="332,263,103,292" step="2"/><W118/><G118/><T127/><D127/><U33/><E33/><AGARI ba="0,1" hai="32,33,41,43,54,55,68,70,76,79,96,97,105,107" machi="33" ten="25,12000,2" yaku="1,1,2,1,22,2,52,2,53,0" doraHai="39" doraHaiUra="134" who="2" fromWho="1" sc="332,0,263,-120,103,130,292,0" /><INIT seed="5,0,0,5,4,128" ten="332,143,233,292" oya="1" hai0="75,12,46,58,6,55,118,17,59,122,27,61,101" hai1="68,57,95,0,36,115,106,123,109,49,103,35,30" hai2="50,19,98,67,116,20,45,130,15,133,74,9,40" hai3="14,124,131,108,84,88,66,52,56,82,79,127,43"/><U28/><E36/><V60/><F130/><W117/><G131/><T120/><D118/><U18/><E68/><V39/><F116/><W112/><G108/><T1/><D75/><U77/><E123/><N who="0" m="47145" /><D101/><U83/><E106/><V80/><F98/><W78/><G117/><T29/><D1/><U31/><E0/><V41/><F41/><W126/><G112/><T92/><D6/><U91/><E103/><V100/><F100/><W8/><G66/><T64/><D46/><U10/><E115/><V53/><F133/><W96/><G43/><T107/><D107/><U24/><E109/><V81/><F74/><W51/><G96/><T3/><D92/><U135/><E135/><V114/><F114/><W129/><G129/><T11/><D3/><U89/><E95/><V87/><F87/><W16/><AGARI ba="0,0" hai="8,14,16,51,52,56,78,79,82,84,88,124,126,127" machi="16" ten="30,8000,1" yaku="0,1,18,1,54,3" doraHai="128" who="3" fromWho="3" sc="332,-20,143,-40,233,-20,292,80" /><INIT seed="6,0,0,2,3,49" ten="312,103,213,372" oya="2" hai0="107,72,35,118,68,86,69,8,19,94,71,112,51" hai1="128,7,30,88,133,24,126,120,15,56,75,97,48" hai2="99,114,82,73,3,0,115,119,23,40,63,89,105" hai3="50,22,78,47,53,106,113,108,41,62,91,66,129"/><V18/><F119/><W134/><G106/><T37/><D107/><U93/><E133/><V46/><F63/><W11/><G78/><T90/><D37/><U123/><E75/><V77/><F89/><W34/><G34/><T109/><D109/><U54/><E128/><V26/><F99/><W103/><G103/><T39/><D39/><U4/><E126/><V81/><F81/><W98/><G108/><T122/><D122/><U65/><E65/><V43/><F105/><W102/><G113/><N who="2" m="43017" /><F43/><W42/><G102/><T52/><D118/><U45/><E15/><V130/><F130/><W25/><G129/><T2/><D72/><U64/><E64/><V1/><F1/><W10/><G91/><T36/><D36/><AGARI ba="0,0" hai="0,3,18,23,26,36,40,46,73,77,82" m="43017" machi="36" ten="30,1500,0" yaku="15,1" doraHai="49" who="2" fromWho="0" sc="312,-15,103,0,213,15,372,0" /><INIT seed="6,1,0,1,4,69" ten="297,103,228,372" oya="2" hai0="55,71,91,61,95,122,116,106,13,92,110,120,131" hai1="84,134,45,96,56,72,130,121,99,85,97,109,83" hai2="89,51,59,48,17,82,14,90,135,1,34,26,35" hai3="107,15,44,50,86,80,118,87,3,128,74,65,23"/><V32/><F1/><W27/><G107/><T103/><D110/><U93/><E109/><V73/><F135/><W94/><G3/><T100/><D131/><U16/><E134/><V108/><F108/><W126/><G74/><T6/><D106/><U8/><E130/><V53/><F26/><W115/><G118/><T76/><D76/><U0/><E121/><V54/><F73/><W119/><G119/><T41/><D41/><U102/><E0/><V29/><F29/><W98/><G65/><T117/><D71/><U52/><E72/><V2/><F2/><W66/><G66/><T123/><D61/><U9/><E9/><V7/><F7/><W75/><G126/><T11/><D55/><U20/><E8/><V132/><F132/><W79/><G15/><T70/><D70/><U33/><E45/><V127/><F127/><W60/><G60/><T31/><D31/><U18/><E33/><V125/><F125/><W112/><G128/><T12/><D117/><U104/><E104/><V28/><F28/><N who="3" m="17535" /><G50/><T5/><D116/><U114/><E114/><N who="3" m="43562" /><G44/><T40/><D123/><U38/><E38/><V49/><F49/><W4/><G4/><T25/><D122/><U101/><E18/><V19/><F35/><W58/><G58/><T30/><D120/><U21/><E21/><V133/><F133/><W124/><G124/><T81/><D5/><U67/><E67/><V68/><F68/><W111/><G111/><T63/><D6/><U43/><E43/><V36/><F59/><W57/><G57/><T10/><D12/><U129/><E129/><V88/><F14/><RYUUKYOKU ba="1,0" sc="297,-10,103,-10,228,-10,372,30" hai3="75,79,80,86,87,94,98" /><INIT seed="7,2,0,3,2,9" ten="287,93,218,402" oya="3" hai0="110,105,65,135,125,106,34,62,37,124,54,97,99" hai1="20,21,2,68,75,15,66,22,38,67,84,31,121" hai2="117,41,30,109,0,70,48,63,40,112,123,42,87" hai3="79,12,76,85,43,25,27,77,96,26,4,59,29"/><W115/><G29/><T45/><D34/><U114/><E75/><V19/><F19/><W35/><G35/><T5/><D110/><U56/><E2/><V95/><F30/><W83/><G43/><T28/><D28/><U71/><E38/><V8/><F8/><N who="3" m="4103" /><G115/><T13/><D135/><U64/><E31/><V118/><F95/><W93/><G59/><T131/><D54/><U16/><E114/><V134/><F87/><W46/><G46/><T82/><D82/><U91/><E121/><V90/><F90/><AGARI ba="2,0" hai="25,26,27,76,77,79,83,85,90,93,96" m="4103" machi="90" ten="30,2900,0" yaku="8,1,52,1" doraHai="9" who="3" fromWho="2" sc="287,0,93,0,218,-35,402,35" owari="287,9.0,93,-41.0,183,-22.0,437,54.0" /></mjloggm>