<mjloggm ver="2.3"><GO type="169"/><UN n0="%E6%96%B0%E8%B2%B4" n1="%EF%BC%88%E2%89%A7%E2%96%BD%E2%89%A6%EF%BC%89" n2="%41%53%41%50%49%4E" n3="%E2%98%85%E3%81%AA%E3%82%8A%E3%81%BD%E3%81%9F%E2%98%85" dan="16,18,17,16" rate="2058,2184,2164,2113" sx="M,M,M,F"/><TAIKYOKU oya="0"/><INIT seed="0,0,0,0,4,14" ten="250,250,250,250" oya="0" hai0="125,16,58,25,107,90,63,83,31,99,97,1,44" hai1="131,86,23,30,36,81,69,117,93,8,94,96,15" hai2="116,62,5,4,112,50,3,10,40,51,41,26,59" hai3="55,92,64,43,12,84,11,101,130,132,121,126,100"/><T45/><D1/><U133/><E117/><V38/><F112/><W54/><G132/><T47/><D125/><U75/><E133/><V34/><F116/><W19/><G126/><T37/><D37/><U127/><E36/><V9/><F34/><W76/><G130/><T80/><D107/><U48/><E127/><V111/><F111/><W78/><G64/><T109/><D109/><U118/><E69/><V95/><F26/><W110/><G121/><T119/><D119/><U134/><E134/><V42/><F95/><W73/><G43/><T35/><D35/><U103/><E118/><V106/><F106/><W115/><G115/><T2/><D31/><U98/><E131/><V128/><F38/><W21/><G73/><T105/><D2/><U53/><E75/><V113/><F113/><W135/><G110/><T123/><D105/><U88/><E23/><V108/><F108/><W67/><G67/><N who="0" m="39415" /><D123/><U65/><E65/><V52/><REACH who="2" step="1"/><F128/><REACH who="2" ten="250,250,240,250" step="2"/><W74/><G135/><T24/><D24/><U46/><E30/><V89/><F89/><N who="3" m="53287" /><G101/><T60/><D60/><U49/><E49/><V85/><F85/><W91/><G91/><T104/><D104/><N who="1" m="63591" /><E98/><N who="0" m="37385" /><D90/><U61/><E61/><V68/><F68/><W57/><G74/><T6/><D6/><U87/><E87/><V22/><F22/><AGARI ba="0,1" hai="16,22,25,44,45,47,80,83" m="37385,39415" machi="22" ten="30,5800,0" yaku="8,1,52,1,54,1" doraHai="14" who="0" fromWho="2" sc="250,68,250,0,240,-58,250,0" /><INIT seed="0,1,0,0,1,114" ten="318,250,182,250" oya="0" hai0="134,83,10,79,9,12,132,100,102,70,24,29,110" hai1="26,41,80,78,106,19,8,112,119,81,42,45,65" hai2="89,135,46,74,123,105,61,7,13,107,111,77,104" hai3="39,115,2,60,16,30,108,14,53,38,28,5,36"/><T1/><D70/><U87/><E106/><V133/><F61/><W20/><G115/><T58/><D1/><U126/><E112/><V66/><F66/><W76/><G76/><T6/><D10/><U95/><E126/><V64/><F64/><W84/><G84/><N who="0" m="48255" /><D58/><U116/><E65/><V22/><F22/><W43/><G43/><T127/><D127/><U72/><E95/><V52/><F13/><W31/><G108/><T121/><D121/><U3/><E42/><V67/><F67/><W11/><G60/><T50/><D50/><U128/><E128/><V56/><F7/><W99/><G99/><T118/><D118/><U120/><E120/><V21/><F21/><W34/><REACH who="3" step="1"/><G53/><REACH who="3" ten="318,250,182,240" step="2"/><T98/><D110/><U63/><E63/><N who="2" m="36231" /><F111/><W88/><G88/><T71/><D71/><U0/><E119/><V109/><F109/><W97/><G97/><T130/><D130/><U49/><E116/><V86/><F123/><W117/><G117/><T51/><D98/><U62/><E62/><V82/><F89/><W101/><G101/><T27/><D51/><U4/><E87/><V75/><F86/><W37/><N who="3" m="9728" /><DORA hai="103" /><W85/><G85/><T33/><D102/><U73/><E73/><V44/><F75/><W113/><G113/><T32/><D100/><U91/><E91/><V68/><F68/><W93/><G93/><T122/><D122/><U131/><E131/><V48/><F48/><W47/><G47/><T57/><D57/><U23/><E81/><V18/><F44/><W35/><AGARI ba="1,1" hai="2,5,11,14,16,20,28,30,31,34,35" m="9728" machi="35" ten="60,7900,0" yaku="1,1,0,1,54,1,53,0" doraHai="114,103" doraHaiUra="59,90" who="3" fromWho="3" sc="318,-40,250,-21,182,-21,240,92" /><INIT seed="1,0,0,5,0,52" ten="278,229,161,332" oya="1" hai0="127,96,68,81,7,82,100,41,111,133,97,38,48" hai1="72,59,105,51,129,13,130,49,1,126,43,34,74" hai2="134,83,117,122,35,62,67,89,119,16,54,125,102" hai3="113,25,40,2,61,33,4,6,65,46,27,84,107"/><U5/><E105/><V12/><F122/><W58/><G113/><T15/><D68/><U17/><E34/><V108/><F35/><W10/><G107/><T120/><D38/><U98/><E98/><V29/><F29/><W8/><G84/><T26/><D120/><U30/><E30/><V47/><F108/><W112/><G112/><T110/><D133/><U121/><E121/><V124/><F134/><W123/><G33/><T101/><D26/><U128/><E126/><N who="2" m="48747" /><F102/><N who="0" m="39530" /><D127/><U85/><E85/><N who="2" m="50367" /><F54/><W92/><G92/><T116/><D116/><U75/><E43/><V21/><F47/><W28/><G28/><T88/><D41/><U11/><REACH who="1" step="1"/><E59/><AGARI ba="0,0" hai="12,16,21,59,62,67,117,119" m="50367,48747" machi="59" ten="30,3900,0" yaku="18,1,52,1,54,1" doraHai="52" who="2" fromWho="1" sc="278,0,229,-39,161,39,332,0" /><INIT seed="2,0,0,3,2,84" ten="278,190,200,332" oya="2" hai0="86,17,100,58,111,15,24,68,64,43,126,98,2" hai1="28,99,79,71,46,107,23,77,134,125,89,88,97" hai2="27,13,37,54,130,69,133,30,12,61,44,33,118" hai3="25,32,65,104,91,101,4,47,113,75,9,83,53"/><V26/><F118/><W121/><G65/><T67/><D2/><U128/><E71/><V56/><F130/><W92/><G121/><T76/><D68/><U62/><E128/><V73/><F73/><W52/><G113/><T124/><D111/><U14/><E134/><V103/><F133/><W7/><G47/><T19/><D43/><U72/><E72/><V29/><F69/><W5/><G9/><T3/><D3/><U49/><E125/><N who="0" m="48233" /><D24/><N who="1" m="16415" /><E62/><V21/><REACH who="2" step="1"/><F103/><REACH who="2" ten="278,190,190,332" step="2"/><W93/><G75/><T35/><D100/><U110/><E110/><V81/><F81/><W38/><G83/><T39/><D35/><U127/><E127/><V50/><F50/><W90/><G101/><T1/><D39/><U66/><E107/><V80/><F80/><W74/><G74/><T105/><D105/><U108/><E108/><V116/><F116/><W40/><G104/><T20/><D76/><U94/><E79/><V41/><AGARI ba="0,1" hai="12,13,21,26,27,29,30,33,37,41,44,54,56,61" machi="41" ten="30,3000,0" yaku="1,1,0,1,53,0" doraHai="84" doraHaiUra="34" who="2" fromWho="2" sc="278,-10,190,-10,190,40,332,-10" /><INIT seed="2,1,0,0,0,51" ten="268,180,230,322" oya="2" hai0="82,25,66,86,81,65,133,101,84,107,78,4,74" hai1="45,88,43,90,83,9,129,6,71,69,99,57,109" hai2="32,0,20,47,132,14,134,49,114,18,77,95,59" hai3="23,50,22,72,123,19,55,104,126,89,16,94,42"/><V46/><F114/><W120/><G104/><T10/><D133/><N who="2" m="51306" /><F32/><W117/><G117/><T91/><D25/><U119/><E119/><V87/><BYE who="1" /><F0/><W27/><G72/><T85/><D66/><U60/><E60/><V52/><F77/><W48/><G126/><T106/><D65/><U67/><E67/><V34/><F34/><W13/><G42/><T92/><D10/><U28/><E28/><V70/><F70/><W105/><G105/><N who="0" m="39947" /><D4/><U2/><E2/><V113/><F113/><W40/><G40/><T1/><D1/><U98/><E98/><AGARI ba="1,0" hai="74,78,81,82,84,85,86,91,92,98,101" m="39947" machi="98" ten="30,8000,1" yaku="35,5" doraHai="51" who="0" fromWho="1" sc="268,83,180,-83,230,0,322,0" /><INIT seed="3,0,0,4,5,133" ten="351,97,230,322" oya="3" hai0="47,85,126,65,6,17,78,95,132,46,70,41,71" hai1="120,129,9,72,38,33,118,11,8,96,109,112,117" hai2="75,25,53,5,115,68,105,59,34,54,56,62,104" hai3="124,24,3,19,100,86,14,123,32,119,13,81,74"/><W121/><G119/><T77/><D132/><U58/><E58/><V79/><F115/><W15/><G74/><T110/><D6/><U48/><E48/><V28/><F68/><W52/><G100/><T1/><D1/><U131/><E131/><V42/><F42/><W7/><G52/><T43/><D95/><U12/><E12/><V18/><F5/><W111/><G111/><T99/><D99/><U35/><E35/><V130/><F130/><W51/><G51/><T23/><D65/><U64/><E64/><V20/><F79/><W91/><G124/><T61/><D61/><U45/><E45/><V73/><F73/><W2/><G19/><T97/><D97/><U30/><E30/><V40/><F40/><W108/><G108/><T31/><D31/><U92/><E92/><V102/><F102/><W4/><G4/><T88/><D110/><U101/><E101/><V93/><F93/><W87/><G87/><T39/><D126/><U90/><E90/><V106/><F75/><UN n1="%EF%BC%88%E2%89%A7%E2%96%BD%E2%89%A6%EF%BC%89" /><W63/><G63/><T27/><D71/><U89/><E72/><V94/><F94/><W80/><G80/><T83/><REACH who="0" step="1"/><D70/><REACH who="0" ten="341,97,230,322" step="2"/><U69/><E69/><V127/><F127/><W82/><G3/><T21/><D21/><U98/><E109/><V134/><F134/><W37/><G2/><T67/><D67/><U66/><E117/><V116/><F116/><W26/><G7/><T22/><D22/><U36/><E118/><V128/><F128/><W57/><G32/><T114/><D114/><U10/><E129/><V122/><F34/><W50/><G82/><T0/><D0/><RYUUKYOKU ba="0,1" sc="341,30,97,-10,230,-10,322,-10" hai0="17,23,27,39,41,43,46,47,77,78,83,85,88" /><INIT seed="4,1,1,0,2,9" ten="371,87,220,312" oya="0" hai0="82,79,11,98,62,5,104,28,75,55,78,3,118" hai1="32,101,133,94,121,1,72,125,128,77,97,26,93" hai2="87,50,92,71,42,15,105,84,112,100,115,53,20" hai3="47,132,96,58,27,12,64,56,29,109,22,49,116"/><T91/><D118/><U48/><E121/><V59/><F71/><W34/><G116/><T7/><D79/><U4/><E125/><V33/><F33/><W81/><G109/><T19/><D7/><U39/><E39/><V95/><F105/><W8/><G132/><T14/><D28/><U24/><E133/><V90/><F42/><W120/><G120/><T117/><D117/><U123/><E123/><V102/><F87/><W54/><G34/><T35/><D35/><U31/><E128/><V17/><F95/><W107/><G64/><T85/><D62/><U76/><E72/><V65/><F65/><W30/><G29/><T0/><D55/><U21/><E94/><V43/><F43/><W113/><G113/><AGARI ba="1,1" hai="15,17,20,50,53,59,84,90,92,100,102,112,113,115" machi="113" ten="40,8000,1" yaku="25,2,15,1,52,1" doraHai="9" who="2" fromWho="3" sc="371,0,87,0,220,93,312,-83" /><INIT seed="5,0,0,1,5,132" ten="371,87,313,229" oya="1" hai0="68,63,43,108,109,37,75,85,123,19,38,104,3" hai1="61,5,21,13,128,88,4,72,60,44,87,25,45" hai2="122,125,22,133,70,29,23,30,130,131,33,67,26" hai3="94,12,8,1,124,84,57,62,49,56,66,31,121"/><U115/><E72/><V96/><F122/><W89/><G121/><T71/><D123/><U54/><E128/><N who="2" m="49195" /><F70/><W65/><G1/><T42/><D85/><U119/><E115/><V135/><F67/><W101/><G124/><T102/><D19/><N who="1" m="12479" /><E119/><V47/><F47/><N who="1" m="17993" /><E13/><V18/><F96/><N who="3" m="59543" /><G31/><N who="2" m="11785" /><F33/><W6/><G49/><T10/><D75/><U34/><E34/><V41/><F41/><N who="0" m="15370" /><D10/><U78/><E78/><V95/><F95/><N who="3" m="54695" /><G57/><T112/><D3/><U48/><E48/><V105/><F105/><W118/><G118/><T86/><D102/><U116/><E116/><V27/><F125/><W77/><G77/><T0/><D86/><U69/><E69/><N who="0" m="26697" /><D104/><U106/><E106/><V113/><F113/><W36/><G36/><N who="0" m="13931" /><D0/><U52/><E4/><V98/><F98/><W7/><G6/><T15/><D15/><U83/><E5/><V126/><F126/><W59/><G59/><T14/><D14/><U114/><E114/><V58/><F58/><W111/><G111/><T82/><D112/><U99/><E99/><V24/><F18/><W55/><AGARI ba="0,0" hai="7,8,12,55,56,62,65,66" m="54695,59543" machi="55" ten="30,1100,0" yaku="8,1" doraHai="132" who="3" fromWho="3" sc="371,-3,87,-5,313,-3,229,11" /><INIT seed="6,0,0,0,5,93" ten="368,82,310,240" oya="2" hai0="2,18,43,39,57,20,92,12,122,123,132,13,60" hai1="83,9,23,25,100,97,98,107,19,125,16,102,28" hai2="17,108,69,87,91,75,64,55,88,36,121,46,133" hai3="86,76,4,116,118,103,47,30,135,61,54,68,1"/><V59/><F121/><W110/><G110/><T90/><D2/><U72/><E125/><V21/><F75/><W89/><G76/><T37/><D132/><U38/><E38/><V117/><F117/><W120/><G120/><T65/><D123/><U127/><E127/><V130/><F133/><W49/><G30/><T94/><D122/><U101/><E9/><V8/><F108/><W126/><G135/><T106/><D106/><U6/><E6/><V74/><F74/><W3/><G126/><T71/><D92/><U31/><E31/><V5/><F130/><W84/><G103/><T53/><D43/><U128/><E128/><V48/><F69/><W62/><G86/><N who="0" m="52567" /><D12/><U131/><E131/><V56/><F64/><W134/><G4/><T14/><D14/><U24/><E107/><V11/><F36/><W99/><G62/><T85/><D85/><U82/><E72/><V45/><F56/><W67/><G99/><N who="1" m="37898" /><E28/><V44/><F87/><W0/><REACH who="3" step="1"/><G134/><REACH who="3" ten="368,82,310,230" step="2"/><T27/><D60/><U105/><E105/><V42/><F5/><W129/><G129/><T58/><D71/><U7/><E7/><V32/><F32/><W26/><G26/><N who="1" m="10346" /><E19/><V70/><F70/><W63/><G63/><T79/><D18/><U10/><E10/><N who="2" m="3627" /><F17/><W50/><G50/><T80/><D39/><U40/><E40/><V78/><F42/><W96/><G96/><T109/><D37/><U77/><E77/><V73/><F78/><W22/><G22/><T114/><D79/><U35/><E35/><V34/><F34/><W33/><G33/><T29/><D109/><U41/><E41/><RYUUKYOKU ba="0,1" sc="368,-15,82,15,310,-15,230,15" hai1="16,23,82,83,100,101,102" hai3="0,1,3,47,49,54,61,67,68,84,89,116,118" /><INIT seed="7,1,1,0,4,66" ten="353,97,295,245" oya="3" hai0="102,92,88,62,74,59,119,97,28,122,39,26,75" hai1="63,16,18,29,132,81,104,5,36,133,93,125,53" hai2="37,131,77,106,80,30,13,85,23,8,115,112,110" hai3="84,101,67,43,31,128,2,46,35,71,90,68,52"/><W89/><G2/><T134/><D122/><U42/><E104/><V87/><F110/><W105/><G128/><T56/><D119/><U14/><E125/><V94/><F106/><W33/><G52/><T47/><D134/><U126/><E126/><V32/><F32/><W79/><G79/><T61/><D102/><U121/><E121/><V100/><F37/><W118/><G118/><T10/><D10/><U116/><E116/><V54/><F131/><W99/><G67/><T49/><D39/><U27/><E5/><V113/><F30/><W11/><G11/><T15/><D15/><U24/><E81/><V98/><F23/><W6/><G6/><T51/><D59/><U96/><E36/><V69/><F69/><W117/><G117/><T65/><D62/><U114/><E42/><V7/><REACH who="2" step="1"/><F54/><REACH who="2" ten="353,97,285,245" step="2"/><W17/><G17/><T135/><D135/><U0/><E0/><V55/><F55/><W95/><G90/><T9/><D28/><U83/><E114/><V103/><F103/><W44/><G44/><T108/><D108/><U12/><E83/><V109/><F109/><W50/><REACH who="3" step="1"/><G31/><REACH who="3" ten="353,97,285,235" step="2"/><T4/><D47/><U38/><E29/><V130/><F130/><W60/><G60/><T78/><D61/><U40/><E53/><V20/><F20/><W123/><G123/><T3/><D88/><N who="1" m="55335" /><E63/><V22/><F22/><W76/><G76/><T57/><D78/><U25/><E132/><V1/><F1/><W45/><G45/><T58/><D65/><U82/><E133/><V86/><AGARI ba="1,3" hai="7,8,13,77,80,85,86,87,94,98,100,112,113,115" machi="86" ten="40,5200,0" yaku="1,1,0,1,15,1,53,0" doraHai="66" doraHaiUra="107" who="2" fromWho="2" sc="353,-14,97,-14,285,85,235,-27" owari="339,14.0,83,-42.0,370,47.0,208,-19.0" /></mjloggm>