<mjloggm ver="2.3"><GO type="41"/><UN n0="%74%61%6E%75%6B%69%6E%75" n1="%E5%B7%A6%E6%8A%98%E5%8F%AF" n2="%E3%82%A6%E3%83%AB%E3%83%88%E3%83%A9%E7%AB%8B%E7%9B%B4" n3="%E9%BB%92%E3%81%84%E9%AB%AA%E3%81%AE%E5%B0%91%E5%A5%B3" dan="14,15,15,14" rate="1952,1925,1985,1819" sx="M,M,M,M"/><TAIKYOKU oya="0"/><INIT seed="0,0,0,1,3,51" ten="250,250,250,250" oya="0" hai0="25,133,104,126,98,11,127,69,32,16,31,106,43" hai1="58,87,134,53,92,62,60,18,63,37,115,131,135" hai2="102,28,132,84,55,64,99,80,95,118,45,1,40" hai3="27,14,109,122,120,19,7,83,46,4,47,17,65"/><T82/><D133/><N who="1" m="50699" /><E37/><V48/><F132/><W130/><G65/><T73/><D43/><U89/><E131/><V107/><F1/><W129/><G83/><T35/><D16/><U42/><E42/><V29/><F118/><W123/><G47/><T78/><D11/><U124/><E124/><N who="0" m="47657" /><D35/><U3/><E18/><V44/><F64/><W70/><G46/><T39/><D39/><U5/><E115/><V68/><F68/><W0/><G70/><T85/><D85/><U54/><E5/><N who="3" m="2122" /><G27/><T116/><D116/><U75/><E75/><V38/><REACH who="2" step="1"/><F107/><REACH who="2" step="2"/><N who="0" m="41002" /><D98/><U128/><E3/><V108/><F108/><W110/><G0/><T96/><D96/><U100/><E100/><V30/><F30/><W72/><G72/><T105/><N who="0" m="41010" /><T97/><DORA hai="59" /><D97/><U22/><E128/><N who="3" m="49258" /><G17/><T74/><D69/><U94/><E94/><V10/><F10/><AGARI ba="0,1" hai="10,14,19,109,110,120,122,123" m="49258,2122" machi="10" ten="40,8000,1" yaku="13,1,19,1,34,2" doraHai="51,59" who="3" fromWho="2" sc="250,0,250,0,240,-80,250,90" /><INIT seed="1,0,0,3,4,91" ten="250,250,160,340" oya="1" hai0="107,16,18,127,114,21,47,73,58,115,20,8,87" hai1="57,98,27,97,72,22,62,96,105,128,104,36,54" hai2="12,13,49,74,32,53,11,48,30,133,99,61,94" hai3="84,108,19,117,121,80,60,100,69,65,109,10,35"/><U26/><E72/><V130/><F74/><W31/><G121/><T119/><D73/><U25/><E36/><V86/><F130/><W116/><G100/><T6/><D107/><U51/><E128/><V88/><F133/><W129/><G129/><T29/><D47/><U106/><REACH who="1" step="1"/><E22/><REACH who="1" step="2"/><V82/><F32/><W41/><G117/><T5/><D119/><U50/><AGARI ba="0,1" hai="25,26,27,50,51,54,57,62,96,97,98,104,105,106" machi="50" ten="40,12000,1" yaku="1,1,2,1,0,1,29,2,53,0" doraHai="91" doraHaiUra="66" who="1" fromWho="1" sc="250,-40,240,130,160,-40,340,-40" /><INIT seed="1,1,0,3,2,24" ten="210,370,120,300" oya="1" hai0="12,95,93,8,105,122,9,133,54,88,46,0,52" hai1="40,120,113,10,129,68,28,14,34,16,31,48,76" hai2="110,26,59,23,115,130,79,123,97,124,71,103,49" hai3="92,126,125,121,94,63,98,18,74,81,41,45,114"/><U33/><E120/><V131/><F71/><W85/><G121/><T3/><D105/><U60/><E113/><V118/><F123/><W42/><G114/><T25/><D122/><U73/><E73/><V87/><F115/><W61/><G74/><T36/><D133/><U29/><E76/><V6/><F118/><W134/><G134/><T2/><D25/><U82/><E82/><V128/><F6/><W84/><G18/><T50/><D36/><U89/><E129/><V111/><F124/><N who="3" m="47723" /><G84/><T69/><D69/><U135/><E135/><V57/><F87/><W21/><G21/><T109/><D109/><N who="2" m="41482" /><F79/><N who="3" m="46271" /><G92/><T86/><D95/><U104/><E104/><N who="2" m="63599" /><F49/><N who="3" m="26799" /><G42/><T101/><D101/><AGARI ba="1,0" hai="61,63,94,98,101" m="26799,46271,47723" machi="101" ten="30,1000,0" yaku="18,1" doraHai="24" who="3" fromWho="0" sc="210,-13,370,0,120,0,300,13" /><INIT seed="2,0,0,5,2,16" ten="197,370,120,313" oya="2" hai0="59,103,78,113,110,15,126,82,120,88,124,52,123" hai1="85,84,122,42,70,46,11,69,63,39,125,83,13" hai2="7,72,95,49,43,32,27,97,99,40,127,64,115" hai3="121,35,5,92,94,31,77,74,36,87,38,20,0"/><V62/><F115/><W3/><G121/><T18/><D113/><U108/><E122/><V57/><F72/><W67/><G35/><T50/><D103/><U100/><E100/><V101/><F127/><N who="0" m="48682" /><D110/><U8/><E108/><V23/><F32/><W73/><G67/><T118/><D118/><U131/><E125/><V55/><F97/><W112/><G112/><T45/><D59/><U21/><E131/><V22/><F7/><W106/><G106/><T129/><D129/><U96/><E96/><V79/><F79/><W93/><G5/><T104/><D104/><U76/><E84/><V65/><F65/><W114/><G114/><T132/><D132/><U10/><REACH who="1" step="1"/><E63/><REACH who="1" step="2"/><V116/><F116/><W130/><G87/><N who="0" m="50295" /><D78/><U68/><E68/><V80/><F80/><W71/><G77/><T12/><D15/><U133/><E133/><V44/><REACH who="2" step="1"/><F23/><AGARI ba="0,1" hai="12,18,23,45,50,52,120,123" m="50295,48682" machi="23" ten="30,7700,0" yaku="18,1,52,1,54,2" doraHai="16" who="0" fromWho="2" sc="197,87,360,0,120,-77,313,0" /><INIT seed="3,0,0,2,4,124" ten="284,360,43,313" oya="3" hai0="93,118,94,65,22,63,115,97,128,71,123,10,37" hai1="114,130,33,89,88,42,90,26,132,28,27,95,47" hai2="77,48,1,36,61,38,11,9,96,44,6,23,110" hai3="25,49,64,80,59,91,133,82,135,102,40,20,8"/><W29/><G102/><T4/><D118/><U108/><E114/><V109/><F77/><W32/><G8/><T15/><D115/><U113/><E113/><V17/><F61/><W100/><G100/><T121/><D128/><U13/><E130/><V104/><F96/><W67/><G40/><T43/><D93/><U85/><E108/><V70/><F70/><W53/><G32/><T35/><D35/><U75/><E75/><V98/><F98/><W79/><G91/><T51/><D37/><U0/><E0/><V117/><F104/><W12/><G12/><T103/><D22/><U14/><E132/><N who="3" m="50762" /><G80/><T78/><D78/><U120/><E26/><V69/><F69/><W99/><G99/><T3/><D3/><U54/><E54/><V73/><F73/><AGARI ba="0,0" hai="20,25,29,49,53,59,64,67,73,79,82" m="50762" machi="73" ten="30,1500,0" yaku="20,1" doraHai="124" who="3" fromWho="2" sc="284,0,360,0,43,-15,313,15" /><INIT seed="3,1,0,0,3,65" ten="284,360,28,328" oya="3" hai0="34,125,87,107,121,72,112,32,43,38,80,20,70" hai1="58,110,96,17,75,31,61,39,134,93,41,115,105" hai2="30,103,95,68,55,60,56,16,64,116,66,14,46" hai3="81,133,48,53,57,44,89,123,11,79,6,74,50"/><W113/><G123/><T127/><D72/><U36/><E115/><V131/><F131/><W15/><G113/><T4/><D112/><U42/><E105/><V106/><F116/><W82/><G133/><T102/><D121/><U45/><E75/><V84/><F106/><W21/><G21/><T23/><D4/><U111/><E31/><V62/><F30/><W0/><G89/><T117/><D117/><U54/><E17/><V85/><F103/><W88/><G88/><T98/><D70/><U9/><E9/><V28/><F28/><W97/><G97/><T8/><D8/><U67/><E134/><V129/><F129/><W90/><G90/><T83/><D43/><N who="1" m="16395" /><E93/><V104/><F104/><W76/><G0/><T10/><D38/><N who="1" m="14379" /><E96/><V73/><F73/><W109/><G109/><N who="1" m="41482" /><E45/><V7/><F7/><W3/><G3/><T13/><D34/><U132/><E132/><V63/><F95/><W51/><G44/><T135/><D32/><U33/><E33/><V128/><F128/><W59/><G74/><T99/><D135/><U5/><E5/><V94/><F94/><W35/><G35/><T40/><D99/><U91/><E91/><V114/><F114/><W27/><G27/><T1/><D1/><U24/><E24/><V86/><F46/><N who="3" m="27799" /><G76/><T92/><D107/><U108/><N who="1" m="41490" /><U2/><DORA hai="122" /><E2/><V78/><F78/><W119/><G79/><T120/><D120/><U25/><E25/><V52/><REACH who="2" step="1"/><F63/><REACH who="2" step="2"/><W29/><G29/><T47/><D102/><U37/><E37/><V126/><F126/><W77/><G77/><T101/><D125/><RYUUKYOKU ba="1,1" sc="284,-15,360,15,18,15,328,-15" hai1="54,58,61,67" hai2="14,16,52,55,56,60,62,64,66,68,84,85,86" /><INIT seed="4,2,1,1,1,83" ten="269,375,33,313" oya="0" hai0="27,35,19,73,118,80,12,109,119,88,74,28,52" hai1="89,53,68,25,76,112,103,120,127,72,134,78,46" hai2="77,7,36,93,133,91,0,106,16,86,64,100,34" hai3="122,61,70,58,40,128,75,81,123,47,26,3,15"/><T57/><D109/><U66/><E120/><N who="3" m="46122" /><G128/><T41/><D41/><U124/><E103/><V87/><F34/><W62/><G3/><T99/><D73/><U96/><E134/><V42/><F133/><W8/><G26/><T94/><D74/><U18/><E68/><V111/><F111/><W67/><G75/><T13/><D80/><U51/><E66/><V10/><F106/><W97/><G97/><T6/><D6/><U24/><E112/><V33/><F33/><W121/><G81/><T11/><REACH who="0" step="1"/><D12/><REACH who="0" step="2"/><U82/><E76/><V38/><F42/><W131/><G121/><T21/><D21/><U130/><E72/><V110/><F110/><W29/><G131/><T17/><D17/><U90/><E130/><V105/><F38/><N who="3" m="21911" /><G29/><T55/><D55/><U23/><E82/><V63/><F36/><W132/><G132/><T2/><D2/><U65/><E78/><V22/><F77/><W69/><G62/><AGARI ba="2,2" hai="11,13,19,27,28,35,52,57,62,88,94,99,118,119" machi="62" ten="30,12000,1" yaku="1,1,7,1,54,2,53,1" doraHai="83" doraHaiUra="49" who="0" fromWho="3" sc="259,146,375,0,33,0,313,-126" /><INIT seed="4,3,0,4,2,129" ten="405,375,33,187" oya="0" hai0="133,87,70,19,40,52,124,88,35,81,8,66,116" hai1="135,117,63,131,31,21,58,54,128,75,11,134,60" hai2="72,3,130,93,59,36,16,97,38,41,53,108,49" hai3="33,20,24,114,85,91,30,89,79,44,4,9,127"/><T57/><D116/><U29/><E75/><V1/><F108/><W17/><G114/><T51/><D35/><U103/><E117/><V100/><F130/><N who="1" m="49705" /><E103/><V39/><F72/><W45/><G127/><T13/><D124/><U42/><E42/><V22/><REACH who="2" step="1"/><F41/><REACH who="2" step="2"/><W122/><G122/><T115/><D115/><U105/><E105/><V43/><F43/><W102/><G102/><T84/><D40/><U18/><E11/><V78/><F78/><W112/><G79/><T34/><D133/><N who="1" m="50699" /><E63/><V64/><F64/><W10/><G112/><T69/><D66/><U55/><E55/><V32/><F32/><W99/><G10/><T61/><D34/><U92/><E92/><V119/><F119/><W98/><G9/><T65/><D87/><U86/><E86/><V62/><F62/><W5/><G5/><T67/><REACH who="0" step="1"/><D65/><REACH who="0" step="2"/><U7/><E7/><V6/><F6/><W50/><G4/><T121/><D121/><U132/><E132/><V0/><F0/><W74/><G85/><T2/><D2/><U76/><E76/><V28/><F28/><W77/><G77/><T71/><AGARI ba="3,2" hai="8,13,19,51,52,57,61,67,69,70,71,81,84,88" machi="71" ten="20,12000,1" yaku="1,1,0,1,7,1,54,2,53,0" doraHai="129" doraHaiUra="68" who="0" fromWho="0" sc="395,149,375,-43,23,-43,187,-43" owari="544,65,332,13,-20,-52,144,-26" /></mjloggm>