<mjloggm ver="2.3"><GO type="169" lobby="0"/><UN n0="%EF%BC%88%E2%89%A7%E2%96%BD%E2%89%A6%EF%BC%89" n1="%E3%83%9A%E3%83%81%E3%83%A7%E3%83%BC%E3%83%AA%E3%83%B3" n2="%E8%B6%85%E3%83%87%E3%82%B8%E3%82%BF%E3%83%AB%E6%B4%BE" n3="%E3%83%9F%E3%83%A9%E3%82%AF%E3%83%AB%E3%81%8A%E3%81%98%E3%81%95%E3%82%93" dan="17,17,17,17" rate="2142.02,2167.01,2125.33,2166.54" sx="M,M,M,M"/><TAIKYOKU oya="0"/><INIT seed="0,0,0,2,0,108" ten="250,250,250,250" oya="0" hai0="8,94,19,107,111,52,89,22,59,21,13,91,38" hai1="49,96,135,50,65,40,35,128,11,133,83,51,85" hai2="67,9,126,76,69,6,121,1,66,0,58,113,28" hai3="15,119,36,5,116,104,37,60,48,95,41,73,71"/><T87/><D107/><U29/><E128/><V122/><F113/><W31/><G104/><T39/><D111/><U57/><E96/><V64/><F69/><W70/><G73/><T100/><D100/><U25/><E11/><V120/><F126/><W55/><G31/><T16/><D89/><U74/><E74/><V124/><F124/><W115/><G95/><T17/><D39/><U23/><E40/><V109/><F109/><W34/><G34/><T130/><D38/><U106/><E106/><V42/><F42/><W62/><G15/><T72/><D72/><U86/><E35/><V134/><F76/><W110/><G5/><N who="0" m="3215" /><D130/><U68/><E68/><V14/><F134/><N who="1" m="51209" /><E83/><V123/><F28/><W117/><G110/><T61/><AGARI ba="0,0" hai="16,17,19,21,22,52,59,61,87,91,94" m="3215" machi="61" ten="30,6000,0" yaku="8,1,54,2" doraHai="108" who="0" fromWho="0" sc="250,60,250,-20,250,-20,250,-20" /><INIT seed="0,1,0,3,1,15" ten="310,230,230,230" oya="0" hai0="124,7,62,16,10,66,109,38,88,83,14,107,123" hai1="26,68,93,108,103,43,133,63,48,98,135,80,5" hai2="82,134,111,34,1,0,102,65,58,4,42,114,115" hai3="52,37,45,73,11,81,27,60,110,33,90,120,35"/><T12/><D38/><U67/><E5/><V77/><F34/><W119/><G119/><T51/><D107/><U87/><E108/><V53/><F65/><W47/><G110/><T121/><D109/><U70/><E70/><V118/><F111/><W49/><G120/><T25/><D124/><U2/><E2/><V19/><F134/><N who="1" m="51209" /><E26/><V132/><F132/><W105/><G105/><T64/><D25/><U3/><E3/><V86/><F118/><W95/><G60/><T39/><D39/><U22/><E22/><V50/><F102/><W129/><G129/><T59/><D66/><U91/><E48/><V44/><F0/><W78/><G11/><T56/><D51/><U89/><E43/><V55/><F4/><W13/><G13/><T94/><D59/><U106/><E106/><V104/><F104/><W84/><REACH who="3" step="1"/><G27/><REACH who="3" ten="310,230,230,220" step="2"/><T72/><D72/><U125/><E125/><V24/><F1/><W127/><G127/><T17/><D7/><U21/><E21/><N who="2" m="13375" /><F115/><W23/><G23/><N who="0" m="11671" /><D123/><U31/><E31/><V79/><F114/><W112/><G112/><T41/><D121/><U130/><E130/><V71/><F42/><AGARI ba="1,1" hai="33,35,37,42,45,47,49,52,73,78,81,84,90,95" machi="42" ten="40,2600,0" yaku="1,1,54,1,53,0" doraHai="15" doraHaiUra="116" who="3" fromWho="2" sc="310,0,230,0,230,-29,220,39" /><BYE who="0" /><INIT seed="1,0,0,0,2,96" ten="310,230,201,259" oya="1" hai0="119,28,39,64,108,127,43,120,85,26,86,121,111" hai1="91,84,7,10,49,118,97,69,65,45,129,114,66" hai2="5,53,99,15,115,27,47,42,117,110,128,33,34" hai3="81,74,76,77,59,25,68,93,23,131,135,106,134"/><U83/><E114/><V75/><F117/><W57/><G68/><T4/><D4/><U89/><E118/><V24/><F75/><W130/><G106/><T92/><D92/><U21/><E129/><N who="3" m="49162" /><G77/><T82/><D82/><U9/><E69/><V78/><F128/><UN n0="%EF%BC%88%E2%89%A7%E2%96%BD%E2%89%A6%EF%BC%89" /><W37/><G37/><T54/><D64/><U109/><E109/><N who="0" m="42057" /><D119/><U72/><E72/><V102/><F110/><W48/><G93/><T101/><D127/><U100/><E91/><V61/><F78/><W105/><G105/><T133/><D133/><N who="3" m="50697" /><G48/><T50/><D85/><U113/><E113/><V20/><F115/><W125/><G125/><T126/><D86/><U112/><E112/><V94/><F34/><W22/><G22/><N who="0" m="15447" /><D126/><U62/><E21/><V19/><F33/><W16/><AGARI ba="0,0" hai="16,23,25,57,59,74,76,81" m="50697,49162" machi="16" ten="30,4000,0" yaku="19,1,20,1,54,1" doraHai="96" who="3" fromWho="3" sc="310,-10,230,-20,201,-10,259,40" /><INIT seed="2,0,0,2,3,135" ten="300,210,191,299" oya="2" hai0="20,6,30,38,53,98,81,4,79,29,66,82,0" hai1="94,80,108,51,41,68,12,83,132,42,69,74,89" hai2="102,134,13,35,22,48,87,84,27,101,114,104,99" hai3="39,26,49,100,15,118,133,113,31,131,45,24,126"/><V124/><F114/><W86/><G113/><T7/><D0/><U56/><E132/><V76/><F134/><W122/><G118/><T110/><D38/><U125/><E108/><V119/><F119/><W62/><G133/><T9/><D110/><U40/><E12/><V78/><F35/><W60/><G122/><T85/><D66/><U65/><E74/><V109/><F109/><W54/><G131/><T72/><D9/><U111/><E111/><V128/><F13/><W17/><G100/><N who="2" m="38505" /><F48/><W59/><G86/><N who="2" m="32809" /><F22/><W106/><G106/><T61/><D20/><U46/><E68/><V14/><F14/><W70/><G39/><T63/><D6/><U16/><E69/><V129/><F27/><W73/><G73/><T47/><D72/><U130/><E51/><V10/><F10/><W116/><G116/><T19/><D4/><U33/><E80/><V5/><F5/><W90/><G70/><T32/><D81/><U95/><E83/><V2/><F2/><W25/><G31/><T8/><D82/><U43/><E33/><V121/><F121/><W37/><G37/><T57/><D32/><U67/><E65/><V123/><F123/><W103/><G25/><T21/><D7/><U44/><E67/><V50/><F50/><W36/><G49/><T58/><D8/><U55/><E42/><V120/><F120/><W105/><G24/><T115/><D115/><U96/><E40/><V18/><F18/><W1/><G17/><T92/><D21/><U77/><E43/><V34/><F34/><W93/><G26/><T75/><D75/><U3/><E41/><RYUUKYOKU ba="0,0" sc="300,0,210,0,191,0,299,0" /><INIT seed="3,1,0,4,5,26" ten="300,210,191,299" oya="3" hai0="107,96,12,22,110,49,28,60,115,8,100,116,112" hai1="82,70,88,78,92,66,32,117,126,129,76,91,50" hai2="47,33,128,71,1,0,109,98,64,111,57,103,87" hai3="40,95,37,105,69,119,106,30,108,62,44,14,93"/><W131/><G119/><T20/><D110/><U10/><E32/><V102/><F71/><W21/><G131/><T84/><D116/><U90/><E129/><V29/><F128/><W74/><G74/><T2/><D2/><U65/><E117/><V58/><F87/><W41/><G40/><T51/><D60/><U113/><E113/><N who="0" m="43593" /><D84/><U31/><E126/><V52/><F64/><W99/><G108/><N who="2" m="41545" /><F47/><W75/><G75/><T3/><D3/><U9/><E70/><V101/><F98/><W59/><G69/><T27/><D22/><U6/><E92/><V36/><F36/><W135/><G135/><T133/><D133/><U4/><E50/><N who="2" m="30871" /><F58/><W67/><G95/><T81/><D81/><U130/><E130/><V123/><F123/><W38/><G38/><T104/><D107/><U34/><E34/><V53/><F53/><W121/><G121/><T55/><D55/><U15/><E82/><V48/><F48/><W134/><G134/><T86/><D86/><U63/><E63/><V42/><F42/><W18/><REACH who="3" step="1"/><G30/><REACH who="3" ten="300,210,191,289" step="2"/><T56/><D56/><U80/><E31/><V122/><F122/><W85/><G85/><T5/><AGARI ba="1,1" hai="5,8,12,20,27,28,49,51,96,100,104" m="43593" machi="5" ten="30,2000,0" yaku="11,1,52,1" doraHai="26" who="0" fromWho="0" sc="300,33,210,-6,191,-6,289,-11" /><INIT seed="4,0,0,5,5,133" ten="333,204,185,278" oya="0" hai0="83,18,85,118,69,44,29,88,82,37,33,72,47" hai1="46,32,6,121,124,77,35,58,11,99,100,110,91" hai2="50,57,17,107,19,34,10,48,75,27,131,51,125" hai3="74,81,25,116,5,1,39,52,65,103,24,106,63"/><T115/><D118/><U80/><E110/><V40/><F107/><W9/><G116/><T128/><D115/><U76/><E121/><V62/><F75/><W93/><G106/><T87/><D69/><U60/><E46/><V16/><F131/><W41/><G103/><T28/><D128/><U86/><E35/><V79/><F79/><W15/><G93/><T49/><D72/><U23/><E32/><V4/><F40/><W68/><G15/><T26/><D37/><U7/><E23/><V112/><F112/><W127/><G127/><T117/><D117/><U71/><E71/><V31/><F125/><W43/><G43/><T42/><D47/><U126/><E77/><V61/><REACH who="2" step="1"/><F57/><REACH who="2" ten="333,204,175,278" step="2"/><W14/><G41/><T132/><D132/><U95/><E76/><V113/><F113/><W130/><G74/><T56/><D56/><U36/><E36/><V90/><F90/><W8/><G39/><T0/><D42/><U45/><E45/><V111/><F111/><W109/><G109/><T105/><D44/><U67/><REACH who="1" step="1"/><E6/><REACH who="1" ten="333,194,175,278" step="2"/><V122/><F122/><W120/><G5/><T96/><D105/><U59/><E59/><V119/><F119/><W20/><G120/><T135/><D135/><U84/><E84/><V98/><F98/><W97/><G97/><T73/><D96/><U66/><E66/><V104/><F104/><W78/><G65/><T55/><D85/><U89/><E89/><V102/><F102/><W114/><G114/><T123/><D88/><U2/><AGARI ba="0,2" hai="2,7,11,58,60,67,80,86,91,95,99,100,124,126" machi="2" ten="30,12000,2" yaku="1,1,0,1,52,2,53,2" doraHai="133" doraHaiUra="134" who="1" fromWho="1" sc="333,-60,194,140,175,-30,278,-30" /><INIT seed="5,0,0,0,0,40" ten="273,334,145,248" oya="1" hai0="87,65,88,25,37,52,51,26,102,15,66,4,118" hai1="46,108,70,1,20,89,115,95,81,55,24,45,103" hai2="38,74,68,121,125,135,28,27,92,13,79,114,0" hai3="129,21,41,49,117,33,100,130,126,61,77,107,63"/><U50/><E70/><V57/><F92/><W83/><G33/><T72/><D37/><U85/><E1/><V82/><F13/><W34/><G34/><T18/><D72/><U134/><E115/><V3/><F57/><W6/><G126/><T96/><D118/><U10/><E134/><V23/><F121/><W64/><G117/><T124/><D124/><U59/><E108/><V47/><F125/><W127/><G127/><T104/><D4/><U120/><E10/><V78/><F135/><W98/><G6/><T22/><D66/><U93/><E120/><V35/><F114/><W97/><G98/><T94/><D65/><U29/><E95/><V14/><F68/><W11/><G11/><T110/><D110/><U109/><E109/><V105/><F79/><W8/><G8/><T36/><D36/><U112/><E112/><V48/><F105/><W123/><G107/><T5/><D5/><U2/><E2/><V122/><F122/><W106/><G106/><T67/><D67/><U128/><E128/><V9/><F38/><W16/><G130/><T113/><D113/><U101/><E103/><V53/><REACH who="2" step="1"/><F35/><REACH who="2" ten="273,334,135,248" step="2"/><W84/><G123/><T12/><D15/><U19/><E93/><V116/><F116/><W91/><G77/><T54/><D104/><U86/><E101/><V73/><F73/><W69/><G100/><T17/><D102/><U80/><E19/><AGARI ba="0,1" hai="0,3,9,14,19,23,27,28,47,48,53,74,78,82" machi="19" ten="30,7700,0" yaku="1,1,7,1,52,1,53,1" doraHai="40" doraHaiUra="44" who="2" fromWho="1" sc="273,0,334,-77,135,87,248,0" /><INIT seed="6,0,0,2,2,43" ten="273,257,222,248" oya="2" hai0="70,90,3,119,66,63,117,56,129,19,20,115,34" hai1="14,0,118,64,91,16,89,116,83,120,102,11,122" hai2="39,103,40,78,33,10,54,123,51,53,93,25,85" hai3="29,124,52,131,76,67,79,107,111,97,98,134,125"/><V7/><F123/><N who="1" m="47145" /><E64/><V126/><F39/><W72/><G67/><T105/><D105/><U13/><E0/><V82/><F126/><W28/><G111/><T45/><D34/><U87/><E102/><V50/><F33/><W104/><G72/><T113/><D3/><U15/><E91/><V101/><F25/><W112/><G52/><N who="2" m="20073" /><F93/><W106/><G106/><T48/><D90/><U30/><E30/><V81/><F81/><W9/><G9/><T12/><D70/><U84/><E84/><V133/><F133/><W80/><G80/><T31/><D31/><U8/><E14/><N who="2" m="5471" /><F40/><W74/><G74/><T49/><D117/><U23/><E11/><V38/><F38/><W44/><G134/><T2/><D119/><U1/><E1/><V127/><F127/><W46/><G131/><T75/><D129/><U86/><E86/><V4/><F4/><AGARI ba="0,0" hai="4,8,13,15,16,23,83,87,89,116,118" m="47145" machi="4" ten="30,2000,0" yaku="13,1,54,1" doraHai="43" who="1" fromWho="2" sc="273,0,257,20,222,-20,248,0" /><INIT seed="7,0,0,0,3,51" ten="273,277,202,248" oya="3" hai0="127,109,63,64,65,39,94,5,24,12,13,7,32" hai1="114,125,78,28,61,89,34,67,72,91,112,11,48" hai2="30,26,96,85,29,52,1,22,86,73,81,134,102" hai3="33,82,100,97,23,57,80,117,40,8,103,66,38"/><W87/><G117/><T9/><D39/><U50/><E125/><V93/><F1/><W111/><G33/><T56/><D109/><U88/><E11/><V43/><F73/><W10/><G111/><T45/><D127/><U17/><E17/><N who="2" m="12623" /><F134/><W77/><G38/><T98/><D32/><U120/><E120/><V106/><F106/><W131/><G40/><T118/><D24/><N who="1" m="18695" /><E78/><N who="2" m="46263" /><F43/><W121/><G121/><T6/><D118/><U21/><E21/><V124/><F124/><W110/><G110/><T70/><D70/><N who="1" m="42351" /><E72/><V92/><F86/><W71/><G71/><T14/><D45/><U104/><E104/><V99/><F93/><W113/><G103/><N who="0" m="60887" /><D9/><U53/><E53/><AGARI ba="0,0" hai="5,6,7,12,13,14,53,56,63,64,65" m="60887" machi="53" ten="30,2000,0" yaku="8,1,52,1" doraHai="51" who="0" fromWho="1" sc="273,20,277,-20,202,0,248,0" /><INIT seed="8,0,0,2,1,7" ten="293,257,202,248" oya="0" hai0="114,69,5,10,83,70,44,14,34,24,8,2,19" hai1="58,103,12,62,73,45,40,36,84,78,18,119,96" hai2="49,3,41,55,68,57,53,126,46,130,74,101,127" hai3="117,66,81,31,0,13,32,6,20,27,113,125,91"/><T50/><D114/><U133/><E133/><V25/><F74/><W16/><G113/><T89/><D34/><U106/><E73/><V39/><F101/><W43/><G117/><T107/><D24/><U93/><E119/><V104/><F104/><W122/><G125/><N who="2" m="47625" /><F3/><W112/><G112/><T21/><D107/><U48/><E36/><V123/><F25/><W75/><G122/><T77/><D21/><U9/><E106/><V38/><F123/><W37/><G66/><T95/><D77/><U64/><E84/><V17/><F17/><W23/><G23/><T85/><D95/><U100/><E78/><V56/><F130/><W28/><G28/><T65/><D65/><U124/><E124/><V22/><F22/><W59/><G59/><N who="2" m="22601" /><F68/><W71/><G71/><T92/><D92/><U120/><E120/><V116/><F116/><W99/><G99/><T135/><D135/><U67/><E67/><V15/><F15/><W131/><G131/><T98/><D98/><U90/><AGARI ba="0,0" hai="9,12,18,40,45,48,58,62,64,90,93,96,100,103" machi="90" ten="20,5200,0" yaku="0,1,7,1,8,1,52,1" doraHai="7" who="1" fromWho="1" sc="293,-26,257,52,202,-13,248,-13" owari="267,7.0,309,40.0,189,-31.0,235,-16.0" /></mjloggm>