<mjloggm ver="2.3"><GO type="169"/><UN n0="%EF%BC%88%E2%89%A7%E2%96%BD%E2%89%A6%EF%BC%89" n1="%E9%AB%98%E7%94%BA%E3%83%B4%E3%82%A3%E3%83%B4%E3%82%A3%E3%82%AA%E2%98%86" n2="%E5%A5%88%E8%90%BD%E3%81%AE%E7%8E%8B" n3="%E3%81%84%E3%81%97%E3%81%97%E3%82%93%49%44%E7%B4%9B%E5%A4%B1" dan="17,17,17,17" rate="2127,2144,2127,2114" sx="M,F,M,M"/><TAIKYOKU oya="0"/><INIT seed="0,0,0,5,5,25" ten="250,250,250,250" oya="0" hai0="127,60,106,99,67,81,83,109,19,96,75,15,117" hai1="50,107,18,0,26,71,101,73,55,123,72,131,85" hai2="51,43,2,128,37,63,74,97,93,14,47,45,5" hai3="57,114,49,98,129,7,1,89,10,38,121,13,16"/><T59/><D117/><U70/><E107/><V35/><F74/><W91/><G114/><T80/><D127/><U113/><E101/><V28/><F2/><W120/><G38/><T27/><D75/><U62/><E0/><V111/><F63/><W133/><G129/><T52/><D109/><U9/><E85/><V33/><F111/><W39/><G39/><T69/><D27/><U135/><E135/><V23/><F128/><W95/><G133/><T105/><D105/><U30/><E113/><V134/><F5/><W110/><G110/><T4/><D4/><U92/><E92/><V90/><F134/><W22/><G91/><T124/><D124/><U17/><E123/><V44/><F44/><W102/><G102/><T53/><D106/><U58/><E70/><V76/><F76/><W66/><G66/><T6/><D6/><U100/><E100/><V122/><F122/><N who="3" m="47211" /><G49/><T46/><D46/><U82/><E131/><V118/><F118/><W11/><G57/><T132/><D132/><U42/><E71/><V24/><REACH who="2" step="1"/><F14/><REACH who="2" ten="250,250,240,250" step="2"/><W79/><G79/><T115/><D115/><U126/><E73/><V41/><AGARI ba="0,1" hai="23,24,28,33,35,37,41,43,45,47,51,90,93,97" machi="41" ten="20,8000,1" yaku="1,1,2,1,0,1,7,1,52,1,53,0" doraHai="25" doraHaiUra="77" who="2" fromWho="2" sc="250,-40,250,-20,240,90,250,-20" /><INIT seed="1,0,0,4,4,24" ten="210,230,330,230" oya="1" hai0="124,14,85,76,90,3,107,81,20,52,70,38,82" hai1="68,25,46,89,103,1,30,118,56,102,6,0,21" hai2="62,47,18,91,135,129,79,67,97,31,64,60,66" hai3="121,127,33,7,109,8,128,87,45,74,114,69,95"/><U43/><E68/><V13/><F129/><W131/><G121/><T94/><D3/><U5/><E118/><V48/><F79/><W78/><G33/><T44/><D70/><U65/><E89/><V98/><F31/><W40/><G69/><T106/><D124/><U15/><E1/><V9/><F135/><W92/><G114/><T123/><D123/><U59/><E0/><V2/><F2/><W105/><G105/><T88/><D38/><U111/><E111/><V120/><F120/><W37/><G74/><T29/><D106/><U26/><E26/><V126/><F126/><W110/><G127/><T72/><D107/><U96/><E65/><V42/><F91/><W61/><G61/><AGARI ba="0,0" hai="9,13,18,42,47,48,60,61,62,64,66,67,97,98" machi="61" ten="40,1300,0" yaku="8,1" doraHai="24" who="2" fromWho="3" sc="210,0,230,0,330,13,230,-13" /><INIT seed="2,0,0,5,2,37" ten="210,230,343,217" oya="2" hai0="125,16,90,43,123,19,95,23,32,100,11,52,84" hai1="74,13,4,68,112,92,50,49,24,91,44,54,51" hai2="110,127,41,15,81,79,134,86,130,85,12,20,67" hai3="101,98,107,61,30,14,34,6,116,8,29,93,45"/><V97/><F130/><W109/><G116/><T71/><D71/><U18/><E68/><V106/><F134/><W83/><G109/><T120/><D32/><U124/><E74/><V135/><F135/><W38/><G61/><T104/><D125/><U76/><E76/><V126/><F67/><W132/><G132/><T77/><D77/><U1/><E112/><V17/><F110/><W66/><G66/><T122/><D43/><U131/><E131/><V94/><F106/><W88/><G83/><T22/><D11/><U105/><E105/><V46/><F15/><W35/><G35/><T114/><D114/><U9/><E124/><V39/><REACH who="2" step="1"/><F86/><REACH who="2" ten="210,230,333,217" step="2"/><W129/><G129/><T96/><D123/><U21/><E1/><V56/><F56/><W73/><G73/><T31/><D122/><U33/><E33/><V7/><F7/><W55/><G34/><T113/><D120/><U0/><E0/><V128/><F128/><W78/><G6/><T103/><D113/><U28/><REACH who="1" step="1"/><E4/><REACH who="1" ten="210,220,333,217" step="2"/><V25/><F25/><W102/><G107/><T133/><D133/><U118/><E118/><V108/><F108/><W27/><G27/><T99/><D104/><U3/><E3/><V40/><F40/><W10/><G14/><T58/><D84/><AGARI ba="0,2" hai="9,13,18,21,24,28,44,49,50,51,54,84,91,92" machi="84" ten="30,7700,0" yaku="1,1,7,1,8,1,53,1" doraHai="37" doraHaiUra="82" who="1" fromWho="0" sc="210,-77,220,97,333,0,217,0" /><INIT seed="3,0,0,2,3,36" ten="133,317,333,217" oya="3" hai0="87,102,56,120,33,47,122,135,43,27,95,35,55" hai1="45,61,82,26,37,121,129,39,74,114,81,126,108" hai2="79,53,68,94,100,75,50,57,88,60,23,113,110" hai3="86,119,90,134,7,34,5,62,42,93,3,104,131"/><W31/><G119/><T66/><D135/><U16/><E114/><V130/><F113/><W4/><G134/><T46/><D46/><U80/><E121/><V91/><F110/><W28/><G104/><T101/><D66/><U127/><E74/><V1/><F1/><W106/><G106/><T105/><D105/><U49/><E108/><V97/><F130/><W78/><G131/><T52/><D87/><U30/><E61/><V92/><F23/><W22/><G34/><T76/><D76/><U20/><E30/><N who="3" m="11306" /><G3/><T17/><D95/><U111/><E129/><V125/><F125/><N who="1" m="47625" /><E111/><V24/><F24/><W73/><G73/><T115/><D115/><U107/><E107/><V85/><F68/><W65/><G22/><N who="0" m="13775" /><D35/><U116/><E116/><V38/><F38/><W54/><G78/><T72/><D72/><U109/><E109/><V99/><F75/><W59/><G42/><AGARI ba="0,0" hai="16,20,26,37,39,42,45,49,80,81,82" m="47625" machi="42" ten="30,3900,0" yaku="18,1,52,1,54,1" doraHai="36" who="1" fromWho="3" sc="133,0,317,39,333,0,217,-39" /><INIT seed="4,0,0,0,4,96" ten="133,356,333,178" oya="0" hai0="13,104,79,82,80,125,83,17,35,55,94,50,21" hai1="108,81,6,19,87,110,14,109,131,88,97,58,73" hai2="65,9,57,98,114,133,49,116,33,134,48,112,41" hai3="119,124,69,78,54,111,71,113,28,99,66,101,102"/><T128/><D125/><U2/><E131/><V121/><F33/><W15/><G119/><T75/><D128/><U52/><E73/><V91/><F9/><W95/><G124/><T120/><D104/><U62/><E2/><V84/><F116/><W127/><G127/><T25/><D120/><U11/><REACH who="1" step="1"/><E97/><REACH who="1" ten="133,346,333,178" step="2"/><V39/><F98/><W103/><G111/><T61/><D61/><U29/><E29/><V123/><F123/><W64/><G28/><T59/><D35/><U60/><E60/><V32/><F121/><W51/><G102/><T47/><D47/><U67/><E67/><V132/><F65/><W68/><G66/><T38/><D38/><U122/><E122/><V37/><F32/><W129/><G64/><T7/><REACH who="0" step="1"/><D94/><REACH who="0" ten="123,346,333,178" step="2"/><U92/><E92/><N who="2" m="54375" /><F39/><W23/><G129/><T3/><D3/><U89/><E89/><V46/><F37/><W5/><G103/><T12/><D12/><U44/><E44/><V22/><F46/><W24/><G15/><T1/><D1/><U85/><E85/><V56/><F133/><W34/><G34/><T93/><D93/><U74/><E74/><V16/><F134/><W18/><G95/><T77/><D77/><U40/><E40/><V10/><F132/><W105/><G78/><T20/><D20/><U42/><E42/><V26/><F41/><W31/><G101/><T130/><D130/><U43/><E43/><V4/><F22/><W30/><G23/><T135/><D135/><U106/><E106/><V90/><F90/><W118/><G105/><T115/><D115/><U117/><E117/><V70/><F114/><RYUUKYOKU ba="0,2" sc="123,15,346,15,333,-15,178,-15" hai0="7,13,17,21,25,50,55,59,75,79,80,82,83" hai1="6,11,14,19,52,58,62,81,87,88,108,109,110" /><INIT seed="4,1,2,1,0,17" ten="138,361,318,163" oya="0" hai0="73,130,90,108,69,125,131,10,80,1,81,16,114" hai1="39,55,75,12,3,100,129,117,118,95,28,37,29" hai2="104,61,84,0,109,20,107,57,18,110,72,124,65" hai3="19,97,40,33,121,31,70,23,91,96,103,76,25"/><T64/><D114/><U54/><E3/><V88/><F72/><W94/><G70/><T45/><D125/><U116/><E75/><V8/><F124/><W98/><G121/><T32/><D32/><U82/><E129/><N who="0" m="49161" /><D108/><U30/><E82/><V50/><F107/><W34/><G76/><T101/><D101/><U89/><E100/><V105/><F105/><W4/><G4/><N who="0" m="1295" /><D73/><U6/><E12/><V79/><F79/><W132/><G132/><T63/><D90/><U43/><E6/><V58/><F104/><W83/><G40/><T135/><D135/><U15/><E15/><V24/><F0/><W35/><G83/><T14/><D45/><U48/><E43/><V44/><F8/><AGARI ba="1,2" hai="8,14,16,63,64,69,80,81" m="1295,49161" machi="8" ten="30,2900,0" yaku="19,1,54,1" doraHai="17" who="0" fromWho="2" sc="138,52,361,0,318,-32,163,0" /><INIT seed="4,2,0,4,0,9" ten="190,361,286,163" oya="0" hai0="116,42,111,17,43,65,128,124,55,39,114,52,112" hai1="20,32,79,105,35,10,91,83,108,81,77,11,103" hai2="5,132,38,76,50,46,74,45,72,66,51,6,59" hai3="109,56,30,98,61,36,54,49,47,64,34,94,23"/><T84/><D116/><U101/><E105/><V110/><F38/><W120/><G109/><T80/><D111/><U102/><E108/><V100/><F110/><W121/><G34/><T96/><D65/><U8/><E20/><V40/><F100/><W60/><G60/><T123/><D123/><U69/><E91/><V29/><F29/><W24/><REACH who="3" step="1"/><G36/><REACH who="3" ten="190,361,286,153" step="2"/><T19/><D39/><U85/><REACH who="1" step="1"/><E69/><REACH who="1" ten="190,351,286,153" step="2"/><V63/><F132/><W3/><G3/><T133/><D133/><U97/><E97/><V26/><F63/><W18/><G18/><T118/><D96/><U115/><E115/><V99/><F99/><W67/><G67/><T119/><D114/><U2/><E2/><V58/><F66/><W82/><G82/><T104/><D112/><U127/><E127/><V88/><F6/><W135/><G135/><T0/><D124/><U37/><E37/><V75/><F5/><W31/><G31/><T41/><D0/><U134/><E134/><V57/><F51/><W68/><G68/><T117/><D17/><U4/><E4/><V125/><F50/><W22/><G22/><T130/><D19/><U131/><E131/><N who="0" m="50217" /><D104/><U107/><E107/><V12/><F125/><W1/><G1/><T126/><D126/><U15/><E15/><V62/><F12/><W129/><G129/><T7/><D7/><U113/><E113/><V53/><F62/><W90/><AGARI ba="2,2" hai="23,24,30,47,49,54,56,61,64,90,94,98,120,121" machi="90" ten="30,4000,0" yaku="1,1,0,1,53,1" doraHai="9" doraHaiUra="95" who="3" fromWho="3" sc="190,-22,351,-12,286,-12,153,66" /><INIT seed="5,0,0,5,4,60" ten="168,339,274,219" oya="1" hai0="63,76,25,11,1,135,96,22,51,40,103,31,115" hai1="56,4,43,94,80,71,59,47,120,93,69,21,26" hai2="2,81,15,113,74,10,67,48,107,116,89,126,110" hai3="128,101,3,112,68,134,92,124,62,66,85,88,84"/><U13/><E120/><V27/><F107/><W73/><G73/><T39/><D39/><U8/><E71/><V104/><F104/><W61/><G3/><T114/><D135/><U29/><E69/><V50/><F2/><W98/><G134/><T6/><D76/><U83/><E47/><V45/><F74/><W44/><G112/><T127/><D127/><U95/><REACH who="1" step="1"/><E43/><REACH who="1" ten="168,329,274,219" step="2"/><V32/><F45/><W82/><G44/><T33/><D114/><U100/><E100/><V46/><F46/><W108/><G68/><T28/><D115/><U18/><E18/><V77/><F113/><W23/><G101/><T91/><D40/><U87/><E87/><V37/><F37/><W131/><G85/><T99/><D103/><U130/><E130/><V19/><F19/><W34/><G84/><T14/><D31/><U105/><E105/><V132/><F132/><W125/><G128/><T58/><D51/><U38/><E38/><V78/><F126/><W16/><G131/><T20/><D91/><U24/><E24/><V41/><F89/><W7/><G125/><T42/><D42/><U129/><E129/><V133/><F41/><W36/><G36/><T65/><D22/><U75/><E75/><V30/><F133/><W117/><G124/><T64/><D20/><U5/><E5/><V53/><F27/><W12/><G88/><T102/><D102/><U122/><E122/><V70/><F30/><W86/><G23/><T97/><REACH who="0" step="1"/><D1/><REACH who="0" ten="158,329,274,219" step="2"/><U79/><E79/><V118/><F78/><W111/><G62/><T54/><AGARI ba="0,2" hai="6,11,14,25,28,33,54,58,63,64,65,96,97,99" machi="54" ten="30,8000,1" yaku="1,1,2,1,0,1,52,2,53,0" doraHai="60" doraHaiUra="17" who="0" fromWho="0" sc="158,100,329,-40,274,-20,219,-20" /><INIT seed="6,0,0,3,0,91" ten="258,289,254,199" oya="2" hai0="69,1,36,62,107,33,81,15,122,2,97,100,44" hai1="86,37,76,124,108,55,114,39,104,50,102,74,47" hai2="126,90,110,30,48,121,66,40,49,111,113,21,105" hai3="120,68,41,26,14,115,46,99,135,93,8,133,17"/><V71/><F105/><W19/><G120/><T116/><D116/><U64/><E108/><N who="2" m="41515" /><F121/><W77/><G68/><T130/><D130/><U112/><E124/><V83/><F126/><W72/><G115/><N who="1" m="44074" /><E74/><V103/><F103/><W54/><G54/><T52/><D122/><U89/><E76/><V59/><F71/><W67/><G67/><T117/><D117/><U63/><E102/><V35/><F35/><W75/><G19/><T132/><D132/><U3/><E3/><V18/><F30/><W56/><G56/><T13/><D33/><U43/><E43/><V78/><F90/><W32/><G26/><T82/><D36/><U4/><E4/><V94/><F40/><W51/><G32/><T53/><D2/><U127/><E104/><V118/><F118/><W0/><G0/><T23/><D1/><U96/><E96/><V80/><F113/><W7/><G7/><T28/><D69/><N who="1" m="42143" /><E127/><V9/><F78/><W25/><G77/><T38/><D38/><U123/><E123/><V84/><F66/><W65/><G65/><T92/><D107/><U131/><E131/><V98/><F59/><W129/><G129/><T119/><D119/><U10/><E10/><V22/><F9/><W106/><G106/><T34/><D34/><U24/><E24/><N who="2" m="14391" /><F22/><W85/><G25/><N who="0" m="16447" /><D15/><U95/><AGARI ba="0,0" hai="37,39,47,50,55,86,89,95" m="42143,44074" machi="95" ten="30,2000,0" yaku="15,1,52,1" doraHai="91" who="1" fromWho="1" sc="258,-5,289,20,254,-10,199,-5" /><INIT seed="7,0,0,4,3,75" ten="253,309,244,194" oya="3" hai0="114,74,47,9,126,77,92,57,111,70,121,84,62" hai1="88,45,59,129,15,66,40,86,113,132,78,31,125" hai2="60,83,58,119,124,81,55,52,7,3,107,96,54" hai3="69,25,63,8,123,104,56,42,29,30,115,33,130"/><W95/><G123/><T98/><D74/><U128/><E78/><V112/><F119/><W97/><G69/><T134/><D134/><U65/><E113/><V109/><F109/><W76/><G104/><T135/><D70/><U17/><E125/><V53/><F124/><W44/><G115/><T6/><D135/><U36/><E31/><V48/><F112/><W11/><G30/><T108/><D121/><U73/><E73/><V16/><F3/><W71/><G71/><T106/><D106/><U99/><E99/><V46/><F7/><W93/><G76/><T19/><D126/><U12/><E59/><V20/><F96/><W87/><G87/><T80/><D19/><U116/><E116/><V23/><F23/><N who="3" m="15551" /><G130/><N who="1" m="50282" /><E132/><V105/><F105/><W101/><G33/><T5/><D114/><U4/><E4/><V68/><F68/><W133/><G133/><T2/><D6/><U43/><E43/><N who="2" m="24671" /><F107/><W91/><G42/><T27/><D108/><U1/><E1/><V120/><F120/><W24/><G44/><T89/><D47/><U21/><E15/><AGARI ba="0,0" hai="15,16,20,52,53,54,55,58,60,81,83" m="24671" machi="15" ten="30,3900,0" yaku="8,1,54,2" doraHai="75" who="2" fromWho="1" sc="253,0,309,-39,244,39,194,0" /><INIT seed="8,0,0,3,5,117" ten="253,270,283,194" oya="0" hai0="125,132,44,88,48,52,103,14,30,76,41,18,115" hai1="40,105,135,53,68,69,118,120,102,64,8,93,39" hai2="82,74,98,95,94,21,81,63,87,89,75,37,78" hai3="127,104,46,70,34,91,113,62,60,84,130,97,73"/><T101/><D115/><U121/><E105/><V2/><F2/><W15/><G73/><N who="2" m="27657" /><F63/><W109/><G109/><T12/><D132/><U114/><E114/><V17/><F17/><W13/><G34/><T22/><D125/><U72/><E72/><N who="2" m="43207" /><F21/><W10/><G127/><T61/><D76/><U66/><E53/><V57/><F57/><W31/><G31/><T80/><D30/><U126/><E126/><V6/><F6/><W47/><G113/><T5/><D61/><N who="3" m="23657" /><G104/><T119/><D119/><U129/><E118/><V42/><F42/><W32/><G32/><T1/><D1/><U16/><E40/><V99/><F37/><W54/><G97/><AGARI ba="0,0" hai="82,87,89,94,95,97,98,99" m="43207,27657" machi="97" ten="30,8000,1" yaku="35,5" doraHai="117" who="2" fromWho="3" sc="253,0,270,0,283,80,194,-80" owari="253,-15.0,270,7.0,363,47.0,114,-39.0" /></mjloggm>