<mjloggm ver="2.3"><GO type="41"/><UN n0="%E3%82%A6%E3%83%AB%E3%83%88%E3%83%A9%E7%AB%8B%E7%9B%B4" n1="%E8%90%A9%E5%8E%9F%E8%81%96%E4%BA%BA" n2="%E6%9F%93%E4%BA%94%E9%83%8E" n3="%E6%9C%80%E5%BC%B7%E5%8A%A9%E3%81%A3%E4%BA%BA" dan="15,14,14,15" rate="1970,1848,1924,1990" sx="M,M,M,M"/><TAIKYOKU oya="0"/><INIT seed="0,0,0,4,3,73" ten="250,250,250,250" oya="0" hai0="115,22,38,64,44,18,58,52,42,45,131,97,93" hai1="51,75,83,50,132,12,117,29,66,61,69,113,87" hai2="109,10,67,17,126,76,74,100,35,65,49,27,94" hai3="114,120,72,31,78,102,105,71,47,11,123,4,36"/><T16/><D115/><U80/><E117/><V60/><F126/><W124/><G114/><T9/><D131/><U108/><E113/><V5/><F109/><W13/><G31/><T98/><D64/><U111/><E75/><V70/><F65/><W6/><G71/><T130/><D130/><U99/><E132/><V125/><F125/><W8/><G124/><T112/><D112/><U46/><E99/><V91/><F100/><W34/><G34/><T39/><D9/><U7/><E80/><V119/><F119/><W3/><G102/><T24/><D18/><U37/><E37/><V23/><F35/><W82/><G105/><T43/><D93/><U86/><E87/><V110/><F110/><W20/><G20/><T116/><D116/><U81/><E83/><V127/><F127/><W89/><G89/><T48/><AGARI ba="0,0" hai="16,22,24,38,39,42,43,44,45,48,52,58,97,98" machi="48" ten="20,12000,1" yaku="0,1,7,1,9,1,54,2" doraHai="73" who="0" fromWho="0" sc="250,120,250,-40,250,-40,250,-40" /><INIT seed="0,1,0,5,4,132" ten="370,210,210,210" oya="0" hai0="104,133,26,103,85,47,33,31,17,91,41,128,57" hai1="35,122,69,127,21,13,124,39,52,22,112,84,116" hai2="5,102,58,65,130,80,19,125,62,43,95,83,70" hai3="113,114,90,55,129,115,34,56,10,110,78,105,7"/><T51/><D128/><U111/><E116/><V86/><F130/><W117/><G129/><T49/><D133/><U12/><E39/><V75/><F75/><W14/><G117/><T61/><D17/><U59/><E122/><V66/><F5/><W101/><G78/><T8/><D8/><U25/><E69/><V15/><F43/><W121/><G121/><T16/><D16/><U87/><E111/><V79/><F80/><W18/><G34/><T81/><D103/><U135/><E135/><V131/><F131/><W93/><G105/><T46/><D104/><U45/><E112/><V6/><F6/><W109/><G101/><T63/><D57/><U120/><E45/><V60/><F102/><W3/><G3/><T11/><D11/><U73/><E73/><V74/><F95/><W40/><G40/><AGARI ba="1,0" hai="26,31,33,40,41,46,47,49,51,61,63,81,85,91" machi="40" ten="30,2900,0" yaku="7,1,9,1" doraHai="132" who="0" fromWho="3" sc="370,32,210,0,210,0,210,-32" /><INIT seed="0,2,0,0,1,0" ten="402,210,210,178" oya="0" hai0="51,36,91,8,100,55,40,79,12,93,38,87,47" hai1="80,58,85,75,122,48,125,128,65,31,21,26,54" hai2="35,64,77,18,96,84,135,3,14,73,63,7,76" hai3="102,37,132,70,110,113,127,53,67,88,81,27,20"/><T120/><D120/><U22/><E122/><V129/><F35/><W71/><G113/><T82/><D100/><U126/><E75/><V116/><F116/><W50/><G37/><T89/><D89/><U32/><E128/><V114/><F129/><W115/><G115/><T112/><D112/><U9/><E65/><V28/><F114/><W23/><G102/><T97/><REACH who="0" step="1"/><D55/><REACH who="0" ten="392,210,210,178" step="2"/><U134/><E134/><V29/><F135/><W49/><G132/><T24/><D24/><U41/><E26/><V1/><F77/><W101/><G101/><T43/><D43/><U111/><E41/><V4/><F76/><W86/><G127/><T10/><D10/><U13/><E125/><V78/><F78/><W118/><G118/><T99/><D99/><U68/><E54/><V57/><F96/><W11/><G11/><T90/><D90/><U95/><E9/><V108/><F64/><W17/><G110/><T83/><D83/><U25/><E111/><V74/><F108/><W103/><G103/><T72/><D72/><U92/><E126/><V117/><F74/><W56/><G67/><T62/><D62/><U42/><E42/><V15/><F63/><W19/><G50/><T66/><D66/><U2/><E25/><AGARI ba="2,1" hai="17,19,20,23,25,27,49,53,56,70,71,81,86,88" machi="25" ten="30,3900,0" yaku="7,1,9,1,54,1" doraHai="0" who="3" fromWho="1" sc="392,0,210,-45,210,0,178,55" /><INIT seed="1,0,0,4,3,12" ten="392,165,210,233" oya="1" hai0="66,53,70,106,35,45,113,59,13,64,39,63,19" hai1="0,125,122,111,81,74,86,127,30,25,43,135,119" hai2="112,131,101,92,133,34,99,33,46,117,27,108,44" hai3="20,84,134,2,47,7,80,56,40,91,83,17,68"/><U76/><E119/><V93/><F117/><W50/><G68/><T57/><D35/><U126/><E122/><V65/><F112/><W73/><G134/><T48/><D106/><U82/><E0/><V49/><F133/><W120/><G120/><T61/><D113/><U1/><E1/><V18/><F65/><W96/><G2/><T58/><D13/><U22/><E135/><V103/><F131/><W72/><G7/><T118/><D118/><U6/><E43/><V4/><F4/><W78/><G96/><T52/><D19/><U105/><E6/><V79/><F79/><W60/><G73/><T31/><D31/><U129/><E105/><V94/><F94/><W28/><G28/><T41/><D53/><U130/><REACH who="1" step="1"/><E111/><REACH who="1" ten="392,155,210,233" step="2"/><V89/><F108/><W24/><G72/><T37/><D37/><U114/><E114/><V85/><F34/><W29/><G29/><T77/><D77/><AGARI ba="0,1" hai="22,25,30,74,76,77,81,82,86,125,126,127,129,130" machi="77" ten="50,4800,0" yaku="1,1,18,1,53,0" doraHai="12" doraHaiUra="11" who="1" fromWho="0" sc="392,-48,155,58,210,0,233,0" /><INIT seed="1,1,0,5,4,0" ten="344,213,210,233" oya="1" hai0="5,16,50,72,109,86,81,125,130,13,122,54,32" hai1="89,88,23,65,85,14,11,66,55,64,18,82,69" hai2="70,61,129,71,92,95,39,20,104,113,56,103,22" hai3="128,52,28,30,62,84,48,127,120,41,57,31,117"/><U51/><E69/><V83/><F39/><W6/><G120/><T15/><D32/><U105/><E105/><V17/><F113/><W8/><G117/><T77/><D122/><U114/><E114/><V100/><F129/><W45/><G128/><T19/><D130/><U135/><E135/><V46/><F46/><W123/><G123/><T112/><D112/><U63/><E63/><V38/><F38/><W60/><G127/><T7/><D125/><U59/><REACH who="1" step="1"/><E89/><REACH who="1" ten="344,203,210,233" step="2"/><V36/><F61/><W121/><G121/><T35/><D72/><U87/><E87/><V25/><F71/><W27/><G84/><T110/><D35/><U9/><AGARI ba="1,1" hai="9,11,14,18,23,51,55,59,64,65,66,82,85,88" machi="9" ten="30,11700,0" yaku="1,1,0,1,8,1,54,1,53,0" doraHai="0" doraHaiUra="67" who="1" fromWho="1" sc="344,-40,203,130,210,-40,233,-40" /><INIT seed="1,2,0,3,3,49" ten="304,333,170,193" oya="1" hai0="95,47,64,88,106,97,62,60,71,92,115,98,3" hai1="41,53,94,96,86,125,61,102,78,107,24,20,15" hai2="55,36,73,48,65,103,75,58,84,12,6,7,34" hai3="68,117,120,4,42,109,130,135,76,28,30,119,67"/><U0/><E0/><V37/><F34/><W113/><G76/><T104/><D3/><U89/><E41/><V90/><F103/><W85/><G42/><T45/><D115/><U63/><E15/><V128/><F128/><W118/><G113/><T80/><D80/><U40/><E40/><V27/><F37/><W132/><G130/><T82/><D82/><U100/><E125/><V9/><F36/><W18/><G68/><T66/><D106/><U99/><E78/><V46/><F73/><W91/><G67/><T38/><D104/><U72/><E72/><V23/><F75/><W19/><G4/><T93/><D93/><U133/><E133/><N who="3" m="51274" /><G120/><T81/><D81/><U69/><E69/><V105/><F105/><W129/><G129/><T33/><D33/><U108/><E108/><V116/><F116/><W10/><G10/><T121/><D38/><U35/><E35/><V22/><F65/><W101/><G101/><T26/><D26/><U126/><E126/><V5/><F23/><W32/><G32/><T16/><D16/><N who="3" m="6185" /><G109/><T54/><D71/><U11/><E11/><V2/><F2/><W122/><G122/><T127/><D127/><U39/><E39/><V57/><F5/><W1/><G1/><T70/><D70/><U56/><E100/><V21/><F21/><W13/><G13/><T29/><D121/><U77/><E77/><V31/><F6/><W50/><G50/><T44/><D64/><U83/><E99/><V112/><F112/><W110/><G110/><T8/><D66/><U17/><E63/><V74/><F74/><W131/><G131/><RYUUKYOKU ba="2,0" sc="304,-30,333,10,170,10,193,10" hai1="17,20,24,53,56,61,83,86,89,94,96,102,107" hai2="7,9,12,22,27,31,46,48,55,57,58,84,90" hai3="28,30,85,91,117,118,119" /><INIT seed="1,3,0,3,0,122" ten="274,343,180,203" oya="1" hai0="29,91,103,34,105,30,89,107,109,56,63,111,120" hai1="25,6,27,97,53,49,85,100,126,64,135,57,66" hai2="134,133,23,96,119,59,60,92,84,45,94,39,51" hai3="11,132,79,13,18,98,16,48,15,129,83,82,116"/><U117/><E135/><N who="2" m="51723" /><F39/><W31/><G132/><T7/><D7/><U71/><E6/><V4/><F4/><W73/><G129/><T123/><D56/><U121/><E126/><V28/><F84/><W78/><G116/><T112/><D63/><U20/><E117/><V44/><F119/><W58/><G31/><T14/><D14/><U113/><E113/><V70/><F70/><W108/><G108/><T87/><D103/><U80/><E71/><V127/><F127/><W86/><G98/><T47/><D47/><N who="2" m="17994" /><F51/><W88/><G79/><T68/><D68/><U5/><E5/><V43/><F43/><W110/><G110/><T24/><D87/><U50/><E50/><V42/><F42/><W130/><G130/><T125/><D125/><U26/><E85/><V2/><F2/><W81/><G81/><T32/><D24/><N who="1" m="9323" /><E80/><V35/><F35/><W22/><G48/><T131/><REACH who="0" step="1"/><D131/><REACH who="0" ten="264,343,180,203" step="2"/><U0/><E121/><V101/><F101/><W124/><G124/><T54/><D54/><U95/><E0/><V75/><F75/><W67/><G58/><T9/><D9/><U90/><E100/><V115/><F115/><AGARI ba="3,1" hai="29,30,32,34,89,91,105,107,109,111,112,115,120,123" machi="115" ten="25,8000,1" yaku="1,1,22,2,52,2,53,0" doraHai="122" doraHaiUra="72" who="0" fromWho="2" sc="264,99,343,0,180,-89,203,0" /><INIT seed="2,0,0,4,1,79" ten="363,343,91,203" oya="2" hai0="98,65,123,25,115,14,91,42,114,18,102,2,35" hai1="10,40,118,109,75,63,54,69,121,119,46,126,17" hai2="81,83,32,43,78,110,113,44,100,108,51,66,15" hai3="127,129,106,5,49,74,0,101,26,50,4,37,56"/><V85/><F100/><W41/><G74/><T124/><D2/><U132/><E132/><V111/><F32/><W87/><G37/><T9/><D123/><U131/><E121/><V30/><F30/><W21/><G106/><T104/><D42/><U93/><E131/><V96/><F96/><W11/><G129/><T12/><D12/><U67/><E126/><V7/><F66/><W57/><G127/><T13/><D13/><U38/><E75/><V55/><F55/><W103/><G87/><T120/><D120/><U39/><E93/><V33/><F33/><W52/><G5/><T23/><D124/><U122/><E122/><V112/><F83/><W3/><G3/><T16/><D35/><U84/><E84/><V89/><F89/><W19/><G56/><T28/><D28/><U80/><E17/><V60/><F60/><W82/><REACH who="3" step="1"/><G82/><REACH who="3" ten="363,343,91,193" step="2"/><T59/><D59/><U1/><E80/><V128/><REACH who="2" step="1"/><F128/><REACH who="2" ten="363,343,81,193" step="2"/><W99/><G99/><T34/><D98/><U117/><E117/><V47/><F47/><AGARI ba="0,2" hai="0,4,11,19,21,26,41,47,49,50,52,57,101,103" machi="47" ten="40,2600,0" yaku="1,1,54,1,53,0" doraHai="79" doraHaiUra="24" who="3" fromWho="2" sc="363,0,343,0,81,-26,193,46" /><INIT seed="3,0,0,3,4,6" ten="363,343,55,239" oya="3" hai0="16,49,31,82,15,26,65,47,57,121,34,39,63" hai1="106,130,61,86,50,112,128,33,44,119,69,77,35" hai2="91,109,19,132,99,2,68,131,66,110,5,80,134" hai3="122,51,27,53,37,89,17,70,46,72,71,116,118"/><W73/><G122/><T104/><D104/><U41/><E106/><V100/><F68/><W54/><G89/><T18/><D121/><U111/><E112/><V83/><F66/><W42/><G27/><T88/><D39/><U48/><E50/><V97/><F19/><W67/><G17/><T4/><D4/><U8/><E119/><N who="3" m="45610" /><G73/><T84/><REACH who="0" step="1"/><D15/><REACH who="0" ten="353,343,55,239" step="2"/><U98/><E128/><V87/><F5/><W93/><G72/><T114/><D114/><U64/><E130/><V74/><F2/><W115/><G115/><T113/><D113/><U24/><E111/><N who="2" m="42507" /><F131/><W92/><G93/><T28/><D28/><U11/><E24/><V55/><F55/><AGARI ba="0,1" hai="16,18,26,31,34,47,49,55,57,63,65,82,84,88" machi="55" ten="30,8000,1" yaku="1,1,7,1,54,2,53,1" doraHai="6" doraHaiUra="25" who="0" fromWho="2" sc="353,90,343,0,55,-80,239,0" owari="443,55.0,343,14.0,-25,-53.0,239,-16.0" /></mjloggm>