<mjloggm ver="2.3"><GO type="41"/><UN n0="%43%2F%50" n1="%E4%BF%8A%E6%95%8F%E5%B7%AE%E3%81%97" n2="%EF%BC%88%E2%89%A7%E2%96%BD%E2%89%A6%EF%BC%89" n3="%E5%AE%9F%E5%A6%B9" dan="14,13,15,13" rate="1967,1829,2023,1998" sx="M,M,M,F"/><TAIKYOKU oya="0"/><INIT seed="0,0,0,4,2,100" ten="250,250,250,250" oya="0" hai0="102,109,124,85,79,113,5,128,40,33,117,26,30" hai1="119,49,87,116,84,82,125,24,29,72,123,27,97" hai2="130,127,48,88,46,105,38,14,122,34,78,62,131" hai3="57,2,53,115,86,71,99,18,21,52,39,121,77"/><T28/><D117/><U112/><E123/><V3/><F122/><W133/><G71/><T59/><D113/><U51/><E72/><V98/><F3/><W13/><G39/><T6/><D30/><U42/><E112/><V4/><F34/><W80/><G2/><T11/><D124/><U134/><E125/><V17/><F38/><W93/><G121/><T58/><D128/><N who="2" m="49194" /><F127/><W37/><G37/><T132/><D132/><U12/><E134/><V66/><F4/><W19/><G133/><T41/><D5/><U65/><E65/><V63/><F78/><W111/><G111/><T114/><D114/><U45/><E49/><V1/><F1/><W120/><G120/><T103/><D109/><U118/><E12/><V89/><F63/><W110/><G110/><T69/><D69/><U106/><E87/><V135/><F135/><W83/><G83/><T107/><D85/><U91/><E29/><V101/><F17/><W95/><G19/><T22/><D33/><U73/><REACH who="1" step="1"/><E73/><REACH who="1" ten="250,240,250,250" step="2"/><V50/><F14/><W7/><G115/><T76/><D28/><U60/><E60/><V70/><F50/><W68/><G68/><T35/><D26/><U94/><E94/><V61/><F61/><W44/><G7/><T81/><D41/><AGARI ba="0,1" hai="41,46,48,62,66,70,88,89,98,101,105" m="49194" machi="41" ten="30,3900,0" yaku="19,1,52,1,54,1" doraHai="100" who="2" fromWho="0" sc="250,-39,240,0,250,49,250,0" /><INIT seed="1,0,0,0,4,66" ten="211,240,299,250" oya="1" hai0="54,36,72,101,29,114,49,70,79,13,123,8,2" hai1="76,105,27,56,133,80,55,81,30,52,126,39,35" hai2="118,128,116,59,77,85,71,87,106,25,83,117,104" hai3="119,47,20,92,38,90,9,1,73,37,45,44,99"/><U112/><E112/><V121/><F25/><W11/><G73/><T0/><D114/><U68/><E133/><V132/><F121/><W124/><G124/><T67/><D36/><U100/><E39/><V7/><F132/><W34/><G34/><T46/><D123/><U135/><E135/><V75/><F128/><W6/><G119/><T98/><D29/><U89/><E126/><V108/><F7/><W96/><G20/><T107/><D79/><U24/><E89/><V65/><F59/><W50/><G50/><T125/><D125/><U31/><E56/><V41/><F41/><W42/><G37/><T129/><D72/><U122/><E122/><V14/><F14/><W60/><G60/><T113/><D113/><U97/><E81/><N who="2" m="45247" /><F65/><W91/><G11/><T53/><D129/><U16/><E16/><V5/><F5/><W22/><G22/><T115/><D115/><U94/><E105/><N who="2" m="40555" /><F71/><W26/><G26/><T74/><D74/><U23/><E68/><V120/><F120/><W43/><G42/><T51/><D67/><U88/><E100/><V15/><F15/><W95/><AGARI ba="0,0" hai="1,6,9,38,43,44,45,47,90,91,92,95,96,99" machi="95" ten="30,2000,0" yaku="0,1,9,1" doraHai="66" who="3" fromWho="3" sc="211,-5,240,-10,299,-5,250,20" /><INIT seed="2,0,0,3,4,11" ten="206,230,294,270" oya="2" hai0="93,40,36,130,90,126,107,104,62,52,30,73,46" hai1="47,5,7,13,77,114,48,41,103,10,117,37,119" hai2="109,94,64,101,33,25,81,95,87,115,22,97,118" hai3="2,8,38,54,53,125,84,88,131,26,24,21,3"/><V57/><F118/><W112/><G38/><T102/><D73/><U135/><E114/><V106/><F115/><W51/><G112/><T83/><D126/><U89/><E135/><V91/><F33/><W122/><G122/><T55/><D130/><U75/><E103/><V127/><F127/><W70/><G70/><T15/><D83/><U4/><E37/><V61/><REACH who="2" step="1"/><F109/><REACH who="2" ten="206,230,284,270" step="2"/><W45/><G125/><T60/><D107/><U120/><E120/><V79/><F79/><W44/><G131/><T71/><D104/><U85/><E119/><V42/><F42/><W110/><G110/><T67/><D40/><U82/><REACH who="1" step="1"/><E117/><REACH who="1" ten="206,220,284,270" step="2"/><V32/><F32/><W23/><G3/><T65/><D102/><U98/><E98/><V111/><F111/><W92/><G2/><T19/><D36/><U17/><E17/><AGARI ba="0,2" hai="17,22,25,57,61,64,81,87,91,94,95,97,101,106" machi="17" ten="30,2900,0" yaku="1,1,7,1,53,0" doraHai="11" doraHaiUra="128" who="2" fromWho="1" sc="206,0,220,-29,284,49,270,0" /><INIT seed="2,1,0,3,2,15" ten="206,191,333,270" oya="2" hai0="95,45,35,87,94,105,47,24,69,4,115,9,117" hai1="93,60,83,65,46,1,23,67,66,86,34,99,21" hai2="5,124,123,110,78,108,127,80,68,114,52,39,26" hai3="63,37,33,75,76,16,133,0,27,82,22,30,121"/><V36/><F123/><W119/><G133/><T107/><D69/><U42/><E34/><V125/><F114/><W71/><G37/><T14/><D115/><U61/><E1/><V32/><F68/><W132/><G132/><T59/><D117/><U92/><E46/><V103/><F103/><W55/><G119/><T50/><D59/><U77/><E42/><V128/><F128/><W11/><G121/><T120/><D120/><U12/><E12/><V44/><F5/><W113/><G113/><T100/><D45/><U2/><E2/><V29/><F52/><W118/><G118/><T130/><D130/><U18/><E93/><V53/><F53/><W122/><G122/><T111/><D111/><N who="2" m="42538" /><F44/><W57/><G71/><T56/><D100/><U91/><REACH who="1" step="1"/><E23/><REACH who="1" ten="206,181,333,270" step="2"/><V38/><F36/><W40/><G40/><T62/><D107/><U81/><E81/><V25/><F25/><W19/><G33/><T17/><D105/><U49/><E49/><V72/><AGARI ba="1,1" hai="26,29,32,38,39,72,78,80,124,125,127" m="42538" machi="72" ten="40,12000,1" yaku="18,1,14,1,10,1,23,1" doraHai="15" who="2" fromWho="2" sc="206,-41,181,-41,333,133,270,-41" /><INIT seed="2,2,0,0,4,79" ten="165,140,466,229" oya="2" hai0="3,67,62,131,61,84,93,37,45,75,71,85,119" hai1="125,50,21,63,126,124,98,113,1,118,102,8,68" hai2="22,115,104,30,108,80,52,76,83,117,72,133,64" hai3="14,33,88,81,23,86,66,26,10,92,78,99,47"/><V94/><F117/><W0/><G0/><T103/><D75/><U13/><E21/><V90/><F115/><W82/><G33/><T57/><D3/><U18/><E113/><V28/><F104/><W114/><G114/><T123/><D131/><U27/><E27/><V32/><F133/><W60/><G47/><T54/><D119/><U20/><E1/><V12/><F108/><W106/><G106/><T69/><D123/><U129/><E118/><V15/><F32/><W112/><G112/><T116/><D116/><U89/><E89/><V49/><F64/><W36/><G36/><T74/><D74/><U111/><E111/><V51/><F51/><W24/><G23/><T43/><REACH who="0" step="1"/><D71/><REACH who="0" ten="155,140,466,229" step="2"/><U109/><E109/><V2/><F2/><W65/><G66/><T11/><D11/><U107/><E8/><V101/><F72/><W100/><G65/><T53/><D53/><U73/><E73/><V35/><F52/><W31/><G60/><T130/><D130/><U46/><E129/><V132/><F132/><W122/><G122/><T48/><D48/><U34/><E63/><V135/><F135/><W38/><G38/><T91/><D91/><U87/><E68/><V121/><F121/><W127/><G88/><T96/><AGARI ba="2,1" hai="37,43,45,54,57,61,62,67,69,84,85,93,96,103" machi="96" ten="30,2000,0" yaku="1,1,0,1,53,0" doraHai="79" doraHaiUra="16" who="0" fromWho="0" sc="155,36,140,-7,466,-12,229,-7" /><INIT seed="3,0,0,0,0,77" ten="191,133,454,222" oya="3" hai0="109,100,76,36,89,88,96,129,16,127,71,13,85" hai1="65,63,135,38,25,103,54,107,97,22,125,101,30" hai2="108,114,32,27,7,106,59,51,61,15,56,110,19" hai3="21,73,128,116,131,75,79,83,14,91,74,112,95"/><W105/><G105/><T2/><D2/><U39/><E54/><N who="2" m="31839" /><F106/><W10/><G116/><T130/><D36/><U67/><E67/><N who="2" m="39359" /><F7/><W80/><G21/><N who="0" m="11407" /><D71/><U1/><E135/><V20/><F32/><W40/><G40/><T81/><D109/><N who="2" m="42090" /><F114/><W48/><G112/><T117/><D117/><U99/><E125/><V121/><F121/><W60/><G60/><T52/><D52/><U24/><E1/><V8/><F8/><W132/><G132/><T35/><D35/><U120/><E120/><V93/><F93/><W23/><G23/><T57/><D57/><U9/><E9/><V6/><F6/><W50/><G10/><T47/><D47/><U42/><E42/><V18/><F18/><W64/><G64/><T126/><D89/><U124/><E25/><AGARI ba="0,0" hai="15,19,20,25,27" m="42090,39359,31839" machi="25" ten="30,1000,0" yaku="14,1" doraHai="77" who="2" fromWho="1" sc="191,0,133,-10,454,10,222,0" /><INIT seed="4,0,0,5,0,105" ten="191,123,464,222" oya="0" hai0="110,20,112,43,66,116,111,128,0,28,82,123,16" hai1="98,24,132,12,122,67,101,62,103,106,41,25,129" hai2="89,60,95,71,135,86,68,48,33,117,18,69,1" hai3="34,26,84,7,6,108,58,3,45,90,21,78,46"/><T80/><D116/><U64/><E122/><V107/><F107/><W32/><G108/><N who="0" m="41515" /><D123/><U91/><E132/><V72/><F1/><W2/><G78/><T55/><D0/><U127/><E129/><V44/><F33/><W85/><G58/><T88/><D28/><U115/><E127/><V40/><F117/><W23/><G26/><N who="0" m="14599" /><D128/><U13/><E115/><V53/><F135/><W133/><G133/><T31/><D31/><U37/><E91/><AGARI ba="0,0" hai="2,3,6,7,21,23,32,34,45,46,84,85,90,91" machi="91" ten="25,1600,0" yaku="22,2" doraHai="105" who="3" fromWho="1" sc="191,0,123,-16,464,0,222,16" /><INIT seed="5,0,0,3,1,126" ten="191,107,464,238" oya="1" hai0="30,3,132,93,71,111,81,119,107,86,40,0,130" hai1="41,120,29,42,50,43,8,45,134,108,10,78,104" hai2="94,34,58,90,21,114,135,80,33,60,100,84,121" hai3="131,87,82,127,32,129,14,39,118,27,52,75,76"/><U31/><E120/><V85/><F121/><W15/><G39/><T48/><D111/><U62/><E104/><V65/><F135/><W9/><G127/><T117/><D107/><U97/><E134/><V69/><F114/><W13/><G118/><T68/><D132/><U17/><E108/><V83/><F100/><W22/><G32/><T102/><D30/><N who="1" m="11275" /><E78/><V16/><F69/><W5/><G52/><T106/><D106/><U37/><E37/><V89/><F94/><W28/><REACH who="3" step="1"/><G75/><REACH who="3" ten="191,107,464,228" step="2"/><T7/><D117/><U57/><E97/><V35/><F34/><W23/><G23/><T56/><D119/><U88/><E10/><V53/><F53/><W103/><G103/><T110/><D102/><U122/><E122/><V18/><F21/><W101/><G101/><T4/><D110/><U73/><E73/><V19/><AGARI ba="0,1" hai="16,18,19,33,35,58,60,65,80,83,84,85,89,90" machi="19" ten="30,4000,0" yaku="0,1,9,1,54,1" doraHai="126" who="2" fromWho="2" sc="191,-10,107,-20,464,50,228,-10" /><INIT seed="6,0,0,3,1,113" ten="181,87,514,218" oya="2" hai0="131,62,12,87,71,11,37,78,72,99,89,132,116" hai1="86,38,4,97,118,104,61,47,14,124,128,5,27" hai2="129,109,36,85,127,23,115,52,93,76,135,125,21" hai3="42,91,44,31,98,64,66,18,134,15,107,112,49"/><V58/><F36/><W26/><G112/><T84/><D37/><U48/><E128/><V74/><F74/><W96/><G134/><T110/><D110/><U0/><E0/><V133/><F109/><W41/><G41/><T102/><D131/><U40/><E124/><V69/><F69/><W50/><G50/><T30/><D30/><U130/><E130/><V106/><F106/><W43/><G43/><T123/><D123/><U119/><E38/><V70/><F70/><W122/><G122/><T77/><D132/><N who="2" m="50762" /><F115/><W13/><G107/><T82/><D77/><U83/><E61/><N who="2" m="36039" /><F129/><W79/><G79/><T59/><D71/><U92/><E104/><V55/><F55/><W94/><G96/><T22/><D22/><U75/><E75/><V25/><F23/><N who="3" m="15839" /><G13/><T60/><D87/><U45/><E27/><V20/><F20/><AGARI ba="0,0" hai="15,18,20,42,44,49,64,66,91,94,98" m="15839" machi="20" ten="30,1000,0" yaku="8,1" doraHai="113" who="3" fromWho="2" sc="181,0,87,0,514,-10,218,10" /><INIT seed="7,0,0,3,5,101" ten="181,87,504,228" oya="3" hai0="43,17,121,11,132,129,60,117,15,21,113,31,20" hai1="8,123,10,63,91,2,28,88,24,46,98,92,110" hai2="103,97,45,83,50,87,116,80,82,27,85,133,125" hai3="18,89,127,65,40,47,131,115,5,0,41,78,95"/><W14/><G65/><T119/><D60/><U99/><E110/><V105/><F116/><N who="0" m="44618" /><D43/><U57/><E123/><V19/><F133/><W114/><G78/><T108/><D121/><U111/><E111/><V70/><F125/><W32/><G32/><T104/><D108/><U102/><E2/><V48/><F70/><W64/><G64/><T59/><D59/><U13/><E46/><V118/><F118/><W6/><G127/><T124/><D124/><U66/><E99/><V55/><F50/><W4/><G131/><T126/><D126/><U30/><E30/><V39/><F39/><W52/><G0/><T26/><D104/><U54/><E54/><V69/><F69/><W9/><G52/><T74/><D74/><U77/><E77/><V84/><F82/><W94/><G94/><T130/><D132/><U61/><E61/><V34/><F34/><W90/><G95/><T93/><D93/><U75/><E75/><V109/><F109/><W33/><G33/><N who="0" m="20727" /><D113/><N who="3" m="43017" /><G41/><T37/><D37/><AGARI ba="0,0" hai="4,5,6,9,14,18,37,40,47,89,90" m="43017" machi="37" ten="30,1500,0" yaku="15,1" doraHai="101" who="3" fromWho="0" sc="181,-15,87,0,504,0,228,15" /><INIT seed="7,1,0,0,4,135" ten="166,87,504,243" oya="3" hai0="72,41,39,109,133,15,126,92,90,115,101,128,77" hai1="130,71,54,1,19,119,124,42,104,84,36,55,40" hai2="83,17,6,3,12,117,56,27,49,102,98,82,38" hai3="108,52,25,62,29,66,35,75,86,28,4,87,110"/><W121/><G121/><T81/><D39/><U24/><E1/><V74/><F38/><W22/><G75/><T60/><D41/><U2/><E2/><V85/><F117/><W95/><G4/><T23/><D60/><U44/><E104/><V63/><F74/><W21/><G52/><N who="1" m="20010" /><E84/><V31/><F49/><W16/><G29/><T33/><D33/><U30/><E19/><V91/><F3/><W51/><G51/><T132/><D23/><U20/><E20/><N who="2" m="15847" /><F6/><W116/><G116/><T127/><D15/><U59/><E24/><V64/><F102/><W65/><G65/><T76/><D109/><N who="3" m="42089" /><G95/><T10/><D10/><U11/><E30/><V70/><F70/><N who="3" m="42327" /><G35/><T0/><D0/><U125/><E11/><N who="2" m="6303" /><F98/><W122/><G122/><T7/><D7/><U120/><E120/><V78/><F83/><W114/><G114/><T69/><D69/><U53/><E119/><V37/><F37/><W8/><G8/><T61/><D61/><N who="1" m="36079" /><E130/><V131/><F131/><W107/><G107/><T58/><D58/><U97/><E97/><V113/><F113/><W100/><G100/><T47/><D47/><N who="1" m="23943" /><E71/><V34/><F34/><W45/><G86/><N who="0" m="52311" /><D128/><U73/><E73/><V67/><F67/><W89/><G28/><T14/><D14/><U57/><E57/><V18/><F18/><W103/><G103/><T96/><D115/><U5/><E5/><V123/><F123/><W48/><G22/><T50/><D76/><AGARI ba="1,0" hai="56,63,64,76,78,82,85,91" m="6303,15847" machi="76" ten="30,1000,0" yaku="8,1" doraHai="135" who="2" fromWho="0" sc="166,-13,87,0,504,13,243,0" owari="153,-25.0,87,-41.0,517,62.0,243,4.0" /></mjloggm>