<mjloggm ver="2.3"><GO type="169" lobby="0"/><UN n0="%E7%99%BD%E9%BB%92%E7%A5%9E" n1="%E3%83%9A%E3%83%81%E3%83%A7%E3%83%BC%E3%83%AA%E3%83%B3%E3%83%81%E3%83%BC" n2="%E8%B6%85%E3%83%92%E3%83%A2%E3%83%AA%E3%83%AD" n3="%EF%BC%88%E2%89%A7%E2%96%BD%E2%89%A6%EF%BC%89" dan="16,16,18,18" rate="2067.11,2040.26,2180.70,2255.93" sx="F,M,F,M"/><TAIKYOKU oya="0"/><INIT seed="0,0,0,3,1,64" ten="250,250,250,250" oya="0" hai0="69,42,31,81,17,11,124,115,33,91,119,48,106" hai1="23,131,82,56,122,57,134,54,63,36,72,118,76" hai2="47,78,59,7,70,60,46,35,112,22,105,4,68" hai3="43,85,83,130,62,3,77,8,15,21,1,19,28"/><T25/><D119/><U99/><E122/><V100/><F35/><W84/><G130/><T107/><D115/><U49/><E118/><V103/><F112/><W92/><G43/><T121/><D124/><U65/><E131/><V101/><F105/><W12/><G62/><T58/><D121/><U6/><E134/><V73/><F22/><W5/><G28/><T37/><D37/><U79/><E79/><V74/><F78/><W89/><AGARI ba="0,0" hai="1,3,5,8,12,15,19,21,77,83,84,85,89,92" machi="89" ten="30,1100,0" yaku="0,1" doraHai="64" who="3" fromWho="3" sc="250,-5,250,-3,250,-3,250,11" /><INIT seed="1,0,0,2,0,118" ten="245,247,247,261" oya="1" hai0="133,102,121,76,20,5,79,64,89,21,97,74,2" hai1="93,117,50,103,77,124,129,14,52,83,33,9,92" hai2="94,37,80,11,130,55,111,107,100,115,44,4,81" hai3="40,135,75,99,6,128,10,25,47,72,15,26,78"/><U34/><E117/><V12/><F111/><W101/><G135/><T67/><D133/><U82/><E129/><V16/><F130/><W1/><G128/><T114/><D114/><U63/><E63/><V22/><F107/><W110/><G110/><T96/><D2/><U17/><E124/><V71/><F71/><W84/><G84/><T90/><D5/><U61/><E61/><V23/><F115/><W42/><G42/><T43/><D43/><U28/><E83/><V106/><F106/><W29/><G15/><T87/><D87/><U120/><E120/><V18/><F37/><W3/><G3/><T24/><D24/><U68/><E68/><V48/><F100/><W13/><G13/><T126/><D126/><U108/><E108/><V49/><F94/><W91/><G91/><T31/><D102/><U8/><E8/><V60/><F60/><W69/><G69/><T112/><D112/><U30/><E34/><V0/><REACH who="2" step="1"/><F49/><REACH who="2" ten="245,247,237,261" step="2"/><W125/><G125/><T45/><D74/><N who="1" m="43319" /><E93/><V46/><F46/><W65/><G75/><T88/><D45/><N who="1" m="27727" /><E92/><V127/><F127/><W98/><G72/><T85/><D97/><U57/><E103/><V41/><F41/><W104/><G99/><T51/><D96/><U35/><E57/><V27/><AGARI ba="0,1" hai="0,4,11,12,16,18,22,23,27,44,48,55,80,81" machi="27" ten="20,5200,0" yaku="1,1,0,1,7,1,54,1,53,0" doraHai="118" doraHaiUra="70" who="2" fromWho="2" sc="245,-13,247,-26,237,62,261,-13" /><INIT seed="2,0,0,0,2,6" ten="232,221,299,248" oya="2" hai0="79,9,74,40,132,54,20,34,89,115,101,106,45" hai1="7,91,98,30,118,23,112,71,48,37,52,1,14" hai2="103,17,93,36,21,11,110,121,25,16,130,73,111" hai3="39,92,64,70,120,82,114,12,66,117,35,99,124"/><V0/><F121/><W32/><G117/><T72/><D34/><U44/><E112/><V90/><F130/><W134/><G120/><T27/><D115/><U116/><E71/><V113/><F113/><W131/><G114/><T77/><D132/><U53/><E37/><V61/><F73/><W5/><G39/><T128/><D54/><U95/><E53/><V59/><F103/><W123/><G123/><T26/><D9/><U42/><E42/><V46/><F46/><W94/><G131/><T60/><D60/><U10/><REACH who="1" step="1"/><E14/><REACH who="1" ten="232,211,299,248" step="2"/><N who="2" m="7263" /><F36/><W63/><G12/><T78/><D40/><U41/><E41/><V80/><F0/><W100/><G70/><T109/><D128/><U24/><AGARI ba="0,1" hai="1,7,10,23,24,30,44,48,52,91,95,98,116,118" machi="24" ten="30,8000,1" yaku="1,1,0,1,52,1,54,1,53,1" doraHai="6" doraHaiUra="3" who="1" fromWho="1" sc="232,-20,211,90,299,-40,248,-20" /><INIT seed="3,0,0,1,3,29" ten="212,301,259,228" oya="3" hai0="27,130,126,8,106,2,80,5,56,37,81,57,26" hai1="15,108,93,49,71,18,82,122,70,48,92,131,23" hai2="124,43,75,6,79,35,127,12,7,98,60,36,59" hai3="4,90,134,39,100,112,55,20,111,44,132,9,21"/><W61/><G112/><T101/><D37/><U47/><E122/><V46/><F79/><W67/><G100/><T32/><D130/><U54/><E108/><V34/><F75/><W109/><G90/><T14/><D126/><N who="2" m="48170" /><F98/><W13/><G55/><T0/><D101/><U135/><E131/><V25/><F25/><W121/><G121/><T30/><D106/><U97/><E82/><V102/><F102/><W78/><G78/><T104/><D104/><U33/><E33/><N who="2" m="12299" /><F12/><W74/><G74/><T38/><D38/><U76/><E76/><V1/><F1/><W103/><G103/><T50/><D27/><U133/><E15/><V117/><F117/><W40/><G111/><T89/><D2/><U116/><E97/><V113/><F113/><W28/><G109/><T123/><D0/><U22/><E116/><V115/><F115/><W96/><G96/><T52/><D123/><U24/><E24/><V69/><F69/><N who="3" m="42223" /><G28/><T83/><REACH who="0" step="1"/><D89/><REACH who="0" ten="202,301,259,228" step="2"/><U42/><E70/><V65/><AGARI ba="0,1" hai="6,7,36,43,46,59,60,65" m="12299,48170" machi="65" ten="30,7900,0" yaku="18,1,52,3" doraHai="29" who="2" fromWho="2" sc="202,-20,301,-20,259,89,228,-39" /><INIT seed="4,0,0,2,1,62" ten="182,281,348,189" oya="0" hai0="132,40,127,45,33,52,79,90,26,121,35,126,119" hai1="131,9,124,89,28,39,57,97,7,70,118,93,1" hai2="113,48,135,44,17,73,0,94,15,84,111,36,31" hai3="99,72,78,92,125,107,87,23,38,102,11,86,3"/><T55/><D121/><U115/><E118/><V13/><F111/><W81/><G38/><T19/><D119/><U108/><E39/><V106/><F135/><W69/><G69/><T54/><D79/><U27/><E70/><V34/><F0/><W49/><G125/><N who="0" m="47627" /><D132/><U129/><E124/><V100/><F73/><W130/><G130/><N who="1" m="49674" /><E108/><V30/><F34/><W123/><G123/><T67/><D90/><U14/><E115/><V59/><F106/><W117/><G117/><T53/><D53/><U82/><E82/><V63/><F36/><W6/><G23/><N who="0" m="13695" /><D67/><U128/><E128/><V61/><F100/><W24/><G24/><T8/><D8/><U88/><E89/><V122/><F122/><W74/><G74/><T109/><D109/><U120/><E120/><V110/><F110/><W4/><G4/><T133/><D133/><U25/><E27/><V50/><F113/><W18/><G18/><T56/><D56/><U58/><E1/><V32/><F59/><W80/><G72/><T71/><D71/><U85/><E97/><V60/><F17/><W76/><REACH who="3" step="1"/><G49/><AGARI ba="0,0" hai="33,35,40,45,49,52,54,55" m="13695,47627" machi="49" ten="30,2900,0" yaku="18,1,54,1" doraHai="62" who="0" fromWho="3" sc="182,29,281,0,348,0,189,-29" /><INIT seed="4,1,0,2,0,111" ten="211,281,348,160" oya="0" hai0="134,102,4,132,133,96,60,44,91,34,17,45,114" hai1="35,41,78,100,76,126,119,48,6,118,72,61,123" hai2="46,98,36,22,27,16,104,0,83,88,110,13,71" hai3="50,70,3,79,115,103,81,122,14,64,90,80,24"/><T43/><D34/><U63/><E123/><V97/><F0/><W106/><G3/><T124/><D124/><U25/><E126/><V20/><F71/><W1/><G1/><T105/><D4/><U82/><E76/><V32/><F32/><W77/><G122/><T31/><D31/><U54/><E6/><V59/><F110/><W52/><G24/><T2/><D2/><U55/><E41/><V62/><F104/><W9/><G115/><T29/><D29/><U19/><E100/><V40/><F83/><W7/><G64/><T57/><D43/><U94/><E94/><V49/><F36/><W37/><G70/><T30/><D30/><U15/><E25/><V117/><F117/><W93/><G37/><T84/><D17/><U10/><E35/><V73/><F73/><W85/><G106/><T95/><REACH who="0" step="1"/><D114/><REACH who="0" ten="201,281,348,160" step="2"/><U127/><E127/><V89/><F27/><W66/><G66/><AGARI ba="1,1" hai="44,45,57,60,66,84,91,95,96,102,105,132,133,134" machi="66" ten="40,7700,0" yaku="1,1,2,1,20,1,53,0" doraHai="111" doraHaiUra="120" who="0" fromWho="3" sc="201,90,281,0,348,0,160,-80" /><INIT seed="4,2,0,5,4,14" ten="291,281,348,80" oya="0" hai0="18,54,29,99,41,78,131,112,51,61,13,10,30" hai1="15,39,82,116,26,48,73,130,84,93,27,123,24" hai2="63,75,100,74,9,11,97,19,95,64,46,25,7" hai3="83,16,71,133,62,77,129,53,20,110,114,42,34"/><T89/><D112/><U81/><E116/><V3/><F46/><W86/><G110/><T45/><D78/><U52/><E39/><V132/><F132/><W49/><G114/><T44/><D131/><U58/><E123/><V111/><F111/><W4/><G133/><T2/><D2/><U6/><E73/><V79/><F79/><W72/><G129/><T40/><D40/><U21/><E130/><V106/><F95/><W80/><G34/><T104/><D61/><U37/><E37/><V96/><F96/><W128/><G4/><T69/><D69/><U76/><E82/><V65/><F65/><W85/><G128/><T119/><D119/><U50/><E93/><V120/><F120/><W125/><G125/><T60/><D60/><N who="1" m="35911" /><E6/><V113/><F113/><W87/><G80/><T127/><D127/><U135/><E135/><V8/><F74/><W91/><G42/><T33/><D33/><U92/><E92/><V28/><F75/><W57/><G91/><T67/><D67/><U90/><E90/><V103/><F103/><W55/><G71/><T17/><D89/><U36/><E36/><V0/><F0/><W1/><G1/><T66/><D66/><U47/><E47/><V68/><F7/><W5/><G5/><T32/><D32/><U105/><E105/><V35/><F3/><W38/><G38/><T126/><D126/><U98/><E98/><V108/><F108/><W117/><G117/><T59/><D104/><U102/><E102/><V134/><F134/><W70/><G70/><T124/><D99/><U122/><E122/><V115/><F115/><RYUUKYOKU ba="2,0" sc="291,-15,281,15,348,15,80,-15" hai1="15,21,24,26,27,48,50,76,81,84" hai2="8,9,11,19,25,28,35,63,64,68,97,100,106" /><INIT seed="5,3,0,1,4,43" ten="276,296,363,65" oya="1" hai0="47,128,19,16,40,91,133,64,1,59,34,46,102" hai1="54,58,132,70,94,55,60,108,120,35,101,7,24" hai2="39,33,76,98,117,130,18,37,51,126,125,30,20" hai3="134,90,129,25,45,12,44,99,13,87,103,118,28"/><U109/><E120/><V49/><F117/><W61/><G118/><T67/><D34/><U73/><E73/><V69/><F69/><W114/><G114/><T112/><D1/><U124/><E124/><N who="2" m="47723" /><F130/><W0/><G0/><T42/><D112/><U32/><E32/><V96/><F30/><W65/><G134/><T48/><D102/><U9/><E132/><V10/><F10/><W5/><G129/><T123/><D128/><U31/><E70/><V82/><F33/><W119/><G119/><T29/><D29/><U27/><E27/><N who="2" m="14743" /><F51/><W22/><G5/><T53/><D123/><U111/><E101/><V66/><F66/><N who="0" m="25130" /><D91/><U97/><E55/><V93/><F49/><W75/><G75/><T122/><D133/><U131/><E131/><V106/><F106/><W107/><G12/><T11/><D122/><U56/><E56/><V74/><F98/><W116/><G13/><N who="0" m="7231" /><D19/><U113/><E113/><V38/><F38/><W23/><G23/><T15/><D15/><N who="1" m="5567" /><E97/><V127/><N who="2" m="47731" /><V80/><DORA hai="8" /><F74/><W88/><G116/><T41/><AGARI ba="3,0" hai="40,41,42,46,47,48,53,59" m="7231,25130" machi="41" ten="30,8000,1" yaku="8,1,52,3,54,1" doraHai="43,8" who="0" fromWho="0" sc="276,89,296,-43,363,-23,65,-23" /><INIT seed="6,0,0,4,1,108" ten="365,253,340,42" oya="2" hai0="36,114,25,105,52,118,19,106,107,16,2,71,88" hai1="63,94,115,12,77,30,26,7,17,44,3,40,123" hai2="76,100,20,32,119,37,69,112,33,74,85,67,121" hai3="129,99,79,23,116,47,82,14,110,127,38,1,28"/><V62/><F119/><W104/><G116/><T57/><D36/><U132/><E132/><V46/><F121/><W50/><G110/><T125/><D114/><U128/><E128/><V35/><F74/><W89/><G129/><T95/><D71/><U101/><E123/><V81/><F100/><W120/><G120/><T18/><D118/><U41/><E77/><V113/><REACH who="2" step="1"/><F20/><REACH who="2" ten="365,253,330,42" step="2"/><W93/><G127/><T109/><D125/><U65/><E101/><V54/><F54/><W43/><G104/><T56/><D109/><U97/><E65/><V10/><F10/><W75/><G1/><T51/><D2/><U73/><E3/><V72/><F72/><W103/><G103/><T111/><D111/><U27/><E73/><V61/><F61/><W60/><G60/><T29/><D57/><U91/><E63/><V42/><AGARI ba="0,1" hai="32,33,35,37,42,46,62,67,69,76,81,85,112,113" machi="42" ten="40,12000,1" yaku="1,1,0,1,52,2,53,0" doraHai="108" doraHaiUra="131" who="2" fromWho="2" sc="365,-40,253,-40,330,130,42,-40" /><INIT seed="6,1,0,2,2,69" ten="325,213,460,2" oya="2" hai0="101,42,97,57,130,14,95,120,48,4,38,77,99" hai1="62,22,132,103,17,21,86,109,104,52,75,100,32" hai2="27,63,43,23,55,31,46,7,50,90,66,18,16" hai3="3,5,128,102,111,19,44,70,2,79,13,125,123"/><V30/><F7/><W65/><G123/><T80/><D120/><U15/><E75/><V8/><F8/><W12/><G111/><T1/><D130/><U119/><E32/><V72/><F72/><W134/><G128/><T116/><D1/><U11/><E119/><V34/><F90/><W49/><G134/><T58/><D38/><U114/><E114/><V121/><F121/><W110/><G110/><T112/><D116/><U115/><E115/><V82/><F82/><W94/><G125/><T56/><D99/><U26/><E132/><V126/><F126/><W81/><G70/><T39/><D39/><U35/><E104/><V59/><F31/><W118/><G65/><T47/><D112/><U93/><E35/><V37/><F34/><W29/><G29/><T84/><D58/><AGARI ba="1,0" hai="16,18,23,27,30,37,43,46,50,55,58,59,63,66" machi="58" ten="30,5800,0" yaku="7,1,52,1,54,1" doraHai="69" who="2" fromWho="0" sc="325,-61,213,0,460,61,2,0" /><INIT seed="6,2,0,3,3,73" ten="264,213,521,2" oya="2" hai0="54,102,0,133,57,92,18,81,78,99,47,6,108" hai1="98,21,24,38,52,5,95,114,77,62,3,61,112" hai2="80,12,103,122,68,88,127,106,74,58,75,100,10" hai3="41,110,135,36,39,11,16,97,40,125,63,22,132"/><V30/><F68/><W29/><G110/><T96/><D108/><U48/><E38/><N who="3" m="14378" /><G29/><T60/><D133/><N who="3" m="51273" /><G125/><T50/><D6/><U15/><E3/><V13/><F30/><W86/><G11/><T124/><D0/><U82/><E15/><V79/><F13/><N who="3" m="9487" /><G97/><T56/><D124/><U130/><E5/><V7/><F12/><W91/><G63/><T128/><D99/><U107/><E107/><V42/><F10/><W111/><G111/><T121/><D121/><U109/><E109/><V104/><F106/><W94/><AGARI ba="2,0" hai="40,41,86,91,94" m="9487,51273,14378" machi="94" ten="30,2000,0" yaku="20,1,54,1" doraHai="73" who="3" fromWho="3" sc="264,-7,213,-7,521,-12,2,26" /><INIT seed="7,0,0,3,2,105" ten="257,206,509,28" oya="3" hai0="34,96,72,94,134,124,29,25,13,60,6,95,4" hai1="87,63,119,15,5,80,53,11,117,64,62,93,3" hai2="89,31,33,122,49,28,54,40,73,67,1,20,37" hai3="108,111,51,76,24,125,120,103,55,75,56,9,35"/><W92/><G120/><T10/><D72/><U50/><E93/><V82/><F33/><W2/><G125/><T22/><D124/><U46/><E117/><V39/><F20/><W52/><G2/><T57/><D134/><U14/><E119/><V44/><F39/><W123/><G123/><T23/><D6/><U79/><REACH who="1" step="1"/><E62/><REACH who="1" ten="257,196,509,28" step="2"/><V118/><F118/><W131/><G131/><T12/><D95/><U132/><E132/><V97/><F122/><W71/><G71/><T101/><D13/><U110/><E110/><N who="3" m="42026" /><G9/><T8/><D8/><U65/><E65/><AGARI ba="0,1" hai="4,10,12,22,23,25,29,34,57,60,65,94,96,101" machi="65" ten="30,1000,0" yaku="7,1" doraHai="105" who="0" fromWho="1" sc="257,20,196,-10,509,0,28,0" owari="277,8.0,186,-21.0,509,60.0,28,-47.0" /></mjloggm>