<mjloggm ver="2.3"><GO type="41"/><UN n0="%E3%82%A4%E3%83%BC%E3%82%B0%E3%83%AB%E3%83%BC" n1="%EF%BC%88%E2%89%A7%E2%96%BD%E2%89%A6%EF%BC%89" n2="%6B%6F%74%61%32" n3="%43%41%52%54%49%45%52" dan="13,15,14,13" rate="1891,1977,1904,1879" sx="M,M,M,F"/><TAIKYOKU oya="0"/><INIT seed="0,0,0,5,0,108" ten="250,250,250,250" oya="0" hai0="33,48,66,69,67,32,122,47,55,4,93,129,115" hai1="83,43,46,101,87,13,17,97,82,92,15,71,105" hai2="49,45,104,85,89,131,127,58,25,62,21,76,7" hai3="94,18,8,100,64,42,39,86,63,30,35,114,134"/><T124/><D122/><U40/><E71/><V9/><F104/><W36/><G134/><T24/><D4/><U123/><E123/><V50/><F131/><W44/><G39/><T126/><D129/><U57/><E105/><V26/><F76/><W88/><G100/><T133/><D133/><U106/><E106/><V96/><F96/><W54/><G114/><T112/><D93/><U99/><E99/><V120/><F120/><W10/><G54/><T72/><D72/><U41/><E57/><V74/><F74/><W110/><G110/><T52/><D24/><U29/><E29/><V95/><F127/><N who="0" m="48682" /><D55/><U20/><E82/><V14/><F21/><W16/><G8/><T5/><D5/><U6/><E6/><V113/><F113/><N who="0" m="43594" /><D69/><U84/><E84/><V102/><F7/><W11/><G11/><T75/><D75/><U80/><E80/><V1/><F26/><W28/><G10/><T27/><D27/><U119/><E13/><V130/><F25/><W53/><G53/><T37/><D37/><U109/><E109/><V117/><F130/><W103/><G36/><T22/><D22/><U2/><E2/><V68/><F1/><W128/><G128/><T121/><D121/><U51/><REACH who="1" step="1"/><E119/><REACH who="1" ten="250,240,250,250" step="2"/><V125/><F117/><W118/><G118/><T81/><D81/><U79/><AGARI ba="0,1" hai="15,17,20,40,41,43,46,51,79,83,87,92,97,101" machi="79" ten="20,8000,1" yaku="1,1,2,1,0,1,7,1,8,1,53,0" doraHai="108" doraHaiUra="0" who="1" fromWho="1" sc="250,-40,240,90,250,-20,250,-20" /><INIT seed="1,0,0,1,4,39" ten="210,330,230,230" oya="1" hai0="33,15,59,21,23,75,116,0,108,4,86,54,47" hai1="82,111,121,68,131,18,126,62,123,87,100,120,102" hai2="42,40,24,64,8,99,129,132,113,45,46,60,110" hai3="2,79,103,55,119,10,32,37,74,41,135,112,50"/><U72/><E131/><V16/><F113/><W13/><G112/><T69/><D75/><U89/><E126/><V81/><F129/><W73/><G2/><T127/><D69/><U65/><E111/><V128/><F128/><W70/><G70/><T1/><D116/><U133/><E133/><V12/><F110/><W28/><G135/><T134/><D108/><U66/><E66/><V57/><F132/><W52/><G119/><T27/><D134/><U63/><E63/><V104/><F81/><W34/><G103/><T94/><D127/><U31/><E31/><V25/><F99/><W22/><G79/><T114/><D114/><U125/><E125/><V124/><F124/><W93/><G74/><T92/><D21/><U105/><E105/><V19/><F19/><W96/><G73/><T17/><D47/><N who="2" m="17930" /><F104/><W109/><G22/><T107/><D107/><U115/><E115/><V48/><F48/><W35/><G50/><T30/><D86/><U38/><E38/><V3/><F3/><W106/><G106/><T49/><D0/><U7/><E7/><V43/><AGARI ba="0,0" hai="8,12,16,24,25,40,42,43,57,60,64" m="17930" machi="43" ten="30,8000,1" yaku="8,1,52,3,54,1" doraHai="39" who="2" fromWho="2" sc="210,-20,330,-40,230,80,230,-20" /><INIT seed="2,0,0,2,2,54" ten="190,290,310,210" oya="2" hai0="5,88,32,78,57,16,52,109,87,53,18,26,0" hai1="83,72,81,56,7,110,34,117,76,35,74,50,122" hai2="2,121,11,133,111,120,20,124,14,43,71,112,6" hai3="49,19,66,89,116,29,130,33,68,65,86,63,91"/><V23/><F71/><W128/><G116/><T100/><D109/><U62/><E122/><N who="2" m="47211" /><F43/><W134/><G134/><T17/><D100/><U82/><E117/><V40/><F40/><W73/><G73/><T75/><D75/><U8/><E50/><V39/><F39/><W47/><G29/><T69/><D69/><U80/><E110/><V28/><F111/><W64/><G33/><T21/><D78/><U106/><E106/><V46/><F46/><W99/><G19/><T90/><D32/><U42/><E42/><V25/><F112/><W13/><G13/><T24/><D0/><U12/><REACH who="1" step="1"/><E72/><REACH who="1" ten="190,280,310,210" step="2"/><V135/><F124/><W95/><G49/><N who="0" m="30863" /><D53/><AGARI ba="0,1" hai="7,8,12,34,35,53,56,62,74,76,80,81,82,83" machi="53" ten="40,2600,0" yaku="1,1,52,1,53,0" doraHai="54" doraHaiUra="84" who="1" fromWho="0" sc="190,-26,280,36,310,0,210,0" /><INIT seed="3,0,0,1,1,63" ten="164,316,310,210" oya="3" hai0="81,8,101,24,116,10,70,68,127,25,13,78,62" hai1="121,2,30,126,93,17,35,37,18,123,1,83,132" hai2="105,15,130,60,110,53,5,118,112,84,58,72,91" hai3="48,9,27,128,98,55,103,94,102,11,21,41,67"/><W74/><G74/><T57/><D116/><U134/><E37/><V129/><F118/><W120/><G120/><N who="1" m="46154" /><E83/><V33/><F33/><W131/><G41/><T31/><D127/><U106/><E93/><V46/><F112/><W97/><G67/><T59/><D8/><U90/><E90/><V65/><F72/><W107/><G27/><T3/><D3/><N who="1" m="1035" /><E106/><V88/><F105/><W0/><G21/><T86/><D24/><N who="1" m="18887" /><E126/><V69/><F46/><W113/><G113/><T85/><D85/><U119/><E119/><V76/><F76/><W108/><G108/><T61/><D101/><U80/><E80/><V7/><F110/><W114/><G114/><T22/><D61/><U49/><E49/><V42/><F42/><W71/><G71/><T28/><D28/><U124/><E124/><V34/><F91/><W6/><REACH who="3" step="1"/><G11/><REACH who="3" ten="164,316,310,200" step="2"/><T19/><REACH who="0" step="1"/><D59/><AGARI ba="0,1" hai="0,6,9,48,55,59,94,97,98,102,103,107,128,131" machi="59" ten="40,3900,0" yaku="1,1,2,1,53,0" doraHai="63" doraHaiUra="12" who="3" fromWho="0" sc="164,-39,316,0,310,0,200,49" /><INIT seed="3,1,0,2,2,45" ten="125,316,310,249" oya="3" hai0="23,5,65,112,91,111,106,11,80,62,18,124,39" hai1="120,49,90,101,131,99,34,43,110,104,96,22,70" hai2="53,75,82,0,93,6,126,17,31,8,41,114,71" hai3="21,7,94,36,46,64,121,32,54,30,115,81,68"/><W129/><G115/><T15/><D111/><U123/><E34/><V102/><F114/><W59/><G121/><T51/><D112/><U133/><E133/><V16/><F71/><W1/><G32/><T52/><D39/><U44/><E70/><V20/><F41/><W125/><G1/><T100/><D124/><U119/><E119/><V63/><F126/><W113/><G113/><T127/><D127/><U50/><E131/><V10/><F10/><W28/><G125/><T79/><D106/><U86/><E110/><V56/><F82/><W4/><G68/><T57/><D100/><U98/><E22/><V103/><F75/><W24/><G28/><T77/><D91/><U69/><E69/><V19/><F31/><W105/><G105/><T9/><D9/><U61/><E61/><V72/><F72/><W134/><G64/><T3/><REACH who="0" step="1"/><D80/><REACH who="0" ten="115,316,310,249" step="2"/><U97/><E120/><V48/><F103/><W135/><G81/><T66/><D66/><U67/><E123/><V118/><F118/><W117/><G117/><T38/><D38/><U83/><REACH who="1" step="1"/><E67/><REACH who="1" ten="115,306,310,249" step="2"/><V40/><F20/><W116/><G21/><T95/><D95/><U12/><E12/><V35/><F93/><W109/><G94/><T74/><D74/><U76/><E76/><V73/><F73/><W27/><G109/><T37/><D37/><AGARI ba="1,2" hai="37,43,44,49,50,83,86,90,96,97,98,99,101,104" machi="37" ten="40,8000,1" yaku="1,1,52,2,53,1" doraHai="45" doraHaiUra="84" who="1" fromWho="0" sc="115,-83,306,103,310,0,249,0" /><INIT seed="4,0,0,2,1,44" ten="32,409,310,249" oya="0" hai0="77,32,126,58,46,90,103,56,132,87,45,21,124" hai1="70,129,34,66,95,76,69,100,111,112,97,12,1" hai2="109,104,98,82,116,93,48,0,55,118,84,7,16" hai3="2,23,37,88,80,106,122,79,67,92,5,72,86"/><T9/><D32/><U33/><E1/><V63/><F109/><W52/><G37/><T8/><D103/><U133/><E111/><V20/><F104/><W22/><G67/><T53/><D77/><U41/><E133/><V96/><F63/><W19/><G122/><T120/><D120/><U30/><E129/><V78/><F7/><W54/><G106/><T130/><D130/><U10/><E112/><V75/><F0/><W71/><G71/><T14/><D132/><U115/><E115/><V91/><F96/><W35/><G35/><T17/><D126/><U73/><E41/><V105/><F105/><W51/><G54/><T135/><D124/><U18/><E66/><V65/><F65/><W47/><REACH who="3" step="1"/><G19/><REACH who="3" ten="32,409,310,239" step="2"/><N who="0" m="8647" /><D9/><AGARI ba="0,1" hai="2,5,9,22,23,47,51,52,72,79,80,86,88,92" machi="9" ten="40,8000,1" yaku="1,1,52,1,54,2,53,0" doraHai="44" doraHaiUra="60" who="3" fromWho="0" sc="32,-80,409,0,310,0,239,90" owari="-48,-55.0,409,51.0,310,-9.0,329,13.0" /></mjloggm>