<mjloggm ver="2.3"><GO type="41"/><UN n0="%E5%A4%A7%E8%B0%B7%E9%9B%85%E6%81%B5" n1="%E9%9D%9E%E5%8A%B9%E7%8E%87%E6%89%93%E6%B3%95" n2="%EF%BC%88%E2%89%A7%E2%96%BD%E2%89%A6%EF%BC%89" n3="%6A%69%70%73%68%69%30%31" dan="15,14,15,15" rate="2028,2049,1993,2012" sx="F,M,M,M"/><TAIKYOKU oya="0"/><INIT seed="0,0,0,4,4,16" ten="250,250,250,250" oya="0" hai0="109,124,103,116,123,35,41,18,72,9,43,31,57" hai1="69,11,131,25,15,108,129,125,99,107,106,13,67" hai2="19,126,59,42,60,120,132,73,55,96,22,110,90" hai3="66,130,33,71,12,87,98,111,53,118,39,56,119"/><T112/><D123/><U28/><E108/><V121/><F73/><W32/><G111/><T2/><D116/><U122/><E122/><V24/><F110/><W45/><G130/><N who="1" m="49674" /><E125/><V65/><F126/><W75/><G75/><T62/><D124/><U85/><E85/><V78/><F132/><W70/><G70/><T114/><D72/><U68/><E15/><V49/><F78/><W4/><G98/><T80/><D103/><N who="1" m="62847" /><E107/><V82/><F42/><W20/><G87/><T91/><D109/><U0/><E0/><V52/><F65/><W94/><G94/><T37/><D37/><U127/><E67/><V81/><F121/><W93/><G93/><T10/><D10/><U54/><E54/><V113/><F120/><W92/><G92/><T1/><D1/><U135/><E135/><V5/><F5/><W101/><G101/><T64/><D43/><U36/><E36/><V34/><F34/><W6/><G119/><T7/><D41/><U48/><E48/><V46/><F113/><W84/><G84/><T105/><D105/><U133/><E133/><V61/><F60/><W95/><G95/><AGARI ba="0,0" hai="19,22,24,46,49,52,55,59,61,81,82,90,95,96" machi="95" ten="40,8000,1" yaku="25,2,8,1,52,1,54,1" doraHai="16" who="2" fromWho="3" sc="250,0,250,0,250,80,250,-80" /><INIT seed="1,0,0,3,4,57" ten="250,250,330,170" oya="1" hai0="130,45,125,0,100,59,112,101,3,81,58,29,84" hai1="115,98,12,9,82,4,134,102,106,38,116,114,107" hai2="93,1,85,25,99,61,80,32,64,97,17,46,89" hai3="87,131,120,23,10,36,51,65,22,95,113,109,7"/><U13/><E116/><V73/><F1/><W15/><G109/><T133/><D112/><U43/><E106/><V77/><F46/><W55/><G36/><T18/><D133/><U49/><E134/><V27/><F32/><W11/><G131/><T96/><D130/><U21/><E38/><V124/><F124/><W91/><G120/><T123/><D123/><U75/><E43/><V117/><F117/><W72/><G72/><T92/><D125/><U74/><E49/><V34/><F34/><W94/><G113/><T52/><D101/><U39/><E39/><V128/><F128/><W16/><G65/><T28/><D58/><U2/><E75/><V118/><F118/><W88/><G10/><T35/><D45/><U110/><E110/><V54/><F54/><W70/><G70/><T41/><D41/><U5/><E13/><V6/><F6/><W83/><G83/><T8/><D35/><U44/><E44/><V50/><F50/><W105/><G105/><T90/><D0/><U20/><E20/><V76/><F17/><W108/><G7/><T37/><D37/><U121/><E121/><V56/><F77/><W62/><G108/><T30/><D3/><U47/><E47/><V135/><F135/><W60/><G23/><T42/><D42/><U132/><E132/><V119/><F119/><W69/><G69/><T14/><D30/><U78/><E5/><V103/><F99/><N who="3" m="57799" /><G11/><T31/><D29/><U127/><E127/><V48/><F48/><AGARI ba="0,0" hai="8,14,18,28,31,48,52,59,81,84,90,92,96,100" machi="48" ten="30,3900,0" yaku="7,1,8,1,54,1" doraHai="57" who="0" fromWho="2" sc="250,39,250,0,330,-39,170,0" /><INIT seed="2,0,0,4,5,100" ten="289,250,291,170" oya="2" hai0="128,101,133,95,48,47,121,53,116,6,1,105,117" hai1="7,131,127,129,71,70,8,74,56,104,94,31,55" hai2="59,21,124,72,13,102,27,16,24,130,99,51,25" hai3="125,83,22,92,67,23,113,107,32,126,86,76,36"/><V26/><F124/><N who="3" m="47723" /><G32/><T108/><D121/><U63/><E127/><V44/><F72/><N who="3" m="43399" /><G36/><T109/><D133/><U65/><E74/><V18/><F130/><N who="1" m="49673" /><E31/><V52/><F25/><W122/><G67/><T135/><D135/><U87/><E104/><V41/><F18/><W79/><G23/><T78/><D78/><U28/><E28/><V84/><F84/><W50/><G50/><T88/><D128/><U112/><E112/><V69/><F69/><W82/><G22/><T64/><D64/><U115/><E115/><V42/><REACH who="2" step="1"/><F44/><REACH who="2" ten="289,250,281,170" step="2"/><W2/><G122/><T14/><D1/><N who="1" m="111" /><E71/><V15/><F15/><W33/><G2/><T120/><D120/><U38/><E87/><V111/><F111/><W106/><G33/><T119/><D14/><U0/><E0/><V91/><F91/><N who="3" m="53367" /><G113/><T37/><D6/><U73/><E70/><V11/><F11/><W77/><G77/><T98/><REACH who="0" step="1"/><D37/><REACH who="0" ten="279,250,281,170" step="2"/><U34/><E38/><V45/><F45/><W66/><G66/><T110/><D110/><U134/><E65/><V40/><F40/><W58/><G58/><T49/><D49/><U96/><E134/><V61/><F61/><W9/><G9/><T103/><D103/><U17/><E56/><V80/><F80/><W30/><G30/><T46/><D46/><U20/><E63/><V35/><F35/><W19/><G19/><T10/><D10/><U90/><E34/><V57/><F57/><W97/><G97/><AGARI ba="0,2" hai="47,48,53,88,95,97,98,101,105,108,109,116,117,119" machi="97" ten="50,8000,1" yaku="1,1,12,1,52,1,54,1,53,0" doraHai="100" doraHaiUra="132" who="0" fromWho="3" sc="279,100,250,0,281,0,170,-80" /><INIT seed="3,0,0,1,2,109" ten="379,250,281,90" oya="3" hai0="11,106,124,47,8,77,55,94,60,99,135,110,126" hai1="125,93,87,84,3,112,98,59,30,96,1,25,68" hai2="89,95,86,21,103,90,132,5,17,101,49,4,18" hai3="104,122,74,117,83,15,13,123,115,64,48,54,32"/><W80/><G117/><T16/><D135/><U26/><E68/><V9/><F132/><W61/><G104/><T29/><D110/><U72/><E72/><V44/><F89/><W105/><G105/><T134/><D134/><U76/><E125/><N who="0" m="48233" /><D106/><U6/><E112/><V53/><F17/><W46/><G32/><T65/><D77/><U58/><E76/><V118/><F118/><W43/><G115/><T79/><D79/><U66/><E66/><V120/><F120/><W133/><G133/><T92/><D29/><U57/><E6/><N who="2" m="2667" /><F9/><W70/><G74/><T78/><D78/><U108/><E108/><V40/><F40/><W39/><G83/><T14/><D55/><U71/><E71/><V28/><F28/><W69/><G80/><T52/><D47/><U50/><E50/><V116/><F116/><W24/><G24/><AGARI ba="0,0" hai="18,21,24,44,49,53,86,90,95,101,103" m="2667" machi="24" ten="30,1000,0" yaku="8,1" doraHai="109" who="2" fromWho="3" sc="379,0,250,0,281,10,90,-10" /><INIT seed="4,0,0,2,2,107" ten="379,250,291,80" oya="0" hai0="113,51,86,101,85,14,7,29,8,10,76,42,65" hai1="95,124,55,27,66,126,21,28,78,77,35,131,62" hai2="132,41,68,125,2,50,99,54,133,122,19,38,16" hai3="3,127,110,112,81,58,59,43,24,84,20,121,25"/><T36/><D113/><U37/><E131/><V118/><F122/><W60/><G3/><T103/><D36/><U87/><E37/><V106/><F2/><W4/><G110/><T100/><D29/><U23/><E55/><V6/><F6/><W94/><G127/><N who="1" m="48682" /><E95/><V88/><F68/><W18/><G112/><T92/><D65/><U105/><E105/><V80/><F118/><W46/><G121/><T0/><D0/><U73/><E87/><N who="2" m="50279" /><F125/><W26/><G4/><T30/><D30/><U33/><E23/><V47/><F99/><W134/><G59/><T52/><D10/><U128/><E128/><V109/><F106/><W34/><G94/><T93/><D42/><U15/><E15/><V22/><F22/><W83/><G83/><N who="0" m="47335" /><D86/><U114/><E114/><V57/><F109/><W111/><G134/><AGARI ba="0,0" hai="16,19,38,41,47,50,54,57,132,133,134" m="50279" machi="134" ten="30,3900,0" yaku="20,1,54,2" doraHai="107" who="2" fromWho="3" sc="379,0,250,0,291,39,80,-39" /><INIT seed="5,0,0,1,1,135" ten="379,250,330,41" oya="1" hai0="34,94,30,24,10,11,88,57,102,97,101,47,18" hai1="31,79,16,52,43,130,121,110,113,4,111,22,37" hai2="124,61,116,77,95,60,119,54,107,127,50,129,13" hai3="28,114,39,63,104,99,108,48,70,42,62,82,84"/><U65/><E121/><V83/><F107/><W90/><G108/><N who="1" m="41514" /><E113/><V86/><F95/><W40/><G114/><T117/><D117/><N who="2" m="45130" /><F13/><W106/><G63/><T105/><D47/><N who="1" m="24047" /><E130/><V74/><F74/><W15/><G39/><T109/><D109/><U134/><E134/><V9/><F9/><W6/><G28/><T98/><D57/><U5/><E65/><V2/><F2/><W17/><G6/><T45/><D45/><U75/><E31/><V59/><F129/><W55/><G62/><T87/><REACH who="0" step="1"/><D18/><REACH who="0" ten="369,250,330,41" step="2"/><U125/><E125/><N who="2" m="48203" /><F61/><W0/><G70/><T12/><D12/><N who="1" m="9479" /><E52/><N who="2" m="33895" /><F50/><W8/><G0/><T123/><D123/><U76/><E75/><V1/><F1/><W46/><G106/><AGARI ba="0,1" hai="10,11,24,30,34,87,88,94,97,98,101,102,105,106" machi="106" ten="30,8000,1" yaku="1,1,7,1,9,1,54,1,53,1" doraHai="135" doraHaiUra="20" who="0" fromWho="3" sc="369,90,250,0,330,0,41,-80" owari="459,56.0,250,-15.0,330,13.0,-39,-54.0" /></mjloggm>