<mjloggm ver="2.3"><GO type="169" lobby="0"/><UN n0="%48%49%45%49" n1="%E3%83%9A%E3%83%AD%E3%81%A1%E3%82%83%E3%82%93" n2="%EF%BC%88%E2%89%A7%E2%96%BD%E2%89%A6%EF%BC%89" n3="%E3%81%B3%E3%82%8A%E3%81%B3%E3%82%8A%E2%98%86%E3%83%93%E3%83%AA%E3%83%BC" dan="16,16,17,17" rate="2038.19,2020.70,2136.16,2186.24" sx="M,M,M,M"/><TAIKYOKU oya="0"/><INIT seed="0,0,0,5,3,48" ten="250,250,250,250" oya="0" hai0="104,0,9,85,33,57,45,49,96,37,84,114,4" hai1="24,109,19,27,76,73,128,52,42,120,62,79,1" hai2="21,39,44,83,46,38,123,32,77,67,50,3,30" hai3="12,92,105,117,113,107,23,121,131,61,80,41,71"/><T14/><D114/><U82/><E120/><V36/><F123/><W22/><G121/><T98/><D33/><U26/><E1/><V11/><F32/><W13/><G113/><T108/><D108/><U93/><E109/><V47/><F67/><W126/><G117/><T43/><D0/><U17/><E128/><V124/><F124/><W111/><G111/><T6/><D6/><U100/><E42/><V133/><F133/><W56/><G71/><T16/><D4/><U55/><E62/><V68/><F68/><W8/><G41/><T132/><D132/><U135/><E135/><V110/><F110/><W130/><G80/><T53/><REACH who="0" step="1"/><D96/><REACH who="0" ten="240,250,250,250" step="2"/><N who="1" m="59407" /><E73/><V115/><F115/><W78/><G130/><T28/><D28/><U95/><E95/><V97/><F3/><W99/><G92/><T72/><D72/><U116/><E116/><V125/><F30/><W58/><G131/><T75/><D75/><U102/><E102/><AGARI ba="0,1" hai="9,14,16,37,43,45,49,53,57,84,85,98,102,104" machi="102" ten="40,12000,1" yaku="1,1,52,1,54,1,53,1" doraHai="48" doraHaiUra="101" who="0" fromWho="1" sc="240,130,250,-120,250,0,250,0" /><INIT seed="0,1,0,4,5,59" ten="370,130,250,250" oya="0" hai0="21,13,39,90,68,55,67,120,126,40,93,79,66" hai1="57,128,97,19,6,131,0,63,112,45,84,1,83" hai2="114,18,78,71,87,102,100,36,105,119,24,35,72" hai3="4,108,76,52,118,47,8,110,121,29,107,61,73"/><T26/><D120/><U85/><E112/><V103/><F114/><W48/><G118/><T20/><D126/><U95/><E19/><V22/><F36/><W99/><G121/><T106/><D106/><U80/><E45/><V77/><F119/><W91/><G29/><T62/><D79/><U17/><E17/><V10/><F105/><W3/><G76/><T123/><D123/><U27/><E27/><V38/><F38/><W65/><G73/><T94/><D39/><U130/><E6/><V127/><F127/><W98/><G91/><T28/><D40/><U43/><E43/><V82/><F35/><W31/><G31/><T81/><D81/><U129/><N who="1" m="32768" /><DORA hai="15" /><U74/><E74/><V25/><F71/><W53/><G53/><T34/><D93/><U134/><E134/><V109/><F109/><N who="3" m="42091" /><G107/><T32/><D67/><N who="1" m="39407" /><E80/><V89/><F72/><W33/><G33/><T88/><D32/><U30/><E30/><N who="2" m="17687" /><F25/><W92/><G92/><T111/><D94/><U96/><E96/><V60/><F82/><W135/><G135/><T64/><D111/><U7/><E7/><V14/><F87/><N who="1" m="33353" /><E83/><V44/><F44/><W113/><G113/><T23/><D13/><U115/><E115/><V124/><F124/><W101/><G101/><AGARI ba="1,0" hai="0,1,95,97,101" m="33353,39407,32768" machi="101" ten="60,3900,0" yaku="19,1,52,1" doraHai="59,15" who="1" fromWho="3" sc="370,0,130,42,250,0,250,-42" /><INIT seed="1,0,0,3,5,42" ten="370,172,250,208" oya="1" hai0="102,91,13,130,44,31,29,106,122,69,131,36,127" hai1="103,8,119,64,105,50,66,72,43,63,48,57,6" hai2="92,38,113,134,112,93,9,71,100,61,54,59,89" hai3="12,110,32,52,95,10,96,51,3,39,2,1,25"/><U78/><E119/><V73/><F134/><W26/><G39/><T4/><D69/><U27/><E72/><V21/><F73/><W97/><G110/><T121/><D127/><U49/><E78/><V111/><F111/><W17/><G32/><T47/><D36/><U88/><E105/><V80/><F38/><W14/><G14/><T5/><D91/><U65/><E103/><V107/><F71/><W75/><G75/><T16/><D102/><U94/><E27/><V7/><F107/><W116/><G116/><T123/><D106/><U34/><E34/><V117/><F117/><W84/><G84/><T62/><D62/><U45/><E50/><V60/><F60/><W41/><G41/><T81/><D81/><U11/><E49/><V76/><F100/><W56/><REACH who="3" step="1"/><G97/><REACH who="3" ten="370,172,250,198" step="2"/><T132/><D132/><U87/><E11/><V15/><F21/><W58/><G58/><T53/><D122/><U133/><E133/><V118/><F118/><W74/><G74/><T83/><D13/><AGARI ba="0,1" hai="6,8,13,43,45,48,57,63,64,65,66,87,88,94" machi="13" ten="30,11600,0" yaku="7,1,8,1,52,1,54,1" doraHai="42" who="1" fromWho="0" sc="370,-116,172,126,250,0,198,0" /><INIT seed="1,1,0,3,0,79" ten="254,298,250,198" oya="1" hai0="20,56,31,121,23,57,59,55,82,6,58,133,104" hai1="14,91,112,114,46,7,16,77,44,11,84,93,88" hai2="92,67,96,19,8,47,90,18,94,75,132,52,0" hai3="123,116,106,41,33,108,131,105,68,118,5,15,127"/><U48/><E77/><V124/><F75/><W62/><G123/><T45/><D104/><U49/><E114/><V32/><F132/><W83/><G33/><T74/><D133/><U65/><E112/><V42/><F32/><W35/><G35/><T9/><D121/><U113/><E113/><V4/><F124/><W66/><G127/><T117/><D117/><N who="3" m="45161" /><G108/><T81/><D45/><N who="1" m="17515" /><E65/><V51/><F67/><W3/><G41/><T70/><D70/><U22/><E91/><V102/><REACH who="2" step="1"/><F42/><REACH who="2" ten="254,298,240,198" step="2"/><W40/><G40/><T134/><D134/><U37/><E37/><V111/><F111/><W126/><G126/><T54/><D74/><U125/><E125/><V10/><F10/><W61/><G66/><T99/><D55/><U17/><E7/><V110/><F110/><W135/><G135/><T72/><D72/><U63/><E63/><V120/><F120/><W119/><G119/><T98/><D6/><U85/><E85/><AGARI ba="1,1" hai="0,4,8,18,19,47,51,52,85,90,92,94,96,102" machi="85" ten="30,7700,0" yaku="1,1,7,1,54,1,53,1" doraHai="79" doraHaiUra="97" who="2" fromWho="1" sc="254,0,298,-80,240,90,198,0" /><INIT seed="2,0,0,3,5,30" ten="254,218,330,198" oya="2" hai0="1,97,118,0,19,8,102,100,106,45,57,96,22" hai1="94,29,68,20,89,127,76,33,26,90,105,27,73" hai2="64,122,67,23,50,116,104,7,115,24,52,79,80" hai3="37,53,21,38,63,71,61,36,91,65,131,92,4"/><V46/><F122/><W110/><G110/><T112/><D112/><U75/><E68/><V128/><F115/><W60/><G131/><T2/><D8/><U82/><E105/><V119/><F128/><W11/><G21/><T15/><D118/><U28/><E127/><V59/><F104/><W35/><G35/><T87/><D57/><U48/><E48/><V49/><F7/><W9/><G53/><T72/><D72/><U56/><E56/><V47/><F116/><W17/><G17/><T101/><D87/><U58/><E58/><V16/><F119/><W69/><G69/><T78/><D78/><U95/><REACH who="1" step="1"/><E73/><REACH who="1" ten="254,208,330,198" step="2"/><V5/><F5/><W55/><G4/><T44/><REACH who="0" step="1"/><D106/><REACH who="0" ten="244,208,330,198" step="2"/><U130/><E130/><V103/><F59/><W54/><G71/><T123/><D123/><U6/><E6/><V10/><F10/><W41/><G11/><T31/><D31/><U111/><E111/><V98/><F67/><W114/><G9/><T107/><D107/><U42/><E42/><V3/><F64/><W12/><G41/><T43/><D43/><U62/><E62/><V83/><F52/><N who="3" m="20011" /><G65/><T77/><D77/><U117/><E117/><V109/><F79/><W126/><G114/><T25/><D25/><U40/><E40/><V99/><F109/><W120/><G120/><T34/><D34/><U14/><E14/><V129/><F129/><W66/><G12/><T134/><D134/><U39/><E39/><V70/><F70/><N who="3" m="42311" /><G126/><T18/><D18/><U135/><E135/><V93/><F16/><W85/><G38/><T86/><D86/><U124/><E124/><RYUUKYOKU ba="0,2" sc="244,10,208,10,330,-30,198,10" hai0="0,1,2,15,19,22,44,45,96,97,100,101,102" hai1="20,26,27,28,29,33,75,76,82,89,90,94,95" hai3="36,37,61,63,85,91,92" /><INIT seed="3,1,2,5,2,96" ten="254,218,300,208" oya="3" hai0="135,34,63,5,64,133,82,35,87,121,78,11,70" hai1="58,84,24,4,15,115,31,86,105,111,98,19,3" hai2="51,118,91,106,33,102,123,83,37,122,56,73,65" hai3="21,39,127,69,8,55,62,75,47,52,77,124,6"/><W67/><G21/><T26/><D121/><N who="2" m="46090" /><F37/><W93/><G93/><T128/><D128/><U1/><E111/><V25/><F118/><W27/><G27/><T112/><D112/><U42/><E115/><V13/><F13/><W23/><G23/><T134/><REACH who="0" step="1"/><D26/><REACH who="0" ten="244,218,300,208" step="2"/><U71/><E24/><V88/><F25/><W117/><G117/><T16/><D16/><U30/><E19/><V41/><F33/><W80/><G127/><T48/><D48/><U66/><E30/><V126/><F126/><W101/><G124/><T14/><AGARI ba="1,3" hai="5,11,14,34,35,63,64,70,78,82,87,133,134,135" machi="14" ten="30,7900,0" yaku="1,1,0,1,20,1,53,1" doraHai="96" doraHaiUra="60" who="0" fromWho="0" sc="244,112,218,-21,300,-21,208,-40" /><INIT seed="4,0,0,5,2,43" ten="356,197,279,168" oya="0" hai0="114,26,101,95,120,133,106,9,19,112,20,51,23" hai1="93,57,0,97,92,118,119,45,15,64,82,135,76" hai2="36,110,28,55,66,99,48,7,54,67,103,73,130" hai3="87,65,41,60,44,85,58,30,14,32,117,13,35"/><T121/><D106/><U113/><E0/><V78/><F36/><W104/><G117/><T98/><D133/><U71/><E71/><V52/><F110/><W53/><G104/><T129/><D129/><U33/><E33/><V127/><F130/><W63/><G35/><T131/><D131/><U1/><E1/><V134/><F134/><W37/><G14/><T105/><D105/><U75/><E113/><N who="0" m="43625" /><D9/><U46/><E135/><V39/><F39/><W5/><G5/><T79/><D79/><U96/><E15/><V86/><F73/><W8/><G13/><N who="0" m="9327" /><D51/><U108/><E108/><V89/><F78/><W27/><REACH who="3" step="1"/><G8/><REACH who="3" ten="356,197,279,158" step="2"/><T6/><D6/><U124/><E118/><V11/><F7/><W94/><G94/><T4/><D4/><U125/><E119/><V18/><F11/><W24/><G24/><T59/><D26/><U21/><E93/><V34/><F34/><W123/><G123/><T62/><D23/><U38/><E21/><V40/><F18/><W70/><AGARI ba="0,1" hai="27,30,32,37,41,44,53,58,60,63,65,70,85,87" machi="70" ten="20,5200,0" yaku="1,1,0,1,7,1,52,1,53,0" doraHai="43" doraHaiUra="3" who="3" fromWho="3" sc="356,-26,197,-13,279,-13,158,62" /><INIT seed="5,0,0,1,5,27" ten="330,184,266,220" oya="1" hai0="1,106,76,114,67,39,80,24,25,120,8,104,84" hai1="26,124,126,116,20,102,86,37,48,92,41,69,4" hai2="110,44,21,103,66,51,36,0,28,57,18,22,121" hai3="128,63,32,85,40,119,108,11,75,60,107,72,130"/><U113/><E116/><V56/><F121/><W12/><G108/><T49/><D39/><U33/><E69/><V61/><F110/><W14/><G107/><T3/><D120/><U31/><E37/><V17/><F0/><W47/><G32/><T109/><D109/><U53/><E4/><V122/><F122/><W46/><G85/><T135/><D24/><U81/><E41/><N who="2" m="24975" /><F36/><W71/><G71/><T29/><D114/><U30/><E113/><V58/><F103/><W134/><G11/><T115/><D115/><U23/><E102/><V99/><F99/><W93/><G93/><T42/><D135/><U68/><E92/><V54/><F28/><W97/><G97/><T83/><D67/><U7/><E7/><V64/><F64/><W62/><G40/><T105/><D8/><U16/><E68/><V127/><F127/><N who="1" m="48681" /><E23/><N who="2" m="8715" /><F58/><W59/><G59/><T90/><D42/><U96/><E96/><V117/><F117/><W132/><G63/><AGARI ba="0,0" hai="17,18,54,56,57,61,63,66" m="8715,24975" machi="63" ten="30,1000,0" yaku="8,1" doraHai="27" who="2" fromWho="3" sc="330,0,184,0,266,10,220,-10" /><INIT seed="6,0,0,2,1,83" ten="330,184,276,210" oya="2" hai0="107,73,111,29,96,22,21,19,33,71,44,13,74" hai1="105,80,31,69,58,12,8,77,65,100,20,132,135" hai2="42,88,72,90,121,99,92,23,101,51,35,43,1" hai3="89,113,85,97,130,24,110,127,25,93,86,17,9"/><V57/><F35/><W81/><G110/><T133/><D111/><U125/><E125/><V40/><F121/><W116/><G116/><T61/><D22/><U68/><E105/><V118/><F118/><W53/><G127/><T131/><D44/><U134/><E100/><V11/><F72/><W30/><G130/><T112/><D131/><U14/><E58/><V16/><F11/><W59/><G113/><T94/><D112/><U45/><E45/><V4/><F4/><W49/><G30/><T102/><D133/><U39/><E39/><V119/><F1/><W64/><G64/><N who="0" m="41359" /><D94/><U27/><E65/><V52/><F119/><W124/><G124/><T120/><D120/><U108/><E108/><V117/><F117/><W56/><G56/><T5/><D5/><U37/><E37/><V109/><F109/><W0/><G0/><T126/><D126/><U7/><REACH who="1" step="1"/><E14/><AGARI ba="0,0" hai="14,16,23,40,42,43,51,52,57,88,90,92,99,101" machi="14" ten="40,12000,1" yaku="8,1,54,3" doraHai="83" who="2" fromWho="1" sc="330,0,184,-120,276,120,210,0" /><INIT seed="6,1,0,2,1,122" ten="330,64,396,210" oya="2" hai0="67,31,39,46,99,52,115,134,133,85,63,129,50" hai1="105,1,58,36,19,107,22,55,96,5,10,65,38" hai2="26,45,109,93,43,131,90,2,4,60,70,82,17" hai3="110,130,61,73,68,30,29,40,103,6,75,64,125"/><V0/><F131/><W80/><G130/><T94/><D39/><U113/><E113/><V119/><F119/><W18/><G125/><T120/><D120/><U89/><E65/><V28/><F4/><W62/><G6/><T92/><D129/><U42/><E42/><V91/><F17/><W20/><G40/><T88/><D31/><U8/><E8/><V121/><F121/><W84/><G103/><T49/><D49/><U86/><E107/><V108/><F82/><W12/><G62/><T83/><D115/><U66/><E66/><N who="2" m="41287" /><F26/><W79/><G30/><T14/><D14/><U11/><E11/><V51/><F28/><W27/><REACH who="3" step="1"/><G110/><REACH who="3" ten="330,64,396,200" step="2"/><N who="2" m="42601" /><F91/><W81/><G81/><T53/><D83/><U72/><E89/><V97/><AGARI ba="1,1" hai="0,2,43,45,51,90,93,97" m="42601,41287" machi="97" ten="30,11700,0" yaku="10,1,52,3" doraHai="122" who="2" fromWho="2" sc="330,-40,64,-40,396,130,200,-40" /><INIT seed="6,2,0,3,3,13" ten="290,24,526,160" oya="2" hai0="125,102,40,7,77,92,3,88,81,46,133,41,63" hai1="55,129,107,110,26,111,104,19,71,119,121,84,39" hai2="33,8,126,44,101,100,15,54,52,85,70,75,62" hai3="95,58,134,98,47,57,115,91,66,87,103,16,28"/><V131/><F75/><W5/><G134/><T38/><D133/><U59/><E71/><V109/><F33/><W65/><G115/><T21/><D102/><U22/><E39/><V23/><F131/><W34/><G5/><T10/><D125/><U128/><E119/><V135/><F126/><W79/><G34/><T9/><D41/><U132/><E132/><V105/><F105/><W124/><G28/><T90/><D10/><U122/><E84/><V118/><F118/><W49/><G124/><T0/><D0/><U45/><E45/><V113/><F109/><N who="1" m="41481" /><E59/><N who="3" m="22538" /><G79/><T53/><D53/><U112/><E55/><V120/><F54/><N who="3" m="30015" /><G16/><T25/><D63/><U114/><E107/><V93/><F113/><N who="1" m="43625" /><E104/><V6/><F62/><W73/><G73/><N who="0" m="43183" /><D92/><AGARI ba="2,0" hai="65,66,87,91,92,95,98,103" m="30015,22538" machi="92" ten="30,1000,0" yaku="8,1" doraHai="13" who="3" fromWho="0" sc="290,-16,24,0,526,0,160,16" /><INIT seed="7,0,0,5,5,4" ten="274,24,526,176" oya="3" hai0="35,127,42,73,109,34,11,13,86,83,100,80,95" hai1="118,33,69,71,87,48,36,128,115,29,124,106,16" hai2="122,54,27,31,7,21,14,37,59,90,103,19,1" hai3="20,117,133,64,62,22,5,130,0,77,94,55,38"/><W28/><G117/><T52/><D109/><U67/><E48/><V12/><F37/><W72/><G130/><T57/><D127/><U61/><E16/><V131/><F103/><W125/><G133/><T111/><D111/><U97/><E87/><V24/><F1/><W101/><G125/><T49/><D42/><U25/><E124/><V47/><F7/><W134/><G134/><T70/><D70/><U112/><E118/><V96/><F47/><W18/><G55/><T98/><D73/><U79/><E79/><V107/><F107/><W30/><G22/><T65/><D65/><U92/><E92/><V10/><F31/><W104/><G38/><T84/><D84/><U89/><E89/><V116/><F96/><W63/><G104/><T110/><D83/><U26/><E26/><V74/><F27/><W114/><G114/><T102/><D102/><U58/><E58/><V120/><F59/><W56/><G63/><T75/><D75/><U135/><E135/><V60/><F21/><W2/><G77/><T23/><D110/><U39/><E71/><V121/><F60/><W119/><G72/><T32/><D23/><U44/><E128/><V126/><F74/><W88/><G101/><T129/><D129/><U68/><E68/><V9/><F131/><W40/><G119/><T17/><D34/><U6/><E6/><V99/><F116/><W123/><G5/><T113/><D113/><U82/><E82/><V8/><F126/><W132/><G132/><T78/><AGARI ba="0,0" hai="11,13,17,32,35,49,52,57,78,80,86,95,98,100" machi="78" ten="20,5200,0" yaku="0,1,7,1,52,1,54,1" doraHai="4" who="0" fromWho="0" sc="274,52,24,-13,526,-13,176,-26" owari="326,13.0,11,-49.0,513,61.0,150,-25.0" /></mjloggm>