<mjloggm ver="2.3"><GO type="41"/><UN n0="%E7%B4%85%E8%8C%B6%30%37" n1="%EF%BC%88%E2%89%A7%E2%96%BD%E2%89%A6%EF%BC%89" n2="%E3%82%B2%E3%83%B3%E3%81%95%E3%82%93" n3="%E3%82%B2%E3%83%BC%E3%83%86" dan="14,15,15,17" rate="1998,2027,2040,2077" sx="M,M,M,M"/><TAIKYOKU oya="0"/><INIT seed="0,0,0,3,2,130" ten="250,250,250,250" oya="0" hai0="66,65,35,49,59,67,114,30,24,43,87,60,89" hai1="80,31,11,88,128,47,69,56,92,34,19,110,33" hai2="23,75,57,64,123,72,71,6,119,121,100,44,4" hai3="68,58,46,17,96,76,79,51,104,109,18,5,86"/><T85/><D114/><U132/><E69/><V126/><F71/><W32/><G32/><T106/><D106/><U111/><E128/><V13/><F119/><W9/><G68/><T38/><D38/><U101/><E101/><V8/><F100/><W27/><G109/><N who="1" m="41482" /><E80/><V26/><F4/><W102/><G58/><T25/><D25/><N who="1" m="18671" /><E34/><V10/><F10/><W83/><G79/><T98/><D98/><N who="1" m="57607" /><E47/><V63/><F44/><W16/><G27/><T125/><D125/><U14/><E56/><V3/><F126/><W95/><G104/><T133/><D133/><AGARI ba="0,0" hai="11,14,19,132,133" m="57607,18671,41482" machi="133" ten="30,7700,0" yaku="14,1,52,2,54,1" doraHai="130" who="1" fromWho="0" sc="250,-77,250,77,250,0,250,0" /><INIT seed="1,0,0,1,0,111" ten="173,327,250,250" oya="1" hai0="133,14,67,110,107,58,44,59,109,94,130,128,48" hai1="3,108,52,22,23,32,15,5,68,93,10,50,98" hai2="6,37,124,29,126,53,39,85,55,19,106,75,96" hai3="114,33,86,26,100,71,132,4,7,118,131,90,91"/><U45/><E108/><N who="0" m="41577" /><D107/><U0/><E68/><V41/><F75/><W47/><G71/><T61/><D133/><U31/><E32/><V84/><F29/><W99/><G132/><T36/><D94/><U120/><E120/><V57/><F6/><W54/><G131/><N who="0" m="50219" /><D14/><U102/><REACH who="1" step="1"/><E31/><REACH who="1" ten="173,317,250,250" step="2"/><V72/><F126/><W80/><G33/><T30/><D30/><U117/><E117/><V116/><F124/><W74/><G118/><T46/><D36/><U11/><E11/><V16/><F116/><W28/><G28/><T60/><D48/><U69/><E69/><V25/><F39/><W24/><G24/><T113/><D113/><U21/><AGARI ba="0,1" hai="0,3,5,10,15,21,22,23,45,50,52,93,98,102" machi="21" ten="30,18000,2" yaku="1,1,0,1,54,1,53,3" doraHai="111" doraHaiUra="17" who="1" fromWho="1" sc="173,-60,317,190,250,-60,250,-60" /><INIT seed="1,1,0,2,2,26" ten="113,507,190,190" oya="1" hai0="45,22,93,16,76,11,115,12,109,125,103,21,132" hai1="72,85,83,100,18,14,7,105,84,38,121,91,31" hai2="23,62,44,64,130,13,133,27,56,86,28,25,123" hai3="10,128,68,89,17,114,61,77,67,65,58,82,55"/><U94/><E121/><V74/><F74/><W39/><G39/><T32/><D115/><U57/><E38/><V99/><F123/><W87/><G114/><T75/><D32/><U53/><E72/><V66/><F133/><W112/><G128/><T59/><D132/><U51/><E7/><V54/><F130/><W47/><G47/><T88/><D125/><U52/><E105/><V79/><F99/><W30/><G112/><T118/><D118/><U106/><E106/><V36/><F13/><N who="3" m="7351" /><G68/><T9/><D109/><U24/><E100/><V46/><F36/><W135/><G135/><T71/><D71/><U48/><E14/><V78/><F46/><W69/><G69/><T15/><D103/><U124/><E18/><V5/><F5/><W129/><G129/><T96/><D45/><U1/><E1/><V40/><F40/><W119/><G119/><T111/><D111/><U110/><E110/><V33/><F44/><W134/><G134/><T63/><D75/><U60/><E53/><V116/><F116/><W120/><G120/><T107/><D107/><U98/><E124/><V90/><F66/><N who="3" m="25099" /><G89/><T43/><D43/><U108/><E108/><V37/><F64/><W0/><G0/><T8/><D76/><N who="1" m="46183" /><E98/><V29/><REACH who="2" step="1"/><F37/><REACH who="2" ten="113,507,180,190" step="2"/><W97/><G97/><T35/><D96/><U73/><E73/><V102/><F102/><W101/><G101/><T122/><D122/><U80/><E57/><V3/><F3/><W113/><G113/><T19/><D59/><U42/><E42/><V70/><F70/><W41/><G41/><T4/><D4/><U117/><E117/><RYUUKYOKU ba="1,1" sc="113,-15,507,-15,180,15,190,15" hai2="23,25,27,28,29,33,54,56,62,78,79,86,90" hai3="30,55,58,61,77,82,87" /><INIT seed="2,2,1,5,1,72" ten="98,492,195,205" oya="2" hai0="109,130,128,133,90,106,99,33,64,47,110,132,129" hai1="17,107,10,7,131,77,114,135,30,127,75,65,9" hai2="61,116,58,45,54,117,55,31,62,70,41,68,34" hai3="105,74,1,88,108,79,120,73,134,94,42,57,6"/><V21/><F34/><W122/><G108/><N who="0" m="41579" /><D33/><U15/><E114/><V36/><F31/><W25/><G105/><T51/><D64/><U112/><E112/><V56/><REACH who="2" step="1"/><F21/><REACH who="2" ten="98,492,185,205" step="2"/><W59/><G122/><T38/><D128/><U4/><E30/><V43/><F43/><W29/><G42/><T115/><D129/><U100/><E131/><V78/><F78/><W49/><G79/><T93/><D130/><U87/><E77/><V89/><F89/><W83/><G88/><T24/><D90/><U98/><E100/><V96/><F96/><W37/><G29/><T48/><D99/><U20/><E98/><V44/><F44/><W40/><G40/><T119/><D47/><U12/><E20/><V82/><F82/><W18/><G83/><T103/><D132/><U14/><E135/><V67/><F67/><W19/><G120/><T5/><D133/><U92/><E65/><V8/><F8/><W104/><G134/><T91/><D115/><U16/><E9/><V102/><F102/><W111/><G111/><T3/><D91/><U71/><E10/><V53/><F53/><W84/><G6/><T95/><D103/><U101/><E4/><V26/><F26/><W2/><G25/><T66/><D24/><U85/><E7/><V81/><F81/><W13/><G2/><T46/><D5/><U23/><E101/><V52/><F52/><W0/><G0/><T32/><D3/><U97/><E97/><V124/><F124/><W63/><G1/><T121/><D32/><U123/><E127/><V50/><F50/><W118/><G49/><T22/><D48/><RYUUKYOKU ba="2,2" sc="98,-10,492,-10,185,30,205,-10" hai2="36,41,45,54,55,56,58,61,62,68,70,116,117" /><INIT seed="2,3,2,5,0,28" ten="88,482,215,195" oya="2" hai0="131,108,24,79,133,42,51,115,114,0,125,49,1" hai1="21,102,98,89,63,25,86,68,3,27,53,37,43" hai2="130,30,121,97,46,52,20,66,76,10,77,70,83" hai3="85,6,15,31,8,11,67,74,72,75,111,34,90"/><V82/><F121/><W55/><G111/><T99/><D108/><U56/><E3/><V32/><F130/><W122/><G122/><T5/><D131/><U103/><E68/><V91/><F20/><W48/><G67/><T94/><D133/><U118/><E118/><V134/><F134/><W4/><G31/><T109/><D109/><U62/><E37/><V113/><F113/><W119/><G119/><T129/><D129/><U19/><E43/><V14/><F66/><W112/><G112/><T35/><D79/><U105/><E103/><V7/><F70/><W78/><G78/><T13/><D125/><U50/><E27/><V87/><F97/><W107/><G107/><T61/><D61/><U84/><E84/><V41/><F52/><W18/><G34/><T22/><D13/><U120/><E120/><V135/><F135/><W17/><G85/><T58/><D49/><U73/><E73/><V60/><F60/><W124/><G90/><T23/><D23/><U39/><E39/><V117/><F117/><W81/><G81/><AGARI ba="3,2" hai="19,21,25,50,53,56,62,63,81,86,89,98,102,105" machi="81" ten="30,1000,0" yaku="7,1" doraHai="28" who="1" fromWho="3" sc="88,0,482,39,215,0,195,-19" /><INIT seed="3,0,0,5,5,124" ten="88,521,215,176" oya="3" hai0="1,105,100,108,37,89,111,57,68,112,109,55,116" hai1="115,22,82,59,45,3,95,130,44,97,101,65,88" hai2="30,91,6,128,56,29,67,120,28,32,51,64,77" hai3="79,27,87,24,66,118,72,2,42,110,41,69,54"/><W25/><G118/><T99/><D68/><U86/><E3/><V123/><F32/><W46/><G72/><T17/><D116/><U114/><E115/><V0/><F77/><W92/><G2/><T58/><D1/><U52/><E114/><V43/><F91/><N who="3" m="53375" /><G69/><T84/><D37/><U39/><E39/><V107/><F107/><W4/><G4/><T74/><D74/><U78/><E65/><V122/><F0/><W106/><G106/><T133/><D133/><U49/><E22/><V76/><F6/><W38/><G38/><T31/><D31/><U47/><E130/><V26/><F26/><W127/><G66/><N who="2" m="25129" /><F76/><AGARI ba="0,0" hai="44,45,47,49,52,59,76,78,82,86,88,95,97,101" machi="76" ten="40,5200,0" yaku="8,1,54,2" doraHai="124" who="1" fromWho="2" sc="88,0,521,52,215,-52,176,0" /><INIT seed="4,0,0,3,3,121" ten="88,573,163,176" oya="0" hai0="77,36,43,14,33,135,29,132,68,30,100,64,62" hai1="17,57,59,99,9,56,71,81,111,114,101,0,90" hai2="55,70,61,95,27,44,10,93,87,133,118,91,49" hai3="134,24,84,85,73,32,12,122,125,37,7,41,18"/><T19/><D77/><U69/><E0/><V124/><F118/><W16/><G73/><T113/><D113/><U6/><E6/><V60/><F133/><N who="0" m="51274" /><D100/><U52/><E9/><V2/><F124/><W23/><G125/><T11/><D33/><U76/><E17/><V51/><F70/><W115/><G122/><T3/><D3/><U80/><E71/><V46/><F2/><W129/><G115/><T131/><D131/><U39/><E39/><V74/><F74/><W8/><G129/><T21/><D11/><U66/><E69/><V42/><F10/><W126/><G126/><T78/><D78/><U103/><E66/><V22/><REACH who="2" step="1"/><F95/><REACH who="2" ten="88,573,153,176" step="2"/><W120/><G8/><T48/><D36/><U105/><E114/><V20/><F20/><W25/><G23/><T102/><D68/><U107/><E105/><V92/><F92/><W31/><G37/><T54/><D21/><U123/><E107/><V96/><F96/><W127/><G127/><T86/><D64/><U117/><E117/><V40/><F40/><W35/><G41/><T79/><D43/><U130/><E123/><V15/><F15/><W4/><G12/><T34/><D14/><U53/><E130/><V94/><F94/><W72/><G120/><T88/><D34/><U47/><E99/><V58/><F58/><W5/><G134/><T83/><D83/><U65/><E81/><V108/><F108/><W67/><G72/><T38/><D38/><U26/><E80/><V112/><F112/><W75/><G75/><T13/><D13/><U106/><E59/><V1/><F1/><W50/><G35/><RYUUKYOKU ba="0,1" sc="88,-10,573,-10,153,30,176,-10" hai2="22,27,42,44,46,49,51,55,60,61,87,91,93" /><INIT seed="5,1,1,4,5,93" ten="78,563,183,166" oya="1" hai0="128,79,115,11,112,17,40,4,89,15,132,37,38" hai1="85,91,95,53,49,12,100,26,92,134,124,51,41" hai2="96,130,83,82,35,24,52,108,122,75,102,57,0" hai3="10,25,39,16,127,21,3,69,43,84,68,5,97"/><U36/><E134/><V59/><F122/><W87/><G127/><T8/><D128/><U86/><E124/><V28/><F28/><BYE who="2" /><W118/><G118/><T113/><D132/><U42/><E36/><N who="0" m="13929" /><D79/><U105/><E105/><V60/><F60/><W61/><G61/><T13/><D40/><UN n2="%E3%82%B2%E3%83%B3%E3%81%95%E3%82%93" /><U31/><E12/><V106/><F130/><W123/><G123/><T14/><D89/><N who="1" m="53295" /><E100/><V70/><F108/><W71/><G43/><T48/><D15/><U62/><E62/><V129/><F129/><W116/><G39/><T64/><D48/><U46/><E51/><V76/><F70/><W121/><G121/><T107/><D64/><U133/><E133/><V104/><F0/><W125/><G125/><T65/><D65/><U2/><E2/><V126/><F126/><W81/><G116/><T54/><D54/><U119/><E119/><V131/><F131/><W34/><G81/><T32/><D107/><U110/><E110/><V88/><F106/><W30/><REACH who="3" step="1"/><G97/><REACH who="3" ten="78,563,183,156" step="2"/><T55/><D32/><U99/><E99/><V1/><F35/><W23/><G23/><T117/><D117/><U47/><E42/><V22/><F83/><W114/><G114/><T120/><D120/><U74/><E41/><V19/><F96/><W80/><G80/><T45/><D55/><U94/><E53/><V78/><F52/><W135/><G135/><T18/><D115/><U9/><E49/><V20/><F82/><W66/><G66/><T101/><D112/><U50/><E50/><V90/><F76/><W29/><G29/><T63/><D113/><U27/><E31/><V98/><F78/><RYUUKYOKU ba="1,2" sc="78,-10,563,-10,183,-10,156,30" hai3="3,5,10,16,21,25,30,34,68,69,71,84,87" /><INIT seed="6,2,2,5,0,39" ten="68,553,173,186" oya="2" hai0="78,111,123,40,87,95,85,15,7,1,48,75,17" hai1="44,70,45,4,73,88,11,93,69,72,19,74,18" hai2="99,46,12,102,14,114,97,128,98,53,120,20,61" hai3="83,121,135,101,77,25,100,0,108,3,23,104,41"/><V103/><F120/><W36/><G108/><T57/><D123/><U32/><E32/><V76/><F76/><W84/><G121/><T21/><D111/><U122/><E122/><V30/><F128/><W66/><G135/><T54/><D75/><U62/><E18/><V51/><F61/><W96/><G101/><N who="2" m="38409" /><F114/><W133/><G133/><T5/><D1/><U27/><E19/><N who="2" m="10343" /><F14/><W105/><G105/><T55/><D55/><U31/><E62/><V130/><F130/><W90/><G66/><T94/><D78/><U113/><E113/><V26/><F26/><W134/><G134/><T125/><D125/><U81/><E69/><V112/><F112/><W116/><G116/><T13/><D13/><U28/><E70/><V117/><F117/><W8/><G8/><T127/><D127/><U50/><E27/><V52/><F30/><W119/><G119/><T43/><D5/><U38/><E28/><V86/><F86/><N who="0" m="32778" /><D7/><U132/><E31/><V106/><F106/><W34/><G34/><T67/><D67/><U58/><E132/><V24/><F24/><W60/><G60/><T115/><D115/><U118/><E118/><V64/><F64/><W68/><G68/><T92/><AGARI ba="2,2" hai="15,17,21,40,43,48,54,57,92,94,95" m="32778" machi="92" ten="30,4000,0" yaku="8,1,52,2" doraHai="39" who="0" fromWho="0" sc="68,66,553,-12,173,-22,186,-12" /><INIT seed="7,0,0,1,0,93" ten="134,541,151,174" oya="3" hai0="17,64,8,47,59,22,65,86,88,82,14,70,132" hai1="111,39,107,54,92,62,2,3,44,134,67,41,42" hai2="38,24,51,49,117,43,131,90,83,66,5,6,63" hai3="120,127,85,77,40,76,119,126,45,114,81,4,26"/><W31/><G120/><T34/><D34/><U13/><E107/><V57/><F117/><W112/><G119/><T130/><D70/><U110/><E134/><V118/><F118/><W68/><G68/><T125/><D132/><U95/><E41/><V52/><F131/><W116/><G4/><N who="0" m="3335" /><D130/><U78/><E78/><V32/><F49/><N who="3" m="26791" /><G76/><T113/><D113/><N who="3" m="43625" /><G116/><T16/><D125/><U37/><E92/><V91/><F91/><W89/><G77/><T115/><D115/><U97/><E39/><V58/><F43/><W0/><G0/><T35/><D35/><AGARI ba="0,0" hai="26,31,35,81,85,89,126,127" m="43625,26791" machi="35" ten="30,1500,0" yaku="15,1" doraHai="93" who="3" fromWho="0" sc="134,-15,541,0,151,0,174,15" /><INIT seed="7,1,0,2,4,122" ten="119,541,151,189" oya="3" hai0="2,10,107,23,50,34,81,0,123,9,49,7,80" hai1="25,36,51,35,32,91,55,14,18,124,47,89,60" hai2="90,39,43,1,76,135,29,73,125,56,121,15,119" hai3="103,93,105,59,26,83,67,52,61,120,44,82,88"/><W37/><G120/><T114/><D123/><U58/><E124/><V19/><F121/><W78/><G78/><T11/><D34/><U4/><E35/><V46/><F119/><W110/><G110/><T8/><D107/><U24/><E36/><V72/><F125/><W108/><G108/><T12/><D114/><U3/><E3/><V27/><F135/><W79/><G26/><N who="1" m="10346" /><E4/><V129/><F1/><W97/><G79/><T66/><D66/><N who="1" m="39191" /><E32/><V48/><F129/><W20/><G20/><AGARI ba="1,0" hai="14,18,20,47,51,55,89,91" m="39191,10346" machi="20" ten="30,1000,0" yaku="8,1" doraHai="122" who="1" fromWho="3" sc="119,0,541,13,151,0,189,-13" owari="119,-38.0,554,65.0,151,-25.0,176,-2.0" /></mjloggm>