<mjloggm ver="2.3"><GO type="97"/><UN n0="%EF%BC%88%E2%89%A7%E2%96%BD%E2%89%A6%EF%BC%89" n1="%E3%83%8A%E3%82%B9%E3%83%93" n2="%E5%A5%87%E8%B7%A1%E3%81%AE%E8%B5%A4%E4%BC%8D" n3="%6D%61%73%6B%65%64" dan="14,14,14,15" rate="2033,1886,1877,1943" sx="M,M,M,F"/><TAIKYOKU oya="0"/><INIT seed="0,0,0,0,3,89" ten="250,250,250,250" oya="0" hai0="99,134,106,73,122,22,4,117,76,90,40,15,135" hai1="109,23,26,80,2,46,129,28,87,48,20,91,60" hai2="101,79,30,57,105,55,5,65,32,47,96,36,19" hai3="126,53,92,29,13,78,86,71,61,115,70,93,97"/><T100/><D122/><U16/><E109/><V114/><F114/><W74/><G115/><T7/><D117/><U103/><E129/><V52/><F5/><N who="0" m="2122" /><D40/><U24/><E2/><V1/><F1/><W116/><G116/><T66/><D66/><U51/><E103/><V27/><F79/><W42/><G74/><T88/><D73/><U67/><REACH who="1" step="1"/><E46/><REACH who="1" step="2"/><V9/><F47/><W82/><G126/><T38/><D135/><U34/><E34/><V54/><F32/><W10/><G42/><T33/><D134/><U59/><AGARI ba="0,1" hai="16,20,23,24,26,28,48,51,59,60,67,80,87,91" machi="59" ten="20,8000,1" yaku="1,1,0,1,7,1,8,1,54,1,53,0" doraHai="89" doraHaiUra="107" who="1" fromWho="1" sc="250,-40,240,90,250,-20,250,-20" /><INIT seed="1,0,0,0,5,14" ten="210,330,230,230" oya="1" hai0="29,0,116,3,7,44,5,6,37,20,19,120,111" hai1="51,72,57,67,48,53,71,95,99,65,131,79,81" hai2="32,16,23,2,22,21,63,12,40,49,94,43,91" hai3="88,70,108,119,102,56,11,130,41,126,13,36,18"/><U52/><E131/><V66/><F2/><N who="0" m="554" /><D44/><U39/><E39/><V98/><F32/><W34/><G70/><T96/><D96/><U75/><E71/><V83/><F49/><W93/><G34/><T1/><D37/><U125/><E125/><V80/><F66/><W134/><G126/><T87/><D87/><U78/><E95/><V124/><F63/><W104/><G130/><T60/><D60/><U9/><E9/><N who="2" m="6159" /><F124/><W77/><G104/><T64/><D64/><U122/><E99/><V132/><F132/><W30/><G134/><T121/><D116/><U101/><E101/><V68/><F68/><W73/><G102/><T129/><D129/><U47/><E122/><N who="0" m="47209" /><D111/><U24/><E24/><V58/><F58/><W50/><G108/><T76/><D76/><U28/><E28/><V17/><F40/><W97/><G119/><T127/><D127/><U45/><E57/><V114/><F43/><W103/><G30/><T115/><D115/><U90/><E90/><V100/><F114/><W106/><G36/><T112/><D112/><U89/><E89/><V82/><F100/><W46/><G56/><T133/><D133/><U85/><E85/><V105/><F105/><W33/><G33/><T107/><D107/><U4/><E4/><V86/><F98/><W25/><G106/><T15/><N who="0" m="562" /><T117/><DORA hai="110" /><D117/><U38/><E38/><V92/><F92/><W135/><G135/><T54/><D54/><U128/><E128/><V42/><F42/><W55/><G41/><T35/><D35/><U8/><E8/><V10/><F10/><W84/><G103/><RYUUKYOKU ba="0,0" sc="210,10,330,10,230,10,230,-30" hai0="5,6,7,15,19,20,29" hai1="45,47,48,51,52,53,65,67,72,75,78,79,81" hai2="17,21,22,23,80,82,83,86,91,94" /><INIT seed="1,1,0,2,5,106" ten="220,340,240,200" oya="1" hai0="54,42,29,120,84,32,8,10,118,55,24,92,9" hai1="121,48,36,126,4,46,37,98,5,83,104,67,117" hai2="43,77,13,134,50,15,25,119,61,3,60,97,113" hai3="96,112,6,89,125,51,28,93,56,18,53,19,7"/><U23/><E117/><V71/><F119/><W26/><G112/><T76/><D118/><U62/><E121/><V102/><F113/><W116/><G116/><T72/><D120/><U100/><E126/><V91/><F3/><W47/><G125/><T68/><D68/><U75/><E37/><V85/><F134/><W131/><G131/><T59/><D42/><U17/><E36/><V128/><F128/><W33/><G19/><T81/><REACH who="0" step="1"/><D59/><REACH who="0" step="2"/><U94/><E104/><V63/><F71/><W40/><REACH who="3" step="1"/><G18/><REACH who="3" step="2"/><T127/><D127/><U69/><E17/><V107/><F107/><W80/><G80/><T88/><AGARI ba="1,2" hai="8,9,10,24,29,32,54,55,72,76,81,84,88,92" machi="88" ten="30,7900,0" yaku="1,1,0,1,52,1,54,1,53,0" doraHai="106" doraHaiUra="12" who="0" fromWho="0" sc="210,102,340,-40,240,-21,190,-21" /><INIT seed="2,0,0,2,3,131" ten="312,300,219,169" oya="2" hai0="89,60,128,115,82,3,100,124,9,119,39,56,36" hai1="92,38,46,2,135,1,44,98,34,80,99,43,120" hai2="18,123,76,12,108,104,27,94,5,71,77,35,96" hai3="14,32,49,113,59,129,31,114,78,58,61,81,111"/><V97/><F71/><W50/><G129/><T127/><D128/><U29/><E120/><V122/><F5/><W6/><G111/><T54/><D115/><U106/><E44/><V133/><F108/><W85/><G31/><T107/><D119/><U53/><E53/><V91/><F35/><W90/><G32/><T125/><D3/><U116/><E116/><V11/><F27/><W73/><G114/><T20/><D9/><U55/><E55/><V95/><F104/><W24/><G24/><T79/><D89/><U22/><E34/><V33/><F33/><W16/><G6/><T69/><D69/><U132/><E80/><V10/><F10/><W4/><G4/><T117/><D117/><U0/><E106/><V45/><F45/><W25/><G25/><T64/><D64/><U23/><E98/><V48/><F48/><W62/><G62/><T102/><D20/><U103/><E29/><V63/><F63/><W134/><G58/><T121/><D121/><U42/><E43/><V70/><F70/><W19/><G19/><T47/><D47/><U86/><E86/><V109/><F109/><W13/><G13/><T66/><D66/><U41/><E41/><V68/><F68/><W28/><G28/><T101/><D107/><U17/><REACH who="1" step="1"/><E23/><REACH who="1" step="2"/><N who="2" m="11719" /><F122/><W21/><G113/><T93/><D93/><U84/><E84/><AGARI ba="0,1" hai="36,39,54,56,60,79,82,84,100,101,102,124,125,127" machi="84" ten="50,1600,0" yaku="18,1" doraHai="131" who="0" fromWho="1" sc="312,26,290,-16,219,0,169,0" /><INIT seed="3,0,0,1,5,133" ten="338,274,219,169" oya="3" hai0="89,95,82,76,32,77,6,27,108,26,105,51,4" hai1="7,23,36,127,18,118,45,13,16,126,135,70,88" hai2="110,104,63,78,125,103,111,72,53,48,64,47,92" hai3="57,12,54,116,120,28,66,61,59,39,129,20,55"/><W112/><G120/><T5/><D105/><U93/><E70/><V115/><F115/><W44/><G116/><T100/><D32/><U134/><E118/><V25/><F104/><W50/><G112/><T80/><D51/><U71/><E71/><V67/><F25/><N who="0" m="9226" /><D100/><U42/><E7/><V29/><F29/><W58/><G129/><T8/><D8/><U40/><E18/><V79/><F72/><W35/><G35/><T1/><D1/><U128/><E42/><V86/><F64/><W10/><G39/><T124/><D124/><N who="1" m="47659" /><E128/><V132/><F125/><W109/><G109/><N who="2" m="41481" /><F132/><W14/><G28/><T114/><D114/><U41/><E41/><V2/><F2/><W68/><G20/><T65/><D65/><U3/><E3/><V69/><F103/><W91/><G91/><AGARI ba="0,0" hai="47,48,53,63,67,69,78,79,86,91,92" m="41481" machi="91" ten="30,1000,0" yaku="14,1" doraHai="133" who="2" fromWho="3" sc="338,0,274,0,219,10,169,-10" owari="338,44.0,274,7.0,229,-17.0,159,-34.0" /></mjloggm>