<mjloggm ver="2.3"><GO type="169" lobby="0"/><UN n0="%65%69%63%68%69%72%6F" n1="%E6%9C%AC%E6%97%A5%E5%AE%9A%E4%BC%91%E6%97%A5" n2="%EF%BC%88%E2%89%A7%E2%96%BD%E2%89%A6%EF%BC%89" n3="%E6%B0%97%E6%A5%BD%E3%81%AB%E6%89%93%E3%81%A4" dan="16,17,18,16" rate="2045.34,2163.56,2185.77,2129.68" sx="M,M,M,M"/><TAIKYOKU oya="0"/><INIT seed="0,0,0,0,0,57" ten="250,250,250,250" oya="0" hai0="31,13,84,122,86,115,46,50,56,36,38,133,94" hai1="117,27,32,98,63,71,73,128,22,100,80,104,121" hai2="67,99,58,53,107,11,108,43,88,134,14,113,70" hai3="18,20,87,33,6,89,126,19,69,125,110,93,21"/><T96/><D122/><U103/><E121/><V105/><F113/><W51/><G110/><T102/><D115/><U106/><E22/><V39/><F108/><W8/><G33/><T59/><D133/><U48/><E48/><V112/><F112/><W68/><G51/><T78/><D31/><N who="1" m="19583" /><E117/><V79/><F79/><W129/><G129/><T132/><D132/><U85/><E85/><N who="0" m="32873" /><D36/><U55/><E55/><V95/><F134/><W62/><G87/><T119/><D38/><U116/><E116/><V44/><F67/><W52/><G93/><T81/><D81/><U54/><E54/><V124/><F70/><W28/><G52/><N who="0" m="29783" /><D119/><U12/><E12/><V83/><F83/><W65/><G69/><T41/><D41/><U76/><E128/><V45/><F45/><W97/><G28/><T130/><D130/><U66/><E100/><V16/><REACH who="2" step="1"/><F124/><REACH who="2" ten="250,250,240,250" step="2"/><W91/><G125/><T64/><D78/><U75/><E75/><V127/><F127/><W10/><G126/><T34/><D64/><U23/><E23/><V61/><AGARI ba="0,1" hai="11,14,16,39,43,44,53,58,61,88,95,99,105,107" machi="61" ten="20,12000,2" yaku="1,1,0,1,7,1,52,1,54,2,53,0" doraHai="57" doraHaiUra="111" who="2" fromWho="2" sc="250,-60,250,-30,240,130,250,-30" /><INIT seed="1,0,0,0,4,12" ten="190,220,370,220" oya="1" hai0="99,87,23,102,133,86,54,109,123,68,26,110,96" hai1="92,97,75,59,114,122,104,47,71,90,24,66,91" hai2="131,38,70,94,15,84,53,29,113,11,74,107,46" hai3="106,22,36,116,72,21,43,2,119,77,81,61,56"/><U44/><E122/><V129/><F107/><W14/><G2/><T126/><D123/><U82/><E114/><V65/><F74/><W121/><G121/><T127/><D68/><U73/><E71/><V18/><F113/><W31/><G106/><N who="0" m="63815" /><D54/><U132/><E132/><V83/><F29/><W103/><G103/><T85/><D133/><U8/><E75/><V55/><F94/><W58/><G31/><N who="0" m="17887" /><D99/><U67/><E104/><V35/><F35/><W27/><G43/><T79/><D79/><U1/><E24/><V48/><F38/><W63/><G36/><T101/><D101/><U115/><E115/><V33/><F33/><W112/><G112/><T50/><D50/><U17/><E1/><V32/><F32/><W41/><G41/><T3/><D3/><U93/><E82/><V64/><F55/><N who="3" m="33951" /><G27/><T105/><D105/><U13/><E73/><V45/><F45/><N who="1" m="17481" /><E59/><V111/><F70/><W89/><G72/><T120/><D120/><U6/><E6/><V40/><F40/><W4/><G4/><T78/><D78/><U108/><E108/><AGARI ba="0,0" hai="85,86,87,108,109,110,126,127" m="17887,63815" machi="108" ten="30,1000,0" yaku="14,1" doraHai="12" who="0" fromWho="1" sc="190,10,220,-10,370,0,220,0" /><INIT seed="2,0,0,2,0,62" ten="200,210,370,220" oya="2" hai0="113,2,107,125,129,0,31,38,80,90,57,14,79" hai1="98,23,66,27,53,21,99,97,91,119,45,103,114" hai2="82,61,132,105,32,13,52,59,72,124,56,96,87" hai3="12,11,74,89,51,4,42,70,48,30,127,77,126"/><V25/><F72/><W28/><G70/><T60/><D113/><U100/><E114/><V24/><F132/><W19/><G89/><T76/><D38/><U46/><E119/><V93/><F105/><W108/><G108/><T39/><D39/><U78/><E78/><N who="2" m="46551" /><F32/><W5/><G77/><T112/><D112/><U102/><E91/><N who="2" m="55359" /><F124/><N who="3" m="47659" /><G74/><T123/><D107/><U88/><E88/><V121/><F121/><W58/><G51/><T3/><D31/><N who="3" m="11817" /><G42/><T94/><D123/><U69/><E53/><AGARI ba="0,0" hai="4,5,11,12,19,48,53,58" m="11817,47659" machi="53" ten="30,1000,0" yaku="18,1" doraHai="62" who="3" fromWho="1" sc="200,0,210,-10,370,0,220,10" /><INIT seed="3,0,0,3,1,114" ten="200,200,370,230" oya="3" hai0="17,7,59,84,112,49,66,52,4,26,61,3,19" hai1="20,5,73,6,44,45,130,30,125,87,123,12,131" hai2="121,83,119,103,86,128,68,111,23,133,55,8,74" hai3="108,50,70,118,76,96,124,28,25,91,22,36,69"/><W134/><G124/><T58/><D112/><U1/><E73/><V21/><F119/><W57/><G134/><T43/><D3/><U120/><E87/><V24/><F68/><W46/><G108/><T34/><D34/><U90/><E90/><V107/><F74/><W127/><G127/><T63/><D84/><U132/><E125/><V56/><F121/><N who="1" m="46665" /><E45/><V135/><F128/><N who="1" m="49193" /><E44/><V38/><F133/><W16/><G76/><T82/><D82/><U88/><E88/><V109/><F83/><W37/><G69/><T80/><D80/><U39/><E39/><V32/><F38/><W72/><G70/><T78/><D78/><U13/><E132/><V94/><F86/><W100/><G72/><T35/><D35/><U92/><E92/><V77/><F32/><W48/><G91/><T113/><D113/><U54/><E54/><V29/><F55/><N who="3" m="31975" /><G36/><T93/><D93/><U9/><E6/><N who="0" m="2089" /><D43/><U79/><E79/><V122/><F77/><W2/><G37/><T126/><D126/><U110/><E110/><V42/><F111/><W15/><G96/><T0/><D61/><U64/><E64/><V75/><F75/><W41/><G100/><T40/><D40/><U62/><E62/><V102/><F42/><W117/><G2/><T11/><D0/><U104/><E104/><V10/><F107/><W129/><G129/><T106/><D106/><U71/><E71/><V14/><F109/><W47/><G47/><T65/><D65/><U60/><E60/><V27/><F135/><W98/><G98/><T105/><D105/><U115/><E115/><V97/><F97/><RYUUKYOKU ba="0,0" sc="200,-15,200,15,370,-15,230,15" hai1="1,5,9,12,13,20,30" hai3="15,16,22,25,28,41,46,50,117,118" /><INIT seed="3,1,0,3,4,6" ten="185,215,355,245" oya="3" hai0="88,53,59,86,112,79,90,55,48,67,2,124,8" hai1="105,40,16,0,114,70,97,36,42,15,108,96,33" hai2="130,60,62,28,35,78,21,100,116,85,98,37,45" hai3="18,72,73,19,118,3,25,134,9,131,66,22,121"/><W119/><G121/><T103/><D124/><U12/><E0/><V47/><F35/><W11/><G134/><T82/><D112/><U129/><E33/><V84/><F116/><W27/><G66/><T5/><D67/><U132/><E70/><V81/><F130/><W46/><G46/><N who="2" m="17417" /><F37/><W1/><REACH who="3" step="1"/><G22/><REACH who="3" ten="185,215,355,235" step="2"/><T92/><REACH who="0" step="1"/><D53/><REACH who="0" ten="175,215,355,235" step="2"/><U102/><E132/><V117/><F117/><W110/><G110/><T120/><D120/><U23/><E108/><V14/><F21/><W99/><G99/><AGARI ba="1,2" hai="2,5,8,48,55,59,79,82,86,88,90,92,99,103" machi="99" ten="40,8000,1" yaku="1,1,52,1,54,1,53,1" doraHai="6" doraHaiUra="54" who="0" fromWho="3" sc="175,103,215,0,355,0,235,-83" /><INIT seed="4,0,0,0,4,111" ten="278,215,355,152" oya="0" hai0="46,51,3,42,61,78,69,43,76,29,7,60,16" hai1="97,84,45,12,21,55,68,53,66,2,121,103,125" hai2="63,38,13,113,75,54,23,110,92,123,118,80,112" hai3="108,8,1,105,73,106,62,9,26,124,36,5,52"/><T11/><D29/><U10/><E121/><V126/><F110/><W47/><G108/><T14/><D43/><U129/><E129/><V6/><F123/><W39/><G124/><T130/><D130/><U56/><E125/><V22/><F38/><W87/><G73/><T104/><D104/><U131/><E131/><V85/><F118/><W50/><G26/><T132/><D132/><U71/><E2/><V96/><F75/><W82/><G9/><T135/><D135/><U64/><E21/><V59/><F126/><W89/><REACH who="3" step="1"/><G62/><REACH who="3" ten="278,215,355,142" step="2"/><T49/><D60/><U30/><E10/><V74/><F74/><W33/><G33/><T122/><D122/><U37/><E30/><V83/><F63/><W101/><G101/><T127/><D127/><U79/><E103/><V98/><F22/><W67/><G67/><T20/><REACH who="0" step="1"/><D51/><REACH who="0" ten="268,215,355,142" step="2"/><U93/><E37/><AGARI ba="0,2" hai="1,5,8,36,37,39,47,50,52,82,87,89,105,106" machi="37" ten="40,2600,0" yaku="1,1,54,1,53,0" doraHai="111" doraHaiUra="134" who="3" fromWho="1" sc="268,0,215,-26,355,0,142,46" /><INIT seed="5,0,0,1,5,129" ten="268,189,355,188" oya="1" hai0="131,11,65,102,89,112,59,40,31,135,71,18,132" hai1="6,96,110,95,24,103,115,68,51,87,42,45,130" hai2="19,64,121,114,37,76,0,3,58,124,2,109,27" hai3="9,83,117,99,72,113,46,16,127,77,128,66,70"/><U28/><E68/><V7/><F121/><W74/><G128/><T108/><D131/><U61/><E130/><V91/><F37/><W13/><G113/><T94/><D108/><U125/><E115/><V29/><F109/><W35/><G127/><T55/><D112/><U84/><E125/><V78/><F114/><W54/><G117/><T32/><D102/><U56/><E6/><V30/><F124/><W120/><G120/><T106/><D106/><U47/><E47/><V10/><F19/><W86/><G35/><T122/><D40/><U111/><E111/><V5/><F91/><W34/><G34/><T60/><D122/><U52/><REACH who="1" step="1"/><E110/><REACH who="1" ten="268,179,355,188" step="2"/><V4/><F7/><W101/><G70/><T36/><D71/><U81/><E81/><V82/><F4/><W79/><G77/><T116/><D116/><U126/><E126/><V8/><F5/><W123/><G123/><T85/><D36/><U44/><E44/><V22/><F82/><W119/><G119/><T80/><D80/><U1/><E1/><V75/><F0/><W25/><G46/><T63/><D59/><U23/><AGARI ba="0,1" hai="23,24,28,42,45,51,52,56,61,84,87,95,96,103" machi="23" ten="20,12000,1" yaku="1,1,0,1,7,1,8,1,54,1,53,0" doraHai="129" doraHaiUra="73" who="1" fromWho="1" sc="268,-40,179,130,355,-40,188,-40" /><INIT seed="5,1,0,2,1,111" ten="228,309,315,148" oya="1" hai0="27,62,71,74,60,68,91,127,133,123,28,39,58" hai1="72,93,32,14,104,13,86,3,84,29,79,44,47" hai2="114,42,116,59,45,31,94,56,81,113,126,37,67" hai3="24,16,75,96,2,109,33,18,83,122,132,103,119"/><U106/><E3/><V15/><F116/><W5/><G109/><T38/><D74/><U99/><E72/><V9/><F126/><W26/><G122/><T107/><D127/><U66/><E66/><V1/><F1/><W11/><G119/><T57/><D107/><U52/><E29/><V50/><F31/><W23/><G132/><T61/><D133/><U118/><E32/><V97/><F81/><W100/><G33/><T21/><D123/><U92/><E79/><V35/><F35/><W41/><G41/><T88/><D28/><U120/><E118/><V10/><F37/><N who="0" m="13834" /><D21/><U48/><E120/><V80/><F80/><W105/><G100/><T12/><D12/><U128/><E128/><V6/><F10/><W89/><G75/><T124/><D27/><U87/><E47/><V70/><F70/><N who="0" m="26666" /><D124/><U134/><E134/><V17/><F17/><W43/><G43/><T36/><D36/><U51/><E51/><V76/><F76/><W108/><G108/><T69/><D69/><U25/><E25/><V46/><F50/><W78/><G78/><T129/><D129/><U115/><E106/><V131/><F131/><W101/><G101/><T121/><D121/><U112/><E104/><V30/><F30/><N who="3" m="17695" /><G26/><T125/><D125/><U34/><E34/><V49/><F49/><W40/><G40/><T63/><D63/><U135/><E135/><V95/><F42/><W64/><G18/><T22/><D22/><U19/><E19/><V90/><F9/><W65/><G16/><T0/><D0/><U55/><E48/><V82/><F15/><W20/><G20/><RYUUKYOKU ba="1,0" sc="228,15,309,-15,315,-15,148,15" hai0="57,58,60,61,62,88,91" hai3="2,5,11,64,65,83,89,96,103,105" /><INIT seed="6,2,0,0,0,125" ten="243,294,300,163" oya="2" hai0="16,78,52,8,129,36,74,26,11,31,132,87,27" hai1="80,81,53,59,6,46,65,37,68,23,1,43,66" hai2="103,102,93,76,118,101,35,121,19,124,86,41,2" hai3="116,22,71,42,99,56,10,114,48,47,83,110,49"/><V90/><F2/><W3/><G110/><T133/><D36/><U131/><E131/><V113/><F35/><W89/><G116/><T60/><D74/><U126/><E126/><V97/><F121/><W33/><G33/><T95/><D129/><U67/><E68/><V94/><F118/><W72/><G71/><T111/><D111/><U127/><E127/><V88/><F124/><W57/><G114/><T106/><D106/><U5/><E23/><V64/><F113/><W109/><G109/><T130/><D130/><U38/><E38/><V12/><F64/><W69/><G69/><T107/><D107/><U4/><REACH who="1" step="1"/><E1/><REACH who="1" ten="243,284,300,163" step="2"/><V123/><F123/><W63/><G22/><T13/><D132/><U18/><E18/><V92/><F76/><W15/><G3/><T75/><D133/><U119/><E119/><V120/><F120/><W25/><G25/><T34/><D27/><U135/><E135/><V128/><F128/><W96/><G49/><AGARI ba="2,1" hai="4,5,6,37,43,46,49,53,59,65,66,67,80,81" machi="49" ten="40,5200,0" yaku="1,1,53,2" doraHai="125" doraHaiUra="77" who="1" fromWho="3" sc="243,0,284,68,300,0,163,-58" /><INIT seed="7,0,0,2,4,97" ten="243,352,300,105" oya="3" hai0="51,72,85,1,65,76,117,57,90,104,53,99,93" hai1="28,11,49,78,43,62,40,63,94,84,74,114,9" hai2="86,103,54,2,115,98,77,87,42,44,69,3,130" hai3="0,36,89,64,112,7,33,56,12,25,18,10,35"/><W95/><G36/><T102/><D1/><U128/><E74/><V61/><F130/><W127/><G112/><T22/><D65/><U108/><E108/><V109/><F109/><W105/><G105/><T21/><D117/><U34/><E34/><V29/><F115/><W26/><G127/><T6/><D6/><U46/><E28/><V13/><F29/><W5/><G35/><T16/><D16/><U71/><E114/><V73/><F73/><W92/><G33/><T37/><D37/><U116/><E128/><V30/><F30/><W132/><G132/><T75/><D75/><U111/><E111/><V81/><F86/><N who="3" m="52279" /><G0/><T8/><D8/><N who="1" m="3147" /><E71/><V131/><F131/><W31/><G95/><T91/><D91/><N who="1" m="53607" /><E78/><V32/><F32/><W41/><G41/><T14/><D14/><U48/><E116/><V24/><F69/><W50/><G64/><T70/><D70/><U126/><E126/><V23/><F3/><W19/><G18/><T113/><D113/><U135/><E135/><V80/><F2/><W106/><G106/><T88/><D90/><U129/><E129/><V68/><F68/><W107/><G107/><T122/><D122/><U66/><E66/><V38/><F38/><W17/><G17/><T82/><AGARI ba="0,0" hai="21,22,51,53,57,72,76,82,85,88,93,99,102,104" machi="82" ten="30,8000,1" yaku="0,1,24,2,52,1,54,1" doraHai="97" who="0" fromWho="0" sc="243,80,352,-20,300,-20,105,-40" owari="323,12.0,332,43.0,280,-12.0,65,-43.0" /></mjloggm>