<mjloggm ver="2.3"><GO type="41" lobby="0"/><UN n0="%E7%B7%B4%E7%BF%92%E5%B7%A1%E6%B4%8B%E8%89%A6" n1="%E3%81%AD%E3%81%B5%E3%81%87%E3%82%8B%E3%81%B4%E3%81%A8%E3%83%BC" n2="%E3%83%8F%E3%83%B3%E3%81%A1%E3%82%83%E3%82%93" n3="%E3%82%A6%E3%83%AB%E3%83%88%E3%83%A9%E7%AB%8B%E7%9B%B4" dan="14,15,14,16" rate="1972.29,1979.83,1818.09,2051.06" sx="M,M,M,M"/><TAIKYOKU oya="0"/><INIT seed="0,0,0,3,5,133" ten="250,250,250,250" oya="0" hai0="118,18,70,39,16,1,35,90,62,30,20,123,78" hai1="119,41,135,95,14,110,6,67,101,73,69,5,65" hai2="59,115,45,121,22,72,128,24,105,114,86,31,117" hai3="100,52,103,0,98,25,134,15,113,132,61,47,127"/><T19/><D39/><U13/><E119/><V17/><F72/><W7/><G0/><T94/><D118/><U79/><E135/><V106/><F117/><W125/><G113/><T57/><D70/><U53/><E41/><V91/><F121/><W92/><G132/><T102/><D1/><U4/><E79/><V116/><F128/><W107/><G134/><T109/><D35/><U60/><E73/><V122/><F122/><W3/><G3/><T51/><D51/><U48/><E67/><V111/><F116/><W63/><G25/><N who="0" m="16679" /><D123/><U112/><E112/><V64/><F115/><W124/><G107/><T76/><D109/><U87/><E110/><V108/><F114/><W37/><G37/><T29/><D29/><U9/><E14/><V43/><F106/><W75/><G75/><T27/><D27/><U129/><E129/><V49/><F105/><W83/><G83/><T40/><D40/><U84/><E84/><V99/><F99/><W11/><G103/><T104/><D104/><U58/><REACH who="1" step="1"/><E101/><REACH who="1" ten="250,240,250,250" step="2"/><V66/><F111/><W120/><G120/><T12/><D12/><U32/><E32/><V126/><F108/><W36/><G36/><T33/><D33/><U54/><E54/><V10/><F66/><W38/><G52/><N who="0" m="34087" /><D102/><U44/><E44/><V131/><F64/><W26/><G26/><T77/><D77/><U34/><E34/><V96/><F131/><W81/><G81/><T8/><D8/><U23/><E23/><V28/><F10/><W85/><G85/><AGARI ba="0,1" hai="16,18,19,76,78,85,90,94" m="34087,16679" machi="85" ten="30,5800,0" yaku="8,1,54,2" doraHai="133" who="0" fromWho="3" sc="250,68,240,0,250,0,250,-58" /><INIT seed="0,1,0,3,2,78" ten="318,240,250,192" oya="0" hai0="51,94,123,6,14,4,31,69,107,104,92,97,70" hai1="45,49,63,64,108,67,85,52,110,5,34,114,40" hai2="80,68,25,47,101,53,54,65,88,74,82,122,61" hai3="76,109,59,75,133,116,1,18,132,42,60,120,30"/><T0/><D123/><U135/><E34/><V112/><F122/><W17/><G1/><T24/><D0/><U118/><E5/><V50/><F112/><W95/><G120/><T127/><D127/><U55/><E85/><V32/><F101/><W8/><G116/><T29/><D51/><U77/><E77/><N who="2" m="44087" /><F54/><N who="1" m="20521" /><E118/><V57/><F32/><W121/><G121/><T96/><D14/><U106/><E106/><V71/><F25/><AGARI ba="1,0" hai="4,6,24,25,29,31,69,70,92,94,96,97,104,107" machi="25" ten="25,2400,0" yaku="22,2" doraHai="78" who="0" fromWho="2" sc="318,27,240,0,250,-27,192,0" /><INIT seed="0,2,0,2,1,128" ten="345,240,223,192" oya="0" hai0="18,3,76,90,63,7,111,57,47,116,104,69,34" hai1="48,11,4,52,89,103,84,106,122,74,32,60,118" hai2="66,135,21,20,67,35,83,62,127,39,58,22,99" hai3="50,120,97,124,75,46,61,49,43,100,115,15,53"/><T25/><D116/><U2/><E118/><V33/><F127/><W133/><G75/><T94/><D104/><U91/><E74/><V123/><F39/><W0/><G0/><T42/><D69/><U55/><E122/><V10/><F123/><W98/><G115/><T56/><D76/><U96/><E32/><V30/><F10/><W92/><G120/><T77/><D77/><U28/><E28/><V81/><F66/><W17/><G124/><T26/><D111/><U41/><E41/><V112/><F112/><W82/><G97/><T24/><D34/><U126/><E126/><V45/><F45/><W71/><G82/><T36/><D57/><U110/><E110/><V114/><F114/><W131/><G131/><T51/><D36/><U87/><E60/><V72/><F72/><W117/><G117/><T119/><D7/><U85/><REACH who="1" step="1"/><E55/><REACH who="1" ten="345,230,223,192" step="2"/><V70/><F30/><W73/><G73/><T44/><D119/><U27/><E27/><V23/><N who="2" m="5632" /><DORA hai="13" /><V95/><F35/><W19/><G61/><T68/><D63/><U121/><E121/><V113/><F33/><W65/><G53/><T130/><D25/><U107/><E107/><V93/><F113/><W54/><G54/><T108/><D26/><U40/><E40/><V31/><F31/><W101/><G43/><T86/><D42/><U132/><E132/><V37/><F135/><W109/><G133/><T16/><D24/><U6/><E6/><V125/><F125/><W80/><G109/><T78/><D108/><U129/><E129/><V105/><F105/><W29/><G29/><T9/><D130/><RYUUKYOKU ba="2,1" sc="345,-10,230,30,223,-10,192,-10" hai1="2,4,11,48,52,84,85,87,89,91,96,103,106" /><INIT seed="1,3,1,2,5,99" ten="335,260,213,182" oya="1" hai0="91,94,55,23,28,67,93,29,114,62,32,37,70" hai1="86,10,101,103,34,87,112,35,45,71,21,72,40" hai2="13,118,92,36,22,66,126,58,43,46,11,132,105" hai3="30,41,54,127,74,88,85,14,24,15,9,83,39"/><U116/><E116/><V125/><F118/><W77/><G127/><T3/><D37/><U33/><E112/><V69/><F105/><W121/><G121/><T134/><D3/><U115/><E115/><V47/><F132/><W73/><G15/><T109/><D109/><U5/><E72/><V60/><F92/><W48/><G39/><T123/><D114/><U79/><E71/><V135/><F22/><W12/><G41/><T27/><D134/><U65/><E65/><V89/><F13/><W18/><G12/><T133/><D133/><U117/><E21/><V110/><F89/><W64/><G64/><T68/><D68/><U56/><E56/><V107/><F107/><W42/><G42/><T1/><D1/><U80/><E117/><V4/><F4/><W2/><G2/><T106/><D106/><U96/><E96/><V7/><F11/><W51/><G51/><T8/><D8/><U111/><E111/><V53/><F7/><W90/><G90/><T84/><D123/><U124/><E87/><V98/><F98/><W95/><G95/><T0/><D0/><U75/><E86/><V100/><F110/><W78/><G74/><T81/><D55/><U38/><E124/><N who="2" m="47723" /><F47/><W104/><G104/><T76/><D91/><U128/><E128/><V25/><F25/><W49/><G73/><T59/><D70/><U50/><E38/><V16/><F135/><W82/><G78/><T120/><D120/><U6/><REACH who="1" step="1"/><E10/><REACH who="1" ten="335,250,213,182" step="2"/><V31/><F69/><W113/><G113/><T122/><D122/><U130/><E130/><V129/><F129/><W102/><G9/><RYUUKYOKU ba="3,2" sc="335,15,250,15,213,-15,182,-15" hai0="23,27,28,29,32,59,62,67,76,81,84,93,94" hai1="5,6,33,34,35,40,45,50,75,79,80,101,103" /><INIT seed="1,4,2,1,3,121" ten="350,265,198,167" oya="1" hai0="102,44,99,117,124,101,83,28,5,27,32,66,33" hai1="72,26,74,95,133,134,96,79,67,37,63,113,6" hai2="122,131,107,35,1,127,80,128,77,62,54,93,90" hai3="24,8,39,11,23,108,25,22,73,78,111,126,0"/><U41/><E113/><V48/><F35/><W105/><G105/><T129/><D117/><U92/><E6/><V2/><F62/><W40/><G78/><T71/><D102/><U19/><E37/><V70/><F70/><W58/><G73/><T94/><D124/><U104/><E41/><V106/><F122/><W50/><G39/><T82/><D129/><N who="2" m="49738" /><F127/><W31/><G126/><T53/><D5/><U81/><E74/><N who="2" m="43063" /><F106/><W7/><G11/><T91/><D44/><U30/><E19/><V123/><F107/><W69/><G69/><T88/><D53/><U18/><E18/><V98/><F123/><W118/><G118/><T64/><D33/><N who="1" m="20695" /><E104/><V12/><F12/><W65/><G65/><T75/><D75/><U10/><E10/><V109/><F109/><W59/><G40/><T4/><D4/><U15/><E15/><V36/><F36/><W119/><G119/><T76/><D76/><U51/><E51/><V55/><F55/><W61/><G61/><T47/><D71/><U20/><E20/><V34/><F34/><W89/><G50/><T68/><D68/><U120/><E120/><V16/><F16/><N who="3" m="12359" /><G89/><T100/><D91/><N who="1" m="55327" /><E63/><V17/><F17/><W29/><G29/><T135/><D28/><U46/><E67/><V14/><F14/><W60/><G60/><T103/><D64/><U3/><E3/><V132/><F132/><N who="1" m="50793" /><E46/><AGARI ba="4,2" hai="1,2,46,48,54,90,93,98" m="43063,49738" machi="46" ten="30,1000,0" yaku="19,1" doraHai="121" who="2" fromWho="1" sc="350,0,265,-22,198,42,167,0" /><INIT seed="2,0,0,4,2,29" ten="350,243,240,167" oya="2" hai0="99,8,15,10,102,88,49,41,87,44,114,111,97" hai1="100,106,73,85,83,17,95,81,116,25,69,50,62" hai2="5,125,0,65,127,104,80,2,117,33,110,20,19" hai3="32,34,71,6,130,132,67,105,38,76,123,60,1"/><V36/><F104/><W48/><G123/><T89/><D111/><U64/><E116/><V23/><F36/><W121/><G121/><T115/><D89/><U46/><E106/><V68/><F80/><W92/><G48/><T59/><D10/><U4/><E4/><V91/><F65/><W12/><G12/><T122/><D122/><U103/><E73/><V45/><F68/><W113/><G92/><T112/><D59/><U86/><E95/><V13/><F45/><W3/><G113/><T26/><D102/><U124/><E124/><N who="2" m="47691" /><F91/><W96/><G130/><T18/><REACH who="0" step="1"/><D26/><REACH who="0" ten="340,243,240,167" step="2"/><U57/><E69/><V128/><F110/><W27/><G27/><T79/><D79/><U7/><E7/><V58/><F58/><W14/><G76/><T109/><D109/><U129/><E129/><V54/><F128/><W11/><G132/><T30/><D30/><U101/><E83/><AGARI ba="0,1" hai="8,15,18,41,44,49,83,87,88,97,99,112,114,115" machi="83" ten="40,2600,0" yaku="1,1,54,1,53,0" doraHai="29" doraHaiUra="53" who="0" fromWho="1" sc="340,36,243,-26,240,0,167,0" /><INIT seed="3,0,0,1,2,86" ten="376,217,240,167" oya="3" hai0="65,122,119,5,73,97,115,98,15,110,47,60,18" hai1="33,95,55,34,62,24,66,92,132,79,49,45,23" hai2="51,70,54,118,68,20,96,124,52,113,106,104,48" hai3="116,90,75,46,87,71,41,22,127,43,11,91,25"/><W32/><G75/><T107/><D73/><U88/><E132/><V58/><F113/><W31/><G116/><T120/><D119/><U14/><E92/><V37/><F124/><W83/><G127/><T21/><D110/><U102/><E102/><V64/><F118/><W126/><G126/><T59/><D115/><U12/><E79/><V4/><F37/><W8/><G71/><T134/><D134/><U77/><E77/><V57/><F4/><W93/><G32/><T123/><D5/><U76/><E76/><V53/><F96/><W26/><G26/><T17/><D107/><U61/><E33/><V84/><F84/><W89/><G93/><T16/><D47/><U121/><E34/><V112/><F112/><W111/><G111/><T1/><D1/><U3/><E3/><V28/><F64/><W85/><G83/><T135/><D135/><U56/><E61/><V2/><F2/><W108/><G108/><T39/><D39/><U67/><E67/><V38/><F38/><W105/><G105/><N who="2" m="40553" /><F20/><W114/><G114/><T130/><D130/><U129/><E121/><V50/><F28/><W117/><G117/><T109/><D109/><U101/><E101/><V72/><F72/><W35/><G35/><T44/><D44/><U80/><E80/><V99/><F99/><W36/><REACH who="3" step="1"/><G41/><REACH who="3" ten="376,217,240,157" step="2"/><T74/><D74/><U0/><E129/><V9/><F70/><W133/><G133/><T81/><D81/><U103/><E103/><V125/><F68/><W19/><G19/><T10/><D18/><N who="1" m="12407" /><E0/><V42/><F125/><W82/><G82/><T94/><D94/><RYUUKYOKU ba="0,1" sc="376,10,217,10,240,-30,157,10" hai0="10,15,16,17,21,59,60,65,97,98,120,122,123" hai1="12,14,45,49,55,56,62,66,88,95" hai3="8,11,22,25,31,36,43,46,85,87,89,90,91" /><INIT seed="3,1,1,5,3,132" ten="386,227,210,167" oya="3" hai0="64,133,88,23,87,112,36,95,0,89,6,98,73" hai1="116,31,52,32,94,20,106,12,68,69,47,92,44" hai2="50,105,11,35,53,120,82,70,62,81,37,1,18" hai3="54,43,22,42,83,16,93,7,59,39,135,21,128"/><W100/><G135/><T57/><D36/><U46/><E106/><V109/><F120/><W77/><G128/><T85/><D133/><U65/><E116/><V127/><F105/><W96/><G7/><T125/><D73/><U5/><E32/><V8/><F35/><W80/><G22/><T130/><D130/><U97/><E65/><V104/><F37/><W67/><G67/><T38/><D38/><U90/><E69/><V25/><F104/><W124/><G39/><T101/><D112/><U28/><E68/><V102/><F127/><W30/><G30/><N who="1" m="11306" /><E92/><V13/><F109/><W119/><G124/><T27/><D125/><U114/><E114/><V129/><F102/><W4/><G4/><T131/><D131/><U29/><N who="1" m="11314" /><U126/><DORA hai="108" /><E126/><V110/><F129/><W61/><G119/><T33/><D33/><U78/><E78/><V66/><F110/><W40/><REACH who="3" step="1"/><G77/><REACH who="3" ten="386,227,210,157" step="2"/><T60/><D6/><U134/><E134/><V71/><F1/><W2/><G2/><T117/><D0/><U111/><E111/><V115/><F115/><W121/><G121/><T9/><D64/><U58/><E20/><V76/><F76/><W55/><G55/><T79/><D79/><U103/><E5/><V99/><F71/><W113/><G113/><T56/><D23/><U75/><E12/><AGARI ba="1,2" hai="12,16,21,40,42,43,54,59,61,80,83,93,96,100" machi="12" ten="40,7700,0" yaku="1,1,8,1,54,1,53,0" doraHai="132,108" doraHaiUra="84,86" who="3" fromWho="1" sc="386,0,227,-80,210,0,157,100" /><INIT seed="3,2,0,4,0,38" ten="386,147,210,257" oya="3" hai0="42,27,123,8,101,126,89,88,59,58,86,23,49" hai1="7,131,62,114,68,34,12,90,35,6,32,132,85" hai2="17,4,63,9,65,70,102,50,83,95,20,106,104" hai3="2,51,103,3,92,72,74,71,87,66,128,60,25"/><W29/><G128/><T97/><D123/><U67/><E114/><V109/><F109/><W79/><G3/><T18/><D126/><U69/><E131/><V122/><F122/><W43/><G2/><T57/><D8/><U37/><E37/><V61/><F83/><W93/><G93/><N who="0" m="58543" /><D86/><U105/><E132/><V77/><F77/><W64/><G64/><T99/><D99/><U130/><E130/><V44/><F61/><W19/><G103/><T118/><D118/><U133/><E69/><V117/><F117/><W78/><G78/><T48/><D48/><U26/><E133/><V45/><F95/><W119/><G119/><T54/><D54/><U13/><E105/><V80/><F80/><W91/><G79/><T33/><D33/><U124/><E124/><V107/><F102/><W28/><G19/><T134/><D134/><U76/><E76/><V21/><F45/><AGARI ba="2,0" hai="18,23,27,42,45,49,57,58,59,88,89" m="58543" machi="45" ten="30,3900,0" yaku="8,1,52,1,54,1" doraHai="38" who="0" fromWho="2" sc="386,45,147,0,210,-45,257,0" /><INIT seed="4,0,0,1,2,14" ten="431,147,165,257" oya="0" hai0="108,80,104,72,135,101,121,105,114,107,71,36,91" hai1="18,113,129,17,25,92,35,38,87,77,33,100,62" hai2="54,23,56,106,66,50,52,95,83,8,122,37,2" hai3="133,47,117,20,13,84,53,69,44,111,76,128,123"/><T110/><D71/><U127/><E38/><V97/><F106/><W49/><G117/><T34/><D34/><U41/><E35/><V124/><F122/><W48/><G69/><T43/><D43/><U82/><E41/><V116/><F124/><W59/><G111/><N who="0" m="42539" /><D36/><U99/><E127/><V26/><F116/><W63/><G128/><T119/><D119/><U79/><E129/><V28/><F37/><W94/><G133/><T120/><D114/><U118/><E118/><V64/><F83/><W6/><G123/><N who="0" m="47179" /><D135/><U9/><E9/><V70/><F70/><W60/><G59/><T67/><D67/><U103/><E113/><V51/><F8/><W40/><G94/><T21/><D21/><U45/><E45/><V4/><F4/><W89/><G89/><T74/><D101/><N who="1" m="60647" /><E33/><V24/><F2/><W102/><G102/><N who="1" m="38954" /><E25/><V27/><F23/><W131/><G131/><T5/><D5/><U39/><E39/><V29/><F64/><W22/><G22/><T30/><D30/><U11/><E11/><V81/><F66/><W112/><G112/><T46/><D46/><U19/><E62/><V7/><F7/><W15/><G6/><T10/><D10/><U134/><E134/><V98/><F81/><N who="3" m="47143" /><G15/><T12/><D12/><U93/><E93/><V125/><F95/><W0/><G0/><T132/><D132/><U3/><E3/><V96/><F125/><W115/><G115/><T57/><D57/><AGARI ba="0,0" hai="24,26,27,28,29,50,51,52,54,56,57,96,97,98" machi="57" ten="40,5200,0" yaku="9,1,8,1,54,1" doraHai="14" who="2" fromWho="0" sc="431,-52,147,0,165,52,257,0" /><INIT seed="5,0,0,1,5,107" ten="379,147,217,257" oya="1" hai0="121,104,75,87,21,66,132,112,126,60,127,89,4" hai1="90,15,19,69,72,51,88,9,35,30,62,16,115" hai2="102,93,17,49,52,94,97,134,129,53,11,42,44" hai3="105,5,50,113,27,68,100,61,133,24,39,18,14"/><U135/><E72/><V92/><F134/><W26/><G39/><T22/><D104/><U6/><E135/><V73/><F73/><W1/><G100/><T131/><D132/><U125/><E125/><N who="0" m="47625" /><D75/><U40/><E115/><V118/><F129/><W70/><G105/><T29/><D131/><U58/><E69/><V31/><F118/><W123/><G123/><T37/><D37/><U83/><E35/><V122/><F122/><W0/><G133/><T23/><D121/><U65/><E30/><V120/><F31/><W114/><G61/><T119/><D119/><U116/><E116/><V108/><F108/><W67/><G67/><T43/><D43/><U101/><E101/><V82/><F82/><W55/><G5/><T124/><D124/><U91/><E83/><V79/><F79/><W36/><G36/><T3/><D112/><N who="3" m="43113" /><G70/><N who="0" m="42311" /><D4/><U128/><E128/><V12/><REACH who="2" step="1"/><F120/><REACH who="2" ten="379,147,207,257" step="2"/><W45/><G68/><T99/><D29/><U117/><E117/><V103/><F103/><W34/><G34/><T32/><D32/><U81/><REACH who="1" step="1"/><E81/><REACH who="1" ten="379,137,207,257" step="2"/><V110/><F110/><W57/><G0/><T76/><D3/><U71/><E71/><V74/><F74/><W41/><G1/><T56/><D76/><U77/><E77/><V84/><F84/><W48/><G57/><T130/><D56/><U46/><AGARI ba="0,2" hai="6,9,15,16,19,40,46,51,58,62,65,88,90,91" machi="46" ten="30,12000,1" yaku="1,1,0,1,8,1,54,2,53,0" doraHai="107" doraHaiUra="64" who="1" fromWho="1" sc="379,-40,137,140,207,-40,257,-40" /><INIT seed="5,1,0,1,3,108" ten="339,277,167,217" oya="1" hai0="122,120,85,86,72,110,38,15,106,91,10,21,93" hai1="81,55,53,77,64,70,89,47,79,92,32,13,121" hai2="25,130,50,57,126,115,7,12,131,73,44,88,87" hai3="37,83,80,9,99,5,123,58,69,135,35,56,49"/><U61/><E121/><N who="0" m="46697" /><D38/><U60/><E32/><V71/><F73/><W40/><G35/><T20/><D72/><U63/><E79/><V103/><F71/><W31/><G69/><T0/><D0/><U119/><E119/><V16/><F103/><W94/><G37/><T6/><D106/><U28/><E28/><V96/><F7/><W11/><G31/><T113/><D110/><U26/><E26/><V111/><F111/><W100/><G135/><T52/><D113/><U17/><E47/><V102/><F25/><W29/><G29/><T45/><D86/><N who="1" m="48431" /><E64/><V23/><F126/><W30/><G30/><T95/><D95/><U112/><E112/><V132/><F132/><W117/><G117/><T41/><D41/><U67/><E67/><V82/><F115/><W8/><G123/><T14/><D15/><U4/><E4/><V3/><F3/><W1/><G1/><T78/><D78/><U105/><E105/><V90/><F57/><W54/><G5/><T24/><D24/><U134/><E70/><V74/><F74/><W76/><G40/><T124/><D124/><U33/><E33/><V48/><F90/><W101/><G101/><T128/><D128/><N who="2" m="49194" /><F44/><W75/><G75/><T2/><D2/><U107/><E107/><AGARI ba="1,0" hai="12,16,23,48,50,82,87,88,96,102,107" m="49194" machi="107" ten="30,3900,0" yaku="19,1,54,2" doraHai="108" who="2" fromWho="1" sc="339,0,277,-42,167,42,217,0" /><INIT seed="6,0,0,0,2,112" ten="339,235,209,217" oya="2" hai0="75,55,73,44,102,126,29,36,123,80,76,135,68" hai1="81,104,67,101,41,51,100,74,77,8,52,2,127" hai2="3,115,124,5,96,97,56,88,61,34,120,0,62" hai3="6,116,30,69,11,119,47,23,114,43,64,131,117"/><V129/><F120/><W111/><G64/><T32/><D123/><U70/><E127/><V18/><F34/><W15/><G69/><T109/><D55/><U16/><E104/><V54/><F124/><W85/><G111/><T108/><D126/><U31/><E31/><V107/><F129/><W72/><G72/><N who="0" m="43015" /><D102/><U59/><E41/><V7/><F115/><W26/><G114/><T95/><D95/><U38/><E38/><V1/><F107/><W93/><G131/><T35/><D68/><U10/><E10/><V53/><F18/><W48/><G93/><T4/><D4/><U130/><E130/><V14/><F14/><W24/><G85/><T66/><D66/><U105/><E105/><V92/><F97/><W37/><REACH who="3" step="1"/><G26/><REACH who="3" ten="339,235,209,207" step="2"/><N who="0" m="18487" /><D135/><U46/><E70/><V83/><REACH who="2" step="1"/><F83/><REACH who="2" ten="339,235,199,207" step="2"/><W84/><G84/><T79/><D109/><U78/><E81/><V133/><F133/><W13/><G13/><T21/><D108/><U82/><E82/><V90/><F90/><W98/><G98/><T17/><D35/><U22/><E74/><V25/><F25/><W39/><AGARI ba="0,2" hai="6,11,15,23,24,30,37,39,43,47,48,116,117,119" machi="39" ten="40,8000,1" yaku="1,1,0,1,52,3,53,0" doraHai="112" doraHaiUra="87" who="3" fromWho="3" sc="339,-20,235,-20,199,-40,207,100" /><INIT seed="7,0,0,1,4,17" ten="319,215,159,307" oya="3" hai0="23,26,53,55,76,92,46,135,57,37,130,34,121" hai1="133,67,69,86,49,40,125,7,22,47,126,9,30" hai2="63,36,95,4,68,132,38,29,28,42,18,72,41" hai3="85,116,71,124,113,13,6,27,101,58,131,81,31"/><W25/><G71/><T61/><D121/><U104/><E104/><V43/><F72/><W5/><G116/><T98/><D34/><U59/><E133/><V89/><F132/><W10/><G124/><N who="1" m="47722" /><E69/><V19/><F4/><W96/><G131/><T16/><D135/><U107/><E107/><V24/><F68/><W14/><G113/><T90/><D130/><U97/><E97/><V120/><F120/><W51/><G51/><N who="0" m="28919" /><D76/><U20/><E30/><V45/><F63/><W83/><G58/><T11/><D11/><U78/><E67/><V109/><F109/><W79/><G83/><T48/><D37/><U115/><E59/><V50/><F29/><W114/><G114/><T21/><D21/><U65/><E65/><V119/><F119/><W93/><G31/><T75/><D75/><U35/><E35/><V127/><F127/><W134/><G134/><T2/><D2/><N who="1" m="247" /><E115/><V99/><F38/><W8/><AGARI ba="0,0" hai="5,6,8,10,13,14,25,27,79,81,85,93,96,101" machi="8" ten="30,6000,0" yaku="0,1,9,1,8,1" doraHai="17" who="3" fromWho="3" sc="319,-20,215,-20,159,-20,307,60" owari="299,10.0,195,-20.0,139,-36.0,367,46.0" /></mjloggm>