<mjloggm ver="2.3"><GO type="169"/><UN n0="%EF%BC%8A%E7%B4%85%E7%83%8F%EF%BC%8A" n1="%47%61%4B%75" n2="%E5%88%BB%E5%AD%90%E5%B8%82%E6%B0%91" n3="%EF%BC%88%E2%89%A7%E2%96%BD%E2%89%A6%EF%BC%89" dan="16,16,16,16" rate="2107,2096,2079,2125" sx="F,M,M,M"/><TAIKYOKU oya="0"/><INIT seed="0,0,0,1,4,70" ten="250,250,250,250" oya="0" hai0="8,88,125,39,93,92,71,61,23,82,121,50,56" hai1="130,6,15,16,113,114,115,48,57,116,133,97,9" hai2="64,80,73,7,36,28,81,35,78,96,37,76,86" hai3="68,19,74,40,102,52,30,112,89,132,24,42,46"/><T87/><D121/><U34/><E116/><V25/><F7/><W5/><G74/><T55/><D125/><U98/><E34/><V17/><F64/><W122/><G68/><T1/><D23/><U0/><E130/><V69/><F69/><W43/><G112/><T131/><D131/><U108/><E108/><V99/><F17/><W126/><G122/><T26/><D26/><U27/><E27/><V123/><F123/><W62/><G126/><T10/><D39/><U54/><REACH who="1" step="1"/><E133/><REACH who="1" ten="250,240,250,250" step="2"/><V95/><REACH who="2" step="1"/><F99/><REACH who="2" ten="250,240,240,250" step="2"/><W14/><G132/><T47/><D71/><U60/><E60/><V12/><F12/><W103/><G62/><T13/><D1/><U22/><AGARI ba="0,2" hai="0,6,9,15,16,22,48,54,57,97,98,113,114,115" machi="22" ten="30,7900,0" yaku="1,1,0,1,11,1,54,1,53,0" doraHai="70" doraHaiUra="119" who="1" fromWho="1" sc="250,-39,240,99,240,-20,250,-20" /><INIT seed="1,0,0,0,2,100" ten="211,339,220,230" oya="1" hai0="118,77,70,18,124,133,89,58,37,25,73,23,69" hai1="107,40,56,86,35,63,130,81,16,45,91,22,61" hai2="21,12,26,32,8,87,131,66,46,0,11,76,90" hai3="62,55,122,68,106,94,54,129,128,121,84,60,126"/><U49/><E35/><V88/><F131/><N who="3" m="50251" /><G84/><T20/><D118/><U38/><E130/><V47/><F32/><W24/><G94/><T2/><D37/><U98/><E38/><V9/><F0/><W10/><G10/><T29/><D2/><U132/><E132/><V30/><F66/><N who="3" m="41031" /><G24/><T85/><D77/><U3/><E3/><V67/><F67/><W114/><G106/><T109/><D73/><U120/><E120/><N who="3" m="46186" /><G114/><T78/><D78/><U123/><E123/><V1/><F1/><W116/><G116/><T52/><D23/><U99/><E107/><V48/><F12/><W31/><G31/><T59/><D29/><U15/><REACH who="1" step="1"/><E63/><REACH who="1" ten="211,329,220,230" step="2"/><V110/><F30/><W112/><G112/><T102/><D133/><U39/><E39/><V108/><F26/><W27/><G27/><T127/><D25/><U28/><E28/><V134/><F134/><W82/><G126/><T36/><D127/><U71/><E71/><V113/><F113/><W6/><G62/><T101/><D124/><U44/><E44/><V119/><F46/><W50/><G50/><T96/><D36/><U79/><E79/><V41/><F47/><W95/><G54/><AGARI ba="0,1" hai="15,16,22,40,45,49,54,56,61,81,86,91,98,99" machi="54" ten="30,11600,0" yaku="1,1,7,1,8,1,54,1,53,0" doraHai="100" doraHaiUra="5" who="1" fromWho="3" sc="211,0,329,126,220,0,230,-116" /><INIT seed="1,1,0,4,1,33" ten="211,455,220,114" oya="1" hai0="8,115,40,51,3,73,42,89,111,94,134,57,74" hai1="96,119,28,114,36,116,52,132,12,84,25,35,65" hai2="131,15,21,77,133,64,27,16,117,66,19,118,67" hai3="43,101,81,128,54,49,34,2,105,109,41,98,20"/><U32/><E114/><V107/><F107/><W45/><G109/><T88/><D115/><U24/><E65/><V93/><F133/><W46/><G128/><T18/><D134/><U106/><E36/><V30/><F131/><W100/><G34/><T61/><D111/><U10/><E132/><V91/><F77/><W6/><G101/><T11/><D89/><U82/><E25/><V48/><F48/><W26/><G81/><T123/><D123/><U58/><E32/><V83/><F83/><W4/><G2/><T125/><D125/><U103/><E12/><V120/><F120/><W122/><G122/><T108/><D108/><U110/><E10/><V102/><F102/><W124/><G124/><T126/><D126/><U38/><E38/><V23/><REACH who="2" step="1"/><F30/><REACH who="2" ten="211,455,210,114" step="2"/><W95/><G105/><T121/><D121/><U50/><E110/><V1/><F1/><W44/><G45/><T71/><D3/><U127/><E127/><V79/><F79/><AGARI ba="1,1" hai="24,28,35,50,52,58,79,82,84,96,103,106,116,119" machi="79" ten="30,2900,0" yaku="7,1,54,1" doraHai="33" who="1" fromWho="2" sc="211,0,455,42,210,-32,114,0" /><INIT seed="1,2,0,0,0,112" ten="211,497,178,114" oya="1" hai0="45,101,0,111,70,17,34,78,85,106,100,26,27" hai1="97,127,49,55,107,71,25,43,104,57,30,60,76" hai2="8,4,83,131,7,12,75,91,21,89,28,10,126" hai3="6,62,72,74,67,128,15,119,61,129,80,103,132"/><U52/><E127/><V121/><F121/><W118/><G103/><T46/><D0/><U115/><E115/><V24/><F126/><W63/><G67/><T2/><D2/><U18/><E18/><V108/><F108/><W69/><G69/><T95/><D70/><U113/><E43/><V105/><F105/><W81/><G132/><T42/><D106/><U35/><E76/><V122/><F122/><W73/><G15/><T82/><D111/><U135/><E135/><V123/><F123/><W59/><G59/><T41/><D34/><U84/><E84/><V87/><F75/><W54/><G54/><T65/><D65/><U37/><E37/><V98/><F131/><N who="3" m="50251" /><G6/><T133/><D133/><U23/><E35/><V48/><F48/><W39/><G39/><T114/><D114/><U31/><E31/><V66/><F66/><W79/><G79/><T13/><D27/><U33/><E33/><V32/><F32/><W77/><G77/><T116/><D26/><U90/><E113/><V130/><F130/><W86/><G86/><T93/><D42/><U20/><E71/><V3/><F98/><W51/><G51/><T64/><D41/><U44/><E104/><V92/><F91/><W14/><G14/><T68/><D13/><U50/><E107/><V16/><F7/><W102/><G102/><T124/><D100/><U53/><E25/><V125/><F125/><W5/><G5/><T58/><D101/><U9/><E30/><V1/><F1/><W88/><G88/><T117/><D68/><U110/><E90/><V38/><F38/><W120/><G120/><RYUUKYOKU ba="2,0" sc="211,-15,497,-15,178,15,114,15" hai2="3,4,8,10,12,16,21,24,28,83,87,89,92" hai3="61,62,63,72,73,74,80,81,118,119" /><INIT seed="2,3,0,5,1,18" ten="196,482,193,129" oya="2" hai0="101,5,70,77,63,41,98,133,130,9,99,116,79" hai1="106,27,1,125,6,119,53,22,33,128,110,76,32" hai2="88,8,12,35,102,83,112,129,122,0,80,69,96" hai3="86,120,68,44,87,11,50,78,46,72,47,71,55"/><V60/><F35/><W54/><G120/><T82/><D130/><U15/><E76/><V75/><F0/><W36/><G36/><T10/><D133/><U58/><E106/><V81/><F122/><W92/><G11/><T93/><D116/><U31/><E119/><V25/><F112/><W21/><G21/><T56/><D70/><U45/><E45/><V115/><F115/><W126/><G126/><T97/><D41/><U29/><E125/><V109/><F25/><W42/><G42/><T26/><D26/><U52/><E58/><V124/><F109/><W107/><G107/><T84/><D79/><U4/><E1/><V108/><F108/><W100/><G100/><T37/><D37/><U90/><E27/><V2/><F2/><W49/><G46/><T103/><D5/><U95/><E110/><V105/><F129/><W117/><G117/><T73/><D73/><U24/><E32/><V132/><F132/><W64/><G64/><T65/><REACH who="0" step="1"/><D99/><REACH who="0" ten="186,482,193,129" step="2"/><N who="1" m="57847" /><E24/><V30/><F75/><W91/><REACH who="3" step="1"/><G72/><REACH who="3" ten="186,482,193,119" step="2"/><T51/><D51/><U23/><E128/><V123/><F124/><W19/><G19/><T118/><D118/><U111/><E111/><V3/><F123/><W20/><G20/><T43/><D43/><U85/><E4/><V14/><F30/><W48/><G48/><T28/><D28/><U40/><E29/><V66/><F8/><W104/><G104/><AGARI ba="3,2" hai="9,10,56,63,65,77,82,84,93,97,98,101,103,104" machi="104" ten="30,3900,0" yaku="1,1,7,1,53,1" doraHai="18" doraHaiUra="74" who="0" fromWho="3" sc="186,68,482,0,193,0,119,-48" /><INIT seed="3,0,0,3,5,42" ten="254,482,193,71" oya="3" hai0="46,121,78,6,112,125,31,61,68,80,129,108,109" hai1="29,27,132,88,102,90,58,3,32,75,111,105,110" hai2="133,9,8,131,4,63,96,21,130,30,64,119,115" hai3="56,87,36,20,124,59,91,35,122,48,85,14,66"/><W128/><G122/><T47/><D31/><U50/><E75/><V62/><F119/><W54/><G36/><T123/><D6/><U0/><E132/><V24/><F115/><W49/><G128/><N who="2" m="49193" /><F133/><W117/><G117/><T22/><D22/><U99/><E58/><V106/><F4/><W82/><G124/><T1/><D1/><U52/><E3/><V86/><F86/><W17/><G35/><T92/><D92/><U67/><E0/><V7/><F7/><W94/><G66/><N who="0" m="41039" /><D129/><U10/><E67/><V76/><F76/><W2/><G2/><T65/><D125/><U55/><E10/><N who="2" m="4203" /><F64/><W100/><G100/><AGARI ba="0,0" hai="21,24,30,62,63,96,100,106" m="4203,49193" machi="100" ten="30,1000,0" yaku="19,1" doraHai="42" who="2" fromWho="3" sc="254,0,482,0,193,10,71,-10" /><INIT seed="4,0,0,4,1,132" ten="254,482,203,61" oya="0" hai0="100,49,90,118,111,76,128,27,117,1,26,30,25" hai1="73,15,18,96,68,119,45,88,75,101,112,31,72" hai2="127,78,3,54,108,48,115,74,32,44,91,107,21" hai3="51,84,22,34,38,11,35,105,125,60,85,58,124"/><T126/><D1/><U13/><E119/><V70/><F32/><W103/><G38/><T113/><D113/><U65/><E112/><V134/><F70/><W82/><G11/><T9/><D128/><U36/><E31/><V10/><F107/><W42/><G22/><T8/><D111/><U43/><E88/><V106/><F106/><W29/><G103/><T20/><D100/><U133/><E133/><V64/><F74/><W97/><G97/><T12/><D76/><U7/><E7/><V41/><F3/><W69/><G105/><T19/><D90/><U86/><E86/><V89/><F64/><N who="3" m="38935" /><G69/><T116/><D49/><U122/><E122/><V16/><F48/><W77/><G84/><T63/><D63/><U2/><E2/><V129/><F10/><N who="0" m="4202" /><D126/><N who="3" m="48745" /><G29/><AGARI ba="0,0" hai="12,19,20,25,26,27,29,30,116,117,118" m="4202" machi="29" ten="40,3900,0" yaku="34,2" doraHai="132" who="0" fromWho="3" sc="254,39,482,0,203,0,61,-39" /><INIT seed="4,1,0,2,2,18" ten="293,482,203,22" oya="0" hai0="48,13,39,111,108,12,103,124,71,60,29,118,119" hai1="109,6,7,90,34,27,10,4,122,33,74,125,46" hai2="91,16,135,43,55,22,88,0,105,81,106,100,76" hai3="23,110,99,85,32,84,54,61,5,31,40,117,75"/><T14/><D39/><U82/><E109/><V2/><F43/><W38/><G75/><T66/><D124/><U26/><E125/><V114/><F114/><W134/><G117/><T52/><D103/><U69/><E69/><V51/><F135/><W112/><G134/><T116/><REACH who="0" step="1"/><D29/><REACH who="0" ten="283,482,203,22" step="2"/><U72/><E122/><V128/><F128/><W42/><G110/><T101/><D101/><U47/><E7/><V57/><F100/><W79/><G112/><T113/><D113/><U53/><E6/><V58/><F106/><W37/><G38/><T77/><D77/><U78/><E4/><V28/><F105/><W64/><G37/><T11/><D11/><U130/><E10/><V92/><F28/><W17/><G5/><T8/><D8/><U127/><E78/><V68/><F91/><W86/><G79/><T87/><D87/><U20/><E90/><V104/><F104/><W96/><G54/><T94/><D94/><U63/><E53/><V132/><F88/><W36/><G36/><T98/><D98/><U95/><E74/><V115/><F92/><W93/><G99/><T131/><D131/><U3/><E72/><V123/><F115/><W41/><G96/><T25/><D25/><U65/><E27/><V83/><F132/><W1/><G1/><T9/><D9/><U24/><E3/><V56/><F0/><W67/><G93/><T120/><D120/><U15/><E95/><V62/><F2/><W21/><G17/><T45/><AGARI ba="1,1" hai="12,13,14,45,48,52,60,66,71,108,111,116,118,119" machi="45" ten="40,7800,0" yaku="1,1,0,1,54,1,53,0" doraHai="18" doraHaiUra="107" who="0" fromWho="0" sc="283,91,482,-27,203,-27,22,-27" owari="374,17.0,455,56.0,176,-22.0,-5,-51.0" /></mjloggm>