<mjloggm ver="2.3"><GO type="41"/><UN n0="%E3%82%A6%E3%83%AB%E3%83%88%E3%83%A9%E7%AB%8B%E7%9B%B4" n1="%41%4E%54%49%41%4E%54%49" n2="%67%65%72%72%61%72%64" n3="%E9%9B%80%E9%AC%BC%E6%9F%B3" dan="14,13,13,13" rate="1976,1941,1841,1828" sx="M,M,M,M"/><TAIKYOKU oya="0"/><INIT seed="0,0,0,5,0,94" ten="250,250,250,250" oya="0" hai0="84,86,59,45,15,98,66,126,106,68,60,134,82" hai1="83,120,71,42,26,48,135,107,133,41,122,8,2" hai2="62,121,114,44,110,77,116,99,111,105,74,129,34" hai3="108,17,33,43,127,131,115,96,7,27,90,4,132"/><T73/><D73/><U50/><E107/><V113/><F34/><W76/><G108/><N who="2" m="41513" /><F44/><W53/><G115/><N who="2" m="44041" /><F62/><W123/><G76/><T78/><D126/><U64/><E83/><N who="2" m="45495" /><F129/><W93/><G131/><T75/><D134/><N who="1" m="51211" /><E26/><V3/><F3/><W80/><G127/><T109/><D109/><U38/><E8/><V118/><F121/><N who="1" m="46697" /><E2/><V69/><F69/><W22/><G123/><T92/><D68/><U70/><E38/><V47/><F47/><W124/><G124/><T117/><D117/><U12/><E12/><V91/><F91/><W46/><G132/><T28/><D45/><U25/><E25/><V11/><F11/><W72/><G53/><T79/><D59/><U54/><E64/><V112/><F112/><W119/><G119/><T19/><D66/><U128/><E128/><V5/><F5/><W18/><G33/><T52/><D52/><U100/><E54/><V32/><F32/><W55/><G55/><T35/><D60/><U0/><E0/><V61/><F61/><W30/><G18/><T14/><D19/><U49/><E71/><V101/><AGARI ba="0,0" hai="99,101,105,116,118" m="45495,44041,41513" machi="101" ten="40,8000,1" yaku="14,1,23,1,34,2,52,1" doraHai="94" who="2" fromWho="2" sc="250,-40,250,-20,250,80,250,-20" /><INIT seed="1,0,0,2,4,34" ten="210,230,330,230" oya="1" hai0="125,99,104,120,126,83,94,62,119,30,77,41,45" hai1="1,23,124,87,31,96,82,22,111,114,132,33,121" hai2="46,130,72,118,116,9,98,115,66,106,56,107,127" hai3="135,79,55,44,109,51,58,80,32,85,65,129,25"/><U68/><E68/><V49/><F72/><W102/><G109/><T95/><D119/><U88/><E121/><V14/><F115/><W10/><G129/><T16/><D30/><U89/><E114/><V100/><F130/><W81/><G135/><T112/><D112/><U0/><E132/><V8/><F106/><W54/><G102/><T134/><D62/><U26/><E124/><V60/><F127/><W64/><G10/><T71/><D71/><U70/><E70/><V97/><F9/><W35/><G32/><T38/><D134/><U43/><E43/><V28/><F28/><W3/><G3/><T101/><D120/><U42/><E42/><V73/><F98/><W61/><G35/><T90/><D94/><U17/><E111/><V59/><F59/><W2/><G25/><T133/><D133/><U93/><E33/><V105/><F105/><W13/><G13/><AGARI ba="0,0" hai="0,1,13,17,22,23,26,31,82,87,88,89,93,96" machi="13" ten="30,11600,0" yaku="7,1,52,2,54,1" doraHai="34" who="1" fromWho="3" sc="210,0,230,116,330,0,230,-116" /><INIT seed="1,1,0,2,5,93" ten="210,346,330,114" oya="1" hai0="32,111,40,13,81,116,107,79,124,39,84,55,43" hai1="88,42,106,68,127,22,134,131,10,125,85,92,122" hai2="62,2,75,24,129,121,80,117,7,90,36,30,33" hai3="16,12,0,46,27,50,26,114,28,60,87,25,29"/><U38/><E106/><V105/><F105/><W14/><G114/><T56/><D116/><U94/><E122/><V5/><F121/><W11/><G60/><T120/><D120/><U59/><E68/><V96/><F129/><W100/><G100/><T72/><D32/><U133/><E38/><V99/><F36/><W77/><G0/><T109/><D39/><U4/><E42/><V66/><F117/><W104/><G104/><T113/><D113/><U18/><E94/><V47/><F47/><W1/><G1/><T61/><D40/><U76/><E59/><V54/><F54/><W70/><G70/><T48/><D124/><N who="1" m="47691" /><E76/><V69/><F90/><W3/><G3/><T52/><D43/><U78/><E78/><V34/><F34/><W65/><G65/><T71/><D72/><U128/><E10/><V119/><F119/><W45/><G87/><T74/><D74/><U51/><E51/><V6/><REACH who="2" step="1"/><F2/><REACH who="2" ten="210,346,320,114" step="2"/><W53/><G77/><AGARI ba="1,1" hai="5,6,7,24,30,33,62,66,69,75,77,80,96,99" machi="77" ten="40,8000,1" yaku="1,1,2,1,52,2,53,0" doraHai="93" doraHaiUra="115" who="2" fromWho="3" sc="210,0,346,0,320,93,114,-83" /><INIT seed="2,0,0,1,5,7" ten="210,346,413,31" oya="2" hai0="86,16,69,106,45,87,19,22,130,15,41,90,10" hai1="48,42,27,46,73,88,77,26,135,104,115,81,25" hai2="84,49,53,118,111,98,64,122,63,107,2,3,39" hai3="103,28,76,108,79,93,113,30,124,133,91,37,121"/><V132/><F39/><W131/><G30/><T66/><D106/><U134/><E115/><V114/><F114/><W17/><G28/><T47/><D130/><U80/><E104/><V70/><F118/><W82/><G17/><T33/><D33/><U18/><E81/><V110/><F122/><W85/><G37/><T116/><D116/><U94/><REACH who="1" step="1"/><E18/><REACH who="1" ten="210,336,413,31" step="2"/><V126/><F107/><W14/><G113/><T35/><D87/><AGARI ba="0,1" hai="25,26,27,42,46,48,73,77,80,87,88,94,134,135" machi="87" ten="40,5200,0" yaku="1,1,2,1,54,1,53,0" doraHai="7" doraHaiUra="52" who="1" fromWho="0" sc="210,-52,336,62,413,0,31,0" /><INIT seed="3,0,0,3,0,119" ten="158,398,413,31" oya="3" hai0="53,51,59,36,127,71,57,31,44,132,6,26,79" hai1="7,122,63,14,104,83,20,28,52,113,2,115,135" hai2="25,23,15,29,78,56,124,114,55,97,105,16,72" hai3="13,11,117,121,32,96,111,76,40,64,89,33,90"/><W34/><G117/><T65/><D6/><U102/><E135/><V75/><F114/><W67/><G76/><T68/><D79/><U94/><E104/><V5/><F124/><W129/><G40/><N who="0" m="22535" /><D26/><U21/><E2/><V12/><F78/><W81/><G90/><T49/><D31/><U84/><E28/><V91/><F5/><W35/><N who="3" m="8704" /><DORA hai="82" /><W120/><G96/><T43/><D127/><U1/><E1/><V101/><F15/><W9/><G89/><T19/><D19/><U3/><E3/><V108/><F108/><W100/><G81/><T118/><D132/><U4/><E14/><V47/><F47/><W38/><G111/><T60/><D118/><U85/><E94/><V112/><F91/><W61/><G100/><T70/><D49/><U110/><E83/><V131/><F131/><W17/><G129/><T37/><D43/><U106/><E110/><V80/><F80/><W42/><G11/><T39/><AGARI ba="0,0" hai="37,39,51,53,57,59,60,65,68,70,71" m="22535" machi="39" ten="40,8000,1" yaku="35,5" doraHai="119,82" who="0" fromWho="0" sc="158,80,398,-20,413,-20,31,-40" owari="238,-16.0,378,18.0,393,49.0,-9,-51.0" /></mjloggm>