<mjloggm ver="2.3"><GO type="41" lobby="0"/><UN n0="%E3%81%BD%E3%82%80%E3%83%BB%E3%83%BB%E3%83%BB" n1="%73%65%61%6F%6E" n2="%E3%81%92%E3%82%93%E3%81%9F%E3%82%8D" n3="%E3%82%A6%E3%83%AB%E3%83%88%E3%83%A9%E7%AB%8B%E7%9B%B4" dan="14,16,16,15" rate="1994,2083,2123,2011" sx="F,M,M,M"/><TAIKYOKU oya="0"/><INIT seed="0,0,0,3,4,104" ten="250,250,250,250" oya="0" hai0="85,80,11,4,25,97,108,66,78,6,42,98,21" hai1="102,121,90,103,72,28,15,114,44,10,95,110,106" hai2="29,70,48,126,118,109,39,132,34,17,65,129,14" hai3="68,31,101,93,18,131,53,40,75,135,2,41,125"/><T59/><D42/><U22/><E121/><V113/><RYUUKYOKU type="yao9" ba="0,0" sc="250,0,250,0,250,0,250,0" hai2="14,17,29,34,39,48,65,70,109,113,118,126,129,132" /><INIT seed="0,1,0,5,4,125" ten="250,250,250,250" oya="0" hai0="89,87,50,130,47,41,60,113,22,26,83,112,91" hai1="78,59,16,28,76,132,42,121,4,104,32,48,111" hai2="110,30,70,86,58,64,12,15,62,126,24,5,120" hai3="96,14,84,71,1,10,72,80,99,33,29,21,98"/><T46/><D113/><U36/><E121/><V101/><F120/><W55/><G71/><T105/><D105/><U129/><E104/><V134/><F126/><W92/><G33/><T119/><D119/><U11/><E132/><V43/><F134/><W49/><G72/><T97/><D112/><U65/><E111/><V106/><F110/><W128/><G1/><T94/><D46/><U52/><E65/><V75/><F75/><W18/><G29/><T82/><D60/><U102/><E102/><V34/><F43/><W116/><G116/><T40/><D83/><U73/><E32/><V107/><F107/><W133/><G133/><T135/><D135/><U0/><E28/><V6/><F86/><W37/><G37/><T115/><D115/><U31/><E31/><V19/><F58/><W44/><G21/><T25/><D41/><U114/><E114/><V45/><F45/><W56/><G56/><T2/><D2/><U61/><E61/><V53/><F53/><W93/><REACH who="3" step="1"/><G128/><REACH who="3" ten="250,250,250,240" step="2"/><T20/><D130/><U79/><E129/><V90/><F34/><W7/><G7/><T103/><D103/><U51/><E16/><V100/><F101/><W23/><G23/><AGARI ba="1,1" hai="20,22,23,25,26,40,47,50,82,87,89,91,94,97" machi="23" ten="40,2000,0" yaku="8,1" doraHai="125" who="0" fromWho="3" sc="250,33,250,0,250,0,240,-23" /><INIT seed="0,2,0,0,3,78" ten="283,250,250,217" oya="0" hai0="57,4,48,56,14,77,37,67,103,90,13,95,34" hai1="50,97,40,116,11,122,119,125,106,47,134,84,130" hai2="131,113,80,18,15,5,71,19,1,2,101,33,62" hai3="114,115,29,64,76,42,8,74,85,108,59,58,70"/><T100/><D37/><U23/><E122/><V52/><F113/><W9/><G85/><T98/><D34/><U120/><E120/><V83/><F131/><W39/><G29/><T109/><D109/><U38/><E130/><V54/><F33/><W44/><G8/><T133/><D133/><U86/><E134/><V66/><F101/><W25/><G25/><T31/><D31/><U65/><E125/><V49/><F54/><W126/><G9/><T21/><D77/><U79/><E65/><V24/><F5/><W132/><G76/><T121/><D121/><U69/><E69/><V72/><F72/><W36/><G74/><T46/><D4/><U92/><E106/><V99/><F99/><W51/><G108/><T135/><D135/><U96/><E38/><N who="3" m="14378" /><G126/><T22/><D67/><U124/><E124/><V129/><F129/><W127/><G127/><T28/><D103/><U110/><E110/><V32/><F19/><W93/><G93/><T73/><D100/><U94/><E11/><V30/><F1/><W88/><G88/><T26/><D73/><U41/><E23/><V20/><F2/><W111/><G111/><T63/><D63/><U3/><E3/><V81/><F81/><W43/><G132/><T118/><D118/><U117/><E79/><V53/><F53/><N who="3" m="29927" /><G114/><T91/><D91/><U6/><E6/><V75/><F75/><W12/><G115/><T104/><D104/><U55/><E86/><V128/><F128/><W35/><G35/><T102/><D102/><N who="1" m="60679" /><E84/><V89/><F89/><W105/><G105/><T17/><D13/><U68/><E68/><RYUUKYOKU ba="2,0" sc="283,10,250,10,250,10,217,-30" hai0="14,17,21,22,26,28,46,48,56,57,90,95,98" hai1="40,41,47,50,55,94,97,116,117,119" hai2="15,18,20,24,30,32,49,52,62,66,71,80,83" /><INIT seed="0,3,0,2,2,28" ten="293,260,260,187" oya="0" hai0="82,117,50,135,44,119,48,126,71,67,40,100,3" hai1="12,25,4,61,83,2,115,76,96,121,90,105,124" hai2="6,133,113,85,92,1,73,91,87,72,55,86,47" hai3="120,64,107,37,26,0,36,27,134,59,74,68,118"/><T38/><D3/><U70/><E2/><V102/><F113/><W112/><G59/><T79/><D100/><U110/><E115/><V17/><F133/><W122/><G64/><T49/><D82/><U97/><E121/><V94/><F1/><W114/><G27/><T89/><D89/><U5/><E124/><V75/><F6/><W54/><G26/><T8/><D8/><U53/><E110/><V10/><F10/><W125/><G54/><T56/><D79/><U34/><E53/><V127/><F47/><W111/><G37/><T103/><D103/><U42/><E42/><V116/><F55/><W39/><G39/><T104/><D104/><U81/><E90/><N who="2" m="53327" /><F17/><W29/><G29/><T21/><D21/><U11/><E4/><V95/><F116/><W88/><G88/><T109/><D135/><U23/><E34/><V24/><F24/><W129/><G120/><T132/><D132/><U60/><E70/><V15/><F15/><W130/><G114/><T18/><D18/><U32/><E32/><AGARI ba="3,0" hai="0,32,36,68,74,107,111,112,118,122,125,129,130,134" machi="32" ten="0,32000,5" yakuman="47" doraHai="28" who="3" fromWho="1" sc="293,0,260,-329,260,0,187,329" owari="293,9.0,-69,-57.0,260,-14.0,516,62.0" /></mjloggm>