<mjloggm ver="2.3"><GO type="41"/><UN n0="%E3%82%A6%E3%83%AB%E3%83%88%E3%83%A9%E7%AB%8B%E7%9B%B4" n1="%E3%83%9F%E3%83%8D%E3%82%B9%E3%83%88%E3%83%AD%E3%83%B3%E2%85%A2%E4%B8%96" n2="%78%78%79%7A" n3="%76%65%4C%66%61" dan="15,14,14,14" rate="1969,2024,1930,1804" sx="M,M,M,M"/><TAIKYOKU oya="0"/><INIT seed="0,0,0,2,2,12" ten="250,250,250,250" oya="0" hai0="119,53,107,34,128,10,134,67,84,135,111,123,23" hai1="127,100,79,29,13,3,43,83,20,28,40,54,109" hai2="92,91,89,21,27,8,68,104,88,86,73,70,30" hai3="81,47,11,48,55,52,114,112,98,18,6,5,69"/><T122/><D107/><U66/><E3/><V115/><F73/><W37/><G69/><T85/><D67/><U26/><E127/><V39/><F39/><W87/><G112/><T121/><D34/><U57/><E66/><V106/><F115/><W1/><G114/><T49/><D119/><U25/><E109/><V24/><F70/><W65/><G98/><T15/><D23/><U132/><E100/><V46/><F68/><W19/><G65/><T36/><D36/><U35/><E132/><N who="0" m="50729" /><D111/><U133/><E133/><V59/><F46/><W4/><G4/><T61/><D61/><U17/><E83/><V50/><F8/><W2/><G37/><T103/><D103/><U71/><E79/><V77/><F77/><W113/><G113/><T16/><D128/><U7/><E7/><V14/><F14/><N who="3" m="5487" /><G6/><T94/><D94/><U45/><E45/><AGARI ba="0,0" hai="10,15,16,45,49,53,84,85,121,122,123" m="50729" machi="45" ten="40,7700,0" yaku="20,1,52,1,54,1" doraHai="12" who="0" fromWho="1" sc="250,77,250,-77,250,0,250,0" /><INIT seed="0,1,0,1,2,43" ten="327,173,250,250" oya="0" hai0="21,87,44,65,59,19,20,11,8,69,27,79,10" hai1="98,60,13,128,125,134,105,12,77,71,6,62,114" hai2="123,1,7,104,97,63,124,92,26,46,34,38,116" hai3="72,64,131,103,75,121,89,76,9,68,96,28,127"/><T133/><D69/><U29/><E114/><V42/><F123/><W81/><G121/><T4/><D59/><U51/><E134/><V56/><F124/><W16/><G127/><T86/><D65/><U74/><E128/><V39/><F104/><W80/><G131/><T88/><D133/><U54/><E125/><V118/><F7/><W117/><G117/><N who="2" m="45161" /><F1/><W31/><G72/><T126/><D126/><U113/><E113/><V106/><F106/><W73/><G68/><T32/><D32/><U24/><E71/><V101/><F26/><W99/><G64/><T30/><D79/><U50/><E105/><V107/><F107/><W3/><G76/><T120/><D120/><U49/><E6/><V129/><F129/><W0/><G9/><T48/><D4/><U57/><E98/><V33/><F39/><W95/><G103/><T55/><D87/><U52/><E77/><V37/><F37/><W82/><G82/><N who="0" m="49239" /><D21/><U112/><E74/><V45/><F45/><W25/><G89/><T41/><D41/><U91/><E112/><V83/><F83/><W122/><G25/><T2/><D2/><U17/><E91/><V111/><F111/><W100/><G122/><T67/><D67/><AGARI ba="1,0" hai="33,34,38,42,46,56,63,67,92,97,101" m="45161" machi="67" ten="30,2000,0" yaku="12,1,52,1" doraHai="43" who="2" fromWho="0" sc="327,-23,173,0,250,23,250,0" /><INIT seed="1,0,0,4,2,45" ten="304,173,273,250" oya="1" hai0="118,135,124,76,88,6,39,116,41,98,95,10,84" hai1="102,63,128,66,34,123,83,17,72,32,61,55,57" hai2="56,7,109,73,43,120,110,25,26,85,53,42,129" hai3="18,36,51,99,19,31,96,64,35,49,71,131,52"/><U101/><E123/><V11/><F120/><W78/><G36/><T5/><D6/><U126/><E126/><V121/><F121/><W105/><G78/><T33/><D33/><U54/><E128/><V29/><F73/><W90/><G131/><T59/><D39/><U38/><E38/><V86/><F129/><W16/><G96/><T100/><D10/><U23/><E32/><V104/><F104/><W112/><G112/><T103/><D5/><U46/><E34/><V75/><F75/><W77/><G77/><T132/><D59/><N who="1" m="37247" /><E72/><V74/><F74/><W117/><G117/><N who="0" m="45163" /><D41/><N who="2" m="15370" /><F85/><W65/><G65/><T22/><D22/><U9/><E83/><V60/><F86/><W62/><G52/><N who="1" m="20010" /><E46/><V70/><F70/><W111/><G90/><T1/><D1/><U119/><E9/><V28/><F11/><W93/><G111/><N who="2" m="42505" /><F7/><W82/><G82/><N who="0" m="47175" /><D124/><U37/><E37/><V27/><AGARI ba="0,0" hai="25,26,27,28,29,53,56,60" m="42505,15370" machi="27" ten="40,1500,0" yaku="14,1" doraHai="45" who="2" fromWho="2" sc="304,-4,173,-7,273,15,250,-4" /><INIT seed="2,0,0,0,0,96" ten="300,166,288,246" oya="2" hai0="64,75,60,121,15,62,107,28,12,87,29,79,3" hai1="91,44,31,116,76,1,55,13,126,80,58,94,45" hai2="9,66,119,108,23,88,19,63,84,4,36,18,0" hai3="132,93,115,89,41,47,125,25,2,38,52,83,73"/><V123/><F36/><W124/><G115/><T33/><D87/><U114/><E116/><V92/><F119/><W120/><G120/><T97/><D121/><U105/><E1/><V71/><F123/><W53/><G2/><T54/><D54/><U117/><E117/><V103/><F108/><W99/><G25/><T24/><D3/><U104/><E114/><V61/><F61/><W90/><G132/><T109/><D29/><U42/><E126/><V86/><F86/><N who="3" m="50399" /><G73/><T110/><D62/><U27/><E13/><V70/><F70/><W57/><G57/><T95/><D95/><U128/><E128/><V17/><REACH who="2" step="1"/><F103/><REACH who="2" ten="300,166,278,246" step="2"/><W68/><G68/><N who="0" m="41991" /><D110/><U82/><E105/><V21/><AGARI ba="0,1" hai="0,4,9,17,18,19,21,23,63,66,71,84,88,92" machi="21" ten="30,6000,0" yaku="1,1,0,1,54,1,53,0" doraHai="96" doraHaiUra="39" who="2" fromWho="2" sc="300,-20,166,-20,278,70,246,-20" /><INIT seed="2,1,0,1,5,21" ten="280,146,348,226" oya="2" hai0="82,32,45,3,116,8,52,74,58,121,13,109,28" hai1="124,114,120,35,7,33,117,80,63,94,59,37,123" hai2="41,5,87,111,112,107,130,78,48,98,16,34,17" hai3="96,10,50,42,101,126,122,66,68,92,73,0,25"/><V61/><F112/><W135/><G122/><T132/><D121/><N who="1" m="46667" /><E114/><V11/><F34/><N who="1" m="12809" /><E37/><V119/><F119/><W81/><G135/><T46/><D3/><U93/><E117/><V23/><F130/><W62/><G126/><T22/><D32/><U57/><E7/><V6/><F61/><W118/><G118/><T31/><D74/><U95/><E124/><V9/><F107/><W99/><G73/><T75/><D75/><U110/><E110/><V69/><F69/><W125/><G125/><T29/><D109/><U2/><E80/><V70/><F70/><W105/><G81/><T134/><D82/><U30/><E30/><V97/><F78/><W1/><G10/><N who="2" m="3593" /><F87/><W53/><G42/><T65/><D116/><U67/><E2/><V88/><F111/><W24/><G0/><T129/><D31/><U26/><E59/><V131/><F17/><W90/><G1/><T47/><D29/><U86/><E86/><V115/><F115/><W27/><G27/><AGARI ba="1,0" hai="26,27,57,63,67,93,94,95" m="12809,46667" machi="27" ten="40,5200,0" yaku="13,1,52,2" doraHai="21" who="1" fromWho="3" sc="280,0,146,55,348,0,226,-55" /><INIT seed="3,0,0,3,3,55" ten="280,201,348,171" oya="3" hai0="15,42,39,0,8,68,113,115,77,40,23,30,84" hai1="76,65,31,44,43,6,4,98,125,34,91,28,97" hai2="73,83,35,121,13,122,52,80,109,57,64,71,54" hai3="99,17,29,5,123,107,9,102,111,21,110,135,129"/><W45/><G123/><N who="2" m="47113" /><F35/><W124/><G45/><T14/><D84/><U88/><E34/><V1/><F71/><W128/><G29/><T94/><D94/><U24/><E24/><V70/><F70/><W132/><G5/><N who="0" m="1063" /><D77/><U74/><E76/><N who="2" m="44047" /><F1/><W95/><G9/><T112/><D68/><U22/><E22/><V58/><F64/><W133/><G17/><T7/><D39/><U2/><E2/><V47/><F47/><W72/><G21/><T117/><D40/><U93/><E65/><V48/><F83/><W61/><G61/><T41/><D42/><U50/><E74/><V27/><F27/><W130/><G72/><T85/><D41/><U38/><E38/><V67/><F67/><W89/><G124/><T51/><D85/><AGARI ba="0,0" hai="85,89,95,99,102,107,110,111,128,129,130,132,133,135" machi="85" ten="50,12000,1" yaku="19,1,20,1,34,3" doraHai="55" who="3" fromWho="0" sc="280,-120,201,0,348,0,171,120" /><INIT seed="3,1,0,3,4,89" ten="160,201,348,291" oya="3" hai0="130,60,23,17,59,79,32,20,0,83,135,8,116" hai1="44,25,117,54,42,58,38,50,11,14,123,71,68" hai2="77,75,118,119,55,93,129,41,82,86,131,19,104" hai3="16,94,1,40,61,7,57,111,96,85,49,78,134"/><W76/><G134/><T108/><D32/><U4/><E123/><V45/><F55/><W120/><G120/><T133/><D116/><U10/><E117/><N who="2" m="44555" /><F45/><W67/><G111/><T72/><D108/><U102/><E102/><V115/><F19/><W105/><G1/><T36/><D130/><N who="2" m="49674" /><F41/><W34/><G34/><T84/><D36/><U74/><E74/><V97/><F104/><W15/><G105/><T12/><D72/><U91/><E25/><V95/><F115/><W100/><G7/><T124/><D124/><U21/><E21/><V52/><F52/><W9/><G85/><T122/><D122/><U90/><E68/><V113/><F113/><W63/><G63/><T121/><D121/><U56/><E71/><V24/><F24/><W126/><G126/><T110/><D0/><U80/><E56/><V127/><F127/><W46/><AGARI ba="1,0" hai="9,15,16,40,46,49,57,61,67,76,78,94,96,100" machi="46" ten="30,11700,0" yaku="0,1,8,1,52,1,54,1" doraHai="89" who="3" fromWho="3" sc="160,-40,201,-40,348,-40,291,120" /><INIT seed="3,2,0,2,4,133" ten="120,161,308,411" oya="3" hai0="23,81,99,5,132,100,40,37,53,39,129,91,72" hai1="43,19,13,48,94,3,17,2,69,25,114,9,89" hai2="85,118,84,117,11,73,75,125,70,104,130,46,127" hai3="1,116,59,109,113,90,83,50,87,105,93,0,115"/><W134/><G116/><T67/><D132/><U65/><E114/><V102/><F70/><W110/><G134/><T16/><D129/><U126/><E126/><N who="2" m="48139" /><F46/><W36/><G105/><T135/><D135/><U54/><E43/><V44/><F44/><W80/><G36/><T10/><D40/><U31/><E19/><V26/><F26/><W119/><G119/><N who="2" m="45577" /><F11/><W121/><G121/><T95/><D67/><U30/><E31/><V56/><F56/><W66/><G113/><T49/><D72/><N who="2" m="27722" /><F130/><W106/><G115/><T76/><D37/><U108/><E69/><V82/><F82/><W78/><G59/><T61/><D39/><U34/><E65/><V32/><F32/><W14/><G66/><T33/><D33/><U131/><E131/><V97/><AGARI ba="2,0" hai="84,85,97,102,104" m="27722,45577,48139" machi="97" ten="40,12000,2" yaku="18,1,34,2,52,3" doraHai="133" who="2" fromWho="2" sc="120,-32,161,-32,308,126,411,-62" /><INIT seed="4,0,0,5,5,105" ten="88,129,434,349" oya="0" hai0="127,86,115,83,54,78,107,42,70,106,117,8,95" hai1="59,38,2,129,45,28,9,40,81,14,13,15,7" hai2="84,34,103,52,3,100,75,77,25,61,97,57,116" hai3="92,0,88,93,112,62,65,121,24,123,49,98,113"/><T99/><D70/><U124/><E129/><V111/><F3/><W37/><G0/><T69/><D69/><U31/><E124/><V120/><F120/><N who="3" m="46155" /><G37/><T132/><D54/><U46/><E81/><V5/><F5/><W21/><G49/><T41/><D42/><U68/><E68/><V60/><F111/><W55/><G55/><T79/><D41/><U11/><E11/><V23/><F34/><W48/><G48/><T20/><D20/><U53/><REACH who="1" step="1"/><E45/><REACH who="1" ten="88,119,434,349" step="2"/><V27/><F57/><N who="3" m="37071" /><G93/><T126/><D8/><U43/><E43/><V32/><F116/><W63/><G63/><AGARI ba="0,1" hai="2,7,9,13,14,15,28,31,38,40,46,53,59,63" machi="63" ten="40,1300,0" yaku="1,1,53,0" doraHai="105" doraHaiUra="67" who="1" fromWho="3" sc="88,0,119,23,434,0,349,-13" /><INIT seed="5,0,0,3,1,17" ten="88,142,434,336" oya="1" hai0="27,53,71,14,116,118,69,29,96,76,65,21,55" hai1="66,98,31,50,89,51,13,34,135,125,26,37,104" hai2="41,83,131,60,73,2,38,19,110,0,43,42,79" hai3="130,119,46,40,32,80,133,93,122,114,64,128,134"/><U123/><E123/><V78/><F110/><W126/><G32/><T4/><D76/><U72/><E72/><V39/><F79/><W103/><G122/><T105/><D55/><U82/><E37/><V107/><F107/><W111/><G111/><T90/><D53/><U112/><E112/><V24/><F60/><W56/><G80/><T63/><D71/><U58/><E125/><V48/><F48/><N who="3" m="26695" /><G114/><T124/><D124/><U88/><E135/><N who="3" m="51722" /><G119/><T45/><D45/><U23/><E104/><V92/><F39/><W5/><G5/><T36/><D36/><U11/><E34/><V44/><F38/><W127/><G103/><T120/><D120/><U75/><E75/><V12/><F44/><W10/><G93/><T115/><D115/><U132/><E132/><V100/><F92/><W62/><G10/><T6/><D90/><N who="1" m="34923" /><E98/><V8/><F100/><W28/><G28/><T84/><D84/><U81/><E82/><V18/><F131/><AGARI ba="0,0" hai="56,62,64,126,127,128,130,131" m="51722,26695" machi="131" ten="30,12000,2" yaku="30,2,19,1,20,1,34,2" doraHai="17" who="3" fromWho="2" sc="88,0,142,0,434,-120,336,120" /><INIT seed="6,0,0,0,3,85" ten="88,142,314,456" oya="2" hai0="84,63,113,30,114,81,37,97,86,73,48,101,4" hai1="102,126,98,16,77,127,70,24,83,55,58,57,51" hai2="71,125,6,50,25,117,7,109,118,2,82,35,112" hai3="132,76,59,121,106,124,105,92,128,94,45,110,115"/><V11/><F71/><W65/><G110/><T116/><D48/><U64/><E70/><V15/><F50/><W61/><G121/><T80/><D30/><U111/><E111/><V68/><F68/><W119/><G119/><T9/><D9/><U56/><E64/><V90/><F109/><W43/><G132/><T49/><D4/><U67/><E67/><V107/><F107/><W38/><G124/><T47/><D49/><U54/><E24/><V72/><F125/><N who="1" m="47625" /><E16/><V14/><F72/><W23/><G128/><T32/><D47/><N who="1" m="28031" /><E55/><V104/><F104/><W95/><G76/><T130/><D32/><U120/><E120/><V88/><F11/><W41/><G23/><T13/><D13/><U131/><E131/><V79/><F25/><W40/><G65/><T10/><D10/><U93/><E57/><V108/><F108/><W18/><G59/><T21/><D130/><U52/><E52/><V33/><F112/><N who="0" m="43114" /><D63/><U78/><E77/><V12/><F12/><W44/><G61/><T39/><D37/><U46/><E46/><V99/><F79/><W26/><G38/><T91/><D39/><U17/><E17/><V62/><F62/><W87/><G44/><T20/><D116/><U42/><E42/><V3/><F82/><W66/><G45/><T96/><D73/><AGARI ba="0,0" hai="56,58,73,78,83,93,98,102" m="28031,47625" machi="73" ten="30,1000,0" yaku="18,1" doraHai="85" who="1" fromWho="0" sc="88,-10,142,10,314,0,456,0" /><INIT seed="7,0,0,5,3,7" ten="78,152,314,456" oya="3" hai0="88,69,32,109,107,35,78,23,129,77,3,74,60" hai1="121,118,91,86,73,99,132,22,94,51,20,100,41" hai2="110,58,40,117,53,112,44,134,122,1,56,114,10" hai3="47,11,16,83,119,18,66,67,30,17,28,130,27"/><W6/><G119/><T82/><D23/><U4/><E121/><V115/><F1/><W97/><G130/><T76/><D60/><U131/><E118/><V75/><F75/><W123/><G123/><T108/><D69/><U39/><E131/><V64/><F117/><W96/><G83/><N who="0" m="45463" /><D3/><U127/><E39/><V116/><F116/><W81/><G81/><T111/><D32/><U80/><E132/><V63/><F122/><W12/><G47/><T31/><D31/><N who="3" m="11817" /><G27/><T19/><D19/><U52/><E127/><V62/><F134/><W26/><G26/><T15/><D15/><U9/><E41/><V72/><F72/><W37/><G37/><T29/><D29/><U55/><E73/><V71/><F10/><W13/><G13/><T79/><D35/><U33/><E33/><V68/><F110/><N who="0" m="28162" /><T87/><DORA hai="57" /><D107/><U105/><E105/><V24/><REACH who="2" step="1"/><F24/><REACH who="2" ten="78,152,304,456" step="2"/><W85/><G85/><T70/><D70/><U113/><E9/><V34/><F34/><W2/><G2/><T0/><D0/><U126/><E126/><V45/><F45/><W125/><G125/><T98/><D129/><U120/><E120/><V95/><F95/><W102/><G11/><T133/><D133/><U38/><E20/><V14/><F14/><W36/><G12/><T25/><D25/><U93/><E22/><V46/><F46/><W48/><G18/><T5/><D5/><U49/><E38/><AGARI ba="0,1" hai="38,40,44,53,56,58,62,63,64,68,71,112,114,115" machi="38" ten="40,16000,3" yaku="1,1,15,1,34,3,52,2,53,1" doraHai="7,57" doraHaiUra="61,103" who="2" fromWho="1" sc="78,0,152,-160,304,170,456,0" owari="78,-32.0,-8,-51.0,474,57.0,456,26.0" /></mjloggm>