<mjloggm ver="2.3"><GO type="97"/><UN n0="%E8%BF%BD%E3%81%A3%E3%81%8B%E3%81%91%E3%83%AA%E3%83%BC%E3%83%81" n1="%EF%BC%88%E2%89%A7%E2%96%BD%E2%89%A6%EF%BC%89" n2="%61%6B%69%74%6F%37%31%36" n3="%48%59%44%52%4F" dan="15,15,15,14" rate="1916,1987,1971,1931" sx="M,M,M,M"/><TAIKYOKU oya="0"/><INIT seed="0,0,0,3,0,18" ten="250,250,250,250" oya="0" hai0="77,110,54,73,25,97,42,0,135,94,1,67,76" hai1="106,80,9,88,64,111,104,68,29,96,21,81,48" hai2="22,115,70,28,31,95,121,92,103,100,2,50,47" hai3="83,101,5,71,11,117,108,65,36,118,4,55,66"/><T120/><D120/><U63/><E111/><V133/><F70/><W128/><G36/><T44/><D67/><U45/><E9/><V113/><F2/><W53/><G128/><T105/><D105/><U132/><E132/><V109/><F121/><W119/><G108/><T32/><D135/><U89/><E89/><V58/><F58/><W12/><G101/><T15/><D110/><U30/><E30/><V23/><F109/><W123/><G123/><T27/><D54/><U49/><E49/><V59/><F59/><W87/><G71/><T37/><D15/><U91/><E91/><V51/><F133/><W38/><G38/><T129/><D129/><U52/><E81/><V112/><REACH who="2" step="1"/><F113/><REACH who="2" ten="250,250,240,250" step="2"/><W43/><G119/><T72/><D44/><AGARI ba="0,1" hai="22,23,28,31,44,47,50,51,92,95,100,103,112,115" machi="44" ten="25,12000,2" yaku="1,1,2,1,22,2,52,2,53,0" doraHai="18" doraHaiUra="79" who="2" fromWho="0" sc="250,-120,250,0,240,130,250,0" /><INIT seed="1,0,0,2,4,71" ten="130,250,370,250" oya="1" hai0="78,107,47,82,89,91,75,97,41,4,3,26,23" hai1="93,112,125,31,79,95,135,0,92,44,17,25,96" hai2="64,90,106,35,37,65,118,9,117,45,63,86,74" hai3="29,22,83,34,2,98,113,56,131,16,30,59,133"/><U10/><E112/><V21/><F74/><W6/><G113/><T127/><D127/><U126/><E135/><V13/><F35/><W77/><G133/><T40/><D107/><U123/><E123/><V14/><F106/><W128/><G98/><T53/><D53/><U130/><E130/><V108/><F108/><W33/><G2/><T62/><D62/><U105/><E79/><V24/><F65/><W42/><G6/><T1/><D41/><U84/><E84/><V18/><F14/><N who="3" m="9495" /><G42/><T8/><D3/><U61/><E61/><V48/><F37/><W66/><G34/><T109/><D97/><U49/><E105/><V100/><F100/><W20/><G33/><T39/><REACH who="0" step="1"/><D109/><REACH who="0" ten="120,250,370,250" step="2"/><U28/><E96/><V81/><F63/><W50/><G131/><T51/><D51/><U67/><E126/><V57/><F64/><W132/><G66/><T115/><D115/><U27/><E125/><V122/><F122/><W110/><G50/><T116/><D116/><U124/><E67/><V88/><F117/><W101/><G110/><T111/><D111/><U52/><E124/><V12/><F118/><W73/><G128/><T46/><D46/><U72/><E0/><V60/><F60/><W80/><G132/><T87/><D87/><U103/><E72/><V5/><F57/><W99/><G59/><T55/><D55/><U114/><E114/><V36/><F36/><W58/><G56/><T129/><D129/><U38/><E38/><V121/><F121/><W120/><G58/><T68/><D68/><U102/><E49/><V19/><F48/><W70/><G73/><RYUUKYOKU ba="0,1" sc="120,30,250,-10,370,-10,250,-10" hai0="1,4,8,23,26,39,40,47,75,78,82,89,91" /><INIT seed="2,1,1,2,3,12" ten="150,240,360,240" oya="2" hai0="100,124,18,23,9,2,21,11,87,135,116,48,7" hai1="91,82,68,8,31,106,101,69,52,130,50,118,95" hai2="104,80,74,79,110,109,93,24,120,61,129,42,37" hai3="27,10,51,70,122,60,65,14,88,59,1,113,81"/><V19/><F104/><W47/><G122/><T103/><D124/><U0/><E118/><V99/><F120/><W84/><G113/><T107/><D135/><U49/><E130/><V78/><F78/><W75/><G1/><T89/><D116/><U73/><E106/><V90/><F129/><W102/><G75/><T127/><D127/><U30/><E73/><V28/><F42/><W44/><G102/><T41/><D107/><U35/><E35/><V108/><F37/><W13/><G27/><T57/><D11/><U53/><E69/><V34/><F61/><W40/><G70/><T54/><D41/><U46/><E68/><V71/><F71/><W83/><G83/><T76/><D76/><U20/><E20/><N who="2" m="13343" /><F28/><W85/><G85/><T121/><D121/><U17/><E0/><V45/><F45/><N who="3" m="26023" /><G14/><T72/><D72/><U123/><E123/><V133/><F34/><W15/><G15/><T39/><D39/><U43/><E43/><V16/><F16/><AGARI ba="1,1" hai="10,13,16,44,47,59,60,65,81,84,88" m="26023" machi="16" ten="30,7700,0" yaku="8,1,52,1,54,2" doraHai="12" who="3" fromWho="2" sc="150,0,240,0,360,-80,240,90" /><INIT seed="3,0,0,2,0,89" ten="150,240,280,330" oya="3" hai0="3,13,105,8,110,17,119,39,77,44,32,73,125" hai1="78,33,129,54,59,26,111,79,98,30,48,97,63" hai2="109,101,121,94,112,85,57,1,116,64,134,132,11" hai3="53,46,55,14,131,67,24,31,37,90,19,23,68"/><W124/><G37/><T38/><D119/><U69/><E129/><V18/><F116/><W75/><G131/><T43/><D110/><U114/><E114/><V72/><F112/><W130/><G130/><T41/><D125/><U6/><E111/><V91/><F109/><W45/><G75/><T42/><D105/><U56/><E6/><V80/><F121/><W74/><G74/><T103/><D103/><U87/><E69/><V27/><F1/><W61/><G124/><T12/><D32/><U126/><E126/><V20/><F11/><W4/><G4/><T40/><D39/><U133/><E133/><V52/><F64/><W10/><G90/><T123/><D123/><U35/><E35/><V113/><F113/><W83/><G83/><T15/><D3/><U108/><E108/><V104/><F104/><W88/><G88/><T51/><D38/><U82/><E78/><V86/><F72/><W117/><G117/><T95/><D73/><U49/><E49/><V58/><F58/><W100/><G100/><T47/><N who="0" m="10240" /><DORA hai="99" /><T115/><D115/><U36/><REACH who="1" step="1"/><E36/><REACH who="1" ten="150,230,280,330" step="2"/><V28/><F132/><W135/><G135/><T106/><D77/><U96/><E96/><N who="2" m="59543" /><F134/><W16/><G68/><T25/><D106/><U127/><E127/><V7/><F7/><W65/><G61/><T122/><D122/><U62/><E62/><N who="2" m="36135" /><F86/><W93/><G31/><AGARI ba="0,1" hai="18,20,27,28,31,80,85,91" m="36135,59543" machi="31" ten="30,7700,0" yaku="8,1,52,2,54,1" doraHai="89,99" who="2" fromWho="3" sc="150,0,230,0,280,87,330,-77" owari="150,-35.0,230,-17.0,367,47.0,253,5.0" /></mjloggm>