<mjloggm ver="2.3"><GO type="41"/><UN n0="%EF%BC%88%E2%89%A7%E2%96%BD%E2%89%A6%EF%BC%89" n1="%6B%6B%30%39%32%31" n2="%E8%B6%85%E9%88%B4%E6%9C%A8" n3="%E3%81%93%E3%81%BE%E3%81%A3%E3%81%95%E3%82%93" dan="14,13,15,15" rate="2081,1846,2026,1987" sx="M,M,M,M"/><TAIKYOKU oya="0"/><INIT seed="0,0,0,0,5,135" ten="250,250,250,250" oya="0" hai0="23,46,102,33,132,5,86,7,74,111,59,124,36" hai1="127,42,40,63,10,109,39,2,88,1,17,61,30" hai2="25,54,119,118,53,87,51,4,129,47,45,99,13" hai3="126,69,104,66,15,134,14,29,89,27,97,121,108"/><T100/><D33/><U26/><E109/><V79/><F129/><W16/><G15/><T95/><D74/><U21/><E39/><V114/><F114/><W22/><G108/><T18/><D111/><U98/><E2/><V20/><F99/><W85/><G134/><T120/><D120/><U62/><E1/><V94/><F94/><W115/><G115/><T50/><D36/><U131/><E131/><V70/><F70/><W31/><G31/><T91/><D132/><U96/><E127/><V12/><F12/><W32/><G121/><T82/><D124/><U83/><E10/><V107/><F107/><W101/><G126/><T122/><D122/><U8/><E8/><V64/><F64/><W78/><G78/><T90/><D59/><U0/><E0/><V60/><F60/><W105/><G105/><T106/><D106/><U48/><E30/><V80/><F4/><N who="0" m="1610" /><D91/><U43/><E48/><V35/><F13/><W57/><G57/><T34/><D95/><U72/><E72/><V56/><F35/><W81/><REACH who="3" step="1"/><G66/><REACH who="3" step="2"/><T116/><D116/><U58/><E58/><V55/><F119/><W65/><G65/><T77/><D77/><U52/><REACH who="1" step="1"/><E52/><REACH who="1" step="2"/><N who="2" m="20075" /><F118/><W9/><G9/><T113/><D113/><U68/><E68/><AGARI ba="0,2" hai="14,16,22,27,29,32,68,69,81,85,89,97,101,104" machi="68" ten="40,5200,0" yaku="1,1,54,1,53,1" doraHai="135" doraHaiUra="103" who="3" fromWho="1" sc="250,0,240,-52,250,0,240,72" /><INIT seed="1,0,0,1,4,98" ten="250,188,250,312" oya="1" hai0="21,76,5,53,124,106,68,41,11,111,54,55,121" hai1="102,115,67,34,85,96,119,93,31,82,103,17,56" hai2="29,63,104,86,35,73,74,112,12,59,48,101,20" hai3="95,77,16,84,49,7,58,1,42,116,36,46,88"/><U79/><E119/><V130/><F35/><W69/><G116/><T131/><D68/><U62/><E115/><V44/><F112/><W87/><G69/><T97/><D124/><U72/><E31/><V105/><F130/><W13/><G1/><T113/><D113/><U126/><E34/><V25/><F86/><W60/><G7/><T19/><D131/><U129/><E129/><V99/><F104/><W23/><G36/><T6/><D121/><U122/><E122/><V52/><REACH who="2" step="1"/><F12/><REACH who="2" step="2"/><W45/><G77/><T4/><D76/><U26/><E72/><V2/><F2/><W27/><G13/><T92/><D106/><U64/><E126/><V66/><AGARI ba="0,1" hai="20,25,29,44,48,52,59,63,66,73,74,99,101,105" machi="66" ten="20,12000,2" yaku="1,1,0,1,7,1,52,1,54,1,53,1" doraHai="98" doraHaiUra="100" who="2" fromWho="2" sc="250,-30,188,-60,240,130,312,-30" /><INIT seed="2,0,0,1,0,102" ten="220,128,370,282" oya="2" hai0="119,70,62,110,19,2,125,128,3,14,130,33,109" hai1="40,116,13,96,122,56,118,20,31,8,135,66,97" hai2="95,115,64,18,28,84,60,22,126,90,36,93,10" hai3="133,94,54,67,86,47,61,29,52,132,46,9,26"/><V82/><F36/><W7/><G86/><T104/><D70/><U0/><E135/><N who="3" m="51786" /><G94/><T1/><D62/><U120/><E0/><V111/><F115/><W76/><G76/><T113/><D104/><U59/><E40/><V65/><F126/><W129/><G129/><N who="0" m="49771" /><D113/><U92/><E20/><V30/><F10/><W12/><G67/><N who="2" m="25673" /><F60/><W35/><G61/><T103/><D103/><U41/><E41/><V24/><F111/><N who="0" m="42506" /><D125/><U100/><E31/><AGARI ba="0,0" hai="18,22,24,28,30,31,82,84,90,93,95" m="25673" machi="31" ten="30,1500,0" yaku="8,1" doraHai="102" who="2" fromWho="1" sc="220,0,128,-15,370,15,282,0" /><INIT seed="2,1,0,3,0,33" ten="220,113,385,282" oya="2" hai0="9,125,103,43,102,105,76,99,25,34,110,29,121" hai1="10,36,88,114,120,52,27,108,49,84,90,45,86" hai2="135,40,132,129,1,38,3,30,58,72,63,7,98" hai3="22,107,8,97,126,71,106,16,44,104,39,100,78"/><V113/><F72/><W123/><G71/><T13/><D121/><U69/><E69/><V57/><F113/><W79/><G123/><T2/><D125/><U24/><E120/><V23/><F129/><W91/><G91/><T55/><D110/><U94/><E108/><V15/><F98/><W68/><G68/><T116/><D116/><U83/><E114/><V74/><F74/><W12/><G126/><T85/><D43/><U61/><E36/><V128/><F128/><W93/><G39/><T70/><D70/><U48/><E61/><V6/><F38/><W19/><REACH who="3" step="1"/><G44/><REACH who="3" step="2"/><T31/><D103/><U87/><E10/><V28/><F58/><W47/><G47/><T101/><D102/><U62/><E62/><V53/><F57/><W95/><G95/><T60/><D101/><U50/><E86/><V5/><F63/><W66/><G66/><T17/><D85/><U14/><E14/><AGARI ba="1,1" hai="8,12,14,16,19,22,78,79,93,97,100,104,106,107" machi="14" ten="40,8000,1" yaku="1,1,54,1,53,2" doraHai="33" doraHaiUra="75" who="3" fromWho="1" sc="220,0,113,-83,385,0,272,93" /><INIT seed="3,0,0,3,1,117" ten="220,30,385,365" oya="3" hai0="109,121,21,43,26,115,110,5,134,15,90,59,13" hai1="45,27,28,51,130,12,76,105,37,46,80,72,34" hai2="111,10,123,31,66,35,20,73,63,75,14,36,19" hai3="94,116,57,131,101,133,47,113,112,62,88,44,84"/><W0/><G0/><T132/><D43/><U70/><E130/><V16/><F36/><W50/><G116/><T56/><D90/><U41/><E12/><N who="0" m="4681" /><D115/><U97/><E70/><V25/><F111/><N who="0" m="42506" /><D5/><U135/><E135/><N who="0" m="51753" /><D121/><U61/><E61/><V39/><F39/><W49/><G133/><T55/><D55/><U22/><E22/><V42/><F42/><W64/><G131/><T91/><D91/><U122/><E122/><V17/><F17/><AGARI ba="0,0" hai="17,21,26,56,59" m="51753,42506,4681" machi="17" ten="30,2000,0" yaku="14,1,20,1" doraHai="117" who="0" fromWho="2" sc="220,20,30,0,385,-20,365,0" /><INIT seed="4,0,0,4,5,95" ten="240,30,365,365" oya="0" hai0="4,22,62,131,120,113,60,103,121,126,78,24,15" hai1="112,63,104,85,101,88,56,93,72,70,46,17,105" hai2="53,30,134,59,45,50,3,61,12,5,96,57,8" hai3="23,42,36,111,55,18,27,87,20,2,98,91,94"/><T76/><D103/><U11/><E72/><V54/><F134/><W1/><G111/><T31/><D121/><U130/><E70/><V48/><F30/><W86/><G42/><T0/><D120/><U122/><E122/><V128/><F128/><W102/><G36/><T133/><D133/><U75/><E75/><V51/><F51/><W116/><G86/><T21/><D131/><U100/><E130/><V64/><REACH who="2" step="1"/><F96/><REACH who="2" step="2"/><W107/><G116/><T115/><D126/><U19/><E112/><V108/><F108/><W89/><G89/><T29/><D115/><U124/><E124/><V114/><F114/><W81/><G107/><T110/><D113/><U39/><E104/><V77/><F77/><W135/><G135/><T16/><D110/><U34/><E34/><V41/><F41/><W40/><G40/><T73/><D31/><U119/><E119/><V32/><F32/><W6/><G6/><T35/><D76/><U127/><E127/><V106/><F106/><W37/><G37/><T71/><D71/><U79/><E79/><V38/><F38/><W33/><G33/><T25/><D78/><U123/><E123/><V9/><F9/><W10/><G10/><N who="0" m="2311" /><D73/><U47/><E39/><V109/><F109/><W84/><G84/><T80/><D35/><U125/><E125/><V58/><F58/><W129/><G129/><T44/><D29/><U7/><E105/><V82/><F82/><W65/><G81/><T14/><D80/><U26/><E56/><V49/><F49/><W68/><G68/><T90/><D90/><U117/><E88/><V67/><F67/><RYUUKYOKU ba="0,1" sc="240,-10,30,-10,355,30,365,-10" hai2="3,5,8,12,45,48,50,53,54,57,59,61,64" /><INIT seed="5,1,1,3,0,5" ten="230,20,385,355" oya="1" hai0="101,129,65,91,29,2,57,53,28,119,85,4,103" hai1="52,60,56,130,48,64,78,75,30,115,116,107,87" hai2="77,31,25,54,6,18,42,63,62,93,127,16,132" hai3="82,100,44,58,17,102,40,104,66,109,0,41,51"/><U34/><E75/><V118/><F118/><W114/><G109/><T35/><D119/><U135/><E107/><V59/><F42/><W32/><G32/><T76/><D129/><U37/><E37/><V19/><F127/><W39/><G0/><T49/><D76/><U122/><E122/><V131/><F131/><W88/><G114/><T128/><D128/><U125/><E130/><V112/><F132/><W134/><G104/><T26/><D29/><U46/><E116/><V20/><F77/><W47/><G134/><T108/><D108/><U24/><E135/><V69/><F112/><W67/><G17/><T123/><D123/><U70/><E115/><V8/><F69/><W11/><G11/><T90/><D65/><U71/><REACH who="1" step="1"/><E125/><REACH who="1" step="2"/><V7/><F63/><W105/><G105/><T98/><D49/><U79/><E79/><V1/><F62/><W36/><G51/><T113/><D113/><U12/><E12/><V23/><F1/><W121/><G121/><T92/><D2/><U55/><E55/><V120/><F120/><W81/><G58/><T61/><D53/><U126/><E126/><V38/><F38/><W72/><G72/><T84/><D57/><U94/><E94/><V80/><F93/><W27/><G27/><T10/><D61/><U22/><E22/><V110/><F23/><W68/><G68/><T14/><D98/><U50/><E50/><V13/><F110/><W96/><G96/><T33/><D35/><U74/><E74/><V9/><F54/><W117/><G117/><T124/><D124/><U43/><E43/><V73/><F73/><RYUUKYOKU ba="1,2" sc="230,10,10,10,385,-30,355,10" hai0="4,10,14,26,28,33,84,85,90,91,92,101,103" hai1="24,30,34,46,48,52,56,60,64,70,71,78,87" hai3="36,39,40,41,44,47,66,67,81,82,88,100,102" /><INIT seed="5,2,2,0,5,62" ten="240,20,355,365" oya="1" hai0="99,117,28,13,107,119,105,44,80,2,64,69,97" hai1="11,82,0,127,114,20,134,26,122,19,88,87,125" hai2="130,132,35,47,71,21,81,84,66,106,70,116,1" hai3="120,7,79,73,32,40,17,8,25,61,72,77,15"/><U126/><E122/><V95/><F35/><W56/><G120/><T91/><D2/><U33/><E114/><V52/><F106/><W128/><G40/><T112/><D112/><U34/><REACH who="1" step="1"/><E134/><REACH who="1" step="2"/><V118/><F132/><W49/><G128/><T30/><D119/><U50/><E50/><V5/><F130/><W83/><G49/><T121/><D117/><U115/><E115/><V54/><F118/><W24/><G32/><T48/><D121/><U104/><E104/><V96/><F116/><W14/><G72/><T58/><D107/><U123/><E123/><V131/><F131/><W59/><G73/><T46/><D105/><U111/><E111/><V43/><F1/><W38/><G38/><T6/><D48/><U60/><E60/><V3/><F3/><W133/><G133/><T129/><D129/><U102/><E102/><V10/><F43/><W92/><G61/><T67/><D46/><U4/><AGARI ba="2,3" hai="0,4,11,19,20,26,33,34,82,87,88,125,126,127" machi="4" ten="40,12000,1" yaku="1,1,0,1,18,1,54,1,53,1" doraHai="62" doraHaiUra="18" who="1" fromWho="1" sc="240,-42,10,156,355,-42,365,-42" /><INIT seed="5,3,0,4,4,31" ten="198,166,313,323" oya="1" hai0="100,53,107,132,95,120,1,47,117,119,82,104,83" hai1="71,22,108,131,87,57,90,18,124,41,65,45,86" hai2="27,15,102,13,33,96,127,133,9,75,35,111,43" hai3="81,89,116,14,128,4,26,44,0,38,55,85,69"/><U19/><E71/><V122/><F111/><W37/><G0/><T32/><D1/><U56/><E108/><V121/><F75/><W103/><G69/><T3/><D3/><U79/><E131/><V134/><F127/><W68/><G68/><T34/><D120/><U7/><E7/><V109/><F109/><W24/><G103/><T20/><D20/><U54/><E124/><V70/><F43/><W112/><G38/><T106/><D132/><N who="2" m="50794" /><F70/><W84/><G128/><T40/><D53/><U125/><E125/><V73/><F73/><W25/><G37/><T28/><D28/><U130/><E130/><V36/><F36/><W101/><G101/><T92/><D100/><U118/><E118/><N who="0" m="45065" /><D47/><U2/><E2/><V77/><F77/><W98/><G116/><T16/><D16/><N who="1" m="6187" /><E22/><V99/><F27/><W72/><G72/><T62/><D62/><N who="1" m="38087" /><E79/><V129/><F129/><W114/><G4/><T113/><D40/><U59/><E41/><V11/><F102/><W88/><G14/><N who="2" m="5129" /><F99/><W30/><G98/><T123/><D123/><N who="2" m="47114" /><F96/><W67/><G30/><T39/><D39/><U58/><E90/><V135/><F135/><W51/><G67/><T78/><D78/><U29/><E29/><V8/><AGARI ba="3,0" hai="8,9,11,33,35" m="47114,5129,50794" machi="8" ten="40,12000,2" yaku="28,2,20,1,34,2,52,2" doraHai="31" who="2" fromWho="2" sc="198,-33,166,-63,313,129,323,-33" /><INIT seed="6,0,0,4,4,110" ten="165,103,442,290" oya="2" hai0="25,119,44,57,67,26,49,68,90,7,24,102,61" hai1="8,64,58,112,30,5,130,46,9,127,71,85,134" hai2="82,63,96,122,77,66,133,83,107,74,117,116,94" hai3="109,1,14,13,95,101,89,53,50,28,16,17,4"/><V105/><F122/><W40/><G109/><T6/><D119/><U32/><E71/><V2/><F2/><W72/><G72/><T21/><D102/><U104/><E104/><V38/><F38/><W88/><G40/><N who="0" m="24711" /><D68/><U27/><E46/><V75/><F133/><W20/><G1/><T56/><D57/><U54/><E64/><V135/><F135/><W31/><G4/><N who="0" m="1579" /><D90/><N who="3" m="34921" /><G101/><T93/><D93/><U129/><E85/><V113/><F83/><W0/><G0/><T125/><D125/><U84/><E84/><V35/><F75/><W41/><G95/><T124/><D124/><U114/><E127/><V132/><F35/><W39/><G41/><T59/><D59/><U128/><E134/><V98/><F132/><W52/><G39/><T33/><D33/><U123/><E123/><V97/><F63/><W73/><G73/><T131/><D131/><U91/><E91/><V65/><F66/><W60/><G60/><T108/><D108/><U36/><E36/><V42/><F65/><W70/><G70/><T23/><AGARI ba="0,0" hai="21,23,24,25,26,56,61,67" m="1579,24711" machi="23" ten="30,1100,0" yaku="8,1" doraHai="110" who="0" fromWho="0" sc="165,11,103,-3,442,-5,290,-3" /><INIT seed="7,0,0,3,3,76" ten="176,100,437,287" oya="3" hai0="82,18,39,62,42,46,114,133,103,43,98,64,48" hai1="95,111,135,60,4,5,80,86,13,14,122,94,120" hai2="66,67,132,75,134,130,105,6,121,96,1,72,15" hai3="24,37,21,11,17,33,8,52,90,73,107,78,10"/><W118/><G37/><T26/><D133/><N who="2" m="51306" /><F1/><W32/><G107/><T53/><D114/><U19/><E135/><V57/><F121/><W28/><G90/><T56/><D82/><U30/><E111/><V93/><F105/><W31/><G52/><T23/><D39/><U12/><E30/><N who="3" m="11306" /><G78/><T128/><D128/><U45/><E19/><V54/><F130/><W85/><G85/><T0/><D0/><U29/><E29/><V89/><F15/><N who="3" m="7399" /><G73/><N who="2" m="28233" /><F6/><W3/><G118/><T27/><D27/><U112/><E112/><V119/><F119/><W124/><G124/><T83/><D42/><U47/><E13/><V20/><F20/><W99/><G99/><T40/><D43/><U129/><E86/><V79/><F79/><W117/><G117/><T109/><D40/><U41/><E41/><V125/><F125/><W108/><G108/><T87/><D109/><U65/><E129/><V116/><F116/><W101/><G101/><T49/><D49/><AGARI ba="0,0" hai="49,54,57,66,67,89,93,96" m="28233,51306" machi="49" ten="30,1000,0" yaku="20,1" doraHai="76" who="2" fromWho="0" sc="176,-10,100,0,437,10,287,0" owari="166,-23,100,-40,447,54,287,9" /></mjloggm>