<mjloggm ver="2.3"><GO type="97"/><UN n0="%E3%83%81%E3%83%83%E3%83%81%E3%83%A7%E3%83%AA%E3%83%BC%E3%83%8A" n1="%EF%BC%88%E2%89%A7%E2%96%BD%E2%89%A6%EF%BC%89" n2="%E3%81%BA%E3%81%93%E3%81%A1%E3%82%83%E3%82%93" n3="%E3%83%90%E3%83%83%E3%83%86%E3%83%B3" dan="14,15,13,14" rate="1927,1988,1858,1909" sx="F,M,M,M"/><TAIKYOKU oya="0"/><INIT seed="0,0,0,4,5,12" ten="250,250,250,250" oya="0" hai0="46,59,7,129,22,17,68,114,52,53,72,73,104" hai1="39,15,65,125,84,118,107,89,26,19,113,45,135" hai2="48,128,55,61,99,25,9,3,96,20,71,51,16" hai3="127,44,88,10,82,34,79,32,133,62,105,33,124"/><T109/><D104/><U106/><E125/><V74/><F74/><W40/><G105/><T94/><D68/><U64/><E118/><V117/><F117/><W91/><G133/><T8/><D114/><U11/><E113/><V121/><F121/><W13/><G62/><T132/><D132/><U111/><E135/><V93/><F99/><W123/><G123/><T126/><D126/><U4/><E111/><V27/><F27/><W58/><G58/><T1/><D109/><U41/><E107/><V66/><F128/><W95/><G95/><T86/><D129/><U103/><E103/><V60/><F60/><W92/><G127/><T21/><D21/><U83/><REACH who="1" step="1"/><E106/><REACH who="1" ten="250,240,250,250" step="2"/><V47/><F51/><W77/><G124/><T97/><D86/><U119/><E119/><V75/><F75/><W115/><G115/><T112/><D112/><U122/><E122/><V102/><F9/><W131/><G131/><T36/><D73/><U108/><E108/><V56/><REACH who="2" step="1"/><F3/><REACH who="2" ten="250,240,240,250" step="2"/><W76/><G82/><T6/><D72/><U101/><E101/><V14/><F14/><W37/><REACH who="3" step="1"/><G92/><REACH who="3" ten="250,240,240,240" step="2"/><T81/><D94/><U67/><E67/><V134/><F134/><W43/><G43/><T18/><D81/><U42/><E42/><V78/><F78/><W69/><G69/><AGARI ba="0,3" hai="16,20,25,47,48,55,56,61,66,69,71,93,96,102" machi="69" ten="40,8000,1" yaku="1,1,52,1,54,1,53,1" doraHai="12" doraHaiUra="63" who="2" fromWho="3" sc="250,0,240,0,240,110,240,-80" /><INIT seed="1,0,0,5,3,57" ten="250,240,350,160" oya="1" hai0="19,16,37,66,30,61,5,89,111,25,110,71,122" hai1="43,38,85,94,28,73,29,78,91,8,112,60,65" hai2="23,68,39,55,109,14,119,31,115,59,101,118,21" hai3="15,24,4,3,47,106,93,107,133,130,52,98,127"/><U1/><E112/><V134/><F68/><W102/><G3/><T70/><D37/><U87/><E73/><V2/><F39/><W103/><G133/><T33/><D122/><U45/><E1/><V121/><F2/><W90/><G130/><T128/><D128/><U96/><E8/><V74/><F74/><W126/><G24/><T46/><D46/><U0/><E0/><V17/><F134/><W132/><G132/><T99/><D5/><U80/><REACH who="1" step="1"/><E87/><REACH who="1" ten="250,230,350,160" step="2"/><V108/><F115/><W124/><G107/><T11/><D11/><U40/><E40/><V27/><F121/><W88/><G106/><T105/><D105/><U67/><E67/><V22/><F119/><W120/><G120/><T9/><D9/><U131/><E131/><V92/><F118/><W69/><G127/><T63/><D110/><U84/><E84/><V72/><F72/><W76/><G126/><T35/><D111/><U64/><E64/><V26/><F109/><W48/><G124/><T123/><D66/><U20/><E20/><V95/><F108/><W82/><G69/><AGARI ba="0,1" hai="28,29,38,43,45,60,65,69,78,80,85,91,94,96" machi="69" ten="30,5800,0" yaku="1,1,7,1,52,1,53,0" doraHai="57" doraHaiUra="34" who="1" fromWho="3" sc="250,0,230,68,350,0,160,-58" /><INIT seed="1,1,0,0,5,5" ten="250,298,350,102" oya="1" hai0="15,79,124,83,54,12,106,41,1,125,73,24,6" hai1="84,133,64,31,62,127,43,17,74,129,19,132,58" hai2="96,59,113,9,109,88,90,40,51,16,85,63,134" hai3="14,8,94,0,53,44,118,28,105,110,56,26,68"/><U97/><E74/><V23/><F109/><W112/><G110/><T50/><D106/><U101/><E127/><N who="0" m="48713" /><D41/><U35/><E43/><V42/><F134/><N who="1" m="51817" /><E129/><V95/><F51/><W71/><G118/><T107/><D107/><N who="1" m="63919" /><E84/><V93/><F113/><W25/><G105/><T119/><D24/><AGARI ba="1,0" hai="17,19,24,31,35,58,62,64" m="63919,51817" machi="24" ten="30,1500,0" yaku="20,1" doraHai="5" who="1" fromWho="0" sc="250,-18,298,18,350,0,102,0" /><INIT seed="1,2,0,3,1,118" ten="232,316,350,102" oya="1" hai0="34,71,26,103,58,129,89,6,29,27,131,82,81" hai1="86,51,135,37,84,85,97,64,0,49,15,87,65" hai2="78,46,100,38,11,92,124,105,42,7,115,110,18" hai3="28,68,117,10,31,61,83,53,30,9,33,32,75"/><U22/><E0/><N who="2" m="487" /><F18/><W120/><G117/><T57/><D71/><U126/><E37/><V107/><F92/><W55/><G75/><T36/><D36/><U41/><E135/><V23/><F23/><W35/><G83/><T74/><D103/><U114/><E114/><V111/><F115/><W90/><G90/><T56/><D6/><U122/><E126/><V91/><F91/><W2/><G2/><T94/><D27/><U3/><E3/><V43/><F43/><W39/><G39/><T101/><D101/><U133/><E133/><V73/><F124/><W52/><G120/><T62/><D62/><U14/><E97/><N who="2" m="61583" /><F107/><W72/><G72/><T44/><D44/><N who="1" m="25743" /><E87/><V8/><F8/><W108/><G108/><T121/><D121/><U25/><E122/><V17/><F17/><W134/><G134/><T128/><REACH who="0" step="1"/><D74/><REACH who="0" ten="222,316,350,102" step="2"/><U102/><E102/><V99/><F111/><W1/><REACH who="3" step="1"/><G1/><REACH who="3" ten="222,316,350,92" step="2"/><T20/><D20/><U40/><E22/><V13/><F110/><W12/><G12/><T106/><D106/><U123/><E14/><V88/><F13/><W109/><G109/><T125/><D125/><U95/><E15/><V104/><F73/><W59/><G59/><T79/><D79/><U47/><E123/><V130/><F78/><W50/><G50/><T54/><D54/><U66/><E25/><V93/><F104/><W4/><G4/><T67/><D67/><AGARI ba="2,2" hai="9,10,28,30,31,32,33,35,52,53,55,61,67,68" machi="67" ten="50,12000,2" yaku="1,1,29,2,54,1,53,3" doraHai="118" doraHaiUra="48" who="3" fromWho="0" sc="222,-126,316,0,350,0,92,146" /><INIT seed="2,0,0,3,5,109" ten="96,316,350,238" oya="2" hai0="46,61,115,40,91,8,133,2,32,110,63,90,19" hai1="31,65,74,45,59,67,84,49,42,81,96,82,88" hai2="28,4,39,6,134,76,77,72,26,78,119,99,85" hai3="128,68,24,36,13,114,34,120,73,89,112,135,48"/><V104/><F39/><W22/><G120/><T47/><D110/><U29/><E96/><V51/><F72/><W37/><G34/><T10/><D133/><U0/><E0/><V103/><F119/><W30/><G135/><T124/><D32/><U69/><E69/><V20/><F134/><W116/><G116/><T87/><D2/><U53/><E74/><V79/><F85/><W58/><G68/><T83/><D124/><U131/><E131/><V3/><F3/><W113/><G128/><T132/><D132/><U55/><E82/><V17/><N who="2" m="19968" /><DORA hai="102" /><V126/><F126/><W52/><G73/><T5/><D5/><U75/><E75/><V111/><F111/><W54/><G13/><T35/><D35/><U60/><REACH who="1" step="1"/><E53/><REACH who="1" ten="96,306,350,238" step="2"/><V97/><F97/><W7/><G7/><T118/><D118/><U66/><AGARI ba="0,1" hai="29,31,42,45,49,55,59,60,65,66,67,81,84,88" machi="66" ten="30,8000,1" yaku="1,1,2,1,0,1,8,1,54,1,53,0" doraHai="109,102" doraHaiUra="21,121" who="1" fromWho="1" sc="96,-20,306,90,350,-40,238,-20" /><INIT seed="3,0,0,2,0,103" ten="76,396,310,218" oya="3" hai0="2,90,9,11,71,125,133,45,1,47,17,26,36" hai1="135,131,21,59,85,62,19,4,78,75,35,88,94" hai2="68,101,41,118,65,87,130,6,99,83,111,70,115" hai3="34,109,106,64,10,89,98,120,33,31,46,37,96"/><W121/><G64/><T129/><D71/><U84/><E35/><V39/><F118/><W49/><G37/><T52/><D36/><U63/><E131/><V0/><F115/><W40/><G96/><T55/><D129/><U8/><E135/><V102/><F102/><W32/><G31/><T27/><D125/><U93/><E75/><V105/><F130/><W97/><G97/><T16/><REACH who="0" step="1"/><D90/><REACH who="0" ten="66,396,310,218" step="2"/><U116/><E88/><V13/><F70/><W132/><G89/><T114/><D114/><U126/><E126/><V112/><F68/><W108/><G132/><AGARI ba="0,1" hai="1,2,9,11,16,17,26,27,45,47,52,55,132,133" machi="132" ten="25,12000,2" yaku="1,1,22,2,54,2,53,2" doraHai="103" doraHaiUra="14" who="0" fromWho="3" sc="66,130,396,0,310,0,218,-120" owari="196,-20.0,396,49.0,310,11.0,98,-40.0" /></mjloggm>