<mjloggm ver="2.3"><GO type="41"/><UN n0="%E9%B3%A5%E7%BE%BD%E4%B8%80%E9%83%8E" n1="%E7%8F%BE%E4%BB%A3%E7%94%9F%E7%89%A9" n2="%40%E9%BE%8D" n3="%E3%82%A6%E3%83%AB%E3%83%88%E3%83%A9%E7%AB%8B%E7%9B%B4" dan="13,14,14,15" rate="1976,1906,1939,1984" sx="M,M,M,M"/><TAIKYOKU oya="0"/><INIT seed="0,0,0,1,3,3" ten="250,250,250,250" oya="0" hai0="54,109,71,5,89,23,43,67,17,103,6,133,114" hai1="112,13,86,96,78,37,25,26,65,56,55,105,10" hai2="32,117,59,2,126,99,81,121,16,119,36,18,84" hai3="50,7,111,93,131,14,77,130,41,64,22,100,102"/><T74/><D74/><U57/><E37/><V24/><F36/><W9/><G64/><T45/><D114/><U21/><E112/><V66/><F121/><W69/><G69/><T76/><D133/><U1/><E1/><V33/><F2/><W4/><G77/><T19/><D76/><U11/><E105/><V72/><F72/><W98/><G102/><T124/><D124/><U79/><E26/><V62/><F99/><W125/><G125/><T53/><D103/><U129/><E129/><N who="3" m="49162" /><G22/><T75/><D75/><U82/><E96/><V128/><F128/><W115/><G115/><T80/><D109/><U31/><E10/><V8/><F126/><W101/><G101/><T110/><D110/><U123/><E123/><V12/><F18/><N who="3" m="8527" /><G111/><T61/><D17/><N who="1" m="8383" /><E65/><V52/><F66/><W46/><AGARI ba="0,0" hai="4,7,41,46,50,93,98,100" m="8527,49162" machi="46" ten="30,4000,0" yaku="19,1,52,2" doraHai="3" who="3" fromWho="3" sc="250,-20,250,-10,250,-10,250,40" /><INIT seed="1,0,0,5,3,27" ten="230,240,240,290" oya="1" hai0="37,35,7,107,61,131,14,87,91,116,19,33,17" hai1="134,73,57,129,36,46,82,77,6,101,60,3,79" hai2="40,81,24,89,71,29,95,74,55,62,94,88,20" hai3="52,75,64,34,16,84,83,128,70,8,135,49,23"/><U72/><E101/><V124/><F124/><W13/><G75/><T132/><D37/><U118/><E118/><V50/><F74/><W22/><G34/><T41/><D116/><U31/><E79/><V56/><F71/><W45/><G128/><T85/><D41/><U15/><E3/><V105/><F105/><W78/><G135/><T110/><D107/><U102/><E102/><V2/><F2/><W30/><G30/><T125/><D125/><U93/><E134/><V113/><F113/><W42/><G64/><T112/><D132/><U96/><E129/><V28/><F28/><W58/><REACH who="3" step="1"/><G70/><REACH who="3" ten="230,240,240,280" step="2"/><T115/><D131/><U39/><E31/><V1/><F1/><W80/><G80/><T97/><D33/><U108/><E82/><V43/><F81/><W103/><G103/><T123/><D35/><U92/><E108/><V48/><F43/><W54/><G54/><T65/><D110/><U59/><E73/><V26/><F40/><W119/><G119/><T32/><D32/><U122/><E72/><V133/><F133/><W111/><G111/><T99/><D115/><U9/><E122/><V121/><F121/><W117/><G117/><T5/><D123/><U120/><E120/><V4/><F4/><W11/><G11/><T76/><D7/><U69/><E9/><V63/><F26/><W10/><G10/><T51/><D5/><U47/><E6/><V127/><F127/><W104/><G104/><T100/><D100/><U0/><E69/><V98/><F63/><AGARI ba="0,1" hai="8,13,16,22,23,42,45,49,52,58,63,78,83,84" machi="63" ten="30,8000,1" yaku="1,1,7,1,8,1,54,2,53,0" doraHai="27" doraHaiUra="86" who="3" fromWho="2" sc="230,0,240,0,240,-80,280,90" /><INIT seed="2,0,0,2,2,82" ten="230,240,160,370" oya="2" hai0="74,68,97,31,48,120,26,96,1,84,2,55,83" hai1="118,59,127,58,69,60,11,133,79,94,52,61,3" hai2="30,19,63,117,125,42,105,18,99,98,104,15,134" hai3="87,112,29,4,38,90,20,85,22,65,115,13,124"/><V8/><F117/><W36/><G65/><T103/><D68/><U135/><E118/><V111/><F111/><W0/><G0/><T21/><D120/><U67/><E79/><V33/><F134/><N who="1" m="51209" /><E94/><V109/><F109/><W86/><G90/><T5/><D74/><U7/><E127/><V73/><F73/><W122/><G122/><T91/><D5/><U39/><E39/><N who="3" m="14890" /><G29/><T56/><D97/><U106/><E106/><AGARI ba="0,0" hai="1,2,21,26,31,48,55,56,83,84,91,96,103,106" machi="106" ten="30,2000,0" yaku="7,1,52,1" doraHai="82" who="0" fromWho="1" sc="230,20,240,-20,160,0,370,0" /><INIT seed="3,0,0,4,3,61" ten="250,220,160,370" oya="3" hai0="79,100,76,31,85,75,16,122,120,132,62,54,97" hai1="37,127,25,109,9,59,92,48,121,113,10,95,53" hai2="27,40,107,34,2,69,29,111,101,42,7,98,50" hai3="52,5,12,15,128,41,64,6,45,119,99,106,14"/><W118/><G99/><T58/><D132/><U19/><E121/><V124/><F50/><W55/><G106/><T83/><D79/><U30/><E109/><V117/><F42/><W134/><G134/><T71/><D71/><U77/><E127/><V94/><F94/><W44/><G128/><T115/><D115/><U91/><E37/><V72/><F117/><W102/><G102/><T38/><D38/><U47/><E77/><V36/><F111/><W4/><G64/><T35/><D35/><U110/><E110/><V57/><F57/><W125/><G125/><T68/><D31/><U56/><E95/><V21/><F21/><W46/><REACH who="3" step="1"/><G41/><REACH who="3" ten="250,220,160,360" step="2"/><T65/><D122/><U67/><E113/><V108/><F108/><W73/><G73/><T32/><D75/><U0/><E67/><V89/><F89/><W131/><G131/><T63/><D120/><U78/><E53/><AGARI ba="0,1" hai="4,5,6,12,14,15,44,45,46,52,53,55,118,119" machi="53" ten="50,18000,2" yaku="1,1,29,2,28,2,54,1,53,0" doraHai="61" doraHaiUra="93" who="3" fromWho="1" sc="250,0,220,-180,160,0,360,190" /><INIT seed="3,1,0,4,1,51" ten="250,40,160,550" oya="3" hai0="58,104,115,116,16,110,17,15,125,126,19,124,33" hai1="67,18,41,46,24,57,96,90,98,93,130,83,70" hai2="68,42,23,106,59,62,135,100,63,43,134,102,64" hai3="120,109,5,8,1,75,118,79,128,0,78,103,50"/><W76/><G118/><T129/><D104/><U31/><E130/><V85/><F23/><W114/><G120/><T101/><D116/><U3/><E3/><V30/><F30/><W112/><G75/><T44/><D101/><U65/><E70/><V49/><F85/><W10/><G103/><T45/><D129/><U12/><E98/><V84/><F84/><W26/><G26/><T22/><D33/><U29/><E83/><V108/><F102/><W13/><G128/><T132/><D110/><U99/><E99/><V53/><F100/><W111/><G50/><T113/><D132/><N who="2" m="50730" /><F106/><W48/><G48/><T81/><D81/><U39/><E31/><V117/><F117/><W4/><REACH who="3" step="1"/><G13/><REACH who="3" ten="250,40,160,540" step="2"/><T94/><D15/><U91/><E91/><V97/><F97/><W133/><G133/><T74/><D74/><U131/><E131/><V86/><F86/><W55/><G55/><T60/><D94/><U52/><E24/><V121/><F121/><W9/><G9/><T69/><D22/><U61/><REACH who="1" step="1"/><E29/><REACH who="1" ten="250,30,160,540" step="2"/><V82/><F108/><AGARI ba="1,2" hai="0,1,4,5,8,10,76,78,79,108,109,111,112,114" machi="108" ten="40,12000,1" yaku="1,1,9,1,14,1,10,1,53,0" doraHai="51" doraHaiUra="92" who="3" fromWho="2" sc="250,0,30,0,160,-123,540,143" /><INIT seed="3,2,0,2,3,88" ten="250,30,37,683" oya="3" hai0="89,37,98,110,71,17,132,125,97,48,99,14,5" hai1="102,27,56,135,105,94,106,9,109,120,103,69,77" hai2="53,117,23,16,92,82,10,64,32,107,118,19,62" hai3="79,63,38,0,3,116,51,75,134,80,65,68,31"/><W72/><G116/><T61/><D37/><U58/><E69/><V47/><F107/><W111/><G134/><T44/><D110/><U55/><E58/><V59/><F32/><W96/><G75/><T50/><D5/><U70/><E70/><V85/><F118/><W22/><G51/><T122/><D122/><U133/><E120/><V84/><F117/><W127/><G22/><T91/><D132/><N who="1" m="50763" /><E109/><V36/><F36/><W60/><G60/><T2/><D2/><U26/><E77/><V101/><F10/><W100/><G38/><T13/><D50/><N who="1" m="30839" /><E9/><V35/><F35/><W43/><G111/><T8/><D61/><U95/><E105/><V33/><F33/><W67/><G67/><T112/><D71/><U34/><E106/><V28/><F28/><W121/><G121/><T29/><D29/><N who="1" m="19767" /><E27/><V126/><F126/><W54/><G127/><T123/><D125/><U21/><E21/><V113/><F113/><W40/><G31/><T81/><D123/><U6/><E6/><V130/><F130/><W128/><G128/><T114/><D14/><U129/><E129/><V66/><F66/><W124/><G124/><T93/><D114/><U20/><E20/><V74/><F74/><W7/><G54/><N who="0" m="29959" /><D112/><U41/><E41/><V115/><F115/><W57/><G68/><T76/><D76/><U49/><E49/><N who="2" m="28863" /><F82/><W86/><G72/><T46/><D46/><U39/><E39/><V12/><F19/><W25/><G43/><T15/><D15/><U73/><E73/><V104/><F104/><N who="3" m="63495" /><G40/><T52/><D52/><U30/><E30/><V18/><F18/><RYUUKYOKU ba="2,0" sc="250,10,30,10,37,10,683,-30" hai0="8,13,17,81,89,91,93,97,98,99" hai1="94,95,102,103" hai2="12,16,23,59,62,64,84,85,92,101" /><INIT seed="4,3,0,1,1,95" ten="260,40,47,653" oya="0" hai0="4,56,132,96,91,120,112,52,85,82,77,2,126" hai1="26,106,134,41,13,127,135,75,79,45,43,51,102" hai2="89,122,11,63,70,33,125,12,17,66,84,101,76" hai3="21,87,90,110,49,74,94,61,44,116,36,92,0"/><T40/><D120/><U131/><E127/><V27/><F122/><W30/><G0/><T99/><D112/><U35/><E131/><V34/><F125/><W86/><G74/><T60/><D126/><U53/><E79/><V97/><F76/><W29/><G36/><T23/><D132/><N who="1" m="50731" /><E75/><V9/><F9/><W42/><G110/><T83/><D40/><U88/><E13/><V24/><F24/><W133/><G133/><T130/><D130/><U18/><E106/><V22/><F89/><W73/><G73/><T128/><D128/><U62/><E102/><V118/><F84/><W14/><G116/><T39/><D39/><U121/><E62/><V32/><F118/><W117/><G117/><T124/><D124/><U25/><E121/><V7/><REACH who="2" step="1"/><F32/><REACH who="2" ten="260,40,37,653" step="2"/><W55/><G87/><BYE who="3" /><T113/><D113/><U71/><E35/><V47/><F47/><W119/><G119/><T6/><D2/><U38/><E38/><UN n3="%E3%82%A6%E3%83%AB%E3%83%88%E3%83%A9%E7%AB%8B%E7%9B%B4" /><V1/><F1/><W19/><G94/><AGARI ba="3,1" hai="7,11,12,17,22,27,33,34,63,66,70,94,97,101" machi="94" ten="30,7700,0" yaku="1,1,7,1,52,1,53,1" doraHai="95" doraHaiUra="5" who="2" fromWho="3" sc="260,0,40,0,37,96,653,-86" /><INIT seed="5,0,0,2,4,56" ten="260,40,133,567" oya="1" hai0="111,73,54,46,38,89,125,96,108,114,59,2,39" hai1="116,121,118,85,135,37,131,127,12,18,11,83,7" hai2="113,74,36,65,129,82,6,98,23,80,10,132,107" hai3="44,32,14,122,95,42,15,66,33,126,60,13,92"/><U61/><E121/><V20/><F36/><W19/><G126/><T86/><D73/><U16/><E127/><V26/><F132/><W100/><G19/><T58/><D125/><U104/><E104/><V68/><F129/><W84/><G95/><T99/><D2/><U1/><E37/><V120/><F120/><W97/><G84/><T34/><D34/><U130/><E135/><V119/><F119/><W45/><G122/><T41/><D39/><U5/><E5/><V124/><F124/><W25/><G42/><T64/><D114/><U21/><E18/><V47/><F47/><W106/><G92/><T53/><D64/><U78/><REACH who="1" step="1"/><E61/><REACH who="1" ten="260,30,133,567" step="2"/><V81/><F74/><W67/><G106/><T94/><D111/><U24/><E24/><V110/><F110/><W115/><G25/><T27/><D27/><U76/><E76/><V75/><F75/><W112/><G60/><T22/><D108/><U128/><AGARI ba="0,1" hai="1,7,11,12,16,21,78,83,85,116,118,128,130,131" machi="128" ten="30,12000,1" yaku="1,1,0,1,19,1,54,1,53,1" doraHai="56" doraHaiUra="77" who="1" fromWho="1" sc="260,-40,30,130,133,-40,567,-40" /><INIT seed="5,1,0,3,3,0" ten="220,160,93,527" oya="1" hai0="75,93,65,3,120,63,128,25,92,13,38,15,124" hai1="90,118,119,79,2,54,97,17,21,43,40,106,132" hai2="45,24,56,32,113,18,16,73,80,129,84,98,82" hai3="116,36,47,44,33,41,83,126,46,57,62,23,72"/><U67/><E79/><V6/><F129/><W28/><G33/><T77/><D38/><U55/><E67/><V12/><F113/><W103/><G116/><T9/><D128/><U60/><E2/><V104/><F73/><W49/><G126/><T76/><D124/><U4/><E55/><V14/><F104/><W1/><G1/><T42/><D42/><U101/><E132/><V130/><F130/><W107/><G103/><T70/><D120/><U71/><E90/><V131/><F131/><W85/><G107/><T87/><D75/><U30/><E30/><V22/><F98/><W48/><G72/><T19/><D3/><U58/><E71/><V112/><F32/><W7/><G36/><T64/><D64/><U125/><E125/><V123/><F123/><W109/><G109/><T133/><D25/><U89/><E89/><V52/><F45/><W121/><G121/><T10/><D133/><U114/><E114/><V135/><F135/><W81/><G49/><T34/><D34/><U127/><E127/><V68/><F68/><W95/><G95/><T108/><D108/><U8/><E119/><V29/><F112/><W78/><G83/><N who="2" m="31785" /><F84/><W26/><G7/><T105/><D105/><U37/><E118/><V94/><F94/><W39/><G39/><T31/><D93/><N who="1" m="58543" /><E37/><V96/><F96/><W69/><G69/><T122/><D122/><U50/><E106/><V11/><F14/><W88/><G78/><T99/><D77/><U91/><E91/><V35/><F35/><W100/><G100/><T27/><D76/><U111/><E111/><V102/><F102/><RYUUKYOKU ba="1,0" sc="220,-15,160,-15,93,15,527,15" hai2="6,11,12,16,18,22,24,29,52,56" hai3="23,26,28,41,44,46,47,48,57,62,81,85,88" /><INIT seed="6,2,0,3,3,41" ten="205,145,108,542" oya="2" hai0="50,107,95,90,58,19,135,42,81,80,4,114,78" hai1="87,110,65,101,12,53,39,103,130,24,55,128,99" hai2="84,122,118,86,52,10,37,76,124,25,129,97,48" hai3="77,119,13,5,127,88,115,9,60,69,66,126,64"/><V3/><F122/><W116/><G77/><T113/><D107/><U68/><E110/><V125/><F118/><W91/><G66/><T104/><D104/><U57/><E101/><V71/><F37/><W74/><G74/><T28/><D28/><U38/><E53/><V30/><F71/><W96/><G96/><T34/><D34/><U102/><E103/><V16/><F97/><W1/><G1/><T18/><D135/><U54/><E55/><V131/><F76/><W89/><REACH who="3" step="1"/><G115/><REACH who="3" ten="205,145,108,532" step="2"/><T6/><D78/><U79/><E65/><V67/><F67/><W120/><G120/><T72/><D72/><U73/><E68/><V108/><F108/><W11/><G11/><T70/><D70/><U117/><E73/><V98/><F98/><W21/><G21/><T49/><D114/><U32/><E99/><V20/><F3/><W8/><G8/><T85/><D113/><U15/><E32/><V133/><F133/><W17/><G17/><T61/><D19/><U123/><E123/><V92/><F10/><W31/><G31/><T40/><D18/><U134/><E134/><V46/><F30/><W26/><G26/><T105/><D6/><U83/><E24/><V62/><F62/><W27/><G27/><T56/><D4/><U82/><E79/><V51/><F51/><W63/><G63/><T47/><D105/><U59/><E38/><V94/><F86/><W132/><G132/><T112/><D61/><U44/><E87/><V100/><F84/><W14/><G14/><T45/><D112/><U0/><E15/><V121/><F121/><W35/><G35/><RYUUKYOKU ba="2,1" sc="205,15,145,-15,108,-15,532,15" hai0="40,42,45,47,49,50,56,58,80,81,85,90,95" hai3="5,9,13,60,64,69,88,89,91,116,119,126,127" /><INIT seed="7,3,1,5,3,82" ten="220,130,93,547" oya="3" hai0="97,25,91,115,4,98,6,15,114,110,10,0,79" hai1="69,90,14,33,80,13,7,103,121,31,32,42,27" hai2="133,100,49,106,68,76,131,39,56,125,104,81,74" hai3="43,122,45,105,89,101,112,34,18,55,109,28,26"/><W87/><G55/><T63/><D110/><U83/><E69/><V37/><F49/><W132/><G122/><T128/><D128/><U54/><E121/><V108/><F56/><W8/><G132/><T95/><D79/><U24/><E103/><V118/><F108/><W9/><G109/><T58/><D25/><U129/><E129/><V72/><F118/><W17/><G112/><N who="0" m="43051" /><D6/><U36/><E42/><V126/><F68/><W19/><G101/><T41/><D41/><U53/><E36/><V70/><F70/><W5/><G105/><T93/><D93/><U52/><E7/><V29/><F29/><W50/><REACH who="3" step="1"/><G5/><REACH who="3" ten="220,130,93,537" step="2"/><T75/><D75/><U16/><E33/><V119/><F119/><W94/><AGARI ba="3,2" hai="8,9,17,18,19,26,28,34,43,45,50,87,89,94" machi="94" ten="30,11700,0" yaku="1,1,2,1,0,1,52,1,53,0" doraHai="82" doraHaiUra="65" who="3" fromWho="3" sc="220,-42,130,-42,93,-42,537,146" owari="178,-2.0,88,-31.0,51,-45.0,683,78.0" /></mjloggm>