<mjloggm ver="2.3"><GO type="169"/><UN n0="%E6%96%B0%E8%B2%B4" n1="%E6%AD%A6%E5%A3%AB%E6%B2%A2%E7%A7%80%E8%A1%8C" n2="%EF%BC%88%E2%89%A7%E2%96%BD%E2%89%A6%EF%BC%89" n3="%E5%94%90%E6%8F%9A%E5%A4%A7%E5%A5%BD%E3%81%8D" dan="16,16,18,17" rate="2024,2082,2172,2169" sx="M,M,M,M"/><TAIKYOKU oya="0"/><INIT seed="0,0,0,5,1,125" ten="250,250,250,250" oya="0" hai0="75,122,47,2,84,79,25,30,6,87,116,88,26" hai1="15,5,83,97,52,110,19,74,28,107,81,66,73" hai2="72,78,49,99,12,128,102,21,60,41,16,120,104" hai3="9,95,135,98,65,127,54,56,18,33,51,39,93"/><T32/><D116/><U48/><E5/><V55/><F120/><W131/><G39/><T8/><D122/><U53/><E28/><V68/><F41/><W20/><G33/><T111/><D111/><U105/><E66/><V43/><F43/><W90/><G127/><T44/><D75/><U23/><E110/><V77/><F72/><W86/><G135/><T106/><D106/><U58/><E107/><V112/><F112/><W29/><G65/><T130/><D130/><U85/><E83/><V17/><F128/><W34/><G34/><T37/><D37/><U40/><E40/><V36/><F36/><W3/><G29/><T42/><D42/><U71/><E71/><V61/><F17/><W57/><G131/><T59/><D59/><U117/><E117/><V7/><F7/><W123/><G123/><T96/><D26/><U103/><REACH who="1" step="1"/><E53/><REACH who="1" ten="250,240,250,250" step="2"/><V115/><F68/><W22/><G3/><T1/><D1/><U101/><E101/><V76/><REACH who="2" step="1"/><F115/><REACH who="2" ten="250,240,240,250" step="2"/><W119/><G119/><T126/><D126/><U91/><AGARI ba="0,2" hai="15,19,23,48,52,58,73,74,81,85,91,97,103,105" machi="91" ten="20,8000,1" yaku="1,1,0,1,7,1,54,1,53,1" doraHai="125" doraHaiUra="10" who="1" fromWho="1" sc="250,-40,240,100,240,-20,250,-20" /><INIT seed="1,0,0,1,1,44" ten="210,340,220,230" oya="1" hai0="36,124,129,26,41,120,18,75,1,81,61,77,47" hai1="103,112,3,76,42,96,119,85,0,6,25,14,23" hai2="43,127,130,46,13,135,116,62,58,121,56,100,94" hai3="132,117,68,78,31,79,84,86,69,105,50,51,29"/><U71/><E71/><V63/><F121/><W66/><G66/><T38/><D120/><U95/><E112/><V97/><F116/><W15/><G117/><T102/><D129/><U101/><E119/><V70/><F130/><W22/><G15/><T88/><D124/><U82/><E101/><V48/><F135/><W87/><G132/><T4/><D102/><U24/><E25/><V133/><F133/><W40/><G105/><T54/><D26/><U52/><E42/><V34/><F127/><W91/><G91/><T74/><D18/><U8/><E52/><V57/><F34/><W9/><G9/><T128/><D128/><U5/><E5/><V107/><F70/><N who="3" m="27243" /><G40/><T113/><D113/><U37/><REACH who="1" step="1"/><E37/><REACH who="1" ten="210,330,220,230" step="2"/><V115/><F115/><W33/><G33/><T110/><D38/><U99/><E99/><V118/><F118/><W109/><G109/><T126/><D110/><U83/><E83/><V104/><F104/><W53/><G53/><T35/><D126/><U89/><E89/><V45/><F107/><W30/><G22/><T72/><D35/><U125/><E125/><V64/><F63/><W10/><G10/><N who="0" m="2319" /><D88/><U98/><E98/><V39/><F39/><W11/><G11/><T92/><D61/><U134/><E134/><V106/><F106/><W90/><G90/><T65/><D54/><U21/><E21/><V131/><F131/><W20/><G20/><T2/><D72/><U123/><E123/><V122/><F122/><W19/><G19/><AGARI ba="0,1" hai="0,3,6,8,14,19,23,24,76,82,85,95,96,103" machi="19" ten="30,2900,0" yaku="1,1,7,1,53,0" doraHai="44" doraHaiUra="67" who="1" fromWho="3" sc="210,0,330,39,220,0,230,-29" /><INIT seed="1,1,0,0,4,3" ten="210,369,220,201" oya="1" hai0="45,1,78,97,101,49,106,121,127,19,74,44,9" hai1="133,117,30,64,57,75,28,126,112,108,41,36,53" hai2="110,56,8,38,21,11,86,131,82,13,26,52,29" hai3="92,10,12,7,90,14,51,99,61,27,18,25,20"/><U111/><E117/><V69/><F69/><W124/><G124/><T122/><D127/><U73/><E126/><V95/><F131/><W63/><G51/><T22/><D78/><U67/><E112/><V62/><F110/><N who="1" m="42025" /><E133/><V6/><F38/><W80/><G80/><T107/><D74/><N who="1" m="28171" /><E41/><V125/><F125/><W39/><REACH who="3" step="1"/><G39/><REACH who="3" ten="210,369,220,191" step="2"/><T47/><D122/><U23/><E36/><V76/><F95/><W42/><G42/><T16/><D121/><U37/><E37/><V59/><F59/><W116/><G116/><T109/><D107/><U60/><E23/><V33/><REACH who="2" step="1"/><F11/><REACH who="2" ten="210,369,210,191" step="2"/><W55/><G55/><T32/><D109/><U54/><E54/><V24/><F24/><AGARI ba="1,2" hai="7,10,12,14,18,20,24,25,27,61,63,90,92,99" machi="24" ten="40,5200,0" yaku="1,1,8,1,52,1,53,0" doraHai="3" doraHaiUra="46" who="3" fromWho="2" sc="210,0,369,0,210,-55,191,75" /><INIT seed="2,0,0,4,2,125" ten="210,369,155,266" oya="2" hai0="107,80,83,127,39,119,0,66,5,95,100,32,23" hai1="128,54,34,122,51,60,24,14,109,132,73,123,50" hai2="1,67,120,115,106,57,105,75,6,33,133,26,87" hai3="19,40,111,42,65,135,22,29,53,44,98,74,82"/><V37/><F87/><W78/><G135/><T45/><D32/><U91/><E132/><V90/><F90/><W10/><G111/><T114/><D107/><N who="2" m="40970" /><F57/><W11/><G65/><T121/><D114/><U63/><E109/><V17/><F17/><W43/><G98/><T2/><D121/><U71/><E91/><V21/><F21/><W30/><G53/><T92/><D66/><U79/><E54/><V94/><F94/><W70/><G70/><T126/><D23/><U61/><E71/><V49/><F49/><W124/><G124/><N who="0" m="47659" /><D119/><U12/><E51/><V4/><F133/><W68/><G68/><T86/><D83/><U47/><E50/><V7/><F37/><W88/><G88/><N who="0" m="51271" /><D5/><U110/><E110/><V103/><F120/><W99/><G99/><N who="0" m="59495" /><D95/><U69/><E123/><V81/><F115/><W13/><REACH who="3" step="1"/><G44/><REACH who="3" ten="210,369,155,256" step="2"/><T28/><D28/><AGARI ba="0,1" hai="10,11,13,19,22,28,29,30,40,42,43,74,78,82" machi="28" ten="40,5200,0" yaku="1,1,2,1,53,1" doraHai="125" doraHaiUra="9" who="3" fromWho="0" sc="210,-52,369,0,155,0,256,62" /><INIT seed="3,0,0,3,5,87" ten="158,369,155,318" oya="3" hai0="94,127,86,99,90,88,43,12,116,41,84,38,77" hai1="56,132,22,27,25,82,113,118,20,54,21,53,17" hai2="67,52,95,134,97,89,130,68,61,29,44,64,71" hai3="4,117,8,18,0,101,128,45,106,72,104,3,80"/><W15/><G117/><T79/><D116/><U31/><E113/><V115/><F115/><W16/><G128/><T35/><D35/><U111/><E118/><V36/><F130/><W10/><G45/><T107/><D38/><U24/><E111/><V13/><F134/><W124/><G124/><T92/><D127/><U49/><E132/><V39/><F29/><W69/><G69/><T63/><D107/><U60/><E82/><V100/><F13/><W32/><G32/><T125/><D125/><U135/><E135/><V70/><F100/><W55/><G55/><T51/><D63/><U2/><E2/><V65/><REACH who="2" step="1"/><F61/><REACH who="2" ten="158,369,145,318" step="2"/><W108/><G101/><N who="0" m="60647" /><D12/><U26/><REACH who="1" step="1"/><E31/><REACH who="1" ten="158,359,145,318" step="2"/><V28/><F28/><W123/><G108/><T62/><D62/><U93/><E93/><V122/><F122/><W121/><G123/><T40/><D51/><AGARI ba="0,2" hai="36,39,44,51,52,64,65,67,68,70,71,89,95,97" machi="51" ten="50,6400,0" yaku="1,1,52,1,54,1,53,0" doraHai="87" doraHaiUra="59" who="2" fromWho="0" sc="158,-64,359,0,145,84,318,0" /><INIT seed="4,0,0,0,2,41" ten="94,359,229,318" oya="0" hai0="133,94,51,26,121,29,46,36,4,84,21,15,93" hai1="30,106,102,17,19,31,37,42,9,86,22,117,20" hai2="74,111,118,72,112,24,100,107,16,73,14,10,96" hai3="54,56,47,123,101,116,35,109,25,81,49,48,130"/><T55/><D121/><U3/><E117/><V63/><F111/><W7/><G116/><T95/><D133/><U134/><E134/><V39/><F118/><W68/><G68/><T128/><D128/><U27/><E106/><V89/><F112/><W52/><G109/><T1/><D1/><U131/><E102/><V92/><F39/><W13/><G130/><T53/><D36/><U11/><E86/><V90/><F63/><W83/><G123/><T43/><REACH who="0" step="1"/><D84/><REACH who="0" ten="84,359,229,318" step="2"/><U71/><E37/><V115/><F115/><W98/><G35/><T87/><D87/><U18/><E131/><V33/><REACH who="2" step="1"/><F107/><REACH who="2" ten="84,359,219,318" step="2"/><W79/><G79/><T45/><D45/><U82/><E3/><V125/><F125/><W66/><G47/><T77/><D77/><U135/><E135/><V129/><F129/><W97/><G83/><T0/><D0/><U69/><E82/><V122/><F122/><W80/><G81/><T85/><D85/><U58/><E58/><V8/><F8/><AGARI ba="0,2" hai="4,8,15,21,26,29,43,46,51,53,55,93,94,95" machi="8" ten="40,7700,0" yaku="1,1,8,1,52,1,53,0" doraHai="41" doraHaiUra="59" who="0" fromWho="2" sc="84,97,359,0,219,-77,318,0" /><INIT seed="4,1,0,4,1,25" ten="181,359,142,318" oya="0" hai0="95,110,28,65,121,117,21,26,56,64,17,31,36" hai1="132,38,91,108,76,134,30,12,135,75,33,73,34" hai2="52,62,47,113,102,45,80,98,9,11,20,122,0" hai3="111,86,2,7,61,18,16,24,19,43,92,87,106"/><T57/><D117/><U119/><E119/><V58/><F122/><W3/><G106/><T74/><D121/><U120/><E120/><V89/><F113/><W126/><G111/><T51/><D36/><U35/><E38/><V60/><F60/><W70/><G126/><T79/><D110/><U124/><E108/><V53/><F20/><W63/><G43/><T49/><D95/><U50/><E124/><V112/><F112/><W81/><G92/><T97/><D97/><U46/><E91/><V54/><F0/><W123/><G123/><T88/><D88/><U129/><E129/><V72/><F72/><N who="1" m="27721" /><E12/><V116/><F116/><W114/><G114/><T8/><D79/><U27/><E76/><V94/><F47/><W130/><G130/><T23/><D74/><U84/><E84/><N who="2" m="50311" /><F45/><W104/><G104/><T82/><D82/><U37/><E37/><V93/><F94/><W107/><G107/><T69/><D69/><U127/><E127/><V78/><F78/><W1/><G7/><T105/><D105/><U133/><E133/><V13/><F9/><W118/><G118/><T100/><D100/><U131/><E131/><V125/><F125/><W42/><G42/><AGARI ba="1,0" hai="27,30,33,34,35,42,46,50,132,134,135" m="27721" machi="42" ten="40,2600,0" yaku="20,1,52,1" doraHai="25" who="1" fromWho="3" sc="181,0,359,29,142,0,318,-29" /><INIT seed="5,0,0,4,3,41" ten="181,388,142,289" oya="1" hai0="112,99,115,16,132,102,81,26,29,48,122,96,126" hai1="63,106,7,130,91,134,97,44,24,77,1,42,56" hai2="50,66,78,4,75,53,9,116,58,30,100,43,59" hai3="123,71,22,57,70,13,84,15,60,68,86,49,83"/><U45/><E130/><V110/><F116/><W21/><G123/><T108/><D108/><U20/><E134/><V65/><F110/><W104/><G104/><T107/><D132/><U38/><E77/><V114/><F114/><N who="0" m="43562" /><D122/><U98/><E106/><V0/><F100/><W135/><G135/><T69/><D69/><U103/><E103/><V92/><F92/><W64/><G49/><T3/><D3/><U6/><E1/><V36/><F30/><W119/><G119/><T54/><D99/><N who="1" m="37899" /><E42/><V55/><F78/><W67/><G67/><T10/><D81/><U52/><E91/><V11/><F11/><W128/><G128/><T131/><D131/><U40/><E40/><V85/><F75/><W62/><G62/><T14/><D126/><U125/><E38/><V120/><F120/><W51/><G51/><T94/><D107/><U95/><E95/><V33/><F33/><W113/><G113/><T23/><D48/><U118/><E118/><V18/><F85/><W35/><G35/><N who="0" m="20919" /><D54/><U74/><E74/><V82/><F82/><W79/><REACH who="3" step="1"/><G86/><REACH who="3" ten="181,388,142,279" step="2"/><T109/><D109/><U5/><E125/><V87/><F87/><W46/><G46/><T19/><D23/><AGARI ba="0,1" hai="13,15,21,22,23,57,60,64,68,70,71,79,83,84" machi="23" ten="40,1300,0" yaku="1,1,53,0" doraHai="41" doraHaiUra="12" who="3" fromWho="0" sc="181,-13,388,0,142,0,279,23" /><INIT seed="6,0,0,2,4,24" ten="168,388,142,302" oya="2" hai0="77,15,22,123,117,67,81,3,21,39,83,65,58" hai1="38,28,109,122,12,20,125,112,119,8,52,41,116" hai2="54,126,104,63,127,128,111,47,110,134,120,14,55" hai3="60,5,75,56,53,19,84,44,96,129,4,13,50"/><V48/><F104/><W89/><G75/><T30/><D3/><U59/><E122/><V106/><F106/><W57/><G129/><T11/><D39/><U18/><E125/><N who="2" m="47627" /><F14/><W1/><G1/><T0/><D123/><U72/><E112/><V6/><F6/><W88/><G96/><T64/><D0/><U66/><E109/><N who="2" m="41483" /><F120/><W107/><G107/><T87/><D117/><U26/><E72/><V108/><N who="2" m="41491" /><V9/><DORA hai="91" /><F9/><N who="3" m="6575" /><G89/><T36/><D36/><U10/><E10/><V132/><F128/><W23/><G23/><N who="0" m="8715" /><D83/><U92/><E119/><V32/><F32/><W85/><G85/><T130/><D130/><U17/><E116/><V98/><F98/><W33/><G33/><T51/><D51/><U31/><E8/><V90/><F90/><W121/><G121/><T102/><D102/><U86/><E12/><V16/><F16/><W114/><G114/><T99/><D99/><U131/><E17/><V69/><F69/><W101/><G101/><T78/><D77/><U74/><E131/><V135/><F63/><W71/><G71/><T25/><D11/><U34/><E18/><V40/><AGARI ba="0,0" hai="40,47,48,54,55,132,134,135" m="41491,47627" machi="40" ten="50,12000,1" yaku="20,1,18,1,10,1,34,2" doraHai="24,91" who="2" fromWho="2" sc="168,-40,388,-40,142,120,302,-40" /><INIT seed="6,1,0,3,2,109" ten="128,348,262,262" oya="2" hai0="50,17,118,70,78,80,35,122,20,123,3,22,127" hai1="58,14,96,105,68,45,67,132,130,13,135,102,2" hai2="110,75,5,28,25,16,47,69,114,115,62,48,111" hai3="38,34,92,71,37,100,65,106,86,84,55,124,7"/><V59/><F75/><W1/><G34/><T98/><D70/><U63/><E130/><V46/><F69/><W107/><G124/><T117/><D35/><U18/><E2/><V73/><F73/><W64/><G1/><T93/><D3/><U91/><E68/><V33/><F5/><W43/><G71/><T121/><D50/><U74/><E74/><V77/><F77/><W10/><G7/><T88/><D127/><U94/><E45/><N who="2" m="16907" /><F48/><W60/><G10/><T134/><D134/><N who="1" m="51243" /><E18/><V82/><F82/><W90/><G43/><T44/><D44/><U104/><E104/><V9/><F16/><W11/><G11/><T128/><D128/><U6/><E6/><V4/><F9/><W12/><G12/><T42/><D42/><U0/><E0/><V103/><F103/><W36/><G100/><T101/><D17/><U108/><E108/><N who="2" m="41515" /><F4/><W31/><G31/><T21/><REACH who="0" step="1"/><D101/><REACH who="0" ten="118,348,262,262" step="2"/><U30/><E30/><V53/><AGARI ba="1,1" hai="25,28,33,53,59,62,114,115" m="41515,16907" machi="53" ten="30,6000,0" yaku="10,1,52,2" doraHai="109" who="2" fromWho="2" sc="118,-21,348,-21,262,73,262,-21" /><INIT seed="6,2,0,5,1,46" ten="97,327,335,241" oya="2" hai0="40,93,45,4,122,68,59,2,24,55,20,53,80" hai1="121,97,123,23,37,15,135,101,13,82,47,96,35" hai2="10,124,84,103,16,51,83,36,49,104,100,126,75" hai3="85,19,7,125,6,27,66,94,90,12,22,57,76"/><V98/><F36/><W69/><G125/><N who="2" m="48233" /><F75/><W79/><G69/><T5/><D68/><U86/><E35/><V3/><F100/><W72/><G72/><T28/><D122/><N who="1" m="46603" /><E135/><V61/><F61/><W128/><G128/><T116/><D116/><U91/><E23/><V67/><F67/><W112/><G112/><T64/><D2/><U34/><E34/><V58/><F58/><W52/><G66/><T118/><D118/><U1/><E1/><V134/><F134/><W43/><G43/><T8/><D80/><U25/><E25/><V81/><F81/><W0/><G0/><T18/><D64/><U38/><E97/><V129/><F129/><W95/><G95/><T132/><D132/><U113/><E113/><V44/><F44/><W105/><G105/><T99/><D28/><U9/><E47/><V31/><F31/><W106/><G106/><T110/><D110/><U133/><E133/><V48/><F3/><W54/><G27/><T11/><D11/><U109/><E109/><V17/><F10/><W60/><G54/><T131/><D131/><U26/><E26/><V70/><F70/><W56/><G56/><T92/><D92/><N who="1" m="58503" /><E9/><V32/><F32/><W119/><G119/><T87/><D87/><U130/><E130/><V29/><F29/><W65/><G65/><T39/><D8/><U111/><E111/><V77/><AGARI ba="2,0" hai="16,17,48,49,51,77,83,84,98,103,104" m="48233" machi="77" ten="30,12000,1" yaku="18,1,52,3,54,1" doraHai="46" who="2" fromWho="2" sc="97,-42,327,-42,335,126,241,-42" /><INIT seed="6,3,0,2,0,99" ten="55,285,461,199" oya="2" hai0="68,49,82,87,65,43,14,96,102,74,28,119,121" hai1="25,123,4,97,50,63,55,17,107,106,127,3,7" hai2="124,110,44,109,1,26,108,79,10,112,41,128,46" hai3="84,134,38,59,69,103,95,125,6,76,81,52,0"/><V23/><F112/><W92/><G69/><T48/><D121/><U56/><E123/><V32/><F124/><W130/><G38/><T61/><D74/><U21/><E127/><V16/><F128/><W94/><G125/><T83/><D119/><U36/><E36/><V39/><F79/><W113/><G130/><T88/><D28/><U120/><E120/><V64/><F64/><W104/><G134/><T118/><D118/><U58/><E3/><V67/><F67/><W129/><G129/><T19/><D82/><U131/><E131/><V53/><F32/><W115/><G104/><T37/><D43/><U93/><E107/><V20/><F23/><W111/><G111/><T117/><D37/><U71/><E106/><V42/><F53/><W90/><G6/><T13/><D117/><U8/><E8/><V126/><F126/><W40/><G0/><T100/><D96/><U86/><E86/><V29/><F1/><W73/><G40/><N who="2" m="15465" /><F39/><W75/><G52/><T51/><REACH who="0" step="1"/><D14/><AGARI ba="3,0" hai="10,14,16,20,26,29,44,46,108,109,110" m="15465" machi="14" ten="40,3900,0" yaku="10,1,54,1" doraHai="99" who="2" fromWho="0" sc="55,-48,285,0,461,48,199,0" /><INIT seed="6,4,0,3,4,95" ten="7,285,509,199" oya="2" hai0="68,58,20,64,123,133,8,40,90,0,87,112,109" hai1="62,16,117,4,79,5,47,94,48,34,135,42,33" hai2="84,73,41,96,60,88,54,101,86,56,12,55,13" hai3="75,83,120,127,114,39,28,85,80,92,52,132,21"/><V69/><F73/><W31/><G120/><T82/><D109/><U27/><E117/><V125/><F125/><W129/><G39/><T26/><D123/><U61/><E135/><V57/><F69/><W76/><G132/><T25/><D133/><U36/><E36/><V111/><F41/><W1/><G1/><T9/><D68/><U134/><E134/><V97/><F111/><W6/><G127/><T128/><D0/><U18/><E79/><V72/><F72/><W116/><G116/><T29/><D112/><U93/><E34/><V124/><F124/><W44/><G129/><T118/><D128/><U126/><E126/><V70/><F70/><W105/><G105/><T53/><D118/><U91/><E94/><N who="2" m="54551" /><F84/><W45/><G114/><T30/><D64/><U23/><E33/><V65/><F101/><W51/><G6/><N who="1" m="2666" /><E18/><V7/><F65/><W113/><G113/><T63/><D40/><U37/><E37/><V107/><F107/><W89/><G80/><T104/><D104/><U108/><E108/><V66/><F66/><W81/><G81/><T110/><D110/><U3/><E3/><V10/><F13/><W19/><REACH who="3" step="1"/><G44/><REACH who="3" ten="7,285,509,189" step="2"/><T130/><D130/><U50/><E47/><V15/><F7/><W121/><G121/><T46/><D46/><U74/><E74/><V59/><F59/><W24/><AGARI ba="4,1" hai="19,21,24,28,31,45,51,52,75,76,83,85,89,92" machi="24" ten="20,5200,0" yaku="1,1,0,1,7,1,54,1,53,0" doraHai="95" doraHaiUra="32" who="3" fromWho="3" sc="7,-17,285,-17,509,-30,189,74" owari="-10,-51.0,268,7.0,479,58.0,263,-14.0" /></mjloggm>