<mjloggm ver="2.3"><GO type="169" lobby="0"/><UN n0="%E8%B6%85%E3%83%92%E3%83%A2%E3%83%AA%E3%83%AD" n1="%EF%BC%88%E2%89%A7%E2%96%BD%E2%89%A6%EF%BC%89" n2="%E5%B8%B8%E7%A3%90%E7%B7%9A%E7%89%B9%E5%88%A5%E5%BF%AB%E9%80%9F" n3="%E3%83%9D%E3%83%B3%E5%8A%A9" dan="17,17,17,17" rate="2174.98,2119.57,2148.79,2155.97" sx="F,M,F,M"/><TAIKYOKU oya="0"/><INIT seed="0,0,0,1,1,133" ten="250,250,250,250" oya="0" hai0="119,53,59,32,85,7,99,6,15,83,82,102,129" hai1="36,111,89,54,113,24,94,22,107,73,130,29,61" hai2="33,96,2,98,11,68,40,41,19,35,126,91,109" hai3="80,27,50,31,134,132,124,42,71,115,79,30,4"/><T110/><D119/><U52/><E73/><V58/><F68/><W67/><G115/><T62/><D32/><U26/><E107/><V56/><F109/><W43/><G4/><T44/><D110/><U45/><E111/><V66/><F19/><W103/><G103/><T131/><D44/><U16/><E113/><V105/><F91/><W93/><G93/><T64/><D64/><U104/><E104/><V55/><F55/><W60/><G31/><T100/><D82/><U13/><E130/><N who="0" m="49673" /><D15/><U117/><E117/><V78/><F105/><W128/><G128/><T28/><D28/><U95/><E95/><V118/><F78/><W125/><G50/><T97/><D100/><U9/><E61/><V77/><F77/><W116/><G116/><T39/><D39/><U90/><E26/><V87/><F2/><W48/><G48/><T127/><D127/><N who="3" m="48713" /><G134/><T51/><D51/><N who="1" m="28783" /><E36/><V92/><F92/><W20/><G132/><T86/><D99/><N who="1" m="57807" /><E54/><V63/><F126/><W101/><G101/><T70/><D70/><U123/><E123/><V34/><F98/><W114/><G114/><T1/><D1/><U106/><E106/><V72/><F96/><W38/><G38/><T10/><D102/><U112/><E112/><V108/><F108/><W81/><G81/><T12/><D97/><U88/><AGARI ba="0,0" hai="9,13,16,22,24,29,88,90" m="57807,28783" machi="88" ten="30,7900,0" yaku="8,1,54,3" doraHai="133" who="1" fromWho="1" sc="250,-39,250,79,250,-20,250,-20" /><INIT seed="1,0,0,4,1,3" ten="211,329,230,230" oya="1" hai0="112,131,119,18,25,77,65,50,128,2,41,129,121" hai1="135,97,68,27,108,13,70,56,76,44,125,38,8" hai2="52,49,93,55,61,58,72,100,99,84,127,45,92" hai3="42,43,17,86,81,54,88,71,114,105,16,26,116"/><U46/><E125/><V34/><F127/><W90/><G114/><T20/><D112/><U7/><E135/><V67/><F72/><W80/><G71/><T118/><D121/><U12/><E108/><V79/><F34/><W0/><G0/><T96/><D65/><U59/><E70/><V35/><F35/><W4/><G105/><T74/><D96/><U124/><E68/><V102/><F79/><W78/><G116/><T132/><D132/><U31/><E124/><V134/><F134/><W11/><G54/><T40/><D2/><U9/><E76/><V33/><F33/><W23/><G17/><T60/><D60/><U15/><E97/><N who="2" m="59431" /><F84/><W69/><G69/><T63/><D63/><U101/><E101/><V24/><F24/><W110/><G110/><T123/><D123/><U133/><E133/><V30/><F30/><W120/><G120/><T117/><REACH who="0" step="1"/><D50/><REACH who="0" ten="201,329,230,230" step="2"/><U95/><E38/><V89/><F102/><W104/><G104/><T5/><D5/><U47/><E7/><V91/><F91/><W126/><G126/><T48/><D48/><U21/><REACH who="1" step="1"/><E95/><REACH who="1" ten="201,319,230,230" step="2"/><V10/><F93/><W82/><G90/><T113/><D113/><U111/><E111/><V87/><F89/><W36/><G36/><T37/><D37/><U57/><AGARI ba="0,2" hai="8,9,12,13,15,21,27,31,44,46,47,56,57,59" machi="57" ten="40,12000,1" yaku="1,1,0,1,29,2,8,1,53,0" doraHai="3" doraHaiUra="115" who="1" fromWho="1" sc="201,-40,319,140,230,-40,230,-40" /><INIT seed="1,1,0,2,5,15" ten="161,459,190,190" oya="1" hai0="71,108,16,7,107,119,125,117,26,105,103,22,75" hai1="23,28,109,131,116,114,21,83,31,12,14,20,77" hai2="98,18,111,41,123,17,115,50,124,55,43,57,88" hai3="66,56,129,87,34,120,80,9,69,102,86,122,92"/><U81/><E116/><V51/><F123/><W97/><G69/><T94/><D75/><U126/><E114/><V133/><F115/><W91/><G34/><T79/><D79/><U93/><E131/><V74/><F74/><W127/><G129/><T61/><D108/><U19/><E126/><V113/><F113/><W130/><G130/><T118/><D125/><U30/><E109/><V60/><F111/><W58/><G127/><T70/><D7/><U13/><E93/><N who="2" m="56615" /><F133/><W53/><G9/><T99/><REACH who="0" step="1"/><D61/><REACH who="0" ten="151,459,190,190" step="2"/><U104/><E77/><V63/><F124/><W48/><G120/><T112/><D112/><U5/><E5/><V52/><F63/><N who="3" m="38263" /><G122/><T101/><D101/><U73/><E73/><V135/><F135/><W47/><G87/><T44/><D44/><AGARI ba="1,1" hai="44,47,48,53,56,80,86,91,92,97,102" m="38263" machi="44" ten="30,1000,0" yaku="8,1" doraHai="15" who="3" fromWho="0" sc="151,-13,459,0,190,0,190,23" /><INIT seed="2,0,0,2,4,70" ten="138,459,190,213" oya="2" hai0="43,97,47,5,133,111,58,73,41,30,63,68,128" hai1="78,110,89,16,33,87,95,108,127,107,25,38,119" hai2="57,106,94,131,69,125,65,35,4,132,88,20,118" hai3="71,109,49,42,130,2,1,92,104,122,115,59,62"/><V54/><F35/><W100/><G104/><T91/><D111/><N who="1" m="42539" /><E107/><V93/><F106/><W105/><G71/><T21/><D68/><U79/><E119/><V12/><F118/><W61/><G1/><T28/><D73/><U72/><E72/><V55/><F94/><W22/><G2/><T81/><D128/><U66/><E66/><V18/><F131/><W90/><G100/><T27/><D133/><U29/><E127/><V36/><F125/><W129/><G105/><T56/><D5/><U98/><E38/><V75/><F75/><W116/><G115/><T117/><D117/><U101/><E16/><N who="2" m="10247" /><F36/><W0/><G0/><T32/><D43/><U19/><E19/><V11/><F4/><W24/><G116/><T13/><D13/><U80/><AGARI ba="0,0" hai="25,29,33,78,79,80,87,89,95,98,101" m="42539" machi="80" ten="30,1100,0" yaku="14,1" doraHai="70" who="1" fromWho="1" sc="138,-3,459,11,190,-5,213,-3" /><INIT seed="3,0,0,2,4,43" ten="135,470,185,210" oya="3" hai0="53,6,24,109,18,22,124,54,8,62,75,80,33" hai1="49,135,36,86,93,35,106,50,34,120,132,3,97" hai2="1,98,114,85,73,113,95,92,116,26,129,16,72" hai3="5,84,11,66,61,68,12,64,46,52,99,39,48"/><W105/><G66/><T125/><D109/><U91/><E36/><V131/><F1/><W57/><G84/><T104/><D104/><U127/><E3/><V31/><F116/><W69/><G105/><T10/><D33/><N who="1" m="12299" /><E127/><N who="0" m="48713" /><D62/><U115/><E120/><V100/><F31/><W82/><G99/><T58/><D58/><U15/><E15/><V51/><F51/><W17/><G82/><T126/><N who="0" m="48721" /><T121/><DORA hai="87" /><D121/><U42/><E115/><N who="2" m="44043" /><F16/><W130/><G130/><N who="2" m="49673" /><F26/><W67/><G67/><T59/><D59/><U41/><E49/><V45/><F45/><W0/><REACH who="3" step="1"/><G39/><REACH who="3" ten="135,470,185,200" step="2"/><T83/><D83/><U88/><E97/><V19/><F98/><W119/><G119/><T89/><D75/><U74/><E74/><V117/><F73/><W128/><G128/><T21/><D80/><U23/><E86/><V37/><F72/><W77/><G77/><T29/><D89/><U118/><E91/><V101/><F37/><W56/><G56/><T79/><D79/><U7/><E88/><V111/><F85/><W55/><G55/><T20/><D53/><U27/><E106/><V70/><F117/><W28/><G28/><T14/><D54/><U122/><E118/><V123/><F123/><W13/><G13/><AGARI ba="0,1" hai="6,8,10,13,14,18,20,21,22,24,29" m="48721" machi="13" ten="40,5200,0" yaku="18,1,34,2" doraHai="43,87" who="0" fromWho="3" sc="135,62,470,0,185,0,200,-52" /><INIT seed="4,0,0,1,2,56" ten="197,470,185,148" oya="0" hai0="8,7,48,54,15,38,66,108,9,85,22,93,128" hai1="43,4,133,82,78,32,86,130,107,104,119,111,35" hai2="13,27,134,12,67,72,21,2,16,62,39,33,114" hai3="113,17,41,42,51,90,58,14,57,5,88,71,92"/><T45/><D128/><U63/><E119/><V91/><F2/><W109/><G71/><T49/><D108/><U24/><E111/><V0/><F0/><W26/><G109/><T120/><D120/><U37/><E130/><V64/><F39/><W20/><G113/><T94/><D38/><U83/><E133/><V105/><F72/><W6/><G90/><T31/><D66/><U44/><E4/><N who="3" m="1642" /><G26/><N who="0" m="16855" /><D9/><U79/><E24/><V60/><F105/><W110/><G110/><T25/><D25/><U101/><E104/><V89/><F134/><W73/><G73/><T50/><D85/><U52/><E101/><V36/><F36/><W126/><G126/><T122/><D122/><U123/><E107/><V34/><F114/><W65/><G65/><N who="2" m="25161" /><F34/><W116/><G116/><T129/><D129/><U40/><E123/><V96/><F33/><W69/><G69/><T53/><D48/><U1/><E1/><V103/><F103/><W30/><G30/><T77/><D77/><U76/><E76/><V18/><F27/><W106/><G106/><T59/><AGARI ba="0,0" hai="7,8,15,45,49,50,53,54,59,93,94" m="16855" machi="59" ten="30,1500,0" yaku="8,1" doraHai="56" who="0" fromWho="0" sc="197,15,470,-5,185,-5,148,-5" /><INIT seed="4,1,0,1,5,102" ten="212,465,180,143" oya="0" hai0="18,108,135,24,71,23,72,90,100,124,84,119,38" hai1="21,105,32,5,89,123,76,1,132,56,73,2,98" hai2="79,133,16,64,130,81,114,50,122,93,11,22,14" hai3="80,97,70,33,128,101,17,103,86,63,28,53,69"/><T31/><D119/><U87/><E32/><V74/><F122/><W49/><G101/><T126/><D71/><U12/><E123/><V118/><F114/><W127/><G127/><N who="0" m="48683" /><D72/><U47/><E47/><V52/><F133/><W8/><G128/><T115/><D38/><U42/><E42/><V20/><F130/><W45/><G63/><T10/><D115/><U62/><E5/><V43/><F43/><W34/><G34/><T67/><D67/><U96/><E132/><V95/><F64/><W68/><G28/><T30/><D135/><U35/><E35/><V55/><F118/><W111/><G33/><T104/><D108/><U92/><E96/><V48/><F20/><W9/><G111/><T19/><D31/><U131/><E131/><V4/><F50/><W121/><G121/><T125/><D125/><U54/><E21/><V29/><F29/><W66/><G66/><T0/><D0/><U6/><E12/><V129/><F129/><W58/><G17/><T99/><D10/><U116/><E116/><V91/><F91/><W46/><G9/><T75/><D75/><U65/><E65/><V40/><F40/><W113/><G8/><T82/><AGARI ba="1,0" hai="18,19,23,24,30,82,84,90,99,100,104" m="48683" machi="82" ten="30,3000,0" yaku="18,1,52,1" doraHai="102" who="0" fromWho="0" sc="212,33,465,-11,180,-11,143,-11" /><INIT seed="4,2,0,0,3,110" ten="245,454,169,132" oya="0" hai0="123,116,11,34,6,44,122,12,21,94,131,88,23" hai1="47,59,134,63,95,40,72,57,3,50,128,5,70" hai2="86,37,113,75,60,114,105,45,68,35,106,29,51" hai3="42,92,71,133,132,48,15,49,0,7,84,14,124"/><T61/><D34/><U27/><E72/><V54/><F75/><W120/><G71/><T81/><D116/><U119/><E119/><V43/><F86/><W20/><G0/><T33/><D33/><U111/><E111/><V79/><F79/><W19/><G120/><T101/><D131/><U16/><E128/><V74/><F74/><W97/><G124/><T115/><D115/><N who="2" m="44042" /><F29/><W25/><G84/><N who="0" m="50191" /><D122/><U127/><E127/><V118/><F35/><W78/><G78/><T17/><D123/><U125/><E125/><V36/><F118/><W31/><G7/><T80/><D80/><U117/><E5/><V2/><F2/><W130/><G130/><T100/><D61/><U93/><E63/><V8/><F8/><W98/><G98/><N who="0" m="59479" /><D101/><U53/><E3/><V103/><F103/><W38/><G31/><T9/><D44/><U107/><E47/><N who="2" m="24047" /><F36/><W26/><G38/><T104/><D104/><U99/><E107/><V55/><F68/><W129/><G129/><T46/><D46/><U58/><E70/><V1/><F1/><W85/><G97/><T24/><D6/><U108/><E99/><V121/><F121/><W87/><G87/><T77/><D77/><U82/><E117/><V28/><F28/><AGARI ba="2,0" hai="9,11,12,17,21,23,24,28" m="59479,50191" machi="28" ten="30,2900,0" yaku="8,1,54,1" doraHai="110" who="0" fromWho="2" sc="245,35,454,0,169,-35,132,0" /><INIT seed="4,3,0,4,3,96" ten="280,454,134,132" oya="0" hai0="4,60,59,111,92,63,109,14,93,55,68,39,97" hai1="127,89,46,128,80,31,49,62,54,24,58,0,77" hai2="132,101,102,78,118,134,1,44,88,122,6,87,123" hai3="15,72,73,90,69,43,65,71,36,133,47,83,95"/><T21/><D39/><U35/><E0/><V48/><F78/><W126/><G126/><T91/><D93/><U42/><E128/><V108/><F108/><N who="0" m="41546" /><D4/><U10/><E127/><V74/><F74/><W125/><G43/><T105/><D105/><U3/><E89/><V119/><F6/><W37/><G90/><T64/><D21/><U67/><E10/><V100/><F1/><W131/><G95/><T22/><D22/><U130/><E3/><V12/><F12/><AGARI ba="3,0" hai="12,14,55,59,60,63,64,68,91,92,97" m="41546" machi="12" ten="30,1500,0" yaku="10,1" doraHai="96" who="0" fromWho="2" sc="280,24,454,0,134,-24,132,0" /><INIT seed="4,4,0,2,1,4" ten="304,454,110,132" oya="0" hai0="84,132,76,127,37,92,66,42,81,134,110,9,32" hai1="114,53,60,10,69,86,94,72,16,11,36,54,79" hai2="95,28,24,41,45,31,39,106,135,3,96,13,58" hai3="123,107,108,101,35,63,74,111,120,99,97,67,91"/><T115/><D115/><U19/><E36/><V117/><F3/><W88/><G67/><T30/><D127/><U40/><E72/><V33/><F135/><N who="0" m="51754" /><D110/><N who="3" m="42025" /><G35/><T15/><D66/><U85/><E40/><V47/><F106/><W7/><G7/><N who="0" m="3519" /><D92/><U57/><E114/><V52/><F117/><W73/><G63/><T77/><D77/><U70/><E79/><V128/><F128/><W131/><G131/><T125/><D125/><U0/><E0/><V6/><F31/><W34/><G34/><T104/><D104/><U1/><E1/><V21/><F47/><W82/><G91/><T12/><D12/><U71/><E94/><V68/><F68/><W119/><G119/><T61/><D61/><U5/><E60/><V124/><F124/><W55/><G55/><T43/><D37/><U23/><E70/><V93/><F13/><W18/><G18/><T130/><D130/><U133/><E133/><V83/><F6/><W109/><N who="3" m="42033" /><W105/><DORA hai="102" /><G105/><T62/><D62/><U87/><E5/><V38/><F38/><W122/><G99/><T50/><D50/><N who="1" m="30935" /><E69/><V98/><F98/><W116/><G116/><T56/><D56/><U51/><E71/><V27/><F96/><W112/><G112/><T25/><AGARI ba="4,0" hai="25,30,32,42,43,76,81,84" m="3519,51754" machi="25" ten="30,3000,0" yaku="20,1,52,1" doraHai="4,102" who="0" fromWho="0" sc="304,42,454,-14,110,-14,132,-14" /><INIT seed="4,5,0,5,0,2" ten="346,440,96,118" oya="0" hai0="97,88,8,114,45,135,91,16,51,77,34,64,92" hai1="18,17,44,41,33,125,4,14,96,56,102,72,11" hai2="105,7,112,35,28,22,73,13,108,127,126,119,32" hai3="38,57,128,121,87,21,29,130,118,129,89,3,71"/><T0/><D34/><N who="2" m="12842" /><F105/><W40/><G3/><T94/><D114/><U30/><E125/><N who="2" m="47627" /><F73/><W54/><G71/><T36/><D36/><U67/><E72/><V15/><F108/><W10/><G10/><T74/><D135/><U76/><E76/><V43/><F43/><W24/><G118/><T103/><D64/><U80/><E80/><V6/><F112/><W68/><G68/><T46/><D74/><U9/><E30/><V100/><F100/><W48/><G121/><T52/><D77/><U50/><E33/><V59/><F59/><W113/><G113/><T69/><D69/><U98/><E11/><V117/><F28/><W75/><G75/><T109/><D109/><U86/><E102/><V123/><F123/><W78/><G78/><T47/><D0/><U20/><E18/><N who="2" m="10591" /><F13/><W115/><G115/><T99/><D103/><U5/><E56/><V27/><F27/><W1/><G1/><T66/><D66/><U132/><E67/><V83/><F83/><N who="3" m="49407" /><G40/><T104/><D104/><U122/><E122/><V31/><F31/><W133/><G38/><T134/><D134/><AGARI ba="5,0" hai="21,24,29,48,54,57,128,129,130,133,134" m="49407" machi="134" ten="40,1300,0" yaku="19,1" doraHai="2" who="3" fromWho="0" sc="346,-28,440,0,96,0,118,28" /><INIT seed="5,0,0,0,1,30" ten="318,440,96,146" oya="1" hai0="40,134,82,63,103,15,69,85,16,121,95,111,25" hai1="44,77,54,119,91,28,72,94,75,74,88,36,71" hai2="122,118,17,105,29,42,100,68,38,22,128,73,51" hai3="24,7,4,78,108,125,58,14,34,49,65,45,27"/><U79/><E71/><V9/><F68/><W109/><G78/><T21/><D111/><U53/><E119/><V50/><F118/><W86/><G65/><T13/><D134/><U80/><E28/><V60/><F73/><W8/><G58/><T98/><D121/><U83/><E74/><V20/><F122/><W41/><G7/><T19/><D40/><U126/><E126/><V127/><F60/><W120/><G120/><T115/><D115/><U5/><E5/><V11/><F38/><W99/><G125/><T102/><D102/><U46/><E94/><V113/><F127/><W39/><G39/><AGARI ba="0,0" hai="36,39,44,46,53,54,72,75,77,79,80,83,88,91" machi="39" ten="25,4800,0" yaku="22,2,54,1" doraHai="30" who="1" fromWho="3" sc="318,0,440,48,96,0,146,-48" /><INIT seed="5,1,0,2,0,26" ten="318,488,96,98" oya="1" hai0="54,15,110,63,51,102,17,134,16,71,6,38,57" hai1="22,131,20,116,24,114,118,91,94,70,96,12,40" hai2="135,73,7,126,66,122,1,75,30,98,107,104,123" hai3="5,60,111,59,50,76,23,31,64,112,103,79,2"/><U115/><E70/><V106/><F66/><W109/><G2/><T95/><D110/><U62/><E40/><V28/><F126/><W125/><G125/><T61/><D134/><U113/><E131/><V14/><F1/><W47/><G5/><T52/><D38/><U89/><E62/><V53/><F135/><W10/><G10/><N who="0" m="4567" /><D71/><U119/><E12/><V81/><F98/><W88/><G103/><T58/><D63/><U124/><E124/><V21/><F53/><W45/><G109/><T108/><D108/><U101/><E22/><V69/><F69/><W85/><G111/><T117/><D117/><U132/><E132/><V32/><F32/><W84/><G84/><T36/><D36/><U4/><E4/><V133/><F133/><W35/><G35/><T100/><D95/><U49/><E49/><V41/><F41/><N who="3" m="24879" /><G47/><T130/><D130/><U65/><E65/><V92/><F92/><N who="3" m="54287" /><G112/><T44/><D44/><U55/><E55/><V9/><F75/><W90/><G90/><T46/><D46/><U42/><E42/><V37/><F37/><W29/><G23/><T105/><D105/><U48/><E48/><V68/><F21/><W25/><G25/><T121/><D121/><N who="2" m="46090" /><F68/><W129/><G129/><T74/><D74/><U120/><E120/><V18/><F7/><W86/><G86/><T0/><D0/><U72/><E72/><V82/><F73/><W27/><G27/><T34/><D34/><U77/><E114/><V87/><F87/><W3/><G3/><T93/><D93/><U128/><E115/><V13/><F13/><W11/><G11/><RYUUKYOKU ba="1,0" sc="318,10,488,-30,96,10,98,10" hai0="16,17,51,52,54,57,58,61,100,102" hai2="9,14,18,28,30,81,82,104,106,107" hai3="29,31,59,60,64,76,79" /><INIT seed="6,2,0,1,5,27" ten="328,458,106,108" oya="2" hai0="7,23,12,69,100,52,93,72,30,122,119,51,84" hai1="31,111,81,94,20,101,73,9,26,76,19,21,46" hai2="113,33,66,108,0,59,24,129,11,61,83,55,48" hai3="120,109,90,2,8,107,91,28,96,95,57,39,114"/><V97/><F113/><W63/><G120/><T14/><D72/><U4/><E111/><V25/><F108/><W131/><G109/><T67/><D122/><U10/><E4/><V54/><F129/><W126/><G39/><T86/><D119/><U78/><E46/><V82/><F55/><W6/><G107/><T60/><D100/><U13/><E73/><V116/><F116/><W134/><G131/><T127/><D127/><U18/><E81/><V98/><F0/><W112/><G126/><T80/><D93/><U89/><E101/><V45/><F11/><N who="1" m="4105" /><E19/><V34/><F34/><W85/><G28/><T132/><D132/><U36/><E36/><V87/><F83/><W16/><G16/><T123/><D123/><U40/><E40/><V3/><F3/><W58/><G134/><T29/><D7/><U79/><E79/><V41/><F41/><W22/><G22/><T130/><D130/><U68/><E68/><V99/><REACH who="2" step="1"/><F33/><REACH who="2" ten="328,458,96,108" step="2"/><W117/><G117/><T1/><D1/><U64/><E64/><V128/><F128/><W104/><G112/><T105/><D80/><U17/><E17/><V102/><F102/><W135/><G114/><T32/><D32/><U133/><E133/><V74/><F74/><W42/><G135/><T49/><D52/><U92/><E92/><V121/><F121/><W125/><G42/><T77/><D67/><U115/><E115/><V35/><F35/><W15/><G125/><T43/><D43/><U103/><E103/><V37/><F37/><W118/><G118/><T71/><D105/><U38/><E38/><V70/><F70/><RYUUKYOKU ba="2,1" sc="328,-15,458,15,96,15,108,-15" hai1="13,18,20,21,26,31,76,78,89,94" hai2="24,25,45,48,54,59,61,66,82,87,97,98,99" /><INIT seed="6,3,1,1,4,58" ten="313,473,111,93" oya="2" hai0="90,20,102,18,96,13,50,132,66,34,94,84,0" hai1="92,117,122,6,3,49,114,72,80,88,106,44,10" hai2="37,42,24,36,43,68,113,38,64,16,70,45,118" hai3="60,11,51,123,99,133,39,81,100,61,119,104,25"/><V74/><F74/><W62/><G123/><T125/><D132/><U76/><E117/><V9/><F118/><W115/><G119/><T121/><D121/><U4/><E122/><V91/><F113/><W86/><G39/><T17/><D125/><U35/><E114/><V116/><F116/><W7/><G115/><T124/><D124/><U127/><E127/><V19/><F91/><W2/><G133/><T55/><D34/><U65/><E35/><V54/><F54/><W110/><G110/><T97/><D0/><U41/><E106/><V134/><F134/><W33/><G51/><T1/><D1/><U103/><E103/><V5/><F43/><W52/><G33/><T30/><D30/><U23/><E6/><V107/><F107/><W12/><G25/><T130/><D130/><U8/><E8/><V56/><F56/><W31/><G31/><T22/><D66/><U78/><E78/><V111/><F111/><W87/><G2/><T95/><D95/><U108/><E65/><V71/><F64/><W128/><G128/><T77/><D77/><U126/><E126/><V67/><F67/><W29/><G29/><T59/><REACH who="0" step="1"/><D102/><REACH who="0" ten="303,473,111,93" step="2"/><U57/><E108/><V27/><F70/><W47/><G81/><T105/><D105/><U73/><E3/><N who="2" m="191" /><F68/><W15/><G104/><T48/><D48/><U129/><E49/><N who="2" m="26807" /><F71/><W32/><G32/><T112/><D112/><U21/><E129/><V53/><F53/><W69/><G69/><T40/><D40/><U98/><E41/><V46/><F46/><W82/><G47/><T93/><D93/><N who="1" m="56615" /><E44/><V109/><F109/><RYUUKYOKU ba="3,2" sc="303,15,473,-15,111,15,93,-15" hai0="13,17,18,20,22,50,55,59,84,90,94,96,97" hai2="16,19,24,27,36,37,38" /><INIT seed="6,4,2,4,3,73" ten="318,458,126,78" oya="2" hai0="72,48,56,135,52,55,45,105,69,64,120,31,84" hai1="88,132,44,91,62,50,80,20,41,93,43,109,6" hai2="68,34,27,19,49,74,30,128,9,121,21,75,134" hai3="11,115,10,110,125,0,101,130,66,122,102,82,4"/><V7/><F68/><W76/><G122/><T133/><D72/><U86/><E109/><V39/><F39/><W38/><G110/><T33/><D84/><N who="1" m="52455" /><E132/><N who="0" m="50761" /><D105/><U3/><E3/><V40/><F134/><W119/><G119/><T8/><D8/><U54/><E6/><V104/><F128/><W92/><G130/><T12/><D12/><U18/><E62/><V97/><F121/><W24/><G38/><T127/><D31/><U36/><E36/><V58/><F97/><W107/><G107/><T112/><D33/><U28/><E28/><V113/><F104/><W57/><G125/><T77/><D77/><U94/><E80/><V1/><F113/><W46/><G115/><T106/><D106/><U129/><E129/><V114/><F114/><W51/><G24/><AGARI ba="4,2" hai="18,20,24,41,43,44,50,54,86,88,94" m="52455" machi="24" ten="30,2000,0" yaku="8,1,54,1" doraHai="73" who="1" fromWho="3" sc="318,0,458,52,126,0,78,-32" /><INIT seed="7,0,0,5,5,117" ten="318,510,126,46" oya="3" hai0="135,123,102,3,40,77,68,7,107,72,98,14,46" hai1="103,80,29,64,113,94,88,70,41,126,91,6,110" hai2="115,26,16,42,122,45,15,37,128,86,52,116,121" hai3="38,28,131,59,89,9,74,92,84,48,60,30,76"/><W23/><G38/><T73/><D14/><U87/><E110/><V4/><F116/><W82/><G131/><T19/><D19/><U39/><E39/><V65/><F128/><W35/><G35/><T108/><D108/><U62/><E41/><V61/><F115/><W96/><G9/><T99/><D135/><U10/><E126/><V36/><F36/><W8/><G8/><T31/><D31/><U81/><E103/><V53/><F26/><W49/><G74/><T18/><D18/><U79/><E113/><V114/><F4/><W12/><G30/><T109/><D98/><U56/><E29/><V66/><F86/><W133/><G133/><T57/><D57/><U20/><E20/><N who="2" m="11295" /><F114/><W118/><G118/><T33/><D109/><U100/><E100/><V124/><F124/><W119/><G119/><T97/><D97/><U21/><E56/><N who="2" m="37031" /><F66/><W78/><G78/><T112/><D112/><U111/><E21/><V51/><F51/><W0/><G0/><T71/><D123/><AGARI ba="0,0" hai="37,42,45,52,53,121,122,123" m="37031,11295" machi="123" ten="30,12000,2" yaku="13,1,52,3,54,2" doraHai="117" who="2" fromWho="0" sc="318,-120,510,0,126,120,46,0" owari="198,-20.0,510,60.0,246,5.0,46,-45.0" /></mjloggm>