<mjloggm ver="2.3"><GO type="137"/><UN n0="%E3%81%A4%E3%82%8B%E3%81%8A%E3%81%A7%E3%81%99" n1="%52%6F%78%79" n2="%EF%BC%88%E2%89%A7%E2%96%BD%E2%89%A6%EF%BC%89" n3="%E5%BC%81%E5%A4%A9" dan="10,11,12,12" rate="1753,1538,1965,1818" sx="M,M,M,M"/><TAIKYOKU oya="0"/><BYE who="0" /><INIT seed="0,0,0,1,0,1" ten="250,250,250,250" oya="0" hai0="14,123,129,50,60,93,103,70,78,8,83,84,111" hai1="38,110,55,32,120,126,114,115,43,45,86,37,116" hai2="97,102,118,59,39,82,107,31,54,52,40,36,5" hai3="23,124,44,65,135,30,53,133,64,12,13,113,46"/><T128/><D128/><U127/><BYE who="3" /><E32/><V76/><F118/><W92/><G92/><T112/><D112/><N who="1" m="43051" /><E86/><V71/><F71/><UN n0="%E3%81%A4%E3%82%8B%E3%81%8A%E3%81%A7%E3%81%99" /><W85/><G85/><T2/><D123/><U28/><E28/><V96/><F31/><W130/><G130/><T121/><D129/><U90/><E90/><V41/><F97/><W24/><G24/><T26/><D121/><U74/><E74/><V34/><F34/><W122/><G122/><T15/><D111/><U94/><E94/><V42/><F5/><W19/><G19/><T18/><D2/><U88/><E88/><V134/><F134/><W75/><G75/><T125/><D125/><N who="1" m="47627" /><E120/><V105/><F105/><W25/><G25/><T29/><D70/><U89/><E89/><V79/><F54/><W6/><G6/><T95/><D60/><U81/><E81/><V73/><REACH who="2" step="1"/><F79/><REACH who="2" step="2"/><W100/><G100/><T66/><D103/><U87/><E116/><V62/><AGARI ba="0,1" hai="36,39,40,41,42,52,59,62,73,76,82,96,102,107" machi="62" ten="30,7900,0" yaku="1,1,2,1,0,1,54,1,53,0" doraHai="1" doraHaiUra="4" who="2" fromWho="2" sc="250,-39,250,-20,240,89,250,-20" /><INIT seed="1,0,0,0,3,132" ten="211,230,329,230" oya="1" hai0="17,71,133,111,80,59,3,12,4,131,5,130,108" hai1="18,35,78,42,34,98,30,90,62,14,101,16,117" hai2="51,25,79,15,24,82,118,39,86,91,31,7,119" hai3="72,107,66,102,77,21,95,124,76,75,10,81,13"/><U103/><E117/><V123/><F39/><W63/><G63/><T99/><D71/><U55/><E42/><V70/><F123/><W73/><G73/><T37/><D37/><U67/><E78/><V27/><F70/><W94/><G94/><T65/><D133/><U129/><E129/><N who="0" m="49161" /><D80/><U33/><E103/><V8/><F31/><W6/><G6/><N who="0" m="2667" /><D99/><U48/><E90/><V121/><F121/><W120/><G120/><T104/><D104/><U125/><E125/><V122/><F122/><W61/><G61/><T64/><D59/><U43/><E43/><V96/><F96/><W26/><G26/><T112/><D3/><U110/><E110/><N who="0" m="42025" /><D112/><U11/><E18/><V83/><REACH who="2" step="1"/><F51/><REACH who="2" step="2"/><W87/><G87/><AGARI ba="0,1" hai="7,8,15,24,25,27,79,82,83,86,87,91,118,119" machi="87" ten="40,2600,0" yaku="1,1,2,1,53,0" doraHai="132" doraHaiUra="54" who="2" fromWho="3" sc="211,0,230,0,319,36,230,-26" /><INIT seed="2,0,0,4,5,71" ten="211,230,355,204" oya="2" hai0="43,64,51,67,114,23,88,50,74,6,77,129,86" hai1="70,62,94,10,134,124,83,119,82,63,22,46,73" hai2="7,14,91,24,30,26,39,116,118,60,105,125,103" hai3="40,54,55,52,65,117,56,133,102,59,132,109,53"/><V76/><F125/><W35/><G35/><T79/><D74/><U18/><E119/><V57/><F39/><W61/><G61/><T89/><D114/><U38/><E38/><V58/><F76/><W110/><G110/><T9/><D129/><U31/><E124/><V113/><F113/><W104/><G104/><T21/><D6/><U0/><E134/><V130/><F130/><W16/><G16/><T90/><D9/><U3/><E10/><V13/><F91/><W120/><G120/><T2/><D2/><U115/><E115/><V126/><F126/><W44/><G44/><T92/><D92/><U29/><E46/><V25/><F30/><W45/><G45/><T36/><D36/><U101/><E70/><V96/><F7/><W121/><G121/><T123/><D123/><U68/><E68/><V72/><F72/><W42/><G42/><T98/><D98/><U93/><E73/><V95/><F105/><W135/><G135/><T28/><D28/><U48/><E48/><N who="0" m="18473" /><D43/><U111/><E101/><V27/><N who="2" m="6656" /><DORA hai="41" /><V127/><F127/><W122/><G122/><T87/><D23/><U34/><E34/><V11/><F11/><W106/><G106/><T85/><D21/><U75/><E75/><V108/><F108/><W78/><G78/><AGARI ba="0,0" hai="64,67,77,78,79,85,86,87,88,89,90" m="18473" machi="78" ten="40,8000,1" yaku="28,2,8,1,54,1" doraHai="71,41" who="0" fromWho="3" sc="211,80,230,0,355,0,204,-80" /><INIT seed="3,0,0,4,2,123" ten="291,230,355,124" oya="3" hai0="87,26,95,16,24,92,30,130,20,14,61,40,63" hai1="120,107,118,132,0,45,105,36,117,57,109,32,122" hai2="49,7,71,39,50,29,56,23,54,70,128,91,12" hai3="44,129,4,1,64,112,41,134,83,121,2,48,5"/><W67/><G67/><T3/><D3/><U68/><RYUUKYOKU type="yao9" ba="0,0" sc="291,0,230,0,355,0,124,0" hai1="0,32,36,45,57,68,105,107,109,117,118,120,122,132" /><INIT seed="3,1,0,1,4,67" ten="291,230,355,124" oya="3" hai0="25,58,85,7,107,117,8,100,57,61,33,15,49" hai1="94,9,50,124,132,28,97,120,76,113,119,83,116" hai2="81,12,37,36,68,82,90,95,1,98,18,59,53" hai3="127,63,93,29,27,5,31,4,34,80,47,44,26"/><W110/><G110/><T78/><D117/><N who="1" m="45131" /><E120/><V21/><F1/><W99/><G99/><T14/><D107/><U108/><E108/><V16/><F68/><W71/><G71/><T123/><D123/><U104/><E104/><V38/><REACH who="2" step="1"/><F18/><REACH who="2" step="2"/><W65/><G65/><T40/><D33/><U79/><E113/><V84/><F84/><W135/><G135/><T122/><D122/><U103/><E132/><V39/><N who="2" m="9728" /><DORA hai="115" /><V125/><F125/><W111/><G111/><T32/><D32/><U89/><E124/><V131/><F131/><W64/><G64/><T42/><D25/><U10/><E28/><V56/><F56/><W55/><G55/><T3/><D58/><U69/><E69/><V114/><F114/><W118/><G118/><T66/><D3/><U23/><E23/><V133/><F133/><W134/><G134/><T121/><D121/><U88/><E50/><AGARI ba="1,1" hai="12,16,21,50,53,59,81,82,90,95,98" m="9728" machi="50" ten="70,4500,0" yaku="1,1,54,1,53,0" doraHai="67,115" doraHaiUra="41,109" who="2" fromWho="1" sc="291,0,230,-48,345,58,124,0" /><INIT seed="4,0,0,5,4,64" ten="291,182,403,124" oya="0" hai0="124,54,56,61,22,129,27,127,12,19,13,77,96" hai1="32,117,115,21,79,116,57,92,74,128,103,59,40" hai2="95,0,39,86,20,133,14,18,112,123,38,2,135" hai3="16,93,99,102,10,82,71,110,101,53,66,97,130"/><T24/><D77/><U78/><E32/><V49/><F123/><W9/><G9/><T58/><D129/><U105/><E105/><V45/><F112/><W65/><G65/><T107/><D56/><U90/><E103/><V51/><F95/><W46/><G46/><T6/><D107/><U120/><E120/><V108/><F108/><W3/><G3/><N who="2" m="1065" /><F86/><W98/><G98/><T33/><D33/><U36/><E128/><V76/><F76/><W89/><G89/><T4/><D96/><U72/><E21/><V87/><F87/><W67/><G67/><T106/><D106/><U11/><E11/><V85/><F85/><W34/><G34/><T73/><D73/><U118/><E115/><V84/><F84/><W83/><G83/><T7/><REACH who="0" step="1"/><D13/><REACH who="0" step="2"/><U30/><E57/><V122/><F122/><W94/><G94/><T91/><D91/><U44/><E59/><V69/><F14/><W63/><G63/><T131/><D131/><U68/><E68/><V109/><F69/><W125/><G125/><AGARI ba="0,1" hai="4,6,7,12,19,22,24,27,54,58,61,124,125,127" machi="125" ten="40,12000,1" yaku="1,1,18,1,53,3" doraHai="64" doraHaiUra="132" who="0" fromWho="3" sc="281,130,182,0,403,0,124,-120" /><INIT seed="4,1,0,1,2,97" ten="411,182,403,4" oya="0" hai0="91,6,33,46,87,105,58,60,21,78,77,74,107" hai1="12,106,116,13,100,1,75,84,121,18,45,104,90" hai2="93,98,48,114,130,80,122,120,135,55,38,127,5" hai3="41,103,132,7,88,134,16,83,133,129,31,71,131"/><T23/><D33/><U62/><E75/><V39/><F114/><W29/><G29/><T8/><D74/><U112/><E121/><V27/><F135/><W50/><G50/><T79/><D46/><U20/><E116/><V49/><F127/><W124/><G124/><T0/><D23/><U2/><E12/><V64/><F130/><W118/><G118/><T69/><D69/><U43/><E62/><V26/><F64/><W82/><G82/><T123/><D123/><U110/><E110/><V96/><F5/><W15/><G15/><T94/><REACH who="0" step="1"/><D21/><REACH who="0" step="2"/><U92/><E112/><V81/><F55/><AGARI ba="1,1" hai="0,6,8,55,58,60,77,78,79,87,91,94,105,107" machi="55" ten="40,3900,0" yaku="1,1,2,1,53,0" doraHai="97" doraHaiUra="109" who="0" fromWho="2" sc="401,52,182,0,403,-42,4,0" /><INIT seed="4,2,0,2,4,28" ten="453,182,361,4" oya="0" hai0="108,93,12,67,1,44,50,39,37,98,38,4,87" hai1="18,102,71,46,115,85,24,103,131,84,77,61,47" hai2="101,124,45,42,3,78,41,73,13,26,65,15,11" hai3="107,2,112,106,8,97,110,0,72,94,30,49,104"/><T130/><D1/><U5/><E5/><V52/><F124/><W105/><G105/><T117/><D108/><U21/><E71/><V16/><F3/><W19/><G19/><T10/><D130/><U129/><E61/><V56/><F101/><W32/><G32/><T89/><D117/><U35/><E115/><V7/><F26/><W114/><G114/><T132/><D67/><U100/><E77/><V81/><F65/><W123/><G123/><T64/><D64/><U58/><E58/><V122/><F122/><W128/><G128/><N who="1" m="49226" /><E35/><V54/><F56/><W29/><G29/><T57/><D132/><U25/><E24/><V68/><F68/><W31/><G31/><T120/><D57/><U9/><E9/><V75/><F75/><W23/><G23/><T76/><D120/><U51/><E47/><V43/><REACH who="2" step="1"/><F45/><REACH who="2" step="2"/><W134/><G134/><T83/><D39/><U74/><E74/><V40/><N who="2" m="10752" /><DORA hai="119" /><V70/><F70/><W63/><G63/><T96/><D44/><U111/><E111/><V86/><F86/><W69/><G69/><T82/><D50/><U113/><E113/><V135/><F135/><W27/><G27/><T62/><D62/><U22/><E51/><V36/><F36/><W14/><G14/><T92/><D38/><U80/><E46/><V48/><F48/><W55/><G55/><T20/><D37/><U34/><E25/><V99/><F99/><W118/><G118/><T6/><D98/><U125/><E125/><V121/><F121/><W90/><G90/><T116/><D96/><U91/><E91/><V66/><F66/><RYUUKYOKU ba="2,1" sc="453,-10,182,-10,351,30,4,-10" hai2="7,11,13,15,16,52,54,73,78,81" owari="453,56,172,-23,381,18,-6,-51" /></mjloggm>