<mjloggm ver="2.3"><GO type="41"/><UN n0="%E5%A5%88%E8%90%BD%E3%81%AE%E7%8E%8B" n1="%E3%81%A0%E3%81%A6%E3%83%A1%E3%82%AC%E3%83%8D" n2="%EF%BC%88%E2%89%A7%E2%96%BD%E2%89%A6%EF%BC%89" n3="%E3%82%BB%E3%83%8D%E3%82%AC%E3%83%AB%E4%BB%A3%E8%A1%A8" dan="15,13,13,15" rate="1993,1843,1986,1878" sx="M,M,M,M"/><TAIKYOKU oya="0"/><INIT seed="0,0,0,3,0,110" ten="250,250,250,250" oya="0" hai0="80,19,97,30,116,21,72,113,123,45,83,42,81" hai1="111,38,28,39,49,61,62,27,23,65,22,46,118" hai2="37,132,85,74,18,98,101,135,99,84,50,129,115" hai3="103,58,51,131,56,105,102,107,100,32,121,57,33"/><T25/><D116/><U106/><E106/><N who="2" m="63799" /><F37/><W64/><G51/><T73/><D123/><U60/><E118/><V24/><F50/><W63/><G131/><T66/><D66/><U127/><E111/><V14/><F74/><W122/><G63/><T47/><D113/><U40/><E65/><V4/><F129/><W15/><G15/><T104/><D47/><U13/><E127/><V133/><F115/><W77/><G77/><T67/><D67/><U120/><E120/><N who="3" m="46186" /><G64/><T44/><D44/><U9/><REACH who="1" step="1"/><E23/><REACH who="1" step="2"/><V95/><F135/><W10/><G10/><T2/><D104/><AGARI ba="0,1" hai="32,33,56,57,58,100,102,103,104,105,107" m="46186" machi="104" ten="40,5200,0" yaku="28,2,13,1" doraHai="110" who="3" fromWho="0" sc="250,-52,240,0,250,0,250,62" /><INIT seed="1,0,0,3,2,32" ten="198,240,250,312" oya="1" hai0="117,74,68,104,47,21,97,78,38,67,14,129,58" hai1="133,65,131,84,120,6,109,41,10,77,57,113,30" hai2="33,52,130,122,99,123,50,92,22,13,132,89,96" hai3="15,40,100,86,80,119,35,135,37,11,16,75,108"/><U20/><E113/><V98/><F132/><W12/><G35/><T60/><D117/><U82/><E133/><V88/><F130/><W28/><G135/><T126/><D129/><U26/><E131/><V44/><F33/><W29/><G119/><T5/><D126/><U70/><E120/><V27/><F13/><W31/><G75/><T48/><D74/><U124/><E124/><V85/><REACH who="2" step="1"/><F89/><REACH who="2" step="2"/><W105/><G15/><T87/><D14/><U19/><E70/><V107/><F107/><W25/><G105/><T23/><D104/><U134/><E134/><V36/><F36/><W128/><G128/><T114/><D38/><U62/><E109/><V127/><F127/><W1/><G12/><T64/><D68/><U118/><E118/><V46/><F46/><W110/><G37/><T45/><D47/><U43/><REACH who="1" step="1"/><E30/><AGARI ba="0,1" hai="22,27,30,44,50,52,85,88,92,96,98,99,122,123" machi="30" ten="40,5200,0" yaku="1,1,54,2,53,0" doraHai="32" doraHaiUra="59" who="2" fromWho="1" sc="198,0,240,-52,240,62,312,0" /><INIT seed="2,0,0,1,4,91" ten="198,188,302,312" oya="2" hai0="36,85,35,38,10,83,134,126,6,64,4,63,59" hai1="109,27,67,26,34,32,28,37,108,102,135,79,92" hai2="78,12,8,68,119,113,106,84,98,18,94,87,76" hai3="103,9,73,116,127,75,121,41,128,97,71,74,17"/><V77/><F119/><W13/><G116/><T114/><D114/><U129/><E37/><V93/><F113/><W101/><G121/><T55/><D35/><U105/><E105/><V100/><REACH who="2" step="1"/><F68/><REACH who="2" step="2"/><W88/><G71/><T70/><D70/><U33/><E109/><V22/><F22/><W89/><G128/><T125/><D125/><U120/><E108/><V123/><F123/><W5/><G127/><T99/><D126/><U44/><E129/><V118/><F118/><W58/><G73/><T2/><D134/><U52/><E135/><V3/><F3/><W25/><G74/><T82/><D2/><U117/><E120/><V40/><F40/><W20/><G75/><T111/><D111/><U110/><E117/><V86/><AGARI ba="0,1" hai="8,12,18,76,77,78,84,86,87,93,94,98,100,106" machi="86" ten="30,11700,0" yaku="1,1,0,1,52,2,53,0" doraHai="91" doraHaiUra="60" who="2" fromWho="2" sc="198,-39,188,-39,292,127,312,-39" /><INIT seed="2,1,0,3,4,62" ten="159,149,419,273" oya="2" hai0="41,10,13,96,98,15,56,84,27,109,91,115,78" hai1="3,30,33,38,9,101,1,48,81,20,71,128,52" hai2="94,125,89,126,26,32,72,29,36,88,83,24,111" hai3="4,11,93,108,85,0,44,57,92,77,5,130,127"/><V116/><F116/><W54/><G5/><T58/><D115/><U46/><E128/><V28/><F111/><W22/><G130/><T102/><D109/><U70/><E33/><V67/><F36/><W25/><G108/><T80/><D41/><U17/><E101/><V40/><F40/><W50/><G127/><N who="2" m="48649" /><F67/><W19/><REACH who="3" step="1"/><G44/><REACH who="3" step="2"/><T61/><D27/><U122/><E122/><V124/><F124/><W129/><G129/><T60/><D15/><U18/><E38/><V7/><F7/><W76/><G76/><T86/><D13/><U37/><E37/><V135/><F24/><W113/><G113/><T14/><D14/><U121/><E121/><V47/><F26/><W42/><G42/><T65/><D10/><U123/><E123/><V16/><F47/><W73/><G73/><T53/><REACH who="0" step="1"/><D102/><REACH who="0" step="2"/><U6/><E9/><V51/><F29/><W114/><G114/><T55/><D55/><U112/><E30/><V110/><F28/><W99/><G99/><T64/><D64/><U118/><E112/><V45/><F110/><W63/><G63/><T103/><D103/><U74/><E118/><V66/><F66/><W23/><G23/><T69/><D69/><U100/><E71/><V8/><F8/><W43/><G43/><T35/><D35/><U95/><E70/><V87/><F32/><W120/><G120/><T119/><D119/><U12/><E100/><V59/><F59/><W49/><G49/><T105/><D105/><U131/><E48/><V68/><F51/><W82/><AGARI ba="1,2" hai="0,4,11,19,22,25,50,54,57,77,82,85,92,93" machi="82" ten="30,4000,0" yaku="1,1,0,1,53,1" doraHai="62" doraHaiUra="79" who="3" fromWho="3" sc="149,-11,149,-11,419,-21,263,63" /><INIT seed="3,0,0,3,3,129" ten="138,138,398,326" oya="3" hai0="60,17,102,58,45,21,59,42,80,116,82,51,131" hai1="11,127,7,88,103,86,97,122,87,20,98,32,43" hai2="115,38,91,49,47,33,135,130,71,0,70,121,84" hai3="3,50,124,118,1,34,107,63,15,8,66,119,89"/><W113/><G113/><T27/><D131/><U104/><E32/><V22/><F0/><W19/><G34/><T37/><D116/><U67/><E122/><V108/><F33/><W73/><G73/><T75/><D75/><U39/><E98/><V55/><F115/><W109/><G107/><T123/><D123/><U61/><E20/><V99/><F130/><W30/><G30/><T78/><D78/><U64/><E127/><V112/><F121/><W85/><G50/><T126/><D126/><U125/><E125/><V24/><F112/><W26/><G26/><T62/><D102/><U16/><E43/><V77/><F38/><W94/><G124/><T13/><D37/><U9/><E39/><V65/><F65/><W35/><G35/><T81/><D13/><U93/><E87/><V10/><F84/><W83/><G109/><T132/><D132/><U79/><E79/><V57/><F135/><W92/><G94/><T100/><D100/><U36/><E36/><V54/><F77/><W52/><G92/><T56/><AGARI ba="0,0" hai="17,21,27,42,45,51,56,58,59,60,62,80,81,82" machi="56" ten="30,2000,0" yaku="0,1,8,1" doraHai="129" who="0" fromWho="0" sc="138,20,138,-5,398,-5,326,-10" /><INIT seed="4,0,0,2,2,125" ten="158,133,393,316" oya="0" hai0="133,49,102,58,85,13,16,62,28,128,117,135,37" hai1="122,0,104,45,90,65,73,38,12,131,39,26,88" hai2="7,74,95,34,69,86,109,22,24,93,114,41,82" hai3="75,43,55,134,32,110,111,101,35,119,78,30,60"/><T126/><D117/><U96/><E0/><V83/><F109/><W106/><G119/><T100/><D37/><U19/><E73/><V64/><F34/><W20/><G43/><T118/><D118/><U36/><E122/><V17/><F114/><W63/><G134/><N who="0" m="51211" /><D126/><U132/><E26/><V79/><F41/><W42/><G42/><T57/><D28/><U54/><E132/><V80/><F7/><W46/><G46/><T9/><D85/><U115/><E65/><V11/><F11/><W92/><G55/><N who="0" m="31983" /><D128/><U1/><E1/><V52/><F52/><AGARI ba="0,0" hai="9,13,16,52,58,62,100,102" m="31983,51211" machi="52" ten="30,5800,0" yaku="20,1,54,2" doraHai="125" who="0" fromWho="2" sc="158,58,133,0,393,-58,316,0" /><INIT seed="4,1,0,5,1,101" ten="216,133,335,316" oya="0" hai0="2,17,108,39,94,89,27,111,120,33,12,7,3" hai1="61,26,130,4,68,13,129,124,69,41,64,58,48" hai2="78,6,15,66,74,107,63,81,52,31,113,32,98" hai3="40,135,62,103,125,28,46,35,105,24,99,25,97"/><T73/><D120/><U100/><E26/><N who="2" m="18551" /><F15/><W14/><G125/><T132/><D39/><U18/><E4/><V42/><F42/><W114/><G135/><T96/><D132/><U92/><E124/><V71/><F52/><W118/><G114/><T123/><D123/><U119/><E119/><V57/><F57/><W44/><G118/><T102/><D73/><U21/><E100/><N who="2" m="62871" /><F6/><W90/><G14/><T87/><D27/><U126/><E92/><V1/><F113/><W47/><G24/><T95/><D33/><U76/><E76/><V91/><F91/><W53/><G53/><T56/><D56/><U85/><E85/><V11/><F11/><W9/><G9/><T0/><REACH who="0" step="1"/><D7/><REACH who="0" step="2"/><U80/><E126/><V29/><F29/><W131/><G28/><T34/><D34/><U84/><E58/><V36/><F1/><W83/><G25/><T43/><D43/><U60/><E41/><V20/><F20/><AGARI ba="1,1" hai="0,2,3,12,17,20,87,89,94,95,96,102,108,111" machi="20" ten="40,2000,0" yaku="1,1,53,0" doraHai="101" doraHaiUra="49" who="0" fromWho="2" sc="206,33,133,0,335,-23,316,0" /><INIT seed="4,2,0,3,2,118" ten="239,133,312,316" oya="0" hai0="43,70,103,133,48,99,75,97,23,35,6,11,79" hai1="107,106,28,81,124,80,9,102,7,105,45,29,135" hai2="104,38,96,20,13,108,90,82,12,93,129,55,91" hai3="92,17,39,86,121,57,31,127,125,19,46,66,111"/><T98/><D35/><U117/><E117/><V40/><F108/><W88/><G111/><T16/><D70/><U71/><E71/><V54/><F129/><W112/><G112/><T63/><D133/><U51/><E135/><V34/><F34/><W109/><G109/><T130/><D130/><U53/><E102/><V110/><F110/><W72/><G72/><T36/><D36/><U120/><E124/><N who="3" m="47690" /><G31/><T62/><D103/><U132/><E132/><V44/><F104/><W56/><G121/><T85/><D75/><U15/><REACH who="1" step="1"/><E120/><REACH who="1" step="2"/><V47/><F40/><N who="3" m="22815" /><G56/><T1/><D43/><U8/><E8/><V3/><F38/><W74/><G74/><T60/><D48/><U59/><E59/><V87/><F47/><W89/><G57/><T134/><D134/><U49/><E49/><V115/><F44/><W69/><G69/><T64/><D64/><U94/><E94/><V101/><F93/><W131/><G66/><T50/><D50/><U95/><E95/><V42/><F42/><W116/><G116/><T27/><REACH who="0" step="1"/><D62/><REACH who="0" step="2"/><U68/><E68/><V73/><F73/><W18/><G131/><T128/><D128/><U24/><E24/><V113/><F113/><W84/><G92/><T67/><D67/><U76/><E76/><V61/><F115/><W65/><G65/><T52/><D52/><U14/><E14/><V4/><F61/><W2/><G2/><T126/><D126/><U26/><E26/><V32/><F3/><W78/><G78/><T0/><D0/><U33/><E33/><V123/><F55/><W100/><G100/><T114/><D114/><RYUUKYOKU ba="2,2" sc="229,10,123,10,312,-30,316,10" hai0="1,6,11,16,23,27,60,63,79,85,97,98,99" hai1="7,9,15,28,29,45,51,53,80,81,105,106,107" hai3="17,18,19,84,86,88,89" /><INIT seed="4,3,2,5,0,44" ten="239,133,282,326" oya="0" hai0="19,104,55,45,131,65,88,109,56,30,29,42,123" hai1="33,114,54,57,38,91,86,62,4,48,76,119,41" hai2="89,84,92,98,77,20,121,18,13,134,23,129,35" hai3="21,0,50,112,51,96,34,60,97,9,130,26,126"/><T17/><D123/><U31/><E119/><V40/><F121/><W79/><G112/><T113/><D104/><U111/><E76/><V25/><F134/><W68/><G34/><T63/><D113/><U93/><E111/><V3/><F129/><W108/><G108/><T116/><D116/><U7/><E114/><V102/><F3/><W49/><G130/><T81/><D131/><U1/><E1/><V28/><F40/><W61/><G126/><T71/><D109/><U80/><E31/><V78/><REACH who="2" step="1"/><F35/><REACH who="2" step="2"/><W128/><G128/><T110/><D110/><U2/><E33/><V75/><F75/><W14/><G0/><T64/><D42/><U37/><E2/><V53/><F53/><W107/><G107/><AGARI ba="3,3" hai="13,18,20,23,25,28,77,78,84,89,92,98,102,107" machi="107" ten="30,2000,0" yaku="1,1,7,1,53,0" doraHai="44" doraHaiUra="39" who="2" fromWho="3" sc="239,0,133,0,272,59,326,-29" /><INIT seed="5,0,0,3,4,23" ten="239,133,331,297" oya="1" hai0="46,112,73,129,32,102,126,40,2,21,56,81,98" hai1="92,95,118,83,59,93,13,110,88,113,132,34,58" hai2="123,128,49,74,72,64,31,91,115,119,55,121,86" hai3="78,117,5,29,127,109,30,107,44,61,96,7,57"/><U94/><E34/><V26/><F119/><W52/><G117/><T3/><D32/><U85/><E118/><V120/><F128/><W9/><G109/><T27/><D129/><U100/><E110/><V36/><F36/><W90/><G78/><T19/><D112/><U54/><E113/><V135/><F64/><W38/><G127/><T28/><D126/><U106/><E132/><V103/><F103/><W39/><G39/><T130/><D130/><U18/><E106/><V68/><F68/><W43/><G7/><T133/><D56/><U97/><REACH who="1" step="1"/><E54/><REACH who="1" step="2"/><V11/><F115/><W8/><G107/><T22/><D133/><U75/><E75/><V10/><F135/><W63/><G52/><T111/><D111/><U105/><E105/><V42/><F72/><W87/><G43/><T35/><D35/><U114/><E114/><V134/><F74/><W65/><G65/><T6/><D73/><U80/><E80/><V60/><F134/><W70/><G70/><T4/><D81/><U53/><E53/><V101/><F55/><W66/><G66/><T79/><D40/><U84/><E84/><V33/><F86/><W116/><G87/><T15/><D46/><U24/><E24/><V124/><F26/><W47/><G116/><T48/><D27/><U20/><AGARI ba="0,1" hai="13,18,20,58,59,83,85,88,92,93,94,95,97,100" machi="20" ten="30,12000,1" yaku="1,1,0,1,8,1,54,1,53,1" doraHai="23" doraHaiUra="82" who="1" fromWho="1" sc="239,-40,123,130,331,-40,297,-40" /><INIT seed="5,1,0,0,2,94" ten="199,253,291,257" oya="1" hai0="113,135,6,0,52,22,132,41,75,47,38,117,67" hai1="5,125,98,49,108,58,37,71,115,53,44,99,89" hai2="110,77,11,32,54,36,90,12,92,96,65,100,18" hai3="127,9,91,73,114,21,129,107,59,29,97,87,70"/><U39/><E115/><V46/><F110/><W112/><G73/><T51/><D117/><U128/><E71/><V17/><F32/><W119/><G70/><T111/><D111/><U85/><E108/><V123/><F123/><W8/><G119/><T55/><D113/><N who="3" m="43625" /><G129/><T33/><D33/><U68/><E68/><V40/><F77/><W130/><G130/><T60/><D75/><U76/><E128/><V10/><F65/><W72/><G72/><T105/><D105/><U13/><E76/><V2/><F54/><N who="0" m="20522" /><D22/><U116/><E116/><V48/><F36/><W1/><G1/><T25/><D25/><U15/><E125/><V69/><F69/><W14/><G127/><T3/><D6/><U24/><E24/><V50/><F50/><W81/><G59/><N who="0" m="37279" /><D38/><U101/><E101/><V79/><F79/><W83/><G83/><T57/><D57/><U104/><E104/><V43/><F40/><W35/><G35/><T121/><D121/><U118/><E118/><V64/><F64/><W133/><G107/><T80/><D80/><N who="1" m="49319" /><E39/><V66/><F66/><W28/><G97/><N who="1" m="36874" /><E5/><V19/><F2/><W26/><G29/><T126/><D126/><U45/><E37/><V42/><F100/><W61/><G28/><T7/><D7/><U86/><E86/><V131/><F131/><W31/><G87/><T74/><D74/><U84/><E84/><V122/><F122/><W27/><G31/><T30/><D30/><U23/><E23/><V124/><F124/><W88/><G27/><T102/><D102/><U95/><E95/><V103/><F92/><W4/><G26/><RYUUKYOKU ba="1,0" sc="199,15,253,15,291,-15,257,-15" hai0="0,3,41,47,51,132,135" hai1="13,15,44,45,49,53,58" /><INIT seed="5,2,0,4,5,20" ten="214,268,276,242" oya="1" hai0="31,57,51,67,29,85,89,108,123,91,17,111,49" hai1="115,69,14,48,16,84,88,15,25,114,127,34,54" hai2="13,9,134,125,90,72,126,82,28,61,18,103,66" hai3="105,73,64,101,110,40,7,11,23,44,113,0,121"/><U68/><E127/><N who="2" m="48651" /><F134/><W52/><G121/><T118/><D118/><U24/><E34/><V65/><F103/><W53/><G73/><T78/><D123/><U117/><E117/><V81/><F28/><W8/><G8/><T6/><D6/><U94/><E69/><N who="2" m="42159" /><F72/><W106/><G110/><T43/><D43/><U133/><E68/><V21/><F66/><W39/><G64/><T76/><D67/><U107/><E107/><V98/><F9/><W19/><G113/><N who="1" m="43018" /><E133/><V100/><F90/><W129/><G106/><AGARI ba="2,0" hai="13,18,21,81,82,98,100,106" m="42159,48651" machi="106" ten="30,1000,0" yaku="18,1" doraHai="20" who="2" fromWho="3" sc="214,0,268,0,276,16,242,-16" /><INIT seed="6,0,0,0,2,92" ten="214,268,292,226" oya="2" hai0="31,107,21,109,15,96,13,48,34,64,44,18,30" hai1="51,131,78,112,36,7,43,65,115,120,54,12,1" hai2="126,79,4,10,130,33,57,62,9,11,27,81,14" hai3="58,93,84,116,127,25,70,114,60,74,121,76,119"/><V49/><F130/><W22/><G121/><T56/><D109/><U118/><E131/><V102/><F126/><W80/><G70/><T37/><D37/><U29/><E1/><V53/><F102/><W98/><G127/><T35/><D15/><U123/><E29/><V5/><F33/><W100/><G114/><N who="1" m="43562" /><E78/><V82/><F27/><W59/><G74/><T40/><D31/><U38/><E12/><V103/><F103/><W134/><G134/><T104/><D104/><U46/><E7/><V91/><F4/><W8/><G8/><T97/><D107/><U94/><E94/><V124/><F124/><W42/><G42/><T17/><D18/><U6/><E6/><V67/><F91/><W71/><G71/><T125/><D125/><U50/><E118/><V24/><F24/><W128/><G128/><T77/><D77/><U72/><E72/><V26/><F26/><W85/><G85/><T133/><D133/><U23/><E23/><V55/><F55/><W106/><G106/><T83/><D30/><U111/><E65/><V47/><F81/><W45/><G45/><T28/><D28/><U2/><E2/><V132/><F132/><W66/><REACH who="3" step="1"/><G59/><REACH who="3" step="2"/><T19/><D56/><N who="1" m="32855" /><E111/><V87/><AGARI ba="0,1" hai="5,9,10,11,14,47,49,53,57,62,67,79,82,87" machi="87" ten="20,3900,0" yaku="0,1,7,1,8,1" doraHai="92" who="2" fromWho="2" sc="214,-13,268,-13,292,49,216,-13" /><INIT seed="6,1,0,5,2,82" ten="201,255,341,203" oya="2" hai0="67,32,68,58,7,83,30,15,132,110,101,26,90" hai1="87,8,77,116,62,40,92,41,19,81,11,14,27" hai2="112,42,20,76,61,28,131,39,13,49,64,135,5" hai3="18,36,33,9,103,113,106,51,69,119,105,128,107"/><V6/><F39/><W78/><G119/><T91/><D110/><U2/><E116/><V111/><F111/><W24/><G36/><T118/><D118/><U122/><E122/><V22/><F135/><W95/><G69/><T89/><D132/><U35/><E92/><V10/><F131/><W96/><G128/><T23/><D68/><U54/><E35/><V93/><F112/><W117/><G117/><T133/><D133/><U38/><E38/><V17/><F76/><W47/><G78/><T70/><D70/><U56/><E27/><V16/><F28/><W84/><G113/><T127/><D127/><U73/><E73/><V86/><F42/><W114/><G114/><T104/><D101/><U125/><E125/><V50/><F61/><W44/><G47/><T115/><D104/><U126/><E126/><V3/><F64/><W99/><G107/><T43/><D43/><U75/><REACH who="1" step="1"/><E75/><REACH who="1" step="2"/><V121/><F121/><W0/><G106/><T45/><D32/><U124/><E124/><V102/><F93/><W29/><G105/><T94/><D94/><U80/><E80/><V34/><F34/><W52/><G33/><T134/><D134/><U98/><E98/><V97/><F97/><W88/><G99/><T57/><D115/><U31/><E31/><V130/><F130/><W60/><G29/><T85/><D30/><U53/><E53/><V25/><F25/><W55/><G24/><T109/><D26/><U120/><E120/><V63/><F102/><W108/><G103/><T79/><D109/><U71/><E71/><V1/><F3/><W12/><G0/><RYUUKYOKU ba="1,1" sc="201,-10,245,30,341,-10,203,-10" hai1="2,8,11,14,19,40,41,54,56,62,77,81,87" /><INIT seed="7,2,1,1,4,84" ten="191,275,331,193" oya="3" hai0="125,73,58,70,103,24,13,69,38,28,77,111,114" hai1="106,89,27,29,79,37,18,122,121,67,90,63,21" hai2="82,44,123,2,134,112,5,40,25,127,42,129,72" hai3="49,102,133,74,56,31,117,48,6,4,80,86,47"/><W16/><G117/><T96/><D111/><U9/><E37/><N who="2" m="21519" /><F112/><W35/><G74/><T10/><D38/><U19/><E79/><N who="2" m="44391" /><F123/><W126/><G126/><T109/><D109/><U33/><E106/><V8/><F127/><W41/><G133/><T93/><D125/><U50/><E50/><V99/><F134/><W23/><G102/><T39/><D39/><U55/><E55/><V57/><F129/><W130/><G130/><T3/><D114/><U43/><E43/><V76/><F42/><N who="3" m="24695" /><G31/><T131/><D131/><U54/><E54/><V119/><F119/><W68/><G68/><T12/><D70/><U17/><E9/><V107/><F76/><N who="3" m="46343" /><G35/><T22/><D69/><U81/><E81/><V101/><F25/><N who="3" m="14567" /><G56/><AGARI ba="2,1" hai="2,5,8,56,57,99,101,107" m="44391,21519" machi="56" ten="30,1000,0" yaku="25,1" doraHai="84" who="2" fromWho="3" sc="191,0,275,0,331,26,193,-16" owari="191,-21,275,8,357,45,177,-32" /></mjloggm>