<mjloggm ver="2.3"><GO type="97"/><UN n0="%E3%82%B5%E3%83%B3%E3%82%BF%E3%82%AF%E3%83%B3" n1="%E3%81%B2%E3%81%92%E3%81%B6%E3%81%A1%E3%82%87%E3%81%86" n2="%E3%81%B5%E3%82%89%E3%82%93%E3%81%9B%E3%81%99%E3%81%8F%E3%82%93" n3="%E3%82%A6%E3%83%AB%E3%83%88%E3%83%A9%E7%AB%8B%E7%9B%B4" dan="13,14,13,15" rate="1840,1940,1889,1948" sx="M,M,M,M"/><TAIKYOKU oya="0"/><INIT seed="0,0,0,5,0,39" ten="250,250,250,250" oya="0" hai0="29,108,110,65,89,73,2,14,66,79,111,22,20" hai1="135,121,109,19,129,132,71,86,119,83,48,51,104" hai2="134,7,72,112,52,99,56,13,11,12,30,49,27" hai3="103,114,32,120,92,47,107,126,130,43,33,3,98"/><T28/><D73/><U84/><E121/><V87/><F112/><W60/><G114/><T105/><D79/><U74/><E119/><V34/><F72/><W102/><G120/><T21/><D105/><U77/><E71/><V68/><F68/><W118/><G118/><T63/><D89/><U115/><E115/><V36/><F36/><W17/><G126/><T122/><D2/><U37/><E37/><V97/><F134/><N who="1" m="51241" /><E109/><V94/><F13/><W67/><G130/><T131/><D14/><U4/><E129/><V8/><F8/><W133/><G133/><T31/><D63/><U45/><E4/><V54/><F87/><W64/><G17/><T5/><D5/><U42/><E104/><V10/><F10/><W0/><G92/><T117/><D131/><U85/><E48/><V113/><F113/><W61/><G107/><T15/><D15/><U75/><E19/><V81/><F81/><W88/><G98/><T46/><D122/><U93/><E93/><V78/><F78/><W38/><G38/><T23/><N who="0" m="5632" /><DORA hai="116" /><T9/><D9/><U125/><E75/><V91/><F99/><W57/><G57/><T26/><D117/><U24/><E24/><V59/><REACH who="2" step="1"/><F54/><REACH who="2" ten="250,250,240,250" step="2"/><W106/><G3/><T44/><REACH who="0" step="1"/><D26/><REACH who="0" ten="240,250,240,250" step="2"/><U96/><E96/><V128/><F128/><W50/><G0/><T62/><D62/><U16/><E125/><V95/><F95/><W25/><G61/><T18/><D18/><U123/><E123/><V100/><F100/><W53/><G60/><T69/><D69/><U41/><E16/><V90/><F90/><W55/><G103/><RYUUKYOKU ba="0,2" sc="240,10,250,10,240,10,250,-30" hai0="28,29,31,44,46,65,66,108,110,111" hai1="41,42,45,51,74,77,83,84,85,86" hai2="7,11,12,27,30,34,49,52,56,59,91,94,97" /><INIT seed="0,1,2,4,5,116" ten="250,260,250,220" oya="0" hai0="73,104,0,93,50,95,118,127,128,109,18,57,39" hai1="58,38,61,83,3,80,72,60,94,84,88,15,24" hai2="4,69,100,90,62,8,22,105,126,101,21,134,42" hai3="89,103,14,77,34,47,111,29,1,107,9,86,68"/><T12/><D0/><U33/><E3/><V31/><F126/><W122/><G68/><T7/><D118/><U28/><E38/><V110/><F110/><W129/><G111/><T16/><D73/><U36/><E36/><V52/><F134/><W67/><G67/><T19/><D104/><U23/><E72/><V74/><F74/><W97/><G129/><T5/><D39/><U17/><REACH who="1" step="1"/><E61/><REACH who="1" ten="250,250,250,220" step="2"/><V66/><F42/><W91/><G1/><T49/><D109/><U55/><AGARI ba="1,3" hai="15,17,23,24,28,33,55,58,60,80,83,84,88,94" machi="55" ten="20,8000,1" yaku="1,1,2,1,0,1,7,1,54,1,53,0" doraHai="116" doraHaiUra="133" who="1" fromWho="1" sc="250,-41,250,113,250,-21,220,-21" /><INIT seed="1,0,0,0,1,118" ten="209,363,229,199" oya="1" hai0="8,111,31,63,17,19,59,73,72,116,54,14,52" hai1="53,48,62,89,88,117,16,35,22,132,21,125,43" hai2="4,135,82,120,85,110,74,96,76,70,129,23,68" hai3="94,26,2,67,28,56,47,90,33,61,65,6,32"/><U39/><E117/><V83/><F120/><W5/><G33/><T36/><D111/><U9/><E35/><V133/><F110/><W95/><G2/><T0/><D116/><U20/><E132/><N who="2" m="50763" /><F129/><W107/><G107/><T122/><D36/><U49/><E125/><V60/><F4/><W80/><G80/><T84/><D0/><U34/><E34/><V124/><F124/><W58/><G47/><T30/><D122/><U12/><E39/><V1/><F1/><W128/><G128/><T86/><D19/><U10/><E43/><V99/><F23/><N who="1" m="8777" /><E62/><V13/><F13/><W101/><G101/><T103/><D103/><U109/><E109/><V15/><F15/><W69/><G94/><T40/><D40/><U75/><E75/><V51/><F51/><N who="1" m="19529" /><E53/><N who="0" m="20585" /><D72/><U100/><E100/><V55/><F55/><W77/><G77/><T46/><D73/><U91/><AGARI ba="0,0" hai="9,10,12,16,22,88,89,91" m="19529,8777" machi="91" ten="30,6000,0" yaku="8,1,54,2" doraHai="118" who="1" fromWho="1" sc="209,-20,363,60,229,-20,199,-20" /><INIT seed="1,1,0,0,3,108" ten="189,423,209,179" oya="1" hai0="65,80,34,25,72,90,128,134,49,17,111,43,81" hai1="57,119,88,109,9,44,22,125,133,98,97,29,78" hai2="71,83,135,8,84,74,110,19,69,116,3,93,12" hai3="61,79,127,0,73,96,104,101,129,77,86,37,63"/><U40/><E119/><V82/><F110/><W36/><G127/><T67/><D111/><U11/><E109/><V32/><F32/><W121/><G121/><T5/><D128/><U53/><E125/><V50/><F116/><W24/><G129/><T103/><D134/><U27/><E133/><V28/><F135/><W89/><G0/><T94/><D103/><U55/><E78/><V31/><F3/><W58/><G24/><T33/><D5/><U60/><E55/><V4/><F4/><W48/><G48/><T42/><D72/><U112/><E112/><V15/><F50/><W26/><G26/><T123/><D123/><U70/><E70/><V115/><F115/><W124/><G124/><T105/><D105/><U126/><E126/><V38/><F38/><W106/><G106/><T130/><D130/><U87/><E98/><V107/><F107/><W76/><G73/><T100/><D100/><U52/><E53/><V92/><F8/><W75/><G75/><T122/><D122/><U99/><E97/><V64/><F74/><W54/><REACH who="3" step="1"/><G61/><REACH who="3" ten="189,423,209,169" step="2"/><T46/><D34/><U118/><E118/><V16/><REACH who="2" step="1"/><F84/><REACH who="2" ten="189,423,199,169" step="2"/><W13/><G13/><T20/><D33/><U114/><E114/><V21/><F21/><W41/><G41/><T91/><D42/><U23/><E87/><V10/><F10/><W120/><G120/><T35/><D35/><U113/><E113/><V131/><F131/><W2/><G2/><T66/><D91/><U117/><E117/><V102/><F102/><W59/><G59/><T56/><D56/><U62/><E11/><V47/><F47/><RYUUKYOKU ba="1,2" sc="189,10,423,-30,199,10,169,10" hai0="17,20,25,43,46,49,65,66,67,80,81,90,94" hai2="12,15,16,19,28,31,64,69,71,82,83,92,93" hai3="36,37,54,58,63,76,77,79,86,89,96,101,104" /><INIT seed="2,2,2,5,2,39" ten="199,393,209,179" oya="2" hai0="20,85,119,50,87,76,107,59,40,110,65,8,48" hai1="22,89,38,43,4,3,34,135,27,56,117,99,79" hai2="25,47,44,30,88,62,24,52,121,14,35,32,127" hai3="5,126,102,130,69,131,111,97,6,74,67,66,93"/><V45/><F121/><W7/><G74/><T0/><D107/><U17/><E117/><V23/><F127/><W109/><G126/><T81/><D119/><U55/><E79/><V42/><F32/><W71/><G93/><T13/><D110/><N who="3" m="41993" /><G97/><T129/><D0/><U57/><E135/><V19/><F88/><W116/><G102/><T125/><D129/><N who="3" m="49161" /><G116/><T28/><D125/><U103/><E34/><V53/><F25/><W84/><G84/><T91/><D20/><U70/><E70/><AGARI ba="2,2" hai="5,6,7,66,67,69,70,71" m="49161,41993" machi="70" ten="40,8000,1" yaku="28,2,14,1,19,1" doraHai="39" who="3" fromWho="1" sc="199,0,393,-86,209,0,179,106" /><INIT seed="3,0,0,4,2,99" ten="199,307,209,285" oya="3" hai0="119,78,103,22,79,30,94,26,4,64,98,132,135" hai1="128,108,81,111,59,25,107,2,32,120,31,66,92" hai2="123,37,91,134,121,113,75,62,87,0,57,112,14" hai3="29,50,33,110,86,19,122,83,124,10,70,68,115"/><W114/><G122/><N who="2" m="46601" /><F0/><W69/><G124/><T130/><D130/><U56/><E120/><V95/><F37/><W23/><G110/><N who="1" m="42026" /><E107/><V85/><F14/><W125/><G125/><T43/><D119/><U13/><E128/><V36/><F36/><W16/><G33/><T44/><D64/><U127/><E127/><V28/><F28/><W100/><G100/><T45/><D4/><U129/><E129/><V63/><F63/><W18/><G10/><T104/><D104/><U74/><E2/><V12/><F12/><W89/><REACH who="3" step="1"/><G50/><REACH who="3" ten="199,307,209,275" step="2"/><N who="0" m="26911" /><D135/><U77/><E66/><V21/><F134/><W102/><G102/><T72/><D132/><U54/><E54/><V67/><F21/><W9/><G9/><T117/><D117/><U5/><E92/><V60/><F60/><W52/><G52/><T84/><D72/><U93/><E93/><V49/><F75/><W97/><G97/><T7/><D84/><N who="2" m="32330" /><F49/><W76/><G76/><T35/><D35/><U61/><E61/><V8/><F8/><AGARI ba="0,1" hai="5,8,13,25,31,32,56,59,74,77,81" m="42026" machi="8" ten="30,1000,0" yaku="14,1" doraHai="99" who="1" fromWho="2" sc="199,0,307,20,209,-10,275,0" owari="199,-20.0,327,42.0,199,-30.0,275,8.0" /></mjloggm>