<mjloggm ver="2.3"><GO type="169"/><UN n0="%E4%BB%AE%E3%81%A7%E3%81%99" n1="%E5%89%A3%E5%9F%8E" n2="%E3%81%91%E3%82%93%31%39%37%30" n3="%EF%BC%88%E2%89%A7%E2%96%BD%E2%89%A6%EF%BC%89" dan="16,16,16,18" rate="2028,2077,2028,2121" sx="M,M,M,M"/><TAIKYOKU oya="0"/><INIT seed="0,0,0,3,5,121" ten="250,250,250,250" oya="0" hai0="126,40,64,53,102,42,78,66,84,119,123,94,20" hai1="1,87,81,55,34,65,116,45,16,17,124,46,131" hai2="50,91,19,107,26,60,29,37,43,3,132,130,90" hai3="99,125,22,114,98,82,109,58,31,13,69,79,104"/><T68/><D119/><U57/><E34/><V111/><F3/><W129/><G69/><T89/><D123/><U12/><E1/><V15/><F37/><W44/><G114/><T103/><D126/><U18/><E116/><V110/><F107/><W135/><G125/><T122/><D122/><U85/><E124/><V88/><F60/><W48/><G135/><T61/><D68/><U52/><E131/><V96/><F130/><W100/><G129/><T113/><D113/><U25/><E25/><V75/><F75/><W59/><G99/><T23/><D78/><U86/><E81/><V72/><F72/><W128/><G128/><T62/><D53/><N who="1" m="20555" /><E12/><V101/><F132/><W134/><G134/><T41/><D62/><AGARI ba="0,0" hai="16,17,18,45,46,57,62,65,85,86,87" m="20555" machi="62" ten="40,5200,0" yaku="8,1,54,2" doraHai="121" who="1" fromWho="0" sc="250,-52,250,52,250,0,250,0" /><INIT seed="1,0,0,5,4,123" ten="198,302,250,250" oya="1" hai0="47,32,4,26,29,114,95,24,59,3,105,129,63" hai1="31,22,126,118,21,101,6,127,128,76,46,16,35" hai2="7,19,57,82,111,41,86,14,50,53,91,116,100" hai3="130,38,39,17,58,94,30,106,83,135,115,55,54"/><U132/><E76/><V43/><F116/><W98/><G106/><T110/><D105/><U113/><E101/><V73/><F73/><W36/><G115/><T120/><D114/><U121/><E46/><V97/><F7/><W8/><G135/><T71/><D120/><U77/><E77/><V61/><F61/><W72/><G130/><T9/><D71/><U18/><E121/><V69/><F69/><W60/><G30/><T84/><D129/><U12/><E113/><V13/><F13/><W25/><G83/><T37/><D37/><U67/><E67/><V44/><F57/><W64/><G72/><T90/><D47/><U107/><E107/><V124/><F124/><N who="1" m="47657" /><E128/><V125/><F125/><W20/><REACH who="3" step="1"/><G8/><REACH who="3" ten="198,302,250,240" step="2"/><T27/><REACH who="0" step="1"/><D110/><REACH who="0" ten="188,302,250,240" step="2"/><U78/><E118/><V74/><F111/><W96/><G96/><T92/><D92/><U48/><E132/><V66/><F74/><W11/><G11/><T51/><D51/><U40/><E48/><V85/><F85/><W10/><G10/><T133/><D133/><U79/><E79/><V102/><F97/><W62/><G62/><T103/><D103/><AGARI ba="0,2" hai="17,20,25,36,38,39,54,55,58,60,64,94,98,103" machi="103" ten="40,1300,0" yaku="1,1,53,0" doraHai="123" doraHaiUra="42" who="3" fromWho="0" sc="188,-13,302,0,250,0,240,33" /><INIT seed="2,0,0,1,2,62" ten="175,302,250,273" oya="2" hai0="124,91,74,2,77,43,28,25,15,134,23,104,123" hai1="95,76,90,87,114,100,108,84,131,126,121,7,98" hai2="51,53,105,122,80,127,33,56,82,12,1,120,45" hai3="116,38,67,34,16,99,73,57,37,97,119,103,68"/><V52/><F1/><W21/><G73/><T86/><D104/><U89/><E7/><V135/><F33/><W94/><G34/><T129/><D2/><U20/><E114/><V71/><F71/><W31/><G68/><T125/><D123/><U109/><E20/><V69/><F69/><W55/><G38/><T96/><D129/><U39/><E39/><V49/><F105/><W115/><G37/><T65/><D134/><U46/><E46/><V10/><F135/><W18/><G115/><T92/><D43/><U30/><E30/><V0/><F0/><W17/><G99/><T26/><D15/><U75/><E131/><V5/><F127/><N who="0" m="48714" /><D26/><U41/><E41/><V133/><F133/><W42/><G42/><T83/><D74/><U50/><E126/><V88/><F122/><W117/><G55/><T36/><D36/><U93/><E50/><V14/><F120/><W112/><G112/><T3/><D3/><U6/><E6/><V132/><F132/><W11/><G11/><T27/><D27/><U70/><E70/><V63/><F14/><W48/><G48/><T78/><D77/><U32/><E32/><V81/><F51/><W102/><G119/><T44/><D44/><U40/><E40/><V22/><F22/><W47/><G47/><T24/><D24/><U79/><E121/><V106/><F106/><W128/><G128/><T29/><D29/><U54/><E54/><V107/><F107/><N who="3" m="63951" /><G31/><T64/><AGARI ba="0,0" hai="23,25,28,64,65,78,83,86,91,92,96" m="48714" machi="64" ten="30,4000,0" yaku="18,1,52,2" doraHai="62" who="0" fromWho="0" sc="175,40,302,-10,250,-20,273,-10" /><INIT seed="3,0,0,3,1,75" ten="215,292,230,263" oya="3" hai0="59,99,110,74,116,13,7,118,96,53,55,87,70" hai1="5,81,3,131,107,69,128,93,73,2,28,46,135" hai2="24,67,125,15,38,33,8,127,84,34,20,119,17" hai3="80,16,48,78,25,124,47,101,30,31,105,43,49"/><W132/><G132/><T40/><D70/><U134/><E69/><V29/><F38/><W91/><G124/><T51/><D74/><U35/><E46/><V22/><F67/><W79/><G105/><T23/><D110/><U100/><E5/><V37/><F37/><W117/><G101/><T130/><D40/><U68/><E68/><V89/><F89/><W126/><G126/><N who="2" m="48137" /><F119/><W90/><G117/><T32/><D32/><N who="2" m="12394" /><F84/><N who="3" m="50439" /><G91/><T18/><D130/><N who="1" m="49707" /><E93/><V115/><F115/><W44/><G16/><T129/><D129/><U72/><E100/><V1/><F1/><N who="1" m="9" /><E107/><V83/><F83/><W42/><G25/><T76/><D118/><U123/><E123/><V12/><F8/><W88/><G88/><T62/><D116/><U39/><E39/><V114/><F114/><W21/><G21/><T14/><D7/><U122/><E122/><V41/><F41/><W65/><G65/><T112/><D112/><U108/><E73/><V66/><F66/><W45/><G45/><N who="0" m="27887" /><D13/><AGARI ba="0,0" hai="12,13,15,17,20,22,24,29" m="12394,48137" machi="13" ten="30,3900,0" yaku="18,1,34,2" doraHai="75" who="2" fromWho="0" sc="215,-39,292,0,230,39,263,0" /><INIT seed="4,0,0,3,0,83" ten="176,292,269,263" oya="0" hai0="62,130,64,33,52,104,97,85,134,29,5,12,3" hai1="67,14,111,36,30,114,69,74,4,61,66,76,56" hai2="49,132,27,10,63,113,128,9,116,13,20,79,72" hai3="43,40,71,32,23,57,112,8,115,73,18,121,45"/><T129/><D134/><U80/><E111/><V81/><F132/><W89/><G73/><T60/><D3/><U75/><E36/><V15/><F116/><W7/><G71/><T95/><D104/><U122/><E122/><V124/><F124/><W93/><G32/><T135/><D135/><U101/><E30/><V82/><F128/><N who="0" m="49258" /><D29/><U117/><E117/><V105/><F105/><W133/><G133/><T87/><D33/><U84/><E101/><V53/><F63/><N who="0" m="24106" /><D64/><U123/><E123/><V55/><F27/><N who="3" m="14839" /><G121/><T98/><D52/><U31/><E31/><V25/><F25/><W92/><G57/><T102/><D97/><U17/><E67/><V26/><F26/><W35/><G35/><T99/><D98/><U108/><E66/><V127/><F127/><W70/><G70/><T91/><D102/><U22/><E69/><V41/><F53/><W50/><G43/><T125/><D125/><U103/><E103/><V78/><F41/><W94/><G115/><T109/><D109/><U118/><E108/><V65/><F113/><W110/><G112/><T47/><D47/><U37/><E114/><V126/><F126/><W24/><G110/><T107/><D107/><U6/><E118/><V19/><F65/><W106/><G106/><T96/><D96/><U68/><E68/><V48/><F55/><W1/><G24/><T90/><D90/><U16/><E61/><V100/><F100/><W59/><G89/><T51/><D51/><N who="2" m="19530" /><F15/><W42/><G42/><T28/><D28/><U11/><E14/><V54/><F54/><N who="3" m="32215" /><G40/><T131/><N who="0" m="49266" /><T77/><DORA hai="88" /><D77/><RYUUKYOKU ba="0,0" sc="176,10,292,-30,269,10,263,10" hai0="5,12,85,87,91,95,99" hai2="9,10,13,19,20,72,78,79,81,82" hai3="1,7,8,45,92,93,94" /><INIT seed="4,1,0,1,1,2" ten="186,262,279,273" oya="0" hai0="99,81,106,130,82,11,6,62,129,16,27,15,127" hai1="111,102,105,86,46,7,72,20,71,91,115,31,60" hai2="97,70,128,32,22,94,93,67,30,43,57,64,112" hai3="55,14,68,135,35,13,65,84,66,48,38,100,119"/><T5/><D127/><U109/><E72/><V12/><F43/><W96/><G38/><T76/><D62/><U42/><E105/><V63/><F128/><N who="0" m="49258" /><D27/><U117/><E102/><V116/><F116/><W56/><G35/><T125/><D125/><U95/><E117/><V73/><F73/><W90/><G119/><T21/><D21/><U89/><E20/><V59/><F32/><W51/><G135/><T47/><D47/><U110/><E31/><V33/><F33/><W103/><G68/><T87/><D82/><U45/><E60/><V132/><F132/><W37/><G37/><T39/><D39/><U121/><E71/><V126/><F126/><W122/><G122/><T101/><AGARI ba="1,0" hai="5,6,11,15,16,76,81,87,99,101,106" m="49258" machi="101" ten="30,11700,0" yaku="19,1,52,2,54,1" doraHai="2" who="0" fromWho="0" sc="186,120,262,-40,279,-40,273,-40" /><INIT seed="4,2,0,2,0,14" ten="306,222,239,233" oya="0" hai0="132,70,64,102,73,28,47,29,18,112,49,125,75" hai1="126,82,45,63,79,44,39,16,40,58,20,87,103" hai2="59,7,9,128,30,107,91,129,13,86,15,99,55" hai3="53,61,1,21,23,19,77,95,24,80,10,60,76"/><T32/><D102/><U114/><E126/><V4/><F30/><N who="3" m="17695" /><G1/><T104/><D104/><U43/><E103/><V69/><F69/><W35/><G35/><T57/><D70/><U36/><E114/><V127/><F127/><W38/><G38/><T115/><D125/><U101/><E101/><V111/><F107/><W110/><G110/><T71/><D71/><U105/><E105/><V41/><F99/><W81/><G10/><T52/><D132/><U51/><E51/><V100/><F100/><W56/><G95/><T85/><D85/><U8/><E8/><V68/><F111/><W122/><G61/><N who="0" m="37935" /><D18/><U12/><E58/><V54/><F68/><W72/><G72/><N who="0" m="27723" /><D32/><U27/><E63/><V34/><F34/><W3/><G122/><T62/><D62/><U33/><E33/><V131/><F41/><W119/><G119/><T83/><D83/><N who="3" m="31817" /><G3/><T74/><D74/><U50/><E50/><V5/><F55/><W124/><G124/><T89/><D89/><U109/><E109/><V90/><F86/><W67/><G53/><T37/><D37/><U22/><E22/><V0/><F0/><W120/><G120/><T84/><D84/><U6/><E6/><N who="2" m="3511" /><F13/><AGARI ba="2,0" hai="13,19,21,56,60,67,76,77" m="31817,17695" machi="13" ten="30,2000,0" yaku="8,1,52,1" doraHai="14" who="3" fromWho="2" sc="306,0,222,0,239,-26,233,26" /><AGARI ba="2,0" hai="12,13,16,20,27,36,39,40,43,44,45,79,82,87" machi="13" ten="40,5200,0" yaku="9,1,52,1,54,1" doraHai="14" who="1" fromWho="2" sc="306,0,222,52,213,-52,259,0" /><INIT seed="5,0,0,5,3,91" ten="306,274,161,259" oya="1" hai0="61,105,96,55,86,41,124,131,93,71,95,47,44" hai1="30,81,76,27,90,126,23,75,50,88,110,8,5" hai2="48,84,38,104,63,0,12,25,122,17,100,57,20" hai3="59,70,80,26,62,73,97,117,118,79,52,128,68"/><U120/><E110/><V92/><F38/><W77/><G128/><T85/><D105/><U32/><E120/><V1/><F122/><W107/><G77/><T94/><D131/><U9/><E126/><V28/><F104/><W98/><G26/><T101/><D124/><U130/><E130/><V65/><F48/><W10/><G10/><T116/><D116/><N who="3" m="44649" /><G107/><T129/><D129/><U121/><E121/><V108/><F108/><W82/><G82/><T49/><D71/><AGARI ba="0,0" hai="52,59,62,68,70,71,73,79,80,97,98" m="44649" machi="71" ten="30,2000,0" yaku="12,1,54,1" doraHai="91" who="3" fromWho="0" sc="306,-20,274,0,161,0,259,20" /><INIT seed="6,0,0,4,5,10" ten="286,274,161,279" oya="2" hai0="37,133,130,18,8,79,44,68,95,131,134,88,24" hai1="119,66,29,13,45,116,43,84,42,51,22,69,71" hai2="61,80,5,75,33,16,34,127,122,36,56,17,103" hai3="104,76,67,97,63,30,94,98,27,83,108,73,38"/><V40/><F122/><W53/><G108/><T70/><D79/><U102/><E102/><V2/><F103/><N who="3" m="62583" /><G53/><T23/><D44/><U115/><E84/><V54/><F34/><N who="3" m="20831" /><G94/><T52/><D37/><U93/><E93/><V120/><F33/><W74/><G97/><N who="0" m="57575" /><D52/><N who="1" m="29807" /><E13/><V126/><F120/><W26/><G26/><T9/><D9/><U112/><E22/><V59/><F59/><W81/><G38/><T55/><D55/><U121/><E29/><V85/><F75/><N who="3" m="43167" /><G83/><T125/><D125/><N who="2" m="47626" /><F36/><W0/><G0/><T106/><D106/><U128/><E121/><V14/><F40/><N who="1" m="15401" /><E128/><N who="0" m="49193" /><D8/><U99/><E99/><V20/><F17/><W31/><G31/><T6/><D6/><U113/><E66/><V114/><F5/><W107/><G107/><T90/><D90/><U124/><E124/><V1/><F114/><W28/><G28/><T3/><D3/><U15/><E15/><V101/><F101/><W35/><G35/><T57/><D57/><U7/><E7/><V89/><AGARI ba="0,0" hai="1,2,14,16,20,54,56,61,80,85,89" m="47626" machi="89" ten="30,6000,0" yaku="18,1,52,1,54,1" doraHai="10" who="2" fromWho="2" sc="286,-20,274,-20,161,60,279,-20" /><INIT seed="6,1,0,4,2,1" ten="266,254,221,259" oya="2" hai0="119,120,135,40,110,80,83,35,41,106,62,37,102" hai1="36,51,14,17,133,15,53,68,72,25,0,95,78" hai2="105,92,117,5,107,33,22,124,82,8,42,30,88" hai3="61,118,46,122,125,91,66,111,115,100,69,20,47"/><V6/><F117/><W75/><G118/><T114/><D35/><U74/><E36/><V116/><F116/><W56/><G122/><T128/><D119/><U31/><E0/><V23/><F33/><W18/><G75/><T113/><D110/><U97/><E68/><V12/><F107/><W94/><G111/><T129/><D120/><U55/><E78/><V73/><F105/><W4/><G125/><T85/><D135/><U39/><E39/><V27/><F124/><W28/><G115/><N who="0" m="44043" /><D62/><U127/><E127/><V104/><F104/><W29/><G4/><T121/><D121/><U10/><E14/><V26/><F42/><N who="0" m="16490" /><D37/><U11/><E133/><V77/><F12/><N who="3" m="9287" /><G100/><T98/><D83/><U52/><E51/><V7/><F8/><W58/><G69/><T109/><D109/><U108/><E10/><V103/><F103/><W90/><G56/><T131/><D129/><U71/><E71/><V38/><F38/><W67/><G67/><T81/><D81/><U89/><REACH who="1" step="1"/><E108/><REACH who="1" ten="266,244,221,259" step="2"/><V126/><F126/><W13/><G13/><T43/><D43/><U84/><E84/><V96/><REACH who="2" step="1"/><F7/><REACH who="2" ten="266,244,211,259" step="2"/><W99/><G91/><AGARI ba="1,2" hai="80,85,91,98,102,106,128,131" m="16490,44043" machi="91" ten="30,1000,0" yaku="15,1" doraHai="1" who="0" fromWho="3" sc="266,33,244,0,211,0,259,-13" /><INIT seed="7,0,0,1,4,94" ten="299,244,211,246" oya="3" hai0="7,6,69,83,43,49,122,3,41,89,20,14,123" hai1="56,96,90,68,2,0,26,128,15,130,21,25,108" hai2="35,75,50,12,91,115,22,103,4,97,120,27,9" hai3="18,13,114,113,98,64,54,47,125,48,58,66,126"/><W82/><G82/><T129/><D69/><U134/><E68/><V63/><F75/><W57/><G98/><T62/><D3/><U10/><E56/><N who="3" m="21610" /><G18/><N who="0" m="10327" /><D123/><U60/><E60/><V105/><F120/><W30/><G13/><T100/><D122/><U77/><E77/><V106/><F35/><W78/><G78/><T61/><D129/><N who="1" m="49771" /><E108/><V52/><F63/><N who="0" m="24074" /><D100/><U70/><E70/><V5/><F5/><N who="0" m="1546" /><D49/><U86/><E96/><V88/><F106/><W121/><G121/><T53/><D53/><U92/><E134/><V28/><F115/><N who="3" m="44043" /><G30/><T117/><D117/><U19/><E26/><V65/><F65/><AGARI ba="0,0" hai="47,48,54,64,65,66,125,126" m="44043,21610" machi="65" ten="30,5800,0" yaku="15,1,34,2" doraHai="94" who="3" fromWho="2" sc="299,0,244,0,211,-58,246,58" owari="299,10.0,244,-16.0,153,-35.0,304,41.0" /></mjloggm>