<mjloggm ver="2.3"><GO type="41"/><UN n0="%4F%68%21%E8%BE%B2%E5%AE%B6" n1="%E3%83%AB%E3%83%B3%E3%83%A1%E3%83%8B%E3%82%B2" n2="%EF%BC%88%E2%89%A7%E2%96%BD%E2%89%A6%EF%BC%89" n3="%56%49%4E%43%45%4E%54" dan="13,14,14,16" rate="1850,1871,2093,2015" sx="M,M,M,M"/><TAIKYOKU oya="0"/><INIT seed="0,0,0,0,3,80" ten="250,250,250,250" oya="0" hai0="123,14,127,18,10,73,27,0,102,112,60,133,86" hai1="11,95,88,124,9,71,35,75,54,38,91,122,135" hai2="114,134,1,103,51,89,70,64,7,99,48,65,22" hai3="2,130,129,44,40,30,29,126,42,96,23,52,87"/><T79/><D73/><U31/><E38/><V4/><F114/><W100/><G2/><T90/><D79/><U77/><E71/><V82/><F134/><W107/><G126/><T68/><D102/><U67/><E124/><V53/><F70/><W58/><G87/><T21/><D127/><U101/><E67/><N who="2" m="25675" /><F1/><W125/><G125/><T113/><D123/><U26/><E135/><V76/><F76/><W109/><G109/><T28/><D133/><U61/><E122/><V121/><F121/><W98/><G96/><T120/><D120/><U104/><E104/><V32/><F32/><W66/><G66/><T57/><D68/><U119/><E119/><V115/><F115/><W116/><G116/><T78/><D78/><U43/><E75/><V19/><F103/><W36/><G42/><T111/><D111/><U20/><E77/><V81/><F99/><W12/><G12/><T8/><D10/><N who="1" m="3595" /><E35/><V59/><F51/><W92/><G107/><T6/><D6/><N who="2" m="2090" /><F89/><W41/><G40/><T84/><D0/><U106/><E106/><V110/><F110/><W47/><G44/><T34/><D34/><U50/><E43/><V117/><F117/><W132/><G132/><T69/><D69/><U17/><E50/><V56/><F59/><W74/><G74/><T5/><D5/><U118/><E118/><V93/><F93/><W72/><G72/><T62/><D62/><U55/><E101/><V25/><AGARI ba="0,0" hai="19,22,25,48,53,56,81,82" m="2090,25675" machi="25" ten="30,1100,0" yaku="8,1" doraHai="80" who="2" fromWho="2" sc="250,-5,250,-3,250,11,250,-3" /><INIT seed="1,0,0,1,2,79" ten="245,247,261,247" oya="1" hai0="123,94,28,88,19,97,110,132,40,35,1,53,92" hai1="115,111,61,122,93,130,33,135,101,18,83,31,36" hai2="10,3,7,9,72,89,2,85,112,65,127,104,27" hai3="91,16,75,119,42,129,114,67,124,11,71,59,20"/><U80/><E36/><V60/><F72/><W39/><G114/><T131/><D1/><U55/><E115/><V86/><F104/><W5/><G129/><T70/><D35/><U118/><E122/><V45/><F112/><W26/><G124/><T22/><D28/><U29/><E118/><V133/><F127/><W66/><G119/><T38/><D70/><U64/><E130/><V54/><F133/><W30/><G71/><T15/><D131/><U23/><E135/><V0/><F27/><W76/><G39/><T12/><D132/><U13/><E33/><V46/><F86/><W32/><G42/><T51/><D15/><U96/><E111/><V105/><F105/><W100/><G100/><T57/><D110/><U98/><E98/><V8/><F7/><W84/><G76/><T120/><D38/><U47/><E64/><V87/><F54/><W69/><G69/><T128/><D40/><U63/><E47/><V58/><REACH who="2" step="1"/><F85/><REACH who="2" step="2"/><W106/><G75/><T44/><D128/><U125/><E125/><V25/><F25/><W50/><G106/><T17/><D94/><AGARI ba="0,1" hai="0,2,3,8,9,10,45,46,58,60,65,87,89,94" machi="94" ten="50,3200,0" yaku="1,1,53,1" doraHai="79" doraHaiUra="56" who="2" fromWho="0" sc="245,-32,247,0,251,42,247,0" /><INIT seed="2,0,0,3,5,64" ten="213,247,293,247" oya="2" hai0="0,105,96,110,129,45,77,108,73,135,133,25,16" hai1="1,113,71,24,65,28,56,82,13,58,2,72,7" hai2="18,124,92,94,38,134,10,97,101,132,86,31,76" hai3="122,20,90,117,12,9,27,69,53,100,49,33,37"/><V3/><F38/><W6/><G37/><T104/><D0/><U75/><E56/><V91/><F31/><W17/><G122/><T21/><D45/><U111/><E72/><V35/><F35/><W62/><G117/><T89/><D129/><U36/><E36/><V47/><F47/><W120/><G120/><T93/><D77/><U41/><E41/><V32/><F32/><W118/><G118/><T51/><D51/><U102/><E113/><V15/><F124/><W130/><G130/><T40/><D40/><U26/><E26/><V121/><F121/><W114/><G114/><T57/><D57/><U39/><E39/><V67/><F3/><W79/><G79/><T34/><D73/><U83/><E58/><V115/><F115/><W61/><G100/><T99/><D34/><U87/><E75/><V131/><F131/><W78/><G78/><T59/><D59/><U44/><E44/><V127/><F127/><W23/><G69/><T107/><REACH who="0" step="1"/><D99/><REACH who="0" step="2"/><U98/><E2/><V95/><F76/><W22/><G33/><T46/><D46/><U66/><E1/><V5/><F67/><W50/><G50/><T52/><D52/><U125/><E65/><V103/><F97/><W126/><G126/><T19/><D19/><U63/><E125/><V85/><F18/><W54/><G53/><T43/><D43/><U42/><E42/><V112/><F112/><W81/><G49/><T11/><D11/><U123/><E123/><V8/><F8/><W128/><G54/><T68/><D68/><U116/><E66/><V48/><F48/><W74/><G128/><RYUUKYOKU ba="0,1" sc="203,30,247,-10,293,-10,247,-10" hai0="16,21,25,89,93,96,104,105,107,108,110,133,135" /><INIT seed="3,1,1,3,4,74" ten="233,237,283,237" oya="3" hai0="120,26,24,55,126,82,73,96,32,64,31,87,35" hai1="70,85,39,106,114,46,66,20,127,54,111,17,83" hai2="29,115,100,11,62,129,22,53,27,19,86,72,3" hai3="45,67,58,40,7,80,15,89,60,69,131,108,102"/><W16/><G131/><T103/><D120/><U118/><E106/><V88/><F115/><W49/><G108/><T21/><D126/><U71/><E114/><V98/><F129/><W124/><G124/><T99/><D73/><U0/><E0/><V133/><F72/><W93/><G7/><T63/><D55/><U61/><E127/><V48/><F62/><W132/><G132/><T97/><D99/><U33/><E33/><V10/><F133/><W41/><G69/><T101/><D103/><U95/><E95/><N who="2" m="58463" /><F19/><W113/><G113/><T130/><D130/><U38/><E111/><V34/><F34/><W56/><G102/><T18/><D32/><U84/><E84/><V107/><F3/><W134/><G80/><T50/><D50/><U14/><E71/><V13/><F13/><W2/><G2/><T65/><D97/><U59/><E118/><V119/><F107/><W23/><G58/><T76/><REACH who="0" step="1"/><D63/><REACH who="0" step="2"/><U43/><E54/><V121/><F121/><W12/><G134/><T105/><AGARI ba="1,2" hai="18,21,24,26,31,35,64,65,76,82,87,96,101,105" machi="105" ten="20,8000,1" yaku="1,1,2,1,0,1,7,1,52,1,53,0" doraHai="74" doraHaiUra="42" who="0" fromWho="0" sc="223,103,237,-21,283,-21,237,-41" /><INIT seed="4,0,0,0,2,71" ten="326,216,262,196" oya="0" hai0="111,65,36,51,134,85,26,87,83,56,133,102,47" hai1="97,106,113,129,27,48,90,30,86,20,55,8,23" hai2="105,66,42,84,38,100,32,60,74,9,31,118,80" hai3="7,62,14,68,15,78,94,25,127,57,18,33,52"/><T130/><D26/><U109/><E8/><V54/><F118/><W135/><G135/><N who="0" m="51723" /><D102/><U0/><E0/><V92/><F105/><W22/><G127/><T108/><D83/><U119/><E119/><V115/><F115/><W96/><G68/><T114/><D85/><U81/><E113/><V53/><F9/><N who="3" m="4415" /><G33/><T112/><D87/><U77/><E109/><N who="0" m="42057" /><D130/><U93/><E106/><V28/><F74/><W5/><G78/><T116/><D116/><U24/><E129/><V6/><F6/><W45/><G45/><T11/><D11/><U39/><E39/><V61/><F100/><N who="3" m="60439" /><G5/><T58/><D36/><U76/><E27/><AGARI ba="0,0" hai="15,18,22,25,27,52,57,62" m="60439,4415" machi="27" ten="30,2000,0" yaku="8,1,54,1" doraHai="71" who="3" fromWho="1" sc="326,0,216,-20,262,0,196,20" /><INIT seed="5,0,0,0,5,109" ten="326,196,262,216" oya="1" hai0="118,73,36,3,2,57,68,16,82,98,89,97,66" hai1="96,85,119,80,38,8,11,49,94,59,84,54,62" hai2="107,78,41,106,75,92,34,67,76,50,113,42,131" hai3="81,43,71,14,64,61,114,69,15,74,102,105,133"/><U32/><E38/><V100/><F34/><W1/><G1/><T12/><D118/><U29/><E119/><V18/><F75/><W123/><G123/><T19/><D68/><U40/><E84/><V121/><F121/><W56/><G133/><T20/><D36/><U26/><E40/><N who="2" m="15467" /><F107/><W128/><G128/><T25/><D97/><U125/><E49/><V30/><F106/><W72/><G114/><T35/><D35/><U21/><E32/><V115/><F131/><W5/><G43/><T44/><D44/><U28/><E29/><V79/><F30/><W134/><G134/><T55/><D66/><U46/><E46/><V122/><F122/><W51/><G71/><T10/><D73/><U37/><E37/><V77/><F67/><W58/><G105/><T48/><D82/><U45/><E45/><V116/><F116/><W101/><G69/><T24/><D25/><U93/><E93/><V0/><F0/><W52/><G74/><T60/><D48/><U7/><E7/><V112/><F76/><W70/><G70/><T39/><D39/><U110/><E110/><V31/><F31/><W87/><G72/><T99/><D99/><U23/><E23/><V91/><F50/><W130/><G130/><T13/><D13/><N who="3" m="4617" /><G5/><T95/><AGARI ba="0,0" hai="2,3,10,12,16,19,20,24,55,57,60,89,95,98" machi="95" ten="30,7900,0" yaku="0,1,25,2,54,1" doraHai="109" who="0" fromWho="0" sc="326,79,196,-39,262,-20,216,-20" /><INIT seed="6,0,0,4,0,129" ten="405,157,242,196" oya="2" hai0="40,74,86,28,1,132,119,2,53,64,26,122,8" hai1="76,95,7,59,46,15,22,130,18,111,77,92,91" hai2="102,14,79,96,106,23,100,97,81,82,17,20,80" hai3="42,56,127,99,35,65,60,107,47,101,116,32,98"/><V63/><F63/><W62/><G116/><T69/><D122/><U108/><E46/><V117/><F117/><W88/><G127/><T58/><D74/><U61/><E130/><V25/><F79/><W3/><G3/><T85/><D132/><U71/><E71/><V57/><F57/><W124/><G124/><T6/><D119/><U4/><E95/><V89/><F89/><W37/><G62/><T21/><D40/><U0/><E108/><V78/><F78/><W83/><G99/><T131/><D131/><U68/><E68/><V66/><F66/><W113/><REACH who="3" step="1"/><G113/><REACH who="3" step="2"/><T93/><D2/><U55/><E111/><V33/><F97/><W134/><G134/><T5/><D69/><U128/><E128/><V48/><F96/><W11/><G11/><T133/><D133/><U44/><E0/><V115/><F115/><W45/><G45/><T50/><D64/><U19/><E44/><V118/><F118/><W38/><G38/><T135/><D135/><U109/><E109/><V94/><F106/><W10/><G10/><T34/><D8/><U41/><E7/><V49/><F102/><W67/><G67/><T87/><D1/><U16/><E41/><V72/><F100/><W51/><G51/><T12/><D34/><U104/><E104/><V73/><F48/><W84/><AGARI ba="0,1" hai="32,35,37,42,47,56,60,65,83,84,88,98,101,107" machi="84" ten="30,4000,0" yaku="1,1,0,1,54,1,53,0" doraHai="129" doraHaiUra="123" who="3" fromWho="3" sc="405,-10,157,-10,242,-20,186,50" /><INIT seed="7,0,0,5,4,23" ten="395,147,222,236" oya="3" hai0="108,53,0,125,65,85,5,133,91,22,21,13,29" hai1="58,126,62,71,106,33,134,116,18,89,60,43,66" hai2="107,28,52,57,131,99,97,20,117,19,73,129,77" hai3="7,130,24,101,35,81,42,103,63,64,75,38,3"/><W8/><G130/><N who="2" m="49673" /><F117/><W114/><G114/><T45/><D0/><U39/><E106/><V47/><F28/><W135/><G135/><T72/><D108/><U118/><E33/><V41/><F107/><W115/><G115/><T112/><D133/><U132/><E89/><V10/><F10/><W109/><G109/><T6/><D112/><U124/><E18/><V9/><F9/><W55/><G55/><T70/><D72/><U40/><E39/><N who="2" m="21951" /><F77/><W111/><G111/><T56/><D125/><N who="1" m="48235" /><E40/><V32/><F32/><W100/><G42/><T16/><D70/><U49/><E43/><V120/><F73/><W14/><G38/><T4/><D65/><N who="1" m="39063" /><E49/><N who="2" m="30863" /><F120/><W123/><G123/><T46/><D29/><U44/><E44/><V48/><F48/><W113/><G113/><T26/><D22/><U54/><E54/><V15/><AGARI ba="0,0" hai="15,19,20,97,99" m="30863,21951,49673" machi="15" ten="30,2000,0" yaku="19,1,54,1" doraHai="23" who="2" fromWho="2" sc="395,-5,147,-5,222,20,236,-10" owari="390,49,142,-36,242,4,226,-17" /></mjloggm>