<mjloggm ver="2.3"><GO type="41"/><UN n0="%EF%BC%A9%EF%BC%A4%33%35%30%34%31%36" n1="%73%74%72%6F%75%73" n2="%E3%82%A6%E3%83%AB%E3%83%88%E3%83%A9%E7%AB%8B%E7%9B%B4" n3="%E3%82%84%E3%81%8D%E3%81%86%E3%81%A9%E3%82%93" dan="13,14,15,15" rate="1813,1883,1996,2007" sx="M,M,M,M"/><TAIKYOKU oya="0"/><INIT seed="0,0,0,3,0,30" ten="250,250,250,250" oya="0" hai0="0,29,98,35,134,32,74,37,106,114,110,124,57" hai1="83,45,9,49,38,61,103,6,5,80,90,54,122" hai2="119,86,95,21,28,47,89,46,120,16,19,3,27" hai3="50,104,56,118,84,87,36,66,18,105,88,42,48"/><T132/><RYUUKYOKU type="yao9" ba="0,0" sc="250,0,250,0,250,0,250,0" hai0="0,29,32,35,37,57,74,98,106,110,114,124,132,134" /><INIT seed="0,1,0,5,0,58" ten="250,250,250,250" oya="0" hai0="48,115,128,74,8,19,122,110,88,44,99,78,83" hai1="121,24,33,43,42,129,9,75,14,96,26,101,108" hai2="89,13,61,15,76,3,7,70,63,106,67,50,92" hai3="130,11,81,10,133,18,32,111,6,31,132,97,62"/><T51/><D122/><U36/><E121/><V59/><F106/><W93/><G111/><T34/><D115/><U35/><E108/><V65/><F76/><W22/><G130/><T98/><D34/><U68/><E68/><V41/><F3/><W103/><G32/><T87/><D128/><U1/><E1/><V123/><F123/><W126/><G31/><T119/><D119/><U125/><E75/><V25/><F7/><W131/><G131/><T28/><D28/><U21/><E129/><V112/><F112/><W127/><G81/><T82/><D51/><U5/><E125/><N who="3" m="47626" /><G62/><T38/><D38/><U64/><E35/><V47/><REACH who="2" step="1"/><F25/><REACH who="2" ten="250,250,240,250" step="2"/><N who="3" m="14551" /><G6/><T134/><D110/><U84/><E5/><V135/><F135/><AGARI ba="1,1" hai="10,11,93,97,103,132,133,135" m="14551,47626" machi="135" ten="30,2000,0" yaku="20,1,18,1" doraHai="58" who="3" fromWho="2" sc="250,0,250,0,240,-23,250,33" /><INIT seed="1,0,0,4,3,86" ten="250,250,217,283" oya="1" hai0="49,31,95,32,128,135,19,45,52,114,93,10,91" hai1="115,66,13,108,60,123,6,62,17,83,77,119,102" hai2="46,94,39,67,92,107,110,0,73,113,65,44,22" hai3="56,8,116,33,5,9,71,98,109,76,25,61,68"/><U53/><E119/><V97/><F107/><W23/><G33/><T117/><D114/><U122/><E115/><V51/><F73/><W131/><G116/><T18/><D117/><U42/><E102/><V103/><F0/><W28/><G131/><T54/><D135/><U29/><E29/><V88/><F113/><W121/><G121/><T43/><D95/><U48/><E42/><V50/><F39/><W134/><G134/><T3/><D128/><U132/><E6/><V124/><F22/><W111/><G76/><T106/><D106/><U84/><E123/><V104/><F104/><W80/><G80/><T20/><D19/><U35/><E132/><V85/><F124/><W105/><G105/><T90/><D93/><U55/><E122/><V30/><F30/><W130/><G98/><T89/><D32/><U16/><E108/><N who="3" m="41546" /><G130/><T57/><D31/><U120/><E35/><V12/><F12/><N who="3" m="5135" /><G9/><T127/><D127/><U126/><E126/><V87/><F87/><W70/><G70/><T7/><REACH who="0" step="1"/><D57/><REACH who="0" ten="240,250,217,283" step="2"/><U63/><E120/><V96/><F110/><W58/><G58/><T24/><AGARI ba="0,1" hai="3,7,10,18,20,24,43,45,49,52,54,89,90,91" machi="24" ten="30,16000,3" yaku="1,1,2,1,0,1,52,3,54,1,53,1" doraHai="86" doraHaiUra="1" who="0" fromWho="0" sc="240,170,250,-80,217,-40,283,-40" /><INIT seed="2,0,0,1,5,101" ten="410,170,177,243" oya="2" hai0="61,115,129,29,106,11,5,4,99,133,126,46,48" hai1="88,55,64,59,93,50,98,34,37,103,23,26,68" hai2="49,15,86,67,108,84,90,52,45,92,70,114,35" hai3="1,134,62,25,127,47,27,36,96,80,60,17,76"/><V32/><F114/><W39/><G1/><T57/><D115/><U7/><E7/><V20/><F108/><W3/><G3/><T63/><D133/><U120/><E120/><V94/><F67/><W43/><G36/><T22/><D126/><U122/><E122/><V123/><F70/><W19/><G134/><T42/><D129/><U97/><E37/><V13/><F123/><W31/><G127/><T87/><D5/><U116/><E116/><V24/><F35/><W73/><G27/><T6/><D6/><U110/><E34/><V77/><F32/><W85/><G73/><T16/><D29/><U132/><E132/><V119/><F119/><W28/><G28/><T58/><D87/><U71/><E110/><V95/><F77/><W102/><G17/><T56/><D106/><U105/><E64/><V65/><F65/><W66/><G19/><AGARI ba="0,0" hai="19,23,26,50,55,59,68,71,88,93,97,98,103,105" machi="19" ten="30,3900,0" yaku="7,1,52,1,54,1" doraHai="101" who="1" fromWho="3" sc="410,0,170,39,177,0,243,-39" /><INIT seed="3,0,0,5,5,73" ten="410,209,177,204" oya="3" hai0="0,85,65,125,5,72,40,75,133,84,55,69,38" hai1="22,117,112,74,53,99,111,58,100,90,67,104,49" hai2="124,21,106,14,131,46,17,116,12,41,80,92,70" hai3="33,59,3,29,108,89,45,123,107,9,87,60,2"/><W42/><G123/><T62/><D125/><U36/><E36/><V34/><F106/><W122/><G122/><T63/><D133/><U1/><E1/><V11/><F34/><W23/><G107/><T98/><D72/><U128/><E112/><V101/><F70/><W18/><G33/><T134/><D134/><U121/><E121/><V126/><F116/><W6/><G29/><T39/><D75/><U66/><E117/><V4/><F131/><W129/><G129/><T110/><D38/><U120/><E120/><V103/><F80/><W115/><G115/><T24/><D110/><U91/><E128/><V15/><F15/><W57/><G2/><T47/><D98/><U43/><E74/><V88/><F124/><W13/><G108/><T48/><D62/><U27/><E43/><V132/><F132/><W105/><G105/><T64/><D64/><U44/><E111/><V82/><F82/><W95/><REACH who="3" step="1"/><G60/><REACH who="3" ten="410,209,177,194" step="2"/><T31/><D0/><U130/><E130/><V32/><F32/><W8/><G8/><T16/><D31/><U93/><E104/><V28/><F28/><W81/><G81/><T97/><D5/><U20/><E22/><V113/><F113/><W78/><G78/><T86/><D97/><U37/><E20/><V94/><F126/><W119/><G119/><T68/><D24/><U51/><E99/><V135/><F135/><W10/><G10/><T114/><D114/><U76/><E27/><V79/><F79/><W77/><G77/><T83/><D83/><U7/><E76/><V19/><F11/><W61/><G61/><T35/><D35/><RYUUKYOKU ba="0,1" sc="410,-10,209,-10,177,-10,194,30" hai3="3,6,9,13,18,23,42,45,57,59,87,89,95" /><INIT seed="3,1,1,3,4,29" ten="400,199,167,224" oya="3" hai0="113,87,112,44,10,13,51,76,82,117,1,46,73" hai1="14,91,103,41,62,80,89,22,63,26,114,108,99" hai2="61,118,115,8,100,0,107,18,4,130,40,69,97" hai3="39,32,28,122,85,102,38,67,86,70,109,53,34"/><W36/><G122/><T45/><D117/><U105/><E114/><N who="0" m="44137" /><D1/><U6/><E108/><V101/><F115/><W71/><G28/><T9/><D73/><U75/><E41/><V50/><F118/><W121/><G121/><T92/><D92/><U15/><E91/><V5/><F130/><W23/><G23/><T128/><D128/><U19/><E14/><V20/><F5/><W3/><G3/><T132/><D132/><U81/><E80/><V33/><F101/><W77/><G102/><T12/><D51/><U90/><E89/><V65/><F50/><W60/><G109/><T131/><D131/><U30/><E6/><V37/><F20/><W134/><G134/><T2/><D10/><U68/><E68/><V25/><F18/><W127/><G127/><T129/><D129/><U125/><E125/><V54/><F54/><W93/><G71/><T88/><D76/><U16/><E19/><V119/><F119/><W58/><G77/><T57/><D57/><U78/><REACH who="1" step="1"/><E90/><REACH who="1" ten="400,189,167,224" step="2"/><V72/><F72/><W74/><G74/><T83/><D83/><U84/><E84/><V59/><F59/><W96/><G85/><T135/><D135/><U66/><E66/><V55/><F55/><W94/><G86/><T48/><D2/><U110/><E110/><V95/><F95/><N who="3" m="36363" /><G96/><T106/><D13/><U7/><E7/><V42/><REACH who="2" step="1"/><F37/><REACH who="2" ten="400,189,157,224" step="2"/><W124/><G124/><T43/><D43/><U27/><E27/><V133/><F133/><W11/><G11/><AGARI ba="1,3" hai="11,15,16,22,26,30,62,63,75,78,81,99,103,105" machi="11" ten="30,7700,0" yaku="1,1,7,1,54,1,53,1" doraHai="29" doraHaiUra="79" who="1" fromWho="3" sc="400,0,189,110,157,0,224,-80" /><INIT seed="4,0,0,2,2,107" ten="400,299,157,144" oya="0" hai0="48,94,74,65,3,95,51,103,134,128,36,126,40" hai1="102,15,108,29,133,120,53,75,35,83,76,61,100" hai2="124,13,21,70,64,109,58,18,66,44,8,123,84" hai3="42,125,43,4,11,52,111,79,127,2,122,89,59"/><T129/><D3/><U37/><E37/><V86/><F70/><W72/><G111/><T56/><D103/><U30/><E108/><V132/><F109/><W118/><G118/><T22/><D95/><U23/><E120/><V19/><F123/><W112/><G112/><T16/><D94/><U85/><E133/><V87/><F124/><N who="3" m="47691" /><G122/><T39/><D74/><U77/><E35/><V93/><F132/><W5/><G5/><T41/><D126/><U57/><E30/><V130/><F130/><N who="0" m="50282" /><D16/><N who="1" m="10655" /><E29/><V20/><F44/><W78/><G89/><T80/><D22/><U49/><E75/><V110/><F110/><W6/><G6/><T38/><D80/><U25/><E77/><N who="3" m="29194" /><G72/><T47/><D134/><U63/><E25/><V67/><F93/><W7/><G7/><T24/><D24/><U10/><E10/><V99/><F99/><W12/><G2/><T82/><D82/><U92/><E92/><V119/><F119/><W97/><G97/><T117/><D117/><U131/><E131/><V33/><F33/><W55/><G55/><N who="0" m="31847" /><D65/><U17/><E17/><V14/><F8/><W26/><G26/><T135/><D135/><U106/><E106/><V0/><F0/><W71/><G71/><T115/><D115/><U62/><AGARI ba="0,0" hai="49,53,57,61,62,63,76,83,85,100,102" m="10655" machi="62" ten="30,2000,0" yaku="8,1,54,1" doraHai="107" who="1" fromWho="1" sc="400,-10,299,20,157,-5,144,-5" /><INIT seed="5,0,0,3,4,84" ten="390,319,152,139" oya="1" hai0="102,34,82,15,107,109,17,108,74,77,4,123,1" hai1="100,9,71,7,75,2,130,105,134,28,10,36,37" hai2="56,63,42,23,131,87,91,103,72,126,85,92,50" hai3="114,20,60,0,93,3,31,88,110,81,19,62,30"/><U5/><E134/><V83/><F126/><W8/><G110/><T57/><D123/><U55/><E55/><V128/><F72/><W118/><G114/><T21/><D34/><U121/><E121/><V73/><F73/><W24/><G118/><T79/><D79/><U43/><E130/><V89/><F103/><W25/><G81/><T59/><D1/><U6/><E28/><V12/><F42/><W47/><G0/><T33/><D4/><U94/><E94/><V76/><F76/><W132/><G132/><T69/><D69/><U58/><E58/><V120/><F120/><W51/><G3/><T13/><D33/><U66/><E75/><V45/><F45/><W135/><G135/><T35/><D35/><U14/><E6/><V104/><F104/><W95/><G95/><T65/><D57/><U67/><E66/><V124/><F124/><W48/><G8/><T90/><D13/><U115/><E67/><V52/><F63/><N who="3" m="24107" /><G25/><T64/><D59/><U16/><E71/><V26/><REACH who="2" step="1"/><F12/><REACH who="2" ten="390,319,142,139" step="2"/><W129/><G129/><T80/><D109/><U18/><E43/><V133/><F133/><W27/><G27/><T53/><D108/><U112/><E100/><V29/><AGARI ba="0,1" hai="23,26,29,50,52,56,83,85,87,89,91,92,128,131" machi="29" ten="30,8000,1" yaku="1,1,0,1,52,2,54,1,53,0" doraHai="84" doraHaiUra="70" who="2" fromWho="2" sc="390,-20,319,-40,142,90,139,-20" /><INIT seed="6,0,0,4,3,60" ten="370,279,232,119" oya="2" hai0="52,74,109,124,96,119,48,108,125,14,41,86,44" hai1="106,57,83,22,100,31,7,0,91,16,21,20,35" hai2="118,130,70,34,113,42,53,1,43,78,23,5,46" hai3="9,29,65,63,66,64,76,132,94,93,89,51,107"/><V67/><F34/><W30/><G107/><T120/><D74/><U59/><E0/><V32/><F32/><W95/><G132/><T101/><D86/><U50/><E7/><V45/><F5/><W18/><G76/><T17/><D120/><U102/><E106/><V111/><F1/><W3/><G3/><T131/><D131/><U62/><E35/><V87/><F23/><W104/><G104/><T103/><D119/><U117/><E117/><V15/><F15/><N who="3" m="7535" /><G63/><T129/><D129/><U2/><E2/><V97/><F130/><W92/><G51/><T85/><D85/><AGARI ba="0,0" hai="29,30,64,65,66,85,89,92,93,94,95" m="7535" machi="85" ten="30,7700,0" yaku="8,1,52,3" doraHai="60" who="3" fromWho="0" sc="370,-77,279,0,232,0,119,77" /><INIT seed="7,0,0,4,2,38" ten="293,279,232,196" oya="3" hai0="94,75,70,52,7,23,78,17,61,35,115,28,29" hai1="27,133,20,85,92,108,120,98,54,49,117,125,51" hai2="40,99,48,122,97,79,11,114,95,41,62,24,9" hai3="42,4,127,64,37,57,72,63,8,6,15,31,131"/><W135/><G72/><T116/><D116/><U80/><E108/><V13/><F122/><W87/><G127/><T90/><D35/><U21/><E117/><V77/><F114/><W71/><G135/><T16/><D7/><U119/><E133/><V112/><F112/><W106/><G106/><T82/><D17/><U10/><E119/><V47/><F24/><W0/><G131/><T33/><D33/><U129/><E129/><V50/><F62/><W65/><G65/><T43/><D43/><U83/><E120/><V104/><F104/><W68/><G31/><T109/><D109/><U74/><E10/><V89/><F99/><W12/><G87/><T93/><D93/><U36/><E36/><V66/><F66/><W130/><G130/><T113/><D70/><U102/><E125/><V1/><F1/><W86/><G86/><N who="0" m="48471" /><D115/><U3/><E3/><V26/><F26/><W25/><G25/><N who="0" m="14567" /><D75/><U105/><E74/><V46/><F11/><W55/><G6/><AGARI ba="0,0" hai="6,9,13,40,41,46,47,48,50,77,79,89,95,97" machi="6" ten="30,8000,1" yaku="7,1,9,1,8,1,52,2" doraHai="38" who="2" fromWho="3" sc="293,0,279,0,232,80,196,-80" owari="293,9.0,279,-12.0,312,41.0,116,-38.0" /></mjloggm>