<mjloggm ver="2.3"><GO type="169"/><UN n0="%EF%BC%88%E2%89%A7%E2%96%BD%E2%89%A6%EF%BC%89" n1="%78%72%63%35%32%34%32%38" n2="%E3%82%82%E3%81%A3%E3%81%97%E3%83%BC" n3="%E5%AF%BE%E5%AD%90%E3%81%AE%E7%8E%8B%E6%A7%98" dan="18,16,16,17" rate="2206,2130,2051,2126" sx="M,M,M,M"/><TAIKYOKU oya="0"/><INIT seed="0,0,0,1,4,10" ten="250,250,250,250" oya="0" hai0="86,19,81,101,73,31,57,90,127,37,97,134,83" hai1="47,34,111,105,94,32,5,74,118,133,64,6,26" hai2="52,77,89,108,98,13,15,33,24,40,80,59,8" hai3="7,84,28,92,95,93,53,117,112,3,75,109,76"/><T49/><D37/><U38/><E118/><V124/><F108/><W20/><G117/><T55/><D127/><U85/><E105/><V39/><F124/><W14/><G112/><T78/><D134/><U61/><E74/><V4/><F39/><W128/><G128/><T79/><D31/><U115/><E111/><V107/><F40/><W41/><G109/><T43/><D43/><U50/><E38/><V21/><F33/><W60/><G75/><T48/><D19/><U121/><E121/><V46/><F46/><W18/><G41/><T2/><D2/><U122/><E122/><V44/><F44/><W45/><G3/><T126/><D126/><U63/><E133/><V22/><F107/><W36/><G36/><T72/><D48/><U16/><E34/><V9/><F9/><N who="3" m="4415" /><G28/><T54/><D54/><N who="1" m="30047" /><E32/><V25/><F77/><W11/><G11/><T96/><REACH who="0" step="1"/><D101/><REACH who="0" ten="240,250,250,250" step="2"/><U29/><E29/><V30/><F30/><W62/><G53/><T23/><D23/><N who="1" m="13671" /><E115/><V100/><F52/><W66/><G66/><T125/><D125/><U0/><E0/><V42/><F22/><W87/><G45/><T70/><D70/><U12/><E5/><V130/><F4/><W51/><G51/><T114/><D114/><U82/><E6/><V129/><F42/><W106/><G106/><T68/><D68/><U17/><E64/><V103/><F130/><W67/><G67/><T56/><D56/><U35/><E35/><V99/><F59/><W71/><G71/><T110/><D110/><U131/><E131/><V1/><F129/><W119/><G119/><T120/><BYE who="2" /><D120/><RYUUKYOKU ba="0,1" sc="240,30,250,-10,250,-10,250,-10" hai0="49,55,57,72,73,78,79,81,83,86,90,96,97" /><INIT seed="0,1,1,1,1,24" ten="270,240,240,240" oya="0" hai0="119,89,13,88,45,132,54,33,52,74,1,12,113" hai1="61,36,135,134,91,7,10,84,123,11,35,48,51" hai2="68,120,80,41,108,98,63,43,23,47,44,16,127" hai3="95,104,37,8,92,77,6,4,31,105,75,81,128"/><T39/><D1/><U133/><E36/><V56/><F56/><W112/><G112/><T19/><D74/><U114/><E123/><V67/><F67/><W90/><G128/><T59/><D119/><U21/><E35/><V14/><F14/><W64/><G37/><T29/><D113/><U49/><E114/><V97/><F97/><W126/><G126/><T109/><D132/><U38/><E38/><V53/><F53/><W3/><G64/><T87/><D109/><U115/><E115/><V28/><F28/><W72/><G72/><T26/><D39/><U2/><E61/><V40/><F40/><W60/><G60/><T78/><D45/><U121/><E121/><V20/><F20/><W71/><G71/><T55/><D59/><U94/><E21/><V85/><F85/><W86/><G6/><T65/><D65/><U118/><REACH who="1" step="1"/><E10/><REACH who="1" ten="270,230,240,240" step="2"/><V42/><F42/><W82/><G105/><T17/><D78/><U25/><E25/><V106/><F106/><W117/><G104/><T79/><D79/><U110/><E110/><V34/><F34/><W66/><G117/><AGARI ba="1,2" hai="2,7,11,48,49,51,84,91,94,117,118,133,134,135" machi="117" ten="50,3200,0" yaku="1,1,20,1,53,0" doraHai="24" doraHaiUra="102" who="1" fromWho="3" sc="270,0,230,55,240,0,240,-35" /><INIT seed="1,0,0,2,4,18" ten="270,285,240,205" oya="1" hai0="82,28,36,63,96,12,0,43,88,3,109,45,76" hai1="7,2,127,113,84,108,75,107,86,66,69,26,74" hai2="67,77,103,22,27,16,117,121,101,6,44,47,134" hai3="58,48,95,81,71,68,130,5,54,126,29,57,119"/><U124/><E113/><V64/><F64/><W49/><G81/><T104/><D109/><U46/><E107/><V33/><F33/><W39/><G5/><T97/><D28/><U21/><E46/><V106/><F106/><W111/><G95/><T132/><D132/><U105/><E105/><V4/><F4/><W37/><G29/><T50/><D96/><U89/><E108/><V93/><F93/><W60/><G111/><T61/><D12/><U120/><E120/><V20/><F20/><W92/><G92/><T25/><D25/><U91/><E66/><V42/><F42/><W11/><G11/><T56/><D36/><N who="3" m="13897" /><G130/><T30/><D30/><N who="1" m="17743" /><E69/><N who="3" m="26698" /><G126/><N who="1" m="48170" /><E7/><V129/><F129/><W10/><G10/><T35/><D35/><UN n2="%E3%82%82%E3%81%A3%E3%81%97%E3%83%BC" /><U41/><E2/><V52/><F121/><W83/><G83/><T90/><D104/><U80/><E41/><V85/><F6/><W135/><G135/><T32/><D32/><U118/><E118/><V112/><F117/><W65/><G119/><T133/><D133/><U123/><E123/><V128/><F128/><W17/><G17/><T1/><D97/><U34/><E34/><V9/><F134/><W59/><G59/><T122/><D122/><U87/><E80/><V70/><F70/><W55/><G54/><T110/><D110/><U62/><E75/><V116/><F52/><W78/><G78/><T131/><D131/><U13/><E74/><V40/><F77/><W115/><G115/><T23/><D56/><U72/><E72/><V94/><F116/><W24/><G24/><T99/><D99/><U73/><E73/><V14/><F112/><RYUUKYOKU ba="0,0" sc="270,-10,285,-10,240,-10,205,30" hai3="48,49,55,57,58,60,65" /><INIT seed="2,1,0,2,3,108" ten="260,275,230,235" oya="2" hai0="15,67,109,90,12,126,4,62,85,130,23,133,2" hai1="122,72,57,111,60,47,24,116,10,0,125,89,21" hai2="124,74,107,30,84,110,32,51,77,83,65,41,82" hai3="105,112,114,35,29,106,95,22,78,46,54,44,113"/><V104/><F65/><W31/><G78/><T58/><D109/><U100/><E116/><V50/><F124/><W120/><G120/><T94/><D126/><U91/><E100/><V131/><F110/><W66/><G66/><T75/><D133/><U69/><E69/><V53/><F131/><W7/><G7/><T33/><D33/><U43/><E125/><V56/><F30/><N who="3" m="11275" /><G35/><T39/><D39/><U96/><E72/><V9/><F32/><W14/><G95/><T97/><D75/><U17/><E122/><V45/><REACH who="2" step="1"/><F9/><REACH who="2" ten="260,275,220,235" step="2"/><W42/><G54/><T73/><D130/><U71/><E10/><V1/><F1/><W8/><G22/><T99/><D2/><U6/><E0/><V102/><F102/><W123/><G123/><T117/><D23/><U68/><E21/><V134/><F134/><W101/><G101/><T76/><D67/><U81/><E111/><V55/><F55/><W38/><G46/><T19/><D117/><U16/><E47/><V11/><F11/><W70/><G70/><T59/><D58/><U87/><E57/><V25/><F25/><W135/><G135/><T52/><D59/><U34/><E24/><V121/><F121/><W27/><G27/><T92/><D52/><U28/><E71/><V36/><F36/><W37/><G38/><T61/><D12/><U26/><E68/><V5/><F5/><W132/><G132/><T13/><D4/><U79/><E6/><V20/><F20/><W48/><G37/><T103/><D13/><U64/><E34/><V88/><AGARI ba="1,1" hai="41,45,50,51,53,56,74,77,82,83,84,88,104,107" machi="88" ten="20,12000,1" yaku="1,1,0,1,7,1,54,1,53,1" doraHai="108" doraHaiUra="86" who="2" fromWho="2" sc="260,-41,275,-41,220,133,235,-41" /><INIT seed="2,2,0,2,2,44" ten="219,234,353,194" oya="2" hai0="15,5,101,23,95,98,54,10,30,50,46,70,88" hai1="78,106,92,125,16,122,116,64,37,94,39,68,65" hai2="2,11,21,56,35,109,71,6,28,134,12,22,131" hai3="1,100,118,81,107,24,84,45,47,42,121,14,132"/><V29/><F71/><W120/><G118/><T73/><D70/><U20/><E106/><V83/><F83/><W135/><G1/><T85/><D73/><U59/><E116/><V32/><F56/><W86/><G24/><T115/><D115/><U128/><E125/><V26/><F131/><W53/><G14/><T117/><D117/><U18/><E128/><V19/><F134/><W74/><G74/><T93/><D23/><U27/><E68/><V17/><F109/><W124/><G124/><T104/><REACH who="0" step="1"/><D30/><AGARI ba="2,0" hai="2,6,11,12,17,19,21,22,26,28,29,30,32,35" machi="30" ten="40,18000,2" yaku="35,6" doraHai="44" who="2" fromWho="0" sc="219,-186,234,0,353,186,194,0" /><INIT seed="2,3,0,4,0,50" ten="33,234,539,194" oya="2" hai0="49,45,131,25,8,51,52,26,117,94,9,58,12" hai1="97,85,74,27,135,98,111,112,79,33,61,3,36" hai2="123,82,96,115,48,18,125,134,34,122,64,19,80" hai3="75,42,133,114,118,120,28,121,21,72,39,128,2"/><V57/><F34/><W132/><G21/><T104/><D104/><U127/><E3/><V32/><F32/><W100/><G28/><T55/><D131/><U62/><E112/><V44/><F115/><W129/><G114/><T31/><D117/><U109/><E36/><V90/><F125/><W65/><G2/><T14/><D94/><U43/><E43/><V77/><F134/><N who="3" m="51819" /><G65/><T108/><D108/><N who="1" m="41547" /><E74/><N who="3" m="28202" /><G118/><T10/><REACH who="0" step="1"/><D25/><REACH who="0" ten="23,234,539,194" step="2"/><U83/><E135/><V41/><F123/><N who="3" m="47179" /><G100/><T102/><D102/><U38/><E27/><V105/><F122/><W101/><G101/><T15/><D15/><U35/><E127/><V66/><F18/><W130/><G42/><T103/><D103/><U89/><E35/><AGARI ba="3,1" hai="8,9,10,12,14,26,31,35,45,49,51,52,55,58" machi="35" ten="40,8000,1" yaku="1,1,52,2,54,1,53,0" doraHai="50" doraHaiUra="88" who="0" fromWho="1" sc="23,99,234,-89,539,0,194,0" /><INIT seed="3,0,0,5,1,75" ten="122,145,539,194" oya="3" hai0="6,56,8,29,61,2,21,0,117,114,36,133,14" hai1="97,23,129,58,106,102,121,112,123,11,42,50,108" hai2="81,12,17,89,18,70,109,32,91,35,85,62,38" hai3="76,79,48,134,19,49,53,5,45,15,68,74,34"/><W60/><G34/><T93/><D117/><U7/><E112/><V124/><F38/><W100/><G74/><T90/><D114/><U127/><E127/><V44/><F124/><W67/><G134/><T26/><D36/><U63/><E129/><V78/><F109/><W113/><G113/><T66/><REACH who="0" step="1"/><D133/><REACH who="0" ten="112,145,539,194" step="2"/><U54/><E108/><V131/><F131/><W10/><G100/><T65/><D65/><U33/><E33/><V64/><F35/><W52/><G5/><T30/><D30/><U126/><E126/><V82/><F32/><W3/><G3/><T39/><D39/><U1/><E23/><V115/><F64/><W132/><G132/><T9/><D9/><U118/><E118/><V120/><F115/><W95/><G95/><T96/><AGARI ba="0,1" hai="0,2,6,8,14,21,26,29,56,61,66,90,93,96" machi="96" ten="20,2700,0" yaku="1,1,0,1,7,1,53,0" doraHai="75" doraHaiUra="47" who="0" fromWho="0" sc="112,37,145,-7,539,-7,194,-13" /><INIT seed="4,0,0,3,2,23" ten="149,138,532,181" oya="0" hai0="73,62,44,0,53,12,98,32,130,85,83,43,71" hai1="118,3,28,96,106,60,52,18,20,91,66,92,48" hai2="64,37,93,76,121,2,115,50,77,131,129,88,15" hai3="6,87,45,80,69,63,34,7,89,25,117,75,47"/><T104/><D0/><U26/><E3/><V13/><F2/><W108/><G108/><T41/><D130/><N who="2" m="49674" /><F37/><W65/><G117/><T33/><D12/><N who="2" m="4682" /><F115/><W39/><G75/><T40/><D73/><U55/><E118/><V122/><F64/><W4/><REACH who="3" step="1"/><G39/><REACH who="3" ten="149,138,532,171" step="2"/><T99/><D104/><U114/><E106/><V31/><F122/><W111/><G111/><T86/><D71/><U101/><E114/><V90/><F121/><W79/><G79/><T116/><D116/><U61/><E66/><V109/><F77/><W19/><G19/><T135/><D135/><U72/><E72/><V24/><F76/><W132/><G132/><T56/><D44/><N who="1" m="27655" /><E101/><V124/><F109/><W1/><G1/><T94/><D56/><N who="1" m="34847" /><E61/><V58/><F58/><W14/><G14/><T120/><D62/><U51/><E51/><V68/><F50/><W8/><G8/><T84/><D120/><U95/><E95/><V127/><F93/><W46/><G46/><T49/><D94/><U29/><AGARI ba="0,1" hai="18,20,26,28,29,91,92,96" m="34847,27655" machi="29" ten="30,7900,0" yaku="25,1,8,1,52,1,54,1" doraHai="23" who="1" fromWho="1" sc="149,-39,138,89,532,-20,171,-20" /><INIT seed="5,0,0,1,1,92" ten="110,227,512,151" oya="1" hai0="83,129,58,52,72,8,41,20,9,106,122,127,12" hai1="89,38,36,135,69,94,121,51,39,53,76,42,78" hai2="18,102,61,0,117,46,14,97,24,13,2,98,28" hai3="116,86,17,74,6,57,128,75,132,77,63,113,68"/><U123/><E69/><V131/><F117/><W15/><G116/><T103/><D127/><U5/><E42/><V26/><F131/><W114/><G68/><T112/><D112/><U84/><E135/><V87/><F87/><W80/><G132/><T62/><D129/><U119/><E5/><V105/><F61/><W90/><G6/><T56/><D122/><U82/><E119/><V47/><F102/><W96/><G128/><T95/><D106/><U35/><E35/><V100/><F100/><W11/><G96/><N who="0" m="59807" /><D72/><U27/><E27/><V48/><F18/><W60/><G60/><N who="0" m="35847" /><D41/><U66/><E66/><V30/><F48/><W43/><G43/><T32/><D32/><U71/><E71/><V64/><F64/><W115/><G77/><T33/><D33/><U16/><E123/><V93/><F93/><W125/><G125/><T1/><D83/><U134/><E121/><V126/><F126/><W45/><G45/><T44/><D44/><U133/><E134/><V124/><F124/><W120/><G120/><T73/><D73/><U22/><E133/><V104/><AGARI ba="0,0" hai="0,2,13,14,24,26,28,30,46,47,97,98,104,105" machi="104" ten="25,8000,1" yaku="0,1,22,2,52,2" doraHai="92" who="2" fromWho="2" sc="110,-20,227,-40,512,80,151,-20" /><INIT seed="6,0,0,2,4,8" ten="90,187,592,131" oya="2" hai0="67,68,134,30,126,63,105,0,54,97,56,118,64" hai1="6,110,14,116,88,42,10,117,36,53,111,49,132" hai2="128,71,86,50,101,133,24,16,13,45,12,96,103" hai3="123,60,100,3,44,82,72,85,75,5,66,9,87"/><V2/><F2/><W39/><G123/><T11/><D118/><U61/><E36/><V90/><F71/><W124/><G100/><T120/><D120/><U77/><E77/><V28/><F128/><W57/><G124/><T58/><D126/><U130/><E132/><V25/><F133/><W52/><G87/><T46/><D134/><U23/><E130/><V19/><F96/><W113/><G113/><T34/><D105/><U1/><E42/><V92/><F103/><W135/><G135/><T112/><D112/><U7/><E61/><V74/><F101/><W106/><G106/><T55/><D97/><U83/><E116/><V15/><F74/><W122/><G122/><T20/><D34/><U17/><E7/><V18/><F28/><W89/><REACH who="3" step="1"/><G39/><REACH who="3" ten="90,187,592,121" step="2"/><T26/><D46/><U35/><E117/><V62/><F62/><W47/><G47/><T33/><D68/><U4/><E111/><V78/><F78/><W22/><G22/><T102/><D102/><U79/><E35/><V81/><F81/><W21/><G21/><T119/><D20/><U127/><E110/><V115/><F115/><W40/><G40/><AGARI ba="0,1" hai="12,13,15,16,18,19,24,25,40,45,50,86,90,92" machi="40" ten="40,12000,1" yaku="8,1,52,3,54,1" doraHai="8" who="2" fromWho="3" sc="90,0,187,0,592,130,121,-120" /><INIT seed="6,1,0,0,0,12" ten="90,187,722,1" oya="2" hai0="95,125,91,120,75,90,10,68,61,59,96,56,27" hai1="2,92,74,54,122,21,18,99,102,28,1,101,14" hai2="93,23,129,131,34,85,132,63,100,48,72,97,130" hai3="11,64,42,109,52,115,67,13,98,22,118,84,60"/><V51/><F34/><W38/><G118/><T24/><D75/><U135/><E74/><V66/><F72/><W88/><G109/><T80/><D120/><U65/><E135/><V46/><F132/><W37/><G38/><T15/><D68/><U20/><E65/><N who="3" m="25162" /><G37/><T124/><D80/><U105/><E122/><V113/><F113/><W104/><G104/><T3/><D3/><U82/><E82/><V17/><F85/><W86/><G115/><T4/><D91/><U26/><E105/><V0/><F0/><W36/><G36/><T62/><D59/><U25/><E54/><V73/><F73/><W114/><G114/><T7/><D7/><U133/><E133/><V35/><F35/><W77/><G42/><T112/><D112/><U55/><E55/><V49/><F46/><W94/><G22/><T87/><D96/><U39/><E39/><V45/><F45/><W78/><G86/><T44/><D44/><U16/><E102/><V127/><F127/><N who="0" m="48714" /><D56/><U31/><E28/><V134/><F134/><W108/><G84/><T58/><D58/><U9/><AGARI ba="1,0" hai="1,2,9,14,16,18,20,21,25,26,31,92,99,101" machi="9" ten="20,8000,1" yaku="0,1,7,1,52,2,54,1" doraHai="12" who="1" fromWho="1" sc="90,-21,187,83,722,-41,1,-21" owari="69,-33.0,270,7.0,681,78.0,-20,-52.0" /></mjloggm>