<mjloggm ver="2.3"><GO type="41"/><UN n0="%EF%BC%88%E2%89%A7%E2%96%BD%E2%89%A6%EF%BC%89" n1="%70%61%72%75%6F%31%31" n2="%69%70%75%73%61%6D%75" n3="%E5%86%A5%E7%95%8C%E3%81%AE%E9%AD%94%E7%8E%8B" dan="15,15,13,14" rate="1952,2016,1807,1941" sx="M,M,M,M"/><TAIKYOKU oya="0"/><INIT seed="0,0,0,4,0,40" ten="250,250,250,250" oya="0" hai0="85,44,115,51,110,64,135,67,109,122,16,57,130" hai1="102,99,89,125,81,93,3,6,73,82,37,66,54" hai2="118,14,69,34,48,71,114,32,1,91,101,100,53" hai3="134,5,13,0,47,21,7,72,88,63,126,25,35"/><T50/><D122/><U112/><E112/><V94/><F114/><W8/><G72/><T28/><D115/><U83/><E125/><V46/><F1/><W98/><G126/><T132/><D130/><U124/><E124/><V39/><F39/><W79/><G35/><T128/><D128/><U133/><E133/><N who="0" m="51273" /><D28/><U58/><E37/><V31/><F118/><W4/><G134/><T43/><D85/><U87/><E66/><N who="0" m="25129" /><D16/><U95/><E73/><V24/><F34/><W59/><G79/><T84/><D84/><U111/><E87/><V27/><F14/><W74/><G74/><T92/><D92/><U18/><E95/><V29/><F69/><W120/><G0/><T30/><D30/><U65/><E18/><V49/><F71/><W86/><G120/><T117/><D117/><U129/><E3/><V131/><F131/><W75/><G75/><T97/><D97/><U68/><E129/><V62/><F29/><W56/><G98/><T55/><AGARI ba="0,0" hai="43,44,50,51,55,57,109,110" m="25129,51273" machi="55" ten="40,12000,1" yaku="20,1,34,2,52,1" doraHai="40" who="0" fromWho="0" sc="250,120,250,-40,250,-40,250,-40" /><INIT seed="0,1,0,3,3,17" ten="370,210,210,210" oya="0" hai0="131,77,28,55,91,82,50,93,21,18,128,116,86" hai1="102,47,119,99,98,81,58,49,134,30,90,107,48" hai2="31,71,39,1,41,87,54,74,135,53,25,6,15" hai3="35,101,68,37,45,100,65,24,69,27,78,44,32"/><T62/><D62/><U64/><E119/><V106/><F74/><W12/><G12/><T97/><D28/><U9/><E134/><V51/><F71/><W14/><G14/><T22/><D116/><U4/><E30/><V40/><F106/><W61/><G78/><T132/><D132/><U57/><E64/><V133/><F1/><W0/><G61/><T75/><D75/><U124/><E124/><V113/><F113/><W52/><G65/><T8/><D8/><U88/><E81/><V110/><F39/><W94/><G94/><T118/><D118/><U126/><E126/><V70/><F70/><W3/><REACH who="3" step="1"/><G37/><REACH who="3" ten="370,210,210,200" step="2"/><T117/><D117/><U2/><E2/><V29/><F133/><W63/><G63/><T105/><D105/><U125/><E107/><V103/><F135/><W72/><G72/><T38/><D38/><U59/><E125/><V109/><F110/><W83/><G83/><T104/><D104/><U120/><E48/><V76/><F51/><W16/><G16/><T96/><D18/><U95/><E49/><V33/><F15/><W130/><G130/><N who="0" m="49707" /><D97/><U23/><E98/><V34/><F31/><W129/><G129/><T85/><D96/><U121/><E99/><V56/><F29/><W108/><G108/><T127/><D127/><U5/><E5/><V13/><F76/><W115/><G115/><T89/><D77/><U7/><E7/><V114/><F13/><W80/><G80/><T26/><D26/><U111/><E4/><V20/><F25/><W66/><G66/><T60/><D60/><U36/><E111/><V67/><F6/><RYUUKYOKU ba="1,1" sc="370,15,210,-15,210,-15,200,15" hai0="21,22,50,55,82,85,86,89,91,93" hai3="0,3,24,27,32,35,44,45,52,68,69,100,101" /><INIT seed="0,2,1,5,2,27" ten="385,195,195,215" oya="0" hai0="25,2,47,108,53,126,86,107,41,48,30,1,29" hai1="76,98,28,127,118,105,120,116,45,124,135,60,17" hai2="112,87,111,88,57,96,56,52,102,14,42,58,97" hai3="49,33,110,83,68,95,92,125,123,3,89,19,132"/><T131/><D107/><U5/><E120/><V21/><F111/><W130/><G68/><T18/><D108/><U38/><E135/><V84/><F112/><W71/><G110/><T62/><D131/><U4/><E76/><V67/><F42/><W101/><G71/><T31/><D126/><N who="1" m="48171" /><E17/><N who="2" m="10423" /><F67/><W114/><G125/><T6/><D6/><N who="1" m="2667" /><E60/><N who="2" m="35847" /><F102/><W44/><G114/><T51/><D62/><U122/><E122/><V109/><F109/><W59/><G123/><T46/><REACH who="0" step="1"/><D86/><REACH who="0" ten="375,195,195,215" step="2"/><N who="2" m="32810" /><F97/><W133/><G132/><T106/><D106/><U13/><E98/><V77/><F77/><W61/><G133/><T104/><D104/><U79/><E105/><V66/><F66/><W63/><G130/><T22/><AGARI ba="2,2" hai="1,2,18,22,25,29,30,31,41,46,47,48,51,53" machi="22" ten="30,12000,1" yaku="1,1,0,1,52,3,53,0" doraHai="27" doraHaiUra="103" who="0" fromWho="0" sc="375,146,195,-42,195,-42,215,-42" /><INIT seed="0,3,0,0,2,13" ten="521,153,153,173" oya="0" hai0="106,38,111,53,63,92,133,68,42,119,104,71,9" hai1="96,81,76,55,72,129,34,115,23,52,89,100,69" hai2="98,80,36,8,84,105,74,91,16,124,31,37,86" hai3="75,56,2,7,103,94,58,126,39,113,120,28,83"/><T17/><D119/><U54/><E34/><V33/><F124/><W1/><G113/><T0/><D106/><U99/><E115/><V123/><F74/><W122/><G39/><T45/><D104/><U77/><E129/><V43/><F123/><W27/><G126/><T127/><D127/><U26/><E69/><V117/><F117/><W60/><G58/><T20/><D133/><U18/><E77/><V50/><F105/><W15/><G83/><T73/><D73/><U116/><E116/><V65/><F37/><W110/><G75/><T107/><D107/><U49/><E100/><V95/><F36/><W102/><G110/><T97/><D111/><U131/><E131/><V44/><F65/><W59/><G59/><N who="0" m="35311" /><D9/><U118/><E118/><V22/><F33/><W46/><G46/><T112/><D0/><U61/><E61/><V10/><F31/><W32/><G2/><T88/><D112/><U70/><E70/><V35/><F35/><W29/><G1/><T93/><D92/><U132/><E132/><V21/><F22/><W135/><G135/><T25/><AGARI ba="3,0" hai="17,20,25,38,42,45,68,71,88,93,97" m="35311" machi="25" ten="30,6000,0" yaku="25,1,52,1,54,1" doraHai="13" who="0" fromWho="0" sc="521,69,153,-23,153,-23,173,-23" /><INIT seed="0,4,0,4,5,134" ten="590,130,130,150" oya="0" hai0="50,3,61,73,78,75,65,105,10,47,49,129,57" hai1="121,30,85,110,21,41,53,127,56,43,38,111,7" hai2="77,92,125,40,87,88,31,99,28,67,42,63,46" hai3="66,120,35,103,82,68,13,69,94,109,76,14,100"/><T19/><D129/><U116/><E121/><V25/><F125/><W112/><G112/><T23/><D105/><U11/><E116/><V101/><F77/><W64/><G35/><T72/><D78/><U90/><E127/><V17/><F46/><W4/><G120/><T48/><D3/><U60/><E38/><V20/><F42/><W122/><G122/><T51/><D10/><U130/><E130/><V16/><F40/><W27/><G27/><T22/><REACH who="0" step="1"/><D19/><REACH who="0" ten="580,130,130,150" step="2"/><U115/><E11/><V96/><F17/><W39/><G76/><T54/><AGARI ba="4,1" hai="22,23,47,48,49,50,51,54,57,61,65,72,73,75" machi="54" ten="40,7800,0" yaku="1,1,2,1,0,1,53,0" doraHai="134" doraHaiUra="71" who="0" fromWho="0" sc="580,100,130,-30,130,-30,150,-30" /><INIT seed="0,5,0,3,1,129" ten="680,100,100,120" oya="0" hai0="81,61,112,132,57,39,48,30,31,23,133,62,70" hai1="1,74,27,38,53,26,49,56,120,29,12,21,3" hai2="43,55,64,66,117,13,50,10,6,98,80,34,96" hai3="20,82,17,104,67,89,51,73,130,72,40,35,76"/><T28/><D39/><U92/><E120/><V2/><F34/><W22/><G35/><T69/><D112/><U126/><E126/><V102/><F117/><W54/><G104/><T18/><D48/><U99/><E74/><V15/><F43/><W77/><G40/><T59/><D81/><U83/><E83/><V123/><F80/><W94/><G130/><T131/><D131/><U78/><E78/><V97/><F123/><W32/><G32/><T41/><D41/><U124/><E124/><V135/><F135/><N who="0" m="51786" /><D59/><U58/><E38/><V121/><F121/><W113/><G113/><T16/><D18/><U103/><E58/><V19/><F102/><W100/><G100/><T37/><D37/><U116/><E116/><V134/><F134/><W108/><G76/><T110/><D110/><U106/><E56/><N who="2" m="32887" /><F2/><W45/><G17/><T86/><D86/><U119/><E3/><V105/><F105/><W115/><G72/><T122/><D122/><U24/><E1/><V8/><AGARI ba="5,0" hai="6,8,10,13,15,19,64,66,96,97,98" m="32887" machi="8" ten="30,1100,0" yaku="8,1" doraHai="129" who="2" fromWho="2" sc="680,-10,100,-8,100,26,120,-8" /><INIT seed="1,0,0,5,2,72" ten="670,92,126,112" oya="1" hai0="104,61,102,108,91,54,96,43,128,45,107,36,80" hai1="32,70,2,48,56,76,84,126,38,4,3,73,120" hai2="35,68,7,118,98,41,52,103,26,55,39,21,40" hai3="18,99,133,134,111,30,12,33,24,95,25,113,110"/><U22/><E32/><V130/><F118/><W17/><G113/><T83/><D128/><U125/><E73/><V86/><F68/><W74/><G74/><T0/><D108/><N who="3" m="41513" /><G95/><T5/><D107/><U58/><E70/><V15/><F130/><W123/><G99/><T115/><D115/><U9/><E38/><V29/><F39/><W67/><G67/><T19/><D19/><U77/><E120/><V89/><F35/><W63/><G63/><T112/><D112/><U122/><E122/><V42/><F7/><W8/><G123/><T57/><D91/><U1/><E22/><AGARI ba="0,0" hai="8,12,17,18,22,24,25,30,33,133,134" m="41513" machi="22" ten="30,3900,0" yaku="14,1,34,2" doraHai="72" who="3" fromWho="1" sc="670,0,92,-39,126,0,112,39" /><INIT seed="2,0,0,1,1,96" ten="670,53,126,151" oya="2" hai0="73,14,86,97,119,126,109,46,67,59,1,34,129" hai1="85,74,28,80,15,93,5,7,27,36,6,22,52" hai2="51,103,62,112,60,72,118,107,61,53,21,104,18" hai3="69,127,37,108,79,88,50,54,66,64,84,4,101"/><V56/><F118/><W11/><G37/><T35/><D73/><U75/><E36/><V31/><F72/><W90/><G108/><T43/><D1/><U115/><E115/><V70/><F112/><W116/><G116/><T91/><D119/><U81/><E15/><V9/><F70/><W123/><G123/><T131/><D109/><U49/><E93/><V106/><F31/><W135/><G135/><T122/><D122/><U111/><E111/><V95/><F9/><W33/><G33/><T29/><D126/><U19/><E28/><V17/><REACH who="2" step="1"/><F21/><REACH who="2" ten="670,53,116,151" step="2"/><W32/><G32/><T55/><D34/><U16/><E75/><V125/><F125/><W82/><G127/><T24/><D35/><U44/><E74/><V30/><F30/><W100/><G69/><T39/><D29/><N who="1" m="17655" /><E80/><V71/><F71/><W132/><G132/><T65/><D131/><U3/><E3/><V38/><F38/><W117/><G117/><T13/><D39/><U114/><E114/><V130/><F130/><W47/><G66/><T87/><D65/><U99/><E99/><AGARI ba="0,1" hai="17,18,51,53,56,60,61,62,95,99,103,104,106,107" machi="99" ten="50,4800,0" yaku="1,1,52,1,53,0" doraHai="96" doraHaiUra="40" who="2" fromWho="1" sc="670,0,53,-48,116,58,151,0" /><INIT seed="2,1,0,4,3,26" ten="670,5,174,151" oya="2" hai0="3,54,68,36,132,2,51,131,112,44,42,124,60" hai1="13,86,45,83,22,75,9,18,117,91,50,7,29" hai2="39,100,72,135,65,118,81,104,25,0,15,133,96" hai3="69,127,14,40,32,107,52,94,71,70,27,88,129"/><V53/><F0/><W134/><G107/><T49/><D112/><U43/><E117/><V35/><F39/><W84/><G40/><T103/><D132/><N who="2" m="50762" /><F118/><W106/><G106/><T41/><D131/><U113/><E113/><V102/><F100/><W67/><G134/><T82/><D124/><U1/><E75/><V119/><F119/><W115/><G115/><T89/><D103/><U19/><E1/><V111/><F65/><W105/><G105/><T78/><D41/><U57/><E57/><V120/><F53/><W116/><G116/><T99/><D36/><U47/><E47/><V79/><F120/><W8/><G127/><T64/><D3/><U11/><E11/><V85/><F15/><W97/><G129/><T46/><D2/><U80/><E80/><N who="2" m="45159" /><F25/><AGARI ba="1,0" hai="7,9,13,18,19,22,25,29,43,45,50,83,86,91" machi="25" ten="40,2600,0" yaku="8,1,52,1" doraHai="26" who="1" fromWho="2" sc="670,0,5,29,174,-29,151,0" /><INIT seed="3,0,0,2,1,16" ten="670,34,145,151" oya="3" hai0="92,69,13,52,56,70,95,114,41,85,73,109,65" hai1="10,125,68,86,103,101,66,60,134,17,76,131,124" hai2="97,93,89,8,71,74,31,0,81,53,107,64,43" hai3="100,67,84,49,102,112,1,62,111,117,133,39,9"/><W54/><G39/><T55/><D73/><U83/><E131/><V22/><F43/><W128/><G117/><T58/><D114/><U28/><E134/><V5/><F74/><W135/><G112/><T78/><D109/><U25/><E17/><V19/><F107/><W105/><G128/><T116/><D116/><U104/><E10/><V122/><F122/><W59/><G111/><T50/><D41/><U2/><E2/><V129/><F129/><W77/><G105/><T79/><D13/><U36/><E36/><V7/><F31/><W33/><G33/><T23/><D23/><N who="1" m="15423" /><E104/><V57/><F7/><W115/><G115/><T27/><D27/><U45/><E45/><V132/><F132/><N who="3" m="50763" /><G84/><T82/><D65/><U75/><E75/><V110/><F110/><W14/><G77/><N who="0" m="46287" /><D70/><U130/><E130/><V90/><F64/><W44/><G1/><T123/><D69/><U51/><E51/><V42/><F71/><W35/><G35/><T98/><D123/><U48/><E48/><V88/><F42/><W24/><G24/><T121/><D121/><U21/><E21/><V119/><F119/><W118/><G118/><T61/><D98/><U15/><E15/><N who="2" m="5519" /><F81/><W37/><G37/><T96/><D96/><U87/><E87/><V113/><F0/><W72/><G72/><T40/><D40/><U120/><E120/><V99/><F113/><W108/><G108/><T126/><D78/><U34/><E34/><V4/><F4/><AGARI ba="0,0" hai="4,9,14,44,49,54,59,62,67,100,102" m="50763" machi="4" ten="30,1500,0" yaku="20,1" doraHai="16" who="3" fromWho="2" sc="670,0,34,0,145,-15,151,15" /><INIT seed="3,1,0,0,3,31" ten="670,34,130,166" oya="3" hai0="3,78,89,125,118,82,67,80,132,73,115,1,76" hai1="27,41,107,86,50,66,63,29,16,56,47,30,105" hai2="65,12,111,70,91,5,40,77,90,46,126,51,18" hai3="120,54,74,23,84,9,81,35,44,10,69,123,102"/><W53/><G74/><T32/><D118/><U122/><E122/><V60/><F111/><W128/><G69/><T109/><D109/><U95/><E30/><V0/><F126/><W135/><G102/><T58/><D125/><U134/><E134/><V24/><F77/><W55/><G44/><T100/><D132/><U57/><E57/><V19/><F0/><W15/><G135/><T114/><D100/><U96/><E86/><V83/><F5/><W62/><G62/><N who="0" m="38359" /><D89/><U72/><E72/><V64/><F83/><W110/><G110/><T98/><D98/><U52/><E41/><V113/><F113/><N who="0" m="43018" /><D32/><U59/><E59/><V61/><F24/><W39/><G123/><T28/><D28/><U11/><E29/><V93/><F12/><W21/><G35/><T129/><D129/><U2/><E27/><V79/><F79/><W14/><G120/><T88/><D88/><U97/><E97/><V106/><F106/><W124/><G128/><T108/><D108/><U117/><E117/><V116/><F116/><W20/><G124/><T48/><D48/><U6/><REACH who="1" step="1"/><E16/><REACH who="1" ten="670,24,130,166" step="2"/><V33/><F33/><W99/><G99/><T37/><D37/><U121/><E121/><V45/><F46/><W22/><G39/><T7/><D7/><U4/><E4/><V75/><F75/><AGARI ba="1,1" hai="1,3,73,75,76,78,80,82" m="43018,38359" machi="75" ten="30,1000,0" yaku="11,1" doraHai="31" who="0" fromWho="2" sc="670,23,24,0,130,-13,166,0" /><INIT seed="4,0,0,1,2,6" ten="693,24,117,166" oya="0" hai0="117,44,66,84,82,79,106,96,68,29,30,15,107" hai1="62,33,74,67,12,101,110,0,54,27,125,28,63" hai2="77,25,99,7,60,92,8,129,61,87,113,21,81" hai3="24,73,72,89,49,59,2,119,102,51,121,120,95"/><T133/><D117/><U14/><E110/><V105/><F113/><W9/><G119/><T111/><D111/><U22/><E125/><V75/><F129/><W109/><G102/><T93/><D133/><U134/><E134/><V90/><F7/><W114/><G109/><T128/><D128/><U122/><E122/><V41/><F41/><W108/><G108/><T86/><D107/><U69/><E74/><V123/><F123/><N who="3" m="47179" /><G114/><T45/><D106/><U42/><E42/><V40/><F40/><W131/><G131/><T103/><D68/><U34/><E0/><V115/><F115/><W76/><G24/><T37/><D66/><U98/><E63/><V23/><F8/><W19/><G76/><T35/><D35/><U135/><E135/><V39/><F39/><W10/><G19/><T97/><D37/><U94/><REACH who="1" step="1"/><E54/><REACH who="1" ten="693,14,117,166" step="2"/><V57/><F75/><W70/><G2/><T47/><D47/><U1/><E1/><V104/><F61/><W46/><G72/><T17/><D45/><U132/><E132/><V118/><F60/><W112/><G73/><T36/><D44/><U53/><E53/><V88/><F57/><W5/><G112/><T20/><D36/><U91/><E91/><V16/><F90/><W64/><G70/><T127/><D127/><U50/><E50/><V38/><F118/><W65/><G59/><T31/><D103/><U130/><E130/><V100/><F38/><W83/><G51/><T58/><D58/><U48/><E48/><V43/><F43/><W126/><G49/><T116/><D116/><U4/><E4/><V85/><F104/><RYUUKYOKU ba="0,1" sc="693,10,14,10,117,10,166,-30" hai0="15,17,20,29,30,31,79,82,84,86,93,96,97" hai1="12,14,22,27,28,33,34,62,67,69,94,98,101" hai2="16,21,23,25,77,81,85,87,88,92,99,100,105" /><INIT seed="4,1,1,5,5,108" ten="703,24,127,136" oya="0" hai0="29,41,133,9,125,27,60,129,89,116,123,132,124" hai1="17,99,88,110,109,106,111,126,64,75,94,127,21" hai2="78,48,46,96,131,61,112,107,11,56,80,104,51" hai3="135,8,91,113,10,92,117,77,45,3,39,16,37"/><T122/><D41/><U81/><E64/><V120/><F120/><N who="0" m="46122" /><D60/><U12/><REACH who="1" step="1"/><E106/><REACH who="1" ten="703,14,127,136" step="2"/><V85/><F107/><W97/><G117/><T18/><D116/><U70/><E70/><V25/><F104/><W63/><G135/><N who="0" m="51787" /><D89/><U119/><E119/><V87/><F131/><W40/><G77/><AGARI ba="1,2" hai="12,17,21,75,77,81,88,94,99,109,110,111,126,127" machi="77" ten="50,3200,0" yaku="1,1,54,1,53,0" doraHai="108" doraHaiUra="115" who="1" fromWho="3" sc="703,0,14,55,127,0,136,-35" /><INIT seed="5,0,0,2,2,109" ten="703,69,127,101" oya="1" hai0="74,124,23,104,45,70,54,128,81,115,52,53,33" hai1="111,110,29,105,89,28,69,121,59,30,68,83,88" hai2="67,11,2,4,90,134,100,98,120,125,0,40,106" hai3="99,31,80,20,129,135,66,21,24,93,91,102,51"/><U63/><E121/><V12/><F120/><W42/><G135/><T132/><D33/><U101/><E105/><V79/><F134/><W50/><G129/><T43/><D132/><U1/><E1/><V58/><F125/><W122/><G122/><T97/><D124/><U84/><E101/><V107/><F79/><W44/><G66/><T72/><D128/><U57/><E89/><V126/><F40/><W123/><G123/><T103/><D70/><N who="1" m="27243" /><E63/><V17/><F126/><W16/><G80/><T96/><D81/><U77/><E77/><V112/><F2/><W27/><G102/><T36/><D97/><U85/><E85/><V92/><F107/><W5/><REACH who="3" step="1"/><G5/><REACH who="3" ten="703,69,127,91" step="2"/><T114/><REACH who="0" step="1"/><D23/><REACH who="0" ten="693,69,127,91" step="2"/><U47/><E111/><V14/><F100/><W119/><G119/><T87/><D87/><U8/><E110/><V48/><F98/><W46/><G46/><T38/><D38/><AGARI ba="0,2" hai="16,20,21,24,27,31,38,42,44,50,51,91,93,99" machi="38" ten="30,8000,1" yaku="1,1,7,1,54,1,53,2" doraHai="109" doraHaiUra="18" who="3" fromWho="0" sc="693,-80,69,0,127,0,91,100" /><INIT seed="6,0,0,4,1,75" ten="613,69,127,191" oya="2" hai0="126,30,122,13,83,9,4,102,90,62,87,99,39" hai1="107,86,74,17,34,29,40,18,119,65,128,27,49" hai2="117,80,133,89,15,68,10,94,41,0,93,78,52" hai3="46,77,21,130,121,54,60,50,26,63,73,97,11"/><V127/><F117/><W58/><G121/><T106/><D122/><U114/><E74/><V108/><F68/><W92/><G130/><T59/><D126/><U47/><E119/><V101/><F127/><W103/><G11/><T91/><D39/><U35/><E128/><V64/><F0/><W53/><G73/><T3/><D30/><U16/><E114/><V28/><F41/><W31/><G63/><T104/><D104/><U36/><E107/><V43/><F43/><W44/><G44/><T113/><D113/><U123/><E123/><V61/><F28/><W45/><G45/><T5/><D5/><U38/><E35/><V51/><F101/><W135/><G135/><T100/><D100/><U79/><REACH who="1" step="1"/><E65/><REACH who="1" ten="613,59,127,191" step="2"/><V56/><F133/><W125/><G125/><T42/><D42/><U76/><E76/><AGARI ba="0,1" hai="21,26,31,46,50,53,54,58,60,76,77,92,97,103" machi="76" ten="40,5200,0" yaku="8,1,52,2" doraHai="75" who="3" fromWho="1" sc="613,0,59,-52,127,0,191,62" /><INIT seed="7,0,0,4,0,109" ten="613,7,127,253" oya="3" hai0="28,117,12,31,67,37,26,59,130,30,120,17,60" hai1="65,18,7,72,93,100,103,121,123,44,133,42,47" hai2="52,15,80,116,88,106,77,11,5,127,13,35,114" hai3="43,39,74,58,21,113,119,25,134,2,48,122,20"/><W125/><G58/><T108/><D120/><U94/><E72/><V8/><F106/><W55/><G55/><T61/><D108/><U82/><E7/><V107/><F35/><W14/><G48/><T56/><D117/><U16/><E65/><V63/><F116/><W81/><G119/><T97/><D130/><U102/><E133/><V40/><F107/><W129/><G129/><T24/><D97/><U71/><E71/><V83/><F40/><W84/><G122/><T34/><D37/><U64/><E64/><V78/><F127/><W29/><G125/><T46/><D34/><U70/><E70/><V86/><F80/><W3/><G74/><T32/><D32/><U95/><E82/><V51/><F114/><W0/><G134/><T87/><D87/><U53/><E53/><V54/><F63/><W85/><G113/><T124/><D46/><U89/><E89/><V76/><F51/><W126/><G126/><T19/><D124/><U69/><E69/><V91/><F91/><W79/><G14/><T1/><D1/><U112/><E112/><V38/><F38/><W99/><G99/><T6/><D12/><U104/><E104/><V135/><F135/><W111/><G111/><T41/><D59/><U92/><N who="1" m="23552" /><DORA hai="118" /><U36/><E36/><V90/><REACH who="2" step="1"/><F90/><REACH who="2" ten="613,7,117,253" step="2"/><W131/><G131/><T115/><D60/><U4/><E4/><AGARI ba="0,1" hai="4,5,8,11,13,15,52,54,76,77,78,83,86,88" machi="4" ten="40,12000,2" yaku="1,1,2,1,9,1,8,1,54,2,53,0" doraHai="109,118" doraHaiUra="45,23" who="2" fromWho="1" sc="613,0,7,-120,117,130,253,0" owari="613,71.0,-113,-61.0,247,-15.0,253,5.0" /></mjloggm>