<mjloggm ver="2.3"><GO type="41"/><UN n0="%E3%81%AE%E3%81%A9%E3%81%A3%E3%81%A1%E3%82%A8%E3%83%88%E3%83%9A%E3%83%B3" n1="%70%61%72%75%6F%31%31" n2="%4E%4F%56%41%E3%81%86%E3%81%95%E3%81%8E" n3="%EF%BC%88%E2%89%A7%E2%96%BD%E2%89%A6%EF%BC%89" dan="14,15,13,14" rate="1977,1967,1895,2068" sx="M,M,M,M"/><TAIKYOKU oya="0"/><INIT seed="0,0,0,4,0,70" ten="250,250,250,250" oya="0" hai0="72,59,115,82,60,120,103,41,86,24,58,85,107" hai1="57,88,79,91,98,10,112,39,18,47,102,11,55" hai2="126,36,69,23,81,50,27,17,9,132,12,118,26" hai3="84,68,108,111,113,22,28,90,2,25,21,78,62"/><T52/><D120/><U134/><E79/><V63/><F118/><W5/><G113/><T51/><D115/><U15/><E112/><V110/><F132/><W77/><G22/><T14/><D72/><U100/><E134/><V19/><F110/><N who="3" m="42027" /><G2/><T35/><D35/><U43/><E10/><V92/><F126/><W38/><G5/><T29/><D107/><U117/><E117/><V130/><F130/><W1/><G1/><T4/><D103/><U33/><E33/><V75/><F92/><N who="3" m="54343" /><G38/><T133/><D133/><U131/><E131/><V0/><F36/><W3/><G3/><T30/><D24/><U129/><E129/><V66/><F0/><W135/><G135/><T67/><D41/><U114/><E114/><V95/><F50/><W65/><AGARI ba="0,0" hai="21,25,28,62,65,68,77,78" m="54343,42027" machi="65" ten="30,1100,0" yaku="14,1" doraHai="70" who="3" fromWho="3" sc="250,-5,250,-3,250,-3,250,11" /><INIT seed="1,0,0,1,0,127" ten="245,247,247,261" oya="1" hai0="37,87,99,72,6,19,123,20,62,83,18,119,52" hai1="15,126,91,13,54,107,112,63,55,90,73,29,109" hai2="111,121,51,41,5,11,135,117,96,36,47,27,64" hai3="133,49,14,38,78,113,86,7,70,115,71,42,114"/><U21/><E112/><V60/><F121/><W131/><G133/><T79/><D119/><U129/><E107/><V26/><F117/><W0/><G14/><T118/><D118/><U50/><E73/><V53/><F135/><W101/><G49/><T128/><D37/><U22/><E126/><V40/><F111/><W67/><G86/><T97/><D72/><U94/><E109/><V30/><F40/><W2/><G78/><T56/><D123/><U88/><E129/><V57/><F96/><W43/><G101/><T69/><D69/><N who="3" m="26121" /><G67/><T23/><D128/><U32/><E32/><V12/><REACH who="2" step="1"/><F30/><REACH who="2" step="2"/><W105/><G42/><T89/><D97/><U130/><E29/><V134/><F134/><W33/><G43/><T124/><D124/><U125/><E125/><V8/><F8/><W34/><G114/><T98/><D98/><U95/><E130/><V132/><F132/><W92/><G131/><T102/><D99/><U45/><E95/><V74/><F74/><W120/><G92/><T108/><D108/><U76/><E94/><V1/><F1/><W16/><G115/><T77/><D102/><U4/><E55/><V82/><F82/><W80/><G113/><T10/><D10/><U103/><E54/><V65/><F65/><W106/><G80/><T110/><D110/><U44/><E4/><V93/><F93/><W84/><G7/><T122/><D6/><U48/><E22/><N who="0" m="8233" /><D122/><U31/><E21/><V17/><F17/><AGARI ba="0,1" hai="17,18,19,52,56,62,77,79,83,87,89" m="8233" machi="17" ten="30,2000,0" yaku="8,1,54,1" doraHai="127" who="0" fromWho="2" sc="245,30,247,0,237,-20,261,0" /><INIT seed="2,0,0,5,4,26" ten="275,247,217,261" oya="2" hai0="59,119,98,132,63,40,69,89,60,31,49,36,39" hai1="7,82,79,113,44,116,18,15,62,70,43,97,37" hai2="73,23,75,66,20,1,101,122,25,112,61,24,129" hai3="80,111,110,56,57,11,52,55,99,126,10,53,54"/><V32/><F32/><W130/><G130/><T68/><D98/><U38/><E116/><V84/><F112/><W94/><G80/><T30/><D89/><U72/><E113/><V85/><F122/><W41/><G41/><T105/><D105/><U22/><E7/><V21/><F1/><W100/><G126/><T118/><D132/><U88/><E70/><N who="0" m="27241" /><D49/><U104/><E104/><V45/><F45/><W46/><G46/><T109/><D109/><N who="3" m="41481" /><G57/><T3/><D3/><U78/><E78/><V117/><F117/><N who="0" m="44554" /><D40/><U19/><E62/><AGARI ba="0,0" hai="10,11,52,53,54,55,56,62,94,99,100" m="41481" machi="62" ten="30,2000,0" yaku="14,1,54,1" doraHai="26" who="3" fromWho="1" sc="275,0,247,-20,217,0,261,20" /><INIT seed="3,0,0,0,4,4" ten="275,227,217,281" oya="3" hai0="80,25,117,49,98,40,78,26,97,8,110,52,66" hai1="9,10,11,122,77,13,6,134,33,83,123,1,35" hai2="62,53,84,104,135,76,107,47,16,30,73,109,42" hai3="69,93,86,21,28,91,17,24,55,95,32,18,89"/><W5/><G69/><T15/><D117/><U68/><E68/><V131/><F73/><W43/><G43/><T46/><D110/><U34/><E134/><V59/><F109/><W103/><G5/><T38/><D66/><U50/><E50/><V63/><F30/><W67/><G67/><T133/><D133/><U106/><E106/><V132/><F131/><W65/><G65/><T23/><D40/><U19/><REACH who="1" step="1"/><E9/><REACH who="1" step="2"/><V51/><F135/><W0/><G0/><T121/><D38/><U31/><E31/><V102/><F132/><W39/><G39/><T115/><D115/><U113/><E113/><V100/><F63/><W37/><G37/><T128/><D128/><U44/><E44/><V114/><F107/><W12/><G103/><T2/><D2/><U126/><E126/><V60/><F104/><W82/><G55/><T94/><D52/><U105/><E105/><V127/><F62/><W125/><G125/><T45/><D45/><U72/><AGARI ba="0,1" hai="1,6,10,11,13,19,33,34,35,72,77,83,122,123" machi="72" ten="30,7900,0" yaku="1,1,0,1,52,2,53,0" doraHai="4" doraHaiUra="36" who="1" fromWho="1" sc="275,-20,217,89,217,-20,281,-39" /><INIT seed="4,0,0,1,3,102" ten="255,306,197,242" oya="0" hai0="74,28,109,97,111,112,54,55,51,71,4,29,129" hai1="125,27,95,103,104,94,123,0,93,25,100,34,30" hai2="128,50,106,23,72,134,53,101,130,76,75,45,86" hai3="26,115,44,107,13,77,120,18,99,82,9,16,131"/><T117/><D112/><U42/><E123/><V38/><F134/><W84/><G120/><T110/><D74/><U58/><E0/><V65/><F65/><W60/><G115/><T5/><D117/><U41/><E125/><V47/><F23/><W79/><G131/><N who="2" m="50217" /><F38/><W73/><G44/><N who="0" m="28007" /><D129/><U67/><E25/><V118/><F47/><W21/><G60/><T11/><D71/><U7/><E7/><N who="0" m="2633" /><D11/><U46/><E46/><V127/><F127/><W43/><G43/><T32/><D32/><U2/><E2/><V37/><F37/><W33/><G33/><T135/><D135/><U90/><E42/><V87/><F118/><W56/><G56/><T6/><N who="0" m="2641" /><T40/><DORA hai="132" /><D40/><U78/><E41/><V10/><F10/><W22/><G9/><T61/><D97/><U57/><E58/><AGARI ba="0,0" hai="28,29,55,58,61,109,110,111" m="2641,28007" machi="58" ten="40,2000,0" yaku="10,1" doraHai="102,132" who="0" fromWho="1" sc="255,20,306,-20,197,0,242,0" /><INIT seed="4,1,0,4,3,126" ten="275,286,197,242" oya="0" hai0="93,101,125,91,19,30,16,65,100,116,42,26,119" hai1="17,64,77,28,135,134,35,133,32,40,90,88,43" hai2="103,63,47,89,69,87,99,44,14,10,108,95,24" hai3="111,97,78,3,130,68,56,132,34,127,109,25,123"/><T92/><D125/><U114/><E77/><V11/><F108/><W39/><RYUUKYOKU type="yao9" ba="1,0" sc="275,0,286,0,197,0,242,0" hai3="3,25,34,39,56,68,78,97,109,111,123,127,130,132" /><INIT seed="4,2,0,4,0,99" ten="275,286,197,242" oya="0" hai0="77,112,96,47,15,134,75,27,20,64,49,109,54" hai1="46,48,87,42,28,124,59,6,95,79,39,29,23" hai2="131,9,58,126,53,41,98,128,55,118,33,71,107" hai3="8,56,26,5,91,65,62,45,36,114,119,12,92"/><T3/><D3/><U0/><E124/><V105/><F71/><W34/><G119/><T103/><D112/><U88/><E79/><V16/><F126/><W97/><G114/><T121/><D121/><U104/><E104/><V130/><F41/><W117/><G117/><T78/><D109/><U86/><E86/><V63/><F118/><W66/><G36/><T93/><D134/><U51/><E39/><V57/><F33/><W37/><G37/><T110/><D110/><U90/><E90/><V43/><F43/><W133/><G133/><T122/><D122/><U38/><E38/><V101/><F107/><W35/><G45/><T68/><D75/><U129/><E129/><V85/><F85/><W11/><G66/><T24/><D68/><U18/><E6/><V1/><F1/><W76/><G76/><T2/><D2/><U73/><E73/><V115/><F115/><W111/><G111/><T132/><D64/><U72/><E72/><V25/><F25/><N who="0" m="9802" /><D132/><U14/><E0/><V113/><F113/><W32/><REACH who="3" step="1"/><G8/><REACH who="3" step="2"/><T67/><D67/><U10/><E10/><V102/><F9/><W89/><G89/><T7/><D20/><U80/><E46/><V50/><F101/><W116/><G116/><T30/><D30/><AGARI ba="2,1" hai="5,11,12,26,30,32,34,35,56,62,65,91,92,97" machi="30" ten="40,2600,0" yaku="1,1,53,1" doraHai="99" doraHaiUra="61" who="3" fromWho="0" sc="275,-32,286,0,197,0,232,42" /><INIT seed="5,0,0,2,2,4" ten="243,286,197,274" oya="1" hai0="76,134,67,124,42,0,5,106,36,103,74,38,10" hai1="63,80,115,49,58,104,88,55,122,7,46,6,21" hai2="99,31,89,131,53,12,113,105,75,39,82,78,35" hai3="8,86,19,101,129,84,127,128,11,33,70,98,85"/><U107/><E122/><V64/><F113/><W100/><G127/><T96/><D67/><U125/><E125/><V30/><F131/><N who="3" m="50251" /><G70/><T60/><D60/><U56/><E115/><V52/><F39/><W18/><G33/><T59/><D59/><U68/><E68/><V43/><F43/><W90/><G90/><T66/><D66/><N who="1" m="39271" /><E107/><V13/><F64/><W20/><G19/><T48/><D124/><U94/><E104/><V1/><F1/><W45/><G45/><N who="0" m="23751" /><D48/><N who="1" m="31079" /><E21/><V24/><F31/><W23/><G23/><T61/><D61/><U121/><E80/><V41/><F41/><W26/><G101/><T40/><D134/><U27/><E27/><V25/><F25/><W83/><G83/><N who="0" m="45463" /><D40/><N who="1" m="24775" /><E121/><V120/><F120/><W77/><G77/><T54/><D54/><U34/><E34/><V32/><F32/><W97/><G100/><T116/><D116/><U92/><E92/><V71/><F71/><W110/><G110/><T2/><D38/><U28/><E28/><V95/><REACH who="2" step="1"/><F105/><REACH who="2" step="2"/><W51/><G51/><T79/><D0/><U81/><E81/><V87/><F87/><AGARI ba="0,1" hai="6,7,87,88,94" m="24775,31079,39271" machi="87" ten="30,2900,0" yaku="8,1,54,1" doraHai="4" who="1" fromWho="2" sc="243,0,286,39,187,-29,274,0" /><INIT seed="5,1,0,2,4,50" ten="243,325,158,274" oya="1" hai0="49,11,42,98,28,103,102,130,74,44,116,91,26" hai1="32,111,8,107,51,115,84,129,96,47,79,81,135" hai2="94,118,15,110,34,2,53,72,78,95,18,126,57" hai3="69,67,38,83,123,90,45,1,24,114,104,29,43"/><U88/><E32/><V37/><F118/><W56/><G123/><T71/><D116/><U9/><E129/><V89/><F37/><W3/><G114/><T16/><D130/><U25/><E115/><V128/><F110/><W4/><G56/><T0/><D74/><U55/><E111/><V86/><F34/><N who="3" m="20775" /><G90/><T19/><D71/><U14/><E135/><V21/><F2/><N who="3" m="523" /><G4/><T120/><D120/><U131/><E131/><V106/><F106/><W99/><G83/><T10/><D0/><U121/><E121/><V30/><F128/><W39/><G39/><T133/><D133/><U7/><E107/><V23/><F126/><W48/><G48/><T77/><D77/><U22/><E8/><N who="0" m="3113" /><D91/><U20/><E25/><N who="2" m="16703" /><F72/><W82/><G82/><T93/><D103/><U59/><E47/><V127/><F78/><W92/><G92/><AGARI ba="1,0" hai="7,9,14,20,22,51,55,59,79,81,84,88,92,96" machi="92" ten="40,7700,0" yaku="8,1,52,1,54,1" doraHai="50" who="1" fromWho="3" sc="243,0,325,80,158,0,274,-80" /><INIT seed="5,2,0,0,0,47" ten="243,405,158,194" oya="1" hai0="57,16,44,120,122,135,127,71,60,90,133,88,0" hai1="75,118,129,68,84,109,123,119,100,113,12,104,94" hai2="31,37,33,4,34,73,98,41,121,19,89,70,1" hai3="117,134,93,52,80,30,8,110,17,108,51,114,61"/><U28/><E123/><N who="0" m="47145" /><D0/><U125/><E68/><V18/><F70/><W32/><G134/><N who="0" m="51211" /><D127/><U115/><E125/><V36/><F73/><W95/><G117/><T66/><D44/><U131/><E109/><V107/><F121/><W10/><G114/><T91/><D71/><U27/><E115/><V54/><F54/><W7/><G110/><T72/><D72/><U87/><E113/><V74/><F74/><W97/><G108/><T92/><D16/><U124/><E75/><V35/><F31/><W25/><G17/><T48/><D48/><U40/><E124/><V106/><F19/><W102/><G61/><T13/><D13/><U50/><E12/><V86/><F18/><W58/><G80/><T21/><D21/><U49/><E50/><V63/><F63/><W56/><G56/><T20/><D20/><U55/><E49/><V29/><F29/><W128/><G128/><T116/><D116/><U2/><E131/><V103/><F106/><W82/><G82/><T126/><D126/><U81/><E81/><V15/><F15/><W132/><G132/><T39/><D39/><U42/><E104/><V67/><F37/><W101/><G7/><T112/><D112/><U130/><E129/><V5/><F1/><W53/><G53/><T64/><D64/><U14/><E55/><V65/><F36/><W99/><AGARI ba="2,0" hai="8,10,25,30,32,51,52,58,93,95,97,99,101,102" machi="99" ten="30,7900,0" yaku="0,1,9,1,52,1,54,1" doraHai="47" who="3" fromWho="3" sc="243,-22,405,-41,158,-22,194,85" /><INIT seed="6,0,0,2,2,102" ten="221,364,136,279" oya="2" hai0="41,112,9,126,47,49,56,116,4,25,84,96,61" hai1="52,19,105,27,86,89,42,110,108,118,14,91,87" hai2="40,119,76,38,125,71,69,129,99,107,2,132,26" hai3="24,120,123,11,72,0,97,113,55,31,59,16,83"/><V13/><F119/><W54/><G113/><T133/><D116/><U111/><E118/><V30/><F125/><W128/><G128/><T62/><D126/><U64/><E64/><V17/><F129/><W58/><G97/><T23/><D112/><U79/><E42/><V32/><F76/><W12/><G0/><T21/><D133/><U1/><E1/><V122/><F122/><W135/><G135/><T43/><D96/><U90/><E105/><V34/><F132/><W73/><G58/><T20/><D84/><U66/><E66/><V37/><F2/><W93/><G93/><T46/><D25/><U67/><E67/><V77/><F77/><W115/><G115/><T63/><D56/><U33/><E79/><V35/><F69/><W44/><G44/><T88/><D88/><U5/><E27/><V134/><F134/><W127/><G127/><T39/><REACH who="0" step="1"/><D63/><REACH who="0" step="2"/><U94/><E87/><V74/><F71/><W95/><G24/><T68/><D68/><U131/><E131/><V7/><F7/><W10/><G59/><T48/><D48/><U82/><E5/><V101/><F74/><W124/><G73/><T60/><D60/><U53/><E90/><V45/><REACH who="2" step="1"/><F38/><REACH who="2" step="2"/><W103/><G72/><T57/><D57/><U8/><E111/><V75/><F75/><W92/><G124/><T65/><D65/><U18/><E110/><V81/><F81/><W6/><G83/><T114/><D114/><U36/><E108/><V22/><AGARI ba="0,2" hai="13,17,22,26,30,32,34,35,37,40,45,99,101,107" machi="22" ten="20,7800,0" yaku="1,1,0,1,7,1,52,1,53,0" doraHai="102" doraHaiUra="80" who="2" fromWho="2" sc="211,-26,364,-26,126,98,279,-26" /><INIT seed="6,1,0,2,4,31" ten="185,338,224,253" oya="2" hai0="14,135,4,47,95,90,109,48,1,131,7,96,34" hai1="10,6,111,18,24,21,134,63,61,69,39,100,73" hai2="78,85,67,17,55,41,50,40,38,93,130,118,124" hai3="28,60,77,9,129,65,20,108,12,3,49,107,114"/><V22/><F118/><W112/><G108/><T5/><D109/><U44/><E111/><V121/><F121/><W51/><G107/><T54/><D131/><U80/><E69/><V115/><F130/><W120/><G120/><T79/><D135/><U11/><E134/><V84/><F124/><W76/><G129/><T30/><D1/><N who="1" m="335" /><E11/><V102/><F115/><N who="3" m="44075" /><G3/><T23/><D79/><N who="3" m="30281" /><G20/><T74/><D74/><U104/><E100/><V81/><F84/><W16/><G28/><T59/><D59/><AGARI ba="1,0" hai="9,12,16,49,51,59,60,65" m="30281,44075" machi="59" ten="30,3900,0" yaku="15,1,11,1,54,1" doraHai="31" who="3" fromWho="0" sc="185,-42,338,0,224,0,253,42" /><INIT seed="7,0,0,2,2,115" ten="143,338,224,295" oya="3" hai0="30,85,0,106,91,82,108,40,53,128,35,98,110" hai1="18,88,62,127,132,61,120,63,7,95,43,102,92" hai2="86,90,73,112,125,116,119,113,8,70,52,31,124" hai3="131,22,133,65,97,28,67,3,81,118,134,79,76"/><W75/><G3/><T46/><D0/><U58/><E120/><V103/><F73/><W77/><G131/><T33/><D128/><U71/><E71/><V21/><F103/><W104/><G28/><T57/><D108/><U26/><E127/><N who="2" m="48715" /><F70/><W123/><G123/><T107/><D110/><U68/><E61/><V126/><F126/><W39/><G39/><T14/><D106/><U47/><E92/><N who="2" m="54359" /><F21/><W121/><G121/><T89/><D107/><U2/><E18/><V60/><F31/><W37/><G37/><T69/><D69/><U6/><E2/><V24/><F24/><W122/><G122/><T96/><D35/><U74/><E58/><N who="2" m="34887" /><F8/><W117/><G22/><T56/><D33/><U27/><E74/><V12/><F12/><W25/><G25/><T16/><D30/><U48/><E27/><V36/><F36/><W11/><G11/><T54/><D91/><U59/><E26/><V109/><F109/><W114/><G75/><T129/><D129/><U50/><E88/><V10/><F10/><W4/><G4/><T13/><D46/><U83/><E68/><V15/><F15/><W87/><G104/><T101/><D40/><U44/><E43/><V9/><F9/><W66/><G114/><AGARI ba="0,0" hai="112,113,114,116,119" m="34887,54359,48715" machi="114" ten="30,8000,1" yaku="15,1,18,1,52,2,54,1" doraHai="115" who="2" fromWho="3" sc="143,0,338,0,224,80,295,-80" owari="143,-36,338,44,304,10,215,-18" /></mjloggm>