<mjloggm ver="2.3"><GO type="41"/><UN n0="%E3%83%95%E3%83%AA%E3%83%86%E3%83%B3%E7%8E%8B%E5%AD%90" n1="%EF%BC%88%E2%89%A7%E2%96%BD%E2%89%A6%EF%BC%89" n2="%73%2E%77%61%64%61" n3="%E3%81%BE%E3%81%8B%E3%83%BC%E3%82%8B" dan="15,15,14,15" rate="1975,2064,1912,1949" sx="M,M,M,M"/><TAIKYOKU oya="0"/><INIT seed="0,0,0,5,5,79" ten="250,250,250,250" oya="0" hai0="5,30,109,63,28,40,52,17,127,88,126,91,32" hai1="131,16,78,73,1,45,66,47,60,65,38,29,27" hai2="87,9,0,84,114,105,25,22,123,10,116,128,93" hai3="11,120,111,85,102,108,3,94,92,98,74,33,112"/><T90/><D32/><U12/><E131/><V117/><F114/><W80/><G11/><T4/><D40/><U21/><E1/><V129/><F123/><W122/><G3/><T83/><D17/><U101/><E101/><V58/><F105/><N who="3" m="63703" /><G74/><T135/><D135/><U121/><E121/><N who="3" m="46698" /><G33/><T31/><D109/><N who="3" m="42057" /><G112/><T51/><D63/><U39/><E39/><V18/><F58/><W125/><G125/><N who="0" m="47627" /><D5/><U48/><E38/><V50/><F50/><W113/><G113/><T89/><D4/><U20/><E48/><V130/><F0/><W110/><N who="3" m="42065" /><W15/><DORA hai="35" /><G15/><T76/><N who="0" m="23040" /><DORA hai="36" /><T82/><D76/><AGARI ba="0,0" hai="76,80,85,92,94" m="42065,46698,63703" machi="76" ten="40,8000,1" yaku="13,1,14,1,34,2,52,1" doraHai="79,35,36" who="3" fromWho="0" sc="250,-80,250,0,250,0,250,80" /><INIT seed="1,0,0,0,1,81" ten="170,250,250,330" oya="1" hai0="71,74,83,130,55,114,133,134,23,82,11,118,97" hai1="9,12,126,109,108,65,60,73,4,123,103,129,112" hai2="49,68,1,17,131,39,104,54,79,22,124,58,61" hai3="14,121,7,93,46,107,33,18,128,84,21,89,38"/><U76/><E123/><V110/><F104/><W35/><G107/><T100/><D118/><U101/><E112/><V3/><F110/><N who="1" m="42601" /><E129/><V78/><F131/><W6/><G121/><T30/><D130/><U20/><E126/><V31/><F124/><W27/><G128/><T42/><D114/><U102/><E20/><V116/><F116/><W94/><G38/><T67/><D42/><U99/><E76/><V36/><F31/><W135/><G46/><T50/><D74/><U40/><E73/><V86/><F78/><W105/><G105/><T59/><D11/><U111/><N who="1" m="42609" /><U87/><DORA hai="41" /><E40/><V2/><F68/><W88/><G135/><N who="0" m="51723" /><D71/><N who="1" m="42407" /><E87/><V25/><REACH who="2" step="1"/><F61/><REACH who="2" step="2"/><W13/><G35/><T132/><D132/><U28/><E28/><V122/><F122/><W69/><G69/><T5/><D30/><U29/><E29/><V44/><F44/><W115/><G33/><T127/><D127/><U117/><E117/><V75/><F75/><W113/><G113/><T62/><D62/><U57/><E57/><V77/><F77/><W120/><G115/><T85/><D59/><U125/><E125/><V119/><F119/><W95/><G120/><T92/><D50/><U47/><E47/><V34/><F34/><W106/><G106/><AGARI ba="0,1" hai="4,9,12,99,101,102,103,106" m="42407,42609" machi="106" ten="40,3900,0" yaku="14,1,10,1" doraHai="81,41" who="1" fromWho="3" sc="170,0,250,49,240,0,330,-39" /><INIT seed="1,1,0,3,4,100" ten="170,299,240,291" oya="1" hai0="123,10,77,72,71,95,42,25,110,5,117,89,120" hai1="88,118,27,101,90,62,18,64,14,6,31,104,8" hai2="63,68,59,47,99,50,30,54,126,113,9,131,108" hai3="134,57,80,128,61,87,86,22,39,66,103,34,96"/><U49/><E118/><V2/><F108/><W11/><G39/><T65/><D117/><U119/><E119/><V97/><F126/><W44/><G34/><T38/><D110/><U20/><E49/><V129/><F30/><W32/><G32/><T0/><D25/><U1/><E101/><V37/><F2/><W58/><G134/><T52/><D89/><U70/><REACH who="1" step="1"/><E104/><REACH who="1" step="2"/><V125/><F125/><W67/><G128/><T83/><D95/><U132/><E132/><V130/><F113/><W102/><G102/><T41/><D41/><U116/><E116/><V3/><F3/><W133/><G133/><T73/><D42/><U81/><E81/><V85/><F37/><W26/><G80/><T91/><D38/><U75/><E75/><V94/><F68/><W109/><G109/><T51/><D73/><U93/><E93/><V19/><F85/><W12/><G87/><T28/><D83/><U124/><E124/><V84/><F84/><W74/><G86/><T40/><D72/><U55/><E55/><N who="2" m="30175" /><F94/><W56/><G74/><T16/><D40/><U114/><E114/><V107/><F107/><W69/><G69/><T36/><D36/><U112/><E112/><V121/><F121/><W29/><G67/><T15/><D65/><U45/><E45/><V21/><F9/><AGARI ba="1,1" hai="1,6,8,9,14,18,20,27,31,62,64,70,88,90" machi="9" ten="30,5800,0" yaku="1,1,7,1,54,1,53,0" doraHai="100" doraHaiUra="98" who="1" fromWho="2" sc="170,0,289,71,240,-61,291,0" /><INIT seed="1,2,0,2,2,56" ten="170,360,179,291" oya="1" hai0="128,28,50,18,73,27,10,72,65,123,55,21,37" hai1="32,1,86,124,38,31,13,43,26,118,8,126,76" hai2="113,0,53,115,59,22,100,85,40,24,111,89,61" hai3="94,93,101,42,133,6,112,71,36,117,63,34,62"/><U5/><E118/><V114/><F0/><W120/><G71/><T45/><D128/><U19/><E86/><V108/><F100/><W98/><G34/><T47/><D123/><U81/><E81/><V57/><F57/><W104/><G112/><T96/><D96/><U131/><E76/><V35/><F35/><W25/><G120/><T39/><D39/><U121/><E121/><V134/><F40/><W83/><G42/><T102/><D37/><U109/><E43/><V46/><F46/><W91/><G36/><T64/><D102/><U68/><E68/><V106/><F106/><W54/><G6/><T122/><D122/><U4/><E38/><V125/><F125/><N who="1" m="48233" /><E131/><V66/><F134/><W20/><G133/><T79/><D79/><U51/><E51/><V33/><F33/><W7/><G7/><N who="1" m="2634" /><E109/><V132/><F132/><W92/><G117/><T3/><D72/><U135/><E135/><V52/><F85/><W116/><G116/><T90/><D73/><U78/><E78/><V80/><F80/><W49/><G83/><T14/><D3/><AGARI ba="2,0" hai="1,3,8,13,19,26,31,32" m="2634,48233" machi="3" ten="30,5800,0" yaku="18,1,34,2" doraHai="56" who="1" fromWho="0" sc="170,-64,360,64,179,0,291,0" /><INIT seed="1,3,0,3,1,5" ten="106,424,179,291" oya="1" hai0="96,89,44,74,57,90,105,120,114,91,19,49,108" hai1="32,128,119,122,123,8,88,126,100,81,9,23,132" hai2="45,82,86,121,109,20,118,18,0,60,63,111,103" hai3="133,67,40,124,117,83,52,87,17,66,84,65,12"/><U104/><E32/><V107/><F118/><W125/><G40/><T1/><D114/><U68/><E68/><V59/><F121/><W62/><G133/><T13/><D1/><U7/><E119/><V35/><F35/><W6/><G6/><T46/><D74/><U58/><E132/><V31/><F0/><W43/><G43/><T28/><D108/><N who="2" m="41546" /><F31/><W15/><G117/><T47/><D120/><U38/><E38/><V41/><F103/><W129/><G129/><T26/><D105/><U61/><E128/><V92/><F92/><W85/><G83/><T37/><D37/><U39/><E39/><N who="2" m="21695" /><F59/><W22/><G125/><T2/><D2/><U76/><E126/><V34/><F107/><W50/><G124/><T98/><D57/><U24/><E100/><V78/><F34/><W75/><G75/><T36/><D36/><U130/><E104/><V79/><F78/><W112/><G112/><T4/><D49/><U101/><E101/><V55/><F55/><W95/><G95/><T29/><D4/><U27/><E130/><V102/><F102/><W135/><G135/><T97/><D26/><AGARI ba="3,0" hai="18,20,26,60,63,79,82,86" m="21695,41546" machi="26" ten="30,1000,0" yaku="14,1" doraHai="5" who="2" fromWho="0" sc="106,-19,424,0,179,19,291,0" /><INIT seed="2,0,0,3,3,25" ten="87,424,198,291" oya="2" hai0="121,125,123,55,99,12,97,5,76,51,107,6,120" hai1="9,80,43,59,81,88,36,26,52,74,20,45,28" hai2="46,78,92,132,95,104,40,38,33,31,133,56,47" hai3="37,60,96,27,118,70,0,39,82,119,86,29,75"/><V53/><F104/><W13/><G75/><T22/><D125/><U134/><E134/><N who="2" m="51819" /><F78/><W102/><G0/><T69/><D69/><U32/><E74/><V41/><F41/><W122/><G13/><T57/><D76/><U66/><E66/><V71/><F71/><W58/><G122/><T93/><D107/><U64/><E64/><V54/><F47/><W77/><G70/><T116/><D116/><U129/><E129/><V16/><F16/><W87/><G87/><T68/><D68/><U126/><E126/><V111/><F111/><W73/><G73/><T11/><D5/><U50/><E9/><V17/><F17/><W7/><G7/><T49/><D93/><N who="2" m="35914" /><F56/><W4/><G4/><T110/><D110/><U15/><E15/><V89/><F89/><W112/><G112/><T8/><D8/><U3/><E3/><V65/><F65/><W44/><G44/><T124/><D124/><U48/><E88/><V128/><F128/><W84/><G84/><T24/><REACH who="0" step="1"/><D49/><REACH who="0" step="2"/><U2/><E2/><V67/><F67/><N who="3" m="39319" /><G119/><T19/><AGARI ba="0,1" hai="6,11,12,19,22,24,51,55,57,97,99,120,121,123" machi="19" ten="30,2000,0" yaku="1,1,0,1,53,0" doraHai="25" doraHaiUra="91" who="0" fromWho="0" sc="77,30,424,-5,198,-10,291,-5" /><INIT seed="3,0,0,4,5,27" ten="107,419,188,286" oya="3" hai0="96,9,85,35,10,66,114,75,14,108,39,17,119" hai1="124,105,133,130,69,118,48,55,59,95,42,38,102" hai2="28,115,74,132,72,99,70,15,25,33,125,121,117" hai3="98,127,20,23,82,60,49,57,76,126,47,91,77"/><W52/><G98/><T7/><D119/><U73/><E118/><V63/><F115/><W110/><G110/><T109/><D75/><U64/><E133/><V11/><F117/><W68/><G68/><T87/><D39/><U94/><E73/><V32/><F32/><W129/><G129/><T106/><D66/><U92/><E130/><V123/><F125/><N who="3" m="47627" /><G91/><T29/><D114/><U135/><E135/><V16/><F132/><W103/><G103/><T44/><D44/><N who="1" m="23639" /><E105/><V45/><F45/><W53/><G77/><T56/><D56/><U67/><E67/><N who="2" m="41343" /><F99/><W41/><G53/><T13/><D106/><U116/><E116/><V128/><F128/><W0/><G0/><N who="0" m="231" /><D96/><N who="1" m="59679" /><E124/><V80/><F80/><W90/><G90/><T50/><D87/><AGARI ba="0,0" hai="20,23,41,47,49,52,57,60,76,82,87" m="47627" machi="87" ten="30,2900,0" yaku="18,1,54,1" doraHai="27" who="3" fromWho="0" sc="107,-29,419,0,188,0,286,29" /><INIT seed="3,1,0,0,1,13" ten="78,419,188,315" oya="3" hai0="97,32,83,15,60,129,61,98,22,96,45,58,4" hai1="51,78,106,73,31,108,0,18,119,121,135,54,124" hai2="127,112,99,55,63,47,37,123,71,42,87,111,35" hai3="130,115,126,100,116,6,16,30,133,44,128,82,74"/><W57/><G115/><T24/><D129/><N who="3" m="49769" /><G30/><T33/><D45/><U131/><E31/><V12/><F35/><W3/><G44/><T94/><D94/><U50/><E54/><V88/><F112/><W84/><G74/><T66/><D83/><U80/><E51/><V72/><F72/><W102/><G116/><T26/><D26/><U91/><E80/><V125/><F111/><W114/><G114/><T134/><D134/><U39/><E78/><V93/><F123/><W86/><G6/><T52/><D15/><U43/><E43/><V38/><F38/><W28/><G28/><T79/><D79/><U75/><E75/><V110/><F110/><W14/><G3/><T10/><D10/><U68/><E91/><V21/><F55/><W19/><G57/><T27/><D4/><U41/><E41/><V53/><F53/><W64/><G64/><T48/><D27/><U36/><E50/><V7/><F63/><W23/><G133/><T49/><D33/><U101/><E101/><N who="3" m="39018" /><G126/><N who="2" m="48137" /><F71/><W85/><G19/><N who="0" m="12383" /><D32/><U67/><E18/><N who="2" m="10439" /><F7/><W117/><G117/><T25/><D25/><U29/><E29/><V90/><F90/><AGARI ba="1,0" hai="14,16,23,82,84,85,86,90" m="39018,49769" machi="90" ten="30,5800,0" yaku="19,1,52,1,54,1" doraHai="13" who="3" fromWho="2" sc="78,0,419,0,188,-61,315,61" /><INIT seed="3,2,0,0,0,6" ten="78,419,127,376" oya="3" hai0="123,88,74,119,89,47,9,27,33,14,129,91,83" hai1="7,80,51,26,58,62,10,117,38,45,68,75,60" hai2="122,85,130,77,11,86,84,35,81,13,20,36,41" hai3="30,127,102,78,21,52,34,99,125,124,55,24,73"/><W65/><G78/><T44/><D123/><U105/><E105/><V22/><F35/><W8/><G73/><T93/><D119/><U135/><E117/><V90/><F130/><W1/><G65/><T87/><D129/><U5/><E135/><V110/><F110/><W69/><G69/><T46/><D74/><U134/><E134/><V104/><F104/><W108/><G108/><T56/><D56/><U28/><E38/><V48/><F36/><W109/><G109/><T31/><REACH who="0" step="1"/><D83/><REACH who="0" step="2"/><U40/><E80/><V23/><F122/><W112/><G112/><T107/><D107/><U50/><E58/><V98/><F98/><W82/><G82/><T19/><AGARI ba="2,1" hai="9,14,19,27,31,33,44,46,47,87,88,89,91,93" machi="19" ten="30,7900,0" yaku="1,1,0,1,52,1,54,1,53,0" doraHai="6" doraHaiUra="128" who="0" fromWho="0" sc="68,95,419,-22,127,-22,376,-41" /><INIT seed="4,0,0,1,4,107" ten="163,397,105,335" oya="0" hai0="14,1,51,132,35,112,135,60,110,40,47,120,75" hai1="9,119,89,23,64,65,16,28,106,128,8,27,109" hai2="45,53,44,67,91,70,6,50,115,4,82,124,36" hai3="11,99,31,5,77,74,58,37,100,130,86,134,97"/><T62/><D120/><U41/><E119/><V56/><F115/><W83/><G134/><N who="0" m="51243" /><D1/><U90/><E106/><V61/><F124/><W49/><G130/><T79/><D112/><U126/><E109/><V25/><F25/><W33/><G37/><T26/><D110/><U19/><E126/><V88/><F45/><W22/><G33/><T127/><D127/><U7/><E128/><V2/><F2/><W92/><G22/><T15/><D15/><N who="1" m="5535" /><E41/><N who="2" m="22567" /><F82/><W43/><G31/><N who="0" m="19959" /><D14/><N who="1" m="7247" /><E28/><V10/><F10/><W30/><G30/><T46/><D47/><U48/><E48/><V42/><F42/><W102/><G43/><T116/><D116/><U80/><E80/><AGARI ba="0,0" hai="40,46,51,60,62,75,79,80" m="19959,51243" machi="80" ten="30,2900,0" yaku="20,1,52,1" doraHai="107" who="0" fromWho="1" sc="163,29,397,-29,105,0,335,0" /><INIT seed="4,1,0,0,1,37" ten="192,368,105,335" oya="0" hai0="14,62,90,132,78,125,8,105,45,36,99,100,115" hai1="39,126,67,51,21,113,9,0,52,88,89,83,1" hai2="26,17,4,134,46,12,56,76,77,133,30,60,13" hai3="87,103,74,127,57,66,11,116,123,15,53,61,85"/><T120/><D120/><U10/><E39/><V44/><F4/><W68/><G74/><T65/><D78/><U34/><E34/><V33/><F12/><W59/><G116/><T95/><D115/><U102/><E113/><V55/><F77/><W98/><G68/><T49/><D36/><U31/><E126/><V48/><F76/><W109/><G127/><T70/><D125/><U32/><E32/><V75/><F75/><W16/><G109/><T96/><D132/><U73/><E102/><V114/><F114/><W82/><G123/><T27/><D27/><N who="1" m="16879" /><E0/><V111/><F111/><W38/><G38/><T121/><D121/><U107/><E107/><V28/><F28/><W135/><G135/><N who="2" m="51721" /><F60/><W122/><G122/><T24/><D24/><U71/><E71/><V41/><F41/><W50/><G82/><T69/><D62/><U112/><E112/><V35/><F35/><W92/><AGARI ba="1,0" hai="11,15,16,50,53,57,59,61,66,85,87,92,98,103" machi="92" ten="20,5200,0" yaku="0,1,7,1,8,1,54,1" doraHai="37" who="3" fromWho="3" sc="192,-27,368,-14,105,-14,335,55" /><INIT seed="5,0,0,2,1,24" ten="165,354,91,390" oya="1" hai0="43,117,130,15,66,0,49,129,6,21,71,119,100" hai1="42,114,67,25,93,2,7,8,120,75,31,128,104" hai2="34,132,102,57,96,53,13,121,99,77,51,133,55" hai3="60,111,20,110,108,116,106,54,123,48,84,82,90"/><U135/><E120/><V70/><F70/><W131/><G106/><T98/><D0/><U14/><E114/><V74/><F121/><W79/><G123/><T92/><D71/><U85/><E104/><V91/><F34/><W65/><G131/><N who="0" m="50187" /><D66/><U4/><E128/><V68/><F68/><W103/><G103/><T38/><D38/><U26/><E75/><V35/><F35/><W134/><G134/><N who="2" m="51817" /><F91/><W46/><G116/><T12/><D12/><U29/><E135/><V125/><F125/><W61/><G65/><T62/><D62/><U50/><E67/><V97/><F13/><W101/><G101/><T52/><D43/><U27/><E2/><V39/><F39/><W30/><G79/><T1/><D1/><U56/><E4/><V28/><F55/><W76/><G76/><T11/><D21/><U118/><E118/><V5/><F5/><W127/><G127/><T63/><D63/><U105/><E105/><V78/><F102/><W44/><G44/><AGARI ba="0,0" hai="6,11,15,44,49,52,92,98,100,117,119" m="50187" machi="44" ten="30,2000,0" yaku="19,1,54,1" doraHai="24" who="0" fromWho="3" sc="165,20,354,0,91,0,390,-20" /><INIT seed="6,0,0,2,3,71" ten="185,354,91,370" oya="2" hai0="74,6,111,62,49,94,123,129,84,33,116,132,56" hai1="39,69,55,9,72,10,14,38,110,52,109,83,64" hai2="93,13,101,90,61,59,85,131,73,114,7,79,43" hai3="8,17,96,1,130,45,92,102,47,99,113,76,37"/><V3/><F3/><W28/><G28/><T104/><D111/><N who="1" m="42507" /><E83/><V95/><F114/><W89/><G130/><T0/><D56/><U34/><E72/><V112/><F112/><W41/><G113/><T78/><D84/><U105/><E105/><V44/><F131/><W2/><G76/><T108/><D49/><U81/><E81/><V29/><F73/><W30/><G30/><T15/><D6/><U133/><E34/><V82/><F29/><W46/><G17/><T25/><D15/><U66/><E14/><V4/><F101/><W23/><G23/><T115/><D123/><U31/><E31/><V100/><F100/><W86/><G99/><T40/><D132/><U135/><E69/><V118/><F118/><W70/><G70/><T67/><D40/><U77/><E77/><V50/><F13/><W107/><REACH who="3" step="1"/><G2/><REACH who="3" step="2"/><T36/><D0/><U134/><E9/><V11/><F11/><W75/><G75/><T58/><D74/><U19/><E10/><V65/><F79/><W87/><G87/><T88/><D78/><U24/><E19/><V98/><F98/><W121/><G121/><T122/><D122/><U20/><E20/><V35/><F35/><W126/><G126/><T103/><D33/><U128/><E128/><V125/><F125/><W5/><AGARI ba="0,1" hai="1,5,8,37,41,45,46,47,86,89,92,96,102,107" machi="5" ten="30,4000,0" yaku="1,1,0,1,52,1,53,0" doraHai="71" doraHaiUra="127" who="3" fromWho="3" sc="185,-10,354,-10,91,-20,360,50" /><INIT seed="7,0,0,3,2,120" ten="175,344,71,410" oya="3" hai0="34,119,8,81,6,44,114,30,76,15,61,90,45" hai1="73,25,0,122,23,46,92,131,65,129,71,58,2" hai2="105,28,100,68,128,59,130,82,121,98,134,27,49" hai3="39,94,87,11,74,78,62,123,43,35,42,20,55"/><W18/><G35/><T88/><D119/><U104/><E122/><V31/><F68/><W4/><G39/><T85/><D114/><U7/><E104/><V9/><F134/><W60/><G74/><T47/><D61/><U19/><E73/><V48/><F121/><W56/><G62/><T86/><D85/><U53/><E71/><V52/><F9/><W112/><G112/><T29/><D34/><U83/><E65/><V3/><F3/><W133/><G133/><T64/><D64/><U103/><E46/><V96/><F82/><W36/><G36/><T111/><D81/><U70/><E70/><V97/><F48/><W10/><G78/><T132/><D44/><U117/><E117/><V80/><F80/><W17/><G4/><T69/><D45/><U91/><E83/><V108/><F108/><W124/><G124/><T126/><D111/><U106/><E103/><V125/><F125/><W95/><G87/><T38/><D86/><U102/><E102/><V107/><F31/><W89/><G89/><T135/><D90/><U99/><E106/><V77/><F77/><W41/><G123/><T75/><D76/><U57/><E57/><V16/><F28/><W116/><G116/><T26/><D30/><U33/><E33/><V101/><REACH who="2" step="1"/><F96/><REACH who="2" step="2"/><W115/><G115/><T79/><D29/><U40/><E7/><V109/><F109/><W13/><G10/><T72/><D8/><U66/><E40/><V110/><F110/><W50/><G50/><T84/><D69/><U12/><E99/><V51/><F51/><W93/><G41/><T113/><D132/><RYUUKYOKU ba="0,1" sc="175,-15,344,-15,61,15,410,15" hai2="16,27,49,52,59,97,98,100,101,105,107,128,130" hai3="11,13,17,18,20,42,43,55,56,60,93,94,95" /><INIT seed="7,1,1,4,5,121" ten="160,329,76,425" oya="3" hai0="53,85,114,107,93,116,30,58,124,122,117,100,22" hai1="34,20,127,69,110,130,54,128,16,3,111,13,89" hai2="31,119,109,132,101,17,41,39,59,46,63,33,18" hai3="112,90,1,95,65,82,2,108,83,72,105,24,104"/><W38/><G65/><T4/><D122/><U99/><E69/><V23/><F119/><W133/><G24/><T120/><D120/><U56/><E127/><V91/><F132/><W26/><G26/><T76/><D22/><U19/><E34/><V55/><F101/><W10/><G1/><T77/><D93/><N who="1" m="56751" /><E3/><V68/><F33/><W43/><G112/><T79/><D85/><U48/><E19/><V52/><F31/><W78/><G83/><T71/><D79/><U134/><E134/><V97/><F55/><W113/><G113/><T8/><D100/><U5/><E5/><V135/><F135/><W81/><G81/><T67/><D53/><U74/><E74/><V103/><F91/><W45/><G133/><T86/><D58/><U70/><E70/><V126/><F126/><W25/><G25/><T57/><D71/><U96/><E96/><V106/><F109/><W37/><G108/><T64/><D30/><U32/><E32/><V80/><F80/><W12/><G38/><T75/><D75/><U51/><E51/><V28/><REACH who="2" step="1"/><F68/><REACH who="2" step="2"/><W94/><G90/><T118/><D116/><U15/><E15/><V7/><F7/><N who="3" m="1399" /><G12/><T27/><D117/><U40/><E40/><V47/><F47/><W102/><G102/><T42/><D42/><U0/><E0/><V131/><F131/><AGARI ba="1,2" hai="13,16,20,48,54,56,110,111,128,130,131" m="56751" machi="131" ten="30,7700,0" yaku="19,1,52,2,54,1" doraHai="121" who="1" fromWho="2" sc="160,0,329,100,66,-80,425,0" owari="160,-24.0,429,52.0,-14,-51.0,425,23.0" /></mjloggm>