<mjloggm ver="2.3"><GO type="41"/><UN n0="%E3%83%A1%E3%83%AD%E3%83%B3%65%78" n1="%EF%BC%88%E2%89%A7%E2%96%BD%E2%89%A6%EF%BC%89" n2="%50%50%37" n3="%6D%61%6D%61%2D%6D%61%6B" dan="15,15,13,14" rate="2003,1977,1848,1841" sx="M,M,M,M"/><TAIKYOKU oya="0"/><INIT seed="0,0,0,4,1,59" ten="250,250,250,250" oya="0" hai0="10,120,27,53,105,25,108,126,131,55,79,82,58" hai1="112,114,134,95,125,31,116,29,96,73,132,0,72" hai2="122,41,75,102,124,62,111,115,107,70,127,37,11" hai3="52,61,135,93,130,68,121,19,67,88,1,80,119"/><T30/><D120/><U83/><E0/><V103/><F11/><W49/><G121/><T92/><D131/><U57/><E116/><V63/><F41/><W117/><G130/><T36/><D105/><U86/><E57/><V97/><F103/><W66/><G135/><N who="1" m="51754" /><E29/><V47/><F47/><W81/><G1/><T4/><D126/><U48/><E48/><V78/><F122/><W20/><G67/><T128/><D36/><U109/><E31/><V22/><F37/><W23/><G119/><T60/><D128/><U54/><E54/><V74/><F70/><W94/><G117/><T35/><D108/><U64/><E64/><V5/><F111/><W99/><G94/><T89/><D27/><U6/><E6/><V45/><F5/><W33/><G33/><T14/><D53/><U110/><E125/><N who="2" m="48203" /><F45/><W7/><G7/><T77/><REACH who="0" step="1"/><D82/><REACH who="0" ten="240,250,250,250" step="2"/><U2/><E110/><V133/><F133/><W104/><G104/><T46/><D46/><U91/><E109/><V13/><F115/><N who="1" m="44073" /><E2/><V100/><F107/><W18/><G81/><T16/><D16/><N who="3" m="6185" /><G80/><T43/><D43/><U98/><E98/><AGARI ba="0,1" hai="4,10,14,25,30,35,55,58,60,77,79,89,92,98" machi="98" ten="30,11600,0" yaku="1,1,7,1,52,1,53,1" doraHai="59" doraHaiUra="3" who="0" fromWho="1" sc="240,126,250,-116,250,0,250,0" /><INIT seed="0,1,0,5,1,110" ten="366,134,250,250" oya="0" hai0="66,68,99,46,45,1,2,95,4,20,27,83,87" hai1="0,93,34,122,72,118,105,58,14,48,91,82,60" hai2="128,92,71,5,42,112,119,22,18,75,74,107,62" hai3="52,43,54,16,8,117,11,103,127,90,47,13,86"/><T126/><D126/><U59/><E122/><V104/><F112/><W96/><G117/><T31/><D66/><U56/><E118/><V79/><F119/><W84/><G127/><T44/><D4/><U88/><E0/><V9/><F128/><W41/><G8/><T67/><D67/><U57/><E105/><V28/><F28/><W111/><G111/><T17/><D68/><U63/><E34/><V33/><F33/><W135/><G135/><T15/><D99/><U23/><E72/><V73/><F79/><W70/><G70/><T21/><REACH who="0" step="1"/><D95/><REACH who="0" ten="356,134,250,250" step="2"/><U130/><E130/><V113/><F92/><N who="3" m="58759" /><G47/><T40/><D40/><N who="3" m="15433" /><G86/><T114/><D114/><U101/><E93/><AGARI ba="1,1" hai="11,13,16,52,54,84,90,93" m="15433,58759" machi="93" ten="30,3900,0" yaku="8,1,54,2" doraHai="110" who="3" fromWho="1" sc="356,0,134,-42,250,0,250,52" /><INIT seed="1,0,0,4,4,70" ten="356,92,250,302" oya="1" hai0="79,72,62,125,98,48,17,108,134,18,124,11,99" hai1="61,56,120,121,24,27,52,118,9,32,0,4,91" hai2="114,40,54,68,63,7,50,76,49,15,122,10,12" hai3="20,19,104,111,35,95,13,30,58,38,39,31,1"/><U84/><E118/><V100/><F122/><W3/><G104/><T42/><D108/><U87/><E87/><V28/><F114/><W131/><G111/><T36/><D36/><U69/><E69/><V2/><F28/><W55/><G131/><T43/><D62/><U44/><E44/><V26/><F26/><W129/><G129/><T67/><D67/><U21/><E32/><V78/><F100/><W53/><G95/><T88/><D134/><U90/><E90/><V29/><F29/><W85/><G85/><T37/><D48/><U112/><E112/><V51/><F40/><W45/><G45/><T77/><D11/><U59/><E59/><V74/><F74/><W94/><G94/><T86/><D37/><U101/><E101/><V106/><F106/><W46/><G46/><T5/><D86/><U66/><E66/><V57/><F68/><W47/><G47/><T109/><D109/><U89/><E89/><V126/><F126/><W107/><G107/><T75/><D5/><U83/><REACH who="1" step="1"/><E27/><REACH who="1" ten="356,82,250,302" step="2"/><V80/><F78/><W123/><G35/><T110/><D110/><U23/><E23/><V8/><F76/><W25/><G25/><T60/><D88/><U116/><E116/><V14/><F54/><W113/><G113/><T64/><D64/><U65/><E65/><V102/><F57/><W97/><G55/><T135/><D135/><U93/><E93/><V82/><F10/><W96/><G53/><T130/><D130/><U128/><E128/><V34/><F8/><W133/><G58/><T6/><D60/><U41/><E41/><V92/><F63/><RYUUKYOKU ba="0,1" sc="356,15,82,15,250,-15,302,-15" hai0="6,17,18,42,43,72,75,77,79,98,99,124,125" hai1="0,4,9,21,24,52,56,61,83,84,91,120,121" /><INIT seed="1,1,1,5,4,49" ten="371,97,235,287" oya="1" hai0="105,13,131,126,38,87,29,28,58,25,18,74,103" hai1="97,101,32,90,31,59,69,111,96,128,67,21,106" hai2="42,75,110,51,23,40,73,117,89,115,94,6,132" hai3="62,92,80,12,127,7,56,91,122,41,20,95,11"/><U47/><E128/><V39/><F117/><W66/><G122/><T121/><D74/><U60/><E111/><V4/><F39/><W19/><G127/><T98/><D38/><U130/><E130/><V99/><F110/><W43/><G80/><T26/><D131/><U48/><E59/><V5/><F132/><W2/><REACH who="3" step="1"/><G95/><REACH who="3" ten="371,97,235,277" step="2"/><T17/><D126/><U81/><E81/><V135/><F94/><W50/><G50/><T118/><D118/><U102/><E90/><V133/><F89/><W68/><G68/><T85/><D121/><U1/><E48/><V22/><F51/><W79/><G79/><T107/><D103/><U15/><E47/><V0/><F135/><W61/><G61/><T35/><D58/><U27/><E15/><V86/><F133/><W30/><G30/><T16/><D13/><U44/><E44/><V78/><F78/><W52/><G52/><T119/><D119/><U93/><REACH who="1" step="1"/><E1/><REACH who="1" ten="371,87,235,277" step="2"/><V84/><F0/><W33/><G33/><AGARI ba="1,3" hai="21,27,31,32,33,60,67,69,93,96,97,101,102,106" machi="33" ten="40,7700,0" yaku="1,1,2,1,53,1" doraHai="49" doraHaiUra="24" who="1" fromWho="3" sc="371,0,87,110,235,0,277,-80" /><INIT seed="1,2,0,5,2,53" ten="371,197,235,197" oya="1" hai0="124,109,69,125,123,76,128,98,18,133,26,79,119" hai1="60,2,66,114,73,22,126,23,5,84,72,83,24" hai2="41,117,59,45,15,43,94,118,110,25,67,10,112" hai3="134,27,104,127,113,96,115,32,28,89,70,35,88"/><U111/><E114/><V56/><F112/><W58/><G134/><T101/><D119/><U33/><E33/><V82/><F82/><W122/><G122/><T68/><D123/><U49/><E126/><N who="0" m="48745" /><D109/><U20/><E111/><V106/><F110/><W116/><G127/><T86/><D133/><U90/><E24/><V51/><F106/><W52/><G116/><T1/><D1/><U130/><E130/><V131/><F25/><W71/><G115/><T6/><D6/><U42/><E2/><V100/><F131/><W121/><G113/><T44/><D44/><U135/><E5/><N who="2" m="3535" /><F117/><W3/><G3/><T40/><D40/><U103/><E103/><V91/><F100/><W8/><G121/><T62/><D86/><U31/><E31/><V95/><F118/><W63/><G35/><T64/><D69/><U85/><E135/><V55/><F67/><W105/><G8/><T92/><D128/><U107/><E107/><V120/><F120/><W13/><G13/><T4/><D4/><U29/><E29/><V14/><F14/><W102/><G105/><T74/><D74/><U93/><E42/><N who="2" m="15883" /><F94/><W47/><REACH who="3" step="1"/><G47/><REACH who="3" ten="371,197,235,187" step="2"/><T30/><D30/><U57/><E93/><V21/><F21/><AGARI ba="2,1" hai="18,21,26,62,64,68,76,79,92,98,101" m="48745" machi="21" ten="30,1000,0" yaku="18,1" doraHai="53" who="0" fromWho="2" sc="371,26,197,0,235,-16,187,0" /><INIT seed="2,0,0,4,2,117" ten="397,197,219,187" oya="2" hai0="27,111,9,133,67,97,85,99,118,62,95,82,17" hai1="24,51,57,109,128,90,116,122,132,19,84,20,101" hai2="69,58,115,104,126,107,10,5,98,91,13,35,47" hai3="45,76,56,59,40,131,8,105,74,15,55,83,36"/><V33/><F115/><W22/><G105/><T119/><D111/><U18/><E116/><N who="0" m="44585" /><D133/><U73/><E132/><V39/><F69/><W29/><G131/><T49/><D49/><U46/><E128/><V6/><F126/><W21/><G29/><T106/><D106/><U50/><E109/><V53/><F5/><W61/><REACH who="3" step="1"/><G59/><REACH who="3" ten="397,197,219,177" step="2"/><N who="0" m="37343" /><D95/><U102/><E57/><V92/><F107/><W43/><G43/><T26/><D26/><U86/><E24/><V120/><F104/><W31/><G31/><T25/><D27/><U108/><E108/><V14/><F58/><W70/><G70/><T37/><D37/><U23/><E46/><V110/><F110/><W103/><G103/><T64/><D64/><U88/><REACH who="1" step="1"/><E73/><REACH who="1" ten="397,187,219,177" step="2"/><V0/><F47/><W96/><G96/><T71/><D71/><U38/><E38/><V129/><F39/><W2/><G2/><T75/><D75/><U94/><E94/><V65/><F98/><W130/><G130/><T44/><D44/><U7/><E7/><AGARI ba="0,2" hai="7,8,15,21,22,36,40,45,55,56,61,74,76,83" machi="7" ten="30,2000,0" yaku="1,1,7,1,53,0" doraHai="117" doraHaiUra="81" who="3" fromWho="1" sc="397,0,187,-20,219,0,177,40" /><INIT seed="3,0,0,4,3,29" ten="397,167,219,217" oya="3" hai0="2,131,90,109,52,132,115,119,30,134,3,106,25" hai1="42,66,24,11,57,58,78,107,112,126,89,27,135" hai2="102,124,7,41,19,36,114,97,56,128,60,113,9" hai3="80,8,38,0,83,5,82,81,101,13,73,37,95"/><W48/><N who="3" m="20992" /><DORA hai="105" /><W35/><G35/><N who="0" m="20943" /><D106/><U64/><E107/><V91/><F91/><W111/><G111/><T88/><D119/><U61/><E112/><V22/><F41/><W123/><G123/><T40/><D40/><U32/><E135/><N who="0" m="51753" /><D109/><U1/><E126/><V125/><F128/><W93/><G101/><T127/><D127/><N who="2" m="48714" /><F36/><W72/><G48/><T133/><D133/><U74/><E42/><V4/><F22/><W53/><G53/><T12/><D131/><U47/><E47/><V46/><F46/><W20/><G20/><T87/><D87/><U50/><E50/><V65/><F19/><W84/><G0/><N who="0" m="43" /><D115/><U23/><E78/><V44/><F44/><W51/><G51/><T34/><D34/><U92/><E32/><V26/><F97/><W94/><REACH who="3" step="1"/><G84/><REACH who="3" ten="397,167,219,207" step="2"/><T67/><D52/><U79/><E64/><V62/><F102/><W33/><G33/><T17/><D67/><U104/><E66/><V10/><F65/><W70/><G70/><T69/><D69/><U45/><E23/><AGARI ba="0,1" hai="12,17,23,88,90" m="43,51753,20943" machi="23" ten="30,3900,0" yaku="20,1,52,1,54,1" doraHai="29,105" who="0" fromWho="1" sc="397,49,167,-39,219,0,207,0" /><INIT seed="4,0,0,1,1,105" ten="446,128,219,207" oya="0" hai0="26,68,43,61,22,34,31,111,106,134,130,90,51" hai1="21,84,57,62,25,89,0,50,77,1,17,11,6" hai2="65,78,30,103,14,87,52,72,82,46,80,4,94" hai3="119,45,27,86,9,70,116,53,74,124,93,29,131"/><T95/><D106/><U127/><E127/><V99/><F65/><W20/><G124/><T110/><D130/><U76/><E50/><V73/><F30/><W113/><G113/><T125/><D134/><U42/><E42/><V54/><F46/><W44/><G131/><T59/><D68/><U129/><E0/><V108/><F108/><N who="0" m="41514" /><D22/><U79/><E129/><V101/><F101/><W123/><G123/><T12/><D12/><U135/><E135/><V100/><F100/><W117/><G70/><T37/><D37/><U75/><E75/><V28/><F28/><W13/><G74/><T32/><D32/><U48/><E48/><V2/><F2/><W18/><G53/><N who="0" m="34031" /><D125/><U7/><E7/><V3/><F3/><W128/><G128/><T92/><D90/><U47/><E47/><AGARI ba="0,0" hai="26,31,34,43,47,51,92,95" m="34031,41514" machi="47" ten="30,1500,0" yaku="10,1" doraHai="105" who="0" fromWho="1" sc="446,15,128,-15,219,0,207,0" /><INIT seed="4,1,0,1,5,90" ten="461,113,219,207" oya="0" hai0="101,6,4,99,80,17,31,16,118,100,131,92,111" hai1="86,124,23,128,127,75,33,55,134,7,103,121,51" hai2="87,22,26,57,77,98,132,43,84,135,29,79,109" hai3="110,67,30,94,41,122,61,21,46,112,72,5,102"/><T93/><D118/><U38/><E121/><V19/><F109/><W54/><G110/><T83/><D131/><U37/><E75/><V63/><F43/><W73/><G122/><T107/><D111/><U10/><E33/><V8/><F8/><W11/><G112/><T82/><D31/><U113/><E128/><V14/><F29/><W24/><G54/><T78/><D78/><U40/><E134/><N who="2" m="51243" /><F14/><W13/><G46/><T49/><D107/><U88/><E113/><V36/><F36/><W133/><G41/><T28/><D28/><U119/><E23/><V12/><F12/><W66/><G133/><T53/><D101/><U65/><E65/><N who="2" m="39151" /><F98/><W85/><G85/><AGARI ba="1,0" hai="19,22,26,77,79,84,85,87" m="39151,51243" machi="85" ten="30,1000,0" yaku="20,1" doraHai="90" who="2" fromWho="3" sc="461,0,113,0,219,13,207,-13" /><INIT seed="5,0,0,5,3,15" ten="461,113,232,194" oya="1" hai0="74,131,113,48,81,30,93,13,64,52,39,45,120" hai1="126,25,96,54,86,100,75,0,59,77,76,55,14" hai2="49,23,46,63,29,85,78,26,24,104,108,69,72" hai3="110,103,133,73,9,90,125,80,102,1,22,3,101"/><U33/><E0/><V40/><F108/><W132/><G110/><T6/><D39/><U130/><E130/><V44/><F104/><W35/><G35/><T10/><D113/><U12/><E126/><V18/><F72/><W83/><G125/><T27/><D131/><U97/><E75/><V67/><F46/><W51/><G73/><T66/><D120/><U17/><E33/><V68/><F78/><N who="1" m="30313" /><E86/><V92/><F85/><W50/><G90/><T60/><D74/><U129/><E129/><V122/><F92/><W95/><G95/><T89/><D81/><N who="3" m="31305" /><G22/><N who="0" m="15735" /><D60/><N who="1" m="35959" /><E55/><V41/><F122/><W65/><G65/><T47/><D47/><U128/><E128/><V105/><F105/><W87/><G87/><AGARI ba="0,0" hai="6,10,13,45,48,52,64,66,87,89,93" m="15735" machi="87" ten="30,2000,0" yaku="8,1,54,1" doraHai="15" who="0" fromWho="3" sc="461,20,113,0,232,0,194,-20" /><INIT seed="6,0,0,5,0,71" ten="481,113,232,174" oya="2" hai0="48,56,102,94,41,104,77,86,68,11,23,108,28" hai1="58,129,60,6,5,27,15,45,133,73,2,30,16" hai2="95,38,98,51,123,39,33,35,106,131,89,93,114" hai3="17,91,101,21,47,107,127,75,79,18,32,84,3"/><V46/><F123/><W113/><G3/><T62/><D68/><U55/><E133/><V124/><F106/><W96/><G32/><T92/><D104/><U19/><E129/><V120/><F120/><W25/><G127/><T4/><D108/><U88/><E73/><V109/><F124/><W26/><G113/><T111/><D102/><U40/><E2/><V37/><F114/><W53/><G47/><N who="0" m="25711" /><D111/><U134/><E134/><V115/><F109/><W135/><G135/><T65/><D4/><U24/><E24/><V54/><F131/><W125/><G125/><T59/><D11/><U8/><E19/><V9/><F115/><W50/><G26/><N who="0" m="16479" /><D56/><U76/><E76/><V116/><F116/><W85/><G17/><T0/><D0/><U14/><E88/><V99/><REACH who="2" step="1"/><F9/><REACH who="2" ten="481,113,222,174" step="2"/><W64/><G107/><T103/><D103/><AGARI ba="0,1" hai="33,35,37,38,39,46,51,54,89,93,95,98,99,103" machi="103" ten="40,12000,1" yaku="1,1,2,1,52,3,53,0" doraHai="71" doraHaiUra="80" who="2" fromWho="0" sc="481,-120,113,0,222,130,174,0" /><INIT seed="6,1,0,3,4,69" ten="361,113,352,174" oya="2" hai0="71,10,15,103,56,18,95,11,87,57,62,99,96" hai1="119,129,40,47,55,131,49,76,86,84,126,104,46" hai2="37,88,17,14,78,44,1,2,98,45,108,41,54" hai3="106,36,0,120,124,34,9,111,7,73,39,59,102"/><V72/><F108/><W105/><G59/><T130/><D130/><N who="1" m="49675" /><E119/><V64/><F64/><W6/><G111/><T82/><D71/><U29/><E104/><N who="3" m="40042" /><G102/><T4/><D96/><U89/><E29/><V33/><F33/><W79/><G120/><T100/><D100/><U75/><E89/><V5/><F72/><W83/><G124/><T101/><D101/><U85/><E126/><V97/><F78/><W134/><G134/><T38/><D38/><N who="3" m="14377" /><G7/><T80/><D80/><N who="1" m="47111" /><E75/><V28/><F5/><W66/><G66/><T58/><D62/><U113/><E113/><V107/><F107/><W16/><G16/><T3/><D57/><U114/><E114/><V133/><F98/><W117/><G117/><T12/><D3/><U116/><E116/><V115/><F115/><W90/><G90/><AGARI ba="1,0" hai="4,10,11,12,15,18,56,58,82,87,90,95,99,103" machi="90" ten="30,2000,0" yaku="7,1,8,1" doraHai="69" who="0" fromWho="3" sc="361,23,113,0,352,0,174,-23" /><INIT seed="7,0,0,0,2,12" ten="384,113,352,151" oya="3" hai0="108,131,98,124,58,6,29,123,111,93,109,44,84" hai1="132,121,63,14,38,91,48,50,43,96,89,5,79" hai2="76,102,117,74,54,101,2,135,127,11,75,128,3" hai3="17,69,16,134,95,8,41,26,10,133,68,7,21"/><W104/><G104/><T105/><D123/><U83/><E121/><V40/><F117/><W31/><G41/><T30/><D105/><U23/><E132/><N who="3" m="50794" /><G95/><T56/><D131/><U15/><E38/><V62/><F128/><W106/><G106/><T36/><D6/><U129/><E129/><V130/><F130/><W22/><G69/><T1/><D1/><U107/><E107/><V94/><F135/><W119/><G68/><T88/><D124/><U59/><E14/><V0/><F127/><W35/><G119/><T100/><D36/><U87/><E96/><V39/><F39/><W47/><G47/><T120/><D44/><U51/><E43/><V80/><F40/><W77/><G77/><T92/><D120/><U42/><E42/><V9/><F75/><W65/><G65/><T90/><D100/><U67/><E5/><V78/><F78/><W82/><G82/><T24/><REACH who="0" step="1"/><D30/><REACH who="0" ten="374,113,352,151" step="2"/><U110/><REACH who="1" step="1"/><E110/><REACH who="1" ten="374,103,352,151" step="2"/><V46/><F94/><W55/><G7/><T97/><D97/><U86/><E86/><V27/><F27/><N who="3" m="14759" /><G55/><T37/><D37/><U49/><N who="1" m="12800" /><DORA hai="81" /><U112/><E112/><V103/><REACH who="2" step="1"/><F46/><REACH who="2" ten="374,103,342,151" step="2"/><W25/><AGARI ba="0,3" hai="8,10,17,22,25,26,31,35" m="14759,50794" machi="25" ten="30,18000,2" yaku="20,1,34,2,52,2,54,1" doraHai="12,81" who="3" fromWho="3" sc="374,-60,103,-60,342,-60,151,210" owari="314,11.0,43,-46.0,282,-12.0,361,47.0" /></mjloggm>