<mjloggm ver="2.3"><GO type="41"/><UN n0="%E3%82%AC%E3%83%93%E3%83%B3" n1="%E5%85%A8%E7%84%B6%E9%A7%84%E7%9B%AE%E3%81%A0%E3%81%9C" n2="%E3%82%A2%E3%83%84%E3%83%91%E3%83%91" n3="%E3%82%A6%E3%83%AB%E3%83%88%E3%83%A9%E7%AB%8B%E7%9B%B4" dan="15,14,13,15" rate="1989,1932,1846,2002" sx="M,M,M,M"/><TAIKYOKU oya="0"/><INIT seed="0,0,0,2,1,12" ten="250,250,250,250" oya="0" hai0="118,30,130,134,68,79,123,27,107,109,37,44,9" hai1="50,32,0,16,122,106,64,113,127,110,56,70,4" hai2="35,71,95,91,14,131,19,26,99,17,93,72,31" hai3="88,128,11,82,33,59,41,124,22,38,24,23,1"/><T111/><D79/><U85/><E122/><V42/><F72/><W80/><G41/><T103/><D123/><U62/><E106/><V135/><F135/><W21/><G38/><T3/><D118/><U45/><E32/><V67/><F131/><W108/><G59/><T61/><D134/><U116/><E116/><V43/><F95/><W86/><G82/><T76/><D76/><U74/><E74/><V102/><F91/><W39/><G39/><T105/><D130/><U55/><E110/><N who="0" m="41993" /><D103/><U13/><E113/><V126/><F126/><W5/><G124/><T28/><D28/><U96/><E127/><V60/><F19/><W18/><G128/><T36/><D3/><U89/><E96/><V52/><F52/><W90/><G108/><T121/><D9/><AGARI ba="0,0" hai="9,14,17,26,31,35,42,43,60,67,71,93,99,102" machi="9" ten="30,2000,0" yaku="7,1,52,1" doraHai="12" who="2" fromWho="0" sc="250,-20,250,0,250,20,250,0" /><INIT seed="1,0,0,2,4,120" ten="230,250,270,250" oya="1" hai0="133,9,131,117,119,116,78,0,96,53,42,39,7" hai1="20,33,95,10,80,64,130,5,135,62,15,34,85" hai2="25,59,31,99,88,22,83,4,122,55,91,38,106" hai3="21,63,82,36,124,97,109,50,113,115,108,52,8"/><U65/><E130/><V74/><F122/><W126/><G36/><T11/><D131/><U132/><E95/><V48/><F38/><W103/><G63/><T35/><D35/><U81/><E33/><V44/><F4/><W13/><G21/><T87/><D11/><U84/><E34/><V104/><F104/><N who="3" m="63599" /><G82/><T89/><D78/><U101/><E101/><V60/><F106/><W125/><G113/><T27/><D27/><U19/><E62/><V94/><F74/><W79/><G79/><T23/><D23/><U77/><E135/><V3/><F3/><W58/><G115/><T43/><D133/><U107/><E132/><V98/><F83/><W72/><G72/><T127/><D127/><U41/><E107/><V111/><F111/><W1/><G1/><T100/><D39/><U26/><REACH who="1" step="1"/><E41/><REACH who="1" step="2"/><V57/><F60/><W86/><G86/><T128/><D128/><U118/><E118/><V105/><F105/><W70/><G70/><T66/><D43/><U112/><E112/><V93/><AGARI ba="0,1" hai="22,25,31,44,48,55,57,59,88,91,93,94,98,99" machi="93" ten="30,7900,0" yaku="0,1,9,1,8,1,54,1" doraHai="120" who="2" fromWho="2" sc="230,-20,240,-39,270,89,250,-20" /><INIT seed="2,0,0,2,0,117" ten="210,201,359,230" oya="2" hai0="127,74,60,4,5,88,41,30,49,106,34,92,82" hai1="89,87,55,62,130,18,121,6,107,115,33,120,7" hai2="109,1,68,100,0,135,124,79,45,78,112,66,108" hai3="80,61,13,69,19,113,119,2,58,43,96,38,35"/><V25/><F112/><W94/><G69/><T134/><D106/><U53/><E107/><V26/><F100/><W125/><G119/><T56/><D134/><U95/><E115/><V128/><F135/><W9/><G35/><T103/><D103/><U23/><E33/><V51/><F128/><W3/><G113/><T29/><D127/><U104/><E104/><V110/><F124/><W81/><G125/><T122/><D122/><N who="1" m="47211" /><E130/><V84/><F84/><W12/><G3/><N who="2" m="1097" /><F66/><W14/><G2/><T40/><D74/><U46/><E55/><V47/><F68/><W57/><G38/><T70/><D70/><U52/><E53/><V90/><F90/><N who="3" m="55383" /><G43/><N who="0" m="16459" /><D49/><N who="1" m="28727" /><E62/><V22/><F51/><W63/><G63/><T77/><D77/><N who="2" m="29194" /><F22/><W27/><G61/><T123/><D82/><N who="3" m="31849" /><G9/><T21/><D34/><U37/><E37/><V114/><F114/><W39/><G39/><T126/><D126/><U129/><E129/><V116/><F116/><W91/><G91/><T105/><D105/><U131/><E131/><V102/><F102/><W50/><G50/><T67/><D21/><AGARI ba="0,0" hai="12,13,14,19,21,27,57,58" m="31849,55383" machi="21" ten="30,1000,0" yaku="8,1" doraHai="117" who="3" fromWho="0" sc="210,-10,201,0,359,0,230,10" /><INIT seed="3,0,0,0,4,108" ten="200,201,359,240" oya="3" hai0="87,112,50,54,107,81,131,103,132,53,8,16,18" hai1="90,63,85,97,66,22,64,123,65,27,134,52,70" hai2="80,47,133,93,105,55,21,9,62,72,46,86,128" hai3="57,7,126,120,91,99,39,40,106,36,109,19,82"/><W124/><G120/><T6/><D132/><U84/><E123/><V38/><F133/><W114/><G7/><T94/><D107/><U4/><E134/><V71/><F128/><W0/><G0/><T56/><D131/><U122/><E122/><V2/><F105/><W24/><G109/><T88/><D112/><U51/><E4/><V41/><F71/><W11/><G114/><T34/><D34/><U58/><E97/><V79/><F62/><W73/><G40/><T67/><D67/><U20/><E20/><V3/><F3/><W28/><G39/><T125/><D125/><N who="3" m="48233" /><G36/><T37/><D37/><U25/><E25/><V23/><F55/><W100/><G57/><T60/><D103/><U59/><E70/><V49/><F49/><W76/><G91/><T13/><D81/><U95/><REACH who="1" step="1"/><E85/><REACH who="1" step="2"/><V116/><F116/><W30/><G11/><T29/><REACH who="0" step="1"/><D29/><AGARI ba="0,1" hai="22,27,29,51,52,58,59,63,64,65,66,84,90,95" machi="29" ten="30,8000,1" yaku="1,1,2,1,7,1,8,1,54,1,53,0" doraHai="108" doraHaiUra="119" who="1" fromWho="0" sc="200,-80,191,90,359,0,240,0" /><INIT seed="4,0,0,3,3,113" ten="120,281,359,240" oya="0" hai0="43,59,85,61,71,14,6,48,135,39,15,18,32" hai1="98,104,94,74,33,53,21,127,9,29,123,75,0" hai2="132,78,7,44,79,35,129,89,52,27,96,81,69" hai3="87,41,107,115,65,70,72,2,5,63,121,62,38"/><T109/><D32/><U40/><E123/><V42/><F69/><W12/><G12/><T103/><D71/><U76/><E127/><V34/><F132/><W66/><G87/><T28/><D28/><U84/><E104/><V56/><F129/><W131/><G63/><T26/><D39/><U117/><E117/><V106/><F7/><W11/><G66/><T49/><D135/><U64/><E33/><V91/><F106/><W36/><G121/><T92/><D109/><U111/><E111/><V22/><F35/><W20/><G20/><N who="0" m="13591" /><D43/><U8/><E64/><V102/><F34/><W23/><G23/><T25/><D25/><U47/><E0/><V118/><F118/><W86/><G131/><T45/><D45/><U126/><E126/><V83/><F102/><W100/><G86/><T24/><D24/><U114/><E114/><V95/><F89/><W57/><G57/><T133/><D133/><U105/><E105/><V37/><F78/><W60/><G60/><T58/><D58/><U1/><E1/><V116/><F79/><W67/><G67/><N who="0" m="39359" /><D15/><U122/><E122/><V10/><F10/><W30/><G30/><T108/><D108/><U54/><E75/><V90/><F116/><W125/><G125/><T93/><D85/><U101/><E74/><V3/><F3/><W99/><G115/><T46/><D46/><U88/><E76/><V19/><REACH who="2" step="1"/><F90/><REACH who="2" step="2"/><W130/><G130/><T128/><D128/><U55/><E8/><V73/><F73/><W134/><G134/><T13/><D103/><U112/><E101/><V16/><F16/><W80/><G72/><RYUUKYOKU ba="0,1" sc="120,-10,281,-10,349,30,240,-10" hai2="19,22,27,37,42,44,52,56,81,83,91,95,96" /><INIT seed="5,1,1,1,0,34" ten="110,271,379,230" oya="1" hai0="60,26,85,121,44,86,64,135,92,63,78,14,19" hai1="52,47,131,95,42,56,112,61,99,116,104,39,82" hai2="15,0,113,118,10,18,46,128,62,108,127,17,12" hai3="114,74,101,51,20,59,110,65,8,28,9,36,37"/><U69/><E116/><V30/><F118/><W24/><G74/><T94/><D135/><U31/><E112/><V81/><F108/><W106/><G110/><T43/><D121/><U98/><E131/><V123/><F123/><W105/><G114/><T109/><D109/><U84/><E104/><V117/><F113/><W79/><G79/><T80/><D26/><U6/><E6/><V13/><F117/><W124/><G105/><T132/><D132/><U102/><E98/><V88/><F46/><W107/><G107/><T122/><D122/><U25/><E69/><V89/><F62/><W96/><G124/><T130/><D130/><U23/><E82/><V73/><F128/><W120/><G120/><T40/><D40/><U70/><E70/><V58/><F127/><W115/><G115/><T119/><D119/><U71/><E71/><V77/><F58/><W2/><G9/><T103/><D86/><U35/><E84/><V126/><F126/><W129/><G129/><T83/><D83/><U93/><REACH who="1" step="1"/><E95/><REACH who="1" step="2"/><V111/><F111/><W97/><G97/><T54/><D94/><U68/><E68/><V55/><F30/><W49/><G96/><T67/><D92/><U32/><AGARI ba="1,2" hai="23,25,31,32,35,39,42,47,52,56,61,93,99,102" machi="32" ten="30,11700,0" yaku="1,1,0,1,54,1,53,1" doraHai="34" doraHaiUra="22" who="1" fromWho="1" sc="110,-40,261,140,379,-40,230,-40" /><INIT seed="5,2,0,4,1,67" ten="70,401,339,190" oya="1" hai0="48,53,63,19,39,97,74,70,106,23,58,93,72" hai1="59,27,83,10,129,75,6,35,96,7,71,5,76" hai2="122,57,30,65,86,17,56,132,45,41,77,113,117" hai3="87,130,103,109,49,124,81,116,82,46,120,14,134"/><U80/><E71/><V84/><F122/><W34/><G34/><T8/><D106/><U36/><E36/><V128/><F117/><W69/><G120/><T29/><D8/><U12/><E129/><V50/><F128/><W114/><G109/><T3/><D3/><U22/><E96/><V95/><F132/><W43/><G130/><T15/><D39/><U115/><E115/><V127/><F127/><W99/><G114/><T51/><D29/><U102/><E102/><V100/><F113/><W108/><G124/><T110/><D110/><U90/><E35/><V1/><F1/><W64/><G134/><T68/><D74/><U107/><E107/><V52/><F77/><W61/><G108/><T44/><D72/><U88/><E83/><V126/><F126/><W42/><G116/><T91/><REACH who="0" step="1"/><D51/><REACH who="0" step="2"/><U66/><E75/><V47/><F30/><W16/><G43/><AGARI ba="2,1" hai="15,19,23,43,44,48,53,58,63,68,70,91,93,97" machi="43" ten="30,12000,2" yaku="1,1,2,1,7,1,52,2,53,1" doraHai="67" doraHaiUra="92" who="0" fromWho="3" sc="60,136,401,0,339,0,190,-126" /><INIT seed="6,0,0,5,0,82" ten="196,401,339,64" oya="2" hai0="30,12,121,5,119,25,113,107,42,120,95,55,128" hai1="44,50,78,16,131,124,58,59,87,118,47,70,94" hai2="85,40,57,11,110,129,90,23,106,112,41,21,93" hai3="67,34,69,0,66,127,28,100,97,1,38,36,15"/><V24/><F112/><W86/><G15/><T26/><D107/><U122/><E118/><V108/><F129/><W135/><G127/><T130/><D42/><U45/><E70/><V76/><F106/><W33/><G135/><T117/><D55/><U35/><E35/><V22/><F11/><W68/><G28/><T53/><D53/><U98/><E122/><V39/><F57/><W49/><G97/><T3/><D3/><U43/><E124/><V103/><F103/><W48/><REACH who="3" step="1"/><G100/><REACH who="3" step="2"/><T37/><D113/><U64/><E131/><N who="0" m="50217" /><D95/><U32/><E98/><V109/><F39/><W99/><G99/><T56/><D37/><U114/><E94/><V125/><F125/><W96/><G96/><T65/><D30/><U60/><E114/><V77/><F24/><N who="0" m="9322" /><D12/><U13/><E32/><V2/><F2/><W20/><G20/><T111/><D5/><U46/><E59/><V84/><F76/><W126/><G126/><T134/><D134/><U18/><E13/><V89/><F77/><W54/><G54/><T115/><D115/><U62/><REACH who="1" step="1"/><E60/><REACH who="1" step="2"/><V29/><F29/><W61/><G61/><N who="0" m="38055" /><D111/><U74/><E74/><V72/><F72/><W116/><G116/><AGARI ba="0,2" hai="116,117,119,120,121" m="38055,9322,50217" machi="116" ten="30,2000,0" yaku="12,1,19,1" doraHai="82" who="0" fromWho="3" sc="196,40,391,0,339,0,54,-20" /><INIT seed="7,0,0,2,5,117" ten="236,391,339,34" oya="3" hai0="108,82,39,20,5,111,14,84,29,52,70,49,94" hai1="11,46,26,129,73,57,31,130,81,1,86,92,24" hai2="23,17,25,53,98,10,131,133,48,79,15,18,125" hai3="6,113,56,13,50,7,35,51,123,75,74,109,91"/><W99/><G35/><T96/><D70/><U105/><E105/><V93/><F133/><W62/><G75/><T128/><D39/><U16/><E73/><V72/><F131/><N who="1" m="50185" /><E46/><V42/><F125/><W115/><G74/><T120/><D128/><U54/><E92/><V106/><F106/><W76/><G76/><T124/><D124/><U32/><E32/><V44/><F72/><W95/><G109/><T63/><D63/><U47/><E47/><V38/><F79/><W116/><G116/><T27/><D49/><N who="3" m="18441" /><G123/><T114/><D120/><U60/><E31/><V67/><F67/><N who="3" m="39367" /><G115/><T9/><D114/><U68/><E68/><V104/><F104/><W88/><G113/><T58/><D111/><U97/><E1/><V121/><F121/><W127/><G127/><T78/><D108/><U101/><E11/><V8/><F38/><W59/><G59/><T77/><D78/><N who="1" m="46391" /><E97/><V41/><REACH who="2" step="1"/><F8/><REACH who="2" step="2"/><N who="3" m="4247" /><G7/><T110/><D110/><U90/><E60/><V30/><F30/><W66/><G66/><T122/><D122/><U71/><E71/><V103/><AGARI ba="0,1" hai="10,15,17,18,23,25,41,42,44,48,53,93,98,103" machi="103" ten="20,5200,0" yaku="1,1,0,1,7,1,8,1,53,0" doraHai="117" doraHaiUra="100" who="2" fromWho="2" sc="236,-13,391,-13,329,62,34,-26" owari="223,-18,378,18,391,49,8,-49" /></mjloggm>