<mjloggm ver="2.3"><GO type="41" lobby="0"/><UN n0="%E8%AB%B8%E5%BE%B9" n1="%45%54%45%52%6E%69%74%79" n2="%EF%BC%88%E2%89%A7%E2%96%BD%E2%89%A6%EF%BC%89" n3="%71%75%69%6C%74%65" dan="13,14,18,14" rate="1887.34,1999.27,2278.41,1938.57" sx="M,M,M,F"/><TAIKYOKU oya="0"/><INIT seed="0,0,0,3,1,36" ten="250,250,250,250" oya="0" hai0="130,55,0,112,21,73,94,135,100,87,104,118,102" hai1="121,99,98,14,19,134,10,110,108,23,71,81,83" hai2="58,56,9,52,12,62,80,37,65,96,122,25,28" hai3="38,6,13,133,29,77,33,5,27,16,48,57,41"/><T69/><D21/><U61/><E121/><V117/><F37/><W120/><G120/><T51/><D51/><U42/><E134/><V124/><F122/><W45/><G133/><T90/><D55/><U119/><E119/><V20/><F117/><W123/><G123/><T3/><D69/><U111/><E23/><V103/><F80/><N who="1" m="30793" /><E42/><V72/><F72/><W101/><G77/><T115/><D118/><U93/><E93/><N who="2" m="58767" /><F124/><W74/><G74/><T106/><D135/><U34/><E34/><V32/><F32/><W105/><G101/><T86/><D73/><U22/><E22/><V4/><F56/><W91/><G105/><T18/><D18/><U8/><E8/><V60/><F60/><W49/><G91/><T89/><REACH who="0" step="1"/><D94/><REACH who="0" ten="240,250,250,250" step="2"/><U15/><E19/><V107/><F107/><W68/><G68/><T31/><D31/><U126/><E126/><V59/><F59/><W1/><G49/><T127/><D127/><U47/><E110/><V92/><F92/><W132/><G48/><T82/><D82/><U85/><E111/><V97/><F97/><W11/><G57/><T125/><D125/><U95/><E99/><V53/><AGARI ba="0,1" hai="4,9,12,20,25,28,52,53,58,62,65" m="58767" machi="53" ten="30,4000,0" yaku="25,1,8,1,54,1" doraHai="36" who="2" fromWho="2" sc="240,-20,250,-10,250,50,250,-10" /><INIT seed="1,0,0,0,4,13" ten="220,240,300,240" oya="1" hai0="4,22,45,89,35,31,119,94,34,49,114,73,64" hai1="74,15,17,32,104,38,21,110,108,0,53,40,103" hai2="69,91,135,28,50,3,67,56,98,107,126,120,68" hai3="90,62,24,47,77,95,124,7,118,5,57,27,96"/><U30/><E0/><V66/><F3/><W39/><G118/><T127/><D127/><U132/><E74/><V51/><F120/><W112/><G112/><T42/><D114/><U131/><E131/><V23/><F126/><W134/><G134/><T105/><D119/><U2/><E132/><V78/><F135/><W115/><G115/><T93/><D105/><U36/><E2/><V87/><F69/><W44/><G77/><T6/><D73/><U43/><E53/><N who="2" m="31799" /><F68/><W46/><G124/><T80/><D35/><U1/><E1/><V72/><F107/><W10/><G39/><T54/><D64/><U71/><E71/><V101/><F72/><W88/><G90/><T20/><D34/><U122/><E122/><V85/><F78/><W65/><REACH who="3" step="1"/><G5/><REACH who="3" ten="220,240,300,230" step="2"/><T109/><D6/><U55/><E38/><V102/><F91/><W76/><G76/><T37/><D4/><U121/><E36/><V129/><F102/><W14/><AGARI ba="0,1" hai="7,10,14,24,27,44,46,47,57,62,65,88,95,96" machi="14" ten="30,7900,0" yaku="1,1,0,1,8,1,54,1,53,0" doraHai="13" doraHaiUra="128" who="3" fromWho="3" sc="220,-20,240,-39,300,-20,230,89" /><INIT seed="2,0,0,1,0,73" ten="200,201,280,319" oya="2" hai0="102,134,27,50,5,21,19,3,16,33,91,118,127" hai1="109,124,20,75,66,52,48,56,120,22,128,122,97" hai2="54,126,95,112,13,115,49,42,35,86,72,64,45" hai3="89,70,30,63,130,44,7,114,119,99,88,29,105"/><V10/><F72/><W92/><G119/><T26/><D134/><U104/><E109/><V60/><F35/><W101/><G130/><T78/><D127/><U82/><E124/><V71/><F126/><W53/><G114/><T39/><D39/><U11/><E128/><V55/><F95/><W2/><G70/><T93/><D118/><U38/><E38/><V108/><F108/><W8/><G89/><T24/><D102/><N who="1" m="62543" /><E66/><V61/><F86/><W43/><G43/><T18/><D33/><U40/><E40/><V74/><F74/><W83/><G83/><T31/><D50/><U41/><E41/><V96/><F96/><W47/><G47/><T94/><D94/><U107/><E11/><V125/><F125/><W37/><G37/><T51/><D51/><U57/><E57/><N who="2" m="34879" /><F13/><W85/><G63/><T34/><D34/><U28/><E107/><V98/><F10/><W0/><G0/><T68/><D3/><U110/><E28/><V81/><F98/><W80/><G105/><T103/><D103/><U65/><E110/><V123/><F81/><W23/><G23/><T32/><D32/><U1/><E1/><V15/><F15/><W77/><G101/><T100/><D100/><U62/><E82/><V131/><F131/><W106/><G106/><T113/><D113/><N who="2" m="43594" /><F42/><W87/><G99/><T79/><D5/><U116/><E75/><V67/><F67/><W46/><G46/><T133/><D31/><U111/><E116/><V84/><F84/><W17/><G17/><T59/><D19/><U25/><E111/><V4/><F4/><W129/><G129/><RYUUKYOKU ba="0,0" sc="200,-15,201,-15,280,15,319,15" hai2="45,49,54,61,64,71,123" hai3="2,7,8,29,30,44,53,77,80,85,87,88,92" /><INIT seed="2,1,0,2,5,57" ten="185,186,295,334" oya="2" hai0="70,59,134,40,117,35,88,2,109,133,43,95,8" hai1="46,5,63,100,94,0,50,44,123,32,71,20,125" hai2="36,23,7,39,61,108,4,135,126,96,37,16,72" hai3="45,28,69,101,131,58,120,124,10,89,111,119,110"/><V49/><F72/><W68/><G120/><T81/><D35/><U15/><E32/><V78/><F78/><W91/><G119/><T48/><D117/><U41/><E123/><V53/><F126/><W56/><G124/><T82/><D70/><N who="3" m="27241" /><G101/><T55/><D109/><N who="3" m="41481" /><G28/><T92/><D92/><U112/><E125/><V79/><F108/><W73/><G73/><T132/><D2/><U80/><E112/><V127/><F127/><W103/><G103/><T29/><D29/><U66/><E0/><V76/><F76/><W14/><G45/><T116/><D116/><U42/><E80/><N who="0" m="30825" /><D8/><U130/><E130/><V107/><F79/><W51/><G131/><T19/><D19/><U34/><E34/><V87/><F107/><W21/><G21/><T128/><D128/><U115/><E115/><V1/><F1/><W11/><G11/><T106/><D106/><U67/><E5/><V85/><F4/><N who="3" m="3399" /><G58/><T54/><D54/><AGARI ba="1,0" hai="51,54,56,89,91" m="3399,41481,27241" machi="54" ten="30,1000,0" yaku="14,1" doraHai="57" who="3" fromWho="0" sc="185,-13,186,0,295,0,334,13" /><INIT seed="3,0,0,5,2,22" ten="172,186,295,347" oya="3" hai0="81,127,79,37,77,54,87,113,41,108,57,44,72" hai1="122,104,110,88,91,3,55,94,35,36,11,116,74" hai2="50,120,76,49,8,75,53,4,31,6,130,115,20" hai3="123,47,30,10,121,131,90,70,133,42,109,59,61"/><W124/><G124/><T7/><D127/><U118/><E122/><V24/><F115/><W128/><G133/><T23/><D113/><U73/><E104/><V97/><F120/><N who="3" m="46155" /><G90/><N who="1" m="34346" /><E94/><V62/><F130/><N who="3" m="49707" /><G10/><T132/><D132/><U93/><E93/><V78/><F97/><W0/><G30/><T68/><D68/><U48/><E36/><V40/><F75/><W69/><G0/><T66/><D66/><U51/><E110/><V82/><F82/><W125/><G125/><T105/><D105/><U16/><E35/><V80/><F80/><W9/><G9/><T12/><D108/><U126/><E126/><V114/><F114/><W27/><G27/><T119/><D7/><N who="2" m="2602" /><F8/><W103/><G103/><T100/><D100/><U5/><E51/><N who="2" m="19467" /><F40/><W52/><G109/><T1/><D1/><U25/><E25/><V64/><F64/><W101/><G101/><T107/><D107/><U18/><E73/><V83/><F83/><W19/><G19/><T111/><D72/><U71/><E74/><V95/><F95/><W135/><G135/><T29/><D111/><U21/><E3/><V96/><F96/><W13/><G13/><T17/><D29/><U134/><E11/><V60/><F53/><W39/><AGARI ba="0,0" hai="39,42,47,52,59,61,69,70" m="49707,46155" machi="39" ten="30,11700,0" yaku="19,1,34,2,54,1" doraHai="22" who="3" fromWho="3" sc="172,-39,186,-39,295,-39,347,117" /><INIT seed="3,1,0,3,1,47" ten="133,147,256,464" oya="3" hai0="98,43,130,17,109,106,64,114,51,8,28,79,99" hai1="135,122,61,63,1,21,59,54,90,125,101,74,3" hai2="66,39,95,2,0,55,30,6,58,52,91,9,115" hai3="97,60,16,88,49,48,50,19,87,24,120,26,133"/><W34/><G120/><T37/><D114/><U32/><E122/><V94/><F39/><W81/><G34/><T18/><D109/><U41/><E32/><V67/><F115/><W42/><G133/><T53/><D130/><U12/><E135/><V31/><F0/><W78/><G42/><T85/><D28/><U111/><E111/><V11/><F2/><W80/><G60/><T126/><D64/><U69/><E74/><V96/><F6/><W35/><G35/><T128/><D128/><U14/><E101/><V10/><F95/><N who="3" m="56551" /><G81/><T118/><D106/><U129/><E129/><V4/><F4/><W124/><G124/><T116/><D126/><U102/><E125/><V93/><F93/><W71/><G71/><T104/><D104/><U20/><E41/><V46/><F67/><W27/><AGARI ba="1,0" hai="16,19,24,26,27,48,49,50,78,80,87" m="56551" machi="27" ten="30,18000,2" yaku="8,1,52,3,54,2" doraHai="47" who="3" fromWho="3" sc="133,-61,147,-61,256,-61,464,183" /><INIT seed="3,2,0,0,1,127" ten="72,86,195,647" oya="3" hai0="84,102,20,62,100,107,18,12,101,120,40,114,93" hai1="105,21,53,42,68,46,108,26,52,73,96,131,117" hai2="17,129,44,119,36,38,82,115,58,5,11,126,67" hai3="69,94,10,47,64,110,39,128,63,9,99,49,57"/><W4/><G110/><T74/><D120/><U51/><E73/><V97/><F119/><W19/><G19/><T45/><D114/><U123/><E117/><V32/><F32/><W116/><G116/><T80/><D74/><U134/><E108/><V65/><F115/><W60/><G128/><T33/><D33/><U71/><E123/><V106/><F129/><W6/><G39/><T25/><D107/><U109/><E109/><V14/><F17/><W56/><G69/><T30/><D62/><U28/><E131/><V77/><F58/><W104/><G104/><T75/><D75/><U50/><E42/><V112/><F112/><W133/><G133/><T83/><D93/><U29/><E134/><V34/><F34/><W95/><G47/><T59/><D59/><U23/><E96/><V125/><F97/><W122/><G122/><T72/><D72/><U130/><E105/><V37/><F106/><W91/><G49/><T135/><D135/><U22/><E130/><V85/><F44/><W8/><G94/><T78/><D83/><U90/><E90/><V118/><F118/><W98/><G98/><T2/><D2/><U121/><E121/><V7/><F7/><W132/><G132/><T88/><D78/><U66/><E66/><AGARI ba="2,0" hai="4,6,8,9,10,56,57,60,63,64,66,91,95,99" machi="66" ten="40,3900,0" yaku="9,1,8,1" doraHai="127" who="3" fromWho="1" sc="72,0,86,-45,195,0,647,45" /><INIT seed="3,3,0,2,1,34" ten="72,41,195,692" oya="3" hai0="81,84,106,9,79,110,57,26,98,107,111,126,4" hai1="38,102,16,99,62,85,11,73,19,8,88,60,77" hai2="28,66,50,105,117,135,43,39,44,42,21,72,35" hai3="63,14,10,130,69,40,12,48,25,45,115,0,122"/><W55/><G115/><T41/><D41/><U134/><E38/><V13/><F72/><W75/><G122/><T96/><D126/><U52/><E73/><V108/><F105/><W56/><G75/><T70/><D70/><U71/><E77/><V116/><F35/><W17/><G130/><T127/><D127/><U95/><E134/><V54/><F42/><W133/><G133/><T82/><D82/><N who="1" m="49207" /><E71/><V65/><F135/><W131/><G131/><T24/><D106/><U15/><E52/><V114/><F114/><W6/><G69/><T76/><D76/><U124/><E124/><V132/><F132/><W129/><G129/><T3/><D57/><U100/><E100/><V58/><F66/><W119/><G119/><T101/><D98/><U109/><E109/><AGARI ba="3,0" hai="3,4,9,24,26,79,81,84,96,101,107,109,110,111" machi="109" ten="40,2600,0" yaku="14,1,52,1" doraHai="34" who="0" fromWho="1" sc="72,35,41,-35,195,0,692,0" /><INIT seed="4,0,0,0,5,101" ten="107,6,195,692" oya="0" hai0="3,1,58,27,123,6,95,59,14,9,82,109,104" hai1="18,38,20,105,25,19,53,118,55,46,124,122,32" hai2="132,103,100,61,120,93,68,34,33,108,116,85,128" hai3="23,130,10,51,65,50,66,99,94,112,52,64,26"/><T40/><D123/><U12/><E105/><V89/><F108/><W4/><G112/><T96/><D104/><U88/><E122/><V131/><F116/><W111/><G111/><T22/><D109/><U30/><E118/><V90/><F132/><W47/><G130/><N who="2" m="49705" /><F90/><W69/><G69/><T39/><D3/><U11/><E124/><V5/><F5/><W62/><G62/><T60/><D1/><U76/><E76/><V121/><F121/><W29/><G51/><T107/><D107/><U48/><E38/><V125/><F125/><W92/><REACH who="3" step="1"/><G99/><REACH who="3" ten="107,6,195,682" step="2"/><T102/><D39/><U81/><E53/><V119/><F61/><W15/><AGARI ba="0,1" hai="4,10,15,23,26,29,47,50,52,64,65,66,92,94" machi="15" ten="30,12000,2" yaku="1,1,2,1,0,1,8,1,54,1,53,1" doraHai="101" doraHaiUra="8" who="3" fromWho="3" sc="107,-60,6,-30,195,-30,682,130" owari="47,-35.0,-24,-52.0,165,-3.0,812,90.0" /></mjloggm>