<mjloggm ver="2.3"><GO type="41"/><UN n0="%E5%B9%B3%E4%BA%95%E7%90%86%E5%A4%AE" n1="%E3%82%A6%E3%83%AB%E3%83%88%E3%83%A9%E7%AB%8B%E7%9B%B4" n2="%79%6F%68%6B%61%69" n3="%E3%81%B5%E3%82%8C%E3%81%BF%E3%82%93%E3%81%90" dan="16,15,14,13" rate="2094,1992,2112,2047" sx="F,M,F,M"/><TAIKYOKU oya="0"/><INIT seed="0,0,0,2,0,114" ten="250,250,250,250" oya="0" hai0="75,71,31,77,106,73,100,109,90,129,41,89,112" hai1="6,23,25,26,102,68,4,10,120,92,81,132,46" hai2="24,45,43,135,60,79,104,74,127,83,50,72,69" hai3="108,66,0,85,35,7,84,8,17,78,76,63,52"/><T48/><D71/><U3/><E120/><V13/><F74/><W39/><G39/><T99/><D31/><U33/><E68/><V29/><F135/><W19/><G35/><T128/><D48/><U56/><E46/><V34/><F127/><W105/><G105/><T97/><D41/><U27/><E132/><V96/><F13/><W30/><G30/><T123/><D123/><U87/><E56/><V64/><F50/><W62/><G8/><T110/><D112/><U5/><E92/><V93/><F45/><W14/><G14/><T40/><D40/><U115/><E102/><N who="2" m="62535" /><F43/><W91/><G7/><N who="1" m="2634" /><E87/><V51/><F51/><W28/><G28/><T117/><D106/><U44/><E81/><V122/><F93/><W88/><G66/><T42/><D42/><U103/><E103/><V101/><F101/><W107/><G107/><T125/><D100/><U111/><E44/><V57/><F57/><W59/><G59/><T116/><D77/><U21/><E115/><V118/><F122/><W47/><G47/><T16/><D16/><N who="1" m="12455" /><E111/><V65/><F65/><W1/><REACH who="3" step="1"/><G52/><REACH who="3" step="2"/><T53/><D53/><U124/><E124/><AGARI ba="0,1" hai="73,75,89,90,97,99,109,110,116,117,124,125,128,129" machi="124" ten="25,18000,2" yaku="22,2,34,3,52,2" doraHai="114" who="0" fromWho="1" sc="250,190,250,-180,250,0,240,0" /><INIT seed="0,1,0,5,2,38" ten="440,70,250,240" oya="0" hai0="44,109,20,78,75,50,122,57,16,124,4,55,121" hai1="17,1,35,81,11,32,123,42,101,8,128,43,83" hai2="95,108,59,100,74,7,97,107,72,64,53,28,104" hai3="15,80,73,54,22,61,129,60,98,71,68,3,88"/><T41/><D4/><U134/><E101/><V87/><F64/><W48/><G3/><T30/><D30/><U114/><E1/><V103/><F7/><W5/><G73/><T94/><D124/><U58/><E58/><V119/><F28/><W19/><G5/><T33/><D33/><U106/><E106/><V67/><F67/><W110/><G129/><T6/><D6/><U2/><E2/><V10/><F10/><W102/><G110/><T99/><D109/><U125/><E17/><V115/><F108/><W18/><G19/><T51/><D75/><U0/><E0/><V112/><F87/><W65/><G60/><T76/><D121/><U111/><E111/><V89/><F53/><W90/><G80/><T84/><D84/><U34/><E123/><V69/><F59/><W56/><REACH who="3" step="1"/><G68/><REACH who="3" step="2"/><T131/><D131/><U14/><E128/><V93/><F69/><W77/><G77/><T117/><D122/><U27/><E114/><V86/><F112/><W118/><G118/><T39/><D117/><U21/><E125/><V23/><F115/><W40/><G40/><N who="1" m="15402" /><E27/><V25/><F119/><W13/><G13/><T63/><D39/><U133/><E21/><V9/><F23/><W47/><G47/><T91/><D63/><U66/><E66/><V26/><F26/><AGARI ba="1,1" hai="16,20,26,41,44,50,51,55,57,76,78,91,94,99" machi="26" ten="30,11600,0" yaku="7,1,8,1,52,1,54,1" doraHai="38" who="0" fromWho="2" sc="440,129,70,0,250,-119,230,0" /><INIT seed="0,2,0,3,3,90" ten="569,70,131,230" oya="0" hai0="87,64,61,45,13,116,104,134,15,111,91,8,60" hai1="10,126,100,30,27,34,85,118,92,98,58,66,46" hai2="33,132,31,54,63,129,43,19,71,124,28,37,40" hai3="2,97,73,72,7,17,59,52,39,62,22,57,5"/><T25/><D104/><U122/><E118/><V133/><F33/><W83/><G39/><T86/><D116/><U67/><E122/><V131/><F19/><W23/><G83/><T76/><D134/><N who="2" m="51818" /><F37/><W41/><G41/><T79/><D45/><U38/><E126/><V110/><F110/><W117/><G117/><T77/><D25/><U50/><E38/><V109/><F109/><W14/><G2/><T99/><D13/><U74/><E74/><V123/><F123/><W44/><G44/><T115/><D115/><U55/><E10/><V119/><F119/><W12/><G97/><T26/><D26/><U16/><E46/><V6/><F6/><W47/><G47/><T29/><D29/><N who="2" m="11338" /><F54/><W108/><G108/><T102/><D111/><U68/><E68/><V56/><F56/><W95/><G17/><T101/><D77/><U113/><E113/><V80/><F80/><W105/><G105/><T32/><D76/><U130/><E34/><V53/><F53/><W103/><G52/><T51/><D79/><U106/><E30/><V120/><F120/><W75/><G72/><T21/><D32/><U24/><E24/><V20/><F20/><W11/><G11/><T3/><D8/><U128/><E106/><V1/><F1/><W9/><G9/><T96/><D3/><U88/><E27/><V114/><F114/><W78/><G73/><T70/><D21/><U36/><E36/><V94/><F124/><W84/><G75/><T81/><D81/><U127/><E127/><V4/><F4/><W93/><G5/><T65/><D15/><U48/><E55/><RYUUKYOKU ba="2,0" sc="569,0,70,0,131,0,230,0" /><INIT seed="1,3,0,4,1,88" ten="569,70,131,230" oya="1" hai0="111,47,133,79,34,12,80,29,96,68,104,106,110" hai1="87,16,117,114,61,122,75,103,4,69,123,0,32" hai2="21,101,27,25,11,116,115,55,71,78,39,10,98" hai3="3,72,19,119,90,48,108,44,129,7,5,30,112"/><U50/><E4/><V102/><F116/><W63/><G119/><T70/><D133/><U95/><E0/><V13/><F71/><W99/><G72/><T52/><D12/><U38/><E117/><V54/><F39/><W14/><G112/><T120/><D120/><U131/><E114/><V92/><F115/><W126/><G63/><T60/><D68/><U132/><E38/><V49/><F78/><W37/><G30/><T105/><D96/><N who="1" m="59807" /><E75/><V86/><F27/><W35/><G35/><T93/><D70/><U66/><E32/><V109/><F109/><W33/><G33/><T100/><D105/><U26/><E122/><V62/><F102/><W42/><G3/><T31/><D104/><U64/><E123/><V22/><F62/><W65/><G7/><T6/><D106/><U59/><E69/><V15/><F15/><W58/><G5/><T77/><D6/><U130/><E132/><V127/><F22/><W41/><G37/><T125/><D100/><U40/><E87/><V20/><F20/><W67/><G108/><T83/><D34/><U17/><E66/><V85/><F54/><W57/><G67/><T28/><D110/><U2/><E2/><V24/><F24/><W53/><G65/><T76/><D111/><U89/><E89/><V23/><F23/><W135/><G90/><T43/><D77/><U107/><E107/><V118/><F118/><W97/><G135/><T82/><D76/><U113/><E113/><V36/><F36/><W1/><G1/><T51/><D79/><U46/><E26/><V56/><F10/><W134/><G134/><RYUUKYOKU ba="3,0" sc="569,-10,70,30,131,-10,230,-10" hai1="16,17,40,46,50,59,61,64,130,131" /><INIT seed="1,4,0,3,1,101" ten="559,100,121,220" oya="1" hai0="122,124,29,66,119,64,121,52,102,7,37,87,88" hai1="2,11,125,132,23,107,72,115,22,27,40,104,70" hai2="93,67,76,9,48,59,65,24,95,55,53,82,50" hai3="60,21,17,90,85,19,61,89,25,100,6,68,129"/><U128/><E115/><V81/><F24/><W46/><G129/><T75/><D75/><U58/><E70/><V43/><F43/><W56/><G68/><T97/><D37/><U131/><E72/><V108/><F108/><W13/><G6/><T92/><D119/><U69/><E69/><V79/><F59/><W135/><G135/><T110/><D29/><U96/><E96/><V94/><F94/><W120/><G120/><N who="0" m="46187" /><D7/><N who="1" m="1527" /><E40/><V1/><F1/><W103/><G46/><T34/><D34/><U62/><E132/><V20/><F20/><N who="1" m="7721" /><E27/><V126/><REACH who="2" step="1"/><F9/><REACH who="2" step="2"/><N who="3" m="6319" /><G61/><T133/><D110/><U8/><E8/><V112/><F112/><W42/><G42/><T113/><D113/><U118/><E118/><V44/><F44/><W63/><G63/><T130/><D133/><U57/><E125/><AGARI ba="4,1" hai="48,50,53,55,65,67,76,79,81,82,93,95,125,126" machi="125" ten="25,8000,1" yaku="1,1,22,2,53,2" doraHai="101" doraHaiUra="47" who="2" fromWho="1" sc="559,0,100,-92,111,102,220,0" /><INIT seed="2,0,0,5,4,128" ten="559,8,213,220" oya="2" hai0="115,59,3,62,26,13,130,12,40,70,77,112,123" hai1="68,106,30,84,72,118,38,18,45,131,56,124,24" hai2="94,93,95,28,78,125,64,16,122,2,4,121,134" hai3="91,111,133,116,57,52,83,17,66,47,73,104,100"/><V98/><F28/><W51/><G116/><T88/><D3/><U65/><E56/><V74/><F64/><W10/><G111/><T35/><D70/><U41/><E18/><V9/><F125/><W34/><G34/><T107/><D107/><U22/><E84/><V37/><F37/><W114/><G114/><T80/><D40/><U89/><E22/><V129/><F129/><W1/><G104/><T31/><D123/><U21/><E89/><V110/><F110/><W109/><G100/><T8/><D130/><U36/><E21/><V105/><F105/><W55/><G109/><T61/><D12/><U44/><E24/><V81/><F16/><W11/><G66/><T29/><D29/><U42/><E30/><V0/><F0/><W126/><G126/><T46/><D46/><U69/><E106/><V99/><REACH who="2" step="1"/><F134/><REACH who="2" step="2"/><W127/><G133/><T20/><D112/><U53/><E131/><V25/><F25/><W63/><G127/><T60/><D115/><U90/><E124/><V14/><F14/><W108/><G108/><T103/><D13/><U75/><E65/><V19/><F19/><W96/><G1/><T113/><D26/><U27/><E27/><V54/><F54/><W87/><G17/><T92/><D31/><U49/><E118/><V85/><F85/><W48/><G73/><T43/><D113/><U119/><E119/><V101/><F101/><W6/><G96/><AGARI ba="0,1" hai="2,4,9,74,78,81,93,94,95,96,98,99,121,122" machi="96" ten="40,2000,0" yaku="1,1,53,0" doraHai="128" doraHaiUra="23" who="2" fromWho="3" sc="559,0,8,0,203,30,220,-20" /><INIT seed="2,1,0,5,0,125" ten="559,8,233,200" oya="2" hai0="53,109,79,34,77,80,107,100,57,10,6,35,70" hai1="114,122,131,58,22,33,74,98,32,130,30,21,48" hai2="61,16,25,31,71,84,102,45,92,20,78,123,66" hai3="94,93,86,69,111,68,91,5,105,40,116,126,113"/><V47/><F123/><W54/><G116/><T11/><D70/><U15/><E74/><V8/><F78/><W83/><G126/><T75/><D77/><U56/><E114/><V132/><F132/><W135/><G113/><T76/><D76/><U96/><E15/><V19/><F84/><W89/><G105/><T129/><D11/><U28/><E48/><V67/><F67/><W101/><G5/><T87/><D75/><U121/><AGARI ba="1,0" hai="21,22,28,30,32,33,56,58,96,98,121,122,130,131" machi="121" ten="25,8000,1" yaku="0,1,22,2,52,2" doraHai="125" who="1" fromWho="1" sc="559,-21,8,83,233,-41,200,-21" /><INIT seed="3,0,0,4,1,70" ten="538,91,192,179" oya="3" hai0="13,102,35,107,101,21,77,91,122,54,75,34,60" hai1="74,105,120,65,55,14,94,62,11,133,135,45,106" hai2="82,132,63,121,18,84,116,64,2,20,58,12,23" hai3="87,8,44,4,80,72,85,71,68,3,81,37,123"/><W78/><G123/><T97/><D122/><U53/><E74/><V59/><F121/><W93/><G93/><T99/><D91/><U51/><E120/><V79/><F2/><W38/><G87/><T42/><D42/><U98/><E55/><V33/><F33/><W15/><G15/><T76/><D76/><U6/><E105/><V100/><F132/><W26/><G26/><T96/><D77/><U48/><E106/><V9/><F116/><W128/><G128/><T119/><D75/><U30/><E51/><V104/><F104/><W1/><G1/><T114/><D114/><U28/><E133/><V73/><F100/><W10/><G8/><T7/><D97/><U27/><E27/><V29/><F29/><W131/><G131/><T95/><D119/><U127/><E135/><V56/><REACH who="2" step="1"/><F73/><REACH who="2" step="2"/><W129/><G129/><T32/><D32/><U67/><E127/><V17/><F17/><W92/><G72/><T109/><D34/><U83/><E30/><V22/><AGARI ba="0,1" hai="9,12,18,20,22,23,56,58,59,63,64,79,82,84" machi="22" ten="30,12000,2" yaku="1,1,0,1,8,1,53,3" doraHai="70" doraHaiUra="52" who="2" fromWho="2" sc="538,-30,91,-30,182,130,179,-60" /><INIT seed="4,0,0,3,5,25" ten="508,61,312,119" oya="0" hai0="83,39,77,6,31,51,46,10,36,7,4,0,126" hai1="9,16,132,64,86,71,124,70,68,61,80,107,120" hai2="3,115,45,81,26,49,135,93,12,18,119,42,69" hai3="15,100,20,17,104,109,67,13,57,76,62,54,79"/><T38/><D126/><U34/><E120/><V87/><F69/><W90/><G109/><T91/><D91/><U130/><E124/><V101/><F3/><W88/><G104/><T5/><D31/><U116/><E116/><V14/><F119/><W75/><G100/><T56/><D56/><U30/><E130/><V32/><F115/><W29/><G75/><T24/><D24/><U23/><E132/><V108/><F135/><W8/><G29/><T73/><REACH who="0" step="1"/><D51/><REACH who="0" step="2"/><U28/><E34/><V1/><F32/><W97/><G90/><T50/><D50/><U92/><E68/><V11/><F26/><W128/><G128/><T131/><D131/><U48/><E70/><V53/><F49/><W112/><G112/><T99/><D99/><U74/><E48/><V95/><F101/><W134/><G134/><T41/><AGARI ba="0,1" hai="0,4,5,6,7,10,36,38,39,41,46,73,77,83" machi="41" ten="30,11700,0" yaku="1,1,0,1,25,2,53,0" doraHai="25" doraHaiUra="96" who="0" fromWho="0" sc="498,127,61,-39,312,-39,119,-39" /><INIT seed="4,1,0,1,1,40" ten="625,22,273,80" oya="0" hai0="119,39,112,98,43,41,49,32,7,58,75,135,101" hai1="55,37,50,69,121,53,88,97,18,106,57,134,16" hai2="125,45,12,9,76,104,54,11,102,114,42,2,27" hai3="129,38,122,47,29,113,15,96,91,85,66,127,24"/><T1/><D32/><U116/><E69/><V77/><F125/><W22/><G127/><T120/><D75/><U131/><E116/><V0/><F114/><W73/><G73/><T115/><D120/><U72/><E121/><V20/><F104/><W14/><G122/><T118/><D7/><U110/><E110/><V90/><F102/><W132/><G113/><N who="0" m="43595" /><D1/><U89/><E37/><V62/><F2/><W74/><G74/><T10/><D10/><U17/><E131/><V95/><F0/><W44/><G129/><T31/><D31/><U61/><E72/><V130/><F130/><W86/><G38/><T59/><D39/><U3/><E3/><V93/><F93/><N who="3" m="56383" /><G66/><T80/><D80/><U26/><E134/><V108/><F108/><W100/><G132/><T34/><D34/><U111/><E111/><V126/><F126/><W25/><G100/><T33/><D33/><U78/><E78/><V28/><F9/><W79/><G25/><T82/><D82/><U56/><E106/><V128/><F128/><W87/><G79/><T124/><D101/><U109/><E109/><V46/><F76/><W35/><G35/><T13/><D135/><U48/><E61/><V70/><F77/><W81/><G81/><T133/><D133/><U107/><REACH who="1" step="1"/><E26/><REACH who="1" step="2"/><V103/><F70/><W60/><G60/><T99/><D119/><U117/><E117/><V67/><F62/><W64/><G64/><T68/><D118/><U5/><E5/><V52/><F67/><W51/><G51/><T105/><D49/><U19/><N who="1" m="4608" /><DORA hai="92" /><U83/><E83/><V21/><F27/><RYUUKYOKU ba="1,1" sc="625,-15,12,15,273,-15,80,15" hai1="48,50,53,55,56,57,88,89,97,107" hai3="14,15,22,24,29,44,47,85,86,87" /><INIT seed="5,2,1,3,1,42" ten="610,27,258,95" oya="1" hai0="35,15,57,62,94,22,17,112,99,78,125,56,92" hai1="132,77,50,45,67,86,64,76,102,46,10,5,114" hai2="97,30,126,65,122,80,73,21,19,120,117,23,14" hai3="88,3,40,101,100,106,8,131,79,59,47,36,129"/><U51/><E102/><V37/><F37/><W68/><G68/><T38/><D35/><U85/><E114/><V90/><F65/><W111/><G111/><T29/><D38/><U7/><REACH who="1" step="1"/><E10/><REACH who="1" step="2"/><V72/><F117/><W11/><G101/><T18/><D112/><U135/><AGARI ba="2,2" hai="5,7,45,46,50,51,64,67,76,77,85,86,132,135" machi="135" ten="25,18000,2" yaku="1,1,2,1,0,1,22,2,52,2,53,0" doraHai="42" doraHaiUra="98" who="1" fromWho="1" sc="610,-62,17,206,258,-62,95,-62" /><INIT seed="5,3,0,5,2,93" ten="548,223,196,33" oya="1" hai0="81,86,14,94,41,104,15,34,123,49,100,5,119" hai1="46,52,72,47,120,126,62,23,121,68,113,111,20" hai2="37,77,8,110,43,78,38,129,42,118,96,11,3" hai3="39,131,67,91,133,98,24,18,87,95,73,30,128"/><U59/><E72/><V10/><F3/><W54/><G39/><T50/><D34/><U1/><E1/><V29/><F29/><W19/><G73/><T40/><D104/><U28/><E23/><V108/><F118/><W75/><G75/><T26/><D26/><U125/><E20/><V13/><F13/><W84/><G133/><T44/><D123/><N who="1" m="47179" /><E28/><V83/><F83/><W71/><G30/><T63/><D119/><U74/><E74/><V58/><F58/><W132/><G24/><T12/><D5/><U90/><E90/><V135/><F129/><W16/><G132/><T97/><D63/><N who="1" m="36327" /><E113/><V51/><F51/><N who="0" m="19466" /><D44/><N who="1" m="16939" /><E111/><V76/><F135/><W7/><G7/><T99/><D99/><U66/><AGARI ba="3,0" hai="62,66,68,125,126" m="16939,36327,47179" machi="66" ten="40,7800,0" yaku="34,2,54,1" doraHai="93" who="1" fromWho="1" sc="548,-29,223,87,196,-29,33,-29" /><INIT seed="5,4,0,2,4,1" ten="519,310,167,4" oya="1" hai0="135,116,26,48,107,54,129,101,28,90,118,44,73" hai1="49,36,110,115,62,11,23,91,123,37,96,34,126" hai2="111,94,30,130,40,97,35,32,59,60,75,119,83" hai3="27,69,127,24,114,86,132,8,117,21,120,105,85"/><U58/><E34/><V78/><F111/><W22/><G120/><T67/><D73/><U133/><E123/><V19/><F119/><W17/><G105/><T14/><D67/><U98/><E110/><V53/><F130/><W4/><G117/><T29/><D29/><U55/><E115/><V50/><F40/><W102/><G69/><T128/><D135/><U46/><E133/><V47/><F19/><W38/><G38/><T93/><D101/><U41/><E126/><V71/><F71/><W20/><G114/><T108/><D107/><U103/><E103/><V7/><F30/><W77/><G127/><T57/><D44/><U74/><E74/><V82/><F82/><W95/><G132/><T99/><D14/><U70/><E37/><V131/><F131/><N who="0" m="50250" /><D108/><U25/><E11/><V6/><F32/><AGARI ba="4,0" hai="26,28,32,48,54,57,90,93,99,116,118" m="50250" machi="32" ten="30,1000,0" yaku="19,1" doraHai="1" who="0" fromWho="2" sc="519,22,310,0,167,-22,4,0" /><INIT seed="6,0,0,0,2,80" ten="541,310,145,4" oya="2" hai0="34,71,23,135,101,111,93,107,32,1,79,128,50" hai1="65,18,125,131,26,2,106,16,83,53,15,43,122" hai2="59,133,10,38,114,73,108,41,9,92,123,29,134" hai3="11,58,37,130,62,8,115,21,75,57,112,47,74"/><V129/><F73/><N who="3" m="27659" /><G37/><T76/><D107/><U110/><E106/><V3/><F123/><W14/><G47/><T33/><D71/><U46/><E2/><V22/><F38/><W88/><G21/><T95/><D1/><U56/><E125/><V0/><F41/><W72/><N who="3" m="27667" /><W25/><DORA hai="81" /><G25/><T61/><D61/><U39/><E131/><V84/><F129/><W124/><G130/><T20/><D111/><U6/><E110/><V87/><F108/><W28/><G124/><T126/><D135/><N who="2" m="51722" /><F114/><N who="3" m="43563" /><G28/><T89/><D126/><U97/><E43/><V86/><F59/><N who="3" m="22539" /><G62/><T121/><D32/><U19/><E46/><V70/><F70/><W24/><G24/><T109/><D33/><U120/><E26/><N who="2" m="16599" /><F3/><W85/><G14/><T105/><D34/><U77/><E15/><V51/><F51/><W69/><G69/><T64/><D50/><U82/><E56/><V60/><F60/><W63/><G63/><T127/><D127/><U30/><E30/><V42/><F42/><W35/><G35/><T103/><D109/><U66/><E39/><V98/><F0/><W44/><G44/><T55/><D20/><U27/><E27/><V119/><F119/><W104/><G104/><T132/><D105/><U17/><E17/><V67/><F67/><W94/><AGARI ba="0,0" hai="8,11,85,88,94" m="22539,43563,27667" machi="94" ten="50,8000,1" yaku="15,1,11,1,52,2,54,1" doraHai="80,81" who="3" fromWho="3" sc="541,-20,310,-20,145,-40,4,80" /><INIT seed="7,0,0,0,0,120" ten="521,290,105,84" oya="3" hai0="5,53,94,127,25,116,92,7,73,49,23,32,12" hai1="130,1,124,20,109,78,39,91,106,119,134,131,60" hai2="101,71,22,62,2,82,100,58,85,31,128,107,63" hai3="110,21,57,72,121,24,61,68,36,42,99,105,75"/><W6/><G121/><T40/><D73/><U26/><E78/><V16/><F2/><W56/><G68/><T133/><D32/><U122/><E20/><V33/><F128/><W27/><G6/><T117/><D40/><U88/><E26/><V84/><F33/><W8/><G8/><T132/><D127/><U64/><E60/><V30/><F71/><W97/><G42/><T113/><D113/><U52/><E64/><V93/><F107/><W81/><G81/><T18/><D92/><U34/><E52/><V95/><F63/><W125/><G61/><T59/><D94/><U115/><E88/><V14/><F95/><W65/><G125/><T4/><D25/><U50/><E91/><V135/><F135/><AGARI ba="0,0" hai="4,5,7,12,18,23,49,53,59,116,117,132,133,135" machi="135" ten="40,1300,0" yaku="20,1" doraHai="120" who="0" fromWho="2" sc="521,13,290,0,105,-13,84,0" owari="534,64,290,9,92,-31,84,-42" /></mjloggm>