<mjloggm ver="2.3"><GO type="41"/><UN n0="%E9%9D%92%E9%9C%A7" n1="%44%69%72%74%79%41%54%4D" n2="%E3%82%A6%E3%83%AB%E3%83%88%E3%83%A9%E7%AB%8B%E7%9B%B4" n3="%E3%81%97%E3%82%85%E3%81%86%E3%83%BC%E3%80%82" dan="15,14,15,19" rate="1958,1924,1987,2109" sx="M,M,M,M"/><TAIKYOKU oya="0"/><INIT seed="0,0,0,0,3,105" ten="250,250,250,250" oya="0" hai0="119,132,67,60,118,38,125,51,91,88,5,63,0" hai1="4,13,34,103,135,39,6,106,95,130,35,78,41" hai2="79,102,19,37,66,53,18,14,15,59,101,128,26" hai3="74,58,110,81,40,71,62,99,133,104,96,23,47"/><T2/><D38/><U131/><E78/><V109/><F37/><W32/><G32/><T82/><D119/><U77/><E77/><V108/><F79/><W36/><G110/><N who="2" m="42601" /><F66/><W90/><G133/><T27/><D118/><U33/><E135/><V123/><F123/><W76/><G71/><T100/><D132/><U25/><E95/><V84/><F84/><W94/><G23/><T29/><D100/><U111/><E111/><V122/><F122/><W113/><G113/><T126/><D51/><U68/><E68/><V17/><F26/><W117/><G117/><T116/><D116/><U72/><E41/><V89/><F89/><N who="0" m="34378" /><D5/><U24/><E39/><V52/><F128/><N who="1" m="49193" /><E13/><N who="2" m="4619" /><F59/><W70/><G70/><T42/><D42/><U1/><E1/><N who="0" m="617" /><D82/><U12/><E103/><AGARI ba="0,0" hai="17,18,19,52,53,101,102,103" m="4619,42601" machi="103" ten="40,8000,1" yaku="28,2,14,1,54,1" doraHai="105" who="2" fromWho="1" sc="250,0,250,-80,250,80,250,0" /><INIT seed="1,0,0,5,5,126" ten="250,170,330,250" oya="1" hai0="123,96,1,113,94,12,72,18,7,111,30,124,25" hai1="98,104,29,23,103,64,118,13,69,22,86,49,95" hai2="9,99,85,82,51,26,5,110,54,119,116,60,53" hai3="2,65,40,107,73,112,89,130,70,0,11,71,38"/><U79/><E118/><V46/><F110/><W90/><G112/><T50/><D72/><U58/><E69/><V128/><F99/><W127/><G127/><T35/><D111/><U27/><E104/><V52/><F116/><W4/><G107/><T14/><D124/><U131/><E13/><N who="2" m="5295" /><F119/><W100/><G100/><T36/><D36/><U125/><E125/><V41/><F128/><W21/><G21/><T114/><D123/><U44/><E131/><V57/><F26/><W91/><G130/><T10/><D14/><U101/><E101/><V134/><F134/><W66/><G0/><T47/><D96/><U77/><E86/><V121/><F121/><W93/><G73/><T31/><D31/><U78/><E22/><V75/><F75/><W92/><G40/><T106/><D106/><U88/><E103/><V55/><F55/><W17/><G17/><T108/><D94/><U24/><E24/><V43/><F43/><W45/><G45/><T68/><D68/><U105/><E105/><V15/><F15/><W8/><G38/><T6/><D6/><U122/><E122/><V81/><F81/><W61/><REACH who="3" step="1"/><G8/><REACH who="3" ten="250,170,330,240" step="2"/><T3/><D3/><U33/><E33/><V87/><F87/><W133/><G133/><T19/><D19/><U67/><REACH who="1" step="1"/><E58/><REACH who="1" ten="250,160,330,240" step="2"/><V97/><F97/><W16/><G16/><T39/><D108/><U42/><AGARI ba="0,2" hai="23,27,29,42,44,49,64,67,77,78,79,88,95,98" machi="42" ten="30,18000,2" yaku="1,1,2,1,0,1,8,1,54,1,53,2" doraHai="126" doraHaiUra="63" who="1" fromWho="1" sc="250,-60,160,200,330,-60,240,-60" /><INIT seed="1,1,0,1,5,99" ten="190,360,270,180" oya="1" hai0="20,15,114,131,36,89,21,95,100,76,29,105,6" hai1="106,83,119,112,130,12,122,43,56,16,103,22,48" hai2="14,1,134,124,4,115,127,44,27,104,117,71,80" hai3="42,75,113,46,13,121,126,49,38,5,73,81,53"/><U107/><E119/><V63/><F1/><W84/><G113/><T120/><D36/><U125/><E122/><V72/><F117/><W123/><G126/><N who="2" m="48169" /><F134/><W129/><G129/><T86/><D120/><U91/><E125/><V70/><F104/><W58/><G123/><T118/><D114/><U24/><E112/><V108/><F108/><W33/><G33/><T50/><D118/><U23/><E130/><V87/><F72/><W88/><G121/><T133/><D133/><U97/><E107/><V82/><F82/><W67/><G67/><T62/><D131/><U8/><E83/><V30/><F63/><W10/><AGARI ba="1,0" hai="5,10,13,38,42,46,49,53,58,73,75,81,84,88" machi="10" ten="30,2000,0" yaku="0,1,54,1" doraHai="99" who="3" fromWho="3" sc="190,-6,360,-11,270,-6,180,23" /><INIT seed="2,0,0,5,2,105" ten="184,349,264,203" oya="2" hai0="8,75,20,131,57,104,51,102,53,83,134,44,50" hai1="90,16,92,115,106,86,5,89,38,67,15,85,18" hai2="98,61,73,25,58,120,126,12,74,100,94,108,91" hai3="125,95,2,60,22,59,34,111,10,122,68,14,114"/><V135/><F120/><W70/><G122/><T77/><D134/><U24/><E38/><V112/><F112/><W32/><G114/><T30/><D131/><U48/><E115/><V132/><F126/><W40/><G111/><T107/><D102/><U84/><E106/><V6/><F108/><W41/><G2/><T64/><D64/><U31/><E67/><V54/><F132/><W39/><G22/><T101/><D101/><U128/><E128/><V121/><F121/><W62/><G95/><T42/><D30/><U117/><E117/><V124/><F135/><W81/><G81/><T87/><D20/><U52/><E5/><V55/><F124/><W78/><G78/><T23/><D23/><U45/><E89/><V49/><F25/><W99/><G99/><T28/><D28/><U0/><E18/><V96/><F12/><W27/><G125/><T19/><D19/><U129/><E0/><V1/><F6/><W88/><G27/><T37/><D37/><U7/><E7/><V116/><F1/><W82/><G39/><T93/><D8/><U119/><E129/><V97/><F116/><W13/><G82/><T35/><D35/><U26/><E119/><V65/><F55/><W69/><G69/><T71/><D71/><U118/><E118/><V127/><F127/><W123/><G123/><T133/><D133/><U9/><E31/><V29/><F29/><W47/><G10/><T130/><D130/><U63/><E63/><V33/><F33/><W46/><G59/><T21/><D21/><U4/><E4/><V103/><F58/><W66/><G66/><RYUUKYOKU ba="0,0" sc="184,10,349,10,264,-30,203,10" hai0="42,44,50,51,53,57,75,77,83,87,93,104,107" hai1="9,15,16,24,26,45,48,52,84,85,86,90,92" hai3="13,14,32,34,40,41,46,47,60,62,68,70,88" /><INIT seed="3,1,0,5,4,94" ten="194,359,234,213" oya="3" hai0="12,80,21,62,93,90,2,119,82,72,31,15,6" hai1="64,87,71,33,118,61,116,70,53,44,134,112,110" hai2="37,39,48,127,18,69,73,57,96,68,83,89,74" hai3="128,38,107,4,99,66,135,60,122,58,17,19,132"/><W114/><G122/><T76/><D119/><N who="1" m="45611" /><E33/><V20/><F127/><W34/><G114/><T11/><D80/><U63/><E87/><V85/><F39/><W36/><G34/><T103/><D103/><U77/><E77/><V24/><F37/><W84/><G4/><T5/><D5/><U108/><E112/><V42/><F68/><W123/><G123/><T131/><D131/><U23/><E23/><V46/><F69/><N who="1" m="26121" /><E134/><N who="3" m="51242" /><G84/><T51/><D31/><U111/><E64/><V121/><F57/><W92/><G107/><T117/><D117/><U8/><E8/><V95/><REACH who="2" step="1"/><F121/><REACH who="2" ten="194,359,224,213" step="2"/><W29/><G128/><T7/><D7/><U79/><E44/><V91/><AGARI ba="1,1" hai="18,20,24,42,46,48,73,74,83,85,89,91,95,96" machi="91" ten="20,8000,1" yaku="1,1,2,1,0,1,7,1,52,1,53,0" doraHai="94" doraHaiUra="115" who="2" fromWho="2" sc="194,-21,359,-21,224,93,213,-41" /><INIT seed="4,0,0,3,5,111" ten="173,338,317,172" oya="0" hai0="6,112,49,8,125,29,123,124,97,9,89,10,129" hai1="65,72,90,79,2,130,92,108,7,17,23,96,61" hai2="98,107,80,4,68,71,88,54,119,41,45,64,42" hai3="11,122,31,120,19,16,56,82,30,94,58,53,131"/><T55/><D123/><N who="3" m="47145" /><G82/><T24/><D129/><U48/><E130/><V110/><F110/><W59/><G131/><T13/><D97/><U132/><E108/><V25/><F119/><W35/><G53/><T51/><D89/><U21/><E132/><V5/><F64/><W70/><G70/><T105/><D105/><U100/><E23/><V60/><F68/><W62/><G62/><T83/><D51/><U67/><E65/><V81/><F71/><W38/><G38/><T40/><D40/><N who="2" m="15466" /><F107/><W127/><G127/><N who="0" m="48715" /><D83/><N who="2" m="31818" /><F25/><N who="3" m="18895" /><G94/><T26/><D49/><U22/><E48/><N who="2" m="28943" /><F60/><W63/><G63/><T118/><D55/><U102/><E61/><V78/><F78/><W101/><G101/><T93/><D118/><U114/><E67/><V47/><F47/><W69/><G69/><T0/><D93/><AGARI ba="0,0" hai="4,5,88,93,98" m="28943,31818,15466" machi="93" ten="30,2000,0" yaku="8,1,54,1" doraHai="111" who="2" fromWho="0" sc="173,-20,338,0,317,20,172,0" /><INIT seed="5,0,0,1,5,29" ten="153,338,337,172" oya="1" hai0="85,57,3,80,104,102,81,65,111,96,16,6,23" hai1="32,130,45,105,14,9,44,43,132,35,38,78,36" hai2="21,87,18,131,40,122,11,2,91,69,113,17,30" hai3="55,73,93,24,90,7,134,66,53,126,127,56,82"/><U100/><E78/><V108/><F69/><W19/><G134/><T84/><D111/><U37/><E132/><V94/><F108/><W88/><G7/><T64/><D3/><U133/><E133/><V42/><F122/><W79/><G66/><T135/><D6/><U28/><E28/><V77/><F131/><W70/><G70/><T47/><D135/><U106/><E130/><V76/><F113/><W13/><G24/><T34/><D34/><U52/><E52/><V68/><F68/><W118/><G118/><T71/><D71/><U61/><E61/><V63/><F63/><W117/><G117/><T95/><D104/><U109/><E109/><V27/><F2/><W121/><G121/><T0/><D0/><U25/><E25/><V107/><F107/><W74/><G74/><T62/><D47/><U128/><E128/><V99/><F11/><W58/><G55/><T98/><D98/><U4/><E106/><V22/><F30/><W125/><G53/><T116/><D116/><U51/><REACH who="1" step="1"/><E45/><REACH who="1" ten="153,328,337,172" step="2"/><V50/><F77/><W5/><G127/><T59/><D64/><U72/><E72/><V75/><F75/><W83/><G79/><T115/><D115/><U67/><E67/><V92/><F76/><W124/><G73/><T1/><D59/><U10/><E10/><V31/><F22/><W119/><G119/><T101/><D57/><U20/><E20/><V86/><F42/><W123/><G126/><T114/><D23/><U41/><E41/><V60/><F60/><W97/><G125/><T8/><D65/><U120/><E120/><V54/><F40/><RYUUKYOKU ba="0,1" sc="153,-10,328,30,337,-10,172,-10" hai1="4,9,14,32,35,36,37,38,43,44,51,100,105" /><INIT seed="5,1,1,1,5,68" ten="143,358,327,162" oya="1" hai0="52,45,130,109,92,73,87,74,85,65,19,125,83" hai1="57,31,34,133,55,78,35,5,101,79,119,91,107" hai2="48,39,112,110,84,80,81,54,43,42,49,94,64" hai3="102,20,58,14,116,70,24,93,12,113,47,17,90"/><U37/><E119/><V77/><F110/><W89/><G70/><T95/><D109/><U16/><E5/><V124/><F124/><W46/><G113/><T41/><D125/><U123/><E123/><V82/><F112/><W32/><G102/><T62/><D130/><U69/><E69/><V63/><F49/><W60/><G116/><T38/><D74/><U15/><E35/><V118/><F118/><W51/><G32/><T132/><D73/><U66/><E66/><V23/><F23/><W86/><G90/><T72/><D72/><U96/><E37/><V106/><F106/><W9/><G51/><T59/><D132/><U30/><E133/><V44/><F94/><W13/><REACH who="3" step="1"/><G9/><REACH who="3" ten="143,358,327,152" step="2"/><T61/><D85/><U105/><E91/><V10/><F10/><W134/><G134/><T117/><D117/><U103/><E34/><V75/><F75/><W56/><G56/><T97/><D97/><U2/><E79/><V135/><F135/><W121/><G121/><T22/><D87/><U27/><E78/><V7/><F77/><W122/><G122/><T131/><D131/><U25/><E103/><V128/><F128/><W53/><AGARI ba="1,2" hai="12,13,14,17,20,24,46,47,53,58,60,86,89,93" machi="53" ten="30,12000,2" yaku="1,1,0,1,8,1,53,3" doraHai="68" doraHaiUra="11" who="3" fromWho="3" sc="143,-31,358,-61,327,-31,152,143" /><INIT seed="6,0,0,2,5,103" ten="112,297,296,295" oya="2" hai0="48,44,127,116,7,119,51,56,54,66,93,105,6" hai1="42,22,10,113,86,30,124,23,19,117,104,80,131" hai2="72,90,123,79,83,50,108,61,26,76,40,134,87" hai3="74,41,12,25,82,4,130,29,63,18,97,31,11"/><V5/><F123/><W85/><G130/><T9/><D127/><U52/><E131/><V106/><F108/><W47/><G74/><T58/><D119/><U15/><E117/><V13/><F134/><W68/><G97/><T45/><D116/><U96/><E42/><V46/><F106/><W0/><G68/><T21/><D105/><U28/><E124/><V16/><F72/><W92/><G63/><T35/><D35/><U71/><E71/><V107/><F107/><W60/><G60/><T75/><D75/><U129/><E129/><V84/><F61/><W32/><G92/><T34/><D34/><U102/><E52/><V99/><F99/><W2/><G31/><T69/><D69/><U70/><E113/><V1/><F1/><W64/><G18/><T81/><D66/><U126/><E70/><V3/><F3/><W133/><G133/><T59/><D9/><U121/><E121/><V65/><F65/><W91/><REACH who="3" step="1"/><G64/><REACH who="3" ten="112,297,296,285" step="2"/><T101/><D81/><U120/><E126/><V14/><F87/><W37/><AGARI ba="0,1" hai="0,2,4,11,12,25,29,32,37,41,47,82,85,91" machi="37" ten="20,8000,1" yaku="1,1,2,1,0,1,7,1,53,1" doraHai="103" doraHaiUra="8" who="3" fromWho="3" sc="112,-20,297,-20,296,-40,285,90" /><INIT seed="7,0,0,3,0,89" ten="92,277,256,375" oya="3" hai0="24,6,123,15,53,113,93,21,99,76,33,90,86" hai1="106,114,100,95,135,125,131,48,70,108,42,2,109" hai2="96,4,38,7,73,47,63,41,92,29,85,51,58" hai3="67,3,133,64,11,107,104,8,87,10,34,59,72"/><W66/><G72/><T84/><D123/><U103/><E70/><V75/><F75/><W134/><G34/><T97/><D113/><U83/><E2/><V27/><F73/><W54/><G87/><T37/><D33/><U81/><E48/><V44/><F85/><W0/><G54/><T77/><D37/><U101/><E42/><V20/><F47/><W124/><G59/><T128/><D128/><U68/><E68/><V17/><F38/><W60/><G60/><T130/><D130/><U12/><E12/><V129/><F129/><W39/><G124/><T22/><D6/><U49/><E49/><V91/><REACH who="2" step="1"/><F29/><REACH who="2" ten="92,277,246,375" step="2"/><W40/><G39/><T1/><D1/><N who="3" m="585" /><G40/><T94/><D15/><U132/><E131/><V55/><AGARI ba="0,1" hai="4,7,17,20,27,41,44,51,55,58,63,91,92,96" machi="55" ten="20,12000,2" yaku="1,1,0,1,7,1,25,2,8,1,52,1,53,0" doraHai="89" doraHaiUra="32" who="2" fromWho="2" sc="92,-30,277,-30,246,130,375,-60" owari="62,-44.0,247,-15.0,376,47.0,315,12.0" /></mjloggm>