<mjloggm ver="2.3"><GO type="41"/><UN n0="%E3%82%A6%E3%83%AB%E3%83%88%E3%83%A9%E7%AB%8B%E7%9B%B4" n1="%78%65%69%6F%6E" n2="%E3%81%B0%E3%81%B0%E3%81%A7%E3%81%99" n3="%E3%82%82%E3%81%88%E3%81%A3%E3%81%8F%E3%81%99" dan="15,13,13,15" rate="1954,1880,1835,2041" sx="M,M,M,M"/><TAIKYOKU oya="0"/><INIT seed="0,0,0,4,4,5" ten="250,250,250,250" oya="0" hai0="40,82,134,28,7,21,130,111,120,129,27,71,95" hai1="112,100,132,110,93,64,14,89,52,30,66,65,107" hai2="56,77,61,80,53,0,37,18,69,19,74,12,124" hai3="92,128,25,83,114,102,109,101,97,72,2,54,9"/><T103/><D71/><U87/><E30/><V126/><F0/><W43/><G114/><T13/><D120/><U117/><E117/><V62/><F37/><W122/><G122/><T15/><D82/><U135/><E112/><V98/><F98/><W49/><G43/><T70/><D70/><U1/><E1/><V99/><F99/><W47/><G128/><N who="0" m="49259" /><D95/><U24/><E24/><V23/><F19/><W73/><G109/><T8/><D103/><U88/><E110/><V91/><F91/><W118/><G118/><T16/><D40/><U113/><E113/><V79/><F77/><W10/><G2/><T36/><D36/><U34/><E34/><V86/><F74/><W68/><G68/><T35/><D111/><U42/><E42/><V85/><F69/><W104/><G104/><T115/><D115/><U116/><E116/><V105/><F105/><W45/><G45/><T32/><D134/><N who="1" m="51243" /><E107/><V6/><F86/><W96/><G73/><T3/><D3/><U119/><E119/><V133/><F133/><W108/><G108/><T46/><D46/><U59/><E100/><V81/><F79/><W48/><G72/><T75/><D75/><U41/><E41/><V67/><F67/><W33/><G83/><T31/><D31/><U84/><E14/><V38/><F80/><W58/><G49/><T22/><AGARI ba="0,0" hai="7,8,13,15,16,21,22,27,28,32,35" m="49259" machi="22" ten="30,12000,1" yaku="19,1,34,2,52,1,54,1" doraHai="5" who="0" fromWho="0" sc="250,120,250,-40,250,-40,250,-40" /><INIT seed="0,1,0,4,3,112" ten="370,210,210,210" oya="0" hai0="102,86,97,131,129,110,70,87,43,79,103,108,114" hai1="72,27,62,21,28,66,68,111,89,46,118,115,92" hai2="53,34,132,93,42,54,99,96,20,135,6,49,83" hai3="30,74,45,84,7,116,15,16,41,82,26,78,90"/><T40/><D70/><U2/><E2/><V94/><F34/><W60/><G60/><T29/><D29/><U56/><E72/><V12/><F42/><W88/><G7/><T23/><D23/><U44/><E115/><V120/><F120/><W75/><G75/><T50/><D50/><U32/><E111/><N who="0" m="42537" /><D114/><U17/><E118/><V106/><F106/><W35/><G116/><T57/><D57/><U47/><E68/><V95/><F83/><W3/><G3/><T13/><D13/><U69/><E69/><V126/><F20/><W73/><G73/><T33/><D33/><U105/><E105/><V98/><F126/><W76/><G76/><T130/><D79/><U117/><E117/><V24/><F24/><W77/><G77/><T100/><D97/><U36/><E36/><V61/><F49/><W64/><G64/><T63/><D63/><U80/><E80/><V19/><F61/><W127/><G127/><T51/><D51/><U71/><E71/><V113/><F113/><W101/><G101/><T25/><D25/><U52/><E32/><V119/><F6/><W39/><G74/><T123/><D123/><U5/><E5/><V85/><F119/><W58/><G58/><T134/><D134/><N who="2" m="51242" /><F85/><AGARI ba="1,0" hai="40,43,85,86,87,100,102,103,129,130,131" m="42537" machi="85" ten="40,12000,1" yaku="28,2,19,1,14,1,10,1" doraHai="112" who="0" fromWho="2" sc="370,123,210,0,210,-123,210,0" /><INIT seed="0,2,0,1,0,129" ten="493,210,87,210" oya="0" hai0="131,82,53,86,69,1,35,130,59,135,7,30,15" hai1="133,94,3,13,55,21,43,34,77,37,115,44,12" hai2="97,79,74,0,134,123,29,45,32,102,27,5,93" hai3="106,70,16,85,120,119,52,22,60,128,40,75,132"/><T113/><D69/><U99/><E34/><V6/><F123/><W62/><G75/><T96/><D96/><U108/><E115/><V116/><F116/><W28/><G106/><T127/><D1/><U24/><E108/><V125/><F125/><W61/><G70/><T36/><D36/><U23/><E77/><V20/><F45/><W72/><G72/><T2/><D2/><U110/><E3/><V11/><F6/><W103/><G103/><T73/><D73/><U50/><E110/><V89/><F20/><W8/><G119/><T10/><D30/><U111/><E21/><V107/><F93/><W51/><G120/><T68/><D35/><U47/><E111/><V42/><F89/><W33/><G33/><T105/><D68/><U87/><E87/><V80/><F42/><W124/><G124/><T91/><D105/><U92/><E92/><V54/><F54/><W17/><G40/><T100/><D100/><U83/><E83/><V14/><F14/><W26/><G128/><N who="0" m="49195" /><D113/><U4/><E4/><V57/><F57/><W81/><G132/><AGARI ba="2,0" hai="0,5,11,27,29,32,74,79,80,97,102,107,132,134" machi="132" ten="40,8000,1" yaku="23,2,52,2" doraHai="129" who="2" fromWho="3" sc="493,0,210,0,87,86,210,-86" /><INIT seed="1,0,0,1,3,104" ten="493,210,173,124" oya="1" hai0="16,52,124,121,3,80,72,54,29,79,38,130,83" hai1="57,33,62,24,113,47,106,108,92,48,103,7,131" hai2="22,23,134,105,102,91,19,13,96,129,39,50,135" hai3="0,41,107,46,2,63,30,116,125,10,88,101,98"/><U37/><E37/><V68/><F39/><W4/><G116/><T111/><D29/><U90/><E7/><V109/><F68/><W74/><G125/><T99/><D3/><U11/><E113/><V100/><F109/><W95/><G30/><T122/><D38/><U64/><E11/><V45/><F129/><W25/><G25/><T9/><D111/><U31/><E108/><V1/><F1/><W15/><G63/><T73/><D99/><U5/><E5/><V44/><F102/><W82/><G46/><N who="2" m="18025" /><F50/><W26/><G26/><T56/><D124/><U40/><E131/><V126/><F91/><W114/><G41/><T66/><D66/><U97/><E106/><V49/><F49/><W61/><G61/><T58/><D130/><U133/><E133/><N who="2" m="50699" /><F126/><W76/><G114/><T35/><D35/><U27/><E27/><V60/><F60/><W67/><G67/><T6/><D6/><U34/><E90/><V119/><F119/><W132/><G132/><T123/><D56/><U120/><E120/><V94/><F105/><W53/><G53/><T87/><D58/><U21/><AGARI ba="0,0" hai="21,24,31,33,34,40,47,48,57,62,64,92,97,103" machi="21" ten="20,7800,0" yaku="0,1,7,1,25,2" doraHai="104" who="1" fromWho="1" sc="493,-26,210,78,173,-26,124,-26" /><INIT seed="1,1,0,5,1,5" ten="467,288,147,98" oya="1" hai0="121,43,22,134,88,106,9,54,2,26,58,96,115" hai1="44,6,63,93,109,75,73,133,3,13,4,77,35" hai2="17,70,122,52,41,61,99,130,67,25,97,15,108" hai3="87,98,8,81,74,90,80,103,18,69,68,53,79"/><U135/><E35/><V62/><F122/><W1/><G53/><T128/><D106/><U129/><E63/><V100/><F108/><W28/><G28/><T40/><D128/><U125/><E129/><V19/><F130/><W116/><G116/><T71/><D134/><U38/><E109/><V48/><F41/><W14/><REACH who="3" step="1"/><G1/><REACH who="3" ten="467,288,147,88" step="2"/><T94/><D2/><U86/><E125/><V12/><F52/><W56/><G56/><T16/><D71/><U82/><E3/><V33/><F70/><W59/><G59/><T110/><D110/><U32/><E32/><V113/><F33/><W64/><G64/><T107/><D121/><U101/><E133/><V20/><F67/><W95/><AGARI ba="1,1" hai="8,14,18,68,69,74,79,80,81,87,90,95,98,103" machi="95" ten="20,5200,0" yaku="1,1,0,1,7,1,52,1,53,0" doraHai="5" doraHaiUra="102" who="3" fromWho="3" sc="467,-14,288,-27,147,-14,88,65" /><INIT seed="2,0,0,0,4,39" ten="453,261,133,153" oya="2" hai0="120,45,40,78,13,60,107,30,106,66,119,54,51" hai1="6,48,57,35,14,111,31,71,19,3,130,27,12" hai2="125,70,0,95,80,115,53,63,88,96,90,118,93" hai3="76,43,77,23,75,127,36,21,114,52,79,29,34"/><V22/><F0/><W133/><G75/><T113/><D113/><U81/><E71/><V108/><F118/><W82/><G114/><T109/><D120/><U68/><E68/><V15/><F115/><W44/><G133/><T46/><D109/><U128/><E111/><V98/><F108/><W65/><G65/><T20/><D78/><U116/><E81/><V126/><F80/><W18/><G127/><N who="2" m="48649" /><F70/><W55/><G82/><T99/><D106/><U26/><E57/><N who="2" m="35247" /><F15/><W42/><G34/><T50/><D119/><U61/><E48/><V41/><F22/><W7/><G7/><T24/><D13/><U2/><E61/><V32/><F32/><W74/><G74/><T28/><D107/><U59/><E59/><V100/><F41/><N who="3" m="15371" /><G36/><T122/><D122/><U62/><E62/><V33/><F33/><W37/><G37/><T134/><D60/><U47/><E47/><V123/><F123/><W121/><G121/><T67/><D134/><U103/><E103/><AGARI ba="0,0" hai="88,90,93,95,96,98,100,103" m="35247,48649" machi="103" ten="30,2900,0" yaku="18,1,54,1" doraHai="39" who="2" fromWho="1" sc="453,0,261,-29,133,29,153,0" /><INIT seed="2,1,0,1,5,56" ten="453,232,162,153" oya="2" hai0="15,21,69,20,128,23,59,85,16,47,24,100,122" hai1="38,77,61,63,2,113,73,29,79,108,105,78,109" hai2="70,106,44,37,72,76,27,129,64,22,41,1,42" hai3="53,112,43,36,97,65,118,96,46,84,8,75,119"/><V115/><F115/><W55/><G75/><T40/><D69/><U48/><E105/><V14/><F41/><W107/><G107/><T102/><D122/><U17/><E2/><V49/><F14/><W51/><G84/><T98/><D85/><U60/><E29/><V66/><F22/><W93/><G8/><T52/><D128/><U12/><E48/><V13/><F13/><W123/><G97/><T11/><D98/><U6/><E6/><V104/><F64/><W90/><G123/><T34/><D34/><U99/><E38/><V32/><F49/><W124/><G112/><T83/><D83/><U131/><E113/><V33/><F129/><W135/><G124/><T127/><D127/><U121/><E131/><V35/><F1/><W26/><G26/><T89/><D89/><U25/><E121/><V19/><F19/><W120/><G120/><T80/><D80/><U3/><E3/><V134/><F27/><W31/><G31/><T0/><D0/><U95/><E25/><V125/><F134/><W39/><G135/><T130/><D130/><U111/><E73/><V4/><F4/><W10/><G10/><T28/><D28/><U88/><E78/><V82/><F125/><W116/><REACH who="3" step="1"/><G65/><REACH who="3" ten="453,232,162,143" step="2"/><T50/><D24/><U101/><REACH who="1" step="1"/><E101/><REACH who="1" ten="453,222,162,143" step="2"/><V18/><REACH who="2" step="1"/><F18/><REACH who="2" ten="453,222,152,143" step="2"/><W87/><G87/><T57/><D16/><U71/><E71/><V132/><F132/><W30/><G30/><T67/><D15/><U9/><AGARI ba="1,3" hai="9,12,17,60,61,63,77,79,88,95,99,108,109,111" machi="9" ten="40,16000,3" yaku="1,1,0,1,14,1,52,3,54,1,53,3" doraHai="56" doraHaiUra="58" who="1" fromWho="1" sc="453,-41,222,193,152,-81,143,-41" /><INIT seed="3,0,0,5,5,115" ten="412,415,71,102" oya="3" hai0="18,117,84,126,105,123,97,125,74,122,131,61,112" hai1="56,35,16,57,116,44,24,40,83,49,17,55,113" hai2="53,0,22,20,85,124,111,92,26,69,135,43,67" hai3="11,98,38,81,21,60,110,4,65,82,71,87,104"/><W6/><G110/><T10/><D61/><U15/><E113/><V41/><F111/><W108/><G108/><T7/><D112/><U48/><E35/><V19/><F0/><W119/><G119/><T54/><D54/><U64/><E116/><V5/><F124/><N who="0" m="47722" /><D18/><U102/><E102/><V33/><F135/><W46/><G6/><T80/><D10/><U73/><E73/><V129/><F5/><W128/><G128/><T23/><D23/><N who="1" m="13415" /><E83/><V42/><F33/><W50/><G38/><T30/><D30/><U37/><E37/><V14/><F129/><W59/><G71/><T88/><D7/><U68/><E68/><V127/><F127/><W28/><G104/><T3/><D3/><U47/><E64/><V77/><F67/><W75/><G75/><T2/><D2/><U107/><E107/><V9/><F69/><W118/><G118/><T58/><D117/><U96/><E96/><V52/><F22/><AGARI ba="0,0" hai="15,17,22,40,44,47,48,49,55,56,57" m="13415" machi="22" ten="30,2000,0" yaku="8,1,54,1" doraHai="115" who="1" fromWho="2" sc="412,0,415,20,71,-20,102,0" /><INIT seed="4,0,0,0,2,55" ten="412,435,51,102" oya="0" hai0="114,102,21,100,133,25,41,117,116,98,24,50,14" hai1="81,67,89,123,19,115,78,64,93,119,82,40,104" hai2="59,11,71,36,131,7,118,62,31,106,74,33,134" hai3="13,26,1,121,72,130,65,51,29,30,80,79,125"/><T48/><D133/><U42/><E104/><V111/><RYUUKYOKU type="yao9" ba="0,0" sc="412,0,435,0,51,0,102,0" hai2="7,11,31,33,36,59,62,71,74,106,111,118,131,134" /><INIT seed="4,1,0,2,5,47" ten="412,435,51,102" oya="0" hai0="117,94,55,9,25,35,6,90,89,63,20,50,78" hai1="86,44,74,64,67,43,65,72,83,131,22,133,120" hai2="76,114,109,123,116,84,110,18,58,62,5,37,95" hai3="70,71,11,34,29,96,2,85,130,40,24,88,49"/><T41/><D78/><U100/><E100/><V52/><F114/><W10/><G130/><T82/><D35/><U66/><E131/><V39/><F123/><W103/><G2/><T48/><D117/><U118/><E118/><V21/><F5/><W12/><G11/><T57/><D41/><U105/><E105/><V101/><F116/><W30/><G30/><T14/><D82/><U127/><E120/><V104/><F104/><W33/><G33/><T23/><D23/><U115/><E115/><V46/><F101/><W119/><G119/><T128/><D128/><U60/><E133/><V126/><F126/><W73/><G73/><T102/><D102/><U122/><E127/><V80/><F95/><W32/><G32/><T99/><D90/><U112/><E112/><V77/><F77/><W121/><G121/><T28/><AGARI ba="1,0" hai="6,9,14,20,25,28,48,50,55,57,63,89,94,99" machi="28" ten="20,12000,1" yaku="0,1,7,1,8,1,52,2" doraHai="47" who="0" fromWho="0" sc="412,123,435,-41,51,-41,102,-41" /><INIT seed="4,2,0,4,4,116" ten="535,394,10,61" oya="0" hai0="56,102,3,101,99,8,128,15,104,10,124,13,88" hai1="119,17,32,26,19,129,22,133,114,94,34,135,63" hai2="49,23,65,21,48,109,64,59,131,30,80,1,58" hai3="84,93,39,52,7,54,70,113,9,97,72,127,98"/><T107/><D3/><U2/><E63/><V73/><F1/><W28/><G72/><T92/><D56/><N who="2" m="21546" /><F73/><W112/><G70/><T4/><D124/><U25/><E94/><V82/><F109/><W81/><G39/><T6/><D128/><U33/><E119/><V95/><F95/><W5/><G127/><T16/><D16/><U24/><E129/><V110/><F110/><W96/><G28/><T118/><D118/><U43/><E43/><V134/><F131/><W40/><G40/><T51/><D51/><N who="2" m="19530" /><F134/><N who="1" m="51209" /><E114/><N who="3" m="44138" /><G93/><T123/><D123/><U125/><E125/><V29/><F29/><W55/><G9/><T121/><D121/><U89/><E89/><AGARI ba="2,0" hai="5,7,52,54,55,81,84,89,96,97,98" m="44138" machi="89" ten="40,2600,0" yaku="15,1,54,1" doraHai="116" who="3" fromWho="1" sc="535,0,394,-32,10,0,61,32" /><INIT seed="5,0,0,3,4,26" ten="535,362,10,93" oya="1" hai0="112,71,54,104,22,69,7,59,16,49,80,36,82" hai1="105,38,76,68,31,39,61,98,96,79,97,0,120" hai2="18,85,37,131,32,45,9,14,129,48,5,87,11" hai3="3,123,94,119,34,62,29,30,66,81,111,126,88"/><U116/><E0/><V127/><F32/><W56/><G34/><T28/><D104/><U23/><E120/><V64/><F64/><W118/><G3/><T108/><D36/><U125/><E116/><N who="3" m="44586" /><G111/><T2/><D71/><U128/><E128/><N who="2" m="49227" /><F127/><W95/><G126/><T77/><D69/><U1/><E125/><V35/><F35/><W134/><G123/><T58/><D7/><U65/><E1/><N who="2" m="175" /><F37/><W106/><G106/><T135/><D2/><U40/><E39/><V89/><F89/><W102/><G134/><T70/><D70/><U44/><REACH who="1" step="1"/><E105/><REACH who="1" ten="535,352,10,93" step="2"/><V133/><F133/><W33/><G33/><T13/><D135/><U107/><E107/><V74/><F74/><W19/><G19/><T55/><D16/><U27/><AGARI ba="0,1" hai="23,27,31,38,40,44,61,65,68,76,79,96,97,98" machi="27" ten="30,11700,0" yaku="1,1,0,1,52,1,53,1" doraHai="26" doraHaiUra="41" who="1" fromWho="1" sc="535,-39,352,127,10,-39,93,-39" owari="496,60.0,479,28.0,-29,-53.0,54,-35.0" /></mjloggm>