<mjloggm ver="2.3"><GO type="169"/><UN n0="%EF%BC%88%E2%89%A7%E2%96%BD%E2%89%A6%EF%BC%89" n1="%6B%61%69%6B%6F%75%37" n2="%E3%83%AD%E3%83%AA%E3%83%BC%E3%82%BF%E3%81%AA%E7%84%BC%E8%82%89" n3="%E7%8B%AC%E6%AD%A9" dan="18,16,16,18" rate="2191,2134,2087,2198" sx="M,F,M,M"/><TAIKYOKU oya="0"/><INIT seed="0,0,0,5,4,123" ten="250,250,250,250" oya="0" hai0="50,25,115,35,100,51,7,78,34,103,23,96,53" hai1="55,69,30,71,107,57,61,62,91,117,52,31,124" hai2="116,85,21,0,49,130,11,39,26,2,99,114,84" hai3="46,43,112,126,63,54,42,64,4,121,77,89,95"/><T28/><D115/><U110/><E107/><V113/><F39/><W20/><G112/><T73/><D7/><U19/><E117/><V32/><F116/><W65/><G77/><T75/><D50/><U133/><E133/><V122/><F122/><W16/><G4/><T82/><D75/><U6/><E110/><V98/><F130/><W48/><G126/><T60/><D60/><U47/><E124/><V118/><F118/><W17/><G17/><T3/><D3/><U86/><E6/><V105/><F32/><W5/><G5/><T68/><D68/><U104/><E104/><V70/><F70/><W108/><G108/><T38/><D38/><U24/><E69/><V81/><F105/><W18/><G18/><T106/><REACH who="0" step="1"/><D103/><REACH who="0" ten="240,250,250,250" step="2"/><U74/><E71/><V40/><F2/><W128/><G121/><T29/><D29/><U134/><E74/><V102/><F0/><W36/><G128/><T33/><D33/><U79/><E134/><V13/><F114/><W59/><G36/><T27/><D27/><U66/><E62/><V22/><F26/><N who="3" m="14599" /><G42/><T8/><D8/><U90/><E31/><V97/><F11/><W14/><G14/><T10/><D10/><U1/><E1/><V131/><F13/><W127/><G127/><T132/><D132/><U125/><E125/><V37/><F113/><W76/><G76/><T120/><D120/><U44/><E30/><V92/><F131/><W56/><G56/><AGARI ba="0,1" hai="23,25,28,34,35,51,53,56,73,78,82,96,100,106" machi="56" ten="30,2900,0" yaku="1,1,7,1,53,0" doraHai="123" doraHaiUra="9" who="0" fromWho="3" sc="240,39,250,0,250,0,250,-29" /><INIT seed="0,1,0,0,3,65" ten="279,250,250,221" oya="0" hai0="45,111,38,112,61,110,117,87,33,49,114,17,120" hai1="21,15,104,126,95,46,47,78,107,34,36,51,113" hai2="81,16,9,70,88,53,58,31,79,91,98,99,108" hai3="14,68,125,71,18,132,97,30,44,0,84,102,54"/><T75/><D75/><U63/><E36/><V106/><F108/><N who="0" m="41514" /><D33/><U135/><E135/><V90/><F70/><W128/><G0/><T3/><D3/><U37/><E126/><V72/><F31/><W101/><G132/><T24/><D87/><U134/><E134/><V67/><F67/><W121/><G125/><T86/><D86/><U2/><E34/><V116/><F116/><W52/><G30/><T6/><D6/><U40/><E2/><V39/><F39/><W93/><G121/><T94/><D94/><U50/><E78/><V32/><F32/><W27/><G27/><T41/><D120/><U129/><E129/><V8/><F106/><W56/><G102/><T7/><D7/><U5/><E113/><N who="0" m="43625" /><D117/><U11/><E95/><V130/><F130/><W60/><G84/><T103/><D103/><U123/><E123/><V85/><F72/><W42/><G128/><T115/><N who="0" m="43633" /><T26/><DORA hai="1" /><D61/><U43/><E63/><N who="2" m="36303" /><F8/><W124/><G124/><T80/><D80/><U55/><E21/><V77/><F79/><W13/><G54/><N who="0" m="29999" /><D17/><U62/><E62/><V12/><AGARI ba="1,0" hai="9,12,16,77,81,85,88,90,91,98,99" m="36303" machi="12" ten="30,4000,0" yaku="8,1,54,2" doraHai="65,1" who="2" fromWho="2" sc="279,-21,250,-11,250,43,221,-11" /><INIT seed="1,0,0,5,1,45" ten="258,239,293,210" oya="1" hai0="9,46,50,134,130,55,76,72,81,49,47,57,53" hai1="85,56,119,78,3,12,114,97,54,88,89,102,106" hai2="101,135,8,93,69,118,13,107,131,86,112,58,48" hai3="19,31,44,115,7,113,14,43,103,122,39,74,128"/><U42/><E3/><V4/><F118/><W10/><G122/><T66/><D134/><U129/><E119/><V120/><F69/><W83/><G128/><T73/><D130/><U25/><E129/><V64/><F131/><W125/><G125/><T24/><D24/><U63/><E114/><V79/><F120/><W91/><G31/><T29/><D29/><U70/><E70/><V100/><F112/><W110/><G103/><T20/><D20/><U95/><E42/><V77/><F107/><W27/><G110/><T123/><D123/><U28/><E12/><V126/><F135/><W33/><G33/><T82/><D9/><U75/><E75/><V90/><F126/><W36/><G36/><T2/><D2/><U111/><E111/><V26/><F26/><W96/><G96/><T16/><D16/><U38/><E38/><V17/><F17/><W40/><G40/><T133/><D133/><U87/><E78/><N who="2" m="29707" /><F64/><W51/><G39/><T1/><D76/><U109/><E109/><V80/><F80/><W61/><G74/><T68/><D68/><U30/><REACH who="1" step="1"/><E25/><REACH who="1" ten="258,229,293,210" step="2"/><V18/><F4/><W98/><G115/><T94/><D1/><U37/><E37/><V15/><F15/><W32/><G113/><T92/><D73/><U52/><E52/><AGARI ba="0,1" hai="8,13,18,48,52,58,86,90,93,100,101" m="29707" machi="52" ten="30,3900,0" yaku="8,1,52,1,54,1" doraHai="45" who="2" fromWho="1" sc="258,0,229,-39,293,49,210,0" /><INIT seed="2,0,0,1,0,70" ten="258,190,342,210" oya="2" hai0="120,14,22,65,17,63,107,16,86,109,75,37,19" hai1="13,46,7,132,112,44,27,54,123,10,83,94,91" hai2="85,134,20,39,82,2,124,105,69,4,131,95,23" hai3="104,74,122,57,88,90,12,52,84,1,111,60,97"/><V55/><F105/><W29/><G74/><T48/><D75/><U117/><E123/><V125/><F69/><W98/><G1/><T87/><D107/><U34/><E132/><V126/><F134/><W80/><G122/><T129/><D120/><U68/><E117/><V100/><F131/><W40/><G111/><T108/><D129/><U18/><E112/><V56/><F39/><W47/><G104/><T73/><D73/><U50/><E68/><V43/><F43/><W135/><G135/><T59/><D37/><U38/><E83/><V92/><F4/><W102/><G102/><T99/><D99/><U15/><E34/><V116/><F2/><W71/><G71/><T9/><D48/><U119/><E119/><V28/><F116/><W114/><G114/><T26/><REACH who="0" step="1"/><D19/><REACH who="0" ten="248,190,342,210" step="2"/><U115/><E115/><V49/><F28/><W8/><G29/><T32/><D32/><U31/><E38/><V61/><F49/><N who="3" m="26855" /><G90/><T67/><D67/><U41/><E41/><V128/><F128/><W35/><G35/><T78/><D78/><U53/><E44/><V79/><F100/><W42/><G42/><T72/><D72/><U106/><E106/><V33/><F33/><W110/><G110/><AGARI ba="0,1" hai="9,14,16,17,22,26,59,63,65,86,87,108,109,110" machi="110" ten="40,5200,0" yaku="1,1,14,1,54,1,53,0" doraHai="70" doraHaiUra="30" who="0" fromWho="3" sc="248,62,190,0,342,0,210,-52" /><INIT seed="3,0,0,0,4,20" ten="310,190,342,158" oya="3" hai0="36,92,28,23,76,26,34,87,0,106,113,65,116" hai1="74,61,7,129,63,9,38,119,22,127,108,86,89" hai2="56,115,72,123,1,5,50,102,125,101,114,10,18" hai3="104,99,118,49,134,96,67,54,112,69,77,51,40"/><W135/><G118/><T45/><D106/><U15/><E38/><V35/><F72/><W80/><G112/><T73/><D116/><U37/><E37/><V66/><F35/><W25/><G69/><T131/><D113/><U58/><E74/><V98/><F125/><W109/><G67/><T43/><D131/><U24/><E108/><V44/><F123/><W27/><G109/><T111/><D111/><U71/><E129/><V81/><F81/><W83/><G40/><T33/><D0/><U30/><E127/><V31/><F31/><W68/><G68/><T64/><D73/><U62/><E71/><V55/><F18/><W3/><G3/><T91/><D76/><U2/><E119/><V90/><F90/><W126/><G126/><T70/><REACH who="0" step="1"/><D65/><REACH who="0" ten="300,190,342,158" step="2"/><U19/><E2/><N who="2" m="311" /><F66/><W42/><G42/><T52/><D52/><N who="1" m="33991" /><E7/><V88/><F55/><W110/><G110/><T16/><D16/><U122/><E122/><V105/><F1/><W128/><G128/><T100/><D100/><U120/><E120/><V97/><F102/><W95/><G54/><T84/><D84/><U41/><E41/><V117/><F101/><W78/><G95/><AGARI ba="0,1" hai="9,15,19,22,24,30,62,63,86,89,95" m="33991" machi="95" ten="30,3900,0" yaku="8,1,52,1,54,1" doraHai="20" who="1" fromWho="3" sc="300,0,190,49,342,0,158,-39" /><INIT seed="4,0,0,0,4,34" ten="300,239,342,119" oya="0" hai0="118,120,121,63,87,52,4,125,8,114,61,117,55" hai1="22,124,129,48,51,44,93,46,111,9,50,82,31" hai2="126,101,56,20,104,116,112,96,66,94,128,72,27" hai3="108,81,24,13,17,0,16,85,68,19,105,88,71"/><T84/><D8/><U86/><E111/><V15/><F72/><W12/><G108/><T36/><D36/><U65/><E129/><V32/><F32/><W3/><G105/><T103/><D103/><U2/><E124/><V131/><F126/><W57/><G24/><T38/><D125/><U83/><E65/><V64/><F116/><W97/><G97/><T77/><D4/><U59/><E59/><V43/><F112/><W35/><G35/><T18/><D18/><U78/><E93/><V54/><F43/><W62/><G13/><T99/><D99/><U74/><E31/><N who="2" m="17895" /><F15/><W76/><G12/><T42/><D42/><U92/><E92/><V1/><F104/><W102/><G102/><T25/><D25/><U70/><E22/><V127/><F1/><W90/><G90/><T47/><D47/><U14/><E70/><V98/><F98/><W134/><G134/><T26/><D26/><U69/><E2/><V41/><F41/><W115/><G115/><T73/><D114/><U5/><E69/><V28/><F28/><W122/><G122/><T89/><D38/><U132/><E132/><V106/><F106/><W40/><G40/><T7/><D73/><U30/><E30/><V45/><F45/><W67/><G71/><T119/><D119/><U123/><REACH who="1" step="1"/><E123/><REACH who="1" ten="300,229,342,119" step="2"/><V60/><F127/><W33/><G33/><T110/><D110/><U107/><E107/><V135/><F135/><W95/><G68/><T91/><D7/><U21/><E21/><V80/><F80/><W130/><G130/><AGARI ba="0,1" hai="54,56,60,64,66,94,96,101,128,130,131" m="17895" machi="130" ten="30,1000,0" yaku="19,1" doraHai="34" who="2" fromWho="3" sc="300,0,229,0,342,20,119,-10" /><INIT seed="5,0,0,4,2,35" ten="300,229,362,109" oya="1" hai0="80,18,64,95,13,60,39,10,61,88,108,93,107" hai1="57,120,131,104,118,17,23,82,76,65,40,48,50" hai2="42,38,109,94,129,7,128,43,52,106,127,79,15" hai3="45,47,123,78,30,91,98,77,4,70,8,126,85"/><U121/><E104/><V89/><F106/><W21/><G70/><T105/><D39/><U133/><E118/><V135/><F109/><W63/><G123/><T59/><D108/><U14/><E133/><V114/><F135/><W27/><G126/><T111/><D111/><U31/><E131/><N who="2" m="50251" /><F127/><W99/><G63/><T116/><D116/><U16/><E31/><V56/><F79/><W37/><G78/><T33/><D33/><U51/><E40/><V24/><F24/><W134/><G77/><T71/><D107/><U69/><E69/><V117/><F38/><W55/><G134/><T11/><D105/><U9/><E65/><V87/><F114/><W53/><G45/><T34/><D34/><U122/><E57/><V44/><F44/><W19/><G30/><T36/><D36/><U0/><E0/><V115/><F115/><W74/><G74/><T25/><D25/><U119/><E119/><V41/><F117/><W46/><G46/><T72/><D11/><U32/><E32/><V67/><F67/><W96/><G47/><T3/><D3/><U66/><E66/><V28/><F28/><W103/><G103/><T62/><D72/><U125/><E125/><V2/><F15/><W92/><REACH who="3" step="1"/><G37/><REACH who="3" ten="300,229,362,99" step="2"/><T124/><D124/><U26/><REACH who="1" step="1"/><E122/><REACH who="1" ten="300,219,362,99" step="2"/><V84/><F42/><W29/><G29/><T132/><D132/><U86/><AGARI ba="0,2" hai="9,14,16,17,23,26,48,50,51,76,82,86,120,121" machi="86" ten="30,12000,1" yaku="1,1,2,1,0,1,54,1,53,1" doraHai="35" doraHaiUra="81" who="1" fromWho="1" sc="300,-40,219,140,362,-40,99,-40" /><INIT seed="5,1,0,1,5,127" ten="260,359,322,59" oya="1" hai0="36,66,11,9,62,117,34,88,107,32,56,109,132" hai1="7,25,61,120,102,134,72,60,16,29,2,121,114" hai2="55,85,38,104,0,46,81,74,84,18,45,57,48" hai3="118,58,59,19,40,78,1,53,65,4,43,52,26"/><U42/><E114/><V73/><F104/><W76/><G4/><T37/><D117/><U86/><E134/><V99/><F0/><W13/><G1/><T92/><D107/><U63/><E72/><V101/><F18/><W44/><G118/><T135/><D109/><U35/><E42/><V97/><F38/><W115/><G115/><T113/><D113/><U3/><E102/><V33/><F33/><W67/><G26/><T110/><D110/><U128/><E128/><V105/><F99/><W87/><G87/><T83/><D34/><U80/><E2/><V68/><F68/><W50/><G44/><T54/><D32/><U95/><E95/><V39/><F85/><W23/><G40/><T122/><D83/><U90/><REACH who="1" step="1"/><E16/><REACH who="1" ten="260,349,322,59" step="2"/><V14/><F14/><W71/><G43/><T64/><D135/><U77/><E77/><N who="3" m="29802" /><G71/><T10/><D132/><U116/><E116/><V103/><F103/><W75/><G75/><T100/><D100/><U108/><E108/><V89/><F74/><W20/><G20/><T28/><D28/><U112/><E112/><V123/><F73/><W82/><G82/><T106/><D106/><U21/><E21/><V131/><F81/><W124/><G124/><T5/><D5/><U31/><E31/><V130/><F101/><W6/><G6/><T125/><D125/><U98/><E98/><V93/><F97/><W8/><G8/><AGARI ba="1,1" hai="3,7,8,25,29,35,60,61,63,80,86,90,120,121" machi="8" ten="40,2000,0" yaku="1,1,53,0" doraHai="127" doraHaiUra="49" who="1" fromWho="3" sc="260,0,349,33,322,0,59,-23" /><INIT seed="5,2,0,2,4,87" ten="260,382,322,36" oya="1" hai0="84,79,89,13,94,15,1,12,71,3,85,105,111" hai1="86,67,55,24,40,116,133,6,48,69,57,109,36" hai2="31,126,29,132,46,77,0,58,39,61,118,65,51" hai3="68,63,42,122,45,7,82,107,16,9,112,92,70"/><U98/><E116/><V52/><F0/><W73/><G122/><T101/><D111/><U120/><E120/><V128/><F118/><W8/><G107/><T62/><D105/><U127/><E133/><V20/><F132/><W95/><G112/><T129/><D129/><U99/><E127/><V117/><F117/><W83/><G63/><T26/><D101/><U27/><E6/><V18/><F126/><W131/><G131/><T22/><D71/><U102/><E109/><V32/><F32/><W56/><G56/><T110/><D110/><U121/><E121/><V123/><F123/><W125/><G125/><T66/><D66/><U41/><E86/><V90/><F77/><W4/><G45/><T10/><D62/><U97/><E102/><V53/><F39/><W47/><G47/><T113/><D113/><U38/><E38/><V135/><F128/><W35/><G35/><T114/><D10/><U104/><E104/><V103/><F103/><W76/><G42/><T93/><D114/><U50/><E50/><V108/><F108/><W37/><G37/><T34/><D34/><U81/><E36/><V106/><F106/><W88/><G76/><T64/><D64/><U124/><E124/><V54/><F90/><W115/><G115/><T100/><D100/><U5/><E67/><V23/><F135/><W25/><G25/><T14/><N who="0" m="3072" /><DORA hai="60" /><T119/><D119/><U17/><E5/><V21/><REACH who="2" step="1"/><F18/><REACH who="2" ten="260,382,312,36" step="2"/><W11/><G11/><T91/><D79/><U19/><E19/><AGARI ba="2,1" hai="1,3,19,22,26,84,85,89,91,93,94" m="3072" machi="19" ten="50,6400,0" yaku="9,1,52,2" doraHai="87,60" who="0" fromWho="1" sc="260,80,382,-70,312,0,36,0" /><INIT seed="6,0,0,1,0,119" ten="340,312,312,36" oya="2" hai0="132,10,89,47,21,42,84,33,51,15,129,79,61" hai1="11,4,41,12,83,122,93,24,22,123,96,52,78" hai2="16,36,71,74,48,27,46,6,20,7,100,57,67" hai3="121,28,112,5,128,59,18,116,87,134,0,25,66"/><V104/><F74/><W76/><G116/><T56/><D33/><U64/><E64/><V40/><F71/><W135/><G76/><T9/><D132/><N who="3" m="50729" /><G87/><T60/><D79/><U130/><E41/><V99/><REACH who="2" step="1"/><F48/><REACH who="2" ten="340,312,302,36" step="2"/><W13/><G128/><T69/><D129/><U50/><E130/><V73/><F73/><W106/><G106/><T77/><D69/><U23/><E78/><V120/><F120/><N who="1" m="46121" /><E83/><V55/><F55/><W30/><G121/><T34/><D77/><U92/><E92/><V131/><F131/><W70/><G70/><T88/><D42/><U45/><E50/><V82/><F82/><W107/><G107/><T109/><D51/><N who="1" m="28783" /><E23/><V126/><F126/><W39/><G39/><T58/><D21/><U97/><E93/><V44/><F44/><W37/><G37/><T54/><D47/><U3/><E3/><V75/><F75/><W1/><G66/><T35/><D54/><U68/><E68/><V17/><F17/><AGARI ba="0,1" hai="4,11,12,17,22,24,96,97" m="28783,46121" machi="17" ten="30,8000,1" yaku="13,1,52,3,54,1" doraHai="119" who="1" fromWho="2" sc="340,0,312,90,302,-80,36,0" /><INIT seed="7,0,0,5,0,91" ten="340,402,222,36" oya="3" hai0="67,127,71,29,109,20,75,2,7,85,112,60,76" hai1="73,131,132,92,98,48,86,83,93,32,13,44,43" hai2="115,25,110,18,101,66,108,40,51,88,84,10,123" hai3="23,103,65,62,41,8,6,89,81,58,52,3,53"/><W72/><G103/><T28/><D109/><U19/><E32/><V63/><F115/><W107/><G107/><T37/><D127/><U87/><E132/><V118/><F118/><W77/><G23/><T17/><D112/><U80/><E131/><V95/><F123/><W99/><G99/><T69/><D69/><U125/><E73/><V46/><F101/><W26/><G26/><T56/><D37/><U33/><E33/><V59/><F110/><W12/><G89/><T22/><D75/><U135/><E125/><V124/><F108/><W111/><G111/><T120/><D120/><U78/><E98/><V133/><F133/><W54/><G41/><T57/><D2/><U15/><E135/><V11/><F124/><W126/><G126/><T114/><D114/><U129/><E129/><V36/><F36/><W50/><REACH who="3" step="1"/><G3/><REACH who="3" ten="340,402,222,26" step="2"/><T49/><D22/><AGARI ba="0,1" hai="10,11,18,22,25,40,46,51,59,63,66,84,88,95" machi="22" ten="40,5200,0" yaku="8,1,52,1,54,1" doraHai="91" who="2" fromWho="0" sc="340,-52,402,0,222,62,26,0" owari="288,9.0,402,50.0,284,-12.0,26,-47.0" /></mjloggm>