<mjloggm ver="2.3"><GO type="41"/><UN n0="%E5%8F%A4%E6%89%8B%E6%A2%A8%E8%8A%B1%EF%BD%9E%E2%98%86" n1="%E3%81%B5%E3%82%8C%E3%81%BF%E3%82%93%E3%81%90" n2="%EF%BC%88%E2%89%A7%E2%96%BD%E2%89%A6%EF%BC%89" n3="%E3%83%99%E3%82%BF%E3%82%AA%E3%83%AA%E3%83%BC%E3%83%81%E3%82%A7" dan="15,14,15,14" rate="1914,1982,1993,1848" sx="F,M,M,M"/><TAIKYOKU oya="0"/><INIT seed="0,0,0,3,2,113" ten="250,250,250,250" oya="0" hai0="73,55,72,12,126,30,77,91,59,105,135,15,90" hai1="38,41,28,9,128,64,63,133,48,125,134,130,69" hai2="46,119,115,88,84,56,85,27,80,45,124,21,75" hai3="44,110,76,0,5,26,83,47,24,116,129,89,86"/><T36/><D36/><U107/><E107/><V43/><F115/><W8/><G129/><N who="1" m="49770" /><E28/><N who="2" m="17519" /><F75/><W57/><G116/><T106/><D135/><N who="1" m="51723" /><E9/><V10/><F119/><W7/><G110/><T103/><D126/><U37/><E125/><V132/><F124/><W102/><G102/><T32/><D106/><U94/><E94/><N who="2" m="54535" /><F132/><W16/><G76/><T78/><D73/><U65/><E65/><V52/><F10/><W25/><G7/><T6/><D72/><U114/><E114/><V29/><F29/><W97/><G97/><T39/><D39/><U49/><E38/><V118/><F43/><W74/><G74/><T40/><D40/><U34/><E34/><V61/><F118/><W121/><G121/><T54/><D105/><U53/><E53/><V14/><F14/><N who="0" m="5162" /><D103/><U109/><E109/><V68/><F68/><W99/><G99/><T92/><D32/><U79/><E79/><AGARI ba="0,0" hai="45,46,52,56,61,79,80,85" m="54535,17519" machi="79" ten="30,3900,0" yaku="8,1,54,2" doraHai="113" who="2" fromWho="1" sc="250,0,250,-39,250,39,250,0" /><INIT seed="1,0,0,3,3,109" ten="250,211,289,250" oya="1" hai0="5,117,79,7,82,13,72,3,8,25,52,75,122" hai1="73,96,70,116,2,104,32,53,17,134,67,47,71" hai2="78,57,68,20,4,76,45,131,119,120,130,125,0" hai3="48,127,65,1,132,38,43,135,111,39,77,90,80"/><U12/><E2/><V89/><F68/><W113/><G1/><T114/><D114/><U15/><E32/><V123/><F45/><W102/><G111/><T118/><D122/><N who="2" m="46634" /><F57/><W110/><G110/><T108/><D108/><U64/><E116/><V91/><F0/><W112/><G127/><T97/><D72/><U16/><E73/><V51/><F51/><W115/><G102/><T103/><D25/><U33/><E33/><V40/><F40/><W92/><G65/><T54/><D3/><U59/><E47/><V81/><F20/><W95/><G48/><T21/><D21/><U100/><E70/><V84/><F4/><W30/><G30/><T44/><D7/><U58/><E71/><V55/><F55/><W87/><G95/><T98/><D98/><U56/><E53/><V18/><F18/><W26/><G26/><T121/><D121/><U93/><E104/><V34/><F34/><W128/><G128/><N who="2" m="49193" /><F119/><W99/><REACH who="3" step="1"/><G43/><REACH who="3" ten="250,211,289,240" step="2"/><T61/><D118/><U94/><E67/><V35/><F125/><W86/><G86/><T29/><D117/><U41/><E64/><V124/><F124/><W27/><G27/><T49/><D49/><U60/><E41/><V24/><F24/><W10/><G10/><T106/><D29/><U66/><E66/><V22/><F35/><W50/><G50/><T107/><D103/><U46/><E46/><V88/><F22/><W23/><G23/><T11/><D11/><U105/><E105/><V133/><F133/><AGARI ba="0,1" hai="38,39,77,80,87,90,92,99,112,113,115,132,133,135" machi="133" ten="50,8000,1" yaku="1,1,20,1,52,3,53,0" doraHai="109" doraHaiUra="42" who="3" fromWho="2" sc="250,0,211,0,289,-80,240,90" /><INIT seed="2,0,0,5,4,80" ten="250,211,209,330" oya="2" hai0="65,26,48,57,45,51,60,21,4,68,101,24,22" hai1="107,14,8,121,114,105,78,88,18,33,50,44,25" hai2="135,84,94,38,125,2,72,23,39,52,134,112,100" hai3="124,13,133,27,99,96,37,102,54,53,11,12,55"/><V92/><F2/><W131/><G37/><N who="2" m="13833" /><F72/><W41/><G41/><T58/><D101/><U74/><E121/><V56/><F112/><W110/><G110/><T120/><D120/><U6/><E114/><V35/><F35/><W67/><G67/><T103/><D103/><U30/><E74/><V36/><F125/><W106/><G124/><T62/><D4/><U9/><E78/><V69/><F69/><W29/><G133/><N who="2" m="50697" /><F36/><W43/><G43/><T70/><D65/><U47/><E107/><V87/><F23/><W97/><G131/><T93/><D93/><N who="2" m="35946" /><F100/><W89/><G89/><T66/><D66/><U81/><E105/><V76/><F76/><W126/><G126/><T118/><D45/><U75/><E75/><V7/><F7/><W42/><G42/><T119/><AGARI ba="0,0" hai="21,22,24,26,48,51,57,58,60,62,68,70,118,119" machi="119" ten="25,3200,0" yaku="0,1,22,2" doraHai="80" who="0" fromWho="0" sc="250,32,211,-8,209,-16,330,-8" /><INIT seed="3,0,0,4,3,58" ten="282,203,193,322" oya="3" hai0="110,1,12,15,102,96,61,111,57,40,123,97,73" hai1="56,135,19,43,74,28,23,29,115,37,70,119,38" hai2="8,89,82,34,47,66,87,5,53,69,21,11,49" hai3="134,98,67,84,39,94,95,68,78,132,75,62,26"/><W2/><G2/><T105/><D123/><U35/><E70/><V99/><F34/><W13/><G75/><T16/><D1/><U45/><E115/><V65/><F69/><W117/><G117/><T130/><D130/><U7/><E119/><V0/><F8/><W83/><G39/><T103/><D73/><U114/><E114/><V125/><F125/><W46/><G46/><T81/><D81/><U32/><E74/><V104/><REACH who="2" step="1"/><F21/><REACH who="2" ten="282,203,183,322" step="2"/><W44/><G134/><T112/><D112/><U33/><E35/><V109/><F109/><W10/><G132/><T54/><D111/><U9/><E135/><V59/><F59/><W113/><G113/><T77/><D110/><U116/><E33/><V17/><F17/><W80/><G10/><T86/><D16/><U50/><E32/><V22/><F22/><W18/><G18/><T100/><D57/><U6/><E116/><V118/><F118/><W90/><G68/><T131/><D131/><U107/><E56/><V85/><F85/><W88/><G84/><T91/><D86/><U27/><E6/><V76/><F76/><W72/><G78/><T30/><D77/><U36/><REACH who="1" step="1"/><E107/><REACH who="1" ten="282,193,183,322" step="2"/><V127/><F127/><W48/><G44/><T124/><D105/><U121/><E121/><V120/><F120/><W55/><G72/><T63/><D124/><U128/><E128/><V122/><F122/><W25/><G98/><T133/><D96/><U64/><E64/><V24/><F24/><W106/><G67/><T60/><D97/><U126/><E126/><V20/><F20/><W108/><G106/><T41/><D133/><RYUUKYOKU ba="0,2" sc="282,-15,193,15,183,15,322,-15" hai1="7,9,19,23,27,28,29,36,37,38,43,45,50" hai2="0,5,11,47,49,53,65,66,82,87,89,99,104" /><INIT seed="4,1,2,1,1,65" ten="267,208,198,307" oya="0" hai0="70,79,73,69,13,97,74,6,62,89,125,134,28" hai1="15,102,110,118,17,58,82,92,96,37,21,12,24" hai2="56,8,87,126,29,115,66,16,103,39,133,106,99" hai3="120,67,0,26,75,25,68,43,14,50,91,48,40"/><T94/><D28/><U93/><E37/><V100/><F39/><W27/><G0/><T127/><D134/><U109/><E118/><V86/><F133/><W135/><G75/><N who="0" m="28683" /><D62/><U38/><E38/><V131/><F115/><W45/><G135/><T44/><D79/><U112/><E82/><V42/><F42/><W119/><G119/><T72/><N who="0" m="28691" /><T35/><DORA hai="46" /><D35/><U63/><E112/><V59/><F100/><W57/><G120/><T98/><D44/><U88/><E110/><V55/><F29/><W10/><G68/><N who="0" m="26219" /><D13/><U114/><E109/><V107/><F66/><W23/><G91/><T116/><D116/><U11/><E11/><V105/><F8/><W132/><G132/><T80/><D80/><U77/><E77/><V81/><F81/><W34/><G34/><T36/><D36/><U41/><E41/><N who="3" m="15946" /><G67/><T123/><D123/><U47/><E47/><V128/><F59/><W124/><G57/><T20/><D6/><U49/><E114/><V52/><F56/><W33/><G33/><T1/><D1/><U64/><E49/><N who="3" m="19050" /><G45/><T9/><D9/><U113/><REACH who="1" step="1"/><E113/><REACH who="1" ten="267,198,198,307" step="2"/><V54/><F54/><W5/><G10/><T104/><D20/><U85/><AGARI ba="1,3" hai="12,15,17,21,24,58,63,64,85,88,92,93,96,102" machi="85" ten="20,12000,2" yaku="1,1,2,1,0,1,7,1,8,1,54,1,53,1" doraHai="65,46" doraHaiUra="71,84" who="1" fromWho="1" sc="267,-61,198,153,198,-31,307,-31" /><INIT seed="5,0,0,3,0,111" ten="206,351,167,276" oya="1" hai0="22,103,123,121,92,45,40,32,110,125,52,84,15" hai1="68,4,133,8,14,98,62,26,72,131,80,88,20" hai2="127,73,85,5,39,55,77,61,94,107,69,9,19" hai3="106,104,91,11,102,42,60,48,33,108,35,31,81"/><U132/><E68/><V117/><F117/><W114/><G108/><T95/><D110/><U37/><E37/><V87/><F127/><W28/><G11/><T46/><D32/><U59/><E131/><V3/><F87/><W6/><G6/><T1/><D1/><U67/><E72/><V36/><F85/><W24/><G60/><T105/><D125/><U109/><E80/><N who="2" m="45103" /><F94/><W118/><G118/><T122/><D105/><U54/><E109/><V79/><F79/><W126/><G126/><T76/><D103/><U71/><E98/><V57/><F55/><W27/><G102/><T86/><D52/><U90/><E71/><V129/><F57/><W34/><G81/><N who="0" m="47143" /><D86/><U113/><E54/><V64/><F19/><W100/><G100/><T78/><D78/><U130/><E130/><V74/><F129/><W25/><G91/><T70/><D70/><U99/><E90/><V16/><F16/><W93/><G93/><N who="0" m="35915" /><D40/><U13/><E88/><V120/><F74/><W23/><G42/><T51/><D51/><U63/><E99/><V7/><F107/><W115/><G48/><T41/><D41/><U66/><E67/><V89/><F89/><W29/><G35/><T75/><D75/><U128/><E66/><V101/><F101/><W65/><G65/><T18/><AGARI ba="0,0" hai="15,18,22,45,46,121,122,123" m="35915,47143" machi="18" ten="40,1500,0" yaku="13,1" doraHai="111" who="0" fromWho="0" sc="206,15,351,-7,167,-4,276,-4" /><INIT seed="6,0,0,1,4,78" ten="221,344,163,272" oya="2" hai0="82,28,124,129,72,3,97,62,6,46,85,70,74" hai1="55,30,17,132,44,118,39,80,93,33,75,98,84" hai2="122,43,13,21,49,102,27,35,100,54,42,52,40" hai3="68,108,135,61,116,60,64,110,56,104,0,15,53"/><V37/><F122/><W94/><G0/><T119/><D129/><U66/><E118/><V126/><F37/><W131/><G104/><T2/><D119/><U16/><E75/><V32/><F126/><W73/><G73/><T76/><D124/><U86/><E33/><V79/><F79/><W51/><G116/><T71/><D28/><U114/><E30/><V99/><F13/><W29/><G131/><T92/><D46/><U90/><E114/><V63/><F63/><W25/><G135/><T14/><D3/><U23/><E132/><V81/><F81/><W88/><G15/><T38/><D38/><U26/><E66/><V130/><F130/><W65/><G51/><T125/><D2/><U69/><E69/><V89/><F89/><W18/><G18/><T12/><D125/><U112/><E112/><V67/><F67/><W113/><G113/><T106/><D106/><U7/><E7/><V121/><F121/><W91/><G65/><T4/><D62/><U48/><E39/><V103/><F99/><W5/><G91/><N who="0" m="55455" /><D71/><U47/><E44/><V123/><F123/><W87/><REACH who="3" step="1"/><G5/><REACH who="3" ten="221,344,163,262" step="2"/><T127/><D127/><U59/><E17/><V50/><F50/><W9/><G9/><T1/><D6/><U77/><E47/><N who="2" m="27711" /><F103/><W134/><G134/><T101/><D101/><N who="2" m="39018" /><F54/><W34/><AGARI ba="0,1" hai="25,29,34,53,56,60,61,64,68,87,88,94,108,110" machi="34" ten="20,5200,0" yaku="1,1,0,1,7,1,54,1,53,0" doraHai="78" doraHaiUra="111" who="3" fromWho="3" sc="221,-13,344,-13,163,-26,262,62" /><INIT seed="7,0,0,0,0,16" ten="208,331,137,324" oya="3" hai0="118,28,12,107,14,31,88,86,79,117,61,111,7" hai1="72,95,132,131,96,60,5,84,39,42,134,13,87" hai2="78,58,75,36,8,81,30,94,49,121,35,3,77" hai3="99,55,69,115,130,105,18,54,91,45,125,120,80"/><W97/><G120/><T82/><D111/><U47/><E72/><V129/><F121/><W10/><G69/><T44/><D107/><U128/><E5/><V66/><F129/><N who="1" m="49737" /><E60/><V71/><F78/><W59/><G130/><T109/><D109/><U1/><E13/><V126/><F126/><W24/><G125/><T123/><D123/><U29/><E29/><V92/><F71/><W133/><G133/><N who="1" m="51306" /><E1/><V102/><F102/><AGARI ba="0,0" hai="39,42,47,84,87,95,96,102" m="51306,49737" machi="102" ten="30,2000,0" yaku="19,1,20,1" doraHai="16" who="1" fromWho="2" sc="208,0,331,20,137,-20,324,0" owari="208,-19.0,351,45.0,117,-38.0,324,12.0" /></mjloggm>