<mjloggm ver="2.3"><GO type="41"/><UN n0="%E9%9D%92%E4%BB%94%E5%8F%A2" n1="%E3%83%84%E3%83%BC%E3%83%AB%E5%88%B6%E9%99%90" n2="%E3%81%8F%E3%81%91%E3%81%91%E3%81%91%E3%81%91%E3%81%91%E3%83%BC" n3="%E3%82%A6%E3%83%AB%E3%83%88%E3%83%A9%E7%AB%8B%E7%9B%B4" dan="14,13,13,15" rate="1895,2082,1863,2022" sx="M,M,M,M"/><TAIKYOKU oya="0"/><INIT seed="0,0,0,5,2,117" ten="250,250,250,250" oya="0" hai0="80,102,60,28,27,1,124,18,123,32,115,62,82" hai1="128,64,8,70,98,90,9,22,71,116,24,81,14" hai2="37,127,41,56,17,96,19,109,13,58,16,54,29" hai3="59,0,52,135,101,93,65,121,51,112,87,44,88"/><T4/><D115/><U7/><E116/><V46/><F29/><W68/><G0/><T26/><D123/><U67/><E128/><V133/><F133/><W118/><G118/><T89/><D124/><U75/><E71/><V42/><F127/><W35/><G35/><T76/><D102/><U63/><E67/><V110/><F42/><W74/><G74/><T53/><D89/><U5/><E75/><V97/><F56/><W83/><G112/><T12/><D26/><U48/><E48/><N who="2" m="31047" /><F13/><W92/><G68/><T30/><D28/><U125/><E125/><V119/><F119/><W105/><G135/><T84/><D80/><U86/><E98/><V34/><F34/><W33/><G33/><T120/><D120/><U99/><E99/><V103/><F103/><W114/><G114/><T72/><D72/><U106/><E106/><V134/><F134/><W77/><G121/><T43/><D43/><U107/><E107/><V95/><F95/><W85/><G105/><T11/><REACH who="0" step="1"/><D53/><REACH who="0" ten="240,250,250,250" step="2"/><U49/><E24/><V111/><AGARI ba="0,1" hai="16,17,19,37,41,46,96,97,109,110,111" m="31047" machi="111" ten="40,2700,0" yaku="14,1,54,1" doraHai="117" who="2" fromWho="2" sc="240,-13,250,-7,250,37,250,-7" /><INIT seed="1,0,0,1,0,13" ten="227,243,287,243" oya="1" hai0="81,49,25,31,32,43,14,68,89,65,100,15,78" hai1="110,107,20,109,30,74,105,97,116,71,17,118,23" hai2="125,29,22,92,115,36,57,64,95,9,66,44,42" hai3="51,93,91,106,48,60,40,10,108,34,18,86,114"/><U7/><E71/><V0/><F0/><W37/><G34/><T27/><D89/><U84/><E84/><V75/><F125/><W62/><G106/><T126/><D126/><U72/><E97/><V35/><F75/><W50/><G114/><T112/><D112/><U87/><E87/><V85/><F35/><W63/><G108/><N who="1" m="41578" /><E17/><V67/><F115/><W102/><G102/><T103/><D27/><U123/><E30/><V16/><F29/><W39/><G40/><T96/><D103/><U120/><E7/><V58/><F9/><W5/><REACH who="3" step="1"/><G18/><REACH who="3" ten="227,243,287,233" step="2"/><T45/><D100/><U130/><E130/><V82/><F92/><W94/><G94/><T99/><D96/><U104/><E20/><V1/><F95/><W127/><G127/><T61/><REACH who="0" step="1"/><D99/><REACH who="0" ten="217,243,287,233" step="2"/><U117/><E23/><V90/><REACH who="2" step="1"/><F1/><AGARI ba="0,2" hai="1,5,10,37,39,48,50,51,60,62,63,86,91,93" machi="1" ten="40,1300,0" yaku="1,1,53,0" doraHai="13" doraHaiUra="38" who="3" fromWho="2" sc="217,0,243,0,287,-13,233,33" /><INIT seed="2,0,0,2,5,74" ten="217,243,274,266" oya="2" hai0="43,55,86,42,48,77,54,38,13,44,51,56,36" hai1="32,52,5,6,88,40,41,95,76,62,29,71,123" hai2="100,1,125,133,78,53,96,118,110,127,45,128,115" hai3="8,93,80,35,97,92,107,79,17,83,105,3,90"/><V24/><F1/><W99/><G35/><T113/><D113/><U85/><E123/><V69/><F115/><W16/><G3/><T82/><REACH who="0" step="1"/><D13/><REACH who="0" ten="207,243,274,266" step="2"/><U27/><E71/><V122/><F69/><W66/><G8/><T132/><D132/><U58/><E5/><V89/><F133/><W49/><G66/><T34/><D34/><U131/><E6/><V26/><F122/><W102/><G17/><T130/><D130/><U33/><E33/><V67/><F128/><W124/><G16/><T70/><D70/><U87/><E131/><V19/><F125/><W64/><G64/><T117/><D117/><U63/><E63/><V104/><F127/><W11/><G11/><T75/><D75/><U18/><REACH who="1" step="1"/><E18/><REACH who="1" ten="207,233,274,266" step="2"/><V135/><F135/><W47/><G124/><T14/><D14/><U30/><E30/><V84/><F118/><W37/><G37/><AGARI ba="0,2" hai="36,37,38,42,43,44,48,51,54,55,56,77,82,86" machi="37" ten="40,5200,0" yaku="1,1,52,1,53,1" doraHai="74" doraHaiUra="72" who="0" fromWho="3" sc="207,72,233,0,274,0,266,-52" /><INIT seed="3,0,0,3,4,111" ten="279,233,274,214" oya="3" hai0="93,103,2,106,50,92,52,108,87,133,30,117,8" hai1="64,35,45,73,110,122,90,39,29,118,82,34,61" hai2="94,132,123,104,83,32,112,119,80,66,115,33,28" hai3="74,24,126,37,81,72,47,10,100,128,42,36,23"/><W6/><G126/><T26/><D117/><U99/><E118/><V116/><F66/><W53/><G128/><T134/><D108/><U1/><E1/><V49/><F49/><W14/><G100/><T120/><D120/><U84/><E110/><V7/><F28/><W22/><G37/><T55/><D2/><U135/><E135/><N who="0" m="51721" /><D8/><U9/><E122/><V59/><F132/><W3/><G14/><T102/><D106/><U31/><E35/><V60/><F123/><W113/><G53/><N who="0" m="20555" /><D50/><U27/><E31/><V98/><F104/><W97/><G97/><T68/><D68/><U101/><E9/><V12/><F98/><W71/><G71/><T114/><D114/><U127/><E127/><V131/><F7/><W41/><G41/><T86/><D26/><U65/><E39/><V75/><F131/><W95/><G95/><N who="0" m="36427" /><D30/><U91/><E64/><V18/><F94/><W89/><G113/><T62/><D62/><U16/><E65/><V109/><F60/><W107/><G107/><T67/><D67/><U13/><E61/><V46/><F109/><W25/><G25/><T11/><D11/><U4/><E34/><V96/><F115/><W58/><G58/><T121/><D121/><U125/><E29/><V124/><F59/><W70/><G70/><T19/><D19/><U15/><E125/><V88/><F18/><N who="3" m="12375" /><G23/><T54/><N who="0" m="20563" /><T130/><DORA hai="77" /><D130/><U43/><E43/><V69/><F119/><W76/><G89/><T79/><D79/><U21/><E91/><V20/><F88/><W85/><G74/><T56/><D56/><U38/><E73/><RYUUKYOKU ba="0,0" sc="279,15,233,-15,274,-15,214,15" hai0="86,87,102,103" hai3="3,6,10,36,42,47,72,76,81,85" /><INIT seed="3,1,0,4,0,19" ten="294,218,259,229" oya="3" hai0="24,109,125,53,119,14,106,129,56,70,116,113,93" hai1="90,92,68,85,72,52,114,117,62,105,0,133,87" hai2="38,94,131,32,5,58,91,86,15,78,26,44,4" hai3="123,25,18,74,23,1,57,49,120,135,76,9,127"/><W84/><G74/><T60/><D106/><U115/><E0/><V30/><F131/><W16/><G127/><T103/><D125/><U80/><E68/><V7/><F78/><W81/><G135/><T41/><D129/><U69/><E69/><V104/><F104/><W45/><G57/><T130/><D130/><U59/><E133/><V77/><F77/><W132/><G132/><T29/><D14/><U128/><E105/><V6/><F58/><W126/><G126/><T55/><D113/><U71/><E71/><V111/><F111/><W40/><REACH who="3" step="1"/><G18/><REACH who="3" ten="294,218,259,219" step="2"/><T79/><D56/><U108/><E72/><V42/><N who="2" m="1024" /><DORA hai="48" /><V11/><REACH who="2" step="1"/><F15/><REACH who="2" ten="294,218,249,219" step="2"/><W46/><G46/><T75/><D116/><U33/><E128/><V13/><F13/><W95/><G95/><T121/><D93/><U73/><E117/><V12/><F12/><W63/><G63/><T61/><D60/><U21/><E115/><V118/><F118/><W28/><G28/><T31/><D29/><U22/><E114/><V96/><F96/><W97/><G97/><T20/><D119/><U51/><E92/><V10/><AGARI ba="1,2" hai="10,11,26,30,32,38,42,44,86,91,94" m="1024" machi="10" ten="40,5200,0" yaku="1,1,0,1,53,1" doraHai="19,48" doraHaiUra="37,100" who="2" fromWho="2" sc="294,-14,218,-14,249,75,219,-27" /><INIT seed="4,0,0,4,5,44" ten="280,204,324,192" oya="0" hai0="72,53,108,0,6,13,97,34,119,45,55,70,56" hai1="59,116,84,30,79,43,41,64,135,7,23,111,3" hai2="100,52,126,112,82,95,17,66,16,77,31,125,63" hai3="87,35,25,91,110,40,122,12,60,98,132,124,117"/><T114/><D119/><U113/><E116/><V50/><F31/><W2/><G2/><T49/><D0/><U92/><E111/><V22/><F112/><W83/><G117/><T134/><D108/><U104/><E104/><V4/><F100/><W93/><G110/><T131/><D131/><U129/><E135/><V120/><F4/><W107/><G107/><T9/><D134/><U54/><E64/><V1/><F1/><W118/><G118/><T10/><D114/><U37/><E37/><V78/><F120/><W103/><G132/><T36/><D36/><U115/><E129/><V89/><F78/><W51/><G124/><T33/><D72/><U80/><E92/><V71/><F17/><W102/><G60/><T96/><D10/><U46/><E46/><V32/><F82/><W127/><G127/><T27/><D70/><U65/><E65/><V81/><F32/><W21/><G35/><T8/><D9/><U101/><E101/><V42/><F42/><W75/><G12/><T121/><D121/><U11/><E113/><V67/><F66/><W38/><G38/><T29/><REACH who="0" step="1"/><D34/><REACH who="0" ten="270,204,324,192" step="2"/><U26/><E115/><V94/><F126/><W39/><G39/><T24/><D24/><U90/><E3/><V20/><F125/><W57/><G75/><T61/><AGARI ba="0,1" hai="6,8,13,27,29,33,45,49,53,55,56,61,96,97" machi="61" ten="20,12000,1" yaku="1,1,0,1,7,1,52,1,53,1" doraHai="44" doraHaiUra="5" who="0" fromWho="0" sc="270,130,204,-40,324,-40,192,-40" /><INIT seed="4,1,0,1,4,94" ten="400,164,284,152" oya="0" hai0="27,73,98,105,7,62,71,63,69,118,129,130,57" hai1="103,106,1,39,54,38,12,102,50,55,36,72,21" hai2="78,34,58,46,99,18,65,67,126,93,80,104,32" hai3="28,24,119,48,83,26,31,52,35,91,111,25,114"/><T87/><D118/><U16/><E1/><V40/><F104/><W4/><G119/><T123/><D123/><U97/><E72/><V101/><F126/><W108/><G4/><T76/><D73/><U133/><E133/><V96/><F67/><W44/><G114/><T47/><D47/><U90/><E90/><V110/><F110/><W22/><G26/><T128/><D7/><U2/><E2/><V11/><F34/><W68/><G68/><N who="0" m="26187" /><D27/><U84/><E84/><N who="2" m="48151" /><F32/><W19/><G19/><T86/><D76/><U29/><E29/><V79/><F93/><W115/><G115/><T74/><D74/><U120/><E120/><V132/><F101/><W41/><G41/><T124/><D124/><U5/><E5/><V61/><F79/><W37/><G37/><T17/><D17/><U100/><REACH who="1" step="1"/><E54/><REACH who="1" ten="400,154,284,152" step="2"/><V113/><F132/><W82/><REACH who="3" step="1"/><G91/><REACH who="3" ten="400,154,284,142" step="2"/><T6/><D6/><U121/><E121/><V117/><F117/><W116/><G116/><T60/><D128/><U20/><E20/><V59/><F113/><W107/><G107/><T8/><D105/><U70/><E70/><V64/><F40/><W53/><G53/><T127/><D127/><U45/><AGARI ba="1,2" hai="12,16,21,36,38,39,45,50,55,97,100,102,103,106" machi="45" ten="30,7900,0" yaku="1,1,0,1,52,1,54,1,53,0" doraHai="94" doraHaiUra="112" who="1" fromWho="1" sc="400,-40,154,102,284,-21,142,-21" /><INIT seed="5,0,0,0,2,69" ten="360,256,263,121" oya="1" hai0="93,12,116,99,89,79,24,76,132,9,91,42,61" hai1="2,5,87,70,49,119,82,11,62,130,54,55,53" hai2="74,77,72,30,104,114,122,37,13,125,118,22,21" hai3="96,73,88,25,23,50,106,33,3,105,36,98,4"/><U84/><E119/><V111/><F77/><W78/><G33/><T128/><D116/><U27/><E130/><V101/><F101/><W41/><G50/><T134/><D128/><U90/><E70/><V131/><F21/><W31/><G96/><T1/><D1/><U60/><E27/><V56/><F22/><W127/><G88/><N who="0" m="33867" /><D24/><U57/><E57/><V71/><F56/><W66/><G66/><T65/><D42/><U52/><E52/><V107/><F13/><W83/><G98/><T6/><D61/><U95/><REACH who="1" step="1"/><E49/><REACH who="1" ten="360,246,263,121" step="2"/><V19/><F71/><W17/><G17/><T14/><D65/><U43/><E43/><V117/><F19/><W15/><G15/><T126/><D14/><U28/><E28/><V58/><F30/><W120/><G23/><T68/><D68/><U59/><E59/><V48/><F58/><W75/><G25/><T26/><D26/><U124/><E124/><V63/><F48/><W7/><G31/><T34/><D126/><U38/><E38/><V85/><F37/><W86/><G127/><T35/><D34/><U0/><E0/><V64/><F125/><W121/><G41/><T81/><D35/><U10/><E10/><V109/><F131/><W67/><G36/><T92/><D9/><U29/><E29/><V115/><F117/><W47/><G3/><T108/><D12/><U94/><E94/><V45/><F118/><W18/><G7/><T100/><D6/><U103/><E103/><V133/><F107/><W102/><G4/><T97/><D100/><U16/><E16/><V51/><F104/><N who="3" m="40043" /><G18/><T44/><D93/><RYUUKYOKU ba="0,1" sc="360,-10,246,30,263,-10,121,-10" hai1="2,5,11,53,54,55,60,62,82,84,87,90,95" /><INIT seed="5,1,1,2,4,105" ten="350,276,253,111" oya="1" hai0="41,6,43,32,2,65,55,69,64,96,16,63,17" hai1="56,7,76,59,13,97,46,135,20,80,5,61,79" hai2="10,52,86,26,117,35,112,130,18,36,101,114,128" hai3="129,106,12,47,51,15,28,116,93,70,91,81,113"/><U8/><E135/><V100/><F36/><W50/><G70/><T57/><D65/><U24/><E59/><V133/><F117/><W66/><G106/><T126/><D126/><U88/><E46/><V40/><F40/><W4/><G116/><T108/><D108/><U89/><E89/><V87/><F52/><W29/><G66/><T92/><D32/><U19/><E7/><V25/><F35/><W74/><G113/><N who="2" m="43625" /><F18/><W84/><G129/><N who="2" m="49769" /><F10/><W103/><G103/><N who="2" m="39497" /><F25/><W90/><G50/><T73/><D43/><U48/><E48/><V124/><F26/><W23/><G15/><T30/><D41/><U134/><E134/><V22/><F22/><W21/><G21/><T53/><D16/><N who="1" m="12295" /><E5/><V99/><F133/><W131/><G131/><T31/><D6/><U72/><E8/><V75/><F75/><W120/><G74/><T109/><D73/><U77/><E13/><V85/><F124/><W67/><G67/><T107/><D64/><U82/><E19/><V95/><F99/><W38/><G38/><T123/><D96/><U0/><E72/><V127/><F127/><W33/><G33/><T119/><D119/><U11/><E11/><V98/><F98/><N who="3" m="57655" /><G29/><T44/><D31/><U42/><E42/><V110/><F95/><W118/><G118/><T49/><D92/><N who="1" m="56455" /><E0/><V115/><N who="2" m="43633" /><V94/><DORA hai="125" /><F94/><W39/><G39/><T14/><D2/><U132/><E132/><V1/><F1/><W58/><G4/><T54/><D30/><U62/><E62/><V3/><F3/><W104/><G28/><T111/><D63/><U60/><E60/><RYUUKYOKU ba="1,1" sc="350,-15,276,15,253,15,111,-15" hai1="56,61,76,77,79,80,82" hai2="85,86,87,110" /><INIT seed="5,2,1,1,1,47" ten="335,291,268,96" oya="1" hai0="76,97,15,62,66,77,91,117,102,84,32,87,41" hai1="82,109,78,119,9,43,79,116,101,1,103,74,44" hai2="115,126,34,85,18,83,31,107,49,45,36,120,131" hai3="7,98,80,130,20,110,70,67,14,53,132,12,68"/><U122/><E122/><V96/><F18/><W48/><G110/><T42/><D32/><U60/><E60/><V106/><F96/><W81/><G130/><T63/><D117/><U4/><E109/><V112/><F120/><W129/><G129/><T10/><D63/><U58/><E58/><V135/><F131/><W35/><G35/><T86/><D91/><U73/><E103/><V46/><F36/><W24/><G132/><T2/><D2/><U105/><E101/><V118/><F45/><W19/><G68/><T90/><D90/><U5/><E5/><V33/><F118/><W39/><G39/><T21/><D21/><U16/><E16/><V52/><F34/><W11/><G67/><T92/><D66/><U75/><E75/><V113/><F135/><W128/><G70/><T69/><D69/><U114/><E114/><V56/><F56/><W125/><G125/><T54/><D62/><U61/><E61/><V64/><F64/><W17/><G98/><T28/><D54/><U55/><E55/><V71/><F71/><W111/><G111/><T0/><D0/><U88/><E88/><N who="2" m="51263" /><F126/><W108/><G108/><T38/><D38/><N who="1" m="21623" /><E105/><N who="2" m="39947" /><F33/><W100/><G100/><T123/><D123/><U6/><E6/><V89/><F89/><W121/><G121/><T65/><D65/><U27/><E27/><V37/><F37/><W94/><G128/><T40/><D28/><AGARI ba="2,1" hai="28,31,46,49,52,112,113,115" m="39947,51263" machi="28" ten="40,8000,1" yaku="15,1,11,1,52,1,54,2" doraHai="47" who="2" fromWho="0" sc="335,-86,291,0,268,96,96,0" /><INIT seed="6,0,0,4,0,77" ten="249,291,364,96" oya="2" hai0="70,23,125,76,81,111,80,4,117,116,83,84,9" hai1="41,122,45,131,40,132,65,88,0,24,50,135,38" hai2="3,114,126,7,72,110,2,94,8,89,105,103,53" hai3="19,22,37,42,93,95,58,11,66,115,100,109,101"/><V78/><F114/><W47/><G109/><T14/><D70/><U133/><E0/><V121/><F110/><W55/><G11/><T113/><D111/><U6/><E6/><V15/><F121/><W129/><G129/><T32/><D32/><U33/><E24/><V87/><F126/><W75/><G75/><T39/><D39/><U49/><E33/><V21/><F21/><W52/><G115/><T31/><D113/><U1/><E88/><V20/><F20/><W118/><G118/><N who="0" m="45675" /><D125/><U48/><E1/><V124/><F53/><W67/><G55/><T57/><D57/><U27/><E27/><AGARI ba="0,0" hai="4,9,14,23,27,31,76,80,81,83,84" m="45675" machi="27" ten="30,7700,0" yaku="12,1,52,3" doraHai="77" who="0" fromWho="1" sc="249,77,291,-77,364,0,96,0" /><INIT seed="7,0,0,2,5,127" ten="326,214,364,96" oya="3" hai0="69,14,101,63,118,133,89,48,90,102,1,93,135" hai1="131,9,113,46,50,4,61,28,83,115,111,53,79" hai2="13,10,51,3,77,49,7,0,129,62,17,52,18" hai3="33,44,96,55,23,87,5,125,26,126,65,64,57"/><W25/><G33/><T45/><D1/><U58/><E111/><V100/><F129/><W98/><G5/><T19/><D118/><U34/><E34/><V29/><F29/><W104/><G104/><T40/><D133/><U73/><E28/><V66/><F51/><W107/><G107/><T122/><D122/><U8/><E131/><V54/><F100/><W36/><G36/><T103/><D135/><U86/><E73/><V70/><F54/><W35/><G35/><T97/><D69/><U30/><E30/><V134/><F134/><W38/><G38/><T41/><D63/><U2/><E9/><V24/><F77/><W20/><G44/><T112/><D112/><U82/><REACH who="1" step="1"/><E83/><REACH who="1" ten="326,204,364,96" step="2"/><V31/><F3/><W99/><G125/><T109/><D109/><U39/><E39/><V16/><F0/><W106/><G106/><T124/><D124/><U6/><E6/><V128/><F128/><W15/><G126/><T132/><D132/><U94/><E94/><V130/><F130/><W72/><G72/><T80/><D80/><U78/><E78/><V117/><F31/><W47/><G47/><T85/><D45/><U74/><E74/><V42/><F117/><W67/><G87/><T92/><REACH who="0" step="1"/><D48/><REACH who="0" ten="316,204,364,96" step="2"/><U120/><E120/><V56/><REACH who="2" step="1"/><F42/><AGARI ba="0,2" hai="2,4,8,42,46,50,53,58,61,79,82,86,113,115" machi="42" ten="40,1300,0" yaku="1,1,53,0" doraHai="127" doraHaiUra="60" who="1" fromWho="2" sc="316,0,204,33,364,-13,96,0" owari="316,12.0,237,-16.0,351,44.0,96,-40.0" /></mjloggm>