<mjloggm ver="2.3"><GO type="41"/><UN n0="%48%41%52%45%4D" n1="%E7%99%BD%E3%82%AB%E3%83%96%E3%83%88" n2="%E3%82%A4%E3%83%B3%E3%83%86%E3%82%B0%E3%83%A9%E5%B0%91%E4%BD%90" n3="%EF%BC%88%E2%89%A7%E2%96%BD%E2%89%A6%EF%BC%89" dan="14,14,14,15" rate="2093,1869,1955,1962" sx="M,M,M,M"/><TAIKYOKU oya="0"/><INIT seed="0,0,0,2,3,117" ten="250,250,250,250" oya="0" hai0="105,67,113,82,39,10,26,68,107,124,3,81,18" hai1="40,32,49,6,29,37,57,70,33,119,47,109,93" hai2="97,84,44,87,90,131,80,20,54,55,2,108,98" hai3="94,59,88,115,24,103,69,38,91,50,92,71,63"/><T104/><D39/><U129/><E70/><V128/><F2/><W56/><G38/><T65/><D113/><U110/><E119/><V114/><F114/><W36/><G36/><T21/><D124/><U74/><E74/><V11/><F108/><N who="1" m="41577" /><E129/><V25/><F128/><W130/><G130/><T28/><D68/><U0/><E93/><V125/><F125/><W31/><G115/><T17/><D3/><U23/><E23/><V48/><F11/><W123/><G69/><T45/><D45/><U135/><E135/><V16/><F131/><W14/><G71/><T42/><D42/><U132/><E132/><V8/><F55/><W7/><G94/><T62/><D62/><U101/><E101/><V120/><F120/><W4/><G92/><T58/><D58/><U76/><E76/><V78/><REACH who="2" step="1"/><F8/><REACH who="2" ten="250,250,240,250" step="2"/><W64/><G123/><T111/><D111/><U127/><E127/><V126/><F126/><W53/><G53/><T99/><D10/><N who="1" m="2375" /><E29/><V46/><F46/><W13/><G31/><T116/><D116/><U118/><E118/><V75/><F75/><W34/><G64/><T41/><D41/><U96/><E96/><V112/><F112/><W5/><G63/><T77/><D99/><U60/><E37/><V9/><F9/><W133/><G133/><T106/><D67/><AGARI ba="0,1" hai="32,33,40,47,49,57,60,67" m="2375,41577" machi="67" ten="30,1000,0" yaku="14,1" doraHai="117" who="1" fromWho="0" sc="250,-10,250,20,240,0,250,0" /><INIT seed="1,0,0,5,3,102" ten="240,270,240,250" oya="1" hai0="84,43,107,24,82,5,94,95,74,60,35,88,21" hai1="100,98,40,69,0,34,123,129,64,70,105,16,63" hai2="92,89,52,65,1,51,4,124,81,72,96,68,15" hai3="6,22,83,29,71,132,127,114,28,93,112,87,19"/><U36/><E0/><V75/><F124/><W73/><G71/><T113/><D35/><U108/><E123/><V57/><F1/><W53/><G127/><T111/><D113/><U118/><E118/><V33/><F33/><W85/><G132/><T106/><D111/><U32/><E70/><V117/><F117/><W20/><G73/><T66/><D43/><U30/><E129/><V134/><F134/><W128/><G128/><T41/><D41/><U120/><E120/><V23/><F81/><W126/><G126/><T115/><D5/><U27/><E108/><V3/><F3/><W61/><G6/><T8/><D8/><U47/><REACH who="1" step="1"/><E34/><REACH who="1" ten="240,260,240,250" step="2"/><V18/><F68/><W58/><G114/><T2/><D2/><U135/><E135/><V67/><F4/><W38/><G112/><T131/><D115/><U99/><E99/><V90/><F75/><W10/><G38/><T45/><D131/><U103/><E103/><V77/><F72/><W62/><G87/><T11/><D74/><U104/><E104/><V101/><F77/><W59/><G85/><T31/><D107/><U56/><E56/><V76/><F76/><W14/><G59/><T54/><D106/><U12/><E12/><V79/><F79/><W122/><G58/><T130/><D130/><U44/><E44/><V109/><F109/><W80/><G122/><T17/><D45/><U119/><E119/><V7/><F7/><W42/><G14/><N who="0" m="7391" /><D66/><AGARI ba="0,1" hai="15,18,23,51,52,57,65,66,67,89,90,92,96,101" machi="66" ten="40,2600,0" yaku="8,1,54,1" doraHai="102" who="2" fromWho="0" sc="240,-26,260,0,240,36,250,0" /><INIT seed="2,0,0,1,4,18" ten="214,260,276,250" oya="2" hai0="85,52,98,44,96,105,19,65,95,31,17,46,58" hai1="91,32,67,135,75,129,114,16,66,40,62,29,132" hai2="56,86,87,6,78,128,23,0,60,90,133,36,38" hai3="48,120,20,41,124,1,57,100,83,116,71,59,94"/><V51/><F128/><W5/><G71/><T77/><D105/><U106/><E114/><V97/><F133/><N who="1" m="51273" /><E106/><V110/><F110/><W82/><G120/><T115/><D115/><U76/><E40/><V24/><F6/><W43/><G116/><T14/><D31/><U54/><E129/><V134/><F0/><W63/><G124/><T49/><D19/><U50/><E76/><V127/><F127/><W109/><G109/><T45/><D65/><U125/><E125/><V93/><F134/><W33/><G33/><T108/><D108/><U117/><E117/><V64/><F51/><W68/><G68/><T11/><D77/><U112/><E112/><V2/><F2/><W30/><G1/><T73/><D73/><U47/><E75/><V99/><F78/><W10/><G43/><T103/><D98/><U26/><E62/><V79/><F79/><W111/><G111/><T9/><D85/><U3/><E3/><V81/><F87/><W118/><G118/><T104/><D104/><U101/><E101/><V123/><F123/><W35/><G100/><T88/><D103/><U8/><E91/><V13/><F13/><AGARI ba="0,0" hai="8,13,16,26,29,32,47,50,54,66,67" m="51273" machi="13" ten="30,2000,0" yaku="20,1,54,1" doraHai="18" who="1" fromWho="2" sc="214,0,260,20,276,-20,250,0" /><INIT seed="3,0,0,2,2,66" ten="214,280,256,250" oya="3" hai0="116,104,1,83,129,45,63,46,55,11,132,54,119" hai1="85,5,14,51,86,56,94,111,4,26,37,91,70" hai2="13,48,24,3,113,40,135,6,100,34,126,131,38" hai3="2,65,72,31,10,62,16,118,114,9,0,39,82"/><W59/><G118/><T106/><D83/><U101/><E37/><V127/><F38/><W78/><G114/><T67/><D11/><U49/><E101/><V133/><F100/><W36/><G31/><T22/><D1/><U19/><E111/><V77/><F77/><W117/><G117/><T21/><D132/><N who="2" m="50762" /><F48/><W123/><G123/><T8/><D8/><U88/><E70/><V18/><F40/><W81/><G81/><T33/><D63/><U61/><E26/><V84/><F84/><W53/><G0/><T80/><D80/><U112/><E112/><V42/><F42/><W124/><G124/><N who="2" m="47657" /><F113/><W134/><G134/><T95/><D95/><U20/><E49/><V110/><F110/><W52/><G39/><T68/><D67/><U64/><REACH who="1" step="1"/><E51/><REACH who="1" ten="214,270,256,250" step="2"/><V44/><F44/><W23/><G36/><T73/><D68/><U128/><E128/><V29/><F3/><W122/><G2/><T121/><D119/><U103/><E103/><V15/><F6/><W28/><G122/><T69/><D121/><U30/><E30/><V35/><F35/><W96/><G28/><T109/><D33/><U97/><E97/><V50/><F50/><W98/><G96/><T25/><D109/><U89/><E89/><V92/><F131/><W12/><REACH who="3" step="1"/><G98/><REACH who="3" ten="214,270,256,240" step="2"/><T107/><D116/><U99/><E99/><V7/><F7/><W115/><G115/><T76/><D129/><U57/><E57/><V87/><F18/><W120/><G120/><T58/><D58/><U93/><AGARI ba="0,2" hai="4,5,14,19,20,56,61,64,85,86,88,91,93,94" machi="93" ten="20,12000,2" yaku="1,1,0,1,7,1,9,1,8,1,54,1,53,0" doraHai="66" doraHaiUra="74" who="1" fromWho="1" sc="214,-30,270,140,256,-30,240,-60" /><INIT seed="4,0,0,4,2,70" ten="184,410,226,180" oya="0" hai0="86,120,87,25,41,67,32,18,98,77,27,55,4" hai1="17,26,39,122,76,72,38,11,116,63,0,61,103" hai2="10,118,128,96,50,6,111,126,105,92,134,82,65" hai3="52,47,78,28,3,106,24,94,107,84,80,102,40"/><T8/><D120/><U68/><E122/><V114/><F65/><W113/><G113/><T125/><D125/><U81/><E116/><V15/><F50/><W73/><G3/><T45/><D67/><U74/><E103/><V121/><F82/><W135/><G135/><T93/><D55/><U90/><E72/><V66/><F66/><W115/><G115/><T2/><D18/><U1/><E68/><V104/><F92/><W123/><G123/><T19/><D19/><U108/><E108/><V58/><F58/><W16/><G73/><T85/><D32/><U62/><E90/><V64/><F64/><W95/><G107/><T12/><D2/><U124/><E124/><V53/><F53/><W21/><G28/><T110/><D110/><U46/><E46/><V100/><F96/><W127/><G127/><T99/><D99/><U71/><E71/><V112/><F100/><W59/><G106/><T109/><D109/><U14/><REACH who="1" step="1"/><E26/><REACH who="1" ten="184,400,226,180" step="2"/><V89/><F126/><W133/><G102/><N who="0" m="60751" /><D77/><U29/><E29/><V69/><F121/><W34/><G133/><T56/><D56/><U33/><E33/><V36/><F118/><W91/><G34/><T97/><D97/><U75/><E75/><V88/><F69/><W20/><G78/><T129/><D129/><U42/><E42/><V30/><F30/><N who="3" m="17671" /><G47/><T35/><D35/><U130/><E130/><V54/><F128/><W101/><G40/><T31/><D31/><U49/><E49/><AGARI ba="0,1" hai="4,8,12,25,27,41,45,49,85,86,87" m="60751" machi="49" ten="30,1500,0" yaku="8,1" doraHai="70" who="0" fromWho="1" sc="184,25,400,-15,226,0,180,0" /><INIT seed="4,1,0,5,2,61" ten="209,385,226,180" oya="0" hai0="31,132,130,50,97,58,1,64,69,44,39,66,56" hai1="43,7,67,81,96,4,57,20,47,49,14,30,98" hai2="79,109,89,99,73,53,12,16,133,100,111,38,25" hai3="118,59,76,74,125,27,122,103,120,21,123,84,11"/><T77/><D1/><U112/><E4/><V127/><F133/><W116/><G125/><T90/><D77/><U101/><E112/><V18/><F38/><W33/><G74/><T134/><D130/><U37/><E37/><V92/><F127/><W129/><G129/><T10/><D69/><U78/><E101/><V75/><F79/><W17/><G33/><T68/><D68/><U108/><E108/><V34/><F111/><W121/><N who="3" m="31232" /><DORA hai="29" /><W19/><G103/><T36/><D31/><U71/><E71/><V119/><F119/><W5/><G19/><T117/><D10/><U46/><E46/><V88/><F109/><W85/><G59/><N who="0" m="22571" /><D117/><N who="3" m="45161" /><G76/><T124/><D124/><U42/><E42/><V23/><F34/><W135/><G135/><N who="0" m="51755" /><D39/><U28/><E28/><V91/><REACH who="2" step="1"/><F53/><REACH who="2" ten="209,385,216,180" step="2"/><W131/><G131/><T114/><D114/><U94/><E94/><V8/><AGARI ba="1,1" hai="8,12,16,18,23,25,73,75,88,89,91,92,99,100" machi="8" ten="30,8000,1" yaku="1,1,2,1,0,1,54,2,53,0" doraHai="61,29" doraHaiUra="2,35" who="2" fromWho="2" sc="209,-41,385,-21,216,93,180,-21" /><INIT seed="5,0,0,0,4,113" ten="168,364,309,159" oya="1" hai0="42,50,124,33,48,104,65,47,13,39,99,81,64" hai1="3,66,92,74,102,17,91,110,77,90,35,116,67" hai2="119,56,134,105,52,12,108,117,132,98,126,45,15" hai3="37,28,22,8,75,84,6,100,51,118,46,114,115"/><U16/><E3/><V43/><F108/><W57/><G75/><T82/><D33/><U133/><E35/><V86/><F126/><W20/><G100/><T19/><D124/><U76/><E133/><N who="2" m="51307" /><F86/><W26/><G37/><T44/><D39/><U29/><E110/><V1/><F1/><W40/><G57/><T53/><D104/><U34/><E34/><V127/><F127/><W123/><G123/><T130/><D99/><U135/><E135/><V96/><F105/><W71/><G71/><T121/><D130/><U4/><E29/><V63/><F98/><W25/><G84/><T60/><D121/><U31/><E31/><V30/><F96/><W128/><G128/><T94/><D94/><U111/><E111/><V36/><F30/><W131/><G131/><T54/><D42/><U87/><E4/><V0/><F0/><W88/><G88/><T107/><D107/><U106/><E106/><V7/><F7/><W85/><G85/><T24/><D24/><U109/><E109/><V5/><F5/><W69/><G69/><T18/><D13/><AGARI ba="0,0" hai="12,13,15,36,43,45,52,56,63,117,119" m="51307" machi="13" ten="30,7700,0" yaku="20,1,52,2,54,1" doraHai="113" who="2" fromWho="0" sc="168,-77,364,0,309,77,159,0" /><INIT seed="6,0,0,2,1,124" ten="91,364,386,159" oya="2" hai0="98,107,93,89,91,79,76,117,73,120,42,0,102" hai1="3,35,39,90,94,106,82,19,86,130,49,78,27" hai2="131,51,43,10,132,80,40,24,71,118,119,85,99" hai3="48,133,13,63,29,64,58,52,67,7,70,55,57"/><V60/><F131/><W134/><G29/><T110/><D0/><U122/><E3/><V9/><F132/><N who="3" m="50795" /><G7/><T32/><D42/><U22/><E106/><V135/><F135/><W113/><G13/><T4/><D32/><U15/><E39/><V46/><F118/><W92/><G92/><N who="0" m="56591" /><D4/><U37/><E130/><V108/><F108/><W114/><G67/><T129/><D110/><U88/><E122/><V75/><F75/><W123/><G123/><T104/><D120/><U69/><E69/><V21/><F43/><W65/><G65/><T53/><D53/><U72/><E37/><V84/><F84/><W28/><G28/><T25/><D25/><U62/><E62/><AGARI ba="0,0" hai="48,52,55,57,58,62,63,64,70,113,114" m="50795" machi="62" ten="30,7700,0" yaku="20,1,34,2,54,1" doraHai="124" who="3" fromWho="1" sc="91,0,364,-77,386,0,159,77" /><INIT seed="7,0,0,3,1,25" ten="91,287,386,236" oya="3" hai0="32,81,37,5,86,76,62,128,132,100,61,36,10" hai1="68,126,28,131,127,8,21,91,95,45,24,83,41" hai2="40,48,111,96,103,70,72,60,92,0,63,74,125" hai3="64,55,93,121,23,90,77,117,44,59,115,109,118"/><W82/><G121/><T17/><D128/><U69/><E83/><V134/><F111/><W135/><G109/><T54/><D132/><U58/><E131/><V79/><F0/><W133/><G115/><T15/><D100/><U84/><E58/><V30/><F134/><N who="3" m="51211" /><G44/><T7/><D37/><U113/><E113/><V80/><F125/><W124/><G64/><T78/><D32/><U73/><E73/><V14/><F74/><N who="3" m="43319" /><G23/><T106/><D106/><U107/><E107/><V46/><F70/><W19/><G19/><T99/><D99/><U49/><REACH who="1" step="1"/><E8/><REACH who="1" ten="91,277,386,236" step="2"/><V119/><F119/><W53/><G124/><AGARI ba="0,1" hai="21,24,28,41,45,49,68,69,84,91,95,124,126,127" machi="124" ten="40,8000,1" yaku="1,1,2,1,18,1,52,1,53,0" doraHai="25" doraHaiUra="29" who="1" fromWho="3" sc="91,0,277,90,386,0,236,-80" owari="91,-41.0,367,17.0,386,48.0,156,-24.0" /></mjloggm>