<mjloggm ver="2.3"><GO type="97"/><UN n0="%E3%82%B3%E3%83%B3%E3%83%81%E3%83%AB%E8%A6%AA%E5%88%86" n1="%E8%B6%85%31%38%E5%8F%B7" n2="%EF%BC%88%E2%89%A7%E2%96%BD%E2%89%A6%EF%BC%89" n3="%59%48%56%48" dan="15,13,15,14" rate="2037,1931,1991,1833" sx="M,F,M,F"/><TAIKYOKU oya="0"/><INIT seed="0,0,0,1,2,75" ten="250,250,250,250" oya="0" hai0="50,45,77,69,13,116,11,29,4,106,114,70,5" hai1="26,17,113,134,125,83,102,18,94,53,110,12,19" hai2="79,118,67,122,20,95,74,62,76,49,65,64,21" hai3="109,127,51,128,96,66,130,108,121,9,22,99,131"/><T80/><D116/><U32/><E113/><V34/><F122/><W54/><G66/><T28/><D114/><U37/><E110/><N who="3" m="42602" /><G9/><T86/><D106/><U107/><E125/><V124/><F34/><W56/><G121/><T100/><D4/><U15/><E107/><V31/><F124/><W24/><G127/><T23/><D100/><U133/><E37/><V42/><F118/><W46/><G46/><T6/><D6/><U59/><E83/><V1/><F1/><W38/><G38/><T44/><D44/><U85/><E32/><V87/><F62/><W61/><G61/><T120/><D120/><U72/><E72/><V119/><F119/><W104/><G104/><T63/><D63/><U16/><N who="1" m="4608" /><DORA hai="81" /><U14/><E26/><N who="2" m="16839" /><F21/><W43/><G43/><N who="0" m="24895" /><D23/><U73/><E73/><V27/><F74/><W52/><G54/><T98/><D98/><N who="3" m="37417" /><G22/><T0/><D0/><U126/><E102/><V97/><F97/><W91/><G91/><T111/><D111/><U58/><E126/><V8/><F67/><W93/><G93/><T35/><D35/><U2/><E2/><V40/><F65/><W33/><G33/><T10/><D10/><U68/><E68/><AGARI ba="0,0" hai="5,11,13,28,29,68,69,70,77,80,86" m="24895" machi="68" ten="30,5800,0" yaku="25,1,52,2" doraHai="75,81" who="0" fromWho="1" sc="250,58,250,-58,250,0,250,0" /><INIT seed="0,1,0,3,3,62" ten="308,192,250,250" oya="0" hai0="25,18,123,45,102,19,1,50,43,14,94,5,33" hai1="76,119,41,121,27,87,48,68,89,38,99,31,3" hai2="0,64,91,28,40,90,42,2,16,59,82,92,124" hai3="133,34,11,60,56,55,113,107,84,70,101,4,53"/><T23/><D123/><U96/><E121/><V106/><F106/><W35/><G113/><T132/><D132/><U66/><E119/><V93/><F124/><W22/><G133/><T112/><D112/><U95/><E38/><V135/><F135/><W58/><G70/><T65/><D102/><U80/><E3/><V26/><F28/><W74/><G74/><T97/><D94/><N who="2" m="36458" /><F0/><W49/><G22/><T120/><D120/><U83/><E83/><V125/><F2/><W81/><G107/><T103/><D97/><U30/><E99/><V21/><F125/><W108/><G101/><T115/><D103/><U110/><E110/><V134/><F134/><W72/><G72/><T9/><D115/><U114/><E114/><V15/><F26/><W52/><G55/><T122/><D122/><U78/><E78/><V63/><F82/><W88/><REACH who="3" step="1"/><G108/><REACH who="3" ten="308,192,250,240" step="2"/><T131/><D131/><U126/><E126/><V77/><F77/><W117/><G117/><T86/><D86/><U109/><E109/><V127/><F127/><W128/><G128/><T7/><D33/><U79/><E68/><V51/><F40/><W54/><G54/><T69/><REACH who="0" step="1"/><D1/><AGARI ba="1,1" hai="1,4,11,34,35,49,52,53,56,58,60,81,84,88" machi="1" ten="30,7700,0" yaku="1,1,7,1,54,2,53,0" doraHai="62" doraHaiUra="67" who="3" fromWho="0" sc="308,-80,192,0,250,0,240,90" /><INIT seed="1,0,0,3,3,27" ten="228,192,250,330" oya="1" hai0="134,21,1,105,34,86,20,92,13,0,96,55,63" hai1="61,80,123,68,51,83,110,120,12,133,79,19,78" hai2="47,29,35,6,119,66,87,71,111,100,127,98,65" hai3="24,3,31,50,91,22,113,115,25,97,42,62,125"/><U16/><E120/><V5/><F119/><W53/><G125/><T102/><D134/><U94/><E123/><V106/><F127/><W132/><G132/><T90/><D34/><U81/><E133/><V23/><F111/><W2/><G42/><T95/><D105/><U129/><E110/><V54/><F23/><W41/><G41/><T43/><D43/><U33/><E33/><V28/><F87/><W67/><G25/><T82/><D1/><U75/><E129/><V10/><F10/><W48/><G48/><T89/><D0/><U108/><E108/><V30/><F35/><W118/><G118/><T44/><D13/><U56/><E94/><N who="2" m="58455" /><F71/><W104/><G115/><T124/><D124/><U14/><E68/><V46/><F106/><W103/><G91/><T59/><REACH who="0" step="1"/><D44/><REACH who="0" ten="218,192,250,330" step="2"/><N who="2" m="16938" /><F54/><W26/><G113/><T38/><D38/><U126/><E126/><V93/><F93/><W40/><G40/><T85/><AGARI ba="0,1" hai="20,21,55,59,63,82,85,86,89,90,92,95,96,102" machi="85" ten="20,5200,0" yaku="1,1,0,1,7,1,8,1,53,0" doraHai="27" doraHaiUra="69" who="0" fromWho="0" sc="218,62,192,-26,250,-13,330,-13" /><INIT seed="2,0,0,5,5,108" ten="280,166,237,317" oya="2" hai0="42,101,40,85,114,51,63,57,82,93,120,5,4" hai1="73,105,37,103,6,17,66,86,48,64,102,135,107" hai2="28,3,127,112,9,18,74,121,129,11,8,113,76" hai3="88,71,29,55,126,2,100,56,24,95,125,98,14"/><V50/><F74/><W0/><G71/><T30/><D120/><U124/><E37/><V54/><F76/><W13/><G100/><T70/><D70/><U65/><E124/><N who="3" m="47722" /><G14/><T44/><D30/><U19/><E135/><V115/><F127/><W43/><G43/><T94/><D40/><U45/><E73/><V27/><F121/><W134/><G13/><T97/><D114/><U104/><E6/><V15/><F129/><W118/><G118/><T59/><D93/><U69/><E69/><V83/><F83/><W32/><G134/><T106/><D106/><U90/><E90/><V21/><REACH who="2" step="1"/><F3/><REACH who="2" ten="280,166,227,317" step="2"/><W52/><G2/><T75/><D75/><U123/><E123/><V130/><F130/><W35/><G0/><T87/><D82/><U62/><E86/><V36/><F36/><W10/><G32/><T81/><D87/><U61/><E48/><V60/><F60/><N who="1" m="23145" /><E45/><AGARI ba="0,1" hai="8,9,11,15,18,21,27,28,45,50,54,112,113,115" machi="45" ten="40,12000,1" yaku="1,1,52,3,53,0" doraHai="108" doraHaiUra="31" who="2" fromWho="1" sc="280,0,166,-120,227,130,317,0" /><INIT seed="2,1,0,5,3,48" ten="280,46,357,317" oya="2" hai0="61,113,58,43,22,23,122,35,65,133,18,47,13" hai1="101,67,69,3,121,62,102,123,41,56,45,12,26" hai2="124,112,70,5,91,134,116,84,87,126,31,90,93" hai3="49,119,109,132,97,40,75,73,37,34,77,20,42"/><V64/><F116/><W86/><G34/><T131/><D35/><U39/><E3/><V83/><F112/><W76/><G119/><T33/><D122/><U44/><E26/><V24/><F5/><W95/><G109/><T92/><D33/><U125/><E12/><V107/><F134/><W104/><G104/><T127/><D113/><U30/><E30/><V57/><F70/><W27/><G37/><T1/><D1/><U16/><E16/><V106/><F57/><W59/><G132/><T14/><D133/><U50/><E101/><V129/><F64/><W117/><G117/><T89/><D131/><U81/><E81/><N who="2" m="49423" /><F24/><W74/><G86/><T51/><D127/><N who="2" m="48682" /><F31/><W10/><G10/><N who="0" m="6455" /><D14/><U130/><E102/><V21/><F21/><W60/><G49/><T82/><D82/><U85/><E85/><AGARI ba="1,0" hai="22,23,43,47,51,58,61,65,85,89,92" m="6455" machi="85" ten="30,1000,0" yaku="8,1" doraHai="48" who="0" fromWho="1" sc="280,13,46,-13,357,0,317,0" /><INIT seed="3,0,0,1,3,109" ten="293,33,357,317" oya="3" hai0="74,1,78,95,79,60,18,13,120,80,36,122,124" hai1="23,45,132,106,53,54,133,5,98,59,111,20,116" hai2="126,85,29,64,32,50,90,15,26,67,14,81,33" hai3="119,107,62,91,100,17,52,30,123,83,51,108,9"/><W77/><G119/><T135/><D36/><U102/><E111/><V24/><F126/><W35/><G123/><T70/><D1/><U56/><E116/><V25/><F33/><W105/><G108/><T99/><D70/><U27/><E5/><V134/><F134/><W66/><G100/><N who="0" m="60543" /><D60/><U47/><E27/><V61/><F32/><W104/><G77/><N who="0" m="44087" /><D18/><U4/><E4/><V94/><F29/><W76/><G76/><N who="0" m="29227" /><D13/><N who="2" m="4618" /><F61/><W112/><G112/><T82/><D82/><U69/><E69/><V118/><F118/><W73/><G73/><T115/><D135/><U46/><E106/><V92/><F50/><W10/><G17/><T93/><D93/><AGARI ba="0,0" hai="24,25,26,64,67,81,85,90,92,93,94" m="4618" machi="93" ten="30,1000,0" yaku="8,1" doraHai="109" who="2" fromWho="0" sc="293,-10,33,0,357,10,317,0" owari="283,-12.0,33,-47.0,367,47.0,317,12.0" /></mjloggm>