<mjloggm ver="2.3"><GO type="41"/><UN n0="%E3%82%A6%E3%83%AB%E3%83%88%E3%83%A9%E7%AB%8B%E7%9B%B4" n1="%E2%96%A0%E3%81%95%E3%81%A8%E3%81%A6%E3%81%83%E3%82%93" n2="%6C%6C%7A%61%68%6C%6C" n3="%E5%A4%A9%E6%B1%9F%E8%A1%A3%E2%98%85" dan="15,13,13,16" rate="1970,1840,1943,2025" sx="M,M,M,F"/><TAIKYOKU oya="0"/><INIT seed="0,0,0,5,0,10" ten="250,250,250,250" oya="0" hai0="12,61,36,73,126,34,16,1,50,55,83,72,113" hai1="107,127,77,74,78,100,112,121,13,53,65,82,56" hai2="51,134,124,119,103,66,32,63,48,105,116,17,135" hai3="106,91,38,84,80,99,96,87,57,8,21,69,62"/><T45/><D1/><U20/><E121/><V18/><F32/><W98/><G38/><T22/><D113/><U24/><E127/><V60/><F103/><W39/><G39/><T41/><D126/><U5/><E78/><V101/><F101/><W128/><G69/><T59/><D34/><U129/><E129/><V33/><F33/><W7/><G128/><T64/><REACH who="0" step="1"/><D83/><REACH who="0" ten="240,250,250,250" step="2"/><U27/><E112/><V88/><F124/><W95/><G106/><T117/><D117/><U47/><E107/><V93/><F119/><W123/><G123/><T3/><D3/><U6/><E82/><V52/><F105/><W75/><G75/><T43/><D43/><U44/><E74/><V71/><F116/><W19/><G80/><T120/><D120/><U111/><E111/><V28/><F135/><W67/><G84/><T90/><D90/><U0/><E100/><V102/><F134/><W23/><REACH who="3" step="1"/><G19/><REACH who="3" ten="240,250,250,240" step="2"/><T70/><AGARI ba="0,2" hai="12,16,22,36,41,45,50,55,59,61,64,70,72,73" machi="70" ten="20,18000,2" yaku="1,1,0,1,7,1,24,2,52,1,54,1,53,0" doraHai="10" doraHaiUra="110" who="0" fromWho="0" sc="240,200,250,-60,250,-60,240,-60" /><INIT seed="0,1,0,0,2,99" ten="440,190,190,180" oya="0" hai0="67,105,44,90,134,33,85,0,89,12,11,127,135" hai1="104,15,16,59,113,100,112,117,115,111,110,133,102" hai2="82,121,81,73,34,51,38,94,91,48,26,4,42" hai3="6,60,78,19,71,45,23,7,116,107,18,125,66"/><T10/><D33/><U39/><E39/><V98/><F121/><W96/><G116/><T129/><D67/><U27/><E27/><V21/><F38/><W61/><G125/><T114/><D114/><U37/><E37/><V17/><F34/><W55/><G78/><T47/><D127/><U20/><E117/><V122/><F73/><W28/><G28/><T92/><D105/><U1/><E1/><V69/><F69/><W64/><G55/><T25/><D25/><U87/><E133/><V3/><F4/><W52/><G18/><T54/><D129/><U123/><E123/><V72/><F3/><W74/><G74/><T8/><D0/><U13/><E104/><V130/><F72/><W22/><G22/><T36/><D36/><U77/><E13/><V118/><F122/><W124/><G124/><T53/><D12/><U65/><E87/><V79/><F118/><W108/><G108/><N who="1" m="41514" /><E77/><V9/><F9/><W88/><G64/><T75/><D75/><U86/><E86/><N who="2" m="48447" /><F82/><W35/><G35/><T76/><D76/><U128/><E128/><V68/><F68/><W58/><G45/><T43/><D10/><U119/><E119/><V63/><F130/><W40/><G40/><T95/><D85/><U106/><E106/><V50/><F63/><AGARI ba="1,0" hai="15,16,20,59,63,65,100,102,112,113,115" m="41514" machi="63" ten="40,8000,1" yaku="11,1,14,1,52,2,54,1" doraHai="99" who="1" fromWho="2" sc="440,0,190,83,190,-83,180,0" /><INIT seed="1,0,0,2,2,79" ten="440,273,107,180" oya="1" hai0="40,20,66,18,115,16,63,68,118,37,21,107,120" hai1="48,88,105,33,25,90,39,10,78,83,130,109,34" hai2="22,2,65,17,15,57,14,116,23,49,97,1,91" hai3="73,121,38,98,29,54,56,100,87,113,46,9,24"/><U81/><E105/><V123/><F123/><W124/><G73/><T128/><D115/><U19/><E39/><V127/><F127/><W44/><G124/><T8/><D118/><U62/><E130/><V31/><F116/><W74/><G74/><T52/><D107/><U45/><E62/><V103/><F91/><W96/><G113/><T92/><D128/><U11/><E109/><V50/><F50/><W59/><G121/><T71/><D71/><U30/><E33/><V80/><F80/><W32/><G59/><T58/><D120/><U0/><E78/><V55/><F65/><W3/><G38/><T89/><D8/><U76/><E76/><V131/><F131/><W67/><G67/><T51/><D20/><U99/><E0/><V26/><REACH who="2" step="1"/><F15/><REACH who="2" ten="440,273,97,180" step="2"/><W117/><G117/><T13/><D13/><U5/><E90/><V104/><AGARI ba="0,1" hai="1,2,14,17,22,23,26,31,49,55,57,97,103,104" machi="104" ten="20,5200,0" yaku="1,1,2,1,0,1,7,1,53,0" doraHai="79" doraHaiUra="60" who="2" fromWho="2" sc="440,-13,273,-26,97,62,180,-13" /><INIT seed="2,0,0,3,0,83" ten="427,247,159,167" oya="2" hai0="135,102,130,88,10,6,31,74,35,0,13,100,24" hai1="57,90,85,78,11,91,113,131,98,5,71,73,40" hai2="58,39,69,86,126,19,65,7,33,44,20,9,16" hai3="104,124,14,54,8,116,108,110,120,2,53,117,68"/><V17/><F126/><W18/><G68/><T128/><D74/><U60/><E113/><V125/><F69/><W127/><G104/><T46/><D135/><U122/><E71/><V15/><F33/><W30/><G54/><T94/><D46/><U66/><E73/><V29/><F29/><W109/><G53/><T23/><D100/><U21/><E131/><N who="0" m="50217" /><D102/><U43/><E122/><V79/><F125/><N who="3" m="48203" /><G120/><T87/><D23/><U42/><E21/><V81/><F39/><W121/><G121/><T112/><D112/><U25/><E25/><V75/><F75/><W34/><G2/><AGARI ba="0,0" hai="0,2,6,10,13,24,31,35,87,88,94" m="50217" machi="2" ten="30,3900,0" yaku="19,1,52,1,54,1" doraHai="83" who="0" fromWho="3" sc="427,39,247,0,159,0,167,-39" /><INIT seed="3,0,0,0,3,21" ten="466,247,159,128" oya="3" hai0="74,32,125,86,72,55,12,119,121,91,14,25,8" hai1="123,28,23,39,54,9,38,30,133,82,36,109,83" hai2="16,46,115,20,19,102,124,47,40,120,4,105,92" hai3="77,88,33,73,26,3,114,57,42,51,63,134,126"/><W58/><G3/><T104/><D104/><U112/><E112/><V15/><F105/><W27/><G114/><T108/><D121/><U98/><E109/><V60/><F115/><W101/><G101/><T65/><D119/><U53/><E123/><V66/><F120/><W118/><G118/><T131/><D65/><U127/><E127/><V24/><F124/><W75/><G126/><T111/><D55/><U44/><E133/><V41/><F4/><W69/><G69/><T2/><D2/><U34/><E34/><V18/><F41/><W37/><G37/><T6/><D14/><U68/><E68/><V106/><F106/><W1/><G1/><T90/><D90/><U49/><E9/><V93/><F102/><W116/><G116/><T94/><D125/><U61/><E98/><V50/><F47/><W130/><G33/><T71/><D71/><U22/><E61/><V85/><F15/><W87/><G134/><T117/><D117/><U43/><E43/><V17/><F85/><W64/><G130/><T7/><D7/><U0/><E0/><V81/><F81/><N who="1" m="30729" /><E49/><V29/><N who="2" m="4608" /><DORA hai="67" /><V128/><F128/><W79/><G73/><T129/><D74/><U96/><E96/><V52/><REACH who="2" step="1"/><F40/><REACH who="2" ten="466,247,149,128" step="2"/><W5/><G75/><T62/><D72/><U103/><E103/><V99/><F99/><W97/><G97/><T45/><D129/><U132/><E132/><V13/><F13/><W70/><G5/><T135/><D131/><U80/><E44/><V110/><F110/><N who="0" m="42026" /><D135/><U122/><E122/><V95/><F95/><N who="3" m="54687" /><G42/><T56/><D6/><U78/><E36/><RYUUKYOKU ba="0,1" sc="466,-10,247,-10,149,30,128,-10" hai2="20,24,29,46,50,52,60,66,92,93" /><INIT seed="4,1,1,2,4,58" ten="456,237,179,118" oya="0" hai0="90,63,16,68,2,127,48,24,112,59,118,7,83" hai1="10,120,31,26,97,117,81,23,111,14,39,40,49" hai2="71,99,89,76,87,115,41,113,62,64,33,129,72" hai3="36,42,96,19,123,132,77,86,100,21,54,25,91"/><T116/><D112/><U28/><E111/><V94/><F33/><W109/><G109/><T30/><D127/><U105/><E39/><V22/><F41/><W108/><G108/><T69/><D7/><U106/><E120/><V46/><F46/><W126/><G123/><T35/><D2/><U114/><E117/><V80/><F22/><W0/><G0/><T11/><D68/><U78/><E31/><V74/><REACH who="2" step="1"/><F129/><REACH who="2" ten="456,237,169,118" step="2"/><W70/><G126/><T95/><D118/><U124/><E124/><V57/><F57/><W104/><G70/><T20/><D116/><U67/><E114/><AGARI ba="1,2" hai="62,64,71,72,74,76,80,87,89,94,99,113,114,115" machi="114" ten="40,5200,0" yaku="1,1,15,1,52,1,53,0" doraHai="58" doraHaiUra="119" who="2" fromWho="1" sc="456,0,237,-55,169,75,118,0" /><INIT seed="5,0,0,4,1,32" ten="456,182,244,118" oya="1" hai0="109,16,70,67,58,57,48,44,10,103,5,124,129" hai1="59,132,43,92,108,62,88,81,7,69,91,6,13" hai2="50,24,113,71,116,106,72,14,34,127,45,64,86" hai3="74,56,128,21,73,93,119,31,11,26,96,112,52"/><U99/><E69/><V133/><F106/><W55/><G128/><T46/><D109/><U78/><E108/><V68/><F72/><W111/><G111/><T131/><D103/><U125/><E125/><V130/><F71/><W23/><G112/><T61/><D124/><U97/><E132/><V84/><F127/><W110/><G110/><T37/><D16/><U3/><E3/><V35/><F35/><W107/><G107/><T87/><D87/><U15/><E43/><V76/><F116/><W20/><G119/><T54/><D10/><U2/><E2/><V66/><F68/><W22/><G74/><T33/><D5/><U4/><E91/><V75/><F34/><W25/><G73/><T0/><D0/><U102/><E99/><V121/><F75/><W27/><G11/><T49/><D33/><U38/><E102/><V40/><F121/><W122/><G122/><T85/><D85/><N who="1" m="48311" /><E38/><V36/><F36/><W42/><G42/><N who="0" m="22607" /><D129/><U12/><E12/><V94/><F130/><W135/><G135/><T29/><D131/><U53/><AGARI ba="0,0" hai="4,6,7,13,15,53,59,62,88,92,97" m="48311" machi="53" ten="30,3000,0" yaku="8,1,54,1" doraHai="32" who="1" fromWho="1" sc="456,-10,182,30,244,-10,118,-10" /><INIT seed="5,1,0,3,4,3" ten="446,212,234,108" oya="1" hai0="33,34,60,59,16,90,63,112,12,124,52,88,39" hai1="121,98,97,62,26,54,109,114,120,128,4,66,123" hai2="78,7,48,105,35,71,132,133,1,9,42,46,25" hai3="64,57,0,27,119,104,49,55,30,32,125,81,24"/><U107/><E4/><V68/><F105/><W21/><G104/><T99/><D39/><U65/><E26/><V82/><F25/><W44/><G119/><T75/><D75/><U40/><E128/><V102/><F102/><W117/><G117/><T18/><D34/><U106/><E114/><V13/><F35/><W108/><G108/><T74/><D74/><U28/><E28/><V69/><F13/><W58/><G125/><T84/><D124/><U41/><E109/><V135/><F82/><W127/><G127/><T134/><D33/><U85/><E85/><V22/><F22/><W110/><G110/><T8/><D112/><U131/><E131/><V45/><F78/><W130/><G130/><T53/><D99/><U43/><E54/><V31/><F46/><W50/><G0/><T38/><D18/><U14/><E14/><V115/><REACH who="2" step="1"/><F31/><REACH who="2" ten="446,212,224,108" step="2"/><W80/><G27/><T118/><D118/><U67/><REACH who="1" step="1"/><E62/><REACH who="1" ten="446,202,224,108" step="2"/><V23/><F23/><W15/><G21/><T79/><D63/><U56/><E56/><V11/><F11/><W89/><G58/><T86/><D59/><U77/><E77/><V94/><F94/><W96/><G57/><T83/><D60/><U93/><E93/><V36/><F36/><W122/><G30/><T100/><D38/><U61/><E61/><V10/><F10/><W113/><G24/><T51/><D79/><U29/><E29/><V47/><F47/><W17/><G44/><T5/><D8/><U72/><E72/><V37/><F37/><W126/><G15/><T73/><D12/><U20/><E20/><V91/><F91/><RYUUKYOKU ba="1,2" sc="446,-15,202,15,224,15,108,-15" hai1="40,41,43,65,66,67,97,98,106,107,120,121,123" hai2="1,7,9,42,45,48,68,69,71,115,132,133,135" /><INIT seed="5,2,2,0,4,3" ten="431,217,239,93" oya="1" hai0="39,130,89,41,30,40,62,5,35,19,112,29,92" hai1="105,21,68,17,13,85,111,15,69,120,14,58,122" hai2="27,46,90,91,43,67,117,76,135,116,74,1,37" hai3="118,101,64,123,80,42,104,11,47,82,33,131,38"/><U61/><E105/><V45/><F135/><W119/><G123/><T77/><D35/><U97/><E111/><V99/><F91/><W81/><G131/><T60/><D39/><U126/><E126/><V132/><F132/><W0/><G33/><T121/><D77/><U55/><E120/><V63/><F1/><W79/><G82/><T50/><D121/><U73/><E73/><V53/><F76/><W7/><G81/><T23/><D112/><U70/><E122/><V34/><F74/><W96/><REACH who="3" step="1"/><G64/><REACH who="3" ten="431,217,239,83" step="2"/><T93/><D130/><U18/><E70/><V113/><F67/><W12/><G12/><T28/><D92/><U128/><E128/><V8/><F34/><W88/><G88/><T49/><D89/><U57/><E13/><V48/><F27/><W109/><G109/><T102/><D93/><U100/><E85/><V26/><F26/><W110/><G110/><T24/><D102/><U78/><E78/><V98/><F113/><W72/><AGARI ba="2,3" hai="0,7,11,38,42,47,72,79,80,96,101,104,118,119" machi="72" ten="30,12000,2" yaku="1,1,0,1,25,2,23,2,52,1,53,0" doraHai="3" doraHaiUra="16" who="3" fromWho="3" sc="431,-32,217,-62,239,-32,83,156" /><INIT seed="6,0,0,4,2,35" ten="399,155,207,239" oya="2" hai0="105,47,68,5,12,29,102,64,37,119,74,32,133" hai1="76,45,8,101,21,127,57,4,55,38,54,44,99" hai2="112,11,67,63,84,36,2,10,6,128,19,70,56" hai3="40,124,104,129,34,17,122,81,95,28,135,66,92"/><V130/><F36/><W78/><G122/><T20/><D20/><U113/><E113/><V107/><F107/><W77/><G104/><T1/><D12/><U75/><E127/><V115/><F70/><W89/><G124/><T86/><D86/><U72/><E21/><V61/><F61/><W85/><G34/><T106/><D102/><U27/><E27/><V79/><F11/><W41/><G28/><T62/><D133/><U131/><E131/><N who="2" m="50219" /><F19/><W51/><G129/><T88/><D88/><U69/><E69/><V42/><F42/><W110/><G110/><T90/><D90/><U14/><E38/><V123/><F123/><W71/><G71/><T46/><D46/><U59/><E72/><V22/><F22/><W16/><G66/><T117/><D74/><U100/><E76/><N who="3" m="29290" /><G135/><T97/><D106/><U118/><E75/><V96/><F96/><W15/><G17/><T73/><D97/><U31/><E31/><V50/><F50/><W3/><G3/><T120/><D105/><U114/><E114/><N who="2" m="43563" /><F79/><W23/><G40/><N who="0" m="22927" /><D73/><U108/><E108/><V80/><F84/><W13/><G13/><T126/><D126/><U134/><E118/><V103/><F80/><W43/><G43/><T125/><D125/><U65/><E134/><V49/><F49/><W82/><G82/><T30/><D120/><U7/><E99/><V39/><F103/><W0/><G0/><T58/><D68/><U91/><E101/><V116/><F39/><W98/><G98/><T24/><D30/><U87/><E100/><V33/><F33/><W132/><G132/><T53/><D64/><RYUUKYOKU ba="0,0" sc="399,10,155,-30,207,10,239,10" hai0="1,5,24,29,32,53,58,62,117,119" hai2="2,6,10,56,63,67,116" hai3="15,16,23,41,51,81,85,89,92,95" /><INIT seed="6,1,0,1,3,128" ten="409,125,217,249" oya="2" hai0="18,133,99,129,113,10,63,86,22,110,5,32,54" hai1="135,69,53,46,19,2,26,58,51,25,50,83,27" hai2="134,101,93,102,70,29,104,65,103,114,0,75,80" hai3="81,36,131,3,68,92,35,125,44,76,97,17,132"/><V98/><F0/><W73/><G35/><T37/><D37/><U42/><E69/><V11/><F29/><W57/><G68/><T12/><D99/><U14/><E2/><V49/><F114/><W118/><G118/><T4/><D4/><U28/><E28/><V56/><F70/><W84/><G131/><T116/><D116/><U123/><E123/><V13/><F104/><W89/><G3/><T122/><D122/><U85/><E135/><V33/><F33/><W119/><G132/><T105/><D105/><U120/><E120/><V96/><F134/><W77/><G119/><T60/><D110/><U117/><E117/><V23/><F23/><W126/><G36/><T39/><D113/><U111/><E111/><V30/><F30/><W78/><G44/><T6/><D6/><U31/><E31/><V87/><F75/><W115/><G57/><T127/><D39/><U40/><E40/><V91/><F98/><W108/><G17/><T74/><D74/><U112/><E112/><V90/><F90/><N who="3" m="55447" /><G108/><T9/><D32/><U109/><E109/><V52/><F65/><W106/><G115/><T71/><D71/><U82/><REACH who="1" step="1"/><E85/><REACH who="1" ten="409,115,217,249" step="2"/><V45/><REACH who="2" step="1"/><F56/><REACH who="2" ten="409,115,207,249" step="2"/><W20/><G73/><T43/><D133/><U62/><E62/><V64/><F64/><W130/><G130/><T21/><D129/><U55/><E55/><V100/><F100/><W7/><G106/><T121/><D121/><U124/><E124/><V47/><F47/><W94/><G126/><T107/><D127/><U38/><E38/><V48/><F48/><W66/><G125/><T15/><D107/><RYUUKYOKU ba="1,2" sc="409,-15,115,15,207,15,249,-15" hai1="14,19,25,26,27,42,46,50,51,53,58,82,83" hai2="11,13,45,49,52,80,87,91,93,96,101,102,103" /><INIT seed="6,2,2,1,3,105" ten="394,130,222,234" oya="2" hai0="39,51,33,56,8,2,90,70,52,134,123,103,97" hai1="67,129,104,6,112,66,4,93,5,14,29,130,126" hai2="98,86,49,30,118,74,92,102,107,125,77,11,24" hai3="120,114,100,16,83,36,27,41,47,58,28,37,54"/><V113/><F118/><W55/><G120/><T62/><D123/><U61/><E112/><V116/><F116/><W48/><G114/><T79/><D33/><U106/><E126/><V91/><F11/><W71/><G100/><T81/><D39/><U17/><E29/><V117/><F117/><W34/><G71/><T75/><D134/><U99/><E67/><V19/><F19/><W65/><G65/><T59/><D70/><U64/><E64/><V40/><F113/><W96/><G96/><T128/><D128/><N who="1" m="49259" /><E61/><V9/><F9/><W10/><G55/><T121/><D121/><U68/><E68/><V85/><F125/><W60/><G83/><T89/><D8/><N who="1" m="6343" /><E66/><V7/><F7/><N who="1" m="1793" /><U26/><DORA hai="80" /><E26/><V110/><F86/><W35/><REACH who="3" step="1"/><G35/><REACH who="3" ten="394,130,222,224" step="2"/><T53/><D2/><U124/><E124/><V0/><F40/><W109/><G109/><T101/><D101/><AGARI ba="2,3" hai="93,99,101,104,106" m="1793,6343,49259" machi="101" ten="40,1300,0" yaku="19,1" doraHai="105,80" who="1" fromWho="0" sc="394,-19,130,49,222,0,224,0" /><INIT seed="7,0,0,3,0,21" ten="375,179,222,224" oya="3" hai0="95,1,58,11,98,69,6,117,46,88,35,53,124" hai1="42,0,71,61,122,94,119,41,20,37,109,90,34" hai2="115,24,12,50,30,120,32,125,33,97,40,99,73" hai3="72,126,45,17,52,102,60,84,26,100,65,75,13"/><W76/><G126/><T44/><D69/><U83/><E122/><V49/><F73/><W79/><G75/><T93/><D117/><U48/><E109/><V77/><F120/><W68/><G72/><T86/><D35/><U43/><E34/><V57/><F77/><W114/><G114/><T118/><D118/><U7/><E37/><V63/><F33/><W54/><G26/><T116/><D116/><U5/><E0/><V56/><F50/><W89/><G76/><T87/><D98/><U18/><E83/><V108/><F57/><W31/><G31/><T106/><D106/><U101/><E101/><V19/><F108/><W28/><G28/><T123/><D123/><U81/><E81/><V80/><F80/><W91/><G79/><T59/><D59/><U110/><E110/><V66/><F115/><W16/><G17/><T64/><D64/><U55/><E61/><V2/><F2/><W74/><G74/><T9/><D124/><U23/><E71/><V62/><F62/><W27/><G27/><T104/><D104/><U127/><E127/><V112/><F112/><W132/><G91/><T51/><D9/><U25/><E23/><N who="2" m="11751" /><F125/><W85/><G45/><T15/><D1/><U135/><E119/><V134/><F134/><W8/><G132/><T121/><D121/><U82/><E82/><V29/><F29/><W131/><G68/><T3/><D3/><U39/><E135/><V103/><F103/><W105/><G105/><T14/><D14/><U70/><E70/><V130/><F130/><W92/><G131/><T67/><D67/><U10/><E5/><RYUUKYOKU ba="0,0" sc="375,15,179,-15,222,15,224,-15" hai0="6,11,15,44,46,51,53,58,86,87,88,93,95" hai2="24,30,32,40,49,56,63,66,97,99" owari="390,49.0,164,-34.0,237,4.0,209,-19.0" /></mjloggm>