<mjloggm ver="2.3"><GO type="41"/><UN n0="%E7%B4%94%E5%85%A8%E5%AF%BE%E3%80%85" n1="%E3%82%A6%E3%83%AB%E3%83%88%E3%83%A9%E7%AB%8B%E7%9B%B4" n2="%75%65%6E%73" n3="%61%72%63%65%72" dan="13,15,13,15" rate="1829,1970,1845,2022" sx="M,M,M,M"/><TAIKYOKU oya="0"/><INIT seed="0,0,0,4,4,107" ten="250,250,250,250" oya="0" hai0="124,73,64,69,109,8,88,74,134,84,61,130,87" hai1="86,3,128,110,27,111,14,7,41,92,26,48,121" hai2="43,17,39,21,98,82,6,18,117,94,90,83,42" hai3="30,12,67,0,75,47,34,68,85,5,24,70,33"/><T122/><D122/><U89/><E128/><V37/><F6/><W78/><G34/><T91/><D130/><U127/><E3/><V40/><F117/><W102/><G85/><T51/><D134/><U120/><E48/><V131/><F131/><W112/><G12/><T36/><D36/><U2/><E41/><V31/><F39/><W57/><G57/><T35/><D35/><U62/><E62/><V45/><F31/><W132/><G132/><T38/><D38/><U55/><E55/><V22/><F37/><W113/><G47/><T49/><D124/><U60/><E60/><V81/><REACH who="2" step="1"/><F45/><REACH who="2" step="2"/><W95/><G5/><T63/><D109/><N who="1" m="41483" /><E2/><V9/><F9/><W19/><G0/><T4/><D4/><U133/><E133/><V103/><F103/><W65/><G102/><T79/><D8/><N who="1" m="4383" /><E127/><V56/><F56/><W123/><G30/><T59/><D79/><U32/><E32/><V16/><AGARI ba="0,1" hai="16,17,18,21,22,40,42,43,81,82,83,90,94,98" machi="16" ten="40,12000,2" yaku="1,1,0,1,29,2,8,1,54,1,53,0" doraHai="107" doraHaiUra="53" who="2" fromWho="2" sc="250,-60,250,-30,240,130,250,-30" /><INIT seed="1,0,0,4,5,87" ten="190,220,370,220" oya="1" hai0="129,77,135,32,108,54,94,126,120,51,134,52,15" hai1="23,117,63,18,104,93,62,37,34,92,89,123,82" hai2="24,107,55,49,7,132,10,70,124,20,6,74,102" hai3="122,58,12,110,112,3,75,99,30,22,67,29,115"/><U26/><E123/><V113/><F70/><W98/><G122/><T27/><D120/><U5/><E104/><V86/><F74/><W35/><G75/><T101/><D108/><U0/><E117/><V8/><F107/><W118/><G110/><T78/><D126/><U44/><E34/><V14/><F124/><W9/><G3/><T96/><D129/><U71/><E71/><V46/><F132/><N who="0" m="50730" /><D54/><U91/><E0/><V65/><F102/><W57/><G35/><T100/><D100/><U25/><E5/><V128/><F128/><W116/><G22/><T81/><D81/><U11/><E11/><V90/><F65/><W39/><G9/><T111/><D111/><U53/><E82/><N who="2" m="49495" /><F113/><W133/><G12/><T1/><D1/><U38/><E53/><V131/><F131/><W16/><G133/><T69/><D69/><U59/><E59/><V130/><F130/><W80/><G80/><T105/><D105/><U103/><E103/><V106/><F106/><W61/><G39/><T66/><D66/><U47/><E18/><N who="2" m="8519" /><F10/><W42/><G67/><T85/><D15/><U72/><E72/><V114/><F114/><W76/><G115/><T88/><D27/><U13/><E13/><V95/><F95/><W50/><G112/><T48/><D32/><U119/><E119/><V73/><F73/><W40/><G118/><T121/><D121/><U64/><E64/><V60/><F60/><W56/><G61/><T127/><D127/><U2/><E2/><V36/><F36/><W97/><G116/><T31/><D101/><U45/><E38/><V21/><F21/><RYUUKYOKU ba="0,0" sc="190,-10,220,-10,370,30,220,-10" hai2="6,7,20,24,46,49,55" /><INIT seed="2,1,0,4,3,107" ten="180,210,400,210" oya="2" hai0="93,4,6,66,3,131,45,79,7,46,55,50,103" hai1="23,130,135,91,74,72,43,112,28,113,56,82,53" hai2="58,121,57,2,104,47,84,29,86,62,105,22,54" hai3="70,52,41,14,32,12,106,132,65,124,25,39,71"/><V81/><F2/><W110/><G39/><T77/><D131/><U99/><E43/><V15/><F121/><W96/><G41/><T88/><D3/><U8/><E8/><V119/><F119/><W109/><G132/><T85/><D66/><U101/><E53/><V100/><F105/><W59/><G124/><T17/><D103/><U44/><E56/><V13/><F104/><W80/><G80/><T133/><D133/><U51/><E51/><V94/><F47/><W36/><G36/><T33/><D33/><U108/><E44/><V122/><F122/><W40/><G40/><T9/><D45/><U0/><E23/><V21/><F94/><W69/><G65/><T126/><D126/><U20/><E20/><N who="2" m="7787" /><F100/><W129/><G96/><T26/><D26/><U49/><E28/><V63/><F29/><W27/><G71/><T30/><REACH who="0" step="1"/><D30/><REACH who="0" step="2"/><U115/><E0/><V42/><F42/><W125/><G125/><T38/><D38/><U19/><E135/><V92/><F92/><W78/><G106/><T37/><D37/><U67/><E67/><N who="2" m="39375" /><F84/><W1/><G1/><T18/><D18/><U5/><E19/><V73/><F73/><N who="1" m="28265" /><E5/><V128/><F128/><W11/><G129/><T102/><D102/><U10/><E130/><V83/><F83/><W116/><G32/><T76/><D76/><AGARI ba="1,1" hai="13,15,54,58,63,76,81,86" m="39375,7787" machi="76" ten="30,1500,0" yaku="8,1" doraHai="107" who="2" fromWho="0" sc="170,-18,210,0,400,28,210,0" /><INIT seed="2,2,0,0,2,87" ten="152,210,428,210" oya="2" hai0="65,115,62,7,109,104,24,57,86,121,120,23,82" hai1="96,11,0,89,119,61,132,60,9,67,93,8,106" hai2="3,44,53,35,90,127,118,43,41,10,54,13,111" hai3="134,103,15,85,58,122,28,50,129,95,34,68,22"/><V108/><F35/><W5/><G68/><T1/><D115/><U114/><E114/><V37/><F118/><W88/><G122/><T48/><D104/><U78/><E119/><V125/><F3/><W79/><G34/><T39/><D39/><U100/><E132/><V135/><F135/><W116/><G134/><T21/><D109/><N who="2" m="42058" /><F41/><W42/><G129/><T92/><D92/><U70/><E61/><V94/><F13/><W38/><G38/><T71/><D7/><U2/><REACH who="1" step="1"/><E78/><REACH who="1" step="2"/><V16/><F10/><N who="3" m="4559" /><G79/><T36/><D121/><U29/><E29/><V45/><F45/><N who="3" m="25911" /><G58/><T105/><D120/><U130/><E130/><V123/><F123/><W27/><G116/><T76/><D71/><U113/><E113/><V74/><F74/><W32/><G32/><T47/><D1/><U101/><E101/><AGARI ba="2,1" hai="22,27,28,85,88,95,101,103" m="25911,4559" machi="101" ten="30,3900,0" yaku="8,1,52,1,54,1" doraHai="87" who="3" fromWho="1" sc="152,0,200,-45,428,0,210,55" /><INIT seed="3,0,0,2,0,79" ten="152,155,428,265" oya="3" hai0="31,36,6,72,54,112,23,73,48,21,80,66,74" hai1="92,40,84,96,95,107,37,0,49,100,68,128,118" hai2="93,13,55,83,114,52,53,56,94,101,28,57,102" hai3="60,18,90,15,5,120,77,103,32,61,87,10,8"/><W132/><G120/><T70/><D36/><U98/><E37/><V81/><F28/><W2/><G132/><T122/><D6/><U125/><E68/><V1/><F114/><W67/><G103/><N who="2" m="39433" /><F13/><W113/><G113/><T16/><D122/><U43/><E0/><V41/><F1/><W119/><G119/><T59/><D112/><U86/><E118/><V121/><F41/><W62/><G32/><T19/><D31/><U106/><E49/><V110/><F110/><W109/><G77/><T29/><D29/><U9/><E9/><V82/><F121/><W91/><G109/><T88/><D66/><U4/><E4/><V45/><F45/><W123/><G123/><T42/><D42/><U115/><E115/><V65/><F65/><W27/><G27/><T17/><REACH who="0" step="1"/><D70/><REACH who="0" step="2"/><U69/><E69/><V124/><F124/><W99/><G67/><T3/><D3/><U11/><E43/><V26/><F26/><W133/><G5/><T85/><AGARI ba="0,1" hai="16,17,19,21,23,48,54,59,72,73,74,80,85,88" machi="85" ten="40,16000,3" yaku="1,1,0,1,52,1,54,2,53,3" doraHai="79" doraHaiUra="105" who="0" fromWho="0" sc="142,170,155,-40,428,-40,265,-80" /><INIT seed="4,0,0,5,4,44" ten="312,115,388,185" oya="0" hai0="126,8,112,87,36,132,10,121,20,46,115,25,90" hai1="14,69,74,68,101,21,39,97,104,17,57,128,131" hai2="38,67,119,18,81,82,79,107,6,41,130,110,32" hai3="53,12,1,2,13,102,70,58,84,89,31,27,55"/><T52/><D121/><U7/><E39/><V100/><F110/><W16/><G70/><T24/><D132/><U113/><E74/><V76/><F130/><W95/><G102/><T117/><D117/><U109/><E109/><V9/><F67/><W123/><G123/><T85/><D126/><U0/><E69/><V88/><F32/><W108/><G108/><T106/><D106/><U80/><E68/><V59/><F59/><W116/><G116/><T77/><D36/><U75/><E113/><N who="0" m="43593" /><D77/><U127/><E127/><V29/><F29/><W103/><G103/><T86/><D90/><U114/><E114/><V54/><F54/><W33/><G55/><T72/><D72/><U34/><E80/><V15/><F119/><W4/><G4/><T26/><D20/><U47/><E75/><N who="2" m="43167" /><F100/><W129/><G129/><T71/><D71/><U73/><E73/><V19/><F107/><W51/><REACH who="3" step="1"/><G13/><REACH who="3" step="2"/><T78/><D78/><U48/><E128/><V122/><F15/><W61/><G61/><T98/><D98/><U111/><E131/><V125/><F125/><W64/><G64/><T50/><AGARI ba="0,1" hai="8,10,24,25,26,46,50,52,85,86,87" m="43593" machi="50" ten="40,7800,0" yaku="15,1,52,1,54,1" doraHai="44" who="0" fromWho="0" sc="312,88,115,-26,388,-26,175,-26" /><INIT seed="4,1,0,5,2,15" ten="400,89,362,149" oya="0" hai0="120,54,36,49,6,105,82,61,101,1,0,68,67" hai1="16,66,45,37,58,88,133,26,114,73,43,83,71" hai2="124,79,18,53,24,46,3,102,52,39,96,89,21" hai3="91,108,14,127,117,76,35,132,103,11,31,94,126"/><T25/><D120/><U93/><E71/><V40/><F3/><W48/><G76/><T47/><D82/><U84/><E133/><V121/><F79/><W7/><G117/><T85/><D85/><U60/><E114/><V74/><F74/><W99/><G108/><T86/><D86/><U116/><E116/><V23/><F121/><W59/><G132/><T122/><D122/><U56/><E73/><V90/><F124/><W12/><G12/><T28/><D6/><U63/><E83/><V135/><F135/><W130/><G130/><T72/><D72/><U115/><E115/><V123/><F123/><W77/><G77/><T9/><D9/><U2/><E2/><V13/><F90/><W112/><G91/><T92/><D92/><U118/><E118/><V55/><F89/><W32/><G112/><T100/><D100/><U70/><REACH who="1" step="1"/><E60/><REACH who="1" step="2"/><V27/><REACH who="2" step="1"/><F23/><AGARI ba="1,1" hai="16,23,26,37,43,45,56,58,63,66,70,84,88,93" machi="23" ten="40,12000,2" yaku="1,1,2,1,52,1,54,2,53,1" doraHai="15" doraHaiUra="42" who="1" fromWho="2" sc="400,0,79,133,362,-123,149,0" /><INIT seed="5,0,0,1,2,53" ten="400,212,239,149" oya="1" hai0="65,71,32,40,38,6,88,117,97,36,80,112,82" hai1="74,21,125,15,110,134,98,91,77,44,70,47,57" hai2="29,58,33,100,10,45,96,122,66,23,0,16,25" hai3="87,63,35,113,64,83,8,75,46,129,114,31,28"/><U2/><E2/><V78/><F122/><W7/><G129/><T101/><D32/><U89/><E70/><V116/><F78/><W69/><G75/><T34/><D34/><U27/><E74/><V11/><F116/><W26/><G31/><T54/><D65/><U85/><E110/><V121/><F121/><W99/><G46/><T37/><D71/><U94/><E77/><V106/><F45/><W92/><G83/><T68/><D68/><U22/><E125/><V90/><F0/><W103/><REACH who="3" step="1"/><G87/><REACH who="3" step="2"/><T127/><D82/><U39/><E39/><V48/><F90/><W55/><G55/><T105/><D38/><U79/><E79/><V14/><REACH who="2" step="1"/><F66/><REACH who="2" step="2"/><W95/><G95/><T51/><D88/><N who="1" m="53519" /><E47/><V61/><F61/><W81/><G81/><T118/><D118/><U115/><E44/><V107/><F107/><W108/><G108/><T4/><D37/><U124/><E91/><V123/><F123/><W62/><G62/><T111/><D36/><U84/><E89/><V119/><F119/><W109/><G109/><T17/><D111/><U42/><E84/><V3/><F3/><AGARI ba="0,2" hai="3,7,8,26,28,35,63,64,69,92,99,103,113,114" machi="3" ten="40,1300,0" yaku="1,1,53,0" doraHai="53" doraHaiUra="19" who="3" fromWho="2" sc="400,0,212,0,229,-13,139,33" /><INIT seed="6,0,0,4,1,129" ten="400,212,216,172" oya="2" hai0="2,63,24,31,39,128,103,92,134,101,64,4,47" hai1="110,93,135,56,86,23,84,121,114,55,85,16,17" hai2="20,98,115,70,99,118,0,90,65,76,82,91,5" hai3="132,88,83,74,15,44,62,9,37,7,10,80,38"/><V66/><F118/><W11/><G62/><T69/><D4/><U113/><E110/><V117/><F117/><W67/><G67/><T68/><D69/><U29/><E121/><V52/><F5/><W8/><G83/><T123/><D2/><U18/><E135/><V127/><F127/><W77/><G132/><T12/><D134/><U108/><E108/><V94/><F0/><W3/><G88/><T50/><D39/><U122/><E122/><V100/><F20/><W87/><G87/><T116/><D128/><U96/><E29/><V25/><F25/><W125/><G125/><T126/><D126/><U46/><E46/><V28/><F28/><W124/><G124/><T109/><D109/><U42/><E42/><V106/><F70/><W61/><G61/><T35/><D123/><U36/><E36/><V19/><F19/><W97/><G97/><T34/><D34/><U53/><E23/><V102/><F115/><N who="1" m="44041" /><E56/><V112/><F112/><W26/><G26/><T27/><D27/><U13/><E13/><V131/><F131/><W133/><G133/><T41/><D116/><U105/><E105/><V73/><F66/><W30/><G30/><T21/><D92/><U58/><E58/><V33/><F65/><W104/><G104/><T48/><D50/><U45/><E45/><V51/><F33/><W43/><G38/><T49/><D48/><U22/><E22/><V32/><REACH who="2" step="1"/><F32/><REACH who="2" step="2"/><W6/><AGARI ba="0,1" hai="3,6,7,8,9,10,11,15,37,43,44,74,77,80" machi="6" ten="20,5200,0" yaku="0,1,7,1,25,2" doraHai="129" who="3" fromWho="3" sc="400,-13,212,-13,206,-26,172,62" /><INIT seed="7,0,0,2,3,96" ten="387,199,180,234" oya="3" hai0="23,130,43,70,14,127,40,12,79,66,69,85,17" hai1="78,117,94,62,15,103,31,65,41,86,22,32,55" hai2="42,58,119,124,30,76,3,97,50,122,120,105,100" hai3="57,46,60,98,84,52,13,107,25,104,21,6,111"/><W49/><G111/><T74/><D74/><U61/><E117/><V90/><F3/><W129/><G129/><T11/><D130/><U29/><E32/><V125/><F119/><W108/><G108/><T2/><D2/><U87/><E41/><V91/><F30/><N who="1" m="11273" /><E65/><V82/><F42/><W81/><G98/><T4/><D127/><N who="2" m="48714" /><F58/><W109/><G109/><T35/><D35/><U27/><E15/><V53/><F53/><W80/><G107/><T116/><D116/><U67/><E67/><V33/><F50/><W18/><G104/><T132/><D66/><U44/><E103/><V99/><F33/><W20/><G20/><T24/><D69/><U56/><E44/><V1/><F97/><W59/><G81/><N who="0" m="47295" /><D70/><U19/><E62/><V45/><F1/><W88/><REACH who="3" step="1"/><G60/><REACH who="3" step="2"/><T54/><D43/><U92/><E78/><V110/><F110/><W95/><G95/><AGARI ba="0,1" hai="19,22,27,55,56,61,86,87,92,94,95" m="11273" machi="95" ten="30,1000,0" yaku="8,1" doraHai="96" who="1" fromWho="3" sc="387,0,199,20,180,0,224,-10" owari="387,49,219,2,180,-32,214,-19" /></mjloggm>