<mjloggm ver="2.3"><GO type="41"/><UN n0="%4E%4F%42%EF%BC%88%E7%89%B9%E5%88%A5%EF%BC%89" n1="%EF%BC%88%E2%89%A7%E2%96%BD%E2%89%A6%EF%BC%89" n2="%E9%96%A2%E7%AF%80%E5%8C%85%E5%86%85%E9%81%8B%E5%8B%95" n3="%4E%6F%61%6B%61%67%69" dan="14,14,13,15" rate="1990,2057,1884,1997" sx="M,M,M,M"/><TAIKYOKU oya="0"/><INIT seed="0,0,0,2,4,7" ten="250,250,250,250" oya="0" hai0="64,25,112,132,44,104,122,3,120,70,105,108,35" hai1="102,96,47,97,60,82,12,91,49,17,15,62,118" hai2="135,1,29,5,52,16,0,65,40,129,71,39,113" hai3="8,103,76,11,131,63,109,58,18,48,101,89,90"/><T68/><D44/><U125/><E118/><V19/><F113/><W87/><G131/><T69/><D64/><U55/><E125/><V6/><F29/><W117/><G117/><T59/><D59/><U61/><E102/><N who="3" m="38922" /><G109/><T41/><D41/><U127/><E127/><V116/><F116/><W106/><G106/><T124/><D25/><U2/><E2/><V24/><F40/><W114/><G114/><T32/><D124/><U73/><E73/><V66/><F39/><W134/><G134/><T9/><D112/><U84/><REACH who="1" step="1"/><E15/><REACH who="1" step="2"/><V79/><F24/><W115/><G115/><T50/><D108/><U51/><E51/><V43/><F129/><W81/><G48/><T126/><D50/><U121/><E121/><N who="0" m="46697" /><D126/><U123/><E123/><V111/><F111/><W130/><G130/><T95/><D132/><U75/><E75/><V74/><F74/><W85/><G18/><T10/><D3/><U36/><E36/><V94/><F135/><W119/><G119/><T78/><D78/><U27/><E27/><V31/><F79/><W13/><G13/><T20/><D95/><U45/><E45/><V110/><F94/><N who="3" m="54575" /><G76/><T30/><D30/><U37/><E37/><V99/><F31/><W28/><G28/><T42/><D42/><U128/><E128/><V53/><F43/><W100/><N who="3" m="38930" /><W4/><DORA hai="133" /><G4/><T67/><D20/><AGARI ba="0,1" hai="12,17,20,47,49,55,60,61,62,82,84,91,96,97" machi="20" ten="40,2600,0" yaku="1,1,8,1,53,0" doraHai="7,133" doraHaiUra="54,26" who="1" fromWho="0" sc="250,-26,240,36,250,0,250,0" /><INIT seed="1,0,0,1,2,21" ten="224,276,250,250" oya="1" hai0="74,112,87,95,101,117,116,84,128,65,48,26,66" hai1="120,126,103,7,86,15,47,108,68,113,132,56,75" hai2="12,9,58,17,61,115,134,118,59,130,90,106,67" hai3="43,64,93,122,39,76,88,129,6,41,27,35,24"/><U51/><E120/><V98/><F118/><N who="0" m="45674" /><D65/><U89/><E113/><V57/><F115/><W54/><G122/><T49/><D66/><U60/><E68/><V52/><F134/><W97/><G39/><T96/><D49/><U50/><E75/><V77/><F130/><W99/><G129/><T71/><D48/><U42/><E132/><V133/><F133/><W0/><G35/><T127/><D71/><U31/><E126/><V3/><F77/><W23/><G0/><T14/><D14/><U111/><E103/><V73/><F73/><W5/><G76/><T107/><D26/><N who="3" m="9769" /><G64/><T37/><D37/><N who="1" m="21967" /><E31/><V114/><F114/><W30/><G30/><T28/><D28/><U131/><E131/><V11/><F3/><W85/><G23/><T8/><D8/><N who="2" m="3146" /><F106/><W102/><G54/><T125/><D112/><U72/><E72/><V40/><F40/><N who="3" m="15435" /><G99/><N who="0" m="61887" /><D74/><U25/><E25/><V82/><F67/><W80/><AGARI ba="0,0" hai="5,6,80,85,88,93,97,102" m="15435,9769" machi="80" ten="30,8000,1" yaku="8,1,52,3,54,1" doraHai="21" who="3" fromWho="3" sc="224,-20,276,-40,250,-20,250,80" /><INIT seed="2,0,0,2,5,87" ten="204,236,230,330" oya="2" hai0="117,91,118,9,73,77,83,96,68,114,4,42,62" hai1="111,38,41,23,113,35,34,25,58,21,85,55,60" hai2="131,100,105,51,37,13,67,95,98,119,97,5,81" hai3="29,40,70,31,8,74,53,17,89,112,36,26,86"/><V0/><F119/><W129/><G74/><T135/><D42/><U32/><E113/><V20/><F37/><W94/><G70/><T18/><D18/><U127/><E127/><V46/><F131/><W93/><G129/><T6/><D114/><U57/><E111/><V122/><F122/><W47/><G112/><T109/><D109/><U102/><E102/><V64/><F81/><W134/><G134/><T69/><D135/><U90/><E38/><V79/><F79/><W101/><G53/><T99/><D83/><U125/><E41/><V65/><F0/><W45/><G45/><T50/><D77/><U33/><E125/><V19/><F5/><W54/><G54/><T56/><D50/><U106/><E106/><V10/><F10/><W92/><G101/><T49/><D49/><U61/><E25/><V116/><F116/><W22/><REACH who="3" step="1"/><G8/><REACH who="3" step="2"/><T48/><D9/><U72/><E72/><V2/><F2/><W11/><G11/><T88/><D73/><U107/><E107/><V71/><F71/><W84/><G84/><T104/><D56/><U16/><E58/><V124/><F124/><W132/><G132/><T39/><D104/><U1/><E57/><V120/><F120/><W110/><G110/><T123/><D39/><U80/><E85/><V30/><F67/><W115/><G115/><T28/><D123/><U108/><E108/><V14/><F65/><W121/><G121/><T133/><D133/><U3/><E61/><V82/><F64/><W7/><G7/><T43/><D48/><U130/><E130/><V52/><F105/><W15/><G15/><RYUUKYOKU ba="0,1" sc="204,-10,236,-10,230,-10,320,30" hai3="17,22,26,29,31,36,40,47,86,89,92,93,94" /><INIT seed="3,1,1,2,4,69" ten="194,226,220,350" oya="3" hai0="114,127,94,9,72,13,2,129,47,14,19,131,113" hai1="6,1,10,61,118,36,20,42,126,5,22,31,39" hai2="79,81,122,63,24,82,53,101,49,97,60,54,124" hai3="4,52,99,66,25,21,30,95,116,58,50,59,135"/><W93/><G135/><T7/><D72/><U37/><E126/><V15/><F124/><W71/><G116/><T65/><D65/><U17/><E118/><V32/><F122/><W80/><G71/><T38/><D94/><U100/><E42/><V121/><F121/><W134/><G134/><T55/><D55/><U34/><E6/><V75/><F82/><W123/><G123/><T57/><D57/><U29/><E100/><V51/><F15/><N who="0" m="5642" /><D47/><U87/><E34/><V96/><F32/><W64/><G4/><T83/><D83/><U40/><E40/><V120/><F24/><W12/><G12/><T132/><D38/><U111/><E111/><V103/><F120/><W119/><G119/><T110/><D132/><U3/><E3/><V23/><F23/><W115/><G115/><N who="0" m="44043" /><D19/><U128/><E17/><V88/><F81/><W33/><G80/><T108/><D127/><U117/><E117/><V77/><F75/><W106/><G106/><T26/><D26/><U56/><E87/><V133/><F133/><W46/><G93/><T85/><D85/><U78/><E78/><V45/><F88/><W68/><G68/><T43/><D43/><U91/><E91/><V104/><F104/><W11/><G95/><T70/><D70/><U0/><E0/><V112/><F112/><W18/><G99/><T44/><D44/><AGARI ba="1,1" hai="44,45,49,51,53,54,60,63,77,79,96,97,101,103" machi="44" ten="25,3200,0" yaku="22,2,8,1" doraHai="69" who="2" fromWho="0" sc="194,-35,226,0,220,45,350,0" /><INIT seed="4,0,0,5,4,19" ten="159,226,265,350" oya="0" hai0="88,117,68,55,79,127,35,99,31,39,2,116,37" hai1="56,26,7,66,24,25,6,4,108,46,106,111,83" hai2="94,85,81,18,36,59,70,58,10,61,15,38,124" hai3="87,78,95,12,122,112,64,92,50,107,125,121,120"/><T69/><D55/><U100/><E46/><V0/><F124/><W73/><G125/><T40/><D40/><U34/><E34/><V105/><F105/><W23/><G112/><T96/><D88/><U101/><E83/><V62/><F70/><N who="0" m="27242" /><D79/><U97/><REACH who="1" step="1"/><E101/><REACH who="1" step="2"/><V57/><F94/><W33/><G95/><T8/><D127/><U63/><AGARI ba="0,1" hai="4,6,7,24,25,26,56,63,66,97,100,106,108,111" machi="63" ten="40,5200,0" yaku="1,1,2,1,0,1,53,0" doraHai="19" doraHaiUra="65" who="1" fromWho="1" sc="159,-26,216,62,265,-13,350,-13" /><INIT seed="5,0,0,4,3,50" ten="133,278,252,337" oya="1" hai0="29,101,89,44,24,32,106,74,135,71,48,31,113" hai1="49,3,91,56,10,116,52,63,119,65,132,82,46" hai2="28,20,21,123,1,36,43,70,59,87,47,104,120" hai3="64,90,80,100,129,76,102,15,33,72,16,69,2"/><U84/><REACH who="1" step="1"/><E132/><REACH who="1" step="2"/><V55/><F104/><W103/><G129/><T39/><D135/><U92/><E92/><V40/><F70/><W130/><G130/><T107/><D113/><U19/><E19/><V109/><F109/><W37/><G37/><T88/><D39/><U125/><E125/><V115/><F43/><W114/><G114/><T35/><D71/><U111/><E111/><V4/><F115/><W18/><G18/><T127/><D127/><U128/><E128/><V25/><F21/><W134/><G134/><T73/><D44/><U13/><E13/><V14/><F1/><W67/><G2/><T133/><D133/><U12/><E12/><V97/><F14/><W117/><G117/><T110/><D110/><U121/><E121/><V93/><F4/><AGARI ba="0,1" hai="3,4,10,46,49,52,56,63,65,82,84,91,116,119" machi="4" ten="40,12000,1" yaku="21,2,52,1,54,1,53,0" doraHai="50" doraHaiUra="66" who="1" fromWho="2" sc="133,0,268,130,252,-120,337,0" /><INIT seed="5,1,0,5,5,88" ten="133,398,132,337" oya="1" hai0="42,133,134,85,36,60,29,31,45,94,115,108,77" hai1="65,76,131,58,22,30,78,81,112,103,44,24,129" hai2="9,102,2,118,41,120,17,82,18,27,124,121,127" hai3="83,98,10,117,119,109,47,13,75,86,71,91,33"/><U59/><E112/><V73/><F118/><N who="3" m="45067" /><G109/><T5/><D108/><U25/><E103/><V38/><F102/><W6/><G33/><T130/><D115/><U3/><E3/><V92/><F27/><W104/><G71/><T43/><D43/><U111/><E111/><V34/><F34/><W11/><G47/><T105/><D105/><U35/><E44/><N who="2" m="23607" /><F92/><N who="3" m="56607" /><G75/><T84/><D130/><N who="1" m="49675" /><E65/><V67/><F18/><W52/><G11/><T68/><D5/><U90/><E90/><V53/><F53/><W132/><G132/><T87/><D60/><U8/><E8/><V50/><F50/><W0/><G0/><T66/><D66/><U89/><E89/><V101/><F101/><W95/><G95/><T135/><D68/><U64/><E64/><V72/><F67/><W74/><G74/><N who="2" m="28777" /><F82/><W4/><G4/><T39/><D77/><N who="1" m="29803" /><E81/><V48/><F48/><W28/><G28/><AGARI ba="1,0" hai="22,24,25,28,30,35,58,59" m="29803,49675" machi="28" ten="30,1500,0" yaku="19,1" doraHai="88" who="1" fromWho="3" sc="133,0,398,18,132,0,337,-18" /><INIT seed="5,2,0,1,1,92" ten="133,416,132,319" oya="1" hai0="81,24,33,115,19,68,58,90,118,70,23,29,63" hai1="35,117,55,39,13,120,127,79,11,132,113,124,31" hai2="119,73,66,32,26,59,43,104,131,57,2,98,14" hai3="15,110,105,103,67,0,65,30,45,109,111,18,126"/><U21/><E39/><V47/><F73/><W6/><G126/><N who="1" m="48170" /><E120/><V48/><F119/><W61/><G45/><T112/><D118/><U78/><E117/><V108/><F108/><W122/><G122/><T60/><D81/><U135/><E55/><V28/><F2/><W56/><G30/><T1/><D1/><U102/><E102/><V46/><F131/><W86/><G86/><T8/><D8/><U54/><E54/><V123/><F123/><W121/><G121/><T62/><D58/><U17/><E113/><V50/><F14/><W134/><G134/><N who="1" m="51242" /><E35/><V99/><F104/><W101/><G67/><T85/><D68/><U130/><E130/><V3/><F3/><W96/><G103/><T83/><REACH who="0" step="1"/><D70/><REACH who="0" step="2"/><U93/><E11/><V10/><F10/><W77/><G110/><T97/><D97/><U71/><E71/><V64/><F64/><W106/><G109/><T133/><D133/><U12/><E79/><V4/><F4/><W53/><G77/><T44/><D44/><U89/><E78/><V125/><F125/><W91/><G6/><T22/><D22/><U37/><E21/><N who="2" m="15439" /><F66/><W114/><G65/><T69/><D69/><U42/><E37/><V128/><F32/><W95/><G111/><T52/><D52/><U38/><E38/><V82/><F128/><W7/><G53/><T75/><D75/><U94/><E42/><N who="2" m="24663" /><F82/><W25/><G7/><T129/><D129/><U76/><E76/><V72/><F72/><W107/><G0/><T40/><D40/><U16/><E31/><V41/><F41/><W88/><G56/><AGARI ba="2,1" hai="43,47,50,56,57,59,98,99" m="24663,15439" machi="56" ten="30,3900,0" yaku="8,1,52,2" doraHai="92" who="2" fromWho="3" sc="123,0,416,0,132,55,319,-45" /><INIT seed="6,0,0,3,0,18" ten="123,416,187,274" oya="2" hai0="84,3,112,64,49,53,117,101,16,130,78,31,77" hai1="131,10,29,11,52,129,124,96,61,105,48,70,9" hai2="34,67,7,86,98,109,39,58,107,121,40,17,97" hai3="80,55,90,83,122,75,82,14,115,74,120,1,108"/><V62/><F121/><N who="3" m="46699" /><G1/><T66/><D3/><U36/><E36/><V95/><F34/><W73/><G14/><T45/><D117/><U133/><E133/><V69/><F7/><W71/><G71/><T114/><D130/><N who="1" m="49675" /><E29/><V54/><F109/><W116/><G55/><T30/><D101/><N who="1" m="62631" /><E124/><V57/><F107/><W12/><G12/><T38/><D38/><U35/><E35/><V33/><F33/><W93/><G116/><T81/><D78/><U92/><E92/><V6/><F6/><W42/><G42/><T68/><D68/><U0/><E0/><V72/><F72/><W60/><G60/><T13/><D112/><U32/><E32/><V76/><F58/><W63/><G63/><T106/><D114/><U5/><E5/><V85/><F17/><W119/><G119/><T102/><D102/><U46/><E9/><V135/><F135/><W113/><G108/><T128/><D106/><U23/><E23/><V19/><F19/><W4/><G4/><T100/><D100/><U56/><E70/><V20/><F20/><W79/><G79/><T24/><D128/><U89/><E89/><N who="2" m="55535" /><F98/><AGARI ba="0,0" hai="73,74,75,80,82,83,90,93,98,113,115" m="46699" machi="98" ten="40,2600,0" yaku="34,2" doraHai="18" who="3" fromWho="2" sc="123,0,416,0,187,-26,274,26" /><INIT seed="7,0,0,4,5,20" ten="123,416,161,300" oya="3" hai0="39,16,116,91,14,55,59,51,44,19,9,70,29" hai1="105,33,18,133,81,4,22,125,113,103,97,52,131" hai2="107,71,45,88,79,80,64,0,7,119,42,109,68" hai3="24,99,86,27,121,72,25,3,5,54,106,49,92"/><W11/><G121/><T46/><D70/><U2/><E33/><V1/><F109/><W83/><G72/><T128/><D116/><U12/><E113/><V78/><F119/><W57/><G106/><T111/><D111/><U135/><E131/><V67/><F79/><W30/><G92/><T100/><D128/><U31/><E31/><V10/><F67/><W36/><G36/><T74/><D74/><U60/><E125/><V76/><F107/><W13/><G99/><T117/><D117/><U53/><E81/><V32/><F78/><W96/><G96/><T124/><D124/><U23/><E23/><V75/><F88/><N who="3" m="51295" /><G3/><T56/><D100/><U126/><E126/><V112/><F112/><W15/><G15/><T101/><D101/><U104/><E104/><V6/><F32/><W84/><G84/><T43/><D19/><U95/><E105/><V94/><F94/><W26/><N who="3" m="6656" /><DORA hai="50" /><W122/><G122/><T17/><D17/><U90/><E103/><V37/><F64/><W66/><G66/><T89/><REACH who="0" step="1"/><D29/><AGARI ba="0,0" hai="5,11,13,29,30,49,54,57" m="6656,51295" machi="29" ten="40,18000,2" yaku="8,1,52,5,54,1" doraHai="20,50" who="3" fromWho="0" sc="123,-180,416,0,161,0,300,180" owari="-57,-56.0,416,22.0,161,-24.0,480,58.0" /></mjloggm>