<mjloggm ver="2.3"><GO type="169"/><UN n0="%EF%BC%A0%E6%A3%AE" n1="%EF%BC%88%E2%89%A7%E2%96%BD%E2%89%A6%EF%BC%89" n2="%E5%B2%A1%E6%9D%91" n3="%E3%83%A4%E3%82%AD%E3%83%B3" dan="17,17,17,17" rate="2119,2090,2116,2188" sx="F,M,M,M"/><TAIKYOKU oya="0"/><INIT seed="0,0,0,5,0,110" ten="250,250,250,250" oya="0" hai0="54,38,14,16,35,130,118,73,23,51,134,131,11" hai1="40,45,86,75,99,32,29,135,81,69,52,104,58" hai2="111,108,5,56,4,33,133,67,8,122,9,65,85" hai3="116,3,112,31,19,44,93,97,13,117,100,87,70"/><T26/><D73/><U95/><E69/><V72/><F122/><W30/><G3/><T98/><D118/><U1/><E135/><V79/><F72/><W132/><G70/><T91/><D38/><U47/><E1/><V78/><F33/><W107/><G132/><T109/><D134/><U94/><E75/><V10/><F133/><W90/><G116/><T77/><D77/><N who="2" m="29194" /><F85/><W57/><G117/><T71/><D71/><U76/><E104/><V0/><F56/><W120/><G120/><T59/><D35/><U43/><E29/><V12/><F12/><W127/><G127/><T37/><D37/><U82/><E82/><V20/><F20/><W34/><G34/><T42/><D42/><N who="1" m="15915" /><E32/><V83/><F83/><W28/><G57/><T60/><D109/><N who="2" m="42058" /><F0/><W124/><G124/><T92/><REACH who="0" step="1"/><D51/><REACH who="0" ten="240,250,250,250" step="2"/><N who="1" m="31007" /><E94/><V55/><F55/><W89/><G93/><T113/><D113/><U36/><E36/><V61/><F61/><W115/><G112/><T18/><AGARI ba="0,1" hai="11,14,16,18,23,26,54,59,60,91,92,98,130,131" machi="18" ten="30,18000,2" yaku="1,1,0,1,25,2,54,1,53,1" doraHai="110" doraHaiUra="17" who="0" fromWho="0" sc="240,190,250,-60,250,-60,250,-60" /><INIT seed="0,1,0,3,1,105" ten="430,190,190,190" oya="0" hai0="66,42,78,3,41,120,130,88,49,35,134,85,67" hai1="21,132,14,26,127,77,70,94,113,122,65,50,98" hai2="95,89,19,48,96,39,30,110,131,47,112,133,125" hai3="15,1,116,91,102,45,23,84,11,71,0,20,109"/><T4/><D35/><U80/><E122/><V40/><F112/><W28/><G116/><T99/><D120/><U64/><E113/><V33/><F131/><W72/><G71/><T8/><D130/><U69/><E132/><V53/><F133/><W36/><G102/><T87/><D134/><U29/><E127/><V56/><F125/><W10/><G109/><T76/><D99/><U81/><E70/><V124/><F124/><W37/><G72/><T111/><D111/><U75/><E69/><V61/><F110/><W58/><G58/><T82/><D76/><U103/><E80/><V51/><REACH who="2" step="1"/><F19/><REACH who="2" ten="430,190,180,190" step="2"/><W62/><G28/><T74/><D85/><U43/><REACH who="1" step="1"/><E14/><REACH who="1" ten="430,180,180,190" step="2"/><V119/><F119/><W73/><G15/><T63/><D3/><U13/><E13/><V92/><F92/><W101/><G1/><T114/><D114/><U104/><E104/><V46/><F46/><AGARI ba="1,2" hai="21,26,29,43,46,50,64,65,75,77,81,94,98,103" machi="46" ten="40,2600,0" yaku="1,1,52,1,53,0" doraHai="105" doraHaiUra="12" who="1" fromWho="2" sc="430,0,180,49,180,-29,190,0" /><INIT seed="1,0,0,5,5,40" ten="430,229,151,190" oya="1" hai0="129,30,108,106,60,51,87,83,5,91,19,70,34" hai1="25,65,88,44,16,121,53,116,37,124,71,39,119" hai2="135,43,23,47,80,7,81,115,68,27,84,118,0" hai3="52,24,48,38,36,110,114,69,72,131,94,99,2"/><U122/><E124/><V64/><F118/><N who="1" m="45097" /><E25/><V77/><F115/><W63/><G114/><T62/><D106/><U134/><E16/><V102/><F102/><W11/><G72/><T100/><D5/><U18/><E18/><V117/><F117/><W49/><G24/><T127/><D19/><U112/><E88/><V101/><F101/><W120/><G120/><N who="1" m="46186" /><E112/><V66/><F68/><W89/><G2/><T132/><D91/><U103/><E103/><V57/><F0/><W1/><G1/><T46/><D100/><U109/><E109/><V61/><F7/><W17/><G110/><T9/><D108/><U4/><E4/><V13/><F13/><W128/><G11/><T3/><D9/><U97/><E97/><V133/><F81/><W8/><G8/><T14/><D3/><U75/><E75/><V105/><F105/><W98/><G17/><T33/><D14/><U58/><E134/><N who="2" m="51211" /><F27/><W21/><G89/><T10/><D132/><U26/><E26/><V45/><F23/><W29/><G21/><T92/><D10/><U85/><E71/><V113/><F113/><W56/><G69/><T104/><D70/><U28/><E28/><V126/><F126/><W86/><G29/><T20/><D127/><U82/><E82/><V125/><F125/><W54/><G94/><T96/><D92/><U123/><N who="1" m="46194" /><U42/><DORA hai="35" /><E37/><V6/><F6/><W22/><G22/><T74/><D20/><U73/><E73/><V31/><F31/><W15/><G86/><T93/><D30/><U50/><E85/><V32/><F32/><W41/><G15/><RYUUKYOKU ba="0,0" sc="430,-10,229,30,151,-10,190,-10" hai1="39,42,44,50,53,58,65" /><INIT seed="1,1,0,4,0,17" ten="420,259,141,180" oya="1" hai0="115,110,67,32,10,112,121,43,94,62,97,135,104" hai1="114,86,53,132,49,41,26,69,4,50,122,46,124" hai2="29,12,35,31,130,66,8,82,44,47,0,100,39" hai3="103,96,73,65,117,119,2,85,28,98,108,79,107"/><U6/><E122/><V7/><F130/><W54/><G2/><T111/><D32/><U59/><E114/><N who="0" m="43561" /><D104/><U75/><E75/><V127/><F127/><W16/><G28/><T60/><D43/><U58/><E124/><V78/><F100/><W3/><G3/><T25/><D25/><U128/><E69/><V42/><F66/><W92/><G65/><T14/><D135/><U80/><E132/><V55/><F35/><W72/><G54/><T84/><D67/><U34/><E128/><V74/><REACH who="2" step="1"/><F12/><REACH who="2" ten="420,259,131,180" step="2"/><W19/><G103/><N who="0" m="60855" /><D121/><U113/><E113/><V116/><F116/><W23/><G119/><T83/><D14/><U109/><E34/><V118/><F118/><W11/><G117/><T21/><D110/><U38/><E109/><V123/><F123/><W48/><G108/><T33/><D111/><U129/><E129/><V61/><F61/><W13/><G13/><T45/><D60/><U90/><E26/><V101/><F101/><W87/><G107/><T91/><D62/><U102/><E102/><V125/><F125/><W27/><G27/><T56/><D33/><U120/><E120/><V63/><F63/><W40/><G11/><T95/><D10/><U106/><E106/><V57/><F57/><W64/><G64/><T134/><D56/><U37/><E59/><V51/><AGARI ba="1,1" hai="0,7,8,29,31,39,42,44,47,51,55,74,78,82" machi="51" ten="30,7900,0" yaku="1,1,0,1,25,2,53,0" doraHai="17" doraHaiUra="89" who="2" fromWho="2" sc="420,-21,259,-40,131,92,180,-21" /><INIT seed="2,0,0,4,1,24" ten="399,219,223,159" oya="2" hai0="2,108,10,100,127,130,43,93,20,76,78,116,23" hai1="96,65,22,87,112,59,104,124,120,67,48,53,9" hai2="37,122,82,74,69,40,115,88,0,49,117,6,70" hai3="99,61,32,51,102,56,64,114,109,123,4,106,18"/><V75/><F122/><W83/><G123/><T135/><D108/><U46/><E120/><V28/><F117/><W107/><G4/><T98/><D116/><U8/><E112/><V119/><F119/><W132/><G109/><T31/><D127/><U13/><E124/><V63/><F115/><W62/><G114/><T66/><D130/><U95/><E104/><V27/><F49/><W111/><G111/><T45/><D135/><U12/><E87/><V128/><F128/><W84/><G132/><T129/><D129/><U17/><E46/><N who="2" m="23823" /><F88/><W101/><G32/><T103/><D103/><U41/><E41/><V72/><F63/><W80/><G51/><T35/><D66/><U68/><E68/><V16/><F16/><W131/><G131/><T44/><D45/><U86/><E86/><V26/><F26/><W57/><G18/><T71/><D71/><U94/><E94/><V1/><F82/><W105/><G83/><T54/><D43/><U126/><E126/><V14/><F14/><W89/><REACH who="3" step="1"/><G102/><REACH who="3" ten="399,219,223,149" step="2"/><T118/><D100/><N who="1" m="60447" /><E22/><V79/><F1/><W85/><G85/><T60/><D23/><U125/><E125/><V90/><F0/><W110/><G110/><T3/><D2/><U19/><AGARI ba="0,1" hai="8,9,12,13,17,19,48,53,59,65,67" m="60447" machi="19" ten="30,1100,0" yaku="8,1" doraHai="24" who="1" fromWho="1" sc="399,-3,219,21,223,-5,149,-3" /><INIT seed="3,0,0,4,2,125" ten="396,240,218,146" oya="3" hai0="101,45,76,6,30,18,2,109,68,94,93,83,113" hai1="77,124,96,105,78,115,44,84,85,86,87,99,106" hai2="38,39,25,61,31,59,131,34,121,97,57,49,100" hai3="128,126,63,4,48,50,111,66,13,58,91,71,55"/><W73/><G73/><T127/><D68/><U35/><E35/><V56/><F121/><W5/><G126/><T14/><D127/><U132/><E124/><V81/><F81/><W108/><G13/><T37/><D109/><N who="3" m="42057" /><G128/><T104/><D113/><U0/><E0/><V40/><F131/><W29/><G29/><T116/><D116/><U10/><E10/><V20/><F34/><W26/><G26/><T47/><D30/><U28/><E28/><V112/><F112/><W7/><G91/><T36/><D6/><U79/><E115/><V133/><F133/><W17/><G17/><T120/><D2/><U43/><E132/><V67/><F39/><W19/><G19/><T110/><D110/><U75/><E75/><V16/><F38/><W11/><G11/><T1/><D1/><U98/><N who="1" m="21504" /><DORA hai="60" /><U135/><REACH who="1" step="1"/><E135/><REACH who="1" ten="396,230,218,146" step="2"/><V15/><F31/><W21/><G21/><T24/><D83/><U62/><E62/><AGARI ba="0,1" hai="4,5,7,48,50,55,58,62,63,66,71" m="42057" machi="62" ten="30,5800,0" yaku="14,1,10,1,52,1" doraHai="125,60" who="3" fromWho="1" sc="396,0,230,-58,218,0,146,68" /><INIT seed="3,1,0,2,5,100" ten="396,172,218,214" oya="3" hai0="90,105,66,1,30,126,63,108,111,15,61,78,32" hai1="20,74,29,52,110,95,70,6,22,113,72,35,68" hai2="64,79,119,60,91,104,77,103,71,112,11,97,58" hai3="14,129,19,42,81,17,44,40,89,45,12,36,26"/><W39/><G129/><T56/><D1/><U120/><E113/><V28/><F112/><W16/><REACH who="3" step="1"/><G26/><REACH who="3" ten="396,172,218,204" step="2"/><T130/><D130/><U67/><E120/><V24/><F119/><W47/><G47/><T41/><D126/><U93/><E110/><V9/><F91/><W124/><G124/><T33/><D90/><U59/><E70/><V101/><F101/><W25/><G25/><T107/><D108/><U84/><E68/><V54/><F77/><W23/><G23/><T98/><D78/><U115/><E22/><V92/><F79/><W102/><G102/><T127/><D111/><U134/><E20/><V38/><F38/><W85/><AGARI ba="1,1" hai="12,14,16,17,19,36,39,40,42,44,45,81,85,89" machi="85" ten="30,11700,0" yaku="1,1,0,1,9,1,54,1,53,0" doraHai="100" doraHaiUra="0" who="3" fromWho="3" sc="396,-40,172,-40,218,-40,204,130" /><INIT seed="3,2,0,2,2,84" ten="356,132,178,334" oya="3" hai0="98,65,108,35,124,56,119,64,87,7,133,41,52" hai1="58,70,53,107,68,78,91,20,120,126,19,103,132" hai2="4,44,57,17,118,54,95,81,76,115,88,6,28" hai3="94,39,45,128,1,61,72,25,106,2,125,42,69"/><W33/><G106/><T86/><D119/><U12/><E120/><V48/><F118/><W23/><G125/><T71/><D35/><U134/><E126/><V26/><F115/><W43/><G33/><T29/><D29/><U93/><E78/><V101/><F101/><W30/><G72/><T38/><D124/><U112/><E112/><V77/><F17/><W73/><G73/><T109/><D133/><N who="1" m="51307" /><E103/><V37/><F37/><W15/><G128/><T10/><D98/><N who="1" m="57663" /><E107/><V130/><F130/><W13/><G43/><T46/><D10/><U80/><E80/><V59/><F77/><W117/><G117/><T92/><D7/><N who="2" m="2602" /><F81/><W83/><G83/><T105/><D105/><U8/><E8/><V75/><F76/><W122/><G122/><T21/><D21/><U67/><E67/><V0/><F75/><W9/><G94/><T36/><D92/><U66/><E66/><V99/><F0/><W113/><G113/><T16/><D65/><U121/><E121/><V50/><F48/><AGARI ba="2,0" hai="12,19,20,48,53,58,68,70" m="57663,51307" machi="48" ten="30,2000,0" yaku="20,1,52,1" doraHai="84" who="1" fromWho="2" sc="356,0,132,26,178,-26,334,0" /><INIT seed="4,0,0,1,1,57" ten="356,158,152,334" oya="0" hai0="66,105,109,133,32,128,34,12,70,93,3,127,19" hai1="122,116,31,17,28,130,43,113,25,108,134,111,129" hai2="76,123,120,33,87,88,118,16,112,54,96,47,59" hai3="18,58,67,63,5,21,23,78,73,62,24,8,39"/><T60/><D3/><U117/><E43/><V89/><F112/><W95/><G39/><T48/><D105/><U50/><E50/><V1/><F1/><W46/><G46/><T0/><D0/><U69/><E69/><V110/><F33/><W35/><G35/><T61/><D109/><N who="1" m="42059" /><E122/><V72/><F110/><W49/><G73/><T77/><D127/><U91/><E91/><V52/><F118/><N who="1" m="45673" /><E113/><V94/><F72/><W135/><G78/><T92/><D128/><N who="1" m="49259" /><E134/><V51/><F76/><W79/><G79/><T10/><D133/><U107/><E107/><V38/><F38/><W125/><G135/><T15/><D77/><U65/><E65/><V56/><F47/><W106/><G106/><T36/><D36/><U104/><E104/><V101/><F89/><W80/><G49/><T11/><D48/><U98/><E98/><V55/><F16/><N who="3" m="12327" /><G80/><T37/><D37/><U26/><E17/><V30/><F30/><AGARI ba="0,0" hai="25,26,28,30,31" m="49259,45673,42059" machi="30" ten="40,8000,1" yaku="28,2,19,1,34,2" doraHai="57" who="1" fromWho="2" sc="356,0,158,80,152,-80,334,0" /><INIT seed="5,0,0,4,4,94" ten="356,238,72,334" oya="1" hai0="134,110,100,28,123,89,116,99,65,9,125,11,24" hai1="59,30,64,16,74,7,83,104,88,43,72,14,36" hai2="115,133,8,98,120,76,73,44,17,95,96,127,5" hai3="90,126,121,131,50,103,69,55,108,75,51,118,102"/><U107/><E7/><V39/><F120/><W112/><G108/><T20/><D116/><U92/><E30/><V13/><F133/><W67/><G121/><T113/><D110/><U53/><E64/><V97/><F127/><W105/><G75/><T41/><D123/><U86/><E36/><V56/><F115/><W54/><G118/><T62/><D113/><U37/><E43/><V33/><F33/><W82/><G112/><T109/><D109/><U52/><E37/><V91/><F56/><W114/><G114/><T25/><D134/><U80/><E72/><V106/><F106/><W23/><G126/><T84/><D41/><U3/><E3/><V87/><F39/><W34/><G34/><T66/><D25/><U46/><E74/><V129/><F129/><W85/><G131/><T63/><D125/><U117/><E117/><V1/><F44/><N who="3" m="27975" /><G67/><T45/><D45/><U122/><E122/><V12/><REACH who="2" step="1"/><F17/><REACH who="2" ten="356,238,62,334" step="2"/><W77/><G105/><T57/><D66/><U48/><E104/><V119/><F119/><W78/><G69/><T101/><D63/><N who="1" m="36335" /><E107/><V0/><F0/><W32/><G32/><T111/><D111/><U68/><E68/><V2/><F2/><W18/><G51/><T29/><D65/><U42/><E42/><V58/><F58/><W6/><G55/><T130/><D57/><U135/><E135/><V70/><F70/><W124/><G124/><T79/><D130/><U22/><AGARI ba="0,1" hai="14,16,22,46,48,52,80,83,86,88,92" m="36335" machi="22" ten="30,11700,0" yaku="8,1,54,3" doraHai="94" who="1" fromWho="1" sc="356,-39,238,127,62,-39,334,-39" /><INIT seed="5,1,0,3,2,43" ten="317,365,23,295" oya="1" hai0="58,23,6,130,95,73,118,20,87,5,85,79,125" hai1="97,51,101,105,72,61,54,128,15,69,27,124,57" hai2="16,76,94,120,113,122,91,123,127,38,44,4,11" hai3="88,103,25,12,119,111,109,13,33,19,83,36,93"/><U59/><E72/><V84/><F127/><W46/><G103/><T17/><D125/><U35/><E124/><V48/><F113/><W64/><G64/><T96/><D118/><U131/><E15/><V99/><F38/><W81/><G119/><T66/><D73/><U39/><E39/><V10/><F4/><N who="0" m="1642" /><D130/><N who="1" m="49707" /><E69/><V18/><F76/><W14/><G109/><T41/><D41/><U98/><E98/><V3/><F3/><W47/><G36/><T30/><D30/><N who="1" m="19935" /><E59/><V22/><F99/><N who="3" m="57767" /><G33/><T49/><D79/><U42/><E42/><V70/><F70/><W26/><G111/><T65/><D66/><U100/><E100/><V126/><F126/><W63/><G63/><AGARI ba="1,0" hai="51,54,57,61,63,97,101,105" m="19935,49707" machi="63" ten="30,1500,0" yaku="19,1" doraHai="43" who="1" fromWho="3" sc="317,0,365,18,23,0,295,-18" /><INIT seed="5,2,0,4,2,96" ten="317,383,23,277" oya="1" hai0="97,95,84,83,40,14,22,92,66,112,10,46,71" hai1="48,93,49,103,17,0,134,54,58,79,99,114,50" hai2="41,81,127,19,82,30,132,26,78,110,120,37,20" hai3="88,16,121,11,119,101,55,106,70,94,33,107,135"/><U85/><E134/><V109/><F120/><W13/><G121/><T69/><D112/><U73/><E114/><V108/><F132/><W53/><G135/><T42/><D69/><U89/><E0/><V61/><F127/><W104/><G33/><T128/><D128/><U8/><E79/><V126/><F126/><W80/><G70/><T111/><D111/><U5/><E73/><V86/><F61/><W77/><G119/><T6/><D92/><U28/><E28/><V39/><F41/><W47/><G101/><T43/><D22/><U56/><E5/><V122/><F122/><W7/><G7/><T2/><D2/><U123/><E123/><V29/><REACH who="2" step="1"/><F82/><REACH who="2" ten="317,383,13,277" step="2"/><W65/><G80/><T51/><D66/><U1/><E54/><V62/><F62/><W90/><G65/><T64/><D64/><U32/><E50/><V129/><F129/><W102/><G55/><T36/><D71/><U31/><E48/><V9/><F9/><W113/><G113/><T59/><D36/><AGARI ba="2,1" hai="19,20,26,29,30,36,37,39,78,81,86,108,109,110" machi="36" ten="50,3200,0" yaku="1,1,53,1" doraHai="96" doraHaiUra="15" who="2" fromWho="0" sc="317,-38,383,0,13,48,277,0" /><INIT seed="6,0,0,0,2,104" ten="279,383,61,277" oya="2" hai0="3,68,109,62,24,134,39,61,7,22,54,83,60" hai1="57,74,96,88,84,23,129,26,113,112,117,97,126" hai2="12,77,49,16,91,56,89,17,73,123,53,85,80" hai3="107,65,43,92,20,5,52,32,50,69,41,76,132"/><V10/><F123/><W116/><G107/><T128/><D109/><U45/><E117/><V40/><F40/><W87/><G32/><T38/><D134/><U118/><E118/><V36/><F36/><W131/><G116/><T99/><D128/><U2/><E129/><V19/><REACH who="2" step="1"/><F91/><REACH who="2" ten="279,383,51,277" step="2"/><W42/><G131/><T28/><D38/><U135/><E88/><V101/><F101/><W15/><G43/><T105/><D39/><U78/><E113/><V46/><F46/><W0/><G42/><T110/><D110/><U108/><E45/><V94/><AGARI ba="0,1" hai="10,12,16,17,19,49,53,56,73,77,80,85,89,94" machi="94" ten="20,12000,1" yaku="1,1,0,1,7,1,52,1,54,1,53,0" doraHai="104" doraHaiUra="37" who="2" fromWho="2" sc="279,-40,383,-40,51,130,277,-40" /><INIT seed="6,1,0,1,1,52" ten="239,343,181,237" oya="2" hai0="28,22,131,62,39,10,36,107,35,17,70,129,56" hai1="46,40,104,98,58,57,100,128,29,95,32,51,77" hai2="41,112,60,122,109,8,3,90,110,85,92,124,80" hai3="134,25,116,34,96,43,12,20,23,114,6,42,78"/><V127/><F122/><W76/><G116/><T99/><D70/><U101/><E128/><N who="0" m="49225" /><D10/><U65/><E77/><N who="3" m="29802" /><G34/><T79/><D79/><U125/><E125/><N who="2" m="48203" /><F112/><W93/><G114/><T15/><D28/><U7/><E7/><N who="2" m="1151" /><F41/><N who="3" m="15371" /><G134/><T108/><D35/><U48/><E40/><V86/><F80/><W1/><G1/><T19/><D19/><U91/><E32/><V81/><F81/><W50/><G50/><T61/><D108/><N who="2" m="41578" /><F60/><N who="0" m="23146" /><D56/><U69/><E58/><V33/><F33/><W31/><G6/><T84/><D84/><AGARI ba="1,0" hai="84,85,86,90,92" m="41578,1151,48203" machi="84" ten="30,2900,0" yaku="18,1,10,1" doraHai="52" who="2" fromWho="0" sc="239,-32,343,0,181,32,237,0" /><INIT seed="6,2,0,4,5,74" ten="207,343,213,237" oya="2" hai0="104,65,20,35,94,87,116,1,59,91,127,132,101" hai1="134,0,34,84,46,14,18,56,82,13,3,117,120" hai2="29,129,108,123,103,26,122,42,130,60,40,27,16" hai3="113,73,79,102,21,61,32,71,112,124,90,89,4"/><V69/><F108/><W23/><G32/><T85/><D35/><U111/><E117/><V105/><F103/><W114/><G124/><T11/><D116/><U107/><E111/><V81/><F105/><W33/><G33/><T37/><D127/><U98/><E34/><V125/><F125/><W48/><G4/><T135/><D37/><U133/><E120/><V96/><F96/><W30/><G102/><T88/><D20/><N who="3" m="7753" /><G30/><T57/><D65/><U72/><E72/><V110/><F110/><W95/><G48/><T9/><D1/><U52/><E46/><V83/><F29/><W31/><G31/><T64/><D64/><U92/><E107/><V36/><F36/><W51/><G51/><T119/><D119/><U128/><E0/><V24/><F69/><W86/><G90/><T45/><D45/><U97/><E3/><V25/><F25/><W67/><G73/><T12/><D101/><U19/><E19/><V17/><F27/><W121/><G121/><T63/><D104/><U38/><E18/><V15/><REACH who="2" step="1"/><F60/><REACH who="2" ten="207,343,203,237" step="2"/><W22/><G61/><T50/><D63/><U106/><E38/><V28/><F28/><W93/><G71/><T54/><D59/><U70/><E56/><V75/><F75/><W53/><G114/><T49/><D49/><U115/><E70/><V62/><F62/><W44/><G113/><T76/><D50/><U58/><E58/><V131/><F131/><W77/><G112/><T7/><D57/><U8/><E115/><V47/><F47/><W80/><G44/><T43/><D43/><U109/><E128/><V78/><F78/><RYUUKYOKU ba="2,1" sc="207,-10,343,-10,203,30,237,-10" hai2="15,16,17,24,26,40,42,81,83,122,123,129,130" /><INIT seed="6,3,1,1,1,5" ten="197,333,233,227" oya="2" hai0="56,41,116,99,81,105,20,109,119,76,50,21,111" hai1="85,16,97,2,74,1,83,14,51,28,53,54,87" hai2="107,79,42,112,69,135,118,7,117,106,0,94,6" hai3="120,24,129,125,75,104,30,44,95,60,121,123,101"/><V48/><F69/><W27/><G75/><T90/><D41/><U9/><E74/><V38/><F38/><W49/><G104/><T61/><D50/><U71/><E71/><V47/><F135/><W15/><G125/><T78/><D78/><N who="1" m="46327" /><E1/><V55/><F112/><W92/><G129/><T124/><D124/><U84/><E2/><V32/><F32/><W39/><G39/><T18/><D105/><U19/><E28/><V98/><F106/><W65/><G27/><T73/><D21/><U25/><E97/><V93/><F107/><W22/><G15/><T128/><D128/><U52/><E51/><V17/><F117/><N who="0" m="45130" /><D99/><U11/><E11/><V130/><F130/><W33/><G33/><T70/><D70/><U35/><E35/><V62/><F0/><W122/><G122/><T108/><D90/><U4/><E25/><V10/><F79/><W63/><G101/><T103/><D103/><U26/><E26/><V68/><F118/><W133/><G133/><T45/><D45/><U96/><E96/><V86/><F68/><W58/><REACH who="3" step="1"/><G63/><REACH who="3" ten="197,333,233,217" step="2"/><T23/><D18/><AGARI ba="3,2" hai="4,9,14,16,18,19,52,53,54,84,87" m="46327" machi="18" ten="30,7700,0" yaku="8,1,52,1,54,2" doraHai="5" who="1" fromWho="0" sc="197,-86,333,106,233,0,217,0" /><INIT seed="7,0,0,4,3,121" ten="111,439,233,217" oya="3" hai0="43,15,28,57,105,35,90,82,64,75,47,133,40" hai1="49,113,110,99,120,16,20,76,70,111,72,112,124" hai2="126,125,109,122,79,38,81,91,32,34,80,61,83" hai3="106,93,62,73,77,8,86,3,134,56,135,119,59"/><W48/><G106/><T96/><D133/><N who="3" m="50697" /><G119/><T94/><D40/><U5/><E70/><V10/><F109/><W129/><G73/><T132/><D132/><U95/><E120/><V37/><F122/><W18/><G129/><T66/><D105/><U84/><E5/><V33/><F10/><W44/><G62/><T71/><D71/><U92/><E84/><V102/><F102/><W50/><G50/><T107/><D107/><U67/><E124/><N who="2" m="47723" /><F61/><W51/><G51/><T89/><D28/><U74/><E95/><V114/><F114/><W27/><G3/><T118/><D35/><U52/><E49/><V58/><F58/><W65/><G65/><T31/><D118/><U6/><E67/><V13/><F79/><W1/><G27/><T97/><D31/><U115/><E74/><V117/><F117/><W53/><G93/><T69/><D69/><U127/><E92/><V130/><F130/><W54/><G54/><T29/><D29/><U24/><E52/><V98/><F13/><N who="3" m="7463" /><G1/><T78/><D15/><U104/><E104/><V131/><F131/><W4/><G4/><T9/><D9/><U17/><E24/><V12/><F12/><W45/><G45/><T41/><D41/><U85/><E6/><V39/><F98/><W100/><G100/><T116/><D116/><U101/><E101/><V11/><F11/><W68/><G68/><T22/><D43/><U19/><E113/><V42/><F42/><W2/><G2/><T14/><D47/><U123/><E115/><V108/><F108/><W128/><G44/><T21/><D57/><U88/><E112/><RYUUKYOKU ba="0,0" sc="111,-10,439,-10,233,30,217,-10" hai2="32,33,34,37,38,39,80,81,83,91" owari="101,-40.0,429,53.0,263,6.0,207,-19.0" /></mjloggm>