<mjloggm ver="2.3"><GO type="41"/><UN n0="%E3%82%A6%E3%83%AB%E3%83%88%E3%83%A9%E7%AB%8B%E7%9B%B4" n1="%E7%99%BD%E7%8C%BF" n2="%6B%6F%68%73%68%69" n3="%57%6F%66%47" dan="14,13,13,13" rate="1937,1961,1881,1809" sx="M,M,M,M"/><TAIKYOKU oya="0"/><INIT seed="0,0,0,4,5,103" ten="250,250,250,250" oya="0" hai0="98,107,53,89,29,70,52,3,133,93,63,51,54" hai1="123,116,91,17,35,46,119,118,56,115,55,124,122" hai2="73,58,84,62,33,114,74,41,113,43,45,121,111" hai3="72,4,60,130,81,8,75,101,112,10,76,106,14"/><T61/><D3/><U110/><E35/><V36/><F33/><W47/><G112/><T37/><D37/><U25/><E46/><V83/><F121/><W82/><G130/><T125/><D125/><U100/><E100/><V7/><F111/><W48/><G60/><N who="0" m="23115" /><D70/><U88/><E55/><N who="0" m="21065" /><D107/><U16/><E56/><V19/><F41/><W77/><G101/><T80/><D133/><U32/><E32/><V26/><F7/><W24/><G24/><T97/><D80/><U42/><E42/><V12/><F26/><W39/><G39/><T131/><D131/><U22/><E124/><V40/><F40/><W59/><G10/><T67/><D67/><U44/><E44/><V6/><F6/><W49/><G59/><N who="0" m="33247" /><D29/><U57/><E57/><V11/><F113/><W66/><G66/><T69/><D69/><U9/><E115/><V92/><F114/><W135/><G135/><T104/><D104/><U20/><E9/><V65/><REACH who="2" step="1"/><F92/><REACH who="2" ten="250,250,240,250" step="2"/><W71/><G106/><T79/><D79/><AGARI ba="0,1" hai="11,12,19,36,43,45,58,62,65,73,74,79,83,84" machi="79" ten="30,3900,0" yaku="1,1,2,1,7,1,53,0" doraHai="103" doraHaiUra="85" who="2" fromWho="0" sc="250,-39,250,0,240,49,250,0" /><INIT seed="1,0,0,1,5,19" ten="211,250,289,250" oya="1" hai0="72,120,84,41,90,79,94,40,10,32,124,75,135" hai1="110,20,14,108,51,127,9,133,8,27,60,23,35" hai2="121,49,97,4,129,65,106,115,123,93,111,62,21" hai3="64,69,43,77,59,50,67,85,134,55,26,15,92"/><U53/><E60/><V109/><F106/><W11/><G69/><T100/><D32/><U17/><E133/><V39/><F39/><W112/><G112/><T7/><D120/><U130/><E130/><V54/><F4/><W52/><G134/><T74/><D124/><U44/><E127/><V70/><F115/><W37/><G37/><T103/><D135/><U99/><E99/><V78/><F78/><W102/><G102/><T22/><D41/><U38/><E38/><V48/><F48/><W1/><G1/><T104/><D40/><U2/><E2/><V18/><F129/><W116/><G116/><T6/><D6/><U107/><E107/><V82/><F82/><W122/><G122/><T76/><D10/><U71/><E71/><V46/><F111/><N who="1" m="42537" /><E35/><V114/><F114/><W88/><G77/><N who="0" m="29771" /><D22/><U61/><E61/><V30/><F30/><AGARI ba="0,0" hai="8,9,14,17,20,23,27,30,44,51,53" m="42537" machi="30" ten="30,11600,0" yaku="14,1,10,1,52,2" doraHai="19" who="1" fromWho="2" sc="211,0,250,116,289,-116,250,0" /><INIT seed="1,1,0,4,2,111" ten="211,366,173,250" oya="1" hai0="0,91,43,50,77,9,122,54,30,112,22,123,109" hai1="105,125,59,41,10,67,134,14,16,101,95,3,45" hai2="19,4,72,2,110,66,82,52,78,103,25,130,94" hai3="20,135,79,1,53,8,115,62,23,47,127,99,114"/><U33/><E33/><V131/><F110/><W15/><G1/><T57/><D109/><U17/><E134/><V39/><F39/><W104/><G127/><T120/><D77/><U97/><E125/><V56/><F66/><W70/><G79/><T71/><D71/><U98/><E3/><V34/><F2/><W126/><G126/><T102/><D102/><U21/><E67/><V26/><F4/><W116/><G116/><T124/><D124/><U85/><E59/><V61/><F34/><W44/><G44/><T6/><D43/><U92/><E85/><V132/><F132/><W5/><G135/><T18/><D30/><U64/><E64/><V31/><F19/><W90/><G70/><T42/><D42/><U108/><E108/><V37/><F37/><W118/><G118/><T113/><D91/><U13/><REACH who="1" step="1"/><E98/><REACH who="1" ten="211,356,173,250" step="2"/><N who="2" m="59863" /><F31/><W35/><G35/><T86/><D86/><U88/><E88/><V133/><F133/><W100/><G90/><T69/><D69/><U32/><E32/><V46/><F46/><W76/><G76/><T36/><D36/><AGARI ba="1,1" hai="10,13,14,16,17,21,36,41,45,92,95,97,101,105" machi="36" ten="30,5800,0" yaku="1,1,7,1,54,1,53,0" doraHai="111" doraHaiUra="27" who="1" fromWho="0" sc="211,-61,356,71,173,0,250,0" /><INIT seed="1,2,0,0,0,132" ten="150,427,173,250" oya="1" hai0="11,24,87,17,76,133,61,69,95,43,49,130,120" hai1="79,96,67,4,78,125,65,74,109,21,99,31,112" hai2="41,14,131,81,86,42,45,1,83,51,70,122,52" hai3="19,128,44,58,91,5,114,77,56,18,68,26,108"/><U55/><E112/><V90/><F1/><W59/><G68/><T8/><D120/><U47/><E74/><V73/><F70/><W53/><G108/><T106/><D106/><U92/><E4/><V6/><F122/><W116/><G116/><T2/><D133/><U71/><E71/><V119/><F119/><W124/><G114/><T134/><D134/><U118/><E118/><V126/><F131/><W37/><G128/><T60/><D130/><U102/><E99/><V63/><F63/><N who="0" m="24138" /><D2/><U127/><E109/><V123/><F123/><W84/><G77/><T82/><D95/><U46/><E21/><V54/><F54/><W111/><G111/><T36/><D36/><U25/><E25/><V113/><F113/><W115/><G115/><T104/><D104/><U38/><E31/><V75/><F75/><W105/><G105/><T89/><D89/><U57/><E38/><V107/><F107/><W121/><G121/><T13/><D24/><U23/><E23/><V94/><F94/><W117/><G117/><T98/><D98/><U135/><E135/><V80/><F73/><W129/><G129/><T29/><D29/><U3/><E3/><V10/><F90/><W28/><G5/><T32/><D32/><U72/><E79/><V48/><F86/><W88/><G91/><T103/><D103/><U33/><E78/><V34/><F34/><N who="3" m="20759" /><G37/><T101/><D101/><U15/><E72/><V16/><F6/><W39/><G39/><T110/><D69/><U9/><E33/><V85/><F85/><W64/><G84/><T100/><D110/><U12/><E102/><RYUUKYOKU ba="2,0" sc="150,0,427,0,173,0,250,0" /><INIT seed="2,3,0,3,3,128" ten="150,427,173,250" oya="2" hai0="29,107,44,93,74,120,23,3,69,25,39,56,52" hai1="130,100,42,87,0,127,124,89,38,37,11,122,79" hai2="133,84,91,72,61,4,45,71,81,14,18,115,24" hai3="119,129,31,13,101,125,60,5,46,2,16,108,73"/><V32/><F115/><W48/><G129/><T6/><D107/><U7/><E130/><V113/><F113/><W35/><G108/><T41/><D120/><U92/><E122/><V118/><F118/><W8/><G119/><T55/><D69/><U106/><E79/><V70/><F72/><W1/><G73/><T112/><D112/><U109/><E109/><V103/><F4/><W104/><G125/><N who="1" m="48202" /><E42/><V78/><F103/><W54/><G1/><T117/><D117/><U77/><E77/><V95/><F45/><W99/><G60/><T64/><D74/><U134/><E134/><V132/><F61/><W36/><G36/><N who="1" m="13930" /><E100/><V96/><F24/><W58/><G31/><T30/><D30/><U19/><E19/><V114/><F32/><W90/><G46/><T57/><D6/><U12/><E106/><V63/><F114/><W88/><G35/><T10/><D10/><AGARI ba="3,0" hai="2,5,8,10,13,16,48,54,58,88,90,99,101,104" machi="10" ten="30,3900,0" yaku="7,1,54,2" doraHai="128" who="3" fromWho="0" sc="150,-48,427,0,173,0,250,48" /><INIT seed="3,0,0,0,1,62" ten="102,427,173,298" oya="3" hai0="7,89,22,77,120,105,80,14,59,122,99,75,117" hai1="93,13,50,5,79,12,70,103,2,124,60,58,133" hai2="109,118,130,78,104,66,46,39,98,49,64,91,116" hai3="33,85,81,23,92,82,6,111,108,125,44,113,40"/><W134/><G113/><T9/><D117/><U1/><E133/><V74/><F39/><W3/><G33/><T10/><D22/><U102/><E124/><V61/><F61/><W51/><G134/><T107/><D10/><U38/><E38/><V128/><F74/><W37/><G125/><T84/><D105/><U43/><E79/><V131/><F78/><W0/><G37/><T27/><D27/><U76/><E76/><V129/><N who="2" m="33280" /><DORA hai="96" /><V65/><F109/><N who="3" m="42059" /><G6/><T15/><D15/><U101/><E70/><V4/><F4/><W18/><G92/><T52/><D99/><U29/><E2/><N who="3" m="554" /><G85/><T53/><D107/><U25/><E1/><V35/><F35/><W123/><G123/><T63/><REACH who="0" step="1"/><D53/><REACH who="0" ten="92,427,173,298" step="2"/><N who="1" m="33871" /><E5/><V28/><F28/><W32/><G32/><T94/><AGARI ba="0,1" hai="7,9,14,52,59,63,75,77,80,84,89,94,120,122" machi="94" ten="20,5200,0" yaku="1,1,0,1,7,1,54,1,53,0" doraHai="62,96" doraHaiUra="21,26" who="0" fromWho="0" sc="92,62,427,-13,173,-13,298,-26" /><INIT seed="4,0,0,1,0,96" ten="154,414,160,272" oya="0" hai0="8,12,61,100,17,104,41,46,65,42,60,48,83" hai1="105,52,133,66,21,29,39,117,135,109,20,51,35" hai2="102,5,131,23,45,111,128,58,101,106,107,89,75" hai3="99,108,110,97,78,62,82,95,81,71,27,59,1"/><T44/><D83/><U50/><E109/><V31/><F111/><W116/><G116/><T43/><D104/><U24/><E117/><V130/><F5/><W79/><G1/><T125/><D125/><U49/><E39/><V33/><F33/><W2/><G2/><T80/><D80/><U73/><E73/><V114/><F75/><W121/><G121/><T16/><D100/><N who="2" m="38506" /><F114/><W70/><G27/><T10/><D65/><U38/><E66/><V68/><F68/><W122/><G95/><T103/><D103/><U120/><E105/><V36/><F58/><W11/><G122/><T113/><D113/><U15/><E120/><V3/><F3/><W86/><G11/><T55/><D46/><U9/><E38/><V134/><F89/><W32/><G32/><T25/><D10/><U88/><E35/><V56/><F56/><W132/><G59/><T14/><D14/><U13/><E88/><V72/><F72/><W34/><G34/><T7/><D25/><U18/><E15/><V126/><F126/><W93/><G93/><T76/><D76/><U40/><E9/><V94/><F94/><W91/><G91/><T85/><D85/><U69/><E69/><V30/><F134/><N who="1" m="51209" /><E40/><N who="0" m="10241" /><T63/><AGARI ba="0,0" hai="7,8,12,16,17,44,48,55,60,61,63" m="10241" machi="63" ten="40,7800,0" yaku="4,1,8,1,54,1" doraHai="96" who="0" fromWho="0" sc="154,78,414,-26,160,-26,272,-26" /><INIT seed="4,1,0,3,2,52" ten="232,388,134,246" oya="0" hai0="25,35,78,16,66,21,88,54,72,117,68,63,82" hai1="5,126,6,29,115,69,47,93,99,130,30,33,17" hai2="1,112,57,59,60,3,22,50,124,135,85,45,108" hai3="48,62,122,80,38,28,0,76,111,4,7,51,55"/><T125/><D125/><U113/><E69/><V9/><F108/><W123/><G111/><T128/><D128/><U133/><E133/><V129/><F135/><W27/><G38/><T102/><D117/><U36/><E130/><V121/><F129/><W81/><G0/><T98/><D35/><U12/><E126/><V104/><F124/><W39/><G39/><T18/><D54/><U87/><E87/><V53/><F104/><W90/><G90/><T116/><D116/><U83/><E83/><V2/><F121/><N who="3" m="46091" /><G62/><T8/><D8/><U11/><E47/><V67/><F112/><N who="1" m="43081" /><E36/><V101/><F101/><W134/><G134/><T132/><D132/><U119/><E119/><V73/><F73/><N who="3" m="43023" /><G81/><T19/><REACH who="0" step="1"/><D88/><REACH who="0" ten="222,388,134,246" step="2"/><N who="1" m="55719" /><E33/><V64/><F9/><W79/><G55/><T20/><D20/><N who="1" m="11303" /><E5/><V71/><F22/><W92/><G7/><T65/><D65/><U127/><E127/><V131/><F131/><W97/><G4/><T40/><D40/><U114/><E114/><V58/><F67/><W94/><G28/><T105/><AGARI ba="1,1" hai="16,18,19,21,25,63,66,68,72,78,82,98,102,105" machi="105" ten="20,12000,1" yaku="1,1,0,1,7,1,54,1,53,1" doraHai="52" doraHaiUra="106" who="0" fromWho="0" sc="222,133,388,-41,134,-41,246,-41" /><INIT seed="4,2,0,2,5,74" ten="355,347,93,205" oya="0" hai0="124,31,28,98,55,90,34,57,76,4,114,87,83" hai1="21,58,51,53,13,54,2,125,105,46,0,25,91" hai2="104,120,95,27,78,110,37,38,29,18,122,24,33" hai3="111,35,112,127,16,17,15,1,60,72,19,50,135"/><T133/><D124/><U131/><E105/><V45/><F104/><W68/><G111/><T109/><D133/><U89/><E125/><V94/><F110/><W39/><G135/><T6/><D114/><U20/><E131/><V63/><F63/><W5/><G39/><T123/><D123/><U65/><E65/><V36/><F45/><W67/><G35/><T48/><D109/><U77/><E2/><V49/><F49/><W80/><G112/><T23/><D34/><U71/><E71/><V102/><F102/><W43/><G5/><N who="0" m="2155" /><D23/><U81/><E0/><V118/><F118/><W108/><G108/><T84/><D98/><U52/><E13/><V14/><F27/><W64/><G64/><T121/><D121/><U8/><E8/><V99/><F99/><W10/><G127/><T11/><D11/><U115/><E115/><V101/><F101/><W107/><G107/><T69/><D69/><U9/><E9/><V128/><F128/><W3/><G3/><T66/><D66/><U41/><E58/><V117/><F117/><W70/><G70/><T59/><D59/><U92/><E92/><AGARI ba="2,0" hai="28,31,48,55,57,76,83,84,87,90,92" m="2155" machi="92" ten="30,2900,0" yaku="8,1,52,1" doraHai="74" who="0" fromWho="1" sc="355,35,347,-35,93,0,205,0" /><INIT seed="4,3,0,0,3,128" ten="390,312,93,205" oya="0" hai0="14,41,103,106,57,74,70,71,13,130,40,72,91" hai1="52,134,36,30,39,28,110,62,3,64,87,86,5" hai2="33,12,95,47,17,97,22,25,24,111,98,94,101" hai3="113,55,109,99,59,8,46,83,100,7,26,4,127"/><T79/><D130/><U118/><E110/><V68/><F68/><W78/><G109/><T37/><D106/><U6/><E118/><V20/><F111/><W18/><G127/><T29/><D37/><U93/><E3/><V73/><F73/><W112/><G26/><T67/><D67/><U51/><E39/><V38/><F33/><W84/><G46/><T81/><D57/><N who="1" m="36943" /><E36/><V1/><F1/><W32/><G18/><T58/><D58/><N who="1" m="33055" /><E134/><V80/><F80/><W2/><G32/><T105/><D105/><U104/><E104/><V75/><F75/><W108/><G7/><N who="1" m="2570" /><E93/><V35/><F35/><W96/><G108/><T126/><D74/><U131/><E131/><V50/><F38/><W53/><G53/><T11/><D72/><U85/><AGARI ba="3,0" hai="28,30,85,86,87" m="2570,33055,36943" machi="85" ten="30,2000,0" yaku="8,1,54,1" doraHai="128" who="1" fromWho="1" sc="390,-13,312,29,93,-8,205,-8" /><INIT seed="5,0,0,4,4,72" ten="377,341,85,197" oya="1" hai0="48,45,91,42,131,61,110,16,85,112,66,46,113" hai1="26,69,125,124,29,77,122,1,4,104,98,59,74" hai2="115,82,6,15,56,73,135,99,9,38,79,47,33" hai3="65,95,34,25,49,96,64,68,93,13,84,0,87"/><U107/><E122/><V97/><F33/><W55/><G68/><T90/><D110/><U132/><E98/><V102/><F135/><W32/><G0/><T126/><D126/><N who="1" m="48747" /><E132/><V109/><F109/><W18/><G34/><T39/><D131/><U44/><E59/><V117/><F117/><W27/><G32/><T51/><D85/><U71/><E44/><V53/><F115/><N who="0" m="44106" /><D91/><U100/><E100/><V19/><F19/><W133/><G133/><T121/><D90/><U8/><E26/><N who="3" m="9738" /><G18/><T123/><D16/><U134/><E29/><V28/><F28/><W86/><G13/><T106/><D106/><N who="1" m="40491" /><E134/><V24/><F24/><W35/><G35/><T21/><D21/><U118/><E118/><V67/><F67/><N who="3" m="25675" /><G96/><T63/><D63/><U105/><N who="1" m="40499" /><U89/><DORA hai="37" /><E89/><V7/><F7/><W94/><G55/><N who="0" m="30095" /><D39/><U83/><AGARI ba="0,0" hai="1,4,8,69,71,74,77,83" m="40499,48747" machi="83" ten="50,9600,0" yaku="18,1,23,1,52,1" doraHai="72,37" who="1" fromWho="1" sc="377,-32,341,96,85,-32,197,-32" /><INIT seed="5,1,0,3,1,110" ten="345,437,53,165" oya="1" hai0="79,48,126,128,0,135,23,32,99,117,109,129,18" hai1="31,80,16,17,29,57,84,88,47,72,40,43,76" hai2="66,39,78,12,1,60,118,58,107,20,5,121,59" hai3="95,44,19,122,81,8,97,96,67,119,131,6,89"/><U55/><E72/><V70/><F107/><W22/><G122/><T133/><D48/><N who="1" m="26727" /><E76/><V4/><F121/><W34/><G34/><T37/><D99/><U56/><E43/><V134/><F39/><W42/><G119/><T75/><D79/><U11/><E11/><V120/><F120/><W116/><G116/><T63/><D63/><N who="1" m="36255" /><E57/><V82/><F1/><W64/><G67/><T14/><D75/><U104/><E104/><V100/><F118/><W26/><G64/><T52/><D52/><U7/><E7/><V36/><F36/><W69/><G69/><T25/><D37/><U85/><E84/><V125/><F100/><W92/><G81/><T54/><D54/><U3/><E3/><V50/><F134/><N who="0" m="51210" /><D117/><U33/><E33/><V86/><F125/><W112/><G131/><N who="0" m="50251" /><D109/><U49/><E49/><V38/><F38/><W28/><G44/><T102/><D102/><U13/><E13/><V10/><F50/><W108/><G42/><T111/><D111/><U9/><E9/><V83/><F83/><W103/><G108/><T71/><D71/><U65/><E65/><V98/><F98/><W93/><G93/><T46/><D46/><U105/><E105/><V123/><F123/><W73/><G73/><T74/><D74/><U62/><E62/><V114/><F60/><W15/><G28/><AGARI ba="1,0" hai="16,17,28,29,31,80,85,88" m="36255,26727" machi="28" ten="30,5800,0" yaku="8,1,54,2" doraHai="110" who="1" fromWho="3" sc="345,0,437,61,53,0,165,-61" /><INIT seed="5,2,0,1,4,28" ten="345,498,53,104" oya="1" hai0="26,14,90,109,114,108,99,65,1,60,47,77,120" hai1="56,64,55,49,38,127,107,79,35,100,4,57,66" hai2="58,91,96,84,110,10,125,116,85,39,105,102,42" hai3="86,22,70,124,76,50,115,113,98,48,78,132,122"/><U83/><E127/><V63/><F125/><W12/><G70/><T32/><D1/><U131/><E38/><V106/><F116/><W72/><G72/><T17/><D120/><U80/><E131/><V135/><F110/><W130/><G124/><T20/><D114/><N who="3" m="43529" /><G130/><T59/><D77/><N who="3" m="29801" /><G122/><T101/><D90/><U25/><E4/><V69/><F69/><W123/><G123/><T34/><D47/><U88/><E100/><V18/><F106/><W44/><G132/><T61/><D61/><U15/><E107/><V13/><F135/><W7/><G98/><T52/><D65/><U121/><E121/><V71/><F71/><W62/><G62/><T45/><D45/><U117/><E66/><V54/><F39/><W19/><G7/><T41/><D41/><U21/><E64/><V9/><F42/><N who="3" m="24599" /><G50/><T133/><D133/><U119/><E117/><V118/><F118/><W3/><G86/><T93/><D108/><U95/><E119/><V8/><REACH who="2" step="1"/><F85/><REACH who="2" ten="345,498,43,104" step="2"/><W68/><G68/><T129/><D109/><U31/><E79/><V74/><F74/><W87/><G87/><T104/><D129/><U126/><E126/><V0/><F0/><AGARI ba="2,1" hai="0,3,12,19,22" m="24599,29801,43529" machi="0" ten="30,1000,0" yaku="15,1" doraHai="28" who="3" fromWho="2" sc="345,0,498,0,43,-16,104,26" /><INIT seed="6,0,0,5,3,101" ten="345,498,27,130" oya="2" hai0="124,76,64,123,46,72,34,86,100,85,81,74,51" hai1="5,11,91,29,61,95,27,52,82,135,43,37,53" hai2="70,33,25,102,59,108,4,39,57,83,111,32,17" hai3="104,38,107,45,134,92,116,7,109,96,35,68,3"/><V9/><F70/><W133/><G35/><T69/><D34/><N who="2" m="13418" /><F39/><W50/><G116/><T127/><D64/><U131/><E135/><N who="3" m="51722" /><G68/><T8/><D8/><U106/><E131/><V71/><F71/><W55/><G109/><N who="2" m="42057" /><F83/><W79/><G79/><T21/><D21/><U125/><E82/><V40/><F40/><N who="3" m="22679" /><G7/><T23/><D23/><U98/><E43/><V115/><F115/><W10/><G10/><T84/><D69/><U73/><E37/><V99/><F25/><W2/><G3/><T26/><D26/><U113/><E27/><V30/><F30/><W48/><G2/><T24/><D24/><U63/><E29/><V103/><F17/><W80/><G80/><T120/><D51/><N who="3" m="19497" /><G55/><T15/><D46/><U58/><E11/><V121/><F121/><W20/><G20/><T112/><D112/><U0/><E5/><V36/><F36/><W126/><G126/><T130/><D81/><U6/><E113/><V28/><F28/><W13/><G13/><T128/><D76/><U75/><E125/><N who="0" m="48201" /><D15/><U132/><E6/><V41/><F41/><W105/><G92/><T117/><D100/><AGARI ba="0,0" hai="96,100,104,105,107" m="19497,22679,51722" machi="100" ten="30,7700,0" yaku="20,1,52,3" doraHai="101" who="3" fromWho="0" sc="345,-77,498,0,27,0,130,77" /><INIT seed="7,0,0,3,1,117" ten="268,498,27,207" oya="3" hai0="60,59,98,106,81,110,57,114,38,21,62,52,48" hai1="130,13,35,113,20,112,97,18,24,34,11,22,55" hai2="123,122,96,58,89,2,132,80,126,16,91,134,10" hai3="43,27,46,108,14,41,69,61,51,12,31,92,78"/><W133/><G108/><T32/><D32/><N who="1" m="12331" /><E97/><V90/><F58/><W111/><G111/><T53/><D38/><U67/><E67/><V8/><F2/><W118/><G118/><T95/><D110/><U23/><E55/><V119/><F119/><W28/><G133/><N who="2" m="51305" /><F16/><W70/><G27/><T9/><D106/><U79/><E79/><V54/><F54/><W7/><G51/><N who="0" m="30879" /><D114/><N who="1" m="44139" /><E130/><V75/><F10/><W101/><G46/><T25/><D9/><U74/><E74/><V121/><F8/><W47/><G47/><T30/><D81/><U120/><E120/><N who="2" m="30723" /><V19/><DORA hai="42" /><F19/><AGARI ba="0,0" hai="11,13,18,19,20,22,23,24" m="44139,12331" machi="19" ten="30,3900,0" yaku="15,1,34,2" doraHai="117,42" who="1" fromWho="2" sc="268,0,498,39,27,-39,207,0" owari="268,7.0,537,63.0,-12,-51.0,207,-19.0" /></mjloggm>