<mjloggm ver="2.3"><GO type="97"/><UN n0="%EF%BC%88%E2%89%A7%E2%96%BD%E2%89%A6%EF%BC%89" n1="%E7%B2%98%E7%9D%80" n2="%E3%81%AF%E3%81%AA%E3%81%B3" n3="%E3%81%94%E3%82%93%E3%81%96%E3%81%B6%E3%82%8D%E3%83%BC" dan="15,14,14,14" rate="2055,1966,1917,1977" sx="M,M,M,M"/><TAIKYOKU oya="0"/><INIT seed="0,0,0,3,3,129" ten="250,250,250,250" oya="0" hai0="90,92,104,12,122,80,31,89,18,116,96,17,132" hai1="72,55,82,9,98,117,108,36,127,41,67,57,84" hai2="63,40,16,86,3,43,10,2,62,33,107,115,54" hai3="101,97,7,6,25,99,94,111,124,0,59,120,68"/><T88/><D122/><U133/><E117/><V110/><F115/><W65/><G120/><T58/><D116/><U24/><E72/><V5/><F33/><W125/><G68/><T13/><D104/><U114/><E67/><V95/><F107/><W74/><G74/><T64/><D31/><U42/><E36/><V8/><F110/><W118/><G118/><T53/><D64/><U78/><E108/><V15/><F3/><W35/><G111/><T85/><D132/><U134/><E114/><V112/><F112/><W22/><G35/><T87/><D13/><U75/><E75/><V109/><F109/><W91/><G0/><T69/><D69/><U61/><E9/><V131/><F131/><W102/><G101/><T130/><D130/><U4/><E4/><V21/><F8/><W38/><G38/><T32/><D12/><U45/><E45/><V71/><F71/><W46/><G46/><T106/><D106/><U48/><E48/><V60/><REACH who="2" step="1"/><F54/><REACH who="2" step="2"/><W27/><G124/><T81/><REACH who="0" step="1"/><D32/><REACH who="0" step="2"/><U73/><E134/><V70/><F70/><W93/><G125/><T34/><D34/><U19/><E127/><V100/><F100/><W56/><G65/><T26/><D26/><U77/><E133/><V83/><F83/><W30/><G27/><T126/><D126/><U113/><E113/><V28/><F28/><W11/><G11/><T105/><D105/><U23/><E24/><V44/><F44/><W50/><G59/><T52/><D52/><AGARI ba="0,2" hai="6,7,22,25,30,50,52,56,91,93,94,97,99,102" machi="52" ten="40,2600,0" yaku="8,1,54,1" doraHai="129" who="3" fromWho="0" sc="240,-26,250,0,240,0,250,46" /><INIT seed="1,0,0,3,5,11" ten="214,250,240,296" oya="1" hai0="122,22,93,69,19,103,109,125,2,79,49,62,74" hai1="86,51,71,60,110,6,1,90,68,44,64,9,34" hai2="57,83,78,92,43,30,99,114,100,85,39,113,73" hai3="55,47,61,21,117,54,14,80,72,48,15,67,123"/><U28/><E71/><V126/><F30/><W102/><G123/><T53/><D2/><U27/><E110/><V88/><F57/><W25/><G117/><T124/><D122/><U5/><E1/><V20/><F20/><W45/><G102/><T116/><D116/><U129/><E129/><V94/><REACH who="2" step="1"/><F126/><REACH who="2" step="2"/><W133/><G133/><T96/><D125/><U104/><E9/><V38/><F38/><W26/><G67/><T36/><D124/><U101/><E104/><V42/><F42/><W0/><G21/><T105/><D22/><U132/><E132/><V10/><F10/><W115/><G115/><T4/><D105/><U75/><E75/><V12/><F12/><W130/><G72/><T121/><D74/><U112/><E112/><V13/><F13/><W7/><G130/><T134/><D36/><U3/><E3/><V40/><F40/><W66/><G66/><T32/><D121/><U70/><E70/><V128/><F128/><W95/><G0/><T106/><D69/><U52/><REACH who="1" step="1"/><E101/><REACH who="1" step="2"/><V107/><F107/><W111/><G111/><T63/><D103/><U35/><E35/><V50/><F50/><W17/><G48/><T23/><D49/><U31/><E31/><V119/><F119/><W131/><G131/><T98/><D106/><U18/><E18/><V127/><F127/><W97/><G17/><T24/><D19/><U56/><E56/><V89/><F89/><W65/><G7/><T120/><D4/><U135/><E135/><V58/><F58/><W81/><G47/><AGARI ba="0,2" hai="39,43,47,73,78,83,85,88,92,94,99,100,113,114" machi="47" ten="40,5200,0" yaku="1,1,54,1,53,1" doraHai="11" doraHaiUra="76" who="2" fromWho="3" sc="214,0,240,0,230,72,296,-52" /><INIT seed="2,0,0,5,3,44" ten="214,240,302,244" oya="2" hai0="36,80,7,77,54,85,122,13,25,57,10,1,2" hai1="46,99,124,132,49,103,15,23,59,114,34,33,51" hai2="119,22,87,104,19,92,30,64,100,48,42,74,91" hai3="81,16,84,105,11,40,41,24,29,123,83,97,120"/><V127/><F119/><W5/><G120/><T60/><D122/><U14/><E114/><V52/><F74/><W27/><G123/><T6/><D36/><U21/><E124/><V102/><F127/><W130/><G130/><T17/><REACH who="0" step="1"/><D25/><REACH who="0" step="2"/><U32/><E132/><V9/><F104/><W69/><G105/><T72/><D72/><U65/><E65/><V45/><F64/><W78/><G27/><T115/><D115/><U88/><E103/><N who="2" m="39467" /><F30/><W117/><G29/><T12/><D12/><U47/><E14/><N who="2" m="9591" /><F9/><W66/><G11/><T126/><D126/><U116/><E15/><V68/><F68/><W35/><G69/><T61/><D61/><U79/><E116/><V95/><F42/><W31/><G41/><T112/><D112/><U106/><E106/><V133/><F133/><W37/><G40/><T58/><D58/><U121/><E59/><V134/><F134/><W86/><G37/><T67/><D67/><U89/><E121/><V108/><F108/><W90/><G66/><T18/><D18/><U55/><E55/><V93/><AGARI ba="0,1" hai="45,48,52,87,91,92,93,95" m="9591,39467" machi="93" ten="30,6000,0" yaku="8,1,52,1,54,1" doraHai="44" who="2" fromWho="2" sc="204,-20,240,-20,302,70,244,-20" /><INIT seed="2,1,0,0,5,115" ten="184,220,372,224" oya="2" hai0="17,49,33,55,119,37,19,42,121,90,93,15,9" hai1="124,23,108,74,97,28,20,116,4,5,106,16,130" hai2="99,111,48,66,54,53,59,21,94,39,131,109,46" hai3="61,6,123,77,7,64,100,10,76,36,87,58,105"/><V32/><F32/><W65/><G36/><T82/><D121/><U43/><E74/><V69/><F131/><W3/><G123/><T132/><D132/><U103/><E130/><V56/><F39/><W24/><G7/><T102/><D33/><U50/><E124/><V73/><F73/><W81/><G24/><T52/><D119/><U127/><E127/><V31/><F69/><W96/><REACH who="3" step="1"/><G65/><REACH who="3" step="2"/><T85/><D19/><U128/><E128/><V72/><F66/><W0/><G0/><T34/><D34/><U104/><E4/><V63/><F111/><W117/><G117/><T12/><D12/><U47/><E108/><V133/><F109/><W125/><G125/><T110/><D110/><U44/><E5/><V88/><F133/><W112/><G112/><T29/><D29/><U114/><E116/><V14/><F31/><W68/><G68/><T113/><D113/><U18/><E114/><V60/><F14/><W79/><AGARI ba="1,1" hai="3,6,10,58,61,64,76,77,79,81,87,96,100,105" machi="79" ten="20,5200,0" yaku="1,1,0,1,7,1,53,1" doraHai="115" doraHaiUra="78" who="3" fromWho="3" sc="184,-14,220,-14,372,-27,214,65" /><INIT seed="3,0,0,4,0,106" ten="170,206,345,279" oya="3" hai0="79,0,99,114,35,91,39,95,42,56,96,20,38" hai1="5,105,94,71,112,64,127,34,45,25,62,65,124" hai2="51,75,73,89,6,48,126,77,107,13,104,80,125" hai3="43,102,46,111,69,128,47,23,92,22,60,90,72"/><W129/><G102/><T53/><D35/><U14/><E112/><V113/><F75/><W59/><G69/><T54/><D114/><U17/><E65/><V8/><F89/><W68/><G68/><T29/><D0/><U19/><E45/><N who="3" m="16906" /><G72/><T131/><D131/><N who="3" m="50249" /><G43/><T3/><D3/><U21/><E94/><V12/><F113/><W135/><G135/><T81/><D42/><U10/><E105/><N who="2" m="40523" /><F12/><W130/><N who="3" m="50257" /><W49/><DORA hai="30" /><G49/><T123/><D123/><U122/><E122/><V2/><F2/><W7/><G7/><T70/><D70/><U133/><E133/><V41/><F41/><W76/><G76/><T134/><D134/><U87/><E87/><V52/><F73/><W86/><G111/><T101/><D39/><U115/><E115/><V26/><F77/><W4/><G4/><T82/><D38/><U120/><E120/><V88/><F6/><W93/><G93/><T103/><D54/><AGARI ba="0,0" hai="22,23,54,59,60,86,90,92" m="50257,16906" machi="54" ten="40,2000,0" yaku="19,1" doraHai="106,30" who="3" fromWho="0" sc="170,-20,206,0,345,0,279,20" /><INIT seed="3,1,0,0,2,98" ten="150,206,345,299" oya="3" hai0="135,124,87,89,37,2,77,85,8,70,99,23,132" hai1="26,134,10,17,69,11,32,20,72,64,33,7,38" hai2="24,119,110,56,123,46,112,93,60,67,61,34,105" hai3="44,51,114,16,66,129,81,55,78,59,41,57,133"/><W73/><G114/><T53/><D37/><U107/><E38/><V47/><F105/><W76/><G129/><T63/><D70/><U118/><E72/><V116/><F112/><W43/><G133/><T39/><D39/><U35/><E134/><V52/><F93/><W45/><G76/><T12/><D135/><U74/><E74/><V65/><F34/><W3/><G3/><T127/><D132/><U50/><E50/><N who="2" m="30743" /><F24/><W91/><G91/><T94/><D2/><N who="1" m="375" /><E64/><N who="2" m="24651" /><F123/><W36/><G66/><T84/><D77/><U115/><E118/><N who="2" m="45099" /><F110/><W125/><G125/><T40/><D40/><U9/><E69/><V104/><F104/><W14/><G41/><T31/><D127/><U49/><E107/><V109/><F109/><W75/><G73/><T62/><D124/><U58/><E115/><V48/><F47/><W29/><G29/><T96/><D96/><U79/><E79/><V13/><F13/><W28/><G28/><T54/><D23/><AGARI ba="1,0" hai="14,16,23,36,43,44,45,51,55,57,59,75,78,81" machi="23" ten="30,2900,0" yaku="7,1,54,1" doraHai="98" who="3" fromWho="0" sc="150,-32,206,0,345,0,299,32" /><INIT seed="3,2,0,5,2,18" ten="118,206,345,331" oya="3" hai0="11,35,123,115,135,124,8,74,72,54,117,28,78" hai1="34,38,6,17,65,130,80,55,50,51,133,7,126" hai2="100,70,93,120,86,92,66,75,132,27,12,61,90" hai3="58,95,112,98,73,99,114,2,33,20,109,107,56"/><W19/><G73/><T47/><D123/><U102/><E38/><V96/><F75/><W104/><G33/><T43/><D117/><U31/><E130/><V89/><F132/><W87/><G87/><T118/><D135/><U32/><E126/><V44/><F120/><W85/><G85/><T52/><D118/><U10/><E133/><V41/><F27/><W49/><G2/><T1/><D124/><U63/><E80/><V128/><F128/><W3/><G3/><T42/><D115/><N who="3" m="44073" /><G49/><T129/><D129/><U0/><E51/><V45/><F12/><N who="3" m="9319" /><G99/><T48/><D1/><U82/><E34/><V21/><F21/><W9/><G9/><T53/><D43/><U23/><E23/><V77/><F77/><W88/><G107/><T110/><D110/><U37/><E32/><V103/><F45/><W71/><G71/><T76/><D72/><U29/><E10/><V122/><F122/><W22/><G22/><T64/><D64/><U94/><E65/><V119/><F119/><W39/><G39/><AGARI ba="2,0" hai="39,41,44,61,66,70,86,89,90,92,93,96,100,103" machi="39" ten="30,1000,0" yaku="7,1" doraHai="18" who="2" fromWho="3" sc="118,0,206,0,345,16,331,-16" owari="118,-38.0,206,-19.0,361,45.0,315,12.0" /></mjloggm>