<mjloggm ver="2.3"><GO type="169"/><UN n0="%EF%BC%88%E2%89%A7%E2%96%BD%E2%89%A6%EF%BC%89" n1="%E5%9B%9B%E6%AE%B5" n2="%E9%9C%A7%E3%81%AE%E6%B5%AE%E8%88%9F" n3="%E8%B6%85%E4%BA%BA%EF%BC%AD" dan="16,16,18,17" rate="2115,2108,2255,2146" sx="M,M,M,M"/><TAIKYOKU oya="0"/><INIT seed="0,0,0,4,2,9" ten="250,250,250,250" oya="0" hai0="37,91,72,57,95,26,5,102,88,8,36,82,115" hai1="64,59,79,75,132,94,50,128,22,80,52,51,17" hai2="67,24,134,14,118,29,23,73,100,61,87,110,7" hai3="124,113,125,15,30,111,54,119,2,127,99,74,126"/><T6/><D115/><U0/><E0/><V53/><F73/><W63/><G2/><T98/><D72/><U46/><E132/><V25/><F134/><W131/><G74/><T1/><D5/><U112/><E112/><V84/><F110/><W129/><G113/><T89/><D82/><U117/><E117/><V76/><F118/><W81/><G119/><T28/><REACH who="0" step="1"/><D57/><REACH who="0" ten="240,250,250,250" step="2"/><U43/><E128/><V18/><F7/><W103/><G81/><T86/><D86/><U40/><E94/><V78/><F87/><W92/><G111/><T83/><D83/><U27/><REACH who="1" step="1"/><E64/><REACH who="1" ten="240,240,250,250" step="2"/><V47/><F67/><W55/><G127/><T34/><AGARI ba="0,2" hai="1,6,8,26,28,34,36,37,88,89,91,95,98,102" machi="34" ten="30,6000,0" yaku="1,1,0,1,54,1,53,0" doraHai="9" doraHaiUra="11" who="0" fromWho="0" sc="240,80,240,-20,250,-20,250,-20" /><INIT seed="0,1,0,4,2,120" ten="320,220,230,230" oya="0" hai0="22,93,82,81,17,88,129,42,47,124,94,92,75" hai1="104,20,125,91,84,122,64,130,54,11,115,31,57" hai2="99,12,76,101,89,40,13,80,79,86,61,112,106" hai3="62,69,133,53,73,128,100,4,132,87,85,26,23"/><T66/><D124/><U43/><E122/><V67/><F112/><W48/><G73/><T6/><D129/><U134/><E104/><V2/><F2/><W14/><G100/><T68/><D6/><U21/><E130/><V18/><F40/><W127/><G128/><T107/><D107/><U34/><E43/><V117/><F117/><W29/><G127/><T72/><D68/><U102/><E102/><V28/><F28/><W1/><G1/><T44/><D66/><U108/><E64/><V52/><F52/><W33/><G62/><T110/><D110/><U126/><E134/><N who="3" m="51818" /><G69/><T60/><D60/><N who="1" m="35895" /><E108/><V5/><F5/><W95/><G95/><T51/><D47/><U3/><E115/><V25/><F25/><N who="3" m="18607" /><G14/><T0/><D0/><U131/><E131/><V103/><F103/><W70/><G4/><T98/><D75/><U96/><E3/><V74/><F18/><N who="3" m="12663" /><G70/><T111/><D111/><U105/><E126/><V32/><F32/><W118/><G118/><T16/><D72/><U45/><E34/><V119/><F119/><W46/><AGARI ba="1,0" hai="46,48,53,85,87" m="12663,18607,51818" machi="46" ten="30,1100,0" yaku="20,1" doraHai="120" who="3" fromWho="3" sc="320,-6,220,-4,230,-4,230,14" /><INIT seed="1,0,0,0,4,108" ten="314,216,226,244" oya="1" hai0="45,135,31,68,36,48,62,66,97,1,26,6,41" hai1="83,99,61,59,78,84,128,104,12,118,126,49,92" hai2="4,111,8,65,52,55,80,29,3,85,43,54,76" hai3="74,90,33,91,121,67,134,46,57,72,132,81,119"/><U131/><E118/><V93/><F111/><W17/><G33/><T64/><D135/><N who="3" m="51753" /><G121/><T7/><D1/><U106/><E126/><V116/><F116/><W69/><G69/><T60/><D36/><U39/><E39/><V34/><F43/><W37/><G119/><T94/><D26/><U109/><E49/><V113/><F65/><W129/><G17/><T79/><D79/><U117/><E12/><V120/><F120/><W112/><G129/><N who="1" m="49738" /><E117/><V2/><F2/><W101/><G101/><T40/><D40/><U24/><E24/><V25/><REACH who="2" step="1"/><F93/><REACH who="2" ten="314,216,216,244" step="2"/><W75/><G67/><T70/><REACH who="0" step="1"/><D31/><REACH who="0" ten="304,216,216,244" step="2"/><U73/><E109/><V32/><F32/><W122/><G122/><T127/><D127/><U96/><E106/><V87/><F87/><W20/><G75/><T30/><D30/><U5/><E73/><V51/><F51/><W130/><G74/><T14/><D14/><U89/><E104/><V114/><AGARI ba="0,2" hai="3,4,8,25,29,34,52,54,55,76,80,85,113,114" machi="114" ten="30,12000,2" yaku="1,1,0,1,52,2,54,1,53,1" doraHai="108" doraHaiUra="21" who="2" fromWho="2" sc="304,-30,216,-60,216,140,244,-30" /><INIT seed="2,0,0,0,1,43" ten="274,156,356,214" oya="2" hai0="64,86,65,12,57,119,13,104,10,109,93,27,134" hai1="32,0,111,55,108,84,3,79,22,7,37,52,89" hai2="56,38,40,112,53,82,20,41,28,51,72,44,11" hai3="87,120,100,59,24,47,105,67,101,92,5,129,6"/><V122/><F122/><W91/><G120/><T29/><D104/><U17/><E32/><V96/><F112/><W26/><G129/><T74/><D74/><U42/><E79/><V36/><F96/><W63/><G105/><T117/><D109/><N who="1" m="42059" /><E37/><V46/><F11/><W4/><REACH who="3" step="1"/><G47/><REACH who="3" ten="274,156,356,204" step="2"/><T107/><D107/><U114/><E114/><V98/><F98/><W71/><G71/><T33/><D119/><U132/><E132/><V49/><F72/><W14/><G14/><T102/><D117/><U126/><E0/><V25/><REACH who="2" step="1"/><F82/><REACH who="2" ten="274,156,346,204" step="2"/><W128/><G128/><T8/><D134/><U18/><E3/><V113/><F113/><W99/><G99/><T54/><D8/><U30/><E84/><V70/><F70/><W58/><G58/><T48/><D10/><U76/><E126/><V31/><F31/><W1/><G1/><T83/><D86/><U69/><E30/><V90/><F90/><W80/><G80/><T121/><D83/><U95/><E89/><V61/><AGARI ba="0,2" hai="20,25,28,36,38,40,41,44,46,49,51,53,56,61" machi="61" ten="20,18000,2" yaku="1,1,0,1,7,1,9,1,52,2,53,0" doraHai="43" doraHaiUra="78" who="2" fromWho="2" sc="274,-60,156,-60,346,200,204,-60" /><INIT seed="2,1,0,5,4,1" ten="214,96,546,144" oya="2" hai0="107,63,57,111,20,89,78,62,82,54,85,67,105" hai1="90,13,100,80,11,122,95,126,51,58,99,117,114" hai2="53,37,61,31,10,4,134,81,119,6,23,97,25" hai3="2,87,112,98,104,9,96,22,3,129,52,46,76"/><V115/><F119/><W59/><G129/><T120/><D120/><U133/><E122/><V73/><F115/><W84/><G112/><T135/><D135/><U64/><E117/><V43/><F134/><W72/><G72/><T60/><D111/><U28/><E133/><V75/><F37/><W74/><G74/><T17/><D78/><U0/><E0/><V103/><F43/><W128/><G3/><T132/><D132/><U91/><E114/><V130/><F130/><W40/><G128/><T38/><D38/><U116/><E116/><V8/><F81/><W55/><G22/><T110/><D110/><U131/><E126/><V21/><F21/><W44/><G104/><T36/><D36/><U45/><E28/><V56/><F75/><W106/><G106/><T19/><D19/><U14/><E14/><V33/><F33/><W83/><G87/><T127/><D127/><U27/><E27/><V47/><F47/><N who="3" m="17963" /><G40/><T24/><D63/><N who="1" m="38007" /><E80/><V94/><F73/><W34/><G34/><T49/><REACH who="0" step="1"/><D62/><REACH who="0" ten="204,96,546,144" step="2"/><U66/><E131/><V108/><F108/><W69/><G76/><T125/><D125/><U29/><E29/><V86/><F86/><W121/><G84/><T15/><D15/><U102/><E13/><V30/><F30/><W113/><G2/><T123/><D123/><U79/><E79/><V42/><F42/><W70/><G121/><T26/><D26/><U71/><E99/><V5/><AGARI ba="1,1" hai="4,5,6,8,10,23,25,31,53,56,61,94,97,103" machi="5" ten="30,12000,1" yaku="0,1,8,1,52,3" doraHai="1" who="2" fromWho="2" sc="204,-41,96,-41,546,133,144,-41" /><INIT seed="2,2,0,0,3,77" ten="163,55,679,103" oya="2" hai0="31,52,118,119,132,78,11,24,74,30,18,21,67" hai1="122,110,22,97,16,115,5,113,84,53,56,20,114" hai2="39,80,106,103,40,3,1,83,73,19,6,112,66" hai3="49,61,91,109,36,34,90,82,89,33,120,71,2"/><V102/><F112/><W81/><G36/><T96/><D67/><U131/><E110/><V14/><F73/><W92/><G120/><T46/><D96/><U87/><E122/><V25/><F106/><W54/><G2/><T12/><D132/><U47/><E131/><V42/><F39/><W63/><G109/><T79/><D31/><U45/><E5/><V62/><F1/><W130/><G130/><T59/><D46/><U75/><E75/><V35/><F3/><W86/><G71/><T10/><D10/><U23/><E97/><V28/><F6/><W101/><G101/><T121/><D121/><U69/><E69/><V107/><F107/><W9/><G9/><T57/><D57/><U38/><E38/><V60/><F103/><W70/><G70/><T128/><D128/><U51/><REACH who="1" step="1"/><E16/><REACH who="1" ten="163,45,679,103" step="2"/><V0/><F19/><W64/><G64/><T41/><D74/><U50/><E50/><V43/><F66/><W48/><G48/><T133/><D18/><U37/><E37/><V17/><F0/><W65/><G65/><T127/><D118/><U44/><AGARI ba="2,1" hai="20,22,23,44,45,47,51,53,56,84,87,113,114,115" machi="44" ten="40,8000,1" yaku="1,1,0,1,29,2,53,0" doraHai="77" doraHaiUra="72" who="1" fromWho="1" sc="163,-22,45,96,679,-42,103,-22" /><INIT seed="3,0,0,0,0,75" ten="141,141,637,81" oya="3" hai0="12,27,93,127,53,116,108,69,66,42,43,119,33" hai1="131,3,57,5,83,87,97,47,21,25,51,94,77" hai2="103,78,85,71,23,10,49,109,22,92,110,134,124" hai3="65,84,67,81,56,55,129,24,30,135,34,74,130"/><W95/><G74/><T40/><D127/><U107/><E131/><N who="3" m="50186" /><G95/><T1/><D1/><U128/><E128/><V41/><F71/><W4/><G4/><T122/><D122/><U96/><E107/><V48/><F124/><W106/><G106/><T19/><D93/><U115/><E115/><V6/><F134/><W58/><G135/><T64/><D53/><U86/><E57/><N who="3" m="22122" /><G55/><T89/><D69/><U104/><E104/><V133/><F92/><W132/><G132/><T68/><D68/><U59/><E59/><V28/><F6/><W70/><G70/><T32/><D66/><U125/><E5/><V38/><F133/><W126/><G126/><T73/><D64/><U9/><E3/><V18/><F28/><W111/><G111/><T45/><D108/><U120/><E125/><V76/><F18/><W123/><G123/><T39/><D19/><N who="1" m="12479" /><E9/><V113/><F10/><W114/><G114/><T99/><D73/><U46/><E120/><V118/><F113/><W63/><G63/><T14/><D42/><U50/><E87/><V7/><F41/><W20/><G34/><T52/><D43/><N who="1" m="24927" /><E94/><V105/><F105/><W79/><AGARI ba="0,0" hai="20,24,30,65,67,79,81,84" m="22122,50186" machi="79" ten="30,3000,0" yaku="19,1,52,1" doraHai="75" who="3" fromWho="3" sc="141,-10,141,-10,637,-10,81,30" /><INIT seed="3,1,0,0,0,115" ten="131,131,627,111" oya="3" hai0="53,118,62,12,41,32,89,91,85,82,20,33,113" hai1="123,88,45,66,11,6,37,23,74,60,100,64,14" hai2="8,0,110,57,94,21,105,40,9,130,103,18,54" hai3="24,117,73,63,46,55,95,83,77,122,30,56,75"/><W5/><G117/><T121/><D121/><U72/><E123/><V116/><F116/><W7/><G122/><T97/><D118/><U22/><E66/><V19/><F105/><W17/><G75/><T52/><D113/><U35/><E35/><V51/><F110/><W109/><G109/><T26/><D33/><U10/><E100/><V120/><F120/><W84/><G17/><N who="0" m="12559" /><D32/><U124/><E124/><V134/><F134/><W78/><G78/><N who="0" m="46295" /><D41/><U93/><E72/><V133/><F133/><W76/><G76/><T127/><D127/><U4/><E74/><V92/><F130/><W59/><G46/><T71/><D71/><U87/><E45/><V81/><F81/><W99/><G73/><T61/><D12/><U25/><E37/><V47/><F0/><W132/><G59/><N who="0" m="35047" /><D97/><U119/><E119/><V43/><F43/><W111/><G111/><T96/><D96/><U69/><E25/><V44/><F44/><W15/><G15/><AGARI ba="1,0" hai="4,6,10,11,14,15,22,23,60,64,69,87,88,93" machi="15" ten="30,3900,0" yaku="7,1,9,1,54,1" doraHai="115" who="1" fromWho="3" sc="131,0,131,42,627,0,111,-42" /><INIT seed="4,0,0,1,3,82" ten="131,173,627,69" oya="0" hai0="47,124,106,77,68,64,71,119,34,40,26,114,35" hai1="49,36,101,95,27,135,88,56,105,116,39,120,84" hai2="83,134,0,57,33,45,50,110,58,18,59,63,90" hai3="19,48,6,112,23,25,75,96,89,41,5,42,122"/><T80/><D119/><U11/><E120/><V111/><F0/><W123/><G75/><N who="0" m="43071" /><D114/><U15/><E116/><V98/><F33/><N who="0" m="12298" /><D26/><U70/><E70/><N who="0" m="26665" /><D64/><U66/><E27/><V130/><F63/><W55/><G112/><T133/><D133/><U4/><E135/><V73/><F134/><W43/><G123/><T85/><D85/><U72/><E72/><V12/><F130/><W94/><REACH who="3" step="1"/><G122/><REACH who="3" ten="131,173,627,59" step="2"/><T29/><D124/><U22/><E36/><V54/><F73/><W52/><G52/><T92/><D29/><U74/><E74/><V87/><REACH who="2" step="1"/><F98/><REACH who="2" ten="131,173,617,59" step="2"/><W99/><G99/><T10/><D40/><U125/><E125/><V117/><F117/><W93/><G93/><T16/><D92/><U9/><E95/><V86/><F86/><W24/><G24/><T128/><D128/><U44/><E84/><V76/><F76/><W131/><G131/><T107/><D107/><U46/><E105/><V38/><F38/><W79/><G79/><T118/><D106/><U2/><E39/><V32/><F32/><W20/><G20/><AGARI ba="0,2" hai="12,18,20,45,50,54,57,58,59,83,87,90,110,111" machi="20" ten="40,2600,0" yaku="1,1,52,1,53,0" doraHai="82" doraHaiUra="113" who="2" fromWho="3" sc="131,0,173,0,617,46,59,-26" /><INIT seed="5,0,0,1,2,75" ten="131,173,663,33" oya="1" hai0="63,41,6,71,124,53,92,20,58,11,113,9,89" hai1="60,106,54,98,94,120,4,18,25,133,15,27,82" hai2="84,125,68,0,118,79,72,64,2,132,121,55,45" hai3="17,107,102,31,8,66,39,67,130,30,103,116,19"/><U91/><E120/><V135/><F84/><W110/><G39/><T96/><D124/><U78/><E133/><V70/><F118/><W88/><G107/><T42/><D113/><U97/><E4/><V69/><F64/><N who="3" m="24619" /><G110/><T28/><D71/><U95/><E106/><V35/><F35/><W129/><G88/><T131/><D131/><N who="3" m="50185" /><G8/><N who="0" m="3147" /><D6/><U85/><E60/><V56/><F45/><W48/><G48/><T126/><D126/><U86/><E54/><V65/><F65/><W7/><G7/><T51/><D51/><U44/><E44/><V76/><F121/><W93/><G93/><T47/><D47/><U26/><E95/><V100/><F100/><N who="3" m="38443" /><G116/><T5/><D5/><U43/><E94/><V33/><F33/><W123/><G123/><T74/><D74/><U62/><E91/><V29/><F29/><AGARI ba="0,0" hai="17,19,29,30,31" m="38443,50185,24619" machi="29" ten="30,8000,1" yaku="28,2,26,2,19,1" doraHai="75" who="3" fromWho="2" sc="131,0,173,0,663,-80,33,80" /><INIT seed="6,0,0,1,0,109" ten="131,173,583,113" oya="2" hai0="41,126,8,117,38,20,125,73,129,51,106,133,89" hai1="11,124,86,84,6,104,37,43,101,4,47,15,105" hai2="82,102,103,34,28,0,112,10,74,65,85,75,29" hai3="116,18,98,16,7,96,50,71,81,31,120,14,36"/><V91/><F112/><W68/><G36/><T61/><D73/><U122/><E124/><N who="0" m="47721" /><D106/><U56/><E122/><V24/><F28/><W131/><G120/><T44/><D117/><U32/><E32/><V30/><F30/><W79/><G116/><T130/><D8/><U55/><E105/><V95/><F65/><W67/><G131/><N who="0" m="50187" /><D20/><U12/><E101/><V132/><F132/><W99/><G31/><T23/><D23/><U2/><E104/><V88/><F75/><W27/><G27/><T63/><D89/><U114/><E11/><V94/><F74/><W90/><G90/><T108/><D108/><U83/><E6/><V100/><F91/><W111/><G7/><T9/><D9/><U128/><E4/><V60/><F60/><N who="0" m="23114" /><D133/><U40/><E128/><V25/><F25/><W123/><G111/><T17/><D17/><U76/><E12/><V87/><F87/><W49/><G123/><T1/><D1/><U118/><E15/><V135/><F135/><W115/><G115/><T119/><D119/><U42/><E86/><V80/><F80/><W54/><G14/><T22/><D22/><U72/><E2/><V58/><F0/><W62/><G71/><T110/><D110/><U66/><E118/><V35/><F10/><W77/><G81/><T127/><N who="0" m="47729" /><T52/><DORA hai="78" /><D38/><U21/><E37/><V33/><F34/><W45/><REACH who="3" step="1"/><G50/><REACH who="3" ten="131,173,583,103" step="2"/><T39/><D39/><N who="1" m="21919" /><E83/><V57/><F35/><W93/><G93/><T3/><D3/><U107/><E107/><V69/><F95/><W19/><AGARI ba="0,1" hai="16,18,19,45,49,54,62,67,68,77,79,96,98,99" machi="19" ten="30,7900,0" yaku="1,1,0,1,54,1,53,1" doraHai="109,78" doraHaiUra="70,59" who="3" fromWho="3" sc="131,-20,173,-20,583,-39,103,89" /><INIT seed="7,0,0,1,3,92" ten="111,153,544,192" oya="3" hai0="90,109,100,89,83,6,94,40,133,3,50,108,65" hai1="104,85,88,78,81,93,116,48,56,2,59,24,47" hai2="103,117,61,80,128,33,16,11,95,36,4,34,19" hai3="111,64,0,127,125,73,96,134,51,41,31,113,21"/><W62/><G0/><T52/><D133/><U131/><E104/><V27/><F117/><W67/><G73/><T15/><D3/><U45/><E2/><V58/><F36/><W8/><G8/><N who="0" m="4503" /><D109/><U79/><E131/><V38/><F38/><W13/><G111/><T23/><D108/><U12/><E116/><V101/><F128/><W76/><G76/><N who="1" m="29226" /><E24/><V82/><F33/><W10/><G134/><T32/><D32/><U63/><E81/><N who="2" m="31339" /><F34/><W7/><G31/><T30/><D40/><N who="1" m="24615" /><E47/><V107/><F107/><W71/><G21/><T60/><D83/><U43/><E43/><V84/><F27/><W115/><G41/><T124/><D124/><N who="3" m="47689" /><G64/><T126/><D126/><U26/><E26/><V123/><F123/><W49/><G49/><T68/><D68/><U118/><E118/><V112/><F112/><W54/><G51/><T14/><D30/><U42/><E42/><V44/><F44/><W86/><G54/><T132/><D132/><U55/><E12/><N who="2" m="5223" /><F103/><W129/><G129/><T25/><D25/><U66/><E66/><N who="2" m="39223" /><F101/><W99/><G86/><T75/><D75/><U122/><E122/><V29/><F29/><W70/><G70/><N who="0" m="42279" /><D100/><U130/><E130/><V91/><AGARI ba="0,0" hai="16,19,84,91,95" m="39223,5223,31339" machi="91" ten="30,2000,0" yaku="8,1,54,1" doraHai="92" who="2" fromWho="2" sc="111,-5,153,-5,544,20,192,-10" owari="106,-39.0,148,-25.0,564,66.0,182,-2.0" /></mjloggm>