<mjloggm ver="2.3"><GO type="169" lobby="0"/><UN n0="%E3%81%B4%E3%81%AE" n1="%EF%BC%88%E2%89%A7%E2%96%BD%E2%89%A6%EF%BC%89" n2="%E2%99%AA%E3%83%A2%E3%83%8E%E3%82%AF%E3%83%AD" n3="%41%53%41%50%49%4E" dan="16,18,18,19" rate="2075.05,2133.40,2199.20,2240.42" sx="M,F,F,M"/><TAIKYOKU oya="0"/><INIT seed="0,0,0,5,5,106" ten="250,250,250,250" oya="0" hai0="130,107,89,34,115,52,30,93,97,5,27,101,59" hai1="54,86,47,26,104,35,99,16,112,132,122,88,94" hai2="41,111,2,76,100,82,28,123,77,131,124,95,85" hai3="103,6,3,15,9,126,8,71,121,87,64,129,62"/><T109/><D115/><U50/><E122/><V29/><F123/><W117/><G121/><T43/><D130/><U18/><E112/><V92/><F2/><W98/><G129/><T105/><D109/><U96/><E132/><V120/><F120/><W70/><G126/><T66/><D43/><U55/><E104/><V44/><F131/><W67/><G117/><T0/><D66/><U42/><E35/><V61/><F111/><W58/><G87/><T73/><D73/><U83/><E99/><V20/><F124/><W46/><G46/><T14/><D0/><U110/><E110/><V60/><F76/><W38/><G38/><T33/><D33/><U48/><E26/><V80/><F80/><W118/><G118/><T127/><D127/><U23/><E23/><V1/><F1/><W68/><G67/><T75/><D75/><U25/><E25/><V39/><F20/><W113/><G113/><T51/><REACH who="0" step="1"/><D101/><REACH who="0" ten="240,250,250,250" step="2"/><N who="1" m="60567" /><E42/><V133/><F100/><W32/><G32/><T79/><D79/><U13/><E13/><V56/><F41/><W57/><G103/><T11/><AGARI ba="0,1" hai="5,11,14,27,30,34,51,52,59,89,93,97,105,107" machi="11" ten="30,11700,0" yaku="1,1,0,1,54,1,53,1" doraHai="106" doraHaiUra="7" who="0" fromWho="0" sc="240,127,250,-39,250,-39,250,-39" /><INIT seed="0,1,0,2,1,15" ten="367,211,211,211" oya="0" hai0="38,5,39,30,6,121,51,8,123,61,60,83,113" hai1="129,94,14,41,124,72,100,104,133,18,33,85,66" hai2="26,87,53,130,125,103,101,132,134,114,1,112,107" hai3="45,40,22,49,82,4,81,21,42,111,37,71,24"/><T90/><D113/><U54/><E72/><V34/><F1/><W32/><G71/><T20/><D51/><U109/><E33/><V122/><F122/><W95/><G111/><T93/><D83/><U110/><E124/><V65/><F130/><W106/><G106/><T119/><D119/><U16/><E129/><V84/><F65/><W89/><G32/><T23/><D93/><U115/><E115/><N who="2" m="44075" /><F53/><W131/><G131/><T99/><D8/><U12/><E133/><N who="2" m="51307" /><F125/><W36/><G4/><T13/><D13/><N who="1" m="5227" /><E66/><V10/><F10/><W55/><G21/><T105/><D30/><U69/><E69/><V31/><F107/><W64/><G64/><T56/><D105/><U117/><E104/><V50/><F50/><W27/><G37/><T46/><D46/><U63/><E41/><V67/><F67/><W47/><G40/><T76/><D39/><U97/><E117/><V3/><F3/><W57/><G45/><T108/><D38/><U127/><E127/><V35/><F35/><W58/><G58/><T29/><D56/><N who="1" m="35223" /><E85/><AGARI ba="1,0" hai="26,31,34,84,85,87,101,103" m="51307,44075" machi="85" ten="30,1000,0" yaku="20,1" doraHai="15" who="2" fromWho="1" sc="367,0,211,-13,211,13,211,0" /><INIT seed="1,0,0,0,4,118" ten="367,198,224,211" oya="1" hai0="1,71,63,28,97,53,90,10,18,115,93,35,4" hai1="114,43,60,47,129,61,82,54,59,77,130,46,123" hai2="84,99,19,102,32,133,41,79,67,81,80,58,30" hai3="122,111,134,125,105,113,12,101,68,44,3,23,49"/><U131/><E114/><V70/><F133/><W27/><G3/><T88/><D115/><U37/><E123/><V103/><F70/><W69/><G113/><T6/><D6/><U16/><E16/><V65/><F41/><W55/><G134/><T34/><D28/><U112/><E112/><V86/><F32/><W85/><G122/><T75/><D75/><U26/><E26/><V127/><F127/><W120/><G120/><T24/><D90/><U62/><REACH who="1" step="1"/><E46/><REACH who="1" ten="367,188,224,211" step="2"/><V17/><F30/><W7/><G27/><T89/><D24/><U13/><E13/><V29/><F29/><W11/><G44/><T98/><D18/><U52/><E52/><V110/><F19/><W106/><G55/><T96/><D53/><U135/><E135/><V95/><F17/><W128/><G12/><T31/><D31/><U64/><E64/><V109/><F67/><W5/><G23/><T25/><D25/><U42/><E42/><V33/><F65/><W83/><G5/><T8/><D4/><U36/><E36/><V126/><F33/><W73/><G7/><T39/><D34/><U108/><E108/><V48/><F110/><W45/><G111/><T0/><D35/><U91/><E91/><N who="2" m="55807" /><F109/><W2/><G45/><T38/><D39/><U121/><E121/><V107/><F126/><W56/><G125/><T21/><D38/><U20/><E20/><V74/><F103/><W57/><G101/><T66/><D21/><U72/><AGARI ba="0,1" hai="37,43,47,54,59,60,61,62,72,77,82,129,130,131" machi="72" ten="30,18000,2" yaku="1,1,0,1,19,1,53,3" doraHai="118" doraHaiUra="124" who="1" fromWho="1" sc="367,-60,188,190,224,-60,211,-60" /><INIT seed="1,1,0,0,4,125" ten="307,378,164,151" oya="1" hai0="68,29,104,54,114,82,5,109,89,31,43,77,11" hai1="70,39,33,45,127,130,42,12,101,38,69,122,110" hai2="48,36,4,44,108,79,81,30,19,2,116,129,20" hai3="80,24,132,112,26,34,47,102,96,61,49,18,84"/><U76/><E33/><V115/><F116/><W117/><G117/><T118/><D104/><U50/><E122/><V9/><F108/><W56/><G132/><T73/><D68/><N who="1" m="26219" /><E76/><V133/><F133/><W119/><G112/><T121/><D114/><U14/><E101/><V100/><F115/><W55/><G119/><T111/><D118/><U78/><E78/><V99/><F30/><W75/><G75/><T74/><D121/><U22/><E22/><V91/><F91/><W51/><G34/><T60/><D74/><U124/><E14/><V64/><F64/><W88/><G18/><T25/><D89/><U135/><E12/><V58/><F58/><W0/><G0/><T71/><D25/><U92/><E92/><V40/><F48/><W59/><G59/><N who="0" m="34935" /><D71/><U17/><E17/><V7/><F7/><W63/><G51/><T46/><D5/><U90/><E90/><V83/><F100/><W107/><REACH who="3" step="1"/><G63/><REACH who="3" ten="307,378,164,141" step="2"/><T134/><D73/><U93/><E135/><V52/><F2/><W23/><G23/><T6/><D134/><U95/><E50/><V113/><F113/><W62/><G62/><T35/><D35/><U126/><E126/><V21/><F20/><W103/><G103/><T123/><D123/><U98/><E127/><V15/><F21/><W67/><AGARI ba="1,1" hai="24,26,47,49,55,56,61,67,80,84,88,96,102,107" machi="67" ten="20,8000,1" yaku="1,1,0,1,7,1,54,1,53,1" doraHai="125" doraHaiUra="86" who="3" fromWho="3" sc="307,-21,378,-41,164,-21,141,93" /><INIT seed="2,0,0,1,1,88" ten="286,337,143,234" oya="2" hai0="35,54,33,129,30,131,90,97,41,113,125,5,103" hai1="73,105,107,106,40,13,112,53,80,15,49,84,65" hai2="109,115,29,99,119,11,86,9,93,128,94,82,61" hai3="123,20,19,42,62,92,134,122,1,0,101,87,71"/><V25/><F115/><W110/><G110/><T85/><D113/><U56/><E112/><V63/><F119/><W60/><G134/><T83/><D125/><U36/><E73/><V130/><F109/><W64/><G42/><T95/><D41/><U118/><E118/><V120/><F120/><W104/><G104/><T127/><D127/><U96/><E65/><V78/><F11/><W6/><G62/><T58/><D5/><U21/><E96/><V28/><F9/><W126/><G126/><T70/><D70/><U67/><E67/><V74/><F74/><W34/><G34/><T14/><D14/><U124/><E124/><V24/><F24/><W2/><G6/><T43/><D43/><U38/><E21/><V132/><F132/><W91/><REACH who="3" step="1"/><G101/><REACH who="3" ten="286,337,143,224" step="2"/><T59/><D35/><U68/><E40/><V27/><F63/><W31/><G31/><T23/><D33/><U51/><E38/><V135/><F135/><W44/><G44/><T69/><D30/><U37/><E36/><V22/><F61/><W133/><G133/><T108/><D108/><U111/><E37/><V39/><F39/><W26/><AGARI ba="0,1" hai="0,1,2,19,20,26,60,64,71,87,91,92,122,123" machi="26" ten="30,4000,0" yaku="1,1,0,1,52,1,53,0" doraHai="88" doraHaiUra="100" who="3" fromWho="3" sc="286,-10,337,-10,143,-20,224,50" /><INIT seed="3,0,0,2,4,124" ten="276,327,123,274" oya="3" hai0="9,78,55,96,76,42,72,68,45,125,130,109,131" hai1="46,89,10,113,119,4,135,71,44,114,59,27,123" hai2="87,15,117,58,107,26,34,33,60,80,32,28,66" hai3="6,120,102,40,35,126,91,12,88,3,63,61,23"/><W13/><G120/><T75/><D109/><U121/><E71/><V69/><F117/><W2/><G35/><T100/><D68/><U95/><E119/><V36/><F36/><W22/><G102/><T134/><D55/><U77/><E77/><N who="0" m="29801" /><D9/><U24/><E59/><V84/><F107/><W52/><G6/><T70/><D70/><U57/><E57/><V65/><F15/><W94/><G94/><N who="0" m="58391" /><D125/><U16/><E4/><V37/><F37/><W8/><G8/><T7/><D7/><U19/><E10/><V64/><F87/><W110/><G126/><T111/><D111/><U62/><E62/><V86/><F86/><W50/><G110/><T108/><D108/><U99/><E99/><V39/><F39/><W1/><G1/><T112/><D112/><U31/><E31/><V56/><F69/><W128/><G50/><N who="0" m="26935" /><D134/><U98/><E98/><V14/><F14/><W74/><G52/><T97/><D97/><U73/><E135/><V83/><F83/><W81/><G81/><T17/><D17/><U90/><REACH who="1" step="1"/><E95/><REACH who="1" ten="276,317,123,274" step="2"/><V11/><F11/><W30/><G30/><T133/><D133/><U41/><E41/><V0/><F0/><W92/><G40/><T127/><D127/><U21/><E21/><V122/><F122/><W49/><G92/><T106/><D106/><U79/><E79/><N who="2" m="46111" /><F58/><W101/><G2/><T115/><D115/><U43/><E43/><V29/><F29/><W82/><G3/><T67/><D67/><U48/><E48/><V104/><F104/><W25/><G49/><T20/><D20/><U51/><E51/><V116/><F116/><RYUUKYOKU ba="0,1" sc="276,10,317,10,123,10,274,-30" hai0="72,75,130,131" hai1="16,19,24,27,44,46,73,89,90,113,114,121,123" hai2="26,28,32,33,34,56,60,64,65,66" /><INIT seed="4,1,1,1,5,112" ten="286,327,133,244" oya="0" hai0="40,33,127,29,3,100,49,125,66,98,82,114,37" hai1="55,110,83,64,51,28,118,105,104,106,53,12,27" hai2="85,24,107,123,36,90,11,42,30,13,4,86,23" hai3="89,109,72,5,45,56,69,108,68,101,1,41,6"/><T60/><D114/><U0/><E0/><V19/><F107/><W87/><G72/><T81/><D3/><U130/><E110/><V119/><F123/><W115/><G115/><T77/><D49/><U116/><E130/><V46/><F119/><W80/><G101/><T84/><D40/><U16/><E64/><V8/><REACH who="2" step="1"/><F90/><REACH who="2" ten="286,327,123,244" step="2"/><W76/><G89/><N who="0" m="51343" /><D127/><U57/><E118/><V34/><F34/><W20/><G109/><T18/><D125/><U2/><E116/><V17/><F17/><W128/><G108/><T74/><D18/><U54/><E106/><V94/><F94/><W32/><G32/><T131/><D33/><U73/><E105/><V10/><F10/><W102/><G6/><T58/><D131/><U35/><E104/><V61/><F61/><W14/><G5/><T132/><D60/><U65/><E35/><V133/><F133/><W121/><G128/><T126/><D132/><U70/><E16/><V75/><F75/><W134/><G121/><T120/><D120/><U79/><E73/><V25/><F25/><W15/><G134/><T38/><D126/><U50/><E27/><V97/><F97/><W95/><G95/><T71/><D98/><U26/><E26/><V44/><F44/><W67/><G45/><T96/><D96/><U63/><E63/><V43/><F43/><W21/><G41/><T59/><D74/><U122/><E122/><V7/><F7/><W113/><G113/><T22/><D22/><U31/><E31/><V62/><F62/><N who="3" m="38343" /><G20/><T117/><D29/><U93/><E28/><V129/><F129/><W135/><G21/><RYUUKYOKU ba="1,2" sc="286,-10,327,-10,123,30,244,-10" hai2="4,8,11,13,19,23,24,30,36,42,46,85,86" /><INIT seed="5,2,2,5,4,12" ten="276,317,153,234" oya="1" hai0="103,9,77,65,84,97,70,104,92,96,8,114,93" hai1="35,126,5,25,115,19,24,30,95,14,91,28,118" hai2="83,67,46,113,57,120,43,100,37,99,72,51,117" hai3="18,68,32,79,87,124,85,54,60,15,127,23,80"/><U56/><E118/><V47/><F120/><W111/><G111/><T11/><D114/><U33/><E115/><V69/><F113/><W106/><G106/><T102/><D104/><U74/><E74/><V131/><F131/><W64/><G32/><T13/><D70/><U10/><E56/><V98/><F117/><W105/><G105/><T63/><D63/><U6/><E126/><N who="3" m="48170" /><G54/><T42/><D65/><U1/><E1/><V48/><F69/><W22/><G22/><T41/><REACH who="0" step="1"/><D13/><REACH who="0" ten="266,317,153,234" step="2"/><U88/><E91/><V71/><F71/><W75/><AGARI ba="2,3" hai="15,18,23,60,64,68,75,79,80,85,87" m="48170" machi="75" ten="30,2000,0" yaku="18,1,52,1" doraHai="12" who="3" fromWho="3" sc="266,-7,317,-12,153,-7,234,56" /><INIT seed="6,0,0,5,3,22" ten="259,305,146,290" oya="2" hai0="104,76,69,75,40,68,103,110,2,121,108,35,41" hai1="102,31,54,116,72,29,48,39,10,15,47,57,130" hai2="32,133,30,126,61,8,100,65,60,105,20,92,79" hai3="26,106,38,111,73,62,86,51,11,84,131,23,80"/><V91/><F32/><W112/><G111/><T81/><D40/><N who="1" m="24679" /><E72/><V135/><F126/><W46/><G106/><T3/><D121/><U52/><E39/><V24/><F79/><W109/><G109/><N who="0" m="42091" /><D41/><U19/><E116/><V5/><F105/><W50/><G131/><T98/><D35/><U63/><E130/><V6/><F100/><W93/><G112/><T120/><D120/><U94/><E54/><V13/><F6/><W117/><G117/><T90/><D90/><U113/><E113/><V44/><F44/><W36/><G73/><T114/><D114/><U96/><AGARI ba="0,0" hai="10,15,19,29,31,52,57,63,94,96,102" m="24679" machi="96" ten="30,2000,0" yaku="8,1,54,1" doraHai="22" who="1" fromWho="1" sc="259,-5,305,20,146,-10,290,-5" /><INIT seed="7,0,0,2,5,49" ten="254,325,136,285" oya="3" hai0="53,82,107,71,0,47,121,89,80,87,132,103,30" hai1="22,88,73,81,128,38,119,79,55,92,16,51,93" hai2="123,46,125,115,130,34,26,118,106,8,32,40,100" hai3="58,90,54,60,29,114,101,14,12,129,76,99,91"/><W108/><G114/><T6/><D71/><U72/><E38/><V94/><F94/><W19/><G129/><T31/><D121/><U74/><E128/><V21/><F46/><W126/><G126/><T104/><D132/><U15/><E119/><V84/><F84/><W41/><G108/><T98/><D107/><U68/><E68/><V44/><F44/><W120/><G120/><T56/><D47/><U122/><E93/><V131/><F40/><W10/><G41/><T95/><D6/><U3/><E3/><V97/><F97/><W96/><G29/><T33/><D0/><U111/><E111/><V48/><F48/><W127/><G127/><T28/><REACH who="0" step="1"/><D33/><REACH who="0" ten="244,325,136,285" step="2"/><U78/><E122/><V9/><F100/><W24/><G24/><T62/><AGARI ba="0,1" hai="28,30,31,53,56,62,80,82,87,89,95,98,103,104" machi="62" ten="30,7900,0" yaku="1,1,2,1,0,1,52,1,53,0" doraHai="49" doraHaiUra="65" who="0" fromWho="0" sc="244,89,325,-20,136,-20,285,-39" owari="333,42.0,305,11.0,116,-38.0,246,-15.0" /></mjloggm>