<mjloggm ver="2.3"><GO type="169" lobby="0"/><UN n0="%EF%BC%BC%28%EF%BC%BE%6F%EF%BC%BE%29%EF%BC%8F%E2%98%85" n1="%67%6F%6F%64%62%79%65" n2="%EF%BC%88%E2%89%A7%E2%96%BD%E2%89%A6%EF%BC%89" n3="%4E%4F%42%55%53%48%49" dan="17,17,17,16" rate="2124.39,2127.50,2117.45,2128.47" sx="M,F,M,M"/><TAIKYOKU oya="0"/><INIT seed="0,0,0,4,1,29" ten="250,250,250,250" oya="0" hai0="113,39,54,8,92,94,20,134,48,68,11,67,129" hai1="120,2,51,65,62,122,100,33,59,89,32,61,84" hai2="86,127,71,75,18,123,44,77,34,46,118,14,101" hai3="47,15,60,96,115,72,28,85,133,112,64,73,50"/><T27/><D39/><U45/><E2/><V76/><F123/><W126/><G133/><T38/><D38/><U109/><E100/><V3/><F3/><W55/><G126/><T125/><D113/><U117/><E117/><V110/><F71/><W103/><G112/><T70/><D134/><U36/><E36/><V79/><F75/><W131/><G131/><T82/><D129/><U114/><E114/><V57/><F127/><W6/><G115/><T25/><D125/><U40/><E109/><V37/><F110/><W41/><G41/><T135/><D135/><U111/><E111/><V0/><F0/><W93/><G28/><T13/><D82/><U69/><E120/><V104/><F37/><W26/><G26/><T7/><D11/><U87/><E122/><V23/><F118/><W19/><G85/><T9/><D9/><U30/><E30/><V4/><F4/><W35/><G35/><T97/><D94/><U66/><E84/><V43/><F86/><W121/><G6/><T102/><D67/><U56/><E69/><V74/><F74/><W63/><G63/><T17/><REACH who="0" step="1"/><D27/><REACH who="0" ten="240,250,250,250" step="2"/><U105/><E105/><V83/><F83/><AGARI ba="0,1" hai="32,33,40,45,51,56,59,61,62,65,66,83,87,89" machi="83" ten="30,7700,0" yaku="7,1,9,1,52,2" doraHai="29" who="1" fromWho="2" sc="240,0,250,87,250,-77,250,0" /><INIT seed="1,0,0,1,1,25" ten="240,337,173,250" oya="1" hai0="50,91,39,7,37,79,5,99,22,89,64,54,18" hai1="111,108,100,55,132,27,10,74,90,71,103,49,73" hai2="53,118,92,97,46,38,16,45,65,116,127,48,42" hai3="62,59,69,3,17,124,57,67,119,87,133,85,101"/><U52/><E71/><V43/><F127/><W78/><G3/><T102/><D64/><U51/><E10/><V35/><F35/><W120/><G120/><T63/><D63/><U115/><E90/><V31/><F65/><W8/><G124/><T66/><D66/><U77/><E77/><V19/><F31/><W107/><G101/><N who="1" m="38986" /><E115/><V113/><F113/><W28/><G107/><T135/><D79/><U86/><E86/><V1/><F1/><W41/><G78/><T0/><D39/><U117/><E117/><V128/><F128/><W109/><G85/><T121/><D37/><U44/><E27/><V68/><F68/><W80/><G87/><T24/><D121/><U95/><E95/><V123/><F123/><W6/><G8/><T134/><D0/><U105/><E105/><V36/><F116/><W84/><G84/><T20/><D91/><U29/><E29/><V9/><F9/><W11/><G28/><T126/><D89/><U2/><E2/><V61/><F118/><W47/><G11/><T81/><D126/><U12/><E12/><V93/><F61/><W130/><G62/><T72/><D22/><U76/><E76/><V106/><F106/><W112/><G119/><T83/><D7/><U125/><E125/><V88/><F93/><W75/><G6/><T110/><D5/><U13/><E13/><V4/><F4/><W129/><G112/><T82/><D102/><U33/><E33/><V26/><F26/><W23/><G69/><T96/><D83/><U98/><E98/><V30/><F30/><W94/><G80/><T15/><D82/><RYUUKYOKU ba="0,0" sc="240,-10,337,-10,173,30,250,-10" hai2="16,19,36,38,42,43,45,46,48,53,88,92,97" /><INIT seed="2,1,0,2,2,124" ten="230,327,203,240" oya="2" hai0="31,10,69,56,51,84,52,107,2,35,62,42,70" hai1="64,17,24,93,95,85,37,21,72,19,83,89,87" hai2="22,36,114,67,120,122,82,131,46,8,90,108,113" hai3="119,53,128,7,66,79,134,4,26,41,132,126,34"/><V115/><F8/><W3/><G79/><T50/><D107/><U123/><E37/><V116/><F22/><W5/><G41/><T55/><D42/><U81/><E123/><N who="2" m="47147" /><F82/><W38/><G66/><T74/><D74/><U32/><E32/><V133/><F90/><W15/><G53/><T109/><D84/><U78/><E72/><V0/><F0/><W130/><G38/><T1/><D62/><U45/><E64/><V33/><F33/><W20/><G119/><T98/><D98/><U96/><E96/><V61/><F116/><W121/><G121/><T103/><D103/><U88/><E78/><V97/><F97/><W129/><G126/><T23/><D35/><U43/><E17/><V30/><F30/><N who="3" m="19799" /><G3/><T47/><D1/><U16/><E19/><AGARI ba="1,0" hai="4,5,7,15,19,20,128,129,130,132,134" m="19799" machi="19" ten="40,12000,2" yaku="19,1,34,2,52,3" doraHai="124" who="3" fromWho="1" sc="230,0,327,-123,203,0,240,123" /><INIT seed="3,0,0,1,0,114" ten="230,204,203,363" oya="3" hai0="64,129,74,118,93,110,57,75,27,23,48,41,16" hai1="89,87,60,50,105,71,62,7,70,30,100,134,49" hai2="91,72,45,25,126,21,101,19,97,29,106,18,12" hai3="3,103,88,34,73,83,58,44,81,69,109,113,6"/><W38/><G69/><T11/><D110/><U65/><E134/><V96/><F126/><W39/><G34/><T133/><D133/><U59/><E30/><V0/><F0/><W122/><G109/><T85/><D129/><U102/><E7/><V37/><F72/><W79/><G122/><T42/><D118/><U68/><E105/><V82/><F37/><W125/><G125/><T20/><D11/><U51/><REACH who="1" step="1"/><E60/><REACH who="1" ten="230,194,203,363" step="2"/><V32/><F29/><W135/><G6/><T128/><D128/><U4/><E4/><V111/><F111/><W1/><G135/><T98/><D75/><U90/><E90/><V119/><F106/><W61/><G88/><N who="0" m="53391" /><D74/><U40/><E40/><V94/><F91/><W43/><G73/><T47/><D42/><U14/><E14/><V13/><F13/><W46/><G43/><T67/><D98/><U31/><E31/><V86/><F97/><W63/><G3/><T8/><D27/><U66/><E66/><N who="0" m="25129" /><D57/><U120/><E120/><V95/><F96/><W53/><G58/><T104/><D104/><U99/><E99/><V115/><F12/><AGARI ba="0,1" hai="8,12,16,20,23,41,47,48" m="25129,53391" machi="12" ten="30,3900,0" yaku="8,1,54,2" doraHai="114" who="0" fromWho="2" sc="230,49,194,0,203,-39,363,0" /><INIT seed="4,0,0,3,0,114" ten="279,194,164,363" oya="0" hai0="105,27,109,134,111,129,135,54,52,102,62,39,20" hai1="127,63,32,67,69,71,115,4,94,75,0,84,92" hai2="107,58,82,98,72,12,79,89,53,16,77,7,48" hai3="110,99,74,128,29,76,10,101,33,23,14,80,123"/><T57/><D39/><U60/><E32/><V113/><F113/><W3/><G110/><N who="0" m="41995" /><D129/><U122/><E115/><V112/><F112/><W106/><G128/><T68/><D68/><U51/><E122/><V35/><F35/><W37/><G123/><T61/><D102/><U42/><E75/><V11/><F72/><W2/><G37/><T15/><D105/><U125/><E4/><V56/><F107/><W133/><G33/><T73/><D73/><U116/><E0/><V88/><F56/><W78/><G78/><N who="2" m="29705" /><F98/><W66/><G66/><N who="0" m="39215" /><D15/><U18/><E71/><V83/><F7/><W13/><G133/><N who="0" m="50699" /><D62/><U100/><E63/><V40/><F40/><W44/><G14/><T24/><D24/><U43/><E42/><V46/><F83/><W34/><G80/><T124/><D124/><U8/><E43/><N who="2" m="24671" /><F82/><W6/><G74/><T87/><D87/><U59/><E125/><V90/><F89/><W70/><G3/><T108/><N who="0" m="42003" /><T26/><DORA hai="36" /><D26/><U97/><E127/><V65/><F65/><W117/><G2/><T1/><D1/><U50/><E67/><V119/><F119/><W118/><G117/><T130/><D130/><U95/><E116/><V126/><F126/><W9/><G118/><T49/><D49/><AGARI ba="0,0" hai="11,12,16,49,53,58,88,90" m="24671,29705" machi="49" ten="30,7700,0" yaku="8,1,52,1,54,2" doraHai="114,36" who="2" fromWho="0" sc="279,-77,194,0,164,77,363,0" /><INIT seed="5,0,0,3,3,121" ten="202,194,241,363" oya="1" hai0="75,76,43,95,86,80,49,69,16,37,79,85,109" hai1="97,114,77,26,126,105,46,89,117,127,73,40,55" hai2="122,4,83,81,18,68,22,5,13,65,45,93,28" hai3="56,9,94,31,67,132,115,66,10,118,108,44,1"/><U38/><E117/><V88/><F122/><W24/><G118/><T60/><D109/><U15/><E114/><V102/><F28/><W19/><G108/><T61/><D37/><U74/><E26/><V0/><F0/><W59/><G115/><T72/><D69/><U116/><E116/><V20/><F20/><W51/><G132/><T70/><D70/><U54/><E15/><V36/><F102/><W135/><G135/><T34/><D34/><U123/><E123/><V6/><F68/><W82/><G94/><T130/><D130/><U128/><E128/><V107/><F107/><W103/><G103/><T58/><D61/><U3/><E3/><V25/><F65/><W62/><G82/><N who="2" m="31241" /><F45/><W100/><G100/><T7/><D7/><U17/><E105/><V27/><F36/><W87/><G87/><AGARI ba="0,0" hai="4,5,6,13,18,22,25,27,87,88,93" m="31241" machi="87" ten="30,2000,0" yaku="8,1,54,1" doraHai="121" who="2" fromWho="3" sc="202,0,194,0,241,20,363,-20" /><INIT seed="6,0,0,4,4,134" ten="202,194,261,343" oya="2" hai0="75,115,37,38,26,129,112,18,127,53,44,25,108" hai1="28,120,125,100,80,58,113,131,122,89,19,77,73" hai2="0,39,52,62,40,11,95,21,32,17,7,9,133" hai3="54,109,135,3,34,124,90,49,98,59,60,117,20"/><V104/><F104/><W41/><G34/><T72/><D108/><U94/><E28/><V81/><F32/><W105/><G3/><T65/><D65/><U79/><E58/><V55/><F133/><W35/><G35/><T15/><D129/><U27/><E131/><V82/><F9/><W4/><G4/><T93/><D93/><U92/><E27/><N who="0" m="10249" /><D53/><U23/><E23/><V14/><F55/><W121/><G90/><T69/><D69/><U87/><E19/><V86/><F40/><W46/><G98/><T85/><D85/><N who="1" m="48271" /><E113/><N who="0" m="43593" /><D44/><U5/><E5/><V12/><F0/><W99/><G46/><T103/><D103/><U132/><E132/><V51/><F95/><W84/><G54/><T97/><D97/><N who="1" m="59431" /><E125/><V123/><F7/><W1/><G124/><T68/><D68/><U130/><E130/><V126/><F126/><W70/><G41/><T8/><D127/><U6/><E6/><V10/><F52/><W78/><G59/><T29/><D29/><U107/><E107/><V91/><F12/><W13/><G13/><T22/><D8/><U111/><E111/><V119/><F10/><W83/><G105/><T64/><D64/><U24/><E24/><V36/><F11/><W50/><G49/><T110/><D110/><U106/><E106/><V66/><F51/><W48/><G50/><T56/><D56/><U2/><E2/><V43/><F66/><W76/><G48/><T45/><D45/><U33/><E33/><V128/><F128/><W71/><G109/><T116/><D116/><U67/><E67/><V57/><F119/><W118/><G117/><RYUUKYOKU ba="0,0" sc="202,15,194,15,261,-15,343,-15" hai0="15,18,22,37,38,72,75" hai1="73,79,87,89,94,120,122" /><INIT seed="7,1,0,5,5,40" ten="217,209,246,328" oya="3" hai0="94,100,108,90,84,62,44,50,15,68,73,20,110" hai1="48,45,46,70,65,35,91,2,1,104,61,111,41" hai2="134,79,78,76,98,115,82,127,99,64,13,132,17" hai3="59,95,119,37,72,128,75,133,116,103,32,130,33"/><W4/><G37/><T122/><D122/><U28/><E111/><V85/><F64/><W30/><G4/><T3/><D3/><U80/><E104/><V125/><F115/><W60/><G133/><N who="2" m="51305" /><F17/><W56/><G56/><T83/><D68/><U23/><E35/><N who="3" m="13386" /><G30/><T107/><D62/><U106/><E106/><V77/><F13/><W92/><G103/><T18/><D107/><U123/><E123/><V131/><F131/><N who="3" m="50219" /><G95/><T21/><D21/><U126/><E126/><AGARI ba="1,0" hai="76,77,78,79,82,85,98,99,125,126,127" m="51305" machi="126" ten="40,8000,1" yaku="18,1,20,1,34,2" doraHai="40" who="2" fromWho="1" sc="217,0,209,-83,246,83,328,0" owari="217,-18.0,126,-37.0,329,42.0,328,13.0" /></mjloggm>