<mjloggm ver="2.3"><GO type="137"/><UN n0="%74%61%6B%61%73%68%69%39" n1="%41%72%73%6D%6F%64%65%75" n2="%E6%98%A5%E6%97%A5%E3%81%A1%E3%82%83%E3%82%93" n3="%EF%BC%88%E2%89%A7%E2%96%BD%E2%89%A6%EF%BC%89" dan="12,12,12,12" rate="1673,1768,1785,1874" sx="M,M,F,M"/><TAIKYOKU oya="0"/><INIT seed="0,0,0,3,5,14" ten="250,250,250,250" oya="0" hai0="43,102,67,97,73,120,4,95,130,41,17,44,57" hai1="56,9,106,23,123,7,38,11,13,36,104,110,45" hai2="26,62,35,30,34,117,76,19,115,71,64,60,135" hai3="20,113,1,112,133,74,37,88,83,108,58,94,70"/><T22/><D120/><U91/><E123/><V3/><F115/><W6/><G70/><T132/><D73/><U0/><E110/><V40/><F117/><W89/><G108/><T127/><D132/><U51/><E56/><V25/><F135/><W124/><G133/><T63/><D130/><U52/><E23/><V48/><F76/><W84/><G124/><T100/><D127/><U61/><E61/><V75/><F40/><W49/><G37/><T27/><D4/><U53/><E53/><V101/><F60/><W109/><G109/><T80/><D80/><U18/><REACH who="1" step="1"/><E91/><REACH who="1" step="2"/><V59/><F3/><W111/><G111/><T32/><D32/><U107/><AGARI ba="0,1" hai="0,7,9,11,13,18,36,38,45,51,52,104,106,107" machi="107" ten="30,8000,1" yaku="1,1,2,1,0,1,52,1,54,1,53,0" doraHai="14" doraHaiUra="126" who="1" fromWho="1" sc="250,-40,240,90,250,-20,250,-20" /><INIT seed="1,0,0,1,1,39" ten="210,330,230,230" oya="1" hai0="38,3,78,26,10,94,105,66,36,68,123,58,103" hai1="33,44,93,114,111,23,32,120,88,17,52,12,118" hai2="76,85,11,119,62,41,46,7,84,126,83,96,53" hai3="22,134,79,99,127,112,92,97,87,104,102,61,115"/><U5/><E118/><V57/><F119/><W80/><G134/><T63/><D123/><U91/><E120/><V15/><F126/><W77/><G127/><T28/><D78/><U113/><E111/><V108/><F108/><W86/><G61/><T24/><D94/><U70/><E70/><V59/><F96/><W131/><G22/><T109/><D26/><U43/><E114/><V75/><F59/><W122/><G122/><T110/><D58/><U14/><E113/><V18/><F18/><W54/><G54/><T9/><D9/><U35/><E93/><V82/><F82/><N who="3" m="47439" /><G131/><T117/><D117/><U71/><E71/><V98/><F98/><N who="3" m="61527" /><G112/><T51/><D51/><U124/><E124/><V130/><REACH who="2" step="1"/><F130/><REACH who="2" step="2"/><W20/><G115/><T116/><D116/><U27/><E5/><V8/><F8/><W90/><G20/><T81/><D110/><U42/><E44/><V16/><F16/><W60/><G60/><T107/><D109/><U30/><E17/><V31/><F31/><W45/><G45/><T72/><D107/><U67/><E67/><V135/><F135/><W69/><G69/><T6/><D105/><U1/><E1/><V49/><AGARI ba="0,1" hai="7,11,15,41,46,49,53,57,62,75,76,83,84,85" machi="49" ten="20,8000,1" yaku="1,1,0,1,7,1,52,1,53,1" doraHai="39" doraHaiUra="50" who="2" fromWho="2" sc="210,-20,330,-40,220,90,230,-20" /><INIT seed="2,0,0,2,0,127" ten="190,290,310,210" oya="2" hai0="72,23,59,112,27,11,114,106,133,100,116,86,4" hai1="77,35,45,25,85,60,10,103,69,31,55,118,109" hai2="32,124,87,78,37,105,36,14,18,51,65,79,61" hai3="66,92,71,30,49,8,132,39,67,130,0,57,123"/><V97/><F32/><W13/><G123/><T122/><D72/><U46/><E118/><V115/><F124/><W44/><G132/><T120/><D86/><U16/><E109/><V50/><F115/><N who="0" m="44074" /><D100/><U42/><E103/><V111/><F111/><W101/><G130/><T74/><D106/><U6/><E69/><V24/><F37/><W63/><G0/><N who="0" m="391" /><D74/><U34/><E34/><V89/><F36/><W43/><G30/><N who="0" m="17791" /><D59/><U9/><E60/><V134/><F134/><W17/><G67/><T52/><D52/><U80/><E55/><V20/><F97/><W7/><G7/><T102/><D102/><U26/><E42/><V96/><F96/><W2/><G2/><T110/><D110/><U90/><E77/><V12/><F79/><W83/><G83/><T3/><D116/><U119/><E119/><V48/><F78/><W135/><G135/><T88/><D88/><U126/><E126/><V107/><F107/><W76/><G76/><T54/><D54/><U5/><E45/><V93/><REACH who="2" step="1"/><F105/><REACH who="2" step="2"/><W29/><G39/><T38/><D133/><U104/><E104/><V99/><F99/><W73/><G73/><T82/><D38/><U108/><E108/><V22/><F22/><W62/><G101/><T15/><D3/><U56/><E46/><V68/><AGARI ba="0,1" hai="12,14,18,20,24,48,50,51,61,65,68,87,89,93" machi="68" ten="30,3000,0" yaku="1,1,0,1,53,0" doraHai="127" doraHaiUra="117" who="2" fromWho="2" sc="190,-10,290,-10,300,40,210,-10" /><INIT seed="2,1,0,2,5,104" ten="180,280,340,200" oya="2" hai0="88,44,91,30,10,119,107,111,40,14,102,0,37" hai1="3,127,47,12,80,52,18,5,43,81,59,8,122" hai2="128,75,92,60,53,65,26,82,125,95,61,130,100" hai3="31,106,87,133,84,62,27,116,131,99,134,16,55"/><V70/><F125/><W89/><G116/><T85/><D111/><U25/><E122/><V94/><F26/><W13/><G131/><N who="2" m="50217" /><F53/><W72/><G72/><T56/><D119/><U45/><E127/><V120/><F120/><W42/><G42/><T7/><D30/><U109/><E109/><V132/><F60/><W98/><G62/><T22/><D56/><U117/><E117/><V17/><F17/><W19/><G55/><T38/><D38/><U58/><E58/><V121/><F121/><W93/><G106/><T2/><D85/><N who="3" m="32841" /><G13/><T32/><D32/><U118/><E118/><V115/><F132/><N who="3" m="50795" /><G99/><T124/><D124/><U129/><E129/><V114/><F100/><W90/><G90/><T112/><D112/><N who="2" m="43050" /><F82/><W48/><G48/><T69/><D69/><U73/><E73/><AGARI ba="1,0" hai="61,65,70,73,75,92,94,95" m="43050,50217" machi="73" ten="40,7700,0" yaku="19,1,52,2" doraHai="104" who="2" fromWho="1" sc="180,0,280,-80,340,80,200,0" /><INIT seed="2,2,0,4,4,113" ten="180,200,420,200" oya="2" hai0="40,17,44,67,36,82,43,21,56,96,125,61,9" hai1="104,30,62,92,97,85,26,18,128,123,3,6,99" hai2="77,32,93,64,117,68,1,51,31,27,55,76,81" hai3="122,70,39,88,103,83,107,60,109,2,5,95,33"/><V108/><F108/><W115/><G115/><T102/><D125/><U46/><E123/><V71/><F77/><W7/><G122/><T29/><D29/><U69/><E128/><V101/><F1/><W23/><G109/><T127/><D127/><U58/><E69/><V10/><F10/><W79/><G33/><T75/><D9/><U116/><E116/><V126/><F126/><W14/><G39/><T119/><D40/><U118/><E118/><V0/><F0/><W121/><G121/><T13/><D75/><U72/><E72/><V22/><F117/><W47/><G2/><T120/><D120/><U53/><E104/><V24/><F64/><W11/><G5/><T106/><REACH who="0" step="1"/><D82/><REACH who="0" step="2"/><U98/><E3/><V84/><F32/><W114/><G114/><T49/><D49/><U78/><E78/><V15/><F15/><W132/><G14/><T45/><D45/><U37/><E37/><V86/><F27/><W57/><G11/><T34/><D34/><U111/><E46/><V25/><F25/><W42/><G47/><T59/><D59/><U90/><E111/><V131/><F71/><W130/><G57/><T133/><D133/><U94/><E6/><V16/><F31/><W124/><G70/><T89/><D89/><N who="1" m="55439" /><E18/><V80/><F68/><W50/><G132/><T54/><D54/><U91/><E30/><V35/><F35/><W12/><G124/><T135/><D135/><U19/><E91/><V129/><F76/><W110/><G79/><T20/><D20/><AGARI ba="2,1" hai="19,20,26,53,58,62,85,90,94,98,99" m="55439" machi="20" ten="30,2000,0" yaku="25,1,8,1" doraHai="113" who="1" fromWho="0" sc="170,-26,200,36,420,0,200,0" /><INIT seed="3,0,0,5,3,119" ten="144,236,420,200" oya="3" hai0="49,4,33,30,73,107,101,50,41,72,51,79,96" hai1="12,16,8,124,63,128,76,22,58,7,18,69,42" hai2="23,20,67,93,108,13,57,61,6,70,83,94,38" hai3="37,35,17,87,52,113,90,89,116,29,1,84,98"/><W27/><G116/><T68/><D68/><U104/><E69/><V53/><F38/><W111/><G113/><T43/><D4/><U0/><E104/><V132/><F23/><W5/><G37/><T126/><D126/><U105/><E124/><V95/><F132/><W127/><G127/><T75/><REACH who="0" step="1"/><D79/><REACH who="0" step="2"/><U59/><E105/><V74/><F70/><W10/><G111/><T91/><D91/><U97/><E76/><V92/><F108/><W115/><G115/><T130/><D130/><U9/><E128/><V135/><F135/><W133/><G133/><T88/><D88/><U122/><E122/><V36/><F74/><W31/><G89/><T66/><D66/><U78/><E78/><V114/><F67/><W125/><G125/><T102/><D102/><U109/><E109/><V71/><F114/><W121/><G121/><T45/><D45/><U32/><E42/><V112/><F112/><W46/><G90/><T26/><AGARI ba="0,1" hai="26,30,33,41,43,49,50,51,72,73,75,96,101,107" machi="26" ten="40,5200,0" yaku="1,1,0,1,53,1" doraHai="119" doraHaiUra="25" who="0" fromWho="0" sc="134,62,236,-13,420,-13,200,-26" /><INIT seed="4,0,0,3,2,95" ten="196,223,407,174" oya="0" hai0="20,26,11,56,5,13,116,63,80,40,128,66,109" hai1="79,37,2,59,81,45,33,14,23,73,43,27,18" hai2="3,9,30,65,39,55,68,53,7,123,132,60,17" hai3="120,0,89,112,38,48,104,126,98,108,115,133,62"/><T21/><D116/><U58/><REACH who="1" step="1"/><E2/><REACH who="1" step="2"/><V97/><F123/><W121/><G0/><T119/><D119/><U102/><E102/><V99/><F132/><W35/><G133/><T77/><D109/><U86/><E86/><V82/><F39/><W8/><G38/><T134/><D134/><U96/><E96/><V6/><F99/><W54/><G98/><T12/><D128/><U90/><E90/><V84/><F97/><W10/><G112/><T91/><D91/><U19/><E19/><V127/><F17/><W41/><G89/><T76/><D40/><U101/><E101/><V131/><F131/><W15/><G41/><T36/><D36/><U93/><E93/><V117/><F117/><W69/><G115/><T42/><D42/><U111/><E111/><V100/><F100/><W130/><G108/><T44/><D44/><U70/><E70/><V24/><F7/><W88/><G69/><T122/><D122/><U25/><E25/><V71/><F71/><W124/><G121/><T92/><D92/><U64/><E64/><V106/><F106/><W4/><G120/><T31/><D80/><U16/><E16/><AGARI ba="0,1" hai="5,11,12,13,16,20,21,26,31,56,63,66,76,77" machi="16" ten="40,3900,0" yaku="8,1,54,1" doraHai="95" who="0" fromWho="1" sc="196,49,213,-39,407,0,174,0" /><INIT seed="4,1,0,1,1,61" ten="245,174,407,174" oya="0" hai0="96,12,83,23,64,29,41,103,5,18,59,99,93" hai1="62,22,77,37,28,53,123,68,21,9,39,44,121" hai2="48,30,85,79,25,34,49,106,7,92,114,84,73" hai3="116,98,45,57,110,111,82,42,75,13,108,132,95"/><T125/><D125/><U118/><E118/><V109/><F106/><W0/><G116/><T10/><D41/><U65/><E77/><V16/><F109/><W8/><G132/><T105/><D83/><U88/><E28/><V128/><F73/><W46/><G0/><T90/><D29/><U67/><E9/><V97/><F114/><W32/><G32/><T55/><D64/><U27/><E21/><V112/><F112/><W58/><G82/><T101/><D105/><U117/><E117/><V72/><F72/><W69/><G69/><T6/><D96/><U100/><E123/><V54/><F7/><W86/><G86/><T94/><D94/><U17/><E121/><V14/><F48/><W127/><G127/><T15/><D5/><U104/><E67/><V130/><F79/><W51/><G46/><T74/><D74/><U3/><E3/><V113/><F113/><W1/><G1/><T38/><D38/><U122/><E122/><V115/><F115/><W133/><G75/><T56/><REACH who="0" step="1"/><D59/><REACH who="0" step="2"/><U129/><E37/><V4/><F4/><W78/><G133/><T35/><D35/><U31/><E39/><V43/><F43/><W107/><G107/><T19/><D19/><U76/><E129/><N who="2" m="49771" /><F92/><W33/><G33/><T135/><D135/><U81/><E104/><V63/><F97/><W102/><REACH who="3" step="1"/><G78/><REACH who="3" step="2"/><T134/><D134/><U2/><E31/><V124/><F124/><W70/><G70/><T40/><D40/><U91/><E2/><V71/><F71/><W131/><G131/><T26/><D26/><U47/><E47/><V11/><F34/><RYUUKYOKU ba="1,2" sc="235,15,174,-15,407,-15,164,15" hai0="6,10,12,15,18,23,55,56,90,93,99,101,103" hai3="8,13,42,45,51,57,58,95,98,102,108,110,111" /><INIT seed="4,2,2,3,3,119" ten="250,159,392,179" oya="0" hai0="135,64,9,22,101,117,126,79,26,134,19,121,54" hai1="34,58,39,118,78,32,99,49,107,69,53,92,68" hai2="15,87,113,6,29,115,65,77,123,105,83,36,86" hai3="7,72,37,11,42,108,46,102,30,57,44,47,110"/><T8/><BYE who="1" /><D79/><U75/><E75/><V73/><F105/><W120/><G72/><T31/><D64/><U104/><E104/><V23/><F36/><W59/><G120/><T5/><D101/><U82/><E82/><V62/><F123/><W132/><G132/><N who="0" m="50731" /><D54/><U124/><E124/><V3/><F3/><W51/><G102/><T12/><D117/><U21/><E21/><V48/><F48/><W111/><G30/><T74/><D74/><U100/><E100/><V33/><F33/><W94/><G94/><T35/><D126/><U18/><E18/><V114/><F29/><W89/><G89/><T97/><D97/><U131/><E131/><V80/><F80/><W130/><G130/><T41/><D41/><U96/><E96/><V71/><F23/><W17/><G17/><T116/><D116/><U95/><E95/><V40/><REACH who="2" step="1"/><F40/><REACH who="2" step="2"/><W122/><G122/><T109/><D121/><U112/><E112/><V93/><F93/><W125/><G125/><T133/><N who="0" m="50739" /><T4/><DORA hai="16" /><D109/><U76/><E76/><V24/><F24/><W98/><G110/><T67/><D67/><U52/><E52/><V128/><F128/><W106/><G111/><T38/><D38/><U13/><E13/><V63/><F63/><W2/><G108/><T60/><D60/><U70/><E70/><V66/><F66/><W10/><G37/><T25/><D8/><AGARI ba="2,3" hai="6,8,15,62,65,71,73,77,83,86,87,113,114,115" machi="8" ten="40,8000,1" yaku="1,1,15,1,53,3" doraHai="119,16" doraHaiUra="81,1" who="2" fromWho="0" sc="250,-86,159,0,382,116,179,0" /><INIT seed="5,0,0,2,2,78" ten="164,159,498,179" oya="1" hai0="53,99,130,66,123,82,80,36,47,4,97,27,73" hai1="113,13,85,60,51,50,38,76,87,24,107,98,100" hai2="59,63,124,84,77,125,70,44,21,17,106,122,131" hai3="111,89,19,91,6,95,116,119,83,8,22,35,14"/><U118/><E118/><N who="3" m="45098" /><G111/><T29/><D66/><U30/><E30/><V93/><F122/><W52/><G35/><T115/><D115/><U5/><E5/><V42/><F106/><W34/><G34/><T26/><D130/><U92/><E92/><V117/><F117/><W10/><G52/><T105/><D105/><U41/><E41/><V3/><F3/><N who="3" m="95" /><G83/><N who="0" m="31787" /><D29/><U55/><E55/><V90/><F77/><W134/><G134/><T72/><D36/><U54/><E54/><V126/><F70/><W128/><G128/><T43/><D43/><U45/><E45/><V109/><F109/><W133/><G133/><T58/><D123/><U121/><E121/><V135/><F131/><W25/><G95/><T94/><D4/><AGARI ba="0,0" hai="4,10,14,19,22,25,89,91" m="95,45098" machi="4" ten="30,1000,0" yaku="12,1" doraHai="78" who="3" fromWho="0" sc="164,-10,159,0,498,0,179,10" /><INIT seed="6,0,0,5,4,128" ten="154,159,498,189" oya="2" hai0="50,102,76,47,122,38,31,44,15,70,42,0,59" hai1="41,72,17,33,20,67,60,53,99,79,90,124,69" hai2="108,66,9,80,71,46,73,134,14,1,104,129,105" hai3="127,92,119,35,19,51,100,18,65,22,43,95,27"/><V131/><BYE who="0" /><F108/><W24/><G119/><T64/><D64/><U54/><E54/><V6/><F46/><W132/><G127/><T116/><D116/><U78/><E78/><N who="2" m="44111" /><F14/><W75/><G75/><T81/><D81/><U62/><E62/><N who="2" m="40407" /><F134/><W5/><G132/><T57/><D57/><U117/><E117/><V61/><F61/><W68/><G5/><T4/><D4/><U118/><E118/><V74/><F74/><W133/><G133/><T40/><D40/><U112/><E112/><V135/><F135/><W58/><G68/><T29/><D29/><U130/><E130/><AGARI ba="0,0" hai="1,6,9,104,105,129,130,131" m="40407,44111" machi="130" ten="30,2900,0" yaku="19,1,23,1" doraHai="128" who="2" fromWho="1" sc="154,0,159,-29,498,29,189,0" /><INIT seed="6,1,0,3,1,103" ten="154,130,527,189" oya="2" hai0="30,65,86,123,47,44,124,18,89,16,14,131,52" hai1="98,75,102,113,27,58,108,128,3,84,105,37,61" hai2="60,36,82,20,76,104,92,119,10,72,7,87,62" hai3="9,29,63,48,4,85,70,90,19,122,80,13,120"/><V100/><F119/><W129/><G129/><T57/><D57/><U66/><E66/><V109/><F36/><W132/><G132/><T121/><D121/><U32/><E32/><V117/><F117/><W78/><G29/><T23/><D23/><U34/><E34/><V68/><F68/><W0/><G70/><T46/><D46/><U134/><E134/><V17/><F109/><W135/><G135/><T111/><D111/><U28/><E28/><V95/><F95/><W125/><G125/><T127/><D127/><U83/><E83/><V130/><F130/><W101/><G101/><T81/><D81/><U50/><E50/><V107/><F107/><W112/><G112/><T41/><D41/><U79/><E79/><V93/><F93/><W8/><G63/><T38/><D38/><U11/><E11/><V42/><F42/><W118/><G118/><T88/><D88/><U133/><E133/><V40/><F40/><W53/><REACH who="3" step="1"/><G78/><REACH who="3" step="2"/><T2/><D2/><U115/><E115/><V56/><F100/><W74/><G74/><T54/><D54/><U6/><E6/><V55/><F72/><W5/><G5/><T45/><D45/><AGARI ba="1,1" hai="0,4,8,9,13,19,45,48,53,80,85,90,120,122" machi="45" ten="30,7700,0" yaku="1,1,7,1,25,2,53,0" doraHai="103" doraHaiUra="71" who="3" fromWho="0" sc="154,-80,130,0,527,0,179,90" /><INIT seed="7,0,0,4,2,31" ten="74,130,527,269" oya="3" hai0="0,15,36,30,102,12,127,99,115,72,19,82,92" hai1="118,10,24,74,29,11,13,90,108,2,14,128,75" hai2="27,17,106,38,68,25,88,58,131,57,85,65,5" hai3="52,51,62,33,95,23,80,122,60,97,123,84,126"/><W50/><G126/><T1/><D1/><U61/><E61/><N who="3" m="23658" /><G33/><T64/><D64/><U66/><E66/><V117/><F117/><W124/><G123/><T55/><D55/><U132/><E132/><V94/><F106/><W37/><G37/><T113/><D113/><U83/><E83/><V110/><F110/><W28/><G122/><T114/><D114/><U32/><E32/><V101/><F38/><W86/><G124/><T18/><D18/><U42/><E42/><V81/><F65/><W91/><G50/><T78/><D78/><U3/><E3/><V79/><F68/><W63/><N who="3" m="23666" /><W133/><DORA hai="71" /><G133/><T41/><D41/><U20/><E20/><V134/><F134/><W121/><G121/><T69/><D69/><U8/><E8/><V26/><F101/><W112/><G112/><T4/><D4/><U47/><E47/><V54/><F58/><N who="3" m="33055" /><G80/><T116/><D116/><U73/><E73/><V53/><F57/><W44/><G44/><T77/><D77/><U70/><E70/><V46/><F46/><W103/><G103/><T16/><D16/><U67/><E67/><V120/><F120/><W104/><G104/><T87/><D87/><U21/><E21/><V130/><F17/><W43/><G43/><T135/><D135/><U109/><E109/><V6/><F54/><W100/><G100/><T35/><D35/><U48/><E48/><V105/><F105/><W49/><G49/><T76/><D76/><U9/><E9/><V89/><F53/><W111/><G111/><T98/><D98/><U119/><E119/><V40/><F40/><RYUUKYOKU ba="0,0" sc="74,-10,130,-10,527,-10,269,30" hai3="23,28,84,86,91,95,97" /><INIT seed="7,1,0,3,3,52" ten="64,120,517,299" oya="3" hai0="67,63,32,64,90,14,119,37,49,120,96,94,98" hai1="85,16,122,72,4,75,77,54,102,8,83,26,61" hai2="95,18,99,33,13,81,55,58,78,20,57,15,135" hai3="9,132,43,100,127,62,44,17,130,101,115,92,53"/><W125/><G115/><T106/><D106/><U80/><E80/><V39/><F39/><N who="3" m="21631" /><G132/><T128/><D128/><U42/><E42/><V34/><F135/><W6/><G130/><T10/><D10/><U25/><E25/><V41/><F41/><W117/><G117/><T82/><D82/><U97/><E97/><V12/><F34/><W107/><G107/><T30/><D30/><U113/><E113/><V104/><F104/><W126/><G17/><T73/><D73/><U89/><E89/><V69/><F69/><W88/><G53/><T2/><D2/><U28/><E28/><V129/><F129/><W36/><G62/><T40/><D40/><U116/><E116/><V124/><F124/><N who="3" m="31747" /><W110/><DORA hai="19" /><G36/><T45/><D45/><U31/><E31/><V70/><F70/><W108/><G9/><T93/><D93/><U109/><E109/><N who="3" m="42090" /><G6/><T76/><D76/><U29/><E29/><V35/><F35/><W1/><G1/><T21/><D21/><U23/><E23/><V134/><F134/><W22/><G22/><T5/><D5/><U51/><E51/><V59/><F33/><W24/><G24/><T74/><D74/><U91/><E91/><N who="2" m="55807" /><F55/><W131/><G131/><T79/><D79/><U71/><E71/><V103/><F103/><W3/><G3/><T60/><D60/><U133/><E133/><V112/><F112/><W46/><G46/><T123/><D123/><U118/><E118/><V50/><F50/><W65/><G65/><T38/><D38/><U114/><E114/><V7/><F7/><W68/><G68/><T47/><D47/><RYUUKYOKU ba="1,0" sc="64,-15,120,-15,517,15,299,15" hai2="12,13,15,18,20,57,58,59,78,81" hai3="88,92,100,101" /><INIT seed="7,2,0,4,4,31" ten="49,105,532,314" oya="3" hai0="81,44,9,0,114,11,66,37,48,112,60,73,134" hai1="111,12,106,99,94,120,93,121,88,85,75,2,100" hai2="1,13,86,41,20,77,38,45,5,132,133,14,116" hai3="28,36,89,108,122,87,16,131,39,91,27,130,69"/><W47/><G69/><T128/><D128/><N who="3" m="49193" /><G122/><T84/><D84/><U98/><E98/><V7/><F116/><W35/><G108/><T10/><D10/><U25/><E25/><V115/><F115/><W125/><G125/><T72/><D72/><U110/><E110/><V79/><F1/><W4/><G4/><T105/><D105/><U123/><E123/><V107/><F107/><W54/><G16/><T18/><D18/><U23/><E23/><V127/><F127/><W61/><G61/><T59/><D59/><U97/><E97/><V32/><F32/><W90/><G87/><T30/><D30/><U102/><E102/><V65/><F65/><W104/><G104/><T15/><D15/><N who="2" m="5642" /><F86/><W29/><G29/><T119/><D119/><U135/><E135/><N who="2" m="51787" /><F20/><W33/><G33/><T17/><D17/><U68/><E68/><V62/><F62/><W80/><G80/><T51/><D51/><AGARI ba="2,0" hai="27,28,35,36,39,47,51,54,89,90,91" m="49193" machi="51" ten="30,2900,0" yaku="19,1,52,1" doraHai="31" who="3" fromWho="0" sc="49,-35,105,0,532,0,314,35" /><INIT seed="7,3,0,2,2,126" ten="14,105,532,349" oya="3" hai0="55,128,66,38,5,29,100,95,60,65,47,10,51" hai1="57,113,105,102,109,130,70,116,74,104,15,17,92" hai2="49,127,103,63,24,64,84,89,35,112,58,117,42" hai3="118,44,129,107,34,53,131,80,61,26,52,88,59"/><W11/><G118/><T1/><D1/><U114/><E114/><V46/><F117/><W108/><G107/><T14/><D14/><U98/><E98/><V121/><F121/><W77/><G108/><T2/><D2/><U75/><E75/><V20/><F35/><W12/><G34/><T82/><D82/><U110/><E110/><V41/><F112/><W93/><G26/><T40/><D40/><U86/><E86/><V25/><F103/><W115/><G115/><T45/><D45/><U119/><E119/><V133/><F127/><W8/><G44/><T76/><D76/><U79/><E79/><V81/><F133/><W19/><G53/><T56/><D56/><U83/><E83/><V21/><F42/><W28/><G28/><T134/><D134/><U106/><E106/><V72/><F72/><W23/><G80/><T96/><D96/><U16/><E16/><V73/><F73/><W62/><G62/><T68/><D68/><U3/><E3/><V87/><F87/><N who="3" m="52383" /><G77/><T85/><D85/><U4/><E4/><V71/><F71/><W43/><G43/><T27/><D27/><AGARI ba="3,0" hai="20,21,24,25,27,41,46,49,58,63,64,81,84,89" machi="27" ten="40,1300,0" yaku="8,1" doraHai="126" who="2" fromWho="0" sc="14,-22,105,0,532,22,349,0" owari="-8,-51,105,-29,554,65,349,15" /></mjloggm>