<mjloggm ver="2.3"><GO type="41"/><UN n0="%44%69%72%74%79%41%54%4D" n1="%E6%9E%9A%E6%96%B9%E3%81%9D%E3%82%93%E3%81%9D%E3%82%93" n2="%E3%82%A6%E3%83%AB%E3%83%88%E3%83%A9%E7%AB%8B%E7%9B%B4" n3="%42%61%64%44%72%65%61%6D" dan="14,14,15,13" rate="1876,1939,1993,1801" sx="M,M,M,M"/><TAIKYOKU oya="0"/><INIT seed="0,0,0,4,2,33" ten="250,250,250,250" oya="0" hai0="125,46,25,126,24,100,115,132,54,34,106,41,21" hai1="107,123,15,60,73,29,95,81,22,112,94,86,110" hai2="5,102,18,92,27,13,61,79,44,116,76,32,11" hai3="45,69,72,50,133,135,30,35,4,75,131,37,14"/><T74/><D115/><U31/><E123/><V118/><F61/><W19/><G69/><T80/><D132/><U58/><E107/><V0/><F44/><W28/><G37/><T120/><D120/><U127/><E73/><V99/><F79/><W16/><G131/><T20/><D34/><U23/><E112/><V6/><F76/><W12/><G4/><T3/><D80/><U53/><E127/><N who="0" m="48649" /><D74/><U55/><E110/><V1/><F6/><W105/><G105/><T36/><D54/><U68/><E68/><V39/><F39/><W10/><G35/><T130/><D130/><U42/><E42/><V87/><F87/><W103/><G103/><T113/><D113/><U62/><E15/><V59/><F59/><W43/><G72/><T104/><D100/><U38/><E38/><V83/><F83/><W47/><G47/><T85/><D85/><U49/><E31/><V8/><F32/><W56/><G56/><T65/><D65/><U51/><E29/><V26/><REACH who="2" step="1"/><F0/><REACH who="2" ten="250,250,240,250" step="2"/><W48/><G75/><T89/><D3/><U52/><E58/><V119/><AGARI ba="0,1" hai="1,5,8,11,13,18,26,27,92,99,102,116,118,119" machi="119" ten="30,12000,2" yaku="1,1,2,1,0,1,12,1,52,1,53,1" doraHai="33" doraHaiUra="9" who="2" fromWho="2" sc="250,-60,250,-30,240,130,250,-30" /><INIT seed="1,0,0,3,3,50" ten="190,220,370,220" oya="1" hai0="113,97,37,60,26,34,117,106,49,22,118,42,41" hai1="78,94,59,30,133,96,35,0,119,28,92,123,122" hai2="112,53,51,36,8,130,52,43,40,75,17,32,6" hai3="85,56,99,10,57,47,102,9,44,93,109,46,19"/><U132/><E0/><V54/><F32/><W120/><G120/><N who="1" m="46122" /><E78/><V76/><F130/><W90/><G109/><T45/><D34/><U66/><E35/><V116/><F116/><W104/><REACH who="3" step="1"/><G19/><REACH who="3" ten="190,220,370,210" step="2"/><T77/><D113/><U62/><E119/><V39/><F112/><W27/><G27/><T108/><D118/><U63/><E62/><V114/><F114/><W18/><G18/><T12/><D117/><U86/><E86/><V135/><F135/><N who="1" m="51785" /><E94/><V3/><F17/><W68/><G68/><T58/><D108/><U4/><E4/><V65/><F65/><W128/><G128/><T2/><D60/><U72/><E72/><V89/><F75/><W70/><G70/><T29/><D106/><U126/><E126/><V115/><F115/><W69/><G69/><T24/><D24/><U71/><E71/><V107/><F107/><W81/><G81/><T73/><D73/><U13/><E13/><V131/><F131/><W1/><G1/><T5/><D12/><U95/><E95/><V87/><F76/><W88/><G88/><AGARI ba="0,1" hai="28,30,59,63,66,88,92,96" m="51785,46122" machi="88" ten="30,2900,0" yaku="20,1,54,1" doraHai="50" who="1" fromWho="3" sc="190,0,220,39,370,0,210,-29" /><INIT seed="1,1,0,0,3,68" ten="190,259,370,181" oya="1" hai0="56,102,62,121,5,66,106,96,17,47,51,55,80" hai1="91,61,123,46,8,132,48,133,30,89,118,38,67" hai2="82,6,92,101,75,128,3,22,120,105,103,94,60" hai3="37,54,129,122,59,108,27,15,126,64,43,26,35"/><U12/><E123/><V111/><F6/><W86/><G122/><T42/><D121/><U77/><E118/><V1/><F22/><W18/><G108/><T13/><D80/><U83/><E30/><V110/><F120/><W73/><G73/><T124/><D5/><N who="1" m="3087" /><E38/><V104/><F60/><W23/><G129/><T65/><REACH who="0" step="1"/><D124/><REACH who="0" ten="180,259,370,181" step="2"/><U100/><E83/><V71/><F82/><W21/><G126/><T109/><D109/><U72/><E132/><V49/><F128/><W99/><G35/><T14/><D14/><U33/><E133/><V19/><F110/><W125/><G125/><T28/><D28/><U93/><E72/><V69/><F75/><W45/><G15/><T135/><D135/><U32/><E77/><V90/><F111/><W84/><G64/><T70/><D70/><U50/><E32/><V39/><F69/><W85/><G99/><T95/><D95/><U107/><E33/><V44/><F71/><W116/><G116/><T131/><D131/><U115/><E107/><V130/><F130/><W76/><G76/><T98/><D98/><U11/><E93/><V20/><F104/><W117/><G117/><T10/><AGARI ba="1,1" hai="10,13,17,42,47,51,55,56,62,65,66,96,102,106" machi="10" ten="20,5200,0" yaku="1,1,0,1,7,1,53,1" doraHai="68" doraHaiUra="36" who="0" fromWho="0" sc="180,65,259,-27,370,-14,181,-14" /><INIT seed="2,0,0,4,1,116" ten="245,232,356,167" oya="2" hai0="29,112,1,96,107,100,13,113,106,103,78,71,44" hai1="115,26,130,81,43,27,62,123,124,88,10,57,99" hai2="73,104,41,126,14,36,109,39,23,114,37,83,58" hai3="45,8,20,129,98,90,38,80,72,102,51,97,49"/><V77/><F104/><W74/><G129/><T30/><D1/><U127/><E130/><V31/><F114/><W70/><G70/><T15/><D71/><U86/><E115/><V12/><F126/><N who="1" m="48169" /><E43/><V18/><F31/><W61/><G74/><T35/><D44/><U17/><E99/><V19/><F109/><W125/><G125/><T84/><D84/><U85/><E85/><V7/><F7/><W48/><G38/><T121/><D96/><U135/><E135/><V63/><F41/><W64/><G72/><T46/><D46/><U69/><E69/><V110/><F110/><W53/><G8/><T3/><D78/><U54/><E123/><V68/><F68/><W21/><G80/><T11/><D11/><U120/><E120/><V118/><F118/><W34/><G34/><T6/><D3/><U65/><E65/><V56/><REACH who="2" step="1"/><F63/><REACH who="2" ten="245,232,346,167" step="2"/><W128/><G128/><T52/><D6/><U94/><E81/><V93/><F93/><W5/><G5/><T92/><D92/><U134/><E134/><V122/><F122/><W4/><G4/><T25/><D121/><U91/><E94/><V75/><F75/><W66/><G61/><T9/><D112/><U40/><E62/><V60/><F60/><W67/><G67/><T16/><D113/><U42/><E40/><V24/><F24/><W50/><G66/><T2/><D107/><U117/><E42/><V76/><F76/><W101/><G64/><T59/><D106/><U132/><E117/><V108/><F108/><W55/><G45/><T89/><D25/><N who="1" m="9227" /><E132/><V95/><F95/><W111/><G111/><RYUUKYOKU ba="0,1" sc="245,-10,232,-10,346,30,167,-10" hai2="12,14,18,19,23,36,37,39,56,58,73,77,83" /><INIT seed="2,1,1,5,0,108" ten="235,222,376,157" oya="2" hai0="65,58,43,133,53,112,61,119,85,68,45,131,19" hai1="87,107,8,109,39,76,31,111,34,130,35,32,126" hai2="94,105,62,22,18,2,123,60,11,101,52,36,56" hai3="59,5,89,41,127,118,63,27,120,74,72,47,40"/><V17/><F36/><W104/><G120/><T73/><D73/><U50/><E107/><V81/><F105/><W14/><G104/><T98/><D98/><U93/><E39/><V122/><F122/><W124/><G118/><T13/><D119/><U24/><E130/><V44/><F123/><W91/><G27/><T51/><D131/><U117/><E117/><V79/><F44/><W102/><G102/><T95/><D133/><U86/><E126/><V71/><F101/><W7/><G14/><T70/><D112/><U57/><E8/><V132/><F94/><W29/><G29/><T67/><D67/><U103/><E76/><V33/><F33/><W75/><G47/><T135/><D135/><U3/><E3/><V21/><F132/><W30/><G30/><T82/><D95/><U114/><E114/><V20/><F71/><W129/><G129/><T23/><REACH who="0" step="1"/><D43/><REACH who="0" ten="225,222,376,157" step="2"/><U6/><E93/><V37/><F81/><W99/><G99/><T100/><D100/><U97/><E103/><V64/><F64/><W69/><G41/><T106/><D106/><U92/><E97/><V125/><F125/><W48/><G127/><T66/><D66/><U55/><E92/><V115/><F115/><W134/><G124/><T54/><D54/><U4/><E111/><V113/><F52/><W121/><G134/><T0/><D0/><U84/><REACH who="1" step="1"/><E109/><REACH who="1" ten="225,212,376,157" step="2"/><V77/><F113/><W88/><G121/><T116/><D116/><U90/><E90/><AGARI ba="1,3" hai="13,19,23,45,51,53,58,61,65,68,70,82,85,90" machi="90" ten="30,3900,0" yaku="1,1,7,1,53,1" doraHai="108" doraHaiUra="83" who="0" fromWho="1" sc="225,72,212,-42,376,0,157,0" /><INIT seed="3,0,0,2,0,16" ten="297,170,376,157" oya="3" hai0="120,25,82,55,131,108,1,80,50,76,58,89,97" hai1="29,73,91,24,28,104,92,113,98,49,13,20,56" hai2="77,103,33,118,9,27,41,3,117,44,99,119,31" hai3="17,96,75,105,57,68,30,11,0,4,6,37,95"/><W126/><G37/><T46/><D1/><U129/><E73/><V43/><F43/><W114/><G68/><T88/><D120/><U60/><E113/><V63/><F63/><W53/><G75/><T70/><D70/><U81/><E129/><V83/><F99/><W65/><G105/><T22/><D131/><U64/><E104/><V100/><F103/><W42/><G114/><T135/><D108/><U67/><E13/><V112/><F100/><W39/><G126/><T93/><D135/><U38/><E38/><V87/><F112/><W12/><G65/><T54/><D76/><U110/><E110/><V121/><F121/><W109/><G109/><T15/><D89/><U106/><E106/><V35/><F35/><W14/><G39/><T115/><D15/><U74/><E49/><V101/><F101/><W124/><G42/><T8/><D8/><U125/><E125/><V123/><F123/><W84/><G84/><T79/><D79/><U47/><E47/><V134/><F134/><W48/><G124/><T130/><D130/><U45/><E45/><V2/><F9/><W69/><G69/><T90/><D90/><U19/><E64/><V40/><F40/><W107/><G107/><T61/><D115/><U36/><E36/><N who="2" m="21543" /><F87/><W66/><G66/><T62/><D62/><U34/><E34/><V51/><F51/><W122/><G122/><T132/><D132/><U10/><E10/><V7/><F7/><W32/><G32/><T86/><D86/><N who="1" m="50639" /><E74/><N who="2" m="43447" /><F2/><W127/><G127/><T52/><D55/><U116/><E116/><N who="2" m="29699" /><V85/><DORA hai="72" /><F3/><W26/><G0/><RYUUKYOKU ba="0,0" sc="297,10,170,10,376,10,157,-30" hai0="22,25,46,50,52,54,58,61,80,82,88,93,97" hai1="19,20,24,28,29,56,60,67,92,98" hai2="27,31,33,85" /><INIT seed="4,1,0,1,3,110" ten="307,180,386,127" oya="0" hai0="135,102,95,69,8,15,126,46,34,61,128,78,66" hai1="6,120,80,16,29,41,94,77,39,125,118,73,75" hai2="7,2,88,104,82,92,12,35,20,68,45,42,53" hai3="62,90,103,49,106,133,55,0,38,99,97,134,24"/><T59/><D34/><U43/><E120/><V96/><F68/><W72/><G72/><T44/><D126/><U131/><E118/><V19/><F104/><W54/><G38/><T100/><D78/><U83/><E131/><V113/><F53/><W85/><G0/><T105/><D128/><U5/><E125/><V11/><F82/><W101/><G24/><T79/><D79/><U108/><E108/><V117/><F117/><W50/><G62/><T127/><D127/><U114/><E114/><V22/><F35/><W58/><G133/><T123/><D123/><U1/><E1/><V40/><F113/><W36/><G36/><T67/><D135/><U48/><E39/><V23/><F45/><N who="0" m="17514" /><D105/><U17/><E94/><V76/><REACH who="2" step="1"/><F76/><REACH who="2" ten="307,180,376,127" step="2"/><W130/><G134/><T129/><D69/><U60/><E77/><V121/><F121/><W47/><G130/><T87/><D129/><U89/><E75/><V56/><F56/><W25/><G25/><T52/><D67/><U18/><E73/><V28/><F28/><W37/><G37/><T98/><D66/><U51/><E80/><V30/><F30/><W65/><G65/><T21/><D95/><U14/><E83/><V31/><F31/><W81/><G106/><T115/><D115/><U9/><E29/><V112/><F112/><W91/><G91/><T32/><D32/><U4/><E41/><AGARI ba="1,1" hai="2,7,11,12,19,20,22,23,40,41,42,88,92,96" machi="41" ten="40,2600,0" yaku="1,1,54,1,53,0" doraHai="110" doraHaiUra="109" who="2" fromWho="1" sc="307,0,180,-29,376,39,127,0" /><INIT seed="5,0,0,0,4,117" ten="307,151,415,127" oya="1" hai0="98,11,53,100,93,103,38,76,74,57,8,82,41" hai1="116,78,7,115,79,110,132,109,27,77,44,4,87" hai2="13,62,70,61,90,135,92,96,50,42,55,3,108" hai3="91,128,86,129,72,105,25,43,106,67,84,119,52"/><U48/><E116/><V81/><F3/><W59/><G72/><T97/><D41/><U29/><E115/><V64/><F135/><W33/><G119/><T122/><D38/><U73/><E132/><V88/><F42/><W127/><G67/><T30/><D30/><U95/><E73/><V124/><F124/><W133/><G127/><T123/><D11/><U118/><E118/><V51/><F51/><W75/><G133/><T111/><D8/><U66/><E66/><V22/><F64/><W60/><G75/><T24/><D24/><U99/><E110/><V63/><F70/><W5/><G5/><N who="1" m="2122" /><E109/><V125/><F125/><W68/><G68/><T17/><D17/><U32/><E87/><N who="2" m="50287" /><F108/><W121/><G43/><T104/><REACH who="0" step="1"/><D111/><REACH who="0" ten="297,151,415,127" step="2"/><U34/><E34/><V6/><F6/><W46/><G33/><T20/><D20/><U0/><E32/><V120/><F22/><W31/><G31/><T112/><D112/><U113/><E113/><V47/><F13/><W94/><G25/><T1/><D1/><U134/><E134/><V102/><F55/><W19/><G19/><T2/><D2/><U21/><E0/><V37/><F37/><W9/><G9/><T15/><D15/><U28/><E28/><V101/><F61/><AGARI ba="0,1" hai="53,57,61,74,76,82,93,97,98,100,103,104,122,123" machi="61" ten="40,5200,0" yaku="1,1,52,2,53,0" doraHai="117" doraHaiUra="35" who="0" fromWho="2" sc="297,62,151,0,415,-52,127,0" /><INIT seed="6,0,0,5,2,105" ten="359,151,363,127" oya="2" hai0="106,133,98,29,77,84,14,124,11,101,120,78,91" hai1="23,50,41,10,44,31,7,130,43,8,36,72,86" hai2="24,74,117,89,19,73,70,128,118,80,46,123,45" hai3="17,0,67,112,1,3,30,94,37,68,88,32,18"/><V115/><F70/><W127/><G37/><T35/><D120/><U104/><E130/><V71/><F71/><W96/><G127/><T47/><D124/><U66/><E104/><V58/><F58/><W40/><G40/><T22/><D133/><U5/><E72/><N who="2" m="27755" /><F123/><W28/><G112/><T97/><D35/><U119/><E119/><N who="2" m="45579" /><F89/><W12/><G68/><T38/><D29/><U52/><E86/><V90/><F90/><W51/><G67/><T76/><D22/><U132/><E36/><V57/><F57/><W126/><G51/><T63/><D63/><U114/><E132/><V113/><F80/><W21/><G126/><T134/><D134/><U109/><E109/><V27/><F19/><W116/><G116/><T111/><D111/><U65/><E114/><N who="2" m="43531" /><F128/><W99/><G99/><T54/><D98/><U60/><E31/><V39/><F39/><W64/><G64/><N who="1" m="24682" /><E23/><V93/><F93/><W6/><G6/><N who="1" m="2058" /><E60/><V108/><F108/><W55/><G32/><T92/><D38/><U82/><E82/><V26/><AGARI ba="0,0" hai="24,26,27,45,46" m="43531,45579,27755" machi="26" ten="40,18000,2" yaku="28,2,15,1,52,3" doraHai="105" who="2" fromWho="2" sc="359,-60,151,-60,363,180,127,-60" /><INIT seed="6,1,0,5,4,59" ten="299,91,543,67" oya="2" hai0="75,126,103,10,17,2,87,50,3,80,9,63,16" hai1="89,6,21,45,90,118,99,44,14,74,79,51,1" hai2="114,55,101,11,31,25,113,24,56,13,68,135,41" hai3="67,35,71,7,48,78,119,32,112,73,72,106,38"/><V127/><F68/><W92/><G119/><T70/><D75/><U117/><E1/><V54/><F41/><W34/><G106/><T108/><D103/><U115/><E74/><V4/><F55/><W88/><G38/><T105/><D105/><U102/><E115/><N who="2" m="44043" /><F101/><W27/><G112/><T64/><D108/><U39/><E39/><V26/><F127/><W76/><G7/><T20/><D126/><U104/><E118/><V116/><F116/><W12/><G12/><T94/><D17/><U131/><E117/><V61/><F135/><W100/><G100/><T128/><D128/><U123/><E131/><V29/><AGARI ba="1,0" hai="4,11,13,24,25,26,29,31,54,56,61" m="44043" machi="29" ten="40,3900,0" yaku="15,1,52,1" doraHai="59" who="2" fromWho="2" sc="299,-14,91,-14,543,42,67,-14" /><INIT seed="6,2,0,4,4,80" ten="285,77,585,53" oya="2" hai0="53,11,95,73,31,109,45,3,30,62,81,72,22" hai1="87,117,129,0,46,107,116,75,20,124,90,9,21" hai2="66,96,98,38,10,37,115,84,128,18,94,64,56" hai3="41,122,57,97,67,126,93,68,88,89,104,120,118"/><V92/><F18/><W59/><G118/><T29/><D109/><U113/><E107/><V82/><F10/><W50/><G126/><T2/><D95/><U132/><E132/><V74/><F56/><W5/><G5/><T101/><D101/><U106/><E106/><V17/><F17/><W69/><G104/><T26/><D11/><U8/><E75/><V25/><F25/><W108/><G108/><T34/><D34/><U110/><E110/><V27/><F27/><W127/><G127/><T83/><D45/><U65/><E65/><V42/><F42/><W39/><G39/><T121/><D121/><U4/><E46/><V1/><F1/><W55/><G41/><T6/><D6/><U12/><E124/><V28/><F28/><W47/><G97/><T7/><D7/><U78/><E78/><V71/><F82/><W86/><G89/><T79/><D2/><U54/><E0/><V77/><F77/><W103/><G103/><T40/><D3/><U91/><E129/><V135/><F135/><W49/><G122/><T105/><D40/><U133/><E133/><V112/><F74/><W24/><G120/><T15/><D15/><U125/><E125/><V63/><F63/><W85/><G24/><T23/><D105/><U102/><E117/><V70/><REACH who="2" step="1"/><F128/><REACH who="2" ten="285,77,575,53" step="2"/><W134/><G134/><T44/><D26/><U43/><E116/><V76/><F76/><W61/><G69/><T131/><D131/><U111/><E111/><V58/><F58/><W32/><G32/><T123/><D123/><U35/><E113/><V48/><F48/><W19/><G68/><RYUUKYOKU ba="2,1" sc="285,-10,77,-10,575,30,53,-10" hai2="37,38,64,66,70,71,84,92,94,96,98,112,115" /><INIT seed="6,3,1,1,2,2" ten="275,67,605,43" oya="2" hai0="63,64,127,8,88,86,125,124,122,94,0,77,81" hai1="89,6,60,25,76,38,35,79,85,62,28,111,54" hai2="27,110,91,121,53,40,10,19,90,119,70,49,106" hai3="71,29,11,100,99,17,72,9,57,67,59,107,41"/><V68/><F106/><W97/><G72/><T118/><D122/><U114/><E111/><V101/><F101/><W98/><G41/><T20/><D20/><U135/><E135/><V4/><F119/><W102/><G29/><T46/><D46/><U12/><E114/><V31/><F40/><W36/><G36/><T15/><D0/><U1/><E38/><V129/><F121/><W34/><G34/><T115/><D115/><U116/><E116/><V5/><F68/><W23/><G71/><T113/><D113/><U51/><E1/><V47/><F70/><W56/><G67/><T104/><D104/><U108/><E108/><V84/><F91/><W95/><G98/><T33/><D33/><U120/><E120/><V109/><F129/><W65/><G65/><T123/><D123/><U131/><E131/><V50/><F50/><W14/><AGARI ba="3,1" hai="9,11,14,17,23,56,57,59,95,97,99,100,102,107" machi="14" ten="30,1100,0" yaku="0,1" doraHai="2" who="3" fromWho="3" sc="275,-6,67,-6,605,-8,43,30" /><INIT seed="7,0,0,3,5,135" ten="269,61,597,73" oya="3" hai0="118,59,63,29,86,60,90,20,46,125,85,32,68" hai1="110,24,104,127,70,49,26,77,108,53,11,27,116" hai2="42,56,94,82,73,129,100,89,2,61,78,106,80" hai3="93,58,23,126,45,74,19,13,92,25,91,103,54"/><W109/><G74/><T52/><D118/><U40/><E104/><V83/><F42/><W16/><G109/><T71/><D32/><U76/><E70/><V128/><F56/><W66/><G66/><T28/><D85/><U1/><E40/><V123/><F61/><W22/><G45/><T12/><D125/><U36/><E36/><V3/><F3/><W69/><G69/><T44/><D68/><U79/><E116/><V107/><F2/><W31/><G126/><T50/><D71/><U64/><E127/><V57/><F57/><W51/><G103/><T130/><D44/><U65/><E1/><V95/><F123/><W102/><G102/><T124/><D130/><U6/><E6/><V99/><F128/><W101/><G101/><T48/><D124/><U115/><E11/><V55/><F55/><W131/><G131/><T113/><D50/><U0/><E0/><V81/><F129/><W4/><G4/><T5/><D113/><U67/><E115/><V97/><AGARI ba="0,0" hai="73,78,80,81,82,83,89,94,95,97,99,100,106,107" machi="97" ten="30,12000,2" yaku="0,1,35,6" doraHai="135" who="2" fromWho="2" sc="269,-30,61,-30,597,120,73,-60" owari="239,4.0,31,-37.0,717,82.0,13,-49.0" /></mjloggm>