<mjloggm ver="2.3"><GO type="41"/><UN n0="%E3%82%A4%E3%83%AC%E3%82%AE%E3%83%A5%E3%83%A9%E3%83%BC" n1="%E6%9F%9A%E7%BE%BD" n2="%EF%BC%88%E2%89%A7%E2%96%BD%E2%89%A6%EF%BC%89" n3="%78%69%65%65" dan="15,15,15,13" rate="2023,2004,2014,1920" sx="M,M,M,M"/><TAIKYOKU oya="0"/><INIT seed="0,0,0,3,1,0" ten="250,250,250,250" oya="0" hai0="131,16,25,45,118,104,33,76,93,8,55,88,13" hai1="29,98,127,6,87,64,9,102,108,42,11,20,26" hai2="117,116,106,107,28,99,83,10,74,84,129,49,59" hai3="91,27,57,34,79,133,128,1,23,68,24,41,65"/><T56/><D118/><N who="2" m="45674" /><F28/><W31/><G68/><T85/><D104/><N who="2" m="39978" /><F10/><W50/><G133/><T95/><D131/><U35/><E42/><V73/><F59/><W134/><G1/><T109/><D109/><U32/><E87/><V121/><F49/><W4/><G134/><T2/><D2/><U97/><E98/><V44/><F44/><W17/><G79/><T96/><D45/><U39/><E97/><V70/><F70/><W54/><G91/><N who="0" m="55423" /><D33/><U48/><E102/><V100/><F121/><W60/><G41/><T114/><D114/><U89/><E64/><V77/><F129/><W112/><G112/><T67/><D76/><U51/><E89/><V37/><F37/><W135/><G135/><T71/><D71/><U81/><E39/><V78/><F77/><W66/><G128/><T90/><D90/><U75/><E29/><V113/><F113/><W19/><G65/><T125/><D125/><U72/><E127/><V38/><F38/><W105/><G105/><AGARI ba="0,0" hai="73,74,78,83,84,99,100,105" m="39978,45674" machi="105" ten="30,3900,0" yaku="12,1,34,2" doraHai="0" who="2" fromWho="3" sc="250,0,250,0,250,39,250,-39" /><INIT seed="1,0,0,0,4,130" ten="250,250,289,211" oya="1" hai0="126,22,27,72,64,60,76,90,70,113,108,24,42" hai1="36,97,55,66,37,77,16,122,65,123,45,5,95" hai2="32,51,96,30,0,31,19,68,99,82,26,48,69" hai3="14,23,35,33,109,49,107,18,17,40,75,133,116"/><U79/><E5/><V132/><F0/><W11/><G75/><T100/><D113/><U117/><E117/><V47/><F82/><W15/><G107/><T54/><D100/><U57/><E79/><V58/><F58/><W112/><G116/><T73/><D108/><U74/><E77/><V1/><F1/><W120/><G109/><T106/><D106/><U4/><E74/><V94/><F19/><W34/><G112/><T29/><D126/><U43/><E4/><V10/><F10/><W135/><G49/><T46/><D54/><U104/><E104/><V62/><F62/><W59/><G59/><T52/><D76/><U93/><E37/><V115/><F115/><W84/><G40/><T88/><D52/><U110/><E110/><V78/><F78/><W3/><G84/><T25/><D25/><U61/><E95/><V86/><F86/><W98/><G3/><T38/><D90/><U102/><E16/><V44/><F26/><W50/><G50/><T134/><D134/><N who="3" m="51209" /><G98/><T105/><D105/><U129/><REACH who="1" step="1"/><E129/><REACH who="1" ten="250,240,289,211" step="2"/><V81/><F94/><W28/><G120/><AGARI ba="0,1" hai="36,43,45,55,57,61,65,66,93,97,102,120,122,123" machi="120" ten="40,3900,0" yaku="1,1,2,1,53,0" doraHai="130" doraHaiUra="101" who="1" fromWho="3" sc="250,0,240,49,289,0,211,-39" /><INIT seed="1,1,0,3,2,48" ten="250,289,289,172" oya="1" hai0="110,9,104,133,61,132,30,57,8,37,0,100,14" hai1="98,127,66,25,63,89,5,75,67,10,36,35,78" hai2="71,3,11,43,33,131,111,126,15,70,47,96,83" hai3="119,90,23,32,86,49,24,72,74,87,107,17,28"/><U56/><E36/><V105/><F131/><W99/><G119/><T103/><D37/><U20/><E35/><V134/><F134/><N who="0" m="51818" /><D110/><U91/><E127/><V2/><F33/><W88/><G107/><T77/><D104/><U115/><E115/><V76/><F126/><W40/><G99/><T135/><D135/><U92/><E75/><N who="2" m="43423" /><F15/><W85/><G72/><T93/><D30/><U29/><E78/><V18/><F18/><W12/><G74/><T123/><D77/><U106/><E106/><V58/><F58/><W1/><G1/><T64/><D93/><U65/><E91/><V102/><F111/><W34/><G34/><T38/><D38/><U121/><E121/><V124/><F124/><W46/><AGARI ba="1,0" hai="12,17,23,24,28,32,40,46,49,85,86,87,88,90" machi="46" ten="30,2000,0" yaku="0,1,54,1" doraHai="48" who="3" fromWho="3" sc="250,-6,289,-11,289,-6,172,23" /><INIT seed="2,0,0,4,0,0" ten="244,278,283,195" oya="2" hai0="1,83,12,51,94,65,90,112,14,63,103,121,7" hai1="20,122,101,28,45,58,67,118,40,25,62,130,27" hai2="129,78,48,60,82,3,61,6,108,41,34,55,119" hai3="53,89,113,19,38,86,102,100,59,106,42,109,76"/><V115/><F119/><W104/><G109/><T92/><D121/><U110/><E27/><V81/><F115/><W54/><G113/><T120/><D112/><U114/><E114/><V15/><F34/><W131/><G131/><T35/><D120/><U68/><E122/><V47/><F129/><W74/><G76/><T22/><D35/><U52/><E130/><V17/><F108/><W128/><G74/><T84/><D1/><U33/><E110/><V24/><F3/><W50/><G42/><T5/><D51/><U2/><E2/><V88/><F24/><W134/><G38/><T77/><D103/><U125/><E118/><V11/><F17/><W29/><G29/><T31/><D31/><U66/><E125/><V73/><REACH who="2" step="1"/><F55/><REACH who="2" ten="244,278,273,195" step="2"/><W71/><G128/><T80/><D12/><U23/><E67/><V123/><F123/><W85/><G19/><T26/><D14/><U133/><E133/><V70/><F70/><W91/><G71/><T126/><D126/><U39/><REACH who="1" step="1"/><E101/><REACH who="1" ten="244,268,273,195" step="2"/><V124/><F124/><W43/><G134/><T32/><D65/><U8/><E8/><V36/><F36/><W44/><G100/><T56/><D32/><U99/><E99/><V87/><AGARI ba="0,2" hai="6,11,15,41,47,48,60,61,73,78,81,82,87,88" machi="87" ten="30,11700,0" yaku="1,1,0,1,52,1,54,1,53,0" doraHai="0" doraHaiUra="30" who="2" fromWho="2" sc="244,-39,268,-39,273,137,195,-39" /><INIT seed="2,1,0,1,5,55" ten="205,229,410,156" oya="2" hai0="95,110,24,76,67,10,29,47,80,119,54,41,35" hai1="56,114,129,68,77,40,16,122,34,62,38,48,71" hai2="134,126,120,50,1,78,103,133,59,51,11,57,15" hai3="9,0,91,52,132,131,70,130,90,96,4,116,101"/><V21/><F120/><W2/><G70/><T86/><D110/><U125/><E34/><V36/><F36/><W39/><G39/><T44/><D119/><U107/><E107/><V17/><F126/><W12/><G116/><T49/><D67/><U115/><E77/><V89/><F78/><W111/><G111/><T14/><D95/><U27/><E122/><V92/><F103/><W22/><G132/><N who="2" m="50793" /><F1/><W60/><G22/><T99/><D99/><U104/><E104/><V117/><F117/><W66/><G66/><T63/><D63/><U42/><E125/><V31/><F31/><W3/><G91/><T135/><D135/><U46/><E27/><V69/><F11/><W121/><G90/><T7/><REACH who="0" step="1"/><D41/><REACH who="0" ten="195,229,410,156" step="2"/><N who="1" m="24655" /><E114/><V85/><F69/><N who="1" m="26697" /><E115/><V13/><F15/><W75/><G121/><T106/><D106/><U28/><E38/><V109/><F109/><W105/><REACH who="3" step="1"/><G75/><REACH who="3" ten="195,229,410,146" step="2"/><T74/><D74/><U118/><E118/><V19/><F92/><W82/><G82/><T72/><D72/><U113/><E113/><V33/><F85/><W20/><G20/><T108/><D108/><U64/><E28/><V112/><F21/><W124/><G124/><T23/><D23/><U37/><E37/><V102/><F33/><W94/><G94/><T83/><D83/><U84/><E84/><V127/><F127/><W32/><G32/><T98/><D98/><U65/><E65/><V88/><F112/><W100/><G100/><T81/><D81/><U73/><E73/><V43/><F102/><W58/><AGARI ba="1,2" hai="0,2,3,4,9,12,52,58,60,96,101,105,130,131" machi="58" ten="40,8000,1" yaku="1,1,0,1,52,1,54,1,53,1" doraHai="55" doraHaiUra="97" who="3" fromWho="3" sc="195,-21,229,-21,410,-41,146,103" /><INIT seed="3,0,0,2,0,6" ten="174,208,369,249" oya="3" hai0="93,82,124,25,64,96,24,87,49,5,68,40,44" hai1="113,57,52,27,63,54,83,70,32,116,123,122,20" hai2="11,45,21,8,86,23,36,29,108,35,74,100,128" hai3="10,43,88,103,102,132,110,50,134,67,9,111,30"/><W48/><G67/><T0/><D124/><U69/><E32/><V62/><F74/><W56/><G30/><T92/><D68/><U95/><E83/><V34/><F34/><W16/><G88/><T131/><D64/><U7/><E116/><V81/><F108/><N who="3" m="41515" /><G16/><T94/><D131/><U89/><E113/><V104/><F104/><W76/><G76/><T106/><D106/><U97/><E7/><V4/><F128/><W53/><G43/><T19/><D96/><U59/><E69/><V115/><F115/><W79/><G79/><T37/><D37/><U105/><E70/><V118/><F118/><W28/><G28/><T135/><D135/><N who="3" m="51753" /><G50/><T120/><D120/><U121/><E105/><V15/><F35/><W85/><G85/><T55/><D40/><U112/><E112/><V18/><F29/><W46/><G46/><T90/><REACH who="0" step="1"/><D19/><REACH who="0" ten="164,208,369,249" step="2"/><N who="1" m="12703" /><E123/><V84/><F18/><W26/><G26/><T78/><D78/><U98/><E98/><V47/><F36/><W130/><G130/><T2/><D2/><U38/><E38/><V125/><F100/><AGARI ba="0,1" hai="9,10,48,53,56,100,102,103" m="51753,41515" machi="100" ten="30,12000,1" yaku="14,1,10,1,20,1,52,2" doraHai="6" who="3" fromWho="2" sc="164,0,208,0,369,-120,249,130" /><INIT seed="3,1,0,3,1,65" ten="164,208,249,379" oya="3" hai0="12,71,41,61,107,77,34,62,36,38,85,103,25" hai1="118,109,58,93,83,27,31,76,126,121,18,114,120" hai2="78,66,2,89,59,117,28,87,115,79,7,64,48" hai3="68,80,53,29,82,106,97,123,95,20,56,37,1"/><W13/><G37/><T14/><D77/><U44/><E44/><V26/><F117/><W128/><G106/><T75/><D85/><U11/><E109/><V39/><F115/><W100/><G1/><T81/><D81/><U108/><E114/><V3/><F39/><W21/><G68/><T55/><D75/><U69/><E108/><V104/><F104/><W132/><G123/><T131/><D131/><U49/><E118/><V4/><F2/><W63/><G132/><T116/><D116/><U40/><E93/><V101/><F101/><W32/><G32/><T135/><D135/><U129/><E129/><V5/><F3/><W105/><G105/><T57/><D36/><U84/><E126/><V99/><F99/><W91/><G91/><T42/><D38/><U125/><E40/><V47/><F26/><N who="3" m="16583" /><G128/><T15/><D103/><U86/><E125/><V8/><F8/><W6/><G6/><T119/><D107/><U19/><E11/><V22/><F28/><W67/><G53/><T30/><REACH who="0" step="1"/><D119/><REACH who="0" ten="154,208,249,379" step="2"/><U60/><E86/><V23/><F79/><W92/><G95/><T72/><D72/><U110/><E110/><V112/><F78/><W88/><G100/><T127/><D127/><U52/><E121/><V9/><F112/><W43/><G80/><T90/><D90/><U70/><E120/><V134/><F134/><W10/><G82/><T35/><D35/><U16/><REACH who="1" step="1"/><E49/><REACH who="1" ten="154,198,249,379" step="2"/><V51/><F48/><W17/><G97/><T73/><D73/><U98/><E98/><V74/><F51/><W111/><G111/><T130/><D130/><U54/><E54/><RYUUKYOKU ba="1,2" sc="154,15,198,15,249,-15,379,-15" hai0="12,14,15,25,30,34,41,42,55,57,61,62,71" hai1="16,18,19,27,31,52,58,60,69,70,76,83,84" /><INIT seed="4,2,2,1,3,29" ten="169,213,234,364" oya="0" hai0="18,8,54,22,55,112,85,81,32,33,92,101,37" hai1="121,20,42,126,7,128,110,9,82,53,114,56,116" hai2="44,19,24,12,46,117,100,122,76,30,88,75,13" hai3="36,68,93,27,98,2,0,61,71,45,130,66,40"/><T96/><D37/><U14/><E42/><V28/><F122/><W62/><G130/><T120/><D120/><U48/><E121/><V111/><F111/><W10/><G10/><T113/><D8/><U17/><E110/><V115/><F115/><N who="0" m="44106" /><D22/><U108/><E114/><V51/><F117/><W58/><G27/><T125/><D18/><U52/><E108/><V84/><F100/><W60/><G60/><T135/><D135/><U91/><E116/><V38/><F38/><W16/><G16/><T73/><D73/><U50/><E128/><V90/><F75/><W124/><G68/><T6/><D6/><U15/><E126/><V107/><F107/><W25/><G124/><T35/><D125/><U11/><E11/><N who="2" m="6559" /><F13/><W99/><G25/><T31/><D31/><N who="2" m="11818" /><F24/><W65/><G98/><T21/><D21/><U57/><E91/><AGARI ba="2,2" hai="0,2,36,40,45,58,61,62,65,66,71,91,93,99" machi="91" ten="30,1000,0" yaku="7,1" doraHai="29" who="3" fromWho="1" sc="169,0,213,-16,234,0,364,36" /><AGARI ba="2,0" hai="32,33,35,54,55,81,85,91,92,96,101" m="44106" machi="91" ten="40,12000,1" yaku="15,1,52,3" doraHai="29" who="0" fromWho="1" sc="169,120,197,-120,234,0,400,0" /><INIT seed="4,3,0,3,2,101" ten="289,77,234,400" oya="0" hai0="26,120,12,106,79,66,92,112,132,82,61,95,32" hai1="46,15,31,64,57,45,96,30,50,22,20,33,35" hai2="123,117,70,94,127,121,108,119,131,17,48,107,77" hai3="91,10,111,7,54,28,124,11,18,87,109,59,5"/><T44/><D120/><N who="2" m="46154" /><F48/><W128/><G128/><T85/><D112/><U102/><E15/><V130/><F17/><W55/><G124/><T73/><D132/><U23/><E64/><V105/><F70/><W81/><G54/><T110/><D110/><U83/><E57/><V97/><F77/><W29/><G109/><T75/><D106/><N who="2" m="40458" /><F108/><W126/><G126/><T39/><D75/><U13/><E83/><V122/><F122/><W14/><G18/><T52/><D73/><U6/><E13/><V41/><F41/><W67/><G67/><T93/><D12/><U51/><E6/><V74/><F74/><W89/><G111/><T135/><D135/><U116/><E102/><N who="2" m="60727" /><F127/><W69/><G69/><T24/><D32/><U0/><E0/><V25/><F25/><W9/><G14/><T1/><D1/><U53/><E96/><V88/><F88/><N who="3" m="51311" /><G7/><T98/><D26/><U8/><E8/><V104/><N who="2" m="40466" /><V42/><DORA hai="78" /><F42/><W115/><G5/><T65/><D24/><U68/><E68/><V118/><AGARI ba="3,0" hai="117,118,119,130,131" m="60727,40466,46154" machi="118" ten="60,12000,2" yaku="12,1,34,2,52,4" doraHai="101,78" who="2" fromWho="2" sc="289,-63,77,-33,234,129,400,-33" /><INIT seed="5,0,0,0,5,19" ten="226,44,363,367" oya="1" hai0="28,122,21,35,104,118,0,48,58,15,95,73,16" hai1="134,98,130,38,4,11,94,125,67,60,91,96,56" hai2="106,57,36,109,68,105,135,33,70,18,123,85,82" hai3="133,129,55,100,2,132,29,126,32,108,17,42,71"/><U97/><E38/><V114/><F123/><W22/><G71/><T37/><D37/><U14/><E134/><V52/><F109/><W59/><G2/><T64/><D104/><U13/><E130/><V34/><F36/><W92/><G108/><T75/><D118/><U20/><E125/><V9/><F135/><N who="3" m="51787" /><G126/><T66/><D0/><U26/><REACH who="1" step="1"/><E14/><REACH who="1" ten="226,34,363,367" step="2"/><V84/><F114/><W24/><G129/><T25/><D122/><U131/><E131/><V74/><F106/><W90/><G24/><T12/><D15/><U93/><E93/><V107/><F105/><W78/><G92/><T65/><D95/><U103/><E103/><V43/><F107/><W6/><G100/><T46/><REACH who="0" step="1"/><D58/><REACH who="0" ten="216,34,363,367" step="2"/><U3/><E3/><V115/><F68/><W69/><G59/><T128/><D128/><U61/><E61/><V101/><F70/><W80/><G69/><T124/><D124/><U62/><E62/><V39/><F57/><W5/><G80/><T119/><D119/><U87/><E87/><V10/><F84/><W31/><G90/><T44/><D44/><U47/><E47/><V27/><F85/><W111/><G111/><T89/><D89/><U120/><E120/><V113/><F113/><W30/><G78/><T86/><D86/><U102/><E102/><V23/><F115/><W54/><G32/><T117/><D117/><U50/><E50/><V45/><F101/><W40/><G40/><AGARI ba="0,2" hai="12,16,21,25,28,35,40,46,48,64,65,66,73,75" machi="40" ten="40,5200,0" yaku="1,1,52,1,54,1,53,0" doraHai="19" doraHaiUra="76" who="0" fromWho="3" sc="216,72,34,0,363,0,367,-52" /><INIT seed="6,0,0,4,1,3" ten="288,34,363,315" oya="2" hai0="101,53,63,14,94,103,112,119,82,66,131,134,50" hai1="4,80,88,52,104,51,116,97,98,125,74,106,118" hai2="96,57,95,30,38,28,7,107,130,78,32,110,105" hai3="27,55,56,43,35,121,79,109,47,83,90,33,129"/><V12/><F38/><W13/><G109/><T69/><D112/><U25/><E25/><V34/><F34/><W85/><G121/><T18/><D134/><U68/><E68/><V60/><F110/><W89/><G129/><T114/><D131/><U124/><E51/><V8/><F130/><W10/><G33/><T77/><D114/><U75/><E52/><N who="2" m="33831" /><F32/><W36/><G27/><T99/><D119/><U67/><E67/><V39/><F39/><W100/><G100/><T11/><D101/><U37/><E37/><V73/><F73/><W23/><G23/><T16/><D50/><U61/><E61/><V45/><F107/><W127/><G127/><T2/><D53/><U48/><E48/><V108/><F105/><W41/><G41/><T65/><D2/><U29/><E29/><N who="2" m="11371" /><F108/><W126/><G126/><T20/><D66/><U111/><E111/><V15/><F78/><W44/><G35/><T92/><D92/><U19/><E19/><V81/><F81/><W54/><G44/><T24/><D82/><U17/><E17/><V113/><F113/><W9/><G54/><T135/><D135/><U31/><E31/><V64/><F64/><W93/><G55/><T87/><D77/><U5/><E80/><V132/><F132/><W58/><G79/><T76/><D76/><U84/><REACH who="1" step="1"/><E84/><REACH who="1" ten="288,24,363,315" step="2"/><V21/><F45/><W70/><G47/><T0/><D87/><U128/><E128/><V133/><F133/><W117/><G83/><T62/><D62/><U40/><E40/><V1/><F21/><W115/><G115/><T123/><D123/><U42/><E42/><RYUUKYOKU ba="0,1" sc="288,10,24,10,363,10,315,-30" hai0="0,11,14,16,18,20,24,63,65,69,94,99,103" hai1="4,5,74,75,88,97,98,104,106,116,118,124,125" hai2="1,7,8,12,15,95,96" /><INIT seed="6,1,1,0,1,100" ten="298,34,373,285" oya="2" hai0="38,41,95,92,69,110,66,51,75,58,134,116,5" hai1="112,64,31,52,81,85,11,29,63,77,88,128,94" hai2="53,65,28,91,23,30,35,57,45,86,14,90,103" hai3="84,43,87,89,19,10,33,131,39,80,20,2,76"/><V17/><F35/><W47/><G33/><T120/><D120/><U36/><E36/><V83/><F103/><W132/><G131/><T13/><D110/><U121/><E121/><V97/><F65/><W108/><G132/><T117/><D75/><U107/><E128/><V7/><F7/><W34/><G34/><T3/><D3/><U72/><E112/><V98/><F45/><W8/><G108/><T48/><D134/><U1/><E1/><V123/><F123/><W6/><G8/><N who="0" m="4239" /><D69/><U113/><E113/><V24/><F91/><W118/><G118/><T50/><D38/><U46/><E11/><N who="2" m="6367" /><F30/><W27/><REACH who="3" step="1"/><G89/><REACH who="3" ten="298,34,373,275" step="2"/><T119/><D41/><U44/><E107/><V125/><F125/><W61/><G61/><AGARI ba="1,2" hai="48,50,51,58,61,66,92,95,116,117,119" m="4239" machi="61" ten="40,1300,0" yaku="12,1" doraHai="100" who="0" fromWho="3" sc="298,36,34,0,373,0,275,-16" /><AGARI ba="1,0" hai="23,24,28,53,57,61,83,86,90,97,98" m="6367" machi="61" ten="30,1500,0" yaku="8,1" doraHai="100" who="2" fromWho="3" sc="334,0,34,0,373,15,259,-15" /><INIT seed="6,2,0,2,3,22" ten="334,34,388,244" oya="2" hai0="104,68,51,2,80,118,105,67,133,0,113,5,65" hai1="61,43,54,71,114,35,46,110,131,60,62,40,79" hai2="6,16,92,33,27,45,66,97,102,37,14,58,120" hai3="107,87,20,21,125,84,70,130,119,128,41,98,89"/><V69/><F120/><W17/><G70/><T73/><D51/><U100/><E79/><V26/><F69/><W1/><G119/><T64/><D68/><U81/><E81/><V74/><F74/><W103/><G1/><T82/><D73/><U126/><E100/><V39/><F39/><W36/><G36/><T4/><D118/><U3/><E3/><N who="0" m="1065" /><D113/><U52/><E35/><V132/><F132/><W135/><G41/><N who="1" m="15946" /><E110/><V109/><F109/><W106/><G84/><T85/><D85/><U7/><E7/><N who="0" m="2633" /><D133/><U91/><E91/><V77/><F37/><W38/><G135/><T19/><D19/><U76/><E76/><V25/><F33/><W50/><G38/><T94/><D94/><U34/><E34/><V116/><F116/><W12/><G106/><AGARI ba="2,0" hai="64,65,67,80,82,104,105,106" m="2633,1065" machi="106" ten="40,2600,0" yaku="28,2" doraHai="22" who="0" fromWho="3" sc="334,32,34,0,388,0,244,-32" /><INIT seed="7,0,0,5,1,63" ten="366,34,388,212" oya="3" hai0="49,97,90,131,122,134,14,72,80,93,76,65,126" hai1="107,105,109,111,110,94,70,54,120,112,8,53,57" hai2="19,18,71,129,55,43,69,81,99,35,103,0,96" hai3="11,30,6,9,62,34,133,125,100,40,75,48,119"/><W98/><G75/><T1/><D1/><U118/><E70/><V108/><F108/><W74/><G74/><T16/><D122/><U102/><E120/><V4/><F35/><W130/><G119/><T87/><D134/><U123/><E123/><V86/><F129/><W92/><G133/><T61/><D131/><U104/><E102/><V66/><F0/><W20/><G130/><T79/><D126/><U101/><E101/><V44/><F4/><W121/><G34/><T37/><D37/><U3/><E94/><N who="2" m="58775" /><F71/><W59/><G125/><T23/><D49/><U38/><E3/><V7/><F69/><W29/><G40/><T31/><D31/><N who="3" m="11785" /><G48/><T84/><D79/><U60/><E38/><V58/><F7/><W17/><G121/><T127/><D127/><U24/><E118/><V78/><F99/><W85/><G85/><T13/><D14/><U135/><E135/><V124/><F124/><W12/><G6/><T47/><D47/><U22/><E8/><V95/><F95/><W51/><G51/><T91/><D91/><U15/><E15/><V41/><F44/><W2/><G2/><T64/><D64/><AGARI ba="0,0" hai="9,11,12,17,20,59,62,64,92,98,100" m="11785" machi="64" ten="30,2900,0" yaku="8,1,52,1" doraHai="63" who="3" fromWho="0" sc="366,-29,34,0,388,0,212,29" /><INIT seed="7,1,0,0,3,33" ten="337,34,388,241" oya="3" hai0="125,131,55,28,31,93,46,2,132,45,130,90,58" hai1="42,97,61,53,38,78,134,64,23,15,1,124,116" hai2="104,135,41,127,18,115,111,8,114,106,76,105,24" hai3="59,34,103,65,3,19,54,49,101,129,100,109,26"/><W110/><G3/><T108/><D108/><N who="3" m="41577" /><G129/><N who="0" m="49163" /><D132/><U20/><E78/><V80/><F111/><W32/><G65/><T39/><D125/><U120/><E124/><V12/><F127/><W86/><G86/><N who="0" m="52439" /><D39/><U68/><E134/><V6/><F135/><W118/><G118/><T126/><D126/><U73/><E116/><V74/><F41/><W52/><G54/><T35/><D35/><U117/><E73/><V82/><F80/><W13/><G26/><T4/><D45/><U67/><E117/><V30/><REACH who="2" step="1"/><F6/><REACH who="2" ten="337,34,378,241" step="2"/><W88/><G88/><T98/><D46/><U123/><E42/><V29/><F29/><W50/><G49/><N who="0" m="31087" /><D98/><U81/><E97/><V85/><F85/><W122/><G122/><T75/><D75/><U112/><E120/><V36/><F36/><W7/><G7/><T17/><D17/><U40/><E38/><V57/><F57/><W10/><AGARI ba="1,1" hai="10,13,19,32,34,50,52,59,100,101,103" m="41577" machi="10" ten="30,3000,0" yaku="10,1,54,1" doraHai="33" who="3" fromWho="3" sc="337,-11,34,-11,378,-11,241,43" /><INIT seed="7,2,0,2,1,29" ten="326,23,367,284" oya="3" hai0="101,77,56,126,82,99,21,59,53,6,94,30,91" hai1="32,44,17,122,85,45,112,33,83,65,124,35,119" hai2="102,117,96,52,5,46,10,107,68,110,60,95,72" hai3="81,63,89,3,108,103,109,131,57,113,86,38,4"/><W125/><G38/><T42/><D126/><U64/><E17/><V97/><F117/><W100/><G125/><T128/><D128/><U120/><E124/><V40/><F72/><W123/><G131/><T11/><D42/><U34/><E119/><V1/><F110/><N who="3" m="42603" /><G123/><T62/><D59/><U23/><N who="1" m="8704" /><DORA hai="2" /><U78/><E23/><V51/><F68/><W58/><G113/><T55/><D55/><U75/><E75/><V118/><F118/><W80/><G80/><T61/><D61/><U79/><E112/><V13/><F60/><W0/><G0/><T133/><D133/><U88/><E83/><V111/><F111/><W66/><G58/><T129/><D129/><U18/><E85/><V74/><F74/><W27/><G27/><N who="0" m="16751" /><D77/><U24/><E88/><V16/><F40/><W15/><G15/><N who="0" m="5623" /><D82/><U20/><E24/><V92/><F97/><W130/><G130/><T121/><D121/><U135/><E20/><AGARI ba="2,0" hai="1,5,10,13,16,20,46,51,52,92,95,96,102,107" machi="20" ten="30,7700,0" yaku="7,1,52,1,54,2" doraHai="29,2" who="2" fromWho="1" sc="326,0,23,-83,367,83,284,0" owari="326,13.0,-60,-56.0,450,55.0,284,-12.0" /></mjloggm>