<mjloggm ver="2.3"><GO type="169" lobby="0"/><UN n0="%E3%81%A0%E3%81%84%E3%81%A0%E3%81%84" n1="%E9%B7%B9%EF%BC%93" n2="%EF%BC%88%E2%89%A7%E2%96%BD%E2%89%A6%EF%BC%89" n3="%E5%AF%9B%E3%83%94%E3%82%A8%E3%83%AD" dan="17,16,17,16" rate="2104,2058,2122,2064" sx="M,M,M,M"/><TAIKYOKU oya="0"/><INIT seed="0,0,0,0,0,10" ten="250,250,250,250" oya="0" hai0="82,57,45,9,33,120,115,15,79,0,24,38,99" hai1="84,8,114,11,100,112,122,95,13,36,98,21,105" hai2="67,101,130,89,75,109,47,78,28,39,35,7,40" hai3="92,48,20,56,131,134,68,54,71,93,107,118,6"/><T72/><D120/><U110/><E122/><V44/><F130/><W55/><G107/><T73/><D115/><N who="1" m="44075" /><E110/><V18/><F109/><W3/><G118/><T121/><D121/><U30/><E36/><V125/><F125/><W62/><G131/><T123/><D123/><U1/><E1/><V19/><F101/><W97/><G134/><T117/><D117/><U61/><E61/><V25/><F67/><W132/><G132/><T37/><D99/><U52/><E30/><V29/><F29/><W102/><G20/><T108/><D108/><U74/><E74/><V116/><F116/><W53/><G92/><T86/><D0/><U77/><E52/><V124/><F124/><W87/><G87/><T27/><D57/><U5/><E21/><V70/><F70/><W22/><G22/><T90/><D72/><U23/><E23/><V135/><F135/><W85/><G85/><T111/><D111/><U128/><E8/><V17/><F44/><W26/><G26/><T42/><D38/><U65/><E65/><V69/><F69/><W4/><G71/><T81/><REACH who="0" step="1"/><D33/><REACH who="0" ten="240,250,250,250" step="2"/><U80/><E128/><V46/><F39/><W129/><G3/><T63/><D63/><U49/><E49/><V106/><F35/><W133/><G129/><T34/><D34/><U66/><E66/><V127/><F75/><W41/><G133/><T76/><D76/><N who="1" m="46087" /><E105/><V104/><F106/><W14/><G68/><T126/><D126/><U2/><E2/><V94/><F104/><W88/><G62/><T12/><D12/><U91/><E77/><V50/><F127/><W58/><G58/><RYUUKYOKU ba="0,1" sc="240,15,250,15,250,-15,250,-15" hai0="9,15,24,27,37,42,45,73,79,81,82,86,90" hai1="5,11,13,91,95,98,100" /><INIT seed="0,1,1,5,0,38" ten="255,265,235,235" oya="0" hai0="126,57,39,11,72,77,52,111,103,66,53,62,97" hai1="112,131,37,107,65,13,15,63,132,12,89,30,5" hai2="10,98,56,93,51,118,123,134,78,117,36,34,100" hai3="119,120,16,61,50,71,81,84,74,4,110,124,28"/><T21/><D126/><U85/><E112/><V127/><F123/><W22/><G120/><T20/><D39/><U108/><E37/><V23/><F36/><W24/><G119/><N who="2" m="45577" /><F34/><W69/><G74/><T31/><D111/><U14/><E132/><V41/><F134/><W46/><G124/><T115/><D115/><U130/><E108/><V45/><F127/><W7/><G110/><T79/><D11/><U94/><E107/><V109/><F109/><W101/><G101/><T125/><D125/><U114/><E114/><V17/><F78/><N who="0" m="29706" /><D72/><U2/><E30/><V70/><F70/><W133/><G133/><T54/><D31/><U95/><E2/><V32/><F32/><W87/><G28/><T73/><D73/><U105/><E105/><V40/><F10/><W129/><G129/><N who="1" m="49162" /><E15/><N who="2" m="9663" /><F56/><W29/><G71/><T47/><D47/><U106/><E106/><V88/><F100/><W99/><G69/><T75/><D75/><U104/><E104/><V67/><F67/><W91/><G29/><T135/><D135/><U116/><E116/><V42/><AGARI ba="1,1" hai="40,41,42,45,51,88,93,98" m="9663,45577" machi="42" ten="30,8000,1" yaku="12,1,52,3,54,1" doraHai="38" who="2" fromWho="2" sc="255,-41,265,-21,235,93,235,-21" /><INIT seed="1,0,0,4,0,74" ten="214,244,328,214" oya="1" hai0="105,77,93,6,53,128,21,101,70,88,55,85,130" hai1="78,111,28,119,83,129,43,4,63,22,18,34,75" hai2="33,3,118,80,72,115,37,79,9,40,5,0,57" hai3="109,30,29,36,67,122,112,100,44,2,76,96,114"/><U97/><E119/><V42/><F118/><W12/><G2/><T25/><D70/><U54/><E129/><N who="0" m="49769" /><D6/><U126/><E111/><V68/><F115/><W98/><G109/><T26/><D26/><U84/><E126/><V125/><F125/><W58/><G122/><T82/><D101/><U62/><E4/><V94/><F0/><W17/><G96/><N who="0" m="57383" /><D105/><U35/><E43/><V108/><F108/><W7/><G7/><T60/><D60/><U39/><E39/><V123/><F123/><W47/><G36/><T15/><D15/><U107/><E75/><V90/><F68/><W95/><G112/><T27/><D27/><U135/><E135/><V89/><F33/><W102/><G102/><T61/><D61/><U13/><E63/><V56/><F5/><W24/><G114/><T124/><D124/><U71/><E28/><AGARI ba="0,0" hai="21,25,28,53,55,77,82,85" m="57383,49769" machi="28" ten="30,3900,0" yaku="19,1,52,1,54,1" doraHai="74" who="0" fromWho="1" sc="214,39,244,-39,328,0,214,0" /><INIT seed="2,0,0,4,3,84" ten="253,205,328,214" oya="2" hai0="92,53,56,60,79,49,117,35,119,99,61,111,71" hai1="28,93,31,8,68,14,85,41,0,101,46,54,87" hai2="75,76,103,43,132,105,95,63,58,32,18,29,50" hai3="42,36,88,130,65,98,1,128,121,109,57,120,5"/><V115/><F115/><W86/><G109/><T11/><D35/><U51/><E68/><V64/><F105/><W78/><G78/><T134/><D111/><U24/><E0/><V20/><F132/><W67/><G98/><T72/><D134/><U114/><E114/><V33/><F75/><W45/><G1/><T104/><D104/><U44/><E101/><V3/><F3/><W77/><G5/><T106/><D106/><U102/><E102/><V89/><F76/><W125/><G77/><T37/><D37/><U4/><E93/><V40/><F103/><W66/><G57/><T7/><D71/><U2/><E2/><V110/><F110/><W94/><REACH who="3" step="1"/><G125/><REACH who="3" ten="253,205,328,204" step="2"/><T59/><D79/><U27/><E87/><V131/><F58/><W127/><G127/><T90/><D59/><U70/><E85/><V81/><F64/><W39/><G39/><T38/><D38/><U48/><E70/><V23/><F63/><W123/><AGARI ba="0,1" hai="36,42,45,65,66,67,86,88,94,120,121,123,128,130" machi="123" ten="40,8000,1" yaku="1,1,0,1,52,1,54,1,53,0" doraHai="84" doraHaiUra="22" who="3" fromWho="3" sc="253,-20,205,-20,328,-40,204,90" /><INIT seed="3,0,0,3,2,62" ten="233,185,288,294" oya="3" hai0="8,65,56,130,42,2,87,68,9,3,5,77,32" hai1="78,21,92,88,45,44,120,41,83,67,46,14,54" hai2="16,30,96,133,75,50,64,86,49,24,20,10,73" hai3="85,29,34,102,6,38,0,93,110,115,61,127,135"/><W113/><G38/><T51/><D32/><U84/><E120/><V52/><F133/><W89/><G135/><T48/><D130/><U101/><E54/><V128/><F128/><W131/><G131/><T117/><D68/><U60/><E101/><V55/><F75/><W129/><G129/><T111/><D117/><U71/><E14/><N who="2" m="7255" /><F73/><W40/><G40/><T121/><D121/><U35/><E21/><V105/><F105/><W118/><G118/><T126/><D126/><U122/><E122/><V80/><F96/><W66/><G127/><T28/><D28/><U94/><E35/><V59/><F64/><W97/><G110/><T72/><D72/><U13/><E13/><V26/><F24/><W57/><G29/><T125/><D111/><U74/><REACH who="1" step="1"/><E94/><REACH who="1" ten="233,175,288,294" step="2"/><V108/><F108/><W124/><G34/><T43/><D125/><U25/><E25/><V116/><F116/><W98/><G124/><T23/><D23/><U82/><E82/><V123/><F123/><W100/><G100/><T18/><D3/><U17/><E17/><V132/><F132/><W63/><G0/><T76/><D18/><U114/><E114/><V47/><F80/><W1/><G113/><T69/><D2/><U107/><E107/><V7/><F7/><W104/><G115/><T53/><D5/><U4/><E4/><V22/><F20/><W112/><G112/><T109/><D109/><U70/><E70/><V36/><F36/><AGARI ba="0,1" hai="36,41,44,45,46,60,67,71,74,78,83,84,88,92" machi="36" ten="30,8000,1" yaku="1,1,7,1,52,1,54,1,53,1" doraHai="62" doraHaiUra="58" who="1" fromWho="2" sc="233,0,175,90,288,-80,294,0" /><INIT seed="4,0,0,0,4,46" ten="233,265,208,294" oya="0" hai0="121,55,81,92,0,129,132,112,2,18,80,70,36" hai1="73,111,115,76,59,47,45,39,7,50,126,96,108" hai2="4,12,134,98,24,65,29,71,43,17,119,128,61" hai3="51,89,103,104,68,94,100,123,109,84,53,124,79"/><T6/><D121/><U66/><E126/><V122/><F122/><W23/><G68/><T56/><D70/><U114/><E7/><V97/><F119/><W40/><G104/><T130/><D36/><U11/><E11/><V64/><F134/><W131/><G123/><T99/><D132/><U88/><E39/><V69/><F128/><N who="0" m="49258" /><D112/><N who="1" m="43051" /><E73/><V110/><F110/><N who="1" m="42025" /><E76/><V85/><F4/><W48/><G109/><T135/><D135/><U120/><E120/><V9/><F43/><W20/><G124/><T87/><D18/><U102/><E88/><V60/><REACH who="2" step="1"/><F85/><REACH who="2" ten="233,265,198,294" step="2"/><N who="3" m="52527" /><G40/><T27/><D87/><U32/><E32/><AGARI ba="0,1" hai="9,12,17,24,29,32,60,61,64,65,69,71,97,98" machi="32" ten="30,8000,1" yaku="1,1,7,1,9,1,53,2" doraHai="46" doraHaiUra="63" who="2" fromWho="1" sc="233,0,265,-80,198,90,294,0" /><INIT seed="5,0,0,5,1,129" ten="233,185,288,294" oya="1" hai0="78,28,122,14,123,20,111,71,47,70,35,18,25" hai1="63,34,59,132,38,74,125,26,103,72,3,48,51" hai2="102,0,50,36,53,2,56,44,114,105,58,80,131" hai3="85,43,87,62,104,31,106,55,119,121,95,120,77"/><U15/><E3/><V24/><F131/><W116/><G43/><T37/><D111/><U73/><E38/><V113/><F24/><W29/><G62/><T82/><D37/><U17/><E125/><V92/><F105/><W75/><G55/><T46/><D70/><U8/><E103/><V93/><F80/><N who="3" m="45119" /><G29/><T9/><D71/><U130/><E130/><V61/><F36/><W68/><G31/><T21/><D47/><U81/><E34/><V30/><F30/><W86/><G68/><T83/><D46/><U5/><E81/><V23/><F23/><W99/><G104/><T13/><D83/><U110/><E110/><V112/><F58/><W16/><G16/><N who="0" m="10263" /><D82/><U22/><REACH who="1" step="1"/><E132/><REACH who="1" ten="233,175,288,294" step="2"/><V65/><F102/><N who="3" m="60799" /><G106/><T1/><D78/><U39/><E39/><V45/><F0/><W133/><G133/><T107/><D107/><U7/><E7/><AGARI ba="0,1" hai="1,7,9,13,18,21,25,28,35,122,123" m="10263" machi="7" ten="30,7700,0" yaku="24,1,34,2,54,1" doraHai="129" who="0" fromWho="1" sc="233,87,175,-77,288,0,294,0" /><INIT seed="6,0,0,4,2,94" ten="320,98,288,294" oya="2" hai0="70,119,59,135,116,1,26,13,36,35,9,97,95" hai1="7,88,92,65,86,126,46,87,69,72,16,32,114" hai2="52,49,91,111,96,24,22,55,33,113,60,118,42" hai3="67,50,44,58,100,38,120,40,34,121,53,85,127"/><V123/><F118/><N who="0" m="45098" /><D70/><U75/><E32/><V128/><F123/><W103/><G34/><T124/><D36/><U18/><E126/><V0/><F0/><W129/><G127/><T61/><D1/><U102/><E114/><V12/><F113/><W93/><G129/><T77/><D77/><U28/><E28/><V10/><F128/><W20/><G20/><T45/><D45/><U17/><E7/><N who="2" m="3167" /><F111/><W41/><G41/><T82/><D82/><U110/><E110/><V5/><F5/><W115/><G115/><T47/><D47/><U39/><E102/><V79/><F79/><W29/><G29/><N who="0" m="19895" /><D135/><U11/><E11/><V27/><F33/><W105/><G67/><N who="0" m="39359" /><D124/><U62/><REACH who="1" step="1"/><E87/><REACH who="1" ten="320,88,288,294" step="2"/><V112/><F112/><W117/><G85/><T23/><D23/><U68/><E68/><V76/><F22/><W73/><G117/><T6/><D97/><U2/><E2/><V30/><F30/><W51/><G100/><T43/><D43/><AGARI ba="0,1" hai="16,17,18,39,43,46,62,65,69,72,75,86,88,92" machi="43" ten="40,5200,0" yaku="1,1,54,2,53,0" doraHai="94" doraHaiUra="131" who="1" fromWho="0" sc="320,-52,88,62,288,0,294,0" /><INIT seed="7,0,0,0,1,60" ten="268,150,288,294" oya="3" hai0="43,85,133,88,68,25,101,15,11,24,134,41,72" hai1="127,62,135,53,75,38,94,27,96,56,13,90,44" hai2="50,21,79,109,46,113,3,131,103,6,34,91,45" hai3="95,99,59,48,130,125,98,87,7,23,63,28,106"/><W116/><G116/><T16/><D72/><U67/><E135/><N who="0" m="51721" /><D101/><U122/><E127/><V77/><F34/><W18/><G125/><T64/><D68/><U107/><E122/><V80/><F109/><W115/><G115/><T5/><D64/><U20/><E107/><V71/><F71/><W42/><G130/><T89/><D89/><U2/><E75/><V9/><F131/><W32/><G7/><T19/><D19/><U36/><E2/><V81/><F103/><W86/><G106/><T104/><D104/><U66/><E13/><V105/><F105/><W102/><G98/><T78/><D78/><U10/><E10/><V52/><F113/><W8/><G8/><T58/><D58/><U93/><E93/><V65/><F65/><N who="1" m="24585" /><E44/><V0/><F0/><W129/><G129/><T92/><D5/><U111/><E111/><V57/><F46/><N who="3" m="25687" /><G32/><T29/><D29/><U35/><E35/><V54/><F6/><W117/><G28/><T132/><D132/><U12/><E12/><V110/><F110/><W61/><G117/><T120/><D120/><U14/><E14/><V128/><F128/><W30/><G30/><T39/><D39/><U22/><E22/><V97/><F21/><W69/><G69/><T17/><D17/><AGARI ba="0,0" hai="17,20,27,36,38,53,56,62,90,94,96" m="24585" machi="17" ten="30,7700,0" yaku="25,1,52,3" doraHai="60" who="1" fromWho="0" sc="268,-77,150,77,288,0,294,0" /><INIT seed="8,0,0,0,3,88" ten="191,227,288,294" oya="0" hai0="102,83,1,38,24,108,123,71,63,59,10,135,79" hai1="94,17,70,124,80,65,115,130,109,126,69,21,64" hai2="18,107,36,13,55,8,19,92,99,77,26,56,129" hai3="57,49,116,90,100,31,4,81,113,67,84,51,120"/><T28/><D123/><U72/><E109/><V110/><F36/><W117/><G120/><T44/><D71/><N who="1" m="27147" /><E130/><V82/><F110/><W111/><G111/><T119/><D108/><U47/><E47/><V34/><F107/><W33/><G113/><T5/><D119/><N who="3" m="45641" /><G100/><T7/><D135/><U114/><E94/><V40/><F129/><W25/><G4/><T20/><D7/><U61/><E80/><V75/><F40/><W66/><G66/><N who="1" m="25706" /><E61/><AGARI ba="0,0" hai="25,31,33,49,51,57,61,67,81,84,90" m="45641" machi="61" ten="30,1000,0" yaku="16,1" doraHai="88" who="3" fromWho="1" sc="191,0,227,-10,288,0,294,10" owari="191,-31.0,217,-18.0,288,9.0,304,40.0" /></mjloggm>