<mjloggm ver="2.3"><GO type="169" lobby="0"/><UN n0="%EF%BC%88%E2%89%A7%E2%96%BD%E2%89%A6%EF%BC%89" n1="%68%65%61%72%74%73%40" n2="%E3%81%A4%E3%81%B0%E3%81%8D%E3%81%A1%30%33" n3="%E6%9C%A7%E5%A4%8F%E6%9C%88" dan="17,16,17,19" rate="2164.91,2159.18,2201.87,2209.80" sx="M,M,M,F"/><TAIKYOKU oya="0"/><INIT seed="0,0,0,1,4,3" ten="250,250,250,250" oya="0" hai0="58,65,17,4,81,39,32,102,9,104,70,44,53" hai1="133,129,78,18,51,96,76,127,135,19,27,52,31" hai2="34,90,7,60,72,48,35,116,85,69,10,91,42" hai3="71,29,103,73,80,28,89,43,124,117,0,92,20"/><T106/><D32/><U47/><E127/><V41/><F72/><W114/><G71/><T107/><D102/><U120/><E120/><V40/><F116/><W61/><G117/><T13/><D81/><U122/><E122/><V123/><F123/><W66/><G114/><T108/><D108/><U16/><E129/><V74/><F74/><W63/><G103/><T5/><D65/><U8/><E96/><V134/><F48/><W23/><G0/><T109/><D70/><U6/><E78/><V86/><F134/><N who="1" m="51209" /><E76/><V46/><F46/><W24/><G43/><T132/><D132/><U121/><E121/><V11/><F60/><W100/><G124/><T1/><D109/><U49/><E49/><V87/><F69/><W84/><G66/><T64/><D64/><U130/><E130/><V88/><REACH who="2" step="1"/><F7/><REACH who="2" ten="250,250,240,250" step="2"/><W128/><G128/><T62/><D44/><U55/><E51/><V77/><F77/><W33/><G73/><T54/><D5/><U14/><E47/><V37/><F37/><W112/><G63/><T131/><D131/><U118/><E118/><V25/><F25/><N who="3" m="16423" /><G61/><T67/><REACH who="0" step="1"/><D39/><REACH who="0" ten="240,250,240,250" step="2"/><U12/><E12/><V113/><F113/><W21/><G112/><T79/><D79/><U115/><E115/><V83/><F83/><W101/><G80/><T126/><D126/><U95/><E95/><V82/><F82/><W93/><G92/><T50/><D50/><U59/><E59/><V38/><F38/><W97/><G101/><T56/><D56/><U94/><E94/><V110/><F110/><W57/><G57/><T2/><D2/><U15/><E15/><RYUUKYOKU ba="0,2" sc="240,0,250,0,240,0,250,0" hai0="1,4,9,13,17,53,54,58,62,67,104,106,107" hai1="6,8,14,16,18,19,27,31,52,55" hai2="10,11,34,35,40,41,42,85,86,87,88,90,91" hai3="21,23,24,29,33,84,89,93,97,100" /><INIT seed="0,1,2,4,4,20" ten="240,250,240,250" oya="0" hai0="27,39,132,63,103,34,83,58,95,117,57,9,98" hai1="133,97,124,53,0,69,85,21,48,79,114,113,70" hai2="36,26,90,73,96,28,81,93,66,118,1,29,11" hai3="17,110,120,71,47,82,64,112,115,54,84,135,131"/><T130/><D117/><U99/><E0/><V106/><F118/><W104/><G104/><T68/><D39/><U50/><E124/><V42/><F66/><W30/><G110/><T61/><D132/><U105/><E133/><V116/><F116/><W14/><G135/><T74/><D130/><U123/><E123/><V134/><F134/><W94/><G131/><T46/><D46/><U33/><E33/><V129/><F129/><W87/><G120/><T78/><D9/><U86/><E21/><V18/><F106/><W56/><G30/><T45/><D45/><U88/><E79/><N who="2" m="44271" /><F18/><W65/><G47/><T2/><D2/><U111/><E105/><V16/><F16/><W8/><G71/><T108/><D108/><U15/><E15/><V128/><F26/><W127/><G127/><T3/><D3/><U72/><E53/><V12/><F12/><W101/><G115/><T125/><D125/><U126/><E126/><V22/><F22/><W37/><G37/><T19/><D19/><U43/><E72/><V109/><F109/><W31/><G31/><T122/><D122/><U24/><E24/><V77/><F77/><N who="3" m="46159" /><G112/><T119/><D119/><U76/><E76/><V121/><F121/><W52/><G54/><T7/><D7/><U62/><E111/><V23/><F23/><W100/><G64/><N who="0" m="40991" /><D61/><U41/><E62/><V80/><F128/><W60/><G65/><T25/><D25/><U44/><E44/><N who="2" m="23623" /><F80/><W59/><G59/><N who="0" m="22539" /><D27/><U107/><E107/><V6/><AGARI ba="1,2" hai="1,6,11,28,29,90,93,96" m="23623,44271" machi="6" ten="30,1100,0" yaku="25,1" doraHai="20" who="2" fromWho="2" sc="240,-6,250,-4,240,34,250,-4" /><INIT seed="1,0,0,2,0,103" ten="234,246,274,246" oya="1" hai0="27,73,113,88,6,128,119,72,84,30,58,46,53" hai1="52,78,55,35,43,24,94,81,51,131,62,36,95" hai2="121,124,99,82,65,71,109,29,83,112,37,50,22" hai3="7,18,56,96,13,4,126,8,63,130,77,9,118"/><U2/><E2/><V70/><F37/><W86/><G126/><T129/><D113/><U14/><E131/><N who="0" m="50249" /><D46/><U38/><E36/><V0/><F0/><W23/><G130/><T102/><D102/><U10/><E38/><V134/><F109/><W106/><G118/><T97/><D97/><U74/><E43/><V12/><F134/><W45/><G45/><T17/><D17/><U61/><E35/><V15/><F124/><W93/><G106/><T20/><D6/><N who="3" m="2089" /><G86/><T90/><D119/><U116/><E24/><V21/><F99/><W79/><G9/><T100/><D100/><U101/><E116/><V114/><F65/><N who="3" m="39143" /><G8/><T57/><D57/><U42/><E42/><V54/><F54/><W122/><G122/><T59/><D59/><U105/><E55/><V11/><F11/><W66/><G66/><T1/><D1/><U25/><E10/><V34/><F34/><W107/><G107/><T123/><D123/><U16/><E105/><V104/><F104/><W48/><G48/><N who="0" m="31015" /><D84/><U117/><E117/><V127/><F127/><W31/><G31/><T125/><D125/><U26/><E74/><AGARI ba="0,0" hai="20,27,30,72,73,74,88,90" m="31015,50249" machi="74" ten="30,2000,0" yaku="19,1,54,1" doraHai="103" who="0" fromWho="1" sc="234,20,246,-20,274,0,246,0" /><INIT seed="2,0,0,3,5,71" ten="254,226,274,246" oya="2" hai0="50,34,130,47,39,36,51,87,40,132,20,125,134" hai1="104,90,79,94,107,18,101,69,9,129,110,67,52" hai2="98,10,81,49,77,102,111,135,114,19,103,12,28" hai3="96,57,54,65,75,93,120,8,82,41,95,11,108"/><V21/><F114/><W4/><G120/><T88/><D34/><U92/><E79/><V91/><F111/><W53/><G41/><T43/><D125/><U30/><E110/><V33/><F135/><N who="0" m="51754" /><D20/><U113/><E113/><V73/><F33/><W5/><G108/><T70/><D70/><U83/><E83/><V62/><F62/><W3/><G65/><T38/><D130/><U109/><E109/><V117/><F117/><W78/><G57/><T122/><D122/><U86/><E129/><V1/><F49/><N who="0" m="18442" /><D47/><U106/><E30/><V56/><F56/><W124/><G124/><T27/><D27/><U58/><E69/><V80/><F80/><AGARI ba="0,0" hai="36,38,39,40,43,80,87,88" m="18442,51754" machi="80" ten="40,8000,1" yaku="20,1,52,3,54,1" doraHai="71" who="0" fromWho="2" sc="254,80,226,0,274,-80,246,0" /><INIT seed="3,0,0,5,4,45" ten="334,226,194,246" oya="3" hai0="10,33,11,29,135,25,31,27,47,102,46,91,19" hai1="66,120,38,104,84,75,61,22,26,110,130,55,24" hai2="23,37,1,100,53,13,133,129,95,124,107,64,74" hai3="20,108,106,88,103,134,5,79,116,57,6,70,59"/><W126/><G116/><T12/><D102/><U21/><E120/><V72/><F37/><W122/><G122/><T68/><D68/><U73/><E104/><V43/><F43/><W7/><G70/><T63/><D63/><U94/><E38/><V87/><F1/><W42/><G126/><T113/><D135/><U121/><E121/><V76/><F64/><W65/><G134/><T119/><D119/><U96/><E130/><V82/><F133/><W127/><G127/><T44/><D113/><U16/><E110/><V3/><F3/><W111/><G79/><T81/><D10/><U86/><E75/><V36/><F36/><W9/><G9/><T39/><D39/><U89/><E73/><V49/><F129/><W30/><G42/><T17/><D17/><U93/><E93/><V62/><F62/><W71/><G71/><T109/><D109/><N who="3" m="42057" /><G65/><T128/><D128/><U67/><E67/><V14/><F107/><W52/><G88/><T80/><D91/><U117/><E117/><V35/><F124/><W54/><G103/><T101/><D101/><U2/><E2/><V0/><F0/><W41/><G41/><T90/><D90/><U34/><E66/><V51/><F74/><W115/><G106/><T8/><D11/><U131/><E131/><V28/><F72/><W98/><G98/><T4/><D4/><U92/><E92/><V77/><F95/><W83/><G115/><T18/><D18/><N who="1" m="12343" /><E34/><AGARI ba="0,0" hai="8,12,19,25,27,29,31,33,34,44,46,47,80,81" machi="34" ten="40,1300,0" yaku="9,1" doraHai="45" who="0" fromWho="1" sc="334,13,226,-13,194,0,246,0" /><INIT seed="4,0,0,0,2,29" ten="347,213,194,246" oya="0" hai0="15,113,20,37,35,40,129,14,58,96,57,120,2" hai1="53,125,110,31,60,42,80,6,123,12,132,85,71" hai2="87,19,28,127,51,89,18,130,64,82,67,68,86" hai3="62,0,122,10,55,7,39,8,70,98,48,134,119"/><T116/><D2/><U43/><E123/><V112/><F112/><W52/><G119/><T111/><D116/><U26/><E132/><V56/><F130/><W24/><G39/><T22/><D111/><U75/><E75/><V108/><F108/><W99/><G134/><T46/><D35/><U9/><E110/><V104/><F104/><W97/><G122/><T1/><D1/><U92/><E125/><V76/><F28/><W61/><G70/><T135/><D135/><U133/><E133/><V54/><F127/><W72/><G72/><T84/><D113/><U50/><E92/><V59/><F68/><W100/><G100/><T38/><D38/><U16/><E6/><V25/><F59/><W94/><G10/><T47/><D47/><N who="1" m="27871" /><E60/><V11/><F25/><W44/><G94/><T77/><D120/><U117/><E71/><V114/><F114/><W4/><G4/><T88/><D129/><U115/><E115/><V69/><F69/><W91/><G91/><T95/><D15/><U36/><E36/><V106/><F106/><W118/><G118/><T126/><D14/><U83/><E117/><V79/><F79/><W124/><G124/><T66/><D126/><U49/><E49/><V3/><F3/><W78/><G78/><T27/><D77/><N who="1" m="46223" /><E83/><N who="2" m="49407" /><F11/><W74/><G74/><T109/><D109/><U34/><E9/><V65/><AGARI ba="0,0" hai="18,19,51,54,56,64,65,67,76,82,86" m="49407" machi="65" ten="30,1100,0" yaku="8,1" doraHai="29" who="2" fromWho="2" sc="347,-5,213,-3,194,11,246,-3" /><INIT seed="5,0,0,4,2,11" ten="342,210,205,243" oya="1" hai0="35,1,24,122,3,106,59,128,22,13,65,102,129" hai1="71,56,92,20,18,45,108,16,83,104,118,47,120" hai2="116,27,134,97,46,69,42,103,101,64,119,32,75" hai3="110,63,17,90,124,14,2,8,114,127,109,74,76"/><U15/><E118/><V121/><F101/><W93/><G114/><T130/><D122/><U131/><E120/><V133/><F121/><W117/><G117/><N who="2" m="45129" /><F75/><W53/><G2/><T26/><D35/><U25/><E104/><N who="2" m="63599" /><F46/><N who="1" m="17417" /><E71/><V105/><F42/><W126/><G76/><T52/><D65/><U28/><E131/><V94/><F94/><W95/><G74/><T66/><D66/><U112/><E112/><V91/><F91/><W49/><G63/><N who="0" m="36327" /><D102/><U60/><E108/><N who="3" m="41578" /><G90/><T43/><D43/><U96/><E83/><V33/><F105/><W7/><G7/><T6/><D106/><U9/><E92/><V87/><F87/><W38/><G38/><T37/><D37/><U12/><E96/><V41/><F41/><W40/><G40/><T81/><D81/><U80/><E80/><V30/><F32/><W21/><G21/><T0/><D22/><N who="1" m="15415" /><E56/><AGARI ba="0,0" hai="8,14,17,49,53,56,93,95,124,126,127" m="41578" machi="56" ten="40,2600,0" yaku="18,1,52,1" doraHai="11" who="3" fromWho="1" sc="342,0,210,-26,205,0,243,26" /><INIT seed="6,0,0,5,1,8" ten="342,184,205,269" oya="2" hai0="55,15,46,52,16,33,71,86,134,4,63,76,29" hai1="26,1,2,132,119,23,103,40,21,105,111,121,31" hai2="66,116,75,72,118,115,18,59,128,20,87,69,38" hai3="117,43,68,82,62,92,100,67,7,41,90,22,10"/><V88/><F38/><W120/><G117/><T24/><D134/><U130/><E119/><V97/><F69/><W101/><G120/><T60/><D4/><U58/><E40/><V135/><F72/><W50/><G82/><N who="0" m="47431" /><D33/><N who="1" m="20727" /><E58/><V25/><F75/><W45/><G22/><N who="1" m="8202" /><E103/><V112/><F135/><W17/><G17/><T32/><D46/><U113/><E105/><V93/><F128/><W129/><G43/><T78/><D78/><U125/><E132/><V91/><F66/><W104/><G129/><T5/><D63/><U94/><E94/><N who="2" m="56519" /><F59/><W84/><G104/><T13/><D60/><U77/><E77/><V89/><F89/><W74/><G74/><T35/><D71/><U30/><E130/><V37/><F37/><W27/><G27/><T109/><D24/><U126/><E30/><V110/><F110/><W122/><G122/><T34/><D109/><U44/><E44/><V65/><F65/><W106/><G106/><T83/><D29/><U123/><E111/><V61/><F61/><W56/><G68/><T3/><D35/><U108/><E108/><V53/><F53/><W95/><G95/><T114/><D34/><U54/><E54/><V99/><F99/><W79/><G79/><T48/><D32/><U57/><E57/><V42/><F42/><W0/><AGARI ba="0,0" hai="0,7,10,41,45,50,56,62,67,84,90,92,100,101" machi="0" ten="20,1500,0" yaku="0,1,7,1" doraHai="8" who="3" fromWho="3" sc="342,-4,184,-4,205,-7,269,15" /><INIT seed="7,0,0,1,5,17" ten="338,180,198,284" oya="3" hai0="59,9,34,116,15,32,118,31,71,113,91,42,63" hai1="67,97,107,13,109,7,0,122,84,36,112,75,85" hai2="41,69,70,35,108,111,58,126,22,133,131,39,56" hai3="62,80,74,120,6,4,106,87,29,16,90,135,45"/><W57/><G120/><T105/><D71/><N who="2" m="27146" /><F35/><W128/><G106/><T1/><D113/><U130/><E109/><N who="2" m="42059" /><F22/><W132/><G128/><T23/><D42/><U37/><E122/><V121/><F121/><W134/><G29/><T49/><D49/><U18/><E75/><V5/><F5/><W104/><G104/><T8/><D105/><U93/><E130/><V14/><F14/><W50/><G74/><T38/><D91/><U51/><E112/><V10/><F10/><W44/><G16/><N who="0" m="10655" /><D9/><U54/><E0/><V99/><F99/><W96/><G96/><T66/><D34/><U25/><E7/><N who="3" m="2602" /><G50/><T124/><D124/><U65/><E107/><V60/><F126/><W98/><G98/><T43/><D31/><U52/><E25/><V27/><F27/><W21/><G21/><T83/><D32/><U28/><E28/><V78/><F39/><W47/><G47/><T61/><D116/><U92/><E97/><V46/><F46/><W94/><G94/><T26/><D63/><U19/><E13/><V119/><F60/><W117/><G117/><T100/><D38/><U64/><E64/><AGARI ba="0,0" hai="44,45,57,62,64,80,87,90,132,134,135" m="2602" machi="64" ten="30,1500,0" yaku="20,1" doraHai="17" who="3" fromWho="1" sc="338,0,180,-15,198,0,284,15" /><INIT seed="7,1,0,5,1,47" ten="338,165,198,299" oya="3" hai0="62,93,29,24,82,94,7,33,130,133,17,38,78" hai1="126,69,25,109,129,132,134,28,0,113,15,27,45" hai2="8,77,74,42,70,76,72,19,16,43,4,2,59" hai3="100,32,104,117,105,86,14,111,124,95,127,84,123"/><W71/><G71/><T107/><D107/><N who="3" m="41033" /><G32/><T54/><D38/><U48/><E69/><V65/><F70/><W110/><G14/><T131/><D7/><U99/><E109/><N who="3" m="41482" /><G117/><T85/><D133/><N who="1" m="51307" /><E0/><V41/><F74/><W91/><G123/><T87/><D17/><U31/><E126/><N who="3" m="48170" /><G100/><T21/><D33/><U12/><E99/><AGARI ba="1,0" hai="84,86,91,95,99" m="48170,41482,41033" machi="99" ten="40,12000,1" yaku="10,1,18,1,34,2" doraHai="47" who="3" fromWho="1" sc="338,0,165,-123,198,0,299,123" owari="338,14.0,42,-46.0,198,-20.0,422,52.0" /></mjloggm>