<mjloggm ver="2.3"><GO type="169"/><UN n0="%E5%94%AF%E4%B8%98%E6%A9%98%E8%91%89" n1="%EF%BC%88%E2%89%A7%E2%96%BD%E2%89%A6%EF%BC%89" n2="%E6%B5%81%E5%A4%AA" n3="%E3%82%82%E3%81%A3%E3%81%97%E3%83%BC" dan="16,18,16,17" rate="2077,2173,2089,2107" sx="F,M,M,M"/><TAIKYOKU oya="0"/><INIT seed="0,0,0,3,2,25" ten="250,250,250,250" oya="0" hai0="117,21,56,59,50,91,130,16,12,57,112,69,10" hai1="9,40,133,135,90,49,71,114,104,41,14,81,68" hai2="34,126,87,20,7,36,84,106,124,29,24,128,79" hai3="2,66,17,118,98,100,3,39,94,108,78,22,5"/><T6/><D69/><U119/><E104/><V23/><F106/><W99/><G118/><T82/><D117/><U103/><E103/><V96/><F36/><W61/><G39/><T121/><D121/><U28/><E114/><V45/><F7/><W110/><G78/><T127/><D112/><U8/><E119/><V33/><F96/><W67/><G99/><T76/><D130/><U35/><E81/><V38/><F128/><W32/><G32/><T97/><D127/><N who="2" m="48682" /><F23/><W134/><G134/><N who="1" m="51210" /><E90/><V116/><F116/><W15/><G67/><T129/><D129/><U123/><E123/><V30/><F79/><W47/><G47/><T80/><D50/><U42/><E49/><V132/><F132/><W46/><G46/><T120/><D120/><U95/><E95/><V58/><F58/><W102/><G102/><T72/><D97/><U27/><E8/><V88/><F84/><W122/><G122/><T83/><REACH who="0" step="1"/><D91/><REACH who="0" ten="240,250,250,250" step="2"/><U19/><AGARI ba="0,1" hai="9,14,19,27,28,35,40,41,42,68,71" m="51210" machi="19" ten="30,2000,0" yaku="20,1,52,1" doraHai="25" who="1" fromWho="1" sc="240,-10,250,30,250,-5,250,-5" /><INIT seed="1,0,0,2,5,106" ten="230,280,245,245" oya="1" hai0="118,62,131,79,55,24,133,22,53,67,77,78,51" hai1="111,135,58,13,11,87,117,105,28,6,14,57,113" hai2="31,49,70,80,108,75,73,45,83,56,114,59,37" hai3="3,30,134,74,38,120,123,102,54,33,122,41,68"/><U10/><E117/><V125/><F70/><W12/><G3/><T50/><D118/><U110/><E105/><V127/><F37/><W115/><G115/><T103/><D133/><U39/><E113/><V100/><F114/><W19/><G68/><T76/><D131/><U72/><E135/><V48/><F31/><W47/><G134/><T15/><D103/><U5/><E39/><V9/><F100/><W32/><G102/><T109/><D109/><N who="1" m="41483" /><E28/><V16/><F108/><W42/><G42/><T2/><D15/><U29/><E29/><V91/><F91/><W26/><G54/><T69/><D2/><U65/><E87/><V132/><F132/><W21/><REACH who="3" step="1"/><G74/><REACH who="3" ten="230,280,245,235" step="2"/><T124/><D55/><U40/><E40/><V63/><F75/><W27/><G27/><T36/><D53/><U129/><E129/><V95/><F73/><W90/><G90/><T35/><D69/><U7/><E72/><V119/><F119/><W61/><G61/><T82/><D62/><N who="1" m="38095" /><E58/><V44/><F59/><W4/><G4/><AGARI ba="0,1" hai="4,5,6,7,10,11,13,14" m="38095,41483" machi="4" ten="30,2900,0" yaku="14,1,10,1" doraHai="106" who="1" fromWho="3" sc="230,0,280,39,245,0,235,-29" /><INIT seed="1,1,0,1,3,69" ten="230,319,245,206" oya="1" hai0="80,104,105,26,61,22,27,49,127,6,23,77,72" hai1="60,46,113,88,18,76,47,19,118,41,1,102,130" hai2="67,64,39,55,128,90,51,103,110,98,87,134,126" hai3="31,120,117,85,28,15,92,2,99,95,34,63,25"/><U20/><E118/><V62/><F110/><W116/><G120/><T68/><D127/><U38/><E1/><V86/><F126/><W93/><G2/><T44/><D6/><U3/><E3/><V30/><F30/><W70/><G31/><T33/><D33/><U29/><E113/><V112/><F112/><W79/><G15/><T11/><D11/><U14/><E130/><V82/><F128/><W37/><G37/><T36/><D36/><U97/><E76/><V5/><F134/><W122/><G122/><T131/><D131/><U58/><E46/><V123/><F123/><W81/><G70/><T107/><D23/><U96/><E29/><V40/><F5/><W101/><REACH who="3" step="1"/><G63/><REACH who="3" ten="230,319,245,196" step="2"/><T45/><D61/><U108/><E108/><V32/><F62/><W83/><G83/><T0/><D68/><U13/><E102/><V111/><F39/><W9/><G9/><T42/><D0/><U133/><E133/><V50/><F32/><W106/><AGARI ba="1,1" hai="25,28,34,79,81,85,92,93,95,99,101,106,116,117" machi="106" ten="30,2000,0" yaku="1,1,0,1,53,0" doraHai="69" doraHaiUra="132" who="3" fromWho="3" sc="230,-6,319,-11,245,-6,196,33" /><INIT seed="2,0,0,3,3,104" ten="224,308,239,229" oya="2" hai0="85,66,47,42,133,96,103,36,78,50,38,109,67" hai1="55,92,23,120,119,15,118,125,45,86,61,62,48" hai2="105,100,20,56,102,89,53,24,13,130,5,81,72" hai3="2,39,129,98,95,83,58,51,27,114,99,37,30"/><V21/><F130/><W12/><G2/><T93/><D109/><U73/><E73/><V68/><F68/><W26/><G129/><T14/><D133/><U131/><E131/><V29/><F105/><W32/><G114/><T121/><D121/><U22/><E120/><V135/><F135/><W101/><G27/><T80/><D38/><U19/><E125/><V117/><F117/><W111/><G111/><T88/><D36/><U49/><E119/><V8/><F20/><W82/><G12/><T34/><D34/><U112/><E112/><V90/><F72/><W123/><G123/><T124/><D124/><U70/><E70/><V16/><F29/><W71/><G71/><T28/><D28/><U84/><E118/><V76/><F76/><W97/><G39/><T91/><D91/><N who="2" m="34826" /><F81/><W77/><G82/><T94/><REACH who="0" step="1"/><D14/><REACH who="0" ten="214,308,239,229" step="2"/><U46/><E15/><V7/><F5/><W113/><G37/><T43/><D43/><U64/><E19/><V11/><F8/><W132/><G132/><T35/><D35/><U44/><E22/><V107/><F107/><W3/><G113/><T122/><D122/><U69/><E23/><V52/><F53/><W79/><G30/><T63/><D63/><AGARI ba="0,1" hai="7,11,13,16,21,24,52,56,63,100,102" m="34826" machi="63" ten="30,5800,0" yaku="8,1,54,2" doraHai="104" who="2" fromWho="0" sc="214,-58,308,0,239,68,229,0" /><INIT seed="2,1,0,2,0,23" ten="156,308,307,229" oya="2" hai0="68,39,53,32,133,57,119,46,36,37,12,126,124" hai1="15,41,95,5,123,56,102,13,100,118,47,61,50" hai2="114,129,117,134,91,93,22,111,62,76,26,109,99" hai3="82,65,40,44,135,16,55,64,103,10,115,79,66"/><V72/><F117/><W63/><G135/><T71/><D32/><U34/><E34/><V33/><F33/><W54/><G115/><T38/><D12/><U116/><E123/><V121/><F114/><W6/><G103/><N who="1" m="39466" /><E118/><V42/><F121/><W97/><G97/><T35/><D35/><U67/><E116/><V105/><F105/><W101/><G101/><T0/><D0/><U25/><E95/><V74/><F42/><W45/><G63/><N who="0" m="36271" /><D119/><U128/><E128/><V48/><F134/><W43/><G43/><N who="0" m="22887" /><D133/><U28/><E5/><V84/><F129/><W29/><G29/><T59/><D59/><U120/><E120/><V75/><F76/><W69/><G6/><T80/><D80/><U73/><E73/><V86/><F86/><W94/><G94/><T87/><D87/><U1/><E1/><V83/><F83/><W113/><G113/><T9/><D9/><U89/><E13/><V85/><F85/><W90/><G82/><T81/><D81/><U110/><E15/><V18/><F84/><W106/><G79/><T4/><D4/><U21/><E89/><V52/><F48/><W127/><G90/><T11/><D11/><U104/><E104/><V17/><F18/><W2/><G16/><T49/><D49/><U8/><E8/><V58/><AGARI ba="1,0" hai="17,22,26,52,58,62,72,74,75,91,93,99,109,111" machi="58" ten="40,12000,1" yaku="0,1,25,2,52,1,54,1" doraHai="23" who="2" fromWho="2" sc="156,-41,308,-41,307,123,229,-41" /><INIT seed="2,2,0,5,3,119" ten="115,267,430,188" oya="2" hai0="122,108,31,64,53,97,47,42,85,10,1,8,67" hai1="36,112,26,80,46,59,73,93,101,70,117,124,118" hai2="66,98,75,63,95,27,65,77,86,123,28,29,113" hai3="114,20,92,104,5,34,30,22,14,74,72,3,19"/><V18/><F113/><W115/><G104/><T110/><D31/><U128/><E70/><V62/><F75/><W96/><G74/><T41/><D53/><U78/><E112/><N who="3" m="43050" /><G72/><T88/><D97/><U87/><E128/><V43/><F43/><N who="0" m="16394" /><D47/><U133/><E46/><V56/><F77/><W40/><G40/><T109/><D122/><U99/><E36/><V45/><F123/><W35/><G96/><T126/><D126/><U135/><E59/><V61/><F86/><W94/><G94/><N who="0" m="54543" /><D1/><U6/><E124/><V0/><F0/><W37/><G37/><T116/><D116/><U132/><E6/><V125/><F45/><W69/><G92/><T50/><D50/><U120/><E120/><V39/><F39/><W129/><G129/><T54/><D54/><U48/><E48/><V21/><F125/><W82/><G82/><T106/><D106/><N who="1" m="63807" /><E26/><V90/><REACH who="2" step="1"/><F63/><REACH who="2" ten="115,267,420,188" step="2"/><W81/><G3/><T100/><D110/><U107/><E118/><V84/><F84/><W58/><G81/><T16/><D109/><U25/><E117/><V131/><F131/><W33/><G33/><T57/><D108/><U15/><E73/><V111/><F111/><W130/><G35/><T134/><D134/><U11/><E135/><V60/><F60/><W103/><G34/><T44/><D44/><U13/><E133/><V7/><F7/><W12/><G5/><T51/><D51/><U89/><E132/><V4/><F4/><W71/><G130/><T23/><D100/><U91/><E80/><V121/><F121/><W24/><G103/><T17/><D57/><AGARI ba="2,1" hai="18,21,27,28,29,56,57,61,62,65,66,90,95,98" machi="57" ten="30,11600,0" yaku="1,1,7,1,9,1,8,1,53,0" doraHai="119" doraHaiUra="9" who="2" fromWho="0" sc="115,-122,267,0,420,132,188,0" owari="-7,-51.0,267,7.0,552,65.0,188,-21.0" /></mjloggm>