<mjloggm ver="2.3"><GO type="169" lobby="0"/><UN n0="%E6%B0%97%E6%A5%BD%E3%81%AB%E6%89%93%E3%81%A4" n1="%EF%BC%88%E2%89%A7%E2%96%BD%E2%89%A6%EF%BC%89" n2="%E7%99%BD%E4%BA%95%E9%BB%92%E5%AD%90" n3="%E3%83%99%E3%82%BF%E3%82%AA%E3%83%AA%E3%82%B9%E3%82%AF" dan="17,17,17,16" rate="2180,2123,2134,2067" sx="M,M,F,M"/><TAIKYOKU oya="0"/><INIT seed="0,0,0,5,5,30" ten="250,250,250,250" oya="0" hai0="44,10,13,72,57,42,118,36,135,7,119,62,105" hai1="76,117,26,9,102,134,27,60,79,59,113,20,16" hai2="5,17,123,69,91,61,54,48,64,56,38,98,47" hai3="43,51,0,3,106,8,34,25,97,28,23,128,95"/><T1/><D135/><U19/><E117/><V82/><F123/><W80/><G106/><T22/><D105/><U84/><E134/><V131/><F131/><W33/><G128/><T89/><D72/><U115/><E102/><V63/><F5/><W74/><G3/><T99/><D99/><U81/><E76/><V132/><F132/><W52/><G43/><T53/><REACH who="0" step="1"/><D89/><REACH who="0" ten="240,250,250,250" step="2"/><U73/><E73/><V107/><F107/><W133/><G97/><T121/><D121/><U90/><E90/><V129/><F129/><W77/><G133/><T46/><D46/><U112/><E112/><V93/><F82/><W71/><G95/><T122/><D122/><U75/><E75/><V70/><F47/><W66/><G80/><T37/><D37/><U120/><E120/><V24/><F38/><W111/><G77/><T45/><D45/><U127/><E115/><V49/><F98/><W125/><G74/><T14/><D14/><N who="1" m="7247" /><E113/><V40/><F91/><W109/><G109/><T124/><D124/><U39/><E39/><V50/><F93/><W92/><G111/><T78/><D78/><U100/><E127/><V108/><F108/><W86/><G125/><T88/><D88/><U11/><E100/><V103/><F103/><W130/><G130/><T67/><D67/><N who="1" m="39327" /><E27/><V85/><F85/><W15/><G25/><T94/><D94/><U87/><E87/><V29/><F24/><W18/><G92/><T104/><D104/><U32/><E32/><V21/><F69/><W83/><G71/><T31/><D31/><U6/><E6/><V116/><F29/><W41/><G28/><RYUUKYOKU ba="0,1" sc="240,15,250,15,250,-15,250,-15" hai0="1,7,10,13,22,36,42,44,53,57,62,118,119" hai1="11,19,20,26,79,81,84" /><INIT seed="0,1,1,4,5,48" ten="255,265,235,235" oya="0" hai0="86,70,23,34,29,64,69,122,71,89,40,104,49" hai1="129,28,0,22,88,10,24,59,93,126,123,46,35" hai2="51,96,75,116,73,105,120,25,56,134,95,77,38" hai3="50,15,53,65,2,113,66,43,108,83,37,26,72"/><T54/><D122/><U115/><E123/><V14/><F120/><W7/><G113/><T91/><D34/><U78/><E126/><V111/><F38/><W128/><G108/><T19/><D104/><U9/><E129/><V121/><F111/><W117/><G117/><T18/><D40/><U90/><E115/><V60/><F105/><W61/><G128/><T55/><D64/><U132/><E132/><V62/><F134/><W82/><G2/><T12/><D29/><U11/><E0/><V39/><F116/><W16/><G37/><T42/><D42/><U80/><E46/><V57/><F39/><W99/><G72/><T81/><D49/><U94/><E35/><V41/><F121/><W109/><G109/><T79/><REACH who="0" step="1"/><D19/><REACH who="0" ten="245,265,235,235" step="2"/><U135/><E135/><V87/><F51/><W100/><G16/><T98/><D98/><U112/><E112/><V21/><F41/><W31/><G50/><T97/><D97/><U45/><E45/><V27/><F96/><W114/><G99/><T84/><D84/><N who="1" m="48151" /><E59/><V103/><F75/><W92/><G114/><T4/><D4/><U74/><E74/><V3/><F73/><W36/><G7/><T68/><N who="0" m="17920" /><DORA hai="8" /><T44/><D44/><U76/><E76/><V133/><F56/><W30/><G36/><T85/><D85/><U119/><E119/><V110/><F87/><W106/><G106/><T5/><D5/><U127/><E127/><V20/><F77/><W58/><G43/><T101/><D101/><U67/><E67/><V13/><F57/><W1/><G58/><T17/><D17/><U124/><E124/><RYUUKYOKU ba="1,2" sc="245,15,265,15,235,-15,235,-15" hai0="12,18,23,54,55,79,81,86,89,91" hai1="9,10,11,22,24,28,88,90,93,94" /><INIT seed="0,2,2,3,5,47" ten="260,280,220,220" oya="0" hai0="63,23,39,115,52,106,55,97,34,89,46,86,126" hai1="19,93,14,121,82,98,100,40,11,38,3,70,133" hai2="50,65,22,61,109,110,41,78,87,45,7,128,68" hai3="80,99,73,30,90,130,66,57,105,18,6,12,32"/><T10/><D115/><U74/><E121/><V127/><F7/><W132/><G132/><T48/><D34/><U88/><E70/><V69/><F128/><W53/><G130/><T26/><D126/><U125/><E125/><V4/><F127/><W108/><G108/><N who="2" m="41577" /><F4/><W36/><G36/><T1/><D39/><U42/><E133/><V5/><F5/><W112/><G112/><T67/><D1/><U76/><E3/><V9/><F9/><W79/><G6/><T102/><D10/><U21/><E38/><V2/><F2/><W120/><G66/><T118/><D118/><U111/><E111/><V103/><F103/><W43/><G43/><T71/><D55/><U54/><E11/><V58/><F22/><W64/><G64/><T44/><D46/><U96/><REACH who="1" step="1"/><E54/><REACH who="1" ten="260,270,220,220" step="2"/><V62/><F69/><W116/><G120/><T51/><D52/><U20/><E20/><V60/><F68/><W13/><G53/><T124/><D124/><U119/><E119/><V129/><F129/><W134/><G116/><T131/><D131/><U72/><E72/><V8/><F8/><W122/><G73/><T75/><D75/><U135/><E135/><V16/><F16/><W56/><G18/><T117/><D117/><U92/><AGARI ba="2,3" hai="14,19,21,40,42,74,76,82,88,92,93,96,98,100" machi="92" ten="20,5200,0" yaku="1,1,0,1,7,1,54,1,53,0" doraHai="47" doraHaiUra="113" who="1" fromWho="1" sc="260,-28,270,88,220,-15,220,-15" /><INIT seed="1,0,0,3,0,108" ten="232,358,205,205" oya="1" hai0="33,53,38,5,9,64,23,130,127,14,90,84,87" hai1="85,133,34,35,105,76,37,107,2,26,69,134,104" hai2="111,43,56,57,75,102,62,109,50,82,92,126,41" hai3="125,70,48,116,7,29,77,25,45,101,17,66,60"/><U120/><E120/><V68/><F126/><W39/><G125/><T46/><D127/><U93/><E37/><V112/><F112/><W22/><G39/><T81/><D33/><U27/><E2/><V3/><F3/><W110/><G110/><N who="2" m="41993" /><F68/><W1/><G116/><T122/><D122/><U16/><E69/><V11/><F11/><W28/><G101/><T118/><D118/><U128/><E128/><V97/><F50/><W19/><G77/><T40/><D130/><U30/><E93/><V52/><F57/><W123/><G123/><T73/><D64/><U55/><E55/><V98/><F98/><W44/><G28/><T129/><D129/><U113/><E113/><V12/><F12/><W61/><G61/><T63/><D63/><U99/><E99/><V132/><F132/><W20/><G29/><T72/><D53/><U24/><E35/><V117/><F117/><W119/><G119/><T59/><D59/><U67/><E134/><V8/><F8/><W131/><G131/><T83/><REACH who="0" step="1"/><D23/><REACH who="0" ten="222,358,205,205" step="2"/><N who="1" m="13415" /><E34/><V100/><F100/><W36/><G70/><T47/><D47/><U32/><E133/><V15/><F43/><W58/><G58/><T0/><D0/><U78/><E67/><V135/><F41/><W6/><G66/><T71/><D71/><U80/><E32/><V114/><F135/><W54/><G54/><T4/><D4/><U49/><E30/><V106/><F114/><W10/><G60/><T121/><D121/><U103/><E107/><V124/><F106/><W96/><G1/><T86/><D86/><U88/><E105/><V74/><F124/><RYUUKYOKU ba="0,1" sc="222,30,358,-10,205,-10,205,-10" hai0="5,9,14,38,40,46,72,73,81,83,84,87,90" /><INIT seed="2,1,1,2,5,99" ten="252,348,195,195" oya="2" hai0="78,57,6,35,111,135,64,125,103,129,33,105,102" hai1="86,12,97,5,43,58,23,62,49,93,56,87,127" hai2="95,112,18,89,117,131,79,115,34,1,121,73,25" hai3="48,92,118,72,74,110,61,37,21,40,83,126,28"/><V128/><F1/><W24/><G118/><T44/><D111/><U54/><E127/><V22/><F117/><W11/><G37/><T16/><D125/><U42/><E5/><V109/><F121/><W96/><G126/><T45/><D6/><U81/><E12/><V104/><F104/><W66/><G110/><T52/><D135/><U130/><E23/><V108/><F34/><W124/><G124/><T84/><D129/><N who="2" m="49738" /><F108/><W88/><G11/><T77/><D105/><U59/><E130/><V47/><F109/><W63/><G83/><T106/><D106/><U17/><E17/><V65/><F65/><W15/><G15/><T120/><D120/><U46/><E42/><V133/><F47/><W4/><G4/><T2/><D2/><U69/><E69/><V53/><F53/><W39/><G39/><T7/><D7/><U9/><E9/><V51/><F51/><W36/><G36/><T20/><D64/><U3/><E3/><V123/><F133/><W82/><G82/><N who="0" m="47183" /><D78/><N who="1" m="46391" /><E87/><N who="2" m="52671" /><F123/><W31/><G72/><T100/><D33/><U101/><AGARI ba="1,1" hai="43,46,49,54,56,58,59,62,93,97,101" m="46391" machi="101" ten="30,2000,0" yaku="8,1,52,1" doraHai="99" who="1" fromWho="1" sc="252,-6,348,33,195,-11,195,-6" /><INIT seed="3,0,0,4,0,28" ten="246,381,184,189" oya="3" hai0="102,70,118,95,98,105,133,20,97,126,66,110,80" hai1="52,30,132,18,124,113,67,22,91,135,108,29,107" hai2="69,54,26,59,123,12,11,24,45,9,42,37,85" hai3="49,99,1,130,79,63,53,51,101,16,14,43,48"/><W121/><G121/><T13/><D118/><U7/><E107/><V94/><F123/><W89/><G1/><T75/><D110/><U68/><E108/><V127/><F69/><W55/><G130/><T39/><D39/><U65/><E113/><V17/><F127/><W23/><G79/><T103/><D126/><U5/><E124/><V44/><F44/><W8/><G43/><T61/><D133/><N who="1" m="51275" /><E68/><V125/><F125/><W57/><G89/><T104/><D95/><U117/><E117/><V15/><F85/><W34/><G34/><T78/><D20/><U87/><E29/><V83/><F94/><N who="3" m="58615" /><G23/><T100/><D102/><U73/><E73/><V27/><F83/><W112/><G112/><T106/><D104/><U2/><E2/><V10/><REACH who="2" step="1"/><F15/><AGARI ba="0,0" hai="13,15,61,66,70,75,78,80,97,98,100,103,105,106" machi="15" ten="40,1300,0" yaku="9,1" doraHai="28" who="0" fromWho="2" sc="246,13,381,0,184,-13,189,0" /><INIT seed="4,0,0,3,2,49" ten="259,381,171,189" oya="0" hai0="24,97,37,120,119,134,63,126,117,61,135,67,99" hai1="0,44,10,62,19,112,103,57,77,92,33,113,5" hai2="127,64,131,107,89,90,69,116,2,129,59,34,23" hai3="130,100,56,15,40,79,58,73,85,115,55,66,118"/><T114/><D120/><U26/><E77/><V16/><F2/><W84/><G118/><N who="0" m="45067" /><D37/><U51/><E103/><V13/><F116/><W80/><G115/><N who="1" m="44106" /><E92/><V54/><F107/><W53/><G130/><N who="2" m="49673" /><F34/><W68/><G40/><T36/><D114/><U25/><E19/><V17/><F127/><W45/><G45/><T6/><D36/><U109/><E33/><V38/><F38/><W93/><G68/><T81/><D126/><U52/><E109/><V20/><F64/><AGARI ba="0,0" hai="0,5,10,25,26,44,51,52,57,62,64" m="44106" machi="64" ten="30,7700,0" yaku="15,1,11,1,52,1,54,1" doraHai="49" who="1" fromWho="2" sc="259,0,381,77,171,-77,189,0" /><INIT seed="5,0,0,1,1,31" ten="259,458,94,189" oya="1" hai0="134,34,3,96,56,122,81,86,95,14,15,88,60" hai1="50,63,119,7,102,48,80,69,117,100,17,40,38" hai2="87,110,92,10,121,16,82,105,53,45,33,71,24" hai3="123,107,68,78,19,90,42,9,64,41,74,126,109"/><U1/><E38/><V85/><F105/><W112/><G109/><T46/><D134/><U83/><E40/><V133/><F110/><W108/><G123/><T99/><D122/><U89/><E63/><V84/><F133/><W43/><G108/><T20/><D3/><U77/><E89/><V8/><F121/><W65/><G107/><T61/><D34/><U70/><E17/><V28/><F71/><W97/><G112/><T94/><D46/><U13/><E13/><V21/><F92/><W98/><G126/><T58/><D20/><U128/><E7/><V57/><F45/><W55/><G55/><T72/><D72/><U4/><E4/><V51/><REACH who="2" step="1"/><F82/><REACH who="2" ten="259,458,84,189" step="2"/><W120/><G68/><T132/><D132/><U79/><E80/><V12/><AGARI ba="0,1" hai="8,10,12,16,21,24,28,33,51,53,57,84,85,87" machi="12" ten="30,8000,1" yaku="1,1,2,1,0,1,52,1,54,1,53,0" doraHai="31" doraHaiUra="129" who="2" fromWho="2" sc="259,-20,458,-40,84,90,189,-20" /><INIT seed="6,0,0,4,5,47" ten="239,418,174,169" oya="2" hai0="111,135,33,90,55,27,81,49,10,134,70,8,87" hai1="50,105,53,34,64,31,100,17,23,52,19,41,108" hai2="73,13,99,132,124,79,62,86,30,85,106,18,128" hai3="93,60,94,129,16,59,35,131,56,121,58,78,9"/><V22/><F124/><W76/><G121/><T5/><D70/><U36/><E108/><V0/><F0/><W48/><G35/><T115/><D111/><U101/><E36/><V98/><F132/><N who="0" m="50730" /><D115/><U68/><E34/><V26/><F128/><N who="3" m="49227" /><G60/><T116/><D116/><U61/><E105/><V122/><F122/><W82/><G48/><T133/><N who="0" m="50738" /><T39/><DORA hai="103" /><D39/><U25/><E41/><V43/><F43/><W6/><G16/><T29/><D5/><U66/><E17/><V20/><F62/><W7/><G7/><T65/><D65/><N who="1" m="25195" /><E19/><V32/><F32/><W1/><G78/><T109/><D109/><U72/><E72/><AGARI ba="0,0" hai="1,6,9,56,58,59,72,76,82,93,94" m="49227" machi="72" ten="30,1000,0" yaku="19,1" doraHai="47,103" who="3" fromWho="1" sc="239,0,418,-10,174,0,169,10" /><INIT seed="7,0,0,3,3,78" ten="239,408,174,179" oya="3" hai0="64,101,111,121,81,18,87,42,5,113,77,112,133" hai1="76,68,25,12,104,4,6,40,27,92,11,95,114" hai2="24,20,96,89,10,66,130,19,46,108,33,122,61" hai3="35,83,74,48,115,9,79,14,36,120,72,58,118"/><W0/><G36/><T82/><D5/><U105/><E68/><V22/><F108/><W119/><G120/><T38/><D111/><U70/><E70/><V132/><F33/><W13/><G35/><T7/><D121/><U49/><E114/><N who="0" m="44137" /><D133/><U23/><E76/><V45/><F132/><W100/><G115/><T106/><D7/><U90/><E95/><N who="2" m="56431" /><F130/><W86/><G0/><T50/><D38/><U94/><E12/><N who="2" m="7575" /><F122/><W110/><G110/><T107/><D64/><U30/><E49/><V128/><F128/><W55/><G100/><T124/><D101/><U59/><E59/><N who="2" m="37183" /><F20/><W44/><G58/><T37/><D37/><U63/><E27/><V53/><F53/><W117/><REACH who="3" step="1"/><G14/><REACH who="3" ten="239,408,174,169" step="2"/><T91/><D124/><U98/><E25/><V71/><F71/><W26/><G26/><T47/><D18/><AGARI ba="0,1" hai="18,22,24,45,46" m="37183,7575,56431" machi="18" ten="30,1000,0" yaku="8,1" doraHai="78" who="2" fromWho="0" sc="239,-10,408,0,174,20,169,0" /><AGARI ba="0,0" hai="9,13,18,44,48,55,72,74,79,83,86,117,118,119" machi="18" ten="40,3900,0" yaku="1,1,52,1,53,0" doraHai="78" doraHaiUra="126" who="3" fromWho="0" sc="229,-39,408,0,194,0,169,39" /><INIT seed="7,1,0,5,0,6" ten="190,408,194,208" oya="3" hai0="61,68,69,112,23,57,99,100,54,131,19,25,75" hai1="83,71,73,35,135,92,86,58,87,84,46,128,15" hai2="47,17,52,33,63,60,26,12,77,106,45,44,65" hai3="28,126,124,67,119,133,81,0,111,11,125,109,27"/><W96/><G67/><T76/><D131/><U9/><E35/><V62/><F106/><W36/><G36/><T98/><D112/><U72/><E71/><V132/><F132/><W108/><G96/><T129/><D129/><U59/><E135/><V97/><F77/><W21/><G81/><T39/><D39/><U115/><E46/><V37/><F37/><W48/><G48/><T24/><D24/><U113/><E92/><V22/><F97/><W127/><N who="3" m="31744" /><DORA hai="130" /><W107/><G107/><T118/><D118/><U122/><E122/><V102/><F102/><W82/><G82/><T43/><D43/><U20/><E20/><N who="2" m="11303" /><F33/><W123/><G133/><T56/><D99/><U30/><E59/><N who="2" m="34919" /><F65/><W101/><G101/><T42/><D42/><U38/><E30/><AGARI ba="1,0" hai="22,26,30,44,45,47,62,63" m="34919,11303" machi="30" ten="30,2000,0" yaku="8,1,54,1" doraHai="6,130" who="2" fromWho="1" sc="190,0,408,-23,194,23,208,0" owari="190,-31.0,385,48.0,217,2.0,208,-19.0" /></mjloggm>