<mjloggm ver="2.3"><GO type="41"/><UN n0="%70%65%61%63%68%63%61%74" n1="%EF%BC%88%E2%89%A7%E2%96%BD%E2%89%A6%EF%BC%89" n2="%52%79%6F%39%38%37%34" n3="%E3%82%A8%E3%82%A4%E3%83%92%E3%83%AC" dan="14,15,15,14" rate="1898,2024,2026,2008" sx="M,M,M,M"/><TAIKYOKU oya="0"/><INIT seed="0,0,0,0,4,46" ten="250,250,250,250" oya="0" hai0="77,69,99,60,61,7,124,92,33,34,106,128,76" hai1="110,89,8,50,52,86,134,42,2,29,112,65,38" hai2="87,28,126,108,91,24,58,101,11,94,35,36,12" hai3="21,78,37,20,13,130,75,47,80,16,9,104,79"/><T66/><D128/><U123/><E123/><V84/><F36/><W55/><G104/><T10/><D124/><U103/><E112/><V116/><F126/><W85/><G130/><T122/><D122/><U40/><E110/><V59/><F108/><W26/><G75/><T30/><D77/><U109/><E109/><V27/><F116/><W72/><G72/><T49/><D76/><U57/><E134/><V95/><F27/><W71/><G71/><T0/><D49/><U107/><E29/><V73/><F73/><W18/><G9/><T111/><D111/><U90/><E65/><V41/><F41/><W83/><G37/><T135/><D135/><U100/><E38/><V132/><F132/><W68/><G68/><T31/><D92/><N who="1" m="54327" /><E2/><V133/><F133/><W56/><G47/><T32/><D61/><U67/><E107/><V88/><F101/><N who="1" m="38985" /><E8/><V93/><F93/><W25/><G13/><T105/><D99/><U131/><E131/><V125/><F125/><W48/><G83/><T127/><D127/><U43/><E67/><V82/><F82/><W23/><G78/><T118/><D118/><U115/><E115/><V39/><F39/><W114/><G114/><T81/><D81/><U64/><E64/><V74/><F74/><W53/><G53/><T4/><D7/><AGARI ba="0,0" hai="7,11,12,24,28,35,58,59,84,87,88,91,94,95" machi="7" ten="30,3900,0" yaku="7,1,9,1,54,1" doraHai="46" who="2" fromWho="0" sc="250,-39,250,0,250,39,250,0" /><INIT seed="1,0,0,3,2,134" ten="211,250,289,250" oya="1" hai0="84,125,71,85,56,133,42,4,47,6,135,101,49" hai1="39,126,70,20,94,78,40,51,33,116,28,67,9" hai2="57,97,119,44,52,89,118,99,34,111,53,69,5" hai3="12,15,37,7,62,3,48,2,10,122,102,64,87"/><U1/><E116/><V18/><F69/><W65/><G37/><T132/><D71/><U107/><E20/><V106/><F5/><W98/><G122/><T72/><D72/><U121/><E51/><V103/><F34/><W22/><G65/><T26/><D101/><U41/><E41/><V95/><F111/><W27/><G87/><T74/><D74/><U105/><E94/><V19/><F44/><W16/><G3/><T91/><D26/><N who="1" m="18583" /><E78/><V123/><F123/><W25/><G25/><T82/><D85/><U58/><E58/><V110/><F110/><W79/><G79/><T68/><D68/><U36/><E121/><V113/><F113/><W29/><G29/><T83/><D82/><U129/><E129/><V38/><F38/><N who="1" m="14377" /><E40/><V43/><F43/><W90/><G48/><T31/><D31/><U114/><E114/><V76/><F119/><W21/><G21/><T117/><D117/><U92/><E92/><V88/><F118/><W75/><G90/><T63/><D125/><U59/><E59/><V86/><F76/><W96/><G75/><T45/><REACH who="0" step="1"/><D47/><REACH who="0" ten="201,250,289,250" step="2"/><U120/><E126/><V13/><F57/><W127/><G127/><T112/><D112/><U23/><E120/><V81/><REACH who="2" step="1"/><F19/><REACH who="2" ten="201,250,279,250" step="2"/><W14/><G16/><T61/><D61/><U66/><E70/><V80/><F80/><W128/><G62/><T60/><D60/><U17/><E17/><V77/><F77/><W30/><G30/><T32/><D32/><U131/><E131/><V104/><F104/><W11/><G128/><T108/><D108/><U130/><E130/><V54/><F54/><AGARI ba="0,2" hai="4,6,42,45,49,54,56,63,83,84,91,132,133,135" machi="54" ten="40,8000,1" yaku="1,1,6,1,20,1,53,1" doraHai="134" doraHaiUra="50" who="0" fromWho="2" sc="201,100,250,0,279,-80,250,0" /><INIT seed="2,0,0,0,2,135" ten="301,250,199,250" oya="2" hai0="89,102,108,112,50,101,40,123,96,114,20,57,15" hai1="71,90,33,18,1,66,53,127,128,115,51,47,60" hai2="34,2,9,4,95,30,27,32,70,91,87,125,41" hai3="0,22,80,67,97,100,94,98,62,92,61,64,7"/><V59/><F70/><W54/><G80/><T68/><D123/><U75/><E115/><V37/><F34/><W109/><G109/><T74/><D108/><U106/><E106/><V46/><F59/><W12/><G54/><T129/><D129/><U110/><E75/><V39/><REACH who="2" step="1"/><F125/><REACH who="2" ten="301,250,189,250" step="2"/><W76/><G76/><T111/><D111/><U133/><E127/><V42/><F42/><W56/><G0/><T104/><D114/><U5/><E33/><V16/><F16/><N who="3" m="10503" /><G7/><T131/><D112/><U58/><E5/><V126/><F126/><W84/><G84/><T132/><D68/><U23/><E71/><V38/><AGARI ba="0,1" hai="2,4,9,27,30,32,37,38,39,41,46,87,91,95" machi="38" ten="20,3900,0" yaku="1,1,0,1,7,1,53,0" doraHai="135" doraHaiUra="103" who="2" fromWho="2" sc="301,-13,250,-13,189,49,250,-13" /><INIT seed="2,1,0,2,5,80" ten="288,237,238,237" oya="2" hai0="74,116,41,60,40,104,118,8,75,52,27,131,98" hai1="109,100,39,33,24,90,111,119,18,61,62,35,91" hai2="79,96,48,58,1,97,19,129,4,115,105,42,93" hai3="68,77,99,69,20,124,128,76,5,56,38,87,14"/><V123/><F115/><W82/><G38/><T71/><D131/><U85/><E39/><V83/><F123/><W117/><G117/><N who="0" m="45163" /><D8/><U0/><E0/><V46/><F129/><W2/><G128/><T110/><D110/><N who="1" m="41995" /><E119/><V9/><F105/><W54/><G2/><T72/><D27/><U29/><E100/><V6/><F6/><W78/><G124/><T88/><D104/><U64/><E18/><V44/><F19/><W112/><G112/><T63/><D71/><N who="1" m="42383" /><E62/><N who="0" m="23593" /><D52/><U26/><E26/><V31/><F31/><W126/><G69/><T3/><D3/><U133/><E91/><V132/><F42/><N who="0" m="16490" /><D98/><U43/><E43/><V125/><F97/><W95/><G68/><T66/><D66/><U37/><E37/><V53/><F96/><W28/><G28/><T84/><D84/><U130/><E130/><V10/><F1/><W30/><G30/><T15/><D15/><U122/><E35/><V49/><F4/><W127/><G127/><T92/><D92/><U32/><E32/><V121/><F93/><W47/><G126/><T135/><D135/><U55/><E55/><N who="2" m="30087" /><F125/><W13/><G13/><T120/><D120/><U22/><E122/><V73/><F132/><W134/><G134/><T101/><D101/><U51/><E133/><V34/><F121/><W67/><G67/><T25/><D25/><U70/><E70/><V107/><F34/><W57/><G14/><T106/><D106/><U113/><E113/><V17/><F107/><W108/><G108/><T50/><D50/><U59/><E51/><N who="2" m="28919" /><F17/><W65/><G99/><T12/><D12/><U86/><E33/><RYUUKYOKU ba="1,0" sc="288,15,237,-15,238,15,237,-15" hai0="72,74,75,88" hai2="9,10,49,58,73,79,83" /><INIT seed="2,2,0,1,3,111" ten="303,222,253,222" oya="2" hai0="33,16,94,24,4,121,71,115,114,85,31,128,65" hai1="26,40,82,56,14,124,99,107,19,38,108,117,81" hai2="75,70,42,132,13,104,77,47,43,106,116,52,49" hai3="100,76,90,86,84,83,69,2,89,60,126,92,6"/><V7/><F116/><W97/><G2/><T78/><D121/><U134/><E117/><V51/><F70/><W8/><G6/><T125/><D128/><U29/><E108/><V123/><F123/><W39/><G39/><T66/><D125/><U41/><E124/><V54/><F132/><W61/><G8/><T87/><D4/><U88/><E134/><V55/><F75/><W34/><G34/><T113/><D71/><U17/><E38/><V30/><F30/><W25/><G25/><T53/><D53/><U18/><E14/><V5/><F77/><W9/><G9/><T59/><D59/><U28/><E56/><V102/><F102/><W68/><G126/><T22/><D94/><N who="1" m="56775" /><E107/><N who="2" m="41003" /><F13/><W130/><G130/><T27/><REACH who="0" step="1"/><D78/><REACH who="0" ten="293,222,253,222" step="2"/><U67/><E67/><AGARI ba="2,1" hai="16,22,24,27,31,33,65,66,67,85,87,113,114,115" machi="67" ten="40,16000,3" yaku="1,1,2,1,52,3,54,1,53,2" doraHai="111" doraHaiUra="23" who="0" fromWho="1" sc="293,176,222,-166,253,0,222,0" /><INIT seed="3,0,0,0,5,62" ten="469,56,253,222" oya="3" hai0="18,120,127,54,104,90,78,10,109,105,87,110,94" hai1="132,22,14,69,130,30,97,72,70,92,81,39,71" hai2="38,107,99,76,106,31,100,52,128,126,119,44,50" hai3="7,121,32,37,73,33,35,26,17,47,113,1,134"/><W74/><G121/><T67/><D120/><U58/><E130/><V5/><F119/><W63/><G113/><T53/><D127/><U77/><E132/><V43/><F128/><W28/><G134/><T123/><D123/><U8/><E39/><V29/><F126/><W111/><G17/><T13/><D78/><U103/><E58/><V83/><F107/><N who="0" m="41034" /><D67/><U20/><REACH who="1" step="1"/><E30/><REACH who="1" ten="469,46,253,222" step="2"/><V85/><F5/><AGARI ba="0,1" hai="5,8,14,20,22,69,70,71,72,77,81,92,97,103" machi="5" ten="40,5200,0" yaku="1,1,2,1,53,1" doraHai="62" doraHaiUra="0" who="1" fromWho="2" sc="469,0,46,62,253,-52,222,0" /><INIT seed="4,0,0,5,1,87" ten="469,108,201,222" oya="0" hai0="59,13,86,102,72,121,75,100,64,0,117,53,134" hai1="112,127,48,101,65,40,91,118,135,44,99,57,60" hai2="10,11,94,74,43,97,67,37,107,93,62,29,15" hai3="113,81,56,66,109,105,71,7,123,14,124,58,116"/><T120/><D117/><U23/><E118/><V24/><F74/><W73/><G105/><T125/><D125/><U83/><E135/><V119/><F119/><W3/><G3/><T9/><D0/><U5/><E127/><V47/><F107/><W49/><G71/><T28/><D28/><U96/><E112/><V76/><F76/><W19/><G109/><T31/><D31/><U122/><E122/><V8/><F94/><W69/><G69/><T38/><D38/><U6/><E23/><V110/><F110/><W51/><G7/><T18/><D64/><U89/><E83/><V45/><F45/><W98/><G98/><N who="1" m="37418" /><E101/><V25/><F15/><W79/><G113/><T35/><D35/><U36/><E36/><V2/><F2/><W85/><G73/><T92/><D75/><U103/><E103/><V16/><F16/><W115/><G115/><T131/><D134/><U106/><E106/><V132/><F132/><W12/><G123/><T34/><D34/><U39/><E39/><V17/><F17/><W63/><G124/><T90/><D131/><U95/><E95/><V30/><F30/><W1/><G1/><T52/><D72/><U42/><E40/><V77/><F77/><W32/><G116/><T33/><D33/><U20/><E20/><V68/><REACH who="2" step="1"/><F29/><REACH who="2" ten="469,108,191,222" step="2"/><W26/><G79/><T82/><D121/><U80/><E80/><V22/><F22/><N who="3" m="13663" /><G32/><T54/><D120/><U27/><E27/><V128/><F128/><W111/><G111/><T61/><D82/><U41/><E42/><V130/><F130/><W114/><G114/><T4/><D18/><RYUUKYOKU ba="0,1" sc="469,10,108,10,191,10,222,-30" hai0="4,9,13,52,53,54,59,61,86,90,92,100,102" hai1="5,6,41,44,48,57,60,65,89,91" hai2="8,10,11,24,25,37,43,47,62,67,68,93,97" /><INIT seed="4,1,1,1,0,38" ten="479,118,201,192" oya="0" hai0="93,15,71,103,84,4,39,68,16,92,33,60,56" hai1="18,21,128,80,54,81,116,107,114,73,100,8,91" hai2="3,86,115,17,130,117,121,52,14,65,77,30,64" hai3="53,118,48,119,106,11,87,131,5,120,98,23,72"/><T102/><D33/><U127/><E116/><V126/><F121/><W89/><G72/><T96/><D39/><U70/><E70/><V37/><F3/><W13/><G120/><T50/><D4/><U59/><E128/><V2/><F2/><W32/><G32/><T7/><D7/><U40/><E127/><V0/><F0/><W78/><G78/><T34/><D34/><U79/><E114/><V101/><F30/><W25/><G131/><T111/><D111/><U85/><E8/><V61/><F130/><W22/><G22/><T123/><D123/><U36/><E107/><V19/><F126/><W74/><G74/><T135/><D135/><U29/><E100/><V47/><F115/><W108/><G108/><T43/><D43/><U105/><E105/><V129/><F101/><W62/><G62/><T110/><D110/><U122/><E29/><V49/><F129/><W9/><G9/><T94/><D94/><U133/><E133/><V90/><F117/><W12/><G12/><T104/><D104/><U46/><E122/><V31/><F37/><W51/><G51/><T66/><D50/><U1/><E1/><V55/><F61/><W69/><G69/><T27/><D27/><U44/><E44/><V57/><F47/><N who="3" m="27807" /><G106/><T125/><D125/><U76/><E76/><V20/><F77/><W10/><G10/><T42/><D42/><U113/><E113/><V67/><F31/><W24/><G118/><T83/><D83/><U28/><E28/><V58/><F19/><N who="3" m="12415" /><G119/><T132/><D132/><U41/><E41/><V63/><F67/><W112/><G112/><RYUUKYOKU ba="1,1" sc="479,-10,118,-10,201,30,192,-10" hai2="14,17,20,49,52,55,57,58,63,64,65,86,90" /><INIT seed="5,2,1,3,3,110" ten="469,108,231,182" oya="1" hai0="81,109,131,35,65,101,134,2,52,64,95,9,69" hai1="84,0,79,51,61,16,39,114,40,86,76,1,107" hai2="73,20,44,104,105,17,60,89,25,32,87,48,120" hai3="122,85,49,94,83,12,91,19,127,125,54,77,59"/><U10/><E107/><V67/><F73/><W56/><G122/><T11/><D109/><U63/><E39/><V102/><F120/><W15/><G59/><T112/><D134/><U72/><E114/><V43/><F32/><W68/><G68/><T4/><D131/><U132/><E132/><V57/><REACH who="2" step="1"/><F102/><REACH who="2" ten="469,108,221,182" step="2"/><W129/><G129/><T78/><D35/><U133/><E72/><V6/><F6/><W33/><G33/><T36/><D4/><U74/><E74/><V47/><F47/><W124/><REACH who="3" step="1"/><G19/><REACH who="3" ten="469,108,221,172" step="2"/><T119/><D101/><U37/><E133/><V130/><F130/><W128/><G128/><T93/><D69/><U80/><E16/><V22/><F22/><W113/><G113/><T99/><D112/><U38/><E10/><V53/><F53/><W29/><G29/><T108/><D52/><U46/><E46/><V5/><F5/><W26/><G26/><T82/><D11/><U28/><E28/><V135/><F135/><W14/><G14/><T117/><D9/><U90/><E0/><V34/><F34/><W31/><G31/><T30/><D30/><U7/><E1/><V24/><F24/><W75/><AGARI ba="2,3" hai="12,15,49,54,56,75,77,83,85,91,94,124,125,127" machi="75" ten="30,7900,0" yaku="1,1,0,1,18,1,53,1" doraHai="110" doraHaiUra="106" who="3" fromWho="3" sc="469,-22,108,-41,221,-22,172,115" /><INIT seed="6,0,0,5,1,25" ten="447,67,199,287" oya="2" hai0="22,117,14,46,7,15,24,23,123,103,42,65,84" hai1="106,125,111,119,27,9,86,70,110,11,35,4,91" hai2="105,3,0,28,2,85,10,34,108,20,58,126,124" hai3="129,96,88,104,135,63,74,81,49,116,121,112,87"/><V17/><F105/><W18/><G121/><T113/><D123/><U5/><E106/><V13/><F85/><W61/><G116/><T120/><D120/><U68/><E119/><V50/><F108/><W40/><G74/><T101/><D117/><U122/><E122/><V62/><F50/><W94/><G104/><T52/><D113/><U64/><E64/><V98/><F98/><W132/><G112/><T107/><D65/><U57/><E125/><N who="2" m="48235" /><F62/><W31/><G31/><T12/><D7/><U69/><E57/><V47/><F58/><W102/><G129/><T67/><D67/><U39/><E39/><V92/><F92/><W134/><G18/><T130/><D130/><U78/><E78/><V66/><F47/><AGARI ba="0,0" hai="40,47,49,61,63,81,87,88,94,96,102,132,134,135" machi="47" ten="40,2600,0" yaku="20,1,54,1" doraHai="25" who="3" fromWho="2" sc="447,0,67,0,199,-26,287,26" /><INIT seed="7,0,0,2,1,71" ten="447,67,173,313" oya="3" hai0="132,3,127,94,4,29,38,47,20,92,48,86,128" hai1="17,103,37,62,104,44,97,65,39,115,54,124,113" hai2="96,9,31,78,116,30,110,75,107,119,130,84,49" hai3="74,24,135,21,46,80,131,32,125,16,15,64,106"/><W120/><G120/><T112/><D128/><U122/><E122/><V50/><F75/><W22/><G106/><T53/><D132/><U91/><E124/><V12/><F110/><W18/><G125/><T23/><D127/><U73/><E73/><V58/><F130/><W126/><G135/><T133/><D133/><U28/><E17/><V69/><F69/><W25/><G131/><T99/><D112/><U111/><E111/><V76/><F84/><W42/><G126/><T77/><D38/><U13/><E13/><V66/><F107/><W129/><G129/><T81/><D3/><U14/><E14/><V0/><F0/><W57/><G74/><T85/><D4/><U7/><E7/><V26/><F96/><W52/><G80/><T59/><D47/><U68/><E91/><V123/><F123/><W33/><G64/><T90/><D29/><U5/><E5/><V95/><F119/><W118/><G15/><T134/><D134/><U34/><E54/><V11/><F116/><W105/><G105/><T27/><D27/><U87/><E87/><V83/><F12/><W109/><G118/><T61/><D61/><U19/><E19/><V40/><F26/><W114/><G114/><N who="1" m="43530" /><E44/><V88/><F40/><W100/><G109/><T89/><AGARI ba="0,0" hai="20,23,48,53,59,77,81,85,86,89,90,92,94,99" machi="89" ten="20,2700,0" yaku="0,1,7,1,8,1" doraHai="71" who="0" fromWho="0" sc="447,27,67,-7,173,-7,313,-13" owari="474,57.0,60,-44.0,166,-23.0,300,10.0" /></mjloggm>