<mjloggm ver="2.3"><GO type="97"/><UN n0="%E3%82%A6%E3%83%AB%E3%83%88%E3%83%A9%E7%AB%8B%E7%9B%B4" n1="%E3%82%A2%E3%82%B6%E3%83%9F%E3%82%A6%E3%83%9E" n2="%E5%A4%A7%E7%8E%84%E7%A5%9E" n3="%E3%83%93%EF%BD%9E%E3%83%8E" dan="15,14,14,14" rate="1965,1950,1944,1876" sx="M,M,M,M"/><TAIKYOKU oya="0"/><INIT seed="0,0,0,0,5,87" ten="250,250,250,250" oya="0" hai0="129,1,26,5,49,133,41,13,102,68,50,30,89" hai1="32,60,38,31,84,95,65,93,125,126,8,114,124" hai2="82,66,45,80,74,69,90,20,61,43,116,14,9" hai3="75,59,117,73,3,39,109,96,85,118,105,98,110"/><T27/><D1/><U119/><E38/><V10/><F116/><W130/><G59/><T62/><D129/><U67/><E119/><V48/><F74/><W77/><G39/><T92/><D133/><U122/><E122/><V132/><F132/><W127/><G3/><T76/><D102/><U34/><E8/><V35/><F35/><W37/><G37/><T112/><D112/><U46/><E46/><V103/><F103/><W101/><G118/><T120/><D120/><U115/><E31/><V70/><F70/><W23/><G23/><T21/><D68/><U123/><E123/><V33/><F33/><N who="1" m="12905" /><E60/><V53/><F80/><N who="3" m="47247" /><G117/><T47/><D76/><U54/><E54/><V51/><F20/><W52/><G52/><T28/><D62/><U111/><E111/><N who="3" m="42506" /><G130/><T19/><D5/><U135/><E135/><V29/><F29/><N who="0" m="11370" /><D49/><U42/><E42/><V0/><F0/><W107/><G127/><T15/><D15/><U64/><E84/><AGARI ba="0,0" hai="13,19,21,26,27,41,47,50,84,89,92" m="11370" machi="84" ten="30,2900,0" yaku="8,1,52,1" doraHai="87" who="0" fromWho="1" sc="250,29,250,-29,250,0,250,0" /><INIT seed="0,1,0,1,0,63" ten="279,221,250,250" oya="0" hai0="45,50,35,54,37,38,26,81,23,52,94,28,128" hai1="53,78,46,55,42,11,18,82,62,107,102,33,5" hai2="86,13,135,72,60,75,131,7,125,8,69,20,64" hai3="58,104,101,77,114,100,21,29,112,24,80,134,98"/><T99/><D128/><U15/><E33/><V49/><F131/><W130/><G130/><T71/><D71/><U111/><E111/><V70/><F70/><W16/><G134/><T73/><D35/><U87/><E107/><V109/><F109/><W115/><G101/><T0/><D0/><U93/><E18/><V91/><F135/><W6/><G6/><T83/><D73/><U74/><E74/><V85/><F85/><W41/><G41/><T119/><D119/><U1/><E1/><V118/><F118/><W105/><G105/><T9/><D9/><U44/><E44/><V34/><F34/><W96/><G96/><T4/><D4/><U108/><E108/><V132/><F132/><W113/><G113/><T27/><D27/><U65/><E93/><V14/><F125/><W68/><G68/><T121/><D121/><U17/><E17/><V51/><F75/><W89/><G89/><T10/><D10/><U124/><E102/><V30/><F72/><W43/><G43/><T84/><D81/><U116/><E116/><V88/><F91/><W40/><G40/><T76/><D54/><U106/><E106/><V79/><F79/><W57/><G29/><T22/><REACH who="0" step="1"/><D23/><REACH who="0" ten="269,221,250,250" step="2"/><U117/><E117/><V12/><F30/><W126/><G126/><T66/><D66/><U122/><E122/><V47/><F20/><W36/><G80/><T67/><D67/><U120/><E120/><V97/><F7/><W2/><G115/><T32/><D32/><U39/><E124/><V110/><F8/><W90/><G114/><T133/><D133/><U25/><E25/><RYUUKYOKU ba="1,1" sc="269,15,221,15,250,-15,250,-15" hai0="22,26,28,37,38,45,50,52,76,83,84,94,99" hai1="5,11,15,39,42,46,53,55,62,65,78,82,87" /><INIT seed="0,2,1,0,2,44" ten="284,236,235,235" oya="0" hai0="51,75,60,11,109,84,89,85,128,10,40,50,0" hai1="35,111,102,90,125,122,97,36,116,94,132,4,118" hai2="81,78,114,62,105,129,57,32,135,48,70,96,80" hai3="53,91,8,37,95,120,121,22,49,113,82,98,107"/><T68/><D75/><U73/><E35/><V112/><F32/><W6/><G37/><T77/><D0/><U103/><E36/><V58/><F135/><W30/><G107/><T21/><D128/><U27/><E4/><V87/><F129/><W108/><G82/><N who="0" m="47183" /><D68/><U20/><E122/><N who="3" m="47210" /><G108/><T14/><D40/><U119/><E111/><V3/><F3/><N who="3" m="95" /><G113/><T64/><D109/><U17/><E73/><V133/><F133/><W131/><G131/><T104/><D104/><U115/><E132/><V33/><F33/><W39/><G39/><T34/><D34/><U16/><E115/><V72/><F70/><W1/><G1/><T99/><D99/><U100/><REACH who="1" step="1"/><E125/><REACH who="1" ten="284,226,235,235" step="2"/><V65/><F114/><W71/><G71/><T54/><D64/><U127/><E127/><V24/><F112/><W106/><G106/><T42/><D42/><U124/><E124/><V61/><F105/><W52/><G30/><AGARI ba="2,2" hai="16,17,20,27,30,90,94,97,100,102,103,116,118,119" machi="30" ten="50,3200,0" yaku="1,1,54,1,53,0" doraHai="44" doraHaiUra="45" who="1" fromWho="3" sc="284,0,226,58,235,0,235,-38" /><INIT seed="1,0,0,5,3,24" ten="284,284,235,197" oya="1" hai0="69,89,125,103,82,47,98,120,135,4,62,94,45" hai1="46,10,76,54,14,6,12,65,23,67,55,96,63" hai2="34,68,28,70,50,35,121,127,30,123,132,95,87" hai3="133,106,25,20,16,85,61,104,18,117,48,5,40"/><U100/><E76/><V116/><F116/><W84/><G133/><T49/><D135/><U53/><E46/><V11/><F132/><W113/><G113/><T122/><D125/><U0/><E65/><V77/><F127/><W1/><G1/><T2/><D2/><U128/><E128/><V38/><F38/><W105/><G5/><T86/><D4/><U15/><E23/><V9/><F50/><W52/><G40/><T37/><D37/><U17/><E17/><V110/><F95/><W13/><G61/><T129/><D129/><U7/><E7/><V92/><F92/><W93/><G117/><T60/><D47/><U81/><E81/><V21/><F21/><W101/><G93/><T97/><D97/><U31/><E31/><N who="2" m="11819" /><F87/><W124/><G101/><T119/><D119/><U42/><E42/><V3/><F77/><W112/><G112/><T36/><D36/><U51/><E51/><V33/><F3/><W75/><G75/><T88/><D103/><U79/><E79/><V66/><F66/><W126/><G126/><T90/><D90/><U43/><E43/><V56/><F56/><W72/><G72/><T8/><D8/><N who="2" m="3146" /><F110/><W131/><G124/><T109/><D109/><U27/><E27/><V115/><F115/><W130/><G130/><T26/><D26/><U111/><E111/><V73/><F73/><W41/><G131/><T108/><D108/><U22/><E22/><V134/><F134/><W29/><G85/><T32/><D94/><N who="1" m="58391" /><E0/><V99/><F99/><W44/><G105/><T80/><D98/><U107/><E107/><V114/><F114/><RYUUKYOKU ba="0,0" sc="284,-15,284,15,235,15,197,-15" hai1="6,10,12,14,15,53,54,55,63,67" hai2="33,34,35,68,70,121,123" /><INIT seed="1,1,0,3,4,123" ten="269,299,250,182" oya="1" hai0="39,130,99,125,73,77,124,95,30,110,79,85,40" hai1="113,14,46,93,116,49,57,106,96,58,97,81,25" hai2="67,114,27,104,83,90,80,119,101,23,134,48,32" hai3="94,75,34,13,129,24,9,111,17,0,52,72,122"/><U82/><E116/><V36/><F119/><W28/><G122/><T20/><D40/><U66/><E113/><V11/><F114/><W38/><G129/><T7/><D39/><U86/><E106/><V87/><F36/><W10/><G38/><T121/><D7/><U35/><E14/><V105/><F32/><W84/><G0/><T5/><D121/><U59/><E66/><V31/><F134/><W41/><G41/><T91/><D5/><U29/><E97/><V53/><F67/><W51/><G9/><T117/><D117/><U71/><E71/><V70/><F70/><W132/><G132/><T69/><D69/><U21/><E35/><V118/><F118/><W109/><G84/><T43/><D43/><N who="1" m="24799" /><E86/><V65/><F65/><W54/><G94/><T92/><D130/><U100/><AGARI ba="1,0" hai="21,25,29,57,58,59,81,82,93,96,100" m="24799" machi="100" ten="30,1500,0" yaku="8,1" doraHai="123" who="1" fromWho="1" sc="269,-6,299,18,250,-6,182,-6" /><INIT seed="1,2,0,3,5,43" ten="263,317,244,176" oya="1" hai0="9,77,72,15,7,47,50,32,114,131,115,2,127" hai1="4,113,1,124,63,48,100,24,89,103,14,133,111" hai2="46,118,116,55,75,40,45,33,27,73,37,108,25" hai3="76,67,60,101,56,104,123,109,91,17,81,58,132"/><U68/><E113/><V8/><F8/><W51/><G123/><T83/><D127/><U94/><E1/><V66/><F66/><W12/><G132/><T6/><D32/><U74/><E124/><V61/><F108/><W79/><G109/><T5/><D131/><U93/><E74/><V98/><F98/><W128/><G128/><T119/><D119/><U34/><E111/><V44/><F33/><W130/><G101/><T10/><REACH who="0" step="1"/><D7/><REACH who="0" ten="253,317,244,176" step="2"/><U80/><E133/><V3/><F118/><W122/><G130/><T90/><D90/><U96/><E103/><V117/><F117/><W38/><G122/><T126/><D126/><U20/><E34/><V26/><F116/><W120/><G91/><T64/><D64/><U22/><E68/><V95/><F3/><W86/><G67/><T29/><D29/><U134/><E134/><V92/><F37/><W65/><G38/><T88/><D88/><U99/><E80/><V71/><F71/><W35/><G81/><T52/><AGARI ba="2,1" hai="2,5,6,9,10,15,47,50,52,72,77,83,114,115" machi="52" ten="20,12000,2" yaku="1,1,0,1,7,1,52,1,54,1,53,2" doraHai="43" doraHaiUra="0" who="0" fromWho="0" sc="253,136,317,-62,244,-32,176,-32" /><INIT seed="2,0,0,3,3,120" ten="389,255,212,144" oya="2" hai0="73,9,100,99,117,121,46,34,107,12,60,67,53" hai1="52,19,114,112,92,50,116,70,66,102,54,115,128" hai2="43,96,98,69,64,36,71,10,38,57,65,88,24" hai3="127,87,51,61,41,28,47,125,75,85,91,21,109"/><V119/><F119/><W7/><G75/><T110/><D121/><U113/><E116/><V2/><F24/><W25/><G7/><T90/><D73/><U131/><N who="1" m="29184" /><DORA hai="30" /><U20/><E70/><V49/><F10/><W93/><G61/><T118/><D34/><U81/><E66/><N who="2" m="25707" /><F88/><W126/><REACH who="3" step="1"/><G85/><REACH who="3" ten="389,255,212,134" step="2"/><T122/><D122/><U0/><E0/><V95/><F2/><W108/><AGARI ba="0,1" hai="21,25,28,41,47,51,87,91,93,108,109,125,126,127" machi="108" ten="40,12000,2" yaku="1,1,2,1,0,1,18,1,52,2,53,1" doraHai="120,30" doraHaiUra="86,97" who="3" fromWho="3" sc="389,-30,255,-30,212,-60,134,130" /><INIT seed="3,0,0,3,2,35" ten="359,225,152,264" oya="3" hai0="111,47,46,44,36,59,8,11,131,32,0,3,19" hai1="9,101,41,37,97,18,74,27,85,77,113,95,133" hai2="110,129,4,92,123,76,120,24,25,130,104,115,43" hai3="16,106,57,62,30,132,71,134,107,23,60,56,102"/><W96/><G30/><T82/><D32/><U93/><E113/><V118/><F43/><W90/><G90/><T83/><D36/><U15/><E133/><N who="3" m="51306" /><G71/><T22/><D131/><U80/><E37/><V54/><F54/><W26/><G106/><T45/><D45/><U98/><E41/><V13/><F104/><W49/><G49/><T122/><D111/><U84/><REACH who="1" step="1"/><E27/><REACH who="1" ten="359,215,152,264" step="2"/><V33/><F115/><W61/><AGARI ba="0,1" hai="16,23,26,56,57,60,61,62,96,102,107" m="51306" machi="61" ten="30,3000,0" yaku="20,1,54,1" doraHai="35" who="3" fromWho="3" sc="359,-10,215,-10,152,-10,264,40" /><INIT seed="3,1,0,2,1,35" ten="349,205,142,304" oya="3" hai0="78,130,120,56,115,104,36,18,33,69,118,77,21" hai1="44,31,106,70,37,19,122,26,85,54,40,7,86" hai2="41,59,0,124,101,60,50,88,20,1,119,80,89" hai3="16,6,39,97,46,73,110,94,113,82,17,53,75"/><W72/><G113/><T109/><RYUUKYOKU type="yao9" ba="1,0" sc="349,0,205,0,142,0,304,0" hai0="18,21,33,36,56,69,77,78,104,109,115,118,120,130" /><INIT seed="3,2,0,0,0,60" ten="349,205,142,304" oya="3" hai0="36,11,107,15,6,70,31,38,5,63,89,99,91" hai1="88,120,42,67,3,32,64,122,29,25,18,48,43" hai2="65,96,112,41,40,103,56,55,84,114,87,58,100" hai3="71,126,94,97,76,77,116,90,110,35,106,68,44"/><W20/><G116/><T105/><D6/><U4/><E18/><V135/><F55/><W80/><G35/><T113/><D113/><U127/><E127/><V22/><F22/><W69/><G126/><T78/><D31/><U24/><E4/><V121/><F96/><W30/><G77/><T7/><D78/><U52/><E3/><V132/><REACH who="2" step="1"/><F121/><REACH who="2" ten="349,205,132,304" step="2"/><W10/><G10/><T124/><D99/><U59/><E122/><V17/><F17/><W129/><G110/><T98/><D98/><U61/><E120/><V93/><F93/><W125/><G125/><T117/><D11/><U9/><E9/><V26/><F26/><W83/><G106/><T115/><D107/><U49/><E25/><V28/><F28/><W37/><G20/><T47/><D105/><U39/><E88/><V128/><F128/><W79/><G30/><T123/><D91/><U133/><E133/><V45/><F45/><W73/><G129/><T104/><D89/><U66/><REACH who="1" step="1"/><E39/><REACH who="1" ten="349,195,132,304" step="2"/><V34/><F34/><W72/><G37/><T33/><D36/><U62/><E62/><V51/><F51/><AGARI ba="2,2" hai="24,29,32,42,43,48,49,51,52,59,61,64,66,67" machi="51" ten="40,8000,1" yaku="1,1,52,3,54,1,53,0" doraHai="60" doraHaiUra="101" who="1" fromWho="2" sc="349,0,195,106,132,-86,304,0" owari="349,45.0,301,-10.0,46,-45.0,304,10.0" /></mjloggm>