<mjloggm ver="2.3"><GO type="41"/><UN n0="%73%61%6E%6B%61%6D%6F" n1="%E3%81%AA%E3%81%BE%E3%81%AF%E3%81%92%E3%83%AA%E3%83%BC%E3%83%81%E2%98%86" n2="%E3%82%A6%E3%83%AB%E3%83%88%E3%83%A9%E7%AB%8B%E7%9B%B4" n3="%39%30%2D%74%61%6D" dan="13,14,15,15" rate="1831,1954,1968,2008" sx="M,M,M,M"/><TAIKYOKU oya="0"/><INIT seed="0,0,0,0,0,128" ten="250,250,250,250" oya="0" hai0="22,26,34,107,61,106,51,37,66,11,87,86,21" hai1="14,10,23,9,41,76,1,50,67,33,49,46,100" hai2="108,125,20,74,129,36,124,16,5,90,103,126,44" hai3="45,72,135,83,78,112,97,94,104,109,91,73,65"/><T118/><D118/><U116/><E33/><V101/><F129/><W92/><G65/><T29/><D37/><U59/><E116/><V18/><F74/><N who="3" m="43479" /><G45/><T84/><D11/><U117/><E117/><V68/><F68/><W64/><G64/><T60/><D51/><U42/><E1/><V13/><F5/><W19/><G19/><T71/><REACH who="0" step="1"/><D61/><REACH who="0" ten="240,250,250,250" step="2"/><U39/><E39/><V102/><F36/><W30/><G112/><T38/><D38/><U98/><E10/><V43/><F124/><W70/><G70/><T95/><D95/><U0/><E9/><V63/><F63/><W82/><G30/><T62/><D62/><U110/><E50/><V130/><F126/><W114/><G114/><T54/><D54/><U99/><E49/><V6/><F125/><W24/><G24/><T57/><D57/><U53/><E59/><V3/><F130/><W134/><G109/><T48/><D48/><U88/><E53/><V93/><F108/><W4/><G4/><T55/><D55/><U96/><E67/><V111/><F111/><W133/><G104/><AGARI ba="0,1" hai="21,22,26,29,34,60,66,71,84,86,87,104,106,107" machi="104" ten="40,2000,0" yaku="1,1,53,0" doraHai="128" doraHaiUra="132" who="0" fromWho="3" sc="240,30,250,0,250,0,250,-20" /><INIT seed="0,1,0,1,1,86" ten="270,250,250,230" oya="0" hai0="41,89,135,95,9,124,112,131,118,23,91,76,62" hai1="100,27,125,22,71,122,32,105,102,84,128,37,114" hai2="0,21,99,11,88,78,36,10,67,94,56,134,116" hai3="13,75,43,34,107,119,97,69,8,48,120,64,35"/><T79/><D118/><U117/><RYUUKYOKU type="yao9" ba="1,0" sc="270,0,250,0,250,0,230,0" hai1="22,27,32,37,71,84,100,102,105,114,117,122,125,128" /><INIT seed="0,2,0,3,3,60" ten="270,250,250,230" oya="0" hai0="66,112,65,32,43,64,94,15,123,7,127,105,59" hai1="89,3,129,49,2,23,41,42,18,50,78,19,40" hai2="117,134,87,16,30,126,6,116,12,74,11,33,95" hai3="68,131,69,21,84,44,128,107,48,71,96,46,114"/><T133/><D123/><U70/><E78/><V47/><F74/><W9/><G114/><T37/><D112/><U132/><E89/><V97/><F87/><W102/><G9/><N who="0" m="4543" /><D105/><U85/><E85/><V99/><F99/><W76/><G84/><T100/><D32/><U56/><E70/><V79/><F79/><W83/><G83/><T130/><D37/><U121/><E121/><V0/><F47/><W73/><G76/><T72/><D72/><U106/><E106/><V93/><F93/><W92/><G73/><T110/><D133/><U25/><E132/><V101/><F134/><W4/><G4/><T31/><D130/><N who="3" m="49705" /><G21/><T63/><D127/><U54/><E129/><V39/><F39/><W28/><G28/><T91/><D43/><U1/><REACH who="1" step="1"/><E19/><REACH who="1" ten="270,240,250,230" step="2"/><V80/><F126/><W67/><G107/><T113/><D113/><U135/><E135/><V75/><F75/><W119/><G119/><T88/><D110/><U24/><E24/><V124/><F124/><W14/><G14/><T98/><D31/><U35/><E35/><V20/><F80/><W5/><G5/><T29/><D29/><U51/><AGARI ba="2,1" hai="1,2,3,18,23,25,40,41,42,49,50,51,54,56" machi="51" ten="40,5200,0" yaku="1,1,0,1,53,1" doraHai="60" doraHaiUra="53" who="1" fromWho="1" sc="270,-28,240,68,250,-15,230,-15" /><INIT seed="1,0,0,3,5,135" ten="242,308,235,215" oya="1" hai0="58,16,101,54,112,17,32,56,106,43,73,129,9" hai1="3,19,134,25,80,39,59,86,124,60,61,109,84" hai2="98,114,103,79,66,70,96,28,116,23,22,115,24" hai3="20,130,15,99,108,40,6,83,53,93,127,82,48"/><U49/><E39/><V97/><F116/><W5/><G108/><T117/><D112/><U81/><E3/><V27/><F79/><W52/><G130/><T90/><D117/><U29/><E109/><V92/><F66/><W91/><G40/><T46/><D73/><U95/><E134/><V1/><F1/><W35/><G35/><T2/><D32/><U111/><E111/><V131/><F70/><W55/><G48/><T57/><D129/><U123/><E123/><V118/><F118/><W89/><G127/><T62/><D2/><U110/><E110/><V71/><F71/><W133/><G133/><T88/><D106/><U10/><E124/><V128/><F128/><W11/><G6/><T113/><D113/><N who="2" m="43018" /><F131/><W21/><G91/><N who="0" m="34859" /><D101/><U33/><E95/><V12/><F12/><W0/><REACH who="3" step="1"/><G0/><REACH who="3" ten="242,308,235,205" step="2"/><T85/><D43/><U120/><E49/><V13/><F103/><W68/><G68/><T45/><D9/><U87/><E120/><V30/><F92/><W31/><G31/><T8/><D8/><U36/><E36/><V122/><F122/><W74/><G74/><T41/><D41/><U65/><E61/><V7/><F28/><W67/><G67/><T107/><D107/><U34/><E34/><V94/><F94/><W42/><G42/><T69/><D69/><U132/><E132/><V18/><F7/><W72/><G72/><T100/><D100/><U14/><AGARI ba="0,1" hai="10,14,19,25,29,33,59,60,65,80,81,84,86,87" machi="14" ten="30,1500,0" yaku="0,1" doraHai="135" who="1" fromWho="1" sc="242,-5,308,25,235,-5,205,-5" /><INIT seed="1,1,0,1,4,76" ten="237,333,230,200" oya="1" hai0="114,28,44,85,98,109,24,69,16,6,58,0,129" hai1="63,55,126,100,41,23,132,108,1,66,39,93,40" hai2="118,52,47,122,107,43,71,53,50,35,77,68,12" hai3="106,45,123,65,133,88,95,94,78,62,102,48,112"/><U36/><E1/><V18/><F107/><W5/><G123/><T87/><D114/><U83/><E23/><V81/><F35/><W104/><G112/><T73/><D69/><N who="1" m="42207" /><E93/><V3/><F3/><W128/><G133/><T84/><D73/><U13/><E13/><V14/><F118/><W121/><G128/><T2/><D109/><U7/><E7/><V119/><F119/><W120/><G102/><T105/><D129/><U33/><E33/><V26/><F122/><W89/><G5/><T135/><D135/><U31/><E83/><V125/><F26/><W30/><G30/><T64/><D105/><U20/><E100/><V34/><F12/><W29/><G29/><T99/><D44/><N who="1" m="23559" /><E20/><V117/><F34/><W92/><G78/><T17/><D2/><U46/><E31/><V32/><F32/><W124/><G106/><T90/><D0/><U91/><E91/><V59/><F14/><W54/><G104/><T80/><D6/><U134/><E108/><V116/><F18/><N who="0" m="7274" /><D28/><U101/><E101/><V15/><F15/><W111/><G111/><T113/><D113/><U11/><E11/><V57/><F117/><W75/><G75/><T86/><D24/><U49/><E126/><V79/><F116/><W72/><G72/><T37/><D37/><U60/><E60/><AGARI ba="1,0" hai="58,60,64,80,84,85,86,87,90,98,99" m="7274" machi="60" ten="30,3900,0" yaku="8,1,52,1,54,1" doraHai="76" who="0" fromWho="1" sc="237,42,333,-42,230,0,200,0" /><INIT seed="2,0,0,0,5,113" ten="279,291,230,200" oya="2" hai0="126,123,91,0,104,92,45,30,48,23,46,4,52" hai1="27,106,40,75,10,94,101,50,5,66,42,12,89" hai2="74,41,82,79,18,96,129,121,51,60,17,86,76" hai3="57,90,105,62,7,6,81,44,53,28,132,85,25"/><V26/><F121/><W8/><G132/><T133/><D123/><U80/><E66/><V29/><F129/><W118/><G105/><T88/><D133/><U114/><E114/><V37/><F37/><W14/><G118/><T58/><D126/><U128/><E128/><V131/><F131/><W39/><G39/><T35/><D104/><U103/><E106/><V125/><F125/><W2/><G2/><T19/><D35/><U65/><E65/><V68/><F96/><W13/><G13/><N who="0" m="9711" /><D30/><U130/><E130/><V111/><F68/><W3/><G3/><T93/><D4/><U100/><E50/><V64/><F74/><W38/><G38/><T120/><D0/><U110/><E110/><V15/><F111/><W73/><G73/><T9/><D9/><U124/><E124/><V119/><F119/><W59/><G6/><T99/><D120/><U135/><E135/><V109/><F109/><W84/><G25/><T20/><D20/><U127/><E127/><V112/><F18/><W63/><G28/><T115/><D115/><U31/><E80/><V78/><F112/><W61/><G85/><AGARI ba="0,0" hai="45,46,48,52,58,85,88,91,92,93,99" m="9711" machi="85" ten="30,7700,0" yaku="25,1,8,1,54,2" doraHai="113" who="0" fromWho="3" sc="279,77,291,0,230,0,200,-77" /><INIT seed="3,0,0,1,2,6" ten="356,291,230,123" oya="3" hai0="79,0,128,124,97,109,113,46,96,45,117,33,14" hai1="40,99,104,47,24,54,43,70,127,26,19,92,53" hai2="59,78,102,58,129,8,114,56,80,29,107,95,73" hai3="130,21,64,69,123,100,41,31,135,112,23,60,84"/><W4/><G123/><T71/><D117/><U11/><E127/><V74/><F114/><W134/><G112/><T101/><D124/><U49/><E104/><V27/><F107/><W12/><G130/><T3/><D109/><U57/><E70/><V44/><F129/><W30/><G100/><T34/><D128/><U72/><E72/><V118/><F118/><W18/><G41/><N who="1" m="15946" /><E19/><V2/><F44/><W42/><G42/><T13/><D71/><U28/><E28/><N who="3" m="10794" /><G84/><T65/><D65/><U103/><E11/><V86/><F74/><W122/><G122/><T85/><D113/><U132/><E132/><N who="3" m="50730" /><G4/><T52/><D101/><U25/><E54/><V121/><F121/><W67/><G67/><T89/><D79/><U90/><E103/><V66/><F66/><W120/><G120/><T108/><D108/><U51/><E47/><V68/><F73/><W133/><N who="3" m="50738" /><W20/><AGARI ba="0,0" hai="12,18,20,21,23,60,64,69" m="50738,10794" machi="20" ten="50,4800,0" yaku="4,1,20,1" doraHai="6" who="3" fromWho="3" sc="356,-16,291,-16,230,-16,123,48" /><INIT seed="3,1,0,4,0,40" ten="340,275,214,171" oya="3" hai0="13,84,124,44,104,43,66,76,98,119,51,122,22" hai1="87,35,73,52,99,41,121,6,53,61,36,75,37" hai2="72,101,60,0,102,15,94,45,49,34,97,14,131" hai3="38,5,132,116,105,77,2,23,42,17,109,82,80"/><W134/><G116/><T88/><D122/><U106/><E121/><V115/><F0/><W130/><G105/><T64/><D119/><U128/><E35/><V62/><F72/><N who="3" m="43047" /><G82/><T7/><D124/><U120/><E120/><V112/><F34/><W27/><G130/><T21/><D104/><U100/><E128/><V96/><F131/><W129/><G129/><T83/><D22/><U111/><E111/><V90/><F90/><W48/><G48/><T127/><D127/><U12/><E87/><V123/><F123/><W70/><G70/><T113/><D113/><U79/><E79/><V135/><F115/><W125/><G125/><T91/><D21/><U9/><E37/><V10/><F112/><W55/><G55/><T74/><D74/><U1/><E12/><V114/><F15/><W33/><G33/><T50/><D50/><U25/><E25/><V11/><F114/><W89/><G89/><N who="0" m="34379" /><D98/><U19/><E53/><V16/><F10/><AGARI ba="1,0" hai="7,10,13,43,44,51,64,66,76,83,84" m="34379" machi="10" ten="30,7700,0" yaku="25,1,8,1,52,1,54,1" doraHai="40" who="0" fromWho="2" sc="340,80,275,0,214,-80,171,0" /><INIT seed="4,0,0,2,3,108" ten="420,275,134,171" oya="0" hai0="129,71,15,26,90,122,81,126,76,135,19,31,70" hai1="1,4,0,67,34,8,96,18,35,38,106,120,28" hai2="29,130,116,78,112,25,117,46,74,49,23,84,58" hai3="13,3,24,33,95,48,134,17,64,55,75,40,59"/><T39/><D122/><U107/><E38/><V21/><F74/><W41/><G75/><T7/><D135/><U93/><E120/><V110/><F110/><W101/><G134/><T115/><D39/><U43/><E43/><V87/><F130/><W5/><G64/><T99/><D129/><U69/><E1/><V14/><F58/><W133/><G133/><T100/><D126/><U111/><E111/><V124/><F124/><W83/><G83/><T30/><D7/><U85/><E85/><V44/><F78/><W121/><G121/><T89/><D115/><U11/><E93/><V91/><F14/><W80/><G80/><T27/><D71/><U72/><E72/><V109/><F109/><W62/><G3/><T88/><D70/><U32/><E28/><V66/><F66/><W6/><G33/><T60/><D60/><U118/><E118/><V12/><F12/><W56/><G24/><T98/><D100/><U57/><E69/><V86/><F91/><W125/><G125/><T36/><D36/><U47/><E35/><V79/><F79/><W128/><G128/><T50/><D50/><U9/><E0/><V77/><F77/><W10/><G59/><T2/><D2/><U105/><E57/><V132/><F132/><W73/><G73/><T103/><D103/><U131/><E131/><V20/><F112/><W92/><G101/><T63/><D63/><U104/><E4/><N who="3" m="1642" /><G62/><T123/><D123/><U42/><E67/><V127/><F127/><W16/><G17/><T82/><D76/><U52/><N who="1" m="26624" /><DORA hai="94" /><U51/><E18/><V54/><F46/><RYUUKYOKU ba="0,0" sc="420,-15,275,-15,134,15,171,15" hai2="20,21,23,25,29,44,49,54,84,86,87,116,117" hai3="10,13,16,40,41,48,55,56,92,95" /><INIT seed="5,1,0,0,1,44" ten="405,260,149,186" oya="1" hai0="14,99,46,3,82,2,50,9,54,29,114,72,18" hai1="43,101,83,128,130,17,85,113,48,84,0,66,94" hai2="21,19,32,102,134,103,118,77,45,52,55,63,31" hai3="90,117,4,35,133,106,87,23,92,73,30,41,40"/><U69/><E0/><V65/><F118/><W51/><G106/><T104/><D114/><U88/><E113/><V47/><F31/><W6/><G35/><T74/><D29/><U24/><E69/><V59/><F32/><W49/><G73/><T12/><D104/><U129/><E66/><V81/><F134/><W58/><G117/><T7/><D99/><N who="1" m="59639" /><E85/><V56/><F65/><W28/><G133/><T26/><D26/><U95/><E83/><V121/><F121/><W112/><G112/><T98/><D98/><U42/><E48/><N who="3" m="18506" /><G58/><T22/><REACH who="0" step="1"/><D82/><REACH who="0" ten="395,260,149,186" step="2"/><U34/><E34/><V105/><F105/><W33/><G33/><T25/><D25/><U109/><E109/><V16/><F81/><W100/><G100/><T20/><D20/><AGARI ba="1,1" hai="17,20,24,42,43,84,88,95,128,129,130" m="59639" machi="20" ten="30,2900,0" yaku="19,1,54,1" doraHai="44" who="1" fromWho="0" sc="395,-32,260,42,149,0,186,0" /><INIT seed="5,2,0,4,0,97" ten="363,302,149,186" oya="1" hai0="47,24,133,108,0,124,46,36,3,67,50,78,21" hai1="15,80,128,69,95,119,82,54,41,65,39,126,132" hai2="122,43,88,9,6,87,56,63,44,7,90,19,130" hai3="32,1,104,38,118,72,5,66,10,13,127,107,73"/><U102/><E119/><V33/><F33/><W96/><G13/><T20/><D108/><U18/><E132/><V45/><F122/><W2/><G127/><T52/><D124/><U23/><E126/><V26/><F130/><W51/><G118/><T106/><D106/><U11/><E128/><V22/><F90/><W35/><G51/><T121/><D133/><U30/><E39/><V111/><F111/><W89/><G89/><T40/><D121/><U77/><E41/><V125/><F125/><W100/><G66/><T134/><D134/><U4/><E30/><V25/><F25/><W131/><G131/><T113/><D113/><U129/><E129/><V117/><F117/><W31/><G31/><T101/><D78/><U79/><E54/><V93/><F9/><W68/><G68/><T64/><D101/><U62/><E79/><V16/><F19/><W120/><G120/><T71/><D21/><U74/><E82/><V123/><F123/><W103/><G38/><T116/><D116/><U115/><E115/><V60/><F60/><W70/><G70/><T37/><D37/><U83/><E83/><V112/><F112/><W91/><G91/><T57/><D47/><N who="2" m="17994" /><F43/><W61/><G61/><N who="0" m="40335" /><D67/><AGARI ba="2,0" hai="6,7,16,22,26,56,63,67,87,88,93" m="17994" machi="67" ten="30,3900,0" yaku="8,1,54,2" doraHai="97" who="2" fromWho="0" sc="363,-45,302,0,149,45,186,0" /><INIT seed="6,0,0,1,0,91" ten="318,302,194,186" oya="2" hai0="134,66,65,135,125,107,96,128,31,19,4,63,60" hai1="102,26,131,57,44,1,5,69,115,48,38,84,90" hai2="7,40,113,59,105,23,89,77,120,81,58,71,106" hai3="82,121,36,29,11,97,10,129,3,86,49,33,27"/><V72/><F71/><W50/><G129/><T67/><D4/><U13/><E69/><V16/><F120/><W74/><G121/><T51/><D128/><U52/><E131/><V8/><F113/><W39/><G74/><T133/><D125/><U130/><E130/><V75/><F75/><W12/><G39/><T118/><D118/><U99/><E115/><V108/><F40/><W116/><G116/><T98/><D31/><U109/><E109/><V80/><F108/><W92/><G36/><T42/><D107/><U126/><E1/><V18/><F18/><W15/><G3/><T100/><D100/><U9/><E126/><V114/><F114/><W83/><G83/><T73/><D73/><U55/><E26/><V101/><F101/><W110/><G15/><T79/><D79/><U76/><E76/><V41/><F41/><W70/><G70/><T111/><D19/><U47/><E55/><V132/><F132/><W127/><G127/><T87/><D87/><U14/><E13/><N who="2" m="5279" /><F106/><W117/><G117/><T119/><D119/><U6/><E5/><V21/><F21/><W61/><G61/><N who="0" m="23627" /><D111/><U88/><E38/><V94/><F105/><W45/><G110/><T35/><D35/><U46/><REACH who="1" step="1"/><E84/><REACH who="1" ten="318,292,194,186" step="2"/><N who="2" m="52519" /><F72/><W112/><G112/><T95/><D42/><U103/><E103/><V0/><F0/><W25/><G86/><T62/><N who="0" m="23635" /><T64/><N who="0" m="16896" /><DORA hai="122" /><DORA hai="2" /><T54/><D95/><AGARI ba="0,1" hai="6,9,14,44,46,47,48,52,57,88,90,95,99,102" machi="95" ten="40,12000,2" yaku="1,1,8,1,52,2,54,2,53,0" doraHai="91,122,2" doraHaiUra="22,37,24" who="1" fromWho="0" sc="318,-120,292,130,194,0,186,0" /><INIT seed="7,0,0,2,5,123" ten="198,422,194,186" oya="3" hai0="10,65,100,84,113,1,15,56,12,96,120,24,9" hai1="134,13,60,114,32,104,111,4,31,34,21,79,125" hai2="70,94,89,36,80,41,3,133,16,101,88,95,82" hai3="115,30,103,19,51,72,18,86,127,14,29,52,71"/><W128/><G115/><T87/><D120/><U22/><E104/><V124/><F70/><W33/><G72/><T26/><D1/><U75/><E22/><V61/><F3/><W106/><G127/><T0/><D0/><U135/><E34/><V53/><F41/><W130/><G71/><T47/><D113/><U76/><E76/><V91/><F36/><W78/><G19/><T35/><D35/><U81/><E32/><V77/><F77/><W55/><G55/><T121/><D121/><U83/><E125/><V118/><F118/><W44/><G103/><T7/><D47/><U85/><E114/><V102/><F124/><W54/><G106/><T74/><D74/><U110/><E60/><V25/><F133/><W50/><G33/><T2/><D2/><U92/><E92/><N who="2" m="35371" /><F101/><W49/><G49/><T68/><D68/><U131/><E21/><N who="2" m="13479" /><F102/><W43/><G130/><T46/><D46/><U63/><E63/><V17/><F17/><W57/><G43/><T5/><D100/><U8/><E131/><V64/><F64/><W42/><G42/><T62/><REACH who="0" step="1"/><D96/><REACH who="0" ten="188,422,194,186" step="2"/><U109/><E75/><V58/><AGARI ba="0,1" hai="53,58,61,80,82,88,89,91" m="13479,35371" machi="58" ten="30,4000,0" yaku="8,1,54,2" doraHai="123" who="2" fromWho="2" sc="188,-10,422,-10,194,50,186,-20" owari="178,-22.0,412,51.0,244,4.0,166,-33.0" /></mjloggm>