<mjloggm ver="2.3"><GO type="97"/><UN n0="%E9%9D%92%E8%92%BC%E3%81%AE%E9%88%B4" n1="%EF%BC%88%E2%89%A7%E2%96%BD%E2%89%A6%EF%BC%89" n2="%68%61%74%61%68%69%74%6F" n3="%E3%81%8B%E3%82%8A%E3%81%82%E3%81%92%E5%90%9B" dan="13,14,14,13" rate="1853,2035,1847,1893" sx="M,M,M,M"/><TAIKYOKU oya="0"/><INIT seed="0,0,0,3,0,122" ten="250,250,250,250" oya="0" hai0="57,54,104,123,66,128,106,48,75,2,96,51,73" hai1="125,129,130,89,25,64,100,28,44,103,95,6,30" hai2="15,4,1,10,42,16,17,33,85,56,93,110,107" hai3="65,115,3,131,77,11,114,53,88,79,67,72,18"/><T127/><D2/><U69/><E6/><V23/><F107/><W133/><G131/><N who="1" m="50186" /><E125/><V109/><F42/><W119/><G119/><T34/><D34/><N who="1" m="20751" /><E30/><V97/><F85/><W124/><G124/><T82/><D127/><U118/><E118/><V105/><F105/><W76/><G133/><T26/><D128/><U68/><E44/><V74/><F74/><W90/><G72/><T45/><D123/><U111/><E111/><N who="2" m="42507" /><F56/><W101/><G101/><N who="1" m="38986" /><E64/><V47/><F47/><W112/><G53/><T12/><D104/><U108/><E108/><V49/><F49/><W39/><G39/><T13/><D106/><U36/><E36/><V52/><F33/><W135/><G135/><T81/><D75/><U126/><E126/><V63/><F17/><W94/><G94/><T59/><D73/><U37/><E37/><V117/><F117/><W14/><G3/><T87/><D96/><AGARI ba="0,0" hai="68,69,89,95,96" m="38986,20751,50186" machi="96" ten="30,1000,0" yaku="19,1" doraHai="122" who="1" fromWho="0" sc="250,-10,250,10,250,0,250,0" /><INIT seed="1,0,0,1,5,65" ten="240,260,250,250" oya="1" hai0="66,77,69,115,106,57,124,84,10,7,18,49,22" hai1="78,11,55,50,36,75,32,17,54,4,97,33,48" hai2="63,68,72,104,123,51,101,86,8,35,20,110,2" hai3="89,113,98,58,26,80,103,90,70,114,67,91,131"/><U118/><E36/><V39/><F86/><W27/><G131/><T83/><D115/><U79/><E118/><V111/><F51/><W38/><G38/><T47/><D124/><U71/><E71/><V109/><F20/><W100/><G80/><T6/><D106/><U107/><E17/><V53/><F53/><W37/><G37/><T81/><D69/><U105/><E97/><N who="2" m="61487" /><F39/><W134/><G134/><T82/><D66/><U28/><E11/><V112/><F123/><W61/><G58/><T99/><D99/><U129/><E4/><N who="2" m="1047" /><F112/><W76/><G76/><T45/><D57/><U16/><E16/><V46/><F46/><W5/><G5/><T9/><D18/><U95/><E95/><V25/><F72/><W93/><G103/><T59/><D22/><U119/><E119/><V30/><F63/><W40/><G40/><T24/><D24/><U92/><E92/><V42/><F42/><W128/><G128/><T1/><D59/><U88/><E75/><V23/><F23/><W19/><G19/><T125/><D125/><U41/><E41/><V121/><F121/><W133/><G133/><T13/><REACH who="0" step="1"/><D47/><REACH who="0" step="2"/><U74/><E129/><V122/><F122/><W116/><G116/><T0/><D0/><U73/><E28/><V135/><F135/><W127/><G127/><T132/><D132/><U130/><E130/><V44/><F44/><W62/><G114/><T117/><D117/><U3/><E3/><V14/><F14/><W87/><G113/><T21/><D21/><U96/><E96/><V12/><F12/><W56/><G100/><T60/><D60/><RYUUKYOKU ba="0,1" sc="230,10,260,10,250,10,250,-30" hai0="1,6,7,9,10,13,45,49,77,81,82,83,84" hai1="32,33,48,50,54,55,73,74,78,79,88,105,107" hai2="25,30,35,68,109,110,111" /><INIT seed="1,1,1,4,5,3" ten="240,270,260,220" oya="1" hai0="61,63,22,16,115,101,91,40,64,75,82,87,56" hai1="19,8,51,7,105,135,24,79,92,112,34,29,41" hai2="58,62,133,85,9,80,90,32,109,5,65,14,35" hai3="73,66,93,47,44,36,122,4,128,69,86,48,100"/><U95/><E105/><V114/><F109/><W127/><G122/><T52/><D115/><U131/><E112/><V99/><F114/><W39/><G128/><T124/><D124/><U17/><E131/><V0/><F133/><W78/><G127/><T6/><D75/><U103/><E79/><V28/><F28/><W54/><G73/><T49/><D101/><U107/><E107/><V33/><REACH who="2" step="1"/><F99/><REACH who="2" step="2"/><W23/><G36/><T116/><D116/><U31/><E135/><V77/><F77/><W43/><G78/><T70/><D40/><U11/><E31/><V134/><F134/><W10/><G23/><T26/><D70/><U84/><E29/><V38/><F38/><W12/><G69/><T117/><D117/><U123/><E34/><V57/><F57/><W94/><G100/><T132/><D132/><U27/><E103/><V20/><F20/><W121/><G121/><T96/><D96/><U88/><E123/><V25/><F25/><W111/><G111/><T126/><D126/><U18/><E27/><V74/><F74/><W37/><G37/><T45/><D63/><U110/><E24/><V72/><F72/><W113/><G113/><T1/><D1/><AGARI ba="1,2" hai="0,1,5,9,14,32,33,35,58,62,65,80,85,90" machi="1" ten="40,2600,0" yaku="1,1,52,1,53,0" doraHai="3" doraHaiUra="108" who="2" fromWho="0" sc="240,-29,270,0,250,49,220,0" /><INIT seed="2,0,0,4,1,2" ten="211,270,299,220" oya="2" hai0="120,76,18,51,112,64,78,126,69,50,123,86,104" hai1="75,58,28,10,23,118,34,0,43,5,128,42,15" hai2="109,107,47,1,16,134,49,119,84,108,21,39,52" hai3="124,53,70,12,29,67,111,121,40,54,92,88,87"/><V11/><F119/><W19/><G121/><T33/><D104/><U98/><E75/><V132/><F107/><W60/><G111/><N who="2" m="42569" /><F39/><W63/><G124/><T37/><D18/><N who="1" m="10719" /><E118/><V95/><F95/><W96/><G40/><T41/><D126/><U56/><E98/><V105/><F105/><W17/><G29/><T93/><D93/><U24/><E128/><V127/><F84/><W85/><G19/><T36/><D86/><U110/><E110/><V94/><F94/><W71/><G87/><T3/><D3/><U6/><E6/><N who="2" m="1487" /><F127/><W55/><G96/><T114/><D64/><U61/><E58/><V73/><F73/><W68/><REACH who="3" step="1"/><G67/><AGARI ba="0,0" hai="0,5,10,24,28,34,42,43,56,61,67" m="10719" machi="67" ten="30,2000,0" yaku="24,1,52,1" doraHai="2" who="1" fromWho="3" sc="211,0,270,20,299,0,220,-20" /><INIT seed="3,0,0,1,2,91" ten="211,290,299,200" oya="3" hai0="30,73,84,16,15,25,5,69,81,11,39,27,113" hai1="67,104,19,108,49,57,35,89,96,114,44,74,46" hai2="56,12,63,110,53,133,118,121,111,24,78,31,38" hai3="42,134,129,93,58,82,33,14,83,28,64,71,97"/><W100/><G134/><T106/><D69/><U98/><E114/><V37/><F118/><W68/><G129/><T117/><D106/><U17/><E35/><N who="2" m="20967" /><F78/><W102/><G42/><T95/><D73/><U101/><E74/><V131/><F12/><W43/><G43/><T103/><D39/><U125/><E125/><V8/><F8/><W13/><G28/><T6/><D117/><U130/><E130/><V127/><F131/><W29/><G33/><T52/><D113/><U59/><E108/><N who="2" m="41515" /><F133/><W51/><G29/><T34/><D27/><U7/><E7/><V126/><F121/><W72/><G72/><T55/><D6/><U0/><E0/><V3/><F3/><W120/><G120/><T36/><D36/><AGARI ba="0,0" hai="36,37,38,53,56,63,126,127" m="41515,20967" machi="36" ten="30,1000,0" yaku="14,1" doraHai="91" who="2" fromWho="0" sc="211,-10,290,0,299,10,200,0" owari="201,-20.0,290,9.0,309,41.0,200,-30.0" /></mjloggm>