<mjloggm ver="2.3"><GO type="41"/><UN n0="%E3%82%A6%E3%83%AB%E3%83%88%E3%83%A9%E7%AB%8B%E7%9B%B4" n1="%E3%82%BF%E3%82%A4%E3%83%A9%E3%83%B3%E3%83%88" n2="%6B%75%72%6F%75%73%61" n3="%E9%A3%9B%E3%81%B0%E3%81%97%E5%B1%8B%E3%81%8A%E3%81%AA%E3%81%8B" dan="15,15,15,13" rate="2010,1969,1976,1893" sx="M,M,M,F"/><TAIKYOKU oya="0"/><INIT seed="0,0,0,5,0,43" ten="250,250,250,250" oya="0" hai0="35,131,119,68,72,20,22,9,28,112,36,95,27" hai1="110,101,23,0,45,50,83,62,66,67,52,78,37" hai2="60,105,39,98,93,40,123,15,108,30,11,79,100" hai3="17,44,34,102,117,75,31,104,18,103,97,58,10"/><T125/><D68/><U25/><E101/><V127/><F123/><W14/><G117/><T71/><D71/><U92/><E0/><V48/><F127/><W13/><G75/><T54/><D72/><U81/><E110/><V109/><F39/><W114/><G114/><T94/><D119/><U134/><E134/><V21/><F79/><W80/><G103/><T74/><D74/><U51/><E92/><V135/><F135/><W130/><G130/><T32/><D112/><U56/><E78/><V8/><F60/><W90/><G34/><T59/><D131/><U129/><E129/><V69/><F69/><W19/><G31/><T96/><D125/><U106/><E106/><V7/><F105/><W49/><G58/><T107/><D35/><U16/><E66/><V113/><F113/><W124/><G124/><T3/><D36/><U2/><E83/><V12/><F30/><W6/><G14/><T91/><D107/><U116/><E81/><V61/><F61/><W84/><REACH who="3" step="1"/><G18/><REACH who="3" step="2"/><T133/><D133/><U38/><E116/><V118/><F118/><W26/><G26/><T111/><D111/><U57/><E2/><V1/><F15/><W41/><AGARI ba="0,1" hai="6,10,13,17,19,41,44,49,80,84,90,97,102,104" machi="41" ten="20,5200,0" yaku="1,1,0,1,7,1,52,1,53,0" doraHai="43" doraHaiUra="29" who="3" fromWho="3" sc="250,-26,250,-13,250,-13,240,62" /><INIT seed="1,0,0,3,3,125" ten="224,237,237,302" oya="1" hai0="68,35,5,128,46,59,109,44,9,30,111,32,67" hai1="70,40,120,14,122,62,55,100,92,15,119,72,19" hai2="135,80,17,85,101,86,74,57,51,124,66,91,39" hai3="1,64,106,75,99,104,23,77,65,33,63,129,49"/><U20/><E72/><V3/><F39/><W102/><G33/><T116/><D68/><U12/><E119/><V87/><F3/><W8/><G104/><T52/><D116/><U90/><E100/><V37/><F37/><W107/><G107/><T43/><D67/><U117/><E117/><V114/><F101/><W98/><G98/><T97/><D97/><U105/><E105/><V123/><F123/><W29/><G65/><T76/><D76/><U7/><E40/><V18/><F74/><W118/><G118/><T130/><D30/><U26/><E70/><V45/><F114/><W89/><G129/><N who="0" m="49771" /><D35/><U13/><E7/><V126/><F66/><W94/><G77/><T25/><D25/><U127/><E127/><V16/><F57/><W27/><G75/><T108/><D32/><U48/><N who="1" m="3584" /><DORA hai="24" /><U34/><E34/><V54/><F135/><W50/><G8/><T47/><D9/><U10/><E10/><V60/><F126/><W21/><G21/><T96/><D96/><N who="1" m="57367" /><E48/><V112/><F124/><W84/><REACH who="3" step="1"/><G1/><REACH who="3" step="2"/><T4/><D43/><U95/><E122/><V103/><F80/><W131/><G131/><T6/><D6/><U53/><E95/><V42/><F42/><W2/><G2/><T82/><D82/><U79/><E79/><V78/><F78/><W38/><G38/><T110/><N who="0" m="28160" /><DORA hai="133" /><T11/><D11/><U56/><E120/><V71/><F71/><AGARI ba="0,1" hai="23,27,29,49,50,63,64,71,84,89,94,99,102,106" machi="71" ten="30,8000,1" yaku="1,1,7,1,52,1,53,2" doraHai="125,24,133" doraHaiUra="83,93,41" who="3" fromWho="2" sc="224,0,237,0,237,-80,292,90" /><INIT seed="2,0,0,2,4,70" ten="224,237,157,382" oya="2" hai0="125,67,52,55,124,118,65,127,22,135,68,81,16" hai1="4,107,6,86,121,14,80,104,94,71,102,92,31" hai2="91,74,76,34,129,43,30,23,98,83,123,78,10" hai3="39,24,132,60,29,50,27,79,114,97,95,36,59"/><V73/><F123/><W109/><G109/><T126/><N who="0" m="32256" /><DORA hai="2" /><T131/><D118/><U26/><E121/><V64/><F129/><W32/><G79/><T0/><D0/><U11/><E71/><V93/><F34/><W57/><G132/><T3/><D3/><U28/><E107/><V75/><F64/><N who="0" m="24650" /><D68/><U17/><E104/><V53/><F53/><W1/><G50/><T128/><D81/><U69/><E69/><V82/><F43/><W48/><G48/><T115/><D115/><U45/><E45/><V13/><F23/><W5/><G59/><T110/><D110/><U133/><E133/><V44/><F44/><W33/><G114/><T7/><D7/><N who="1" m="2603" /><E102/><V84/><F30/><N who="1" m="11305" /><E26/><V99/><F13/><W105/><G27/><N who="0" m="14791" /><D135/><U21/><E11/><V51/><F10/><W38/><G105/><T96/><D96/><N who="2" m="36906" /><F51/><W111/><G111/><T58/><D55/><U113/><E113/><V63/><F63/><AGARI ba="0,0" hai="52,58,63,128,131" m="14791,24650,32256" machi="63" ten="60,7700,0" yaku="18,1,54,2" doraHai="70,2" who="0" fromWho="2" sc="224,77,237,0,157,-77,382,0" /><INIT seed="3,0,0,5,0,85" ten="301,237,80,382" oya="3" hai0="54,19,45,5,96,116,26,38,43,20,35,90,114" hai1="17,51,63,24,10,92,74,13,67,109,89,122,113" hai2="6,55,27,59,56,72,46,87,14,129,100,125,49" hai3="60,28,64,33,68,104,117,65,3,66,106,44,118"/><W4/><G44/><T124/><D116/><U21/><E74/><V97/><F72/><W29/><G68/><T22/><D124/><U77/><E122/><V98/><F125/><W36/><G60/><T120/><D120/><U31/><E109/><V108/><F129/><W16/><G3/><T18/><D114/><U128/><E128/><V132/><F108/><W82/><G4/><T70/><D70/><U94/><E113/><V75/><F75/><W102/><G102/><T12/><D35/><U133/><E133/><V115/><F132/><W0/><G0/><T8/><D54/><U110/><E77/><V1/><F1/><W79/><G36/><T103/><D103/><U84/><E110/><V73/><F73/><W50/><G50/><T15/><D96/><U112/><E112/><V76/><F115/><W52/><G16/><T47/><D47/><U123/><E123/><V41/><F27/><W32/><G52/><T62/><D62/><U53/><E63/><V134/><F134/><W2/><G2/><T107/><D107/><N who="3" m="41001" /><G82/><T7/><D7/><U61/><E61/><V119/><F100/><W105/><N who="3" m="41009" /><W58/><DORA hai="48" /><G79/><T25/><D15/><U83/><E67/><N who="3" m="17154" /><W91/><DORA hai="37" /><G91/><AGARI ba="0,0" hai="5,8,12,18,19,20,22,25,26,38,43,45,90,91" machi="91" ten="40,8000,1" yaku="9,1,52,3" doraHai="85,48,37" who="0" fromWho="3" sc="301,80,237,0,80,0,382,-80" /><INIT seed="4,0,0,5,4,33" ten="381,237,80,302" oya="0" hai0="62,44,114,6,64,100,34,45,99,63,111,70,91" hai1="42,23,0,48,71,123,120,131,66,109,103,41,22" hai2="86,1,27,5,76,12,9,59,85,46,126,112,36" hai3="47,110,18,30,107,65,7,129,101,25,115,54,69"/><T130/><D114/><U124/><E66/><V122/><F122/><W94/><G110/><T68/><D111/><U43/><E109/><V67/><F112/><W95/><G115/><T73/><D73/><U132/><E103/><V113/><F126/><W119/><G119/><T40/><D91/><U135/><E48/><V14/><F113/><W50/><G129/><T58/><D130/><U17/><E17/><V51/><F36/><W74/><G74/><T32/><D6/><U55/><E55/><V90/><F27/><W37/><G18/><T53/><D34/><U3/><E131/><V105/><F105/><W133/><G133/><N who="1" m="51274" /><E71/><N who="0" m="27177" /><D32/><U81/><E81/><V10/><F76/><W128/><G7/><T72/><D99/><U134/><N who="1" m="51282" /><U13/><DORA hai="11" /><E13/><V125/><F125/><W82/><G82/><T77/><D100/><U15/><E15/><V106/><F106/><W31/><G37/><N who="0" m="21519" /><D77/><U56/><E56/><V8/><F5/><W127/><G128/><T108/><D72/><U2/><E124/><V116/><F1/><N who="1" m="257" /><U84/><DORA hai="97" /><E84/><N who="2" m="32363" /><F90/><W87/><G127/><T39/><D108/><U24/><E24/><V38/><F38/><W49/><G25/><T61/><D64/><U98/><E98/><V102/><F102/><W93/><G65/><T52/><D58/><U16/><E16/><V26/><F26/><W29/><G69/><T19/><D19/><U89/><E89/><V20/><F67/><W83/><G49/><T57/><D57/><U118/><E118/><V4/><F59/><W96/><G83/><T21/><D21/><AGARI ba="0,0" hai="21,22,23,41,42,43,120,123" m="257,51282" machi="21" ten="60,12000,2" yaku="28,2,20,1,52,4" doraHai="33,11,97" who="1" fromWho="0" sc="381,-120,237,120,80,0,302,0" /><INIT seed="5,0,0,5,1,30" ten="261,357,80,302" oya="1" hai0="23,7,82,48,76,88,111,21,78,1,37,79,83" hai1="67,134,127,80,93,65,90,98,26,41,42,89,20" hai2="66,61,63,58,119,17,86,50,16,126,131,73,60" hai3="27,25,101,4,84,107,14,91,56,5,22,128,18"/><U59/><E127/><V47/><F73/><W81/><G128/><T74/><D111/><U132/><E80/><V122/><F131/><W19/><G107/><T62/><D37/><U52/><E89/><V118/><F126/><W46/><G101/><T28/><D1/><U117/><E117/><V64/><F122/><W12/><G46/><T0/><D7/><U102/><E102/><V69/><F86/><W35/><G35/><T114/><D0/><U53/><E53/><V75/><F75/><W70/><G70/><T130/><D114/><U45/><E134/><V15/><F17/><W110/><G110/><T31/><D130/><U32/><E32/><V44/><F63/><W92/><G56/><T106/><D106/><U133/><E133/><V8/><REACH who="2" step="1"/><F47/><REACH who="2" step="2"/><W105/><G18/><T11/><D74/><U99/><E45/><V100/><F100/><W113/><G19/><T123/><D62/><N who="1" m="36199" /><E99/><V43/><AGARI ba="0,1" hai="8,15,16,43,44,50,58,60,61,64,66,69,118,119" machi="43" ten="20,8000,1" yaku="1,1,0,1,7,1,54,1,53,1" doraHai="30" doraHaiUra="10" who="2" fromWho="2" sc="261,-20,357,-40,70,90,302,-20" /><INIT seed="6,0,0,2,1,51" ten="241,317,160,282" oya="2" hai0="27,47,108,56,75,14,100,115,40,0,63,48,98" hai1="99,1,131,6,71,52,117,26,12,93,28,42,54" hai2="64,70,66,11,78,87,49,24,123,109,2,33,9" hai3="20,30,53,18,85,126,106,79,89,57,69,19,91"/><V81/><F123/><W17/><G106/><T25/><D0/><U32/><E71/><V122/><F122/><W4/><G69/><T92/><D75/><U7/><E117/><V10/><F2/><W29/><G126/><T102/><D108/><U82/><E131/><V43/><F109/><W76/><G4/><T135/><D135/><U90/><E42/><V111/><F111/><W80/><G79/><T8/><D102/><U3/><E7/><V103/><F103/><W119/><G119/><T59/><D59/><U45/><E45/><N who="2" m="25791" /><F70/><W95/><G20/><T68/><D68/><U16/><E82/><V125/><F125/><W84/><G91/><T50/><D50/><AGARI ba="0,0" hai="17,18,19,29,30,50,53,57,76,80,84,85,89,95" machi="50" ten="40,2600,0" yaku="8,1,52,1" doraHai="51" who="3" fromWho="0" sc="241,-26,317,0,160,0,282,26" /><INIT seed="7,0,0,0,1,132" ten="215,317,160,308" oya="3" hai0="114,27,125,13,24,60,40,34,111,70,43,135,131" hai1="38,91,20,57,52,4,98,33,76,103,110,39,73" hai2="104,102,45,93,44,56,26,23,8,16,77,107,106" hai3="14,6,120,1,112,64,127,51,71,7,66,96,55"/><W28/><G120/><T48/><D111/><U79/><E33/><V134/><F134/><W84/><G1/><T69/><D135/><U0/><E110/><V113/><F113/><W15/><G127/><T47/><D34/><U115/><E115/><V29/><F77/><W78/><G112/><T94/><D114/><U83/><E79/><V54/><F102/><W100/><G71/><T82/><D82/><U18/><E0/><V126/><F126/><W119/><G28/><T118/><D118/><U68/><E4/><N who="3" m="1578" /><G119/><T74/><D74/><U117/><E68/><V130/><F130/><W108/><G108/><T35/><D131/><U88/><E117/><V53/><F93/><N who="3" m="58383" /><G84/><T9/><D70/><U5/><E5/><V99/><F99/><W97/><G97/><T86/><D35/><U63/><E39/><V37/><F37/><W17/><G78/><T95/><D43/><U67/><E67/><N who="3" m="25642" /><G17/><T129/><D129/><U81/><E38/><V31/><F8/><W12/><G12/><T42/><D125/><U90/><E76/><V25/><F25/><N who="0" m="9802" /><D86/><U50/><E73/><V121/><F121/><W21/><G21/><T72/><D72/><U11/><E11/><V80/><F80/><N who="1" m="30793" /><E98/><V49/><REACH who="2" step="1"/><F45/><AGARI ba="0,0" hai="14,15,45,51,55" m="25642,58383,1578" machi="45" ten="30,1500,0" yaku="8,1" doraHai="132" who="3" fromWho="2" sc="215,0,317,0,160,-15,308,15" owari="215,-18,317,12,145,-35,323,41" /></mjloggm>