<mjloggm ver="2.3"><GO type="169" lobby="0"/><UN n0="%EF%BC%88%E2%89%A7%E2%96%BD%E2%89%A6%EF%BC%89" n1="%41%6B%61%2D%75%72%61" n2="%E5%A4%A9%E5%B2%A9%E6%88%B8" n3="%E6%B9%8A%E3%81%AE%E9%87%A3%E5%B8%AB" dan="19,16,16,16" rate="2279.53,2098.43,2179.00,2090.96" sx="M,M,M,M"/><TAIKYOKU oya="0"/><INIT seed="0,0,0,3,3,72" ten="250,250,250,250" oya="0" hai0="56,15,13,97,92,95,102,24,55,121,110,9,78" hai1="26,111,60,79,67,128,120,38,7,47,1,44,46" hai2="61,43,73,52,8,39,32,125,0,45,65,41,53" hai3="87,85,36,91,20,104,74,69,30,11,70,48,103"/><T108/><D121/><U35/><E120/><V59/><F32/><W2/><G36/><T76/><D24/><U49/><E38/><V66/><F43/><W83/><G85/><T62/><D95/><U106/><E106/><V50/><F73/><W16/><G30/><T129/><D129/><U113/><E128/><V86/><F86/><W12/><G74/><T107/><D107/><U40/><E111/><N who="0" m="42537" /><D15/><U21/><E35/><V127/><F8/><W115/><G115/><T58/><D56/><U63/><E113/><V34/><F34/><W98/><G2/><T132/><D132/><U51/><E67/><N who="2" m="25611" /><F0/><W71/><G20/><T57/><D57/><AGARI ba="0,0" hai="39,41,45,50,52,53,57,59,61,125,127" m="25611" machi="57" ten="30,3900,0" yaku="34,2,54,1" doraHai="72" who="2" fromWho="0" sc="250,-39,250,0,250,39,250,0" /><INIT seed="1,0,0,4,1,112" ten="211,250,289,250" oya="1" hai0="89,117,132,49,128,109,101,124,125,62,57,75,46" hai1="48,95,5,47,8,12,32,126,40,99,26,38,58" hai2="34,31,1,37,73,70,14,63,24,3,69,74,72" hai3="120,11,113,39,80,21,130,7,100,91,118,30,61"/><U131/><E126/><N who="0" m="48745" /><D75/><U25/><E131/><V79/><F37/><W23/><G113/><T96/><D89/><U78/><E78/><V35/><F35/><W45/><G120/><T97/><D109/><U115/><E115/><V119/><F14/><W44/><G130/><T36/><D128/><U0/><E32/><V76/><F76/><W82/><G100/><T10/><D36/><U85/><E85/><V129/><F129/><W102/><G102/><T98/><D132/><U116/><E116/><V43/><F43/><W53/><G39/><T33/><D10/><U104/><E104/><V28/><F28/><W103/><G103/><T65/><D33/><U54/><E0/><N who="2" m="75" /><F79/><W27/><G23/><T52/><D101/><AGARI ba="0,0" hai="5,8,12,25,26,38,40,47,48,54,58,95,99,101" machi="101" ten="30,1500,0" yaku="7,1" doraHai="112" who="1" fromWho="0" sc="211,-15,250,15,289,0,250,0" /><INIT seed="1,1,0,4,0,39" ten="196,265,289,250" oya="1" hai0="80,36,24,3,29,91,55,105,119,64,120,60,131" hai1="32,23,31,27,18,10,7,69,4,11,116,14,61" hai2="49,17,102,98,89,15,123,97,46,12,126,54,90" hai3="94,125,87,22,115,62,77,26,99,127,103,70,43"/><U38/><E38/><V76/><F126/><N who="3" m="48139" /><G115/><T19/><D105/><U66/><E116/><V20/><F123/><W81/><G62/><T111/><D119/><U21/><REACH who="1" step="1"/><E18/><REACH who="1" ten="196,255,289,250" step="2"/><V135/><F135/><W101/><G70/><T133/><D19/><U6/><E6/><V117/><F117/><W16/><G103/><T65/><D133/><U5/><E5/><V73/><F73/><W40/><AGARI ba="1,1" hai="16,22,26,40,43,77,81,87,94,99,101" m="48139" machi="40" ten="30,7900,0" yaku="18,1,52,2,54,1" doraHai="39" who="3" fromWho="3" sc="196,-21,255,-40,289,-21,250,92" /><INIT seed="2,0,0,2,2,105" ten="175,215,268,342" oya="2" hai0="80,106,119,107,8,58,10,72,21,41,31,132,96" hai1="124,70,4,91,102,64,94,35,100,135,16,129,127" hai2="68,108,63,37,14,92,53,28,20,27,38,30,111" hai3="12,42,51,3,123,0,89,83,126,99,76,114,19"/><V115/><F115/><W61/><G123/><T90/><D132/><U5/><E35/><V46/><F14/><W121/><G121/><T9/><D119/><U17/><E135/><V44/><F30/><W49/><G126/><N who="1" m="48170" /><E64/><V60/><F92/><W109/><G114/><T122/><D122/><U11/><E70/><V29/><F68/><W88/><G109/><N who="2" m="42057" /><F29/><W85/><G0/><T104/><D31/><U1/><E5/><V47/><F53/><W39/><G3/><T69/><D69/><U117/><E117/><V95/><F95/><N who="3" m="56807" /><G39/><AGARI ba="0,0" hai="20,27,28,37,38,39,44,46,47,60,63" m="42057" machi="39" ten="40,3900,0" yaku="14,1,10,1" doraHai="105" who="2" fromWho="3" sc="175,0,215,0,268,39,342,-39" /><INIT seed="2,1,0,1,3,7" ten="175,215,307,303" oya="2" hai0="60,18,3,46,97,124,49,114,40,41,47,91,98" hai1="62,6,24,20,96,104,78,36,128,88,29,110,10" hai2="26,72,73,111,89,42,15,112,122,25,30,95,93" hai3="101,125,66,57,83,61,65,105,129,92,52,44,55"/><V103/><F112/><W19/><G129/><T118/><D124/><U79/><E36/><V9/><F122/><W127/><G105/><T56/><D114/><U121/><E110/><V113/><F113/><W81/><G125/><T85/><D3/><U21/><E128/><V27/><F30/><W71/><G127/><T74/><D74/><U100/><E121/><V64/><F111/><W82/><G71/><T5/><D5/><U68/><E21/><V17/><F64/><W115/><G115/><T8/><D118/><U134/><E134/><V80/><F42/><W75/><G75/><T84/><D84/><U133/><E133/><V45/><F45/><W67/><G101/><T131/><D131/><U51/><E51/><V28/><F28/><W4/><G4/><T108/><D108/><U130/><E130/><V50/><F50/><N who="3" m="28743" /><G92/><N who="2" m="35401" /><F73/><W11/><G66/><N who="0" m="39175" /><D46/><U0/><REACH who="1" step="1"/><E88/><REACH who="1" ten="175,205,307,303" step="2"/><V77/><F89/><W132/><G132/><T14/><D41/><U63/><E63/><V48/><F48/><W107/><G61/><T2/><D2/><U34/><E34/><V54/><F103/><W43/><G43/><T86/><D86/><U109/><E109/><V117/><F72/><W16/><G82/><AGARI ba="1,1" hai="8,14,18,40,47,49,82,85,91,97,98" m="39175" machi="82" ten="30,2000,0" yaku="8,1,52,1" doraHai="7" who="0" fromWho="3" sc="175,33,205,0,307,0,303,-23" /><INIT seed="3,0,0,5,0,82" ten="208,205,307,280" oya="3" hai0="56,103,40,10,78,27,23,95,68,84,1,104,31" hai1="28,63,117,36,85,8,109,3,19,99,127,65,100" hai2="37,49,93,4,55,115,71,53,92,51,133,107,97" hai3="73,76,119,132,89,42,5,105,81,15,94,46,122"/><W34/><G119/><T102/><D68/><U38/><E109/><V41/><F115/><W124/><G122/><T125/><D125/><U22/><E127/><V112/><F112/><W26/><G124/><T121/><D121/><U39/><E117/><V62/><F4/><W35/><G105/><T48/><D104/><U98/><E28/><V54/><F107/><W116/><G116/><T33/><D33/><U57/><E100/><V66/><F93/><W20/><G132/><T77/><D1/><U128/><E128/><V111/><F92/><W50/><G15/><T47/><D10/><U67/><E67/><V83/><F83/><W12/><G12/><T52/><D78/><U123/><E123/><V135/><F97/><W18/><REACH who="3" step="1"/><G5/><REACH who="3" ten="208,205,307,270" step="2"/><T80/><REACH who="0" step="1"/><D95/><REACH who="0" ten="198,205,307,270" step="2"/><U29/><E3/><V21/><F133/><W45/><G45/><T14/><D14/><U58/><E8/><V86/><F135/><W2/><G2/><T129/><D129/><U101/><E22/><V11/><F21/><W64/><G64/><T79/><D79/><U120/><E120/><V30/><F11/><W134/><G134/><T44/><D44/><U108/><E108/><V131/><F66/><W96/><AGARI ba="0,2" hai="18,20,26,34,35,42,46,50,73,76,81,89,94,96" machi="96" ten="20,3900,0" yaku="1,1,0,1,7,1,53,0" doraHai="82" doraHaiUra="118" who="3" fromWho="3" sc="198,-13,205,-13,307,-13,270,59" /><INIT seed="3,1,0,2,3,42" ten="185,192,294,329" oya="3" hai0="41,53,100,76,86,84,98,29,131,122,32,20,102" hai1="22,127,88,6,11,132,1,62,43,58,96,27,73" hai2="40,23,4,15,80,48,3,87,120,106,34,123,63" hai3="2,67,97,118,18,128,21,105,44,56,59,117,114"/><W46/><G114/><T69/><D122/><N who="2" m="46634" /><F106/><W55/><G2/><T17/><D69/><U45/><E127/><V51/><F34/><W28/><G28/><T31/><D131/><U36/><E73/><V83/><F3/><W101/><G128/><T33/><D41/><U79/><E79/><N who="2" m="46495" /><F83/><W112/><G112/><T47/><D33/><U66/><E132/><V16/><F4/><W104/><G105/><T94/><D102/><U130/><E130/><V68/><F40/><W39/><G39/><T49/><D32/><U134/><E134/><V70/><F63/><W0/><G0/><T71/><D71/><AGARI ba="1,0" hai="15,16,23,48,51,68,70,71" m="46495,46634" machi="71" ten="30,2000,0" yaku="13,1,54,1" doraHai="42" who="2" fromWho="0" sc="185,-23,192,0,294,23,329,0" /><INIT seed="4,0,0,2,2,55" ten="162,192,317,329" oya="0" hai0="36,84,122,35,76,107,83,21,3,51,110,61,89" hai1="54,103,85,1,32,115,59,57,99,120,68,30,0" hai2="117,74,128,63,62,28,131,123,38,70,41,34,75" hai3="13,64,121,37,132,5,45,127,73,96,87,40,108"/><T80/><D35/><U22/><E68/><V26/><F123/><W102/><G108/><T77/><D36/><U78/><E120/><V19/><F19/><W69/><G121/><T126/><D122/><U14/><E32/><V56/><F117/><W20/><G132/><T67/><D3/><U79/><E115/><V134/><F134/><W111/><G111/><T11/><D110/><U119/><E119/><V94/><F94/><W4/><G73/><T23/><D107/><U86/><E1/><V72/><F63/><W130/><G87/><N who="1" m="33290" /><E0/><V53/><REACH who="2" step="1"/><F70/><REACH who="2" ten="162,192,307,329" step="2"/><W104/><G69/><T42/><D61/><U91/><E30/><V129/><F129/><W31/><G130/><T18/><D18/><N who="1" m="10583" /><E79/><V12/><F12/><W44/><G13/><T43/><D77/><U135/><E78/><V105/><F105/><W27/><G104/><T100/><D76/><U66/><E135/><V124/><F124/><W95/><G127/><T50/><D126/><U92/><E66/><V10/><F10/><W71/><G71/><T118/><D67/><U7/><E7/><V24/><F24/><W133/><G133/><T65/><D65/><U97/><E54/><V2/><F2/><W116/><G116/><T82/><D118/><U46/><E99/><V47/><AGARI ba="0,1" hai="26,28,34,38,41,47,53,56,62,72,74,75,128,131" machi="47" ten="40,5200,0" yaku="1,1,0,1,52,1,53,0" doraHai="55" doraHaiUra="81" who="2" fromWho="2" sc="162,-26,192,-13,307,62,329,-13" /><INIT seed="5,0,0,0,1,120" ten="136,179,369,316" oya="1" hai0="101,103,55,56,88,68,42,28,51,21,60,65,109" hai1="52,30,76,131,134,113,122,110,8,45,43,54,90" hai2="95,130,104,14,29,33,128,89,108,79,112,73,75" hai3="1,106,80,53,46,96,87,91,61,123,72,47,97"/><U13/><E122/><V117/><F117/><W107/><G123/><T59/><D109/><U7/><E131/><N who="2" m="50219" /><F104/><W93/><G1/><T23/><D42/><U41/><E134/><V94/><F108/><W102/><G107/><T124/><D124/><U3/><E110/><V132/><F132/><W57/><REACH who="3" step="1"/><G72/><REACH who="3" ten="136,179,369,306" step="2"/><T31/><D68/><U25/><E3/><V116/><F73/><W20/><G20/><T84/><D23/><U64/><E113/><V66/><F112/><W135/><G135/><T12/><D21/><U71/><E25/><V37/><F75/><W100/><AGARI ba="0,1" hai="46,47,53,57,61,80,87,91,93,96,97,100,102,106" machi="100" ten="20,2700,0" yaku="1,1,0,1,7,1,53,0" doraHai="120" doraHaiUra="35" who="3" fromWho="3" sc="136,-7,179,-13,369,-7,306,37" /><INIT seed="6,0,0,3,3,45" ten="129,166,362,343" oya="2" hai0="111,2,62,79,60,65,43,113,35,134,95,70,77" hai1="8,1,68,50,14,53,120,91,110,116,135,96,76" hai2="48,78,105,4,119,22,100,125,99,108,92,54,58" hai3="41,81,101,11,97,74,102,5,0,40,67,34,16"/><V39/><F39/><W69/><G34/><T33/><D111/><U123/><E110/><V7/><F119/><W46/><G41/><T13/><D2/><U57/><E1/><V94/><F108/><W36/><G97/><T115/><D134/><U44/><E68/><V71/><F71/><W66/><G66/><T129/><D129/><U24/><E116/><V89/><F125/><W29/><G29/><T31/><D13/><U18/><E76/><V49/><F78/><N who="3" m="44247" /><G67/><T107/><D107/><U132/><E24/><V126/><F22/><W19/><G69/><T104/><D104/><U20/><E20/><V12/><F105/><W47/><G47/><T55/><D43/><U61/><E96/><N who="2" m="57359" /><F126/><W6/><G6/><N who="2" m="2089" /><F12/><W93/><G93/><T51/><D95/><U127/><E127/><V59/><F59/><W133/><G133/><N who="1" m="51274" /><E91/><V114/><F114/><N who="0" m="43530" /><D35/><U52/><AGARI ba="0,0" hai="8,14,18,44,50,52,53,57,61,120,123" m="51274" machi="52" ten="30,4000,0" yaku="20,1,52,1,54,1" doraHai="45" who="1" fromWho="1" sc="129,-10,166,40,362,-20,343,-10" /><INIT seed="7,0,0,3,3,111" ten="119,206,342,333" oya="3" hai0="29,113,88,98,2,3,18,53,4,0,135,63,58" hai1="97,23,7,114,81,89,59,5,94,99,39,128,90" hai2="95,122,116,118,11,104,44,21,85,93,46,16,51" hai3="133,112,50,65,24,35,102,126,91,38,9,103,106"/><W49/><G38/><T84/><D135/><U19/><E39/><V120/><F104/><W37/><G37/><T8/><D29/><U52/><E128/><V15/><F11/><W17/><G133/><T117/><D117/><N who="2" m="45162" /><F85/><W132/><G132/><T32/><D32/><U45/><E45/><N who="2" m="17515" /><F51/><W107/><G65/><T101/><D18/><U48/><E114/><V127/><F127/><W61/><G61/><T79/><D79/><U78/><E78/><V70/><F70/><W83/><G126/><T77/><D77/><U64/><E64/><V14/><F14/><W69/><G69/><T30/><D30/><U1/><E1/><V80/><F80/><W71/><G71/><T110/><D110/><U27/><E81/><V76/><F76/><W100/><G9/><T56/><D56/><U62/><E48/><V134/><F134/><W86/><G35/><T108/><D108/><U55/><E55/><V42/><F42/><W67/><G67/><T131/><D131/><U60/><E60/><V33/><F33/><W119/><G119/><T41/><D41/><U73/><E73/><V130/><F130/><W87/><G87/><T54/><D54/><U75/><E75/><V28/><F28/><W36/><G36/><T25/><D25/><U124/><E124/><V109/><F109/><W68/><G68/><T92/><REACH who="0" step="1"/><D113/><REACH who="0" ten="109,206,342,333" step="2"/><U125/><E125/><V43/><F43/><W74/><G24/><T121/><D121/><AGARI ba="0,1" hai="15,16,21,93,95,120,121,122" m="17515,45162" machi="121" ten="30,2000,0" yaku="13,1,54,1" doraHai="111" who="2" fromWho="0" sc="109,-20,206,0,342,30,333,0" owari="89,-41.0,206,-19.0,372,47.0,333,13.0" /></mjloggm>