<mjloggm ver="2.3"><GO type="169"/><UN n0="%E3%83%AF%E3%82%A4%E3%83%AB%E3%83%89" n1="%EF%BC%BC%28%EF%BC%BE%6F%EF%BC%BE%29%EF%BC%8F%E2%98%85" n2="%E5%AF%9B%E3%83%94%E3%82%A8%E3%83%AD" n3="%EF%BC%88%E2%89%A7%E2%96%BD%E2%89%A6%EF%BC%89" dan="16,17,16,18" rate="2061,2110,2061,2237" sx="M,M,M,M"/><TAIKYOKU oya="0"/><INIT seed="0,0,0,5,4,9" ten="250,250,250,250" oya="0" hai0="58,74,31,87,79,7,1,135,12,47,96,105,36" hai1="102,19,37,119,41,76,121,114,93,82,0,54,72" hai2="44,10,75,53,28,39,18,94,123,55,59,100,46" hai3="33,30,113,90,85,122,97,3,48,25,15,38,4"/><T91/><D135/><U50/><E0/><V101/><F75/><W103/><G38/><T8/><D31/><U132/><E119/><V73/><F73/><W84/><G113/><T65/><D12/><U42/><E121/><V11/><F123/><W98/><G122/><T89/><D87/><U111/><E37/><V35/><F35/><W125/><G125/><T2/><D2/><U52/><E54/><V83/><F28/><W69/><G69/><T64/><D105/><U112/><E132/><V81/><F39/><W16/><G48/><T61/><D96/><N who="1" m="59663" /><E19/><V40/><F40/><W80/><G85/><T67/><D67/><U29/><E29/><V45/><F94/><W51/><G51/><T43/><REACH who="0" step="1"/><D65/><REACH who="0" ten="240,250,250,250" step="2"/><U34/><E114/><V92/><F10/><N who="3" m="2335" /><G103/><T126/><D126/><U77/><E72/><V17/><F101/><W14/><G14/><T88/><D88/><U106/><E77/><V71/><F100/><W26/><G26/><T70/><D70/><U110/><E106/><V134/><F71/><W49/><G97/><T86/><D86/><N who="1" m="48455" /><E112/><V27/><F134/><W62/><G98/><T95/><D95/><U22/><E34/><V68/><F68/><W78/><G90/><T13/><D13/><U24/><E24/><V124/><F124/><W57/><G15/><T107/><D107/><U20/><E20/><N who="2" m="13719" /><F92/><W127/><G127/><T6/><D6/><U116/><E22/><V5/><F5/><W133/><G133/><T118/><D118/><U117/><E116/><V99/><F99/><W109/><G30/><T104/><D104/><U56/><E117/><RYUUKYOKU ba="0,1" sc="240,15,250,15,250,-15,250,-15" hai0="1,7,8,36,43,47,58,61,64,74,79,89,91" hai1="41,42,50,52,56,110,111" /><INIT seed="0,1,1,3,1,119" ten="255,265,235,235" oya="0" hai0="19,62,24,21,22,9,127,41,46,16,59,89,53" hai1="117,25,87,114,44,111,71,84,73,93,97,129,12" hai2="15,31,102,18,68,14,85,54,78,120,4,61,125" hai3="51,38,112,128,27,113,104,131,42,40,88,34,66"/><T70/><D127/><U5/><E73/><V132/><F120/><W74/><G74/><T7/><D70/><U30/><E117/><V121/><F121/><W130/><G104/><T11/><D89/><U67/><E111/><V99/><F125/><W103/><G103/><T55/><D55/><U83/><E129/><V115/><F31/><N who="3" m="19839" /><G38/><T90/><D90/><U39/><E114/><N who="3" m="44138" /><G66/><T17/><D7/><U80/><E67/><V37/><F37/><W3/><G3/><T47/><D19/><U107/><E39/><V0/><F0/><W29/><G29/><T58/><D58/><U110/><E107/><V48/><F102/><W35/><G35/><T32/><D32/><U122/><E44/><N who="0" m="16937" /><D41/><U2/><E2/><V81/><F68/><W65/><G65/><T101/><D101/><U109/><E71/><V77/><F115/><W52/><G88/><T98/><D98/><U123/><E97/><V49/><F99/><W69/><G69/><T124/><D124/><U100/><E100/><V50/><F77/><W36/><G36/><T96/><D96/><U106/><E106/><V92/><F78/><W60/><G60/><T1/><D1/><U133/><E30/><V33/><F61/><W43/><G40/><T63/><D63/><U91/><E91/><V134/><F33/><W13/><G13/><AGARI ba="1,1" hai="9,11,13,16,17,21,22,24,53,59,62" m="16937" machi="13" ten="30,2900,0" yaku="8,1,54,1" doraHai="119" who="0" fromWho="3" sc="255,42,265,0,235,0,235,-32" /><INIT seed="0,2,0,1,5,32" ten="297,265,235,203" oya="0" hai0="70,64,83,72,29,42,41,132,79,85,49,78,97" hai1="35,7,121,102,115,113,119,84,12,130,24,106,15" hai2="66,95,57,67,112,96,74,18,65,53,99,17,54" hai3="101,111,3,104,16,14,118,13,131,92,69,114,46"/><T107/><D132/><U109/><E102/><V30/><F74/><W34/><G118/><T8/><D78/><U31/><E106/><V40/><F40/><W61/><G114/><N who="1" m="43530" /><E84/><V116/><F30/><W134/><G34/><T103/><D29/><U21/><E119/><V110/><F112/><W1/><G104/><T47/><D41/><U86/><E86/><V9/><F116/><W122/><G122/><T98/><D98/><U48/><E48/><V89/><F110/><W87/><G14/><N who="1" m="5162" /><E121/><V5/><F99/><N who="3" m="59623" /><G46/><T38/><D8/><U45/><E45/><V23/><F23/><N who="3" m="11663" /><G87/><T51/><REACH who="0" step="1"/><D72/><REACH who="0" ten="287,265,235,203" step="2"/><U37/><E31/><V117/><F117/><W26/><G134/><T93/><D93/><U4/><E35/><V120/><F120/><W81/><G111/><T20/><D20/><U105/><E21/><V50/><REACH who="2" step="1"/><F54/><REACH who="2" ten="287,265,225,203" step="2"/><W75/><G75/><T68/><D68/><U88/><E109/><V77/><F77/><W60/><G69/><T82/><D82/><U44/><E105/><V133/><F133/><W22/><G81/><T62/><AGARI ba="2,2" hai="38,42,47,49,51,62,64,70,79,83,85,97,103,107" machi="62" ten="30,3000,0" yaku="1,1,0,1,53,0" doraHai="32" doraHaiUra="135" who="0" fromWho="0" sc="287,56,265,-12,225,-12,203,-12" /><INIT seed="0,3,0,3,3,135" ten="343,253,213,191" oya="0" hai0="31,41,125,97,36,12,26,7,44,13,129,20,6" hai1="59,95,45,121,74,76,77,96,118,30,114,93,24" hai2="94,75,25,91,64,113,23,34,0,79,124,35,106" hai3="56,53,42,99,86,134,82,68,102,32,66,90,84"/><T103/><D129/><U110/><E118/><V101/><F0/><W78/><G134/><T130/><D130/><U72/><E121/><V28/><F113/><W54/><G32/><T71/><D71/><U70/><E70/><V63/><F124/><W17/><G68/><T112/><D112/><U5/><E114/><V60/><F106/><W9/><G42/><T46/><D125/><U10/><E110/><V16/><F101/><W104/><G66/><T62/><D62/><U123/><E123/><V14/><F35/><W8/><G17/><T87/><D46/><U21/><E74/><V50/><F50/><W107/><G107/><T128/><D128/><U88/><E72/><V19/><F64/><W4/><G4/><T111/><D111/><U49/><E95/><V15/><F79/><W89/><G78/><T115/><D115/><U29/><E29/><V2/><F2/><W80/><REACH who="3" step="1"/><G53/><REACH who="3" ten="343,253,213,181" step="2"/><T127/><D6/><U1/><E59/><V18/><F18/><W83/><G83/><T92/><D7/><U120/><E120/><V67/><F67/><W11/><G11/><T3/><D3/><U100/><E100/><V105/><F105/><W37/><G37/><T61/><D36/><U65/><E65/><V133/><F133/><W38/><G38/><T122/><D41/><AGARI ba="3,1" hai="1,5,10,21,24,30,41,45,49,76,77,88,93,96" machi="41" ten="30,2000,0" yaku="7,1,54,1" doraHai="135" who="1" fromWho="0" sc="343,-29,253,39,213,0,181,0" /><INIT seed="1,0,0,4,3,52" ten="314,292,213,181" oya="1" hai0="129,32,51,29,100,101,84,90,13,79,2,44,96" hai1="56,31,9,21,127,92,10,7,68,82,91,58,49" hai2="134,80,89,4,132,120,28,23,30,48,22,60,54" hai3="65,25,39,11,34,113,41,118,69,74,64,126,88"/><U67/><E127/><V102/><F102/><W111/><G113/><T5/><D2/><U70/><E70/><V43/><F120/><W47/><G74/><T38/><D38/><U123/><E123/><V73/><F4/><W131/><G126/><T17/><D5/><U26/><E68/><V112/><F112/><W18/><G131/><T27/><D129/><U61/><E82/><V95/><F43/><W72/><G72/><T133/><D133/><N who="2" m="51306" /><F60/><W75/><G75/><T12/><D79/><U110/><E110/><V135/><F135/><W116/><G111/><T125/><D125/><U85/><E7/><V0/><F0/><W55/><G69/><T19/><D96/><U93/><E93/><V94/><F73/><W16/><G34/><T71/><D71/><U46/><REACH who="1" step="1"/><E58/><REACH who="1" ten="314,282,213,181" step="2"/><N who="2" m="33095" /><F80/><W109/><G109/><T78/><D78/><U36/><E36/><V106/><F106/><W108/><G108/><T77/><D77/><U86/><E86/><N who="2" m="52535" /><F95/><W59/><G39/><T40/><D84/><U98/><E98/><V115/><F115/><W57/><G57/><T97/><D97/><U62/><E62/><V33/><F33/><W6/><G59/><T1/><D32/><U104/><E104/><V124/><F124/><W76/><G6/><T63/><D63/><U107/><E107/><V130/><F130/><W8/><G47/><T14/><D44/><U53/><AGARI ba="0,1" hai="9,10,21,26,31,46,49,53,56,61,67,85,91,92" machi="53" ten="20,12000,1" yaku="1,1,0,1,7,1,8,1,52,1,53,0" doraHai="52" doraHaiUra="3" who="1" fromWho="1" sc="314,-40,282,130,213,-40,181,-40" /><INIT seed="1,1,0,3,2,34" ten="274,412,173,141" oya="1" hai0="56,49,100,37,63,122,32,86,95,81,20,9,74" hai1="39,96,126,18,107,82,31,88,73,71,70,44,112" hai2="58,103,76,121,61,93,68,127,109,75,17,111,117" hai3="12,0,132,13,16,38,84,30,113,98,24,62,21"/><U128/><E112/><V4/><F121/><W46/><G113/><T3/><D32/><U114/><E114/><V78/><F117/><W129/><G129/><T124/><D37/><U33/><E128/><V57/><F127/><W65/><G132/><T131/><D74/><U19/><E126/><V67/><F4/><W106/><G84/><T87/><D131/><U94/><E107/><V92/><F17/><W47/><G0/><T40/><D124/><U48/><E39/><V23/><F23/><W5/><G5/><T83/><D122/><U80/><E71/><V11/><F11/><W53/><G38/><T99/><D20/><U7/><E70/><V14/><F14/><W42/><G42/><T45/><D9/><U130/><E130/><V77/><F75/><W101/><G53/><T119/><D119/><U28/><E7/><V66/><F103/><W29/><G12/><T50/><D50/><U25/><E31/><V55/><F68/><W41/><G41/><T52/><REACH who="0" step="1"/><D3/><REACH who="0" ten="264,412,173,141" step="2"/><U54/><E73/><V36/><F36/><W85/><G30/><T120/><D120/><U91/><E33/><V64/><REACH who="2" step="1"/><F58/><REACH who="2" ten="264,412,163,141" step="2"/><W133/><G133/><T6/><D6/><U90/><E28/><V15/><F15/><W89/><G13/><T2/><D2/><U69/><E69/><V10/><F10/><W1/><G1/><T116/><D116/><U134/><E134/><V8/><F8/><W22/><G22/><T105/><D105/><U110/><E19/><V35/><F35/><W108/><G16/><T135/><D135/><U72/><E72/><V123/><F123/><RYUUKYOKU ba="1,2" sc="264,15,412,-15,163,15,141,-15" hai0="40,45,49,52,56,63,81,83,86,87,95,99,100" hai2="55,57,61,64,66,67,76,77,78,92,93,109,111" /><INIT seed="2,2,2,5,0,16" ten="279,397,178,126" oya="2" hai0="37,60,96,105,4,56,127,111,91,24,94,128,121" hai1="49,122,61,71,28,112,74,13,34,51,30,126,103" hai2="84,38,15,48,76,11,47,40,0,45,50,108,75" hai3="64,59,41,85,23,5,130,120,29,88,46,101,53"/><V109/><F75/><W31/><G120/><T25/><D37/><U129/><E74/><V99/><F0/><W52/><G130/><T117/><D121/><U100/><E122/><V125/><F125/><W80/><G101/><T69/><D69/><U97/><E112/><V106/><F106/><W113/><G5/><T10/><D128/><U89/><E89/><V2/><F2/><W119/><G119/><T8/><D127/><U27/><E30/><N who="3" m="11274" /><G113/><T33/><D117/><U43/><E103/><V32/><F32/><W39/><G39/><T19/><D111/><N who="2" m="42570" /><F99/><W70/><G70/><T9/><D105/><U57/><E129/><V26/><F26/><N who="0" m="10346" /><D33/><U134/><E126/><V18/><F47/><W115/><G115/><T93/><D4/><U124/><E124/><V1/><F1/><W65/><G41/><T87/><D19/><U104/><E43/><V81/><AGARI ba="2,2" hai="11,15,18,38,40,45,48,50,76,81,84" m="42570" machi="81" ten="30,3000,0" yaku="14,1,10,1" doraHai="16" who="2" fromWho="2" sc="279,-12,397,-12,178,56,126,-12" /><INIT seed="2,3,0,5,4,97" ten="267,385,234,114" oya="2" hai0="17,76,108,56,129,30,37,65,15,59,121,74,22" hai1="73,60,1,88,5,116,135,112,64,7,55,25,110" hai2="21,38,49,57,98,105,102,134,104,86,23,131,32" hai3="103,42,119,27,47,39,114,46,20,124,100,130,51"/><V52/><F32/><W14/><G119/><T120/><D37/><U99/><E73/><V83/><F38/><W79/><G124/><T31/><D108/><U4/><E110/><V12/><F131/><W29/><G130/><T54/><D129/><U87/><E112/><V34/><F34/><W81/><G114/><T45/><D76/><U106/><E116/><V50/><F134/><W13/><G13/><T69/><D74/><U70/><E135/><V109/><F109/><W43/><REACH who="3" step="1"/><G14/><REACH who="3" ten="267,385,234,104" step="2"/><T115/><D15/><U18/><E5/><V6/><F6/><W24/><G24/><T61/><D115/><U89/><E25/><V107/><F12/><W125/><G125/><T11/><D120/><U84/><E7/><V127/><F127/><W28/><G28/><T26/><D31/><U128/><E128/><V58/><F107/><W94/><G94/><T96/><D26/><U95/><E4/><V19/><F105/><W133/><G133/><T48/><D30/><U2/><E106/><V93/><F104/><W101/><G101/><T75/><D121/><U123/><E123/><V72/><F19/><W71/><G71/><T111/><D17/><U82/><E18/><V8/><F8/><W78/><G78/><T40/><D11/><U80/><E2/><V36/><F72/><AGARI ba="3,1" hai="20,27,29,39,42,43,46,47,51,72,79,81,100,103" machi="72" ten="30,7700,0" yaku="1,1,7,1,52,2,53,0" doraHai="97" doraHaiUra="132" who="3" fromWho="2" sc="267,0,385,0,234,-86,104,96" /><INIT seed="3,0,0,0,0,59" ten="267,385,148,200" oya="3" hai0="57,120,20,29,53,3,44,50,51,75,98,47,66" hai1="25,104,24,42,52,100,114,8,77,22,34,63,133" hai2="10,45,135,125,126,129,122,89,21,55,7,119,99" hai3="128,127,28,103,110,13,18,79,58,62,102,9,39"/><W54/><G128/><T87/><D75/><U118/><E114/><V32/><F32/><W92/><G39/><T31/><D3/><U134/><E42/><V14/><F119/><W4/><G127/><N who="2" m="48649" /><F122/><W81/><G110/><T130/><D120/><U48/><E118/><V23/><F129/><W26/><G4/><T16/><D130/><U116/><E116/><V91/><F135/><W96/><G102/><T123/><D123/><U12/><E77/><V67/><F67/><W86/><G26/><T97/><D87/><U76/><E76/><V85/><F99/><N who="0" m="37898" /><D66/><U73/><E73/><V117/><F117/><W37/><G37/><T113/><D113/><U36/><E36/><V61/><F45/><N who="0" m="17482" /><D51/><U46/><E48/><V95/><F89/><W38/><G38/><T2/><D2/><U11/><E100/><V107/><F107/><W90/><G103/><T70/><D70/><U0/><E104/><V64/><F55/><W69/><G69/><AGARI ba="0,0" hai="7,10,14,21,23,61,64,69,85,91,95" m="48649" machi="69" ten="30,2000,0" yaku="18,1,52,1" doraHai="59" who="2" fromWho="3" sc="267,0,385,0,148,20,200,-20" /><INIT seed="4,0,0,1,2,101" ten="267,385,168,180" oya="0" hai0="120,42,102,27,106,43,46,59,8,110,82,30,90" hai1="117,71,108,124,74,73,114,89,126,72,105,103,65" hai2="81,17,86,121,69,98,14,111,70,112,1,100,10" hai3="4,62,94,83,55,97,21,99,33,115,26,131,66"/><T77/><D120/><U29/><E108/><V39/><F111/><W23/><G115/><T20/><D110/><U45/><E117/><V9/><F121/><W37/><G37/><T48/><D43/><U44/><E114/><V125/><F112/><W113/><G113/><T116/><D116/><U3/><E3/><V79/><F39/><W96/><G131/><T63/><D90/><U36/><E29/><V130/><F130/><W104/><G104/><T47/><D47/><U57/><E57/><V128/><F128/><W78/><G4/><T93/><D93/><U68/><E89/><V5/><REACH who="2" step="1"/><F125/><REACH who="2" ten="267,385,158,180" step="2"/><W22/><G55/><T52/><D52/><U53/><E53/><V40/><F40/><W133/><G133/><T28/><D42/><U38/><E36/><V119/><F119/><W12/><G12/><T18/><D30/><U32/><E126/><V2/><F2/><W109/><G109/><T123/><D123/><U31/><E31/><V7/><F7/><W84/><G33/><T61/><D28/><U107/><E32/><V135/><F135/><W95/><REACH who="3" step="1"/><G26/><REACH who="3" ten="267,385,158,170" step="2"/><T129/><D27/><U25/><E38/><V49/><F49/><W92/><G92/><AGARI ba="0,2" hai="1,5,9,10,14,17,69,70,79,81,86,92,98,100" machi="92" ten="30,7700,0" yaku="1,1,7,1,53,2" doraHai="101" doraHaiUra="67" who="2" fromWho="3" sc="267,0,385,0,158,97,170,-77" /><INIT seed="5,0,0,0,4,72" ten="267,385,255,93" oya="1" hai0="82,10,97,62,59,88,77,114,6,34,76,61,119" hai1="89,117,37,28,44,98,64,58,111,96,51,131,68" hai2="134,83,120,23,65,74,112,99,38,126,108,41,75" hai3="18,113,36,22,115,49,24,13,66,11,19,81,43"/><U135/><E117/><V33/><F65/><W103/><G36/><T21/><D34/><U121/><E121/><V100/><F23/><W9/><G66/><T5/><D119/><U12/><E135/><V107/><F41/><W127/><G127/><T35/><D35/><U92/><E131/><V78/><F33/><W93/><G81/><T48/><D114/><U79/><E28/><V122/><F38/><W109/><G109/><T69/><D69/><U60/><E111/><V67/><F67/><W17/><G103/><T101/><D21/><U94/><E12/><V85/><F108/><W56/><G93/><N who="0" m="58543" /><D48/><U16/><E16/><V7/><F7/><N who="0" m="2570" /><D10/><U31/><E51/><V86/><F126/><W30/><G43/><T87/><D62/><U105/><E60/><V125/><F125/><W55/><REACH who="3" step="1"/><G11/><REACH who="3" ten="267,385,255,83" step="2"/><T71/><D71/><U124/><E68/><V15/><F100/><W123/><G123/><T3/><D3/><U80/><E37/><V95/><F120/><W57/><G57/><T118/><D118/><U90/><E58/><V39/><F122/><W70/><G70/><T25/><D25/><U20/><E124/><V52/><F39/><W73/><G73/><T104/><D104/><U29/><E105/><V50/><F107/><W26/><G26/><T91/><D91/><U42/><E90/><V128/><F74/><W116/><G116/><T133/><D133/><U32/><E89/><N who="2" m="55791" /><F134/><W102/><G102/><T8/><D8/><U47/><E42/><V45/><F75/><W2/><G2/><T4/><N who="0" m="2578" /><AGARI ba="0,1" hai="4,9,13,17,18,19,22,24,30,49,55,56,113,115" machi="4" ten="40,5200,0" yaku="1,1,3,1,53,1" doraHai="72" doraHaiUra="1" who="3" fromWho="0" sc="267,-52,385,0,255,0,83,62" /><INIT seed="6,0,0,0,4,55" ten="215,385,255,145" oya="2" hai0="97,27,82,39,25,43,66,21,65,110,8,54,0" hai1="128,96,47,108,75,114,32,71,28,101,84,46,12" hai2="16,68,123,91,45,69,49,72,127,40,2,81,62" hai3="44,133,57,94,70,58,3,48,63,5,117,80,36"/><V7/><F123/><W98/><G117/><T42/><D110/><U10/><E75/><V131/><F131/><W9/><G133/><T34/><D34/><U107/><E108/><V77/><F127/><W134/><G134/><T17/><D27/><U99/><E71/><V116/><F116/><W112/><G36/><T18/><D82/><U120/><E120/><V129/><F129/><W89/><G112/><T113/><D113/><U33/><E114/><V121/><F121/><W26/><G26/><T24/><D97/><U104/><E84/><V78/><F78/><W109/><G109/><T11/><D54/><U51/><E28/><V90/><F7/><W130/><G130/><T50/><D39/><U64/><E64/><N who="0" m="24681" /><D0/><U106/><E99/><V103/><F2/><W4/><G4/><T79/><D79/><U22/><E96/><V15/><F103/><W76/><G63/><T59/><D59/><U100/><E101/><V1/><F1/><W53/><REACH who="3" step="1"/><G70/><REACH who="3" ten="215,385,255,135" step="2"/><T132/><D132/><U19/><E128/><V102/><F62/><W30/><G30/><T125/><D125/><U95/><E33/><V13/><F68/><W115/><G115/><T88/><D25/><U118/><E32/><V124/><F69/><W119/><G119/><T87/><D24/><U14/><E118/><V83/><F124/><W29/><G29/><T93/><D50/><U67/><E51/><V92/><F49/><W23/><G23/><T56/><D21/><U6/><E22/><V20/><F20/><W73/><AGARI ba="0,1" hai="3,5,9,44,48,53,57,58,73,76,80,89,94,98" machi="73" ten="20,12000,2" yaku="1,1,0,1,7,1,52,2,53,1" doraHai="55" doraHaiUra="41" who="3" fromWho="3" sc="215,-30,385,-30,255,-60,135,130" /><INIT seed="7,0,0,0,2,8" ten="185,355,195,265" oya="3" hai0="73,62,59,21,79,123,54,15,101,22,41,75,37" hai1="113,26,129,5,55,78,45,112,33,31,127,133,29" hai2="93,96,28,107,77,119,53,40,106,6,50,88,120" hai3="70,135,35,25,49,71,124,104,56,23,95,108,110"/><W84/><G35/><T52/><D123/><U91/><E133/><V94/><F119/><W47/><G104/><T38/><D101/><U111/><E111/><V19/><F120/><W2/><G56/><T30/><D41/><U3/><E29/><V1/><F77/><W100/><G2/><T83/><D75/><U13/><E3/><V122/><F40/><W42/><G124/><T10/><D54/><U20/><E78/><V36/><F36/><W16/><G135/><T61/><D61/><U92/><E127/><V34/><F122/><W126/><G126/><T46/><D46/><U11/><E129/><V9/><F19/><W39/><G39/><T87/><D73/><U14/><E14/><V105/><F94/><W60/><G60/><T114/><D114/><N who="1" m="44139" /><E33/><V12/><F1/><W130/><G130/><T81/><D81/><U0/><E0/><V32/><REACH who="2" step="1"/><F28/><REACH who="2" ten="185,355,185,265" step="2"/><W68/><G108/><T17/><D22/><U63/><E20/><V128/><F128/><W69/><G110/><T24/><AGARI ba="0,1" hai="10,15,17,21,24,30,37,38,52,59,62,79,83,87" machi="24" ten="30,4000,0" yaku="0,1,52,1,54,1" doraHai="8" who="0" fromWho="0" sc="185,50,355,-10,185,-10,265,-20" owari="235,-16.0,345,43.0,175,-32.0,245,5.0" /></mjloggm>