<mjloggm ver="2.3"><GO type="41"/><UN n0="%EF%BC%88%E2%89%A7%E2%96%BD%E2%89%A6%EF%BC%89" n1="%E4%B8%AD%E8%A5%BF" n2="%E3%81%AA%E3%81%BE%E3%81%AF%E3%81%92%E3%83%AA%E3%83%BC%E3%83%81%E2%98%86" n3="%E7%AC%AC%E4%B8%89%E3%81%AE%E6%80%A7%E5%88%A5%E7%A7%80%E5%90%89" dan="15,13,14,15" rate="2020,1821,1962,2032" sx="M,M,M,F"/><TAIKYOKU oya="0"/><INIT seed="0,0,0,2,5,79" ten="250,250,250,250" oya="0" hai0="113,111,13,18,106,85,132,82,133,98,52,100,124" hai1="102,87,50,11,45,25,66,61,58,117,99,69,64" hai2="86,31,29,71,95,104,16,28,134,40,118,35,120" hai3="70,53,88,49,93,68,4,116,74,48,5,83,131"/><T127/><D113/><U125/><E125/><N who="0" m="48201" /><D111/><U55/><E117/><V112/><F112/><W76/><G116/><T15/><D52/><U126/><E126/><V34/><F118/><W91/><G131/><T6/><D6/><U26/><E11/><V46/><F104/><W41/><G91/><N who="0" m="51639" /><D18/><U60/><REACH who="1" step="1"/><E87/><REACH who="1" ten="250,240,250,250" step="2"/><V42/><F86/><W107/><G4/><T21/><D21/><U129/><E129/><V119/><F119/><W38/><G5/><T108/><D108/><U123/><E123/><V135/><F120/><W67/><G74/><T8/><D8/><U7/><E7/><V0/><F35/><W63/><G76/><T94/><D106/><AGARI ba="0,1" hai="25,26,45,50,55,58,60,61,64,66,69,99,102,106" machi="106" ten="30,3900,0" yaku="1,1,7,1,53,1" doraHai="79" doraHaiUra="65" who="1" fromWho="0" sc="250,-39,240,49,250,0,250,0" /><INIT seed="1,0,0,2,3,120" ten="211,289,250,250" oya="1" hai0="35,114,118,69,91,39,81,5,115,68,106,60,58" hai1="75,97,27,135,44,66,17,113,47,122,126,22,43" hai2="112,80,65,67,51,21,40,71,119,52,88,26,20" hai3="94,61,72,10,18,100,57,0,34,70,59,38,134"/><U56/><E122/><V64/><F119/><W31/><G38/><T29/><D118/><U83/><E113/><V133/><F112/><W74/><G70/><T33/><D39/><U53/><E126/><V55/><F133/><W87/><G134/><T24/><D106/><U7/><E135/><V8/><F71/><W77/><G59/><T84/><D35/><U78/><E66/><V124/><F124/><W103/><G31/><T95/><D5/><U110/><E110/><V50/><F8/><W125/><G34/><T36/><D36/><U14/><E43/><V101/><F101/><W32/><G32/><T12/><D12/><U42/><E42/><V127/><F127/><W85/><G125/><T92/><D115/><U45/><E97/><V117/><F117/><W129/><G72/><T93/><REACH who="0" step="1"/><D114/><REACH who="0" ten="201,289,250,250" step="2"/><U111/><E111/><V63/><F26/><W25/><G0/><T62/><D62/><U121/><E121/><V49/><F63/><W13/><G25/><T41/><D41/><U15/><REACH who="1" step="1"/><E7/><REACH who="1" ten="201,279,250,250" step="2"/><V19/><F40/><W108/><G108/><T132/><D132/><U82/><E82/><V11/><F80/><N who="3" m="47247" /><G129/><T16/><D16/><U30/><E30/><V4/><F19/><W105/><G105/><T89/><D89/><U109/><E109/><V86/><F4/><W128/><G128/><T6/><D6/><U1/><E1/><V99/><F88/><N who="3" m="53535" /><G103/><T37/><D37/><U9/><E9/><V98/><F50/><AGARI ba="0,2" hai="14,15,17,22,27,44,45,47,50,53,56,75,78,83" machi="50" ten="40,3900,0" yaku="1,1,53,1" doraHai="120" doraHaiUra="48" who="1" fromWho="2" sc="201,0,279,59,250,-39,250,0" /><INIT seed="1,1,0,5,3,18" ten="201,338,211,250" oya="1" hai0="134,121,60,119,0,34,96,113,94,76,45,11,79" hai1="100,43,4,128,10,120,127,26,81,114,19,91,41" hai2="67,126,47,12,54,65,73,116,59,40,122,83,2" hai3="93,131,64,56,23,7,72,27,115,1,15,118,9"/><U49/><E120/><V102/><F122/><W31/><G72/><T30/><D121/><U24/><E114/><V84/><F116/><W58/><G115/><T69/><D119/><U107/><E127/><V105/><F126/><W39/><G39/><T125/><D125/><U123/><E123/><V63/><F2/><W66/><G118/><T55/><D113/><U112/><E112/><V82/><F73/><W53/><G131/><T78/><D134/><U71/><E71/><V103/><F83/><W36/><G36/><T92/><D0/><U51/><E128/><V8/><F105/><W3/><G58/><T14/><D69/><U98/><E51/><N who="2" m="29055" /><F40/><W117/><G117/><T38/><D38/><U74/><E49/><V44/><F67/><W62/><G3/><T29/><D34/><U13/><E26/><V90/><F44/><W111/><G111/><T109/><D109/><U108/><E108/><V89/><F89/><W22/><REACH who="3" step="1"/><G93/><REACH who="3" ten="201,338,211,240" step="2"/><T132/><D94/><U77/><E107/><V21/><F21/><W68/><G68/><T95/><D95/><U110/><E110/><V85/><F59/><W61/><G61/><T57/><D132/><U50/><E74/><V88/><F63/><W75/><G75/><T52/><D45/><U6/><E50/><V16/><F65/><W106/><G106/><T46/><D46/><U25/><E43/><V97/><F8/><W32/><G32/><T48/><D48/><U35/><E41/><V86/><F82/><W42/><G42/><T129/><D129/><U104/><E35/><V133/><F133/><W101/><G101/><RYUUKYOKU ba="1,1" sc="201,-10,338,-10,211,-10,240,30" hai3="1,7,9,15,22,23,27,31,53,56,62,64,66" /><INIT seed="2,2,1,2,4,115" ten="191,328,201,270" oya="2" hai0="110,16,74,17,41,18,111,57,109,123,55,64,128" hai1="2,73,88,72,90,13,69,45,68,5,50,119,54" hai2="67,70,31,1,75,81,26,116,92,135,39,99,112" hai3="22,114,130,32,86,91,30,56,103,94,65,80,101"/><V100/><F112/><W71/><G71/><T96/><D123/><U76/><E2/><V104/><F135/><W27/><G114/><T36/><D74/><U35/><E35/><N who="2" m="20983" /><F1/><W40/><G130/><T20/><D128/><U59/><E119/><V82/><F92/><W14/><G40/><T52/><D96/><U8/><E76/><V85/><F85/><W98/><G32/><T89/><D89/><U15/><E15/><V7/><F7/><W97/><G14/><T131/><D131/><U132/><E132/><V58/><F58/><W28/><G28/><T9/><D9/><U124/><E124/><V127/><F127/><W113/><G113/><T118/><D118/><U93/><E90/><V53/><F53/><W105/><G105/><T0/><D0/><U51/><E73/><V25/><F75/><W46/><G46/><N who="0" m="23847" /><D20/><U134/><E72/><V121/><F121/><W4/><G4/><T63/><AGARI ba="2,1" hai="16,17,18,52,55,57,63,64,109,110,111" m="23847" machi="63" ten="40,5200,0" yaku="14,1,54,2" doraHai="115" who="0" fromWho="0" sc="191,68,328,-15,201,-28,270,-15" /><INIT seed="3,0,0,4,4,105" ten="259,313,173,255" oya="3" hai0="132,98,92,83,49,123,23,55,79,18,60,109,77" hai1="72,28,17,93,11,74,108,78,14,16,29,89,112" hai2="106,45,25,113,120,32,94,91,124,103,39,131,4" hai3="66,20,126,88,86,37,48,133,31,8,15,2,90"/><W30/><G30/><BYE who="3" /><T13/><D123/><U80/><E112/><V104/><F113/><W6/><G6/><T21/><D109/><U115/><E108/><V59/><F120/><W68/><G68/><T36/><D132/><U100/><E115/><V122/><F122/><W99/><G99/><T58/><D36/><U81/><E100/><V10/><F131/><W67/><G67/><T125/><D125/><U69/><E69/><V34/><F124/><UN n3="%E7%AC%AC%E4%B8%89%E3%81%AE%E6%80%A7%E5%88%A5%E7%A7%80%E5%90%89" /><W121/><G121/><T44/><D23/><U65/><E65/><V71/><F71/><W97/><G37/><T1/><D1/><U63/><E63/><V84/><F59/><W5/><G2/><T53/><REACH who="0" step="1"/><D83/><REACH who="0" ten="249,313,173,255" step="2"/><U116/><E116/><V135/><F135/><W27/><G126/><T85/><D85/><U128/><E128/><V76/><F39/><W64/><G133/><T73/><D73/><U19/><E80/><V38/><F38/><W40/><G97/><T107/><D107/><U70/><E72/><V3/><F106/><W26/><G26/><T54/><D54/><U12/><E70/><V117/><F25/><W111/><G111/><T96/><D96/><U102/><E102/><AGARI ba="0,1" hai="13,18,21,44,49,53,55,58,60,77,79,92,98,102" machi="102" ten="30,8000,1" yaku="1,1,7,1,8,1,53,2" doraHai="105" doraHaiUra="75" who="0" fromWho="1" sc="249,90,313,-80,173,0,255,0" /><INIT seed="4,0,0,5,2,80" ten="339,233,173,255" oya="0" hai0="49,10,132,111,3,42,21,19,67,17,127,45,98" hai1="6,86,38,68,16,113,62,15,79,116,76,59,134" hai2="20,129,4,55,81,61,133,41,72,47,89,40,99" hai3="125,1,60,82,121,30,126,44,124,128,118,24,11"/><T117/><D117/><U87/><E68/><V91/><F133/><W112/><G118/><T105/><D132/><U83/><E116/><V122/><F122/><W51/><G121/><T66/><D127/><U58/><E38/><V77/><F129/><W23/><G128/><T52/><D111/><U53/><E134/><V106/><F20/><W96/><G112/><T35/><D35/><U130/><E130/><V97/><F4/><W64/><G96/><T34/><D34/><U29/><E113/><V31/><F31/><W0/><G11/><T88/><D3/><U101/><E101/><V123/><F123/><W48/><G82/><T39/><D105/><U70/><E70/><V69/><F41/><W119/><G119/><T104/><D104/><U7/><E29/><V18/><F18/><W102/><G102/><T93/><D10/><U115/><E115/><V13/><F13/><W32/><G32/><T26/><D17/><U12/><E12/><V50/><F106/><W2/><REACH who="3" step="1"/><G44/><AGARI ba="0,0" hai="19,21,26,39,42,44,45,49,52,66,67,88,93,98" machi="44" ten="30,5800,0" yaku="7,1,54,2" doraHai="80" who="0" fromWho="3" sc="339,58,233,0,173,0,255,-58" /><INIT seed="4,1,0,3,0,88" ten="397,233,173,197" oya="0" hai0="23,64,13,79,108,133,69,12,90,1,60,46,130" hai1="99,40,2,5,33,4,114,48,91,54,30,67,87" hai2="56,134,25,32,83,117,55,70,97,10,100,18,7" hai3="47,51,94,95,72,59,50,85,81,20,101,110,78"/><T9/><D133/><U66/><E114/><V68/><F134/><W37/><G110/><T112/><D112/><U105/><E2/><V122/><F122/><W102/><G72/><T118/><D118/><U11/><E40/><V36/><F36/><W22/><G37/><T80/><D108/><U53/><E11/><V120/><F120/><W61/><G102/><T63/><D130/><U119/><E119/><V8/><F117/><W6/><G6/><T38/><D1/><U26/><E105/><V71/><F83/><W126/><G101/><T98/><D63/><U76/><E99/><V121/><F121/><W44/><G126/><T129/><D129/><U111/><E111/><V34/><F18/><W135/><G135/><T103/><D90/><U45/><E76/><V84/><F84/><W77/><G77/><T74/><D23/><N who="3" m="8745" /><G51/><T19/><D13/><U17/><E17/><V24/><F34/><W27/><G27/><T0/><D0/><U16/><E16/><V49/><F32/><W73/><G73/><T41/><D103/><U52/><E5/><V131/><F131/><W62/><G62/><T106/><REACH who="0" step="1"/><D98/><REACH who="0" ten="387,233,173,197" step="2"/><U89/><E4/><V116/><F116/><W93/><G50/><T29/><D29/><U75/><E89/><V96/><F10/><W125/><G125/><T42/><D42/><U82/><E75/><V39/><F39/><W31/><G31/><T57/><D57/><U132/><E132/><V58/><F58/><W3/><G3/><T14/><D14/><U115/><E115/><V107/><F100/><W86/><G86/><T124/><D124/><RYUUKYOKU ba="1,1" sc="387,10,233,10,173,-30,197,10" hai0="9,12,19,38,41,46,60,64,69,74,79,80,106" hai1="26,30,33,45,48,52,53,54,66,67,82,87,91" hai3="44,47,59,61,78,81,85,93,94,95" /><INIT seed="4,2,1,1,2,55" ten="397,243,143,207" oya="0" hai0="94,84,43,13,72,40,4,12,68,21,125,2,64" hai1="35,93,95,114,100,65,61,32,30,108,87,77,18" hai2="48,50,11,70,134,117,45,132,92,103,67,53,14" hai3="120,83,115,124,16,8,24,130,74,0,81,22,107"/><T128/><D72/><U25/><E108/><V104/><F117/><W90/><G107/><T102/><D128/><U106/><E35/><V121/><F121/><W27/><G130/><T131/><D131/><U85/><E114/><V44/><F104/><W133/><G115/><T28/><D125/><U112/><E112/><V79/><F79/><W86/><G124/><T96/><D2/><U38/><E38/><V62/><F103/><W54/><G120/><T19/><D28/><U97/><E85/><V109/><F92/><W33/><G133/><N who="2" m="51305" /><F109/><W110/><G110/><T37/><D37/><U80/><REACH who="1" step="1"/><E18/><REACH who="1" ten="397,233,143,207" step="2"/><N who="2" m="8543" /><F50/><W135/><G135/><T1/><D19/><U9/><E9/><V6/><F6/><W57/><G86/><T119/><D4/><U126/><E126/><V113/><F113/><W39/><G16/><T58/><D84/><U91/><E91/><V98/><F98/><W127/><G39/><T52/><D96/><U46/><E46/><AGARI ba="2,2" hai="44,45,46,48,53,62,67,70" m="8543,51305" machi="46" ten="30,1000,0" yaku="20,1" doraHai="55" who="2" fromWho="1" sc="397,0,233,-16,143,36,207,0" /><INIT seed="5,0,0,4,1,55" ten="397,217,179,207" oya="1" hai0="101,30,81,91,86,38,108,2,82,104,46,33,109" hai1="48,57,13,24,84,10,63,94,75,129,9,127,85" hai2="79,39,43,4,100,118,6,117,123,62,25,1,119" hai3="20,98,113,15,44,0,128,49,96,34,97,26,107"/><U37/><E75/><V61/><F123/><W133/><G0/><T40/><D2/><U130/><E37/><V11/><F100/><W125/><G125/><T41/><D41/><U89/><E127/><V114/><F114/><W18/><G113/><T45/><D45/><U60/><E10/><V67/><F6/><W12/><G133/><T53/><D53/><U73/><E73/><V106/><F106/><W93/><G128/><N who="1" m="49258" /><E24/><V135/><F135/><W68/><G68/><T115/><D115/><U3/><E3/><V74/><F25/><W90/><G34/><T21/><D33/><U64/><E48/><V31/><F31/><W56/><G107/><T121/><D121/><U112/><E112/><V110/><F110/><W99/><REACH who="3" step="1"/><G56/><REACH who="3" ten="397,217,179,197" step="2"/><T124/><D124/><U58/><E89/><V14/><F1/><W23/><G23/><T59/><D91/><U83/><E83/><V131/><F131/><W29/><G29/><T70/><D82/><U92/><E92/><V50/><F119/><W103/><G103/><T28/><D81/><U71/><E94/><V134/><F118/><W105/><G105/><T22/><D108/><U32/><E32/><V111/><F134/><W36/><G36/><T116/><D38/><U66/><E71/><N who="2" m="42479" /><F117/><W42/><AGARI ba="0,1" hai="12,15,18,20,26,42,44,49,90,93,96,97,98,99" machi="42" ten="30,4000,0" yaku="1,1,0,1,8,1,53,0" doraHai="55" doraHaiUra="7" who="3" fromWho="3" sc="397,-10,217,-20,179,-10,197,50" /><INIT seed="6,0,0,3,5,2" ten="387,197,169,247" oya="2" hai0="84,78,19,107,90,43,128,109,28,40,26,41,4" hai1="118,47,32,58,79,75,93,0,37,134,106,59,10" hai2="13,95,91,55,122,27,6,116,126,12,20,50,85" hai3="102,125,49,45,65,72,14,61,52,67,133,18,94"/><V117/><F122/><W7/><G72/><T21/><D107/><U31/><E106/><V88/><F126/><W1/><G125/><T74/><D109/><U89/><E118/><V105/><F105/><W114/><G114/><T62/><D128/><U86/><E134/><V25/><F117/><W123/><G123/><T57/><D4/><U44/><E32/><V103/><F116/><W23/><G133/><T54/><D74/><U113/><E113/><V111/><F111/><W112/><G112/><T60/><D78/><U127/><E127/><V81/><F103/><W15/><G1/><T5/><D5/><U131/><E131/><V96/><F6/><W38/><G38/><T108/><D108/><U64/><E31/><N who="2" m="17831" /><F27/><W132/><G132/><T11/><D11/><U51/><E37/><V73/><F73/><W39/><G39/><T77/><D77/><U48/><E0/><V16/><F16/><N who="3" m="10655" /><G7/><T35/><D60/><U110/><E110/><V66/><F66/><W29/><G29/><T99/><D99/><U135/><E135/><V119/><F119/><W24/><G24/><T71/><D71/><U56/><E10/><V34/><F34/><W63/><G67/><T129/><D129/><U17/><E17/><V36/><F36/><W9/><G65/><T92/><D35/><U104/><E104/><V76/><F76/><W121/><G121/><T69/><D69/><U130/><E130/><V101/><F101/><W82/><G82/><T8/><D28/><U124/><E124/><V30/><F30/><W46/><G102/><T83/><D83/><N who="1" m="45567" /><E64/><V97/><F97/><RYUUKYOKU ba="0,0" sc="387,10,197,10,169,10,247,-30" hai0="8,19,21,26,40,41,43,54,57,62,84,90,92" hai1="44,47,48,51,56,58,59,86,89,93" hai2="12,13,50,55,81,85,88,91,95,96" /><INIT seed="6,1,0,5,0,93" ten="397,207,179,217" oya="2" hai0="75,62,124,24,119,44,30,12,9,26,71,116,76" hai1="99,91,15,92,127,94,60,107,68,84,117,63,133" hai2="37,33,13,10,123,125,98,88,32,35,39,22,97" hai3="7,53,83,118,14,58,112,85,103,52,0,2,3"/><V111/><F123/><W132/><G118/><N who="0" m="45099" /><D124/><U48/><E117/><V56/><F125/><W36/><G36/><T23/><D44/><U45/><E127/><V121/><F121/><W20/><G132/><T29/><D75/><U59/><E68/><V65/><F22/><W25/><G112/><T34/><D76/><U4/><E133/><V31/><F31/><W129/><G129/><T16/><D62/><U41/><E107/><V42/><F111/><W1/><G103/><T46/><D46/><U126/><E126/><V130/><F130/><W74/><G74/><T50/><D50/><U61/><E4/><V6/><F42/><W8/><N who="3" m="0" /><DORA hai="105" /><W82/><G58/><T134/><D134/><U131/><E131/><V102/><F88/><W70/><G70/><AGARI ba="1,0" hai="9,12,16,23,24,26,29,30,34,70,71" m="45099" machi="70" ten="30,2000,0" yaku="12,1,54,1" doraHai="93,105" who="0" fromWho="3" sc="397,23,207,0,179,0,217,-23" /><INIT seed="7,0,0,3,1,122" ten="420,207,179,194" oya="3" hai0="43,65,47,85,81,135,49,90,33,101,88,94,69" hai1="51,52,31,8,12,105,128,4,77,68,26,41,34" hai2="124,126,104,56,50,97,131,106,1,98,6,76,111" hai3="133,71,42,39,96,48,116,64,70,13,57,127,67"/><W3/><G3/><T9/><D135/><U109/><E109/><V11/><F76/><W14/><G96/><N who="2" m="36969" /><F131/><W63/><G14/><T59/><D33/><U18/><E128/><V61/><F50/><W83/><G83/><T2/><D69/><N who="3" m="26121" /><G13/><T55/><D65/><N who="3" m="25161" /><G133/><T58/><D101/><U53/><E68/><V79/><F79/><W20/><G20/><T130/><D130/><U114/><E114/><V40/><F40/><W100/><G100/><T62/><D2/><U15/><E105/><V27/><F27/><W113/><G113/><T60/><D9/><U7/><E77/><V110/><F106/><W74/><G74/><T112/><D112/><U82/><E82/><V72/><F72/><W89/><G89/><N who="0" m="51375" /><D94/><U108/><E108/><V5/><F6/><W84/><G84/><T28/><D28/><U134/><E134/><V30/><F30/><W99/><G99/><T73/><D73/><U32/><E32/><V75/><F75/><W22/><G22/><T54/><AGARI ba="0,0" hai="43,47,49,54,55,58,59,60,62,88,90" m="51375" machi="54" ten="30,2000,0" yaku="8,1,54,1" doraHai="122" who="0" fromWho="0" sc="420,20,207,-5,179,-5,194,-10" owari="440,55.0,202,0.0,174,-33.0,184,-22.0" /></mjloggm>