<mjloggm ver="2.3"><GO type="41"/><UN n0="%EF%BC%88%E2%89%A7%E2%96%BD%E2%89%A6%EF%BC%89" n1="%E4%B8%80%E7%99%BA%E3%83%84%E3%83%A2%E5%A4%AA%E9%83%8E" n2="%E3%82%BF%E3%83%BC%E3%83%AB%EF%BC%91%EF%BC%90%EF%BD%8D%EF%BD%87" n3="%41%52%46%49" dan="15,13,15,13" rate="1996,1812,2015,1986" sx="M,M,M,M"/><TAIKYOKU oya="0"/><INIT seed="0,0,0,0,4,79" ten="250,250,250,250" oya="0" hai0="115,22,74,24,116,109,64,71,90,33,110,36,121" hai1="107,19,125,35,25,15,5,40,112,44,0,95,85" hai2="43,75,7,61,100,18,117,80,82,31,70,37,87" hai3="81,103,96,72,126,10,6,76,47,56,86,63,32"/><T3/><D121/><U4/><E107/><V23/><F31/><W135/><G32/><T101/><D116/><U132/><E125/><V12/><F117/><W55/><G126/><T1/><D115/><U127/><E127/><V91/><F100/><W67/><G135/><T89/><D33/><U78/><E132/><V113/><F113/><W131/><G131/><T28/><D36/><U20/><E112/><V88/><F7/><W49/><G72/><T65/><D101/><U54/><E54/><V48/><F37/><W29/><G29/><T13/><D13/><U84/><E0/><N who="0" m="73" /><D74/><U94/><E35/><V26/><F75/><W69/><G10/><T99/><D99/><U118/><E118/><V30/><F70/><W134/><G134/><T52/><D52/><U104/><E104/><V50/><F61/><W111/><G111/><N who="0" m="42507" /><D71/><U128/><E128/><V42/><F42/><W17/><G17/><T97/><D97/><U27/><E4/><V120/><F43/><W53/><G6/><T114/><D114/><U46/><E85/><N who="2" m="50215" /><F120/><W9/><G9/><AGARI ba="0,0" hai="9,12,18,23,26,30,48,50,82,87,91" m="50215" machi="9" ten="30,7700,0" yaku="8,1,52,2,54,1" doraHai="79" who="2" fromWho="3" sc="250,0,250,0,250,77,250,-77" /><INIT seed="1,0,0,2,5,50" ten="250,250,327,173" oya="1" hai0="27,106,100,112,107,70,99,74,35,29,53,14,71" hai1="60,3,51,1,8,134,36,129,123,5,31,115,28" hai2="108,110,16,69,68,128,33,103,105,121,48,96,17" hai3="116,124,61,82,127,93,6,97,12,54,126,72,85"/><U80/><E36/><V23/><F121/><W25/><G116/><T63/><D112/><U109/><E123/><V30/><F33/><W101/><G6/><T92/><D74/><U95/><E115/><V11/><F128/><W26/><G12/><T24/><D14/><U135/><E60/><V94/><F30/><N who="1" m="11305" /><E95/><V41/><F11/><W38/><G38/><T43/><D43/><U67/><E80/><V66/><F105/><W88/><REACH who="3" step="1"/><G72/><REACH who="3" ten="250,250,327,163" step="2"/><T78/><D24/><U83/><E129/><V65/><F69/><W46/><G46/><T20/><D70/><U79/><E109/><V56/><F68/><W39/><G39/><T15/><D71/><U84/><E67/><V75/><F75/><W62/><G62/><T64/><D64/><U22/><E3/><V59/><F66/><W113/><G113/><T45/><D63/><U52/><E1/><V34/><F65/><W55/><G55/><T58/><D45/><N who="1" m="27759" /><E5/><V0/><F0/><W86/><G86/><T87/><D87/><U130/><E130/><V19/><F108/><W122/><G122/><T21/><D35/><U120/><E120/><V91/><F34/><W118/><G118/><T132/><D15/><U131/><E131/><V119/><F119/><W117/><G117/><T125/><D27/><U111/><E111/><V37/><F37/><W90/><G90/><T57/><D29/><U73/><E73/><V44/><F110/><W4/><G4/><T49/><D49/><U133/><E22/><V32/><F32/><W42/><G42/><T10/><D20/><U77/><E8/><V98/><F23/><RYUUKYOKU ba="0,1" sc="250,-30,250,10,327,10,163,10" hai1="77,79,83,84,133,134,135" hai2="16,17,19,41,44,48,56,59,91,94,96,98,103" hai3="25,26,54,61,82,85,88,93,97,101,124,126,127" /><INIT seed="1,1,1,4,4,77" ten="220,260,337,173" oya="1" hai0="131,65,92,116,123,47,125,126,120,64,1,41,19" hai1="95,55,57,30,18,72,45,68,11,74,48,38,105" hai2="10,90,36,27,59,21,50,31,0,20,25,34,130" hai3="35,16,9,49,99,97,29,44,118,129,78,108,28"/><U46/><E105/><V132/><F36/><W51/><G108/><T43/><D1/><U40/><E30/><V96/><F132/><W15/><G118/><T26/><D116/><U69/><E95/><V110/><F130/><W88/><G129/><T98/><D131/><U37/><E18/><V42/><F110/><W134/><G51/><N who="0" m="27119" /><D26/><U124/><E11/><V3/><F10/><W112/><G112/><T32/><D19/><U122/><E74/><V13/><F34/><W54/><G134/><T89/><D32/><U6/><E6/><V4/><F13/><W109/><G78/><T114/><D114/><U71/><E72/><V128/><F4/><W115/><G115/><T5/><D5/><U101/><E101/><V133/><F128/><W23/><G109/><T81/><D43/><N who="1" m="22775" /><E122/><N who="0" m="46633" /><D81/><U82/><E82/><V8/><F8/><W80/><G35/><T83/><D83/><U17/><E17/><V61/><F3/><W24/><G29/><T70/><D70/><U76/><E76/><V79/><F79/><W60/><G60/><T7/><D7/><U52/><E124/><AGARI ba="1,1" hai="64,65,89,92,98,124,125,126" m="46633,27119" machi="124" ten="30,2000,0" yaku="18,1,13,1" doraHai="77" who="0" fromWho="1" sc="220,33,260,-23,337,0,173,0" /><INIT seed="2,0,0,2,1,124" ten="253,237,337,173" oya="2" hai0="2,68,128,132,50,69,93,20,5,34,61,52,39" hai1="103,86,25,133,83,37,45,75,121,28,6,80,10" hai2="21,63,14,117,8,98,12,4,116,54,13,59,115" hai3="130,48,120,84,99,74,26,73,31,42,41,90,96"/><V30/><F115/><W29/><G120/><T51/><D34/><U0/><E121/><V24/><REACH who="2" step="1"/><F98/><REACH who="2" ten="253,237,327,173" step="2"/><W100/><G100/><T125/><D125/><U111/><E103/><V3/><AGARI ba="0,1" hai="3,4,8,12,13,14,21,24,30,54,59,63,116,117" machi="3" ten="30,6000,0" yaku="1,1,2,1,0,1,53,0" doraHai="124" doraHaiUra="60" who="2" fromWho="2" sc="253,-20,237,-20,327,70,173,-20" /><INIT seed="2,1,0,4,5,39" ten="233,217,397,153" oya="2" hai0="6,98,48,27,59,70,99,54,79,7,85,77,82" hai1="72,86,29,130,119,124,107,114,71,11,128,88,115" hai2="87,131,92,68,14,50,66,129,125,35,57,104,22" hai3="28,45,34,89,40,84,75,58,97,37,36,64,62"/><V33/><F104/><W81/><G75/><T43/><D70/><U67/><E72/><V60/><F125/><W47/><G34/><T63/><D27/><U80/><E29/><V91/><F57/><W20/><G97/><N who="0" m="36875" /><D79/><U52/><E107/><V30/><F50/><W46/><G28/><T105/><D105/><U25/><E119/><V110/><F110/><W116/><G116/><T23/><D23/><U134/><E25/><N who="2" m="16695" /><F14/><W17/><REACH who="3" step="1"/><G36/><REACH who="3" ten="233,217,397,143" step="2"/><T83/><D83/><U132/><E124/><V16/><F35/><W3/><G3/><T76/><D76/><U12/><E115/><V106/><F33/><W19/><G19/><T108/><D108/><U100/><E114/><V18/><F106/><W95/><G95/><T56/><D82/><U61/><E100/><V135/><F16/><W69/><G69/><T93/><D77/><U122/><E122/><V126/><F18/><W90/><G90/><N who="0" m="53455" /><D6/><U117/><E117/><V49/><F92/><W0/><G0/><T9/><D7/><U15/><E15/><AGARI ba="1,1" hai="15,17,20,37,40,45,46,47,58,62,64,81,84,89" machi="15" ten="30,7700,0" yaku="1,1,7,1,52,1,53,1" doraHai="39" doraHaiUra="8" who="3" fromWho="1" sc="233,0,217,-80,397,0,143,90" /><INIT seed="3,0,0,4,5,93" ten="233,137,397,233" oya="3" hai0="47,103,131,4,46,43,56,113,94,96,98,112,52" hai1="36,40,0,86,51,65,3,70,87,132,48,11,9" hai2="66,24,2,26,123,1,42,73,110,97,33,104,5" hai3="54,91,29,68,107,114,85,30,75,80,64,111,39"/><W101/><G114/><N who="0" m="44139" /><D131/><U109/><E70/><V23/><F110/><W32/><G111/><T78/><D78/><U120/><E120/><V76/><F123/><W59/><G39/><T115/><D115/><U116/><E65/><V14/><F66/><W71/><G75/><T100/><D4/><U8/><E109/><V28/><F42/><W27/><G30/><T102/><D43/><U134/><E36/><V95/><F104/><W13/><G13/><T49/><D102/><U22/><E22/><V88/><F76/><W58/><G71/><T99/><D99/><U55/><E40/><V122/><F73/><W129/><G129/><T60/><D60/><U34/><E116/><V125/><F125/><W133/><G133/><N who="1" m="51306" /><E34/><V67/><F67/><W124/><G124/><T83/><D83/><U44/><E51/><V57/><F57/><W92/><G92/><AGARI ba="0,0" hai="46,47,49,52,56,92,94,96,98,100,103" m="44139" machi="92" ten="30,7700,0" yaku="11,1,52,2,54,1" doraHai="93" who="0" fromWho="3" sc="233,77,137,0,397,0,233,-77" /><INIT seed="4,0,0,2,0,56" ten="310,137,397,156" oya="0" hai0="81,68,3,32,109,11,99,7,5,118,85,45,126" hai1="92,97,78,1,57,117,8,127,75,66,47,77,100" hai2="83,35,82,89,33,55,87,113,110,13,19,133,6" hai3="2,61,64,24,44,102,120,60,94,54,95,27,108"/><T16/><D118/><U69/><E69/><V116/><F110/><W40/><G108/><T31/><D109/><U4/><E117/><V25/><F116/><W73/><G120/><T106/><D68/><U111/><E111/><V125/><F113/><W29/><G2/><T18/><D126/><U49/><E127/><V21/><F133/><W42/><G73/><T86/><D7/><U59/><E75/><V62/><F125/><W46/><G102/><T22/><D45/><U114/><E114/><V23/><F35/><W52/><G29/><T26/><D18/><U80/><E80/><N who="2" m="49383" /><F33/><W37/><G37/><T67/><D67/><AGARI ba="0,0" hai="24,27,40,42,44,46,52,54,60,61,64,67,94,95" machi="67" ten="25,12000,2" yaku="22,2,8,1,52,2,54,1" doraHai="56" who="3" fromWho="0" sc="310,-120,137,0,397,0,156,120" /><INIT seed="5,0,0,0,2,71" ten="190,137,397,276" oya="1" hai0="47,91,23,46,43,86,118,116,65,18,52,87,134" hai1="106,92,129,125,75,7,96,101,103,54,112,51,79" hai2="15,21,107,81,85,117,13,77,31,105,8,25,120" hai3="53,36,9,45,64,69,133,14,94,59,11,17,41"/><U5/><E125/><V26/><F117/><W68/><G133/><T0/><D0/><U10/><E129/><V99/><F120/><W35/><G35/><T62/><D134/><U109/><E109/><V100/><F26/><W73/><G73/><T121/><D121/><U37/><E112/><V39/><F39/><W66/><G94/><T76/><D76/><U30/><E30/><V119/><F119/><W50/><REACH who="3" step="1"/><G9/><REACH who="3" ten="190,137,397,266" step="2"/><T55/><D116/><U42/><E106/><V93/><F8/><W1/><G1/><T82/><D118/><U44/><E103/><V80/><F93/><W74/><G74/><T4/><D86/><U70/><E70/><AGARI ba="0,1" hai="11,14,17,36,41,45,50,53,59,64,66,68,69,70" machi="70" ten="40,8000,1" yaku="1,1,52,1,53,2" doraHai="71" doraHaiUra="60" who="3" fromWho="1" sc="190,0,137,-80,397,0,266,90" /><INIT seed="6,0,0,2,0,100" ten="190,57,397,356" oya="2" hai0="50,71,9,57,130,59,102,31,93,51,117,48,79" hai1="29,129,14,24,12,68,15,94,118,23,103,84,22" hai2="112,3,40,55,2,127,65,89,123,98,91,62,64" hai3="134,16,21,87,106,107,7,42,47,108,46,120,113"/><V25/><F123/><W109/><G120/><T45/><D117/><U66/><E118/><V101/><F3/><W33/><G113/><T52/><D130/><U41/><E41/><V96/><F2/><W1/><G33/><T5/><D71/><U131/><E66/><V0/><F0/><W60/><G134/><T85/><D31/><U36/><E68/><V20/><F112/><W32/><G32/><T99/><D50/><U34/><E36/><V135/><F40/><W95/><G47/><T75/><D75/><U122/><E122/><V81/><F127/><W124/><G124/><T125/><D125/><U19/><E84/><V70/><F65/><W53/><G1/><T67/><D67/><U27/><E94/><V58/><F96/><W111/><G7/><T10/><D5/><U78/><E78/><V86/><F135/><W90/><G60/><T63/><D51/><U88/><E103/><V69/><F91/><W121/><G53/><N who="0" m="34287" /><D45/><U43/><E88/><V119/><F64/><W133/><G133/><T28/><D28/><N who="1" m="19743" /><E43/><V92/><F119/><W74/><G74/><T11/><D79/><U116/><E116/><V115/><F115/><W30/><G30/><AGARI ba="0,0" hai="20,25,30,55,58,62,69,70,81,86,89,92,98,101" machi="30" ten="30,1500,0" yaku="7,1" doraHai="100" who="2" fromWho="3" sc="190,0,57,0,397,15,356,-15" /><INIT seed="6,1,0,4,3,112" ten="190,57,412,341" oya="2" hai0="38,15,123,114,80,125,113,124,78,13,74,26,100" hai1="68,67,92,83,56,34,108,104,11,118,24,96,87" hai2="73,8,126,133,25,90,59,60,131,36,17,35,31" hai3="30,107,106,33,0,130,98,91,135,22,70,77,3"/><V32/><F36/><W51/><G70/><T55/><D38/><U64/><E108/><V134/><F73/><W2/><G135/><N who="2" m="51721" /><F126/><N who="0" m="48746" /><D123/><U4/><E68/><V94/><F131/><W5/><G130/><T76/><D55/><U116/><E104/><V101/><F101/><W66/><G77/><N who="0" m="44087" /><D26/><U110/><E110/><V127/><F127/><W115/><G5/><T65/><D65/><U28/><E64/><N who="2" m="38943" /><F8/><W88/><G66/><T54/><D100/><U18/><E18/><V29/><F17/><W6/><G33/><N who="2" m="12873" /><F25/><W12/><G6/><T50/><D114/><U39/><E39/><V99/><AGARI ba="1,0" hai="29,31,90,94,99" m="12873,38943,51721" machi="99" ten="30,1500,0" yaku="20,1" doraHai="112" who="2" fromWho="2" sc="190,-6,57,-6,412,18,341,-6" /><INIT seed="6,2,0,3,3,97" ten="184,51,430,335" oya="2" hai0="46,19,98,8,118,96,73,37,5,69,20,57,82" hai1="77,131,74,111,24,21,36,124,121,92,109,71,79" hai2="58,128,47,132,117,87,119,135,123,72,39,14,31" hai3="106,35,1,59,49,76,115,55,103,91,17,83,60"/><V89/><F123/><W22/><G1/><T99/><D69/><U134/><E36/><V130/><F72/><W7/><G35/><T78/><D118/><U81/><E71/><V104/><F31/><W126/><G126/><T38/><D57/><U13/><E13/><V45/><F14/><W2/><G91/><T12/><REACH who="0" step="1"/><D46/><REACH who="0" ten="174,51,430,335" step="2"/><U0/><E0/><AGARI ba="2,1" hai="0,5,8,12,19,20,37,38,73,78,82,96,98,99" machi="0" ten="40,2600,0" yaku="1,1,2,1,53,0" doraHai="97" doraHaiUra="66" who="0" fromWho="1" sc="174,42,51,-32,430,0,335,0" /><INIT seed="7,0,0,2,5,21" ten="216,19,430,335" oya="3" hai0="46,105,127,116,125,70,99,80,23,61,0,10,36" hai1="86,77,101,78,7,126,64,92,54,15,47,14,2" hai2="35,130,43,120,67,73,83,129,74,100,20,30,59" hai3="118,55,104,62,103,133,33,122,37,39,93,26,87"/><W91/><G122/><T3/><D116/><U48/><E126/><V4/><F35/><W56/><G118/><T29/><D80/><U1/><E1/><V106/><F120/><W109/><G109/><T17/><D105/><U97/><E2/><V98/><F4/><W113/><G113/><T40/><D99/><U32/><E32/><V114/><F114/><W128/><G133/><T135/><D135/><U24/><E64/><V45/><F83/><W123/><G128/><N who="2" m="49257" /><F59/><W60/><G123/><T25/><D0/><U57/><E86/><V38/><F67/><W53/><G104/><T132/><D132/><U82/><E82/><V28/><F20/><W49/><G103/><T19/><D70/><U117/><E117/><V66/><F66/><W84/><G87/><T94/><D94/><U88/><E101/><V65/><F65/><W51/><G37/><T22/><D61/><U13/><E7/><V12/><F12/><W63/><G39/><T6/><REACH who="0" step="1"/><D29/><AGARI ba="0,0" hai="28,29,30,38,43,45,73,74,98,100,106" m="49257" machi="29" ten="30,1000,0" yaku="19,1" doraHai="21" who="2" fromWho="0" sc="216,-10,19,0,430,10,335,0" owari="206,-19.0,19,-48.0,440,53.0,335,14.0" /></mjloggm>