<mjloggm ver="2.3"><GO type="169" lobby="0"/><UN n0="%EF%BC%88%E2%89%A7%E2%96%BD%E2%89%A6%EF%BC%89" n1="%E3%83%9A%E3%83%81%E3%83%A7%E3%83%BC%E3%83%AA%E3%83%B3" n2="%E3%81%94%E3%81%98%E3%82%83%E3%82%8B" n3="%6D%65%24%6F" dan="18,18,19,16" rate="2142.58,2228.58,2279.00,2087.60" sx="F,M,M,M"/><TAIKYOKU oya="0"/><INIT seed="0,0,0,0,2,132" ten="250,250,250,250" oya="0" hai0="11,15,126,23,36,39,78,135,69,73,13,118,60" hai1="82,88,86,31,40,70,134,117,119,16,77,79,65" hai2="113,8,123,102,4,81,46,92,20,52,48,50,133" hai3="30,111,9,14,112,3,59,98,47,76,61,58,91"/><T68/><D135/><U55/><E134/><V57/><F133/><W115/><G3/><T45/><D118/><U120/><E120/><V53/><F123/><W80/><G30/><T21/><D73/><U128/><E40/><V110/><F113/><W34/><G34/><T100/><D100/><U27/><E128/><V10/><F110/><W24/><G24/><T0/><D78/><U5/><E5/><V42/><F4/><W19/><G111/><T12/><D0/><U93/><E79/><V25/><F81/><W56/><G61/><T33/><D33/><U90/><E90/><V121/><F121/><W125/><G47/><T104/><D45/><U72/><E16/><N who="2" m="12423" /><F42/><W130/><G130/><T95/><D11/><U26/><E26/><V103/><F103/><W106/><G106/><T89/><D104/><U107/><E107/><V74/><F74/><W84/><G98/><AGARI ba="0,0" hai="8,10,46,48,50,52,53,57,92,98,102" m="12423" machi="98" ten="30,3900,0" yaku="8,1,54,2" doraHai="132" who="2" fromWho="3" sc="250,0,250,0,250,39,250,-39" /><INIT seed="1,0,0,0,2,80" ten="250,250,289,211" oya="1" hai0="110,12,13,97,50,135,28,124,115,29,32,127,48" hai1="35,100,43,133,23,84,114,116,82,53,65,3,58" hai2="109,105,22,103,88,128,20,131,111,75,61,98,108" hai3="54,99,89,85,107,93,4,5,106,76,0,27,42"/><U69/><E35/><V17/><F75/><W31/><G42/><T55/><D115/><U45/><E3/><V56/><F22/><W81/><G54/><T113/><D113/><U9/><E116/><V6/><F6/><W96/><G0/><T118/><D118/><U51/><E114/><V132/><F132/><W123/><G123/><T79/><D135/><U112/><E112/><V10/><F10/><W67/><G67/><T62/><D62/><U30/><E100/><V49/><F49/><W101/><REACH who="3" step="1"/><G107/><REACH who="3" ten="250,250,289,201" step="2"/><T18/><D55/><U95/><E43/><V41/><F41/><W91/><G91/><T40/><D40/><U130/><E53/><N who="2" m="33935" /><F88/><W57/><G57/><T1/><D50/><U129/><E58/><V70/><F70/><W87/><G87/><T46/><D48/><U77/><E84/><V122/><F122/><W73/><G73/><T71/><D71/><U34/><E51/><V33/><F33/><AGARI ba="0,1" hai="4,5,27,31,33,76,81,85,89,93,96,99,101,106" machi="33" ten="30,8000,1" yaku="1,1,7,1,52,1,53,2" doraHai="80" doraHaiUra="2" who="3" fromWho="2" sc="250,0,250,0,289,-80,201,90" /><INIT seed="2,0,0,5,0,30" ten="250,250,209,291" oya="2" hai0="89,13,111,88,4,108,46,37,127,60,28,90,18" hai1="81,1,23,17,83,8,94,63,107,129,73,34,100" hai2="77,91,21,62,69,99,45,12,14,95,92,120,119" hai3="101,134,7,93,98,106,123,6,49,78,132,64,40"/><V47/><F119/><W97/><G123/><T41/><D127/><U65/><E129/><V84/><F120/><W27/><G64/><T75/><D75/><U126/><E126/><V105/><F105/><W103/><G78/><T0/><D28/><U122/><E107/><V20/><F69/><W79/><G79/><T29/><D29/><U38/><E38/><V22/><F62/><W31/><G40/><T104/><D104/><U16/><E122/><V71/><F71/><W124/><G49/><T68/><D4/><U128/><E34/><V57/><F57/><W25/><G25/><T53/><D0/><U43/><E43/><V114/><F114/><W42/><G42/><T117/><D117/><U5/><E128/><V54/><F77/><W36/><G36/><T74/><D74/><U131/><E131/><V116/><F116/><W55/><G55/><T61/><D53/><U59/><E73/><V44/><REACH who="2" step="1"/><F54/><REACH who="2" ten="250,250,199,291" step="2"/><W67/><G124/><T19/><D68/><U3/><E59/><V121/><F121/><W125/><G125/><T58/><D58/><U133/><E63/><V80/><F80/><W48/><G67/><T32/><D61/><U115/><E65/><V110/><F110/><W11/><G106/><T102/><D60/><U87/><E83/><V112/><F112/><W113/><G113/><T26/><D111/><U9/><E81/><V70/><F70/><W56/><G56/><T33/><D108/><U35/><E115/><V86/><F86/><W15/><G98/><T10/><D41/><U50/><E87/><V85/><F85/><W72/><G97/><RYUUKYOKU ba="0,1" sc="250,-10,250,-10,199,30,291,-10" hai2="12,14,20,21,22,44,45,47,84,91,92,95,99" /><INIT seed="2,1,1,4,1,33" ten="240,240,229,281" oya="2" hai0="80,78,30,29,79,117,102,1,56,81,92,38,57" hai1="71,85,51,100,22,47,28,133,27,19,34,89,134" hai2="14,125,60,107,128,26,41,105,135,31,112,75,5" hai3="121,50,44,86,122,93,43,72,97,54,58,82,23"/><V91/><F112/><W40/><G72/><T108/><D38/><U83/><E100/><V87/><F75/><W98/><G40/><T10/><D117/><U73/><E71/><V18/><F5/><W4/><G4/><T46/><D108/><U3/><E73/><V53/><F41/><W77/><G23/><T52/><D46/><U123/><E3/><V36/><F36/><W63/><REACH who="3" step="1"/><G98/><REACH who="3" ten="240,240,229,271" step="2"/><N who="0" m="59719" /><D10/><U13/><REACH who="1" step="1"/><E123/><REACH who="1" ten="240,230,229,271" step="2"/><V109/><F109/><W2/><G2/><T65/><D1/><U111/><E111/><V55/><F135/><W104/><G104/><T106/><D106/><U95/><E95/><V110/><F107/><W59/><G59/><T66/><D57/><U124/><E124/><V115/><F125/><W12/><G12/><T45/><D56/><U130/><E130/><V42/><F128/><W16/><G16/><T101/><D29/><U90/><E90/><AGARI ba="1,3" hai="43,44,50,54,58,63,77,82,86,90,93,97,121,122" machi="90" ten="30,2000,0" yaku="1,1,7,1,53,0" doraHai="33" doraHaiUra="96" who="3" fromWho="1" sc="240,0,230,-23,229,0,271,53" /><INIT seed="3,0,0,1,5,105" ten="240,207,229,324" oya="3" hai0="115,53,92,130,19,97,118,8,117,26,98,33,58" hai1="38,40,134,64,110,2,107,28,22,116,68,78,82" hai2="129,52,76,30,113,79,101,95,65,24,94,120,56" hai3="36,12,71,80,73,93,133,77,59,127,135,72,48"/><W69/><G36/><T29/><D130/><U13/><E2/><V122/><F65/><W10/><G127/><T15/><D115/><U9/><E107/><V27/><F113/><W85/><G59/><T44/><D44/><U45/><E116/><V17/><F17/><W46/><G71/><T42/><D42/><U43/><E43/><V55/><F129/><W123/><G69/><T6/><D98/><U75/><E110/><V114/><F114/><W63/><G63/><T23/><D92/><U91/><E134/><N who="3" m="51210" /><G93/><T102/><D97/><U5/><E91/><V131/><F131/><W54/><G123/><T88/><D88/><U61/><E22/><V126/><F56/><W111/><G111/><T32/><D102/><U67/><E67/><V99/><F99/><W112/><G112/><T125/><D33/><U14/><E14/><V1/><F1/><W132/><G132/><T74/><D125/><U90/><E90/><V57/><F57/><W16/><AGARI ba="0,0" hai="10,12,16,46,48,54,72,73,77,80,85" m="51210" machi="16" ten="30,11700,0" yaku="20,1,52,2,54,1" doraHai="105" who="3" fromWho="3" sc="240,-39,207,-39,229,-39,324,117" /><INIT seed="3,1,0,5,5,65" ten="201,168,190,441" oya="3" hai0="93,75,37,97,22,85,40,103,12,124,13,83,86" hai1="23,57,0,129,105,16,59,94,90,49,98,95,17" hai2="61,71,45,121,1,33,14,81,72,9,24,34,46" hai3="66,107,4,27,6,120,60,100,63,19,28,108,74"/><W134/><G74/><T38/><D124/><U76/><E0/><V113/><F113/><W69/><G120/><T44/><D38/><U116/><E129/><V52/><F1/><W11/><G134/><T18/><REACH who="0" step="1"/><D12/><REACH who="0" ten="191,168,190,441" step="2"/><N who="1" m="9607" /><E116/><V88/><F121/><W3/><G3/><T109/><D109/><U91/><E105/><V84/><F14/><W115/><G108/><T127/><D127/><U119/><E119/><V29/><F72/><W43/><G115/><T55/><D55/><U36/><E36/><V50/><F9/><W48/><G107/><T130/><D130/><U118/><E118/><V32/><REACH who="2" step="1"/><F45/><REACH who="2" ten="191,168,180,441" step="2"/><W35/><G11/><T89/><D89/><U62/><E91/><V21/><F21/><W133/><G133/><T73/><D73/><U67/><E90/><V110/><F110/><W47/><G47/><T104/><D104/><U135/><E135/><V51/><F51/><W106/><G48/><T112/><D112/><U80/><E49/><V68/><F68/><W54/><G69/><T39/><D39/><U79/><E79/><AGARI ba="1,2" hai="13,18,22,37,40,44,75,79,83,85,86,93,97,103" machi="79" ten="40,1300,0" yaku="1,1,53,0" doraHai="65" doraHaiUra="2" who="0" fromWho="1" sc="191,36,168,-16,180,0,441,0" /><INIT seed="4,0,0,4,3,7" ten="227,152,180,441" oya="0" hai0="23,81,51,19,71,13,50,10,59,44,54,3,43" hai1="24,134,108,117,72,16,92,124,62,101,18,41,84" hai2="115,98,21,116,103,30,6,88,34,123,132,53,89" hai3="120,70,90,121,39,33,91,38,75,125,56,17,109"/><T113/><D113/><U26/><E72/><V65/><F123/><N who="3" m="47179" /><G109/><T28/><D71/><U126/><E117/><V83/><F34/><W29/><G70/><T74/><D3/><U4/><E108/><V31/><F115/><W131/><G75/><T130/><D130/><U2/><E134/><V66/><F132/><W79/><G79/><T77/><REACH who="0" step="1"/><D28/><REACH who="0" ten="217,152,180,441" step="2"/><U111/><E111/><V36/><F31/><W35/><G29/><T8/><AGARI ba="0,1" hai="8,10,13,19,23,43,44,50,51,54,59,74,77,81" machi="8" ten="30,12000,1" yaku="1,1,2,1,0,1,52,2,53,0" doraHai="7" doraHaiUra="97" who="0" fromWho="0" sc="217,130,152,-40,180,-40,441,-40" /><INIT seed="4,1,0,2,1,5" ten="347,112,140,401" oya="0" hai0="55,105,98,114,34,120,110,86,127,28,9,4,54" hai1="19,106,26,111,83,135,75,130,18,70,61,80,124" hai2="103,113,6,97,99,100,63,92,24,40,14,35,132" hai3="29,53,115,95,82,93,47,13,112,133,25,27,121"/><T11/><D120/><U36/><E111/><V17/><F113/><N who="3" m="43595" /><G121/><T0/><D110/><U81/><E36/><V23/><F132/><W33/><G133/><T41/><D114/><U22/><E135/><V21/><F35/><W78/><G25/><T49/><D127/><U44/><E106/><V65/><F40/><W90/><G90/><T32/><D41/><U43/><E124/><V8/><F23/><W71/><G71/><T20/><D86/><U108/><E108/><V126/><F126/><W109/><G109/><T76/><D76/><U56/><E70/><V46/><F46/><W84/><G13/><T129/><D129/><U31/><E130/><V66/><REACH who="2" step="1"/><F63/><REACH who="2" ten="347,112,130,401" step="2"/><W122/><G122/><T57/><D34/><U42/><E75/><V30/><F30/><W101/><G47/><T107/><D32/><U88/><E43/><V104/><AGARI ba="1,1" hai="6,8,14,17,21,24,65,66,92,97,99,100,103,104" machi="104" ten="20,5200,0" yaku="1,1,0,1,7,1,52,1,53,0" doraHai="5" doraHaiUra="58" who="2" fromWho="2" sc="347,-27,112,-14,130,65,401,-14" /><INIT seed="5,0,0,5,3,94" ten="320,98,195,387" oya="1" hai0="47,78,66,54,17,124,33,84,103,83,9,12,20" hai1="21,6,16,110,32,37,100,59,4,132,56,14,35" hai2="8,134,44,31,86,76,105,97,19,27,3,92,118" hai3="122,42,72,107,119,51,130,123,45,96,68,80,121"/><U126/><E37/><V111/><F111/><W125/><G68/><T99/><D33/><N who="1" m="12875" /><E100/><V77/><F118/><W34/><G119/><T10/><D66/><U29/><E56/><V28/><F134/><W88/><G34/><T112/><D112/><U89/><E59/><V93/><F105/><W40/><G125/><T127/><D47/><U61/><E61/><V74/><F74/><W64/><G64/><T41/><D54/><U70/><E89/><V38/><F38/><W52/><G130/><T43/><D124/><U109/><E70/><V129/><F129/><W23/><G107/><T113/><D113/><U2/><E126/><V69/><F69/><W114/><G114/><T63/><D63/><U90/><E90/><V117/><F117/><W11/><G72/><T49/><D127/><U58/><E58/><V106/><F106/><W0/><G80/><T71/><D71/><U81/><E81/><V108/><F44/><W55/><G40/><N who="0" m="15435" /><D49/><U82/><E82/><V18/><F86/><W133/><G42/><T102/><D102/><U75/><E75/><V46/><F46/><W98/><G55/><T116/><D116/><U87/><E87/><V104/><F104/><W7/><G133/><T24/><D103/><U73/><E73/><V36/><F36/><W30/><G88/><T67/><D67/><U5/><E132/><V120/><F77/><W50/><G50/><T53/><D53/><U15/><E29/><V26/><F76/><W95/><G95/><T65/><D65/><U91/><E91/><V48/><F93/><W60/><G60/><T135/><D135/><RYUUKYOKU ba="0,0" sc="320,-10,98,-10,195,-10,387,30" hai3="0,7,11,23,30,45,51,52,96,98,121,122,123" /><INIT seed="6,1,0,1,5,99" ten="310,88,185,417" oya="2" hai0="7,78,37,55,124,74,82,0,5,69,117,41,93" hai1="70,77,120,54,72,110,105,10,94,61,60,130,25" hai2="45,111,3,44,100,8,114,26,68,18,71,86,11" hai3="79,13,95,123,53,87,64,51,63,81,128,34,14"/><V80/><F114/><W73/><G34/><T89/><D69/><U132/><E110/><V32/><F111/><W39/><G39/><T108/><D124/><U46/><E105/><V92/><F71/><W49/><G123/><T35/><D35/><U133/><E120/><V9/><F68/><W6/><G128/><T50/><D108/><U31/><E130/><V134/><F3/><W21/><G14/><T103/><D117/><U97/><E10/><V48/><F134/><W83/><G95/><T43/><D37/><U75/><E77/><N who="2" m="46351" /><F32/><W90/><G53/><T84/><D0/><U107/><E107/><V101/><F92/><W1/><G1/><T27/><D27/><U38/><E70/><V17/><F45/><W22/><G81/><T23/><D23/><N who="1" m="15807" /><E38/><V29/><F29/><W115/><G83/><T40/><D74/><N who="1" m="28203" /><E46/><V59/><F59/><W102/><G73/><T24/><D78/><U129/><E129/><V91/><F91/><W36/><G90/><T28/><D28/><U131/><E131/><V112/><F112/><W16/><G79/><T126/><D24/><U56/><E61/><V116/><F116/><W66/><G63/><T119/><D119/><U57/><E57/><V65/><F65/><W96/><G64/><T4/><D82/><U52/><E54/><N who="2" m="29959" /><F26/><W113/><G113/><T67/><D67/><U122/><E122/><V30/><F30/><W20/><G66/><T127/><D127/><U85/><E85/><V62/><F62/><W76/><G87/><T98/><D126/><U135/><E133/><V109/><F109/><W125/><G125/><RYUUKYOKU ba="1,0" sc="310,-15,88,15,185,15,417,-15" hai1="52,56,60,94,97,132,135" hai2="8,9,11,17,18,100,101" /><INIT seed="6,2,0,3,0,103" ten="295,103,200,402" oya="2" hai0="59,16,123,34,5,37,92,98,54,107,83,88,129" hai1="57,121,66,61,63,76,105,80,46,79,133,134,4" hai2="24,36,41,60,10,53,135,104,124,117,97,26,13" hai3="23,119,1,114,101,126,131,40,86,89,56,2,22"/><V113/><F117/><W29/><G119/><T132/><D37/><U125/><E4/><V106/><F113/><W118/><G114/><T17/><D34/><U55/><E121/><V68/><F124/><W90/><G126/><T111/><D123/><U31/><E125/><V52/><F135/><N who="1" m="51721" /><E31/><V43/><F68/><W47/><G118/><T7/><D111/><U39/><E39/><V27/><F97/><W127/><G131/><T87/><D107/><U62/><E46/><V100/><F100/><W128/><G101/><N who="0" m="60615" /><D129/><U30/><E30/><V93/><F93/><W65/><G128/><T95/><D95/><U108/><E108/><V51/><F60/><N who="1" m="23145" /><E66/><V110/><F110/><W50/><G65/><T20/><D132/><U99/><E80/><V84/><F84/><W48/><G86/><T81/><D81/><U12/><E12/><V94/><F94/><W120/><G120/><T116/><D116/><U58/><E58/><V115/><F115/><W28/><G56/><T35/><D35/><U25/><E25/><V15/><F36/><W70/><G127/><T91/><D91/><U6/><E6/><N who="0" m="2057" /><D20/><U38/><E38/><V69/><F69/><W18/><G70/><T44/><D44/><U73/><E73/><V96/><F96/><W102/><G47/><T71/><D71/><U109/><E109/><V19/><F27/><W122/><G122/><T3/><D3/><U49/><N who="1" m="23153" /><AGARI ba="2,0" hai="16,17,54,59,63,83,87,88" m="2057,60615" machi="63" ten="30,7700,0" yaku="3,1,8,1,54,2" doraHai="103" who="0" fromWho="1" sc="295,83,103,-83,200,0,402,0" /><INIT seed="7,0,0,5,0,122" ten="378,20,200,402" oya="3" hai0="40,53,49,8,131,25,130,18,85,116,1,13,119" hai1="78,107,64,83,127,92,46,28,30,34,123,43,84" hai2="32,111,68,4,120,132,90,7,73,61,104,23,60" hai3="113,16,88,59,6,89,77,102,133,19,57,0,117"/><W103/><G117/><T24/><D40/><U75/><E123/><V94/><F32/><W39/><G39/><T98/><D98/><U114/><E127/><V66/><F104/><W52/><G77/><T108/><D85/><U82/><E114/><V3/><F3/><W134/><G113/><T124/><D124/><U110/><E64/><V35/><F35/><W101/><G57/><T125/><D125/><U26/><E30/><V118/><F73/><W12/><G0/><T106/><D106/><U79/><E107/><V67/><F132/><N who="3" m="50795" /><G6/><N who="0" m="1103" /><D108/><U48/><E92/><V95/><F118/><N who="0" m="45098" /><D53/><U15/><E15/><V9/><F120/><W14/><G14/><T38/><D49/><U31/><E31/><V33/><F33/><W99/><G12/><T115/><D38/><U121/><E121/><V76/><F76/><W91/><G99/><T62/><D62/><AGARI ba="0,0" hai="16,19,52,59,62,88,89,91,101,102,103" m="50795" machi="62" ten="40,12000,1" yaku="20,1,54,3" doraHai="122" who="3" fromWho="0" sc="378,-120,20,0,200,0,402,120" owari="258,6.0,20,-48.0,200,-20.0,522,62.0" /></mjloggm>