<mjloggm ver="2.3"><GO type="169" lobby="0"/><UN n0="%E8%B6%85%E3%83%92%E3%83%A2%E3%83%AA%E3%83%AD" n1="%E4%B8%83%E3%83%84%E7%9B%AE%E7%8E%89" n2="%EF%BC%88%E2%89%A7%E2%96%BD%E2%89%A6%EF%BC%89" n3="%41%70%70%6C%65%2A" dan="18,18,17,16" rate="2227.96,2230.61,2165.30,2091.57" sx="F,M,M,M"/><TAIKYOKU oya="0"/><INIT seed="0,0,0,4,3,91" ten="250,250,250,250" oya="0" hai0="30,99,10,134,34,80,66,39,135,110,87,122,75" hai1="79,100,68,42,65,111,41,40,64,114,31,71,3" hai2="53,121,113,51,73,106,21,109,95,38,61,81,0" hai3="59,119,13,15,107,16,12,117,47,92,29,26,8"/><T77/><D122/><U18/><E3/><V131/><F38/><W24/><G107/><T56/><D39/><U74/><E31/><V88/><F0/><W69/><G69/><N who="1" m="26698" /><E100/><V54/><F106/><W133/><G133/><T50/><D10/><U89/><E18/><V19/><F121/><W125/><G125/><T35/><D75/><U44/><E89/><V84/><F113/><W2/><G47/><T102/><D110/><U45/><E79/><V83/><F131/><W130/><G130/><T25/><D35/><U1/><E1/><V86/><F109/><W6/><G117/><T94/><REACH who="0" step="1"/><D50/><REACH who="0" ten="240,250,250,250" step="2"/><N who="1" m="26887" /><E74/><V70/><F73/><W57/><G119/><T27/><D27/><U124/><E111/><V5/><F5/><W37/><G37/><T127/><D127/><U76/><E124/><V85/><F81/><W129/><G129/><T98/><D98/><U126/><E126/><V20/><F83/><W49/><G49/><T108/><D108/><U112/><E112/><V128/><F128/><W60/><G26/><T67/><D67/><U55/><E114/><V101/><F51/><W36/><G36/><T22/><D22/><U93/><E65/><N who="2" m="41263" /><F21/><W28/><G24/><T132/><D132/><U4/><E64/><V11/><F11/><W123/><G123/><T104/><D104/><U97/><E4/><V62/><F20/><W63/><G6/><T118/><D118/><U72/><E72/><V14/><F84/><W120/><G120/><T32/><D32/><U116/><E116/><V103/><F85/><W7/><G7/><T23/><D23/><U46/><E97/><RYUUKYOKU ba="0,1" sc="240,30,250,-10,250,-10,250,-10" hai0="25,30,34,56,66,77,80,87,94,99,102,134,135" /><INIT seed="0,1,1,3,5,67" ten="270,240,240,240" oya="0" hai0="120,99,82,92,24,36,89,125,91,79,58,1,35" hai1="68,78,90,87,83,61,131,53,70,37,65,66,44" hai2="118,29,72,6,19,96,57,102,105,101,16,122,76" hai3="40,69,133,9,46,109,71,34,108,28,62,5,2"/><T38/><D120/><U135/><E135/><V12/><F122/><W75/><G75/><T111/><D125/><U31/><E131/><V63/><F118/><W64/><G133/><T93/><D1/><U116/><E116/><V95/><F29/><W41/><G41/><T20/><D35/><U33/><E31/><V98/><F72/><W13/><G13/><T30/><D58/><U25/><E25/><V94/><F76/><W26/><REACH who="3" step="1"/><G69/><REACH who="3" ten="270,240,240,230" step="2"/><T42/><D42/><U115/><E70/><V49/><F105/><W132/><G132/><T117/><D117/><U126/><E68/><V81/><F81/><W86/><G86/><T11/><D111/><U77/><E87/><V0/><F0/><W39/><AGARI ba="1,2" hai="2,5,9,26,28,34,39,40,46,62,64,71,108,109" machi="39" ten="30,12000,2" yaku="1,1,0,1,23,2,52,1,53,1" doraHai="67" doraHaiUra="7" who="3" fromWho="3" sc="270,-61,240,-31,240,-31,230,143" /><INIT seed="1,0,0,5,5,134" ten="209,209,209,373" oya="1" hai0="96,114,108,82,20,78,64,70,77,51,46,128,97" hai1="14,6,32,19,58,50,47,1,23,29,43,45,48" hai2="127,83,62,72,12,100,25,69,121,42,117,88,31" hai3="5,17,95,10,124,85,40,57,39,15,75,59,123"/><U27/><E58/><V21/><F121/><W26/><G75/><T129/><D108/><U126/><E126/><V105/><F117/><W91/><G123/><T68/><D114/><U90/><E90/><V118/><F118/><W93/><G124/><T109/><D109/><U133/><E133/><V89/><F127/><W55/><G40/><T130/><D20/><U87/><E87/><V113/><F113/><W98/><G39/><T8/><D8/><U84/><E84/><V9/><F42/><W28/><G5/><T131/><D78/><U0/><REACH who="1" step="1"/><E6/><REACH who="1" ten="209,199,209,373" step="2"/><V54/><F89/><W111/><G111/><T18/><D131/><U33/><E33/><V65/><F88/><W112/><G112/><T125/><D125/><U86/><E86/><V13/><F83/><W53/><G59/><T2/><D128/><U34/><E34/><V61/><F61/><W66/><G57/><T115/><D115/><U67/><E67/><V44/><F62/><W99/><G66/><T24/><D64/><U71/><E71/><V116/><F65/><W110/><G110/><T38/><D70/><U56/><E56/><V104/><F69/><W4/><G4/><T80/><D68/><U92/><E92/><V74/><F116/><W102/><G98/><T41/><D129/><U60/><E60/><V37/><F74/><W11/><G95/><T35/><D130/><U135/><E135/><V132/><F72/><W107/><G91/><T119/><D35/><U94/><E94/><V73/><F132/><W120/><G85/><T49/><D119/><U22/><E22/><V106/><F73/><RYUUKYOKU ba="0,1" sc="209,-10,199,30,209,-10,373,-10" hai1="0,1,14,19,23,27,29,32,43,45,47,48,50" /><INIT seed="1,1,1,3,4,5" ten="199,229,199,363" oya="1" hai0="129,78,42,99,58,56,126,98,20,117,3,88,121" hai1="67,29,106,52,97,19,75,77,112,69,72,45,127" hai2="38,62,104,95,101,86,34,111,8,12,15,100,96" hai3="110,53,70,23,76,82,39,28,135,16,124,27,87"/><U25/><E112/><V30/><F38/><W33/><G39/><T79/><D126/><U120/><E120/><V61/><F111/><W4/><G124/><T48/><D129/><U132/><E127/><V49/><F15/><W73/><G70/><T83/><D3/><U22/><E132/><V122/><F122/><W2/><G110/><T13/><D117/><U84/><E84/><V133/><F133/><W74/><G135/><T43/><D121/><U114/><E114/><V6/><F49/><W14/><G53/><T10/><D20/><U1/><E1/><V59/><F100/><W123/><G123/><T134/><D134/><U26/><E77/><N who="0" m="29193" /><D99/><U113/><E113/><V9/><F9/><AGARI ba="1,1" hai="2,4,9,14,16,23,27,28,33,73,74,76,82,87" machi="9" ten="40,8000,1" yaku="24,2,52,1,54,1" doraHai="5" who="3" fromWho="2" sc="199,0,229,0,199,-83,363,93" /><INIT seed="2,0,0,5,5,130" ten="199,229,116,456" oya="2" hai0="24,122,5,2,106,12,75,56,85,111,84,27,70" hai1="71,30,93,104,18,4,77,11,88,96,65,123,129" hai2="38,51,16,62,7,80,90,14,101,63,34,13,50" hai3="108,73,41,102,3,107,74,54,128,20,67,40,98"/><V86/><F38/><W58/><G128/><T64/><D75/><U127/><E129/><V121/><F34/><W33/><G3/><T35/><D70/><U46/><E30/><V81/><F121/><W28/><G33/><T32/><D2/><U60/><E123/><V120/><F120/><W79/><G67/><T103/><D35/><U89/><E77/><V112/><F101/><W37/><G108/><T26/><D32/><U78/><E78/><V87/><F7/><W9/><G9/><T83/><D111/><U72/><E72/><V76/><F112/><W134/><G37/><T109/><D109/><U15/><E104/><V132/><F132/><W119/><G119/><T48/><D122/><U49/><E127/><V10/><REACH who="2" step="1"/><F14/><REACH who="2" ten="199,229,106,456" step="2"/><W36/><G36/><T19/><D5/><U91/><REACH who="1" step="1"/><E4/><REACH who="1" ten="199,219,106,456" step="2"/><V1/><F1/><W22/><G102/><T44/><D103/><U6/><E6/><V29/><F29/><W113/><G28/><T66/><D106/><U21/><E21/><V53/><F53/><AGARI ba="0,2" hai="11,15,18,46,49,53,60,65,71,88,89,91,93,96" machi="53" ten="30,3900,0" yaku="1,1,7,1,54,1,53,0" doraHai="130" doraHaiUra="115" who="1" fromWho="2" sc="199,0,219,59,106,-39,456,0" /><INIT seed="3,0,0,3,3,23" ten="199,278,67,456" oya="3" hai0="48,67,34,31,62,8,68,93,39,91,20,18,99" hai1="50,126,35,134,76,21,7,75,73,15,17,112,116" hai2="84,47,6,101,130,85,83,51,71,36,43,57,107" hai3="123,28,9,42,79,90,113,80,115,97,11,61,127"/><W82/><G123/><T40/><D39/><U46/><E112/><V109/><F109/><W53/><G127/><T87/><D34/><U29/><E126/><V16/><F130/><W32/><G42/><T92/><D31/><U30/><E134/><V13/><F71/><W10/><G113/><T121/><D121/><U66/><E66/><V135/><F135/><W106/><G115/><T86/><D8/><U52/><E116/><V119/><F119/><W64/><G53/><T70/><D70/><U58/><E7/><V14/><F107/><W59/><G79/><T89/><D40/><U54/><E76/><V104/><F104/><W108/><G108/><T77/><D48/><U125/><E125/><V45/><F101/><W100/><G90/><T129/><D129/><U95/><E95/><V124/><F124/><W55/><G55/><T114/><D114/><U3/><E3/><V38/><F38/><W111/><G111/><T98/><REACH who="0" step="1"/><D77/><REACH who="0" ten="189,278,67,456" step="2"/><U131/><E131/><V72/><F36/><W22/><G32/><T122/><D122/><U24/><REACH who="1" step="1"/><E30/><REACH who="1" ten="189,268,67,456" step="2"/><V118/><F118/><W96/><G28/><T120/><D120/><U69/><E69/><V102/><F57/><W128/><G128/><T2/><D2/><U44/><E44/><V19/><F47/><W33/><G59/><T63/><D63/><AGARI ba="0,2" hai="15,17,21,24,29,35,46,50,52,54,58,63,73,75" machi="63" ten="30,7700,0" yaku="1,1,7,1,52,1,54,1,53,0" doraHai="23" doraHaiUra="4" who="1" fromWho="0" sc="189,-77,268,97,67,0,456,0" /><INIT seed="4,0,0,3,3,124" ten="112,365,67,456" oya="0" hai0="51,55,14,23,88,0,56,22,15,92,123,45,79" hai1="131,101,95,115,35,127,122,18,63,105,19,48,10" hai2="98,46,2,132,126,47,94,130,84,21,117,12,53" hai3="1,62,135,40,30,91,74,107,82,128,34,36,13"/><T67/><D123/><U43/><E122/><V80/><F126/><W7/><G1/><T11/><D79/><U26/><E105/><V50/><F2/><W120/><G107/><T41/><D67/><U100/><E35/><V24/><F132/><W59/><G135/><T83/><D0/><U99/><E127/><V6/><F117/><W9/><G120/><T16/><D83/><U37/><E37/><V114/><F114/><W129/><G34/><T57/><D15/><U60/><E101/><V75/><F75/><W76/><G30/><T32/><D32/><U81/><E81/><V118/><F118/><W44/><G91/><T3/><D3/><U38/><E38/><V121/><F121/><W64/><AGARI ba="0,0" hai="7,9,13,36,40,44,59,62,64,74,76,82,128,129" machi="64" ten="30,4000,0" yaku="0,1,52,2" doraHai="124" who="3" fromWho="3" sc="112,-20,365,-10,67,-10,456,40" /><INIT seed="5,0,0,2,1,6" ten="92,355,57,496" oya="1" hai0="56,80,41,99,83,44,91,0,135,112,30,4,37" hai1="60,124,120,58,115,89,69,78,74,59,53,55,84" hai2="29,1,103,66,105,17,134,48,54,76,113,117,19" hai3="45,18,128,90,86,52,51,49,68,38,46,27,70"/><U40/><E120/><V9/><F117/><W28/><G38/><T107/><D112/><U125/><E115/><V33/><F113/><W50/><G18/><T14/><D135/><U63/><E69/><V2/><F134/><W110/><G110/><T95/><D0/><N who="2" m="106" /><F76/><W93/><G128/><T71/><D71/><U88/><E40/><V24/><F48/><W127/><G127/><T61/><D107/><U36/><E36/><V10/><F54/><W65/><G65/><T92/><D30/><U132/><E132/><V72/><F72/><W109/><G51/><T130/><D130/><U25/><E25/><N who="2" m="18607" /><F66/><W15/><G15/><T8/><REACH who="0" step="1"/><D95/><REACH who="0" ten="82,355,57,496" step="2"/><U119/><E119/><V62/><F105/><W118/><G118/><T123/><D123/><U104/><E104/><V111/><F111/><W3/><G109/><T126/><D126/><N who="1" m="48747" /><E74/><V35/><F103/><W101/><G101/><T97/><D97/><U116/><E116/><V5/><F62/><W7/><G68/><T13/><D13/><U12/><E12/><N who="2" m="5167" /><F10/><N who="3" m="2431" /><G70/><T79/><D79/><U106/><E106/><V16/><F35/><W21/><G93/><T85/><D85/><U75/><E75/><V108/><F108/><W43/><G86/><T57/><D57/><U32/><E32/><V98/><F98/><W22/><G43/><T73/><D73/><U96/><E96/><V39/><F39/><W77/><G77/><T133/><D133/><U121/><E121/><V47/><F47/><W102/><G102/><T81/><D81/><AGARI ba="0,1" hai="53,55,58,59,60,63,78,81,84,88,89" m="48747" machi="81" ten="30,2900,0" yaku="18,1,54,1" doraHai="6" who="1" fromWho="0" sc="82,-29,355,39,57,0,496,0" /><INIT seed="5,1,0,4,3,33" ten="53,394,57,496" oya="1" hai0="53,23,86,11,49,39,87,38,51,12,100,69,13" hai1="131,31,74,133,45,35,5,123,3,41,132,28,34" hai2="72,130,126,0,127,105,89,19,65,98,71,43,110" hai3="27,96,9,83,6,109,70,16,10,4,22,115,25"/><U64/><E74/><V95/><F110/><W134/><G70/><T50/><D69/><U67/><E45/><V135/><F135/><N who="1" m="51785" /><E41/><V79/><F130/><W40/><G134/><T88/><D39/><U90/><E90/><V48/><F105/><W29/><G109/><T66/><D38/><U54/><E54/><V102/><F89/><W114/><G40/><T46/><D66/><N who="1" m="25131" /><E131/><V37/><F37/><W52/><G96/><T121/><D121/><U1/><E5/><N who="3" m="2154" /><G83/><N who="0" m="49247" /><D100/><U59/><E59/><V60/><F72/><W30/><G52/><N who="0" m="29751" /><D87/><U47/><E47/><V106/><F71/><W24/><G114/><T68/><D68/><U55/><E55/><V91/><F65/><W119/><G115/><T26/><D11/><N who="3" m="4105" /><G119/><T97/><D97/><U42/><E42/><V92/><F43/><W61/><G61/><T77/><D77/><U7/><E7/><V56/><F79/><W36/><G36/><T81/><D81/><U99/><E99/><V76/><F76/><W93/><G93/><T101/><D101/><U113/><E123/><V17/><F95/><W73/><G73/><T122/><D122/><U18/><E113/><V103/><F60/><W111/><G111/><T80/><D80/><U104/><E104/><V128/><F106/><W57/><G57/><N who="0" m="32951" /><D51/><U62/><E62/><V20/><F48/><W120/><G120/><T94/><D94/><U15/><E3/><V32/><F0/><W58/><G58/><T84/><D84/><U129/><E1/><V116/><F56/><W21/><G21/><T14/><D23/><N who="1" m="11743" /><E129/><V125/><F128/><W63/><G63/><RYUUKYOKU ba="1,0" sc="53,10,394,10,57,-30,496,10" hai0="12,13,14,26" hai1="28,31,34,35" hai3="16,22,24,25,27,29,30" /><INIT seed="5,2,0,0,4,53" ten="63,404,27,506" oya="1" hai0="32,86,60,0,17,7,97,120,28,39,8,110,33" hai1="68,76,103,121,130,108,91,114,113,4,35,10,75" hai2="46,107,104,93,80,62,66,40,73,101,125,52,88" hai3="89,18,3,132,45,15,85,47,12,30,122,87,19"/><U106/><E121/><V26/><F125/><W5/><G122/><T102/><D110/><U100/><E108/><V57/><F101/><N who="1" m="38985" /><E106/><V27/><F73/><W22/><G3/><T6/><D39/><U133/><E35/><V71/><F80/><N who="3" m="49319" /><G132/><T79/><D7/><U64/><E133/><V23/><F104/><W25/><G5/><T119/><D119/><U124/><E124/><V135/><F107/><W42/><G87/><T34/><D120/><U37/><E37/><N who="2" m="21775" /><F23/><N who="3" m="15679" /><G42/><T131/><D32/><U117/><E117/><V98/><F135/><W94/><G94/><T84/><D34/><U123/><E123/><V129/><F129/><W127/><G127/><T99/><D131/><U11/><E130/><V90/><F90/><W29/><G29/><T70/><D79/><U20/><E91/><V126/><F126/><W95/><G95/><T1/><D1/><U109/><E109/><V50/><AGARI ba="2,0" hai="26,27,50,52,57,62,66,71,88,93,98" m="21775" machi="50" ten="30,7900,0" yaku="24,1,52,1,54,2" doraHai="53" who="2" fromWho="2" sc="63,-22,404,-41,27,85,506,-22" /><INIT seed="6,0,0,4,0,92" ten="41,363,112,484" oya="2" hai0="53,50,21,133,59,77,106,26,5,90,78,93,99" hai1="114,0,110,103,18,123,39,9,98,107,66,37,24" hai2="127,105,55,87,119,38,11,35,20,116,91,120,71" hai3="19,45,96,94,54,86,14,73,51,109,131,130,56"/><V83/><F35/><W63/><G73/><T80/><D133/><U42/><E110/><V70/><F38/><W125/><G109/><T67/><D106/><U57/><E114/><V29/><F105/><W27/><G86/><T34/><D34/><U88/><E123/><V13/><F127/><W3/><G3/><T117/><D117/><U118/><E118/><V124/><F124/><W16/><G27/><T72/><D5/><U79/><E79/><V48/><F120/><W30/><G30/><T60/><D72/><U115/><E115/><V43/><F43/><N who="3" m="25023" /><G14/><T36/><D36/><U46/><E39/><V22/><F29/><W10/><G10/><T1/><D1/><U25/><E0/><V40/><F40/><W84/><G84/><T76/><D80/><U121/><E121/><V15/><F15/><W44/><G44/><T64/><REACH who="0" step="1"/><D50/><REACH who="0" ten="31,363,112,484" step="2"/><U112/><E112/><V135/><F48/><W61/><G125/><T31/><AGARI ba="0,1" hai="21,26,31,53,59,60,64,67,76,77,78,90,93,99" machi="31" ten="30,8000,1" yaku="1,1,2,1,0,1,8,1,52,1,53,0" doraHai="92" doraHaiUra="129" who="0" fromWho="0" sc="31,90,363,-20,112,-40,484,-20" /><INIT seed="7,0,0,1,3,118" ten="121,343,72,464" oya="3" hai0="5,109,79,102,130,106,59,112,23,132,95,126,99" hai1="129,80,28,38,116,123,19,13,127,85,71,43,111" hai2="135,57,121,27,48,52,2,67,72,108,101,66,75" hai3="120,70,122,117,90,40,84,22,50,74,36,128,107"/><W82/><G107/><T37/><D95/><U42/><E116/><V104/><F2/><W69/><G117/><T73/><D23/><U96/><E71/><V89/><F108/><W44/><G74/><T98/><D59/><U94/><E111/><V114/><F114/><W60/><G128/><T115/><D99/><U0/><E0/><V65/><F135/><W124/><G22/><T11/><D109/><U16/><E129/><V26/><F121/><W45/><G124/><T6/><D37/><U91/><E127/><V39/><F39/><W46/><G46/><T100/><D100/><U62/><E28/><V21/><F89/><W64/><G70/><T24/><D132/><U83/><E123/><V15/><F15/><W4/><G4/><T7/><D130/><U134/><E134/><V17/><REACH who="2" step="1"/><F27/><REACH who="2" ten="121,343,62,464" step="2"/><W25/><G25/><T47/><D126/><U113/><E113/><N who="0" m="43593" /><D24/><U78/><E38/><V1/><F1/><W20/><G20/><T103/><D103/><U131/><E131/><V9/><F9/><W8/><G8/><T133/><D133/><U119/><E119/><V14/><F14/><W105/><G105/><T35/><D11/><U93/><E13/><V58/><F58/><W92/><G82/><N who="0" m="45423" /><D47/><U41/><E83/><V31/><F31/><W86/><G86/><T77/><D77/><U12/><E12/><V61/><F61/><W68/><G68/><T49/><D106/><U30/><E30/><V76/><F76/><W3/><G3/><T81/><D102/><U56/><E94/><V125/><F125/><W34/><G69/><T88/><D81/><RYUUKYOKU ba="0,1" sc="121,-15,343,15,62,15,464,-15" hai1="16,19,41,42,43,56,62,78,80,85,91,93,96" hai2="17,21,26,48,52,57,65,66,67,72,75,101,104" owari="106,-29.0,358,16.0,77,-42.0,459,55.0" /></mjloggm>