<mjloggm ver="2.3"><GO type="97"/><UN n0="%E3%82%A6%E3%83%AB%E3%83%88%E3%83%A9%E7%AB%8B%E7%9B%B4" n1="%E3%82%A4%E3%83%8E%E3%82%AD%E9%A2%A8%E5%91%82" n2="%E3%82%B5%E3%83%A0%E3%83%A9%E3%82%A4%E3%83%80%E3%83%BC%E3%80%82" n3="%64%65%63%5F%73%6F%72%64" dan="15,13,14,15" rate="1960,1851,1927,1930" sx="M,M,F,M"/><TAIKYOKU oya="0"/><INIT seed="0,0,0,5,1,115" ten="250,250,250,250" oya="0" hai0="5,40,9,71,50,82,104,105,27,22,7,134,127" hai1="107,60,132,85,93,131,99,128,94,11,16,44,48" hai2="125,88,112,20,34,55,97,25,65,52,46,47,89" hai3="28,66,64,106,79,69,129,8,76,81,62,122,77"/><T72/><D71/><U133/><E60/><V56/><F34/><W42/><G106/><T67/><D67/><U21/><E11/><V59/><F112/><W90/><G66/><T36/><D7/><U23/><E107/><V130/><F130/><N who="1" m="49705" /><E85/><V43/><F125/><W37/><G129/><T10/><D10/><U38/><E38/><V92/><F89/><W0/><G122/><T13/><D127/><U15/><E23/><V54/><F65/><W118/><G28/><T135/><D104/><U78/><E78/><V33/><F33/><W24/><G24/><T18/><D105/><U91/><E94/><V68/><F68/><W32/><G32/><T87/><D72/><U120/><E120/><V102/><F102/><W86/><G42/><AGARI ba="0,0" hai="15,16,21,42,44,48,91,93,99,132,133" m="49705" machi="42" ten="30,2000,0" yaku="19,1,54,1" doraHai="115" who="1" fromWho="3" sc="250,0,250,20,250,0,250,-20" /><INIT seed="1,0,0,2,4,65" ten="250,270,250,230" oya="1" hai0="32,87,46,25,42,7,118,99,61,64,48,69,75" hai1="67,0,20,121,102,116,6,60,134,110,57,2,128" hai2="41,91,50,29,81,23,135,56,13,88,86,44,82" hai3="130,83,76,5,79,131,129,125,119,100,43,30,122"/><U96/><E121/><V127/><F127/><W77/><G30/><T66/><D75/><U52/><E116/><V85/><F135/><W34/><G34/><T15/><D118/><U8/><E134/><V10/><F56/><W22/><G119/><T108/><D108/><U40/><E110/><V124/><F124/><W107/><G43/><T53/><D99/><U14/><E128/><V45/><F45/><W54/><G125/><T12/><D66/><U109/><E109/><V73/><F73/><N who="3" m="43407" /><G5/><T1/><D1/><U39/><E39/><V71/><F71/><W62/><G22/><T97/><D7/><U4/><E40/><V89/><F29/><W114/><G122/><T24/><D87/><N who="2" m="33290" /><F23/><W26/><G26/><T59/><D97/><U49/><E20/><V80/><F80/><W55/><G114/><T112/><D112/><U27/><E27/><N who="0" m="10313" /><D32/><U126/><E126/><V103/><F103/><W17/><G17/><AGARI ba="0,0" hai="10,13,17,41,44,50,81,82,88,89,91" m="33290" machi="17" ten="30,2000,0" yaku="8,1,54,1" doraHai="65" who="2" fromWho="3" sc="250,0,270,0,250,20,230,-20" /><INIT seed="2,0,0,1,0,36" ten="250,270,270,210" oya="2" hai0="57,20,133,30,17,8,84,4,27,60,71,131,2" hai1="25,110,37,63,70,124,23,33,85,68,91,102,5" hai2="45,119,65,64,120,39,42,18,74,108,47,82,7" hai3="101,21,93,40,54,73,22,78,69,112,135,53,132"/><V24/><F120/><W67/><G112/><T113/><D71/><U6/><E110/><V46/><F119/><W83/><G67/><T96/><D113/><U130/><E37/><V14/><F108/><W15/><G69/><T105/><D131/><U56/><E33/><V106/><F106/><W95/><G21/><T104/><D133/><N who="3" m="51273" /><G22/><T11/><D84/><U55/><E130/><V48/><F45/><W81/><G15/><T115/><D115/><U72/><E72/><V12/><F24/><W52/><G101/><T41/><D96/><U0/><E0/><V128/><F128/><W134/><N who="3" m="51281" /><W88/><DORA hai="127" /><G81/><T92/><D92/><N who="3" m="35401" /><G40/><T109/><D109/><U107/><E124/><V99/><F99/><W76/><G73/><T10/><D41/><U29/><E70/><V31/><F74/><W51/><G51/><T97/><D97/><U35/><E68/><V19/><F31/><W77/><G83/><T26/><D104/><U87/><E35/><V50/><F39/><W123/><G123/><T94/><D94/><U129/><E129/><V66/><F82/><W103/><G103/><T90/><D105/><U116/><E116/><V121/><F121/><W59/><G59/><T43/><D43/><U38/><E38/><V16/><F7/><W114/><G114/><T44/><D44/><U9/><E107/><V80/><F80/><W1/><G1/><T122/><D122/><U49/><E102/><V34/><F34/><W111/><G111/><T98/><D98/><U62/><E87/><V75/><F75/><W118/><G118/><T86/><D86/><RYUUKYOKU ba="0,0" sc="250,-15,270,-15,270,15,210,15" hai2="12,14,16,18,19,42,46,47,48,50,64,65,66" hai3="52,53,54,76,77,78,88" /><INIT seed="2,1,0,1,5,38" ten="235,255,285,225" oya="2" hai0="54,14,88,41,71,26,107,5,91,27,60,87,80" hai1="49,46,15,35,103,0,109,9,58,81,11,108,129" hai2="3,104,68,115,106,56,40,90,79,32,132,8,2" hai3="7,21,105,23,30,12,99,6,55,42,10,118,128"/><V22/><F68/><W89/><G118/><T4/><D107/><U134/><E35/><V50/><F32/><W17/><G128/><T20/><D71/><U123/><E129/><V125/><F115/><W39/><G105/><T114/><D114/><U34/><E134/><V112/><F112/><W36/><G99/><T131/><D131/><U121/><E34/><V57/><F22/><W126/><G89/><T18/><D27/><U13/><E103/><V85/><F90/><W122/><G122/><N who="1" m="46602" /><E81/><V19/><F85/><W94/><G126/><T24/><D24/><U37/><E58/><V97/><F97/><W62/><G94/><T53/><D91/><U82/><E82/><V70/><F50/><W86/><G86/><T119/><D119/><U65/><E65/><V111/><F70/><W76/><G76/><T67/><D67/><U43/><E37/><V135/><F8/><N who="1" m="3145" /><E0/><V63/><F125/><W124/><G124/><T48/><D60/><U64/><E64/><V102/><F63/><W84/><G84/><T45/><D5/><N who="3" m="1545" /><G36/><T83/><D83/><U33/><E33/><V120/><F102/><W100/><G100/><T47/><D47/><U130/><E130/><V92/><F120/><W117/><G117/><T44/><D44/><U66/><E66/><V52/><F79/><W133/><G133/><T96/><D96/><U101/><E101/><V78/><F78/><W72/><G72/><T16/><D4/><U69/><E69/><V75/><F75/><W31/><G62/><T51/><D51/><U74/><E74/><V95/><F135/><W29/><G55/><RYUUKYOKU ba="1,0" sc="235,10,255,10,285,-30,225,10" hai0="14,16,18,20,26,41,45,48,53,54,80,87,88" hai1="13,15,43,46,49,108,109" hai3="10,12,17,21,23,29,30,31,39,42" /><INIT seed="3,2,0,0,4,125" ten="245,265,255,235" oya="3" hai0="132,81,24,66,111,134,95,26,3,35,40,50,31" hai1="59,90,54,124,33,36,18,130,42,84,86,78,8" hai2="110,115,32,9,10,106,116,80,20,46,69,19,29" hai3="28,104,99,16,49,74,2,79,51,102,17,75,37"/><W85/><G37/><T62/><D3/><U58/><E33/><V55/><F106/><W30/><G2/><T0/><D0/><U135/><E130/><V72/><F69/><W71/><G71/><N who="0" m="42455" /><D50/><N who="3" m="18953" /><G75/><T107/><D40/><U1/><E124/><V53/><F115/><W21/><G104/><T96/><D26/><U131/><E135/><N who="0" m="51753" /><D81/><U15/><E131/><V76/><F116/><W92/><G74/><T77/><D77/><U89/><E89/><V101/><F101/><W11/><G11/><T117/><D117/><U38/><E1/><V47/><F72/><W70/><G70/><T133/><N who="0" m="51761" /><T127/><DORA hai="34" /><D127/><U120/><E120/><V105/><F105/><W118/><G118/><T25/><D25/><U94/><E42/><V114/><F76/><W91/><G17/><T22/><D107/><U52/><E38/><V63/><F32/><W83/><G79/><T129/><D129/><U87/><E36/><V44/><F80/><W7/><G7/><T88/><D35/><U98/><E78/><V39/><F39/><W103/><G103/><T48/><D48/><U23/><E8/><V5/><F47/><W100/><G102/><T27/><D27/><AGARI ba="2,0" hai="16,21,27,28,30,83,85,91,92,99,100" m="18953" machi="27" ten="30,2900,0" yaku="8,1,54,1" doraHai="125,34" who="3" fromWho="0" sc="245,-35,265,0,255,0,235,35" /><INIT seed="3,3,0,5,0,85" ten="210,265,255,270" oya="3" hai0="33,71,94,61,73,3,37,9,64,25,74,62,126" hai1="6,43,14,51,127,123,0,111,80,27,133,24,129" hai2="11,87,118,77,39,131,103,45,13,108,119,26,121" hai3="17,107,88,44,57,5,78,35,54,52,79,28,113"/><W53/><G113/><T112/><D126/><U96/><E127/><V132/><F132/><W89/><G107/><T18/><D112/><U40/><E123/><V59/><F121/><W20/><G35/><T7/><D18/><U83/><E0/><V92/><F108/><W12/><G28/><T1/><D1/><U63/><E111/><V104/><F104/><W76/><G5/><T8/><D8/><N who="1" m="4375" /><E133/><V110/><F110/><W70/><G70/><T42/><D62/><U86/><E129/><V32/><F131/><W100/><G100/><T10/><D10/><U31/><E96/><V82/><F59/><W34/><G34/><T30/><REACH who="0" step="1"/><D94/><REACH who="0" ten="200,265,255,270" step="2"/><U99/><E31/><V91/><F118/><W68/><G44/><AGARI ba="3,1" hai="3,7,9,25,30,33,37,42,44,61,64,71,73,74" machi="44" ten="40,8000,1" yaku="1,1,2,1,33,3,53,0" doraHai="85" doraHaiUra="46" who="0" fromWho="3" sc="200,99,265,0,255,0,270,-89" /><INIT seed="4,0,0,0,3,6" ten="299,265,255,181" oya="0" hai0="23,117,26,7,22,133,46,18,97,130,11,57,19" hai1="8,29,80,123,129,78,76,56,131,118,88,92,83" hai2="107,36,60,135,108,82,106,40,124,128,61,42,10" hai3="102,70,59,67,3,16,98,79,2,94,45,66,84"/><T100/><D117/><U72/><E29/><V113/><F113/><W75/><G70/><T21/><D130/><N who="1" m="49675" /><E56/><V86/><F128/><W52/><G75/><T33/><D133/><U120/><E8/><V1/><F135/><W93/><G45/><T64/><D33/><U32/><E32/><V71/><F124/><W116/><G116/><T55/><D64/><U12/><E12/><V74/><F74/><W119/><G119/><T103/><D46/><U109/><E109/><V105/><F108/><W25/><G2/><T121/><D121/><N who="1" m="46667" /><E118/><V125/><F125/><W49/><G3/><T31/><D31/><U89/><E92/><V111/><F111/><W115/><G115/><T30/><D30/><U73/><AGARI ba="0,0" hai="72,73,76,78,80,83,88,89" m="46667,49675" machi="73" ten="30,7900,0" yaku="19,1,34,2,54,1" doraHai="6" who="1" fromWho="1" sc="299,-39,265,79,255,-20,181,-20" owari="260,6.0,344,44.0,235,-16.0,161,-34.0" /></mjloggm>