<mjloggm ver="2.3"><GO type="41"/><UN n0="%52%E3%83%BB%E3%83%9A%E3%82%BF%E3%82%B8%E3%83%BC%E3%83%8B" n1="%40%64%6F%63%6F%6D%6F" n2="%E5%84%84%E4%B8%87%E9%95%B7%E8%80%85" n3="%E3%82%A6%E3%83%AB%E3%83%88%E3%83%A9%E7%AB%8B%E7%9B%B4" dan="14,15,15,15" rate="2003,1930,2192,2020" sx="M,M,F,M"/><TAIKYOKU oya="0"/><INIT seed="0,0,0,0,4,42" ten="250,250,250,250" oya="0" hai0="63,81,112,50,135,9,57,39,100,123,67,25,104" hai1="91,128,109,40,69,97,60,23,27,126,43,115,107" hai2="10,80,113,24,66,120,108,61,131,64,92,47,94" hai3="62,73,59,116,84,75,83,98,68,110,93,87,134"/><T46/><D123/><U26/><E109/><V127/><F120/><W55/><G116/><T95/><D112/><U31/><E115/><V17/><F113/><W96/><G110/><T28/><D104/><U111/><E111/><V36/><F108/><W76/><G134/><T103/><D135/><U16/><E126/><V58/><F127/><W117/><G117/><T90/><D39/><U121/><E121/><V22/><F131/><W114/><G114/><T74/><D9/><U65/><E128/><V56/><F80/><W12/><G68/><T72/><D81/><U52/><E52/><V78/><F78/><W130/><G130/><T124/><D124/><U53/><E53/><V102/><F102/><W41/><G41/><N who="0" m="24911" /><D74/><U132/><E132/><V6/><F56/><W105/><G105/><T15/><D72/><U49/><E49/><V20/><F20/><W118/><G118/><T30/><D15/><U54/><E54/><V133/><F66/><W0/><G0/><T44/><D44/><U2/><E2/><V125/><F133/><W8/><G75/><T82/><D82/><U51/><E51/><V45/><F125/><W4/><G73/><T1/><D1/><U38/><E38/><V37/><F37/><W101/><G83/><T5/><D5/><U106/><E106/><V77/><F77/><W99/><G76/><T14/><D14/><U11/><E11/><V18/><F18/><W79/><G79/><T86/><D25/><U33/><REACH who="1" step="1"/><E91/><REACH who="1" ten="250,240,250,250" step="2"/><V19/><F36/><W129/><G129/><T122/><D122/><U34/><E34/><V89/><F6/><RYUUKYOKU ba="0,1" sc="250,10,240,10,250,-30,250,10" hai0="28,30,57,63,67,86,90,95,100,103" hai1="16,23,26,27,31,33,40,43,60,65,69,97,107" hai3="4,8,12,55,59,62,84,87,93,96,98,99,101" /><INIT seed="0,1,1,1,0,112" ten="260,250,220,260" oya="0" hai0="49,59,134,64,83,116,52,35,6,108,86,104,25" hai1="58,29,115,84,85,111,78,89,45,51,9,17,42" hai2="128,57,39,37,65,8,20,22,21,31,76,110,43" hai3="33,26,129,54,98,101,2,7,88,56,123,103,48"/><T12/><D104/><U135/><E111/><V118/><F110/><W94/><G123/><T102/><D108/><U80/><E135/><V117/><F128/><W10/><G129/><T5/><D102/><U62/><E115/><V16/><F76/><W125/><G125/><T1/><D134/><U27/><E9/><V82/><F82/><W73/><G73/><T90/><D1/><U119/><E17/><V95/><F95/><W50/><G33/><T105/><D105/><U24/><E119/><N who="2" m="45579" /><F31/><W13/><G2/><T96/><D116/><U0/><E0/><V38/><F43/><W40/><G26/><T81/><D81/><N who="1" m="49327" /><E29/><V14/><F57/><W99/><G99/><T77/><D96/><U130/><E130/><V69/><F65/><AGARI ba="1,1" hai="24,27,42,45,51,58,62,65,78,80,84" m="49327" machi="65" ten="30,1000,0" yaku="8,1" doraHai="112" who="1" fromWho="2" sc="260,0,250,23,220,-13,260,0" /><INIT seed="1,0,0,3,1,114" ten="260,273,207,260" oya="1" hai0="115,22,50,21,8,30,48,27,36,113,17,67,64" hai1="59,129,26,78,117,90,81,54,37,12,99,71,70" hai2="16,44,25,6,110,118,68,46,14,98,55,42,65" hai3="125,87,74,13,1,104,91,124,88,0,133,95,84"/><U72/><E117/><V35/><F110/><W49/><G74/><T63/><D36/><U96/><E37/><V80/><F118/><W56/><G104/><T43/><D8/><U23/><E12/><V75/><F98/><W107/><G107/><T40/><D67/><U57/><E57/><V4/><F55/><W130/><G13/><T69/><D50/><U38/><E38/><V97/><F97/><W94/><G130/><T134/><D134/><U10/><E10/><V28/><F46/><W100/><G100/><T62/><D62/><U34/><E34/><V79/><F65/><W51/><G133/><T132/><D132/><U111/><E129/><V89/><F89/><W119/><G119/><T45/><REACH who="0" step="1"/><D40/><REACH who="0" ten="250,273,207,260" step="2"/><U9/><E9/><V39/><REACH who="2" step="1"/><F68/><REACH who="2" ten="250,273,197,260" step="2"/><W122/><G56/><T83/><D83/><U61/><E70/><V127/><F127/><W3/><G3/><T18/><D18/><U82/><E71/><V53/><F53/><W131/><G131/><T73/><D73/><U121/><E82/><V109/><F109/><W47/><G47/><T76/><D76/><U58/><E58/><V112/><F112/><W31/><G31/><T123/><D123/><AGARI ba="0,2" hai="0,1,49,51,84,87,88,91,94,95,122,123,124,125" machi="123" ten="25,3200,0" yaku="22,2,54,1" doraHai="114" who="3" fromWho="0" sc="250,-32,273,0,197,0,260,52" /><INIT seed="2,0,0,4,1,16" ten="218,273,197,312" oya="2" hai0="111,19,107,49,90,32,37,51,92,101,52,7,79" hai1="31,69,114,42,89,118,84,9,28,22,21,39,67" hai2="6,104,135,126,62,59,134,99,82,30,18,57,97" hai3="95,11,27,112,13,129,55,127,116,109,91,29,121"/><V78/><F126/><W76/><G116/><T5/><D37/><U130/><E114/><V85/><F6/><W98/><G121/><T53/><D32/><U24/><E118/><V122/><F122/><W128/><G127/><T124/><D124/><U103/><E69/><V100/><F99/><W44/><G76/><T132/><D111/><U74/><E74/><V34/><F18/><W66/><G66/><T10/><D132/><N who="2" m="50730" /><F62/><W23/><G109/><T72/><D79/><U61/><E130/><V108/><F108/><W102/><G112/><T3/><D72/><U106/><E39/><V105/><F105/><W45/><G102/><T20/><D101/><U77/><E77/><V43/><F43/><W8/><G8/><T94/><D107/><U96/><E42/><V113/><F113/><W133/><G133/><T2/><D90/><U50/><E9/><V33/><F33/><W123/><G123/><T93/><D2/><U17/><E50/><N who="0" m="18953" /><D3/><U88/><E89/><V65/><F65/><W35/><G35/><T14/><D14/><U80/><E67/><V60/><F60/><W75/><G75/><T15/><D10/><U73/><E61/><V64/><F64/><W1/><G1/><T54/><AGARI ba="0,0" hai="5,7,15,19,20,52,53,54,92,93,94" m="18953" machi="54" ten="40,5200,0" yaku="8,1,52,1,54,1" doraHai="16" who="0" fromWho="0" sc="218,52,273,-13,197,-26,312,-13" /><INIT seed="3,0,0,5,5,135" ten="270,260,171,299" oya="3" hai0="5,99,16,129,18,47,132,107,125,45,62,50,68" hai1="101,80,110,0,103,84,81,72,127,119,36,98,2" hai2="11,40,88,30,1,33,73,19,102,122,121,64,41" hai3="61,128,12,131,27,22,38,76,7,14,21,87,49"/><W114/><G38/><T55/><D132/><U52/><E36/><V92/><F73/><W130/><G114/><T71/><D5/><U3/><E119/><V123/><F64/><W91/><G76/><T20/><D129/><U118/><E118/><V95/><F30/><W63/><G49/><T51/><D125/><U54/><E127/><V37/><F33/><W42/><G42/><T34/><D34/><U32/><E32/><V90/><F37/><W8/><G14/><T23/><D62/><U93/><E110/><V10/><F19/><W79/><G79/><T39/><D39/><U70/><E70/><V115/><F102/><W124/><G124/><T56/><D99/><U31/><E31/><V58/><F58/><W134/><G134/><T126/><D56/><U43/><E43/><N who="2" m="16459" /><F115/><W25/><G25/><T111/><D111/><U112/><E112/><V57/><F57/><W105/><G105/><T28/><D28/><U104/><E72/><V116/><F116/><W15/><G15/><T75/><D75/><U78/><E81/><V113/><F113/><W74/><G74/><T100/><D107/><U120/><E120/><V46/><F46/><W53/><G53/><N who="0" m="29903" /><D100/><U109/><E109/><V6/><F11/><W44/><G44/><T67/><D67/><U29/><E29/><V48/><F48/><W60/><REACH who="3" step="1"/><G27/><REACH who="3" ten="270,260,171,289" step="2"/><N who="0" m="14727" /><D126/><U106/><E106/><V108/><F108/><W94/><AGARI ba="0,1" hai="7,8,12,21,22,60,61,63,87,91,94,128,130,131" machi="94" ten="40,7800,0" yaku="1,1,0,1,19,1,53,0" doraHai="135" doraHaiUra="26" who="3" fromWho="3" sc="270,-26,260,-26,171,-26,289,88" /><INIT seed="3,1,0,0,5,115" ten="244,234,145,377" oya="3" hai0="101,38,135,67,15,25,126,129,84,122,18,83,5" hai1="108,48,37,3,112,30,86,125,39,60,47,1,0" hai2="75,72,34,93,103,11,100,62,68,118,13,8,70" hai3="94,59,85,99,22,54,78,53,61,73,49,45,77"/><W74/><G74/><T44/><D122/><U28/><E112/><V55/><F34/><W133/><G73/><T52/><D126/><U27/><E125/><V64/><F70/><W117/><G133/><T51/><D135/><U14/><E108/><V98/><F103/><W119/><G78/><T57/><D129/><U40/><E60/><V9/><F118/><W116/><G22/><T109/><D109/><U26/><E14/><V29/><F29/><W42/><G85/><T46/><D101/><U65/><E65/><V33/><F33/><W95/><G77/><N who="0" m="46191" /><D38/><U128/><E86/><V88/><F100/><W6/><G6/><T2/><D2/><U124/><E124/><V87/><F98/><W69/><G69/><T134/><D134/><U35/><REACH who="1" step="1"/><E128/><REACH who="1" ten="244,224,145,377" step="2"/><V110/><F13/><W41/><REACH who="3" step="1"/><G99/><REACH who="3" ten="244,224,145,367" step="2"/><T19/><D67/><U121/><E121/><V114/><F110/><W92/><AGARI ba="1,2" hai="41,42,45,49,53,54,59,61,92,94,95,116,117,119" machi="92" ten="40,24000,3" yaku="1,1,2,1,0,1,52,3,53,2" doraHai="115" doraHaiUra="36" who="3" fromWho="3" sc="244,-81,224,-81,145,-81,367,263" /><INIT seed="3,2,0,1,1,32" ten="163,143,64,630" oya="3" hai0="82,66,21,115,125,47,96,44,122,42,49,61,105" hai1="0,97,74,84,98,7,90,104,65,91,17,76,93" hai2="130,12,102,53,113,124,127,34,4,128,72,73,85" hai3="26,48,126,94,19,37,27,38,81,92,133,89,112"/><W30/><G112/><T50/><D122/><U1/><E74/><N who="2" m="28779" /><F34/><W54/><G126/><N who="2" m="48169" /><F53/><W131/><G131/><N who="2" m="50217" /><F4/><W24/><G133/><T39/><D125/><U59/><E7/><V118/><F12/><W103/><G19/><T13/><D115/><U22/><E65/><V14/><F14/><W57/><G81/><T18/><D82/><U106/><E59/><V41/><F41/><W43/><G43/><T79/><D42/><U45/><E45/><V8/><F8/><W95/><G103/><T87/><D47/><U2/><E76/><V121/><F113/><W58/><G30/><T16/><D44/><U111/><E17/><V75/><N who="2" m="28787" /><V51/><DORA hai="9" /><F51/><W25/><N who="3" m="6656" /><DORA hai="129" /><W20/><G20/><T101/><D49/><U36/><E22/><V63/><F63/><W110/><G58/><T123/><D50/><U78/><E36/><V114/><F114/><W5/><G5/><T31/><D61/><U107/><E78/><V46/><F46/><W62/><G62/><T55/><D79/><U6/><E6/><V52/><F52/><W71/><G71/><T29/><D55/><U120/><E120/><V116/><F121/><W15/><G15/><T83/><D13/><U56/><E56/><V108/><F108/><W77/><G77/><T64/><D123/><U132/><E111/><V80/><F102/><W33/><G110/><T60/><D101/><U70/><E70/><V40/><F40/><W35/><G35/><T86/><D31/><U99/><E2/><V67/><F67/><W134/><G33/><T10/><D29/><U100/><E0/><RYUUKYOKU ba="2,0" sc="163,-10,143,-10,64,30,630,-10" hai2="80,85,116,118" /><INIT seed="4,3,0,4,2,3" ten="153,133,94,620" oya="0" hai0="114,75,34,118,9,119,111,103,52,112,82,38,63" hai1="127,10,99,76,132,55,50,53,41,0,22,67,60" hai2="44,121,14,4,108,70,97,88,81,11,33,45,68" hai3="77,57,92,86,109,59,54,72,40,84,16,124,5"/><T26/><D38/><U102/><E127/><V96/><F33/><W130/><G72/><T98/><D111/><U61/><E132/><V79/><F108/><W107/><G107/><N who="0" m="63991" /><D9/><U18/><E76/><V117/><F121/><W47/><G109/><T131/><D131/><U90/><E90/><V28/><F28/><W25/><G124/><T15/><D15/><U6/><E41/><V129/><F129/><W46/><G130/><T1/><D1/><U62/><E67/><V8/><F117/><N who="0" m="44554" /><D52/><U7/><E7/><N who="2" m="3359" /><F68/><W23/><G57/><T93/><D93/><U30/><E30/><V51/><F70/><W110/><G110/><T48/><D48/><U94/><REACH who="1" step="1"/><E50/><REACH who="1" ten="153,123,94,620" step="2"/><V85/><F79/><W100/><G77/><T29/><D63/><U66/><E66/><V42/><F45/><W80/><G5/><T95/><D29/><U13/><AGARI ba="3,1" hai="0,6,10,13,18,22,53,55,60,61,62,94,99,102" machi="13" ten="30,4000,0" yaku="1,1,0,1,52,1,53,0" doraHai="3" doraHaiUra="128" who="1" fromWho="1" sc="153,-23,123,59,94,-13,620,-13" /><INIT seed="5,0,0,3,2,74" ten="130,182,81,607" oya="1" hai0="90,116,21,64,34,47,123,114,89,55,88,109,135" hai1="56,126,122,127,105,91,16,99,98,62,51,68,35" hai2="59,24,94,43,125,41,9,130,29,133,85,103,18" hai3="93,101,92,129,32,27,0,46,132,26,117,42,112"/><U30/><E122/><V110/><F110/><W102/><G0/><T39/><D109/><U108/><E108/><V22/><F133/><W7/><G7/><T25/><D135/><U76/><E76/><V77/><F130/><W118/><G132/><T6/><D116/><N who="3" m="44649" /><G32/><T66/><D34/><U113/><E113/><V40/><F125/><W79/><G79/><T72/><D72/><U75/><E75/><V78/><F59/><W14/><G14/><T131/><D114/><U70/><E30/><V80/><F80/><W83/><G83/><T134/><D131/><U63/><E35/><V57/><F57/><W13/><G13/><T106/><D134/><U23/><E105/><V31/><F31/><W1/><G1/><T71/><D106/><U86/><E51/><V58/><F58/><W69/><G69/><N who="1" m="26730" /><E56/><V11/><F11/><W121/><G129/><T67/><D71/><U4/><E4/><V124/><F124/><N who="1" m="47657" /><E62/><V53/><F53/><W36/><G121/><T48/><D123/><U104/><E104/><V5/><F29/><W128/><G128/><T87/><D6/><U45/><E45/><V97/><REACH who="2" step="1"/><F85/><REACH who="2" ten="130,182,71,607" step="2"/><W52/><G52/><T28/><REACH who="0" step="1"/><D39/><REACH who="0" ten="120,182,71,607" step="2"/><U115/><E63/><V120/><F120/><W10/><G36/><T73/><D73/><U50/><E115/><V38/><F38/><W2/><G112/><T60/><D60/><U17/><E50/><V81/><F81/><AGARI ba="0,2" hai="21,25,28,47,48,55,64,66,67,81,87,88,89,90" machi="81" ten="40,5200,0" yaku="1,1,8,1,54,1,53,0" doraHai="74" doraHaiUra="33" who="0" fromWho="2" sc="120,72,182,0,71,-52,607,0" /><INIT seed="6,0,0,5,0,80" ten="192,182,19,607" oya="2" hai0="133,114,82,15,91,31,127,40,32,107,35,54,26" hai1="85,134,0,116,56,16,97,81,51,6,72,112,60" hai2="5,19,86,129,57,20,14,21,68,78,100,49,125" hai3="109,89,132,44,79,77,128,92,3,74,135,45,55"/><V75/><F68/><W43/><G3/><T84/><D107/><U111/><E111/><V115/><F75/><W83/><G128/><T47/><D114/><U94/><E116/><V25/><F129/><W119/><G109/><T99/><D133/><N who="3" m="51273" /><G79/><T62/><D127/><U110/><E72/><V17/><F115/><W87/><G119/><T39/><D99/><U121/><E110/><V42/><F125/><W122/><G122/><T120/><D120/><U73/><E73/><V18/><F100/><W96/><G55/><T34/><REACH who="0" step="1"/><D15/><REACH who="0" ten="182,182,19,607" step="2"/><U118/><E134/><V71/><F71/><W102/><G43/><T13/><D13/><U69/><E121/><V23/><F5/><W58/><G58/><AGARI ba="0,1" hai="26,31,32,34,35,39,40,47,54,58,62,82,84,91" machi="58" ten="40,2600,0" yaku="1,1,52,1,53,0" doraHai="80" doraHaiUra="103" who="0" fromWho="3" sc="182,36,182,0,19,0,607,-26" /><INIT seed="7,0,0,4,5,23" ten="218,182,19,581" oya="3" hai0="70,35,62,88,34,46,9,65,134,55,57,122,105" hai1="73,13,8,120,49,115,82,121,30,59,98,100,44" hai2="129,69,12,112,86,99,104,26,123,15,132,53,79" hai3="101,10,38,64,128,54,133,119,5,61,51,19,4"/><W127/><G38/><T0/><D122/><U33/><E115/><V41/><F41/><W80/><G119/><T50/><D105/><U27/><E59/><V102/><F53/><W103/><G127/><T94/><D134/><U68/><E68/><V22/><F112/><W76/><G133/><T95/><D95/><U1/><E1/><V72/><F123/><W74/><G128/><T85/><D0/><U78/><E49/><V89/><F132/><W29/><G29/><T39/><D9/><U84/><E44/><V126/><F129/><W48/><G19/><T81/><D81/><U135/><E73/><V31/><F126/><W6/><G10/><T17/><D17/><U77/><E77/><V71/><F71/><W93/><G93/><T56/><D56/><U52/><E52/><V42/><F42/><AGARI ba="0,0" hai="34,35,39,42,46,50,55,57,62,65,70,85,88,94" machi="42" ten="40,5200,0" yaku="24,2,54,1" doraHai="23" who="0" fromWho="2" sc="218,52,182,0,19,-52,581,0" owari="270,7.0,182,-22.0,-33,-53.0,581,68.0" /></mjloggm>