<mjloggm ver="2.3"><GO type="41"/><UN n0="%E3%82%89%E3%83%BB%E3%81%9B%E3%83%BB%E3%82%89%E2%99%AA" n1="%E3%82%A6%E3%83%AB%E3%83%88%E3%83%A9%E7%AB%8B%E7%9B%B4" n2="%E9%95%B7%E8%B0%B7%E5%B7%9D%E5%B9%B3%E8%94%B5" n3="%E7%B4%85%E8%8C%B6%30%37" dan="13,15,15,15" rate="1865,2013,1998,1952" sx="M,M,M,F"/><TAIKYOKU oya="0"/><INIT seed="0,0,0,1,3,27" ten="250,250,250,250" oya="0" hai0="48,59,132,62,104,85,8,44,56,41,127,77,24" hai1="92,126,9,87,124,91,21,32,23,79,26,97,20" hai2="33,60,111,16,99,57,86,100,7,31,1,130,68" hai3="78,112,13,50,72,19,116,22,2,67,30,18,133"/><T40/><D104/><U34/><E9/><V122/><F111/><W58/><G116/><T101/><D101/><U6/><E6/><V128/><F122/><W110/><G2/><T47/><D132/><U121/><E121/><V94/><F86/><W42/><G112/><T36/><D127/><N who="1" m="48683" /><E79/><V80/><F80/><W55/><G133/><T103/><D103/><U66/><E66/><V73/><F73/><W123/><G110/><T28/><D8/><U95/><E26/><V5/><F1/><W38/><G67/><T134/><D134/><U69/><E69/><V39/><F39/><W115/><G115/><T89/><D77/><U61/><E61/><V29/><F68/><W135/><G135/><T46/><D46/><U88/><AGARI ba="0,0" hai="20,21,23,32,34,87,88,91,92,95,97" m="48683" machi="88" ten="40,2700,0" yaku="18,1,54,1" doraHai="27" who="1" fromWho="1" sc="250,-13,250,27,250,-7,250,-7" /><INIT seed="1,0,0,1,3,131" ten="237,277,243,243" oya="1" hai0="56,120,88,6,58,67,25,111,92,31,95,30,33" hai1="62,60,84,123,11,121,102,54,40,13,17,117,85" hai2="52,112,15,32,115,29,129,130,124,22,126,47,27" hai3="23,114,69,50,106,87,134,9,43,39,113,91,107"/><U110/><E117/><V79/><F79/><W93/><G69/><T21/><D120/><U97/><E121/><V34/><F47/><W49/><G39/><T57/><D6/><U135/><E123/><V65/><F65/><W3/><G23/><T81/><D111/><U98/><E110/><V96/><F96/><N who="1" m="36969" /><E102/><V66/><F66/><W77/><G77/><T89/><D67/><U71/><E71/><V103/><F52/><W8/><G43/><T101/><D101/><U24/><E40/><V1/><F1/><W119/><G119/><T0/><D0/><U48/><E135/><V108/><F103/><W116/><G116/><T90/><D33/><N who="2" m="12906" /><F15/><W105/><G134/><T35/><D35/><U118/><E118/><V41/><F41/><W127/><G3/><T125/><D125/><N who="2" m="48234" /><F108/><W61/><G127/><T16/><D81/><U109/><E109/><V12/><F12/><W19/><G107/><T4/><D4/><U133/><E133/><V53/><F53/><W26/><G106/><T75/><D75/><U38/><E38/><V28/><F28/><AGARI ba="0,0" hai="16,21,25,28,30,31,56,57,58,88,89,90,92,95" machi="28" ten="40,5200,0" yaku="8,1,54,2" doraHai="131" who="0" fromWho="2" sc="237,52,277,0,243,-52,243,0" /><INIT seed="2,0,0,1,2,4" ten="289,277,191,243" oya="2" hai0="77,13,43,80,95,83,90,0,69,101,44,129,73" hai1="32,21,107,115,2,10,110,81,126,64,118,84,34" hai2="52,30,16,78,49,42,79,102,70,88,92,8,76" hai3="54,27,11,82,22,61,51,68,40,105,15,96,124"/><V89/><F70/><W5/><G124/><T114/><D69/><U117/><E107/><V7/><F42/><W131/><G131/><T58/><D129/><U46/><E64/><V57/><F30/><W87/><G40/><T116/><D114/><U48/><E115/><V41/><F41/><W65/><G105/><T127/><D127/><U119/><E126/><V55/><F55/><W132/><G132/><T93/><D0/><U37/><E21/><V103/><F7/><W91/><G96/><T123/><D123/><U20/><E37/><V45/><F45/><W98/><G98/><T134/><D101/><N who="2" m="38410" /><F92/><W100/><G100/><T18/><D134/><U25/><E48/><V112/><F112/><W97/><G97/><T38/><D116/><U23/><E46/><V67/><F67/><W50/><REACH who="3" step="1"/><G54/><REACH who="3" ten="289,277,191,233" step="2"/><T99/><D99/><U62/><E118/><V122/><F122/><W6/><G6/><T111/><D111/><U17/><E110/><V104/><F104/><W106/><G106/><T133/><D133/><U63/><E119/><V128/><F128/><W47/><G47/><T85/><REACH who="0" step="1"/><D58/><REACH who="0" ten="279,277,191,233" step="2"/><U113/><E117/><V28/><F28/><AGARI ba="0,2" hai="5,11,15,22,27,28,50,51,61,65,68,82,87,91" machi="28" ten="30,3900,0" yaku="1,1,7,1,52,1,53,0" doraHai="4" doraHaiUra="135" who="3" fromWho="2" sc="279,0,277,0,191,-39,233,59" /><INIT seed="3,0,0,0,2,128" ten="279,277,152,292" oya="3" hai0="84,90,75,19,36,89,1,87,65,31,95,13,30" hai1="55,79,67,17,104,38,0,49,69,26,83,11,4" hai2="34,85,24,107,86,59,52,25,61,115,131,78,12" hai3="105,112,91,37,98,50,96,32,123,5,9,113,116"/><W27/><G37/><T110/><D75/><U109/><E104/><V62/><F115/><W125/><G116/><T127/><D1/><U40/><E109/><V22/><F107/><W16/><G123/><T133/><D110/><U23/><E67/><V15/><F131/><W2/><G125/><T48/><D36/><U106/><E69/><V28/><F61/><W41/><G105/><T58/><D127/><U81/><E106/><V71/><F71/><W124/><G124/><T66/><D66/><U103/><E103/><V63/><F63/><W92/><G96/><T70/><D70/><U135/><E81/><V3/><F3/><W14/><G41/><T101/><D101/><U126/><E126/><V44/><F44/><W132/><G132/><T46/><D133/><U130/><E130/><V39/><F39/><W45/><G45/><T7/><D7/><U54/><E49/><V93/><F86/><W60/><G50/><T20/><D65/><U99/><E99/><V88/><F78/><W100/><G60/><T51/><D51/><U117/><E117/><V97/><F85/><W114/><G100/><T119/><D119/><U120/><E120/><V18/><AGARI ba="0,0" hai="12,15,18,22,24,25,28,34,52,59,62,88,93,97" machi="18" ten="20,12000,2" yaku="0,1,7,1,25,2,54,2" doraHai="128" who="2" fromWho="2" sc="279,-30,277,-30,152,120,292,-60" /><INIT seed="4,0,0,3,0,118" ten="249,247,272,232" oya="0" hai0="81,133,68,24,12,129,100,119,57,16,132,55,127" hai1="90,37,20,52,131,45,39,69,15,134,5,86,25" hai2="80,48,85,106,49,111,43,73,19,21,30,107,3" hai3="29,110,22,26,60,76,47,115,65,1,34,71,77"/><T112/><D68/><U83/><E69/><V59/><F111/><W64/><G110/><T105/><D119/><U91/><E131/><V108/><F108/><W56/><G115/><T32/><D129/><U88/><E134/><N who="0" m="51817" /><D112/><U123/><E123/><V114/><F3/><W89/><G1/><T36/><D36/><U116/><E116/><V0/><F73/><W74/><G47/><T96/><D81/><U63/><E39/><V42/><F0/><W62/><G74/><T2/><D2/><U54/><E37/><V7/><F7/><W33/><G33/><T10/><D24/><U94/><E54/><V31/><F114/><W82/><REACH who="3" step="1"/><G34/><REACH who="3" ten="249,247,272,222" step="2"/><T9/><D32/><U53/><E45/><V44/><F44/><W11/><G11/><N who="0" m="6175" /><D127/><U79/><E20/><V41/><F21/><W84/><AGARI ba="0,1" hai="22,26,29,56,60,62,64,65,71,76,77,82,84,89" machi="84" ten="30,2000,0" yaku="1,1,0,1,53,0" doraHai="118" doraHaiUra="135" who="3" fromWho="3" sc="249,-10,247,-5,272,-5,222,30" /><INIT seed="5,0,0,5,3,40" ten="239,242,267,252" oya="1" hai0="101,112,23,35,111,54,19,117,16,80,10,64,118" hai1="115,52,69,129,8,18,14,133,32,121,6,109,110" hai2="4,29,24,48,20,21,73,134,61,76,62,67,66" hai3="70,96,45,75,47,12,84,46,85,27,99,42,7"/><U22/><E69/><V77/><F134/><W124/><G70/><T94/><D35/><U108/><E121/><V92/><F4/><W37/><G75/><T131/><D64/><U53/><E133/><V56/><F73/><W15/><G124/><T3/><D111/><U88/><E129/><V63/><F20/><W125/><G125/><T1/><D80/><U107/><E107/><V50/><F92/><W82/><G37/><T102/><D131/><U38/><E38/><V17/><F17/><W86/><G42/><T9/><D94/><U55/><E32/><V28/><F28/><W81/><G27/><T58/><D58/><U30/><E30/><V0/><F0/><W31/><G31/><T72/><D72/><U74/><E74/><V106/><F106/><W44/><G44/><T13/><D54/><U83/><E115/><V79/><F62/><W97/><G7/><T98/><D98/><U26/><E83/><AGARI ba="0,0" hai="12,15,45,46,47,81,82,83,84,85,86,96,97,99" machi="83" ten="50,16000,3" yaku="29,2,28,2,8,1,52,3" doraHai="40" who="3" fromWho="1" sc="239,0,242,-160,267,0,252,160" /><INIT seed="6,0,0,4,4,36" ten="239,82,267,412" oya="2" hai0="30,127,29,132,108,58,4,42,59,28,73,34,19" hai1="31,98,102,15,16,52,71,101,62,40,41,134,57" hai2="33,100,112,125,61,115,74,27,124,60,20,128,97" hai3="7,131,14,56,122,26,95,54,70,11,89,113,24"/><V1/><F74/><W48/><G70/><T82/><D108/><U38/><E38/><V13/><F1/><W114/><G122/><T78/><D34/><U0/><E0/><V129/><F13/><W104/><G104/><T109/><D109/><U120/><E120/><V49/><F33/><W117/><G117/><T6/><D132/><U50/><E134/><V2/><F2/><W119/><G119/><T111/><D111/><U75/><E75/><V110/><F49/><W90/><G131/><N who="2" m="50249" /><F110/><W121/><G121/><T22/><D127/><N who="2" m="48714" /><F97/><N who="3" m="57583" /><G90/><T45/><D6/><U55/><E31/><N who="2" m="17895" /><F100/><W66/><G66/><T64/><D64/><U86/><E86/><V133/><F133/><W126/><G126/><T23/><D4/><U135/><E135/><V77/><F77/><W118/><G118/><T83/><D83/><U9/><E71/><V93/><F93/><W107/><G107/><T92/><D92/><U123/><E123/><V37/><F37/><W12/><G12/><T96/><D96/><U91/><E91/><V116/><F116/><W106/><G106/><T8/><D8/><U43/><REACH who="1" step="1"/><E98/><REACH who="1" ten="239,72,267,412" step="2"/><V72/><F72/><W67/><G113/><AGARI ba="0,1" hai="60,61,112,113,115" m="17895,48714,50249" machi="113" ten="40,7700,0" yaku="15,1,19,1,18,1" doraHai="36" who="2" fromWho="3" sc="239,0,72,0,267,87,412,-77" /><INIT seed="6,1,0,1,1,117" ten="239,72,354,335" oya="2" hai0="133,99,48,33,57,76,112,64,6,26,30,74,103" hai1="9,90,106,101,104,131,0,134,59,71,47,35,127" hai2="119,135,58,10,41,12,25,97,7,55,81,60,94" hai3="114,93,87,42,15,84,82,31,124,86,123,37,118"/><V43/><F119/><W79/><G37/><T105/><D48/><U20/><E59/><V130/><F135/><W63/><G118/><T11/><D57/><U19/><E90/><V115/><F115/><W38/><G38/><T126/><D112/><U77/><E77/><V109/><F130/><W13/><G42/><T29/><D29/><U65/><E47/><V32/><F109/><W122/><G114/><T120/><D133/><U61/><E19/><V51/><F81/><W56/><G124/><T24/><D24/><U45/><E20/><V72/><F72/><W53/><G31/><T23/><D23/><U62/><E45/><N who="2" m="28143" /><F25/><W14/><REACH who="3" step="1"/><G93/><REACH who="3" ten="239,72,354,325" step="2"/><T44/><D126/><U4/><E127/><V52/><F32/><W49/><G49/><T17/><D33/><U27/><E134/><V89/><AGARI ba="1,1" hai="7,10,12,41,43,52,58,60,89,94,97" m="28143" machi="89" ten="30,3000,0" yaku="8,1,54,1" doraHai="117" who="2" fromWho="2" sc="239,-11,72,-11,354,43,325,-11" /><INIT seed="6,2,0,0,5,93" ten="228,61,397,314" oya="2" hai0="73,60,27,24,57,111,21,76,94,13,51,65,121" hai1="23,126,4,88,132,85,44,11,25,0,8,19,72" hai2="10,100,33,112,12,103,35,20,47,43,87,125,119" hai3="38,58,63,109,83,99,80,17,92,86,128,28,36"/><V15/><F119/><W133/><G109/><T45/><D111/><U118/><E72/><V98/><F112/><W90/><G128/><T42/><D121/><U78/><E118/><V48/><F125/><W105/><G133/><T135/><D135/><U113/><E132/><V55/><F103/><W116/><G116/><T39/><D73/><U110/><E126/><V1/><F1/><W122/><G105/><T56/><D56/><U3/><E110/><V29/><F87/><W114/><G122/><T127/><D127/><U6/><E78/><V54/><F33/><W18/><G28/><T130/><D130/><U46/><REACH who="1" step="1"/><E113/><REACH who="1" ten="228,51,397,314" step="2"/><V9/><F35/><W68/><G114/><T61/><D76/><U30/><E30/><V115/><F29/><W14/><G38/><T101/><D39/><U117/><E117/><V22/><F115/><W134/><G36/><T40/><D61/><U52/><E52/><V66/><F55/><N who="3" m="34271" /><G134/><T69/><D40/><U107/><E107/><V102/><F43/><W84/><G68/><T124/><D69/><U64/><E64/><V81/><F66/><W26/><G26/><T32/><D124/><U49/><E49/><V129/><F48/><W106/><G106/><T37/><D37/><U97/><E97/><V5/><F98/><W131/><G131/><T74/><D74/><U41/><E41/><V96/><F96/><W50/><G50/><T108/><D108/><U82/><AGARI ba="2,1" hai="0,3,4,6,8,11,19,23,25,44,46,82,85,88" machi="82" ten="20,8000,1" yaku="1,1,0,1,7,1,9,1,54,1,53,0" doraHai="93" doraHaiUra="62" who="1" fromWho="1" sc="228,-22,51,96,397,-42,314,-22" /><INIT seed="7,0,0,4,5,101" ten="206,147,355,292" oya="3" hai0="3,4,109,102,95,124,70,129,97,131,50,127,38" hai1="61,107,26,18,135,45,88,32,106,68,66,14,21" hai2="0,39,132,55,89,7,71,1,29,74,48,93,53" hai3="72,8,122,75,59,108,41,28,77,31,81,30,67"/><W87/><G122/><T103/><D38/><U16/><E135/><V85/><F74/><W44/><G108/><T20/><D70/><U43/><E88/><V46/><F71/><W125/><G125/><N who="0" m="48203" /><D3/><U36/><E32/><V69/><F69/><W58/><G8/><AGARI ba="0,0" hai="8,14,16,18,21,26,36,43,45,61,66,68,106,107" machi="8" ten="30,7700,0" yaku="7,1,52,2,54,1" doraHai="101" who="1" fromWho="3" sc="206,0,147,77,355,0,292,-77" owari="206,-29.0,224,2.0,355,45.0,215,-18.0" /></mjloggm>