<mjloggm ver="2.3"><GO type="97"/><UN n0="%4D%50%32%37" n1="%EF%BC%88%E2%89%A7%E2%96%BD%E2%89%A6%EF%BC%89" n2="%62%6C%61%63%6B%5F%32%31" n3="%E3%83%A9%E3%83%B3%E3%83%80%E3%83%A0%E3%83%8D%E3%82%B9" dan="14,15,14,15" rate="1970,2002,1903,1944" sx="M,M,M,M"/><TAIKYOKU oya="0"/><INIT seed="0,0,0,5,0,9" ten="250,250,250,250" oya="0" hai0="20,14,105,0,24,21,96,121,85,46,93,6,43" hai1="88,1,76,98,10,92,52,15,81,101,118,41,70" hai2="55,17,23,62,87,38,111,119,89,120,135,39,95" hai3="90,27,58,35,26,128,5,47,124,8,59,2,33"/><T64/><D121/><U134/><E118/><V57/><F120/><W108/><G108/><T29/><D0/><U79/><E70/><V91/><F119/><W84/><G124/><T106/><D64/><U104/><E134/><V36/><F111/><W109/><G109/><T22/><D85/><N who="1" m="50223" /><E1/><V71/><F135/><W78/><G78/><N who="1" m="29738" /><E104/><V74/><F74/><W49/><G128/><T129/><D129/><U114/><E114/><V16/><F71/><W80/><G27/><T127/><D127/><U97/><E98/><V48/><F17/><W132/><G132/><T130/><D130/><U69/><E69/><V7/><F7/><W73/><G73/><T63/><D63/><U11/><E41/><V51/><F62/><W19/><G35/><T31/><D31/><U4/><E10/><V12/><REACH who="2" step="1"/><F51/><REACH who="2" ten="250,250,240,250" step="2"/><W122/><G122/><T126/><D126/><U32/><E32/><V44/><F44/><W68/><G68/><T50/><D6/><U45/><E45/><V61/><F61/><W133/><G133/><T66/><D66/><U125/><E125/><V72/><F72/><W103/><G33/><T37/><D37/><U112/><E112/><V131/><F131/><W42/><G19/><T83/><D29/><U18/><E4/><V67/><F67/><W123/><G123/><T102/><D50/><U100/><E100/><V117/><F117/><W110/><G103/><T56/><D46/><U28/><E28/><V65/><F65/><W116/><G116/><T40/><D102/><U113/><E113/><V30/><F30/><W75/><G110/><T77/><D56/><RYUUKYOKU ba="0,1" sc="250,-15,250,15,240,15,250,-15" hai1="11,15,18,52,92,97,101" hai2="12,16,23,36,38,39,48,55,57,87,89,91,95" /><INIT seed="1,1,1,3,2,130" ten="235,265,255,235" oya="1" hai0="20,14,122,90,113,30,81,38,19,89,75,51,114" hai1="8,5,86,87,126,31,119,93,74,103,116,82,48" hai2="125,34,57,22,102,6,47,72,43,107,35,36,27" hai3="80,124,117,111,28,127,37,0,33,132,109,76,62"/><U106/><E31/><V78/><F125/><N who="3" m="48203" /><G117/><N who="1" m="45130" /><E48/><V129/><F129/><W134/><G37/><T60/><D38/><U100/><E8/><V10/><F107/><W121/><G0/><T39/><D122/><U67/><E67/><V73/><F102/><N who="1" m="38953" /><E5/><V110/><F110/><N who="3" m="41995" /><G121/><T101/><D39/><U133/><E126/><V64/><F78/><W24/><G62/><T3/><D3/><U91/><E106/><V23/><F73/><AGARI ba="1,1" hai="24,28,33,73,76,80,132,134" m="41995,48203" machi="73" ten="30,8000,1" yaku="18,1,14,1,23,1,52,2" doraHai="130" who="3" fromWho="2" sc="235,0,265,0,255,-83,235,93" /><INIT seed="2,0,0,4,5,38" ten="235,265,172,328" oya="2" hai0="71,16,135,61,68,111,72,34,74,6,114,1,62" hai1="10,17,3,64,132,53,46,79,126,124,28,14,0" hai2="93,59,23,83,129,21,94,55,104,115,13,4,56" hai3="95,78,101,35,98,118,29,67,49,107,26,105,103"/><V91/><F115/><W47/><G118/><T63/><D114/><U75/><E64/><V45/><F129/><W85/><G67/><T18/><D34/><U113/><E113/><V25/><F104/><W128/><G128/><T66/><D111/><U40/><E28/><V77/><F94/><W27/><G27/><T80/><D135/><U69/><E69/><V43/><F59/><W54/><G103/><T112/><D112/><U9/><E132/><V90/><F13/><W33/><G33/><T32/><D32/><U41/><E53/><V30/><F4/><W117/><G117/><T70/><D66/><U73/><E79/><V86/><F93/><W19/><G19/><T76/><REACH who="0" step="1"/><D74/><REACH who="0" ten="225,265,172,328" step="2"/><U36/><E73/><V11/><F21/><W42/><G35/><T50/><D50/><U24/><E75/><V20/><F23/><W119/><G49/><T2/><D2/><U130/><E130/><V127/><F11/><AGARI ba="0,1" hai="1,6,11,16,18,61,62,63,68,70,71,72,76,80" machi="11" ten="50,3200,0" yaku="1,1,54,1,53,0" doraHai="38" doraHaiUra="37" who="0" fromWho="2" sc="225,42,265,0,172,-32,328,0" /><INIT seed="3,0,0,5,2,121" ten="267,265,140,328" oya="3" hai0="10,73,128,85,116,59,34,82,68,99,103,47,0" hai1="70,98,89,100,26,25,83,14,96,8,112,81,78" hai2="50,57,117,7,41,130,133,122,110,91,69,105,90" hai3="129,111,2,65,32,60,74,135,120,107,43,125,127"/><W77/><RYUUKYOKU type="yao9" ba="0,0" sc="267,0,265,0,140,0,328,0" hai3="2,32,43,60,65,74,77,107,111,120,125,127,129,135" /><INIT seed="3,1,0,1,2,86" ten="267,265,140,328" oya="3" hai0="4,24,101,40,87,100,95,109,31,0,116,97,96" hai1="67,103,18,89,35,68,83,115,106,34,71,93,15" hai2="110,48,32,107,61,80,57,88,54,79,50,73,41" hai3="42,78,102,20,43,130,56,75,85,98,125,134,112"/><W1/><G112/><T66/><D116/><U77/><E115/><V30/><F107/><W92/><G1/><T3/><D109/><U33/><E67/><V108/><F41/><W135/><G125/><T91/><D40/><U104/><E104/><V19/><F32/><W51/><G130/><T55/><D4/><U14/><E103/><V38/><F30/><W52/><G75/><T39/><D39/><U117/><E106/><V25/><F38/><W127/><G127/><T10/><D10/><U82/><E117/><V72/><F19/><W63/><G20/><T69/><D55/><U11/><E14/><V59/><F25/><W21/><G21/><T113/><D113/><U23/><E11/><V99/><F72/><W105/><G63/><T76/><D76/><U94/><E94/><V28/><F28/><W70/><G70/><T126/><D126/><U5/><E5/><V74/><F74/><W65/><G65/><T123/><D123/><U131/><E131/><V9/><F9/><W133/><G105/><N who="0" m="63623" /><D66/><U128/><E128/><V16/><F16/><W17/><G17/><T84/><D69/><U8/><E8/><V36/><F36/><W129/><G129/><T6/><D6/><U26/><E26/><V62/><F110/><W122/><G122/><T124/><D124/><U58/><E58/><V111/><F108/><W53/><G53/><T45/><D45/><U22/><E22/><V119/><F119/><W46/><G56/><T44/><D44/><U118/><E118/><V27/><F27/><W2/><G133/><T7/><D7/><U121/><E121/><RYUUKYOKU ba="1,0" sc="267,0,265,0,140,0,328,0" owari="267,7.0,265,-13.0,140,-36.0,328,42.0" /></mjloggm>