<mjloggm ver="2.3"><GO type="169" lobby="0"/><UN n0="%EF%BC%A0%E6%A3%AE" n1="%6D%69%72%75%66%61" n2="%70%65%72%6F%32" n3="%EF%BC%88%E2%89%A7%E2%96%BD%E2%89%A6%EF%BC%89" dan="16,16,16,19" rate="2078.30,2048.84,2085.06,2273.42" sx="F,M,M,M"/><TAIKYOKU oya="0"/><INIT seed="0,0,0,0,4,88" ten="250,250,250,250" oya="0" hai0="98,40,24,95,53,63,9,112,18,121,2,116,10" hai1="66,103,128,129,19,107,99,31,78,17,92,60,82" hai2="127,84,134,101,23,56,49,90,1,131,32,100,46" hai3="89,126,130,105,122,33,15,135,57,123,21,115,85"/><T62/><D116/><U70/><E31/><V41/><F32/><W8/><G105/><T87/><D121/><N who="3" m="46089" /><G33/><T37/><D112/><U124/><E124/><V74/><F74/><W91/><G115/><T36/><D2/><U73/><REACH who="1" step="1"/><E107/><REACH who="1" ten="250,240,250,250" step="2"/><V6/><F127/><W111/><G126/><T118/><D118/><U68/><E68/><V119/><F119/><W35/><G35/><T42/><D37/><U109/><E109/><V102/><F134/><W77/><G111/><T96/><D36/><U16/><AGARI ba="0,1" hai="16,17,19,60,66,70,73,78,82,92,99,103,128,129" machi="16" ten="30,8000,1" yaku="1,1,0,1,52,1,54,1,53,1" doraHai="88" doraHaiUra="106" who="1" fromWho="1" sc="250,-40,240,90,250,-20,250,-20" /><INIT seed="1,0,0,1,0,75" ten="210,330,230,230" oya="1" hai0="92,39,111,100,59,30,91,88,8,20,124,96,104" hai1="118,14,86,128,62,37,54,9,129,99,132,3,36" hai2="26,33,48,66,95,82,73,24,98,23,81,120,1" hai3="127,65,38,114,44,67,87,0,108,35,115,72,45"/><U25/><E118/><V102/><F1/><W70/><G0/><T110/><D39/><U135/><E3/><V19/><F120/><W79/><G72/><T117/><D117/><U78/><E25/><V101/><F101/><W69/><G35/><T68/><D68/><U12/><E99/><V47/><F66/><W122/><G87/><T123/><D123/><U119/><E119/><V76/><F81/><W56/><G122/><T32/><D32/><U50/><E62/><V34/><REACH who="2" step="1"/><F26/><REACH who="2" ten="210,330,220,230" step="2"/><W89/><G67/><T64/><D124/><U126/><E126/><V134/><F134/><W97/><G65/><T109/><D8/><U11/><E11/><V42/><AGARI ba="0,1" hai="19,23,24,33,34,42,47,48,73,76,82,95,98,102" machi="42" ten="20,5200,0" yaku="1,1,0,1,7,1,52,1,53,0" doraHai="75" doraHaiUra="7" who="2" fromWho="2" sc="210,-13,330,-26,220,62,230,-13" /><INIT seed="2,0,0,5,4,51" ten="197,304,282,217" oya="2" hai0="127,117,123,135,98,10,94,80,49,116,71,99,35" hai1="45,100,106,102,13,118,53,27,46,87,124,81,18" hai2="131,129,120,33,68,54,32,43,73,110,128,90,4" hai3="44,37,21,113,84,0,86,38,97,103,88,23,134"/><V105/><F120/><W76/><G0/><T92/><D123/><U40/><E118/><N who="0" m="45673" /><D35/><N who="2" m="13386" /><F4/><W61/><G113/><T96/><D71/><U91/><E124/><V77/><F110/><W112/><G112/><T108/><D108/><U25/><E106/><V111/><F111/><W93/><G134/><T12/><D135/><U82/><E82/><N who="2" m="45359" /><F43/><W8/><G8/><T85/><D127/><U122/><E122/><V130/><F130/><W48/><G61/><T109/><D109/><U16/><E18/><V56/><F68/><W133/><G133/><T14/><D14/><U62/><E40/><V75/><F75/><W58/><G58/><T121/><D121/><U74/><E74/><V55/><F105/><W119/><G119/><T115/><D115/><U66/><E66/><V104/><F104/><W57/><G57/><T42/><D49/><N who="1" m="28847" /><E46/><V69/><F69/><W70/><G70/><T5/><D42/><U83/><E62/><V78/><F78/><AGARI ba="0,0" hai="5,10,12,78,80,85,92,94,96,98,99" m="45673" machi="78" ten="30,1000,0" yaku="12,1" doraHai="51" who="0" fromWho="2" sc="197,10,304,0,282,-10,217,0" /><INIT seed="3,0,0,0,1,104" ten="207,304,272,217" oya="3" hai0="99,73,61,95,117,115,14,24,49,50,35,130,67" hai1="114,39,91,13,123,63,89,27,58,57,29,133,103" hai2="65,107,8,44,88,6,124,34,135,74,32,22,70" hai3="59,36,21,97,80,4,96,110,116,5,106,42,15"/><W55/><G116/><T84/><D117/><U30/><E114/><V46/><F135/><W48/><G110/><T0/><D115/><U52/><E123/><V3/><F124/><W75/><G106/><T19/><D0/><U77/><E39/><V85/><F107/><W11/><G4/><T66/><D130/><U53/><E103/><V40/><F74/><W62/><G36/><T92/><D73/><U131/><E77/><V12/><F65/><N who="0" m="24586" /><D35/><U86/><E131/><V125/><F70/><W26/><G80/><T9/><D61/><U78/><E78/><V7/><F125/><W122/><G122/><T79/><D24/><U127/><E127/><V101/><F101/><W134/><G134/><T83/><D92/><U120/><E120/><V132/><F132/><W76/><G76/><T10/><D9/><U87/><E27/><V33/><F40/><W129/><G75/><T112/><D112/><U128/><E128/><V82/><REACH who="2" step="1"/><F7/><REACH who="2" ten="207,304,262,217" step="2"/><W119/><G129/><T37/><D37/><U47/><E133/><V60/><F60/><W105/><G105/><T43/><D43/><U94/><E63/><V121/><F121/><W81/><G119/><T17/><D19/><AGARI ba="0,1" hai="3,6,8,12,19,22,32,33,34,44,46,82,85,88" machi="19" ten="40,2600,0" yaku="1,1,54,1,53,0" doraHai="104" doraHaiUra="90" who="2" fromWho="0" sc="207,-26,304,0,262,36,217,0" /><INIT seed="4,0,0,2,3,72" ten="181,304,298,217" oya="0" hai0="114,67,15,122,18,14,74,27,135,32,105,131,39" hai1="24,96,84,113,35,59,50,103,13,118,110,66,87" hai2="3,38,0,21,98,31,133,79,117,12,34,121,125" hai3="26,23,37,69,93,90,77,11,49,123,20,126,80"/><T73/><D105/><U46/><E110/><V55/><F121/><W57/><G37/><T43/><D122/><U107/><E118/><V16/><F133/><W92/><G69/><T62/><D135/><U132/><E132/><V111/><F111/><W116/><G116/><T53/><D131/><U70/><E13/><V115/><F117/><W2/><G123/><T100/><D114/><U112/><E59/><V78/><F38/><W119/><G119/><T130/><D130/><U51/><E66/><V40/><F40/><W63/><G126/><T82/><D100/><U109/><E70/><V1/><F115/><N who="1" m="44105" /><E109/><V89/><F125/><W42/><G2/><T33/><D53/><N who="1" m="29911" /><E51/><V30/><F55/><W5/><G49/><T88/><D43/><U10/><E10/><V19/><F34/><W28/><G42/><T64/><D39/><U76/><E76/><V65/><F65/><W58/><G58/><T85/><D64/><U106/><E106/><V22/><F89/><W9/><G90/><T44/><D44/><U128/><E128/><V99/><F1/><N who="3" m="175" /><G11/><T102/><D102/><U71/><E71/><V6/><F12/><W75/><G57/><T124/><D124/><U41/><E41/><V25/><F25/><N who="3" m="16423" /><G63/><T47/><D47/><U91/><E91/><V56/><F56/><W4/><G4/><AGARI ba="0,0" hai="0,3,4,6,16,19,21,22,30,31,78,79,98,99" machi="4" ten="25,8000,1" yaku="22,2,52,2,54,1" doraHai="72" who="2" fromWho="3" sc="181,0,304,0,298,80,217,-80" /><INIT seed="5,0,0,0,3,51" ten="181,304,378,137" oya="1" hai0="104,58,35,132,62,4,126,10,31,48,56,38,54" hai1="80,123,85,94,45,79,15,112,98,71,22,12,117" hai2="53,30,122,46,96,59,40,81,9,88,105,60,73" hai3="133,41,14,32,24,86,44,23,7,11,39,65,83"/><U0/><E117/><V3/><F122/><W106/><G106/><T43/><D104/><U102/><E123/><V1/><F30/><W127/><G127/><T131/><D126/><U134/><E134/><V37/><F9/><W16/><G133/><T49/><D132/><U57/><E112/><V29/><F29/><W100/><G100/><T84/><D131/><U50/><E0/><V33/><F33/><W91/><G65/><T118/><D118/><U52/><E71/><V70/><F70/><W5/><REACH who="3" step="1"/><G32/><REACH who="3" ten="181,304,378,127" step="2"/><T66/><D35/><U110/><E110/><V87/><REACH who="2" step="1"/><F73/><REACH who="2" ten="181,304,368,127" step="2"/><W78/><G78/><T103/><D103/><AGARI ba="0,2" hai="1,3,37,40,46,53,59,60,81,87,88,96,103,105" machi="103" ten="40,8000,1" yaku="1,1,2,1,52,1,54,1,53,1" doraHai="51" doraHaiUra="93" who="2" fromWho="0" sc="181,-80,304,0,368,100,127,0" /><INIT seed="6,0,0,4,5,35" ten="101,304,468,127" oya="2" hai0="97,34,42,111,85,108,16,133,69,118,4,21,19" hai1="7,28,124,54,23,105,116,122,27,81,130,45,60" hai2="37,66,44,92,1,25,134,51,131,99,100,71,65" hai3="107,40,53,135,14,95,78,5,17,30,121,59,115"/><V70/><F131/><W31/><G107/><T15/><D118/><U110/><E105/><V57/><F1/><W0/><G121/><T20/><D69/><U128/><E110/><V101/><F134/><W50/><G135/><T79/><D42/><U11/><E116/><V87/><F87/><W90/><G115/><T114/><D133/><U126/><E122/><V63/><F37/><W49/><G78/><T38/><D38/><U26/><E81/><V103/><F25/><W109/><G109/><T56/><D114/><U41/><E60/><V48/><F48/><W32/><G32/><T52/><D34/><U67/><E54/><V123/><F123/><W72/><G72/><T96/><D4/><U76/><E76/><V68/><REACH who="2" step="1"/><F66/><REACH who="2" ten="101,304,458,127" step="2"/><W29/><G49/><N who="0" m="30735" /><D111/><U94/><E67/><V119/><F119/><W112/><G112/><T89/><D108/><U6/><E27/><V2/><F2/><W117/><G117/><T74/><D74/><U84/><E128/><V9/><F9/><W43/><G0/><T88/><D79/><U12/><E130/><V120/><F120/><W125/><G50/><T46/><D46/><U33/><E84/><V77/><F77/><W83/><G14/><N who="0" m="9239" /><D85/><U61/><E124/><V80/><F80/><W22/><G125/><T24/><D24/><U3/><E126/><V93/><F93/><W13/><G83/><T10/><D10/><U102/><E94/><V104/><F104/><W98/><G95/><T62/><D62/><U73/><E3/><V75/><F75/><W91/><G43/><AGARI ba="0,1" hai="43,44,51,57,63,65,68,70,71,92,99,100,101,103" machi="43" ten="40,2000,0" yaku="1,1,53,0" doraHai="35" doraHaiUra="82" who="2" fromWho="3" sc="101,0,304,0,458,30,127,-20" /><INIT seed="6,1,0,5,5,132" ten="101,304,488,107" oya="2" hai0="85,128,88,3,58,61,17,32,48,78,28,4,46" hai1="66,21,83,45,40,89,47,13,62,36,103,76,117" hai2="73,0,98,38,114,70,127,125,71,19,75,68,93" hai3="91,2,10,108,116,99,109,77,25,82,104,31,130"/><V9/><F114/><W96/><G116/><T124/><D128/><U53/><E117/><V113/><F113/><W60/><G130/><T74/><D78/><U106/><E106/><V102/><F38/><W37/><G37/><T56/><D74/><U20/><E103/><V16/><F73/><W63/><G104/><T101/><D101/><U97/><E13/><V14/><F75/><W50/><G2/><T112/><D112/><U30/><E30/><V107/><F107/><W118/><G118/><T72/><D72/><U135/><E135/><V39/><F39/><W94/><G10/><T87/><D4/><U55/><E89/><V44/><F44/><W95/><G50/><T27/><D3/><U120/><E97/><V65/><F65/><W24/><G91/><T81/><D124/><N who="2" m="47690" /><F0/><W59/><G108/><T131/><D131/><U8/><E66/><V35/><F35/><W22/><G109/><T7/><D7/><AGARI ba="1,0" hai="7,9,14,16,19,68,70,71,93,98,102" m="47690" machi="7" ten="40,12000,1" yaku="18,1,52,3,54,1" doraHai="132" who="2" fromWho="0" sc="101,-123,304,0,488,123,107,0" owari="-22,-52.0,304,10.0,611,71.0,107,-29.0" /></mjloggm>