<mjloggm ver="2.3"><GO type="41"/><UN n0="%E3%82%8F%E3%81%8B%E3%81%A0%E3%82%93" n1="%E6%A1%9C%E7%AB%9C%E2%80%A0%E3%82%BF%E3%83%9E" n2="%EF%BC%88%E2%89%A7%E2%96%BD%E2%89%A6%EF%BC%89" n3="%4D%72%2E%E3%82%AA%E3%83%BC%E3%82%B7%E3%83%A3%E3%83%B3" dan="13,15,15,13" rate="1867,1963,1990,1837" sx="M,M,M,M"/><TAIKYOKU oya="0"/><INIT seed="0,0,0,0,2,25" ten="250,250,250,250" oya="0" hai0="101,76,68,36,72,14,129,31,47,26,42,128,0" hai1="94,29,20,117,4,34,66,99,46,13,28,131,33" hai2="67,118,125,2,51,87,121,110,62,73,53,48,81" hai3="82,86,78,95,44,15,113,102,111,8,116,3,9"/><T64/><D14/><U97/><E117/><V23/><F121/><W17/><G111/><T10/><D101/><U126/><E126/><V124/><F118/><W65/><G113/><T50/><D50/><U112/><E112/><V91/><F110/><W1/><G65/><T35/><D64/><U120/><E120/><V71/><F2/><W133/><G133/><T69/><D128/><U55/><E131/><V104/><F104/><W88/><G102/><T40/><D40/><U12/><E66/><V58/><F73/><W105/><G105/><T7/><D129/><U75/><E75/><V134/><F134/><W39/><G1/><T123/><D123/><U135/><E135/><V54/><REACH who="2" step="1"/><F23/><REACH who="2" ten="250,250,240,250" step="2"/><W70/><G116/><T30/><D30/><N who="1" m="11883" /><E33/><V16/><F16/><W38/><G3/><T32/><D32/><U18/><E34/><V90/><F90/><W57/><G70/><T92/><D92/><U108/><E108/><V37/><F37/><W109/><G39/><T77/><D77/><U96/><E4/><V106/><F106/><W132/><G109/><T61/><D61/><U114/><E114/><V59/><AGARI ba="0,1" hai="48,51,53,54,58,59,62,67,71,81,87,91,124,125" machi="59" ten="30,4000,0" yaku="1,1,0,1,9,1,53,0" doraHai="25" doraHaiUra="100" who="2" fromWho="2" sc="250,-20,250,-10,240,50,250,-10" /><INIT seed="1,0,0,5,5,60" ten="230,240,290,240" oya="1" hai0="61,110,35,38,42,10,64,45,31,20,71,80,115" hai1="134,25,65,17,19,98,132,76,120,133,117,21,46" hai2="50,130,92,63,28,68,135,94,104,43,126,103,102" hai3="111,5,14,69,96,9,89,33,123,100,87,8,79"/><U128/><E117/><V2/><F2/><W121/><G111/><T54/><D110/><U29/><E120/><V81/><F28/><W106/><G33/><T124/><D115/><U82/><E98/><V27/><F27/><W26/><G26/><T11/><D124/><U70/><E46/><V108/><F126/><W62/><G79/><T7/><D35/><U83/><E128/><V3/><F130/><W91/><G91/><T66/><D80/><U1/><E1/><V72/><F108/><W105/><G105/><T48/><D31/><U12/><E17/><V74/><F3/><W55/><G69/><T88/><D20/><U73/><E83/><V90/><F43/><W67/><G55/><T99/><D7/><U119/><E119/><V36/><F36/><W125/><G125/><T53/><D88/><U37/><E37/><V47/><F90/><W16/><G62/><T15/><D99/><U40/><E40/><N who="2" m="24935" /><F104/><W32/><G32/><T101/><D101/><U59/><E59/><V116/><F116/><W85/><G85/><T97/><D97/><U34/><E70/><V118/><F118/><W84/><G84/><T24/><D24/><U95/><E95/><N who="2" m="36395" /><F81/><W131/><G131/><T107/><D107/><U112/><REACH who="1" step="1"/><E112/><REACH who="1" ten="230,230,290,240" step="2"/><V58/><F68/><W22/><G123/><T6/><D10/><U86/><E86/><V129/><F129/><W56/><G121/><T114/><D114/><U51/><E51/><V0/><F0/><W30/><G30/><T122/><D122/><U127/><E127/><V75/><F75/><W78/><G9/><T23/><D38/><RYUUKYOKU ba="0,1" sc="230,-10,230,30,290,-10,240,-10" hai1="12,19,21,25,29,34,65,73,76,82,132,133,134" /><INIT seed="1,1,1,3,1,78" ten="220,260,280,230" oya="1" hai0="23,130,113,20,101,102,37,30,76,98,19,34,7" hai1="54,2,41,89,71,28,17,10,73,8,52,1,18" hai2="4,119,103,31,14,83,91,80,58,125,87,63,43" hai3="69,51,49,65,120,9,70,57,128,90,99,64,104"/><U66/><E73/><V60/><F119/><W0/><G120/><T62/><D37/><U95/><E41/><V88/><F125/><W56/><G128/><T135/><D113/><U118/><E118/><V61/><F103/><W123/><G0/><T67/><D130/><U116/><E116/><V55/><F31/><W38/><G38/><T48/><D135/><U100/><E100/><V97/><F43/><W127/><G127/><T26/><D7/><U33/><E71/><V121/><F121/><W15/><G104/><T106/><D101/><U25/><E66/><V32/><F32/><W72/><G72/><T131/><D131/><U81/><E81/><N who="2" m="31307" /><F97/><W109/><G109/><T86/><D48/><N who="3" m="18505" /><G70/><T114/><D114/><U79/><E79/><V16/><F4/><N who="3" m="3495" /><G69/><N who="0" m="42231" /><D19/><U27/><E33/><V115/><F115/><W68/><G68/><T75/><D75/><U39/><E28/><V40/><F40/><W124/><G124/><T6/><D6/><U93/><E39/><V77/><F77/><W110/><G110/><T53/><D53/><U13/><E89/><N who="2" m="34379" /><F87/><W24/><G24/><T35/><D35/><U92/><REACH who="1" step="1"/><E92/><REACH who="1" ten="220,250,280,230" step="2"/><V85/><F85/><W50/><G123/><T29/><D29/><U108/><E108/><V94/><F94/><N who="3" m="56791" /><G65/><T11/><D11/><AGARI ba="1,2" hai="11,14,16,55,58,60,61,63" m="34379,31307" machi="11" ten="30,12000,2" yaku="8,1,52,3,54,2" doraHai="78" who="2" fromWho="0" sc="220,-123,250,0,280,143,230,0" /><INIT seed="2,0,0,4,3,11" ten="97,250,423,230" oya="2" hai0="67,119,49,63,26,89,123,52,47,5,33,81,27" hai1="98,56,25,85,106,97,83,127,117,15,17,50,100" hai2="73,55,7,46,72,57,37,23,92,105,30,44,13" hai3="111,18,82,74,118,40,58,16,135,108,68,116,125"/><V112/><F105/><W76/><G68/><T1/><D123/><U22/><E117/><V60/><F112/><W4/><G40/><T0/><D119/><U107/><E127/><V2/><F2/><W66/><G125/><T53/><D33/><U61/><E50/><V34/><F34/><W99/><G99/><T24/><D5/><U28/><E98/><V36/><F36/><W45/><G45/><T71/><D53/><U102/><E102/><V59/><F37/><W132/><G4/><T84/><AGARI ba="0,0" hai="0,1,24,26,27,47,49,52,63,67,71,81,84,89" machi="84" ten="30,2000,0" yaku="0,1,54,1" doraHai="11" who="0" fromWho="0" sc="97,20,250,-5,423,-10,230,-5" /><INIT seed="3,0,0,4,4,96" ten="117,245,413,225" oya="3" hai0="19,101,135,120,18,23,4,99,84,80,3,93,11" hai1="108,129,125,6,16,77,94,38,42,33,97,92,48" hai2="109,122,115,100,22,98,114,27,67,64,105,52,103" hai3="61,25,76,44,53,83,54,89,131,47,116,88,0"/><W57/><G116/><T102/><D135/><U132/><E132/><V56/><F122/><W32/><G0/><T82/><D120/><U62/><E129/><V20/><F109/><W21/><G32/><T24/><D19/><U72/><E108/><V1/><F1/><W5/><G5/><T14/><D82/><U104/><E33/><V60/><F100/><W35/><G35/><T17/><D17/><U46/><E125/><V7/><F7/><W119/><G119/><T106/><D106/><U70/><E6/><V10/><F10/><W26/><G26/><T45/><D45/><U95/><E72/><V55/><F20/><W134/><G134/><T36/><D36/><U50/><E77/><V58/><F67/><W29/><G54/><T73/><D73/><U28/><E28/><V133/><F133/><W15/><G15/><T87/><D87/><U68/><E16/><V124/><F124/><W111/><G111/><T86/><D86/><U13/><E13/><V39/><F39/><W8/><G8/><T81/><D81/><U85/><E85/><V113/><REACH who="2" step="1"/><F56/><REACH who="2" ten="117,245,403,225" step="2"/><W43/><G131/><T91/><REACH who="0" step="1"/><D3/><REACH who="0" ten="107,245,403,225" step="2"/><U37/><E37/><V2/><F2/><W40/><G83/><T90/><AGARI ba="0,2" hai="4,11,14,18,23,24,80,84,90,91,93,99,101,102" machi="90" ten="20,12000,2" yaku="1,1,2,1,0,1,7,1,8,1,52,2,53,0" doraHai="96" doraHaiUra="112" who="0" fromWho="0" sc="107,140,245,-30,403,-30,225,-60" /><INIT seed="4,0,0,3,0,44" ten="247,215,373,165" oya="0" hai0="70,11,111,0,7,132,95,80,91,119,101,107,90" hai1="75,40,31,113,43,58,69,123,4,38,33,72,15" hai2="96,77,52,100,117,59,5,41,99,48,94,66,81" hai3="67,105,53,3,60,82,124,46,50,65,29,118,25"/><T134/><D70/><U73/><E123/><V37/><F117/><W55/><G3/><T27/><D119/><U2/><E69/><V28/><F66/><W127/><G105/><T45/><D27/><U1/><E113/><V125/><F125/><N who="3" m="48203" /><G82/><T131/><D131/><U92/><E92/><V23/><F5/><W30/><G118/><T79/><D45/><U10/><E58/><V35/><F35/><N who="3" m="20911" /><G30/><T97/><D111/><U108/><E108/><V39/><F41/><W88/><G60/><T56/><D56/><U12/><E1/><V62/><F62/><W36/><G36/><T8/><D8/><U51/><E38/><V93/><F23/><W106/><G106/><T34/><D34/><U128/><E128/><V103/><F28/><W9/><G9/><T85/><REACH who="0" step="1"/><D91/><REACH who="0" ten="237,215,373,165" step="2"/><U98/><E33/><V20/><F20/><W135/><G135/><T121/><D121/><U68/><E68/><V89/><F89/><W74/><G74/><AGARI ba="0,1" hai="0,7,11,74,79,80,85,90,95,97,101,107,132,134" machi="74" ten="40,7700,0" yaku="1,1,24,2,53,0" doraHai="44" doraHaiUra="64" who="0" fromWho="3" sc="237,87,215,0,373,0,165,-77" /><AGARI ba="0,0" hai="37,39,48,52,59,74,77,81,93,94,96,99,100,103" machi="74" ten="30,7700,0" yaku="7,1,9,1,52,1,54,1" doraHai="44" who="2" fromWho="3" sc="324,0,215,0,373,77,88,-77" /><INIT seed="4,1,0,0,3,66" ten="324,215,450,11" oya="0" hai0="18,124,48,44,96,11,114,91,87,63,79,72,70" hai1="129,133,7,127,112,19,59,97,9,77,32,62,119" hai2="58,122,84,16,39,69,26,107,38,14,74,15,135" hai3="33,103,60,42,8,102,111,105,25,110,109,2,47"/><T78/><D124/><U54/><E119/><V132/><F74/><W118/><G118/><T82/><D114/><U94/><E112/><V108/><F107/><W101/><G105/><T65/><D96/><U83/><E127/><V81/><F108/><W50/><G2/><T21/><D72/><U88/><E133/><N who="2" m="51275" /><F122/><W55/><G8/><T45/><D45/><U36/><E129/><V86/><F69/><W99/><G99/><T13/><REACH who="0" step="1"/><D21/><REACH who="0" ten="314,215,450,11" step="2"/><U90/><E32/><V134/><F134/><W5/><G111/><T51/><D51/><U116/><E116/><V128/><F128/><W22/><G33/><T117/><D117/><U92/><E36/><V56/><F39/><W106/><G106/><T68/><D68/><U131/><E131/><V93/><F38/><W57/><REACH who="3" step="1"/><G5/><REACH who="3" ten="314,215,450,1" step="2"/><T23/><D23/><U10/><E7/><V43/><F86/><W27/><G27/><T20/><D20/><U75/><REACH who="1" step="1"/><E19/><AGARI ba="1,2" hai="19,22,25,42,47,50,55,57,60,101,102,103,109,110" machi="19" ten="40,1300,0" yaku="1,1,53,0" doraHai="66" doraHaiUra="28" who="3" fromWho="1" sc="314,0,215,-16,450,0,1,36" /><INIT seed="5,0,0,4,3,62" ten="314,199,450,37" oya="1" hai0="27,95,17,21,47,60,111,106,110,112,124,23,3" hai1="7,36,65,85,39,132,125,133,51,98,20,76,127" hai2="52,109,104,45,113,40,25,41,86,75,19,18,94" hai3="118,135,126,87,82,31,128,35,70,56,78,103,108"/><U92/><E7/><V83/><F109/><W91/><G108/><T88/><D106/><U9/><E9/><V73/><F104/><W2/><G2/><T28/><D124/><N who="1" m="47691" /><E20/><V34/><F34/><W116/><G70/><T77/><D3/><U46/><E85/><V32/><F32/><W123/><G126/><T50/><D77/><U84/><E84/><V99/><F75/><N who="3" m="43359" /><G103/><T90/><D60/><U57/><E76/><N who="2" m="46439" /><F73/><W61/><G123/><T101/><D112/><U100/><E92/><V74/><F74/><W66/><G135/><N who="1" m="51786" /><E98/><V1/><F113/><W14/><G14/><T131/><D131/><U43/><E100/><N who="2" m="60535" /><F1/><W81/><G31/><T6/><D6/><U63/><AGARI ba="0,0" hai="36,39,43,46,51,57,63,65" m="51786,47691" machi="63" ten="40,12000,1" yaku="18,1,20,1,34,2,52,1" doraHai="62" who="1" fromWho="1" sc="314,-40,199,120,450,-40,37,-40" owari="274,-13.0,319,12.0,410,51.0,-3,-50.0" /></mjloggm>