<mjloggm ver="2.3"><GO type="9"/><UN n0="%73%68%69%69%2E" n1="%E3%81%8D%E3%82%85%E3%81%A3%E3%81%8D%E3%82%85%E3%81%84" n2="%6A%6F%79%6B%65%79" n3="%EF%BC%88%E2%89%A7%E2%96%BD%E2%89%A6%EF%BC%89" dan="10,8,9,4" rate="1325,1443,1091,1628" sx="M,M,M,M"/><TAIKYOKU oya="0"/><INIT seed="0,0,0,1,3,133" ten="250,250,250,250" oya="0" hai0="124,75,16,80,50,41,128,83,18,23,10,96,42" hai1="63,43,25,22,106,26,31,101,55,52,32,8,21" hai2="44,19,38,130,5,64,116,9,72,99,48,2,79" hai3="30,129,109,69,34,115,117,112,59,14,12,35,97"/><T105/><D128/><U91/><E43/><N who="0" m="16393" /><D75/><U95/><E106/><V113/><F113/><N who="3" m="43595" /><G59/><T110/><D110/><U131/><E131/><V77/><F99/><W54/><G54/><T37/><D37/><U76/><E76/><N who="2" m="29259" /><F72/><W102/><G97/><T73/><D73/><U17/><E32/><N who="3" m="12330" /><G102/><T74/><D124/><U1/><E1/><V47/><F38/><W125/><G69/><T82/><D74/><U86/><E101/><V78/><N who="2" m="29267" /><V53/><DORA hai="27" /><F2/><W111/><G117/><T127/><D105/><U134/><E134/><V36/><F36/><W60/><G60/><T88/><D127/><U89/><E8/><V121/><F121/><W11/><G125/><T62/><D62/><U98/><E63/><V57/><F19/><N who="0" m="7210" /><D10/><U92/><AGARI ba="0,0" hai="17,21,22,25,26,31,52,55,86,89,91,92,95,98" machi="92" ten="20,8000,1" yaku="0,1,7,1,8,1,52,1,54,1" doraHai="133,27" who="1" fromWho="1" sc="250,-40,250,80,250,-20,250,-20" /><INIT seed="1,0,0,5,0,33" ten="210,330,230,230" oya="1" hai0="89,118,132,104,95,71,117,83,111,106,56,62,25" hai1="86,133,60,79,107,68,58,13,46,130,120,18,70" hai2="14,4,48,78,127,115,129,88,84,100,43,126,37" hai3="65,11,101,105,91,98,1,66,121,52,39,73,40"/><U6/><E120/><V96/><F37/><W44/><G121/><T42/><D118/><U85/><E107/><V61/><F61/><W2/><G73/><T30/><D117/><U26/><E70/><V125/><F129/><W116/><G116/><T103/><D111/><U102/><E68/><V19/><F19/><W75/><G75/><T5/><D132/><U3/><E133/><V135/><F135/><W93/><G52/><N who="0" m="34055" /><D71/><U57/><E130/><V9/><F115/><W81/><G81/><T36/><D106/><U47/><E102/><V134/><F134/><W87/><REACH who="3" step="1"/><G11/><REACH who="3" step="2"/><T53/><D104/><U80/><E80/><N who="2" m="47127" /><F100/><W67/><AGARI ba="0,1" hai="1,2,39,40,44,65,66,67,87,91,93,98,101,105" machi="67" ten="30,7900,0" yaku="1,1,0,1,52,2,53,0" doraHai="33" doraHaiUra="112" who="3" fromWho="3" sc="210,-20,330,-39,230,-20,220,89" /><INIT seed="2,0,0,2,4,108" ten="190,291,210,309" oya="2" hai0="18,12,117,24,21,52,14,135,96,88,16,122,10" hai1="124,85,116,98,42,115,82,120,26,37,55,4,35" hai2="47,76,72,20,25,53,57,30,0,130,86,46,22" hai3="121,39,81,103,118,50,97,17,87,2,23,128,41"/><V105/><F0/><W91/><G121/><T93/><D122/><U133/><E120/><V107/><F72/><W104/><G118/><T114/><D117/><U33/><E116/><V29/><F130/><W84/><G128/><T75/><D114/><U45/><E115/><V44/><F107/><W58/><G2/><T94/><D75/><U119/><E119/><V6/><F105/><W60/><G39/><T32/><D135/><U31/><E133/><V102/><F6/><W110/><G110/><T90/><D32/><U65/><E35/><V5/><F102/><W51/><G84/><T101/><D101/><U49/><E124/><V73/><F5/><W77/><G41/><T54/><REACH who="0" step="1"/><D24/><REACH who="0" step="2"/><U64/><E33/><V59/><F73/><W126/><G126/><T69/><D69/><U125/><E125/><V127/><F127/><W79/><G79/><T62/><D62/><U129/><E129/><V1/><F1/><W78/><G77/><T74/><D74/><U68/><E68/><V112/><F112/><W15/><REACH who="3" step="1"/><G78/><REACH who="3" step="2"/><T95/><D95/><U11/><E37/><V40/><F76/><W43/><G43/><T134/><D134/><U70/><E70/><V48/><F40/><W19/><G19/><T131/><D131/><U111/><E111/><V71/><F71/><W36/><G36/><T28/><D28/><U100/><E31/><V61/><F86/><AGARI ba="0,2" hai="10,12,14,16,18,21,52,54,86,88,90,93,94,96" machi="86" ten="30,12000,2" yaku="1,1,7,1,8,1,54,3,53,0" doraHai="108" doraHaiUra="99" who="0" fromWho="2" sc="180,140,291,0,210,-120,299,0" /><INIT seed="3,0,0,5,4,82" ten="320,291,90,299" oya="3" hai0="49,54,122,69,115,114,60,106,1,97,134,107,32" hai1="66,77,80,47,55,16,0,46,95,30,14,71,12" hai2="62,132,81,48,105,11,74,79,116,18,59,70,50" hai3="91,135,104,108,3,84,26,129,67,52,20,117,85"/><W13/><G117/><T119/><D122/><U43/><E0/><V31/><F74/><W34/><G3/><T133/><D119/><U15/><E30/><V89/><F70/><W78/><G104/><N who="0" m="39979" /><D1/><U124/><E124/><V37/><F37/><W58/><G34/><T120/><D120/><U76/><E66/><V45/><F116/><W41/><G135/><N who="0" m="51723" /><D32/><U118/><E118/><V61/><F105/><W40/><G129/><T63/><D97/><U125/><E125/><V4/><F31/><N who="3" m="17863" /><G108/><T128/><D128/><U38/><E71/><V100/><F100/><W28/><G28/><T2/><D2/><U21/><E77/><V94/><F132/><W127/><G127/><T90/><D90/><U56/><E47/><V86/><F18/><W33/><G33/><T111/><D111/><U88/><E80/><V126/><F126/><W25/><G25/><T130/><D130/><U7/><E76/><V27/><F27/><W65/><G13/><T19/><D69/><U39/><E39/><V10/><F4/><W5/><G5/><T113/><D19/><U35/><E35/><V72/><F72/><W131/><G131/><T96/><D96/><U83/><E83/><V51/><F45/><AGARI ba="0,0" hai="45,49,54,60,63,113,114,115" m="51723,39979" machi="45" ten="40,2600,0" yaku="11,1,20,1" doraHai="82" who="0" fromWho="2" sc="320,26,291,0,90,-26,299,0" /><INIT seed="4,0,0,5,2,47" ten="346,291,64,299" oya="0" hai0="106,70,57,10,15,67,66,123,88,63,8,20,41" hai1="85,113,14,4,39,34,125,24,107,83,28,77,12" hai2="74,54,46,26,121,32,51,22,133,111,86,134,30" hai3="116,0,5,43,115,103,81,96,44,6,108,132,135"/><T84/><D123/><U16/><E39/><V73/><F111/><W37/><G108/><T69/><D106/><U129/><E107/><V78/><F121/><W124/><G116/><T38/><D38/><U50/><E129/><V118/><F118/><W48/><G124/><T99/><D41/><U100/><E125/><V7/><F7/><W31/><G115/><T17/><D99/><U117/><E113/><V40/><F40/><W98/><G31/><T52/><D70/><U58/><E117/><V29/><F32/><W119/><G119/><T49/><REACH who="0" step="1"/><D67/><REACH who="0" step="2"/><U127/><E127/><V61/><F61/><W62/><G62/><T65/><D65/><U130/><E130/><V122/><F122/><W36/><G36/><T55/><D55/><U87/><E50/><V3/><F3/><W110/><G110/><T27/><D27/><U93/><E58/><V45/><F45/><N who="3" m="23791" /><G0/><T72/><D72/><N who="2" m="27754" /><F30/><W82/><G98/><T112/><D112/><U18/><E87/><V89/><F78/><W53/><G132/><N who="2" m="50793" /><F86/><W109/><G135/><T33/><D33/><U59/><E59/><V114/><F114/><W60/><G109/><T71/><D71/><U64/><E64/><V13/><F13/><W92/><G60/><T76/><D76/><U90/><E77/><V126/><F126/><W80/><G53/><T23/><D23/><U35/><E35/><V94/><F94/><AGARI ba="0,1" hai="8,10,15,17,20,49,52,57,63,66,69,84,88,94" machi="94" ten="30,18000,2" yaku="1,1,7,1,25,2,52,1,54,2,53,0" doraHai="47" doraHaiUra="105" who="0" fromWho="2" sc="336,190,291,0,64,-180,299,0" owari="526,63,291,-11,-116,-62,299,10" /></mjloggm>