<mjloggm ver="2.3"><GO type="41" lobby="0"/><UN n0="%73%61%6E%64%6F%70%61%6E" n1="%E3%82%A6%E3%83%AB%E3%83%88%E3%83%A9%E7%AB%8B%E7%9B%B4" n2="%E3%81%B6%E3%82%8B%E3%81%AF%E3%81%A4" n3="%49%47%41" dan="14,16,15,15" rate="1802.46,2070.30,2063.51,1996.55" sx="M,M,M,M"/><TAIKYOKU oya="0"/><INIT seed="0,0,0,5,0,66" ten="250,250,250,250" oya="0" hai0="90,60,87,40,118,35,1,71,108,37,57,117,99" hai1="3,50,56,134,16,130,64,92,124,105,23,41,128" hai2="55,75,68,85,10,33,59,129,17,133,14,28,48" hai3="67,112,45,18,9,81,12,7,61,24,46,20,39"/><T88/><D1/><U58/><E105/><V76/><F75/><W21/><G39/><T103/><D35/><U96/><E3/><V72/><F72/><W0/><G112/><T78/><D78/><U126/><E58/><V25/><F129/><W110/><G81/><T111/><D71/><U104/><E104/><V74/><F74/><W62/><G110/><N who="0" m="42027" /><D37/><U52/><E41/><V15/><F133/><W54/><G54/><N who="0" m="33847" /><D40/><U11/><E64/><V2/><F2/><W34/><G61/><T49/><D49/><U106/><E106/><V47/><F15/><W94/><G94/><N who="0" m="58871" /><D90/><U36/><E36/><V30/><F30/><N who="3" m="19783" /><G20/><T38/><D38/><U63/><E50/><V122/><F122/><W77/><G77/><T109/><N who="0" m="42035" /><T91/><DORA hai="5" /><D91/><U51/><E51/><V26/><F68/><AGARI ba="0,0" hai="0,7,9,12,18,21,45,46,62,67,68" m="19783" machi="68" ten="30,3900,0" yaku="24,1,52,2" doraHai="66,5" who="3" fromWho="2" sc="250,0,250,0,250,-39,250,39" /><INIT seed="1,0,0,0,0,35" ten="250,250,211,289" oya="1" hai0="44,113,48,23,75,43,90,29,6,20,28,109,19" hai1="27,57,13,4,134,25,105,112,89,122,133,14,108" hai2="70,87,77,66,111,52,83,127,100,8,76,10,3" hai3="125,62,63,26,32,61,37,110,129,117,78,69,82"/><U98/><E122/><V126/><F111/><W80/><G37/><T119/><D109/><U15/><E108/><V128/><F100/><W16/><G110/><T7/><D119/><U18/><E112/><V68/><F128/><W72/><G129/><T124/><D113/><U34/><E105/><V102/><F102/><W91/><G125/><N who="2" m="47625" /><F76/><W60/><G60/><T56/><D75/><U55/><E34/><V101/><F101/><W53/><G117/><T54/><D124/><U42/><E42/><V84/><F84/><W93/><G82/><T11/><D7/><U31/><E31/><V40/><F40/><W45/><G45/><T104/><D104/><U51/><E4/><N who="2" m="1055" /><F66/><W24/><G24/><T99/><D90/><U71/><E71/><N who="2" m="27179" /><F10/><W120/><G120/><T17/><D99/><U33/><E98/><V135/><F135/><W59/><G69/><T106/><D106/><U116/><E89/><V96/><F96/><N who="3" m="57407" /><G32/><T39/><D43/><U115/><E116/><V58/><F58/><W114/><G114/><T30/><D19/><U49/><E115/><V130/><F130/><W65/><G65/><T85/><D85/><U107/><E107/><V88/><F77/><W2/><G2/><T50/><D39/><U67/><E67/><V92/><F92/><W0/><G0/><T9/><D9/><U86/><E33/><V12/><F12/><N who="1" m="4713" /><E134/><V21/><F21/><AGARI ba="0,0" hai="16,21,26,53,59,61,62,63,72,78,80" m="57407" machi="21" ten="30,2000,0" yaku="25,1,54,1" doraHai="35" who="3" fromWho="2" sc="250,0,250,0,211,-20,289,20" /><INIT seed="2,0,0,4,3,1" ten="250,250,191,309" oya="2" hai0="83,64,112,47,0,55,102,38,82,78,16,12,79" hai1="129,81,127,116,120,36,43,76,89,130,99,74,63" hai2="87,21,49,135,33,46,37,31,53,18,109,80,14" hai3="56,22,123,65,100,101,131,2,111,96,106,119,134"/><V92/><F135/><W8/><G119/><T69/><D112/><U61/><E116/><V4/><F37/><W15/><G123/><T10/><D102/><U27/><E120/><V110/><F92/><W66/><G134/><T126/><D126/><U13/><E127/><V30/><F33/><W128/><G111/><N who="2" m="42505" /><F4/><N who="3" m="1047" /><G101/><T68/><D64/><U44/><E27/><V40/><F40/><W95/><G106/><T114/><D114/><U25/><E25/><V75/><F75/><W60/><G22/><T54/><D54/><U29/><E29/><V24/><F24/><W90/><G15/><T85/><D0/><U88/><E13/><V105/><F105/><W59/><G100/><T45/><D45/><U103/><E103/><V28/><F30/><W42/><G42/><T132/><D132/><U117/><E117/><V84/><F84/><W34/><G34/><T73/><REACH who="0" step="1"/><D38/><REACH who="0" ten="240,250,191,309" step="2"/><U3/><E3/><V97/><F97/><W86/><G96/><T50/><AGARI ba="0,1" hai="10,12,16,47,50,55,68,69,73,78,79,82,83,85" machi="50" ten="30,7900,0" yaku="1,1,2,1,0,1,54,1,53,0" doraHai="1" doraHaiUra="124" who="0" fromWho="0" sc="240,89,250,-20,191,-39,309,-20" /><INIT seed="3,0,0,1,1,67" ten="329,230,152,289" oya="3" hai0="113,80,90,43,63,47,127,71,95,116,30,22,99" hai1="126,117,115,15,38,53,112,74,68,75,109,6,130" hai2="25,79,108,9,10,19,32,133,58,83,85,120,119" hai3="134,55,84,8,60,82,50,14,23,54,11,33,104"/><W70/><G104/><T4/><D116/><U78/><E53/><V131/><F119/><W18/><G33/><T57/><D113/><U92/><E92/><V41/><F108/><W100/><G134/><T2/><D127/><U3/><E15/><V129/><F133/><W7/><G100/><T121/><D121/><U87/><E87/><V94/><F120/><W91/><G50/><T51/><D80/><U125/><E78/><V52/><F41/><W56/><G11/><T62/><D2/><U61/><E6/><V16/><F32/><W28/><G70/><T105/><D4/><U48/><E48/><N who="2" m="30983" /><F129/><W118/><G118/><T45/><D45/><U36/><E3/><V26/><F131/><W27/><REACH who="3" step="1"/><G54/><REACH who="3" ten="329,230,152,279" step="2"/><T46/><D51/><U107/><E107/><V34/><F34/><W124/><G124/><N who="1" m="47722" /><E130/><V72/><F72/><N who="1" m="27689" /><E117/><V24/><F94/><W88/><G88/><T42/><D90/><U1/><E115/><V31/><F31/><AGARI ba="0,1" hai="7,8,14,18,23,27,28,31,55,56,60,82,84,91" machi="31" ten="40,3900,0" yaku="1,1,8,1,53,0" doraHai="67" doraHaiUra="135" who="3" fromWho="2" sc="329,0,230,0,152,-39,279,49" /><INIT seed="3,1,0,3,5,21" ten="329,230,113,328" oya="3" hai0="91,81,132,6,114,98,15,77,23,64,96,36,52" hai1="128,116,4,38,20,127,22,92,61,83,99,115,135" hai2="45,13,118,80,28,30,48,46,10,87,75,25,131" hai3="120,63,97,123,89,130,51,0,82,33,5,129,93"/><W102/><G33/><T47/><D64/><U53/><E38/><V79/><F75/><W18/><G63/><T50/><D114/><U107/><E107/><V43/><F118/><W109/><G51/><T69/><D69/><U7/><E115/><V94/><F131/><N who="3" m="50187" /><G18/><T124/><D36/><U34/><E34/><V35/><F30/><W108/><G5/><T119/><D119/><U71/><E116/><V31/><F31/><W24/><G0/><T134/><D124/><U72/><E127/><V76/><F45/><W1/><G24/><T9/><D91/><U125/><E125/><V67/><F67/><W14/><G14/><T122/><D122/><N who="3" m="46633" /><G1/><T27/><D98/><U17/><E7/><N who="2" m="3295" /><F76/><W74/><G74/><T90/><D90/><U29/><E4/><V88/><F88/><W2/><G2/><T49/><D96/><U73/><E99/><V121/><F121/><W86/><AGARI ba="1,0" hai="82,86,89,93,97,102,108,109" m="46633,50187" machi="86" ten="40,7800,0" yaku="19,1,34,2" doraHai="21" who="3" fromWho="3" sc="329,-27,230,-27,113,-27,328,81" /><INIT seed="3,2,0,4,4,25" ten="302,203,86,409" oya="3" hai0="122,80,9,105,87,30,124,117,32,75,109,55,115" hai1="103,110,84,7,48,129,18,54,66,13,45,60,85" hai2="102,123,78,59,5,128,132,38,10,65,113,58,26" hai3="83,126,46,61,82,2,62,119,100,20,31,81,97"/><W27/><G119/><T134/><D87/><U114/><E114/><V49/><F38/><W72/><G2/><T50/><D80/><U108/><E129/><V79/><F113/><W70/><G126/><T68/><D55/><U76/><E7/><V74/><F123/><W36/><G70/><T63/><D50/><U19/><E103/><V94/><F128/><W95/><REACH who="3" step="1"/><G72/><REACH who="3" ten="302,203,86,399" step="2"/><T131/><D75/><U23/><E76/><V111/><F74/><W8/><G8/><T93/><D9/><U99/><E110/><V37/><F111/><W52/><G52/><T133/><D68/><U51/><E108/><V24/><F78/><W4/><G4/><T6/><D124/><U64/><E54/><V90/><F79/><W3/><G3/><T86/><D6/><U116/><E116/><V21/><F10/><W92/><G92/><T130/><D117/><U127/><E127/><V106/><F94/><W40/><AGARI ba="2,1" hai="20,27,31,36,40,46,61,62,81,82,83,95,97,100" machi="40" ten="30,6000,0" yaku="1,1,0,1,52,1,53,0" doraHai="25" doraHaiUra="73" who="3" fromWho="3" sc="302,-22,203,-22,86,-22,399,76" /><INIT seed="3,3,0,2,5,114" ten="280,181,64,475" oya="3" hai0="51,57,13,49,31,122,81,84,1,27,130,54,2" hai1="113,44,70,88,16,78,121,62,8,60,10,91,65" hai2="66,0,67,115,132,125,3,92,128,108,120,42,82" hai3="72,96,133,87,34,14,80,126,26,48,117,75,46"/><W52/><G126/><T89/><D122/><U77/><E121/><V4/><F92/><W94/><G133/><T19/><D130/><U76/><E113/><V21/><F82/><W15/><G117/><T69/><D69/><U32/><E32/><V68/><F21/><W135/><G135/><T23/><REACH who="0" step="1"/><D51/><REACH who="0" ten="270,181,64,475" step="2"/><U105/><E70/><V101/><F68/><W53/><G75/><T124/><D124/><U28/><E62/><V18/><F125/><W102/><G72/><T5/><D5/><U131/><E131/><V33/><F4/><W119/><G34/><AGARI ba="3,1" hai="1,2,13,19,23,27,31,34,49,54,57,81,84,89" machi="34" ten="30,3900,0" yaku="1,1,7,1,53,1" doraHai="114" doraHaiUra="47" who="0" fromWho="3" sc="270,58,181,0,64,0,475,-48" /><INIT seed="4,0,0,3,1,13" ten="328,181,64,427" oya="0" hai0="35,87,99,0,15,64,42,124,32,43,71,131,113" hai1="110,122,132,81,10,28,107,27,82,38,39,108,95" hai2="52,74,67,112,6,92,47,14,105,34,3,16,135" hai3="100,51,57,60,56,68,127,65,80,115,55,129,33"/><T62/><D0/><U63/><E107/><V9/><F105/><W134/><G33/><T125/><D131/><U130/><E130/><V25/><F74/><W70/><G129/><T41/><D113/><U48/><E122/><V97/><F112/><W58/><G115/><T54/><D87/><U75/><E132/><V37/><F135/><W50/><G134/><T118/><D118/><U1/><E95/><V53/><F67/><W126/><G100/><T23/><D99/><U7/><E81/><V19/><F37/><W21/><G80/><T18/><REACH who="0" step="1"/><D54/><REACH who="0" ten="318,181,64,427" step="2"/><N who="2" m="21098" /><F3/><W88/><G55/><T59/><D59/><U93/><E1/><V31/><F47/><W86/><G57/><T26/><D26/><U12/><E27/><V128/><F128/><W101/><G58/><T40/><N who="0" m="10240" /><DORA hai="72" /><T5/><D5/><U36/><E7/><V76/><F34/><AGARI ba="0,1" hai="15,18,23,32,34,35,62,64,71,124,125" m="10240" machi="34" ten="60,5800,0" yaku="1,1,52,1,53,0" doraHai="13,72" doraHaiUra="120,69" who="0" fromWho="2" sc="318,68,181,0,64,-58,427,0" /><INIT seed="4,1,0,2,3,129" ten="386,181,6,427" oya="0" hai0="105,0,29,99,128,7,36,131,30,85,90,125,106" hai1="114,8,96,28,13,5,122,74,72,41,89,56,132" hai2="47,54,52,133,71,79,40,60,32,43,109,126,31" hai3="119,116,9,80,115,123,112,66,50,102,42,111,104"/><T4/><D36/><U15/><E122/><V103/><F79/><W19/><G111/><T18/><D125/><U34/><E74/><V55/><F31/><W45/><G123/><T44/><D44/><U70/><E72/><V91/><F32/><W2/><G66/><T25/><D30/><U127/><E70/><V26/><F26/><W93/><G104/><T17/><D7/><U20/><E41/><N who="2" m="15947" /><F103/><W63/><G63/><T95/><D4/><U94/><E127/><V88/><F126/><W83/><G93/><N who="0" m="54479" /><D0/><U87/><E34/><V37/><F109/><W46/><G102/><N who="0" m="60799" /><D18/><U21/><E28/><V35/><F35/><W120/><G120/><T39/><D17/><U51/><E20/><V11/><F11/><W73/><G19/><T12/><D12/><U121/><E21/><V76/><F76/><W110/><G9/><T62/><D62/><U48/><E15/><V101/><F101/><W135/><G2/><T68/><D68/><U38/><E121/><V118/><F118/><W16/><G110/><T23/><D39/><U92/><E38/><V98/><F98/><W107/><G16/><T97/><D97/><U78/><E13/><V86/><F133/><W3/><G135/><T6/><D6/><U59/><E132/><V69/><F60/><W22/><G3/><T49/><D49/><U27/><E8/><V84/><F47/><W77/><G45/><T10/><D10/><U124/><E5/><V24/><F37/><W67/><G46/><T57/><D57/><U65/><E59/><V53/><N who="2" m="13312" /><DORA hai="130" /><V14/><F14/><W75/><G116/><RYUUKYOKU ba="1,0" sc="386,30,181,-10,6,-10,427,-10" hai0="23,25,29,105,106,128,131" owari="416,22.0,171,-23.0,-4,-50.0,417,51.0" /></mjloggm>