<mjloggm ver="2.3"><GO type="169" lobby="0"/><UN n0="%EF%BC%88%E2%89%A7%E2%96%BD%E2%89%A6%EF%BC%89" n1="%47%61%4B%75" n2="%69%6F%64%69%6E%65" n3="%E3%81%B9%E3%81%A3%E3%81%93%E3%83%BC%E2%99%AA" dan="18,16,16,17" rate="2126.67,2062.34,2077.83,2125.62" sx="F,M,M,F"/><TAIKYOKU oya="0"/><INIT seed="0,0,0,5,2,34" ten="250,250,250,250" oya="0" hai0="58,64,96,17,60,22,20,111,90,116,66,108,50" hai1="102,53,77,69,51,12,3,10,18,121,52,42,6" hai2="109,98,19,87,71,113,45,67,94,130,131,81,123" hai3="63,106,117,107,101,133,114,115,85,79,72,11,59"/><T21/><D116/><U86/><E121/><V24/><F123/><W93/><G117/><T73/><D73/><U37/><E37/><V97/><F113/><W43/><G43/><T38/><D38/><U8/><E69/><V128/><F109/><N who="0" m="42058" /><D50/><U7/><E18/><V30/><F19/><W83/><G133/><T27/><D66/><U49/><E102/><V89/><F45/><W76/><G107/><T129/><D129/><U84/><E49/><V118/><F118/><W26/><G106/><T75/><D75/><U57/><E57/><V33/><REACH who="2" step="1"/><F81/><REACH who="2" ten="250,250,240,250" step="2"/><W70/><G114/><T112/><D112/><U78/><E78/><V1/><F1/><W103/><G115/><T100/><D90/><U120/><E120/><V82/><F82/><W124/><G103/><T55/><D64/><U119/><E119/><V4/><F4/><W0/><G101/><T105/><AGARI ba="0,1" hai="17,20,21,22,27,55,58,60,96,100,105" m="42058" machi="105" ten="30,3000,0" yaku="14,1,10,1" doraHai="34" who="0" fromWho="0" sc="250,40,250,-10,240,-10,250,-10" /><INIT seed="0,1,0,5,5,45" ten="290,240,230,240" oya="0" hai0="18,10,24,117,55,112,0,23,1,104,37,14,77" hai1="95,109,3,118,11,81,131,79,83,52,46,116,62" hai2="86,124,44,51,25,127,128,101,41,27,36,4,93" hai3="94,122,110,54,56,96,65,31,6,123,16,99,100"/><T70/><D104/><U103/><E109/><V108/><F108/><W12/><G31/><T61/><D117/><U30/><E131/><V58/><F128/><W59/><G6/><T73/><D112/><U97/><E30/><V57/><F4/><W88/><G65/><T35/><D37/><U63/><E83/><V74/><F74/><W105/><G110/><T71/><D77/><U92/><E92/><V38/><F38/><W132/><G132/><T78/><D78/><U72/><E63/><V107/><F107/><W47/><G47/><T130/><D73/><U82/><E82/><V76/><F76/><W111/><G111/><T48/><D130/><U50/><E3/><V20/><F25/><W49/><REACH who="3" step="1"/><G59/><REACH who="3" ten="290,240,230,230" step="2"/><T84/><D71/><U7/><E7/><V42/><F57/><W34/><G34/><T115/><D35/><U19/><E62/><V69/><F69/><W15/><G15/><T29/><D115/><U32/><E32/><V89/><F58/><W53/><G53/><T43/><D61/><U113/><E113/><V125/><F41/><W126/><G126/><T67/><D43/><U98/><E116/><V134/><F134/><W17/><G17/><T120/><D67/><U66/><E118/><V22/><F27/><W8/><AGARI ba="1,1" hai="8,12,16,49,54,56,88,94,96,99,100,105,122,123" machi="8" ten="30,8000,1" yaku="1,1,0,1,52,1,54,2,53,0" doraHai="45" doraHaiUra="114" who="3" fromWho="3" sc="290,-41,240,-21,230,-21,230,93" /><INIT seed="1,0,0,3,2,48" ten="249,219,209,323" oya="1" hai0="7,91,9,22,86,38,79,102,132,77,36,97,128" hai1="90,37,98,2,6,50,88,47,52,116,67,58,42" hai2="25,81,56,60,11,1,119,74,30,43,51,127,16" hai3="12,41,8,61,3,129,63,0,4,82,15,84,114"/><U103/><E116/><V46/><F119/><W29/><G114/><T85/><D132/><U57/><E2/><V113/><F127/><W101/><G129/><T31/><D128/><U35/><E35/><V117/><F117/><W21/><G101/><T13/><D38/><U32/><E32/><V45/><F113/><W75/><G75/><T26/><D36/><U125/><E6/><V87/><F74/><W131/><G131/><T111/><D111/><U40/><E125/><V83/><F45/><W105/><G105/><T130/><D130/><U66/><E42/><V54/><F87/><W78/><G41/><T65/><D65/><U109/><E109/><V20/><F1/><W120/><G3/><T99/><D85/><U69/><E58/><V14/><AGARI ba="0,0" hai="11,14,16,20,25,30,43,46,51,54,56,60,81,83" machi="14" ten="30,7900,0" yaku="0,1,8,1,52,1,54,1" doraHai="48" who="2" fromWho="2" sc="249,-20,219,-39,209,79,323,-20" /><INIT seed="2,0,0,1,0,74" ten="229,180,288,303" oya="2" hai0="121,72,115,80,63,6,70,46,90,105,60,95,32" hai1="96,24,58,12,59,124,18,82,76,39,42,0,134" hai2="83,34,135,120,126,103,125,131,2,92,85,49,35" hai3="19,114,127,69,52,81,38,48,21,93,98,4,113"/><V77/><F120/><W68/><G38/><T62/><D115/><N who="3" m="44041" /><G4/><T106/><D121/><U25/><E0/><V107/><F107/><W86/><G127/><N who="2" m="48649" /><F131/><W128/><G128/><T54/><D32/><U33/><E124/><V66/><F135/><W87/><G98/><T30/><D30/><U79/><E134/><V104/><F104/><W26/><G93/><T130/><D70/><N who="3" m="27241" /><G81/><T132/><D132/><U40/><E96/><N who="2" m="59783" /><F2/><W10/><G10/><T67/><D130/><U9/><E82/><V118/><F118/><W7/><G7/><T51/><D6/><U11/><E12/><V27/><F66/><W122/><G122/><T89/><D67/><U17/><E39/><V28/><F49/><W41/><G41/><T123/><D123/><U57/><E57/><AGARI ba="0,0" hai="19,21,26,48,52,57,86,87" m="27241,44041" machi="57" ten="30,2000,0" yaku="11,1,54,1" doraHai="74" who="3" fromWho="1" sc="229,0,180,-20,288,0,303,20" /><INIT seed="3,0,0,3,3,41" ten="229,160,288,323" oya="3" hai0="46,88,101,123,57,10,84,32,5,64,117,94,69" hai1="17,89,50,53,34,132,111,29,109,99,68,62,55" hai2="25,130,131,80,67,113,42,114,27,49,36,56,75" hai3="120,47,129,12,118,6,115,105,43,133,28,58,76"/><W87/><G120/><T128/><D32/><U100/><E132/><V91/><F36/><W78/><G118/><T40/><D123/><U60/><E89/><V119/><F119/><W71/><G115/><N who="2" m="44041" /><F67/><W83/><G133/><T74/><D117/><U72/><E72/><V39/><F39/><W85/><G71/><T65/><D74/><U31/><E17/><V77/><F91/><W107/><G129/><N who="2" m="49161" /><F56/><W98/><G58/><T4/><D128/><U122/><E122/><V30/><F30/><N who="1" m="11273" /><E34/><V102/><F102/><W86/><G28/><T61/><D101/><U90/><E90/><V59/><F59/><W103/><G107/><T112/><D112/><U8/><E8/><V92/><F92/><W51/><G78/><T70/><D65/><U95/><E68/><V135/><F135/><W52/><G52/><N who="1" m="20042" /><E50/><V7/><F7/><W23/><G6/><T116/><D116/><U37/><E37/><V93/><F93/><W0/><G103/><T9/><D4/><U3/><E3/><V11/><F11/><W22/><G0/><T121/><D9/><U15/><E15/><V33/><F33/><W18/><G105/><T2/><D121/><U44/><E109/><V108/><F108/><W35/><G35/><T126/><D69/><U127/><E111/><V73/><F73/><W97/><G23/><T26/><D70/><U1/><E100/><V110/><F110/><W124/><G22/><T38/><D5/><U16/><E1/><V81/><F81/><W104/><G83/><T63/><D2/><U21/><E95/><V19/><F19/><W125/><G18/><RYUUKYOKU ba="0,0" sc="229,-10,160,-10,288,30,323,-10" hai2="25,27,42,49,75,77,80" /><INIT seed="4,1,0,4,4,94" ten="219,150,318,313" oya="0" hai0="7,5,125,93,38,43,65,89,67,8,106,24,82" hai1="48,116,96,101,123,107,34,41,52,30,86,69,87" hai2="114,133,127,28,80,18,97,104,21,47,121,16,59" hai3="40,102,122,117,111,27,17,20,32,50,79,99,77"/><T36/><D106/><U55/><E116/><V25/><F121/><W4/><G117/><T74/><D125/><U53/><E123/><V13/><F127/><W1/><G122/><T57/><D24/><U72/><E72/><V95/><F104/><W85/><G111/><T2/><D5/><U42/><E69/><V37/><F114/><W3/><G32/><T49/><D49/><U119/><E119/><V12/><F133/><W109/><G109/><T19/><D19/><U98/><E34/><V84/><F59/><W56/><G3/><T83/><D83/><U60/><E30/><V76/><F47/><W15/><G1/><T61/><D65/><U10/><E10/><V103/><F37/><W108/><G108/><T128/><D43/><N who="1" m="16395" /><E107/><V9/><F12/><W81/><G40/><T54/><D67/><U129/><E101/><V90/><F103/><W131/><G131/><T6/><D6/><AGARI ba="1,0" hai="6,9,13,16,18,21,25,28,76,80,84,90,95,97" machi="6" ten="30,7700,0" yaku="7,1,8,1,52,1,54,1" doraHai="94" who="2" fromWho="0" sc="219,-80,150,0,318,80,313,0" /><INIT seed="5,0,0,4,3,96" ten="139,150,398,313" oya="1" hai0="104,67,130,10,68,111,36,34,57,79,86,93,124" hai1="39,135,49,103,134,120,18,117,109,75,61,3,106" hai2="92,84,85,80,21,95,40,131,81,35,65,32,55" hai3="132,62,52,99,1,123,19,15,4,121,60,73,28"/><U63/><E117/><V33/><F131/><W127/><G73/><T100/><D111/><U58/><E39/><V48/><F40/><W91/><G132/><N who="1" m="50730" /><E120/><V16/><F65/><W101/><G127/><T42/><D124/><U129/><E75/><V7/><F7/><W119/><G119/><T83/><D130/><U20/><E129/><V133/><F133/><W97/><G28/><T12/><D34/><U128/><E128/><V27/><F84/><W2/><G4/><T78/><D104/><U82/><E3/><V125/><F81/><W116/><G116/><T54/><D68/><U50/><E82/><V113/><F113/><W47/><G123/><T66/><D78/><U76/><E76/><V41/><F41/><W0/><G121/><T22/><D22/><U110/><E106/><V87/><F87/><W112/><G112/><T29/><D29/><U56/><E103/><V71/><F125/><W8/><G91/><T90/><D42/><U118/><E118/><V105/><F105/><W53/><G97/><N who="0" m="59439" /><D79/><U30/><E30/><V38/><F38/><W64/><G1/><T37/><D37/><U13/><E58/><V46/><F71/><W17/><G0/><T69/><D36/><U45/><E45/><V107/><F107/><W51/><G2/><T77/><D77/><U31/><E31/><V26/><F80/><W89/><G89/><T114/><D114/><U24/><E24/><V5/><F26/><W23/><G47/><T74/><D74/><U122/><E122/><V72/><F72/><W6/><G101/><T44/><D44/><U59/><E109/><RYUUKYOKU ba="0,0" sc="139,0,150,0,398,0,313,0" /><INIT seed="6,1,0,1,4,96" ten="139,150,398,313" oya="2" hai0="58,47,12,133,53,26,27,65,134,105,63,49,120" hai1="25,60,0,8,112,50,127,125,30,86,98,130,35" hai2="64,122,19,16,43,34,79,77,108,99,70,110,80" hai3="116,73,117,3,18,101,21,22,135,82,17,114,119"/><V2/><F122/><W90/><G3/><T100/><D120/><U129/><E60/><N who="2" m="40199" /><F2/><W124/><G135/><N who="0" m="51723" /><D12/><U55/><E98/><AGARI ba="1,0" hai="26,27,47,49,53,58,63,65,98,100,105" m="51723" machi="98" ten="30,2000,0" yaku="20,1,52,1" doraHai="96" who="0" fromWho="1" sc="139,23,150,-23,398,0,313,0" /><INIT seed="7,0,0,2,2,70" ten="162,127,398,313" oya="3" hai0="94,110,56,50,59,34,82,90,106,10,2,11,22" hai1="65,72,85,52,78,63,79,64,89,131,40,43,125" hai2="48,54,103,45,120,62,32,99,128,6,46,42,74" hai3="91,67,9,130,21,4,58,119,108,77,86,37,7"/><W123/><G119/><T16/><D106/><U12/><E125/><V71/><F74/><W87/><G123/><T27/><D110/><U111/><E111/><V53/><F128/><W60/><G108/><T127/><D127/><U109/><E109/><V122/><F6/><W104/><G130/><T14/><D34/><U44/><E131/><V47/><F32/><W51/><G37/><T107/><D107/><U75/><E12/><V33/><F33/><W105/><G105/><T114/><D114/><U93/><E75/><V113/><F113/><W29/><G104/><T26/><D82/><U92/><E92/><N who="2" m="58855" /><F42/><W129/><G129/><T24/><D2/><U35/><E35/><V3/><F3/><W100/><G100/><T95/><D95/><U61/><E72/><V124/><F124/><W115/><G115/><T23/><D50/><U5/><E5/><V102/><F102/><W83/><G51/><T49/><D49/><U39/><E43/><V135/><F135/><W76/><G9/><N who="0" m="3083" /><D23/><U126/><E126/><V112/><F112/><W116/><G77/><T66/><D66/><U25/><E25/><V18/><F18/><W15/><G116/><T41/><D41/><U68/><REACH who="1" step="1"/><E52/><REACH who="1" ten="162,117,398,313" step="2"/><V97/><F71/><AGARI ba="0,1" hai="39,40,44,61,63,64,65,68,71,78,79,85,89,93" machi="71" ten="30,8000,1" yaku="1,1,2,1,7,1,9,1,52,1,53,0" doraHai="70" doraHaiUra="98" who="1" fromWho="2" sc="162,0,117,90,398,-80,313,0" owari="162,-34.0,207,-19.0,318,42.0,313,11.0" /></mjloggm>