<mjloggm ver="2.3"><GO type="41"/><UN n0="%E3%82%A6%E3%83%AB%E3%83%88%E3%83%A9%E7%AB%8B%E7%9B%B4" n1="%E9%A6%96%E7%9B%B8%E4%B8%AD%E5%B7%9D%E6%98%AD%E4%B8%80" n2="%E3%81%B4%E3%82%89%E3%81%8A%35%32" n3="%7A%69%69%6E%6B" dan="15,13,13,14" rate="1989,1825,1861,1905" sx="M,M,M,M"/><TAIKYOKU oya="0"/><INIT seed="0,0,0,2,3,131" ten="250,250,250,250" oya="0" hai0="109,7,132,64,32,4,76,84,26,123,61,37,120" hai1="28,17,31,36,55,127,16,10,2,13,87,45,91" hai2="112,89,69,102,107,129,50,74,23,133,53,22,100" hai3="126,79,65,56,5,52,40,43,81,60,130,90,134"/><T98/><D37/><U66/><E66/><V57/><F112/><W15/><G130/><T116/><D84/><U99/><E127/><V35/><F35/><W3/><G126/><T94/><D76/><U30/><E36/><V68/><F129/><W38/><G3/><T8/><D116/><U82/><E2/><V121/><F121/><W1/><G1/><T95/><D26/><U54/><E54/><V97/><F102/><W106/><G106/><T14/><D32/><U75/><E75/><V118/><F118/><W113/><G113/><T49/><D49/><N who="1" m="29103" /><E17/><V9/><F74/><W24/><G134/><T96/><D61/><U71/><E71/><V105/><F105/><W18/><G38/><T119/><D64/><U92/><E31/><V29/><F9/><W46/><G24/><T70/><D70/><U33/><E33/><V27/><F23/><W20/><G5/><T73/><D73/><U41/><E41/><V44/><F133/><W59/><G46/><T63/><D63/><U25/><E25/><V21/><F21/><W19/><G19/><T111/><D119/><U34/><E34/><V122/><F122/><W11/><G11/><T58/><D8/><U78/><AGARI ba="0,0" hai="10,13,16,28,30,78,82,87,91,92,99" m="29103" machi="78" ten="30,2000,0" yaku="8,1,54,1" doraHai="131" who="1" fromWho="1" sc="250,-10,250,20,250,-5,250,-5" /><INIT seed="1,0,0,1,5,59" ten="240,270,245,245" oya="1" hai0="80,66,54,42,74,53,60,62,79,37,68,106,101" hai1="4,115,124,120,104,117,111,64,83,25,46,76,92" hai2="82,72,15,5,133,61,102,94,7,1,78,17,71" hai3="73,12,16,125,127,36,28,50,88,103,126,10,9"/><U81/><E120/><V57/><F71/><W114/><G114/><T3/><D101/><U87/><E117/><V13/><F1/><W109/><G36/><T107/><D54/><U112/><E104/><V110/><F110/><W18/><G73/><T34/><D34/><U19/><E4/><V11/><F133/><W51/><G109/><T96/><D96/><U75/><E124/><V86/><F13/><N who="3" m="7215" /><G103/><T65/><D53/><U49/><E111/><V108/><F108/><W32/><G28/><T135/><D135/><U121/><E121/><V122/><F122/><W129/><G32/><T2/><D2/><U21/><E92/><V44/><F44/><W29/><G29/><T58/><REACH who="0" step="1"/><D3/><REACH who="0" ten="230,270,245,245" step="2"/><U20/><E115/><V77/><F102/><W30/><G129/><T0/><D0/><U70/><E112/><V47/><F7/><W93/><G30/><T8/><D8/><U105/><E105/><V128/><F5/><W27/><G27/><T52/><D52/><U6/><E6/><V123/><F128/><W14/><G14/><T118/><D118/><U35/><E35/><V97/><F123/><W91/><G91/><T63/><D63/><U99/><E99/><AGARI ba="0,1" hai="10,12,18,50,51,88,93,99,125,126,127" m="7215" machi="99" ten="30,3900,0" yaku="18,1,54,2" doraHai="59" who="3" fromWho="1" sc="230,0,270,-39,245,0,245,49" /><INIT seed="2,0,0,0,3,97" ten="230,231,245,294" oya="2" hai0="80,19,15,102,22,92,27,114,46,13,51,25,72" hai1="81,108,69,135,132,37,47,34,6,111,52,29,127" hai2="95,38,118,61,91,119,36,103,116,62,18,79,4" hai3="117,120,90,99,83,133,40,66,105,65,7,74,128"/><V107/><F79/><W48/><G120/><T20/><D114/><U5/><E69/><V33/><F33/><W75/><G133/><N who="1" m="51274" /><E81/><V126/><F126/><W49/><G128/><T42/><D80/><U87/><E127/><V73/><F73/><W101/><G117/><T8/><D72/><U84/><E37/><V1/><F1/><W26/><G7/><N who="1" m="2570" /><E29/><V43/><F43/><W2/><G2/><T112/><D112/><U56/><E47/><V9/><F9/><W58/><G74/><T93/><D8/><U88/><E34/><V31/><F4/><W125/><G125/><T14/><REACH who="0" step="1"/><D102/><REACH who="0" ten="220,231,245,294" step="2"/><U50/><E87/><V12/><F119/><W0/><G75/><T53/><D53/><U110/><E84/><V89/><F118/><W106/><G40/><T60/><D60/><U11/><E11/><V96/><F116/><W67/><G83/><T16/><AGARI ba="0,1" hai="13,14,15,16,19,20,22,25,27,42,46,51,92,93" machi="16" ten="30,8000,1" yaku="1,1,0,1,9,1,8,1,54,1,53,0" doraHai="97" doraHaiUra="82" who="0" fromWho="0" sc="220,90,231,-20,245,-40,294,-20" /><INIT seed="3,0,0,0,1,51" ten="310,211,205,274" oya="3" hai0="17,72,96,12,123,62,66,68,56,50,69,94,24" hai1="107,33,20,82,57,91,47,113,48,58,19,88,128" hai2="31,78,49,14,118,15,133,126,75,9,53,73,102" hai3="101,5,37,70,10,29,108,46,121,80,18,99,116"/><W39/><G121/><T97/><D72/><U16/><E113/><V45/><F118/><W131/><G116/><T135/><D123/><U0/><E33/><V23/><F133/><W85/><G131/><T7/><D135/><U38/><E107/><V3/><F3/><W105/><G108/><T11/><D96/><U52/><E0/><V71/><F71/><W129/><G129/><T106/><D106/><U28/><E38/><V13/><F126/><W124/><G124/><T115/><D115/><U30/><E128/><V92/><F78/><W43/><G70/><T86/><D86/><N who="1" m="50263" /><E91/><V125/><F125/><W6/><G37/><T63/><D63/><U64/><E64/><V120/><F120/><W8/><G29/><N who="1" m="11370" /><E19/><V122/><F122/><W2/><G18/><T111/><D69/><U41/><E41/><V114/><F114/><W60/><G85/><T34/><D111/><U130/><E130/><V1/><F1/><W27/><G80/><T93/><D93/><U100/><E100/><V84/><F75/><W134/><G134/><T81/><D81/><U83/><E83/><V119/><F119/><W98/><G98/><T132/><D132/><U55/><E55/><V32/><F32/><W22/><G2/><T74/><D74/><U21/><E21/><V127/><F127/><W110/><G110/><T77/><D34/><U54/><E54/><V89/><F73/><W4/><G60/><T87/><D62/><U79/><E79/><V26/><F102/><W61/><G61/><T42/><D77/><U35/><E35/><V90/><F90/><W109/><G109/><RYUUKYOKU ba="0,0" sc="310,-30,211,10,205,10,274,10" hai1="16,20,47,48,52,57,58" hai2="9,13,14,15,23,26,31,45,49,53,84,89,92" hai3="4,5,6,8,10,22,27,39,43,46,99,101,105" /><INIT seed="3,1,0,5,3,90" ten="280,221,215,284" oya="3" hai0="30,127,54,92,63,42,56,116,85,10,3,43,112" hai1="35,122,83,124,99,58,91,2,80,66,129,64,98" hai2="40,38,89,113,59,108,69,6,103,53,39,68,121" hai3="106,31,32,95,117,44,101,119,131,57,81,14,1"/><W55/><G1/><T65/><D116/><U111/><E122/><V93/><F103/><W86/><G131/><T33/><D112/><U22/><E2/><V9/><F121/><W78/><G106/><T16/><D30/><U0/><E0/><V107/><F107/><W87/><G32/><T8/><D33/><U128/><E35/><V26/><F113/><W27/><G117/><T132/><D3/><U71/><E71/><V49/><F39/><W52/><G119/><T115/><D115/><U48/><E111/><V21/><F40/><W23/><G14/><T61/><D132/><U29/><E124/><V46/><F38/><W4/><G4/><T60/><D127/><U67/><E128/><V100/><F100/><W13/><G13/><N who="0" m="7207" /><D10/><U118/><E118/><V41/><F41/><N who="0" m="15370" /><D65/><U50/><E129/><V134/><F134/><W51/><G101/><T114/><D114/><U88/><E67/><V74/><F74/><W34/><G34/><T18/><D18/><U20/><E29/><V123/><F123/><W11/><G11/><T105/><D105/><U45/><E45/><V12/><F46/><W126/><G126/><T24/><D24/><U102/><E102/><V133/><F133/><W73/><REACH who="3" step="1"/><G95/><REACH who="3" ten="280,221,215,274" step="2"/><T94/><D94/><U5/><E5/><V72/><F93/><W77/><G77/><T130/><D130/><U19/><E19/><V125/><F6/><W62/><AGARI ba="1,1" hai="23,27,31,44,51,52,55,57,62,73,78,81,86,87" machi="62" ten="20,7800,0" yaku="1,1,0,1,7,1,54,1,53,0" doraHai="90" doraHaiUra="7" who="3" fromWho="3" sc="280,-27,221,-27,215,-27,274,91" /><INIT seed="3,2,0,4,1,26" ten="253,194,188,365" oya="3" hai0="23,57,56,15,113,24,82,95,60,28,109,66,2" hai1="18,105,133,7,103,117,63,75,34,51,27,52,84" hai2="10,112,58,130,114,8,91,69,80,73,43,1,92" hai3="3,101,123,36,98,67,122,31,17,48,121,5,132"/><W96/><G36/><T131/><D2/><U37/><E75/><V134/><F69/><W107/><G67/><T16/><D113/><U21/><E37/><V93/><F1/><W6/><G132/><T106/><D106/><U22/><E34/><V29/><F29/><W76/><G76/><T119/><D119/><U54/><E133/><V42/><F134/><W11/><G96/><T129/><D109/><U118/><E105/><V74/><F130/><W102/><G102/><T100/><D82/><U88/><E103/><V59/><F80/><W89/><G6/><T46/><D46/><U128/><E7/><V62/><F91/><W108/><G108/><T70/><D95/><N who="1" m="54663" /><E128/><N who="0" m="49225" /><D100/><U47/><E118/><V120/><REACH who="2" step="1"/><F62/><REACH who="2" ten="253,194,178,365" step="2"/><W81/><G121/><AGARI ba="2,1" hai="8,10,42,43,58,59,73,74,92,93,112,114,120,121" machi="121" ten="25,12000,2" yaku="1,1,2,1,22,2,53,2" doraHai="26" doraHaiUra="116" who="2" fromWho="3" sc="253,0,194,0,178,136,365,-126" /><INIT seed="4,0,0,3,2,49" ten="253,194,314,239" oya="0" hai0="79,108,39,133,135,78,71,70,128,83,43,77,127" hai1="80,4,88,17,55,32,74,60,2,23,92,25,18" hai2="84,109,26,95,36,72,120,21,10,107,113,75,50" hai3="68,14,122,42,53,29,35,58,30,41,103,121,87"/><T114/><D83/><U116/><E116/><V89/><F109/><W110/><G68/><N who="0" m="26155" /><D43/><N who="3" m="16393" /><G110/><T106/><D108/><U124/><E74/><V15/><F120/><N who="3" m="46187" /><G35/><T117/><D117/><U67/><E124/><V82/><F107/><W134/><G134/><N who="0" m="51211" /><D106/><U85/><E2/><V16/><F36/><W99/><G87/><T34/><D39/><U126/><E126/><V76/><F113/><W33/><G14/><T37/><D37/><U98/><E4/><V86/><REACH who="2" step="1"/><F50/><REACH who="2" ten="253,194,304,239" step="2"/><N who="3" m="31031" /><G33/><T62/><D127/><U5/><E32/><V91/><F91/><W28/><G28/><AGARI ba="0,1" hai="10,15,16,21,26,28,72,75,76,82,84,86,89,95" machi="28" ten="30,3900,0" yaku="1,1,7,1,54,1,53,0" doraHai="49" doraHaiUra="96" who="2" fromWho="3" sc="253,0,194,0,304,49,239,-39" /><INIT seed="5,0,0,1,4,71" ten="253,194,353,200" oya="1" hai0="0,128,44,75,77,9,31,69,135,129,127,18,34" hai1="25,70,20,66,11,107,6,2,40,35,16,38,87" hai2="51,12,58,124,15,45,79,68,67,105,33,131,118" hai3="103,81,8,64,50,92,114,110,78,132,84,29,76"/><U74/><BYE who="3" /><E107/><V96/><F118/><W82/><G82/><T55/><D77/><U62/><E74/><V80/><F33/><W37/><G37/><T49/><D75/><U117/><E117/><V100/><F131/><N who="0" m="50250" /><D69/><U17/><E17/><V54/><F124/><W102/><G102/><T97/><D97/><U36/><E87/><V47/><F68/><W26/><G26/><T89/><D89/><U53/><E40/><V119/><F119/><W1/><G1/><T4/><D18/><U30/><REACH who="1" step="1"/><E53/><REACH who="1" ten="253,184,353,200" step="2"/><V130/><F130/><W21/><G21/><T46/><D34/><U113/><E113/><V65/><F65/><W5/><G5/><T126/><D31/><U13/><AGARI ba="0,1" hai="2,6,11,13,16,20,25,30,35,36,38,62,66,70" machi="13" ten="20,24000,3" yaku="1,1,0,1,7,1,24,2,52,2,54,1,53,0" doraHai="71" doraHaiUra="85" who="1" fromWho="1" sc="253,-80,184,250,353,-80,200,-80" /><INIT seed="5,1,0,2,3,73" ten="173,434,273,120" oya="1" hai0="128,1,130,117,57,6,52,9,2,22,131,47,21" hai1="63,132,40,97,121,29,23,60,69,27,32,5,88" hai2="37,135,82,42,54,113,102,49,70,99,101,71,81" hai3="8,3,87,25,76,41,58,129,124,107,59,16,15"/><U66/><E121/><V85/><F135/><W89/><G89/><T51/><D117/><U83/><E132/><V120/><F120/><W91/><G91/><T18/><D1/><U98/><E40/><V13/><F113/><W92/><G92/><T72/><D72/><U115/><E115/><V7/><F42/><W75/><G75/><T78/><D78/><U17/><E5/><V20/><F37/><W68/><G68/><T65/><D65/><U80/><E63/><V106/><F102/><W48/><G48/><T109/><D109/><U116/><E116/><V50/><F50/><W90/><G90/><T104/><D104/><U103/><E103/><V39/><F39/><W26/><G26/><T125/><D125/><U133/><E133/><V110/><F110/><W33/><G33/><T55/><REACH who="0" step="1"/><D18/><REACH who="0" ten="163,434,273,120" step="2"/><U4/><E17/><V74/><F74/><W118/><G118/><T45/><D45/><U28/><E28/><V30/><F30/><W95/><G95/><T119/><D119/><U105/><E105/><V122/><F122/><W19/><G19/><T43/><D43/><U11/><E66/><V46/><F7/><W56/><G56/><T114/><D114/><U123/><E4/><V35/><F35/><W134/><G134/><T0/><D0/><U112/><E123/><V14/><F106/><W67/><G67/><T34/><D34/><U62/><E112/><V84/><F46/><W94/><G94/><T61/><AGARI ba="1,1" hai="2,6,9,21,22,47,51,52,55,57,61,128,130,131" machi="61" ten="30,7900,0" yaku="1,1,0,1,19,1,54,1,53,0" doraHai="73" doraHaiUra="79" who="0" fromWho="0" sc="163,92,434,-40,273,-21,120,-21" /><INIT seed="6,0,0,3,1,116" ten="255,394,252,99" oya="2" hai0="25,47,132,66,119,134,39,32,113,55,10,84,61" hai1="106,56,27,96,67,104,41,51,23,124,82,5,6" hai2="49,94,100,123,28,103,13,37,114,133,12,120,80" hai3="53,29,81,97,78,122,70,93,125,30,24,98,35"/><V115/><F37/><W83/><G83/><T112/><D84/><U121/><E82/><V118/><F118/><W54/><G54/><T69/><D10/><U111/><E111/><V34/><F34/><W107/><G107/><T50/><D25/><U68/><E68/><V126/><F126/><W75/><G75/><T74/><D74/><U65/><E106/><V73/><F28/><W2/><G2/><T1/><D1/><U62/><E67/><V11/><F133/><N who="0" m="51306" /><D32/><U43/><E124/><V87/><F73/><W88/><G88/><T0/><D0/><U36/><E36/><V22/><F22/><W46/><G46/><T8/><D8/><U15/><E104/><V31/><F31/><W71/><G71/><T135/><N who="0" m="51314" /><T76/><DORA hai="58" /><D76/><U129/><E129/><V127/><F127/><W77/><G77/><T18/><D18/><U63/><E15/><V20/><F20/><W128/><G128/><T3/><D3/><U40/><E96/><V59/><F59/><W92/><G92/><T38/><D119/><U14/><E14/><N who="2" m="5739" /><F49/><W105/><G105/><T117/><D117/><U60/><E51/><V9/><F94/><W86/><G86/><T64/><D64/><U26/><E26/><V57/><F57/><W7/><G7/><T44/><D38/><U109/><E109/><V52/><F52/><W42/><G42/><AGARI ba="0,0" hai="39,42,44,47,50,55,61,66,69,112,113" m="51314" machi="42" ten="40,8000,1" yaku="20,1,34,2,52,1" doraHai="116,58" who="0" fromWho="3" sc="255,80,394,0,252,0,99,-80" /><INIT seed="7,0,0,2,2,131" ten="335,394,252,19" oya="3" hai0="103,105,70,76,17,30,130,72,39,6,81,26,41" hai1="37,65,36,46,21,7,56,127,119,112,122,117,32" hai2="61,59,34,85,77,132,107,5,62,97,51,73,78" hai3="129,86,13,94,82,27,71,16,92,80,19,115,106"/><W8/><G8/><T63/><D17/><U111/><E111/><V44/><F34/><W75/><G75/><T23/><D130/><U93/><E122/><V89/><F73/><W55/><G55/><T60/><D60/><U14/><E32/><V57/><F5/><W109/><G109/><T123/><D123/><U69/><E69/><V67/><F132/><W110/><G110/><T124/><D124/><U20/><E112/><V125/><F125/><W48/><G48/><T100/><D100/><U102/><E127/><V4/><F4/><W113/><G113/><T99/><D23/><U84/><E7/><V114/><F114/><W25/><G25/><T53/><D53/><U45/><E14/><V18/><F97/><W0/><G0/><T31/><D31/><U101/><E65/><V90/><F107/><W134/><G134/><T1/><D26/><U64/><E64/><V15/><F90/><W104/><G104/><T9/><D30/><U38/><E84/><V11/><F62/><W43/><G43/><T83/><D83/><U54/><E93/><V95/><REACH who="2" step="1"/><F59/><REACH who="2" ten="335,394,242,19" step="2"/><W126/><G126/><T35/><D63/><N who="1" m="36247" /><E101/><V88/><F88/><W10/><G10/><T29/><D70/><U3/><E102/><V40/><AGARI ba="0,1" hai="11,15,18,40,44,51,57,61,67,77,78,85,89,95" machi="40" ten="20,5200,0" yaku="1,1,0,1,7,1,8,1,53,0" doraHai="131" doraHaiUra="128" who="2" fromWho="2" sc="335,-13,394,-13,242,62,19,-26" owari="322,12.0,381,49.0,304,-10.0,-7,-51.0" /></mjloggm>