<mjloggm ver="2.3"><GO type="41"/><UN n0="%E3%82%A6%E3%83%AB%E3%83%88%E3%83%A9%E7%AB%8B%E7%9B%B4" n1="%E3%82%B5%E3%83%BC%E3%82%BB%E3%83%B3" n2="%E3%82%B5%E3%83%BB%E3%82%BB%E3%83%9C%E3%83%BC" n3="%E4%BD%8E%E9%A1%8D%E7%B4%8D%E7%A8%8E%E8%80%85" dan="15,14,15,13" rate="2002,1861,1944,1986" sx="M,M,M,M"/><TAIKYOKU oya="0"/><INIT seed="0,0,0,5,4,16" ten="250,250,250,250" oya="0" hai0="116,36,131,28,88,65,75,124,60,34,74,100,42" hai1="133,64,115,3,52,86,122,1,89,80,53,84,127" hai2="82,134,94,35,46,68,39,108,91,72,48,7,118" hai3="81,10,5,4,66,18,83,37,73,11,123,135,57"/><T103/><D103/><U106/><E122/><V71/><F39/><W95/><G37/><T47/><D116/><U15/><E115/><V51/><F35/><W59/><G123/><T58/><D124/><U29/><E127/><V130/><F118/><W55/><G73/><T90/><D131/><U22/><E133/><V111/><F130/><W33/><G33/><T41/><D41/><U79/><E106/><V114/><F7/><W9/><G135/><T0/><D0/><U76/><E64/><V26/><F26/><W101/><G66/><T67/><D100/><U63/><E3/><V105/><F105/><W96/><G18/><T38/><D38/><U61/><E1/><V27/><F27/><W112/><G112/><T120/><D120/><U117/><E117/><V97/><F114/><W54/><G54/><T77/><D65/><U17/><E29/><V102/><F134/><W31/><G31/><T49/><D36/><U13/><E13/><V99/><F82/><W44/><G44/><T92/><D34/><U93/><E79/><V40/><F72/><W6/><REACH who="3" step="1"/><G55/><AGARI ba="0,0" hai="15,17,22,52,53,55,61,63,76,80,84,86,89,93" machi="55" ten="40,5200,0" yaku="8,1,52,1,54,1" doraHai="16" who="1" fromWho="3" sc="250,0,250,52,250,0,250,-52" /><INIT seed="1,0,0,4,1,72" ten="250,302,250,198" oya="1" hai0="24,20,43,118,120,123,97,10,53,32,67,68,103" hai1="52,42,59,31,116,14,19,40,39,47,85,112,135" hai2="18,117,49,88,58,111,29,81,78,46,75,80,51" hai3="104,57,83,87,70,99,94,25,105,107,6,93,30"/><U126/><E116/><V91/><F117/><W73/><G70/><T50/><D118/><U114/><E126/><V101/><F29/><W108/><G6/><T13/><D43/><U69/><E69/><V128/><F101/><N who="3" m="62527" /><G30/><T79/><D32/><U60/><E135/><V125/><F125/><W26/><G57/><T35/><D35/><U4/><E42/><V130/><F111/><W133/><G26/><T56/><D68/><U37/><E37/><V12/><F58/><W45/><G45/><T66/><D66/><U28/><E4/><V7/><F7/><W17/><G17/><T132/><D67/><U122/><E122/><V16/><F18/><W76/><G25/><T63/><D63/><U41/><E41/><N who="2" m="24783" /><F81/><W90/><G133/><T22/><D132/><U48/><E39/><V115/><F51/><W9/><G9/><T15/><D24/><U5/><E5/><V55/><F55/><W92/><G108/><T8/><D8/><U86/><E114/><V113/><F115/><W36/><G36/><T134/><D134/><U11/><E112/><V131/><F113/><W82/><AGARI ba="0,0" hai="73,76,82,83,87,90,92,93,94,105,107" m="62527" machi="82" ten="30,12000,2" yaku="35,5,52,1" doraHai="72" who="3" fromWho="3" sc="250,-30,302,-60,250,-30,198,120" /><INIT seed="2,0,0,5,1,83" ten="220,242,220,318" oya="2" hai0="126,62,133,113,93,86,134,39,15,120,130,80,23" hai1="103,20,31,117,14,78,0,21,98,81,72,32,42" hai2="60,36,104,115,100,61,40,24,82,57,71,63,69" hai3="129,79,102,2,90,122,13,35,76,38,12,121,131"/><V112/><F82/><W124/><G38/><T53/><D39/><U55/><E32/><V3/><F3/><W91/><G2/><T135/><D120/><N who="3" m="46185" /><G35/><T116/><D116/><U48/><E0/><V27/><F100/><W74/><G74/><T43/><D43/><U125/><E117/><V37/><F104/><W108/><G102/><T110/><D93/><U109/><E42/><V47/><F27/><W111/><G124/><T25/><D15/><U30/><E125/><V18/><F18/><W65/><G65/><T119/><D119/><U132/><E109/><N who="3" m="42058" /><G13/><T59/><D110/><U22/><E132/><V64/><F24/><W17/><G17/><T123/><D123/><U50/><E14/><V95/><F95/><W28/><G12/><T118/><D118/><U84/><E72/><V99/><F99/><W97/><G97/><T16/><D126/><U56/><REACH who="1" step="1"/><E50/><REACH who="1" step="2"/><N who="2" m="26983" /><F69/><W73/><G73/><T127/><D127/><U54/><E54/><N who="2" m="33847" /><F63/><W107/><G28/><T19/><D133/><U96/><E96/><V89/><F89/><N who="3" m="33803" /><G107/><AGARI ba="0,1" hai="20,21,22,30,31,48,55,56,78,81,84,98,103,107" machi="107" ten="40,2600,0" yaku="1,1,52,1,53,0" doraHai="83" doraHaiUra="105" who="1" fromWho="3" sc="220,0,232,36,220,0,318,-26" /><INIT seed="3,0,0,0,2,20" ten="220,268,220,292" oya="3" hai0="77,110,68,33,125,23,91,111,41,56,119,40,107" hai1="24,123,114,118,65,80,78,63,81,85,32,27,70" hai2="46,43,2,12,109,73,130,117,26,97,83,60,84" hai3="121,0,69,106,101,25,1,50,105,92,98,10,89"/><W90/><G121/><T129/><D77/><U133/><E114/><V134/><F2/><W72/><G69/><T17/><D68/><U35/><E123/><V99/><F117/><W51/><G72/><T88/><D119/><U18/><E118/><V7/><F73/><W15/><G25/><N who="0" m="14575" /><D33/><U74/><E133/><V66/><F134/><W132/><G132/><T94/><D107/><U71/><E71/><V57/><F130/><W48/><G106/><T53/><D129/><U45/><E45/><V120/><F120/><W44/><G44/><T42/><D125/><U14/><E35/><V22/><F12/><W104/><G104/><T67/><D67/><U38/><E38/><V95/><F7/><W62/><G62/><N who="0" m="36111" /><D91/><U47/><E32/><V64/><F109/><N who="0" m="41482" /><D42/><U58/><E70/><V11/><F66/><W6/><REACH who="3" step="1"/><G90/><REACH who="3" step="2"/><T3/><D3/><U54/><E74/><V13/><F46/><W61/><G61/><T128/><D128/><U8/><E81/><V108/><F83/><W87/><AGARI ba="0,1" hai="0,1,6,10,15,48,50,51,87,89,92,98,101,105" machi="87" ten="30,3000,0" yaku="1,1,0,1,53,0" doraHai="20" doraHaiUra="122" who="3" fromWho="3" sc="220,-10,268,-10,220,-10,282,40" /><INIT seed="3,1,0,3,5,38" ten="210,258,210,322" oya="3" hai0="41,58,110,54,24,103,117,115,78,134,50,10,66" hai1="9,86,60,49,111,52,120,1,119,79,122,12,76" hai2="108,135,39,5,21,61,3,107,30,31,34,14,104" hai3="94,17,42,51,27,11,74,45,59,87,90,33,97"/><W131/><G131/><T26/><D117/><U32/><E119/><V93/><F39/><W47/><G47/><T36/><D134/><U13/><E1/><V133/><F61/><W29/><G29/><T106/><D110/><U18/><E32/><V112/><F112/><W37/><G37/><T0/><D66/><U105/><E111/><V25/><F93/><W98/><G98/><T132/><D132/><N who="2" m="50762" /><F108/><W68/><G68/><T126/><D126/><U69/><E105/><V91/><F91/><W4/><G4/><T84/><D115/><U56/><E13/><V109/><F109/><W16/><G16/><T72/><D72/><U22/><E9/><N who="2" m="2239" /><F31/><W2/><G2/><T129/><D106/><U89/><E69/><V127/><F127/><W95/><G95/><T64/><D64/><U75/><E75/><V102/><F102/><W53/><G53/><T113/><D103/><U63/><E122/><V96/><F96/><W118/><G118/><T116/><D116/><U67/><E120/><V28/><F28/><W57/><G57/><T101/><D101/><U125/><E125/><V121/><F121/><W43/><G43/><T71/><D71/><U23/><E23/><V81/><F81/><W128/><G128/><T99/><D129/><U80/><E67/><V46/><F46/><W55/><G55/><T19/><D54/><U83/><E83/><V124/><F124/><W44/><G44/><T15/><D99/><U88/><REACH who="1" step="1"/><E89/><REACH who="1" step="2"/><V114/><F114/><W48/><G48/><T73/><D50/><U20/><E20/><V70/><F70/><W85/><G85/><RYUUKYOKU ba="1,1" sc="210,-15,248,15,210,15,322,-15" hai1="12,18,22,49,52,56,60,63,76,79,80,86,88" hai2="14,21,25,30,34,104,107" /><INIT seed="4,2,1,0,5,51" ten="195,263,225,307" oya="0" hai0="130,69,93,129,108,44,83,66,134,64,112,74,117" hai1="89,79,23,30,43,126,99,68,96,87,27,1,124" hai2="113,107,14,102,17,36,77,52,28,0,13,33,29" hai3="16,10,34,73,41,50,15,101,120,38,82,123,109"/><T92/><D117/><U133/><E1/><V60/><F36/><W95/><G95/><T21/><D108/><U24/><E133/><V47/><F0/><W55/><G55/><T70/><D134/><U85/><E68/><V42/><F42/><W97/><G97/><T103/><D44/><U75/><E43/><V57/><F77/><W104/><G104/><T125/><D125/><U88/><E75/><V122/><F122/><W39/><G39/><T62/><D112/><U46/><E46/><V59/><F47/><W119/><G119/><T40/><D40/><U12/><E12/><N who="2" m="4715" /><F107/><W132/><G132/><T58/><D21/><U9/><E79/><V118/><F102/><W2/><G2/><T20/><D20/><U72/><E72/><V98/><F98/><W135/><G135/><T115/><D115/><U121/><E9/><V114/><F17/><W84/><G84/><T6/><D6/><U90/><E121/><V54/><F33/><W128/><G128/><N who="0" m="49259" /><D103/><U8/><E126/><V105/><F105/><W111/><G111/><T106/><D106/><U49/><E124/><V71/><F118/><W32/><G32/><T65/><D93/><U45/><E96/><V5/><F5/><W19/><G19/><T81/><D92/><U116/><E99/><V131/><F131/><W76/><G76/><N who="0" m="44183" /><D83/><U94/><E116/><V11/><F11/><W22/><G22/><T7/><D7/><U61/><E94/><V78/><F114/><W86/><G86/><N who="1" m="32778" /><E8/><V31/><F113/><W56/><G56/><N who="2" m="21577" /><F78/><W48/><G48/><T26/><D26/><N who="1" m="16735" /><E61/><V63/><F60/><RYUUKYOKU ba="2,1" sc="195,10,263,10,225,10,307,-30" hai0="58,62,64,65,66,69,70" hai1="24,27,45,49,88,89,90" hai2="28,29,31,52,54,63,71" /><INIT seed="4,3,1,4,4,72" ten="205,273,235,277" oya="0" hai0="133,36,49,26,63,91,125,116,97,39,32,19,8" hai1="87,20,128,93,94,13,79,110,118,34,129,29,44" hai2="59,109,99,6,57,84,27,65,12,7,58,11,88" hai3="98,52,92,35,56,121,18,10,25,83,55,1,61"/><T23/><D116/><U102/><E34/><V14/><F109/><W31/><G31/><T127/><D32/><U101/><E110/><V100/><F65/><W95/><G95/><N who="0" m="56575" /><D49/><U111/><E118/><V54/><F27/><W71/><G71/><T4/><D133/><U86/><E111/><V3/><F3/><W33/><G33/><T67/><D8/><U37/><E13/><V43/><F43/><W131/><G131/><N who="1" m="50250" /><E20/><V82/><F7/><W66/><G66/><T45/><D4/><U124/><E29/><V80/><F14/><W105/><G105/><T73/><D73/><U108/><E44/><V81/><REACH who="2" step="1"/><F54/><REACH who="2" step="2"/><W77/><G77/><T75/><D39/><U104/><E37/><V16/><F16/><W17/><G17/><T89/><D36/><U135/><E108/><V21/><F21/><W130/><G130/><T48/><D67/><U47/><E135/><V22/><F22/><W78/><G78/><T123/><D19/><U70/><E70/><V68/><F68/><W5/><G5/><T50/><D23/><U90/><E79/><V40/><F40/><W0/><G0/><T132/><D26/><U74/><E90/><V28/><F28/><W38/><G38/><T96/><D132/><U42/><E42/><V112/><F112/><W122/><G122/><T85/><D123/><U41/><E41/><V24/><F24/><W69/><G69/><T15/><D89/><U119/><E119/><V114/><F114/><W2/><G2/><T53/><D15/><U64/><E64/><V120/><F120/><W126/><G126/><T76/><D127/><RYUUKYOKU ba="3,2" sc="205,-10,273,-10,225,30,277,-10" hai2="6,11,12,57,58,59,80,81,82,84,88,99,100" /><INIT seed="5,4,2,4,4,49" ten="195,263,255,267" oya="1" hai0="15,33,7,27,112,102,52,128,120,104,70,50,131" hai1="96,100,38,61,123,22,24,93,87,59,11,92,57" hai2="34,43,78,101,72,63,37,125,111,36,44,13,109" hai3="86,55,94,62,126,79,133,108,122,35,5,47,69"/><U4/><E38/><V68/><F13/><W20/><G20/><T29/><D70/><U82/><E123/><V6/><F125/><W66/><G66/><T130/><D120/><U48/><E48/><V88/><F6/><W58/><G58/><T115/><D102/><U134/><E93/><V41/><F101/><W73/><G73/><T84/><D104/><U60/><E134/><V129/><F129/><W74/><G74/><T110/><D110/><U54/><E11/><V25/><F88/><W75/><G75/><T77/><D77/><N who="1" m="46543" /><E4/><V81/><F63/><N who="1" m="24137" /><E54/><V8/><F8/><W118/><G118/><T83/><D7/><U65/><E65/><V23/><F23/><W135/><G135/><T91/><D15/><U53/><E53/><V116/><F68/><W71/><G71/><T56/><AGARI ba="4,2" hai="27,29,33,50,52,56,83,84,91,112,115,128,130,131" machi="56" ten="40,8000,1" yaku="0,1,19,1,52,1,54,1" doraHai="49" who="0" fromWho="0" sc="195,112,263,-44,255,-24,267,-24" /><INIT seed="6,0,0,4,5,59" ten="307,219,231,243" oya="2" hai0="20,49,99,109,54,27,102,36,111,71,79,70,9" hai1="30,33,133,7,28,32,113,105,117,96,122,108,89" hai2="15,85,84,76,92,90,14,95,101,6,132,56,123" hai3="60,55,26,107,19,127,87,40,25,65,18,48,112"/><V53/><F123/><W63/><G63/><T94/><D36/><U13/><E117/><V42/><F42/><W82/><G82/><T34/><D34/><U69/><E122/><V16/><F132/><W37/><G37/><T31/><D79/><U43/><E133/><V0/><F0/><W41/><G41/><T73/><D73/><U10/><E69/><V110/><F110/><W57/><G57/><T29/><D71/><U97/><E108/><V83/><F101/><W75/><G75/><T8/><D70/><U126/><E126/><V68/><F68/><W64/><G64/><T120/><D120/><U46/><E113/><V121/><F121/><W106/><G106/><T130/><D130/><U115/><E115/><V47/><F47/><W131/><G131/><T52/><D109/><U91/><E32/><V61/><F6/><W118/><G118/><T12/><D111/><U21/><E33/><V93/><F15/><W67/><G67/><T62/><D31/><U3/><E105/><V98/><F98/><W135/><G135/><T86/><D86/><U72/><E72/><V44/><F44/><W80/><G80/><T22/><D22/><AGARI ba="0,0" hai="14,16,22,53,56,61,76,83,84,85,90,92,93,95" machi="22" ten="30,11600,0" yaku="7,1,8,1,52,1,54,1" doraHai="59" who="2" fromWho="0" sc="307,-116,219,0,231,116,243,0" /><INIT seed="6,1,0,3,2,39" ten="191,219,347,243" oya="2" hai0="127,73,96,98,3,63,28,14,81,84,46,125,107" hai1="114,31,70,97,83,13,44,5,74,36,16,77,100" hai2="123,121,19,115,126,7,11,15,24,59,101,91,52" hai3="49,65,50,109,92,132,55,41,8,94,25,78,23"/><V80/><F126/><N who="0" m="48138" /><D3/><U116/><E116/><V76/><F115/><W68/><G68/><T51/><D73/><U64/><E114/><V105/><F91/><W106/><G106/><T33/><D107/><U85/><E74/><V35/><F101/><W88/><G88/><N who="0" m="51215" /><D14/><U120/><E120/><V57/><F57/><W93/><G93/><T69/><D28/><U37/><E5/><V118/><F118/><W18/><G18/><T4/><D4/><U26/><E44/><V122/><F105/><W103/><G103/><T10/><D10/><U61/><E26/><V38/><F38/><W2/><G2/><T20/><D20/><U75/><E75/><V133/><F35/><W128/><G128/><T90/><D33/><U67/><E67/><V130/><F19/><W47/><G47/><T71/><D90/><U34/><E31/><V79/><F24/><W54/><G54/><T102/><D102/><U0/><E34/><V113/><F113/><W53/><G53/><N who="0" m="29943" /><D63/><U27/><E27/><V117/><F117/><W99/><G99/><AGARI ba="1,0" hai="69,71,96,98,99" m="29943,51215,48138" machi="99" ten="30,2000,0" yaku="18,1,54,1" doraHai="39" who="0" fromWho="3" sc="191,23,219,0,347,0,243,-23" /><INIT seed="7,0,0,3,5,57" ten="214,219,347,220" oya="3" hai0="18,133,106,122,77,83,20,24,38,44,50,61,110" hai1="21,40,90,94,17,33,37,26,25,64,68,88,118" hai2="9,75,109,131,22,47,95,7,92,89,111,8,60" hai3="0,93,130,39,134,117,4,84,34,51,49,71,59"/><W123/><G123/><T76/><D38/><U127/><E118/><V87/><F75/><W126/><G126/><T54/><D122/><U10/><E127/><V85/><F131/><W56/><G56/><T41/><D106/><U16/><E37/><V70/><F47/><W135/><G135/><T78/><D133/><U119/><E119/><V19/><F70/><W91/><G91/><T72/><D110/><U103/><E40/><V74/><F74/><W43/><G43/><T116/><D116/><U27/><E33/><V15/><F60/><W58/><G58/><N who="0" m="35031" /><D72/><U5/><E103/><V28/><F28/><W32/><G32/><T66/><D83/><U107/><E107/><V6/><F9/><W55/><G55/><T99/><D99/><U46/><E46/><V132/><F132/><W81/><G81/><T2/><D2/><U125/><E125/><V102/><F7/><W100/><G100/><T129/><D129/><U31/><E31/><V42/><F42/><W13/><G13/><T53/><D53/><U98/><E90/><V128/><F128/><W62/><G62/><T36/><D36/><U23/><E64/><AGARI ba="0,0" hai="18,20,24,41,44,50,64,66,76,77,78" m="35031" machi="64" ten="30,2000,0" yaku="8,1,52,1" doraHai="57" who="0" fromWho="1" sc="214,20,219,-20,347,0,220,0" owari="234,3,199,-30,347,45,220,-18" /></mjloggm>