<mjloggm ver="2.3"><GO type="41"/><UN n0="%E5%8C%82%E5%AE%AE%E7%90%86%E6%BE%84" n1="%64%64%64%64%61%69%73%65" n2="%E3%82%88%E3%81%97%E3%81%A4%E3%81%90%6F%68" n3="%EF%BC%88%E2%89%A7%E2%96%BD%E2%89%A6%EF%BC%89" dan="14,14,15,14" rate="2055,1934,1921,2067" sx="F,M,M,M"/><TAIKYOKU oya="0"/><INIT seed="0,0,0,1,4,87" ten="250,250,250,250" oya="0" hai0="91,98,110,96,118,66,116,77,63,47,80,88,113" hai1="84,131,3,7,49,25,27,74,42,75,6,85,103" hai2="51,33,134,8,18,97,41,83,29,36,101,0,34" hai3="22,53,129,122,92,73,4,135,2,17,119,11,32"/><T43/><D113/><U13/><E131/><V65/><F134/><W14/><G119/><T68/><D110/><U40/><E3/><V61/><F36/><W24/><G73/><T125/><D125/><U23/><E103/><V39/><F39/><W31/><G122/><T102/><D116/><U111/><E111/><V12/><F0/><W15/><G129/><T69/><D69/><U133/><E133/><V76/><F29/><W71/><G71/><T56/><D68/><U46/><E13/><V45/><F65/><W55/><G135/><T124/><D124/><U10/><E10/><V70/><F70/><W58/><G92/><T26/><D26/><U64/><E64/><V128/><F61/><W99/><G99/><N who="0" m="37931" /><D118/><U48/><E23/><V105/><REACH who="2" step="1"/><F128/><REACH who="2" step="2"/><W30/><G30/><T106/><D106/><U107/><E107/><V20/><F20/><W123/><G123/><T104/><D104/><U112/><E112/><V78/><F78/><W127/><G127/><T120/><D120/><U94/><E94/><V81/><F81/><W100/><G100/><T82/><D102/><U37/><E37/><V60/><F60/><W72/><G2/><T95/><D77/><U108/><E108/><V115/><F115/><W28/><G28/><T126/><D126/><U117/><E117/><V86/><AGARI ba="0,1" hai="8,12,18,33,34,41,45,51,76,83,86,97,101,105" machi="86" ten="20,2700,0" yaku="1,1,0,1,7,1,53,0" doraHai="87" doraHaiUra="19" who="2" fromWho="2" sc="250,-13,250,-7,240,37,250,-7" /><INIT seed="1,0,0,1,1,82" ten="237,243,277,243" oya="1" hai0="101,51,108,78,37,24,99,45,96,119,33,59,54" hai1="60,62,113,105,67,132,47,110,7,42,125,0,49" hai2="61,90,18,2,39,102,10,74,53,104,89,92,128" hai3="81,9,41,123,131,109,64,133,68,16,5,46,17"/><U28/><E105/><V98/><F39/><W127/><G123/><T63/><D108/><U117/><E113/><V20/><F128/><W103/><G109/><T106/><D99/><U122/><E117/><V121/><F121/><W124/><G131/><T38/><D78/><U71/><E122/><V3/><F74/><W115/><G115/><T11/><D119/><U100/><E28/><V14/><F90/><W8/><G103/><T91/><D11/><N who="3" m="4169" /><G5/><T6/><D6/><U69/><E110/><V134/><F134/><W83/><G133/><T112/><D112/><U70/><E100/><V111/><F111/><W130/><G130/><T21/><D91/><U27/><E7/><V1/><F61/><N who="3" m="39951" /><G81/><T84/><D84/><U48/><E0/><V40/><F40/><W87/><G46/><T32/><D38/><N who="1" m="21975" /><E27/><V56/><F56/><W44/><G44/><T86/><D86/><U29/><E132/><V15/><F53/><W26/><G41/><T120/><D37/><U13/><E29/><V73/><F73/><W50/><G50/><N who="1" m="19562" /><E13/><V52/><F15/><W30/><G26/><T79/><D79/><U43/><E43/><V65/><F10/><W57/><G30/><N who="0" m="17679" /><D120/><U35/><E35/><V19/><F1/><W77/><G57/><T94/><D106/><U135/><E135/><V85/><F2/><W116/><G116/><T129/><D129/><U72/><E72/><V31/><F3/><W76/><G76/><T126/><D32/><U95/><E95/><V4/><F92/><W58/><G58/><T12/><D33/><U75/><E75/><V34/><F34/><RYUUKYOKU ba="0,0" sc="237,-10,243,-10,277,-10,243,30" hai3="16,17,77,83,87,124,127" /><INIT seed="2,1,0,2,1,2" ten="227,233,267,273" oya="2" hai0="95,101,73,27,16,90,114,55,94,7,71,59,102" hai1="93,112,66,129,38,45,61,37,12,115,89,118,76" hai2="62,125,14,87,96,103,65,123,107,133,10,92,119" hai3="52,60,15,57,33,78,86,110,9,132,4,30,31"/><V88/><F123/><W22/><G132/><T106/><D71/><U1/><E118/><V25/><F133/><W6/><G110/><T64/><D64/><U124/><E1/><V91/><F119/><W121/><G121/><T40/><D73/><U120/><E120/><V111/><F125/><W48/><G33/><T113/><D40/><U28/><E124/><V122/><F122/><W19/><G60/><T68/><D68/><U77/><E129/><V53/><F111/><W100/><G100/><T34/><D106/><U98/><E28/><N who="3" m="10794" /><G9/><T104/><D104/><U23/><E115/><V81/><F53/><W35/><G35/><T46/><D34/><U47/><E112/><V39/><F39/><W13/><G13/><T54/><D102/><U51/><E45/><V79/><F25/><W74/><G74/><T109/><D46/><U116/><E116/><V56/><REACH who="2" step="1"/><F107/><REACH who="2" step="2"/><W3/><G3/><T5/><D109/><U41/><E38/><V32/><F32/><W11/><G22/><N who="0" m="13767" /><D114/><U131/><E37/><V63/><F63/><W58/><G58/><T29/><D113/><U83/><E131/><V108/><F108/><W80/><AGARI ba="1,1" hai="4,6,11,15,19,48,52,57,78,80,86" m="10794" machi="80" ten="30,7900,0" yaku="8,1,52,2,54,1" doraHai="2" who="3" fromWho="3" sc="227,-21,233,-21,257,-40,273,92" /><INIT seed="3,0,0,5,3,1" ten="206,212,217,365" oya="3" hai0="27,42,73,118,92,90,124,105,60,9,70,34,51" hai1="63,82,53,55,58,20,87,88,32,23,16,100,18" hai2="98,17,44,2,57,22,75,33,129,121,115,31,15" hai3="97,134,50,106,61,89,13,119,107,133,81,25,114"/><W68/><G119/><T65/><D73/><U131/><E32/><V94/><F75/><W8/><G114/><T38/><D124/><U0/><E131/><V101/><F115/><W54/><G25/><T86/><D38/><U43/><E0/><V29/><F129/><W76/><G61/><T91/><D118/><U35/><E43/><V67/><F121/><W104/><G68/><T77/><D77/><U120/><E120/><V62/><F2/><W85/><G54/><T99/><D90/><U36/><E36/><V19/><F33/><W83/><G50/><T123/><D9/><U84/><E100/><V59/><F44/><W116/><G116/><T48/><D42/><U7/><E7/><V6/><F6/><W21/><G21/><T39/><D39/><U5/><E5/><V49/><F19/><W93/><G13/><T108/><D108/><U69/><E69/><V111/><F111/><W47/><G8/><T66/><D66/><U110/><E110/><V10/><F10/><W4/><G47/><T41/><D41/><U12/><E35/><V26/><F15/><W109/><G4/><T102/><REACH who="0" step="1"/><D123/><REACH who="0" step="2"/><U126/><E126/><V96/><F96/><W103/><G109/><T74/><D74/><AGARI ba="0,1" hai="74,76,81,83,85,89,93,97,103,104,106,107,133,134" machi="74" ten="40,7700,0" yaku="34,3" doraHai="1" who="3" fromWho="0" sc="196,-77,212,0,217,0,365,87" /><INIT seed="3,1,0,4,3,104" ten="119,212,217,452" oya="3" hai0="83,11,36,59,61,66,100,122,19,42,119,89,133" hai1="45,30,58,40,84,112,31,38,80,87,44,27,2" hai2="107,115,81,43,102,34,28,108,118,65,114,88,55" hai3="26,25,67,24,76,125,48,1,72,60,124,16,75"/><W62/><G1/><T57/><D122/><U23/><E2/><V52/><F118/><W91/><G48/><T117/><D133/><U29/><E112/><V135/><F135/><W22/><G91/><T12/><D100/><U56/><E87/><V5/><F108/><W101/><G101/><T111/><D111/><U73/><E73/><N who="3" m="28234" /><G76/><T98/><D36/><U106/><E106/><V120/><F120/><W126/><G62/><T71/><D42/><U18/><REACH who="1" step="1"/><E45/><REACH who="1" step="2"/><V113/><F115/><W95/><G95/><T51/><D117/><U86/><E86/><V90/><F114/><W50/><G50/><T37/><D37/><U21/><E21/><V68/><F113/><W4/><G4/><T39/><D39/><U121/><E121/><V123/><F123/><W33/><G33/><T35/><D35/><U78/><AGARI ba="1,1" hai="18,23,27,29,30,31,38,40,44,56,58,78,80,84" machi="78" ten="30,4000,0" yaku="1,1,0,1,53,1" doraHai="104" doraHaiUra="69" who="1" fromWho="1" sc="119,-11,202,53,217,-11,452,-21" /><INIT seed="4,0,0,5,2,28" ten="108,255,206,431" oya="0" hai0="91,0,94,32,43,26,80,99,89,127,116,115,8" hai1="17,9,18,68,90,49,77,113,56,63,82,105,93" hai2="122,21,134,15,24,29,31,119,40,131,58,42,78" hai3="62,128,14,118,10,44,50,33,34,55,23,120,73"/><T51/><D116/><U108/><E105/><V64/><F122/><W22/><G118/><T95/><D127/><U60/><E108/><V59/><F119/><W109/><G73/><T98/><D115/><U36/><E36/><V101/><F134/><W96/><G109/><T104/><D104/><U112/><E68/><V84/><F131/><W7/><G128/><T16/><D80/><U79/><E79/><V12/><F31/><W76/><G76/><T6/><D51/><U133/><E133/><V5/><F101/><W67/><G120/><T47/><D47/><U65/><E49/><V110/><F110/><W46/><G46/><T88/><D43/><U85/><E60/><V74/><F74/><W72/><G72/><T3/><D91/><U121/><E9/><V4/><F78/><W125/><G125/><T87/><D87/><U35/><E35/><V86/><F29/><W114/><G114/><N who="1" m="44138" /><E121/><V111/><F111/><W124/><G124/><T81/><D81/><U92/><E92/><V100/><F64/><W97/><G97/><AGARI ba="0,0" hai="17,18,56,63,65,77,82,85,90,93,97" m="44138" machi="97" ten="30,2000,0" yaku="15,1,11,1" doraHai="28" who="1" fromWho="3" sc="108,0,255,20,206,0,431,-20" /><INIT seed="5,0,0,4,1,131" ten="108,275,206,411" oya="1" hai0="98,78,40,91,107,19,8,87,113,115,96,102,83" hai1="39,77,76,94,27,121,110,49,61,108,44,114,13" hai2="1,97,15,11,62,100,38,43,0,86,64,59,30" hai3="129,17,103,116,26,134,111,99,117,118,57,93,130"/><U66/><E121/><V7/><F30/><W2/><G111/><N who="1" m="42538" /><E39/><V68/><F38/><W80/><G2/><T24/><D24/><U119/><E119/><V133/><F43/><W55/><G134/><T42/><D8/><U89/><E114/><N who="0" m="43529" /><D19/><U123/><E27/><V124/><F124/><W106/><G80/><T4/><D40/><U79/><E123/><V135/><F86/><W25/><G106/><T16/><D42/><U33/><E33/><V95/><REACH who="2" step="1"/><F68/><REACH who="2" step="2"/><W104/><G130/><T127/><D16/><U48/><E44/><V88/><F88/><W74/><G129/><T22/><D4/><U70/><E13/><V34/><F34/><W109/><G118/><T81/><D127/><U82/><E82/><V9/><F9/><W10/><G117/><T67/><D22/><U18/><E18/><V101/><F101/><W71/><G103/><N who="0" m="62951" /><D67/><U41/><E41/><V73/><F73/><W28/><G74/><N who="0" m="43223" /><D102/><U126/><E126/><V12/><F12/><W51/><G116/><T29/><D29/><U20/><E20/><V35/><F35/><W5/><G28/><T45/><D45/><U58/><E70/><V92/><F92/><W23/><G93/><N who="0" m="54527" /><D98/><AGARI ba="0,1" hai="48,49,58,61,66,76,77,79,89,94,98" m="42538" machi="98" ten="30,1500,0" yaku="10,1" doraHai="131" who="1" fromWho="0" sc="108,-15,275,25,196,0,411,0" /><INIT seed="5,1,0,0,0,25" ten="93,300,196,411" oya="1" hai0="55,61,122,38,126,45,41,124,115,119,111,80,87" hai1="96,68,105,44,21,113,34,64,14,77,125,52,83" hai2="108,65,134,97,19,127,100,132,2,112,130,10,99" hai3="114,20,60,24,88,22,56,74,32,131,13,49,98"/><U36/><E34/><V121/><F108/><W43/><G74/><T51/><D87/><U42/><E125/><N who="0" m="48233" /><D80/><U106/><E113/><V63/><F121/><W6/><G114/><T71/><D119/><U5/><E96/><V117/><F130/><W17/><G131/><T4/><D4/><U9/><E68/><V67/><F127/><W11/><G32/><T29/><D29/><U70/><E64/><V81/><F112/><W26/><G43/><T12/><D12/><U18/><E70/><V109/><F109/><W82/><G49/><T53/><D115/><U76/><E52/><N who="0" m="20041" /><D111/><U118/><E118/><V85/><F117/><W1/><G22/><T30/><D30/><U129/><E129/><V133/><F99/><W58/><G82/><T93/><D93/><U46/><E46/><V0/><F0/><W91/><G98/><T48/><D122/><U69/><E69/><V116/><F116/><W94/><G94/><T86/><D86/><U62/><E62/><V57/><F2/><W92/><G92/><T95/><D95/><U40/><E40/><V50/><F10/><W123/><G123/><T75/><D75/><U39/><E39/><V107/><F85/><W104/><G1/><T102/><D102/><U54/><E54/><V89/><F107/><W103/><G104/><T27/><D27/><U31/><E31/><V33/><F97/><W101/><G26/><T37/><D37/><U128/><E128/><V59/><F33/><W8/><G103/><T79/><D79/><N who="1" m="30283" /><E83/><V72/><F81/><W110/><G110/><T35/><D35/><U47/><E47/><RYUUKYOKU ba="1,0" sc="93,15,300,15,196,-15,411,-15" hai0="38,41,45,48,51,61,71" hai1="5,9,14,18,21,36,42,44,105,106" /><INIT seed="5,2,0,1,5,87" ten="108,315,181,396" oya="1" hai0="72,106,82,30,71,12,51,76,108,41,131,80,109" hai1="20,13,79,105,28,64,116,122,130,101,70,88,114" hai2="9,115,66,95,118,78,11,2,33,59,81,18,67" hai3="119,84,86,6,45,22,111,1,127,73,96,112,125"/><U29/><E122/><V62/><F33/><W120/><G73/><T132/><D71/><U36/><E116/><V65/><F118/><W92/><G119/><T135/><D30/><U7/><E36/><V27/><F115/><W17/><G111/><T68/><D68/><U113/><E79/><V63/><F95/><W34/><G34/><T94/><D12/><U53/><E130/><V57/><F65/><W83/><G120/><T26/><D26/><U77/><E77/><V99/><F99/><W48/><G112/><N who="1" m="43114" /><E105/><V89/><F2/><W31/><G31/><T37/><D51/><U90/><E101/><V104/><F104/><W21/><G6/><T91/><D41/><U58/><E70/><V74/><F89/><N who="1" m="34409" /><E64/><V5/><F5/><W126/><G83/><N who="0" m="45447" /><D37/><U128/><E128/><V0/><F0/><W39/><G1/><T133/><D131/><U97/><E97/><V14/><F27/><N who="3" m="14767" /><G39/><T102/><D102/><U52/><E53/><V42/><REACH who="2" step="1"/><F42/><REACH who="2" step="2"/><W61/><G96/><N who="0" m="57439" /><D106/><U123/><E123/><V44/><F44/><W121/><G121/><T46/><D46/><U16/><E7/><V55/><F55/><W3/><G127/><T100/><D100/><U35/><E35/><V117/><F117/><W85/><G126/><T129/><D129/><U25/><E25/><V19/><F19/><W49/><G125/><T4/><D4/><U54/><E54/><V10/><AGARI ba="2,1" hai="9,10,11,14,18,57,59,62,63,66,67,74,78,81" machi="10" ten="20,12000,2" yaku="1,1,0,1,7,1,9,1,53,2" doraHai="87" doraHaiUra="56" who="2" fromWho="2" sc="108,-32,315,-62,171,136,396,-32" /><INIT seed="6,0,0,3,3,109" ten="76,253,307,364" oya="2" hai0="118,116,105,123,65,58,74,98,26,108,62,126,9" hai1="50,94,49,83,33,42,70,93,61,111,107,100,24" hai2="88,87,78,95,38,97,64,77,124,119,10,27,129" hai3="46,113,127,125,59,86,20,106,84,133,68,134,3"/><V57/><F119/><W103/><G68/><T14/><D74/><U52/><E111/><V75/><F38/><W72/><G72/><T90/><D90/><U135/><E135/><N who="3" m="51722" /><G3/><T45/><D45/><U79/><E42/><V19/><F129/><W110/><G110/><T51/><D51/><U102/><E49/><V91/><F124/><N who="3" m="47691" /><G113/><T11/><D11/><U13/><E13/><N who="2" m="7607" /><F75/><W115/><G115/><T112/><D112/><U39/><E39/><V5/><F5/><W31/><G46/><T114/><D114/><U36/><E36/><V43/><F43/><W60/><G31/><T81/><D108/><U117/><E117/><V12/><F27/><W48/><G48/><T121/><D26/><U54/><E54/><V35/><F35/><W41/><G20/><T66/><D66/><U7/><E7/><V67/><F12/><W40/><G103/><T128/><D14/><U0/><E0/><V25/><F25/><W101/><G40/><T69/><D9/><U92/><E102/><V120/><F120/><W85/><G41/><T47/><D121/><U21/><E33/><V130/><F57/><W104/><G101/><T122/><D123/><U30/><E100/><V32/><F32/><W8/><G8/><T82/><D122/><U76/><E107/><V96/><F78/><W15/><G15/><T23/><D118/><U132/><E79/><V80/><F77/><W6/><G6/><T16/><D116/><U55/><E132/><V18/><F18/><W37/><G37/><T28/><D126/><U53/><E50/><V34/><F34/><W89/><G89/><RYUUKYOKU ba="0,0" sc="76,-10,253,-10,307,-10,364,30" hai3="59,60,84,85,86,104,106" /><INIT seed="7,1,0,5,5,105" ten="66,243,297,394" oya="3" hai0="27,69,80,21,84,112,14,47,57,41,122,20,124" hai1="76,46,125,10,120,107,108,114,43,78,133,50,56" hai2="19,87,110,0,127,38,23,30,74,52,99,45,96" hai3="49,44,131,75,121,128,109,29,36,86,2,88,7"/><W90/><G121/><T73/><D69/><U26/><E120/><V64/><F110/><W103/><G36/><T132/><D122/><U39/><E108/><V34/><F127/><W42/><G29/><T79/><D124/><U101/><E125/><V1/><F87/><W91/><G103/><T115/><D132/><U6/><E26/><V67/><F34/><W15/><G2/><T54/><D112/><U33/><E133/><V12/><F30/><W97/><G97/><T63/><D115/><U95/><E33/><V9/><F1/><W5/><G109/><T17/><D14/><U8/><E107/><V4/><F74/><W3/><G75/><T118/><D118/><U68/><E68/><V37/><F37/><W92/><G3/><T28/><D28/><U77/><E114/><V111/><F111/><W18/><G128/><T31/><D73/><U65/><E6/><N who="3" m="2058" /><G131/><T83/><D83/><U89/><E101/><V113/><F113/><W126/><G126/><T25/><D47/><U59/><E39/><V106/><F106/><W35/><G35/><T135/><D135/><U104/><E104/><V81/><F38/><W11/><AGARI ba="1,0" hai="11,15,18,42,44,49,86,88,90,91,92" m="2058" machi="11" ten="30,3000,0" yaku="8,1,54,1" doraHai="105" who="3" fromWho="3" sc="66,-11,243,-11,297,-11,394,33" owari="55,-44.0,232,-17.0,286,9.0,427,52.0" /></mjloggm>