<mjloggm ver="2.3"><GO type="169" lobby="0"/><UN n0="%E3%81%B2%E3%81%BD%E3%81%8D%E3%82%88%E3%81%97" n1="%EF%BC%88%E2%89%A7%E2%96%BD%E2%89%A6%EF%BC%89" n2="%E6%A3%92%E8%A7%92" n3="%E8%B7%AF%E5%9C%B0%E8%A3%8F%E3%81%AE%E3%81%B2%E3%81%BE%E3%82%8F%E3%82%8A" dan="18,17,17,17" rate="2202.15,2168.63,2182.25,2172.87" sx="M,M,M,M"/><TAIKYOKU oya="0"/><INIT seed="0,0,0,3,4,129" ten="250,250,250,250" oya="0" hai0="84,77,7,66,110,116,27,14,3,79,1,48,63" hai1="130,87,100,18,122,62,108,99,24,37,113,67,94" hai2="107,89,123,12,5,51,21,4,56,41,43,32,95" hai3="75,59,47,45,120,0,11,135,81,82,26,96,83"/><T8/><D116/><U70/><E122/><V80/><F107/><W92/><G120/><T42/><D110/><U127/><E130/><V16/><F32/><W134/><G75/><T35/><D35/><U15/><E108/><V6/><F123/><W119/><G119/><T60/><D27/><U49/><E37/><V121/><F121/><W85/><G85/><T124/><D124/><U105/><E113/><V57/><F80/><W2/><G59/><N who="2" m="22601" /><F51/><W91/><G26/><T10/><D66/><U61/><E127/><V50/><F50/><W102/><G102/><T131/><D131/><U55/><E61/><V40/><F41/><W93/><G92/><T88/><D3/><U106/><E24/><V133/><F133/><N who="3" m="50699" /><G11/><T117/><D8/><U52/><E87/><AGARI ba="0,0" hai="4,5,6,12,16,21,40,43,87,89,95" m="22601" machi="87" ten="30,2000,0" yaku="8,1,54,1" doraHai="129" who="2" fromWho="1" sc="250,0,250,-20,250,20,250,0" /><INIT seed="1,0,0,2,3,103" ten="250,230,270,250" oya="1" hai0="99,120,105,11,22,121,5,17,117,90,55,47,0" hai1="10,130,91,43,114,97,73,6,96,128,135,57,31" hai2="129,38,58,69,102,56,124,109,64,125,74,100,92" hai3="81,65,39,83,133,86,52,71,110,37,85,53,7"/><U80/><E114/><V68/><F74/><W14/><G110/><T89/><D117/><U113/><E113/><V70/><F109/><W54/><G133/><T1/><D1/><U36/><E135/><V72/><F72/><W134/><G134/><T95/><D89/><U24/><E57/><N who="2" m="22123" /><F92/><W49/><G49/><T13/><D55/><U87/><E73/><V33/><F33/><W46/><G65/><T126/><D47/><N who="1" m="24039" /><E24/><V4/><F4/><W12/><G71/><T15/><D126/><N who="2" m="48746" /><F38/><W108/><G108/><T63/><D63/><U32/><E32/><V30/><F30/><W3/><G3/><T19/><REACH who="0" step="1"/><D105/><REACH who="0" ten="240,230,270,250" step="2"/><U41/><E41/><V27/><F64/><W20/><G54/><T112/><D112/><U18/><E130/><V107/><F107/><W131/><G131/><T88/><D88/><U78/><E128/><V76/><F129/><W59/><G46/><T2/><D2/><N who="1" m="343" /><E91/><V94/><F70/><W82/><G53/><T48/><D48/><U44/><E44/><V51/><F69/><W84/><G52/><T75/><D75/><U127/><E127/><V42/><F51/><W25/><G59/><T111/><D111/><U122/><E78/><V16/><F76/><W21/><G39/><T45/><D45/><U132/><E132/><V50/><F68/><W29/><G37/><T67/><D67/><U66/><E66/><V98/><F50/><W79/><G79/><T123/><D123/><U101/><E122/><V118/><F42/><W62/><G62/><T8/><AGARI ba="0,1" hai="0,5,8,11,13,15,17,19,22,90,95,99,120,121" machi="8" ten="30,4000,0" yaku="1,1,0,1,53,1" doraHai="103" doraHaiUra="93" who="0" fromWho="0" sc="240,50,230,-20,270,-10,250,-10" /><INIT seed="2,0,0,3,1,9" ten="290,210,260,240" oya="2" hai0="109,104,26,59,63,43,55,127,82,27,49,69,110" hai1="5,134,21,119,66,70,107,78,85,72,94,128,121" hai2="40,100,60,57,124,71,90,38,41,118,37,22,81" hai3="39,95,19,99,108,56,13,15,6,88,25,112,11"/><V120/><F118/><W115/><G39/><T73/><D104/><U83/><E119/><V61/><F100/><W87/><G108/><T2/><D2/><U131/><E5/><V45/><F22/><W58/><G25/><T126/><D82/><N who="1" m="45383" /><E21/><V125/><F90/><W52/><G99/><T84/><D84/><U23/><E23/><V16/><F81/><W122/><G122/><T129/><D73/><U4/><E4/><V7/><F7/><W103/><G103/><T42/><D27/><U96/><E66/><N who="2" m="41415" /><F16/><W111/><G111/><N who="0" m="42507" /><D129/><N who="1" m="49739" /><E70/><V31/><F31/><W46/><G46/><N who="0" m="28087" /><D69/><U53/><E107/><V20/><F20/><N who="3" m="11391" /><G52/><N who="0" m="34279" /><D26/><U34/><E96/><V0/><F120/><W89/><G89/><T17/><D17/><U28/><E121/><V3/><F3/><W47/><G47/><T36/><D36/><N who="2" m="13930" /><F0/><W116/><G116/><T86/><D86/><U75/><E85/><V44/><F44/><W91/><G91/><T54/><D54/><U68/><E53/><N who="2" m="33967" /><F45/><W98/><G87/><T114/><D114/><AGARI ba="0,0" hai="6,11,13,56,58,88,95,98,112,114,115" m="11391" machi="114" ten="30,7700,0" yaku="11,1,52,2,54,1" doraHai="9" who="3" fromWho="0" sc="290,-77,210,0,260,0,240,77" /><INIT seed="3,0,0,3,1,59" ten="213,210,260,317" oya="3" hai0="12,16,88,72,29,8,103,13,68,63,69,109,52" hai1="84,134,79,32,120,99,1,91,85,100,101,64,44" hai2="56,128,33,3,105,42,2,106,27,15,11,97,9" hai3="92,75,30,28,74,117,41,114,126,58,94,70,86"/><W54/><G114/><T78/><D72/><U57/><E1/><V87/><F128/><W67/><G117/><T34/><D78/><U7/><E120/><V90/><F42/><W5/><G126/><T129/><D103/><U80/><E32/><V127/><F127/><W82/><G41/><T14/><D129/><U37/><E134/><V130/><F130/><W122/><G122/><T38/><D38/><U110/><E110/><V0/><F97/><W22/><G5/><T112/><D112/><U40/><E7/><V55/><F11/><W51/><G75/><T39/><D39/><U53/><E64/><V25/><F33/><W89/><G22/><T93/><D109/><U23/><E23/><V6/><F106/><W96/><G74/><T47/><D69/><U77/><E99/><V104/><F104/><W108/><G94/><T45/><D68/><U26/><E26/><V81/><REACH who="2" step="1"/><F105/><REACH who="2" ten="213,210,250,317" step="2"/><W83/><G108/><T102/><D34/><U76/><REACH who="1" step="1"/><E85/><REACH who="1" ten="213,200,250,317" step="2"/><V95/><F95/><W98/><G98/><N who="0" m="57639" /><D102/><U71/><E71/><V21/><F21/><W113/><G113/><T50/><D29/><U18/><E18/><V36/><F36/><W66/><G30/><T118/><D118/><U135/><E135/><V20/><F20/><W19/><G28/><T61/><D8/><U24/><E24/><V65/><F65/><W62/><G67/><T131/><D131/><U119/><E119/><V116/><F116/><W125/><G125/><T48/><D16/><U121/><E121/><V35/><F35/><W73/><G19/><T111/><D111/><U60/><AGARI ba="0,2" hai="37,40,44,53,57,60,76,77,79,80,84,91,100,101" machi="60" ten="30,8000,1" yaku="1,1,5,1,0,1,52,1,53,1" doraHai="59" doraHaiUra="49" who="1" fromWho="1" sc="213,-20,200,100,250,-20,317,-40" /><INIT seed="4,0,0,5,2,16" ten="193,300,230,277" oya="0" hai0="30,90,117,89,44,40,57,135,121,80,64,109,134" hai1="60,103,85,69,82,88,101,2,56,118,28,83,78" hai2="36,110,62,33,43,112,86,34,11,133,42,132,6" hai3="123,14,116,102,131,41,13,119,99,128,67,53,63"/><T61/><D117/><U73/><E118/><V46/><F110/><W87/><G123/><T17/><D121/><U71/><E2/><V93/><F112/><W74/><G74/><T5/><D80/><U29/><E71/><V3/><F43/><W98/><G41/><T27/><D17/><U107/><E69/><V105/><F105/><W95/><G53/><T22/><D5/><U4/><E4/><V39/><F39/><W19/><G87/><T91/><REACH who="0" step="1"/><D109/><REACH who="0" ten="183,300,230,277" step="2"/><U81/><E83/><V65/><F133/><W125/><G116/><T66/><D66/><U75/><E75/><V18/><F18/><W10/><G119/><T70/><D70/><U35/><E81/><V120/><F132/><W72/><G72/><T106/><D106/><U84/><E107/><V55/><F120/><W1/><G19/><T31/><D31/><U113/><E73/><V37/><F65/><W92/><G67/><T111/><D111/><U127/><E28/><V108/><F108/><W24/><G95/><T76/><D76/><U26/><E78/><V47/><F93/><W9/><G92/><T114/><D114/><U115/><E82/><V52/><F6/><W8/><G128/><T15/><D15/><U104/><E115/><V58/><F3/><W45/><G14/><T126/><D126/><U68/><E113/><V96/><F37/><AGARI ba="0,1" hai="22,27,30,37,40,44,57,61,64,89,90,91,134,135" machi="37" ten="40,3900,0" yaku="1,1,52,1,53,0" doraHai="16" doraHaiUra="48" who="0" fromWho="2" sc="183,49,300,0,230,-39,277,0" /><INIT seed="4,1,0,3,3,57" ten="232,300,191,277" oya="0" hai0="43,14,90,32,69,34,37,77,76,82,50,75,28" hai1="55,22,79,108,5,107,115,72,54,111,35,51,85" hai2="9,3,41,132,10,99,65,135,20,112,113,59,131" hai3="21,118,42,126,67,123,24,44,119,52,15,25,98"/><T97/><D37/><U70/><E35/><V81/><F41/><W87/><G126/><T12/><D77/><U80/><E70/><V130/><F99/><W117/><G123/><T120/><D120/><U56/><E107/><V106/><F106/><W127/><G127/><T122/><D122/><U114/><E5/><V93/><F93/><W26/><G67/><T89/><D69/><U33/><E33/><V60/><F81/><W38/><G98/><T110/><D110/><U84/><E22/><V105/><F105/><W128/><G128/><N who="2" m="49193" /><F20/><W124/><G124/><T13/><D34/><U78/><E78/><V45/><F45/><W58/><G87/><N who="1" m="33354" /><E55/><V4/><F10/><W116/><G116/><T36/><D36/><U62/><E51/><V133/><AGARI ba="1,0" hai="3,4,9,59,60,65,112,113,132,133,135" m="49193" machi="133" ten="40,5200,0" yaku="20,1,19,1,52,1" doraHai="57" who="2" fromWho="2" sc="232,-27,300,-14,191,55,277,-14" /><INIT seed="5,0,0,5,0,24" ten="205,286,246,263" oya="1" hai0="43,13,67,81,31,129,106,16,15,111,133,100,119" hai1="78,10,130,9,114,11,74,7,3,37,5,58,84" hai2="97,63,101,105,134,89,53,38,80,70,115,12,90" hai3="123,87,124,65,103,50,86,36,135,112,88,57,46"/><U4/><E37/><V64/><F134/><W126/><G123/><T26/><D119/><U8/><E114/><V68/><F115/><W34/><G112/><T0/><D0/><U55/><E74/><V94/><F38/><W102/><G135/><T51/><D111/><U32/><E32/><V73/><F12/><W93/><G34/><T85/><D133/><U95/><E130/><V116/><F116/><W96/><G36/><T52/><D67/><U45/><E45/><V122/><F122/><W132/><G132/><T59/><D129/><U125/><E125/><N who="3" m="48234" /><G57/><T48/><D100/><N who="3" m="38441" /><G65/><T60/><D106/><U72/><E72/><V25/><F53/><AGARI ba="0,0" hai="46,50,53,86,87,88,93,96" m="38441,48234" machi="53" ten="30,2000,0" yaku="18,1,54,1" doraHai="24" who="3" fromWho="2" sc="205,0,286,0,246,-20,263,20" /><INIT seed="6,0,0,5,4,42" ten="205,286,226,283" oya="2" hai0="17,71,135,89,107,59,43,56,78,60,74,27,70" hai1="68,0,77,119,85,131,20,29,128,58,73,33,115" hai2="61,111,82,2,1,41,98,26,122,102,44,105,28" hai3="93,30,10,99,15,36,45,113,22,130,84,62,90"/><V125/><F122/><W3/><G130/><T126/><D107/><U97/><E68/><V81/><F125/><W67/><G113/><T80/><D126/><U57/><E0/><V86/><F111/><W16/><G36/><T94/><D135/><U75/><E33/><V91/><F81/><W104/><G45/><T38/><D59/><U55/><E58/><V65/><F61/><W120/><G120/><T34/><D34/><U100/><E119/><V92/><F65/><W95/><G104/><T35/><D35/><U52/><E55/><V64/><F64/><W24/><G3/><T63/><D63/><U13/><E115/><V23/><REACH who="2" step="1"/><F105/><REACH who="2" ten="205,286,216,283" step="2"/><W103/><G62/><T46/><D94/><U4/><E131/><V69/><F69/><W96/><G67/><T121/><D121/><U116/><E128/><V7/><F7/><W14/><G14/><T124/><D124/><U110/><E4/><V79/><F79/><W88/><G90/><T49/><D89/><U50/><E13/><V5/><F5/><W18/><G30/><T11/><D71/><U118/><E110/><V108/><F108/><W132/><G132/><T31/><D70/><U37/><E29/><V101/><F101/><W6/><G6/><T9/><D31/><U32/><E100/><V21/><F21/><W123/><G123/><T112/><D112/><U19/><E20/><V114/><F114/><W48/><G103/><T72/><D60/><U117/><E77/><V109/><F109/><W127/><G127/><T83/><D78/><U51/><E117/><V53/><F53/><W40/><G88/><RYUUKYOKU ba="0,1" sc="205,-10,286,-10,216,30,283,-10" hai2="1,2,23,26,28,41,44,82,86,91,92,98,102" /><INIT seed="6,1,1,2,2,52" ten="195,276,246,273" oya="2" hai0="35,5,2,61,18,29,63,47,104,85,111,40,43" hai1="58,94,44,33,39,118,17,32,20,121,16,49,21" hai2="66,74,90,56,123,75,125,68,7,30,102,55,37" hai3="132,38,112,101,25,67,69,107,97,87,95,120,4"/><V23/><F123/><W60/><G120/><T46/><D111/><U131/><E118/><V79/><F79/><W76/><G132/><T122/><D104/><U91/><E39/><V88/><F37/><W0/><G38/><T92/><D122/><U98/><E131/><V36/><F36/><W19/><G112/><T50/><D35/><U54/><E121/><V15/><F68/><W110/><G110/><T82/><D29/><U135/><E135/><V89/><F102/><W134/><G134/><T59/><D2/><U103/><E32/><V117/><F66/><W106/><G4/><T57/><D92/><N who="1" m="58823" /><E33/><V26/><F125/><W42/><G42/><N who="0" m="15915" /><D5/><U6/><E44/><N who="0" m="16937" /><D18/><N who="1" m="7275" /><E6/><V9/><REACH who="2" step="1"/><F117/><REACH who="2" ten="195,276,236,273" step="2"/><W116/><G116/><T127/><D127/><U130/><E130/><V1/><F1/><W70/><G0/><T22/><D22/><U72/><E72/><V105/><F105/><W27/><G106/><T64/><D64/><U109/><E109/><V86/><F86/><AGARI ba="1,2" hai="20,21,49,54,58,86,91,94" m="7275,58823" machi="86" ten="30,3900,0" yaku="8,1,52,1,54,1" doraHai="52" who="1" fromWho="2" sc="195,0,276,62,236,-42,273,0" /><INIT seed="7,0,0,4,5,82" ten="195,338,194,273" oya="3" hai0="6,94,121,103,35,83,134,91,73,46,59,44,5" hai1="57,48,7,112,61,109,120,52,36,10,4,54,30" hai2="119,9,56,63,108,40,22,104,111,0,49,60,68" hai3="34,18,33,77,23,12,132,58,65,67,28,87,39"/><W31/><G39/><T41/><D121/><U19/><E109/><N who="2" m="42059" /><F22/><W42/><G132/><T100/><D134/><U102/><E112/><V131/><F9/><W84/><G34/><T72/><D35/><U88/><E36/><V129/><F104/><W97/><G33/><T3/><D59/><N who="1" m="33159" /><E30/><N who="3" m="11306" /><G77/><T53/><D83/><U15/><E102/><N who="0" m="38953" /><D41/><U85/><E120/><V38/><F0/><W117/><G117/><T32/><D32/><U116/><E116/><V62/><F119/><W125/><G125/><T79/><D79/><U74/><E74/><V14/><F14/><W76/><G76/><T71/><D71/><U81/><AGARI ba="0,0" hai="4,7,10,15,19,54,57,61,81,85,88" m="33159" machi="81" ten="30,7900,0" yaku="8,1,52,1,54,2" doraHai="82" who="1" fromWho="1" sc="195,-20,338,79,194,-20,273,-39" owari="175,-22.0,417,52.0,174,-33.0,234,3.0" /></mjloggm>