<mjloggm ver="2.3"><GO type="97"/><UN n0="%E9%80%86%E3%82%B8%E3%83%96" n1="%EF%BC%88%E2%89%A7%E2%96%BD%E2%89%A6%EF%BC%89" n2="%4C%69%67%68%74%65%72" n3="%E3%81%9F%E3%81%84%E3%82%89%E3%81%9F%E3%81%84%E3%81%AF%E3%82%93" dan="14,14,13,13" rate="1898,2029,1814,1904" sx="M,M,M,M"/><TAIKYOKU oya="0"/><INIT seed="0,0,0,1,0,125" ten="250,250,250,250" oya="0" hai0="82,47,15,66,135,84,102,26,57,21,67,95,34" hai1="39,44,3,91,11,134,96,16,103,93,90,63,19" hai2="94,118,45,87,106,124,107,114,23,46,38,88,78" hai3="4,68,77,133,56,105,123,27,28,76,49,115,41"/><T17/><D34/><U54/><E134/><V43/><F114/><W72/><G105/><T132/><D47/><U55/><E39/><V60/><F124/><W113/><G133/><N who="0" m="51275" /><D57/><N who="1" m="35255" /><E3/><V130/><F118/><W30/><G68/><T71/><D71/><U117/><E117/><V127/><F127/><W89/><G123/><T109/><D109/><U120/><E120/><V79/><F45/><W116/><G116/><T121/><D121/><U52/><E55/><V40/><F40/><W101/><G101/><T128/><D128/><U29/><E29/><V2/><F130/><W100/><G100/><T97/><D15/><N who="1" m="7295" /><E19/><V0/><F106/><W112/><G72/><T8/><D8/><U81/><E81/><V13/><F107/><W22/><G4/><T119/><D119/><U98/><E98/><V62/><F0/><W25/><G89/><AGARI ba="0,0" hai="17,21,26,66,67,82,84,89,95,97,102" m="51275" machi="89" ten="30,1500,0" yaku="20,1" doraHai="125" who="0" fromWho="3" sc="250,15,250,0,250,0,250,-15" /><INIT seed="0,1,0,5,4,94" ten="265,250,250,235" oya="0" hai0="58,54,106,52,31,22,83,78,21,19,55,63,132" hai1="53,67,115,8,75,51,81,93,91,80,135,74,87" hai2="47,57,125,110,61,76,100,113,34,99,130,77,111" hai3="1,38,84,123,40,12,95,45,90,108,18,10,62"/><T13/><D106/><U121/><E135/><V24/><F113/><W27/><G108/><N who="2" m="41513" /><F130/><W126/><G126/><T118/><D118/><U116/><E116/><V15/><F125/><W44/><G123/><T42/><D132/><U4/><E121/><V33/><F15/><W26/><G45/><T72/><REACH who="0" step="1"/><D42/><REACH who="0" step="2"/><U56/><E115/><V71/><F71/><W43/><G43/><T128/><D128/><U35/><E75/><V69/><F69/><W11/><G62/><T101/><D101/><U120/><E120/><V6/><F61/><W98/><G1/><T124/><D124/><U25/><E74/><V122/><F100/><W133/><G133/><T49/><D49/><U50/><E50/><V30/><F122/><W39/><G39/><T88/><D88/><U104/><E104/><V60/><F60/><W36/><G36/><T5/><D5/><U102/><E102/><V112/><F6/><W14/><G84/><T0/><D0/><U89/><E89/><V131/><F131/><W37/><REACH who="3" step="1"/><G37/><REACH who="3" step="2"/><T73/><D73/><U103/><E87/><V16/><F112/><W109/><G109/><T29/><D29/><U119/><E119/><V20/><F30/><W127/><G127/><T82/><D82/><U7/><E81/><V107/><F107/><W32/><G32/><T23/><D23/><U117/><E80/><V41/><F34/><W2/><G2/><T85/><D85/><U97/><E117/><V134/><F33/><W96/><G96/><T70/><D70/><U129/><E97/><V17/><F99/><W3/><G3/><T59/><D59/><RYUUKYOKU ba="1,2" sc="255,15,250,-15,250,-15,225,15" hai0="13,19,21,22,31,52,54,55,58,63,72,78,83" hai3="10,11,12,14,18,26,27,38,40,44,90,95,98" /><INIT seed="0,2,2,4,1,89" ten="270,235,235,240" oya="0" hai0="93,77,9,34,10,37,74,104,16,57,58,100,87" hai1="65,83,124,45,46,25,95,117,52,66,22,0,53" hai2="43,115,32,29,6,1,85,112,12,54,98,94,26" hai3="20,72,88,35,36,96,91,103,33,68,119,99,55"/><T31/><D37/><U51/><E117/><V41/><F1/><W4/><G68/><T38/><D38/><U125/><E0/><V70/><F70/><W13/><G72/><T113/><D113/><U30/><E83/><V107/><F107/><W67/><G36/><T102/><D104/><U11/><E11/><V101/><F54/><W5/><G119/><T105/><D105/><U92/><E125/><V23/><F85/><W76/><G76/><T135/><D135/><U116/><E124/><V39/><F39/><W127/><G127/><T114/><D114/><U80/><E116/><V109/><F109/><W133/><G133/><T47/><D47/><U2/><E80/><V90/><F101/><W71/><G55/><T7/><D74/><U40/><E2/><V129/><F129/><W42/><G42/><T132/><D7/><U17/><E30/><V97/><F97/><W110/><G110/><T8/><D16/><U63/><E40/><V111/><F111/><W18/><G71/><T78/><D132/><U61/><E61/><V118/><F118/><W73/><G73/><T123/><D123/><U64/><E63/><V24/><F112/><W134/><G67/><T15/><D15/><U79/><E79/><N who="0" m="30217" /><D31/><U121/><E121/><V27/><F115/><W82/><G134/><T60/><D34/><N who="3" m="12809" /><G82/><T106/><D106/><U14/><E14/><V50/><F12/><W59/><G59/><N who="0" m="22539" /><D60/><U62/><E62/><V49/><F32/><W69/><G69/><T75/><D75/><U122/><E122/><V86/><F41/><W3/><G3/><T128/><D128/><RYUUKYOKU ba="2,2" sc="270,15,235,15,235,-15,240,-15" hai0="8,9,10,87,93,100,102" hai1="17,22,25,45,46,51,52,53,64,65,66,92,95" /><INIT seed="0,3,2,4,5,79" ten="285,250,220,225" oya="0" hai0="106,55,121,68,118,53,26,109,14,33,32,12,133" hai1="49,43,7,52,22,128,42,45,96,38,58,93,17" hai2="129,2,124,103,66,40,34,77,74,56,130,16,100" hai3="110,82,104,60,28,84,78,44,119,80,94,85,88"/><T122/><D118/><U90/><E128/><N who="2" m="49259" /><F34/><W71/><G119/><T117/><D117/><U59/><E7/><V134/><F2/><W123/><G28/><T98/><D68/><U132/><E132/><V30/><F30/><W65/><G123/><T99/><D133/><U64/><E38/><V115/><F115/><W116/><G116/><T8/><D8/><U113/><E113/><V72/><F134/><W9/><G104/><T105/><D26/><N who="1" m="14671" /><E64/><V1/><F1/><W101/><G110/><AGARI ba="3,2" hai="12,14,32,33,53,55,98,99,105,106,109,110,121,122" machi="110" ten="25,2400,0" yaku="22,2" doraHai="79" who="0" fromWho="3" sc="285,53,250,0,220,0,225,-33" /><INIT seed="0,4,0,5,1,26" ten="338,250,220,192" oya="0" hai0="82,92,48,76,35,90,108,8,100,52,37,42,103" hai1="79,113,51,124,109,55,98,20,85,78,106,132,101" hai2="5,46,74,96,17,30,133,130,0,19,120,88,94" hai3="31,63,104,32,119,114,11,73,69,65,7,53,10"/><T102/><D35/><U3/><E132/><V16/><F120/><W89/><G119/><T56/><D108/><U99/><E109/><V91/><F74/><W84/><G114/><T39/><D42/><U116/><E116/><V27/><F133/><W50/><G73/><T128/><D128/><U135/><E135/><V122/><F122/><W59/><G104/><T22/><D8/><U134/><E134/><V13/><F130/><W112/><G112/><T18/><D82/><U36/><E36/><V105/><F105/><W24/><REACH who="3" step="1"/><G7/><REACH who="3" step="2"/><T67/><D39/><U121/><E106/><V25/><F5/><W47/><G47/><T54/><D37/><U49/><E113/><V12/><F46/><W28/><G28/><T61/><D76/><U81/><E78/><V62/><F30/><W107/><G107/><T15/><D48/><U97/><E49/><V60/><F62/><W118/><G118/><T83/><D61/><U66/><E51/><V115/><F60/><W75/><G75/><T21/><D102/><U93/><E101/><N who="2" m="60567" /><F115/><W87/><G87/><T43/><D103/><U33/><E85/><V29/><F29/><W111/><G111/><T58/><D100/><U4/><E121/><V80/><F91/><W6/><G6/><T2/><D90/><U71/><E4/><V131/><F88/><W72/><G72/><T129/><D129/><U9/><E79/><V23/><F131/><W77/><G77/><T45/><D45/><U68/><E81/><AGARI ba="4,1" hai="10,11,24,31,32,50,53,59,63,65,69,81,84,89" machi="81" ten="30,3900,0" yaku="1,1,7,1,52,1,53,0" doraHai="26" doraHaiUra="117" who="3" fromWho="1" sc="338,0,250,-51,220,0,182,61" /><INIT seed="1,0,0,2,4,101" ten="338,199,220,243" oya="1" hai0="63,67,121,62,40,113,85,91,135,83,51,17,93" hai1="92,42,58,96,114,10,68,55,112,129,27,88,75" hai2="72,24,95,11,126,104,33,105,90,1,86,2,54" hai3="35,107,56,59,122,57,29,108,48,21,70,81,0"/><U89/><E129/><V6/><F72/><W79/><G0/><T117/><D113/><U98/><E68/><V23/><F2/><W66/><G122/><T16/><D117/><U77/><E42/><V30/><F126/><W74/><G108/><T115/><D115/><U116/><E116/><V76/><F76/><W34/><G48/><T28/><D121/><U130/><E130/><V25/><REACH who="2" step="1"/><F54/><REACH who="2" step="2"/><W134/><G134/><T8/><D135/><U109/><E109/><V53/><F53/><W84/><G66/><T111/><D67/><U87/><E77/><V132/><F132/><W14/><G74/><T133/><D133/><U20/><E75/><V127/><F127/><W50/><G70/><T5/><D111/><U39/><E39/><V43/><F43/><W12/><G50/><T32/><D40/><U18/><E10/><V128/><F128/><W61/><G61/><T41/><D51/><U110/><E110/><V78/><F78/><W100/><G35/><T106/><D62/><N who="1" m="36191" /><E98/><V99/><F99/><W64/><G64/><T131/><D63/><U38/><E38/><V15/><F15/><W124/><G124/><T37/><D41/><U13/><E13/><V7/><F7/><W49/><G49/><T26/><D5/><U73/><E73/><V19/><AGARI ba="0,1" hai="1,6,11,19,23,24,25,30,33,86,90,95,104,105" machi="19" ten="20,8000,1" yaku="1,1,0,1,7,1,52,2,53,0" doraHai="101" doraHaiUra="9" who="2" fromWho="2" sc="338,-20,199,-40,210,90,243,-20" /><INIT seed="2,0,0,4,5,71" ten="318,159,300,223" oya="2" hai0="83,111,19,66,39,50,119,15,131,63,88,72,103" hai1="108,26,56,77,33,75,35,79,89,94,43,57,44" hai2="31,62,3,122,51,112,23,1,70,106,87,100,95" hai3="64,59,93,18,30,17,46,80,20,61,132,127,36"/><V128/><F112/><W109/><G127/><T47/><D39/><U40/><E108/><V90/><F122/><W107/><G132/><T69/><D111/><U97/><E75/><V73/><F73/><W91/><G109/><T41/><D131/><U68/><E68/><V11/><F128/><W104/><G30/><T96/><D119/><U7/><E7/><V58/><F11/><W37/><G80/><T84/><D72/><U125/><E125/><V105/><F51/><W16/><G46/><T42/><D42/><U129/><E129/><V101/><F70/><W81/><G81/><T86/><D86/><U120/><E120/><V124/><F124/><W27/><G107/><T130/><D130/><U14/><E14/><V5/><F5/><W85/><G104/><T6/><D6/><U115/><E115/><V25/><F106/><W49/><G27/><T133/><D133/><U102/><E102/><V123/><F123/><W114/><G114/><T22/><D103/><U126/><E126/><V4/><F4/><W29/><G29/><T117/><D96/><U54/><E43/><V53/><REACH who="2" step="1"/><F101/><REACH who="2" step="2"/><W45/><REACH who="3" step="1"/><G20/><REACH who="3" step="2"/><T28/><D22/><U52/><E35/><V32/><F32/><W99/><G99/><AGARI ba="0,2" hai="1,3,23,25,31,53,58,62,87,90,95,99,100,105" machi="99" ten="40,2000,0" yaku="1,1,53,0" doraHai="71" doraHaiUra="74" who="2" fromWho="3" sc="318,0,159,0,290,40,213,-20" /><INIT seed="2,1,0,4,1,89" ten="318,159,330,193" oya="2" hai0="84,126,19,61,74,106,56,11,118,109,85,44,14" hai1="58,94,32,95,100,75,79,124,122,8,7,41,81" hai2="110,99,73,4,24,18,88,52,132,59,127,50,78" hai3="103,121,36,83,46,27,26,82,25,35,45,53,135"/><V34/><F127/><W49/><G135/><T96/><D74/><U71/><E71/><V0/><F132/><W72/><G121/><T48/><D126/><U2/><E124/><V102/><F110/><W123/><G123/><T15/><D109/><U12/><E122/><V114/><F114/><W90/><G35/><T86/><D118/><U47/><E32/><V6/><F73/><W107/><G36/><T77/><D106/><U67/><E100/><V111/><F111/><W120/><G120/><T97/><D77/><U33/><E33/><V116/><F78/><W80/><G72/><T87/><D15/><U91/><E12/><V21/><F116/><W70/><G70/><T134/><D134/><U128/><E128/><V125/><F125/><W112/><G112/><T28/><D28/><U66/><E58/><V117/><F117/><W17/><G107/><T42/><N who="0" m="22016" /><DORA hai="63" /><T40/><REACH who="0" step="1"/><D40/><REACH who="0" step="2"/><U3/><E3/><V98/><F0/><W5/><G5/><T23/><D23/><U30/><E30/><V22/><F21/><W37/><G17/><T105/><D105/><U10/><E10/><V92/><F34/><W93/><G37/><T60/><D60/><U69/><E91/><V51/><F50/><W38/><G38/><T68/><D68/><U13/><E69/><V9/><F9/><W76/><G76/><T64/><AGARI ba="1,1" hai="11,14,19,42,44,48,56,61,64,96,97" m="22016" machi="64" ten="40,8000,1" yaku="1,1,0,1,8,1,52,1,53,0" doraHai="89,63" doraHaiUra="104,115" who="0" fromWho="0" sc="308,93,159,-21,330,-41,193,-21" /><INIT seed="3,0,0,0,3,108" ten="401,138,289,172" oya="3" hai0="87,85,79,109,115,102,26,101,110,13,73,33,45" hai1="54,67,94,2,46,74,129,89,9,5,81,0,91" hai2="32,27,6,88,95,22,48,133,122,61,119,40,21" hai3="72,29,82,80,53,120,23,25,7,19,112,107,3"/><W44/><G120/><T64/><D115/><U77/><E129/><V69/><F119/><W78/><G107/><T103/><D64/><U118/><E118/><V75/><F75/><W121/><G121/><T31/><D13/><U134/><E134/><V104/><F104/><W4/><G112/><T71/><D71/><U59/><E0/><V93/><F122/><W30/><G3/><T65/><D65/><U39/><E67/><V18/><F69/><W11/><G82/><N who="0" m="45423" /><D45/><U113/><E113/><V34/><F61/><W63/><G4/><T8/><D8/><U99/><E91/><V47/><F6/><W100/><G100/><T55/><D55/><U117/><E117/><V56/><F56/><W43/><G7/><T123/><D123/><U50/><REACH who="1" step="1"/><E46/><REACH who="1" step="2"/><V51/><F47/><W135/><G135/><T127/><D110/><U52/><E52/><V28/><F133/><W42/><G42/><T97/><D109/><U125/><E125/><V58/><F40/><W10/><G53/><T70/><D127/><U60/><E60/><V24/><F88/><W20/><G63/><T16/><D103/><U57/><E57/><V37/><F58/><W62/><G62/><T84/><D102/><U96/><E96/><V105/><F37/><W41/><G41/><T86/><D70/><U66/><E66/><V68/><F68/><W1/><G1/><T49/><D97/><U15/><E15/><V116/><F116/><W128/><G128/><T17/><D101/><U111/><E111/><V35/><F105/><W132/><G132/><T126/><D126/><U90/><E90/><RYUUKYOKU ba="0,1" sc="401,-15,128,15,289,15,172,-15" hai1="2,5,9,39,50,54,59,74,77,81,89,94,99" hai2="18,21,22,24,27,28,32,34,35,48,51,93,95" owari="396,50.0,143,-36.0,304,10.0,157,-24.0" /></mjloggm>