<mjloggm ver="2.3"><GO type="41"/><UN n0="%E3%82%A2%E3%83%BC%E3%83%8D%E3%82%B9" n1="%EF%BC%88%E2%89%A7%E2%96%BD%E2%89%A6%EF%BC%89" n2="%E3%82%86%E3%81%B5%E3%81%89%EF%BD%9E%E3%82%8C" n3="%E3%81%A6%E3%81%83%E3%83%BC%E3%81%A1" dan="13,13,13,15" rate="1917,2051,1963,1922" sx="M,M,M,M"/><TAIKYOKU oya="0"/><INIT seed="0,0,0,5,3,102" ten="250,250,250,250" oya="0" hai0="131,49,109,98,4,120,63,92,84,104,80,36,75" hai1="87,41,114,11,10,58,106,19,38,18,116,31,89" hai2="0,61,44,3,26,43,35,54,81,5,107,123,111" hai3="24,40,94,74,118,62,46,73,64,99,6,12,22"/><T32/><D120/><U66/><E116/><V13/><F107/><W76/><G118/><T17/><D36/><U79/><E114/><V115/><F111/><W121/><G121/><T57/><D32/><U7/><E31/><V122/><F115/><W88/><G76/><T52/><D109/><U93/><E79/><V60/><F81/><W67/><G64/><T105/><D131/><U15/><E106/><V100/><F100/><W129/><G129/><T45/><D75/><U130/><E130/><V21/><F35/><W53/><G53/><T9/><D92/><U82/><E38/><V29/><F60/><W28/><G12/><T117/><D98/><U124/><E124/><V47/><F47/><W70/><REACH who="3" step="1"/><G6/><REACH who="3" step="2"/><T110/><D117/><U83/><E66/><V135/><F13/><W132/><G132/><T39/><D110/><U119/><E119/><V20/><F135/><W96/><G96/><T14/><D4/><U59/><E41/><V103/><F122/><W126/><G126/><T72/><D72/><U37/><E7/><V42/><F3/><W8/><G8/><T34/><D34/><U133/><E133/><V68/><F0/><W48/><AGARI ba="0,1" hai="22,24,28,40,46,48,62,67,70,73,74,88,94,99" machi="48" ten="20,5200,0" yaku="1,1,0,1,7,1,54,1,53,0" doraHai="102" doraHaiUra="101" who="3" fromWho="3" sc="250,-26,250,-13,250,-13,240,62" /><INIT seed="1,0,0,5,3,107" ten="224,237,237,302" oya="1" hai0="120,44,53,79,45,52,87,114,131,61,83,35,34" hai1="93,122,85,68,67,116,100,103,51,42,18,106,98" hai2="76,124,86,25,43,134,80,97,135,16,132,3,74" hai3="101,113,99,0,84,118,89,77,94,6,54,10,36"/><U62/><E122/><V5/><F43/><W59/><G113/><T56/><D120/><U46/><E116/><V126/><F3/><W108/><G108/><T102/><D114/><U117/><E117/><V11/><F97/><W24/><G118/><T21/><D102/><U23/><E85/><V14/><F86/><W105/><G36/><T66/><D131/><U125/><E125/><N who="2" m="48235" /><F25/><W69/><G69/><T133/><D133/><U7/><E7/><AGARI ba="0,0" hai="5,7,11,14,16,74,76,80,132,134,135" m="48235" machi="7" ten="40,8000,1" yaku="20,1,18,1,52,1,54,1" doraHai="107" who="2" fromWho="1" sc="224,0,237,-80,237,80,302,0" /><INIT seed="2,0,0,5,4,23" ten="224,157,317,302" oya="2" hai0="84,1,66,22,69,55,79,50,91,17,130,32,107" hai1="115,120,41,97,9,124,117,77,121,133,104,4,126" hai2="125,53,2,13,135,12,42,100,3,62,103,38,28" hai3="58,65,119,64,29,85,44,51,129,128,116,122,67"/><V96/><F125/><N who="1" m="48233" /><E41/><V92/><F135/><W43/><G85/><T54/><D107/><U45/><E45/><V49/><F38/><N who="3" m="21623" /><G29/><T39/><D39/><U61/><E61/><V68/><F100/><W20/><G20/><T18/><D1/><N who="1" m="143" /><E77/><V109/><F42/><W59/><G122/><N who="1" m="47210" /><E97/><V73/><F73/><W93/><G93/><T112/><D79/><U11/><E104/><V101/><F101/><W8/><G8/><T132/><D132/><U36/><E36/><V74/><F74/><W15/><G15/><T26/><D84/><U99/><E99/><V95/><F95/><W75/><G75/><T24/><D91/><U33/><E133/><V6/><F2/><W134/><G134/><T83/><D83/><U72/><E72/><V56/><F3/><W110/><G110/><T131/><D66/><U57/><E57/><N who="3" m="21514" /><G51/><T25/><D50/><U7/><E117/><AGARI ba="0,0" hai="64,65,67,116,117,119,128,129" m="21514,21623" machi="117" ten="40,2600,0" yaku="34,2" doraHai="23" who="3" fromWho="1" sc="224,0,157,-26,317,0,302,26" /><INIT seed="3,0,0,0,4,117" ten="224,131,317,328" oya="3" hai0="128,13,75,114,51,84,99,73,22,106,9,81,76" hai1="53,79,97,20,42,121,3,100,115,24,92,44,83" hai2="18,111,46,107,116,105,82,123,69,126,70,50,122" hai3="26,103,54,8,4,98,17,30,39,28,127,61,52"/><W56/><G127/><T66/><D114/><U5/><E115/><V16/><F116/><W74/><G74/><T130/><D66/><U55/><E121/><N who="2" m="46091" /><F82/><W65/><G39/><T90/><D22/><U119/><E119/><V57/><F57/><W32/><G17/><N who="2" m="6761" /><F111/><W102/><G30/><T113/><D113/><U14/><E3/><V80/><F80/><W104/><REACH who="3" step="1"/><G103/><REACH who="3" step="2"/><N who="0" m="62847" /><D9/><U43/><E5/><V131/><F126/><W134/><G134/><T49/><D13/><AGARI ba="0,1" hai="4,8,13,26,28,32,52,54,56,61,65,98,102,104" machi="13" ten="30,11600,0" yaku="1,1,7,1,54,1,53,1" doraHai="117" doraHaiUra="21" who="3" fromWho="0" sc="224,-116,131,0,317,0,318,126" /><INIT seed="3,1,0,1,2,8" ten="108,131,317,444" oya="3" hai0="79,61,122,58,26,16,32,86,2,116,71,72,21" hai1="11,52,99,77,112,15,3,106,31,126,66,44,118" hai2="120,55,85,73,113,45,107,76,40,17,47,121,12" hai3="63,43,83,60,114,69,62,89,130,14,108,133,98"/><W42/><G114/><T135/><D122/><N who="2" m="47210" /><F107/><W75/><G130/><T119/><D116/><U92/><E112/><V65/><F65/><W50/><G69/><T110/><D119/><U132/><E118/><V36/><F113/><W123/><G123/><T7/><D110/><U101/><E132/><V115/><F115/><W109/><G133/><T103/><D103/><U117/><E117/><V64/><F64/><W25/><G25/><T23/><D72/><U134/><E134/><V102/><F102/><W94/><G50/><T4/><D135/><U48/><E126/><V105/><F105/><W80/><G75/><T84/><D71/><U10/><E66/><V128/><F128/><W91/><G43/><T18/><D32/><U90/><E31/><V95/><F45/><W78/><G42/><T28/><D28/><U59/><E77/><V35/><F55/><W22/><G89/><T97/><D97/><U129/><E129/><V33/><F73/><W93/><G94/><T6/><D2/><U53/><E3/><V127/><F127/><W70/><G78/><T1/><D1/><U96/><REACH who="1" step="1"/><E15/><REACH who="1" step="2"/><V74/><F76/><W57/><G14/><N who="0" m="9367" /><D79/><U20/><E20/><N who="2" m="11303" /><F74/><W82/><G108/><T39/><D39/><U124/><E124/><V49/><F36/><W30/><G109/><T9/><D9/><U131/><E131/><V88/><AGARI ba="1,1" hai="33,35,40,47,49,85,88,95" m="11303,47210" machi="88" ten="30,4000,0" yaku="13,1,52,1,54,1" doraHai="8" who="2" fromWho="2" sc="108,-11,121,-11,317,53,444,-21" /><INIT seed="4,0,0,5,3,54" ten="97,110,370,423" oya="0" hai0="84,111,26,86,80,0,52,133,132,102,63,24,15" hai1="55,71,60,29,65,116,18,64,88,109,23,4,28" hai2="127,67,32,114,81,1,3,126,50,49,53,95,14" hai3="115,33,131,123,106,56,100,51,73,62,45,48,129"/><T91/><D0/><U96/><E116/><V89/><F32/><W98/><G73/><T125/><D111/><U22/><E109/><V36/><F36/><W11/><G33/><T2/><D2/><U85/><E4/><V103/><F67/><N who="1" m="25673" /><E71/><V74/><F50/><W134/><G11/><T83/><D102/><U5/><E5/><V44/><F114/><W20/><G115/><T35/><D125/><N who="2" m="47626" /><F14/><W76/><G76/><T107/><D107/><U41/><E41/><V112/><F112/><W58/><G62/><T19/><D35/><U90/><E96/><V37/><F37/><W31/><G134/><N who="0" m="51819" /><D86/><U13/><E23/><V128/><F128/><N who="3" m="49227" /><G123/><T38/><D38/><U42/><E42/><V79/><F103/><W92/><G106/><T75/><D83/><N who="1" m="49215" /><E90/><V118/><F118/><W7/><G7/><T99/><D99/><AGARI ba="0,0" hai="1,3,44,49,53,74,79,81,89,95,99" m="47626" machi="99" ten="30,1000,0" yaku="18,1" doraHai="54" who="2" fromWho="0" sc="97,-10,110,0,370,10,423,0" /><INIT seed="5,0,0,4,0,50" ten="87,110,380,423" oya="1" hai0="59,48,92,94,43,15,71,12,25,123,47,97,74" hai1="86,40,26,87,42,117,127,23,37,84,53,24,4" hai2="85,46,57,80,67,100,72,32,38,131,16,29,134" hai3="41,58,114,102,126,113,17,49,78,91,70,2,27"/><U115/><E117/><V11/><F72/><W133/><G70/><T77/><D123/><U135/><E135/><V66/><F131/><W132/><G2/><T99/><D71/><U103/><E127/><V61/><F100/><W14/><G78/><T20/><D74/><U31/><E115/><N who="3" m="44042" /><G102/><T104/><D77/><U79/><E103/><V9/><F134/><N who="3" m="51819" /><G27/><T52/><D104/><U129/><E26/><V62/><F29/><W54/><G91/><N who="0" m="55455" /><D94/><U121/><E79/><V28/><F28/><W45/><G126/><T56/><D99/><U96/><E96/><V19/><F32/><W51/><G14/><N who="0" m="5163" /><D43/><U83/><E42/><V63/><F38/><N who="3" m="21687" /><G17/><AGARI ba="0,0" hai="17,20,25,47,48,52,56,59" m="5163,55455" machi="17" ten="30,3900,0" yaku="8,1,52,1,54,1" doraHai="50" who="0" fromWho="3" sc="87,39,110,0,380,0,423,-39" /><INIT seed="6,0,0,3,3,0" ten="126,110,380,384" oya="2" hai0="54,79,132,14,15,40,22,93,4,7,32,77,59" hai1="114,70,21,124,55,125,11,80,92,49,35,112,17" hai2="83,10,27,121,108,130,3,2,26,69,37,74,20" hai3="82,53,63,34,36,47,86,31,133,126,88,102,84"/><V115/><F69/><W62/><G126/><N who="1" m="48746" /><E35/><V94/><F37/><W50/><G133/><T29/><D32/><U91/><E70/><V104/><F104/><W58/><G102/><T123/><D123/><U48/><E80/><V43/><F121/><W110/><G110/><T12/><D40/><U135/><E11/><V67/><F67/><W25/><G36/><T24/><D132/><U107/><E107/><V90/><F108/><W118/><G118/><T117/><D117/><U127/><N who="1" m="48754" /><U9/><DORA hai="23" /><E9/><V101/><F43/><W106/><G106/><T116/><D93/><U56/><E135/><V64/><F64/><W8/><G47/><T41/><D41/><U105/><E105/><V103/><F130/><W52/><G53/><T39/><D39/><U128/><E49/><V98/><F115/><N who="1" m="44073" /><E128/><V97/><F10/><W129/><G129/><T30/><D30/><U100/><E100/><V76/><F3/><W134/><G134/><T131/><D131/><U71/><E71/><V68/><F68/><W65/><G65/><T6/><D116/><U60/><E60/><AGARI ba="0,0" hai="4,6,7,12,14,15,22,24,29,54,59,60,77,79" machi="60" ten="40,8000,1" yaku="8,1,52,4" doraHai="0,23" who="0" fromWho="1" sc="126,80,110,-80,380,0,384,0" /><INIT seed="7,0,0,1,2,124" ten="206,30,380,384" oya="3" hai0="41,30,79,56,96,73,100,99,81,92,69,86,95" hai1="130,109,71,98,58,94,132,116,9,104,78,16,8" hai2="66,10,131,25,44,15,22,12,97,52,76,54,83" hai3="82,113,45,105,108,36,114,19,42,23,1,11,47"/><W62/><G108/><T64/><D69/><U34/><E71/><V13/><F131/><W91/><G105/><T119/><D119/><U21/><E116/><V126/><F126/><W106/><G106/><T93/><D41/><U85/><E109/><V27/><F66/><W37/><G62/><T110/><D110/><U59/><E132/><V40/><F97/><W67/><G67/><T134/><D30/><U123/><E123/><V101/><F101/><W77/><G91/><N who="0" m="53367" /><D56/><U48/><E34/><V24/><F22/><W51/><G11/><T129/><D64/><U107/><E107/><V103/><F103/><W7/><G7/><T127/><D127/><U4/><E104/><V38/><REACH who="2" step="1"/><F10/><REACH who="2" step="2"/><W90/><G23/><T35/><D35/><U70/><E70/><V87/><AGARI ba="0,1" hai="12,13,15,24,25,27,38,40,44,52,54,76,83,87" machi="87" ten="30,7900,0" yaku="1,1,2,1,0,1,54,1,53,0" doraHai="124" doraHaiUra="115" who="2" fromWho="2" sc="206,-20,30,-20,370,89,384,-39" owari="186,-21,10,-49,459,55,345,15" /></mjloggm>