<mjloggm ver="2.3"><GO type="41"/><UN n0="%E3%82%A6%E3%83%AB%E3%83%88%E3%83%A9%E7%AB%8B%E7%9B%B4" n1="%75%2D%63" n2="%4B%2D%59%41%53" n3="%61%6C%6D%65%69%64%61" dan="15,14,16,15" rate="2014,1854,2042,2028" sx="M,M,M,M"/><TAIKYOKU oya="0"/><INIT seed="0,0,0,2,2,80" ten="250,250,250,250" oya="0" hai0="96,1,35,83,128,125,87,8,5,61,82,73,18" hai1="104,42,130,46,6,40,110,117,97,54,9,109,119" hai2="44,86,76,107,77,126,98,25,90,118,47,50,120" hai3="102,101,84,0,51,27,7,53,112,122,95,36,129"/><T3/><D35/><U31/><E31/><V2/><F120/><W24/><G36/><T41/><D125/><U116/><E130/><V121/><F121/><W43/><G122/><T75/><D128/><U123/><E123/><V65/><F2/><W93/><G43/><T70/><D3/><U72/><E72/><V23/><F126/><W39/><G39/><T68/><D41/><U135/><E135/><V13/><F118/><W127/><G127/><T58/><D75/><U108/><E104/><V100/><F13/><W131/><G112/><T67/><D96/><U12/><E97/><V124/><F65/><W4/><G0/><T85/><D73/><U115/><E115/><V64/><F64/><W66/><G66/><T22/><D82/><U34/><E34/><V48/><F48/><AGARI ba="0,0" hai="6,9,12,40,42,46,48,54,108,109,110,116,117,119" machi="48" ten="50,1600,0" yaku="14,1" doraHai="80" who="1" fromWho="2" sc="250,0,250,16,250,-16,250,0" /><INIT seed="1,0,0,5,1,60" ten="250,266,234,250" oya="1" hai0="90,61,86,126,88,67,120,73,49,83,135,5,94" hai1="40,96,68,125,121,54,91,70,37,76,84,118,66" hai2="77,35,114,44,62,12,129,102,108,50,8,23,3" hai3="10,32,112,22,45,72,15,130,123,63,36,105,31"/><U81/><E121/><V2/><F35/><W19/><G72/><T93/><D126/><U104/><E125/><V9/><F108/><W131/><G105/><T106/><D106/><U38/><E118/><V20/><F129/><W59/><G123/><T82/><D135/><U103/><E54/><V33/><F33/><W53/><G32/><T107/><D107/><U109/><E109/><V95/><F114/><W115/><G36/><T100/><D100/><U4/><E4/><V124/><F124/><W113/><G45/><T74/><D120/><U99/><E40/><V85/><F9/><W64/><G53/><T26/><D74/><U134/><E134/><V58/><F3/><W29/><REACH who="3" step="1"/><G10/><REACH who="3" ten="250,266,234,240" step="2"/><T132/><D73/><U17/><E38/><V52/><F8/><W34/><G34/><T87/><D132/><U24/><E37/><V28/><F44/><W80/><G80/><T11/><D49/><U7/><E104/><V119/><F50/><W97/><G97/><T56/><D26/><U110/><E110/><V128/><F128/><AGARI ba="0,1" hai="15,19,22,29,31,59,63,64,112,113,115,128,130,131" machi="128" ten="50,6400,0" yaku="1,1,19,1,52,1,53,0" doraHai="60" doraHaiUra="30" who="3" fromWho="2" sc="250,0,266,0,234,-64,240,74" /><INIT seed="2,0,0,1,1,9" ten="250,266,170,314" oya="2" hai0="56,50,2,88,109,15,114,70,89,36,33,132,46" hai1="129,5,25,52,41,35,38,64,94,19,135,60,125" hai2="127,82,120,95,128,118,104,20,66,72,90,122,106" hai3="63,53,30,58,110,123,14,124,1,49,42,21,26"/><V59/><F118/><W115/><G1/><T99/><D2/><U111/><E111/><V67/><F128/><W113/><G123/><T28/><D70/><U97/><E125/><V61/><F127/><W83/><G124/><T133/><D114/><N who="3" m="43529" /><G83/><T76/><D28/><U47/><E135/><N who="0" m="51785" /><D33/><U17/><E129/><V80/><F67/><W131/><G131/><T23/><D76/><U10/><E35/><V16/><F104/><W92/><G92/><T68/><D68/><U3/><E25/><V65/><F106/><W54/><G42/><T102/><D56/><U116/><E116/><V79/><F82/><W29/><G110/><T121/><D36/><U55/><E19/><V91/><F66/><W85/><G85/><T112/><D112/><U51/><E17/><V103/><F103/><W34/><G14/><T57/><D57/><U69/><REACH who="1" step="1"/><E38/><REACH who="1" ten="250,256,170,314" step="2"/><V100/><F100/><AGARI ba="0,1" hai="3,5,10,41,47,51,52,55,60,64,69,94,97,100" machi="100" ten="30,7700,0" yaku="1,1,2,1,7,1,54,1,53,0" doraHai="9" doraHaiUra="107" who="1" fromWho="2" sc="250,0,256,87,170,-77,314,0" /><INIT seed="3,0,0,3,2,57" ten="250,343,93,314" oya="3" hai0="43,121,17,77,40,49,6,88,83,129,39,31,12" hai1="90,103,47,99,65,2,3,60,108,5,79,22,126" hai2="25,46,19,112,23,24,52,14,11,95,89,55,107" hai3="34,115,120,117,51,96,56,33,123,92,133,82,130"/><W64/><G117/><T87/><D121/><U28/><E126/><V135/><F112/><W101/><G115/><T134/><D39/><U41/><E79/><V48/><F107/><W91/><G123/><T100/><D134/><U4/><E90/><V30/><F135/><W98/><G133/><T97/><D129/><U110/><E4/><V132/><F132/><W0/><G0/><T62/><D31/><U118/><E118/><V58/><F25/><W102/><G130/><T18/><D6/><U128/><E128/><V116/><F116/><W119/><G119/><T122/><D122/><U80/><E80/><V9/><F9/><W84/><G120/><T94/><D49/><N who="1" m="26863" /><E5/><V38/><F38/><W75/><G75/><T10/><D18/><U36/><E36/><V35/><F35/><W45/><G64/><T27/><D27/><U114/><E114/><V76/><F76/><W20/><G56/><T105/><REACH who="0" step="1"/><D62/><REACH who="0" ten="240,343,93,314" step="2"/><U66/><E60/><V54/><REACH who="2" step="1"/><F46/><REACH who="2" ten="240,343,83,314" step="2"/><W127/><G127/><T59/><D59/><U42/><E3/><V71/><F71/><W37/><G37/><T67/><D67/><U13/><E2/><V93/><F93/><W61/><G61/><T72/><AGARI ba="0,2" hai="10,12,17,40,43,72,77,83,87,88,94,97,100,105" machi="72" ten="20,12000,2" yaku="1,1,0,1,7,1,24,2,54,1,53,1" doraHai="57" doraHaiUra="85" who="0" fromWho="0" sc="240,140,343,-30,83,-30,314,-60" /><INIT seed="4,0,0,0,2,119" ten="380,313,53,254" oya="0" hai0="3,24,68,88,97,51,113,85,65,57,19,135,127" hai1="36,53,82,123,90,10,67,118,84,6,37,16,43" hai2="29,42,77,102,33,61,109,76,49,132,105,0,48" hai3="129,115,32,59,74,71,78,20,95,21,96,12,45"/><T106/><D3/><U130/><E118/><V58/><F109/><W116/><G71/><T13/><D113/><U50/><E130/><V99/><F0/><W93/><G32/><T9/><D127/><U18/><E67/><V125/><F125/><W100/><G116/><T101/><D135/><U30/><E30/><V72/><F132/><W54/><G129/><T14/><D68/><U64/><E64/><V60/><F72/><W5/><G45/><T81/><D24/><U122/><E37/><V86/><F61/><W79/><G115/><T46/><D65/><U55/><E36/><V8/><F42/><W104/><G104/><T134/><D57/><U114/><E114/><V80/><F76/><N who="3" m="29227" /><G93/><T92/><D134/><U63/><E43/><V124/><F124/><W110/><G110/><T133/><D133/><U52/><E63/><V89/><F8/><N who="3" m="4111" /><G74/><T34/><D34/><U44/><E44/><V111/><F111/><W103/><G103/><T17/><D14/><U22/><E50/><AGARI ba="0,0" hai="20,21,50,54,59,95,96,100" m="4111,29227" machi="50" ten="30,1000,0" yaku="8,1" doraHai="119" who="3" fromWho="1" sc="380,0,313,-10,53,0,254,10" /><INIT seed="5,0,0,2,4,0" ten="380,303,53,264" oya="1" hai0="88,55,43,121,41,129,116,51,94,87,110,66,104" hai1="49,31,111,27,15,62,47,52,71,25,119,135,10" hai2="107,126,82,128,60,33,36,12,102,86,108,9,18" hai3="130,83,56,61,32,16,35,98,125,127,38,24,19"/><U65/><E119/><V29/><F108/><W132/><G38/><T70/><D104/><U67/><E111/><V92/><F107/><W14/><G83/><T75/><D75/><U105/><E135/><V113/><F128/><W77/><G77/><T80/><D129/><U133/><E105/><V57/><F36/><W68/><G68/><T115/><D115/><U40/><E133/><V72/><F126/><N who="3" m="48139" /><G130/><T73/><D116/><U48/><E31/><V118/><F118/><W76/><G76/><T117/><D73/><U78/><E78/><V34/><F113/><W50/><G50/><T1/><D1/><U131/><E67/><V13/><F72/><W93/><G132/><T3/><D3/><U20/><E20/><V120/><F120/><W103/><G24/><T99/><D121/><U96/><E131/><V39/><F92/><W22/><G19/><T106/><D106/><U90/><E90/><V63/><F102/><W21/><G21/><T114/><D114/><U97/><E27/><V122/><F39/><W17/><G17/><T74/><D74/><U28/><E25/><V30/><F122/><W134/><G134/><T123/><D70/><U79/><E79/><V124/><F124/><W89/><G103/><T6/><D123/><U84/><E28/><N who="2" m="10859" /><F63/><W101/><G101/><T26/><D117/><U23/><E71/><V81/><F81/><W91/><G91/><T54/><D110/><U100/><E100/><V37/><F37/><W5/><G35/><T11/><D88/><U109/><E109/><V42/><F34/><W64/><G32/><T7/><D80/><RYUUKYOKU ba="0,0" sc="380,-10,303,-10,53,-10,264,30" hai3="5,14,16,22,56,61,64,89,93,98" /><INIT seed="6,1,0,1,4,11" ten="370,293,43,294" oya="2" hai0="10,127,60,87,100,13,24,42,41,6,56,104,81" hai1="86,58,25,38,32,1,8,98,67,16,46,7,22" hai2="93,62,68,111,15,77,39,101,94,59,30,106,132" hai3="53,3,72,57,5,51,35,63,109,52,44,103,47"/><V129/><F68/><W128/><G72/><T9/><D127/><U78/><E98/><V125/><F125/><W49/><G35/><T28/><D10/><U118/><E118/><V21/><F132/><W18/><G3/><T55/><D100/><U12/><E38/><V66/><F129/><W69/><G5/><T82/><D104/><U26/><E46/><V36/><F111/><W80/><G103/><T73/><D73/><U95/><E26/><V107/><F77/><W14/><G128/><T122/><D122/><U17/><E17/><V2/><F2/><W83/><G69/><T91/><D82/><U112/><E112/><V75/><F75/><W135/><G109/><T37/><D37/><N who="2" m="14410" /><F15/><W34/><G34/><AGARI ba="1,0" hai="6,9,13,24,28,34,41,42,55,56,60,81,87,91" machi="34" ten="30,2000,0" yaku="7,1,52,1" doraHai="11" who="0" fromWho="3" sc="370,23,293,0,43,0,294,-23" /><INIT seed="7,0,0,1,3,49" ten="393,293,43,271" oya="3" hai0="45,84,54,125,102,108,14,120,12,63,52,3,80" hai1="129,124,132,130,83,70,68,62,103,15,2,41,32" hai2="115,96,134,99,72,25,11,92,107,89,65,26,90" hai3="66,123,122,81,7,23,106,109,87,46,53,17,93"/><W56/><G106/><T67/><D3/><U69/><E2/><V47/><F115/><W34/><G34/><T114/><D120/><U20/><E32/><V19/><F134/><W22/><G109/><T135/><D125/><U121/><E121/><V78/><F65/><W86/><G7/><T75/><D75/><U44/><E103/><V105/><F72/><W36/><G23/><T48/><D114/><U95/><E95/><V0/><F78/><W100/><G66/><T39/><D39/><N who="1" m="21567" /><E83/><V119/><F0/><W118/><G118/><T64/><D102/><U1/><E1/><V16/><F47/><W18/><G18/><T60/><D135/><U28/><E132/><V57/><F57/><W9/><G9/><T71/><D108/><U27/><E124/><V85/><F92/><W5/><G5/><T43/><D12/><U50/><E15/><V131/><F85/><W88/><G46/><T8/><D14/><U97/><E50/><V76/><F76/><W74/><G36/><T116/><D8/><U91/><E91/><V77/><F77/><N who="3" m="46383" /><G74/><T13/><D13/><U21/><E21/><V127/><F11/><W4/><G4/><T29/><D29/><U24/><E24/><V40/><F127/><W38/><G38/><T113/><D113/><U133/><E133/><V61/><F40/><W33/><G33/><T94/><D48/><U111/><E111/><V31/><F61/><N who="3" m="35983" /><G100/><T51/><D51/><U128/><E62/><V59/><F59/><W79/><G79/><T104/><D63/><U73/><E73/><V98/><F131/><N who="1" m="33537" /><U30/><DORA hai="110" /><E30/><RYUUKYOKU ba="0,0" sc="393,-15,293,15,43,-15,271,15" hai1="20,27,28,68,69,70,97" hai3="17,22,87,88,93,122,123" /><INIT seed="7,1,0,0,4,118" ten="378,308,28,286" oya="3" hai0="129,39,61,54,11,134,23,40,65,108,104,99,63" hai1="76,49,20,9,94,22,121,131,16,24,27,98,2" hai2="18,74,92,64,82,102,47,81,124,87,120,35,56" hai3="60,34,51,5,132,7,116,58,43,130,125,84,53"/><W128/><G116/><T78/><D40/><U93/><E121/><V1/><F1/><W30/><G30/><T31/><D39/><U33/><E33/><V17/><F124/><W32/><G125/><T4/><D129/><N who="3" m="49769" /><G84/><T110/><D134/><U80/><E131/><V127/><F127/><W69/><G132/><T28/><D78/><U25/><E49/><V70/><F70/><W111/><G111/><T117/><D117/><U3/><E93/><V107/><F107/><W135/><G135/><T88/><D28/><U123/><E123/><V21/><F35/><N who="3" m="13355" /><G69/><T122/><D122/><U37/><E37/><V66/><F120/><W26/><G26/><T86/><D23/><U90/><E25/><V97/><F74/><W45/><AGARI ba="1,0" hai="5,7,43,45,51,53,58,60" m="13355,49769" machi="45" ten="40,2100,0" yaku="19,1" doraHai="118" who="3" fromWho="3" sc="378,-8,308,-8,28,-8,286,24" /><INIT seed="7,2,0,2,3,122" ten="370,300,20,310" oya="3" hai0="104,32,135,56,36,106,71,58,13,109,20,92,66" hai1="90,9,120,77,15,110,19,74,125,43,53,8,75" hai2="73,45,18,95,57,108,29,130,88,31,89,118,115" hai3="1,128,52,30,33,48,107,10,103,101,114,102,121"/><W116/><G121/><T49/><D36/><U65/><E120/><V59/><F118/><W0/><G116/><T91/><D32/><U70/><E43/><V24/><F115/><W76/><G107/><T84/><D71/><U50/><E70/><V82/><F130/><W132/><G114/><T81/><D135/><U63/><E110/><V11/><F73/><W28/><G128/><T37/><D37/><U3/><E125/><V131/><F131/><W123/><G123/><T21/><D109/><U46/><E77/><V100/><F108/><W80/><G132/><T83/><D104/><U124/><E124/><V64/><F100/><W98/><G98/><T68/><D68/><U105/><E105/><V25/><F64/><W55/><G33/><T134/><D134/><U67/><E63/><V62/><F45/><W22/><G22/><T6/><D106/><U129/><E129/><V44/><F44/><W51/><G10/><N who="0" m="4311" /><D56/><U17/><E90/><V27/><F82/><N who="0" m="31242" /><D49/><N who="3" m="19017" /><G80/><T127/><D127/><U99/><E99/><V38/><F38/><W111/><G76/><T61/><AGARI ba="2,0" hai="20,21,58,61,66,84,91,92" m="31242,4311" machi="61" ten="30,1100,0" yaku="8,1" doraHai="122" who="0" fromWho="0" sc="370,17,300,-5,20,-5,310,-7" owari="387,48.0,295,-10.0,15,-48.0,303,10.0" /></mjloggm>