<mjloggm ver="2.3"><GO type="41"/><UN n0="%E3%82%A6%E3%83%AB%E3%83%88%E3%83%A9%E7%AB%8B%E7%9B%B4" n1="%E3%83%9E%E3%8C%94%E3%83%B3" n2="%70%65%61%73%6B%65" n3="%E8%B0%B7%E3%81%8F%E3%82%93" dan="15,13,14,15" rate="2031,1921,1990,1979" sx="M,F,F,M"/><TAIKYOKU oya="0"/><INIT seed="0,0,0,5,2,38" ten="250,250,250,250" oya="0" hai0="86,97,52,34,61,22,123,33,72,114,28,13,35" hai1="116,47,79,21,48,93,121,87,117,26,57,98,131" hai2="109,92,70,49,83,14,51,37,64,8,88,102,58" hai3="106,78,65,55,44,81,104,29,105,124,69,27,118"/><T133/><D72/><U107/><E121/><V30/><F70/><W76/><G118/><T130/><D123/><U23/><E131/><V46/><F109/><W18/><G124/><T67/><D114/><U73/><E57/><V110/><F110/><W119/><G119/><T90/><D130/><U10/><E10/><V84/><F37/><W19/><G69/><T129/><D129/><U25/><E73/><V17/><F30/><W42/><G65/><T39/><D39/><U60/><E60/><V82/><F82/><W125/><G55/><T15/><D133/><U94/><E107/><V50/><F64/><W122/><G122/><T77/><D77/><U3/><E3/><V135/><F58/><W54/><G54/><T132/><D132/><U126/><E126/><V103/><F135/><W74/><G78/><T31/><D97/><U62/><E62/><V11/><F11/><W9/><G9/><T56/><D67/><U16/><E117/><V68/><F103/><W36/><REACH who="3" step="1"/><G125/><REACH who="3" ten="250,250,250,240" step="2"/><T20/><D20/><AGARI ba="0,1" hai="18,19,20,27,29,36,42,44,74,76,81,104,105,106" machi="20" ten="40,5200,0" yaku="1,1,2,1,52,1,53,0" doraHai="38" doraHaiUra="80" who="3" fromWho="0" sc="250,-52,250,0,250,0,240,62" /><INIT seed="1,0,0,5,3,44" ten="198,250,250,302" oya="1" hai0="124,85,2,75,42,71,115,3,94,1,132,121,45" hai1="77,114,51,112,30,11,100,35,53,46,59,128,96" hai2="89,50,60,39,13,66,110,87,49,82,32,64,104" hai3="36,58,56,33,6,73,122,127,0,37,24,28,99"/><U107/><E128/><V69/><F32/><W97/><G73/><T34/><D94/><U54/><E77/><V130/><F104/><W102/><G122/><T95/><D95/><U68/><E68/><V78/><F110/><W101/><G127/><T20/><D85/><U4/><E30/><V31/><F39/><W43/><G0/><T22/><D45/><U88/><E35/><V19/><F31/><W106/><G6/><T134/><D42/><U14/><REACH who="1" step="1"/><E88/><REACH who="1" ten="198,240,250,302" step="2"/><V27/><F130/><W93/><G102/><T47/><D71/><U86/><E86/><V52/><F69/><W81/><G81/><T5/><D34/><U65/><E65/><N who="2" m="25195" /><F78/><W133/><G133/><T40/><D75/><U76/><E76/><V29/><F29/><W123/><G123/><T83/><D121/><U113/><E113/><V111/><F111/><W61/><G99/><T109/><D109/><U17/><E17/><V15/><F27/><W129/><G24/><T41/><D115/><U7/><E7/><V120/><F120/><W26/><G26/><T25/><D25/><U116/><E116/><V8/><F15/><W74/><G28/><T105/><D5/><U21/><E21/><V16/><F19/><W118/><G33/><T103/><D132/><U12/><E12/><V92/><F82/><W72/><G129/><T57/><D134/><U84/><E84/><V98/><F87/><W10/><G101/><T108/><D83/><U80/><E80/><V119/><F119/><W131/><G131/><T63/><D108/><U9/><E9/><V79/><F79/><W38/><G118/><RYUUKYOKU ba="0,1" sc="198,-15,240,15,250,15,302,-15" hai1="4,11,14,46,51,53,54,59,96,100,107,112,114" hai2="8,13,16,49,50,52,60,89,92,98" /><INIT seed="1,1,1,5,0,80" ten="183,255,265,287" oya="1" hai0="68,19,59,37,45,40,133,72,44,90,6,17,127" hai1="46,119,55,82,100,97,41,113,75,79,5,1,77" hai2="4,102,120,124,62,104,98,135,8,54,7,96,91" hai3="53,93,94,117,30,76,73,108,3,112,13,36,101"/><U28/><E119/><V0/><F120/><W134/><G3/><T34/><D34/><U29/><E113/><V89/><F124/><W15/><G112/><T105/><D105/><U78/><E55/><V23/><F135/><W130/><G36/><T60/><D68/><U22/><E79/><V128/><F7/><W18/><G134/><T121/><D133/><U132/><E132/><V84/><F91/><W125/><G125/><T31/><D127/><U107/><E22/><V99/><F23/><W10/><G130/><T47/><D31/><U32/><E32/><V38/><F38/><W109/><G30/><T123/><D72/><U48/><REACH who="1" step="1"/><E78/><REACH who="1" ten="183,245,265,287" step="2"/><V2/><F128/><W61/><G76/><T86/><D123/><U74/><E74/><V20/><F20/><W111/><G117/><T43/><D121/><U26/><E26/><V14/><F2/><W92/><G73/><T67/><D6/><U42/><E42/><V66/><F54/><W58/><G13/><T21/><D21/><U12/><E12/><V69/><REACH who="2" step="1"/><F0/><REACH who="2" ten="183,245,255,287" step="2"/><W25/><G25/><T57/><D40/><U114/><E114/><V83/><AGARI ba="1,3" hai="4,8,14,62,66,69,83,84,89,96,98,99,102,104" machi="83" ten="20,8000,1" yaku="1,1,2,1,0,1,7,1,52,1,53,0" doraHai="80" doraHaiUra="49" who="2" fromWho="2" sc="183,-21,245,-41,255,113,287,-21" /><INIT seed="2,0,0,4,0,122" ten="162,204,368,266" oya="2" hai0="3,120,80,93,55,90,17,97,117,9,63,75,40" hai1="89,49,45,94,86,29,111,129,23,58,115,57,13" hai2="12,106,5,74,50,112,70,128,130,101,66,135,28" hai3="42,59,24,33,32,85,53,127,118,134,11,92,71"/><V110/><F28/><W123/><G71/><T19/><D120/><U126/><E115/><V34/><F74/><W133/><G123/><T69/><D117/><U7/><E126/><V10/><F112/><W104/><G118/><T113/><D113/><U18/><E129/><N who="2" m="49771" /><F34/><W26/><G104/><T91/><D40/><U119/><E119/><V20/><F20/><W87/><G42/><T73/><D17/><U22/><E7/><V132/><F50/><W61/><G127/><T96/><D69/><U36/><E36/><V105/><F110/><W25/><G11/><T77/><D3/><U41/><E111/><V62/><F101/><W102/><G102/><T82/><D19/><U107/><E107/><AGARI ba="0,0" hai="5,10,12,62,66,70,105,106,107,132,135" m="49771" machi="107" ten="30,1500,0" yaku="19,1" doraHai="122" who="2" fromWho="1" sc="162,0,204,-15,368,15,266,0" /><INIT seed="2,1,0,2,3,5" ten="162,189,383,266" oya="2" hai0="126,122,94,116,52,6,118,27,130,20,133,21,22" hai1="16,108,47,1,106,114,33,37,13,49,96,135,24" hai2="41,93,113,98,78,128,68,3,104,30,95,131,121" hai3="124,76,31,99,44,60,75,97,79,119,59,127,8"/><V112/><F68/><W39/><G119/><N who="0" m="45611" /><D122/><U55/><E114/><N who="2" m="44139" /><F41/><W65/><G31/><T73/><D73/><U64/><E1/><V88/><F30/><W25/><G25/><T46/><D126/><N who="3" m="48169" /><G8/><T9/><D130/><N who="2" m="49706" /><F3/><W105/><G75/><T11/><D133/><U7/><E135/><V0/><F0/><W80/><G80/><T61/><D27/><U50/><E24/><V67/><F67/><W87/><G87/><T101/><D6/><U89/><E7/><V18/><F18/><W40/><G99/><N who="0" m="59639" /><D61/><U129/><E129/><V62/><F62/><W120/><G120/><T90/><D90/><U91/><E89/><V63/><F63/><W72/><G72/><T123/><D123/><U103/><E91/><V2/><F2/><W53/><G65/><T14/><D14/><U28/><E64/><V100/><F121/><W115/><G115/><T117/><N who="0" m="45619" /><T102/><DORA hai="26" /><D102/><AGARI ba="1,0" hai="39,40,44,53,59,60,76,79,97,102,105" m="48169" machi="102" ten="30,1000,0" yaku="18,1" doraHai="5,26" who="3" fromWho="0" sc="162,-13,189,0,383,0,266,13" /><INIT seed="3,0,0,4,5,20" ten="149,189,383,279" oya="3" hai0="76,55,101,110,85,67,48,33,21,78,72,98,11" hai1="132,28,44,83,35,6,129,77,30,91,106,94,125" hai2="128,89,135,38,103,59,24,63,39,108,121,130,16" hai3="69,123,126,65,127,27,10,46,12,114,116,119,100"/><W111/><G123/><T115/><D33/><U31/><E106/><V53/><F108/><W113/><G100/><T61/><D110/><U60/><E125/><N who="3" m="47626" /><G46/><T120/><D120/><U36/><E132/><V13/><F121/><W93/><G93/><T9/><D72/><U37/><E129/><N who="2" m="49771" /><F135/><W14/><G65/><T81/><D115/><N who="3" m="44041" /><G69/><T4/><D78/><U117/><E117/><N who="3" m="45130" /><G111/><T71/><D71/><U7/><E44/><V122/><F103/><W118/><N who="3" m="45138" /><W47/><DORA hai="70" /><G47/><T97/><D67/><U64/><E94/><V41/><F122/><W17/><G10/><T107/><D11/><U90/><E64/><V29/><F41/><W82/><G82/><T80/><D9/><U18/><E83/><V54/><F89/><W84/><G84/><T25/><D81/><U73/><E91/><V22/><F53/><W34/><G17/><T50/><D80/><U26/><E18/><V0/><F0/><W52/><G52/><T95/><D85/><U134/><E90/><V79/><F79/><W56/><G56/><N who="0" m="34975" /><D76/><U102/><E77/><V105/><F105/><W2/><G2/><T109/><D109/><U99/><E102/><V15/><F15/><W23/><G23/><AGARI ba="0,0" hai="13,16,22,23,24,29,38,39,54,59,63" m="49771" machi="23" ten="30,8000,1" yaku="19,1,52,3,54,1" doraHai="20,70" who="2" fromWho="3" sc="149,0,189,0,383,80,279,-80" /><INIT seed="4,0,0,5,3,82" ten="149,189,463,199" oya="0" hai0="15,81,96,11,30,91,72,111,58,12,114,18,125" hai1="4,67,40,92,0,44,66,131,117,134,116,35,102" hai2="2,32,69,95,80,33,64,23,130,10,107,41,70" hai3="126,99,22,8,110,14,63,88,37,74,112,25,120"/><T51/><D111/><U36/><E35/><V38/><F107/><W104/><G110/><T61/><D125/><U17/><E134/><V59/><F130/><W34/><G126/><T5/><D114/><U98/><E131/><V77/><F70/><W45/><G34/><T68/><D30/><U3/><E17/><V39/><F95/><W89/><G74/><T55/><D68/><U65/><REACH who="1" step="1"/><E4/><REACH who="1" ten="149,179,463,199" step="2"/><V16/><F33/><W73/><G120/><T27/><D27/><U85/><E85/><V6/><F32/><W79/><G73/><T129/><D129/><U57/><E57/><V119/><F119/><AGARI ba="0,1" hai="0,3,36,40,44,65,66,67,92,98,102,116,117,119" machi="119" ten="40,2600,0" yaku="1,1,53,1" doraHai="82" doraHaiUra="71" who="1" fromWho="2" sc="149,0,179,36,463,-26,199,0" /><INIT seed="5,0,0,4,1,96" ten="149,215,437,199" oya="1" hai0="115,76,55,34,74,79,97,46,61,111,92,48,14" hai1="58,110,66,18,101,15,67,28,94,127,85,129,68" hai2="27,78,6,105,7,91,116,52,10,123,54,77,126" hai3="88,83,12,121,37,119,109,23,82,63,100,0,22"/><U135/><E68/><V80/><F105/><W11/><G0/><T98/><D34/><U104/><E104/><V72/><F116/><W57/><G109/><T107/><D111/><U128/><E110/><V87/><F123/><W17/><G37/><T3/><D3/><U8/><E135/><V30/><F126/><W64/><G121/><T103/><D74/><U38/><E38/><V90/><F7/><W53/><G119/><T113/><D76/><U42/><E42/><V71/><F71/><W99/><G64/><T122/><D79/><U120/><E120/><V41/><F41/><W13/><G13/><T132/><D132/><U49/><E28/><V69/><F91/><W59/><G59/><T134/><D134/><U112/><E112/><V84/><F77/><W36/><G36/><T51/><D122/><U19/><E127/><V9/><F9/><W16/><G17/><T39/><D39/><U2/><E2/><V65/><F65/><W60/><G60/><T33/><D33/><U24/><E24/><V43/><F43/><W32/><G32/><T89/><D51/><U47/><E19/><V25/><F25/><W124/><G124/><T73/><D73/><U45/><E58/><V93/><F72/><W86/><G83/><T106/><D106/><AGARI ba="0,0" hai="11,12,16,22,23,53,57,63,82,86,88,99,100,106" machi="106" ten="30,7700,0" yaku="7,1,52,1,54,2" doraHai="96" who="3" fromWho="0" sc="149,-77,215,0,437,0,199,77" /><INIT seed="6,0,0,1,0,51" ten="72,215,437,276" oya="2" hai0="40,107,94,72,124,6,4,80,35,7,13,1,71" hai1="14,22,126,93,62,68,89,58,0,65,87,46,41" hai2="16,122,67,29,21,112,18,111,36,75,47,108,73" hai3="74,101,129,63,105,70,19,103,109,42,44,114,64"/><V3/><F3/><W52/><G74/><T27/><D94/><U97/><E126/><V85/><F122/><W20/><G109/><N who="2" m="42057" /><F67/><W34/><G34/><T24/><D80/><U11/><E0/><V25/><F112/><W37/><G105/><T123/><D40/><U110/><E110/><V33/><F18/><W69/><G129/><T9/><D71/><U88/><E68/><V32/><F32/><W120/><G70/><T45/><D45/><U92/><E22/><V17/><F17/><W117/><G117/><T84/><D84/><U55/><E65/><V50/><F85/><W12/><G120/><T134/><D107/><U90/><E90/><V131/><F36/><W119/><G119/><T96/><D96/><U82/><E82/><V102/><F102/><W60/><G114/><T95/><D95/><U77/><E77/><V106/><F106/><W66/><REACH who="3" step="1"/><G64/><REACH who="3" ten="72,215,437,266" step="2"/><T91/><D72/><U57/><E57/><AGARI ba="0,1" hai="12,19,20,37,42,44,52,57,60,63,66,69,101,103" machi="57" ten="40,12000,2" yaku="1,1,2,1,52,1,54,1,53,2" doraHai="51" doraHaiUra="56" who="3" fromWho="1" sc="72,0,215,-120,437,0,266,130" /><INIT seed="7,0,0,2,4,87" ten="72,95,437,396" oya="3" hai0="50,110,76,2,119,131,105,17,113,64,121,9,15" hai1="20,56,33,7,95,16,117,93,135,65,4,68,104" hai2="6,69,85,61,90,122,96,46,88,22,129,54,94" hai3="120,14,19,34,30,116,13,24,49,111,37,98,62"/><W5/><G37/><T40/><D105/><U83/><E33/><V118/><F118/><W3/><G116/><T73/><D119/><U71/><E104/><V12/><F129/><W45/><G62/><T134/><D121/><U101/><E117/><V52/><F69/><W75/><G75/><T91/><D110/><U78/><E135/><V109/><F109/><W79/><G120/><T108/><D108/><U27/><E71/><V130/><F130/><W67/><G79/><T39/><D131/><U59/><E68/><V92/><F122/><W123/><G67/><T10/><D134/><U38/><E38/><V126/><F126/><W47/><G123/><T86/><D64/><U58/><E65/><V80/><F80/><W115/><G115/><T28/><D39/><U31/><E31/><V51/><F61/><W57/><G111/><T89/><D73/><U1/><E1/><V21/><F54/><W53/><G98/><T74/><D74/><U82/><E101/><V55/><F55/><W72/><G72/><T26/><D113/><U107/><E107/><V0/><F0/><W60/><G60/><T133/><D133/><U128/><E128/><V42/><F42/><W35/><G35/><T48/><D2/><U11/><E11/><AGARI ba="0,0" hai="6,11,12,21,22,46,51,52,85,88,90,92,94,96" machi="11" ten="40,8000,1" yaku="8,1,52,2,54,2" doraHai="87" who="2" fromWho="1" sc="72,0,95,-80,437,80,396,0" owari="72,-33.0,15,-48.0,517,61.0,396,20.0" /></mjloggm>