<mjloggm ver="2.3"><GO type="41"/><UN n0="%EF%BC%88%E2%89%A7%E2%96%BD%E2%89%A6%EF%BC%89" n1="%42%6C%61%63%6B%63%61%74" n2="%E8%90%A9%E5%8E%9F%E8%81%96%E4%BA%BA" n3="%64%64%64%64%61%69%73%65" dan="15,13,14,14" rate="1987,1811,1882,1950" sx="M,M,M,M"/><TAIKYOKU oya="0"/><INIT seed="0,0,0,0,3,23" ten="250,250,250,250" oya="0" hai0="109,78,63,75,121,0,12,54,100,124,3,55,48" hai1="2,125,41,37,8,34,43,15,58,56,99,69,131" hai2="126,33,122,128,29,49,27,98,14,60,81,50,133" hai3="107,88,21,120,39,19,47,44,1,113,5,18,86"/><T83/><D121/><U22/><E34/><V10/><F122/><W82/><G107/><T79/><D124/><U40/><E37/><V114/><F114/><W94/><G120/><T32/><D32/><U45/><E69/><V106/><F126/><W108/><G39/><T20/><D109/><U30/><E2/><V97/><F133/><W13/><G108/><T91/><D100/><U26/><E125/><V80/><F128/><W119/><G119/><T129/><D129/><U62/><E131/><V96/><F60/><W123/><G123/><T25/><D12/><U17/><E99/><V6/><REACH who="2" step="1"/><F106/><REACH who="2" ten="250,250,240,250" step="2"/><W110/><G113/><T73/><D63/><U117/><E117/><V135/><F135/><W7/><G110/><T92/><D75/><U66/><E45/><V118/><F118/><W111/><G111/><T132/><D132/><U102/><REACH who="1" step="1"/><E102/><REACH who="1" ten="250,240,240,250" step="2"/><V105/><F105/><W9/><G47/><T103/><D103/><U4/><E4/><V95/><F95/><W61/><G44/><T51/><D92/><U57/><AGARI ba="0,2" hai="8,15,17,22,26,30,40,41,43,56,57,58,62,66" machi="57" ten="30,7900,0" yaku="1,1,0,1,8,1,52,1,53,0" doraHai="23" doraHaiUra="68" who="1" fromWho="1" sc="250,-39,240,99,240,-20,250,-20" /><INIT seed="1,0,0,4,4,88" ten="211,339,220,230" oya="1" hai0="111,99,94,48,3,97,86,42,91,123,17,14,83" hai1="115,79,33,105,121,110,16,129,66,74,62,128,101" hai2="103,135,27,39,114,117,93,19,80,35,44,29,26" hai3="6,116,87,57,21,49,10,107,72,85,24,132,64"/><U98/><E33/><V38/><F117/><W102/><G107/><T58/><D123/><U56/><E121/><V78/><F135/><W52/><G72/><T73/><D111/><U69/><E115/><V4/><F4/><W8/><G132/><T25/><D3/><U108/><E69/><V2/><F2/><W118/><G102/><T70/><D70/><U0/><E0/><V96/><F114/><W11/><G6/><T59/><D73/><U77/><E74/><V28/><F19/><W134/><G134/><T119/><D25/><U125/><E125/><V60/><F60/><W109/><G109/><N who="1" m="42090" /><E16/><V37/><F44/><W113/><G113/><T100/><D119/><N who="3" m="45609" /><G64/><T51/><D99/><U31/><E31/><AGARI ba="0,0" hai="8,10,11,21,24,31,49,52,57,85,87" m="45609" machi="31" ten="30,2000,0" yaku="12,1,54,1" doraHai="88" who="3" fromWho="1" sc="211,0,339,-20,220,0,230,20" /><INIT seed="2,0,0,5,1,62" ten="211,319,220,250" oya="2" hai0="64,33,103,85,13,109,20,60,16,32,68,107,77" hai1="12,79,55,71,134,70,53,63,1,76,56,116,21" hai2="112,4,69,102,123,83,8,72,26,27,51,104,66" hai3="42,0,93,106,111,80,52,100,43,9,30,113,25"/><V129/><F123/><W73/><G106/><T23/><D109/><U6/><E1/><V128/><F112/><W96/><G111/><T74/><D74/><U126/><E116/><V78/><F104/><W95/><G113/><T28/><D23/><U41/><E21/><V57/><F102/><W50/><G73/><T120/><D120/><U38/><E12/><V2/><F69/><N who="1" m="26121" /><E6/><V110/><F110/><W82/><G0/><T31/><D31/><U101/><E101/><V108/><F108/><W58/><G9/><T34/><D28/><U131/><E79/><V117/><F117/><W45/><G42/><T122/><D122/><U135/><E76/><V114/><F114/><W39/><REACH who="3" step="1"/><G95/><REACH who="3" ten="211,319,220,240" step="2"/><T99/><REACH who="0" step="1"/><D34/><AGARI ba="0,1" hai="25,30,34,39,43,45,50,52,58,80,82,93,96,100" machi="34" ten="30,8000,1" yaku="1,1,2,1,7,1,54,1,53,1" doraHai="62" doraHaiUra="46" who="3" fromWho="0" sc="211,-80,319,0,220,0,240,90" /><INIT seed="3,0,0,4,2,28" ten="131,319,220,330" oya="3" hai0="30,47,73,78,26,60,123,27,118,6,10,106,132" hai1="34,129,95,55,75,51,117,39,63,94,5,98,14" hai2="92,111,86,84,38,67,59,61,65,45,107,2,103" hai3="46,48,85,126,77,81,133,93,121,40,68,54,41"/><W12/><G121/><T72/><D123/><U35/><E75/><V122/><F122/><W70/><G126/><T19/><D118/><U135/><E39/><V127/><F2/><W1/><G1/><T21/><D132/><U7/><E129/><V18/><F127/><W130/><G133/><T90/><D106/><U36/><E36/><V120/><F120/><W64/><G130/><T109/><D109/><U115/><E115/><V74/><F111/><W16/><G93/><T91/><D47/><U79/><E135/><V58/><F74/><W112/><G112/><T29/><D60/><U134/><E134/><V114/><F114/><W102/><G102/><T13/><D6/><U57/><E117/><V97/><F38/><W66/><G70/><T71/><D71/><U76/><E95/><V43/><F45/><W89/><G77/><T9/><D9/><U32/><E63/><N who="2" m="38135" /><F107/><W50/><G68/><T105/><D105/><U116/><E116/><V82/><F82/><W8/><REACH who="3" step="1"/><G50/><REACH who="3" ten="131,319,220,320" step="2"/><T37/><D37/><U88/><REACH who="1" step="1"/><E7/><REACH who="1" ten="131,309,220,320" step="2"/><V56/><F92/><W44/><G44/><T62/><D72/><U99/><E99/><V119/><F97/><W83/><G83/><T113/><D113/><U131/><E131/><V23/><F119/><W69/><G69/><T31/><D73/><U101/><E101/><V87/><F103/><W100/><G100/><T4/><D4/><U80/><E80/><V124/><F84/><W128/><G128/><T33/><D62/><U25/><E25/><V49/><F86/><W52/><G52/><T20/><D27/><U0/><E0/><RYUUKYOKU ba="0,2" sc="131,-15,309,15,220,-15,320,15" hai1="5,14,32,34,35,51,55,57,76,79,88,94,98" hai3="8,12,16,40,41,46,48,54,64,66,81,85,89" /><INIT seed="3,1,2,3,5,48" ten="116,324,205,335" oya="3" hai0="102,127,101,20,61,66,130,31,91,10,89,122,90" hai1="9,46,40,36,109,83,133,34,113,118,110,62,52" hai2="128,19,107,70,26,99,71,13,15,131,96,75,93" hai3="117,129,92,23,45,60,49,3,135,28,119,97,108"/><W29/><G3/><T59/><D122/><U134/><E113/><V24/><F75/><W78/><G135/><N who="1" m="51722" /><E34/><V22/><F107/><W132/><G78/><T98/><D130/><N who="2" m="49706" /><F24/><W95/><G132/><T25/><D127/><U11/><E83/><V39/><F39/><W126/><G129/><T87/><D10/><N who="1" m="3595" /><E118/><V16/><F15/><W100/><G126/><T120/><D120/><U124/><E124/><V125/><F125/><W82/><G82/><T94/><REACH who="0" step="1"/><D102/><REACH who="0" ten="106,324,205,335" step="2"/><U85/><E85/><AGARI ba="1,3" hai="20,25,31,59,61,66,85,87,89,90,91,94,98,101" machi="85" ten="40,8000,1" yaku="1,1,2,1,25,2,8,1,53,0" doraHai="48" doraHaiUra="47" who="0" fromWho="1" sc="106,113,324,-83,205,0,335,0" /><INIT seed="4,0,0,1,5,49" ten="219,241,205,335" oya="0" hai0="2,15,65,99,129,121,116,135,21,47,80,19,51" hai1="40,94,119,77,14,42,126,111,106,107,74,22,130" hai2="66,96,26,95,88,108,73,85,70,62,35,39,20" hai3="23,82,54,92,38,30,44,3,102,25,79,132,97"/><T52/><D121/><U33/><E119/><V53/><F73/><W112/><G112/><T36/><D116/><U133/><E111/><V72/><F72/><W28/><G3/><T68/><D2/><U63/><E33/><V118/><F39/><W45/><G132/><T13/><D135/><U10/><E130/><V0/><F0/><W87/><G38/><T123/><D123/><U29/><E133/><V48/><F35/><W58/><REACH who="3" step="1"/><G30/><REACH who="3" ten="219,241,205,325" step="2"/><T7/><D36/><U57/><E29/><V37/><F37/><W11/><G11/><N who="0" m="4351" /><D129/><U86/><E10/><V27/><F118/><W71/><G71/><T128/><D128/><U9/><E9/><V75/><F108/><W134/><G134/><T125/><D68/><U32/><E126/><V93/><F20/><W91/><G91/><T67/><D125/><U131/><E131/><V78/><F78/><W89/><G89/><T59/><D99/><U56/><E77/><V17/><F88/><W4/><G4/><T76/><D59/><U64/><E56/><V110/><F70/><W84/><G84/><AGARI ba="0,1" hai="15,19,21,47,51,52,65,67,76,80,84" m="4351" machi="84" ten="30,5800,0" yaku="8,1,52,1,54,1" doraHai="49" who="0" fromWho="3" sc="219,68,241,0,205,0,325,-58" /><INIT seed="4,1,0,4,0,26" ten="287,241,205,267" oya="0" hai0="27,28,68,124,128,103,70,63,39,105,87,131,44" hai1="15,110,16,55,72,60,92,35,33,74,75,93,45" hai2="62,7,14,56,59,22,130,90,113,1,76,30,125" hai3="47,88,108,48,120,133,24,50,49,41,73,0,54"/><T69/><D124/><U129/><E110/><V135/><F125/><W97/><G0/><T109/><D109/><U29/><E129/><N who="0" m="49737" /><D87/><U12/><E60/><V42/><F42/><W10/><G108/><T86/><D86/><U65/><E65/><V52/><F130/><W122/><G73/><T98/><D44/><U66/><E66/><V81/><F1/><W51/><G10/><T19/><D39/><U82/><E82/><V127/><F127/><W4/><G4/><T118/><D118/><U43/><E55/><V134/><F59/><W36/><G133/><N who="2" m="50697" /><F113/><W99/><G24/><T58/><D19/><U40/><E45/><V83/><F90/><W9/><G9/><T57/><D63/><U84/><E16/><N who="2" m="10519" /><F30/><W64/><G64/><T5/><D5/><U20/><E84/><N who="2" m="48167" /><F7/><W17/><G17/><T100/><D100/><U104/><E75/><V6/><F6/><W107/><G107/><T8/><D8/><U91/><E91/><V95/><F95/><W111/><G88/><T123/><D123/><N who="3" m="47145" /><G111/><T132/><D132/><U85/><E104/><V79/><F83/><W114/><G114/><T89/><D89/><U112/><E112/><V32/><F32/><AGARI ba="1,0" hai="27,28,32,57,58,68,69,70,98,103,105" m="49737" machi="32" ten="40,3900,0" yaku="19,1,52,1" doraHai="26" who="0" fromWho="2" sc="287,42,241,0,205,-42,267,0" /><INIT seed="4,2,0,0,2,20" ten="329,241,163,267" oya="0" hai0="2,107,25,21,120,97,134,31,111,123,14,30,55" hai1="88,133,34,119,53,40,33,4,11,18,110,117,42" hai2="47,48,113,26,76,62,67,6,50,63,69,128,112" hai3="125,100,16,5,3,66,51,10,29,95,75,8,108"/><T73/><D73/><U83/><E110/><V94/><F76/><W24/><G75/><T52/><D2/><U70/><E70/><V45/><F6/><W84/><G66/><T32/><D111/><U116/><E53/><V98/><F128/><W106/><G108/><T131/><D131/><U126/><E133/><V64/><F47/><W43/><G106/><T61/><D134/><U124/><E18/><V132/><F132/><W81/><G125/><N who="1" m="48234" /><E11/><V85/><F85/><W13/><G43/><N who="1" m="16426" /><E4/><V38/><F38/><W60/><G60/><T12/><D61/><U79/><E88/><N who="2" m="55623" /><F45/><W82/><G51/><T68/><D68/><U44/><E44/><V49/><F63/><W28/><G28/><T114/><D31/><U102/><E102/><V56/><F67/><W46/><G46/><T65/><D30/><U105/><E105/><V1/><F1/><W99/><REACH who="3" step="1"/><G84/><AGARI ba="2,0" hai="33,34,79,83,84,116,117,119" m="16426,48234" machi="84" ten="40,1300,0" yaku="18,1" doraHai="20" who="1" fromWho="3" sc="329,0,241,19,163,0,267,-19" /><INIT seed="5,0,0,1,5,0" ten="329,260,163,248" oya="1" hai0="80,32,19,77,127,11,34,78,56,124,13,126,36" hai1="26,55,2,133,5,10,100,1,20,90,43,27,104" hai2="132,74,47,21,9,6,28,128,114,83,115,105,18" hai3="75,129,53,109,81,122,110,94,116,70,49,118,37"/><U123/><E43/><V92/><F105/><W52/><G75/><N who="0" m="43071" /><D36/><U87/><E123/><V50/><F74/><W131/><G81/><T66/><D78/><U40/><E133/><V24/><F83/><W107/><G107/><T76/><D76/><U103/><E40/><V121/><F121/><W71/><G94/><T60/><AGARI ba="0,0" hai="11,13,19,32,34,56,60,66,124,126,127" m="43071" machi="60" ten="40,1500,0" yaku="18,1" doraHai="0" who="0" fromWho="0" sc="329,15,260,-7,163,-4,248,-4" /><INIT seed="6,0,0,4,0,0" ten="344,253,159,244" oya="2" hai0="109,9,123,106,30,7,3,135,4,94,72,83,86" hai1="45,62,29,78,27,97,98,74,108,114,67,18,73" hai2="10,96,81,32,6,119,79,87,17,64,38,55,24" hai3="51,53,126,127,121,39,36,28,49,23,90,47,35"/><V54/><F38/><W116/><G121/><T65/><D123/><U41/><E108/><V120/><F120/><W124/><G116/><T101/><D109/><U26/><E114/><V61/><F119/><W57/><G35/><T75/><D135/><U92/><E78/><V56/><F96/><W91/><G28/><T25/><D106/><U82/><E82/><V80/><F81/><W60/><G23/><T1/><D65/><U125/><E125/><V2/><REACH who="2" step="1"/><F32/><REACH who="2" ten="344,253,149,244" step="2"/><W133/><G133/><T8/><D101/><U50/><E98/><V84/><F84/><W95/><G90/><T112/><D112/><U110/><E110/><V117/><F117/><W14/><G36/><T104/><D104/><U22/><E97/><V16/><F16/><W21/><G39/><T76/><D94/><U71/><REACH who="1" step="1"/><E92/><REACH who="1" ten="344,243,149,244" step="2"/><V63/><F63/><W40/><G60/><T12/><D75/><U70/><E70/><V134/><F134/><W37/><G37/><T11/><D72/><U85/><E85/><V118/><F118/><W20/><REACH who="3" step="1"/><G14/><REACH who="3" ten="344,243,149,234" step="2"/><T43/><D12/><U31/><E31/><V103/><F103/><W19/><G19/><T99/><D30/><U52/><E52/><V5/><F5/><W102/><G102/><T89/><D4/><U58/><E58/><V46/><F46/><W59/><G59/><T44/><D7/><U88/><E88/><V130/><F130/><W77/><G77/><T69/><D89/><U132/><E132/><V107/><F107/><W122/><G122/><T111/><D76/><U115/><E115/><V100/><F100/><W15/><G15/><RYUUKYOKU ba="0,3" sc="344,-30,243,10,149,10,234,10" hai1="18,22,26,27,29,41,45,50,62,67,71,73,74" hai2="2,6,10,17,24,54,55,56,61,64,79,80,87" hai3="20,21,40,47,49,51,53,57,91,95,124,126,127" /><INIT seed="6,1,3,1,2,19" ten="314,253,159,244" oya="2" hai0="20,111,119,26,42,88,45,131,85,46,59,27,15" hai1="34,5,74,58,31,121,39,84,89,118,134,100,62" hai2="128,47,102,57,106,52,115,129,82,125,7,10,93" hai3="126,120,28,17,48,13,63,3,80,112,4,23,36"/><V135/><F135/><W56/><G120/><T98/><D111/><U104/><E118/><V43/><F106/><W75/><G36/><T95/><D119/><U79/><E39/><N who="2" m="22015" /><F82/><W86/><G75/><T25/><D131/><N who="2" m="50250" /><F125/><W22/><G126/><T6/><D59/><U116/><E116/><V108/><F108/><W60/><G3/><T8/><D20/><U87/><E121/><V132/><F132/><W14/><G112/><T51/><D45/><U91/><E134/><V127/><F127/><W61/><G4/><T103/><REACH who="0" step="1"/><D27/><REACH who="0" ten="304,253,159,244" step="2"/><U2/><E58/><V18/><F115/><W1/><G56/><T99/><D99/><U50/><E104/><AGARI ba="1,4" hai="6,8,15,25,26,42,46,51,85,88,95,98,103,104" machi="104" ten="30,3900,0" yaku="1,1,7,1,54,1,53,0" doraHai="19" doraHaiUra="113" who="0" fromWho="1" sc="304,82,253,-42,159,0,244,0" /><INIT seed="7,0,0,1,0,27" ten="386,211,159,244" oya="3" hai0="11,83,100,132,59,18,125,33,46,54,55,77,37" hai1="131,82,58,20,22,67,44,32,96,41,12,105,35" hai2="86,126,101,39,17,121,108,16,53,24,134,30,102" hai3="14,40,51,6,60,85,115,127,52,70,114,13,84"/><W99/><G127/><T47/><D33/><U120/><E120/><V56/><F108/><W116/><G116/><T72/><D125/><U107/><E131/><V117/><F126/><W2/><G40/><T80/><D132/><U31/><E12/><V49/><F134/><W7/><G99/><T110/><D110/><U119/><E119/><V124/><F124/><W66/><G2/><T1/><D100/><U81/><E96/><V109/><F109/><W65/><G6/><N who="0" m="1487" /><D46/><U78/><E78/><V34/><F117/><W63/><G7/><T69/><D69/><U122/><E122/><V3/><F3/><W103/><G103/><T89/><D18/><U93/><E93/><V29/><F39/><W73/><G73/><T133/><D133/><U97/><E97/><V79/><F121/><W25/><G25/><T76/><D59/><U48/><E58/><V5/><F5/><W42/><G42/><N who="0" m="22991" /><D89/><U8/><E41/><V45/><F56/><N who="3" m="32799" /><G84/><AGARI ba="0,0" hai="54,55,72,76,77,80,83,84" m="22991,1487" machi="84" ten="30,1000,0" yaku="25,1" doraHai="27" who="0" fromWho="3" sc="386,10,211,0,159,0,244,-10" owari="396,50.0,211,-19.0,159,-34.0,234,3.0" /></mjloggm>