<mjloggm ver="2.3"><GO type="41"/><UN n0="%E3%83%93%E3%82%AE%E3%83%8A%E3%83%BC%E3%82%BA%E3%83%AB%E3%83%83%E3%82%AF" n1="%70%69%6B%6F%72%69%6E" n2="%64%64%64%64%61%69%73%65" n3="%EF%BC%88%E2%89%A7%E2%96%BD%E2%89%A6%EF%BC%89" dan="15,14,14,15" rate="1964,1871,1918,2061" sx="M,M,M,M"/><TAIKYOKU oya="0"/><INIT seed="0,0,0,1,5,7" ten="250,250,250,250" oya="0" hai0="60,96,113,58,54,66,8,13,24,57,72,17,10" hai1="70,89,26,120,33,129,99,87,83,53,95,114,35" hai2="6,79,112,73,69,103,64,38,20,15,130,85,62" hai3="86,19,123,100,30,43,65,18,22,93,98,49,63"/><T75/><D113/><U102/><E70/><V11/><F112/><W128/><G123/><T115/><D115/><U109/><E114/><V67/><F38/><W105/><G128/><T81/><D96/><U37/><E120/><V40/><F130/><W92/><G105/><T125/><D125/><U46/><E129/><V71/><F103/><W132/><G132/><T116/><D116/><U90/><E109/><V107/><F107/><W25/><G43/><T76/><D24/><U118/><E118/><V106/><F40/><W111/><G111/><T1/><D1/><U82/><E26/><V41/><F106/><W134/><G49/><T108/><D108/><U131/><E131/><V31/><F41/><W48/><G48/><T68/><D75/><U101/><E37/><V47/><F73/><W133/><G134/><T80/><D80/><U21/><E21/><V42/><F79/><W0/><G0/><T14/><REACH who="0" step="1"/><D54/><REACH who="0" step="2"/><U28/><E53/><V12/><F42/><W27/><G27/><T4/><AGARI ba="0,1" hai="4,8,10,13,14,17,57,58,60,66,68,72,76,81" machi="4" ten="20,18000,2" yaku="1,1,2,1,0,1,7,1,52,2,53,0" doraHai="7" doraHaiUra="51" who="0" fromWho="0" sc="240,190,250,-60,250,-60,250,-60" /><INIT seed="0,1,0,0,4,45" ten="430,190,190,190" oya="0" hai0="53,77,13,5,67,129,11,38,93,28,132,135,119" hai1="117,126,103,27,0,101,3,46,66,42,81,51,121" hai2="70,95,89,84,24,20,87,113,116,57,12,120,108" hai3="80,23,105,61,16,22,59,68,41,65,35,127,75"/><T26/><D119/><U69/><E117/><V34/><F116/><W40/><G35/><T29/><D38/><U128/><E121/><V86/><F70/><W79/><G105/><T47/><D67/><U85/><E27/><V82/><F120/><W91/><G127/><T124/><D124/><U15/><E126/><V50/><F113/><W102/><G102/><T39/><D129/><U33/><E33/><V118/><F34/><W123/><G123/><T73/><D93/><U19/><E128/><V83/><F118/><W72/><G72/><T114/><D114/><U104/><E104/><V2/><F2/><W106/><G106/><T112/><D112/><U55/><E3/><V74/><F74/><W62/><G23/><T8/><D73/><U97/><E0/><V30/><F108/><W96/><G91/><T37/><D77/><U9/><E97/><V78/><F12/><W25/><REACH who="3" step="1"/><G96/><REACH who="3" step="2"/><T49/><D8/><U76/><E103/><V109/><F109/><W63/><G63/><T111/><D111/><U48/><E101/><V14/><F78/><W64/><AGARI ba="1,1" hai="16,22,25,40,41,59,61,62,64,65,68,75,79,80" machi="64" ten="20,12000,2" yaku="1,1,0,1,7,1,54,1,53,2" doraHai="45" doraHaiUra="58" who="3" fromWho="3" sc="430,-61,190,-31,190,-31,180,133" /><INIT seed="1,0,0,3,5,3" ten="369,159,159,313" oya="1" hai0="109,90,13,20,18,1,101,71,37,120,96,63,41" hai1="46,74,17,8,92,19,113,60,89,80,85,126,25" hai2="40,45,79,72,86,127,77,81,48,83,59,122,21" hai3="91,110,84,27,9,103,98,118,87,78,4,47,12"/><U119/><E119/><V134/><F122/><W108/><G118/><T104/><D1/><U115/><E126/><V102/><F127/><W43/><G27/><T6/><D109/><N who="3" m="42089" /><G78/><T55/><D120/><U82/><E60/><V67/><F134/><W42/><G91/><T54/><D90/><U29/><E46/><V24/><F102/><W116/><G116/><T68/><D68/><U16/><E8/><V130/><F130/><W30/><G30/><T50/><D37/><U69/><E69/><V114/><F114/><W52/><G52/><T23/><D23/><U65/><E65/><V107/><F107/><N who="3" m="63991" /><G43/><T128/><D128/><U111/><E111/><V97/><F97/><W133/><G133/><T75/><D41/><U5/><E74/><V58/><REACH who="2" step="1"/><F67/><REACH who="2" step="2"/><W125/><G125/><T100/><D101/><U33/><E115/><V132/><F132/><W32/><G32/><T94/><D104/><U2/><E113/><V22/><F22/><W28/><G28/><AGARI ba="0,1" hai="21,24,28,40,45,48,58,59,72,77,79,81,83,86" machi="28" ten="30,2000,0" yaku="1,1,7,1,53,0" doraHai="3" doraHaiUra="121" who="2" fromWho="3" sc="369,0,159,0,149,30,313,-20" /><INIT seed="2,0,0,1,4,29" ten="369,159,179,293" oya="2" hai0="4,83,44,21,10,118,81,47,86,104,91,89,12" hai1="102,57,100,110,26,115,85,18,127,88,95,103,117" hai2="6,68,135,43,130,125,37,133,52,96,33,39,122" hai3="124,92,35,2,90,36,76,111,20,120,19,132,78"/><V31/><F122/><W15/><G120/><T34/><D104/><U55/><E117/><V9/><F68/><W123/><G123/><T101/><D118/><U82/><E115/><V3/><F125/><W0/><G124/><T8/><D101/><U48/><E127/><V70/><F70/><W106/><G106/><T61/><D61/><U93/><E110/><V114/><F114/><W79/><G111/><T98/><D34/><U30/><REACH who="1" step="1"/><E18/><REACH who="1" step="2"/><V41/><F130/><W107/><G19/><T56/><D4/><U131/><E131/><V32/><F96/><W11/><G132/><N who="2" m="50761" /><F31/><W54/><G2/><T1/><D98/><U75/><E75/><V58/><F39/><W105/><G36/><T17/><D1/><U74/><E74/><V64/><F37/><W67/><G0/><T24/><D17/><U63/><E63/><N who="2" m="36295" /><F64/><W27/><G67/><T62/><D62/><U116/><E116/><V99/><F99/><W59/><G107/><T22/><D86/><U42/><E42/><AGARI ba="0,1" hai="3,6,9,32,33,41,42,43" m="36295,50761" machi="42" ten="30,11600,0" yaku="20,1,52,2,54,1" doraHai="29" who="2" fromWho="1" sc="369,0,149,-116,179,126,293,0" /><INIT seed="2,1,0,0,4,54" ten="369,33,305,293" oya="2" hai0="18,20,55,9,7,26,82,64,114,80,67,12,47" hai1="115,134,78,128,27,17,102,23,14,90,46,42,106" hai2="93,101,86,60,40,61,95,22,4,34,50,53,108" hai3="62,49,71,48,105,103,111,35,0,94,51,44,10"/><V2/><F34/><W87/><G35/><T32/><D114/><U66/><E115/><V5/><F2/><W13/><G0/><T33/><D33/><U126/><E78/><V3/><F3/><W8/><G111/><T65/><D32/><U130/><E66/><V15/><F108/><W38/><G105/><T24/><D26/><U97/><E90/><V68/><F68/><W133/><G133/><T25/><D25/><U107/><E107/><V83/><F40/><W37/><G44/><T75/><D75/><U59/><E134/><V127/><F127/><W99/><G87/><T117/><REACH who="0" step="1"/><D117/><REACH who="0" step="2"/><U69/><E27/><V52/><F101/><W110/><G110/><T36/><D36/><U92/><E126/><V30/><F30/><W121/><G38/><T45/><D45/><U56/><E106/><V81/><F22/><W122/><G37/><T129/><D129/><N who="1" m="49771" /><E69/><V124/><F124/><W73/><G73/><T41/><D41/><U131/><N who="1" m="49779" /><U135/><DORA hai="70" /><E135/><V16/><F50/><AGARI ba="1,1" hai="7,9,12,18,20,24,47,50,55,64,65,67,80,82" machi="50" ten="40,8000,1" yaku="1,1,8,1,53,2" doraHai="54,70" doraHaiUra="91,76" who="0" fromWho="2" sc="359,93,33,0,305,-83,293,0" /><AGARI ba="1,0" hai="14,17,23,42,46,50,56,59,92,97,102" m="49779" machi="50" ten="40,5200,0" yaku="19,1,52,2" doraHai="54,70" who="1" fromWho="2" sc="452,0,33,52,222,-52,293,0" /><INIT seed="3,0,0,2,3,69" ten="452,85,170,293" oya="3" hai0="82,72,52,0,102,40,119,51,54,60,9,134,86" hai1="88,130,64,107,35,53,19,62,100,128,75,25,70" hai2="74,93,118,21,135,106,55,27,4,12,81,112,120" hai3="24,26,87,33,105,117,45,84,77,133,73,101,13"/><W39/><G117/><T16/><D134/><U109/><E75/><V43/><F118/><W127/><G133/><T50/><D119/><U5/><E53/><V61/><F112/><W58/><G127/><T38/><D102/><U56/><E56/><V14/><F106/><W78/><G105/><T89/><D72/><U92/><E5/><V80/><F135/><W71/><G71/><T90/><D89/><U2/><E2/><V116/><F116/><W59/><G101/><T22/><D60/><U104/><E109/><V132/><F74/><W11/><G33/><T108/><D108/><U41/><E41/><V36/><F43/><W98/><G98/><T31/><D31/><U122/><E122/><V28/><F36/><W111/><G111/><T57/><D0/><U47/><E47/><V32/><F132/><W113/><G113/><T96/><D96/><U94/><E94/><V76/><F120/><W3/><G3/><T48/><D9/><U103/><E100/><V7/><F93/><W110/><G110/><T129/><D129/><N who="1" m="49771" /><E103/><V91/><F91/><W6/><G73/><T121/><D121/><U66/><E66/><V23/><F76/><N who="3" m="29291" /><G45/><T126/><D126/><U67/><E67/><V15/><F61/><W30/><G30/><T68/><D68/><U131/><N who="1" m="49779" /><U49/><DORA hai="42" /><E49/><V37/><F37/><W34/><G39/><T46/><D54/><U123/><E123/><V99/><F55/><W44/><G59/><T18/><D18/><U124/><E124/><V63/><F99/><W97/><G97/><T1/><D1/><U85/><E19/><RYUUKYOKU ba="0,0" sc="452,15,85,15,170,-15,293,-15" hai0="16,22,38,40,46,48,50,51,52,57,82,86,90" hai1="25,35,62,64,70,85,88,92,104,107" /><INIT seed="4,1,0,1,4,65" ten="467,100,155,278" oya="0" hai0="89,128,68,39,110,25,88,119,132,116,33,14,104" hai1="63,94,6,75,92,5,42,41,87,15,59,120,32" hai2="118,52,10,12,69,108,122,130,8,4,82,40,90" hai3="61,47,56,114,115,127,80,99,77,135,93,60,64"/><T7/><D39/><U51/><E75/><V34/><F122/><W95/><G135/><T129/><D104/><U79/><E120/><V37/><F34/><W133/><G133/><T55/><D132/><U36/><E32/><V78/><F108/><W26/><G127/><T74/><D74/><U100/><E36/><V13/><F130/><N who="0" m="50282" /><D110/><U71/><E6/><V45/><F69/><N who="3" m="42119" /><G47/><T106/><D106/><U101/><E42/><V113/><F118/><W29/><G99/><T107/><D107/><U16/><E5/><V22/><F113/><N who="3" m="43019" /><G56/><T2/><D2/><U38/><E38/><V48/><F22/><N who="3" m="15575" /><G61/><T102/><D119/><U97/><E71/><V21/><F21/><W109/><G109/><T58/><D68/><U19/><E15/><V98/><F98/><W3/><G3/><T54/><D14/><U84/><E63/><V57/><F90/><W1/><G1/><T117/><D89/><U124/><E124/><V72/><F10/><W96/><G96/><T53/><D58/><U66/><E97/><V0/><AGARI ba="1,0" hai="0,4,8,12,13,37,40,45,48,52,57,72,78,82" machi="0" ten="20,8000,1" yaku="0,1,7,1,25,2,54,1" doraHai="65" who="2" fromWho="2" sc="467,-41,100,-21,155,83,278,-21" /><INIT seed="5,0,0,1,4,106" ten="426,79,238,257" oya="1" hai0="45,22,33,79,116,42,99,114,35,38,87,117,54" hai1="77,10,121,39,75,66,70,21,43,12,46,73,7" hai2="4,93,130,122,134,100,92,50,18,6,28,65,135" hai3="58,34,60,0,103,31,69,76,41,36,40,97,13"/><U25/><E77/><V131/><F122/><W91/><G0/><T102/><D114/><U48/><E121/><V85/><F28/><W107/><G36/><T62/><D79/><U111/><E39/><V86/><F65/><N who="3" m="41127" /><G76/><T82/><D22/><U26/><E111/><V126/><F50/><W30/><G30/><T19/><D19/><U16/><E26/><V49/><F18/><W112/><G112/><T2/><D2/><U94/><E94/><V14/><F49/><W63/><G91/><T109/><D117/><U71/><E66/><V132/><F14/><W72/><G13/><T11/><D109/><U90/><REACH who="1" step="1"/><E90/><REACH who="1" step="2"/><V59/><F100/><W8/><G103/><T110/><D102/><U89/><E89/><V29/><F29/><W27/><G31/><T51/><D38/><U96/><E96/><V104/><F104/><W1/><G107/><T95/><D99/><U133/><E133/><V32/><F32/><W44/><G97/><T20/><D95/><N who="2" m="36426" /><F126/><W56/><G34/><T68/><D35/><U53/><E53/><V84/><F59/><W127/><G56/><T81/><D33/><U101/><E101/><V52/><F52/><W105/><G58/><T120/><D54/><U23/><E23/><V83/><F83/><W115/><G105/><T24/><D82/><U64/><E64/><V124/><F124/><W67/><G127/><T108/><D81/><U3/><E3/><V61/><F61/><W15/><G1/><T78/><D110/><U57/><E57/><V118/><F118/><W80/><G63/><T37/><D108/><U125/><E125/><RYUUKYOKU ba="0,1" sc="426,-15,69,15,238,15,257,-15" hai1="7,10,12,16,21,25,43,46,48,70,71,73,75" hai2="4,6,84,85,86,130,131,132,134,135" /><INIT seed="5,1,1,1,4,88" ten="411,84,253,242" oya="1" hai0="94,20,121,75,116,133,63,13,68,117,89,0,49" hai1="111,33,101,73,4,50,122,135,87,24,90,79,118" hai2="67,44,83,76,126,100,128,123,1,132,48,31,95" hai3="15,17,56,10,65,103,96,6,3,7,72,54,5"/><U9/><E122/><V81/><F123/><W82/><G65/><T61/><D121/><U34/><E118/><V16/><F1/><W119/><G119/><T18/><D0/><U77/><E101/><V97/><F67/><W120/><G120/><T114/><D114/><U131/><E135/><V98/><F132/><W115/><G115/><T14/><D133/><U134/><E134/><V39/><F31/><W112/><G112/><T127/><D75/><U27/><E131/><V74/><F39/><W28/><G28/><T37/><D127/><U8/><E111/><V51/><F126/><W129/><G129/><T64/><D37/><U40/><E73/><V70/><F70/><W25/><G25/><T29/><D29/><U35/><E4/><V99/><F128/><W52/><G3/><T60/><D14/><U32/><N who="1" m="8704" /><DORA hai="130" /><U38/><E38/><V62/><F62/><W19/><G19/><T45/><D117/><U42/><E50/><V92/><F48/><W71/><G71/><T46/><D116/><U105/><E105/><V102/><F16/><W11/><G10/><N who="1" m="4202" /><E90/><V84/><F98/><W59/><G96/><T104/><D104/><U106/><E106/><V108/><F108/><W41/><G103/><T57/><D49/><U125/><E125/><V66/><F66/><W23/><G72/><T86/><D63/><U110/><E110/><V85/><F81/><W124/><G124/><T93/><D93/><U12/><E12/><V113/><F113/><W107/><G15/><T21/><D21/><U26/><E87/><V30/><F30/><W55/><G5/><RYUUKYOKU ba="1,1" sc="411,10,84,10,253,10,242,-30" hai0="13,18,20,45,46,57,60,61,64,68,86,89,94" hai1="24,26,27,40,42,77,79" hai2="44,51,74,76,83,84,85,92,95,97,99,100,102" /><INIT seed="5,2,1,5,0,25" ten="421,94,263,212" oya="1" hai0="49,60,76,115,91,55,104,132,78,42,61,101,18" hai1="79,130,41,33,37,9,39,95,19,121,3,34,67" hai2="64,135,54,48,40,26,50,36,27,0,43,44,87" hai3="84,29,13,97,123,45,20,75,5,83,69,102,10"/><U133/><E121/><V107/><F0/><W106/><G123/><T62/><D132/><U110/><E133/><V72/><F107/><W114/><G114/><T82/><D115/><U68/><E79/><V92/><F72/><W52/><G69/><T90/><D42/><U81/><E81/><V113/><F135/><W74/><G20/><T47/><D104/><U128/><E95/><V57/><F87/><W93/><G29/><T71/><D101/><U38/><E41/><V80/><F80/><W103/><G103/><T6/><D6/><N who="1" m="1247" /><E19/><V112/><F92/><W131/><G93/><T17/><D71/><U96/><E96/><V126/><F27/><W129/><G45/><T99/><D99/><U109/><E67/><V85/><F26/><W15/><G52/><T4/><D4/><U30/><E68/><V59/><F85/><W21/><G15/><T70/><D70/><U127/><E127/><V31/><F31/><W105/><G21/><T46/><D46/><U108/><E30/><V98/><F98/><W118/><G105/><T125/><D125/><U100/><E100/><V12/><F12/><W116/><G75/><T35/><D78/><U63/><E63/><N who="2" m="37999" /><F126/><W65/><G65/><T88/><D35/><AGARI ba="2,1" hai="33,34,35,37,38,39,108,109,110,128,130" m="1247" machi="35" ten="50,4800,0" yaku="10,1,23,1" doraHai="25" who="1" fromWho="0" sc="421,-54,94,64,263,0,212,0" /><INIT seed="5,3,0,0,5,7" ten="367,158,263,212" oya="1" hai0="82,13,109,21,85,133,47,49,37,34,135,39,33" hai1="94,40,89,130,98,75,87,50,55,129,4,5,103" hai2="86,134,111,22,38,72,101,48,36,12,77,128,14" hai3="88,17,78,31,104,126,3,71,43,0,20,122,112"/><U10/><E75/><V66/><F111/><W53/><G104/><T74/><D74/><U121/><E121/><V102/><F66/><W100/><G71/><T99/><D99/><U110/><E110/><V52/><F72/><W65/><G122/><T62/><D62/><U107/><E40/><V57/><F134/><N who="0" m="51210" /><D109/><U35/><E35/><N who="0" m="13321" /><D21/><U125/><E125/><V32/><F32/><W6/><G20/><T73/><D73/><U45/><REACH who="1" step="1"/><E5/><REACH who="1" step="2"/><V108/><F108/><W24/><G6/><T117/><D117/><U44/><E44/><V59/><F128/><W92/><G126/><T23/><D47/><U90/><E90/><V25/><F38/><W84/><G88/><T93/><D39/><U68/><E68/><V58/><F36/><W132/><G43/><T29/><D37/><U28/><E28/><V113/><F102/><W131/><G132/><T120/><D29/><U16/><E16/><N who="2" m="12487" /><F101/><W51/><G100/><T46/><D120/><U95/><E95/><V18/><F18/><W96/><G17/><T127/><D93/><U115/><E115/><V2/><F113/><W30/><G112/><T54/><D127/><U106/><E106/><V114/><F114/><W27/><G92/><T80/><D82/><U83/><E83/><N who="2" m="47471" /><F2/><AGARI ba="3,1" hai="2,4,10,45,50,55,87,89,94,98,103,107,129,130" machi="2" ten="40,3900,0" yaku="1,1,52,1,53,0" doraHai="7" doraHaiUra="67" who="1" fromWho="2" sc="367,0,148,58,263,-48,212,0" /><INIT seed="5,4,0,4,4,11" ten="367,206,215,212" oya="1" hai0="116,15,110,2,10,122,109,12,47,69,42,27,26" hai1="53,87,7,36,104,123,64,14,25,79,67,18,57" hai2="119,24,84,131,132,34,17,32,90,48,58,9,31" hai3="135,29,128,103,108,40,72,30,63,93,117,50,81"/><U102/><E36/><V105/><F119/><W91/><G108/><T6/><D116/><U92/><E123/><V112/><F105/><W5/><G117/><T39/><D69/><U86/><E104/><V1/><F132/><W61/><G135/><T80/><D122/><U0/><E0/><V71/><F71/><W124/><G124/><T127/><D127/><U59/><E7/><V121/><F121/><W82/><G128/><T33/><D109/><U95/><E25/><V134/><F134/><W76/><G5/><T55/><D55/><U99/><E59/><V8/><F131/><W37/><G37/><T4/><D110/><U44/><E44/><V75/><F75/><W43/><G103/><T49/><D33/><U106/><E106/><V115/><F34/><W74/><G91/><T120/><D120/><U62/><E87/><V56/><F1/><W65/><G93/><T107/><D107/><U13/><E18/><V129/><F129/><W97/><G97/><T101/><D2/><U41/><E41/><V20/><F48/><W78/><REACH who="3" step="1"/><G50/><REACH who="3" step="2"/><T28/><D39/><U51/><E51/><V70/><F70/><W19/><G19/><T52/><D4/><U94/><E95/><V126/><F126/><W98/><G98/><T133/><D133/><U83/><E94/><V68/><F68/><W73/><G73/><T77/><D101/><U113/><E113/><V85/><F115/><W38/><G38/><T130/><D130/><U60/><E62/><V54/><F112/><W45/><G45/><T16/><D6/><U118/><E118/><V100/><F100/><RYUUKYOKU ba="4,1" sc="367,-15,206,15,215,-15,202,15" hai1="13,14,53,57,60,64,67,79,83,86,92,99,102" hai3="29,30,40,43,61,63,65,72,74,76,78,81,82" /><INIT seed="5,5,1,1,5,35" ten="352,221,200,217" oya="1" hai0="29,134,70,20,112,72,117,42,74,86,23,6,27" hai1="14,113,87,123,71,44,53,48,2,89,103,50,127" hai2="131,76,45,5,132,129,126,85,13,59,58,64,97" hai3="39,94,106,98,88,65,105,46,84,0,41,93,28"/><U111/><E123/><V125/><F97/><W9/><G28/><T21/><D117/><U83/><E71/><V55/><F45/><W114/><G114/><T133/><D70/><U32/><E113/><V135/><F64/><W18/><G65/><T108/><D108/><U52/><E32/><V82/><F13/><W33/><G33/><T95/><D6/><U110/><E103/><V116/><F116/><W36/><G36/><T12/><D112/><U115/><E115/><V15/><F15/><W24/><G24/><T22/><D42/><U68/><E68/><V17/><F17/><W11/><G11/><T47/><D47/><U75/><E75/><V120/><F120/><W130/><G130/><N who="2" m="49673" /><F5/><W51/><G39/><T77/><D12/><U109/><E127/><N who="2" m="48651" /><F55/><W62/><G18/><T124/><D124/><U99/><E99/><V90/><F90/><W31/><G31/><T16/><D29/><U121/><E121/><V49/><F49/><W4/><REACH who="3" step="1"/><G62/><REACH who="3" step="2"/><T102/><D27/><U25/><E25/><V10/><F10/><W54/><G54/><T91/><D16/><U101/><E14/><V122/><F122/><W43/><G43/><T61/><D61/><U100/><E2/><V26/><F26/><W7/><G7/><T56/><D22/><U38/><E38/><V79/><F79/><W128/><G128/><T96/><D77/><U19/><E19/><V66/><F66/><W37/><G37/><T73/><D56/><AGARI ba="5,2" hai="44,48,50,52,53,56,83,87,89,100,101,109,110,111" machi="56" ten="40,3900,0" yaku="10,1,54,1" doraHai="35" who="1" fromWho="0" sc="352,-54,221,74,200,0,207,0" /><AGARI ba="5,0" hai="56,58,59,76,82,85,132,135" m="48651,49673" machi="56" ten="40,8000,1" yaku="30,2,19,1,18,1" doraHai="35" who="2" fromWho="0" sc="298,-80,295,0,200,80,207,0" /><INIT seed="5,6,0,4,4,36" ten="218,295,280,207" oya="1" hai0="51,118,126,43,69,61,119,120,111,57,66,23,7" hai1="62,133,64,46,105,98,42,134,116,129,65,33,4" hai2="39,26,79,14,96,17,22,121,102,1,32,110,40" hai3="76,52,82,50,70,130,19,114,6,109,63,8,34"/><U87/><E33/><V124/><F121/><W89/><G109/><T3/><D23/><U49/><E116/><N who="0" m="44585" /><D111/><U75/><E75/><V128/><F1/><W117/><G117/><T84/><D84/><U10/><E129/><V13/><F110/><W28/><G130/><T91/><D91/><U35/><E35/><V81/><F128/><W93/><G114/><T132/><D7/><U86/><E65/><V122/><F122/><W37/><G37/><T29/><D29/><U0/><E105/><V115/><F115/><W99/><G19/><T5/><D5/><U107/><E107/><V73/><F124/><W16/><G16/><T88/><D88/><U97/><E87/><V71/><F71/><W77/><G28/><T24/><D24/><U127/><E127/><V68/><F68/><W30/><G30/><T55/><D3/><U67/><E67/><V18/><F32/><W106/><G34/><T85/><D85/><U44/><E86/><V11/><F26/><W95/><G82/><T78/><D78/><U90/><E46/><V2/><F2/><N who="3" m="87" /><G106/><T60/><D126/><U123/><E123/><V54/><F54/><W12/><G95/><T58/><D132/><N who="1" m="50795" /><E90/><V80/><F80/><W9/><G77/><T125/><D125/><U108/><E108/><V41/><F39/><W103/><G76/><T131/><D131/><U59/><AGARI ba="6,0" hai="0,4,10,42,44,49,59,62,64,97,98" m="50795" machi="59" ten="30,3000,0" yaku="20,1,52,1" doraHai="36" who="1" fromWho="1" sc="218,-16,295,48,280,-16,207,-16" /><INIT seed="5,7,0,5,4,15" ten="202,343,264,191" oya="1" hai0="66,50,38,79,70,115,117,81,134,124,76,49,30" hai1="67,40,45,26,105,69,104,39,135,9,44,63,132" hai2="102,5,59,80,0,25,125,46,83,52,123,100,47" hai3="133,43,35,11,86,126,55,31,6,8,121,93,32"/><U3/><E26/><V101/><F123/><W116/><G121/><T88/><D38/><U7/><REACH who="1" step="1"/><E45/><REACH who="1" step="2"/><V54/><F25/><W119/><G116/><T78/><D117/><U99/><E99/><V130/><F130/><W62/><G119/><T92/><D115/><U53/><E53/><V71/><F54/><W122/><G55/><T127/><D134/><AGARI ba="7,1" hai="3,7,9,39,40,44,63,67,69,104,105,132,134,135" machi="134" ten="40,12000,1" yaku="1,1,20,1,23,2,53,0" doraHai="15" doraHaiUra="77" who="1" fromWho="0" sc="202,-141,333,151,264,0,191,0" /><INIT seed="5,8,0,5,3,35" ten="61,484,264,191" oya="1" hai0="83,71,72,24,97,58,21,110,53,27,70,6,134" hai1="46,121,19,28,126,40,61,108,36,102,73,131,69" hai2="118,47,82,96,98,105,43,12,29,39,120,44,132" hai3="17,5,25,106,2,7,80,14,63,119,135,89,16"/><U117/><E121/><V67/><F120/><W20/><G106/><T60/><D110/><U77/><E117/><V86/><F118/><W107/><G107/><T45/><D134/><U75/><E108/><V74/><F67/><W11/><G119/><T104/><D6/><U54/><E19/><V112/><F74/><W113/><G135/><T32/><D21/><U111/><E111/><V84/><F132/><W55/><G113/><T91/><D32/><U116/><E116/><V41/><F29/><W128/><G128/><T87/><D72/><U78/><E131/><V33/><F33/><W122/><G122/><T18/><D104/><U133/><E133/><V65/><F65/><W30/><G2/><T8/><D97/><U50/><E28/><V124/><F124/><W92/><G80/><T66/><D8/><U100/><E126/><V1/><F1/><W81/><G81/><T114/><D114/><U68/><E75/><V13/><F112/><W125/><G5/><T90/><D45/><U93/><E73/><V85/><F105/><W23/><G23/><T34/><D18/><U62/><E69/><V79/><F79/><W123/><G123/><T52/><D34/><U59/><E61/><V109/><F109/><W94/><G125/><T101/><D101/><N who="1" m="39019" /><E93/><N who="3" m="35946" /><G89/><T38/><D38/><U9/><E9/><V37/><F82/><W49/><G63/><T48/><D53/><U103/><N who="1" m="39027" /><U51/><DORA hai="10" /><E36/><V99/><AGARI ba="8,0" hai="12,13,37,39,41,43,44,47,84,85,86,96,98,99" machi="99" ten="30,7900,0" yaku="0,1,9,1,52,2" doraHai="35,10" who="2" fromWho="2" sc="61,-28,484,-47,264,103,191,-28" /><INIT seed="6,0,0,2,2,103" ten="33,437,367,163" oya="2" hai0="7,133,29,126,107,79,34,17,2,4,117,86,112" hai1="75,22,131,40,119,43,122,135,51,48,94,100,72" hai2="39,61,10,1,128,108,59,96,98,88,101,21,84" hai3="44,114,111,13,6,89,115,54,60,55,15,130,125"/><V66/><F39/><W26/><G111/><T31/><D86/><U50/><E119/><V25/><F108/><W33/><G130/><T63/><D63/><U67/><E131/><V105/><F128/><W8/><G125/><T120/><D79/><U104/><E94/><V9/><F1/><W30/><G15/><T69/><D17/><U62/><E135/><V113/><F98/><W28/><G28/><T76/><D76/><U20/><E122/><V124/><F113/><N who="3" m="43019" /><G89/><T123/><D29/><U97/><E43/><V102/><F102/><W49/><G60/><T80/><D31/><U11/><E11/><V41/><F41/><AGARI ba="0,0" hai="6,8,13,26,30,33,41,44,49,54,55" m="43019" machi="41" ten="30,2000,0" yaku="15,1,11,1" doraHai="103" who="3" fromWho="2" sc="33,0,437,0,367,-20,163,20" /><INIT seed="7,0,0,0,4,7" ten="33,437,347,183" oya="3" hai0="78,95,67,17,39,61,45,100,29,38,108,10,135" hai1="99,76,80,127,6,50,60,9,89,19,22,16,120" hai2="51,71,133,96,31,82,98,2,33,106,11,73,84" hai3="83,64,62,94,113,14,79,110,43,30,12,68,103"/><W35/><G110/><T1/><D108/><U77/><E120/><V53/><F71/><W85/><G113/><T59/><D135/><U109/><E109/><V112/><F133/><W20/><G43/><T47/><D78/><U101/><E127/><V8/><F2/><W40/><G40/><T92/><D1/><U34/><E34/><V126/><F126/><W91/><G103/><T48/><D29/><U26/><E50/><V15/><F15/><W105/><G105/><T32/><D32/><U93/><E19/><V28/><F73/><W86/><REACH who="3" step="1"/><G20/><REACH who="3" step="2"/><T23/><D100/><U69/><E101/><V49/><F112/><W41/><G41/><T55/><D10/><U118/><E118/><V123/><F106/><W42/><G42/><T25/><D92/><U132/><E132/><V131/><F123/><W104/><G104/><T125/><D95/><U18/><E80/><V90/><F33/><W21/><G21/><T117/><D117/><U114/><E114/><V128/><F128/><W75/><G75/><T24/><D125/><U54/><E18/><V97/><F131/><W56/><G56/><T46/><REACH who="0" step="1"/><D25/><AGARI ba="0,1" hai="12,14,25,30,35,62,64,68,79,83,85,86,91,94" machi="25" ten="40,2000,0" yaku="1,1,53,0" doraHai="7" doraHaiUra="70" who="3" fromWho="0" sc="33,-20,437,0,347,0,173,30" /><INIT seed="7,1,0,1,3,96" ten="13,437,347,203" oya="3" hai0="32,55,135,52,106,40,73,12,94,1,116,79,37" hai1="130,25,76,26,14,72,104,127,3,83,16,65,34" hai2="85,123,75,124,77,60,89,36,95,120,71,38,22" hai3="78,86,31,74,70,103,17,121,125,21,108,8,102"/><W48/><G70/><T2/><D94/><U51/><E3/><V122/><F124/><W131/><G121/><T82/><D79/><U115/><E104/><V61/><F71/><W97/><G74/><T24/><D82/><U18/><E127/><V5/><F5/><W69/><G69/><T114/><D52/><U113/><E65/><V15/><F75/><W7/><G125/><T91/><D55/><U117/><E130/><V10/><F22/><W54/><G131/><T66/><D91/><U19/><E117/><V62/><F77/><W100/><G108/><T134/><D66/><U93/><E51/><V56/><F56/><N who="3" m="32839" /><G31/><T0/><D12/><U58/><E58/><V42/><F42/><W129/><G129/><T9/><D40/><U90/><E14/><V87/><F87/><W99/><G8/><T126/><D24/><U88/><E90/><V11/><REACH who="2" step="1"/><F15/><REACH who="2" step="2"/><N who="3" m="9407" /><G7/><T43/><D43/><U27/><E34/><V84/><F84/><W23/><G23/><T44/><D44/><U50/><E72/><V29/><F29/><W13/><G13/><T28/><D9/><AGARI ba="1,1" hai="9,10,11,36,38,60,61,62,85,89,95,120,122,123" machi="9" ten="50,3200,0" yaku="1,1,13,1,53,0" doraHai="96" doraHaiUra="45" who="2" fromWho="0" sc="13,-35,437,0,337,45,203,0" owari="-22,-52.0,437,54.0,382,18.0,203,-20.0" /></mjloggm>