<mjloggm ver="2.3"><GO type="41"/><UN n0="%E5%9B%9B%E6%B5%81%E8%8A%B8%E4%BA%BA" n1="%70%61%70%61%74%61%6E" n2="%E3%82%A6%E3%83%AB%E3%83%88%E3%83%A9%E7%AB%8B%E7%9B%B4" n3="%6C%6F%76%65%64%6F%67" dan="15,13,15,14" rate="1991,1856,2004,1909" sx="M,M,M,M"/><TAIKYOKU oya="0"/><INIT seed="0,0,0,4,2,68" ten="250,250,250,250" oya="0" hai0="17,113,52,115,50,7,78,59,125,132,65,36,3" hai1="89,90,131,118,34,45,20,73,112,70,129,122,61" hai2="5,12,64,84,91,55,75,8,37,28,60,32,124" hai3="18,74,22,110,119,97,127,39,71,121,44,13,104"/><T106/><D106/><U62/><E73/><V53/><F75/><W15/><G119/><T108/><D78/><U41/><E118/><V134/><F124/><W26/><G71/><T87/><D125/><U63/><E34/><V31/><F134/><W80/><G121/><T46/><D132/><U83/><E122/><V49/><F37/><W30/><G110/><T47/><D108/><U94/><E112/><V82/><F32/><W58/><G127/><T38/><D7/><U40/><E20/><V14/><F55/><W120/><G120/><T86/><D3/><U99/><E70/><V85/><F60/><W103/><G74/><T66/><D17/><U100/><E41/><V1/><F64/><N who="0" m="24682" /><D87/><U76/><E76/><V79/><F12/><W128/><G128/><N who="1" m="49226" /><E83/><V102/><F102/><W16/><G80/><T111/><D86/><U42/><E42/><V105/><F105/><W56/><G13/><T88/><D88/><U51/><AGARI ba="0,0" hai="40,45,51,61,62,63,89,90,94,99,100" m="49226" machi="51" ten="30,1100,0" yaku="19,1" doraHai="68" who="1" fromWho="1" sc="250,-5,250,11,250,-3,250,-3" /><INIT seed="1,0,0,5,2,98" ten="245,261,247,247" oya="1" hai0="72,105,57,87,5,44,43,54,8,61,51,97,2" hai1="58,55,29,65,111,117,47,96,74,86,130,36,120" hai2="18,71,24,52,3,56,85,68,26,64,28,35,13" hai3="82,69,7,60,78,107,101,109,91,39,42,46,14"/><U75/><E120/><V81/><F3/><W115/><G115/><T70/><D72/><U128/><E117/><V22/><F64/><W21/><G109/><T123/><D123/><U9/><E111/><V133/><F26/><W90/><G69/><T124/><D124/><U88/><E29/><V113/><F133/><W76/><G60/><T62/><D70/><U45/><E9/><V16/><F18/><W106/><G76/><T11/><D11/><U30/><E30/><V23/><F35/><W10/><G107/><T59/><D87/><U27/><E27/><V84/><F113/><W118/><G21/><T48/><D59/><U34/><E34/><V102/><F85/><W12/><G12/><T49/><D61/><N who="1" m="38071" /><E96/><V32/><F32/><W132/><G132/><T0/><D0/><U1/><E1/><V50/><REACH who="2" step="1"/><F102/><REACH who="2" step="2"/><W15/><G118/><T126/><D126/><U104/><E74/><V41/><F41/><W89/><G7/><T19/><D19/><U114/><E75/><V99/><F99/><W131/><G131/><N who="1" m="50218" /><E114/><V73/><F73/><W122/><G122/><T121/><D121/><U134/><E134/><V135/><F135/><W92/><G10/><T77/><D77/><AGARI ba="0,1" hai="13,16,22,23,24,28,50,52,56,68,71,77,81,84" machi="77" ten="30,8000,1" yaku="1,1,7,1,54,2,53,1" doraHai="98" doraHaiUra="83" who="2" fromWho="0" sc="245,-80,261,0,237,90,247,0" /><INIT seed="2,0,0,0,5,2" ten="165,261,327,247" oya="2" hai0="131,44,110,102,119,11,49,67,32,127,106,65,108" hai1="22,94,90,83,69,86,103,12,130,71,47,82,45" hai2="59,5,112,98,72,88,60,46,4,19,40,95,34" hai3="39,26,121,55,52,43,124,134,3,132,0,133,70"/><V7/><F72/><W53/><G121/><T14/><D32/><U128/><E71/><V36/><F34/><W23/><G70/><T123/><D123/><U28/><E69/><V13/><F112/><W75/><G75/><T76/><D76/><U117/><E117/><V109/><F109/><W42/><G39/><T93/><D106/><U24/><E130/><V29/><F29/><W16/><REACH who="3" step="1"/><G124/><REACH who="3" step="2"/><T80/><D127/><U105/><E128/><V115/><F115/><W62/><G62/><T54/><D131/><U118/><E118/><V81/><F81/><W48/><G48/><T51/><D119/><U99/><E83/><V100/><F100/><W116/><G116/><T122/><D80/><U120/><E120/><V63/><REACH who="2" step="1"/><F59/><REACH who="2" step="2"/><W77/><G77/><T113/><D122/><U31/><E82/><V114/><F114/><W38/><G38/><T135/><D113/><U50/><E45/><V6/><N who="2" m="1536" /><DORA hai="74" /><V129/><F129/><W18/><G18/><T17/><D108/><U33/><E31/><V37/><F37/><W15/><G15/><T61/><D110/><U89/><E12/><V9/><AGARI ba="0,2" hai="9,13,19,36,40,46,60,63,88,95,98" m="1536" machi="9" ten="40,24000,3" yaku="1,1,0,1,52,4,54,1,53,1" doraHai="2,74" doraHaiUra="30,91" who="2" fromWho="2" sc="165,-80,261,-80,317,260,237,-80" /><INIT seed="2,1,0,1,2,51" ten="85,181,577,157" oya="2" hai0="17,52,107,62,48,80,0,124,68,108,65,8,115" hai1="84,131,128,104,50,67,27,54,26,75,74,81,45" hai2="73,9,86,61,36,91,66,39,127,3,94,82,92" hai3="29,99,110,16,90,11,58,57,83,135,114,5,78"/><V41/><F127/><W77/><G110/><T12/><D107/><U49/><E104/><V79/><F94/><W10/><G114/><T119/><D115/><U2/><E67/><V24/><F24/><N who="1" m="9257" /><E2/><V103/><F103/><W42/><G135/><T76/><D108/><U22/><E22/><V7/><REACH who="2" step="1"/><F41/><REACH who="2" step="2"/><W134/><G42/><T15/><D124/><U101/><E101/><V109/><F109/><W113/><G113/><T132/><D132/><U14/><E14/><V118/><F118/><W125/><G134/><T32/><D119/><U106/><E106/><V122/><F122/><W25/><G125/><T38/><D32/><U21/><E21/><V97/><F97/><W4/><G99/><T13/><D0/><U63/><E63/><V40/><F40/><W44/><G25/><T89/><D38/><U34/><E34/><V53/><F53/><W129/><G29/><T70/><D70/><AGARI ba="1,1" hai="3,7,9,36,39,61,66,70,73,79,82,86,91,92" machi="70" ten="30,2900,0" yaku="1,1,7,1,53,0" doraHai="51" doraHaiUra="23" who="2" fromWho="0" sc="85,-32,181,0,567,42,157,0" /><INIT seed="2,2,0,3,2,123" ten="53,181,609,157" oya="2" hai0="2,88,75,89,120,110,21,19,35,39,105,109,41" hai1="81,68,133,96,48,71,126,29,127,59,86,112,125" hai2="72,129,10,73,99,56,40,135,14,65,13,37,91" hai3="49,90,118,98,47,78,52,119,45,84,27,4,134"/><V95/><F129/><W114/><G134/><T24/><D2/><U32/><E133/><V131/><F135/><W104/><G114/><T124/><D75/><U11/><E112/><V61/><F131/><W22/><G4/><T25/><D105/><U115/><E115/><V36/><F36/><W17/><G78/><T64/><D120/><U16/><E32/><V70/><F70/><W38/><G38/><T0/><D0/><U79/><E29/><V132/><F132/><W121/><G121/><T42/><D64/><U82/><E96/><V116/><F116/><W31/><G31/><T69/><D69/><U3/><E3/><V130/><F130/><W106/><G45/><T6/><D6/><U54/><E82/><V87/><F37/><W26/><G26/><T103/><D103/><U67/><E67/><V108/><F40/><N who="0" m="15466" /><D39/><U76/><E79/><V51/><F51/><W57/><G47/><T44/><D44/><U100/><E100/><V9/><F73/><W18/><G18/><T46/><D46/><U30/><E30/><V113/><F72/><W62/><G62/><T85/><D35/><U74/><E74/><V111/><F113/><W23/><G23/><N who="0" m="13439" /><D124/><U101/><E101/><V43/><F43/><W55/><G55/><T60/><D60/><U66/><E66/><V122/><F122/><W5/><G5/><T80/><D89/><U94/><E94/><V7/><REACH who="2" step="1"/><F99/><REACH who="2" step="2"/><W107/><REACH who="3" step="1"/><G98/><REACH who="3" step="2"/><T77/><D77/><U28/><REACH who="1" step="1"/><E28/><REACH who="1" step="2"/><V92/><F92/><AGARI ba="2,3" hai="17,22,27,49,52,57,84,90,92,104,106,107,118,119" machi="92" ten="40,5200,0" yaku="1,1,2,1,54,1,53,0" doraHai="123" doraHaiUra="93" who="3" fromWho="2" sc="53,0,171,0,599,-58,147,88" /><INIT seed="3,0,0,1,1,24" ten="53,171,541,235" oya="3" hai0="14,65,31,111,75,99,115,118,123,116,8,135,110" hai1="104,20,27,16,57,127,133,106,41,58,114,59,94" hai2="73,132,44,120,128,34,6,134,103,125,61,89,33" hai3="50,87,62,55,100,107,102,30,42,64,19,69,88"/><W26/><G107/><T81/><D65/><U15/><E114/><V17/><F73/><W22/><G42/><T112/><D99/><U28/><E133/><N who="2" m="51307" /><F6/><W38/><G19/><T4/><D75/><U52/><E127/><V23/><F103/><W68/><G38/><T108/><D81/><U90/><E41/><V72/><F72/><W101/><G69/><T117/><D135/><U76/><E76/><V71/><F128/><W60/><G68/><T113/><D31/><U93/><E106/><V105/><F105/><W43/><G43/><T79/><REACH who="0" step="1"/><D79/><REACH who="0" step="2"/><U2/><E104/><V49/><F125/><W119/><G64/><T124/><D124/><U130/><E130/><V63/><F89/><W67/><G67/><T12/><D12/><U97/><E2/><V74/><F74/><W121/><G119/><T92/><D92/><U53/><REACH who="1" step="1"/><E94/><REACH who="1" step="2"/><V36/><F36/><W77/><G121/><AGARI ba="0,2" hai="4,8,14,108,110,111,112,113,115,116,117,118,121,123" machi="121" ten="60,32000,5" yakuman="50" doraHai="24" doraHaiUra="37" who="0" fromWho="3" sc="43,340,161,0,541,0,235,-320" owari="383,18,161,-24,541,65,-85,-59" /></mjloggm>