<mjloggm ver="2.3"><GO type="169"/><UN n0="%E3%83%87%E3%82%B8%E3%82%BF%E3%83%AB%E4%BB%99%E4%BA%BA" n1="%32%2D%31%30" n2="%EF%BC%88%E2%89%A7%E2%96%BD%E2%89%A6%EF%BC%89" n3="%E3%83%A4%E3%82%AD%E3%83%B3" dan="16,16,16,16" rate="2120,2040,2074,2069" sx="F,M,M,M"/><TAIKYOKU oya="0"/><INIT seed="0,0,0,1,2,79" ten="250,250,250,250" oya="0" hai0="31,57,129,49,97,68,17,110,116,29,2,112,72" hai1="91,0,132,134,59,53,102,13,62,95,12,120,98" hai2="16,5,73,75,101,104,86,76,80,56,28,107,130" hai3="20,94,15,90,127,34,81,106,32,26,109,88,11"/><T103/><D116/><U119/><E119/><V55/><F130/><W3/><G106/><T19/><D2/><U114/><E120/><V21/><F5/><W35/><G3/><T58/><D68/><U121/><E121/><V7/><F7/><W64/><G64/><T6/><D72/><U74/><E0/><V111/><F28/><W93/><G127/><T78/><D129/><U84/><E74/><V42/><F42/><W115/><G115/><T99/><D78/><U1/><E1/><V4/><F4/><W85/><G109/><T82/><D6/><U22/><E114/><V123/><F111/><W117/><G117/><T38/><D38/><U131/><E131/><V36/><F36/><W118/><G118/><T47/><D110/><U92/><REACH who="1" step="1"/><E22/><REACH who="1" ten="250,240,250,250" step="2"/><V39/><F123/><W51/><G20/><T48/><D112/><U87/><E87/><V70/><F75/><W25/><G85/><T54/><D103/><U27/><E27/><V30/><F73/><W83/><G25/><T89/><D89/><N who="3" m="34409" /><G26/><T41/><D99/><U96/><E96/><V113/><F101/><W14/><G11/><T8/><D97/><U10/><E10/><V23/><F113/><W61/><G35/><T69/><D8/><U18/><E18/><V40/><F16/><W66/><G34/><T77/><D17/><U33/><E33/><V46/><F21/><W50/><G32/><T128/><D19/><U122/><E122/><V24/><REACH who="2" step="1"/><F70/><REACH who="2" ten="250,240,240,250" step="2"/><W125/><G15/><AGARI ba="0,2" hai="12,13,15,53,59,62,84,91,92,95,98,102,132,134" machi="15" ten="40,1300,0" yaku="1,1,53,0" doraHai="79" doraHaiUra="135" who="1" fromWho="3" sc="250,0,240,33,240,0,250,-13" /><INIT seed="1,0,0,2,5,42" ten="250,273,240,237" oya="1" hai0="94,45,129,68,104,3,110,122,20,65,95,35,54" hai1="8,59,106,11,69,36,98,40,117,16,17,26,108" hai2="91,97,32,48,22,37,127,67,115,109,73,126,44" hai3="83,38,23,21,88,72,70,77,133,15,47,64,71"/><U120/><E69/><V14/><F32/><W84/><G133/><T75/><D20/><U2/><E120/><V112/><F37/><W5/><G64/><T118/><D95/><U28/><E117/><V130/><F73/><W132/><G132/><T102/><D54/><U13/><E108/><V6/><F67/><W113/><G113/><N who="2" m="43593" /><F109/><W46/><G38/><T89/><D65/><U82/><E82/><V7/><F130/><W56/><G56/><T55/><D68/><U24/><E59/><V63/><F63/><W4/><G71/><T131/><D35/><U57/><E57/><V80/><F22/><N who="3" m="8203" /><G72/><T76/><D3/><U62/><E62/><V58/><F58/><W34/><G34/><T121/><D110/><U78/><E78/><V81/><F97/><W125/><G125/><N who="2" m="47625" /><F91/><W60/><G60/><T10/><D122/><U96/><E28/><V0/><F0/><W30/><G70/><T111/><D121/><U18/><E2/><V134/><F134/><W79/><G30/><T74/><D111/><U39/><E39/><V52/><F14/><W61/><G61/><T90/><D131/><U92/><E98/><V100/><F100/><W49/><G15/><T41/><D102/><U27/><E13/><V101/><F101/><W31/><G31/><T85/><D129/><U135/><E135/><V33/><F33/><W50/><G79/><T9/><D76/><U116/><E116/><V107/><F107/><W86/><G77/><T128/><D118/><U12/><E106/><V87/><F87/><W25/><G86/><T99/><D128/><U93/><E12/><RYUUKYOKU ba="0,0" sc="250,-10,273,-10,240,30,237,-10" hai2="6,7,44,48,52,80,81" /><INIT seed="2,1,0,3,3,66" ten="240,263,270,227" oya="2" hai0="82,95,26,109,20,86,135,63,52,8,14,85,90" hai1="117,125,28,93,12,79,114,3,99,56,130,47,51" hai2="124,83,128,44,58,97,89,49,36,74,42,71,94" hai3="111,91,118,121,48,92,25,34,73,120,105,107,106"/><V31/><F124/><W104/><G118/><T112/><D112/><U53/><E3/><V21/><F128/><W87/><G73/><T6/><D135/><U68/><E114/><V13/><F71/><W9/><N who="3" m="27136" /><DORA hai="2" /><W1/><G111/><T69/><D109/><U70/><E117/><V37/><F58/><W32/><G48/><T41/><D41/><U18/><E28/><V127/><F127/><W35/><REACH who="3" step="1"/><G25/><REACH who="3" ten="240,263,270,217" step="2"/><T75/><D75/><U116/><E51/><V78/><REACH who="2" step="1"/><F31/><REACH who="2" ten="240,263,260,217" step="2"/><W113/><G113/><T29/><D69/><U126/><E68/><V55/><F55/><W132/><G132/><T46/><D52/><U22/><E53/><V77/><F77/><W102/><G102/><T27/><D63/><U30/><E79/><V81/><F81/><W16/><G16/><AGARI ba="1,2" hai="13,16,21,36,37,42,44,49,74,78,83,89,94,97" machi="16" ten="40,3900,0" yaku="1,1,54,1,53,0" doraHai="66,2" doraHaiUra="80,5" who="2" fromWho="3" sc="240,0,263,0,260,62,217,-42" /><INIT seed="2,2,0,2,1,67" ten="240,263,322,175" oya="2" hai0="20,30,50,79,127,73,53,135,47,92,11,130,81" hai1="85,18,94,132,125,63,109,78,88,10,114,104,52" hai2="128,111,3,121,35,58,4,91,95,34,27,40,77" hai3="48,106,119,43,17,80,82,8,29,122,102,16,70"/><V76/><F121/><W42/><G119/><T98/><D135/><U1/><E114/><V59/><F128/><W107/><G122/><T129/><D11/><U110/><E104/><V101/><F111/><N who="1" m="42505" /><E132/><V24/><F101/><W66/><G29/><T123/><D123/><U13/><E78/><V31/><F40/><W57/><G57/><T51/><D127/><U84/><E1/><V133/><F133/><W97/><G107/><T131/><D51/><U87/><E125/><V117/><F117/><W100/><G100/><T41/><D30/><U25/><E25/><V22/><F3/><W55/><G55/><T64/><D20/><U33/><E33/><V12/><F35/><W36/><G48/><T71/><D53/><U26/><E26/><V112/><F34/><W83/><G36/><T38/><D38/><U46/><E46/><V23/><F112/><W89/><G89/><T15/><D15/><U7/><E7/><V126/><F126/><W115/><G115/><T32/><D32/><U5/><E5/><V68/><F4/><W65/><G65/><T61/><REACH who="0" step="1"/><D129/><REACH who="0" ten="230,263,322,175" step="2"/><U116/><E116/><V103/><F12/><W120/><G120/><T74/><D74/><U118/><E118/><V69/><F31/><W2/><G2/><T62/><D62/><U90/><E94/><V0/><F95/><W54/><G54/><T28/><D28/><U45/><E45/><V39/><F0/><W60/><REACH who="3" step="1"/><G8/><REACH who="3" ten="230,263,322,165" step="2"/><T75/><D75/><U14/><E52/><V113/><F113/><W134/><G134/><T44/><D44/><U93/><E10/><V96/><F39/><RYUUKYOKU ba="2,2" sc="230,15,263,-15,322,-15,165,15" hai0="41,47,50,61,64,71,73,79,81,92,98,130,131" hai3="16,17,42,43,60,66,70,80,82,83,97,102,106" /><INIT seed="3,3,2,3,4,131" ten="245,248,307,180" oya="3" hai0="112,6,60,87,25,104,21,95,9,91,68,43,19" hai1="134,88,41,17,12,81,116,30,48,114,69,75,80" hai2="122,124,128,28,106,63,89,132,51,49,27,57,111" hai3="98,97,103,64,22,39,47,70,32,93,8,38,13"/><W100/><G32/><T133/><D104/><U109/><E114/><V126/><F106/><W53/><G70/><T37/><D112/><U94/><E69/><V66/><F128/><W16/><G64/><T14/><D37/><U129/><E129/><V2/><F2/><W74/><G74/><T110/><D110/><U4/><E109/><V115/><F111/><W26/><G53/><T3/><D43/><U42/><E4/><V33/><F115/><W58/><G58/><T86/><D68/><U90/><E116/><V125/><F122/><W105/><REACH who="3" step="1"/><G47/><REACH who="3" ten="245,248,307,170" step="2"/><T119/><D119/><U85/><E75/><V108/><F108/><W76/><G76/><T5/><D60/><U59/><E59/><V121/><F121/><W54/><G54/><T35/><D35/><U77/><E77/><V120/><F120/><W113/><G113/><T18/><D3/><U23/><E42/><V29/><F33/><W83/><G83/><T78/><D133/><U79/><E81/><AGARI ba="3,3" hai="5,6,9,14,18,19,21,25,78,81,86,87,91,95" machi="81" ten="40,1300,0" yaku="8,1" doraHai="131" who="0" fromWho="1" sc="245,52,248,-22,307,0,170,0" /><INIT seed="4,0,0,2,4,19" ten="297,226,307,170" oya="0" hai0="102,42,4,74,36,2,121,110,123,71,13,83,40" hai1="118,66,58,88,124,38,20,114,115,45,113,73,54" hai2="8,63,128,39,135,46,14,92,75,94,30,134,1" hai3="17,43,50,106,95,49,31,69,81,80,105,132,86"/><T5/><D71/><U24/><E118/><V76/><F128/><W104/><G69/><T29/><D102/><U35/><E73/><V25/><F63/><W129/><G31/><T116/><D116/><U32/><E124/><V11/><F11/><W53/><G129/><T48/><D2/><U23/><E88/><V59/><F59/><W33/><G33/><N who="1" m="12874" /><E24/><V78/><F1/><W65/><G65/><T57/><D36/><U28/><E28/><V34/><F46/><W126/><G126/><T72/><D29/><U103/><E103/><V44/><F44/><W67/><G67/><T122/><D13/><U10/><E10/><V21/><F34/><W109/><G109/><T16/><D16/><U15/><E15/><V90/><F92/><W0/><G0/><T91/><D110/><U26/><E26/><V79/><F39/><W130/><G17/><T55/><D74/><U27/><E27/><V100/><F100/><W3/><G3/><T111/><D111/><U9/><E9/><V77/><F75/><W51/><G130/><T18/><D18/><U61/><E38/><V107/><F107/><W41/><G53/><T131/><D131/><U127/><E127/><V62/><N who="2" m="19456" /><DORA hai="52" /><V64/><F14/><W108/><G108/><T117/><D117/><U99/><E99/><N who="2" m="57815" /><F8/><W22/><G95/><T12/><D72/><U47/><E47/><V93/><F93/><W37/><G37/><T6/><D12/><U70/><E45/><V84/><F84/><W96/><G96/><T120/><D123/><U133/><E133/><V60/><F64/><W68/><G132/><RYUUKYOKU ba="0,0" sc="297,10,226,10,307,10,170,-30" hai0="4,5,6,40,42,48,55,57,83,91,120,121,122" hai1="20,23,54,58,61,66,70,113,114,115" hai2="21,25,30,60,62,134,135" /><INIT seed="4,1,0,1,0,35" ten="307,236,317,140" oya="0" hai0="86,122,11,63,10,127,52,15,99,18,104,8,60" hai1="4,5,73,58,131,70,28,23,71,9,80,3,121" hai2="55,33,85,44,31,109,20,103,67,30,134,98,82" hai3="117,114,123,38,76,43,39,116,48,65,135,77,110"/><T95/><D122/><U100/><E121/><V78/><F33/><W34/><G34/><T61/><D104/><U133/><E100/><V17/><F67/><W24/><G123/><T126/><D86/><U74/><E131/><V0/><F134/><W50/><G24/><T106/><D106/><U94/><E133/><V46/><F109/><W7/><G135/><T91/><REACH who="0" step="1"/><D52/><REACH who="0" ten="297,236,317,140" step="2"/><U54/><E54/><V36/><F55/><W64/><G110/><T1/><D1/><U129/><E3/><V40/><F0/><W22/><G116/><T66/><D66/><U96/><E74/><V108/><F108/><W105/><G105/><T57/><D57/><U118/><E58/><V79/><F46/><W92/><G117/><T107/><D107/><U112/><E73/><V41/><F40/><W13/><G43/><T29/><D29/><U113/><E28/><V72/><F72/><W42/><G42/><T81/><D81/><U47/><E80/><V59/><F59/><W68/><G65/><T84/><D84/><U6/><E47/><V25/><F79/><W75/><G64/><T87/><D87/><U32/><E118/><V26/><F31/><W125/><G75/><T2/><D2/><U111/><E111/><V45/><F45/><W56/><G56/><T21/><AGARI ba="1,1" hai="8,10,11,15,18,21,60,61,63,91,95,99,126,127" machi="21" ten="40,3900,0" yaku="1,1,0,1,53,0" doraHai="35" doraHaiUra="83" who="0" fromWho="0" sc="297,52,236,-14,317,-14,140,-14" /><INIT seed="4,2,0,0,0,4" ten="349,222,303,126" oya="0" hai0="37,76,88,34,131,85,123,89,74,80,22,114,21" hai1="54,15,86,1,63,93,35,55,12,107,52,87,17" hai2="78,105,100,108,69,58,43,29,59,133,45,65,91" hai3="6,28,113,79,33,32,11,39,38,72,102,50,83"/><T9/><D123/><U8/><E107/><V23/><F108/><W117/><G117/><T84/><D34/><U82/><E1/><V127/><F78/><W10/><G113/><T104/><D104/><U124/><E35/><V30/><F69/><W0/><G102/><T125/><D37/><N who="3" m="13833" /><G28/><T109/><D114/><U25/><E25/><V64/><F105/><W53/><G50/><T101/><D101/><U119/><E119/><V3/><F3/><N who="3" m="351" /><G53/><T77/><D109/><U98/><E124/><V56/><F100/><W5/><AGARI ba="2,0" hai="0,5,11,32,33,72,79,83" m="351,13833" machi="5" ten="30,7900,0" yaku="33,2,52,2" doraHai="4" who="3" fromWho="3" sc="349,-41,222,-22,303,-22,126,85" /><INIT seed="5,0,0,4,1,36" ten="308,200,281,211" oya="1" hai0="4,24,100,9,5,81,115,75,90,74,31,23,2" hai1="80,104,12,91,62,49,122,86,120,107,71,28,21" hai2="109,108,131,134,103,96,16,50,11,34,67,58,15" hai3="105,88,48,112,42,61,135,0,13,39,93,59,133"/><U46/><E71/><V116/><F116/><W38/><G0/><T121/><D115/><U102/><E62/><V40/><F34/><W114/><G105/><T45/><D121/><U25/><E12/><V126/><F126/><W37/><G13/><T72/><D100/><U10/><E10/><V44/><F134/><N who="3" m="51211" /><G48/><T32/><D5/><U47/><E47/><V82/><F131/><W66/><G93/><T85/><D45/><U95/><E107/><V29/><F29/><W129/><G88/><T63/><REACH who="0" step="1"/><D63/><REACH who="0" ten="298,200,281,211" step="2"/><U22/><E102/><V60/><REACH who="2" step="1"/><F82/><REACH who="2" ten="298,200,271,211" step="2"/><W111/><G129/><T98/><D98/><U30/><E80/><V54/><F54/><W132/><G132/><T6/><D6/><U78/><E122/><V52/><F52/><N who="3" m="34023" /><G111/><T18/><D18/><U27/><E120/><V106/><AGARI ba="0,2" hai="11,15,16,40,44,50,58,60,67,96,103,106,108,109" machi="106" ten="20,8000,1" yaku="1,1,0,1,7,1,52,1,54,1,53,0" doraHai="36" doraHaiUra="124" who="2" fromWho="2" sc="298,-20,200,-40,271,100,211,-20" /><INIT seed="6,0,0,3,5,23" ten="278,160,371,191" oya="2" hai0="72,110,127,101,117,43,71,44,31,123,57,67,8" hai1="42,25,88,38,59,82,53,78,121,28,64,3,112" hai2="0,20,5,45,124,54,119,33,120,65,32,108,96" hai3="107,102,34,1,62,99,81,132,10,115,114,94,52"/><V37/><F119/><W87/><G34/><T95/><D72/><U6/><E112/><N who="3" m="43050" /><G132/><T135/><D135/><U85/><E121/><V75/><F75/><W105/><G1/><T77/><D123/><U80/><E64/><V70/><F70/><W125/><G10/><T76/><D117/><U134/><E134/><V86/><F65/><W19/><G19/><T68/><D8/><U30/><E3/><V51/><F37/><W63/><G125/><T12/><D12/><U9/><E38/><V98/><F124/><W66/><G66/><T50/><D127/><U100/><E42/><V7/><F33/><W92/><G92/><T41/><D41/><U36/><E36/><V40/><F32/><W18/><G18/><T109/><D68/><U48/><E100/><V29/><F0/><W106/><G52/><T22/><D71/><U116/><E116/><V97/><F54/><W131/><G131/><T15/><D109/><U17/><E6/><V73/><F108/><W133/><G133/><T49/><D110/><U128/><E128/><V55/><F55/><W60/><G60/><N who="0" m="38287" /><D49/><U46/><E46/><V69/><F69/><W93/><G93/><T113/><D113/><U89/><E89/><AGARI ba="0,0" hai="62,63,81,87,89,94,99,102,105,106,107" m="43050" machi="89" ten="40,2600,0" yaku="15,1,11,1" doraHai="23" who="3" fromWho="1" sc="278,0,160,-26,371,0,191,26" /><INIT seed="7,0,0,5,4,50" ten="278,134,371,217" oya="3" hai0="48,15,119,36,73,102,94,114,124,81,101,97,91" hai1="67,72,104,62,41,131,23,84,10,0,54,74,71" hai2="53,133,83,65,80,135,70,59,18,127,45,30,20" hai3="129,92,95,78,11,51,87,88,57,118,5,111,35"/><W13/><G118/><T24/><D36/><U128/><E104/><V1/><F1/><W93/><G35/><T115/><D119/><U40/><E23/><V89/><F30/><W28/><G129/><T79/><D24/><U22/><E22/><V49/><F70/><W106/><G106/><T31/><D31/><U46/><E84/><V6/><F6/><W134/><G134/><N who="2" m="51209" /><F127/><W55/><G111/><T26/><D26/><U82/><E0/><V34/><F89/><W103/><G103/><N who="0" m="39435" /><D48/><N who="1" m="28951" /><E10/><V37/><F34/><W99/><G28/><T113/><D15/><U125/><E82/><AGARI ba="0,0" hai="5,11,13,51,55,57,78,82,87,88,92,93,95,99" machi="82" ten="40,7700,0" yaku="8,1,52,1,54,1" doraHai="50" who="3" fromWho="1" sc="278,0,134,-77,371,0,217,77" /><INIT seed="7,1,0,4,1,107" ten="278,57,371,294" oya="3" hai0="113,6,69,84,87,38,31,47,65,114,37,112,85" hai1="15,3,99,122,41,26,60,131,116,76,98,119,110" hai2="67,80,77,58,128,66,93,73,125,124,81,133,24" hai3="88,19,109,97,74,94,10,28,43,104,86,23,18"/><W29/><G109/><T5/><D31/><U8/><E3/><V118/><F118/><W49/><G74/><T32/><D32/><U45/><E110/><V89/><F133/><W27/><G104/><T127/><D127/><N who="2" m="48714" /><F128/><W102/><G43/><T90/><D90/><U33/><E76/><N who="2" m="44047" /><F24/><W13/><REACH who="3" step="1"/><G49/><REACH who="3" ten="278,57,371,284" step="2"/><T7/><D47/><U120/><E41/><V71/><F71/><W30/><G30/><T115/><N who="0" m="28672" /><DORA hai="83" /><T25/><D25/><U79/><E45/><V46/><F46/><W91/><G91/><T72/><D72/><U9/><E26/><V126/><F126/><W35/><G35/><T123/><D123/><U1/><E33/><V36/><F36/><W44/><G44/><T135/><D135/><U100/><E131/><V70/><F70/><W59/><G59/><T101/><D101/><U121/><E100/><V92/><F58/><W108/><G108/><T106/><D106/><U51/><E51/><V95/><F89/><W55/><G55/><T52/><D52/><U11/><E60/><AGARI ba="1,1" hai="5,6,7,37,38,60,65,69,84,85,87" m="28672" machi="60" ten="80,12000,2" yaku="29,2,15,1,11,1,52,3" doraHai="107,83" who="0" fromWho="1" sc="278,133,57,-123,371,0,284,0" owari="411,52.0,-66,-57.0,371,17.0,284,-12.0" /></mjloggm>