<mjloggm ver="2.3"><GO type="169"/><UN n0="%E5%89%A3%E5%9F%8E" n1="%4B%69%53%68%69%6D%40" n2="%E5%A4%A7%E6%AD%A3%E9%BA%BB%E9%9B%80%E5%A8%98%E3%80%82" n3="%EF%BC%88%E2%89%A7%E2%96%BD%E2%89%A6%EF%BC%89" dan="16,16,17,18" rate="2073,2029,2128,2125" sx="M,M,F,M"/><TAIKYOKU oya="0"/><INIT seed="0,0,0,2,5,36" ten="250,250,250,250" oya="0" hai0="122,42,119,90,10,65,130,52,8,113,9,89,92" hai1="63,61,107,75,0,116,50,7,134,78,40,133,108" hai2="110,48,54,47,14,85,64,23,86,20,128,58,80" hai3="35,96,28,43,123,25,62,124,44,115,95,67,45"/><T104/><D104/><U132/><E107/><V55/><F110/><W135/><G115/><T34/><D34/><U106/><E106/><V127/><F127/><W129/><G124/><T41/><D113/><U17/><E116/><V74/><F128/><W118/><G118/><T87/><D119/><U100/><E100/><V101/><F101/><W38/><G129/><T114/><D122/><U24/><E108/><V112/><F112/><W83/><G123/><T27/><D114/><U56/><E7/><V131/><F131/><W6/><G135/><T109/><D109/><U26/><E0/><V33/><F33/><W4/><G45/><T102/><D65/><N who="1" m="39079" /><E63/><V91/><F74/><W60/><G83/><N who="0" m="49407" /><D130/><U77/><E75/><V79/><F64/><W11/><G11/><T84/><D102/><U76/><E17/><V71/><F71/><W66/><G62/><T103/><D103/><U105/><E105/><V3/><F3/><W82/><G67/><T97/><D97/><U21/><E21/><V1/><F1/><W39/><G39/><T98/><D98/><U46/><AGARI ba="0,0" hai="24,26,40,46,50,76,77,78,132,133,134" m="39079" machi="46" ten="40,2700,0" yaku="20,1,52,1" doraHai="36" who="1" fromWho="1" sc="250,-13,250,27,250,-7,250,-7" /><INIT seed="1,0,0,4,2,35" ten="237,277,243,243" oya="1" hai0="79,10,115,135,49,127,45,39,18,80,32,27,107" hai1="52,91,8,118,106,87,119,33,111,74,67,54,114" hai2="34,82,125,105,69,28,65,43,57,100,2,97,48" hai3="117,21,19,6,14,17,134,38,104,98,86,81,24"/><U76/><E114/><V63/><F125/><W22/><G38/><T20/><D107/><U124/><E33/><V0/><F82/><W3/><G117/><T46/><D115/><U122/><E122/><V31/><F31/><W113/><G113/><T55/><D127/><U40/><E124/><V59/><F43/><W71/><G71/><T75/><D135/><U15/><E40/><V66/><F66/><W126/><G134/><T90/><D39/><U94/><E67/><V132/><F132/><W13/><G126/><T70/><D70/><U89/><E106/><V50/><F50/><W7/><G24/><T36/><D36/><U58/><E111/><V61/><F48/><W96/><G104/><T72/><D32/><U68/><E68/><V9/><F63/><W92/><G3/><N who="2" m="1065" /><F9/><W1/><G1/><T16/><D90/><U112/><E112/><V116/><F116/><W64/><G64/><T56/><REACH who="0" step="1"/><D75/><REACH who="0" ten="227,277,243,243" step="2"/><U44/><E89/><V4/><F4/><N who="3" m="1579" /><G92/><T123/><D123/><U5/><E74/><V121/><F121/><W29/><G29/><T41/><D41/><U25/><E118/><V30/><F30/><W108/><G108/><T53/><D53/><U93/><E119/><V129/><F28/><W51/><G51/><T12/><AGARI ba="0,1" hai="10,12,16,18,20,27,45,46,49,55,56,72,79,80" machi="12" ten="30,7900,0" yaku="1,1,0,1,54,1,53,1" doraHai="35" doraHaiUra="78" who="0" fromWho="0" sc="227,89,277,-39,243,-20,243,-20" /><INIT seed="2,0,0,3,4,34" ten="316,238,223,223" oya="2" hai0="81,110,115,54,50,20,63,56,70,88,123,48,9" hai1="60,120,76,72,62,100,39,126,67,16,91,103,1" hai2="51,31,18,83,2,61,135,26,87,101,3,24,98" hai3="40,15,46,95,11,122,27,128,134,102,21,77,14"/><V35/><F135/><W96/><G122/><T49/><D123/><U84/><E120/><V90/><F51/><W117/><G134/><T0/><D115/><U65/><E39/><V57/><F18/><W69/><G128/><T86/><D70/><U7/><E72/><V131/><F26/><W108/><G117/><T107/><D107/><U79/><E126/><V82/><F83/><W10/><G108/><T111/><REACH who="0" step="1"/><D20/><REACH who="0" ten="306,238,223,223" step="2"/><U64/><E100/><V104/><REACH who="2" step="1"/><F131/><REACH who="2" ten="306,238,213,223" step="2"/><W78/><G21/><T12/><D12/><U93/><E1/><V6/><F6/><AGARI ba="0,2" hai="0,6,9,48,49,50,54,56,63,81,86,88,110,111" machi="6" ten="40,5200,0" yaku="1,1,52,1,54,1,53,0" doraHai="34" doraHaiUra="133" who="0" fromWho="2" sc="306,72,238,0,213,-52,223,0" /><INIT seed="3,0,0,1,4,120" ten="378,238,161,223" oya="3" hai0="112,14,20,35,121,135,133,129,128,114,122,60,12" hai1="7,124,90,56,58,40,111,101,125,118,83,134,25" hai2="76,57,86,132,21,45,28,5,126,0,15,50,36" hai3="69,95,131,52,49,109,34,17,13,41,53,96,29"/><W130/><G69/><T59/><D59/><U105/><E134/><N who="0" m="51209" /><D60/><U38/><E118/><V16/><F132/><W74/><G74/><T80/><D35/><U68/><E68/><V89/><F126/><N who="1" m="48745" /><E7/><V24/><F76/><W67/><G67/><T75/><D80/><U44/><E25/><V85/><F36/><W43/><G29/><T110/><D75/><U117/><E117/><V108/><F57/><N who="1" m="22121" /><E111/><V32/><F108/><W77/><G34/><T119/><D110/><U6/><E6/><V66/><F66/><W79/><G109/><T70/><D70/><U107/><E101/><V88/><F86/><AGARI ba="0,0" hai="38,40,44,83,86,90,105,107" m="22121,48745" machi="86" ten="30,1000,0" yaku="18,1" doraHai="120" who="1" fromWho="2" sc="378,0,238,10,161,-10,223,0" /><INIT seed="4,0,0,1,1,84" ten="378,248,151,223" oya="0" hai0="15,47,104,52,28,75,20,12,95,78,98,57,42" hai1="63,110,81,107,72,85,11,36,43,135,106,3,101" hai2="40,89,71,116,21,73,80,14,124,125,48,50,100" hai3="122,8,109,7,24,113,82,99,117,32,55,2,60"/><T5/><D104/><U34/><E110/><V92/><F116/><W23/><G109/><T49/><D5/><U58/><E34/><V91/><F71/><W35/><G117/><T41/><D75/><U83/><E135/><V118/><F118/><W97/><G122/><T16/><D78/><N who="1" m="44231" /><E101/><V1/><F1/><W93/><G113/><T129/><D129/><U25/><E25/><V102/><F73/><W132/><G132/><T54/><D28/><U0/><E0/><V123/><F123/><W26/><G82/><T61/><D12/><U62/><E85/><N who="2" m="50343" /><F124/><W17/><G26/><T119/><D119/><U30/><E83/><V79/><F79/><W108/><G99/><T111/><D111/><U67/><E30/><V44/><F50/><W121/><G108/><T51/><D51/><U74/><E62/><V22/><F125/><W130/><G121/><T86/><D86/><U87/><E87/><N who="2" m="52351" /><F14/><W53/><G130/><T4/><D4/><N who="1" m="1439" /><E74/><V65/><F65/><W88/><REACH who="3" step="1"/><G60/><REACH who="3" ten="378,248,151,213" step="2"/><T76/><D76/><U31/><E63/><V64/><F64/><W38/><G38/><T69/><D69/><U70/><E70/><V59/><F59/><W128/><G128/><T10/><D10/><U133/><E133/><V120/><F120/><W13/><G13/><T90/><AGARI ba="0,1" hai="15,16,20,41,42,47,49,52,54,57,61,90,95,98" machi="90" ten="20,18000,2" yaku="0,1,7,1,8,1,52,1,54,2" doraHai="84" who="0" fromWho="0" sc="378,190,248,-60,151,-60,213,-60" /><INIT seed="4,1,0,5,3,131" ten="568,188,91,153" oya="0" hai0="109,105,80,29,65,86,127,12,108,52,129,48,71" hai1="40,8,36,107,9,44,87,56,14,11,96,63,35" hai2="55,93,64,73,15,114,26,119,37,39,43,1,21" hai3="79,118,57,113,99,110,70,38,32,74,25,94,130"/><T2/><D2/><U121/><E121/><V19/><F1/><W10/><G70/><T23/><D105/><U22/><E35/><V54/><F73/><W92/><G38/><T104/><D104/><U98/><E107/><V135/><F114/><W128/><G110/><T3/><D3/><U51/><E36/><V30/><F64/><W112/><G10/><T83/><D129/><N who="3" m="49769" /><G118/><T5/><D127/><U31/><E87/><V45/><F119/><W122/><G122/><T88/><D65/><U28/><E14/><V49/><F39/><W69/><G69/><T84/><D71/><U16/><E16/><V66/><F66/><W13/><G13/><T90/><D29/><N who="1" m="11339" /><E22/><V50/><F93/><N who="3" m="35947" /><G25/><T61/><D61/><U117/><E117/><V68/><F68/><W81/><G32/><T27/><D27/><U75/><E75/><V20/><F37/><W77/><G57/><T6/><D23/><U47/><E47/><V53/><REACH who="2" step="1"/><F50/><REACH who="2" ten="568,188,81,153" step="2"/><W42/><G113/><T133/><D48/><U132/><E51/><V101/><F101/><W62/><G112/><T115/><D115/><U0/><E0/><V126/><F126/><W60/><G74/><T72/><D72/><U125/><E125/><V78/><F78/><W97/><G79/><T82/><D108/><U85/><E63/><V41/><F41/><W24/><G42/><T46/><D109/><U123/><E40/><V18/><F18/><W59/><G62/><T76/><D76/><U17/><E17/><V102/><F102/><W91/><G77/><T120/><D120/><U124/><E123/><V95/><F95/><RYUUKYOKU ba="1,1" sc="568,-10,188,-10,81,30,153,-10" hai2="15,19,20,21,26,30,43,45,49,53,54,55,135" /><INIT seed="5,2,1,1,0,17" ten="558,178,111,143" oya="1" hai0="96,134,26,106,64,132,101,119,105,37,108,86,55" hai1="30,34,79,77,25,41,120,18,70,93,126,72,29" hai2="78,107,123,40,58,113,73,118,127,116,84,61,115" hai3="99,15,92,6,42,31,85,98,32,91,135,89,1"/><U49/><E120/><V63/><F107/><W11/><G135/><T65/><D108/><U28/><E70/><V114/><F73/><W47/><G1/><T45/><D119/><N who="2" m="45610" /><F127/><W52/><G32/><T54/><D26/><U5/><E126/><V60/><F123/><W13/><G31/><T22/><D86/><U122/><E122/><V87/><F78/><W110/><G110/><T133/><D22/><N who="1" m="13527" /><E34/><V33/><F33/><W20/><G89/><T53/><D106/><U10/><E72/><V21/><F21/><W117/><G117/><T130/><D130/><U94/><E10/><V27/><F27/><W102/><G102/><T39/><D45/><N who="1" m="25775" /><E5/><V50/><F87/><W12/><G20/><T38/><AGARI ba="2,1" hai="37,38,39,53,54,55,64,65,96,101,105,132,133,134" machi="38" ten="50,8000,1" yaku="0,1,29,2,20,1" doraHai="17" who="0" fromWho="0" sc="558,96,178,-42,111,-22,143,-22" /><INIT seed="6,0,0,5,2,111" ten="654,136,89,121" oya="2" hai0="80,135,107,73,59,3,17,54,20,87,76,12,35" hai1="132,121,7,93,134,106,18,24,30,116,44,127,2" hai2="84,123,77,95,61,100,92,31,28,51,74,37,11" hai3="23,14,36,13,63,86,75,85,98,83,103,88,10"/><V105/><F123/><W9/><G36/><T57/><D35/><U32/><E106/><V42/><F37/><W104/><G75/><T26/><D3/><U41/><E116/><V109/><F74/><W110/><G110/><T46/><D107/><U25/><E121/><V43/><F105/><W40/><G40/><N who="2" m="15401" /><F109/><W72/><G72/><T82/><D135/><N who="1" m="51755" /><E127/><V38/><F38/><W94/><G63/><T81/><D46/><U114/><E114/><V97/><F51/><W1/><G1/><T101/><D101/><U130/><E130/><V117/><F117/><W102/><G102/><T39/><D39/><N who="1" m="21567" /><E93/><N who="2" m="58415" /><F11/><N who="3" m="4107" /><G104/><T65/><D73/><U115/><E115/><V112/><F112/><W34/><G34/><T21/><D65/><U122/><E122/><V15/><F15/><W48/><G48/><N who="0" m="30919" /><D59/><U133/><E133/><V56/><F95/><N who="3" m="58847" /><G23/><T6/><D6/><U124/><E124/><V45/><F45/><W50/><G50/><T0/><D0/><U96/><E2/><V70/><F70/><W129/><G129/><T47/><D47/><U99/><E7/><V66/><F92/><W113/><G113/><T52/><D21/><AGARI ba="0,0" hai="18,21,24,25,30,32,96,99" m="21567,51755" machi="21" ten="30,1000,0" yaku="20,1" doraHai="111" who="1" fromWho="0" sc="654,-10,136,10,89,0,121,0" /><INIT seed="7,0,0,3,5,98" ten="644,146,89,121" oya="3" hai0="110,5,73,86,61,112,129,111,4,93,101,62,119" hai1="123,10,57,45,115,46,59,91,90,54,3,34,100" hai2="116,12,71,124,44,87,8,43,121,113,107,60,67" hai3="109,114,21,36,25,99,131,40,63,35,48,82,78"/><W106/><G21/><T74/><D86/><U81/><E115/><V84/><F113/><W16/><G114/><T42/><D112/><U88/><E123/><V120/><F116/><W37/><G16/><T20/><D93/><U15/><E3/><V9/><F124/><W66/><G131/><T79/><D20/><U69/><E69/><V11/><F12/><W53/><G109/><T130/><D101/><U0/><E0/><V14/><F14/><W41/><G41/><T117/><D42/><U24/><E100/><V122/><REACH who="2" step="1"/><F107/><REACH who="2" ten="644,146,79,121" step="2"/><W28/><G106/><T72/><D72/><U108/><E15/><V30/><F30/><W76/><G28/><T126/><D79/><U1/><E1/><V134/><F134/><W97/><G76/><T75/><D73/><U7/><E108/><V26/><F26/><W29/><G78/><T22/><D22/><U133/><E133/><V18/><F18/><W51/><G25/><T23/><D23/><U33/><E24/><V94/><F94/><W50/><G29/><T70/><D70/><U132/><E132/><V92/><F92/><W128/><G35/><T27/><D27/><U85/><E33/><V13/><F13/><W125/><G128/><T103/><D103/><U68/><E34/><V96/><F96/><W135/><G97/><T52/><D52/><U89/><E68/><V19/><F19/><W65/><G99/><T118/><D117/><U95/><E95/><V64/><F64/><W31/><G66/><T17/><D17/><U39/><E10/><V38/><AGARI ba="0,1" hai="8,9,11,38,43,44,60,67,71,84,87,120,121,122" machi="38" ten="40,5200,0" yaku="1,1,0,1,13,1,53,0" doraHai="98" doraHaiUra="32" who="2" fromWho="2" sc="644,-13,146,-13,79,62,121,-26" owari="631,73.0,133,-27.0,141,-6.0,95,-40.0" /></mjloggm>