<mjloggm ver="2.3"><GO type="169" lobby="0"/><UN n0="%63%68%61%72%68%69%6D%65" n1="%EF%BC%88%E2%89%A7%E2%96%BD%E2%89%A6%EF%BC%89" n2="%41%53%41%50%49%4E" n3="%E7%88%B6%E3%81%A1%E3%82%83%E3%82%93%E8%A6%8B%E3%81%A6%E3%82%8B%EF%BC%9F" dan="16,17,19,16" rate="2041,2105,2213,2028" sx="F,M,M,M"/><TAIKYOKU oya="0"/><INIT seed="0,0,0,3,5,132" ten="250,250,250,250" oya="0" hai0="63,18,109,72,129,28,83,57,116,47,1,123,81" hai1="85,122,64,102,126,111,105,93,52,54,53,0,35" hai2="36,25,66,89,92,38,7,112,99,20,58,8,60" hai3="43,37,14,110,23,130,96,33,128,32,12,91,24"/><T71/><D123/><U4/><E122/><V90/><F112/><W34/><G110/><T135/><D116/><U94/><E111/><V68/><F68/><W84/><G96/><T44/><D1/><U131/><E35/><V108/><F108/><W45/><G84/><T74/><D135/><U39/><E39/><V77/><F77/><W11/><G91/><T88/><D71/><U79/><E131/><N who="3" m="50218" /><G11/><T48/><D28/><AGARI ba="0,0" hai="12,14,23,24,28,32,33,34,37,43,45" m="50218" machi="28" ten="40,1300,0" yaku="19,1" doraHai="132" who="3" fromWho="0" sc="250,-13,250,0,250,0,250,13" /><INIT seed="1,0,0,1,4,118" ten="237,250,250,263" oya="1" hai0="27,48,109,98,112,133,84,40,86,30,46,87,38" hai1="16,4,69,44,62,74,91,55,45,43,110,49,18" hai2="102,77,108,101,29,50,61,52,72,97,1,42,59" hai3="117,88,53,58,13,121,19,34,22,128,76,63,106"/><U33/><E74/><V75/><F1/><W9/><G106/><T21/><D112/><U66/><E33/><V39/><F39/><W105/><G105/><T95/><D109/><U11/><E91/><V5/><F5/><W12/><G34/><T7/><D133/><U65/><E65/><V131/><F131/><W68/><G128/><T89/><D38/><U114/><E110/><V116/><F116/><W15/><G76/><T82/><REACH who="0" step="1"/><D7/><REACH who="0" ten="227,250,250,263" step="2"/><U54/><E114/><V31/><F108/><W81/><G117/><T124/><D124/><U83/><E83/><AGARI ba="0,1" hai="21,27,30,40,46,48,82,83,84,86,87,89,95,98" machi="83" ten="40,2600,0" yaku="1,1,8,1,53,0" doraHai="118" doraHaiUra="120" who="0" fromWho="1" sc="227,36,250,-26,250,0,263,0" /><INIT seed="2,0,0,4,5,39" ten="263,224,250,263" oya="2" hai0="66,70,67,106,98,33,79,60,12,8,133,58,109" hai1="80,89,61,135,75,63,85,104,42,69,29,32,127" hai2="40,45,14,71,34,111,1,56,43,68,50,126,41" hai3="65,19,30,119,123,93,26,17,74,92,7,77,122"/><V81/><F1/><W97/><G119/><T18/><D109/><U117/><E117/><V59/><F34/><W83/><G7/><T15/><D133/><U132/><E127/><V28/><F28/><W44/><G65/><T53/><D79/><U9/><E104/><V118/><F118/><W96/><G93/><T73/><D73/><U52/><E75/><V0/><F0/><W108/><G108/><T125/><D33/><U78/><E78/><V134/><F111/><W112/><G96/><T49/><D125/><U20/><E32/><V91/><F126/><W86/><G112/><T27/><D67/><U4/><E69/><V95/><F81/><W47/><G74/><T13/><D106/><U90/><E90/><V128/><F134/><N who="1" m="51241" /><E52/><N who="2" m="29775" /><F68/><W131/><G30/><T76/><D76/><U57/><E57/><N who="2" m="22091" /><F71/><W11/><G123/><T99/><REACH who="0" step="1"/><D8/><REACH who="0" ten="253,224,250,263" step="2"/><U55/><E9/><V23/><F128/><W107/><G11/><T124/><D124/><U94/><E63/><V88/><F95/><W72/><G92/><T101/><D101/><U121/><E94/><V120/><F120/><W35/><G122/><T129/><D129/><U114/><E121/><V5/><F5/><W100/><G131/><T22/><AGARI ba="0,1" hai="12,13,15,18,22,27,49,53,58,60,66,70,98,99" machi="22" ten="30,2000,0" yaku="1,1,0,1,53,0" doraHai="39" doraHaiUra="25" who="0" fromWho="0" sc="253,30,224,-5,250,-10,263,-5" /><INIT seed="3,0,0,2,5,48" ten="283,219,240,258" oya="3" hai0="39,49,71,33,95,79,1,113,107,111,22,63,20" hai1="80,121,64,45,17,43,18,76,126,118,73,28,30" hai2="88,89,15,108,127,93,84,90,104,57,98,58,42" hai3="54,66,103,56,27,85,87,131,125,96,12,69,105"/><W86/><G131/><T40/><D33/><U26/><E121/><V52/><F108/><W62/><G125/><T60/><D1/><U135/><E126/><V117/><F127/><W92/><G12/><T124/><D107/><U44/><E118/><V102/><F117/><W122/><G122/><T13/><D111/><U16/><E135/><V21/><F57/><W83/><G27/><T36/><D79/><U53/><E64/><V31/><F42/><W74/><G74/><T4/><D39/><U78/><E78/><V9/><F31/><W50/><REACH who="3" step="1"/><G105/><REACH who="3" ten="283,219,240,248" step="2"/><T133/><D124/><U25/><E25/><V132/><F132/><W35/><G35/><T19/><D13/><U38/><E26/><V51/><F21/><W47/><G47/><T101/><D22/><U65/><E28/><V0/><F0/><W114/><G114/><T3/><D20/><U6/><E30/><V77/><F77/><AGARI ba="0,1" hai="50,54,56,62,66,69,77,83,85,86,87,92,96,103" machi="77" ten="30,11600,0" yaku="1,1,7,1,52,1,53,1" doraHai="48" doraHaiUra="97" who="3" fromWho="2" sc="283,0,219,0,240,-116,248,126" /><INIT seed="3,1,0,2,5,10" ten="283,219,124,374" oya="3" hai0="62,102,71,68,100,114,63,108,87,20,35,36,99" hai1="25,65,16,83,129,42,119,51,5,58,66,45,54" hai2="57,8,125,112,91,96,39,38,67,61,73,92,104" hai3="88,131,133,46,127,122,53,44,1,13,24,43,121"/><W40/><G1/><T30/><D36/><U123/><E123/><V0/><F112/><W59/><G24/><T47/><D108/><U14/><E129/><V49/><F73/><W80/><G131/><T128/><D128/><U105/><E105/><V134/><F125/><W97/><G127/><T72/><D72/><U15/><E119/><V101/><F134/><W29/><G29/><T75/><D75/><U120/><E120/><V135/><F135/><W90/><G133/><T116/><D47/><N who="3" m="17961" /><G122/><T82/><D116/><U2/><E2/><V81/><F81/><W85/><G121/><T52/><D35/><U23/><E83/><V106/><F49/><N who="3" m="31151" /><G13/><N who="1" m="4618" /><E5/><V32/><F32/><W84/><G97/><T98/><D30/><U130/><E130/><V26/><F26/><W48/><G48/><AGARI ba="1,0" hai="16,23,25,42,45,48,51,54,58,65,66" m="4618" machi="48" ten="30,8000,1" yaku="8,1,52,3,54,1" doraHai="10" who="1" fromWho="3" sc="283,0,219,83,124,0,374,-83" /><INIT seed="4,0,0,5,2,69" ten="283,302,124,291" oya="0" hai0="2,21,81,50,123,74,86,65,16,85,115,128,109" hai1="77,42,119,37,9,46,113,41,125,93,107,15,31" hai2="88,30,73,56,134,67,104,24,58,40,106,118,8" hai3="51,114,36,70,120,18,108,127,79,112,3,29,68"/><T54/><D123/><U91/><E119/><V80/><F118/><W131/><G79/><T45/><D2/><U82/><E107/><V105/><F134/><W60/><G29/><T20/><D115/><U38/><E113/><V44/><F67/><W102/><G102/><T0/><D0/><U94/><E31/><V76/><F8/><W101/><G101/><T99/><D99/><U92/><E125/><V63/><F63/><W32/><G32/><T111/><D65/><U122/><E122/><V55/><F55/><W17/><G18/><T110/><D128/><U22/><E22/><V12/><F12/><W62/><G17/><T23/><D16/><U14/><E91/><V48/><REACH who="2" step="1"/><F88/><REACH who="2" ten="283,302,114,291" step="2"/><W52/><G120/><T4/><D4/><U83/><E9/><V61/><F61/><N who="3" m="23659" /><G3/><T64/><D64/><U87/><E82/><V130/><F130/><W103/><G131/><T78/><AGARI ba="0,1" hai="20,21,23,45,50,54,74,78,81,85,86,109,110,111" machi="78" ten="40,3900,0" yaku="0,1,10,1" doraHai="69" who="0" fromWho="0" sc="283,49,302,-13,114,-13,291,-13" /><INIT seed="4,1,0,1,0,103" ten="332,289,101,278" oya="0" hai0="16,62,72,44,74,126,90,111,94,57,46,109,59" hai1="66,120,112,27,100,20,69,97,14,53,95,29,10" hai2="132,65,63,122,107,7,81,60,9,73,32,114,128" hai3="105,125,131,108,22,47,43,88,119,48,92,37,104"/><T56/><D126/><U8/><E120/><V40/><F122/><W35/><G35/><T58/><D62/><U68/><E112/><V25/><F63/><W28/><G108/><N who="0" m="41547" /><D16/><U38/><E38/><V98/><F114/><W12/><G119/><T118/><N who="0" m="14848" /><DORA hai="115" /><T39/><D118/><U75/><E66/><V84/><F40/><W133/><G125/><T113/><D113/><U4/><E75/><N who="0" m="28713" /><D39/><U79/><E68/><N who="2" m="42023" /><F73/><W82/><G37/><T30/><D30/><U110/><E69/><V121/><F121/><W17/><G28/><T6/><D6/><U36/><E36/><V117/><F7/><W3/><G3/><T86/><AGARI ba="1,0" hai="44,46,86,90,94" m="28713,14848,41547" machi="86" ten="50,2400,0" yaku="10,1" doraHai="103,115" who="0" fromWho="0" sc="332,27,289,-9,101,-9,278,-9" /><INIT seed="4,2,0,1,3,128" ten="359,280,92,269" oya="0" hai0="116,37,23,68,49,45,57,22,112,34,94,42,77" hai1="15,38,75,26,32,10,24,67,87,92,82,85,56" hai2="97,74,31,62,63,131,110,71,134,52,4,14,27" hai3="18,51,119,81,91,69,114,44,48,3,33,70,104"/><T50/><D34/><U102/><E38/><V101/><F110/><W72/><G104/><T59/><D116/><U43/><E75/><V6/><F131/><W0/><G119/><T109/><D77/><N who="1" m="46287" /><E43/><V127/><F74/><W80/><G114/><T93/><D68/><U30/><E32/><V115/><F115/><W25/><G33/><T100/><D109/><U120/><E30/><V16/><F127/><W130/><G130/><T106/><D37/><U36/><E36/><V17/><F134/><W124/><G124/><T28/><D106/><U103/><E120/><V66/><F17/><W76/><G91/><T113/><D28/><U105/><E105/><V47/><F27/><W12/><G76/><T39/><D39/><U1/><E1/><V90/><F90/><W123/><G72/><T40/><D100/><N who="1" m="38443" /><E92/><V135/><F31/><W2/><G2/><T58/><D58/><U41/><E87/><V29/><F135/><W118/><G118/><T84/><REACH who="0" step="1"/><D84/><REACH who="0" ten="349,280,92,269" step="2"/><U86/><E86/><V89/><F29/><W55/><G70/><T133/><D133/><U83/><E83/><V54/><F89/><W20/><G69/><T9/><D9/><U126/><E126/><V117/><F117/><W125/><G125/><T13/><D13/><U122/><E15/><V65/><F101/><W7/><G80/><T19/><D19/><U108/><E10/><V129/><F129/><W53/><G81/><T121/><D121/><U5/><E122/><V46/><F71/><W73/><G123/><T78/><D78/><U132/><E108/><V88/><F14/><W111/><G111/><RYUUKYOKU ba="2,1" sc="349,30,280,-10,92,-10,269,-10" hai0="22,23,40,42,45,49,50,57,59,93,94,112,113" /><INIT seed="4,3,1,3,4,49" ten="379,270,82,259" oya="0" hai0="43,19,75,97,78,31,117,115,100,44,69,65,34" hai1="82,62,8,23,125,129,86,60,17,116,74,40,101" hai2="133,3,108,16,120,4,57,30,109,124,27,18,94" hai3="52,113,15,54,66,110,98,134,22,87,55,32,36"/><T58/><D117/><U84/><E116/><V48/><F120/><W126/><G110/><T90/><D90/><U70/><E129/><V85/><F133/><W68/><G36/><T122/><D19/><U67/><E125/><V128/><F124/><W39/><G39/><T45/><D45/><U111/><E111/><V104/><F104/><W14/><G32/><T20/><D20/><U71/><E101/><V61/><F128/><W121/><G68/><T1/><D1/><U53/><E40/><V47/><F109/><W29/><G126/><T79/><D79/><U21/><E74/><V56/><F108/><W2/><G2/><T99/><D99/><U9/><E17/><V0/><F0/><W26/><G113/><T112/><D122/><U64/><E82/><V114/><F56/><W41/><G41/><T50/><D78/><U7/><E7/><V28/><F114/><N who="0" m="43562" /><D58/><U119/><E119/><V25/><F4/><W81/><G121/><T91/><D91/><U59/><E59/><V6/><F6/><W5/><G134/><T73/><D31/><N who="2" m="11818" /><F3/><W93/><G5/><T89/><D89/><U35/><E35/><V80/><F25/><W107/><G107/><N who="0" m="63887" /><D34/><U38/><E38/><V42/><F27/><W127/><G127/><T37/><D50/><U131/><E131/><V92/><F18/><W13/><G87/><T76/><D76/><U118/><E118/><V46/><F16/><W10/><G81/><T106/><D106/><U11/><E11/><V12/><F46/><W88/><G10/><T83/><D83/><U63/><E63/><AGARI ba="3,1" hai="37,43,44,63,65,69,73,75" m="63887,43562" machi="63" ten="30,2900,0" yaku="15,1,23,1" doraHai="49" who="0" fromWho="1" sc="379,48,270,-38,82,0,259,0" /><INIT seed="4,4,0,2,3,77" ten="427,232,82,259" oya="0" hai0="113,108,92,86,4,51,27,98,44,59,112,21,91" hai1="65,76,52,106,42,35,12,0,6,29,73,87,83" hai2="23,71,17,97,89,134,75,25,119,107,13,26,84" hai3="7,131,38,55,28,82,16,40,100,66,124,80,58"/><T93/><D108/><U8/><E106/><V96/><F71/><W48/><G131/><T19/><D4/><U60/><E42/><V36/><F75/><W20/><G124/><T30/><D59/><U116/><E116/><V70/><F70/><W74/><G74/><T32/><D32/><U126/><E126/><V123/><F123/><W24/><G100/><T47/><D30/><U85/><E12/><V105/><F36/><W57/><G7/><T125/><D125/><U61/><E61/><V110/><F110/><W130/><G130/><T81/><D93/><U117/><E117/><V78/><F78/><W62/><G38/><T56/><D56/><U45/><E65/><V31/><F119/><W115/><G40/><T33/><D33/><U101/><E101/><V5/><F5/><W109/><G109/><T64/><D64/><U3/><E3/><V46/><F134/><W72/><G72/><T128/><D128/><U34/><E34/><V37/><F25/><W111/><G111/><T69/><D69/><U18/><E18/><V53/><F107/><W129/><G129/><T132/><D132/><U114/><E60/><V49/><F37/><W79/><G79/><T102/><D51/><N who="1" m="28783" /><E114/><AGARI ba="4,0" hai="19,21,27,44,47,81,86,91,92,98,102,112,113,114" machi="114" ten="40,3900,0" yaku="15,1,52,1" doraHai="77" who="0" fromWho="1" sc="427,51,232,-51,82,0,259,0" /><INIT seed="4,5,0,4,4,95" ten="478,181,82,259" oya="0" hai0="43,111,87,26,32,25,47,27,105,126,11,52,46" hai1="18,10,20,12,61,103,63,130,74,19,5,28,70" hai2="128,34,71,115,24,101,86,23,110,118,77,69,107" hai3="17,50,80,132,60,98,131,14,97,109,38,121,84"/><T94/><D105/><U75/><E130/><V88/><F110/><W15/><G109/><T29/><D111/><U37/><E37/><V30/><F115/><W44/><G38/><T57/><D11/><U135/><E135/><V91/><F128/><W51/><G132/><T48/><D47/><U36/><E36/><V21/><F118/><W125/><G125/><T78/><D126/><U89/><E103/><V33/><F77/><N who="3" m="46095" /><G121/><T62/><D94/><U4/><E70/><V40/><F40/><N who="3" m="24839" /><G60/><N who="1" m="23114" /><E74/><V35/><F23/><W113/><G113/><T1/><D1/><U102/><E75/><V31/><F31/><W8/><G131/><T9/><D9/><U7/><E28/><V79/><F79/><W41/><G41/><T66/><REACH who="0" step="1"/><D43/><REACH who="0" ten="468,181,82,259" step="2"/><U3/><E3/><V104/><F104/><W2/><G2/><T96/><D96/><N who="3" m="36969" /><G15/><T117/><D117/><U13/><E102/><V119/><F119/><W85/><G85/><T55/><D55/><U123/><E123/><V134/><F86/><W59/><G59/><T112/><D112/><U73/><E73/><V54/><F134/><W124/><G124/><T129/><D129/><U49/><E12/><V53/><F101/><W82/><G82/><AGARI ba="5,1" hai="25,26,27,29,32,46,48,52,57,62,66,78,82,87" machi="82" ten="40,7700,0" yaku="1,1,54,1,53,1" doraHai="95" doraHaiUra="81" who="0" fromWho="3" sc="468,102,181,0,82,0,259,-92" /><INIT seed="4,6,0,2,2,56" ten="570,181,82,167" oya="0" hai0="115,95,90,45,98,38,125,130,78,43,123,5,101" hai1="121,96,50,13,131,93,34,7,14,83,73,68,3" hai2="94,22,75,32,70,35,61,16,124,10,54,30,27" hai3="4,84,67,17,109,118,77,116,2,127,128,126,49"/><T80/><D123/><U79/><E121/><V114/><F75/><W72/><G72/><T74/><D130/><U134/><E131/><V47/><F114/><W39/><G39/><T100/><D115/><U117/><E117/><V59/><F124/><W63/><G128/><T25/><D125/><N who="3" m="47625" /><G109/><T87/><D25/><U15/><E134/><V107/><F107/><W69/><G49/><T12/><D74/><U21/><E34/><V119/><F119/><W76/><G17/><T42/><D42/><U65/><E50/><V26/><F70/><W33/><G33/><T60/><D5/><U48/><E48/><V20/><F47/><W41/><G41/><T46/><D12/><U40/><E40/><V104/><F104/><W99/><G99/><T97/><D46/><U112/><E112/><V1/><REACH who="2" step="1"/><F94/><REACH who="2" ten="570,181,72,167" step="2"/><W89/><G118/><T28/><D45/><U0/><E93/><V31/><F31/><W120/><G116/><T122/><D28/><U91/><E73/><V18/><F18/><W92/><G120/><T62/><D122/><U24/><E68/><V102/><F102/><W8/><AGARI ba="6,1" hai="2,4,8,63,67,69,76,77,84,89,92" m="47625" machi="8" ten="30,2000,0" yaku="18,1,52,1" doraHai="56" who="3" fromWho="3" sc="570,-16,181,-11,72,-11,167,48" /><INIT seed="5,0,0,0,0,130" ten="554,170,61,215" oya="1" hai0="81,18,45,41,39,105,61,125,71,134,84,131,132" hai1="16,58,5,33,110,77,49,57,102,50,127,51,56" hai2="64,100,65,73,86,24,9,129,133,35,8,109,17" hai3="135,96,126,88,99,43,20,113,44,2,3,55,83"/><U89/><E33/><V69/><F109/><W97/><G55/><T38/><D131/><U119/><E119/><V123/><F73/><W122/><G122/><T37/><D105/><U22/><E110/><V62/><F123/><W31/><G113/><T12/><D125/><U95/><E127/><V34/><F129/><W114/><G114/><T48/><D61/><U117/><E117/><V94/><F17/><W47/><G47/><T75/><D71/><U98/><E77/><V78/><F78/><W11/><G11/><T6/><D75/><U118/><E5/><V13/><F13/><W60/><G60/><T46/><D46/><U59/><E118/><V115/><F115/><W23/><G23/><T26/><D26/><U93/><E57/><V79/><F79/><W42/><G42/><T14/><D6/><U40/><E40/><V53/><F53/><W15/><G15/><T121/><D121/><U92/><REACH who="1" step="1"/><E89/><REACH who="1" ten="554,160,61,215" step="2"/><N who="2" m="53559" /><F34/><W106/><G88/><T10/><D41/><U82/><E82/><V36/><F35/><W27/><G83/><T107/><D81/><U108/><E108/><V19/><F69/><W25/><G43/><T68/><D68/><U0/><E0/><V112/><F112/><W30/><G2/><T66/><D45/><U21/><E21/><V103/><F9/><W72/><G44/><T32/><D10/><U7/><E7/><V67/><F8/><W29/><G3/><T116/><D32/><U87/><E87/><V111/><F111/><W4/><G4/><T90/><D116/><U63/><E63/><V80/><F62/><W85/><G126/><RYUUKYOKU ba="0,1" sc="554,-10,160,30,61,-10,215,-10" hai1="16,22,49,50,51,56,58,59,92,93,95,98,102" /><INIT seed="5,1,1,2,0,50" ten="544,190,51,205" oya="1" hai0="29,12,132,127,10,126,106,9,33,3,42,36,11" hai1="35,72,73,100,25,61,24,84,27,14,32,90,97" hai2="103,129,91,122,7,131,116,65,58,81,20,125,98" hai3="76,87,48,28,112,0,135,19,93,92,110,34,85"/><U75/><E14/><V94/><F116/><W13/><G110/><T39/><D106/><U86/><E61/><N who="2" m="38071" /><F122/><W83/><G0/><T46/><D132/><U23/><E23/><V74/><F7/><W66/><G112/><T47/><D3/><U108/><E108/><V37/><F37/><W133/><G66/><T124/><D29/><U77/><E77/><N who="2" m="44215" /><F125/><W115/><G115/><T44/><D33/><U89/><E100/><V134/><F134/><N who="3" m="51211" /><G85/><N who="1" m="32874" /><E97/><V54/><F91/><AGARI ba="1,1" hai="24,25,27,32,35,72,73,75,89,90,91" m="32874" machi="91" ten="40,3900,0" yaku="28,2" doraHai="50" who="1" fromWho="2" sc="544,0,190,52,51,-42,205,0" /><INIT seed="5,2,0,5,4,38" ten="544,242,9,205" oya="1" hai0="97,84,100,118,9,14,53,23,6,57,74,104,68" hai1="102,77,119,61,0,107,72,134,51,105,128,40,33" hai2="69,5,95,124,121,7,59,114,34,83,47,132,56" hai3="54,42,75,18,125,103,62,31,45,35,66,39,16"/><U73/><E0/><V76/><F121/><W71/><G75/><T27/><D74/><U131/><E33/><V127/><F69/><W28/><G125/><N who="2" m="48201" /><F34/><W67/><G67/><T130/><D68/><U93/><E73/><N who="2" m="43407" /><F132/><W46/><G103/><T89/><D118/><U90/><E119/><V94/><F114/><W25/><G28/><T98/><D130/><U110/><E131/><V82/><F82/><W85/><G85/><T22/><D98/><U116/><E128/><V13/><F47/><W123/><G123/><T87/><D23/><U70/><E70/><V21/><F21/><W79/><G79/><T64/><D64/><U86/><E116/><V29/><F29/><W92/><G92/><N who="2" m="35369" /><F13/><W96/><G96/><T32/><D32/><U60/><E134/><V126/><N who="2" m="48209" /><V106/><DORA hai="17" /><F106/><W4/><G4/><AGARI ba="2,0" hai="4,5,7,56,59" m="35369,43407,48209" machi="4" ten="40,1300,0" yaku="18,1" doraHai="38,17" who="2" fromWho="3" sc="544,0,242,0,9,19,205,-19" /><INIT seed="6,0,0,0,5,4" ten="544,242,28,186" oya="2" hai0="14,101,87,44,50,68,41,5,26,79,73,125,130" hai1="40,83,76,131,25,34,93,81,57,27,127,10,94" hai2="17,42,109,22,56,129,51,45,85,2,59,97,67" hai3="72,23,37,135,35,15,6,128,30,61,74,99,46"/><V104/><F2/><W91/><G35/><T20/><D68/><U117/><E117/><V106/><F129/><W102/><G135/><T54/><D130/><U3/><E131/><V80/><F109/><W107/><G128/><T11/><D73/><U134/><E134/><V114/><F114/><W110/><G110/><T52/><D101/><U49/><E127/><V43/><F43/><W12/><G12/><T8/><D8/><U108/><E108/><V89/><F97/><W32/><G32/><T70/><D70/><U36/><E36/><V133/><F133/><W88/><G91/><T24/><D125/><U124/><E124/><V64/><F104/><W115/><G115/><T123/><D123/><U71/><E71/><V65/><REACH who="2" step="1"/><F106/><REACH who="2" ten="544,242,18,186" step="2"/><W77/><G99/><T105/><D105/><U95/><E3/><V19/><F19/><W62/><G107/><T78/><D41/><U75/><E40/><V120/><F120/><W28/><G28/><T116/><D116/><U1/><E1/><V60/><F60/><W111/><G30/><T132/><D132/><U55/><E49/><V69/><F69/><W47/><G62/><T119/><D50/><U84/><E84/><V82/><F82/><W122/><G61/><T18/><D87/><U9/><E83/><V92/><F92/><W113/><G113/><T0/><D119/><U29/><E95/><V90/><F90/><W39/><G88/><T98/><D98/><U21/><E94/><V112/><F112/><W58/><G111/><T96/><D96/><U53/><E93/><V31/><F31/><W63/><G63/><RYUUKYOKU ba="0,1" sc="544,-10,242,-10,18,30,186,-10" hai2="17,22,42,45,51,56,59,64,65,67,80,85,89" /><INIT seed="6,1,1,1,3,75" ten="534,232,48,176" oya="2" hai0="130,86,65,128,40,61,35,50,73,14,134,37,113" hai1="60,109,62,13,41,10,2,123,11,112,16,26,58" hai2="105,122,27,64,46,111,97,31,129,3,22,116,48" hai3="28,99,98,6,126,20,72,78,36,108,57,19,125"/><V47/><F116/><W135/><G108/><T89/><D73/><U120/><E109/><V81/><F111/><W83/><G36/><T107/><D107/><U84/><E112/><V69/><F122/><N who="1" m="46633" /><E41/><V25/><F3/><W88/><G135/><T87/><D35/><U24/><E84/><V32/><F129/><W1/><G28/><T94/><D37/><U53/><E62/><N who="2" m="40087" /><F48/><W52/><G6/><AGARI ba="1,1" hai="2,6,10,11,13,16,24,26,53,58,60" m="46633" machi="6" ten="30,2000,0" yaku="13,1,54,1" doraHai="75" who="1" fromWho="3" sc="534,0,232,33,48,0,176,-23" /><INIT seed="7,0,0,3,2,131" ten="534,265,48,153" oya="3" hai0="104,50,30,91,7,78,17,128,3,67,63,19,106" hai1="82,69,127,33,15,9,74,135,68,43,8,86,40" hai2="108,28,94,107,18,39,114,27,12,113,70,57,24" hai3="58,29,80,44,37,122,134,36,123,133,71,5,88"/><W116/><G71/><T72/><D30/><U112/><E33/><V11/><F70/><W6/><G116/><T38/><D91/><U85/><E74/><V47/><F107/><W109/><G29/><T130/><D50/><U52/><E127/><V64/><F39/><W46/><G58/><T48/><D48/><U35/><E35/><V54/><F108/><W22/><G22/><T23/><D38/><U76/><E69/><V59/><F113/><W56/><G56/><T34/><D34/><U62/><E112/><V92/><F114/><W119/><G119/><T49/><D49/><U4/><E68/><V100/><F57/><W101/><G101/><T61/><D7/><U83/><E62/><V13/><F47/><W42/><G80/><T118/><D3/><U103/><E103/><V41/><F41/><W96/><G96/><T90/><D90/><U110/><E110/><V120/><F120/><W26/><G88/><T84/><D118/><U99/><E43/><V51/><F64/><W21/><G42/><T1/><D1/><U79/><E40/><V55/><F55/><W98/><G109/><T129/><D67/><U81/><E52/><V0/><F0/><W73/><G36/><T125/><D72/><U124/><E79/><V10/><F28/><W132/><G37/><T66/><D66/><U14/><E4/><N who="3" m="1642" /><G73/><T89/><D78/><U20/><E76/><V75/><F75/><W87/><G87/><T45/><D23/><U117/><E20/><V25/><F100/><W102/><G102/><T105/><D45/><N who="3" m="17513" /><G98/><T126/><D128/><U93/><E117/><RYUUKYOKU ba="0,0" sc="534,-15,265,-15,48,15,153,15" hai2="10,11,12,13,18,24,25,27,51,54,59,92,94" hai3="21,26,122,123,132,133,134" /><INIT seed="7,1,0,1,4,94" ten="519,250,63,168" oya="3" hai0="114,113,48,68,26,99,90,3,107,60,38,16,36" hai1="124,17,54,80,115,45,109,20,40,126,0,41,44" hai2="78,130,28,43,30,34,116,47,133,2,6,56,85" hai3="72,57,46,64,4,128,123,12,97,58,63,19,69"/><W31/><G72/><T33/><D3/><U24/><E109/><V89/><F116/><W27/><G123/><T98/><D48/><N who="1" m="28943" /><E0/><V13/><F2/><W120/><G120/><T82/><D82/><U131/><E131/><V37/><F130/><W23/><G4/><T14/><D90/><U50/><E80/><V32/><F133/><W111/><G111/><T104/><D26/><U67/><E67/><V84/><F78/><W5/><G5/><T112/><D33/><U79/><E79/><V100/><F32/><W15/><G128/><T102/><D60/><U42/><E115/><V74/><F74/><W93/><G46/><T122/><D68/><U105/><E105/><V1/><F1/><W52/><G31/><T110/><D122/><U117/><E117/><V75/><F75/><W127/><G127/><AGARI ba="1,0" hai="17,20,24,40,41,42,44,50,124,126,127" m="28943" machi="127" ten="30,1000,0" yaku="18,1" doraHai="94" who="1" fromWho="3" sc="519,0,250,13,63,0,168,-13" owari="519,62.0,263,6.0,63,-44.0,155,-24.0" /></mjloggm>