<mjloggm ver="2.3"><GO type="169" lobby="0"/><UN n0="%EF%BC%88%E2%89%A7%E2%96%BD%E2%89%A6%EF%BC%89" n1="%E3%82%88%E3%81%8A%E3%81%96%E3%82%93" n2="%E2%99%AA%E3%83%A2%E3%83%8E%E3%82%AF%E3%83%AD" n3="%EF%BC%BC%28%EF%BC%BE%6F%EF%BC%BE%29%EF%BC%8F%E2%98%85" dan="17,17,18,18" rate="2139.76,2046.43,2247.13,2199.17" sx="M,M,F,M"/><TAIKYOKU oya="0"/><INIT seed="0,0,0,1,1,93" ten="250,250,250,250" oya="0" hai0="88,126,116,62,67,31,38,47,105,100,111,18,96" hai1="2,51,19,63,123,121,66,36,103,134,95,98,114" hai2="4,54,109,84,13,74,28,92,112,65,68,75,5" hai3="132,73,127,58,7,10,3,35,34,87,89,49,60"/><T86/><D116/><U61/><E36/><V44/><F112/><W108/><G73/><T70/><D126/><U91/><E2/><V22/><F109/><W101/><G127/><T23/><D31/><U0/><E0/><V97/><F84/><W59/><G108/><T106/><D111/><U27/><E114/><V128/><F128/><W21/><G132/><T46/><D106/><U113/><E113/><V130/><F130/><W30/><G101/><T17/><D38/><U15/><E134/><V110/><F110/><W76/><G76/><T81/><REACH who="0" step="1"/><D17/><REACH who="0" ten="240,250,250,250" step="2"/><U118/><E118/><V16/><F28/><W117/><G117/><T104/><D104/><U82/><E121/><V79/><F16/><W119/><G119/><T53/><D53/><U40/><E123/><V45/><F54/><W55/><G30/><T120/><D120/><U56/><E66/><V69/><F65/><W131/><G55/><T14/><AGARI ba="0,1" hai="14,18,23,46,47,62,67,70,81,86,88,96,100,105" machi="14" ten="20,12000,1" yaku="1,1,0,1,7,1,52,1,54,1,53,0" doraHai="93" doraHaiUra="50" who="0" fromWho="0" sc="240,130,250,-40,250,-40,250,-40" /><INIT seed="0,1,0,3,0,13" ten="370,210,210,210" oya="0" hai0="77,37,81,85,109,113,117,33,112,42,6,54,15" hai1="114,29,84,91,66,105,2,12,118,107,95,126,45" hai2="79,44,64,49,90,103,62,41,96,123,20,104,106" hai3="92,94,86,52,3,30,70,99,133,53,72,17,14"/><T35/><D117/><U8/><E118/><V102/><F123/><W116/><G72/><T48/><D37/><U129/><E2/><V21/><F79/><W19/><G3/><T31/><D109/><U120/><E120/><V55/><F90/><N who="3" m="53335" /><G70/><T7/><D7/><U69/><E114/><V80/><F80/><W82/><G116/><T18/><D6/><U50/><E126/><V43/><F20/><N who="3" m="11319" /><G30/><T68/><D68/><U75/><E75/><V27/><F103/><N who="3" m="60919" /><G133/><T98/><D98/><U63/><E29/><V78/><F106/><W135/><G135/><T108/><D108/><U110/><E110/><V60/><F78/><W87/><G19/><T9/><D42/><U22/><E22/><V83/><F83/><W65/><G65/><T89/><D77/><AGARI ba="1,0" hai="52,53,77,82,87" m="60919,11319,53335" machi="77" ten="30,3900,0" yaku="8,1,52,1,54,1" doraHai="13" who="3" fromWho="0" sc="370,-42,210,0,210,0,210,42" /><INIT seed="1,0,0,3,3,62" ten="328,210,210,252" oya="1" hai0="22,104,65,26,112,46,95,129,24,96,11,53,127" hai1="89,49,17,25,54,122,121,66,88,36,30,32,8" hai2="101,72,103,113,93,68,45,78,43,133,102,52,23" hai3="128,115,131,120,85,58,19,56,123,6,82,38,3"/><U80/><E36/><V10/><F133/><W42/><G115/><T126/><D112/><U57/><E89/><V109/><F113/><W79/><G19/><T106/><D11/><U118/><E118/><V2/><F109/><W73/><G85/><T107/><D129/><N who="3" m="49737" /><G56/><T91/><D22/><U27/><E66/><V33/><F33/><W69/><G58/><T99/><D99/><U124/><E124/><N who="0" m="47657" /><D65/><U76/><E88/><V29/><F23/><W134/><G69/><T67/><D67/><U94/><E94/><V130/><F68/><W12/><G12/><T74/><D74/><U15/><REACH who="1" step="1"/><E25/><REACH who="1" ten="328,200,210,252" step="2"/><V117/><F93/><W87/><G38/><T63/><D24/><U40/><E40/><V13/><F117/><W119/><G42/><T135/><D26/><U116/><E116/><V5/><F130/><W7/><G119/><T18/><D107/><U71/><E71/><V70/><F70/><W35/><G134/><T125/><D135/><U0/><E0/><V9/><F43/><W34/><G3/><T50/><D125/><U105/><E105/><V92/><F92/><W77/><G123/><T97/><D106/><U110/><E110/><V114/><F114/><W48/><G120/><T61/><D104/><U16/><E16/><V75/><F2/><W64/><G64/><T108/><D108/><U4/><E4/><V28/><F5/><W1/><G7/><T59/><D18/><U31/><E31/><V83/><F28/><W51/><G6/><T37/><D97/><U47/><E47/><V84/><F29/><W98/><G1/><T44/><D37/><RYUUKYOKU ba="0,1" sc="328,15,200,15,210,-15,252,-15" hai0="44,46,50,53,59,61,63,91,95,96" hai1="8,15,17,27,30,32,49,54,57,76,80,121,122" /><INIT seed="1,1,1,5,2,105" ten="343,215,195,237" oya="1" hai0="112,104,102,133,84,51,54,86,35,1,17,67,120" hai1="85,31,92,13,42,115,77,52,116,2,41,62,71" hai2="16,94,60,15,56,46,101,53,12,106,82,36,96" hai3="79,10,97,78,110,39,95,99,91,21,123,3,121"/><U33/><E116/><V111/><F111/><W8/><G110/><T11/><D35/><U103/><E2/><V38/><F12/><W118/><G39/><T34/><D34/><U131/><E115/><V29/><F29/><W23/><G3/><T59/><D112/><U25/><E131/><V40/><F82/><W134/><G95/><T44/><D120/><U68/><E68/><V49/><REACH who="2" step="1"/><F106/><REACH who="2" ten="343,215,185,237" step="2"/><W4/><G118/><T126/><D104/><U83/><E13/><V72/><F72/><W80/><G80/><T108/><D108/><U63/><E92/><V75/><F75/><W0/><G0/><T119/><D1/><U64/><REACH who="1" step="1"/><E103/><REACH who="1" ten="343,205,185,237" step="2"/><V45/><F45/><W128/><G121/><T7/><D44/><U88/><E88/><V70/><F70/><W113/><G91/><T43/><D102/><U135/><E135/><V48/><F48/><W89/><G134/><T9/><D51/><U69/><E69/><V117/><F117/><W32/><G89/><T114/><D119/><U98/><E98/><V122/><F122/><W57/><G99/><T76/><D133/><U22/><E22/><AGARI ba="1,3" hai="15,16,22,36,38,40,46,49,53,56,60,94,96,101" machi="22" ten="30,3900,0" yaku="1,1,7,1,54,1,53,0" doraHai="105" doraHaiUra="27" who="2" fromWho="1" sc="343,0,205,-42,185,72,237,0" /><INIT seed="2,0,0,1,5,111" ten="343,163,257,237" oya="2" hai0="56,108,45,79,104,22,100,105,106,35,23,55,32" hai1="91,46,21,3,68,28,62,75,78,49,52,80,54" hai2="5,25,126,71,113,6,122,99,65,67,0,59,130" hai3="81,26,43,110,77,60,83,95,36,16,89,118,15"/><V128/><F122/><W103/><G118/><T64/><D108/><U73/><E3/><V4/><F0/><W47/><G110/><T19/><D79/><U51/><E68/><V133/><F71/><W131/><G131/><N who="2" m="50217" /><F133/><W124/><G124/><T115/><D100/><U8/><E62/><V48/><F126/><W112/><G103/><T129/><D129/><U11/><E75/><V101/><F25/><W74/><G83/><T42/><D64/><U117/><E117/><V114/><F48/><W27/><G60/><T1/><D1/><U29/><E91/><V93/><F59/><W58/><G58/><T17/><D35/><U18/><E28/><V34/><F34/><W44/><G44/><T120/><D32/><U50/><E29/><V90/><F101/><W123/><G123/><T132/><D120/><U85/><E73/><V92/><F92/><W76/><G76/><T102/><D102/><U96/><E96/><V14/><F14/><W135/><G135/><T12/><D132/><U82/><E82/><V72/><F72/><W24/><G95/><T66/><D105/><U39/><E39/><V86/><F99/><W109/><G89/><T30/><D104/><U98/><E98/><V31/><F31/><W2/><G2/><T38/><D106/><U13/><E50/><V119/><F119/><W94/><G94/><T20/><D30/><U61/><E61/><V33/><F33/><W40/><G109/><T57/><D12/><U53/><E51/><V41/><F41/><AGARI ba="0,0" hai="8,11,13,18,21,41,46,49,52,53,54,78,80,85" machi="41" ten="40,2600,0" yaku="8,1,54,1" doraHai="111" who="1" fromWho="2" sc="343,0,163,26,257,-26,237,0" /><INIT seed="3,0,0,2,3,94" ten="343,189,231,237" oya="3" hai0="43,15,117,17,91,125,95,44,123,1,86,14,113" hai1="122,128,3,10,7,68,88,93,9,16,131,130,116" hai2="73,82,35,118,119,79,69,57,80,109,58,12,65" hai3="56,24,120,103,42,30,71,21,55,22,112,127,34"/><W48/><G71/><T52/><D123/><U105/><E122/><V97/><F35/><W66/><G120/><T75/><D75/><U115/><E115/><V37/><F37/><W134/><G112/><T62/><D1/><U19/><E105/><V104/><F109/><W74/><G66/><T135/><D125/><U53/><E68/><V87/><F69/><W38/><G127/><T132/><D117/><U98/><E116/><V133/><F133/><N who="0" m="51274" /><D17/><U40/><E40/><V4/><F57/><W67/><G134/><T0/><D0/><U63/><E9/><V47/><F47/><W54/><G67/><T78/><D78/><U85/><E85/><V28/><F28/><W99/><G74/><T46/><D113/><U49/><E63/><V20/><F4/><W83/><G83/><T106/><D106/><U29/><E29/><V121/><F121/><W31/><G31/><T92/><D92/><U89/><E89/><V25/><F12/><N who="0" m="4650" /><D43/><U13/><E3/><V6/><F6/><W5/><G5/><T124/><D124/><U33/><E33/><V26/><F73/><W32/><G32/><T41/><D41/><U110/><E110/><V60/><F82/><W114/><G114/><T11/><D11/><U27/><E27/><V81/><F81/><W77/><G77/><T96/><D86/><U8/><E10/><V72/><F26/><W126/><G126/><T102/><D91/><U50/><E50/><V51/><F51/><N who="3" m="30815" /><G42/><T59/><AGARI ba="0,0" hai="44,46,52,59,62,95,96,102" m="4650,51274" machi="59" ten="30,4000,0" yaku="20,1,52,1,54,1" doraHai="94" who="0" fromWho="0" sc="343,40,189,-10,231,-10,237,-20" /><INIT seed="4,0,0,5,5,95" ten="383,179,221,217" oya="0" hai0="131,10,22,34,32,73,27,128,93,20,35,130,37" hai1="1,52,33,89,7,88,2,61,62,23,113,12,39" hai2="38,82,13,87,31,53,66,78,124,114,119,64,19" hai3="36,60,120,75,98,26,43,57,106,92,108,71,25"/><T117/><D37/><U0/><E33/><V135/><F38/><W40/><G71/><T123/><D73/><U9/><E39/><V67/><F114/><W104/><G75/><T118/><D93/><U63/><E113/><V44/><F124/><W30/><G108/><T47/><D47/><U24/><REACH who="1" step="1"/><E52/><REACH who="1" ten="383,169,221,217" step="2"/><V110/><F53/><N who="3" m="33839" /><G36/><T84/><D118/><U132/><E132/><V48/><F135/><W105/><G43/><T83/><D117/><U85/><E85/><V129/><F44/><W50/><G40/><T127/><D127/><U70/><E70/><V5/><F87/><W55/><G55/><T76/><D123/><U8/><E8/><V14/><F110/><W112/><G120/><T16/><D10/><U97/><E97/><V115/><F115/><W68/><G68/><T65/><D65/><U81/><E81/><V90/><F119/><W122/><G112/><T41/><D41/><U45/><E45/><V69/><F69/><W54/><G122/><T102/><D22/><U42/><E42/><V46/><F46/><W134/><G134/><T15/><D35/><U86/><E86/><V94/><F67/><W100/><G54/><T18/><D34/><U101/><E101/><V99/><F66/><W3/><G50/><T51/><D51/><U77/><E77/><V56/><F64/><W96/><G96/><T80/><D32/><U58/><E58/><V11/><F48/><W17/><G98/><T74/><D102/><U6/><E6/><V29/><F56/><W59/><G100/><T109/><D109/><U107/><E107/><N who="3" m="41034" /><G59/><T91/><D74/><RYUUKYOKU ba="0,1" sc="383,-10,169,30,221,-10,217,-10" hai1="0,1,2,7,9,12,23,24,61,62,63,88,89" /><INIT seed="5,1,1,2,1,88" ten="373,199,211,207" oya="1" hai0="63,133,100,102,56,39,13,16,17,0,6,33,1" hai1="31,29,110,62,30,127,54,38,52,132,48,92,82" hai2="10,123,15,2,89,53,75,34,119,7,32,90,40" hai3="134,12,58,8,76,135,4,55,65,27,72,107,121"/><U85/><E38/><V43/><F119/><W36/><G121/><T66/><D39/><U59/><E110/><V57/><F75/><W42/><G107/><T80/><D33/><U19/><E127/><V98/><F123/><W60/><G27/><T25/><D133/><N who="3" m="50697" /><G76/><T46/><D0/><U51/><E132/><V61/><F2/><W9/><G72/><T83/><D1/><U97/><E19/><V131/><F131/><W130/><G130/><T109/><D46/><U26/><E26/><V129/><F129/><W125/><G125/><T45/><D45/><U104/><E104/><V91/><F98/><W108/><G108/><T74/><D74/><U113/><E113/><V49/><F40/><W23/><G23/><N who="0" m="13543" /><D6/><U99/><E54/><V5/><F5/><W101/><G9/><N who="0" m="6319" /><D109/><U115/><E99/><V112/><F112/><W84/><G36/><T94/><D102/><N who="1" m="60711" /><E115/><V14/><F15/><W79/><G101/><T86/><D100/><U73/><E73/><V69/><F43/><W78/><G42/><T18/><D18/><U128/><E128/><V22/><F22/><W11/><G11/><T103/><D103/><U96/><E96/><V28/><F28/><W124/><G124/><T47/><D47/><U70/><E70/><V20/><F20/><W117/><G117/><T87/><D87/><U67/><E67/><V116/><F116/><W120/><G120/><T3/><D3/><U95/><E82/><V24/><F24/><W81/><G65/><T114/><D114/><U71/><E71/><V68/><F68/><W41/><G41/><T50/><D66/><AGARI ba="1,1" hai="7,10,14,32,34,49,53,57,61,66,69,89,90,91" machi="66" ten="40,1300,0" yaku="6,1" doraHai="88" who="2" fromWho="0" sc="373,-16,199,0,211,26,207,0" /><INIT seed="6,0,0,5,3,117" ten="357,199,237,207" oya="2" hai0="82,135,4,92,60,45,33,81,25,32,71,78,73" hai1="61,69,58,56,90,129,110,13,18,57,89,27,41" hai2="48,86,67,83,116,17,127,68,66,64,134,24,84" hai3="44,55,99,97,105,119,2,51,29,118,103,122,43"/><V30/><F116/><W126/><G126/><T109/><D109/><U52/><E110/><V114/><F114/><W40/><G2/><T93/><D135/><U28/><E129/><V96/><F134/><W98/><G29/><T101/><D25/><U94/><E41/><V79/><F127/><W65/><G122/><T124/><D124/><U111/><E69/><V130/><F130/><W6/><G119/><T107/><D4/><U20/><E111/><V26/><F68/><W53/><G118/><T100/><D107/><U31/><E31/><V14/><F96/><W88/><G6/><T42/><D81/><U11/><REACH who="1" step="1"/><E90/><REACH who="1" ten="357,189,237,207" step="2"/><V54/><F30/><W50/><G88/><T112/><D71/><U104/><E104/><V72/><F72/><W115/><G115/><T125/><D112/><U113/><E113/><V123/><F123/><W131/><G131/><T10/><D125/><U3/><E3/><V62/><F86/><AGARI ba="0,1" hai="11,13,18,20,27,28,52,56,57,58,61,86,89,94" machi="86" ten="30,7700,0" yaku="1,1,7,1,8,1,54,1,53,0" doraHai="117" doraHaiUra="0" who="1" fromWho="2" sc="357,0,189,87,237,-77,207,0" /><INIT seed="7,0,0,0,4,123" ten="357,276,160,207" oya="3" hai0="16,40,23,7,67,29,133,2,103,86,5,8,25" hai1="127,47,50,101,82,87,100,14,79,83,63,115,117" hai2="105,104,35,9,61,95,94,34,45,32,37,108,132" hai3="0,119,18,77,107,17,51,125,60,44,38,55,89"/><W72/><G119/><T33/><D133/><U75/><E117/><V80/><F132/><W49/><G38/><T109/><D103/><U134/><E134/><V131/><F131/><W20/><G107/><T71/><D40/><U74/><E127/><V31/><F31/><W98/><G125/><T99/><D99/><U90/><E74/><V92/><F80/><W58/><G0/><T26/><D71/><U65/><E14/><V53/><F37/><W93/><G72/><T43/><D43/><U96/><E96/><V66/><F9/><W3/><G3/><T130/><D67/><U41/><E115/><V121/><F121/><W64/><G77/><T54/><D54/><U129/><E129/><V91/><F91/><W24/><REACH who="3" step="1"/><G51/><REACH who="3" ten="357,276,160,197" step="2"/><T4/><D2/><U42/><E41/><V106/><F108/><W36/><G36/><T46/><D109/><U12/><E75/><V68/><F53/><W30/><AGARI ba="0,1" hai="17,18,20,24,30,44,49,55,58,60,64,89,93,98" machi="30" ten="20,7800,0" yaku="1,1,0,1,7,1,8,1,53,0" doraHai="123" doraHaiUra="114" who="3" fromWho="3" sc="357,-26,276,-26,160,-26,197,88" /><INIT seed="7,1,0,5,1,108" ten="331,250,134,285" oya="3" hai0="135,111,93,37,119,103,5,110,129,18,73,118,106" hai1="14,10,105,126,77,19,27,51,13,87,67,58,47" hai2="11,64,55,117,22,34,54,57,24,90,35,66,26" hai3="62,102,43,56,115,28,50,88,20,80,121,61,33"/><W134/><G121/><T95/><D5/><U70/><E105/><V38/><F38/><W125/><G33/><T44/><D37/><U101/><E70/><V133/><F22/><W63/><G134/><T128/><D135/><U124/><E101/><V116/><F133/><W123/><G123/><T41/><D73/><U122/><E122/><V23/><F23/><W42/><G102/><T36/><D106/><U96/><E96/><V82/><F57/><W53/><G125/><T132/><D18/><U84/><E27/><V46/><F90/><W39/><G115/><T12/><D12/><U68/><E68/><V89/><F89/><W92/><G80/><T91/><D103/><U9/><E77/><V109/><F82/><W97/><G39/><T32/><D32/><U98/><E98/><V112/><F46/><W79/><G79/><T86/><D95/><U120/><E120/><V113/><REACH who="2" step="1"/><F11/><REACH who="2" ten="331,250,124,285" step="2"/><W31/><G20/><T8/><D8/><N who="1" m="6567" /><E124/><V85/><F85/><W76/><G76/><T75/><D132/><U104/><E126/><V94/><F94/><W52/><G53/><T0/><D36/><U81/><E104/><V65/><F65/><W71/><G71/><T83/><D83/><U114/><E58/><V60/><F60/><W59/><G56/><T7/><D44/><U69/><E67/><V17/><F17/><W1/><G1/><T131/><D0/><U49/><E69/><V4/><F4/><W130/><G62/><T74/><D91/><U6/><E47/><V107/><F107/><W127/><G127/><T25/><D86/><U16/><E87/><RYUUKYOKU ba="1,1" sc="331,-10,250,-10,124,30,285,-10" hai2="24,26,34,35,54,55,64,66,109,112,113,116,117" owari="331,43.0,240,-16.0,154,-35.0,275,8.0" /></mjloggm>