<mjloggm ver="2.3"><GO type="169" lobby="0"/><UN n0="%EF%BC%88%E2%89%A7%E2%96%BD%E2%89%A6%EF%BC%89" n1="%48%6F%6E%65%6B%6B%6F%5F" n2="%74%61%63%6F%73" n3="%41%53%41%50%49%4E" dan="18,16,17,19" rate="2196.19,2134.68,2135.82,2259.74" sx="M,M,M,M"/><TAIKYOKU oya="0"/><INIT seed="0,0,0,0,2,121" ten="250,250,250,250" oya="0" hai0="46,16,25,119,19,109,12,9,133,56,18,87,45" hai1="24,103,4,125,134,106,6,67,69,64,28,97,42" hai2="37,7,107,3,95,34,72,59,23,73,48,79,118" hai3="81,50,8,52,114,41,31,115,99,61,20,55,71"/><T112/><D119/><U35/><E125/><V132/><F118/><W22/><G41/><T26/><D112/><U43/><E134/><V39/><F34/><W127/><G127/><T70/><D70/><U131/><E131/><V83/><F107/><W44/><G8/><T62/><D133/><U93/><E67/><V27/><F73/><W58/><G71/><T21/><D87/><U11/><E93/><V135/><F37/><W51/><G61/><T91/><D91/><U75/><E75/><V96/><F39/><W104/><G81/><T129/><D129/><U54/><E54/><V126/><F3/><W113/><REACH who="3" step="1"/><G31/><REACH who="3" ten="250,250,250,240" step="2"/><T86/><D9/><U82/><E82/><V108/><F126/><W65/><G65/><T29/><D29/><U57/><E6/><V76/><F83/><W80/><G80/><T92/><D62/><N who="1" m="40087" /><E57/><V122/><F59/><W30/><G30/><T77/><D56/><U40/><E40/><V0/><F132/><W128/><G128/><T36/><D19/><U60/><E60/><V68/><F135/><W1/><G1/><AGARI ba="0,1" hai="1,4,11,24,28,35,42,43,97,103,106" m="40087" machi="1" ten="30,1000,0" yaku="25,1" doraHai="121" who="1" fromWho="3" sc="250,0,250,20,250,0,240,-10" /><INIT seed="1,0,0,2,3,59" ten="250,270,250,230" oya="1" hai0="82,89,85,73,64,18,99,97,48,110,13,3,118" hai1="105,128,11,44,29,15,26,87,72,124,38,55,40" hai2="10,28,93,65,106,23,9,45,76,14,32,67,71" hai3="4,81,119,52,62,96,7,37,34,8,80,27,17"/><U130/><E72/><V78/><F106/><W69/><G37/><T101/><D118/><U58/><E105/><V21/><F32/><W109/><G109/><T94/><D3/><U112/><E112/><V46/><F71/><W36/><G36/><T117/><D117/><U19/><E124/><V126/><F126/><W133/><G119/><T60/><D110/><U104/><E87/><V61/><F93/><W121/><G121/><T129/><D129/><U68/><E68/><V83/><F28/><W111/><G111/><T92/><D48/><U42/><E42/><V135/><F135/><W5/><G133/><T2/><D2/><U1/><E1/><V103/><F103/><W54/><G96/><T75/><D18/><U51/><REACH who="1" step="1"/><E104/><REACH who="1" ten="250,260,250,230" step="2"/><V43/><F43/><W113/><G69/><T84/><D84/><U86/><E86/><V0/><F0/><W91/><G113/><T95/><D95/><U6/><E6/><V63/><F14/><W66/><G4/><T35/><D13/><U132/><E132/><V16/><F83/><W131/><G5/><T74/><D74/><U24/><E24/><V12/><F12/><W49/><G7/><T30/><D75/><U57/><E57/><V56/><F56/><W108/><G80/><T22/><D73/><U98/><E98/><V20/><F21/><AGARI ba="0,1" hai="11,15,19,21,26,29,38,40,44,51,55,58,128,130" machi="21" ten="40,2000,0" yaku="1,1,53,0" doraHai="59" doraHaiUra="102" who="1" fromWho="2" sc="250,0,260,30,250,-20,230,0" /><INIT seed="1,1,0,5,0,84" ten="250,290,230,230" oya="1" hai0="95,16,99,34,128,55,130,117,6,41,125,83,89" hai1="112,17,11,82,126,58,10,127,9,43,51,7,86" hai2="78,23,20,104,93,70,53,54,96,0,60,12,111" hai3="88,69,14,39,76,108,24,47,64,129,27,37,4"/><U80/><E112/><V72/><F104/><W18/><G76/><T106/><D34/><U75/><E75/><V38/><F38/><W46/><G4/><T19/><D117/><U121/><E121/><V48/><F0/><W102/><G108/><T110/><D110/><U61/><E17/><V94/><F111/><W90/><G129/><N who="0" m="49771" /><D41/><U109/><E109/><V28/><F72/><W67/><G18/><N who="0" m="6699" /><D6/><U50/><E7/><V105/><F78/><W5/><G5/><T8/><D8/><U113/><E113/><V123/><F105/><W15/><REACH who="3" step="1"/><G102/><REACH who="3" ten="250,290,230,220" step="2"/><T35/><D125/><U135/><E126/><V81/><F123/><W98/><G98/><T133/><D133/><U74/><E135/><V44/><F96/><W118/><G118/><T131/><D131/><U52/><E127/><V42/><F28/><W87/><G87/><N who="0" m="50431" /><D106/><U122/><E122/><V116/><F116/><W71/><AGARI ba="1,1" hai="14,15,24,27,37,39,46,47,64,67,69,71,88,90" machi="71" ten="25,12000,2" yaku="1,1,0,1,22,2,52,2,54,1,53,0" doraHai="84" doraHaiUra="119" who="3" fromWho="3" sc="250,-31,290,-61,230,-31,220,133" /><INIT seed="2,0,0,4,0,135" ten="219,229,199,353" oya="2" hai0="20,41,126,39,24,35,43,0,38,72,52,111,94" hai1="61,79,40,22,90,19,78,23,82,11,3,10,15" hai2="7,63,106,107,27,109,55,44,6,33,118,25,45" hai3="122,14,12,74,58,37,127,133,86,13,17,100,101"/><V8/><F118/><W59/><G74/><T110/><D72/><U60/><E40/><N who="0" m="15433" /><D0/><U95/><E3/><V119/><F119/><W93/><G37/><N who="0" m="13835" /><D35/><U124/><E124/><V76/><F76/><N who="1" m="29225" /><E82/><V92/><F92/><W69/><G133/><T84/><D84/><N who="1" m="52679" /><E22/><V73/><F73/><W71/><G127/><T28/><D94/><U51/><E51/><V105/><F109/><N who="0" m="41482" /><D52/><U108/><E108/><V4/><F8/><AGARI ba="0,0" hai="8,10,11,15,19,23,60,61" m="52679,29225" machi="8" ten="30,1000,0" yaku="8,1" doraHai="135" who="1" fromWho="2" sc="219,0,229,10,199,-10,353,0" /><INIT seed="3,0,0,2,2,126" ten="219,239,189,353" oya="3" hai0="0,4,51,119,22,46,106,71,10,100,3,128,60" hai1="11,9,25,109,24,97,19,45,118,26,44,74,1" hai2="29,92,57,73,88,84,52,122,58,115,96,127,80" hai3="125,40,112,23,39,30,91,124,121,7,41,108,114"/><W16/><G121/><T62/><D119/><U37/><E109/><V67/><F115/><W21/><G108/><T94/><D0/><U27/><E118/><V68/><F73/><W48/><G39/><T135/><D135/><U113/><E113/><N who="3" m="43626" /><G7/><T65/><D106/><U56/><E74/><V32/><F122/><W5/><G5/><T77/><D77/><U49/><E1/><V81/><F68/><W79/><G79/><T14/><D62/><U66/><E37/><V54/><F127/><N who="3" m="48715" /><G48/><T132/><D132/><U64/><E97/><V131/><F67/><N who="1" m="25641" /><E56/><N who="2" m="21611" /><F32/><W34/><G34/><T87/><D3/><U107/><E107/><V130/><F29/><W38/><G38/><T47/><D51/><U93/><E93/><V98/><F98/><W63/><G63/><T72/><D60/><U59/><E59/><V90/><F81/><W55/><G55/><T101/><D94/><U133/><E133/><V13/><F13/><N who="3" m="9359" /><G91/><T18/><D65/><U103/><E103/><V78/><F90/><W15/><G15/><T85/><D100/><U75/><E75/><V35/><F35/><W69/><G69/><T6/><D71/><U82/><E49/><V76/><F76/><W53/><G53/><T33/><D101/><U61/><E61/><V8/><F8/><W123/><G123/><T70/><D70/><U99/><E9/><V105/><F105/><W42/><G42/><T31/><D72/><U102/><E11/><V17/><F17/><W95/><G95/><T104/><D104/><N who="1" m="63583" /><E82/><V117/><F117/><W43/><G43/><T89/><D10/><U86/><E19/><RYUUKYOKU ba="0,0" sc="219,-15,239,-15,189,15,353,15" hai2="52,54,78,80,84,88,92,96,130,131" hai3="23,30,40,41" /><INIT seed="3,1,0,1,1,15" ten="204,224,204,368" oya="3" hai0="31,20,24,88,54,81,9,84,19,46,120,56,30" hai1="109,79,74,77,21,99,68,47,121,119,53,133,60" hai2="25,64,86,34,129,51,87,12,59,85,118,35,22" hai3="14,7,101,32,29,72,78,61,102,1,126,57,6"/><W100/><G1/><T33/><D120/><U23/><E121/><V95/><F118/><W52/><G126/><T112/><D112/><U98/><E119/><V67/><F34/><W26/><G72/><T82/><D33/><U116/><E116/><V130/><F35/><W38/><G78/><T89/><D46/><U132/><E109/><V36/><F36/><W50/><G38/><T37/><D37/><U49/><E77/><V58/><F12/><W123/><G123/><T16/><D9/><U104/><E79/><V2/><F2/><W93/><G93/><N who="0" m="54407" /><D31/><U97/><E74/><V0/><F95/><W111/><G111/><T48/><D82/><U3/><E3/><V90/><F90/><W28/><G28/><T113/><D113/><U5/><E5/><V17/><F0/><W108/><G108/><T114/><D114/><U91/><E91/><V73/><F73/><W105/><G105/><T42/><D42/><U41/><E104/><V44/><F130/><W70/><G70/><T65/><D65/><N who="2" m="25162" /><F129/><W134/><G7/><T107/><D107/><U39/><E68/><V27/><F27/><W40/><G40/><AGARI ba="1,0" hai="17,22,25,40,44,51,58,59,85,86,87" m="25162" machi="40" ten="30,2000,0" yaku="8,1,52,1" doraHai="15" who="2" fromWho="3" sc="204,0,224,0,204,23,368,-23" /><INIT seed="4,0,0,2,0,2" ten="204,224,227,345" oya="0" hai0="20,62,14,68,71,118,53,81,3,133,99,85,58" hai1="61,35,40,16,124,134,97,4,43,33,114,98,50" hai2="101,30,103,106,66,46,67,42,23,28,31,39,129" hai3="105,107,57,130,120,122,73,51,13,64,25,26,135"/><T21/><D118/><U29/><E124/><V112/><F112/><W10/><G73/><T24/><D3/><U54/><E114/><V55/><F129/><W125/><G130/><T70/><D133/><U63/><E134/><V69/><F69/><W80/><G135/><T82/><D99/><U79/><E79/><V34/><F34/><W104/><G125/><T94/><D14/><U72/><E72/><V78/><F78/><W102/><G80/><T110/><D110/><U93/><E29/><V131/><F131/><W113/><G102/><N who="2" m="38921" /><F106/><W74/><G74/><T86/><D94/><U27/><E4/><V84/><F84/><W127/><G113/><T132/><D132/><U65/><E97/><V115/><F115/><W47/><G127/><T5/><D5/><U108/><E108/><V92/><F92/><W96/><G96/><T6/><D6/><U36/><E36/><V12/><F55/><W116/><G116/><T52/><D53/><U49/><E35/><V32/><F32/><W95/><G95/><T44/><D86/><U1/><E1/><V0/><F0/><W91/><G120/><T128/><D128/><U121/><E121/><V37/><F12/><W88/><G122/><T11/><D85/><U123/><E123/><V83/><F83/><W9/><G13/><T117/><D117/><U75/><E75/><V90/><F90/><N who="3" m="34347" /><G26/><T60/><D24/><U38/><E27/><N who="2" m="16511" /><F39/><W19/><G25/><T59/><D81/><U77/><E33/><V22/><F31/><W89/><N who="3" m="34355" /><W100/><DORA hai="109" /><G100/><T56/><D82/><U111/><E93/><RYUUKYOKU ba="0,0" sc="204,-10,224,-10,227,30,345,-10" hai2="22,30,37,42,46,66,67" /><INIT seed="5,1,0,2,4,18" ten="194,214,257,335" oya="1" hai0="113,68,47,45,128,63,67,33,84,75,6,95,49" hai1="42,11,76,23,123,124,80,116,127,110,34,94,36" hai2="37,102,135,118,66,79,90,86,9,35,91,73,106" hai3="56,134,0,82,92,103,60,40,121,55,126,89,27"/><U5/><E123/><V31/><F37/><W98/><G121/><T43/><D75/><U28/><E116/><V83/><F118/><W24/><G0/><T20/><D33/><U12/><E110/><V112/><F112/><W16/><G134/><T117/><D117/><U62/><E34/><V57/><F135/><W74/><G126/><N who="1" m="48170" /><E94/><V131/><F131/><W108/><G108/><T25/><D113/><U3/><E62/><V114/><F114/><W22/><G40/><T65/><D128/><U21/><E28/><V129/><F129/><W105/><G74/><T107/><D107/><U72/><E12/><V120/><F120/><W87/><REACH who="3" step="1"/><G27/><REACH who="3" ten="194,214,257,325" step="2"/><T132/><D132/><U50/><E50/><V7/><F73/><W77/><G77/><T64/><D49/><U59/><E59/><V97/><F57/><W115/><G115/><T101/><D25/><U8/><E8/><V17/><F9/><W122/><G122/><T81/><D63/><U46/><AGARI ba="1,1" hai="3,5,11,21,23,36,42,46,72,76,80" m="48170" machi="46" ten="30,11700,0" yaku="25,1,18,1,52,2" doraHai="18" who="1" fromWho="1" sc="194,-40,214,130,257,-40,325,-40" /><INIT seed="5,2,0,4,4,3" ten="154,344,217,285" oya="1" hai0="18,50,12,27,131,6,75,83,20,67,130,19,93" hai1="80,86,133,71,114,51,25,102,105,115,119,60,38" hai2="87,28,104,110,108,100,44,33,89,88,37,35,10" hai3="31,17,101,14,76,99,82,77,48,41,74,107,56"/><U49/><E119/><V21/><F89/><W94/><G31/><T135/><D67/><N who="1" m="41447" /><E38/><V29/><F10/><W46/><G77/><T125/><D125/><U128/><E128/><N who="0" m="49193" /><D93/><U57/><E133/><V78/><F78/><W64/><G64/><T127/><D127/><U32/><E57/><V42/><F100/><W91/><G56/><T65/><D65/><U98/><E86/><V134/><F104/><W47/><G47/><T69/><D69/><U116/><E80/><V132/><F21/><W106/><G91/><T23/><D50/><N who="1" m="18955" /><E116/><V81/><F33/><W2/><G2/><T58/><D58/><U73/><E73/><V11/><F11/><AGARI ba="2,0" hai="11,14,17,41,46,48,74,76,82,94,99,101,106,107" machi="11" ten="30,1000,0" yaku="7,1" doraHai="3" who="3" fromWho="2" sc="154,0,344,0,217,-16,285,16" /><INIT seed="6,0,0,4,1,79" ten="154,344,201,301" oya="2" hai0="30,25,56,34,23,47,84,72,96,29,45,40,57" hai1="73,118,129,35,3,13,65,28,127,126,114,108,8" hai2="87,90,99,100,85,78,133,95,22,93,11,1,117" hai3="10,53,68,2,128,48,66,104,5,89,49,88,131"/><V50/><F117/><W31/><G104/><T62/><D72/><U52/><E118/><V86/><F133/><W122/><G122/><T61/><D34/><U74/><E3/><V69/><F69/><W124/><G124/><N who="1" m="47658" /><E108/><V15/><F1/><W76/><G31/><T130/><D130/><N who="3" m="49705" /><G49/><T33/><D33/><U83/><E65/><V43/><F22/><W55/><G55/><T125/><D125/><U134/><E114/><V64/><F64/><W98/><G98/><T12/><D96/><U91/><E134/><V54/><F43/><W106/><G106/><T70/><D70/><U46/><E28/><V0/><F78/><W102/><G102/><T63/><D30/><U110/><E35/><V81/><F93/><W39/><G39/><T97/><D97/><U113/><E113/><V59/><F0/><W32/><G76/><T14/><D84/><N who="1" m="50591" /><E110/><V103/><REACH who="2" step="1"/><F100/><REACH who="2" ten="154,344,191,301" step="2"/><W9/><G32/><T58/><REACH who="0" step="1"/><D40/><REACH who="0" ten="144,344,191,301" step="2"/><U119/><E129/><V112/><F112/><W44/><G68/><T37/><D37/><U101/><E119/><V4/><AGARI ba="0,2" hai="4,11,15,50,54,59,81,85,86,87,90,95,99,103" machi="4" ten="20,12000,1" yaku="1,1,0,1,7,1,8,1,52,1,53,0" doraHai="79" doraHaiUra="21" who="2" fromWho="2" sc="144,-40,344,-40,191,140,301,-40" /><INIT seed="6,1,0,5,3,22" ten="104,304,331,261" oya="2" hai0="74,45,30,20,98,79,70,67,105,86,46,12,64" hai1="125,47,128,127,83,4,54,33,81,88,107,106,75" hai2="21,14,50,84,24,27,2,101,52,121,48,104,59" hai3="108,19,82,26,61,102,1,11,32,120,68,73,110"/><V25/><F121/><W51/><G120/><T96/><D74/><U13/><E33/><V92/><F2/><W93/><G51/><T65/><D70/><U122/><E122/><V115/><F104/><W43/><G43/><T123/><D123/><U40/><E128/><V113/><F14/><W34/><G34/><T135/><D135/><U35/><E35/><V109/><F109/><W95/><G73/><T38/><D38/><U130/><E54/><V112/><F21/><W53/><G82/><T129/><D129/><U89/><E130/><V80/><F50/><W72/><G72/><T16/><D30/><U44/><E75/><V39/><F39/><W77/><G77/><T85/><D105/><N who="1" m="39947" /><E13/><V76/><F92/><W132/><G132/><T15/><D79/><U118/><E4/><V10/><F10/><W6/><G95/><T99/><REACH who="0" step="1"/><D15/><REACH who="0" ten="94,304,331,261" step="2"/><U18/><E125/><V28/><F28/><W37/><G37/><T60/><D60/><U126/><E127/><V94/><F113/><W124/><G124/><T42/><D42/><U49/><E40/><V58/><F112/><W41/><G41/><T78/><D78/><U66/><E126/><V100/><F115/><W87/><G68/><T7/><D7/><U69/><E69/><V90/><F76/><W23/><G108/><T0/><D0/><U3/><E3/><V71/><F71/><W36/><G36/><T134/><D134/><U111/><E111/><V62/><F62/><W116/><G110/><T57/><D57/><U56/><E56/><V133/><F133/><W63/><G1/><T31/><D31/><RYUUKYOKU ba="1,1" sc="94,30,304,-10,331,-10,261,-10" hai0="12,16,20,45,46,64,65,67,85,86,96,98,99" /><INIT seed="7,2,1,0,2,106" ten="124,294,321,251" oya="3" hai0="55,20,18,48,107,59,9,45,131,19,128,28,68" hai1="61,2,29,127,89,88,101,104,122,12,75,133,25" hai2="41,26,105,16,124,69,27,51,72,112,82,40,132" hai3="21,86,85,119,121,77,62,53,135,103,123,100,95"/><W73/><G62/><T130/><D68/><U10/><E122/><N who="3" m="46602" /><G53/><T11/><D107/><U110/><E110/><V91/><F105/><W38/><G21/><T17/><REACH who="0" step="1"/><D45/><REACH who="0" ten="114,294,321,251" step="2"/><U36/><E104/><V43/><F69/><W113/><G119/><T52/><D52/><U94/><E127/><V134/><F124/><W102/><G38/><T84/><D84/><N who="3" m="32361" /><G135/><T80/><D80/><U14/><E133/><V114/><F132/><W32/><G32/><T24/><AGARI ba="2,2" hai="9,11,17,18,19,20,24,28,48,55,59,128,130,131" machi="24" ten="40,5200,0" yaku="1,1,0,1,19,1,53,0" doraHai="106" doraHaiUra="92" who="0" fromWho="0" sc="114,78,294,-15,321,-15,251,-28" owari="192,-31.0,279,8.0,306,41.0,223,-18.0" /></mjloggm>