<mjloggm ver="2.3"><GO type="41"/><UN n0="%E5%8F%8D%E9%80%86%E3%81%AE%E3%83%B4%E3%82%A3%E3%83%B4%E3%82%A3%E3%82%AA" n1="%4E%6F%31%30%31%30%38" n2="%E3%82%A6%E3%83%AB%E3%83%88%E3%83%A9%E7%AB%8B%E7%9B%B4" n3="%E3%81%A1%E3%82%83%E3%81%BE%E3%82%8D" dan="15,14,15,14" rate="2005,1905,2041,1912" sx="M,M,M,M"/><TAIKYOKU oya="0"/><INIT seed="0,0,0,0,1,116" ten="250,250,250,250" oya="0" hai0="134,133,16,91,4,12,25,1,85,9,92,103,82" hai1="71,32,111,132,90,37,58,29,108,6,66,36,128" hai2="84,0,99,104,38,125,43,83,48,76,118,45,112" hai3="34,93,72,135,70,94,8,50,21,51,27,79,130"/><T120/><D120/><U53/><E6/><V49/><F112/><W3/><G70/><T10/><D25/><U17/><E17/><V42/><F125/><W122/><G34/><T13/><REACH who="0" step="1"/><D1/><REACH who="0" ten="240,250,250,250" step="2"/><U62/><E132/><V56/><F0/><W100/><G135/><T113/><D113/><U121/><E121/><V28/><F118/><W33/><G122/><T57/><D57/><U61/><E128/><V35/><F56/><W52/><G27/><T98/><AGARI ba="0,1" hai="4,9,10,12,13,16,82,85,91,92,98,103,133,134" machi="98" ten="30,6000,0" yaku="1,1,0,1,54,1,53,0" doraHai="116" doraHaiUra="30" who="0" fromWho="0" sc="240,70,250,-20,250,-20,250,-20" /><INIT seed="0,1,0,0,1,71" ten="310,230,230,230" oya="0" hai0="61,40,36,63,133,2,15,27,9,108,68,1,24" hai1="84,28,48,18,120,17,4,125,3,89,69,49,11" hai2="87,62,113,99,100,31,67,16,127,66,103,73,109" hai3="38,130,19,21,121,126,56,82,111,97,14,83,106"/><T50/><D36/><U52/><E120/><V81/><F73/><W43/><G121/><T123/><D123/><U98/><E125/><V95/><F127/><W91/><G126/><T25/><D133/><U5/><E69/><V132/><F132/><W134/><G134/><T135/><D135/><U60/><E98/><V77/><F113/><W86/><G130/><T34/><D34/><U23/><E28/><V105/><F31/><W7/><G111/><T75/><D75/><U70/><E5/><V79/><F66/><W92/><G106/><T46/><D108/><U10/><E10/><V32/><F32/><W58/><G7/><T74/><D74/><U129/><E129/><V54/><F54/><W117/><G117/><T6/><D68/><U119/><E119/><V112/><F112/><W85/><G43/><T8/><REACH who="0" step="1"/><D2/><REACH who="0" ten="300,230,230,230" step="2"/><U44/><E70/><V41/><F109/><W104/><G38/><T115/><D115/><U42/><E60/><V51/><F62/><W33/><G33/><T101/><D101/><U76/><E76/><V78/><F51/><W128/><G128/><T96/><D96/><U118/><E118/><V88/><F103/><W116/><G116/><T90/><D90/><U122/><E122/><V107/><F100/><W20/><G91/><T94/><D94/><U47/><E23/><V26/><F95/><AGARI ba="1,1" hai="3,4,11,17,18,42,44,47,48,49,52,84,89,95" machi="95" ten="30,2000,0" yaku="7,1,54,1" doraHai="71" who="1" fromWho="2" sc="300,0,230,33,230,-23,230,0" /><INIT seed="1,0,0,0,0,118" ten="300,263,207,230" oya="1" hai0="11,61,48,25,38,97,50,127,90,103,4,116,87" hai1="15,22,114,30,36,60,64,73,126,109,13,108,2" hai2="0,54,69,63,135,40,74,85,91,92,96,51,35" hai3="77,88,82,101,43,29,8,28,65,106,27,107,71"/><U44/><E73/><V39/><F0/><W70/><G43/><T115/><D38/><U81/><E114/><V53/><F35/><W58/><G8/><T93/><D116/><U67/><E2/><V100/><F74/><W119/><G119/><T5/><D115/><U95/><E81/><V19/><F135/><W83/><G77/><T42/><D127/><U111/><E126/><V128/><F128/><W3/><G3/><T79/><D79/><U133/><E133/><V75/><F75/><W45/><G45/><T76/><D76/><U78/><E78/><V129/><F129/><W41/><G41/><T49/><D42/><N who="1" m="22599" /><E95/><V6/><F6/><W112/><G58/><T26/><D61/><U105/><E105/><V47/><F39/><W23/><G112/><T120/><D120/><U132/><E132/><V98/><F98/><W55/><G55/><T89/><D89/><U121/><E121/><V21/><F63/><W37/><G37/><T46/><D46/><U7/><E7/><N who="0" m="2633" /><D11/><U31/><E60/><V125/><F125/><W18/><G107/><T102/><D102/><U33/><E33/><V57/><F100/><W94/><G106/><T20/><D20/><U84/><E84/><V16/><F85/><W68/><G101/><T113/><D113/><U17/><E13/><V59/><F21/><W80/><REACH who="3" step="1"/><G65/><AGARI ba="0,0" hai="15,17,22,30,31,64,65,67,108,109,111" m="22599" machi="65" ten="30,2900,0" yaku="14,1,10,1" doraHai="118" who="1" fromWho="3" sc="300,0,263,29,207,0,230,-29" /><INIT seed="1,1,0,4,5,38" ten="300,292,207,201" oya="1" hai0="8,77,84,51,44,18,43,21,72,126,108,105,57" hai1="134,79,69,61,5,29,10,115,97,52,63,66,123" hai2="101,55,2,109,12,74,7,1,76,48,49,87,60" hai3="68,83,53,112,46,73,17,19,128,24,42,130,88"/><U118/><E123/><V125/><F74/><W99/><G68/><T131/><D105/><U116/><E115/><V56/><F125/><W75/><G112/><T70/><D70/><U11/><E134/><V111/><F101/><W71/><G71/><T34/><D34/><U135/><E135/><V82/><F12/><W78/><G53/><T15/><D72/><U107/><E79/><V124/><F124/><W9/><G73/><T64/><D126/><U133/><E133/><V122/><F122/><W37/><G9/><T106/><D106/><U98/><E11/><V23/><F23/><W59/><G59/><T50/><D108/><N who="2" m="41546" /><F7/><W117/><G117/><T28/><D131/><N who="3" m="50217" /><G24/><N who="0" m="16399" /><D64/><U127/><E127/><V54/><F60/><W121/><G121/><T35/><D35/><U114/><E114/><V39/><F39/><W47/><G46/><AGARI ba="1,0" hai="1,2,46,48,49,54,55,56,76,82,87" m="41546" machi="46" ten="30,1000,0" yaku="14,1" doraHai="38" who="2" fromWho="3" sc="300,0,292,0,207,13,201,-13" /><INIT seed="2,0,0,5,2,46" ten="300,292,220,188" oya="2" hai0="86,10,47,37,65,30,63,127,13,130,8,125,69" hai1="82,132,53,74,48,51,6,85,18,107,83,75,12" hai2="129,109,70,100,135,93,112,39,34,54,72,19,26" hai3="21,110,80,31,40,118,79,133,14,90,61,66,17"/><V22/><F72/><W120/><G118/><T2/><D130/><U78/><E132/><V28/><F112/><W87/><G133/><T113/><D113/><U4/><E107/><V43/><F135/><W50/><G120/><T76/><D30/><U98/><E98/><V27/><F70/><W36/><G36/><T124/><D2/><U68/><E68/><V121/><F121/><W0/><G0/><T95/><D13/><U5/><E53/><V11/><F129/><W32/><G110/><T55/><D37/><U128/><E128/><V122/><F122/><W96/><G31/><T16/><D16/><U114/><E114/><V117/><F117/><W41/><G32/><T3/><D3/><U81/><E81/><V42/><F109/><W29/><G29/><T91/><D76/><U38/><E38/><V115/><F115/><W20/><G40/><T59/><D47/><U71/><E71/><V103/><F39/><W44/><G96/><T24/><REACH who="0" step="1"/><D24/><REACH who="0" ten="290,292,220,188" step="2"/><U111/><E111/><V97/><F11/><N who="3" m="6367" /><G79/><T25/><D25/><U101/><E101/><V116/><F116/><W15/><G15/><T108/><D108/><U9/><REACH who="1" step="1"/><E75/><REACH who="1" ten="290,282,220,188" step="2"/><V60/><F103/><W73/><G73/><T126/><D126/><U58/><E58/><AGARI ba="0,2" hai="20,21,41,44,50,58,61,66,80,87,90" m="6367" machi="58" ten="30,2000,0" yaku="8,1,52,1" doraHai="46" who="3" fromWho="1" sc="290,0,282,-20,220,0,188,40" /><INIT seed="3,0,0,3,1,18" ten="290,262,220,228" oya="3" hai0="103,34,108,35,27,8,28,90,13,79,6,14,16" hai1="83,92,109,29,30,44,19,106,52,40,71,131,4" hai2="53,58,74,9,132,135,66,80,25,47,11,111,125" hai3="21,133,64,118,5,96,20,117,72,134,15,45,50"/><W123/><G123/><T51/><D79/><U54/><E106/><V99/><F80/><W113/><G113/><T65/><D65/><U61/><E109/><V2/><F74/><W59/><G72/><T116/><D103/><U17/><E131/><V67/><F111/><W10/><G96/><T48/><D108/><U119/><E119/><V97/><F47/><W23/><G64/><T69/><D69/><U32/><E32/><V49/><F25/><W56/><G117/><T98/><D116/><U89/><E83/><V87/><F87/><W75/><G75/><T82/><D35/><U102/><E4/><V128/><F128/><W93/><G93/><T63/><D63/><U22/><E19/><V107/><F107/><W1/><G118/><T42/><D42/><U31/><E102/><V121/><F121/><W104/><G104/><T127/><D127/><U70/><E71/><V41/><F41/><N who="3" m="24879" /><G1/><T38/><D38/><U84/><E61/><V60/><F125/><W43/><G43/><T46/><D46/><U57/><E57/><N who="2" m="37135" /><F67/><W7/><G7/><T62/><D62/><U120/><E70/><V12/><F2/><W105/><G105/><T124/><D124/><U110/><E110/><V81/><F81/><W78/><G78/><T76/><D76/><U114/><E114/><V26/><F97/><W129/><G129/><T3/><D3/><U36/><REACH who="1" step="1"/><E120/><REACH who="1" ten="290,252,220,228" step="2"/><V33/><F33/><W112/><G112/><T115/><D115/><U101/><E101/><V86/><F58/><W24/><G24/><AGARI ba="0,1" hai="17,22,24,29,30,31,36,40,44,52,54,84,89,92" machi="24" ten="40,5200,0" yaku="1,1,52,1,54,1,53,0" doraHai="18" doraHaiUra="94" who="1" fromWho="3" sc="290,0,252,62,220,0,228,-52" /><INIT seed="4,0,0,0,0,125" ten="290,314,220,176" oya="0" hai0="68,113,131,11,41,57,29,62,95,121,106,108,66" hai1="19,6,127,34,135,116,111,51,126,69,78,33,101" hai2="83,58,122,92,109,67,10,46,23,20,5,48,90" hai3="88,117,59,124,103,4,12,81,28,64,130,114,134"/><T36/><D106/><U55/><E116/><V37/><F109/><W15/><G124/><N who="1" m="47658" /><E111/><V18/><F37/><W38/><G38/><T102/><D108/><U61/><E78/><V24/><F83/><W99/><G117/><T25/><D121/><U44/><E101/><V93/><F122/><W54/><G64/><T132/><D113/><U100/><E100/><V31/><F67/><W128/><G114/><T75/><D75/><U27/><E6/><V105/><F105/><W45/><G45/><T32/><D132/><U97/><E97/><V110/><F110/><W14/><G134/><T16/><D131/><N who="3" m="50217" /><G28/><T30/><D30/><U123/><E135/><V53/><F46/><W89/><G4/><T85/><D41/><U17/><E123/><V80/><F10/><W42/><G81/><T87/><D36/><U35/><E27/><V129/><F5/><W2/><G42/><T91/><D11/><U21/><E21/><V26/><F129/><W49/><G2/><T9/><D9/><U3/><E3/><V8/><F8/><W43/><G43/><T133/><D29/><U77/><E77/><V71/><F71/><W84/><G84/><AGARI ba="0,0" hai="18,20,23,24,26,31,48,53,58,80,84,90,92,93" machi="84" ten="40,1300,0" yaku="8,1" doraHai="125" who="2" fromWho="3" sc="290,0,314,0,220,13,176,-13" /><INIT seed="5,0,0,2,1,62" ten="290,314,233,163" oya="1" hai0="108,79,113,7,46,118,99,130,128,114,74,85,4" hai1="110,49,2,121,107,95,70,25,116,72,59,134,81" hai2="3,124,17,135,123,76,71,39,92,21,14,91,52" hai3="44,28,90,111,33,13,36,0,64,84,88,129,43"/><U97/><E116/><V122/><F39/><W83/><G0/><T75/><D118/><U20/><E121/><V56/><F3/><W82/><G111/><T104/><D46/><U57/><E2/><V42/><F42/><W32/><G129/><N who="0" m="49771" /><D108/><U30/><E110/><V47/><F47/><W12/><G33/><T34/><D34/><U106/><E70/><V60/><F124/><W69/><G32/><T58/><D58/><U127/><E127/><V133/><F76/><W10/><G28/><T86/><D7/><U80/><E134/><V103/><F103/><W63/><G10/><T126/><D126/><U53/><E59/><V29/><F29/><W78/><REACH who="3" step="1"/><G90/><REACH who="3" ten="290,314,233,153" step="2"/><T41/><D114/><U112/><E112/><V87/><F122/><W1/><G1/><T119/><D113/><U67/><E72/><AGARI ba="0,1" hai="12,13,36,43,44,63,64,69,72,78,82,83,84,88" machi="72" ten="30,7700,0" yaku="1,1,7,1,52,1,54,1,53,0" doraHai="62" doraHaiUra="101" who="3" fromWho="1" sc="290,0,314,-77,233,0,153,87" /><INIT seed="6,0,0,2,0,47" ten="290,237,233,240" oya="2" hai0="44,1,4,67,114,51,24,12,53,9,104,49,84" hai1="87,41,92,8,85,64,125,42,119,70,72,98,93" hai2="80,21,43,19,54,113,124,78,36,18,100,39,75" hai3="126,121,97,55,0,62,37,56,99,107,22,128,7"/><V10/><F124/><W30/><G126/><T57/><D104/><U16/><E125/><V2/><F113/><W34/><G121/><T134/><D134/><U123/><E119/><V111/><F111/><W122/><G34/><T110/><D110/><U65/><E123/><V6/><F100/><W88/><G37/><T5/><D114/><U73/><E70/><V26/><F43/><W130/><G122/><T45/><D24/><U79/><E79/><V13/><F54/><W17/><G30/><T58/><D1/><U61/><E61/><V86/><F75/><W105/><G7/><N who="0" m="3135" /><D84/><N who="1" m="32331" /><E73/><V94/><F94/><N who="1" m="36457" /><E98/><V83/><F83/><W38/><G38/><T28/><D28/><U31/><E31/><V25/><REACH who="2" step="1"/><F26/><REACH who="2" ten="290,237,223,240" step="2"/><W52/><G55/><N who="0" m="30119" /><D67/><N who="1" m="25675" /><E72/><V127/><F127/><W115/><G115/><T90/><D90/><U32/><E32/><V14/><F14/><AGARI ba="0,1" hai="8,14,16,41,42" m="25675,36457,32331" machi="14" ten="30,2000,0" yaku="8,1,54,1" doraHai="47" who="1" fromWho="2" sc="290,0,237,30,223,-20,240,0" /><INIT seed="7,0,0,2,3,1" ten="290,267,203,240" oya="3" hai0="96,43,117,122,97,109,99,47,84,127,66,16,123" hai1="32,90,71,21,59,0,60,103,83,40,125,116,70" hai2="92,121,41,95,45,53,22,80,3,110,105,52,17" hai3="36,50,54,68,100,133,61,4,58,85,135,82,119"/><W10/><G119/><T89/><D117/><U74/><E116/><V126/><F110/><W67/><G36/><T5/><D109/><U19/><E125/><V26/><F105/><W132/><G100/><T28/><D127/><U29/><E103/><V7/><F126/><W2/><G85/><T12/><D28/><U76/><E40/><V62/><F121/><W51/><REACH who="3" step="1"/><G82/><REACH who="3" ten="290,267,203,230" step="2"/><T34/><D84/><U98/><E98/><V63/><F80/><W134/><N who="3" m="34304" /><DORA hai="112" /><W8/><G8/><T9/><D96/><U64/><E90/><V11/><F92/><W114/><G114/><T120/><D97/><U128/><E128/><V56/><F95/><W69/><G69/><T101/><D99/><U55/><E71/><V130/><F130/><W39/><G39/><BYE who="3" /><T35/><D101/><U91/><E91/><V108/><F108/><W124/><G124/><T48/><D89/><U31/><E32/><V44/><REACH who="2" step="1"/><F41/><REACH who="2" ten="290,267,193,230" step="2"/><W115/><G115/><T24/><D120/><U30/><E70/><V113/><F113/><W33/><G33/><T65/><D122/><U13/><REACH who="1" step="1"/><E0/><REACH who="1" ten="290,257,193,230" step="2"/><V111/><F111/><W15/><G15/><T107/><D123/><U93/><E93/><V78/><F78/><W6/><G6/><T27/><D35/><U37/><E37/><V23/><F23/><W79/><G79/><T72/><D34/><U20/><E20/><V106/><F106/><W86/><G86/><T57/><D107/><UN n3="%E3%81%A1%E3%82%83%E3%81%BE%E3%82%8D" /><U94/><E94/><V104/><F104/><W129/><G129/><T102/><D5/><U38/><E38/><V25/><F25/><W46/><G46/><RYUUKYOKU ba="0,3" sc="290,-30,257,10,193,10,230,10" hai1="13,19,21,29,30,31,55,59,60,64,74,76,83" hai2="3,7,11,17,22,26,44,45,52,53,56,62,63" hai3="2,4,10,50,51,54,58,61,67,68" /><INIT seed="7,1,3,2,4,66" ten="260,267,203,240" oya="3" hai0="53,19,94,99,80,7,38,36,64,132,81,100,128" hai1="108,107,37,122,28,5,103,129,120,82,51,12,102" hai2="62,93,106,59,111,104,55,89,126,40,60,22,0" hai3="91,84,30,33,42,68,117,70,127,14,86,29,21"/><W133/><G117/><T31/><D132/><U34/><E37/><V79/><F0/><W24/><G133/><T85/><D128/><U130/><E108/><V71/><F111/><W50/><G127/><T135/><D135/><U10/><E82/><V61/><F126/><W123/><G123/><BYE who="3" /><N who="1" m="47146" /><E51/><N who="2" m="31231" /><F71/><W56/><G56/><T43/><D64/><U9/><E107/><V118/><F104/><W115/><G115/><T4/><D81/><U92/><E92/><V124/><F106/><W13/><G13/><T52/><D38/><U88/><E88/><V73/><F124/><UN n3="%E3%81%A1%E3%82%83%E3%81%BE%E3%82%8D" /><W32/><G32/><T46/><D31/><U67/><E67/><V78/><F73/><W8/><G30/><T39/><D39/><U15/><E102/><V47/><F118/><W105/><G84/><T23/><D7/><N who="1" m="3135" /><E103/><V63/><F22/><W17/><G105/><T58/><D4/><U45/><E45/><V110/><N who="2" m="15872" /><DORA hai="109" /><V16/><F16/><W116/><G116/><T113/><D113/><U1/><E1/><V131/><F110/><W25/><G50/><T119/><D119/><U96/><E96/><N who="2" m="57391" /><F131/><N who="1" m="50185" /><E28/><V125/><F125/><W97/><G97/><T90/><D58/><U41/><E41/><V75/><F75/><W18/><G42/><T26/><AGARI ba="1,3" hai="19,23,26,36,43,46,52,53,80,85,90,94,99,100" machi="26" ten="20,2700,0" yaku="0,1,7,1,54,1" doraHai="66,109" who="0" fromWho="0" sc="260,60,267,-8,203,-8,240,-14" owari="320,41.0,259,6.0,195,-30.0,226,-17.0" /></mjloggm>