<mjloggm ver="2.3"><GO type="41"/><UN n0="%68%6F%73%69%67%61%6D%69" n1="%E3%81%AA%E3%81%BE%E3%81%AF%E3%81%92%E3%83%AA%E3%83%BC%E3%83%81%E2%98%86" n2="%E3%81%86%E3%81%8D%E3%81%A7%E3%82%93" n3="%EF%BC%88%E2%89%A7%E2%96%BD%E2%89%A6%EF%BC%89" dan="15,14,13,15" rate="1953,1975,1955,2012" sx="M,M,M,M"/><TAIKYOKU oya="0"/><INIT seed="0,0,0,2,2,41" ten="250,250,250,250" oya="0" hai0="65,32,81,97,54,80,8,4,103,22,39,130,131" hai1="91,102,24,38,104,113,71,133,92,128,63,129,69" hai2="60,12,40,124,52,72,111,106,90,25,122,55,16" hai3="83,53,14,57,127,30,76,9,95,21,119,108,3"/><T26/><D32/><U125/><E38/><V1/><F122/><W105/><G105/><T117/><D117/><U59/><E104/><V35/><F111/><W86/><G119/><T87/><D39/><U82/><E133/><V7/><F124/><W47/><G108/><T99/><D65/><U49/><E125/><V96/><F72/><W11/><G127/><T84/><D84/><N who="1" m="50583" /><E113/><V100/><F40/><W45/><G3/><T134/><D134/><U48/><E24/><V36/><F36/><W5/><G9/><T74/><D74/><U66/><E49/><V56/><F1/><W50/><G95/><T123/><D123/><U44/><E102/><V85/><F7/><W67/><REACH who="3" step="1"/><G67/><REACH who="3" ten="250,250,250,240" step="2"/><T34/><D8/><U19/><E92/><V17/><F106/><W73/><G73/><T20/><D80/><U93/><E93/><V109/><F109/><W135/><G135/><T61/><D81/><U110/><E110/><V62/><F100/><W64/><G64/><T115/><D115/><U15/><E66/><V126/><F126/><W77/><G77/><T121/><D121/><U70/><E70/><V98/><F90/><W13/><G13/><T78/><D78/><U2/><E2/><V101/><F12/><W79/><G79/><T132/><D132/><U107/><E69/><V0/><F101/><W116/><G116/><T118/><D103/><U68/><E71/><V75/><F0/><W23/><G23/><T6/><D22/><N who="1" m="11647" /><E68/><V88/><F35/><W37/><G37/><T27/><D34/><U18/><E107/><V43/><F75/><W46/><G46/><RYUUKYOKU ba="0,1" sc="250,-10,250,-10,250,-10,240,30" hai3="5,11,14,21,30,45,47,50,53,57,76,83,86" /><INIT seed="1,1,1,1,4,20" ten="240,240,240,270" oya="1" hai0="128,89,65,125,134,64,130,33,51,62,126,2,95" hai1="12,46,129,135,103,31,87,42,23,72,61,98,30" hai2="37,73,26,59,133,77,14,76,57,112,111,53,18" hai3="24,115,94,106,102,36,101,40,85,109,116,49,27"/><U71/><E72/><V121/><F121/><W67/><G115/><T132/><D2/><U68/><E135/><N who="0" m="51753" /><D33/><U41/><E129/><N who="0" m="49769" /><D51/><U28/><E87/><V82/><F133/><W69/><G36/><T45/><D45/><U58/><E71/><V1/><F112/><W90/><G69/><T96/><D62/><U9/><E68/><V86/><F1/><W55/><G67/><AGARI ba="1,1" hai="64,65,67,89,95,96,125,126" m="49769,51753" machi="67" ten="40,8000,1" yaku="30,2,20,1,19,1" doraHai="20" who="0" fromWho="3" sc="240,93,240,0,240,0,270,-83" /><INIT seed="2,0,0,5,3,70" ten="333,240,240,187" oya="2" hai0="14,103,90,77,57,99,44,95,134,55,110,115,105" hai1="47,116,63,83,85,65,127,40,109,106,11,31,22" hai2="82,84,18,101,119,29,59,131,28,4,62,42,92" hai3="93,51,128,86,12,113,135,61,38,78,89,58,16"/><V5/><F119/><W23/><G135/><T54/><D134/><U108/><E106/><V67/><F131/><W74/><G128/><T60/><D115/><U129/><E116/><V133/><F133/><W121/><G121/><T76/><D110/><U15/><E129/><V30/><F42/><W0/><G113/><T19/><D54/><U17/><E127/><V20/><F101/><W94/><G0/><T50/><D60/><U52/><E31/><V34/><F34/><W7/><G7/><T118/><D44/><U13/><E52/><V43/><F43/><W117/><G117/><T6/><D6/><U114/><E114/><V100/><F100/><W10/><G38/><T39/><D39/><U97/><E97/><V37/><F92/><W72/><G78/><T27/><D27/><U9/><E63/><V126/><F37/><W2/><G51/><T73/><D73/><U96/><E65/><V69/><F69/><W91/><G2/><T88/><D90/><N who="1" m="51519" /><E96/><V3/><F3/><W56/><G10/><T122/><D122/><U81/><E81/><V33/><F33/><W71/><G71/><T1/><D1/><U24/><E11/><V79/><F126/><W45/><G45/><T111/><D111/><N who="1" m="42571" /><E9/><V124/><F124/><W64/><REACH who="3" step="1"/><G58/><REACH who="3" ten="333,240,240,177" step="2"/><T120/><D118/><U102/><E47/><V68/><F68/><W75/><G75/><T123/><D123/><U32/><E40/><V112/><F112/><W53/><G53/><T130/><D120/><U80/><E32/><V8/><F8/><W87/><AGARI ba="0,1" hai="12,16,23,56,61,64,72,74,86,87,89,91,93,94" machi="87" ten="20,8000,1" yaku="1,1,0,1,7,1,9,1,54,1,53,0" doraHai="70" doraHaiUra="25" who="3" fromWho="3" sc="333,-20,240,-20,240,-40,177,90" /><INIT seed="3,0,0,5,2,73" ten="313,220,200,267" oya="3" hai0="45,70,59,36,26,21,100,129,53,43,8,124,65" hai1="114,120,7,79,128,130,55,2,22,14,32,38,89" hai2="94,98,6,13,95,87,56,92,81,64,40,102,75" hai3="122,103,63,72,1,49,34,15,101,39,47,66,19"/><W90/><G122/><T83/><D124/><U108/><E120/><V42/><F75/><W61/><G39/><T107/><D129/><U30/><E38/><V11/><F64/><W118/><G118/><T25/><D8/><N who="1" m="2167" /><E114/><V41/><REACH who="2" step="1"/><F56/><REACH who="2" ten="313,220,190,267" step="2"/><W115/><G72/><T135/><D65/><U111/><E130/><V27/><F27/><W76/><G66/><T67/><D26/><N who="1" m="18519" /><E128/><V82/><F82/><W37/><G115/><T17/><D83/><U18/><E111/><V99/><F99/><W12/><G34/><T119/><D67/><U80/><E108/><V44/><F44/><W51/><G47/><T77/><D45/><U62/><E89/><AGARI ba="0,1" hai="6,11,13,40,41,42,81,87,89,92,94,95,98,102" machi="89" ten="40,2600,0" yaku="1,1,8,1,53,0" doraHai="73" doraHaiUra="52" who="2" fromWho="1" sc="313,0,220,-26,190,36,267,0" /><INIT seed="4,0,0,0,0,91" ten="313,194,226,267" oya="0" hai0="116,75,109,19,59,9,47,82,26,29,95,8,52" hai1="65,79,0,4,131,35,13,134,7,3,125,100,58" hai2="57,15,118,37,132,18,135,107,20,24,45,61,34" hai3="5,84,11,40,67,123,63,22,113,108,81,39,66"/><T76/><D116/><U89/><E35/><V51/><F118/><W68/><G108/><T64/><D109/><U41/><E79/><V38/><F107/><W120/><G113/><T25/><D64/><U80/><E100/><V94/><F51/><W17/><G67/><T86/><D47/><U133/><E41/><V119/><F119/><W14/><G40/><T54/><D54/><U110/><E110/><V117/><F117/><W43/><G43/><T88/><D19/><U130/><E65/><V12/><F94/><W121/><G39/><T114/><D114/><U128/><E58/><V36/><F45/><W99/><G99/><T90/><D90/><U103/><E103/><V28/><REACH who="2" step="1"/><F15/><REACH who="2" ten="313,194,216,267" step="2"/><W97/><G121/><T60/><REACH who="0" step="1"/><D25/><REACH who="0" ten="303,194,216,267" step="2"/><U72/><E128/><V74/><F74/><W122/><G120/><T106/><D106/><U33/><E130/><V129/><F129/><W104/><G123/><T73/><D73/><U23/><E131/><V44/><F44/><W83/><G122/><T32/><AGARI ba="0,2" hai="8,9,26,29,32,52,59,60,75,76,82,86,88,95" machi="32" ten="20,18000,2" yaku="1,1,0,1,7,1,52,1,54,2,53,1" doraHai="91" doraHaiUra="78" who="0" fromWho="0" sc="303,200,194,-60,216,-60,267,-60" /><INIT seed="4,1,0,1,1,127" ten="503,134,156,207" oya="0" hai0="5,105,42,32,66,87,44,81,26,95,131,63,36" hai1="3,88,129,80,110,134,71,40,74,117,98,16,125" hai2="48,119,55,76,54,67,13,115,72,56,27,96,99" hai3="53,97,106,128,38,121,23,102,111,7,11,47,22"/><T75/><D105/><U25/><E117/><V94/><F119/><W89/><G111/><T61/><D61/><U37/><E110/><V93/><F115/><W108/><G108/><T109/><D109/><U122/><E122/><V10/><F67/><W24/><G121/><T31/><D5/><U132/><E71/><V70/><F70/><W130/><G89/><T69/><D75/><U19/><E3/><V135/><F135/><N who="1" m="51753" /><E125/><V45/><F72/><W82/><G82/><T60/><D60/><U114/><E114/><V92/><F27/><W83/><G83/><T73/><D73/><U33/><E129/><N who="3" m="49770" /><G24/><T43/><D131/><U18/><E74/><V104/><F76/><W100/><G100/><T116/><D116/><U14/><E40/><V41/><F104/><W90/><G90/><T58/><D43/><U8/><E37/><V4/><REACH who="2" step="1"/><F55/><REACH who="2" ten="503,134,146,207" step="2"/><W9/><G53/><T85/><D69/><U15/><E8/><V68/><F68/><W39/><G11/><T101/><D66/><U133/><N who="1" m="51761" /><U107/><DORA hai="103" /><E107/><V124/><F124/><W120/><G120/><T52/><D26/><U50/><E25/><V118/><F118/><W34/><G9/><T51/><D31/><U20/><E33/><V17/><F17/><W2/><G34/><T28/><D32/><U46/><E20/><V49/><AGARI ba="1,1" hai="4,10,13,41,45,48,49,54,56,92,93,94,96,99" machi="49" ten="30,4000,0" yaku="1,1,0,1,8,1,53,0" doraHai="127,103" doraHaiUra="57,62" who="2" fromWho="2" sc="503,-21,134,-11,146,53,207,-11" /><INIT seed="5,0,0,0,2,31" ten="482,123,199,196" oya="1" hai0="3,57,4,8,7,48,106,111,104,93,41,98,131" hai1="13,47,118,15,58,68,80,54,76,61,33,90,126" hai2="28,99,60,132,101,2,110,114,89,72,62,96,55" hai3="103,14,120,45,124,1,50,5,108,63,12,127,42"/><U102/><E118/><V24/><F110/><W20/><G108/><T9/><D111/><U115/><E115/><V112/><F132/><W32/><G32/><T95/><D131/><U119/><E119/><V105/><F72/><W74/><G120/><T64/><D93/><U125/><E102/><V135/><F135/><W6/><G74/><T71/><D71/><U16/><E68/><V129/><F129/><W66/><G103/><T37/><D37/><U78/><E47/><V56/><F2/><W0/><G0/><T82/><D82/><U75/><E78/><V107/><F62/><W116/><G116/><T30/><D30/><U113/><E113/><N who="2" m="43627" /><F89/><W44/><G45/><T85/><D85/><U53/><E33/><N who="2" m="20615" /><F99/><W130/><G130/><T117/><D117/><U94/><E54/><V18/><F18/><N who="3" m="10311" /><G1/><T26/><D98/><U21/><REACH who="1" step="1"/><E15/><REACH who="1" ten="482,113,199,196" step="2"/><V79/><F79/><W92/><G14/><T52/><D3/><U65/><E65/><V84/><F107/><W91/><G66/><T10/><D64/><U133/><E133/><V83/><F105/><W38/><G44/><T88/><D106/><U123/><E123/><V22/><F101/><W17/><G42/><T86/><D41/><U29/><E29/><V67/><F67/><W134/><G134/><T121/><D104/><U51/><E51/><V36/><F55/><W100/><G100/><T122/><D122/><U97/><AGARI ba="0,1" hai="13,16,21,53,58,61,75,76,80,90,94,97,125,126" machi="97" ten="30,6000,0" yaku="1,1,0,1,54,1,53,0" doraHai="31" doraHaiUra="39" who="1" fromWho="1" sc="482,-20,113,70,199,-20,196,-20" /><INIT seed="5,1,0,5,0,10" ten="462,183,179,176" oya="1" hai0="47,39,59,58,129,37,83,33,118,119,21,105,52" hai1="8,65,61,85,133,115,3,121,38,95,70,60,78" hai2="90,44,25,36,103,134,80,87,64,51,110,28,127" hai3="40,35,123,27,122,69,98,22,86,20,131,41,24"/><U73/><E121/><V130/><F110/><W120/><G69/><T30/><D105/><U54/><E38/><V114/><F134/><W88/><G131/><T96/><D129/><U31/><E133/><V23/><F130/><W12/><G35/><T17/><D59/><U7/><E115/><V67/><F114/><W89/><G98/><T16/><D17/><U91/><E31/><V82/><F127/><W128/><G128/><T100/><D30/><U125/><E125/><V112/><F112/><W0/><G0/><T53/><D33/><U57/><E78/><V9/><F36/><W79/><G79/><T5/><D5/><U56/><E70/><V63/><F103/><W34/><G34/><T107/><D37/><U29/><E29/><V113/><F113/><W84/><G122/><T97/><D97/><U124/><E124/><V111/><F111/><W11/><G11/><T68/><D68/><U93/><REACH who="1" step="1"/><E73/><REACH who="1" ten="462,173,179,176" step="2"/><V50/><F28/><W102/><G123/><T101/><D119/><U6/><E6/><V18/><F18/><W62/><G120/><T14/><D16/><U45/><E45/><V126/><F44/><W104/><G27/><T94/><D47/><U46/><E46/><V32/><F25/><W109/><G24/><T48/><D39/><U92/><AGARI ba="1,1" hai="3,7,8,54,56,57,60,61,65,85,91,92,93,95" machi="92" ten="20,3900,0" yaku="1,1,0,1,7,1,53,0" doraHai="10" doraHaiUra="99" who="1" fromWho="1" sc="462,-14,173,52,179,-14,176,-14" /><INIT seed="5,2,0,3,5,50" ten="448,225,165,162" oya="1" hai0="62,100,21,23,13,94,49,121,45,111,128,118,130" hai1="115,75,78,68,86,89,84,92,3,16,91,46,116" hai2="35,0,14,4,90,135,42,74,112,63,29,134,96" hai3="26,97,95,105,129,37,38,56,6,117,107,10,133"/><U1/><E116/><V54/><F112/><W132/><G117/><T123/><D118/><U125/><E68/><V131/><F131/><W31/><G129/><T2/><D2/><U7/><E115/><V110/><F110/><W99/><G56/><T43/><D111/><U103/><E125/><V36/><F0/><N who="3" m="327" /><G95/><T48/><D62/><U51/><E103/><V120/><F74/><W88/><G99/><T98/><D130/><U93/><E7/><V28/><F120/><W25/><G25/><T72/><D72/><U9/><E75/><V19/><F96/><W5/><G5/><T61/><D61/><U102/><E78/><V30/><F4/><W80/><G80/><T69/><D69/><U122/><E122/><V8/><F90/><W22/><G88/><T47/><D128/><U39/><E39/><N who="3" m="14858" /><G97/><T101/><D101/><U114/><E102/><V82/><F82/><W113/><G113/><T71/><D71/><U59/><E59/><N who="2" m="35319" /><F36/><W108/><G108/><T76/><D123/><U64/><E114/><V41/><F35/><W104/><G104/><T52/><D121/><U126/><E3/><V83/><F83/><W55/><G105/><T65/><D76/><U44/><E1/><V73/><F73/><W17/><G107/><T127/><D100/><U18/><E126/><V24/><F24/><N who="3" m="14415" /><G55/><T81/><D127/><U87/><E87/><V15/><F15/><W11/><G11/><T34/><D13/><U67/><E9/><V77/><F77/><W109/><G109/><T124/><D124/><U85/><E86/><V60/><F60/><W40/><G40/><AGARI ba="2,0" hai="8,14,19,28,29,30,40,41,42,134,135" m="35319" machi="40" ten="30,2000,0" yaku="6,1,52,1" doraHai="50" who="2" fromWho="3" sc="448,0,225,0,165,26,162,-26" /><INIT seed="6,0,0,3,4,92" ten="448,225,191,136" oya="2" hai0="83,123,99,21,121,107,57,48,130,55,78,95,10" hai1="24,50,58,2,112,131,105,68,54,128,89,32,36" hai2="46,116,4,111,124,109,59,18,70,100,91,6,13" hai3="47,79,37,9,19,26,16,87,104,127,85,135,103"/><V11/><F116/><W118/><G118/><T115/><D107/><U15/><E2/><V113/><F113/><W69/><G135/><T53/><D115/><U17/><E36/><V25/><F124/><W29/><G127/><T66/><D66/><U64/><E105/><V8/><F70/><W129/><G129/><N who="1" m="49738" /><E112/><V42/><F100/><W27/><G69/><T52/><D130/><U97/><E68/><V56/><F91/><W20/><G9/><T28/><D10/><N who="1" m="6391" /><E64/><V60/><F6/><W49/><G37/><T88/><D55/><U133/><E133/><V41/><F59/><W61/><G61/><T45/><D28/><N who="1" m="19463" /><E89/><V3/><F46/><W119/><G119/><T7/><D45/><U72/><E97/><V93/><F93/><W81/><G85/><T22/><D95/><U38/><E38/><V114/><F114/><W102/><G104/><T31/><D83/><U75/><AGARI ba="0,0" hai="50,54,58,72,75" m="19463,6391,49738" machi="75" ten="30,1100,0" yaku="19,1" doraHai="92" who="1" fromWho="1" sc="448,-3,225,11,191,-5,136,-3" /><INIT seed="7,0,0,4,4,72" ten="445,236,186,133" oya="3" hai0="46,48,24,63,50,47,96,20,34,6,78,57,81" hai1="0,110,117,3,25,108,37,51,106,123,56,23,129" hai2="15,85,86,127,103,21,66,38,131,97,115,45,60" hai3="39,43,11,10,135,99,36,102,104,33,8,112,19"/><W5/><G135/><T87/><D34/><U74/><E37/><V119/><F119/><W111/><G33/><T121/><D121/><U88/><E123/><V113/><F131/><W7/><G112/><T18/><D6/><U90/><E106/><V27/><F15/><W16/><G111/><T4/><D4/><U134/><E74/><V53/><F127/><W116/><G116/><T59/><D59/><U55/><E117/><V13/><F13/><W100/><G100/><T70/><D70/><U28/><E134/><V12/><F12/><W130/><G130/><T26/><D26/><U124/><E129/><V62/><F38/><W71/><G71/><T30/><D30/><U32/><E124/><V128/><F128/><W122/><G122/><T76/><D76/><U44/><E32/><V80/><F27/><W79/><G39/><T35/><D35/><U69/><E69/><V126/><F126/><W73/><G5/><T120/><D120/><U84/><E90/><V105/><F115/><W94/><G7/><T29/><D29/><U54/><E108/><V14/><F14/><W95/><G95/><T64/><D96/><U75/><E75/><V109/><F113/><W52/><G52/><T67/><D67/><U132/><E110/><V58/><F66/><W42/><G104/><T82/><D82/><N who="1" m="49175" /><E132/><V133/><F133/><W61/><G61/><T83/><D63/><N who="1" m="36247" /><E3/><V107/><F109/><W31/><G31/><T41/><D83/><U40/><E0/><V92/><F107/><W118/><G118/><T98/><D81/><U89/><E55/><V65/><F53/><RYUUKYOKU ba="0,0" sc="445,-10,236,30,186,-10,133,-10" hai1="23,25,28,40,44,51,89" owari="435,53.0,266,7.0,176,-22.0,123,-38.0" /></mjloggm>