<mjloggm ver="2.3"><GO type="41"/><UN n0="%E3%83%88%E3%83%A9%EF%BC%92" n1="%E3%81%9F%E3%81%BE%E3%82%89%E3%82%93%E3%82%AC%E3%83%83%E3%83%91" n2="%6D%69%79%75" n3="%EF%BC%88%E2%89%A7%E2%96%BD%E2%89%A6%EF%BC%89" dan="14,14,14,15" rate="1943,1958,1873,2028" sx="M,M,F,M"/><TAIKYOKU oya="0"/><INIT seed="0,0,0,2,3,47" ten="250,250,250,250" oya="0" hai0="5,74,64,58,120,61,116,115,121,20,75,1,66" hai1="81,69,106,126,132,87,24,118,86,113,50,60,83" hai2="98,103,3,97,117,10,105,63,134,11,46,89,28" hai3="34,13,96,102,65,62,123,92,76,129,26,8,68"/><T35/><D116/><U133/><E118/><V84/><F117/><W79/><G123/><T85/><D35/><U33/><E106/><V119/><F119/><W82/><G129/><T78/><D115/><U88/><E113/><V48/><F134/><N who="1" m="51817" /><E126/><V109/><F109/><W131/><G131/><T72/><D66/><N who="1" m="41159" /><E50/><V56/><F28/><W110/><G110/><T30/><D5/><U29/><E86/><V93/><F98/><W55/><G82/><AGARI ba="0,0" hai="24,29,33,81,82,83,87,88" m="41159,51817" machi="82" ten="30,2000,0" yaku="20,1,54,1" doraHai="47" who="1" fromWho="3" sc="250,0,250,20,250,0,250,-20" /><INIT seed="1,0,0,1,0,32" ten="250,270,250,230" oya="1" hai0="115,19,134,66,70,39,65,103,105,59,119,27,112" hai1="82,11,94,37,0,62,100,92,135,3,20,31,58" hai2="15,129,85,72,50,6,10,47,97,132,73,130,17" hai3="8,57,74,61,116,131,95,99,40,87,91,118,90"/><U89/><E37/><V117/><F117/><W76/><G131/><N who="2" m="50185" /><F132/><W28/><G28/><T79/><D39/><U16/><E135/><V110/><F110/><W83/><G40/><T125/><D134/><U86/><E31/><V51/><F97/><W36/><G8/><T128/><D119/><U33/><E33/><V43/><F85/><W54/><REACH who="3" step="1"/><G36/><REACH who="3" ten="250,270,250,220" step="2"/><T9/><D115/><U42/><E42/><V60/><F6/><W18/><G18/><T64/><D112/><U75/><E16/><V102/><F50/><W127/><G127/><T121/><D128/><U12/><E11/><V41/><F60/><W45/><G45/><T29/><D125/><U34/><E62/><V106/><F43/><W2/><G2/><T35/><D19/><U23/><E0/><V126/><F126/><W52/><G52/><T133/><D9/><U26/><E3/><V77/><F51/><W109/><G109/><T53/><D133/><U114/><E114/><V46/><F41/><W24/><G24/><T96/><D121/><U113/><E26/><V101/><F47/><W88/><G88/><T25/><D25/><U4/><E89/><V44/><F46/><W63/><G63/><N who="0" m="40223" /><D79/><U108/><E113/><V22/><F77/><W120/><G120/><T123/><D123/><U5/><E100/><N who="2" m="38507" /><F10/><W38/><G38/><T104/><D104/><U84/><E4/><V122/><F122/><W78/><G78/><T55/><D55/><U81/><E5/><V111/><F111/><W7/><G7/><T21/><D35/><U107/><E34/><V67/><F106/><W98/><G98/><RYUUKYOKU ba="0,1" sc="250,15,270,-15,250,-15,220,15" hai0="21,27,29,53,59,65,66,96,103,105" hai3="54,57,61,74,76,83,87,90,91,95,99,116,118" /><INIT seed="2,1,1,2,2,114" ten="265,255,235,235" oya="2" hai0="31,16,46,83,14,35,119,53,84,133,88,66,104" hai1="76,41,62,7,1,38,64,21,116,70,120,126,97" hai2="95,55,71,60,105,101,43,30,11,32,42,129,22" hai3="52,59,17,93,73,36,109,82,37,78,27,19,127"/><V44/><F129/><W113/><G113/><T103/><D104/><U68/><E116/><V132/><F132/><W111/><G127/><T81/><D133/><U15/><E126/><V2/><F95/><W51/><G93/><T63/><D119/><U0/><E120/><V34/><F22/><N who="3" m="13775" /><G19/><T87/><D103/><U124/><E124/><V79/><F55/><W29/><G29/><T92/><D35/><N who="2" m="13354" /><F30/><W33/><G33/><T4/><D31/><U40/><E64/><N who="2" m="41351" /><F79/><W25/><G25/><T75/><D4/><U56/><E76/><V107/><F43/><W96/><G96/><T99/><D75/><U77/><E97/><V6/><F101/><W121/><G121/><T49/><D83/><U67/><E41/><V74/><F74/><W135/><G135/><T86/><D81/><U13/><E40/><V12/><F12/><W69/><G69/><T125/><D125/><U106/><E15/><V134/><F134/><W118/><G118/><T85/><N who="0" m="22016" /><DORA hai="131" /><T47/><D66/><U128/><E67/><V108/><F108/><AGARI ba="1,1" hai="36,37,51,52,59,73,78,82,108,109,111" m="13775" machi="108" ten="30,2000,0" yaku="14,1,54,1" doraHai="114,131" who="3" fromWho="2" sc="265,0,255,0,235,-23,235,33" /><INIT seed="3,0,0,0,5,65" ten="265,255,212,268" oya="3" hai0="120,97,133,91,118,80,96,16,50,108,74,115,46" hai1="119,73,76,94,33,26,19,0,30,72,12,53,84" hai2="85,122,61,14,112,90,83,38,107,131,37,135,81" hai3="29,28,35,92,104,93,39,127,111,6,5,52,57"/><W34/><G39/><T17/><D118/><U42/><E119/><V125/><F14/><W18/><G104/><T64/><D115/><U99/><E42/><V98/><F61/><W21/><G127/><T134/><D108/><U54/><E0/><V75/><F38/><W58/><G111/><T45/><D120/><U86/><E73/><V77/><F37/><W88/><G35/><T41/><D46/><U31/><E72/><V24/><F24/><N who="3" m="14391" /><G58/><T27/><D27/><U59/><E31/><N who="3" m="11850" /><G34/><T68/><D74/><U63/><E76/><N who="2" m="46247" /><F112/><W62/><G93/><N who="0" m="56383" /><D80/><U40/><E94/><N who="2" m="56663" /><F125/><W103/><G103/><T126/><D97/><AGARI ba="0,0" hai="5,6,52,57,62,88,92,97" m="11850,14391" machi="97" ten="30,11600,0" yaku="25,1,8,1,54,2" doraHai="65" who="3" fromWho="0" sc="265,-116,255,0,212,0,268,116" /><INIT seed="3,1,0,3,2,98" ten="149,255,212,384" oya="3" hai0="119,86,105,131,26,76,52,111,127,14,58,16,110" hai1="57,67,84,22,54,78,108,102,55,135,17,75,95" hai2="90,20,71,15,122,33,101,81,42,48,44,6,126" hai3="27,62,85,133,40,25,73,112,24,94,36,125,10"/><W18/><G73/><T12/><D105/><U80/><E108/><N who="0" m="41513" /><D119/><U69/><E135/><V49/><F33/><W45/><G112/><T117/><D117/><U72/><E69/><V37/><F71/><W92/><G133/><T50/><D131/><U51/><E67/><V30/><F126/><W70/><G125/><T4/><D4/><U115/><E115/><V31/><F122/><W11/><G70/><T103/><D127/><U39/><E39/><V116/><F116/><W134/><G134/><T79/><D26/><U107/><E107/><V23/><F37/><W66/><G85/><T65/><D12/><U93/><E93/><V5/><F81/><W1/><G1/><T53/><D53/><U129/><E129/><V56/><F90/><W91/><G18/><T74/><D74/><U8/><E8/><V60/><F15/><W121/><G121/><T9/><D65/><U113/><E113/><V83/><F83/><W43/><G40/><T63/><D63/><U47/><E17/><V7/><F60/><W0/><G0/><T59/><D59/><U29/><E22/><N who="2" m="8235" /><F101/><W35/><G43/><T120/><D120/><U61/><REACH who="1" step="1"/><E29/><REACH who="1" ten="149,245,212,384" step="2"/><V87/><F31/><N who="3" m="19943" /><G66/><T130/><D130/><U106/><E106/><V123/><F30/><W128/><G128/><T82/><D76/><U118/><E118/><V32/><F123/><W46/><G94/><T68/><D68/><U41/><E41/><V124/><F124/><W99/><G92/><T89/><D79/><U109/><E109/><V104/><F104/><W19/><G36/><T96/><D96/><AGARI ba="1,1" hai="47,51,54,55,57,61,72,75,78,80,84,95,96,102" machi="96" ten="40,5200,0" yaku="1,1,52,1,53,1" doraHai="98" doraHaiUra="77" who="1" fromWho="0" sc="149,-55,245,65,212,0,384,0" /><INIT seed="4,0,0,1,5,6" ten="94,310,212,384" oya="0" hai0="12,128,40,45,5,17,123,28,98,1,116,73,134" hai1="19,75,81,34,57,112,78,18,82,29,58,31,91" hai2="109,62,92,47,97,9,4,132,89,129,64,80,14" hai3="104,83,94,120,36,66,101,50,42,26,46,20,49"/><T38/><D123/><U61/><E34/><V110/><F132/><W52/><G120/><T59/><D128/><U95/><E112/><V16/><F129/><W56/><G104/><T51/><D116/><U22/><E82/><V13/><F47/><W79/><G66/><T102/><D28/><U72/><E72/><V113/><F113/><W23/><G36/><T55/><D134/><U117/><E117/><V115/><F115/><W103/><G94/><T99/><D73/><U7/><E7/><V10/><REACH who="2" step="1"/><F80/><REACH who="2" ten="94,310,202,384" step="2"/><W63/><G83/><T87/><D87/><U25/><E81/><V2/><F2/><W127/><G79/><T65/><D65/><U0/><E78/><V32/><F32/><W93/><G46/><T133/><D133/><U86/><E0/><V77/><F77/><W107/><G42/><T124/><D124/><U70/><E86/><V105/><F105/><W68/><G107/><T27/><D102/><U122/><E75/><V111/><F111/><W11/><G103/><T35/><D1/><U108/><E122/><V135/><F135/><W114/><G101/><T71/><D35/><U53/><E108/><V39/><F39/><W3/><G114/><T119/><D119/><U30/><E95/><V130/><F130/><W125/><G125/><T44/><D45/><U121/><E121/><V15/><F15/><W33/><G127/><T67/><D27/><U37/><E37/><V60/><F60/><W54/><G63/><N who="0" m="40447" /><D5/><U131/><E25/><V88/><F88/><W85/><G26/><T43/><D43/><U48/><E91/><V106/><F106/><RYUUKYOKU ba="0,1" sc="94,15,310,-15,202,15,384,-15" hai0="12,17,38,40,44,51,55,59,98,99" hai2="4,9,10,13,14,16,62,64,89,92,97,109,110" /><INIT seed="4,1,1,4,5,123" ten="109,295,217,369" oya="0" hai0="52,55,130,62,132,126,47,78,131,49,44,87,106" hai1="19,31,85,58,69,95,89,88,80,2,127,124,90" hai2="73,38,53,59,41,7,9,110,84,117,10,82,96" hai3="101,37,77,100,23,43,75,104,25,15,99,102,61"/><T63/><D106/><U134/><E69/><V0/><F96/><W70/><G37/><T128/><D87/><N who="1" m="52639" /><E134/><V33/><F10/><W46/><G75/><T1/><D1/><U22/><E2/><V103/><F103/><W28/><G77/><T115/><D78/><N who="1" m="46231" /><E58/><V129/><F33/><W121/><G121/><T119/><D119/><U68/><E68/><V18/><F18/><W50/><REACH who="3" step="1"/><G15/><REACH who="3" ten="109,295,217,359" step="2"/><T125/><D115/><U83/><E127/><N who="0" m="48649" /><D132/><U20/><E124/><V8/><F73/><W120/><G120/><T11/><D11/><U92/><E22/><V60/><F9/><W122/><G122/><T29/><D29/><U65/><E20/><V4/><F117/><W91/><G91/><T6/><D6/><U45/><E31/><V71/><F4/><W56/><G56/><T57/><D44/><U64/><E45/><V36/><F71/><W67/><AGARI ba="1,2" hai="23,25,28,43,46,50,61,67,70,99,100,101,102,104" machi="67" ten="30,4000,0" yaku="1,1,0,1,53,1" doraHai="123" doraHaiUra="94" who="3" fromWho="3" sc="109,-21,295,-11,217,-11,359,63" /><INIT seed="5,0,0,3,5,94" ten="88,284,206,422" oya="1" hai0="77,24,70,56,20,97,65,28,41,15,59,118,119" hai1="25,50,82,63,120,93,33,134,117,34,98,48,83" hai2="81,92,18,89,115,107,113,121,73,36,79,87,90" hai3="61,96,21,27,22,86,2,129,67,23,17,69,110"/><U132/><E120/><V8/><F36/><W7/><G110/><T16/><D70/><U42/><E117/><V19/><F8/><W47/><G129/><T78/><D41/><U54/><E42/><V31/><F31/><W30/><G2/><T102/><D119/><U64/><E25/><V53/><F53/><W125/><G7/><T114/><D114/><N who="2" m="43530" /><F107/><W44/><G125/><T135/><D135/><U10/><E10/><V52/><F121/><W32/><G17/><T39/><D39/><U9/><E9/><V95/><F52/><W112/><G112/><T100/><D100/><U5/><E5/><V84/><AGARI ba="0,0" hai="18,19,73,79,81,84,87,89,90,92,95" m="43530" machi="84" ten="30,2000,0" yaku="15,1,11,1" doraHai="94" who="2" fromWho="2" sc="88,-5,284,-10,206,20,422,-5" /><INIT seed="6,0,0,0,0,43" ten="83,274,226,417" oya="2" hai0="18,5,47,1,11,41,82,100,71,70,31,32,46" hai1="66,77,87,84,12,37,133,50,67,8,99,0,116" hai2="103,20,35,3,109,28,29,45,36,55,127,114,101" hai3="90,120,105,124,111,121,91,63,81,74,2,98,80"/><V65/><F35/><W102/><G2/><T34/><D18/><U27/><E37/><V131/><F3/><W72/><G63/><T48/><D100/><U135/><E116/><V13/><F65/><W110/><G124/><T104/><D104/><U132/><E0/><V49/><F127/><W51/><G51/><T112/><D112/><U128/><E128/><V125/><F125/><W39/><G39/><T107/><D107/><U15/><E50/><V75/><F75/><N who="3" m="28715" /><G90/><T40/><D82/><N who="3" m="31849" /><G91/><T95/><D95/><U44/><E132/><V7/><F36/><W24/><G24/><T58/><D58/><U30/><E27/><V108/><F49/><W115/><G115/><T33/><REACH who="0" step="1"/><D31/><REACH who="0" ten="73,274,226,417" step="2"/><U94/><E30/><V76/><F114/><W92/><G105/><T96/><D96/><U69/><E99/><V22/><F29/><W126/><G126/><T134/><D134/><U129/><E94/><V118/><F28/><W60/><G98/><T119/><D119/><U21/><E135/><V85/><F118/><W64/><G92/><T10/><D10/><U97/><E8/><V23/><F7/><W56/><G102/><T89/><D89/><U38/><E97/><V113/><F113/><W117/><G56/><T73/><D73/><U93/><E93/><V86/><F85/><W68/><G117/><T78/><D78/><U106/><E77/><V16/><F86/><W6/><G6/><T79/><D79/><U42/><E106/><V130/><F76/><W83/><G83/><T122/><D122/><U62/><E87/><V59/><F103/><W53/><G121/><RYUUKYOKU ba="0,1" sc="73,30,274,-10,226,-10,417,-10" hai0="1,5,11,32,33,34,40,41,46,47,48,70,71" /><INIT seed="7,1,1,1,1,105" ten="103,264,216,407" oya="3" hai0="34,53,90,14,52,89,47,69,59,29,44,46,36" hai1="131,37,88,95,30,121,79,113,64,20,126,55,129" hai2="123,98,61,127,27,50,101,25,104,8,63,66,87" hai3="16,42,133,5,85,108,110,76,68,99,100,38,96"/><W24/><G5/><T134/><D36/><U83/><E121/><V125/><F123/><W2/><G2/><T130/><D130/><N who="1" m="49675" /><E113/><V109/><F109/><W107/><G85/><T71/><D134/><U114/><E114/><V117/><F117/><W1/><G96/><T7/><D34/><U94/><E126/><N who="2" m="48139" /><F50/><W33/><G38/><T86/><D29/><U118/><E118/><V65/><F8/><W19/><G33/><T15/><D7/><U18/><E64/><N who="2" m="24683" /><F87/><W81/><G108/><T72/><D86/><N who="1" m="48511" /><E37/><V48/><F48/><W35/><G110/><T78/><D72/><U132/><E132/><V77/><F77/><W70/><G76/><T135/><D78/><U22/><E55/><N who="0" m="21065" /><D135/><U102/><E102/><V84/><F84/><W75/><G100/><T51/><D59/><U112/><E22/><V0/><F0/><W21/><G1/><T49/><D51/><U103/><E20/><V12/><F12/><N who="0" m="4650" /><D49/><U115/><E112/><V74/><F74/><W128/><G75/><T32/><D32/><U41/><E103/><V120/><F120/><W11/><G35/><T9/><D9/><U28/><E115/><V23/><F23/><W80/><G11/><T31/><D31/><U60/><E28/><V56/><F56/><W54/><G21/><T17/><D17/><U57/><E18/><V91/><F91/><AGARI ba="1,1" hai="44,46,47,69,71,89,90,91" m="4650,21065" machi="91" ten="30,3900,0" yaku="28,2,54,1" doraHai="105" who="0" fromWho="2" sc="103,52,264,0,216,-42,407,0" owari="155,-34.0,264,6.0,174,-23.0,407,51.0" /></mjloggm>