<mjloggm ver="2.3"><GO type="169" lobby="0"/><UN n0="%74%61%63%6F%73" n1="%E3%81%BE%E3%82%86%E3%81%BE%E3%82%86%37%37" n2="%E3%81%84%E3%81%A1%E3%81%8B%E3%82%8F%E2%99%AA" n3="%EF%BC%88%E2%89%A7%E2%96%BD%E2%89%A6%EF%BC%89" dan="17,17,16,18" rate="2141.99,2142.31,2138.18,2170.78" sx="M,F,M,F"/><TAIKYOKU oya="0"/><INIT seed="0,0,0,4,5,95" ten="250,250,250,250" oya="0" hai0="19,130,119,107,135,111,125,63,42,6,10,36,92" hai1="68,13,2,70,29,47,99,44,134,43,49,129,116" hai2="46,22,86,18,11,52,57,104,24,123,122,16,75" hai3="51,59,39,31,100,62,83,133,54,103,120,1,91"/><T72/><D107/><U65/><E2/><V80/><F75/><W73/><G39/><T61/><D119/><U79/><E116/><V64/><F64/><W108/><G1/><T127/><D72/><U71/><E134/><V131/><F104/><W87/><G120/><T118/><D118/><U25/><E129/><V78/><F131/><W69/><G133/><T74/><D74/><U85/><E13/><V112/><F112/><W90/><G108/><T124/><D130/><U40/><E65/><V102/><F102/><W117/><G117/><T33/><D33/><U3/><E3/><V115/><F46/><W32/><G73/><T21/><D135/><U93/><E85/><V132/><F115/><W7/><G7/><T55/><D111/><U101/><E79/><V88/><F78/><W37/><G37/><T8/><D92/><U17/><E17/><V77/><F77/><W4/><G4/><T66/><D55/><U109/><E109/><V23/><F11/><N who="0" m="4138" /><D6/><U114/><E114/><V48/><F132/><W67/><G32/><T96/><D66/><U84/><E84/><V58/><F58/><W94/><REACH who="3" step="1"/><G31/><REACH who="3" ten="250,250,250,240" step="2"/><T106/><D125/><U30/><REACH who="1" step="1"/><E25/><AGARI ba="0,1" hai="16,18,22,23,24,25,48,52,57,80,86,88,122,123" machi="25" ten="30,8000,1" yaku="7,1,9,1,54,3" doraHai="95" who="2" fromWho="1" sc="250,0,250,-80,250,90,240,0" /><INIT seed="1,0,0,3,5,111" ten="250,170,340,240" oya="1" hai0="130,7,114,16,28,31,103,32,107,41,6,88,22" hai1="65,97,115,60,47,58,0,109,68,1,45,117,39" hai2="50,37,105,69,54,89,43,123,48,66,34,93,118" hai3="3,11,70,113,44,129,127,57,62,14,9,15,108"/><U78/><E117/><V21/><F105/><W131/><G70/><T119/><D32/><U101/><E109/><V76/><F34/><W51/><G108/><T98/><D119/><U94/><E115/><V91/><F76/><W73/><G73/><T112/><D41/><U77/><E68/><V96/><F118/><W81/><G81/><T2/><D130/><N who="3" m="49673" /><G127/><T124/><D124/><U36/><E77/><V5/><F5/><N who="3" m="1215" /><G11/><T18/><D2/><U134/><E134/><V46/><F123/><W64/><G113/><T40/><D40/><AGARI ba="0,0" hai="14,15,40,44,51,57,62,64" m="1215,49673" machi="40" ten="30,1000,0" yaku="19,1" doraHai="111" who="3" fromWho="0" sc="250,-10,170,0,340,0,240,10" /><INIT seed="2,0,0,0,1,108" ten="240,170,340,250" oya="2" hai0="123,25,41,82,60,42,89,53,40,19,9,13,65" hai1="7,83,68,45,6,77,92,71,84,32,117,18,43" hai2="2,88,24,15,112,38,33,135,124,80,5,120,125" hai3="118,11,115,104,131,27,34,8,133,90,129,54,44"/><V69/><F69/><W130/><G104/><T39/><D123/><U57/><E117/><V128/><F38/><W94/><G118/><T110/><D110/><U101/><E32/><V114/><F120/><W63/><G133/><T66/><D39/><U81/><E57/><V64/><F64/><W20/><G34/><T96/><D25/><U46/><E92/><V93/><F80/><W23/><G115/><T28/><D28/><U36/><E101/><V97/><F135/><W52/><G63/><T102/><D82/><U48/><E68/><V12/><F2/><W4/><G44/><T98/><D89/><U55/><E71/><V61/><F61/><W107/><G107/><T100/><D53/><N who="3" m="20585" /><G27/><T70/><D65/><U86/><REACH who="1" step="1"/><E18/><REACH who="1" ten="240,160,340,250" step="2"/><V26/><F33/><W49/><G130/><T95/><D98/><U87/><E87/><V56/><F128/><W62/><G131/><T51/><D100/><U0/><E0/><V72/><F56/><W22/><G129/><T119/><D119/><U35/><E35/><V31/><F31/><W21/><G94/><T58/><D70/><U73/><E73/><V75/><F93/><W67/><G67/><T50/><AGARI ba="0,1" hai="9,13,19,40,41,42,50,51,58,60,66,95,96,102" machi="50" ten="30,2000,0" yaku="0,1,8,1" doraHai="108" who="0" fromWho="0" sc="240,30,160,-5,340,-10,250,-5" /><INIT seed="3,0,0,2,4,51" ten="270,155,330,245" oya="3" hai0="71,129,79,0,41,135,124,30,2,101,39,116,7" hai1="3,131,96,64,58,61,36,43,66,19,24,126,91" hai2="77,89,16,75,113,28,114,100,84,97,17,90,68" hai3="56,103,108,6,62,112,38,52,110,11,127,67,25"/><W107/><G112/><T121/><D116/><U47/><E3/><V29/><F68/><W49/><G127/><T85/><D121/><U65/><E126/><V120/><F120/><W27/><G38/><T40/><D71/><U53/><E131/><V48/><F75/><W8/><G103/><T10/><D124/><U73/><E73/><V105/><F77/><W50/><G50/><T23/><D129/><U20/><REACH who="1" step="1"/><E66/><REACH who="1" ten="270,145,330,245" step="2"/><V86/><F113/><W63/><G107/><T88/><D0/><U12/><E12/><V80/><F114/><W106/><G106/><T134/><D2/><U94/><AGARI ba="0,1" hai="19,20,24,36,43,47,53,58,61,64,65,91,94,96" machi="94" ten="30,8000,1" yaku="1,1,0,1,25,2,52,1,53,0" doraHai="51" doraHaiUra="118" who="1" fromWho="1" sc="270,-20,145,90,330,-20,245,-40" /><INIT seed="4,0,0,1,4,69" ten="250,235,310,205" oya="0" hai0="2,51,66,19,78,48,124,88,95,35,81,36,65" hai1="89,57,80,85,87,64,3,120,13,24,21,82,56" hai2="18,118,121,101,17,59,31,111,73,130,52,107,134" hai3="53,67,0,75,104,83,117,32,39,135,84,9,54"/><T112/><D35/><U132/><E132/><V115/><F31/><W16/><G117/><T129/><D2/><U7/><E120/><V26/><F73/><W15/><G104/><T126/><D36/><U92/><E3/><V43/><F121/><W40/><G32/><T105/><D105/><U11/><E64/><N who="0" m="24681" /><D112/><U91/><REACH who="1" step="1"/><E92/><REACH who="1" ten="250,225,310,205" step="2"/><V47/><F134/><W37/><G135/><T99/><D129/><U72/><E72/><V86/><F130/><W1/><G75/><T29/><D95/><U30/><AGARI ba="0,1" hai="7,11,13,21,24,30,56,57,80,82,85,87,89,91" machi="30" ten="20,8000,1" yaku="1,1,0,1,7,1,9,1,8,1,53,0" doraHai="69" doraHaiUra="114" who="1" fromWho="1" sc="250,-40,225,90,310,-20,205,-20" /><INIT seed="5,0,0,3,0,7" ten="210,315,290,185" oya="1" hai0="70,76,63,60,109,19,58,127,82,21,42,122,80" hai1="110,4,99,66,14,130,72,28,6,27,56,95,65" hai2="36,87,39,23,123,15,49,47,134,46,74,16,132" hai3="117,48,114,116,93,104,67,107,73,45,100,83,54"/><U88/><E72/><V105/><F105/><W115/><G67/><T111/><D127/><U3/><E3/><V126/><F123/><W103/><G45/><T64/><D122/><U22/><E130/><V13/><F74/><W119/><G48/><T98/><D42/><U35/><E110/><V50/><F87/><W91/><G54/><T120/><D120/><U81/><E35/><V113/><F113/><N who="3" m="43019" /><G73/><T90/><D98/><U9/><E4/><V94/><F94/><W11/><G83/><T25/><D90/><U37/><E37/><V26/><F126/><W96/><G11/><T53/><D82/><U131/><E131/><V108/><F108/><W75/><G75/><AGARI ba="0,0" hai="19,21,25,53,58,60,63,64,70,75,76,80,109,111" machi="75" ten="30,1000,0" yaku="7,1" doraHai="7" who="0" fromWho="3" sc="210,10,315,0,290,0,185,-10" /><INIT seed="6,0,0,4,5,30" ten="220,315,290,175" oya="2" hai0="135,79,22,68,23,85,59,77,41,115,129,62,53" hai1="5,100,95,102,11,73,45,125,123,74,105,63,91" hai2="119,72,89,96,56,51,39,81,24,32,116,13,82" hai3="29,21,42,127,104,78,114,131,3,75,101,57,58"/><V40/><F39/><W107/><G3/><T133/><D115/><U87/><E125/><V49/><F13/><W124/><G114/><T14/><D129/><U35/><E35/><V121/><F121/><W9/><G9/><T36/><D68/><U111/><E111/><V103/><F51/><W33/><G131/><T61/><D61/><U108/><E108/><V86/><F81/><N who="3" m="45279" /><G21/><N who="0" m="7691" /><D85/><U34/><E34/><V1/><F72/><W76/><G76/><T17/><D41/><U84/><E73/><V64/><F1/><W10/><G10/><N who="0" m="6359" /><D36/><U15/><E74/><V97/><F97/><N who="3" m="61487" /><G42/><T54/><D53/><U67/><E123/><V60/><F49/><W98/><G57/><T55/><D55/><U118/><E105/><V109/><F32/><W117/><G58/><T130/><D130/><U6/><E45/><V134/><F40/><W16/><G16/><T26/><D26/><U65/><E65/><V69/><F24/><N who="3" m="18599" /><G117/><T28/><D28/><U37/><E118/><N who="2" m="45099" /><F56/><W48/><G48/><T94/><D94/><U19/><E37/><V110/><F110/><W18/><G18/><T27/><D27/><U52/><E52/><V7/><F7/><W38/><G38/><T120/><D120/><U88/><E6/><V93/><F109/><W8/><G8/><T70/><D79/><U12/><E5/><V31/><F31/><W99/><G107/><T43/><D77/><U66/><E15/><V112/><F112/><W113/><G113/><T46/><D43/><U80/><E67/><V47/><F47/><W132/><G132/><N who="0" m="50763" /><D46/><U126/><E66/><V128/><F134/><RYUUKYOKU ba="0,0" sc="220,10,315,-30,290,10,175,10" hai0="54,59,62,70" hai2="60,64,69,82,86,89,93,96,103,128" hai3="98,99,124,127" /><INIT seed="6,1,0,0,3,30" ten="230,285,300,185" oya="2" hai0="108,35,103,85,113,84,1,111,106,122,98,95,114" hai1="54,46,8,21,83,87,45,39,9,2,90,23,43" hai2="53,51,4,0,94,24,127,128,86,67,60,76,132" hai3="37,40,25,28,52,80,19,91,116,58,18,120,74"/><V133/><F128/><W92/><G116/><T105/><D1/><U119/><E119/><V97/><F127/><W63/><G120/><T64/><D64/><U93/><E2/><V72/><F72/><W109/><G109/><N who="0" m="42059" /><D35/><U50/><E21/><V107/><F107/><N who="0" m="40970" /><D122/><U29/><E29/><V75/><F75/><W89/><G37/><T82/><D85/><U5/><E5/><V62/><F24/><W135/><G40/><T22/><D22/><U68/><E68/><V6/><F60/><W73/><G135/><N who="2" m="51785" /><F0/><W88/><G92/><T115/><D115/><U47/><E23/><V102/><F76/><AGARI ba="1,0" hai="76,82,84,95,98,103,113,114" m="40970,42059" machi="76" ten="30,2000,0" yaku="34,2" doraHai="30" who="0" fromWho="2" sc="230,23,285,0,300,-23,185,0" /><INIT seed="7,0,0,4,3,2" ten="253,285,277,185" oya="3" hai0="118,49,6,54,23,30,73,39,92,29,4,126,124" hai1="22,104,119,8,98,105,24,110,102,16,56,51,58" hai2="28,113,41,63,9,100,93,131,81,72,60,130,71" hai3="64,88,77,27,95,114,90,26,111,19,82,5,52"/><W74/><G114/><T121/><D73/><U31/><E110/><V79/><F113/><W101/><G111/><T67/><D121/><U132/><E132/><V36/><F28/><N who="0" m="10858" /><D39/><U69/><E69/><V11/><F41/><W135/><G135/><T45/><D67/><U34/><E119/><V128/><F36/><W32/><G32/><T25/><D92/><U120/><E120/><V78/><F78/><W106/><G64/><T62/><D62/><N who="2" m="23594" /><F71/><W96/><G5/><T35/><D35/><U94/><E8/><V10/><F93/><W59/><G19/><N who="0" m="12543" /><D118/><U125/><E125/><AGARI ba="0,0" hai="4,6,45,49,54,124,125,126" m="12543,10858" machi="125" ten="30,3900,0" yaku="18,1,52,2" doraHai="2" who="0" fromWho="1" sc="253,39,285,-39,277,0,185,0" /><INIT seed="8,0,0,4,5,74" ten="292,246,277,185" oya="0" hai0="115,73,28,47,88,61,8,23,0,120,32,122,102" hai1="51,36,54,129,114,82,46,118,27,57,100,44,29" hai2="43,49,104,71,128,58,121,98,94,2,24,37,67" hai3="91,38,85,33,107,55,93,42,103,34,106,25,31"/><T48/><D73/><U84/><E129/><V130/><F104/><W95/><G34/><T62/><D115/><U53/><E118/><V105/><F105/><W59/><G38/><T19/><D32/><U126/><E126/><V45/><F2/><W65/><G42/><T9/><D102/><U60/><E114/><V133/><F24/><W110/><G110/><T14/><D8/><U87/><E100/><V132/><F94/><W123/><G123/><T17/><D28/><U90/><E36/><V127/><F98/><W75/><G75/><T81/><D0/><U119/><E87/><V113/><F127/><W108/><G65/><T79/><D79/><U6/><E6/><V40/><F40/><W22/><G108/><T109/><D109/><U4/><E4/><V111/><F113/><W69/><G69/><T83/><D120/><U10/><E119/><V5/><F5/><W92/><G33/><T39/><D39/><U13/><E10/><V125/><F125/><W134/><G134/><N who="2" m="51817" /><F111/><W12/><G12/><N who="0" m="7311" /><D122/><U66/><E13/><V72/><F72/><W112/><G112/><T78/><D83/><U15/><E15/><V63/><F121/><W99/><REACH who="3" step="1"/><G107/><REACH who="3" ten="292,246,277,175" step="2"/><T97/><D61/><AGARI ba="0,1" hai="22,25,31,55,59,61,85,91,92,93,95,99,103,106" machi="61" ten="30,7700,0" yaku="1,1,2,1,7,1,53,1" doraHai="74" doraHaiUra="16" who="3" fromWho="0" sc="292,-77,246,0,277,0,175,87" /><INIT seed="9,0,0,3,4,38" ten="215,246,277,262" oya="1" hai0="58,63,99,65,15,34,96,98,42,70,112,45,21" hai1="110,47,104,7,87,105,50,48,106,95,72,20,60" hai2="79,0,35,113,120,86,17,67,115,74,114,100,102" hai3="64,9,75,3,76,24,91,56,85,97,51,128,80"/><U62/><E72/><V23/><F35/><W73/><G128/><T122/><D34/><U46/><E110/><V33/><F33/><W44/><G24/><T5/><D112/><U88/><E7/><V10/><F67/><W53/><G3/><T117/><D122/><U2/><E2/><V4/><F74/><W89/><G9/><T32/><D32/><U92/><E20/><V25/><F120/><W109/><G109/><T108/><D108/><U13/><E13/><V133/><F133/><W59/><G75/><T14/><D117/><U81/><E81/><AGARI ba="0,0" hai="0,4,10,17,23,25,79,81,86,100,102,113,114,115" machi="81" ten="40,1300,0" yaku="11,1" doraHai="38" who="2" fromWho="1" sc="215,0,246,-13,277,13,262,0" /><INIT seed="10,0,0,1,4,33" ten="215,233,290,262" oya="2" hai0="38,71,37,54,99,48,92,77,45,84,6,126,86" hai1="66,134,65,8,56,63,116,113,62,43,53,35,85" hai2="108,111,83,5,81,58,42,75,123,132,89,74,80" hai3="23,17,121,125,124,73,31,2,107,11,93,90,12"/><V3/><F42/><W103/><G73/><N who="2" m="27657" /><F132/><W21/><G121/><T51/><D71/><U64/><E35/><V129/><F58/><W70/><G70/><T96/><D126/><N who="3" m="48745" /><G107/><T0/><D96/><U20/><E116/><V120/><F89/><W1/><G103/><T79/><D79/><U78/><E113/><V104/><F129/><W76/><G76/><T95/><D95/><U25/><E43/><V105/><F3/><N who="3" m="1035" /><G31/><T122/><D122/><N who="2" m="46634" /><F5/><W98/><AGARI ba="0,0" hai="11,12,17,21,23,90,93,98" m="1035,48745" machi="98" ten="30,7900,0" yaku="18,1,52,3" doraHai="33" who="3" fromWho="3" sc="215,-20,233,-20,290,-39,262,79" owari="195,-30.0,213,-19.0,251,5.0,341,44.0" /></mjloggm>