<mjloggm ver="2.3"><GO type="169"/><UN n0="%E6%AF%94%E5%98%89%E7%A7%80%E4%BB%81" n1="%EF%BC%88%E2%89%A7%E2%96%BD%E2%89%A6%EF%BC%89" n2="%E5%B8%B8%E7%A3%90%E7%B7%9A%E7%89%B9%E5%88%A5%E5%BF%AB%E9%80%9F" n3="%E5%94%90%E6%8F%9A%E5%A4%A7%E5%A5%BD%E3%81%8D" dan="16,16,17,16" rate="2137,2036,2155,2120" sx="M,M,M,M"/><TAIKYOKU oya="0"/><INIT seed="0,0,0,4,2,102" ten="250,250,250,250" oya="0" hai0="13,124,80,41,23,62,113,20,106,11,6,43,35" hai1="101,90,3,100,44,112,97,5,48,73,129,14,68" hai2="55,78,135,9,104,108,131,17,18,126,15,2,85" hai3="115,111,109,89,45,114,93,29,22,130,60,122,52"/><T94/><D35/><U40/><E73/><V30/><F2/><W34/><G34/><T58/><D113/><U65/><E3/><V75/><F75/><W67/><G130/><T120/><D120/><U91/><E112/><V19/><F131/><W27/><G122/><T31/><D80/><U72/><E72/><V82/><F108/><N who="3" m="41547" /><G67/><N who="0" m="39383" /><D106/><U1/><E1/><V116/><F104/><W86/><G60/><T4/><D4/><U12/><E129/><V110/><F110/><W42/><G42/><N who="0" m="15883" /><D124/><U105/><E101/><V133/><F30/><W76/><G76/><T128/><D128/><U25/><E68/><V79/><F126/><W63/><G63/><T53/><D31/><U125/><E125/><V46/><F79/><W21/><G21/><N who="0" m="8267" /><D94/><U127/><E127/><V134/><F116/><W77/><G77/><T69/><D69/><U10/><E65/><V64/><F64/><W26/><G26/><T59/><D59/><U28/><REACH who="1" step="1"/><E12/><REACH who="1" ten="250,240,250,250" step="2"/><V8/><F15/><W51/><AGARI ba="0,1" hai="22,27,29,45,51,52,86,89,93,114,115" m="41547" machi="51" ten="30,2000,0" yaku="14,1,54,1" doraHai="102" who="3" fromWho="3" sc="250,-10,240,-5,250,-5,250,30" /><INIT seed="1,0,0,0,0,40" ten="240,235,245,280" oya="1" hai0="119,64,45,53,99,113,79,24,49,63,39,121,50" hai1="29,62,125,120,54,23,35,102,55,98,129,104,31" hai2="81,91,13,48,133,69,83,4,130,68,123,20,96" hai3="67,42,7,44,112,108,12,65,103,60,94,114,118"/><U27/><E120/><V10/><F123/><W1/><G1/><T77/><D121/><U34/><E125/><V0/><F133/><W76/><G108/><T84/><D39/><U95/><E129/><V85/><F130/><W37/><G118/><T57/><D119/><U72/><E72/><V75/><F96/><W87/><G103/><T74/><D74/><U93/><E23/><V25/><F0/><W32/><G32/><T2/><D2/><U135/><E135/><V3/><F3/><W43/><G43/><T71/><D113/><U59/><REACH who="1" step="1"/><E54/><REACH who="1" ten="240,225,245,280" step="2"/><V128/><F128/><W36/><G114/><T66/><D53/><U90/><E90/><V134/><F134/><W126/><G112/><T14/><D79/><U122/><E122/><V73/><F73/><W110/><G126/><T28/><D77/><U132/><E132/><V86/><F75/><W61/><G76/><T33/><D33/><U116/><E116/><V18/><F91/><W124/><G124/><T46/><D66/><U101/><E101/><V52/><F20/><W47/><G67/><T78/><D64/><U127/><E127/><V80/><F25/><AGARI ba="0,1" hai="25,27,29,31,34,35,55,59,62,93,95,98,102,104" machi="25" ten="40,12000,1" yaku="1,1,9,1,53,2" doraHai="40" doraHaiUra="89" who="1" fromWho="2" sc="240,0,225,130,245,-120,280,0" /><INIT seed="1,1,0,2,5,100" ten="240,355,125,280" oya="1" hai0="10,58,75,103,5,81,94,130,33,29,34,6,55" hai1="32,56,115,106,119,45,16,48,126,102,43,12,50" hai2="95,83,1,46,2,82,53,4,133,98,116,63,71" hai3="72,78,89,123,96,90,26,19,39,117,66,76,57"/><U3/><E3/><V128/><F116/><W62/><G39/><T44/><D130/><U21/><E32/><V60/><F133/><W42/><G123/><T135/><D135/><U80/><E119/><V114/><F128/><W47/><G117/><T122/><D122/><U84/><E115/><V101/><F114/><W93/><G89/><T107/><D44/><U65/><E126/><V9/><F2/><W113/><G113/><T18/><D18/><U64/><E102/><V61/><F71/><W99/><G99/><T20/><D94/><U73/><E73/><V91/><F46/><W67/><G67/><T70/><D70/><U11/><E106/><V121/><F121/><W104/><G104/><T105/><D103/><U14/><E50/><V68/><F53/><W23/><G72/><T59/><D20/><U30/><E56/><V49/><F49/><W118/><G118/><T131/><D131/><U38/><E38/><V24/><F24/><W36/><AGARI ba="1,0" hai="19,23,26,36,42,47,57,62,66,76,78,90,93,96" machi="36" ten="20,1500,0" yaku="0,1,7,1" doraHai="100" who="3" fromWho="3" sc="240,-5,355,-8,125,-5,280,18" /><INIT seed="2,0,0,4,3,124" ten="235,347,120,298" oya="2" hai0="75,128,131,127,129,76,55,83,81,120,79,52,46" hai1="88,4,67,108,56,61,62,50,45,24,54,11,18" hai2="66,10,97,63,19,94,98,119,132,105,101,57,40" hai3="5,78,2,73,65,89,106,49,25,91,1,110,111"/><V95/><F119/><W92/><G106/><T114/><D127/><U27/><E108/><N who="3" m="41514" /><G65/><T68/><D68/><U133/><E133/><V38/><F132/><W35/><G49/><N who="0" m="28727" /><D55/><U16/><E62/><V90/><F38/><W126/><G126/><T53/><D53/><U51/><E50/><V103/><F40/><W86/><G89/><T15/><D15/><N who="1" m="5607" /><E88/><N who="2" m="55527" /><F105/><W122/><G122/><T17/><D17/><AGARI ba="0,0" hai="16,17,18,24,27,45,51,54,56,61,67" m="5607" machi="17" ten="30,2000,0" yaku="8,1,54,1" doraHai="124" who="1" fromWho="0" sc="235,-20,347,20,120,0,298,0" /><INIT seed="3,0,0,4,1,61" ten="215,367,120,298" oya="3" hai0="48,129,28,111,77,81,70,84,104,36,91,33,130" hai1="9,62,78,108,52,98,37,8,107,1,69,95,18" hai2="121,68,82,109,50,34,83,99,57,21,119,73,67" hai3="126,60,12,22,93,120,100,97,29,71,58,39,124"/><W75/><G39/><T53/><D70/><U63/><E107/><V20/><F119/><W94/><G75/><T41/><D104/><U135/><E37/><V26/><F109/><W110/><G120/><T56/><D111/><U3/><E108/><V117/><F117/><W92/><G110/><T79/><D28/><U86/><E135/><V87/><F121/><W123/><G123/><T14/><D33/><U43/><E43/><V101/><F73/><W116/><G71/><T49/><D36/><U35/><E35/><V112/><F112/><W15/><G116/><T74/><D14/><U17/><E69/><V127/><F127/><N who="3" m="48683" /><G12/><T4/><D4/><U38/><E38/><V64/><F34/><W11/><G11/><N who="1" m="4170" /><E3/><V46/><F68/><W55/><G15/><T122/><D122/><U134/><E1/><V44/><F57/><W30/><G30/><T42/><D79/><U125/><E134/><V24/><F50/><W19/><G19/><N who="1" m="7178" /><E52/><V27/><F27/><AGARI ba="0,0" hai="22,27,29,55,58,60,92,93,94,97,100" m="48683" machi="27" ten="30,1500,0" yaku="18,1" doraHai="61" who="3" fromWho="2" sc="215,0,367,0,120,-15,298,15" /><INIT seed="3,1,0,3,2,74" ten="215,367,105,313" oya="3" hai0="122,38,20,47,54,94,43,84,26,55,107,114,3" hai1="41,31,1,16,97,119,96,116,128,35,100,106,28" hai2="65,48,126,82,132,29,104,127,9,93,129,23,85" hai3="5,7,92,109,49,111,46,13,45,76,115,99,2"/><W40/><G2/><T124/><D107/><U50/><E128/><V73/><F65/><W79/><G115/><T30/><D3/><U98/><E1/><V121/><F9/><N who="3" m="4271" /><G45/><T103/><D114/><U134/><E134/><V71/><F71/><W15/><G7/><T22/><D122/><U67/><E67/><V63/><F63/><W42/><G15/><T66/><D66/><U130/><E130/><V89/><F48/><W78/><G40/><T25/><D124/><N who="2" m="47658" /><F29/><N who="1" m="11337" /><E35/><V118/><F23/><W52/><G42/><T51/><D38/><U11/><E11/><V77/><F129/><W135/><G135/><T69/><D69/><U120/><E120/><V64/><F64/><W59/><G46/><T34/><D34/><U53/><E41/><V70/><F70/><W58/><G58/><T18/><D103/><U57/><E16/><V117/><F132/><W60/><G60/><T33/><D33/><U6/><E6/><V12/><F12/><W68/><G68/><T83/><REACH who="0" step="1"/><D94/><REACH who="0" ten="205,367,105,313" step="2"/><U113/><E113/><V102/><F121/><W110/><G92/><T4/><D4/><U86/><E106/><V17/><F17/><W95/><G95/><T112/><D112/><U56/><E100/><V14/><F104/><W39/><G39/><T10/><D10/><U123/><E123/><V62/><F102/><W90/><G99/><T81/><D81/><U133/><E133/><V21/><F117/><W105/><G105/><T37/><D37/><U61/><E119/><V32/><F118/><W88/><AGARI ba="1,1" hai="49,52,59,76,78,79,88,90,109,110,111" m="4271" machi="88" ten="40,18000,2" yaku="14,1,10,1,52,3,54,2" doraHai="74" who="3" fromWho="3" sc="205,-61,367,-61,105,-61,313,193" /><INIT seed="3,2,0,0,2,56" ten="144,306,44,506" oya="3" hai0="44,31,12,92,127,41,42,77,15,128,51,89,25" hai1="113,22,122,101,106,125,100,54,18,49,112,88,14" hai2="17,20,109,84,121,47,9,59,16,104,95,126,72" hai3="133,3,93,132,71,58,57,69,110,85,80,24,34"/><W29/><G3/><T1/><D1/><U0/><E0/><V105/><F72/><W28/><G93/><T131/><D77/><U115/><E122/><V38/><F121/><W78/><G29/><T124/><D42/><U30/><E125/><N who="0" m="48201" /><D89/><U5/><E5/><V87/><F126/><W90/><G90/><T129/><D92/><U53/><E30/><V33/><F33/><AGARI ba="2,0" hai="12,15,25,31,33,41,44,51,128,129,131" m="48201" machi="33" ten="40,2600,0" yaku="19,1,18,1" doraHai="56" who="0" fromWho="2" sc="144,32,306,0,44,-32,506,0" /><INIT seed="4,0,0,4,0,105" ten="176,306,12,506" oya="0" hai0="38,53,122,27,43,104,49,118,131,134,32,51,22" hai1="128,73,92,93,10,129,21,111,101,108,0,26,34" hai2="4,12,90,127,82,132,13,33,54,80,40,112,119" hai3="109,11,65,67,96,7,123,30,50,5,135,70,84"/><T47/><D122/><U55/><E34/><V86/><F33/><W79/><G109/><T71/><D32/><U113/><E113/><V28/><F28/><W56/><G123/><T9/><D104/><U121/><E121/><V6/><F112/><W15/><G70/><T24/><D118/><U100/><E55/><V78/><F132/><W44/><G135/><T74/><D134/><U117/><E117/><V87/><F119/><W37/><G37/><T25/><D71/><U102/><E73/><V59/><F40/><W95/><G30/><T42/><D131/><N who="1" m="50251" /><E10/><V16/><F127/><W23/><G23/><T94/><D22/><U18/><E0/><V114/><F13/><W98/><G5/><T29/><D9/><U91/><E93/><V103/><F103/><N who="3" m="60831" /><G98/><AGARI ba="0,0" hai="18,21,26,91,92,98,100,101,102,108,111" m="50251" machi="98" ten="30,1000,0" yaku="19,1" doraHai="105" who="1" fromWho="3" sc="176,0,306,10,12,0,506,-10" /><INIT seed="5,0,0,0,3,5" ten="176,316,12,496" oya="1" hai0="123,125,106,53,29,26,120,42,48,8,114,119,105" hai1="24,64,109,77,11,7,70,66,90,21,39,23,76" hai2="1,133,81,20,88,9,57,108,28,58,40,87,89" hai3="103,104,4,69,10,63,75,100,94,86,115,101,80"/><U85/><E39/><V45/><F108/><W78/><G115/><T67/><D114/><U74/><E109/><V19/><F133/><W3/><G69/><T128/><D119/><U129/><E129/><V0/><F0/><W56/><G104/><T107/><D128/><U51/><E74/><V27/><F89/><W116/><G116/><T131/><D131/><U41/><E70/><V110/><F110/><W102/><G102/><T117/><D117/><U49/><E41/><V93/><F93/><W59/><G59/><T13/><D67/><U32/><E32/><V35/><F35/><W6/><G6/><T111/><D42/><U113/><E113/><V44/><F44/><W61/><G61/><T72/><D72/><U14/><E64/><V16/><F28/><W82/><G82/><T22/><D111/><U121/><E66/><V43/><F43/><W34/><G34/><T127/><D53/><U15/><E15/><N who="2" m="7279" /><F1/><W52/><G75/><T79/><D48/><AGARI ba="0,0" hai="19,20,27,40,45,48,57,58,81,87,88" m="7279" machi="48" ten="30,7700,0" yaku="8,1,52,1,54,2" doraHai="5" who="2" fromWho="0" sc="176,-77,316,0,12,77,496,0" /><INIT seed="6,0,0,2,3,9" ten="99,316,89,496" oya="2" hai0="13,108,19,0,55,77,82,81,124,42,70,8,79" hai1="20,23,90,83,38,74,92,106,63,34,52,15,29" hai2="114,109,127,32,88,62,93,130,7,111,86,76,132" hai3="118,128,71,5,116,1,104,135,41,131,67,43,75"/><V45/><F32/><W72/><G5/><T95/><D0/><U11/><E106/><V35/><F35/><W21/><G1/><T105/><D70/><U126/><E38/><V100/><F114/><W78/><G104/><T14/><D105/><U22/><E126/><V73/><F127/><W112/><G112/><T58/><D124/><U25/><E74/><N who="3" m="28202" /><G78/><N who="0" m="29707" /><D42/><N who="3" m="15881" /><G135/><T85/><D108/><N who="2" m="41546" /><F132/><W3/><G3/><T84/><D14/><U4/><E83/><N who="0" m="31753" /><D95/><U119/><E119/><N who="3" m="45610" /><G71/><T123/><D123/><U80/><E80/><V99/><F76/><W68/><G68/><T46/><D46/><U49/><E63/><AGARI ba="0,0" hai="8,13,19,55,58,63,84,85" m="31753,29707" machi="63" ten="30,2000,0" yaku="8,1,52,1" doraHai="9" who="0" fromWho="1" sc="99,20,316,-20,89,0,496,0" /><INIT seed="7,0,0,4,3,133" ten="119,296,89,496" oya="3" hai0="104,106,51,37,96,75,66,81,60,101,125,11,6" hai1="29,109,30,49,90,42,14,28,3,112,87,121,41" hai2="116,26,55,72,118,0,100,123,114,27,73,132,93" hai3="77,64,13,9,127,15,10,56,131,117,97,36,107"/><W74/><G36/><T88/><D37/><U8/><E3/><V38/><F0/><W61/><G117/><T62/><D51/><U44/><E109/><V84/><F38/><W82/><G131/><T57/><D62/><U20/><E121/><V128/><F55/><W105/><G127/><T4/><D125/><U79/><E79/><V111/><F27/><W92/><G13/><T40/><D40/><N who="1" m="24711" /><E20/><V1/><F1/><W124/><G124/><T80/><D106/><U22/><E22/><V76/><F26/><W33/><G33/><T98/><D75/><N who="2" m="28746" /><F111/><W47/><G47/><T94/><D6/><N who="1" m="3351" /><E112/><V23/><F23/><W129/><G129/><T113/><D113/><U102/><E102/><V89/><F128/><W99/><G99/><T39/><D39/><U34/><E34/><V110/><F110/><W63/><G63/><T134/><D134/><U71/><E71/><V24/><F24/><W69/><G69/><T67/><D67/><U65/><E65/><V45/><F132/><W135/><G135/><T68/><D68/><U25/><E25/><V91/><F114/><W7/><G9/><T50/><D50/><U58/><E58/><V130/><F130/><W19/><G7/><T46/><D46/><U115/><E115/><V119/><F45/><W32/><G32/><T86/><D86/><U59/><E59/><V17/><F17/><W95/><G56/><T16/><D16/><U78/><E41/><V126/><F126/><W83/><G19/><T70/><D70/><U18/><E42/><V43/><F43/><W85/><G64/><T108/><D108/><RYUUKYOKU ba="0,0" sc="119,30,296,-10,89,-10,496,-10" hai0="4,11,57,60,66,80,81,88,94,96,98,101,104" owari="149,-25.0,286,9.0,79,-42.0,486,58.0" /></mjloggm>