<mjloggm ver="2.3"><GO type="169" lobby="0"/><UN n0="%E3%83%A1%E3%83%81%E3%83%AB%E3%82%B0%E3%83%AA%E3%83%BC%E3%83%B3" n1="%4D%49%40%34%32%38" n2="%E3%81%B4%E3%81%AE" n3="%EF%BC%88%E2%89%A7%E2%96%BD%E2%89%A6%EF%BC%89" dan="16,16,16,17" rate="2111.28,2077.81,2106.39,2157.12" sx="M,M,M,M"/><TAIKYOKU oya="0"/><INIT seed="0,0,0,4,1,96" ten="250,250,250,250" oya="0" hai0="94,53,76,39,86,0,38,66,17,102,25,41,61" hai1="116,131,32,114,122,36,70,111,123,8,29,112,121" hai2="26,50,4,12,92,48,10,107,104,34,65,64,6" hai3="62,91,87,14,83,1,80,125,46,11,47,126,44"/><T99/><D0/><U75/><E8/><V135/><F34/><W85/><G1/><T13/><D25/><U109/><E29/><V54/><F26/><W90/><REACH who="3" step="1"/><G62/><REACH who="3" ten="250,250,250,240" step="2"/><T57/><D61/><U67/><E131/><V5/><F135/><W115/><G115/><T60/><D60/><U113/><E32/><V128/><F128/><W24/><G24/><T37/><D37/><U77/><E36/><V21/><F12/><W79/><G79/><T117/><D38/><U124/><E77/><V72/><F4/><AGARI ba="0,1" hai="4,11,14,44,46,47,80,83,85,87,90,91,125,126" machi="4" ten="40,8000,1" yaku="1,1,9,1,53,2" doraHai="96" doraHaiUra="82" who="3" fromWho="2" sc="250,0,250,0,250,-80,240,90" /><INIT seed="1,0,0,2,0,94" ten="250,250,170,330" oya="1" hai0="116,104,125,46,130,73,103,57,105,123,13,38,48" hai1="93,64,100,76,74,61,96,69,17,92,20,52,102" hai2="15,111,34,22,80,23,62,99,56,82,109,27,0" hai3="63,110,91,68,14,55,43,77,24,30,12,18,31"/><U118/><E118/><V25/><F0/><W45/><G110/><T5/><D116/><U134/><E134/><V124/><F34/><W16/><G77/><T37/><D73/><U101/><E74/><V114/><F15/><W58/><G68/><T106/><D130/><U10/><E76/><V132/><F132/><W2/><G2/><T33/><D33/><U83/><E83/><V28/><F124/><W126/><G126/><T39/><D125/><U40/><E40/><V127/><F127/><W26/><G14/><T128/><D128/><U50/><E10/><V122/><F122/><W36/><G91/><T7/><D123/><U65/><E93/><V49/><F49/><W11/><REACH who="3" step="1"/><G18/><REACH who="3" ten="250,250,170,320" step="2"/><T19/><D19/><U78/><E78/><V95/><F111/><W32/><G32/><T89/><D13/><N who="1" m="9263" /><E69/><V120/><F109/><W107/><G107/><T98/><D89/><N who="1" m="55311" /><E61/><V81/><F120/><W54/><G54/><T131/><D131/><U66/><E65/><V35/><F35/><W6/><G6/><T44/><D5/><U112/><E112/><V47/><F114/><W42/><G42/><T67/><D7/><U133/><E133/><V88/><F47/><AGARI ba="0,1" hai="47,50,52,64,66,100,101,102" m="55311,9263" machi="47" ten="30,5800,0" yaku="8,1,52,1,54,1" doraHai="94" who="1" fromWho="2" sc="250,0,250,68,170,-58,320,0" /><INIT seed="1,1,0,4,3,114" ten="250,318,112,320" oya="1" hai0="115,104,68,3,111,29,34,10,54,14,62,118,33" hai1="45,110,98,128,116,25,95,1,123,20,97,91,57" hai2="96,83,32,9,49,22,102,74,2,132,87,131,125" hai3="70,100,56,43,16,17,18,44,93,19,94,72,109"/><U79/><E123/><V12/><F32/><W23/><G72/><T5/><D115/><U11/><E79/><V103/><F74/><W107/><G70/><T130/><D104/><U108/><E128/><V36/><F36/><W127/><G127/><T81/><D130/><U65/><E45/><V0/><F125/><W59/><G109/><N who="1" m="42090" /><E116/><V42/><F132/><W88/><G107/><T75/><D118/><U35/><E35/><V30/><F131/><W8/><G8/><T55/><D111/><U52/><E65/><V64/><F64/><W4/><G4/><T38/><D38/><U124/><E124/><V37/><F37/><W86/><G94/><T28/><D34/><U126/><E126/><V46/><F22/><W31/><G100/><T85/><D75/><U53/><E97/><V71/><F30/><W41/><G31/><T58/><D33/><U67/><E67/><V112/><F71/><W13/><REACH who="3" step="1"/><G43/><REACH who="3" ten="250,318,112,310" step="2"/><T133/><D68/><U92/><E95/><V119/><F103/><W39/><AGARI ba="1,1" hai="13,16,17,18,19,23,39,41,44,56,59,86,88,93" machi="39" ten="30,8000,1" yaku="1,1,2,1,0,1,54,2,53,0" doraHai="114" doraHaiUra="24" who="3" fromWho="3" sc="250,-21,318,-41,112,-21,310,93" /><INIT seed="2,0,0,1,3,48" ten="229,277,91,403" oya="2" hai0="101,132,12,94,74,10,36,124,23,88,95,128,110" hai1="35,0,32,84,107,126,19,77,52,114,86,70,29" hai2="111,72,40,60,6,50,56,87,4,100,125,108,15" hai3="127,133,17,79,116,22,57,119,92,73,26,81,9"/><V47/><F125/><W51/><G133/><T28/><D36/><U68/><E114/><V42/><F72/><W41/><G127/><T89/><D124/><U8/><E107/><V76/><F100/><W105/><G105/><T27/><D74/><U75/><E75/><V13/><F40/><W20/><G9/><T62/><D132/><U1/><E126/><V39/><F39/><W66/><G41/><T24/><D110/><N who="2" m="42026" /><F76/><W123/><G123/><T83/><D128/><U59/><E77/><V69/><F69/><W53/><G66/><T34/><D62/><U2/><E70/><V78/><F78/><W99/><REACH who="3" step="1"/><G22/><REACH who="3" ten="229,277,91,393" step="2"/><T117/><D23/><U16/><E8/><V129/><F129/><W58/><G58/><T55/><D10/><U64/><E64/><N who="2" m="38919" /><F87/><W90/><AGARI ba="0,1" hai="17,20,26,51,53,57,73,79,81,90,92,99,116,119" machi="90" ten="20,8000,1" yaku="1,1,0,1,7,1,52,1,53,1" doraHai="48" doraHaiUra="49" who="3" fromWho="3" sc="229,-20,277,-20,91,-40,393,90" /><INIT seed="3,0,0,2,4,124" ten="209,257,51,483" oya="3" hai0="34,111,88,47,16,44,58,50,101,4,112,100,127" hai1="14,117,30,3,129,33,37,67,81,110,69,57,71" hai2="35,80,95,134,103,85,83,60,87,65,26,59,1" hai3="104,19,74,102,84,39,63,41,62,108,24,6,72"/><W18/><G6/><T46/><D34/><U51/><E3/><V49/><F134/><W28/><G104/><T135/><D127/><U5/><E37/><V90/><F1/><W97/><G39/><T40/><D135/><U106/><E106/><V27/><F35/><W36/><G36/><T10/><D111/><U11/><E110/><V126/><F126/><W66/><G41/><T23/><D112/><U92/><E117/><V31/><F31/><W107/><G63/><T94/><D58/><U99/><E81/><V123/><F123/><W122/><G122/><T93/><D50/><U12/><E12/><V15/><F15/><W45/><G45/><T130/><D130/><U120/><E120/><V86/><F49/><W77/><G84/><T54/><D54/><U7/><E7/><V114/><F114/><W133/><G133/><T8/><D40/><U42/><E129/><V116/><F116/><W2/><G2/><T61/><D61/><U115/><E115/><V43/><F43/><W121/><G121/><T32/><D32/><U13/><E42/><V113/><F113/><W52/><G108/><T22/><D22/><U79/><E33/><V89/><REACH who="2" step="1"/><F86/><REACH who="2" ten="209,257,41,483" step="2"/><W76/><G28/><T55/><D4/><U68/><E5/><V29/><F29/><W20/><G74/><T70/><D46/><U78/><E30/><V128/><F128/><W119/><G72/><T17/><D44/><U21/><E14/><V48/><F48/><W131/><G119/><T9/><D47/><U75/><E51/><V56/><F56/><W98/><G131/><T64/><D70/><RYUUKYOKU ba="0,1" sc="209,-10,257,-10,41,30,483,-10" hai2="26,27,59,60,65,80,83,85,87,89,90,95,103" /><INIT seed="4,1,1,4,4,45" ten="199,247,71,473" oya="0" hai0="44,71,68,79,101,65,77,110,64,31,134,58,19" hai1="109,88,78,125,126,85,36,48,112,3,60,132,123" hai2="131,56,28,4,42,33,105,89,106,14,99,130,107" hai3="10,67,7,80,46,39,38,87,34,29,20,49,113"/><T69/><D134/><U23/><E36/><V74/><F74/><W17/><G113/><T21/><D110/><U75/><E109/><V5/><F33/><W104/><G104/><T92/><D31/><U15/><E3/><V118/><F28/><W90/><G67/><T98/><D44/><U95/><E123/><V133/><F118/><W119/><G119/><T94/><D94/><U35/><E35/><V97/><F133/><W0/><G29/><T54/><D64/><U37/><E37/><V129/><F42/><W122/><G34/><T22/><D65/><U25/><E132/><V103/><F56/><W115/><G115/><T26/><REACH who="0" step="1"/><D22/><REACH who="0" ten="189,247,71,473" step="2"/><U82/><E95/><V117/><F117/><W61/><G20/><T2/><D2/><U50/><E112/><V24/><F107/><W53/><G0/><T12/><D12/><U27/><E15/><V57/><F106/><W9/><G46/><T43/><D43/><U96/><E23/><V100/><F14/><W127/><G122/><T66/><D66/><U128/><E27/><V55/><F24/><W1/><G1/><T52/><D52/><U73/><E25/><V108/><F108/><W135/><G53/><T40/><D40/><U76/><E82/><V93/><REACH who="2" step="1"/><F103/><REACH who="2" ten="189,247,61,473" step="2"/><W63/><G135/><T114/><D114/><U41/><E41/><V91/><F91/><W51/><G90/><T32/><D32/><U86/><E88/><V18/><F18/><W11/><G17/><T81/><D81/><U84/><E78/><V59/><F59/><W13/><G80/><T6/><D6/><U116/><E76/><RYUUKYOKU ba="1,3" sc="189,15,247,-15,61,15,473,-15" hai0="19,21,26,54,58,68,69,71,77,79,92,98,101" hai2="4,5,55,57,89,93,97,99,100,105,129,130,131" /><INIT seed="4,2,3,5,0,74" ten="204,232,76,458" oya="0" hai0="117,54,71,11,30,85,82,50,64,57,121,87,102" hai1="80,107,44,133,36,125,66,34,120,61,8,105,76" hai2="31,126,12,0,127,47,16,78,118,73,130,115,116" hai3="95,40,91,135,69,112,128,28,55,14,45,110,106"/><T77/><D121/><U81/><E120/><V46/><F0/><W86/><G110/><T122/><D122/><U10/><E34/><V26/><F47/><W89/><G106/><T24/><D117/><N who="2" m="45162" /><F46/><W35/><G69/><T23/><D102/><U70/><E133/><V100/><F100/><W52/><G135/><T4/><D71/><U93/><E93/><V37/><F37/><W134/><G134/><T109/><D109/><U39/><E125/><N who="2" m="47627" /><F115/><W98/><G112/><T101/><D101/><U132/><E132/><V7/><F7/><W84/><G45/><T6/><D64/><U88/><E44/><V79/><F73/><W124/><G40/><T22/><D4/><U59/><E39/><V94/><F94/><W103/><G128/><T49/><D49/><U13/><E36/><V119/><N who="2" m="45170" /><V29/><DORA hai="42" /><F130/><W51/><G124/><T99/><D6/><U1/><E1/><V53/><F53/><W131/><G55/><T25/><D54/><U21/><E107/><V48/><F48/><W75/><G51/><T90/><D50/><U27/><E105/><V38/><F38/><W32/><G52/><T65/><D65/><U83/><E66/><V33/><F29/><W92/><G131/><T5/><D30/><U56/><E61/><V15/><F15/><W63/><G63/><T60/><D60/><U72/><E13/><V113/><F113/><W20/><G75/><T111/><D111/><U129/><E129/><V114/><F114/><W18/><G28/><T123/><D123/><U19/><E72/><V17/><F17/><W68/><G18/><RYUUKYOKU ba="2,3" sc="204,-10,232,-10,76,30,458,-10" hai2="12,16,26,31,33,78,79" /><INIT seed="5,3,3,3,0,9" ten="194,222,106,448" oya="1" hai0="43,72,92,35,75,57,55,59,12,123,121,1,4" hai1="14,15,91,45,127,81,99,24,19,76,107,71,69" hai2="64,103,135,51,37,100,70,132,7,11,113,108,80" hai3="66,29,6,68,112,110,33,85,93,56,23,98,10"/><U50/><E127/><V42/><F37/><W119/><G68/><T128/><D35/><U78/><E24/><V105/><F108/><W87/><G33/><T86/><D1/><U120/><E120/><N who="0" m="46153" /><D43/><U8/><E76/><V124/><F113/><W115/><G87/><T117/><D117/><U60/><E60/><N who="2" m="40199" /><F105/><W104/><G56/><N who="0" m="21579" /><D55/><U84/><E15/><N who="2" m="5631" /><F80/><W53/><G93/><T67/><D67/><U116/><E116/><V38/><F38/><W130/><G29/><T48/><D48/><U122/><E122/><V44/><F124/><W3/><G3/><T77/><D77/><U31/><E31/><V134/><AGARI ba="3,3" hai="42,44,51,100,103,132,134,135" m="5631,40199" machi="134" ten="30,2000,0" yaku="20,1,52,1" doraHai="9" who="2" fromWho="2" sc="194,-8,222,-13,106,59,448,-8" /><INIT seed="6,0,0,3,1,88" ten="186,209,165,440" oya="2" hai0="42,60,105,29,56,44,78,2,95,49,126,50,123" hai1="25,87,38,13,116,85,0,98,92,122,30,113,34" hai2="131,15,102,94,4,64,28,132,69,107,71,83,75" hai3="84,77,19,96,35,76,24,72,20,8,68,17,110"/><V114/><F107/><W135/><G35/><T86/><D105/><U112/><E0/><V79/><F114/><W27/><G68/><T80/><D2/><U53/><E116/><V58/><F132/><W120/><G120/><T82/><D123/><U81/><E122/><V22/><F131/><W37/><G37/><T91/><D126/><U70/><E70/><V134/><F134/><W31/><G72/><T5/><D5/><U23/><E38/><V40/><F40/><W41/><G41/><T45/><D29/><U54/><E13/><V7/><F7/><W52/><G27/><T121/><D121/><U39/><E39/><V57/><F57/><W104/><G8/><T36/><D36/><U10/><E10/><V130/><F130/><W128/><G84/><N who="1" m="32330" /><E81/><V3/><F3/><W74/><G74/><T33/><D33/><U99/><E99/><N who="2" m="59767" /><F4/><W67/><G67/><N who="0" m="39303" /><D78/><U1/><E1/><V59/><F59/><W125/><G104/><T61/><D61/><U117/><E117/><V21/><F21/><W89/><G20/><T115/><D115/><N who="1" m="44107" /><E34/><V119/><F119/><W124/><G135/><T48/><D48/><U129/><E129/><V101/><F71/><W127/><G128/><T103/><D103/><AGARI ba="0,0" hai="23,25,30,53,54,92,98,103" m="44107,32330" machi="103" ten="30,2000,0" yaku="15,1,52,1" doraHai="88" who="1" fromWho="0" sc="186,-20,209,20,165,0,440,0" /><INIT seed="7,0,0,2,4,102" ten="166,229,165,440" oya="3" hai0="115,16,96,3,41,109,110,66,130,123,34,93,113" hai1="26,59,86,9,134,23,19,11,128,104,25,91,21" hai2="5,61,82,32,98,28,45,71,70,55,13,117,101" hai3="47,122,1,53,118,51,85,31,30,46,125,33,18"/><W76/><G18/><T84/><D123/><U79/><E104/><N who="2" m="63543" /><F117/><W54/><G125/><T40/><D3/><U111/><E79/><V69/><F82/><W92/><G1/><T126/><D34/><U105/><E105/><V4/><F55/><W74/><G33/><T49/><D126/><U103/><E103/><V20/><F45/><W107/><G47/><N who="0" m="25831" /><D41/><U7/><E128/><V44/><F44/><W83/><G46/><T38/><D66/><U120/><E134/><V56/><F56/><W78/><G78/><T108/><D38/><U133/><E133/><V36/><F36/><W127/><G51/><T35/><D35/><U135/><E120/><V131/><F131/><W119/><G53/><T94/><D130/><U62/><E7/><N who="2" m="2635" /><F20/><W97/><G76/><T52/><D96/><U48/><E111/><V60/><F13/><W42/><G107/><T72/><D52/><N who="1" m="34151" /><E48/><V81/><F81/><W114/><G83/><T50/><D50/><U132/><E132/><V129/><F129/><W64/><G122/><T12/><D84/><U8/><E135/><V106/><F106/><W15/><G127/><T99/><D99/><U87/><E91/><V43/><F43/><W10/><G42/><T6/><D6/><U100/><E100/><V80/><F80/><W116/><G119/><T14/><D14/><U73/><E73/><V27/><F60/><W77/><G74/><T2/><D72/><U24/><E23/><V0/><F0/><W67/><G116/><T57/><D2/><U29/><E21/><V17/><F61/><W112/><G118/><T75/><D75/><RYUUKYOKU ba="0,0" sc="166,-10,229,-10,165,30,440,-10" hai2="17,27,28,32,69,70,71" owari="156,-34.0,219,2.0,195,-20.0,430,52.0" /></mjloggm>