<mjloggm ver="2.3"><GO type="169" lobby="0"/><UN n0="%EF%BC%88%E2%89%A7%E2%96%BD%E2%89%A6%EF%BC%89" n1="%E5%BC%B1%E8%99%AB" n2="%E6%82%A0%E9%9B%85" n3="%E3%81%BE%E3%82%86%E3%81%BE%E3%82%86%37%37" dan="18,16,16,18" rate="2268.21,2106.29,2072.82,2165.69" sx="M,M,M,F"/><TAIKYOKU oya="0"/><INIT seed="0,0,0,0,3,65" ten="250,250,250,250" oya="0" hai0="59,60,27,91,34,48,20,119,63,132,33,51,0" hai1="89,92,49,88,111,133,29,47,39,35,135,31,7" hai2="14,6,124,46,4,81,96,3,30,13,26,73,108" hai3="102,12,52,129,62,93,25,18,75,78,45,19,84"/><T64/><D0/><U57/><E111/><V130/><F108/><W2/><G2/><T95/><D119/><U42/><E7/><V82/><F124/><W107/><G129/><T125/><D125/><U16/><E89/><V21/><F130/><W5/><G75/><T32/><D132/><N who="1" m="50763" /><E35/><V131/><F131/><W15/><G107/><T87/><REACH who="0" step="1"/><D63/><REACH who="0" ten="240,250,250,250" step="2"/><U83/><E39/><V134/><F3/><W109/><G62/><T112/><D112/><U126/><E126/><V117/><F134/><W37/><G109/><T71/><D71/><U80/><E49/><V53/><F117/><W74/><G37/><T116/><D116/><U120/><E120/><V118/><F118/><W1/><G1/><T44/><D44/><U76/><E47/><V66/><F46/><W68/><G68/><T122/><D122/><U77/><E42/><V110/><F110/><W22/><G45/><T9/><D9/><U101/><E77/><V99/><F4/><W41/><G78/><T104/><D104/><U61/><E61/><V128/><F6/><W123/><G41/><T114/><D114/><U67/><E76/><V36/><F36/><W98/><G5/><T69/><D69/><U85/><E57/><V23/><F128/><W50/><G123/><T10/><D10/><U90/><E67/><V113/><F66/><W43/><G43/><T72/><D72/><U103/><E31/><AGARI ba="0,1" hai="20,27,31,32,33,34,48,51,59,60,64,87,91,95" machi="31" ten="40,2000,0" yaku="1,1,53,0" doraHai="65" doraHaiUra="8" who="0" fromWho="1" sc="240,30,250,-20,250,0,250,0" /><INIT seed="0,1,0,4,0,50" ten="270,230,250,250" oya="0" hai0="95,86,89,63,66,5,37,42,43,12,41,98,3" hai1="112,83,32,90,24,96,45,46,52,69,129,70,14" hai2="13,124,71,60,35,18,78,103,64,7,29,115,111" hai3="113,109,68,44,33,73,6,21,74,106,120,58,28"/><T54/><D3/><U57/><E129/><V53/><F115/><W1/><G44/><T23/><D37/><U49/><E112/><V135/><F135/><W27/><G58/><N who="0" m="35287" /><D66/><U25/><E70/><V121/><F121/><W9/><G113/><T4/><D86/><N who="1" m="50527" /><E69/><V87/><F7/><W59/><G109/><T30/><D12/><U101/><E32/><V91/><F78/><W81/><G106/><T34/><D34/><U132/><E132/><V19/><F111/><W131/><G120/><T11/><D11/><U39/><E39/><V65/><F65/><W62/><G131/><T76/><D76/><U36/><E36/><V75/><F75/><W10/><G68/><T127/><D127/><U133/><E133/><V31/><F124/><W38/><G38/><T92/><D92/><N who="1" m="58503" /><E14/><V8/><F35/><W77/><G10/><T93/><D93/><U107/><E107/><V0/><F0/><W48/><G33/><T100/><D100/><U125/><E125/><V55/><F103/><W110/><G110/><T118/><D118/><U16/><E24/><AGARI ba="1,0" hai="4,5,23,24,30,41,42,43,89,95,98" m="35287" machi="24" ten="30,2900,0" yaku="8,1,52,1" doraHai="50" who="0" fromWho="1" sc="270,32,230,-32,250,0,250,0" /><INIT seed="0,2,0,3,5,78" ten="302,198,250,250" oya="0" hai0="107,125,124,7,6,3,86,127,29,37,62,115,119" hai1="51,11,28,18,14,122,70,76,33,81,1,72,39" hai2="65,50,95,16,83,55,73,43,25,60,47,94,135" hai3="10,80,46,113,129,110,102,93,92,111,22,132,48"/><T108/><D119/><U35/><E122/><V99/><F135/><W21/><G113/><T34/><D115/><U126/><E70/><V84/><F73/><W23/><G132/><T79/><D107/><U42/><E126/><V98/><F43/><W85/><G129/><T87/><D37/><U49/><E1/><V59/><F98/><W74/><G74/><T26/><D108/><N who="3" m="41513" /><G10/><N who="0" m="2399" /><D7/><U32/><REACH who="1" step="1"/><E28/><REACH who="1" ten="302,188,250,250" step="2"/><V61/><F99/><W66/><G102/><T27/><D29/><U30/><E30/><V15/><F25/><N who="0" m="9226" /><D34/><U96/><E96/><V109/><F109/><W41/><G66/><T97/><D97/><U100/><E100/><V8/><REACH who="2" step="1"/><F61/><REACH who="2" ten="302,188,240,250" step="2"/><W118/><G118/><T123/><D62/><U20/><E20/><V133/><F133/><W58/><G22/><T5/><D125/><U9/><E9/><V40/><F40/><W64/><G23/><T52/><D127/><U69/><E69/><V19/><F19/><W2/><G21/><T71/><D124/><U36/><E36/><V121/><F121/><W134/><G134/><T24/><D71/><U82/><E82/><V130/><F130/><W38/><G80/><T17/><D123/><U63/><E63/><V77/><AGARI ba="2,2" hai="8,15,16,47,50,55,59,60,65,77,83,84,94,95" machi="77" ten="20,12000,2" yaku="1,1,0,1,7,1,8,1,52,1,54,1,53,1" doraHai="78" doraHaiUra="54" who="2" fromWho="2" sc="302,-62,188,-32,240,146,250,-32" /><INIT seed="1,0,0,5,2,121" ten="240,156,386,218" oya="1" hai0="108,8,32,125,50,19,20,87,68,63,69,76,22" hai1="35,75,5,71,102,135,96,65,40,11,118,92,111" hai2="88,2,93,90,18,104,98,127,43,33,124,9,16" hai3="86,81,47,91,82,15,61,73,12,36,25,101,122"/><U42/><E118/><V126/><F33/><W79/><G122/><T31/><D125/><U3/><E35/><V28/><F104/><W52/><G101/><T58/><D32/><U0/><E75/><V59/><F28/><W27/><G36/><T23/><D31/><U117/><E117/><V46/><F59/><W107/><G107/><T70/><D50/><U1/><E135/><V120/><F120/><W128/><G128/><T26/><D8/><U21/><E21/><V132/><F132/><W134/><G134/><T114/><D114/><U110/><E65/><V60/><F60/><W129/><G129/><T14/><D14/><U57/><E57/><V49/><F90/><W56/><G47/><T44/><D44/><U54/><E54/><V53/><F53/><W83/><G83/><T64/><D76/><U10/><E71/><V131/><F131/><W94/><G82/><T100/><D100/><U72/><E72/><V39/><F39/><W74/><G73/><T6/><D70/><U97/><E97/><V119/><F119/><W89/><G91/><T24/><D69/><U62/><E62/><V17/><F2/><N who="1" m="1129" /><E10/><AGARI ba="0,0" hai="9,10,16,17,18,43,46,49,88,93,98,124,126,127" machi="10" ten="50,6400,0" yaku="18,1,54,2" doraHai="121" who="2" fromWho="1" sc="240,0,156,-64,386,64,218,0" /><INIT seed="2,0,0,5,1,36" ten="240,92,450,218" oya="2" hai0="18,48,47,98,57,3,62,61,15,5,131,129,89" hai1="59,69,72,4,54,102,83,56,94,86,23,52,77" hai2="82,50,63,90,134,35,91,116,100,13,108,6,46" hai3="39,123,80,122,104,34,20,1,58,44,2,43,40"/><V29/><F116/><W96/><G58/><T133/><D133/><U111/><E69/><V55/><F134/><W113/><G20/><T32/><D32/><U8/><E111/><V22/><F35/><W21/><G21/><T0/><D5/><U53/><E23/><V121/><F121/><W92/><G34/><T24/><D24/><U49/><E59/><V71/><F108/><W126/><G126/><T78/><D78/><U64/><E64/><V112/><F112/><W65/><G65/><N who="0" m="39087" /><D62/><U114/><E114/><V10/><F71/><W74/><G113/><T14/><D89/><U101/><E72/><V27/><F63/><W106/><G92/><T28/><D28/><U117/><E117/><V73/><F73/><W81/><G81/><T37/><D131/><U128/><E128/><V124/><F124/><W99/><G80/><T30/><D30/><U130/><E130/><V9/><F82/><W85/><G74/><T12/><D18/><U45/><E56/><V107/><F10/><W17/><G17/><T97/><D129/><U95/><E95/><V120/><F120/><W132/><G132/><T87/><D87/><U127/><E127/><V51/><F29/><W19/><G19/><T115/><D115/><U75/><E75/><V33/><F33/><W105/><G105/><T110/><D110/><U135/><E135/><V70/><F107/><W16/><G16/><T31/><D31/><U103/><REACH who="1" step="1"/><E94/><REACH who="1" ten="240,82,450,218" step="2"/><V93/><F93/><W38/><G122/><T125/><D125/><U60/><E60/><V79/><F70/><W7/><G123/><T84/><D84/><RYUUKYOKU ba="0,1" sc="240,-10,82,30,450,-10,218,-10" hai1="4,8,45,49,52,53,54,77,83,86,101,102,103" /><INIT seed="3,1,1,1,3,12" ten="230,112,440,208" oya="3" hai0="104,90,14,135,74,61,32,72,131,96,93,121,19" hai1="46,33,63,86,5,118,52,22,112,65,49,70,130" hai2="0,34,97,109,85,110,119,55,92,37,120,30,28" hai3="45,103,79,67,94,18,3,68,17,25,99,100,50"/><W29/><G3/><T71/><D121/><U89/><E118/><V108/><F119/><W60/><G79/><T126/><D32/><U82/><E112/><V125/><F120/><W75/><G103/><T15/><D15/><U123/><E123/><V134/><F0/><W77/><G77/><T48/><D104/><U95/><E130/><V59/><F37/><W24/><G75/><T35/><D35/><U26/><E5/><V6/><F6/><W124/><G124/><T2/><D2/><U132/><E132/><V91/><F125/><W69/><G69/><T16/><D126/><U101/><E33/><V56/><F134/><W36/><G36/><T41/><D131/><U129/><E129/><V106/><F34/><W4/><G4/><T87/><D135/><U51/><E51/><N who="2" m="30847" /><F59/><W21/><G25/><T47/><D96/><U11/><E11/><V58/><F58/><W10/><G10/><T114/><D114/><U88/><E101/><AGARI ba="1,1" hai="28,30,85,91,92,97,101,106,108,109,110" m="30847" machi="101" ten="30,1000,0" yaku="14,1" doraHai="12" who="2" fromWho="1" sc="230,0,112,-13,440,23,208,0" /><INIT seed="4,0,0,3,3,93" ten="230,99,463,208" oya="0" hai0="106,120,123,104,132,26,37,57,71,1,62,21,31" hai1="113,72,27,52,87,28,60,55,135,112,82,70,74" hai2="115,24,79,133,116,89,76,59,4,48,56,25,65" hai3="42,18,6,96,66,75,7,84,12,2,108,41,34"/><T119/><D119/><U105/><E105/><V97/><F133/><W111/><G75/><T19/><D71/><U86/><E135/><V43/><F4/><W127/><G34/><T77/><D37/><U107/><E107/><V35/><F35/><W95/><G66/><T85/><D1/><U122/><E122/><V68/><F76/><W23/><G127/><T14/><D132/><U53/><E87/><V110/><F79/><W49/><G84/><T22/><D123/><U16/><E70/><V94/><F24/><W92/><G92/><T10/><D120/><U8/><E60/><V83/><F25/><W5/><G2/><T78/><D78/><N who="1" m="46423" /><E28/><V91/><F83/><W114/><G114/><N who="1" m="44138" /><E8/><V13/><F115/><W101/><REACH who="3" step="1"/><G49/><REACH who="3" ten="230,99,463,198" step="2"/><T131/><D106/><U32/><E32/><V15/><F48/><W81/><G81/><T63/><D104/><U98/><E98/><V100/><F97/><W67/><G67/><T130/><D85/><U47/><E47/><V39/><F65/><W0/><G0/><T29/><D77/><U54/><N who="1" m="13312" /><DORA hai="88" /><U64/><E64/><V124/><F68/><W69/><G69/><T30/><D63/><U3/><E3/><V129/><F59/><W45/><G45/><T117/><D62/><U125/><E125/><V103/><F56/><W126/><G126/><T102/><D57/><U99/><E99/><V58/><F124/><W33/><G33/><T109/><D30/><U90/><E90/><V118/><F89/><W20/><G20/><AGARI ba="0,1" hai="16,20,27,72,74" m="13312,44138,46423" machi="20" ten="50,8000,1" yaku="15,1,11,1,54,2" doraHai="93,88" who="1" fromWho="3" sc="230,0,99,90,463,0,198,-80" /><INIT seed="5,0,0,4,0,55" ten="230,189,463,118" oya="1" hai0="32,126,134,19,61,15,83,36,82,8,57,5,130" hai1="64,31,122,25,1,94,124,69,10,17,105,102,47" hai2="9,41,123,60,88,79,11,85,2,62,84,132,52" hai3="43,76,68,66,73,70,75,90,49,133,18,81,29"/><U51/><E122/><V40/><F123/><W65/><G133/><T54/><D134/><U63/><E124/><V135/><F79/><W33/><G75/><T46/><D32/><U108/><E108/><V71/><F71/><W120/><G120/><T129/><D126/><U106/><E102/><V21/><F21/><W38/><G38/><T104/><D104/><U97/><E97/><V44/><F44/><W116/><G70/><T27/><D27/><U74/><E94/><V101/><F101/><W109/><G109/><T28/><D28/><U92/><E92/><V118/><F52/><W110/><G110/><T16/><D46/><U87/><E87/><V30/><F30/><W107/><G107/><T78/><D36/><U127/><E74/><V80/><F80/><N who="0" m="30762" /><D78/><U34/><E127/><V98/><F132/><W67/><G68/><T113/><D113/><U128/><E128/><AGARI ba="0,0" hai="5,8,15,16,19,54,57,61,128,129,130" m="30762" machi="128" ten="30,3900,0" yaku="19,1,52,1,54,1" doraHai="55" who="0" fromWho="1" sc="230,39,189,-39,463,0,118,0" /><INIT seed="6,0,0,2,3,22" ten="269,150,463,118" oya="2" hai0="99,67,69,48,117,32,126,1,29,89,132,14,74" hai1="15,73,42,64,20,53,7,85,87,2,47,0,115" hai2="66,86,58,97,135,76,43,25,78,17,81,122,88" hai3="124,130,95,28,123,41,65,91,10,116,113,52,133"/><V59/><F135/><W44/><G133/><T63/><D1/><U56/><E73/><V90/><F122/><W12/><G124/><T125/><D74/><U134/><E134/><V98/><F43/><W118/><G130/><T5/><D117/><U100/><E64/><V104/><F104/><W11/><G123/><T109/><D109/><U103/><E115/><V54/><F58/><W72/><G72/><T36/><D36/><U40/><E2/><V37/><F37/><W131/><G65/><T4/><D48/><U94/><E0/><V13/><F66/><W34/><G131/><T27/><D14/><U57/><E57/><V45/><F45/><W105/><G105/><T9/><D9/><U46/><E46/><V35/><F13/><W31/><G10/><T82/><D132/><U112/><E112/><V8/><F35/><W33/><G113/><T80/><D99/><N who="1" m="59511" /><E103/><V50/><F98/><W129/><G129/><T111/><D111/><U127/><E127/><N who="0" m="48649" /><D89/><U61/><E47/><V96/><F8/><W128/><G128/><T108/><D108/><U101/><E101/><V102/><F102/><W49/><G41/><N who="1" m="15978" /><E7/><AGARI ba="0,0" hai="4,5,7,27,29,32,63,67,69,80,82" m="48649" machi="7" ten="30,2000,0" yaku="18,1,52,1" doraHai="22" who="0" fromWho="1" sc="269,20,150,-20,463,0,118,0" /><INIT seed="7,0,0,1,0,47" ten="289,130,463,118" oya="3" hai0="124,116,45,71,118,104,44,21,128,18,129,7,99" hai1="29,89,93,69,130,64,11,90,50,85,79,19,60" hai2="94,82,1,48,17,33,101,126,76,16,84,115,51" hai3="3,120,15,12,107,96,72,41,0,87,2,43,78"/><W86/><G120/><T32/><D32/><U37/><E37/><V65/><F1/><W42/><G72/><T5/><D71/><U114/><E114/><V56/><F33/><W35/><G35/><T14/><D124/><U52/><E130/><N who="0" m="50281" /><D99/><U55/><E29/><V111/><F111/><W105/><G96/><T13/><D104/><N who="3" m="40009" /><G78/><T88/><D88/><U123/><E123/><V109/><F126/><W9/><G9/><N who="0" m="4287" /><D5/><U24/><E79/><V98/><F109/><W68/><G68/><T67/><D67/><U10/><E90/><V97/><F115/><W134/><G134/><T31/><D31/><U40/><E64/><V59/><F97/><W122/><G122/><T23/><D23/><U108/><E69/><V8/><F8/><W61/><G61/><T58/><D58/><N who="2" m="22058" /><F65/><W4/><G4/><T83/><D83/><U34/><E108/><V53/><F53/><W30/><G30/><T26/><D14/><AGARI ba="0,0" hai="0,2,3,12,14,15,41,42,43,86,87" m="40009" machi="14" ten="40,3900,0" yaku="28,2" doraHai="47" who="3" fromWho="0" sc="289,-39,130,0,463,0,118,39" /><INIT seed="7,1,0,5,5,14" ten="250,130,463,157" oya="3" hai0="1,96,117,56,88,75,93,115,80,49,44,33,31" hai1="66,123,95,120,71,101,10,48,103,28,60,6,121" hai2="12,108,124,13,132,107,45,90,128,110,34,84,39" hai3="118,81,109,89,37,134,3,114,105,42,62,23,113"/><W85/><G118/><T36/><D1/><U74/><E74/><V131/><F107/><W87/><G3/><T63/><D36/><U76/><E76/><V112/><F34/><W24/><G105/><T11/><D117/><U0/><E28/><V54/><F112/><W29/><G134/><T126/><D115/><N who="3" m="44041" /><G109/><T26/><D126/><U116/><E116/><V43/><F132/><W18/><G42/><T19/><D75/><U69/><E69/><V97/><F124/><W106/><G106/><T77/><D77/><U38/><E38/><V21/><F108/><W70/><G37/><T30/><D80/><U78/><E78/><V61/><F110/><W111/><G111/><T53/><D33/><U46/><REACH who="1" step="1"/><E95/><REACH who="1" ten="250,120,463,157" step="2"/><V98/><F39/><W68/><G68/><T50/><D31/><U51/><E51/><V35/><F43/><W41/><G41/><T83/><D30/><U100/><E100/><V104/><F104/><W20/><G89/><T99/><D88/><U122/><N who="1" m="30720" /><DORA hai="47" /><U130/><E130/><V65/><F128/><W32/><G32/><T17/><D93/><U5/><E5/><V57/><F131/><W7/><G7/><T8/><D49/><U135/><E135/><V2/><F35/><W16/><G81/><T59/><D83/><U73/><E73/><V92/><F2/><W129/><G129/><T55/><D50/><U86/><E86/><N who="3" m="32778" /><G23/><T125/><D125/><U94/><E94/><V25/><F21/><W133/><G133/><T4/><D4/><U58/><E58/><V72/><F90/><W79/><G79/><T64/><D59/><RYUUKYOKU ba="1,1" sc="250,-15,120,15,463,-15,157,15" hai1="0,6,10,46,48,60,66,71,101,103" hai3="16,18,20,24,29,62,70" /><INIT seed="7,2,1,2,0,109" ten="235,135,448,172" oya="3" hai0="12,2,44,39,36,54,61,134,15,29,22,127,118" hai1="5,66,72,105,133,56,38,19,49,87,112,102,115" hai2="57,114,82,70,122,78,94,135,85,123,55,43,21" hai3="11,128,89,6,106,125,79,48,34,53,91,64,83"/><W121/><G121/><T18/><D2/><U75/><E38/><V97/><F70/><W120/><G106/><T52/><D118/><U13/><E133/><V71/><F71/><W124/><G34/><T32/><D134/><U62/><E5/><V23/><F43/><W0/><G64/><T67/><D127/><N who="3" m="48713" /><G128/><T130/><D130/><U101/><E87/><V88/><F114/><N who="1" m="43561" /><E49/><N who="2" m="30959" /><F135/><W73/><G120/><AGARI ba="2,1" hai="21,23,78,82,85,88,94,97,120,122,123" m="30959" machi="120" ten="30,2000,0" yaku="13,1,54,1" doraHai="109" who="2" fromWho="3" sc="235,0,135,0,448,36,172,-26" owari="235,4.0,135,-36.0,484,57.0,146,-25.0" /></mjloggm>