<mjloggm ver="2.3"><GO type="225"/><UN n0="%E6%A1%9C%E8%8A%B1%E9%96%83%E3%80%85" n1="%EF%BC%88%E2%89%A7%E2%96%BD%E2%89%A6%EF%BC%89" n2="%E3%82%8F%E3%81%A3%E3%81%A1%E3%83%BC%E2%99%AA" n3="%72%69%63%68%69%6B%6F" dan="17,16,16,16" rate="2170,2034,2121,2079" sx="M,M,M,F"/><TAIKYOKU oya="0"/><INIT seed="0,0,0,4,1,51" ten="250,250,250,250" oya="0" hai0="113,84,28,105,87,72,47,36,131,77,56,59,79" hai1="13,54,44,55,75,16,73,134,49,33,129,31,60" hai2="61,1,9,123,40,6,127,8,4,125,18,110,27" hai3="46,26,82,130,133,21,57,108,91,65,35,14,81"/><T94/><D113/><U88/><E134/><V106/><F106/><W50/><G133/><T38/><D105/><U99/><E129/><V83/><F40/><W32/><G130/><T102/><D72/><U12/><E33/><V135/><F83/><W68/><G68/><T85/><D131/><U128/><E128/><V78/><F78/><N who="0" m="29706" /><D28/><U132/><E31/><V39/><F39/><W45/><G108/><T41/><D41/><N who="1" m="24719" /><E75/><V15/><F61/><N who="3" m="38063" /><G35/><T62/><D47/><U48/><E73/><V29/><F135/><W115/><G32/><T107/><D107/><U90/><E132/><V116/><F110/><W69/><G69/><T80/><D36/><U120/><E120/><V11/><F123/><W17/><G115/><T2/><D2/><U70/><E70/><V76/><F76/><W86/><G81/><T66/><D38/><U121/><E121/><V42/><F42/><N who="3" m="24887" /><G46/><T0/><D0/><U124/><E99/><V122/><F122/><W74/><G74/><T111/><D59/><N who="1" m="34943" /><E124/><N who="2" m="47691" /><F116/><W71/><G71/><T22/><D111/><U7/><E7/><N who="2" m="2603" /><F1/><W53/><G53/><T63/><D63/><U5/><E5/><V43/><F43/><W126/><G126/><T109/><D109/><U118/><E118/><V10/><F29/><W24/><AGARI ba="0,0" hai="14,17,21,24,26,82,86,91" m="24887,38063" machi="24" ten="30,1100,0" yaku="8,1" doraHai="51" who="3" fromWho="3" sc="250,-5,250,-3,250,-3,250,11" /><INIT seed="1,0,0,4,2,32" ten="245,247,247,261" oya="1" hai0="52,9,71,0,21,86,91,61,6,82,64,1,57" hai1="85,73,54,130,66,104,30,127,36,50,96,112,128" hai2="107,108,131,19,72,132,70,29,41,49,90,48,47" hai3="62,92,77,35,98,124,97,10,55,116,118,44,76"/><U58/><E73/><V12/><F72/><W7/><G35/><T18/><D9/><U111/><E112/><V14/><F70/><W110/><G110/><T103/><D6/><U133/><E36/><V45/><F107/><W99/><G92/><T75/><D103/><N who="1" m="62567" /><E111/><V93/><F108/><W60/><G124/><T88/><D91/><U80/><E127/><V24/><F131/><N who="1" m="50217" /><E30/><V83/><F132/><W27/><G27/><T87/><D87/><U100/><E100/><V16/><F83/><W22/><G22/><T81/><D81/><U34/><E34/><V17/><F29/><W105/><G105/><T123/><D123/><U2/><E66/><V59/><F24/><W79/><G118/><T23/><D75/><U94/><E94/><V15/><F59/><W33/><G33/><T106/><D106/><U135/><E2/><V95/><F90/><AGARI ba="0,0" hai="50,54,58,80,85,90,133,135" m="50217,62567" machi="90" ten="30,1500,0" yaku="19,1" doraHai="32" who="1" fromWho="2" sc="245,0,247,15,247,-15,261,0" /><INIT seed="1,1,0,4,0,12" ten="245,262,232,261" oya="1" hai0="135,3,82,58,84,44,5,59,37,10,60,111,124" hai1="134,43,120,0,86,71,7,67,65,87,108,99,102" hai2="56,85,100,31,107,126,94,57,28,110,73,117,25" hai3="13,129,123,52,47,115,11,114,2,54,22,76,21"/><U45/><E120/><V66/><F73/><W109/><G123/><T92/><D111/><U34/><E34/><V104/><F117/><W93/><G109/><T46/><D135/><U51/><E108/><V78/><F110/><W27/><G129/><T64/><D124/><U130/><E130/><V125/><F31/><W32/><G2/><T79/><D37/><U81/><E134/><V26/><F26/><W106/><G106/><T132/><D132/><U101/><E71/><V131/><F131/><W118/><G118/><T38/><D38/><U89/><E86/><V53/><F66/><W19/><G76/><T29/><D29/><U61/><E61/><V75/><F57/><W83/><G83/><T9/><D59/><U30/><E30/><V33/><F75/><W121/><G121/><T77/><D77/><U8/><REACH who="1" step="1"/><E102/><REACH who="1" ten="245,252,232,261" step="2"/><V88/><F100/><W96/><G32/><T39/><D84/><U105/><AGARI ba="1,1" hai="0,7,8,43,45,51,65,67,81,87,89,99,101,105" machi="105" ten="20,12000,1" yaku="1,1,2,1,0,1,7,1,53,1" doraHai="12" doraHaiUra="98" who="1" fromWho="1" sc="245,-41,252,133,232,-41,261,-41" /><INIT seed="1,2,0,4,2,64" ten="204,385,191,220" oya="1" hai0="63,116,10,89,130,45,53,46,27,86,121,92,18" hai1="28,120,79,76,34,81,41,110,77,12,118,1,82" hai2="72,90,20,111,65,47,103,101,67,2,9,6,58" hai3="119,95,84,129,108,91,132,126,96,125,60,11,68"/><U23/><E1/><V123/><F72/><W31/><G108/><T107/><D116/><U70/><E34/><V13/><F123/><W51/><G119/><T38/><D121/><U115/><E110/><V134/><F111/><W97/><G31/><T112/><D112/><U102/><E102/><V78/><F134/><W37/><G37/><T61/><D107/><U33/><E33/><V88/><F78/><W36/><G36/><T29/><D130/><U5/><E41/><V48/><F2/><W135/><G129/><T3/><D38/><U105/><E105/><V73/><F73/><W40/><G11/><T83/><D92/><U75/><E75/><V113/><F20/><W57/><G68/><T109/><D109/><U127/><E70/><V85/><F90/><W117/><G117/><T71/><D3/><U49/><E49/><V25/><F25/><W131/><G131/><T4/><D4/><U0/><E0/><V56/><F67/><N who="3" m="39311" /><G51/><N who="0" m="28911" /><D46/><U24/><E115/><V55/><F113/><W69/><G69/><T15/><D71/><U16/><E118/><V54/><F65/><W30/><G30/><T17/><D17/><U99/><E28/><V106/><F106/><W52/><G40/><T114/><D114/><U100/><E120/><V80/><F47/><W104/><G52/><T19/><D19/><U94/><E16/><V98/><F98/><N who="3" m="37995" /><G104/><T44/><D44/><U122/><E99/><V21/><F21/><AGARI ba="2,0" hai="10,15,18,21,27,29,61,63,83,86,89" m="28911" machi="21" ten="30,2000,0" yaku="25,1,8,1" doraHai="64" who="0" fromWho="2" sc="204,26,385,0,191,-26,220,0" /><INIT seed="2,0,0,3,1,89" ten="230,385,165,220" oya="2" hai0="126,65,105,124,23,117,96,66,7,116,125,19,10" hai1="36,106,109,119,80,131,132,102,121,54,70,4,72" hai2="123,95,47,15,29,3,135,45,32,56,71,83,12" hai3="43,64,133,20,74,97,48,88,42,62,75,59,50"/><V46/><F71/><W87/><G133/><T38/><D38/><U130/><RYUUKYOKU type="yao9" ba="0,0" sc="230,0,385,0,165,0,220,0" hai1="4,36,54,70,72,80,102,106,109,119,121,130,131,132" /><INIT seed="2,1,0,2,4,39" ten="230,385,165,220" oya="2" hai0="80,55,4,23,58,73,64,46,11,17,133,130,128" hai1="101,84,40,47,8,36,67,35,83,14,132,12,41" hai2="79,82,43,127,123,108,77,26,102,60,32,24,116" hai3="112,13,88,111,74,109,71,21,131,7,91,25,63"/><V48/><F123/><W103/><G74/><T92/><D133/><U106/><E35/><V87/><F116/><W19/><G131/><N who="0" m="50219" /><D64/><U75/><E75/><V135/><F135/><W134/><G103/><T18/><D92/><U72/><E72/><V20/><F32/><W16/><G134/><T121/><D121/><U104/><E132/><V1/><F1/><W0/><G112/><T2/><D46/><U114/><E114/><V50/><F108/><N who="3" m="41547" /><G0/><T115/><D115/><U9/><E101/><V96/><F127/><W44/><G7/><T22/><D80/><U99/><E106/><V27/><F77/><W51/><G63/><N who="0" m="36319" /><D73/><U129/><E104/><V15/><F60/><W31/><G71/><T57/><D57/><U113/><E113/><V117/><F117/><W3/><G3/><T28/><D28/><U53/><E129/><V126/><F126/><W95/><G95/><T68/><D68/><U66/><E36/><V6/><F43/><N who="3" m="24991" /><G19/><AGARI ba="1,0" hai="2,4,11,17,18,19,22,23" m="36319,50219" machi="19" ten="30,1000,0" yaku="19,1" doraHai="39" who="0" fromWho="3" sc="230,13,385,0,165,0,220,-13" /><INIT seed="3,0,0,5,0,52" ten="243,385,165,207" oya="3" hai0="83,51,134,29,119,60,69,32,42,97,133,68,116" hai1="53,35,89,22,118,129,59,92,30,78,67,50,74" hai2="93,44,20,128,108,110,8,10,103,31,18,26,1" hai3="41,46,47,2,6,111,131,130,79,102,73,21,64"/><W105/><G64/><N who="0" m="40967" /><D69/><U7/><E129/><N who="3" m="49162" /><G111/><N who="2" m="42537" /><F44/><N who="3" m="16939" /><G41/><T43/><D51/><U14/><E35/><N who="2" m="20983" /><F93/><W19/><G6/><T40/><D83/><U3/><E7/><N who="2" m="1135" /><F103/><W90/><G2/><T98/><D98/><U4/><E14/><N who="2" m="9303" /><F128/><W106/><G102/><T101/><D97/><U120/><E120/><V55/><F55/><W121/><G121/><T15/><D101/><U115/><E118/><V28/><F28/><W24/><G90/><T104/><D104/><N who="3" m="40041" /><G79/><T56/><D43/><U94/><E3/><V124/><F10/><W86/><G86/><T33/><D42/><U125/><E4/><V12/><F12/><W122/><G122/><T11/><D40/><U99/><E78/><V17/><F17/><W100/><G100/><T123/><D29/><U57/><E30/><V88/><F124/><W91/><G91/><AGARI ba="0,0" hai="88,91" m="9303,1135,20983,42537" machi="91" ten="30,3900,0" yaku="24,1,14,1,54,1" doraHai="52" who="2" fromWho="3" sc="243,0,385,0,165,39,207,-39" owari="243,4.0,385,49.0,204,-20.0,168,-33.0" /></mjloggm>