<mjloggm ver="2.3"><GO type="41" lobby="0"/><UN n0="%79%6F%6E%6B%69%6E%65" n1="%E3%82%A4%E3%82%B1%E3%82%A4%E3%82%B1%E9%A3%9B%E9%9B%84%E9%A6%AC" n2="%E3%82%B9%E3%83%88%E3%83%AD%E3%82%A6" n3="%E3%82%A6%E3%83%AB%E3%83%88%E3%83%A9%E7%AB%8B%E7%9B%B4" dan="15,14,14,16" rate="1961.66,1962.87,1923.64,2081.42" sx="M,M,M,M"/><TAIKYOKU oya="0"/><INIT seed="0,0,0,2,0,97" ten="250,250,250,250" oya="0" hai0="65,70,134,7,26,102,62,22,36,0,33,19,55" hai1="61,47,130,77,93,21,90,104,120,72,46,131,80" hai2="16,109,84,111,110,118,20,1,11,10,27,106,57" hai3="82,6,28,63,133,38,86,51,42,13,45,12,8"/><T29/><D36/><U114/><E120/><V85/><F106/><W91/><G133/><T98/><D134/><U126/><E126/><V56/><F118/><W18/><G28/><T4/><D55/><U44/><E104/><V69/><F69/><W35/><G35/><T132/><D0/><U76/><E76/><V71/><F71/><W89/><G63/><T34/><D34/><U50/><E61/><V119/><F119/><W74/><G74/><T95/><D132/><U17/><E114/><V37/><F37/><W66/><G66/><T124/><D124/><U129/><E93/><V79/><F79/><W78/><REACH who="3" step="1"/><G38/><REACH who="3" ten="250,250,250,240" step="2"/><T32/><REACH who="0" step="1"/><D33/><REACH who="0" ten="240,250,250,240" step="2"/><U123/><E123/><V41/><F1/><W75/><G75/><T125/><D125/><U113/><E113/><V5/><F41/><W54/><G54/><T67/><D67/><U49/><E90/><V52/><F52/><W40/><G40/><T60/><D60/><U14/><AGARI ba="0,2" hai="14,17,21,44,46,47,49,50,72,77,80,129,130,131" machi="14" ten="40,2700,0" yaku="0,1,19,1" doraHai="97" who="1" fromWho="1" sc="240,-13,250,47,250,-7,240,-7" /><INIT seed="1,0,0,4,4,115" ten="227,297,243,233" oya="1" hai0="19,61,125,29,96,91,105,42,39,69,62,28,132" hai1="131,133,0,43,32,117,100,102,46,36,73,47,54" hai2="10,87,34,116,107,111,41,58,82,3,110,5,129" hai3="52,85,75,89,130,119,113,120,15,6,81,77,50"/><U35/><E117/><V79/><F107/><W128/><G113/><T60/><D132/><U44/><E73/><V26/><F116/><W49/><G120/><T22/><D125/><U23/><E0/><V118/><F118/><W122/><G122/><T123/><D123/><U126/><E133/><V114/><F114/><W24/><G119/><T84/><D69/><U98/><E126/><V90/><F58/><W66/><G66/><T106/><D39/><U9/><E131/><V37/><F129/><W67/><G67/><T86/><D42/><U16/><E9/><V71/><F90/><W83/><G50/><T2/><D2/><U134/><E102/><V121/><F71/><W92/><G24/><T88/><D96/><U27/><E134/><V8/><F8/><W101/><G101/><T7/><D7/><U59/><E32/><V25/><F34/><W1/><G1/><T74/><D74/><U4/><E4/><V95/><F95/><W45/><G6/><T51/><D51/><U68/><E68/><V38/><F38/><W12/><G12/><N who="0" m="9575" /><D106/><U30/><E30/><N who="0" m="11881" /><D105/><U93/><REACH who="1" step="1"/><E35/><REACH who="1" ten="227,287,243,233" step="2"/><V20/><F121/><W109/><G130/><T40/><D40/><U135/><E135/><V70/><F70/><W13/><G128/><T72/><D72/><U18/><E18/><V65/><F3/><W31/><G31/><T80/><D60/><AGARI ba="0,1" hai="16,23,27,36,43,44,46,47,54,59,60,93,98,100" machi="60" ten="30,11600,0" yaku="1,1,7,1,54,1,53,1" doraHai="115" doraHaiUra="97" who="1" fromWho="0" sc="227,-116,287,126,243,0,233,0" /><INIT seed="1,1,0,3,5,51" ten="111,413,243,233" oya="1" hai0="109,99,42,17,76,37,61,81,10,118,29,85,44" hai1="31,5,104,93,111,110,12,79,91,45,126,36,112" hai2="133,70,69,82,114,116,9,123,132,83,113,95,86" hai3="11,129,134,73,62,40,90,65,67,63,8,66,106"/><U55/><E112/><N who="2" m="43115" /><F116/><W13/><G106/><T43/><D109/><N who="1" m="41483" /><E104/><V52/><F123/><W121/><G73/><T97/><D118/><U16/><E126/><V120/><F120/><W53/><G121/><T27/><D43/><U35/><E79/><N who="2" m="46431" /><F83/><W128/><G40/><T94/><D61/><U101/><E5/><V75/><F95/><W115/><G115/><T6/><D17/><U56/><E101/><V22/><F22/><W105/><G105/><T60/><D60/><U57/><E31/><V103/><F9/><W41/><G41/><T88/><D27/><U48/><E35/><V125/><F75/><W3/><G63/><T87/><D29/><U23/><E36/><V89/><F89/><W30/><G30/><T117/><D117/><U26/><E26/><V100/><F125/><W122/><G122/><T39/><D39/><U46/><E46/><V64/><F64/><W1/><G90/><T32/><D32/><U92/><E92/><V58/><F103/><W38/><G38/><T72/><D99/><AGARI ba="1,0" hai="12,16,23,45,48,55,56,57,91,93,99" m="41483" machi="99" ten="30,11600,0" yaku="14,1,10,1,52,1,54,1" doraHai="51" who="1" fromWho="0" sc="111,-119,413,119,243,0,233,0" owari="-8,-51.0,532,64.0,243,4.0,233,-17.0" /></mjloggm>