<mjloggm ver="2.3"><GO type="41"/><UN n0="%70%61%72%75%6F%31%31" n1="%E3%82%A6%E3%83%AB%E3%83%88%E3%83%A9%E7%AB%8B%E7%9B%B4" n2="%6D%61%6B%69%70%6F%6E" n3="%E2%91%A8%E5%AD%97%E7%89%8C" dan="14,15,13,14" rate="1925,1955,1902,1901" sx="M,M,M,M"/><TAIKYOKU oya="0"/><INIT seed="0,0,0,1,3,86" ten="250,250,250,250" oya="0" hai0="119,120,82,9,47,32,18,21,70,5,115,107,67" hai1="130,41,116,28,100,11,96,69,66,126,38,50,14" hai2="6,8,114,45,81,101,103,25,83,7,64,128,62" hai3="125,33,60,31,19,52,3,88,16,13,34,59,85"/><T40/><D120/><U17/><E38/><V63/><F114/><W51/><G51/><BYE who="3" /><T97/><D115/><U94/><E116/><V135/><F128/><UN n3="%E2%91%A8%E5%AD%97%E7%89%8C" /><W91/><G125/><T46/><D119/><U30/><E130/><V36/><F135/><W58/><G3/><T37/><D32/><U49/><E69/><V48/><F36/><W127/><G127/><T122/><D122/><U35/><E35/><V2/><F25/><W22/><G34/><T87/><D70/><U73/><E73/><V121/><F121/><W72/><G72/><T65/><D46/><U43/><E66/><V90/><F7/><W109/><G109/><T27/><D97/><U104/><E104/><V105/><F63/><N who="3" m="36295" /><G33/><T106/><D106/><U89/><E126/><V84/><F83/><N who="3" m="49215" /><G31/><T132/><D107/><U74/><E74/><V129/><F105/><W118/><G118/><T39/><D39/><U15/><E49/><V78/><F129/><W92/><G13/><T12/><REACH who="0" step="1"/><D132/><REACH who="0" ten="240,250,250,250" step="2"/><U80/><E96/><V134/><F134/><W24/><G24/><T61/><D61/><U77/><E50/><V57/><REACH who="2" step="1"/><F78/><AGARI ba="0,1" hai="5,9,12,18,21,27,37,40,47,65,67,78,82,87" machi="78" ten="30,5800,0" yaku="1,1,7,1,53,1" doraHai="86" doraHaiUra="79" who="0" fromWho="2" sc="240,68,250,0,250,-58,250,0" /><INIT seed="0,1,0,4,5,22" ten="308,250,192,250" oya="0" hai0="49,88,132,123,117,94,120,90,31,68,46,45,124" hai1="67,82,99,125,104,60,41,81,116,33,13,69,16" hai2="92,118,51,2,47,89,63,7,4,39,71,35,73" hai3="48,55,107,62,28,129,128,122,42,133,79,10,29"/><T70/><D117/><U57/><E116/><V74/><F118/><W61/><G107/><T113/><D113/><U86/><E33/><V53/><F35/><W114/><G122/><T38/><D38/><U66/><E125/><V130/><F130/><N who="3" m="50283" /><G10/><T21/><D124/><U11/><E41/><V26/><F26/><W127/><G114/><T112/><D112/><U97/><E104/><V36/><F7/><W14/><G127/><T30/><D132/><U75/><E69/><V8/><F39/><W80/><G14/><T102/><D21/><U27/><E67/><V0/><F0/><W20/><G42/><T121/><D49/><U23/><E75/><V131/><F131/><W98/><G98/><N who="1" m="37386" /><E86/><V52/><F36/><W50/><G50/><T78/><D123/><U135/><E135/><V85/><REACH who="2" step="1"/><F53/><REACH who="2" ten="308,250,182,250" step="2"/><W77/><G55/><T54/><D54/><U9/><E9/><V44/><F44/><W109/><G133/><T15/><D46/><U84/><E84/><V115/><F115/><W105/><G109/><T59/><D45/><U87/><E87/><V32/><F32/><W17/><G105/><T40/><D121/><U56/><E56/><V64/><AGARI ba="1,1" hai="2,4,8,47,51,52,63,64,71,73,74,85,89,92" machi="64" ten="30,7900,0" yaku="1,1,0,1,54,1,53,1" doraHai="22" doraHaiUra="83" who="2" fromWho="2" sc="308,-40,250,-21,182,92,250,-21" /><INIT seed="1,0,0,3,5,5" ten="268,229,274,229" oya="1" hai0="114,13,92,99,53,101,44,118,31,120,65,10,116" hai1="7,84,41,75,45,55,72,81,82,19,74,59,111" hai2="26,25,126,78,124,24,22,32,1,91,93,127,0" hai3="9,66,86,27,135,18,83,37,128,38,36,54,105"/><U80/><E7/><V48/><F48/><W57/><G105/><T15/><D114/><U98/><E98/><V104/><F78/><W129/><G66/><T30/><D120/><U90/><E111/><V132/><F104/><W42/><G135/><T68/><D68/><U35/><E35/><V34/><F132/><W94/><G94/><T39/><D65/><U76/><E76/><V77/><F77/><W79/><G42/><T125/><D125/><U61/><REACH who="1" step="1"/><E19/><REACH who="1" ten="268,219,274,229" step="2"/><V69/><F69/><W14/><G129/><T6/><D6/><U121/><E121/><V123/><F123/><W70/><G128/><T100/><D99/><U17/><E17/><V46/><F22/><W64/><G18/><T71/><D71/><U21/><E21/><V85/><REACH who="2" step="1"/><F46/><REACH who="2" ten="268,219,264,229" step="2"/><W119/><G70/><T103/><D44/><U112/><E112/><V122/><F122/><W2/><G119/><T62/><D118/><U109/><E109/><V87/><F87/><W108/><G86/><T29/><D116/><U33/><E33/><AGARI ba="0,2" hai="0,1,24,25,26,32,33,34,85,91,93,124,126,127" machi="33" ten="50,3200,0" yaku="1,1,18,1,53,0" doraHai="5" doraHaiUra="73" who="2" fromWho="1" sc="268,0,219,-32,264,52,229,0" /><INIT seed="2,0,0,4,4,99" ten="268,187,316,229" oya="2" hai0="68,134,72,132,131,50,135,108,58,65,110,20,62" hai1="115,38,101,69,32,43,17,88,40,41,129,28,125" hai2="13,39,47,91,57,96,11,89,36,64,18,6,1" hai3="84,74,16,70,56,93,55,83,42,53,82,46,15"/><V44/><F39/><W104/><G70/><T111/><D72/><U9/><E69/><V14/><F36/><W106/><G74/><T60/><D20/><U30/><E38/><V117/><F1/><W100/><G83/><T128/><REACH who="0" step="1"/><D50/><REACH who="0" ten="258,187,316,229" step="2"/><U73/><E73/><V124/><F117/><W114/><G114/><T113/><D113/><U33/><E115/><V52/><F124/><W80/><G15/><T5/><D5/><U8/><E125/><V107/><F14/><W122/><G122/><T127/><D127/><U85/><E33/><V103/><F6/><W66/><G42/><T102/><D102/><U2/><E32/><V130/><F130/><W48/><G100/><T71/><D71/><U22/><E129/><V76/><F76/><W45/><G48/><T75/><D75/><U4/><E101/><V26/><F91/><W21/><G21/><T133/><N who="0" m="33792" /><DORA hai="27" /><T98/><D98/><U49/><E49/><V29/><F89/><W35/><G35/><T51/><D51/><U10/><E4/><V79/><F79/><W116/><G116/><T25/><D25/><N who="1" m="14543" /><E2/><V119/><F119/><W81/><G46/><T78/><D78/><U118/><E118/><V121/><F121/><W94/><G45/><T31/><D31/><U109/><E109/><V7/><F7/><W0/><G0/><T19/><D19/><U34/><E34/><V112/><F112/><W123/><G16/><T37/><D37/><U63/><E63/><V77/><F77/><W92/><G123/><T61/><D61/><U24/><E24/><V87/><F26/><W95/><G84/><RYUUKYOKU ba="0,1" sc="258,15,187,15,316,-15,229,-15" hai0="58,60,62,65,68,108,110,111,128,131" hai1="8,9,10,28,30,40,41,43,85,88" /><INIT seed="3,1,1,3,4,91" ten="273,202,301,214" oya="3" hai0="79,5,76,37,40,7,132,80,114,73,92,78,116" hai1="69,104,82,115,20,22,3,93,31,113,68,57,38" hai2="49,35,98,95,130,6,47,110,48,129,111,1,21" hai3="72,27,124,19,39,2,131,53,75,62,29,59,51"/><W119/><G119/><T24/><D116/><U70/><E3/><V36/><F35/><W89/><G2/><T85/><D114/><U42/><E104/><V58/><F21/><W135/><G135/><T96/><D132/><U87/><E42/><V23/><F23/><W14/><G131/><N who="2" m="50185" /><F6/><W122/><G122/><T94/><D24/><U123/><E38/><V63/><F1/><W30/><G124/><T60/><D37/><U13/><E123/><V28/><F28/><W107/><G107/><T88/><D40/><U77/><E57/><V117/><F117/><W34/><G39/><T103/><REACH who="0" step="1"/><D60/><REACH who="0" ten="263,202,301,214" step="2"/><U26/><E115/><V33/><F36/><W134/><G62/><T83/><D83/><U54/><E113/><V44/><F33/><W32/><G134/><T43/><D43/><U86/><E26/><V133/><F133/><W90/><G32/><T41/><D41/><U66/><E31/><V64/><F49/><W112/><G30/><T11/><D11/><U15/><E82/><V102/><F48/><W118/><G112/><T120/><D120/><U56/><E22/><V55/><F44/><W25/><G118/><T105/><D105/><U4/><E20/><V65/><F47/><W97/><G25/><T12/><D12/><U126/><E13/><V46/><F46/><W45/><G45/><T121/><D121/><U128/><E15/><V127/><F127/><W8/><G29/><T61/><D61/><U10/><E126/><V125/><F125/><W0/><G34/><T100/><D100/><U9/><E128/><V71/><F71/><W101/><G27/><RYUUKYOKU ba="1,2" sc="263,15,202,-15,301,15,214,-15" hai0="5,7,73,76,78,79,80,85,88,92,94,96,103" hai2="55,58,63,64,65,95,98,102,110,111" /><INIT seed="4,2,2,3,1,42" ten="278,187,316,199" oya="0" hai0="66,14,120,80,38,70,65,86,124,61,12,84,11" hai1="107,128,115,99,10,28,29,104,34,63,96,105,20" hai2="122,111,26,23,91,103,71,108,17,45,13,78,35" hai3="44,9,112,114,16,134,62,132,69,79,51,25,77"/><T74/><D120/><U129/><E34/><V2/><F71/><W127/><G69/><T110/><D38/><U32/><E32/><V113/><F122/><W5/><G62/><T0/><D66/><U97/><E63/><V48/><F2/><W131/><G127/><T83/><D124/><U47/><E10/><V94/><F78/><W72/><G131/><N who="1" m="50250" /><E20/><V67/><F67/><W88/><G72/><T121/><D74/><U64/><E64/><V22/><F103/><W75/><G75/><T59/><D121/><U130/><N who="1" m="50258" /><U90/><DORA hai="7" /><E90/><V43/><F35/><W100/><G88/><N who="0" m="51207" /><D70/><U18/><E18/><V98/><F113/><N who="3" m="43627" /><G100/><T102/><D102/><U106/><N who="1" m="27136" /><DORA hai="24" /><U123/><E115/><V81/><REACH who="2" step="1"/><F81/><REACH who="2" ten="278,187,306,199" step="2"/><W58/><G79/><T1/><D83/><U85/><E123/><V31/><AGARI ba="2,3" hai="13,17,22,23,26,31,43,45,48,91,94,98,108,111" machi="31" ten="20,12000,2" yaku="1,1,2,1,0,1,7,1,52,2,53,1" doraHai="42,7,24" doraHaiUra="36,73,135" who="2" fromWho="2" sc="278,-62,187,-32,306,156,199,-32" /><INIT seed="5,0,0,0,5,2" ten="216,155,462,167" oya="1" hai0="24,57,18,93,21,33,98,87,97,61,37,78,59" hai1="114,44,96,30,22,133,83,85,65,125,9,126,92" hai2="52,95,79,81,20,70,16,67,6,19,12,14,108" hai3="72,99,100,73,122,3,119,40,105,71,90,132,127"/><U48/><E65/><V62/><F108/><W107/><G71/><T60/><D37/><U80/><E133/><V28/><F28/><W74/><G40/><T27/><D33/><U130/><E130/><V4/><F95/><N who="3" m="58495" /><G3/><T17/><D78/><U91/><E114/><V135/><F135/><W11/><G11/><T112/><D112/><U115/><E115/><V84/><F52/><W63/><G63/><N who="0" m="24139" /><D87/><U69/><E69/><V68/><F70/><W13/><G13/><N who="0" m="9391" /><D98/><U111/><E111/><V45/><F45/><W77/><G122/><T131/><D131/><U34/><E34/><V66/><F67/><W0/><G0/><T35/><D35/><U64/><E64/><V134/><F134/><W86/><G132/><T8/><D8/><AGARI ba="0,0" hai="4,6,8,12,14,16,19,20,62,66,68,79,81,84" machi="8" ten="30,7700,0" yaku="7,1,52,2,54,1" doraHai="2" who="2" fromWho="0" sc="216,-77,155,0,462,77,167,0" /><INIT seed="6,0,0,1,5,133" ten="139,155,539,167" oya="2" hai0="74,9,84,129,57,108,85,0,22,73,103,16,31" hai1="6,121,37,115,132,53,34,62,52,122,8,2,50" hai2="93,71,59,39,1,15,72,58,60,48,46,25,11" hai3="65,102,21,124,3,128,96,45,105,83,81,43,87"/><V38/><F72/><W117/><G3/><T18/><D108/><U88/><E37/><V14/><F1/><W89/><G117/><T26/><D129/><U107/><E107/><V23/><F71/><W80/><G128/><T78/><D103/><U135/><E34/><V35/><F35/><W67/><G21/><T114/><D114/><U91/><E115/><V111/><F111/><W69/><G69/><T66/><D74/><U127/><E62/><V27/><F93/><W126/><G65/><T12/><D0/><U119/><E119/><V123/><F123/><N who="1" m="47113" /><E53/><V47/><F23/><W7/><G7/><N who="0" m="3135" /><D73/><U95/><E127/><N who="3" m="48682" /><G67/><T118/><D118/><U79/><E79/><V36/><F60/><W92/><G45/><N who="2" m="16905" /><F48/><W101/><G43/><T42/><D42/><U40/><E40/><V125/><F125/><W19/><G19/><N who="0" m="7211" /><D78/><U77/><E77/><V10/><F10/><W100/><AGARI ba="0,0" hai="80,81,83,87,89,92,96,100,101,102,105" m="48682" machi="100" ten="40,12000,2" yaku="18,1,34,2,52,3" doraHai="133" who="3" fromWho="3" sc="139,-30,155,-30,539,-60,167,120" /><INIT seed="7,0,0,1,1,38" ten="109,125,479,287" oya="3" hai0="14,8,16,132,111,7,117,0,92,109,127,42,77" hai1="84,106,135,45,35,37,46,107,22,69,48,52,101" hai2="119,47,125,113,120,41,97,103,13,65,129,20,83" hai3="2,64,102,112,73,89,10,67,78,133,91,134,44"/><W76/><G102/><T114/><D117/><U62/><E35/><V71/><F119/><W96/><G96/><T56/><D42/><N who="1" m="22735" /><E101/><V24/><F120/><W128/><G128/><T74/><D114/><U121/><E121/><V99/><F113/><W93/><G112/><T88/><D74/><U21/><E84/><V85/><F129/><W115/><G115/><T57/><D77/><N who="3" m="29801" /><G93/><T23/><D127/><U63/><E63/><V51/><F125/><W4/><G44/><T58/><REACH who="0" step="1"/><D132/><REACH who="0" ten="99,125,479,287" step="2"/><N who="3" m="50793" /><G73/><T87/><AGARI ba="0,1" hai="0,7,8,14,16,23,56,57,58,87,88,92,109,111" machi="87" ten="30,8000,1" yaku="1,1,0,1,54,2,53,1" doraHai="38" doraHaiUra="1" who="0" fromWho="0" sc="99,90,125,-20,479,-20,287,-40" owari="189,-21.0,105,-39.0,459,55.0,247,5.0" /></mjloggm>