<mjloggm ver="2.3"><GO type="169"/><UN n0="%E7%8B%AC%E6%AD%A9" n1="%E3%82%BC%E3%83%B3%E3%83%84%E3%83%83%E3%83%91" n2="%E9%BA%BB%E9%9B%80%E6%88%A6%E5%A3%AB%E2%98%86%E3%81%AA%E3%81%AE%E3%81%AF" n3="%EF%BC%88%E2%89%A7%E2%96%BD%E2%89%A6%EF%BC%89" dan="17,16,16,18" rate="2101,2153,2061,2169" sx="M,M,F,M"/><TAIKYOKU oya="0"/><INIT seed="0,0,0,2,3,118" ten="250,250,250,250" oya="0" hai0="1,41,89,54,100,22,16,20,57,107,55,36,124" hai1="93,9,134,62,121,112,71,64,51,81,30,123,83" hai2="126,92,33,42,49,132,35,53,47,14,97,98,86" hai3="94,8,26,70,128,120,119,77,60,50,19,15,88"/><T131/><D1/><U31/><E83/><V104/><F132/><W99/><G119/><T61/><D131/><U11/><E11/><V135/><F135/><W56/><G128/><T10/><D124/><U73/><E134/><V114/><F114/><W109/><G109/><T45/><D100/><U129/><E129/><V69/><F69/><W24/><G120/><T63/><D107/><U106/><E106/><V96/><F126/><W72/><G70/><T0/><D89/><U68/><E68/><V110/><F110/><W105/><G105/><T102/><D102/><U52/><E112/><V3/><F3/><W78/><G50/><T13/><REACH who="0" step="1"/><D0/><REACH who="0" ten="240,250,250,250" step="2"/><U25/><E123/><V23/><F104/><W90/><G90/><T108/><D108/><U12/><E121/><V58/><F92/><W87/><G99/><T17/><D17/><U74/><E93/><V130/><F86/><W82/><REACH who="3" step="1"/><G78/><REACH who="3" ten="240,250,250,240" step="2"/><T46/><D46/><U5/><E81/><V6/><F130/><W117/><G117/><T48/><D48/><U116/><E116/><V59/><F98/><W27/><G27/><T80/><D80/><U28/><REACH who="1" step="1"/><E25/><REACH who="1" ten="240,240,250,240" step="2"/><V103/><F103/><W18/><G18/><T111/><D111/><U43/><E43/><V75/><F42/><W34/><G34/><T76/><D76/><U66/><E66/><AGARI ba="0,3" hai="8,15,19,24,26,56,60,66,72,77,82,87,88,94" machi="66" ten="30,3900,0" yaku="1,1,7,1,54,1,53,0" doraHai="118" doraHaiUra="2" who="3" fromWho="1" sc="240,0,240,-39,250,0,240,69" /><INIT seed="1,0,0,3,0,51" ten="240,201,250,309" oya="1" hai0="77,114,26,91,55,108,104,93,88,111,85,102,2" hai1="118,6,19,90,65,46,23,131,112,79,56,75,103" hai2="48,29,59,127,105,82,40,45,63,1,21,4,49" hai3="35,0,42,41,12,126,98,54,81,69,70,13,36"/><U76/><E118/><V50/><F105/><W71/><G0/><T62/><D2/><U125/><E112/><V39/><F127/><W16/><G35/><T31/><D114/><U92/><E125/><V7/><F1/><W9/><G126/><T74/><D91/><U43/><E131/><V97/><F97/><W86/><G36/><T128/><D128/><U80/><E6/><V5/><F82/><W106/><G13/><T64/><D77/><U96/><E79/><V24/><REACH who="2" step="1"/><F39/><REACH who="2" ten="240,201,240,309" step="2"/><W61/><G98/><T57/><D104/><U87/><E65/><AGARI ba="0,1" hai="4,5,7,21,24,29,40,45,48,49,50,59,63,65" machi="65" ten="40,8000,1" yaku="1,1,2,1,8,1,53,1" doraHai="51" doraHaiUra="38" who="2" fromWho="1" sc="240,0,201,-80,240,90,309,0" /><INIT seed="2,0,0,2,0,54" ten="240,121,330,309" oya="2" hai0="78,98,100,122,61,71,70,12,48,129,106,30,19" hai1="90,37,8,76,105,55,42,41,107,116,2,45,33" hai2="82,83,21,43,130,20,114,95,66,34,56,9,18" hai3="50,16,77,91,26,124,103,108,67,22,51,119,111"/><V44/><F34/><W24/><G119/><T63/><D122/><U121/><E116/><V57/><F130/><W120/><G120/><T3/><D3/><U131/><E131/><V102/><F114/><W13/><G124/><T127/><D30/><U94/><E121/><V65/><F43/><W101/><G77/><T60/><D129/><U15/><E33/><V73/><F44/><W75/><G75/><T17/><D127/><U28/><E28/><V39/><F39/><W125/><G125/><T72/><D19/><U133/><E133/><V84/><F73/><W38/><G38/><T29/><D29/><U99/><E2/><V109/><F109/><N who="3" m="42059" /><G91/><T4/><D4/><U69/><E69/><V58/><F9/><W40/><G67/><N who="2" m="25609" /><F21/><W10/><G26/><T132/><D132/><U93/><E41/><V64/><F64/><W27/><G27/><T117/><D117/><U1/><E1/><V46/><F46/><N who="3" m="25927" /><G51/><T25/><D48/><U35/><E35/><V110/><F110/><W88/><G88/><T86/><D25/><U68/><E68/><V97/><F84/><W49/><G49/><T6/><D72/><U23/><E37/><V31/><F31/><AGARI ba="0,0" hai="10,13,16,22,24,31,101,103" m="25927,42059" machi="31" ten="30,2000,0" yaku="14,1,54,1" doraHai="54" who="3" fromWho="2" sc="240,0,121,0,330,-20,309,20" /><INIT seed="3,0,0,2,1,62" ten="240,121,310,329" oya="3" hai0="80,10,114,133,77,11,92,18,89,37,132,121,54" hai1="129,107,74,3,79,100,68,101,4,72,5,122,134" hai2="48,64,95,0,113,35,47,39,125,76,41,97,42" hai3="119,30,55,78,34,108,104,86,9,120,12,59,58"/><W65/><G120/><T103/><D121/><U131/><E5/><V61/><F125/><W90/><G104/><T8/><D37/><U46/><E46/><V94/><F113/><W88/><G119/><T128/><D103/><U56/><E56/><V84/><F35/><W91/><G108/><T116/><D116/><U38/><E4/><V6/><F6/><N who="3" m="3127" /><G34/><T82/><D114/><U71/><E79/><V22/><F0/><W67/><G30/><T112/><D128/><U63/><E63/><V98/><F22/><W102/><G102/><N who="1" m="39530" /><E107/><V118/><F118/><W24/><G24/><T126/><D112/><U52/><E122/><V123/><F123/><W19/><G19/><T87/><D126/><U57/><E38/><V96/><F42/><W45/><G45/><T29/><D29/><U99/><E99/><V13/><F13/><W1/><G1/><T20/><D54/><U83/><E83/><N who="2" m="47207" /><F39/><W53/><G53/><T135/><REACH who="0" step="1"/><D77/><REACH who="0" ten="230,121,310,329" step="2"/><U50/><E129/><V16/><F41/><W43/><G43/><T21/><D21/><U17/><E131/><V14/><F47/><W49/><G58/><T15/><AGARI ba="0,1" hai="8,10,11,15,18,20,80,82,87,89,92,132,133,135" machi="15" ten="40,5200,0" yaku="1,1,0,1,20,1,53,0" doraHai="62" doraHaiUra="117" who="0" fromWho="0" sc="230,62,121,-13,310,-13,329,-26" /><INIT seed="4,0,0,4,2,99" ten="292,108,297,303" oya="0" hai0="12,73,111,62,9,64,74,13,131,102,51,54,28" hai1="35,45,61,34,30,110,82,101,1,92,122,103,48" hai2="106,21,112,53,127,124,33,69,31,129,118,46,70" hai3="3,50,108,15,40,83,126,135,29,16,130,44,63"/><T37/><D37/><U41/><E110/><V36/><F112/><W75/><G108/><T93/><D111/><U71/><E122/><V7/><F106/><W14/><G3/><T55/><D28/><U77/><E1/><V89/><F129/><W94/><G130/><T132/><D132/><U91/><E71/><V81/><F118/><W25/><G135/><T72/><D131/><U78/><E35/><V116/><F33/><W67/><G126/><N who="2" m="48169" /><F116/><W133/><G133/><T8/><D51/><U105/><E105/><V68/><F7/><W39/><G75/><T59/><D12/><U26/><E61/><V125/><F125/><W134/><G134/><T24/><D24/><U49/><E49/><N who="2" m="28855" /><F36/><W27/><G39/><T57/><D57/><U100/><REACH who="1" step="1"/><E82/><REACH who="1" ten="292,98,297,303" step="2"/><V6/><F81/><W86/><G83/><T87/><D74/><U0/><E0/><V56/><F70/><W97/><G50/><T38/><D38/><U19/><E19/><V32/><F32/><W23/><G63/><T109/><D109/><U52/><E52/><V85/><F68/><W88/><G67/><T60/><D73/><U43/><E43/><V10/><F69/><W65/><G65/><T18/><D72/><U117/><E117/><V96/><F6/><W80/><G40/><T114/><D62/><U107/><E107/><V113/><F31/><W119/><G119/><T123/><D123/><U115/><E115/><V5/><F5/><W79/><G29/><T11/><D114/><U58/><E58/><V84/><F56/><W4/><G44/><T98/><D87/><AGARI ba="0,1" hai="26,30,34,41,45,48,77,78,87,91,92,100,101,103" machi="87" ten="40,8000,1" yaku="1,1,52,3,53,0" doraHai="99" doraHaiUra="17" who="1" fromWho="0" sc="292,-80,98,90,297,0,303,0" /><INIT seed="5,0,0,1,1,90" ten="212,188,297,303" oya="1" hai0="3,92,64,124,130,76,93,40,82,109,28,81,132" hai1="55,12,33,0,70,97,4,133,95,91,57,114,36" hai2="131,112,104,9,101,116,26,79,123,16,102,96,50" hai3="60,80,128,34,68,7,120,21,100,108,32,27,15"/><U49/><E114/><V22/><F123/><W85/><G120/><T83/><D3/><U31/><E133/><V41/><F116/><W13/><G108/><T105/><D40/><U62/><E36/><V8/><F131/><W19/><G128/><T89/><D28/><U72/><E72/><V113/><F79/><W126/><G126/><T75/><D64/><U56/><E0/><V42/><F102/><W71/><G100/><T6/><D6/><U87/><E70/><V78/><F78/><W17/><G7/><T1/><D132/><U73/><E73/><V67/><F67/><W111/><G111/><T53/><D1/><U45/><E33/><V118/><F118/><W99/><G99/><T20/><D53/><U25/><E97/><V23/><F23/><W86/><G60/><T38/><D20/><N who="1" m="15783" /><E62/><V135/><F135/><W84/><G80/><N who="0" m="30827" /><D38/><U129/><E129/><V65/><F65/><W110/><G110/><T37/><D37/><U48/><E48/><V5/><F50/><W121/><G121/><T35/><D35/><U98/><E98/><V117/><F117/><W134/><G134/><T127/><D109/><U58/><E4/><V29/><F5/><W39/><G39/><T125/><D130/><U10/><E12/><N who="3" m="4682" /><G34/><T88/><D105/><U115/><E115/><N who="2" m="44107" /><F29/><N who="3" m="17647" /><G32/><T59/><D59/><N who="1" m="15107" /><U43/><DORA hai="61" /><E10/><AGARI ba="0,0" hai="8,9,10,16,22,26,41,42,96,101,104" m="44107" machi="10" ten="30,3900,0" yaku="15,1,11,1,54,1" doraHai="90,61" who="2" fromWho="1" sc="212,0,188,-39,297,39,303,0" /><INIT seed="6,0,0,4,0,10" ten="212,149,336,303" oya="2" hai0="24,52,8,12,64,62,26,46,0,98,14,33,126" hai1="69,54,40,27,100,73,95,18,28,107,110,91,118" hai2="58,124,41,71,30,88,82,50,117,78,36,99,92" hai3="4,86,67,53,22,93,21,1,37,77,57,35,49"/><V90/><F117/><W115/><G37/><T104/><D126/><U85/><E110/><V29/><F124/><W7/><G35/><T87/><D87/><U25/><E118/><V65/><F71/><W114/><G67/><T79/><D79/><U3/><E69/><V31/><F36/><W94/><G77/><T17/><D0/><U80/><E3/><V9/><F41/><W121/><G121/><T103/><D33/><U44/><E54/><N who="2" m="32087" /><F65/><W76/><G76/><T75/><D75/><U108/><E108/><V48/><F48/><W23/><G86/><T34/><D34/><U5/><E5/><N who="3" m="2122" /><G1/><T112/><D112/><AGARI ba="0,0" hai="21,22,23,49,53,57,93,94,112,114,115" m="2122" machi="112" ten="30,2000,0" yaku="15,1,11,1" doraHai="10" who="3" fromWho="0" sc="212,-20,149,0,336,0,303,20" /><INIT seed="7,0,0,1,4,102" ten="192,149,336,323" oya="3" hai0="22,53,55,89,75,79,76,57,110,61,126,124,8" hai1="21,95,26,15,115,12,119,98,27,25,68,66,121" hai2="106,67,56,58,91,6,17,31,54,113,118,82,74" hai3="11,104,1,37,93,94,19,92,69,35,10,81,32"/><W130/><G104/><T107/><D110/><U72/><E115/><V43/><F113/><W73/><G69/><T36/><D107/><U52/><E121/><V112/><F112/><W39/><G130/><T63/><D36/><N who="3" m="13897" /><G19/><T2/><D22/><U86/><E72/><V24/><F106/><W40/><G73/><T48/><D89/><U49/><E119/><V125/><F118/><W16/><G16/><T128/><D128/><U62/><E86/><N who="2" m="50647" /><F125/><N who="0" m="48234" /><D75/><U133/><E133/><V7/><F74/><W80/><G40/><T111/><D111/><U122/><E122/><V96/><F43/><W129/><G1/><T4/><D63/><U41/><E41/><V3/><F31/><W34/><G129/><T38/><D38/><U64/><E64/><V127/><F3/><W33/><G33/><T88/><D88/><U18/><E12/><V5/><F96/><W103/><G103/><T105/><D105/><U71/><E71/><V29/><F29/><W65/><G65/><T132/><D132/><U83/><E83/><AGARI ba="0,0" hai="10,11,32,34,35,80,81,83,92,93,94" m="13897" machi="83" ten="40,3900,0" yaku="28,2" doraHai="102" who="3" fromWho="1" sc="192,0,149,-39,336,0,323,39" owari="192,-21.0,110,-39.0,336,14.0,362,46.0" /></mjloggm>