<mjloggm ver="2.3"><GO type="41" lobby="0"/><UN n0="%74%61%63%68%69%6F%63%68" n1="%6A%6F%6B%62%31%32%33%34" n2="%76%69%73%74%61%32%37%35" n3="%E3%82%A6%E3%83%AB%E3%83%88%E3%83%A9%E7%AB%8B%E7%9B%B4" dan="15,14,14,16" rate="1992.71,1938.70,1974.80,2066.82" sx="F,M,M,M"/><TAIKYOKU oya="0"/><INIT seed="0,0,0,4,1,43" ten="250,250,250,250" oya="0" hai0="125,82,7,107,129,14,54,102,91,22,25,88,4" hai1="126,83,94,40,95,36,10,64,109,101,67,60,117" hai2="2,72,46,24,115,135,108,32,48,51,55,103,116" hai3="111,59,23,15,66,99,28,33,6,63,42,49,70"/><T29/><D125/><U97/><E126/><V11/><F11/><W37/><G111/><T78/><D129/><U77/><E117/><V52/><F52/><W53/><G33/><T8/><D102/><U119/><E109/><V68/><F68/><W26/><G99/><T114/><D107/><U98/><E10/><V18/><F18/><W5/><REACH who="3" step="1"/><G15/><REACH who="3" ten="250,250,250,240" step="2"/><T121/><D121/><U90/><E119/><V16/><F16/><W128/><G128/><T113/><D113/><U85/><REACH who="1" step="1"/><E60/><REACH who="1" ten="250,240,250,240" step="2"/><V71/><F71/><W17/><G17/><N who="0" m="8391" /><D114/><U132/><E132/><V127/><F127/><W81/><G81/><T89/><D7/><U134/><E134/><V80/><F80/><W118/><G118/><T93/><D4/><U56/><E56/><V58/><F58/><W123/><G123/><T106/><D82/><U0/><E0/><V86/><F86/><W62/><G62/><T39/><D93/><U41/><E41/><V50/><F50/><W87/><G87/><T133/><D106/><U76/><E76/><V44/><F44/><AGARI ba="0,2" hai="5,6,23,26,28,37,42,44,49,53,59,63,66,70" machi="44" ten="40,8000,1" yaku="1,1,24,2,52,1,53,1" doraHai="43" doraHaiUra="27" who="3" fromWho="2" sc="250,0,240,0,250,-80,240,100" /><AGARI ba="0,0" hai="36,40,44,64,67,77,83,85,90,94,95,97,98,101" machi="44" ten="40,2600,0" yaku="1,1,52,1,53,0" doraHai="43" doraHaiUra="27" who="1" fromWho="2" sc="250,0,240,26,170,-26,340,0" /><INIT seed="1,0,0,5,4,107" ten="250,266,144,340" oya="1" hai0="123,1,29,40,99,96,34,12,73,71,38,110,37" hai1="79,133,121,20,52,105,119,83,49,62,93,84,45" hai2="122,76,80,125,6,67,92,59,130,31,33,27,42" hai3="82,111,56,118,69,50,9,22,115,132,87,3,26"/><U2/><E121/><V114/><F114/><W46/><G69/><T77/><D1/><U116/><E105/><V51/><F51/><W120/><G120/><T63/><D123/><U64/><E2/><V4/><F4/><W8/><G115/><T39/><D110/><U100/><E133/><V58/><F122/><W14/><G111/><T68/><D40/><U54/><E54/><V70/><F130/><W104/><G104/><T127/><D127/><U66/><E66/><V86/><F125/><W25/><G132/><T72/><D77/><U113/><E113/><V91/><F42/><W117/><G3/><T28/><D12/><U13/><E13/><V44/><F44/><W19/><G56/><T102/><D29/><U30/><E30/><V128/><F128/><W75/><G75/><N who="0" m="28747" /><D99/><U85/><E20/><V78/><F76/><W61/><G25/><N who="0" m="18703" /><D63/><U0/><E0/><V101/><F6/><W65/><G8/><T57/><D57/><U55/><E55/><V23/><F23/><W32/><G61/><T16/><D16/><U124/><E124/><V94/><F92/><W53/><G32/><T112/><D112/><U5/><E5/><V43/><F43/><W90/><REACH who="3" step="1"/><G65/><REACH who="3" ten="250,266,144,330" step="2"/><T41/><D41/><N who="1" m="24751" /><E64/><V109/><F109/><W15/><G15/><T134/><D134/><U89/><E100/><V88/><F101/><W129/><G129/><T106/><AGARI ba="0,1" hai="37,38,39,68,71,96,102,106" m="18703,28747" machi="106" ten="40,8000,1" yaku="33,2,52,3" doraHai="107" who="0" fromWho="0" sc="250,90,266,-40,144,-20,330,-20" /><INIT seed="2,0,0,2,5,117" ten="340,226,124,310" oya="2" hai0="73,69,4,99,125,135,21,100,82,60,134,115,107" hai1="113,104,108,31,120,130,131,124,86,20,93,24,53" hai2="43,7,85,35,112,23,121,44,90,122,72,77,68" hai3="54,65,3,18,123,67,83,89,78,13,2,116,0"/><V41/><F112/><W17/><G116/><T64/><D115/><U55/><E108/><V129/><F35/><W59/><G89/><T126/><D21/><U14/><E104/><V106/><F106/><W58/><G83/><T22/><D22/><U16/><E113/><V98/><F68/><W32/><G78/><N who="0" m="44367" /><D4/><U47/><E124/><AGARI ba="0,0" hai="60,64,69,99,100,107,124,125,126,134,135" m="44367" machi="124" ten="30,2000,0" yaku="18,1,23,1" doraHai="117" who="0" fromWho="1" sc="340,20,226,-20,124,0,310,0" /><INIT seed="3,0,0,3,0,58" ten="360,206,124,310" oya="3" hai0="69,1,44,133,81,36,127,103,70,84,29,38,124" hai1="94,106,76,47,40,134,62,88,17,77,114,111,28" hai2="120,83,135,118,45,119,75,64,55,18,130,89,117" hai3="23,2,101,41,51,95,107,9,53,65,5,87,126"/><W48/><G126/><N who="0" m="48171" /><D103/><U110/><E134/><V35/><F35/><W129/><G129/><T56/><D1/><U73/><E106/><V52/><F75/><W63/><G107/><T105/><D105/><U37/><E114/><V109/><F89/><W93/><G101/><T4/><D4/><U100/><E100/><V21/><F83/><W67/><G67/><T113/><D113/><U92/><E73/><V54/><F130/><W131/><G131/><T7/><D7/><U72/><E72/><V50/><F135/><W123/><G123/><T86/><D29/><U15/><E94/><V11/><F120/><W33/><G33/><T102/><D102/><U68/><E28/><V71/><F11/><W74/><G74/><T6/><D6/><U80/><E80/><V8/><F8/><W14/><G87/><N who="0" m="33323" /><D81/><U61/><E68/><N who="0" m="26217" /><D133/><U42/><E42/><V57/><F71/><W115/><G115/><T122/><D122/><U78/><E110/><V128/><F128/><W34/><G34/><T112/><D112/><U32/><E111/><V22/><F109/><W39/><G95/><T3/><D3/><U125/><E32/><V98/><F118/><W90/><G2/><T19/><D44/><U132/><E125/><V43/><F119/><W97/><G23/><T26/><D56/><U104/><E104/><V13/><F22/><AGARI ba="0,0" hai="19,22,26,36,38" m="26217,33323,48171" machi="22" ten="40,1300,0" yaku="18,1" doraHai="58" who="0" fromWho="2" sc="360,13,206,0,124,-13,310,0" /><INIT seed="4,0,0,2,1,120" ten="373,206,111,310" oya="0" hai0="116,36,119,27,34,97,71,86,5,6,123,17,117" hai1="128,80,106,102,54,31,113,41,76,109,10,42,40" hai2="112,135,85,29,8,104,87,129,49,61,83,55,26" hai3="67,3,75,68,53,44,90,110,56,46,79,59,66"/><T82/><D71/><U43/><N who="1" m="10240" /><DORA hai="70" /><U65/><E128/><V50/><F129/><W92/><G79/><T47/><D123/><U118/><E118/><V2/><F112/><W32/><G90/><T7/><D97/><U72/><E113/><V0/><F104/><W99/><G92/><T14/><D34/><U12/><E65/><V15/><F135/><W125/><G3/><T9/><D27/><U33/><E54/><V58/><F2/><W126/><G99/><T19/><D19/><U134/><E134/><V105/><F105/><W93/><G93/><T115/><D115/><U100/><E106/><V21/><F0/><W39/><G75/><T23/><D9/><U1/><E1/><V4/><REACH who="2" step="1"/><F85/><REACH who="2" ten="373,206,101,310" step="2"/><W24/><G126/><T124/><D124/><U122/><E122/><V51/><F51/><W77/><G125/><T89/><D119/><U45/><E72/><V18/><F18/><W130/><G130/><T91/><D117/><U28/><E28/><V96/><F96/><W81/><G68/><T94/><D116/><U63/><E31/><V60/><F60/><W25/><G32/><T57/><D17/><U114/><E33/><V35/><F35/><W62/><G62/><T11/><D86/><U133/><E63/><V107/><F107/><W48/><G48/><T88/><D94/><U121/><E133/><V95/><F95/><W127/><G127/><T30/><D30/><U78/><E121/><V37/><F37/><W16/><G39/><T38/><D36/><U20/><E114/><V13/><F13/><W69/><G16/><T73/><D38/><RYUUKYOKU ba="0,1" sc="373,-10,206,-10,101,30,310,-10" hai2="4,8,15,21,26,29,49,50,55,58,61,83,87" /><INIT seed="5,1,1,0,0,5" ten="363,196,131,300" oya="1" hai0="9,108,78,35,29,47,62,88,100,114,87,27,55" hai1="61,130,15,132,76,31,81,122,107,119,54,135,75" hai2="28,25,45,123,128,14,46,74,12,95,57,112,115" hai3="26,53,117,86,43,96,49,113,101,71,89,118,126"/><U4/><E122/><V63/><F74/><W116/><G71/><T0/><D108/><U59/><E119/><V33/><F123/><W72/><G72/><T36/><D78/><U21/><E107/><V34/><F33/><W79/><G79/><T111/><D111/><U56/><E130/><V18/><F128/><W48/><G126/><T66/><D100/><U91/><E91/><V1/><F1/><W83/><G113/><N who="2" m="43593" /><F95/><W50/><G26/><T44/><D114/><U67/><E31/><V105/><F105/><W133/><G43/><T121/><D55/><U13/><E21/><N who="2" m="11479" /><F12/><W68/><G68/><T94/><D36/><U41/><E15/><V106/><F106/><N who="3" m="63783" /><G133/><T104/><D104/><U120/><E120/><V84/><F84/><W73/><G73/><T109/><D109/><U30/><E30/><V85/><F85/><W70/><G70/><T64/><D121/><U110/><E110/><V58/><F57/><AGARI ba="1,1" hai="48,49,50,53,57,83,86,89,116,117,118" m="63783" machi="57" ten="30,1000,0" yaku="12,1" doraHai="5" who="3" fromWho="2" sc="363,0,196,0,131,-13,300,23" /><INIT seed="6,0,0,3,5,40" ten="363,196,118,323" oya="2" hai0="25,43,129,9,60,106,31,38,109,59,118,63,130" hai1="95,57,50,18,34,54,8,26,128,55,135,75,15" hai2="3,13,39,17,123,42,68,84,52,114,76,29,16" hai3="35,36,53,99,64,119,73,133,1,112,71,58,23"/><V98/><F123/><W116/><G23/><N who="0" m="15807" /><D106/><U122/><E75/><V27/><F68/><W79/><G99/><T20/><D118/><U134/><E54/><V44/><F114/><W132/><G79/><T72/><D72/><U11/><E95/><V94/><F3/><W74/><G53/><N who="0" m="33903" /><D109/><U88/><E128/><N who="0" m="49257" /><D9/><U90/><E122/><V41/><F42/><W66/><G58/><T48/><D38/><U131/><E131/><V51/><F13/><W47/><G36/><T126/><D126/><U113/><E8/><V105/><F105/><W83/><G71/><T77/><D77/><U115/><E34/><V24/><F76/><W85/><G35/><T65/><D20/><U89/><REACH who="1" step="1"/><E26/><REACH who="1" ten="363,186,118,323" step="2"/><V46/><F27/><W61/><G74/><T4/><D65/><U117/><E117/><V125/><F125/><W67/><G73/><T124/><D124/><U2/><E2/><V49/><F84/><W86/><G1/><T111/><D111/><U92/><E92/><V56/><F94/><W97/><G66/><T33/><D33/><U87/><E87/><N who="3" m="33290" /><G67/><T100/><D100/><U101/><E101/><V45/><F98/><W6/><G97/><T104/><D104/><U103/><E103/><V10/><F10/><W108/><G64/><T102/><D102/><U70/><E70/><V82/><F82/><W32/><G83/><T7/><D7/><U5/><E5/><V62/><F62/><W96/><G61/><T19/><D63/><U28/><E28/><V22/><F45/><W69/><G47/><N who="0" m="25727" /><D4/><U91/><N who="1" m="22528" /><DORA hai="81" /><U107/><E107/><V14/><F14/><RYUUKYOKU ba="0,1" sc="363,10,186,10,118,10,323,-30" hai0="19" hai1="11,15,18,50,55,57,113,115,134,135" hai2="16,17,22,24,29,39,41,44,46,49,51,52,56" /><INIT seed="6,1,1,3,4,78" ten="373,196,128,293" oya="2" hai0="33,92,8,20,21,96,27,46,12,40,130,16,17" hai1="36,41,91,57,18,122,98,127,117,26,118,123,52" hai2="95,29,10,58,50,133,39,82,103,51,128,106,2" hai3="11,1,47,54,81,115,32,23,14,70,22,86,101"/><V74/><F39/><W126/><G70/><T61/><D130/><U76/><E98/><V63/><F106/><W120/><G32/><T88/><D33/><U72/><E91/><V34/><F128/><W59/><G120/><N who="1" m="46122" /><E26/><V53/><F133/><W134/><G134/><T125/><D125/><U85/><E18/><V65/><F34/><W7/><G126/><T15/><D61/><N who="1" m="36007" /><E72/><V49/><F29/><W42/><G115/><T135/><D135/><U110/><E127/><V31/><F31/><W132/><G132/><T84/><D96/><U28/><E28/><V60/><F2/><W43/><G101/><T45/><D40/><U100/><E100/><V108/><F10/><W105/><G43/><T38/><D38/><U66/><E85/><V111/><F103/><W119/><G1/><T44/><D44/><N who="1" m="23591" /><E76/><V4/><F4/><AGARI ba="1,1" hai="4,8,12,15,16,17,20,21,27,45,46,84,88,92" machi="4" ten="30,7700,0" yaku="7,1,8,1,54,2" doraHai="78" who="0" fromWho="2" sc="373,90,196,0,128,-80,293,0" /><INIT seed="7,0,0,5,1,52" ten="463,196,48,293" oya="3" hai0="118,107,83,117,86,98,54,120,93,50,6,53,94" hai1="49,92,64,70,14,35,26,16,119,126,17,60,125" hai2="81,72,91,127,102,23,96,104,24,56,0,124,123" hai3="36,19,85,63,62,90,76,55,122,46,77,101,68"/><W10/><G122/><T39/><D39/><U129/><E129/><V116/><F116/><W25/><G101/><T128/><D120/><U13/><E49/><V88/><F123/><W71/><G71/><T103/><D128/><U74/><E74/><V99/><F0/><W47/><G36/><T84/><D54/><U8/><E92/><V15/><F15/><W78/><G68/><T59/><D86/><U115/><E60/><V51/><F96/><W32/><G32/><T41/><D118/><U40/><E64/><V134/><F134/><W111/><G111/><T18/><D41/><U9/><E70/><V37/><F37/><W33/><G33/><T121/><D121/><U31/><E40/><V110/><F110/><W48/><G47/><T114/><D114/><U57/><E57/><V5/><F5/><W2/><G2/><T112/><D112/><U34/><E119/><V108/><F108/><W3/><G3/><T106/><D6/><U132/><E115/><V66/><F72/><W79/><N who="3" m="19968" /><DORA hai="131" /><W12/><REACH who="3" step="1"/><G25/><REACH who="3" ten="463,196,48,283" step="2"/><T20/><D103/><U1/><E35/><V73/><F81/><W87/><G87/><T100/><D83/><U61/><E1/><V58/><F73/><W38/><G38/><T105/><D84/><U7/><E34/><V21/><F24/><W133/><G133/><T29/><D117/><U42/><E132/><V43/><F51/><W69/><G69/><T109/><D109/><U80/><E80/><V28/><F43/><W11/><G11/><N who="1" m="4170" /><E26/><V45/><F45/><W4/><G4/><T135/><D135/><U27/><E27/><RYUUKYOKU ba="0,1" sc="463,-10,196,-10,48,-10,283,30" hai3="10,12,19,46,48,55,62,63,85,90" /><INIT seed="7,1,1,4,3,0" ten="453,186,38,313" oya="3" hai0="109,126,77,76,15,101,63,4,33,47,53,28,84" hai1="103,94,27,83,92,32,121,122,1,72,125,50,129" hai2="89,38,127,95,43,131,90,119,124,85,123,39,57" hai3="8,41,98,46,87,16,55,70,108,74,69,75,20"/><W62/><G108/><T91/><D109/><U23/><E129/><V82/><F131/><W25/><G70/><T59/><D126/><U9/><E125/><N who="2" m="48203" /><F57/><W60/><G60/><T68/><D68/><U51/><E72/><V37/><F43/><W128/><G128/><T113/><D113/><U88/><E32/><V73/><F73/><W14/><G98/><T115/><D115/><U79/><E1/><V26/><F26/><W54/><G54/><T106/><D28/><U11/><E122/><V12/><F12/><W81/><G55/><T99/><D33/><U80/><E121/><V114/><F114/><W61/><G61/><T64/><D47/><U10/><E27/><V117/><F95/><W97/><G97/><T105/><D105/><U29/><E94/><V42/><F42/><W2/><G2/><T6/><D64/><U66/><E66/><V17/><F17/><W133/><G133/><T56/><D15/><U40/><E40/><V44/><F44/><W7/><G62/><T31/><D31/><U100/><E92/><V107/><F107/><W130/><G69/><T104/><D104/><U135/><E135/><V86/><F82/><W110/><G110/><T67/><D77/><U18/><E83/><V45/><F45/><W102/><G102/><T34/><D76/><U93/><E103/><V36/><N who="2" m="9216" /><DORA hai="111" /><V116/><F123/><W120/><G120/><T52/><D67/><U49/><E100/><V71/><F71/><W118/><G118/><N who="2" m="30209" /><V134/><DORA hai="78" /><F134/><W13/><G130/><T132/><D132/><U30/><E93/><V24/><F24/><RYUUKYOKU ba="1,1" sc="453,-10,186,-10,38,30,313,-10" hai2="85,86,89,90" owari="453,55.0,176,-22.0,68,-43.0,303,10.0" /></mjloggm>