<mjloggm ver="2.3"><GO type="41"/><UN n0="%E3%82%A6%E3%83%AB%E3%83%88%E3%83%A9%E7%AB%8B%E7%9B%B4" n1="%E3%81%8D%E3%82%83%E3%81%99%E3%81%B1%E3%81%81" n2="%E6%97%A5%E6%9B%9C%EF%BC%91%EF%BC%98%E6%99%82%E5%8D%8A" n3="%E3%83%9B%E3%82%A8%E3%83%9B%E3%82%A8%EF%BD%9A%EF%BD%9A" dan="15,15,14,15" rate="1959,1951,1889,1942" sx="M,F,M,M"/><TAIKYOKU oya="0"/><INIT seed="0,0,0,5,1,31" ten="250,250,250,250" oya="0" hai0="90,61,75,128,99,23,29,107,38,80,25,135,83" hai1="70,5,35,22,20,129,126,86,98,52,56,66,18" hai2="62,124,36,110,117,27,87,79,84,92,13,9,12" hai3="122,114,121,59,0,89,8,6,54,1,123,101,28"/><T14/><D38/><U7/><E70/><V103/><F36/><W81/><G101/><T11/><D128/><U109/><E129/><V72/><F117/><W10/><G114/><T47/><D135/><U57/><E98/><V24/><F62/><W116/><G116/><T64/><D75/><U106/><E106/><V77/><F9/><W85/><G28/><T111/><D47/><U74/><E20/><V37/><F37/><W65/><G65/><T88/><D111/><U60/><E74/><V19/><F110/><W118/><G118/><T69/><D90/><U45/><E35/><V105/><F105/><W46/><G46/><T115/><D115/><U95/><E45/><V30/><F30/><W48/><REACH who="3" step="1"/><G10/><REACH who="3" ten="250,250,250,240" step="2"/><T113/><D113/><U17/><E109/><V53/><F72/><W73/><G73/><T44/><D44/><U133/><E66/><V51/><F103/><W71/><G71/><T82/><D107/><U100/><E100/><V104/><F104/><W41/><G41/><T3/><D3/><AGARI ba="0,1" hai="0,1,3,6,8,48,54,59,81,85,89,121,122,123" machi="3" ten="40,2600,0" yaku="1,1,13,1,53,0" doraHai="31" doraHaiUra="131" who="3" fromWho="0" sc="250,-26,250,0,250,0,240,36" /><INIT seed="1,0,0,4,4,87" ten="224,250,250,276" oya="1" hai0="119,82,112,75,32,58,86,89,95,8,65,96,108" hai1="78,70,10,29,135,47,51,93,97,27,50,69,26" hai2="22,15,123,18,54,129,13,100,2,42,36,116,60" hai3="33,11,12,91,84,52,34,46,64,90,126,72,17"/><U81/><E135/><V68/><F2/><W43/><G72/><T83/><D32/><U57/><E10/><V67/><F123/><W109/><G43/><T49/><D119/><U94/><E94/><V24/><F116/><W1/><G1/><T99/><D112/><U14/><E14/><V59/><F100/><W21/><G109/><T53/><D108/><U23/><E57/><V66/><F66/><W134/><G134/><T74/><D74/><U55/><E50/><V92/><F92/><W3/><G64/><T28/><D28/><U102/><E27/><V103/><F103/><W101/><G101/><T5/><D65/><U132/><E132/><V88/><F129/><W111/><G111/><T121/><D121/><U63/><E63/><V125/><F125/><W128/><G128/><T77/><REACH who="0" step="1"/><D83/><REACH who="0" ten="214,250,250,276" step="2"/><U110/><E110/><V39/><F67/><W131/><G34/><T98/><D98/><U9/><E9/><V31/><F31/><W0/><G33/><T30/><D30/><U71/><E71/><V44/><F68/><W25/><G131/><T127/><D127/><U73/><AGARI ba="0,1" hai="23,26,29,47,51,55,69,70,73,78,81,93,97,102" machi="73" ten="20,2100,0" yaku="0,1,7,1" doraHai="87" who="1" fromWho="1" sc="214,-7,250,31,250,-7,276,-7" /><INIT seed="1,1,0,4,4,70" ten="207,281,243,269" oya="1" hai0="112,29,16,44,118,19,84,135,71,47,38,54,2" hai1="45,0,72,51,125,60,25,21,100,121,103,10,65" hai2="122,123,129,81,69,89,50,120,91,80,17,74,42" hai3="77,98,94,3,128,95,109,30,8,14,41,15,105"/><U79/><E121/><V18/><F69/><W62/><G109/><T26/><D2/><U92/><E125/><V106/><F106/><W130/><G30/><T133/><D71/><U36/><E92/><N who="3" m="35370" /><G77/><T13/><D84/><U32/><E32/><V75/><F129/><N who="3" m="49771" /><G41/><N who="0" m="22583" /><D118/><U119/><E119/><V90/><F50/><W9/><G62/><T61/><D112/><U114/><E114/><V66/><F66/><W22/><G22/><T11/><D61/><U48/><E48/><V76/><REACH who="2" step="1"/><F42/><REACH who="2" ten="207,281,233,269" step="2"/><W68/><G68/><T82/><D54/><U35/><E65/><V86/><F86/><W83/><G83/><T102/><D82/><U59/><E72/><V115/><F115/><W58/><G58/><T93/><D102/><U56/><E100/><V7/><F7/><W49/><G49/><T134/><D93/><U78/><E103/><V4/><F4/><W132/><G105/><T52/><D52/><U127/><E59/><V97/><F97/><W67/><G67/><T37/><D11/><U24/><E10/><N who="3" m="4202" /><G98/><T34/><D13/><N who="3" m="4617" /><G3/><T126/><D126/><U23/><E0/><V27/><F27/><W31/><G31/><T101/><D101/><U46/><E24/><V63/><F63/><W53/><G53/><T110/><D110/><U1/><E25/><V104/><F104/><W116/><G116/><T113/><D113/><U6/><E60/><V99/><F99/><W87/><G87/><T33/><D33/><U39/><E35/><V28/><F28/><W85/><G85/><T96/><D96/><U73/><E1/><V131/><F131/><W20/><G20/><RYUUKYOKU ba="1,1" sc="207,10,281,-30,233,10,269,10" hai0="16,19,26,29,34,37,47,133,134,135" hai2="17,18,74,75,76,80,81,89,90,91,120,122,123" hai3="132" /><INIT seed="2,2,1,3,0,62" ten="217,251,243,279" oya="2" hai0="108,22,11,99,29,50,127,15,120,131,38,56,12" hai1="126,135,130,132,72,102,115,90,119,96,28,129,73" hai2="31,37,54,17,80,49,24,63,98,41,71,53,57" hai3="92,45,18,117,93,60,84,0,109,44,7,61,95"/><V35/><F98/><W19/><G84/><T25/><D38/><U1/><E1/><V33/><F80/><W133/><G0/><T91/><D120/><U106/><E28/><V94/><F94/><W79/><G117/><T2/><D2/><U26/><E26/><V16/><F35/><W87/><G87/><T67/><D127/><U114/><E119/><V101/><F101/><W59/><G109/><T103/><D108/><U21/><E21/><V125/><F125/><W65/><G133/><N who="1" m="51274" /><E90/><V134/><F134/><W122/><G122/><T39/><D39/><U74/><E126/><V27/><F27/><W20/><G7/><T111/><D111/><U14/><E14/><V64/><F54/><W8/><G79/><T52/><D91/><U5/><E5/><V3/><F3/><W9/><G61/><T104/><D131/><AGARI ba="2,1" hai="72,73,74,96,102,106,114,115,129,130,131" m="51274" machi="131" ten="40,8000,1" yaku="19,1,20,1,23,1,34,2" doraHai="62" who="1" fromWho="0" sc="217,-86,251,96,243,0,279,0" /><INIT seed="3,0,0,5,4,108" ten="131,347,243,279" oya="3" hai0="131,132,121,58,16,28,52,4,19,78,32,41,123" hai1="62,85,117,126,69,111,79,107,135,118,72,15,55" hai2="133,110,36,74,3,27,87,51,112,14,6,24,105" hai3="86,80,90,66,42,114,116,125,29,61,5,37,18"/><W65/><G116/><T94/><D4/><U102/><E72/><V122/><F51/><W96/><G125/><T77/><D32/><U12/><E126/><V46/><F87/><W130/><G130/><T97/><D28/><U20/><E111/><V89/><F89/><W54/><G114/><T129/><D41/><U25/><E102/><V119/><F14/><W1/><G29/><T49/><D132/><U95/><E107/><V39/><F24/><W60/><G1/><T127/><D127/><U30/><E135/><V109/><F39/><W101/><G5/><T23/><D123/><U17/><E12/><V56/><F56/><W13/><G42/><T99/><D121/><U34/><E69/><V64/><F64/><W21/><G37/><T115/><D115/><U98/><E85/><V43/><F27/><W73/><G73/><T8/><D8/><U120/><E79/><N who="0" m="30217" /><D23/><U70/><E70/><V92/><F6/><W9/><G21/><T33/><D33/><U50/><E62/><N who="3" m="24170" /><G54/><T11/><D11/><U35/><E35/><V44/><F43/><W53/><G53/><T22/><D22/><U84/><E120/><V45/><F122/><W81/><G80/><T124/><D124/><U38/><E38/><V100/><F110/><W0/><G0/><T31/><D31/><U134/><E134/><V71/><F133/><W68/><G68/><T67/><D67/><N who="3" m="25609" /><G96/><N who="0" m="36939" /><D94/><U7/><E7/><V103/><F92/><W83/><G101/><T57/><D57/><N who="1" m="33015" /><E98/><V88/><F112/><W128/><G81/><T47/><D58/><U76/><E118/><V93/><F119/><RYUUKYOKU ba="0,0" sc="131,15,347,-15,243,-15,279,15" hai0="16,19,47,49,52,129,131" hai3="9,13,18,83,86,90,128" /><INIT seed="3,1,0,5,2,28" ten="146,332,228,294" oya="3" hai0="97,113,89,64,63,2,71,77,98,31,69,121,52" hai1="101,102,91,78,16,56,132,129,1,70,46,120,73" hai2="75,14,117,18,88,84,10,85,126,68,83,32,134" hai3="37,34,39,50,125,3,0,27,5,36,11,7,82"/><W17/><G125/><T118/><D2/><U48/><E1/><V45/><F68/><W4/><G50/><T21/><D121/><U135/><E70/><V124/><F117/><W76/><G17/><T44/><D69/><U115/><E115/><V12/><F134/><W105/><G105/><T94/><D118/><U33/><E120/><V104/><F104/><W81/><G81/><T43/><D77/><U74/><E91/><V26/><F75/><W99/><G99/><T60/><D113/><U54/><E129/><V41/><F126/><W114/><G114/><T90/><D63/><U38/><E78/><V23/><F124/><W20/><G20/><T131/><D131/><U87/><E87/><V103/><F84/><W93/><G93/><T86/><D90/><U66/><E74/><V22/><F103/><W40/><G40/><T130/><D130/><U62/><E73/><V9/><F26/><W65/><G65/><T30/><D30/><U119/><E38/><V108/><F108/><W29/><REACH who="3" step="1"/><G11/><REACH who="3" ten="146,332,228,284" step="2"/><T53/><D97/><U55/><E119/><V128/><F128/><W57/><G57/><T96/><D96/><U19/><E66/><V79/><F10/><W25/><G25/><T110/><D98/><U35/><E16/><V116/><F116/><W80/><G80/><T51/><REACH who="0" step="1"/><D110/><REACH who="0" ten="136,332,228,284" step="2"/><U6/><E132/><V67/><F79/><W95/><G95/><T15/><D15/><U24/><E135/><V59/><F12/><W122/><G122/><T8/><D8/><U13/><E13/><V92/><F14/><W47/><G47/><T111/><D111/><RYUUKYOKU ba="1,2" sc="136,15,332,-15,228,-15,284,15" hai0="21,31,43,44,51,52,53,60,64,71,86,89,94" hai3="0,3,4,5,7,27,29,34,36,37,39,76,82" /><INIT seed="3,2,2,1,4,34" ten="151,317,213,299" oya="3" hai0="61,38,105,128,42,54,22,121,55,7,129,17,58" hai1="41,83,25,27,57,94,102,120,4,85,70,64,0" hai2="65,75,80,73,88,77,87,49,9,106,109,31,124" hai3="52,68,123,97,2,118,135,60,92,130,40,134,56"/><W45/><G2/><T110/><D105/><U101/><E70/><V82/><F65/><W133/><G118/><T66/><D7/><U114/><E114/><V18/><F31/><W8/><G8/><T90/><D90/><U126/><E120/><V33/><F33/><W116/><G116/><T21/><D121/><U71/><E71/><V132/><F106/><W100/><G130/><N who="0" m="50283" /><D22/><U3/><E4/><V62/><F109/><W117/><G117/><T96/><D96/><U28/><E28/><V50/><F75/><W98/><G123/><T122/><D122/><U112/><E112/><V19/><F124/><W119/><G119/><T72/><D72/><U37/><E94/><V74/><F74/><W47/><G68/><T79/><D79/><U11/><E11/><V16/><F9/><W23/><G40/><T63/><D110/><U125/><E41/><V111/><F111/><W86/><G86/><T30/><D30/><U107/><E37/><V95/><F95/><N who="3" m="58431" /><G23/><T36/><D42/><U104/><E85/><V35/><F35/><W43/><G43/><T13/><D61/><U26/><E83/><V127/><F127/><N who="1" m="48649" /><E57/><V32/><F32/><W91/><AGARI ba="2,2" hai="45,47,52,56,60,91,92,98,133,134,135" m="58431" machi="91" ten="30,3000,0" yaku="20,1,54,1" doraHai="34" who="3" fromWho="3" sc="151,-12,317,-12,213,-12,299,56" /><INIT seed="3,3,0,5,2,100" ten="139,305,201,355" oya="3" hai0="131,38,18,2,108,133,59,83,51,49,20,73,10" hai1="33,19,55,39,97,78,77,28,79,112,27,74,119" hai2="113,70,118,46,62,110,90,101,126,8,12,50,34" hai3="99,17,124,9,95,88,41,47,6,96,30,125,42"/><W0/><G30/><T123/><D51/><U15/><E39/><V13/><F101/><W106/><G17/><T120/><D49/><U48/><E74/><V80/><F118/><W44/><G99/><T86/><D59/><U102/><E112/><V94/><F113/><W84/><G96/><T16/><D18/><U89/><E89/><V92/><F34/><W54/><G54/><T60/><D60/><U134/><E119/><V87/><F110/><W107/><G47/><T37/><D108/><U91/><E134/><V1/><F1/><W72/><G72/><T103/><D103/><U67/><E67/><V24/><F126/><N who="3" m="48747" /><G41/><T31/><D31/><U29/><E91/><V71/><F24/><W14/><G0/><T104/><D73/><U135/><E28/><V35/><F35/><W132/><G132/><T81/><D133/><U121/><E135/><V53/><F13/><W115/><G115/><T61/><D2/><U3/><E3/><V57/><F71/><W23/><G23/><T64/><D20/><U116/><E116/><V130/><F70/><W93/><G95/><T40/><D40/><U114/><E114/><V128/><F92/><W85/><G84/><T45/><D45/><U111/><E111/><V122/><F94/><W5/><G6/><T65/><D16/><U26/><E19/><V43/><F122/><W127/><N who="3" m="48755" /><W58/><DORA hai="52" /><G58/><T7/><D7/><U21/><E121/><V63/><REACH who="2" step="1"/><F62/><REACH who="2" ten="139,305,191,355" step="2"/><W36/><AGARI ba="3,1" hai="5,9,14,36,42,44,85,88,93,106,107" m="48755" machi="36" ten="40,12000,1" yaku="18,1,52,2,54,1" doraHai="100,52" who="3" fromWho="3" sc="139,-43,305,-43,191,-43,355,139" /><INIT seed="3,4,0,5,5,86" ten="96,262,148,494" oya="3" hai0="78,69,119,21,122,31,90,47,13,49,58,123,76" hai1="6,91,7,53,26,113,126,24,75,32,79,42,118" hai2="18,96,135,10,120,95,93,109,38,97,16,121,73" hai3="43,125,84,83,22,25,66,111,15,12,40,114,129"/><W77/><G114/><T33/><D69/><U128/><E113/><V39/><F10/><W4/><G129/><T127/><D119/><U14/><E32/><V36/><F73/><W87/><G125/><T108/><D127/><U61/><E126/><V37/><N who="2" m="9728" /><DORA hai="11" /><V68/><F68/><W51/><G4/><T65/><D108/><U117/><E75/><V94/><F109/><W112/><G112/><T35/><D35/><U29/><E79/><V88/><F135/><W104/><G104/><T28/><D33/><U99/><E128/><V71/><F71/><W130/><G130/><T80/><D122/><U41/><E29/><V50/><F50/><W103/><G103/><T92/><D123/><N who="2" m="47178" /><F97/><W17/><G111/><T20/><D20/><U1/><E99/><V107/><F107/><W23/><G66/><T102/><D31/><U81/><E1/><V63/><F63/><W52/><G87/><T54/><D28/><U131/><E61/><V3/><F3/><W82/><G83/><T110/><D110/><U100/><E131/><V74/><F74/><W72/><G72/><T62/><D80/><U19/><E81/><V132/><F132/><W9/><G9/><T30/><D30/><U64/><E64/><V106/><F106/><W101/><G101/><T34/><D34/><U89/><E100/><V60/><F60/><W27/><G40/><T44/><D102/><U55/><E19/><AGARI ba="4,0" hai="16,18,19,88,93,94,95,96" m="47178,9728" machi="19" ten="60,8000,1" yaku="13,1,52,1,54,2" doraHai="86,11" who="2" fromWho="1" sc="96,0,262,-92,148,92,494,0" /><INIT seed="4,0,0,4,4,58" ten="96,170,240,494" oya="0" hai0="46,108,126,33,8,111,3,9,34,129,97,32,41" hai1="40,13,124,84,78,25,29,59,70,42,22,71,37" hai2="43,60,26,91,10,74,85,102,2,11,52,105,135" hai3="101,35,93,16,24,118,83,1,107,63,47,61,110"/><T50/><D126/><U131/><E124/><V53/><F43/><W128/><G118/><T122/><D122/><U18/><E131/><V114/><F74/><W69/><G110/><T100/><D129/><U55/><E37/><V45/><F114/><W14/><G1/><T98/><D3/><U12/><E12/><V95/><F2/><W36/><G128/><T80/><D80/><U57/><E57/><N who="2" m="34855" /><F102/><W44/><G69/><T6/><D6/><U23/><E70/><V134/><F105/><W103/><G107/><T127/><D127/><U125/><E71/><V123/><F123/><W64/><G64/><T49/><D100/><U73/><E73/><V96/><F26/><W17/><G36/><T119/><D119/><U79/><E125/><V54/><F96/><N who="0" m="36970" /><D46/><U30/><E30/><V15/><F15/><W121/><G14/><T109/><D41/><N who="1" m="15979" /><E84/><V90/><F90/><W104/><G24/><T106/><D106/><U68/><E68/><V21/><F21/><W130/><G104/><T112/><D112/><U132/><E132/><N who="2" m="50731" /><F53/><W39/><G121/><T20/><D20/><U117/><E117/><V116/><F116/><W88/><G130/><T65/><D65/><U99/><E99/><V94/><F94/><W86/><G103/><T82/><D82/><U0/><E0/><V113/><F113/><W51/><G83/><T81/><D81/><U38/><E38/><V89/><F89/><W72/><G39/><T4/><D4/><U28/><E28/><V67/><F67/><W77/><G72/><T56/><D56/><U19/><E29/><V48/><AGARI ba="0,0" hai="10,11,45,48,54,85,91,95" m="50731,34855" machi="48" ten="30,7900,0" yaku="5,1,20,1,52,1,54,1" doraHai="58" who="2" fromWho="2" sc="96,-39,170,-20,240,79,494,-20" /><INIT seed="5,0,0,0,1,7" ten="57,150,319,474" oya="1" hai0="85,20,71,125,60,21,36,99,55,58,83,51,70" hai1="84,104,44,114,5,109,46,61,123,11,77,98,49" hai2="74,39,113,17,82,8,78,96,2,52,47,75,56" hai3="0,119,33,118,112,15,4,45,108,105,116,90,134"/><U41/><E123/><V111/><F75/><W76/><G112/><T53/><D99/><U133/><E114/><V19/><F96/><W126/><G105/><T128/><D20/><U37/><E133/><V69/><F69/><W88/><G134/><T67/><D21/><U31/><E109/><V16/><F113/><W73/><G108/><T101/><D101/><U66/><E104/><V48/><F111/><W135/><G135/><T13/><D85/><U65/><E98/><V22/><F22/><W107/><G107/><T130/><D83/><U80/><E61/><V57/><REACH who="2" step="1"/><F39/><REACH who="2" ten="57,150,309,474" step="2"/><W68/><G73/><T34/><D34/><U35/><E35/><V124/><F124/><W54/><G33/><T92/><D92/><U127/><E127/><V6/><AGARI ba="0,1" hai="2,6,8,16,17,19,47,48,52,56,57,74,78,82" machi="6" ten="30,8000,1" yaku="1,1,0,1,52,1,54,2,53,0" doraHai="7" doraHaiUra="110" who="2" fromWho="2" sc="57,-20,150,-40,309,90,474,-20" /><INIT seed="6,0,0,1,3,4" ten="37,110,399,454" oya="2" hai0="125,96,112,61,130,68,85,47,79,15,51,73,113" hai1="26,27,122,92,133,97,0,14,126,11,120,31,84" hai2="77,106,16,100,3,83,59,36,9,49,105,119,118" hai3="75,48,19,40,46,50,62,131,70,21,94,91,1"/><V12/><F36/><W82/><G131/><T72/><D61/><U123/><E84/><V132/><F132/><W8/><G70/><T124/><D51/><U87/><E87/><V30/><F30/><W108/><G62/><T89/><D47/><U127/><E133/><V103/><F3/><W60/><G60/><T44/><D44/><U65/><E65/><V28/><F28/><W102/><G102/><T128/><D68/><U90/><E0/><V104/><F59/><W99/><G108/><T10/><D15/><U81/><E81/><V45/><F118/><W56/><G56/><T52/><D52/><U5/><E27/><V7/><F7/><N who="3" m="1135" /><G21/><AGARI ba="0,0" hai="5,11,14,21,26,31,90,92,97,120,122,123,126,127" machi="21" ten="40,2600,0" yaku="13,1,52,1" doraHai="4" who="1" fromWho="3" sc="37,0,110,26,399,0,454,-26" /><INIT seed="7,0,0,3,0,125" ten="37,136,399,428" oya="3" hai0="43,69,41,0,133,94,128,21,54,2,40,85,14" hai1="134,119,123,132,20,11,57,63,51,74,66,8,4" hai2="87,58,39,55,118,23,15,17,61,10,73,99,126" hai3="70,65,44,95,120,45,9,62,38,122,113,75,92"/><W59/><G75/><T102/><D14/><U131/><E74/><V19/><F73/><W86/><G86/><T135/><D85/><U89/><E89/><V56/><F126/><W26/><G95/><T35/><D21/><U53/><E123/><N who="3" m="47146" /><G92/><T77/><D94/><U16/><E119/><V6/><F39/><W129/><G113/><T91/><D91/><U83/><E131/><V30/><F118/><W96/><G129/><T28/><D128/><U121/><E83/><V98/><F87/><W34/><G96/><T110/><D54/><U116/><E116/><V80/><F80/><W7/><G26/><T27/><D102/><U67/><E67/><V108/><F108/><W13/><G34/><T105/><D110/><U1/><E121/><V49/><F30/><W88/><G88/><T103/><D77/><U42/><E42/><V76/><F76/><W68/><G13/><T82/><D82/><U93/><E93/><V32/><F32/><W78/><G78/><T111/><D111/><U52/><E11/><V130/><F6/><W72/><G72/><T100/><D69/><N who="3" m="26729" /><G38/><T97/><REACH who="0" step="1"/><D103/><REACH who="0" ten="27,136,399,428" step="2"/><U24/><REACH who="1" step="1"/><E53/><REACH who="1" ten="27,126,399,428" step="2"/><V84/><F130/><W31/><G65/><T36/><D36/><U12/><E12/><V101/><F101/><W29/><G9/><T47/><D47/><AGARI ba="0,2" hai="1,4,8,16,20,24,47,51,52,57,63,66,132,134" machi="47" ten="40,8000,1" yaku="1,1,54,2,53,1" doraHai="125" doraHaiUra="50" who="1" fromWho="0" sc="27,-80,126,100,399,0,428,0" owari="-53,-55.0,226,-17.0,399,20.0,428,52.0" /></mjloggm>