<mjloggm ver="2.3"><GO type="1"/><UN n0="%EF%BC%88%E2%89%A7%E2%96%BD%E2%89%A6%EF%BC%89" n1="%E5%A5%BD%E3%81%8D%E3%81%AB%E3%81%99%E3%82%8C%E3%81%B0%EF%BC%9F" n2="%3A%28" n3="%4E%6F%4E%61%6D%65" dan="4,0,7,0" rate="1602,1500,1376,1500" sx="M,M,F,M"/><TAIKYOKU oya="0"/><INIT seed="0,0,0,1,3,115" ten="250,250,250,250" oya="0" hai0="61,18,4,114,51,131,10,73,49,6,64,82,85" hai1="110,78,120,12,127,52,44,133,40,5,45,77,91" hai2="68,106,35,23,122,55,36,50,79,17,33,56,107" hai3="60,89,58,83,3,29,22,113,98,84,70,75,25"/><T7/><D114/><U121/><E110/><V46/><F122/><W42/><G70/><T39/><D73/><U65/><E127/><V126/><F126/><W1/><G113/><T74/><D74/><U66/><E133/><V14/><F79/><W96/><G75/><T21/><D39/><U80/><E78/><V27/><F68/><W104/><G42/><T101/><D10/><U86/><E44/><V128/><F128/><W102/><REACH who="3" step="1"/><G98/><REACH who="3" step="2"/><T119/><D131/><U41/><E41/><V72/><F72/><W16/><G16/><T108/><D108/><U9/><E120/><V135/><F135/><W47/><G47/><T111/><D111/><U34/><E121/><V32/><REACH who="2" step="1"/><F14/><REACH who="2" step="2"/><W81/><G81/><T116/><D82/><U69/><E69/><V105/><F105/><W2/><G2/><T124/><D124/><U20/><E80/><V43/><AGARI ba="0,2" hai="17,23,27,32,33,35,36,43,46,50,55,56,106,107" machi="43" ten="40,2700,0" yaku="1,1,0,1,53,0" doraHai="115" doraHaiUra="112" who="2" fromWho="2" sc="250,-13,250,-7,240,47,240,-7" /><INIT seed="1,0,0,1,2,81" ten="237,243,287,233" oya="1" hai0="88,47,45,3,76,126,40,8,43,11,110,32,104" hai1="42,15,62,18,73,82,106,5,33,23,21,10,123" hai2="92,117,1,14,65,69,129,50,52,70,94,26,102" hai3="12,37,49,133,78,58,13,53,38,115,118,0,28"/><U20/><E123/><V36/><F117/><W72/><G0/><T105/><D32/><U99/><E99/><V111/><F111/><W2/><G2/><T93/><D110/><U27/><E27/><V46/><F129/><W48/><G118/><T97/><D126/><U77/><E77/><V122/><F122/><W103/><G103/><T29/><D3/><U134/><E134/><V119/><F119/><W131/><G133/><T85/><D29/><U39/><E39/><V132/><F132/><W91/><G72/><T41/><D105/><U90/><E90/><V114/><F114/><W127/><G127/><T87/><D104/><U7/><E7/><V74/><F74/><W25/><G131/><T30/><D30/><U59/><E59/><V71/><F1/><W51/><G78/><T19/><D76/><U83/><E83/><V60/><F26/><W75/><G115/><T22/><D45/><U66/><E66/><V35/><F35/><W67/><G75/><T16/><D47/><U98/><E98/><V128/><F128/><W96/><G67/><T86/><D19/><U89/><E89/><V54/><F14/><AGARI ba="0,0" hai="8,11,14,16,22,40,41,43,85,86,87,88,93,97" machi="14" ten="40,12000,2" yaku="8,1,52,3,54,2" doraHai="81" who="0" fromWho="2" sc="237,120,243,0,287,-120,233,0" /><INIT seed="2,0,0,4,0,65" ten="357,243,167,233" oya="2" hai0="123,59,83,127,19,56,134,22,76,116,64,45,9" hai1="99,38,81,79,75,91,90,112,39,119,49,41,74" hai2="124,135,120,34,62,4,130,103,54,111,48,86,27" hai3="125,25,11,37,21,15,30,47,133,113,104,55,63"/><V80/><F120/><W43/><G104/><T126/><D123/><U129/><E119/><V29/><F130/><W8/><G113/><T52/><D116/><U95/><E129/><V93/><F135/><W67/><G125/><N who="0" m="47627" /><D134/><U71/><E112/><V28/><F124/><W115/><G133/><T0/><D64/><U89/><E71/><V3/><F28/><W132/><G115/><T46/><D9/><U105/><E75/><V78/><F62/><W5/><G132/><T17/><D0/><U24/><E24/><V32/><F32/><W61/><G67/><T23/><D23/><U92/><E39/><V97/><F3/><W51/><REACH who="3" step="1"/><G8/><REACH who="3" step="2"/><T94/><D45/><AGARI ba="0,1" hai="5,11,15,21,25,30,37,43,45,47,51,55,61,63" machi="45" ten="30,7700,0" yaku="1,1,2,1,7,1,53,1" doraHai="65" doraHaiUra="7" who="3" fromWho="0" sc="357,-77,243,0,167,0,223,87" /><INIT seed="3,0,0,3,3,24" ten="280,243,167,310" oya="3" hai0="76,117,83,103,40,59,66,10,16,4,54,43,84" hai1="60,7,53,127,20,23,75,119,11,107,97,57,13" hai2="58,130,120,45,101,132,37,98,122,109,29,25,22" hai3="15,32,38,44,126,65,68,124,80,87,34,50,12"/><W39/><G34/><T73/><D117/><U114/><E114/><V55/><F109/><W5/><G32/><T2/><D103/><U102/><E75/><V89/><F132/><W77/><G68/><T14/><D66/><U21/><REACH who="1" step="1"/><E127/><REACH who="1" step="2"/><N who="3" m="48682" /><G65/><T95/><D73/><U91/><E91/><V62/><F130/><W86/><G5/><T100/><D100/><U105/><E105/><V30/><F30/><W116/><G116/><AGARI ba="0,1" hai="7,11,13,20,21,23,53,57,60,97,102,107,116,119" machi="116" ten="40,2600,0" yaku="1,1,53,1" doraHai="24" doraHaiUra="6" who="1" fromWho="3" sc="280,0,233,36,167,0,310,-26" /><INIT seed="4,0,0,4,3,35" ten="280,269,167,284" oya="0" hai0="59,114,50,83,56,44,125,96,18,60,132,13,106" hai1="65,84,24,20,73,97,51,2,57,12,107,58,4" hai2="122,116,93,7,111,119,115,76,131,85,102,88,41" hai3="75,80,92,1,61,70,133,34,15,10,21,105,66"/><T72/><D114/><U62/><E73/><V27/><F122/><W30/><G105/><T0/><D0/><U99/><E84/><V95/><F111/><W45/><G1/><T79/><D132/><U90/><E2/><V42/><F115/><W134/><G75/><T31/><D125/><U67/><E97/><V38/><F131/><W81/><G34/><T22/><D31/><U130/><E130/><V16/><F76/><W17/><G30/><T112/><D112/><U108/><E108/><V19/><F7/><W64/><G45/><T135/><D135/><N who="3" m="51721" /><G66/><T103/><REACH who="0" step="1"/><D60/><REACH who="0" step="2"/><U68/><E107/><V47/><F41/><AGARI ba="0,1" hai="13,18,22,41,44,50,56,59,72,79,83,96,103,106" machi="41" ten="30,5800,0" yaku="1,1,2,1,7,1,53,0" doraHai="35" doraHaiUra="126" who="0" fromWho="2" sc="270,68,269,0,167,-58,284,0" owari="338,44,269,-13,109,-39,284,8" /></mjloggm>