<mjloggm ver="2.3"><GO type="41"/><UN n0="%E7%9F%A2%E5%B3%B6%49%6E%64%65%78" n1="%E9%87%91%E3%81%AE%E7%B3%B8%E9%8A%80%E3%81%AE%E7%B3%B8" n2="%E3%82%A6%E3%83%AB%E3%83%88%E3%83%A9%E7%AB%8B%E7%9B%B4" n3="%43%43%E3%82%B5%E3%83%90%E3%82%B7%E3%82%A2" dan="15,15,15,13" rate="1953,1988,1958,1892" sx="M,M,M,M"/><TAIKYOKU oya="0"/><INIT seed="0,0,0,5,0,50" ten="250,250,250,250" oya="0" hai0="11,119,16,31,5,22,30,71,132,127,92,118,130" hai1="15,37,80,67,95,103,91,27,112,122,101,114,20" hai2="62,38,72,14,60,128,109,115,44,78,3,32,99" hai3="46,98,126,35,123,34,97,81,63,0,96,7,88"/><T75/><D71/><U51/><E37/><V69/><F99/><W68/><G123/><T47/><D75/><U105/><E67/><V43/><F14/><W86/><G126/><T19/><D47/><U106/><E15/><V73/><F32/><W12/><G0/><T58/><D58/><U85/><E51/><V13/><F13/><W55/><G68/><T82/><D82/><U61/><E61/><V28/><F28/><N who="0" m="10794" /><D92/><U25/><E20/><V70/><F78/><W54/><G46/><T59/><D59/><U74/><E25/><V125/><F73/><W84/><G63/><N who="2" m="24105" /><F72/><W134/><G134/><T41/><D41/><U108/><E27/><V6/><F125/><W110/><G35/><T104/><D104/><N who="1" m="40043" /><E122/><V107/><F107/><W89/><G34/><T42/><D127/><U100/><E108/><V83/><F109/><W33/><G110/><T10/><D42/><U4/><E4/><V79/><F69/><W93/><G33/><T77/><D132/><U113/><E74/><V120/><F70/><W131/><G131/><T53/><D5/><U94/><AGARI ba="0,0" hai="80,85,91,94,95,100,101,103,112,113,114" m="40043" machi="94" ten="40,5200,0" yaku="11,1,34,2" doraHai="50" who="1" fromWho="1" sc="250,-26,250,52,250,-13,250,-13" /><INIT seed="1,0,0,3,5,77" ten="224,302,237,237" oya="1" hai0="19,78,56,27,61,2,79,127,51,118,52,14,90" hai1="8,1,30,12,48,95,107,125,0,67,94,121,16" hai2="65,114,80,117,47,42,49,9,120,88,20,59,115" hai3="103,108,102,57,87,116,124,126,84,41,104,105,15"/><U113/><E107/><V35/><F35/><W28/><G41/><T38/><D2/><U133/><E113/><N who="2" m="43019" /><F120/><W66/><G28/><T18/><D38/><U45/><E121/><V11/><F117/><W13/><G66/><T91/><D118/><U32/><E125/><N who="3" m="48234" /><G116/><T98/><D127/><U10/><E133/><V109/><F109/><W17/><G57/><T89/><D98/><U37/><E37/><V62/><F20/><W130/><G17/><T50/><D27/><U23/><E67/><V92/><F80/><W3/><G3/><T82/><D19/><U128/><E0/><V99/><AGARI ba="0,0" hai="9,11,42,47,49,59,62,65,88,92,99" m="43019" machi="99" ten="30,2000,0" yaku="11,1,54,1" doraHai="77" who="2" fromWho="2" sc="224,-5,302,-10,237,20,237,-5" /><INIT seed="2,0,0,0,1,23" ten="219,292,257,232" oya="2" hai0="82,125,104,74,76,81,134,92,93,70,3,27,96" hai1="39,7,17,59,115,46,61,34,87,31,66,69,94" hai2="124,2,71,109,0,116,10,42,88,86,77,119,129" hai3="72,60,43,108,73,126,1,6,45,85,50,48,75"/><V38/><F71/><W120/><G120/><T80/><D70/><U123/><E115/><V91/><F42/><W117/><G117/><N who="2" m="45129" /><F38/><W107/><G107/><T106/><D3/><U21/><E123/><V35/><F35/><W111/><G126/><T15/><D15/><U65/><E34/><V105/><F10/><W16/><G60/><T100/><D27/><U41/><E31/><V114/><F2/><W19/><G6/><T89/><D125/><U122/><E7/><V63/><F63/><W55/><G1/><T53/><D53/><U57/><E122/><V102/><F0/><W133/><G85/><N who="0" m="52271" /><D134/><U132/><E132/><V18/><F18/><W112/><G133/><T14/><D14/><U5/><E5/><V20/><F20/><W131/><G112/><T24/><D24/><U56/><E94/><N who="2" m="54551" /><F124/><W68/><G68/><T32/><D32/><U12/><E87/><V29/><F29/><W95/><G48/><T8/><D8/><U99/><E99/><N who="2" m="61663" /><F114/><W37/><G37/><T98/><D106/><U13/><E66/><V135/><F135/><W64/><G64/><T52/><D52/><U33/><E33/><V54/><F54/><W44/><G55/><T118/><D118/><U79/><REACH who="1" step="1"/><E79/><REACH who="1" ten="219,282,257,232" step="2"/><V36/><F77/><W113/><G113/><T62/><D62/><U101/><E101/><AGARI ba="0,1" hai="74,76,80,81,82,93,96,98,100,101,104" m="52271" machi="101" ten="30,12000,2" yaku="24,1,35,5" doraHai="23" who="0" fromWho="1" sc="219,130,282,-120,257,0,232,0" /><INIT seed="3,0,0,5,4,111" ten="349,162,257,232" oya="3" hai0="47,30,59,121,0,79,5,120,70,125,86,65,42" hai1="28,85,103,46,39,129,104,6,54,29,105,63,14" hai2="45,78,32,22,18,126,84,75,23,110,40,25,24" hai3="73,36,26,20,49,132,50,37,87,118,91,89,56"/><W12/><G73/><T67/><D67/><U19/><E129/><V10/><F110/><W15/><G118/><T100/><D100/><U113/><E6/><V64/><F32/><W77/><G132/><T101/><D30/><U13/><E39/><V9/><F75/><W131/><G131/><T96/><D70/><U38/><E38/><V33/><F33/><W57/><G77/><T17/><D125/><U66/><E103/><V80/><F64/><W60/><G26/><T8/><D17/><U44/><E66/><V61/><F61/><W114/><G20/><T115/><D115/><U95/><E63/><V2/><F2/><W82/><G87/><T128/><D128/><U51/><E95/><V109/><F109/><W102/><G60/><T107/><D65/><U135/><E85/><V69/><F69/><W74/><G102/><T21/><D59/><U124/><E54/><V108/><F108/><W123/><G74/><T83/><D21/><U35/><E35/><V71/><F71/><W93/><G93/><T48/><AGARI ba="0,0" hai="0,5,8,42,47,48,79,83,86,96,101,107,120,121" machi="48" ten="20,1500,0" yaku="0,1,7,1" doraHai="111" who="0" fromWho="0" sc="349,15,162,-4,257,-4,232,-7" /><INIT seed="4,0,0,3,0,24" ten="364,158,253,225" oya="0" hai0="4,56,66,64,8,128,13,17,78,25,99,95,46" hai1="116,113,122,34,81,65,49,127,50,60,48,30,21" hai2="83,26,82,105,12,31,115,114,16,51,32,87,129" hai3="132,85,124,35,77,28,18,43,84,121,1,9,89"/><T5/><D128/><U133/><E34/><V103/><F129/><W58/><G121/><T36/><D78/><U68/><E116/><V106/><F83/><W88/><G77/><T73/><D73/><U135/><E122/><V40/><F103/><W118/><G118/><T19/><D36/><U93/><E81/><V54/><F40/><W71/><G71/><T14/><D46/><U3/><E93/><V7/><F7/><N who="0" m="2634" /><D25/><N who="1" m="16687" /><E3/><V75/><F75/><W29/><G35/><T37/><D37/><U55/><E127/><V33/><F33/><W67/><G124/><T62/><D64/><U6/><E6/><V59/><F105/><W53/><G1/><T80/><D80/><U98/><E98/><V22/><REACH who="2" step="1"/><F106/><REACH who="2" ten="364,158,243,225" step="2"/><W131/><G43/><T123/><D123/><U2/><E2/><V107/><F107/><W102/><G131/><T79/><D79/><AGARI ba="0,1" hai="12,16,22,26,31,32,51,54,59,79,82,87,114,115" machi="79" ten="40,8000,1" yaku="1,1,52,1,54,1,53,1" doraHai="24" doraHaiUra="52" who="2" fromWho="0" sc="364,-80,158,0,243,90,225,0" /><INIT seed="5,0,0,4,0,103" ten="284,158,333,225" oya="1" hai0="56,0,69,16,53,46,111,55,121,54,119,98,18" hai1="38,107,75,114,10,32,91,87,9,48,50,116,57" hai2="15,110,109,66,28,14,105,112,99,120,78,102,90" hai3="27,37,61,67,6,4,132,96,30,43,93,68,25"/><U22/><E107/><V52/><F14/><W126/><G37/><T115/><D0/><U104/><E75/><V71/><F15/><W8/><G43/><T76/><D111/><U108/><E32/><V51/><F78/><W85/><G85/><T45/><D119/><U131/><E38/><V58/><F120/><W2/><G6/><T63/><D121/><U113/><E116/><V59/><F59/><W92/><G126/><T88/><D115/><N who="1" m="44043" /><E108/><V83/><F112/><W40/><G40/><T80/><D69/><U72/><E72/><V34/><F90/><W81/><G81/><T3/><D3/><U127/><E127/><V122/><F83/><W117/><G117/><T44/><D76/><U13/><E131/><V24/><F122/><W74/><G74/><T89/><D89/><U70/><E104/><V21/><F21/><W11/><G11/><N who="1" m="4106" /><E70/><V133/><F133/><W19/><G19/><N who="0" m="7211" /><D98/><U36/><E13/><V129/><F129/><W73/><G73/><T7/><D7/><U39/><E22/><V135/><F135/><W84/><G132/><T94/><D94/><N who="1" m="54655" /><E50/><V77/><F77/><W134/><G134/><T5/><D5/><U106/><E106/><V64/><F64/><W62/><G84/><AGARI ba="0,0" hai="44,45,46,53,54,55,56,63,80,84,88" m="7211" machi="84" ten="30,3900,0" yaku="8,1,54,2" doraHai="103" who="0" fromWho="3" sc="284,39,158,0,333,0,225,-39" /><INIT seed="6,0,0,5,3,73" ten="323,158,333,186" oya="2" hai0="71,66,4,67,115,108,61,15,125,111,47,77,17" hai1="62,95,43,86,40,78,0,7,96,46,56,38,54" hai2="80,9,34,20,50,85,49,13,72,23,69,68,94" hai3="126,31,33,119,65,35,70,81,92,42,84,104,134"/><V6/><F34/><W48/><G119/><T12/><D4/><U90/><E0/><V103/><F72/><W22/><G104/><T102/><D102/><U10/><E7/><V114/><F68/><W37/><G37/><T88/><D125/><U132/><E10/><V118/><F69/><W36/><G126/><T21/><D67/><U105/><E132/><V2/><F118/><W14/><G36/><T112/><D47/><U63/><E105/><V117/><F117/><W100/><G134/><T82/><D12/><U53/><E43/><V27/><F2/><W128/><G128/><T52/><D52/><U79/><E96/><N who="2" m="59799" /><F114/><N who="0" m="43562" /><D88/><U51/><REACH who="1" step="1"/><E63/><REACH who="1" ten="323,148,333,186" step="2"/><V58/><F23/><W41/><G35/><T39/><D39/><U110/><E110/><V131/><F131/><W121/><G33/><T28/><D28/><U1/><E1/><V64/><F50/><W107/><G48/><T45/><D45/><AGARI ba="0,1" hai="38,40,45,46,51,53,54,56,62,78,79,86,90,95" machi="45" ten="30,7700,0" yaku="1,1,7,1,52,2,53,0" doraHai="73" doraHaiUra="19" who="1" fromWho="0" sc="323,-77,148,87,333,0,186,0" /><INIT seed="7,0,0,0,5,5" ten="246,235,333,186" oya="3" hai0="37,26,61,27,95,54,88,101,115,81,93,79,53" hai1="97,48,64,130,131,121,100,118,19,11,30,56,20" hai2="44,91,25,104,103,50,58,108,28,62,71,6,16" hai3="45,52,46,7,89,126,67,49,80,125,117,32,134"/><W116/><G32/><T12/><D37/><U10/><E121/><V102/><F6/><W96/><G134/><T68/><D68/><U78/><E30/><V76/><F76/><W69/><G7/><T65/><D65/><U86/><E78/><V8/><F71/><W133/><G133/><T51/><D101/><U122/><E86/><V84/><F104/><W99/><G46/><T111/><D111/><U123/><E122/><V73/><F73/><W114/><G67/><T92/><D115/><U43/><E118/><V129/><F28/><W74/><G69/><T47/><D12/><N who="1" m="9319" /><E123/><V106/><F106/><W90/><G74/><T14/><D14/><U128/><E64/><V40/><F25/><W21/><G21/><T39/><D39/><U120/><E120/><V66/><F129/><W94/><G114/><T0/><D0/><U124/><E124/><N who="3" m="47722" /><G80/><T31/><D61/><U77/><E77/><V3/><F3/><W57/><G45/><T2/><D2/><U59/><E43/><V82/><F108/><W98/><G90/><T41/><D26/><U72/><E72/><V15/><AGARI ba="0,0" hai="8,15,16,40,44,50,58,62,66,82,84,91,102,103" machi="15" ten="30,7900,0" yaku="0,1,8,1,52,1,54,1" doraHai="5" who="2" fromWho="2" sc="246,-20,235,-20,333,79,186,-39" owari="226,3.0,215,-18.0,412,50.0,147,-35.0" /></mjloggm>