<mjloggm ver="2.3"><GO type="41"/><UN n0="%EF%BC%88%E2%89%A7%E2%96%BD%E2%89%A6%EF%BC%89" n1="%E7%94%B0%E4%B8%AD%E7%A7%80%E5%A4%AA" n2="%E7%A7%8B%E5%B1%B1" n3="%E6%8C%AF%E3%82%8A%E8%BE%BC%E3%81%BF%E4%B8%87" dan="15,14,15,14" rate="2036,1885,1959,1881" sx="M,M,F,M"/><TAIKYOKU oya="0"/><INIT seed="0,0,0,0,4,79" ten="250,250,250,250" oya="0" hai0="100,83,72,30,120,128,117,77,49,8,80,21,115" hai1="113,119,32,37,87,110,129,89,7,92,28,111,56" hai2="13,123,75,96,93,40,105,2,19,86,88,134,52" hai3="106,61,11,25,41,70,63,122,76,74,102,82,53"/><T65/><D120/><U12/><E119/><V39/><F123/><W14/><G122/><T17/><D117/><U5/><E37/><V29/><F2/><W126/><G126/><T45/><D115/><U81/><E113/><V131/><F131/><W54/><G41/><T48/><D128/><U47/><E47/><V85/><F134/><W109/><G109/><N who="1" m="41482" /><E129/><V133/><F133/><W121/><G121/><T101/><D65/><U16/><E56/><V1/><F1/><W125/><G125/><T26/><D72/><U68/><E68/><V60/><F105/><W127/><G127/><T22/><D8/><N who="1" m="6151" /><E92/><V94/><F75/><W107/><G107/><T33/><D33/><U69/><E69/><V31/><F40/><W55/><G70/><T15/><D49/><U42/><E42/><V130/><F39/><W38/><G38/><T71/><D71/><U51/><E51/><V18/><F130/><W34/><G106/><T20/><D20/><U103/><E103/><N who="0" m="39497" /><D77/><U27/><AGARI ba="0,0" hai="5,7,27,28,32,81,87,89" m="6151,41482" machi="27" ten="30,4000,0" yaku="14,1,52,1,54,1" doraHai="79" who="1" fromWho="1" sc="250,-20,250,40,250,-10,250,-10" /><INIT seed="1,0,0,2,4,89" ten="230,290,240,240" oya="1" hai0="76,2,58,86,19,48,77,36,32,16,59,82,7" hai1="127,108,124,74,105,98,104,50,39,0,107,102,31" hai2="78,46,10,12,94,38,61,73,57,113,71,52,63" hai3="23,79,30,5,25,84,66,129,85,130,95,114,6"/><U47/><E39/><V41/><F113/><W43/><G114/><T28/><D36/><U133/><E0/><V128/><F128/><N who="3" m="49259" /><G43/><T64/><D76/><U1/><E1/><V26/><F73/><W22/><G66/><T21/><D32/><U110/><E31/><V97/><F78/><W122/><G122/><T40/><D2/><U80/><E133/><V8/><F26/><W67/><G67/><T51/><D7/><U13/><E13/><V20/><F71/><W91/><G22/><T92/><D28/><U96/><E96/><V135/><F135/><W4/><G79/><T68/><D68/><U87/><E74/><V49/><F20/><W121/><G121/><T34/><D34/><U11/><E11/><V3/><F3/><W118/><G118/><T83/><D83/><U62/><E62/><V53/><F53/><W134/><G134/><T42/><D64/><U131/><E131/><V69/><F69/><W45/><G45/><N who="0" m="25655" /><D19/><U55/><E80/><V115/><F115/><W17/><G17/><T54/><D40/><U126/><REACH who="1" step="1"/><E87/><AGARI ba="0,0" hai="4,5,6,23,25,30,84,85,87,91,95" m="49259" machi="87" ten="30,2000,0" yaku="19,1,52,1" doraHai="89" who="3" fromWho="1" sc="230,0,290,-20,240,0,240,20" /><INIT seed="2,0,0,4,3,53" ten="230,270,240,260" oya="2" hai0="48,131,129,88,65,126,50,71,111,123,3,113,100" hai1="20,125,92,101,62,120,130,75,34,94,10,24,35" hai2="55,58,56,121,64,52,27,67,44,11,18,59,51" hai3="127,36,93,135,80,28,0,134,1,8,78,116,89"/><V69/><F27/><W22/><G116/><T87/><D123/><U17/><E75/><V109/><F18/><W96/><G36/><T21/><D113/><U45/><E120/><V118/><F11/><W47/><G47/><T115/><D115/><U108/><E45/><N who="2" m="27759" /><F121/><W106/><G106/><T102/><D3/><U42/><E42/><V68/><F118/><W5/><G127/><T29/><D126/><U32/><E125/><V84/><F84/><W37/><G37/><T85/><D111/><U13/><E108/><V38/><F109/><W30/><G1/><T33/><D33/><U83/><E83/><V9/><F9/><W86/><REACH who="3" step="1"/><G22/><REACH who="3" ten="230,270,240,250" step="2"/><T54/><D21/><U73/><E20/><V114/><F114/><W12/><G12/><T82/><D129/><U57/><E130/><V76/><F76/><W119/><G119/><T117/><D131/><U2/><E2/><V40/><F55/><W99/><G99/><T90/><D117/><U112/><E112/><V124/><F124/><W95/><G95/><T60/><D50/><U16/><E94/><V70/><AGARI ba="0,1" hai="38,40,44,56,58,59,64,67,68,69,70" m="27759" machi="70" ten="40,24000,3" yaku="35,5,52,3,54,1" doraHai="53" who="2" fromWho="2" sc="230,-80,270,-80,240,250,250,-80" /><INIT seed="2,1,0,4,5,31" ten="150,190,490,170" oya="2" hai0="108,43,123,120,35,68,100,42,118,12,133,116,107" hai1="14,64,78,4,51,110,81,63,105,85,112,86,19" hai2="57,3,22,47,124,101,72,29,60,33,65,135,41" hai3="9,75,0,113,74,117,38,129,24,30,40,17,102"/><V48/><F72/><W95/><G117/><N who="0" m="45163" /><D68/><U26/><E105/><V6/><F135/><W109/><G109/><T88/><D108/><U27/><E110/><V89/><F124/><W11/><G11/><T44/><D133/><U70/><E112/><V128/><F128/><W126/><G126/><T46/><D12/><U127/><E127/><V53/><F101/><W55/><G55/><T82/><D107/><U13/><E4/><V99/><F3/><W132/><G129/><T8/><D100/><U96/><E96/><V37/><F6/><W50/><G50/><N who="0" m="26903" /><D8/><U39/><E39/><V91/><F22/><W2/><G9/><T67/><D35/><U93/><E14/><V92/><F29/><W20/><G132/><T58/><D82/><U56/><E13/><V73/><F73/><W76/><G75/><T45/><D88/><U122/><E19/><V21/><F21/><W34/><G74/><T23/><D23/><U71/><E71/><V25/><F25/><W84/><G102/><T5/><D5/><U28/><E26/><V130/><F130/><W15/><G15/><T59/><D46/><U36/><E27/><V106/><F106/><W97/><G24/><T111/><D111/><U94/><E28/><V62/><F62/><W80/><G30/><T7/><D7/><U125/><E63/><V54/><F54/><W77/><G20/><T104/><D104/><U87/><E125/><V16/><F16/><W52/><G17/><T90/><D120/><U1/><E122/><V49/><F33/><W32/><G32/><T10/><D123/><U114/><E1/><RYUUKYOKU ba="1,0" sc="150,0,190,0,490,0,170,0" /><INIT seed="3,2,0,1,1,109" ten="150,190,490,170" oya="3" hai0="27,19,69,23,52,133,10,82,43,47,1,91,76" hai1="125,54,41,3,121,84,79,48,117,115,31,2,25" hai2="49,127,14,7,5,100,120,8,35,105,40,83,128" hai3="53,86,74,21,66,96,15,6,24,102,88,9,97"/><W37/><G74/><T106/><D69/><U38/><E121/><V0/><F120/><W68/><G37/><T33/><D106/><U62/><E117/><V116/><F116/><W22/><G68/><T111/><D111/><U132/><E132/><V59/><F127/><W104/><G66/><T55/><D133/><U103/><E103/><V36/><F128/><W110/><G110/><T87/><D33/><U45/><E125/><V42/><F35/><W64/><G64/><T28/><D91/><U124/><E124/><V39/><F105/><W98/><G53/><T135/><D135/><U101/><E101/><V78/><F100/><W61/><G61/><T30/><D30/><U29/><E62/><V57/><F0/><W99/><REACH who="3" step="1"/><G24/><REACH who="3" ten="150,190,490,160" step="2"/><T56/><D55/><U77/><E54/><V90/><F49/><W92/><AGARI ba="2,1" hai="6,9,15,21,22,86,88,92,96,97,98,99,102,104" machi="92" ten="30,11700,0" yaku="1,1,2,1,0,1,54,1,53,0" doraHai="109" doraHaiUra="51" who="3" fromWho="3" sc="150,-41,190,-41,490,-41,160,133" /><INIT seed="3,3,0,1,3,71" ten="109,149,449,293" oya="3" hai0="48,87,60,96,24,64,58,127,88,113,133,69,72" hai1="49,128,121,61,70,95,9,14,93,67,0,124,101" hai2="100,106,130,33,79,10,92,131,66,42,112,39,99" hai3="114,32,81,90,17,82,115,86,135,65,18,16,50"/><W78/><G32/><T104/><D72/><U125/><E121/><V75/><F33/><W23/><G135/><T44/><D133/><U68/><E128/><N who="2" m="49195" /><F66/><W51/><G65/><T119/><D119/><U118/><E118/><V56/><F56/><W2/><G2/><T117/><D117/><U123/><E123/><V47/><F10/><W30/><G30/><T129/><D127/><U76/><E76/><V43/><F112/><W91/><G23/><T53/><D129/><U3/><E70/><V97/><F75/><W40/><G91/><T36/><D113/><U5/><E49/><V19/><F79/><W134/><G134/><T84/><D24/><U6/><E101/><V25/><F25/><W73/><REACH who="3" step="1"/><G51/><REACH who="3" ten="109,149,449,283" step="2"/><T83/><D69/><U77/><E77/><V35/><F35/><W12/><G12/><T102/><D36/><U94/><E14/><V41/><F19/><W4/><G4/><T103/><D103/><AGARI ba="3,1" hai="39,41,42,43,47,92,97,99,100,103,106" m="49195" machi="103" ten="30,2000,0" yaku="19,1,52,1" doraHai="71" who="2" fromWho="0" sc="109,-29,149,0,449,39,283,0" /><INIT seed="4,0,0,4,1,106" ten="80,149,488,283" oya="0" hai0="84,125,26,53,24,34,4,109,21,11,120,87,130" hai1="85,18,33,35,78,25,48,56,107,9,114,131,132" hai2="40,52,61,101,103,19,2,50,43,110,54,118,80" hai3="38,15,65,8,119,32,83,81,0,133,68,104,27"/><T127/><D120/><U42/><E107/><V113/><F118/><W90/><G38/><T17/><D109/><U36/><E36/><V41/><F110/><W44/><G44/><T49/><D130/><U89/><E131/><V124/><F113/><W58/><G58/><N who="0" m="33071" /><D26/><U69/><E69/><V108/><F2/><W134/><G0/><N who="0" m="391" /><D34/><U20/><E78/><V116/><F116/><W73/><G104/><T96/><D96/><U14/><E114/><V99/><F108/><W3/><G3/><T76/><D76/><U105/><E105/><V111/><F111/><W12/><G27/><T55/><D55/><U123/><E123/><V64/><F19/><W23/><G32/><T98/><D98/><U115/><E115/><V10/><F80/><W93/><G119/><T117/><D117/><U5/><E35/><V126/><F10/><W75/><G8/><T122/><D122/><U121/><E121/><V22/><F22/><W6/><G6/><T67/><D67/><U66/><E66/><V135/><F99/><W95/><G65/><T30/><D30/><U91/><E91/><V29/><F29/><W37/><G37/><T94/><D94/><N who="1" m="54575" /><E33/><V112/><F112/><W79/><G90/><T57/><D57/><U102/><E102/><N who="2" m="38923" /><F50/><W63/><G68/><T28/><D28/><U45/><E56/><N who="2" m="36903" /><F135/><W70/><G70/><T62/><D62/><U88/><E132/><N who="3" m="50794" /><G63/><T77/><D77/><U82/><E88/><V7/><F7/><W129/><G129/><T13/><D24/><U100/><E100/><V59/><F59/><W1/><G1/><T31/><D31/><RYUUKYOKU ba="0,0" sc="80,10,149,10,488,10,283,-30" hai0="13,17,21,84,87,125,127" hai1="5,9,14,18,20,25,42,45,48,82" hai2="40,41,43,52,54,124,126" /><INIT seed="4,1,0,1,5,10" ten="90,159,498,253" oya="0" hai0="24,123,99,22,88,85,28,17,43,135,57,117,128" hai1="74,71,1,42,101,119,67,14,134,105,75,89,15" hai2="125,80,40,58,32,102,19,90,112,37,36,51,104" hai3="23,34,107,30,100,92,61,79,0,83,59,91,129"/><T31/><D123/><U44/><E119/><V41/><F125/><W131/><G34/><T73/><D117/><U77/><E1/><V84/><F112/><W64/><G0/><T98/><D73/><U93/><E101/><V65/><F32/><W47/><G47/><T122/><D122/><U127/><E105/><V97/><F19/><W86/><G30/><N who="0" m="11307" /><D135/><U21/><E127/><V5/><F5/><W116/><G116/><T124/><D124/><U118/><E118/><V54/><REACH who="2" step="1"/><F65/><REACH who="2" ten="90,159,488,253" step="2"/><W50/><G64/><T8/><D128/><U95/><E67/><V121/><F121/><W60/><G131/><T108/><D108/><U133/><E133/><V48/><F48/><W33/><G50/><T26/><D8/><U9/><E9/><V103/><F103/><W96/><G33/><T49/><D26/><U7/><E7/><V16/><F16/><W130/><G129/><T45/><D57/><U39/><E134/><V82/><F82/><AGARI ba="1,1" hai="17,22,24,43,45,49,82,85,88,98,99" m="11307" machi="82" ten="30,2900,0" yaku="8,1,54,1" doraHai="10" who="0" fromWho="2" sc="90,42,159,0,488,-32,253,0" /><INIT seed="4,2,0,5,2,119" ten="132,159,456,253" oya="0" hai0="95,9,96,97,104,89,40,42,114,25,17,56,57" hai1="6,76,13,122,27,19,115,46,18,24,33,93,73" hai2="49,120,32,91,65,0,110,5,133,134,50,100,48" hai3="35,129,130,92,43,55,75,11,59,68,98,135,74"/><T15/><D114/><U105/><E105/><V131/><F32/><W54/><G68/><T30/><D104/><U121/><E115/><V88/><F0/><W85/><G35/><T82/><D97/><U132/><E132/><V3/><F100/><W99/><G43/><T112/><D112/><U38/><E73/><V51/><F3/><W66/><G135/><N who="2" m="51721" /><F5/><W8/><G66/><T128/><D128/><U26/><E76/><V7/><F7/><W1/><G1/><T117/><D117/><U64/><E64/><V102/><F102/><W44/><G85/><T31/><D82/><U101/><E101/><V108/><F131/><W16/><G44/><T72/><D72/><U79/><E79/><V2/><F2/><W60/><G59/><N who="0" m="22603" /><D31/><N who="1" m="19711" /><E46/><V81/><F65/><W84/><G84/><T58/><N who="0" m="22611" /><T83/><DORA hai="45" /><D83/><U111/><E93/><V71/><F71/><W124/><G92/><T22/><AGARI ba="2,0" hai="9,15,17,22,25,30,40,42,89,95,96" m="22611" machi="22" ten="30,1500,0" yaku="8,1" doraHai="119,45" who="0" fromWho="0" sc="132,21,159,-7,456,-7,253,-7" /><INIT seed="4,3,0,1,1,18" ten="153,152,449,246" oya="0" hai0="27,93,84,116,105,30,11,129,37,131,112,68,21" hai1="80,69,54,48,133,114,16,20,15,86,29,117,47" hai2="79,95,9,23,94,53,45,65,98,4,70,7,118" hai3="46,103,91,8,55,49,52,32,57,2,73,19,75"/><T39/><D105/><U106/><E117/><V25/><F118/><W90/><G32/><T63/><D116/><U14/><E114/><V82/><F70/><W0/><G103/><T59/><D68/><U122/><E122/><V28/><F65/><W26/><G75/><T40/><D112/><U115/><E115/><V36/><F9/><W87/><G73/><T132/><D132/><U3/><E69/><V56/><F36/><W101/><G101/><T50/><D50/><U24/><E3/><V22/><F45/><W111/><G111/><T121/><D121/><U62/><E62/><V6/><F23/><N who="3" m="13695" /><G0/><T78/><D11/><N who="1" m="6271" /><E106/><V66/><F66/><W44/><G2/><T12/><D12/><U33/><E33/><V58/><F98/><W128/><G128/><N who="0" m="49227" /><D40/><U92/><E133/><V41/><F41/><W107/><G107/><T35/><D35/><U88/><E14/><V113/><F113/><W120/><G120/><T108/><D108/><U96/><E96/><V85/><REACH who="2" step="1"/><F58/><REACH who="2" ten="153,152,439,246" step="2"/><W42/><G42/><T83/><D93/><AGARI ba="3,1" hai="20,24,29,47,48,54,80,86,88,92,93" m="6271" machi="93" ten="30,8000,1" yaku="25,1,8,1,52,1,54,2" doraHai="18" who="1" fromWho="0" sc="153,-89,152,99,439,0,246,0" /><INIT seed="5,0,0,3,0,124" ten="64,251,439,246" oya="1" hai0="50,62,11,56,72,84,94,66,25,132,44,78,19" hai1="64,4,58,51,16,24,123,108,45,61,104,1,82" hai2="122,87,135,23,7,109,119,127,9,31,46,48,60" hai3="38,86,88,59,93,129,10,26,6,18,29,39,35"/><U34/><E123/><V100/><F122/><W53/><G18/><T12/><D132/><U41/><E104/><V130/><F119/><W57/><G129/><T81/><D72/><U120/><E120/><V13/><F127/><W43/><G43/><T116/><D116/><U20/><E108/><V54/><F135/><W131/><G131/><T79/><D94/><U36/><E82/><V105/><F109/><W8/><G8/><T92/><D92/><U90/><E90/><V95/><F130/><W5/><G5/><T49/><D25/><U102/><E102/><V70/><F70/><W97/><G86/><T30/><D30/><U110/><E110/><V28/><F105/><W75/><G75/><T68/><D68/><U73/><E73/><V77/><F60/><W121/><G121/><T80/><REACH who="0" step="1"/><D44/><REACH who="0" ten="54,251,439,246" step="2"/><U0/><E34/><V91/><F100/><W85/><G26/><T101/><D101/><U113/><E113/><V133/><F133/><W83/><G29/><T106/><D106/><U37/><REACH who="1" step="1"/><E4/><REACH who="1" ten="54,241,439,246" step="2"/><V32/><F32/><W55/><G6/><T117/><D117/><U40/><E40/><V112/><F112/><W118/><G118/><T67/><D67/><U134/><E134/><V65/><F65/><W14/><G35/><T103/><D103/><U3/><AGARI ba="0,2" hai="0,1,3,16,20,24,36,37,41,45,51,58,61,64" machi="3" ten="30,6000,0" yaku="1,1,0,1,54,1,53,0" doraHai="124" doraHaiUra="74" who="1" fromWho="1" sc="54,-20,241,80,439,-20,246,-20" /><INIT seed="5,1,0,2,2,2" ten="34,321,419,226" oya="1" hai0="24,9,4,113,22,99,48,34,125,19,69,105,12" hai1="93,42,52,134,17,32,90,53,26,94,66,56,21" hai2="121,54,51,75,118,57,63,80,96,61,41,101,132" hai3="109,37,111,45,117,10,68,50,55,5,116,25,3"/><U89/><E134/><V20/><F121/><W0/><G68/><T110/><D110/><U6/><E32/><V78/><F118/><N who="3" m="45675" /><G37/><T44/><D113/><U86/><E42/><V79/><F132/><W115/><G115/><T126/><D69/><U67/><E6/><V95/><F41/><W36/><G36/><T123/><D123/><U31/><E31/><V76/><REACH who="2" step="1"/><F20/><REACH who="2" ten="34,321,409,226" step="2"/><W112/><G112/><T114/><D114/><U106/><E106/><V77/><AGARI ba="1,1" hai="51,54,57,61,63,75,76,77,78,79,80,95,96,101" machi="77" ten="30,4000,0" yaku="1,1,2,1,0,1,53,0" doraHai="2" doraHaiUra="70" who="2" fromWho="2" sc="34,-11,321,-21,409,53,226,-11" /><INIT seed="6,0,0,1,5,81" ten="23,300,462,215" oya="2" hai0="36,35,78,114,127,85,79,43,134,59,115,3,116" hai1="104,8,37,97,40,135,29,13,6,51,56,102,0" hai2="121,62,71,57,24,72,69,45,20,90,16,7,133" hai3="113,41,120,26,89,96,123,63,1,15,31,25,5"/><V110/><F121/><W126/><G1/><T28/><D3/><U19/><E135/><V128/><F133/><W84/><G126/><T98/><D134/><U52/><E29/><V76/><F128/><W118/><G118/><T105/><D116/><U12/><REACH who="1" step="1"/><E19/><REACH who="1" ten="23,290,462,215" step="2"/><V68/><F7/><W38/><G123/><T108/><D127/><U80/><E80/><V100/><F110/><W88/><G120/><T4/><D108/><U117/><E117/><V14/><F72/><W61/><G31/><T2/><D35/><U91/><E91/><V21/><F76/><W111/><G89/><T95/><D28/><U83/><E83/><V50/><F90/><W82/><G113/><T66/><D114/><U49/><E49/><V10/><F100/><W112/><G112/><T93/><D115/><U94/><E94/><V55/><REACH who="2" step="1"/><F24/><REACH who="2" ten="23,290,452,215" step="2"/><W17/><G111/><T132/><D132/><U77/><E77/><V131/><F131/><W67/><G26/><T54/><D79/><U74/><E74/><V42/><AGARI ba="0,2" hai="10,14,16,20,21,42,45,50,55,57,62,68,69,71" machi="42" ten="30,6000,0" yaku="1,1,0,1,54,1,53,0" doraHai="81" doraHaiUra="109" who="2" fromWho="2" sc="23,-20,290,-20,452,80,215,-20" /><INIT seed="6,1,0,0,1,112" ten="3,270,532,195" oya="2" hai0="63,114,41,72,74,88,39,57,134,31,30,126,83" hai1="84,8,111,124,62,85,128,48,67,79,3,90,127" hai2="16,123,2,80,6,50,109,82,42,135,132,76,121" hai3="29,97,36,116,46,133,55,86,93,89,104,9,0"/><V28/><F28/><W44/><G116/><T21/><D114/><U95/><E111/><V91/><F42/><W113/><G113/><T98/><D126/><U56/><E128/><V19/><F50/><W52/><G133/><N who="2" m="51273" /><F109/><W96/><G29/><T65/><D134/><U25/><E25/><V78/><F2/><W35/><G35/><T5/><D5/><U49/><E8/><V13/><F6/><W7/><G36/><T122/><D122/><N who="2" m="46602" /><F91/><W12/><G0/><T37/><D21/><U38/><E38/><V24/><F24/><W14/><G14/><T18/><D18/><N who="2" m="6698" /><F13/><W120/><G120/><T117/><D41/><U101/><E3/><V43/><F43/><W32/><G32/><T15/><D39/><U53/><E48/><V92/><F92/><W33/><G33/><T11/><D37/><U69/><E124/><V81/><AGARI ba="1,0" hai="76,78,80,81,82" m="6698,46602,51273" machi="81" ten="40,12000,1" yaku="28,2,20,1,54,1" doraHai="112" who="2" fromWho="2" sc="3,-41,270,-41,532,123,195,-41" owari="-38,-54.0,229,3.0,655,76.0,154,-25.0" /></mjloggm>