<mjloggm ver="2.3"><GO type="41"/><UN n0="%E3%82%A6%E3%83%AB%E3%83%88%E3%83%A9%E7%AB%8B%E7%9B%B4" n1="%E3%81%A8%E3%82%82%E3%81%8D" n2="%62%61%7A%7A%61%6E%69" n3="%49%47%41" dan="15,13,14,15" rate="1960,1830,1900,1996" sx="M,M,M,M"/><TAIKYOKU oya="0"/><INIT seed="0,0,0,1,4,88" ten="250,250,250,250" oya="0" hai0="63,126,87,45,22,43,108,23,57,84,129,42,2" hai1="102,62,30,130,5,116,106,31,124,27,127,35,120" hai2="119,91,97,70,1,7,67,89,115,33,29,101,132" hai3="53,117,19,44,99,81,3,24,113,112,131,49,36"/><T79/><D43/><U96/><E116/><V39/><F115/><W6/><G117/><T56/><D56/><U26/><E120/><V114/><F114/><W133/><G36/><T32/><D32/><U59/><E5/><V48/><F39/><W69/><G69/><T66/><D126/><U8/><E8/><V50/><F7/><W73/><G99/><T94/><D129/><U105/><E130/><V65/><F1/><W40/><G131/><T135/><D2/><U75/><E75/><V77/><F77/><W9/><G133/><T34/><D34/><U41/><E41/><V68/><F68/><W37/><G19/><T58/><D58/><U61/><E106/><V98/><F132/><W93/><G93/><T54/><D66/><U82/><E82/><V4/><F4/><W128/><G24/><T134/><D134/><U0/><E0/><V92/><F119/><W104/><G104/><T25/><D135/><U122/><E122/><V12/><F12/><W103/><G103/><T125/><D125/><N who="1" m="48203" /><E59/><V28/><F70/><W71/><G71/><T10/><D10/><U123/><E123/><V21/><F21/><AGARI ba="0,0" hai="21,26,27,30,31,35,61,62,96,102,105" m="48203" machi="21" ten="30,1000,0" yaku="18,1" doraHai="88" who="1" fromWho="2" sc="250,0,250,10,250,-10,250,0" /><INIT seed="1,0,0,3,2,135" ten="250,260,240,250" oya="1" hai0="1,43,66,117,58,97,53,50,52,29,0,98,38" hai1="91,81,79,85,14,36,6,115,92,21,7,129,10" hai2="110,132,80,133,65,57,130,108,84,119,26,13,32" hai3="41,37,19,89,8,42,27,93,3,86,67,31,20"/><U106/><E106/><V105/><F105/><W24/><G67/><T23/><D117/><U112/><E36/><V56/><F32/><W49/><G37/><T134/><D134/><N who="2" m="51818" /><F26/><W47/><G3/><T45/><D1/><U73/><E129/><V51/><F13/><W83/><G8/><T11/><D0/><U44/><E44/><V101/><F101/><W116/><G116/><T60/><D11/><U48/><E48/><V39/><F119/><W124/><G124/><T61/><D23/><U103/><E103/><V34/><F34/><W76/><G41/><T94/><D94/><U122/><E122/><V35/><F35/><W9/><G9/><T74/><D74/><U16/><E6/><V95/><F95/><W120/><G120/><T22/><D22/><U77/><REACH who="1" step="1"/><E79/><REACH who="1" ten="250,250,240,250" step="2"/><V96/><F39/><W100/><G100/><T40/><D38/><U90/><E90/><V15/><F130/><W126/><G126/><T72/><D50/><U125/><E125/><V28/><F51/><W59/><G59/><T109/><D58/><U99/><E99/><V102/><F96/><W121/><G121/><T54/><D97/><U71/><E71/><V69/><F102/><W82/><REACH who="3" step="1"/><G76/><REACH who="3" ten="250,250,240,240" step="2"/><T104/><D43/><U55/><E55/><V70/><F57/><W78/><G78/><T2/><D40/><U25/><AGARI ba="0,2" hai="7,10,14,16,21,25,73,77,81,85,91,92,112,115" machi="25" ten="20,7800,0" yaku="1,1,0,1,7,1,54,1,53,0" doraHai="135" doraHaiUra="123" who="1" fromWho="1" sc="250,-26,250,98,240,-26,240,-26" /><INIT seed="1,1,0,5,3,127" ten="224,348,214,214" oya="1" hai0="77,81,30,99,72,114,135,16,35,105,57,62,39" hai1="0,25,23,83,24,37,107,11,41,89,29,132,78" hai2="32,119,128,33,93,59,130,129,58,8,34,40,108" hai3="98,60,79,31,18,26,13,54,90,44,65,1,120"/><U95/><E107/><V75/><F75/><W100/><G120/><T52/><D39/><U61/><E132/><V133/><F133/><W51/><G1/><T109/><D135/><U97/><E61/><V10/><F119/><W22/><G79/><T56/><D114/><U55/><E55/><V63/><F40/><W110/><G110/><T46/><D46/><U28/><E37/><V49/><F93/><W87/><G98/><T101/><D30/><U113/><E113/><V123/><F123/><W12/><G100/><T117/><D35/><U82/><E41/><V73/><F73/><W19/><G19/><T64/><D117/><U91/><E78/><V38/><F38/><W36/><G36/><T112/><D112/><U43/><E43/><V14/><F108/><W125/><G31/><T88/><D109/><U134/><E134/><V80/><F80/><W115/><G125/><T47/><D47/><U5/><E91/><V122/><F122/><W21/><G21/><AGARI ba="1,0" hai="0,5,11,21,23,24,25,28,29,82,83,89,95,97" machi="21" ten="30,2900,0" yaku="7,1,9,1" doraHai="127" who="1" fromWho="3" sc="224,0,348,32,214,0,214,-32" /><INIT seed="1,2,0,1,0,93" ten="224,380,214,182" oya="1" hai0="133,66,16,72,79,24,30,18,6,68,34,38,123" hai1="116,63,104,55,61,135,8,129,76,91,124,83,95" hai2="1,90,107,0,23,64,106,132,14,89,74,47,100" hai3="22,11,21,111,96,71,119,84,48,112,46,134,9"/><U128/><E104/><V86/><F74/><W12/><G112/><T42/><D123/><U98/><E8/><V103/><F64/><W43/><G71/><T80/><D133/><U105/><E55/><V57/><F132/><W126/><G111/><T25/><D66/><U125/><E135/><V120/><F120/><W109/><G109/><T70/><D24/><U114/><E63/><V40/><F57/><W130/><G134/><T56/><D56/><U36/><E61/><V58/><F58/><W59/><G130/><N who="1" m="50282" /><E36/><V85/><F23/><W69/><G69/><T32/><D32/><U35/><E35/><V52/><F14/><W78/><G126/><N who="1" m="48746" /><E105/><V20/><F20/><W19/><G119/><T77/><D68/><U4/><E4/><V28/><F40/><W101/><G59/><T65/><D70/><U44/><E44/><V3/><F3/><W99/><G22/><T5/><D65/><U17/><E17/><V81/><F47/><W53/><G43/><T131/><D131/><U31/><E31/><V45/><F45/><W26/><G9/><T13/><D42/><U37/><E37/><V73/><F28/><N who="3" m="17487" /><G101/><T33/><D38/><U88/><E114/><V29/><F29/><W7/><G7/><T121/><D34/><U54/><E54/><V127/><F52/><W108/><G108/><T115/><D115/><U94/><E116/><V117/><F127/><W50/><G50/><T27/><D5/><U75/><E95/><V92/><F92/><W110/><G110/><T67/><D6/><U102/><AGARI ba="2,0" hai="75,76,83,88,91,94,98,102" m="48746,50282" machi="102" ten="30,18000,2" yaku="19,1,18,1,34,2,52,1,54,1" doraHai="93" who="1" fromWho="1" sc="224,-62,380,186,214,-62,182,-62" /><INIT seed="1,3,0,2,4,48" ten="162,566,152,120" oya="1" hai0="132,84,135,127,1,3,88,121,51,94,71,103,77" hai1="36,113,39,26,52,0,11,42,61,6,35,4,55" hai2="98,14,82,119,133,115,65,13,134,45,97,85,10" hai3="63,58,54,110,31,128,100,112,96,25,90,104,116"/><U102/><E113/><V47/><F119/><W38/><G112/><T43/><D71/><U2/><E102/><V93/><F115/><W108/><G116/><T27/><D121/><U8/><E61/><V40/><F65/><W34/><G38/><T120/><D120/><U73/><E73/><V125/><F125/><W30/><G128/><T126/><D27/><U67/><E67/><V44/><F40/><W87/><REACH who="3" step="1"/><G31/><REACH who="3" ten="162,566,152,110" step="2"/><T46/><D126/><U75/><E75/><V7/><F134/><W118/><G118/><T131/><D127/><U111/><E111/><V70/><F133/><W129/><G129/><T78/><D131/><U18/><E42/><V69/><F14/><W109/><G109/><T32/><D132/><U15/><E39/><V80/><F98/><W95/><AGARI ba="3,1" hai="25,30,34,54,58,63,87,90,95,96,100,104,108,110" machi="95" ten="30,4000,0" yaku="1,1,0,1,52,1,53,0" doraHai="48" doraHaiUra="114" who="3" fromWho="3" sc="162,-13,566,-23,152,-13,110,59" /><INIT seed="2,0,0,3,1,134" ten="149,543,139,169" oya="2" hai0="43,54,39,101,122,81,104,3,113,131,15,78,126" hai1="83,71,28,120,19,51,64,125,62,85,0,93,107" hai2="20,96,49,57,58,119,108,100,124,37,29,110,27" hai3="129,92,5,112,102,75,44,35,17,8,66,1,87"/><V109/><F119/><W18/><G75/><N who="0" m="43231" /><D54/><U55/><E0/><V9/><F37/><W41/><G35/><T56/><D56/><U48/><E107/><V123/><F123/><W73/><G73/><T98/><D15/><U68/><E28/><V36/><F36/><W59/><G129/><T116/><D113/><U111/><E93/><V65/><F49/><W53/><G66/><T67/><D67/><U14/><E111/><V11/><F124/><W16/><G112/><T77/><D77/><U82/><E125/><V106/><F58/><W7/><G7/><T38/><D131/><U21/><E120/><V10/><F10/><W103/><G44/><N who="0" m="23671" /><D39/><U76/><E71/><V74/><F74/><W118/><G41/><T30/><D30/><U50/><REACH who="1" step="1"/><E82/><REACH who="1" ten="149,533,139,169" step="2"/><V22/><REACH who="2" step="1"/><F20/><REACH who="2" ten="149,533,129,169" step="2"/><W86/><G118/><T128/><D116/><U135/><E135/><V70/><F70/><W13/><G1/><T97/><D122/><U47/><AGARI ba="0,2" hai="14,19,21,47,48,50,51,55,62,64,68,76,83,85" machi="47" ten="20,2700,0" yaku="1,1,0,1,7,1,53,0" doraHai="134" doraHaiUra="95" who="1" fromWho="1" sc="149,-7,533,47,129,-13,169,-7" /><INIT seed="3,0,0,2,0,8" ten="142,580,116,162" oya="3" hai0="18,86,73,47,29,64,55,122,69,129,9,127,60" hai1="59,110,63,107,3,14,93,115,89,108,17,52,58" hai2="126,57,43,5,94,95,0,62,67,26,119,45,66" hai3="6,21,36,54,10,27,37,76,13,39,19,106,71"/><W128/><G106/><T91/><D73/><U112/><E107/><V96/><F126/><W53/><G71/><T87/><D122/><U42/><E3/><V92/><F119/><W56/><G128/><T49/><D129/><U121/><E121/><V15/><F67/><W124/><G124/><T135/><D127/><U85/><E42/><V101/><F0/><W48/><G76/><T68/><D135/><U25/><E25/><V78/><F78/><W105/><G105/><T130/><D130/><U28/><E28/><V70/><F70/><W88/><REACH who="3" step="1"/><G54/><REACH who="3" ten="142,580,116,152" step="2"/><T81/><D68/><U125/><E125/><V100/><F100/><W38/><N who="3" m="9728" /><DORA hai="35" /><W22/><G22/><T2/><D69/><U4/><E4/><V75/><F75/><W34/><G34/><T77/><D55/><U61/><E110/><V118/><F118/><W117/><G117/><T113/><D113/><U120/><E108/><V11/><REACH who="2" step="1"/><F26/><REACH who="2" ten="142,580,106,152" step="2"/><W83/><G83/><T7/><D81/><U102/><E115/><V51/><AGARI ba="0,2" hai="5,11,15,43,45,51,57,62,66,92,94,95,96,101" machi="51" ten="20,12000,2" yaku="1,1,2,1,0,1,7,1,8,1,52,1,53,0" doraHai="8,35" doraHaiUra="84,111" who="2" fromWho="2" sc="142,-30,580,-30,106,140,152,-60" /><INIT seed="4,0,0,5,2,92" ten="112,550,246,92" oya="0" hai0="47,46,98,35,107,120,58,17,109,68,112,114,50" hai1="77,72,88,102,89,20,108,97,14,115,129,128,39" hai2="13,5,76,24,64,25,135,61,59,16,130,103,134" hai3="56,2,105,126,37,78,11,81,4,83,6,34,133"/><T93/><D107/><U32/><E32/><V60/><F76/><W42/><G34/><T119/><D68/><U45/><E39/><V51/><F130/><N who="1" m="50281" /><E45/><N who="0" m="16905" /><D35/><U101/><E20/><V118/><F51/><W41/><G105/><T0/><D0/><U26/><E14/><V122/><F5/><W123/><G133/><T8/><D120/><U80/><E26/><V124/><F124/><W53/><G126/><T110/><D119/><U132/><E108/><N who="0" m="41577" /><D8/><U30/><E30/><V3/><F3/><W70/><G70/><T85/><D17/><U52/><E52/><V131/><F131/><W116/><G116/><T49/><D85/><U75/><E132/><N who="2" m="50731" /><F103/><W65/><G123/><T15/><D15/><U22/><E22/><N who="2" m="11535" /><F122/><W19/><G19/><T40/><D40/><U21/><E21/><V84/><F118/><W99/><G41/><T111/><N who="0" m="41585" /><T48/><DORA hai="67" /><D58/><U36/><E36/><V33/><F33/><W12/><G42/><T66/><D66/><U63/><E63/><V100/><F100/><AGARI ba="0,0" hai="48,49,50,93,98,100,112,114" m="41585,16905" machi="100" ten="50,4800,0" yaku="10,1,52,1" doraHai="92,67" who="0" fromWho="2" sc="112,48,550,0,246,-48,92,0" /><INIT seed="4,1,0,2,3,10" ten="160,550,198,92" oya="0" hai0="117,50,8,9,54,125,101,69,73,114,41,122,87" hai1="24,107,36,113,135,15,2,7,132,68,95,23,3" hai2="72,16,112,5,62,121,96,83,99,106,46,61,29" hai3="42,78,44,20,116,12,28,76,56,131,81,134,52"/><T34/><D73/><U0/><E107/><V1/><F121/><W102/><G116/><T82/><D34/><U51/><E36/><V60/><F29/><W49/><G131/><T22/><D122/><U88/><E68/><V129/><F129/><W31/><G134/><N who="1" m="51242" /><E51/><V57/><F5/><W119/><G102/><T79/><D69/><U77/><E77/><N who="3" m="29802" /><G81/><T27/><D117/><U55/><E55/><V109/><F1/><W47/><G119/><T111/><D111/><U91/><E95/><V45/><F109/><W35/><G35/><T19/><D125/><U67/><E67/><V48/><F72/><W75/><G75/><T66/><D66/><U37/><E37/><V21/><F83/><W74/><G74/><T71/><D71/><U64/><E64/><V58/><F106/><W39/><G39/><T103/><D41/><U85/><E85/><V104/><F104/><W133/><G133/><T127/><D127/><U63/><E63/><V26/><F112/><W4/><G47/><T128/><D114/><U59/><E59/><N who="2" m="22539" /><F46/><W89/><G89/><T110/><D110/><U123/><E123/><V17/><F17/><N who="3" m="10279" /><G4/><T100/><D128/><U86/><E86/><V84/><F84/><W33/><G33/><T93/><D93/><U94/><E94/><V53/><AGARI ba="1,0" hai="16,21,26,45,48,53,60,61,62,96,99" m="22539" machi="53" ten="30,2000,0" yaku="8,1,54,1" doraHai="10" who="2" fromWho="2" sc="160,-11,550,-6,198,23,92,-6" /><INIT seed="5,0,0,0,1,133" ten="149,544,221,86" oya="1" hai0="49,115,103,75,96,47,1,72,97,13,35,55,118" hai1="79,124,86,114,73,66,21,107,94,135,36,100,110" hai2="4,117,132,85,92,8,87,19,113,129,15,82,119" hai3="108,123,53,80,3,17,30,83,78,46,99,12,74"/><U63/><E36/><V120/><F132/><W34/><G3/><T112/><D1/><U70/><E135/><V42/><F120/><W16/><G123/><T125/><D35/><U33/><E33/><V0/><F129/><W60/><G108/><T45/><D13/><U57/><E70/><V24/><F42/><W76/><G99/><T106/><D118/><U31/><E110/><V26/><F113/><N who="0" m="43594" /><D45/><U44/><E114/><V65/><F65/><W69/><G69/><T91/><D91/><U5/><E5/><V84/><F92/><W134/><G134/><T126/><D97/><N who="1" m="59447" /><E107/><V58/><F58/><W102/><G102/><T51/><D51/><U14/><E73/><AGARI ba="0,0" hai="47,49,55,72,73,75,96,103,106,125,126" m="43594" machi="73" ten="30,3900,0" yaku="15,1,52,2" doraHai="133" who="0" fromWho="1" sc="149,39,544,-39,221,0,86,0" /><INIT seed="6,0,0,5,4,11" ten="188,505,221,86" oya="2" hai0="101,58,102,104,53,41,105,43,98,56,135,47,94" hai1="132,126,131,2,38,72,49,18,67,54,99,88,85" hai2="20,65,30,64,82,74,21,79,109,68,60,50,118" hai3="42,91,35,89,122,23,123,0,22,13,27,15,107"/><V83/><F118/><W12/><G0/><T55/><D135/><U97/><E72/><V121/><F121/><N who="3" m="46091" /><G42/><T130/><D47/><U7/><E38/><V114/><F114/><W62/><G62/><T34/><D94/><U110/><E110/><V16/><F30/><W119/><G27/><T70/><D70/><U111/><E111/><V92/><F65/><W115/><G119/><T71/><D71/><U31/><E132/><V8/><F109/><W77/><G77/><T108/><D108/><U86/><E131/><V93/><F83/><W4/><G4/><T52/><D130/><U100/><E126/><V134/><F134/><W24/><G24/><T32/><D55/><U14/><E67/><V87/><F74/><W36/><G36/><T80/><D80/><U61/><E61/><V133/><F133/><W57/><G115/><T113/><D98/><U5/><E31/><V125/><F125/><W1/><G1/><T95/><REACH who="0" step="1"/><D95/><REACH who="0" ten="178,505,221,86" step="2"/><N who="1" m="58431" /><E2/><V3/><F93/><W90/><G107/><T40/><D40/><U96/><E86/><V78/><F92/><W84/><G57/><T26/><D26/><U63/><E63/><V112/><F112/><AGARI ba="0,1" hai="32,34,41,43,52,53,56,58,101,102,104,105,112,113" machi="112" ten="25,12000,2" yaku="1,1,22,2,54,1,53,2" doraHai="11" doraHaiUra="51" who="0" fromWho="2" sc="178,130,505,0,221,-120,86,0" /><INIT seed="7,0,0,4,1,22" ten="308,505,101,86" oya="3" hai0="93,28,34,115,18,70,88,46,8,14,48,104,21" hai1="71,80,23,5,64,12,106,67,107,75,83,41,133" hai2="19,110,92,89,61,63,85,40,128,13,102,74,105" hai3="7,65,114,66,86,56,131,90,4,25,73,16,54"/><W24/><G73/><T77/><D70/><U96/><E41/><V2/><F128/><W53/><G131/><T122/><D104/><U87/><E133/><V58/><F110/><W116/><G114/><T91/><D122/><U125/><E125/><V113/><F2/><W78/><G78/><T1/><D77/><U126/><E126/><V120/><F120/><W42/><G42/><T20/><D115/><U97/><E75/><V36/><F36/><W111/><G116/><T112/><D112/><U82/><E71/><V62/><F40/><W52/><G111/><T27/><D91/><U108/><E108/><V35/><F35/><W68/><G68/><T94/><D94/><U26/><E107/><V51/><F113/><W49/><G49/><T59/><D46/><U39/><E39/><V103/><F74/><W76/><G76/><T134/><D134/><U119/><E106/><V3/><F3/><W45/><G45/><T117/><D117/><U11/><E87/><V84/><F84/><W132/><G132/><T43/><D43/><U129/><E129/><V15/><F15/><W130/><G130/><T121/><D121/><U109/><E109/><V69/><F69/><W123/><G123/><T17/><D59/><U99/><E119/><V6/><F6/><N who="3" m="2091" /><G56/><T79/><D79/><U29/><AGARI ba="0,0" hai="5,11,12,23,26,29,64,67,80,82,83,96,97,99" machi="29" ten="30,4000,0" yaku="0,1,8,1,52,1" doraHai="22" who="1" fromWho="1" sc="308,-10,505,40,101,-10,86,-20" owari="298,10.0,545,64.0,91,-31.0,66,-43.0" /></mjloggm>