<mjloggm ver="2.3"><GO type="169"/><UN n0="%6B%65%69%2E" n1="%E7%AE%A1%E5%AF%9D" n2="%E5%B8%B8%E7%A3%90%E7%B7%9A%E7%89%B9%E5%88%A5%E5%BF%AB%E9%80%9F" n3="%EF%BC%88%E2%89%A7%E2%96%BD%E2%89%A6%EF%BC%89" dan="16,16,17,18" rate="2003,2102,2141,2238" sx="M,M,F,M"/><TAIKYOKU oya="0"/><INIT seed="0,0,0,0,1,38" ten="250,250,250,250" oya="0" hai0="24,76,12,104,33,114,91,47,50,92,48,99,55" hai1="108,103,105,25,3,11,117,78,5,0,95,81,129" hai2="45,97,133,122,63,44,52,27,64,16,57,135,17" hai3="98,83,43,9,40,1,128,100,30,134,116,87,65"/><T123/><D123/><U70/><E117/><V26/><F122/><W113/><G116/><T20/><D114/><U82/><E95/><V62/><F97/><W7/><G113/><T49/><D104/><U4/><E82/><V90/><F90/><W34/><G65/><T21/><D55/><U72/><E108/><V68/><F27/><W46/><G134/><N who="2" m="51209" /><F26/><W37/><G128/><T112/><D112/><U29/><E129/><V77/><F77/><W102/><G98/><T61/><D61/><U120/><E120/><V109/><F109/><W8/><G8/><T15/><D76/><U88/><E88/><V41/><F45/><W111/><G111/><T60/><D60/><U124/><E103/><V66/><F66/><W132/><G132/><T126/><D33/><U101/><E101/><V79/><F79/><W10/><G10/><T58/><D24/><U119/><E119/><V23/><F23/><W73/><G34/><T94/><D99/><U84/><E25/><V125/><F125/><W51/><G30/><T86/><D47/><U31/><E124/><V19/><F17/><W75/><G100/><T115/><D126/><U22/><E22/><V53/><F53/><W106/><G102/><T13/><D91/><U18/><E18/><V80/><F80/><W131/><G106/><T59/><D15/><U118/><E105/><V121/><F121/><W96/><G131/><T35/><D35/><U14/><E14/><V110/><F110/><W39/><G96/><T32/><D32/><U130/><E118/><V56/><F68/><W107/><G107/><T93/><D115/><RYUUKYOKU ba="0,0" sc="250,-10,250,-10,250,30,250,-10" hai2="16,19,41,44,52,56,57,62,63,64" /><INIT seed="1,1,0,0,2,66" ten="240,240,280,240" oya="1" hai0="13,106,77,16,19,62,126,115,78,22,113,60,70" hai1="125,95,91,80,71,46,100,83,69,134,1,57,121" hai2="87,5,104,96,110,88,64,34,84,47,85,133,90" hai3="128,118,58,23,10,38,9,116,99,51,73,2,15"/><U98/><E121/><V131/><F34/><W54/><G38/><T63/><D106/><U31/><E1/><V43/><F110/><W7/><G73/><T28/><D28/><U39/><E134/><V92/><F133/><W68/><G128/><T119/><D119/><U37/><E37/><V44/><F131/><W35/><G35/><T6/><D6/><U32/><E125/><V18/><F5/><W76/><G76/><T75/><D126/><U86/><E57/><V65/><F104/><W27/><G99/><T24/><D78/><U72/><E80/><V81/><F18/><W74/><G74/><T55/><D55/><U94/><E83/><V26/><F26/><W33/><G33/><T12/><D24/><U127/><E127/><V132/><F132/><W117/><G68/><T17/><D77/><U53/><E72/><V0/><F0/><W20/><REACH who="3" step="1"/><G27/><REACH who="3" ten="240,240,280,230" step="2"/><T97/><D75/><U8/><E39/><V30/><F81/><W101/><G101/><T111/><D70/><U67/><E69/><V29/><F90/><W124/><G124/><T109/><D109/><U36/><E36/><V50/><F96/><W89/><G89/><T49/><D97/><U4/><E32/><V79/><F79/><W102/><G102/><T52/><D111/><U108/><E108/><V112/><F88/><W123/><G123/><T130/><D130/><U11/><E71/><V59/><F85/><W21/><G21/><T40/><D22/><U45/><E86/><V61/><F87/><W122/><G122/><T48/><D115/><U82/><E100/><V103/><F103/><RYUUKYOKU ba="1,1" sc="240,-10,240,-10,280,-10,230,30" hai3="2,7,9,10,15,20,23,51,54,58,116,117,118" /><INIT seed="2,2,1,0,3,42" ten="230,230,270,260" oya="2" hai0="28,130,128,15,56,78,57,89,5,113,39,123,22" hai1="105,63,72,74,86,100,11,14,12,110,75,62,124" hai2="66,23,9,88,65,101,30,92,114,34,87,132,97" hai3="21,53,117,82,59,77,64,131,32,60,58,112,25"/><V111/><F114/><W3/><G3/><T91/><D113/><U116/><E116/><V13/><F34/><W118/><G112/><T44/><D123/><U69/><E86/><V135/><F111/><W103/><G32/><T102/><D102/><U52/><E110/><V134/><F23/><W104/><G131/><N who="0" m="50219" /><D78/><U6/><E124/><V31/><F31/><W125/><G103/><T107/><D107/><U47/><E69/><V122/><F30/><W7/><G7/><T121/><D121/><U26/><E26/><V40/><F40/><W18/><G104/><T29/><D5/><U73/><N who="1" m="18432" /><DORA hai="20" /><U45/><E14/><V68/><F68/><W106/><G106/><T115/><D115/><U46/><REACH who="1" step="1"/><E52/><REACH who="1" ten="230,220,270,260" step="2"/><V36/><F122/><W41/><G125/><T96/><D15/><U50/><E50/><V71/><F71/><W76/><G118/><T84/><D84/><U51/><E51/><V129/><F129/><W83/><G117/><T126/><D126/><U8/><E8/><V61/><F61/><W19/><G60/><T85/><D85/><U99/><AGARI ba="2,2" hai="6,11,12,45,46,47,62,63,99,100,105" m="18432" machi="99" ten="60,8000,1" yaku="1,1,0,1,52,3,53,0" doraHai="42,20" doraHaiUra="119,37" who="1" fromWho="1" sc="230,-22,220,106,270,-42,260,-22" /><INIT seed="3,0,0,0,0,28" ten="208,326,228,238" oya="3" hai0="35,62,108,21,71,18,36,109,51,26,79,86,115" hai1="94,132,40,125,53,22,23,129,85,30,81,19,89" hai2="66,103,15,90,84,65,37,77,96,87,83,1,54" hai3="74,110,45,46,56,43,4,93,8,82,113,11,7"/><W44/><G113/><T29/><D36/><U70/><E132/><V105/><F1/><W78/><G110/><N who="0" m="42603" /><D115/><U52/><E70/><V58/><F37/><W80/><G80/><N who="0" m="47391" /><D51/><U118/><E129/><V64/><F15/><W130/><G130/><T101/><D101/><U67/><E67/><V34/><F34/><W69/><G69/><T100/><D100/><U88/><E125/><V122/><F122/><W38/><G93/><T42/><D42/><U0/><E0/><V119/><F119/><W126/><G126/><T135/><D135/><U39/><E118/><V124/><F124/><W3/><REACH who="3" step="1"/><G56/><REACH who="3" ten="208,326,228,228" step="2"/><T14/><D71/><U27/><E39/><V6/><F6/><W61/><G61/><AGARI ba="0,1" hai="14,18,21,26,29,35,61,62" m="47391,42603" machi="61" ten="30,2000,0" yaku="14,1,52,1" doraHai="28" who="0" fromWho="3" sc="208,30,326,0,228,0,228,-20" /><INIT seed="4,0,0,2,3,112" ten="238,326,228,208" oya="0" hai0="60,17,121,80,105,42,122,99,29,37,94,96,68" hai1="40,85,125,116,113,117,93,59,51,8,30,50,131" hai2="75,100,128,13,32,111,38,39,55,83,74,115,107" hai3="56,76,132,58,86,103,24,97,110,123,88,31,114"/><T23/><D29/><U22/><E113/><V1/><F115/><W66/><G110/><T98/><D105/><U14/><E131/><V84/><F1/><W25/><G114/><T89/><D42/><U62/><E125/><V120/><F32/><W5/><G5/><T52/><D37/><U34/><E34/><V78/><F128/><W45/><G132/><T77/><D122/><U71/><E71/><V127/><F127/><W12/><G76/><T65/><D52/><U108/><E108/><V35/><F35/><W106/><G12/><T9/><D9/><U43/><E116/><V6/><F55/><W47/><G123/><T104/><D104/><U36/><E117/><V4/><F4/><W70/><G70/><T67/><D67/><U63/><E22/><V53/><F53/><W7/><G7/><T102/><D102/><U129/><E30/><V92/><F6/><W20/><G25/><T46/><D46/><U130/><E85/><V27/><F27/><W69/><G69/><T126/><D126/><U109/><E93/><V64/><F38/><W54/><G66/><T82/><D82/><U73/><E109/><V61/><F13/><W33/><G33/><T21/><D121/><U81/><E36/><V90/><F39/><W91/><G58/><T134/><D134/><U72/><E59/><N who="2" m="36927" /><F111/><W41/><G41/><T15/><D23/><U95/><E8/><V118/><F120/><W19/><G31/><T124/><D124/><U28/><E28/><V135/><F135/><W10/><G10/><T133/><D133/><U79/><E129/><V2/><F2/><RYUUKYOKU ba="0,0" sc="238,30,326,-10,228,-10,208,-10" hai0="15,17,21,60,65,68,77,80,89,94,96,98,99" /><INIT seed="4,1,0,5,1,0" ten="268,316,218,198" oya="0" hai0="121,96,117,111,10,132,125,47,55,128,34,27,23" hai1="77,76,133,24,85,89,71,42,115,45,4,83,66" hai2="40,94,79,21,31,48,6,52,17,118,43,95,135" hai3="129,11,68,120,114,99,70,33,25,57,131,51,130"/><T8/><D121/><U54/><E133/><V19/><F135/><W53/><G120/><T72/><D117/><U78/><E115/><V97/><F118/><W16/><G114/><T110/><D132/><U87/><E71/><V126/><F79/><W100/><G33/><T102/><D34/><U119/><E119/><V26/><F126/><W2/><G2/><T105/><D125/><U20/><E66/><V82/><F82/><W7/><G7/><T22/><D72/><U101/><E101/><N who="2" m="60599" /><F6/><W37/><G37/><T39/><D39/><U113/><E113/><V64/><F64/><W32/><G32/><T134/><D134/><U90/><E54/><V103/><F103/><W56/><G56/><T109/><D128/><U73/><E4/><V124/><F95/><N who="3" m="58495" /><G25/><T65/><D65/><U9/><E9/><N who="0" m="3689" /><D27/><U28/><E73/><V35/><F124/><W3/><G3/><T80/><D80/><U59/><E59/><N who="2" m="33159" /><F35/><W46/><G57/><T61/><D61/><U36/><REACH who="1" step="1"/><E76/><REACH who="1" ten="268,306,218,198" step="2"/><V58/><F58/><W49/><G70/><T108/><D108/><U50/><E50/><AGARI ba="1,1" hai="22,23,47,50,55,96,102,105,109,110,111" m="3689" machi="50" ten="40,2000,0" yaku="10,1" doraHai="0" who="0" fromWho="1" sc="268,33,306,-23,218,0,198,0" /><INIT seed="4,2,0,5,3,96" ten="301,283,218,198" oya="0" hai0="84,19,65,80,79,21,86,89,103,99,109,4,47" hai1="125,35,25,113,39,18,130,1,98,129,5,106,135" hai2="40,45,66,91,95,133,9,30,100,55,88,63,115" hai3="110,22,15,93,61,44,23,58,67,14,46,104,81"/><T56/><D4/><U72/><RYUUKYOKU type="yao9" ba="2,0" sc="301,0,283,0,218,0,198,0" hai1="1,5,18,25,35,39,72,98,106,113,125,129,130,135" /><INIT seed="4,3,0,0,3,84" ten="301,283,218,198" oya="0" hai0="89,70,108,60,17,16,126,15,119,31,20,127,65" hai1="49,27,102,61,14,94,85,87,115,29,82,79,38" hai2="124,28,23,95,24,86,81,12,36,91,132,13,98" hai3="63,44,110,135,25,118,32,103,56,120,5,62,57"/><T4/><D119/><U19/><E38/><V64/><F124/><N who="0" m="47658" /><D108/><U99/><E115/><V68/><F132/><W78/><G78/><T130/><D130/><U104/><E49/><V129/><F129/><W131/><G103/><T106/><D106/><U69/><E87/><V112/><F36/><W50/><G57/><T90/><D31/><U134/><E134/><V33/><F112/><W100/><G25/><N who="0" m="14479" /><D4/><U10/><E61/><V83/><F33/><W55/><G62/><T3/><D3/><U73/><E69/><V92/><F64/><W43/><G5/><T71/><D71/><U47/><E47/><V35/><F68/><W42/><G44/><T66/><D66/><U52/><E52/><V1/><F1/><W30/><G55/><T107/><D107/><U133/><E133/><V41/><F41/><W45/><G43/><T2/><D2/><U46/><E46/><V67/><F67/><W26/><G131/><T77/><D77/><U48/><E48/><V34/><F34/><W123/><G135/><T21/><AGARI ba="3,0" hai="15,16,21,60,65,70,89,90" m="14479,47658" machi="21" ten="30,11700,0" yaku="18,1,52,2,54,1" doraHai="84" who="0" fromWho="0" sc="301,126,283,-42,218,-42,198,-42" /><INIT seed="4,4,0,2,0,28" ten="427,241,176,156" oya="0" hai0="101,32,10,82,0,84,116,12,54,107,55,2,20" hai1="77,26,124,35,38,64,1,25,134,42,95,70,46" hai2="5,110,130,132,37,108,39,8,15,24,109,127,114" hai3="73,16,91,36,41,13,69,74,103,87,63,31,112"/><T89/><D116/><U117/><E117/><V43/><F43/><W66/><G112/><T86/><D32/><U113/><E134/><V62/><F114/><W98/><G31/><T92/><D20/><U17/><E113/><V48/><F48/><W83/><G41/><T71/><D71/><U4/><E25/><V6/><F132/><W44/><G44/><T40/><D40/><U34/><E124/><V100/><F127/><W106/><REACH who="3" step="1"/><G36/><REACH who="3" ten="427,241,176,146" step="2"/><T126/><D126/><U21/><E46/><V51/><F39/><W53/><G53/><T68/><D55/><U33/><E42/><V65/><F37/><W85/><G85/><T61/><D54/><U52/><E52/><V79/><F108/><W58/><G58/><T129/><D86/><U104/><E38/><V93/><F110/><W120/><G120/><T72/><D84/><U59/><E59/><V18/><F109/><W105/><G105/><T27/><D72/><U125/><E125/><V122/><F122/><W60/><G60/><T56/><D56/><U57/><E57/><V90/><F62/><W123/><G123/><T19/><D61/><N who="1" m="40207" /><E104/><V3/><F65/><W50/><G50/><T115/><D107/><U67/><E67/><V128/><F51/><W97/><G97/><T121/><D115/><U94/><E77/><V9/><F79/><W88/><G88/><T76/><D89/><U135/><E135/><V133/><F133/><W119/><G119/><T99/><D121/><U111/><E111/><V22/><F90/><W75/><G75/><T81/><D76/><U102/><E102/><V45/><F45/><RYUUKYOKU ba="4,1" sc="427,-30,241,10,176,10,146,10" hai1="1,4,17,21,26,33,34,35,94,95" hai2="3,5,6,8,9,15,18,22,24,93,100,128,130" hai3="13,16,63,66,69,73,74,83,87,91,98,103,106" /><INIT seed="5,5,1,3,0,20" ten="397,251,186,156" oya="1" hai0="96,49,29,71,67,92,41,43,30,132,35,46,40" hai1="128,103,108,33,8,18,95,77,42,97,0,10,53" hai2="60,64,122,104,111,12,82,13,116,119,62,125,107" hai3="75,100,94,91,105,17,131,120,84,110,4,16,78"/><U129/><E33/><V45/><F111/><W6/><G110/><T51/><D132/><U36/><E108/><V27/><F122/><W50/><G131/><N who="1" m="50250" /><E77/><V113/><F125/><W22/><G120/><T26/><D29/><U61/><E0/><V109/><F109/><W32/><G32/><T55/><D51/><U2/><E2/><V81/><F45/><W112/><G112/><T93/><REACH who="0" step="1"/><D96/><REACH who="0" ten="387,251,186,156" step="2"/><U3/><E36/><V52/><F113/><W9/><G50/><T31/><D31/><U57/><E42/><V69/><F116/><W23/><G23/><T11/><D11/><N who="1" m="4139" /><E3/><V15/><F119/><W130/><G130/><T79/><D79/><U115/><E115/><V21/><F62/><AGARI ba="5,2" hai="26,30,35,40,41,43,46,49,55,62,67,71,92,93" machi="62" ten="40,2600,0" yaku="1,1,52,1,53,0" doraHai="20" doraHaiUra="7" who="0" fromWho="2" sc="387,61,251,0,186,-41,156,0" /><INIT seed="6,0,0,5,0,51" ten="448,251,145,156" oya="2" hai0="114,128,116,74,14,110,11,131,91,64,77,120,13" hai1="9,133,122,5,42,88,87,44,101,19,89,100,85" hai2="90,8,45,4,73,20,83,99,126,98,124,63,7" hai3="103,40,96,43,75,127,15,97,80,129,119,49,39"/><V79/><F20/><W56/><G119/><T135/><D120/><U118/><E118/><V72/><F72/><W106/><G129/><N who="0" m="49739" /><D116/><U81/><E133/><V3/><F4/><W67/><G127/><N who="2" m="48681" /><F63/><N who="3" m="38375" /><G39/><T23/><D110/><U121/><E19/><V82/><F45/><W61/><G61/><T57/><D135/><U35/><E35/><V71/><F71/><W1/><G15/><T86/><D114/><U16/><E16/><V24/><F24/><W17/><G17/><N who="0" m="10679" /><D77/><U52/><E42/><V50/><F50/><W109/><G97/><T94/><D74/><U21/><E21/><V107/><F107/><W32/><G106/><T130/><D130/><U59/><E44/><V12/><F3/><W55/><G32/><T22/><D22/><U18/><E18/><V41/><F41/><W70/><G70/><T48/><D11/><U60/><E121/><V62/><F62/><W95/><G1/><T37/><D37/><U0/><E122/><V78/><F78/><N who="3" m="44127" /><G109/><T65/><D13/><U117/><E117/><V92/><F83/><AGARI ba="0,0" hai="0,5,9,52,59,60,81,83,85,87,88,89,100,101" machi="83" ten="30,8000,1" yaku="7,1,9,1,52,1,54,2" doraHai="51" who="1" fromWho="2" sc="448,0,251,80,145,-80,156,0" /><INIT seed="7,0,0,3,3,16" ten="448,331,65,156" oya="3" hai0="131,85,122,107,25,34,99,64,114,113,135,33,51" hai1="20,75,84,123,37,67,46,128,74,87,108,43,41" hai2="78,106,101,12,94,63,71,42,81,127,7,112,5" hai3="40,59,35,100,121,57,110,45,77,30,65,117,27"/><W88/><G117/><T129/><D122/><U0/><E108/><V50/><F112/><N who="0" m="43114" /><D64/><U116/><E123/><V80/><F127/><W26/><G88/><T53/><D135/><U61/><E0/><V48/><F106/><W93/><G27/><T1/><D1/><U102/><E128/><N who="0" m="49225" /><D85/><U14/><E116/><V10/><F5/><W49/><G49/><T44/><D25/><U83/><E102/><AGARI ba="0,0" hai="33,34,44,51,53,99,102,107" m="49225,43114" machi="102" ten="30,3900,0" yaku="15,1,11,1,19,1" doraHai="16" who="0" fromWho="1" sc="448,39,331,-39,65,0,156,0" owari="487,58.0,292,9.0,65,-43.0,156,-24.0" /></mjloggm>