<mjloggm ver="2.3"><GO type="41"/><UN n0="%4C%61%73%6B%26%59%75" n1="%E6%AF%92%E9%A4%85" n2="%E9%97%98%E5%A3%AB%E2%98%86%E6%B8%8B%E5%B7%9D%E8%80%81" n3="%E3%82%A6%E3%83%AB%E3%83%88%E3%83%A9%E7%AB%8B%E7%9B%B4" dan="15,13,18,15" rate="1994,1895,2203,1977" sx="M,F,M,M"/><TAIKYOKU oya="0"/><INIT seed="0,0,0,5,2,48" ten="250,250,250,250" oya="0" hai0="34,49,94,88,106,7,54,64,50,29,35,18,77" hai1="70,10,9,76,40,110,135,28,97,82,51,119,8" hai2="74,107,101,24,85,30,25,16,62,127,26,0,17" hai3="80,13,73,117,69,92,86,4,91,53,45,133,44"/><T99/><D7/><U47/><E119/><V111/><F74/><W37/><G69/><T19/><D106/><U58/><E70/><V116/><F0/><W75/><G117/><T120/><D64/><U12/><E135/><V78/><F116/><W84/><G133/><T129/><D50/><U42/><E110/><V27/><F127/><W118/><G118/><T52/><D129/><U89/><E28/><V100/><F111/><W63/><G75/><T2/><D2/><U31/><E31/><V71/><F85/><W102/><G73/><T113/><D77/><U93/><E76/><V122/><F122/><W124/><G124/><T96/><D49/><U23/><E82/><V33/><F101/><W32/><G32/><T81/><D81/><U5/><E40/><V14/><F14/><W104/><G104/><T11/><D99/><U108/><E108/><V68/><F78/><W95/><G95/><T59/><D59/><U87/><E58/><V132/><F132/><W98/><G84/><T39/><D39/><U20/><E97/><N who="2" m="61839" /><F68/><W46/><G37/><T128/><D128/><U109/><E109/><V3/><F3/><W36/><G36/><T43/><D43/><U121/><E121/><V21/><F21/><AGARI ba="0,0" hai="5,8,9,10,12,20,21,23,42,47,51,87,89,93" machi="21" ten="40,1300,0" yaku="8,1" doraHai="48" who="1" fromWho="2" sc="250,0,250,13,250,-13,250,0" /><INIT seed="1,0,0,3,5,31" ten="250,263,237,250" oya="1" hai0="69,9,11,97,111,40,55,81,134,1,30,21,19" hai1="0,65,66,77,76,129,80,92,46,109,122,7,131" hai2="75,115,39,53,49,114,42,73,135,106,118,128,107" hai3="28,110,74,33,127,91,37,20,14,38,86,34,63"/><U84/><E122/><V62/><F118/><W108/><G74/><N who="2" m="28169" /><F62/><W45/><G63/><T54/><D30/><U64/><E109/><N who="3" m="42090" /><G127/><T112/><D40/><U52/><E0/><V8/><F135/><W83/><G45/><T96/><D81/><U87/><E7/><V61/><F61/><W17/><G28/><T23/><D19/><U71/><E71/><V29/><F29/><W12/><G12/><T133/><D112/><N who="2" m="43050" /><F128/><N who="1" m="49225" /><E76/><V103/><F103/><W10/><G10/><T16/><D1/><U105/><E105/><V89/><F89/><W95/><G83/><T24/><D69/><U113/><E113/><V27/><F27/><W26/><G26/><T102/><D111/><U59/><E46/><N who="2" m="23903" /><F8/><N who="0" m="3146" /><D23/><U104/><E104/><V51/><F51/><W60/><G60/><T58/><D58/><AGARI ba="0,0" hai="49,53,58,106,107" m="23903,43050,28169" machi="58" ten="30,1000,0" yaku="11,1" doraHai="31" who="2" fromWho="0" sc="250,-10,263,0,237,10,250,0" /><INIT seed="2,0,0,3,3,70" ten="240,263,247,250" oya="2" hai0="75,38,25,53,41,122,62,126,93,95,65,92,106" hai1="14,88,87,27,104,80,57,49,48,56,79,63,90" hai2="6,50,40,30,17,52,15,98,119,43,33,82,76" hai3="54,45,121,133,66,64,61,135,12,131,114,109,96"/><V21/><F119/><W34/><G34/><T8/><D106/><U3/><E3/><V103/><F6/><W105/><G105/><T91/><D75/><U94/><E104/><V113/><F113/><W44/><G96/><T134/><D134/><N who="3" m="51209" /><G12/><T72/><D72/><U11/><E27/><V74/><F30/><W89/><G89/><N who="1" m="34410" /><E94/><V129/><F129/><W60/><G121/><T0/><D91/><U4/><E56/><V46/><REACH who="2" step="1"/><F33/><REACH who="2" ten="240,263,237,250" step="2"/><W68/><G131/><T20/><D122/><U71/><E71/><V5/><F5/><W110/><G114/><T24/><D126/><U35/><E35/><V108/><F108/><N who="3" m="41579" /><G54/><AGARI ba="0,1" hai="4,11,14,48,49,54,57,63,79,80,87" m="34410" machi="54" ten="30,2000,0" yaku="8,1,54,1" doraHai="70" who="1" fromWho="3" sc="240,0,263,30,237,0,250,-20" /><INIT seed="3,0,0,4,5,74" ten="240,293,237,230" oya="3" hai0="83,0,31,53,133,62,75,8,6,106,72,109,9" hai1="52,37,121,41,105,42,104,78,20,85,58,2,131" hai2="45,34,38,61,70,49,112,90,16,116,102,103,44" hai3="19,39,26,60,71,46,1,36,48,107,27,29,63"/><W118/><G1/><T127/><D109/><U55/><E121/><V79/><F34/><W88/><G118/><T69/><D106/><U125/><E2/><V98/><F112/><W132/><G107/><T122/><D133/><U47/><E42/><V28/><F28/><W14/><G132/><T15/><D31/><U76/><E125/><V23/><F116/><W24/><G29/><T43/><D43/><U12/><E131/><V67/><F79/><W108/><G39/><T96/><D96/><U17/><E105/><V73/><F73/><W4/><G36/><T99/><D99/><U7/><E104/><V124/><F124/><W119/><G4/><T92/><D92/><U117/><E117/><V13/><F38/><W35/><G35/><T66/><D122/><U10/><E85/><V32/><F32/><W30/><G30/><T129/><D129/><U115/><E115/><V126/><F126/><W3/><G3/><T100/><D100/><U77/><E58/><V135/><F45/><W134/><G71/><T81/><D53/><U11/><REACH who="1" step="1"/><E7/><REACH who="1" ten="240,283,237,230" step="2"/><V110/><F135/><W56/><G134/><T64/><D75/><U94/><E94/><V57/><F57/><W95/><G119/><T123/><D72/><U22/><E22/><V80/><F23/><N who="3" m="11767" /><G56/><N who="0" m="36935" /><D123/><U82/><E82/><V91/><F80/><W111/><G111/><T59/><D59/><U33/><E33/><V68/><F110/><W54/><G108/><T84/><D127/><U86/><E86/><AGARI ba="0,1" hai="24,26,27,46,48,54,60,63,86,88,95" m="11767" machi="86" ten="30,2900,0" yaku="8,1,54,1" doraHai="74" who="3" fromWho="1" sc="240,0,283,-29,237,0,230,39" /><INIT seed="3,1,0,2,4,133" ten="240,254,237,269" oya="3" hai0="60,51,130,14,37,126,45,56,55,93,125,24,96" hai1="17,66,65,53,107,98,57,80,115,18,46,124,101" hai2="74,129,85,100,32,28,52,68,36,77,111,4,30" hai3="99,119,13,16,123,92,3,120,73,70,12,21,44"/><W50/><G3/><T29/><D37/><U113/><E124/><N who="0" m="47721" /><D130/><U90/><E46/><V26/><F74/><W83/><G119/><T2/><D2/><U19/><E115/><V58/><F68/><W121/><G70/><T84/><D14/><U112/><E112/><V27/><F4/><W62/><G12/><T34/><D84/><U54/><E113/><V23/><F111/><W22/><G73/><T114/><D114/><U110/><E110/><V87/><F36/><W94/><G120/><T35/><D93/><U47/><E47/><V49/><F129/><W0/><G0/><T104/><D96/><U103/><E103/><V118/><F100/><W11/><G121/><T91/><D91/><U88/><E53/><V59/><F85/><W75/><G123/><T39/><D39/><U64/><REACH who="1" step="1"/><E80/><REACH who="1" ten="240,244,237,269" step="2"/><V15/><F52/><N who="3" m="29767" /><G83/><T97/><D45/><U76/><E76/><V122/><F77/><W81/><G81/><T86/><D55/><U117/><E117/><V89/><F118/><W128/><G128/><T33/><D33/><U1/><E1/><V108/><F122/><W5/><G94/><T6/><D35/><U127/><E127/><V20/><F108/><W63/><G92/><T9/><D34/><U38/><E38/><V7/><F32/><W41/><G41/><T25/><D104/><U131/><E131/><V95/><F49/><AGARI ba="1,1" hai="17,18,19,49,54,57,64,65,66,88,90,98,101,107" machi="49" ten="40,2600,0" yaku="1,1,54,1,53,0" doraHai="133" doraHaiUra="69" who="1" fromWho="2" sc="240,0,244,39,237,-29,269,0" /><INIT seed="4,0,0,1,4,17" ten="240,283,208,269" oya="0" hai0="34,29,44,114,69,52,9,65,57,5,62,98,129" hai1="24,101,107,89,80,90,39,41,53,135,120,103,8" hai2="66,19,74,123,78,64,96,73,113,38,36,112,127" hai3="134,122,131,23,20,83,118,95,94,87,2,115,16"/><T45/><D114/><N who="2" m="44138" /><F96/><W10/><G115/><T125/><D129/><U60/><E120/><V130/><F78/><W109/><G109/><T42/><D125/><U18/><E107/><V82/><F82/><W128/><G118/><T71/><D98/><U40/><E135/><V67/><F19/><W6/><G134/><T108/><D108/><U11/><E39/><N who="2" m="14891" /><F123/><W119/><G119/><T68/><D42/><N who="1" m="16491" /><E24/><V46/><F46/><W132/><G132/><T110/><D110/><U117/><E117/><V111/><F111/><W13/><G122/><T126/><D126/><U97/><E97/><V116/><F116/><W124/><G124/><T25/><REACH who="0" step="1"/><D65/><REACH who="0" ten="230,283,208,269" step="2"/><U105/><E105/><V54/><F127/><W77/><G131/><T37/><D37/><U84/><E90/><V81/><F130/><W1/><G128/><T7/><D7/><U93/><E89/><V63/><F67/><W27/><G2/><AGARI ba="0,1" hai="2,5,9,25,29,34,44,45,52,57,62,68,69,71" machi="2" ten="40,7700,0" yaku="1,1,54,1,53,1" doraHai="17" doraHaiUra="56" who="0" fromWho="3" sc="230,87,283,0,208,0,269,-77" /><INIT seed="4,1,0,3,3,44" ten="317,283,208,192" oya="0" hai0="80,2,76,90,129,82,85,55,121,126,47,26,35" hai1="131,128,37,102,20,57,41,39,122,68,19,133,117" hai2="105,75,132,71,31,111,99,63,4,124,134,95,83" hai3="33,23,15,107,88,13,3,135,34,116,92,0,115"/><T69/><D2/><N who="3" m="553" /><G88/><T1/><D69/><U74/><E74/><V36/><F36/><W119/><G92/><T11/><D126/><U61/><E122/><V16/><F124/><W101/><G101/><T27/><D129/><N who="1" m="49739" /><E133/><V22/><F105/><W70/><G70/><T94/><D47/><U42/><E117/><V86/><F75/><W104/><G23/><T49/><D35/><N who="3" m="13321" /><G135/><T77/><D121/><U45/><E68/><V97/><F71/><W59/><G59/><T6/><D77/><U87/><E102/><V7/><F97/><W73/><G73/><T84/><REACH who="0" step="1"/><D94/><REACH who="0" ten="307,283,208,192" step="2"/><U60/><E45/><V118/><F95/><W67/><G107/><T120/><D120/><U30/><E39/><V110/><F134/><W58/><G104/><T66/><D66/><U114/><E37/><V48/><F132/><W103/><G67/><T14/><D14/><N who="3" m="5129" /><G58/><T113/><D113/><U56/><E57/><V46/><F46/><W98/><G115/><T53/><D53/><U72/><E56/><V100/><F63/><W29/><G116/><T96/><D96/><U25/><E61/><V123/><F99/><W93/><G119/><T130/><D130/><U91/><E60/><V28/><F118/><W89/><G89/><T106/><D106/><U64/><E64/><V50/><F123/><W12/><N who="3" m="5137" /><W108/><DORA hai="24" /><G108/><T32/><D32/><N who="1" m="20559" /><E72/><V9/><F110/><W40/><G40/><T43/><D43/><U62/><E114/><V10/><F111/><W5/><G5/><T78/><D78/><U65/><E62/><V38/><F4/><W21/><G21/><RYUUKYOKU ba="1,1" sc="307,15,283,-15,208,-15,192,15" hai0="1,6,11,26,27,49,55,76,80,82,84,85,90" hai3="29,93,98,103" /><INIT seed="4,2,1,5,0,66" ten="322,268,193,207" oya="0" hai0="47,78,1,74,95,51,64,117,104,9,50,98,48" hai1="124,35,101,0,93,46,60,38,70,6,120,126,116" hai2="90,10,43,108,121,59,34,11,122,27,20,73,82" hai3="17,26,41,76,114,109,94,33,13,55,69,115,130"/><T62/><D104/><U15/><E120/><V30/><F108/><W42/><G76/><T135/><D135/><U131/><E116/><V105/><F105/><W67/><G94/><T29/><D29/><U65/><E35/><V134/><F134/><W37/><G55/><T24/><D24/><U23/><E131/><V61/><F43/><W54/><G54/><T7/><D78/><U110/><E110/><V100/><F100/><W80/><G80/><T89/><D74/><U3/><E38/><V72/><F34/><W112/><G109/><T119/><REACH who="0" step="1"/><D47/><REACH who="0" ten="312,268,193,207" step="2"/><U99/><E46/><V111/><F72/><W32/><G130/><T79/><D79/><U118/><E118/><V85/><F73/><W58/><G26/><T44/><D44/><U132/><E132/><V102/><F111/><W45/><G41/><T28/><D28/><U36/><E36/><V92/><F122/><W113/><G58/><AGARI ba="2,2" hai="1,7,9,48,50,51,58,62,64,89,95,98,117,119" machi="58" ten="40,3900,0" yaku="1,1,53,1" doraHai="66" doraHaiUra="56" who="0" fromWho="3" sc="312,65,268,0,193,0,207,-45" /><INIT seed="4,3,0,4,0,135" ten="377,268,193,162" oya="0" hai0="31,44,21,54,36,95,106,49,23,56,80,12,109" hai1="126,62,14,7,114,108,86,34,38,27,60,51,72" hai2="70,55,20,6,66,15,35,134,96,100,93,125,43" hai3="112,18,97,81,91,45,124,39,99,53,48,73,128"/><T76/><D106/><U131/><E108/><V29/><F43/><W24/><G39/><T132/><D132/><U13/><E38/><V9/><F134/><W61/><G112/><T32/><D32/><U19/><E72/><V50/><F35/><W8/><G128/><T40/><D31/><U2/><E131/><V57/><F70/><W69/><G73/><T129/><D129/><U115/><E126/><V58/><F125/><W22/><G124/><T4/><D95/><U71/><E2/><V94/><F94/><W133/><G133/><T41/><D41/><U74/><E74/><V107/><F107/><W98/><G61/><T0/><D109/><U68/><E7/><V65/><REACH who="2" step="1"/><F58/><REACH who="2" ten="377,268,183,162" step="2"/><W26/><G69/><T79/><D40/><U84/><E71/><V33/><F33/><W89/><G81/><T88/><D80/><U121/><E68/><V120/><F120/><W1/><G1/><T122/><D56/><U52/><E34/><V113/><F113/><W101/><G101/><T30/><D0/><U63/><E121/><V119/><F119/><W10/><G26/><AGARI ba="3,1" hai="6,9,15,20,26,29,50,55,57,65,66,93,96,100" machi="26" ten="40,2600,0" yaku="1,1,8,1,53,0" doraHai="135" doraHaiUra="116" who="2" fromWho="3" sc="377,0,268,0,183,45,162,-35" /><INIT seed="5,0,0,5,2,78" ten="377,268,228,127" oya="1" hai0="23,35,96,129,109,18,79,70,115,11,55,60,40" hai1="127,37,106,9,117,62,124,6,32,22,102,72,130" hai2="131,64,20,42,44,80,113,81,68,59,135,66,49" hai3="114,30,122,3,2,75,74,93,21,57,91,4,63"/><U97/><E72/><V95/><F68/><W31/><G122/><T52/><D96/><U41/><E32/><V85/><F135/><W0/><G114/><T28/><D40/><U29/><E117/><V50/><F131/><W86/><G4/><T90/><D90/><U100/><E130/><V43/><F113/><W120/><G120/><T118/><D11/><U26/><E102/><V121/><F121/><W27/><REACH who="3" step="1"/><G31/><REACH who="3" ten="377,268,228,117" step="2"/><T128/><D28/><U67/><E127/><V83/><F20/><W126/><G126/><T10/><D23/><U48/><E124/><V134/><F134/><W71/><G71/><T15/><D70/><U16/><E6/><V119/><F119/><W1/><N who="3" m="512" /><DORA hai="104" /><W123/><G123/><T105/><D115/><U112/><E112/><V7/><F7/><W17/><G17/><T47/><D18/><U34/><E16/><V99/><F85/><W82/><G82/><T89/><D118/><U13/><E29/><V103/><F42/><W45/><G45/><T61/><D47/><U5/><E22/><V87/><F87/><W53/><AGARI ba="0,1" hai="21,27,30,53,57,63,74,75,86,91,93" m="512" machi="53" ten="60,8000,1" yaku="1,1,0,1,52,2,53,1" doraHai="78,104" doraHaiUra="110,84" who="3" fromWho="3" sc="377,-20,268,-40,228,-20,117,90" /><INIT seed="6,0,0,4,3,2" ten="357,228,208,207" oya="2" hai0="21,60,120,37,64,13,25,42,94,67,8,11,118" hai1="79,95,48,14,124,0,33,3,128,131,45,91,97" hai2="10,56,87,117,51,39,71,86,133,38,43,108,112" hai3="34,4,104,129,123,88,68,135,50,98,84,76,75"/><V62/><F117/><W5/><G34/><T29/><D120/><U44/><E33/><V63/><F112/><W52/><G68/><T78/><D78/><U47/><E79/><V30/><F30/><W105/><G123/><T54/><D54/><U102/><E124/><V55/><F133/><W65/><G65/><T53/><D53/><U31/><E31/><V12/><F108/><W115/><G135/><T106/><D106/><U23/><E48/><V134/><F134/><W15/><G105/><T90/><D37/><U126/><E126/><V83/><F38/><W116/><G116/><T36/><D42/><U18/><REACH who="1" step="1"/><E102/><REACH who="1" ten="357,218,208,207" step="2"/><V111/><F39/><W72/><G72/><T24/><D36/><U82/><E82/><V73/><F83/><N who="3" m="45471" /><G115/><T28/><D28/><U114/><E114/><V109/><F73/><W99/><G99/><T132/><D29/><U16/><E16/><V119/><F119/><W89/><G89/><T26/><D90/><U113/><E113/><V49/><F109/><W1/><G129/><AGARI ba="0,1" hai="0,3,14,18,23,44,45,47,91,95,97,128,129,131" machi="129" ten="40,2600,0" yaku="1,1,19,1,53,0" doraHai="2" doraHaiUra="110" who="1" fromWho="3" sc="357,0,218,36,208,0,207,-26" /><INIT seed="7,0,0,5,3,50" ten="357,254,208,181" oya="3" hai0="109,128,66,56,131,119,26,85,134,68,67,30,35" hai1="79,104,19,129,99,81,92,47,87,115,21,7,61" hai2="12,18,20,13,59,33,125,5,58,43,34,88,11" hai3="101,97,86,25,118,108,36,111,2,74,123,105,65"/><W77/><G36/><T71/><D119/><U126/><E115/><V49/><F125/><W60/><G2/><T82/><D109/><N who="3" m="42057" /><G25/><T93/><D93/><U106/><E126/><V28/><F28/><W22/><G22/><T63/><D134/><U116/><E129/><N who="0" m="49737" /><D67/><U37/><E116/><V96/><F34/><W98/><G118/><T38/><D38/><U124/><E7/><V112/><F112/><W24/><G123/><T10/><D10/><U114/><E124/><V76/><F33/><W48/><G97/><T57/><D57/><U3/><E114/><V110/><F110/><W14/><G24/><T69/><D69/><U31/><E31/><V83/><F96/><W90/><G48/><T4/><D4/><U72/><E3/><V40/><F49/><W122/><G122/><T94/><D94/><U84/><E37/><V78/><F59/><N who="3" m="37023" /><G74/><T8/><D8/><U107/><E61/><V70/><F70/><W54/><G77/><AGARI ba="0,0" hai="26,30,35,56,63,66,68,71,77,82,85" m="49737" machi="77" ten="30,1000,0" yaku="19,1" doraHai="50" who="0" fromWho="3" sc="357,10,254,0,208,0,181,-10" owari="367,47.0,254,5.0,208,-19.0,171,-33.0" /></mjloggm>