<mjloggm ver="2.3"><GO type="41"/><UN n0="%33%32%74%61%72%6F%69" n1="%EF%BC%88%E2%89%A7%E2%96%BD%E2%89%A6%EF%BC%89" n2="%E3%82%A2%E3%82%B6%E3%83%9F%E3%82%A6%E3%83%9E" n3="%E3%82%AD%E3%83%A3%E3%82%B9%E3%83%91%E3%83%BC" dan="13,15,13,15" rate="1834,2070,1881,2034" sx="M,M,M,F"/><TAIKYOKU oya="0"/><INIT seed="0,0,0,0,1,18" ten="250,250,250,250" oya="0" hai0="81,72,55,44,100,2,73,90,82,14,0,87,83" hai1="115,59,41,70,26,8,29,37,110,54,80,24,88" hai2="119,23,93,127,121,76,132,11,111,20,104,68,75" hai3="65,78,130,131,49,15,40,135,128,118,103,112,5"/><T134/><D134/><U122/><E122/><V74/><F68/><W57/><G135/><T123/><D100/><U63/><E115/><V86/><F132/><W61/><G112/><T42/><D123/><U64/><E110/><V129/><F121/><W89/><G103/><T91/><D55/><U3/><E3/><V69/><F104/><W52/><G40/><T85/><D81/><U10/><E26/><V58/><F69/><W71/><G78/><T6/><D14/><U22/><E41/><V48/><F111/><W120/><G89/><T56/><D56/><U66/><E37/><V51/><F129/><W114/><G114/><T99/><D99/><U53/><E53/><V34/><F34/><W124/><G120/><T47/><REACH who="0" step="1"/><D42/><REACH who="0" step="2"/><U102/><E102/><V35/><F58/><W16/><G15/><T108/><D108/><U50/><REACH who="1" step="1"/><E66/><REACH who="1" step="2"/><V105/><F105/><W43/><G43/><T19/><D19/><U98/><E98/><V77/><F77/><W21/><G128/><T84/><D84/><AGARI ba="0,2" hai="8,10,22,24,29,50,54,59,63,64,70,80,84,88" machi="84" ten="40,8000,1" yaku="1,1,52,1,54,1,53,1" doraHai="18" doraHaiUra="25" who="1" fromWho="0" sc="240,-80,240,100,250,0,250,0" /><INIT seed="1,0,0,4,0,107" ten="160,340,250,250" oya="1" hai0="133,29,108,85,59,122,120,119,62,25,16,127,47" hai1="118,4,57,1,5,124,46,100,17,93,7,135,61" hai2="125,45,9,8,12,117,131,79,43,83,15,98,30" hai3="103,115,2,81,71,110,90,88,21,91,84,99,65"/><U114/><E118/><V123/><F117/><W6/><G115/><T18/><D119/><U22/><E114/><V68/><F68/><W11/><G110/><T38/><D108/><U35/><E35/><V97/><F123/><N who="0" m="47146" /><D127/><U0/><E124/><V74/><F125/><W37/><G37/><T70/><D70/><U63/><E135/><V106/><F30/><W116/><G116/><T26/><D133/><U53/><E46/><V86/><F131/><W75/><G71/><T51/><D38/><U60/><E0/><V113/><F113/><W101/><G65/><N who="0" m="39135" /><D85/><U23/><E1/><V104/><F86/><W54/><G21/><N who="0" m="15535" /><D26/><N who="1" m="14671" /><E23/><V121/><F121/><W49/><G103/><T73/><D73/><U52/><E57/><V80/><F45/><W129/><G75/><T31/><D31/><U20/><E20/><V67/><F67/><W77/><G129/><T3/><D3/><U44/><E44/><V69/><F69/><W13/><G2/><T14/><D14/><U94/><E100/><V126/><F126/><W76/><G77/><T55/><AGARI ba="0,0" hai="16,18,47,51,55" m="15535,39135,47146" machi="55" ten="30,2000,0" yaku="13,1,54,1" doraHai="107" who="0" fromWho="0" sc="160,20,340,-10,250,-5,250,-5" /><INIT seed="2,0,0,4,1,17" ten="180,330,245,245" oya="2" hai0="43,133,97,25,16,2,62,11,108,0,81,27,130" hai1="56,88,8,123,58,60,67,35,57,14,102,4,77" hai2="132,22,112,52,87,65,46,73,99,120,28,12,83" hai3="53,38,124,86,61,18,94,15,13,125,32,48,29"/><V24/><F120/><W122/><G38/><T70/><D43/><U45/><E123/><V90/><F112/><W20/><G122/><T23/><D81/><U78/><E35/><V69/><F132/><W3/><G3/><T63/><D70/><U64/><E102/><V113/><F113/><W107/><G107/><T131/><D97/><U5/><E5/><V110/><F73/><W126/><G61/><T115/><D115/><U54/><E45/><V95/><F69/><W9/><G29/><T91/><D91/><U40/><E40/><V128/><F128/><N who="0" m="49194" /><D63/><N who="1" m="38007" /><E88/><N who="2" m="51327" /><F110/><W47/><G32/><T109/><D62/><AGARI ba="0,0" hai="4,8,14,54,56,57,60,62,67,77,78" m="38007" machi="62" ten="30,1000,0" yaku="8,1" doraHai="17" who="1" fromWho="0" sc="180,-10,330,10,245,0,245,0" /><INIT seed="3,0,0,0,0,78" ten="170,340,245,245" oya="3" hai0="61,39,5,23,54,123,80,55,116,82,101,15,118" hai1="7,83,40,66,120,56,68,69,29,85,86,131,3" hai2="108,71,28,51,60,30,111,128,4,47,88,104,113" hai3="2,90,46,17,13,126,77,129,74,70,64,102,12"/><W35/><G35/><T114/><D39/><U109/><E120/><V93/><F104/><W25/><G2/><T14/><D123/><U48/><E29/><V95/><F93/><W115/><G115/><T24/><D114/><U112/><E112/><V8/><F113/><W127/><G129/><T91/><D101/><U50/><E131/><V42/><F128/><W110/><G90/><T73/><D73/><U133/><E133/><V75/><F75/><W16/><G102/><T135/><D135/><U44/><E109/><N who="2" m="42059" /><F60/><N who="3" m="40199" /><G25/><T57/><D116/><U100/><E100/><V122/><F71/><W0/><G110/><T1/><D1/><U119/><E86/><N who="2" m="52631" /><F122/><W62/><G0/><AGARI ba="0,0" hai="0,4,8,28,30,42,47,51" m="52631,42059" machi="0" ten="30,2000,0" yaku="14,1,54,1" doraHai="78" who="2" fromWho="3" sc="170,0,340,0,245,20,245,-20" /><INIT seed="4,0,0,4,3,30" ten="170,340,265,225" oya="0" hai0="56,59,101,4,114,32,6,94,54,116,27,39,5" hai1="128,38,41,131,57,69,63,98,21,113,130,46,135" hai2="75,60,127,13,107,34,76,122,97,66,7,120,91" hai3="104,100,29,3,117,99,0,9,118,47,112,106,26"/><T62/><D39/><U84/><E135/><V44/><F127/><W87/><G106/><T89/><D116/><U125/><E125/><V33/><F91/><W70/><G112/><T15/><D114/><U105/><E113/><V43/><F13/><W36/><G70/><T19/><D101/><N who="1" m="62647" /><E84/><V28/><F7/><N who="3" m="1255" /><G87/><N who="0" m="52543" /><D32/><N who="2" m="12394" /><F28/><W71/><G71/><T119/><D119/><U10/><E10/><V93/><F93/><W80/><G80/><T17/><D27/><U22/><E69/><N who="2" m="42183" /><F44/><W83/><G3/><T25/><D25/><U72/><E72/><V109/><F43/><N who="3" m="23015" /><G83/><T49/><D15/><U126/><E126/><V82/><F109/><W129/><G129/><T90/><D90/><U110/><E110/><V85/><F85/><W74/><G74/><T51/><D51/><U64/><AGARI ba="0,0" hai="21,22,38,41,46,57,63,64,128,130,131" m="62647" machi="64" ten="30,1100,0" yaku="19,1" doraHai="30" who="1" fromWho="1" sc="170,-5,340,11,265,-3,225,-3" /><INIT seed="5,0,0,0,4,54" ten="165,351,262,222" oya="1" hai0="13,109,63,89,106,18,11,104,17,58,76,62,7" hai1="74,21,98,52,114,2,51,121,40,112,128,94,33" hai2="82,70,9,19,8,79,66,55,105,103,6,132,119" hai3="27,65,28,96,92,16,100,0,30,20,120,134,43"/><U97/><E121/><V72/><F119/><W45/><G134/><T47/><D109/><U1/><E33/><V127/><F132/><W35/><G120/><T99/><D76/><U38/><E74/><V67/><F127/><W50/><G0/><T101/><D63/><U37/><E21/><V110/><F110/><W15/><G30/><T25/><D106/><U57/><E128/><V133/><F133/><W61/><G35/><T59/><D89/><N who="1" m="55503" /><E98/><V126/><F126/><W91/><G28/><T116/><D116/><U108/><E108/><V56/><F105/><W29/><G29/><T87/><D87/><U78/><E78/><V24/><F103/><W118/><G118/><T88/><D88/><U135/><E135/><V32/><F70/><W130/><G130/><T95/><D104/><U34/><E34/><V48/><F32/><W129/><G129/><T77/><D77/><U46/><E37/><V41/><F41/><W44/><G44/><T115/><D115/><AGARI ba="0,0" hai="1,2,38,40,46,51,52,57,112,114,115" m="55503" machi="115" ten="30,5800,0" yaku="15,1,52,1,54,1" doraHai="54" who="1" fromWho="0" sc="165,-58,351,58,262,0,222,0" /><INIT seed="5,1,0,2,0,21" ten="107,409,262,222" oya="1" hai0="77,45,97,129,7,2,16,114,95,17,29,96,12" hai1="59,32,113,76,62,92,43,130,1,40,30,67,3" hai2="85,134,64,10,132,90,80,98,49,91,127,117,14" hai3="58,105,47,13,133,121,6,104,123,75,100,112,9"/><U79/><E130/><V15/><F117/><W73/><G112/><T28/><D129/><U108/><E108/><V87/><F127/><W122/><G133/><T107/><D77/><U23/><E32/><V70/><F70/><W25/><G58/><T74/><D74/><U125/><E125/><V61/><F98/><W42/><G100/><T4/><D95/><U38/><E113/><V118/><F118/><W55/><G55/><T102/><D45/><U56/><E38/><V35/><F35/><W83/><G75/><T126/><D126/><U89/><E1/><V22/><F49/><W81/><G73/><T109/><D109/><U44/><E56/><V39/><F39/><W99/><G99/><T124/><D107/><U18/><E3/><V51/><F51/><W57/><G57/><T68/><D124/><U0/><E30/><V93/><F22/><W5/><G6/><T33/><D102/><U119/><E0/><V63/><F64/><W41/><G42/><T135/><D2/><U19/><E119/><V52/><F63/><W101/><G101/><T26/><D68/><U84/><E18/><V131/><F131/><W11/><G11/><T36/><D36/><U20/><E43/><V48/><F10/><W65/><G65/><T27/><D114/><U53/><E40/><V110/><F61/><W24/><G105/><T34/><REACH who="0" step="1"/><D12/><REACH who="0" step="2"/><N who="1" m="9319" /><E44/><N who="2" m="27655" /><F110/><W86/><G104/><T46/><D46/><U103/><E103/><V50/><F50/><N who="3" m="26991" /><G81/><T120/><D120/><U82/><E82/><V94/><F80/><W69/><G69/><T88/><D88/><U72/><E89/><RYUUKYOKU ba="1,1" sc="97,10,409,-30,262,10,222,10" hai0="4,7,16,17,26,27,28,29,33,34,96,97,135" hai2="14,15,85,87,90,91,93,94,132,134" hai3="5,9,13,24,25,83,86,121,122,123" /><INIT seed="6,2,1,3,3,37" ten="107,379,272,232" oya="2" hai0="81,115,38,16,61,77,78,126,71,10,9,32,94" hai1="33,112,28,87,72,62,105,56,118,74,95,125,91" hai2="30,73,47,60,85,76,96,31,18,13,75,51,59" hai3="4,121,120,41,0,98,49,130,133,116,11,39,123"/><V35/><F35/><W14/><G116/><T132/><D32/><U27/><E118/><V22/><F96/><W55/><G39/><T1/><D38/><U68/><E125/><V109/><F109/><W106/><G133/><T113/><D94/><U20/><E112/><N who="0" m="43081" /><D126/><U42/><E105/><V63/><F75/><W114/><G114/><T82/><D132/><U108/><E108/><V129/><F73/><W5/><G130/><T36/><D36/><U90/><E68/><V86/><F129/><W124/><G124/><T57/><D71/><U58/><E33/><V135/><F135/><W25/><G0/><T3/><D16/><U15/><E15/><V117/><F117/><W104/><G4/><T67/><D57/><U79/><E58/><V6/><F6/><W100/><G106/><T64/><D61/><U44/><E79/><N who="0" m="30217" /><D3/><U26/><E26/><V19/><F19/><W80/><G80/><N who="0" m="30827" /><D1/><U48/><E91/><V7/><F7/><W52/><REACH who="3" step="1"/><G25/><REACH who="3" step="2"/><T43/><D43/><U8/><E42/><N who="2" m="25079" /><F76/><W69/><G69/><T40/><D40/><U110/><E27/><V70/><F70/><W54/><G54/><T107/><D107/><U101/><E110/><V29/><F63/><W103/><G103/><T119/><D119/><U128/><E101/><V97/><F97/><W122/><N who="3" m="31232" /><DORA hai="53" /><W66/><G66/><AGARI ba="2,2" hai="9,10,64,66,67" m="30827,30217,43081" machi="66" ten="30,3900,0" yaku="28,2,15,1" doraHai="37,53" who="0" fromWho="3" sc="107,65,379,0,272,0,222,-45" /><AGARI ba="2,0" hai="13,18,22,29,30,31,59,60,66,85,86" m="25079" machi="66" ten="30,5800,0" yaku="8,1,52,2" doraHai="37,53" who="2" fromWho="3" sc="172,0,379,0,272,58,177,-58" /><INIT seed="6,3,0,2,5,71" ten="172,379,330,119" oya="2" hai0="132,6,68,15,12,45,135,32,44,51,47,99,74" hai1="61,86,93,3,78,73,10,27,121,20,59,88,111" hai2="104,90,17,52,8,94,40,107,38,30,130,133,92" hai3="64,25,106,98,69,134,62,126,42,5,11,109,57"/><V80/><F30/><W87/><G134/><T97/><D74/><U60/><E111/><V33/><F33/><W102/><G109/><T28/><D68/><U43/><E121/><V21/><F133/><N who="0" m="51274" /><D51/><U100/><E3/><V13/><F130/><W70/><G126/><T95/><D6/><U49/><E10/><V114/><F114/><W24/><G70/><T37/><D37/><U18/><E100/><V76/><F94/><W131/><G131/><T127/><D127/><U35/><E35/><V112/><F112/><W77/><G42/><T58/><D58/><U39/><E39/><V46/><F8/><W84/><G77/><T119/><D95/><U128/><E128/><V4/><F4/><W101/><G57/><T105/><D32/><U14/><E73/><V75/><REACH who="2" step="1"/><F52/><REACH who="2" step="2"/><W26/><REACH who="3" step="1"/><G102/><REACH who="3" step="2"/><T110/><D110/><U55/><E43/><V125/><F125/><W79/><G79/><T82/><D105/><U48/><E78/><V120/><F120/><W89/><G89/><T34/><D34/><U16/><E88/><V115/><F115/><W91/><G91/><T118/><D28/><U19/><E61/><V31/><F31/><W96/><G96/><AGARI ba="3,2" hai="13,17,21,38,40,46,75,76,80,90,92,96,104,107" machi="96" ten="30,5800,0" yaku="1,1,7,1,52,1,53,0" doraHai="71" doraHaiUra="63" who="2" fromWho="3" sc="172,0,379,0,320,87,109,-67" /><INIT seed="6,4,0,4,1,132" ten="172,379,407,42" oya="2" hai0="117,63,5,33,44,50,23,46,90,30,31,108,47" hai1="55,116,22,135,75,27,120,28,109,21,3,123,14" hai2="59,130,101,6,36,92,104,100,54,25,39,112,129" hai3="77,91,35,51,96,126,125,98,86,24,69,64,127"/><V12/><F104/><W7/><G77/><T19/><D33/><N who="1" m="20639" /><E75/><V128/><F25/><W56/><G69/><T89/><D117/><U13/><E55/><V113/><F6/><W41/><G7/><T16/><D5/><U84/><E84/><V9/><F9/><W65/><G35/><T94/><D108/><U15/><E116/><V17/><F17/><N who="0" m="6730" /><D63/><U88/><E109/><V60/><F12/><W133/><G24/><N who="0" m="16671" /><D31/><U62/><E62/><V102/><REACH who="2" step="1"/><F92/><REACH who="2" step="2"/><N who="3" m="54391" /><G133/><T1/><D1/><U95/><E135/><V45/><F45/><N who="0" m="17514" /><D94/><U114/><E95/><V80/><F80/><W49/><G41/><AGARI ba="4,1" hai="41,47,50,89,90" m="17514,16671,6730" machi="41" ten="30,2000,0" yaku="8,1,54,1" doraHai="132" who="0" fromWho="3" sc="172,42,379,0,397,0,42,-32" /><INIT seed="7,0,0,4,4,132" ten="214,379,397,10" oya="3" hai0="96,7,95,69,67,56,13,42,46,80,55,79,65" hai1="82,18,40,131,38,90,89,58,29,3,110,92,11" hai2="41,134,81,16,108,39,78,8,21,97,135,99,14" hai3="15,122,4,127,103,113,130,66,105,50,104,123,115"/><W111/><G103/><T70/><D70/><U62/><E110/><V129/><F108/><W83/><G66/><T64/><D69/><U24/><E131/><V86/><F129/><W49/><G83/><T77/><D77/><U20/><E38/><V43/><F39/><W51/><G130/><T45/><D7/><U63/><E40/><V26/><F43/><W106/><G4/><T75/><D13/><N who="1" m="7487" /><E3/><V31/><REACH who="2" step="1"/><F41/><REACH who="2" step="2"/><W19/><G15/><T34/><D42/><U25/><E25/><V101/><F101/><W74/><G19/><T36/><D36/><U32/><E32/><V128/><F128/><W23/><G74/><T102/><REACH who="0" step="1"/><D34/><REACH who="0" step="2"/><U118/><E118/><V94/><F94/><W72/><G72/><T9/><D9/><U57/><E92/><V124/><F124/><W121/><G23/><T126/><D126/><U71/><E71/><V76/><F76/><W54/><G127/><T88/><D88/><N who="1" m="33899" /><E82/><V1/><F1/><W28/><G111/><T2/><D2/><U6/><E6/><V84/><F84/><W0/><G0/><T87/><D87/><U116/><E116/><V35/><F35/><W47/><REACH who="3" step="1"/><G28/><REACH who="3" step="2"/><T119/><D119/><U60/><AGARI ba="0,3" hai="20,24,29,57,58,60,62,63" m="33899,7487" machi="60" ten="30,2000,0" yaku="8,1,54,1" doraHai="132" who="1" fromWho="1" sc="204,-5,379,50,387,-5,0,-10" owari="199,-20.0,429,53.0,382,18.0,-10,-51.0" /></mjloggm>